4060 6404
383 408 489 470 539

1688 407 2016 470 JOANNIS
2058 407 2383 468 ΖΟΝΑΕΕ

3555 407 3663 470 5ίο

383 533 571 596 perat,
603 524 698 596 qui
744 524 1064 580 inferiorem
1098 523 1288 579 urbem
1323 522 1618 588 tenebant,
1651 522 1838 578 audita
1871 523 1969 578 Ju-

2085 522 2195 593 ρίου
2261 521 2518 592 δρῶντες,
2571 518 2862 573 ώδυνῶντο
2921 517 3145 590 μάλλον,
3212 518 3306 574 καὶ
3360 518 3664 594 ἀνῴμωζον

383 618 627 672 datorum
676 616 888 686 privata
928 616 1180 686 pactione
1205 657 1220 682 ,
1247 615 1428 688 fugam
1475 625 1642 671 noctu
1673 631 1968 686 capessere

386 716 699 762 sta'uerunt
727 725 742 762 :
768 718 822 762 et
868 723 993 763 cum
1025 717 1213 777 portas
1243 707 1592 777 aperuissent
1619 747 1634 772 ,
1673 707 1742 760 ab
1785 707 1850 760 iis
1878 707 1972 775 qui

385 815 512 853 cum
550 799 716 853 Basso
747 801 1069 870 pepigerant
1097 840 1110 862 ,
1153 800 1357 869 proditi
1396 808 1561 862 sunt,
1595 815 1658 853 ac
1690 799 1975 852 fortissimi

387 891 593 960 quique
631 901 932 946 evaserunt
967 911 980 945 :
1033 892 1181 946 intus
1211 907 1342 945 vero
1369 891 1700 960 deprehensi
1729 891 1794 943 ad
1827 891 1975 942 mille

387 998 482 1036 occ
520 990 652 1036 sunt
681 983 886 1044 occisi,
921 983 1180 1037 mulieres
1219 991 1273 1036 et
1309 982 1462 1051 pueri
1513 981 1615 1035 sub
1657 997 1858 1035 corona
1892 998 2006 1052 ve-_

389 1074 639 1128 nierunt.
699 1075 976 1129 Dedititiis
1037 1092 1170 1128 vero
1229 1075 1427 1128 Bassus
1477 1074 1637 1127 tidem
1701 1074 1974 1137 servavit,

389 1167 523 1235 ipsis
555 1166 834 1231 dimissis,
876 1177 932 1222 et
965 1167 1224 1221 Eleazaro
1273 1167 1508 1220 reddito.
1549 1165 1644 1220 llis
1689 1166 1974 1230 confemis,

389 1256 459 1310 ad
514 1257 760 1312 Jardinm
831 1259 1073 1322 saltum,
1125 1260 1474 1328 properavit,
1537 1275 1647 1327 quo
1708 1258 1865 1311 multi
1911 1275 1978 1312 cx

390 1347 673 1416 prioribus
705 1348 1089 1404 obsidionibus
1121 1350 1291 1418 elapsi
1321 1365 1377 1404 se
1409 1350 1781 1404 contulerant.
1839 1349 1975 1402 Eum

390 1438 558 1508 igitur
604 1439 769 1510 310
813 1441 991 1495 locum
1019 1443 1301 1511 equitibus
1348 1442 1592 1510 undique
1625 1442 1973 1504 circumdat,

392 1531 604 1598 pedites
651 1533 886 1588 arborcs
930 1533 1217 1588 succidere
1263 1533 1440 1605 jubet.
1500 1534 1673 1589 Judaei
1708 1549 1836 1587 vero
1880 1535 1975 1603 qui

389 1625 484 1679 illo
510 1631 891 1697 contugerant,
927 1629 1157 1684 conferti
1191 1646 1316 1686 cum
1341 1633 1579 1686 clamore
1614 1631 1667 1685 in
1701 1633 1979 1687 Romanos

391 1716 681 1771 irruerunt
732 1737 746 1773 :
783 1735 811 1772 a
845 1721 1047 1788 quibus
1094 1737 1219 1777 cum
1266 1722 1482 1777 fortiter
1508 1723 1725 1792 excepti
1749 1733 1974 1790 essent,

388 1823 500 1862 non
551 1825 743 1878 parum
794 1813 1058 1881 temporis
1109 1813 1163 1867 in
1221 1830 1399 1883 pugna
1453 1824 1687 1870 tractum
1720 1825 1835 1881 est,
1876 1817 1974 1872 sed

390 1909 626 1956 eventus
651 1902 772 1971 ejus
796 1903 1044 1959 adversis
1071 1907 1318 1972 partibus
1344 1921 1450 1961 non
1483 1922 1551 1961 ex
1571 1922 1728 1976 aequo
1752 1923 1979 1978 respon-

390 1987 496 2044 dit.
529 1989 662 2044 Nam
696 2006 762 2046 ex
797 1993 1064 2048 Romanis
1099 1995 1392 2050 duodecim
1427 1996 1747 2050 ceciderunt
1776 2037 1790 2062 ,
1817 1997 1978 2068 pauci

389 2079 664 2135 vulnerati
702 2093 831 2136 sunt
855 2124 870 2146 ,
900 2085 1217 2140 Iudaeorum
1263 2087 1450 2142 nullus
1488 2087 1704 2142 evasit:
1752 2097 1806 2143 et
1849 2105 1974 2145 cum

392 2187 504 2226 non
556 2173 700 2228 infra
754 2176 860 2230 tria
905 2177 1075 2232 millia
1110 2189 1269 2249 capta
1303 2188 1526 2244 essent,
1568 2196 1759 2236 omnes
1805 2183 1980 2251 perie-

394 2272 543 2318 runt.
595 2264 798 2321 Bassus
839 2277 896 2323 et
959 2268 1215 2325 Liberius
1266 2271 1533 2327 Maximus
1578 2284 1979 2343 procurator.a

392 2353 606 2410 Ctesare
656 2373 874 2413 omnem
919 2359 1236 2416 Iudaeorum
1292 2371 1496 2418 terram
1545 2364 1786 2421 vendere
1838 2367 1977 2437 jussi

392 2455 520 2500 sunt
555 2465 568 2500 :
601 2448 932 2518 octingentis
956 2451 1224 2508 duntaxat
1253 2453 1502 2508 emeritis
1531 2454 1977 2511 Emmanuentem

389 2539 675 2594 castellum
705 2581 720 2605 ,
758 2543 980 2613 triginta
1015 2544 1192 2598 stadia
1251 2543 1642 2616 Hierosolymis
1679 2545 1932 2601 dissitum
1961 2586 1976 2613 ,

393 2628 743 2688 incolendum
775 2635 1021 2690 tradidit.
1075 2635 1139 2690 Et
1168 2637 1387 2692 Iudaeos
1425 2637 1742 2708 ubicunque
1775 2639 1984 2709 degen-

393 2731 510 2787 tes,
545 2726 842 2793 quotannis
883 2728 1042 2784 binas
1093 2727 1372 2798 quemque
1413 2729 1706 2785 drachmas
1733 2731 1786 2784 in
1815 2730 1982 2800 Capi-

392 2812 585 2866 tolium
678 2816 880 2872 inferre
939 2819 1142 2888 jussit,
1192 2821 1655 2890 quemadmodum
1713 2821 1868 2891 prius
1925 2823 1982 2876 in

393 2905 658 2974 templum
749 2907 1304 2978 ilierosolymitanum
1403 2912 1659 2967 conferre
1747 2928 1984 2968 consue-

393 3007 628 3053 Vtssent.

2076 613 2390 684 διωλύγιον.
2416 612 2528 668 Καὶ
2554 616 2582 668 ό
2619 611 2889 684 Ἐλεάζαρ
2925 612 3171 667 ἱκέτευσε
3207 614 3371 683 σφᾶς,
3407 617 3536 686 μήτ’
3561 617 3663 670 αύ-

2077 707 2168 760 τδν
2196 707 2460 778 περιιδεῖν
2499 706 2643 760 οὕτω
2671 707 2999 777 θνήσκοντα,
3033 707 3128 760 καὶ
3158 707 3372 770 ἑαυτοῖς
3417 709 3517 778 τὴν
3561 726 3667 762 σω-

2080 800 2275 871 τηρίαν
2309 799 2823 871 προμηθεύσασθαι,
2871 799 3045 862 εἴξασι
3080 801 3145 869 τῇ
3191 799 3475 870 Ῥωμαίων
3515 801 3663 870 ίσχύῖ

2081 893 2174 944 καὶ
2196 892 2354 964 τύχῃ.
2381 893 2443 945 Οἱ
2473 892 2526 944 δὲ
2564 892 2658 942 καὶ
2685 889 2824 960 πρὸς
2853 889 2978 952 τοὺς
3010 889 3220 942 ἐκείνου
3247 890 3665 960 κατακλώμενοι

2082 981 2293 1048 λόγους,
2338 982 2430 1032 καὶ
2457 981 2668 1032 πολλῶν
2703 980 2850 1032 ἔνδον
2888 979 3030 1048 ὑπὲρ
3069 979 3238 1032 αὐτοῦ
3267 978 3538 1048 δεομένων
3574 975 3665 1049 (ἦν

2082 1073 2190 1141 γὰρ
2238 1073 2298 1124 ἐκ
2338 1072 2583 1140 μεγάλης
2615 1073 2712 1124 καλ⁸
2748 1071 2956 1141 σφόδρα
2986 1069 3420 1141 πολυανθρώπου
3462 1088 3668 1138 συγγει

2081 1165 2195 1216 νεία
2215 1165 2252 1229 _.)
2290 1165 2369 1224 εἰς
2399 1159 2582 1216 οἶκτον
2610 1164 2907 1217 ἐνέδωκαν.
2944 1162 3055 1217 Καὶ
3082 1162 3415 1226 στείλαντες,
3441 1163 3540 1232 τὴν
3569 1162 3663 1216 τοῦ

2082 1255 2345 1325 φρουρίου
2374 1255 2672 1324 παράδοσιν
2704 1255 3125 1323 ἐπηγγέλλοντο,
3163 1255 3254 1308 ῖνα
3283 1254 3459 1316 ἀδεεῖς
3486 1253 3666 1308 ἀπαλ-

2080 1348 2402 1412 λάττωνται,
2431 1348 2520 1401 τὸν
2560 1347 2829 1417 Ἐλεάζαρ
2853 1347 3128 1410 λαϐόντες.
3157 1345 3467 1415 Δεξαμένου
3489 1345 3543 1399 δέ
3571 1346 3665 1398 τοῦ

2084 1440 2400 1510 στρατηγοῦ
2427 1440 2625 1504 ταῦτα,
2657 1441 2707 1492 οἱ
2740 1441 2798 1492 ἐν
2833 1442 2896 1508 τῇ
2928 1439 3078 1492 κάτω
3106 1439 3260 1490 πόλει
3302 1438 3404 1508 τὴν
3444 1438 3667 1506 γινομέ-

2082 1547 2183 1598 νην
2214 1532 2321 1602 ἰᾶίᾳ
2351 1533 2458 1593 τοῖς
2504 1531 2805 1598 Ῥωμαίοις
2841 1531 3139 1599 πυθόμενοι
3183 1529 3480 1601 σύμϐασιν,
3525 1531 3668 1582 ἀπο-

2080 1621 2276 1693 δράναι
2313 1623 2508 1685 νυκτὸς
2543 1624 2700 1675 αὐτοὶ
2743 1623 3154 1676 ἐϐουλεύσαντο.
3201 1622 3308 1674 Ka‘t
3349 1620 3449 1684 τὰς
3490 1620 3670 1685 πύλας

2079 1715 2262 1770 αὐτῶν
2293 1715 2644 1781 ἀνοιξάντων,
2678 1717 2831 1786 παρὰ
2855 1716 2963 1770 τῶν
2992 1717 3091 1785 τὴν
3121 1715 3414 1786 ὁμολογίαν
3444 1730 3671 1783 πεποιη-

2086 1807 2266 1877 μένων
2321 1810 2459 1880 πρὺς
2505 1810 2598 1862 τὸν
2638 1809 2846 1862 Βάσσον
2879 1805 2982 1881 ἦκε
3021 1810 3276 1879 μήνυσις.
3332 1810 3394 1861 Ol
3433 1807 3532 1876 μὲν
3573 1802 3670 1860 οῦν

2083 1903 2193 1958 τῶν
2227 1903 2480 1968 ἐξιόντων
2526 1903 3002 1975 ἐρρωμενέστατοι
3039 1900 3286 1970 ἔφθασαν
3331 1899 3667 1961 διεκπεσεῖν,

2080 1996 2190 2049 τῶν
2221 1996 2263 2048 δ’
2287 1996 2434 2050 ἔνδον
2473 1995 2937 2064 καταληφθέντων
2971 1992 3164 2062 ἄνδρες
3189 1993 3287 2063 μὲν
3319 1989 3670 2061 ἀνῃρέθησαν

2083 2089 2180 2141 ἐπὶ
2208 2088 2401 2159 χιλίοις
2432 2087 2775 2150 ἑπτακόσιοι,
2809 2085 3012 2153 γύναια
3042 2083 3098 2136 δέ
3131 2084 3226 2136 καὶ
3251 2082 3440 2144 παῖδες
3471 2079 3672 2150 ἠνδρα-

2089 2180 2445 2250 ποδίσθησαν.
2484 2180 2598 2243 Τάς
2620 2179 2677 2232 δὲ
2703 2179 2841 2248 πρὸς
2872 2177 2993 2240 τοὺς
3029 2175 3373 2245 παραδόντας
3401 2173 3461 2226 τὸ
3496 2172 3672 2241 φρού-

2091 2289 2207 2342 ριον
2235 2271 2525 2342 ὁμολογίας
2554 2270 2844 2339 φυλάσσων
2886 2271 2913 2322 ὁ
2956 2269 3187 2333 Βάσσος,
3228 2265 3426 2328 αὐτούς
3463 2282 3524 2318 τε
3561 2265 3668 2332 ἀφ-

2083 2366 2212 2434 ῆκε,
2247 2364 2342 2418 καὶ
2385 2363 2478 2417 τὸν
2513 2362 2780 2432 Ἐλεάζαρ
2821 2361 3093 2414 ἀπέδωκε.
3131 2358 3320 2414 Ταῦτα
3365 2357 3674 2428 διαπραξάο

2089 2474 2272 2528 μενος,
2302 2455 2566 2524 ⁴Ικιττείγετο
2597 2453 2694 2506 ἐπὶ
2719 2454 2812 2505 τὸν
2845 2452 3143 2522 λεγόμενον
3184 2451 3396 2520 Ἰάρδην
3433 2449 3670 2520 δρυμόν·

2088 2549 2277 2602 πολλοὶ
2311 2549 2420 2616 γὰρ
2450 2548 2586 2614 πρὸς
2618 2546 2782 2599 αὐτὸν
2806 2540 2950 2616 ἦσαν
2974 2544 3085 2596 τῶν
3125 2544 3270 2596 κατά
3305 2542 3404 2604 τὰς
3449 2541 3670 2609 πολιορ-

2086 2640 2212 2701 κίας
2251 2639 2516 2708 πρότερον
2545 2636 2924 2706 ἀποδράντων.
2970 2633 3174 2688 Ἐλθὼν
3205 2633 3298 2686 οῦν
3327 2632 3422 2686 ἐπὶ
3456 2631 3546 2686 τὸν
3578 2633 3669 2684 τό-

2088 2748 2209 2795 πον,
2241 2727 2538 2783 κυκλοῦται
2571 2729 2736 2781 αύτὸν
2761 2728 2870 2790 τοῖς
2898 2725 3159 2779 ἱππεῦσιν
3183 2724 3423 2788 ἅπαντα,
3458 2723 3580 2786 τους
3613 2723 3671 2776 δὲ

2087 2821 2290 2882 πεζοὺς
2323 2819 2699 2888 δενδροτομεῖν
2729 2819 2830 2888 τὴν
2861 2817 2994 2888 ὓλην
3026 2815 3336 2869 ἐκέλευσεν.
3366 2817 3428 2868 Ol
3476 2814 3518 2867 δ’
3553 2814 3673 2867 ἐκεῖ

2088 2910 2580 2980 προσπεφευγότες
2623 2910 2870 2962 Ἰουδαῖοι
2900 2908 3086 2977 ἀθρόοι
3133 2910 3269 2976 μετὰ
3315 2908 3444 2976 βοῖς
3476 2905 3669 2969 ἀΐξαν-

2087 3023 2200 3068 τες,
2248 3005 2543 3058 ἐνέπιπτον
2581 3006 2696 3066 τοῖς
2732 3000 3184 3072 κυκλωσαμένοις
3219 3000 3438 3063 αύτούς.
3485 2998 3571 3061 Ὠς
3610 2997 3670 3050 δὲ

396 3091 684 3159 καρτερῶς
735 3095 932 3155 αὐτοὺς
979 3098 1177 3150 ἐκεῖνοι
1219 3097 1488 3168 ἐδέχοντο,
1543 3101 1735 3169 χρόνος
1776 3098 1874 3167 μὲν
1913 3098 1972 3149 οὐ
2017 3096 2225 3166 βραχὺς
2289 3099 2356 3166 τῇ
2397 3098 2545 3166 μάχῃ
2586 3095 2776 3166 ἑτρίϐη
2801 3111 2814 3126 ο
2852 3094 3006 3156 τέλος
3044 3093 3102 3146 δὲ
3147 3093 3284 3161 αὐτῇ
3316 3093 3416 3161 οὐχ
3481 3093 3671 3160 ὅμοιον

393 3183 508 3244 τοῖς
561 3183 830 3247 ἐναντίοις
883 3187 1064 3258 ἀπέϐη
1115 3190 1326 3261 μέρεσι.
1372 3192 1662 3260 Ῥωμαίων
1712 3192 1810 3262 μὲν
1864 3191 1973 3262 γάρ
2017 3190 2215 3242 ἔπεσον
2259 3188 2488 3254 δώδεκα,
2526 3189 2700 3257 ὀλίγοι
2739 3188 2785 3241 δ’
2851 3185 3196 3259 ἐτρώθη-σαν.
3271 3185 3394 3240 Τῶν
3431 3185 3488 3237 δέ
3541 3183 3672 3236 Ἰου-

394 3273 562 3327 δαίων
590 3278 652 3329 ὲκ
676 3279 773 3344 τῆς
799 3281 979 3349 μάχης
1004 3283 1209 3348 ταύτης
1232 3284 1406 3347 οὐδεὶς
1431 3285 1688 3352 διέφυγεν
1715 3300 1729 3314 ο
1795 3285 2012 3346 ἁλόντες
2051 3284 2106 3336 δὲ
2164 3284 2260 3336 καὶ
2318 3281 2639 3352 τρισχιλίων
2690 3281 2788 3350 οὐχ
2859 3280 3080 3350 ἥττους,
3116 3281 3320 3343 πάντες
3370 3277 3669 3330 άπέθανονυ

397 3361 607 3428 Βάσσος
661 3369 873 3434 μέντοι,
907 3373 1006 3425 καὶ
1064 3373 1316 3443 Λιϐέριος
1360 3376 1638 3443 Μάξιμος,
1710 3376 1768 3438 ὃς
1827 3371 1894 3446 ἦν
1961 3373 2278 3442 ἐπίτροπος,
2349 3375 2532 3425 πᾶσαν
2581 3370 2681 3441 τὴν
2729 3370 2832 3439 γῆν
2882 3368 3179 3422 ἀποδόσθαι
3237 3369 3345 3421 τῶν
3401 3366 3672 3420 Ἰουδαίων

399 3459 553 3526 παρά
587 3461 868 3530 Καίσαρος
894 3465 1327 3536 ἐκελεύσθησαν·
1350 3469 1691 3530 ὀκτακοσίοις
1751 3469 1806 3521 δὲ
1870 3468 2053 3537 μόνοις
2093 3467 2200 3518 sui
2229 3469 2328 3535 τῆς
2367 3464 2659 3533 στρατείας
2707 3463 3080 3542 διιαφιεμένοις
3114 3463 3316 3532 χωρίον
3346 3460 3548 3512 ἔδωκεν
3591 3461 3674 3520 εἰς

398 3549 1068 3619 κατοίκησιν,όκαλεῐται
1104 3557 1203 3624 μὲν
1242 3559 1512 3626 Ἐμαούς·
1548 3560 1742 3628 ἀπέχει
1812 3559 1870 3610 δὲ
1943 3557 2053 3609 τῶν
2105 3555 2502 3626 Ἰεροσολύμων
2565 3555 2812 3616 σταδίους
2866 3553 3182 3622 τριάκοντα.
3228 3553 3396 3621 Φόρον
3449 3553 3508 3604 δὲ
3559 3551 3672 3611 τοῖς

399 3640 738 3711 ὁπουδήποτε
785 3641 940 3698 οὖσιν
986 3648 1260 3713 Ἰουδαίοις
1295 3651 1554 3714 ἐπέταξε,
1631 3652 1726 3705 δύο
1798 3651 2052 3722 δραχμὰς
2084 3648 2314 3700 ἕκαστον
2395 3648 2627 3716 ἐτησίως
2695 3645 2976 3714 εἰσφέρειν
3041 3646 3121 3706 εἰς
3173 3644 3233 3695 τὸ
3293 3641 3667 3708 Καπιτώλιον,

399 3731 591 3803 ὥσπερ
625 3737 890 3807 πρότερον
921 3740 1000 3801 είς
1029 3741 1123 3793 τὸν
1155 3744 1212 3795 ἐν
1263 3744 1663 3814 Ἱεροσολύμοις
1691 3745 1818 3799 ναὸν
1848 3741 2188 3795 συνετέλουν.

471 3822 664 3879 XXIX.
702 3827 870 3884 Basso
919 3831 1204 3896 defuncto,
1253 3836 1474 3892 Flavius
1513 3838 1660 3893 Silva
1694 3839 1977 3908 provincia

2157 3834 2286 3889 KG'.
2321 3835 2531 3889 Βάσσου
2577 3833 2633 3887 δὲ
2693 3833 3148 3904 τελευτήσαντος,
3191 3832 3422 3896 Φλάϐιος
3472 3831 3673 3894 Σίλϐας

401 3926 652 3986 suscepta
678 3959 693 3982 ,
726 3910 999 3977 Masadam
1038 3927 1360 3992 castellum,
1404 3930 1581 3984 solum
1615 3931 1795 3984 adhuc
1819 3946 1885 3984 ex
1916 3930 1979 3983 iis

2089 3927 2396 3998 διαδέχεται
2453 3928 2554 3998 τὴν
2608 3927 2931 3998 ἠγεμονίαν.
3004 3926 3100 3989 Ὃς
3159 3925 3252 3978 ἐπὶ
3294 3925 3560 3979 Μασάδαν
3612 3940 3675 3977 το

401 4024 524 4076 quae
573 4011 890 4070 defecerant
927 4017 1244 4086 reliquum,
1289 4022 1544 4077 obsidere
1586 4024 1842 4077 instituit.
1879 4023 1984 4077 Te-

400 4101 634 4156 nebatur
667 4114 853 4160 autem
894 4123 924 4162 a
974 4110 1221 4176 sicariis,
1265 4115 1468 4182 quibus
1494 4117 1578 4168 vir
1619 4125 1811 4184 potens
1844 4132 1986 4184 pra:-

399 4203 522 4249 erat
561 4196 888 4266 Eleazarus,
931 4216 998 4256 ex
1030 4203 1186 4258 Judze
1212 4207 1532 4274 posteritate
1556 4246 1570 4270 ,
1599 4209 1692 4276 qui
1733 4208 1838 4262 sub
1875 4208 1982 4279 Cy-

401 4287 557 4342 renio
585 4291 772 4348 multis
797 4308 1178 4364 persuaserat,
1210 4314 1278 4353 ne
1320 4299 1785 4368 descriptionibus
1825 4315 1984 4368 pare-

400 4388 524 4435 rent
565 4398 579 4435 :
612 4397 677 4437 ac
721 4386 945 4456 regione
976 4390 1159 4442 statim
1191 4390 1397 4458 potitus
1418 4431 1432 4456 ,
1477 4391 1654 4459 ipsum
1690 4392 1976 4446 castellum

401 4486 563 4526 muro
627 4474 1026 4542 circumdedit,
1088 4480 1155 4534 ad
1230 4482 1410 4551 fugam
1484 4482 1980 4537 interrhulendam.

401 4563 609 4618 Deinde
633 4567 699 4618 ad
727 4572 1192 4637 oppugnationem
1217 4588 1550 4635 conversus,
1587 4584 1642 4628 et
1687 4591 1793 4643 qua
1830 4588 1982 4644 pote-

402 4663 487 4708 rat
529 4671 724 4726 aggere
769 4660 1006 4714 excitato
1053 4663 1359 4730 (castellum
1406 4666 1553 4718 enim
1596 4666 1648 4718 in
1696 4667 1806 4720 alto
1850 4682 1982 4720 saxo

401 4758 523 4801 crat
574 4759 961 4815 exstructum,
1020 4753 1255 4808 vallibus
1313 4755 1538 4811 infinita:
1586 4756 1982 4826 profunditatis

400 4845 747 4912 coronatum)
782 4843 1052 4898 machinis
1083 4845 1336 4900 adductis
1361 4849 1499 4901 muri
1533 4858 1739 4918 partem
1769 4849 1982 4918 perfre-

401 4933 500 4998 git.
559 4932 666 4987 Sed
727 4935 896 4989 alium
961 4936 1140 4990 sicarii
1192 4937 1343 4993 intus
1401 4948 1825 5005 exstruxerant,
1885 4944 1979 5010 qui

401 5023 604 5079 ictibus
658 5027 893 5081 arietum
951 5044 1206 5084 cessurus
1267 5048 1375 5084 non
1441 5042 1604 5086 esset.
1683 5032 1983 5088 Constabat

399 5117 548 5171 enim
591 5133 659 5173 ex
704 5120 865 5190 lignis
891 5121 1099 5191 duplici
1146 5123 1286 5178 serie
1321 5126 1464 5177 inter
1499 5140 1557 5178 se
1589 5126 1850 5179 connexis
1876 5167 1889 5188 ,
1926 5127 1980 5180 in

2091 4020 2352 4092 φρούριον
2387 4021 2742 4091 ἐστράτευσε,
2794 4020 2958 4089 μόνον
3001 4017 3080 4070 ἔτι
3126 4015 3237 4070 τῶν
3277 4016 3673 4087 ἀφεστηκότων

2091 4113 2480 4184 περιλειφθέν⁹
2529 4115 2784 4182 κατεῖχον
2827 4112 2885 4166 δὲ
2926 4110 3086 4165 τοῦτο
3117 4110 3379 4182 σικάριοι,
3422 4103 3496 4162 ὧν
3539 4125 3665 4178 προσ

2089 4209 2330 4276 ειιτήκει
2373 4207 2599 4270 δυνατὸς
2633 4206 2775 4277 ἀνὴρ
2817 4204 3106 4276 Ἐλεάζαρ,
3151 4205 3423 4273 ἀπόγονος
3472 4202 3670 4266 Ἰούδα,

2088 4299 2183 4352 τοῦ
2228 4299 2517 4362 πείσαντος
2550 4298 2778 4364 πολλοὺς
2835 4298 3090 4353 ιουδαίων
3124 4297 3200 4369 μὴ
3236 4297 3521 4351 πείθεσθαι
3553 4298 3672 4362 ταῖς

2088 4393 2438 4461 ἀπογραφαῖς
2460 4393 2552 4444 ἐπὶ
2586 4392 2883 4462 Κυρηνίου.
2912 4389 3023 4445 Καὶ
3051 4392 3145 4460 τῆς
3174 4390 3276 4459 μὲν
3299 4390 3484 4460 χώρας
3505 4389 3670 4452 εὐθὺς

2090 4484 2334 4555 ἐκράτει,
2379 4483 2440 4536 τὺ
2473 4483 2530 4536 δὲ
2565 4484 2827 4554 φρούριον
2865 4483 3039 4553 τείχει
3088 4481 3527 4553 περιεκύκλωσε,
3569 4482 3672 4551 τὴν

2089 4578 2171 4640 είς
2206 4577 2384 4648 φυγὴν
2414 4577 2594 4644 ἔξοδον
2625 4580 2740 4640 τοῖς
2771 4577 2922 4629 ἔνδον
2958 4577 3341 4646 ἀποφραγνύς.
3375 4571 3506 4629 Εἶτα
3534 4577 3672 4647 πρὸς

2091 4670 2414 4740 πολιορκίαν
2442 4670 2731 4740 ἐτράπετο,
2767 4669 2862 4722 καὶ
2885 4669 3048 4738 χῶμα
3073 4667 3258 4738 χώσας
3287 4667 3417 4721 ἑνθα
3441 4668 3671 4721 δυνατὸν

2087 4759 2156 4834 ἦν
2181 4762 2294 4832 (ἐπὶ
2335 4763 2541 4829 πέτρας
2564 4763 2673 4834 γὰρ
2710 4761 2922 4833 ὑψηλῆς
2952 4761 3012 4814 τὸ
3045 4761 3305 4832 φρούριον
3327 4760 3670 4831 ᾠκοδόμητο,

2091 4853 2333 4924 φάραγξι
2379 4854 2542 4926 βάθος
2578 4855 2834 4926 ἐχούσαις
2883 4853 3117 4925 ἄπειρον
3165 4855 3670 4924 ἐστεφανωμέναις)

2091 4947 2341 5016 ἐπήγαγε
2383 4947 2484 5016 τὴν
2509 4947 2779 5019 ἑλέπολιν,
2817 4947 2914 5000 καὶ
2939 4946 3193 5020 διέρρηξε
3230 4948 3394 5018 μέρος
3425 4948 3519 5000 τοῦ
3556 4947 3673 5001 τεί-

2087 5055 2240 5111 χους.
2279 5038 2457 5108 Ὠφθη
2486 5038 2530 5092 δ’
2560 5039 2752 5109 ἕτερον
2781 5039 2934 5103 ἐντὸς
2966 5039 3070 5092 ὑπὸ
3101 5039 3212 5093 τῶν
3246 5040 3513 5111 σικαρίων
3545 5041 3673 5095 ἀντ-

2089 5110 2470 5200 οιὶοδομηθέν,
2494 5130 2740 5184 τοιοῦτον
2763 5125 2875 5184 οἷον
2915 5131 3049 5202 μηδέ
3079 5134 3199 5194 ταῖς
3224 5132 3482 5203 ἐμϐολαῖς
3506 5133 3671 5198 εἴξειν

400 5226 636 5280 quorum
687 5215 929 5270 medium
980 5226 1181 5270 terram
1233 5219 1571 5287 ingerebant.
1633 5218 1804 5283 Quem
1851 5235 1977 5273 cum

2092 5196 2288 5289 μέλλον
2319 5196 2428 5274 τῶν
2455 5221 2779 5274 ἑλεπόλεων.
2828 5196 2926 5274 Ἐκ
2955 5196 3129 5286 ξύλων
3163 5196 3274 5292 γάρ
3301 5217 3389 5293 ἦν,
3427 5221 3521 5275 δύο
3554 5196 3668 5276 στί-

402 5301 779 5358 machinarum
819 5305 962 5360 ictus
1017 5323 1124 5360 non
1165 5308 1328 5361 modo
1376 5324 1484 5360 non
1528 5318 1976 5376 perrumperent,

401 5393 497 5447 sed
529 5410 598 5448 ex
623 5398 986 5451 concussione
1012 5439 1026 5458 ,
1049 5398 1138 5452 illa
1174 5399 1456 5453 desidente
1487 5400 1734 5462 materia,
1770 5399 1979 5453 firmio-

404 5501 518 5540 rem
545 5488 862 5552 redderent,
887 5488 1030 5541 Silva
1056 5489 1256 5542 milites
1283 5489 1535 5541 hortatus
1551 5497 1653 5552 est,
1675 5497 1734 5541 ut
1757 5489 1982 5544 crebras

402 5575 552 5630 faces
599 5579 857 5632 ardentes
907 5579 1303 5647 jacularentur.
1339 5579 1476 5632 Tum
1533 5594 1726 5632 murus
1767 5580 1981 5649 ligneus

407 5667 533 5734 igne
588 5681 875 5738 concepto.
927 5687 1175 5740 magnam
1232 5673 1505 5726 flatiu'nam
1559 5672 1766 5736 edidit,
1810 5690 1975 5744 quam

409 5754 612 5809 Boreas
667 5759 881 5827 spirans
932 5761 1202 5829 principio
1266 5778 1502 5832 superne
1571 5763 1638 5816 ad
1706 5763 1982 5820 Romanos

406 5846 760 5915 devolvebat,
787 5851 924 5907 adeo
956 5861 1013 5906 ut
1039 5855 1322 5912 machinas
1363 5855 1762 5927 propemodum
1793 5857 1984 5914 inccn—

2087 5329 2216 5381 χους
2270 5312 2650 5383 παραλλήλους
2705 5312 2961 5383 ἐχόντων,
3011 5307 3093 5366 ὧν
3132 5315 3297 5383 μέσον
3336 5312 3670 5384 συνεφόρουν

2085 5405 2176 5456 τὸν
2227 5403 2376 5474 χοῦν.
2407 5405 2475 5457 Δί
2526 5404 2662 5471 γοῦν
2708 5405 2820 5458 τῶν
2860 5407 3278 5476 μηχανημάτων
3327 5405 3558 5475 ἐμϐολαὶ
3603 5405 3667 5458 ού

2092 5497 2254 5564 μόνον
2295 5496 2355 5547 ού
2392 5497 2756 5568 διερρήγνυον
2789 5497 2967 5561 τοῦτο,
3005 5498 3144 5552 ἀλλά
3177 5498 3274 5551 καὶ
3312 5497 3669 5569 στερῤότερον

2087 5587 2164 5657 τῷ
2192 5588 2337 5657 σάλῳ
2363 5589 2648 5652 συνιζάνον
2675 5589 2994 5660 εἰργάζοντο
3015 5609 3026 5622 ·
3054 5591 3134 5644 διὸ
3157 5593 3270 5653 τοῖς
3304 5589 3668 5661 στρατιώταις

2087 5680 2114 5730 ὁ
2154 5679 2350 5740 Σίλϐας
2389 5679 2688 5748 λαμπάδας
2733 5681 3034 5750 καιομένας
3079 5680 3388 5744 ἀκοντίζειν
3433 5679 3669 5748 ἀθρόους

2088 5769 2556 5840 παρεκελεύσατο.
2593 5773 2666 5825 Τὸ
2695 5771 2752 5826 δὲ
2801 5773 3172 5844 πεποιημένον
3228 5773 3292 5825 ἐκ
3351 5771 3524 5836 ξύλων
3566 5773 3663 5822 τοῦ

2091 5861 2260 5933 πυρξς
2295 5861 2644 5931 ἀντελάϐετο,
2677 5867 2770 5918 καὶ
2794 5863 2968 5936 φλόγα
3001 5863 3206 5934 πολλὴν
3239 5863 3430 5933 ἀνῆκε.
3461 5861 3533 5914 Τὸ
3563 5861 3664 5931 μὲν
