4060 6396
376 399 479 465 ιιι

1676 421 2083 488 ANNALIUM
2124 424 2251 485 LIB
2318 427 2415 491 Vl.

3536 449 3644 513 ΗΞ).

369 513 475 625 οὖν.
512 517 732 625 πρῶτον
774 523 971 625 πνέων
1028 526 1230 601 βορρᾶς
1265 531 1474 589 ἀνωθεν
1510 538 1591 600 είς
1637 541 1766 606 τοὺς
1806 541 1944 596 Ῥω-

2047 530 2223 589 deret.
2281 536 2491 592 Deinde
2542 537 2846 596 vehemens
2890 552 3075 601 auster
3131 557 3320 606 contra
3378 565 3641 625 exortus,

370 613 572 704 μαίους
604 612 704 682 τὴν
733 615 910 685 φλόγα
943 619 1240 690 ἐπήλαυνε,
1272 624 1367 678 καὶ
1404 628 1604 698 μικροῦ
1638 630 1750 685 τῶν
1782 649 1958 704 μηχα-

368 703 637 773 νημάτων
661 707 844 778 ἦψατο
875 711 963 766 ἄν.
986 714 1221 769 Ἔπειτα
1257 717 1418 781 νότος
1450 721 1819 788 ἀντιπνεύσας
1856 703 1950 780 που

367 796 487 862 λὺς,
537 800 619 870 τῷ
662 802 837 875 τείχει
894 804 1101 875 ταύτην
1136 812 1466 878 προσέϐαλε,
1508 832 1603 868 και
1655 817 1801 869 ἅπαν
1849 819 1949 889 ἤδη

369 893 733 959 κατέφλεκτο.
774 897 898 951 Ἐπὶ
930 900 1144 965 τούτοις
1175 905 1223 957 οἱ
1252 904 1351 973 μὲν
1387 904 1648 975 Ῥωμαῖοι
1682 909 1824 962 κατά
1852 910 1953 979 τὴν

370 983 635 1039 ἐπιοῦσαν
666 989 783 1052 τοῖς
813 988 1094 1058 πολεμίοις
1122 993 1424 1063 ἐπιχειρεῖν
1450 994 1674 1065 ἔμελλον
1694 1014 1710 1030 ·
1758 998 1949 1053 Ἐλεά-

369 1074 477 1147 ζαρ
517 1077 574 1130 δέ
608 1082 723 1140 τοῖς
768 1081 828 1133 ἐν
860 1081 938 1149 τῷ
969 1084 1216 1154 φρουρίῳ
1245 1085 1568 1156 διαλεχθεὶς,
1600 1088 1785 1143 ἔπεισε
1816 1093 1953 1145 πάν-

367 1187 490 1236 τας,
528 1171 631 1235 τάς
666 1191 725 1225 τε
763 1178 1032 1241 γυναῖκας
1067 1178 1279 1235 ἑαυτῶν
1313 1183 1408 1235 καὶ
1440 1183 1507 1237 τά
1542 1183 1708 1237 τέκνα
1743 1189 1952 1257 άνῃοηο

367 1260 553 1324 κότας,
587 1262 842 1328 ἐκείνοις,
872 1268 1207 1322 ἐπαπελθεῖν
1233 1271 1486 1328 ἕκαστον.
1527 1277 1639 1329 Καὶ
1666 1276 1730 1347 δὴ
1756 1283 1947 1332 τούτου

367 1353 641 1419 δόξαντος,
673 1356 810 1424 ὁμοῦ
846 1376 906 1410 τε
941 1359 1039 1423 τὰς
1082 1365 1347 1428 γυναῖκας
1375 1367 1708 1433 ἠσπάζοντο,
1751 1371 1842 1422 καὶ
1880 1370 1949 1422 τά

366 1444 533 1499 τέκνα
557 1448 1088 1518 προσηγκαλίζοντο,
1130 1456 1246 1518 τοῖς
1280 1455 1582 1526 φιλήμασιν
1608 1460 1947 1530 ἐμφυόμενοι

367 1537 462 1589 καὶ
505 1537 861 1606 δακρύοντες,
910 1543 1005 1596 καὶ
1037 1544 1425 1616 διεχειρίζοντο
1457 1548 1526 1603 τά
1560 1551 1793 1616 φίλτατα
1827 1553 1949 1615 ταῖς

367 1630 580 1698 χερσὶν,
608 1630 686 1694 ὡς
721 1633 796 1703 μή
833 1653 885 1687 τι
919 1636 1074 1703 σφίσι
1117 1640 1485 1708 προσήκοντα.
1520 1640 1655 1696 Εἶτα
1689 1644 1788 1713 τὴν
1816 1647 1951 1714 κτῆ-

366 1741 454 1777 σιν
482 1725 704 1779 ἃπασαν
741 1728 1227 1800 συναθροίσαντες.
1259 1735 1371 1805 πῦρ
1414 1736 1703 1790 ἐνέὸαλλον
1740 1740 1820 1799 είς
1853 1740 1952 1791 αὖ·

361 1819 487 1924 fimi
515 1818 722 1924 Κλήρφ
813 1822 1061 1924 ἑλόμενοι
1082 1824 1219 1881 δέκα
1244 1827 1374 1890 τοὺς
1396 1829 1696 1900 ἐσομένους
1720 1834 1950 1900 σφαγεῖς
1980 1868 2023 1924 Β

363 1907 645 1969 ἁπάντων.
678 1911 772 1964 ὑπ’
803 1911 988 1967 αὐτῶν
1009 1915 1242 1979 ἕκαστος
1279 1918 1372 1972 ἐπὶ
1397 1922 1512 1983 τοῖς
1542 1923 1823 1989 φιλτάτοις
1853 1925 1943 1976 ἐκ-

363 2001 604 2059 τίννυτο.
640 2002 757 2059 Εἶτ’
790 2002 951 2070 αὖθις
992 2011 1023 2064 ό
1057 2010 1245 2083 κλήρῳ
1276 2012 1461 2084 λαχὼν
1485 2017 1615 2081 τοὺς
1643 2018 1797 2072 ἐννέα
1827 2020 1947 2073 δια-

363 2096 738 2167 γρησάμενος,
770 2101 865 2154 καὶ
913 2102 1101 2176 κύκλῳ
1154 2106 1557 2177 περιαθρήσας,
1593 2110 1665 2180 μή
1712 2111 1813 2164 πού
1853 2129 1941 2175 τις

363 2182 502 2248 ζωός
537 2188 975 2257 περιλελειπται,
1007 2193 1082 2256 ὡς
1113 2193 1255 2263 ἔγνω
1295 2197 1508 2261 πάντας
1534 2201 1940 2270 ἀνῃρημένους.

362 2280 478 2349 πῦρ
528 2283 627 2348 μὲν
676 2286 813 2346 τοῖς⁸
847 2285 1140 2353 βασιλείοις
1184 2289 1418 2358 ἐνίησιν,
1450 2293 1572 2346 ὅλον
1603 2293 1660 2346 δέ
1703 2293 1764 2346 τὸ
1789 2292 1944 2360 ξίφος

365 2370 570 2435 ἐλάσας
617 2372 685 2425 δι’
722 2373 922 2429 ἑαυτοῦ
976 2378 1210 2446 πλησίον
1259 2381 1368 2433 τῶν
1400 2382 1620 2436 οἰκείων
1645 2385 1939 2439 κατέπεσε.

366 2464 545 2519 Καὶοί
578 2464 678 2534 μὲν
704 2467 1089 2538 ἐτεθνήκεσαν,
1119 2471 1485 2541 ὑπειληφότες
1515 2476 1586 2545 μή
1615 2494 1735 2530 τινα
1763 2475 1942 2536 ζῶντα

367 2557 823 2628 καταλειφθῆναι.
860 2561 1060 2616 Ἐλαθε
1117 2563 1174 2618 δὲ
1206 2565 1340 2633 γυνὴ
1375 2567 1695 2637 πρεσϐῦτις,
1728 2569 1822 2622 καί
1853 2587 1939 2633 τις

365 2650 578 2715 ἑταίρα.
621 2655 714 2706 καὶ
750 2654 910 2708 πέντε
938 2657 1123 2712 παιδία
1167 2662 1280 2722 τοῖς
1327 2659 1620 2729 ὑπονόμοις
1660 2678 1940 2731 κατακρυ-

368 2744 594 2812 φθέντα.
630 2741 742 2798 Ἦν
771 2747 827 2801 δὲ
864 2749 925 2801 τὸ
950 2750 1060 2802 τῶν
1093 2752 1414 2820 σφαγέντων
1460 2754 1690 2822 πλῆθος,
1723 2755 1820 2807 σὺν
1850 2772 1942 2822 γυ-

366 2838 510 2902 ναιξὶ
545 2839 642 2892 καὶ
679 2840 857 2903 παισὶ,
912 2842 1178 2898 διακόσιοι
1232 2846 1369 2915 πρὸς
1422 2847 1710 2915 ἐξήκοντα.
1767 2848 1828 2899 (li
1883 2847 1940 2899 δὲ

379 2930 644 2998 Ῥωμαῖοι
674 2934 983 3002 προσϐολὴν
1014 2937 1186 2990 ἕωθεν
1225 2939 1528 2999 ἐποιοῦντο,
1567 2939 1853 3008 βλέποντες
1893 2941 1939 2993 δ’

364 3023 556 3078 οὐδένα
588 3026 700 3078 τῶν
728 3026 1028 3097 πολεμίων,
1065 3030 1267 3101 πολλὴν
1297 3031 1343 3083 δ’
1366 3030 1515 3084 ἔνδον
1547 3034 1808 3101 ἠρεμίαν,
1847 3033 1940 3086 καὶ

365 3116 482 3186 πῦρ
508 3119 909 3187 ἀναπτόμενον,
949 3121 1266 3190 διηπόρουν.
1315 3123 1426 3178 Καὶ
1458 3125 1611 3185 τέλος
1636 3124 1934 3197 ἠλάλαξαν,

2057 626 2308 681 eamdem
2327 626 2393 682 ad
2421 643 2638 684 murum
2663 632 2872 702 reiecit.
2900 634 3020 702 Quo
3044 640 3266 707 penitus
3290 654 3638 715 consumpto,

2055 731 2180 771 cum
2239 716 2470 773 Romani
2529 722 2687 793 311
2757 727 3021 794 postridie
3090 728 3276 784 hostes
3323 737 3635 803 aggressuri

2054 819 2276 874 essent,
2335 811 2631 870 Eleazarus
2691 817 2962 873 militibus
3019 821 3158 876 suis
3201 834 3521 892 persuasit,
3579 836 3641 883 ut

2054 900 2288 968 quisque
2346 906 2613 961 uxoribus
2659 918 2716 962 et
2765 909 2956 965 liberis
2996 912 3111 966 suis
3153 913 3499 980 interfectis,
3533 918 3637 987 ipsi

2053 1003 2273 1058 quoque
2322 994 2428 1047 sibi
2463 1011 2656 1052 manus
2699 998 2940 1055 afferret.
2978 1002 3055 1055 Eo
3102 1005 3334 1060 consilio
3380 1008 3635 1074 probato,

2053 1080 2217 1135 simul
2254 1100 2453 1140 uxores
2488 1088 2833 1153 salutarunt,
2877 1101 2933 1145 et
2962 1093 3167 1149 liberos
3201 1098 3435 1165 amplexi
3469 1110 3632 1165 sunt,

2051 1175 2257 1230 osculis
2287 1192 2479 1232 eorum
2503 1197 2626 1235 cum
2659 1181 2788 1237 fletu
2821 1185 3189 1247 inluerentes.
3223 1189 3385 1243 simul
3420 1191 3634 1246 charis-

2050 1265 2219 1322 simos
2254 1283 2386 1324 suos
2417 1272 2534 1326 suis
2580 1274 2834 1329 manibus
2882 1284 3137 1344 tanquam
3185 1279 3348 1334 alieni
3379 1296 3632 1349 pereme-

2052 1366 2200 1411 runt.
2256 1360 2460 1415 Deinde
2507 1378 2639 1432 opes
2682 1365 2969 1421 universas
3005 1380 3293 1439 congestas
3348 1373 3404 1426 in
3450 1371 3631 1441 ignem

2051 1451 2425 1519 conjecerunt,
2460 1462 2516 1508 et
2546 1457 2736 1510 decem
2764 1458 2898 1513 viris
2928 1470 3076 1515 sorte
3100 1461 3330 1518 delectis
3363 1479 3393 1518 a
3427 1465 3634 1534 quibus

2050 1557 2242 1597 omnes
2265 1555 2661 1613 ntaclarcntur,
2696 1549 2926 1621 quisque
2951 1569 3118 1622 super
3149 1555 3489 1612 charissimis
3518 1559 3634 1613 suis

2050 1635 2332 1689 occubuit.
2392 1637 2596 1693 Deinde
2661 1657 2803 1695 unus
2856 1644 2942 1697 cui
3011 1645 3061 1698 id
3120 1656 3270 1701 sorte
3322 1657 3629 1712 evenerat,

2051 1742 2245 1782 novem
2281 1729 2446 1784 sociis
2478 1730 2783 1787 interfectis
2804 1772 2819 1795 ,
2866 1734 3229 1806 lustratisque
3270 1739 3482 1808 angulis
3513 1754 3635 1793 om-

2050 1819 2217 1874 nibus
2243 1861 2256 1882 ,
2287 1836 2358 1875 ne
2389 1821 2515 1891 quis
2552 1822 2692 1879 forte
2724 1826 2883 1880 vivus
2913 1827 3140 1884 relictus
3163 1837 3342 1892 esset,
3372 1840 3435 1885 ut
3463 1831 3630 1887 intel-

2051 1912 2184 1967 lexit
2241 1928 2433 1969 omnes
2492 1915 2707 1971 occisos
2762 1932 2927 1986 esse,
2980 1919 3186 1989 regiam
3242 1921 3536 1977 incendit:
3575 1933 3633 1977 et

2050 2005 2243 2062 adacto
2272 2021 2370 2077 per
2404 2016 2578 2062 totum
2608 2022 2811 2077 corpus
2839 2024 2973 2065 ense
2993 2052 3006 2076 ,
3042 2027 3212 2081 prope
3240 2028 3370 2069 suos
3405 2014 3631 2069 occidit.

2049 2094 2310 2160 Quamvis
2341 2104 2525 2149 autem
2558 2103 2816 2166 putaret,
2860 2100 3138 2156 neminem
3180 2102 3455 2157 viventem
3505 2102 3636 2158 reli-

2050 2197 2198 2241 ctum
2223 2204 2344 2243 esse
2382 2206 2395 2243 :
2435 2198 2615 2243 tamen
2655 2206 2795 2246 anus
2824 2191 3071 2261 quaedam
3098 2234 3113 2259 ,
3150 2201 3206 2247 et
3242 2194 3591 2249 meretricula
3613 2235 3630 2259 ,

2049 2286 2105 2332 et
2132 2281 2375 2347 quinque
2403 2278 2558 2348 pueri
2602 2280 2655 2334 in
2683 2281 2935 2335 cavernis
2968 2282 3178 2349 abditi,
3210 2298 3307 2338 eos
3334 2284 3629 2339 latuerant.

2048 2368 2467 2425 lnterfeetorum
2499 2386 2625 2425 cum
2658 2373 2984 2428 mulieribus
3008 2383 3078 2455 et.
3093 2376 3278 2444 pueris
3300 2375 3454 2431 fuere
3477 2391 3628 2431 ceu.

2049 2460 2279 2516 Romani
2309 2477 2433 2516 cum
2461 2477 2620 2517 mane
2642 2467 2906 2533 impetum
2939 2465 2992 2518 in
3024 2464 3590 2520 castellum-facerent
3612 2508 3628 2532 ,

2048 2568 2150 2607 nec
2196 2554 2368 2607 ullum
2418 2553 2633 2609 hostem
2689 2564 3014 2619 cernerent,
3057 2556 3207 2611 intus
3248 2564 3430 2609 autem
3477 2565 3630 2609 tran-

2048 2645 2217 2715 quilla
2249 2655 2433 2700 essent
2456 2645 2661 2709 omnia,
2690 2656 2745 2700 et
2782 2645 2924 2715 ignis
2950 2646 3168 2700 arderet
3205 2664 3222 2702 :
3253 2646 3420 2701 animi
3447 2646 3626 2709 dubii.

2048 2737 2265 2791 tandem
2311 2738 2605 2791 clamorem
2656 2738 3040 2802 sustulerunt,
3083 2746 3142 2791 ut
3179 2738 3417 2808 aliquem
3461 2738 3631 2793 elice-

2048 2838 2191 2884 rent.
2234 2829 2353 2896 Quo
2383 2830 2622 2884 clamore
2661 2830 2999 2884 mulierculae
3041 2845 3073 2883 e
3105 2830 3356 2885 cavernis
3397 2828 3624 2892 excitw,

2048 2919 2312 2974 Romanis
2357 2919 2487 2990 quid
2538 2934 2724 2974 aetum
2778 2930 2927 2974 esset
2985 2928 3380 2988 exposuerunt.
3437 2917 3626 2987 Neque

2045 3026 2175 3064 vero
2209 3011 2285 3065 illi
2319 3011 2710 3076 crediderunt,
2739 3010 2918 3065 donec
2953 2998 3155 3081 regiam
3186 3008 3458 3080 ingressi,
3490 3008 3626 3063 visis

2047 3104 2352 3159 interfectis
2372 3148 2385 3163 .
2414 3118 2735 3174 generosam
2760 3104 3001 3157 virorum
3042 3101 3317 3164 indolem,
3345 3110 3401 3154 et
3435 3101 3627 3154 mortis

363 3206 419 3260 ετ
461 3224 583 3261 τινα
644 3208 752 3262 τῶν
808 3212 959 3276 ἐντλς
1012 3215 1500 3281 προσκαλέσαιντο.
1539 3195 1668 3284 Τῆς
1703 3217 1759 3270 δὲ
1811 3216 1940 3285 βοῆς

2047 3209 2419 3269 contemptum
2484 3207 2613 3254 sunt
2650 3198 2924 3253 admirati.
2958 3197 3039 3253 Ac
3085 3197 3152 3251 ad
3205 3197 3352 3251 hunc
3397 3195 3622 3249 modum

363 3300 621 3363 αἴσθησις
661 3303 777 3365 τοῖς
807 3302 1052 3371 γυναίοις
1084 3303 1326 3373 ἐγένετο,
1370 3310 1478 3361 κάκ
1503 3282 1617 3361 τῶν
1647 3282 1939 3377 ὑπονόμων

2045 3299 2351 3361 expugnata
2383 3298 2468 3345 est
2490 3288 2727 3344 Masada.
2753 3287 2969 3342 Accidit
2995 3296 3178 3341 autem
3208 3282 3625 3377 utAlexandriaa

361 3390 646 3451 ἀναδῦσαι.
684 3395 756 3449 τὰ
810 3396 1126 3467 πραχθέντα
1169 3402 1283 3462 τοῖς
1329 3398 1628 3470 Ῥωμαίοις
1672 3404 1937 3474 ἐμήνυον.

361 3486 426 3539 Οἱ
460 3485 507 3539 δ’
536 3485 819 3555 ἠπίστουν.
876 3486 966 3549 '0;
993 3488 1052 3542 δέ
1076 3488 1188 3542 τῶν
1217 3489 1508 3558 βασιλείων
1543 3493 1823 3562 παρῆλθον
1851 3495 1938 3547 έν-

358 3578 473 3642 δον,
504 3579 601 3632 καὶ
637 3581 754 3642 τοῖς
784 3580 1157 3652 ἀνῃρημένοις
1184 3582 1455 3653 ἐνέτυχον,
1488 3583 1801 3651 ἐθαύμαζον
1841 3587 1942 3657 τὴν

358 3670 721 3739 γενναιότητα
765 3671 877 3726 τῶν
932 3671 1167 3742 ἀνδρῶν,
1219 3675 1317 3729 καὶ
1369 3674 1465 3729 τοῦ
1534 3676 1770 3732 θανάτου
1839 3680 1941 3751 τὴν

362 3762 798 3833 καταφρόνησιν.
863 3764 1100 3832 Τοιαύτη
1161 3766 1257 3831 μέν
1310 3766 1403 3820 οὖν
1443 3769 1474 3831 ἡ
1526 3770 1624 3837 τῆς
1675 3772 1942 3836 Μασάδας

358 3855 579 3922 ἐγένετο
610 3855 834 3919 ἅλωσις.
865 3856 976 3911 Καὶ
1003 3857 1146 3910 κατὰ
1178 3859 1278 3928 τὴν
1308 3860 1366 3912 ἐν
1387 3861 1650 3929 Αἰγύπτῳ
1690 3862 1944 3929 Ἀλεξάν-

355 3944 546 4014 δρειαν
572 3946 801 4009 πολλοὺς
826 3948 1116 4002 ἀποθανεῖν
1156 3948 1443 4003 Ἰουδαίους
1473 3953 1845 4022 συμϐέϐηκεν.
1875 3957 1940 4011 Οἱ

358 4038 473 4107 γὰρ
518 4040 583 4092 ἐκ
622 4039 727 4105 τῆς
770 4041 1018 4104 στάσεως
1063 4042 1174 4095 τῶν
1219 4044 1489 4114 σικαρίων
1526 4047 1942 4115 καταφυγόντες

357 4133 501 4196 ἐκεῖ,
535 4132 768 4195 πολλοὺς
792 4133 901 4185 τῶν
933 4134 1357 4203 ὑποδεξαμένων
1388 4136 1627 4191 ἔπειθον.
1658 4142 1759 4208 τῆς
1785 4139 1942 4194 ἐλευ-

358 4222 553 4294 θερίας
582 4224 1007 4280 ἀντιποιεῖσθαι.
1043 4228 1107 4280 Εί
1153 4228 1211 4282 δέ
1260 4246 1409 4292 τινες
1455 4230 1645 4294 αὐτοῖς
1699 4231 1809 4285 τῶν
1838 4233 1941 4289 οὐκ

357 4315 590 4385 ἀφανῶν
656 4315 932 4373 Ἰουδαίων
980 4316 1321 4387 ἀντέϐαινον,
1368 4320 1500 4383 τοὺς
1538 4321 1639 4391 μέν
1674 4319 1938 4387 ἔκτεινον.

357 4406 491 4471 τοὺς
537 4405 587 4460 δ’
623 4406 821 4470 ἀλλους
851 4406 990 4477 πρὸς
1026 4409 1371 4464 ἀποστασίαν
1405 4412 1833 4483 προεκαλοῦντο.
1875 4416 1940 4471 (ll

354 4496 420 4551 δὲ
461 4497 563 4566 τῆς
608 4498 905 4566 γερουσίας
942 4500 1320 4569 πρωτεύοντες
1361 4504 1442 4563 είς
1479 4503 1783 4575 ἐκκλησίαν
1809 4507 1942 4570 τοὺς

359 4589 658 4653 Ἰουδαίους
689 4590 1070 4662 ἀθροίσαντες,
1115 4593 1349 4664 ἤλεγχον
1382 4595 1485 4664 τὴν
1524 4597 1638 4652 τῶν
1672 4599 1942 4670 σικαρίων

357 4683 651 4746 ἀπόνοιαν,
683 4683 778 4737 καὶ
831 4682 1177 4752 φυλάξασθαι
1225 4688 1287 4740 τὸ
1336 4688 1542 4757 πλῆθος
1592 4690 1944 4760 παρεκάλουν

357 4774 458 4828 τὸν
508 4774 569 4834 ἐξ
619 4774 804 4828 αὐτῶν
860 4776 1101 4845 ὅλεθρον,
1159 4780 1501 4847 παραδοῦναι
1544 4781 1602 4837 δέ
1650 4782 1945 4853 Ῥωμαίοις

358 4864 613 4927 ἑαυτούς.
642 4864 905 4937 Ἐπείσθη
924 4866 1107 4922 τοίνυν
1137 4869 1201 4922 τδ
1230 4868 1434 4940 πλῆθος
1454 4873 1566 4935 τοῖς
1599 4872 1943 4942 λεγομένοις,

360 4956 462 5010 καὶ
491 4957 631 5027 πρὸς
664 4956 793 5022 τοὺς
825 4959 1107 5030 σικαρίους
1138 4960 1412 5028 άῒξαντες,
1455 4965 1807 5035 συνήρπαζον
1839 4968 1943 5021 αὐ-

357 5049 507 5113 τοὺς,
563 5050 660 5103 καὶ
710 5050 961 5106 ἑάλωσαν
1004 5052 1106 5119 μὲν
1160 5055 1291 5123 περὶ
1322 5055 1663 5121 ἑξακοσίους.
1697 5058 1941 5114 Ὅσοιδέ

358 5142 482 5196 τότε
512 5141 793 5212 διέφυγον,
825 5143 927 5196 οὐκ
963 5144 1044 5207 είς
1077 5146 1296 5214 μακρὰν
1344 5147 1740 5217 συλληφθέντες
1772 5151 1941 5205 ἐπαν·

361 5237 635 5307 ήχθησαν.
681 5238 777 5292 καὶ
809 5239 990 5308 πάσης
1029 5239 1215 5303 αὐτοῖς
1257 5241 1646 5312 ἐπενεχθείσης
1675 5244 1934 5312 βασάνου.

359 5331 514 5392 ὅπως
539 5330 800 5402 Καίσαρα
826 5332 1096 5404 δεσπότην
1123 5334 1557 5404 ὁμολογήσωσιν,
1598 5336 1777 5401 οὐδεὶς
1821 5337 1941 5391 ἐνέ-

359 5423 557 5489 δωκεν,
598 5424 735 5478 ἀλλά
788 5425 992 5487 πάντες
1047 5426 1147 5496 τὴν
1193 5427 1422 5497 γνώμην
1473 5426 1783 5499 ὑπερτέραν
1837 5428 1940 5498 τῆς

362 5510 612 5578 ἀνάγκης
635 5512 933 5583 ἐτήρησαν.
964 5514 1219 5569 Μάλιστα
1240 5515 1287 5570 δ’
1312 5518 1345 5585 ἠ
1379 5516 1490 5570 τῶν
1515 5518 1721 5572 παίδων
1752 5518 1942 5589 ἡλικία.

358 5597 489 5659 τοὺς
521 5597 830 5669 θεωμένους
864 5601 1201 5674 ἐξέπλησσεν
1223 5620 1240 5638 ⁸
1279 5606 1401 5660 οὑδέ
1431 5607 1542 5679 γάρ
1587 5608 1814 5662 ἐκείνων
1857 5627 1940 5673 τις

359 5686 686 5770 ἐξεκινήθη,
725 5692 984 5762 Καίσαρα
1020 5694 1290 5763 δεσπότην
1328 5696 1679 5768 ἐξονομάσαι.
1721 5700 1940 5770 Ἥψατο

363 5777 415 5832 δὲ
459 5778 557 5834 καὶ
592 5766 701 5837 τῶν
740 5786 871 5858 περὶ
899 5788 1160 5860 Κυρήνην
1189 5788 1401 5844 πόλεων
1449 5766 1495 5862 ἡ.
1523 5792 1634 5845 τῶν
1670 5766 1939 5862 σικαρίων

364 5870 610 5930 ἀπόνοια.
646 5875 965 5935 Διεκπεσὼν
993 5878 1103 5948 γὰρ
1133 5882 1214 5947 είς
1240 5882 1412 5949 αὐτὴν
1455 5881 1731 5949 Ἰωνάθης,
1766 5891 1937 5942 ποντι-

2042 3397 2260 3452 quuque
2306 3381 2361 3436 in
2396 3380 2632 3451 Egypto
2657 3380 2814 3434 multi
2858 3379 3032 3436 Judaei
3076 3378 3443 3433 mederentur.
3485 3374 3623 3430 Nam

2041 3476 2206 3531 factio
2267 3477 2594 3531 sicariorum
2656 3491 2725 3531 eo
2794 3474 3056 3546 profuga,
3100 3472 3290 3528 multis
3346 3470 3626 3539 hospitum

2040 3582 2267 3623 suorum
2300 3577 2667 3636 persuaserat,
2696 3576 2756 3621 ut
2783 3581 2842 3621 se
2873 3565 2926 3619 in
2955 3565 3266 3619 libertatem
3293 3567 3622 3617 assererem.

2043 3659 2097 3716 Si
2131 3659 2228 3730 qui
2258 3674 2389 3716 vero
2417 3674 2485 3714 ex
2512 3657 2716 3715 Iudaeis
2745 3657 2892 3713 haud
2926 3655 3260 3726 ignobilibus
3284 3652 3626 3723 refragarew

2044 3764 2153 3817 tur,
2185 3752 2294 3808 illis
2339 3751 2576 3817 occisis,
2614 3761 2842 3807 caateros
2895 3750 2965 3805 ad
3017 3748 3380 3804 defectionem
3433 3746 3625 3799 horta-

2040 3845 2264 3900 bantur.
2299 3844 2584 3915 Principes
2628 3859 2764 3897 vero
2809 3850 3073 3907 senatus,
3115 3839 3319 3895 Judaeis
3364 3837 3433 3892 ad
3487 3852 3625 3891 con—

2043 3938 2257 3993 cionem
2296 3936 2507 3992 voratis
2529 3977 2545 4002 ,
2580 3935 2906 3990 sicariorum
2942 3931 3382 4002 desperationem
3424 3942 3626 3998 argue-

2043 4029 2174 4083 bant
2203 4046 2219 4084 :
2252 4040 2309 4083 et
2340 4027 2600 4097 populum
2634 4024 3020 4086 hortabantur,
3052 4032 3113 4077 ut
3146 4022 3375 4077 exitium
3415 4019 3484 4074 ab
3517 4018 3624 4072 illis

2044 4120 2337 4175 imminens
2393 4126 2653 4172 caverent
2682 4157 2698 4180 ,
2753 4131 2924 4186 seque
2996 4114 3259 4169 Romanis
3328 4111 3616 4166 dederent.

2040 4210 2232 4268 Paruit
2262 4208 2581 4275 multitudo,
2612 4218 2669 4264 et
2703 4208 2758 4262 in
2790 4207 3020 4263 sicarios
3049 4205 3256 4274 impetu
3290 4202 3433 4257 facto
3456 4201 3525 4256 ad
3555 4217 3622 4258 oc

2040 4318 2232 4359 eorum
2263 4300 2701 4372 comprehendit.
2722 4299 2826 4367 Qui
2854 4314 2983 4354 vero
3008 4306 3120 4352 tum
3138 4295 3470 4365 effugerant.
3504 4308 3618 4346 non

2040 4396 2212 4451 multo
2243 4402 2368 4465 post
2395 4398 2539 4463 capti
2568 4432 2583 4455 .
2614 4392 2939 4462 reductique
2971 4398 3100 4446 sunt
3130 4405 3146 4445 :
3177 4395 3235 4445 et
3273 4401 3398 4442 cum
3437 4384 3624 4440 omnis

2043 4487 2261 4559 generis
2306 4486 2597 4542 tormentis
2642 4484 3114 4543 excruciarenlur,
3160 4497 3191 4537 a
3235 4480 3387 4535 nullo
3433 4486 3623 4533 extor-

1968 4580 2204 4651 uneri
2238 4579 2451 4649 potuit,
2499 4588 2559 4633 ut
2602 4577 2872 4634 Caesarem
2921 4576 3082 4648 312
3121 4574 3406 4629 dominum
3449 4585 3622 4642 agno-

2046 4681 2297 4736 scerent,
2328 4671 2422 4726 sed
2461 4686 2655 4727 omnes
2693 4670 2905 4725 animos
2941 4667 3269 4724 necessitate
3304 4664 3622 4734 superiores

2047 4765 2499 4832 conservaruntJ
2535 4763 2597 4819 In
2650 4763 2849 4833 primis
2902 4771 3083 4817 tamen
3140 4773 3439 4830 puerorum
3488 4768 3622 4812 aetas

2047 4867 2387 4927 spectatores
2416 4858 2803 4928 obstupefecit.
2855 4858 2991 4912 Nam
3034 4872 3103 4910 ne
3142 4855 3212 4910 ab
3252 4855 3472 4912 illorum
3500 4852 3625 4923 qui-

2044 4949 2169 5004 dem
2228 4950 2338 5005 ullo
2388 4949 2622 5019 exprimi
2674 4949 2894 5019 potuit,
2946 4957 3005 5004 ut
3032 4946 3301 5003 Caesarem
3337 4944 3623 5001 dominum

2043 5039 2400 5109 appellarent.
2455 5039 2790 5095 Sicariorum
2845 5037 3249 5109 desperationis
3307 5034 3623 5106 contagium

2042 5130 2208 5185 etiam
2262 5130 2533 5200 Cyrenem
2580 5132 2802 5187 invasit.
2840 5131 2976 5186 Nam
3022 5146 3147 5187 cum
3190 5130 3456 5185 Jonatbas
3482 5168 3497 5191 ,
3541 5129 3626 5182 vir

2044 5221 2522 5292 improbissimus,
2571 5233 2690 5277 arte
2721 5230 2876 5277 texor
2900 5263 2915 5288 ,
2956 5238 3024 5277 eo
3071 5221 3371 5283 evasisset,
3414 5221 3625 5289 aliquot

2043 5327 2314 5383 pauperes
2382 5311 2489 5367 sibi
2562 5313 2886 5369 conciliatos
2953 5314 3011 5368 in
3062 5312 3341 5367 desertum
3388 5311 3619 5377 eduxit,

2042 5404 2288 5475 prodigia
2336 5415 2390 5459 et
2443 5403 2597 5473 signa
2653 5404 2933 5459 editurum
2983 5404 3279 5474 pollicitus.
3332 5404 3464 5459 Eam
3504 5420 3622 5459 rem

2041 5498 2439 5571 Cyrenensium
2473 5497 2793 5554 Judaeorum
2825 5513 3085 5568 proceres
3109 5538 3127 5563 ,
3157 5497 3370 5569 Catyllo
3402 5499 3621 5568 prresidi

2041 5589 2368 5646 nuntiarunt
2407 5605 2425 5644 :
2469 5590 2567 5659 qui
2598 5588 2870 5644 militibus
2895 5590 3078 5643 missis
3100 5629 3116 5655 ,
3147 5588 3396 5644 Jonathze
3427 5590 3623 5657 conjuo

2041 5694 2191 5740 ratos
2239 5683 2677 5754 comprehendit.
2723 5682 2843 5753 Ipse
2887 5682 3156 5742 Jonathas
3230 5694 3344 5737 tum
3396 5682 3621 5753 quidem

2040 5778 2271 5849 effugit,
2306 5777 2401 5833 sed
2451 5775 2701 5847 diligenti
2756 5774 3106 5846 indagatione
3155 5785 3391 5847 captus,
3435 5786 3492 5833 et
3551 5774 3620 5830 ad

2042 5871 2331 5946 praesidem
2377 5869 2678 5943 perductus
2700 5910 2715 5936 ,
2751 5869 2806 5926 id
2841 5869 3122 5940 confecit,
3166 5878 3226 5928 ut
3263 5872 3379 5944 ipse
3412 5871 3597 5943 suppli
