4060 6414
377 434 483 501 543

1674 438 1997 500 JOANNIS
2046 436 2366 498 ZONAIHZ

3528 429 3635 492 δί

374 550 522 606 cium
566 547 869 621 effugeret,
904 557 960 603 et
987 549 1200 622 Catyllo
1246 550 1565 621 iniquorum
1607 552 1953 607 emolumen-

2073 549 2282 610 ιότατος
2327 545 2635 617 ἄνθρωπος,
2669 549 2768 619 τὴν
2796 547 2995 619 τέχνην
3031 548 3295 617 ὑφάντης,
3343 551 3495 609 τινὲς
3529 551 3640 600 τὸν

376 649 558 695 torum
597 656 759 696 ansas
800 642 1070 712 praeberet
1117 660 1133 697 :
1184 643 1486 700 ditissimos
1542 644 1689 699 enim
1738 644 1958 699 Iudaeos

376 746 572 785 eorum
641 732 944 786 facinorum
1014 734 1120 787 sibi
1173 744 1428 791 auctores
1490 737 1766 791 exstitisse
1819 735 1958 790 falso

378 824 685 879 asserebat.
737 824 884 890 Quas
939 826 1247 879 calumnias
1295 843 1497 896 phrases
1536 828 1794 881 alacriter
1841 842 1958 880 am-

383 923 575 985 pzexus
597 960 610 977 .
645 929 844 985 praeter
872 935 992 973 eam
1024 921 1403 975 credulitatem
1448 922 1676 975 sicarios
1709 922 1959 975 eamdem

383 1012 713 1064 calumniam
745 1012 1011 1067 edocebat
1049 1032 1063 1071 :
1095 1014 1187 1082 qui
1220 1014 1288 1068 ab
1325 1015 1416 1069 illo
1458 1015 1741 1069 subornati
1769 1052 1784 1077 ,
1820 1014 1962 1068 mul-

387 1112 470 1155 los
518 1114 871 1157 accusarunt.
923 1105 999 1159 Ac
1067 1106 1381 1161 Judarorum
1440 1108 1782 1162 calamitates
1843 1117 1959 1162 tum

386 1193 533 1245 hunc
580 1194 743 1248 linem
794 1195 1139 1260 habuerunt,
1188 1197 1576 1269 Hierosolymis
1620 1215 1649 1254 a
1702 1199 1962 1254 Romanis

382 1293 693 1340 extremum
725 1288 950 1342 eversis.
996 1289 1153 1354 Post,
1195 1290 1299 1344 sub
1330 1290 1475 1345 JEIio
1522 1290 1764 1345 Adriano
1791 1291 1963 1360 impe-

382 1387 561 1431 ratore
593 1393 785 1434 rursus
815 1395 911 1448 per
937 1381 1265 1437 seditionem
1297 1398 1446 1437 arma
1474 1393 1662 1438 contra
1687 1383 1962 1437 Romanos

384 1477 690 1538 ceperunt:
742 1472 837 1526 sed
872 1481 986 1528 tum
1027 1490 1245 1545 quoque
1274 1477 1443 1541 victi,
1477 1477 1761 1545 attritique
1793 1484 1961 1540 sunt,

384 1558 573 1612 multis
606 1560 852 1617 millibus
882 1564 1520 1636 interfectis,{pcrpaucis
1535 1566 1960 1636 superstitibus:

383 1647 437 1701 id
478 1651 624 1719 quod
664 1668 765 1708 suo
798 1655 921 1710 loco
958 1656 1253 1713 referetur.
1290 1658 1409 1714 Jam
1436 1674 1560 1713 cum
1585 1659 1963 1714 Romanorum

383 1741 717 1797 mentionem
770 1744 966 1801 fecerit
1011 1748 1242 1803 historia
1270 1789 1285 1815 ,
1316 1750 1508 1819 eisque
1552 1750 1850 1820 porentiam
1883 1750 1967 1805 in-

2060 641 2284 708 ἀπόρων
2333 638 2592 693 ἀνέπεισε
2646 639 2938 709 προσέχειν
2981 639 3153 709 αὐτῷ,
3190 640 3282 693 καὶ
3322 643 3643 709 προήγαγεν

2059 733 2137 792 είς
2160 732 2258 801 τήν
2283 729 2509 800 ἔρημον,
2534 734 2736 801 σημεῖα
2757 730 2952 796 δείξειν
2982 731 3076 784 καὶ
3112 732 3320 800 τέρατα
3350 731 3642 798 ὑπισχνού·

2064 840 2243 894 μενος.
2285 825 2347 877 Oi
2375 823 2431 876 δὲ
2461 823 2569 876 τῶν
2604 824 2697 875 ἐπὶ
2740 824 2998 894 Κυρήνης
3026 824 3298 876 Ἰουδαίων
3334 823 3646 892 πρωτεύον-

2059 931 2171 978 τες,
2197 914 2462 983 Κατύλλῳ
2482 914 2559 984 τῷ
2589 914 2685 983 τῆς
2708 916 2966 986 Κυρήνης
2986 915 3214 985 ἡγεμόνι
3243 914 3413 968 ταῦτα
3446 916 3647 983 ἀγγὲλη

2061 1006 2264 1060 λουσιν.
2313 1004 2371 1080 Ὁ
2402 1007 2458 1059 δὲ
2498 1006 2837 1076 στρατιώτας
2869 1006 3219 1071 ἀποστείλας,
3254 1008 3478 1075 συνέσχε
3515 1008 3644 1072 τοῦς

2065 1095 2206 1166 μετὰ
2250 1097 2523 1150 Ἰωνάθου.
2550 1096 2726 1158 Αὐτὸς
2749 1097 2804 1149 δὲ
2832 1097 2862 1149 ό
2901 1096 3157 1163 Ἰωνάθης
3182 1097 3305 1149 τότε
3333 1097 3432 1167 μὲν
3456 1098 3647 1165 διέφυ-

2063 1204 2193 1256 γεν·
2227 1189 2506 1259 ἐπιμελῶς
2543 1188 2601 1243 δὲ
2630 1188 2888 1260 ζητηθεὶς
2917 1187 3053 1258 ήλω,
3091 1188 3187 1242 καὶ
3217 1188 3475 1258 ἀναχθεὶς
3508 1189 3647 1258 πρὸς

2062 1283 2155 1337 τὸν
2198 1284 2462 1353 ἡγεμόνα,
2511 1284 2692 1354 ἐαυτῷ
2745 1284 2844 1353 μὲν
2872 1284 3189 1353 ἐμηχανᾶτο
3227 1282 3331 1352 τῆς
3373 1283 3648 1352 τιμωρίας

2063 1375 2318 1447 ἐξάλυξιν
2342 1392 2356 1406 ·
2404 1376 2482 1445 τῷ
2518 1376 2785 1447 Κατύλλῳ
2818 1376 2874 1429 δὲ
2910 1376 3168 1446 ἀφορμάς
3204 1374 3406 1429 ἀδίκων
3440 1374 3649 1443 κερδῶν

2064 1468 2514 1539 περιεποιήσατο.
2550 1469 2688 1531 Τοὺς
2726 1467 2836 1536 γὰρ
2878 1466 3323 1530 πλουσιωτάτους
3367 1465 3477 1518 τῶν
3515 1466 3652 1519 Ίου·

2063 1559 2232 1613 δαίων
2280 1559 2458 1627 ἔλεγε,
2504 1560 2984 1630 καταψευδόμενος
3038 1559 3243 1624 αὐτῶν,
3290 1558 3651 1622 διδασκάλους

2064 1651 2215 1722 αὐτῷ
2257 1652 2363 1704 τῶν
2396 1652 2691 1722 δρωμένων
2718 1650 3001 1719 γενέσθαι.
3040 1651 3153 1706 Καὶ
3182 1653 3210 1705 ὁ
3243 1648 3470 1723 ἡγεμὼν
3511 1667 3649 1722 προ-

2069 1743 2258 1812 θύμως
2286 1743 2503 1814 ἐδέχετο
2531 1744 2631 1806 τὰς
2663 1743 2916 1806 διαϐολάς
2936 1760 2950 1775 ο
2987 1744 3126 1816 πρὸς
3156 1743 3214 1796 δέ
3251 1743 3329 1813 τῷ
3365 1743 3651 1796 πιστεύειν

385 1829 584 1887 victam
634 1835 892 1892 tribuerit
918 1856 932 1894 :
961 1840 1189 1894 omnino
1229 1842 1607 1896 necessarium
1652 1850 1737 1896 est
1774 1840 1962 1896 dicere

2073 1834 2291 1903 ῥᾳδίως,
2323 1836 2417 1888 καὶ
2446 1836 2547 1906 τήν
2583 1834 2750 1904 ψευδῆ
2800 1835 3139 1905 κατηγορίαν
3183 1834 3312 1898 τοὺς
3368 1836 3653 1904 σικαρίους

383 1936 449 1976 ac
487 1923 723 1993 docere,
763 1940 861 1983 aut
909 1930 1209 1987 admonere
1254 1933 1491 1988 lectores
1515 1973 1530 1999 ,
1571 1934 1664 2004 qui
1706 1934 1816 1988 sint
1853 1933 1966 1987 Ro-

2073 1901 2335 1991 ἐδίδασκε,
2367 1927 2460 1980 καὶ
2493 1901 2707 1980 πολλῶν
2731 1901 3024 1993 κατεῖπον,
3043 1926 3137 1980 ὑπ’
3168 1927 3381 1982 ἐκείνου
3418 1901 3657 1981 suasa).-

384 2016 571 2082 mani,
614 2034 736 2088 qua:
796 2023 976 2091 gentis
1030 2023 1212 2094 origo,
1255 2024 1402 2079 unde
1463 2040 1667 2080 nomen
1728 2024 1963 2088 habeat,

385 2108 588 2177 quibus
614 2126 797 2166 rerum
836 2114 1179 2182 publicarum
1207 2114 1398 2171 formis
1430 2133 1524 2171 usa
1545 2156 1559 2181 ,
1598 2117 1800 2187 quibus
1823 2117 1968 2171 casi-

390 2194 493 2249 bus
541 2198 743 2267 jactata
793 2202 901 2266 sit,
953 2204 1157 2272 quibus
1212 2205 1523 2261 rationibus
1572 2207 1640 2261 ad
1699 2221 1968 2261 summam

384 2285 707 2345 felicitatem
754 2295 1103 2361 ascenderit,
1151 2306 1210 2352 ut
1245 2299 1343 2353 toti
1391 2298 1505 2354 fere
1537 2308 1808 2354 terrarum
1848 2299 1968 2355 orbi

389 2377 707 2446 imperarit,
751 2398 1018 2454 suamque
1074 2396 1402 2455 potestatem
1464 2388 1534 2443 ad
1581 2403 1772 2444 omnes
1831 2405 1971 2460 pene

386 2474 740 2542 prupagarit:
783 2487 840 2531 et
894 2487 953 2531 ut
993 2480 1264 2550 principio
1317 2482 1537 2552 regibus
1584 2483 1871 2553 paruerit,
1908 2498 1971 2538 ac

390 2570 513 2627 post
536 2561 602 2614 ad
634 2564 959 2632 Optimatum
1011 2578 1369 2638 potestatem,
1398 2573 1515 2627 sive
1549 2574 1877 2627 dictaturam
1913 2581 1969 2628 et

389 2653 732 2709 consulatum
771 2658 1032 2714 reciderit
1068 2678 1083 2717 :
1119 2662 1319 2717 deinde
1350 2678 1542 2719 rursus
1589 2664 1656 2718 ad
1684 2663 1971 2719 democra-

392 2745 521 2798 tiam
568 2747 863 2816 devoluta,
916 2768 1043 2806 mox
1082 2754 1149 2808 ad
1194 2757 1567 2811 monarchiam
1614 2757 1687 2811 sit
1730 2772 1970 2811 reversa.

397 2837 471 2892 De
506 2840 591 2894 liis
640 2842 807 2912 igitur
829 2847 994 2899 etiam
1028 2846 1326 2903 dicendum
1352 2858 1470 2916 est,
1500 2849 1815 2919 prolixitate
1846 2864 1977 2903 nar-

2068 2014 2309 2085 λόμενοι.
2358 2016 2621 2071 Ἐνταῦθα
2665 2017 2766 2087 μέν
2800 2013 2898 2096 οὖν
2948 2019 3070 2071 τότε
3117 2019 3186 2072 τά
3231 2017 3341 2071 τῶν
3383 2018 3654 2072 Ἰουδαίων

2070 2110 2398 2181 ἐτελεύτησε
2438 2110 2608 2181 πάθη,
2660 2112 2767 2165 ὑπὸ
2808 2111 3101 2180 Ῥωμαίων
3147 2114 3247 2181 τῆς
3292 2108 3654 2183 Ἰερουσαλὴμ

2069 2204 2169 2275 τὴν
2202 2203 2525 2259 τελευταίαν
2570 2205 2909 2276 ὑποστάσης,
2945 2204 3170 2259 ἅλωσιν.
3203 2204 3314 2259 Καὶ
3377 2203 3540 2268 αὖθις
3592 2205 3654 2259 δὲ

2068 2295 2250 2349 Αἰλίου
2286 2295 2395 2349 τῶν
2442 2296 2733 2367 Ῥωμαίων
2776 2296 3111 2373 κρατοῦντος
3157 2295 3440 2367 Ἀδριανοῦ
3486 2298 3651 2351 ἐστα-

2075 2388 2272 2441 σίασαν
2315 2388 2584 2453 Ἰουδαῖοι,
2625 2387 2723 2441 καὶ
2759 2389 2902 2443 κατά
2945 2387 3238 2456 Ῥωμαίων
3273 2386 3653 2456 ὡπλίσθησαν.

2084 2479 2246 2532 Ἀλλά
2269 2480 2366 2532 καὶ
2388 2480 2509 2533 τότε
2534 2479 2850 2551 ήττήθησάν
2879 2496 2961 2544 τε,
2994 2479 3089 2533 καὶ
3113 2477 3494 2549 ἐξετρίσησαν,
3527 2480 3657 2534 πολ-

2070 2572 2181 2625 λῶν
2226 2571 2541 2643 φθαρεισῶν
2595 2573 2906 2643 μυριάδων,
2943 2573 3018 2636 ὡς
3065 2573 3185 2626 λίαν
3230 2572 3654 2643 περιλειφθῆναι

2077 2663 2322 2735 βραχεῖς,
2353 2665 2485 2734 περὶ
2513 2659 2588 2719 ὧν
2623 2667 2682 2718 ἐν
2720 2667 2831 2729 τοῖς
2876 2665 3027 2728 ίδίοις
3063 2667 3254 2726 τόποις
3292 2665 3657 2735 ίστορηθήσε-

2070 2774 2187 2809 ται.
2224 2755 2512 2826 Ῥωμαίων
2533 2756 2589 2809 δέ
2619 2755 2955 2827 μνησθείσης
2981 2755 3079 2826 τῆς
3111 2756 3378 2824 ἱστορίας,
3411 2758 3505 2809 καὶ
3532 2756 3659 2808 τού-

2071 2866 2189 2913 τοις
2226 2850 2425 2918 κράτος
2456 2848 2801 2919 άναθεμένης
2832 2851 3125 2919 ἀήττητον,
3169 2848 3471 2917 ἀναγκαῖον
3515 2848 3658 2901 πάν-

391 2931 655 2999 rationis,
715 2948 982 3006 quantum
1037 2939 1154 2994 ﬁeri
1217 2950 1432 3009 potest,
1481 2942 1537 2995 in
1585 2940 1970 3010 compendium

2077 2957 2185 3004 τως
2217 2941 2398 2993 εἰπεῖν
2431 2942 2525 2992 καὶ
2546 2940 2808 3010 διδάξαιή
2844 2940 3155 3009 ἀναμνῆσαι
3185 2940 3313 3002 τοὺς
3333 2938 3661 3008 ἐντευξομέ-

394 3034 713 3093 contracta,
763 3029 1042 3101 vitataque
1096 3032 1393 3087 verborum
1458 3032 1810 3087 multitudine
1858 3047 1873 3088 :
1917 3040 1970 3084 ut

2074 3051 2200 3097 νους
2220 3034 2397 3102 τούτῳ
2418 3032 2483 3101 δὴ
2507 3030 2582 3102 τῷ
2608 3032 3023 3101 συγγράμματι,
3042 3030 3185 3091 τίνες
3208 3046 3266 3082 τε
3292 3030 3340 3081 oi
3370 3029 3657 3098 Ῥωμαῖοι,

393 3110 625 3168 historia
681 3122 737 3170 et
800 3117 961 3174 facile
1033 3121 1299 3191 intelligi,
1342 3135 1399 3176 et
1460 3121 1728 3177 memoria
1799 3119 1970 3175 teneri

2075 3128 2169 3180 καὶ
2189 3125 2313 3180 ὅθεν
2340 3124 2546 3177 τούτων
2582 3124 2731 3188 ἔθνος
2761 3124 3053 3193 συνέστητο
3089 3122 3148 3187 ἐξ
3175 3124 3372 3194 ἀρχῆς,
3405 3124 3504 3175 καὶ
3556 3121 3659 3173 πό-

392 3215 579 3274 θίυυδῑ·
2077 3219 2171 3273 θεν
2206 3219 2308 3288 τὴν
2338 3217 2530 3288 κλῆσιν
2560 3216 2711 3287 ἐσχε,
2749 3216 2846 3271 καὶ
2877 3215 2987 3268 τίσι
3018 3215 3322 3278 πολιτείαις
3360 3216 3661 3287 ἐχρήσατο,

393 3299 488 3353 καὶ
517 3301 661 3366 οῖαις
687 3304 880 3376 τύχαις
914 3308 1198 3382 ἐνέκυρσε,
1230 3311 1327 3367 καὶ
1358 3313 1506 3376 ὅπως
1536 3313 1848 3385 προύκοψεν
1890 3316 1971 3378 είς
2010 3315 2362 3385 εὐδαιμονίας
2424 3313 2729 3384 ἀκρότητα,
2760 3311 2838 3375 ὠς
2900 3309 3102 3381 μικροῦ
3131 3309 3422 3379 κυριεῦσαι
3451 3310 3552 3378 τῆς
3577 3310 3661 3363 οἱ·

394 3393 672 3464 κουμένης
699 3397 939 3471 ἁπάσης,
972 3404 1379 3476 καὶτὸκράτος
1420 3407 1562 3461 κατὰ
1621 3410 1842 3463 πάντων
1911 3390 2098 3480 σχεδὸν
2154 3409 2555 3477 ἀναδήσασθαι,
2627 3408 2719 3458 καὶ
2765 3406 2912 3468 ὅπως
2962 3403 3280 3473 βασιλευθὲν
3330 3404 3389 3467 ἐξ
3460 3404 3656 3475 ἀρχῆς,

391 3486 475 3548 εἰς
526 3488 955 3562 ἀριστοκρατίαν
995 3497 1116 3566 ήτοι
1183 3498 1536 3570 δικτατορίας
1597 3502 1694 3555 καὶ
1737 3500 2004 3562 ὑπατείας
2049 3499 2342 3569 μετέπεσε,
2414 3499 2510 3552 καὶ
2581 3501 2662 3560 εἰς
2712 3496 3088 3566 δημοκρατίαν
3132 3495 3291 3558 αὖθις
3332 3498 3657 3566 μετήνεκτοο

395 3574 516 3632 εἶτα
555 3584 637 3645 είς
680 3589 982 3657 μοναρχίαν
1018 3591 1409 3662 ἐπανελήλυθε.
1500 3593 1723 3661 Ῥητέον
1801 3611 1892 3662 μοι
1964 3592 2148 3646 τοίνυν
2207 3595 2303 3646 καὶ
2363 3593 2494 3663 περ)⁸
2573 3591 2804 3656 τούτων,
2857 3592 2952 3643 καὶ
3004 3590 3314 3660 διηγητέον,
3376 3590 3453 3652 ὡς
3514 3591 3660 3652 ἐνδυ,

394 3676 740 3747 ἐπιτέμνοντι
790 3666 854 3735 τὸ
913 3684 1117 3749 πλάτος
1170 3687 1265 3755 τῆς
1324 3688 1649 3757 διηγήσεως,
1690 3691 1785 3743 καὶ
1838 3690 1939 3759 τὴν
1980 3688 2364 3759 μακρηγομίαν
2426 3686 2795 3753 συστέλλοντι,
2829 3686 2896 3738 ἶν’
2965 3681 3075 3738 εἷεν
3120 3686 3430 3739 εὐσύνοπτοι
3461 3686 3530 3740 τὰ
3556 3689 3659 3755 τῆς

397 3768 662 3840 ἱστορίας,
703 3774 799 3827 καὶ
834 3774 933 3840 τὴν
963 3777 1075 3831 τῶν
1109 3778 1374 3834 ἐπιόντων
1409 3779 1584 3835 ταῦτα
1636 3782 1859 3854 μνήμην
1897 3782 1973 3854 μὴ
2011 3781 2383 3853 διαφεύγοιεν·

1370 4142 1533 4215 ala
1608 4104 1970 4213 LIBER
2040 4120 2678 4214 SEPTIMUS.

469 4308 511 4363 l.
551 4307 753 4366 Encas
796 4319 921 4381 post
964 4311 1261 4386 Troianum
1293 4316 1499 4371 bellum
1530 4317 1601 4372 ad
1626 4318 1970 4390 Aborigenes

2143 4315 2224 4373 A'.
2279 4317 2498 4383 Δίνείας
2555 4319 2695 4389 μετά
2748 4318 2840 4372 τὸν
2898 4293 3147 4386 Τρωϊκὸν
3224 4315 3462 4384 πόλεμον
3519 4316 3662 4387 πρὸς

399 4402 571 4466 venit,
604 4404 700 4472 qui
732 4419 854 4460 eam
886 4405 1193 4475 regionem,
1238 4408 1296 4463 in
1340 4424 1450 4478 qua
1491 4410 1664 4465 Roma
1714 4412 1819 4466 sita
1862 4419 1970 4479 est,

2088 4410 2470 4483 ’Δσορρίγινας
2502 4412 2720 4481 ἀφῖκτο,
2746 4412 2797 4465 οῖ
2848 4408 3044 4482 πρώην
3113 4408 3212 4479 τὴν
3245 4408 3431 4480 χώραν
3457 4406 3660 4479 ᾤκουν,

399 4496 529 4550 olim
564 4505 882 4561 tenuerunt,
923 4498 1120 4555 Latino
1157 4500 1334 4554 Fauni
1383 4501 1498 4557 ﬁlio
1549 4512 1817 4572 regnante
1856 4521 1870 4556 :
1916 4511 1970 4558 et

2077 4502 2200 4556 καθ’
2225 4503 2295 4573 ἢν
2338 4504 2372 4574 ή
2408 4501 2597 4575 Ῥώμη
2646 4502 2997 4567 πεπόλισται,
3054 4501 3285 4555 Λατίνου
3324 4499 3419 4553 τοῦ
3450 4500 3661 4554 Φαύνου

400 4588 665 4643 Laurenti
692 4590 846 4658 juxta
880 4589 1111 4645 ﬂuvium
1151 4590 1465 4647 Numicium
1496 4594 1730 4663 appulit,
1771 4594 1866 4649 ubi
1908 4610 1977 4649 ex

399 4680 627 4735 oraculo
652 4681 890 4749 quodam
948 4682 1238 4737 considere
1285 4684 1481 4738 voluit.
1514 4676 1672 4752 Quod
1703 4687 1825 4756 ejus
1854 4684 1977 4753 ,loci

399 4784 495 4823 rex
532 4768 761 4824 Latinus
807 4770 1216 4843 prohibiturus,
1246 4774 1540 4829 commisso
1573 4775 1764 4844 praalio
1802 4775 1981 4829 vinci-

400 4869 512 4916 tur.
551 4859 758 4914 Deinde
790 4876 890 4930 per
913 4863 1149 4928 somnia,
1182 4881 1304 4934 quae
1334 4877 1565 4937 uterque
1587 4867 1863 4931 viderant,
1895 4882 1980 4922 re-

401 4951 683 5007 conciliati
705 4960 834 5007 sunt
862 4971 875 5007 :
901 4969 966 5009 ac
982 4953 1213 5011 Latinus
1238 4972 1505 5015 concesso
1526 4959 1811 5015 habitandi
1831 4961 1976 5025 loco,

404 5047 570 5101 ﬁliam
615 5045 898 5101 Laviniam
940 5047 1129 5104 .‘Enete
1172 5049 1229 5104 in
1264 5053 1677 5107 matrimonium
1722 5053 1978 5123 collocat,

403 5145 472 5198 de
510 5143 672 5212 cujus
696 5144 921 5200 nomine
948 5145 1143 5200 urbem
1174 5162 1205 5202 a
1235 5163 1293 5203 se
1323 5149 1600 5204 conditam
1637 5147 1841 5204 Encas
1879 5148 1984 5202 La-

401 5238 613 5290 vinium
659 5237 909 5292 nominat
959 5254 975 5292 :
1029 5238 1182 5307 regio
1222 5238 1460 5306 Latium,
1516 5241 1755 5310 populus
1797 5240 1981 5296 Latini

405 5330 684 5399 appellati.
711 5331 899 5385 Rutuli
925 5346 1061 5401 gens
1089 5330 1339 5396 finitima,
1371 5333 1507 5386 urbe
1530 5333 1706 5387 Ardea
1735 5334 1981 5400 oriundi,

304 5439 309 5445 ·
404 5439 533 5477 ante
561 5424 759 5478 infensi
784 5424 1016 5490 Latinis,
1030 5432 1146 5478 tum
1171 5439 1394 5494 quoque
1424 5426 1626 5480 bellum
1656 5426 1984 5489 intulerunt,

406 5515 704 5577 adjuvante
747 5514 937 5570 Turno
982 5518 1103 5570 viro
1132 5516 1354 5582 illustri,
1390 5527 1625 5588 cognato
1655 5518 1857 5584 Latini,
1893 5521 1983 5575 cui

406 5604 480 5657 ob
502 5603 739 5658 Laviniae
758 5605 979 5674 nuptias
1005 5606 1178 5660 iratus
1207 5615 1348 5669 erat,
1373 5608 1479 5663 sibi
1504 5608 1659 5678 prius
1674 5611 1978 5678 desponsae.

2076 4594 2201 4648 τότε
2223 4594 2324 4665 τὴν
2355 4593 2562 4648 τούτων
2592 4595 2767 4666 ἀρχὴν
2793 4594 3035 4665 ἔχοντος·
3068 4594 3164 4647 καὶ
3204 4592 3476 4662 προσέσχε
3508 4594 3662 4646 Λαυ-

2081 4687 2259 4759 ρέντῳ
2297 4689 2442 4741 κατά
2475 4686 2569 4741 τὸν
2617 4687 2922 4757 Νουμίκιον
2962 4685 3231 4755 ποταμὸν,
3264 4684 3397 4739 ἔνθα
3427 4684 3570 4739 κατά
3608 4702 3664 4738 τι

2079 4776 2144 4849 δὴ
2169 4776 2496 4848 θεοπρόπιον
2521 4776 2741 4845 λέγεται
2765 4775 3298 4845 παρασκευάζεσθαι
3323 4776 3665 4848 ποιήσασθαι

2078 4869 2179 4941 τὴν
2217 4870 2560 4942 κατοίκησιν.
2602 4870 2661 4924 Ὁ
2701 4870 2759 4924 δέ
2815 4869 2916 4940 τῆς
2967 4867 3154 4940 χώρας
3192 4870 3377 4941 ἄρχων
3431 4870 3667 4932 Λατῖνος

2080 4963 2314 5033 ἀπεῖργε
2359 4961 2438 5033 τῷ
2463 4961 2651 5033 Δίνεία
2671 4962 2771 5031 τὴν
2810 4963 2869 5015 ἐν
2898 4965 2965 5033 τῇ
3001 4962 3156 5034 χώρα
3194 4961 3535 5032 καθίδρυσιν,
3568 4962 3667 5015 καὶ

2084 5054 2380 5126 συμϐαλὼν
2429 5056 2685 5125 ἡττᾶται.
2743 5047 2877 5109 Εἶτα
2930 5054 3002 5108 δι’
3034 5055 3332 5124 ὀνειράτων
3383 5053 3667 5122 φανέντων

2081 5147 2286 5216 ἀμφοῖν
2319 5146 2801 5214 καταλλάττονται,
2832 5147 3054 5217 καὶτῆς
3082 5146 3462 5217 κατοικήσεως
3511 5145 3666 5218 αὐτῷ

2083 5241 2409 5310 παραχωρεῖ
2435 5256 2449 5271 ·
2475 5238 2572 5293 καὶ
2602 5240 2702 5308 τὴν
2734 5237 3017 5311 θυγατέρα
3053 5237 3347 5291 Λαουϊνίαν
3369 5239 3452 5301 είς
3481 5237 3664 5307 γάμον

2083 5332 2384 5386 ἐκδίδωσιν.
2448 5331 2621 5385 Ἔνθα
2677 5332 2834 5385 πόλιν
2901 5334 2929 5385 ὁ
2997 5331 3216 5395 Αίνείας
3273 5331 3660 5400 οἰκοδομήσας,

2084 5424 2341 5493 ὠνόμασε
2403 5423 2687 5477 Λαουΐνιον
2713 5440 2727 5454 ο
2757 5423 2855 5494 ἥτε
2909 5420 3063 5493 χώρα
3118 5422 3320 5476 Λάτιον
3358 5422 3662 5492 ἐπεκλήθη,

2085 5516 2179 5568 καὶ
2206 5515 2257 5568 οἱ
2294 5514 2573 5582 ἄνθρωποι
2600 5514 2651 5567 οι
2686 5515 2804 5566 ἐκεῖ
2840 5515 3066 5568 Λατῖνοι
3106 5512 3662 5584 προσηγορεύθησαν,

2089 5604 2402 5662 ’Ῥουτοῦλοι
2432 5607 2490 5660 δὲ
2526 5605 2859 5677 ὁμοροῦντες
2902 5606 2968 5676 τῇ
3011 5603 3169 5675 χώρα
3200 5607 3264 5658 ἐκ
3301 5604 3508 5666 πόλεως
3544 5605 3669 5674 Ἀρ-

414 5696 597 5764 Pugna
630 5698 765 5752 inita
797 5706 854 5753 et
877 5699 1105 5755 Latinus
1133 5708 1190 5754 et
1220 5701 1439 5755 Turnus
1478 5701 1703 5761 cadunt.
1724 5701 1897 5759 [Enea
1925 5713 1970 5759 el

2085 5699 2212 5763 δέας
2260 5673 2766 5771 ὁρμώμενος-καὶ
2819 5673 3062 5767 πρόσθεν
3103 5673 3399 5767 δυσμενῶς
3450 5673 3671 5765 ἔχοντες

408 5787 698 5843 victoriam
730 5799 786 5844 et
811 5791 988 5846 soceri
1016 5807 1245 5862 regnum
1269 5792 1492 5864 adepto.
1523 5793 1828 5864 Aliquanto
1857 5805 1982 5867 post

412 5877 625 5944 Rutuli.
677 5882 864 5942 ascitis
894 5883 1307 5951 Tyrrhenorum
1357 5886 1596 5957 auxiliis,
1634 5886 1862 5946 IEncam
1896 5890 1979 5947 vi-

2090 5793 2229 5864 πρδς
2280 5791 2566 5856 Λατίνους,
2599 5790 2695 5844 καὶ
2740 5789 2862 5843 τότε
2908 5788 3146 5858 πόλεμον
3189 5789 3418 5859 ήραντο,
3450 5786 3671 5858 ἐπαρή-

2090 5903 2280 5958 γοντος
2341 5886 2526 5953 αὐτοῖς
2553 5885 2649 5941 καὶ
2676 5882 2944 5957 Τούρνου,
2972 5879 3163 5952 ἀνδρὸς
3210 5882 3532 5953 ἐπιφανοῦς,
3564 5895 3670 5946 κιαι
