4060 6416
400 431 506 495 535

1624 433 2033 497 ANNALIUM
2071 438 2219 498 LIB.
2268 439 2397 500 VII.

3556 452 3663 517 546

397 546 474 616 τῷ
517 543 734 614 Λατὶνῳ
769 543 1165 616 προσήκοντος,
1212 545 1268 610 ὃς
1299 547 1366 600 δι’
1407 547 1574 620 ὀργῆς
1613 549 1704 605 τὸν
1752 550 1970 605 Λατῖνοι

2084 563 2278 607 cerunt
2314 567 2328 605 :
2362 553 2456 622 qui
2488 568 2612 608 cum
2639 569 2813 625 neque
2849 556 3036 613 vivens
3062 574 3239 630 neque
3281 575 3535 623 mortuus
3571 586 3662 623 us-

398 643 666 711 πεποίητο
709 642 800 694 διὰ
836 642 929 694 τὸν
958 643 1252 706 Λαουϊνίας
1287 645 1467 714 γάμον
1496 661 1508 674 ·
1553 647 1748 717 ἐκείνῳ
1792 636 1902 716 γὰρ
1943 650 1976 718 ή

398 735 535 805 κόρη
566 732 1020 803 προωμολόγητο.
1052 735 1253 804 Μάχης
1279 730 1372 787 οὗν
1402 739 1729 807 γενομένης,
1751 740 1981 793 πίπτου-

399 842 484 878 σιν
516 825 544 877 ὃ
576 841 634 876 τε
660 824 898 894 Τοῦρνος
928 825 1022 877 καὶ
1056 827 1083 877 ὁ
1108 825 1336 889 Λατῖνος
1357 842 1372 857 ⁸
1416 827 1515 898 τὴν
1539 829 1596 881 δὲ
1628 830 1787 899 νίκην
1824 831 1851 881 ὁ
1884 830 1981 885 Αί-

396 921 545 982 νεξας
603 921 923 988 κεκέμιστο,
978 920 1071 974 καὶ
1107 921 1209 991 τὴν
1240 922 1335 974 τοῦ
1366 924 1632 992 πενθεροῦ
1671 925 1993 995 βασιλείαν.·

397 1012 555 1064 Μετὰ
604 1011 662 1062 δέ
710 1028 831 1063 τινα
880 1011 1073 1079 χρόνον
1122 1014 1445 1083 συμμαχίας
1484 1016 1549 1068 ὲκ
1576 1016 1879 1089 Τυρσηνῶν
1929 1020 1978 1072 oi

368 1143 373 1146 ‹
413 1103 721 1156 Ῥουτοῦλοι
757 1105 1035 1173 τυχόντες,
1074 1104 1314 1173 ἐπῆλθον
1357 1104 1435 1175 τῷ
1483 1106 1693 1179 Αἰνείᾳ,
1745 1109 1840 1163 καὶ
1886 1109 1979 1163 τὸν

396 1198 635 1267 πόλεμον
681 1198 1062 1266 νενικήκασιν.
1110 1196 1350 1266 Ἀφανὴς
1383 1198 1437 1250 δὲ
1489 1200 1517 1251 ὁ
1567 1199 1786 1263 Αἰνείας
1822 1203 1974 1268 γενόο

402 1308 561 1360 μενος
595 1289 742 1362 (οὔτε
773 1291 882 1360 γὰρ
919 1288 1031 1352 ζῶν
1066 1288 1224 1360 ὤφθη
1256 1289 1358 1352 ἔτι,
1397 1290 1521 1344 οὔτε
1565 1292 1673 1362 μὴν
1721 1293 1973 1363 τεθνεὼς)

398 1384 473 1447 ὡς
527 1384 659 1446 Θεὸς
708 1385 864 1452 παρά
902 1382 1158 1446 Λατίνοις
1195 1383 1483 1452 τετίμητο.
1547 1384 1831 1439 Ἐντεῦθεν
1881 1387 1976 1439 καὶ

395 1479 511 1540 τοῖς
547 1475 842 1546 Ῥωμαίοις
877 1474 974 1529 τοῦ
1004 1476 1270 1546 σφετέρου
1315 1476 1508 1545 γένους
1541 1478 1861 1549 ἀρχηγέτης
1892 1496 1978 1531 νε-

395 1571 676 1639 νόμισται,
709 1570 804 1624 καὶ
840 1569 1116 1624 Αίνειάδαι
1151 1568 1439 1622 καλεῖσθαι
1472 1571 1723 1640 αὐχοῦσι.
1762 1571 1874 1641 Τὴν
1919 1570 1976 1624 δὲ

396 1661 510 1715 τῶν
542 1656 794 1715 Λατίνων
823 1661 997 1731 ἀρχὴν
1025 1663 1053 1713 ὁ
1079 1661 1291 1713 ἐκείνου
1327 1662 1442 1724 υίὸς
1489 1662 1778 1726 Ἀσκάνιος
1810 1662 1977 1715 διεδέ-

395 1755 546 1823 ξατο,
576 1754 634 1818 ὃς
663 1754 876 1808 οἴκοθεν
911 1755 1195 1809 συνείπετο
1222 1756 1299 1827 τῷ
1326 1756 1516 1827 πατρί’
1542 1757 1754 1812 οὐδέπω
1787 1759 1895 1829 γὰρ
1912 1760 1975 1813 ἐκ

390 1845 493 1913 τῆς
524 1846 813 1906 Λαουϊνίας
846 1846 1013 1900 παῖδα
1044 1848 1319 1916 ἐγείνατο,
1358 1848 1556 1918 ἔγκυον
1587 1850 1633 1903 δ’
1666 1850 1837 1922 αὐτὴν
1872 1868 1975 1905 κα-

392 1938 691 1993 τελέλοιπε.
758 1938 864 1991 Τὸν
922 1938 979 1991 δὲ
1048 1939 1335 1993 Ἀσκάνιον
1394 1941 1856 2005 κατακλείσαντες
1917 1942 1969 1994 οί

393 2030 666 2101 πολέμιοι,
699 2029 1059 2101 ἐπολιόρκουν
1081 2046 1096 2060 ⁶
1128 2032 1326 2095 νυκτὸς
1352 2031 1398 2087 δ’
1429 2034 1479 2087 oi
1526 2034 1750 2087 Λατῖνοι
1788 2036 1973 2099 αὐτοῖς

393 2122 736 2191 ἐπιθέμενοι,
776 2123 878 2194 τήν
902 2141 961 2177 τε
990 2123 1318 2204 πολιορκίαν.
1338 2125 1537 2181 ἔλυσαν
1567 2129 1660 2182 καὶ
1685 2126 1775 2180 τὸν
1809 2128 1973 2181 πόλει

396 2232 516 2283 μον.
550 2214 846 2283 Χρόνουδὲ
871 2214 1252 2288 διεληλυθότος
1297 2218 1698 2288 πληθυνθὲντες
1728 2223 1777 2274 ot
1806 2222 1972 2276 Λατῖο

391 2323 494 2369 νοι,
545 2306 643 2377 τὴν
679 2307 780 2378 μὲν
813 2294 1059 2362 πόλιν⁸τὺ
1106 2309 1398 2363 Λαουΐνιον
1429 2311 1480 2364 οἱ
1517 2312 1766 2376 πλείονες
1814 2315 1972 2367 ἐκλε-

389 2397 664 2464 λοίπασιν,
695 2399 892 2471 ἑτέραν
923 2399 970 2453 δ’
1003 2401 1064 2454 ὲν
1089 2402 1339 2471 ἀμείνονι
1378 2401 1535 2476 χώρᾳ
1583 2405 1972 2477 ἀντῳκοδόμη-

391 2509 515 2553 σαν,
547 2492 613 2561 ἣν
650 2490 858 2546 Ἀλσαν
905 2493 970 2547 ἐκ
1015 2492 1115 2564 τῆς
1168 2493 1520 2566 λευκότητος,
1558 2498 1656 2550 καὶ
1709 2499 1821 2552 ἀπὸ
1872 2499 1967 2554 τοῦ

395 2583 602 2654 μήκους
650 2584 877 2653 Λόγγαν
927 2585 1316 2655 ἐπωνόμασαν,
1350 2588 1561 2643 εἴποιεν
1605 2589 1672 2645 ἂν
1708 2592 1971 2662 ’Έλληνες

390 2678 589 2744 λευκὴν
624 2678 719 2730 καὶ
776 2677 1021 2748 μακράν.
1073 2678 1365 2732 Ἀσκανίου
1409 2680 1467 2734 δὲ
1520 2681 1965 2753 τελευτήσαντος,

386 2770 438 2821 οἱ
470 2770 689 2823 Λατῖνοι
721 2769 814 2823 τὸν
849 2771 917 2823 ὲκ
948 2770 1048 2840 τῆς
1074 2770 1373 2834 Λαουϊνίας
1404 2771 1480 2842 τῷ
1501 2774 1694 2844 Αἰνείᾳ
1722 2776 1837 2829 υἱὸν
1887 2778 1968 2840 είς

389 2860 490 2928 τὴν
524 2860 807 2931 βασιλείαν
857 2861 1308 2933 προετιμήσαντο
1360 2861 1453 2915 τοῦ
1498 2863 1786 2918 ’Δσκανίου
1841 2883 1969 2919 παι-

388 2953 498 3015 δὸς,
533 2952 622 3006 διὰ
646 2951 739 3005 τὸν
771 2952 1000 3007 πάππον
1029 2952 1122 3006 τὸν
1150 2953 1380 3007 Λατῖνον
1405 2953 1599 3007 τοῦτον
1633 2956 1968 3025 προκρίναν-

387 3058 503 3106 τες,
558 3043 798 3100 Σιλούῖον
856 3043 1218 3115 κεκλημένον.
1276 3045 1373 3097 Ἐκ
1406 3045 1652 3098 Σιλουΐου
1674 3046 1732 3100 δὲ
1766 3047 1962 3119 ἐτέχθη

386 3133 625 3201 Αἰνείας,
657 3135 716 3203 ἐξ
749 3134 965 3189 Αἰνείου
999 3136 1055 3189 δὲ
1088 3136 1320 3199 Λατῖνος
1348 3137 1585 3204 ἐγένετο,
1630 3138 1860 3192 Λατῖνον
1901 3138 1960 3192 δὲ

2083 660 2245 714 quam
2282 645 2591 711 videretur,
2637 662 2667 701 a
2701 648 2912 703 Latinis
2944 666 3047 718 pro
3080 650 3184 705 deo
3213 654 3397 710 cultus
3419 668 3523 711 est.
3558 659 3660 715 llic

2082 736 2340 791 Romame
2380 755 2598 808 quoque
2638 741 2817 810 gentis
2847 751 3038 796 auctor
3069 746 3415 812 perhibetur,
3446 750 3656 807 Aﬂnea-

2082 826 2211 879 dum
2273 830 2695 896 appellationem
2771 832 3130 889 honorificam
3208 838 3315 892 sibi
3379 840 3655 898 ducentis.

2082 915 2265 972 [Ehem
2314 920 2368 971 in
2409 936 2576 987 regno
2603 920 2927 976 Latinorum
2976 924 3247 981 Ascanius
3293 928 3459 995 filius,
3497 931 3659 1002 Troja

2081 1016 2293 1076 patrem
2329 1019 2578 1068 secutus.
2616 1014 2902 1067 successit.
2953 1014 3198 1071 Necdum
3226 1020 3373 1073 enim
3400 1022 3571 1075 filium
3605 1026 3655 1078 ei

2081 1097 2308 1152 Lavinia
2329 1110 2639 1170 pepererat,
2656 1118 2943 1171 praegnans
2969 1106 3179 1160 relicta.
3204 1109 3337 1162 Cum
3363 1111 3654 1166 Ascanium

2081 1190 2268 1245 hostes
2311 1192 2649 1257 obsiderent,
2688 1193 2869 1248 Latini
2902 1211 2998 1250 eos
3027 1209 3194 1253 noctu
3231 1200 3434 1266 adorti,
3473 1212 3525 1256 et
3558 1204 3657 1257 ob-

2080 1282 2348 1336 sidionem
2391 1292 2445 1336 ct
2498 1284 2702 1338 bellum
2758 1287 3168 1353 propulsarunt.
3220 1290 3396 1345 Annis
3449 1292 3658 1361 alquot

2077 1373 2300 1440 elapsis,
2330 1374 2646 1429 abundante
2678 1375 2886 1430 Lavinii
2910 1379 3285 1446 multitudine,
3311 1383 3563 1454 plerique
3590 1402 3657 1440 eo

2080 1465 2502 1525 relicto.Albam
2530 1469 2745 1538 longam
2780 1469 2832 1522 in
2856 1470 2979 1525 loco
3010 1474 3238 1528 meliore
3258 1477 3654 1532 condiderunt.

2079 1560 2315 1616 Ascmio
2362 1560 2645 1628 defuncto,
2685 1562 2863 1617 Latini
2899 1563 3143 1635 Sylvium
3173 1566 3360 1622 Enen:
3386 1584 3454 1623 ex
3490 1570 3655 1623 Lavi-

2079 1652 2164 1705 nia
2196 1653 2388 1713 illium,
2426 1652 2478 1706 in
2510 1669 2699 1725 regno,
2740 1655 2958 1710 Ascanii
3014 1656 3127 1711 filio
3185 1670 3410 1729 propter
3436 1664 3520 1716 avi
3552 1664 3654 1716 La-

2079 1743 2178 1798 tini
2209 1744 2550 1810 memoriam,
2579 1747 2964 1824 prastulerunt.
2990 1746 3207 1820 Sylvius
3225 1749 3453 1806 [Eneam
3480 1767 3650 1815 creat.

2078 1836 2124 1892 is
2152 1835 2350 1892 deinde
2384 1835 2658 1903 Latinum,
2695 1837 2891 1892 Latino
2914 1842 3182 1894 successit
3206 1843 3401 1914 Padys.
3429 1844 3642 1899 Tiberi-

2079 1943 2205 1993 nus,
2234 1929 2328 1999 qui
2367 1936 2491 1997 post
2529 1929 2805 1997 regnavit,
2830 1930 2883 1983 in
2910 1930 3078 1985 fluvio
3104 1932 3300 1988 Albula
3326 1936 3653 1992 submersus

2072 2029 2158 2074 est
2189 2039 2202 2076 :
2236 2020 2332 2091 qui
2363 2021 2563 2076 fluvius
2600 2020 2826 2077 Romam
2853 2022 3152 2092 perfluens,
3183 2035 3240 2080 et
3270 2027 3394 2081 urbi
3427 2028 3494 2082 ad
3534 2031 3654 2098 plu-

2075 2113 2242 2168 rimos
2275 2129 2408 2169 usus
2447 2124 2795 2184 opportunus
2842 2124 3011 2184 atque
3059 2117 3411 2183 utilissimus,
3459 2121 3526 2174 ab
3561 2122 3653 2174 illo

2072 2202 2293 2257 Tiberis
2320 2219 2521 2258 nomen
2554 2205 2788 2274 accepit.
2842 2204 2911 2261 Et
2945 2205 3190 2261 Tiberini
3220 2210 3459 2277 posteris
3497 2223 3653 2266 ortus

2070 2308 2155 2352 est
2182 2296 2456 2362 Amulius,
2504 2297 2672 2351 homo
2705 2298 2999 2367 superbus,
3034 2315 3203 2369 seque
3239 2317 3339 2371 pro
3369 2302 3477 2356 deo
3519 2321 3652 2358 ven-

2071 2387 2247 2443 ditare
2277 2403 2445 2443 ausus
2480 2406 2493 2441 :
2537 2387 2631 2458 qui
2659 2404 2783 2443 cum
2825 2390 3096 2445 machinis
3124 2391 3289 2462 314
3316 2392 3649 2461 quibusdam

2071 2479 2318 2535 tonitrua
2348 2481 2669 2547 tonitribus,
2700 2482 2916 2552 fulgura
2949 2483 3261 2553 fulguribus
3294 2486 3547 2548 referret.
3583 2504 3649 2542 ac

2068 2570 2301 2627 fulmina
2344 2573 2689 2643 iacularetur
2716 2612 2731 2637 ,
2788 2575 2971 2629 subita
3012 2578 3374 2634 inundatione
3406 2582 3643 2651 paludis,

2068 2664 2135 2719 ad
2170 2679 2334 2733 quam
2371 2664 2675 2728 habitabat,
2712 2667 2896 2734 periit.
2942 2683 3048 2721 una
3079 2684 3202 2723 cum
3236 2672 3383 2741 regia
3426 2673 3647 2728 demer-

2068 2771 2187 2811 sus.
2221 2756 2531 2812 Luentinus
2562 2757 2706 2812 filius
2731 2760 2852 2828 ejus
2879 2759 2932 2812 in
2958 2760 3104 2815 bello
3135 2776 3309 2818 caesus
3338 2773 3440 2819 est.
3466 2764 3646 2833 Atque

2069 2850 2185 2904 haec
2213 2849 2282 2906 de
2326 2850 2559 2905 Lavinio
2604 2862 2661 2906 et
2703 2853 2954 2908 Albanis.
2998 2855 3229 2910 Romani
3278 2873 3410 2912 vero
3459 2870 3643 2913 ortum

2067 2943 2346 2999 duxerunt
2386 2961 2416 2999 a
2464 2945 2753 3000 Numitore
2803 2956 2859 3001 et
2895 2949 3111 3002 Amulio
3144 2949 3399 3005 Luentini
3425 2954 3644 3023 nepoti-

2066 3034 2193 3100 bus,
2249 3032 2437 3090 IEnea:
2497 3037 2750 3105 posteris.
2801 3038 2881 3091 Ad
2936 3055 3073 3108 quos
3096 3056 3221 3094 cum
3254 3042 3440 3096 Albini
3490 3044 3641 3112 regni

2067 3129 2347 3183 successio
2375 3130 2698 3197 pertineret,
2731 3146 2959 3200 regnum
2982 3142 3038 3186 et
3071 3135 3359 3201 pecuniam
3393 3136 3641 3190 dividere

385 3227 653 3293 διεδέξατο
704 3214 910 3292 Πάστις
961 3228 1098 3300 (76).
1153 3227 1436 3297 Τιϐερῖνος
1495 3228 1541 3281 δ’
1570 3228 1743 3301 ἄρξας
1801 3228 1961 3300 μετέι

2071 3220 2382 3275 voluerunt.
2437 3221 2690 3277 Amulius
2740 3224 2907 3292 igitur
2957 3240 3123 3293 regno
3163 3229 3394 3281 scorsim
3433 3231 3636 3297 positu.

386 3337 569 3386 πειτα,
601 3321 661 3375 ἐν
692 3320 923 3391 ποταμῷ
970 3321 1297 3390 καλουμένῳ
1337 3319 1607 3390 Ἀλὸούλῳ
1647 3320 1852 3385 πεσὼν,
1884 3322 1966 3376 δι-

385 3412 599 3483 εφθάρη
622 3426 636 3441 '
664 3411 724 3476 ὃς
748 3412 812 3483 δὴ
846 3413 1090 3482 ποταμὸς
1131 3413 1352 3483 Τίϐερις
1386 3413 1443 3479 ἐξ
1477 3413 1692 3466 ἐκείνου
1727 3430 1966 3482 μετωνο-

387 3506 591 3577 μάσθη,
645 3507 786 3577 ῥέων
833 3506 921 3560 διὰ
971 3507 1068 3576 τῆς
1124 3506 1365 3583 Ῥώμης,
1427 3509 1522 3560 καὶ
1579 3506 1656 3560 ὣν
1701 3510 1766 3577 τῇ
1806 3507 1965 3563 πόλει

383 3596 880 3667 πολυαρκέστατος,
910 3597 1005 3649 καὶ⁵
1046 3596 1346 3666 Ῥωμαίοις
1375 3598 1433 3659 ὲς
1460 3598 1530 3650 τά
1564 3596 1804 3666 μάλιστα
1829 3616 1966 3669 χρη-

382 3687 712 3758 σιμώτατος.
760 3688 1027 3756 Ἐκγονος
1073 3688 1130 3741 δὲ
1184 3687 1279 3741 τοῦ
1316 3689 1607 3759 Τιϐερίνου
1650 3690 1961 3761 Ἀμούλιος,

380 3777 442 3842 ὃς
480 3779 904 3850 ὑπερφρονήσας
953 3782 1047 3832 καὶ
1095 3778 1252 3832 θεοῦν
1285 3779 1481 3833 ἑαυτὸν
1524 3779 1831 3851 τολμήσας,
1884 3779 1963 3845 ὠς

385 3867 615 3939 βροντάς
644 3886 708 3924 τε
754 3872 878 3933 ταῖς
911 3870 1166 3941 βρονταῖς
1196 3874 1259 3924 ὲκ
1292 3872 1551 3942 μηχανῆς
1603 3873 1958 3941 ἀντεπάγειν,

381 3960 481 4015 καὶ
528 3961 964 4033 ἀνταστράπτειν
1008 3964 1127 4026 ταῖς
1156 3964 1489 4032 ἀστραπαῖς,
1520 3963 1849 4036 ὲνσκήπτειν
1898 3981 1960 4018 τε

380 4055 705 4126 κεραυνοὺς,
751 4053 1042 4125 διεφθάρη,
1078 4056 1178 4125 τῆς
1230 4056 1428 4127 λίμνης
1456 4057 1587 4127 παρ’
1618 4050 1652 4129 ᾖ
1683 4059 1753 4111 τὰ
1787 4055 1958 4112 αὐτοῦ

380 4143 631 4215 βασίλεια
671 4146 854 4217 ἵδρυτο
904 4146 1267 4217 ὶπιρῤυείσης
1323 4145 1612 4214 αἰφνίδιον,
1661 4148 1758 4200 καὶ
1791 4164 1961 4201 κατα-

379 4238 711 4307 ποπισάσης
746 4239 1003 4290 κάκεῖνον
1027 4236 1122 4290 καὶ
1155 4236 1221 4289 τὰ
1253 4234 1522 4306 βασίλεια.
1555 4239 1874 4301 Λουεντῖνος
1898 4237 1958 4292 δὲ

2069 3323 2136 3363 ac
2184 3309 2420 3379 pecunia
2468 3310 2681 3376 itidem,
2739 3312 2983 3380 optione,
3036 3314 3645 3379 fratri,alteriusutrius

2068 3397 2231 3463 data,
2283 3397 2563 3464 Numitor,
2620 3411 2680 3456 ut
2726 3412 2855 3455 natu
2908 3400 3104 3470 major,
3170 3418 3400 3473 regnum
3456 3405 3639 3473 elegit.

2064 3488 2320 3546 Amulius
2371 3505 2505 3545 vero
2571 3492 2808 3560 pecunia
2866 3502 3137 3563 accepta,
3199 3496 3640 3564 comparatisque

2065 3582 2244 3651 copiis
2277 3621 2293 3648 ,
2342 3583 2508 3637 etiam
2555 3599 2787 3653 regnum
2842 3583 2948 3639 sibi
2981 3586 3296 3641 vindicavit.
3337 3585 3641 3641 Numitoris

2065 3674 2214 3741 filiae,
2240 3678 2454 3732 veritus
2488 3693 2559 3733 ne
2593 3693 2661 3733 ex
2693 3692 2758 3732 ea
2786 3679 2902 3733 nati
2950 3678 3047 3734 ﬁlii
3078 3691 3269 3735 contra
3300 3695 3357 3735 se
3388 3681 3640 3749 insurge-

2063 3776 2210 3834 rent,
2259 3783 2387 3824 cum
2422 3785 2542 3824 eam
2579 3770 2853 3825 Vestalem
2886 3772 3128 3841 legisset,
3171 3781 3435 3843 perpetua
3473 3774 3638 3843 virgi-

2061 3861 2237 3916 nitate
2280 3876 2433 3930 spem
2467 3871 2658 3932 partus
2691 3862 2907 3917 adimit.
2949 3863 3057 3918 Sed
3093 3874 3216 3934 post
3252 3879 3561 3934 compressa
3607 3882 3640 3919 a

2061 3952 2254 4018 Marte,
2286 3963 2347 4007 ut
2385 3952 2726 4018 fabulantur,
2766 3954 2835 4009 ab
2863 3954 3090 4009 homine
3124 3954 3313 4025 utique
3343 3956 3548 4025 aliquo,
3583 3964 3640 4010 et

2060 4046 2118 4100 in
2146 4045 2451 4101 custodiam
2494 4046 2642 4113 data,
2676 4061 2746 4101 ne
2780 4046 2974 4103 fcetum
3007 4048 3148 4103 clam
3181 4047 3395 4114 ederet,
3428 4048 3637 4117 gemel-

2058 4138 2144 4194 los
2193 4153 2421 4209 magnos
2460 4148 2517 4193 et
2559 4140 2841 4210 elegantes
2894 4140 3130 4210 peperit.
3184 4139 3300 4205 Qua
3347 4155 3408 4194 re
3466 4140 3637 4209 magis

2058 4229 2285 4285 territus
2313 4229 2587 4295 Amulius,
2616 4229 2854 4286 infantes
2878 4232 3078 4300 exponi
3110 4231 3275 4301 jussit
3309 4248 3323 4284 :
3355 4247 3496 4300 quos
3524 4231 3633 4284 mi-

375 4329 406 4381 δ
451 4329 565 4389 υἱὸς
596 4327 764 4382 αὑτοῦ
811 4329 871 4380 ὲν
917 4326 1141 4397 πολέμῳ
1185 4327 1445 4380 ἀπέθανε.
1503 4330 1613 4382 Καὶ
1644 4327 1821 4383 ταῦτα
1855 4329 1956 4400 μὲν

2071 4323 2233 4378 uislel’
2265 4324 2420 4378 alveo
2444 4322 2753 4393 impositos,
2790 4323 2844 4378 in
2875 4323 3120 4379 Tiberim
3148 4323 3375 4378 fluvium
3408 4323 3621 4394 abjicit.

384 4420 517 4490 περὶ
553 4420 844 4474 Λαουϊνίου
872 4420 967 4473 καὶ
1011 4419 1305 4473 Ἀλὸανῶν.
1328 4420 1410 4472 Τὰ
1438 4420 1495 4473 δὲ
1522 4423 1630 4474 τῶν
1667 4421 1957 4490 Ῥωμαίων

2071 4416 2327 4471 laterum
2385 4416 2542 4470 alveo
2595 4416 2649 4471 in
2696 4417 2879 4471 locum
2935 4417 3155 4471 mollem
3201 4416 3405 4480 delato,
3445 4417 3633 4485 lupam

373 4510 553 4581 ἀρχὴν
601 4511 871 4580 ἐσχήκασι
918 4509 1010 4562 τὸν
1058 4508 1345 4579 Νομίτορα
1381 4525 1441 4561 τε
1492 4509 1710 4563 καὶτὸν
1751 4511 1954 4579 Ἀμού-

2071 4508 2247 4564 ierunt
2304 4509 2609 4579 infantibus
2658 4524 2927 4564 mammas
2980 4508 3303 4579 praebuisse,
3353 4516 3408 4564 et
3439 4506 3633 4563 Picum

371 4603 510 4668 λιον,
545 4602 593 4656 οἳ
628 4603 951 4657 Λουεντίνου
991 4601 1092 4672 μὲν
1121 4602 1373 4669 ἐγένοντο
1402 4601 1609 4668 υἱωνοὶ,
1638 4602 1733 4656 τοῦ
1781 4603 1827 4656 δ’
1853 4604 1952 4655 Δί-

2071 4603 2317 4657 martium
2349 4605 2634 4658 custodem
2667 4602 2987 4667 accessisse,
3019 4602 3111 4671 qui
3147 4602 3229 4655 eis
3264 4601 3420 4657 bolos
3447 4602 3503 4655 in
3534 4618 3634 4657 ora

374 4695 523 4749 νείου
596 4695 876 4763 ἀπόγονοι.
932 4695 1044 4762 Τῆς
1101 4693 1233 4760 γοῦν
1310 4697 1370 4748 ἐν
1422 4694 1600 4766 ’Δλϐῃ
1676 4694 1957 4764 βασιλείας

2071 4693 2368 4761 ingesserit.
2428 4693 2667 4747 Infantes
2718 4693 2828 4747 illic
2869 4694 3025 4757 sitos,
3086 4694 3378 4748 Faustulus
3429 4693 3634 4748 Amulii

375 4790 517 4840 κατὰ
546 4786 800 4857 διαδοχὴν
836 4785 1237 4855 περιελθούσης
1268 4786 1473 4848 αὐτοῖς,
1506 4787 1798 4855 νείμασθαι
1822 4786 1958 4841 ταύ-

2071 4786 2324 4841 ιυῦυιουε
2372 4787 2510 4841 clam
2554 4787 2823 4851 sublatos,
2856 4786 3010 4841 uxori
3039 4785 3351 4842 Laurentia:
3387 4786 3636 4841 educan-

372 4895 475 4946 την
512 4878 791 4946 ἠθέλησαν
827 4878 923 4930 καὶ
957 4878 1025 4929 τὰ
1051 4877 1334 4947 χρήματα.
1377 4879 1483 4930 ἰὀῦ
1525 4879 1815 4948 Ἀμουλίου
1848 4879 1954 4933 τοί-

2071 4874 2158 4931 los
2219 4877 2372 4931 dedit
2420 4894 2454 4930 ι.
2493 4878 2839 4946 alterumque
2876 4877 3195 4937 Romulum,
3244 4878 3478 4931 alterum
3530 4877 3635 4929 lt.-

373 4986 471 5021 νυν
521 4967 629 5039 ίδίᾳ
675 4968 776 5037 μὲν
820 4968 892 5019 τὰ
942 4968 1205 5038 χρήματα
1257 4967 1464 5032 θέντος,
1528 4968 1636 5039 ἰδίᾳ
1671 4969 1729 5021 δέ
1764 4985 1827 5037 γε
1858 4971 1958 5041 τὴν

2071 4983 2205 5022 num
2247 4970 2565 5043 appellavit.
2609 4970 2844 5035 Quidam
2885 4982 3144 5024 asserunt
3199 4969 3388 5039 (idque
3424 4970 3632 5039 proba-

375 5060 673 5133 βασιλείαν,
716 5057 814 5112 καὶ
847 5058 907 5123 ἐξ
947 5061 1152 5129 ἀμφοῖν
1180 5059 1272 5113 τὸν
1304 5059 1534 5129 ἀδελφὸν
1563 5064 1957 5131 προτρεψαμέ-

2071 5062 2249 5124 uilius,
2295 5072 2462 5131 atque
2519 5063 2659 5116 adeo
2711 5064 2900 5118 verius
2929 5066 3033 5133 εει)
3067 5080 3174 5117 non
3206 5063 3391 5134 lupam
3437 5076 3630 5116 eorum

372 5170 491 5219 νου,
524 5152 551 5205 ὃ
579 5150 717 5223 πρὸς
743 5150 939 5222 βουλῆς
962 5150 1112 5221 αὐτῷ
1145 5150 1523 5217 ἐπιλέξασθαι,
1547 5151 1645 5223 τὴν
1677 5152 1957 5222 βασιλείαν

2071 5153 2329 5207 iutricem
2360 5154 2555 5216 fuisse,
2618 5156 2711 5209 sed
2751 5155 3100 5209 Laurentiam
3145 5157 3364 5224 vulgato
3398 5166 3631 5221 corpore

372 5245 551 5299 εἵλετο
595 5246 624 5298 ὁ
666 5243 953 5314 Νομίτωρ,
988 5244 1084 5298 ἅτε
1138 5243 1234 5296 καὶ
1279 5243 1652 5315 πρεσϐύτερος
1702 5246 1950 5312 deum.

2078 5261 2239 5315 upam
2269 5255 2536 5311 vocatam,
2572 5246 2751 5301 locum
2791 5248 2989 5302 fabulae
3026 5247 3262 5301 dedisse.

372 5338 576 5397 Λαϐὼν
609 5335 667 5389 δὲ
698 5337 769 5388 τὰ
791 5338 1059 5408 χρήματα
1085 5335 1115 5388 δ
1159 5334 1469 5405 Ἀμούλιος,
1500 5338 1595 5390 καὶ
1619 5336 1853 5407 δύναμιν
1882 5340 1949 5390 ὲκ
1986 5337 2194 5390 τούτων
2232 5338 2725 5408 περιϐαλλόμενος,
2769 5340 2865 5391 καὶ
2894 5340 2992 5409 τὴν
3022 5337 3302 5408 βασιλείαν
3354 5334 3628 5402 egens—.0.

372 5436 658 5509 Θυγατρδς
694 5444 751 5497 δὲ
778 5442 855 5513 τῷ
887 5442 1156 5513 Νομίτορι
1189 5438 1379 5511 οὔσης,
1409 5437 1598 5503 δεδιὼς
1646 5439 1723 5512 μὴ
1762 5441 1952 5503 παῖδες
1992 5439 2052 5504 ἐξ
2098 5440 2268 5509 αὐτῆς
2314 5439 2581 5506 γένοιντο.
2650 5439 2745 5491 καὶ
2790 5439 3250 5503 κατεξανασταῖεν
3297 5434 3482 5495 αὑτοῦ,
3551 5432 3625 5483 ἰέ-

375 5546 530 5601 ρειαν
603 5533 701 5606 τῆς
763 5535 994 5598 Ἐστίας
1039 5536 1258 5605 ἐκείνην
1307 5532 1618 5599 ἀπέδειξεν,
1668 5533 1882 5603 ἄγαμον
1934 5531 2024 5586 διὰ
2055 5532 2235 5597 τοῦτο,
2280 5534 2375 5586 καὶ
2412 5531 2682 5602 παρθένον
2729 5531 2818 5584 διὰ
2862 5532 2983 5597 βίου
3031 5533 3334 5597 μέλλουσαν
3381 5528 3624 5581 ἕσεδθαι.

383 5625 450 5678 Ἠ
485 5626 541 5679 δὲ
572 5627 775 5681 κύουσα
826 5627 1084 5699 ἐφωράθη
1143 5628 1441 5697 μετέπειτα
1484 5624 1589 5677 ὑπὸ
1623 5625 1840 5692 Ἄρεος,
1907 5624 1982 5686 ὡς
2025 5624 2342 5694 μυθεύεται,
2374 5623 2464 5676 ὑπ’
2528 5619 2832 5693 ἀνθρώπων
2864 5620 2920 5672 δὲ
2947 5621 3160 5682 τεά-,τως
3203 5620 3368 5681 τινός.
3418 5618 3624 5689 Εἴρχθη

1566 5762 1774 5823 Variae
1812 5762 2118 5824 lectiones
2167 5771 2224 5824 et
2266 5769 2451 5823 noue.

448 5893 562 5959 ('16)
594 5892 799 5959 Πάδις.
835 5891 1007 5949 Codd.
1033 5892 1203 5963 Regg.
1238 5898 1294 5947 et
1315 5887 1473 5945 Colb.
1515 5887 1738 5951 Πὰστις.
