4060 6394
441 415 542 477 5,41
1751 401 2027 463 JUANNl

2138 398 2432 458 ἱΟΝΑΙῖιΕ
3601 399 3630 459 5
3647 398 3708 461 i3

441 519 536 577 οὖν
567 523 657 577 διὰ
688 521 870 586 τοῦτο,
915 520 1003 572 ἵνα
1053 517 1130 588 μὴ
1158 515 1295 587 λάθῃ
1326 510 1583 577 τεκοῦσα,
1617 510 1712 564 καὶ
1760 510 1914 563 ἔτεκε
1961 506 2219 577 διδύμους
2287 505 2508 568 παῖδας,
2570 505 2842 575 μεγάλους
2891 523 2950 558 τε
3018 504 3107 559 καὶ
3143 506 3364 570 καλούς.
3403 506 3622 562 Μᾶλλον
3666 509 3726 562 δὲ

444 619 708 688 φοϐηθεὶς
740 619 768 670 ὁ
805 613 1118 684 Ἀμούλιος,
1161 608 1414 663 ἐκέλευσε
1468 607 1537 659 τὰ
1570 604 1746 675 βρέφη
1814 601 2061 673 ριφῆναι.
2103 600 2214 655 Καὶ
2247 600 2276 651 ὁ
2320 597 2495 650 ταῦτα.
2544 596 2727 651 λαϐὼν
2761 599 2947 672 σκάφῃ
2993 600 3308 670 ἐνθέμενος,
3371 601 3634 672 ἐμϐάλλει
3667 604 3726 654 ἐν

442 711 521 781 τῷ
559 709 792 779 ποταμῷ
828 707 904 775 τῷ
936 703 1197 771 Τιῦέριδι.
1228 699 1564 770 Παρασύραν
1625 697 1681 750 δὲ
1711 697 1812 766 τὴν
1884 693 2102 762 σκάφην
2137 693 2196 744 τὸ
2237 693 2442 763 ῥεῦμα,
2494 689 2573 752 εἰς
2630 709 2750 744 τινα
2803 691 2980 761 χιῖρον
3036 695 3344 761 κατήνεγκε
3413 692 3722 762 μαλθακόν.

448 805 623 854 Ἔνθα
659 799 938 869 κειμένοις
977 801 1089 858 τοῖς
1139 795 1388 865 βρέφεσι,
1442 791 1706 844 λύκαιναν
1759 788 2034 858 ἱστοροῦσι
2076 786 2410 856 προσιοῦσαν
2439 787 2606 858 θηλὴν
2675 787 2941 856 παρέχειν
2979 786 3187 851 αὐτοῖς,
3223 789 3316 838 καὶ
3349 786 3499 854 ὄρνιν
3564 785 3725 854 δρυο-

446 895 728 962 κ’,λὰπτην
776 895 1034 961 παρεῖναι
1073 886 1246 941 ταῦτα
1302 883 1620 954 ψωμίζοντα
1673 883 1767 933 καὶ
1823 879 2183 948 φυλάττοντα.
2266 878 2415 930 Ἑκεί
2464 878 2520 930 δὲ
2548 878 2781 945 κείμενα
2826 878 2894 930 τὰ
2969 876 3144 947 βρέφη
3215 875 3396 930 λαθὼν
3471 874 3727 944 ἁφεί).ε;ό

445 1005 528 1047 τις
588 985 876 1054 Ἀμουλίου
917 979 1240 1050 συοφορϐὶς,
1275 975 1614 1036 Φαυστοῦλος
1668 975 2023 1043 καλούμενος,
2067 972 2160 1024 καὶ
2232 971 2385 1040 παρᾶ
2445 970 2542 1038 τῆς
2571 971 2783 1022 ἐκείνου
2827 970 3145 1038 ἐτράφησαν
3173 969 3455 1036 γυναικὸς,
3545 968 3722 1036 ὄνομα

447 1079 743 1147 Λαρεντία·
779 1076 927 1130 καὶὸ
966 1074 1064 1144 μὲν
1103 1071 1404 1141 Ῥωμύλος,
1440 1070 1537 1124 ὁδ’
1569 1070 1753 1139 ἕτερος
1805 1068 2018 1136 Ῥῶμος
2086 1063 2422 1134 ἐκλήθησαν,
2475 1054 2634 1127 Τινὲς
2683 1063 2740 1116 δὲ
2790 1063 2866 1133 μὴ
2920 1061 3185 1116 λύκαιναν
3233 1060 3371 1115 εἶναί
3421 1080 3555 1130 φασι
3627 1064 3730 1130 τὴν

445 1171 554 1222 τῶν
609 1169 818 1221 παίδων
866 1165 1092 1236 τροφὸν,
1123 1164 1150 1216 ὃ
1186 1165 1280 1216 καὶ
1310 1161 1710 1232 πιθανώτερον,
1762 1161 1794 1232 ἢ
1853 1158 2224 1228 ἀληθέστερον
2295 1155 2553 1227 μάλιστα,
2617 1155 2792 1226 ἀρχὴν
2837 1157 2894 1209 δὲ
2937 1155 3031 1209 τὸν
3077 1155 3238 1223 λόγον
3315 1155 3458 1208 οὕτω
3523 1157 3728 1211 λαίεὶκ-

447 1263 668 1326 Λούπας
701 1259 927 1314 καλοῦσι
967 1257 1232 1327 Ῥωμαῖοι
1275 1258 1372 1316 τάς
1402 1274 1459 1308 τε
1489 1255 1773 1317 λυκαίνας,
1804 1253 1898 1306 καὶ
1964 1253 2062 1314 τὰς
2104 1249 2328 1320 ἑταίρας
2355 1265 2369 1279 ·
2443 1250 2820 1320 πορνευομένη
2866 1249 2912 1301 δ’
2944 1250 2977 1319 ἡ
3006 1249 3280 1318 Λαρεντία
3308 1247 3341 1319 ἢ
3375 1252 3501 1312 τοὺς
3532 1252 3732 1311 παῖδας

445 1360 736 1432 ἐθρέψατο,
774 1357 866 1410 καὶ
899 1354 1072 1408 λούπα
1110 1354 1200 1406 διὰ
1224 1351 1381 1406 τοῦτο
1412 1351 1744 1422 καλουμένη,
1768 1349 1951 1420 χώραν
1975 1347 2054 1417 τῷ
2091 1345 2248 1416 μύθῳ
2280 1345 2610 1415 παρέσχετο.

516 1429 583 1507 ll.
651 1450 789 1506 Cum
852 1448 1088 1518 primuttt
1151 1447 1391 1502 adolevit
1455 1455 1632 1510 aetas,
1687 1447 1852 1499 ambo
1906 1459 2027 1497 ant-

2200 1437 2275 1493 B'.
2302 1437 2670 1508 Αύξανόμενοι
2703 1435 2759 1489 δὲ
2785 1434 3092 1505 θυμοειδεῖς
3123 1429 3289 1506 ἦσαν,
3313 1434 3408 1489 καὶ
3435 1434 3730 1506 ἀνδρώδεις

448 1544 590 1598 mosi
643 1551 698 1597 et
750 1541 920 1596 fortes
971 1539 1441 1594 evaserunt:sed
1481 1539 1752 1592 Romulus
1808 1535 2028 1606 iugi-nio

2138 1531 2460 1601 ἀμφότεροι.
2519 1529 2581 1583 ’0
2627 1528 2684 1582 δὲ
2727 1527 3005 1597 Ῥωμύλος
3045 1526 3224 1579 ἐδόκει
3278 1527 3493 1582 emicet
3539 1529 3731 1600 διαφο-

446 1644 711 1708 praestare
779 1633 965 1696 visus,
1029 1641 1084 1685 et
1141 1631 1210 1685 ad
1276 1630 1659 1700 imperandum
1731 1645 1892 1700 quant
1956 1627 2025 1682 ad

447 1724 941 1795 obtemperantium
975 1723 1156 1791 aptior
1199 1722 1417 1776 habitus
1465 1732 1568 1776 est.
1602 1721 1803 1775 Exorta
1863 1718 2030 1787 igitur

447 1821 593 1874 inter
648 1816 954 1872 Numitoris
1002 1825 1058 1868 et
1108 1813 1312 1868 Amulli
1356 1822 1608 1883 pastores
1656 1813 1792 1874 rixa,
1826 1811 2028 1865 fratres

447 1911 572 1964 illos
602 1908 842 1972 caedunt,
887 1915 943 1960 et
988 1922 1239 1976 magnam
1266 1907 1500 1960 armenti
1533 1914 1742 1973 partem
1771 1904 2023 1974 abigunt.

446 2001 721 2057 Postridie
761 1999 1065 2053 Numitoris
1116 2007 1360 2067 pastores
1392 1998 1625 2051 Remum
1667 2013 1792 2052 eum
1836 1997 2026 2066 paucis

450 2092 575 2146 aliis
601 2091 972 2144 ambulantem
1003 2104 1070 2141 ex
1099 2089 1316 2143 insidiis
1345 2089 1547 2152 adorti,
1578 2088 1643 2142 ad
1679 2088 2024 2143 Numitorem

449 2181 834 2252 pertrahunt:
872 2179 964 2247 qui
1005 2179 1288 2232 Amulium
1336 2180 1560 2232 fratrem
1611 2188 1869 2248 precatus
1918 2187 2026 2244 est,

453 2284 510 2328 ut
540 2273 644 2328 sibi
690 2274 780 2343 jus
818 2286 980 2326 suum
1020 2273 1376 2334 tr.buerctur,
1432 2271 1597 2341 315
1631 2272 1700 2326 ab
1737 2272 1885 2325 illius
1931 2271 2030 2326 do-

449 2367 693 2422 mesticis
720 2367 918 2436 insigni
946 2367 1148 2421 ail‘t-cto
1173 2365 1393 2435 injuria.
1424 2365 1470 2418 Is
1493 2364 1765 2418 Numitori
1794 2365 2028 2419 Remum

449 2460 516 2513 ad
552 2459 887 2529 supplicium
931 2458 1104 2513 dedit.
1159 2457 1262 2523 Qui
1308 2456 1532 2510 domum
1566 2472 1867 2526 regressus,
1899 2471 2027 2511 cum

447 2552 855 2607 adolescentem
906 2550 1285 2621 magnitudine
1331 2559 1387 2605 et
1420 2550 1618 2604 robore
1665 2559 2025 2620 praestantem

449 2643 689 2706 videret,
748 2644 980 2714 ejusque
1035 2643 1340 2706 fidentiam,
1395 2652 1451 2697 et
1499 2642 1724 2696 minime
1764 2641 2024 2696 servilem

449 2733 690 2788 indolem
723 2734 1037 2796 miraretur,
1087 2733 1199 2786 leni
1232 2747 1386 2794 voce,
1435 2733 1527 2802 qui
1573 2740 1630 2787 et
1673 2732 1820 2788 unde
1860 2741 2027 2788 natus

2141 1619 2401 1692 ρὼτερος,
2432 1621 2528 1674 καὶ⁹
2559 1621 2888 1691 ἡγεμονικὸς
2927 1618 3133 1688 μᾶλλον
3164 1618 3264 1690 τὴν
3295 1620 3488 1688 φύσιν,
3514 1620 3548 1691 ἢ
3604 1640 3728 1675 rm-

2138 1714 2425 1783 θαρχικό,.
2462 1714 2770 1783 Γενομένης
2821 1712 2878 1764 δέ
2916 1728 3048 1764 ποτε
3087 1712 3223 1780 πρὸς
3260 1713 3388 1775 τοὺς
3419 1713 3732 1784 Νομίτορος

2139 1803 2434 1874 βαυκὸλους
2461 1806 2573 1868 τοῖς
2601 1805 2696 1856 τοῦ
2738 1803 3026 1871 ’Λμουλίου
3059 1804 3352 1874 διαφορᾶς,
3383 1807 3732 1874 συγκόπτου-

2141 1917 2228 1953 σιν
2278 1901 2481 1964 αὐτοὺς
2537 1901 2584 1953 οἱ
2639 1900 2964 1968 ὁμαίμονες,
3018 1899 3242 1969 καὶτῆς
3282 1898 3488 1969 ἀγέλης
3526 1903 3730 1968 συχνὴν

2136 1993 2539 2062 ἀποτέμνονται
2582 1995 2800 2062 μοῖραν.
2849 1992 3013 2062 Μόνῳ
3056 1991 3113 2044 δὲ
3158 1991 3236 2060 τῷ
3284 1990 3479 2062 Ῥώμῳ
3516 1992 3636 2061 μεθ’
3668 1994 3732 2063 ή-

2141 2091 2318 2157 μέρας
2346 2089 2444 2141 σὺν
2485 2087 2689 2157 ὀλίγοις
2722 2088 2904 2152 ἄλλοις
2939 2089 3232 2158 βαδίζοντι,
3268 2091 3315 2142 οἱ
3351 2089 3444 2143 τοῦ
3489 2090 3731 2158 Νομίτο-

2141 2195 2235 2249 ρος
2292 2179 2542 2250 βουκόλοι
2609 2181 2962 2252 λοχήσαντες,
3024 2182 3322 2236 συνέλαὸον
3378 2182 3566 2247 αὑτὸν,
3632 2183 3730 2236 καὶ

2137 2267 2430 2337 ἀπήγαγον
2477 2268 2612 2339 πρὸς
2659 2270 2982 2339 Νομίτορα’
3020 2273 3115 2324 καὶ
3160 2271 3220 2334 ὃς
3253 2272 3392 2344 πρὸς
3437 2273 3727 2342 Ἀμούλιον

2137 2358 2330 2424 ἐλθὼν,
2369 2359 2538 2413 ἐδεῖτο
2557 2364 2741 2430 τυχεῖν
2770 2361 2954 2430 δίκης,
2988 2362 3218 2433 ἀδελφὸς
3251 2362 3328 2416 ῶν
3356 2367 3450 2417 καὶ
3482 2367 3586 2418 ὑπὸ
3618 2367 3730 2418 τῶν

2138 2451 2357 2504 οἰκείων
2409 2451 2576 2504 αὑτοῦ
2629 2452 2988 2524 ὑϐρισμένος.
3035 2455 3095 2508 '0
3147 2456 3206 2509 δὲ
3256 2455 3602 2526 παραδίδωσι
3647 2459 3728 2529 τῷ

2135 2544 2403 2614 Νομίτορι
2432 2545 2521 2598 τὶν
2566 2543 2802 2616 Ῥῶμον,
2849 2547 2923 2609 ὼς
2962 2547 3206 2618 βούλοιτο
3256 2550 3588 2621 χρήσασθαι.
3630 2553 3728 2616 '0;

2138 2635 2280 2688 οἴκοι
2330 2634 2526 2699 ἐλθὼν,
2581 2638 2792 2692 καὶτὸν
2825 2639 3114 2694 νεανίσκον
3169 2641 3312 2712 ὁρῶν
3346 2643 3726 2716 ὑπερφέροντα

2139 2728 2364 2801 μεγέθει
2412 2731 2509 2783 καὶ
2547 2729 2733 2802 ῥώμῃ.
2790 2732 2884 2785 καὶ
2931 2733 2991 2786 τὸ
3041 2734 3344 2805 θαρραλέον
3402 2738 3592 2803 αὑτοῦ,
3633 2740 3730 2792 καὶ

452 2834 618 2890 esset,
651 2835 825 2896 rugat.
861 2825 956 2880 Ille
997 2825 1288 2881 intrrritus
1322 2824 1641 2894 respondet,
1684 2841 1743 2882 se
1776 2826 2029 2896 geminos

2138 2819 2446 2873 ἀδούλωτον
2497 2822 2596 2890 τῆς
2633 2821 2813 2890 ψυχῆς
2873 2822 3194 2892 θαυμάζων,
3237 2826 3523 2896 ἀνέκρινεν
3575 2829 3728 2891 ὅστις

449 2916 646 2969 fratres
695 2930 819 2969 esse
878 2933 891 2967 :
948 2924 1159 2969 natales
1221 2930 1352 2970 suos
1418 2931 1652 2971 arcanos
1703 2932 1867 2982 esse,
1927 2933 2032 2972 nu-

451 3005 799 3060 tricationem
855 3013 912 3060 et
960 3004 1281 3059 alimoniam
1349 3005 1632 3061 mirabiles
1690 3008 2029 3072 memorari,

451 3097 689 3148 ferarum
768 3101 824 3148 et
886 3094 1172 3148 volucrum
1242 3095 1602 3160 ministerio,
1668 3111 1795 3150 cum
1877 3097 2036 3166 juxta

450 3200 708 3255 magnum
766 3184 972 3239 flumen
1036 3187 1091 3238 in
1153 3187 1310 3239 alveo
1351 3187 1642 3255 jacerent,
1705 3187 1800 3256 qui
1852 3186 2036 3241 adhuc

450 3283 713 3338 exstaret,
747 3277 908 3328 aereis
941 3275 1162 3330 laminis
1202 3275 1512 3339 devinctus,
1536 3277 1794 3330 obscuris
1823 3276 2032 3332 litteris

453 3366 667 3421 incisis.
731 3364 1006 3418 Numitori
1054 3379 1122 3419 ex
1168 3365 1326 3419 Remi
1357 3365 1544 3420 verbis
1577 3375 1632 3419 et
1661 3369 1817 3420 vultu
1854 3367 2038 3438 tetigit

451 3457 697 3512 animum
731 3457 997 3510 memoria
1046 3457 1284 3511 filiorum
1317 3455 1462 3519 filize.
1505 3459 1599 3526 qui
1634 3460 1872 3527 expositi
1901 3459 2040 3515 fuis-

452 3557 598 3602 sent.
643 3548 714 3602 At
754 3546 1054 3602 Faustulus
1099 3545 1259 3600 Remi
1290 3546 1611 3617 captivitate
1651 3549 1893 3619 cognita,
1923 3551 2038 3605 Ro-

455 3639 667 3693 mulum
692 3641 760 3694 ad
810 3655 972 3707 onem
1017 3639 1174 3695 fratri
1209 3639 1493 3695 ferendam
1523 3642 1792 3697 hortatur
1829 3661 1843 3698 :
1883 3659 2041 3712 aper-

454 3741 618 3802 teque
649 3731 834 3794 docet,
859 3741 920 3785 ut
948 3733 1062 3786 nati
1085 3742 1292 3787 essent.
1313 3730 1449 3788 Nam
1480 3733 1640 3804 prius
1668 3750 1767 3805 per
1783 3736 2041 3806 ambages

452 3825 508 3879 id
551 3825 913 3896 significant,
942 3839 1010 3882 ne
1055 3826 1365 3882 humilibus
1412 3839 1602 3882 essent
1635 3828 1884 3882 animis:
1923 3829 2041 3898 ipse

450 3933 578 3971 cum
618 3919 775 3972 alveo
807 3919 874 3972 ad
916 3917 1262 3973 Numitorem
1313 3919 1541 3974 territus
1578 3930 1860 3989 properat.
1901 3919 2041 3975 Cum

450 4023 637 4067 autem
679 4012 1006 4067 custodibus
1052 4012 1254 4067 aedium
1302 4011 1509 4067 Amulii
1547 4021 1839 4084 suspectus
1872 4023 2041 4080 esset,

2134 2908 2242 2979 εῐη,
2294 2909 2390 2962 καὶ
2438 2910 2561 2964 ὅθεν
2594 2912 2827 2978 γένοιτο,
2863 2917 3018 2985 φωνῇ
3055 2916 3260 2988 πραείᾳ
3296 2931 3308 2946 ⁸
3357 2917 3387 2970 ὁ
3415 2920 3472 2972 δὲ
3507 2919 3729 2990 θαρρῶν

2135 2997 2344 3066 ἔλεγεν,
2390 3000 2466 3064 ὡς
2507 3001 2732 3071 Δίδυμοί
2768 3004 2937 3072 ἐσμεν
2976 3007 3230 3077 ἀδελφοίο
3285 3011 3439 3076 γοναὶ
3477 3011 3536 3065 δὲ
3569 3013 3728 3082 ἡμῶν

2133 3089 2440 3162 ἀπόρρητοι
2497 3092 2772 3162 λέγονται,
2841 3097 2937 3150 καὶ
2991 3101 3196 3170 τροφαὶ
3253 3103 3351 3156 καὶ¹
3401 3104 3728 3176 τιθηνήσεις

2136 3181 2612 3256 θαυμασιώτεραι,
2633 3185 2844 3258 θηρίοις
2874 3192 2970 3242 καδι
2997 3193 3208 3255 οίωνοῖς
3233 3195 3551 3264 τραφέντων
3577 3215 3648 3250 πα
3660 3199 3729 3268 ρὰ

2136 3277 2228 3328 τὸν
2260 3276 2438 3346 μέγαν
2483 3282 2753 3350 ποταμὸν,
2786 3283 2845 3335 ὲν
2874 3283 3057 3356 σκάφῃ
3094 3287 3201 3338 τινὶ
3250 3289 3542 3357 κειμένων,
3576 3291 3609 3360 ἢ
3646 3293 3730 3345 ἔτι

2139 3366 2398 3433 σώζεται,
2434 3371 2660 3440 χαλκοῖς
2704 3373 3035 3445 ύποξώμασι
3074 3380 3426 3448 γραμμάτων
3465 3382 3728 3452 ἀμυδρῶν

2137 3459 2664 3532 ἐγκεχαραγμένων.
2702 3465 2762 3520 '0
2805 3467 2909 3536 μὲν
2958 3465 3054 3522 οὖν
3104 3470 3364 3542 Νομίτωρ
3395 3474 3508 3537 τοῖς
3538 3491 3599 3528 τε
3630 3475 3724 3529 λό·

2139 3567 2258 3618 γοις
2289 3551 2382 3606 τοῦ
2429 3553 2668 3626 Ῥώμου,
2697 3558 2792 3611 καὶ
2815 3561 2882 3630 τῇ
2910 3558 3032 3629 ὄψει
3071 3561 3210 3632 πρὸς
3252 3564 3464 3619 ἔννοιαν
3499 3566 3598 3637 τῆς
3624 3569 3722 3620 έκ-

2141 3639 2346 3706 θέσεως
2391 3644 2501 3699 τῶν
2543 3647 2643 3717 τῆς
2685 3648 2956 3719 θυγατρὸς
3010 3653 3240 3723 ὲνήγετο
3299 3657 3531 3712 παίδων.
3573 3659 3633 3712 '0
3671 3660 3729 3713 δὲ

2139 3732 2483 3797 Φαυστοῦλος
2530 3735 2630 3806 τὴν
2677 3736 2772 3790 τοῦ
2815 3738 3030 3810 Ῥώμου
3069 3741 3260 3810 μαθὼν
3315 3743 3606 3815 σύλληψιν,
3634 3747 3728 3799 τὸν

2143 3826 2243 3896 μὲν
2285 3825 2568 3894 Ῥωμύλον
2599 3828 2817 3902 βοηθεῖν
2874 3833 3204 3902 παρεκάλει,
3241 3836 3362 3889 τότε
3413 3838 3602 3907 σαφῶς
3650 3839 3732 3891 δι-

2140 3915 2312 3981 δάξας
2369 3917 2536 3972 αὐτὸν
2592 3920 2723 3991 περὶ
2776 3921 2876 3990 τῆς
2926 3924 3220 3992 γενέσεως.
3274 3927 3550 3998 Πρότερον
3619 3930 3730 4000 γὰρ

2145 4009 2494 4082 ὑπῃνίττετο,
2529 4010 2658 4065 ὥστ’
2685 4013 2886 4075 αὐτοὺς
2929 4015 3006 4085 μὴ
3033 4019 3445 4088 μικροφρονεῖν.
3475 4018 3648 4083 Αὐτὸς
3671 4021 3730 4074 δὲ

449 4120 514 4159 ac
550 4105 607 4160 in
645 4105 1104 4175 responsionibus
1156 4105 1468 4169 vacillaret,
1520 4113 1578 4160 et
1622 4106 1838 4161 alveum
1885 4115 2031 4160 veste

2144 4103 2244 4174 τὴν
2297 4104 2516 4175 σκάφην
2569 4105 2812 4176 κομίζων
2860 4107 3061 4179 ἐχώρει
3119 4110 3258 4180 πρὸς
3301 4111 3394 4164 τὸν
3425 4110 3731 4182 Νομίτορα,

450 4207 637 4268 tegere
698 4206 994 4269 satageret,
1049 4199 1225 4253 latere
1279 4199 1404 4252 illos
1449 4213 1561 4252 non
1613 4198 1842 4267 potuit:
1895 4198 2029 4268 quin

448 4307 576 4344 eum
616 4291 806 4345 furtivi
861 4290 1072 4360 aliquid
1113 4289 1257 4345 ferre
1291 4291 1525 4360 opinati,
1559 4290 1778 4345 alveum
1820 4290 1876 4344 in
1913 4307 2028 4345 me-

448 4383 601 4437 dium
657 4382 990 4452 proferrent.
1042 4383 1183 4437 Tum
1228 4393 1414 4437 autem
1468 4383 1546 4436 ibi
1575 4382 1798 4451 quidam
1836 4398 2030 4437 eorum

448 4475 662 4539 aderat,
691 4475 785 4544 qui
822 4490 1026 4544 pueros
1055 4485 1425 4544 exposuerant
1456 4493 1468 4529 :
1507 4476 1602 4544 qui
1637 4476 1794 4530 alveo
1820 4476 2028 4546 agnito,

450 4563 518 4618 ad
549 4563 828 4619 Amulium
857 4566 1123 4630 accurrit,
1155 4575 1213 4619 et
1242 4580 1359 4618 rem
1392 4565 1637 4620 nuntiat.
1671 4565 1970 4620 Faustulus
1999 4581 2032 4621 a

449 4671 578 4728 rege
606 4657 999 4728 interrogatus,
1021 4675 1226 4730 pueros
1250 4659 1556 4716 incolumes
1579 4676 1703 4717 esse
1722 4662 2027 4732 respondit,

450 4750 546 4804 sed
575 4751 768 4818 procul
805 4749 875 4805 ab
905 4751 1046 4806 Alba
1080 4753 1323 4822 pecudes
1356 4769 1606 4825 pascere.
1634 4754 1864 4809 Alveum
1894 4770 2030 4810 vero

449 4856 509 4895 se
533 4839 734 4895 aﬂ‘erre
764 4841 874 4896 Ilia:
898 4857 1200 4910 puerorum
1231 4845 1416 4911 matri,
1437 4860 1564 4899 eum
1590 4845 1779 4900 videre
1806 4845 2030 4900 deside-

351 4952 362 4960 ·
448 4932 615 4986 ranti.
672 4930 768 4986 llis
801 4935 1054 4990 turbatus
1086 4935 1361 5002 Amulius,
1412 4937 1702 5006 quemdam
1733 4936 1801 4991 ad
1835 4937 2030 4990 Nunti-

449 5030 629 5078 torem
681 5023 871 5088 mittit,
925 5033 1339 5093 percontatum,
1401 5040 1470 5079 an
1523 5024 1856 5095 superstites
1907 5039 2032 5080 esse

446 5128 653 5185 pueros
690 5115 1035 5171 audivisset?
1077 5117 1128 5172 ls
1172 5131 1327 5182 vero,
1373 5131 1539 5187 quem
1567 5117 1813 5182 miserat,
1841 5116 2035 5172 Numi-

447 5208 586 5262 toris
635 5207 850 5263 amicus
893 5219 1014 5264 erat
1047 5228 1061 5264 :
1101 5209 1198 5279 qui
1243 5223 1371 5263 cum
1407 5223 1596 5264 senem
1627 5209 1685 5263 in
1724 5207 1882 5263 Remi
1913 5223 2034 5263 am-

447 5306 610 5374 plexu
645 5305 966 5370 invenisset,
1006 5305 1088 5361 eis
1111 5305 1327 5360 animos
1357 5303 1592 5369 addidit,
1621 5312 1679 5359 et
1703 5318 1818 5358 rem
1846 5311 2030 5358 matu-

448 5413 572 5450 rare
598 5397 766 5465 jussit
795 5417 809 5452 :
847 5408 1014 5466 atque
1044 5397 1163 5466 ipse
1193 5397 1362 5450 etiam
1396 5395 1716 5466 adjumento
1743 5395 1870 5450 fuit.
1911 5394 2031 5450 Jam

2141 4197 2386 4267 σπουδῆς
2416 4199 2510 4251 καί⁵
2544 4198 2696 4262 δέους
2730 4203 2949 4270 μεστός.
2987 4202 3113 4266 Τοῖς
3144 4203 3202 4256 δὲ
3243 4207 3373 4275 περὶ
3404 4207 3504 4268 τὰς
3550 4205 3728 4269 πύλας

2135 4285 2233 4341 τοῦ
2277 4287 2562 4357 Ἀμουλίου
2600 4292 2863 4361 φρουροῖς
2913 4291 3288 4363 ὑφορώμενος,
3322 4293 3417 4346 καὶ
3462 4293 3730 4364 ταραττό-

2137 4397 2298 4451 μενος
2326 4381 2460 4452 περὶ
2487 4381 2588 4444 τὰς
2617 4384 2970 4452 ἀποκρίσεις,
3018 4385 3119 4437 οὐκ
3158 4384 3318 4436 ἔλαθε
3363 4383 3462 4455 τὴν
3509 4385 3730 4456 σκάφην

2134 4475 2212 4544 τῷ
2257 4473 2514 4544 χλανιδίῳ
2568 4474 3018 4543 περικαλύπτων.
3066 4476 3468 4541 ’Υπολαϐόντες
3503 4476 3562 4529 δὲ
3601 4477 3729 4530 κλο-

2137 4563 2372 4634 πιμαῖόν
2431 4580 2484 4616 τι
2542 4563 2732 4634 φέρειν
2772 4565 2955 4630 αὐτὸν,
3011 4568 3092 4628 είς
3148 4566 3314 4636 μέσον
3368 4567 3467 4637 τὴν
3508 4567 3728 4636 σκάφην

2137 4655 2473 4724 προήγαγον.
2515 4654 2714 4724 Ἔτυχε
2758 4653 2815 4706 δέ
2849 4671 2934 4716 τις
2979 4653 3173 4725 παρὼν
3211 4655 3327 4706 ἐκεῖ
3357 4654 3468 4706 τῶν
3503 4654 3570 4706 τὰ
3600 4671 3729 4707 παι·

2133 4748 2296 4818 δάρια
2321 4746 2658 4816 ἐκθεμένων,
2691 4746 2751 4811 ὃς
2777 4746 2876 4818 τὴν
2910 4747 3127 4817 σκάφην
3159 4747 3459 4817 γνωρίσας,
3503 4744 3728 4814 δραμὼν

2136 4839 2337 4911 φράζει
2363 4840 2441 4910 τῷ
2483 4841 2781 4911 Ἀμουλίῳ.
2838 4841 2950 4894 Καὶ
2977 4840 3006 4891 ό
3052 4841 3395 4904 Φαυστοῦλος
3441 4840 3732 4911 ἀνακρινό-

2139 4948 2300 5002 μενος
2349 4933 2505 5004 παρὰ
2537 4933 2632 4985 τοῦ
2660 4931 2952 5002 βασιλέως,
2984 4932 3257 4997 σώζεσθαι
3308 4933 3410 5003 μὲν
3443 4935 3571 4997 τοὺς
3603 4936 3731 4987 παῖ-

2134 5024 2231 5088 δας
2259 5025 2543 5090 κατέθετο,
2573 5025 2765 5097 πόρρω
2794 5024 2854 5078 δὲ
2877 5025 2977 5096 τῆς
3007 5026 3218 5096 ’Λλὸης
3256 5025 3526 5096 νέμοντας
3558 5024 3726 5080 εἶναι·

2134 5118 2234 5188 τὴν
2269 5118 2328 5172 δὲ
2365 5118 2584 5189 σκάφην
2625 5119 2763 5189 πρὸς
2813 5119 2914 5188 τὴν
2975 5118 3142 5172 Ἰλίαν
3194 5119 3447 5188 κομίζειν
3478 5119 3578 5189 τὴν
3612 5119 3727 5171 τῶν

2135 5210 2344 5264 παίδων
2398 5210 2634 5282 μητέρα,
2679 5208 2956 5264 ποθοῦσαν
3008 5209 3161 5266 ἰδεῖν.
3200 5210 3625 5282 Τεταραγμένος
3667 5211 3729 5265 δὲ

2133 5302 2346 5368 τούτοις
2389 5305 2679 5374 Ἀμούλιος
2719 5303 2894 5375 ἄνδρα
2945 5303 3084 5374 πρὸς
3140 5303 3233 5359 τὸν
3287 5305 3569 5377 Νομίτορα
3622 5310 3726 5359 πέ..

2137 5411 2345 5462 πομφε,
2387 5394 2796 5463 πυνθανόμενος
2831 5395 2883 5446 εί
2903 5411 2958 5446 τι
3001 5394 3164 5464 μάθοι
3193 5398 3324 5469 περὶ
3359 5397 3468 5451 τῶν
3514 5397 3726 5450 παίδων

450 5488 720 5543 Romulus
747 5503 972 5559 quoque
1021 5488 1212 5542 aderat
1259 5487 1314 5541 in
1355 5487 1628 5557 proximo,
1670 5502 1795 5541 cum
1836 5501 2031 5556 magna

2138 5485 2210 5547 ῶς
2248 5485 2574 5554 περιόντων·
2599 5481 2666 5554 ἦν
2695 5485 2751 5538 δὲ
2790 5485 2900 5539 τῶν
2934 5486 3106 5554 φίλων
3140 5489 3168 5540 ὁ
3199 5489 3474 5558 πεμφθεὶς
3504 5488 3582 5558 τῷ
3620 5490 3728 5542 Νο-

449 5577 746 5644 agrestium
781 5593 950 5632 manu
994 5595 1009 5632 :
1063 5577 1132 5630 ad
1176 5592 1342 5646 quem
1395 5575 1600 5631 civium
1648 5591 1869 5646 quoque
1916 5590 2030 5629 non

452 5669 635 5734 pauci,
687 5669 815 5724 odio
869 5669 1073 5723 Amulii
1128 5685 1190 5724 se
1251 5671 1623 5724 contulerant.
1681 5667 1797 5723 Hoc
1841 5683 2031 5722 rerum

454 5767 597 5810 statu
654 5759 926 5823 Amulius,
978 5760 1122 5814 nihil
1180 5763 1438 5818 salutaris
1488 5761 1710 5818 consilii
1777 5761 2033 5831 operisve

455 5850 698 5919 molitus,
739 5853 1035 5907 occiditur.

2018 6023 2029 6056 ί

2144 5576 2354 5646 μίτορι.
2396 5575 2677 5631 Ἀπελθὼν
2706 5576 2825 5642 οὖν,
2863 5577 2958 5630 καὶ
2988 5580 3046 5630 ὲν
3077 5579 3439 5649 περιπλοκαῖς
3465 5579 3560 5632 τοῦ
3591 5580 3728 5632 Ῥώ-

2146 5685 2248 5737 μου
2291 5667 2548 5737 εύρηκὼς
2595 5668 2687 5721 τὸν
2724 5668 3030 5741 Νομίτορα,
3067 5670 3453 5743 παρεθάρρυνέ
3496 5688 3580 5736 τε,
3631 5674 3727 5725 καὶ

2145 5761 2222 5829 μὴ
2261 5759 2480 5830 μέλλειν
2515 5760 2699 5821 αὐτοῖς
2728 5761 3109 5825 συνεϐούλευε,
3152 5765 3247 5816 καὶ
3286 5765 3448 5828 αὐτὸς
3481 5764 3538 5818 δὲ
3596 5783 3724 5818 συι-

2144 5853 2436 5922 έπραττεν.
2478 5853 2639 5905 Ἀοτι
2666 5852 2723 5906 δὲ
2747 5853 2842 5905 καὶ
2867 5853 2896 5903 ὁ
2937 5851 3214 5923 Ῥωμύλος
3244 5859 3409 5924 ἐγγὺς
3441 5852 3531 5925 ἦν,
3564 5861 3722 5926 χεῖρα
