4060 6398
429 411 535 475 ιιι

1734 408 2140 473 ANNALIUM
2177 412 2324 473 LIB.
2370 416 2473 477 VI.

3568 426 3680 490 550

422 528 624 601 συχνὴν
657 526 986 598 ἀγροικικὴν
1041 525 1407 596 ἐπαγόμενος,
1455 525 1549 579 καὶ
1608 526 1716 581 τῶν
1775 527 2009 582 πολιτῶν
2038 529 2095 582 δὲ
2134 530 2285 601 αὐτῷ
2332 532 2434 586 οὐκ
2479 531 2648 601 ὀλίγοι
2697 533 3029 605 προσῄεσαν,
3111 537 3261 607 μίσει
3315 538 3412 594 τοῦ
3482 541 3684 613 Ἀμου.

409 622 547 683 λίου,
574 620 634 684 ὃς
659 617 805 673 οὕτω
821 617 932 671 τῶν
964 616 1315 688 πραγμάτων
1349 616 1804 686 συνενεχθέντων,
1835 618 1987 671 οὐδὲν
2022 618 2083 673 ού
2095 637 2151 672 τε
2175 621 2415 689 πράξις,
2440 621 2565 675 οὔτε
2591 622 2890 691 βουλεύσας
2921 625 3214 696 σωτήριον,
3235 628 3502 701 ἀνῃρέθη.

482 714 560 766 1”.
599 711 885 782 Ῥωμύλος
927 711 1114 782 μέντοι
1142 714 1237 764 καὶ
1271 711 1502 783 Ῥῶμος,
1528 715 1628 784 τὴν
1658 713 1758 784 τῆς
1796 714 2002 786 Ἀλόης
2028 717 2082 776 Α

2180 715 2268 770 lll.
2316 718 2579 771 Romulus
2606 727 2663 773 et
2694 717 2920 783 Remus,
2948 718 3156 774 Albana
3187 738 3247 775 re
3282 722 3554 779 NumilOri
3578 742 3682 782 avo

408 802 710 875 ἠγεμονίαν
741 802 822 873 τῷ
856 803 1238 875 μητροπάτορι
1267 804 1577 874 νείμαντες,
1601 804 1697 857 καὶ
1727 808 1791 877 τῇ
1824 806 1979 876 μητρ¹

2100 805 2391 874 permissa,
2423 816 2478 862 et
2503 809 2653 878 justo
2686 809 2895 863 honore
2946 812 3108 863 matri
3144 811 3354 873 habito,
3393 829 3492 868 suo
3525 832 3681 873 more

406 897 576 967 τιμὴν
606 895 951 965 πρέπουσαν,
983 894 1107 948 καθ’
1139 896 1372 959 ἑαυτοὺς
1406 892 1549 950 εἶναι
1589 896 1817 966 ἔκριναν
1848 896 1993 970 (οὔτε

408 989 519 1059 γὰρ
560 987 841 1058 ἠνείχοντο
876 986 1169 1057 ἄρχεσθαι)
1202 988 1296 1040 καὶ
1327 987 1480 1041 πόλιν
1533 988 1837 1057 ἀναστῆσαι
1864 989 1993 1043 ἔνθα

407 1079 836 1150 προετράφησαν
900 1078 1116 1147 ἡθελον.
1168 1079 1541 1150 Ὠρμημένοις
1596 1079 1653 1133 δὲ
1707 1081 1844 1150 πρὸς
1890 1084 1992 1153 τὴν

405 1173 505 1243 τῆς
531 1173 741 1235 πόλεως
786 1172 1019 1241 δόμησιν
1059 1171 1296 1241 διαφορὰ
1330 1172 1531 1240 συνέϐη
1569 1175 1681 1233 τοῖς
1713 1173 1987 1242 ἀδελφοῖς,

407 1265 534 1335 περί
563 1282 621 1318 τε
666 1265 766 1334 τῆς
802 1265 1002 1335 ἀρχῆς,
1035 1266 1130 1317 καὶ
1166 1265 1295 1334 περὶ
1326 1265 1426 1334 τῆς
1473 1265 1708 1328 πόλεως,
1756 1268 1854 1321 καὶ
1901 1267 1990 1321 διὰ

408 1359 586 1428 μάχης
619 1357 929 1429 ἐχώρησαν,
963 1359 1020 1409 ἐν
1053 1352 1140 1429 ﬁo
1183 1356 1394 1423 Ῥῶμος
1427 1356 1724 1410 ἀπέθανεν.
1760 1359 1988 1429 Ἕτερος

401 1449 461 1502 δὲ
505 1449 662 1517 λόγος
716 1448 853 1519 ἔχει,
883 1447 959 1512 ὼς
986 1449 1083 1501 τοῦ
1123 1448 1406 1518 Ῥωμύλου
1439 1449 1537 1520 ἤδη
1573 1450 1784 1520 τάφρον
1830 1452 1989 1521 ὀρύτ-

402 1558 608 1604 τοντος.
645 1540 682 1612 ἢ
735 1541 835 1611 τῆς
886 1540 1100 1605 πόλεως
1155 1538 1298 1595 εἶναι
1349 1542 1715 1613 προτείχισμα
1766 1542 1983 1614 ἔμελλε,

404 1632 479 1699 πῆ
513 1630 615 1700 μὲν
641 1630 880 1698 ἀπεῖργε
908 1629 969 1683 τὸ
1008 1629 1172 1701 ἔργον
1201 1631 1230 1684 ὁ
1278 1630 1515 1700 Ῥῶμος,
1556 1631 1634 1701 πῆ
1669 1631 1727 1684 δὲ
1758 1633 1984 1703 ἐχλεύα-

400 1721 484 1784 ζε,
515 1721 611 1776 καὶ
639 1722 794 1783 τέλος
818 1721 1178 1792 διαλλόμενον
1203 1722 1393 1794 αὐτὴν,
1424 1722 1499 1785 ὡς
1543 1722 1980 1796 εὐεπιχείρητον,

400 1815 452 1866 οἱ
518 1814 616 1883 μὲν
669 1813 953 1884 Ῥωμύλου
990 1814 1354 1881 πατάξοντοςο
1417 1816 1468 1867 οἱ
1521 1815 1566 1869 δ’
1598 1818 1785 1886 ἐτέρου
1836 1818 1984 1881 τινὸς

401 1906 679 1976 ἱστοροῦσι
728 1909 939 1961 πεσεῖν.
975 1906 1141 1961 Ὅθεν
1172 1907 1267 1961 καὶ
1314 1907 1599 1979 ἐνομίσθη,
1632 1910 1724 1963 τὸν
1756 1927 1984 1979 στρατο-

401 1998 568 2052 πέδου
619 2000 831 2070 τάφρον
882 1998 1237 2071 τολμήσαντα
1266 2001 1495 2055 διελθεῖν
1526 2001 1674 2075 παρὰ
1701 2003 1801 2066 τὰς
1854 2021 1981 2059 συν-

396 2090 550 2161 ήθεις
595 2091 770 2155 ὀδοὺς,
820 2090 1212 2146 θανατοῦσθαι.
1276 2092 1335 2145 '0
1375 2092 1433 2145 δὲ
1478 2091 1755 2164 Ῥωμύλος
1803 2094 1980 2164 θάψας

397 2183 490 2236 τὸν
518 2183 773 2252 ἀδελφὸν,
814 2182 982 2255 ᾤκιζε
1021 2184 1122 2254 τὴν
1156 2184 1334 2251 πόλιν,
1365 2185 1458 2238 καὶ
1487 2184 1618 2255 βοῦν
1647 2186 1859 2257 ἄρρενα
1890 2205 1982 2242 συ-

397 2274 593 2341 ζεύξας
627 2275 838 2347 (inhiat,
871 2276 968 2331 καὶ
1003 2277 1225 2348 ἀρότρῳ
1253 2277 1404 2332 ὕννιν
1440 2279 1653 2351 χαλκῆν
1704 2280 1980 2349 ἐμϐαλὼν,

396 2367 566 2431 αὐτὸς
594 2369 694 2438 μὲν
725 2367 938 2423 αὔλακα
981 2369 1205 2440 βαθεῖαν
1237 2369 1544 2443 κυκλοτερῆ
1576 2373 1978 2443 περιέγραψεν,

394 2462 449 2513 oi.
492 2460 540 2514 δ’
565 2462 831 2532 ἑπόμενοι
866 2463 965 2526 τὰς
1014 2462 1244 2533 βώλους,
1277 2461 1344 2527 ἃς
1398 2464 1593 2534 ἀνίστη
1632 2464 1694 2519 τὸ
1723 2466 1978 2537 ἄροτρον,

396 2551 532 2605 εἵσω
576 2552 757 2616 πάσας
789 2555 888 2617 τῆς
936 2552 1177 2616 αὗλακος
1226 2554 1649 2626 περιέστρεφον,
1701 2557 1796 2610 καὶ
1843 2557 1979 2610 ὅπου

400 2645 500 2715 μὲν
528 2644 720 2715 ἔμελλε
756 2646 818 2700 τὸ
842 2647 1032 2718 τεῖχος
1071 2646 1417 2715 ἀνίστασθαι,
1451 2647 1635 2712 καθὼς
1667 2649 1906 2720 εἴρηται,
1946 2650 1982 2721 ἡ

399 2734 575 2802 αύλαξ
599 2738 884 2809 ἐτέτμητο.
924 2738 1096 2793 Ἔνθα
1128 2739 1184 2794 δὲ
1211 2737 1385 2802 πύλας
1412 2740 1618 2810 στῆσαι
1651 2740 1976 2809 διενοοῦντο,

393 2825 693 2896 διάλειμμα
725 2825 1008 2881 ἐποιοῦντο
1050 2828 1153 2900 τῆς
1184 2827 1442 2896 αὖλακος,
1480 2831 1539 2882 τὸ
1594 2830 1828 2902 ἄροτρον
1854 2832 1982 2886 ἀνέ-

395 2935 583 2988 χοντες
631 2918 891 2990 ὕπερθεν.
966 2922 1080 2976 Πᾶν
1122 2921 1224 2991 μὲν
1288 2922 1396 2990 γὰρ
1439 2925 1616 2993 τεῖχος
1667 2923 1980 2993 νομίζουσιν

397 3008 563 3076 ἱερόν.
601 3009 711 3071 Τὰς
737 3009 795 3062 δὲ
834 3008 1011 3073 πύλας
1043 3011 1203 3082 εἰπερ
1231 3012 1446 3083 ἥγηντο
1474 3014 1653 3084 ἱερὰς,
1682 3014 1783 3067 οὐκ
1820 3010 1887 3085 ἦν
1912 3015 1981 3069 τὰ

397 3097 499 3167 μὲν
552 3098 621 3152 δι’
657 3100 837 3153 αὐτῶν
898 3101 1166 3169 εἰσάγειν,
1222 3104 1291 3155 τὰ
1345 3103 1402 3156 δὲ
1455 3103 1814 3173 ἀποπέμπειν
1843 3105 1978 3170 ,τῶν

394 3189 737 3257 ἀναγκαίων,
765 3193 860 3246 καὶ⁸
897 3191 974 3262 μὴ
1008 3192 1292 3263 καθαρῶν.
1338 3194 1402 3246 Ἦ
1453 3193 1509 3246 δὲ
1540 3195 1718 3258 κτίσις
1748 3196 1846 3265 τῆς
1878 3196 1975 3249 πό-

392 3276 530 3341 λεως
577 3278 786 3349 ταύτης
834 3281 1021 3351 ἡμέρᾳ.
1071 3280 1364 3334 τετέλεστο
1392 3284 1459 3352 τῇ
1491 3282 1598 3352 πρὸ
1646 3281 1837 3337 ἕνδεκα
1874 3302 1976 3338 κα-

393 3368 598 3424 λανδῶν
631 3371 849 3436 Μαΐων,
913 3372 946 3442 ἠ
991 3372 1058 3425 ἂν
1091 3372 1178 3439 εῐη
1207 3373 1430 3442 εἰκοστὴ
1473 3373 1784 3443 Ἀπριλλίου
1815 3390 1828 3403 ⁶
1879 3377 1974 3429 καὶ

393 3459 495 3530 τὴν
522 3461 737 3532 ἡμέραν
763 3461 970 3533 ταύτην
1008 3463 1333 3534 ἑορτάζουσι
1373 3464 1661 3533 Ῥωμαῖοι,
1696 3463 1976 3531 γενέθλιον

392 3551 494 3622 τῆς
543 3553 805 3625 πατρίδος
839 3553 1220 3624 ὀνομάζοντες.
1269 3556 1676 3610 Ὀκτωκαίδεκα
1726 3556 1773 3608 δ’
1833 3552 1976 3611 εἶναι

404 3642 685 3713 Ῥωμύλος
709 3645 974 3700 ἐνιαυτῶν
1007 3647 1454 3719 ἀναγέγραπται,
1492 3649 1583 3702 ὅτε
1617 3649 1715 3719 τὴν
1758 3648 1977 3720 Ῥώμην

398 3733 722 3806 συνῴκισεν.
768 3737 992 3791 Ἔκτισε
1043 3737 1100 3791 δὲ
1138 3739 1309 3810 αὐτὴν
1360 3739 1490 3808 περὶ
1543 3740 1642 3808 τὴν
1689 3737 1783 3791 τοῦ
1836 3740 1976 3791 Φαυ-

397 3825 620 3880 στούλου
672 3826 892 3896 οἴκησιν
924 3843 939 3858 ·
973 3827 1259 3899 ὡνὸμαστο
1308 3828 1353 3882 δ’
1380 3830 1407 3881 ὁ
1446 3828 1625 3900 χῶρος
1684 3831 1973 3885 Παλάτιον.

396 3917 729 3989 κτισθείσης
778 3919 965 3989 μέντοι
997 3919 1095 3989 τῆς
1128 3919 1362 3984 πόλεως,
1396 3920 1520 3974 ὅσον
1561 3922 1661 3991 μὲν
1701 3920 1764 3974 ἐν
1794 3922 1980 3994 ἡλικίᾳ

396 4008 789 4080 στρατευσίμῳ
836 4009 1042 4080 πλῆθος
1077 4010 1194 4082 (77)
1254 4008 1571 4080 ἐτύγχανεν,
1602 4012 1683 4075 είς
1711 4028 1978 4082 στρατιω-

393 4099 525 4152 τικὰ
561 4099 730 4155 διεῖλε
767 4099 1152 4170 συντάγματα,
1185 4100 1420 4155 ἕκαστον
1450 4100 1508 4153 δὲ
1561 4101 1851 4171 σύνταγμα
1883 4119 1979 4155 πε-

393 4191 504 4254 ζῶν
534 4190 857 4263 τρισχιλίων
886 4186 954 4264 ἧν
986 4192 1081 4244 καὶ
1115 4190 1446 4262 τριακοσίων
1476 4190 1707 4244 ἱππέων.
1739 4191 1976 4263 Ἐκλήθη

393 4284 450 4338 δὲ
474 4282 701 4353 λεγεὼν,
735 4283 820 4338 ὅτι
848 4283 1073 4351 λογάδες
1102 4277 1244 4353 ἦσαν
1277 4282 1344 4334 ὲκ
1372 4282 1593 4336 πάντων
1620 4282 1671 4336 oi
1716 4282 1976 4354 μάχιμοι.

393 4375 518 4438 Τοῖς
565 4375 612 4429 δ’
637 4374 821 4439 ἄλλοις
854 4374 1014 4446 δήμῳ
1061 4375 1353 4445 ἐκέχρητο,
1393 4372 1490 4426 καὶ
1537 4373 1630 4427 τὸν
1657 4373 1834 4444 δῆμον
1875 4391 1977 4428 πο-

391 4466 623 4532 πούλονς
655 4458 967 4538 ὠνόμασεν,
994 4464 1119 4520 ὅθεν
1150 4466 1244 4519 καὶ
1271 4464 1422 4536 ποιρά
1459 4466 1579 4525 ταῖς
1613 4463 1823 4535 βίϐλοις
1853 4466 1976 4528 ταῖς

389 4560 644 4630 νομικαῐς
689 4556 1037 4628 ποπουλάρια
1087 4555 1360 4627 κέκληται
1414 4556 1449 4627 ἡ
1502 4555 1779 4626 δημοτική
1829 4556 1978 4624 ἀγω-

388 4657 462 4726 γή
512 4653 652 4724 (78).
693 4650 816 4707 Τῶν
865 4651 1058 4720 μέντοι
1088 4648 1575 4720 περιφανεστέρων
1602 4647 1753 4718 γένει
1785 4663 1844 4700 τε
1880 4647 1976 4700 καὶ

2099 898 2288 954 vivere
2316 900 2519 971 (neque
2547 900 2694 955 enim
2734 902 2991 957 ferebam
3019 902 3184 983 316
3227 904 3543 977 imperium)
3585 908 3682 964 de-

2097 999 2394 1044 creverunt
2422 1008 2433 1043 :
2465 999 2523 1045 et
2546 992 2763 1056 urbem,
2797 1006 2906 1061 quo
2949 992 3006 1046 in
3044 994 3168 1047 loco
3214 994 3431 1049 educati
3470 1008 3676 1066 essent,

2094 1083 2336 1137 condere
2379 1084 2698 1139 voluerunt.
2737 1084 2870 1138 Eam
2919 1100 3034 1140 rem
3067 1087 3338 1155 aggressis
3387 1088 3677 1155 fratribus,

2093 1173 2367 1230 discordia
2403 1176 2629 1231 incessit
2661 1178 2728 1232 de
2758 1177 3093 1246 principatu,
3120 1188 3176 1234 et
3210 1180 3278 1234 de
3311 1181 3448 1236 urbe
3476 1199 3489 1235 :
3526 1193 3680 1237 orta-

2091 1281 2199 1335 que
2269 1283 2453 1339 pugna
2524 1269 2730 1324 Remus
2800 1270 3097 1325 occiditur.
3168 1271 3289 1325 Alia
3359 1272 3503 1327 fama
3552 1285 3673 1341 est,

2091 1357 2327 1412 Romulo
2371 1358 2570 1413 fossam
2621 1358 2865 1412 fodiente
2920 1358 2973 1412 in
3033 1359 3438 1414 munimentum
3478 1361 3631 1415 urbis
3659 1403 3676 1425 ,

2091 1447 2321 1501 Remum
2370 1447 2426 1501 id
2470 1463 2611 1518 opus
2635 1449 2837 1518 partim
2883 1449 3255 1517 prohibuisse,
3291 1452 3494 1519 partim
3526 1452 3680 1507 deri—

2087 1538 2248 1603 sisse,
2274 1553 2339 1593 ac
2364 1538 2606 1610 denique
2643 1539 2981 1604 trausilissc,
3021 1549 3094 1602 ,ut
3121 1550 3379 1611 superato
3410 1541 3627 1598 facilem
3652 1559 3677 1600 τ

2085 1644 2262 1698 eaque
2312 1629 2381 1684 de
2432 1645 2600 1684 causa
2630 1630 2713 1685 vel
2765 1645 2796 1685 a
2837 1630 3096 1697 Romulo,
3132 1633 3219 1687 vel
3250 1632 3321 1687 ab
3353 1633 3463 1688 alio
3495 1633 3669 1689 ictum

2086 1719 2377 1777 cecidisse.
2422 1720 2580 1777 Unde
2629 1730 2915 1791 receptum
2950 1722 3043 1785 sit,
3074 1722 3168 1791 qui
3203 1721 3407 1778 fossam
3448 1733 3666 1779 castro-

2086 1825 2207 1864 rum
2254 1820 2451 1880 praeter
2500 1811 2691 1866 solitas
2724 1812 2842 1866 vias
2889 1813 3190 1878 transierit,
3241 1813 3424 1882 capite
3474 1815 3665 1884 plecti.

2085 1897 2356 1954 Romulus
2385 1913 2516 1953 vero
2562 1898 2735 1953 fratre
2777 1900 2996 1968 sepulto
3042 1899 3236 1954 urbem
3266 1901 3566 1956 condidit:
3611 1912 3672 1957 et

2086 1998 2244 2044 tauro
2298 2005 2477 2046 vaccae
2515 1991 2732 2062 juncto,
2790 2006 3049 2062 aereoque
3089 2008 3311 2047 vomere
3351 2004 3536 2049 aratro
3582 1995 3667 2050 in-

2084 2090 2253 2144 serto,
2287 2081 2404 2150 ipse
2435 2082 2651 2137 sulcum
2685 2082 3019 2152 profundum
3053 2083 3109 2138 in
3137 2085 3329 2139 orbem
3369 2093 3530 2140 terra:
3561 2085 3667 2139 im-

2083 2173 2286 2241 pressit
2318 2188 2333 2225 :
2361 2173 2456 2243 qui
2491 2174 2891 2243 sequebantur,
2924 2175 3113 2245 glebas
3139 2176 3207 2230 ab
3230 2186 3415 2231 aratro
3446 2192 3671 2232 eversas

2082 2278 2276 2319 omnes
2328 2264 2474 2319 intra
2525 2267 2740 2321 sulcum
2787 2277 3176 2336 reposuerunt.
3226 2268 3303 2322 Ac
3335 2268 3425 2322 ubi
3476 2286 3668 2323 murus

2080 2356 2448 2412 cxstruendus
2499 2365 2638 2424 erat,
2686 2358 2896 2423 sulcus,
2946 2366 3006 2411 ut
3057 2359 3268 2414 dictum
3315 2369 3421 2425 est,
3469 2361 3675 2416 ductus

2080 2445 2185 2501 fuit
2222 2465 2235 2502 :
2266 2447 2361 2502 ubi
2387 2463 2516 2503 vero
2539 2457 2729 2518 portas
2747 2457 3036 2504 exstruere
3064 2449 3454 2515 instituerunt,
3481 2463 3668 2507 aratro

2081 2552 2299 2592 sursum
2345 2538 2511 2603 elato,
2544 2540 2758 2593 sulcum
2793 2541 3209 2609 interrupcrunt
3241 2558 3254 2594 :
3291 2556 3419 2595 nam
3444 2558 3666 2599 onmem

2080 2643 2302 2683 murum
2349 2641 2600 2685 sanctum
2651 2639 2898 2686 censent.
2963 2632 3020 2686 Si
3078 2646 3210 2685 vero
3263 2641 3449 2700 portas
3493 2634 3663 2689 etiam

2081 2734 2304 2778 sanctas
2341 2730 2656 2789 censerent,
2707 2737 2816 2777 non
2867 2722 3055 2793 utique
3098 2738 3187 2777 res
3222 2725 3566 2779 necessarias
3608 2735 3670 2780 et

2080 2811 2413 2877 immuncfas,
2443 2826 2540 2881 per
2586 2827 2678 2867 eas
2728 2812 2812 2867 vel
2854 2812 3057 2868 inferre
3098 2813 3183 2868 vel
3210 2813 3406 2869 efferre
3447 2814 3664 2871 liceret.

2081 2902 2243 2959 Urbis
2271 2903 2564 2958 aediﬁcatio
2612 2919 2666 2958 XI
2713 2904 2839 2958 Kal.
2881 2904 3028 2968 Maii,
3067 2905 3172 2959 hoc
3198 2917 3302 2971 est,
3342 2922 3409 2960 xx
3461 2906 3669 2977 Aprilis

2079 3003 2164 3049 est
2197 2994 2452 3049 absoluta
2484 3012 2496 3048 :
2535 2993 2628 3064 qui
2662 2993 2781 3049 dies
2815 2995 3079 3049 Romanis
3116 2995 3293 3051 festus
3340 3006 3447 3063 est,
3482 3005 3539 3052 et
3569 3014 3668 3074 pa-

2082 3088 2198 3142 triae
2244 3088 2442 3142 natalis
2490 3088 2798 3158 appellatur
2840 3105 2853 3142 :
2891 3104 3002 3158 quo
3051 3100 3297 3159 tempore
3346 3102 3668 3147 memorant

2080 3179 2377 3233 Romulum
2423 3195 2556 3234 xvui
2605 3195 2876 3234 annorum
2929 3180 3120 3246 fuisse,
3167 3189 3221 3235 et
3261 3182 3453 3237 urbem
3500 3199 3569 3238 eo
3603 3183 3661 3239 in

2078 3271 2219 3330 loco.
2258 3272 2353 3326 ubi
2395 3271 2690 3327 Faustulus
2731 3271 3013 3338 habitarit,
3063 3272 3156 3342 qui
3192 3273 3465 3328 Palatium
3508 3274 3664 3334 dice-

2082 3372 2259 3428 retur,
2291 3363 2634 3420 condidisse.
2669 3365 2747 3420 Ea
2781 3364 3053 3435 perfecta,
3096 3366 3192 3436 qui
3227 3366 3452 3423 militari
3497 3378 3659 3423 aetate

2079 3464 2257 3514 erant.
2288 3469 2386 3508 eos
2419 3454 2473 3509 in
2504 3454 2748 3525 legiones
2781 3454 2908 3511 inde
2935 3455 3134 3520 dictas,
3170 3456 3320 3527 quod
3357 3459 3506 3513 bello
3542 3462 3660 3529 apti

2080 3560 2148 3599 ex
2174 3546 2432 3601 omnibus
2456 3546 2800 3615 legerentur,
2832 3548 3118 3605 distribuit
3150 3567 3163 3604 :
3206 3550 3427 3620 reliqui,
3468 3552 3664 3621 populi

2079 3637 2302 3692 nomine
2327 3639 2720 3707 censebantur,
2747 3651 2804 3697 et
2829 3642 2974 3712 apud
2996 3644 3411 3712 jureconsultos
3441 3644 3662 3714 plebeia

2078 3731 2223 3786 actio
2264 3732 2551 3802 popularis
2575 3746 2866 3791 vocantur.
2897 3728 3139 3791 Habebat
3173 3745 3356 3789 autem
3382 3745 3496 3789 tum
3523 3735 3668 3803 legio

2082 3822 2421 3876 termillenos
2444 3822 2677 3892 pedites,
2704 3833 2761 3879 et
2789 3832 3138 3880 trecentenos
3154 3825 3392 3894 equites.
3427 3824 3500 3877 Ex
3538 3825 3667 3879 illu-

2079 3912 2379 3968 strioribus
2398 3929 2623 3983 genere,
2645 3914 2964 3984 prudentia,
2986 3928 3041 3970 οι
3059 3915 3313 3970 instituto
3330 3919 3480 3982 vitat,
3505 3927 3664 3973 creat

2082 4015 2387 4070 senatores,
2425 4021 2564 4075 quos
2589 4006 2852 4074 patricios
2870 4008 3180 4061 nominavit
3208 4023 3518 4078 eorumque
3547 4024 3662 4066 cte-

2084 4106 2219 4158 tum.
2236 4105 2505 4152 senatum.
2533 4096 2830 4153 Senatores
2851 4114 3015 4168 porro
3035 4100 3296 4169 appellati
3322 4101 3477 4157 fuere
3492 4104 3662 4172 patri.

2080 4186 2174 4251 cii,
2208 4185 2325 4241 sive
2345 4186 2490 4256 quod
2521 4186 2883 4257 ingenuorum
2914 4188 3214 4244 liberorum
3234 4199 3419 4261 patres
3445 4205 3632 4248 essent
3658 4236 3664 4245 .

2083 4294 2182 4334 seu
2209 4279 2393 4348 potius
2434 4279 2581 4348 quod
2614 4287 2804 4347 patres
2844 4292 2978 4334 suos
3001 4278 3387 4336 demonstrare
3415 4292 3664 4351 possent,

2077 4370 2252 4428 nobili
2268 4371 2505 4441 quisque
2522 4380 2682 4426 ortus
2698 4385 2904 4442 genere
2928 4387 2943 4424 :
2962 4371 3078 4425 sive
3094 4387 3122 4425 a
3137 4373 3465 4441 patrocinio,
3488 4382 3545 4429 et
3560 4389 3665 4444 ope

2077 4464 2324 4521 ferenda.
2360 4463 2560 4520 Verum
2586 4463 2631 4518 is
2650 4464 2895 4534 proxime
2916 4464 2982 4518 ad
3002 4464 3222 4519 Romuli
3253 4480 3376 4521 men
3386 4474 3495 4520 tem
3514 4467 3662 4522 acci-

2078 4557 2209 4613 dere
2237 4556 2410 4612 videri
2428 4564 2615 4627 queat,
2639 4555 2735 4626 qui
2757 4571 2885 4611 eum
2923 4555 3148 4612 nomine
3190 4556 3553 4627 patriciorum
3584 4559 3662 4613 si-

2080 4650 2339 4721 gniﬁcare
2353 4649 2591 4704 voluisse
2608 4648 2933 4715 crediderit,
2960 4648 3372 4719 principibuset
3387 4650 3660 4720 potentis-

389 4746 628 4807 συνέσει,
662 4744 758 4798 καὶ
794 4742 913 4809 βίου
952 4742 1186 4814 αἱρέσει,
1223 4740 1421 4795 ἑκατὸν
1460 4739 1717 4805 ἀπέδειξε
1747 4739 1969 4811 βουλευ-

2082 4743 2228 4800 simis
2258 4742 2420 4812 317
2444 4742 2686 4797 civitatis
2705 4741 3032 4797 humiliores
3058 4742 3236 4813 patria
3261 4758 3393 4798 cura
3423 4744 3661 4813 comple-

385 4838 511 4904 τὰς,
546 4835 872 4906 πατρικίους
908 4835 1185 4904 ὀνομάσας
1211 4831 1416 4893 αὐτούς
1441 4832 1554 4905 (79)
1591 4847 1608 4863 °
1644 4833 1705 4885 τὸ
1734 4831 1789 4884 δὲ
1822 4831 1974 4901 σφῶν

384 4929 578 4983 λοιπὸν
637 4929 894 4999 σύστημα
954 4928 1177 4982 σενάτον
1241 4927 1714 4996 προσηγόρευσεν,
1771 4924 1800 4978 ὃ
1855 4927 1972 4979 ἐστι

385 5023 674 5094 γερουσία.
709 5020 997 5091 Πατρίκιοι
1031 5020 1220 5090 μέντοι
1254 5017 1304 5069 οἱ
1337 5016 1626 5087 βουλευταὶ
1653 5015 1966 5089 ἐπεκλήθη-

388 5130 513 5177 σαν,
549 5112 582 5180 ἢ
615 5114 698 5166 ὅτι
730 5111 937 5166 παίδων
968 5105 1111 5182 ἦσαν
1143 5107 1385 5179 γνησίων
1415 5106 1673 5176 πατέρες,
1704 5105 1738 5177 ἢ
1767 5105 1968 5176 μᾶλλον

383 5207 471 5261 ὃτι
508 5204 665 5260 αὐτοὶ
694 5204 941 5276 πατέρας
987 5199 1200 5256 ἑαυτῶν
1247 5198 1632 5254 ἀποδεικνύειν
1673 5196 1964 5267 ἠδύναντο,

2074 4836 2307 4892 ctendos
2335 4850 2457 4890 esse
2497 4853 2511 4889 :
2554 4835 2833 4904 simulque
2859 4834 3077 4906 plebem
3105 4851 3172 4890 eo
3198 4835 3507 4906 perducere
3546 4845 3662 4891 stu-

2074 4928 2286 4993 duisse,
2305 4942 2373 4981 ne
2390 4927 2738 4997 superiorum
2751 4926 3060 4983 honoribus
3076 4928 3373 4993 invideret,
3394 4929 3489 4985 sed
3512 4928 3657 4985 fave-

2074 5028 2160 5073 ret
2181 5018 2367 5088 potius
2395 5016 2463 5071 iis
2496 5032 2638 5086 quos
2670 5025 2855 5086 patres
2887 5026 2945 5072 et
2970 5027 3217 5087 putaret,
3246 5027 3304 5072 et
3338 5019 3656 5089 appellaret.

2076 5110 2212 5166 Cum
2227 5119 2411 5165 autem
2432 5108 2488 5163 in
2512 5109 2790 5164 civitatem
2811 5110 2969 5164 multi
2997 5113 3201 5189 recepti
3220 5112 3658 5169 essentceelibes.

2079 5200 2319 5257 Romulo
2338 5215 2487 5255 cura;
2503 5198 2632 5267 fuit,
2652 5209 2715 5255 ut
2728 5200 2807 5255 illi
2823 5216 3044 5271 quoque
3058 5217 3260 5265 uxores
3277 5204 3657 5263 nancisceren.

1611 5314 1817 5378 Varie;
1846 5315 2162 5380 lectiones
2209 5326 2271 5378 et
2317 5324 2505 5377 noun.

462 5449 841 5524 (77)H._11§08t.
892 5445 1051 5517 Regii
1086 5453 1141 5500 et
1193 5442 1351 5500 Colb.
1409 5441 1643 5513 πλῆθος,
1689 5449 1856 5513 atque
1889 5445 1967 5499 ita

387 5521 885 5602 emendavimus._
976 5587 989 5602 Ι
1098 5584 1114 5602 ι
1175 5587 1195 5602 ⁸
1375 5582 1486 5602 HL
1683 5583 1714 5602 ν

460 5595 571 5662 (78)
601 5587 1028 5662 Πουπυυᾼαρία
1045 5584 1338 5662 κέκληται
1358 5585 1395 5653 ἡ
1417 5582 1714 5653 δημοτικῆ
1740 5584 1965 5662 ἀγωγή.

386 5657 564 5720 Miror
585 5665 807 5717 doctum
861 5659 1221 5728 Interprelem
1252 5657 1535 5728 ignorasse
1583 5669 1735 5728 voms
1766 5658 1962 5727 ἀγωγὴ

390 5740 669 5788 notionem
719 5735 826 5785 hoc
882 5726 1029 5792 loco,
1061 5727 1156 5781 ubi
1205 5726 1566 5778 educationem
1596 5726 1783 5789 vertit,
1839 5726 1964 5781 cuni

387 5813 461 5857 ειι
496 5806 633 5857 actio
674 5800 987 5872 βορηίῳ-ξιξ,Δ
1010 5813 1072 5852 ac
1100 5795 1335 5872 proinde
1391 5809 1493 5872 vox
1515 5794 1960 5872 juriseonsulto-

387 5889 533 5929 rum.
564 5865 772 5929 Glossze
828 5868 1046 5924 Basilio.
1096 5865 1468 5936 ποπουλαρα,
1510 5865 1784 5938 δημοτική
1813 5882 1826 5895 ς
1862 5868 1961 5919 πό-

2076 5442 2340 5501 arculam:
2356 5441 2548 5513 δῆμος.
2574 5441 2717 5494 Sunt
2744 5449 2928 5497 autem
2950 5443 3197 5513 Actiones
3216 5439 3525 5513 populares,
3542 5458 3660 5513 quae

2073 5530 2228 5567 suum
2239 5513 2331 5583 jus
2350 5512 2542 5582 popqu
2567 5521 2804 5578 tuentur,
2858 5524 2918 5566 ut
2948 5513 3028 5567 ait
3059 5511 3283 5576 Paulus,
3313 5512 3368 5565 in
3400 5512 3496 5568 lib.
3516 5511 3562 5567 ι.
3586 5513 3653 5582 1),.

2076 5584 2155 5637 De
2183 5583 2434 5653 populari
2462 5592 2566 5635 act.

2151 5650 2261 5723 (79)
2296 5655 2640 5723 Βουλευτὰς
2666 5650 3019 5723 πατρικίους
3071 5651 3381 5721 ὀνομάσας
3407 5653 3651 5722 αὖτούς.

2077 5721 2265 5779 Livius
2286 5725 2494 5797 aliter:
2564 5722 2922 5797 Patrescerte
2966 5721 3030 5775 ab
3061 5723 3276 5791 honore,
3328 5721 3653 5797 Patriciique

2072 5796 2352 5867 progenies
2378 5811 2559 5850 eorum
2587 5792 2865 5867 appellati.
