4060 6400
399 416 500 484 5.31

1695 404 1936 469 JOANN
1953 405 2022 466 IS
2058 401 2382 466 ZONARE

3543 405 3649 467 55?.

399 545 508 591 tur.
537 530 642 586 Sed
670 530 798 601 quia
822 544 1082 585 convena:
1104 528 1176 584 ob
1199 526 1426 599 stirpem
1453 523 1673 595 inopem
1691 531 1858 593 atque
1876 521 1978 577 ob-

2084 522 2316 585 ἕκαστος
2346 520 2411 573 ἐκ
2443 517 2633 587 γένους
2661 515 2816 581 ὄντες
2869 515 3151 588 γνωρίμου
3173 533 3188 548 ·
3223 515 3256 585 ἦ
3286 515 3394 570 ἀπὸ
3425 516 3522 585 τῆς
3562 532 3655 573 πα·

399 640 616 680 scuram
639 640 668 677 a
689 624 885 678 vicinis
902 622 1120 694 populis
1139 619 1857 691 spernebantur,consilium
1875 619 1978 675 init

401 727 560 785 raptu
594 716 820 786 parandi
855 716 1117 785 conjuges
1151 716 1267 770 suis
1304 714 1521 768 civibus
1555 735 1566 768 :
1601 723 1658 767 et
1697 728 1812 767 rem
1837 711 1977 766 divi-

400 822 552 869 nam,
585 807 953 875 ludorumque
985 805 1364 860 celebritatem
1414 804 1632 867 indicit,
1675 804 1833 873 quasi
1883 818 1976 857 ara

401 897 531 951 novi
566 896 654 951 dei
690 898 912 951 inventa
957 907 1126 952 esset.
1175 895 1294 962 Quo
1328 911 1453 951 cum
1501 894 1657 948 multi
1692 894 1977 948 convenis-

403 998 543 1051 sent,
590 988 705 1057 ipse
751 1003 874 1043 cum
920 988 1283 1058 Optimatibus
1333 987 1678 1057 praesidens,
1730 1000 1974 1056 purpura

403 1080 757 1147 conspicuus,
813 1095 934 1134 eam
997 1080 1204 1151 populo
1237 1091 1503 1135 tesseram
1549 1078 1723 1144 dedit,
1752 1088 1813 1132 ut
1851 1092 1975 1132 cum

405 1187 702 1240 purpuram
761 1172 1127 1241 explicasset,
1182 1188 1245 1227 ac
1298 1186 1494 1226 rursus
1547 1169 1975 1239 complicasset,

405 1276 519 1314 rem
551 1261 1001 1331 aggrederentur.
1031 1261 1152 1327 Quo
1192 1260 1361 1326 facto,
1389 1260 1602 1316 strictis
1639 1258 1890 1320 ensibus,
1922 1267 1979 1313 et

404 1366 528 1404 cum
578 1352 914 1406 clamoribus
969 1352 1178 1421 impetu
1229 1350 1397 1414 facto,
1454 1349 1787 1404 Sabinorum
1837 1349 1979 1404 tilias

402 1440 658 1511 virgines,
699 1442 877 1496 nullas
907 1451 1091 1496 autem
1124 1456 1324 1495 uxores
1355 1440 1665 1510 rapiebant.
1687 1440 1768 1494 0b
1806 1438 1860 1493 id
1897 1438 1979 1493 fa-

404 1531 559 1588 cinus
595 1533 806 1599 Sabini,
835 1534 1102 1604 populosa
1138 1548 1294 1602 gens,
1333 1542 1390 1587 et
1435 1533 1717 1599 bellicosa,
1746 1545 1979 1602 quaque

403 1626 472 1678 ob
488 1625 797 1679 animorum
828 1623 1267 1695 magnitudinem
1293 1664 1309 1688 ,
1343 1631 1404 1678 ut
1431 1623 1976 1679 Lacedaemoniorum

403 1713 628 1769 colonos
674 1731 772 1784 par
815 1725 920 1781 est,
968 1730 1136 1785 pagos
1169 1715 1290 1769 sine
1338 1712 1514 1769 muris
1552 1713 1852 1775 incolebat,
1881 1728 1980 1783 per

398 1805 610 1876 legatos
644 1822 675 1859 ο
718 1806 954 1861 Romulo
994 1806 1296 1877 petierunt,
1324 1816 1386 1860 ut
1416 1805 1682 1860 violentia
1721 1804 1975 1869 rescissa,

2078 611 2314 682 τρωνίας
2338 625 2352 640 ·
2387 608 2531 663 οὕτω
2560 607 2606 662 δ’
2635 606 2867 663 ἐκάλουν
2895 604 2994 678 τήν
3024 607 3389 675 προστασίαν,
3432 609 3661 679 πάτρω-

2078 720 2177 767 νας
2205 702 2315 773 γὰρ
2346 703 2473 766 τοὺς
2500 700 2898 773 κηδεμονικοὺς
2923 700 3019 753 καὶ
3054 697 3419 769 βοηθητικοὺς
3448 716 3655 769 προση-

2079 796 2327 865 γόρευον.
2362 792 2617 848 Μάλιστα
2648 791 2694 845 δ’
2722 792 2788 846 ἄν
2818 808 2900 853 τις
2931 790 3407 860 καταστοχάσαιτο
3435 793 3535 861 τῆς
3565 790 3660 843 τοῦ

2092 886 2375 958 Ῥωμύλου
2422 884 2689 952 διανοίας,
2721 886 2772 937 εί
2798 884 2964 938 οῖοιτο
2997 881 3084 935 διά
3114 882 3214 952 τῆς
3247 881 3498 952 κλήσεως
3531 882 3634 935 ταύ

2079 997 2179 1049 της
2219 977 2526 1049 ἐμφαίνειν,
2563 978 2763 1048 χρῆναι
2816 975 2941 1037 τοὺς
2995 972 3247 1043 πρώτους
3288 972 3380 1027 καὶ
3413 973 3661 1027 δυνατω-

2079 1067 2275 1134 τάτους
2326 1069 2425 1138 τῆς
2477 1068 2685 1130 πόλεως
2737 1067 2981 1135 πατρικῇ
3044 1063 3348 1136 κηδεμονίᾳ
3398 1063 3662 1129 κήδεσθαι

2079 1163 2187 1217 τῶν
2235 1161 2667 1231 ταπεινοτέρων,
2702 1157 2820 1229 ἅμα
2854 1157 2911 1211 δὲ
2957 1156 3054 1209 καὶ
3105 1155 3199 1208 τὸν
3232 1155 3405 1226 δῆμον
3441 1156 3661 1223 ἐνάγειν

2079 1256 2169 1308 διὰ
2220 1256 2319 1325 τῆς
2374 1254 2483 1306 τῶν
2546 1248 2860 1320 πατρικίων
2917 1250 3294 1319 προσηγορίας
3336 1248 3416 1311 είς
3469 1248 3530 1301 τὸ
3586 1248 3663 1320 μὴ

2081 1347 2344 1419 ἄχθεσθαι
2399 1348 2521 1408 ταῖς
2568 1345 2678 1397 τῶν
2710 1342 3043 1413 κρειττόνων
3096 1343 3308 1412 τιμαῖς,
3344 1339 3462 1396 ἀλλ’
3490 1342 3664 1394 εὐνοϊ-

2080 1443 2192 1504 κῶς
2236 1439 2566 1504 διακείσθαι,
2625 1437 2946 1506 νομίζοντας
3002 1436 3247 1504 πατέρας
3301 1435 3522 1498 αὐτοὺς,
3567 1437 3663 1487 καὶ

2082 1532 2614 1606 προσαγορεύοντας.
2653 1529 2873 1583 Πολλῶν
2926 1528 2983 1582 δὲ
3030 1530 3098 1599 τῇ
3134 1525 3289 1579 πόλει
3328 1525 3661 1580 ὲνοικισθέν-

2080 1643 2211 1691 των,
2242 1618 2319 1679 ὧν
2357 1625 2529 1693 ὀλίγοι
2573 1623 2793 1692 γυναιξὶ
2844 1618 3549 1688 συνεζεύγνυντο,’φροντὶς
3580 1618 3662 1689 τῷ

2092 1718 2355 1789 Ῥωμύλῳ
2404 1718 2650 1786 ἐγένετο,
2686 1717 2776 1769 ἵνα
2826 1716 3073 1769 κάκεῖνοι
3124 1713 3397 1782 γυναῖκας
3448 1712 3665 1775 ἑαυτοῖς

2087 1811 2453 1863 συνοικίσωσι.
2512 1807 2816 1877 Σύγκλυδες
2850 1807 2909 1859 δὲ
2964 1805 3061 1860 καὶ
3098 1803 3159 1867 ἐξ
3203 1806 3432 1875 ἀπόρων
3485 1803 3661 1867 ὄντες,

399 1898 681 1951 voluntate
724 1908 782 1950 et
824 1898 944 1967 lege
982 1897 1226 1952 amicitia
1265 1897 1414 1950 inter
1448 1897 1618 1966 ipsos,
1662 1903 1718 1951 et
1742 1894 1978 1953 aﬂinitas

2081 1904 2175 1956 καὶ
2211 1902 2456 1973 ἀφανῶν,
2515 1899 2915 1972 ὑπερεωρῶντο
2950 1896 3088 1968 πρὸς
3135 1894 3299 1966 κῆδος
3349 1893 3503 1965 παρά
3549 1894 3662 1946 τῶν

400 1990 849 2045 contraheretur.
882 1989 1116 2045 Romulo
1144 2005 1277 2044 vero
1304 1988 1516 2059 puellas
1542 2003 1654 2043 non
1681 1986 1973 2053 reddente,

401 2079 497 2133 sed
553 2080 889 2149 postulante,
932 2088 993 2135 ut
1038 2079 1231 2135 Sabini
1298 2078 1555 2149 conjugis
1602 2077 1907 2148 probarent
1958 2096 1971 2132 :

401 2172 524 2226 aliis
557 2171 923 2226 consultando
950 2181 1168 2242 tempus
1201 2170 1569 2236 trahentibus,
1600 2171 1781 2225 Acron
1816 2169 1979 2225 Ceni-

400 2262 657 2315 nensium
713 2278 849 2325 rex.
889 2263 974 2317 vir
1032 2263 1336 2318 iracundus
1379 2270 1437 2317 et
1498 2262 1973 2329 bellicosissimus,

401 2352 556 2422 prior
592 2354 760 2408 armis
785 2354 1019 2424 arreptis
1059 2369 1287 2425 magnas
1313 2354 1500 2424 copias
1526 2364 1718 2410 contra
1759 2354 1974 2410 Romu-

400 2446 514 2497 lum
549 2444 723 2500 ducit.
765 2446 901 2500 Cum
937 2447 1101 2501 ambo
1126 2447 1182 2501 in
1233 2446 1547 2517 propinquo
1566 2455 1777 2513 essent,
1819 2457 1975 2503 uter-

401 2560 510 2615 que
533 2546 768 2600 alterum
835 2546 902 2601 ad
957 2563 1195 2618 pugnam
1229 2556 1519 2619 provocat,
1559 2549 1976 2620 quiescentibus

400 2638 754 2694 exercitibus.
822 2639 881 2693 lu
930 2654 998 2694 eo
1036 2639 1302 2711 singulari
1355 2643 1659 2697 certamine
1704 2641 1976 2699 Romulus

400 2728 673 2783 Acrouem
734 2728 1030 2784 obtruncat
1087 2745 1103 2784 :
1153 2730 1560 2800 commissaque
1620 2731 1977 2802 praelio,cjns

401 2822 706 2875 exercitum
768 2820 973 2888 fundit,
1027 2820 1307 2891 fugatque,
1361 2820 1558 2876 urbem
1586 2821 1975 2891 capitzneque

402 2922 582 2966 tamen
624 2911 774 2966 cixes
812 2913 918 2967 alia
957 2911 1111 2966 clade
1150 2911 1337 2976 allicit,
1372 2926 1537 2982 quam
1588 2912 1739 2982 quod
1772 2912 1975 2968 dirutis

399 3002 632 3065 milibus,
675 3016 733 3056 se
784 3002 1015 3056 Romam
1055 3002 1213 3071 sequi
1248 3002 1438 3073 jussit,
1472 3002 1624 3057 cives
1655 3002 1893 3063 futuros,
1920 3008 1977 3055 et

399 3108 557 3161 aequo
584 3092 707 3163 jure
736 3107 953 3147 usuros.
982 3091 1192 3146 Deinde
1226 3092 1394 3146 etiam
1420 3092 1517 3147 alii
1551 3091 1743 3148 Sabini
1775 3092 1976 3147 Roma-

2077 1995 2441 2067 γειτνιώντων
2471 1994 2661 2048 ἐθνῶν.
2690 1991 2953 2046 Βούλεται
2984 1990 3166 2043 τοίνυν
3193 1987 3253 2053 ἐξ
3281 1988 3541 2058 ἁρπαγῆς
3571 1985 3640 2040 λα

2079 2094 2193 2147 6εῖν
2246 2092 2514 2160 γυναῖκας
2563 2088 2690 2152 τοὺς
2746 2086 2973 2149 πολίτας
3012 2084 3204 2149 αὐτοῦ,
3242 2087 3336 2136 καὶ
3390 2082 3661 2153 κηρύσσει

2078 2182 2272 2237 θυσίαν
2303 2182 2399 2235 καὶ
2430 2179 2618 2248 ἀγῶνα
2646 2176 2743 2232 καὶ⁵
2768 2176 2898 2230 θέαν
2928 2174 3147 2246 μέλλειν
3174 2172 3447 2229 ἐπιτελεῖν
3480 2188 3659 2242 πανη-

2077 2275 2330 2349 γυρικὴν,
2367 2273 2441 2336 ώς
2499 2270 2688 2342 βωμοῦ
2738 2268 3049 2340 εὑρημένου
3103 2266 3229 2321 θεοῦ
3282 2263 3494 2321 καινοῦ.
3547 2264 3661 2317 Καὶ

2078 2370 2268 2424 πολλοὶ
2322 2365 2604 2435 συνῆλθον,
2657 2361 2817 2424 αὐτὸς
2857 2360 2915 2413 δὲ
2962 2359 3317 2430 προύκάθητο
3370 2358 3511 2428 μετά
3549 2357 3662 2411 τῶν

2076 2462 2340 2535 ἀρίστων,
2393 2457 2677 2528 ἁλουργίδι
2725 2453 3166 2525 κεκοσμημένος.
3199 2452 3414 2505 Δέδωκε
3462 2449 3521 2503 δὲ
3579 2447 3659 2519 τῷ

2075 2557 2232 2628 δήμῳ
2266 2555 2365 2623 τῆς
2397 2551 2799 2622 ἐπιχειρήσεως
2832 2545 3128 2618 σύμϐολον,
3175 2545 3276 2615 τὴν
3317 2545 3419 2613 τῆς
3464 2543 3661 2628 ἀλουρῖ

2273 2644 2583 2709 διάπτυξιν,
2632 2640 2726 2694 καὶ
2771 2637 2932 2701 αὖθις
2970 2637 3179 2707 ταύτης
3221 2632 3539 2705 περιϐολήν.
3582 2624 3660 2688 Οὖ

2079 2741 2374 2810 γενομένου
2428 2734 2773 2805 σπασάμενοι
2806 2731 2875 2785 τά
2925 2731 3076 2800 ξίφη,
3125 2726 3264 2798 μετὰ
3290 2726 3418 2798 βοῆς
3459 2725 3658 2796 ὥρμη-

2079 2850 2199 2898 σαν,
2252 2830 2351 2885 καὶ
2412 2827 2661 2900 ἥρπαζον
2717 2826 2818 2888 τὰς
2874 2822 3184 2893 θυγατέρας
3239 2820 3350 2872 τῶν
3406 2818 3655 2872 Σαϐίνων

2076 2923 2410 2995 παρθένους,
2443 2920 2504 2973 οὐ
2542 2918 2730 2989 μέντοι
2755 2915 3025 2984 γυναῖκάς
3055 2928 3241 2966 τινων.
3275 2908 3657 2981 Τολμηθείσης

2076 3016 2133 3069 δὲ
2162 3015 2262 3084 τῆς
2296 3010 2577 3081 ἁρπαγῆς,
2623 3009 2672 3061 οῖ
2707 3005 2949 3069 Σαϐῖνοι,
2980 3004 3166 3058 πολλοὶ
3224 3003 3319 3057 καὶ
3367 3001 3658 3072 πολεμικοὶ

2076 3109 2252 3175 ὄντες,
2276 3106 2373 3161 καὶ
2401 3104 2596 3174 κώμας
2624 3101 2964 3171 ἀτειχίστους
2996 3095 3296 3161 οἰκοῦντες,
3315 3093 3403 3147 διά
3426 3092 3487 3145 τὸ
3511 3092 3659 3161 μέγα

400 3201 503 3239 nos
538 3185 695 3239 bellis
724 3185 986 3255 aggressi,
1006 3193 1062 3238 et
1095 3185 1363 3254 superati,
1398 3183 1620 3238 demum
1647 3184 1807 3238 Tatio
1828 3183 1969 3238 ducc

2081 3202 2332 3271 φρονεῖν,
2401 3198 2476 3259 ὡς
2539 3190 2986 3263 Λακεδαιμονίων
3048 3188 3293 3254 ἄποικοι,
3353 3182 3658 3256 πρεσϐείαν

400 3283 609 3341 creato,
638 3275 826 3329 Romae
855 3275 1064 3330 bellum
1098 3274 1411 3330 intulerunt
1440 3292 1454 3329 :
1481 3283 1539 3329 et
1578 3273 1912 3346 Capitolium
1946 3290 1977 3328 a

401 3369 660 3439 Tarpeia,
687 3371 808 3441 ejus
839 3371 934 3441 qui
964 3371 1079 3426 arci
1123 3380 1360 3441 praeerat
1397 3371 1532 3438 lilia,
1576 3371 1860 3443 proditum
1890 3388 1985 3427 ce-

399 3469 623 3531 perunt.
671 3461 803 3527 Quae
856 3478 981 3517 cum
1030 3478 1231 3533 aquam
1282 3464 1518 3533 petitum
1561 3472 1717 3519 extra
1773 3466 1979 3521 mmnia

400 3551 610 3614 ivisset,
649 3551 720 3606 ad
753 3551 978 3606 Tatium
1020 3554 1308 3623 perducta,
1338 3555 1667 3624 persuaderi
1692 3556 1799 3611 sibi
1827 3557 1979 3622 sivit,

402 3651 464 3693 ut
488 3655 669 3694 arcem
695 3641 893 3710 prodat
917 3657 932 3696 :
954 3641 1302 3713 Sabinosque
1324 3659 1523 3700 aureas
1544 3645 1810 3713 armillas,
1843 3662 1983 3717 quas

401 3732 539 3784 lmvo
572 3731 800 3785 brachio
849 3732 1147 3795 habebant,
1195 3742 1373 3803 pacta,
1412 3750 1516 3789 una
1550 3742 1708 3805 porta
1756 3736 1981 3807 accipit.

402 3822 593 3877 Tatius
623 3822 922 3892 ingressus,
969 3839 1102 3879 suos
1124 3824 1292 3896 318
1324 3825 1595 3896 quidquid
1623 3828 1759 3881 laeva
1788 3837 1979 3897 gesta-

403 3924 546 3980 rent,
588 3915 836 3983 Tarpeia:
885 3916 1018 3971 dare
1059 3917 1246 3987 jussit,
1288 3933 1354 3973 ac
1402 3918 1522 3989 ipse
1551 3918 1765 3989 primus
1800 3919 1985 3973 armil-

402 4010 510 4062 lam
540 4017 596 4062 et
635 4020 853 4063 scutum
891 4010 945 4063 in
972 4025 1092 4065 eam
1125 4012 1367 4083 conjecit
1395 4026 1411 4066 :
1448 4011 1598 4083 quod
1629 4027 1757 4067 cum
1788 4026 1983 4067 omnes

402 4100 672 4164 facerent,
726 4103 847 4154 auri
880 4112 1274 4174 scutorumque
1316 4104 1675 4160 multitudine
1719 4120 1985 4176 oppressa

400 4194 663 4262 exspirat.
702 4193 802 4247 llic
828 4194 992 4263 igitur
1025 4196 1207 4264 reipsa
1238 4195 1577 4263 declaravit,
1616 4196 1765 4266 quod
1797 4196 1985 4252 Caesar

402 4293 460 4338 et
480 4285 790 4356 Antigonus
818 4298 934 4355 pust
970 4302 1227 4342 sermone
1254 4296 1618 4358 usurparunt.
1658 4287 1796 4343 Nam
1838 4287 1982 4341 alter

402 4392 463 4431 se
507 4378 877 4448 proditionem
933 4395 1143 4443 amare,
1187 4380 1507 4450 proditores
1534 4381 1735 4450 edisse
1768 4398 1783 4435 :
1822 4381 1985 4443 alter,

401 4468 495 4536 qui
545 4469 804 4538 prodant,
839 4470 1076 4541 benigne
1123 4472 1444 4539 admittere,
1478 4474 1576 4545 qui
1604 4472 1984 4545 prodiderint,

402 4573 463 4613 se
491 4561 730 4615 aversari
763 4561 916 4615 dixit.

2079 3292 2215 3364 πρὸς
2247 3288 2341 3344 τὸν
2380 3286 2664 3358 Ῥωμύλον
2697 3282 3048 3354 πεποίηνται,
3096 3278 3258 3332 λῦσαι
3300 3277 3361 3330 τὸ
3392 3276 3489 3347 τῆς
3535 3273 3659 3346 βίας

2078 3384 2246 3454 ἔργον
2276 3382 2588 3452 ζητοῦντες,
2630 3377 2813 3431 πειθοῖ
2848 3375 2906 3428 δὲ
2946 3374 3042 3427 καὶ
3066 3374 3219 3458 νόμῳ
3254 3369 3517 3441 πράττειν
3543 3369 3661 3432 τοῖς

2081 3477 2269 3546 γένεσι
2301 3473 2489 3542 φιλίαν
2532 3472 2626 3525 καὶ
2653 3468 2988 3537 οἰκειότητα.
3018 3463 3128 3517 Τοῦ
3156 3462 3214 3515 δὲ
3250 3460 3528 3531 Ῥωμύλου
3562 3460 3661 3521 τάς

2083 3569 2184 3641 μὲν
2211 3568 2381 3638 κόρας
2420 3565 2496 3635 μὴ
2527 3560 2876 3635 προϊεμένου,
2903 3556 3190 3625 ἀξιοῦντος
3216 3554 3272 3608 δὲ
3318 3552 3417 3624 τήν
3465 3566 3661 3605 κοινω-

2078 3664 2200 3718 νίαν
2245 3658 2501 3730 δέχεσθαι
2531 3656 2654 3718 τοὺς
2689 3653 2972 3718 Σαϐίνους,
2999 3650 3050 3703 οῑ
3091 3649 3188 3721 μὲν
3216 3645 3370 3702 ἄλλοι
3405 3642 3660 3715 βουλευὸ-

2085 3766 2239 3823 μενοι
2280 3745 2576 3818 διέτριϐονο
2618 3744 2843 3813 ’Δκρων
2872 3740 2931 3795 δὲ
2964 3742 2993 3794 ό
3025 3736 3283 3809 βασιλεὺς
3314 3734 3424 3789 τῶν
3454 3735 3663 3801 Καινή-

2078 3843 2267 3908 νιτῶν,
2317 3839 2611 3911 θυμοειδής
2667 3836 2809 3907 ἀνὴρ
2852 3832 2949 3889 καὶ
3008 3828 3473 3900 πολεμικώτατος,
3527 3839 3664 3895 προ-

2084 3936 2372 4006 εξανέστη,
2414 3933 2509 3986 καὶ
2544 3931 2686 4001 μετὰ
2736 3926 2939 3996 πολλῆς
2989 3924 3190 3995 ἐχώρει
3226 3920 3514 3991 δυνάμεως
3568 3917 3664 3970 ἐπὶ

2079 4029 2173 4082 τὸν
2211 4024 2512 4096 Ῥωμύλον.
2560 4018 2729 4091 Ὀμοῦ
2759 4018 2818 4072 δὲ
2856 4016 3168 4087 γεγονότος,
3195 4011 3457 4083 ἀλλήλους
3492 4024 3665 4079 προε-

2083 4119 2349 4176 καλοῦντο
2405 4112 2696 4185 μάχεσθαι,
2746 4106 3136 4180 ἀτρεμούντων
3169 4102 3280 4155 τῶν
3315 4096 3666 4171 στρατευμάο

2084 4229 2218 4267 των.
2244 4210 2356 4280 Τῆς
2382 4205 2513 4277 γοῦν
2545 4201 2885 4275 μονομαχίας
2911 4198 3117 4269 ἀμφοῖν
3146 4192 3471 4264 γενομένης,
3502 4204 3670 4242 κατα-

2084 4304 2269 4359 ϐάλλει
2321 4301 2419 4372 μὲν
2474 4301 2503 4352 ὁ
2542 4293 2823 4365 Ῥωμύλος
2850 4292 2943 4345 τὸν
2979 4290 3263 4358 Ἄκρωνα,
3308 4283 3576 4353 τρέπεται
3607 4280 3668 4333 δὲ

2086 4397 2183 4452 καὶ
2223 4395 2282 4448 τὸ
2327 4371 2541 4445 ἐκείνου
2577 4389 2920 4459 στράτευμα,
2960 4381 3141 4454 μάχης
3169 4371 3661 4446 συγκροτηθείσης·

2093 4488 2193 4543 καὶ
2230 4487 2333 4558 τὴν
2379 4485 2534 4538 πόλιν
2561 4481 2755 4553 -αῖρεῖ,
2788 4478 2848 4533 οὐ
2889 4478 3078 4546 μέντοι
3113 4475 3172 4526 ὲν
3200 4471 3358 4540 ,αὑτῇ
3404 4464 3666 4558 κακόν-τι

2092 4552 2323 4642 διέθετο,
2357 4574 2473 4629 ἀλλ’
2505 4571 2538 4643 ἢ
2573 4552 2736 4643 μόνον
2780 4567 3038 4622 ἐκέλευσε
3071 4562 3169 4626 τάς
3203 4558 3383 4622 οἰκίας
3411 4552 3670 4609 καθελόν-

2092 4688 2214 4736 τας,
2271 4666 2593 4724 ἀκολουθεῖν
2650 4664 2731 4726 είς
2800 4659 3025 4729 Ῥώμην
3076 4654 3252 4722 αὐτῷ,
3308 4652 3384 4716 ὡς
3440 4648 3666 4709 πολίτας

2099 4764 2423 4834 ἐσομένους,
2457 4757 2682 4814 καὶτῶν
2703 4756 2837 4808 ῖσων
2884 4747 3379 4819 ἀξιωθησομένους.
3415 4737 3550 4797 Εἶτα
3574 4740 3670 4834 καὶ

404 4864 557 4918 ἄλλοι
588 4865 697 4917 τῶν
724 4866 967 4920 Σαϐίνων
1003 4869 1114 4932 τοῖς
1155 4867 1452 4939 Ῥωμαίοις
1485 4868 1851 4939 ἐμαχέσαντο,
1887 4867 1985 4920 καὶ
2023 4832 2365 4935 ἡττήθησαν.
2441 4852 2569 4907 Ἐπὶ
2598 4849 2813 4911 τούτοις
2854 4848 2903 4900 οἱ
2929 4843 3109 4898 λοιποὶ⁵
3133 4841 3243 4939 τῶν
3272 4836 3539 4939 Σαϐίνωνέ
3572 4832 3668 4939 τάν

405 4962 602 5015 Τάτιον
647 4961 952 5032 στρατηγὸν
1000 4928 1557 5031 ἀποδείξαντεςίέπὶ
1596 4928 1694 5033 ἔην
1757 4928 1983 5033 Ῥώμην
2021 4928 2418 5029 ἐστράτευσαν,
2455 4950 2553 5003 καὶ
2620 4947 2682 5000 τὸ
2730 4941 3078 4998 Καπιτώλιον
3148 4931 3295 4990 εἷλον
3328 4928 3671 5033 προδεδομέ-

404 5071 495 5108 νον
544 5056 649 5110 ὑπὸ
702 5028 993 5126 ’Ῥαρπηϊας
1034 5058 1132 5128 τῆς
1168 5028 1441 5129 θύγατρδς
1477 5058 1573 5112 τοῦ
1606 5028 1976 5131 φρουράρχου.
2032 5028 2251 5122 Ἐκείνη
2304 5051 2416 5119 γὰρ
2482 5044 2571 5115 ἐφ’
2603 5043 2748 5113 ὕδωρ
2784 5037 3148 5098 κατελθοῦσα,
3200 5028 3533 5131 συνελήφθη,
3572 5033 3671 5131 καὶ

409 5149 554 5221 ἤχθη
603 5151 741 5221 πρὸς
793 5123 993 5203 Τάτιον
1016 5187 1033 5215 ,
1071 5123 1166 5203 καὶ
1219 5123 1522 5221 ἀνεπείσθη
1576 5123 1894 5224 προδοῦναι⁷
1921 5152 1984 5203 τὸ
2022 5148 2230 5220 ἔρυμα,
2294 5142 2405 5196 τῶν
2468 5139 2689 5211 χρυσῶν
2720 5131 3191 5224 βραχιονιστήρων
3233 5126 3548 5224 ἐρασθεῖσα,
3572 5123 3672 5224 οῦς

510 5218 985 5313 ταῖςῖάριστεραῖς
1032 5242 1265 5312 ἐφόρουν
1293 5243 1484 5314 χερσὶν
1511 5218 1560 5296 oi
1588 5218 1834 5308 Σαϐῖνοι,
1882 5242 1980 5296 καὶ
2020 5218 2216 5310 μισθὸν
2269 5237 2410 5307 ὑπὲρ
2469 5234 2571 5302 τῆς
2615 5228 2909 5301 προδοσίας
2951 5222 3153 5284 αὐτοὺς
3217 5218 3404 5273 λαθεῖν
3430 5218 3673 5314 ᾇπξιιτῆξ·

407 5356 572 5393 σασα.
598 5311 938 5410 Συνθεμένου
967 5339 1024 5393 δὲ
1059 5311 1155 5391 τοῦ
1191 5311 1419 5396 Τατίου.
1458 5338 1682 5408 νύκτωρ
1749 5337 1880 5409 μίαν
1946 5334 2128 5404 πύλην
2192 5330 2476 5398 ἀνοίξασα,
2517 5325 2646 5388 τοὺς
2713 5322 2976 5382 Σαϐίνους
3010 5314 3248 5380 ἐδέξατο.
3302 5311 3574 5417 Εἰσελθὼν
3611 5311 3672 5364 δὲ

404 5437 435 5487 ὁ
468 5435 661 5492 Τάτιος
689 5436 943 5490 ἐκέλευσε
972 5438 1101 5500 τοὺς
1131 5434 1224 5489 ὑπ’
1261 5434 1426 5488 αὐτὸν
1465 5434 1569 5487 ὅσα
1636 5436 1696 5487 ὲν
1734 5434 1859 5497 ταῖς
1897 5429 2223 5503 ἀριστεραῖς
2299 5429 2491 5498 χερσὶν
2541 5426 2740 5497 ἔφερον
2793 5421 2994 5475 διδόναι
3063 5419 3253 5511 “ﬁtﬁt
3295 5412 3393 5466 καὶ
3451 5412 3671 5511 ἶρίῗῗδς

407 5527 571 5590 αὐτὸς
601 5529 693 5580 τὸν
722 5528 1153 5599 βραχιονιστῆρα
1184 5530 1252 5599 τῇ
1278 5527 1542 5598 Ταρπηΐα
1610 5523 1903 5604 ἐπέρριψε,
1942 5500 2060 5577 ⁷καὶ
2098 5500 2192 5574 τὸν
2231 5519 2447 5577 θυρεόν.
2500 5518 2727 5572 Πάντων
2757 5514 2816 5568 δὲ
2863 5512 3071 5583 ὁμοίως
3102 5506 3425 5607 notati—ww»),
3476 5500 3675 5607 βαλλρ-

413 5626 550 5691 μένη
583 5638 641 5674 τε
674 5597 990 5694 τῶχρυσῷ,
1022 5597 1121 5676 καὶ
1151 5597 1572 5694 καταχωσθεῖσα
1601 5597 1984 5692 τοῖςθυρεοῖς,
2022 5619 2130 5673 ὑπὸ
2172 5616 2414 5689 πλήθους
2485 5614 2582 5667 καὶ
2650 5612 2851 5683 βάρους
2887 5609 3184 5663 ἀπέθανεν.
3217 5603 3408 5674 Ἐργῳ
3455 5597 3548 5651 οῦν
3578 5597 3673 5648 οῦς

409 5732 501 5778 τος
529 5716 806 5785 εποίησεν,
839 5717 867 5769 ὃ
896 5717 1079 5784 λόγοις
1113 5717 1342 5790 ὕστερον
1369 5713 1525 5771 εἷπον
1585 5716 1614 5769 ό
1661 5718 1881 5786 Καῖσαρ
1924 5715 2020 5767 καὶ
2058 5715 2087 5766 ό
2138 5713 2467 5780 Ἀντίγονος·
2522 5713 2550 5763 ὁ
2601 5709 2699 5778 μὲν
2743 5709 2853 5776 γὰρ
2907 5703 3222 5771 προδοσίαν,
3266 5698 3395 5768 ἔφη,
3472 5695 3671 5790 φιλεῖν,

411 5810 678 5879 ’πρεδότην
726 5812 782 5864 δὲ
858 5814 1059 5881 μισεῖν·
1120 5815 1149 5867 ὁ
1198 5814 1255 5867 δὲ
1315 5813 1647 5882 Ἀντίγονος,
1703 5810 2059 5884 προδιδόντας
2101 5810 2202 5882 μὲν
2262 5809 2550 5869 ἀσπασίως
2603 5800 2724 5858 εἷπε
2776 5800 3138 5874 προσίεσθαι,
3193 5792 3560 5866 προδεδωκόσι
3616 5789 3678 5846 δὲ

414 5904 863 5962 ἁπενθλίνεσθαι.
