4060 6400
270 388 378 452 ὗ53

1517 379 1930 440 ANNALIUM
1968 377 2117 438 LIB.
2158 379 2291 440 VII.

3421 378 3528 442 551

342 497 416 549 A'.
445 492 770 563 Ληφθεῖσης
793 493 850 547 δὲ
882 493 983 563 τῆς
1039 493 1217 564 ἄκρας
1274 491 1380 546 ὑπὸ
1435 492 1543 545 τῶν
1579 491 1845 553 Σαϐίιων,
1875 523 1888 550 λ

2024 489 2117 544 IV.
2162 489 2303 543 Arce
2327 503 2359 542 a
2381 486 2600 543 Sabinis
2628 497 2814 556 capta,
2840 501 3019 557 pugna
3054 487 3352 543 vehemens
3384 489 3531 544 inter

274 588 428 658 μάχη
453 586 703 658 καρτερά
754 587 1067 658 συνερῤἀγη
1125 587 1290 658 μέσον
1350 585 1533 639 αὐτῶν
1577 585 1672 637 καὶ
1713 585 1850 636 Ῥω-

277 679 477 749 μαίων,
506 679 564 730 ὲν
646 678 830 731 πολλολ
863 680 960 748 μὲν
985 679 1215 732 ἔπεσον·
1241 681 1268 732 ὁ
1293 678 1350 731 δὲ
1384 677 1666 747 Ῥωμύλος
1690 676 1856 747 ἐπλή-

273 787 348 841 γη
377 771 510 840 λίθῳ
540 769 638 838 τὴν
668 770 934 839 κεφαλήν.
964 771 1089 824 Ἔτι
1118 770 1174 823 δὲ
1201 769 1471 840 μάχεσθαι
1493 785 1852 840 παρασκευα-

276 860 546 928 ζομένους
583 859 712 922 τοὺς
739 857 999 924 Σαϐίνους
1029 859 1264 930 ἐπέσχον
1293 862 1349 912 αἱ
1378 859 1733 931 ἡρπασμέναι
1757 859 1855 912 Ου-

273 951 508 1019 γατέρες
541 949 744 1015 αὐτῶν,
773 949 998 1004 ἄλλοθεν
1023 949 1182 1003 ἄλλαι
1237 950 1374 1021 μετᾲ
1428 950 1558 1020 βοῆς
1601 951 1694 1003 καὶ
1733 951 1855 1003 όλο-

274 1041 491 1110 λυγμοῦ
550 1041 807 1109 όφθεῖσαι
847 1041 1056 1104 αὐτοῖς,
1093 1044 1149 1096 αἱ
1209 1043 1312 1113 μὲν
1347 1043 1518 1113 νήπια
1572 1043 1707 1112 πρὶς
1737 1046 1857 1107 ταῖς

278 1135 552 1199 ἀγκάλαις
585 1131 937 1201 κομίζουσαι,
972 1133 1030 1186 αί
1062 1131 1121 1183 δὲ
1171 1131 1270 1202 τὴν
1303 1131 1484 1202 κόμην
1520 1131 1858 1202 προϊσχόμε-

279 1241 368 1276 ναι
389 1225 716 1294 λελυμένην,
753 1225 928 1277 πᾶσαι
957 1223 1013 1276 δὲ
1042 1221 1486 1292 ἀνακαλούμεναι
1511 1226 1624 1286 τοῖς
1673 1223 1863 1292 φιλτά-

282 1334 398 1378 τοις
421 1317 651 1386 όνόμασι
689 1315 823 1368 ποτὲ
857 1315 958 1386 μὲν
983 1315 1112 1378 τοὺς
1165 1314 1450 1377 Σαϐίνους,
1498 1314 1629 1366 ποτὲ
1655 1315 1708 1366 δὲ
1735 1316 1862 1378 τοὺς

295 1409 622 1478 Ῥωμαίους.
651 1407 1110 1476 Ἐπεκλάσθησαν
1138 1406 1232 1460 οὗν
1262 1408 1312 1458 οἱ
1346 1407 1606 1470 ἐναντίοι,
1643 1408 1738 1460 καὶ
1784 1407 1865 1459 δι-

285 1501 523 1570 έστησαν
563 1501 752 1564 αὑταῖς
811 1501 868 1553 ὲν
912 1499 1064 1571 μέσῳ
1103 1499 1296 1569 στῆναι
1343 1500 1440 1570 τῆς
1479 1499 1861 1570 παρατάξεως,

287 1593 382 1645 καὶ
411 1591 688 1661 κλαυθμὸς
711 1593 828 1664 ἅμα
855 1591 944 1645 διὰ
966 1592 1185 1645 πάντων
1210 1591 1432 1662 ἐχώρει.
1464 1590 1866 1661 Διαλεχοέντων

285 1685 342 1736 δὲ
375 1684 484 1736 τῶν
540 1685 802 1752 γυναίων,
859 1684 1126 1754 συνῆλθον
1158 1685 1239 1747 είς
1269 1683 1468 1752 λόγους
1501 1685 1551 1737 οἱ
1576 1684 1866 1754 ἡγεμόνες,

287 1777 384 1828 καὶ
416 1775 702 1829 συνέθεντο
729 1777 840 1830 τῶν
871 1778 969 1847 μὲν
997 1776 1297 1845 γυναικῶν,
1339 1776 1394 1828 αἳ
1427 1776 1733 1847 βούλονται,
1756 1779 1871 1840 τοῖς

1955 596 2051 636 eos
2069 590 2125 635 et
2159 581 2434 636 Romanos
2466 579 2694 643 exarsit,
2738 580 2795 632 in
2835 595 2941 651 qua
2984 580 3142 633 multi
3174 582 3529 644 ceciderunt;

1956 670 2227 725 Romulus
2249 669 2429 739 lapide
2458 679 2625 738 caput
2678 669 2820 724 ictus
2855 677 2962 727 est.
3018 669 3252 725 Sabinus
3285 689 3416 726 vero
3463 673 3530 725 ad

1959 759 2270 829 urgendum
2323 759 2571 829 praelium
2602 766 2842 827 paratos,
2897 769 3068 829 raptae
3107 761 3352 829 ipsorum
3412 762 3536 816 lilize

1961 849 2346 916 inhibuerunt,
2382 851 2503 906 alia:
2529 850 2752 905 aliunde
2796 866 2920 904 cum
2968 852 3211 906 clamore
3241 863 3296 906 ct
3326 854 3537 906 ululatu

1960 955 2304 1013 progressas,
2371 943 2570 1012 partim
2629 942 2869 999 infames
2919 944 2973 997 in
3023 944 3168 998 ulnis
3222 953 3539 1013 gestantes,

1961 1034 2165 1104 partim
2186 1050 2406 1105 passum
2429 1035 2684 1104 capillum
2719 1036 3157 1105 praetendentes:
3190 1051 3384 1090 omnes
3413 1052 3544 1090 vero

1963 1125 2308 1181 suavissimis
2359 1127 2701 1192 nominibus,
2735 1143 2883 1182 nunc
2921 1127 3176 1193 Sabinos,
3233 1145 3382 1182 nunc
3430 1125 3544 1182 Ro-

1964 1233 2158 1273 manos
2230 1219 2616 1276 inclamantes.
2692 1219 2864 1274 Movit
2915 1235 2980 1274 ea
3050 1235 3140 1274 res
3196 1221 3419 1283 hostes,
3488 1229 3546 1274 ut

1965 1309 2238 1381 dirempta
2270 1311 2386 1366 acie
2412 1312 2675 1368 mulieres
2698 1313 2751 1367 in
2785 1313 2966 1367 medio
3012 1324 3158 1367 stare
3199 1322 3547 1382 paterentur,

1967 1404 2188 1458 nemine
2215 1419 2325 1458 non
2349 1404 2619 1475 plorante.
2649 1409 2726 1460 Ac
2750 1407 3042 1460 mulierum
3087 1408 3272 1460 verbis
3325 1407 3548 1461 adducti

1969 1495 2162 1560 duces,
2189 1496 2474 1566 colloquio
2504 1497 2717 1563 habito,
2763 1498 3115 1568 pepigerunt,
3170 1509 3230 1552 ut
3283 1509 3550 1553 matrona:

1970 1587 2252 1656 qureapud
2297 1589 2527 1644 maritos
2575 1605 2798 1645 manere
2853 1591 3090 1654 vellent,
3129 1593 3311 1647 omnis
3343 1593 3551 1661 operis,

1972 1679 2263 1749 omnisque
2296 1680 2614 1746 ministerii,
2664 1692 3030 1752 praaterquam
3062 1683 3308 1745 laniﬁcii,
3348 1685 3553 1738 immu-

1974 1787 2075 1826 nes
2119 1782 2325 1836 esscnt,
2376 1783 2433 1828 et
2491 1772 2682 1828 Sabini
2725 1791 2884 1844 :equo
2930 1776 3054 1846 jure
3108 1791 3233 1831 cum
3292 1777 3555 1831 Romanis

290 1869 478 1938 ἔχουσι
510 1873 810 1936 συνοικεῖν,
836 1871 1037 1934 παντὸς
1065 1869 1227 1941 ἔργου
1257 1871 1350 1923 καὶ
1379 1871 1562 1942 πάσης
1614 1871 1872 1941 λατρείας

1993 1867 2230 1920 viverent
2259 1884 2272 1920 :
2333 1866 2563 1937 ipsaque
2591 1867 2723 1921 urbs
2753 1883 2782 1921 a
2819 1868 3055 1922 Romulo
3101 1869 3298 1930 Roma,
3323 1871 3560 1939 pol-.ulus

292 1963 432 2030 πλὴν
456 1965 726 2025 ταλασίας
756 1964 1074 2036 ἀφειμέναι,
1103 1969 1277 2021 οἰκεῖν
1309 1966 1368 2019 δὲ
1410 1965 1509 2037 τὴν
1542 1965 1696 2018 πόλιν
1739 1965 1876 2018 Ῥω-

295 2053 490 2120 μαίους
547 2055 642 2106 καὶ
693 2053 958 2117 Σαϐίνους
991 2059 1176 2128 κοινῇ,
1221 2057 1317 2110 καὶ
1372 2055 1662 2110 καλεῖσθαι
1705 2055 1878 2126 αὐτὴν

301 2144 528 2214 Ῥώμην
560 2148 652 2198 ἐπὶ
691 2145 982 2218 Ῥωμύλῳ,
1022 2147 1268 2218 Κυρίτας
1322 2148 1379 2201 δὲ
1447 2149 1754 2219 Ῥωμαίους
1787 2149 1881 2203 ἐπὶ

292 2240 358 2307 τῇ
385 2234 583 2289 Τατίου
617 2239 842 2310 πατρίδι
874 2240 1120 2310 Κυρίτα·
1157 2239 1473 2311 βασιλεύειν
1506 2241 1564 2295 δὲ
1601 2245 1758 2313 κοινῇ
1786 2246 1882 2296 καὶ

297 2332 632 2400 στρατηγεῖν
662 2332 1033 2403 ἀμφοτέρους.
1076 2335 1136 2387 '0
1169 2333 1226 2387 δὲ
1262 2333 1426 2398 τόπος
1463 2334 1522 2387 ὲν
1551 2327 1596 2403 ᾦ
1619 2335 1719 2399 τὰς
1756 2353 1883 2388 συν·

297 2420 471 2490 θήκας
540 2421 746 2486 ἔθεντο,
805 2424 1054 2478 καλεῖται
1111 2425 1404 2495 Κομίτιον,
1465 2425 1630 2489 τόπος
1681 2425 1884 2497 δηλαδὴ

301 2511 919 2586 συνελεύσεωςοκόμιρε
949 2515 1058 2582 γάρ
1140 2514 1441 2586 Ῥωμαίοις
1491 2516 1555 2568 τὸ
1608 2516 1884 2570 συνελθεῖν

297 2605 540 2673 λέγεται.
603 2607 1172 2678 Προσκατελέχθησαν
1225 2608 1283 2661 δὲ
1313 2609 1429 2671 τοῖς
1482 2608 1795 2679 πατρικίοις
1821 2611 1887 2662 ἐκ

298 2688 412 2747 τῶν
438 2696 684 2749 Σαϐίνων
716 2697 896 2770 ἕτεροι
941 2698 1160 2753 ἑκατόν.
1202 2698 1590 2753 Ἐϐουλεύοντο
1618 2700 1677 2753 δὲ
1711 2701 1760 2753 οἱ
1790 2699 1888 2770 βα-

303 2789 474 2852 σιλεῖς
503 2790 604 2843 ούκ
654 2791 815 2852 εὐθὺς
866 2792 924 2842 ὲν
958 2791 1128 2862 κοινῷ
1154 2793 1274 2860 μετ’
1307 2790 1582 2862 ἀλλήλων,
1613 2790 1732 2844 ἁλλ’
1760 2792 1889 2846 ἑκά-

303 2894 468 2948 τερος
518 2881 786 2952 πρότερον
825 2882 933 2953 ἰδίᾳ
963 2885 1105 2954 μετὰ
1137 2883 1247 2937 τῶν
1285 2884 1505 2950 ἑκατὸν,
1549 2879 1673 2938 εἷτα
1715 2886 1796 2948 εἰς
1827 2885 1890 2939 τὸ

306 2973 443 3024 αὐτὸ
467 2973 668 3037 πάντες
698 2975 1196 3044 συνήγοντο.,”Ετει
1216 2974 1273 3028 δὲ
1301 2975 1540 3044 πέμπτῳ
1569 2975 1664 3029 τοῦ
1689 2976 1890 3032 Τάτιον

319 3059 589 3132 Ῥωμύλῳ
624 3063 1076 3133 συμϐασιλεύειν,
1100 3067 1385 3133 συγγενεῖς
1417 3064 1587 3119 αὐτοῦ
1620 3066 1890 3136 πρέσϐεσι

307 3153 580 3239 augeam:
626 3156 968 3225 ἐντυχόντες,
1020 3159 1102 3218 είς
1149 3155 1375 3228 Ῥώμην
1434 3158 1544 3210 ἀπὸ
1573 3159 1889 3231 Λαυρέντου

230 3310 246 3323 ⁸
308 3245 642 3318 βαδίζουσιν,
675 3248 1001 3318 ἐπεχείρουν
1031 3249 1383 3320 ἀφαιρεῖσθαι
1409 3249 1501 3321 βίᾳ
1531 3249 1599 3304 τά
1629 3253 1895 3322 χρήματα

308 3337 349 3392 ἃ
370 3339 662 3408 ἐπήγοντο,
699 3342 794 3392 καὶ
821 3341 896 3409 μὴ
930 3340 1315 3410 προϊεμένους,
1345 3340 1462 3392 ἀλλ’
1509 3342 1895 3412 ἀμυνομένους

313 3428 548 3482 ἀνεῖλον.
588 3429 648 3481 '0
698 3431 798 3500 μὲν
827 3429 921 3484 οὖν
961 3428 1244 3500 Ῥωμύλος
1290 3431 1523 3484 κολάσαι
1549 3431 1674 3494 τοὺς
1708 3432 1900 3504 ἀδική-

315 3536 519 3582 σαντας
536 3521 832 3592 ἐψηφίζετο
854 3539 868 3552 ’
894 3525 922 3575 ό
941 3521 997 3574 δὲ
1025 3524 1223 3585 Τάτιος
1248 3522 1509 3594 ἐξέκρουε
1533 3525 1628 3576 καὶ
1651 3524 1897 3595 παρῆγε,

313 3609 588 3663 καὶτοῦτο
616 3611 780 3679 μόνον
824 3611 1070 3680 ὑπῆρξεν
1098 3611 1275 3664 αίτιον
1310 3613 1464 3680 σφίσι
1502 3612 1769 3684 διαφορᾶς
1799 3617 1898 3682 εμ-

315 3702 544 3771 φανοῦς.
574 3706 636 3755 Οί
659 3704 716 3756 δὲ
737 3705 847 3756 τῶν
877 3697 1247 3776 ἀνῃρημένων
1269 3707 1463 3759 οἰκεῖοί
1494 3704 1570 3776 μὴ
1598 3706 1899 3776 τυγχάνον-

314 3811 406 3856 τες
432 3795 607 3863 δίκης,
636 3797 693 3848 ὲν
729 3795 971 3866 Ἀλϐἀνῳ
1027 3796 1223 3850 θύοντα
1284 3798 1424 3868 μετά
1467 3796 1748 3868 Ῥωμύλου
1807 3799 1902 3851 τὸν

316 3887 518 3940 Ἱάτιον
549 3888 959 3957 προσπεσόντες
1014 3889 1346 3954 κτιννύουσι,
1384 3887 1475 3941 τὸν
1506 3889 1564 3941 δὲ
1609 3889 1896 3960 Ῥωμύλον

313 3980 392 4034 ὡς
427 3979 634 4032 δίκαιον
684 3980 856 4049 ἄνδρα
891 3981 988 4033 σὺν
1024 3980 1332 4050 εὐφημίαις
1390 3980 1778 4051 προέπεμψαν.
1826 3983 1900 4036 ού

320 4072 429 4139 μὴν
467 4070 696 4140 ἐτάραξε
729 4071 858 4133 τοὺς
917 4069 1184 4132 Σαϐίνους
1245 4073 1273 4122 ὁ
1322 4069 1481 4138 φόνος
1518 4069 1612 4122 τοῦ
1643 4071 1905 4140 ἄρχοντος

319 4163 500 4228 σφῶν,
529 4163 643 4216 ἀλλ’
674 4163 724 4215 οἱ
779 4163 879 4232 μὲν
907 4163 1098 4232 εὐνοία
1134 4163 1201 4233 τῇ
1241 4161 1378 4232 πρὸς
1442 4162 1743 4233 Ῥωμύλον,
1771 4164 1821 4215 οἱ
1849 4164 1905 4216 δὲ

320 4252 476 4322 φοϐῳ
501 4254 596 4322 τῆς
644 4253 927 4321 δυνάμεως
960 4254 1203 4315 είκοντες
1232 4253 1524 4309 διετέλουν.
1563 4250 1696 4306 Εἶτα
1721 4253 1906 4322 λοιμὸς

321 4345 589 4412 ἐμπίπτει
617 4347 684 4415 τῇ
719 4344 928 4418 Ῥώμῃ,
959 4345 1229 4408 Θανάτους
1262 4345 1565 4415 αἰφνιδίους
1595 4343 1908 4416 ἀνθρώποις

322 4438 608 4504 ὲπφέρων
668 4438 840 4492 νόσων
875 4438 1070 4508 χωρὶς,
1127 4439 1222 4490 καὶ⁸
1269 4438 1471 4508 ἀφορία
1515 4440 1782 4510 καρπῶν,
1813 4439 1909 4490 καὶ

1978 1957 2258 2023 Quirites,
2304 1975 2334 2012 a
2385 1959 2630 2014 Curibus
2688 1960 2834 2014 Tatii
2891 1961 3090 2030 patria,
3140 1971 3562 2017 vocareturzet

1979 2049 2142 2103 ambo
2170 2065 2398 2119 regnum
2439 2065 2504 2104 ac
2541 2050 2783 2106 militare
2818 2051 3111 2121 imperium
3156 2055 3561 2108 consociarent.

1981 2140 2162 2197 Locus
2220 2142 2275 2195 in
2324 2157 2435 2211 quo
2478 2141 2657 2198 ftedus
2695 2144 2869 2198 ictum
2909 2153 3024 2211 est,
3071 2160 3103 2199 a
3146 2146 3418 2210 coeundo,
3464 2161 3563 2200 seu

1983 2233 2374 2300 commeando,
2401 2235 2689 2289 comitium
2719 2237 3050 2306 appellatur.
3097 2238 3174 2290 Ex
3209 2237 3429 2293 Sabinis
3449 2253 3478 2292 c
3509 2239 3566 2292 in

1985 2326 2250 2396 patricios
2283 2327 2410 2381 lecti
2467 2337 2618 2381 sunt.
2659 2328 2838 2398 Reges
2867 2345 3000 2383 vero
3040 2345 3148 2383 non
3195 2329 3382 2384 statim
3415 2347 3568 2385 com-

1985 2416 2254 2481 muniter,
2287 2417 2384 2471 sed
2432 2433 2556 2472 cum
2611 2419 2728 2473 suis
2769 2429 2999 2489 uterque
3041 2431 3262 2474 centum
3315 2423 3568 2490 patribus

1988 2508 2220 2564 seorsim
2239 2509 2620 2565 deliberarunt
2644 2528 2657 2564 :
2685 2509 2888 2566 deinde
2909 2513 2964 2566 in
2981 2512 3165 2566 locum
3191 2529 3360 2567 unum
3375 2530 3570 2567 omnes

1987 2615 2322 2657 convenere.
2381 2603 2542 2656 Anno
2594 2603 2791 2672 quinto
2827 2602 2967 2657 Tatii
3017 2619 3142 2658 cum
3186 2604 3424 2658 Romulo
3482 2621 3570 2660 rc-

1988 2694 2225 2764 gnantis,
2260 2692 2560 2763 propinqui
2586 2694 2732 2765 regis
2764 2695 2939 2759 Tatii,
2969 2695 3329 2751 Laurentium
3361 2697 3573 2767 legatos

1989 2785 2218 2840 Romam
2249 2786 2427 2840 ituros
2473 2787 2529 2840 in
2574 2786 2778 2841 itinere
2821 2787 3060 2856 spoliare
3089 2789 3352 2859 aggressi,
3409 2805 3571 2859 rcpu-

1990 2884 2242 2946 gnantes,
2268 2883 2325 2931 et
2363 2893 2422 2932 se
2469 2892 2677 2946 suaque
2715 2876 3077 2956 defendentes
3112 2878 3456 2932 occiderunt.
3494 2881 3574 2934 Ac

1991 2968 2231 3024 Romulo
2258 2969 2492 3040 injurios
2527 2969 2839 3040 puniendos
2869 2985 2991 3026 esse
3014 2971 3369 3037 decernente,
3412 2971 3573 3028 Tatio

1992 3074 2214 3130 pmnam
2245 3061 2506 3117 eludente
2537 3071 2594 3117 et
2619 3061 2930 3129 diﬂ'erente,
2960 3078 3118 3133 reges
3155 3063 3257 3116 hac
3283 3080 3389 3117 una
3434 3066 3488 3118 in
3518 3079 3575 3119 re

1995 3161 2186 3223 aperte
2239 3153 2643 3209 dissenserunt.
2704 3153 2986 3209 Caesorum
3053 3155 3386 3224 propinqui,
3452 3157 3576 3226 jure

1997 3253 2219 3315 negato,
2279 3245 2499 3299 Tatium
2550 3245 2605 3299 in
2652 3243 2863 3299 Albano
2908 3261 3030 3299 cutn
3079 3246 3313 3300 Romulo
3363 3246 3576 3299 sacriﬁ-

2000 3345 2259 3404 cantem,
2325 3353 2602 3393 concursu
2650 3337 2797 3394 l'acto
2844 3337 3222 3394 interﬁciunt:
3254 3340 3575 3405 Romulum,

2000 3439 2062 3484 ut
2085 3430 2266 3485 virum
2310 3431 2544 3502 justum,
2593 3431 2852 3486 laudibus
2885 3441 3308 3502 prosequentes.
3345 3433 3579 3489 Sabinos

2001 3523 2089 3576 sui
2127 3522 2286 3576 ducis
2341 3522 2519 3578 caedes
2579 3538 2690 3577 non
2742 3523 3017 3589 turbavit,
3075 3523 3240 3594 319
3283 3526 3579 3593 quominus

2002 3611 2202 3681 partim
2234 3612 2625 3668 benevolentia
2671 3628 2797 3684 erga
2823 3615 3153 3681 Romulum,
3209 3619 3406 3687 partim
3458 3620 3581 3690 ejus

2003 3701 2262 3768 potentia:
2285 3709 2458 3767 metu,
2491 3714 2772 3772 parerent.
2807 3704 3016 3758 Deinde
3044 3705 3232 3760 Romae
3262 3709 3579 3776 pestilentia

2003 3792 2336 3858 laboratum,
2369 3794 2691 3850 hominibus
2715 3797 2834 3852 sine
2853 3798 3064 3853 morbis
3095 3809 3321 3868 repente
3342 3803 3583 3857 morien-

2005 3883 2174 3950 tibus,
2222 3901 2286 3940 ac
2331 3887 2623 3942 sterilitate
2653 3903 2910 3959 agrorum
2939 3900 2996 3943 et
3030 3892 3330 3959 pecudum,
3369 3903 3425 3947 ct
3454 3909 3586 3948 san-

2006 3976 2219 4046 guinem
2244 3985 2411 4047 guttae
2461 3979 2814 4047 depluerunt.
2855 3979 2991 4034 Cum
3023 3980 3393 4039 Laurentibus
3418 3986 3585 4038 etiam

2007 4068 2212 4122 similia
2245 4067 2602 4136 accidissent,
2629 4070 2819 4140 opinio
2849 4071 2974 4132 fuit,
3006 4087 3213 4127 numen
3249 4076 3416 4130 caedis
3441 4076 3583 4131 Tatii

2007 4159 2426 4228 etlegatorum,
2464 4175 2606 4229 quos
2656 4161 2846 4215 Sabini
2902 4163 3306 4233 trucidassent,
3363 4170 3585 4239 exigere

2007 4263 2222 4318 pmnas.
2255 4250 2559 4306 llomicidis
2589 4252 2656 4307 ad
2684 4254 3014 4323 supplicium
3053 4255 3291 4325 deditis,
3329 4262 3468 4314 mala
3495 4262 3587 4317 illa

2009 4338 2312 4394 desierunt.
2357 4340 2747 4397 Crcscentibus
2806 4343 3177 4400 Romanorum
3226 4348 3471 4414 viribus,
3517 4367 3588 4406 ex

2011 4431 2264 4487 ﬁnitimis
2290 4434 2505 4502 populis
2524 4435 2916 4491 imbecilliores
2941 4436 3233 4492 cedebant.
3265 4439 3592 4496 Potentibus

323 4528 664 4597 θρεμμάτων
700 4529 928 4597 ἀγονίαο
973 4529 1113 4600 ὔσθη
1142 4529 1199 4582 δὲ
1248 4532 1342 4582 καὶ
1392 4529 1652 4598 σταγόσιν
1679 4529 1888 4599 αἵματοε

2014 4535 2150 4576 vero
2182 4537 2290 4574 non
2316 4522 2725 4578 connivendum
2770 4539 2892 4579 esse
2926 4527 3090 4592 ratis,
3127 4527 3222 4582 sed
3251 4529 3591 4584 incrementa

325 4623 359 4691 ἠ
391 4621 565 4682 πόλις.
597 4621 804 4691 Ὅμοια
833 4622 890 4674 δὲ
914 4623 1008 4674 καὶ
1032 4623 1145 4684 τοῖς
1177 4620 1531 4690 Λαυρεντίοις
1564 4620 1901 4675 συνέϐαινεν.

357 4712 549 4763 Εδόκει
581 4713 763 4766 τοίνυν
791 4714 879 4766 διὰ
907 4713 1000 4766 τὸν
1030 4713 1230 4765 Τατίου
1263 4713 1442 4782 φόνον,
1472 4714 1566 4766 καὶ
1595 4712 1721 4774 τοὺς
1753 4712 1906 4779 παρά

325 4803 439 4855 τῶν
500 4803 743 4858 Σαϐίνων
799 4804 1183 4875 ἀνῃρημένους
1234 4803 1496 4875 πρέσϐεις
1558 4803 1906 4873 ποινηλατεῖν

323 4893 427 4956 τὰς
466 4895 655 4956 πόλεις
689 4893 974 4964 δαιμόνιον
1029 4894 1264 4964 μήνιμα.
1308 4892 1674 4946 Ἐκδοοὲντων
1719 4893 1774 4944 δὲ
1797 4893 1908 4945 τῶν

324 4987 561 5054 φονέων,
588 4988 686 5039 καὶ
707 4985 1107 5051 κολασθέντων,
1132 4983 1422 5055 ὲλώφησαν
1449 4985 1518 5036 τὰ
1542 4985 1712 5037 δεινά.
1745 4984 1910 5035 Ῥων-

324 5078 579 5147 νυμένων
603 5078 660 5131 δὲ
681 5077 793 5131 τῶν
824 5077 1168 5147 πραγμάτων
1205 5077 1522 5145 Ῥωμαίοις,
1553 5077 1602 5128 ot
1627 5075 1724 5145 μὲν
1749 5074 1910 5160 ἀσθεῖ-

325 5173 579 5240 νέστεροι
632 5173 745 5224 τῶν
795 5170 1109 5242 προσοίκων
1137 5169 1478 5233 ὑπέκυπτον,
1527 5169 1575 5220 οἱ
1610 5169 1828 5221 δυνατοὶ
1851 5167 1908 5220 δὲ

325 5266 431 5316 οὐκ
455 5263 623 5333 ᾤοντο
651 5265 764 5317 δεῖν
794 5264 1081 5334 περιορᾷν,
1107 5261 1243 5314 ἁλλά
1267 5260 1499 5314 κωλύειν
1529 5260 1628 5329 τὴν
1656 5260 1907 5327 αὔξησιν.

329 5356 550 5420 Πρῶτοι
580 5357 638 5410 δὲ
667 5356 970 5428 Τυρρηνῶν
1003 5357 1190 5426 Οὐήϊοι
1230 5355 1406 5425 ἀρχὴν
1454 5355 1783 5424 ἐποιήσαντο
1815 5371 1912 5406 πο-

333 5447 526 5512 ιὲμουο
561 5450 944 5520 Συμϐαλόντες
970 5445 1086 5512 οὖν,
1136 5449 1232 5502 καὶ
1257 5447 1487 5509 πολλοὺς
1520 5447 1908 5512 ἀποϐαλόντες,

335 5532 634 5601 ὁμολογίαν
687 5542 1044 5610 ἐποιήσαντο,
1099 5541 1195 5592 καὶ
1239 5538 1425 5607 φιλίαν
1479 5537 1574 5592 ἐπὶ
1629 5539 1911 5601 ἐνιαυτοὺς

336 5625 560 5689 ἑκατὸν,
597 5626 694 5680 καὶ
726 5627 833 5679 τῶν
862 5630 996 5702 παρ’
1027 5632 1211 5693 αὐτοῖς
1239 5629 1482 5699 ἀρίστων
1526 5628 1802 5699 παρέσχον
1831 5633 1912 5692 εἰς

335 5716 611 5788 ὁμηρείαν
666 5719 1026 5788 πεντήκοντα.
1069 5719 1506 5790 Ἐθριάμϐευσεν
1545 5715 1642 5774 οὖν
1689 5721 1914 5784 τούτους

339 5810 576 5881 νικήσας
627 5809 903 5880 Ῥωμύλος
924 5827 938 5841 ·
991 5807 1112 5864 εἶτα
1143 5813 1406 5881 ἐπαρθεὶς
1429 5813 1551 5877 ταῖς
1582 5813 1915 5884 παραλόγοις

577 5907 850 5971 ΡΑτιιοι..
891 5909 1009 5971 Gn.
1052 5909 1381 5974 CXXXIV.

2015 4614 2401 4682 prohibenda,
2457 4616 2621 4684 primi
2677 4616 3096 4687 Tyrrhenorum
3146 4621 3265 4676 Veii
3320 4633 3593 4694 occupant

2017 4708 2222 4762 bellum
2254 4708 2456 4764 facere.
2485 4710 2802 4781 Congressi,
2867 4714 3167 4785 multisque
3210 4717 3448 4783 amissis,
3500 4733 3596 4787 pa-

2017 4800 2199 4855 ctione
2223 4801 2477 4856 inducias
2522 4803 2576 4856 in
2611 4819 2639 4856 c
2671 4819 2845 4860 annos
2877 4807 3262 4876 impetrarunt,
3300 4827 3330 4866 L
3353 4829 3420 4866 ex
3449 4816 3594 4882 Opti-

2019 4890 2261 4944 tnatibus
2295 4891 2584 4945 obsidibus
2635 4891 2800 4947 datis.
2852 4892 2947 4948 llis
2997 4898 3274 4966 superatis
3326 4900 3595 4954 Romulus

2020 4983 2431 5051 triumphavit:
2493 4994 2658 5052 atque
2712 4984 2840 5039 inde
2913 4987 3178 5043 mirandis
3243 4991 3596 5046 successibus

2017 5076 2218 5130 elatior
2250 5085 2307 5128 et
2346 5076 2564 5145 gravior
2595 5077 2794 5141 factus,
2827 5079 3019 5133 relicta
3069 5089 3387 5150 mutataque
3419 5098 3596 5152 popu-

2020 5167 2120 5221 lari
2173 5169 2600 5233 consuetudine,
2644 5185 2701 5224 se
2736 5171 2802 5223 ad
2843 5172 3049 5227 odiosa:
3091 5180 3146 5226 et
3184 5173 3427 5228 molestae
3471 5190 3592 5228 mo-

2018 5259 2260 5314 narchia:
2290 5258 2536 5313 habitum
2559 5261 2947 5328 conformavit,
2969 5264 3207 5318 tunicam
3233 5280 3591 5334 purpuream,

2019 5363 2075 5407 et
2111 5363 2289 5422 togam
2322 5361 2641 5422 prmtextam
2677 5354 2939 5420 induere,
2973 5364 3029 5409 ct
3065 5357 3251 5411 rubris
3285 5357 3485 5412 calceis
3512 5359 3594 5412 uti

2019 5446 2236 5511 solitus,
2273 5453 2328 5499 et
2352 5445 2407 5498 in
2435 5445 2573 5500 solio
2598 5447 2901 5503 reclinatus
2948 5434 3327 5518 responderet:
3358 5450 3592 5504 multos-

2021 5552 2129 5608 que
2163 5539 2419 5609 juvenes,
2456 5553 2598 5607 quos
2649 5537 2874 5594 Celeres
2902 5541 3159 5606 vocabat,
3191 5555 3410 5612 semper
3438 5543 3596 5610 juxta

2023 5647 2081 5686 se
2129 5631 2361 5696 habuit,
2412 5639 2468 5686 et
2511 5631 2736 5686 lictores
2788 5642 2917 5688 ante
2969 5649 3065 5699 se,
3119 5634 3332 5690 baculis
3377 5634 3597 5691 turbam

2022 5721 2452 5784 submoventes,
2489 5731 2544 5775 et
2580 5721 2697 5776 lora
2737 5731 3026 5794 gerentes,
3073 5724 3280 5794 quibus
3321 5725 3599 5780 vincirent

2022 5816 2314 5883 homines,
2365 5815 2503 5888 jussi
2559 5829 2762 5886 arege.
2803 5815 2873 5872 Ut
2923 5826 3109 5873 autem
3163 5833 3267 5872 avo
3316 5817 3600 5873 Numitore

3216 5911 3286 5974 18
