4060 6416
467 361 576 425 555

1725 363 2052 428 JOANNIS
2094 366 2420 430 ZONAll/E

3642 370 3756 437 556

467 483 710 540 mortuo,
759 473 1087 546 Albanoque
1131 489 1302 546 regno
1355 475 1422 531 ad
1469 476 1651 548 ipsum
1709 479 2052 549 pertinente,

2158 481 2466 553 εὐτυχίαις,
2517 479 2615 535 καὶ
2647 478 2936 552 βαρυτέρῳ
2971 480 3291 552 φρονήματι
3313 477 3622 552 χρώμενος,
3656 481 3753 546 ἐξ-

454 566 875 638 τοιιιριιὺιὶολιῐι
909 566 978 622 ad
1019 567 1404 625 conciliandos
1431 569 1624 640 populi
1647 571 1864 628 animos
1886 570 2058 626 liber-

468 671 580 716 tate
611 659 864 728 donavit,
887 670 945 716 et
973 661 1277 731 qu0tannis
1303 661 1614 733 principem
1659 662 1885 719 Sabinis
1913 662 2060 719 desi-

463 756 692 825 gnavit:
730 755 964 809 Romani
1011 770 1275 825 proceres
1321 756 1390 811 ad
1461 757 1823 827 cupiditatem
1876 770 2057 827 popu-

462 847 599 904 laris
632 847 934 917 liberaeque
991 847 1318 918 reipublicae
1385 859 1516 904 sunt
1567 848 1806 904 incitati.
1863 847 2057 918 Neque

463 941 614 997 enim
667 941 1029 1011 patriciorum
1105 942 1219 997 ulla
1287 950 1408 997 erat
1459 943 1514 996 in
1573 942 1742 998 rebus
1797 941 2058 1013 gerendis

465 1034 807 1099 auctoritas,
860 1033 959 1088 sed
1001 1049 1208 1089 nomen
1253 1034 1520 1090 duntaxat
1548 1043 1605 1090 et
1651 1035 1906 1092 habitum
1939 1037 2055 1107 regi

463 1124 958 1182 accommodabant
993 1144 1006 1181 :
1037 1141 1163 1181 cum
1215 1127 1638 1183 consuetudinis
1663 1127 1850 1197 potius
1888 1142 2052 1200 ergo,

464 1235 629 1291 quam
655 1221 945 1276 sententiae
988 1220 1240 1277 dicenda:
1277 1237 1446 1277 causa
1479 1223 1535 1277 in
1579 1222 1793 1277 curiam
1843 1223 2054 1289 vocati,

463 1310 764 1366 Romulum
810 1311 1204 1366 decernentem
1246 1312 1400 1366 taciti
1444 1311 1750 1369 audirent:
1788 1312 1945 1367 nulla
1993 1327 2054 1368 re

464 1401 782 1472 superiores
806 1403 1044 1468 exteris,
1078 1403 1185 1458 nisi
1218 1404 1366 1473 quod
1392 1419 1515 1474 qua:
1556 1405 1649 1460 ille
1687 1405 2050 1473 decrevisset,

461 1495 630 1566 primi
682 1495 1007 1552 audiebant.
1041 1495 1119 1552 Ea
1166 1512 1226 1552 re
1278 1513 1404 1552 eum
1450 1497 1775 1569 dignitatem
1827 1507 2053 1554 senatus

463 1586 802 1643 imminuere
849 1585 1160 1654 videretur,
1202 1602 1267 1642 ac
1296 1588 1464 1658 paulo
1495 1597 1620 1658 post
1652 1589 1707 1643 in
1739 1589 1904 1643 terris
1927 1604 2052 1644 esse

461 1679 744 1747 desiisset,
776 1689 964 1750 patres
1001 1680 1322 1750 suspicione
1358 1680 1506 1734 haud
1545 1690 1870 1736 caruerunt.
1913 1681 2051 1736 Nam

462 1788 590 1829 cum
615 1773 684 1828 ad
714 1773 910 1843 Capra
938 1772 1198 1843 paludem
1227 1773 1555 1829 concionem
1588 1774 1842 1839 haberet,
1871 1773 2051 1829 fertur

461 1867 764 1924 obscurato
794 1867 912 1922 sole
944 1881 1054 1921 nox
1082 1867 1386 1934 exstitisse,
1427 1883 1553 1922 cum
1585 1868 1880 1924 horrendis
1907 1868 2051 1924 toni-
2081 1842 2124 1898 Β

462 1958 645 2014 tribus
661 1965 718 2013 et
743 1956 1024 2028 procellis.
1042 1956 1258 2012 Interea
1283 1957 1503 2011 turbam
1537 1956 1854 2028 diil‘ugisse,
1885 1957 2050 2028 320

461 2063 728 2120 proceres
748 2063 885 2104 vero
905 2062 1030 2104 sese
1058 2048 1418 2120 eonglobasse
1441 2065 1458 2116 ;
1491 2057 1816 2119 tempestate
1835 2050 2046 2116 sedata,

462 2144 782 2215 populoque
805 2156 1003 2198 rursus
1031 2151 1388 2214 congregato,
1431 2144 1726 2212 quaesitum
1773 2157 1896 2198 esse
1939 2143 2052 2197 Ro-

463 2237 714 2292 mulum:
744 2235 840 2292 sed
885 2242 1144 2304 potentes
1176 2234 1245 2290 de
1278 2250 1346 2290 eo
1374 2235 1546 2306 quazri
1579 2235 1842 2300 vetuisse,
1881 2245 2049 2306 atque

463 2339 662 2382 omnes
693 2325 946 2380 hortatos
964 2337 1108 2390 esse,
1135 2332 1198 2379 ut
1217 2339 1345 2380 eum
1373 2324 1442 2379 ad
1470 2325 1606 2380 deos
1637 2332 1853 2394 raptum
1880 2339 2050 2380 vene-

463 2427 724 2476 rarentur
762 2427 821 2474 et
855 2418 1126 2484 colerent,
1153 2417 1318 2473 deum
1337 2433 1438 2488 pro
1456 2417 1605 2472 bono
1627 2432 1754 2488 rege
1771 2417 2045 2472 futurum.

463 2513 543 2566 Ac
567 2510 762 2581 vulgus
779 2509 868 2564 his
895 2509 1086 2564 verbis
1114 2508 1416 2579 acquievit,
1445 2522 1540 2578 spe
1557 2508 1701 2563 bona
1730 2507 2046 2578 praeditum.

462 2604 700 2672 Quidam
731 2615 917 2659 autem
949 2610 1239 2674 suspectos
1261 2601 1508 2657 habuere
1532 2610 1743 2672 patres,
1773 2610 1832 2656 et
1857 2599 2046 2670 exagi-

467 2708 684 2762 tavere,
740 2706 802 2750 ut
853 2695 950 2766 qui
995 2694 1162 2766 vulgo
1199 2695 1364 2748 inane
1406 2701 1782 2748 commentum
1814 2706 2047 2762 persua-

467 2793 689 2854 derent,
737 2805 864 2844 cum
911 2788 1018 2859 ipsi
1068 2787 1369 2842 Romulum
1423 2785 1872 2854 discerpsissent.
1907 2781 1985 2838 Ae
2007 2781 2048 2836 ii

465 2885 751 2958 negotium
798 2881 1155 2937 lacessissent
1204 2880 1562 2949 potentibus,
1623 2877 1730 2932 nisi
1777 2877 2050 2932 Proculus

463 2981 646 3037 Julius
674 2991 868 3047 eques,
900 2983 958 3030 et
996 2987 1201 3044 genere
1238 2981 1296 3027 et
1335 2973 1588 3026 moribus
1624 2969 2046 3040 probatissimis,

465 3087 531 3126 ac
578 3069 817 3125 Romulo
851 3067 1014 3132 tidus,
1047 3081 1148 3136 pro
1175 3063 1447 3119 concione
1485 3063 1847 3134 jurejurando
1899 3061 2048 3116 υωτ-

464 3171 690 3228 masset,
716 3160 1014 3217 Romulum
1040 3158 1148 3213 sibi
1175 3157 1555 3226 augustiorem
1583 3156 1769 3219 solito,
1794 3155 1851 3209 in
1877 3153 2050 3210 armis

464 3255 775 3327 splendidis
819 3263 986 3322 atque
1048 3249 1394 3320 fulgentibus
1449 3249 1827 3319 apparuisse:
1881 3262 2053 3320 seque

465 3349 626 3404 illum
666 3353 1058 3416 percontatum
1105 3356 1260 3407 esse,
1307 3339 1663 3406 Quamobrem
1713 3346 1958 3392 senatum
1997 3339 2054 3392 in

462 3440 676 3494 atrocia
729 3438 980 3500 crimina,
1031 3435 1298 3488 civitatem
1348 3434 1405 3486 in
1452 3431 1650 3486 luctum
1704 3431 2056 3501 conjecisset?

464 3547 596 3587 eum
625 3544 756 3584 vero
796 3525 1154 3596 respondisse
1185 3543 1198 3580 :
1239 3524 1350 3579 Diis
1394 3526 1471 3580 ita
1503 3527 1706 3590 visum,
1761 3535 1819 3577 ut
1844 3533 2056 3579 tantum

468 3623 719 3694 temporis
753 3623 893 3675 inter
918 3618 1167 3674 mortales
1194 3626 1354 3684 esset,
1383 3629 1543 3689 atque
1569 3615 1624 3670 in
1666 3617 1877 3680 caelum,
1913 3619 2056 3670 unde

467 3721 713 3782 uenisset,
746 3722 1115 3770 reverteretur.
1153 3712 1353 3778 Abiret,
1387 3727 1449 3765 ac
1483 3711 1752 3764 nuntiaret
1775 3709 2050 3777 Romanis,

465 3811 512 3864 si
550 3808 863 3862 modestiam
885 3813 935 3859 et
957 3821 1071 3858 rem
1099 3804 1388 3858 militarem
1423 3802 1675 3866 colerent,
1700 3803 1770 3855 ad
1786 3817 2055 3855 summum

466 3905 717 3958 humana:
746 3901 994 3971 potentia:
1033 3898 1306 3968 fastigium
1345 3911 1653 3950 ascensuros
1685 3911 1703 3949 :
1735 3912 1790 3948 se
1823 3911 1944 3949 vero
1980 3897 2055 3951 eis

467 3994 751 4068 propitium
784 3994 894 4063 [ore
914 3991 1220 4056 Quirinum.
1259 3989 1387 4045 Haec
1412 3988 1643 4055 dicenti,
1682 3999 1799 4044 tum
1839 3989 1910 4044 ob
1937 3991 2056 4060 jus-

464 4083 794 4157 jurandum,
849 4095 966 4138 tum
1009 4082 1082 4136 ob
1111 4080 1501 4136 auctoritatem
1537 4080 1676 4145 viri,
1722 4089 1871 4135 tanta
1915 4080 2054 4136 ﬁdes

468 4179 596 4243 luit,
631 4185 691 4231 ut
721 4192 884 4231 nemo
902 4175 1272 4245 refragaretur
1295 4215 1309 4229 .
1346 4189 1610 4245 omnique
1652 4176 1971 4245 suspicione
1999 4184 2055 4229 et

471 4269 746 4325 calumnia
785 4275 1004 4328 amota.
1047 4267 1280 4333 Quirino
1325 4275 1451 4320 vota
1493 4266 1770 4333 facerent,
1826 4269 2053 4321 numine

469 4362 592 4431 ejus
625 4361 904 4414 invocato.
955 4358 1070 4412 lloc
1113 4369 1297 4413 autem
1343 4367 1770 4428 cognomentum
1816 4358 2054 4412 Romulo

467 4453 678 4508 hezum
707 4452 966 4516 traditur,
997 4451 1082 4506 vel
1121 4451 1192 4505 ob
1221 4453 1403 4515 cives,
1440 4451 1534 4520 qui
1568 4451 1813 4516 Quirites
1857 4451 2048 4520 appel-

2164 575 2350 629 ίστατο
2409 573 2506 628 τοῦ
2559 575 2888 645 δημοτικοῦ,
2940 575 3036 628 καὶ
3093 573 3468 646 παρήλλαττε,
3507 574 3604 627 καὶ
3659 575 3751 639 είς

2159 665 2373 737 ἐπαχθῆ
2410 666 2736 737 μοναρχίαν,
2760 668 2857 720 καὶ
2881 665 3165 718 λυποῦσαν
3189 665 3300 719 ἀπὸ
3325 664 3422 719 τοῦ
3463 666 3753 736 σχήματος

2159 761 2354 815 ἐαυτὸν
2399 759 2792 832 ἐσχημάτιζεν.
2863 759 3137 830 Ἀλουργῆ
3190 757 3292 828 μὲν
3351 759 3464 830 γὰρ
3496 757 3752 811 ἐνεδύετο

2157 853 2388 926 χιτῶνα,
2414 853 2511 906 καὶ
2541 851 2806 922 τήϐεννον
2827 851 3144 922 ἠμπίσχετο
3178 848 3624 921 περιπόρφυρον,
3654 851 3756 903 καὶ

2159 947 2395 1010 πεδίλοις
2422 944 2692 1017 ἐκέχρητο
2726 944 3003 1016 ἐρυθροῖς,
3037 944 3132 998 καὶ
3165 946 3224 998 ἐν
3265 943 3443 1015 θρόνῳ
3471 945 3752 1015 ἀνακλίτῳ

2157 1040 2471 1111 καθήμενος
2529 1036 2925 1110 ἐχρημάτιζεν.
2983 1033 3168 1092 Ἦσαν
3195 1037 3253 1091 δὲ
3309 1039 3438 1106 περὶ
3467 1038 3632 1090 αὑτὸν
3659 1037 3755 1091 ἀεὶ

2157 1135 2255 1189 καὶ
2291 1133 2403 1188 τῶν
2436 1133 2577 1188 νέων
2609 1133 2821 1204 συχνοὶ,
2841 1131 2936 1197 οὒς
2968 1133 3218 1203 Κέλερας
3247 1132 3690 1204 προσηγόρευεν,
3724 1132 3754 1185 ὃ

2156 1226 2304 1282 κατὰ
2338 1225 2439 1298 τὴν
2463 1226 2575 1280 τῶν
2643 1224 2935 1296 Ῥωμαίων
2983 1224 3270 1278 διάλεκτον
3297 1223 3449 1294 δηλοῖ
3475 1224 3604 1286 τοὺς
3658 1241 3756 1276 τα-

2156 1321 2276 1391 χεῖς
2300 1336 2314 1350 ο
2354 1319 2452 1373 καὶ
2481 1318 2722 1390 πρόσθεν
2754 1318 3006 1384 ἐϐάδιζον
3042 1317 3227 1388 ἕτεροι
3287 1316 3620 1388 βακτηρίαις
3657 1317 3753 1368 τὸν

2154 1411 2315 1482 δχλον
2339 1410 2716 1482 ἀνείργοντες,
2748 1408 3128 1478 ὑπεζωσμένοι
3169 1406 3425 1477 ἱμάντας,
3451 1405 3593 1458 ὥστε
3625 1421 3754 1457 συν-

2153 1502 2265 1556 δεῖν
2287 1501 2383 1566 οὑς
2415 1501 2814 1555 κελευσθῶσιν.
2857 1499 3016 1553 Ἐπεὶ
3039 1499 3097 1552 δὲ
3126 1499 3442 1568 Νομίτορος
3474 1498 3570 1550 τοῦ
3598 1497 3755 1551 πάπ-

2154 1611 2260 1648 που
2293 1593 2462 1649 αὑτοῦ
2500 1595 2560 1647 ἐν
2589 1593 2768 1665 Ἀλϐῃ
2793 1591 3222 1663 τελευτήσαντος
3253 1589 3526 1660 Ῥωμύλῳ
3577 1605 3752 1658 προσ-

2153 1688 2404 1760 ηκούσης
2452 1686 2552 1757 τῆς
2592 1685 2899 1757 βασιλείας,
2937 1683 3101 1746 αὐτὸς
3137 1687 3219 1747 εἰς
3253 1685 3420 1754 μέσον
3447 1681 3612 1751 ἔθηκε
3650 1679 3753 1749 τὴν

2156 1780 2441 1834 πολιτείαν
2460 1778 2835 1850 δημαγωγῶν,
2856 1778 2952 1830 καὶ
2978 1775 3098 1830 κατ’
3117 1775 3369 1829 ἐνιαυτὸν
3393 1772 3756 1827 ἀπεδείκνυεν

2157 1871 2398 1942 ἄρχοντα
2427 1871 2541 1934 τοῖς
2569 1868 2845 1932 Σαϐίνοις,
2874 1865 3101 1938 ἠρέθισε
3131 1865 3258 1926 τοὺς
3290 1867 3349 1916 ἐν
3380 1862 3569 1931 Ῥώμῃ
3583 1858 3749 1912 δυνα-

2155 1967 2284 2025 τοὺς
2316 1961 2681 2016 ἀϐασίλευτον
2731 1961 2918 2029 ζητεῖν
2980 1956 3078 2011 καὶ
3109 1957 3410 2024 αὐτόνομον
3442 1948 3754 2006 πολιτείαν,

2156 2056 2296 2109 Οὐδέ
2331 2054 2439 2126 γὰρ
2470 2055 2518 2107 oi
2551 2051 2883 2122 καλούμενοι
2909 2049 3194 2122 πατρίκιοι
3247 2045 3594 2118 πραγμάτων
3620 2057 3757 2112 μετι

2155 2151 2322 2218 εἰχον,
2383 2147 2498 2200 ἀλλ’
2529 2146 2701 2216 ὄνομα
2727 2145 2822 2199 καὶ
2854 2145 3042 2215 σχῆμα
3075 2139 3144 2214 ἦν
3174 2142 3381 2205 αὐτοῖς,
3412 2139 3570 2200 ἐθους
3585 2137 3754 2189 ἓνεκα

2158 2241 2427 2312 μᾶλλονῆ
2470 2239 2700 2310 γνώμης
2754 2237 3176 2312 ἀθροιζομένοις
3227 2236 3308 2297 εἰς
3351 2233 3414 2286 τὸ
3456 2231 3755 2302 βουλευτή-

2159 2349 2310 2404 ριον·
2347 2327 2470 2386 εἶτα
2523 2328 2809 2400 Ῥωμύλου
2872 2327 3212 2398 πράττοντος
3246 2322 3530 2394 ἠκροῶντο
3593 2322 3752 2388 σιγῇ,

2156 2431 2255 2482 καὶ
2293 2425 2356 2479 τὸ
2400 2425 2508 2496 πρὸ
2531 2425 2644 2478 τῶν
2668 2423 2848 2476 ἄλλων
2873 2420 2934 2474 τὸ
2969 2418 3297 2489 δεδογμένον
3329 2414 3524 2484 ἐκείνῳ
3550 2414 3753 2482 μαθεῖν

2157 2520 2324 2573 πλέον
2369 2517 2590 2588 ἔχοντες
2645 2517 2755 2569 τῶν
2814 2513 3040 2580 λοιπῶν,
3091 2509 3520 2581 ἀπηλλάττοντο.
3587 2504 3753 2557 Ὅθεν

2157 2612 2336 2666 ἐδόκει
2366 2611 2465 2681 τὴν
2483 2607 2780 2680 γερουσίαν
2807 2602 3252 2675 προπηλακίζειν
3272 2616 3285 2630 °
3316 2599 3395 2652 διὸ
3423 2596 3564 2666 αὕτη
3616 2594 3754 2650 ὑπο-

2160 2723 2289 2768 πτος
2307 2703 2478 2768 ἔδοξε,
2510 2701 2628 2773 μετ’
2654 2699 2835 2769 ὀλίγον
2857 2695 3099 2766 ἀφανοῦς
3117 2692 3413 2764 γενομένου
3440 2686 3749 2758 Ῥωμύλου.

2156 2797 2394 2866 Λέγεται
2425 2795 2557 2865 γὰρ,
2599 2791 2901 2864 ἐκκλησίαν
2931 2789 3158 2858 ἄγοντος
3191 2786 3359 2840 αὐτοῦ
3395 2785 3527 2854 περὶ
3553 2781 3615 2835 τδ
3645 2797 3752 2833 κα-

2156 2889 2422 2958 λούμενον
2481 2884 2648 2954 Αίγδς
2697 2883 2841 2948 ἕλος,
2890 2881 2986 2934 τοῦ
3019 2877 3120 2946 μὲν
3150 2878 3304 2949 ἡλίου
3327 2877 3389 2929 τὸ
3428 2875 3542 2944 φῶς
3572 2871 3755 2924 ἐπιλιι

2159 2984 2303 3044 πεῖν,
2327 2981 2503 3033 νύκτα
2535 2978 2592 3030 δὲ
2619 2975 2934 3045 κατασχεῖν,
2971 2971 3197 3042 βροντάς
3221 2987 3278 3023 τε
3312 2966 3494 3030 δεινὰς
3527 2963 3753 3034 συμϐῆ-

2156 3089 2270 3137 ναι,
2305 3072 2402 3124 καὶ
2453 3070 2622 3132 πνοάς
2657 3068 2879 3138 ἀνέμων
2936 3064 3108 3134 ζάλην
3182 3061 3515 3123 ἐλαυνούσας
3539 3075 3552 3090 ⁸
3591 3060 3648 3112 ἐν
3680 3057 3742 3110 δὲ

2157 3164 2337 3236 τούτῳ
2357 3162 2450 3216 τδν
2479 3163 2581 3233 μὲν
2615 3161 2774 3231 ὄχλον
2808 3159 3058 3230 φεύγειν,
3108 3157 3237 3220 τούς
3270 3156 3326 3210 δὲ
3348 3152 3612 3216 δυνατοὺς
3654 3169 3753 3204 συ-

2160 3257 2472 3327 στραφῆναι
2505 3253 2626 3327 μετ’
2677 3253 2926 3323 ἀλλήλων
2947 3269 2962 3282 ο
2996 3252 3096 3321 τῆς
3131 3250 3176 3303 δ’
3207 3250 3265 3302 ἐν
3303 3248 3380 3318 τῷ
3424 3247 3549 3318 ἀέρι
3578 3262 3752 3315 ταρκ-

2157 3349 2258 3421 χῆς
2287 3347 2645 3418 λωφησάσης,
2679 3347 2774 3399 καὶ
2797 3340 2956 3408 αὖθις
2988 3343 3202 3396 πολλῶν
3232 3342 3367 3412 ὁμοῦ
3408 3339 3752 3411 γενομένων,

2159 3440 2445 3511 ζητεῖσθαι
2494 3439 2587 3492 τὸν
2635 3437 2890 3509 βασιλέα,
2942 3435 3076 3498 τοὺς
3107 3435 3164 3487 δέ
3192 3432 3452 3494 δυνατοὺς
3501 3431 3604 3482 οὐκ
3650 3429 3753 3498 ὲᾷν

2158 3533 2440 3598 ἐξετάζειν
2498 3529 2631 3602 περὶ
2679 3527 2870 3593 αὑτοῦ,
2931 3528 3102 3598 τιμᾷν
3146 3527 3205 3579 δὲ
3263 3521 3753 3592 παρακελεύεσθαι

2160 3627 2318 3691 πᾶσι,
2348 3623 2440 3678 καὶ
2468 3623 2724 3677 σέϐεσθαι
2770 3619 3054 3691 Ῥωμύλον
3081 3619 3157 3683 ὡς
3186 3614 3616 3688 ἀνηρπαγμένον
3668 3615 3753 3676 είς

2160 3719 2342 3785 θεοὺς,
2365 3719 2464 3772 καὶ
2492 3716 2615 3790 θεὸν
2635 3717 2900 3785 ἐσόμενον
2937 3713 3126 3783 σφίσιν
3162 3712 3285 3766 ἀντὶ
3315 3706 3556 3780 χρηστοῦ
3590 3706 3752 3776 βασι-

2158 3813 2320 3876 λέως.
2359 3811 2423 3864 Οί
2481 3809 2579 3880 μὲν
2629 3804 2726 3862 οὖν
2775 3806 2966 3860 πολλοὶ
2999 3805 3362 3874 πεπεισμένοι
3414 3802 3527 3861 τοῖς
3563 3799 3752 3865 λόγοις

2160 3903 2591 3972 ἀπηλλάττοντο,
2621 3899 2804 3954 ἐλπίσι
2832 3899 3102 3969 χρησταῖς
3143 3893 3533 3966 αἰωρούμενοι.
3571 3890 3752 3942 Ἔνιοι

2157 3994 2214 4046 δὲ
2237 3995 2295 4046 ἐν
2319 3991 2602 4054 ὑπονοίαις
2625 3991 2753 4052 τούς
2779 3988 3108 4058 πατρικίους
3142 3986 3462 4056 πεποίηντο,
3494 3980 3590 4036 καὶ
3615 3981 3748 4032 ἐτα-

2163 4087 2420 4156 ράττοντο
2453 4083 2528 4147 ὠς
2557 4083 2648 4136 τὸν
2700 4083 2874 4153 δῆμον
2903 4081 3173 4152 ἀϐέλτερα
3205 4078 3516 4140 πείθοντας,
3545 4073 3750 4134 αὐτοὺς

2158 4178 2254 4232 τοὺ
2289 4176 2559 4247 βασιλέως
2596 4175 2892 4244 γεγονότας
2919 4174 3269 4244 αὐτόχειρας.
3298 4169 3411 4223 Καὶ
3438 4167 3585 4237 πράγ
3597 4181 3750 4235 ματα

2161 4273 2227 4324 ἂν
2254 4270 2530 4339 παρέσχον
2556 4269 2668 4331 τοῖς
2696 4267 2967 4330 δυνατοῖς,
2987 4266 3035 4318 εί
3053 4265 3129 4336 μή
3148 4280 3231 4327 τις
3249 4261 3358 4315 τῶν
3377 4259 3591 4314 ἱππέων
3613 4254 3752 4311 Ἰού-

2158 4364 2271 4426 λιος
2304 4363 2572 4433 Πρόκλος,
2597 4360 2748 4429 γένει
2781 4378 2840 4413 τε
2873 4359 3275 4430 δοκιμώτατος,
3321 4355 3418 4410 καὶ
3451 4353 3572 4424 ἡθει
3605 4367 3751 4421 χρη·-

2159 4456 2305 4518 στὸς,
2337 4455 2433 4507 καὶ
2472 4452 2696 4522 Ῥωμύλ
2716 4477 2742 4521 μ
2776 4452 2990 4516 πιστὸς,
3023 4453 3105 4514 εἰς
3131 4448 3340 4519 ἀγοράν
3368 4446 3562 4512 ἐλθὼν,
3590 4444 3736 4513 ὲνόρ·

468 4545 752 4609 labantur,
786 4545 872 4598 vel
897 4544 967 4598 ab
999 4545 1176 4608 hasta,
1210 4559 1376 4612 quam
1408 4553 1626 4598 veteres
1655 4542 1858 4612 quirim
1896 4543 2050 4598 voci-

2162 4565 2275 4611 κω;
2337 4543 2515 4610 εἶπεν,
2552 4545 2627 4610 ὡς
2660 4545 2856 4616 ὀφθείη
2930 4544 3212 4615 Ῥωμύλος
3245 4543 3396 4613 αὑτῷ
3428 4541 3596 4602 καλὸς
3651 4543 3745 4591 καί

471 4644 684 4691 larunt.
745 4635 1011 4701 Quirinus
1062 4635 1231 4704 igitur
1269 4638 1406 4688 deus
1453 4637 1762 4705 appellatus
1817 4645 1924 4700 est,
1987 4643 2050 4689 ut

469 4727 772 4785 bellicosus
825 4736 882 4782 et
928 4728 1198 4780 hastatus.
1254 4726 1452 4780 Fertur
1495 4743 1670 4782 annos
1702 4727 1906 4783 vixisse
1966 4744 2052 4781 LIV

468 4831 527 4876 et
560 4835 707 4873 anno
763 4819 917 4887 regni
973 4833 1172 4871 xxxvm
1204 4833 1234 4871 e
1275 4830 1573 4888 conspectu
1628 4821 1913 4874 hominum
1957 4836 2051 4874 su-

468 4913 654 4967 blatus
691 4927 833 4966 esse.

2163 4642 2362 4710 μέγας,
2392 4641 2466 4700 ὡς
2495 4639 2694 4693 οὔποτε
2717 4639 2979 4712 πρόσθεν,
3015 4641 3110 4693 καὶ
3134 4641 3319 4703 ὅπλοις
3349 4638 3626 4708 λαμπροῖς
3654 4653 3718 4688 κε

2158 4735 2536 4805 κοσμημένος,
2583 4735 2680 4787 καὶ
2728 4733 3014 4801 φλέγουσι,
3049 4735 3146 4788 καὶ
3201 4733 3278 4795 ὡς
3310 4729 3475 4793 αὐτὸς
3513 4731 3614 4800 μὲν
3644 4726 3716 4780 πύ

2158 4828 2326 4892 θοιτο,
2368 4831 2428 4880 Τί
2452 4827 2528 4895 δὴ
2558 4825 2788 4890 παθὼν,
2819 4822 2866 4882 ὦ
2891 4824 3184 4891 βασιλεῦ,
3217 4825 3378 4896 ἡμᾶς
3400 4823 3518 4894 μὲν
3549 4822 3619 4876 ἐν
3651 4822 3735 4874 αῖ·

2159 4919 2316 4986 τίαις
2340 4922 2681 4987 πεποίηκας
2716 4918 3032 4986 πονηραῖς,
3062 4917 3272 4974 πᾶσαν
3305 4917 3375 4970 δὲ
3414 4914 3530 4983 τὴν
3560 4914 3750 4966 πόλιν

466 5009 540 5062 ἐν
575 5005 781 5061 πένθει
825 5002 1272 5073 προλέ.ιοιπας;
1318 5006 1554 5070 Ἐκεῖνος
1627 5007 1684 5061 δὲ
1722 5010 1859 5080 προς
1934 5009 2111 5062 ταῦτα
2171 5011 2489 5082 ἀμείψατο·
2553 5010 2722 5076 Θεοῖς
2765 5011 3004 5078 ἔδοξεν,
3044 5006 3092 5066 ὦ
3136 5013 3396 5080 Πρόκλε,
3446 5007 3752 5064 τοσοῦτον

467 5105 694 5175 χρόνον
727 5102 886 5174 ἡμᾶς
919 5105 1204 5174 γενέσθαι
1231 5105 1360 5173 μετ’
1393 5104 1744 5174 ἀνθρώπων,
1785 5102 1964 5172 αὖθις
2002 5107 2055 5160 δ’
2088 5109 2356 5178 οὐρανὸν
2417 5107 2628 5176 οἰκεῖν,
2687 5109 2922 5164 ἐκεῖθεν
2963 5108 3164 5174 ὄντας.
3203 5105 3392 5162 Ἀλλὰ
3420 5105 3615 5176 χαῖρε,
3645 5100 3750 5155 καὶ

467 5197 649 5268 φράζε
686 5197 1020 5267 Ῥωμαίοις,
1054 5196 1143 5252 ὅτι
1175 5199 1588 5267 σωφροσύνην
1629 5199 1730 5253 καὶ
1781 5201 2040 5270 ἀνδρίαν
2078 5201 2436 5268 ἀσκοῦντες,
2503 5201 2603 5255 ἐπὶ
2654 5201 2949 5256 πλεῖστον
3016 5199 3328 5267 δυνάμεως
3364 5196 3752 5268 ἀνθρωπίνης

467 5293 809 5363 ἀφίξονται.
857 5293 1009 5361 Ἐγὼ
1053 5291 1122 5344 δὲ
1162 5291 1306 5360 ὑμῖν
1331 5292 1596 5360 εὐμενὴς
1635 5293 1852 5364 ἔσομαι
1919 5295 2196 5363 Κιφῖνος.
2268 5295 2457 5350 Ταῦτα
2506 5295 2598 5350 διά
2660 5312 2722 5348 τε
2756 5296 2846 5350 τδν
2875 5295 3038 5367 ὅρκον
3063 5294 3160 5348 τοὺ
3207 5278 3462 5363 λέγοντος
3521 5291 3618 5346 καὶ
3655 5275 3752 5342 τόν

467 5389 697 5458 τρόπον,
730 5385 903 5439 πιστά
935 5383 1236 5454 Ῥωμαίοις
1289 5385 1468 5438 ἐδόκει
1517 5387 1796 5454 τοσοῦτον,
1864 5388 1941 5452 ὡς
1983 5389 2058 5460 μή
2097 5405 2224 5444 τινα
2283 5390 2565 5444 ἀντειπεῖν
2590 5405 2604 5420 ⁸
2669 5391 2852 5461 πάσης
2882 5389 2940 5442 δέ
2964 5389 3273 5460 ἀφεμένους
3301 5386 3540 5458 ὑποψίας
3561 5403 3620 5438 τι
3648 5379 3745 5432 καὶ

469 5482 748 5552 διαϐολῆς,
780 5481 1041 5552 εὑχεσθαι
1073 5481 1322 5554 Κυρίνῳ,
1353 5484 1448 5536 καὶ
1477 5483 1810 5540 θεοκλυτεῖν.
1832 5485 2052 5558 Ταύτην
2088 5486 2147 5540 δέ
2207 5485 2309 5559 τὴν
2345 5486 2670 5559 ἐπωνυμίαν
2693 5488 2829 5557 φασὶ
2847 5485 2928 5557 τῷ
2968 5485 3233 5558 Ῥωμύλῳ
3263 5483 3543 5554 γενέσθαι,
3602 5476 3636 5546 ἢ
3658 5476 3744 5530 ὅτι

477 5573 606 5636 τοὺς
637 5573 862 5636 πολίτας
897 5572 1148 5643 Κυρίτας
1169 5574 1476 5645 ὠνόμαζον,
1503 5576 1537 5647 ἢ
1568 5577 1652 5630 ὅτι
1696 5578 1795 5648 τὴν
1822 5577 2028 5649 αἰχμὴν
2053 5578 2087 5648 ἢ
2124 5577 2187 5631 τὸ
2215 5578 2344 5651 δόρυ
2377 5581 2614 5652 Κυρῖνον
2641 5578 2872 5633 ἐκάλουν
2891 5577 2945 5630 οῖ
2981 5575 3242 5631 παλαιοί·
3271 5575 3348 5634 ὡς
3371 5564 3478 5622 -οὖν
3545 5566 3745 5637 apii-MV

470 5683 593 5719 τινα
624 5666 717 5720 τὸν
781 5665 1065 5736 Ῥωμύλον
1109 5667 1142 5737 ἢ
1183 5669 1464 5742 αἰχμητὴν
1521 5669 1644 5724 θεὸν
1674 5672 2050 5742 ὀνομασθῆναι
2089 5675 2351 5742 Κυρῖνον.
2403 5675 2644 5741 Λέγεται
2695 5671 2754 5725 δὲ
2803 5672 3049 5740 τέσσαρα
3085 5667 3186 5738 μὲν
3252 5665 3352 5736 ἐτη
3387 5663 3483 5718 καὶ
3542 5662 3747 5732 πεντή-

472 5774 641 5812 κοντα
696 5757 912 5828 βιῶναι,
960 5759 1147 5826 ὃγδοον
1188 5763 1233 5814 δ’
1261 5764 1355 5817 ἐπί
1404 5765 1719 5838 τριακοστῷ
1745 5766 2049 5838 βασιλεύων
2088 5768 2338 5825 ἐνιαυτὸν
2367 5767 2428 5835 ἐξ
2463 5765 2771 5838 ἀνθρώπων
2802 5762 3198 5836 ἀφανισθῆναι.
