4060 6400
412 445 518 508 559

1729 417 2055 482 JOANNIS
2095 415 2416 477 ZONAR/E

3578 401 3686 465 560

409 553 684 615 Romulus
723 549 791 604 ad
827 541 1136 602 custodiam
1169 533 1419 607 corporis
1448 543 1667 601 semper
1701 527 1988 590 habuerat,
2023 571 2028 590 γ

2135 524 2193 596 ην
2250 521 2459 593 ἀγορὰν
2509 513 2980 589 προσφερομένων
3035 510 3188 583 αὐτῷ
3216 511 3327 566 τῶν
3387 511 3688 582 βασιλικῶν

411 645 640 704 amovit.
688 641 804 697 Nec
837 636 986 693 enim
1039 632 1259 694 decere,
1290 627 1356 682 iis
1405 623 1688 688 dillidere,
1751 619 1846 690 qui
1887 617 1994 688 ipsi

413 740 691 795 ﬁderent:
745 743 926 801 neque
977 721 1357 782 dillidentibus
1414 713 1799 788 imperandum
1850 725 1995 765 esse.

414 829 628 888 Deinde
680 825 880 882 urbem
919 835 951 876 e
995 819 1135 874 dura
1183 823 1240 870 et
1288 812 1551 868 bellicosa
1602 806 1883 862 mitiorem
1941 812 1997 858 et

414 922 568 994 pacis
596 915 955 974 amantiorem
986 907 1218 964 reddere
1236 915 1524 974 aggressus
1553 905 1679 953 est:
1713 894 1996 962 edixitque

415 983 486 1070 ne
512 1011 807 1082 imaginem
828 1003 923 1059 Dei
943 1002 1031 1056 vel
1055 1000 1318 1058 humana,
1350 993 1435 1046 vel
1461 989 1688 1045 alterius
1703 983 2002 1042 animantis

417 1109 595 1164 forma
627 1076 938 1172 verigerent.
991 1094 1182 1162 Itaque
1241 1085 1401 1141 annis
1439 1099 1470 1139 c
1507 1092 1564 1141 et
1595 1096 1700 1136 Lxx
1744 1076 2001 1149 quamvis

424 1197 627 1268 templa
657 1166 979 1252 conderent,
1006 1183 1220 1238 nullum
1251 1188 1435 1233 tamen
1474 1174 1532 1228 in
1575 1173 1644 1228 iis
1691 1184 1874 1240 neque
1919 1166 2006 1238 pi-

426 1254 607 1354 ctum,
632 1296 813 1353 neque
839 1279 1027 1333 ﬁctum
1055 1271 1415 1328 simulacrum
1430 1262 1777 1320 collocarunt
1803 1275 1819 1313 :
1853 1254 2004 1327 quod

422 1350 602 1438 neias'
636 1350 819 1436 esset,
883 1364 1301 1441 praestantiores
1355 1353 1729 1414 deterioribus
1791 1350 2004 1407 similes

422 1478 627 1536 facere,
654 1482 835 1537 neque
859 1465 1004 1519 Deus
1040 1461 1202 1514 aliter
1234 1455 1340 1510 nisi
1373 1460 1556 1508 mente
1604 1442 2005 1518 comprehendi

419 1534 628 1640 posset.
667 1534 931 1615 Victimas
961 1554 1284 1608 incruentas
1323 1544 1485 1600 farris
1527 1551 1585 1597 et
1616 1537 1906 1595 lihationis
1926 1534 2009 1590 ei-

420 1630 585 1715 vibus
614 1654 730 1709 suis
753 1649 950 1705 edixit.
988 1645 1131 1699 Deos
1157 1641 1307 1696 enim
1351 1636 1502 1707 pacis
1525 1642 1581 1689 et
1638 1630 1869 1704 iustitiae
1905 1643 2003 1682 cu-

429 1749 641 1812 stodes,
674 1760 702 1799 a
733 1741 882 1799 caede
915 1750 1086 1809 puros
1115 1749 1236 1788 esse
1257 1739 1537 1802 oportere.
1586 1725 1775 1790 Neque
1833 1720 2004 1777 divini

2099 616 2466 688 παρασήμων,
2531 611 2777 679 ἐπισχεῖν
2830 604 3119 669 κελεύσας,
3170 605 3275 675 ἔφη
3323 604 3533 659 δεῖσθαι
3591 607 3686 659 καὶ

2099 707 2194 764 τοῦ
2229 705 2388 770 Θεοῦ,
2420 706 2520 774 τὴν
2553 700 2834 772 βασιλείαν
2856 697 3224 769 ἐμπεδοῦντος
3253 696 3692 767 αύτῷ.Ἀνεισιν

2101 801 2196 855 οὖν
2216 801 2296 863 εἰς
2327 799 2384 851 τὸ
2415 793 2787 854 Καπιτώλιον.
2820 792 2916 846 καὶ
2939 790 3132 856 θύσας,
3153 789 3300 844 οὕτω
3325 791 3383 844 δέ
3412 789 3512 860 τὴν
3539 790 3692 859 βασι-

2101 893 2262 963 λικὴν
2301 887 2590 944 ἀναλαϐὼν
2621 884 2851 956 ἐσθῆτα,
2897 882 3212 938 κατέϐαινε.
3253 881 3600 952 Παραλαϐὼν
3633 882 3693 936 δὲ

2103 987 2204 1057 τὴν
2228 983 2403 1055 ἀρχὴν
2439 981 2659 1051 πρῶτον
2707 978 2806 1048 μὲν
2844 976 2906 1030 τὸ
2931 975 3043 1028 τῶν
3089 975 3424 1046 τριακοσίων
3477 973 3696 1027 διέλυσε

2106 1079 2382 1148 σύστημα,
2409 1075 2505 1140 οὒς
2540 1074 2668 1144 περὶ
2696 1075 2758 1126 τὺ
2807 1071 2970 1142 σῶμα
3017 1063 3131 1139 εῐχε
3168 1065 3449 1138 Ῥωμύλος
3477 1065 3562 1118 ἀεί
3583 1081 3598 1096 ο
3633 1065 3695 1117 ού

2105 1173 2216 1245 γὰρ
2261 1173 2375 1226 δεῖν
2435 1170 2690 1224 ἀπιστεῖν
2740 1163 3095 1218 πιστεύουσιν
3141 1161 3347 1231 ἔλεγεν,
3379 1159 3500 1212 ούδέ
3536 1159 3697 1228 βασι-

2106 1265 2284 1319 λεύειν
2333 1259 2710 1315 ἀπιστούντων
2752 1255 2928 1327 ἠξίου.
2955 1249 3090 1308 Εἶτα
3127 1253 3229 1324 τὴν
3252 1251 3408 1304 πόλιν
3433 1251 3497 1303 ἐκ
3532 1249 3699 1319 σκλη-

2111 1361 2211 1433 ρᾶς
2241 1354 2336 1412 καὶ
2365 1351 2670 1422 πολεμικῆς
2719 1350 2996 1418 ἐπεχείρει
3031 1344 3434 1416 μαλακωτέραν
3468 1341 3699 1411 ποιῆσαι

2108 1452 2206 1506 καὶ
2259 1443 2718 1520 εἰρηνικωτέραν,
2747 1438 3125 1508 ἀνθρωποειδῆ
3161 1453 3220 1490 τε
3256 1437 3352 1488 καὶ
3376 1433 3702 1505 ζωόμορφον

2111 1543 2300 1600 είκόνα
2349 1539 2486 1593 Θεοῦ
2533 1536 2760 1606 ἀνιστᾷν
2833 1530 3122 1602 Ῥωμαίοις
3173 1528 3499 1598 ἀπείρηκεν.
3537 1525 3702 1578 Ὅθεν

2116 1638 2230 1693 οὐδ’
2255 1631 2326 1708 ἦν
2352 1631 2482 1704 παρ’
2503 1631 2687 1691 αὐτοῖς
2707 1625 2832 1680 οὔτε
2853 1623 3099 1694 γραπτὸν
3145 1620 3272 1674 οὔτε
3298 1618 3540 1674 πλαστὸν
3563 1613 3643 1670 εῐδ
3664 1634 3704 1678 .ς

2131 1728 2289 1785 Θεοῦ.
2314 1727 2411 1782 Ἐν
2442 1722 2632 1778 ἐκατδν
2663 1720 2720 1774 δέ
2774 1719 2912 1786 πρὸς
2959 1717 3333 1786 ἐϐδομήκοντα
3385 1713 3531 1765 ἔτεσι
3557 1710 3706 1762 ναῶν

422 1802 726 1912 quidquam
777 1802 960 1888 obiter
1013 1837 1072 1883 et
1126 1823 1468 1894 negligenter
1510 1815 1850 1872 audiendum
1910 1819 2009 1866 aut

2135 1823 2300 1887 ιύτοῖς
2341 1815 2799 1888 ἀνεγειρομένων,
2827 1811 2982 1866 οὐδὲν
3017 1809 3302 1880 ἔμμορφον
3328 1804 3547 1858 ἐποίουν
3577 1802 3708 1870 ἀφί-

421 1892 726 1990 videndum
765 1921 1066 1996 praecepit:
1097 1892 1402 1972 sed—otium
1437 1910 1708 1980 agendum
1732 1923 1762 1962 a
1798 1904 2012 1961 czetcris

2135 1921 2320 1988 ῖρυμα,
2373 1912 2450 1976 ὡς
2502 1907 2628 1963 οὔτε
2676 1909 2825 1961 ὅσιον
2897 1898 3200 1971 ἀφομοιοῦν
3253 1899 3367 1959 τοῖς
3397 1897 3604 1966 χεὲροσι
3635 1892 3707 1944 τά

426 2025 620 2086 rebus,
649 2030 708 2076 et
729 2013 1012 2087 religioni,
1056 2020 1117 2066 ut
1149 2009 1229 2063 rei
1265 2006 1515 2062 maximae
1563 2001 1780 2056 animos
1824 1999 2011 2052 inten-

429 2117 663 2174 dendos.
723 2111 820 2165 His
879 2103 1215 2162 rationibus,
1281 2108 1338 2153 et
1380 2097 1506 2150 aliis
1544 2092 1818 2164 pluribus,
1875 2105 2016 2160 quas

429 2211 502 2266 ob
538 2201 955 2262 multitudinem
988 2191 1472 2267 praetermisimus,
1527 2185 1734 2241 civium
1785 2197 2015 2238 suorum

431 2301 652 2358 animos
683 2296 750 2350 ad
801 2294 1063 2364 pietatem
1094 2283 1410 2342 assuefecit.
1469 2281 1592 2349 Ipse
1635 2285 1820 2333 autem
1861 2289 2015 2346 spem

432 2407 590 2449 suam
623 2391 698 2445 ita
744 2389 798 2440 in
841 2383 954 2438 Deo
983 2381 1282 2435 collocasse
1309 2375 1507 2437 fertur,
1557 2379 1619 2426 ut
1665 2385 1790 2424 cum
1828 2368 1879 2423 ei
1913 2367 2018 2421 ali-

435 2483 658 2558 quando
681 2473 1014 2535 sacriﬁcanti
1037 2470 1294 2558 Postiutn
1343 2465 1616 2521 adventus
1641 2460 2016 2523 nuntiaretur,

434 2541 733 2636 subridens
779 2567 984 2626 dixerit
1016 2541 1182 2633 :I'IEgo
1231 2574 1364 2614 vero
1412 2555 1686 2611 sacriﬁco.
1741 2553 1949 2624 Agrum
1989 2564 2020 2603 a

436 2669 677 2729 Romulo
706 2663 851 2719 bello
872 2667 1112 2730 partum,
1129 2654 1274 2707 inter
1306 2651 1499 2719 inopes
1523 2647 1672 2702 cives
1694 2641 2018 2699 distribuit:

437 2772 501 2818 ut
549 2756 790 2828 inopiam
839 2751 1111 2806 scelerum
1158 2752 1442 2815 parentem
1489 2738 1730 2800 tolleret,
1773 2743 1831 2790 et
1873 2733 2024 2805 agri-

439 2824 663 2910 cultura
688 2846 864 2901 lerum
887 2839 1154 2911 pepulunt
1180 2835 1456 2897 domaret,
1494 2843 1616 2900 quae
1661 2841 1846 2883 acrem
1874 2824 2026 2897 pacis

442 2956 689 3002 amorem
715 2940 773 2993 in
796 2933 998 2990 animis
1031 2929 1274 2986 excitare
1303 2932 1511 2996 posset.
1555 2923 1834 2978 Feruntur
1859 2919 1928 2974 ab
1958 2932 2026 2973 eo

441 3035 739 3098 Ianuarius
776 3039 832 3086 et
863 3023 1203 3083 Februarius
1242 3017 1470 3090 reliquis
1513 3014 1800 3071 mensibus
1827 3009 2028 3082 adjecti

444 3139 588 3189 esse,
626 3130 684 3178 et
721 3135 900 3176 annus
921 3115 1000 3172 ad
1039 3126 1268 3170 cursum
1298 3111 1447 3165 luna:
1492 3107 1548 3161 in
1584 3121 1662 3160 χιι
1692 3117 1909 3160 menses
1934 3104 2029 3156 de-

447 3215 712 3284 scriptus,
737 3225 862 3266 cum
916 3223 948 3260 x
987 3212 1115 3258 ante
1151 3199 1426 3255 mensium
1466 3195 1691 3250 habitus
1734 3199 1883 3247 esset
1923 3206 1938 3242 :
1971 3197 2032 3243 ut

447 3283 596 3377 apud
645 3300 943 3358 nonnullus
993 3293 1262 3351 barbaros
1311 3287 1609 3344 trimestris
1661 3283 1918 3348 habetur,
1975 3289 2033 3334 et

450 3376 595 3452 inter
637 3393 856 3449 Graecos
893 3387 1038 3459 apud
1067 3383 1307 3440 Arcades
1336 3397 1414 3446 iv,
1445 3377 1590 3450 apud
1624 3376 1942 3432 Acarnanes
1978 3386 2032 3428 vl

449 3487 746 3544 mensium.
805 3481 964 3553 Apud
1009 3476 1297 3549 Egyptios
1365 3487 1498 3527 vero
1545 3478 1865 3524 menstruus
1927 3464 2035 3520 fuit

451 3597 665 3644 annus,
705 3575 907 3633 deinde
951 3566 1395 3643 quadrimestris.
1456 3563 1615 3618 Unde
1664 3553 2035 3630 antiquissimi

453 3673 590 3729 falso
645 3669 961 3730 habentur,
997 3678 1122 3719 cum
1208 3660 1266 3714 in
1337 3654 1673 3729 genealogiis
1733 3651 2038 3722 inexplica-

453 3767 619 3821 bilem
653 3760 815 3833 323
859 3771 1127 3812 annorum
1161 3766 1450 3808 numerum
1482 3756 1806 3812 recensent,
1836 3745 2042 3815 quippe

456 3857 742 3914 mensibus
805 3865 1078 3907 annorum
1151 3847 1275 3901 loco
1346 3841 1641 3915 ponendis.
1710 3838 2040 3895 Ianuarium

457 3967 590 4006 vero
641 3949 820 4004 Numa
854 3954 1021 4015 caput
1064 3940 1195 3996 anni
1244 3952 1366 3993 esse
1411 3934 1626 3990 voluit:
1663 3933 1760 4003 qui
1800 3947 1926 3987 cum
1973 3929 2043 3986 ad

455 4040 726 4113 justitiam
779 4046 836 4091 et
879 4037 1140 4106 pietatem
1188 4029 1439 4088 subditos
1475 4029 1549 4083 ita
1591 4024 2042 4090 consuefecisset,

461 4145 656 4186 omnes
684 4128 954 4184 bellorum
987 4134 1172 4179 motus
1197 4121 1657 4190 conquieverunt.
1684 4117 1873 4187 Neque
1897 4115 2048 4171 enim

465 4223 702 4295 populus
733 4221 1019 4275 Romanus
1061 4216 1332 4270 duntaxat
1385 4211 1647 4282 aequitate
1680 4219 1738 4265 et
1787 4223 2050 4263 mansue-

465 4317 660 4372 tudine
691 4315 836 4384 regis
865 4311 1044 4366 factus
1072 4319 1159 4364 est
1197 4305 1495 4362 humanior
1525 4321 1539 4359 :
1577 4303 1672 4359 sed
1703 4311 1759 4358 et
1809 4302 2051 4356 circum-

463 4409 613 4463 circa
641 4406 904 4460 ﬁnitimas
932 4402 1206 4467 civitates,
1236 4397 1463 4454 mutatis
1492 4395 1764 4457 moribus,
1800 4395 1950 4465 pacis
1995 4401 2053 4448 et

463 4501 715 4572 justitite,
765 4495 1010 4552 colenda:
1060 4505 1241 4560 terrm,
1295 4492 1505 4546 liberos
1558 4489 1614 4543 in
1651 4486 2052 4558 tranquillitate

2119 2009 2385 2081 βελτίονα,
2444 2001 2567 2056 οὕτε
2621 1995 2964 2068 ἐφάπτεσθαι
3007 1993 3184 2056 άλλως
3223 1989 3361 2044 Θεοῦ
3416 1986 3704 2056 δυνατὸνῆ

2117 2079 2324 2171 νοήσει.
2377 2094 2492 2151 Καὶ⁵
2532 2095 2633 2156 τὰς
2683 2087 2876 2148 θυσίας
2923 2087 2978 2141 δὲ
3027 2083 3404 2154 ἀναιμάκτους
3434 2079 3710 2134 ποιεῖσθαι

2117 2169 2375 2244 ἐθέσπισε
2401 2185 2467 2240 δι’
2496 2183 2739 2253 ἀλφίτων
2761 2196 2820 2233 τε
2851 2179 2947 2233 κα)⁵
2976 2175 3212 2244 σπονδῆς
3237 2188 3254 2206 ο
3288 2175 3410 2226 Δεῖν
3445 2171 3553 2240 γὰρ
3583 2169 3711 2232 τοὺς

2121 2283 2300 2345 θεοὺς,
2332 2281 2556 2350 είρήνης
2581 2275 2675 2329 καὶ
2696 2269 3048 2340 δικαιοσύνης
3064 2269 3315 2338 φύλακας
3342 2262 3710 2330 δντας,φόνου

2121 2373 2398 2443 καθαροὺς
2427 2365 2599 2422 εἶναι’
2627 2367 2764 2437 μήτε
2792 2363 2851 2416 δὲ
2882 2361 3107 2416 ἀκούειν
3128 2377 3181 2412 τι
3216 2358 3328 2412 τῶν
3354 2357 3538 2418 θείων,
3570 2354 3714 2423 μήτε

2121 2468 2254 2538 ὁρᾷν
2280 2468 2338 2519 ἐν
2369 2461 2638 2534 παρέργῳ
2677 2457 2772 2511 καὶ
2803 2455 3044 2527 ἀμελῶς,
3079 2451 3218 2507 ἀλλά
3249 2449 3448 2521 σχολὴν
3479 2448 3716 2515 ἄγοντας

2124 2562 2234 2616 ἀπὸ
2263 2557 2372 2612 τῶν
2423 2555 2620 2617 ἄλλων,
2669 2551 2766 2605 καὶ
2820 2548 3190 2620 προσέχοντας
3216 2543 3317 2615 τὴν
3370 2542 3608 2594 διάνοιαν
3637 2537 3716 2601 ὡς

2128 2651 2329 2727 πράξει
2363 2647 2598 2721 μεγίστῃ
2628 2647 2694 2716 τῇ
2747 2643 2878 2712 περὶ
2909 2641 3010 2710 τὴν
3039 2637 3352 2692 εὐσέϐειαν.
3378 2633 3475 2686 Ἐκ
3500 2631 3557 2684 δέ
3591 2630 3718 2683 τού·

2125 2726 2236 2800 των
2259 2743 2358 2798 καὶ
2386 2742 2564 2797 ἄλλων
2611 2738 2895 2799 πλειόνων,
2922 2735 2958 2789 ἃ
2979 2734 3067 2786 διὰ
3098 2733 3158 2786 τὺ
3196 2729 3402 2799 πλῆθος
3449 2726 3716 2797 παρῆκα-

2132 2853 2254 2910 μεν,
2279 2835 2524 2891 διάθεσιν
2556 2831 2695 2901 πρὸς
2725 2832 2786 2882 τὸ
2813 2828 2970 2881 Θεῖον
3000 2828 3112 2889 τοῖς
3135 2825 3257 2878 τότε
3311 2818 3622 2891 ἀνθρώποις
3656 2817 3718 2881 ἐξ

2133 2931 2365 3004 ἐθισμοῦ
2393 2933 2422 2985 ὁ
2450 2929 2646 3000 Νομᾶς
2696 2923 3040 2994 ἐνεποίησεν.
3071 2919 3245 2974 Αὑτὸν
3274 2917 3330 2970 δὲ
3360 2914 3505 2968 οὕτω
3549 2912 3718 2980 φασὶν

2130 3029 2211 3091 είς
2233 3026 2292 3079 τὸ
2324 3025 2479 3078 Θεῖον
2508 3019 2855 3092 ἀνηρτῆσθαι
2886 3017 3005 3078 ταῖς
3033 3013 3269 3077 ἐλπίσιν,
3294 3007 3435 3063 ὥστε
3470 3018 3721 3076 προσαγ-

2133 3117 2322 3186 γελίας
2375 3113 2526 3185 αὺτῷ
2556 3112 2740 3166 θύοντι
2788 3107 2923 3161 ποτέ
2949 3104 3255 3176 γενομένης
3287 3101 3362 3163 ὡς
3390 3098 3720 3167 ἐπέρχονται

2135 3209 2412 3280 πολέμιοι,
2473 3205 2752 3278 μειδιάσαι
2801 3201 2896 3256 καὶ
2929 3201 3130 3263 εἰπεῖν,
3178 3193 3322 3262 Ἐγὼ
3348 3192 3406 3246 δὲ
3442 3189 3576 3243 θύω.
3613 3186 3727 3240 Καὶ

2135 3305 2233 3374 τὴν
2264 3301 2449 3374 χώραν
2477 3300 2534 3353 δέ
2573 3300 2640 3369 ἣν
2674 3297 2848 3366 αἰχμῇ
2891 3291 3173 3361 Ῥωμύλος
3205 3287 3499 3356 ἐκτήσατο,
3526 3282 3727 3334 διένει-

2139 3373 2239 3467 μεν
2286 3389 2441 3455 οὗτος
2489 3393 2605 3455 τοῖς
2661 3389 2894 3456 ἀπόροις
2922 3385 3030 3438 τῶν
3083 3379 3346 3440 πολιτῶν,
3387 3374 3644 3444 ἀφαιρῶν
3669 3373 3732 3436 ἐξ

2139 3488 2320 3544 αὐτῶν
2342 3490 2441 3559 τὴν
2468 3483 2728 3556 ἀπορίαν,
2757 3480 2834 3544 ὼς
2856 3478 3104 3548 ἀνάγκην
3132 3475 3233 3544 τῆς
3269 3469 3484 3532 ἀδικίας
3515 3484 3737 3536 ποιητι-

2140 3581 2266 3653 κὴν,
2295 3581 2393 3634 καὶ
2419 3578 2641 3649 τρέπων
2670 3576 2750 3639 είς
2773 3573 3056 3643 γεωργίαν
3086 3569 3163 3633 ὡς
3184 3568 3393 3637 ταύτης
3421 3559 3736 3633 ἐξημερού-

2145 3691 2248 3746 σης
2278 3672 2371 3726 τὸν
2401 3671 2595 3741 δῆμον,
2650 3668 2745 3722 καὶ
2799 3665 3002 3737 δριμὺν
3033 3663 3259 3733 είρήνης
3301 3657 3606 3726 δυναμένης
3641 3654 3738 3721 ἐμ-

2150 3767 2328 3821 ποιεῖν
2390 3763 2593 3838 ἐρωτα,
2636 3762 2874 3830 Λέγεται
2915 3757 2972 3811 δέ
3023 3756 3120 3809 καὶ
3155 3755 3247 3808 τὸν
3281 3751 3608 3819 Ἰανουάριον
3642 3747 3741 3800 καὶ

2148 3861 2241 3914 τὸν
2269 3855 2638 3928 Φεϐρουάριον
2682 3852 2814 3924 παρ’
2838 3847 3008 3904 αὐτοῦ
3031 3849 3146 3910 τοῖς
3174 3845 3310 3916 μησὶ
3340 3839 3737 3913 προστεθῆναι,

2147 3950 2537 4020 δωδεκάμηνον
2573 3945 2716 4000 κατά
2747 3943 2837 3996 τὸν
2871 3940 2973 4010 τῆς
3017 3939 3249 4010 σελήνης
3279 3935 3481 4007 δρόμον
3509 3930 3743 4000 νομοθε-

2149 4045 2416 4114 τήσαντος
2463 4037 2779 4107 λογίζεσθαι
2809 4036 2901 4089 τὸν
2927 4033 3202 4098 ἐνιαυτὸν,
3250 4030 3562 4098 δεκάμηνον
3605 4023 3750 4092 πρό-

2154 4135 2280 4190 σθεν
2306 4133 2460 4199 ὄντα,
2477 4131 2551 4194 ὡς
2582 4131 2744 4193 ἐνίοις
2765 4127 2873 4180 τῶν
2895 4125 3190 4198 βαρϐάρων
3206 4117 3492 4193 τρίμηνον,
3513 4117 3607 4171 καὶ
3630 4115 3746 4169 τῶν

2165 4227 2440 4298 Ἐλλήνων
2464 4223 2701 4295 Ἀρκάσι
2753 4222 2851 4291 μὲν
2883 4219 3252 4290 τετράμηνον,
3283 4217 3396 4276 τοῖς
3443 4213 3500 4266 δέ
3540 4213 3746 4278 Ἀκαρ-

2155 4296 2624 4385 νᾶσιν-ἐξάμηνον.
2669 4309 2993 4378 Αἰγυπτίοις
3039 4307 3097 4361 δὲ
3126 4305 3380 4374 μηνιαῖος
3412 4296 3482 4372 ἦν
3509 4301 3537 4352 ὁ
3559 4299 3745 4349 ἐνιαυ-

2157 4409 2271 4474 τδς,
2300 4405 2422 4461 εἶτα
2448 4405 2792 4476 τετράμηνος
2815 4420 2828 4435 ο
2883 4401 2963 4454 διὸ
2994 4400 3090 4454 καὶ
3111 4396 3465 4469 ἀρχαιότατοι
3496 4387 3750 4444 δοκοῦσιν

2160 4500 2323 4570 εἶναι,
2356 4500 2541 4554 καίτοι
2598 4499 2674 4567 μὴ
2702 4496 2876 4559 ὄντες,
2908 4493 3115 4562 πλῆθος
3148 4491 3432 4560 ἀμήχανον
3485 4482 3623 4536 ἐτῶν
3655 4480 3753 4532 ἐπὶ

466 4588 764 4654 educandi,
798 4587 1043 4656 deosque
1079 4584 1381 4640 venerandi
1420 4581 1622 4652 cupido
1652 4581 1817 4650 cepit.
1861 4579 2028 4648 Nequi

2135 4597 2282 4657 noti;
2313 4591 2694 4661 γενεαλογίαις
2738 4589 3079 4655 εἰσάγοντες,
3146 4582 3244 4637 ἀτε
3297 4581 3362 4650 δὴ
3413 4577 3539 4639 τοὺς
3577 4575 3756 4644 μῆνας

468 4683 618 4738 enim
655 4679 882 4745 bellum,
913 4686 1011 4732 aut
1033 4676 1254 4739 seditio,
1284 4685 1380 4730 aut
1410 4689 1679 4728 novarum
1713 4688 1897 4726 rerum
1933 4679 2056 4727 stu-

470 4774 643 4837 dium,
663 4771 840 4826 Numa
865 4776 1153 4840 regnante,
1173 4766 1402 4822 exstitit.
1425 4765 1613 4835 Neque
1635 4764 1803 4819 etiam
1826 4762 2054 4827 invidia,

474 4865 789 4929 inimicitia,
825 4872 922 4918 aut
950 4860 1322 4931 conspiratio,
1355 4867 1519 4928 atque
1545 4856 1759 4912 insidiae
1794 4873 1860 4911 cx
1900 4855 2058 4925 cupi-

471 4961 642 5014 ditate
697 4956 851 5027 regni
900 4961 1098 5009 contra
1150 4951 1381 5006 Numam
1447 4958 1777 5020 comparatae
1826 4963 2059 5018 usquam

474 5058 799 5106 narrantur.
829 5047 1024 5112 Filiam
1079 5045 1399 5116 Pompiliani
1428 5042 1622 5098 Martio
1648 5042 1961 5112 despondit,
1992 5057 2059 5096 ex

475 5159 584 5213 qua
620 5143 672 5197 ei
701 5141 888 5195 Ancus
923 5138 1152 5193 Martius
1191 5152 1364 5205 nepos
1395 5146 1481 5190 est
1528 5135 1770 5205 genitus,
1793 5136 1886 5204 qui
1937 5142 2063 5203 post

476 5236 695 5291 Tullum
731 5232 1030 5287 Hostilium
1054 5230 1304 5301 regnavit
1329 5247 1342 5283 :
1376 5243 1486 5297 quo
1510 5228 1687 5282 Numa
1718 5227 2064 5296 quinquenni

475 5329 692 5393 relicto,
720 5327 979 5392 decessit,
1009 5341 1136 5380 cum
1173 5322 1434 5395 paulatim
1463 5322 1619 5377 senio
1643 5329 1699 5376 et
1724 5321 1834 5376 leni
1872 5321 2068 5375 morbo

477 5421 792 5477 defecisset.
822 5419 969 5474 Vixit
991 5433 1169 5472 annos
1198 5430 1430 5478 Lxxmu,
1452 5414 1705 5486 negnavit
1737 5430 1886 5468 mn.

2170 4688 2250 4749 εἰς
2274 4685 2411 4738 ἐτῶν
2440 4682 2719 4753 τιθέμενοι
2769 4679 3027 4750 ἀριθμόν.
3061 4676 3172 4730 Καὶ
3207 4673 3299 4728 τὸν
3339 4669 3671 4739 Ἰανουάριον
3697 4664 3758 4716 δὲ

2165 4777 2360 4847 Νομᾶς
2390 4776 2472 4838 είς
2507 4775 2683 4844 ἀρχὴν
2710 4773 2804 4825 τοῦ
2838 4772 2994 4832 ἔτους
3036 4768 3358 4836 ἀπένειμεν.
3400 4761 3560 4817 Οὕτω
3588 4759 3647 4812 δέ
3677 4757 3761 4810 διο

2167 4869 2436 4942 καιοσύνῃ
2478 4868 2573 4920 καὶ
2630 4865 2892 4935 εὐσεϐείᾳ
2953 4861 3336 4920 συνεθίσαντος
3376 4858 3438 4909 τὸ
3494 4854 3759 4922 ὑπήκοον,

2168 4941 2417 5034 ἐξῄρητο
2455 4961 2639 5014 πάντα
2695 4958 2763 5010 τὰ
2800 4956 2897 5010 τοῦ
2931 4955 3196 5025 πολέμου.
3255 4951 3331 5003 Οὐ
3377 4946 3488 5016 γὰρ
3545 4945 3706 5014 μόνον
3735 4941 3766 4992 ὁ

2177 5033 2468 5123 Ῥωμαίων
2506 5050 2682 5122 δῆμος
2712 5050 2971 5120 ἡμέρωτο
2991 5050 3056 5118 τῇ
3087 5044 3183 5099 τοῦ
3208 5043 3475 5114 βασιλέως
3530 5033 3767 5105 εὐνομίᾳ.

2172 5147 2356 5216 καὶτῇ
2399 5143 2695 5216 πραότητι,
2756 5142 2893 5195 ἀλλά
2921 5142 3016 5194 καὶ
3066 5140 3165 5201 τὰς
3195 5135 3381 5205 κύκλῳ
3413 5133 3597 5216 πόλεις
3623 5126 3771 5196 ἀρχὴ

2180 5206 2490 5308 μεταϐολῆς
2523 5206 2705 5298 ἔλαϐε,
2739 5233 2836 5285 καὶ
2865 5229 3029 5292 πόθος
3068 5227 3331 5299 εἰσερρύη
3369 5206 3581 5282 πάνξας
3615 5218 3776 5286 εἰρή-

2180 5345 2278 5397 νης
2333 5326 2431 5380 καὶ
2460 5325 2558 5378 τοῦ
2593 5323 2826 5387 δικαίου,
2861 5323 2964 5392 γῆν
2987 5319 3267 5390 φυτεύειν,
3303 5317 3397 5370 καὶ
3431 5313 3600 5366 τέκνα
3645 5308 3773 5379 τρέι

2184 5436 2309 5488 φειν
2336 5422 2394 5473 ἐν
2420 5416 2646 5489 ἡσυχίᾳ,
2675 5418 2770 5470 καὶ
2803 5414 3064 5469 σέϐεσθαι
3095 5411 3273 5473 θεούς.
3309 5407 3449 5462 Οὔτε
3477 5405 3588 5472 γὰρ
3608 5397 3775 5449 πόλει

483 5532 604 5586 μος,
639 5513 764 5566 οὒτε
797 5513 1011 5576 στάσις,
1043 5509 1171 5564 οὗτε
1209 5510 1579 5579 νεωτερισμὸς
1635 5511 1794 5578 περὶ.³
1826 5511 2106 5576 πολιτείας
2150 5515 2438 5587 ἱστόρηται
2471 5515 2634 5585 Νομᾶ
2692 5501 3102 5583 βασιλεύοντος.
3144 5506 3268 5563 Οὐδ’
3318 5505 3407 5558 ἐπ’
3459 5495 3667 5550 ἐκεῖνόν
3689 5509 3780 5555 τις

483 5613 700 5681 φθόνος,
748 5607 1001 5678 ἢέχθρα,
1033 5607 1066 5678 ἢ
1101 5607 1364 5669 σύστασις
1430 5605 1666 5676 ἀνδρῶν,
1736 5607 1830 5659 καὶ
1878 5595 2141 5679 ἐπιϐουλὴ
2169 5610 2236 5663 δι’
2311 5610 2494 5681 ἔρωτα
2554 5607 2838 5680 βασιλείας
2872 5605 3130 5676 γενέσθαι
3184 5619 3277 5655 ποι
3327 5597 3778 5664 ἀναγέγραπται.

484 5704 772 5773 Θυγατέρα
817 5701 861 5753 δ’
892 5700 1145 5772 ἐσχηκὼς
1212 5700 1544 5771 Πομπιλίαν.
1594 5701 1834 5773 Μαρκίῳ
1905 5704 2114 5774 ταύτην
2154 5703 2390 5771 ἐξέδοτο,
2423 5706 2482 5772 ἐξ
2541 5700 2606 5776 ἧς
2637 5703 2890 5775 Μάρκιος
2940 5701 3148 5768 Ἀγκος
3184 5690 3546 5764 θυγατριδοῦς
3581 5685 3785 5758 ἐτέχθη

487 5797 658 5865 αὐτῷ,
693 5796 749 5856 ὃς
781 5794 918 5863 μετά
947 5794 1182 5847 Τοῦλλον
1217 5792 1521 5847 Ὀστίλλιον
1553 5793 1902 5850 ἐϐασίλευσε.
1974 5797 2179 5852 Τοῦτον
2248 5798 2522 5866 πενταὲτη
2582 5795 2904 5851 καταλιπὼν
2963 5795 2991 5846 ό
3022 5791 3213 5861 Νομᾶς
3241 5785 3592 5851 ἐτελεύτησε,
3641 5777 3788 5830 κατὰ

493 5891 690 5964 μικρδν
723 5887 829 5939 ὑπὸ
861 5889 1048 5958 γήρως
1082 5889 1360 5940 καὶνόσου
1424 5885 1675 5956 μαλακῆς
1725 5889 2268 5961 ἀπομαραινόμενος,
2331 5890 2522 5960 χρόνον
2587 5889 2778 5960 τριετῆ
2838 5887 2952 5950 τοῖς
3013 5883 3353 5953 όγδοήκοιτα
3403 5871 3796 5947 προσϐιὼσας,

494 5985 818 6053 βασιλεύσας
840 5983 938 6055 ἔτη
970 5985 1060 6037 ἐπὶ
1097 5984 1248 6055 τρισὶ
1277 5983 1717 6052 τεσσαράκοντα.
