4060 6398
447 415 557 480 563

1763 419 2092 482 JOANNIS
2133 419 2456 482 ZONAR/E

3614 423 3725 486 564

445 545 580 584 vero
627 528 700 583 ob
751 527 904 598 pacis
939 528 1210 593 studium,
1260 526 1482 600 injuriis
1512 538 1888 600 opportunum
1916 543 2028 584 esse

2143 527 2316 599 ὀργῆς
2345 529 2448 600 μὲν
2470 525 2616 598 εἶχον
2663 524 2998 597 Ῥωμαίους·
3027 527 3136 590 ἕως
3164 526 3222 582 δέ
3258 528 3455 600 περιῆν
3489 529 3519 584 δ
3554 531 3728 591 Τοῦλτ

444 621 572 683 rati,
609 620 826 691 pra'das
865 636 932 676 ex
984 623 1137 691 agris
1181 631 1436 692 egerunt.
1482 620 1578 677 ille
1625 637 1761 678 vero
1803 637 2035 693 gnarus,

444 715 599 786 pacis
647 728 869 769 causam
906 727 1030 769 csse
1069 715 1300 778 bellum,
1337 714 1548 770 invadit
1589 729 1708 780 eos,
1758 729 1788 769 a
1829 715 2037 785 quibus

444 807 837 868 invadebatur,
901 817 1072 877 atque
1130 808 1442 872 ulciscitur,
1508 807 1678 863 urbes
1733 817 2033 880 expugnat,

442 917 680 974 quarum
736 918 905 958 unam
950 904 1199 960 evertit:
1245 914 1302 960 et
1335 905 1593 976 captivis,
1641 919 1783 976 quos
1829 905 2036 960 multos

442 1008 691 1068 ceperat,
744 1014 847 1068 pro
898 1000 1192 1070 mancipiis
1238 1001 1436 1063 utitur,
1500 1000 1704 1055 multos
1755 1000 1924 1054 etiam
1977 999 2033 1053 in

441 1089 726 1144 civitatem
775 1091 1080 1144 Romanam
1114 1089 1304 1146 mittit.
1357 1090 1612 1156 Romani,
1649 1105 1780 1146 eum
1811 1089 2034 1145 ﬁnitimi

441 1177 747 1247 potentiam
789 1193 1008 1244 eorum,
1059 1190 1116 1234 et
1163 1179 1431 1234 ditionem
1479 1195 1736 1235 crescere
1775 1194 1920 1249 aegre
1952 1178 2036 1235 fe-

443 1280 650 1333 rentes.
686 1271 880 1327 hostes
910 1288 968 1326 se
991 1272 1228 1344 professi
1250 1280 1457 1338 essent,
1487 1271 1724 1329 Fidenas
1740 1271 2035 1328 obsidione

347 1369 364 1380 ’·
443 1371 751 1432 ceperunt;
784 1363 1023 1422 Sabinos
1065 1364 1400 1432 amiserunt,
1436 1365 1722 1436 dispersos
1745 1363 2030 1436 aggressi;

441 1464 499 1508 et
526 1457 723 1513 castris
775 1475 972 1513 eorum
1010 1459 1212 1530 captis,
1254 1461 1396 1515 alios
1441 1470 1655 1515 terrore
1710 1459 1915 1531 injecto
1944 1458 2032 1516 vel

443 1544 649 1602 invitos
686 1564 877 1618 pacem
905 1566 1129 1605 servare
1158 1559 1480 1620 coegerunt.
1520 1548 1618 1605 llis
1646 1549 1813 1604 rebus
1838 1547 2030 1620 gestis,

440 1635 684 1696 Marcius
736 1652 972 1696 mortem
1016 1643 1180 1709 obiit,
1215 1659 1362 1698 anno
1413 1643 1569 1716 regni
1616 1658 1743 1698 xxiv
1776 1642 2035 1712 exemplo

438 1730 528 1785 svi
557 1732 854 1804 religiosus
879 1735 1111 1790 deorum
1139 1735 1340 1791 cultor.

2138 620 2256 686 λος,
2312 620 2552 684 δεδιότες
2599 621 2813 674 ἐκεῖνον
2860 620 2936 685 ὡς
2976 621 3248 690 μάχιμον,
3289 624 3722 684 συνεστέλλοντο.

2136 713 2241 766 Τὸν
2269 713 2328 768 δέ
2359 714 2610 785 Μάρκιον
2637 713 2956 768 εὐεπίθετον
2988 716 3332 785 ἡγησάμενοι
3373 717 3459 770 διά
3481 718 3542 771 τὸ
3569 719 3726 789 είρη-

2138 807 2291 859 ναῐον
2321 805 2418 876 τῆς
2451 806 2703 877 γνώμης,
2733 809 2799 877 τῇ
2835 824 2892 860 τε
2923 805 3079 879 χώρα
3113 807 3375 878 ἐπῆλθον,
3423 811 3521 864 καὶ
3551 811 3728 882 αὐτὴν

2137 899 2456 970 ἐληῖσαντο.
2500 901 2694 963 Συνεὶς
2743 898 2790 953 δ’
2820 900 3031 960 ἐκεῖνος
3063 901 3288 970 εἰρήνης
3320 893 3462 953 εἶναι
3500 902 3591 953 τὸν
3623 902 3726 956 πό-

2136 993 2302 1062 λεμον
2339 992 2534 1059 αἴτιον,
2568 991 2875 1048 ἐπιτίθεται
2902 994 3016 1056 τοῖς
3037 991 3409 1062 ἐπιθεμένοις,
3435 992 3530 1046 καὶ
3561 993 3728 1066 άντη-

2139 1085 2374 1156 μύνατο,
2432 1087 2527 1140 καὶ
2572 1085 2758 1150 πόλεις
2803 1083 2951 1139 εἷλεν
3007 1085 3210 1148 αὐτῶν,
3264 1077 3340 1138 ὧν
3383 1085 3512 1156 μίαν
3565 1087 3729 1140 κατέ-

2137 1176 2337 1246 σκαψε,
2376 1177 2472 1231 καὶ
2505 1176 2730 1240 πολλοῖς
2783 1175 2894 1230 τῶν
2942 1176 3188 1231 ἁλόντων
3215 1175 3292 1239 ὠς
3348 1175 3728 1248 αἰχμαλώτοις

2136 1269 2435 1341 ἐχρήσατο,
2461 1269 2558 1323 καὶ
2581 1270 2642 1334 ἐς
2670 1267 2772 1340 τὴν
2815 1268 3040 1341 Ῥώμην
3093 1269 3150 1322 δὲ
3209 1269 3442 1338 συχνοὺς
3503 1268 3729 1338 ἐτέρους

2139 1360 2468 1432 μετῴκισεν.
2501 1361 2901 1432 Δύξανομένων
2925 1361 2983 1416 δέ
3010 1362 3122 1417 τῶν
3169 1362 3478 1434 Ῥωμαίων,
3509 1361 3729 1431 καὶτῆς

2135 1453 2320 1526 χώρας
2337 1453 2493 1522 σφίσι
2519 1453 2982 1525 προστιθεμένης,
3006 1456 3056 1510 οἱ
3080 1454 3451 1526 πλησιόχωροι
3469 1453 3728 1526 ἤχθοντο,

2141 1546 2239 1602 καὶ
2257 1548 2489 1612 ἑαυτοὺς
2525 1545 2824 1620 Ῥωμαίοις
2868 1548 3314 1620 ἐξεπολέμωσαν·
3367 1547 3493 1601 ὃθεν
3542 1547 3728 1600 αὐτῶν

2140 1647 2449 1717 Φιδηνάταις
2481 1648 2582 1719 μὲν
2611 1648 2904 1718 πολιορκίᾳ
2950 1645 3288 1717 ἐκράτησαν,
3351 1639 3617 1701 Σαόίνους
3676 1638 3724 1692 δ’

2142 1739 2460 1806 ἐκάκωσαν,
2497 1740 2684 1804 αὐτοῖς
2728 1757 2791 1793 τε
2821 1738 3232 1811 προσπεσόντες
3275 1732 3724 1803 ἐσκεδασμένοις,

438 1825 539 1880 καὶ
604 1828 667 1881 τὸ
726 1830 879 1898 σφῶν
938 1831 1153 1895 ἐλόντες
1193 1831 1844 1904 πρατόπεδονοέτέρους
1875 1831 1921 1885 δ’
1964 1831 2405 1903 ἐκφοϐήσαντες,
2445 1835 2756 1908 εἰρηνεύειν
2805 1835 2902 1890 καὶ
2975 1831 3213 1896 ἄκοντας
3271 1827 3724 1902 παρεσκεύασαν·

437 1918 536 1972 καὶ
558 1917 658 1974 ἐπὶ
680 1919 893 1986 τούτοις
922 1923 1165 1994 Μαρκίῳ
1195 1924 1424 1977 ἐπέλιπε
1453 1923 1516 1977 τὸ
1563 1923 1858 1994 βιώσιμον,
1904 1923 2114 1976 εἴκοσιν
2145 1926 2430 1992 ἐνιαυτοὺς
2495 1929 2591 1982 καὶ
2645 1927 2922 1999 τέσσαρας
2945 1925 3203 1996 ἄρξαντι,
3234 1922 3332 1976 καὶ
3396 1919 3604 1991 πολλὴν
3628 1916 3727 1972 τοῦ

438 2011 600 2068 Θείου
628 2011 771 2066 κατά
795 2013 888 2066 τὸν
913 2015 1138 2068 πάππον
1162 2015 1356 2086 Νομᾶν
1379 2015 1693 2086 ποιουμένῳ
1750 2017 1852 2087 τὴν
1900 2013 2228 2084 ἐπιμέλειαν
2251 2019 2388 2092 (81).

507 2109 650 2167 Vill.
685 2110 749 2166 L.
781 2109 1123 2182 Tarquinius
1167 2113 1446 2169 Demarati
1495 2112 1771 2168 Corinthii
1801 2110 2028 2176 exsulis,

2215 2117 2297 2171 H'.
2327 2117 2560 2183 Λούκιος
2586 2117 2644 2172 δέ
2682 2114 2990 2188 Ταρκύνιος
3016 2115 3118 2187 τὴν
3156 2113 3334 2186 ἀρχὴν
3380 2111 3726 2185 ᾠκειώσατο.

437 2202 536 2273 qui
568 2202 905 2273 Tarquinios
947 2203 1111 2274 325
1157 2203 1484 2276 Tyrrhenia:
1515 2203 1708 2258 urbem
1743 2203 2032 2273 migrarat,

437 2310 507 2353 ex
541 2296 801 2367 indigens
845 2297 1079 2353 muliere
1128 2297 1307 2360 ﬁlius:
1344 2297 1626 2352 Lucamon
1657 2305 1908 2362 voc-atus,
1940 2310 2033 2352 re-

438 2401 607 2457 gnum
632 2387 740 2444 sibi
784 2388 1110 2444 vindicavit.
1134 2387 1186 2444 ls
1207 2404 1333 2443 cum
1365 2389 1610 2458 amplum
1635 2386 2034 2457 patrimonium

437 2476 799 2546 suscepisset,
839 2491 943 2532 nec
981 2486 1166 2532 tamen
1224 2487 1285 2532 ut
1313 2477 1526 2533 advena
1554 2493 1586 2532 a
1614 2476 2032 2548 Tarquiniensi-

437 2569 543 2625 bus
573 2569 640 2623 ad
674 2584 925 2624 summos
974 2570 1218 2626 honores
1261 2571 1618 2632 eveheretur,
1656 2571 1889 2625 Romam
1922 2570 2032 2626 mi-

437 2670 560 2733 grat
587 2678 600 2713 :
632 2670 959 2732 mutatoque
983 2661 1230 2728 nomine,
1256 2662 1326 2716 ab
1348 2663 1485 2717 urbe
1513 2662 1568 2716 in
1590 2676 1698 2731 qua
1729 2661 2027 2727 habitarat,

438 2751 503 2808 L.
533 2751 873 2821 Tarquinius
913 2753 1246 2822 appellatur.
1285 2753 1487 2808 Fertur
1526 2763 1735 2817 autem,
1786 2768 1912 2809 cum
1945 2768 2034 2809 se-

436 2842 564 2898 dem
617 2853 883 2910 mutaret,
935 2844 1124 2915 aquila
1168 2844 1477 2912 devolasse,
1534 2856 1808 2916 raptoque
1858 2845 2029 2916 pileo,

437 2949 602 3004 quem
626 2935 807 3006 capite
829 2935 1079 3007 gerebat,
1103 2935 1426 2993 subvolasse
1451 2952 1517 2993 ac
1545 2951 1746 3008 magno
1771 2938 2032 3008 clangore

437 3025 622 3091 edito,
671 3032 930 3082 eumdem
965 3027 1132 3098 capiti
1162 3036 1287 3098 apte
1321 3029 1661 3100 reposuisse.
1696 3030 1854 3087 Unde
1891 3029 2031 3084 nihil

438 3118 651 3175 humile
680 3119 868 3174 animo
897 3121 1243 3190 conceperit.
1289 3130 1348 3176 et
1387 3121 1648 3176 alacriter
1675 3121 1865 3176 Romae
1899 3136 2032 3174 con-

437 3209 667 3275 sederit,
703 3209 796 3264 ubi
831 3226 943 3266 non
975 3211 1151 3266 multo
1186 3222 1312 3282 post
1345 3212 1400 3267 in
1427 3211 1625 3282 primis
1652 3221 1738 3266 est
1767 3227 2031 3266 numera-

437 3307 550 3354 tus.
583 3298 721 3353 Nam
761 3314 886 3354 cum
921 3299 1125 3369 opibus
1165 3300 1315 3356 haud
1370 3315 1536 3371 parce
1569 3311 1843 3367 uteretur,
1893 3318 2029 3372 pru-

436 3389 628 3445 dentia
655 3399 713 3445 et
742 3390 1058 3447 urbanitate
1099 3391 1513 3464 potentioribus
1551 3393 1655 3448 sibi
1694 3393 2024 3455 conciliatis,

439 3499 472 3538 a
512 3481 718 3539 Marcio
751 3483 806 3538 in
847 3484 1108 3553 patricios
1135 3494 1194 3542 et
1225 3493 1479 3541 senatum
1509 3485 1688 3540 lectus
1709 3494 1814 3549 est,
1837 3493 1891 3541 ct
1915 3484 2028 3540 dux

437 3575 722 3633 exercitus
762 3575 1104 3646 designatus,
1149 3577 1359 3634 credita
1402 3578 1571 3634 etiam
1617 3577 1921 3633 liberorum
1969 3587 2027 3635 et

435 3668 596 3740 regni
645 3667 838 3724 tutela.
884 3669 1023 3725 Nam
1053 3684 1114 3726 se
1141 3671 1351 3727 bonum
1383 3670 1566 3726 virum
1596 3671 1896 3742 praebebat,
1925 3687 2026 3742 pe-

435 3762 662 3819 cuniam
687 3763 984 3834 egentibus
1013 3764 1389 3836 impertiebat,
1431 3765 1756 3837 rogantibus
1785 3765 2027 3821 libenter

437 3855 656 3912 terebat
699 3870 886 3926 opem,
934 3858 1142 3912 malum
1184 3857 1424 3914 faciebat
1464 3858 1757 3914 dicebatve
1793 3855 2024 3921 nemini,

437 3960 664 4020 accepta
712 3950 986 4008 beneﬁcia
1027 3951 1412 4023 exaggerabat.
1461 3951 1716 4008 Oiiensas
1748 3953 1833 4007 vel
1858 3952 2027 4009 dissi-

437 4043 706 4110 mulabat,
752 4045 838 4100 vel
883 4053 1197 4101 extenuans
1242 4045 1510 4100 oblivioni
1546 4045 1888 4102 mandabat:
1929 4063 2025 4104 eos

436 4135 702 4204 aquibus
743 4135 908 4191 laesus
952 4146 1124 4203 esset,
1171 4136 1312 4192 adeo
1361 4151 1472 4191 non
1521 4137 1919 4204 ulciscebatur,
1965 4150 2026 4195 ut

349 4227 352 4230 ’
435 4227 605 4282 etiam
632 4227 923 4283 beneﬁciis
952 4227 1359 4285 demereretur.
1391 4230 1488 4285 His
1522 4232 1772 4287 moribus
1805 4242 1863 4287 et
1887 4233 2026 4288 Mar-

437 4321 585 4375 cium
631 4319 836 4389 ipsum,
867 4328 924 4376 et
953 4321 1137 4392 regios
1162 4321 1372 4377 amicos
1401 4321 1508 4378 sibi
1538 4322 1806 4388 devinxit,
1827 4325 2024 4380 existi-

440 4412 740 4468 mationem
769 4411 872 4466 viri
900 4411 1034 4468 boni
1067 4422 1125 4468 et
1158 4414 1427 4484 sapientis
1456 4426 1812 4480 consecutus,
1856 4432 2022 4486 quam

437 4519 548 4559 non
579 4511 850 4574 perpetuo
882 4506 1254 4560 conservavit.
1290 4505 1477 4561 Marcii
1507 4522 1744 4576 namque
1774 4507 2025 4564 defuncti

437 4598 657 4655 duobus
700 4597 830 4654 (iiiis
861 4597 1112 4667 iniquum
1157 4614 1217 4654 se
1266 4599 1522 4669 praebuit,
1577 4612 1770 4672 erepto
1825 4617 2020 4674 regno,

437 4689 586 4762 quod
623 4704 750 4744 cum
783 4690 892 4744 illis
917 4699 1145 4747 senatus
1167 4691 1514 4762 populusque
1541 4693 1831 4749 delaturus
1856 4703 2022 4762 esset,

2136 2208 2198 2273 δς
2229 2210 2567 2282 Δημαράτου
2597 2209 2697 2278 μέν
2719 2206 2788 2280 ἢν
2817 2210 2950 2273 παῖς
2979 2205 3301 2278 Κορινθίου,
3346 2204 3618 2274 φυγόντος
3667 2204 3728 2259 δὲ

2136 2295 2233 2350 καὶ
2267 2297 2348 2360 είς
2377 2297 2534 2351 πόλιν
2565 2297 2878 2370 Τυρσηνίδα
2907 2297 3247 2367 Ταρκυινίαν
3291 2295 3730 2365 ἐγκατοικήσαν-

2135 2401 2229 2452 τος
2267 2386 2330 2453 ἐξ
2351 2386 2679 2458 αὐθιγενοῦς
2710 2387 2970 2456 γυναικὸς
2993 2387 3190 2458 ἐκείνῳ
3228 2385 3448 2456 ἐτέχθη,
3476 2382 3725 2439 Λουκού-

2137 2498 2259 2551 μων
2296 2480 2646 2551 ὀνομασθείς.
2680 2480 2858 2535 Πολλά
2931 2479 3116 2552 μέντοι
3173 2475 3449 2549 πατρόθεν
3473 2475 3727 2543 διαδεξά-

2135 2590 2324 2643 μενος,
2355 2573 2439 2628 δτι
2472 2573 2550 2644 μὴ
2575 2573 2686 2627 τῶν
2721 2573 3009 2644 πρωτείων
3039 2571 3195 2644 παρὰ
3246 2571 3356 2624 τῶν
3414 2569 3727 2640 Ταρκυινηρ

2136 2662 2270 2718 σίων
2301 2663 2379 2728 ὡς
2409 2663 2618 2736 ἔπηλυς
2646 2663 2980 2734 κατηξίωτο,
3015 2661 3154 2734 πρὸς
3176 2661 3278 2733 τὴν
3347 2658 3574 2732 Ῥώμην
3618 2677 3725 2732 με·

2133 2753 2484 2822 ταναστεύει,
2533 2756 2632 2810 καὶ
2652 2755 2752 2826 τὴν
2792 2755 2991 2825 κλῆσιν
3046 2751 3566 2825 συμμεταθὲμενος,
3626 2751 3727 2807 καὶ

2139 2846 2544 2919 μετωνομάσθη
2577 2847 2813 2910 Λούκιος
2863 2845 3170 2918 Ταρκύνιος
3248 2847 3314 2896 ἐκ
3351 2842 3454 2910 τῆς
3510 2841 3726 2905 πόλεως

2135 2941 2197 2994 ἐν
2226 2933 2262 3011 ᾖ
2294 2938 2568 3012 παρῴκει.
2603 2939 2841 3008 Λέγεται
2870 2939 2929 2992 δέ
2959 2936 3416 3010 μετοικιζομένου
3448 2933 3610 2996 ἀετὸς
3627 2950 3728 2987 κα-

2133 3031 2346 3095 ταπτὰς
2369 3032 2618 3104 ἁρπάσαι
2647 3031 2739 3084 τὸν
2793 3031 2972 3096 πῖλον,
3021 3029 3082 3083 δν
3137 3025 3286 3099 εἶχεν
3349 3027 3444 3082 ἐπὶ⁸
3499 3025 3598 3096 τῆς
3625 3041 3724 3078 κε-

2134 3123 2338 3195 φαλῆς,
2371 3125 2468 3178 καὶ
2509 3123 2908 3196 μετεωρισθεὶς
2968 3123 3064 3178 καὶ
3120 3120 3364 3191 κλάγξας
3421 3119 3517 3173 ἐπὶ
3559 3115 3724 3183 πολὺ,

2135 3215 2298 3280 αὖθις
2329 3216 2496 3271 αὐτὸν
2526 3216 2846 3289 ἐφαρμόσαι
2877 3218 2948 3288 τῇ
2994 3213 3166 3270 αὐτοῦ
3223 3212 3462 3282 κεφαλῇ,
3501 3212 3579 3274 ὡς
3635 3211 3727 3262 ἐν-

2134 3307 2327 3362 τεῦθεν
2361 3307 2530 3379 μηδὲν
2578 3307 2801 3362 ἐλπίσαι
2870 3306 3090 3376 μικρὸν,
3144 3304 3242 3358 καὶ
3297 3302 3602 3375 προθύμως
3653 3302 3722 3369 τῇ

2145 3400 2335 3472 Ῥώμῃ
2373 3399 2790 3470 ἐγκατοικῆσαι,
2819 3399 2942 3453 ὅθεν
2966 3400 3081 3462 τοῖς
3129 3397 3372 3470 πρώτοις
3449 3395 3512 3449 οὐ
3576 3393 3724 3465 μετὰ

2133 3494 2272 3548 πολὺ
2307 3492 2705 3564 συνηρίομητο,
2751 3491 2841 3562 Τῷ
2895 3492 2954 3545 δὲ
3011 3491 3120 3560 γάρ
3157 3489 3378 3561 πλούτῳ
3429 3487 3720 3560 χρώμενος

2132 3583 2544 3654 ἀφειδέστερον,
2579 3583 2798 3638 συνέσει
2831 3600 2890 3636 τε
2918 3583 3013 3636 καὶ
3043 3580 3386 3652 εὐτραπελίᾳ
3443 3581 3570 3643 τοὺς
3620 3579 3720 3633 δυ-

2131 3677 2330 3739 νατοὺς
2363 3675 2761 3744 οίκειούμενος,
2799 3677 2857 3740 ἐς
2923 3675 3054 3738 τοὺς
3097 3673 3432 3744 εὐπατρίδας
3479 3671 3577 3726 καὶ
3617 3670 3721 3741 τήν

2129 3769 2332 3841 βουλὴν
2369 3768 2674 3840 κατελέχθη
2717 3767 2870 3840 παρὰ
2926 3767 3204 3838 Μαρκίου,
3261 3765 3356 3820 καὶ
3413 3763 3722 3834 στρατηγὸς

2132 3862 2457 3932 ἀπεδείχθη,
2493 3863 2586 3916 καὶ
2607 3863 2707 3934 τὴν
2730 3861 2836 3916 τῶν
2856 3861 3068 3914 παίδων
3089 3859 3304 3913 ἐκείνου
3335 3858 3719 3927 ἐπιτροπείαν,

2132 3957 2232 4011 καὶ
2259 3957 2361 4028 τῆς
2397 3955 2681 4026 βασιλείας
2704 3955 3064 4008 πεπίστευτο.
3111 3951 3386 4005 Ἐδείκνυε
3422 3951 3533 4022 γὰρ
3587 3951 3719 4006 ἐαυ-

2129 4049 2223 4104 τὸν
2257 4049 2466 4118 ἀγαθὸν
2507 4047 2698 4118 ἄνδρα,
2723 4047 3029 4117 χρημάτων
3050 4064 3110 4100 τε
3132 4051 3247 4111 τοῖς
3300 4047 3581 4116 δεομένοις
3617 4061 3718 4113 με·-

2128 4143 2397 4205 ταδιδοὺς,
2432 4141 2527 4194 καὶ
2558 4141 2751 4194 ἐαυτὸν
2775 4140 2996 4209 ἕτοιμον
3029 4139 3291 4210 παρέχων
3318 4137 3372 4192 εί
3415 4155 3501 4200 τις
3543 4136 3722 4190 δίοιτο

2129 4233 2297 4288 αὐτοῦ
2327 4235 2409 4296 είς
2441 4232 2717 4304 βοήθειαν·
2751 4232 2956 4301 φαῦλον
2985 4231 3042 4285 δέ
3071 4231 3184 4302 ('82)
3203 4250 3255 4286 τι
3282 4229 3393 4284 οὔτ’
3421 4229 3718 4301 ἔπραττεν,

2131 4328 2246 4382 οὐτ’
2276 4329 2464 4398 ἔλεγεν
2481 4327 2679 4381 οὐδενί.
2706 4326 2817 4379 Καὶ
2841 4326 2960 4380 είτι
2997 4325 3136 4395 πρός
3166 4339 3332 4377 τινων
3361 4321 3422 4376 εὖ
3448 4322 3715 4390 ἔπασχεν,

2130 4423 2293 4494 ἐξῇρε
2328 4424 2389 4476 τί)
2416 4424 2721 4490 γινόμενον·
2749 4424 2798 4475 εί
2829 4421 2884 4475 δέ
2917 4439 2970 4475 τι
3000 4421 3096 4474 καὶ
3127 4418 3540 4489 ἐπαχθέστερον
3567 4414 3719 4486 αὐτῴ

2131 4516 2366 4583 γένοιτο,
2398 4515 2431 4586 ἢ
2463 4514 2576 4567 οὐδ’
2611 4511 2889 4580 ἐλογίζετο
2917 4511 2978 4566 τὸ
3007 4509 3288 4580 λυποῦν,ἢ
3319 4511 3416 4564 καὶ
3447 4507 3720 4578 φαυλίσας

2132 4605 2550 4676 παρελογίζετο’
2593 4606 2654 4658 οὐ
2691 4605 2856 4674 μόνον
2880 4621 2941 4657 τε
2965 4605 3066 4658 οὐκ
3093 4603 3344 4674 ἠμύνατο
3401 4601 3498 4654 τὸν
3561 4597 3719 4652 λελυ-

2133 4699 2378 4768 πηκότα,
2412 4697 2549 4752 ἀλλὰ
2578 4697 2674 4750 καὶ
2707 4697 3024 4766 εὐηργέτει.
3051 4697 3278 4759 Τούτοις
3315 4694 3481 4748 αὐτόν
3513 4711 3590 4756 τε,
3623 4691 3720 4745 τὸν

439 4783 533 4840 ille
576 4785 931 4842 senatoribus
983 4785 1382 4856 potentissimis
1432 4785 1536 4842 sibi
1593 4786 1907 4858 adjunctis,
1967 4796 2025 4843 et

2134 4791 2405 4858 Μάρκιον,
2435 4789 2531 4843 καὶ
2559 4790 2686 4853 τούς
2717 4790 2847 4859 περὶ
2873 4788 3039 4842 αὐτὸν
3057 4786 3416 4859 ἐχειρώσατο,
3443 4781 3722 4848 καὶδόξαν

437 4876 887 4935 adolescentibus
939 4879 1134 4949 procul
1180 4879 1249 4936 ad
1319 4879 1668 4938 venationem
1733 4880 2022 4952 ablegatis,

436 4969 579 5025 nihil
621 4985 732 5024 non
765 4977 823 5026 et
876 4971 1102 5028 dixitet
1136 4971 1291 5035 fecit,
1339 4972 1516 5028 donec
1566 4988 1795 5044 regnum
1846 4973 2025 5043 impe-

438 5069 637 5115 trasset
661 5075 675 5113 :
719 5060 772 5115 id
799 5076 859 5117 se
885 5063 1094 5132 pueris,
1118 5063 1211 5119 ubi
1242 5063 1637 5130 adolevissent,
1669 5064 2022 5120 redditurum

433 5151 732 5221 professus.
769 5151 973 5208 Rerum
1005 5164 1190 5210 autem
1237 5156 1448 5226 potitus
1479 5157 1762 5212 Romanos
1793 5159 1868 5214 ita
1912 5169 2023 5214 tra-

435 5244 626 5310 ctavit,
659 5253 722 5298 ut
750 5246 932 5317 regios
961 5246 1346 5304 adolescentes
1371 5264 1656 5321 nunquam
1691 5249 1794 5319 ipsi
1825 5251 2026 5322 prada-

437 5337 546 5392 turi
575 5349 787 5403 essent,
816 5354 1056 5410 quorum
1103 5341 1322 5398 animos
1379 5351 1438 5398 et
1505 5358 1739 5414 corpora
1769 5351 2025 5398 assuetu-

435 5428 565 5484 dine
617 5430 848 5502 ignaviat
897 5447 998 5502 per
1045 5432 1406 5506 benignitatis
1455 5435 1696 5506 speciem
1749 5435 2022 5506 corrupit.

2132 4882 2326 4954 ἀνδρὸς
2353 4883 2625 4953 ἐκτήσατο
2647 4881 2814 4951 σοφοῦ
2835 4898 2894 4934 τε
2918 4883 3013 4933 καὶ
3034 4880 3264 4949 ἀγαθοῖν
3295 4879 3410 4934 ἀλλ’
3441 4879 3504 4932 οὐ
3547 4893 3722 4948 προσ⁹

2135 4973 2317 5044 έμεινε
2345 4972 2508 5043 μέχρι
2531 4973 2724 5036 τέλους
2765 4971 2913 5044 αὐτῷ
2952 4974 2985 5042 ή
3016 4970 3304 5041 ὑπόληψις.
3329 4971 3438 5024 Τοῦ
3463 4969 3719 5040 Μαρκίου

2129 5065 2242 5135 γὰρ
2269 5066 2719 5135 τελευτήσαντος,
2757 5065 2945 5128 κακῶς
2963 5065 3229 5135 περὶτοὺς
3257 5063 3469 5117 ἐκείνου
3496 5059 3716 5131 διετέθη

2127 5159 2240 5213 δύω
2257 5159 2417 5223 υἱεῖς,
2435 5158 2529 5212 καὶ
2549 5158 2649 5230 τὴν
2664 5156 2945 5226 βασιλείαν
2963 5157 3378 5228 ἐσφετερίσατο.
3396 5154 3512 5224 Τῆς
3531 5171 3593 5207 τε
3607 5155 3722 5224 γὰρ

2131 5249 2330 5321 βουλῆς
2354 5250 2450 5304 καὶ
2479 5249 2574 5304 τοῦ
2599 5249 2776 5320 δήμου
2800 5249 2925 5312 τοὺς
2951 5248 3046 5302 τοῦ
3079 5248 3332 5320 Μαρκίου
3368 5247 3568 5310 παῖδας
3594 5264 3716 5316 χει-

2135 5344 2376 5412 ροτονεῖν
2411 5340 2744 5413 μελλόντων,
2779 5342 2991 5405 ἐκεῖνος
3018 5341 3129 5396 τῶν
3157 5340 3465 5411 βουλευτῶν
3495 5357 3558 5393 τε
3587 5339 3720 5401 τοὺς

2129 5435 2546 5500 δυνατωτάτους
2609 5432 2878 5506 μετῆλθε,
2904 5434 3165 5501 καὶτοὺς
3214 5433 3488 5507 ὀρφανοὺς
3524 5430 3719 5502 πόρρω

1640 5593 1850 5654 Variae
1881 5591 2199 5655 Ιρυιὶοιιιε
2244 5601 2307 5656 et
2336 5600 2529 5655 notua.

508 5727 623 5797 (81)
657 5728 764 5783 λαὶ
793 5732 1042 5798 πολλὴν
1071 5735 1180 5788 τοῦ
1239 5737 1403 5789 θείου
1441 5737 1592 5790 κατὰ
1624 5734 1732 5790 τὸν
1771 5736 2026 5789 πάππον

437 5798 687 5875 Νοῆμιεν
713 5803 1056 5875 ,ποιουμένῳ
1085 5805 1200 5870 τὴν
1229 5806 1598 5875 ἐπιμέλειαν.
1656 5808 1862 5864 Desunt
1908 5807 2025 5862 lucc

440 5868 608 5927 verba
636 5869 693 5928 in
721 5868 1052 5945 coddilleg.
1077 5868 1310 5932 ct‘Colb.

2208 5739 2322 5808 (82)
2349 5739 2594 5795 Φαῧλον
2621 5741 2710 5796 δέ.
2749 5741 2828 5797 Es
2879 5739 3070 5797 Dionis
3099 5741 3198 5800 lib.
3243 5755 3284 5807 ι,
3314 5739 3369 5795 in
3422 5737 3716 5811 Escerptis

2137 5810 2460 5867 Valcsianis.
