4060 6390
318 409 428 472 565
1414 399 1418 404 ’
1624 403 1911 465 ANNALI

1988 403 2035 462 Μ
2077 404 2227 468 LIB.
2268 404 2409 466 νυ.
3485 396 3591 461 566

319 542 412 579 ποι
435 523 770 594 πέμψας.είς
808 521 1008 593 θήραν,
1042 517 1124 586 οἷς
1155 540 1214 576 τε
1248 520 1393 588 εἷπε,
1432 524 1525 578 καὶ
1589 517 1672 584 οἷς
1735 522 1906 593 ἐπρα-

2010 521 2146 578 Cnm
2178 531 2361 577 autem
2403 536 2502 576 eos
2535 520 2701 575 etiam
2732 519 2814 575 sic.
2851 525 3144 581 metueret,
3191 530 3320 572 suas
3360 530 3496 586 opes
3538 515 3594 570 in

322 616 432 680 ξεν,
469 614 620 684 αὐτῷ
645 615 746 684 τὴν
779 612 1056 684 βασιλείαν
1079 613 1427 684 ψηφίσασθαι
1461 615 1900 686 παρεσκεύασεν,

2009 615 2245 669 concilio
2277 613 2450 678 anxit,
2479 628 2540 668 cc
2581 628 2648 667 ex
2697 611 2856 682 plebe
2897 609 3102 666 amicis.
3137 609 3192 664 in
3233 609 3494 679 patricios
3539 617 3595 663 et

318 705 395 768 ὡς
421 705 781 779 άνδρωθεῖσιν
798 707 972 778 αὐτὴν
997 706 1159 777 δῆθεν
1178 709 1293 770 τοῖς
1320 708 1512 761 παισὶν
1540 708 1902 763 ἀποδώσοντι.

2009 713 2296 759 senatores
2338 703 2536 758 lectis:
2571 717 2683 771 quo
2712 709 2871 771 pacto
2895 708 2950 754 et
2994 705 3246 753 senatum
3277 704 3336 750 et
3377 694 3595 766 plebem

333 799 649 870 Ἐγκρατὴς
680 798 737 852 δὲ
772 797 1050 864 καταστὰς
1071 799 1180 852 τῶν
1210 799 1574 870 πραγμάτων,
1610 798 1754 852 οὓτω
1779 799 1905 860 τοὺς

2010 795 2250 866 subegit.
2283 795 2542 850 llabitum
2574 793 2738 848 etiam
2773 789 3305 862 magnificentiorem
3341 786 3594 856 sumpsit,

330 889 641 960 Ῥωμαίους
672 889 904 953 διέθετο,
936 890 1078 945 ὥστε
1115 891 1388 962 μηδέποτε
1436 890 1718 960 ἐθελήσειν
1748 889 1907 942 ἀνθε-

2008 891 2254 946 tunicam
2303 899 2361 946 et
2407 898 2616 945 vestem
2669 899 3002 957 purpuream
3058 897 3196 937 auro
3253 880 3596 943 distinctam,

321 981 512 1034 λέεῦαι
540 983 670 1044 τοὺς
709 981 910 1044 παῖδας
965 982 1201 1035 ἐκείνοψ
1262 981 1360 1036 ml.
1408 982 1478 1035 τὰ
1531 982 1796 1051 μειράκια
1847 980 1906 1034 δὲ

2009 999 2274 1039 coronam
2318 997 2537 1037 auream
2593 981 2824 1052 gemmis
2870 987 3145 1042 ornatam,
3194 980 3497 1042 sceptrum,
3544 980 3601 1024 et

320 1072 460 1144 πρὸς
484 1071 773 1143 ῥᾳστώνην
804 1073 1028 1139 ἐθίζων,
1055 1074 1156 1139 τὰς
1179 1092 1238 1128 τε
1267 1074 1448 1146 ψυχὰς
1477 1075 1682 1140 αὐτῶν,
1716 1075 1814 1128 καὶ
1838 1073 1906 1128 τὰ

2011 1078 2201 1133 sellam
2233 1076 2581 1132 eburneam:
2637 1073 2842 1143 quibus
2889 1070 3055 1141 326
3101 1075 3158 1122 et
3215 1064 3392 1122 secuti
3420 1079 3597 1134 reges,

322 1164 556 1235 σώματα
588 1164 686 1218 σὺν
718 1164 905 1235 χάριτι
926 1165 991 1235 δή
1017 1183 1129 1220 τινι
1161 1165 1407 1238 ἔφθειρε.
1459 1166 1656 1230 Δεδιὼς
1705 1168 1761 1220 δὲ
1808 1166 1906 1220 καὶ

2007 1182 2065 1226 et
2097 1171 2456 1239 imperatores
2494 1183 2715 1238 quoque
2735 1167 3112 1220 Romanorum
3136 1167 3268 1216 sunt
3291 1159 3396 1214 usi.
3425 1156 3600 1213 Victis

319 1257 491 1322 οὕτως
528 1257 689 1328 ἔχων,
726 1257 883 1329 ἰσχὺν
911 1257 1093 1329 ἐαυτῷ
1111 1261 1168 1312 ἐν
1194 1260 1272 1330 τῷ
1294 1260 1556 1330 συνεδρίῳ
1588 1259 1906 1329 περιεποιή-

2009 1265 2288 1328 hostibus,
2334 1261 2615 1333 quadrigis
2645 1258 2935 1330 magnifice
2983 1263 3069 1312 est
3113 1255 3391 1318 invectus,
3432 1259 3489 1305 et
3529 1249 3601 1304 li~

325 1369 482 1407 σατο.
511 1353 654 1417 Τοὺς
682 1354 795 1423 γὰρ
835 1353 1029 1422 φιλίως
1051 1351 1204 1422 αὐτῷ
1229 1353 1295 1404 ἐκ
1327 1349 1422 1404 τοῦ
1470 1351 1534 1420 δή
1546 1369 1647 1419 μου
1695 1349 1906 1402 διακει-

2009 1363 2190 1411 ctores
2215 1369 2312 1424 per
2342 1367 2559 1407 onmem
2590 1359 2805 1404 aetatem
2838 1364 2908 1402 ιιι
2935 1345 3147 1401 habuit;
3171 1342 3409 1399 Omnino
3431 1339 3597 1396 etiam

324 1443 520 1514 μένους
536 1445 667 1517 περὶ
694 1445 1006 1509 διακοσίους
1034 1449 1092 1506 ἐς
1113 1445 1240 1506 τοὺς
1261 1443 1594 1514 εὐπατρίδας
1610 1441 1903 1512 ἐνέγραψε,

2009 1447 2114 1502 alia
2177 1446 2542 1500 iunovaturus
2596 1440 2736 1503 fuit,
2791 1437 2898 1493 nisi
2964 1437 3015 1491 ei
3071 1434 3251 1490 tribus
3315 1440 3600 1485 mutatum

202 1570 212 1582 -
320 1542 419 1594 καὶ
452 1540 771 1612 βουλευτάςο
803 1543 898 1596 καὶ
926 1542 1073 1596 οὕτω
1104 1541 1204 1611 τήν
1234 1559 1296 1594 τε
1325 1540 1620 1610 γερουσίαν
1661 1539 1753 1608 ὑφ’
1780 1539 1804 1591 ἑ

2009 1539 2201 1596 Actius
2243 1535 2449 1591 Navius
2504 1548 2680 1604 augur
2731 1526 3226 1600 prmstantissimus
3267 1520 3596 1579 obstitisset.

320 1634 439 1700 τὸν,
473 1633 730 1698 καὶτοὺς
762 1634 994 1699 πολλοὺς
1033 1635 1355 1706 ἐποιήσατο,
1407 1634 1501 1687 καὶ
1553 1634 1652 1703 τὴν
1712 1633 1908 1701 στολὴν

2009 1634 2073 1690 Ei
2111 1647 2235 1687 cum
2272 1630 2343 1685 ob
2377 1627 2792 1682 adversationes
2823 1623 2999 1678 iratus
3046 1620 3299 1686 illudere,
3333 1623 3389 1671 et
3421 1623 3598 1669 artem

321 1722 463 1796 πρὸς
489 1725 551 1780 τὸ
582 1727 1171 1799 μεγαλοπρεπέστερον
1195 1726 1456 1798 ἧμειψεν.
1497 1725 1569 1780 Ἦ
1595 1726 1654 1780 δέ
1680 1721 1748 1796 ἦν
1775 1725 1906 1794 ίμά-

2009 1725 2236 1781 eludere
2297 1720 2566 1784 studeret,
2621 1727 2802 1774 cotem
2852 1724 2909 1771 et
2969 1712 3296 1770 novaculam
3359 1708 3420 1763 in
3469 1706 3597 1762 sinu

319 1833 440 1917 τιον
462 1817 755 1917 καξιχιτὼν
784 1819 1142 1890 όλσπόρςρυρα
1172 1820 1266 1872 καλ⁸
1293 1818 1676 1890 χρυσόπαστα,
1703 1817 1909 1886 στέφα-

2010 1825 2250 1889 gestans,
2279 1813 2347 1868 ad
2384 1813 2646 1884 populum
2683 1809 2910 1880 prodiit,
2947 1807 3000 1862 id
3037 1806 3222 1860 animo
3270 1801 3506 1872 agitans,
3540 1806 3601 1852 ut

319 1907 413 1969 νός
445 1923 506 1960 τε
531 1907 698 1961 λίθων
726 1909 1100 1979 χρυσοδέτων,
1134 1909 1230 1962 καὶ
1254 1909 1561 1979 σκῆπτρον,
1603 1906 1796 1977 δίφρος
1845 1923 1906 1959 τε

2012 1925 2108 1966 cos
2138 1908 2406 1964 novacula
2434 1904 2864 1966 discinderetur,
2895 1898 3044 1971 quod
3087 1896 3204 1951 fieri
3248 1903 3599 1963 nequaquam

320 1997 696 2068 ἐλεφάντινος,
733 1994 818 2064 οἷς
843 2001 940 2054 καὶ
972 2001 1022 2054 oi
1054 1999 1194 2072 μετὰ
1224 1999 1400 2054 ταῦτα
1432 2001 1485 2053 οἵ
1518 2017 1576 2054 τε
1604 1999 1776 2066 ἄλλοι,
1813 1999 1908 2053 καὶ

2012 2010 2222 2074 posset.
2249 2001 2499 2071 Cumque
2535 1997 2766 2054 dixisset
2789 2011 2911 2065 quae
2950 1992 3221 2054 voluerat,
3256 1985 3413 2041 Actio
3449 1996 3602 2038 acer-

319 2091 374 2144 οί
405 2091 508 2163 τὴν
536 2092 952 2164 αὐτοκράτορος
986 2093 1206 2164 ἔχοντες
1229 2093 1533 2165 ἡγεμονίαν
1575 2093 1904 2163 ἐχρήσαντο.

2012 2098 2154 2154 rime
2183 2095 2530 2155 adversante,
2558 2106 2622 2146 ac
2660 2091 2884 2144 minime
2917 2085 3149 2142 cedente
3184 2094 3198 2135 ε
3226 2079 3363 2146 Nisi,
3397 2074 3597 2146 inquit,

322 2182 436 2236 Καὶ
483 2182 774 2254 τεθρίππῳ
822 2185 883 2238 ἐν
927 2181 1042 2248 τοῖς
1104 2185 1397 2248 ἐπινικίοις
1432 2186 1774 2256 ἐπόμπευσε,
1814 2185 1909 2240 καὶ

2014 2189 2334 2246 aduersandi
2375 2187 2550 2241 studio
2585 2181 2904 2251 refragaris,
2959 2187 3009 2231 et
3057 2191 3183 2230 vera
3216 2171 3367 2235 dicis,
3424 2180 3600 2221 coram

324 2275 662 2348 ῥασδούχους
684 2277 774 2331 διὰ
804 2277 920 2348 βίου
967 2276 1178 2332 δώδεκα
1220 2278 1371 2349 ἔσχε.
1442 2278 1668 2342 Πάντως
1720 2277 1777 2332 δὲ
1813 2277 1909 2332 καὶ

2012 2283 2159 2337 omni
2179 2278 2373 2352 populo
2407 2278 2536 2333 mihi
2561 2273 2892 2345 respondeto,
2927 2286 3054 2324 num
3085 2267 3138 2321 id
3168 2263 3306 2334 quod
3332 2263 3387 2316 in
3421 2257 3600 2352 animo

321 2367 460 2422 ἄλλα
501 2346 673 2424 πλείω
720 2346 1156 2441 ἐκαινοτόμησεν
1219 2346 1384 2436 ἄν’,εί
1436 2370 1510 2441 μή
1561 2387 1646 2434 τις
1711 2371 1910 2434 ’Δττος

2012 2346 2198 2440 habeo,
2220 2346 2386 2444 possit
2413 2369 2554 2438 ﬁeri.
2585 2367 2723 2421 Cum
2770 2363 2862 2419 ille
2901 2362 2957 2416 in
2989 2355 3223 2429 augurio
3260 2367 3374 2409 rem
3412 2346 3600 2406 statim

321 2459 556 2525 Ναούῖος
578 2461 680 2526 τὰς
714 2462 892 2532 φυλὰς
914 2465 1083 2518 αὐτὸν
1120 2463 1455 2534 βουληθέντα
1485 2464 1908 2534 μετακοσμῆσαι

2012 2441 2298 2538 expertus,
2363 2461 2609 2533 profecto
2658 2459 2900 2513 futuram
2950 2452 3226 2508 dixisset:
3287 2443 3451 2514 Atqui
3505 2441 3601 2494 hoc

323 2552 658 2621 κεκώλυκεν,
678 2554 738 2618 ὃς
772 2555 1062 2626 οίωνιστὴς
1087 2551 1176 2627 ἦν,
1211 2551 1323 2619 οἷος
1356 2556 1454 2627 οὐχ
1476 2555 1664 2626 ἔτερος
1691 2556 1904 2626 γέγονε.

2013 2561 2193 2616 animo
2213 2557 2432 2629 agitavi,
2455 2551 2653 2624 inquit,
2676 2559 2726 2605 te
2755 2546 3014 2605 novacula
3043 2551 3208 2597 cotem
3234 2539 3597 2593 discissarum.

321 2645 528 2700 Τοῦτον
548 2645 862 2718 ἐνυϐρίσαι,
900 2647 991 2702 διὰ
1008 2625 1121 2719 τὴν
1140 2625 1461 2702 ἐναντίωσίν
1486 2625 1787 2717 ὀρχισθεὶς,
1812 2649 1908 2701 καὶ

2013 2655 2154 2710 Tum
2195 2652 2347 2706 illum
2401 2646 2548 2702 haud
2600 2650 2928 2699 cunctanter
2964 2635 3253 2692 discidisse
3299 2639 3480 2685 cotem
3517 2625 3598 2681 fe-

319 2735 422 2806 τὴν
445 2737 642 2807 τέχνην
666 2738 1021 2809 ἐξουθενῆσαι
1050 2739 1440 2810 διεμελέτησεν
1497 2741 1526 2793 ὁ
1576 2739 1904 2810 Ταρκύνιος.

2014 2755 2168 2804 runt.
2197 2745 2256 2800 Id
2291 2741 2596 2799 admiratus
2625 2733 2983 2806 Tarquinius,
3015 2738 3132 2784 tum
3189 2725 3328 2779 alios
3360 2722 3599 2776 honores

321 2825 522 2880 Λαϐὼν
540 2826 635 2882 οὖν
656 2829 716 2881 ἐν
736 2827 817 2899 τῷ
840 2829 1029 2901 κόλπῳ
1063 2830 1266 2900 ἀκόνην
1293 2848 1352 2884 τε
1384 2831 1479 2884 καὶ
1519 2829 1704 2904 ξυρὸν,
1739 2834 1794 2896 ἐς
1816 2833 1907 2886 τὸν

2013 2841 2173 2899 Actio
2199 2837 2416 2899 habuit,
2447 2843 2563 2888 tum
2592 2844 2802 2887 amcam
2841 2833 3078 2882 statuam
3114 2817 3294 2876 erexit
3329 2837 3344 2873 :
3384 2823 3441 2870 et
3490 2810 3599 2867 rei-

321 2917 500 2987 δῆμον
525 2919 830 2991 παρῆλθεν,
881 2921 1024 2992 ἔχων
1067 2924 1126 2977 ἐν
1181 2924 1258 2996 νῷ
1307 2924 1588 2995 τμηθῆναι
1639 2926 1718 2997 τῷ
1758 2924 1907 2996 ξυρῷ

2014 2933 2252 3008 publica:
2279 2929 2472 2986 ordine
2500 2941 2609 2980 non
2639 2931 2873 2979 mutato.
2908 2915 3155 2974 consiliis
3190 2912 3310 2982 ejus
3352 2921 3486 2963 usus
3515 2911 3599 2960 est

321 3014 425 3084 τὴν
453 3014 679 3084 ἀκόνην,
713 3017 952 3087 πρᾶγμα
977 3015 1089 3071 τῶν
1126 3017 1428 3087 ἀδυνάτων,
1476 3018 1652 3074 εἰπών
1696 3037 1759 3074 τε
1806 3022 1909 3077 ὅσα

2015 2998 2083 3081 ad
2136 3023 2343 3079 omnia.
2397 3018 2721 3074 Latinorum
2791 3009 3158 3067 defectionem
3233 2998 3595 3070 compescuit.

324 3103 602 3172 ἐϐούλετο,
632 3108 756 3161 ἐπεὶ
789 3108 988 3174 ’Δττος
1047 3109 1343 3178 ἀντέλεγεν
1383 3111 1748 3180 ἐντονώτατα,
1801 3131 1908 3185 μη·

2018 3116 2276 3179 Sabinos,
2321 3112 2418 3184 qui
2466 3108 2770 3182 Tyrrhenis
2801 3099 3150 3175 adjutoribus
3197 3097 3250 3151 in
3286 3094 3597 3148 Romanum

321 3193 412 3246 δὲν
436 3194 751 3266 ὑφιέμενοςο
778 3200 848 3252 Εί
875 3197 962 3268 μὴ
992 3200 1352 3268 φιλονείκως
1383 3201 1742 3272 ἀντιλέγεις,
1778 3184 1906 3274 ἔφην

2013 3224 2206 3281 agrum
2239 3204 2662 3276 impressionem
2691 3201 2956 3262 fecerant,
2990 3188 3296 3263 superavit.
3327 3184 3505 3242 Unam
3567 3194 3599 3235 e

321 3287 674 3358 ἁλλ’ἀληθῆ
702 3288 923 3358 λέγεις,
941 3289 1039 3344 ἐπὶ
1063 3288 1310 3353 πάντων
1337 3292 1566 3348 τούτων
1588 3272 1912 3364 ἀπόκριναι

2015 3272 2352 3359 ννοδῑοιὶὒυε,
2383 3296 2591 3367 quibus
2634 3301 2902 3364 perpetua
2935 3282 3208 3343 servanda
3249 3287 3334 3335 est
3364 3272 3600 3346 virgini-

321 3394 445 3446 μοι,
487 3380 541 3432 εὶ
593 3379 625 3434 ὃ
655 3380 810 3434 κατὰ
845 3381 1001 3437 νοῦν
1026 3382 1146 3453 ἔχω
1173 3382 1450 3452 ποιῆσαι,
1477 3384 1821 3454 γενήσεται.
1849 3387 1912 3440 'O

2016 3401 2121 3457 tas,
2173 3407 2205 3447 a
2250 3389 2489 3461 quodam
2543 3393 2870 3454 stupratam,
2922 3379 2978 3434 in
3025 3376 3388 3433 subterraneo
3432 3381 3602 3438 specu

322 3470 384 3524 δὲ
424 3471 621 3535 "Atto;
660 3472 828 3527 αὐτοῦ
871 3491 976 3528 που
1001 3475 1395 3546 οἰωνισάμενος
1433 3478 1771 3549 παραυτίκα,
1798 3479 1912 3532 Καί

2014 3484 2255 3553 oblongo
2285 3489 2568 3542 excavata,
2591 3477 2780 3547 ibique
2807 3472 3034 3537 lectulo,
3053 3470 3300 3532 lucerna,
3335 3469 3392 3521 δι
3411 3476 3601 3518 mensa

322 3561 488 3617 πάνυ
519 3581 607 3632 τε,
634 3559 870 3632 claei/,6}
889 3567 1181 3633 βασιλεῦ,
1208 3567 1240 3622 ὃ
1263 3567 1482 3637 διανοῇ
1491 3569 1693 3633 ,ἔσται
1721 3571 1915 3625 ἐπιτε-

2015 3577 2241 3634 cibariis
2269 3578 2451 3645 plena,
2490 3568 2796 3632 collocatis,
2827 3565 3017 3623 multis
3049 3570 3354 3633 stupratam
3403 3572 3470 3613 eo
3501 3555 3602 3611 de-

319 3656 450 3721 Jéc.
471 3655 708 3724 οὐκοῦν,
730 3657 853 3728 ἔφη.
879 3659 979 3727 τὴν
996 3660 1202 3732 ἀκόνην
1220 3659 1425 3731 ταύτην
1447 3660 1650 3727 λαϐὼν,
1669 3661 1747 3732 τῷ
1765 3661 1913 3732 Ευρῷ

2015 3668 2368 3731 ducentibus,
2398 3665 2677 3720 viventem
2711 3659 3004 3716 obstruxit.
3034 3653 3102 3711 Et
3127 3655 3208 3710 sic
3241 3652 3309 3708 ab
3337 3651 3431 3705 illo
3463 3655 3603 3702 tem-

322 3747 502 3816 τούτῳ
531 3748 758 3820 διάτεμε
781 3765 796 3781 ο
831 3749 990 3805 τοῦτο
1013 3752 1123 3824 γὰρ
1147 3753 1402 3821 γενέσθαι
1438 3753 1810 3824 διανενόημαι.
1852 3753 1912 3809 '0

2014 3776 2146 3832 pore
2183 3761 2252 3815 de
2279 3757 2528 3814 inemstis
2560 3753 2876 3812 Vestalibus
2908 3764 3098 3820 poenas
3125 3745 3291 3810 sumi,
3321 3750 3601 3812 receptum

321 3839 386 3892 δέ
429 3840 589 3894 Dia“
607 3859 668 3896 τε
691 3843 862 3915 αὐτὴν
883 3843 1045 3908 εὐθὺς
1073 3847 1170 3900 καὶ
1201 3845 1442 3913 διέκοψε.
1468 3845 1772 3918 Θαυμάσας
1795 3847 1853 3900 δὲ
1883 3850 1913 3902 ό

2013 3862 2120 3907 est.
2143 3848 2249 3917 Qui
2277 3863 2408 3902 vero
2432 3846 2554 3900 illas
2578 3841 2861 3901 violarint.
2897 3837 3041 3892 collo
3084 3835 3253 3890 furcae
3283 3832 3340 3886 in
3369 3829 3487 3883 foro
3518 3826 3605 3880 in-

324 3932 658 4002 Ταρκύνιος,
713 3934 881 3998 ἄλλας
923 3953 986 3990 τε
1034 3939 1202 4007 τιμὰς
1247 3937 1446 4008 ἐκείνῳ
1493 3938 1760 4008 παρέσχε,
1815 3939 1911 3992 καὶ

2015 3951 2184 4005 serto,
2234 3938 2369 3994 nudi
2421 3935 2606 4006 ﬂagris
2659 3933 2966 3993 caeduntur,
3012 3928 3190 3983 donec
3241 3917 3600 3991 exspirarint.

325 4022 534 4094 χαλκῆς
555 4026 766 4088 εἰκόνος
789 4026 1014 4096 ἠξίωσε,
1054 4028 1150 4082 καὶ
1179 4027 1334 4082 οὐδὲν
1364 4027 1448 4082 ἔτι
1493 4007 1597 4097 τῆς
1630 4007 1911 4094 πολιτείας

2015 4031 2287 4086 Craterum
2313 4026 2475 4079 Marci
2503 4023 2687 4089 liberi,
2713 4035 2840 4076 eum
2885 4031 3117 4089 regnum
3165 4013 3248 4068 eis
3290 4027 3400 4065 non
3435 4007 3599 4063 resti«

324 4113 617 4183 ἡλλοίωσε,
652 4118 788 4188 πρὸς
817 4118 996 4173 πάντα
1027 4136 1088 4172 τε
1121 4119 1202 4189 τῷ
1236 4119 1419 4192 ¹Ἀττῳ
1450 4120 1746 4193 συμϐούλῳ
1784 4122 1910 4176 ἐκέ-

2017 4128 2219 4184 tueret,
2265 4116 2362 4173 sed
2399 4114 2641 4168 Tullium
2691 4108 2986 4182 quemdam
3037 4119 3197 4162 serva
3255 4101 3364 4155 sibi
3410 4106 3601 4152 natum

323 4224 524 4292 χρητο.
569 4210 973 4280 Μαχεσάμενος
1013 4212 1072 4265 δὲ
1122 4210 1380 4274 Λατίνοις
1435 4191 1908 4285 ἀποστατησασιν,

2014 4214 2274 4273 omnibus
2295 4210 2615 4272 anteferret,
2647 4205 2810 4275 idque
2833 4199 3050 4273 patricii
3069 4211 3289 4270 quoque
3318 4191 3603 4264 aegerrime

322 4285 523 4354 ἔπειτα
565 4303 660 4356 καὶ
706 4303 959 4366 Σαϐίνοις
1005 4305 1065 4368 ἐς
1099 4305 1200 4373 τὴν
1271 4305 1552 4376 Ῥωμαῒδα
1606 4283 1910 4376 ἐμϐαλοῦσι

2015 4314 2358 4380 paterentur,
2396 4299 2727 4372 quibusdam
2768 4297 2989 4351 illorum
3041 4291 3248 4352 ascitis,
3281 4284 3510 4343 insidias
3549 4283 3601 4337 ei

325 4399 817 4463 συμμαχουμένοις
845 4395 950 4449 ὑπ’)
972 4397 1572 4468 Τυρσηνῶν,ἀπάντων
1610 4398 1906 4470 ἐκράτησε.

2013 4377 2210 4469 parant
2243 4414 2258 4451 :
2290 4391 2609 4451 subornatis
2656 4388 2894 4448 duobus,
2946 4383 3041 4455 qui
3096 4377 3394 4449 agrestium
3448 4386 3602 4425 more

324 4483 449 4535 Τῶν
489 4461 559 4536 δέ
608 4461 713 4555 τῆς
751 4485 970 4551 Ἑστίας
1020 4461 1233 4560 ἱερειτῶν
1285 4489 1352 4554 ἃς
1393 4461 1754 4562 παρθενεύειν
1806 4461 1910 4544 ’διὰ

2015 4461 2180 4545 asciis
2207 4495 2264 4541 et
2306 4484 2540 4539 falcibus
2579 4478 2799 4542 armati,
2828 4492 2956 4532 eum
3004 4470 3458 4543 aggrederentur.
3477 4461 3601 4530 Qui

325 4573 448 4643 βίου
469 4542 811 4646 νενόμισται,
838 4542 1104 4651 φωράσας
1134 4542 1256 4636 τινὰ
1286 4542 1907 4655 σύμφθαρείσανάνδρὶ,

2011 4597 2138 4640 cum
2187 4578 2551 4647 Tarquinium
2587 4574 2644 4629 in
2689 4572 2812 4628 foro
2856 4585 2966 4624 non
3002 4563 3364 4624 invenissent,
3408 4557 3475 4614 ad
3512 4571 3600 4611 re-

322 4665 579 4736 ὑπό-τεῶν
621 4687 747 4724 τινα
794 4647 1218 4738 κατασκευάσας
1264 4647 1581 4748 ὑποδρομὴν
1620 4647 1911 4749 προμήκη,

2010 4675 2128 4746 gias
2169 4671 2316 4728 fores
2356 4675 2652 4732 venerunt,
2694 4665 2840 4720 inter
2884 4676 3005 4718 sese
3049 4659 3312 4720 rixantes,
3351 4659 3408 4708 et
3438 4665 3497 4706 se
3529 4647 3598 4702 ad

323 4760 518 4831 κλίνην
541 4779 603 4816 τε
625 4763 741 4827 θεὶς
771 4766 830 4818 ἐν
886 4766 1054 4838 αὐτῇ,
1091 4767 1189 4822 καὶ
1218 4746 1433 4838 λύχνον,
1476 4746 1577 4822 καὶ
1624 4746 1912 4838 τράπεζαν

2012 4785 2198 4840 regem
2227 4766 2444 4822 admitti
2481 4763 2840 4834 postulantes.
2866 4759 2986 4826 Qttu
3015 4756 3328 4822 impetrato,
3357 4762 3481 4804 cum
3513 4746 3598 4799 in-

323 4851 515 4905 σιτίων
545 4854 858 4923 ὑπόπλεων,
891 4857 1012 4910 ἐκεῖ
1079 4857 1180 4930 τὴν
1229 4859 1537 4929 φθαρεῖσαν
1576 4875 1910 4931 προπεμποο

2010 4839 2188 4915 vicem
2221 4859 2491 4920 dicerent,
2532 4871 2628 4909 rex
2678 4851 2732 4906 in
2784 4850 3020 4906 alterum
3067 4857 3288 4902 causam
3323 4839 3598 4895 dicentem

328 4942 503 5012 μένην
537 4945 790 5016 ἐκόμισε*
819 4949 916 5003 καὶ
940 4925 1490 5018 ζῶσαν-εἰσαγαγὼν,
1537 4925 1910 5018 ἐγκατῳκοδό-

2013 4951 2296 5013 intentus,
2351 4948 2420 5001 ab
2486 4946 2662 5000 altero
2727 4941 3018 4996 ecciditnr.
3069 4934 3229 5006 327
3294 4929 3396 4985 Hie
3457 4925 3598 4980 Tar-

325 5049 495 5103 μησε,
522 5036 618 5089 καὶ
639 5037 783 5091 οὕτω
811 5037 913 5102 τὰς
942 5040 1044 5110 τὴν
1084 5039 1388 5110 παρθενίαν
1439 5039 1515 5110 μὴ
1591 5039 1915 5109 τηρησάσας

2013 5038 2189 5110 quinii
2241 5037 2346 5092 fuit
2393 5036 2613 5100 exitus,
2657 5048 2782 5086 cum
2840 5045 3016 5084 annos
3068 5042 3164 5080 vm
3222 5032 3279 5079 et
3354 5035 3457 5075 xxx
3514 5031 3601 5070 re-

323 5123 438 5176 τῶν
468 5125 684 5197 ἱερειῶν
717 5129 778 5194 ἐξ
805 5129 1020 5184 ἐκείνου
1051 5131 1422 5202 τιμωρεῖσθαι
1447 5131 1826 5201 κεκράτηκεν.
1849 5129 1915 5182 Ol
2014 5135 2256 5200 gnasset.

322 5217 384 5273 δὲ
403 5219 608 5286 ταύτας
640 5223 1013 5295 αἰσχύνοντες,
1047 5226 1130 5289 είς
1150 5225 1311 5290 ξύλον
1335 5227 1428 5279 τὸν
1461 5225 1666 5296 αύχένα
1722 5225 1943 5296 δίκρουν
1982 5224 2351 5294 ἐμϐάλλονται
2414 5223 2473 5274 ἐν
2495 5224 2563 5292 τῇ
2595 5220 2793 5292 ἀγορᾷ,
2830 5217 2924 5271 καὶ
2949 5213 3090 5286 μετὰ
3113 5211 3271 5265 τοῦτο
3297 5202 3494 5276 γυμνοὶ
3517 5202 3599 5255 ai-

323 5310 610 5384 κιζόμενοι
661 5317 1058 5390 άποψύχουσιν.
1098 5319 1389 5373 Ἐπέθεντο
1429 5319 1614 5389 μέντοι
1659 5319 1740 5388 τῷ
1819 5316 2113 5389 Ταρκυνίῳ
2169 5317 2221 5370 οἱ
2279 5315 2374 5369 τοῦ
2406 5314 2662 5384 Μαρκίου
2712 5313 2922 5375 παῖδες,
2971 5307 3097 5361 ἐπεὶ
3151 5303 3227 5377 μὴ
3277 5303 3376 5372 τῆς
3421 5297 3600 5370 ἀρχῆς

325 5406 518 5471 αὐτοῖς
547 5409 890 5482 παρεχώρει,
921 5411 1060 5466 ἀλλά
1088 5428 1212 5466 τινα
1250 5413 1508 5467 Τούλλιον
1535 5412 1802 5484 τεχθέντα
1853 5412 1903 5466 oi
1938 5412 1998 5479 ἐξ
2055 5408 2458 5483 αἰχμαλωτίδος
2500 5409 2710 5478 προῆγε
2735 5406 2952 5460 πάντων
2985 5419 2998 5434 ’
3022 5401 3050 5454 ὂ
3075 5401 3152 5466 δὲ,
3201 5396 3436 5468 μάλιστα
3473 5392 3600 5454 τοὺς

326 5502 666 5575 εὐπατρίδας
718 5507 931 5577 ἐλύπει,
990 5503 1068 5566 ὧν
1112 5529 1270 5576 τινας
1335 5511 1909 5582 προσεταιρισάμενοι,
1952 5509 2101 5578 αὐτῷ
2163 5506 2593 5568 ἐπεϐούλευσαν,
2651 5504 2764 5558 δύω
2837 5501 2991 5565 τινὰς
3062 5494 3369 5568 χωριτικῶς
3416 5494 3600 5550 ἐσταλ,

333 5593 535 5663 μένους
573 5594 788 5662 ἀξίναις
822 5597 920 5651 καὶ
968 5598 1260 5670 δρεπάνοις
1292 5600 1716 5670 ὁπλισαμένους,
1767 5597 1916 5668 αὐτῷ
1956 5596 2247 5652 ἐπιθέσθαι
2313 5596 2856 5668 παρασκευάσαντες.
2926 5592 2989 5644 Oi
3016 5591 3140 5645 ἐπεὶ
3166 5588 3240 5660 μὴ
3271 5584 3598 5658 ἀγοράζοντι

327 5685 409 5756 τῷ
426 5685 720 5760 Ταρκυνίῳ
738 5688 1015 5762 ἐνέτυχον,
1036 5691 1130 5745 ἐπὶ
1165 5691 1264 5756 τὰς
1289 5691 1462 5761 θύρας
1489 5691 1598 5743 τῶν
1627 5689 1917 5760 βασιλείων
1957 5683 2113 5762 ἧκον,
2171 5689 2426 5760 ἀλλήλοις
2467 5688 2630 5757 δῆθεν
2670 5684 3085 5753 διαμαχόμενοι,
3137 5680 3228 5734 καί
3277 5681 3326 5731 oi
3387 5681 3444 5740 ἐς
3473 5676 3600 5744 ὄψιν

331 5774 509 5834 ἐλθεῖν
533 5779 764 5846 ἐδέοντο,
834 5786 932 5837 καὶ
999 5786 1254 5856 τυχόντες
1319 5782 1545 5846 τούτους
1591 5785 1672 5846 εἰς
1723 5781 1912 5853 λόγους
1961 5781 2213 5854 ἀλλήλοις
2272 5776 2760 5851 ἀντικατέστησαν,
2820 5779 2913 5832 καὶ
2981 5774 3476 5844 δικαιολογουμένη)
3522 5772 3598 5840 τῷ
