4060 6416
473 395 579 462 567

464 600 766 668 τριάκοντα
795 601 892 654 κα)⁷
920 602 1064 655 ὀκτὼ
1095 605 1422 674 βασιλεύσας
1453 607 1739 672 ἐνιαυτούς
1767 609 1904 680 (83).

1796 407 2117 469 JOANNIS
2157 408 2476 470 ΖΟΝΑΒΕ

467 510 550 562 ἐν)
581 509 918 589 προσέχοντα
941 512 1031 565 τὸν
1071 512 1376 582 Ταρκύνιον
1447 514 1474 567 δ
1528 516 1718 588 ἔτερος
1785 521 2213 592 κατειργάσατο.

3638 414 3744 476 ξ-68

2298 522 2359 578 ’0
2433 524 2534 594 μὲν
2565 519 2657 577 οὖν
2698 523 3004 593 Ταρκύνιος
3058 521 3302 576 τοιοῦτον
3381 523 3508 595 ἔσχε
3565 525 3742 593 τέλος,

537 696 630 750 IX.
665 695 915 766 Regnum
970 707 1152 753 autem
1207 701 1582 757 Romanorum
1634 705 1852 760 Tullius
1879 721 2046 775 opera

2226 704 2302 759 θ’·
2369 705 2482 774 Τὴν
2531 703 2585 756 δὲ
2630 704 2729 772 τῆς
2791 702 3010 774 Ῥώμης
3071 703 3351 771 βασιλείαν
3406 705 3434 757 ὁ
3485 705 3746 770 Τούλλιος

464 789 818 860 Tanaquilis,
857 791 1148 862 Tarquinii
1195 796 1420 862 uxoris,
1459 808 1545 852 est
1591 798 1846 868 adeptus.
1890 797 2047 854 llunc

463 883 673 937 Oerisia
717 884 965 952 quaedam
989 926 1004 950 ,
1052 885 1228 940 Servii
1267 887 1431 942 Tullii
1466 888 1644 943 Latini
1679 891 1904 961 conjux.
1933 891 2050 945 bel-

465 975 521 1029 lo
551 985 730 1045 capta,
760 985 817 1030 et
853 975 1157 1047 Tarquinio
1191 980 1390 1034 tradita
1414 1023 1426 1046 ,
1465 982 1580 1035 sive
1629 983 1794 1036 domo
1831 992 2047 1036 uterum

465 1069 681 1131 ferens,
742 1069 859 1124 sive
919 1080 1046 1140 post
1107 1071 1485 1142 captivitatem
1554 1075 1836 1142 gravidam
1908 1074 2049 1128 facta

468 1160 488 1230 (
520 1171 820 1231 utrumque
849 1163 996 1216 enim
1035 1163 1216 1219 fertur
1244 1171 1260 1234 )
1289 1167 1521 1236 peperit.
1566 1167 1626 1220 Ei
1661 1182 1834 1236 puero
1878 1167 2051 1221 inter-

465 1252 562 1307 diu
605 1253 661 1308 in
707 1254 844 1309 sella
879 1254 1178 1311 dormienti
1224 1273 1474 1327 magnam
1504 1275 1532 1311 e
1563 1259 1742 1328 capite
1770 1259 2048 1313 ﬂammam

463 1345 757 1401 emicuisse
798 1347 1020 1403 tradunt
1049 1367 1061 1402 :
1096 1364 1203 1418 qua
1237 1348 1352 1404 visa
1389 1363 1419 1402 a
1454 1349 1788 1418 Tarquinio,
1821 1349 2052 1420 diligen-

464 1447 549 1492 ter
580 1438 652 1493 sit
679 1439 978 1505 educatus,
1004 1452 1059 1495 et
1089 1458 1187 1512 per
1218 1451 1433 1497 aetatem
1480 1443 1530 1496 in
1567 1443 1830 1512 patricios
1859 1452 1916 1498 et
1948 1442 2050 1497 Se-

462 1542 653 1586 natum
710 1533 907 1588 lectos.
980 1533 1266 1604 Tarquinii
1322 1536 1747 1604 percussoribus
1801 1552 2052 1606 compre-

463 1623 677 1691 hensis,
716 1641 854 1680 uxor
885 1627 1008 1693 ejus
1069 1636 1124 1682 et
1156 1627 1417 1690 Servius,
1455 1629 1755 1698 compertis
1788 1630 2004 1685 insidiis
2036 1669 2052 1692 .

461 1727 698 1772 mortem
743 1718 888 1789 regis
915 1719 1194 1790 principio
1230 1721 1414 1776 celant
1447 1740 1459 1774 :
1497 1722 1891 1792 sublatumque
1927 1731 2051 1775 tan‘

461 1825 628 1880 quam
664 1811 847 1868 adhuc.
879 1813 1156 1867 viventem
1179 1853 1193 1875 ,
1229 1829 1288 1868 se
1320 1830 1513 1868 curare
1545 1813 1850 1868 simulant:
1885 1823 1941 1867 et
1970 1813 2054 1866 in-

464 1903 626 1958 terim
691 1905 1094 1974 paciscuntur,
1148 1914 1208 1959 ut
1255 1905 1474 1960 Tullius
1521 1922 1691 1973 regno
1739 1906 1905 1966 ﬁliis,
1957 1905 2052 1960 ubi

465 1993 838 2059 adoleverint,
867 1994 1048 2049 cedat.
1088 1994 1225 2050 Cum
1251 2004 1434 2050 autem
1468 1997 1679 2050 clamor
1703 1995 2055 2064 impetusque

465 2087 839 2142 multitudinis
869 2089 962 2141 vix
1002 2089 1264 2143 sustineri
1298 2097 1523 2158 posset,
1555 2087 1828 2158 Tanaquil
1859 2103 1925 2142 ex
1961 2103 2054 2142 su-

466 2179 688 2248 periore
733 2187 890 2248 parte
937 2173 1173 2244 aedium,
1225 2180 1489 2251 Populum
1537 2181 1672 2234 bono
1721 2181 1900 2234 animo
1940 2195 2054 2234 esse

468 2274 649 2339 iubet.
683 2276 935 2328 maritum
970 2275 1108 2326 enim
1137 2290 1294 2326 suum
1327 2274 1521 2334 vivere,
1548 2272 1850 2343 propediem
1879 2274 2053 2343 ipsum

467 2382 555 2420 eos
589 2367 814 2419 visuros.
846 2366 908 2420 Ut
938 2377 1115 2419 autem
1144 2383 1236 2436 per
1256 2367 1422 2419 otium
1458 2367 1639 2420 curari
1671 2367 1857 2436 possit,
1886 2380 2054 2434 neque

470 2468 648 2514 tamen
682 2477 860 2513 rerum
883 2461 1296 2520 administratio.
1319 2477 1378 2514 eo
1410 2469 1721 2530 wgrotante,
1761 2459 2041 2530 langueat,

467 2555 684 2606 interim
739 2551 911 2607 Tullio
965 2555 1146 2607 martia
1206 2555 1340 2624 regTs
1391 2553 1691 2607 mandasse.
1742 2550 1874 2618 Quae
1925 2566 2052 2606 cum

467 2645 722 2710 dixisset,
747 2646 989 2700 Tullium
1013 2645 1085 2699 ob
1108 2646 1334 2700 virtutis
1359 2645 1681 2714 opinionem
1710 2645 1855 2698 baud
1892 2642 2054 2698 inviti

467 2734 836 2789 admiserunt.
876 2735 924 2790 Is
955 2747 1210 2804 suscepta
1258 2735 1578 2806 reipublicae
1622 2737 2052 2806 procuratione,

466 2824 731 2895 pleraque
750 2841 808 2881 se
823 2817 1189 2896 deTarquini'i
1214 2826 1395 2881 facere
1420 2827 1694 2882 sententia
1717 2825 2011 2880 simulabat
2037 2844 2049 2880 :

471 2930 711 2984 cumque
741 2917 844 2970 sibi
876 2917 1140 2987 populum
1177 2917 1231 2970 in
1265 2916 1524 2972 omnibus
1557 2918 1706 2973 dicto
1734 2917 2053 2972 audientem

467 3021 590 3060 esse
623 3018 902 3069 cerneret,
941 3025 1301 3078 percussores
1347 3009 1672 3078 Tarquinii,
1714 3025 1877 3078 quem
1915 3009 2056 3062 forte

468 3097 654 3152 adhuc
681 3099 864 3154 vivere
891 3099 1049 3164 dixit,
1081 3111 1306 3170 propter
1335 3100 1566 3156 insidias
1597 3100 1766 3154 iactas
1791 3100 1859 3154 ad
1887 3099 2056 3154 Sena-

468 3200 586 3245 tum
633 3192 930 3254 adductos,
985 3203 1042 3247 et
1075 3195 1274 3265 capitis
1321 3195 1609 3248 damnatos
1661 3193 1884 3249 occidit.
1917 3192 2054 3248 Cum

467 3297 603 3336 vero
639 3283 824 3337 Marcii
864 3284 959 3337 ﬁlii
987 3294 1133 3338 metu
1157 3285 1225 3339 ad
1259 3285 1490 3341 Volscos
1512 3284 1910 3356 confugissent,
1939 3293 2054 3338 tum

2152 798 2452 864 διεδέξατο,
2492 797 2757 867 συνεργίᾳ
2811 796 2912 865 τῆς
2943 796 3039 848 τοῦ
3089 797 3402 867 Ταρκυνίου
3455 800 3740 864 γυναικὸς,

2155 889 2576 951 Τανακυίλιδος.
2619 889 2824 941 Τοῦτον
2853 889 2909 941 δέ
2948 890 3084 959 γυνή
3131 906 3216 952 τις
3257 888 3510 959 Ὀκρισία
3541 891 3740 946 καλου-

2157 984 2315 1053 μένη,
2347 983 2602 1053 Σερουΐου
2631 981 2886 1034 Τουλλίου
2946 980 3060 1052 (84)
3085 982 3282 1052 ἀνδρὸς
3321 985 3551 1037 Λατῖνου
3579 987 3745 1053 εὐνή-

2154 1093 2309 1145 τειρα
2340 1079 2398 1129 ἐν
2440 1074 2518 1145 τῷ
2547 1074 2771 1144 πολέμῳ
2806 1073 3031 1137 ἁλοῦσα,
3079 1075 3173 1127 καὶ
3219 1083 3296 1143 τῷ
3326 1075 3622 1144 Ταρκυνίῳ
3653 1077 3744 1140 ἐξ-

2155 1166 2459 1237 αιρεθεῖσα,
2509 1167 2772 1232 τέτοκεν,
2839 1166 2870 1232 ἦ
2927 1166 3194 1236 ἐγκύμων
3235 1165 3455 1219 οἴκοθεν
3499 1165 3656 1230 οὖσα,
3709 1168 3743 1238 ἦ

2157 1259 2498 1314 συλλαϐοῦσα
2555 1259 2697 1328 μετά
2754 1258 2853 1328 τὴν
2907 1257 3152 1311 ὃίλωσιν⁸
3195 1257 3416 1326 λέγεται
3479 1258 3589 1328 γὰρ
3649 1260 3745 1311 καὶ

2156 1351 2472 1422 ἀμφότερα.
2517 1344 2690 1412 Οὗτος
2727 1353 2782 1412 ἐς
2832 1351 3026 1413 παῖδας
3061 1351 3163 1422 ἤδη
3199 1351 3372 1403 τελῶν
3403 1353 3498 1404 ἐπὶ
3551 1351 3744 1420 δίφρου

2161 1443 2282 1513 μεθ’
2332 1444 2548 1512 ἡμέραν
2584 1443 2906 1509 κατέδαρθε.
2950 1443 3045 1494 κα).
3092 1441 3204 1512 πῦρ
3253 1441 3365 1494 ἀπὸ
3419 1441 3520 1509 τῆς
3577 1441 3746 1494 αὐτοῦ

2159 1536 2404 1607 κεφαλῆς
2459 1536 2596 1588 πολὺ
2657 1536 2836 1588 ἐδόκει
2892 1534 3236 1598 ἐξάλλεσθαι.
3293 1534 3474 1604 Ὅπερ
3535 1533 3657 1586 ἰδὼν
3718 1535 3747 1588 ὁ

2157 1627 2484 1700 Ταρκύνιος,
2533 1627 2620 1681 διὰ
2666 1629 2902 1697 σπουδῆς
2960 1623 3063 1698 ἦγε
3119 1627 3212 1679 τὸν
3276 1627 3462 1691 παῖδα,
3515 1627 3609 1680 καὶ
3667 1627 3749 1689 εἰς

2158 1720 2376 1789 ἠλικίαν
2411 1720 2714 1788 ἀφιγμένον
2749 1722 2863 1777 τοῖς
2924 1719 3282 1790 εὐπατρίδαις
3322 1720 3416 1774 καὶ
3455 1721 3522 1789 τῇ
3554 1737 3750 1789 γερου-

2159 1813 2252 1884 σίᾳ
2276 1812 2561 1878 συνέταξε.
2595 1812 3020 1880 Συλληφθέντων
3044 1811 3137 1865 οὖν
3175 1813 3284 1864 τῶν
3313 1813 3407 1864 τοῦ
3439 1811 3748 1881 Ταρκυνίου

2159 1905 2386 1972 φονέων,
2420 1904 2669 1974 μαθοῦσα
2701 1907 2732 1973 ἡ
2765 1905 2975 1957 ἐκείνου
3004 1905 3142 1974 γυνὴ
3181 1905 3274 1957 καὶ
3301 1905 3330 1956 ὁ
3365 1904 3624 1965 Τούλλιος
3649 1903 3749 1974 τὴν

2160 1998 2520 2065 παρασκευὴν
2567 1996 2665 2065 τῆς
2720 1996 3012 2065 ἐπιϐουλῆς
3051 2036 3065 2059 ,
3127 1997 3188 2048 οὐ
3244 1997 3480 2067 φανερὸν
3551 1998 3751 2050 αὐτίκα

2157 2088 2250 2141 τὸν
2280 2088 2376 2142 τοῦ
2409 2089 2720 2159 Ταρκυνίου
2749 2091 2983 2142 θάνατον
3029 2089 3236 2152 ἔθεντο,
3272 2089 3390 2141 ἀλλ’
3433 2089 3750 2158 ἀνελόμενοι

2155 2181 2319 2234 αὐτὸν
2341 2180 2418 2244 ὡς
2441 2180 2520 2234 ἐτι
2542 2181 2852 2251 ἐμπνέοντα
2874 2181 3211 2252 ἐθεράπευον
3235 2181 3422 2250 δῆθεν,
3449 2182 3551 2233 κάν
3573 2181 3751 2250 τούτῳ

2157 2272 2373 2335 πίστεις
2421 2273 2675 2342 ἀλλήλοις
2727 2273 2940 2336 ἔδοσαν,
2997 2272 3140 2326 ὥστε
3197 2273 3290 2325 τὸν
3355 2273 3613 2326 Τούλλιον
3653 2273 3751 2334 τὴν

2156 2363 2330 2434 ἀρχὴν
2361 2364 2645 2434 είληφότα,
2680 2366 2789 2427 τοῖς
2835 2366 3024 2417 παισὶν
3052 2365 3220 2434 αὐτῆ;
3267 2365 3626 2434 ἀνδρωθεῖσιν
3661 2366 3755 2417 ἐκ·

2158 2458 2355 2525 στῆναι
2385 2458 2609 2527 ταύτης.
2642 2459 2797 2510 Ἐπεὶ
2827 2457 2885 2511 δέ
2915 2457 2976 2510 τὸ
3020 2457 3226 2526 πλῆθος
3271 2456 3600 2528 συνδραμὼν
3631 2457 3753 2510 ἐθοο

2159 2549 2338 2621 ρύϐει,
2388 2550 2724 2621 προκύψασα
2751 2553 2816 2605 ἐκ
2849 2551 2960 2605 τῶν
2990 2549 3257 2621 ὑπερῴων
3297 2552 3329 2621 ἡ
3385 2548 3746 2612 Τανακυίλις.

2157 2643 2253 2709 Μὴ
2293 2643 2599 2711 φοϐεῖσθε,
2637 2643 2766 2712 ἔφη,
2809 2646 2841 2697 ό
2883 2643 2996 2712 γὰρ
3039 2642 3195 2710 ἀνήρ
3226 2659 3348 2711 μου
3391 2642 3490 2695 eral
3529 2641 3616 2708 ζῇ,
3653 2641 3755 2694 και

2157 2736 2301 2806 ὑμῖν
2337 2737 2463 2806 μετ’
2517 2738 2728 2806 ὀλίγον
2782 2738 3133 2806 ὀφθήσεται.
3185 2737 3318 2790 ἰνα
3367 2735 3435 2788 δὲ
3474 2738 3659 2800 αὑτός
3688 2752 3753 2789 τε

2157 2829 2482 2896 σχολάζων
2516 2828 2810 2898 ὐτιασθῇ,
2847 2831 2946 2882 καὶ
2993 2828 3079 2897 μή
3123 2846 3178 2882 τι
3230 2828 3356 2894 τοῖς
3403 2831 3753 2896 πρότμησιν

2157 2919 2226 2973 ἐκ
2258 2919 2369 2986 τῆς
2396 2920 2584 2974 αὐτοῦ
2615 2920 2936 2985 ἀσθενείας
2983 2919 3082 2988 εἴη
3123 2920 3433 2988 ἐμπόδιον,
3480 2922 3757 2985 Τουλλίῳ

2159 3013 2312 3068 κατά
2360 3032 2424 3083 γε
2473 3016 2539 3068 τὸ
2587 3019 2784 3084 παρὸν
2846 3015 2964 3082 τὴν
3019 3014 3141 3069 τῶν
3182 3015 3404 3068 κοινῶν
3449 3013 3758 3080 ἐπιτρέπει

2158 3105 2484 3173 διοίκησιν.
2523 3101 2694 3159 Εἶπεν
2723 3107 2910 3177 ἐκείνη
2937 3106 3131 3160 ταῦτα.
3165 3107 3227 3159 Οἱ
3260 3106 3318 3159 δέ
3355 3105 3448 3158 τὸν
3497 3105 3759 3158 Τούλλιον

2157 3197 2262 3250 οὐκ
2311 3197 2586 3260 ἀκουσίως
2635 3198 2908 3261 ἐδέξαντο,
2966 3196 3172 3264 ἀγαθὸς
3215 3197 3324 3266 γὰρ
3363 3196 3503 3262 ἀνὴρ
3553 3195 3756 3248 ἐδόκει.

2158 3289 2555 3360 Ἐγχειρισθεὶς
2605 3286 2697 3343 οὖν
2719 3292 2926 3352 ἐκεῖνος
2944 3289 3043 3360 τὴν
3061 3289 3170 3342 τῶν
3194 3289 3391 3341 κοινῶν
3414 3289 3756 3356 οἰκονομίαν,

469 3374 1016 3462 όεηιυιηητονίιυίηίί
1071 3389 1304 3432 mortem
1337 3379 1520 3448 palam
1558 3379 1723 3445 fecit,
1758 3389 2057 3449 aperteque

2165 3385 2235 3437 τὰ
2263 3383 2432 3436 πλείω
2463 3384 2586 3436 κατ’
2618 3381 2840 3444 ἐντολὰς
2872 3380 3035 3450 δῆθεν
3075 3378 3266 3450 διῴκει
3293 3379 3388 3432 τοῦ
3420 3380 3756 3450 Ταρκυνίου.

469 3482 703 3536 regnum
737 3470 952 3523 tenuit:
983 3485 1046 3524 ac
1070 3471 1310 3541 primum
1337 3487 1449 3542 pra:
1483 3487 1544 3527 se
1577 3473 1722 3536 tulit,
1761 3489 1818 3528 se
1853 3477 2060 3528 tutorio

469 3563 697 3616 nomine
735 3562 970 3616 ﬁliorum
1025 3563 1347 3634 Tarquinii,
1417 3564 1786 3635 principatum
1819 3564 2060 3619 admini-

472 3655 1038 3712 straturum.Deind'e
1081 3657 1152 3712 ad
1187 3657 1367 3726 plebis
1411 3657 1627 3712 animos
1676 3658 2062 3715 conciliandos

473 3763 810 3813 conversus,
856 3751 1004 3819 quod
1040 3766 1107 3805 ea
1138 3750 1356 3806 facilius
1403 3766 1568 3820 quam
1617 3760 1806 3820 patres
1836 3767 2063 3806 cessura

475 3849 644 3902 esset,
664 3842 953 3911 pecuniam
973 3842 1280 3907 distribuit,
1302 3858 1462 3913 agros
1486 3842 1720 3912 singulis
1741 3842 2060 3913 assignavit,

475 3939 532 3984 et
580 3946 771 3987 servos
811 3933 1286 3988 manumittendos
1329 3942 1385 3987 et
1424 3932 1478 3986 in
1509 3932 1688 3987 tribus
1738 3931 2063 3987 referendos

475 4024 713 4078 curavit.
736 4024 870 4091 Qua:
896 4039 1021 4078 eum
1048 4033 1302 4094 potentes
1324 4040 1470 4095 κει-ε
1497 4024 1727 4090 ferrent,
1753 4023 2065 4088 constituit,

474 4127 540 4171 ut
574 4117 759 4171 liberti
793 4122 1041 4187 patronis
1067 4118 1319 4190 quaedam
1347 4117 1525 4172 oiiicia
1560 4118 1800 4172 vicissim
1835 4127 2066 4188 praesta-

476 4221 620 4267 rent.
654 4213 904 4270 Patrieiis
931 4223 1114 4269 autem
1151 4213 1202 4268 ei
1244 4211 1736 4276 succensentibus,
1777 4221 1835 4266 et
1867 4219 2066 4280 praeter

479 4305 586 4358 alia
623 4304 757 4358 illud
789 4320 1014 4375 quoque
1047 4305 1394 4371 dicentibus,
1430 4319 1555 4357 eum
1584 4303 1804 4357 nemine
1837 4309 2066 4356 auctore

477 4398 645 4466 potiri
694 4414 920 4453 rerum:
978 4415 1076 4468 pro
1127 4399 1396 4453 concione
1440 4397 1608 4468 328
1644 4396 1813 4450 multa
1862 4395 2067 4464 populo

478 4496 636 4553 grato
668 4487 888 4542 locutus
932 4489 1154 4553 eﬂeeit,
1206 4502 1269 4543 ut
1303 4489 1491 4542 statim
1535 4489 1812 4556 integrum
1845 4486 1950 4540 sibi
1983 4501 2069 4540 re—

479 4595 645 4649 gnum
671 4581 738 4634 ab
765 4595 833 4634 eo
856 4581 1272 4636 decerneretur.
1299 4581 1405 4636 Pro
1430 4595 1541 4650 quo
1563 4578 1865 4649 utgratiam
1892 4577 2068 4632 refer-

481 4677 604 4732 ret,
642 4684 766 4724 cum
799 4671 904 4725 alia
935 4671 1083 4741 plebi
1119 4671 1368 4732 donavit,
1399 4679 1514 4724 tum
1549 4669 1845 4724 nonnullos
1873 4684 2066 4723 eorum

2175 3475 2264 3539 Ὠς
2304 3474 2347 3527 δ’
2396 3475 2456 3527 ἐν
2503 3475 2672 3526 πᾶσιν
2721 3473 2867 3543 ἐώρα
2918 3472 3357 3542 πειθαρχοῦντας
3405 3470 3577 3539 αὐτῷ.
3624 3472 3760 3534 τοὺς

2163 3567 2490 3637 αὐτόχειρας
2523 3565 2618 3618 τοῦ
2646 3565 2952 3636 Ταρκυνίου
2983 3564 3120 3635 πρὸς
3145 3564 3245 3632 τὴν
3281 3563 3574 3634 γερουσίαν
3612 3580 3762 3633 παρ-

2165 3661 2366 3728 ήγαγε,
2415 3657 2505 3712 διὰ
2530 3657 2628 3728 τὴν
2662 3657 2954 3727 ἐπιϐουλὴν
2978 3657 3147 3726 τάχα·
3175 3656 3257 3708 ἐτι
3279 3657 3388 3728 γὰρ
3417 3655 3515 3726 ζῇν
3549 3657 3760 3708 ἐκεῖνον

2166 3753 2576 3821 προσεποιεῖτο,
2627 3750 2724 3803 κα)⁸
2760 3750 2812 3802 oi
2861 3751 2963 3819 μὲν
3005 3748 3520 3818 καταψηφισθέντες
3551 3747 3766 3800 ἀπέθα-

2166 3859 2277 3897 νον.
2319 3845 2381 3896 Oi
2411 3843 2468 3895 δέ
2500 3841 2594 3894 τοῦ
2633 3841 2886 3913 Μαρκίου
2919 3840 3031 3894 υἱοὶ
3064 3841 3417 3912 φοϐηθέντες,
3452 3841 3532 3902 εἰς
3562 3839 3766 3893 Οὐολὸ-

2168 3951 2334 3996 σκους
2356 3935 2472 4005 (85)
2512 3933 2841 4002 κατέφυγον,
2869 3933 3122 3996 κάκεῖνος
3150 3932 3272 3985 τότε
3301 3931 3396 3985 τόν
3429 3949 3487 3984 τε
3520 3931 3764 3984 θάνατον

2167 4025 2263 4079 τοῦ
2290 4025 2598 4095 Ταρκυνίου
2629 4025 2880 4092 ἐξέφηνε,
2927 4024 3021 4078 καὶ
3065 4024 3315 4096 φανερῶς
3344 4023 3446 4093 τῆς
3475 4022 3764 4092 βασιλείας

2170 4113 2474 4184 ἐπείληπτο
2506 4131 2520 4144 ·
2569 4114 2665 4167 καὶ
2713 4115 2936 4184 πρῶτον
2993 4113 3093 4182 μὲν
3129 4115 3256 4176 τοὺς
3307 4113 3402 4165 τοῦ
3445 4110 3761 4181 Ταρκυνίου

2169 4207 2370 4268 παῖδας
2403 4205 2802 4276 προύϐάλλετο,
2831 4206 2908 4265 ὼς
2956 4205 3120 4269 αὐτὸς
3163 4205 3264 4276 τὴν
3301 4203 3602 4274 ἡγεμονίαν
3635 4204 3765 4256 ἐπι-

2168 4296 2452 4367 τροπεύων
2471 4313 2485 4326 ο
2510 4291 2630 4348 εἶτα
2651 4296 2787 4366 πρὸς
2825 4294 3129 4364 θεραπείαν
3153 4293 3246 4346 τοῦ
3268 4293 3332 4361 δή
3343 4310 3446 4362 μου
3464 4292 3763 4363 ἐτράπετο,

2169 4391 2244 4450 ὡς
2269 4389 2444 4458 ῥᾷστα
2480 4386 2682 4456 μᾶλλον
2710 4387 2806 4439 τὸν
2834 4387 3023 4456 ὅμιλον
3049 4386 3082 4456 ἤ
3114 4387 3241 4448 τοὺς
3270 4385 3605 4454 εὐπατρίδας
3626 4383 3768 4436 ὑπο-

2172 4479 2560 4548 ποιησόμενος,
2599 4478 2862 4548 χρήματά
2893 4496 2953 4531 τε
3012 4479 3199 4542 αὐτοῖς
3250 4477 3447 4537 ἐδίδου,
3507 4478 3604 4528 καὶ
3653 4474 3768 4542 γῆν

2171 4569 2387 4640 ἑκάστῳ
2429 4569 2781 4640 προσένειμε,
2807 4571 2902 4623 καὶ
2932 4570 3059 4632 τοὺς
3096 4569 3313 4631 δούλους
3345 4566 3768 4636 ἐλευθεροῦσθαι

2172 4661 2268 4713 καὶ
2323 4660 2719 4729 φυλετεύεσθαι
2779 4661 2892 4732 (86)
2940 4660 3378 4731 παρεσκεύασεν.
3415 4659 3768 4729 Ἀχθομένων

483 4761 541 4813 in
576 4769 830 4814 senatum
858 4761 1024 4831 legit:
1053 4761 1148 4830 qui
1180 4775 1308 4814 cum
1337 4761 1467 4814 olim
1495 4760 1750 4830 plurimis
1777 4759 1945 4814 rebus
1971 4759 2057 4814 de-

2174 4751 2219 4804 δ’
2252 4751 2345 4804 ἐπὶ
2370 4752 2586 4816 τούτοις
2613 4753 2723 4806 τῶν
2757 4753 3020 4818 δυνατῶν,
3050 4751 3209 4816 ἕταξέ
3241 4767 3358 4803 τινα
3388 4751 3513 4810 τοὺς
3545 4747 3770 4800 ἐλευθε-
3842 4742 3844 4744 ’

483 4853 688 4908 teriore
737 4853 1050 4908 conditione
1101 4862 1324 4918 essent,
1391 4867 1556 4922 quam
1601 4851 1858 4921 patricii,
1935 4866 2066 4921 pro-

482 4961 674 5017 gressu
717 4947 982 5015 temporis
1001 4946 1030 5017 Δ(
1054 4946 1372 5014 interregno
1402 4955 1460 5000 et
1490 4944 1816 5000 sacerdotiis
1838 4945 2071 5014 quibus-

483 5039 610 5093 (lam
646 5038 930 5108 exceptis)
958 5055 1057 5108 par
1080 5054 1206 5093 cum
1235 5037 1448 5115 illisjus
1469 5036 1854 5101 obtinuerunt,
1883 5050 2066 5105 neque

482 5139 684 5199 praeter
713 5133 928 5186 calceos
950 5130 1254 5201 quidquam
1295 5129 1364 5183 ab
1404 5127 1513 5182 illis
1538 5127 1820 5182 diversum
1852 5126 2068 5179 habue-

482 5232 636 5278 runt.
672 5221 806 5276 Nam
849 5219 1066 5289 patricii
1113 5219 1327 5274 calceos
1368 5217 1612 5272 urbanos
1656 5223 1980 5286 gestarum,
2014 5223 2071 5268 et

482 5313 849 5382 corrigiarum
875 5311 1209 5380 implevione
1233 5318 1290 5364 et
1319 5308 1494 5363 forma
1523 5309 1724 5363 litterae
1745 5308 2070 5372 adornatos,

2173 4843 2448 4914 ρωθέντας
2470 4847 2584 4907 τοῖς
2610 4843 3016 4913 ἐλευθερῶσασι
3041 4844 3181 4911 σφᾶς
3208 4840 3636 4906 ἀνθυπουργεῖν.
3675 4837 3770 4899 Ὠς

2167 4935 2226 4988 δέ
2254 4935 2510 5005 χαλεπῶς
2545 4930 2694 5005 εἶχον
2720 4937 2768 4988 οἱ
2795 4935 3124 5004 εὐπατρίδαι
3150 4932 3323 5002 αὐτῷ,
3355 4931 3450 4984 καὶ
3484 4929 3771 4996 διεθρόουν

2170 5031 2308 5085 ἄλλα
2340 5047 2418 5091 τε,
2445 5030 2542 5084 καὶ
2577 5031 2659 5082 ὅτι
2691 5029 2919 5098 μηδενὸς
2954 5027 3137 5084 αὐτὸν,
3167 5023 3421 5093 ἑλομένου
3465 5024 3564 5090 τὴν
3589 5023 3770 5090 ἀρχὴν

2169 5123 2307 5192 ἔχει,
2334 5121 2661 5190 συναγαγὼν
2695 5120 2787 5174 τὸν
2815 5119 2990 5189 δῆμον
3018 5117 3404 5187 ἐδημηγόρησε
3426 5131 3437 5143 '
3468 5112 3564 5166 καὶ
3595 5111 3770 5164 πολλὰ

2179 5216 2445 5284 ἐπαγωγὰ
2468 5213 2773 5283 διαλεχθεὶς
2806 5211 2980 5280 αὐτῷ,
3009 5209 3154 5262 οὕτω
3179 5207 3412 5272 διέθετο,
3446 5206 3521 5268 ὡς
3563 5205 3769 5258 αὐτίκα.

2181 5309 2364 5360 πᾶσαν
2404 5305 2555 5377 αὐτῷ
2588 5305 2686 5376 τὴν
2737 5303 3018 5375 βασιλείαν
3072 5298 3538 5371 ἐπιψηφίσασθαι.
3604 5296 3660 5349 ’0
3707 5295 3770 5347 δέ

1684 5446 1884 5507 Variae
1915 5445 2223 5508 lectiones
2262 5451 2322 5506 et
2353 5449 2545 5507 notae.

557 5600 671 5676 (85)
716 5593 1816 5676 ‘Ertavro_ziq._Addunt_Reg.etgolbhz
1855 5594 1930 5676 ρύ
1969 5595 2069 5662 μὲν

485 5662 587 5739 τῆς
633 5662 913 5738 βασιλείας
941 5669 993 5720 ὀί
1031 5662 1125 5739 τοῦ
1178 5662 1701 5739 Μαρκίου⁷παῖδες
1744 5662 2064 5734 ἐδράξαντο,

487 5736 604 5793 ἀλλ’
628 5736 656 5792 δ
677 5738 937 5798 Τούλλιος
970 5738 1182 5806 ταύτην
1219 5736 1344 5806 ἔσχε
1367 5740 1432 5806 τῇ
1475 5736 1760 5807 συνεργίᾳ,
1792 5745 1900 5789 etc.

557 5809 670 5870 (84)
716 5808 1036 5870 Ἐπουριου
1090 5810 1406 5862 Tarax/av.
1461 5806 1553 5860 Sic
1589 5821 1718 5861 mss.
1749 5803 2065 5870 Legendum

557 5811 670 5870 (84)
716 5811 1036 5875 Ἐπουριου
1090 5811 1406 5862 Τουλλιόυ.
1461 5811 1553 5860 Sic
1589 5821 1718 5861 mss.
1750 5811 1858 5876 Leg

485 5878 628 5934 forte
651 5879 944 5947 Σπουρίον,
979 5881 1062 5931 vel
1091 5878 1276 5947 potius
1317 5877 1568 5948 Σερϐίου.

2249 5593 2360 5661 (85)
2399 5591 2810 5654 Οὑολόσκους.
2842 5587 3158 5661 (Σοιίιβοιῢ.
3187 5585 3546 5661 Οὐελέσκους.

2251 5655 2362 5732 (86)
2433 5662 2933 5732 φυλετεύεσθαιη
2969 5657 3061 5713 Sic
3108 5667 3306 5732 praeter
3348 5655 3762 5732 _Vicnnensem,

2177 5726 2411 5859 ξὶοὲἱζρι
2447 5731 2797 5788 Colberteus.
2851 5729 3008 5785 Alius
3060 5726 3436 5798 φυλάττεσθαι
3468 5736 3764 5796 perperam

2197 5821 2244 5858 ia
2292 5821 2342 5859 ιιι
2379 5845 2390 5858 .
