4060 6404
412 342 516 408 571

1717 361 1965 428 JOANN
1975 369 1993 428 l
2006 369 2046 428 S
2080 369 2401 432 ΖΟΝΑΗᾸΞ

3571 385 3684 450 572

407 436 614 519 affecit.
646 461 908 531 Quicum
944 470 1162 542 trepido
1187 473 1386 530 nuntio
1433 475 1706 535 excitatus
1744 485 1979 540 sermoni

2091 506 2218 552 τους
2245 490 2543 562 πηποίητο,
2579 493 2676 548 καὶ
2709 491 2839 559 τοὺς
2894 493 3204 566 Ῥωμαίους
3253 497 3391 570 πρὸς
3417 499 3480 554 τὸ
3507 501 3682 575 δημο-

407 554 810 613 intervenisset
833 599 849 624 ,
878 567 1048 631 atque
1081 563 1292 635 aliquid
1344 566 1616 633 dixisset,
1657 569 1979 642 Tarquinius

2099 554 2364 650 κρατικδν
2405 554 2568 654 ἐνῆγε
2598 586 2696 639 καὶ
2743 554 2833 639 τδν
2857 554 3201 660 ἐλεύόερον.’
3229 554 3444 646 Ἔτι-δέ
3479 554 3683 664 μάλλον

404 659 593 701 senem
635 648 880 704 medium
921 652 1139 724 arripit,
1187 657 1505 731 elatumque
1533 678 1563 718 e
1591 665 1778 731 curia,
1813 666 1869 721 in
1905 669 1993 724 in-

405 737 668 793 feriorem
697 751 910 810 partem
943 760 1042 815 per
1062 749 1267 818 gradus
1286 750 1496 822 dejicit.
1529 754 1629 810 lile
1653 757 1720 811 ad
1754 757 1991 828 Tarqui-

404 828 485 883 nii
513 831 802 888 audaciam
825 876 839 900 ,
876 851 1056 908 eoque
1083 843 1256 912 magis
1287 845 1436 914 quod
1466 847 1536 902 ab
1597 850 1862 906 omnibus
1895 851 1990 906 de-

404 924 638 980 stitutus
674 936 842 993 esset,
875 939 1268 989 consternatus
1290 975 1306 1000 ,
1357 936 1497 993 nihil
1539 940 1778 1010 amplius
1804 957 1985 1012 neque

403 1013 582 1080 dixit,
618 1032 797 1088 neque
825 1019 980 1078 fecit.
1013 1023 1348 1096 Tarquinius
1375 1044 1508 1084 vero
1535 1033 1718 1086 statim
1753 1049 1982 1105 regnum

402 1121 433 1159 a
458 1109 711 1177 patribus
733 1113 970 1184 accepit,
989 1126 1047 1172 et
1070 1133 1170 1186 per
1190 1121 1458 1188 quosdam
1493 1123 1733 1180 Tullium
1754 1125 1982 1183 domum

401 1213 463 1253 se
509 1201 870 1272 recipientem
911 1211 1155 1265 sustulit.
1197 1212 1268 1266 At
1313 1213 1434 1284 ejus
1474 1214 1583 1270 filia
1631 1217 1890 1272 maritum
1925 1219 1980 1275 in

401 1293 557 1347 curia
588 1293 908 1353 deosculata
927 1340 942 1364 ,
968 1316 1151 1370 regem
1177 1305 1470 1361 salutavit:
1497 1315 1663 1378 atque
1690 1311 1745 1364 in
1778 1311 1982 1382 regiam

399 1381 594 1437 abiens
613 1423 627 1447 ,
657 1400 757 1454 per
789 1390 964 1456 patris
989 1406 1191 1462 corpus
1215 1407 1542 1466 carpentum
1575 1399 1754 1469 egisse
1781 1381 1978 1458 fertur.

402 1472 495 1528 Sic
523 1475 737 1533 Tullius
769 1483 1171 1552 rempublicam
1206 1489 1648 1560 administravit,
1691 1493 1771 1550 sic
1813 1495 1982 1551 vitam

2097 675 2191 728 ἐπὶ
2222 676 2435 741 τούτοις
2460 679 2730 750 ἧσχαλλον
2762 682 2814 734 οἱ
2840 681 3161 752 Ταρκύνιοι.
3191 683 3332 737 Ἀλλ’
3363 687 3392 739 ό
3421 686 3523 755 μὲν
3548 687 3654 742 νεώ

2093 784 2274 838 τερος,
2302 770 2413 824 κᾶν
2436 771 2812 842 ἐχαλέπαινεν.
2849 773 3037 844 ἔφερε,
3107 775 3187 846 τῷ
3235 777 3294 830 δὲ
3335 779 3515 848 χρόνῳ
3542 796 3681 848 προ-

2093 857 2280 928 ήκοντι
2303 861 2493 915 οὐκέτι
2521 863 2618 915 τοῦ
2662 863 2922 918 Τουλλίου
2949 866 3128 920 ἐδόκει
3174 867 3490 938 ἀνέχεσθαι.
3520 871 3680 923 Ἐπεὶ

2091 948 2148 1002 δέ
2185 949 2262 1020 μὴ
2296 952 2730 1010 συνευδοκοῦσαν
2764 955 2989 1028 εὕρισκε
3038 957 3139 1029 τὴν
3175 962 3433 1029 γυναῖκα,
3461 963 3558 1017 καὶ
3587 963 3679 1019 τὸν

2089 1041 2393 1114 ὁμαίμονα,
2438 1045 2602 1111 αὐτὸς
2639 1049 2740 1119 μὲν
2784 1049 2885 1121 τὴν
2923 1054 3187 1120 γυναῖκα,
3231 1054 3322 1108 τὸν
3364 1053 3411 1108 δ’
3445 1055 3677 1125 ἀδελφὺν

2089 1134 2180 1188 διά
2225 1135 2325 1204 τῆς
2379 1140 2643 1206 γυναικὸς
2696 1143 2910 1196 ἐκείνου
2965 1145 3285 1215 φαρμάκοις
3332 1147 3532 1212 ἀνεῖλε,
3580 1151 3678 1202 καὶ

2091 1227 2387 1296 συναφθεὶς
2421 1233 2488 1301 τῇ
2514 1232 2757 1304 συνεύνῳ
2781 1233 2882 1287 τοῦ
2911 1235 3166 1306 ἀδελφοῦ,
3193 1235 3271 1302 τῷ
3301 1239 3545 1309 Τουλλίῳ
3578 1241 3681 1294 σὺν

2090 1319 2230 1391 αὐτῇ
2287 1320 2639 1379 ἐπεϐούλευε.
2696 1327 2807 1381 Kal
2837 1329 3069 1393 πολλοὺς
3107 1331 3217 1384 τῶν
3250 1347 3311 1384 τε
3369 1331 3678 1401 βουλευτῶν

2089 1412 2188 1466 καὶ
2212 1411 2321 1466 τῶν
2343 1415 2693 1486 εὐπατριδῶν
2716 1419 2898 1483 αίτίας
2935 1421 3162 1491 ἔχοντας
3199 1423 3346 1476 κατά
3382 1422 3478 1475 τοῦ
3507 1422 3678 1476 Τουλ-

2088 1502 2204 1556 λίου
2237 1503 2436 1568 πείσας
2468 1509 2808 1580 συνάρασθαί
2847 1512 2922 1576 οῑ,
2967 1513 3299 1578 ἐξαπιναίως
3347 1513 3466 1584 μετ’
3495 1513 3679 1568 αὐτῶν

400 1566 579 1632 finiit,
618 1585 742 1625 cum
775 1588 952 1631 annos
980 1592 1104 1632 χειν
1135 1592 1439 1653 regnasset.

2087 1595 2170 1659 είς
2195 1593 2256 1647 τὸ
2288 1566 2572 1668 συνέδριον
2609 1566 3028 1673 παραγέγονεν,
3065 1566 3360 1676 ἑπομέντιξ
3392 1605 3543 1677 αὐτῷ
3583 1611 3680 1660 καὶ

397 1661 498 1731 τῆς
563 1667 822 1732 γυναικὸς
869 1671 1136 1737 Τουλλίας
1166 1691 1184 1708 ο
1236 1679 1334 1730 καὶ
1373 1677 1548 1731 πολλά
1595 1678 1694 1750 μέν
1740 1677 1888 1747 εἷπε,
1953 1684 2055 1756 τῆς
2094 1683 2189 1738 τοῦ
2235 1661 2469 1758 πατρὸς·
2499 1689 2660 1756 ἀξίας
2700 1661 3186 1766 ἲἰτοίλςυπαρόνταςι
3213 1661 3675 1768 ἀναμιμνήσκων.

399 1751 572 1806 πολλά
631 1755 678 1808 δ’
727 1759 1026 1833 ἀπέσκωψε
1079 1764 1216 1836 πρὸς
1260 1768 1353 1822 τὸν
1391 1770 1671 1827 Τούλλιον.
1725 1772 1883 1827 Ἐπεὶ
1929 1776 1976 1830 δ’
2011 1751 2228 1843 ἐκεῖνος
2268 1751 2442 1835 ταύτά
2507 1751 2695 1854 μαθῶν
2762 1751 3231 1862 ἐπέστηισπουδῇ,
3259 1751 3356 1845 καί
3384 1751 3439 1843 τι
3475 1751 3673 1861 δὴκαὶ

394 1845 720 1915 ἐφθέγξατο,
750 1855 1101 1925 συνήρπασεν
1133 1859 1319 1926 αὑτὸν,
1351 1864 1445 1917 καὶ
1469 1864 1670 1934 ἐξάρας
1733 1861 1843 1921 ὦσε
1900 1871 2041 1925 κατά
2079 1874 2189 1927 τῶν
2232 1875 2338 1945 πρὸ
2369 1875 2464 1929 τοῦ
2507 1845 2905 1952 ’βουλευτηρίου
2953 1845 3290 1952 ἀναϐαθμόν.
3351 1886 3463 1940 Καὶ
3493 1845 3540 1940 ό⁵
3577 1845 3678 1956 μέν

393 1941 696 2046 ταραχθεὶς
721 1947 872 2046 πρὸς
890 1949 992 2020 τὴν
1031 1951 1128 2005 τοῦ
1161 1954 1472 2026 Ταρκυνίου
1509 1961 1742 2030 τόλμαν,
1777 1965 1872 2018 καὶ
1925 1967 2010 2021 ὅτι
2048 1968 2168 2023 οὐδέ
2213 1941 2299 2034 τις
2350 1941 2532 2042 αὐτῷ⁷
2564 1941 2962 2046 ἐπεκούρησεν,
3002 1977 3118 2032 οὔτ’
3163 1941 3319 2033 εἶπεν
3360 1980 3443 2034 ἐτι
3525 1941 3683 2036 οἰιδέν

395 2030 794 2142 ξξδτᾷξποίησι.
826 2029 1140 2142 Ταρκύνιος
1180 2047 1239 2102 δέ
1277 2052 1379 2120 τήν
1415 2069 1476 2106 τε
1539 2029 1823 2124 βασιλείαν
1875 2061 2038 2126 εὐθὺς
2077 2065 2231 2134 παρά
2279 2029 2385 2135 τῆς
2437 2029 2637 2136 βουλῆς
2677 2029 2867 2124 ἐλαδέ,
2899 2029 3284 2142 fiala-Epidici:
3325 2073 3502 2138 τινάς,
3583 2073 3679 2127 τὸν

397 2121 656 2232 Τούλλιον
687 2128 1050 2201 κομιζόμενον
1087 2135 1270 2191 οἴκαδε
1298 2121 1648 2212 διεχρήσατο.
1693 2145 1757 2199 Ἠ
1829 2146 1888 2200 δὲ
1959 2121 2210 2220 θυνγάττίρ
2281 2121 2502 2210 ιιὲἐίνὲιυ
2688 2121 2863 2228 ἄνδρα
2891 2121 3680 2232 ἐνήτῷβξυλεύτήρίῶῃκατα.

397 2215 714 2327 φιλήσασαἷ
781 2223 878 2278 καὶ
903 2311 929 2327 ρ
963 2225 1192 2296 βασιλέα
1266 2235 1765 2306 προσαγορεύσασα
1789 2279 1804 2302 .
1881 2242 1977 2295 καὶ
2009 2215 2253 2299 amabas:
2283 2249 2421 2317 πρὸς
2448 2250 2518 2303 τὰ
2577 2215 2848 2320 βασίλεια,
2879 2252 2939 2306 τὸ
2965 2215 3148 2323 δχῖημα
3178 2255 3323 2308 κατὰ
3343 2215 3450 2308 Ιτού
3476 2215 3676 2327 νεκροῦ

395 2303 495 2421 τοῦ
543 2309 751 2381 πατρὸς
771 2313 847 2378 ὡς
873 2311 1024 2386 εῖχεν
1049 2319 1342 2391 ἐπήλασεν.
1377 2303 1537 2381 Οὕτω
1568 2328 1668 2399 μὲν
1693 2329 1788 2386 οὖν
1807 2333 1836 2386 ό
1867 2331 2126 2396 Τούλλιος
2162 2303 2339 2408 ἦρξε,⁵
2384 2303 2481 2392 καὶ
2512 2303 2689 2405 οὕτως
2747 2303 3373 2414 ἀέιὲθᾷνξρξξιὶέξσας
3398 2303 3678 2421 τέσσαρας

397 2399 686 2466 ἐνιαυτοὺς
719 2403 813 2459 ἐπὶ
853 2411 1290 2481 τεσσαράκοντα.

469 2488 538 2595 Χ..
568 2491 904 2564 Tarquinius
931 2515 1106 2572 regno
1139 2519 1420 2578 suscepto,
1454 2510 1675 2567 Romuli
1705 2509 1860 2570 more
1889 2529 1979 2569 ar-

2167 2517 2224 2570 Ῑ’·
2265 2512 2328 2570 Ὀ
2355 2515 2662 2583 Ταρκύνιος
2708 2517 2766 2572 δὲ
2817 2519 2916 2588 τὴν
2959 2520 3241 2591 βασιλείαν
3291 2525 3674 2595 παρειληφὼς,

395 2584 564 2641 matis
587 2601 792 2658 corpus
821 2592 1212 2667 circumsepsit
1237 2616 1252 2654 :
1295 2601 1499 2671 quibus
1521 2613 1577 2660 et
1610 2615 1778 2662 noctu
1808 2616 1866 2664 et
1896 2607 1982 2662 in-

400 2679 588 2736 terdiu
614 2719 631 2747 ,
675 2682 827 2742 domi
863 2695 921 2742 et
963 2687 1104 2746 foris
1144 2709 1278 2750 usus
1334 2705 1441 2752 est.
1493 2697 1628 2754 Nam
1669 2702 1818 2770 quod
1865 2703 1982 2772 ipse

397 2790 530 2846 erga
553 2791 813 2834 socerum
833 2820 849 2846 ,
881 2798 1022 2838 uxor
1062 2800 1193 2856 erga
1219 2797 1432 2858 patrem
1466 2791 1542 2846 ita
1569 2806 1630 2848 se
1658 2793 1980 2864 gessissent,

398 2867 588 2923 timuit
617 2886 689 2926 ne
722 2887 753 2927 a
781 2875 968 2945 seipso
1004 2876 1276 2936 adversus
1313 2897 1374 2938 se
1415 2886 1730 2955 exemplum
1762 2899 1985 2955 capere-

397 2969 511 3015 tur.
539 2961 659 3018 Jam
689 2965 821 3036 quia
848 2977 1000 3024 metu
1025 2986 1256 3042 regnum
1280 2976 1573 3030 tutandum
1593 2985 1714 3032 erat
1733 3015 1748 3041 ,
1783 2987 1982 3048 poten-

403 3051 650 3109 tissimos
687 3066 980 3116 senatores
1009 3070 1068 3117 et
1097 3063 1248 3120 cives
1280 3068 1718 3138 comprehensos
1759 3068 1981 3124 occide-

397 3140 538 3198 bat:
581 3147 723 3202 alios
781 3150 1013 3219 palam,
1061 3154 1268 3224 quibus
1307 3158 1517 3229 aliquid
1579 3161 1800 3216 crimini
1849 3161 1982 3218 dare

394 3245 649 3307 poterat,
681 3241 821 3297 alios
859 3243 1002 3298 clam
1030 3261 1047 3301 :
1079 3249 1382 3305 nonnullos
1416 3251 1471 3305 in
1499 3252 1757 3308 exsilium
1793 3255 1980 3309 mitte.

396 3327 510 3384 bat.
529 3330 720 3402 Neque
737 3347 871 3388 vero
896 3334 1062 3390 Tullii
1085 3337 1366 3394 studiosos
1382 3339 1668 3410 duntaxat,
1697 3344 1794 3399 sed
1811 3345 1976 3400 etiam

396 3423 712 3492 tyrannidis
741 3439 856 3481 sua:
883 3427 1173 3499 adjutores
1201 3430 1468 3500 perdidit.
1496 3433 1576 3488 lta
1599 3435 1827 3506 optimis
1853 3437 1980 3507 qui-

394 3512 613 3583 busque
670 3517 934 3574 senatorii
989 3527 1046 3573 et
1090 3523 1372 3590 equestris
1424 3525 1640 3582 ordinis
1699 3529 1974 3595 sublatis,

396 3618 524 3658 cum
549 3618 609 3660 se
631 3605 783 3661 omni
810 3609 1015 3678 populo
1039 3608 1285 3666 invisum
1319 3628 1442 3669 esse
1481 3615 1754 3682 crederet,
1786 3619 1978 3674 statuit

394 3697 585 3752 nullos
619 3697 677 3752 in
709 3708 896 3768 patres
936 3701 1122 3772 legere
1142 3719 1162 3760 :
1191 3704 1289 3759 sed
1319 3715 1575 3762 senatum
1602 3710 1830 3779 penitus
1873 3713 1979 3767 tol-

393 3786 508 3842 lere
536 3805 848 3860 aggressus,
876 3809 1060 3865 neque
1093 3795 1268 3852 ullum
1301 3810 1617 3856 senatorem
1644 3803 1977 3860 substituit:

2090 2609 2428 2681 δορυφόρους
2455 2611 2599 2666 κατά
2635 2613 2914 2684 Ῥωμύλον
2947 2616 3125 2688 ἐαυτῷ
3186 2621 3543 2692 περιέστησε,
3579 2623 3676 2675 καὶ

2091 2703 2312 2771 νύκτωρ
2367 2703 2467 2756 καὶ
2534 2702 2656 2774 μεθ’
2719 2705 2934 2778 ἡμέραν
2979 2707 3165 2772 αὐτοῖς
3235 2712 3332 2764 καὶ
3398 2711 3672 2782 οἰκουρῶν

2055 2815 2064 2825 ·
2091 2793 2188 2847 καὶ
2218 2791 2513 2865 ἀγοράζων
2551 2793 2842 2866 ἐκέχρητο.
2890 2795 2984 2861 Ἐξ
3016 2791 3093 2852 ὧν
3135 2799 3243 2870 γὰρ
3278 2801 3440 2862 αὐτὸς
3472 2803 3550 2864 είς
3581 2802 3675 2855 τὸν

2091 2885 2384 2956 κηδεστὴν,
2428 2885 2590 2958 καὶὴ
2631 2887 2770 2956 γυνὴ
2811 2887 2948 2959 πρὸς
2986 2889 3077 2944 τὸν
3123 2891 3340 2960 πατέρα
3382 2893 3672 2962 ἐποίησαν,

2089 2977 2334 3040 καὶτοὺς
2371 2976 2594 3041 λοιποὺς
2621 2977 2914 3033 ἐδεδίεσαν.
2947 2979 3102 3032 Ἐπεὶ
3133 2981 3192 3034 δὲ
3217 2981 3292 3045 ὡς
3315 2983 3674 3054 τυραννήσων

2091 3070 2567 3142 παρεσκευάσατο,
2611 3071 2737 3134 τοὺς
2767 3072 3179 3136 δυνατωτάτους
3216 3074 3326 3128 τῶν
3365 3074 3672 3145 βουλευτῶν

2090 3159 2187 3214 καὶ
2233 3159 2343 3213 τῶν
2389 3159 2565 3214 ἄλλων
2609 3159 3001 3231 συλλαμϐάνων
3062 3161 3338 3214 ἐκτίννυεν
3363 3203 3378 3226 ,
3433 3156 3516 3224 οἷς
3570 3162 3671 3232 μὲν

2090 3251 2272 3305 αίτίαν
2301 3248 2448 3322 εἶχεν
2497 3253 2816 3321 ἐπενεγκεῖν
2842 3291 2858 3318 ,
2897 3252 3147 3325 φανερῶς
3184 3253 3447 3323 ἀναιρῶν,
3485 3252 3582 3316 οὒς
3613 3252 3674 3305 δὲ

2088 3344 2286 3414 λάθρα,
2321 3344 2498 3409 ἐνίους
2541 3345 2600 3399 δέ
2647 3362 2712 3413 τι
2743 3345 2840 3399 καὶ
2867 3345 3238 3417 ὑπερώριζεν.
3287 3345 3363 3399 Οὐ
3405 3345 3514 3418 γὰρ
3543 3345 3671 3409 τοὺς

2089 3437 2168 3509 τῷ
2194 3437 2438 3509 Τουλλίῳ
2480 3439 2915 3510 προσκειμένους
2964 3439 3182 3510 μόνους,
3227 3439 3364 3493 ἀλλά
3407 3439 3502 3491 καὶ
3541 3437 3670 3499 τοὺς

2089 3529 2226 3599 πρὸς
2249 3527 2350 3600 τὴν
2393 3529 2697 3600 μοναρχίαν
2724 3529 3134 3600 συναραμένους
3172 3529 3322 3600 αύτῷ
3340 3527 3670 3600 προσαπὼλο

2089 3619 2205 3674 λυε.
2244 3621 2355 3674 Καὶ
2391 3619 2534 3673 οὕτω
2578 3620 2641 3673 τὸ
2684 3621 2976 3691 κράτιστον
3023 3620 3122 3689 τῆς
3173 3620 3390 3691 βουλῆς,
3435 3621 3530 3674 καὶ
3571 3620 3672 3690 τῆς

2089 3715 2324 3778 ἱππάδος
2386 3714 2654 3777 ἀνάλωσε,
2718 3713 2998 3783 μισεῖσθαί
3052 3731 3111 3768 τε
3160 3713 3266 3767 ὑπὸ
3311 3713 3512 3776 παντὸς
3569 3711 3665 3765 τοῦ

2087 3809 2260 3879 δήμου
2309 3807 2584 3863 ἐπίστευε.
2624 3805 2719 3860 Διδ
2749 3807 2870 3860 ούδέ
2899 3807 3250 3874 ἀντικαθίστη
3296 3809 3355 3859 τὸ
3401 3805 3667 3877 παράπαν

396 3893 578 3948 neque
606 3895 732 3936 cum
765 3882 835 3938 iis
865 3885 962 3954 qui
995 3887 1316 3956 restabant,
1353 3890 1658 3962 quidquam
1691 3894 1842 3963 quod
1869 3894 1974 3949 ali-

2085 3877 2208 3955 ἀντὶ
2231 3899 2342 3954 τῶν
2373 3899 2770 3969 ἀπολλυμένων
2797 3899 2970 3964 τινὰς,
3023 3899 3160 3953 ἀλλά
3204 3899 3301 3952 καὶ
3342 3899 3442 3968 τὴν
3469 3915 3667 3967 γερου-

395 3973 557 4044 cujus
616 3977 882 4032 momenti
947 3987 1139 4047 esset,
1191 3983 1646 4040 communicavit.
1710 3986 1978 4052 Quamvis

392 4064 543 4118 enim
577 4081 674 4122 eos
707 4079 1079 4137 convocaret,
1111 4087 1223 4127 non
1253 4083 1437 4130 tamen
1473 4074 1600 4130 ideo
1630 4076 1886 4143 faciebat,
1917 4086 1980 4132 ut

391 4155 629 4226 alicujus
674 4159 754 4213 rei
789 4163 1043 4229 gerenda:
1073 4163 1355 4234 adjutores
1384 4179 1573 4222 essent
1599 4184 1613 4222 :
1643 4169 1741 4224 sed
1771 4179 1834 4225 ut
1861 4170 1978 4227 visa

389 4261 584 4302 eorum
619 4251 918 4320 paucitate,
939 4254 1009 4309 ab
1024 4257 1285 4313 omnibus
1303 4267 1800 4317 contemnerentur
1822 4281 1834 4317 :
1860 4263 1980 4332 ple-

391 4353 562 4408 raque
609 4357 741 4398 vero
785 4360 884 4414 per
915 4360 974 4403 se
1030 4355 1128 4403 aut
1171 4347 1316 4405 ﬁlios
1346 4351 1798 4409 administrabat.
1854 4353 1979 4409 Fuit

391 4430 546 4490 aditu
595 4433 877 4503 afl‘atuque
915 4437 1196 4505 difﬁcilis,
1239 4442 1501 4510 superbia
1543 4455 1599 4499 et
1649 4444 1978 4501 crudelitate

389 4536 456 4578 ex
495 4536 653 4592 aequo
683 4541 813 4598 erga
852 4543 1048 4582 omnes
1079 4529 1243 4601 330
1281 4547 1455 4587 usus:
1490 4548 1554 4588 ac
1599 4550 1754 4589 more
1792 4544 1980 4607 tyran-

390 4615 520 4669 nico
546 4624 654 4670 tam
686 4619 822 4688 ipse.
855 4634 1018 4690 quam
1051 4622 1214 4678 liberi
1243 4625 1362 4694 ejus
1392 4641 1517 4681 cum
1547 4626 1810 4682 omnibus
1843 4643 1977 4699 ege-

390 4713 543 4759 runt.
581 4706 953 4772 Quamobrem
980 4713 1316 4770 satellitibus
1344 4715 1512 4771 etiam
1554 4717 1799 4783 diuisus,
1840 4734 1976 4775 con-

391 4796 689 4870 ciliataque
736 4802 840 4857 sibi
890 4803 1216 4861 Latinorum
1267 4807 1540 4872 custodia,
1582 4819 1640 4865 et
1679 4810 1732 4864 in
1774 4809 1978 4866 Roma-

391 4906 592 4946 norum
649 4894 876 4951 ordines
906 4896 1110 4954 inserta
1140 4939 1156 4965 ,
1203 4899 1257 4954 id
1289 4900 1562 4970 spectavit
1583 4941 1599 4966 ,
1653 4910 1716 4956 ut
1746 4901 1976 4959 Latinos

390 4985 656 5041 Romanis
709 4996 994 5057 aequatos,
1047 5005 1148 5045 suo
1200 4991 1309 5047 sibi
1357 4992 1634 5049 beneficio
1675 4995 1976 5051 obstrictos

389 5077 651 5143 haberet,
685 5088 742 5134 et
773 5080 1051 5138 Romanos
1073 5085 1353 5156 adjunctis
1389 5089 1597 5142 exteris
1631 5087 1816 5144 minus
1863 5088 1976 5144 for-

389 5171 646 5229 midarel.
681 5173 955 5242 Gabinos,
988 5178 1156 5233 armis
1190 5177 1492 5235 infeliciter
1532 5181 1792 5247 adortus,
1845 5183 1974 5239 dolo

2087 3994 2210 4046 σίαν
2236 3990 2542 4046 καταλῦσαι
2580 3989 2862 4054 παντελῶς
2889 3991 3271 4060 ἐπιχειρήσας,
3296 3989 3420 4042 οὔτε
3449 3989 3664 4042 ἀντεισ-

2084 4085 2220 4155 ἦγεν
2273 4085 2332 4147 ἐς
2385 4084 2555 4154 αὐτὴν
2585 4083 2799 4148 οὐδένα,
2837 4081 2961 4136 οὔτε
3011 4086 3122 4146 τοῖς
3173 4080 3326 4136 οὖσιν
3378 4083 3665 4137 ἐπεκοίνου

2082 4195 2137 4231 τι
2165 4177 2325 4245 λόγου
2351 4176 2524 4242 ἀξιον.
2565 4175 2859 4229 Συνεκάλει
2912 4176 3010 4245 μὲν
3069 4175 3174 4244 γὰρ
3224 4175 3441 4242 αὐτοὺς,
3466 4177 3527 4228 οὐ
3557 4175 3666 4246 μὴν

2082 4270 2225 4325 ὥστε
2269 4288 2322 4323 τι
2365 4269 2474 4322 τῶν
2503 4267 2820 4336 ἀναγκαίων
2856 4267 3204 4332 συνδιοικεῖν,
3247 4266 3362 4319 ἀλλ’
3397 4267 3484 4320 ἵνα
3529 4267 3664 4337 δήλη

2082 4363 2265 4416 αὐτῶν
2292 4363 2326 4431 ἡ
2364 4359 2643 4431 βραχύτης
2683 4358 2889 4427 γίνοιτο
2924 4358 3118 4422 ἅπασι,
3155 4358 3454 4412 κάντεῦθεν
3497 4376 3668 4411 κατα-

2083 4455 2386 4526 φρονοῖντο.
2416 4453 2497 4507 Τὰ
2525 4453 2581 4506 δὲ
2623 4451 2850 4508 πλεῖστα
2896 4452 3020 4505 καθ’
3071 4450 3286 4516 ἑαυτὸν,
3319 4452 3350 4521 ἢ
3387 4452 3480 4504 καὶ
3524 4452 3663 4520 μετά

2081 4547 2192 4601 τῶν
2217 4545 2379 4599 υἱέων
2415 4543 2674 4614 ἔπραττε.
2715 4542 3090 4612 Δυσπρόσιτός
3135 4560 3195 4594 τε
3228 4544 3322 4595 καὶ⁵
3348 4544 3661 4612 δυσπροσή-

2081 4652 2245 4707 γορος
2280 4631 2349 4706 ἦν
2393 4634 2487 4686 καὶ
2526 4636 2594 4704 τῇ
2645 4633 2919 4705 ὑπεροψίᾳ
2951 4634 3046 4687 καὶ
3074 4636 3140 4704 τῇ
3178 4633 3424 4704 ὠμότητι
3460 4634 3664 4701 ὁμοίως

2080 4729 2280 4798 ἐχρῆτο
2323 4725 2460 4797 πρὸς
2492 4726 2762 4792 ἅπαντας,
2790 4728 2886 4780 καὶ
2909 4726 3373 4798 τυραννικώτερον
3405 4727 3567 4790 αὐτός
3599 4745 3662 4780 τε

2081 4821 2178 4873 καὶ
2206 4819 2255 4872 οἱ
2287 4818 2476 4876 παῖδες
2510 4817 2678 4872 αὑτοῦ
2714 4818 3118 4888 προσεφέροντο
3139 4816 3332 4871 ἅπασι.
3365 4817 3464 4870 Διά
3487 4817 3666 4871 ταῦτα

2080 4909 2138 4962 δέ
2190 4909 2288 4962 καὶ
2348 4909 2474 4972 τοὺς
2528 4908 2863 4980 δορυφόρους
2890 4907 3166 4970 ὑπόπτους
3215 4907 3374 4977 ἔχων,
3433 4909 3504 4960 ἐκ
3551 4908 3663 4961 τῶν

2079 5001 2326 5055 Λατίνων
2363 5000 2834 5072 προσηταιρίσατο
2883 4999 3259 5070 δορυφορικὸν,
3315 5002 3412 5053 καὶ
3458 5001 3518 5063 ἐς
3563 5001 3664 5063 τὰς

2079 5093 2188 5146 τῶν
2229 5092 2523 5159 Ῥωμαίων
2553 5093 2734 5156 τάξεις
2762 5091 3026 5154 Λατίνους
3051 5091 3320 5163 ἐνέμιξεν,
3354 5091 3444 5145 ἵνα
3477 5093 3523 5146 oi
3560 5094 3663 5162 μὲν

2079 5186 2298 5240 Λατῖνοι
2335 5186 2639 5256 ἰσομοιρίας
2700 5189 2813 5248 τοῖς
2885 5185 3179 5256 Ῥωμαίοις
3233 5186 3526 5254 τυχόντες,
3566 5185 3664 5238 εὖ·

391 5268 694 5334 snpcravit.
727 5267 864 5322 Nam
908 5268 1134 5324 Sextum
1162 5269 1336 5326 filium
1387 5271 1731 5343 transfugere
1770 5245 1975 5330 Gabios

2085 5293 2230 5332 νοιαν
2277 5245 2435 5348 αὐτῷ.
2475 5245 2726 5330 ἐντεύθεν
2782 5245 3081 5346 όφείλωσι,
3134 5245 3229 5330 καὶ
3395 5245 3660 5347 Ῥωμαῖοι

381 5357 586 5428 jussit:
621 5360 782 5431 cujus
807 5359 935 5416 facti
965 5362 1254 5432 utjustam
1283 5363 1493 5419 habere
1542 5381 1768 5420 causam
1817 5367 1972 5421 vide-

2077 5363 2238 5440 ἦττον
2280 5368 2588 5438 ἐκφοδῶσιν
2623 5367 2810 5432 αὐτὸν,
2869 5368 3065 5440 μηκέτι
3123 5369 3267 5422 κατὰ
3314 5371 3454 5436 σφᾶς
3483 5367 3658 5433 ὄντες,

389 5458 575 5514 retur,
613 5460 825 5520 patrem
876 5461 1068 5522 aperte
1115 5460 1179 5508 ut
1217 5462 1512 5524 tyrannum
1541 5465 1597 5510 et
1621 5456 1972 5529 foedifragum

2085 5459 2213 5514 ἀλλὰ
2245 5461 2358 5523 τοῖς
2416 5459 2671 5521 Λατίνοις
2728 5457 3223 5521 συνοπλιτεύοντες.
3278 5458 3554 5520 Γαουΐνοις
3599 5457 3659 5511 δέ

389 5547 476 5595 est
503 5542 828 5606 insectatus,
858 5552 1027 5613 atque
1049 5559 1081 5598 a
1101 5552 1260 5614 patre
1290 5546 1539 5601 vicissim
1565 5547 1749 5619 flagris
1772 5565 1970 5606 caesus.

2081 5551 2265 5622 μάχην
2299 5551 2529 5621 συνῆψε,
2563 5550 2658 5603 καὶ
2688 5549 2878 5614 κακῶς
2906 5548 3006 5620 μὲν
3034 5549 3371 5620 ἠγωνίσατο,
3418 5549 3558 5620 δόλῳ
3598 5547 3658 5602 δὲ

390 5631 602 5688 Deinde
629 5648 754 5690 cum
778 5650 845 5689 ex
871 5636 1184 5706 composito
1208 5637 1276 5693 ad
1298 5637 1544 5696 Gabinos
1569 5655 1694 5695 cum
1719 5643 1972 5712 pecuniis

2085 5644 2275 5706 αὐτοὺς
2308 5639 2662 5714 ἐχειρώσατο.
2695 5641 3079 5712 Δύτομολῆσαι
3121 5642 3232 5712 γὰρ
3263 5643 3447 5704 αὐτοῖς
3476 5641 3656 5711 Σέξτῳ

295 5722 301 5729 ”
391 5731 448 5777 et
490 5726 656 5780 sociis
696 5725 1110 5797 transfugisset,
1149 5729 1224 5784 illi
1261 5740 1320 5786 ut
1347 5731 1398 5786 ei
1430 5740 1748 5787 commento
1776 5733 1969 5788 crede-

397 5823 544 5884 rent,
569 5825 627 5876 et
649 5816 1318 5896 Tarquiniigrudelitate,
1341 5830 1405 5905 et
1421 5823 1617 5904 multis
1637 5823 1791 5883 Sexti
1817 5825 1987 5911 veris

2081 5735 2319 5790 ὑπέθετο
2361 5735 2438 5804 τῷ
2494 5733 2640 5804 υίῷο
2699 5733 2787 5787 ἵνα
2835 5732 2881 5786 δ’
2933 5734 3292 5805 εὐπρόσωπος
3352 5734 3500 5803 αὺτῷ
3557 5733 3657 5802 τῆς

2077 5825 2411 5898 αὐτομολίας
2437 5825 2714 5899 πρόφασις
2743 5825 2994 5898 γένηται,
3033 5827 3240 5890 ἐκεῖνος
3275 5827 3374 5899 μὲν
3404 5823 3656 5896 φανερῶς
