4060 6406
382 384 495 448 5'73

1621 381 2036 447 ANNALIUM
2072 381 2220 442 LIB.
2257 379 2396 445 VII.

3532 377 3640 444 574

375 500 472 554 τὸν
499 495 714 564 πατέρα
744 491 820 556 ώς
851 490 1121 563 τύραννον
1141 489 1240 546 καὶ
1267 491 1654 563 παράσπονδον
1683 491 1959 563 ἐλοιδόρη-

2074 491 2118 546 in
2164 496 2382 562 patrem
2426 486 2736 545 maledictis
2774 486 3193 545 adducebantur
3226 502 3243 544 :
3280 499 3312 544 a
3342 498 3453 560 quo
3508 503 3638 546 cum

379 605 496 644 σεν.
546 587 606 641 '0
635 585 694 639 δὲ
723 584 817 639 τὸν
849 584 966 636 υίὺν
987 583 1340 654 ὲμαστίγωσέ
1367 602 1429 638 τε
1461 586 1556 640 καὶ
1585 585 1958 658 ἀντημύνατο,

377 678 499 733 εἶτα
522 675 668 732 κατὰ
715 675 996 746 συνθήκας
1048 677 1187 745 πρὸς
1231 676 1526 742 Γαουΐνους
1559 676 1964 748 ιψευδαυτομό-

377 770 535 838 λησε,
567 767 830 838 χρήματά
868 783 929 821 τε
963 768 1059 820 καὶ
1095 764 1350 839 ἑταίρους
1392 768 1770 842 παρειληφώς.
1808 769 1874 822 Οἱ
1906 767 1964 822 δὲ

377 857 784 920 πιστεύσαντες
812 858 878 927 τῇ
918 856 1093 928 σκηνῇ
1135 856 1225 911 διά
1264 873 1324 910 τε
1351 859 1451 928 τήν
1502 855 1601 912 τοῦ
1651 858 1964 928 Ταρκυνίου

379 949 664 1018 ὠμότητα,
690 947 791 1004 καὶ
827 949 908 1001 ὅτι
943 948 1065 1002 τότε
1098 949 1270 1003 πολλὰ
1296 950 1393 1004 καὶ
1416 947 1590 1022 ἀληθῆ
1620 951 1714 1004 τὸν
1751 953 1967 1024 πατέρα

379 1039 739 1110 ἐκακηγόρει,
765 1039 1060 1094 κάντεῦθεν
1082 1041 1572 1112 ἐκπεπολεμῶσθαι
1589 1040 1739 1114 αὐτῷ
1759 1043 1964 1109 ἐδόκει,

382 1131 636 1196 ὶδέξαντό
674 1148 735 1185 τε
761 1131 926 1185 αὐτὸν
959 1133 1395 1202 ἅσμενέστατας,
1429 1134 1525 1188 καί
1553 1150 1706 1198 τινας
1740 1135 1968 1188 ἐπελεύ-

383 1239 501 1289 σεις
531 1224 679 1278 κατὰ
707 1225 809 1295 τῆς
859 1223 1179 1293 Ῥωμαϊκῆς
1215 1224 1401 1295 χώρας
1431 1226 1528 1279 σὺν
1571 1226 1724 1298 αὐτῷ
1770 1227 1964 1297 ἐποιή-

383 1333 568 1379 σαντο,
603 1317 700 1372 καὶ
733 1316 794 1370 ού
843 1317 1077 1388 μετρίως
1106 1317 1242 1388 αὐτῇ
1271 1317 1631 1388 ἐλυμήναντο.
1661 1319 1760 1372 Διὰ
1787 1318 1964 1372 ταῦτα

381 1406 515 1477 γοῦν
540 1408 638 1460 καὶ
668 1407 752 1461 ὅτι
785 1409 878 1460 καὶ
917 1408 1179 1478 χρήματα
1211 1407 1318 1478 ίδίᾳ
1346 1409 1409 1460 τέ
1440 1424 1553 1461 τισι
1586 1410 1838 1479 παρεῖχε,
1871 1407 1968 1462 καὶ

381 1501 441 1564 ές
471 1498 536 1552 τὸ
567 1498 749 1552 κοινὸν
796 1499 1059 1568 ἀνήλισκε
1101 1497 1368 1569 δαψιλῶς,
1411 1499 1583 1570 ᾑρέθη
1622 1502 1754 1571 παρ’
1788 1499 1968 1554 αὐτῶν

383 1593 712 1664 στρατηγὸς,
744 1591 840 1644 καὶ
865 1589 964 1662 τὴν
995 1589 1106 1643 τῶν
1147 1591 1442 1644 πολιτικῶν
1470 1591 1529 1643 ὲν
1571 1591 1756 1655 αὐτοῖς
1789 1607 1972 1661 πραγ-

386 1683 575 1755 μάτων
642 1683 932 1753 ἐπετράπη
990 1685 1278 1756 διοίκησιν.
1333 1687 1461 1741 Ἐπὶ
1519 1687 1735 1751 τούτοις
1793 1687 1970 1758 λάθρα

383 1774 608 1845 πέμψας
641 1774 786 1837 τινὰ,
815 1775 886 1829 τὰ
920 1775 1206 1845 συμϐάντα
1255 1795 1314 1830 τε
1365 1779 1630 1849 ἐγνώρισε
1660 1778 1738 1850 τῷ
1778 1779 1970 1850 πατρὶ,

2060 599 2189 641 sum
2241 582 2430 638 hostili
2475 581 2607 638 odio
2649 579 2920 638 dissidere
2971 579 3308 646 crederent,
3358 581 3638 637 hominem

2060 674 2456 746 benignissime
2501 679 2899 744 susceperunt,
2934 682 2993 729 et
3037 673 3249 744 aliquot
3293 687 3419 728 cum
3471 687 3540 728 eo
3581 673 3638 728 in

2064 764 2375 826 Romanum
2409 781 2600 838 agrum
2640 767 3039 837 impressiones
3079 780 3276 837 magna
3305 765 3459 821 clade
3487 765 3639 820 illata

2064 863 2341 919 fecerunt.
2378 859 2477 917 His
2509 861 2679 932 igitur
2709 859 2781 914 de
2814 861 3034 924 causis,
3068 866 3126 914 et
3162 857 3310 928 quod
3352 857 3641 928 pecuniam

2067 955 2355 1026 aliquibus
2383 953 2644 1024 privatim
2678 952 2885 1018 dabat,
2917 960 2972 1007 et
3005 951 3059 1005 in
3085 949 3367 1021 publicum
3406 947 3645 1002 liberali-

2063 1059 2154 1108 ter
2180 1048 2502 1106 conferebat
2523 1087 2538 1112 ,
2569 1048 2684 1106 dux
2710 1048 2779 1103 ab
2805 1048 2887 1102 eis
2911 1055 3134 1102 creatus
3162 1053 3270 1110 est,
3307 1041 3644 1097 urbanarum

2065 1143 2232 1200 etiam
2263 1157 2452 1198 rerum
2484 1141 2968 1196 administratione
2999 1139 3317 1196 commissa.
3347 1135 3600 1192 Posthtec
3626 1174 3643 1199 ,

2065 1251 2168 1309 per
2187 1234 2482 1307 quemdam
2514 1235 2655 1304 patri
2679 1243 2883 1290 statum
2909 1247 3094 1287 rerum
3151 1219 3375 1285 suarum
3403 1227 3641 1290 nuntiat,

2068 1328 2204 1400 quid
2247 1343 2307 1383 se
2340 1326 2526 1382 facere
2586 1325 2754 1391 velit,
2800 1325 3136 1382 sciscitatur.
3182 1322 3280 1377 Ille
3325 1335 3457 1376 vero
3506 1317 3645 1372 nihil

2069 1418 2369 1490 respondet
2402 1417 2600 1473 nuntio
2624 1458 2639 1482 ,
2676 1435 2745 1473 ne
2769 1416 3026 1487 cognitus
3053 1414 3140 1470 vel
3171 1413 3360 1468 volens
3391 1410 3476 1466 vel
3504 1409 3649 1464 invi-

2071 1517 2161 1565 tus
2181 1523 2445 1564 arcanum
2469 1506 2667 1577 prodat
2693 1524 2708 1562 :
2739 1505 2836 1561 sed
2862 1505 2918 1560 in
2944 1507 3163 1561 hortum
3188 1502 3391 1559 aedium
3418 1499 3645 1565 transit,

2071 1605 2336 1668 sequente
2367 1596 2496 1661 illo,
2527 1603 2584 1651 et
2606 1610 2822 1650 summa
2853 1608 3188 1665 papaverum
3221 1591 3402 1662 capita
3447 1589 3646 1645 baculo

2074 1689 2310 1756 decutit,
2337 1688 2525 1758 itaque
2551 1688 2812 1743 nuntium
2849 1687 3055 1742 dimitit
3088 1704 3102 1741 :
3134 1686 3230 1756 qui
3259 1700 3320 1739 re
3349 1698 3457 1739 non
3484 1680 3648 1736 intel-

2073 1781 2238 1848 lecta,
2278 1781 2410 1852 quid
2439 1789 2626 1836 aetum
2675 1789 2844 1838 esset.
2885 1779 3051 1835 Sexto
3081 1777 3381 1834 renuntiat.
3426 1775 3478 1830 ls
3511 1787 3648 1828 vero

386 1830 483 1920 καὶ
683 1865 746 1919 τὸ
771 1830 969 1936 μέλλον
994 1830 1224 1938 γνώμην
1258 1830 1556 1939 ᾔτησενέέ
1581 1830 1970 1924 ,δέ

2074 1830 2238 1848 ----_,
2281 1830 2410 1852 τη
2441 1830 2626 1836 _--_---
2681 1830 2844 1838 ---η

2078 1873 2467 1928 animadverso
2496 1872 2669 1943 patris
2699 1871 2933 1927 consilio
2955 1911 2971 1935 ,
3003 1869 3344 1926 Gabinorum
3376 1868 3649 1938 primores

382 1952 508 2011 εἷπε
536 1957 638 2027 μὲν
660 1956 739 2028 τῷ
762 1957 1072 2027 πεμφθέντι
1097 1959 1268 2020 οὐδὲν,
1301 1961 1386 2012 ἵνα
1422 1963 1496 2031 μὴ
1527 1962 1657 2026 ῐσως
1687 1963 1970 2030 γνωσθεὶς,

384 2047 528 2104 ἑκών
561 2050 677 2122 τιή
729 2050 882 2104 ἄκων
924 2051 1159 2118 ἐξείποι.
1189 2053 1281 2116 El;
1322 2054 1378 2107 δὲ
1427 2055 1604 2124 κῆπον
1656 2053 1972 2122 εἰσαγαγὼν

384 2140 570 2206 αὑτὸν,
602 2143 662 2196 ἐν
693 2135 738 2210 ᾧ
770 2145 1024 2213 μήκωνες
1051 2139 1215 2213 ἦσαν,
1249 2145 1348 2206 τὰς
1384 2145 1599 2208 κωδύας
1631 2145 1770 2216 (87')
1794 2145 1974 2198 αὐτῶν

383 2234 487 2299 τὰς
517 2235 899 2306 ὑπερεχούσας
955 2237 1138 2308 ῥάϐδῳ
1197 2236 1528 2304 κατέκλασε,
1591 2238 1688 2293 καὶ
1737 2240 1815 2300 si;
1869 2239 1973 2307 γῆν

386 2327 786 2399 κατεστόρησε,
816 2329 911 2381 καὶ
933 2326 1078 2382 οὕτω
1098 2329 1190 2382 τὸν
1217 2329 1618 2402 ἀγγελιαφόρον
1647 2329 1969 2402 ἀπέπεμψε.

386 2418 498 2472 Καὶ
526 2420 556 2473 ό
587 2419 689 2490 μὲν
722 2419 788 2473 τὸ
813 2421 1064 2492 πραχθὲν
1095 2420 1172 2493 τῷ
1200 2423 1380 2494 Σέξτῳ
1408 2423 1767 2494 ἀπήγγειλεν,
1805 2424 1972 2476 ἀσυν-

387 2508 524 2574 έτως
549 2510 692 2581 ἔχων
719 2511 819 2581 τῆς
848 2512 1122 2584 πράξεως.
1167 2512 1227 2568 Ὀ
1263 2514 1320 2566 δὲ
1349 2514 1442 2567 τὸν
1471 2516 1598 2569 νοῦν
1630 2514 1835 2584 συνῆκε
1876 2514 1975 2584 τῆς

388 2601 728 2668 ὑποθέσεως,
759 2605 856 2658 καὶ
898 2607 1023 2669 τοὺς
1071 2606 1532 2678 ἀξιολογωτέρους
1555 2607 1664 2660 τῶν
1700 2607 1974 2661 Γαουτνων

386 2694 516 2758 τοὺς
569 2695 669 2766 μὲν
701 2696 879 2768 λάθρα
913 2697 1226 2769 φαρμάκοις
1253 2699 1548 2769 διέφθειρε,
1597 2700 1726 2762 τοὺς
1781 2698 1838 2752 δὲ
1885 2698 1975 2754 διά

386 2801 552 2839 τινων
580 2785 741 2855 δῆθεν
771 2785 1008 2857 λῃστῶν,
1050 2789 1242 2853 ἄλλους
1274 2789 1332 2843 δὲ
1366 2790 1431 2843 εκ
1486 2790 1854 2861 δικαστηρίων
1909 2791 1975 2844 ἀ-

396 2876 673 2940 πέκτεινε,
704 2879 1074 2949 συκοφαντίας
1104 2881 1226 2935 κατ’
1265 2880 1446 2935 αὐτῶν
1471 2880 1609 2954 πρὸς
1635 2880 1728 2935 τὸν
1762 2879 1976 2952 πατέρα

389 2966 681 3035 προδοσίας
737 2967 1130 3040 πλαττόμενος.
1186 2972 1413 3040 Ὅμοιον
1441 2970 1498 3025 δέ
1553 2988 1608 3025 τι
1656 2971 1834 3042 τούτῳ
1879 2971 1976 3024 καὶ

386 3059 420 3112 ό
455 3059 744 3130 Ἡρόδοτος
779 3061 891 3134 (88)
944 3063 1170 3134 ἱστορεῖ.
1223 3065 1554 3138 Περίανδρον
1603 3068 1713 3136 γὰρ
1743 3065 1838 3118 τὸν
1868 3065 1978 3117 Κυ-

2070 1967 2270 2040 partim
2306 1967 2444 2021 clam
2478 1980 2695 2021 veneno
2731 1964 2994 2029 sustulit,
3039 1962 3240 2032 partim
3272 1976 3373 2032 per
3416 1957 3650 2014 sicarios

2073 2061 2351 2116 interfecit
2399 2078 2414 2116 :
2455 2059 2596 2115 alios
2633 2058 2689 2114 in
2726 2057 2937 2131 judicio
2978 2057 3275 2112 calumniis
3311 2065 3606 2123 oppressos
3631 2088 3647 2111 .

2070 2153 2230 2222 quasi
2278 2152 2472 2208 urbem
2511 2151 2655 2221 patri
2705 2163 2810 2207 suo
2855 2149 3095 2220 prodere
3139 2147 3385 2207 vellent.
3422 2143 3650 2199 amovit.

2073 2244 2266 2300 Simile
2313 2243 2582 2313 quiddam
2629 2241 2947 2297 Herodotus
2987 2241 3054 2295 de
3089 2238 3395 2295 Periandro
3435 2233 3654 2304 Cypseli

2072 2335 2219 2400 lilio,
2253 2333 2508 2391 Corinthi
2546 2346 2779 2406 tyranno
2801 2373 2816 2398 ,
2841 2331 3077 2388 scribit:
3121 2330 3213 2400 qui
3249 2343 3376 2383 cum
3409 2343 3439 2382 a
3473 2326 3654 2380 Thra-

2080 2427 2265 2484 sibulo
2309 2425 2482 2482 Mileti
2532 2437 2766 2498 tyranno
2799 2423 3093 2480 consilium
3133 2419 3389 2476 ﬁrmandi
3433 2414 3653 2487 imperii

2074 2520 2358 2590 petiisset.
2399 2517 2812 2588 Thrasybulum
2843 2515 3044 2570 nuntio
3072 2527 3208 2569 voee
3239 2510 3381 2566 nihil
3414 2522 3650 2578 respon-

2073 2613 2222 2669 disse
2246 2631 2260 2668 :
2295 2611 2390 2667 sed
2418 2623 2485 2667 eo
2513 2611 2567 2665 in
2602 2619 2841 2680 segetem
2866 2607 3106 2664 deducto
3128 2645 3143 2671 ,
3179 2603 3378 2660 culmis
3405 2600 3657 2656 eminen-

2075 2701 2314 2759 tioribus
2353 2699 2583 2756 resectis
2629 2707 2687 2753 et
2726 2697 2988 2768 abiectis,
3028 2694 3311 2750 hominem
3351 2688 3654 2746 dimisisse.

2073 2793 2179 2862 Ουί
2205 2807 2463 2850 re"ersus
2483 2831 2498 2857 ,
2535 2791 2716 2862 deque
2746 2789 2898 2846 illius
2923 2786 3162 2844 consilio
3191 2793 3415 2856 rogatus
3434 2821 3449 2847 ,
3499 2777 3656 2833 dixe-

2076 2889 2189 2954 rit,
2225 2903 2284 2943 se
2312 2887 2381 2942 ad
2414 2886 2693 2941 hominem
2744 2891 2942 2939 emotae
2974 2878 3179 2936 mentis
3217 2892 3340 2932 esse
3381 2875 3610 2929 missum
3634 2908 3653 2938 ,

2075 2989 2258 3046 neque
2277 2975 2428 3030 enim
2457 2973 2524 3028 ad
2553 2973 2888 3042 interrogata
2912 2969 3212 3040 quidquam
3231 2965 3388 3037 331
3425 2976 3654 3032 respon-

2079 3067 2248 3133 disse,
2266 3080 2330 3121 ac
2349 3064 2482 3136 quid
2505 3064 2595 3118 ille
2623 3062 2862 3127 fecisset,
2883 3059 3122 3115 narrarit
3147 3076 3164 3115 :
3196 3066 3252 3114 at
3267 3054 3655 3120 Periandrum,

385 3147 552 3217 ψέλου
631 3149 896 3220 τύραννον
954 3151 1220 3220 Κορίνθου
1279 3153 1570 3224 γενόμενον
1640 3153 1776 3224 φησὶ
1839 3153 1973 3224 πρὸς

2080 3160 2357 3218 intellecta
2391 3156 2722 3228 Thrasybuli
2747 3155 2982 3218 ratione,
3011 3166 3204 3207 omnes
3234 3146 3657 3204 Corinthiorum

387 3237 772 3309 Θρασύϐουλον
818 3241 912 3294 τὸν
954 3243 1198 3314 Μιλήτου
1245 3244 1511 3316 τύραννον
1560 3245 1973 3316 διαπέμψασθαι

2081 3245 2361 3326 principes
2405 3249 2723 3305 sustulisse.
2773 3246 2856 3302 Ad
2891 3243 3149 3301 eumdem
3194 3240 3420 3297 modum
3454 3237 3657 3292 Sextus

391 3330 819 3400 πυνθανόμενον,
867 3332 1016 3397 ὅπως
1064 3335 1214 3405 αὐτῷ
1247 3337 1314 3390 τὰ
1359 3336 1462 3406 τῆς
1498 3336 1677 3408 ἀρχῆς
1712 3337 1976 3406 ἀσφαλῶς

390 3420 522 3486 ἕξει.
555 3423 659 3477 Τὸν
682 3423 737 3477 δὲ
759 3424 1139 3496 Θρασύϐουλον
1154 3428 1234 3499 τῷ
1256 3429 1652 3498 ἀπαγγείλαντι
1672 3429 1842 3483 ταῦτα
1869 3446 1978 3500 μγ,-

388 3515 478 3568 δὲν
501 3516 924 3589 ἀποκρίνασθαιο
939 3520 1299 3590 ἀπαγαγόντα
1321 3523 1365 3575 δ’
1383 3524 1463 3585 είς
1485 3523 1656 3595 λήϊον,
1673 3524 1781 3578 τῶν
1804 3526 1976 3579 ἀστα-

392 3607 539 3677 χύων
553 3609 680 3672 τοὺς
699 3609 1065 3682 ὑπερέχοντας
1088 3613 1376 3684 ἐκτέμνειν
1399 3629 1458 3666 τε
1485 3616 1580 3668 καὶ⁹
1611 3617 1848 3687 ῥιπτεῖν,
1879 3616 1974 3669 καὶ

2078 3346 2247 3400 etiam
2292 3353 2421 3398 cum
2460 3339 2694 3396 Gabinis
2733 3338 2892 3410 egit:
2933 3345 2990 3392 et
3029 3333 3352 3390 melioribus
3413 3326 3612 3385 occisis
3637 3365 3654 3391 ,

2078 3452 2270 3492 eorum
2308 3433 2573 3505 pecunias
2603 3431 2766 3502 vulgo
2809 3428 3119 3485 distribuit.
3170 3423 3378 3481 Deinde
3409 3422 3516 3477 illis
3561 3419 3658 3475 de-

2078 3529 2241 3594 letis,
2287 3526 2518 3597 reliquis
2563 3523 2844 3592 deceptis,
2891 3529 2949 3575 et
3011 3517 3199 3574 omnia
3257 3513 3655 3578 credentibus,

2079 3635 2206 3675 cum
2258 3615 2523 3672 Romanis
2572 3613 2806 3684 captivis
2846 3619 2904 3667 et
2945 3607 3274 3678 transfugis,
3315 3619 3455 3676 quos
3490 3619 3554 3659 ea
3589 3601 3661 3658 de

389 3698 565 3766 οὕτως
621 3702 948 3773 ἀποπέμψαι
993 3705 1084 3758 τὸν
1108 3705 1462 3776 ἐσταλμένον.
1503 3707 1606 3761 Τὸν
1649 3709 1708 3761 δὲ
1746 3708 1973 3762 ἐπανελ-

2081 3724 2246 3766 causa
2279 3709 2486 3763 multcs
2515 3711 2789 3775 coegerat,
2821 3703 3016 3757 urbem
3049 3698 3367 3769 occupavit.
3399 3694 3661 3766 patrique

393 3791 580 3860 ῦόντα,
618 3796 714 3848 καὶ
755 3797 854 3868 τήν
879 3795 973 3850 τοῦ
1002 3797 1384 3868 Θρασυϐούλου
1421 3799 1732 3870 συμϐουλὴν
1759 3799 1973 3870 ἐρωτώ-

2084 3800 2334 3861 tradidit.
2363 3797 2469 3854 Sed
2497 3798 2564 3865 is,
2589 3809 2654 3852 ea
2681 3795 2794 3852 lilio
2821 3807 3104 3860 concessa,
3136 3805 3264 3848 cum
3299 3788 3422 3844 aliis
3442 3784 3664 3859 populis

397 3903 583 3957 μενον,
611 3888 807 3954 είπετν,
837 3891 917 3953 είς
949 3891 1284 3963 παραπλῆγα
1304 3892 1641 3963 πεμφθῆναι,
1663 3893 1973 3962 καὶγδιηγεί-

2082 3891 2287 3948 bellum
2313 3887 2504 3960 gessit.

395 3978 520 4032 σθαι
544 3983 646 4034 ὅσα
668 3983 873 4046 ἐκεῖνος
894 3983 1140 4055 ἐποίησε,
1166 3986 1239 4055 μή
1264 4001 1318 4037 τι
1338 3984 1473 4055 πρὸς
1490 3984 1518 4038 ὃ
1535 3987 1795 4056 ἠρωτήθη
1811 3983 2186 4054 φθεγξάμενος
2207 3997 2226 4015 ο
2249 3983 2340 4035 τὸν
2362 3981 2419 4036 δέ
2450 3998 2514 4049 γε
2537 3980 2872 4051 Περίανδρον
2897 3977 3208 4031 ωνεικέναι
3246 3972 3338 4026 τδν
3384 3967 3479 4023 τοῦ
3511 3967 3660 4038 Θρα-

397 4074 662 4128 συϐούλου
702 4076 986 4147 λογισμὸν,
1017 4078 1112 4132 καὶ
1145 4079 1270 4142 τοὺς
1297 4079 1662 4149 ὑπερέχοντας
1715 4080 1823 4133 τῶν
1876 4077 2184 4148 Κορινθίων
2216 4075 2465 4137 ἅπαντας
2495 4072 2781 4128 ἀπολέσαι.
2808 4071 2920 4125 Καὶ
2947 4071 2977 4122 ὁ
3009 4068 3205 4132 Σέξτος
3228 4062 3323 4118 οὖν
3351 4060 3495 4116 οὕτω
3535 4057 3664 4119 τοὺς

395 4166 686 4234 Γαουτνους
717 4169 977 4242 μετῆλθε,
1022 4173 1118 4226 καὶ
1158 4173 1283 4234 τοὺς
1329 4173 1428 4243 μὲν
1461 4173 1744 4244 κρείττους
1775 4173 2054 4238 ἀπώλλυε,
2084 4171 2162 4242 τῷ
2196 4170 2392 4240 πλήθει
2433 4167 2490 4221 δὲ
2519 4166 2590 4219 τὰ
2616 4165 2766 4235 σφῶν
2805 4165 3020 4234 διένεμε
3053 4163 3336 4234 χρήματα.
3371 4152 3484 4209 Καὶ
3521 4151 3663 4222 μετὰ

393 4259 556 4313 τοῦτο
602 4261 713 4314 τῶν
778 4261 878 4332 μὲν
923 4262 1332 4333 διαφθαρέντων
1383 4264 1506 4334 ήδη,
1535 4263 1646 4318 τῶν
1667 4264 1725 4318 δὲ
1763 4265 1970 4318 λοιπῶν
1999 4261 2396 4334 ἠπατημένων,
2429 4262 2524 4315 καὶ
2559 4259 2740 4315 πάντα
2775 4257 3144 4310 πιστευόντων
3169 4251 3340 4324 αὐτῷ,
3379 4249 3520 4321 μετὰ
3550 4245 3662 4299 τῶν

395 4352 764 4424 αἰχμαλώτων
798 4355 1111 4425 Ῥωμαίων,
1142 4358 1236 4410 καὶ
1261 4357 1371 4410 τῶν
1401 4358 1736 4428 αὐτομόλων,
1768 4359 1861 4425 οὒς
1892 4360 2121 4421 πολλοὺς
2145 4358 2235 4412 διὰ
2260 4356 2422 4413 τοῦτο
2456 4356 2804 4427 συνήθροισε,
2827 4354 3061 4423 κατέσχε
3091 4354 3193 4423 τὴν
3232 4351 3408 4416 πόλιν,
3448 4345 3542 4400 καὶ
3582 4342 3662 4414 τῷ

397 4445 568 4517 ⁴¹τ⁴³τρὶ
601 4447 974 4516 summm.
1011 4450 1122 4501 Καὶ
1151 4449 1209 4513 ὃς
1238 4449 1455 4520 ἐκείνης
1481 4450 1560 4521 τῷ
1584 4453 1685 4524 υἱῷ
1713 4450 2132 4524 παρεχώρησεν,
2171 4451 2334 4514 αὐτὸς
2360 4450 2418 4505 δὲ
2442 4449 2576 4521 πρὸς
2604 4448 2741 4504 ἄλλα
2773 4444 3117 4517 ἐπολέμησεν
3151 4443 3303 4513 έθνη.

471 4537 577 4592 IA'.
603 4539 744 4601 Τοὺς
793 4537 852 4591 δὲ
904 4538 1002 4605 τῆς
1035 4537 1299 4608 Σιϐύλλης
1349 4541 1636 4612 χρησμοὺς
1685 4541 1973 4614 Ῥωμαίοις

2151 4541 2248 4597 X1.
2286 4539 2559 4597 Caeterum
2613 4538 2835 4594 oracula
2866 4536 3134 4607 Sibyllina
3185 4533 3270 4588 vel
3323 4531 3528 4587 invitus
3557 4544 3661 4600 po-

397 4631 495 4685 καὶ
519 4631 672 4684 ἄκων
703 4632 1168 4702 προσεποιήσατο.
1203 4631 1344 4703 Γυνὴ
1383 4633 1494 4704 γάρ
1525 4651 1609 4698 τις
1663 4633 1980 4703 θεόμαντις,

397 4721 466 4792 ἣν
488 4721 752 4775 Σιϐύλλαν
778 4719 1086 4790 ὠνόμαζον,
1110 4723 1170 4784 ις
1193 4721 1295 4791 τὴν
1332 4721 1558 4794 Ῥώμην
1591 4722 1845 4794 ἐλήλυθε,
1897 4723 1980 4793 βι-

395 4815 528 4870 ϐλία
558 4814 686 4883 τρία
717 4813 748 4884 ἢ
783 4813 942 4868 ἐννέα
969 4812 1240 4882 φέρουσα,
1263 4813 1359 4868 καὶ
1383 4817 1556 4869 ταῦτα
1585 4813 1855 4886 πρίασθαι
1903 4815 1983 4888 τῷ

397 4907 694 4980 Ταρκυνίῳ
733 4906 928 4970 ιδίδου,
962 4906 1061 4959 καὶ
1093 4903 1192 4977 τήν
1221 4907 1386 4978 τιμὴν
1425 4907 1537 4962 τῶν
1592 4905 1816 4979 βιϐλίων
1846 4905 1984 4977 ὡρί-

400 5015 554 5052 σατο.
603 4996 843 5051 Ἐκείνου
875 4996 933 5050 δὲ
965 4996 1043 5068 μὴ
1076 4996 1517 5069 προσεσχηκότος
1547 4998 1708 5070 αὐτῇ,
1735 4997 1797 5051 τὸ
1844 4995 1904 5050 ἓν
1947 4996 1981 5068 ἢ

397 5089 472 5143 τὰ
495 5089 623 5160 τρία
644 5088 754 5142 τῶν
783 5087 1008 5157 βιϐλίων
1057 5089 1423 5144 κατέκαυσεν.
1477 5087 1565 5151 Ὦς
1595 5087 1641 5142 δ’
1673 5086 1832 5150 αὖθις
1878 5102 1982 5140 κα-

398 5174 704 5245 τωλιγώρει
751 5174 923 5244 αύτῆς
971 5177 1000 5228 ὁ
1055 5175 1381 5247 Ταρκύνιος,
1405 5176 1553 5231 κακὰ
1611 5175 1723 5230 τῶν
1775 5173 1984 5229 λοιπῶν

399 5269 602 5338 ὁμοίως
647 5268 944 5342 διέφθειρε.
983 5268 1304 5340 Μελλούσης
1329 5268 1387 5322 δὲ
1416 5269 1513 5323 καὶ
1559 5267 1632 5322 τὰ
1684 5267 1768 5322 ἔτι
1821 5266 1984 5320 λοιπὰ

399 5361 782 5431 καταφλέξειν,
805 5363 1126 5433 ἠνάγκασαν
1155 5363 1318 5418 αύτδν
1345 5363 1395 5416 oi
1415 5361 1720 5428 οίωνισταὶ,
1748 5359 1819 5416 τὰ
1845 5359 1980 5430 γοῦν

402 5454 690 5526 σωζόμενα
733 5457 1023 5530 πρίασθαι.
1081 5456 1195 5513 Καὶ
1243 5456 1500 5528 ὠνήσατο
1525 5455 1720 5520 ταῦτα,
1749 5455 1878 5510 ὅσου
1914 5455 1984 5510 τὰ

2087 4633 2217 4704 pulo
2269 4633 2518 4688 Romano
2555 4629 2918 4701 comparavit.
2971 4628 3167 4684 Mulier
3215 4625 3362 4680 enim
3410 4623 3663 4695 quaedam

2083 4724 2328 4790 fatidica,
2361 4739 2522 4794 quam
2553 4723 2815 4796 Sibyllam
2841 4721 3184 4785 nominabat,
3216 4719 3444 4774 Romam
3479 4731 3539 4772 ιιι
3565 4722 3664 4771 aut

2085 4831 2142 4872 ιιι
2193 4816 2370 4873 libros
2413 4816 2632 4880 allatus,
2663 4814 2968 4886 Tarquinio
2997 4823 3151 4870 certo
3208 4810 3388 4883 pretio
3415 4808 3661 4874 venales,

2083 4909 2394 4980 proposuit.
2421 4909 2518 4965 Illo
2545 4924 2680 4965 vero
2728 4924 2849 4964 eam
2875 4906 3206 4979 negligente,
3258 4905 3344 4962 vel
3373 4918 3541 4959 unum
3572 4899 3662 4956 vel

2087 5014 2198 5059 tres
2250 5003 2425 5058 libros
2470 5003 2701 5059 exussit.
2762 5001 2834 5059 Ut
2887 5002 3087 5057 iterum
3123 5017 3153 5054 a
3211 5015 3341 5070 rege
3401 4997 3667 5067 despectat

2084 5102 2191 5159 est,
2233 5108 2302 5148 ex
2335 5094 2567 5164 reliquis
2601 5094 2830 5150 totidem
2862 5093 3127 5149 abolevit.
3181 5092 3320 5147 Cum
3347 5099 3536 5146 autem
3565 5101 3668 5142 eos

2083 5185 2252 5240 etiam
2281 5185 2376 5254 qui
2418 5185 2702 5240 restabant
2725 5198 3040 5241 crematura
3063 5193 3232 5249 esset,
3263 5197 3501 5254 augures
3523 5196 3656 5236 eum

2085 5275 2328 5346 reliquos
2378 5291 2564 5332 emere
2618 5283 2970 5346 coegerunt:
3037 5276 3208 5345 idque
3253 5272 3412 5336 tanti,
3466 5271 3664 5341 quanti

2087 5365 2378 5420 universos
2400 5381 2594 5436 parare
2621 5365 2910 5436 potuisset.
2971 5366 3078 5420 Eos
3110 5365 3286 5420 libros
3311 5363 3530 5418 duobus
3575 5375 3665 5416 se-

2089 5453 2381 5510 natoribus
2429 5455 2793 5512 asservandus
2857 5454 3083 5511 tradidit
3130 5471 3145 5509 :
3201 5455 3409 5525 quique
3453 5452 3660 5524 scripta

1569 5619 1766 5683 Variis
1793 5617 2104 5682 lectiones
2148 5622 2213 5680 et
2255 5627 2447 5683 notas.

477 5745 616 5819 (εἷ’)
640 5745 907 5819 Κωδύας.
927 5746 1066 5804 Vide
1091 5747 1322 5804 Henric.
1370 5747 1650 5808 Valesium
1680 5745 1749 5803 ad
1775 5744 2297 5815 Harpocrationcm,
2333 5762 2456 5819 pag.
2496 5744 2740 5812 30l,ubi
2765 5741 2834 5800 de
2861 5742 2966 5798 hac
2993 5754 3152 5798 voce.

479 5817 601 5892 (88)
636 5817 965 5889 Ἡρόδοτος.
989 5819 1114 5877 Lib.
1147 5832 1192 5888 ι,
1221 5833 1280 5890 p.
1301 5819 1356 5877 9.
