4060 6410
437 377 546 440 575

1721 371 1964 432 JOANN
1979 371 2044 430 IS
2078 367 2404 429 ΖΟΝΑΠΕ

3584 364 3710 431 576

435 484 525 538 illa
559 498 670 538 non
711 483 846 539 satis
887 488 1342 553 assequerentur,
1392 480 1534 535 duos
1573 479 1724 535 viros
1749 496 1780 535 e
1812 480 2016 536 Graecia

2125 478 2304 532 πάντα
2336 475 2639 545 κτήσασθαι
2670 473 2886 545 ἔμελλε,
2923 473 3017 528 καὶ
3074 473 3186 528 δύω
3234 473 3552 544 βουλευταῖς
3614 480 3707 532 ἀν-

435 574 694 630 mercede
717 575 1155 638 accersiverunt,
1183 573 1276 643 qui
1308 588 1405 628 eos
1438 573 1709 642 legerent,
1735 580 1898 641 atque
1930 573 2016 626 in-

435 676 896 736 terpretarentur.
934 667 1176 721 Finitimi
1231 674 1414 721 autem
1446 665 1812 736 cognoscendi
1851 665 2016 729 avidi,

436 759 569 827 quid
610 759 676 814 iis
725 759 880 813 libris
927 759 1333 823 contineretur,
1379 757 1552 812 altero
1599 756 1886 811 custodum
1946 755 2016 808 Μ.

433 850 653 919 Aquilio
689 851 1074 921 largitionibus
1127 859 1414 919 corrupto,
1453 849 1706 920 quaedam
1757 847 2020 902 transcri-

435 948 684 1008 pscrunt.
709 938 830 1004 Quo
857 937 1102 994 facinore
1133 936 1374 1009 cognito,
1426 937 1640 991 Marcus
1670 937 1830 991 culeo
1867 935 2022 989 insu-

441 1037 553 1094 tus,
594 1039 758 1099 atque
792 1031 1116 1084 submersus
1145 1038 1250 1084 est.
1283 1028 1340 1082 Id
1389 1028 1645 1098 supplicii
1675 1041 1849 1097 genus
1896 1032 2020 1096 post

438 1119 496 1174 in
531 1121 822 1188 parricidis
862 1121 1213 1176 observatum
1249 1138 1264 1174 :
1304 1129 1364 1174 ut
1414 1133 1592 1187 neque
1619 1128 1788 1182 terra,
1838 1132 2018 1186 neque

438 1226 602 1280 aqua,
632 1226 811 1281 neque
852 1213 932 1266 sol
967 1227 1158 1266 eorum
1190 1219 1367 1266 morte
1421 1210 1822 1280 inquinaretur.
1859 1210 2022 1264 Tem-

437 1301 586 1370 plum
615 1301 671 1357 in
698 1312 883 1358 monte
915 1303 1151 1372 Tarpeio
1202 1317 1269 1356 ex
1320 1303 1492 1372 patris
1525 1308 1652 1354 voto
1701 1298 2013 1354 :ediﬁcavit.

437 1391 572 1446 Cum
606 1409 739 1448 vero
778 1401 926 1447 terra
951 1393 1018 1446 ad
1065 1392 1423 1447 fundamenta
1446 1391 1700 1462 jacienda
1743 1390 2021 1445 eﬁ‘odere-

437 1492 548 1548 tur,
574 1484 678 1538 viri
714 1500 908 1539 recens
957 1485 1155 1539 mortui
1191 1487 1368 1554 capite
1415 1485 1675 1544 invento.
1708 1484 1852 1549 quod
1894 1498 2022 1538 san-

435 1575 554 1643 guis
591 1576 834 1630 nondum
859 1576 1206 1640 destituerat,
1253 1575 1490 1630 Romani
1531 1575 1880 1646 Tyrrhenum
1926 1590 2021 1628 va-

448 1675 557 1720 tem
595 1669 901 1736 percontati
955 1679 1106 1734 sunt,
1141 1669 1272 1738 quid
1305 1667 1706 1738 portenderet?
1731 1667 1800 1722 At
1829 1667 1922 1722 ille
1954 1667 2009 1722 id

435 1758 650 1828 signum
674 1760 728 1814 in
749 1760 1112 1831 Tyrrheniam
1142 1761 1529 1825 translaturus,
1555 1769 1766 1814 certum
1791 1761 1846 1814 in
1871 1769 2015 1814 terra

2121 570 2285 642 δράσι
2319 569 2622 637 φυλάσσειν
2649 567 2989 639 παρέδωκεν.
3033 567 3123 628 Ὦς
3143 567 3188 621 δ’
3215 567 3282 620 οὐ
3301 570 3447 622 πάνυ
3471 570 3581 623 τῶν
3611 587 3704 639 γε-

2119 660 2458 730 γραμμένων
2495 659 2772 724 συνίεσαν,
2805 661 2884 721 εἰς
2933 659 3034 728 τὴν
3078 657 3310 713 Ἐλλάδα
3368 661 3704 729 στείλαντες,

2119 751 2230 804 δύω
2265 751 2464 821 ἄνδρας
2490 751 2702 803 ἐκεῖθεν
2739 748 2937 818 μισθοῦ
2973 751 3202 819 ήγαγον,
3233 749 3361 810 τοὺς
3394 752 3707 818 ἀναγνωσο-

2123 843 2317 910 μένους
2344 841 2517 894 ταῦτα
2577 841 2672 893 καὶ
2719 840 3180 911 ἐρμηνεύσοντας.
3235 842 3296 894 Ol
3343 841 3399 892 δέ
3436 845 3706 913 περίοικοι

2123 936 2313 1006 μαθεῖν
2344 934 2723 1004 ἐθελήσαντες.
2758 935 2786 986 ὅ
2816 951 2869 985 τι
2900 933 3032 987 ποτὲ
3061 933 3122 986 τὸ
3165 933 3254 986 διὰ
3316 933 3424 986 τῶν
3484 935 3705 1002 βιϐλίων

2121 1027 2208 1096 εἴη
2235 1025 2585 1098 δηλούμενον,
2616 1026 2708 1078 τὸν
2739 1026 2824 1078 Et:
2837 1043 2928 1097 ρον
2959 1026 3068 1078 τῶν
3119 1026 3510 1095 φυλασσόντων
3562 1029 3704 1084 αὐτὰ

2120 1121 2348 1191 Μάρκον
2381 1121 2650 1174 Ἀκίλλιον
2681 1121 2961 1189 χρήμασιν
2984 1120 3406 1185 ἀναπείσαντες,
3436 1122 3702 1192 μετεγράα

2119 1211 2493 1281 ψαντόπινα.
2547 1211 2888 1273 Γνωσθέντος
2941 1211 2998 1263 δὲ
3067 1210 3160 1263 τοῦ
3222 1210 3408 1280 ἔργου,
3475 1215 3504 1262 ό
3543 1213 3700 1283 Μάρ-

2119 1317 2213 1363 κος
2239 1301 2350 1354 δύω
2379 1301 2606 1371 βύρσαις
2639 1301 3034 1372 συρῤαφείσαις
3079 1300 3399 1372 ἐμϐληθεὶς,
3434 1320 3703 1357 κατεπον-

2119 1391 2288 1462 τώθη,
2317 1391 2344 1444 δ
2371 1390 2430 1456 ἐξ
2459 1392 2670 1446 ἐκείνου
2702 1392 2998 1461 μετέπειτα
3041 1392 3184 1444 κατά
3242 1393 3350 1444 τῶν
3403 1396 3702 1463 πατροκτό-

2119 1500 2226 1535 νων
2256 1484 2607 1554 ἐπεκράτησε
2641 1482 2910 1550 γίνεσθαι,
2951 1483 3041 1536 ἵνα
3073 1484 3211 1553 μήτε
3249 1483 3401 1552 ήγῆ,
3449 1485 3583 1554 μήτε
3643 1487 3705 1538 τδ

2121 1575 2289 1644 ὕδωρ,
2321 1576 2458 1644 μήτε
2485 1577 2513 1627 ό
2538 1576 2689 1644 ἥλιος
2731 1575 2930 1644 μιανθῇ
2986 1575 3152 1628 αὑτοῦ
3196 1576 3551 1645 θνήσκοντος.
3599 1577 3704 1630 Τὸν

2119 1666 2177 1719 δὲ
2210 1664 2346 1718 νεὼν
2375 1666 2466 1719 τὸν
2493 1666 2552 1718 ἐν
2572 1665 2652 1736 τῷ
2679 1666 2940 1736 Ταρπεῖῳ
2968 1667 3084 1736 ὄρει
3120 1669 3263 1720 κατά
3318 1670 3418 1738 τὴν
3456 1668 3549 1721 τοῦ
3600 1687 3704 1721 πα-

2120 1758 2249 1828 τρὸς
2279 1757 2442 1828 εὐχὴν
2477 1757 2768 1828 ᾠκοδόμει.
2799 1757 2913 1827 Τῆς
2941 1757 2998 1810 δὲ
3048 1761 3151 1830 γῆς
3177 1761 3257 1820 είς
3285 1759 3385 1830 τὴν
3413 1760 3521 1812 τῶν
3545 1761 3708 1829 θεμε-

435 1851 673 1920 spatium
707 1817 1016 1923 designavit
1046 1871 1059 1906 :
1088 1852 1144 1907 in
1178 1867 1357 1922 eoque
1403 1853 1591 1908 Roma
1621 1853 1730 1908 situ
1777 1860 1834 1908 et
1878 1851 2016 1906 Tar-

2122 1817 2253 1900 λίων
2295 1817 2604 1918 καταϐολὴν
2643 1817 3162 1918 ἀναρρηγνυμένης,
3187 1817 3378 1919 ἀνδρός
3420 1817 3706 1920 νεοθνῆτος

433 1945 560 2013 peio
589 1954 776 2000 monte
818 1947 1056 2012 incluso,
1096 1947 1310 2017 legatos
1337 1947 1569 2018 rogavit,
1625 1949 1705 2000 An
1741 1963 1803 2000 ea
1854 1946 2021 2001 Roma

434 2043 566 2088 esset
589 2036 614 2088 .9
645 2053 714 2089 an
734 2037 778 2089 is
807 2053 956 2090 mons
986 2046 1116 2091 esset
1141 2038 1168 2091 ?
1188 2055 1259 2092 an
1283 2045 1440 2103 caput
1464 2038 1534 2091 ibi
1555 2039 1822 2093 inventum
1849 2037 2025 2106 esset]?

435 2134 497 2178 ut
529 2126 636 2180 illis
668 2127 800 2182 nihil
837 2128 1277 2198 suspicantibus,
1315 2140 1372 2185 et
1406 2130 1479 2184 ita
1520 2145 1644 2186 esse
1696 2129 2022 2185 afﬁrmanti-

437 2219 561 2281 bus,
590 2220 738 2274 illius
770 2223 1010 2290 portenti
1043 2223 1128 2277 vis
1159 2223 1212 2278 in
1241 2239 1370 2279 eum
1423 2225 1628 2288 locum,
1675 2224 1730 2278 in
1761 2239 1872 2293 quo
1919 2223 2020 2278 de-

433 2307 665 2376 scriptio
696 2310 836 2365 facta
863 2322 1028 2377 esset,
1063 2315 1479 2370 transferretur.
1527 2314 1636 2371 Sed
1664 2315 1826 2386 332
1856 2315 2020 2386 legati

435 2399 506 2451 ab
525 2399 671 2455 illius
697 2403 808 2457 lilio
826 2402 1076 2460 fraudem
1104 2407 1258 2476 prius
1279 2407 1486 2473 edocti,
1507 2423 1632 2464 cum
1653 2417 1979 2478 rogarentur
2003 2425 2016 2461 :

436 2486 563 2542 Non
601 2493 703 2554 hic,
759 2494 1040 2563 inquiunt.
1085 2496 1253 2553 Roma
1305 2498 1520 2564 colitur,
1552 2501 1646 2552 sed
1672 2499 1727 2552 in
1755 2498 1969 2553 Palatio
2001 2514 2019 2553 :

435 2589 485 2634 et
517 2597 664 2635 mons
693 2581 874 2640 Roma:
898 2597 995 2653 est,
1029 2595 1076 2642 et
1123 2597 1281 2660 caput
1313 2591 1370 2645 in
1397 2600 1574 2646 monte
1622 2591 1717 2646 illo
1751 2592 2022 2645 inventum

435 2679 532 2725 est.
562 2672 714 2729 Vatis
744 2677 1044 2734 calliditate
1074 2679 1176 2735 hac
1209 2683 1425 2738 ratione
1451 2683 1630 2748 elusa,
1663 2699 1885 2740 omnem
1922 2700 2020 2740 ve-

434 2761 650 2818 ritatem
706 2766 1040 2837 didicerunt,
1091 2781 1150 2827 et
1187 2773 1404 2830 civibus
1449 2775 1568 2831 suis
1612 2778 2024 2845 renuntiarunt,

442 2871 540 2912 eos
568 2857 686 2914 fore
721 2863 1158 2930 potentissimos,
1215 2874 1272 2920 et
1318 2866 1575 2935 plurimis
1629 2867 2020 2938 imperaturos.

434 2947 606 3018 Igitur
634 2952 750 3007 ham
782 2969 1001 3022 quoque
1031 2970 1120 3010 res
1159 2955 1418 3012 ﬁduciam
1451 2959 1675 3014 illorum
1736 2962 1912 3023 auxit.
1967 2970 2025 3016 et.

433 3055 596 3097 mons
648 3059 714 3098 ex
749 3059 816 3100 eo
863 3047 1197 3119 Capitolium
1229 3058 1314 3104 est
1351 3050 1676 3120 appellatus.
1707 3049 1843 3118 Quia
1893 3066 2025 3106 vero

2124 1937 2337 2008 κεφαλὴ
2371 1937 2614 2006 ἀνεφάνη
2662 1937 2888 2006 ἔναιμος
2924 1938 3028 1992 ἔτι.
3086 1941 3382 2010 Ἐπεμψαν
3433 1943 3523 1994 οῦν
3570 1943 3703 1995 Ῥωσ

2126 2032 2275 2099 μαῖοι
2341 2027 2477 2099 πρὸς
2506 2026 2679 2098 ἄνδρα
2732 2026 3016 2096 Τυρσηνὸν
3075 2029 3507 2098 τερατοσκόπον,
3570 2031 3710 2100 ἐρω-

2121 2121 2322 2184 τῶντες
2347 2120 2407 2172 τὸ
2434 2118 2524 2172 διὰ
2558 2118 2651 2172 τοῦ
2693 2118 2974 2186 Ιφανέντος
3025 2119 3377 2188 δηλούμενον.
3420 2121 3480 2173 '0
3538 2121 3595 2173 δὲ
3649 2122 3711 2175 τὸ

2126 2215 2354 2284 σημεῖον
2385 2214 2464 2276 είς
2495 2214 2594 2283 τὴν
2621 2210 2935 2282 Τυρσηνίδα
2963 2215 3279 2284 μεταθεῖναι
3305 2215 3708 2283 μηχανησάμε-

2124 2323 2234 2370 νος,
2285 2305 2615 2375 διάγραμμα
2659 2305 2754 2356 ἐπὶ
2808 2304 2908 2373 τῆς
2965 2305 3068 2372 γῆς
3107 2305 3428 2376 ἐποιήσατο,
3481 2307 3574 2358 καὶ
3627 2307 3709 2368 εἰς

2123 2396 2256 2450 αὐτὸ
2285 2397 2384 2463 τήν
2415 2413 2474 2450 τε
2497 2397 2596 2465 τῆς
2636 2395 2859 2467 Ῥώμης
2891 2396 3042 2449 θέσιν
3068 2397 3330 2460 ἐντείνας,
3359 2398 3452 2450 καὶ
3477 2398 3536 2450 τὸ
3567 2399 3710 2463 Ταρ-

2123 2491 2276 2543 πεϊον
2332 2489 2480 2559 δρος,
2538 2489 2733 2559 ἔμελλε
2793 2491 2918 2550 τοὺς
2967 2489 3226 2559 πρέσϐεις
3269 2490 3583 2560 ἀνερέσθαι.
3641 2490 3711 2544 Ἢ

2136 2580 2334 2651 Ῥώμη
2369 2581 2522 2652 αὕτη
2558 2581 2694 2634 ἐστι
2715 2597 2735 2644 ;
2770 2583 2833 2634 τὸ
2856 2580 2990 2649 ὄρος
3015 2580 3193 2634 τοῦτό
3211 2581 3380 2645 eam;
3411 2581 3449 2647 ἡ
3475 2582 3710 2650 κεφαλὴ

2122 2670 2648 2739 ἐνταῦθαεῠρέθη;
2678 2671 2748 2724 ἵν’
2775 2671 2999 2725 ἐκείνων
3047 2671 3213 2740 μηδὲν
3244 2672 3711 2740 ὑποτοπησάντων

2126 2763 2224 2818 καὶ
2259 2764 2671 2833 συμφησάντων
2695 2764 2728 2832 ή
2756 2762 2989 2834 δύναμις
3009 2761 3104 2816 τοῦ
3137 2763 3370 2833 σημείου
3402 2767 3483 2827 είς
3506 2765 3568 2817 τὸ
3599 2784 3708 2836 χωο

2128 2855 2262 2925 ρίον,
2318 2857 2377 2908 ἐν
2429 2847 2475 2923 ᾧ
2519 2854 2910 2927 διεγέγραπτο,
2970 2855 3294 2925 μετασταίη.
3353 2857 3462 2908 Καὶ
3517 2857 3546 2908 ό
3611 2857 3711 2925 μὲν

2124 2947 2298 3000 ταῦτα
2327 2948 2657 3017 ἐτεχνήσατο
2681 2963 2697 2978 ο
2728 2948 2776 2999 oi
2798 2946 2857 3000 δὲ
2924 2946 3190 3014 πρέσϐεις
3230 2949 3384 3018 παρά
3437 2947 3531 3000 τοῦ
3562 2950 3710 3011 υίέος

2127 3041 2338 3094 ἐκείνου
2394 3040 2664 3108 μαθόντες
2711 3041 2774 3093 τὸ
2803 3042 3108 3113 τέχνασμα,
3155 3043 3547 3112 ἐρωτώμενον
3587 3047 3710 3098 Οὐκ

435 3132 770 3204 Tarquinius
795 3139 862 3192 ad
899 3142 1086 3212 templi
1110 3141 1605 3198 exaediﬁcationem
1631 3144 1867 3213 pecunia
1895 3159 2016 3215 age-

2123 3134 2384 3188 ἐνταῦθα
2429 3133 2676 3187 οἰκεῖται
2722 3133 2760 3200 ἠ
2800 3133 3011 3205 Ῥώμη,
3048 3135 3183 3189 ἀλλ’
3208 3136 3279 3188 ἐν
3309 3134 3389 3201 τῷ
3415 3139 3712 3201 Παλατίῳ,

434 3222 556 3291 bat,
611 3226 946 3288 Ardeatibus
981 3233 1131 3288 illato
1159 3233 1320 3299 bello,
1363 3248 1543 3304 neque
1592 3233 1883 3304 pecuniam
1926 3249 2020 3290 ac-

435 3317 684 3385 quisivit,
716 3329 772 3375 et
798 3337 970 3394 regno
994 3326 1221 3382 excidit.
1248 3324 1381 3392 Qua:
1413 3325 1697 3381 calamitas
1725 3341 1793 3381 ex
1833 3326 2019 3396 prodi-

435 3406 540 3474 giis
573 3418 658 3463 est
714 3413 1156 3484 praesigniﬁcata.
1185 3416 1321 3471 Nam
1363 3427 1424 3472 et
1457 3417 1710 3473 vultures
1741 3429 1810 3471 ex
1845 3416 2018 3472 hortis

433 3497 555 3568 ejus
582 3501 764 3568 pullos
783 3506 1094 3574 aquilarum
1123 3509 1458 3579 expulerunt
1487 3526 1500 3563 :
1525 3516 1582 3564 et
1611 3509 1804 3581 anguis
1824 3510 2018 3581 ingens

431 3599 465 3640 e
494 3591 763 3655 conclavi,
829 3593 882 3649 in
913 3611 1024 3666 quo
1075 3612 1202 3653 cum
1259 3599 1455 3656 amicis
1485 3601 1912 3669 convivabatur,
1959 3610 2018 3658 et

432 3679 614 3748 {ipsum
643 3693 698 3737 et
727 3687 987 3743 convivas
1018 3689 1249 3761 fugavit.
1280 3692 1353 3747 lis
1375 3692 1444 3748 de
1493 3693 1679 3749 causis
1731 3694 1919 3750 Titum
1957 3702 2018 3750 et

432 3775 704 3824 hruntem
739 3771 902 3840 ﬁlios,
935 3776 1176 3847 Delphos
1198 3779 1369 3836 misit.
1403 3779 1618 3848 Quibus
1651 3798 1779 3841 cum
1821 3784 2017 3854 Apollo

433 3861 830 3931 respondisset,
876 3874 990 3922 tum
1019 3884 1147 3925 eum
1177 3871 1469 3942 imperium
1500 3875 1859 3942 amissurum,
1885 3892 2012 3932 cum

429 3951 584 4006 emis
628 3955 868 4012 hum-ma
937 3975 1073 4017 voce
1122 3963 1468 4033 loqueretur,
1542 3984 1640 4038 spe
1703 3969 1850 4025 bona
1907 3969 2016 4024 sibi

432 4038 714 4101 blanditus
767 4058 874 4117 est,
913 4067 1196 4123 nunquam
1250 4056 1305 4110 id
1353 4060 1639 4114 oraculum
1685 4070 2015 4117 eventurum

429 4139 604 4190 ratus.
627 4132 758 4192 Erat
781 4149 961 4195 autem
989 4141 1052 4198 L.
1074 4142 1288 4204 Junius.
1313 4147 1519 4202 sororis
1541 4147 1824 4218 Tarquinii
1848 4149 2014 4215 ﬁlius,

433 4226 594 4294 cujus
642 4239 851 4296 patrem
905 4239 962 4286 et
988 4235 1213 4291 fratrem
1259 4247 1528 4310 tyrannus
1585 4241 1909 4297 sustulerat.
1965 4241 2016 4297 Is

433 4321 561 4374 vitae
577 4335 688 4376 sua:
715 4321 939 4393 timens,
967 4328 1253 4384 stultitiam
1283 4331 1585 4398 simulavit,
1607 4335 1768 4404 cujus
1787 4333 2015 4389 numine

433 4411 609 4467 tutior
646 4424 796 4471 esset
828 4436 842 4472 :
879 4421 1029 4476 unde
1052 4421 1208 4478 Bruti
1235 4440 1440 4480 nomen
1460 4436 1545 4481 est
1573 4426 1830 4497 adeptus,
1865 4429 2012 4499 quod

2126 3225 2226 3278 καί
2256 3225 2320 3279 τὸ
2355 3225 2492 3294 ὅρος
2522 3224 2591 3278 ἐν
2623 3223 2700 3292 τῇ
2737 3226 3042 3294 Ῥωμαίων
3073 3226 3226 3292 ἐστὶ,
3257 3229 3354 3281 καὶ
3390 3229 3428 3296 ἡ
3472 3231 3710 3297 κεφαλὴ

2123 3318 2196 3372 ἐν
2224 3317 2303 3384 τῷ
2328 3317 2451 3386 ὄρει
2481 3319 2694 3386 ἐκείνῳ
2722 3319 2956 3387 εὑρέθη.
2989 3317 3148 3373 Οὕτω
3171 3320 3226 3373 δὲ
3252 3320 3330 3390 τῷ
3383 3325 3712 3392 τερατοσκό-

2125 3432 2213 3486 πῳ
2245 3414 2702 3484 διακρουσθέντος
2750 3413 2846 3468 τοῦ
2876 3419 3301 3485 μηχανήματος,
3357 3420 3537 3470 πᾶσαν
3569 3419 3713 3470 ἐκεῖ-

2125 3524 2207 3561 νοι
2231 3507 2334 3576 τὴν
2358 3507 2620 3578 ἀλήθειαν
2643 3505 2870 3576 ἔμαθον,
2897 3507 2992 3560 καὶ
3016 3509 3129 3570 τοῖς
3159 3508 3409 3572 πολίταις
3448 3509 3712 3578 ἀνήγγει-

2123 3599 2245 3663 λαν,
2285 3599 2370 3653 ὅτι
2404 3600 2694 3670 κράτιστοι
2726 3599 2964 3662 ἔσονται,
2998 3599 3092 3653 καὶ
3117 3599 3390 3654 πλείστων
3425 3603 3710 3671 ἄρξουσιν.

2136 3691 2325 3754 Ἐλπὶς
2357 3689 2454 3744 οὖν
2485 3692 2594 3746 κάκ
2629 3691 2824 3744 τούτου
2854 3691 3042 3754 αὐτοῖς
3070 3691 3456 3760 προσεγένετο,
3481 3693 3712 3746 κάντεῦ-

2123 3782 2218 3837 θεν
2246 3783 2306 3836 τδ
2330 3783 2457 3852 δρος
2485 3781 2894 3854 μετωνομάσθη
2929 3782 3062 3852 παρ’
3109 3783 3288 3835 αὐτῶν
3339 3784 3686 3837 Καπιτώλιον

2123 3873 2351 3927 Καπίτα
2376 3872 2484 3944 γὰρ
2514 3875 2580 3944 τῇ
2628 3871 2920 3942 Ῥωμαίων
2957 3871 3226 3942 διαλέκτῳ
3279 3874 3311 3944 ή
3352 3873 3563 3944 κεφαλὴ
3587 3874 3710 3926 όνοο

2126 3965 2380 4036 μάζεται.
2423 3965 2651 4035 Δεηθεὶς
2682 3965 2739 4018 δὲ
2775 3963 3073 4034 χρημάτων
3135 3964 3215 4026 είς
3263 3963 3362 4034 τὴν
3414 3965 3709 4034 οἰκοδομὴν

2122 4055 2253 4112 ναοῦ
2291 4057 2320 4109 ὁ
2359 4054 2688 4126 Ταρκύνιος,
2746 4055 3068 4125 Ἀρδεάταις
3124 4055 3397 4124 ἐπήνεγκε
3447 4057 3708 4123 πόλεμον,

2121 4148 2246 4202 ὅθεν
2269 4147 2395 4201 οὔτε
2419 4148 2683 4218 χρήματα
2705 4146 3141 4216 προσεκτήσατο,
3174 4146 3268 4198 καὶ
3297 4147 3397 4214 τῆς
3430 4146 3708 4216 βασιλείας

2121 4240 2374 4307 ἐξέπεσε.
2405 4238 2672 4305 Γεγόνασι
2710 4237 2755 4291 δ’
2791 4237 2942 4308 αύτῷ
2976 4241 3072 4292 καὶ
3105 4237 3308 4308 σημεῖά
3366 4256 3488 4293 τινα
3532 4240 3700 4309 δηλω-

2120 4331 2248 4386 τικά
2286 4331 2384 4401 τῆς
2409 4328 2764 4392 ἐκπτώσεως.
2803 4330 2908 4382 Ἐκ
2934 4346 2992 4382 τε
3028 4330 3136 4399 γάρ
3165 4329 3261 4383 τοῦ
3305 4330 3488 4398 κήπου
3537 4331 3706 4384 αὑτοῦ

2121 4424 2295 4492 γῦπες
2323 4423 2578 4484 νεοσσοὺς
2605 4421 2878 4491 ἐξήλασαν
2923 4422 3120 4474 ἀετῶνο
3149 4420 3244 4474 καὶ
3295 4421 3356 4486 ἐξ
3413 4423 3707 4492 ἀνδρῶνος,

431 4500 647 4558 fatuum
697 4507 992 4579 signiﬁcat.
1045 4513 1127 4569 Ob
1154 4529 1275 4570 eam
1311 4517 1559 4572 stultitiae
1605 4518 2015 4575 simulationem

2122 4519 2180 4571 ἐν
2211 4516 2256 4588 ᾧ
2299 4517 2641 4569 συνειστιᾶτο
2668 4515 2865 4583 φίλοις,
2899 4514 3021 4582 ὄφις
3071 4516 3250 4583 μέγας
3282 4516 3571 4583 ἐπιφανεὶς
3603 4517 3673 4568 αύ

434 4609 465 4648 a
518 4595 837 4668 Tarquiniis
897 4602 1138 4674 Delphos
1178 4605 1402 4674 ductus,
1458 4610 1766 4666 ludibrium
1823 4611 2014 4667 verius

432 4699 601 4754 quam
661 4704 848 4746 comes
880 4710 896 4752 ;
934 4696 1037 4749 etsi
1087 4697 1454 4766 proﬁtebatur
1505 4715 1563 4755 se
1613 4700 1718 4755 dco
1757 4701 2013 4756 baculum

433 4776 580 4833 dono
609 4781 872 4849 laturum,
909 4785 964 4841 in
997 4803 1109 4857 quo
1161 4803 1288 4843 cum
1331 4791 1473 4845 nihil
1524 4801 1815 4862 appareret
1855 4791 2010 4858 boni,

431 4884 498 4925 ea
525 4887 745 4944 quoque
776 4876 844 4930 de
893 4893 1059 4935 causa
1093 4880 1401 4938 ridebatur.
1449 4884 1652 4940 Verum
1687 4899 1751 4939 ea
1803 4900 1864 4939 re
1915 4901 2015 4954 per

431 4965 694 5036 ambages
722 4967 954 5039 efﬁgiem
1001 4975 1292 5042 quamdam
1330 4975 1534 5047 ingenii
1564 4976 1649 5031 sui
1710 4992 2016 5046 repraesen-

435 5056 608 5112 tabat.
640 5059 774 5114 Nam
807 5076 874 5116 eo
924 5073 1217 5130 excavato,
1253 5068 1392 5122 clam
1431 5084 1628 5122 aurum
1684 5069 2009 5124 infuderat:

435 5157 494 5203 ut
523 5151 861 5218 ostenderet,
884 5155 1162 5226 ingenium
1191 5173 1412 5228 quoque
1445 5174 1607 5213 suum
1648 5160 1922 5232 integrum
1956 5170 2013 5216 et

434 5241 764 5301 honorabile
809 5246 912 5302 sub
965 5249 1334 5320 ignominioso
1384 5253 1631 5308 stultitiae
1698 5255 2012 5311 velamento

431 5333 775 5391 delitescere.
808 5337 1266 5396 Adulescentibus
1301 5357 1468 5412 porro
1501 5343 2006 5416 interrogantibus,

430 5428 557 5496 quis
584 5431 722 5499 patri
753 5446 1113 5488 successurus
1138 5442 1281 5490 esset
1307 5434 1331 5488 ?
1364 5435 1668 5506 RcSpondit
1700 5437 1858 5501 deus,
1883 5453 2011 5494 eum

431 5519 526 5588 qui
565 5533 793 5577 matrem
834 5524 989 5592 prius
1028 5527 1397 5594 oscularetur,
1448 5545 1631 5584 rerum
1676 5531 2010 5600 potiturum.

431 5610 552 5676 Quo
583 5613 787 5670 Brutus
826 5617 1132 5681 intellecto,
1163 5630 1389 5686 terram,
1423 5622 1580 5692 quasi
1625 5622 1852 5677 fortuito
1884 5637 2014 5692 pro-

433 5699 644 5769 lapsus,
675 5705 1025 5762 deosculatus
1056 5720 1160 5764 est.
1193 5728 1357 5781 quam
1387 5728 1737 5770 communem
1765 5714 2012 5770 omnium

437 5802 670 5849 matrem
700 5810 825 5852 esse
855 5808 1002 5852 recte
1023 5799 1315 5871 judicavit.
1359 5805 1508 5860 Idem
1536 5806 1741 5862 Brutus
1774 5807 2013 5878 Tarqui-

2122 4609 2213 4663 τόν
2243 4625 2303 4661 τε
2329 4609 2422 4662 καὶ
2452 4608 2579 4670 τοὺς
2610 4607 2898 4669 συσσίτους
2928 4608 3174 4672 ἐξέϐαλε.
3209 4607 3309 4661 Διά
3330 4626 3412 4661 τοι
3441 4609 3610 4661 ταῦτα
3651 4610 3702 4660 ἐ.

2125 4700 2362 4768 Δελφοὺς
2391 4697 2552 4753 Τῖτόν
2577 4699 2752 4752 τεκαὶ
2787 4697 3086 4770 ’Δρροῦντα
3127 4699 3256 4761 τοὺς
3287 4701 3436 4760 υἱοὺς
3469 4700 3703 4768 έπεμψε.

2123 4792 2232 4846 Τοῦ
2266 4792 2324 4845 δὲ
2358 4793 2690 4854 ’Λπόλλωνος
2715 4792 3020 4861 χρήσαντος
3071 4792 3195 4844 τότε
3221 4792 3321 4861 τῆς
3373 4792 3555 4860 ἀρχῆς
3610 4794 3676 4845 ἐκ

2120 4883 2605 4947 πεσεῖσθαιαύτὸν,
2630 4884 2718 4936 ὅτε
2737 4883 2885 4936 κύων
2903 4883 3221 4953 ἀνθρωπίνῃ
3247 4887 3396 4952 φωνῇ
3419 4886 3704 4952 χρήσαιτο,

2120 4976 2355 5044 ἀγαθαῖς
2386 4975 2601 5029 ἐλπίσιν
2626 4976 2870 5047 ᾐώρητο,
2904 4974 2979 5046 μὴ
3009 4974 3215 5045 οἰηθείς
3249 4991 3382 5027 ποτε
3442 4976 3704 5042 γενέσθαι

2116 5071 2178 5125 τὸ
2197 5071 2481 5140 μάντευμα
2493 5064 2618 5123 ,ἾΙν
2631 5069 2686 5123 δὲ
2708 5069 2936 5133 Λούκιος
2954 5069 3174 5131 Ἰούνιος
3193 5068 3431 5137 ἀδελφῆς
3446 5069 3539 5120 τοῦ
3561 5069 3710 5138 Ταρ-

2118 5160 2305 5214 κυνίου
2331 5161 2466 5224 υίὸς,
2499 5153 2559 5214 οῦ
2589 5161 2681 5214 τὸν
2710 5161 2926 5231 πατέρα
2951 5162 3044 5215 καὶ
3073 5159 3165 5212 τὸν
3193 5159 3423 5228 ἀδελφὸν
3444 5160 3675 5226 όΤαρκύ

2118 5272 2230 5318 νιος
2258 5255 2522 5308 ἔκτεινεν.
2556 5247 2726 5316 Οὗτος
2751 5248 2865 5317 οῦν,
2901 5253 2996 5306 καὶ
3022 5253 3151 5322 περὶ
3185 5249 3364 5322 ἑαυτῷ
3419 5251 3700 5316 δεδοικὼς,

2119 5346 2332 5418 μωρίαν
2389 5348 2850 5416 προσεποιήσατο,
2907 5345 3116 5415 ταύτην
3159 5343 3358 5398 ἑαυτοῦ
3387 5345 3688 5414 προστησάσ

2121 5455 2278 5509 μενος
2311 5439 2579 5509 σώτειραν
2603 5479 2616 5493 .
2651 5438 2743 5492 Διὸ
2786 5439 2881 5491 καὶ
2916 5437 3155 5508 Βροῦτος
3205 5438 3484 5508 ἐπεκλήθη
3505 5451 3520 5469 ο
3566 5438 3696 5500 τοὺς

2117 5531 2227 5601 γὰρ
2261 5531 2480 5602 εὐήθεις
2506 5530 2650 5584 οὕτω
2669 5533 2783 5594 τοῖς
2807 5530 3059 5593 Λατίνοις
3104 5529 3226 5593 ἔθος
3272 5531 3480 5584 καλεῖν.
3522 5531 3704 5586 Πλατ-

2115 5623 2341 5692 τόμενος
2371 5618 2466 5678 οῦν
2499 5624 2590 5677 τὸν
2642 5623 3010 5694 μωραίνοντα,
3060 5623 3174 5686 τοῖς
3226 5624 3322 5677 τοῦ
3379 5625 3692 5692 Ταρκυνίου

2116 5716 2308 5769 παισὶν
2343 5716 2423 5778 είς
2453 5715 2694 5784 Δελφοὺς
2709 5713 2931 5768 ἀπιοῦσι
2958 5716 3398 5786 συμπαρελήφθη
3423 5715 3499 5777 ὡς
3529 5713 3701 5786 ἄθυρ-

2115 5825 2209 5878 μα.
2255 5805 2313 5862 ’0
2342 5808 2399 5862 δέ
2425 5809 2521 5862 καὶ
2564 5808 2824 5883 ἀνάθημα
2847 5809 3035 5886 φέρειν
3071 5805 3226 5874 ἔλεγε
3259 5805 3336 5875 τῷ
3365 5807 3485 5874 Θεῷ
3506 5823 3523 5840 ·
3559 5806 3620 5860 τὸ
3647 5807 3698 5860 δ’
