4060 6398
424 396 535 463 579

1717 398 2047 460 JOANNIS
2087 400 2414 461 ZONARIE

3582 397 3694 466 580

420 507 601 574 missi,
649 513 764 561 tum
800 517 862 560 re
914 501 1119 559 infecta
1167 502 1568 561 discesserunt.
1596 504 1729 561 Post
1792 507 1991 564 reversi

2105 510 2412 580 Ταρκυνιου
2443 506 2707 576 πρέσϐεις
2736 508 2818 572 είς
2852 505 3078 579 Ῥώμην
3109 501 3267 580 ἧκον,
3298 507 3430 580 περὶ
3459 509 3693 568 καθόδου

423 599 755 662 retulerunt,
789 594 836 650 si
865 594 1010 650 bona
1042 607 1143 648 sua
1174 593 1302 664 ipsi,
1331 594 1529 651 amicis
1557 603 1614 650 et
1669 597 2002 652 necessariis

417 694 804 753 redderentur,
838 685 986 744 unde
1023 686 1286 744 exsilium
1319 687 1642 748 tolerarent.
1671 702 1800 744 eum
1828 703 1999 758 regno

416 784 583 860 334
622 795 934 846 cessurum,
971 788 1030 834 et
1050 779 1256 836 bellum
1283 779 1666 850 depositurum
1710 793 1853 836 esse.
1883 779 2003 846 Qua

419 878 690 949 petitione
736 888 863 928 cum
911 869 1066 926 multi
1093 867 1472 937 flecterentur,
1500 878 1668 940 atque
1699 869 1816 940 ipse
1865 872 2002 924 adeo

418 969 750 1032 Collatinus,
788 964 942 1020 Bruti
973 963 1182 1034 collega
1221 962 1464 1018 :Brutus
1498 977 1530 1018 e
1560 962 1714 1018 curia
1745 962 1800 1016 in
1818 961 2000 1016 forum

417 1060 684 1126 excurrit,
708 1058 1042 1114 Collatinum
1064 1055 1404 1126 proditorem
1437 1055 1696 1125 appellat,
1745 1055 1838 1124 qui
1870 1053 2000 1110 belli

417 1164 476 1211 et
533 1150 841 1224 tyrannidis
892 1149 1260 1203 instrumenta
1307 1147 1626 1218 largiretur.
1673 1146 1860 1216 Legati
1901 1161 2002 1218 per

415 1247 658 1319 speciem
725 1241 1039 1312 repetenda:
1089 1239 1338 1310 pecuniae
1403 1240 1592 1294 Romae
1647 1240 1996 1306 commorati,

413 1339 635 1396 nobiles
690 1336 902 1406 aliquot
963 1333 1345 1388 adolescentes
1403 1346 1780 1402 corrumpere,
1835 1340 2001 1402 atque

413 1431 561 1486 inter
585 1427 744 1489 alios,
778 1427 944 1481 etiam
975 1423 1129 1478 Bruti
1160 1422 1304 1478 filios
1341 1423 1485 1479 duos
1511 1425 1578 1478 ad
1625 1425 1999 1494 proditionem

413 1520 702 1592 impellere
746 1518 1104 1574 studuerunt.
1143 1523 1189 1570 Α
1221 1515 1426 1586 quibus
1482 1515 1719 1586 benigne
1772 1526 1999 1587 accepta

413 1613 688 1679 oratione,
711 1612 890 1666 visum
917 1618 1003 1666 est
1030 1617 1192 1680 pacta
1219 1609 1586 1680 jurejurando
1607 1611 1824 1665 sancire
1854 1629 1868 1665 :
1902 1625 1999 1665 ea-

410 1723 522 1779 que
563 1707 633 1762 de
687 1719 854 1761 causa
885 1704 941 1758 in
969 1703 1118 1759 aedes
1163 1717 1306 1773 pene
1340 1702 1590 1758 desertas
1621 1713 1680 1758 et
1733 1702 2000 1758 obscuras

411 1800 670 1870 ingressi,
701 1814 814 1854 non
861 1796 1376 1852 animadverterunt
1428 1797 1506 1852 ibi
1530 1812 1651 1854 esse
1681 1797 1998 1854 Vindicium

2103 599 2482 669 διαλεγόμενοι
2506 614 2521 631 ·
2555 597 2628 661 ώς
2661 596 2707 650 δ’
2741 597 2897 651 οὐδὲν
2925 598 3111 669 ἡνυον,
3139 599 3316 668 ἕτεροι
3359 596 3515 665 αὖθις
3565 603 3693 656 ἐπέ·

2104 708 2337 762 στησαν,
2368 689 2702 759 ἀφίστασθαι
2731 689 2834 760 τῆς
2866 689 3180 760 βασιλείας,
3229 693 3325 746 καὶ
3377 695 3576 748 παύειν
3599 696 3692 749 τὸν

2103 782 2341 852 πόλεμον
2375 781 2626 850 λέγοντες
2683 780 2778 835 τὸν
2829 781 3157 851 Ταρκύνιον,
3213 783 3262 835 εί
3310 783 3379 837 τὰ
3429 785 3691 855 χρήματα

2101 873 2306 928 δοθεῖεν
2335 873 2508 944 αὐτῷ,
2540 875 2637 927 καὶ
2663 877 2776 939 τοῖς
2807 874 3007 943 φίλοις,
3039 876 3134 928 καὶ
3163 878 3276 938 τοῖς
3310 878 3559 942 οἰκείοις,
3597 880 3693 948 ἀφ’

2101 959 2179 1018 ὧν
2207 964 2596 1019 διαϐιώσονται
2641 965 2962 1034 φεύγοντες.
3013 966 3439 1036 Ἐπικλωμένων
3475 967 3531 1020 δὲ
3562 972 3694 1021 πυλ-

2103 1058 2232 1124 λών,
2260 1058 2356 1113 καὶ
2393 1058 2561 1117 αὐτοῦ
2603 1059 2937 1113 Κολλατίνου
2965 1057 3063 1112 τοῦ
3112 1058 3191 1128 τῷ
3222 1059 3444 1130 Βρούτῳ
3484 1064 3690 1132 συνάρ-

2103 1166 2313 1219 χοντος,
2344 1151 2426 1215 εἰς
2455 1150 2667 1221 ἀγορὰν
2691 1153 2719 1205 6
2751 1151 2991 1224 Βροῦτος
3041 1153 3105 1205 ὲκ
3144 1152 3240 1205 τοῦ
3302 1151 3690 1224 βουλευτηρίου

2102 1242 2394 1314 ἐξέδραμε,
2431 1244 2704 1317 προδότην
2735 1245 2828 1301 τὸν
2866 1247 3196 1302 Κολλατῖνον
3227 1248 3540 1314 ἀποκαλῶν,
3599 1265 3694 1302 πο-

2102 1334 2270 1405 λέμου
2347 1335 2444 1390 καὶ
2509 1338 2826 1408 τυραννίδος
2873 1339 3128 1412 ἀφορμὰς
3190 1344 3571 1412 χαριζόμενον.
3626 1343 3692 1396 0!

2103 1424 2364 1496 πρέσϐεις
2391 1425 2450 1480 δὲ
2501 1426 2596 1480 ἐπὶ
2653 1430 2722 1500 τῇ
2771 1427 2882 1482 τῶν
2927 1429 3235 1500 χρημάτων
3291 1430 3567 1500 προφάσει
3620 1433 3687 1501 τῇ

2114 1515 2303 1590 Ῥώμῃ
2337 1519 2797 1592 ἐνδιατρίϐοντες,
2826 1521 3059 1591 ῖσχυσαν
3090 1520 3406 1592 διαφθεῖραι
3432 1521 3539 1576 τῶν
3570 1525 3690 1576 ὲπι-

2106 1611 2302 1683 σήμων
2340 1613 2510 1678 τινας,
2542 1613 2663 1682 μεθ’
2707 1605 2784 1668 ὧν
2815 1615 2914 1668 καὶ
2942 1613 3053 1668 δύω
3085 1613 3182 1666 τοῦ
3220 1613 3458 1684 Βρούτου
3493 1614 3688 1676 παῖδας

2103 1703 2334 1758 ἔπεισαν
2359 1705 2419 1756 ὲν
2447 1707 2514 1776 τῇ
2559 1705 2824 1778 προδοσίᾳ
2854 1706 3132 1776 γενέσθαι.
3187 1707 3276 1770 ’ος
3307 1703 3402 1761 οὖν
3438 1708 3692 1761 συνέπειο

2107 1812 2208 1851 σαν
2237 1796 2305 1850 τὰ
2337 1797 2623 1867 μειράκια,
2648 1797 2794 1863 εδοξε
2839 1800 2937 1852 καὶ
2990 1800 3154 1870 ὅρκον
3203 1799 3488 1872 προθεῖναι
3592 1801 3690 1853 καὶ

410 1908 659 1959 servum,
714 1890 808 1962 qui
839 1905 956 1946 non
989 1888 1058 1945 de
1090 1889 1384 1955 industria,
1441 1889 1539 1945 sed
1599 1891 1740 1944 forte
1775 1889 1991 1944 fortuna

2100 1889 2196 1944 ἐπὶ
2228 1891 2439 1953 τούτοις
2466 1892 2546 1954 είς
2575 1891 2754 1945 οἰκίαν
2789 1889 3255 1963 συνῆλθον.ἹΙνδὲ
3285 1893 3313 1945 6
3339 1886 3492 1956 οἶκος
3515 1892 3691 1964 ύπέρο

411 1983 489 2038 ibi
515 1982 871 2047 delitescens,
901 1988 1182 2050 spectator
1219 1987 1496 2046 actorum,
1525 1986 1584 2034 et
1614 1979 1837 2034 auditor
1875 1995 1996 2035 ser-

409 2086 639 2130 monum
677 2073 782 2128 fuit
817 2089 832 2127 :
871 2087 996 2142 quae
1022 2071 1210 2127 omnia
1247 2070 1318 2126 ad
1351 2070 1560 2127 caedem
1609 2072 1902 2127 consulum
1935 2081 1997 2127 et

411 2167 784 2238 proditionem
840 2165 1000 2220 urbis
1059 2164 1406 2236 spectabant,
1451 2165 1656 2220 additis
1697 2166 1864 2220 etiam
1923 2164 1994 2220 ad

409 2259 774 2329 Tarquinium
832 2257 1057 2313 litteris.
1108 2255 1428 2328 Coniuratis
1473 2257 1758 2330 digressis,
1799 2272 1993 2314 servus

409 2353 595 2406 omnia
623 2349 822 2406 defert.
857 2349 940 2404 Illi
967 2349 1283 2420 capiuntur,
1310 2349 1509 2406 littera:
1533 2350 1866 2406 afferuntur.
1895 2351 1994 2406 De-

377 2475 380 2478 ‹
409 2443 692 2498 ducuntur
717 2441 774 2496 in
818 2439 1000 2496 forum
1038 2457 1053 2495 :
1084 2448 1304 2496 astante
1357 2441 1638 2507 Vindicio,
1671 2443 1870 2498 littera:
1901 2457 1990 2498 re-

409 2535 674 2591 citantur.
722 2533 860 2589 Aliis
881 2541 1140 2588 mmstum
1162 2532 1443 2588 silentium
1479 2535 1820 2603 tenentibus,
1847 2535 1990 2590 Bru-

409 2635 500 2682 tus
541 2625 865 2682 nominatim
920 2635 1216 2695 utrumque
1266 2623 1439 2679 filium
1485 2626 1809 2682 allocutus:
1869 2626 1992 2682 Non

409 2717 689 2790 depellitis,
710 2715 908 2786 inquit,
927 2717 1124 2770 crimen
1145 2715 1296 2772 ?lllis
1317 2717 1650 2784 tacentibus,
1675 2717 1742 2772 ad
1767 2719 1992 2776 lictores

409 2823 753 2866 conversus:
781 2807 938 2875 Quod
972 2815 1162 2872 restat,
1192 2807 1294 2874 ait,
1324 2810 1483 2863 uestri
1539 2813 1772 2864 muneris
1801 2817 1899 2866 est.
1947 2809 1991 2865 li

408 2902 787 2958 adolescentes
813 2909 1064 2970 arreptos
1105 2899 1292 2972 ﬂagris
1337 2901 1662 2958 ceciderunt
1697 2919 1713 2959 :
1751 2917 1989 2972 quorum

408 2991 791 3047 misericordia
836 3003 965 3044 cum
1008 2990 1104 3044 alii
1150 2999 1532 3057 moverentur,
1593 3000 1750 3061 pater
1807 3006 1991 3062 neque

407 3083 599 3139 oculos
624 3082 733 3137 alio
761 3081 982 3148 avertit,
1027 3097 1209 3153 neque
1235 3083 1410 3138 ullum
1463 3083 1866 3140 misericordiae
1914 3083 1992 3139 si-

407 3191 574 3248 gnum
603 3175 778 3245 dedit,
816 3177 998 3248 quoad
1034 3176 1215 3231 securi
1265 3176 1516 3247 percussi
1555 3187 1707 3233 sunt.
1755 3176 1872 3233 Hoc
1901 3178 1987 3233 fa-

405 3279 558 3325 ctum
599 3281 780 3340 neque
806 3266 1031 3322 laudare
1085 3281 1268 3336 neque
1310 3267 1623 3336 vituperare
1668 3278 1988 3338 promptum

404 3370 512 3417 est.
543 3361 656 3416 Aut
680 3359 829 3416 enim
858 3358 1082 3414 virtutis
1119 3357 1354 3414 altitudo
1381 3359 1832 3429 perturbationes
1869 3375 1990 3416 om-

406 3468 505 3509 nes
536 3454 594 3509 in
619 3453 739 3524 ejus
784 3451 969 3507 animo
1017 3451 1314 3522 oppressit,
1379 3459 1475 3507 aut
1515 3453 1846 3511 calamitatis
1870 3471 1988 3512 ma-

403 3546 638 3619 gnitudo
665 3546 719 3602 ei
778 3554 1064 3615 stuporem
1096 3545 1304 3600 attulit.
1359 3545 1634 3602 Neutrum
1681 3561 1814 3604 vero
1865 3548 1986 3606 exi~

402 3653 574 3710 gnum
606 3645 710 3704 est,
741 3647 836 3693 aut
865 3638 1169 3692 humanum
1199 3653 1213 3692 :
1246 3636 1344 3694 sed
1378 3649 1476 3694 aut
1523 3639 1855 3710 divinitatis,
1887 3653 1986 3699 aut

405 3730 661 3788 belluinte
693 3729 1071 3785 immanitatis.
1112 3729 1212 3785 His
1252 3729 1583 3800 interfectis,
1614 3748 1646 3788 a
1676 3733 1850 3790 Bruto
1883 3750 1984 3805 po-

403 3824 669 3880 stulatum
695 3830 801 3889 est,
835 3831 898 3878 ut
942 3824 1008 3878 de
1049 3823 1267 3880 caeteris
1303 3839 1526 3895 quoque
1569 3827 1982 3896 pronuntiaret.

401 3917 483 3972 Ad
509 3931 632 3988 qua:
661 3916 753 3971 ille
779 3933 794 3974 :
819 3915 1037 3982 Liberis,
1061 3915 1261 3987 inquit,
1290 3919 1418 3972 meis
1444 3919 1662 3974 idoneus
1694 3920 1771 3991 fui
1787 3921 1983 3987 iudex;

400 4012 466 4066 de
498 4011 700 4065 exteri:
728 4025 847 4064 vero
877 4008 1072 4065 civibus
1093 4010 1215 4078 jam
1260 4011 1436 4068 liberis
1471 4014 1726 4085 suﬁ‘ragia
1763 4016 1984 4086 ferenda

398 4103 666 4172 permitto.
703 4099 1007 4156 Sententiis
1053 4100 1204 4166 latis,
1235 4115 1431 4158 omnes
1460 4105 1644 4160 securi
1687 4116 1818 4162 sunt
1847 4123 1983 4178 per-

399 4193 567 4260 cussi,
598 4201 763 4263 atque
811 4192 959 4246 inter
996 4193 1134 4249 alios
1185 4195 1405 4266 cognati
1431 4195 1645 4268 aliquot
1672 4197 1977 4256 Collatini:

2097 1998 2239 2055 ημος
2271 1981 2366 2034 καὶ
2425 1979 2719 2051 σκοτώδης.
2757 1982 2991 2038 Ἔλαθεν
3020 1981 3116 2038 οὖν
3165 1983 3316 2037 ένδον
3364 1982 3441 2036 ὢν
3471 1984 3572 2036 οὑκ
3622 1986 3688 2038 ὲκ

2097 2071 2382 2142 προνοίας,
2446 2069 2586 2126 ἀλλὰ
2635 2073 2902 2142 τυχαίως,
2973 2074 3196 2141 οἰκέτης
3256 2074 3430 2144 ὄνομα
3479 2075 3691 2128 Οὐινδί-

2096 2180 2216 2227 κιος
2255 2162 2392 2234 (92),
2427 2163 2522 2218 καὶ
2547 2164 2964 2236 κατακρυφθεὶς
3021 2167 3166 2232 ἐκεῖ,
3226 2166 3426 2236 θεατής
3473 2183 3532 2218 τε
3576 2165 3687 2218 τῶν

2094 2255 2390 2329 δρωμένων
2414 2251 2504 2328 ἦν,
2535 2257 2634 2310 καὶ⁵
2670 2256 2784 2310 τῶν
2837 2256 3280 2327 βεϐουλευμένων
3314 2260 3583 2328 ἐπήκοος·
3619 2256 3686 2310 6.-

2095 2365 2203 2420 περ
2228 2345 2411 2422 ἦσαν,
2465 2349 2596 2413 τοὺς
2646 2347 2888 2413 ὑπάτους
2943 2349 3178 2415 ἀνελεῖν,
3230 2350 3326 2404 καὶ
3369 2351 3469 2421 τὴν
3522 2347 3683 2402 πόλιν

2095 2440 2410 2510 προδοῦναι,
2439 2440 2534 2494 καὶ
2566 2438 2742 2494 ταῦτα
2769 2440 2848 2511 τῷ
2873 2441 3165 2512 Ταρκυνίῳ
3217 2440 3307 2494 διὰ
3373 2440 3482 2494 τῶν
3550 2441 3689 2511 πρέ-

2096 2534 2273 2588 σϐεων
2310 2535 2736 2590 ἐπεστάλκασιν.
2777 2533 3149 2589 Ἀπελθόντων
3175 2534 3232 2588 δὲ
3260 2534 3354 2589 τοῦ
3382 2534 3685 2604 οἰκήματος

2094 2624 2204 2680 τῶν
2235 2626 2588 2696 συνωμοτῶν,
2645 2624 2881 2692 ἐξελθὼν
2910 2625 2939 2678 6
2967 2625 3187 2697 οἰκέτης
3241 2627 3458 2681 ἅπαντα
3516 2642 3684 2678 κατε-

2097 2719 2330 2790 μήνυσε,
2359 2718 2455 2774 καὶ
2486 2718 2622 2773 οἵτε
2652 2717 2752 2790 τὴν
2768 2717 3065 2789 προδοσίαν
3093 2717 3496 2789 μελετήσαντες
3523 2735 3682 2771 συνε-

2091 2812 2405 2884 λήψθησαν,
2438 2812 2534 2867 καὶ
2566 2812 2636 2866 τὰ
2680 2811 2991 2883 γράμματα
3036 2811 3437 2883 δκομίσθησαν,
3471 2813 3565 2865 καὶ
3597 2812 3681 2876 είς

2092 2908 2194 2978 τὴν
2220 2907 2431 2978 ἀγορὰν
2453 2905 2846 2978 προαχθέντων
2879 2903 3084 2972 αὐτῶν,
3124 2905 3221 2958 καὶ
3269 2905 3363 2958 τὸν
3420 2905 3680 2959 Οὐΐνδικα

2095 3000 2538 3069 παρεστήσαντο,
2569 2998 2640 3054 τά
2667 3015 2730 3051 τε
2758 2999 3068 3072 γράμματα
3088 2995 3532 3067 ἀνεγνώσθησαν.
3568 2997 3680 3050 Καὶ

2091 3094 2142 3147 οἱ
2183 3092 2283 3164 μὲν
2311 3093 2461 3147 ἄλλοι
2488 3091 2548 3146 δν
2604 3092 2884 3165 κατηφείᾳ
2921 3089 3087 3164 ἦσαν,
3150 3091 3248 3145 καὶ
3322 3093 3524 3162 σιωπῇ·
3558 3092 3586 3143 6
3619 3089 3678 3142 δὲ

2093 3183 2332 3255 Βροῦτος
2363 3183 2626 3254 ὀνομαστὶ
2655 3183 2766 3238 τῶν
2795 3185 2960 3239 υίέων
3015 3183 3278 3254 ἑκάτερον
3336 3180 3675 3252 προσειπὼν,

2097 3275 2220 3328 Οὐκ
2271 3273 2693 3344 ἀπολογεῖσθε,
2732 3274 2859 3346 ἔφη,
2911 3275 3062 3344 πρὸς
3101 3273 3218 3343 τὴν
3267 3273 3676 3344 κατηγορίαν;

2090 3367 2280 3422 τῶνδὲ
2316 3369 2672 3436 σιωπώντων,
2705 3369 2967 3442 στραφεὶς
3005 3368 3143 3439 πρὸς
3195 3368 3321 3432 τοὺς
3369 3366 3671 3437 ὑπηρέτας,

2103 3461 2440 3530 Ὑμέτερον,
2470 3458 2649 3528 εἶπεν,
2682 3461 2799 3532 ἤδη
2821 3464 2887 3516 τὸ
2903 3463 3118 3517 ,λοιπὸν
3141 3460 3340 3531 ἔργον.
3372 3461 3437 3514 Oi
3462 3460 3521 3514 δὲ
3549 3459 3676 3512 συλ-

2089 3553 2347 3617 λαϐόντες
2380 3554 2509 3618 τοὺς
2538 3555 2882 3618 νεανίσκους,
2936 3554 3156 3625 ῥάϐδοις
3180 3553 3500 3618 κατέξαινον
3525 3566 3539 3580 ’
3577 3553 3674 3606 καὶ

2087 3646 2198 3701 τῶν
2241 3646 2416 3701 ἄλλων
2445 3647 2841 3716 ἐπικλωμένων
2872 3650 2986 3711 τοῖς
3035 3645 3343 3717 πάσχουσιν
3373 3685 3390 3712 ,
3425 3647 3453 3699 6
3486 3644 3672 3716 πατὴρ

2086 3737 2202 3793 οὔτ’
2232 3739 2502 3810 ἀλλαχόσε
2533 3740 2632 3801 τὰς
2660 3739 2814 3810 ὄψεις
2847 3740 3162 3810 ἀπήγαγεν,
3190 3737 3316 3792 οὔτε
3351 3739 3460 3808 μὴν
3485 3735 3669 3790 οἴκτου

2041 3826 2049 3838 ’
2086 3848 2140 3885 τι
2163 3831 2484 3897 ἐνεδείξατο,
2520 3833 2688 3904 μέχρι
2718 3832 2941 3885 πελέκει
2981 3833 3080 3896 τὰς
3115 3831 3357 3900 κεφαλὰς
3389 3830 3498 3884 τῶν
3542 3829 3672 3882 παί-

2084 3927 2192 3980 δων
2211 3923 2522 3994 ἀπέκοψαν.
2575 3927 2746 3979 Τοῦτο
2773 3927 2830 3980 δὲ
2860 3924 2974 3979 οὔτ’
3013 3928 3282 3992 ἐπαινεῖν,
3315 3925 3441 3980 οὔτε
3478 3925 3672 3994 ψέγειν

2084 4019 2203 4073 ἐστὶ
2224 4019 2430 4090 ῥᾴδιον.
2475 4019 2538 4072 Ἠ
2581 4019 2690 4090 γὰρ
2723 4020 2928 4090 ἀρετῆς
2956 4018 3088 4089 ὕψος
3114 4021 3193 4083 εἰς
3219 4019 3493 4073 ἀπάθειαν
3543 4019 3669 4082 ἐξέ-

2085 4133 2288 4185 στησεν
2311 4115 2478 4170 αὐτοῦ
2501 4117 2598 4188 τὴν
2619 4116 2817 4186 ψυχὴν,
2846 4116 2880 4187 ἢ
2916 4115 3124 4180 πάθους
3145 4114 3374 4186 μέγεθος
3394 4115 3476 4177 είς
3507 4113 3670 4167 ἀναλ-

2082 4210 2307 4282 γησίαν.
2371 4210 2670 4279 Οὑδέτερον
2707 4209 2765 4262 δὲ
2796 4209 2993 4280 μικρὸν
3026 4207 3136 4262 οὐδ’
3161 4210 3526 4279 ἀνθρώπινον,
3549 4209 3669 4265 ἀλλ’

397 4285 470 4339 ob
503 4301 644 4355 quos
670 4301 798 4340 cum
844 4286 1203 4352 irasceretur,
1234 4288 1421 4359 papuli
1449 4305 1481 4344 a
1515 4290 1685 4346 Bruto
1717 4293 1979 4351 concitati

2094 4301 2116 4374 ἡ
2151 4302 2316 4366 θεῖον,
2349 4300 2382 4370 ἢ
2420 4299 2705 4370 θηριῶδες.
2736 4298 2895 4354 Οὕτω
2925 4301 2982 4353 δὲ
3006 4299 3215 4354 τούτων
3249 4301 3545 4366 θανόντων,
3570 4302 3669 4355 καὶ

398 4377 656 4432 manibus
688 4391 828 4447 pene
857 4377 1174 4448 discerptus
1211 4387 1380 4434 esset.
1408 4378 1759 4451 Magistratus
1794 4390 1979 4438 tamen

2094 4393 2214 4465 περὶ
2241 4393 2350 4447 τῶν
2385 4391 2559 4444 ἄλλων
2599 4391 2930 4461 συνωμοτῶν
2952 4392 3134 4463 ψῆφον
3167 4393 3416 4461 ἐνεγκεῖν
3439 4395 3467 4446 6
3496 4392 3669 4462 Βροῦ-

393 4469 445 4522 ei
473 4477 557 4522 est
587 4468 910 4538 abrogatas,
943 4468 1000 4523 P.
1037 4470 1255 4526 Valerio
1283 4487 1606 4530 successore
1647 4474 1778 4531 dato
1813 4494 1828 4532 :
1883 4478 1974 4532 cui

2094 4503 2168 4549 to;
2191 4485 2461 4557 ἀπῄτητο.
2497 4483 2556 4538 '0
2574 4484 2653 4550 δὲ,
2678 4483 2810 4551 Τοῖς
2849 4484 2968 4554 μὲν
3005 4485 3222 4552 υἱέσιν,
3253 4481 3440 4551 εἶπεν,
3483 4486 3670 4553 αὐτὸς

392 4576 424 4616 a
473 4561 626 4616 cultu
672 4571 728 4614 et
779 4560 1129 4616 observantia
1201 4563 1429 4633 populi,
1497 4563 1795 4622 Publicolae
1882 4583 1973 4625 co-

2094 4577 2366 4647 ὶποχρῶν
2394 4581 2510 4647 ειμι
2528 4578 2859 4647 δικαστήςε
2903 4579 3037 4648 περὶ
3065 4578 3133 4634 δὲ
3153 4577 3271 4633 τῶν
3298 4577 3524 4645 ἄλλων,
3541 4574 3669 4644 τοῖς

393 4660 752 4722 gnomentum
859 4650 986 4706 fuit.
1076 4652 1412 4723 Tarquinius
1498 4659 1782 4726 desperata
1873 4675 1977 4729 per

2094 4672 2356 4734 πολίταις
2375 4663 2714 4739 ἐλευθέροις
2741 4665 2884 4726 οὖσι
2911 4670 3022 4740 τῆς
3061 4671 3272 4740 ψήφου
3305 4669 3664 4740 παραφωρῶ.

391 4741 554 4813 335
585 4742 953 4812 proditionem
987 4747 1135 4814 regni
1162 4747 1597 4816 recuperatione,
1627 4749 1694 4804 ad
1735 4749 1971 4821 Tyrrhe-

2094 4762 2133 4814 1’
2138 4762 2275 4831 ήψου
2297 4761 2476 4814 τοίνυν
2492 4761 2762 4833 δοθείσης,
2790 4762 2991 4826 πάντες
3015 4760 3664 4836 ἐπελεκίσθησαν.Ἦσαν

391 4850 494 4889 nos
522 4850 581 4890 se
608 4835 863 4890 contulit.
893 4838 939 4890 A
973 4837 1174 4906 quibus
1205 4853 1330 4893 cum
1361 4841 1571 4910 magnis
1609 4843 1785 4912 c0piis
1809 4845 1974 4900 redu-

2094 4855 2131 4904 ἱὲ
2181 4851 2390 4906 τούτων
2418 4851 2563 4913 τινὲς
2591 4852 2668 4922 τῷ
2697 4853 3014 4924 Κολλατίνῳ
3047 4855 3439 4925 προσήκοντες,
3467 4855 3536 4908 δι’
3566 4855 3663 4920 οὓς

391 4935 632 4991 ceretur,
689 4927 945 4982 consules
986 4929 1042 4982 in
1094 4929 1270 4984 aciem
1324 4929 1602 4987 Romanos
1635 4935 1967 4994 eduxerunt.

2094 4943 2174 4996 toil
2198 4943 2486 5013 ὠργίζετο.
2525 4944 2690 4998 Ὅθεν
2722 4945 2750 4997 6
2776 4945 3015 5017 Βροῦτος
3037 4947 3182 5000 οὕτω
3207 4948 3329 5001 κατ’
3361 4947 3528 5002 αὑτοῦ
3569 4949 3663 5002 τὸν

389 5017 469 5072 Ac
505 5033 702 5088 pugnae
725 5018 999 5090 principio
1021 5019 1205 5076 Aruns
1234 5021 1516 5092 Tarquinii
1544 5025 1711 5091 ﬁlius,
1748 5036 1804 5082 et
1833 5029 1972 5084 Bru-

390 5117 481 5164 tus
513 5110 708 5165 consul
741 5110 1044 5177 Romanus,
1093 5113 1231 5168 adeo
1257 5113 1475 5170 infestis
1506 5119 1708 5176 animis
1738 5121 1883 5177 inter
1908 5137 1968 5178 se

388 5211 815 5266 concurrerunt,
847 5211 909 5256 ut
941 5213 1160 5269 neuter,
1209 5205 1340 5260 dum
1373 5206 1588 5266 hostem
1626 5213 1964 5283 vulneraret,

2076 5039 2250 5109 δῆμον
2281 5039 2618 5109 παρώξυνεν,
2677 5041 2754 5104 ὡς
2814 5041 3035 5114 μικροῦ,
3062 5043 3175 5097 δεῖν
3206 5044 3301 5097 καὶ
3339 5044 3661 5116 αὐτοχειρίᾳ

2075 5131 2238 5184 αὑτὸν
2260 5131 2472 5186 ἀνελεῖν
2491 5149 2507 5164 θ
2534 5132 2674 5187 ἀλλὰ
2693 5133 2856 5188 τοῦτο
2894 5136 2994 5204 μὲν
3021 5137 3120 5188 οὐκ
3155 5138 3438 5208 ἐποίησαν,
3467 5137 3569 5208 τὴν
3608 5138 3657 5190 δ’

461 5225 909 5300 ξιυυπθῖυιιιςιυι
941 5225 1160 5269 "mucro
1209 5225 1340 5260 αυῐη
1373 5225 1588 5266 ηοὸωω
1626 5225 1964 5283 “memmi.
2075 5225 2252 5294 ἀρχὴν
2279 5225 2600 5295 ἠνάγκασαν
2626 5229 2790 5282 αὐτὸν
2848 5229 3126 5285 ἀπειπεῖν.
3160 5231 3381 5283 Εἵλοντο
3429 5230 3486 5283 δὲ
3539 5231 3657 5285 ἀντ’

386 5295 474 5347 sui
509 5295 836 5365 protegendi
868 5297 1117 5364 corporis
1155 5313 1386 5365 memor,
1418 5311 1650 5372 uterque
1689 5305 1802 5360 ictu
1830 5323 1965 5362 con-

2094 5317 2287 5371 :xaivou
2333 5320 2678 5392 συνάρχοντα
2758 5322 2991 5375 Πόπλιον
3043 5323 3363 5392 Οὐαλέριον,
3419 5322 3478 5386 ὃς
3542 5324 3655 5376 Πο-

387 5383 561 5438 trario
601 5383 1043 5455 transfigeretur.
1099 5386 1229 5442 Acri
1280 5400 1403 5444 orto
1433 5395 1644 5462 proelio,
1694 5410 1750 5452 et
1776 5399 1966 5454 multis

2094 5409 2333 5473 τλικόλας
2409 5383 2846 5486 προσωνομάσοη
2875 5456 2890 5481 ,
2981 5417 3132 5486 δηλοῖ
3217 5383 3262 5471 δ’
3459 5383 3654 5487 κλῆσις

389 5472 652 5546 utrinque
686 5475 864 5540 caesis,
900 5475 1111 5532 incerta
1159 5477 1393 5535 victoria
1422 5480 1546 5538 fuit.
1584 5482 1702 5540 Sub
1741 5497 1962 5542 noctem

2094 5472 2523 5573 ,ξελληνιζομένη
2629 5472 2926 5575 Δημοκηδῆ
2986 5547 3000 5572 ,
3236 5472 3654 5579 Δημδτικώταζ

1577 5674 1779 5739 Variae
1824 5681 2130 5747 lectiones
2175 5692 2238 5749 et
2272 5694 2460 5750 notaz.

455 5825 571 5899 (92)
599 5831 953 5904 Οὐΐνδικιος.
976 5839 1056 5898 Ita
1084 5859 1227 5904 unus
1251 5861 1281 5903 e
1308 5847 1442 5919 Reg.
1477 5847 1546 5908 At
1575 5852 1712 5911 alter
1743 5866 1797 5912 ct
1833 5856 1990 5916 Colb.

2094 5858 2340 5923 ιυνδέκιος
2374 5860 2688 5932 prmfemnt.
