4060 6400
413 387 528 453 583

401 522 501 562 σαν
556 505 605 556 οἱ
649 497 957 572 Ταρκύνιοι
1004 497 1104 569 τὴν
1156 494 1440 567 βασιλείαν
1489 493 1819 559 ἀναλαϐεῖν,
1870 495 1984 556 τοῖς
2022 493 2292 564 δμοροῦσι

1701 379 2030 442 ῙΟΛΝΝΙΞ
2057 379 2388 440 ΖΟΝΑΠΑΕ

3571 379 3676 444 585

2373 493 2666 563 Ῥωμαίοις
2701 489 2883 543 ἔθνεσι
2917 486 3401 558 συμμαχούμενοι’
3473 492 3681 560 πάντες

399 585 455 648 δὲ
488 597 546 648 ἐν
575 597 696 656 ταῖς
725 595 926 664 μάχαις
959 590 1356 658 διεφθάρησαν,
1397 588 1535 658 πλὴν
1567 585 1664 639 τοῦ
1705 585 1981 656 γέροντος,
2021 585 2080 648 δς
2115 586 2212 638 καὶ
2272 586 2587 656 Σούπερϐος
2649 583 2918 646 ἐκαλεῖτο,
2944 578 3090 632 εἴποι
3113 580 3176 632 ἄν
3207 598 3290 644 τις
3313 581 3514 654 Ἕλλην
3539 585 3681 654 ἀνὴρ

410 687 823 758 ’Υπερήφανοςο
859 686 1128 743 Κάκεῖνος
1169 681 1228 735 δὲ
1262 681 1564 751 μετέπειτα
1595 680 1673 742 εἰς
1709 678 1908 748 Κύμην
1939 679 2039 748 τὴν
2079 680 2138 731 ἐν
2171 677 2363 750 ὀπικίᾳ
2397 680 2709 749 γενόμενος,
2739 673 3110 740 ἐτελεύτησεν.

472 779 614 833 XIII.
656 775 1088 846 Tarquiniorum
1135 787 1225 827 res
1270 787 1338 827 eo
1389 771 1632 840 denique
1681 770 1991 825 redierunt.

2172 771 2271 826 II".
2305 772 2464 827 Οὕτω
2497 772 2597 844 μὲν
2627 769 2722 826 οὖν
2754 777 2867 839 τοῖς
2912 773 3238 844 Ταρκυνίοις
3269 773 3338 827 τὰ
3375 775 3680 846 πράγματα

401 872 516 926 lllis
541 881 726 924 autent
760 867 955 939 pulsis.
983 865 1220 921 Romani
1245 864 1522 927 consules,
1558 871 1618 917 ut
1645 863 1852 917 dictum
1883 872 1989 926 est,

403 971 734 1019 creaverunt
762 978 777 1021 ;
804 976 869 1014 ex
899 973 1136 1030 quorum
1168 971 1402 1012 numero
1429 956 1488 1011 P.
1517 954 1772 1009 Valerius
1829 968 1994 1024 quar—

405 1067 525 1110 tum
572 1054 676 1109 fuit
718 1051 933 1114 consul,
979 1057 1348 1121 cognomento
1392 1046 1695 1104 Publicola.
1731 1045 1835 1112 Qui
1865 1060 1992 1099 cum

403 1149 525 1202 sine
556 1147 767 1215 collega
796 1145 1177 1214 magistratum
1221 1149 1462 1212 gereret,
1507 1141 1742 1196 Romani
1771 1137 1993 1200 offensi,

401 1253 530 1292 eum
559 1253 667 1290 non
701 1237 855 1291 Bruti
885 1236 1208 1292 consulatus
1239 1234 1536 1299 luere-dem,
1566 1231 1662 1288 sed
1690 1230 1995 1303 tyrannidis

404 1326 693 1396 Tarquinii
736 1341 1117 1381 successorem
1166 1324 1469 1388 exstitisse,
1524 1323 1619 1392 qui
1657 1336 1785 1376 cum
1816 1322 1996 1376 omni-

404 1419 510 1472 bus
541 1419 785 1472 fascibus
818 1427 872 1471 ct
903 1417 1214 1480 securibus,
1244 1432 1310 1471 ex
1331 1415 1548 1470 aedibus
1579 1415 1746 1468 tantis
1773 1422 1994 1484 tamque

402 1511 713 1581 splendidis
788 1510 1078 1580 prodiret,
1149 1509 1429 1564 dixerunt.
1495 1507 1714 1562 Etenim
1768 1506 1994 1560 domum

405 1601 875 1670 sumptuosiorcm
927 1599 1212 1664 habebat,
1259 1597 1381 1652 foro
1432 1596 1822 1668 propinquam.
1875 1596 1998 1664 Quo

403 1691 690 1748 Publicola
723 1692 969 1762 cognito,
1026 1688 1281 1760 plurimis
1345 1688 1640 1758 opificibus
1688 1689 1995 1752 accersitis,

399 1781 546 1838 aedes
606 1790 776 1836 noctu
830 1780 1105 1835 destruxit
1147 1790 1314 1850 atque
1355 1778 1596 1834 evertit:
1655 1785 1717 1830 ut
1763 1777 1997 1832 Romani

404 1891 568 1930 mane
619 1875 674 1929 id
707 1874 986 1938 videntes,
1043 1873 1206 1928 simul
1258 1880 1315 1926 et
1354 1870 1788 1940 magnitudinem
1828 1869 1998 1923 animi

403 1968 526 2037 ejus
558 1968 921 2031 mirarentur,
957 1975 1014 2020 et
1059 1973 1266 2019 tantam
1303 1971 1523 2032 tamque
1552 1961 1873 2032 praaclaram
1903 1965 2000 2016 do-

404 2075 559 2114 mum
609 2075 860 2114 eversam
915 2074 1040 2115 csse
1092 2057 1364 2112 dolerent.
1423 2057 1660 2109 Secures
1705 2069 1927 2124 quoque
1966 2070 1997 2108 a

2096 864 2497 935 ἐπεράνθησαν.
2537 865 2793 919 Ἐκείνων
2817 866 2860 918 δ’
2886 866 3232 932 ἐξωσθέντων
3250 871 3348 939 τῆς
3375 867 3680 938 βασιλείας,

2097 956 2316 1024 ὕπατοι,
2351 958 2427 1023 ὡς
2455 960 2692 1030 εἴρηται,
2728 962 2878 1032 παρὰ
2908 961 3016 1016 τῶν
3061 963 3352 1031 Ῥωμαίων
3375 963 3679 1036 ᾑρέθησαν,

2094 1043 2171 1104 ὧν
2205 1045 2286 1113 εἷς
2319 1046 2386 1124 ἦν
2418 1053 2512 1105 καὶ
2547 1053 2780 1116 Πόπλιος
2820 1052 3136 1122 Οὐαλέριος,
3163 1053 3222 1116 ὃς
3251 1056 3508 1123 τετράκις
3542 1057 3685 1111 ὑπά-

2095 1159 2312 1208 τευσεν,
2339 1145 2368 1196 6
2403 1146 2497 1198 καὶ
2530 1145 2872 1208 Ποπλικόλας
2903 1146 3239 1218 ἐπικληθείς.
3267 1142 3434 1210 Οὗτος
3467 1147 3560 1201 οὖν
3585 1150 3685 1219 μό-

2097 1253 2185 1299 νος
2223 1237 2431 1306 ἄρχων.
2471 1237 2567 1290 καὶ
2601 1238 2676 1308 μὴ
2709 1240 3052 1309 συνάρχοντα
3077 1239 3338 1309 εἰληφὼς,
3383 1241 3684 1310 Ῥωμαόες

2099 1330 2498 1398 προσέκρουσε,
2536 1329 2754 1396 λέγουσι
2791 1331 2865 1400 μὴ
2897 1331 2994 1400 τῆς
3022 1330 3117 1403 τού
3151 1331 3390 1400 Βρούτου
3424 1331 3685 1402 κληρονό-

2103 1435 2200 1488 μον
2237 1419 2499 1484 ὑπατείας
2525 1416 2688 1484 εἶναι,
2720 1422 2822 1491 τῆς
2859 1421 2916 1474 δὲ
2959 1421 3053 1475 τοῦ
3083 1423 3391 1494 Ταρκυνίου
3423 1425 3681 1494 τυραννί-

2097 1505 2187 1568 δος
2219 1507 2482 1578 διάδοχον,
2517 1509 2622 1562 ὑπὸ
2653 1509 2870 1580 ῥάϐδοις
2894 1510 3030 1581 ὁμοῦ
3069 1513 3274 1576 πάσαις
3309 1516 3400 1566 καὶ
3431 1514 3686 1567 πελέκεσι

2101 1598 2360 1668 προϊόντα
2386 1597 2446 1662 ἐξ
2473 1599 2650 1662 οίκίας
2680 1599 2952 1670 τοσαύτης
2987 1600 3048 1653 τὸ
3087 1601 3321 1670 μέγεθος
3351 1601 3442 1652 καὶ
3470 1603 3531 1653 τὸ
3555 1600 3687 1652 καλ-

2100 1688 2212 1752 λος.
2245 1689 2355 1742 Καὶ
2386 1689 2498 1760 γάρ
2532 1691 3002 1763 πολυτελεστέραν
3049 1688 3192 1763 εῖχεν
3232 1693 3434 1758 οἰκίαν,
3476 1695 3686 1747 ἐπικει·

2105 1781 2274 1852 μένην
2330 1785 2396 1853 τῇ
2451 1785 2650 1854 ἀγορᾷ.
2709 1783 2900 1837 Ταῦτα
2969 1787 2998 1838 6
3058 1785 3402 1848 Ποπλικόλας
3473 1785 3684 1855 μαθὼν,

2100 1875 2354 1946 τεχνίτας
2411 1874 2701 1939 πλείστους
2763 1877 3114 1946 συναγαγὼν,
3169 1879 3363 1939 νυκτὸς
3413 1878 3684 1931 κατέϐαλε

2101 1966 2204 2035 τὴν
2265 1966 2468 2030 οἰκίαν,
2505 1967 2602 2019 καὶ
2663 1966 2874 2036 ταύτην
2925 1967 3309 2036 κατέσκαψεν
3360 1966 3504 2019 ὥστε
3566 1967 3685 2037 μεθ’

2103 2059 2316 2129 ἡμέραν
2345 2059 2472 2122 τοὺς
2501 2059 2805 2129 Ῥωμαίους
2839 2059 3137 2128 βλέποντας
3162 2059 3220 2112 τὸ
3250 2061 3562 2128 γενόμενον,
3587 2059 3686 2128 τὴν

403 2151 650 2206 fascibus
695 2151 974 2207 removit:
1015 2160 1072 2205 et
1103 2151 1280 2204 fasces
1327 2149 1474 2218 ipsos
1507 2163 1631 2202 cum
1683 2149 1738 2204 in
1775 2147 1997 2202 concio-

2105 2151 2204 2222 μὲν
2227 2151 2320 2204 τοῦ
2346 2151 2537 2222 ἀνδρὸς
2566 2152 3054 2224 μεγαλοφροσύνην
3084 2152 3404 2221 θαυμάζειν,
3425 2151 3686 2222 ἄχθεσθαι

404 2259 534 2299 nem
574 2243 848 2313 prodibat,
879 2244 1082 2315 popqu
1113 2241 1392 2298 submisit.
1430 2239 1684 2295 Pecunia:
1725 2240 1854 2293 item
1888 2248 2000 2294 tra-

405 2336 714 2391 ctationem
765 2336 890 2390 aliis
941 2336 1246 2400 mandavit,
1293 2350 1360 2388 ne
1406 2333 1697 2388 consulum
1741 2349 1837 2402 per
1877 2349 1998 2387 eam

405 2426 658 2497 potentia
689 2437 1008 2496 augeretur,
1037 2437 1150 2481 tum
1177 2425 1420 2496 primum
1455 2425 1824 2494 quaestoribus
1854 2423 2002 2479 desi-

407 2519 611 2590 gnatis.
649 2517 691 2573 Ii
722 2519 1002 2590 principio
1027 2534 1321 2574 causarum
1353 2517 1672 2588 capitalium
1696 2517 2000 2587 cognitioni

410 2611 705 2681 praefuere,
739 2611 808 2666 ab
847 2611 1209 2682 inquisitione
1258 2609 1513 2666 veritatis
1544 2611 1873 2679 quaasitores
1901 2625 2000 2679 ap-

407 2701 638 2772 pellati:
681 2711 812 2773 post
857 2703 1024 2758 etiam
1063 2702 1262 2758 aerario
1299 2710 1428 2757 sunt
1462 2702 1728 2771 praefecti,
1780 2701 2003 2772 judiciis

407 2792 648 2849 aliorum
699 2809 847 2850 cura:
899 2794 1232 2850 commissis.
1303 2793 1577 2864 Collegam
1620 2794 1723 2849 sibi
1785 2793 2000 2858 ascivit,

409 2885 679 2943 Lucretia:
710 2896 918 2958 patrem
956 2886 1297 2943 Lucretium.
1328 2886 1448 2954 Quo
1475 2887 1627 2942 brevi
1658 2898 1896 2950 mortuo,
1930 2886 2001 2941 Μ.

413 2977 680 3036 Horatius
709 2980 766 3034 in
798 2980 947 3035 illius
974 2979 1136 3051 331
1182 2979 1365 3034 locum
1407 2979 1694 3044 suffectus,
1725 2979 2003 3048 reliquum

407 3072 678 3142 temporis
709 3072 903 3127 consul
934 3072 1061 3126 fuit.
1093 3071 1376 3126 Publicola
1439 3085 1632 3126 rursus
1675 3071 1868 3125 consul
1909 3069 1998 3124 fa-

415 3171 560 3229 ctus,
591 3163 855 3234 collegam
891 3163 1085 3218 habuit
1134 3162 1199 3218 T.
1246 3161 1590 3217 Lucretium.
1631 3161 1840 3217 Deinde
1876 3177 2003 3217 cum

410 3252 603 3309 Sabini
651 3254 709 3308 in
757 3269 949 3325 agrum
994 3252 1303 3306 Romanum
1353 3252 1644 3306 duxissent
1676 3252 2000 3318 exercitum,

412 3346 610 3402 consul
651 3347 974 3417 designatus
1003 3356 1090 3400 est
1138 3345 1208 3398 Μ.
1252 3344 1527 3410 Valerius,
1557 3345 1854 3399 Publicola:
1887 3343 2004 3400 fra-

413 3447 520 3500 ter,
553 3446 610 3491 ct
643 3437 1006 3492 Postltumius
1035 3436 1337 3491 Tubertus.
1377 3435 1483 3490 Sed
1516 3450 1639 3490 cum
1674 3450 1764 3490 res
1791 3435 2003 3492 bellicae

413 3530 649 3585 consilio
679 3540 735 3586 et
783 3531 1076 3602 praesentia
1106 3528 1406 3585 Publicolae
1454 3527 2001 3596 administrarentur,

411 3620 630 3676 Marcus
678 3621 900 3676 duobus
949 3621 1152 3689 praeliis
1201 3621 1397 3684 victor,
1457 3620 1515 3674 in
1570 3621 1878 3690 posteriore
1906 3637 2003 3676 xm

412 3713 663 3768 millibus
695 3712 941 3768 hostium
968 3713 1146 3779 caesis,
1177 3713 1389 3767 nullum
1440 3713 1618 3766 civem
1667 3712 1874 3767 amisit.
1903 3713 2004 3768 Se-

412 3812 619 3874 quente
640 3818 806 3868 anno,
842 3803 1027 3859 denuo
1052 3803 1278 3858 consule
1306 3803 1612 3870 Publicola,
1645 3818 1872 3858 consors
1901 3804 2002 3859 Sa-

413 3895 675 3951 binorum
712 3909 770 3952 et
801 3896 1129 3952 Latinorum
1159 3896 1426 3952 adversus
1459 3897 1684 3951 Romam
1725 3896 2005 3966 expeditio

412 3992 852 4062 exspectabatur.
890 3993 1024 4048 Erat
1046 4005 1231 4049 autem
1259 3993 1315 4048 in
1341 3993 1562 4048 Sabinis
1595 3992 1810 4064 Appius
1839 3994 2004 4049 Clau-

413 4085 566 4152 dius,
606 4086 693 4140 vir
720 4095 776 4141 et
811 4087 1013 4156 opibus
1059 4093 1116 4140 et
1166 4085 1368 4140 robore
1415 4085 1668 4156 corporis
1711 4094 2003 4156 praestans,

415 4177 512 4232 sed
535 4177 796 4246 Opinione
822 4177 1046 4232 virtutis
1068 4185 1123 4233 et
1147 4177 1466 4246 eloquentia
1492 4177 1546 4230 in
1571 4177 1769 4248 primis
1794 4177 2001 4232 clarus.

413 4264 562 4332 Quas
589 4267 661 4322 ob
692 4283 783 4323 res
823 4267 1030 4324 invidia
1065 4269 1416 4339 popularium
1463 4279 1739 4338 suscepta,
1771 4283 1898 4322 cum
1931 4268 2003 4323 ob

413 4357 728 4415 dissuasum
762 4360 968 4414 bellum
996 4359 1216 4415 insidiis
1245 4366 1619 4430 appeteretur,
1655 4374 1850 4430 magna
1870 4359 2004 4414 ami-

415 4465 610 4504 corum
638 4461 694 4506 et
725 4452 1011 4507 clientium
1041 4453 1335 4507 comitatus
1367 4467 1532 4506 manu
1563 4451 1791 4505 Romam
1823 4460 2004 4505 trans-

417 4541 580 4610 fugit.
613 4541 825 4606 Quibus
849 4557 879 4596 a
901 4543 1182 4597 Publicola
1206 4541 1444 4609 benigne
1472 4543 1765 4611 susceptis,
1795 4542 2006 4612 Appius

419 4633 566 4686 inter
598 4643 782 4700 patres
813 4635 1012 4699 lectus,
1051 4633 1198 4688 haud
1231 4633 1304 4689 ita
1347 4634 1522 4688 multo
1550 4643 1675 4703 post
1704 4634 1999 4703 prudentia

417 4726 677 4794 gerenda:
717 4727 1036 4796 reipublicae
1071 4726 1139 4781 ad
1181 4727 1414 4796 primam
1455 4725 1781 4797 dignitatem
1811 4743 2008 4796 perve-

2101 2244 2147 2298 6'
2178 2245 2319 2314 ύπέρ
2355 2245 2455 2312 τῆς
2488 2245 2687 2310 οἰκίας,
2719 2245 2806 2298 διὰ
2839 2245 2898 2298 τὸ
2938 2245 3172 2314 μέγεθος
3219 2248 3314 2299 καὶ
3357 2246 3418 2298 τὸ
3450 2245 3646 2307 κάλλος
3668 2260 3682 2273 ·

2103 2335 2214 2389 Καὶ
2254 2337 2380 2399 τοὺς
2413 2335 2662 2399 πελέκεις
2691 2337 2747 2389 δὲ
2790 2336 2900 2389 τῶν
2936 2337 3151 2407 ῥάϐδων
3183 2337 3473 2400 ἀπέλυσεν,
3513 2337 3689 2394 αὑτάς

2103 2447 2163 2482 τε
2203 2430 2301 2494 τὰς
2339 2431 2570 2500 ῥάϐδους
2598 2431 2678 2493 εἰς
2709 2429 3008 2500 ἐκκλησίαν
3036 2429 3247 2500 παριὼν
3279 2431 3458 2498 ἀφῆκε
3488 2430 3566 2500 τῷ
3598 2431 3691 2500 δή-

2107 2541 2194 2594 μῳ
2218 2537 2232 2552 ⁸
2273 2525 2366 2576 καὶ
2388 2525 2487 2594 τὴν
2511 2523 2618 2576 τῶν
2640 2523 2940 2594 χρημάτων
2966 2523 3232 2592 διοίκησιν
3261 2523 3442 2585 ἄλλοις
3469 2525 3690 2578 ἀπένει-

2107 2632 2229 2685 μεν,
2267 2615 2352 2669 ’ίνα
2388 2616 2465 2685 μὴ
2498 2615 2705 2667 τούτων
2739 2617 3030 2684 ἐγκρατεῖς
3055 2615 3207 2677 δντες
3247 2617 3294 2669 oi
3327 2615 3692 2678 ὑπατεύοντες

2109 2707 2253 2777 μέγα
2287 2707 2580 2772 δύνωνται,
2621 2707 2710 2761 ὅτε
2752 2707 2970 2776 πρῶτον
3004 2708 3051 2759 oi
3083 2708 3278 2776 ταμίαι
3321 2706 3566 2776 γίνεσθαι
3589 2707 3693 2779 ἦρ-

2108 2797 2290 2862 ξαντο,
2326 2799 2678 2868 κοιαίστορας
2714 2799 2764 2852 δ’
2811 2798 3038 2852 ἐκάλουν
3073 2797 3297 2860 αὐτούς.
3350 2797 3414 2850 Οἳ
3471 2797 3691 2866 πρῶτον

2109 2889 2211 2959 μὲν
2253 2889 2355 2951 τὰς
2403 2889 2741 2961 θανασίμους
2795 2890 2951 2954 δίκας
2995 2890 3264 2954 ἐδίκαζον,
3291 2889 3415 2942 ὅθεν
3455 2894 3551 2943 καὶ
3591 2890 3692 2962 τὴν

2107 2983 2486 3052 προσηγορίαν
2527 2983 2734 3054 ταύτην
2755 2983 2844 3036 διὰ
2883 2984 2981 3047 τὰς
3027 2984 3349 3052 ἀνακρίσεις
3397 2984 3689 3053 ἐσχήκασι,

2107 3076 2204 3128 καὶ
2247 3074 2338 3127 διὰ
2385 3076 2487 3146 τὴν
2526 3075 2628 3145 τῆς
2662 3076 2926 3146 ἀληθείας
2968 3076 3071 3146 τῆς
3109 3077 3172 3129 ὲκ
3207 3076 3316 3130 τῶν
3348 3078 3693 3147 ἀνακρίσεων

2107 3167 2363 3240 ζήτησιν.
2400 3169 2670 3240 ’Ὕστερον
2704 3169 2762 3222 δὲ
2795 3169 2891 3222 καὶ
2918 3169 3018 3238 τὴν
3038 3169 3148 3222 τῶν
3173 3169 3366 3221 κοινῶν
3389 3169 3695 3238 χρημάτων

2105 3258 2380 3331 διοίκησιν
2435 3260 2652 3330 ἔλαχον,
2716 3262 2810 3313 καὶ
2861 3260 3059 3330 ταμίαι
3119 3262 3690 3333 προσωνομάσθησαν.

2106 3351 2266 3406 Μετὰ
2287 3351 2464 3406 ταῦτα
2485 3351 2748 3424 δ’ἐτέροις
2785 3351 2884 3422 μὲν
2914 3352 3200 3422 ἐπετράπη
3228 3354 3294 3406 τά
3323 3354 3652 3423 δικαστήρια
3675 3368 3692 3386 ο

2109 3444 2310 3497 ἐκεῖνοι
2351 3443 2406 3498 δέ
2444 3445 2553 3499 τῶν
2579 3444 2881 3515 χρημάτων
2909 3438 3051 3514 ἦσαν
3077 3443 3368 3512 διοικηταί.
3412 3441 3692 3506 Ἀπέδειξε

2107 3533 2166 3588 δὲ
2203 3533 2384 3602 ἐαυτῷ
2419 3534 2761 3602 συνάρχοντα
2803 3532 2896 3584 τὸν
2943 3533 3041 3600 τῆς
3090 3531 3424 3599 Λουκριτίας
3477 3534 3692 3602 πατέρα

2106 3622 2452 3694 Δουκρίτιον.
2487 3624 2635 3692 Ταχὺ
2664 3622 2720 3674 δέ
2742 3621 2934 3674 τούτιυ
2967 3621 3242 3686 θανόντος,
3269 3622 3440 3693 ᾑρέθη
3465 3623 3694 3693 Μάρκος

2119 3713 2374 3783 Ὁράτιος
2409 3714 2701 3784 συνάρχειν
2736 3712 2887 3782 αύτῷ
2930 3712 3022 3765 τὸν
3048 3713 3343 3766 ὑπόλοιπον
3382 3715 3572 3783 καιρὸν
3594 3716 3690 3767 τοῦ

2108 3799 2383 3855 ἐνιαυτοῦ.
2424 3801 2675 3872 Αἱρεθεὶς
2711 3802 2768 3854 δέ
2791 3803 2884 3854 καὶ
2913 3801 3072 3865 αὖθις
3114 3802 3322 3866 ὕπατος
3365 3806 3393 3854 6
3419 3803 3694 3856 Ποπλικό-

2105 3891 2382 3962 λας,.ἔσχε
2419 3894 2866 3947 συνυπατεύοντα
2889 3895 3047 3946 Τῖτον
3077 3895 3419 3964 Λουκρίτιον.
3453 3896 3609 3948 Μετὰ
3634 3895 3693 3948 δὲ

2107 3985 2282 4038 ταῦτα
2307 3984 2554 4039 Σαϐίνων
2579 3985 2930 4054 ἐμϐαλόντων
2975 3989 3057 4049 εἰς
3095 3986 3194 4057 τὴν
3239 3988 3443 4058 χώραν,
3483 3987 3694 4051 ὕπατος

2106 4076 2392 4147 ἀνεδείχθη
2437 4076 2663 4146 Μάρκος
2705 4077 3025 4145 Οὐαλέριος,
3063 4077 3292 4147 ἀδελφὸς
3356 4078 3688 4144 Ποπλικόλα,

2108 4170 2202 4223 καὶ
2253 4171 2590 4240 Ποστούμιος
2659 4171 2962 4242 Τούϐερτος
2993 4172 3126 4244 (95).
3180 4174 3582 4244 Πραττομένων
3633 4174 3690 4227 δὲ
3744 4167 3754 4177 ’

2107 4263 2217 4317 τῶν
2251 4264 2506 4334 πολέμων
2540 4262 2734 4335 γνώμῃ
2772 4268 2865 4318 καὶ
2905 4265 3182 4336 παρουσίᾳ
3227 4266 3322 4318 τοῦ
3351 4267 3686 4332 Ποπλικόλα,

2107 4355 2231 4408 δυσὶ¹
2277 4356 2478 4424 μάχαις
2509 4356 2538 4408 6
2566 4356 2792 4425 Μάρκος
2830 4357 3106 4427 ἐνίκησεν,
3148 4353 3224 4410 ὧν
3263 4359 3322 4408 ἐν
3352 4362 3415 4429 τῇ
3463 4359 3693 4429 δευτέρᾳ

2111 4445 2316 4516 μηδένα
2348 4446 2636 4515 Ῥωμαίων
2666 4447 2979 4514 ἀποϐαλὼν,
3003 4447 3338 4518 τρισχιλίους
3357 4451 3448 4501 ἐπὶ
3475 4450 3688 4519 μυρίοις

2107 4537 2217 4590 τῶν
2247 4538 2521 4609 πολεμίων
2546 4540 2747 4593 ἀνεῖλε.
2775 4540 2865 4610 Τῷ
2896 4540 2942 4592 δ’
2961 4539 3089 4608 ἑξῆς
3128 4541 3235 4594 ἔτει
3265 4539 3426 4594 πάλιν
3450 4543 3692 4594 ὑπάτευε

2109 4630 2473 4694 Ποπλικόλας,
2506 4632 2602 4684 καὶ
2632 4632 3004 4700 προσεδοκᾶτο
3032 4633 3276 4686 Σαϐίνων
3309 4649 3366 4686 τε
3401 4634 3494 4686 καὶ
3527 4633 3694 4686 Λατί-

2111 4741 2217 4776 νων
2264 4725 2681 4793 ὁμονοησάντων
2739 4726 2880 4778 κατά
2925 4726 3022 4794 τῆς
3079 4724 3300 4794 Ῥώμης
3337 4727 3687 4795 προσέλασις.

422 4817 523 4877 nit,
574 4833 638 4872 ac
681 4829 897 4888 gentem
943 4819 1229 4874 Claudiam
1275 4819 1522 4888 reliquit,
1585 4836 1708 4889 quae
1758 4828 2000 4890 tempore

2113 4810 2223 4868 Ἦν
2261 4815 2307 4868 δ’
2336 4817 2393 4868 ἐν
2436 4817 2687 4880 Σαϐίνοις
2743 4817 2885 4886 ἀνὴρ
2919 4817 3157 4879 Ἀππιος
3215 4817 3502 4881 Κλαύδιος,
3537 4818 3593 4868 ἓν
3632 4835 3690 4869 τε

419 4907 742 4977 longissimo
788 4909 998 4975 floruit,
1047 4926 1317 4965 summam
1368 4911 1564 4980 adepta
1589 4912 2002 4966 auctoritatem.

423 4999 615 5053 Sabini
647 5017 775 5055 vero
811 5016 929 5056 eam
964 5016 1184 5072 quoque
1233 5001 1362 5057 belli
1407 5017 1628 5058 causam
1675 5001 1844 5064 nacti,
1879 5017 2001 5056 cum

422 5107 620 5161 magno
653 5093 898 5148 exercitu
934 5093 1164 5148 Romam
1213 5093 1536 5149 invaserunt
1581 5111 1593 5146 :
1637 5109 1778 5163 quos
1812 5092 2004 5147 Publi-

419 5184 563 5249 cola,
595 5186 788 5254 optimi
829 5185 988 5240 ducis
1015 5186 1209 5242 ofﬁciis
1239 5186 1480 5252 functus,
1528 5203 1665 5256 pene
1695 5201 1888 5241 omnes
1921 5185 2004 5239 in-

423 5275 659 5342 terfecit,
687 5278 1002 5348 populoque
1024 5279 1216 5349 spoliis
1243 5280 1484 5334 hostium
1511 5289 1566 5333 et
1595 5279 1832 5348 captivis
1853 5279 2005 5332 Iocu-

425 5367 650 5434 plctalo,
704 5370 1043 5440 triumphum
1077 5371 1276 5437 duxit;
1319 5370 1630 5440 traditaque
1682 5369 2003 5439 reipublicae

425 5457 904 5518 administratione
948 5462 1240 5518 consulum
1305 5459 1760 5525 successoribus,
1815 5459 2000 5514 statim

2109 4908 2358 4978 χρήμασι
2407 4909 2502 4961 καὶ
2551 4907 2806 4978 σώματος
2848 4907 3012 4980 ῥώμῃ
3042 4909 3361 4976 πρωτεύων,
3395 4910 3453 4961 ἐν
3487 4913 3692 4979 ἀρετῆς

2107 4999 2165 5052 δὲ
2203 4999 2438 5068 μάλιστα
2465 4998 2596 5068 δόξῃ
2632 5002 2923 5070 ἐπιφανὴς,
2948 5002 3042 5052 καὶ
3071 5002 3227 5069 λόγου
3262 5002 3553 5070 δεινότητι.
3583 5006 3692 5056 Καὶ

2109 5091 2200 5144 διὰ
2228 5091 2399 5144 ταῦτα
2430 5091 2796 5162 φθονούμενος
2819 5093 3213 5147 ἐπεϐουλεύετο
3236 5095 3388 5164 παρὰ
3419 5097 3528 5148 τῶν
3557 5097 3692 5163 ὁμο-

2111 5183 2310 5251 γενῶν,
2347 5184 2428 5236 ὅτι
2491 5185 2841 5237 συνεϐούλευε
2898 5189 3240 5240 καταπαύειν
3288 5190 3379 5241 τὸν
3425 5190 3687 5257 πόλεμον.

2113 5271 2206 5324 Διὸ
2237 5273 2399 5335 αύτός
2430 5289 2488 5324 τε
2521 5274 2587 5342 τῇ
2635 5273 2827 5343 Ῥώμῃ
2869 5275 3286 5344 προσεληλύθει,
3321 5277 3413 5329 καὶ
3457 5277 3690 5339 πολλοὺς

2110 5365 2218 5417 τῶν
2249 5365 2423 5432 φίλων
2447 5381 2507 5416 τε
2533 5366 2627 5417 καὶ
2657 5365 2873 5418 οίκείων
2904 5368 3233 5420 συνέπεσθαί
3262 5371 3310 5421 οἱ
3345 5369 3690 5424 συνέπεισεν.

2111 5457 2217 5520 Οὒς
2254 5457 2598 5521 Ποπλικόλας
2638 5458 2977 5529 φιλοφρόνως
3010 5459 3249 5525 ἐδέξατο,
3295 5463 3360 5531 τῇ
3398 5462 3562 5533 βουλῇ
3597 5464 3689 5516 τὸν

1615 5613 1818 5676 Varia:
1849 5610 2162 5674 lectiones
2193 5617 2254 5672 et
2285 5618 2480 5674 notas.

503 5753 612 5827 ινδ)
638 5756 1015 5827 ,Ποστούμιος
1056 5758 1394 5827 Τούϐερτος.
1434 5757 1512 5813 Ita
1537 5757 1647 5813 duo
1678 5755 1841 5813 codd.
1865 5756 1998 5825 Reg.

2112 5753 2269 5810 Colb.
2306 5755 2518 5824 Livius,
2577 5757 2674 5813 lib.
2715 5775 2776 5827 ll,
2811 5759 2880 5814 Μ.
2942 5761 3156 5817 Valerio
3230 5763 3289 5819 P.
3339 5765 3683 5822 Postumium

429 5821 696 5894 adjungit.
728 5825 813 5880 W.
