4060 6396
343 350 448 415 5‘85

1606 312 2017 403 ANNAIJUId
2055 338 2199 400 ιιι).
2247 340 2377 399 vn.

3510 340 3619 407 586

342 460 612 516 Κλαύδιον
651 455 1174 528 προσγραψάμενος.
1216 453 1383 507 Ὅθεν
1434 453 1727 523 ἐμφρόνως
1774 452 1925 503 πολι-

2039 447 2190 510 obiit,
2224 446 2460 517 publicis
2510 445 2824 516 sumptibus
2859 448 3057 512 elatus,
3116 462 3301 503 annuo
3332 455 3616 502 matrona-

339 556 633 624 τευόμενος
664 551 971 622 ἀνέδραμεν
1000 550 1081 613 είς
1108 549 1169 602 τδ
1198 547 1417 618 πρῶτον
1449 547 1690 617 ἀξίωμα,
1721 546 1816 598 καὶ
1839 542 1926 612 γέο

342 664 429 710 νος
464 646 609 718 μέγα
635 645 696 697 τὸ
725 642 1012 698 Κλαυδίων
1040 639 1331 695 κατέλιπεν
1362 639 1455 692 ἐπὶ
1478 638 1733 691 πλεῖστον
1762 635 1930 704 ἀνθῆ-

344 758 465 800 σαν,
521 738 619 791 καὶ
662 732 1051 809 προεληλυθὼς
1103 735 1183 796 είς
1218 732 1378 804 δόξης
1422 733 1725 806 ἀκρότητα.
1770 733 1834 787 Οί
1872 732 1928 785 δὲ

341 833 580 898 Σαϐῖνοι,
610 832 707 885 καὶ
738 830 898 882 τοῦτο
926 827 1021 881 τοῦ
1049 827 1294 898 πολέμου
1326 827 1687 898 ποιησάμενοι
1718 825 1928 896 πρόφα-

342 940 447 986 σιν,
475 920 694 993 στρατῷ
718 918 941 991 μεγάλῳ
963 917 1107 972 κατά
1128 918 1229 987 τῆς
1257 915 1479 987 Ῥώμης
1503 916 1785 986 ἐπήλασαν
1804 929 1818 945 °
1844 910 1926 979 οἷς

338 1017 469 1082 τοὺς
508 1013 820 1085 Ῥωμαίους
880 1013 908 1066 6
959 1010 1302 1074 Ποπλικόλας
1357 1008 1781 1079 ἀντεπαγαγὼν,
1832 1010 1931 1064 καὶ

342 1108 740 1182 στρατηγήσας
774 1105 848 1169 ὡς
887 1105 1111 1176 ἄριστα,
1155 1102 1356 1173 μικροῦ
1392 1102 1605 1166 πάντας
1647 1101 1925 1168 ἀπώλεσε,

341 1204 435 1256 καὶ
464 1201 558 1255 τὸν
584 1200 758 1271 δῆμον
784 1200 850 1251 ἐκ
872 1196 982 1250 τῶν
1018 1195 1281 1268 λαφύρων
1302 1196 1399 1249 καὶ
1424 1194 1535 1249 τῶν
1562 1195 1929 1266 αἰχμαλώτων

341 1294 647 1365 ὠφέλησεν.
692 1288 946 1359 ’Δγαγὼν
990 1289 1035 1343 δ’
1083 1291 1177 1344 ἐπὶ
1226 1291 1293 1360 τῇ
1329 1288 1455 1360 νίκῃ
1505 1287 1796 1361 θρίαμϐον,
1833 1289 1931 1341 καλ⁸

339 1388 453 1448 τοῖς
486 1383 609 1453 μετ’
642 1381 809 1435 αὑτὸν
839 1381 1071 1444 ὑπάτοις
1105 1380 1384 1451 παραδοὺς
1421 1378 1522 1450 τήν
1552 1380 1729 1444 πόλιν,
1768 1378 1929 1442 εὐθὺς

339 1474 692 1544 ἐτελεύτησε.
721 1472 963 1543 δημοσία
995 1472 1212 1540 ταφεὶς,
1245 1471 1344 1525 καὶ
1371 1470 1664 1544 θρηνηθεὶς
1690 1470 1776 1541 ἐφ’
1810 1470 1931 1524 ὅλον

332 1566 614 1620 ἐνιαυτόν.
668 1567 733 1618 Οί
783 1565 969 1635 μέντοι
1022 1563 1243 1617 Σαϐῖνοι
1276 1563 1344 1617 δι’
1375 1562 1546 1634 ὀργὴν
1593 1556 1670 1616 ὧν
1703 1560 1929 1625 ἔπαθον,

336 1660 461 1714 οὖδέ
516 1658 613 1712 τὸν
674 1656 922 1728 χειμῶνα
971 1656 1286 1728 ἠρέμησαν,
1337 1654 1476 1711 ἀλλὰ
1514 1654 1615 1727 τὴν
1653 1653 1931 1722 Ῥωμαῖδα

338 1753 529 1824 χώραν
576 1751 950 1821 κατέδραμον,
988 1750 1085 1804 καὶ
1127 1749 1222 1802 τὸν
1251 1748 1597 1820 Ποστούμιον
1639 1749 1930 1805 ἐκάκωσαν

2031 555 2156 595 rum
2190 540 2364 594 luctu.
2392 538 2663 594 Caeterum
2693 537 2882 593 Sabini
2914 554 2979 595 ex
3016 538 3209 595 dolore
3238 548 3477 609 accepta:
3502 538 3620 594 cla-

2030 633 2138 699 dis,
2174 649 2244 688 ne
2279 632 2516 687 hiberno
2550 630 2773 702 quidem
2823 641 3071 701 tempore
3105 632 3460 702 quieverunt,
3517 630 3619 688 sed

2033 726 2350 782 incursione
2382 726 2435 781 in
2458 726 2771 781 Romanum
2799 740 2992 797 agrum
3017 725 3180 791 iacta,
3207 724 3615 790 Postliumium,

2030 818 2233 873 iterum
2266 819 2575 884 consulem,
2621 818 2973 884 amixerunt;
3010 834 3249 888 eumque
3282 833 3408 873 cum
3452 831 3616 873 exer-

2030 915 2140 968 citu
2188 913 2491 982 cepissent,
2537 912 2642 967 nisi
2690 912 2979 968 Menenius
3018 911 3259 983 Agrippa
3303 912 3513 982 collega
3562 913 3616 967 ci

2029 1004 2239 1061 auxilio
2278 1004 2547 1061 venisset.
2594 1004 2733 1059 Tum
2764 1020 2899 1061 vero
2944 1014 3179 1074 uterque
3217 1002 3434 1068 consul,
3471 1002 3619 1057 facto

2029 1094 2084 1148 in
2117 1093 2306 1149 hostes
2336 1092 2568 1164 impetu,
2605 1094 2810 1150 multos
2833 1092 3060 1159 occidit,
3092 1094 3340 1164 reliquos
3363 1092 3624 1163 proﬂiga-

2027 1188 2128 1242 vit.
2166 1185 2296 1241 Post
2325 1186 2445 1241 haec
2487 1185 2725 1257 Spurius
2764 1185 2987 1242 Cassius
3016 1195 3072 1243 et
3113 1185 3307 1257 Opitor
3342 1186 3624 1257 Virginius

2027 1280 2308 1346 consules,
2343 1294 2534 1350 pacem
2561 1294 2690 1336 cum
2743 1278 2965 1337 Sabinis
2999 1279 3296 1337 fecerunt:
3337 1288 3395 1337 et
3420 1278 3623 1337 Came-

2031 1374 2158 1430 rino
2184 1383 2367 1445 capto,
2398 1374 2695 1445 plerosque
2737 1375 3098 1429 occiderunt:
3142 1374 3366 1444 reliqui,
3414 1372 3624 1443 oppido

2031 1482 2250 1533 everso,
2295 1465 2626 1523 vzenierunt.
2695 1466 3052 1522 Posthumius
3102 1465 3389 1521 Couoinius
3440 1474 3499 1521 et
3552 1463 3622 1520 T.

2032 1560 2264 1630 Largius
2294 1559 2506 1630 aliquot
2533 1573 2748 1625 servos,
2781 1557 2876 1630 qui
2901 1557 2971 1614 de
2998 1558 3325 1629 occupando
3345 1556 3624 1627 Capitolio

2030 1654 2413 1723 coniurarant,
2467 1651 2798 1709 occiderunt
2832 1670 2848 1707 :
2891 1651 3360 1724 quemadmodum
3396 1650 3626 1707 Servius

2030 1746 2198 1818 338
2226 1746 2503 1817 Sulpicius
2545 1755 2602 1801 et
2650 1746 2723 1802 Μ.
2770 1746 2984 1802 Tullius
3015 1755 3161 1817 post,
3208 1745 3375 1801 aliam
3400 1759 3626 1816 quoque

339 1846 401 1899 τὸ
422 1844 681 1915 δεύτερον
706 1841 1050 1899 ὑπατεύοντα
1077 1860 1091 1874 ⁸
1123 1842 1220 1897 καὶ
1249 1837 1397 1897 εἷλον
1429 1842 1497 1897 ἂν
1520 1843 1685 1899 αὐτὸν
1714 1860 1931 1897 πανσυ-

2039 1839 2479 1912 conjurationem
2534 1853 2822 1897 servorum
2856 1849 3271 1910 oppresserunt,
3320 1853 3352 1893 a
3384 1836 3627 1893 consciis

337 1939 411 2004 δὶ,
438 1941 489 1993 εί
524 1938 604 2011 μὴ
630 1939 904 2012 Μενήνιος
946 1936 1260 2009 Ἀγρίππας
1285 1938 1313 1990 6
1342 1938 1630 2009 συνάρχων
1659 1938 1809 2010 αὐτῷ
1833 1939 1934 1993 ἐπ-

340 2027 638 2098 εκούρησε.
684 2026 1099 2099 ιῐροσπεσόντες
1139 2026 1197 2081 δὲ
1238 2028 1444 2092 αὐτοῖς.
1488 2027 1721 2093 πολλοὺς
1746 2027 1931 2099 ἔφθει·

342 2137 467 2190 ραν,
498 2116 649 2173 ὥστε
679 2118 808 2183 τοὺς
837 2118 1064 2183 λοιποὺς
1084 2120 1459 2192 ἀναχωρῆσαι.
1488 2121 1648 2177 Μετὰ
1672 2120 1730 2176 δέ
1759 2120 1935 2175 ταῦτα

343 2212 623 2283 Σπούριός
671 2229 731 2265 τε
778 2212 1023 2274 Κάσσιος
1071 2212 1169 2267 καὶ
1230 2212 1558 2286 Ὀπιτώριος
1614 2214 1936 2285 Οὐεργίνιος

342 2302 719 2367 ὑπατεύοντες
743 2305 859 2368 τοῖς
883 2303 1137 2369 Σαϐίνοις
1162 2305 1507 2363 ἐσπείσαντο,
1534 2308 1848 2378 Καμερῖνον
1877 2307 1936 2362 δὲ

344 2395 403 2449 τὸ
436 2394 580 2450 ἄστυ
612 2395 853 2460 ἑλόντες,
875 2397 1004 2461 τοὺς
1037 2397 1136 2467 μὲν
1166 2397 1392 2460 πλείους
1421 2402 1776 2468 ἀπέκτειναν,
1807 2402 1937 2467 τοὺς

339 2488 396 2541 δὲ
431 2488 664 2551 λοιποὺς
706 2488 1100 2558 ζωγρήσαντες
1147 2490 1432 2556 ἀπέδοντο,
1486 2493 1583 2546 καὶ
1630 2494 1729 2563 τὴν
1778 2492 1938 2548 πόλιν

341 2579 727 2649 κατέσκαψαν.
756 2580 1096 2650 Ποστούμιος
1119 2579 1177 2634 δέ
1206 2581 1469 2652 Κομίνιος
1491 2582 1587 2636 καὶ
1612 2583 1770 2648 Τῖτος
1792 2586 1938 2659 Λάρ-

340 2688 459 2735 κιος
504 2670 735 2736 δούλους
765 2669 919 2736 τινὰς
952 2671 1048 2724 ἐπί
1077 2672 1386 2743 καταλήψει
1436 2672 1534 2727 τοῦ
1578 2675 1934 2730 Καπιτωλίου

344 2762 698 2833 συνωμοσίαν
747 2760 1012 2833 θεμένους
1068 2763 1450 2831 συλλαϐόντες,
1496 2763 1782 2839 ἐφθειραν.
1838 2768 1938 2821 Σε-

342 2853 530 2922 ρούῖός
563 2868 625 2904 τε
656 2852 981 2915 Σουλπίκιος
1022 2853 1120 2907 καὶ
1168 2853 1402 2925 Μάρκος
1441 2852 1700 2918 Τούλλιος
1739 2853 1937 2923 ἑτέραν

343 2941 500 3008 αὖθις
557 2943 911 3015 συνωμοσίαν
966 2942 1208 3011 δούλων,
1262 2945 1361 2999 καὶ
1409 2944 1593 3001 ἄλλων
1639 2945 1712 3017 δή
1769 2962 1937 3000 τινων

346 3036 667 3090 συστάντων
714 3035 904 3100 αὐτοῖς
955 3034 1393 3107 προκατέλαϐον,
1424 3034 1789 3105 ἀγγελθεῖσαν
1837 3035 1937 3089 αύ-

2036 1932 2371 2004 quibusdam
2396 1932 2721 1996 indicatam,
2742 1941 2799 1989 et
2824 1933 3143 2004 coniuratos
3162 1945 3373 1987 corona
3392 1928 3631 1985 circum-

2036 2027 2199 2083 datos
2232 2026 2602 2084 trucidarunt.
2626 2026 2909 2083 Iudicibus
2939 2040 3066 2081 cum
3089 2024 3195 2080 alia
3222 2022 3473 2096 praemia,
3509 2034 3627 2077 tum

2037 2117 2235 2174 civitas
2262 2117 2411 2173 data.
2464 2119 2510 2171 Α
2555 2116 2770 2173 Latinis
2815 2118 3015 2172 iterum
3067 2115 3217 2172 bello
3250 2124 3424 2181 moto,
3469 2114 3630 2185 plebs

2038 2224 2187 2265 arma
2216 2224 2422 2281 capere
2460 2208 2666 2276 noluit,
2715 2224 2890 2266 novas
2923 2208 3144 2265 tabulas
3172 2207 3445 2280 ﬂagitans.
3476 2207 3626 2274 Qua-

2039 2312 2271 2375 propter
2318 2302 2715 2374 locupletiores
2774 2316 2983 2358 novum
3046 2301 3404 2374 magistratus
3455 2313 3632 2371 genus

2037 2403 2321 2458 crearunt.
2351 2395 2473 2468 pari
2504 2395 2561 2450 in
2588 2410 2781 2451 omnes
2810 2395 3162 2459 auctoritate,
3194 2392 3442 2464 potentia
3472 2392 3626 2464 regia

2036 2486 2358 2558 praeditum.
2408 2501 2571 2557 quem
2616 2486 2943 2543 dictatorem
2986 2494 3279 2542 vocarunt.
3328 2485 3467 2541 Nam
3496 2499 3629 2541 cum

2037 2578 2186 2649 regis
2231 2586 2662 2650 cognomentum
2710 2586 2940 2649 propter
2989 2576 3326 2649 Tarquinios
3354 2576 3629 2641 odissent,

2039 2686 2106 2727 ac
2134 2670 2473 2727 monarchize
2503 2671 2776 2728 utilitates
2806 2685 3002 2743 magna
3044 2670 3099 2726 vi
3134 2670 3203 2727 ad
3232 2671 3377 2728 bella
3399 2679 3456 2729 et
3479 2670 3631 2728 sedi-

2039 2761 2253 2818 tionum
2287 2763 2562 2820 tumultus
2606 2763 2856 2835 prsiditae
2900 2770 3262 2834 expeterent:
3317 2762 3492 2820 verbo
3538 2777 3634 2821 re-

2032 2854 2205 2926 jecto,
2245 2870 2364 2911 rem
2413 2855 2589 2926 ipsam
2639 2855 2743 2911 sub
2789 2855 2899 2912 alio
2942 2856 3170 2913 nomine
3212 2863 3347 2912 sunt
3368 2853 3631 2927 amplexi.

2040 2942 2169 2999 Fuit
2197 2943 2385 3016 igitur,
2419 2952 2482 3000 ut
2510 2943 2647 3011 dixi,
2678 2945 2954 3003 dictatura
2980 2954 3253 3018 potestate
3276 2960 3451 3019 regno
3481 2961 3585 3019 par
3610 2962 3630 3005 :

2040 3046 2411 3109 praeterquam
2437 3037 2586 3108 quod
2610 3038 2663 3095 ei
2689 3054 2895 3110 equum
2930 3039 3310 3097 conscendere
3341 3053 3457 3096 non
3492 3039 3633 3097 lice-

344 3132 453 3197 τοῖς
491 3130 634 3203 πρὸς
662 3145 827 3183 τινων
852 3128 962 3183 τῶν
999 3126 1101 3199 τῆς
1125 3126 1421 3197 ἐπιϐουλῆς
1453 3128 1812 3200 μετεχόντων,
1840 3126 1936 3190 οὓς

345 3225 433 3249 --.Α
478 3222 780 3249 _-._-.l-.---
811 3221 1143 3249 ---.--..ὶλ..
1170 3219 1483 3249 ....-1..-J.....
1533 3224 1647 3249 _..7-
1677 3220 1732 3249 RL
1765 3238 1906 3249 ..-μη

2040 3131 2158 3200 bat,
2195 3131 2304 3188 nisi
2334 3131 2407 3188 ad
2452 3132 2660 3189 bellum
2706 3134 2877 3200 ituro,
2920 3148 3104 3207 neque
3141 3133 3287 3190 ullos
3332 3148 3404 3190 ex
3434 3131 3634 3190 aerario

2041 3235 2295 3249 _--_._.---
2317 3226 2496 3249 .---_-
2533 3228 2646 3249 -,_-
2974 3247 3020 3249 __
3046 3231 3063 3249 ,
3221 3229 3392 3249 μω-
3460 3239 3506 3249 _.
3542 3243 3594 3249 --

345 3225 438 3279 καὶ
474 3222 780 3293 συσχόντες
810 3221 1143 3293 περισταδὸν
1168 3219 1507 3292 κατέκοψαν,
1533 3224 1647 3287 τοῖς
1676 3220 1734 3276 δέ
1763 3238 1936 3294 μηνυ-

343 3318 461 3379 ταῖς
492 3313 634 3369 ἄλλα
669 3330 730 3368 τε
770 3312 865 3366 καὶ
894 3312 1146 3368 πολιτεία
1179 3312 1362 3384 ἐδόθη.
1398 3309 1569 3379 Αὖθις
1598 3313 1655 3368 δέ
1693 3313 1937 3384 πολέμου

346 3409 500 3481 παρά
526 3407 778 3461 Λατίνων
806 3406 954 3461 κατὰ
984 3404 1208 3478 Ῥώμης
1247 3407 1640 3478 κεκινημένου,
1680 3406 1783 3462 οὐκ
1811 3406 1941 3479 ῆθε-

344 3497 437 3556 λον
457 3502 511 3555 oi
545 3499 734 3556 πολλοὶ
774 3498 847 3553 τὰ
880 3498 1022 3553 ὅπλα
1056 3499 1268 3563 λαϐεῖν,
1295 3499 1586 3572 ἀποκοπὴν
1612 3499 1722 3554 τῶν
1756 3498 1939 3572 χρεῶν

346 3593 633 3660 ἀξιοῦντες
662 3593 923 3663 γενέσθαι
953 3596 1052 3649 καὶ
1078 3593 1171 3649 διὰ
1199 3593 1362 3649 τοῦτο
1389 3594 1588 3665 καινήν
1612 3611 1737 3648 τινα
1763 3592 1942 3665 ἀρχὴν

348 3686 434 3740 ἐπ’
469 3686 817 3757 ἀμφοτέροις
845 3685 1031 3749 αὐτοῖς
1065 3684 1192 3739 τότε
1230 3683 1451 3755 πρῶτον
1491 3684 1545 3738 οί
1566 3682 1787 3739 δυνατοὶ⁵
1809 3700 1943 3739 κατ-

346 3783 672 3853 εστήσαντο·
709 3780 986 3851 δικτάτωρ
1014 3780 1043 3833 6
1066 3780 1270 3850 ταύτης
1299 3780 1608 3851 ἠξιωμένος
1624 3779 1940 3850 ώνόμαστο·

343 3874 588 3945 ἠδύνατο
626 3874 688 3928 δέ
733 3874 794 3939 ἐξ
827 3874 945 3927 ίσου
982 3873 1169 3927 πάντα
1205 3873 1321 3937 τοῖς
1349 3870 1655 3943 βασιλεῦσι.
1695 3870 1808 3942 Τήν
1842 3869 1943 3941 μέν

346 3966 462 4039 γάρ
494 3964 590 4020 τοῦ
625 3964 896 4036 βασιλέως
926 3965 1250 4035 ἐπωνυμίαν
1289 3962 1380 4019 διὰ
1418 3967 1546 4028 τοὺς
1577 3963 1941 4035 Ταρκυνίους,

346 4057 627 4126 ἐμίσησαν
663 4072 678 4087 ο
701 4054 802 4127 τὴν
826 4054 876 4109 δ’
900 4054 966 4108 ἐκ
987 4053 1092 4125 τῆς
1121 4054 1425 4125 μοναρχίας
1450 4053 1722 4123 ὠφέλειαν
1757 4052 1944 4108 θέλον.

346 4164 465 4212 τες,
496 4146 572 4211 ὡς
601 4145 739 4201 πολὺ
767 4146 1062 4217 ίσχυούσης
1088 4147 1148 4208 ἐς
1175 4146 1278 4210 τὰς
1301 4144 1409 4199 τῶν
1432 4145 1691 4216 πολέμων
1717 4146 1945 4201 καὶτῶν

2040 3235 2298 3297 sumptus
2317 3226 2501 3285 facere
2530 3228 2651 3285 sine
2684 3229 2931 3298 decreto,
2968 3231 3065 3288 sed
3094 3231 3188 3303 jus
3212 3229 3421 3297 dicere,
3452 3239 3510 3287 et
3535 3243 3635 3287 ca-

2038 3321 2154 3391 pite
2196 3321 2445 3392 plectere
2488 3322 2640 3380 domi
2684 3332 2743 3382 et
2788 3324 3020 3393 militiae,
3068 3341 3182 3382 non
3212 3324 3464 3398 plebeios
3490 3323 3638 3380 dun-

2039 3422 2213 3480 taxat,
2246 3414 2345 3472 sed
2372 3424 2432 3473 et
2464 3416 2747 3488 equestris
2786 3428 2846 3474 et
2887 3419 3154 3477 senatorii
3209 3419 3426 3475 ordinis
3455 3417 3637 3482 licuit.

2041 3508 2265 3565 nemine
2285 3522 2415 3565 eum
2447 3510 2535 3564 vel
2564 3524 2848 3577 accusare,
2879 3511 2969 3568 vel
2999 3511 3351 3569 intercedere
3371 3510 3637 3577 audente,

2042 3614 2109 3656 ac
2137 3614 2207 3655 ne
2238 3600 2375 3672 ipsis
2407 3601 2634 3673 quidem
2688 3602 2927 3661 tribunis
2959 3604 3178 3675 plebis:
3222 3619 3403 3675 neque
3445 3602 3517 3659 ab
3569 3617 3640 3659 eo

2044 3693 2368 3764 provocatio
2416 3692 2545 3750 fuit.
2598 3695 2886 3753 Dictatura
2929 3705 3116 3753 tamen
3144 3696 3287 3753 ultra
3319 3712 3372 3751 vr
3417 3709 3641 3752 menses

2046 3800 2155 3840 non
2207 3786 2618 3844 extendebatur
2644 3830 2659 3854 ,
2699 3796 2763 3844 ut
2804 3804 2877 3845 ne
2910 3789 3039 3860 quis
3070 3789 3126 3847 in
3173 3797 3326 3845 tanta
3364 3796 3641 3860 potestate

2045 3889 2101 3934 et
2125 3881 2463 3935 auctoritate
2512 3881 2751 3937 maxima
2790 3882 3005 3938 diutius
3032 3882 3381 3946 immoratus,
3410 3896 3511 3953 per
3538 3896 3640 3937 su-

2046 3968 2298 4038 perbiam
2341 3968 2399 4025 in
2434 3970 2772 4027 monarcbiaa
2820 3971 3189 4043 cupiditatem
3239 3973 3639 4030 delaberetur:

2052 4061 2107 4117 id
2135 4060 2282 4132 quod
2319 4070 2445 4132 post
2471 4061 2620 4118 Julio
2649 4060 2852 4119 Caasari
2878 4063 3108 4130 accidit,
3141 4063 3478 4120 dictaturam
3504 4078 3643 4121 con-

2050 4159 2137 4206 tra
2165 4165 2377 4207 morem
2399 4151 2677 4223 majorum
2711 4161 3034 4209 consecuto.

351 4240 603 4293 στάσεων
651 4239 1032 4311 περιστάσεις,
1065 4240 1125 4292 ἐν
1173 4238 1323 4310 ἄλλῳ
1352 4238 1561 4310 ταύτην
1625 4238 1852 4310 ὀνόματι
1890 4241 2122 4300 εἴλοντο.
2196 4239 2310 4297 Ἦν
2373 4242 2476 4313 μὲν
2502 4240 2618 4308 οὖν,
2657 4244 2736 4309 ὡς
2795 4245 3036 4315 εἴρηται,
3068 4246 3103 4317 ή
3130 4242 3468 4315 δικτατωρία
3496 4243 3644 4299 κατά

246 4336 253 4343 ’
350 4352 418 4403 γε
465 4335 568 4407 τὴν
598 4335 856 4400 ἐξουσίαν
916 4337 985 4407 τῇ
1044 4335 1297 4408 βασιλείᾳ
1338 4336 1659 4407 ἰσόρροπος,
1696 4335 1840 4409 πλὴν
1864 4339 1948 4393 ὅτι
1986 4340 2089 4411 μὴ,
2150 4341 2237 4411 ἐφ’
2302 4339 2474 4395 ῖππον
2508 4339 2780 4411 ἀναϐῆναι
2808 4341 2837 4393 6
2865 4342 3142 4411 δικτάτωρ
3174 4340 3429 4413 ἠδύνατο,
3472 4340 3523 4394 εί
3563 4339 3643 4411 μὴ

350 4425 824 4496 ἐκστρατεύεσθαι
881 4423 1132 4496 ἔμελλεν,
1193 4422 1318 4477 οὔτε
1375 4424 1442 4477 ἐκ
1494 4423 1606 4478 τῶν
1659 4424 1940 4496 δημοσίων
1969 4427 2274 4500 χρημάτων
2333 4426 2618 4482 ἀναλῶσαι
2683 4445 2736 4482 τι
2773 4426 2905 4500 ἐξῆν
2936 4428 3110 4499 αὐτῷ,
3149 4430 3199 4482 εί
3232 4427 3308 4500 μὴ
3338 4427 3640 4500 ἐψηφίσθη.

350 4519 610 4584 Δικάζειν
633 4518 691 4571 δὲ
722 4518 818 4573 καὶ
844 4516 1194 4571 ἀποκτείνειν
1229 4515 1328 4569 καὶ
1354 4513 1498 4571 οίκοι
1540 4515 1638 4570 καὶ
1672 4517 1734 4572 ἐν
1794 4518 2119 4590 στρατείαις
2179 4518 2439 4590 ἠδύνατο,
2468 4519 2567 4574 καλ⁸
2623 4520 2687 4573 ού
2754 4522 2885 4584 τοὺς
2921 4520 3017 4574 τοῦ
3049 4520 3226 4592 δήμου
3256 4519 3478 4592 μόνους,
3502 4519 3645 4575 ἀλλά

351 4615 452 4668 καὶ
499 4617 567 4667 ἐκ
608 4613 717 4666 τῶν
757 4613 994 4677 ἱππέων,
1018 4610 1115 4664 καὶ
1140 4608 1201 4675 ἐξ
1236 4610 1410 4681 αὐτῆς
1447 4610 1550 4681 τῆς
1579 4608 1799 4681 βουλῆς.
1867 4612 1979 4667 Καὶ
2011 4610 2126 4666 οὔτ’
2155 4612 2457 4683 ἐγκαλέσαι
2516 4627 2602 4675 τις
2625 4610 2802 4681 αὐτῷ,
2826 4609 2949 4665 οὔτ’
2977 4613 3223 4665 ἐναντίον
3248 4596 3299 4665 τι
3330 4610 3645 4684 διαπράξα-

354 4708 487 4763 σθαι
524 4708 736 4777 ῐσχυεν,
774 4705 899 4759 οὐδέ
942 4706 992 4759 οί
1021 4704 1320 4774 δήμαρχοι,
1360 4700 1486 4756 οὔτε
1513 4701 1641 4772 δίκη
1678 4702 1946 4775 ἐφέσιμος
1981 4704 2205 4774 ἐγένετο
2268 4703 2366 4760 ἀπ’
2399 4704 2590 4759 αὐτοῦ.
2648 4705 2765 4759 Οὐκ
2804 4707 2902 4759 ἐπὶ
2926 4704 3093 4759 πλέον
3117 4704 3176 4759 δέ
3210 4705 3320 4759 τῶν
3352 4703 3413 4772 ἐξ
3448 4704 3645 4776 μηνῶν

353 4799 389 4868 ἡ
440 4796 539 4866 τῆς
587 4793 959 4863 δικτατωρίαις
1003 4791 1152 4863 ἀρχὴ
1201 4789 1587 4861 παρετείνατο,
1619 4791 1707 4844 ῖνα
1743 4794 1819 4861 μή
1855 4810 1943 4857 τις
1977 4792 2163 4847 αὐτῶν
2193 4795 2254 4847 ἐν
2308 4792 2550 4863 τοσούτῳ
2581 4792 2781 4864 κράτει
2829 4794 2930 4846 καὶ
2996 4791 3220 4863 ἐξουσίᾳ
3248 4793 3479 4865 ἀκράτῳ
3508 4807 3646 4863 χρο-

352 4894 532 4959 νίσας,
591 4891 1009 4964 ύπερφρονήσῃ,
1054 4890 1149 4943 καὶ
1183 4888 1321 4961 πρὸς
1375 4888 1558 4958 ἐρωτα
1612 4890 1918 4961 μοναρχίας
1972 4889 2275 4962 ἐκκυλισθῇ
2311 4906 2326 4920 ο
2370 4890 2512 4962 ὅπερ
2570 4890 2628 4953 ἐς
2683 4888 2914 4962 ὕστερον
2941 4890 3037 4944 καὶ
3083 4891 3113 4943 ὁ
3140 4890 3364 4963 Καῖσαρ
3405 4888 3637 4956 Ἰούλιος

354 4986 581 5051 ἔπαθεν,
614 4986 739 5039 ἐπεὶ
766 4985 921 5057 παρά
943 4985 1014 5038 τὰ
1046 4982 1423 5054 νενομισμένα
1449 4984 1552 5052 τῆς
1584 4983 1955 5057 δικτατωρίας
1973 4984 2195 5057 ἠξίωτο.

426 5072 530 5129 1Δ¹.
567 5075 703 5128 Τότε
737 5073 839 5144 μὲν
866 5067 960 5126 οὖν
990 5071 1313 5141 δικτάτορος
1339 5071 1639 5142 γενομένου
1670 5072 1936 5141 Λαρκίου,

2117 5073 2260 5129 XIV.
2303 5074 2463 5130 Tunc
2490 5073 2663 5147 igitur
2693 5074 2895 5147 Largio
2918 5074 3195 5132 dictatore
3219 5083 3431 5139 creato,
3465 5088 3645 5144 popu-

354 5164 512 5220 οὐδὲν
551 5169 580 5220 6
608 5166 783 5237 δῆμος
817 5165 1198 5236 ἐνεωτέρισεν,
1233 5162 1372 5217 ἀλλά
1398 5166 1496 5219 καὶ
1521 5166 1581 5217 ἐν
1609 5167 1726 5229 τοῖς
1753 5165 1936 5229 ὅπλοις

2053 5169 2143 5223 lus
2186 5180 2459 5223 novarum
2511 5183 2701 5224 rerum
2752 5169 2943 5224 studio
2993 5167 3307 5239 repudiato,
3370 5168 3427 5222 in
3471 5166 3646 5223 armis

356 5259 608 5328 ἐγένοντο
631 5275 645 5288 ·
672 5258 784 5311 τῶν
805 5258 862 5311 δέ
889 5256 1146 5311 Λατίνων
1175 5255 1408 5327 ἡσυχίαν
1430 5255 1675 5325 ἀγόντων
1693 5256 1790 5310 ἐπὶ
1815 5274 1936 5311 συν·

2054 5259 2184 5315 fuit.
2215 5259 2326 5317 Sed
2356 5260 2556 5317 Latino
2587 5261 2733 5317 bello
2760 5260 3114 5333 pactionibus
3137 5261 3338 5331 sopito,
3367 5274 3492 5315 cum
3519 5275 3646 5317 etc-

361 5349 584 5420 θήκαις,
622 5351 674 5403 οί
718 5349 1001 5405 δανεισταὶ
1028 5351 1158 5412 τοὺς
1181 5347 1471 5417 ὀφειλέτας
1508 5348 1948 5420 μετεχειρίζοντο

364 5442 697 5516 βιαιότερον,
729 5443 828 5497 καὶ
856 5444 884 5495 6
916 5441 1092 5512 δῆμος
1116 5437 1277 5503 αὖθις
1305 5439 1605 5506 ἐστασίαζε
1642 5442 1731 5496 διά
1762 5441 1945 5509 τοῦτο,

361 5535 504 5590 ὥστε
538 5537 631 5590 καὶ
676 5538 758 5598 είς
797 5535 861 5589 τδ
889 5536 1176 5605 Συνέδριον
1226 5532 1580 5607 συνδραμεῖν,
1608 5537 1707 5590 καὶ
1746 5537 1949 5600 πάντες

363 5625 431 5680 ἂν
468 5627 574 5681 ὑπὸ
612 5627 725 5681 τῶν
771 5628 1141 5682 εἰσπεσόντων
1187 5628 1247 5682 ἐν
1279 5627 1430 5697 αὐτῷ
1455 5627 1854 5700 διεφθάρησαν,
1900 5631 1951 5684 εἰ

371 5720 445 5792 μή
475 5736 624 5784 τινες
653 5720 779 5784 τοὺς
804 5719 1187 5783 Οὐολούσκους
1214 5719 1297 5784 εἰς
1331 5720 1433 5791 τὴν
1458 5718 1650 5791 χώραν
1683 5719 1951 5791 ἐμϐαλεῖν

366 5810 470 5885 ήδη
500 5812 897 5886 κατήγγειλαν.
933 5812 1078 5885 Πρὸς
1099 5812 1165 5865 ’δέ
1192 5812 1295 5882 τὴν
1334 5812 1596 5882 τοιαύτην
1627 5812 1894 5882 ἀγγελίαν
1923 5816 1953 5868 ὁ

752 5914 1024 5974 ΡΑτιιοι..
1069 5913 1188 5973 (in.
1237 5909 1590 5975 CXXXIV.

2055 5353 2264 5409 ditores
2293 5354 2518 5409 nomina
2544 5369 2644 5409 sua
2670 5354 2974 5409 violentius
2991 5361 3312 5415 tractarent.
3344 5360 3497 5408 tanta
3525 5352 3647 5423 ple-

2056 5445 2145 5500 bis
2174 5455 2293 5501 orta
2315 5455 2401 5501 cst
2432 5445 2763 5516 indignatio,
2799 5454 2862 5500 ut
2887 5445 2945 5501 in
2974 5444 3186 5501 curiam
3214 5460 3521 5501 concursus
3544 5446 3645 5500 lie-

2057 5546 2180 5602 ret,
2225 5551 2289 5590 ac
2323 5538 2378 5590 in
2421 5550 2491 5590 co
2536 5536 2778 5591 tumultu
2821 5545 3010 5607 patres
3048 5535 3218 5592 occisi
3266 5546 3476 5601 essent,
3533 5535 3644 5591 nisi

2059 5625 2279 5692 quidam
2332 5625 2683 5681 nuntiassent
2749 5625 2979 5682 Volscos
3028 5626 3232 5681 infesto
3278 5629 3522 5683 exercitu
3572 5628 3642 5683 ad

2061 5721 2255 5775 urbem
2311 5720 2735 5791 oppugnandam
2792 5722 3006 5779 venire.
3060 5721 3145 5778 Ad
3200 5737 3326 5778 eum
3386 5724 3644 5779 nuntium

2081 5815 2236 5885 plebs
2265 5815 2502 5885 quievit,
2549 5830 2660 5872 non
2696 5817 3007 5874 reverentia
3034 5828 3281 5881 senatus.
3318 5818 3416 5874 sed
3446 5834 3644 5891 exspe-

3199 5916 3267 5979 l9
