4060 6416
376 369 480 431 537

1683 372 2006 433 JOANNIS
2046 370 2367 434 ZONARJZ

3535 376 3640 439 588

373 481 638 545 ctatione,
692 490 751 536 ut
800 483 845 536 is
872 484 1057 539 statim
1089 483 1156 539 ab
1189 483 1440 539 hostibus
1470 485 1741 541 interiret.
1776 487 1955 553 Quare

2064 487 2231 554 δῆμος
2266 487 2571 556 ἠρέμησεν,
2606 485 2728 559 οὐχὶ
2761 488 3091 559 φεισάμενος
3125 487 3223 557 τῆς
3265 487 3488 559 βουλῆς,
3525 491 3632 545 axx

375 588 556 643 neque
586 575 805 629 'mcenia
852 576 1260 642 custodierunt,
1293 591 1472 646 neque
1502 577 1625 647 opis
1652 578 1954 648 quidquam

2064 580 2135 641 ὼς
2182 578 2337 648 παρὰ
2380 578 2490 630 τῶν
2538 578 2817 649 πολεμίων
2845 580 2968 632 ὅσον
3007 578 3160 632 οὐπω
3190 579 3644 652 φθαρησομένης.

373 668 700 730 attulerunt,
744 668 919 723 donec
959 667 1228 723 Servilius
1273 667 1345 723 ob
1393 684 1467 723 ses
1502 671 1745 725 alienum
1786 684 1957 724 nexos

373 759 563 827 solvit,
618 768 675 815 et
711 775 779 815 ne
826 759 1045 815 debitor
1074 760 1365 831 quisquam
1414 761 1784 832 expeditionis
1822 771 1959 817 tem-

358 865 508 919 .pore
538 850 929 921 appellaretur,
958 851 1150 918 edixit,
1179 867 1349 922 seque
1375 852 1684 908 levaturum
1711 867 1785 909 tes
1818 853 1956 908 alie-

374 956 508 995 num
557 942 837 1011 promisit.
880 942 1019 997 Tum
1073 943 1243 1015 igitur
1285 944 1372 999 his
1400 943 1688 1014 promissis
1732 945 1955 999 excitati

345 1032 540 1103 .339
583 1032 771 1089 hostes
810 1033 1082 1090 vicerunt.
1132 1034 1262 1100 Sed,
1301 1050 1427 1090 cum
1453 1035 1656 1091 deinde
1705 1050 1809 1091 nec
1847 1050 1959 1091 tere

376 1126 559 1180 alieno
591 1126 924 1195 levarentur,
969 1141 1072 1182 nec
1109 1127 1217 1182 ulla
1247 1128 1507 1199 aequitate
1535 1136 1911 1183 tractarentur
1937 1169 1954 1195 ,

379 1234 571 1274 rursus
612 1219 683 1275 ab
727 1219 883 1275 iratis
922 1219 1344 1287 tumultuatum,
1389 1228 1447 1275 et
1476 1226 1671 1275 contra
1702 1228 1955 1275 senatum

343 1318 432 1364 ὀι
454 1309 711 1364 consules
739 1320 885 1364 mota
903 1309 1123 1365 seditio.
1140 1310 1343 1366 Verum
1361 1309 1545 1365 denuo
1569 1319 1765 1365 exorto
1781 1310 1951 1379 bello,

346 1401 630 1456 ~consules
649 1417 816 1457 novas
835 1403 1049 1458 tabulas
1068 1403 1434 1457 decreverunt
1454 1420 1470 1462 :
1503 1404 1599 1458 sed
1616 1403 1740 1458 aliis
1753 1403 1952 1460 adver-

376 1493 644 1557 santibus,
663 1493 731 1547 bl.
748 1493 1020 1555 Valerius,
1037 1493 1335 1548 Publicbla:
1358 1493 1598 1564 gentilis,
1617 1494 1785 1549 homo
1806 1494 1952 1564 apud

375 1585 591 1653 plebem
614 1585 891 1655 gratiosus
912 1625 929 1651 ,
973 1585 1215 1640 dictator
1242 1595 1329 1640 est
1380 1596 1620 1643 creatus.
1661 1586 1741 1641 Ac
1773 1594 1959 1643 tantus

373 1674 440 1727 ad
464 1690 591 1729 eum
627 1684 683 1729 et
717 1683 827 1729 tam
857 1675 1064 1739 alacer,
1111 1675 1390 1745 stipendio
1422 1678 1697 1745 promisso
1724 1692 1957 1731 concur-

364 1781 470 1819 sus
529 1770 728 1832 factus,
782 1775 844 1821 ut
895 1775 952 1822 et
1008 1766 1247 1823 Sabinos
1299 1767 1569 1822 vinceret.
1617 1776 1674 1821 et
1732 1767 1959 1822 Volscos

348 1857 690 1928 ςκΕιιηοείιιυο
735 1859 953 1913 illorum
1000 1858 1322 1914 ftederatos.
1363 1858 1446 1914 Ob
1495 1858 1549 1913 id
1574 1859 1625 1913 ei
1657 1873 1783 1913 cum
1816 1858 1956 1913 alios

344 1948 640 2011 .ltonores,
690 1958 803 2003 tum
841 1949 1057 2003 Maximi
1105 1956 1532 2019 cognomentum
1562 1947 1953 2003 decreverunt.

340 2044 477 2109 *Qni
513 2059 638 2096 cum
673 2043 842 2097 multa
883 2043 939 2096 in
973 2051 1169 2097 senatu
1202 2043 1256 2097 in
1294 2042 1478 2113 populi
1513 2042 1743 2114 gratiam
1780 2041 1953 2096 disse-

377 2135 618 2196 ruisset,
674 2148 850 2202 neque
901 2130 1208 2202 quidquam
1271 2131 1653 2200 impetrasset,
1700 2130 1878 2184 iratus
1923 2143 1954 2183 e

342 2225 527 2280 -euria
563 2240 621 2279 se
655 2223 934 2294 proripuit
966 2239 982 2281 :
1030 2230 1085 2276 et
1115 2236 1240 2276 cum
1277 2221 1419 2291 apud
1458 2220 1673 2289 plebem
1719 2220 1774 2272 in
1816 2234 1955 2273 con-

344 2319 535 2371 -cionc
566 2324 820 2370 senatum
856 2313 1107 2368 nonnihil
1134 2311 1567 2381 perstrinxisset,
1598 2310 1873 2365 dictatura
1896 2324 1955 2365 se

375 2410 668 2465 abdicavit.
704 2408 866 2463 Plebs
897 2422 1029 2461 vero
1060 2405 1236 2476 magis
1282 2404 1350 2458 ad
1383 2403 1708 2459 seditionem
1742 2403 1953 2456 irritata

375 2510 480 2557 est.
495 2501 629 2555 Nam
648 2500 951 2555 creditores
974 2500 1031 2553 in
1048 2498 1229 2553 alieno
1247 2496 1547 2566 repetendo
1576 2495 1955 2565 summumjus

380 2599 658 2662 urgentes,
714 2604 896 2659 neque
936 2589 1054 2643 ulla
1108 2587 1369 2657 aequitate
1418 2594 1610 2641 contra
1670 2584 1953 2640 debitores

378 2695 618 2747 utentes,
637 2698 739 2738 nec
767 2684 819 2737 id
843 2683 989 2753 quod
1011 2682 1320 2739 debebatur
1337 2690 1662 2749 exegerunt.
1692 2688 1748 2735 et
1771 2680 1824 2734 in
1843 2680 1950 2734 alia

346 2778 536 2846 .plura
580 2775 930 2830 incommoda
986 2774 1325 2829 inciderunt.
1354 2772 1547 2843 Inopia
1583 2772 1754 2836 enim,
1786 2781 1953 2841 atque

380 2868 507 2923 inde
536 2876 656 2923 orta
680 2866 1020 2937 desperatio,
1059 2866 1266 2921 malum
1293 2872 1380 2920 est
1407 2865 1707 2920 admodum
1742 2864 1954 2918 violen-

346 2988 351 2991 ι
379 2972 494 3015 tum
515 3002 530 3026 ,
558 2971 615 3017 et
640 2961 687 3015 si
718 2961 1132 3016 multitudinem
1163 2959 1271 3015 sibi
1299 2958 1559 3015 asciverit
1580 2998 1594 3023 ,
1631 2973 1771 3028 pene
1805 2956 1959 3011 inex-

1992 1831 2030 1885 Β

2060 671 2151 723 Διὸ
2171 669 2297 723 οὐτε
2319 669 2414 723 τοῦ
2447 669 2661 741 τείχους
2692 670 2878 724 ἔθεντο
2900 670 3172 742 φυλακὴν,
3197 669 3324 724 οὐτε
3355 672 3476 725 τινὰ
3498 687 3646 744 παρ-

2060 766 2211 834 εῖχον
2267 762 2546 835 βοήθειαν,
2607 762 2802 835 μέχρις
2860 765 2889 817 ὁ
2939 762 3251 834 Σερουΐλιος
3301 764 3432 826 τούς
3466 780 3528 818 τε
3579 767 3642 831 ἐξ

2063 853 2444 926 ὑπερημερίας
2491 852 2903 923 κρατουμένους
2944 852 3146 923 ἀφῆκε,
3181 852 3276 906 καὶ
3307 853 3492 908 ἄδειαν
3532 854 3645 907 τῶν

2061 947 2406 1018 είσπράξεων
2449 945 2689 1000 καθόσον
2730 944 3131 1016 στρατεύοιντο,
3174 944 3505 1016 ἐψηφίσατο,
3546 946 3644 998 καὶ

2061 1037 2320 1107 κουφίσαι
2353 1039 2421 1091 τὰ
2448 1036 2589 1108 χρέα
2617 1035 2907 1107 ὑπέσχετο.
2941 1036 3076 1089 Τότε
3110 1035 3216 1106 μὲν
3236 1030 3332 1089 οὖν
3352 1036 3441 1090 διά
3463 1036 3642 1090 ταῦτα

2060 1131 2176 1192 τοῖς
2211 1129 2492 1199 πολεμίοις
2527 1127 3232 1198 ἐπεξελθόντες,ἐνίκησαν.
3265 1128 3422 1197 Μὴτε
3451 1127 3510 1181 δέ
3531 1130 3645 1181 τῶν

2060 1218 2238 1289 χρεῶν
2272 1218 2687 1288 κουφισθέντες,
2734 1218 2870 1290 μήτ’
2902 1219 3067 1273 ἄλλου
3112 1219 3344 1290 μηδενὸς
3384 1220 3644 1289 τυχόντες

2060 1310 2364 1377 ἐπιεικοῦς,
2396 1311 2493 1366 καὶ
2537 1311 2704 1366 πάλιν
2744 1310 3047 1383 ἐθορύϐουν
3077 1328 3139 1365 τε
3189 1311 3285 1364 καὶ
3313 1311 3637 1383 ὠργίζοντο,

2063 1404 2156 1455 καὶ
2211 1401 2354 1456 κατὰ
2411 1402 2511 1472 τῆς
2572 1400 2770 1475 βουλῆς
2830 1401 2926 1454 καὶ
2974 1402 3117 1456 κατά
3152 1400 3263 1455 τῶν
3314 1402 3641 1472 στρατηγῶν

2062 1494 2413 1558 ἐστασίαζον.
2452 1494 2703 1563 Πολέμου
2731 1492 2789 1546 δέ
2822 1491 2982 1556 αὖθις
3019 1491 3430 1562 ἐπενεχθέντος,
3459 1494 3510 1546 οί
3542 1492 3644 1563 μὲν

2062 1587 2364 1657 στρατηγοὶ
2410 1586 2591 1657 χρεῶν
2640 1584 2930 1645 ἀποκοπὰς
2978 1583 3330 1654 ἐψηφίζοντο,
3369 1583 3638 1654 ὴναντιώο

2061 1678 2237 1748 θησαν
2259 1679 2304 1732 δ’
2326 1679 2503 1750 ἕτεροι
2524 1695 2539 1711 ·
2567 1677 2649 1730 διὸ
2670 1677 3055 1753 καὶδικτάτωρ
3086 1677 3295 1747 ἐρρήθη
3314 1677 3642 1749 Οὐαλλέριος

2060 1771 2308 1841 Μάρκος,
2344 1772 2409 1822 ἐκ
2442 1771 2543 1840 τῆς
2573 1769 2666 1822 τοῦ
2703 1768 3018 1822 Ποπλικόλα
3051 1767 3379 1835 συγγενείας
3409 1768 3643 1838 γενόμε-

2061 1880 2173 1927 νος,
2211 1863 2306 1915 καὶ
2347 1861 2426 1930 τῷ
2458 1860 2654 1931 πλήθει
2693 1859 3057 1930 φιλούμενος·
3092 1859 3247 1912 ἐνθεν
3273 1877 3356 1913 τοι
3392 1860 3644 1914 τοσοῦτοι

2063 1954 2160 2007 καὶ
2190 1952 2336 2006 οὕτω
2364 1952 2689 2022 προθύμως,
2728 1952 2851 2005 ἐπεὶ
2892 1953 3079 2015 αὐτοῖς
3112 1952 3205 2004 καὶ
3234 1947 3375 2005 ἆθλα
3403 1953 3643 2024 ὑπέσχε-

2061 2067 2142 2116 το,
2176 2032 2571 2117 συνελέγησαν,
2594 2047 2669 2110 ὡς
2691 2047 2786 2100 καὶ
2816 2046 2924 2099 τῶν
2957 2045 3203 2099 Σαϐίνων
3229 2046 3524 2115 κρατῆσαι,
3547 2045 3645 2100 καὶ

2062 2142 2171 2194 τῶν
2197 2140 2636 2210 συμμαχούντων
2664 2141 2848 2203 αὐτοῖς
2871 2137 3227 2192 Οὐολούσκων
3257 2138 3350 2190 καὶ
3372 2137 3642 2191 Αίκουῶν.

2075 2233 2200 2285 Ἐπὶ
2230 2231 2443 2291 τούτοις
2476 2230 2643 2292 ἄλλας
2670 2246 2728 2282 τε
2758 2228 2836 2298 τῷ
2864 2227 3179 2297 Οὐαλλερίῳ
3210 2229 3239 2279 ό
3271 2227 3447 2299 δῆμος
3476 2228 3644 2298 τιμὰς

2062 2323 2389 2393 ἐψηφίσατο,
2418 2324 2509 2376 καὶ
2540 2323 2790 2393 Μάξιμον
2822 2321 3200 2389 ἐπωνόμασεν,
3225 2320 3645 2389 ἐξελληνιζόμε-

2062 2432 2151 2468 νον
2201 2415 2260 2468 δὲ
2308 2416 2585 2483 Μέγιστον
2648 2412 2908 2484 σημαίνει
2948 2411 3009 2464 τὸ
3038 2411 3236 2482 ὄνομα.
3276 2411 3334 2465 '0
3369 2410 3425 2465 δὲ
3472 2412 3646 2465 θέλων

2060 2507 2138 2578 τῷ
2166 2508 2324 2579 δήμῳ
2357 2504 2717 2577 χαρίσασθαι,
2751 2504 2925 2557 πολλὰ
2951 2503 3202 2575 διελέχθη
3240 2505 3306 2574 τῇ
3347 2503 3643 2575 Γερουσίᾳ,

2062 2600 2177 2655 ἀλλ’
2209 2601 2311 2653 οὐκ
2351 2598 2477 2668 ἔσχε
2519 2597 2726 2668 ταύτην
2769 2596 3073 2666 πειθήνιον.
3110 2597 3201 2649 Διὸ
3235 2596 3333 2650 σὺν
3378 2597 3515 2667 ὀργῇ
3550 2597 3647 2650 ἐκ-

2064 2690 2313 2762 πηδήσας
2345 2688 2440 2743 τοῦ
2479 2686 2793 2757 Συνεδρίου,
2836 2687 3232 2757 δημηγορήσας
3277 2702 3337 2739 τε
3385 2687 3520 2758 πρὸς
3551 2687 3650 2742 τὸν

2062 2781 2235 2853 δῆμόν
2280 2798 2406 2835 τινα
2448 2780 2591 2834 κατὰ
2624 2781 2724 2849 τῆς
2754 2778 2984 2849 βουλῆς,
3014 2779 3115 2847 τὴν
3149 2777 3451 2847 ἠγεμονίαν
3482 2780 3641 2832 ἀπεί-

2064 2892 2227 2931 πατο.
2271 2873 2383 2927 Καὶ
2412 2875 2441 2928 ό
2465 2873 2634 2942 δῆμος
2668 2872 2750 2925 ἔτι
2787 2870 2992 2942 μᾶλλον
3018 2871 3100 2933 είς
3135 2873 3325 2923 στάσιν
3362 2871 3641 2941 ἠρέθιστο.

2065 2967 2127 3019 Οἱ
2164 2966 2271 3035 γὰρ
2301 2964 2580 3019 δανεισταὶ
2609 2964 2708 3034 τῆς
2741 2964 2871 3033 περὶ
2900 2963 2970 3017 τά
3011 2962 3327 3032 συμὸόλαια
3357 2963 3647 3032 ἀκριϐείας

380 3054 697 3125 pugnabile.
745 3054 884 3109 Tum
921 3055 1092 3123 igitur
1130 3053 1470 3122 locupletum
1517 3066 1645 3121 erga
1686 3063 1956 3121 pauperes

2064 3055 2338 3126 ἐχόμενοι,
2366 3055 2462 3108 καὶ
2509 3053 2677 3124 μηδὲν
2717 3055 2833 3116 τοῖς
2872 3052 3138 3122 δφλουσιν
3183 3052 3508 3116 ἐκδιδόντες,
3548 3053 3645 3106 τοῦ

360 3148 669 3213 severitas,
708 3147 1076 3217 plurimorum
1148 3145 1419 3200 malorum
1470 3144 1740 3198 Romanis
1792 3156 1957 3195 causa

384 3242 508 3295 fuit.
538 3239 610 3294 Ut
630 3239 779 3293 enim
814 3238 1018 3293 milites
1046 3235 1498 3306 expeditionibus
1531 3232 1951 3303 premebantur,

366 3344 436 3391 ~ct
468 3334 524 3388 in
565 3331 756 3387 multis
792 3331 992 3400 saepius
1017 3327 1305 3382 evidenter
1339 3325 1556 3394 decepti
1591 3323 1851 3387 fuerant,
1901 3332 1953 3377 et

380 3426 662 3482 debitores
688 3440 717 3477 a
751 3421 1180 3478 lmneratoribus
1206 3426 1262 3474 et
1306 3417 1672 3473 contumelias
1703 3429 1761 3471 et
1792 3415 1956 3485 ﬂagra

380 3516 835 3589 perpetiebantur
883 3532 897 3568 :

381 3610 609 3677 inopum
670 3604 828 3660 multi
879 3604 1016 3657 urbe
1044 3600 1370 3656 excederent
1439 3606 1497 3654 et
1552 3606 1733 3653 castra
1800 3597 1958 3651 dese-

381 3706 606 3765 rerent,
660 3706 718 3753 et
761 3711 830 3751 ex
866 3710 997 3766 agro
1029 3695 1280 3749 Romano
1312 3692 1554 3746 hostium
1594 3690 1766 3745 instar
1804 3703 1955 3744 com-

380 3801 597 3847 meatus
646 3796 919 3861 peterent.
967 3787 1087 3853 Quo
1140 3784 1323 3850 facto,
1371 3798 1498 3839 cum
1548 3782 1708 3837 multi
1742 3783 1809 3837 ad
1860 3795 1958 3837 eos

380 3883 474 3954 qui
506 3880 875 3937 secessionem
915 3878 1202 3946 fecerant,
1237 3876 1586 3933 conﬂuerent
1618 3914 1634 3941 ,
1672 3883 1957 3930 senatores

380 3975 567 4038 veriti,
612 3988 682 4028 ne
743 3980 800 4028 et
836 3972 892 4026 hi
936 3973 1109 4040 magis
1147 3978 1630 4039 exasperarentur,
1668 3974 1725 4021 et
1762 3965 1955 4021 civita-

384 4076 492 4123 tem
545 4064 878 4121 factionibus
930 4063 1248 4117 distractam
1308 4059 1527 4114 ﬁnitimi
1593 4058 1954 4123 invaderent,

382 4175 480 4229 per
529 4168 781 4213 oratores
815 4155 962 4227 plebi
1008 4153 1240 4225 polliciti
1270 4162 1404 4209 sunt
1443 4167 1503 4208 se
1525 4151 1767 4207 facturos
1798 4150 1960 4221 quid-

380 4252 513 4322 quid
571 4251 686 4321 ipsa
726 4250 913 4305 vellet.
963 4248 1041 4303 Ea
1093 4262 1228 4302 vero
1262 4247 1503 4302 maxime
1533 4246 1840 4313 fremente,
1901 4254 1959 4302 et

383 4342 562 4397 nullas
622 4340 867 4395 rationes
926 4338 1301 4403 admittente,
1378 4336 1666 4392 Menenius
1712 4337 1959 4409 Agrippa

385 4449 529 4489 unus
576 4448 645 4488 ex
717 4432 1036 4488 oratoribus
1098 4432 1301 4502 petiit,
1359 4439 1419 4485 ut
1493 4429 1733 4484 fabulam
1794 4429 1958 4485 audi-

381 4536 549 4593 rent,
639 4534 698 4582 et
793 4524 1077 4580 audientia
1138 4524 1476 4593 impetrata,
1572 4523 1777 4579 dixit:

382 4631 440 4676 ta
489 4620 778 4691 aliquandb
826 4626 1014 4672 contra
1067 4626 1304 4671 ventrem
1352 4625 1663 4671 cwterorum
1693 4617 1957 4671 membro-

382 4729 504 4766 rum
535 4711 822 4777 seditione,
871 4710 1066 4763 dixisse
1103 4707 1301 4771 oculos,
1337 4724 1527 4761 manus
1570 4698 1622 4761 et
1662 4706 1818 4776 pedes
1858 4724 1957 4763 sua

375 4818 544 4873 opera
584 4802 641 4854 in
672 4799 843 4869 ofﬁcio
873 4814 1018 4864 esse;
1055 4797 1292 4869 linguam
1329 4806 1378 4850 et
1428 4796 1593 4863 labia,
1621 4810 1715 4867 per
1746 4812 1802 4850 se
1834 4796 1956 4850 aui-

381 4910 591 4948 morum
627 4908 810 4947 sensus
865 4891 1215 4949 annuntiari;
1266 4904 1421 4943 aures
1476 4888 1640 4960 350
1666 4905 1762 4943 suo
1801 4888 1957 4942 mini-

380 4988 538 5042 sterio
578 4984 806 5040 aliorum
833 4999 1097 5039 sermones
1136 4983 1205 5037 ad
1231 4994 1452 5036 mentem
1484 4985 1789 5054 pervenire;
1838 4999 1957 5037 ma-

382 5097 504 5145 nus,
520 5094 626 5133 suo
658 5076 837 5132 labore
867 5076 1052 5148 parari
1092 5090 1171 5128 res
1196 5074 1559 5139 necessarias;
1585 5073 1759 5144 pedes,
1792 5083 1959 5128 totum

382 5187 571 5242 corpus
599 5188 629 5224 a
647 5186 703 5224 se
723 5169 1032 5232 sustentari,
1077 5181 1232 5239 seque
1259 5167 1363 5221 sive
1385 5168 1504 5231 iter,
1531 5167 1638 5220 sive
1675 5182 1803 5235 opus
1836 5164 1957 5234 ﬁat,

381 5268 488 5319 sive
525 5270 711 5326 stetur,
746 5261 989 5331 fatigari.
1018 5258 1261 5313 Ventrem
1293 5272 1413 5311 vero
1439 5257 1609 5310 solum
1640 5259 1810 5312 munis
1841 5273 1961 5311 mu-

384 5354 523 5407 neris
550 5360 598 5406 et
640 5350 833 5405 laboris
868 5357 1168 5418 expertem,
1215 5346 1523 5400 ministeriis
1559 5346 1793 5400 omnium
1833 5354 1960 5399 tan-

384 5460 545 5515 quam
579 5458 752 5513 regem
790 5442 889 5505 uti,
915 5447 963 5493 et
996 5439 1276 5494 sudoribus
1306 5437 1527 5492 illarum
1548 5439 1716 5506 partis
1752 5438 1859 5507 frui
1883 5438 1960 5507 fa-

384 5532 694 5586 cultatibus.
730 5530 971 5584 Ventrem
1010 5531 1119 5584 haec
1148 5531 1225 5584 ita
1250 5544 1305 5583 se
1338 5529 1528 5583 habere
1564 5531 1879 5598 confessum,
1911 5529 1959 5582 si

385 5625 672 5688 uideretur,
719 5623 850 5677 nihil
891 5623 988 5677 sibi
1018 5624 1200 5688 tribui,
1230 5622 1363 5678 nihil
1388 5622 1686 5677 ministrari
1713 5622 1957 5693 jussisse.

387 5714 627 5767 Membra
685 5717 1031 5770 communiter
1085 5716 1399 5785 decrevisse,
1437 5732 1502 5770 ne
1546 5717 1670 5786 quid
1716 5716 1959 5786 deinceps

389 5805 559 5856 ventri
605 5808 1051 5863 suppeditantur.
1105 5805 1207 5868 Qui
1235 5825 1352 5864 cum
1385 5807 1587 5863 nullum
1624 5808 1792 5862 cibum
1823 5807 1961 5860 acci-

1986 3188 2026 3242 (Ζ

2064 3147 2327 3219 ἀκριϐοῦς
2354 3165 2414 3200 τε
2444 3147 2770 3217 διήμαρτον,
2810 3146 2906 3199 καὶ
2950 3144 3168 3200 πολλῶν
3202 3146 3405 3216 ἐτέρων
3431 3145 3646 3200 ἀπέτυ-

2069 3258 2191 3311 χον.
2218 3240 2284 3298 Ἦ
2314 3239 2424 3312 γὰρ
2467 3241 2651 3305 πενία,
2698 3239 2848 3310 καὶὴ
2884 3240 2948 3291 ἐκ
2978 3238 3186 3309 ταύτης
3224 3238 3453 3292 ἀπόνοια
3478 3238 3647 3292 κακόν

2068 3335 2187 3385 ἐστι
2211 3330 2386 3401 βίαιον
2405 3345 2420 3361 '
2452 3330 2501 3382 εἰ
2523 3329 2578 3382 δέ
2610 3329 2704 3382 καὶ
2732 3327 2794 3383 τὸ
2817 3326 3025 3398 πλῆθος
3050 3326 3369 3396 προσλάϐοι,
3399 3326 3494 3379 καὶ
3516 3325 3644 3378 δυσ-

2070 3423 2419 3495 μαχὼτατον.
2454 3422 2735 3477 Πλείστων
2781 3418 2912 3488 γοῦν
2957 3418 3151 3473 δεινῶν
3192 3421 3306 3482 τοῖς
3346 3417 3647 3488 Ῥωμαίοις

957 3521 1107 3567 tanta
1146 3509 1436 3567 iracundia
1472 3515 1799 3563 exarserunt
1832 3544 1847 3571 ,
1899 3513 1956 3560 ut

2066 3513 2219 3568 αίτία
2244 3514 2279 3581 ἡ
2306 3512 2432 3566 τότε
2459 3512 2569 3565 τῶν
2592 3511 2986 3582 δυνατωτέρων
3018 3509 3158 3581 πρὸς
3178 3510 3307 3574 τοὺς
3327 3508 3647 3562 ὑποδεεστέ-

2069 3622 2199 3677 ρους
2234 3605 2494 3675 ἀκρίσεια
2527 3605 2774 3674 γέγονεν.
2824 3604 2914 3667 Ὧς
2943 3601 3052 3674 γὰρ
3079 3606 3201 3668 ταῖς
3237 3602 3550 3673 στρατείαις
3583 3620 3643 3657 τε

2063 3695 2127 3749 τὸ
2153 3695 2545 3767 στρατιωτικὸν
2574 3693 2849 3761 ἐπιέζετο,
2875 3695 2974 3749 καὶ
3002 3693 3172 3747 πολλά
3196 3693 3460 3759 πολλάκις
3491 3694 3644 3747 ἐλπί-

2067 3803 2169 3841 σαν
2207 3786 2398 3856 σαφῶς
2425 3785 2758 3855 ἐξηπάτητο,
2793 3785 2889 3838 καὶ
2925 3783 3077 3854 παρά
3122 3783 3231 3838 τῶν
3261 3783 3557 3838 δανειστῶν
3592 3785 3642 3837 οἱ

2065 3878 2346 3948 ὀφειλέται
2372 3876 2661 3948 ὑϐρίζοντο
2688 3878 2785 3931 καὶ
2809 3877 3083 3947 ᾐκίζοντο,
3113 3876 3171 3941 ἐς
3194 3876 3452 3931 τοσοῦτον
3470 3877 3644 3949 ὀργῆς

2066 3972 2465 4044 ἐξεκαύθησαν,
2488 3970 2563 4035 ὡς
2594 3971 2691 4025 καὶ
2714 3973 2815 4042 τὴν
2846 3971 3001 4025 πόλιν
3025 3971 3134 4025 τῶν
3163 3972 3388 4042 ἀπόρων
3415 3972 3643 4044 συχνοὺς

2066 4063 2336 4127 ἐκλιπεῖν,
2385 4065 2480 4117 καὶ
2509 4065 2575 4117 ἐκ
2607 4063 2700 4116 τοῦ
2732 4063 3103 4135 στρατοπέδου
3139 4063 3522 4135 ἀναχωρῆσαι,
3547 4066 3645 4118 καὶ

2067 4159 2133 4209 ἐκ
2158 4155 2258 4227 τῆς
2287 4155 2475 4228 χώρας
2497 4155 2575 4220 ὡς
2597 4156 2894 4227 πολεμίους
2915 4156 3014 4219 τὰς
3039 4156 3247 4226 τροφὰς
3269 4156 3643 4225 ἐρανίζεσθαι.

2066 4248 2225 4302 Οὕτω
2259 4247 2318 4301 δὲ
2361 4248 2570 4305 τούτων
2616 4248 3074 4320 συνενεχθέντων,
3120 4250 3244 4303 ἐπεὶ
3276 4249 3466 4303 πολλοὶ
3502 4248 3645 4320 πρὸς

2064 4338 2192 4403 τοὺς
2221 4338 2571 4402 ἀποστάντας
2604 4338 2917 4410 συνέρρεον,
2947 4339 3228 4402 δείσαντες
3252 4340 3303 4391 οί
3329 4339 3642 4410 βουλευταὶ,

2070 4430 2145 4501 μὴ
2172 4429 2266 4483 ἐιιτλ⁵
2299 4429 2460 4484 πλέον
2482 4422 2629 4484 οὗτοί
2663 4447 2724 4482 τε
2759 4429 3211 4500 ἐκπολεμωθῶσι,
3236 4430 3329 4484 καὶ
3358 4434 3427 4503 τῇ
3458 4431 3646 4485 στάσει

1854 4522 1958 4579 Or-
1996 4549 2038 4603 D
2069 4520 2474 4575 συνεπιθωνται
2511 4522 2561 4574 οί
2603 4520 2902 4592 περίοικοι,
2945 4520 3455 4592 διεκηρυκεύσαντο
3505 4521 3646 4593 πρὸς

2065 4609 2289 4675 αὐτοὺς,
2326 4611 2427 4664 ὅσα
2459 4610 2598 4682 πρὸς
2629 4610 2830 4682 βουλῆς
2879 4607 3021 4680 ἦσαν
3071 4613 3256 4675 αὐτοῖς
3308 4614 3486 4666 ποιεῖν
3533 4614 3644 4666 ὐπ-

2068 4700 2436 4771 ισχνούμενοι.
2474 4700 2560 4766 Ὠς
2587 4702 2643 4756 δὲ
2673 4702 2911 4771 μάλιστα
2934 4702 3303 4772 ἐθρασύνοντο
3332 4704 3428 4758 καὶ
3454 4704 3646 4758 οὐδένα

2065 4792 2226 4859 λόγον
2247 4789 2623 4869 ἐδέχοντο,ηεῖς
2656 4795 2769 4848 τῶν
2799 4794 3087 4864 πρέσϐεων
3124 4795 3432 4865 Ἀγρίππας
3455 4796 3643 4866 Μενή-

2066 4900 2200 4948 νιος,
2232 4885 2406 4954 μύθου
2445 4886 2592 4950 τινὸς
2634 4888 2776 4956 σφᾶς
2813 4887 3051 4942 ἀκούσαι
3091 4887 3313 4957 ἠξίωσε,
3340 4889 3437 4943 καὶ
3464 4889 3647 4960 τυχὼν

2065 4972 2218 5030 εἷπε·
2246 4978 2584 5033 Στασιάσαι
2622 4979 2771 5049 πρὸς
2805 4977 2921 5047 τὴν·
2947 4980 3209 5049 γαστέρα
3239 4979 3436 5036 πάντα
3457 4981 3531 5035 τὰ
3546 4981 3649 5051 μέ.

2065 5072 2147 5137 ,λη
2171 5069 2277 5124 τοῦ
2306 5068 2604 5139 σώματος,
2633 5071 2733 5124 καὶ
2772 5069 2959 5139 satiras
2990 5070 3135 5136 τοὺς
3164 5073 3535 5142 ὀφθαλμοὺς,
3562 5073 3645 5140 ὡς
3694 5068 3711 5081 “

2069 5161 2237 5231 ἡμεῖς
2275 5161 2383 5228 τάς
2417 5179 2482 5216 τε
2502 5162 2708 5230 χεῖρας
2743 5161 3028 5231 ἐνεργοὺς
3054 5165 3142 5229 εἰς
3164 5163 3329 5233 ἔργα,
3370 5165 3469 5219 καί
3499 5165 3646 5231 τοὺς

2067 5255 2260 5322 πόδας
2287 5256 2439 5325 πρὸς
2464 5256 2718 5324 πορείαν
2752 5254 3059 5323 τιθέαμεν”
3099 5255 3214 5323 τὴν
3256 5255 3549 5326 γλῶσσαν
3575 5255 3647 5309 δὲ

2068 5343 2166 5399 καὶ
2199 5345 2273 5399 τὰ
2300 5346 2498 5413 χείλη,
2520 5346 2614 5399 ὅτι
2654 5344 2732 5399 δι’
2762 5343 2932 5414 ἡμῶν
2977 5344 3049 5397 τὰ
3080 5342 3192 5412 τῆς
3226 5345 3473 5414 καρδίας
3492 5346 3646 5410 ,ϐου-

2066 5436 2337 5504 λεύματα
2376 5435 2883 5505 ὲξαγγέλλονταιο
2938 5437 3010 5492 τὰ
3047 5431 3169 5491 ὦτα
3210 5435 3262 5489 δ’
3292 5431 3393 5502 αὖ,
3433 5436 3514 5502 ὡς
3566 5434 3645 5491 δι’

2068 5527 2240 5597 ἡμῶν
2265 5531 2319 5583 ol
2344 5528 2419 5580 δι’
2445 5527 2666 5596 ἐτέρων
2689 5527 2860 5598 λόγοι
2890 5525 2970 5592 τῷ
2998 5528 3102 5582 νοῒ
3123 5525 3643 5595 παραπέμπονταιο

2070 5621 2175 5683 τὰς
2202 5615 2270 5670 δὲ
2302 5617 2524 5686 χεῖρας,
2569 5617 2658 5670 ὅτι
2697 5615 3000 5687 ἐργάτιδες
3049 5612 3232 5672 οὖσαι
3280 5616 3448 5686 ἡμεῖς
3484 5633 3646 5684 περι-

2069 5707 2395 5776 ποιούμεθα
2427 5709 2795 5776 πορισμούς’
2826 5708 2969 5775 τοὺς
2997 5707 3189 5775 πόδας
3225 5703 3511 5773 δ’,αὖθις⁹
3554 5708 3647 5760 ὅτι

2069 5799 2235 5855 ἅπαν
2259 5798 2429 5869 ἡμεῖς
2450 5798 2518 5854 τὸ
2538 5799 2710 5870 σῶμα
2729 5799 3033 5870 φέροντες,
3060 5801 3358 5868 κοπιῶμεν
3383 5800 3496 5853 κάν
3518 5798 3646 5862 ταῖς
