4060 6398
326 404 432 467 589

1581 409 1990 474 ANNALIUM
2028 411 2176 471 LIB.
2214 409 2349 473 VII.

3471 403 3578 468 590

325 523 596 593 πορείαις
610 523 727 578 κάν
740 521 869 590 ταῖς
888 522 1219 592 ἐργασίαις,
1255 525 1372 581 κάν
1417 525 1545 593 ταῖς
1587 526 1905 580 στάσεσιν.

2014 533 2178 592 ρει-ει,
2203 538 2368 594 neque
2401 537 2590 577 manus
2612 519 2680 574 ad
2714 534 2843 590 Opus
2871 519 3029 588 fuisse
3058 519 3255 590 agiles,
3285 519 3346 573 ob
3384 520 3579 573 ventris

331 614 536 683 ἸΙμῶν
566 615 620 668 δ’
639 616 1044 684 ἐνεργούντων
1056 618 1232 682 οὕτω,
1265 617 1347 672 σὺ
1377 619 1534 687 μόνη
1559 616 1907 681 ἀσυντελὴς

323 703 483 763 οὖσα
507 707 605 762 καὶ
635 708 871 778 ἀεργὸς,
898 709 1016 765 ὑπὸ
1045 709 1290 763 πάντων
1313 708 1486 778 ἡμῶν
1509 710 1590 776 ὡς
1611 706 1909 764 δέσποινά

321 817 417 867 τις
431 801 723 870 ὑπηρετῇ,
742 802 839 856 καί
862 802 981 856 τῶν
996 802 1064 857 ἐκ
1082 801 1350 872 καμάτου
1367 800 1612 856 πάντων
1626 803 1664 870 ἡ
1663 801 1793 872 μῶν
1806 814 1909 856 πο-

316 891 558 962 ρισμῶν
573 893 910 960 ἀπολαύεις
930 893 1109 963 αὐτή.
1144 894 1218 948 Ἦ
1235 893 1306 947 δὲ
1340 892 1574 964 γαστὴρ
1597 895 1908 956 συνέθετο,

322 985 424 1038 καὶ
455 984 611 1051 αὑτὴ
645 985 800 1039 οὕτω
821 986 987 1040 ταῦτ’
1012 986 1199 1054 ἔχειν.
1230 985 1344 1040 Καὶ
1369 988 1419 1040 ει
1443 985 1630 1052 δοκεῖ,
1652 987 1904 1054 ἔφησεν,

323 1076 710 1147 ἀχορήγητόν
726 1095 804 1148 με
834 1077 1080 1144 ἐάσατε,
1099 1077 1296 1147 μηδέν
1309 1098 1411 1150 μοι
1435 1078 1906 1148 προσφέροντες.

329 1165 549 1231 Ἔδοξε
570 1167 778 1233 ταῦτα,
809 1167 907 1222 καί
933 1166 1020 1236 μή
1043 1184 1099 1221 τι
1130 1169 1236 1223 τοῦ
1263 1169 1484 1223 λοιποῦ
1524 1169 1907 1237 χορηγεῖσθαι

325 1255 403 1325 τῇ
430 1257 645 1327 γαστρί
675 1257 892 1324 κοινῶς
911 1258 1226 1328 ἐψηφίσθη
1259 1260 1382 1326 τοῖς
1402 1261 1641 1330 μέλεσι.
1669 1260 1908 1330 Τροφῆς

321 1349 393 1408 δὲ
423 1349 509 1420 μὴ
539 1350 1040 1420 προσφερομένης
1075 1351 1254 1420 αὐτῇ,
1289 1352 1416 1407 οὔθ’
1439 1355 1501 1406 αἱ
1528 1353 1724 1422 χεῖρες
1755 1353 1908 1430 πρός

320 1441 506 1509 ἔργον
571 1437 736 1511 ἦσαν
784 1441 1115 1510 εὐκίνητοι,
1171 1442 1271 1498 διὰ
1316 1443 1432 1512 τὴν
1486 1442 1728 1498 ἔνδειαν
1797 1442 1908 1510 τῆς

321 1533 590 1602 γαστρὸς
637 1533 1045 1604 ἀτονήσασαι,
1101 1533 1230 1588 οὔθ’
1285 1536 1338 1588 οί
1389 1534 1574 1600 πόδες
1623 1533 1906 1603 ἔρρωντο,

320 1625 468 1678 οὔτε
510 1641 566 1678 τι
598 1624 809 1694 ἕτερον
843 1624 962 1679 τῶν
980 1623 1185 1696 μελῶν
1211 1624 1328 1693 τὴν
1352 1626 1582 1680 οἰκείαν
1603 1626 1910 1696 ἐνέργειαν

320 1713 615 1784 παρεῖχεν
687 1716 1110 1785 ἀπρόσκοπον,
1160 1714 1300 1771 ἀλλ’
1348 1716 1624 1785 ἄπρακτα
1686 1716 1907 1781 πάντα,

319 1806 666 1876 δυσκίνητα
705 1824 790 1872 τε,
836 1807 875 1876 ἢ
923 1807 1024 1862 καί
1061 1807 1270 1862 τέλεον
1302 1802 1469 1878 ἦσαν
1499 1807 1773 1875 ἀκίνητα.
1800 1808 1910 1861 Kal

2009 615 2239 669 inediam
2273 615 2500 684 defectus
2529 613 2726 667 viribus
2756 627 2774 666 :
2805 627 2970 672 neque
2999 612 3155 680 pedes
3194 612 3421 664 ualuisse
3441 651 3455 675 ,
3495 626 3584 664 ne-

2007 723 2107 776 que
2143 707 2315 761 ullum
2346 706 2498 761 aliud
2536 705 2828 760 membrum
2860 721 3014 758 suum
3043 721 3230 758 munus
3255 707 3391 758 citra
3423 706 3579 774 oﬁ'en-

2005 814 2123 851 sam
2150 798 2334 852 abiisse
2357 813 2376 851 :
2405 797 2498 852 sed
2535 798 2715 850 omnia
2741 796 2898 866 fuisse
2935 797 3150 865 ignava,
3189 813 3330 866 a'gra
3356 806 3449 850 aut
3491 813 3554 867 pe
3573 826 3585 836 -

2009 889 2149 943 nitus
2183 890 2495 942 immobilia.
2526 888 2655 942 Tum
2702 904 2822 942 vero
2860 887 3180 940 intellectum
3207 903 3346 950 esse,
3381 903 3441 941 ea
3471 904 3588 958 quas

2007 981 2176 1034 ventri
2200 980 2520 1050 praebentur,
2547 995 2650 1031 non
2670 979 2837 1048 magis
2859 980 2957 1048 ipsi
2979 995 3141 1048 quant
3161 979 3398 1033 omnibus
3428 995 3591 1032 mem-

2007 1073 2110 1124 bris
2141 1072 2500 1140 suppeditari,
2550 1088 2614 1124 ac
2661 1086 2724 1124 ea
2763 1070 2977 1140 singula
3011 1072 3241 1140 fructum
3275 1072 3398 1125 inde
3433 1089 3590 1126 suum

2009 1163 2295 1231 percipere.
2323 1162 2403 1215 Ex
2424 1177 2491 1216 eo
2525 1176 2784 1216 sermone
2804 1161 3102 1216 multitudo
3123 1161 3417 1226 intellexit,
3441 1164 3592 1218 locu-

2010 1252 2217 1318 pletum
2276 1251 2568 1308 facultates
2637 1251 2806 1307 etiam
2855 1253 3195 1324 pauperibus
3241 1269 3364 1310 esse
3403 1255 3590 1310 utiles.

2008 1342 2165 1410 Quod
2203 1342 2248 1398 si
2280 1342 2361 1398 illi
2392 1359 2519 1400 suas
2543 1359 2678 1415 opes
2705 1360 2775 1400 ex
2814 1345 3024 1400 mutuis
3064 1346 3318 1416 pecuniis
3351 1355 3592 1418 augeant

2011 1435 2064 1488 id
2099 1442 2278 1488 tamen
2318 1435 2375 1488 in
2409 1436 2601 1506 populi
2626 1435 3021 1501 detrimentum
3055 1452 3166 1492 non
3198 1438 3418 1494 cedere.
3451 1439 3591 1493 Nam

2011 1530 2057 1585 si
2099 1530 2241 1585 nihil
2274 1530 2546 1587 haberent
2593 1531 2920 1602 locupletes,
2957 1547 3138 1603 neque
3174 1547 3444 1604 pauperes
3488 1549 3594 1589 ne-

2011 1624 2267 1679 cessariis
2311 1624 2658 1695 temporibus
2701 1625 3012 1688 habituros,
3060 1627 3208 1682 unde
3243 1635 3596 1690 mutuentur,

2012 1721 2178 1783 atque
2212 1722 2442 1786 urgente
2468 1713 2799 1770 necessitate
2832 1715 3136 1784 perituros.
3189 1713 3303 1770 [lac
3339 1715 3596 1770 oratione

2015 1805 2274 1876 mitigati,
2313 1804 2538 1862 decreta
2573 1813 2828 1861 a'senatu
2857 1806 3131 1862 levatione
3160 1807 3502 1874 debitorum,
3537 1818 3598 1865 et

319 1899 462 1952 τότε
494 1899 802 1970 συνῆκαν,
843 1900 934 1954 ὅτι
964 1900 1035 1954 τὰ
1073 1900 1148 1968 τῇ
1183 1899 1394 1970 γαστρὶ
1428 1899 1906 1969 προσφερόμενα,

2015 1912 2285 1953 nexorum
2319 1899 2392 1953 ob
2414 1913 2490 1954 aes
2514 1897 2758 1954 alienum
2788 1899 3085 1966 solutione,
3112 1901 3168 1955 in
3195 1901 3428 1972 gratiam
3468 1918 3598 1957 cum

319 1989 396 2043 οὐ
447 1987 694 2064 μᾶλλον
735 1990 968 2058 ἐκείνη,
1016 1990 1157 2045 ἀλλ’
1197 1990 1404 2054 αὐτοῖς
1431 1989 1907 2069 ⁵κεχορήγνηνται,

2015 1989 2271 2060 patribus
2298 1990 2606 2047 redierunt.

321 2081 428 2135 καὶ
457 2081 659 2136 αὐτῶν
701 2081 964 2136 ἕκαστον
1000 2081 1204 2150 ἐκείνῃ
1243 2082 1719 2150 προσαγομένων
1786 2082 2231 2149 παραπολαύει.
2300 2083 2528 2146 Τούτοις
2600 2084 2716 2146 τοῖς
2761 2082 2944 2152 λόγοις
2976 2083 3039 2137 τὸ
3104 2084 3310 2158 πλῆθος
3339 2087 3598 2157 συνῆκεν,

319 2176 402 2239 ὡς
460 2177 516 2229 αἱ
568 2175 680 2229 τῶν
721 2176 974 2246 εὐπόρων
1013 2175 1192 2229 οὐσίαι
1225 2178 1322 2228 καὶ
1353 2177 1466 2240 τοῖς
1537 2174 1770 2247 πένησίν
1809 2177 1951 2231 εἰσιν
1989 2176 2071 2239 είς
2100 2176 2392 2247 ὠφέλειαν.
2467 2179 2580 2233 Καὶ
2609 2181 2658 2234 εί
2685 2180 2934 2235 κάκεῖνοι
2963 2180 3260 2251 ὠφελοῖντο
3301 2182 3368 2236 ἐκ
3405 2181 3602 2238 δανει-

323 2269 576 2340 σμάτων,
616 2272 713 2324 καὶ
756 2272 857 2336 τὰς
892 2270 1085 2335 οὐσίας
1118 2269 1400 2337 αὔξουσιν,
1438 2271 1539 2324 οὐκ
1571 2272 1652 2336 είς
1703 2269 1913 2342 βλάϐην
1949 2271 2110 2325 τοῦτο
2173 2273 2286 2328 τῶν
2347 2274 2562 2328 πολλῶν
2599 2275 2892 2330 ἀποϐαίνει
2915 2293 2931 2344 ;
2954 2277 3030 2342 ὡς
3061 2277 3118 2332 ei
3146 2295 3210 2348 γε
3243 2277 3317 2349 μὴ
3347 2276 3526 2350 ἔχοιεν
3550 2281 3603 2335 οῑ

321 2364 715 2434 πλουτοῦντες,
777 2366 888 2421 οὐδ’
926 2369 976 2421 οἱ
1043 2369 1280 2437 πένητες
1333 2367 1400 2422 ἂν
1466 2369 1526 2421 ἐν
1596 2370 1813 2438 καιροῖς
1877 2369 2202 2437 ἀναγκαίοις
2258 2369 2445 2435 ἕξουσι
2497 2371 2628 2433 τοὺς
2672 2371 3050 2437 δανείσοντας,
3115 2371 3214 2426 καὶ
3272 2374 3604 2428 ἀπολοῦνται

322 2465 519 2534 χρείας
557 2463 1018 2536 κατεπειγούσης.
1077 2465 1366 2520 Ἐντεῦθεν
1406 2463 1708 2536 ήπιώτεροι
1760 2465 2044 2536 γενόμενοι
2114 2466 2564 2537 κατηλλάγησαν,
2640 2467 2950 2538 κουφισμὸν
3021 2466 3131 2521 τῶν
3200 2468 3458 2537 ὀφειλῶν,
3505 2471 3604 2526 καὶ

305 2557 438 2611 -τῶν
472 2559 868 2630 ὑπερημεριῶν
905 2560 1104 2629 ἄφεσιν
1142 2561 1242 2631 τῆς
1280 2559 1480 2631 βουλῆς
1513 2559 1909 2632 ψηφισαμένης
1949 2562 2157 2625 αὐτοῖς.

393 2650 504 2704 lE'.
537 2649 874 2714 Φοϐηθέντες
897 2651 956 2705 δὲ
990 2652 1090 2724 μὴ,
1139 2652 1538 2723 σκεδασθείσης
1592 2654 1782 2716 αὐτοῖς
1810 2654 1910 2722 τῆς

326 2744 674 2809 συστάσεως,
711 2743 746 2815 ἥ
799 2744 901 2807 τὰς
929 2745 1211 2816 συνθήκας
1241 2745 1343 2798 οὐκ
1372 2745 1646 2808 ἐπιτελεῖς
1671 2745 1911 2812 ἕξουσιν,

324 2836 360 2909 ἣ
386 2835 686 2890 κακωθῶσι
709 2835 1079 2902 διαλυθέντες,
1105 2839 1203 2891 καὶ
1236 2837 1399 2903 ἄλλος
1424 2839 1549 2892 κατ’
1573 2839 1742 2909 ἀλλην
1773 2841 1911 2907 πρό-

327 2945 498 2997 φασιν
529 2926 811 2993 κολάζοιτο
860 2929 1251 3000 συνεχόμενος,
1285 2930 1577 2985 συνέθεντο
1606 2933 1912 3004 ἐπαρήγειν

325 3019 606 3084 ἀλλήλοις,
640 3019 709 3073 ἀν
738 3019 824 3084 τίς
855 3036 908 3072 τι
933 3020 1175 3074 ἀδικοῖτο
1195 3037 1209 3052 ⁶
1249 3021 1347 3076 καὶ
1372 3023 1572 3094 ὅρκους
1617 3025 1710 3078 ἐπὶ
1735 3024 1912 3094 τούτῳ

328 3113 593 3184 ὑπέσχον,
622 3114 716 3167 καὶ
741 3114 1060 3184 προστάτας
1085 3114 1285 3170 αὐτίκα
1314 3115 1376 3182 ἐξ
1403 3117 1618 3171 ἑαυτῶν
1638 3117 1750 3172 δύω
1777 3135 1917 3189 προ-

325 3209 696 3279 εχειρίσαντο,
729 3203 850 3261 εἶτα
880 3209 976 3262 καὶ
1004 3207 1252 3272 πλείους,
1305 3207 1372 3263 ἵν’
1403 3204 1516 3262 εἷεν
1545 3210 1732 3274 αὐτοῖς
1774 3211 1914 3266 κατά

330 3299 654 3371 συμμορίαν
704 3299 892 3371 βοηθοί
943 3299 1058 3373 (94)
1093 3317 1154 3354 τε
1208 3300 1307 3354 καὶ
1328 3301 1581 3373 τιμωροί.
1618 3303 1729 3356 Καὶ
1756 3303 1916 3356 τοῦτο

327 3393 430 3464 οὐχ
455 3391 607 3458 ἅπαξ
630 3394 923 3465 ἐποίησαν,
947 3393 1065 3448 ἀλλ’
1097 3393 1286 3448 ἔκτοτε
1313 3395 1374 3448 τὸ
1405 3396 1640 3466 πρᾶγμα
1669 3397 1915 3467 ἀρξάμε-

328 3501 442 3550 νον,
473 3484 618 3540 οῦτω
648 3487 964 3558 προέϐαινε,
991 3487 1088 3541 καὶ
1114 3487 1202 3539 ἐπ’
1234 3488 1482 3542 ἐνιαυτὸν
1511 3489 1638 3552 τοὺς
1667 3491 1913 3562 προστά-

327 3593 428 3640 τας
458 3577 535 3640 ὡς
568 3579 745 3650 ἀρχήν
773 3596 900 3633 τινα
927 3579 1354 3644 ἀπεδείκνυσαν,
1386 3582 1453 3652 τῇ
1489 3579 1589 3651 μὲν
1616 3581 1728 3635 τῶν
1749 3583 1914 3636 Λατί-

329 3685 440 3723 νων
489 3669 710 3743 γλώσσῃ
755 3671 1129 3740 καλουμένους
1177 3671 1502 3744 τριϐούνους
1553 3672 1731 3744 (οὕτω
1775 3675 1832 3728 δὲ
1860 3675 1911 3728 οἱ

329 3762 618 3832 Χιλίαρχοι
653 3762 996 3833 κέκληνται),
1047 3761 1363 3835 δημάρχους
1417 3765 1476 3818 δὲ
1506 3782 1913 3838 προσαγορευο-

333 3859 530 3928 μένους
579 3859 646 3927 τῇ
713 3857 982 3928 Ἑλληνίδι
1035 3863 1225 3930 φωνῇ’
1267 3860 1356 3914 ἵνα
1376 3859 1432 3913 δὲ
1465 3860 1911 3934 διαστέλληταιὴ

328 3951 439 4005 τῶν
469 3949 772 4020 τριϐούνων
826 3952 1192 4023 προσηγορία,
1238 3954 1352 4017 τοῖς
1399 3953 1502 4024 μὲν
1521 3954 1582 4008 τὸ
1607 3954 1716 4009 τῶν
1746 3973 1915 4026 στρα-

328 4043 562 4108 τιωτῶν,
596 4045 710 4106 τοῖς
754 4043 812 4098 δὲ
841 4043 904 4096 τὸ
953 4043 1050 4096 τοῦ
1081 4043 1324 4114 πλήθους
1375 4045 1713 4116 προσέθεντο
1741 4048 1916 4118 πρόσ-

331 4153 508 4207 ρημα.
531 4131 690 4192 Οὗτοι
724 4135 790 4206 δὴ
818 4136 914 4190 τοῦ
945 4135 1187 4208 πλήθους
1221 4138 1272 4190 οἱ
1298 4136 1581 4208 τριϐοῦνοι
1629 4139 1661 4210 ἢ
1697 4139 1911 4210 δήμαρ-

325 4243 415 4297 χοι
444 4227 696 4296 μεγάλων
744 4227 935 4281 κακῶν
989 4230 1155 4282 αῐτιοι
1185 4231 1252 4299 τῇ
1292 4227 1478 4301 Ῥώμῃ
1510 4229 1792 4299 γεγόνασι.
1837 4230 1911 4282 Τὸ

330 4319 432 4388 μὲν
457 4320 566 4389 γὰρ
586 4320 698 4373 τῶν
725 4321 1006 4390 ἀρχόντων
1037 4321 1214 4393 ὄνομα
1234 4321 1336 4374 οὐκ
1363 4321 1523 4392 ἔσχον
1543 4322 1730 4389 εὐθὺς,
1755 4323 1909 4392 ίσχὺν

2093 2653 2208 2711 XV.
2248 2655 2522 2712 Craterum
2549 2655 2736 2724 veriti,
2775 2672 2843 2712 ne
2872 2658 2968 2713 illo
2993 2665 3140 2716 cuitu
3171 2658 3438 2730 dissipato
3458 2701 3473 2726 ,
3513 2663 3604 2718 vel

2019 2747 2195 2816 pactis
2225 2763 2336 2804 non
2378 2757 2640 2814 staretur,
2691 2751 2781 2804 vel
2827 2751 2874 2805 si
2914 2749 3148 2822 digressi
3197 2760 3407 2817 essent,
3461 2754 3606 2809 alius

2019 2841 2129 2895 alio
2163 2841 2386 2895 nomine
2463 2840 2904 2912 comprehensus
2957 2841 3318 2912 plecteretur,
3378 2845 3606 2915 pepige-

2020 2940 2170 2997 runt,
2219 2931 2266 2987 si
2322 2931 2412 2986 cui
2455 2931 2612 2988 ﬁeret
2666 2931 2904 3002 injuria,
2965 2943 3160 2989 mutuo
3217 2933 3428 2990 laturos
3477 2951 3606 2991 esse

2018 3039 2202 3096 Opem.
2270 3025 2461 3095 quue
2508 3032 2669 3095 pacto
2708 3025 3071 3096 jurejurando
3127 3025 3367 3092 ﬁrmato,
3415 3028 3604 3082 statim

2020 3117 2162 3173 duos
2193 3127 2461 3188 patronos
2502 3119 2588 3174 sui
2623 3118 2840 3174 ordinis
2868 3119 3161 3189 elegerunt
3208 3134 3223 3184 ;
3267 3119 3468 3176 deinde
3499 3136 3604 3176 au-

2019 3220 2222 3265 xerunt
2254 3225 2572 3276 numerum,
2600 3219 2662 3265 ut
2696 3210 2926 3282 singula:
2952 3213 3158 3268 classes
3177 3227 3309 3269 suos
3337 3226 3604 3283 patronos

2017 3299 2289 3356 haberent
2321 3315 2386 3356 ac
2420 3301 2686 3358 vindices.
2718 3302 2908 3372 Neque
2949 3302 3058 3358 hoc
3091 3303 3260 3358 semel
3313 3303 3603 3371 fecerunt;

2018 3392 2117 3448 sed
2149 3393 2220 3448 ab
2252 3409 2319 3450 eo
2352 3401 2622 3464 tempore,
2663 3394 2812 3451 facto
2839 3395 3022 3461 initio,
3059 3410 3150 3452 res
3185 3396 3261 3451 ita
3285 3399 3600 3467 processit,

2019 3493 2081 3538 ut
2112 3486 2411 3556 quotannis
2431 3501 2528 3542 eos
2547 3497 2812 3557 patronos
2837 3496 3097 3558 tanquam
3122 3491 3482 3562 magistratus
3505 3491 3606 3548 de-

2019 3578 2279 3649 ligerent,
2325 3579 2421 3650 qui
2453 3581 2664 3635 tribuni
2699 3581 2902 3650 plebis,
2939 3581 3282 3639 discriminis
3305 3599 3470 3640 causa
3499 3602 3604 3642 no-

2017 3673 2348 3728 minantur:
2411 3673 2563 3743 quod
2611 3674 2648 3728 ii
2682 3675 2850 3729 etiam
2900 3675 2957 3729 in
3007 3691 3070 3731 re
3117 3677 3344 3732 militari
3392 3679 3604 3735 tribuni

2015 3762 2302 3828 dicuntur,
2333 3765 2428 3834 qui
2461 3765 2757 3836 imperium
2784 3766 2840 3821 in
2873 3767 3030 3822 mille
3057 3769 3210 3826 viros
3242 3769 3517 3826 obtinent.
3554 3772 3600 3827 li

2017 3855 2225 3911 tribuni
2265 3857 2445 3926 plebis
2473 3858 2773 3928 magnasin
2805 3859 3099 3930 republica
3132 3861 3322 3918 turbas
3349 3864 3603 3921 concita-

2017 3953 2188 4000 runt:
2223 3948 2319 4016 qui
2367 3963 2494 4002 cum
2544 3949 2971 4018 magistratuum
3026 3966 3228 4006 nomen
3258 3968 3368 4008 non
3410 3955 3602 4012 statim

2017 4034 2308 4100 haberent,
2370 4021 2615 4106 potentia
2657 4045 2910 4092 'caeteros
2971 4054 3168 4095 omnes
3235 4045 3596 4112 superabant.

2015 4125 2173 4198 341
2205 4127 2456 4197 quemvis
2499 4127 2804 4196 supplicem
2838 4127 3245 4197 defendebant,
3285 4134 3540 4202 quemvis
3565 4151 3601 4190 a

2014 4234 2127 4289 quo
2160 4219 2437 4290 implorati
2461 4227 2648 4276 essent
2679 4223 3020 4288 asserebant,
3051 4239 3163 4278 non
3183 4235 3376 4280 contra
3412 4227 3604 4296 priva-

2017 4321 2104 4366 tos
2133 4310 2426 4377 duntaxat,
2477 4311 2574 4366 sed
2622 4312 2794 4368 etiam
2826 4315 3098 4371 adversus
3139 4318 3288 4387 ipsos
3312 4323 3604 4391 magistra-

325 4410 370 4461 δ’
404 4410 546 4482 ὑπὲρ
597 4413 809 4477 πάντας
836 4414 962 4477 τοὺς
993 4413 1189 4478 ἀλλους
1234 4415 1562 4485 ἐκτήσαντο,
1612 4416 1818 4486 ήμυνόν
1845 4433 1906 4468 τε

2014 4419 2127 4474 tus,
2149 4409 2516 4467 dictatoribus
2555 4419 2769 4468 tantum
2791 4414 3058 4483 exceptis.
3085 4414 3244 4481 Quod
3274 4415 3320 4471 si
3344 4416 3470 4486 quis
3500 4431 3601 4474 eos

326 4502 569 4574 δεομένῳ
599 4509 790 4570 παντὶ,
821 4509 916 4559 καὶ
948 4506 1130 4560 πάντα
1158 4507 1252 4561 τδν
1283 4505 1728 4578 ἐπιϐοησάμενον
1769 4509 1912 4576 σφᾶς

327 4594 664 4668 ἀφῃροῦντο,
687 4596 789 4648 οὐκ
809 4599 874 4650 ἐκ
908 4597 1086 4668 μόνων
1122 4596 1374 4665 ἰδιωτῶν,
1399 4598 1537 4652 ἀλλά
1563 4599 1659 4652 καὶ
1690 4597 1787 4653 ἀπ’
1813 4599 1912 4652 αύ-

325 4687 438 4741 τῶν
461 4687 571 4742 τῶν
601 4689 906 4759 ἀρχόντων,
935 4689 1077 4760 πλὴν
1107 4689 1218 4743 τῶν
1258 4691 1616 4760 δικτατόρων.
1654 4690 1718 4744 Εί
1743 4689 1800 4743 δέ
1826 4709 1910 4754 τις

327 4779 426 4832 καὶ
446 4779 685 4844 ἀπόντας
717 4781 915 4845 αὐτοὺς
945 4781 1348 4848 ἐπεκαλέσατο,
1380 4783 1634 4846 κάκεῖνος
1676 4783 1787 4837 ἀπὸ
1815 4782 1912 4836 τοῦ

327 4871 649 4942 συνέχοντος
678 4873 846 4926 αὐτὸν
897 4873 1302 4944 ἀπηλλάττετο,
1347 4874 1442 4926 καὶ
1469 4873 1502 4943 ἢ
1536 4875 1594 4936 ἐς
1621 4873 1682 4926 τὸ
1709 4873 1912 4943 πλῆθος

328 4961 422 5014 ὑπ’
456 4964 636 5016 αὐτῶν
668 4963 950 5035 εἰσήγετο,
987 4963 1020 5033 ἦ
1075 4964 1170 5016 καὶ
1205 4963 1500 5015 ἀπελύετο.
1545 4962 1709 5016 Ἀλλά
1736 4963 1833 5015 καὶ
1863 4963 1917 5015 εί

324 5055 380 5107 τί
411 5071 515 5107 που
577 5056 759 5122 ἔδοξεν
801 5057 991 5119 αὐτοῖς
1037 5056 1114 5127 μὴ
1173 5057 1453 5123 γενέσθαι,
1505 5055 1764 5122 ἐκώλυον,
1807 5056 1914 5110 κᾶν

329 5145 546 5216 ἰδιώτης
571 5143 642 5218 ἦν
670 5149 698 5199 ὁ
725 5147 918 5213 ποιῶν,
942 5148 1046 5201 κᾶν
1075 5147 1283 5218 ἄρχων,
1315 5147 1421 5200 κᾶν
1447 5147 1476 5198 ὁ
1509 5146 1707 5217 δῆμος,
1740 5147 1846 5200 κᾶν
1877 5149 1912 5219 ἡ

327 5235 495 5307 βουλὴ
548 5241 816 5303 πράττειν
865 5237 1060 5310 ἔμελλέ
1089 5256 1164 5302 τι,
1215 5237 1320 5291 κᾶν
1351 5238 1716 5308 ψηφίζεσθαι,
1747 5233 1827 5303 εἷς
1855 5239 1913 5293 δέ

324 5347 410 5393 τις
435 5331 737 5400 ἡναντίωτο
762 5331 1066 5403 δήμαρχος,
1091 5331 1379 5400 ἄπρακτος
1407 5332 1501 5384 καὶ
1523 5332 1557 5402 ή
1589 5333 1791 5402 πρᾶξις
1815 5334 1913 5386 καὶ

325 5423 361 5492 ἡ
387 5423 570 5494 ψῆφος
603 5425 836 5494 ἐγίνετο.
872 5425 981 5478 Τοῦ
1021 5426 1216 5497 χρόνου
1253 5424 1312 5478 δὲ
1342 5425 1652 5496 προϊόντος,
1681 5427 1779 5480 καὶ
1808 5427 1910 5499 τήν

2009 4505 2097 4560 vel
2135 4505 2394 4561 absentes
2434 4507 2799 4577 appellasset,
2846 4509 2894 4564 is
2932 4523 3156 4580 quoque
3200 4510 3269 4565 ab
3301 4524 3390 4577 eo,
3421 4526 3452 4566 a
3485 4527 3598 4580 quo

2012 4597 2451 4668 comprehensus
2485 4599 2692 4665 fuerat,
2737 4600 3028 4669 liberatus,
3062 4603 3148 4658 vel
3183 4604 3238 4659 in
3268 4604 3600 4661 concionem

2013 4691 2084 4746 ab
2121 4692 2204 4747 eis
2249 4691 2660 4758 adducebatur,
2696 4692 2784 4748 vel
2823 4693 2992 4748 etiam
3035 4693 3448 4750 absolvebatur.
3514 4697 3600 4751 Ad

2013 4785 2152 4849 hac,
2198 4784 2244 4838 si
2275 4784 2423 4854 quod
2461 4785 2543 4840 eis
2582 4785 2867 4841 decretum
2905 4788 3024 4841 sive
3069 4801 3100 4841 a
3141 4787 3380 4857 privato,
3412 4787 3530 4843 sive
3570 4804 3602 4842 a

2013 4875 2339 4943 magistratu
2361 4915 2377 4940 ,
2428 4875 2544 4930 sive
2577 4891 2606 4928 a
2644 4875 2806 4946 plebe
2838 4877 3041 4930 factum
3064 4914 3080 4938 ,
3109 4875 3480 4946 displicebat,
3513 4877 3602 4929 in-

2017 4965 2394 5021 tercedebant.
2431 4967 2589 5033 Quod
2623 4967 2670 5023 si
2692 4966 2920 5022 senatus
2951 4969 3158 5038 aliquid
3192 4969 3278 5022 vel
3299 4984 3486 5039 agere,
3513 4967 3602 5022 vel

2017 5055 2325 5112 decernere
2361 5056 2726 5123 instituisset,
2759 5067 2926 5127 atque
2962 5073 3107 5112 unus
3135 5058 3396 5112 tribunus
3426 5057 3604 5126 plebis

2015 5149 2446 5211 intercessisset,
2506 5149 2727 5204 irritum
2771 5157 2895 5204 erat
2934 5150 2988 5204 id
3031 5149 3342 5213 decretum,
3381 5149 3603 5203 actione

2014 5241 2502 5311 supersedebatur.
2541 5241 2844 5310 Progressu
2881 5241 3148 5310 temporis
3179 5240 3270 5294 illa
3311 5242 3509 5304 etiam,
3541 5248 3604 5292 ut

2015 5342 2065 5386 et
2110 5341 2363 5386 senatum
2391 5339 2803 5397 convocarent,
2836 5331 2990 5386 dicto
3033 5347 3142 5386 non
3179 5331 3468 5385 audientes
3499 5347 3604 5400 pu-

2015 5425 2224 5491 nirent,
2266 5432 2323 5479 et
2363 5424 2653 5494 aruspices
2681 5423 3064 5483 consulerent.
3100 5432 3197 5477 aut
3230 5437 3491 5477 concessa
3519 5423 3606 5476 eis

1537 5587 1738 5650 Variae
1782 5588 2093 5650 lectiones
2131 5593 2194 5650 et
2236 5593 2428 5650 nota).

399 5721 512 5792 (94)
540 5722 653 5777 "Ir‘
703 5718 828 5776 εἶεν
857 5722 1064 5791 αὐτοῖς
1121 5725 1274 5779 κατὰ
1301 5724 1648 5794 συμμορίαν
1667 5723 1910 5790 βοηθοί.

323 5792 397 5847 Ut
430 5794 660 5863 singula:
690 5795 898 5849 classes
922 5811 1056 5848 suos
1091 5807 1358 5865 patronos
1386 5792 1690 5859 haberent,
1727 5796 1914 5863 sequi-

322 5873 414 5915 tur
437 5879 727 5919 numerum
770 5866 1118 5920 tribunorum
1162 5866 1230 5921 ad
1255 5866 1447 5922 decem
1477 5880 1602 5923 esse
1631 5875 1854 5922 auctum
1896 5885 1907 5919 :

2016 5722 2225 5848 classa?
2262 5731 2446 5778 autem
2500 5737 2529 5777 a
2577 5722 2772 5778 Servio
2828 5719 3010 5776 Tullio
3058 5720 3329 5776 institutae
3377 5719 3605 5777 fuerunt

2017 5809 2132 5847 sex.
2232 5833 2246 5846 .

2017 5809 2132 5847 50X.
2165 5809 2246 5847 \Y.
