4060 6402
389 436 494 504 591

1693 429 2015 492 JOANNIS
2053 431 2376 493 ZOXARrE

3559 424 3674 489 592

390 563 542 620 sunt,
569 558 666 607 aut
688 548 756 604 ab
785 547 920 619 ipsis
947 554 1235 616 usurpata.
1263 524 1399 599 Nam
1426 544 1597 600 multa
1620 560 1746 615 qua:
1767 545 1848 600 eis
1874 561 1983 599 non

2090 544 2384 614 γερουσίαν
2435 542 2735 615 ἀθροίζειν,
2787 543 2881 598 καὶ
2915 543 3154 615 ζημιοῦν
3184 542 3278 597 τὸν
3339 541 3417 615 μὴ
3448 541 3684 613 πειθαρο

392 644 641 702 licebant
667 635 1155 694 adversationibus
1183 633 1293 689 illis
1317 632 1542 688 invictis
1569 640 1763 686 contra
1794 630 1980 685 omnia

390 754 518 811 quae
567 741 889 805 agerentur,
932 729 1318 784 obtinuerunt.
1350 724 1568 780 Etenim
1622 724 1769 794 leges
1819 737 1979 793 roga-

395 833 550 887 bant.
584 824 791 897 quibus
828 824 895 886 is,
930 821 1047 875 sive
1077 818 1350 889 privatus,
1388 816 1505 872 sive
1543 815 1916 885 magistratus,
1950 827 1981 865 a

393 937 507 993 quo
550 920 702 974 dicto
736 917 955 971 factove
1002 911 1203 968 oilensi
1238 918 1462 975 essent,
1501 924 1658 964 sacer
1700 916 1869 973 esset,
1916 918 1983 960 ac

394 1012 618 1084 piaculo
657 1009 979 1065 obstrictus.
1008 1004 1239 1061 Sacrum
1270 1012 1459 1058 autem
1500 1016 1646 1065 esse,
1685 999 1831 1054 idem
1860 1005 1982 1052 erat

395 1104 547 1176 quod
594 1102 826 1173 perisse.
876 1100 968 1154 Sic
998 1096 1147 1152 enim
1178 1098 1361 1150 omnia
1398 1108 1521 1163 qua:
1547 1093 1720 1147 instar
1743 1091 1983 1146 victimae

388 1197 465 1252 ad
492 1195 699 1251 caedem
722 1192 1002 1247 destinata
1033 1196 1200 1255 sunt,
1234 1186 1604 1258 appellantur.
1630 1184 1785 1254 Ipsos
1814 1184 1980 1237 etiam

396 1288 655 1344 tribunos
684 1285 865 1355 plebis
888 1289 1276 1337 sacrosanctos
1308 1277 1440 1331 dixit
1480 1277 1667 1346 plebs,
1719 1284 1979 1345 tanquam

378 1395 551 1437 sacra
574 1377 776 1434 muenia
803 1390 998 1431 eorum
1030 1388 1059 1425 a
1084 1371 1289 1442 quibus
1318 1370 1705 1438 intplorcntur.
1742 1366 1983 1421 Proinde

396 1474 568 1530 multa
615 1478 746 1526 sunt
779 1470 847 1523 ab
877 1469 959 1523 cis
994 1464 1259 1519 absurde.
1296 1461 1464 1527 facta,
1535 1471 1595 1515 ut
1639 1460 1896 1515 consules
1926 1460 1982 1514 in

384 1577 674 1622 carcerem
698 1561 871 1626 ducti,
891 1557 1193 1628 ut'quidam
1235 1555 1440 1610 indicta
1459 1569 1621 1609 causa
1660 1552 1849 1607 occisi.
1875 1551 1985 1607 Ne-

384 1674 503 1732 que
531 1657 613 1713 eis
629 1653 913 1711 adversari
947 1652 1183 1722 quisque
1220 1648 1481 1713 audebat,
1529 1646 1736 1715 alioqui
1764 1653 1821 1699 et
1865 1646 1983 1715 ipse

392 1767 553 1809 sacer
581 1758 722 1807 erat.
757 1747 816 1804 Si
841 1747 935 1817 qui
972 1755 1155 1799 tamen
1188 1758 1298 1797 non
1338 1742 1407 1796 ab
1446 1740 1706 1795 omnibus
1743 1740 1984 1795 tribunis

392 1848 993 1909 damnarentur,opem
1007 1835 1451 1891 dissentientium
1466 1832 1835 1902 implorabant
1850 1845 1864 1885 :
1882 1831 1982 1885 ita-

376 1953 506 2010 ~que
526 1948 748 1991 causam
788 1930 997 1995 dicere,
1039 1927 1155 1983 sive
1186 1924 1332 1995 apud
1359 1939 1456 1978 eos
1486 1923 1659 1993 ipsos.
1693 1924 1810 1978 sive
1835 1921 1982 1993 apud
2014 1894 2058 1953 Β

394 2030 535 2085 alios
553 2026 788 2099 judiccs,
808 2022 925 2080 sive
939 2019 1083 2091 apud
1100 2019 1361 2089 populum
1376 2016 1598 2082 licebat,
1617 2016 1856 2087 plurium
1876 2014 1989 2069 sui-

394 2119 589 2191 iragiis
619 2118 704 2171 vel
721 2110 1185 2173 condemnandis,
1204 2108 1290 2162 vel
1310 2106 1685 2172 absolvendis,
1709 2106 1989 2162 Tribuno-

399 2229 523 2269 rum
558 2224 826 2267 numerus
857 2205 1077 2261 tandem
1117 2203 1183 2257 ad
1215 2202 1391 2256 denos
1438 2216 1613 2271 usque
1640 2210 1838 2255 auctus
1860 2208 1984 2259 est:

382 2305 548 2361 unde
569 2304 718 2359 vires
752 2314 950 2356 eorum
974 2297 1206 2351 multum
1225 2304 1355 2349 sunt
1373 2292 1696 2347 tmtninutzc.
1713 2292 1849 2346 Nam
1870 2291 1989 2345 col.

402 2400 643 2470 legarum
665 2395 718 2448 in
745 2388 1161 2464 magistratibus
1178 2403 1306 2443 eum
1327 2392 1525 2439 natura
1545 2383 1956 2453 quodammodo
1971 2421 1987 2447 ,

402 2505 518 2548 tum
549 2488 725 2560 magis
774 2501 843 2541 ex
882 2481 1093 2540 invidia
1126 2480 1365 2536 societas
1395 2476 1561 2531 inlida
1588 2486 1706 2538 est,
1751 2490 1853 2530 nec
1903 2484 1985 2529 tc-

382 2596 554 2638 smere
586 2580 647 2635 lit
668 2587 729 2633 ut
756 2576 942 2640 multi,
972 2572 1281 2644 praesertim
1306 2576 1582 2639 potentes,
1611 2565 1985 2622 consentiant.

396 2676 484 2732 Eo
524 2670 869 2735 accedebat,
935 2664 1089 2737 quod
1155 2662 1251 2718 alii
1309 2662 1420 2717 vim
1475 2675 1670 2717 eorum
1719 2672 1988 2713 enervare

392 2768 727 2832 studentes,
790 2771 980 2819 motus
1028 2757 1384 2820 excitabant,
1451 2763 1514 2810 ut
1594 2752 1989 2808 dissidentium

388 2865 576 2922 robur
618 2860 1057 2929 infringeretur,
1105 2850 1234 2907 aliis
1272 2847 1341 2904 ad
1380 2848 1520 2903 alios
1556 2861 1617 2903 se
1654 2843 1991 2901 conferenti-

400 2957 528 3013 bus.
563 2952 686 3009 Uno
730 2961 915 3004 tamen
953 2957 1150 3001 eorum
1181 2939 1596 3002 intercedente,
1622 2936 1789 3008 352
1822 2946 1989 2991 eme-

400 3061 593 3105 rorum
620 3041 917 3101 sententiae
949 3035 1331 3093 reddebantur
1362 3032 1557 3087 irritae.
1580 3028 1864 3099 Principio
1895 3043 1990 3083 cu-

388 3141 542 3197 riam
576 3153 687 3194 non
720 3133 1202 3206 ingrediebantur,
1271 3126 1368 3182 sed
1422 3126 1476 3181 in
1506 3123 1656 3179 aditu
1688 3121 1949 3178 sedentes
1971 3158 1986 3186 ,

2081 636 2308 705 χοῦντα,
2333 636 2427 689 καὶ
2476 637 2711 708 μαντείᾳ
2753 639 3017 707 χρῆσθαι,
3047 637 3144 689 καὶ
3169 632 3413 699 δικάζειν
3441 635 3684 706 ἐπετράο

2083 744 2291 798 πησαν,
2326 727 2358 799 ἢ
2390 729 2608 791 ἑαυτοῖς
2658 728 2995 799 ἐπέτρεψαν.
3032 728 3146 782 Καὶ
3192 728 3222 781 ὃ
3247 727 3355 799 γὰρ
3382 728 3561 782 ποιεῖν
3585 728 3686 782 αὖ·

2082 822 2196 883 τοῖς
2218 820 2318 872 οὐκ
2339 820 2488 890 ἐξῆν,
2514 819 2839 891 κατώρθουν
2870 827 2933 873 ἐκ
2962 821 3064 891 τῆς
3098 818 3513 889 ἁνταγωνίστου
3542 818 3685 890 πρὸς

2084 913 2196 965 πᾶν
2224 913 2287 964 τὸ
2316 911 2702 983 πραττόμενον
2731 913 2824 981 ὑφ’
2864 913 3090 983 ἐτέρων,
3153 909 3551 973 ἐναντιώσεως.
3572 908 3686 963 Καὶ

2083 1005 2194 1076 γάρ
2243 1004 2341 1058 καὶ
2366 1006 2567 1074 νόμους
2597 1006 2922 1075 εἰσήγαγον.
2962 1006 3031 1058 ἵν’
3065 1007 3218 1067 ὅστις
3247 1005 3438 1066 αὐτοῖς
3468 1000 3682 1075 εργφῆ

2084 1097 2229 1168 λόγῳ
2253 1096 2635 1169 προσκρούσῃ,
2665 1098 2770 1151 κᾶν
2797 1096 3014 1168 ίδιώτης
3040 1094 3150 1166 εἴη,
3178 1095 3284 1149 κᾶν
3308 1096 3515 1166 ἄρχων,
3537 1095 3686 1166 ἱερός

2081 1205 2141 1242 τε
2170 1188 2227 1262 ᾖ,
2253 1190 2349 1243 καὶ
2373 1188 2453 1259 τῷ
2482 1188 2607 1252 ἄγει
2636 1189 2917 1260 ἐνέχηται.
2943 1188 3019 1241 Τὸ
3049 1189 3163 1258 γάρ
3191 1185 3339 1257 ίερδν
3370 1180 3514 1240 εἶναι
3542 1188 3684 1240 ἀποο

2081 1282 2313 1337 λωλέναι
2340 1279 2432 1354 ἦν.
2467 1282 2627 1336 Οῦτω
2653 1282 2766 1353 γὰρ
2798 1282 2909 1335 πᾶν
2954 1282 3097 1350 ὅπερ
3128 1280 3196 1334 ἂν
3226 1279 3420 1350 ὥσπερ
3443 1295 3497 1331 τι
3534 1275 3686 1347 θῦμα

2082 1378 2163 1440 είς
2190 1377 2407 1448 σφαγὴν
2432 1375 3097 1447 καθιερώθη,ώνόμαστο.
3133 1374 3241 1428 Καὶ
3261 1374 3459 1438 αὐτοὺς
3476 1372 3536 1427 δι
3555 1374 3681 1437 τοὺς

2081 1468 2400 1539 δημάρχους
2436 1469 2495 1521 to
2526 1468 2735 1537 πλῆθος
2772 1468 3195 1537 σακροσάγτους
3226 1465 3546 1535 ὠνόμασαν,
3567 1458 3685 1517 οἷον

2082 1558 2237 1630 τείχη
2273 1559 2408 1627 ἆγια
2455 1561 2537 1622 είς
2587 1558 2838 1628 φρουρὰν
2890 1558 3000 1610 τῶν
3038 1558 3180 1626 σφᾶς
3229 1554 3685 1624 ἐπικαλουμένων

2082 1655 2475 1725 τυγχάνοντας.
2508 1653 2697 1723 Σάκρα
2735 1654 2847 1721 γαρ
2873 1651 3031 1722 παρὰ
3079 1648 3378 1720 Ῥωμαίοις
3404 1648 3473 1701 τὰ
3498 1649 3685 1718 τείχη,

2083 1747 2179 1801 καὶ
2213 1747 2430 1815 σάγκτα
2460 1746 2531 1797 τὰ
2555 1745 2713 1813 άγια.
2749 1746 2964 1815 Ἔδρων
2990 1741 3084 1797 οὖν
3132 1742 3306 1796 πολλὰ
3337 1742 3517 1796 ἄτοπα
3537 1758 3551 1771 ·
3588 1741 3687 1795 καὶ

2084 1840 2193 1910 γὰρ
2221 1839 2319 1893 καὶ
2350 1838 2592 1902 ὑπάτους
2642 1837 2870 1891 ἔϐαλλον
2930 1838 3012 1901 εἰς
3041 1836 3105 1891 τὸ
3146 1835 3550 1907 δεσμωτήριον,
3587 1836 3687 1888 καὶ⁵

2089 1932 2389 1987 ἐθανάτουν
2410 1931 2567 1994 τινας
2598 1931 2735 2001 μηδὲ
2756 1930 2921 1999 λόγου
2943 1929 3345 2001 τυγχάνοντας,
3379 1927 3477 1981 καὶ
3504 1927 3686 1991 οὐδεὶς

2090 2026 2276 2088 αὐτοῖς
2334 2022 2731 2094 ἐναντιωθῆναι
2774 2022 2982 2093 ἐτόλμα
3006 2040 3018 2052 ·
3080 2023 3130 2075 εί
3163 2021 3221 2074 δέ
3251 2020 3349 2092 μὴ,
3385 2021 3482 2074 καὶ
3515 2019 3685 2084 αὐτὸς

2093 2117 2239 2188 ἱερὸς
2269 2116 2505 2184 ἐγίνετο.
2540 2116 2600 2169 Εί
2630 2115 2817 2186 μέντοι
2840 2115 2986 2177 τινὲς
3016 2114 3092 2186 μὴ
3135 2112 3290 2184 παρὰ
3322 2114 3548 2167 πάντων
3570 2113 3685 2166 τῶν

2089 2210 2390 2281 δημάρχων
2411 2206 2859 2274 κατεδικάζοντο,
2886 2206 3012 2269 τοὺς
3046 2206 3124 2278 μὴ
3149 2204 3684 2275 ὁμογνωμονοῦντας

2090 2302 2462 2357 ἐπεκαλοῦντο
2495 2303 2577 2365 είς
2611 2300 2864 2370 ἀρωγὴν,
2913 2301 3009 2354 καὶ
3038 2298 3214 2365 οὕτως
3248 2301 3326 2363 είς
3352 2299 3514 2369 δίκην
3541 2297 3685 2351 καθ-

2094 2398 2309 2451 ίσταντο
2340 2396 2374 2466 ἢ
2407 2394 2541 2468 παρ’
2573 2396 2763 2458 αὐτοῖς
2808 2395 3129 2466 ἐκείνοι;,ἢ
3171 2394 3326 2466 παρά
3375 2410 3489 2447 τισι
3528 2393 3686 2447 δικα-

2092 2491 2271 2553 σταῖς,
2306 2488 2459 2560 ἢκαὶ
2485 2487 2639 2558 παρὰ
2670 2487 2751 2559 τῷ
2782 2487 3007 2557 πλήθει,
3038 2486 3136 2541 καὶ
3163 2486 3262 2558 τῆς
3295 2484 3536 2559 νικώσης
3568 2486 3688 2555 ἐγί-

2090 2599 2265 2637 νοντο.
2296 2582 2391 2646 Εἰς
2407 2579 2540 2636 δέκα
2557 2581 2616 2634 δὲ
2645 2580 2932 2651 προϊόντος
2957 2579 3052 2634 τοῦ
3081 2581 3296 2653 χρόνου,
3329 2581 3379 2633 oi
3406 2580 3687 2651 δήμαρχοι

2090 2678 2461 2746 κατέστησαν.
2491 2674 2654 2727 Ὅθεν
2711 2674 2899 2737 αὐτοῖς
2947 2673 3008 2727 τὸ
3035 2674 3172 2727 πολὺ
3201 2672 3303 2742 τῆς
3334 2671 3518 2744 ἰσχύος
3549 2690 3685 2727 κατ-

2090 2771 2375 2841 εϐέϐλητο.
2430 2767 2602 2822 Φύσει
2631 2767 2740 2839 γὰρ
2766 2766 2980 2837 ὥσπερ,
3019 2766 3202 2837 φθόνῳ
3231 2766 3287 2819 δὲ
3319 2766 3548 2837 μᾶλλον,
3584 2767 3687 2823 ἀλ·-

2089 2860 2276 2931 λήλοις
2307 2860 2358 2913 oi
2412 2860 2786 2930 συνάρχοντες
2850 2858 3238 2929 διαφέρονταιο
3293 2858 3390 2912 καὶ
3442 2857 3683 2929 χαλεπὸν

2093 2953 2347 3019 πολλοὺς,
2383 2954 2442 3006 ἐν
2474 2951 2708 3021 δυνάμει
2758 2950 2999 3022 μάλιστα
3047 2951 3236 3015 ὄντας,
3270 2949 3681 3022 συμφρονῆσαι.

2095 3046 2246 3115 Ἀμα
2269 3044 2325 3097 δὲ
2349 3045 2447 3099 καλ⁵
2475 3045 2528 3099 oi
2561 3044 2713 3099 ἄλλοι
2741 3044 2978 3115 διασπᾷν
3008 3043 3109 3115 τὴν
3140 3044 3322 3098 αὐτῶν
3346 3042 3683 3115 μηχανώμε-

2092 3153 2173 3190 νοι
2202 3135 2459 3203 δύναμιν,
2512 3134 2666 3197 ὅπως
2723 3132 3117 3201 ἀσθενέστεροι
3147 3130 3682 3203 διχογνωμονοῦντες

401 3232 541 3306 quid
591 3230 751 3285 fieret
787 3223 1178 3282 observabant.
1233 3217 1311 3273 Ac
1354 3217 1401 3274 si
1456 3215 1591 3286 quid
1635 3212 1987 3283 displicebat,

2090 3220 2249 3291 ὦσιν,
2278 3225 2635 3290 ἐστασίαζονο
2687 3224 2785 3279 καὶ
2814 3224 2866 3278 oi
2898 3224 2997 3295 μὲν
3042 3223 3243 3288 τοῖσδε,
3298 3224 3351 3276 οἱ
3398 3221 3457 3275 δὲ
3499 3220 3681 3275 τοῖσδε

386 3325 671 3397 evestigio
701 3318 1145 3390 refragabantur.
1178 3312 1310 3368 Post
1340 3310 1492 3365 intro
1526 3307 1709 3362 vocati
1735 3312 1904 3366 sunt,
1930 3312 1989 3358 et

308 3420 313 3426 ’
401 3422 472 3481 ad
505 3415 842 3478 senatoriam
887 3423 1113 3483 quoque
1153 3406 1480 3478 dignitatem
1529 3399 1782 3457 admissi.
1815 3397 1988 3453 Deni-

402 3529 514 3588 que
543 3528 613 3569 ex
656 3506 1014 3566 senatoribus
1050 3500 1277 3573 quidam
1321 3498 1665 3553 tribunatum
1702 3491 1992 3588 expetive-

402 3582 562 3673 runt,
610 3603 776 3659 modo
815 3614 885 3655 ne
915 3595 1137 3669 patricii
1182 3601 1392 3647 essent.
1443 3587 1611 3645 Plebs
1640 3584 1789 3641 enim
1821 3582 1993 3654 patri—

407 3702 530 3758 eius
574 3712 686 3753 non
732 3691 1099 3747 admittebat:
1130 3694 1324 3740 contra
1386 3694 1527 3751 quos
1581 3691 1710 3734 cum
1781 3678 1992 3731 trtuuni

390 3791 576 3850 creati
627 3792 854 3849 essent,
893 3792 952 3837 et
997 3779 1067 3834 ad
1099 3785 1308 3832 tantam
1343 3772 1594 3844 provecti
1619 3776 1948 3841 potestatem
1971 3807 1988 3833 ,

400 3885 757 3943 verebantur,
799 3891 871 3932 ne
906 3873 1031 3946 quis
1053 3887 1119 3927 ea
1157 3876 1430 3940 potestate
1462 3866 1516 3920 in
1559 3864 1735 3934 ipsam
1774 3862 1989 3933 plebem

401 3981 748 4035 abuteretur.
802 3970 860 4026 Si
904 3966 1032 4038 quis
1068 3971 1255 4019 autem
1297 3960 1511 4031 ejerata
1548 3956 1772 4027 familias
1808 3954 1992 4025 digni-

404 4084 520 4133 tate
569 4071 638 4127 ad
675 4065 924 4139 plebeios
963 4058 1256 4119 transibat,
1296 4047 1532 4126 bebigne
1570 4052 1987 4108 admittebatur.

399 4169 596 4238 Itaque
629 4160 788 4218 multi
824 4173 891 4213 ex
922 4149 1318 4215 nobilissimis,
1350 4160 1560 4218 magna:
1599 4144 1861 4215 potentiae
1895 4157 1990 4196 eu-

401 4255 674 4329 piditate,
714 4249 1006 4306 nobilitate
1054 4239 1381 4313 repudiata,
1421 4238 1771 4329 tribunatum
1805 4247 1991 4329 gesse-

402 4326 558 4408 runt.
596 4348 677 4403 Ac
700 4344 1053 4401 tribunorum
1086 4342 1333 4406 potestas
1359 4333 1509 4386 hunc
1535 4338 1723 4385 ortum
1758 4326 1987 4381 habuit:

399 4442 604 4516 quibus
647 4438 759 4494 duo
806 4432 993 4489 aediles
1017 4437 1147 4485 sunt
1172 4423 1442 4497 adiuncti,
1471 4435 1707 4493 quorum
1737 4418 1991 4516 ministe-

401 4510 503 4592 riis
540 4532 608 4588 ad
645 4531 865 4586 litteras
897 4529 1211 4579 uterentur.
1238 4517 1345 4584 Qui
1379 4530 1504 4571 cum
1538 4513 1723 4569 omnia
1742 4510 1989 4574 decreta,

2094 3316 2506 3390 προσετίθεντο,
2542 3317 2605 3370 Εί
2654 3316 2714 3370 δέ
2744 3316 2842 3369 καὶ
2869 3311 2953 3379 εἷς
2981 3313 3138 3385 σφῶν
3169 3316 3419 3380 ἀντεῖπε,
3441 3314 3543 3377 τὰς
3571 3313 3686 3367 τῶν

2092 3414 2273 3470 ἄλλων
2304 3409 2635 3482 διαγνώσεις
2659 3411 2983 3483 ἀπράκτους
3009 3410 3306 3480 ᾶπέςραινε.
3341 3407 3416 3464 Τὸ
3463 3406 3567 3479 μὶν
3587 3407 3684 3462 οῦν

2092 3506 2316 3578 πρῶτον
2349 3506 2454 3559 οὐκ
2485 3503 2748 3576 εἰσῄεσαν
2781 3506 2863 3568 είς
2881 3504 2943 3558 τὸ
2969 3502 3389 3576 βουλευτήριον,
3431 3501 3684 3572 καθήμε·

2090 3616 2176 3653 νοι
2201 3599 2259 3653 δέ
2300 3599 2396 3653 ἐπὶ
2452 3597 2554 3667 τῆς
2583 3597 2793 3651 εἰσόδου
2818 3597 2887 3650 τά
2932 3595 3241 3667 ποιούμενα
3293 3594 3678 3667 παρετήρουνο

2094 3695 2192 3749 καὶ
2220 3694 2275 3748 εἰ
2294 3711 2349 3747 τι
2383 3694 2459 3765 μὴ
2488 3693 2673 3756 αὐτοῖς
2700 3693 2931 3763 ἧρεσκε,
2955 3694 3305 3763 παραχρῆμα
3333 3690 3682 3745 ἀνθίσταντο.

2095 3781 2231 3842 Εἶτα
2260 3787 2357 3840 καὶ
2392 3786 2782 3840 είσεκαλοῦντο
2809 3785 2988 3862 ἐντδός.
3036 3785 3335 3839 Εξσέπειτα
3369 3784 3554 3854 μέντοι
3586 3783 3684 3836 καὶ

2098 3880 2401 3952 μετέλαϐον
2433 3879 2537 3949 τῆς
2571 3878 2823 3948 βουλεὶας
2848 3880 2899 3930 oi
2933 3877 2996 3946 δη
3008 3878 3425 3948 μαρχήσαντες,
3469 3877 3565 3930 καὶ
3588 3877 3682 3929 τι-

2095 3972 2187 4036 λος
2215 3974 2326 4025 κάκ
2354 3970 2466 4025 τῶν
2497 3970 2806 4042 βουλευτῶν
2854 3986 3002 4031 τινες
3040 3969 3284 4039 ἠξίωσαν
3329 3969 3393 4039 δη
3405 3969 3637 4039 μαρχεῖν
3663 4008 3682 4033 ,

2094 4063 2253 4132 εἰμὴ
2308 4077 2392 4124 τις
2443 4060 2779 4132 εὐπατρίδης
2836 4059 3174 4129 ἐτύγχανεν⁸
3231 4060 3297 4112 ού
3329 4060 3439 4131 γὰρ
3468 4059 3683 4130 ἐδέχετο

2095 4153 2222 4215 τοὺς
2249 4150 2587 4222 εὐπατρίδας
2609 4151 2639 4203 ό
2668 4152 2879 4220 ὅμιλος.
2930 4150 3092 4205 Κατὰ
3120 4152 3232 4222 γὰρ
3256 4151 3366 4205 τῶν
3416 4152 3686 4223 εὐπατρι-

2093 4244 2200 4297 δῶν
2231 4244 2480 4316 ἑλόμενοι
2536 4245 2666 4307 τοὺς
2710 4243 3075 4314 δημάρχους,·
3106 4245 3203 4297 καὶ
3237 4246 3374 4315 πρὸς
3406 4244 3682 4315 τοσαύτην

2094 4337 2509 4408 προαγαγόντες
2549 4336 2730 4407 ίσχὺν,
2776 4336 3144 4401 ἐδεδοίκεσαν,
3174 4338 3252 4408 μή
3281 4353 3365 4401 τις
3387 4337 3569 4393 αὐτῶν
3609 4340 3679 4411 τῇ

2098 4428 2245 4499 ἰσχύϊ
2273 4431 2330 4492 ἐς
2354 4430 2672 4484 τούναντίον
2719 4429 2845 4482 κατ’
2879 4428 3062 4483 αὐτῶν
3087 4430 3383 4501 χρήσηται.
3420 4432 3481 4485 Ei
3502 4431 3561 4485 δέ
3594 4447 3682 4495 τις

2093 4519 2155 4571 τὸ
2206 4520 2400 4586 γένους
2451 4519 2675 4589 ἀξίωμα
2725 4518 3069 4590 ἐξωμόσατο,
3124 4521 3221 4573 καὶ
3264 4520 3400 4591 πρὸς
3433 4519 3536 4589 τὴν
3580 4519 3681 4573 τοῦ

400 4628 590 4682 omnia
622 4619 908 4696 plebiscita
936 4623 993 4671 et
1027 4608 1505 4668 senatusconsulta
1529 4610 1866 4675 acciperent,
1890 4611 1986 4656 at-

2096 4580 2339 4681 πλήθους
2368 4580 2609 4682 μετέστη
2637 4580 2879 4681 νόμισιν,
2924 4580 3180 4682 ἀσμένως
3219 4580 3393 4666 αὑτὸν
3419 4580 3681 4682 προσεδέ-

401 4733 510 4792 que
563 4719 935 4772 asservarent,
983 4704 1124 4761 nihil
1163 4717 1283 4767 eos,
1326 4714 1519 4755 eorum
1553 4698 1800 4752 omnium
1866 4708 1988 4763 qua!

404 4789 734 4881 agebantur,
757 4802 983 4857 latebat.
1013 4795 1157 4852 Olim
1195 4794 1361 4865 igitur
1396 4791 1483 4846 his
1527 4789 1595 4845 de
1636 4789 1854 4850 causis,
1900 4789 1989 4842 di-

402 4901 687 4971 cundique
722 4896 865 4969 juris
897 4906 1027 4963 ergo
1067 4890 1421 4945 creabantur.
1464 4884 1595 4939 Post
1636 4893 1821 4937 autem
1860 4897 1987 4936 cum

402 4998 534 5059 alia,
577 5005 694 5048 tum
739 5002 926 5044 rernm
966 4982 1242 5039 venalium
1266 4972 1453 5035 Torum
1486 4979 1571 5033 eis
1598 4977 1991 5038 commissum;

407 5088 555 5146 unde
590 5104 619 5141 a
649 5081 857 5141 Graecis
879 5074 1207 5150 Agoranomi
1231 5071 1600 5144 appellantur.

2099 4718 2280 4771 χοντο.
2334 4703 2445 4757 Καὶ
2493 4704 2684 4773 συχνοὶ
2735 4703 2847 4756 τῶν
2897 4703 3109 4774 σφόδρα
3154 4703 3502 4775 εὐπατριδῶν
3528 4702 3688 4757 ἀπεί-

2097 4811 2269 4847 παντο
2298 4794 2399 4864 τὴν
2426 4794 2734 4862 εὐγένειαν,
2790 4794 2961 4865 ἔρωτι
3014 4794 3110 4848 τοῦ
3167 4795 3312 4863 μέγα
3361 4793 3681 4866 δυνηθῆναι,

2097 4888 2192 4939 καὶ
2220 4887 2637 4958 ἐδημάρχησαν.
2670 4888 2832 4941 Οὖτω
2873 4887 2975 4959 μὲν
3005 4882 3100 4941 οῦν
3149 4888 3187 4958 ἡ
3225 4886 3339 4941 τῶν
3379 4885 3685 4958 δημάρχων

2096 4979 2393 5033 δυναστεία
2420 4979 2678 5047 συνέστη,
2707 4974 2790 5043 οἷς
2820 4981 2918 5033 καὶ
2961 4981 3345 5051 ἀγορανόμους
3376 4979 3486 5034 δύω
3515 4996 3688 5051 προσ-

2101 5073 2330 5134 είλοντο,
2353 5067 2468 5126 οἷον
2499 5072 2785 5145 ὑπηρέτας
2813 5074 3002 5142 σφίσιν
3021 5074 3312 5144 ἐσομένους
3344 5072 3482 5143 πρὸς
3504 5070 3688 5143 γράμ-

404 5201 577 5260 ματα.
600 5181 787 5238 Πάντα
812 5177 924 5247 γὰρ
941 5174 1008 5228 τά
1030 5188 1088 5226 τε
1113 5170 1272 5240 παρὰ
1288 5168 1366 5240 τῷ
1388 5167 1585 5239 πλήθει
1620 5165 1723 5221 καὶ
1783 5166 1853 5220 τὰ
1908 5168 2061 5239 παρὰ
2099 5167 2178 5240 τῷ
2210 5168 2370 5240 δήμῳ
2404 5172 2501 5224 καὶ
2555 5170 2623 5240 τῇ
2691 5167 2856 5241 βουλῇ
2910 5168 3237 5240 γραφόμενα
3284 5166 3686 5238 λαμϐάνοντες.

407 5259 547 5337 ὥστε
581 5278 746 5349 μηξέν
781 5272 921 5339 σφᾶς
951 5269 1059 5322 τῶν
1092 5264 1492 5337 πραττομένων
1550 5261 1846 5317 λανθάνειν
1879 5261 2212 5331 ἐφύλασσον.
2246 5265 2319 5317 Τὸ
2351 5264 2452 5338 μὲν
2512 5259 2607 5318 οὖν
2635 5264 2864 5333 ἀρχαῖον
2893 5264 2988 5317 ἐπὶ⁹
3017 5262 3198 5334 τούτῳ
3261 5263 3520 5336 ᾑροῦντο,
3584 5279 3684 5335 καὶ

364 5408 365 5411 η
404 5379 497 5432 ἐπὶ
549 5373 629 5445 τῷ
661 5367 929 5433 δικάζειν,
975 5362 1206 5434 ὕστερον
1245 5360 1302 5413 δὲ
1337 5359 1433 5413 καὶ
1469 5357 1587 5415 ἀλλ’
1609 5358 1769 5423 ἄττα,
1801 5357 1896 5411 καὶ
1924 5357 2022 5429 τὴν
2061 5360 2170 5414 τῶν
2208 5360 2386 5414 ὠνίων
2425 5360 2631 5430 ἀγορὰν
2667 5359 3084 5430 ἐπετράπησαν,
3135 5359 3260 5412 ὅθεν
3290 5357 3388 5411 καὶ
3417 5358 3686 5428 ἀγορανό-

408 5488 500 5543 μοι
526 5470 638 5530 τοῖς
661 5460 1031 5534 ἑλληνίζουσιν
1062 5454 1493 5526 ὠνομάσθησαν.

477 5560 617 5617 XVI.
649 5557 832 5613 Prima
869 5554 1246 5609 Romanorum
1280 5548 1550 5603 seditione
1575 5548 1643 5602 ad
1682 5549 1833 5605 hunc
1879 5563 1996 5605 mo-

409 5652 539 5707 dum
567 5650 756 5705 sedata
776 5689 791 5714 ,
820 5647 1206 5706 ﬁnitimorum,
1226 5655 1457 5712 quorum
1479 5641 1633 5696 multi
1660 5643 1731 5697 ob
1753 5659 1873 5698 eam
1903 5659 1984 5699 se-

408 5744 717 5799 cessionem
746 5751 941 5796 contra
966 5752 1062 5793 eos
1088 5734 1347 5791 concitati
1370 5741 1552 5799 erant,
1600 5744 1723 5806 post
1754 5738 1992 5793 reditum

409 5832 468 5885 in
508 5829 764 5901 gratiam,
801 5828 974 5883 multa
1010 5823 1194 5896 gravia
1222 5821 1366 5876 bella
1393 5819 1799 5889 sustinuerunt,
1831 5824 1992 5879 victis

412 5920 690 5976 omnibus.
728 5917 834 5974 Sed
868 5932 993 5975 cum
1023 5915 1277 5973 Coriolos
1304 5914 1645 5985 obsiderent,
1670 5931 1865 5989 parum
1901 5916 1990 5973 ab-

2165 5546 2285 5613 ις’.
2326 5545 2393 5599 Ἡ
2427 5544 2525 5614 μὲν
2552 5542 2645 5597 οῦν
2695 5542 2884 5605 στάσις
2911 5543 2945 5613 ἡ
2980 5542 3173 5613 πρώτη
3213 5540 3360 5595 οῦτω
3384 5542 3502 5600 τοῖς
3542 5540 3673 5595 Ῥω-

2098 5639 2278 5710 μαίοι;
2308 5637 2681 5690 κατέπαυσεν.
2722 5636 2819 5688 Ἐκ
2844 5634 2903 5688 δὲ
2927 5635 3037 5687 τῶν
3068 5633 3369 5705 περιοίκων
3413 5634 3569 5703 σςρίσι
3591 5632 3683 5686 διὰ

2090 5734 2195 5800 τὴν
2228 5732 2422 5784 στάσιν
2452 5729 2665 5783 πολλῶν
2710 5730 2833 5782 κατ’
2885 5727 3068 5781 αὐτῶν
3122 5727 3482 5794 κινηθέντων,
3538 5726 3680 5798 μετὰ

2090 5824 2190 5893 τὴν
2238 5821 2518 5892 σύμϐασιν
2566 5822 2990 5892 ὁμονοήσαντες,
3036 5820 3402 5891 ,ἐρρωμένους
3454 5819 3582 5881 τοὺς
3618 5818 3680 5882 ἐξ

2091 5914 2316 5970 ἐκείνων
2365 5914 2637 5986 πολέμους
2666 5912 2981 5985 διήνεγκαν,
3011 5912 3104 5966 καὶ
3140 5910 3353 5976 πάντας
3382 5911 3669 5982 ἐνίκησαν.
