4060 6398
327 333 452 397 593

1618 342 2018 404 ANNALIUM
2057 346 2199 405 LIB.
2239 346 2370 408 ViI.

3528 349 3632 412 594.

329 450 479 502 Ὅτε
509 449 612 502 καὶ
636 449 929 522 Κοριόλους
965 451 1406 524 πολιορκοῦντες,
1436 454 1694 508 ἐκπεσεῖν
1730 459 1822 509 xxi
1854 458 1944 510 τοῦ

2061 460 2176 526 iuit,
2210 460 2345 531 quin
2369 460 2566 517 castris
2593 471 2952 526 emerentur,
2978 461 3083 516 nisi
3112 462 3288 517 virtus
3311 460 3464 516 Cncii
3497 459 3637 515 Mar-

330 541 734 610 στρατοπέδου
815 543 1014 612 μικροῦ
1091 545 1457 608 ἐκινδύνευον,
1519 549 1570 600 εί
1633 549 1708 618 μὴ
1763 550 1952 609 Γναῖος

325 635 632 705 Μάρκιος,
685 637 1026 707 εὐπατρίδης
1081 639 1246 709 ἀνήρ,
1301 639 1625 711 ήρίστευσε,
1679 644 1772 694 καὶ
1825 644 1951 706 τοὺς

328 729 621 792 ἐπιόντας
644 727 929 794 ἀπώσατο,
961 729 1019 793 ὃς
1052 731 1142 784 διά
1173 732 1334 786 τοῦτο
1369 733 1546 798 ἄλλως
1580 751 1638 787 τε
1664 733 1948 804 ἐδοξάσθη,

327 824 440 875 καὶ
481 822 818 891 Κοριολάνος
845 825 910 876 ἐκ
932 823 1029 876 τοῦ
1051 823 1261 891 ἔθνους,
1277 825 1305 879 ὃ
1329 827 1621 898 ἐτρέψατο,
1644 828 1948 898 ἐπεκλήθη.

331 914 461 966 Καὶ
523 915 654 968 τότε
719 915 820 985 μὲν
848 915 1022 979 οὕτως
1080 917 1251 988 ήρθη.
1313 921 1387 974 Οὐ
1445 920 1628 992 πολλῷ
1649 921 1948 994 δ’ὕστερον

331 1008 747 1078 στρατηγῆσαι
803 1009 1078 1072 σπεύδων,
1129 1015 1224 1064 καὶ
1253 1013 1330 1082 μή
1360 1013 1561 1084 τυχὼν,
1595 1015 1948 1088 ἠγανάκτησε

330 1099 499 1154 κατὰ
520 1099 621 1153 τοῦ
647 1100 858 1168 ὁμίλου,
884 1103 980 1155 καὶ
1011 1103 1140 1167 τοὺς
1163 1104 1486 1177 δημάρχους
1527 1107 1849 1180 ἐϐαρύνετο.
1881 1109 1949 1165 Ol

329 1188 441 1246 οὗν
475 1193 785 1265 δήμαρχοι,
819 1195 912 1260 οὓς
948 1195 1254 1252 καταλῦσαι
1275 1199 1544 1270 ἐγλίχετο,
1582 1201 1765 1266 αῑτίας
1795 1203 1950 1266 τινάς

331 1286 475 1341 κατ’
510 1286 684 1340 αὐτοῦ
722 1289 1216 1359 συμφορήσαντες,
1247 1293 1567 1362 τυραννίδος
1594 1293 1746 1364 αὐτῷ
1781 1312 1952 1365 προσ-

331 1377 503 1447 ἧψαν
540 1379 794 1446 αίτίαμσι,
821 1383 916 1436 καὶ
943 1383 1041 1452 τῆς
1075 1383 1300 1453 Ῥώμης
1323 1384 1614 1455 ἐξήλασαν.
1662 1386 1948 1440 Ἐκπεσὼν

331 1467 468 1537 οὖν,
500 1475 620 1536 τοῖς
651 1473 1018 1539 Οὐολούσκοις
1068 1477 1235 1540 εὐθὺς
1282 1478 1711 1550 προσεχώρησεν
1732 1496 1748 1510 ·
1791 1472 1868 1532 ὧν
1897 1480 1949 1532 οι

338 1567 456 1636 μὲν
528 1566 762 1637 πρῶτοι,
811 1568 907 1620 καὶ
964 1569 1016 1621 οἱ
1071 1571 1129 1622 ἐν
1175 1572 1288 1633 τοῖς
1337 1571 1554 1624 τέλεσιν
1585 1571 1768 1626 αὐτῶν
1793 1572 1950 1636 ὄντες

335 1659 593 1730 ἔχαιρόν
633 1677 692 1712 τε
743 1659 916 1729 αὐτῷ,
945 1663 1042 1714 καὶ
1075 1657 1236 1726 αὖθις
1284 1663 1424 1733 πρὸς
1449 1663 1686 1732 πόλεμον
1715 1664 1951 1735 ἡτοιμά-

337 1750 544 1816 ζοντο,
609 1753 822 1806 ’Λττίου
881 1755 1146 1808 Τουλλίου
1208 1755 1350 1824 πρὸς
1379 1756 1571 1810 τοῦτον
1607 1757 1950 1826 ἐρεθίζοντος

2059 554 2142 614 tii,
2183 554 2286 607 viri
2315 554 2571 624 patricii,
2626 552 2928 624 proﬂigatis
2961 553 3216 608 hostibus
3237 594 3252 618 ,
3283 553 3588 617 obstitisset
3613 593 3629 618 ,

2054 643 2148 711 qui
2174 659 2299 698 cum
2328 644 2452 699 aliis
2477 643 2785 698 honoribus
2811 653 2895 699 est
2927 643 3179 709 ail‘cctus,
3212 654 3324 698 tum
3350 644 3630 700 Coriolani

2054 747 2505 808 cognomentum,
2550 752 2580 791 a
2619 735 2838 791 devicto
2881 751 2911 791 a
2942 751 3002 791 se
3041 736 3247 806 pepulo
3277 745 3630 792 consecutus.

2052 829 2130 884 Ac
2173 838 2285 883 tum
2313 830 2388 884 ita
2421 828 2476 882 in
2498 828 2669 882 altum
2699 837 2783 882 est
2809 836 3075 882 evectus:
3112 843 3218 881 non
3252 827 3424 881 multo
3446 835 3630 896 autem

2054 929 2180 992 post
2202 935 2326 975 cum
2353 921 2413 988 {ei
2448 920 2654 992 petenti
2687 929 2927 992 praetura
2956 929 3170 990 negata,
3200 919 3376 973 iratus
3406 917 3631 988 populo,

2055 1013 2399 1067 tribunitiam
2434 1020 2765 1082 potestatem
2806 1013 3126 1075 insectatus,
3172 1020 3226 1065 et
3258 1011 3521 1081 abrogare
3542 1025 3636 1064 co-

2053 1113 2219 1158 natus
2247 1111 2397 1158 esset
2419 1143 2432 1164 .
2463 1119 2493 1158 a
2518 1103 2762 1157 tribunis
2797 1102 2996 1172 plebis.
3028 1100 3360 1172 quibusdam
3391 1099 3636 1153 crimini-

2055 1199 2157 1252 bus
2192 1197 2445 1253 conlictis
2478 1207 2535 1252 et
2557 1196 2800 1252 affectati
2825 1197 2977 1266 regni
3025 1195 3301 1251 calumnia
3341 1194 3632 1258 instructa,

2055 1291 2110 1346 in
2152 1291 2408 1345 exsilium
2448 1300 2605 1345 actus
2637 1299 2743 1345 est.
2783 1290 2954 1346 Exsul
2987 1291 3172 1344 statim
3217 1288 3284 1344 ad
3317 1288 3543 1344 Volscos
3575 1301 3635 1342 se

2053 1385 2332 1450 contulit,
2377 1400 2617 1454 quorum
2672 1383 2952 1454 principes
3003 1394 3059 1438 et
3104 1384 3482 1453 magistratus,
3538 1381 3634 1436 ad-

2053 1487 2220 1532 ventu
2248 1477 2395 1532 illius
2418 1477 2898 1543 lasti,,Actii,Tullii
2935 1476 3171 1546 impulsu
3207 1491 3399 1531 rursus
3425 1475 3491 1530 ad
3518 1475 3636 1530 bela

2055 1570 2168 1624 lum
2202 1584 2261 1624 se
2310 1569 2598 1638 parabant.
2643 1568 2800 1634 Quod
2841 1583 2968 1624 cum
3006 1569 3211 1638 populo
3255 1567 3486 1622 minime
3515 1567 3635 1637 pla-

2053 1671 2226 1725 ceret,
2256 1661 2346 1732 qui
2369 1677 2399 1715 a
2423 1661 2741 1731 potentibus
2756 1677 2931 1732 neque
2957 1660 3322 1726 admonendo,
3345 1659 3506 1731 343
3536 1675 3630 1716 nes

2055 1769 2164 1823 que
2196 1755 2564 1823 terrendojail
2599 1757 2760 1820 lanna
2795 1753 3060 1809 sumenda
3111 1753 3449 1809 commoveri
3503 1767 3632 1822 pos.

339 1839 641 1901 ἅπαντας.
684 1840 744 1894 Ὀ
769 1841 828 1894 δὲ
856 1842 1051 1909 ὅμιλος
1086 1842 1409 1914 ἀπρόθυμος
1437 1840 1531 1916 ἦν.
1585 1845 1673 1908 Ὧς
1702 1847 1797 1900 οὖν
1820 1846 1946 1900 οὐτε

2061 1854 2156 1906 set,
2185 1845 2288 1899 hac
2325 1855 2445 1899 arte
2475 1855 2604 1899 sunt
2648 1845 2752 1900 usi.
2782 1845 2918 1900 Cum
2951 1845 3098 1898 ludis
3127 1842 3472 1898 circensibus
3505 1857 3633 1897 cum

339 1927 789 1996 παραινοῦντες,
823 1928 936 1983 οὐτ’
967 1931 1332 2001 ἐκφοϐούντες
1378 1935 1577 1999 αὐτοὺς
1606 1936 1656 1988 oi
1703 1935 1947 2001 δυνατοὶ,

342 2021 592 2090 κινῆσαι
625 2021 764 2092 πρὸς
789 2023 971 2076 ὅπλων
995 2023 1157 2094 ἄρσιν
1190 2009 1480 2095 ἠδύναντο,
1515 2027 1716 2081 τοιόνδε
1742 2031 1952 2098 ἐμηχα-

341 2115 626 2184 νήσαντο.
694 2115 1084 2186 ’ἱπποδρομίαν
1137 2116 1248 2172 τῶν
1327 2118 1622 2189 Ῥωμαίων
1686 2121 1951 2188 ἀγόντων,

344 2207 513 2262 ἄλλοι
568 2223 628 2258 τε
678 2205 790 2260 τῶν
849 2205 1194 2280 προσχώρων
1246 2209 1438 2274 αὐτοῖς
1493 2212 1590 2265 καὶ
1623 2211 1952 2266 Οὐολοῦσκοι

346 2299 569 2369 πλήθει
598 2297 779 2368 πολλῷ
799 2299 942 2353 κατά
965 2299 1098 2354 θέαν
1130 2300 1492 2373 συνήλθοσαν.
1523 2303 1582 2356 Ὀ
1610 2302 1666 2356 δέ
1696 2301 1955 2369 Τούλλιος

346 2394 491 2455 τοὺς
523 2394 638 2446 τῶν
679 2393 972 2462 Ῥωμαίων
1003 2396 1351 2466 στρατηγοὺς
1386 2395 1630 2460 ἔπεισεν,
1645 2396 1722 2460 ῶς
1750 2397 1954 2450 εὐνοῶν

347 2485 532 2554 δῆθεν
560 2485 770 2549 αὐτοῖς,
802 2487 928 2550 τοὺς
957 2486 1330 2550 Οὐολούσκους
1361 2487 1760 2557 φυλάσσεσθαι,
1807 2506 1954 2557 παρ-

352 2576 820 2647 εσκευασμένους
873 2577 1165 2632 ἐπιθέσθαι
1215 2578 1404 2648 σφίσιν
1431 2578 1773 2642 ἀνελπίστως
1802 2581 1858 2632 ἐν
1886 2581 1952 2651 τῇ

355 2667 732 2738 ίπποδρομίᾳ.
761 2668 826 2721 Οί
852 2667 909 2721 δὲ
936 2669 1239 2741 στρατηγοὶ
1265 2669 1359 2722 καὶ
1388 2671 1503 2733 τοῖς
1531 2669 1714 2732 ἄλλοις
1755 2668 1816 2722 τὸ
1852 2668 1958 2739 μή-

353 2781 514 2832 νυμα
547 2763 970 2832 κοινωσάμενοι,
1005 2763 1132 2824 τοὺς
1174 2761 1550 2824 Οὐολούσκους
1598 2761 1801 2814 αὐτίκα
1849 2761 1956 2824 πρὸ

354 2855 460 2909 τοῦ
491 2855 707 2923 ἀγῶνος
733 2855 980 2917 ἅπαντας
1003 2853 1364 2925 ἐξεκήρυξαν.
1406 2856 1468 2908 ΟΞ
1507 2854 1564 2908 δέ
1610 2855 1955 2924 δυσανασχεο

351 2952 658 3018 τήσαντες,
690 2949 773 3002 ὅτι
804 2949 955 3016 μόνοι
1004 2950 1068 3001 ἐκ
1101 2951 1320 3002 πάντων
1357 2949 1707 3018 ἐξελήλαντο,
1737 2949 1955 3020 ἕτοιμοι

358 3041 504 3108 πρὸς
531 3040 720 3113 μάχην
741 3041 1014 3107 ἐγένοντο.
1032 3040 1141 3093 Καὶ
1167 3041 1613 3112 προστησάμενοι
1638 3041 1730 3094 τὸν
1758 3042 1956 3111 Κοριο-

357 3130 527 3185 λάνον
559 3147 619 3182 τε
659 3131 758 3184 καὶ
801 3131 894 3183 τὸν
939 3130 1219 3197 Τούλλιον,
1276 3131 1370 3184 ἐπὶ
1425 3131 1523 3202 τὴν
1572 3132 1814 3202 Ῥώμην,
1861 3133 1956 3186 καὶ

359 3225 499 3289 τοὺς
562 3222 831 3287 Λατίνους
889 3223 1346 3294 προσειληφότες,
1410 3225 1607 3297 πλήθει
1670 3225 1959 3298 ἐχώρησαν
1983 3222 2028 3262 ¹⁴

357 3321 601 3377 πλείονι.
642 3323 709 3375 Ὀ
766 3321 816 3374 οἱ
874 3321 1140 3391 Ῥωμαῖοι
1196 3323 1497 3393 πυθόμενοι
1549 3325 1688 3394 πρὸς
1715 3325 1785 3379 τὰ
1820 3325 1960 3378 ὅπλα

363 3414 469 3484 μὲν
504 3413 606 3467 οὐκ
636 3411 994 3485 ἐξώρμησαν,
1019 3415 1078 3468 ἐν
1101 3414 1304 3478 αἰτίαις
1329 3414 1374 3467 δ’
1404 3415 1672 3486 ἀλλήλους
1694 3417 1961 3484 πεποίηνο

359 3523 448 3570 το,
486 3507 538 3559 oi
575 3506 673 3572 μὲν
701 3504 799 3559 τοῦ
830 3505 1025 3576 ὁμίλου
1081 3506 1212 3569 τοὺς
1260 3506 1620 3578 εὐπατρίδας,
1658 3508 1738 3562 ὅτι
1774 3507 1834 3573 ἐξ
1864 3509 1960 3560 αὐ-

362 3595 477 3648 τῶν
524 3593 552 3646 ό
582 3594 916 3662 Κοριολάνος
946 3595 1256 3666 τυγχάνων,
1303 3596 1446 3667 μετά
1477 3596 1587 3651 τῶν
1623 3597 1833 3668 ἐχθρῶν
1863 3597 1960 3651 ἐπὶ

363 3688 468 3756 τὴν
509 3685 745 3758 πατρίδα
777 3686 1136 3756 στρατεύοιτο
1158 3708 1172 3722 ·
1228 3690 1277 3742 oi
1306 3689 1365 3743 δέ
1396 3690 1490 3743 τὸν
1521 3689 1732 3760 ὅμιλον,
1765 3689 1848 3743 ὅτι
1883 3689 1959 3762 μή

366 3777 600 3840 ἐνδίκως
630 3777 795 3831 αὐτὸν
828 3779 1211 3848 ἐξελάσαντες,
1249 3782 1511 3852 πολέμιον
1562 3785 1956 3854 πεποιήκασιν.

367 3869 536 3924 Οὕτω
582 3871 642 3923 δὲ
680 3873 1090 3938 στασιάζοντες,
1116 3875 1174 3938 ἐς
1213 3874 1360 3944 μέγα
1390 3893 1443 3928 τι
1491 3875 1664 3929 κακὸν
1695 3875 1958 3928 ἐνέπεσον

369 3962 462 4024 ἂν,
504 3964 554 4016 εί
587 3961 663 4034 μὴ
698 3965 792 4016 καὶ
819 3965 878 4018 αἱ
906 3969 1166 4034 γυναῖκες
1195 3967 1382 4031 αὐτοῖς
1423 3969 1828 4038 ἐπεκούρησαν.
1869 3967 1956 4031 Ὠς

369 4056 486 4126 γὰρ
519 4057 553 4127 ἡ
588 4057 853 4128 γερουσία
899 4058 1130 4112 κάθοδον
1169 4057 1247 4129 τῷ
1281 4059 1598 4130 Κοριολάνῳ
1628 4059 1954 4129 ἐψηφίσατο,

372 4153 472 4206 καὶ
501 4153 596 4206 ἐπὶ
644 4152 820 4223 τούτῳ
863 4153 1123 4222 πρέσὸεις
1170 4153 1307 4222 πρὸς
1355 4153 1565 4207 ἐκεῖνον
1626 4155 1954 4224 ἐστάλησαν,

373 4246 587 4308 ἐκεῖνος
617 4246 712 4300 καὶ
741 4246 841 4318 τὴν
869 4246 1055 4318 χώραν
1089 4249 1202 4310 τοῖς
1229 4247 1596 4310 Οὐολούσκοις
1625 4248 1958 4316 ἀποδοθῆναι

372 4337 601 4412 ἀπῄτει,
636 4334 706 4411 ἦς
755 4340 813 4392 ἐν
842 4342 958 4403 τοῖς
985 4342 1118 4411 πρὶν
1141 4340 1404 4409 πολέμοις
1438 4341 1752 4411 ἐστέρηντο.
1804 4341 1877 4393 Τὸ
1901 4339 1958 4393 δὲ

377 4431 592 4501 πλῆθος
629 4432 732 4500 τῆς
782 4432 968 4502 χώρας
1027 4433 1089 4486 οὐ
1157 4433 1398 4502 μεθίετο.
1453 4434 1622 4490 Πάλιν
1671 4433 1764 4488 οὖν
1796 4433 1958 4504 ἑτέρα

2054 1937 2147 1990 alii
2171 1953 2240 1990 ex
2274 1935 2544 2000 ﬁnitimis,
2589 1944 2703 1992 lunt
2739 1951 2934 2007 magna
2958 1936 3282 1992 Volscorum
3335 1933 3638 1988 multitudo

2056 2027 2285 2083 Romam
2338 2028 2407 2084 ad
2453 2032 2830 2098 spectaculum
2859 2028 3242 2091 convenisset,
3293 2026 3507 2080 Tullius
3539 2040 3638 2095 per

2058 2123 2456 2180 benevolentiae
2485 2124 2725 2193 speciem
2761 2123 3131 2176 llomanorum
3161 2120 3486 2176 consulibus
3511 2134 3638 2190 per-

2055 2217 2255 2281 suasit,
2283 2216 2512 2270 Volscos
2545 2215 2821 2277 cavendus
2836 2231 2979 2279 esse,
3005 2223 3227 2285 paratos
3265 2213 3334 2268 ad
3374 2214 3639 2282 impetum

2058 2307 2114 2360 in
2143 2321 2241 2361 eos
2267 2306 2418 2361 circo
2445 2305 2778 2362 faciendum.
2812 2305 3084 2362 Consules
3113 2321 3181 2360 eo
3226 2304 3433 2360 indicio
3470 2303 3640 2359 etiam

2055 2399 2488 2463 communicato,
2534 2397 2765 2454 Volscos
2807 2408 2936 2453 ante
2981 2396 3144 2452 ludos
3183 2397 3370 2451 statim
3411 2397 3640 2451 civitate

2056 2490 2328 2546 excedere
2364 2494 2643 2560 praeconio
2670 2491 2980 2562 jusserunt.
3019 2489 3084 2544 lli
3112 2505 3247 2544 vero
3287 2489 3530 2560 graviter
3555 2489 3641 2544 fe-

2057 2591 2268 2648 rentes,
2299 2598 2358 2639 se
2393 2583 2540 2640 solos
2571 2599 2642 2640 ex
2671 2584 2930 2640 omnibus
2948 2599 3070 2639 esse
3091 2583 3302 2654 pulsos,
3335 2582 3403 2638 ad
3433 2582 3640 2638 bellum

2059 2675 2292 2736 irritati,
2329 2675 2765 2744 imperatoribus
2808 2675 2970 2734 lectis
3002 2673 3300 2730 Coriolano
3342 2683 3399 2728 et
3434 2672 3640 2740 Tullio,

2057 2784 2122 2824 ac
2159 2767 2480 2823 Latinorum
2511 2767 2731 2822 auxiliis
2761 2767 2971 2832 ascitis,
3001 2767 3207 2837 majore
3249 2781 3484 2822 numero
3508 2781 3643 2821 con-

2061 2870 2144 2915 tra
2194 2860 2476 2914 Romanos
2512 2867 2643 2914 sunt
2677 2857 2932 2928 profecti.
2983 2857 3105 2923 Quo
3157 2857 3238 2912 illi
3291 2857 3480 2912 audito
3529 2873 3642 2911 non

2061 2951 2244 3006 statim
2277 2949 2865 3018 arma-corripuerunt,
2897 2949 2996 3006 sed
3033 2949 3181 3004 inter
3215 2963 3275 3004 se
3308 2947 3643 3004 criminibus

2061 3053 2362 3100 certarunt.
2390 3043 2598 3098 Plebeii
2627 3057 2752 3098 cum
2785 3042 3054 3113 patriciis,
3079 3041 3227 3112 quod
3253 3057 3323 3097 ex
3351 3056 3418 3096 eo
3443 3042 3644 3096 ordine

2061 3137 2387 3192 Coriolanus
2462 3151 2590 3192 cum
2651 3135 2906 3192 hostibus
2965 3135 3200 3206 patriam
3259 3145 3640 3206 Oppugnatum

2061 3229 2206 3285 iret:
2241 3229 2321 3284 illi
2361 3243 2490 3285 cum
2525 3229 2708 3301 plebe,
2746 3227 2892 3299 quod
2929 3227 3187 3283 eumdem
3221 3227 3410 3297 iniquo
3448 3226 3644 3282 exsilio

2061 3324 2380 3390 multatum,
2427 3323 2646 3378 hostem
2693 3319 3092 3376 reddidissent.
3141 3319 3218 3374 Ea
3264 3317 3549 3374 contentio
3585 3317 3642 3371 in

2061 3429 2322 3485 magnum
2379 3414 2587 3468 malum
2619 3413 2909 3478 evasisset,
2946 3411 3053 3467 nisi
3089 3419 3358 3466 matronae
3390 3410 3646 3464 tulissent

2061 3523 2245 3578 Opem.
2271 3507 2410 3563 Nam
2440 3523 2568 3563 cum
2607 3515 2836 3564 senatus
2861 3505 3156 3563 Coriolano
3183 3504 3426 3560 reditum
3445 3502 3644 3558 decre-

2060 3599 2256 3664 visset,
2308 3614 2377 3654 ac
2425 3599 2636 3670 legatos
2675 3599 2744 3653 ad
2781 3613 2908 3653 eum
2939 3605 3236 3666 propterea
3283 3595 3544 3661 misisset,
3590 3603 3647 3649 et

2062 3691 2177 3753 ille.
2231 3699 2292 3745 ut
2335 3691 2455 3762 agri
2507 3689 2896 3761 superioribus
2926 3689 3090 3744 bellis
3143 3688 3387 3758 adempti
3433 3686 3645 3742 Volscis

2062 3782 2473 3848 redderentur,
2521 3781 2894 3852 postulasset,
2942 3780 3302 3835 multitudine
3360 3779 3429 3835 de
3499 3777 3648 3849 agris

2061 3886 2172 3925 non
2223 3885 2468 3937 assensa,
2526 3887 2723 3926 rursus
2769 3870 2877 3925 alia
2915 3870 3116 3942 legatio
3155 3871 3417 3924 mittitur.
3471 3868 3645 3936 Quam

2063 3965 2156 4019 ille
2185 3964 2454 4018 iracunde
2497 3963 2659 4029 tulit,
2692 3963 2842 4033 quod
2874 3963 2970 4034 qui
2993 3963 3062 4018 de
3096 3964 3216 4018 suis
3241 3963 3389 4033 agris
3425 3960 3649 4032 pericli-

2064 4067 2338 4122 tarentur,
2379 4073 2480 4113 nec
2509 4059 2588 4113 sic
2624 4057 2848 4129 quidem
2884 4058 3151 4112 cederent
3184 4056 3403 4110 alienis.
3435 4055 3648 4122 Quibus

2061 4151 2332 4206 nuntiatis
2374 4166 2497 4206 cum
2527 4151 2693 4220 plebs
2737 4151 2878 4206 nihil
2930 4159 3288 4213 moveretur,
3330 4162 3507 4217 neque
3560 4160 3647 4216 vel

2062 4239 2330 4309 periculis
2389 4240 2696 4306 admonita,
2740 4256 2772 4296 a
2819 4240 3096 4296 seditione
3143 4239 3473 4294 recederent
3515 4238 3642 4300 viri,

2065 4342 2357 4398 matronae,
2395 4332 2676 4388 Coriolani
2709 4349 2848 4388 uxor
2882 4332 3194 4398 Volumnia,
3240 4341 3296 4388 et
3334 4341 3511 4385 mater
3537 4331 3645 4386 Ve,

2066 4426 2234 4491 turia,
2261 4425 2583 4480 clarissimis
2613 4425 2928 4496 quibusque
2959 4427 3288 4482 mulieribus
3321 4426 3642 4496 assumptis,

377 4522 672 4594 πρεσὸεία.
716 4523 774 4578 Ὀ
793 4524 850 4578 δὲ
879 4526 1202 4596 περιθύμως
1225 4526 1442 4598 ἔφερεν,
1476 4528 1559 4581 ὅτι
1587 4528 1681 4580 καὶ
1709 4527 1837 4595 περὶ
1861 4527 1958 4595 τῆς

2071 4517 2124 4572 in
2156 4527 2336 4572 castra
2367 4518 2608 4572 hostium
2642 4529 2770 4574 sunt
2792 4519 3082 4590 profectas,
3113 4519 3305 4574 liberis
3338 4520 3504 4574 etiam
3535 4518 3642 4578 Co-

380 4616 595 4669 ἐαυτῶν
649 4617 1080 4683 κινδυνεύοντες,
1133 4619 1243 4672 οὐδ’
1312 4619 1455 4673 οὕτω
1501 4619 1610 4672 τῶν
1663 4619 1962 4690 ἀλλοτρίων

380 4708 732 4776 ἀφίστανται.
786 4711 897 4762 Καὶ
951 4711 1160 4764 τούτων
1209 4711 1265 4764 δὲ
1319 4710 1702 4782 ἀγγελθέντων
1753 4713 1962 4774 αὐτοῖς,

381 4801 493 4855 οὐδ’
523 4802 604 4855 ἐτι
638 4802 954 4874 κεκίνηντο,
987 4804 1098 4856 οὐδ’
1135 4804 1242 4857 ὑπὸ
1262 4804 1373 4858 τῶν
1403 4805 1668 4859 κινδύνων
1697 4807 1745 4858 οἱ
1773 4805 1960 4874 ἄνδρες

383 4893 481 4946 τοῦ
513 4895 827 4957 στασιάζειν
862 4896 1165 4960 ἐξίσταντο.
1193 4896 1266 4951 Αἰ
1295 4915 1354 4950 τε
1389 4898 1677 4966 γυναῖκες,
1711 4898 1745 4967 ἦ
1779 4915 1837 4949 τε
1868 4915 1957 4964 γα-

388 4987 528 5058 μετὴ
554 4985 648 5040 τοῦ
679 4987 1016 5057 Κοριολάνου
1046 4988 1371 5058 Οὐολομνίσι,
1402 4991 1497 5042 καὶ
1535 4991 1569 5059 ἡ
1615 4990 1800 5060 μήτηρ
1828 4991 1967 5042 Οὐε-

387 5081 634 5150 τουρίνα,
673 5081 769 5132 καὶ
798 5082 899 5142 τὰς
930 5081 1124 5144 λοιπάς
1169 5084 1266 5145 τὰς
1297 5083 1734 5151 ἐπιφανεστάτας
1789 5101 1968 5153 παρα-

388 5170 678 5235 λαϐοῦσαι,
700 5171 866 5243 ἦλθον
898 5176 955 5237 ἐς
1003 5174 1066 5226 τὸ
1100 5174 1468 5244 στρατόπεδον
1491 5173 1627 5244 πρὸς
1657 5175 1844 5238 αὐτὸν,
1873 5175 1969 5227 καὶ

389 5263 460 5316 τὰ
501 5265 765 5335 παιδάρια
820 5266 990 5319 αὐτοῦ
1041 5267 1408 5335 ἐπαγόμεναι.
1465 5269 1576 5320 Καὶ
1607 5268 1662 5319 al
1690 5267 1787 5336 μὲν
1811 5266 1968 5319 ἄλλαι

392 5354 680 5408 σιωπῶσαι
705 5356 1066 5426 ἐδάκρυονοή
1100 5358 1157 5410 δὲ
1199 5358 1572 5429 Οὐετουρίνα·
1627 5360 1749 5411 Οὐκ
1795 5358 1971 5422 ηὐτο-

387 5447 763 5516 μολήκαμεν,
817 5449 944 5520 ἔφη,
999 5449 1235 5515 τέκνον,
1277 5451 1416 5505 ἀλλ’
1477 5451 1516 5518 ἡ
1549 5450 1761 5516 πατρὶς
1811 5447 1970 5518 ἡμᾶς

391 5535 626 5610 ἔπεμψέ
653 5557 773 5595 σοι.
805 5546 871 5596 Ei
897 5542 1013 5609 μὲν
1040 5545 1284 5608 πείθοιο,
1323 5544 1552 5613 μητέρα
1581 5542 1678 5596 καὶ
1715 5543 1972 5602 γυναῖκα

396 5633 493 5684 καί
527 5633 714 5686 τέκνα
736 5650 750 5664 ·
789 5636 843 5687 εί
869 5634 1061 5704 δὲμὴ,
1087 5636 1350 5703 λάφυρα.
1393 5637 1499 5690 Καὶ
1533 5638 1581 5689 εὶ
1609 5635 1706 5688 καί
1745 5635 1862 5688 νῦν
1880 5634 1969 5687 ἔτι

397 5719 615 5792 ὀργίζῃ,
642 5723 876 5791 πρώτας
909 5723 1067 5792 ἡμᾶς
1095 5726 1472 5779 ἀπόκτεινον.
1532 5725 1968 5794 {famulitii-110',

401 5811 494 5864 καί
519 5811 734 5882 μηκέτι
755 5812 986 5881 ὀργίζιιυ
1045 5813 1491 5882 τοῖς-πσλ’ταις,
1560 5815 1683 5881 τοῖς
1748 5817 1967 5884 φίλοις,

2069 4612 2264 4665 riolani
2292 4611 2566 4668 adductis.
2609 4613 2835 4668 Caeteris
2864 4622 3047 4667 autem
3079 4614 3241 4667 tacite
3277 4612 3643 4682 plorantibus,

2068 4702 2294 4758 Veturia
2339 4719 2354 4756 :
2405 4701 2523 4756 Non
2579 4703 2994 4774 transfugimus,
3029 4703 3231 4774 inquit,
3264 4703 3346 4772 ﬁli
3385 4720 3404 4757 :
3433 4703 3522 4759 sed
3555 4719 3646 4756 nos

2071 4795 2249 4863 patria
2281 4795 2445 4847 misit.
2477 4791 2536 4847 Si
2577 4796 2844 4866 parueris,
2884 4803 3130 4860 matrem,
3177 4810 3392 4850 uxorem
3434 4805 3481 4848 et
3523 4794 3652 4848 libe-

2073 4902 2158 4938 ros
2185 4899 2204 4938 :
2243 4887 2325 4939 sin
2363 4887 2535 4941 minus
2576 4887 2836 4959 prwdam.
2895 4886 3047 4952 Quod
3075 4889 3120 4942 si
3161 4896 3253 4942 tua
3295 4888 3526 4942 nondum
3563 4889 3653 4943 de-

2071 4979 2236 5031 swviit
2275 4979 2578 5044 iracundia,
2622 4997 2716 5034 nos
2758 4981 2958 5050 primas
3013 4982 3252 5035 occidito.
3292 4981 3652 5036 Reconciliure

2073 5071 2264 5123 omissa
2298 5072 2381 5124 ira
2407 5072 2624 5136 civibus,
2653 5074 2834 5127 amicis
2857 5114 2872 5135 ,
2899 5075 3087 5137 sacris,
3116 5075 3481 5127 monumentis.
3529 5073 3653 5125 Noli

2073 5163 2378 5217 exscindere
2409 5165 2664 5230 patriam,
2689 5167 2742 5218 in
2775 5182 2879 5235 qua
2913 5175 3072 5219 natus
3104 5182 3182 5228 es,
3209 5175 3258 5218 et
3298 5167 3570 5224 educatus,
3601 5175 3650 5217 ct

2075 5270 2328 5325 magnum
2373 5255 2508 5308 illud
2535 5255 2806 5310 Coriolani
2847 5267 3254 5328 cognomentum
3287 5259 3526 5326 adeptus.
3566 5257 3650 5311 Nc

2076 5362 2156 5399 me
2189 5349 2292 5400 voti
2321 5347 2562 5418 impotem
2602 5348 2888 5415 dimiseris,
2927 5366 2992 5403 ne
3035 5350 3162 5403 meis
3212 5351 3451 5402 inanibus
3481 5351 3650 5402 inter-

2075 5445 2270 5516 fectam
2307 5461 2388 5499 me
2434 5445 2633 5500 videas.
2678 5444 2777 5500 llis
2820 5445 2986 5501 dictis
3029 5445 3264 5517 ejulans,
3304 5457 3360 5499 ct
3397 5445 3651 5498 mammis

2076 5537 2334 5601 OSIensis,
2365 5545 2421 5591 et
2451 5544 2644 5590 ventre
2673 5536 2838 5608 344
2863 5546 3157 5592 attrectato
3193 5553 3206 5590 :
3251 5536 3346 5589 llic
3375 5544 3423 5588 te
3449 5539 3648 5606 genuit,

2075 5629 2277 5700 inquit,
2308 5631 2388 5685 lia:
2415 5640 2463 5684 te
2495 5629 2846 5685 lactaverunt.
2877 5630 3084 5686 Deinde
3112 5630 3179 5686 ab
3209 5647 3379 5685 uxore
3423 5639 3479 5684 et
3509 5630 3648 5684 libe-

2077 5724 2154 5778 ris
2178 5723 2318 5794 ejus,
2345 5723 2670 5794 cmtcrisque
2703 5723 3032 5778 mulieribus
3060 5723 3189 5779 ﬂetu
3217 5734 3364 5787 orto,
3401 5725 3491 5778 ille
3517 5741 3651 5791 quo—

2077 5833 2184 5884 que
2217 5817 2284 5873 ad
2323 5817 2533 5875 luctum
2565 5823 2875 5874 commotus
2907 5825 2962 5873 et
3002 5818 3090 5874 vix
3121 5817 3223 5872 sibi
3257 5817 3505 5873 redditus
3538 5833 3651 5870 tna-
