4060 6418
417 367 528 429 595

1714 370 2038 432 JOANNIS
2075 373 2398 433 ZONARE

3578 367 3686 430 596

415 485 556 532 trem
589 477 960 546 amplectitur,
985 487 1044 532 et
1076 478 1220 533 inter
1251 479 1438 533 oscula
1473 497 1484 532 :
1521 478 1605 532 En
1632 479 1745 544 tibi,
1779 479 1993 549 inquit,

2108 481 2226 547 τοῖς
2263 481 2462 550 Ιεροῖς,
2514 481 2638 548 τοῖς
2689 482 2920 552 τάφοις.
2977 481 3143 551 Μηδὲ
3199 479 3689 550 ἐκπολιορκήσῃς

407 579 585 624 mater
639 587 820 638 pareo.
872 571 1002 625 Tum
1055 574 1195 626 enim
1238 588 1323 625 me
1358 573 1524 627 vincis
1565 589 1582 627 :
1627 573 1718 627 tibi
1760 574 1992 644 gratiam

410 663 572 716 istam
623 664 883 718 debebunt
936 682 1138 720 omnes.
1183 665 1296 735 Ego
1327 683 1448 721 vero
1478 667 1545 721 ab
1603 683 1785 720 eorum
1835 669 1995 720 etiam

409 761 689 820 conspectu
741 754 1016 814 abhorreo,
1054 756 1143 824 qui
1180 771 1276 824 pro
1311 757 1477 810 tantis
1519 755 1781 823 beneﬁciis
1828 755 1992 808 talem

411 845 540 898 mihi
588 845 822 914 gratiam
879 846 1195 901 retulerunt.
1239 847 1429 902 Verum
1469 857 1525 900 tu
1577 864 1691 900 meo
1735 846 1846 900 loco
1891 863 1994 916 pa-

413 938 576 989 triam
601 945 796 999 teneto,
838 938 1051 1006 quando
1083 939 1162 994 ita
1198 939 1406 994 voluisti
1431 955 1523 1010 ego
1557 939 1820 993 recedam.
1868 937 1994 992 llazc

410 1027 655 1087 locutus.
692 1014 982 1098 repudiato
1030 1031 1085 1085 in
1132 1031 1370 1100 patriam
1412 1031 1590 1086 reditu
1615 1072 1628 1094 ,
1679 1031 1734 1083 in
1768 1028 1992 1084 Volscos

411 1122 665 1184 recessit,
699 1123 886 1192 ibique
917 1137 1082 1178 senex
1107 1124 1267 1180 obiit.

2100 572 2215 638 τὴν
2237 571 2510 639 πατρίδα,
2565 572 2635 624 ἐν
2675 567 2716 643 ᾗ
2761 572 3095 641 ἐγεννήθης
3133 570 3232 626 καὶ
3264 570 3550 639 ἐτράφης,
3587 570 3684 624 καὶ

2099 663 2167 715 τὸ
2199 662 2352 732 μέγα
2398 663 2576 716 τοῦτο
2615 664 2804 732 ὄνομα
2841 663 3206 731 Κοριολάνος
3233 663 3465 731 ἐγένου.
3521 663 3686 730 lilii-t8

2099 753 2408 823 ἄπρακτον
2436 754 2824 823 ἀποπέμψῃς,
2875 756 2976 808 ἵνα
3000 753 3087 825 μὴ
3121 753 3347 822 νεκράν
3401 772 3478 825 με
3510 756 3688 808 αὑτο-

2100 845 2292 914 χειρίᾳ
2352 843 2563 911 θεάσῃ.
2636 845 2758 899 Ἐπὶ
2791 845 3004 908 τούτοις
3049 845 3376 907 ἀνέκλαυσε,
3435 843 3688 906 καὶτοὺς

2104 939 2345 1008 μαστοὺς
2363 938 2716 1006 προδείξασα,
2742 938 2841 1008 τῆς
2862 954 2923 991 τε
2953 937 3188 1008 γαστρὸς
3217 936 3494 1006 ἁψαμένη,
3520 936 3685 1004 Αὕτη

2099 1046 2174 1083 σε
2227 1029 2456 1092 ἔτεκεν,
2513 1029 2641 1100 ἔφη,
2681 1030 2924 1098 τέκνον,
2985 1027 3157 1087 οὗτοι
3194 1045 3269 1084 σε
3325 1028 3684 1097 ἐξέθρεψαν.

2112 1122 2176 1174 Ἦ
2207 1121 2305 1191 μὲν
2341 1117 2464 1174 εἶπε
2520 1122 2720 1178 ταῦτα.
2790 1122 2855 1176 Ἥ
2910 1122 3128 1193 γαμετὴ
3161 1121 3218 1174 δὲ
3251 1120 3444 1185 αὐτοῦ,
3501 1119 3595 1171 καὶ
3620 1117 3688 1172 τὰ

413 1215 704 1286 παιδάρια,
729 1218 822 1269 καὶ
852 1219 910 1271 αἱ
939 1219 1098 1274 ἄλλαι
1125 1222 1385 1288 γυναῖκες
1409 1218 1838 1290 συνεθρήνησαν,
1892 1216 2034 1274 ὥστε
2072 1217 2328 1270 κάκεῖνον
2358 1216 2440 1278 εἰς
2495 1217 2694 1281 πένθος
2746 1217 2990 1286 κινῆσαι.
3041 1215 3214 1277 Μόλις
3271 1214 3319 1267 δ’
3353 1209 3684 1278 ἀνενεγκὼν,

411 1309 738 1378 περιέπλεξε
766 1310 864 1380 τὴν
898 1312 1134 1381 μητέρα,
1177 1313 1272 1366 καὶ
1299 1312 1470 1382 φιλῶν
1493 1311 1638 1380 ἅμα·
1680 1309 1814 1375 Ἴδε,
1856 1309 1985 1380 ἔφη,
2022 1306 2238 1378 μῆτερ,
2281 1309 2564 1377 πείθομαί
2595 1323 2718 1364 σοι.
2771 1308 2857 1362 Σὺ
2905 1307 3015 1377 γάρ
3076 1323 3153 1374 με
3205 1303 3402 1373 νικᾷς,
3445 1303 3543 1357 καὶ
3585 1305 3687 1355 σοι

412 1399 640 1467 ταύτην
675 1401 790 1469 τὴν
819 1402 998 1470 χάριν
1052 1404 1276 1470 πάντες
1324 1403 1653 1472 ἐχέτωσαν.
1709 1401 1860 1470 Ἐγὼ
1919 1401 2028 1468 γὰρ
2067 1399 2211 1464 οὐδὲ
2279 1399 2428 1454 ίδεῐν
2481 1399 2705 1466 αὐτοὺς
2757 1398 3056 1467 ὑπομένω,
3080 1397 3138 1451 οἳ
3187 1393 3524 1464 τηλικαῦτα
3551 1390 3687 1480 :rap'

412 1490 560 1558 ἐμοῦ
580 1493 1090 1562 εὐεργετηθέντες,
1118 1495 1364 1569 τοιαῦτά
1383 1513 1489 1565 μοι
1535 1490 1990 1550 ἁνταπέδωκαν.
2033 1491 2171 1545 Οὐδ’
2241 1493 2531 1561 ἀφίξομαι
2571 1495 2661 1558 εις
2713 1491 2829 1560 τὴν
2862 1491 3067 1554 πόλιν,
3111 1489 3274 1544 ἀλλὰ
3296 1488 3378 1543 σὺ
3412 1486 3528 1557 μὲν
3552 1484 3690 1540 ἀντὶ

411 1585 558 1651 ἐμοῦ
612 1587 727 1656 τὴν
767 1591 1024 1659 πατρίδα
1061 1592 1187 1659 ἔχε,
1215 1591 1305 1645 ὅτι
1325 1591 1498 1646 τοῦτο
1524 1590 1854 1660 ἠθέλησας-ο
1882 1586 2000 1656 ἐγὼ
2033 1586 2102 1639 δὲ
2153 1587 2684 1656 ἀπαλλαγήσομαι.
2739 1588 2926 1642 Ταῦτα
2975 1585 3170 1649 εἰπὼν,
3237 1585 3540 1653 ἀπανέστη,
3595 1583 3692 1637 καὶ

412 1678 534 1731 οὐδὲ
573 1679 672 1749 τὴν
723 1681 950 1736 κάθοδον
999 1685 1345 1752 κατεδέξατο.
1399 1685 1791 1755 Ἀναχωρήσας
1827 1681 1885 1735 δὲ
1919 1682 1999 1742 είς
2033 1680 2160 1743 τοὺς
2193 1679 2588 1744 Οᾶολούσκους,
2621 1684 2739 1736 ἐκεῖ
2767 1681 3039 1752 γηράσας,
3080 1679 3414 1749 ἀπήλλαξεν.

484 1775 648 1831 XVII.
674 1777 1118 1850 Tribuniiplebis
1148 1797 1339 1852 agrum
1375 1781 1628 1837 hostibus
1651 1780 1993 1848 ademptum,

2173 1778 2270 1830 IZ’.
2300 1778 2363 1830 Ui
2393 1777 2448 1830 δὲ
2473 1777 2748 1848 δήμαρχοι
2781 1776 2966 1847 χώραν
3001 1778 3065 1829 ὲκ
3110 1773 3389 1844 πολεμίων
3413 1789 3692 1842 προσκτη-

413 1870 623 1940 populo
656 1869 827 1925 dividi
864 1873 1296 1941 postulantibus,
1322 1873 1555 1928 Romani
1595 1881 1652 1927 et
1683 1871 1827 1926 inter
1854 1885 1996 1934 sese,

414 1970 474 2013 et
517 1960 588 2015 ab
633 1963 887 2018 hostibus
926 1962 1100 2018 multa
1141 1965 1474 2020 detrimenta
1511 1971 1818 2033 coeperunt.
1862 1962 1997 2016 Nam

415 2053 622 2110 divites
651 2070 776 2110 cum
813 2056 1028 2126 plebem
1070 2056 1230 2111 aliter
1273 2056 1558 2112 continere
1609 2071 1716 2110 no"
1752 2065 1996 2124 possent,

417 2144 564 2200 bella
600 2161 665 2200 ex
699 2147 859 2203 bellis
889 2147 958 2203 de
987 2148 1258 2203 industria
1286 2159 1569 2214 severum,
1635 2156 1696 2200 ut
1729 2147 1796 2201 iis
1831 2162 1999 2200 occu-

418 2235 556 2304 pati.
603 2237 739 2308 legis
781 2238 1028 2308 Agraria:
1079 2239 1562 2294 obliviscerentur.
1603 2239 1724 2305 Quo
1764 2237 2000 2293 consilio

421 2325 644 2380 tandem
677 2342 706 2380 a
747 2329 1031 2384 nonnullis
1077 2329 1482 2393 animadverso,
1534 2345 1645 2384 non
1687 2329 1831 2399 passi
1872 2340 2001 2383 sunt

421 2425 718 2486 utrumque
751 2421 1034 2476 consulem
1062 2437 1091 2475 a
1119 2423 1440 2491 potentibus
1466 2421 1742 2490 designari
1774 2438 1786 2473 :
1821 2421 1915 2475 sed
1943 2429 2000 2473 et

418 2511 526 2580 ipsi
555 2512 787 2568 alterum
817 2530 882 2568 ex
917 2515 1164 2584 patriciis
1185 2516 1388 2585 eligere
1425 2515 1738 2570 voluerunt.
1774 2513 1852 2568 Eo
1892 2514 1998 2568 im-

418 2611 656 2671 petrato,
715 2604 975 2675 Spurium
1021 2606 1250 2661 Furium
1303 2607 1593 2676 elegerunt
1639 2623 1652 2660 :
1699 2620 1810 2675 quo
1861 2603 1999 2659 duce

418 2696 606 2751 omnia
643 2713 764 2768 quae
801 2699 1042 2769 aggressi
1075 2711 1225 2763 sunt,
1261 2699 1454 2754 sedulo
1478 2697 1858 2755 confecerunt.
1893 2695 2000 2750 Sed

417 2788 516 2857 qui
552 2805 678 2844 cum
710 2791 832 2861 ejus
870 2792 1078 2861 collega
1117 2792 1344 2847 Caesone
1367 2791 1537 2846 Fabio
1561 2792 1828 2857 exierant,
1862 2790 2001 2845 adeo

418 2893 480 2933 se
517 2879 664 2934 viros
695 2879 868 2935 fortes
897 2897 1008 2936 non
1054 2881 1431 2950 prwbuerunt,
1469 2890 1530 2936 ut
1565 2881 1762 2937 castris
1794 2881 2003 2936 relictis

419 2971 479 3024 in
540 2972 734 3027 urbem
790 2974 1020 3040 reversi,
1085 2975 1385 3029 tumultum
1435 2974 1777 3029 excitarint:
1824 2973 2003 3028 donec

420 3062 696 3134 Tyrrheni
744 3079 810 3118 ea
859 3080 917 3121 re
961 3065 1202 3136 cognita,
1245 3055 1372 3121 illos
1416 3066 1738 3120 invaserunt
1773 3082 1786 3120 :
1824 3079 1887 3120 ac
1935 3080 2003 3120 ne

419 3166 539 3209 tum
591 3156 817 3226 quidem
868 3159 1024 3228 prius
1079 3168 1213 3214 sunt
1271 3159 1503 3229 egressi,
1561 3174 1729 3229 quam
1793 3158 2002 3214 tribuni

419 3245 646 3314 quidam
678 3247 928 3318 patriciis
963 3250 1174 3305 assensi
1202 3259 1412 3306 essent.
1444 3250 1584 3306 Tum
1615 3265 1749 3308 vero
1776 3262 2003 3307 strenue

419 3347 744 3408 pugnarunt
769 3359 782 3394 :
812 3355 876 3396 ac
899 3341 1088 3398 multis
1113 3342 1370 3399 hostibus
1397 3343 1572 3410 caesis,
1598 3344 1841 3415 ipsorum
1868 3361 2005 3416 quo-

337 3470 339 3472 .
421 3444 532 3497 que
563 3446 672 3486 non
699 3431 862 3500 pauci
894 3433 1238 3488 ceciderunt.
1271 3435 1484 3490 Cecidit
1512 3437 1676 3491 etiam
1701 3437 1840 3492 alter
1868 3453 2001 3493 con-

421 3521 510 3575 sul
558 3521 816 3578 Manlius.
859 3522 1017 3579 Plebs
1053 3540 1185 3580 vero
1221 3528 1504 3583 consulem
1550 3529 1718 3584 alium
1773 3532 2001 3586 creavit.

420 3611 556 3668 Orto
581 3629 777 3669 rursus
799 3631 828 3670 a
859 3616 1163 3688 Tyrrhenis
1184 3617 1349 3686 bello,
1372 3619 1524 3675 Fabii
1549 3621 1830 3687 Romanis,
1863 3637 2004 3691 quo-

420 3707 591 3762 modo
619 3709 799 3764 resisti
833 3719 1020 3779 posset
1053 3711 1328 3776 hostibus,
1364 3714 1619 3771 sollicitis
1668 3731 1828 3786 opem
1859 3717 2002 3772 tule-

422 3805 576 3851 runt.
604 3797 706 3864 Qui
745 3815 795 3854 Vl
823 3809 879 3854 et
905 3816 998 3857 ccc
1020 3818 1276 3866 numero,
1302 3805 1433 3874 quia
1463 3807 1726 3876 pepulum
1757 3809 2004 3874 anxium,

421 3889 563 3944 nihil
586 3891 732 3960 quod
764 3892 818 3946 in
851 3909 967 3947 rem
989 3905 1134 3951 esset
1161 3896 1584 3965 deliberantem,
1613 3917 1679 3957 ac
1707 3901 2007 3972 desperam-

424 3987 537 4032 tcm
581 3982 767 4036 omnia
810 3981 1096 4048 videbant,
1139 3986 1486 4057 Tyrrhenum
1537 3990 1742 4046 bellum
1792 3995 1908 4049 suis
1949 4006 2006 4050 et

422 4071 750 4142 corporibus
774 4085 830 4130 et
859 4079 1169 4148 sumptibus
1205 4083 1507 4151 gerendum
1538 4085 1645 4140 sibi
1669 4086 2007 4158 depoposce-

421 4174 585 4220 runt:
619 4176 675 4221 et
708 4177 1020 4239 opportuno
1042 4171 1166 4228 loco
1190 4176 1506 4244 praesidium
1531 4182 2002 4250 communierant,

423 4257 572 4313 unde
604 4258 801 4316 infesta
855 4262 1097 4318 hostium
1141 4269 1326 4323 omnia
1379 4269 1652 4339 fecerunt,
1702 4274 2006 4344 Tyrrhenis

421 4349 544 4403 acie
601 4349 902 4409 decernere
955 4363 1051 4410 aut
1104 4373 1214 4412 non
1259 4360 1617 4427 audentibus,
1664 4375 1760 4418 aut
1805 4367 1849 4420 si
1885 4371 2003 4423 ausi

2028 3119 2074 3182 C

2107 1871 2296 1925 θεῖσαν
2328 1871 2644 1939 Ῥωμαίοις,
2666 1872 2917 1942 ἀπῄτουν
2939 1870 3336 1939 διανεμηθῆναι
3367 1867 3446 1935 τῷ
3470 1865 3688 1934 πλήθειο

2105 1964 2230 2018 ὃθεν
2257 1965 2394 2034 πρὸς
2423 1964 2672 2035 ἀλλήλων
2701 1982 2759 2017 τε
2793 1965 2888 2017 καὶ
2914 1962 3052 2032 πρὸς
3083 1965 3192 2038 τῶν
3217 1960 3494 2029 πολεμίων
3519 1957 3692 2011 πολλὰ

2106 2056 2491 2127 ἐκακώθησαν.
2553 2058 2618 2110 υἱ
2665 2056 2775 2127 γὰρ
2812 2055 3033 2109 δυνατοὶ
3085 2056 3160 2125 μὴ
3224 2054 3402 2114 ἄλλως
3439 2051 3694 2120 κατέχειν

2107 2151 2305 2214 αὐτοὺς
2337 2151 2648 2220 δυνάμενοι,
2680 2151 2958 2222 πολέμους
2988 2150 3052 2203 ὲκ
3085 2148 3342 2217 πολέμων
3375 2144 3694 2212 ἐξεπίτηδες

2106 2240 2340 2306 ἐκίνουν,
2366 2241 2433 2294 ἵν’
2457 2241 2642 2306 αὐτοῖς
2668 2239 3086 2310 ἀσχολούμενοι,
3115 2237 3282 2308 μηδὲν
3311 2237 3442 2306 περὶ
3467 2235 3567 2303 τῆς
3589 2236 3694 2302 γῆς

2107 2330 2630 2401 πολυπραγμονῶσι.
2685 2331 2881 2402 Χρόνῳ
2939 2329 2998 2383 δέ
3059 2345 3191 2382 ποτε
3246 2324 3697 2395 ὑποτοπήσαντες

2104 2440 2251 2486 τινες
2273 2424 2335 2476 τὺ
2366 2424 2767 2494 πραττόμενον,
2789 2424 2892 2476 οὐκ
2927 2424 3056 2476 εἴων
3090 2422 3185 2474 καὶ
3207 2421 3377 2490 ἄμφω
3399 2420 3528 2481 τοὺς
3549 2417 3696 2472 ὑπά-

2102 2533 2229 2576 τους
2254 2516 2285 2583 ἢ
2322 2517 2666 2586 στρατηγοὺς
2695 2515 2800 2568 ὑπὸ
2833 2515 2941 2568 τῶν
2971 2513 3217 2568 δυνατῶν
3243 2509 3694 2572 ἀποδείκνυσθαι,

2105 2607 2223 2660 ἀλλ’
2250 2608 2441 2673 ἤθελον
2478 2609 2572 2661 καὶ
2603 2607 2759 2661 αὐτοὶ
2779 2608 2871 2660 τὸν
2900 2607 3089 2676 ἕτερον
3116 2608 3180 2659 ὲκ
3209 2603 3318 2657 τῶν
3340 2602 3694 2674 εὐπατριδῶν

2105 2700 2402 2770 αἱρεῖσθαι.
2464 2702 2554 2764 Ὠς
2584 2700 2640 2753 δὲ
2664 2700 2824 2753 τοῦτο
2852 2699 3310 2770 κατειργάσαντο,
3379 2699 3696 2770 προείλοντο

2105 2792 2374 2864 Σπούριον
2405 2791 2635 2862 Φούριον
2676 2791 2824 2863 (95)’
2855 2792 2952 2845 καὶ
2991 2791 3114 2860 μετ’
3168 2791 3383 2843 ἐκείνου
3431 2807 3699 2860 στρατευ-

2107 2885 2354 2954 σάμενοι,
2382 2887 2563 2939 πάντα
2592 2886 2680 2950 ἐφ’
2730 2886 2830 2938 ὅσα
2867 2884 3160 2955 ὥρμησαν,
3212 2883 3512 2953 προθύμως
3561 2901 3696 2935 κατ-

2109 2977 2377 3049 ἔπραξαν.
2411 2980 2473 3032 Οἱ
2499 2979 2553 3031 δὲ
2583 2977 2660 3049 τῷ
2693 2978 3020 3048 συνάρχοντι
3051 2975 3217 3030 αὑτοῦ
3239 2976 3426 3046 Φαϐίῳ
3449 2976 3694 3028 Καίσωνι

2109 3067 2542 3132 συνεξελθόντες,
2581 3069 2640 3121 οὺ
2676 3068 2840 3136 μόνον
2862 3069 2962 3121 οὐκ
2995 3065 3377 3138 ὲρρώσθησαν,
3425 3064 3562 3117 ἀλλὰ
3597 3067 3694 3118 καὶ

2109 3165 2168 3219 τὸ
2196 3163 2560 3234 στρατόπεδον
2589 3153 2928 3225 ἐκλιπόντες,
2959 3163 3041 3222 είς
3072 3160 3173 3231 τὴν
3203 3161 3359 3212 πόλιν
3391 3155 3578 3230 ἦλθον,
3600 3159 3695 3210 καὶ

2110 3257 2429 3329 ἐθορύϐουν,
2457 3255 2563 3320 ἕως
2587 3257 2636 3308 οἱ
2657 3254 2950 3326 Τυρσηνοὶ,
2976 3254 3134 3308 τοῦτο
3154 3254 3440 3325 μαθόντες,
3475 3253 3696 3322 ἐπεχεί-

2115 3365 2286 3418 ρησαν
2310 3349 2518 3411 αὐτοῖς.
2550 3348 2662 3402 Καὶ
2683 3347 2804 3400 τότε
2857 3348 3044 3416 μέντοι
3075 3347 3135 3400 οὺ
3171 3345 3440 3416 πρότερον
3467 3344 3696 3414 ἐξῆλθον

2109 3442 2210 3510 τῆς
2238 3441 2471 3504 πόλεως,
2497 3441 2630 3511 πρὶν
2660 3440 2767 3493 τῶν
2790 3441 3095 3510 δημάρχων
3125 3440 3282 3502 τινὰς
3306 3439 3696 3508 συμφρονῆσαι

2110 3537 2225 3597 τοῖς
2251 3535 2520 3595 δυνατοῖς.
2566 3532 2938 3600 Ἡγωνισαντο
2967 3533 3024 3586 δὲ
3061 3531 3384 3601 προθύμως,
3433 3533 3528 3585 καὶ
3559 3532 3692 3582 πολι

2111 3628 2238 3692 λοὺς
2269 3626 2367 3697 μὲν
2409 3625 2519 3679 τῶν
2551 3623 2832 3694 πολεμίων
2889 3623 3240 3692 διέφθειραν,
3275 3623 3461 3691 συχνοὶ
3489 3620 3548 3674 δὲ
3600 3623 3697 3674 καὶ

2111 3719 2610 3774 αὑτῶνὰπέθανον.
2658 3719 2866 3790 Ἔπεσε
2896 3717 2952 3770 δὲ
2981 3717 3076 3770 καὶ
3115 3719 3142 3769 ὁ
3173 3710 3251 3778 εἷς
3275 3717 3385 3768 τῶν
3411 3716 3633 3768 ὑπάτων
3668 3717 3700 3768 ὁ

2112 3813 2321 3876 Μάλιος
2360 3812 2494 3883 (96).
2534 3811 2594 3865 '0
2623 3811 2681 3864 δὲ
2706 3812 2895 3880 ὅμιλος
2926 3808 3235 3879 στρατηγὸν
3268 3808 3454 3880 ἕτερον
3479 3808 3592 3878 (97)
3613 3809 3698 3861 εἴ-

2111 3906 2255 3970 λετο,
2275 3907 2369 3958 καὶ
2393 3905 2632 3973 πόλεμος
2665 3901 2823 3965 αὖθις
2847 3903 3033 3966 αὐτοῖς
3059 3903 3395 3972 ὲπενὴνεκτο
3422 3903 3558 3972 προς
3583 3901 3698 3955 τῶν

2115 3996 2440 4068 Τυρσηνῶν.
2486 3994 2867 4067 Ἀθυμοῦσιδὲ
2911 3993 3231 4064 Ῥωμαίοις,
3278 3995 3373 4047 καὶ
3403 3993 3696 4062 ἀποροῦσι,

2114 4093 2234 4156 πῶς
2261 4093 2376 4153 τοῖς
2400 4091 2625 4162 ἐχθροῖς
2650 4090 3147 4155 ἀντικαταστῶσιν,
3177 4093 3227 4143 οἱ
3257 4089 3449 4144 Φάϐιοι
3467 4090 3700 4144 ἐπεκού-

2116 4204 2307 4258 ρησαν.
2339 4185 2437 4252 Ἓξ
2467 4187 2576 4256 γὰρ
2603 4185 2754 4247 ὅντες
2785 4183 2878 4237 καὶ
2901 4185 3230 4254 τριακόσιοι,
3255 4184 3330 4246 ὡς
3349 4182 3700 4253 ἀθυμοῦντας

2114 4275 2258 4333 εἶδον
2293 4279 2513 4342 αὐτοὺς,
2557 4277 2654 4330 καὶ
2697 4279 2833 4346 μήτε
2865 4294 2914 4328 τι
2944 4275 3370 4345 βουλευομένους
3395 4274 3698 4342 λυσιτελὲς,

2115 4372 2212 4425 καὶ
2233 4369 2713 4440 ἀπογινώσκοντας
2746 4370 2984 4434 ἅπαντα,
3009 4368 3100 4421 τὸν
3146 4368 3283 4436 πρὸς
3312 4368 3441 4432 τοὺς
3475 4367 3699 4439 Τυρση-

422 4449 630 4503 essent,
661 4443 895 4510 turpiter
920 4445 1242 4516 proﬂigatis.
1273 4449 1381 4505 Sed
1413 4452 1582 4507 sociis
1611 4455 1818 4516 ascitis.
1843 4457 2001 4528 345

2114 4465 2239 4526 νοὺς
2263 4463 2594 4528 ὑπεδέξαντο
2621 4463 2878 4531 πόλεμον,
2905 4461 3058 4514 αὐτοὶ
3081 4459 3150 4514 δι’
3170 4460 3382 4514 ἑαυτῶν
3411 4460 3699 4531 προθυμη-
3793 4529 3796 4532 ,

426 4541 485 4587 et
524 4532 746 4589 insidiis
793 4536 848 4590 in
881 4537 1023 4592 saltu
1063 4539 1302 4608 quodam
1349 4543 1656 4608 collocatis,
1703 4546 1902 4602 Fabios
1939 4551 2001 4605 ob

2110 4557 2298 4618 θέντες
2324 4553 2664 4626 μαχέσασθαι
2683 4554 2778 4606 καὶ
2802 4556 2914 4616 τοῖς
2942 4551 3160 4622 σώμασι
3181 4553 3402 4614 καὶτοῖς
3422 4553 3694 4622 χρήμασι.

426 4622 651 4678 crebras
680 4625 937 4682 victorias
967 4629 1220 4686 incautos
1251 4633 1759 4700 circumvenerunt,
1785 4651 1842 4694 et
1866 4645 2012 4697 occi-

425 4715 628 4770 derunt
650 4732 861 4773 omnes.
884 4719 962 4774 Ac
979 4735 1167 4776 eorum
1191 4723 1397 4780 familia
1416 4727 1792 4786 internecione
1815 4734 2012 4801 periis-

424 4815 534 4866 set,
566 4808 670 4863 nisi
721 4826 863 4866 unus
893 4811 966 4866 ob
1021 4815 1356 4872 teneriorem
1407 4828 1623 4875 aetatem
1673 4822 1821 4877 domi
1874 4825 2005 4880 reli-

425 4910 550 4957 ctus
599 4903 819 4969 fuisset,
868 4922 897 4961 a
946 4924 1057 4978 quo
1099 4911 1428 4978 instaurata,
1478 4914 1742 4985 deinceps
1786 4933 2008 4986 quoque

425 4991 632 5049 ﬂoruit.
670 4996 804 5051 Cum
856 4999 973 5054 hrec
1016 5001 1198 5057 clades
1229 5015 1453 5074 accepta
1505 5017 1673 5070 esset,
1711 5006 1940 5064 Romani
1977 5027 2006 5065 a

2111 4648 2218 4701 Καί
2241 4665 2294 4700 τι
2321 4648 2524 4718 χωρίον
2552 4646 2958 4708 καταλαϐόντες
2992 4645 3301 4716 ἐπίκαιρον,
3339 4645 3694 4714 ἐτειχίσαντο,

2107 4739 2232 4792 ὅθεν
2254 4740 2596 4810 ὁρμώμενοι,
2636 4740 2814 4792 πάντα
2837 4738 2904 4791 τὰ
2932 4739 3042 4789 τῶν
3091 4737 3370 4806 πολεμίων
3402 4733 3558 4806 ἦγον,
3585 4736 3695 4790 τῶν

2110 4830 2412 4901 Τυρσηνῶν
2447 4829 2583 4900 μηδὲ
2613 4832 2670 4894 ἐς
2698 4833 2891 4900 χεῖρας
2923 4829 3110 4890 αὐτοῖς
3147 4829 3287 4881 ἱέναι
3323 4825 3696 4899 θαρρούντων,

2110 4925 2159 4977 εἰ
2181 4924 2239 4978 δὲ
2263 4925 2356 4978 καί
2379 4941 2510 4977 ποτε
2531 4925 2886 4991 συμμίξειαν,
2917 4923 3328 4988 ἐλαττουμένων
3361 4919 3515 4990 παρὰ
3536 4917 3694 4975 πολύ.

2119 5016 2562 5087 Προσλαϐόμενοι
2589 5016 2645 5069 δὲ
2695 5018 2790 5068 καὶ
2846 5013 3174 5084 συμμάχους
3225 5012 3275 5064 οἱ
3308 5013 3604 5081 Τυρσηνοὶ,
3638 5011 3696 5062 ὲν

1629 5147 1827 5210 Variae
1856 5149 2174 5217 lectiones
2205 5163 2266 5219 et
2307 5164 2500 5219 notae.

497 5266 610 5340 (Q5)
634 5267 907 5340 Φούριον.
933 5265 1220 5340 Φρορριον,
1247 5277 1359 5323 tres
1392 5285 1521 5323 mss.
1550 5269 1704 5340 Regii
1737 5269 1962 5329 habent.

496 5337 610 5408 (967)
652 5338 714 5390 '0
748 5337 998 5408 Μάλιος.
1031 5336 1122 5408 Sic
1151 5348 1261 5392 tres
1295 5355 1426 5395 mss.
1469 5336 1644 5408 Regii.

500 5407 617 5478 (97),
644 5406 986 5478 Στρατηγὸνξ
1018 5407 1256 5478 ἕτερον.
1287 5407 1376 5463 Sic
1399 5406 1744 5478 reposuimus
1760 5427 1827 5465 ex
1861 5415 2001 5469 duo-

424 5480 532 5533 bus
559 5477 740 5547 Regiis
771 5491 903 5547 mss.
938 5477 1030 5530 ubi
1057 5477 1305 5541 Wolﬁus,
1343 5477 1482 5534 alter
1513 5479 1642 5547 Reg.
1677 5491 1734 5535 et
1754 5482 2000 5540 Colbert.

426 5549 488 5600 τὸ
517 5546 700 5616 τρίτον
719 5548 808 5600 τὸν
844 5546 1046 5599 Μάλιον
1077 5547 1270 5600 εἵλετο.
1339 5549 1441 5605 Ubi
1477 5546 1661 5604 obiter
1700 5553 2004 5610 observan-

428 5618 560 5670 dum
592 5617 733 5696 apud
766 5617 1060 5696 Zonaram,
1101 5633 1226 5671 cum
1260 5619 1329 5674 de
1381 5620 1548 5696 rebus
1580 5621 1844 5696 Romanis
1867 5626 1998 5696 agit,

430 5686 707 5761 consules:
747 5697 806 5740 ut
860 5688 962 5740 hoc
1016 5687 1168 5761 loco,
1197 5694 1542 5756 στρατηγοὺς
1610 5686 2004 5761 appellari,vet

434 5757 820 5831 στρατηγῆσαι
850 5773 950 5831 pro
986 5757 1320 5831 consulatum
1353 5763 1507 5823 inire,
1545 5757 1821 5830 usurpari.
1844 5765 2001 5831 Quod

433 5841 501 5879 ex
527 5825 677 5881 hisce
709 5825 893 5883 verbis
925 5827 980 5883 in
1014 5829 1115 5883 hac
1149 5831 1392 5890 sectione
1421 5825 1714 5904 descriptis
1761 5825 2003 5894 vcl'col-

2105 5278 2294 5348 ligitur
2325 5295 2340 5333 :
2380 5280 2584 5350 Ἀμφω
2614 5280 2740 5341 τοὺς
2776 5278 3044 5342 ὑπάτους,
3071 5279 3104 5349 ἢ
3159 5277 3521 5349 στρατηγούς.
3545 5279 3693 5335 Con-

2108 5353 2261 5404 sules
2286 5351 2432 5404 enim
2468 5350 2813 5418 postmodum
2840 5350 2946 5403 dici
2980 5365 3219 5419 erepere,
3247 5351 3338 5417 qui
3369 5361 3528 5404 antea
3555 5367 3692 5419 prae-

2111 5427 2260 5473 tores
2293 5422 2656 5484 vocabantur,
2697 5431 2758 5473 ut
2793 5436 2862 5475 ex
2917 5421 3113 5483 Dione,
3145 5436 3201 5473 n.
3248 5420 3334 5479 19,
3363 5420 3556 5476 scribit
3584 5421 3692 5474 Zo-

2111 5505 2274 5545 naras
2303 5508 2316 5542 :
2347 5489 2481 5543 Τότε
2518 5491 2627 5559 γὰρ
2659 5491 2881 5557 λέγεται
2935 5491 3154 5557 πρῶτον
3208 5490 3454 5552 ὑπάτους
3491 5491 3693 5554 αὐτοὺς

2112 5562 2653 5628 προσαγορευθῆναι,
2692 5560 3036 5629 στρατηγοὺς
3067 5560 3447 5627 καλουμένους
3491 5561 3692 5630 πρότε-

2117 5646 2229 5696 ρον.
2261 5632 2443 5698 Atque
2477 5632 2548 5685 ita
2582 5631 2752 5684 variis
2788 5632 2843 5684 in
2879 5631 3036 5684 istius
3063 5630 3189 5684 libri
3240 5630 3397 5692 locis,
3427 5629 3690 5695 consules,

2112 5701 2482 5769 reposuimus,
2545 5699 2641 5756 ubi
2671 5701 2905 5758 Wolﬁus
2935 5700 3113 5770 duces,
3165 5698 3252 5758 vel
3284 5710 3561 5774 prcrtores,
3596 5716 3694 5772 po-

2109 5781 2318 5828 sucrat.
