4060 6406
400 373 503 437 597
1325 368 1343 409 ’
1645 379 2054 452 ANNALIUM
2087 393 2234 451 LIB;
2275 393 2409 454 v11.
3560 404 3664 466 ωε

403 483 595 539 ὑλώδει
618 487 803 559 χωρίῳ
830 489 1119 562 ἐλόχησαν,
1147 492 1245 546 καὶ
1270 493 1623 563 ἀφυλάκτους
1653 498 1985 563 ἐπελθόντας

2086 499 2392 570 Tyrrhenis
2413 500 2654 571 graviter
2682 502 2882 569 vexati,
2912 519 3046 575 pace
3072 520 3198 562 cum
3223 508 3660 580 bostibus‘facta,

402 579 586 641 αὐτοῖς
613 581 740 643 τοὺς
762 581 998 646 Φαϐίους
1020 584 1127 637 ὑπὸ
1149 585 1245 639 τοῦ
1271 587 1452 642 πάντα
1478 590 1657 659 νικᾷν,
1677 592 1983 661 περιεποί-

2090 592 2143 645 ἱη
2174 593 2500 663 semetipsos
2529 596 2804 661 conversi,
2844 598 3051 654 mutuis
3078 614 3136 655 se
3170 602 3662 662 cladibuszaflece-

401 686 585 740 χισαν,
604 670 700 723 καὶ
726 671 935 735 πάντας
959 673 1261 742 ἐφόνευσαν
1282 691 1297 707 ⁸
1324 677 1420 730 καὶ
1446 679 1729 745 παντελῶς
1748 681 1809 736 τὸ
1829 681 1983 747 γένος

2087 694 2216 738 runt
2252 702 2265 737 :
2304 699 2410 740 nec
2464 686 2600 757 ipsis
2656 689 2980 747 consulibus
3025 693 3322 751 multitudo
3369 697 3661 756 abstinuit.

403 760 586 814 αὐτῶν
639 760 894 823 ἐξέλιπεν
927 764 1016 830 ἂν,
1066 766 1116 819 εί
1149 768 1227 848 μὴ
1256 764 1339 832 εἷς
1370 786 1454 834 τις
1479 770 1619 827 οἴκοι
1653 774 1983 847 κατελείφθη

2086 776 2219 831 Nam
2273 785 2330 832 et
2378 779 2662 837 ministros
2709 796 2904 837 eorum
2952 784 3334 852 verberarunt,
3385 797 3441 843 et
3491 789 3664 846 fasces

398 852 492 906 διὰ
526 855 780 924 νεότητα,
838 856 934 925 ἀφ’
979 852 1155 931 οὗπερ
1188 856 1348 926 αὖθις
1399 863 1686 919 είσέπειτα
1718 867 1983 938 ἤνθησαν.

2087 867 2501 938 confregerunt,
2531 880 2587 925 et
2617 870 2765 941 ipsos
2802 873 3060 929 consules
3098 891 3197 945 per
3242 880 3496 947 quamvis
3529 896 3663 935 cau-

404 944 528 998 τῶν
552 944 609 997 δὲ
628 946 842 1000 Φαϐίων
865 948 1009 1003 οὕτω
1057 951 1400 1023 φθαρέντων,
1454 956 1505 1008 oi
1550 955 1812 1027 Ῥωμαῖοι
1840 960 1987 1029 μάλα

2088 969 2228 1021 sam,
2259 957 2377 1011 sive
2426 971 2622 1029 magna
2666 974 2754 1025 ea,
2798 960 2915 1015 sive
2949 944 3118 1032 parva
3161 944 3328 1031 esset,
3361 982 3483 1022 reos
3522 967 3668 1023 fece-

404 1036 557 1106 παρὰ
587 1038 697 1091 τῶν
740 1039 1055 1110 Τυρσηνῶνθ
1089 1045 1480 1117 ἐκακώθησαν.
1534 1044 1668 1103 Εἶτα
1720 1052 1859 1122 πρὸς
1883 1054 1985 1124 μὲν

2089 1056 2239 1102 runt.
2272 1048 2509 1119 Appium
2546 1052 2837 1107 Claudium
2888 1054 2941 1108 in
2984 1054 3104 1124 ipso
3135 1056 3301 1111 etiam
3346 1059 3664 1128 magistratu

402 1127 531 1191 τοὺς
553 1128 847 1199 πολεμίους
872 1133 1111 1199 σπονδὰς
1144 1138 1502 1209 ἐποιήσαντο.
1560 1142 1913 1216 Τραπόμενοι
1942 1146 1986 1198 δ’

2088 1139 2145 1193 in
2172 1156 2452 1197 carcerem
2484 1142 2689 1200 ducere
2727 1145 3025 1200 voluerunt
3057 1161 3071 1198 :
3104 1146 3250 1217 quod
3296 1147 3342 1203 is
3387 1150 3574 1220 pepuli
3612 1151 3667 1205 in

396 1211 496 1273 ’ἐπ’
551 1221 820 1293 ἀλλήλους
868 1224 1120 1297 ἔπραξαν
1154 1229 1326 1285 πολλά
1374 1232 1550 1302 δεινὰ,
1582 1211 1659 1301 ῶς
1713 1211 1848 1308 μηδέ
1877 1239 1987 1293 τῶν

2089 1232 2350 1287 omnibus
2377 1232 2720 1299 adversator,
2747 1236 2993 1304 legiones
3014 1252 3143 1292 suas
3170 1237 3493 1304 decimarat,
3521 1241 3668 1310 quod

404 1316 732 1385 στρατηγῶν
785 1319 1131 1389 ἀποσχέσθαι
1177 1322 1238 1376 τὸ
1287 1324 1515 1396 πλῆθος.
1576 1328 1718 1393 Τούς
1761 1347 1823 1384 τε
1877 1332 1987 1403 γὰρ

2088 1322 2302 1378 Volscis
2333 1323 2391 1380 in
2421 1324 2612 1394 praelio
2641 1326 2955 1382 cessissent.
2990 1328 3293 1384 Decimatio
3320 1344 3452 1385 vero
3481 1331 3671 1403 hujus—

405 1404 691 1475 ὑπηρέτας
713 1409 895 1462 αὐτῶν
927 1410 1034 1464 ἐπα
1045 1428 1144 1480 ιον,
1169 1414 1262 1467 καὶ
1283 1414 1386 1480 τὰς
1419 1416 1648 1487 ῥάϐδους
1679 1421 1982 1490 κατέκλων,

2090 1415 2239 1469 modi
2266 1415 2393 1470 fuit.
2428 1415 2563 1472 Cum
2597 1417 2802 1474 milites
2834 1419 3074 1489 graviter
3099 1421 3468 1491 deliquerant,
3498 1423 3668 1494 impe-

404 1495 601 1561 αὖτούς
654 1517 715 1553 τε
758 1503 888 1566 τοὺς
938 1506 1287 1576 στρατηγοὺς
1342 1508 1436 1561 ὑπ’
1462 1510 1699 1569 εὐθύνην
1725 1508 1862 1583 ἦγον
1895 1516 1987 1569 ἐπὶ

2090 1514 2240 1573 rator
2268 1508 2539 1565 omnibus
2580 1509 2635 1563 in
2688 1510 2945 1566 decurias
2999 1511 3359 1582 distributis,
3392 1515 3668 1573 decimum

405 1590 565 1660 πάσῃ
591 1593 867 1662 προφάσει
922 1598 1018 1649 καὶ
1064 1596 1272 1666 μείζονι
1321 1602 1415 1653 καὶ
1449 1601 1716 1662 ἐλάττονι.
1749 1607 1988 1661 ’Ἄππιον

2088 1614 2365 1671 quemque
2386 1602 2476 1656 cui
2504 1604 2970 1671 sorsobvenerat,
3002 1607 3307 1664 accidebat.
3343 1608 3542 1679 Appio,
3571 1610 3672 1666 de;

401 1677 499 1735 οὖν
527 1682 797 1738 Κλαύδιον
838 1687 935 1739 καὶ
967 1689 1100 1756 παρ’
1151 1691 1323 1761 αὐτὴν
1356 1692 1457 1763 τὴν
1488 1695 1663 1767 ἀρχὴν
1693 1698 1772 1760 είς
1812 1698 1872 1751 τὸ
1901 1699 1987 1752 δε-

2089 1691 2270 1760 posito
2319 1693 2667 1763 magistratu,
2713 1697 2913 1766 plebeii
2958 1698 3140 1753 statim
3192 1699 3339 1753 diem
3388 1677 3668 1763 dixerunt.

411 1775 731 1842 αμωτήριον
772 1774 1033 1846 ἐμϐαλεῖν
1088 1778 1502 1850 ἐδουλεύσαντο,
1558 1787 1641 1838 ὅτι
1674 1804 1733 1841 τε
1784 1788 1968 1853 αὐτοῖς

2090 1797 2194 1838 nec
2228 1784 2563 1842 damnarunt
2597 1797 2778 1844 tamen
2816 1806 2829 1844 :
2870 1790 2967 1845 sed
3010 1790 3101 1845 die
3135 1792 3422 1860 producta.
3458 1792 3512 1848 in
3547 1809 3669 1849 eam

406 1866 735 1922 ἐναντιοῦτο.
772 1872 851 1934 είς
880 1869 1124 1939 ἅπαντα,
1163 1874 1259 1929 καὶ
1287 1877 1371 1929 ὅτι
1420 1880 1548 1941 τοὺς
1578 1895 1987 1950 συστρατευσα-

2089 1876 2477 1932 necessitatem
2501 1877 2824 1950 adegerunt,
2849 1890 2909 1935 ut
2931 1880 3047 1951 ipse
3070 1881 3175 1937 sibi
3204 1898 3400 1937 manus
3423 1884 3666 1940 afferret.

404 1958 607 2028 μένους
633 1960 780 2032 αὐτῷ
811 1964 1194 2032 ἐδεκάτευσεν,
1222 1968 1412 2040 ἐπειδὴ
1461 1972 1574 2034 τοῖς
1624 1973 1986 2038 οὐολούσκοις

2090 1967 2172 2023 Ad
2213 1968 2330 2025 base
2377 1970 2600 2040 quidam
2651 1972 2860 2027 tribuni
2916 1974 3094 2043 plebis
3140 1990 3266 2031 cum
3321 1977 3426 2030 alia
3477 1986 3670 2031 contra

405 2051 466 2103 ἐν
498 2052 647 2124 μάχῃ
682 2055 955 2113 ἐνέδοσαν.
1005 2059 1070 2111 Ἦ
1111 2059 1435 2126 δεκάτευσις
1479 2062 1535 2116 δὲ
1568 2065 1772 2118 τοιόνδε
1811 2084 1862 2121 τι
1892 2063 1982 2139 ἦν.

2090 2070 2275 2130 patres
2323 2065 2689 2134 scripserunt,
2736 2074 2848 2120 tum
2899 2065 3057 2132 illud,
3107 2076 3168 2121 ut
3213 2069 3417 2138 populo
3472 2085 3570 2138 per
3612 2084 3671 2124 se

406 2143 542 2199 Ὅτε
566 2164 620 2200 τι
645 2148 694 2200 οἱ
725 2151 1059 2218 στρατιῶται
1087 2154 1231 2222 μέγα
1256 2155 1606 2226 ήμάρτοσαν,
1630 2160 1658 2212 ὁ
1680 2161 1988 2231 στρατηγὸς

2092 2152 2234 2207 inire
2263 2156 2589 2223 concilium,
2623 2166 2681 2213 et
2723 2157 2930 2229 absque
2960 2158 3071 2214 illis
3114 2158 3425 2215 deliberare
3459 2160 3668 2215 liceret.

404 2237 487 2300 είς
510 2237 747 2302 δεκάδας
776 2242 978 2308 αὐτοὺς
1013 2245 1292 2316 ἀριθμῶν,
1329 2246 1426 2301 ἕνα
1449 2249 1634 2304 λαϐὼν
1659 2251 1719 2317 ἐξ
1748 2253 1988 2325 ἑκάστης

2090 2252 2147 2298 et
2171 2259 2272 2300 suo
2300 2247 2573 2303 arbitratu
2604 2247 2907 2306 decernere
2940 2251 3147 2307 omnia.
3188 2251 3346 2319 Quod
3375 2253 3420 2307 si
3448 2253 3575 2323 quis
3601 2255 3672 2308 ob

402 2328 629 2393 δεκάδος
666 2330 760 2384 τὸν
816 2333 1009 2404 κλήρῳ
1068 2335 1330 2406 λαχόντα,
1405 2338 1625 2409 θανάτῳ
1708 2344 1983 2409 ἐκόλαζεν.

2090 2336 2299 2391 crimen
2338 2339 2559 2409 aliquod
2611 2356 2642 2396 a
2697 2343 3021 2399 consulibus
3063 2343 3349 2409 multetur,
3384 2344 3436 2399 ci
3471 2360 3671 2415 provm

418 2420 748 2477 Ἀπελθόντα
782 2422 827 2476 δ’
851 2427 917 2478 ἐκ
950 2427 1052 2496 τῆς
1076 2428 1251 2499 ἀρχῆς
1304 2430 1396 2485 τὸν
1431 2432 1719 2497 Κλαύδιον,
1749 2435 1911 2501 εὐθὺς
1938 2440 1989 2492 οἱ

2092 2427 2367 2485 cationem
2401 2447 2522 2488 esse
2564 2432 2631 2487 ad
2662 2436 2948 2504 populum.
2990 2435 3365 2506 IEdiliumque
3394 2448 3451 2494 et
3493 2438 3673 2494 tribu-

405 2512 500 2565 τοῦ
529 2513 770 2584 πλήθους
797 2518 880 2580 είς
915 2518 1105 2587 ἀγῶνα
1127 2522 1502 2591 κατέστησαν,
1539 2524 1637 2577 καὶ
1661 2526 1723 2578 ού
1751 2526 1991 2597 κατεψη-

2092 2537 2289 2577 norum
2339 2534 2670 2592 potestatem
2727 2529 3082 2598 ampliarunt,
3132 2538 3194 2585 ut
3236 2532 3675 2601 quamplurimus

409 2604 636 2673 φίσαντο
687 2609 787 2677 μὲν
807 2648 823 2673 ,
853 2610 956 2681 τὴν
985 2611 1169 2680 ψῆφον
1211 2612 1270 2664 δὲ
1306 2613 1701 2685 ὑπερθέμενοι,
1737 2618 1795 2678 ἐς
1825 2618 1990 2685 ἀνάγ-

2092 2624 2359 2683 patronos
2406 2617 2693 2673 haberent.
2734 2619 2866 2685 Quae
2911 2634 3037 2676 cum
3086 2634 3401 2692 agerentur,
3453 2623 3673 2692 patricii

409 2711 515 2765 κην
533 2695 701 2751 αὑτὸν
720 2699 1068 2771 αὐτοχειρίας
1100 2703 1470 2774 κατέστησαν.
1495 2705 1603 2758 Καί
1627 2723 1770 2770 τινες
1801 2706 1859 2760 δὲ
1881 2707 1990 2760 τῶν

2092 2716 2284 2775 aperte
2308 2722 2417 2762 non
2450 2708 2554 2763 nisi
2586 2709 2639 2763 in
2668 2712 2860 2780 paucis
2882 2712 3341 2777 adversabantur,
3367 2714 3519 2769 clam
3541 2730 3674 2770 vero

405 2786 705 2859 δημάρχων
751 2790 887 2844 ἄλλα
930 2810 993 2845 τε
1022 2794 1166 2847 κατά
1215 2794 1324 2848 τῶν
1357 2795 1701 2866 εὐπατριδῶν
1728 2799 1994 2870 συνέγρα-

2096 2794 2299 2850 multos
2329 2810 2397 2851 ex
2424 2797 2808 2853 audacissimis
2838 2800 3120 2855 tollebant.
3161 2800 3267 2856 Sed
3296 2818 3397 2857 nec
3425 2803 3479 2856 id
3507 2813 3671 2885 cauc-

403 2877 538 2947 ψαν,
574 2880 670 2933 καὶ
698 2881 761 2935 τὺ
785 2881 991 2947 ἐξεῖναι
1015 2885 1095 2955 τῷ
1123 2885 1343 2956 πλήθει,
1377 2889 1473 2942 καὶ
1502 2890 1629 2943 καθ’
1666 2891 1830 2943 ἑαυτὸ
1868 2909 1991 2944 συν-

2094 2885 2514 2941 ros‘cocrcebat
2557 2906 2571 2942 :
2620 2903 2725 2943 nec
2761 2889 2920 2955 illud,
2954 2891 3101 2960 quod
3142 2892 3317 2946 semel
3345 2880 3674 2947 uovemtri-

409 2971 569 3038 ιέναι,
601 2979 695 3028 καὶ
714 2977 846 3031 ἄνευ
900 2979 1129 3033 ἐκείνων
1161 2980 1540 3051 βουλεύεσθαι,
1583 2985 1676 3036 καὶ
1716 2987 1992 3056 χρηματί-

2098 2976 2231 3031 buni
2270 2994 2300 3033 a
2328 2979 2489 3048 plebe
2524 2982 2752 3037 cremati
2781 2991 2928 3038 sunt.
2960 2983 3205 3050 Quorum
3240 2986 3493 3055 exemplo
3530 2985 3676 3040 inse-

409 3064 526 3127 ζειν
548 3065 707 3119 πάνθ’
732 3068 834 3121 ὅσα
877 3068 944 3122 ἂν
989 3071 1258 3144 ἐθελήσῃ.
1292 3074 1413 3128 Κᾶν
1460 3093 1546 3139 τις
1583 3076 1669 3144 ἐφ’
1704 3078 1854 3149 αἰτίᾳ
1885 3081 1994 3135 τινὶ

2072 3069 2209 3123 .cuti
2245 3071 2476 3140 tribuni,
2508 3074 2648 3129 adeo
2673 3091 2781 3130 non
2823 3075 2949 3132 facti
2992 3085 3124 3131 sunt
3162 3076 3580 3138 moderatiores,
3617 3087 3675 3131 ut

408 3159 562 3226 παρά
601 3158 710 3212 τῶν
768 3161 1091 3231 στρατηγῶν
1127 3165 1514 3238 προστιμωθῇ,
1578 3167 1846 3239 ἔκκλητον
1896 3172 1991 3224 ἐπὶ

2100 3164 2273 3235 magis
2307 3166 2473 3221 etiam
2517 3167 2814 3223 saavierint.
2852 3169 2931 3223 Eo
2963 3170 3200 3239 populus
3227 3185 3258 3224 a
3307 3170 3557 3241 patribus
3589 3180 3675 3225 est

407 3248 624 3313 τούτοις
648 3251 739 3303 τδν
764 3250 938 3320 δῆμον
965 3251 1209 3318 δικάζειν
1238 3255 1457 3320 ἔταξαν.
1496 3258 1606 3310 Καὶ
1634 3260 1760 3322 τοὺς
1786 3262 1992 3332 ἀγορα-

2097 3257 2375 3313 redactus.
2418 3259 2553 3314 Nam
2601 3259 2764 3317 bellis
2809 3262 3020 3316 exortis
3069 3263 3305 3317 militare
3354 3264 3673 3326 noluerunt,

409 3344 609 3413 νόμους
634 3344 690 3397 δὲ
719 3343 814 3398 καὶ
845 3346 972 3408 τοὺς
1000 3345 1323 3418 δημάρχους
1344 3349 1690 3420 ἐπηύξησαν,
1715 3351 1801 3404 ἵνα
1834 3353 1991 3406 πλεί-

2096 3349 2201 3405 nisi
2235 3350 2442 3420 optatis
2469 3365 2663 3407 eorum
2709 3352 3005 3407 satisfieret
3035 3372 3046 3408 :
3077 3362 3173 3407 aut
3217 3356 3419 3424 egressi
3468 3371 3676 3425 pugna-

412 3455 573 3499 czou;
606 3438 731 3500 τοὺς
762 3436 943 3492 αὐτῶν
966 3439 1410 3510 προϊσταμένους
1439 3440 1626 3512 ἔχωσι.
1670 3444 1989 3515 Πραττομέ-

2095 3452 2228 3498 runt
2257 3444 2521 3515 segniter,
2568 3445 2678 3501 nisi
2731 3461 2854 3515 quas
2903 3446 3230 3511 voluissent,
3272 3449 3455 3502 omnia
3500 3448 3677 3517 impe.

412 3547 519 3583 νων
539 3529 597 3583 δὲ
618 3529 824 3583 τούτων
848 3530 899 3582 oi
951 3530 1287 3602 εὐπατρίδαι
1332 3533 1589 3604 φανερῶς
1638 3535 1737 3606 μὲν
1757 3538 1818 3590 ού
1847 3540 1990 3594 πάνυ

2097 3544 2357 3590 trassent.
2398 3535 2556 3592 Unde
2607 3537 2769 3591 multi
2814 3553 2881 3592 ex
2931 3536 3200 3602 finitimis,
3250 3555 3358 3593 non
3408 3548 3516 3593 tam
3560 3541 3676 3600 suis

412 3621 805 3691 ἀντέπραττον,
841 3621 984 3693 πλὴν
1015 3622 1290 3693 βραχέων,
1322 3624 1500 3697 λάθρα
1536 3627 1595 3681 δὲ
1627 3631 1857 3699 συχνοὺς
1885 3633 1993 3685 τῶν

2095 3625 2225 3681 freti
2265 3627 2502 3695 viribus,
2543 3644 2710 3699 quam
2756 3629 2978 3684 illorum
3028 3629 3487 3693 dissensionibus,
3535 3630 3674 3685 bella

411 3714 772 3784 θρασυτάτων
813 3715 1091 3781 ἐφόνευον.
1124 3715 1264 3770 Ἀλλ’
1285 3715 1411 3772 οὔτε
1437 3718 1598 3773 τοῦτο
1625 3719 1751 3785 τοὺς
1772 3720 1993 3788 λοιποὺς

2098 3727 2410 3774 moverunt.
2423 3717 2668 3787 Quorum
2685 3734 2716 3775 e
2736 3734 2967 3776 numero
2982 3719 3169 3790 quui,
3187 3720 3258 3774 Μ.
3276 3720 3679 3792 Μίηιιιὶο34⁶

413 3808 667 3880 ἐπέσχεν,
694 3805 811 3862 οὗθ’
838 3808 923 3862 ὅτι
943 3808 1074 3862 ποτὲ
1103 3808 1264 3865 ἐννέα
1293 3809 1567 3883 δήμαρχοι
1599 3812 1734 3884 πυρὶ
1767 3812 1872 3866 ὑπὸ
1898 3815 1992 3869 τοῦ

2098 3809 2327 3864 consule
2361 3809 2530 3875 victo,
2571 3809 2787 3865 animos
2835 3810 3198 3865 sustulerunt.
3238 3809 3355 3876 Qua
3397 3810 3550 3865 clade
3582 3826 3677 3867 co-

412 3903 589 3972 δήμου
641 3906 1046 3979 παρεδόθησαν.
1087 3909 1163 3964 Ού
1199 3909 1362 3980 μόνον
1404 3910 1516 3981 γὰρ
1555 3912 1605 3965 οἱ
1644 3910 1784 3981 μετά
1820 3910 1994 3964 ταῦτα

2098 3901 2268 3969 gnita,
2299 3901 2533 3956 Romani
2570 3901 2799 3955 Lucium
2834 3900 3142 3967 Quintium,
3184 3917 3485 3971 paupercm
3525 3901 3675 3960 illum

410 3993 823 4067 δημαρχοῦντες
866 3999 969 4052 οὐκ
1013 3999 1380 4070 ἠμϐλύνοντο,
1428 3998 1567 4053 ἀλλά
1636 4000 1840 4071 μᾶλλον
1898 4004 1999 4057 καὶ

2100 3995 2347 4065 quidem,
2369 4002 2425 4048 et
2444 3993 2791 4064 agricultura:
2812 3992 3086 4058 deditum,
3114 3993 3211 4049 sed
3236 3995 3440 4048 virtute
3467 4006 3519 4049 et
3546 4006 3680 4050 tem-

412 4084 809 4156 ἐθρασύνοντο·
849 4090 931 4154 είς
962 4090 1125 4145 τοῦτο
1181 4091 1288 4144 ύπδ
1315 4092 1424 4146 τῶν
1461 4091 1807 4165 εὐπατριδῶν
1857 4112 1997 4166 προ-

2099 4087 2353 4160 perantia
2385 4095 2765 4156 praestantem,
2808 4085 3136 4141 dictatorem
3167 4085 3446 4149 dixerunt,
3484 4087 3579 4156 qui
3609 4089 3681 4143 ob

413 4177 558 4248 ήχθη
587 4181 615 4231 ὁ
636 4179 843 4249 ὅμιλος.
873 4180 1014 4235 Οῦτε
1045 4182 1154 4254 γὰρ
1216 4182 1538 4254 στρατεύειν
1569 4184 1857 4239 ἐπείθοντο
1894 4202 1996 4239 πο-

2100 4195 2313 4236 comam
2368 4178 2423 4233 in
2482 4178 2771 4233 cincinnos
2818 4177 3130 4247 implexam,
3183 4176 3546 4237 Cincinnatus
3597 4189 3682 4233 cst

412 4272 597 4343 λὲμων
622 4275 1009 4345 ἐπικειμένων,
1042 4278 1090 4330 εί
1119 4277 1194 4347 μὴ
1216 4271 1291 4331 ῶν
1321 4277 1597 4348 ὠρέγοντο
1637 4277 1831 4349 ἔτυχον
1855 4295 1871 4312 ο
1903 4281 1999 4333 καὶ

2099 4272 2431 4343 appellatus.
2461 4270 2771 4342 cuiusmodi
2803 4284 2951 4324 nunc
2983 4268 3143 4325 multi
3188 4268 3241 4323 in
3276 4269 3427 4338 regia
3457 4284 3682 4325 versan-

413 4367 470 4420 εί
494 4384 624 4421 ποτε
679 4368 725 4423 δ’
774 4369 1020 4440 ἐξῆλθον,
1073 4370 1412 4442 ἀπροθύμως
1464 4371 1759 4442 ἐμάχοντο,
1813 4374 1863 4427 εί
1921 4372 1997 4445 μὴ

2103 4375 2192 4422 tur
2222 4382 2236 4420 :
2268 4380 2446 4435 eoque
2471 4364 2615 4418 malo
2665 4363 2720 4418 in
2750 4362 3151 4431 rempublicam
3180 4361 3422 4426 invecto,
3456 4361 3680 4417 Cincin-

414 4461 575 4515 πάνθ’
604 4463 708 4516 ὅσα
739 4462 1026 4517 ἐϐούλοντο
1048 4463 1282 4536 ἤνυσαν.
1317 4464 1633 4519 Κάντεῦθεν
1669 4464 1858 4519 πολλοὶ
1885 4466 1996 4520 τῶν

2101 4472 2263 4518 natos
2284 4460 2489 4530 ubique
2521 4458 2708 4514 videre
2729 4458 2878 4513 licet.
2909 4457 2959 4514 is
2986 4456 3151 4527 igitur
3177 4454 3418 4510 dictator
3440 4464 3680 4520 creatus,

414 4554 728 4623 προσοίκων
747 4556 935 4619 αὐτοῖς
958 4559 1026 4629 τῇ
1055 4557 1281 4610 ἐκείνων
1307 4557 1657 4628 διχοστασίᾳ,
1702 4557 1736 4629 ἢ
1766 4561 1834 4629 τῇ
1869 4559 1997 4613 έαυ-

2101 4550 2295 4608 eodem
2326 4550 2417 4606 die
2454 4550 2624 4606 ducto
2665 4548 2936 4614 exercitu,
2967 4546 3252 4603 celeritate
3288 4546 3424 4601 citra
3460 4548 3683 4600 temeri-

413 4646 525 4700 τῶν
554 4647 890 4720 θαρροῦντες
943 4649 1112 4719 ίσχύῖ,
1166 4651 1552 4721 ἐνεωτέρισαν.
1583 4643 1686 4703 Ἦν
1719 4646 1862 4722 ἦσαν
1901 4653 1997 4705 καὶ

2098 4652 2264 4700 tatem
2308 4659 2464 4707 usus,
2514 4658 2620 4697 una
2671 4657 2796 4696 cum
2847 4638 3080 4695 Minutio
3123 4638 3331 4709 impetu
3369 4640 3432 4695 in
3472 4637 3682 4708 Equos

413 4742 658 4805 Αίκουοὶ,
689 4742 739 4796 οἳ
769 4741 1001 4810 Μάρκον
1057 4742 1362 4797 Μινούκιον
1407 4743 1832 4814 στρατηγοῦντα
1872 4743 1996 4798 τότε

2099 4738 2266 4799 facto,
2294 4734 2564 4806 plurimos
2588 4734 2813 4799 occidit,
2842 4741 3076 4789 caeteros
3107 4733 3265 4788 vivos
3293 4732 3464 4801 cepit,
3494 4745 3557 4785 ac
3580 4731 3682 4784 sub

416 4834 759 4904 νικήσαντες,
811 4833 1399 4904 ἐφρονηματίσθησαν.
1462 4833 1752 4898 Μαθόντες
1806 4834 2000 4910 es-sz

2095 4829 2287 4900 iugum
2320 4830 2525 4882 missos
2549 4825 2780 4883 dimisit.
2830 4824 2963 4892 Qua:
3006 4839 3096 4880 res
3147 4822 3463 4895 bujusmodi
3507 4829 3626 4877 crat
3667 4839 3680 4873 :

414 4924 713 4978 Μινούκιον
742 4925 854 4994 (98)
880 4925 1187 4996 ἡττημένον
1207 4925 1260 4978 οί
1281 4926 1339 4979 ἐν
1358 4927 1426 4996 τῇ
1463 4924 1675 4997 Ῥώμῃ,
1700 4924 2001 4996 δικτάτορα

2101 4921 2219 4975 Duo
2254 4927 2411 4974 recta.
2447 4918 2594 4989 ligna
2636 4926 2783 4974 terra
2825 4915 3223 4987 deﬁgebantur.
3264 4913 3683 5017 quibusunum

416 5013 649 5070 Λούκιον
682 5017 936 5071 Κῦίντιον
989 5017 1219 5083 εἵλοντο,
1242 5016 1489 5088 σπένητα
1540 5016 1643 5087 μὲν
1680 5016 1869 5088 ἄνδρα,
1905 5021 1999 5071 καὶ

2102 5013 2390 5083 obliquum
2440 5026 2679 5082 superne
2723 5009 3131 5080 imponebatur,
3184 5022 3285 5077 per
3336 5006 3454 5060 lure
3507 5004 3684 5058 media

326 5100 339 5115 ⁸
416 5109 664 5180 γεωργίᾳ
694 5108 1055 5179 συνεξηκότα,
1086 5109 1144 5173 ἐς
1175 5108 1379 5180 ἀρετὴν
1416 5108 1475 5162 δὲ
1511 5109 1607 5161 καὶ
1635 5109 1926 5179 σωφροσύν

2102 5105 2306 5175 captivi
2337 5104 2471 5160 nudi
2518 5103 2957 5159 traducebantur
2988 5117 3002 5154 :
3040 5099 3186 5171 quod
3223 5096 3686 5199 victoribus-rna-

414 5202 717 5273 διαπρεπῆ,
741 5202 920 5257 καίτοι
953 5203 1063 5267 τὰς,
1104 5202 1287 5273 κόμας·
1305 5204 1362 5269 ἐς
1393 5202 1711 5290 πλοκάμους
1749 5205 1995 5268 ἀνιέντα,

2102 5214 2223 5269 giras
2250 5198 2460 5270 gloriae.
2497 5198 2658 5254 victis
2698 5207 2850 5253 tanto
2884 5193 3143 5251 dedecori
3186 5203 3330 5254 erat,
3369 5198 3431 5290 ut
3460 5187 3683 5290 quidam

418 5293 542 5347 ὃθεν
576 5296 666 5346 καὶ
714 5294 1008 5358 Κικινάτος
1043 5293 1355 5363 ὡνόμαστο,
1385 5289 1491 5348 οἷοι
1522 5292 1625 5347 νῦν
1654 5293 1843 5347 πολλοὶ
1868 5294 1999 5364 περὶ

2102 5289 2153 5342 ei
2199 5286 2516 5359 ignominiae
2561 5296 2797 5343 mortem
2848 5284 3212 5342 anteferrent.
3264 5278 3504 5335 Corvino
3550 5277 3705 5331 urbo-

418 5385 488 5439 τὰ
514 5384 761 5457 βασίλεια
788 5386 922 5458 (99).
967 5385 1211 5440 Ἐκεῖθεν
1244 5386 1299 5441 δέ
1331 5385 1424 5440 τοῦ
1451 5385 1627 5440 κακοῦ
1652 5383 1999 5456 παρεισφθα-

2102 5388 2283 5450 Capta,
2318 5389 2376 5437 et
2413 5379 2642 5435 Minutio
2688 5379 2760 5434 ob
2800 5378 3013 5433 cladem
3055 5372 3343 5431 consulatu
3398 5369 3686 5440 abrogato,

1578 5527 1776 5600 Varia:
1802 5538 2116 5601 !cctiones
2162 5543 2220 5598 et
2259 5543 2446 5598 notae.
2828 5555 2867 5591 ε

497 5691 606 5766 (98)
632 5690 937 5766 μιαρόν-τες
962 5688 1166 5766 agger
1194 5686 1542 5744 Μινούκιον.
1581 5684 1769 5740 Dionis
1796 5694 2002 5741 'excer-

2111 5684 2243 5737 lium
2274 5678 2441 5759 Palati
2452 5693 2645 5766 noru'lln
2676 5691 2804 5766 suae.
3014 5690 3212 5766 nio-res:
3571 5670 3686 5766 Eoi-2

427 5743 515 5829 pta
553 5743 855 5819 valesiana,
892 5743 944 5825 p'.
971 5760 1093 5812 578.
1233 5743 1240 5744 ί
1925 5824 1935 5829 _
1966 5825 1973 5829 _
2114 5767 2293 5829 na_ra_s,
2325 5752 2418 5817 qui
2452 5748 2686 5829 capillus.
2711 5745 3055 5829 nutriebant,
3082 5754 3137 5798 ct
3168 5744 3466 5829 cincinnati
3498 5743 3703 5829 haberi.

501 5829 611 5900 (99)
648 5825 786 5881 οἷον
819 5813 1175 5884 1':l:"1r‘30.f.101
1221 5830 1352 5897 περὶ
1384 5826 1451 5881 τὰ
1470 5827 1781 5893 βασίλεια.
1836 5824 2004 5880 Nobi-

2115 5813 2395 5886 volebau‘t,
2429 5813 2553 5873 cum
2594 5816 2778 5871 caeteri
2809 5832 2837 5871 c
2872 5814 3073 5869 (ira-cis
3101 5813 3327 5881 capillos
3372 5813 3648 5869 radcrcnt.
