  <div class='ocr_page' id='page_1' title='image "/cluster/home/n/w/nwhite01/storage/ocr_20150623/134:no.1/coo.31924054870393/307.png"; bbox 0 0 4060 6402; ppageno 0'>
   <div class='ocr_carea' id='block_1_1' title="bbox 442 358 3712 428">
    <p class='ocr_par' dir='ltr' id='par_1_1' title="bbox 442 358 3712 428">
     <span class='ocr_line' id='line_1_1' title="bbox 442 358 3712 428; baseline -0.001 -3"><span class='ocrx_word' id='word_1_1' title='bbox 442 361 555 425; x_wconf 74' lang='lat'>599</span> <span class='ocrx_word' id='word_1_2' title='bbox 1759 365 2086 428; x_wconf 82' lang='lat' dir='ltr'>JOANNIS</span> <span class='ocrx_word' id='word_1_3' title='bbox 2115 365 2438 427; x_wconf 68' lang='lat' dir='ltr'>ZONARE</span> <span class='ocrx_word' id='word_1_4' title='bbox 3604 358 3712 422; x_wconf 72' lang='grc' dir='ltr'>δυο</span> 
     </span>
    </p>
   </div>
   <div class='ocr_carea' id='block_1_2' title="bbox 434 474 2001 554">
    <p class='ocr_par' dir='ltr' id='par_1_2' title="bbox 434 479 2001 554">
     <span class='ocr_line' id='line_1_2' title="bbox 434 479 2001 554; baseline 0.003 -21"><span class='ocrx_word' id='word_1_5' title='bbox 434 479 662 536; x_wconf 84' lang='lat' dir='ltr'><strong>domum</strong></span> <span class='ocrx_word' id='word_1_6' title='bbox 724 479 910 545; x_wconf 92' lang='lat' dir='ltr'><strong>rediit,</strong></span> <span class='ocrx_word' id='word_1_7' title='bbox 967 486 1136 550; x_wconf 91' lang='lat' dir='ltr'><strong>atque</strong></span> <span class='ocrx_word' id='word_1_8' title='bbox 1197 479 1318 551; x_wconf 78' lang='lat' dir='ltr'><strong>ipse</strong></span> <span class='ocrx_word' id='word_1_9' title='bbox 1364 479 1530 536; x_wconf 85' lang='lat' dir='ltr'><strong>etiam</strong></span> <span class='ocrx_word' id='word_1_10' title='bbox 1589 497 1650 538; x_wconf 86' lang='lat' dir='ltr'>se</span> <span class='ocrx_word' id='word_1_11' title='bbox 1701 483 2001 554; x_wconf 75' lang='lat' dir='ltr'><strong>magistratu</strong></span> 
     </span>
    </p>
   </div>
   <div class='ocr_carea' id='block_1_3' title="bbox 2104 474 3712 554">
    <p class='ocr_par' dir='ltr' id='par_1_3' title="bbox 2135 474 3712 552">
     <span class='ocr_line' id='line_1_3' title="bbox 2135 474 3712 552; baseline -0.004 -17"><span class='ocrx_word' id='word_1_12' title='bbox 2135 481 2323 552; x_wconf 88' lang='grc' dir='ltr'>ρέντος</span> <span class='ocrx_word' id='word_1_13' title='bbox 2358 482 2442 543; x_wconf 86' lang='grc' dir='ltr'>είς</span> <span class='ocrx_word' id='word_1_14' title='bbox 2471 479 2532 533; x_wconf 76' lang='grc' dir='ltr'>τὸ</span> <span class='ocrx_word' id='word_1_15' title='bbox 2567 479 2894 549; x_wconf 82' lang='grc' dir='ltr'>πολίτευμα,</span> <span class='ocrx_word' id='word_1_16' title='bbox 2930 477 3026 532; x_wconf 72' lang='grc' dir='ltr'>καὶ</span> <span class='ocrx_word' id='word_1_17' title='bbox 3051 474 3372 546; x_wconf 88' lang='grc' dir='ltr'>ἀπανταχοῦ</span> <span class='ocrx_word' id='word_1_18' title='bbox 3394 474 3712 536; x_wconf 76' lang='grc' dir='ltr'>κικινάτους</span> 
     </span>
    </p>
   </div>
   <div class='ocr_carea' id='block_1_4' title="bbox 433 567 3712 644">
    <p class='ocr_par' dir='ltr' id='par_1_4' title="bbox 433 567 3712 644">
     <span class='ocr_line' id='line_1_4' title="bbox 433 567 3712 644; baseline -0.002 -20"><span class='ocrx_word' id='word_1_19' title='bbox 433 570 738 626; x_wconf 78' lang='lat' dir='ltr'>abdicavit.</span> <span class='ocrx_word' id='word_1_20' title='bbox 2135 573 2287 627; x_wconf 81' lang='grc' dir='ltr'>ἐστιν</span> <span class='ocrx_word' id='word_1_21' title='bbox 2316 574 2472 644; x_wconf 73' lang='grc' dir='ltr'>όρᾷν.</span> <span class='ocrx_word' id='word_1_22' title='bbox 2506 567 2675 635; x_wconf 77' lang='grc' dir='ltr'>Οὗτος</span> <span class='ocrx_word' id='word_1_23' title='bbox 2709 567 2802 626; x_wconf 77' lang='grc' dir='ltr'>οὖν</span> <span class='ocrx_word' id='word_1_24' title='bbox 2833 570 3112 640; x_wconf 80' lang='grc' dir='ltr'>δικτάτωρ</span> <span class='ocrx_word' id='word_1_25' title='bbox 3145 567 3580 640; x_wconf 71' lang='grc' dir='ltr'>προχειρισθεὶς,</span> <span class='ocrx_word' id='word_1_26' title='bbox 3616 569 3712 619; x_wconf 73' lang='grc' dir='ltr'>καὶ</span> 
     </span>
    </p>
   </div>
   <div class='ocr_carea' id='block_1_5' title="bbox 431 659 3708 736">
    <p class='ocr_par' dir='ltr' id='par_1_5' title="bbox 431 659 3708 736">
     <span class='ocr_line' id='line_1_5' title="bbox 431 659 3708 736; baseline -0.001 -22"><span class='ocrx_word' id='word_1_27' title='bbox 431 661 752 732; x_wconf 82' lang='grc' dir='ltr'>αὐθημερὸν</span> <span class='ocrx_word' id='word_1_28' title='bbox 808 661 1244 733; x_wconf 80' lang='grc' dir='ltr'>ἐκστρατεύσας,</span> <span class='ocrx_word' id='word_1_29' title='bbox 1293 662 1391 716; x_wconf 73' lang='grc' dir='ltr'>καὶ</span> <span class='ocrx_word' id='word_1_30' title='bbox 1436 663 1594 734; x_wconf 84' lang='grc' dir='ltr'>τάχει</span> <span class='ocrx_word' id='word_1_31' title='bbox 1621 664 1724 718; x_wconf 86' lang='grc' dir='ltr'>σύν</span> <span class='ocrx_word' id='word_1_32' title='bbox 1778 664 2057 736; x_wconf 77' lang='grc' dir='ltr'>ἀσφαλείᾳ</span> <span class='ocrx_word' id='word_1_33' title='bbox 2089 663 2462 736; x_wconf 88' lang='grc' dir='ltr'>χρησάμενος,</span> <span class='ocrx_word' id='word_1_34' title='bbox 2493 663 2591 717; x_wconf 81' lang='grc' dir='ltr'>καὶ</span> <span class='ocrx_word' id='word_1_35' title='bbox 2657 665 2770 727; x_wconf 80' lang='grc' dir='ltr'>τοῖς</span> <span class='ocrx_word' id='word_1_36' title='bbox 2795 664 3048 724; x_wconf 80' lang='grc' dir='ltr'>Δίκουοῐς</span> <span class='ocrx_word' id='word_1_37' title='bbox 3078 659 3407 732; x_wconf 76' lang='grc' dir='ltr'>προσϐαλὼν</span> <span class='ocrx_word' id='word_1_38' title='bbox 3437 660 3579 729; x_wconf 87' lang='grc' dir='ltr'>μετά</span> <span class='ocrx_word' id='word_1_39' title='bbox 3611 659 3708 712; x_wconf 86' lang='grc' dir='ltr'>τοῦ</span> 
     </span>
    </p>
   </div>
   <div class='ocr_carea' id='block_1_6' title="bbox 431 750 3709 827">
    <p class='ocr_par' dir='ltr' id='par_1_6' title="bbox 431 750 3709 827">
     <span class='ocr_line' id='line_1_6' title="bbox 431 750 3709 827; baseline -0.002 -16"><span class='ocrx_word' id='word_1_40' title='bbox 431 756 755 820; x_wconf 76' lang='grc' dir='ltr'>Μινουκίου,</span> <span class='ocrx_word' id='word_1_41' title='bbox 781 755 1072 820; x_wconf 79' lang='grc' dir='ltr'>πλείστους</span> <span class='ocrx_word' id='word_1_42' title='bbox 1111 757 1211 827; x_wconf 80' lang='grc' dir='ltr'>μὲν</span> <span class='ocrx_word' id='word_1_43' title='bbox 1240 756 1538 826; x_wconf 87' lang='grc' dir='ltr'>διέφθειρε,</span> <span class='ocrx_word' id='word_1_44' title='bbox 1566 758 1695 820; x_wconf 81' lang='grc' dir='ltr'>τοὺς</span> <span class='ocrx_word' id='word_1_45' title='bbox 1739 757 1786 810; x_wconf 77' lang='grc' dir='ltr'>δ’</span> <span class='ocrx_word' id='word_1_46' title='bbox 1817 757 2014 820; x_wconf 76' lang='grc' dir='ltr'>ἀλλους</span> <span class='ocrx_word' id='word_1_47' title='bbox 2053 756 2395 827; x_wconf 76' lang='grc' dir='ltr'>ἐζώγρησεν,</span> <span class='ocrx_word' id='word_1_48' title='bbox 2433 755 2529 820; x_wconf 81' lang='grc' dir='ltr'>οὓς</span> <span class='ocrx_word' id='word_1_49' title='bbox 2582 756 2688 808; x_wconf 74' lang='grc' dir='ltr'>ὑπὸ</span> <span class='ocrx_word' id='word_1_50' title='bbox 2723 757 2890 824; x_wconf 75' lang='grc' dir='ltr'>ζυγὸν</span> <span class='ocrx_word' id='word_1_51' title='bbox 2953 753 3236 822; x_wconf 82' lang='grc' dir='ltr'>διαγαγὼν</span> <span class='ocrx_word' id='word_1_52' title='bbox 3265 754 3504 824; x_wconf 79' lang='grc' dir='ltr'>ἀφῆκεν.</span> <span class='ocrx_word' id='word_1_53' title='bbox 3554 750 3619 805; x_wconf 80' lang='lat' dir='ltr'>&#39;II</span> <span class='ocrx_word' id='word_1_54' title='bbox 3649 751 3709 804; x_wconf 84' lang='grc' dir='ltr'>δὲ</span> 
     </span>
    </p>
   </div>
   <div class='ocr_carea' id='block_1_7' title="bbox 432 843 3708 922">
    <p class='ocr_par' dir='ltr' id='par_1_7' title="bbox 432 843 3708 922">
     <span class='ocr_line' id='line_1_7' title="bbox 432 843 3708 922; baseline -0.002 -20"><span class='ocrx_word' id='word_1_55' title='bbox 432 849 635 920; x_wconf 76' lang='grc' dir='ltr'>πρᾶξις</span> <span class='ocrx_word' id='word_1_56' title='bbox 665 851 699 920; x_wconf 82' lang='grc' dir='ltr'>ἠ</span> <span class='ocrx_word' id='word_1_57' title='bbox 750 849 848 903; x_wconf 90' lang='grc' dir='ltr'>τοῦ</span> <span class='ocrx_word' id='word_1_58' title='bbox 888 848 1058 919; x_wconf 79' lang='grc' dir='ltr'>ζυγοῦ</span> <span class='ocrx_word' id='word_1_59' title='bbox 1100 849 1282 904; x_wconf 86' lang='grc' dir='ltr'>τοιάδε</span> <span class='ocrx_word' id='word_1_60' title='bbox 1332 866 1421 913; x_wconf 86' lang='grc' dir='ltr'>τις</span> <span class='ocrx_word' id='word_1_61' title='bbox 1467 846 1568 922; x_wconf 84' lang='grc' dir='ltr'>ἦν·</span> <span class='ocrx_word' id='word_1_62' title='bbox 1626 849 1899 920; x_wconf 74' lang='grc' dir='ltr'>σταυροὺς</span> <span class='ocrx_word' id='word_1_63' title='bbox 1927 849 2020 902; x_wconf 82' lang='grc' dir='ltr'>δύο</span> <span class='ocrx_word' id='word_1_64' title='bbox 2054 850 2213 920; x_wconf 81' lang='grc' dir='ltr'>δρθια</span> <span class='ocrx_word' id='word_1_65' title='bbox 2257 849 2459 920; x_wconf 73' lang='grc' dir='ltr'>δηλαδὴ</span> <span class='ocrx_word' id='word_1_66' title='bbox 2522 849 2658 914; x_wconf 81' lang='grc' dir='ltr'>ξύλα</span> <span class='ocrx_word' id='word_1_67' title='bbox 2722 849 2971 920; x_wconf 84' lang='grc' dir='ltr'>διέχοντα</span> <span class='ocrx_word' id='word_1_68' title='bbox 3022 847 3290 917; x_wconf 82' lang='grc' dir='ltr'>ἀλλήλων,</span> <span class='ocrx_word' id='word_1_69' title='bbox 3358 847 3440 908; x_wconf 85' lang='grc' dir='ltr'>είς</span> <span class='ocrx_word' id='word_1_70' title='bbox 3473 845 3572 914; x_wconf 80' lang='grc' dir='ltr'>τὴν</span> <span class='ocrx_word' id='word_1_71' title='bbox 3599 843 3708 913; x_wconf 83' lang='grc' dir='ltr'>γῆν</span> 
     </span>
    </p>
   </div>
   <div class='ocr_carea' id='block_1_8' title="bbox 431 938 3708 1016">
    <p class='ocr_par' dir='ltr' id='par_1_8' title="bbox 431 938 3708 1016">
     <span class='ocr_line' id='line_1_8' title="bbox 431 938 3708 1016; baseline -0.003 -19"><span class='ocrx_word' id='word_1_72' title='bbox 431 947 843 1016; x_wconf 82' lang='grc' dir='ltr'>κατεπήγνυον,</span> <span class='ocrx_word' id='word_1_73' title='bbox 882 945 978 998; x_wconf 75' lang='grc' dir='ltr'>καὶ</span> <span class='ocrx_word' id='word_1_74' title='bbox 1025 944 1213 1007; x_wconf 76' lang='grc' dir='ltr'>αὐτοῖς</span> <span class='ocrx_word' id='word_1_75' title='bbox 1251 943 1541 997; x_wconf 85' lang='grc' dir='ltr'>ἐπετίθουν</span> <span class='ocrx_word' id='word_1_76' title='bbox 1581 944 1876 1014; x_wconf 85' lang='grc' dir='ltr'>ἐγκάρσιον</span> <span class='ocrx_word' id='word_1_77' title='bbox 1943 944 2166 1012; x_wconf 74' lang='grc' dir='ltr'>ἕτερον,</span> <span class='ocrx_word' id='word_1_78' title='bbox 2233 945 2330 996; x_wconf 72' lang='grc' dir='ltr'>καὶ</span> <span class='ocrx_word' id='word_1_79' title='bbox 2389 943 2479 996; x_wconf 77' lang='grc' dir='ltr'>διά</span> <span class='ocrx_word' id='word_1_80' title='bbox 2513 941 2682 1014; x_wconf 80' lang='grc' dir='ltr'>μέσου</span> <span class='ocrx_word' id='word_1_81' title='bbox 2731 944 2940 994; x_wconf 87' lang='grc' dir='ltr'>τούτων</span> <span class='ocrx_word' id='word_1_82' title='bbox 2977 941 3101 1004; x_wconf 80' lang='grc' dir='ltr'>τοὺς</span> <span class='ocrx_word' id='word_1_83' title='bbox 3133 942 3364 1002; x_wconf 84' lang='grc' dir='ltr'>ἁλόντας</span> <span class='ocrx_word' id='word_1_84' title='bbox 3383 938 3572 1007; x_wconf 82' lang='grc' dir='ltr'>διῆγον</span> <span class='ocrx_word' id='word_1_85' title='bbox 3607 954 3708 1003; x_wconf 84' lang='grc' dir='ltr'>γυ-</span> 
     </span>
    </p>
   </div>
   <div class='ocr_carea' id='block_1_9' title="bbox 433 1029 3708 1108">
    <p class='ocr_par' dir='ltr' id='par_1_9' title="bbox 433 1029 3708 1108">
     <span class='ocr_line' id='line_1_9' title="bbox 433 1029 3708 1108; baseline -0.003 -17"><span class='ocrx_word' id='word_1_86' title='bbox 433 1037 622 1108; x_wconf 75' lang='grc' dir='ltr'>μνοὺς.</span> <span class='ocrx_word' id='word_1_87' title='bbox 647 1037 676 1089; x_wconf 84' lang='grc' dir='ltr'>δ</span> <span class='ocrx_word' id='word_1_88' title='bbox 698 1037 814 1099; x_wconf 83' lang='grc' dir='ltr'>τοῖς</span> <span class='ocrx_word' id='word_1_89' title='bbox 849 1035 949 1106; x_wconf 78' lang='grc' dir='ltr'>μὲν</span> <span class='ocrx_word' id='word_1_90' title='bbox 969 1035 1139 1106; x_wconf 82' lang='grc' dir='ltr'>δρῶσι</span> <span class='ocrx_word' id='word_1_91' title='bbox 1167 1034 1556 1105; x_wconf 81' lang='grc' dir='ltr'>λαμπρότητα,</span> <span class='ocrx_word' id='word_1_92' title='bbox 1589 1035 1794 1105; x_wconf 80' lang='grc' dir='ltr'>πολλὴν</span> <span class='ocrx_word' id='word_1_93' title='bbox 1815 1033 1862 1088; x_wconf 86' lang='grc' dir='ltr'>δ’</span> <span class='ocrx_word' id='word_1_94' title='bbox 1928 1034 2158 1105; x_wconf 75' lang='grc' dir='ltr'>ἀτιμίαν</span> <span class='ocrx_word' id='word_1_95' title='bbox 2173 1037 2286 1097; x_wconf 79' lang='grc' dir='ltr'>τοῖς</span> <span class='ocrx_word' id='word_1_96' title='bbox 2340 1036 2641 1105; x_wconf 71' lang='grc' dir='ltr'>πάσχουσιν</span> <span class='ocrx_word' id='word_1_97' title='bbox 2669 1033 2888 1103; x_wconf 64' lang='grc' dir='ltr'>ἔφερεν,</span> <span class='ocrx_word' id='word_1_98' title='bbox 2951 1032 3095 1084; x_wconf 82' lang='grc' dir='ltr'>ὥστε</span> <span class='ocrx_word' id='word_1_99' title='bbox 3155 1032 3308 1094; x_wconf 84' lang='grc' dir='ltr'>τινάς</span> <span class='ocrx_word' id='word_1_100' title='bbox 3331 1031 3424 1084; x_wconf 85' lang='grc' dir='ltr'>τοῦ</span> <span class='ocrx_word' id='word_1_101' title='bbox 3463 1029 3708 1083; x_wconf 80' lang='grc' dir='ltr'>τοιοῦτόν</span> 
     </span>
    </p>
   </div>
   <div class='ocr_carea' id='block_1_10' title="bbox 429 1123 3707 1200">
    <p class='ocr_par' dir='ltr' id='par_1_10' title="bbox 429 1123 3707 1200">
     <span class='ocr_line' id='line_1_10' title="bbox 429 1123 3707 1200; baseline -0.002 -18"><span class='ocrx_word' id='word_1_102' title='bbox 429 1149 484 1184; x_wconf 75' lang='grc' dir='ltr'>τι</span> <span class='ocrx_word' id='word_1_103' title='bbox 509 1129 704 1184; x_wconf 81' lang='grc' dir='ltr'>παθεῖν</span> <span class='ocrx_word' id='word_1_104' title='bbox 752 1127 1143 1200; x_wconf 79' lang='grc' dir='ltr'>προαιρεῖσθαι</span> <span class='ocrx_word' id='word_1_105' title='bbox 1174 1127 1380 1182; x_wconf 76' lang='grc' dir='ltr'>θανεῖν.</span> <span class='ocrx_word' id='word_1_106' title='bbox 1406 1128 1517 1180; x_wconf 81' lang='lat' dir='ltr'><strong>Kal.</strong></span> <span class='ocrx_word' id='word_1_107' title='bbox 1551 1127 1708 1181; x_wconf 89' lang='grc' dir='ltr'>πόλιν</span> <span class='ocrx_word' id='word_1_108' title='bbox 1741 1127 1797 1181; x_wconf 81' lang='grc' dir='ltr'>δὲ</span> <span class='ocrx_word' id='word_1_109' title='bbox 1828 1125 2011 1180; x_wconf 84' lang='grc' dir='ltr'>αὐτῶν</span> <span class='ocrx_word' id='word_1_110' title='bbox 2053 1124 2354 1198; x_wconf 80' lang='grc' dir='ltr'>Κορουῗνον</span> <span class='ocrx_word' id='word_1_111' title='bbox 2393 1127 2742 1197; x_wconf 82' lang='grc' dir='ltr'>καλουμένην</span> <span class='ocrx_word' id='word_1_112' title='bbox 2803 1125 2965 1193; x_wconf 89' lang='grc' dir='ltr'>ἐλὼν,</span> <span class='ocrx_word' id='word_1_113' title='bbox 2999 1123 3298 1194; x_wconf 79' lang='grc' dir='ltr'>ἐπανῆλθε,</span> <span class='ocrx_word' id='word_1_114' title='bbox 3329 1125 3425 1177; x_wconf 70' lang='grc' dir='ltr'>καὶ</span> <span class='ocrx_word' id='word_1_115' title='bbox 3488 1123 3580 1176; x_wconf 75' lang='grc' dir='ltr'>τὸν</span> <span class='ocrx_word' id='word_1_116' title='bbox 3596 1124 3707 1178; x_wconf 80' lang='lat' dir='ltr'>Mt-</span> 
     </span>
    </p>
   </div>
   <div class='ocr_carea' id='block_1_11' title="bbox 428 1215 2844 1291">
    <p class='ocr_par' dir='ltr' id='par_1_11' title="bbox 428 1215 2844 1291">
     <span class='ocr_line' id='line_1_11' title="bbox 428 1215 2844 1291; baseline -0.001 -16"><span class='ocrx_word' id='word_1_117' title='bbox 428 1220 646 1275; x_wconf 82' lang='grc' dir='ltr'>νούκιον</span> <span class='ocrx_word' id='word_1_118' title='bbox 671 1221 761 1274; x_wconf 78' lang='grc' dir='ltr'>διά</span> <span class='ocrx_word' id='word_1_119' title='bbox 782 1220 884 1290; x_wconf 83' lang='grc' dir='ltr'>τὴν</span> <span class='ocrx_word' id='word_1_120' title='bbox 913 1215 1088 1291; x_wconf 75' lang='grc' dir='ltr'>ἧτταν</span> <span class='ocrx_word' id='word_1_121' title='bbox 1108 1220 1210 1290; x_wconf 82' lang='grc' dir='ltr'>τὴν</span> <span class='ocrx_word' id='word_1_122' title='bbox 1239 1221 1582 1290; x_wconf 85' lang='grc' dir='ltr'>στρατηγίαν</span> <span class='ocrx_word' id='word_1_123' title='bbox 1607 1219 1886 1288; x_wconf 83' lang='grc' dir='ltr'>ἀφείλετο,</span> <span class='ocrx_word' id='word_1_124' title='bbox 1919 1219 2023 1274; x_wconf 75' lang='grc' dir='ltr'>καὶ</span> <span class='ocrx_word' id='word_1_125' title='bbox 2054 1218 2221 1282; x_wconf 77' lang='grc' dir='ltr'>αὐτὸς</span> <span class='ocrx_word' id='word_1_126' title='bbox 2249 1218 2488 1272; x_wconf 83' lang='grc' dir='ltr'>ἀπέθετο</span> <span class='ocrx_word' id='word_1_127' title='bbox 2512 1219 2613 1290; x_wconf 81' lang='grc' dir='ltr'>τὴν</span> <span class='ocrx_word' id='word_1_128' title='bbox 2644 1219 2844 1289; x_wconf 79' lang='grc' dir='ltr'>ἀρχήν.</span> 
     </span>
    </p>
   </div>
   <div class='ocr_carea' id='block_1_12' title="bbox 500 1308 2001 1383">
    <p class='ocr_par' dir='ltr' id='par_1_12' title="bbox 500 1313 1994 1371">
     <span class='ocr_line' id='line_1_12' title="bbox 500 1313 1994 1371; baseline -0.003 0"><span class='ocrx_word' id='word_1_129' title='bbox 500 1315 688 1371; x_wconf 81' lang='lat' dir='ltr'>XVIII.</span> <span class='ocrx_word' id='word_1_130' title='bbox 757 1315 965 1369; x_wconf 81' lang='lat' dir='ltr'>Deinde</span> <span class='ocrx_word' id='word_1_131' title='bbox 1019 1314 1252 1369; x_wconf 71' lang='grc' dir='ltr'>Ποιηυηί</span> <span class='ocrx_word' id='word_1_132' title='bbox 1305 1313 1610 1370; x_wconf 86' lang='lat' dir='ltr'><strong>domestico</strong></span> <span class='ocrx_word' id='word_1_133' title='bbox 1663 1313 1808 1368; x_wconf 87' lang='lat' dir='ltr'><strong>bello</strong></span> <span class='ocrx_word' id='word_1_134' title='bbox 1864 1320 1994 1368; x_wconf 90' lang='lat' dir='ltr'><strong>sunt</strong></span> 
     </span>
    </p>
   </div>
   <div class='ocr_carea' id='block_1_13' title="bbox 2104 1308 3705 1383">
    <p class='ocr_par' dir='ltr' id='par_1_13' title="bbox 2173 1308 3705 1383">
     <span class='ocr_line' id='line_1_13' title="bbox 2173 1308 3705 1383; baseline -0.004 -18"><span class='ocrx_word' id='word_1_135' title='bbox 2173 1312 2283 1366; x_wconf 69' lang='grc' dir='ltr'>ΠΡ.</span> <span class='ocrx_word' id='word_1_136' title='bbox 2323 1313 2384 1364; x_wconf 80' lang='lat' dir='ltr'><strong>Ol</strong></span> <span class='ocrx_word' id='word_1_137' title='bbox 2404 1311 2589 1383; x_wconf 82' lang='grc' dir='ltr'>μέντοι</span> <span class='ocrx_word' id='word_1_138' title='bbox 2615 1311 2878 1382; x_wconf 86' lang='grc' dir='ltr'>Ῥωμαῖοι</span> <span class='ocrx_word' id='word_1_139' title='bbox 2919 1311 3118 1362; x_wconf 86' lang='grc' dir='ltr'>οίκείον</span> <span class='ocrx_word' id='word_1_140' title='bbox 3145 1309 3410 1379; x_wconf 78' lang='grc' dir='ltr'>ἐσχήκασι</span> <span class='ocrx_word' id='word_1_141' title='bbox 3443 1308 3705 1377; x_wconf 83' lang='grc' dir='ltr'>πόλεμον,</span> 
     </span>
    </p>
   </div>
   <div class='ocr_carea' id='block_1_14' title="bbox 427 1399 2001 1475">
    <p class='ocr_par' dir='ltr' id='par_1_14' title="bbox 427 1404 2001 1475">
     <span class='ocr_line' id='line_1_14' title="bbox 427 1404 2001 1475; baseline -0.006 -8"><span class='ocrx_word' id='word_1_142' title='bbox 427 1409 750 1470; x_wconf 80' lang='lat' dir='ltr'><strong>conﬂictati,</strong></span> <span class='ocrx_word' id='word_1_143' title='bbox 811 1423 842 1463; x_wconf 90' lang='lat' dir='ltr'>a</span> <span class='ocrx_word' id='word_1_144' title='bbox 888 1407 1064 1462; x_wconf 93' lang='lat' dir='ltr'><strong>servis</strong></span> <span class='ocrx_word' id='word_1_145' title='bbox 1112 1417 1170 1460; x_wconf 91' lang='lat' dir='ltr'>et</span> <span class='ocrx_word' id='word_1_146' title='bbox 1219 1407 1506 1462; x_wconf 78' lang='lat' dir='ltr'><strong>exsulibus</strong></span> <span class='ocrx_word' id='word_1_147' title='bbox 1566 1406 1828 1470; x_wconf 81' lang='lat' dir='ltr'><strong>conﬂato,</strong></span> <span class='ocrx_word' id='word_1_148' title='bbox 1912 1404 2001 1475; x_wconf 89' lang='lat' dir='ltr'><strong>qui</strong></span> 
     </span>
    </p>
   </div>
   <div class='ocr_carea' id='block_1_15' title="bbox 2104 1399 3704 1475">
    <p class='ocr_par' dir='ltr' id='par_1_15' title="bbox 2105 1399 3704 1472">
     <span class='ocr_line' id='line_1_15' title="bbox 2105 1399 3704 1472; baseline -0.003 -16"><span class='ocrx_word' id='word_1_149' title='bbox 2105 1401 2164 1466; x_wconf 80' lang='grc' dir='ltr'>ὃς</span> <span class='ocrx_word' id='word_1_150' title='bbox 2191 1403 2255 1455; x_wconf 85' lang='grc' dir='ltr'>ἐκ</span> <span class='ocrx_word' id='word_1_151' title='bbox 2279 1402 2484 1456; x_wconf 79' lang='grc' dir='ltr'>δούλων</span> <span class='ocrx_word' id='word_1_152' title='bbox 2509 1404 2741 1472; x_wconf 86' lang='grc' dir='ltr'>συνέστη</span> <span class='ocrx_word' id='word_1_153' title='bbox 2778 1402 2876 1456; x_wconf 77' lang='grc' dir='ltr'>καὶ</span> <span class='ocrx_word' id='word_1_154' title='bbox 2911 1400 3168 1469; x_wconf 78' lang='grc' dir='ltr'>φυγάδων</span> <span class='ocrx_word' id='word_1_155' title='bbox 3189 1399 3378 1466; x_wconf 85' lang='grc' dir='ltr'>τινῶν,</span> <span class='ocrx_word' id='word_1_156' title='bbox 3413 1400 3488 1466; x_wconf 74' lang='grc' dir='ltr'>οἳ,</span> <span class='ocrx_word' id='word_1_157' title='bbox 3511 1401 3704 1463; x_wconf 85' lang='grc' dir='ltr'>νυκτὸς</span> 
     </span>
    </p>
   </div>
   <div class='ocr_carea' id='block_1_16' title="bbox 426 1498 2007 1568">
    <p class='ocr_par' dir='ltr' id='par_1_16' title="bbox 426 1498 2007 1568">
     <span class='ocr_line' id='line_1_16' title="bbox 426 1498 2007 1568; baseline -0.003 -13"><span class='ocrx_word' id='word_1_158' title='bbox 426 1509 597 1555; x_wconf 88' lang='lat' dir='ltr'><strong>noctu</strong></span> <span class='ocrx_word' id='word_1_159' title='bbox 634 1498 816 1553; x_wconf 88' lang='lat' dir='ltr'><strong>subita</strong></span> <span class='ocrx_word' id='word_1_160' title='bbox 849 1498 1216 1567; x_wconf 91' lang='lat' dir='ltr'><strong>impressione</strong></span> <span class='ocrx_word' id='word_1_161' title='bbox 1257 1498 1592 1568; x_wconf 88' lang='lat' dir='ltr'><strong>Capitolium</strong></span> <span class='ocrx_word' id='word_1_162' title='bbox 1637 1510 2007 1568; x_wconf 87' lang='lat' dir='ltr'><strong>occuparunt.</strong></span> 
     </span>
    </p>
   </div>
   <div class='ocr_carea' id='block_1_17' title="bbox 426 1590 2010 1662">
    <p class='ocr_par' dir='ltr' id='par_1_17' title="bbox 426 1590 2010 1662">
     <span class='ocr_line' id='line_1_17' title="bbox 426 1590 2010 1662; baseline -0.004 -14"><span class='ocrx_word' id='word_1_163' title='bbox 426 1592 534 1648; x_wconf 86' lang='lat' dir='ltr'><strong>Sed</strong></span> <span class='ocrx_word' id='word_1_164' title='bbox 569 1591 722 1662; x_wconf 89' lang='lat' dir='ltr'><strong>plebs</strong></span> <span class='ocrx_word' id='word_1_165' title='bbox 752 1599 866 1645; x_wconf 92' lang='lat' dir='ltr'>tum</span> <span class='ocrx_word' id='word_1_166' title='bbox 897 1605 1117 1660; x_wconf 86' lang='lat' dir='ltr'><strong>quoque</strong></span> <span class='ocrx_word' id='word_1_167' title='bbox 1144 1605 1253 1644; x_wconf 92' lang='lat' dir='ltr'>non</span> <span class='ocrx_word' id='word_1_168' title='bbox 1287 1590 1442 1660; x_wconf 90' lang='lat' dir='ltr'><strong>prius</strong></span> <span class='ocrx_word' id='word_1_169' title='bbox 1476 1605 1628 1644; x_wconf 89' lang='lat' dir='ltr'><strong>arma</strong></span> <span class='ocrx_word' id='word_1_170' title='bbox 1653 1590 1822 1659; x_wconf 88' lang='lat' dir='ltr'><strong>cepit,</strong></span> <span class='ocrx_word' id='word_1_171' title='bbox 1847 1603 2010 1656; x_wconf 85' lang='lat' dir='ltr'><strong>quam</strong></span> 
     </span>
    </p>
   </div>
   <div class='ocr_carea' id='block_1_18' title="bbox 427 1681 2007 1754">
    <p class='ocr_par' dir='ltr' id='par_1_18' title="bbox 427 1681 2007 1754">
     <span class='ocr_line' id='line_1_18' title="bbox 427 1681 2007 1754; baseline -0.001 -19"><span class='ocrx_word' id='word_1_172' title='bbox 427 1683 672 1754; x_wconf 76' lang='lat' dir='ltr'><strong>patriciis</strong></span> <span class='ocrx_word' id='word_1_173' title='bbox 703 1681 910 1753; x_wconf 88' lang='lat' dir='ltr'><strong>aliquid</strong></span> <span class='ocrx_word' id='word_1_174' title='bbox 941 1681 1295 1738; x_wconf 76' lang='lat' dir='ltr'><strong>detraxisset.</strong></span> <span class='ocrx_word' id='word_1_175' title='bbox 1329 1685 1405 1737; x_wconf 84' lang='lat' dir='ltr'>Ac</span> <span class='ocrx_word' id='word_1_176' title='bbox 1429 1682 1730 1737; x_wconf 79' lang='lat' dir='ltr'><strong>seditiosos</strong></span> <span class='ocrx_word' id='word_1_177' title='bbox 1760 1696 2007 1751; x_wconf 83' lang='lat' dir='ltr'><strong>Oppres-</strong></span> 
     </span>
    </p>
   </div>
   <div class='ocr_carea' id='block_1_19' title="bbox 2111 1491 3699 1563">
    <p class='ocr_par' dir='ltr' id='par_1_19' title="bbox 2111 1491 3699 1563">
     <span class='ocr_line' id='line_1_19' title="bbox 2111 1491 3699 1563; baseline 0.001 -17"><span class='ocrx_word' id='word_1_178' title='bbox 2111 1493 2436 1557; x_wconf 68' lang='grc' dir='ltr'>ἐπελθόντες</span> <span class='ocrx_word' id='word_1_179' title='bbox 2468 1495 2828 1560; x_wconf 86' lang='grc' dir='ltr'>ἐξαπιναίως,</span> <span class='ocrx_word' id='word_1_180' title='bbox 2848 1493 2944 1548; x_wconf 90' lang='grc' dir='ltr'>τοῦ</span> <span class='ocrx_word' id='word_1_181' title='bbox 2975 1491 3328 1548; x_wconf 79' lang='grc' dir='ltr'>Καπιτωλίου</span> <span class='ocrx_word' id='word_1_182' title='bbox 3362 1494 3699 1563; x_wconf 82' lang='grc' dir='ltr'>ἐκράτησαν.</span> 
     </span>
    </p>
   </div>
   <div class='ocr_carea' id='block_1_20' title="bbox 2123 1584 3697 1656">
    <p class='ocr_par' dir='ltr' id='par_1_20' title="bbox 2123 1584 3697 1656">
     <span class='ocr_line' id='line_1_20' title="bbox 2123 1584 3697 1656; baseline -0.001 -18"><span class='ocrx_word' id='word_1_183' title='bbox 2123 1584 2182 1638; x_wconf 84' lang='grc' dir='ltr'><strong>Ὀ</strong></span> <span class='ocrx_word' id='word_1_184' title='bbox 2211 1584 2256 1638; x_wconf 86' lang='grc' dir='ltr'>δ’</span> <span class='ocrx_word' id='word_1_185' title='bbox 2283 1585 2472 1655; x_wconf 83' lang='grc' dir='ltr'>ὅμιλος</span> <span class='ocrx_word' id='word_1_186' title='bbox 2498 1586 2593 1639; x_wconf 66' lang='grc' dir='ltr'>καλ⁵</span> <span class='ocrx_word' id='word_1_187' title='bbox 2616 1587 2736 1638; x_wconf 90' lang='grc' dir='ltr'>τότε</span> <span class='ocrx_word' id='word_1_188' title='bbox 2769 1588 2830 1638; x_wconf 85' lang='grc' dir='ltr'>οὐ</span> <span class='ocrx_word' id='word_1_189' title='bbox 2876 1587 3143 1656; x_wconf 87' lang='grc' dir='ltr'>πρότερον</span> <span class='ocrx_word' id='word_1_190' title='bbox 3167 1585 3222 1637; x_wconf 90' lang='grc' dir='ltr'>ἐν</span> <span class='ocrx_word' id='word_1_191' title='bbox 3251 1585 3441 1647; x_wconf 81' lang='grc' dir='ltr'>ὅπλοις</span> <span class='ocrx_word' id='word_1_192' title='bbox 3459 1585 3697 1656; x_wconf 62' lang='grc' dir='ltr'>ἐγένετο,</span> 
     </span>
    </p>
   </div>
   <div class='ocr_carea' id='block_1_21' title="bbox 2109 1677 3703 1749">
    <p class='ocr_par' dir='ltr' id='par_1_21' title="bbox 2109 1677 3703 1749">
     <span class='ocr_line' id='line_1_21' title="bbox 2109 1677 3703 1749; baseline 0.001 -21"><span class='ocrx_word' id='word_1_193' title='bbox 2109 1677 2242 1749; x_wconf 88' lang='grc' dir='ltr'>πρίν</span> <span class='ocrx_word' id='word_1_194' title='bbox 2268 1695 2321 1730; x_wconf 91' lang='grc' dir='ltr'>τι</span> <span class='ocrx_word' id='word_1_195' title='bbox 2352 1678 2518 1732; x_wconf 83' lang='grc' dir='ltr'>πλέον</span> <span class='ocrx_word' id='word_1_196' title='bbox 2549 1681 2699 1748; x_wconf 79' lang='grc' dir='ltr'>σχεῖν</span> <span class='ocrx_word' id='word_1_197' title='bbox 2731 1677 2840 1730; x_wconf 83' lang='grc' dir='ltr'>τῶν</span> <span class='ocrx_word' id='word_1_198' title='bbox 2866 1677 3230 1746; x_wconf 81' lang='grc' dir='ltr'>εὐπατριδῶν.</span> <span class='ocrx_word' id='word_1_199' title='bbox 3268 1678 3626 1741; x_wconf 84' lang='grc' dir='ltr'>Ἐπελθόντες</span> <span class='ocrx_word' id='word_1_200' title='bbox 3645 1677 3703 1730; x_wconf 86' lang='grc' dir='ltr'>δέ</span> 
     </span>
    </p>
   </div>
   <div class='ocr_carea' id='block_1_22' title="bbox 427 1770 2001 1850">
    <p class='ocr_par' dir='ltr' id='par_1_22' title="bbox 427 1774 2001 1842">
     <span class='ocr_line' id='line_1_22' title="bbox 427 1774 2001 1842; baseline -0.003 -10"><span class='ocrx_word' id='word_1_201' title='bbox 427 1786 660 1832; x_wconf 74' lang='lat' dir='ltr'><strong>serunt:</strong></span> <span class='ocrx_word' id='word_1_202' title='bbox 696 1775 792 1830; x_wconf 88' lang='lat' dir='ltr'>sed</span> <span class='ocrx_word' id='word_1_203' title='bbox 830 1775 1036 1829; x_wconf 90' lang='lat' dir='ltr'><strong>multos</strong></span> <span class='ocrx_word' id='word_1_204' title='bbox 1080 1791 1310 1829; x_wconf 87' lang='lat' dir='ltr'><strong>suorum</strong></span> <span class='ocrx_word' id='word_1_205' title='bbox 1351 1775 1680 1832; x_wconf 83' lang='lat' dir='ltr'><strong>amiserunt.</strong></span> <span class='ocrx_word' id='word_1_206' title='bbox 1714 1775 1811 1830; x_wconf 87' lang='lat' dir='ltr'><strong>His</strong></span> <span class='ocrx_word' id='word_1_207' title='bbox 1846 1774 2001 1842; x_wconf 75' lang='lat' dir='ltr'><strong>igitur</strong></span> 
     </span>
    </p>
   </div>
   <div class='ocr_carea' id='block_1_23' title="bbox 2104 1770 3703 1850">
    <p class='ocr_par' dir='ltr' id='par_1_23' title="bbox 2113 1770 3703 1842">
     <span class='ocr_line' id='line_1_23' title="bbox 2113 1770 3703 1842; baseline 0.001 -19"><span class='ocrx_word' id='word_1_208' title='bbox 2113 1782 2179 1838; x_wconf 85' lang='grc' dir='ltr'>γε</span> <span class='ocrx_word' id='word_1_209' title='bbox 2202 1773 2320 1835; x_wconf 87' lang='grc' dir='ltr'>τοῖς</span> <span class='ocrx_word' id='word_1_210' title='bbox 2347 1771 2728 1834; x_wconf 83' lang='grc' dir='ltr'>στασιάσασιν,</span> <span class='ocrx_word' id='word_1_211' title='bbox 2755 1775 3070 1842; x_wconf 88' lang='grc' dir='ltr'>ἐκράτησαν</span> <span class='ocrx_word' id='word_1_212' title='bbox 3103 1773 3200 1842; x_wconf 82' lang='grc' dir='ltr'>μὲν</span> <span class='ocrx_word' id='word_1_213' title='bbox 3237 1772 3438 1837; x_wconf 83' lang='grc' dir='ltr'>αὐτῶν,</span> <span class='ocrx_word' id='word_1_214' title='bbox 3471 1770 3703 1834; x_wconf 83' lang='grc' dir='ltr'>πολλοὺς</span> 
     </span>
    </p>
   </div>
   <div class='ocr_carea' id='block_1_24' title="bbox 427 1866 2005 1936">
    <p class='ocr_par' dir='ltr' id='par_1_24' title="bbox 427 1866 2005 1936">
     <span class='ocr_line' id='line_1_24' title="bbox 427 1866 2005 1936; baseline -0.004 -12"><span class='ocrx_word' id='word_1_215' title='bbox 427 1869 496 1924; x_wconf 88' lang='lat' dir='ltr'>de</span> <span class='ocrx_word' id='word_1_216' title='bbox 527 1867 712 1924; x_wconf 82' lang='lat' dir='ltr'><strong>causis</strong></span> <span class='ocrx_word' id='word_1_217' title='bbox 744 1867 976 1921; x_wconf 86' lang='lat' dir='ltr'><strong>Romani</strong></span> <span class='ocrx_word' id='word_1_218' title='bbox 1000 1876 1057 1922; x_wconf 88' lang='lat' dir='ltr'>ct</span> <span class='ocrx_word' id='word_1_219' title='bbox 1095 1866 1364 1936; x_wconf 86' lang='lat' dir='ltr'><strong>prodigiis</strong></span> <span class='ocrx_word' id='word_1_220' title='bbox 1397 1867 1728 1936; x_wconf 89' lang='lat' dir='ltr'><strong>quibusdam</strong></span> <span class='ocrx_word' id='word_1_221' title='bbox 1761 1866 2005 1936; x_wconf 89' lang='lat' dir='ltr'><strong>impulsi,</strong></span> 
     </span>
    </p>
   </div>
   <div class='ocr_carea' id='block_1_25' title="bbox 427 1956 2008 2028">
    <p class='ocr_par' dir='ltr' id='par_1_25' title="bbox 427 1956 2008 2028">
     <span class='ocr_line' id='line_1_25' title="bbox 427 1956 2008 2028; baseline -0.003 -14"><span class='ocrx_word' id='word_1_222' title='bbox 427 1958 646 2014; x_wconf 85' lang='lat' dir='ltr'><strong>omissis</strong></span> <span class='ocrx_word' id='word_1_223' title='bbox 666 1956 871 2012; x_wconf 87' lang='lat' dir='ltr'><strong>mutuis</strong></span> <span class='ocrx_word' id='word_1_224' title='bbox 891 1957 1395 2023; x_wconf 80' lang='lat' dir='ltr'><strong>criminationibus,</strong></span> <span class='ocrx_word' id='word_1_225' title='bbox 1421 1956 1816 2028; x_wconf 84' lang='lat' dir='ltr'><strong>rempublicam</strong></span> <span class='ocrx_word' id='word_1_226' title='bbox 1835 1972 2008 2026; x_wconf 72' lang='lat' dir='ltr'><strong>aequa-</strong></span> 
     </span>
    </p>
   </div>
   <div class='ocr_carea' id='block_1_26' title="bbox 427 2048 2008 2106">
    <p class='ocr_par' dir='ltr' id='par_1_26' title="bbox 427 2048 2008 2106">
     <span class='ocr_line' id='line_1_26' title="bbox 427 2048 2008 2106; baseline -0.001 -1"><span class='ocrx_word' id='word_1_227' title='bbox 427 2049 685 2106; x_wconf 88' lang='lat' dir='ltr'><strong>biliorem</strong></span> <span class='ocrx_word' id='word_1_228' title='bbox 727 2049 948 2105; x_wconf 85' lang='lat' dir='ltr'><strong>ellicere</strong></span> <span class='ocrx_word' id='word_1_229' title='bbox 1002 2048 1397 2106; x_wconf 89' lang='lat' dir='ltr'><strong>decreverunt.</strong></span> <span class='ocrx_word' id='word_1_230' title='bbox 1455 2052 1532 2106; x_wconf 84' lang='lat' dir='ltr'><strong>Ac</strong></span> <span class='ocrx_word' id='word_1_231' title='bbox 1585 2061 1700 2106; x_wconf 90' lang='lat' dir='ltr'><strong>tres</strong></span> <span class='ocrx_word' id='word_1_232' title='bbox 1741 2051 1895 2106; x_wconf 85' lang='lat' dir='ltr'><strong>viros</strong></span> <span class='ocrx_word' id='word_1_233' title='bbox 1952 2051 2008 2105; x_wconf 89' lang='lat' dir='ltr'>in</span> 
     </span>
    </p>
   </div>
   <div class='ocr_carea' id='block_1_27' title="bbox 426 2139 2008 2214">
    <p class='ocr_par' dir='ltr' id='par_1_27' title="bbox 426 2139 2008 2214">
     <span class='ocr_line' id='line_1_27' title="bbox 426 2139 2008 2214; baseline 0 -18"><span class='ocrx_word' id='word_1_234' title='bbox 426 2139 718 2206; x_wconf 81' lang='lat' dir='ltr'><strong>Graeciam,</strong></span> <span class='ocrx_word' id='word_1_235' title='bbox 735 2139 802 2194; x_wconf 92' lang='lat' dir='ltr'>ad</span> <span class='ocrx_word' id='word_1_236' title='bbox 832 2140 1052 2195; x_wconf 84' lang='lat' dir='ltr'><strong>illorum</strong></span> <span class='ocrx_word' id='word_1_237' title='bbox 1077 2141 1228 2212; x_wconf 83' lang='lat' dir='ltr'><strong>leges</strong></span> <span class='ocrx_word' id='word_1_238' title='bbox 1243 2150 1299 2196; x_wconf 92' lang='lat' dir='ltr'>et</span> <span class='ocrx_word' id='word_1_239' title='bbox 1324 2141 1575 2197; x_wconf 89' lang='lat' dir='ltr'><strong>instituta</strong></span> <span class='ocrx_word' id='word_1_240' title='bbox 1601 2142 2008 2214; x_wconf 85' lang='lat' dir='ltr'><strong>cognoscenda,</strong></span> 
     </span>
    </p>
   </div>
   <div class='ocr_carea' id='block_1_28' title="bbox 427 2231 2011 2303">
    <p class='ocr_par' dir='ltr' id='par_1_28' title="bbox 427 2231 2011 2303">
     <span class='ocr_line' id='line_1_28' title="bbox 427 2231 2011 2303; baseline 0.001 -17"><span class='ocrx_word' id='word_1_241' title='bbox 427 2231 756 2303; x_wconf 80' lang='lat' dir='ltr'><strong>ablegarunt</strong></span> <span class='ocrx_word' id='word_1_242' title='bbox 797 2251 812 2284; x_wconf 86' lang='lat'><strong>:</strong></span> <span class='ocrx_word' id='word_1_243' title='bbox 853 2233 1060 2302; x_wconf 86' lang='lat' dir='ltr'><strong>quibus</strong></span> <span class='ocrx_word' id='word_1_244' title='bbox 1111 2233 1313 2300; x_wconf 86' lang='lat' dir='ltr'><strong>allatis,</strong></span> <span class='ocrx_word' id='word_1_245' title='bbox 1357 2234 1703 2289; x_wconf 88' lang='lat' dir='ltr'><strong>tribunatum</strong></span> <span class='ocrx_word' id='word_1_246' title='bbox 1755 2242 1814 2290; x_wconf 91' lang='lat' dir='ltr'>et</span> <span class='ocrx_word' id='word_1_247' title='bbox 1870 2235 2011 2289; x_wconf 90' lang='lat' dir='ltr'><strong>alios</strong></span> 
     </span>
    </p>
   </div>
   <div class='ocr_carea' id='block_1_29' title="bbox 425 2327 2008 2402">
    <p class='ocr_par' dir='ltr' id='par_1_29' title="bbox 425 2327 2008 2402">
     <span class='ocr_line' id='line_1_29' title="bbox 425 2327 2008 2402; baseline 0.001 -20"><span class='ocrx_word' id='word_1_248' title='bbox 425 2327 696 2399; x_wconf 86' lang='lat' dir='ltr'><strong>quosdam</strong></span> <span class='ocrx_word' id='word_1_249' title='bbox 742 2327 1100 2398; x_wconf 76' lang='lat' dir='ltr'><strong>magistratus</strong></span> <span class='ocrx_word' id='word_1_250' title='bbox 1147 2329 1509 2402; x_wconf 84' lang='lat' dir='ltr'><strong>abrogarunt.</strong></span> <span class='ocrx_word' id='word_1_251' title='bbox 1545 2345 1852 2401; x_wconf 89' lang='lat' dir='ltr'><strong>eorumque</strong></span> <span class='ocrx_word' id='word_1_252' title='bbox 1887 2331 2008 2386; x_wconf 93' lang='lat' dir='ltr'><strong>loco</strong></span> 
     </span>
    </p>
   </div>
   <div class='ocr_carea' id='block_1_30' title="bbox 423 2422 2009 2494">
    <p class='ocr_par' dir='ltr' id='par_1_30' title="bbox 423 2422 2009 2494">
     <span class='ocr_line' id='line_1_30' title="bbox 423 2422 2009 2494; baseline 0.003 -20"><span class='ocrx_word' id='word_1_253' title='bbox 423 2422 576 2476; x_wconf 84' lang='lat' dir='ltr'><strong>viros</strong></span> <span class='ocrx_word' id='word_1_254' title='bbox 603 2437 696 2476; x_wconf 88' lang='lat' dir='ltr'>vm</span> <span class='ocrx_word' id='word_1_255' title='bbox 732 2422 1012 2493; x_wconf 83' lang='lat' dir='ltr'><strong>principes</strong></span> <span class='ocrx_word' id='word_1_256' title='bbox 1045 2422 1410 2494; x_wconf 84' lang='lat' dir='ltr'><strong>delegerunt:</strong></span> <span class='ocrx_word' id='word_1_257' title='bbox 1463 2423 1668 2494; x_wconf 88' lang='lat' dir='ltr'><strong>illoque</strong></span> <span class='ocrx_word' id='word_1_258' title='bbox 1713 2439 1861 2480; x_wconf 91' lang='lat' dir='ltr'><strong>anno</strong></span> <span class='ocrx_word' id='word_1_259' title='bbox 1897 2425 2009 2494; x_wconf 78' lang='lat' dir='ltr'>Ap-</span> 
     </span>
    </p>
   </div>
   <div class='ocr_carea' id='block_1_31' title="bbox 423 2510 2006 2582">
    <p class='ocr_par' dir='ltr' id='par_1_31' title="bbox 423 2510 2006 2582">
     <span class='ocr_line' id='line_1_31' title="bbox 423 2510 2006 2582; baseline 0.002 -16"><span class='ocrx_word' id='word_1_260' title='bbox 423 2511 580 2582; x_wconf 84' lang='lat' dir='ltr'><strong>pium</strong></span> <span class='ocrx_word' id='word_1_261' title='bbox 609 2510 904 2568; x_wconf 81' lang='lat' dir='ltr'><strong>Claudium</strong></span> <span class='ocrx_word' id='word_1_262' title='bbox 940 2521 998 2568; x_wconf 87' lang='lat' dir='ltr'>et</span> <span class='ocrx_word' id='word_1_263' title='bbox 1027 2513 1212 2568; x_wconf 82' lang='lat' dir='ltr'><strong>Titum</strong></span> <span class='ocrx_word' id='word_1_264' title='bbox 1253 2511 1553 2569; x_wconf 83' lang='lat' dir='ltr'><strong>Genutium</strong></span> <span class='ocrx_word' id='word_1_265' title='bbox 1597 2515 1854 2571; x_wconf 85' lang='lat' dir='ltr'><strong>consules</strong></span> <span class='ocrx_word' id='word_1_266' title='bbox 1879 2532 2006 2571; x_wconf 92' lang='lat' dir='ltr'>cum</span> 
     </span>
    </p>
   </div>
   <div class='ocr_carea' id='block_1_32' title="bbox 426 2602 2008 2675">
    <p class='ocr_par' dir='ltr' id='par_1_32' title="bbox 426 2602 2008 2675">
     <span class='ocr_line' id='line_1_32' title="bbox 426 2602 2008 2675; baseline 0.001 -17"><span class='ocrx_word' id='word_1_267' title='bbox 426 2617 648 2658; x_wconf 87' lang='lat' dir='ltr'><strong>summo</strong></span> <span class='ocrx_word' id='word_1_268' title='bbox 680 2602 922 2675; x_wconf 79' lang='lat' dir='ltr'><strong>imperio</strong></span> <span class='ocrx_word' id='word_1_269' title='bbox 947 2611 1235 2669; x_wconf 88' lang='lat' dir='ltr'><strong>crearunt,</strong></span> <span class='ocrx_word' id='word_1_270' title='bbox 1265 2602 1394 2659; x_wconf 83' lang='lat' dir='ltr'><strong>data</strong></span> <span class='ocrx_word' id='word_1_271' title='bbox 1434 2613 1706 2674; x_wconf 88' lang='lat' dir='ltr'><strong>potestate</strong></span> <span class='ocrx_word' id='word_1_272' title='bbox 1735 2605 2008 2660; x_wconf 88' lang='lat' dir='ltr'><strong>condendi</strong></span> 
     </span>
    </p>
   </div>
   <div class='ocr_carea' id='block_1_33' title="bbox 423 2695 2003 2766">
    <p class='ocr_par' dir='ltr' id='par_1_33' title="bbox 423 2695 2003 2766">
     <span class='ocr_line' id='line_1_33' title="bbox 423 2695 2003 2766; baseline -0.003 -14"><span class='ocrx_word' id='word_1_273' title='bbox 423 2696 598 2765; x_wconf 81' lang='lat' dir='ltr'><strong>leges,</strong></span> <span class='ocrx_word' id='word_1_274' title='bbox 627 2709 755 2751; x_wconf 86' lang='lat' dir='ltr'>cum</span> <span class='ocrx_word' id='word_1_275' title='bbox 803 2695 1130 2765; x_wconf 81' lang='lat' dir='ltr'><strong>appendice,</strong></span> <span class='ocrx_word' id='word_1_276' title='bbox 1177 2710 1248 2751; x_wconf 89' lang='lat' dir='ltr'>ne</span> <span class='ocrx_word' id='word_1_277' title='bbox 1275 2695 1344 2750; x_wconf 89' lang='lat' dir='ltr'>ab</span> <span class='ocrx_word' id='word_1_278' title='bbox 1371 2695 1455 2752; x_wconf 90' lang='lat' dir='ltr'>eis</span> <span class='ocrx_word' id='word_1_279' title='bbox 1482 2697 1802 2766; x_wconf 72' lang='lat' dir='ltr'><strong>provocatio</strong></span> <span class='ocrx_word' id='word_1_280' title='bbox 1835 2706 2003 2752; x_wconf 90' lang='lat' dir='ltr'><strong>esset.</strong></span> 
     </span>
    </p>
   </div>
   <div class='ocr_carea' id='block_1_34' title="bbox 421 2787 2006 2860">
    <p class='ocr_par' dir='ltr' id='par_1_34' title="bbox 421 2787 2006 2860">
     <span class='ocr_line' id='line_1_34' title="bbox 421 2787 2006 2860; baseline -0.001 -16"><span class='ocrx_word' id='word_1_281' title='bbox 421 2788 483 2844; x_wconf 86' lang='lat' dir='ltr'><strong>Id</strong></span> <span class='ocrx_word' id='word_1_282' title='bbox 533 2787 682 2860; x_wconf 85' lang='lat' dir='ltr'><strong>quod</strong></span> <span class='ocrx_word' id='word_1_283' title='bbox 736 2787 890 2858; x_wconf 87' lang='lat' dir='ltr'><strong>prius</strong></span> <span class='ocrx_word' id='word_1_284' title='bbox 940 2803 1051 2842; x_wconf 90' lang='lat' dir='ltr'>non</span> <span class='ocrx_word' id='word_1_285' title='bbox 1109 2787 1214 2843; x_wconf 89' lang='lat' dir='ltr'><strong>nisi</strong></span> <span class='ocrx_word' id='word_1_286' title='bbox 1263 2788 1634 2845; x_wconf 88' lang='lat' dir='ltr'><strong>dictatoribus</strong></span> <span class='ocrx_word' id='word_1_287' title='bbox 1681 2804 2006 2845; x_wconf 86' lang='lat' dir='ltr'><strong>concessum</strong></span> 
     </span>
    </p>
   </div>
   <div class='ocr_carea' id='block_1_35' title="bbox 419 2885 2007 2958">
    <p class='ocr_par' dir='ltr' id='par_1_35' title="bbox 419 2885 2007 2958">
     <span class='ocr_line' id='line_1_35' title="bbox 419 2885 2007 2958; baseline 0 -16"><span class='ocrx_word' id='word_1_288' title='bbox 419 2885 546 2942; x_wconf 75' lang='lat' dir='ltr'><strong>fuit.</strong></span> <span class='ocrx_word' id='word_1_289' title='bbox 587 2885 654 2941; x_wconf 89' lang='lat' dir='ltr'>IIi</span> <span class='ocrx_word' id='word_1_290' title='bbox 691 2901 791 2956; x_wconf 90' lang='lat' dir='ltr'>per</span> <span class='ocrx_word' id='word_1_291' title='bbox 819 2887 970 2942; x_wconf 83' lang='lat' dir='ltr'><strong>vices</strong></span> <span class='ocrx_word' id='word_1_292' title='bbox 999 2885 1370 2958; x_wconf 87' lang='lat' dir='ltr'><strong>imperarunt,</strong></span> <span class='ocrx_word' id='word_1_293' title='bbox 1405 2889 1608 2958; x_wconf 83' lang='lat' dir='ltr'><strong>singuli</strong></span> <span class='ocrx_word' id='word_1_294' title='bbox 1649 2889 1705 2943; x_wconf 90' lang='lat' dir='ltr'>in</span> <span class='ocrx_word' id='word_1_295' title='bbox 1733 2889 1853 2944; x_wconf 91' lang='lat' dir='ltr'><strong>dies</strong></span> <span class='ocrx_word' id='word_1_296' title='bbox 1887 2889 2007 2944; x_wconf 87' lang='lat' dir='ltr'><strong>sin-</strong></span> 
     </span>
    </p>
   </div>
   <div class='ocr_carea' id='block_1_36' title="bbox 418 2979 2002 3052">
    <p class='ocr_par' dir='ltr' id='par_1_36' title="bbox 418 2979 2002 3052">
     <span class='ocr_line' id='line_1_36' title="bbox 418 2979 2002 3052; baseline 0.002 -19"><span class='ocrx_word' id='word_1_297' title='bbox 418 2979 579 3048; x_wconf 79' lang='lat' dir='ltr'><strong>gulos</strong></span> <span class='ocrx_word' id='word_1_298' title='bbox 610 2981 965 3052; x_wconf 82' lang='lat' dir='ltr'><strong>magistratus</strong></span> <span class='ocrx_word' id='word_1_299' title='bbox 999 2980 1312 3051; x_wconf 82' lang='lat' dir='ltr'><strong>insignibus</strong></span> <span class='ocrx_word' id='word_1_300' title='bbox 1336 2982 1540 3036; x_wconf 90' lang='lat' dir='ltr'><strong>ornati.</strong></span> <span class='ocrx_word' id='word_1_301' title='bbox 1573 2981 1642 3036; x_wconf 88' lang='lat' dir='ltr'><strong>Et</strong></span> <span class='ocrx_word' id='word_1_302' title='bbox 1674 2983 1824 3049; x_wconf 74' lang='lat' dir='ltr'><strong>leges</strong></span> <span class='ocrx_word' id='word_1_303' title='bbox 1867 2998 1897 3037; x_wconf 89' lang='lat' dir='ltr'>a</span> <span class='ocrx_word' id='word_1_304' title='bbox 1943 2997 2002 3037; x_wconf 87' lang='lat' dir='ltr'>se</span> 
     </span>
    </p>
   </div>
   <div class='ocr_carea' id='block_1_37' title="bbox 418 3072 2006 3143">
    <p class='ocr_par' dir='ltr' id='par_1_37' title="bbox 418 3072 2006 3143">
     <span class='ocr_line' id='line_1_37' title="bbox 418 3072 2006 3143; baseline 0 -15"><span class='ocrx_word' id='word_1_305' title='bbox 418 3072 760 3143; x_wconf 87' lang='lat' dir='ltr'><strong>conscriptas</strong></span> <span class='ocrx_word' id='word_1_306' title='bbox 789 3073 845 3127; x_wconf 91' lang='lat' dir='ltr'>in</span> <span class='ocrx_word' id='word_1_307' title='bbox 872 3072 993 3126; x_wconf 83' lang='lat' dir='ltr'><strong>foro</strong></span> <span class='ocrx_word' id='word_1_308' title='bbox 1019 3083 1432 3142; x_wconf 86' lang='lat' dir='ltr'><strong>proposuerunt</strong></span> <span class='ocrx_word' id='word_1_309' title='bbox 1465 3093 1478 3128; x_wconf 87' lang='lat'><strong>:</strong></span> <span class='ocrx_word' id='word_1_310' title='bbox 1509 3089 1648 3143; x_wconf 87' lang='lat' dir='ltr'><strong>quas</strong></span> <span class='ocrx_word' id='word_1_311' title='bbox 1670 3090 1794 3130; x_wconf 91' lang='lat' dir='ltr'>cum</span> <span class='ocrx_word' id='word_1_312' title='bbox 1825 3074 2006 3128; x_wconf 91' lang='lat' dir='ltr'><strong>omni-</strong></span> 
     </span>
    </p>
   </div>
   <div class='ocr_carea' id='block_1_38' title="bbox 418 3163 2076 3248">
    <p class='ocr_par' dir='ltr' id='par_1_38' title="bbox 418 3163 2076 3248">
     <span class='ocr_line' id='line_1_38' title="bbox 418 3163 2076 3248; baseline 0.001 -29"><span class='ocrx_word' id='word_1_313' title='bbox 418 3163 524 3220; x_wconf 88' lang='lat' dir='ltr'>bus</span> <span class='ocrx_word' id='word_1_314' title='bbox 571 3163 924 3234; x_wconf 88' lang='lat' dir='ltr'><strong>probassent,</strong></span> <span class='ocrx_word' id='word_1_315' title='bbox 969 3164 1036 3220; x_wconf 91' lang='lat' dir='ltr'>ad</span> <span class='ocrx_word' id='word_1_316' title='bbox 1100 3165 1368 3235; x_wconf 81' lang='lat' dir='ltr'><strong>pepulum</strong></span> <span class='ocrx_word' id='word_1_317' title='bbox 1406 3164 1676 3230; x_wconf 90' lang='lat' dir='ltr'><strong>tulerunt,</strong></span> <span class='ocrx_word' id='word_1_318' title='bbox 1735 3167 2001 3222; x_wconf 77' lang='lat' dir='ltr'><strong>sancitas~</strong></span> <span class='ocrx_word' id='word_1_319' title='bbox 2031 3189 2076 3248; x_wconf 67' lang='grc' dir='ltr'>α</span> 
     </span>
    </p>
   </div>
   <div class='ocr_carea' id='block_1_39' title="bbox 417 3255 2000 3330">
    <p class='ocr_par' dir='ltr' id='par_1_39' title="bbox 417 3255 2000 3330">
     <span class='ocr_line' id='line_1_39' title="bbox 417 3255 2000 3330; baseline 0.004 -21"><span class='ocrx_word' id='word_1_320' title='bbox 417 3270 528 3326; x_wconf 89' lang='lat' dir='ltr'>que</span> <span class='ocrx_word' id='word_1_321' title='bbox 562 3255 617 3310; x_wconf 90' lang='lat' dir='ltr'>in</span> <span class='ocrx_word' id='word_1_322' title='bbox 646 3272 680 3310; x_wconf 70' lang='grc' dir='ltr'>ι</span> <span class='ocrx_word' id='word_1_323' title='bbox 715 3255 931 3312; x_wconf 89' lang='lat' dir='ltr'><strong>tabulas</strong></span> <span class='ocrx_word' id='word_1_324' title='bbox 972 3258 1304 3312; x_wconf 90' lang='lat' dir='ltr'><strong>retulerunt.</strong></span> <span class='ocrx_word' id='word_1_325' title='bbox 1341 3257 1475 3324; x_wconf 71' lang='lat' dir='ltr'><strong>Quae</strong></span> <span class='ocrx_word' id='word_1_326' title='bbox 1511 3259 1662 3314; x_wconf 90' lang='lat' dir='ltr'><strong>enim</strong></span> <span class='ocrx_word' id='word_1_327' title='bbox 1691 3259 1855 3330; x_wconf 85' lang='lat' dir='ltr'><strong>digna</strong></span> <span class='ocrx_word' id='word_1_328' title='bbox 1899 3275 2000 3315; x_wconf 82' lang='lat' dir='ltr'><strong>cu-</strong></span> 
     </span>
    </p>
   </div>
   <div class='ocr_carea' id='block_1_40' title="bbox 419 3347 2002 3420">
    <p class='ocr_par' dir='ltr' id='par_1_40' title="bbox 419 3347 2002 3420">
     <span class='ocr_line' id='line_1_40' title="bbox 419 3347 2002 3420; baseline 0.004 -18"><span class='ocrx_word' id='word_1_329' title='bbox 419 3347 600 3402; x_wconf 87' lang='lat' dir='ltr'><strong>stodia</strong></span> <span class='ocrx_word' id='word_1_330' title='bbox 629 3347 792 3420; x_wconf 68' lang='grc'>347</span> <span class='ocrx_word' id='word_1_331' title='bbox 814 3348 1157 3420; x_wconf 80' lang='lat' dir='ltr'><strong>judicabant,</strong></span> <span class='ocrx_word' id='word_1_332' title='bbox 1191 3350 1249 3404; x_wconf 93' lang='lat' dir='ltr'>in</span> <span class='ocrx_word' id='word_1_333' title='bbox 1278 3349 1496 3406; x_wconf 88' lang='lat' dir='ltr'><strong>tabellis</strong></span> <span class='ocrx_word' id='word_1_334' title='bbox 1516 3353 1898 3408; x_wconf 83' lang='lat' dir='ltr'><strong>asservabant.</strong></span> <span class='ocrx_word' id='word_1_335' title='bbox 1924 3354 2002 3409; x_wconf 75' lang='lat' dir='ltr'>Ac</span> 
     </span>
    </p>
   </div>
   <div class='ocr_carea' id='block_1_41' title="bbox 419 3441 2002 3514">
    <p class='ocr_par' dir='ltr' id='par_1_41' title="bbox 419 3441 2002 3514">
     <span class='ocr_line' id='line_1_41' title="bbox 419 3441 2002 3514; baseline 0.004 -19"><span class='ocrx_word' id='word_1_336' title='bbox 419 3441 499 3495; x_wconf 90' lang='lat' dir='ltr'><strong>illi</strong></span> <span class='ocrx_word' id='word_1_337' title='bbox 532 3456 677 3496; x_wconf 88' lang='lat' dir='ltr'><strong>anno</strong></span> <span class='ocrx_word' id='word_1_338' title='bbox 701 3451 916 3505; x_wconf 78' lang='lat' dir='ltr'><strong>exacto,</strong></span> <span class='ocrx_word' id='word_1_339' title='bbox 947 3443 1268 3512; x_wconf 80' lang='lat' dir='ltr'><strong>magistratu</strong></span> <span class='ocrx_word' id='word_1_340' title='bbox 1293 3443 1575 3499; x_wconf 89' lang='lat' dir='ltr'><strong>abierunt.</strong></span> <span class='ocrx_word' id='word_1_341' title='bbox 1609 3445 1824 3514; x_wconf 83' lang='lat' dir='ltr'><strong>Quibus</strong></span> <span class='ocrx_word' id='word_1_342' title='bbox 1851 3447 1944 3502; x_wconf 87' lang='lat' dir='ltr'><strong>alii</strong></span> <span class='ocrx_word' id='word_1_343' title='bbox 1968 3465 2002 3502; x_wconf 75' lang='grc' dir='ltr'>ι</span> 
     </span>
    </p>
   </div>
   <div class='ocr_carea' id='block_1_42' title="bbox 417 3533 2003 3606">
    <p class='ocr_par' dir='ltr' id='par_1_42' title="bbox 417 3533 2003 3606">
     <span class='ocr_line' id='line_1_42' title="bbox 417 3533 2003 3606; baseline 0.003 -18"><span class='ocrx_word' id='word_1_344' title='bbox 417 3547 546 3588; x_wconf 86' lang='lat' dir='ltr'>cum</span> <span class='ocrx_word' id='word_1_345' title='bbox 569 3533 988 3596; x_wconf 82' lang='lat' dir='ltr'><strong>successissent.</strong></span> <span class='ocrx_word' id='word_1_346' title='bbox 1026 3533 1100 3589; x_wconf 90' lang='lat' dir='ltr'>ita</span> <span class='ocrx_word' id='word_1_347' title='bbox 1139 3546 1449 3605; x_wconf 86' lang='lat' dir='ltr'><strong>gesserunt,</strong></span> <span class='ocrx_word' id='word_1_348' title='bbox 1499 3537 1656 3606; x_wconf 86' lang='lat' dir='ltr'><strong>quasi</strong></span> <span class='ocrx_word' id='word_1_349' title='bbox 1687 3538 2003 3592; x_wconf 63' lang='lat' dir='ltr'><strong>evertenda!</strong></span> 
     </span>
    </p>
   </div>
   <div class='ocr_carea' id='block_1_43' title="bbox 419 3625 2001 3696">
    <p class='ocr_par' dir='ltr' id='par_1_43' title="bbox 419 3625 2001 3696">
     <span class='ocr_line' id='line_1_43' title="bbox 419 3625 2001 3696; baseline 0.002 -15"><span class='ocrx_word' id='word_1_350' title='bbox 419 3625 739 3696; x_wconf 67' lang='lat' dir='ltr'><strong>reipublicae</strong></span> <span class='ocrx_word' id='word_1_351' title='bbox 761 3640 926 3680; x_wconf 91' lang='lat' dir='ltr'><strong>causa</strong></span> <span class='ocrx_word' id='word_1_352' title='bbox 959 3625 1160 3680; x_wconf 89' lang='lat' dir='ltr'><strong>delecti</strong></span> <span class='ocrx_word' id='word_1_353' title='bbox 1192 3636 1398 3683; x_wconf 88' lang='lat' dir='ltr'><strong>essent.</strong></span> <span class='ocrx_word' id='word_1_354' title='bbox 1431 3626 1635 3683; x_wconf 82' lang='lat' dir='ltr'><strong>Omnes</strong></span> <span class='ocrx_word' id='word_1_355' title='bbox 1654 3629 1802 3682; x_wconf 89' lang='lat' dir='ltr'><strong>enim</strong></span> <span class='ocrx_word' id='word_1_356' title='bbox 1837 3629 2001 3684; x_wconf 88' lang='lat' dir='ltr'><strong>simul</strong></span> 
     </span>
    </p>
   </div>
   <div class='ocr_carea' id='block_1_44' title="bbox 418 3714 2003 3788">
    <p class='ocr_par' dir='ltr' id='par_1_44' title="bbox 418 3714 2003 3788">
     <span class='ocr_line' id='line_1_44' title="bbox 418 3714 2003 3788; baseline 0.001 -16"><span class='ocrx_word' id='word_1_357' title='bbox 418 3730 674 3784; x_wconf 70' lang='lat' dir='ltr'><strong>exaequo</strong></span> <span class='ocrx_word' id='word_1_358' title='bbox 701 3714 1046 3783; x_wconf 88' lang='lat' dir='ltr'><strong>imperabant</strong></span> <span class='ocrx_word' id='word_1_359' title='bbox 1091 3732 1106 3769; x_wconf 91' lang='lat'>:</span> <span class='ocrx_word' id='word_1_360' title='bbox 1151 3716 1450 3788; x_wconf 82' lang='lat' dir='ltr'><strong>ascitisque</strong></span> <span class='ocrx_word' id='word_1_361' title='bbox 1493 3718 1764 3772; x_wconf 86' lang='lat' dir='ltr'><strong>nobilium</strong></span> <span class='ocrx_word' id='word_1_362' title='bbox 1816 3719 2003 3774; x_wconf 90' lang='lat' dir='ltr'><strong>adole-</strong></span> 
     </span>
    </p>
   </div>
   <div class='ocr_carea' id='block_1_45' title="bbox 415 3807 2002 3879">
    <p class='ocr_par' dir='ltr' id='par_1_45' title="bbox 415 3807 2002 3879">
     <span class='ocr_line' id='line_1_45' title="bbox 415 3807 2002 3879; baseline 0.001 -15"><span class='ocrx_word' id='word_1_363' title='bbox 415 3816 672 3864; x_wconf 75' lang='lat' dir='ltr'><strong>scentum</strong></span> <span class='ocrx_word' id='word_1_364' title='bbox 699 3807 1098 3874; x_wconf 81' lang='lat' dir='ltr'><strong>audacissimis,</strong></span> <span class='ocrx_word' id='word_1_365' title='bbox 1115 3823 1213 3877; x_wconf 90' lang='lat' dir='ltr'>per</span> <span class='ocrx_word' id='word_1_366' title='bbox 1242 3808 1350 3862; x_wconf 90' lang='lat' dir='ltr'>vim</span> <span class='ocrx_word' id='word_1_367' title='bbox 1384 3810 1554 3863; x_wconf 86' lang='lat' dir='ltr'><strong>multa</strong></span> <span class='ocrx_word' id='word_1_368' title='bbox 1585 3821 1838 3879; x_wconf 78' lang='lat' dir='ltr'><strong>egerunt.</strong></span> <span class='ocrx_word' id='word_1_369' title='bbox 1866 3810 2002 3866; x_wconf 86' lang='lat' dir='ltr'><strong>Sero</strong></span> 
     </span>
    </p>
   </div>
   <div class='ocr_carea' id='block_1_46' title="bbox 415 3899 2000 3970">
    <p class='ocr_par' dir='ltr' id='par_1_46' title="bbox 415 3899 2000 3970">
     <span class='ocr_line' id='line_1_46' title="bbox 415 3899 2000 3970; baseline 0.001 -16"><span class='ocrx_word' id='word_1_370' title='bbox 415 3899 669 3966; x_wconf 85' lang='lat' dir='ltr'><strong>tandem,</strong></span> <span class='ocrx_word' id='word_1_371' title='bbox 710 3899 814 3954; x_wconf 90' lang='lat' dir='ltr'>sub</span> <span class='ocrx_word' id='word_1_372' title='bbox 859 3899 992 3954; x_wconf 84' lang='lat' dir='ltr'><strong>anni</strong></span> <span class='ocrx_word' id='word_1_373' title='bbox 1045 3901 1158 3956; x_wconf 81' lang='lat' dir='ltr'><strong>fere</strong></span> <span class='ocrx_word' id='word_1_374' title='bbox 1211 3899 1400 3963; x_wconf 82' lang='lat' dir='ltr'><strong>ﬁnem,</strong></span> <span class='ocrx_word' id='word_1_375' title='bbox 1439 3915 1613 3970; x_wconf 89' lang='lat' dir='ltr'><strong>pauca</strong></span> <span class='ocrx_word' id='word_1_376' title='bbox 1657 3901 1907 3970; x_wconf 63' lang='lat' dir='ltr'><strong>quaedam</strong></span> <span class='ocrx_word' id='word_1_377' title='bbox 1943 3902 2000 3957; x_wconf 90' lang='lat' dir='ltr'>in</span> 
     </span>
    </p>
   </div>
   <div class='ocr_carea' id='block_1_47' title="bbox 416 3991 2000 4064">
    <p class='ocr_par' dir='ltr' id='par_1_47' title="bbox 416 3991 2000 4064">
     <span class='ocr_line' id='line_1_47' title="bbox 416 3991 2000 4064; baseline 0.003 -19"><span class='ocrx_word' id='word_1_378' title='bbox 416 3991 635 4047; x_wconf 87' lang='lat' dir='ltr'><strong>duabus</strong></span> <span class='ocrx_word' id='word_1_379' title='bbox 689 3992 896 4047; x_wconf 88' lang='lat' dir='ltr'><strong>tabulis</strong></span> <span class='ocrx_word' id='word_1_380' title='bbox 962 4003 1156 4064; x_wconf 88' lang='lat' dir='ltr'><strong>suapte</strong></span> <span class='ocrx_word' id='word_1_381' title='bbox 1211 3995 1545 4049; x_wconf 86' lang='lat' dir='ltr'><strong>auctoritate</strong></span> <span class='ocrx_word' id='word_1_382' title='bbox 1597 3995 2000 4064; x_wconf 87' lang='lat' dir='ltr'><strong>ascripserunt,</strong></span> 
     </span>
    </p>
   </div>
   <div class='ocr_carea' id='block_1_48' title="bbox 419 4084 2000 4157">
    <p class='ocr_par' dir='ltr' id='par_1_48' title="bbox 419 4084 2000 4157">
     <span class='ocr_line' id='line_1_48' title="bbox 419 4084 2000 4157; baseline 0.001 -18"><span class='ocrx_word' id='word_1_383' title='bbox 419 4099 532 4139; x_wconf 93' lang='lat' dir='ltr'>non</span> <span class='ocrx_word' id='word_1_384' title='bbox 569 4084 637 4139; x_wconf 89' lang='lat' dir='ltr'>ad</span> <span class='ocrx_word' id='word_1_385' title='bbox 693 4084 1073 4152; x_wconf 89' lang='lat' dir='ltr'><strong>concordiam,</strong></span> <span class='ocrx_word' id='word_1_386' title='bbox 1113 4085 1209 4140; x_wconf 88' lang='lat' dir='ltr'>sed</span> <span class='ocrx_word' id='word_1_387' title='bbox 1250 4086 1317 4140; x_wconf 91' lang='lat' dir='ltr'>ad</span> <span class='ocrx_word' id='word_1_388' title='bbox 1361 4086 1595 4157; x_wconf 81' lang='lat' dir='ltr'><strong>majores</strong></span> <span class='ocrx_word' id='word_1_389' title='bbox 1623 4087 2000 4141; x_wconf 82' lang='lat' dir='ltr'><strong>dissentiones</strong></span> 
     </span>
    </p>
   </div>
   <div class='ocr_carea' id='block_1_49' title="bbox 416 4178 2000 4249">
    <p class='ocr_par' dir='ltr' id='par_1_49' title="bbox 416 4178 2000 4249">
     <span class='ocr_line' id='line_1_49' title="bbox 416 4178 2000 4249; baseline -0.001 -15"><span class='ocrx_word' id='word_1_390' title='bbox 416 4179 774 4249; x_wconf 89' lang='lat' dir='ltr'><strong>pertinentia.</strong></span> <span class='ocrx_word' id='word_1_391' title='bbox 817 4178 1118 4233; x_wconf 87' lang='lat' dir='ltr'><strong>Duodecim</strong></span> <span class='ocrx_word' id='word_1_392' title='bbox 1164 4179 1334 4249; x_wconf 80' lang='lat' dir='ltr'><strong>igitur</strong></span> <span class='ocrx_word' id='word_1_393' title='bbox 1385 4179 1583 4232; x_wconf 77' lang='lat' dir='ltr'><strong>tabul.e</strong></span> <span class='ocrx_word' id='word_1_394' title='bbox 1617 4179 1696 4233; x_wconf 90' lang='lat' dir='ltr'>sic</span> <span class='ocrx_word' id='word_1_395' title='bbox 1735 4178 2000 4234; x_wconf 70' lang='lat' dir='ltr'><strong>conlectae</strong></span> 
     </span>
    </p>
   </div>
   <div class='ocr_carea' id='block_1_50' title="bbox 412 4271 1996 4343">
    <p class='ocr_par' dir='ltr' id='par_1_50' title="bbox 412 4271 1996 4343">
     <span class='ocr_line' id='line_1_50' title="bbox 412 4271 1996 4343; baseline -0.001 -15"><span class='ocrx_word' id='word_1_396' title='bbox 412 4281 565 4328; x_wconf 74' lang='lat' dir='ltr'><strong>sum.</strong></span> <span class='ocrx_word' id='word_1_397' title='bbox 599 4271 908 4327; x_wconf 87' lang='lat' dir='ltr'><strong>Decemviri</strong></span> <span class='ocrx_word' id='word_1_398' title='bbox 953 4280 1136 4327; x_wconf 89' lang='lat' dir='ltr'><strong>autem</strong></span> <span class='ocrx_word' id='word_1_399' title='bbox 1182 4287 1294 4326; x_wconf 89' lang='lat' dir='ltr'>non</span> <span class='ocrx_word' id='word_1_400' title='bbox 1337 4271 1456 4326; x_wconf 61' lang='lat' dir='ltr'><strong>haec</strong></span> <span class='ocrx_word' id='word_1_401' title='bbox 1491 4280 1702 4326; x_wconf 89' lang='lat' dir='ltr'><strong>tantum</strong></span> <span class='ocrx_word' id='word_1_402' title='bbox 1737 4279 1996 4343; x_wconf 82' lang='lat' dir='ltr'><strong>egerunt,</strong></span> 
     </span>
    </p>
   </div>
   <div class='ocr_carea' id='block_1_51' title="bbox 411 4363 2000 4434">
    <p class='ocr_par' dir='ltr' id='par_1_51' title="bbox 411 4363 2000 4434">
     <span class='ocr_line' id='line_1_51' title="bbox 411 4363 2000 4434; baseline 0 -16"><span class='ocrx_word' id='word_1_403' title='bbox 411 4363 508 4418; x_wconf 82' lang='lat' dir='ltr'>sed</span> <span class='ocrx_word' id='word_1_404' title='bbox 541 4372 598 4418; x_wconf 90' lang='lat' dir='ltr'>et</span> <span class='ocrx_word' id='word_1_405' title='bbox 641 4374 888 4434; x_wconf 89' lang='lat' dir='ltr'><strong>tempore</strong></span> <span class='ocrx_word' id='word_1_406' title='bbox 929 4364 1284 4433; x_wconf 80' lang='lat' dir='ltr'><strong>magistratus</strong></span> <span class='ocrx_word' id='word_1_407' title='bbox 1329 4377 1526 4417; x_wconf 89' lang='lat' dir='ltr'><strong>eorum</strong></span> <span class='ocrx_word' id='word_1_408' title='bbox 1560 4364 1771 4433; x_wconf 86' lang='lat' dir='ltr'><strong>elapso,</strong></span> <span class='ocrx_word' id='word_1_409' title='bbox 1816 4364 2000 4419; x_wconf 87' lang='lat' dir='ltr'><strong>adhuc</strong></span> 
     </span>
    </p>
   </div>
   <div class='ocr_carea' id='block_1_52' title="bbox 412 4453 1996 4526">
    <p class='ocr_par' dir='ltr' id='par_1_52' title="bbox 412 4453 1996 4526">
     <span class='ocr_line' id='line_1_52' title="bbox 412 4453 1996 4526; baseline 0.001 -19"><span class='ocrx_word' id='word_1_410' title='bbox 412 4454 468 4508; x_wconf 83' lang='lat' dir='ltr'>in</span> <span class='ocrx_word' id='word_1_411' title='bbox 502 4453 670 4508; x_wconf 85' lang='lat' dir='ltr'><strong>rebus</strong></span> <span class='ocrx_word' id='word_1_412' title='bbox 708 4453 965 4524; x_wconf 83' lang='lat' dir='ltr'><strong>gerendis</strong></span> <span class='ocrx_word' id='word_1_413' title='bbox 1009 4463 1141 4508; x_wconf 84' lang='lat' dir='ltr'><strong>sunt</strong></span> <span class='ocrx_word' id='word_1_414' title='bbox 1180 4455 1406 4516; x_wconf 85' lang='lat' dir='ltr'><strong>versati,</strong></span> <span class='ocrx_word' id='word_1_415' title='bbox 1453 4455 1739 4525; x_wconf 87' lang='lat' dir='ltr'><strong>republica</strong></span> <span class='ocrx_word' id='word_1_416' title='bbox 1794 4456 1846 4509; x_wconf 79' lang='lat' dir='ltr'>vi</span> <span class='ocrx_word' id='word_1_417' title='bbox 1893 4471 1996 4526; x_wconf 86' lang='lat' dir='ltr'><strong>op-</strong></span> 
     </span>
    </p>
   </div>
   <div class='ocr_carea' id='block_1_53' title="bbox 2112 1864 3703 1934">
    <p class='ocr_par' dir='ltr' id='par_1_53' title="bbox 2112 1864 3703 1934">
     <span class='ocr_line' id='line_1_53' title="bbox 2112 1864 3703 1934; baseline 0.001 -18"><span class='ocrx_word' id='word_1_418' title='bbox 2112 1864 2170 1916; x_wconf 78' lang='grc' dir='ltr'>δὲ</span> <span class='ocrx_word' id='word_1_419' title='bbox 2209 1864 2318 1918; x_wconf 85' lang='grc' dir='ltr'>τῶν</span> <span class='ocrx_word' id='word_1_420' title='bbox 2380 1865 2665 1934; x_wconf 80' lang='grc' dir='ltr'>σφετέρων</span> <span class='ocrx_word' id='word_1_421' title='bbox 2710 1865 3010 1920; x_wconf 76' lang='grc' dir='ltr'>ἀπέϐαλον.</span> <span class='ocrx_word' id='word_1_422' title='bbox 3044 1867 3144 1920; x_wconf 86' lang='grc' dir='ltr'>Διά</span> <span class='ocrx_word' id='word_1_423' title='bbox 3201 1865 3378 1918; x_wconf 88' lang='grc' dir='ltr'>ταῦτα</span> <span class='ocrx_word' id='word_1_424' title='bbox 3428 1865 3612 1918; x_wconf 86' lang='grc' dir='ltr'>τοίνυν</span> <span class='ocrx_word' id='word_1_425' title='bbox 3650 1865 3703 1918; x_wconf 76' lang='lat' dir='ltr'>oi</span> 
     </span>
    </p>
   </div>
   <div class='ocr_carea' id='block_1_54' title="bbox 2125 1956 3702 2028">
    <p class='ocr_par' dir='ltr' id='par_1_54' title="bbox 2125 1956 3702 2028">
     <span class='ocr_line' id='line_1_54' title="bbox 2125 1956 3702 2028; baseline 0.001 -20"><span class='ocrx_word' id='word_1_426' title='bbox 2125 1956 2389 2025; x_wconf 85' lang='grc' dir='ltr'>Ῥωμαῖοι</span> <span class='ocrx_word' id='word_1_427' title='bbox 2413 1957 2508 2010; x_wconf 74' lang='grc' dir='ltr'>καὶ</span> <span class='ocrx_word' id='word_1_428' title='bbox 2535 1956 2627 2010; x_wconf 87' lang='grc' dir='ltr'>διά</span> <span class='ocrx_word' id='word_1_429' title='bbox 2656 1975 2782 2010; x_wconf 90' lang='grc' dir='ltr'>τινα</span> <span class='ocrx_word' id='word_1_430' title='bbox 2813 1960 3016 2028; x_wconf 83' lang='grc' dir='ltr'>σημεῖα</span> <span class='ocrx_word' id='word_1_431' title='bbox 3044 1957 3475 2024; x_wconf 79' lang='grc' dir='ltr'>εὐλαϐηθέντες,</span> <span class='ocrx_word' id='word_1_432' title='bbox 3503 1959 3612 2011; x_wconf 87' lang='grc' dir='ltr'>τῶν</span> <span class='ocrx_word' id='word_1_433' title='bbox 3639 1973 3702 2010; x_wconf 79' lang='grc' dir='ltr'>τε</span> 
     </span>
    </p>
   </div>
   <div class='ocr_carea' id='block_1_55' title="bbox 2113 2047 3703 2120">
    <p class='ocr_par' dir='ltr' id='par_1_55' title="bbox 2113 2047 3703 2120">
     <span class='ocr_line' id='line_1_55' title="bbox 2113 2047 3703 2120; baseline 0.002 -20"><span class='ocrx_word' id='word_1_434' title='bbox 2113 2047 2250 2118; x_wconf 80' lang='grc' dir='ltr'>πρὸς</span> <span class='ocrx_word' id='word_1_435' title='bbox 2301 2047 2566 2118; x_wconf 78' lang='grc' dir='ltr'>ἀλλήλους</span> <span class='ocrx_word' id='word_1_436' title='bbox 2594 2049 2996 2120; x_wconf 81' lang='grc' dir='ltr'>ἀπηλλάγησαν</span> <span class='ocrx_word' id='word_1_437' title='bbox 3050 2050 3440 2120; x_wconf 86' lang='grc' dir='ltr'>ἐγκλημάτων,</span> <span class='ocrx_word' id='word_1_438' title='bbox 3479 2052 3574 2102; x_wconf 78' lang='grc' dir='ltr'>καὶ</span> <span class='ocrx_word' id='word_1_439' title='bbox 3601 2050 3703 2120; x_wconf 78' lang='grc' dir='ltr'>τὴν</span> 
     </span>
    </p>
   </div>
   <div class='ocr_carea' id='block_1_56' title="bbox 2115 2139 3702 2213">
    <p class='ocr_par' dir='ltr' id='par_1_56' title="bbox 2115 2139 3702 2213">
     <span class='ocr_line' id='line_1_56' title="bbox 2115 2139 3702 2213; baseline 0.001 -20"><span class='ocrx_word' id='word_1_440' title='bbox 2115 2139 2401 2193; x_wconf 82' lang='grc' dir='ltr'>πολιτείαν</span> <span class='ocrx_word' id='word_1_441' title='bbox 2455 2141 2713 2211; x_wconf 77' lang='grc' dir='ltr'>ἱσοτέραν</span> <span class='ocrx_word' id='word_1_442' title='bbox 2786 2142 3121 2213; x_wconf 81' lang='grc' dir='ltr'>ποιήσασθαι</span> <span class='ocrx_word' id='word_1_443' title='bbox 3178 2142 3538 2212; x_wconf 70' lang='grc' dir='ltr'>ἐψηφίσαντο.</span> <span class='ocrx_word' id='word_1_444' title='bbox 3589 2143 3702 2196; x_wconf 70' lang='grc' dir='ltr'>Καὶ</span> 
     </span>
    </p>
   </div>
   <div class='ocr_carea' id='block_1_57' title="bbox 2114 2234 3702 2306">
    <p class='ocr_par' dir='ltr' id='par_1_57' title="bbox 2114 2234 3702 2306">
     <span class='ocr_line' id='line_1_57' title="bbox 2114 2234 3702 2306; baseline 0.001 -20"><span class='ocrx_word' id='word_1_445' title='bbox 2114 2237 2270 2304; x_wconf 87' lang='grc' dir='ltr'>τρεῖς</span> <span class='ocrx_word' id='word_1_446' title='bbox 2306 2235 2510 2305; x_wconf 79' lang='grc' dir='ltr'>ἄνδρας</span> <span class='ocrx_word' id='word_1_447' title='bbox 2553 2236 2636 2299; x_wconf 91' lang='grc' dir='ltr'>είς</span> <span class='ocrx_word' id='word_1_448' title='bbox 2664 2234 2766 2306; x_wconf 79' lang='grc' dir='ltr'>τὴν</span> <span class='ocrx_word' id='word_1_449' title='bbox 2814 2235 3041 2290; x_wconf 83' lang='grc' dir='ltr'>Ἑλλάδα</span> <span class='ocrx_word' id='word_1_450' title='bbox 3070 2235 3163 2289; x_wconf 80' lang='grc' dir='ltr'>διὰ</span> <span class='ocrx_word' id='word_1_451' title='bbox 3214 2237 3344 2300; x_wconf 82' lang='grc' dir='ltr'>τούς</span> <span class='ocrx_word' id='word_1_452' title='bbox 3373 2237 3574 2306; x_wconf 91' lang='grc' dir='ltr'>νόμους</span> <span class='ocrx_word' id='word_1_453' title='bbox 3604 2236 3702 2288; x_wconf 73' lang='grc' dir='ltr'>καὶ</span> 
     </span>
    </p>
   </div>
   <div class='ocr_carea' id='block_1_58' title="bbox 2109 2325 3700 2399">
    <p class='ocr_par' dir='ltr' id='par_1_58' title="bbox 2109 2325 3700 2399">
     <span class='ocr_line' id='line_1_58' title="bbox 2109 2325 3700 2399; baseline 0.002 -21"><span class='ocrx_word' id='word_1_454' title='bbox 2109 2327 2179 2379; x_wconf 89' lang='grc' dir='ltr'>τά</span> <span class='ocrx_word' id='word_1_455' title='bbox 2201 2325 2332 2398; x_wconf 82' lang='grc' dir='ltr'>παρ’</span> <span class='ocrx_word' id='word_1_456' title='bbox 2367 2327 2599 2390; x_wconf 79' lang='grc' dir='ltr'>ἐκείνοις</span> <span class='ocrx_word' id='word_1_457' title='bbox 2635 2327 2732 2399; x_wconf 84' lang='grc' dir='ltr'>ἐθη</span> <span class='ocrx_word' id='word_1_458' title='bbox 2777 2333 3102 2399; x_wconf 84' lang='grc' dir='ltr'>πεπόμφασι</span> <span class='ocrx_word' id='word_1_459' title='bbox 3125 2343 3140 2358; x_wconf 83' lang='lat'>&#39;</span> <span class='ocrx_word' id='word_1_460' title='bbox 3191 2331 3291 2382; x_wconf 77' lang='grc' dir='ltr'>καὶ</span> <span class='ocrx_word' id='word_1_461' title='bbox 3319 2329 3700 2399; x_wconf 85' lang='grc' dir='ltr'>κομισθέντων</span> 
     </span>
    </p>
   </div>
   <div class='ocr_carea' id='block_1_59' title="bbox 2110 2417 3703 2490">
    <p class='ocr_par' dir='ltr' id='par_1_59' title="bbox 2110 2417 3703 2490">
     <span class='ocr_line' id='line_1_59' title="bbox 2110 2417 3703 2490; baseline 0.001 -20"><span class='ocrx_word' id='word_1_462' title='bbox 2110 2417 2316 2482; x_wconf 85' lang='grc' dir='ltr'>αὐτῶν,</span> <span class='ocrx_word' id='word_1_463' title='bbox 2339 2418 2440 2481; x_wconf 85' lang='grc' dir='ltr'>τάς</span> <span class='ocrx_word' id='word_1_464' title='bbox 2479 2435 2540 2472; x_wconf 90' lang='grc' dir='ltr'>τε</span> <span class='ocrx_word' id='word_1_465' title='bbox 2575 2419 2743 2484; x_wconf 75' lang='grc' dir='ltr'>ἄλλας</span> <span class='ocrx_word' id='word_1_466' title='bbox 2770 2420 2948 2490; x_wconf 87' lang='grc' dir='ltr'>ἀρχάς</span> <span class='ocrx_word' id='word_1_467' title='bbox 2982 2424 3079 2474; x_wconf 73' lang='grc' dir='ltr'>καὶ</span> <span class='ocrx_word' id='word_1_468' title='bbox 3123 2421 3222 2484; x_wconf 79' lang='grc' dir='ltr'>τάς</span> <span class='ocrx_word' id='word_1_469' title='bbox 3252 2421 3364 2473; x_wconf 86' lang='grc' dir='ltr'>τῶν</span> <span class='ocrx_word' id='word_1_470' title='bbox 3397 2420 3703 2490; x_wconf 86' lang='grc' dir='ltr'>δημάρχων</span> 
     </span>
    </p>
   </div>
   <div class='ocr_carea' id='block_1_60' title="bbox 2112 2509 3702 2583">
    <p class='ocr_par' dir='ltr' id='par_1_60' title="bbox 2112 2509 3702 2583">
     <span class='ocr_line' id='line_1_60' title="bbox 2112 2509 3702 2583; baseline 0.002 -22"><span class='ocrx_word' id='word_1_471' title='bbox 2112 2509 2436 2570; x_wconf 88' lang='grc' dir='ltr'>κατέλυσαν,</span> <span class='ocrx_word' id='word_1_472' title='bbox 2469 2511 2562 2563; x_wconf 67' lang='grc' dir='ltr'>καλ⁸</span> <span class='ocrx_word' id='word_1_473' title='bbox 2601 2510 2803 2583; x_wconf 76' lang='grc' dir='ltr'>ἄνδρας</span> <span class='ocrx_word' id='word_1_474' title='bbox 2849 2511 2994 2564; x_wconf 86' lang='grc' dir='ltr'>ὀκτὼ</span> <span class='ocrx_word' id='word_1_475' title='bbox 3027 2513 3092 2565; x_wconf 90' lang='grc' dir='ltr'>ἐκ</span> <span class='ocrx_word' id='word_1_476' title='bbox 3134 2511 3246 2565; x_wconf 85' lang='grc' dir='ltr'>τῶν</span> <span class='ocrx_word' id='word_1_477' title='bbox 3296 2510 3532 2582; x_wconf 86' lang='grc' dir='ltr'>πρώτων</span> <span class='ocrx_word' id='word_1_478' title='bbox 3569 2511 3702 2564; x_wconf 75' lang='grc' dir='ltr'>ἀνθο</span> 
     </span>
    </p>
   </div>
   <div class='ocr_carea' id='block_1_61' title="bbox 2108 2599 3701 2664">
    <p class='ocr_par' dir='ltr' id='par_1_61' title="bbox 2108 2599 3701 2664">
     <span class='ocr_line' id='line_1_61' title="bbox 2108 2599 3701 2664; baseline 0.001 -12"><span class='ocrx_word' id='word_1_479' title='bbox 2108 2599 2336 2656; x_wconf 82' lang='grc' dir='ltr'>είλοντο.</span> <span class='ocrx_word' id='word_1_480' title='bbox 2377 2601 2487 2654; x_wconf 78' lang='grc' dir='ltr'>Καὶ</span> <span class='ocrx_word' id='word_1_481' title='bbox 2547 2602 2789 2655; x_wconf 76' lang='grc' dir='ltr'>’Ἄππιον</span> <span class='ocrx_word' id='word_1_482' title='bbox 2821 2602 3113 2664; x_wconf 76' lang='grc' dir='ltr'>Κλαύδιον,</span> <span class='ocrx_word' id='word_1_483' title='bbox 3139 2603 3298 2655; x_wconf 89' lang='grc' dir='ltr'>Τίτόν</span> <span class='ocrx_word' id='word_1_484' title='bbox 3324 2618 3383 2654; x_wconf 87' lang='grc' dir='ltr'>τε</span> <span class='ocrx_word' id='word_1_485' title='bbox 3411 2601 3701 2654; x_wconf 85' lang='grc' dir='ltr'>Γενούκιον</span> 
     </span>
    </p>
   </div>
   <div class='ocr_carea' id='block_1_62' title="bbox 2110 2693 3700 2766">
    <p class='ocr_par' dir='ltr' id='par_1_62' title="bbox 2110 2693 3700 2766">
     <span class='ocr_line' id='line_1_62' title="bbox 2110 2693 3700 2766; baseline 0.001 -20"><span class='ocrx_word' id='word_1_486' title='bbox 2110 2693 2405 2758; x_wconf 85' lang='grc' dir='ltr'>ἀπέδειξαν</span> <span class='ocrx_word' id='word_1_487' title='bbox 2420 2693 2561 2748; x_wconf 83' lang='grc' dir='ltr'>κατά</span> <span class='ocrx_word' id='word_1_488' title='bbox 2590 2694 2683 2748; x_wconf 79' lang='grc' dir='ltr'>τὸν</span> <span class='ocrx_word' id='word_1_489' title='bbox 2712 2696 2960 2750; x_wconf 75' lang='grc' dir='ltr'>ἐνιαυτὸν</span> <span class='ocrx_word' id='word_1_490' title='bbox 2987 2697 3196 2750; x_wconf 85' lang='grc' dir='ltr'>ἐκεῖνον</span> <span class='ocrx_word' id='word_1_491' title='bbox 3233 2696 3573 2766; x_wconf 76' lang='grc' dir='ltr'>στρατηγοὺς</span> <span class='ocrx_word' id='word_1_492' title='bbox 3600 2695 3700 2749; x_wconf 79' lang='grc' dir='ltr'>αὐ-</span> 
     </span>
    </p>
   </div>
   <div class='ocr_carea' id='block_1_63' title="bbox 2107 2789 3700 2861">
    <p class='ocr_par' dir='ltr' id='par_1_63' title="bbox 2107 2789 3700 2861">
     <span class='ocr_line' id='line_1_63' title="bbox 2107 2789 3700 2861; baseline 0.001 -20"><span class='ocrx_word' id='word_1_493' title='bbox 2107 2789 2470 2859; x_wconf 87' lang='grc' dir='ltr'>τοκράτορας,</span> <span class='ocrx_word' id='word_1_494' title='bbox 2505 2789 2599 2842; x_wconf 74' lang='grc' dir='ltr'>καὶ</span> <span class='ocrx_word' id='word_1_495' title='bbox 2629 2791 2829 2860; x_wconf 87' lang='grc' dir='ltr'>νόμους</span> <span class='ocrx_word' id='word_1_496' title='bbox 2873 2791 3061 2854; x_wconf 76' lang='grc' dir='ltr'>αὐτοῖς</span> <span class='ocrx_word' id='word_1_497' title='bbox 3105 2791 3423 2860; x_wconf 75' lang='grc' dir='ltr'>συγγράψαι</span> <span class='ocrx_word' id='word_1_498' title='bbox 3466 2789 3700 2861; x_wconf 76' lang='grc' dir='ltr'>ἐπέτρε-</span> 
     </span>
    </p>
   </div>
   <div class='ocr_carea' id='block_1_64' title="bbox 2107 2880 3696 2952">
    <p class='ocr_par' dir='ltr' id='par_1_64' title="bbox 2107 2880 3696 2952">
     <span class='ocr_line' id='line_1_64' title="bbox 2107 2880 3696 2952; baseline 0.002 -21"><span class='ocrx_word' id='word_1_499' title='bbox 2107 2880 2242 2948; x_wconf 74' lang='grc' dir='ltr'>ψαν,</span> <span class='ocrx_word' id='word_1_500' title='bbox 2273 2880 2408 2950; x_wconf 86' lang='grc' dir='ltr'>μηδέ</span> <span class='ocrx_word' id='word_1_501' title='bbox 2447 2880 2581 2951; x_wconf 89' lang='grc' dir='ltr'>μίαν</span> <span class='ocrx_word' id='word_1_502' title='bbox 2616 2897 2677 2933; x_wconf 90' lang='grc' dir='ltr'>τε</span> <span class='ocrx_word' id='word_1_503' title='bbox 2717 2881 2875 2950; x_wconf 88' lang='grc' dir='ltr'>δίκην</span> <span class='ocrx_word' id='word_1_504' title='bbox 2901 2883 3164 2952; x_wconf 74' lang='grc' dir='ltr'>ἐφέσιμον</span> <span class='ocrx_word' id='word_1_505' title='bbox 3190 2883 3285 2937; x_wconf 80' lang='grc' dir='ltr'>ἀπ’</span> <span class='ocrx_word' id='word_1_506' title='bbox 3325 2883 3505 2936; x_wconf 85' lang='grc' dir='ltr'>αὐτῶν</span> <span class='ocrx_word' id='word_1_507' title='bbox 3535 2881 3696 2951; x_wconf 89' lang='grc' dir='ltr'>γενέ-</span> 
     </span>
    </p>
   </div>
   <div class='ocr_carea' id='block_1_65' title="bbox 2109 2971 3696 3046">
    <p class='ocr_par' dir='ltr' id='par_1_65' title="bbox 2109 2971 3696 3046">
     <span class='ocr_line' id='line_1_65' title="bbox 2109 2971 3696 3046; baseline -0.001 -19"><span class='ocrx_word' id='word_1_508' title='bbox 2109 2971 2233 3027; x_wconf 79' lang='grc' dir='ltr'>σθαι</span> <span class='ocrx_word' id='word_1_509' title='bbox 2264 2973 2767 3043; x_wconf 70' lang='grc' dir='ltr'>προσεψηφίσαντο,</span> <span class='ocrx_word' id='word_1_510' title='bbox 2804 2973 2833 3026; x_wconf 79' lang='grc' dir='ltr'><strong>ὃ</strong></span> <span class='ocrx_word' id='word_1_511' title='bbox 2881 2975 3078 3045; x_wconf 82' lang='grc' dir='ltr'>πρώην</span> <span class='ocrx_word' id='word_1_512' title='bbox 3115 2975 3294 3029; x_wconf 79' lang='grc' dir='ltr'>οὐδενὶ</span> <span class='ocrx_word' id='word_1_513' title='bbox 3343 2975 3449 3028; x_wconf 84' lang='grc' dir='ltr'>τῶν</span> <span class='ocrx_word' id='word_1_514' title='bbox 3495 2974 3696 3046; x_wconf 84' lang='grc' dir='ltr'>ἀρχόν-</span> 
     </span>
    </p>
   </div>
   <div class='ocr_carea' id='block_1_66' title="bbox 2107 3063 3693 3138">
    <p class='ocr_par' dir='ltr' id='par_1_66' title="bbox 2107 3063 3693 3138">
     <span class='ocr_line' id='line_1_66' title="bbox 2107 3063 3693 3138; baseline 0.001 -20"><span class='ocrx_word' id='word_1_515' title='bbox 2107 3083 2217 3118; x_wconf 90' lang='grc' dir='ltr'>των</span> <span class='ocrx_word' id='word_1_516' title='bbox 2271 3065 2413 3136; x_wconf 82' lang='grc' dir='ltr'>πλὴν</span> <span class='ocrx_word' id='word_1_517' title='bbox 2467 3065 2578 3118; x_wconf 87' lang='grc' dir='ltr'>τῶν</span> <span class='ocrx_word' id='word_1_518' title='bbox 2645 3065 2984 3136; x_wconf 82' lang='grc' dir='ltr'>δικτατόρων</span> <span class='ocrx_word' id='word_1_519' title='bbox 3050 3068 3279 3121; x_wconf 85' lang='grc' dir='ltr'>ἐδέδοτο.</span> <span class='ocrx_word' id='word_1_520' title='bbox 3342 3063 3561 3138; x_wconf 70' lang='grc' dir='ltr'>Ἧρξέιν</span> <span class='ocrx_word' id='word_1_521' title='bbox 3630 3083 3693 3120; x_wconf 80' lang='grc' dir='ltr'>τε</span> 
     </span>
    </p>
   </div>
   <div class='ocr_carea' id='block_1_67' title="bbox 2107 3154 3716 3231">
    <p class='ocr_par' dir='ltr' id='par_1_67' title="bbox 2107 3154 3716 3231">
     <span class='ocr_line' id='line_1_67' title="bbox 2107 3154 3716 3231; baseline 0 -19"><span class='ocrx_word' id='word_1_522' title='bbox 2107 3154 2254 3213; x_wconf 77' lang='grc' dir='ltr'>οῦτοι</span> <span class='ocrx_word' id='word_1_523' title='bbox 2276 3158 2491 3229; x_wconf 74' lang='grc' dir='ltr'>ἡμέραν</span> <span class='ocrx_word' id='word_1_524' title='bbox 2513 3159 2770 3226; x_wconf 79' lang='grc' dir='ltr'>ἕκαστος,</span> <span class='ocrx_word' id='word_1_525' title='bbox 2793 3160 3022 3227; x_wconf 83' lang='grc' dir='ltr'>ἐναλλὰξ</span> <span class='ocrx_word' id='word_1_526' title='bbox 3049 3161 3108 3213; x_wconf 79' lang='grc' dir='ltr'>τδ</span> <span class='ocrx_word' id='word_1_527' title='bbox 3128 3162 3428 3231; x_wconf 84' lang='grc' dir='ltr'>πρόσχημα</span> <span class='ocrx_word' id='word_1_528' title='bbox 3448 3160 3547 3230; x_wconf 83' lang='grc' dir='ltr'>τῆς</span> <span class='ocrx_word' id='word_1_529' title='bbox 3563 3163 3716 3230; x_wconf 79' lang='grc' dir='ltr'>ήγε-’</span> 
     </span>
    </p>
   </div>
   <div class='ocr_carea' id='block_1_68' title="bbox 2111 3252 3691 3324">
    <p class='ocr_par' dir='ltr' id='par_1_68' title="bbox 2111 3252 3691 3324">
     <span class='ocr_line' id='line_1_68' title="bbox 2111 3252 3691 3324; baseline 0.005 -20"><span class='ocrx_word' id='word_1_530' title='bbox 2111 3252 2310 3322; x_wconf 88' lang='grc' dir='ltr'>μονίας</span> <span class='ocrx_word' id='word_1_531' title='bbox 2369 3252 2786 3322; x_wconf 77' lang='grc' dir='ltr'>λαμϐάνοντες·</span> <span class='ocrx_word' id='word_1_532' title='bbox 2838 3253 2935 3307; x_wconf 59' lang='grc' dir='ltr'>καί⁵</span> <span class='ocrx_word' id='word_1_533' title='bbox 2978 3254 3180 3324; x_wconf 86' lang='grc' dir='ltr'>νόμους</span> <span class='ocrx_word' id='word_1_534' title='bbox 3228 3253 3691 3324; x_wconf 77' lang='grc' dir='ltr'>συγγράψαντες,</span> 
     </span>
    </p>
   </div>
   <div class='ocr_carea' id='block_1_69' title="bbox 2106 3345 3694 3418">
    <p class='ocr_par' dir='ltr' id='par_1_69' title="bbox 2106 3345 3694 3418">
     <span class='ocr_line' id='line_1_69' title="bbox 2106 3345 3694 3418; baseline 0.001 -22"><span class='ocrx_word' id='word_1_535' title='bbox 2106 3345 2186 3406; x_wconf 85' lang='grc' dir='ltr'>είς</span> <span class='ocrx_word' id='word_1_536' title='bbox 2215 3345 2316 3414; x_wconf 83' lang='grc' dir='ltr'>τὴν</span> <span class='ocrx_word' id='word_1_537' title='bbox 2341 3345 2548 3412; x_wconf 78' lang='grc' dir='ltr'>ἀγοράν</span> <span class='ocrx_word' id='word_1_538' title='bbox 2580 3345 2871 3416; x_wconf 83' lang='grc' dir='ltr'>ἐξέθηκαν,</span> <span class='ocrx_word' id='word_1_539' title='bbox 2897 3346 2970 3409; x_wconf 81' lang='grc' dir='ltr'>οἳ,</span> <span class='ocrx_word' id='word_1_540' title='bbox 3003 3346 3130 3399; x_wconf 73' lang='grc' dir='ltr'>ἐπεὶ</span> <span class='ocrx_word' id='word_1_541' title='bbox 3162 3348 3330 3400; x_wconf 80' lang='grc' dir='ltr'>πᾶσιν</span> <span class='ocrx_word' id='word_1_542' title='bbox 3369 3347 3597 3418; x_wconf 69' lang='grc' dir='ltr'>ἤρεσαν,</span> <span class='ocrx_word' id='word_1_543' title='bbox 3635 3348 3694 3410; x_wconf 88' lang='grc' dir='ltr'>ἐς</span> 
     </span>
    </p>
   </div>
   <div class='ocr_carea' id='block_1_70' title="bbox 2104 3433 3691 3508">
    <p class='ocr_par' dir='ltr' id='par_1_70' title="bbox 2104 3433 3691 3508">
     <span class='ocr_line' id='line_1_70' title="bbox 2104 3433 3691 3508; baseline 0.003 -23"><span class='ocrx_word' id='word_1_544' title='bbox 2104 3435 2198 3486; x_wconf 65' lang='grc' dir='ltr'>τὸν</span> <span class='ocrx_word' id='word_1_545' title='bbox 2234 3433 2410 3504; x_wconf 82' lang='grc' dir='ltr'>δῆμον</span> <span class='ocrx_word' id='word_1_546' title='bbox 2437 3435 2782 3506; x_wconf 73' lang='grc' dir='ltr'>εἰσήχθησαν</span> <span class='ocrx_word' id='word_1_547' title='bbox 2811 3475 2826 3500; x_wconf 91' lang='grc'>,</span> <span class='ocrx_word' id='word_1_548' title='bbox 2871 3437 2968 3490; x_wconf 84' lang='grc' dir='ltr'>καὶ</span> <span class='ocrx_word' id='word_1_549' title='bbox 3025 3437 3373 3508; x_wconf 88' lang='grc' dir='ltr'>κυρωθέντες</span> <span class='ocrx_word' id='word_1_550' title='bbox 3399 3478 3414 3501; x_wconf 96' lang='grc'>,</span> <span class='ocrx_word' id='word_1_551' title='bbox 3478 3438 3691 3490; x_wconf 85' lang='grc' dir='ltr'>σανίσιν</span> 
     </span>
    </p>
   </div>
   <div class='ocr_carea' id='block_1_71' title="bbox 2107 3525 3691 3598">
    <p class='ocr_par' dir='ltr' id='par_1_71' title="bbox 2107 3525 3691 3598">
     <span class='ocr_line' id='line_1_71' title="bbox 2107 3525 3691 3598; baseline 0.003 -22"><span class='ocrx_word' id='word_1_552' title='bbox 2107 3525 2497 3594; x_wconf 76' lang='grc' dir='ltr'>ἐνεγράφησαν</span> <span class='ocrx_word' id='word_1_553' title='bbox 2547 3526 2702 3580; x_wconf 79' lang='grc' dir='ltr'>δέκα’</span> <span class='ocrx_word' id='word_1_554' title='bbox 2735 3529 2839 3580; x_wconf 86' lang='grc' dir='ltr'>ὅσα</span> <span class='ocrx_word' id='word_1_555' title='bbox 2897 3527 3006 3598; x_wconf 89' lang='grc' dir='ltr'>γάρ</span> <span class='ocrx_word' id='word_1_556' title='bbox 3065 3528 3319 3598; x_wconf 77' lang='grc' dir='ltr'>φυλακῆς</span> <span class='ocrx_word' id='word_1_557' title='bbox 3389 3526 3691 3598; x_wconf 82' lang='grc' dir='ltr'>ἐκρίθησαν</span> 
     </span>
    </p>
   </div>
   <div class='ocr_carea' id='block_1_72' title="bbox 2105 3615 3689 3690">
    <p class='ocr_par' dir='ltr' id='par_1_72' title="bbox 2105 3615 3689 3690">
     <span class='ocr_line' id='line_1_72' title="bbox 2105 3615 3689 3690; baseline 0.001 -21"><span class='ocrx_word' id='word_1_558' title='bbox 2105 3615 2254 3682; x_wconf 79' lang='grc' dir='ltr'>ἄξια,</span> <span class='ocrx_word' id='word_1_559' title='bbox 2285 3617 2346 3668; x_wconf 85' lang='grc' dir='ltr'>ἐν</span> <span class='ocrx_word' id='word_1_560' title='bbox 2380 3617 2644 3678; x_wconf 83' lang='grc' dir='ltr'>σανιδίοις</span> <span class='ocrx_word' id='word_1_561' title='bbox 2681 3618 3135 3690; x_wconf 78' lang='grc' dir='ltr'>ἐθησαυρίζοντο.</span> <span class='ocrx_word' id='word_1_562' title='bbox 3181 3621 3416 3674; x_wconf 78' lang='grc' dir='ltr'>Ἐκεῖνοι</span> <span class='ocrx_word' id='word_1_563' title='bbox 3445 3621 3544 3688; x_wconf 88' lang='grc' dir='ltr'>μὲν</span> <span class='ocrx_word' id='word_1_564' title='bbox 3571 3618 3689 3686; x_wconf 82' lang='grc' dir='ltr'>οὖν,</span> 
     </span>
    </p>
   </div>
   <div class='ocr_carea' id='block_1_73' title="bbox 2106 3708 3688 3782">
    <p class='ocr_par' dir='ltr' id='par_1_73' title="bbox 2106 3708 3688 3782">
     <span class='ocr_line' id='line_1_73' title="bbox 2106 3708 3688 3782; baseline 0.004 -22"><span class='ocrx_word' id='word_1_565' title='bbox 2106 3709 2202 3760; x_wconf 83' lang='grc' dir='ltr'>τὸν</span> <span class='ocrx_word' id='word_1_566' title='bbox 2242 3709 2494 3762; x_wconf 82' lang='grc' dir='ltr'>ἐνιαυτὸν</span> <span class='ocrx_word' id='word_1_567' title='bbox 2517 3708 2838 3774; x_wconf 82' lang='grc' dir='ltr'>ἀνύσαντες,</span> <span class='ocrx_word' id='word_1_568' title='bbox 2863 3712 3082 3779; x_wconf 77' lang='grc' dir='ltr'>ἀφῆκαν</span> <span class='ocrx_word' id='word_1_569' title='bbox 3101 3711 3200 3782; x_wconf 79' lang='grc' dir='ltr'>τὴν</span> <span class='ocrx_word' id='word_1_570' title='bbox 3230 3713 3429 3782; x_wconf 76' lang='grc' dir='ltr'>ἀρχήν.</span> <span class='ocrx_word' id='word_1_571' title='bbox 3469 3713 3688 3782; x_wconf 80' lang='grc' dir='ltr'>’Ἑτεροι</span> 
     </span>
    </p>
   </div>
   <div class='ocr_carea' id='block_1_74' title="bbox 2103 3801 3688 3878">
    <p class='ocr_par' dir='ltr' id='par_1_74' title="bbox 2103 3801 3688 3878">
     <span class='ocr_line' id='line_1_74' title="bbox 2103 3801 3688 3878; baseline 0.003 -24"><span class='ocrx_word' id='word_1_572' title='bbox 2103 3801 2149 3854; x_wconf 75' lang='grc' dir='ltr'>δ’</span> <span class='ocrx_word' id='word_1_573' title='bbox 2205 3801 2362 3866; x_wconf 82' lang='grc' dir='ltr'>αὖθις</span> <span class='ocrx_word' id='word_1_574' title='bbox 2428 3803 2743 3874; x_wconf 80' lang='grc' dir='ltr'>αἱρεθέντες</span> <span class='ocrx_word' id='word_1_575' title='bbox 2798 3805 2954 3870; x_wconf 89' lang='grc' dir='ltr'>δέκα,</span> <span class='ocrx_word' id='word_1_576' title='bbox 2995 3804 3187 3878; x_wconf 82' lang='grc' dir='ltr'>ὥσπερ</span> <span class='ocrx_word' id='word_1_577' title='bbox 3250 3807 3344 3858; x_wconf 77' lang='grc' dir='ltr'>ἐπὶ</span> <span class='ocrx_word' id='word_1_578' title='bbox 3389 3804 3688 3859; x_wconf 81' lang='grc' dir='ltr'>καταλύσει</span> 
     </span>
    </p>
   </div>
   <div class='ocr_carea' id='block_1_75' title="bbox 2103 3894 3689 3967">
    <p class='ocr_par' dir='ltr' id='par_1_75' title="bbox 2103 3894 3689 3967">
     <span class='ocr_line' id='line_1_75' title="bbox 2103 3894 3689 3967; baseline 0.003 -21"><span class='ocrx_word' id='word_1_579' title='bbox 2103 3894 2203 3963; x_wconf 80' lang='grc' dir='ltr'>τῆς</span> <span class='ocrx_word' id='word_1_580' title='bbox 2264 3894 2541 3956; x_wconf 78' lang='grc' dir='ltr'>πολιτείας</span> <span class='ocrx_word' id='word_1_581' title='bbox 2593 3898 3065 3967; x_wconf 81' lang='grc' dir='ltr'>χειροτονηθέντες</span> <span class='ocrx_word' id='word_1_582' title='bbox 3119 3898 3444 3964; x_wconf 81' lang='grc' dir='ltr'>ἐξίοκειλαν.</span> <span class='ocrx_word' id='word_1_583' title='bbox 3478 3899 3689 3962; x_wconf 83' lang='grc' dir='ltr'>Πάντες</span> 
     </span>
    </p>
   </div>
   <div class='ocr_carea' id='block_1_76' title="bbox 2103 3985 3688 4059">
    <p class='ocr_par' dir='ltr' id='par_1_76' title="bbox 2103 3985 3688 4059">
     <span class='ocr_line' id='line_1_76' title="bbox 2103 3985 3688 4059; baseline 0.003 -22"><span class='ocrx_word' id='word_1_584' title='bbox 2103 3985 2213 4056; x_wconf 85' lang='grc' dir='ltr'>γάρ</span> <span class='ocrx_word' id='word_1_585' title='bbox 2247 3985 2367 4054; x_wconf 75' lang='grc' dir='ltr'>ἅμα</span> <span class='ocrx_word' id='word_1_586' title='bbox 2403 3985 2512 4039; x_wconf 86' lang='grc' dir='ltr'>ἀπὸ</span> <span class='ocrx_word' id='word_1_587' title='bbox 2560 3987 2663 4056; x_wconf 82' lang='grc' dir='ltr'>τῆς</span> <span class='ocrx_word' id='word_1_588' title='bbox 2719 3989 2838 4058; x_wconf 86' lang='grc' dir='ltr'>ίσης</span> <span class='ocrx_word' id='word_1_589' title='bbox 2868 3985 3062 4059; x_wconf 79' lang='grc' dir='ltr'>ἦρχον,</span> <span class='ocrx_word' id='word_1_590' title='bbox 3115 3991 3211 4041; x_wconf 76' lang='grc' dir='ltr'>καὶ</span> <span class='ocrx_word' id='word_1_591' title='bbox 3261 3989 3584 4051; x_wconf 75' lang='grc' dir='ltr'>νεανίσκους</span> <span class='ocrx_word' id='word_1_592' title='bbox 3622 3990 3688 4041; x_wconf 72' lang='grc' dir='ltr'>ἐκ</span> 
     </span>
    </p>
   </div>
   <div class='ocr_carea' id='block_1_77' title="bbox 2103 4077 3685 4150">
    <p class='ocr_par' dir='ltr' id='par_1_77' title="bbox 2103 4077 3685 4150">
     <span class='ocr_line' id='line_1_77' title="bbox 2103 4077 3685 4150; baseline 0.003 -22"><span class='ocrx_word' id='word_1_593' title='bbox 2103 4077 2212 4128; x_wconf 81' lang='grc' dir='ltr'>τῶν</span> <span class='ocrx_word' id='word_1_594' title='bbox 2273 4078 2619 4149; x_wconf 81' lang='grc' dir='ltr'>εὐπατριδῶν</span> <span class='ocrx_word' id='word_1_595' title='bbox 2660 4079 3037 4148; x_wconf 84' lang='grc' dir='ltr'>θρασυτάτους</span> <span class='ocrx_word' id='word_1_596' title='bbox 3067 4080 3455 4150; x_wconf 81' lang='grc' dir='ltr'>ἐκλεξάμενοι,</span> <span class='ocrx_word' id='word_1_597' title='bbox 3514 4079 3685 4134; x_wconf 80' lang='grc' dir='ltr'>πολλὰ</span> 
     </span>
    </p>
   </div>
   <div class='ocr_carea' id='block_1_78' title="bbox 2104 4168 3683 4243">
    <p class='ocr_par' dir='ltr' id='par_1_78' title="bbox 2104 4168 3683 4243">
     <span class='ocr_line' id='line_1_78' title="bbox 2104 4168 3683 4243; baseline 0.003 -22"><span class='ocrx_word' id='word_1_598' title='bbox 2104 4168 2174 4221; x_wconf 87' lang='grc' dir='ltr'>δι’</span> <span class='ocrx_word' id='word_1_599' title='bbox 2210 4169 2389 4222; x_wconf 82' lang='grc' dir='ltr'>αὐτῶν</span> <span class='ocrx_word' id='word_1_600' title='bbox 2448 4172 2692 4236; x_wconf 85' lang='grc' dir='ltr'>ἐποίουν,</span> <span class='ocrx_word' id='word_1_601' title='bbox 2745 4174 2842 4225; x_wconf 72' lang='grc' dir='ltr'>καὶ</span> <span class='ocrx_word' id='word_1_602' title='bbox 2890 4171 3066 4243; x_wconf 84' lang='grc' dir='ltr'>βίαια.</span> <span class='ocrx_word' id='word_1_603' title='bbox 3114 4173 3242 4242; x_wconf 79' lang='grc' dir='ltr'>Ὀψέ</span> <span class='ocrx_word' id='word_1_604' title='bbox 3301 4175 3358 4226; x_wconf 89' lang='grc' dir='ltr'>δέ</span> <span class='ocrx_word' id='word_1_605' title='bbox 3408 4191 3538 4226; x_wconf 85' lang='grc' dir='ltr'>ποτε</span> <span class='ocrx_word' id='word_1_606' title='bbox 3597 4173 3683 4226; x_wconf 85' lang='grc' dir='ltr'>ἐπ’</span> 
     </span>
    </p>
   </div>
   <div class='ocr_carea' id='block_1_79' title="bbox 2103 4261 3686 4337">
    <p class='ocr_par' dir='ltr' id='par_1_79' title="bbox 2103 4261 3686 4337">
     <span class='ocr_line' id='line_1_79' title="bbox 2103 4261 3686 4337; baseline 0.003 -24"><span class='ocrx_word' id='word_1_607' title='bbox 2103 4261 2286 4333; x_wconf 80' lang='grc' dir='ltr'>ἐξόδῳ,</span> <span class='ocrx_word' id='word_1_608' title='bbox 2312 4262 2408 4315; x_wconf 90' lang='grc' dir='ltr'>τοῦ</span> <span class='ocrx_word' id='word_1_609' title='bbox 2433 4262 2588 4328; x_wconf 73' lang='grc' dir='ltr'>ἔτους</span> <span class='ocrx_word' id='word_1_610' title='bbox 2635 4264 2796 4332; x_wconf 87' lang='grc' dir='ltr'>ὀλίγα</span> <span class='ocrx_word' id='word_1_611' title='bbox 2825 4266 2968 4320; x_wconf 79' lang='grc' dir='ltr'>ἄττα</span> <span class='ocrx_word' id='word_1_612' title='bbox 3002 4267 3060 4318; x_wconf 91' lang='grc' dir='ltr'>ἐν</span> <span class='ocrx_word' id='word_1_613' title='bbox 3099 4265 3210 4318; x_wconf 78' lang='grc' dir='ltr'>δύω</span> <span class='ocrx_word' id='word_1_614' title='bbox 3260 4266 3444 4320; x_wconf 90' lang='grc' dir='ltr'>σανίσι</span> <span class='ocrx_word' id='word_1_615' title='bbox 3518 4283 3686 4337; x_wconf 63' lang='grc' dir='ltr'>⁴προσ--</span> 
     </span>
    </p>
   </div>
   <div class='ocr_carea' id='block_1_80' title="bbox 2104 4353 3684 4429">
    <p class='ocr_par' dir='ltr' id='par_1_80' title="bbox 2104 4353 3684 4429">
     <span class='ocr_line' id='line_1_80' title="bbox 2104 4353 3684 4429; baseline 0.003 -22"><span class='ocrx_word' id='word_1_616' title='bbox 2104 4355 2377 4426; x_wconf 73' lang='grc' dir='ltr'>έγραψαν,</span> <span class='ocrx_word' id='word_1_617' title='bbox 2409 4357 2468 4420; x_wconf 91' lang='grc' dir='ltr'>ἐς</span> <span class='ocrx_word' id='word_1_618' title='bbox 2501 4360 2684 4410; x_wconf 81' lang='grc' dir='ltr'>πάντα</span> <span class='ocrx_word' id='word_1_619' title='bbox 2739 4358 2796 4411; x_wconf 82' lang='grc' dir='ltr'>δὲ</span> <span class='ocrx_word' id='word_1_620' title='bbox 2826 4360 3444 4429; x_wconf 84' lang='grc' dir='ltr'>αὐτογνωμονήσαντες,</span> <span class='ocrx_word' id='word_1_621' title='bbox 3487 4360 3579 4429; x_wconf 81' lang='grc' dir='ltr'>ἀφ’</span> <span class='ocrx_word' id='word_1_622' title='bbox 3607 4353 3684 4412; x_wconf 83' lang='grc' dir='ltr'>ὧν</span> 
     </span>
    </p>
   </div>
   <div class='ocr_carea' id='block_1_81' title="bbox 2103 4446 3682 4522">
    <p class='ocr_par' dir='ltr' id='par_1_81' title="bbox 2103 4446 3682 4522">
     <span class='ocr_line' id='line_1_81' title="bbox 2103 4446 3682 4522; baseline 0.003 -23"><span class='ocrx_word' id='word_1_623' title='bbox 2103 4447 2200 4516; x_wconf 81' lang='grc' dir='ltr'>οὐχ</span> <span class='ocrx_word' id='word_1_624' title='bbox 2229 4446 2475 4516; x_wconf 85' lang='grc' dir='ltr'>ὁμόνοια,</span> <span class='ocrx_word' id='word_1_625' title='bbox 2522 4448 2661 4501; x_wconf 83' lang='grc' dir='ltr'>ἀλλὰ</span> <span class='ocrx_word' id='word_1_626' title='bbox 2687 4449 2781 4502; x_wconf 76' lang='grc' dir='ltr'>καὶ</span> <span class='ocrx_word' id='word_1_627' title='bbox 2816 4449 3071 4521; x_wconf 72' lang='grc' dir='ltr'>διαφοραὶ</span> <span class='ocrx_word' id='word_1_628' title='bbox 3109 4452 3330 4520; x_wconf 77' lang='grc' dir='ltr'>μείζους</span> <span class='ocrx_word' id='word_1_629' title='bbox 3392 4452 3682 4522; x_wconf 86' lang='grc' dir='ltr'>Ῥωμαίοις</span> 
     </span>
    </p>
   </div>
   <div class='ocr_carea' id='block_1_82' title="bbox 415 4526 2001 4614">
    <p class='ocr_par' dir='ltr' id='par_1_82' title="bbox 415 4546 1994 4614">
     <span class='ocr_line' id='line_1_82' title="bbox 415 4546 1994 4614; baseline 0.003 -18"><span class='ocrx_word' id='word_1_630' title='bbox 415 4559 630 4614; x_wconf 82' lang='lat' dir='ltr'><strong>pressa,</strong></span> <span class='ocrx_word' id='word_1_631' title='bbox 663 4559 843 4614; x_wconf 89' lang='lat' dir='ltr'><strong>neque</strong></span> <span class='ocrx_word' id='word_1_632' title='bbox 883 4554 1076 4597; x_wconf 85' lang='lat' dir='ltr'><strong>senatu</strong></span> <span class='ocrx_word' id='word_1_633' title='bbox 1109 4559 1288 4614; x_wconf 86' lang='lat' dir='ltr'><strong>neque</strong></span> <span class='ocrx_word' id='word_1_634' title='bbox 1329 4546 1532 4614; x_wconf 92' lang='lat' dir='ltr'><strong>populo</strong></span> <span class='ocrx_word' id='word_1_635' title='bbox 1569 4555 1892 4610; x_wconf 82' lang='lat' dir='ltr'><strong>convocato,</strong></span> <span class='ocrx_word' id='word_1_636' title='bbox 1925 4561 1994 4600; x_wconf 90' lang='lat' dir='ltr'>ne</span> 
     </span>
    </p>
   </div>
   <div class='ocr_carea' id='block_1_83' title="bbox 2104 4526 3682 4614">
    <p class='ocr_par' dir='ltr' id='par_1_83' title="bbox 2104 4539 3682 4613">
     <span class='ocr_line' id='line_1_83' title="bbox 2104 4539 3682 4613; baseline 0.005 -24"><span class='ocrx_word' id='word_1_637' title='bbox 2104 4539 2430 4608; x_wconf 86' lang='grc' dir='ltr'>γενήσεσθαι</span> <span class='ocrx_word' id='word_1_638' title='bbox 2471 4539 2720 4611; x_wconf 76' lang='grc' dir='ltr'>ἔμελλον.</span> <span class='ocrx_word' id='word_1_639' title='bbox 2749 4544 2814 4594; x_wconf 78' lang='grc' dir='ltr'>Δί</span> <span class='ocrx_word' id='word_1_640' title='bbox 2859 4543 2960 4611; x_wconf 79' lang='grc' dir='ltr'>μὲν</span> <span class='ocrx_word' id='word_1_641' title='bbox 2989 4543 3082 4596; x_wconf 77' lang='grc' dir='ltr'>οὖν</span> <span class='ocrx_word' id='word_1_642' title='bbox 3131 4545 3429 4613; x_wconf 85' lang='grc' dir='ltr'>λεγόμεναι</span> <span class='ocrx_word' id='word_1_643' title='bbox 3460 4545 3682 4597; x_wconf 84' lang='grc' dir='ltr'>Δώδεκα</span> 
     </span>
    </p>
   </div>
   <div class='ocr_carea' id='block_1_84' title="bbox 413 4635 1995 4707">
    <p class='ocr_par' dir='ltr' id='par_1_84' title="bbox 413 4635 1995 4707">
     <span class='ocr_line' id='line_1_84' title="bbox 413 4635 1995 4707; baseline 0.001 -16"><span class='ocrx_word' id='word_1_644' title='bbox 413 4651 770 4691; x_wconf 86' lang='lat' dir='ltr'><strong>successores</strong></span> <span class='ocrx_word' id='word_1_645' title='bbox 826 4636 932 4690; x_wconf 86' lang='lat' dir='ltr'><strong>sibi</strong></span> <span class='ocrx_word' id='word_1_646' title='bbox 977 4635 1266 4690; x_wconf 88' lang='lat' dir='ltr'><strong>darentur.</strong></span> <span class='ocrx_word' id='word_1_647' title='bbox 1317 4637 1454 4691; x_wconf 88' lang='lat' dir='ltr'><strong>Cum</strong></span> <span class='ocrx_word' id='word_1_648' title='bbox 1497 4649 1681 4693; x_wconf 88' lang='lat' dir='ltr'><strong>autem</strong></span> <span class='ocrx_word' id='word_1_649' title='bbox 1725 4637 1893 4707; x_wconf 66' lang='lat' dir='ltr'><strong>Aiqui</strong></span> <span class='ocrx_word' id='word_1_650' title='bbox 1930 4640 1995 4706; x_wconf 59' lang='lat' dir='ltr'><strong>{et</strong></span> 
     </span>
    </p>
   </div>
   <div class='ocr_carea' id='block_1_85' title="bbox 413 4724 1995 4798">
    <p class='ocr_par' dir='ltr' id='par_1_85' title="bbox 413 4724 1995 4798">
     <span class='ocr_line' id='line_1_85' title="bbox 413 4724 1995 4798; baseline 0.003 -19"><span class='ocrx_word' id='word_1_651' title='bbox 413 4724 604 4779; x_wconf 88' lang='lat' dir='ltr'><strong>Sabini</strong></span> <span class='ocrx_word' id='word_1_652' title='bbox 677 4725 941 4780; x_wconf 74' lang='lat' dir='ltr'><strong>Romanis</strong></span> <span class='ocrx_word' id='word_1_653' title='bbox 998 4742 1152 4780; x_wconf 90' lang='lat' dir='ltr'><strong>arma</strong></span> <span class='ocrx_word' id='word_1_654' title='bbox 1217 4727 1526 4791; x_wconf 79' lang='lat' dir='ltr'><strong>inferrent,</strong></span> <span class='ocrx_word' id='word_1_655' title='bbox 1598 4744 1700 4798; x_wconf 89' lang='lat' dir='ltr'>per</span> <span class='ocrx_word' id='word_1_656' title='bbox 1765 4730 1995 4784; x_wconf 90' lang='lat' dir='ltr'><strong>idoneos</strong></span> 
     </span>
    </p>
   </div>
   <div class='ocr_carea' id='block_1_86' title="bbox 414 4815 1994 4884">
    <p class='ocr_par' dir='ltr' id='par_1_86' title="bbox 414 4815 1994 4884">
     <span class='ocr_line' id='line_1_86' title="bbox 414 4815 1994 4884; baseline 0.004 -16"><span class='ocrx_word' id='word_1_657' title='bbox 414 4815 674 4869; x_wconf 85' lang='lat' dir='ltr'><strong>homines</strong></span> <span class='ocrx_word' id='word_1_658' title='bbox 727 4816 1076 4884; x_wconf 69' lang='lat' dir='ltr'><strong>eﬂccerunt,</strong></span> <span class='ocrx_word' id='word_1_659' title='bbox 1127 4827 1187 4871; x_wconf 93' lang='lat' dir='ltr'>ut</span> <span class='ocrx_word' id='word_1_660' title='bbox 1247 4819 1351 4872; x_wconf 83' lang='lat' dir='ltr'><strong>sibi</strong></span> <span class='ocrx_word' id='word_1_661' title='bbox 1407 4819 1533 4874; x_wconf 88' lang='lat' dir='ltr'><strong>belli</strong></span> <span class='ocrx_word' id='word_1_662' title='bbox 1590 4821 1994 4876; x_wconf 84' lang='lat' dir='ltr'><strong>administratio</strong></span> 
     </span>
    </p>
   </div>
   <div class='ocr_carea' id='block_1_87' title="bbox 412 4909 1994 4981">
    <p class='ocr_par' dir='ltr' id='par_1_87' title="bbox 412 4909 1994 4981">
     <span class='ocr_line' id='line_1_87' title="bbox 412 4909 1994 4981; baseline -0.001 -16"><span class='ocrx_word' id='word_1_663' title='bbox 412 4909 791 4965; x_wconf 85' lang='lat' dir='ltr'><strong>mandaretur.</strong></span> <span class='ocrx_word' id='word_1_664' title='bbox 848 4910 1037 4980; x_wconf 89' lang='lat' dir='ltr'><strong>Itaque</strong></span> <span class='ocrx_word' id='word_1_665' title='bbox 1091 4927 1158 4966; x_wconf 80' lang='lat' dir='ltr'><strong>ex</strong></span> <span class='ocrx_word' id='word_1_666' title='bbox 1223 4913 1552 4966; x_wconf 78' lang='lat' dir='ltr'><strong>decemviris</strong></span> <span class='ocrx_word' id='word_1_667' title='bbox 1607 4912 1831 4968; x_wconf 88' lang='lat' dir='ltr'><strong>Servius</strong></span> <span class='ocrx_word' id='word_1_668' title='bbox 1887 4912 1994 4981; x_wconf 88' lang='lat' dir='ltr'>0p-</span> 
     </span>
    </p>
   </div>
   <div class='ocr_carea' id='block_1_88' title="bbox 412 4999 1988 5073">
    <p class='ocr_par' dir='ltr' id='par_1_88' title="bbox 412 4999 1988 5073">
     <span class='ocr_line' id='line_1_88' title="bbox 412 4999 1988 5073; baseline 0.003 -21"><span class='ocrx_word' id='word_1_669' title='bbox 412 4999 538 5070; x_wconf 89' lang='lat' dir='ltr'><strong>pius</strong></span> <span class='ocrx_word' id='word_1_670' title='bbox 583 5007 641 5054; x_wconf 85' lang='lat' dir='ltr'>ct</span> <span class='ocrx_word' id='word_1_671' title='bbox 692 5002 902 5069; x_wconf 81' lang='lat' dir='ltr'><strong>Appius</strong></span> <span class='ocrx_word' id='word_1_672' title='bbox 941 5001 1204 5057; x_wconf 76' lang='lat' dir='ltr'><strong>Claudius</strong></span> <span class='ocrx_word' id='word_1_673' title='bbox 1253 5019 1412 5058; x_wconf 89' lang='lat' dir='ltr'><strong>suum</strong></span> <span class='ocrx_word' id='word_1_674' title='bbox 1454 5003 1750 5073; x_wconf 88' lang='lat' dir='ltr'><strong>pristinum</strong></span> <span class='ocrx_word' id='word_1_675' title='bbox 1806 5004 1988 5058; x_wconf 89' lang='lat' dir='ltr'><strong>locum</strong></span> 
     </span>
    </p>
   </div>
   <div class='ocr_carea' id='block_1_89' title="bbox 411 5093 1993 5152">
    <p class='ocr_par' dir='ltr' id='par_1_89' title="bbox 411 5093 1993 5152">
     <span class='ocr_line' id='line_1_89' title="bbox 411 5093 1993 5152; baseline 0.003 -5"><span class='ocrx_word' id='word_1_676' title='bbox 411 5093 764 5149; x_wconf 89' lang='lat' dir='ltr'><strong>retinuerunt</strong></span> <span class='ocrx_word' id='word_1_677' title='bbox 835 5110 849 5146; x_wconf 90' lang='lat'>:</span> <span class='ocrx_word' id='word_1_678' title='bbox 915 5096 1096 5149; x_wconf 64' lang='lat' dir='ltr'><strong>catteri</strong></span> <span class='ocrx_word' id='word_1_679' title='bbox 1170 5105 1294 5149; x_wconf 90' lang='lat' dir='ltr'><strong>octo</strong></span> <span class='ocrx_word' id='word_1_680' title='bbox 1360 5105 1550 5149; x_wconf 90' lang='lat' dir='ltr'><strong>contra</strong></span> <span class='ocrx_word' id='word_1_681' title='bbox 1620 5096 1807 5150; x_wconf 84' lang='lat' dir='ltr'><strong>hostes</strong></span> <span class='ocrx_word' id='word_1_682' title='bbox 1862 5109 1993 5152; x_wconf 92' lang='lat' dir='ltr'><strong>sunt</strong></span> 
     </span>
    </p>
   </div>
   <div class='ocr_carea' id='block_1_90' title="bbox 410 5181 1987 5252">
    <p class='ocr_par' dir='ltr' id='par_1_90' title="bbox 410 5181 1987 5252">
     <span class='ocr_line' id='line_1_90' title="bbox 410 5181 1987 5252; baseline 0.003 -16"><span class='ocrx_word' id='word_1_683' title='bbox 410 5181 666 5252; x_wconf 78' lang='lat' dir='ltr'><strong>profecti.</strong></span> <span class='ocrx_word' id='word_1_684' title='bbox 724 5184 798 5237; x_wconf 88' lang='lat' dir='ltr'><strong>Ita</strong></span> <span class='ocrx_word' id='word_1_685' title='bbox 854 5185 1082 5250; x_wconf 83' lang='lat' dir='ltr'><strong>factum,</strong></span> <span class='ocrx_word' id='word_1_686' title='bbox 1134 5194 1195 5239; x_wconf 90' lang='lat' dir='ltr'>ut</span> <span class='ocrx_word' id='word_1_687' title='bbox 1247 5201 1374 5239; x_wconf 84' lang='lat' dir='ltr'>cum</span> <span class='ocrx_word' id='word_1_688' title='bbox 1431 5195 1486 5240; x_wconf 91' lang='lat' dir='ltr'>et</span> <span class='ocrx_word' id='word_1_689' title='bbox 1537 5187 1590 5240; x_wconf 90' lang='lat' dir='ltr'>in</span> <span class='ocrx_word' id='word_1_690' title='bbox 1645 5189 1780 5242; x_wconf 90' lang='lat' dir='ltr'><strong>urbe</strong></span> <span class='ocrx_word' id='word_1_691' title='bbox 1826 5199 1882 5242; x_wconf 91' lang='lat' dir='ltr'>ct</span> <span class='ocrx_word' id='word_1_692' title='bbox 1934 5191 1987 5241; x_wconf 91' lang='lat' dir='ltr'>in</span> 
     </span>
    </p>
   </div>
   <div class='ocr_carea' id='block_1_91' title="bbox 409 5274 1986 5344">
    <p class='ocr_par' dir='ltr' id='par_1_91' title="bbox 409 5274 1986 5344">
     <span class='ocr_line' id='line_1_91' title="bbox 409 5274 1986 5344; baseline 0.004 -15"><span class='ocrx_word' id='word_1_693' title='bbox 409 5274 608 5330; x_wconf 81' lang='lat' dir='ltr'><strong>castris</strong></span> <span class='ocrx_word' id='word_1_694' title='bbox 656 5277 1012 5332; x_wconf 85' lang='lat' dir='ltr'><strong>turbarentur</strong></span> <span class='ocrx_word' id='word_1_695' title='bbox 1063 5279 1246 5333; x_wconf 90' lang='lat' dir='ltr'><strong>omnia</strong></span> <span class='ocrx_word' id='word_1_696' title='bbox 1283 5321 1296 5344; x_wconf 94' lang='lat'>,</span> <span class='ocrx_word' id='word_1_697' title='bbox 1361 5279 1545 5334; x_wconf 86' lang='lat' dir='ltr'><strong>denuo</strong></span> <span class='ocrx_word' id='word_1_698' title='bbox 1610 5281 1810 5334; x_wconf 79' lang='lat' dir='ltr'><strong>seditio</strong></span> <span class='ocrx_word' id='word_1_699' title='bbox 1872 5284 1986 5335; x_wconf 89' lang='lat' dir='ltr'><strong>ori-</strong></span> 
     </span>
    </p>
   </div>
   <div class='ocr_carea' id='block_1_92' title="bbox 409 5369 1987 5444">
    <p class='ocr_par' dir='ltr' id='par_1_92' title="bbox 409 5369 1987 5444">
     <span class='ocr_line' id='line_1_92' title="bbox 409 5369 1987 5444; baseline 0.005 -24"><span class='ocrx_word' id='word_1_700' title='bbox 409 5377 586 5421; x_wconf 89' lang='lat' dir='ltr'><strong>retur.</strong></span> <span class='ocrx_word' id='word_1_701' title='bbox 633 5369 768 5424; x_wconf 85' lang='lat' dir='ltr'>Nam</span> <span class='ocrx_word' id='word_1_702' title='bbox 819 5386 944 5425; x_wconf 92' lang='lat' dir='ltr'>cum</span> <span class='ocrx_word' id='word_1_703' title='bbox 995 5381 1259 5441; x_wconf 69' lang='lat' dir='ltr'><strong>praetores</strong></span> <span class='ocrx_word' id='word_1_704' title='bbox 1315 5371 1371 5426; x_wconf 88' lang='lat' dir='ltr'>in</span> <span class='ocrx_word' id='word_1_705' title='bbox 1421 5371 1752 5427; x_wconf 87' lang='lat' dir='ltr'><strong>Sabinorum</strong></span> <span class='ocrx_word' id='word_1_706' title='bbox 1795 5391 1987 5444; x_wconf 81' lang='lat' dir='ltr'><strong>agrum</strong></span> 
     </span>
    </p>
   </div>
   <div class='ocr_carea' id='block_1_93' title="bbox 410 5459 1988 5535">
    <p class='ocr_par' dir='ltr' id='par_1_93' title="bbox 410 5459 1988 5535">
     <span class='ocr_line' id='line_1_93' title="bbox 410 5459 1988 5535; baseline 0.005 -23"><span class='ocrx_word' id='word_1_707' title='bbox 410 5459 828 5530; x_wconf 86' lang='lat' dir='ltr'><strong>impressionem</strong></span> <span class='ocrx_word' id='word_1_708' title='bbox 863 5463 1142 5528; x_wconf 81' lang='lat' dir='ltr'><strong>fecissent,</strong></span> <span class='ocrx_word' id='word_1_709' title='bbox 1180 5463 1241 5535; x_wconf 60' lang='grc' dir='ltr'>ι».</span> <span class='ocrx_word' id='word_1_710' title='bbox 1278 5465 1487 5520; x_wconf 88' lang='lat' dir='ltr'><strong>Sicium</strong></span> <span class='ocrx_word' id='word_1_711' title='bbox 1536 5466 1610 5518; x_wconf 80' lang='lat' dir='ltr'>rei</span> <span class='ocrx_word' id='word_1_712' title='bbox 1649 5466 1856 5520; x_wconf 74' lang='lat' dir='ltr'><strong>bellica:</strong></span> <span class='ocrx_word' id='word_1_713' title='bbox 1892 5483 1988 5535; x_wconf 82' lang='lat' dir='ltr'><strong>pc-</strong></span> 
     </span>
    </p>
   </div>
   <div class='ocr_carea' id='block_1_94' title="bbox 411 5534 1991 5626">
    <p class='ocr_par' dir='ltr' id='par_1_94' title="bbox 411 5534 1991 5626">
     <span class='ocr_line' id='line_1_94' title="bbox 411 5534 1991 5626; baseline 0.006 -24"><span class='ocrx_word' id='word_1_714' title='bbox 411 5550 762 5618; x_wconf 87' lang='lat' dir='ltr'><strong>ritissimum,</strong></span> <span class='ocrx_word' id='word_1_715' title='bbox 795 5565 847 5607; x_wconf 85' lang='lat' dir='ltr'>et</span> <span class='ocrx_word' id='word_1_716' title='bbox 883 5534 1363 5624; x_wconf 55' lang='lat' dir='ltr'><strong>prmcipuaa&#39;apud</strong></span> <span class='ocrx_word' id='word_1_717' title='bbox 1396 5556 1613 5626; x_wconf 54' lang='lat' dir='ltr'><strong>plebem</strong></span> <span class='ocrx_word' id='word_1_718' title='bbox 1644 5534 1991 5611; x_wconf 77' lang='lat' dir='ltr'><strong>auctoritatis</strong></span> 
     </span>
    </p>
   </div>
   <div class='ocr_carea' id='block_1_95' title="bbox 410 5641 1984 5717">
    <p class='ocr_par' dir='ltr' id='par_1_95' title="bbox 410 5641 1984 5717">
     <span class='ocr_line' id='line_1_95' title="bbox 410 5641 1984 5717; baseline 0.007 -26"><span class='ocrx_word' id='word_1_719' title='bbox 410 5641 615 5703; x_wconf 89' lang='lat' dir='ltr'><strong>virum,</strong></span> <span class='ocrx_word' id='word_1_720' title='bbox 640 5657 764 5696; x_wconf 88' lang='lat' dir='ltr'>cum</span> <span class='ocrx_word' id='word_1_721' title='bbox 790 5646 914 5699; x_wconf 90' lang='lat' dir='ltr'><strong>aliis</strong></span> <span class='ocrx_word' id='word_1_722' title='bbox 939 5645 1006 5700; x_wconf 86' lang='lat' dir='ltr'>ad</span> <span class='ocrx_word' id='word_1_723' title='bbox 1036 5648 1418 5716; x_wconf 87' lang='lat' dir='ltr'><strong>occupandum</strong></span> <span class='ocrx_word' id='word_1_724' title='bbox 1443 5655 1684 5701; x_wconf 84' lang='lat' dir='ltr'><strong>castrum</strong></span> <span class='ocrx_word' id='word_1_725' title='bbox 1705 5648 1984 5717; x_wconf 84' lang='lat' dir='ltr'><strong>quoddam</strong></span> 
     </span>
    </p>
   </div>
   <div class='ocr_carea' id='block_1_96' title="bbox 411 5733 1985 5810">
    <p class='ocr_par' dir='ltr' id='par_1_96' title="bbox 411 5733 1985 5810">
     <span class='ocr_line' id='line_1_96' title="bbox 411 5733 1985 5810; baseline 0.01 -28"><span class='ocrx_word' id='word_1_726' title='bbox 411 5733 638 5787; x_wconf 90' lang='lat' dir='ltr'><strong>missum</strong></span> <span class='ocrx_word' id='word_1_727' title='bbox 691 5753 789 5804; x_wconf 85' lang='lat' dir='ltr'>per</span> <span class='ocrx_word' id='word_1_728' title='bbox 847 5739 1080 5792; x_wconf 78' lang='lat' dir='ltr'><strong>comites</strong></span> <span class='ocrx_word' id='word_1_729' title='bbox 1125 5742 1245 5809; x_wconf 87' lang='lat' dir='ltr'><strong>ejus</strong></span> <span class='ocrx_word' id='word_1_730' title='bbox 1304 5750 1682 5810; x_wconf 82' lang='lat' dir='ltr'><strong>peremerunt.</strong></span> <span class='ocrx_word' id='word_1_731' title='bbox 1743 5743 1985 5797; x_wconf 83' lang='lat' dir='ltr'><strong>Rumore</strong></span> 
     </span>
    </p>
   </div>
   <div class='ocr_carea' id='block_1_97' title="bbox 415 5822 1986 5898">
    <p class='ocr_par' dir='ltr' id='par_1_97' title="bbox 415 5822 1986 5898">
     <span class='ocr_line' id='line_1_97' title="bbox 415 5822 1986 5898; baseline 0.01 -26"><span class='ocrx_word' id='word_1_732' title='bbox 415 5822 469 5874; x_wconf 87' lang='lat' dir='ltr'>in</span> <span class='ocrx_word' id='word_1_733' title='bbox 499 5827 692 5880; x_wconf 83' lang='lat' dir='ltr'><strong>castris</strong></span> <span class='ocrx_word' id='word_1_734' title='bbox 743 5845 952 5898; x_wconf 68' lang='lat' dir='ltr'><strong>sparso,</strong></span> <span class='ocrx_word' id='word_1_735' title='bbox 1002 5846 1123 5885; x_wconf 75' lang='lat' dir='ltr'>cum</span> <span class='ocrx_word' id='word_1_736' title='bbox 1160 5849 1266 5886; x_wconf 89' lang='lat' dir='ltr'>una</span> <span class='ocrx_word' id='word_1_737' title='bbox 1311 5849 1435 5887; x_wconf 89' lang='lat' dir='ltr'>cum</span> <span class='ocrx_word' id='word_1_738' title='bbox 1478 5834 1598 5887; x_wconf 85' lang='lat' dir='ltr'><strong>aliis</strong></span> <span class='ocrx_word' id='word_1_739' title='bbox 1633 5835 1701 5887; x_wconf 82' lang='lat' dir='ltr'>ab</span> <span class='ocrx_word' id='word_1_740' title='bbox 1733 5835 1986 5889; x_wconf 79' lang='lat' dir='ltr'><strong>hostibus</strong></span> 
     </span>
    </p>
   </div>
   <div class='ocr_carea' id='block_1_98' title="bbox 2099 4630 3681 4707">
    <p class='ocr_par' dir='ltr' id='par_1_98' title="bbox 2099 4630 3681 4707">
     <span class='ocr_line' id='line_1_98' title="bbox 2099 4630 3681 4707; baseline 0.004 -25"><span class='ocrx_word' id='word_1_741' title='bbox 2099 4631 2273 4683; x_wconf 82' lang='grc' dir='ltr'>δέλτοι</span> <span class='ocrx_word' id='word_1_742' title='bbox 2307 4630 2480 4693; x_wconf 81' lang='grc' dir='ltr'>ιῦτως</span> <span class='ocrx_word' id='word_1_743' title='bbox 2534 4635 2656 4686; x_wconf 85' lang='grc' dir='ltr'>τότε</span> <span class='ocrx_word' id='word_1_744' title='bbox 2689 4635 2961 4702; x_wconf 83' lang='grc' dir='ltr'>ἐγένοντο.</span> <span class='ocrx_word' id='word_1_745' title='bbox 2989 4637 3052 4689; x_wconf 81' lang='grc' dir='ltr'>Οἱ</span> <span class='ocrx_word' id='word_1_746' title='bbox 3095 4636 3151 4689; x_wconf 83' lang='grc' dir='ltr'>δὲ</span> <span class='ocrx_word' id='word_1_747' title='bbox 3183 4636 3477 4707; x_wconf 85' lang='grc' dir='ltr'>νομοθέται</span> <span class='ocrx_word' id='word_1_748' title='bbox 3533 4637 3681 4689; x_wconf 81' lang='grc' dir='ltr'>ἐκεί-</span> 
     </span>
    </p>
   </div>
   <div class='ocr_carea' id='block_1_99' title="bbox 2098 4724 3676 4797">
    <p class='ocr_par' dir='ltr' id='par_1_99' title="bbox 2098 4724 3676 4797">
     <span class='ocr_line' id='line_1_99' title="bbox 2098 4724 3676 4797; baseline 0.003 -21"><span class='ocrx_word' id='word_1_749' title='bbox 2098 4740 2179 4776; x_wconf 91' lang='grc' dir='ltr'>νοι</span> <span class='ocrx_word' id='word_1_750' title='bbox 2211 4724 2270 4775; x_wconf 88' lang='grc' dir='ltr'>οὐ</span> <span class='ocrx_word' id='word_1_751' title='bbox 2312 4725 2474 4794; x_wconf 72' lang='grc' dir='ltr'>μόνον</span> <span class='ocrx_word' id='word_1_752' title='bbox 2496 4726 2652 4779; x_wconf 81' lang='grc' dir='ltr'>ταῦτ’</span> <span class='ocrx_word' id='word_1_753' title='bbox 2696 4727 2967 4797; x_wconf 73' lang='grc' dir='ltr'>ἔπραξαν,</span> <span class='ocrx_word' id='word_1_754' title='bbox 2997 4729 3135 4783; x_wconf 76' lang='grc' dir='ltr'>ἀλλὰ</span> <span class='ocrx_word' id='word_1_755' title='bbox 3164 4731 3262 4782; x_wconf 78' lang='grc' dir='ltr'>καὶ</span> <span class='ocrx_word' id='word_1_756' title='bbox 3299 4731 3394 4783; x_wconf 81' lang='grc' dir='ltr'>τοῦ</span> <span class='ocrx_word' id='word_1_757' title='bbox 3423 4729 3676 4783; x_wconf 73' lang='grc' dir='ltr'>ἐνιαυτοῦ</span> 
     </span>
    </p>
   </div>
   <div class='ocr_carea' id='block_1_100' title="bbox 2097 4817 3676 4894">
    <p class='ocr_par' dir='ltr' id='par_1_100' title="bbox 2097 4817 3676 4894">
     <span class='ocr_line' id='line_1_100' title="bbox 2097 4817 3676 4894; baseline 0.003 -24"><span class='ocrx_word' id='word_1_758' title='bbox 2097 4817 2196 4888; x_wconf 82' lang='grc' dir='ltr'>τῆς</span> <span class='ocrx_word' id='word_1_759' title='bbox 2220 4819 2396 4889; x_wconf 80' lang='grc' dir='ltr'>ἀρχῆς</span> <span class='ocrx_word' id='word_1_760' title='bbox 2430 4819 2618 4884; x_wconf 79' lang='grc' dir='ltr'>αὐτοῖς</span> <span class='ocrx_word' id='word_1_761' title='bbox 2673 4820 3000 4886; x_wconf 69' lang='grc' dir='ltr'>διελθόντος,</span> <span class='ocrx_word' id='word_1_762' title='bbox 3053 4822 3135 4876; x_wconf 79' lang='grc' dir='ltr'>ἐτι</span> <span class='ocrx_word' id='word_1_763' title='bbox 3181 4825 3299 4886; x_wconf 84' lang='grc' dir='ltr'>τοῖς</span> <span class='ocrx_word' id='word_1_764' title='bbox 3348 4823 3676 4894; x_wconf 79' lang='grc' dir='ltr'>πράγμασιν</span> 
     </span>
    </p>
   </div>
   <div class='ocr_carea' id='block_1_101' title="bbox 2097 4912 3678 4987">
    <p class='ocr_par' dir='ltr' id='par_1_101' title="bbox 2097 4912 3678 4987">
     <span class='ocr_line' id='line_1_101' title="bbox 2097 4912 3678 4987; baseline 0.004 -24"><span class='ocrx_word' id='word_1_765' title='bbox 2097 4912 2407 4982; x_wconf 84' lang='grc' dir='ltr'>ἐνέμειναν,</span> <span class='ocrx_word' id='word_1_766' title='bbox 2445 4913 2538 4985; x_wconf 77' lang='grc' dir='ltr'>βίᾳ</span> <span class='ocrx_word' id='word_1_767' title='bbox 2567 4915 2666 4984; x_wconf 78' lang='grc' dir='ltr'>τὴν</span> <span class='ocrx_word' id='word_1_768' title='bbox 2700 4916 2857 4968; x_wconf 82' lang='grc' dir='ltr'>πόλιν</span> <span class='ocrx_word' id='word_1_769' title='bbox 2883 4917 3232 4987; x_wconf 86' lang='grc' dir='ltr'>κατέχοντες,</span> <span class='ocrx_word' id='word_1_770' title='bbox 3266 4916 3362 4969; x_wconf 82' lang='grc' dir='ltr'>καὶ</span> <span class='ocrx_word' id='word_1_771' title='bbox 3405 4917 3544 4986; x_wconf 81' lang='grc' dir='ltr'>μηδὲ</span> <span class='ocrx_word' id='word_1_772' title='bbox 3577 4919 3678 4984; x_wconf 70' lang='grc' dir='ltr'>τὴν</span> 
     </span>
    </p>
   </div>
   <div class='ocr_carea' id='block_1_102' title="bbox 2100 5003 3679 5079">
    <p class='ocr_par' dir='ltr' id='par_1_102' title="bbox 2100 5003 3679 5079">
     <span class='ocr_line' id='line_1_102' title="bbox 2100 5003 3679 5079; baseline 0.003 -23"><span class='ocrx_word' id='word_1_773' title='bbox 2100 5003 2295 5074; x_wconf 83' lang='grc' dir='ltr'>βουλὴν</span> <span class='ocrx_word' id='word_1_774' title='bbox 2333 5005 2366 5074; x_wconf 76' lang='grc' dir='ltr'><strong>ἢ</strong></span> <span class='ocrx_word' id='word_1_775' title='bbox 2398 5006 2488 5058; x_wconf 80' lang='grc' dir='ltr'>τὸν</span> <span class='ocrx_word' id='word_1_776' title='bbox 2529 5008 2702 5076; x_wconf 83' lang='grc' dir='ltr'>δῆμον</span> <span class='ocrx_word' id='word_1_777' title='bbox 2734 5008 3106 5078; x_wconf 81' lang='grc' dir='ltr'>ἀθροίζοντες,</span> <span class='ocrx_word' id='word_1_778' title='bbox 3146 5009 3233 5062; x_wconf 76' lang='grc' dir='ltr'>ἵνα</span> <span class='ocrx_word' id='word_1_779' title='bbox 3287 5010 3364 5079; x_wconf 84' lang='grc' dir='ltr'>μὴ</span> <span class='ocrx_word' id='word_1_780' title='bbox 3392 5011 3679 5064; x_wconf 77' lang='grc' dir='ltr'>συνελθόν⁴</span> 
     </span>
    </p>
   </div>
   <div class='ocr_carea' id='block_1_103' title="bbox 2095 5099 3676 5162">
    <p class='ocr_par' dir='ltr' id='par_1_103' title="bbox 2095 5099 3676 5162">
     <span class='ocr_line' id='line_1_103' title="bbox 2095 5099 3676 5162; baseline 0.004 -12"><span class='ocrx_word' id='word_1_781' title='bbox 2095 5116 2187 5162; x_wconf 90' lang='grc' dir='ltr'>τες</span> <span class='ocrx_word' id='word_1_782' title='bbox 2226 5099 2514 5152; x_wconf 66' lang='grc' dir='ltr'>παύσωσιν</span> <span class='ocrx_word' id='word_1_783' title='bbox 2538 5099 2756 5162; x_wconf 77' lang='grc' dir='ltr'>αὐτούς.</span> <span class='ocrx_word' id='word_1_784' title='bbox 2797 5101 3047 5153; x_wconf 82' lang='grc' dir='ltr'>Δίκουῶν</span> <span class='ocrx_word' id='word_1_785' title='bbox 3083 5101 3141 5154; x_wconf 84' lang='grc' dir='ltr'>δὲ</span> <span class='ocrx_word' id='word_1_786' title='bbox 3177 5102 3272 5154; x_wconf 88' lang='grc' dir='ltr'>καὶ</span> <span class='ocrx_word' id='word_1_787' title='bbox 3308 5102 3556 5155; x_wconf 78' lang='grc' dir='ltr'>Σαϐίνων</span> <span class='ocrx_word' id='word_1_788' title='bbox 3579 5103 3676 5156; x_wconf 69' lang='grc' dir='ltr'>πέ-</span> 
     </span>
    </p>
   </div>
   <div class='ocr_carea' id='block_1_104' title="bbox 2094 5191 3676 5263">
    <p class='ocr_par' dir='ltr' id='par_1_104' title="bbox 2094 5191 3676 5263">
     <span class='ocr_line' id='line_1_104' title="bbox 2094 5191 3676 5263; baseline 0.003 -20"><span class='ocrx_word' id='word_1_789' title='bbox 2094 5191 2260 5259; x_wconf 81' lang='grc' dir='ltr'>λεμον</span> <span class='ocrx_word' id='word_1_790' title='bbox 2317 5193 2627 5259; x_wconf 70' lang='grc' dir='ltr'>αἰρομένων</span> <span class='ocrx_word' id='word_1_791' title='bbox 2676 5195 2819 5245; x_wconf 76' lang='grc' dir='ltr'>κατὰ</span> <span class='ocrx_word' id='word_1_792' title='bbox 2859 5193 3171 5263; x_wconf 81' lang='grc' dir='ltr'>Ῥωμαίων,</span> <span class='ocrx_word' id='word_1_793' title='bbox 3211 5195 3332 5247; x_wconf 87' lang='grc' dir='ltr'>τότε</span> <span class='ocrx_word' id='word_1_794' title='bbox 3385 5196 3514 5257; x_wconf 78' lang='grc' dir='ltr'>τοὺς</span> <span class='ocrx_word' id='word_1_795' title='bbox 3549 5195 3676 5246; x_wconf 83' lang='grc' dir='ltr'>ἐπι-</span> 
     </span>
    </p>
   </div>
   <div class='ocr_carea' id='block_1_105' title="bbox 2093 5281 3676 5356">
    <p class='ocr_par' dir='ltr' id='par_1_105' title="bbox 2093 5281 3676 5356">
     <span class='ocr_line' id='line_1_105' title="bbox 2093 5281 3676 5356; baseline 0.004 -24"><span class='ocrx_word' id='word_1_796' title='bbox 2093 5281 2342 5350; x_wconf 79' lang='grc' dir='ltr'>τηδείους</span> <span class='ocrx_word' id='word_1_797' title='bbox 2413 5282 2599 5345; x_wconf 79' lang='grc' dir='ltr'>αὐτοῖς</span> <span class='ocrx_word' id='word_1_798' title='bbox 2661 5283 3194 5353; x_wconf 81' lang='grc' dir='ltr'>παρασκευάσαντες</span> <span class='ocrx_word' id='word_1_799' title='bbox 3232 5325 3248 5348; x_wconf 96' lang='grc'>,</span> <span class='ocrx_word' id='word_1_800' title='bbox 3309 5284 3676 5356; x_wconf 78' lang='grc' dir='ltr'>διεπράξαντο</span> 
     </span>
    </p>
   </div>
   <div class='ocr_carea' id='block_1_106' title="bbox 2094 5373 3673 5448">
    <p class='ocr_par' dir='ltr' id='par_1_106' title="bbox 2094 5373 3673 5448">
     <span class='ocr_line' id='line_1_106' title="bbox 2094 5373 3673 5448; baseline 0.004 -24"><span class='ocrx_word' id='word_1_801' title='bbox 2094 5373 2246 5439; x_wconf 77' lang='grc' dir='ltr'>σφίσι</span> <span class='ocrx_word' id='word_1_802' title='bbox 2288 5376 2413 5437; x_wconf 80' lang='grc' dir='ltr'>τούς</span> <span class='ocrx_word' id='word_1_803' title='bbox 2456 5374 2730 5444; x_wconf 82' lang='grc' dir='ltr'>πολέμους</span> <span class='ocrx_word' id='word_1_804' title='bbox 2765 5377 3166 5448; x_wconf 85' lang='grc' dir='ltr'>ἐπιτραπῆναι.</span> <span class='ocrx_word' id='word_1_805' title='bbox 3241 5378 3336 5431; x_wconf 87' lang='grc' dir='ltr'>Ἐκ</span> <span class='ocrx_word' id='word_1_806' title='bbox 3390 5379 3520 5447; x_wconf 86' lang='grc' dir='ltr'>γοῦν</span> <span class='ocrx_word' id='word_1_807' title='bbox 3570 5377 3673 5447; x_wconf 81' lang='grc' dir='ltr'>τῆς</span> 
     </span>
    </p>
   </div>
   <div class='ocr_carea' id='block_1_107' title="bbox 2091 5465 3669 5539">
    <p class='ocr_par' dir='ltr' id='par_1_107' title="bbox 2091 5465 3669 5539">
     <span class='ocr_line' id='line_1_107' title="bbox 2091 5465 3669 5539; baseline 0.004 -23"><span class='ocrx_word' id='word_1_808' title='bbox 2091 5465 2387 5534; x_wconf 81' lang='grc' dir='ltr'>δεκαρχίας</span> <span class='ocrx_word' id='word_1_809' title='bbox 2402 5467 2586 5519; x_wconf 84' lang='grc' dir='ltr'>αὐτῶν</span> <span class='ocrx_word' id='word_1_810' title='bbox 2607 5469 2862 5538; x_wconf 83' lang='grc' dir='ltr'>Σερούϊος</span> <span class='ocrx_word' id='word_1_811' title='bbox 2889 5472 2987 5539; x_wconf 92' lang='grc' dir='ltr'>μέν</span> <span class='ocrx_word' id='word_1_812' title='bbox 3015 5472 3257 5535; x_wconf 77' lang='grc' dir='ltr'>Ὄππιος</span> <span class='ocrx_word' id='word_1_813' title='bbox 3297 5472 3392 5524; x_wconf 78' lang='grc' dir='ltr'>καὶ</span> <span class='ocrx_word' id='word_1_814' title='bbox 3432 5473 3669 5532; x_wconf 72' lang='grc' dir='ltr'>’Ἄππιος</span> 
     </span>
    </p>
   </div>
   <div class='ocr_carea' id='block_1_108' title="bbox 2093 5557 3669 5631">
    <p class='ocr_par' dir='ltr' id='par_1_108' title="bbox 2093 5557 3669 5631">
     <span class='ocr_line' id='line_1_108' title="bbox 2093 5557 3669 5631; baseline 0.006 -22"><span class='ocrx_word' id='word_1_815' title='bbox 2093 5557 2358 5622; x_wconf 72' lang='grc' dir='ltr'>Κλαύδιος</span> <span class='ocrx_word' id='word_1_816' title='bbox 2405 5561 2547 5613; x_wconf 65' lang='grc' dir='ltr'>κατὰ</span> <span class='ocrx_word' id='word_1_817' title='bbox 2569 5559 2756 5630; x_wconf 87' lang='grc' dir='ltr'>χώραν</span> <span class='ocrx_word' id='word_1_818' title='bbox 2783 5561 3041 5631; x_wconf 60' lang='grc' dir='ltr'>ἔμειναν,</span> <span class='ocrx_word' id='word_1_819' title='bbox 3077 5565 3134 5616; x_wconf 79' lang='grc' dir='ltr'>οἱ</span> <span class='ocrx_word' id='word_1_820' title='bbox 3161 5565 3218 5617; x_wconf 83' lang='grc' dir='ltr'>δέ</span> <span class='ocrx_word' id='word_1_821' title='bbox 3246 5565 3392 5618; x_wconf 76' lang='grc' dir='ltr'>ὀκτὼ</span> <span class='ocrx_word' id='word_1_822' title='bbox 3420 5567 3510 5617; x_wconf 72' lang='grc' dir='ltr'>ἐπὶ</span> <span class='ocrx_word' id='word_1_823' title='bbox 3541 5565 3669 5625; x_wconf 77' lang='grc' dir='ltr'>τοὺς</span> 
     </span>
    </p>
   </div>
   <div class='ocr_carea' id='block_1_109' title="bbox 2093 5650 3668 5726">
    <p class='ocr_par' dir='ltr' id='par_1_109' title="bbox 2093 5650 3668 5726">
     <span class='ocr_line' id='line_1_109' title="bbox 2093 5650 3668 5726; baseline 0.004 -24"><span class='ocrx_word' id='word_1_824' title='bbox 2093 5650 2391 5720; x_wconf 85' lang='grc' dir='ltr'>πολεμίους</span> <span class='ocrx_word' id='word_1_825' title='bbox 2421 5653 2816 5723; x_wconf 80' lang='grc' dir='ltr'>ἐστράτευσαν.</span> <span class='ocrx_word' id='word_1_826' title='bbox 2852 5656 3040 5709; x_wconf 83' lang='grc' dir='ltr'>Πάντα</span> <span class='ocrx_word' id='word_1_827' title='bbox 3076 5657 3178 5726; x_wconf 82' lang='grc' dir='ltr'>μὲν</span> <span class='ocrx_word' id='word_1_828' title='bbox 3228 5657 3416 5713; x_wconf 78' lang='grc' dir='ltr'>ἁπλῶς</span> <span class='ocrx_word' id='word_1_829' title='bbox 3471 5658 3566 5710; x_wconf 72' lang='grc' dir='ltr'>καὶ</span> <span class='ocrx_word' id='word_1_830' title='bbox 3597 5655 3668 5709; x_wconf 81' lang='grc' dir='ltr'>τὰ</span> 
     </span>
    </p>
   </div>
   <div class='ocr_carea' id='block_1_110' title="bbox 2091 5743 3659 5820">
    <p class='ocr_par' dir='ltr' id='par_1_110' title="bbox 2091 5743 3659 5820">
     <span class='ocr_line' id='line_1_110' title="bbox 2091 5743 3659 5820; baseline 0.004 -25"><span class='ocrx_word' id='word_1_831' title='bbox 2091 5747 2150 5795; x_wconf 79' lang='grc' dir='ltr'>ἐν</span> <span class='ocrx_word' id='word_1_832' title='bbox 2188 5743 2266 5813; x_wconf 82' lang='grc' dir='ltr'>τῷ</span> <span class='ocrx_word' id='word_1_833' title='bbox 2286 5745 2442 5798; x_wconf 76' lang='grc' dir='ltr'>ἄστει</span> <span class='ocrx_word' id='word_1_834' title='bbox 2461 5746 2558 5800; x_wconf 58' lang='grc' dir='ltr'>καί¹</span> <span class='ocrx_word' id='word_1_835' title='bbox 2581 5746 2649 5798; x_wconf 85' lang='grc' dir='ltr'>τά</span> <span class='ocrx_word' id='word_1_836' title='bbox 2676 5748 2736 5798; x_wconf 87' lang='grc' dir='ltr'>ἐν</span> <span class='ocrx_word' id='word_1_837' title='bbox 2761 5751 2874 5811; x_wconf 85' lang='grc' dir='ltr'>τοῖς</span> <span class='ocrx_word' id='word_1_838' title='bbox 2909 5750 3298 5818; x_wconf 76' lang='grc' dir='ltr'>στρατοπέδοις</span> <span class='ocrx_word' id='word_1_839' title='bbox 3331 5751 3659 5820; x_wconf 81' lang='grc' dir='ltr'>τετάρακτο,</span> 
     </span>
    </p>
   </div>
   <div class='ocr_carea' id='block_1_111' title="bbox 2090 5837 3662 5914">
    <p class='ocr_par' dir='ltr' id='par_1_111' title="bbox 2090 5837 3662 5914">
     <span class='ocr_line' id='line_1_111' title="bbox 2090 5837 3662 5914; baseline 0.003 -25"><span class='ocrx_word' id='word_1_840' title='bbox 2090 5838 2381 5892; x_wconf 78' lang='grc' dir='ltr'>κάντεῦθεν</span> <span class='ocrx_word' id='word_1_841' title='bbox 2414 5839 2606 5903; x_wconf 76' lang='grc' dir='ltr'>στάσις</span> <span class='ocrx_word' id='word_1_842' title='bbox 2634 5837 2789 5904; x_wconf 70' lang='grc' dir='ltr'>αὖθις</span> <span class='ocrx_word' id='word_1_843' title='bbox 2814 5842 3138 5913; x_wconf 72' lang='grc' dir='ltr'>συνηνέχθη.</span> <span class='ocrx_word' id='word_1_844' title='bbox 3160 5842 3528 5914; x_wconf 73' lang='grc' dir='ltr'>Ἑμὸαλόντες</span> <span class='ocrx_word' id='word_1_845' title='bbox 3551 5843 3662 5914; x_wconf 76' lang='grc' dir='ltr'>γὰρ</span> 
     </span>
    </p>
   </div>
  </div>
