4060 6396
399 359 504 422 601

1635 371 2044 431 ANNALIUM
2086 371 2236 430 LIB.
2287 371 2424 430 VII.

400 469 483 533 είς
516 469 618 539 τὴν
668 470 778 525 τῶν
817 472 1063 530 Σαϐίνων
1103 476 1209 546 γῆν
1240 477 1291 531 oi
1340 479 1716 550 στρατίαρχοι,
1746 481 1973 535 Δούκιόν

2084 495 2284 534 cazsum
2317 496 2440 533 esse
2470 498 2486 531 -.
2516 479 2716 534 milites
2744 479 2810 534 ad
2834 480 3104 537 cadavera
3140 480 3381 537 tollenda
3411 482 3668 550 profecti.

399 577 526 614 τινα
571 562 755 617 Σίκιον
808 563 910 637 (1),
945 565 1117 639 ἄκρον
1147 586 1208 622 τε
1259 570 1330 622 τὰ
1371 571 1611 641 πολέμια
1653 575 1748 626 καὶ
1778 575 1836 627 ἐν
1866 577 1982 637 τοῖς

398 651 643 723 πρώτοις
669 655 764 708 τοῦ
801 657 996 728 ὁμίλου
1036 661 1554 734 καταριθμούμενον
1577 705 1590 728 ,
1629 664 1752 733 μεθ’
1779 665 1983 734 ἐτέρων

401 745 478 811 ὥς
532 764 586 800 τι
653 749 858 821 χωρίον
915 752 1369 825 καταληψόμενον
1411 755 1681 828 [ἔπεμψαν
1713 797 1727 821 ,
1769 759 1864 810 καὶ
1893 758 1982 812 διὰ

399 837 510 891 τῶν
543 842 1083 911 συνεκπεμφθέντων
1109 845 1260 917 αὐτῷ
1307 847 1401 900 τὸν
1435 847 1605 918 ἄνδρα
1645 848 1979 921 διέφθειραν.

396 929 576 998 Λόγου
600 931 644 984 δ’
670 934 750 995 είς
780 935 841 986 τὸ
873 937 1242 1006 στρατόπεδον
1268 940 1576 1008 γεγονότος,
1603 941 1678 1001 ὼς
1696 943 1850 1012 παρὰ
1885 961 1982 995 πο-

396 1021 602 1092 λεμίων
635 1023 730 1078 τοῦ
759 1027 954 1097 ἀνδρὸς
985 1030 1083 1083 σὺν
1115 1031 1298 1095 ἄλλοις
1327 1032 1695 1104 ἀνῃρημένου,
1728 1037 1778 1088 ot
1811 1052 1978 1104 στρα-

393 1113 614 1182 τιῶται,
675 1117 966 1174 ἀνελέσθαι
999 1122 1130 1184 τοὺς
1163 1125 1394 1194 νεκροὺς
1435 1126 1804 1196 ὁρμήσαντες,
1829 1129 1982 1182 οὐδὲν

395 1205 559 1277 σῶμα
605 1209 716 1262 τῶν
771 1212 1033 1267 ἐναντίων
1091 1215 1404 1286 εὐρήκασι,
1469 1219 1698 1289 συχνοὺς
1755 1219 1812 1272 δὲ
1867 1220 1976 1274 τῶν

393 1299 710 1368 ὁμοφύλων,
744 1300 839 1367 οὒς
869 1303 898 1356 ό
926 1304 1107 1369 Σίκιος
1148 1307 1510 1378 ἐπιθεμένους
1540 1310 1689 1380 αὐτῷ
1728 1313 1980 1365 ἀπέκτει-

391 1407 480 1445 νεν
515 1393 878 1465 ἀμυνόμενος.
935 1395 1025 1460 Ὠς
1047 1394 1140 1452 οὖν
1173 1400 1360 1472 κύκλῳ
1388 1419 1448 1456 τε
1483 1401 1652 1456 αὐτοῦ
1685 1405 1978 1476 κειμένους

390 1486 488 1538 καὶ
510 1488 931 1559 τετραμμένους
955 1491 1093 1560 πρὸς
1127 1491 1294 1546 αὐτὸν
1321 1491 1486 1558 εἶδον,
1523 1495 1881 1562 ὐπετόπησαν
1913 1498 1976 1550 τὸ

389 1575 720 1646 γενόμενον,
767 1581 863 1632 καὶ
914 1581 1098 1650 μέντοι
1151 1584 1246 1636 καὶ
1316 1585 1682 1657 ἐθορύϐησαν.
1730 1589 1875 1659 Πρὸς
1919 1589 1978 1643 δὲ

389 1670 501 1731 τοῖς
535 1670 630 1721 καὶ
660 1671 750 1725 διά
777 1689 831 1724 τι
861 1674 1105 1728 τοιοῦτον
1127 1693 1141 1708 ο
1176 1676 1408 1736 Aoum.-
1432 1698 1518 1743 τις
1544 1679 1890 1752 Οὐεργίνιος,
1911 1682 1976 1736 ἐκ

389 1761 485 1814 τοῦ
538 1762 778 1833 πλήθους
827 1765 924 1830 ὢν,
970 1767 1388 1840 καὶ,θυγατέρα
1443 1771 1587 1841 ἔχων
1643 1771 1973 1844 περικαλλῆ,

391 1849 611 1918 Λουκίῳ
648 1853 884 1926 Ίκιλλίῳ
912 1858 1024 1912 τῶν
1054 1859 1258 1929 ὁμοίων
1287 1861 1439 1932 αὐτῷ
1468 1861 1727 1917 ἐκδώσειν
1755 1863 1970 1934 ἔμελλε.

389 1941 658 2013 Ταύτηςό
705 1945 978 2012 Κλαύδιος
1014 1951 1294 2022 ἐρασθεὶς,
1353 1955 1448 2007 καὶ
1497 1954 1572 2026 μὴ
1604 1955 1826 2025 τυχὼν,
1870 1973 1976 2010 πα-

391 2036 698 2106 ρεσκεύασέ
716 2057 873 2107 τινας
907 2042 1327 2114 δουλαγωγῆσαι
1357 2047 1556 2118 αὐτήν.
1589 2047 1790 2102 Ἐλθὼν
1821 2051 1850 2103 ὀ
1877 2048 1978 2119 τῆς

389 2128 561 2201 κόρης
598 2132 785 2204 πατὴρ
831 2137 896 2188 ὲκ
935 2135 1030 2190 τοῦ
1075 2139 1445 2210 στρατοπέδου
1467 2182 1484 2208 ,
1521 2141 1972 2211 ἐδικαιολογεῖτο.

401 2216 491 2282 Ὠς
523 2219 582 2272 δὲ
609 2221 638 2273 ό
672 2221 941 2286 Κλαύδιος
971 2224 1180 2297 ταύτης
1231 2228 1676 2298 κατεψηφίσατο,
1733 2231 1833 2285 καὶ
1860 2234 1976 2296 τοῖς

386 2314 832 2386 δουλαγωγοῦσιν
859 2321 1033 2384 αὐτὴν
1095 2324 1128 2391 ἡ
1188 2323 1328 2394 κόρη
1386 2325 1688 2396 παρεδόθη,
1734 2327 1830 2380 καὶ
1882 2327 1975 2380 οὐ-

387 2407 500 2472 δεὶς
568 2411 891 2480 ἐπήμυνεν,
956 2413 1346 2484 ὐπερήλγησεν
1419 2421 1446 2471 ό
1501 2419 1708 2490 ταύτης
1764 2421 1971 2491 πατὴρ.

388 2501 486 2554 καὶ
530 2501 642 2572 τὴν
706 2503 988 2576 θυγατέρα
1041 2509 1223 2561 κοπίδι
1273 2510 1778 2582 διαχειρισάμενος,
1835 2513 1973 2582 πρὲις

386 2593 518 2656 τοὺς
554 2594 923 2663 στρατιώτας,
974 2597 1051 2661 ώς
1103 2594 1277 2669 εἶχεν,
1305 2603 1655 2673 ἐξώρμησεν.
1709 2603 1816 2666 Οὓς
1849 2603 1972 2657 οὐδὲ

391 2683 526 2754 πρὶν
552 2679 611 2738 εὖ
685 2685 1069 2758 διακειμένους
1093 2689 1266 2755 οὔτως
1305 2692 1591 2762 ἐτάραξεν,
1631 2696 1772 2750 ὥστε
1801 2695 1971 2760 εὐθὺς

389 2775 486 2828 ἐπὶ
531 2778 633 2846 τὴν
686 2779 845 2832 πόλιν
892 2780 1032 2850 πρὸς
1057 2783 1152 2835 τὸν
1187 2784 1462 2838 Κλαύδιον
1485 2788 1832 2856 ἐπειχθῆναι.
1862 2787 1974 2841 Καὶ

387 2869 437 2923 οἱ
479 2869 660 2940 ἕτεροι
703 2871 762 2925 δέ
805 2873 856 2925 oi
903 2873 998 2927 ἐπὶ
1042 2875 1170 2939 τοὺς
1220 2878 1487 2942 Σαϐίνους
1520 2881 1969 2951 ἐστρατευμένοι,

388 2960 513 3012 ἐπεὶ
545 2960 690 3014 τοῦτ’
733 2961 964 3033 ἔμαθον,
1000 2965 1062 3019 τό
1115 2983 1176 3019 τε
1230 2968 1524 3039 τάφρευμα
1557 2970 1812 3037 ἐξέλιπον
1834 2987 1847 3001 ·
1875 2971 1974 3024 καλ⁵

389 3053 765 3122 συμμίξαντες
807 3059 918 3120 τοῖς
979 3057 1212 3125 λοιποῖς,
1267 3062 1467 3132 ἄνδρας
1501 3063 1710 3117 εἴκοσιν
1759 3064 1972 3117 ἑαυτῶν

389 3147 826 3218 προεστήσαντο,
861 3150 956 3203 καὶ
985 3151 1139 3205 οὐδὲν
1178 3155 1376 3224 μικρὸν
1401 3155 1710 3222 ἐλογίζοντο
1740 3156 1969 3226 πρᾶξαι.

395 3237 508 3290 Καὶ
559 3239 620 3292 τὸ
666 3239 797 3294 ἄλλο
835 3241 891 3293 δὲ
925 3241 1132 3312 πλῆθος
1170 3244 1248 3314 τῷ
1293 3245 1351 3296 ἐν
1390 3247 1456 3316 τῇ
1482 3245 1642 3298 πόλει
1680 3244 1969 3316 προσεχώ-

392 3345 560 3399 ρησεν
620 3330 833 3396 αὐτοῖς,
871 3335 961 3384 καὶ
1024 3333 1143 3404 μετ’
1179 3335 1362 3387 αὐτῶν
1393 3335 1672 3405 ἐθορύϐει.
1714 3337 1802 3389 Ἐν
1841 3335 1966 3388 τού-

386 3436 504 3483 τοις
527 3421 554 3472 ό
588 3421 687 3491 μὲν
737 3421 1008 3486 Κλαύδιος
1040 3421 1304 3494 φοϐηθεὶς
1350 3423 1586 3494 ἐκρύϐη.
1630 3425 1872 3487 Ὄππιος
1906 3423 1963 3476 δὲ

389 3509 492 3579 τήν
527 3525 588 3561 τε
645 3507 846 3578 βουλὴν
927 3509 1185 3581 ἡθροισε,
1211 3513 1306 3564 καὶ
1340 3511 1563 3581 πέμψας
1612 3512 1846 3565 ἐπύθετο
1873 3510 1968 3564 τοῦ

392 3599 653 3669 πλήθους,
682 3599 735 3651 τί
775 3598 1076 3669 βούλονται.
1117 3601 1182 3654 Οἱ
1223 3600 1280 3653 δὲ
1332 3601 1423 3655 τὸν
1473 3602 1806 3674 Οὐαλλέριον
1840 3602 1969 3655 Λού·

389 3709 508 3745 κιον
547 3694 642 3745 καὶ
682 3692 775 3745 τὸν
807 3692 1057 3763 Ὁράτιον
1086 3693 1338 3762 Μάρκον,
1373 3693 1574 3764 ἄνδρας
1603 3697 1666 3746 ἐκ
1701 3693 1813 3746 τῶν
1851 3694 1976 3764 βου-

389 3783 596 3837 λευτῶν
629 3785 817 3848 αὐτοῖς
882 3785 1322 3854 προσκειμένους
1353 3825 1369 3848 ,
1406 3785 1730 3856 πεμφθῆναι
1789 3789 1974 3855 σφίσιν

389 3877 639 3947 ἐζήτουν,
672 3876 747 3940 ὥς
770 3893 825 3929 τι
852 3876 922 3930 δι’
944 3878 1171 3930 ἐκείνων
1199 3877 1689 3948 ἀποκρινούμενοι.
1733 3879 1888 3931 Ἐπεὶ
1916 3877 1975 3930 δὲ

388 3969 491 4021 οὐκ
520 3969 908 4040 ἐπέμφθησαν,
959 3971 1315 4040 φοϐηθέντων
1364 3970 1476 4025 τῶν
1519 3971 1650 4024 δέκα
1683 3972 1967 4042 ἀρχόντων

2084 585 2209 624 cum
2245 570 2457 623 nullum
2491 569 2693 624 hostile
2724 585 2952 640 corpus,
2995 570 3094 624 sed
3124 571 3330 626 civium
3381 573 3666 642 complura

2084 662 2329 732 undique
2370 663 2517 716 circa
2574 662 2814 717 Siccium
2871 663 3132 734 jacentia,
3162 673 3218 718 et
3266 663 3334 718 ad
3379 679 3502 718 cum
3534 681 3671 719 con-

2081 769 2240 808 versa
2291 754 2568 814 viderent,
2627 769 2769 822 quos
2815 769 2875 808 se
2968 754 3318 809 defendendo
3391 755 3671 809 occiderat

2081 845 2365 914 suspicati,
2405 844 2538 914 quid
2587 859 2769 899 actum
2814 853 2982 907 esset,
3038 855 3096 901 et
3140 845 3455 900 tumultuati
3516 854 3666 902 sunt.

2081 937 2200 994 Huc
2224 937 2372 992 aliud
2404 937 2620 993 facinus
2649 939 2906 993 accessit.
2952 938 3161 993 Lucius
3195 938 3476 1004 Virginius
3500 938 3666 992 homo

2079 1032 2348 1103 plebeius,
2383 1031 2650 1101 virginem
2702 1030 3162 1084 formosissimam
3211 1027 3275 1082 L.
3333 1029 3486 1083 Icilio
3521 1029 3670 1098 ejus-

2079 1124 2204 1178 dem
2249 1122 2464 1178 ordinis
2505 1122 2628 1176 viro
2670 1120 3040 1191 desponderat
3073 1138 3087 1176 :
3137 1135 3303 1190 quam
3337 1135 3461 1173 cum
3487 1118 3666 1174 Clau-

2082 1214 2209 1268 dius
2238 1212 2539 1281 deperiret,
2568 1227 2673 1266 nec
2699 1221 2880 1265 tamen
2913 1226 2976 1266 ea
3006 1211 3170 1280 potiri
3194 1219 3403 1281 posset,
3431 1210 3666 1280 quibus-

2079 1303 2204 1358 dam
2236 1304 2516 1375 negotium
2548 1303 2700 1358 dedit
2747 1304 2977 1374 virginis
3028 1320 3083 1357 In
3136 1304 3462 1358 servitutem
3509 1319 3666 1359 asse-

2079 1396 2284 1452 renda}.
2336 1395 2508 1461 Quam
2545 1410 2670 1450 cum
2703 1405 2862 1464 pater
2888 1414 2919 1450 e
2949 1395 3146 1450 castris
3174 1409 3435 1450 reversus
3464 1393 3660 1449 deft-n-

2089 1487 2264 1553 deret,
2343 1487 2610 1543 Claudius
2665 1499 2848 1543 autem
2915 1486 3373 1550 accusatoribus,
3441 1487 3665 1541 nemine

2081 1580 2389 1651 opitulante
2417 1620 2434 1646 ,
2485 1581 2770 1636 addiceret
2815 1597 2828 1634 :
2885 1587 3040 1649 pater
3084 1579 3274 1634 dolore
3327 1589 3661 1645 commotus,

2079 1671 2190 1726 filia
2221 1673 2400 1727 cultro
2437 1671 2748 1734 interfecta.
2777 1674 2959 1728 statim
2988 1673 3054 1727 ad
3100 1673 3306 1728 milites
3338 1682 3599 1744 properat
3637 1688 3654 1725 :

2079 1780 2219 1835 quos
2264 1778 2369 1819 nec
2409 1774 2536 1819 ante
2584 1763 2725 1819 bene
2760 1764 2984 1820 allectos
3037 1764 3120 1820 sic
3169 1765 3560 1834 perturbavit,
3601 1770 3666 1817 ut

2000 1845 2050 1906 B
2076 1868 2202 1908 mox
2230 1854 2284 1907 in
2313 1852 2480 1925 35,8
2504 1853 2699 1909 urbem
2732 1863 2926 1908 contra
2959 1854 3249 1910 Claudium
3277 1860 3664 1911 occurrerent.

2077 1943 2184 1999 Alii
2217 1960 2463 2016 quoque,
2508 1944 2604 2014 qui
2641 1957 2836 2000 contra
2869 1945 3105 2001 Sabinos
3146 1946 3484 2016 pugnabant,
3514 1960 3578 2000 ea
3605 1958 3665 2000 re

2077 2037 2339 2108 cognita,
2395 2037 2541 2092 vallo
2591 2037 2815 2092 deserto
2866 2026 3150 2108 congressi
3211 2054 3338 2092 cum
3388 2037 3658 2106 reliquis,

2074 2130 2212 2185 viris
2258 2146 2327 2184 xx
2385 2144 2602 2185 summa
2646 2145 2836 2185 rerum
2881 2130 3161 2192 mandata,
3203 2130 3338 2184 nihil
3377 2130 3660 2184 modicum

2073 2220 2410 2291 cogitarunt.
2458 2220 2713 2275 Accessit
2765 2220 2936 2274 etiam
2984 2221 3190 2274 urbana
3241 2218 3564 2282 multitudo,
3597 2231 3663 2272 ac

2075 2311 2373 2366 tumultum
2426 2309 2601 2365 auxit.
2661 2311 2876 2366 [nterea
2931 2310 3198 2366 Claudius
3249 2327 3362 2381 pra:
3412 2320 3564 2365 metu
3605 2324 3668 2364 se

2074 2403 2386 2460 abscondit.
2432 2403 2640 2472 Oppius
2684 2419 2838 2468 vero,
2875 2413 3068 2460 coacto
3101 2415 3321 2468 senatu,
3367 2419 3466 2474 per
3492 2403 3667 2458 inter-

2074 2495 2302 2550 nuntios
2324 2493 2732 2549 multitudinem
2751 2503 3169 2564 percunctatur,
3198 2477 3332 2564 quid
3364 2493 3472 2548 sibi
3507 2493 3664 2548 velit.

2072 2587 2204 2654 Quae
2234 2603 2360 2641 cum
2407 2585 2469 2640 L.
2514 2585 2791 2641 Valerium
2841 2596 2896 2643 et
2941 2587 3012 2643 M.
3058 2587 3344 2643 Horatium
3390 2586 3663 2640 senatorii

2074 2679 2310 2746 ordinis,
2345 2681 2437 2737 sed
2467 2678 2728 2736 homines
2757 2678 3076 2750 populares,
3108 2677 3177 2732 ad
3203 2693 3263 2733 se
3296 2677 3440 2731 mitti
3474 2685 3668 2747 postu-

2072 2772 2236 2838 laret,
2287 2789 2387 2844 per
2439 2790 2579 2846 quos
2636 2789 2967 2844 responsum
3040 2771 3242 2827 datura
3287 2779 3454 2836 esset,
3514 2770 3668 2841 iique

2074 2866 2226 2921 missi
2259 2883 2368 2922 non
2398 2876 2586 2923 essent
2606 2886 2618 2921 :
2640 2867 2834 2922 veritis
2856 2867 3078 2922 dcerem
3104 2865 3260 2930 viris,
3290 2880 3359 2920 ne
3383 2873 3575 2918 contra
3605 2879 3667 2918 se

2075 2955 2330 3011 consules
2375 2963 2706 3010 crearentur
2762 2957 2892 3026 (jam
2950 2955 3101 3010 enim
3164 2969 3359 3009 omnes
3409 2953 3666 3022 aderant)

2076 3048 2251 3119 major
2292 3047 2601 3119 indignatio
2647 3049 2837 3119 populi
2879 3057 2966 3104 est
3003 3056 3214 3103 exorta.
3271 3047 3386 3113 Qua
3437 3045 3668 3101 territus

2077 3151 2322 3205 senatus,
2353 3143 2440 3196 vel
2477 3141 2665 3197 invitis
2697 3140 3050 3206 decemviris,
3093 3141 3370 3196 Valerium
3402 3148 3458 3194 et
3489 3139 3667 3194 Hora-

2076 3233 2209 3290 tium
2254 3234 2526 3304 ablegavit
2575 3251 2587 3286 :
2639 3234 3059 3303 compositaque
3103 3230 3483 3286 controversia
3511 3269 3526 3293 ,
3577 3239 3666 3284 tu-

2072 3326 2280 3381 multus
2311 3326 2630 3380 auctoribus
2661 3326 2789 3380 data
2817 3335 2904 3380 est
2934 3324 3260 3395 impunitas,
3287 3321 3664 3382 decemviratu

2072 3421 2358 3491 abrogato.
2410 3420 2594 3474 Annui
2650 3434 2784 3475 vero
2831 3419 3188 3489 magistratus
3238 3432 3364 3471 cum
3397 3415 3512 3478 alii,
3547 3422 3661 3467 tum

2073 3513 2450 3574 tribunorum,
2495 3512 2693 3568 iisdem
2750 3510 3190 3574 conditionibus,
3257 3508 3463 3578 quibus
3512 3507 3671 3575 prius

2072 3613 2359 3663 steterant.
2397 3613 2526 3658 sunt
2565 3603 2828 3658 revocati.
2877 3601 3030 3658 Lecti
3064 3617 3188 3656 cuin
3222 3600 3340 3658 alii.
3375 3608 3490 3652 tum
3533 3596 3659 3651 Vir-

2074 3693 2278 3765 ginius.
2309 3693 2548 3764 Oppium
2589 3705 2646 3749 et
2679 3694 2973 3750 Claudium
3023 3694 3077 3746 in
3113 3707 3398 3748 carcerem
3436 3702 3667 3757 compe-

2077 3797 2280 3858 gerunt
2332 3806 2346 3842 :
2401 3789 2494 3858 qui
2528 3799 2825 3857 antequam
2852 3802 3074 3840 causam
3105 3786 3376 3848 dicerent,
3413 3780 3514 3835 sibi
3553 3777 3662 3848 ipsi.

2081 3897 2279 3935 manus
2311 3882 2637 3936 attulerunt.
2660 3874 2938 3950 Reliquos
2967 3887 3259 3932 accusatos
3289 3888 3342 3930 et
3375 3874 3674 3929 damnatos

2079 3972 2134 4026 in
2167 3972 2421 4027 exsiliunt
2451 3974 2763 4042 ejeceruut.

3555 367 3666 430 6ίὲ
3757 381 3786 406 ο

389 4063 515 4134 <ἧ“η
550 4064 662 4135 γὰρ
711 4063 918 4128 πάντες
955 4064 1232 4136 παρῆσαν)
1276 4067 1353 4135 μὴ
1403 4067 1737 4136 στρατηγοῖς
1776 4065 1962 4128 αὐτοῖς
2006 4065 2128 4118 κατ’
2177 4066 2362 4118 αὐτῶν
2404 4068 2724 4136 χρήσαιντο,
2766 4063 2848 4116 ἔτι
2925 4061 3129 4132 μᾶλλον
3168 4056 3494 4128 ὠργίζοντο.
3555 4051 3670 4106 Φό-

391 4162 485 4216 ϐος
513 4161 604 4214 οὖν
656 4163 771 4223 τοῖς
817 4160 1136 4233 βουλευταῖς
1187 4162 1449 4214 ἐνέπεσεν
1487 4161 1550 4214 οὐ
1607 4161 1829 4231 μέτριος
1903 4161 2183 4224 ἐντεῦθεν,
2257 4162 2355 4214 καὶ
2428 4160 2519 4213 διὰ
2583 4160 2744 4213 τοῦτο
2794 4156 2890 4210 καὶ
2945 4155 3096 4225 παρὰ
3155 4152 3384 4222 γνώμην
3427 4147 3538 4201 τῶν
3568 4146 3670 4214 ἀρ-

391 4257 598 4324 χόντων
627 4254 719 4309 τόν
770 4272 832 4308 τε
884 4254 1217 4325 Οὐαλλέριον
1256 4254 1410 4322 σφίσι
1441 4255 1535 4309 καὶ
1568 4253 1662 4309 τὸν
1699 4253 1954 4324 Ὁράτιον
1988 4253 2266 4322 ἔπεμψαν,
2322 4253 2432 4305 κάκ
2515 4251 2732 4313 τούτου,
2791 4247 3141 4314 συναλλαγῆς
3183 4243 3510 4312 γενομένης,
3546 4242 3664 4300 τοῖς

394 4348 494 4418 μὲν
525 4348 894 4418 θορυϐήσασιν
923 4346 1078 4400 άδεια
1094 4345 1206 4398 τῶν
1247 4345 1640 4416 παραχθέντων
1690 4347 1868 4416 ἐδόθη,
1891 4346 1987 4400 καὶ
2023 4347 2056 4416 ἡ
2133 4347 2397 4415 δεκαρχία
2441 4343 2708 4413 κατελύθη
2743 4359 2758 4374 ·
2799 4341 2857 4394 αί
2909 4341 2965 4393 δὲ
3004 4340 3245 4390 ἐπέτειοι
3286 4334 3476 4404 ἁρχαὶ,
3509 4333 3570 4386 αἴ
3607 4349 3666 4384 τε

391 4441 574 4494 λοιπαὶ
605 4441 703 4494 καλ⁸
731 4441 787 4494 αἱ
821 4439 931 4493 τῶν
971 4439 1273 4508 δημάρχων
1309 4439 1406 4491 ἐπὶ
1457 4441 1574 4502 τοῖς
1615 4439 1805 4501 αὐτοῖς
1867 4439 2188 4509 προνομίοις
2231 4437 2576 4506 ἐπανῆλθον,
2641 4434 2727 4502 ἐφ’
2786 4427 2866 4496 οἷς
2917 4429 3108 4501 πρώην
3165 4424 3328 4498 ἦσαν.
3417 4425 3669 4479 ’Δποδει-

391 4535 618 4608 χθέντες
647 4535 706 4588 δὲ
743 4535 1006 4605 ἄρχοντες
1039 4533 1191 4587 ἄλλοι
1247 4551 1307 4586 τε
1368 4535 1464 4588 καὶ
1512 4535 1854 4605 Οὐεργίνιος,
1884 4535 1976 4589 τὸν
2015 4536 2114 4603 μὲν
2153 4537 2394 4587 Ὄππιον
2433 4533 2524 4586 τόν
2593 4549 2653 4584 τε
2716 4530 2988 4583 Κλαύδιον
3016 4527 3098 4589 είς
3131 4523 3512 4595 δεσμωτήριον
3550 4520 3666 4571 ἐνέ-

391 4631 578 4693 ϐαλον,
619 4628 670 4682 οἶ
722 4630 854 4697 πρὶν
890 4627 1220 4696 εὐθυνθῆναι
1272 4627 1500 4691 ἑαυτοὺς
1557 4628 1978 4699 διεχειρίσαντο,
2019 4630 2148 4691 τοὺς
2189 4631 2245 4682 δὲ
2276 4631 2500 4690 λοιποὺς
2533 4625 2868 4697 ἐγράψαντο,
2907 4624 3006 4675 καὶ
3043 4620 3258 4682 ἑλόντες
3295 4618 3589 4688 ἐξήλασαν·

459 4725 565 4776 ιυι.
605 4722 668 4774 Οί
712 4719 757 4772 δ’
802 4718 998 4772 ὕπατοι
1052 4718 1202 4788 (τότε
1274 4718 1385 4788 γὰρ
1457 4719 1682 4787 λέγεται
1753 4719 1973 4790 πρῶτον

2155 4720 2296 4774 XIX.
2336 4719 2601 4774 Consules
2647 4732 2778 4769 vero
2831 4713 3058 4784 (quibus
3123 4721 3238 4766 tum
3307 4709 3545 4780 primum
3610 4707 3664 4762 id

393 4817 637 4878 ὑπάτους
711 4812 913 4876 αὐτοὺς
987 4813 1553 4882 προσαγορευθῆναι,
1625 4813 1972 4884 στρατηγοὺς

2078 4830 2280 4869 nomen
2313 4811 2513 4866 factum
2548 4825 2669 4864 esse
2705 4810 2902 4870 fertur,
2933 4823 3060 4861 cum
3098 4816 3228 4860 ante
3272 4814 3536 4874 praetores
3570 4819 3665 4856 vo-

393 4905 762 4978 καλουμένους
803 4905 865 4958 τὸ
898 4905 1182 4975 πρότερον)
1223 4899 1364 4974 ἦσαν
1396 4905 1452 4959 δὲ
1495 4905 1830 4974 Οὐαλλέριος
1874 4907 1972 4960 καὶ

2077 4907 2358 4968 caventur)
2401 4901 2649 4954 Valerius
2683 4910 2739 4953 et
2791 4899 3070 4957 Horatius,
3121 4906 3176 4950 et
3234 4906 3349 4949 tum
3395 4896 3664 4963 deinceps

401 4997 677 5070 Ὀράτιος,
707 4997 804 5048 καὶ
823 4994 943 5066 τότε
978 4995 1071 5047 καὶ
1106 4995 1405 5063 μετέπειτα
1447 4995 1528 5066 τῷ
1565 4996 1766 5066 πλήθει
1795 5013 1970 5067 προσ-

395 5089 626 5151 έκειντο,
681 5087 776 5140 καὶ
846 5087 1051 5156 μᾶλλον
1109 5085 1310 5148 αὐτοὺς
1363 5086 1396 5156 ἢ
1453 5087 1583 5149 τοὺς
1635 5087 1974 5156 εὐπατρίδας

394 5182 723 5252 ἐκράτυναν.
773 5178 1200 5248 Ἐλαττούμενοι
1259 5173 1352 5231 οὖν
1383 5179 1433 5231 oi
1489 5179 1818 5246 εὐπατρὲδαι
1847 5179 1970 5232 οὐτε

397 5273 583 5346 ῥᾴδιον
619 5271 995 5340 συνελέγοντο,
1025 5269 1151 5324 οὐτε
1181 5272 1252 5324 τὰ
1296 5272 1600 5341 πράγματα
1651 5274 1740 5324 ἐπ’
1785 5274 1973 5336 αὐτοῖς

395 5366 619 5420 ἐποίουν
665 5365 1045 5430 παντάπασιν,
1103 5364 1240 5418 ἀλλὰ
1305 5364 1404 5417 καὶ
1463 5363 1592 5428 τοὺς
1655 5365 1972 5435 δημάρχους

394 5457 762 5530 οίωνοσκοπίᾳ
790 5459 848 5512 ἐν
895 5456 1177 5526 συλλόγοις
1209 5458 1445 5529 χρῆσθαι
1476 5457 1801 5522 δεδώκασιν,
1827 5457 1854 5510 ὃ
1883 5458 1972 5510 λό-

2077 4998 2412 5053 multitndini
2432 4996 2661 5060 addicti,
2677 4995 3015 5065 plebeiorum
3035 5009 3169 5060 opes
3195 4993 3363 5059 magis
3385 5007 3548 5060 quam
3573 5007 3670 5058 pa-

2081 5099 2228 5143 trum
2251 5089 2564 5142 firmarunt.
2588 5089 2780 5156 ltaque
2799 5097 2985 5156 patres
3014 5083 3308 5139 immunita
3338 5083 3672 5136 auctoritate

2079 5197 2258 5252 neque
2283 5181 2440 5235 facile
2461 5179 2878 5242 conveniebant,
2899 5193 3077 5246 neque
3102 5177 3337 5230 ullarum
3367 5188 3550 5228 rerum
3569 5189 3668 5241 po-

2080 5279 2336 5324 testatem
2378 5284 2604 5338 prorsus
2649 5268 2754 5322 sibi
2807 5267 3182 5320 vindicabant.
3238 5263 3380 5328 Quin
3432 5261 3669 5315 trilunis

2081 5362 2244 5416 etiam
2267 5362 2320 5414 in
2340 5360 2725 5424 conventibus,
2745 5359 3008 5428 auspiciis
3023 5356 3214 5410 utendi
3238 5356 3552 5408 facultatem
3572 5368 3668 5420 per

2082 5457 2311 5512 honoris
2336 5457 2577 5526 speciem
2622 5459 3018 5507 concesserunt
3069 5448 3147 5519 (id
3180 5447 3324 5502 enim
3364 5460 3564 5498 munus
3598 5443 3668 5496 ab

1593 5575 1790 5636 Variae
1834 5574 2143 5637 lectiones
2189 5581 2250 5635 et
2279 5579 2467 5633 notae.

472 5710 549 5778 (1)
583 5707 841 5778 Λούκιόν
864 5720 1003 5778 *τινα
1030 5704 1254 5778 Σιίκ-ιον.
1286 5703 1425 5758 Hinc
1445 5703 1822 5778 emendandus
1848 5704 1977 5756 Am-

407 5773 626 5837 mianus
681 5775 1048 5839 Marcellinus,
1093 5774 1189 5826 lib.
1217 5790 1342 5838 xxv,
1372 5773 1463 5842 qui
1493 5773 1749 5842 Sicinium
1775 5786 1932 5827 vocat
1959 5791 1972 5826 :

405 5851 664 5908 Sicinium
709 5847 993 5900 Dentatum
1050 5843 1312 5908 adiiciat,
1354 5841 1601 5898 ornatum
1659 5841 1973 5897 militarium

2084 5701 2424 5756 multitudine
2452 5715 2791 5754 coronarum.
2829 5694 3060 5752 Siccium
3090 5692 3259 5749 etiam
3305 5699 3465 5748 vocat
3497 5691 3658 5748 Dion.

2085 5773 2551 5828 Halicarnasseus.
