4060 6398
427 369 534 434 603

1726 380 2045 441 JOANNIS
2080 380 2399 442 ZONAILE

3577 374 3686 440 5(er

427 485 825 555 antiquissimis
846 491 1184 560 temporibus
1213 492 1278 548 ad
1307 496 1454 550 solos
1477 496 1738 565 patricios
1761 498 2006 567 pertine-

2120 514 2194 565 γῳ
2253 497 2352 566 μὲν
2381 494 2548 565 τιμὴν
2602 494 2782 558 αὐτοῖς
2831 493 2993 564 ἔφερε
3055 493 3149 547 καὶ
3190 491 3429 562 ἀξίωμα,
3483 493 3688 564 (μόνοις

429 576 542 641 bat)
571 592 697 633 cum
723 596 915 636 revera
944 583 998 637 id
1023 595 1270 653 agerent,
1298 603 1367 642 ne
1395 589 1600 644 tribuni
1629 601 1682 644 et
1713 590 2008 644 multitudo

429 667 649 736 quidvis
679 679 884 728 temere
915 684 1160 745 agerent,
1213 678 1309 732 sed
1349 696 1444 748 per
1478 696 1699 735 causam
1733 683 2010 753 auspicio-

430 771 553 810 rum
586 759 883 829 aliquando
932 762 1360 834 impedirentur.
1407 769 1635 825 Patricii
1669 782 1728 826 et
1784 781 2009 828 senatus

432 849 560 904 irati
605 854 956 922 consulibus,
1005 865 1067 910 ut
1096 859 1284 928 populi
1322 859 1652 926 fautoribus,
1684 878 1786 918 nec
1818 864 2012 918 trium-

429 939 601 1008 phum
625 941 1017 1013 decreverunt,
1066 949 1320 1018 quamvis
1359 962 1595 1022 uterque
1622 953 1812 1008 hostes
1844 954 2009 1010 vicis-

433 1039 540 1098 set,
565 1043 621 1088 et
649 1038 836 1091 neutri
863 1037 1008 1092 diem
1039 1040 1107 1094 de
1136 1056 1289 1096 more
1322 1043 1672 1113 assignarunt
1703 1063 1716 1100 :
1749 1047 1843 1100 sed
1866 1047 2012 1101 mul-

434 1122 616 1179 titudo
650 1137 708 1181 et
740 1128 968 1182 biduum
1001 1130 1170 1187 ferias
1198 1134 1517 1197 celebravit.
1563 1146 1620 1191 et
1668 1137 2008 1209 triumphum

431 1211 545 1267 illis
590 1213 861 1272 decrevit.
917 1217 994 1273 Ea
1033 1220 1309 1277 discordia
1357 1223 1485 1279 freti
1528 1224 1736 1292 hostes,
1772 1229 2011 1297 receptis

433 1306 599 1378 359
625 1311 825 1366 animis
854 1312 1130 1371 Romanos
1155 1317 1498 1373 invaserunt.
1533 1322 1692 1376 Anno
1721 1333 2008 1391 sequente,

434 1396 616 1454 Marco
643 1400 882 1458 Genutio
915 1415 972 1460 et
1003 1405 1065 1461 C.
1095 1407 1288 1464 Curtio
1325 1410 1668 1480 consulibus,
1697 1417 2008 1471 contentio-

434 1505 535 1544 nes
564 1493 948 1566 relindegrata:
1013 1507 1163 1555 sunt.
1216 1501 1352 1556 Nam
1396 1503 1626 1574 plebeiis
1663 1508 2010 1562 consulatum

432 1587 820 1652 expetentibus
850 1629 866 1653 ,
893 1591 1043 1659 quod
1071 1593 1289 1662 patricii
1315 1594 1382 1649 ad
1414 1595 1628 1664 plebem
1662 1607 2013 1656 transeuntes

436 1675 775 1732 tribunatum
805 1693 1064 1749 gererent
1101 1702 1115 1740 :
1153 1685 1399 1754 patriciis
1429 1702 1563 1742 vero
1587 1689 1792 1744 acriter
1821 1689 2010 1746 defen-

436 1767 708 1834 dentibus,
762 1774 935 1829 multa
962 1776 1234 1830 violenter
1257 1778 1490 1833 invicem
1511 1779 1734 1856 etjdicta
1772 1789 1830 1836 et
1867 1781 2008 1838 facta

432 1870 584 1915 sunt.
623 1861 703 1918 Ne
730 1864 861 1934 quid
892 1881 1022 1922 vero
1046 1867 1295 1925 deterius
1324 1883 1675 1942 sequeretur,
1708 1873 2014 1944 locupletes

437 1949 816 2019 magistratum
850 1953 1027 2024 ipsum
1056 1957 1198 2026 plebi
1233 1968 1650 2026 concesserunt,
1679 1961 1773 2016 sed
1804 1979 2009 2018 nomen

438 2056 549 2095 non
572 2046 1053 2102 eommunicarunt
1081 2067 1095 2104 ι
1125 2049 1496 2122 όίιοτυηιᾳυο
1526 2053 1778 2109 tribunos
1807 2055 2014 2110 milita~

441 2146 530 2185 res
579 2148 681 2201 pro
737 2137 1082 2202 consulibus,
1126 2156 1196 2195 ne
1250 2140 1582 2197 honoratum
1626 2144 1953 2199 vocabulum
1982 2162 2013 2201 a

439 2223 752 2290 promiscua
779 2228 936 2280 turba
973 2228 1378 2302 inquinaretur.
1402 2231 1614 2287 Placuit
1641 2233 1807 2304 igitur
1829 2243 2016 2290 ternos

439 2315 508 2367 ab
547 2325 780 2386 utraque
817 2319 1054 2376 factione
1105 2323 1357 2377 tribunos
1391 2324 1579 2394 deligi,
1607 2325 1844 2381 duorum
1881 2342 2016 2382 con-

440 2405 621 2460 sulum
653 2408 796 2464 loco.
834 2409 1024 2480 Neque
1063 2422 1245 2468 tamen
1288 2414 1483 2468 borum
1545 2431 1748 2471 nomen
1793 2417 2015 2488 penitus

438 2496 664 2563 defecit,
707 2516 832 2555 eum
881 2501 1018 2556 alias
1051 2505 1263 2558 tribuni
1291 2516 1640 2562 crearentur.
1682 2509 1866 2578 Atque
1900 2510 2017 2566 haec

441 2589 517 2642 ita
549 2604 672 2645 esse
713 2602 833 2647 acta
881 2595 1141 2650 traditum
1189 2607 1294 2652 est.
1334 2599 1642 2654 Dictatores
1687 2610 1874 2655 autem
1903 2616 2015 2655 non

437 2680 542 2733 soli
583 2683 840 2739 consules
881 2687 1154 2755 (quamvis
1191 2702 1384 2742 eorum
1425 2689 1749 2755 auctoritas,
1797 2690 2016 2744 illorum

445 2770 764 2838 magistratu
814 2775 987 2829 multo
1034 2777 1218 2830 minor
1251 2777 1420 2846 esset)
1467 2778 1564 2833 sed
1613 2780 1816 2835 tribuni
1847 2782 2015 2836 etiam

443 2860 740 2928 aliquando
785 2864 1165 2936 designarunt.
1219 2867 1418 2923 Fertur
1464 2878 1648 2925 tamen
1695 2872 1881 2928 nullus
1917 2888 2018 2927 un-

441 2965 609 3018 quam
656 2953 912 3010 tribunus
961 2958 1353 3028 triumphasse,
1385 2961 1640 3030 quamvis
1680 2964 1837 3018 multi
1872 2981 2016 3034 saepe

445 3041 634 3098 hostes
675 3044 955 3102 vicissent.
1003 3050 1082 3105 Ac
1124 3051 1331 3105 tribuni
1367 3062 1480 3106 tum
1518 3052 1624 3108 hoc
1653 3054 1816 3108 modo
1844 3057 2015 3111 creati

443 3143 597 3190 sunt.
639 3135 914 3194 Censores
940 3156 1074 3196 vero
1105 3157 1250 3196 anno
1286 3152 1570 3212 sequente,
1602 3144 1836 3202 Barbato
1862 3149 2014 3204 etM.
2045 3176 2089 3234 ο

445 3225 690 3282 Macrino
736 3243 882 3284 coss.
939 3230 1212 3304 designati
1253 3243 1381 3288 sunt
1428 3234 1490 3290 L.
1530 3236 1814 3306 Papyrius,
1859 3249 1915 3294 et
1950 3240 2014 3294 L.

445 3319 829 3389 Sempronius.
860 3322 1064 3378 Eorum
1093 3327 1316 3381 creandi
1345 3343 1506 3384 causa
1544 3329 1668 3396 fuit,
1703 3333 1848 3402 quod
1884 3350 2018 3390 con-

444 3409 594 3464 sules
613 3413 683 3466 ob
713 3414 1126 3494 multitudinem
1172 3420 1358 3474 omnia
1389 3423 1607 3492 negotia
1649 3427 1877 3496 exsequi
1909 3443 2017 3482 non

443 3509 723 3570 poterant.
773 3506 910 3561 Nam
959 3509 1086 3579 jura
1139 3512 1464 3569 censoribus
1520 3517 1785 3572 attributa
1835 3520 1905 3574 ad
1964 3520 2020 3576 id

447 3607 626 3661 usque
658 3602 875 3666 tempus
911 3607 1221 3655 tenuerant.
1275 3601 1350 3656 Ac
1396 3603 1669 3676 principio
1704 3607 1818 3661 bini
1864 3609 2020 3666 fuere

446 3697 711 3740 censores
768 3689 1028 3757 patricii,
1087 3692 1182 3761 qui
1242 3693 1399 3748 initio
1466 3705 1522 3748 et
1597 3707 1877 3766 postremo
1951 3701 2019 3756 ad

443 3776 884 3847 quinquennium
929 3782 1324 3852 imperarunt:
1370 3786 1662 3860 interjecto
1709 3806 1843 3845 vero
1882 3801 2021 3847 tem-

444 3884 621 3938 pore,
673 3889 890 3930 menses
939 3893 1070 3931 xvut
1126 3877 1375 3948 ipsisque
1443 3882 1763 3938 consulibus
1827 3901 2022 3954 quam-

442 3959 528 4012 vis
569 3972 748 4030 -parte
823 3964 1092 4021 duntaxat
1151 3970 1444 4036 potestatis
1501 3984 1692 4024 eorum
1757 3985 2016 4043 accepta,

443 4053 762 4118 superiores
815 4068 1130 4113 evaserunt.
1184 4060 1427 4116 Muneris
1478 4077 1670 4118 eorum
1718 4063 1856 4129 fuit,
1918 4082 2021 4135 puo

445 4148 592 4202 blica
652 4147 940 4218 vectigalia
977 4150 1200 4205 elocare
1225 4191 1240 4215 ,
1278 4152 1398 4207 vias
1445 4161 1502 4208 et
1541 4154 1759 4223 publica
1791 4155 2020 4210 aedificia

444 4250 663 4300 curare,
695 4238 966 4307 cujusque
1019 4239 1313 4294 facultates
1359 4242 1694 4302 describere.
1728 4259 1913 4299 mores
1937 4245 2020 4299 ci-

441 4329 590 4383 vium
623 4331 917 4385 observare
949 4339 1005 4385 et
1033 4331 1324 4400 explorare
1359 4351 1372 4388 :
1411 4349 1476 4388 ac
1523 4333 1681 4389 laude
1711 4334 1928 4404 dignos,
1961 4335 2015 4390 in

444 4419 641 4484 tribus,
666 4419 721 4474 in
752 4421 1004 4475 ordinem
1025 4431 1364 4490 equestrem,
1398 4423 1453 4478 in
1487 4435 1740 4479 senatum
1780 4425 2016 4491 referre,

445 4525 548 4579 pro
614 4511 881 4581 cujusque
931 4511 1142 4566 meritis

447 4601 644 4656 eodem
702 4602 866 4657 modo
896 4620 963 4657 ex
1003 4603 1126 4658 albo
1161 4603 1368 4658 delere.
1415 4604 1476 4659 ld
1512 4605 1658 4673 quod
1693 4607 1867 4676 majus
1903 4617 2024 4662 erat

449 4694 520 4747 iis
547 4694 827 4759 omnibus,
859 4710 981 4763 qua:
1021 4695 1340 4750 consulibus
1388 4696 1867 4765 relinquebantur.
1912 4699 2022 4752 Da-

447 4786 580 4839 bant
628 4796 812 4840 autem
851 4786 907 4840 in
958 4801 1291 4856 unoquoque
1330 4788 1756 4859 jusjurandum,
1815 4805 1876 4845 se
1920 4806 2024 4846 nec

444 4878 621 4947 gratia
684 4892 790 4932 nec
841 4878 970 4932 odio
1027 4878 1328 4948 quidquam
1384 4889 1606 4934 acturos
1670 4897 1685 4935 :
1757 4880 1855 4935 sed
1902 4883 2022 4935 sin-

447 4984 579 5023 cero
636 4969 863 5035 animo,
929 4983 993 5023 ea
1059 4985 1182 5039 qua:
1239 4985 1270 5024 e
1349 4969 1626 5039 republica
1677 4979 1901 5038 essent,
1968 4982 2026 5027 et

443 5063 898 5126 deliberaturos,
960 5072 1018 5117 et
1103 5071 1346 5117 acturos.
1418 5061 1685 5132 Populum
1766 5063 1898 5117 item
1954 5063 2024 5118 ad

449 5155 720 5226 rogandas
784 5155 976 5224 leges,
1026 5154 1191 5225 350
1251 5156 1467 5225 aliaque
1529 5155 1715 5209 munia
1762 5170 2026 5210 convoca-

447 5247 578 5300 lxant
635 5264 649 5299 :
705 5253 762 5298 et
833 5246 1096 5316 majorum
1155 5245 1573 5315 magistratuum
1643 5246 2021 5311 ornamentis,

445 5337 736 5392 lictoribus
783 5336 1047 5405 exceptis,
1098 5339 1418 5391 utebantur.
1455 5335 1532 5390 Ac
1581 5337 1686 5389 tale
1733 5351 2023 5391 censorum

447 5447 650 5488 munus
694 5431 817 5486 fuit.
865 5432 970 5497 Qui
1002 5447 1153 5498 vero,
1204 5446 1332 5484 cum
1363 5445 1565 5485 census
1601 5434 1885 5500 agebatur,
1923 5445 2023 5485 sua

451 5525 678 5579 nomina
705 5534 761 5580 ct
809 5525 1098 5580 facultates
1150 5523 1382 5594 professi
1427 5538 1538 5578 non
1585 5533 1780 5592 erant,
1829 5540 2022 5579 eorum

455 5615 746 5671 facultates
793 5634 821 5671 a
874 5617 1218 5682 censoribus,
1256 5617 1357 5687 ipsi
1389 5633 1417 5671 a
1466 5617 1787 5672 consulibus
1819 5618 2021 5671 vende-

461 5707 680 5761 bantur.
715 5708 780 5761 Et
813 5708 927 5763 hanc
962 5708 1027 5762 ad
1068 5717 1280 5778 tempus
1324 5709 1544 5779 aliquod
1584 5711 1661 5763 sic
1715 5716 1834 5762 acta
1872 5716 2021 5761 sunt.

459 5797 586 5854 Post
639 5803 998 5858 conStitutum
1042 5809 1146 5866 est,
1203 5811 1261 5857 ut
1310 5805 1402 5872 qui
1451 5804 1616 5860 setncl
1674 5804 1726 5856 in
1767 5809 2018 5855 senatuin

2111 589 2220 658 γὰρ
2273 588 2431 641 τοῦτο
2488 589 2553 640 ἐκ
2612 586 2756 640 πάνυ
2837 584 3072 654 ἀρχαίου
3144 586 3258 645 τοῖς
3328 585 3688 654 εὐπατρίδαις

2113 678 2510 749 ἐπετέτραπτο)
2569 679 2717 750 ἔργῳ
2773 677 2833 731 δὲ
2894 676 3128 746 κώλυμα
3191 671 3404 746 ἦν,ἵνα
3462 678 3537 748 μὴ
3588 679 3690 748 ρᾳ-

2112 772 2240 834 δίως
2281 771 2332 823 οἱ
2384 770 2656 841 δήμαρχοι
2702 769 2796 823 καὶ
2861 768 2922 821 τὸ
2981 767 3185 838 πλῆθος
3252 769 3354 821 ὅσα
3415 767 3691 838 βούλοιντο

2113 862 2446 930 πράττοιεν,
2516 859 2656 913 ἀλλά
2740 857 3016 928 προφάσει
3102 857 3202 926 τῆς
3285 858 3690 922 οἰωνοσκοπίας

2113 951 2262 1003 ἐστιν
2316 945 2378 1004 οὐ
2435 948 2834 1020 ἐμποδίζοιντο.
2892 947 3216 1018 ’Λθχόμενοι
3259 946 3316 999 δέ
3372 949 3488 1008 τοῖς
3546 948 3691 1001 ὑπάυ

2112 1059 2226 1105 τοις
2261 1042 2315 1094 οἴ
2364 1059 2422 1096 τε
2483 1041 2811 1110 εὐπατρίδαι
2861 1039 2956 1094 καὶ
3011 1041 3044 1110 ή
3109 1038 3296 1110 βουλὴ,
3336 1039 3412 1102 ὡς
3469 1038 3538 1092 τὰ
3594 1039 3689 1092 τοῦ

2113 1134 2360 1204 πλήθους
2439 1134 2778 1205 φρονοῦσιν,
2845 1134 2947 1187 οὐκ
2992 1132 3334 1202 ἐψηφίσαντο
3411 1133 3564 1200 σφίσι
3619 1132 3702 1185 τὰ·

2113 1227 2382 1289 ἐπινίκια,
2414 1227 2652 1296 πόλεμον
2699 1227 2961 1296 ἐκατέρου
3001 1229 3362 1298 νικήσαντος,
3400 1224 3516 1278 οὗθ’
3553 1226 3692 1294 ἠμέ-

2115 1335 2218 1388 ραν
2263 1319 2480 1386 ἑκάστῳ
2528 1319 2832 1389 ἀπένειμαν
2881 1319 3072 1390 ὥσπερ
3112 1319 3348 1383 εἴθιστο,
3399 1319 3476 1374 Τὸ
3509 1319 3692 1388 μέντοι

2114 1411 2321 1480 πλῆθος
2396 1412 2492 1466 ἐπὶ
2537 1413 2650 1465 δύω
2706 1429 2766 1464 τε
2825 1410 3042 1480 ἡμέρας
3101 1410 3347 1480 ἐώρτασε
3385 1451 3400 1474 ,
3450 1411 3692 1475 καὶτοῖς

2113 1501 2340 1563 ὑπάτοις
2399 1501 2464 1554 τά
2529 1503 2827 1572 νικητήρια
2898 1501 3257 1570 ἐψηφίσαντο.
3335 1500 3525 1565 Οὕτως
3596 1494 3692 1555 οὖν

2114 1592 2173 1653 ἐς
2238 1589 2502 1660 διαφορὰς
2566 1591 2676 1644 τῶν
2765 1590 3054 1660 Ῥωμαίων
3116 1590 3422 1656 ἐλθόντων,
3479 1593 3528 1644 oi
3606 1594 3693 1645 ἐν.

2115 1679 2306 1746 αντίοι,
2342 1680 2546 1748 σφίσιν,
2604 1679 3091 1750 ἀναθαρσήσαντες
3118 1721 3131 1746 ,
3195 1680 3434 1752 ἐπῄεσαν
3480 1681 3687 1744 αὐτοῖς.

2114 1773 2204 1843 Τῷ
2237 1773 2283 1827 δ’
2317 1771 2445 1843 ἑξῆς
2482 1771 2591 1826 ἔτει
2617 1773 2845 1843 Μάρκου
2875 1772 3166 1825 Γενουκίου
3195 1775 3289 1826 καὶ
3322 1772 3483 1825 Γαΐου
3515 1773 3691 1844 Κουρο

2113 1864 2232 1918 τίου
2293 1864 2717 1928 ὑπατευόντων,
2762 1864 2850 1916 ἐπ’
2907 1861 3171 1933 ἀλλήλους
3243 1863 3563 1932 ἐτράποντο.
3627 1865 3697 1917 οἵ

2115 1970 2175 2006 τε
2205 1954 2314 2025 γὰρ
2343 1953 2436 2006 τοῦ
2462 1953 2704 2023 πλήθους
2735 1953 2832 2006 καὶ
2882 1951 3176 2005 ὑπατεύειν
3216 1937 3432 2020 ἤθελον,
3461 1951 3692 2022 ἐπείπερ

2113 2047 2461 2117 ἐδημάρχουν
2513 2048 2561 2099 οἱ
2615 2045 2940 2116 εὐπατρίδαι
2992 2045 3128 2114 πρὸς
3175 2044 3374 2106 αὐτοὺς
3432 2045 3693 2114 μεθιστά-

2119 2152 2292 2206 μενοι.
2349 2137 2459 2191 Καὶ
2507 2137 2565 2190 αί
2593 2135 2916 2205 εὐπατρίδαι
2950 2135 3070 2188 λίαν
3109 2135 3209 2204 τῆς
3258 2135 3466 2188 ὑπάτου
3519 2137 3693 2206 ἀρχῆς

2117 2227 2472 2299 περιείχοντο,
2525 2227 2620 2281 καὶ
2669 2227 2842 2282 πολλὰ
2910 2224 3032 2281 κατ’
3094 2225 3337 2296 ἀλλήλων
3398 2229 3493 2280 καὶ
3545 2228 3692 2298 βίαια

2116 2319 2303 2388 ἔλεγόν
2329 2337 2388 2373 τε
2428 2321 2526 2374 καὶ
2566 2320 2860 2389 ἔπραττον.
2905 2319 3026 2372 Ἵνα
3063 2319 3118 2370 δὲ
3150 2317 3226 2388 μὴ
3261 2315 3400 2387 πρός
3425 2333 3478 2369 τι
3509 2319 3692 2386 χεῖρον

2116 2412 2434 2483 χωρήσωσι,
2470 2413 2565 2465 τοῦ
2615 2413 2715 2481 μὲν
2769 2411 2932 2482 ἔργου
2979 2411 3077 2479 τῆς
3128 2411 3433 2479 ἡγεμονίας
3490 2410 3541 2462 οί
3599 2409 3692 2460 δυ-

2117 2507 2268 2556 νατοὶ
2325 2505 2508 2567 αὐτοῖς
2564 2503 2970 2574 παρεχώρησαν
3001 2507 3017 2530 ‘
3075 2501 3170 2555 τοῦ
3219 2500 3277 2554 δέ
3325 2501 3592 2570 ὀνόματος
3631 2501 3693 2554 οὑ

2121 2595 2460 2664 μετέδωκαν,
2495 2594 2611 2648 ἀλλ’
2641 2595 2757 2648 ἀνθ’
2783 2593 3006 2648 ὑπάτων
3037 2592 3353 2662 χιλιάρχους
3379 2592 3695 2662 ὠνόμασαν,

2122 2687 2208 2741 ἵνα
2244 2687 2318 2756 μὴ
2357 2686 2418 2739 τὸ
2445 2686 2545 2754 τῆς
2574 2686 2818 2757 κλήσεως
2848 2685 3068 2753 ἔντιμον
3095 2683 3175 2752 τῷ
3231 2684 3476 2753 σύρφακι
3521 2685 3696 2754 ὁμίλῳ

2120 2775 2643 2844 καταρρυπαίνοιτο.
2694 2773 2807 2826 Καὶ
2861 2775 3011 2843 τρεῖς
3045 2773 3140 2840 ἀφ’
3170 2773 3451 2843 ἑκατέρων
3483 2774 3698 2844 χιλιάρ-

2119 2883 2250 2936 χους
2277 2866 2397 2918 ἀντὶ
2433 2865 2543 2919 τῶν
2573 2865 2668 2919 δύο
2697 2866 2919 2919 ὑπάτων
2965 2867 3242 2937 αίρείσθαι
3286 2866 3589 2931 συνέδοξεν.
3619 2868 3694 2920 Οὐ

2123 2957 2305 3026 μέντοι
2330 2957 2392 3010 τὸ
2428 2957 2535 3011 τῶν
2569 2957 2796 3010 ὑπάτων
2849 2956 3066 3022 ἐξέλιπε
3116 2959 3302 3011 τέλεον
3331 2957 3530 3026 ὄνομα,
3562 2957 3698 3012 ἀλλὰ

2121 3047 2250 3100 ποτὲ
2282 3048 2380 3116 μὲν
2419 3047 2617 3101 ὕπατοι
2650 3047 2974 3102 καθίσταντο
3003 3049 3135 3102 ποτὲ
3187 3049 3244 3102 δέ
3293 3067 3356 3117 γε
3400 3049 3695 3120 χιλίαρχοι.

2121 3139 2278 3193 Οὕτω
2311 3139 2411 3210 μὲν
2470 3139 2646 3194 ταῦτα
2708 3140 3075 3211 παραδέδοται
3119 3141 3386 3210 γίνεσθαι,
3425 3141 3604 3194 καίτοι
3636 3142 3696 3192 οὐ

2125 3229 2285 3298 μόνον
2305 3231 2413 3282 τῶν
2435 3231 2658 3285 ὑπάτων
2683 3232 3012 3302 δικτάτορας
3036 3233 3391 3298 ἀνειπόντων,
3416 3233 3700 3286 καὶταῦτα

2122 3319 2260 3372 πολὺ
2321 3320 2421 3389 τῆς
2472 3321 2648 3391 ἀρχῆς
2681 3323 2898 3392 ἐκείνης
2942 3322 3377 3392 ἐλαττουμένων,
3433 3323 3568 3378 ἀλλά
3605 3327 3702 3378 καὶ

2121 3408 2418 3479 χιλιάρχων
2461 3411 2622 3464 τοῦτο
2680 3413 3064 3482 πεποιηκότων
3113 3414 3304 3467 ἐνίοτε.
3356 3414 3588 3482 Λέγεται
3619 3415 3700 3481 δὲ,

2122 3501 2204 3554 ὃτι
2233 3503 2410 3566 οὐδεὶς
2434 3502 2544 3558 τῶν
2595 3503 2914 3575 χιλιάρχων,
2972 3505 3154 3558 καίτοι
3198 3505 3410 3560 πολλῶν
3440 3507 3702 3570 πολλάκις

2123 3594 2484 3662 νικησάντων,
2522 3596 2762 3648 ἐπινίκια
2787 3596 3052 3665 ἐπεμψεν.
3083 3599 3144 3650 Οἱ
3169 3598 3268 3668 μὲν
3298 3594 3390 3652 οὖν
3431 3599 3702 3670 χιλίαρχοι

2122 3683 2264 3736 οὑτω
2314 3684 2434 3736 τότε
2502 3686 2802 3756 ᾑρέθησαν.
2849 3687 3002 3740 Οἰδέ
3050 3689 3281 3758 τιμηταὶ
3325 3689 3403 3759 τῷ
3459 3691 3702 3762 ἐχομένῳ

2123 3776 2235 3828 ἐτει
2270 3777 2553 3846 Βαρϐάτου
2585 3779 2680 3831 καὶ
2710 3779 2940 3851 Μάρκου
2971 3781 3258 3850 Μακρίνου
3296 3783 3701 3848 ὑπατευόντων,

2123 3871 2556 3940 κατεδείχθησαν
2599 3873 2697 3926 καὶ
2726 3871 3005 3942 ᾑρέθησαν
3044 3873 3277 3939 Λούκιός
3305 3892 3366 3928 τε
3401 3877 3701 3947 Παπείριος

2124 3962 2218 4013 καὶ
2255 3961 2483 4024 Λούκιος
2534 3963 2909 4033 Σεμπρώνιος.
2970 3965 3430 4037 Κεχειροτόνηντο
3488 3969 3569 4034 δὲ,
3619 3971 3701 4022 ὅτι

2122 4053 2173 4104 οἱ
2225 4051 2421 4105 ὕπατοι
2459 4053 2711 4108 ἀδύνατοι
2773 4056 2867 4110 ἐπὶ
2920 4058 3097 4111 πάντα
3149 4059 3238 4112 διὰ
3289 4062 3350 4112 τὸ
3383 4060 3586 4129 πλῆθος
3615 4062 3704 4128 ἐξ·

2123 4144 2316 4214 αρκεῖν
2368 4142 2530 4214 ἦσαν.
2585 4145 2667 4199 Τά
2714 4147 2824 4216 γάρ
2852 4149 2965 4210 τοῖς
2995 4152 3256 4220 τιμηταῖς
3285 4151 3702 4224 ὰπονεμηθέντα

2125 4235 2400 4304 προνόμια
2456 4236 2658 4289 ἐκεῖνοι
2691 4236 2854 4307 μέχρι
2883 4239 3005 4290 τότε
3035 4239 3276 4294 ἐποίουνι
3309 4240 3432 4294 Δύω
3466 4258 3527 4294 τε
3560 4237 3701 4312 ἦσαν

2124 4328 2171 4381 oi
2198 4328 2429 4399 τιμηταὶ
2459 4328 2518 4394 ἐξ
2555 4329 2730 4398 ἀρχῆς
2784 4328 2880 4382 καὶ
2925 4330 2990 4382 ἐκ
3021 4330 3132 4382 τῶν
3163 4331 3528 4402 εὐπατριδῶν.
3560 4328 3700 4402 ἾΙρ-

2123 4436 2219 4490 χον
2247 4419 2397 4474 δὲτὰ
2436 4421 2534 4490 μὲν
2576 4420 2769 4490 πρῶτα
2799 4421 2989 4475 καὶτὰ
3029 4423 3319 4476 τελευταῖα
3362 4425 3455 4479 ἐπὶ
3502 4443 3700 4479 πεντα-

1204 4526 1219 4565 :
1275 4513 1534 4582 improba:
1594 4515 1716 4568 vita:
1763 4513 2016 4571 homines

2120 4509 2292 4566 ετίαν.
2329 4513 2421 4565 Ἐν
2449 4511 2506 4564 δέ
2543 4513 2620 4582 τῷ
2647 4513 2797 4584 μέσῳ
2819 4514 2997 4584 χρόνῳ
3035 4513 3130 4566 ἐπὶ
3173 4517 3322 4586 τρεῖς
3373 4516 3700 4589 ἑξαμήνους,

2127 4603 2223 4657 καὶ
2263 4603 2515 4672 ἐγένοντο
2566 4603 2678 4656 τῶν
2729 4604 2953 4658 ὑπάτων
3007 4606 3250 4676 μείζους,
3306 4607 3487 4662 καίτοι
3539 4609 3703 4679 μέρος

2125 4696 2224 4765 τῆς
2251 4695 2477 4748 ἐκείνων
2504 4693 2764 4758 λαϐόντες
2817 4695 3016 4765 ἀρχῆς.
3065 4697 3227 4764 Ἐξῆν
3285 4696 3343 4750 δὲ
3390 4698 3574 4763 αὑτοῖς
3603 4699 3703 4762 τάς

2124 4803 2186 4839 τε
2230 4785 2527 4858 προσόδους
2559 4786 2660 4850 τὰς
2695 4786 2879 4849 κοινὰς
2927 4787 3246 4857 ἐκμισθοῦν,
3283 4791 3379 4843 καὶ
3429 4790 3539 4843 τῶν
3568 4791 3702 4844 ὁδῶν

2127 4879 2224 4932 καὶ
2251 4879 2356 4931 τῶν
2383 4878 2660 4948 δημοσίων
2688 4879 3145 4950 οἰκοδομημάτων
3173 4881 3576 4950 ἐπιμελεῖσθαι,
3607 4883 3701 4938 καὶ

2126 4972 2224 5035 τὰς
2279 4971 2612 5040 ἀπογραφάς
2666 4972 2765 5042 τῆς
2800 4972 3034 5027 ἐκάστου
3094 4972 3358 5042 εὐπορίας
3414 4974 3698 5041 διατελεῖν,

2128 5065 2222 5117 καὶ
2262 5065 2355 5119 τὸν
2405 5064 2519 5136 βίον
2567 5063 2678 5117 τῶν
2711 5063 2950 5116 πολιτῶν
2979 5065 3306 5120 ἐπισκοπεῖν
3327 5083 3390 5119 τε
3441 5067 3538 5120 καὶ
3587 5066 3704 5132 ἐξε-

2127 5157 2335 5224 τάζειν,
2375 5158 2473 5210 καὶ
2507 5157 2635 5220 τοὺς
2679 5156 2780 5226 μὲν
2827 5153 3013 5220 ἀξίους
3045 5155 3276 5210 ἐπαίνου
3307 5157 3367 5220 ἐς
3394 5157 3494 5222 τὰς
3530 5158 3702 5228 φυλὰς

2127 5251 2223 5303 καὶ
2253 5250 2311 5313 ἐς
2348 5249 2446 5319 τὴν
2493 5249 2706 5303 ἱππάδα
2751 5247 2846 5302 καὶ
2896 5247 2996 5319 τὴν
3045 5247 3338 5318 γερουσίαν
3378 5250 3700 5320 ἐγγράφειν,

2127 5334 2308 5397 καθὼς
2336 5335 2588 5399 ἑκάστοις
2633 5336 2936 5406 προσήκειν
2985 5335 3309 5406 ἐνομίζετο·
3357 5339 3484 5402 τοὺς
3530 5339 3574 5392 δ’
3601 5341 3702 5393 οὐκ

2127 5421 2186 5480 εὖ
2253 5426 2522 5496 βιοῦντας,
2567 5426 2942 5496 ἁπανταχόθεν
2974 5426 3175 5496 ὁμοίως
3233 5428 3574 5498 ἀπαλείφειν.
3635 5433 3725 5485 ⁸0·

2131 5521 2315 5590 μεῖζον
2339 5520 2556 5574 πάντων
2581 5514 2648 5589 ἦν
2676 5518 2784 5572 τῶν
2814 5519 2927 5581 τοῖς
2955 5517 3181 5582 ὑπάτοις
3208 5521 3695 5589 καταλειφθέντων.

2131 5611 2348 5674 Πίστεις
2371 5611 2416 5664 δ’
2446 5610 2703 5678 ἐνόρκους
2737 5611 2820 5678 ἐφ’
2861 5609 3076 5680 ἑκάστῳ
3121 5611 3438 5682 πεποίηντο,
3473 5617 3546 5675 ὼς
3576 5613 3698 5667 οὔτε

2131 5704 2264 5772 πρὸς
2292 5703 2470 5773 χάριν,
2504 5701 2626 5754 οὐτε
2679 5701 2814 5770 πρὸς
2860 5702 3059 5770 ἔχθραν
3106 5720 3158 5754 τι
3194 5703 3460 5768 ποιοῦσιν,
3494 5704 3606 5757 ἀλλ’
3641 5707 3700 5769 ἐξ

2132 5796 2300 5866 ὀρθῆς
2351 5794 2576 5863 γνώμης
2632 5796 2697 5847 τά
2749 5793 3096 5864 συμφέροντα
3132 5797 3207 5865 τῷ
3241 5795 3403 5864 κοινῷ
3435 5798 3524 5851 καὶ
3573 5814 3694 5850 σκο-
