4060 6420
411 395 518 459 605

1675 400 2082 460 ANNAIJUM
2125 402 2272 461 LIB.
2300 402 2436 465 VII.

411 508 577 562 ποῦσι
603 506 701 562 καὶ
741 507 1068 579 πράττουσι.
1114 509 1223 564 Καὶ
1270 509 1362 563 τὸν
1391 509 1564 578 δῆμον
1600 509 1692 562 ἐπί
1720 527 1778 561 τε
1814 511 1974 578 νόμως

2097 509 2274 566 lectus
2303 518 2471 576 esset,
2522 525 2620 581 per
2667 525 2888 566 omnem
2931 519 3150 568 aetatem
3184 513 3240 569 in
3282 529 3350 570 eo
3390 525 3684 575 maneret:

412 599 720 668 εἰσφοραῖς,
753 599 846 653 καὶ
872 602 986 664 τοῖς
1012 600 1198 665 ἄλλοις
1241 600 1617 671 συνήθροιζον,
1657 602 1751 653 καὶ
1782 599 1860 670 τῷ
1888 600 1998 653 τῶν

413 687 682 758 μειζόνων
719 691 907 762 ἀρχῶν
941 692 1156 763 κόσμῳ,
1197 692 1340 762 πλὴν
1386 692 1700 764 ῥαϐδούχων
1731 693 1993 763 ἐχρῶντο.

409 781 653 853 Τοιαύτη
685 784 719 854 ή
745 783 858 836 τῶν
891 785 1139 855 τιμητῶν
1171 785 1418 855 ὐπῆρχεν
1451 787 1616 856 ἀρχή.
1652 783 1775 838 Τῶν
1807 785 1995 850 μέντοι

411 874 488 944 μὴ
523 875 1008 946 ἀπογραψαμένων
1038 877 1135 940 τὰς
1167 876 1358 940 οὐσίας
1389 879 1448 931 ἐν
1491 879 1612 940 ταῖς
1642 878 1994 947 ἀπογραφαῖς

406 965 504 1019 καί¹
548 968 797 1034 ἑαυτοὺς,
851 969 948 1030 τὰς
1011 969 1113 1038 μὲν
1164 969 1354 1032 οὐσίας
1399 969 1450 1022 οί
1505 970 1758 1039 τιμηταὶ,
1794 970 1994 1032 αὐτοὺς

404 1057 451 1112 δ’
480 1059 730 1124 ἐκείνους
758 1061 811 1114 oi
859 1059 1060 1116 ὕπατοι
1105 1063 1472 1134 ἐπίπρασκον.
1523 1063 1721 1132 Χρόνῳ
1768 1062 1867 1132 μὲν
1894 1057 1991 1115 οὖν

401 1170 511 1206 τινι
541 1153 696 1207 ταῦθ’
726 1152 904 1217 οὕτως
934 1153 1211 1225 ἐπράχθη.
1244 1154 1514 1224 ’Ὕστερον
1543 1154 1600 1208 δὲ
1627 1154 1720 1208 τὸν
1750 1153 1899 1221 ἅπαξ
1921 1156 1986 1226 τῇ

405 1241 569 1313 βουλῇ
635 1243 1082 1313 καταλεχθέντα,
1154 1244 1244 1299 διὰ
1313 1243 1431 1314 βίου
1505 1245 1784 1316 βουλεύειν
1841 1245 1988 1310 ἔδοξε

405 1336 532 1404 μηδ’
578 1335 1005 1405 ἁπαλείφεσθαι,
1038 1339 1087 1390 εί
1120 1338 1197 1410 μή
1228 1343 1317 1401 τις
1343 1338 1611 1409 ἀδικήσας
1637 1337 1734 1392 καὶ
1777 1338 1988 1408 κριθεὶς

399 1427 669 1496 ἠτίμωτο,
707 1429 738 1499 ἢ
773 1429 960 1493 κακῶς
987 1430 1095 1495 ζῶν
1116 1431 1382 1501 ἠλέγχθη.
1413 1431 1551 1494 Τοὺς
1580 1430 1689 1500 γὰρ
1712 1430 1988 1495 τοιούτους

397 1521 729 1592 ἀπήλειφον,
754 1523 850 1577 καὶ
887 1525 1003 1580 ἀντ’
1033 1525 1214 1578 αὐτῶν
1249 1525 1472 1596 ἐτέρους
1504 1526 1830 1594 ἐνέγραφον.
1863 1524 1986 1576 Τῶν

395 1611 453 1663 δὲ
487 1615 844 1684 προσκαίρως
867 1616 1147 1685 ἀρχόντων
1191 1618 1466 1687 πρεσϐεῖα
1504 1615 1604 1674 μὲν
1633 1615 1844 1668 ἐδέδοτο
1870 1617 1984 1678 τοῖς

393 1705 739 1778 δικτάτορσι,
778 1708 1063 1780 δευτερεῖα
1109 1710 1168 1764 δέ
1212 1729 1277 1780 γε
1325 1714 1441 1774 τοῖς
1496 1711 1780 1780 τιμηταῖς,
1845 1711 1877 1778 ἡ
1927 1709 1983 1762 δὲ

2099 616 2282 672 neque
2324 602 2605 657 deleretur
2643 619 2710 658 ex
2754 604 2900 671 albo,
2939 604 3043 660 nisi
3076 606 3146 661 ob
3184 606 3400 664 facinus
3448 608 3684 679 ignomi-

2099 693 2260 748 nioso
2306 693 2520 764 judicio
2567 697 2972 753 condemnatus
3021 708 3203 761 esset.
3255 710 3352 754 aut
3409 700 3674 770 improba:

2097 786 2223 841 vitaz
2251 801 2562 843 convnctus.
2610 787 2837 845 Talibus
2892 791 3042 845 enim
3077 791 3132 844 in
3165 792 3417 846 ordinem
3449 793 3678 856 coactis,

2095 878 2234 934 alios
2265 879 2321 933 in
2351 895 2543 934 eorum
2569 880 2752 935 locum
2783 880 3214 936 substituebant.
3249 882 3307 936 lu
3327 881 3681 953 magistrati-

2095 971 2199 1026 bus
2231 979 2544 1041 temporum
2582 987 2747 1028 causa
2789 974 3080 1039 institutis,
3117 973 3429 1044 principem
3456 975 3678 1030 obtine-

2093 1061 2225 1117 bant
2272 1063 2454 1118 locum
2504 1064 2826 1129 dictatores,
2878 1065 3195 1135 proximum
3234 1079 3519 1129 censores,
3564 1075 3677 1119 ter-

2095 1151 2231 1208 tium
2251 1155 2497 1225 magistri
2524 1155 2774 1226 equitum
2799 1174 2814 1210 :
2841 1157 2936 1227 qui
2954 1156 3113 1220 ordo,
3136 1155 3250 1212 sive
3278 1157 3333 1211 in
3355 1157 3677 1228 magiStratu

2091 1253 2304 1312 essent,
2336 1246 2454 1302 sive
2482 1261 2551 1302 eo
2570 1249 2859 1315 abiissent,
2889 1249 3311 1304 observabatur.
3351 1249 3510 1316 Quod
3535 1249 3580 1303 si
3605 1248 3673 1303 ad

2091 1338 2356 1394 humilius
2403 1355 2604 1396 munus
2655 1341 3100 1407 descendissent,
3148 1341 3390 1410 priorem
3438 1340 3678 1409 dignita-

2091 1442 2200 1486 tem
2223 1432 2548 1488 inviolatam
2579 1434 2926 1489 obtinebant.
2968 1435 3122 1492 Unus
3153 1435 3376 1504 quidam
3417 1435 3678 1504 princeps

2088 1532 2314 1579 senatus
2369 1540 2466 1594 per
2521 1525 2576 1580 id
2625 1535 2867 1590 tempus,
2914 1526 3047 1581 dum
3101 1526 3148 1580 is
3206 1526 3383 1579 honos
3431 1524 3674 1578 durabat

2088 1615 2290 1684 (neque
2324 1615 2472 1670 enim
2526 1627 2834 1687 perpetuus
2879 1621 3018 1689 erat)
3076 1617 3334 1673 omnibus
3378 1615 3672 1686 dignitate,

2087 1723 2197 1762 non
2230 1709 2474 1776 potentia
2504 1711 2820 1779 praestabat.
3292 1712 3300 1720 ’

392 1801 550 1872 τρίτη
608 1802 760 1868 τάξις
813 1805 926 1866 τοῖς
983 1804 1284 1876 ἱππάρχοις
1331 1804 1622 1874 νενέμητο.
1666 1802 1776 1856 Καὶ
1831 1801 1975 1853 οὕτω
2012 1802 2189 1855 ταῦτα
2237 1801 2522 1866 ἐτέτακτο,
2605 1802 2708 1856 κᾶν
2760 1802 2821 1854 ἐν
2912 1803 3036 1864 ταῖς
3095 1801 3296 1872 ἀρχαῖς
3351 1796 3514 1873 ἦσαν,
3567 1800 3673 1856 κᾶν

392 1893 816 1964 ἀπηλλάγησαν.
887 1896 950 1949 El
1009 1898 1120 1968 γάρ
1171 1915 1254 1962 τις
1311 1898 1376 1951 ἐκ
1427 1897 1677 1966 μείζονος
1731 1896 1907 1966 ἀρχῆς
1974 1896 2056 1958 είς
2094 1894 2495 1964 ὐποδεεστέραν
2551 1895 2815 1965 κατέστη,
2866 1893 2928 1948 τὸ
2977 1895 3077 1963 τῆς
3129 1894 3410 1966 προτέρας
3455 1892 3674 1964 ἀξίωμα

391 1985 540 2057 εἶχεν
568 1987 854 2058 ἀκέραιον.
893 1985 988 2052 Εἷς
1045 1988 1104 2044 δέ
1160 2007 1267 2054 τις,
1327 1990 1388 2043 ὃν
1441 1989 1718 2059 πρίγκιπα
1758 1987 1856 2057 μὲν
1878 1987 1976 2056 τῆς
2016 1987 2309 2058 γερουσίας
2381 1985 2671 2057 ὠνόμαζον
2725 1988 2961 2054 (λέγοιτο
3011 1987 3057 2042 δ’
3109 1986 3177 2041 ἂν
3207 1986 3330 2041 καθ’
3401 1985 3672 2056 Ἕλληνας

392 2076 756 2148 πρόκριτος),
817 2079 1153 2148 συμπάντων
1214 2081 1434 2150 προεῖχε
1509 2079 1601 2133 τὸν
1671 2079 1865 2148 χρόνον
1917 2076 1976 2129 ὃν
2014 2077 2375 2148 προεκρίνετο
2425 2079 2508 2148 (οὐ
2565 2079 2676 2148 γὰρ
2724 2079 2815 2133 διὰ
2851 2079 2968 2151 βίον
3035 2096 3120 2143 τις
3169 2081 3252 2144 εἰς
3330 2078 3491 2134 τοῦτο
3539 2096 3678 2152 προ·

390 2171 736 2242 εχειρίζετο),
793 2174 890 2226 καὶ
931 2173 1204 2246 προέφερε
1235 2174 1346 2228 τῶν
1378 2173 1556 2228 ἄλλων
1606 2173 1684 2242 τῷ
1729 2170 2002 2240 ἀξιώματι
2041 2170 2100 2223 οὐ
2129 2171 2237 2240 μὴν
2267 2172 2360 2225 καὶ
2393 2172 2623 2244 δυνάμει
2644 2174 2842 2246 ἐχρῆτό
2869 2193 3000 2230 τινι.

464 2265 552 2323 κ’.
579 2267 788 2338 Χρόνον
827 2270 926 2338 μὲν
957 2268 1050 2322 οὖν
1092 2286 1219 2322 τινα
1271 2269 1502 2339 εἰρήνην
1546 2268 1684 2336 πρὶς
1713 2265 1974 2336 ἀλλήλους

2157 2263 2276 2320 XX.
2315 2265 2396 2319 Ad
2430 2266 2579 2323 hunc
2629 2267 2855 2322 modum
2902 2283 3037 2340 pace
3076 2268 3146 2324 ad
3184 2279 3402 2341 tempus
3427 2271 3575 2328 domi
3613 2283 3672 2330 et

391 2359 652 2428 καὶπρὸς
686 2362 815 2424 τοὺς
851 2361 1172 2432 περιοίκους
1201 2363 1436 2431 ἤγαγον.
1466 2357 1600 2415 Εἶτα
1645 2359 1808 2430 λιμοῦ
1857 2360 1976 2410 ἐπι-

390 2453 794 2522 κρατήσαντος,
822 2451 964 2505 ῶστε
995 2453 1150 2516 τινάς
1177 2457 1273 2506 καὶ
1329 2453 1411 2517 είς
1445 2452 1538 2505 τὸν
1572 2449 1817 2521 ποταμὸν
1845 2451 1976 2503 ἐαυ-

387 2546 517 2609 τοὺς
547 2545 828 2616 ἐμϐαλεῖν,
883 2546 958 2618 μή
1005 2525 1270 2618 φέροντας
1306 2546 1400 2600 τὸν
1436 2546 1594 2615 λιμὸν
1623 2545 1974 2598 ἐστασίασαν.

389 2641 456 2695 Οί
485 2640 585 2710 μὲν
615 2640 725 2712 γὰρ
771 2642 898 2704 τούς
948 2640 1221 2710 εὐπόρους
1280 2639 1356 2702 ὡς
1408 2641 1538 2710 περὶ
1589 2638 1680 2691 τὸν
1713 2639 1858 2690 σῖτον
1885 2652 1978 2689 κα·

389 2732 766 2805 κουργοῦντας
794 2736 852 2787 ἐν
884 2733 1036 2805 αἰτίᾳ
1067 2732 1388 2802 πεποίηντο,
1421 2732 1469 2784 οἱ
1501 2730 1557 2784 δέ
1585 2730 1708 2794 τοὺς
1735 2731 1977 2800 πένητας

389 2826 467 2888 ὡς
502 2824 599 2896 τὴν
630 2826 735 2896 γῆν
768 2826 844 2896 μὴ
877 2825 1305 2896 βουλευομένους
1330 2823 1690 2896 ἐργάζεσθαι.
1737 2823 1884 2876 Ἰδὼν
1917 2822 1976 2876 δὲ

385 2919 549 2973 τοῦτο
599 2918 866 2990 Σπούριος
919 2918 1192 2983 Μάλλιος,
1230 2918 1372 2990 ἀνὴρ
1430 2918 1634 2981 ἱππεὺς
1691 2915 1972 2982 πλούσιος,

385 3006 664 3078 τυραννίδι
693 3008 1106 3078 ἐπικεχείρηκε,
1139 3009 1233 3062 καὶ
1264 3011 1412 3063 σῖτον
1439 3010 1501 3062 ἐκ
1538 3009 1642 3078 τῆς
1663 3005 1974 3078 περιχώρου

388 3101 719 3172 πριάμενος,
758 3101 979 3165 πολλοῖς
1010 3103 1110 3173 μὲν
1143 3103 1516 3168 ἐπευωνίζων,
1549 3101 1770 3164 πολλοῖς
1795 3102 1853 3156 δὲ
1880 3101 1978 3155 καὶ

387 3197 590 3264 προῖκα
627 3193 822 3260 ἐδίδου,
862 3196 974 3249 κάκ
1034 3195 1227 3249 τούτου
1276 3197 1510 3266 συχνοὺς
1544 3193 1976 3266 προσῳκειωσά-

389 3307 576 3361 μενος,
608 3287 749 3342 ὅπλα
789 3305 849 3341 τε
885 3287 1182 3360 ἐπορίσατο
1217 3291 1313 3341 καὶ
1356 3288 1652 3359 φρουροὺς,
1680 3289 1776 3340 καὶ
1807 3288 1970 3358 ἐκρά-

383 3399 556 3451 τησεν
579 3383 644 3436 ἂν
669 3383 768 3452 τῆς
801 3383 1032 3446 πόλεως,
1073 3383 1121 3436 εί
1163 3383 1238 3452 μὴ
1275 3381 1574 3446 Μινούκιος
1615 3381 1972 3450 Αὐγουρῖνος,

384 3475 527 3546 ἀνὴρ
561 3475 940 3544 εὐπατρίδης,
986 3474 1080 3528 ἐπὶ
1141 3476 1207 3544 τῇ
1259 3473 1532 3546 σιτοδοσίᾳ
1614 3473 1974 3543 τεταγμένος,

385 3571 482 3623 καὶ
541 3569 870 3638 αἰτιώμενος
930 3571 1023 3622 ἐπὶ
1077 3571 1142 3639 τῇ
1207 3566 1466 3640 σιτοδείᾳ,
1525 3567 1838 3637 είσήγγειλε
1899 3571 1966 3640 τῇ

386 3662 550 3735 βουλῇ
577 3662 639 3716 τὸ
673 3661 1073 3732 πραττόμενον.
1121 3663 1185 3716 Ἡ
1205 3663 1263 3716 δὲ
1302 3662 1586 3732 γερουσία,
1627 3662 1876 3731 μαθοῦσα
1909 3663 1971 3717 τὸ

387 3759 658 3826 μήνυμα,
721 3753 1022 3826 δικτάτορα
1079 3753 1398 3824 παραυτίκα
1453 3755 1511 3808 ἐν
1561 3753 1640 3824 τῷ
1711 3754 1973 3826 συνεδρίῳ

383 3847 577 3900 ἀνεῖπε
635 3844 730 3897 τὸν
781 3845 1042 3898 Κυΐντιον
1096 3844 1190 3897 τὸν
1231 3843 1469 3898 Λούκιον
1507 3845 1600 3898 τὸν
1651 3847 1968 3912 Κικινάτον,

383 3939 482 3993 καὶ
515 3939 690 3992 ταῦτα
722 3937 1010 4007 παρήλικα
1041 3936 1170 3991 ὅντα
1196 3936 1684 4007 (ὀγδοηκοντούτης
1717 3936 1824 4006 γὰρ
1855 3933 1966 4008 ἦν).

382 4031 564 4085 Κάκεῖ
592 4030 694 4101 τὴν
723 4031 942 4100 ἡμέραν
976 4031 1156 4082 πᾶσαν
1200 4028 1492 4083 ἀνάλωσαν
1538 4028 1968 4098 συγκαθήμενοι,

382 4123 458 4187 ῶς
482 4143 536 4178 τι
559 4123 623 4194 δὴ
653 4121 1058 4192 βουλευόμενοι,
1086 4122 1170 4175 ἵνα
1208 4121 1282 4192 μὴ
1309 4121 1370 4174 τὸ
1392 4121 1618 4190 γεγονὸς
1642 4121 1969 4192 ἐκφοιτήσῃ.

381 4215 602 4280 Νυκτὸς
631 4215 689 4269 δὲ
721 4217 749 4268 ὁ
786 4214 1066 4286 δικτάτωρ
1092 4213 1155 4267 τδ
1187 4213 1536 4267 Καπιτώλιον
1563 4216 1658 4266 καὶ
1697 4214 1767 4266 τὰ
1805 4213 1971 4269 λοιπά

379 4309 450 4362 τά
507 4307 908 4378 ἐπικαιρότατα
944 4307 1034 4360 διὰ
1078 4305 1189 4359 τῶν
1243 4306 1456 4359 ἱππέων
1505 4303 1966 4374 προκαταλαϐὼν,

379 4403 552 4456 ἔωθεν
607 4402 700 4455 ἐπὶ
755 4401 850 4453 τὸν
900 4399 1144 4454 Μάλλιον
1191 4396 1408 4467 ἔπεμψε
1458 4397 1619 4450 Γάϊον
1659 4397 1969 4467 Σερουΐλιον

378 4497 474 4549 τὸν
497 4496 800 4565 ἵππαρχον,
823 4493 899 4556 ὡς
919 4493 986 4547 δι’
1011 4492 1138 4546 ἄλλο
1153 4509 1206 4545 τι
1229 4493 1439 4545 ἐκεῖνον
1463 4489 1966 4561 μετακαλούμενος.

392 4585 451 4642 Ὀ
471 4589 526 4641 δὲ
559 4585 1010 4656 ὐποτοπήσαντός
1033 4603 1086 4639 τι
1109 4585 1203 4640 τοῦ
1235 4585 1502 4650 Μαλλίου,
1532 4584 1625 4638 καὶ
1654 4583 1970 4654 διαμέλλονο

378 4697 471 4745 τος
517 4681 722 4746 δείσας,
756 4680 832 4750 μὴ
874 4680 980 4732 ὐπὸ
1028 4679 1124 4733 τοῦ
1177 4679 1422 4748 πλήθους
1468 4678 1788 4750 ἐξαρπασθῇ
1843 4679 1965 4752 (ήδη

379 4771 493 4841 γὰρ
529 4770 876 4843 συνέτρεχον)
917 4771 1129 4824 ἔκτεινε
1168 4770 1262 4823 τὸν
1307 4770 1500 4840 ἄνδρα,
1539 4771 1573 4840 ἢ
1611 4771 1966 4842 αὐτογνωμο·

377 4865 573 4934 νήσας,
603 4865 636 4935 ἢ
665 4862 825 4918 τοῦτο
869 4861 1298 4933 κεκελευσμένος
1336 4863 1474 4933 πρὸς
1501 4861 1596 4917 τοῦ
1626 4862 1965 4933 δικτάτορος.

2078 2355 2216 2412 foris
2251 2359 2574 2424 constituta,
2613 2367 2765 2414 tanta
2813 2359 2989 2415 fames
3030 2360 3222 2415 urbem
3273 2364 3573 2432 Oppressit,
3612 2371 3670 2420 ut

2077 2449 2304 2520 quidam
2343 2450 2583 2506 inediam
2609 2467 2720 2506 non
2751 2453 3014 2517 ferentes,
3055 2453 3110 2507 in
3138 2452 3343 2508 ﬂumen
3376 2471 3438 2511 se
3465 2457 3664 2525 praeci-

2079 2543 2340 2613 pitarent.
2391 2543 2550 2600 Unde
2593 2554 2717 2598 orta
2751 2544 3050 2610 seditione,
3092 2560 3368 2615 pauperes
3402 2547 3670 2604 divitibus

2077 2649 2312 2691 annonae
2359 2635 2832 2706 suppressionem,
2887 2637 3092 2693 divites
3136 2639 3476 2709 pauperibus
3521 2641 3669 2711 agri-_

2076 2727 2310 2784 cultura:
2351 2729 2661 2800 neglectum
2691 2729 2910 2785 crimini
2959 2730 3184 2784 dabant.
3222 2731 3343 2796 Qua
3387 2729 3462 2786 de
3488 2744 3664 2787 causa

2077 2819 2313 2890 Spurius
2364 2821 2559 2877 Melius
2604 2837 2798 2892 eques,
2831 2821 2997 2876 homo
3037 2821 3212 2886 dives,
3266 2832 3582 2892 coemptum
3633 2838 3665 2878 a

2079 2911 2330 2968 finitimis
2367 2912 2736 2979 frumentum,
2787 2913 2912 2969 aliis
2959 2911 3191 2968 minoris
3236 2913 3510 2980 vendidit,
3541 2914 3664 2970 aliis

2077 3006 2318 3077 gratuito
2360 3005 2536 3060 dedit.
2574 3006 2761 3076 anue
2787 3021 2847 3061 re
2874 3006 3060 3061 multis
3079 3007 3183 3062 sil.i
3215 3007 3546 3070 conciliatis,
3566 3023 3665 3078 spe

2079 3099 2232 3170 regni
2251 3107 2542 3169 concepta,
2563 3114 2715 3152 arma
2729 3108 2786 3154 et
2804 3099 3072 3154 satellites
3091 3098 3459 3169 comparavit.
3482 3099 3663 3168 Atque

2080 3195 2217 3248 urbe
2275 3192 2484 3263 potitus
2510 3201 2678 3258 esset,
2747 3193 2854 3248 nisi
2888 3193 3153 3248 Minutius
3205 3192 3544 3264 Augurinus,
3577 3194 3665 3248 vir

2077 3284 2366 3354 patricius,
2405 3283 2483 3339 rei
2524 3283 2902 3338 frumentaria:
2937 3283 3252 3354 praefectus,
3293 3297 3418 3338 cum
3446 3285 3518 3338 ob
3561 3299 3662 3336 an-

2075 3393 2236 3434 nona:
2267 3377 2554 3448 penuriam
2594 3386 2982 3440 accusaretur,
3024 3391 3140 3432 rem
3186 3375 3253 3429 ad
3285 3386 3540 3430 senatum
3567 3376 3666 3430 de-

2079 3471 2312 3526 tulisset.
2392 3468 2496 3536 Qui
2551 3469 2738 3524 statim
2803 3469 2867 3523 L.
2926 3467 3214 3536 Quintium
3263 3468 3656 3524 Cincinnatum

2078 3563 2403 3618 dictatorem
2439 3561 2699 3618 dixerunt
2736 3562 2919 3617 virum
2955 3573 3167 3618 exacta:
3195 3563 3411 3630 vetatis,
3455 3579 3662 3619 annum

2078 3667 2332 3729 agentem
2381 3673 2546 3723 Lxxx,
2570 3665 2737 3726 atque
2782 3657 2839 3712 in
2882 3657 3036 3712 curia
3075 3668 3251 3712 totum
3284 3657 3430 3713 diem
3455 3658 3647 3714 delibo

2075 3749 2318 3804 rantium
2352 3747 2537 3818 specie
2574 3749 2984 3813 consederunt,
3015 3764 3082 3804 ne
3111 3747 3165 3802 id
3205 3749 3486 3804 decretum
3516 3749 3666 3805 foras

2073 3841 2478 3897 eliminaretur.
2501 3839 2680 3896 Noctu
2714 3841 2954 3897 dictator
2979 3842 3321 3910 Capitolium
3353 3852 3410 3896 et
3436 3843 3540 3896 alia
3567 3859 3664 3914 op-

2075 3948 2312 4003 portuna
2342 3934 2461 4010 loca
2502 3949 2602 4004 per
2635 3935 2852 4004 equites
2886 3943 3146 4002 occupat.
3183 3933 3342 3988 Mane
3366 3933 3431 3990 C.
3465 3933 3655 3990 Servi-

2073 4027 2208 4080 lium
2253 4027 2576 4096 magistrum
2613 4029 2866 4097 equitum
2899 4026 2966 4080 ad
3000 4027 3222 4081 Melium
3256 4026 3448 4092 mittit,
3492 4029 3656 4097 quasi

2073 4136 2172 4190 per
2203 4119 2367 4174 aliam
2393 4135 2616 4175 causam
2661 4120 3082 4176 accersendum.
3121 4120 3279 4191 351
3324 4121 3395 4175 At
3429 4121 3520 4175 ille
3549 4121 3660 4176 Me-

2074 4212 2215 4267 lium
2241 4212 2450 4282 aliquid
2487 4213 2865 4283 suspicantem
2912 4220 2969 4268 et
3001 4215 3486 4283 tergiversantem,
3516 4213 3662 4269 veri-

2074 4314 2164 4360 tus
2193 4320 2263 4359 ne
2293 4319 2566 4360 concursu
2605 4304 2795 4374 populi
2829 4305 3164 4374 eriperetur,
3215 4303 3500 4372 interﬁcit,
3535 4305 3654 4362 sive

2072 4405 2268 4464 suopte
2305 4395 2558 4459 consilio,
2593 4395 2710 4450 sive
2737 4393 3027 4451 dictatoris
3060 4395 3246 4465 jussu.
3276 4393 3358 4450 Ob
3388 4396 3535 4465 quod
3570 4396 3654 4451 fa-

2070 4499 2220 4544 ctum
2257 4488 2633 4543 tumultuante
2677 4485 3057 4552 multitudine,
3100 4485 3358 4554 Quintius
3388 4488 3656 4543 concione

2072 4581 2280 4646 habita,
2324 4592 2380 4636 et
2405 4581 2688 4636 frumento
2733 4579 3056 4646 distributo,
3103 4587 3365 4635 accusato
3394 4579 3656 4634 multato-

2069 4692 2178 4746 que
2214 4676 2458 4739 nemine,
2497 4683 2708 4730 motum
2738 4689 2866 4730 eum
2902 4673 3138 4729 sedavit.
3179 4672 3390 4728 Deinde
3417 4673 3654 4728 Romani

2070 4771 2231 4826 bellis
2295 4769 2452 4840 petiti
2504 4784 2534 4822 a
2582 4768 2818 4823 diversis
2860 4767 3142 4838 gentibus,
3183 4775 3412 4822 czeteras
3463 4766 3657 4837 paucis

2069 4862 2266 4917 diebus
2295 4860 2566 4928 vicerunt,
2605 4860 2703 4916 sed
2737 4875 2864 4915 cum
2890 4859 3192 4932 Tyrrhenis
3223 4859 3385 4930 longo
3409 4868 3657 4927 tempore

375 4955 789 5027 Θορυϐηθέντος
818 4955 866 5009 δ’
899 4956 994 5008 ἐπὶ
1022 4953 1200 5026 τούτῳ
1231 4955 1328 5009 τοῦ
1362 4955 1625 5025 πλήθους,
1656 4958 1683 5008 ό
1709 4956 1963 5019 Κυϊντιος

2077 4955 2446 5010 decertarunt.
2474 4953 2698 5015 Milites,
2732 4968 2858 5007 cum
2891 4951 3253 5008 Posthumius
3272 4951 3432 5007 victis
3466 4949 3659 5020 [Equis

374 5047 795 5118 δημηγορήσας,
833 5047 928 5102 καὶ
971 5049 1118 5101 σῖτον
1169 5047 1325 5116 σφίσι
1358 5046 1686 5118 παρασχὼν,
1745 5047 1839 5101 καὶ
1888 5049 1962 5118 μή

375 5159 502 5196 τινα
523 5143 713 5212 ἕτερον
745 5142 777 5212 ἢ
812 5141 1072 5205 κολάσας,
1104 5141 1138 5212 ἢ
1168 5141 1650 5210 ἐπαιτιασάμενος,
1688 5141 1780 5194 τὸν
1806 5141 1965 5214 θόρυ-

376 5231 473 5282 ϐον
500 5227 728 5284 ἔπαυσε.
754 5229 1018 5300 Πολέμων
1042 5230 1099 5282 δὲ
1125 5233 1239 5293 τοῖς
1283 5230 1577 5300 Ῥωμαίοις
1605 5233 1669 5284 ἐκ
1689 5231 1964 5303 διαφόρων

379 5320 550 5373 ἐθνῶν
584 5323 1062 5392 ἐπενηνεγμένων,
1092 5323 1220 5386 τοὺς
1252 5324 1352 5393 μὲν
1383 5324 1442 5377 ἐν
1468 5323 1684 5392 ὀλίγαις
1722 5325 1962 5396 ήμέραις

377 5413 664 5484 ἐνίκησαν,
685 5416 796 5476 τοῖς
823 5414 881 5466 δὲ
906 5415 1212 5485 Τυρσηνοῖς
1236 5414 1328 5468 ἐπὶ
1354 5415 1567 5486 μακρὸν
1586 5416 1959 5486 ἐπολέμησαν.

375 5507 719 5578 Ποστουμίου
750 5507 806 5560 δὲ
835 5508 1193 5579 νενικηκότος
1223 5509 1352 5572 τοὺς
1403 5510 1694 5574 Αίκουοὺς,
1731 5510 1829 5563 καὶ
1867 5529 1960 5580 p.8-

378 5599 552 5671 γάλην
608 5599 766 5653 πόλιν
821 5599 1038 5662 ἑλόντος
1085 5599 1289 5665 αὐτῶν,
1339 5601 1424 5653 ὅτι
1469 5600 1598 5672 μήτ’
1651 5601 1870 5671 ἐκείνην
1915 5602 1965 5653 οἱ

376 5693 717 5762 στρατιῶται
750 5695 831 5758 εἰς
884 5696 1168 5766 προνομὴν
1223 5695 1669 5767 ἐξεχωρήθησαν,
1735 5697 1874 5768 μήτε
1909 5714 1963 5750 τι

371 5787 472 5853 τῆς
516 5786 664 5850 λείας
721 5787 1053 5857 αἰτήσαντες
1105 5787 1322 5854 ἔλαϐον,
1363 5791 1456 5843 τόν
1505 5807 1562 5842 τε
1618 5791 1822 5860 ταμίαν
1870 5790 1962 5843 τὸν

365 5879 744 5950 διατιθέμενον
781 5880 950 5951 αὐτὴν
987 5879 1348 5950 περιστάντες
1387 5881 1710 5950 ἐφόνευσαν,
1746 5883 1840 5939 καὶ
1871 5881 1962 5936 τὸν

2075 5063 2326 5118 magnam
2353 5062 2546 5104 eorum
2581 5047 2775 5102 urbem
2802 5054 3171 5116 expugnatam
3191 5085 3208 5109 ,
3241 5060 3353 5099 non
3385 5043 3658 5113 diripien-

2073 5142 2198 5197 dam
2243 5141 2506 5207 dedisset,
2546 5154 2732 5209 neque
2771 5154 2840 5193 ex
2890 5137 3166 5192 manubiis
3197 5135 3498 5207 quidquam
3523 5150 3658 5189 con-

2071 5235 2358 5301 cessisset,
2451 5241 2788 5304 qumstorem
2873 5233 3158 5302 primum,
3219 5229 3421 5284 deinde
3475 5227 3656 5296 ipsum

2069 5327 2234 5384 etiam
2269 5325 2655 5381 Posthumium
2682 5366 2698 5390 ,
2726 5325 3103 5394 objurgantem
3133 5363 3147 5386 ,
3177 5332 3232 5377 et
3261 5321 3426 5376 caedis
3461 5331 3656 5375 aucto-

2069 5435 2156 5473 res
2189 5418 2257 5472 ad
2290 5417 2619 5488 supplicium
2649 5416 3042 5487 postulantem,
3075 5413 3440 5469 occiderunt:
3471 5429 3653 5484 neque

2066 5525 2262 5565 recens
2317 5519 2540 5580 captum
2586 5509 2896 5572 duntaxat,
2947 5509 3044 5564 sed
3092 5524 3313 5562 onmem
3368 5508 3652 5577 publicum

2059 5618 2250 5674 agrum
2291 5601 2396 5658 sibi
2440 5602 2818 5658 vindicarunt.
2883 5602 2963 5657 Ac
3008 5601 3271 5657 diuturna
3319 5599 3516 5654 fuisset
3559 5600 3653 5656 illa

2061 5696 2287 5762 seditio,
2341 5695 2449 5750 nisi
2501 5694 2628 5750 belli
2674 5697 2742 5749 ab
2787 5694 2984 5764 .‘Equis
3022 5695 3381 5766 redintegrati
3430 5702 3644 5748 terrore

2062 5789 2423 5860 quievissent.
2471 5787 2717 5844 Caudium
2763 5804 2923 5858 pmna
2955 5788 3009 5842 in
3055 5789 3249 5858 paucis
3296 5799 3646 5857 consumpta,

2065 5883 2252 5939 hostes
2282 5882 2557 5939 vicerunt.
2589 5879 2960 5948 Quamobrem
2993 5889 3246 5952 potentes
3273 5889 3328 5937 et
3356 5883 3646 5938 manubias

3577 405 3686 470 606
3739 405 3758 420 '
