4060 6398
441 330 551 396 607

1755 331 1994 394 JOANN
2013 333 2080 390 lS
2119 328 2439 391 ZONARE

3611 320 3719 384 6'08

442 451 590 506 inter
615 464 712 506 eos
757 450 1222 508 distribuerunt:
1271 460 1327 507 et
1379 452 1574 523 pediti,
1629 451 1830 507 deinde
1863 452 2028 505 ctiam

2141 447 2480 516 Ποστούμιον
2514 447 2862 518 ἐπιτιμῶντα
2901 445 3088 508 αὐτοῖς
3129 444 3221 498 ἐπὶ
3267 442 3464 510 τούτῳ,
3503 439 3597 492 καὶ
3627 439 3722 505 ζη-

437 543 614 612 equiti
659 543 934 613 stipendia
985 544 1380 600 decreverunt.
1438 545 1572 600 Nam
1626 545 1692 599 ad
1754 544 1808 597 id
1855 557 2029 611 usque

440 643 662 704 tempus
697 633 816 689 sine
838 634 1122 700 mercede,
1151 650 1215 690 ac
1239 635 1357 689 suis
1385 635 1653 705 impensis
1679 634 1986 688 militarant
2013 650 2028 694 :

441 741 510 781 ac
535 736 650 781 tum
706 726 932 780 demum
972 727 1249 798 stipendia
1283 743 1501 784 merere
1528 737 1837 798 coeperunt.
1881 727 2032 781 Bello

442 816 707 872 adversus
723 817 950 884 \{eintcs
966 827 1110 881 orto,
1125 819 1257 873 dum
1281 820 1359 874 illi
1377 834 1478 874 suo
1498 819 1668 873 Marte
1694 818 2030 888 pugnabant,

444 922 476 962 a
521 908 788 963 Romanis
843 925 988 979 saepe
1042 909 1196 971 victi,
1230 918 1286 965 et
1318 911 1462 965 intra
1512 909 1715 965 mmuia
1762 909 2031 977 compulsi

445 1009 598 1055 sunt.
647 1000 752 1056 Sed
801 1003 1080 1056 sociorum
1128 1003 1342 1057 viribus
1399 1002 1568 1066 aucti,
1619 1004 1916 1071 eruptione
1965 1016 2033 1056 ex

450 1093 588 1148 urbe
642 1093 808 1158 facta,
855 1095 1138 1150 Romanos
1185 1097 1571 1166 proﬂigarunt.
1619 1095 1835 1150 Interea
1881 1095 2034 1149 lacus

445 1185 713 1252 Albanus,
745 1187 975 1241 tumulis
1003 1187 1248 1256 undique
1279 1199 1491 1256 septus,
1531 1204 1657 1242 cum
1689 1187 1903 1242 nullum
1939 1188 2035 1242 ba-

445 1281 604 1336 beret
651 1295 792 1350 aqua
850 1283 1084 1347 exitum,
1118 1282 1249 1337 dum
1304 1283 1422 1339 Veii
1485 1284 1908 1349 obsidebantur,
1959 1285 2035 1339 ita

446 1372 760 1436 inundavit,
797 1383 855 1426 ut
885 1390 1026 1443 aqua
1061 1375 1205 1430 ultra
1238 1385 1456 1430 montes
1489 1376 1732 1441 evoluta,
1769 1376 1838 1431 ad
1879 1391 2034 1431 mare

445 1464 787 1520 decurreret.
831 1468 952 1533 Quo
1005 1483 1130 1523 cum
1181 1469 1415 1523 Romani
1467 1469 1737 1523 divinitus
1765 1470 2032 1538 portendi

445 1557 654 1626 aliquid
685 1559 1001 1626 crederent,
1035 1561 1364 1630 Delphicum
1419 1564 1708 1618 oraculum
1737 1564 2037 1618 consulue-

444 1659 598 1705 runt.
645 1651 778 1706 Erat
805 1661 862 1706 et
895 1654 1041 1722 apud
1073 1655 1344 1710 Veientes
1379 1656 1703 1727 Tyrrhenus
1735 1666 1912 1723 vates,
1942 1656 2034 1725 qui

444 1758 574 1799 cum
604 1744 798 1815 Pythia
847 1747 1252 1802 conscntiebat.
1315 1749 1491 1803 Ambo
1532 1749 1681 1803 enim
1716 1749 1907 1803 urbem
1937 1763 2036 1803 ex-

2138 541 2336 595 τοῦντα
2372 539 2498 602 τοὺς
2543 541 2890 612 αὐτόχειρας,
2949 537 3452 609 προσαπέκτειναν,
3502 535 3599 583 καὶ
3623 530 3722 600 τὴν

2139 635 2325 704 χώραν
2354 635 2414 690 ού
2448 636 2546 706 τὴν
2577 635 2934 704 αίχμάλωτον
2977 632 3162 702 μόνον,
3215 627 3356 683 ἀλλά
3407 626 3504 678 καὶ
3540 625 3720 677 πᾶσαν

2141 731 2510 800 προσένειμαν
2543 731 2756 791 ἑαυτοῖς
2788 727 2890 798 τὴν
2923 729 2984 780 ἐν
3027 726 3107 795 τῷ
3152 722 3401 793 δημοσίῳ
3430 720 3554 773 τότε
3586 733 3721 785 τυγ-

2141 822 2435 889 χάνουσαν.
2486 821 2608 874 Κᾶν
2657 822 2751 874 ἐπὶ
2786 822 3042 873 πλεῖστον
3072 820 3106 886 ὴ
3151 815 3344 877 στάσις
3400 812 3718 881 διήρκεσεν,

2140 913 2191 964 εί
2232 913 2306 980 μὴ
2352 911 2592 982 πόλεμος
2626 910 2782 976 αὖθις
2833 909 3131 981 Ῥωμαίοις
3161 906 3316 975 παρά
3344 904 3451 958 τῶν
3479 901 3723 955 Αἰκουῶν

2141 1005 2494 1073 ἐπενήνεκτο.
2541 1004 2878 1074 Φοϐηθέντες
2923 1003 3032 1072 γὰρ
3075 999 3166 1054 διὰ
3207 997 3368 1052 τοῦτο
3415 995 3722 1067 ἡσύχασαν,

2141 1099 2240 1153 καὶ
2267 1100 2367 1169 τὴν
2401 1099 2679 1170 τιμωρίαν
2712 1116 2824 1152 των
2853 1098 3030 1166 φόνων
3071 1095 3153 1158 είς
3195 1093 3416 1161 ὀλίγους
3463 1087 3728 1141 ἐλθοῦσαν

2143 1190 2472 1258 ὑπέμειναν,
2519 1190 2616 1242 καὶ
2656 1188 2754 1241 ἐπὶ
2783 1188 2910 1249 τοὺς
2944 1185 3226 1247 ἐναντίους
3269 1179 3724 1251 στρατεύσαντες,

2145 1282 2294 1352 μάχῃ
2327 1281 2526 1342 αὑτοὺς
2563 1281 2908 1350 νενικήκασι.
2951 1276 3044 1331 Διὸ
3084 1278 3187 1348 τήν
3233 1293 3292 1328 τε
3343 1273 3494 1325 λείαν
3545 1273 3727 1330 αὐτοῖς

2143 1374 2192 1428 oi
2215 1374 2434 1427 δυνατοὶ
2464 1372 2732 1439 διέδοσαν,
2766 1372 2860 1424 καὶ
2893 1370 3088 1440 μισθὸν
3115 1370 3229 1431 τοῖς
3253 1367 3461 1431 πεζοῖς,
3490 1362 3607 1416 εἶτα
3635 1361 3727 1414 καὶ

2145 1469 2257 1531 τοῖς
2293 1465 2553 1519 ἱππεῦσιν
2595 1465 2962 1534 ἐψηφίσαντο.
3005 1461 3227 1532 Ἀμισθὶ
3267 1461 3376 1528 γὰρ
3411 1458 3578 1526 μέχρι
3606 1455 3726 1506 τότε

2143 1560 2240 1613 καὶ
2267 1557 2529 1612 οίκόσιτοι
2570 1557 2646 1628 (‘2)
2684 1555 3098 1628 ἐστρατεύοντο,
3132 1554 3256 1606 τότε
3295 1551 3351 1604 δὲ
3394 1547 3612 1619 πρῶτον
3643 1563 3732 1612 μισ

2145 1651 2437 1723 σθοιρορεῖν
2464 1650 2721 1721 ἤρξαντο.
2773 1649 3022 1718 Πολέμου
3063 1647 3119 1700 δὲ
3153 1646 3342 1706 αὐτοῖς
3371 1642 3506 1713 πρὸς
3539 1639 3731 1692 Ούῖένο

2144 1762 2243 1808 τας
2271 1744 2590 1809 συστάντος,
2622 1743 2727 1806 ἕως
2757 1744 2858 1812 μὲν
2906 1740 3048 1794 κατά
3076 1739 3218 1808 σφᾶς
3249 1735 3551 1804 ἐπολέμουν
3582 1733 3732 1784 ἐκεῖ-

444 1844 748 1906 pugnatum
781 1834 850 1890 iri
878 1837 1242 1898 afﬁrmabant,
1277 1837 1322 1891 si
1349 1852 1472 1906 quze
1501 1837 1837 1891 exundasset
1869 1851 2030 1906 aqua,

2141 1853 2240 1900 νοι,
2269 1835 2532 1898 πολλάκις
2571 1835 2774 1898 αὐτοὺς
2804 1838 2854 1888 oi
2918 1834 3183 1903 Ῥωμαῖοι
3236 1829 3520 1898 ἐνίκησαν,
3553 1827 3643 1878 καὶ
3673 1825 3734 1887 ἐς

447 1923 506 1978 in
534 1939 684 1979 mare
717 1941 827 1980 non
858 1926 1209 1990 decurreret,
1251 1928 1344 1981 sed
1397 1929 1525 1984 alibi
1563 1939 1987 1982 consumeretur
2021 1945 2035 1982 :

447 2022 508 2068 et
551 2013 802 2082 quzedam
860 2031 1015 2070 sacra
1069 2015 1187 2070 ﬁeri
1241 2017 1550 2087 jusserunt.
1595 2017 1791 2072 Verum
1847 2020 2040 2088 Apollo

449 2118 556 2159 nec
581 2106 782 2175 quibus
812 2107 942 2170 diis,
981 2123 1084 2162 nec
1122 2124 1234 2178 quo
1276 2110 1384 2162 ritu
1437 2109 1834 2163 immolandum
1867 2117 2038 2174 esset,

445 2197 769 2254 declaravit.
791 2198 1121 2270 Tyrrhenus
1147 2214 1332 2256 autem
1370 2217 1494 2257 cum
1529 2219 1591 2258 ea
1625 2203 1770 2258 scire
1813 2203 2034 2258 videre-

452 2297 570 2352 tur,
601 2290 834 2346 celabat.
866 2291 1058 2361 Itaque
1096 2290 1332 2348 Romani
1357 2295 1504 2350 circa
1530 2295 1755 2357 nimnia,
1790 2295 1881 2348 ubi
1909 2309 2038 2350 cum

448 2397 518 2435 eo
545 2382 788 2452 colloqui
841 2384 1110 2450 solebant,
1145 2384 1422 2456 dispositi,
1469 2386 1727 2442 simulata
1772 2387 2036 2451 amicitia,

447 2489 577 2529 cum
621 2475 747 2531 aliis
798 2475 854 2531 in
905 2479 1072 2533 rebus
1122 2478 1286 2549 352
1337 2495 1464 2534 cum
1511 2481 1654 2536 bono
1693 2481 1880 2536 animo
1915 2496 2040 2537 esse

450 2567 760 2637 iusserunt,
812 2577 928 2623 tum
972 2569 1199 2639 impune
1234 2571 1291 2625 in
1336 2579 1516 2626 castra
1562 2571 1716 2627 exire
1772 2573 2041 2642 permise-

450 2667 624 2712 runt:
658 2667 715 2714 et
758 2661 1252 2731 comprehensum,
1300 2665 1489 2718 omnia
1519 2679 1642 2734 quae
1670 2664 1816 2720 facto
1850 2672 2042 2720 essent

445 2765 608 2821 Opus,
639 2751 794 2808 eﬂ‘ari
835 2767 1160 2825 coegerunt,
1211 2772 1282 2812 ex
1345 2758 1494 2813 illius
1537 2758 1708 2828 igitur
1750 2759 2043 2829 prmeeptis

447 2858 565 2898 rem
624 2843 876 2900 divinam
962 2847 1218 2904 fecerunt
1267 2868 1282 2904 :
1341 2849 1702 2921 perfossoque
1777 2852 2041 2917 tumulo,

445 2952 645 3006 aquam
671 2937 1075 2996 redundantem
1105 2942 1348 2998 occultis
1381 2943 1664 2998 meatibus
1696 2942 1752 2996 in
1783 2957 2041 3011 campum

445 3030 778 3099 emiserunt,
835 3036 891 3088 in
933 3051 1046 3104 quo
1077 3036 1262 3092 omnis
1311 3045 1642 3108 consumpta
1684 3045 1790 3102 est,
1838 3051 1944 3092 nec
1984 3035 2040 3090 in

447 3138 602 3180 mare
629 3125 934 3197 quidquam
962 3128 1204 3186 inﬂuxit.

2139 1928 2461 1994 πολιορκίαν
2510 1929 2880 1999 κατέστησαν.
2935 1923 3409 1997 Προσγενομένων
3457 1921 3514 1974 δὲ
3545 1919 3734 1980 αὐτοῖς

2141 2021 2469 2090 συμμάχων,
2497 2019 2796 2089 ἐπεξῆλθον
2821 2019 2938 2080 τοῖς
2994 2015 3321 2086 Ῥωμαίοις,
3359 2011 3454 2063 καὶ
3488 2009 3728 2077 ἐπεκρά-

2137 2129 2334 2180 τησαν.
2379 2112 2469 2165 Ἐν
2502 2111 2712 2175 τούτοις
2736 2111 2792 2164 δὲ
2821 2109 2915 2164 καὶ
2940 2109 3073 2178 πρὸς
3097 2107 3175 2175 τῷ
3209 2104 3329 2177 ὄρει
3359 2102 3438 2172 τῷ
3487 2100 3737 2170 ’Δλϐανῷ

2137 2201 2275 2256 οὖσα
2327 2201 2494 2274 λίμνη
2549 2201 2657 2255 ὑπὸ
2704 2202 2815 2253 τῶν
2868 2197 3034 2269 πέριξ
3068 2197 3240 2264 αὐτῆς
3299 2191 3738 2266 περικλειομένη

2140 2294 2342 2362 λόφων,
2392 2294 2490 2348 καὶ
2540 2293 2616 2364 μή
2644 2293 2845 2364 ἔχουσα
2880 2290 3108 2362 ἐκροήν,
3153 2288 3300 2344 κατὰ
3333 2286 3426 2340 τὸν
3476 2285 3580 2354 τῆς
3634 2302 3740 2337 πο-

2138 2387 2391 2457 λιορκίας
2422 2386 2534 2438 τῶν
2577 2387 2852 2440 Οὑῖέντων
2888 2383 3085 2450 καιρὸν
3127 2383 3186 2446 ἐς
3230 2378 3491 2434 τοσοῦτον
3523 2377 3741 2447 ἐπλημ-

2144 2479 2414 2550 μύρησεν,
2473 2479 2551 2542 ώς
2613 2477 3047 2548 ὑπερεκχεῖσθαι
3105 2474 3200 2527 καὶ
3248 2472 3358 2526 τῶν
3403 2470 3571 2538 ὀρῶν,
3635 2469 3739 2522 καὶ

2141 2575 2396 2626 κατιέναι
2427 2572 2564 2639 πρὸς
2595 2572 2898 2626 θάλασσαν.
2930 2570 3235 2641 Κρὲναντες
3266 2567 3312 2620 δ’
3364 2567 3414 2618 oi
3468 2563 3741 2631 Ῥωμαῖοι

2140 2666 2364 2729 πάντως
2415 2682 2469 2717 τι
2508 2663 2599 2718 διὰ
2634 2663 2829 2717 τούτου
2862 2662 3009 2716 θεῖον
3041 2658 3427 2732 σημαίνεσθαι,
3477 2655 3742 2726 ἔπεμψαν

2143 2762 2225 2822 εἰς
2249 2759 2490 2826 Δελφοὺς
2521 2758 2652 2827 περὶ
2682 2757 2876 2810 τούτου
2904 2755 3264 2828 χρησόμενοι.
3296 2747 3407 2804 Ἦν
3439 2749 3495 2802 δέ
3533 2765 3613 2811 τις
3641 2745 3743 2800 καὶ

2142 2852 2294 2922 παρά
2321 2854 2435 2914 τοῖς
2480 2853 2764 2914 Ούίένταις
2811 2850 3094 2921 Τυρσηνδς
3120 2848 3260 2917 ἀνὴρ
3314 2841 3598 2915 μαντικός·
3643 2840 3742 2904 Ἐς

2142 2946 2344 3000 ταυτὸν
2375 2945 2468 2999 οὖν
2505 2945 2540 3015 ἦ
2571 2962 2634 2998 τε
2667 2943 2843 2998 Πυθία
2876 2943 2973 2997 καὶ
3006 2940 3275 3014 ήέκείνου
3316 2938 3548 3008 μαντεία
3602 2951 3738 2986 συν-

2145 3036 2432 3106 έδραμονο
2501 3038 2595 3090 καὶ
2641 3038 2812 3108 ἄμφω
2866 3034 2978 3107 γάρ
3045 3032 3358 3088 ἁλώσεσθαι
3421 3029 3524 3098 τὴν
3578 3025 3740 3079 πόλιν

2143 3126 2324 3193 εἶπον,
2360 3130 2493 3184 ὅταν
2521 3131 2581 3183 τὸ
2611 3128 2757 3199 ὕδωρ
2793 3128 2854 3182 τὺ
2884 3125 3302 3205 πλημμυρῆσαν
3343 3121 3418 3192 μὴ
3445 3122 3500 3184 ἐς
3529 3119 3740 3173 θάλασ-

451 3234 556 3273 σαν
603 3220 851 3290 ἐμπέσῃ,
903 3221 1021 3276 ἀλλ’
1070 3221 1383 3294 ἀναλωκείη
1432 3223 1687 3294 ἑτέρωθι.
1737 3223 1850 3280 Καί
1920 3242 2074 3288 τινας
2117 3223 2438 3294 ἱερουργίας
2483 3223 2575 3278 διά
2619 3222 2785 3278 τοῦτο
2825 3222 3082 3290 γενέσθαι
3121 3219 3438 3274 ἐκέλευσαν.
3501 3212 3644 3268 Ἀλλ’
3710 3216 3742 3267 ὁ

451 3311 555 3381 μὶν
583 3311 782 3374 Πύθιος
809 3313 935 3368 οὔτε
972 3317 1084 3370 τίσι
1149 3317 1316 3384 θεῶν,
1367 3317 1484 3372 οὔθ’
1529 3320 1679 3383 ὅπως
1748 3319 1918 3384 αὑτὰς
1986 3319 2279 3390 ποιήσουσι
2315 3318 2647 3388 διεσάφησεν
2677 3332 2694 3349 ⁸
2743 3319 2771 3371 ό
2813 3317 2871 3371 δέ
2921 3314 3204 3384 Τυρσηνὸς
3281 3314 3446 3382 ἐῴκει
3495 3306 3595 3378 μὲν
3651 3307 3740 3358 εἰ·

447 3402 620 3469 δέναι,
650 3405 806 3460 οὐδὲν
839 3406 896 3460 δὲ
922 3408 1138 3479 ἐδήλου.
1175 3412 1238 3465 Οί
1271 3410 1404 3481 γοῦν
1427 3415 1556 3485 περὶ
1581 3412 1644 3468 τὸ
1674 3416 1876 3486 τεῖχος,
1946 3412 2068 3467 ὅθεν
2108 3414 2323 3477 ἐκεῖνος
2392 3411 2614 3484 ὡμίλει,
2666 3411 2995 3482 τεταγμένοι
3046 3410 3336 3478 Ῥωμαῖοι,
3377 3405 3562 3476 φιλίαν
3593 3400 3741 3470 πρὸς

450 3495 664 3550 ἐκεῖνον
692 3497 1109 3571 ὑποκριθέντες,
1161 3505 1233 3559 τά
1289 3522 1350 3561 τε
1403 3507 1540 3562 ἀλλα
1585 3509 1814 3580 θαρρεϊν
1875 3507 2024 3579 αὑτῷ
2091 3508 2384 3574 ἐνεδίδουν,
2468 3509 2567 3560 καὶ
2598 3507 2772 3570 ἀδεῶς
2799 3505 3105 3572 ἐπέτρεπον
3127 3501 3390 3571 ἐκφοιτᾷν
3415 3517 3428 3530 ·
3463 3500 3556 3552 καὶ
3587 3495 3742 3548 οὕτω

451 3589 812 3659 συλλαϐόντες
842 3597 1029 3664 αὑτὸν,
1057 3599 1240 3654 πάντα
1265 3599 1335 3654 τὰ
1365 3601 1681 3672 καθήκοντα
1749 3603 2074 3674 ἠνάγκασαν
2149 3603 2411 3668 ἐξειπεῖν,
2477 3602 2574 3656 καὶ
2619 3601 2762 3656 κατά
2805 3602 2906 3672 τὴν
2959 3598 3244 3670 ὑποθήκην
3294 3596 3506 3649 ἐκείνου
3540 3592 3639 3655 τάς
3671 3608 3742 3646 τε

451 3679 648 3746 θυσίας
698 3684 987 3755 ἐποίησαν,
1021 3691 1117 3743 καὶ
1156 3691 1249 3744 τὸν
1285 3691 1450 3761 λόφον
1477 3693 1791 3764 διέτρησαν,
1838 3696 1936 3747 καὶ
1977 3692 2039 3746 τὸ
2079 3690 2380 3756 πλεονάζον
2445 3693 2593 3764 ὕδωρ
2659 3693 2742 3756 εἰς
2779 3693 2842 3746 τὸ
2871 3690 3055 3744 πεδίον
3083 3689 3304 3762 κρυπτῇ
3334 3685 3562 3755 διώρυχι
3629 3700 3741 3752 με-

448 3777 832 3848 τωχέτευσαν,
865 3780 998 3834 ὥσθ’
1030 3782 1177 3836 ἅπαν
1203 3783 1261 3838 ἐν
1305 3785 1454 3854 αύτῷ
1501 3786 1918 3850 ἀναλίσκεσθαι,
1975 3786 2071 3838 καὶ
2119 3786 2192 3856 μή
2223 3803 2276 3838 τι
2308 3784 2642 3857 καταρῤέειν
2665 3785 2746 3848 είς
2775 3783 3080 3840 θάλασσαν.

523 3869 668 3925 XXI.
699 3870 815 3926 Hoc
845 3883 1109 3943 peracto,
1148 3874 1221 3929 M.
1262 3876 1464 3932 Furius
1498 3875 1764 3933 Camillus
1805 3876 2037 3933 dictator

2219 3877 2351 3932 ΚΜ.
2387 3875 2548 3946 "Ap-ct
2577 3874 2677 3944 μὲν
2701 3870 2798 3929 οὖν
2825 3873 2988 3926 τοῦτο
3035 3873 3278 3941 ἐγένετο,
3329 3871 3424 3926 καὶ
3455 3870 3742 3942 δικτάτωρ

451 3972 680 4018 creatus
701 4003 717 4030 ,
749 3979 874 4019 cum
903 3965 1118 4035 impetu
1154 3969 1210 4021 in
1237 3969 1442 4023 mmnia
1475 3969 1618 4024 facto
1659 3968 1800 4022 nihil
1855 3967 2040 4039 profc-

451 4051 657 4118 cisset,
705 4068 736 4108 a
771 4054 1033 4126 longiquo
1069 4059 1416 4128 auspicatus,
1452 4061 1711 4116 cuniculo
1753 4060 1809 4116 in
1855 4077 2039 4117 arcem

450 4153 578 4201 acto
603 4185 618 4207 ,
655 4157 712 4202 et
741 4148 1010 4204 militibus
1040 4165 1072 4204 a
1108 4150 1284 4207 Roma
1313 4154 1646 4210 voluntariis
1678 4166 1908 4219 auctus,
1942 4171 2039 4208 ur-

451 4233 580 4290 bem
609 4251 816 4292 corona
852 4238 1258 4296 circumdedit:
1283 4255 1341 4298 et
1363 4243 1578 4299 civibus
1607 4243 1662 4298 in
1699 4245 1901 4300 moenia
1923 4243 2042 4298 dis-

452 4330 636 4402 persis
655 4370 672 4398 ,
700 4332 794 4386 alii
824 4348 925 4404 per
954 4333 1276 4390 cuniculum
1302 4335 1442 4391 clam
1471 4335 1528 4389 in
1560 4336 1756 4392 urbem
1786 4346 2042 4406 penetra-

451 4435 607 4481 runt.
633 4423 772 4479 Cum
794 4426 990 4481 urbem
1012 4435 1231 4497 captam
1256 4427 1421 4498 diripi
1447 4427 1679 4492 videret,
1702 4427 2043 4499 illacrymas-

451 4532 538 4582 se,
567 4525 626 4572 et
671 4532 798 4572 cum
845 4520 1086 4590 suspirio
1106 4520 1308 4575 dixisse
1327 4521 1542 4574 fertur:
1596 4519 1642 4576 0
1681 4522 1790 4586 dii,
1832 4522 1878 4574 si
1923 4536 2042 4591 quae

455 4608 718 4664 Romanis
757 4611 936 4665 divina
966 4611 1218 4666 incumbit
1259 4613 1415 4677 ultio,
1457 4628 1639 4666 eorum
1663 4613 1933 4666 contraria
1959 4613 2042 4682 fe-

455 4700 673 4766 licitati,
733 4719 918 4772 precor
951 4712 1007 4756 ut
1044 4704 1100 4757 in
1148 4719 1230 4757 me
1277 4703 1378 4757 illa
1440 4703 1666 4758 desinat.
1727 4704 1867 4759 Tum
1908 4721 2042 4760 vero

454 4787 656 4857 praeda:
702 4789 1012 4856 decimam,
1051 4791 1243 4848 invitis
1304 4793 1573 4848 militibus
1600 4834 1614 4856 ,
1654 4803 1784 4848 voto
1843 4809 2042 4849 conce-

455 4888 555 4952 pto
625 4882 864 4953 Apollini
919 4884 1145 4940 dicavit.
1211 4886 1486 4942 Prteterea
1549 4888 1718 4942 etiam
1767 4896 2038 4944 craterem

455 4989 728 5042 aureum,
793 4991 864 5031 ex
913 4977 1246 5033 mulieribus
1308 4981 1655 5035 ornamentis
1720 4980 2039 5036 conﬂatum.

455 5065 568 5122 Pro
590 5083 701 5137 quo
734 5069 918 5123 statim
947 5068 1030 5125 eis
1060 5069 1236 5126 honos
1265 5071 1527 5127 decretus
1553 5081 1662 5138 est,
1701 5083 1762 5127 ut
1785 5074 2042 5129 curribus

456 5157 527 5216 ad
554 5160 826 5216 solemnia
849 5160 988 5216 festa
1009 5163 1366 5228 veherentur,
1387 5162 1457 5217 ad
1475 5179 1597 5233 quze
1618 5164 1854 5234 pedibus
1884 5166 2040 5234 prius

2144 3966 2316 4038 ᾑρέθη
2347 3966 2572 4036 Μάρκος
2600 3966 2828 4036 Φούριος
2855 3965 3159 4035 Κάμιλλος,
3198 3965 3257 4029 ὃς
3296 3965 3624 4036 προσϐαλὼν
3664 3969 3740 4038 τῇ

2141 4059 2321 4125 πόλει,
2379 4059 2503 4112 ἐπεὶ
2534 4059 2688 4112 οὐδὲν
2728 4059 2919 4130 ήνυεν,
2971 4058 3230 4126 ὑπόγειον
3277 4057 3529 4128 ὠρύξατο
3561 4059 3741 4112 δίοδον

2143 4151 2428 4224 πόῤῥωθεν
2452 4150 2785 4222 ἀρξάμενος,
2833 4153 2893 4214 ἐς
2941 4151 3042 4222 τήν
3093 4149 3394 4221 ἀκρόπολιν
3433 4150 3730 4222 φέρουσαν,

2141 4244 2681 4314 Παρεσκευασμένου
2712 4244 2769 4296 δὲ
2798 4243 2900 4314 ήδη
2935 4243 3032 4296 τοῦ
3064 4243 3366 4314 ὑπονόμου,
3395 4243 3518 4296 ἐπεὶ
3545 4242 3739 4297 πολλοὶ

2143 4335 2237 4386 καὶ
2259 4333 2370 4387 ἀπὸ
2392 4334 2494 4404 τῆς
2535 4333 2760 4404 Ῥώμης
2783 4331 2934 4404 αὑτῷ
2965 4330 3404 4404 προσεχώρησαν
3431 4332 3734 4399 ἐθελονταὶ,

2144 4426 2482 4497 παραλαϐὼν
2536 4425 2853 4490 κάκείνους,
2914 4425 3227 4497 προσέϐαλε
3285 4427 3352 4494 τῇ
3409 4425 3588 4490 πόλει,
3636 4427 3737 4479 καὶ

2144 4519 2487 4591 πανταχόθεν
2526 4519 2590 4572 τὸ
2636 4521 2815 4589 τεῖχος
2843 4519 3150 4572 ἐκύκλωσε.
3178 4517 3302 4572 Τῶν
3327 4518 3372 4570 δ’
3413 4518 3564 4580 ἐντὸς
3600 4523 3734 4589 περὶ

2143 4615 2322 4667 πάντα
2359 4613 2452 4666 τὸν
2502 4612 2792 4684 περίϐολον
2833 4612 3282 4676 σκεδασθέντων,
3322 4611 3513 4664 ἔλαθον
3550 4613 3732 4683 ἕτεροι

2140 4704 2231 4757 διὰ
2254 4704 2364 4757 τῶν
2395 4705 2692 4774 ὑπονόμων
2723 4703 3014 4773 γεγονότες
3043 4705 3215 4768 ἐντός.
3261 4703 3522 4773 Ἀλούσης
3553 4705 3610 4756 δὲ
3629 4707 3732 4768 τῆς

2143 4795 2376 4862 πόλεως,
2433 4796 2530 4848 καὶ
2580 4796 2692 4848 τῶν
2751 4795 3050 4866 Ῥωμαίων
3099 4794 3515 4866 διαρπαζόντων
3552 4795 3620 4847 τὰ
3671 4797 3731 4846 ἐν

2142 4891 2304 4961 αὐτῇ,
2350 4890 2493 4961 ὁρῶν
2519 4889 2627 4943 ἀπὸ
2653 4889 2756 4960 τῆς
2789 4889 2968 4960 ἄκρας
3009 4892 3037 4943 ό
3069 4889 3351 4958 Κάμιλλος
3381 4889 3449 4941 τά
3492 4890 3730 4959 πραττόο

2146 5000 2306 5053 μενα,
2342 4984 2625 5050 ἐστέναξε,
2668 4985 2766 5039 καὶ
2801 4985 3098 5055 ἐδάκρυσε.
3135 4983 3266 5047 Καὶ,
3307 4980 3374 5036 Ὦ
3414 4985 3568 5044 Geo-2,
3598 4983 3726 5052 ἔφη,

2142 5076 2199 5130 εί
2233 5093 2324 5142 τις
2373 5075 2683 5145 Ῥωμαίοις
2722 5077 3026 5146 ὀφείλεται
3062 5079 3330 5147 νέμεσις,
3389 5075 3579 5142 τῆσδε
3617 5074 3729 5142 τῆς

2144 5167 2473 5237 εὐπραγίας
2500 5167 2922 5238 ἀντίστροφος,
2968 5169 3222 5238 εὔχομαι
3269 5169 3498 5233 ταύτην
3533 5169 3608 5239 (5)
3639 5170 3727 5232 εἰς

453 5251 540 5310 ire
576 5253 755 5310 solita:
778 5264 958 5309 erant.
989 5253 1284 5310 Camillum
1321 5231 1506 5310 autem
1532 5231 1841 5326 indignatio
1872 5231 2037 5327 atque

2145 5231 2363 5314 ἑαυὶὸτὲ
2400 5231 2920 5331 τελευτῆσᾷιξτιίν
2968 5261 3024 5314 δὲ
3041 5231 3154 5331 ’ὲῆς
3186 5261 3335 5323 λείας
3371 5231 3604 5329 said:ti
3634 5231 3722 5325 έξζ

453 5345 666 5404 invidia
703 5348 894 5420 populi
926 5349 1194 5418 suscepit,
1231 5359 1348 5405 tum
1379 5351 1452 5406 ob
1491 5350 1762 5407 decimam
1796 5352 2034 5422 Apollini

2143 5351 2304 5418 ελὼν,
2334 5353 2580 5407 ἀκόντων
2605 5353 2713 5407 τῶν
2740 5353 3115 5426 στρατιωτῶν,
3168 5354 3390 5408 ἀνέθετο
3417 5352 3496 5421 τῷ
3539 5352 3726 5405 ’Λπόλ-

1649 5518 1850 5579 Varia?
1889 5517 2198 5580 lectiones
2230 5523 2291 5577 et
2322 5524 2513 5578 notae.

527 5655 604 5725 (‘2)
640 5657 962 5713 Οίκόσιτοι.
997 5653 1199 5714 Suidas
1237 5675 1253 5711 :
1286 5660 1592 5725 Οἰκόσιτος,
1625 5661 1651 5714 ὁ
1683 5662 1880 5716 ἑαυτὸν
1905 5663 2032 5715 τοέ-

456 5742 593 5796 (pug.
629 5729 918 5796 μισθωτός.

530 5795 604 5868 (ὅ)
633 5795 903 5869 Εῡχομαι
937 5804 1183 5869 ταύτην.
1209 5800 1332 5856 Haec
1355 5805 1700 5872 reposuimus
1730 5821 1793 5858 cx
1819 5805 2036 5861 duobus

2140 5665 2276 5733 Reg.
2301 5674 2356 5718 et
2381 5664 2648 5730 Colbert.,
2688 5681 2811 5719 cum
2835 5665 3003 5720 ‘Voll‘.
3029 5664 3309 5730 edidisset,
3333 5665 3560 5735 εὔχομαι
3585 5664 3716 5718 ταύ-

2140 5753 2242 5804 την
2274 5735 2437 5804 εὐχὴν
2467 5736 2626 5814 τοῦτο
2677 5739 2806 5805 πρὶν
2837 5739 3225 5807 ποιησάμενος,
3272 5737 3494 5791 ἀνέθετο
3542 5738 3598 5790 δὲ
3628 5737 3718 5790 καὶ

2143 5807 2392 5878 κρατῆρα
2423 5823 2523 5875 χρυ
2535 5806 2674 5872 δοῦν,
2702 5816 2808 5862 ctc.
