4060 6410
398 441 502 505 (id)

1612 445 2015 504 ANNALIUM
2061 442 2203 501 LIB.
2247 442 2375 505 VII.

3554 444 3666 510 610

397 554 550 619 λωνι,
610 553 776 623 εὐχὴν
816 552 979 605 τοῦτο
1021 553 1148 623 πρὶν
1181 554 1570 623 ποιησάμενος.
1632 555 1882 608 ’Ᾱνὲυετο
1923 555 1965 607 δὲ

2087 568 2195 604 non
2229 551 2285 605 in
2318 550 2626 621 direptione
2657 553 2833 618 urbis,
2868 551 2962 607 sed
2991 559 3234 622 tempore
3261 552 3447 623 elapso
3479 568 3669 610 exem-

395 647 491 698 καὶ
523 645 777 715 κρατῆρα
807 645 1064 714 χρυσοῦν,
1098 647 1160 698 ἐκ
1187 645 1279 697 τιῦ
1310 646 1420 697 τῶν
1447 648 1724 713 γυναικῶν
1768 646 1974 715 κόσμου

395 736 788 804 πεποιημένον,
824 736 941 789 ἀνθ’
963 731 1024 790 οῦ
1060 737 1194 807 τιμὴ
1227 737 1420 802 αὑταῖς
1452 739 1801 809 παραχρῆμα
1836 739 1978 807 ἐψή-

395 845 576 895 φιστο.
624 827 776 880 ’11δέ
835 823 923 898 ἦν,
982 828 1043 881 τὸ
1101 831 1190 880 ἐπ’
1247 829 1536 899 ὀχημάτων
1586 831 1754 894 αὑτὰς
1790 831 1846 892 ἐς
1877 832 1979 891 τὰς

393 919 736 988 πανηγύρεις
800 921 1030 990 φοιτᾷν,
1087 921 1382 991 αὐτοποδία
1441 921 1786 992 βαδιζούσαις
1844 923 1976 992 πρό-

391 1027 554 1081 τερον
614 1013 670 1073 ἐς
725 1012 916 1074 αὐτάς.
953 1011 1045 1080 Τῷ
1090 1011 1148 1064 δέ
1183 1013 1450 1084 Καμίλλῳ
1514 1017 1892 1086 προσώχθισεν
1949 1018 1977 1068 ὁ

392 1104 587 1174 δῆμος,
619 1095 712 1156 καὶ
753 1105 1054 1175 ἐνεμέσησε
1084 1106 1145 1158 τὸ
1183 1106 1304 1176 μὲν,
1360 1107 1444 1160 ὅτι
1482 1107 1581 1178 τὴν
1613 1109 1846 1179 δεκάτην
1867 1109 1976 1161 τῶν

393 1197 653 1266 λαφύρων
709 1197 810 1250 οὐκ
869 1200 926 1249 ἐν
983 1197 1063 1267 τῷ
1110 1197 1510 1270 διαρπάζεσθαι
1569 1199 1781 1265 ταῦτα,
1840 1200 1976 1254 ἀλλὰ

395 1289 590 1358 καιροῦ
645 1290 1013 1360 παρελθόντος
1056 1290 1293 1354 ἐξείλετο
1340 1291 1418 1362 τῷ
1469 1291 1589 1363 Θεῷ
1620 1309 1634 1324 ο
1679 1293 1740 1346 τὸ
1783 1295 1829 1347 δ’
1892 1295 1976 1346 ὃτι

391 1381 460 1434 τά
508 1399 565 1433 τε
618 1382 755 1434 ἄλλα
823 1382 1072 1452 σοϐαρῶς
1129 1383 1532 1452 ἐθριάμϐευσε,
1593 1386 1690 1439 καὶ
1761 1387 1976 1457 πρῶτος

404 1472 698 1542 Ῥωμαίων
742 1473 919 1543 λευκῷ
965 1474 1254 1544 τεθρίππῳ
1295 1476 1364 1528 τὰ
1409 1476 1656 1531 ἐπινίκια
1705 1477 1973 1547 ἔπεμψεν.

402 1565 550 1618 Ἡδὲ
581 1565 688 1618 τῶν
716 1567 1003 1618 ἐπινικίων
1043 1565 1260 1635 πομπὴ,
1304 1568 1370 1636 ἢν
1397 1568 1492 1620 καὶ
1536 1568 1808 1640 θρίαμϐον
1847 1571 1976 1622 ἐκά-

388 1657 536 1722 λουν,
570 1657 749 1710 τοιάδε
781 1675 864 1720 τις
898 1657 1128 1725 ἐγίνετο.
1164 1657 1293 1710 Ὅτε
1339 1677 1390 1712 τι
1435 1659 1772 1731 κατωρθώοη
1807 1663 1973 1730 μέγα,

391 1749 486 1802 καὶ
509 1749 796 1802 ἐπινικίων
819 1749 1062 1816 ἐπάξιον,
1094 1750 1456 1822 αὐτοκράτωρ
1480 1753 1679 1806 αὐτίκα
1713 1756 1742 1808 ὁ
1775 1772 1978 1825 στρατ-

386 1842 522 1906 ηγὺς
550 1841 654 1893 ὐπδ
683 1840 792 1892 τῶν
825 1840 1176 1910 στρατιωτῶν
1223 1842 1539 1913 ὠνομάζετο
1565 1886 1580 1910 ,
1623 1845 1718 1899 καὶ
1759 1846 1976 1910 κλῶνας

2079 655 2265 714 plain:
2306 655 2422 699 tum
2457 645 2602 714 quod
2640 645 2693 699 in
2725 645 3026 714 triumpho,
3055 659 3258 716 praeter
3293 657 3491 701 caetera
3519 648 3670 702 inso-

2077 734 2285 788 lentius
2309 745 2453 797 aeta,
2483 733 2752 788 candidos
2785 749 2958 803 equos
2999 736 3188 788 currui
3217 736 3514 804 iunxisset.
3541 735 3672 789 Fuit

2079 839 2262 884 autem
2317 825 2582 895 triumphi
2640 825 2952 896 huiusmodi
2991 826 3154 880 ratio.
3201 826 3280 880 lle
3320 827 3458 881 bene
3492 837 3667 898 gesta,

2076 923 2341 991 justaque
2403 929 2559 988 parta
2624 918 2895 978 victoria,
2946 918 3057 972 dux
3113 921 3298 974 statim
3335 935 3364 973 a
3401 921 3671 974 militibus

2077 1013 2379 1080 imperator
2411 1010 2738 1079 appcilatus,
2767 1009 2944 1064 fasces
2974 1012 3252 1065 laureatos
3279 1028 3376 1081 per
3405 1027 3666 1066 cursores

2079 1106 2132 1158 in
2180 1106 2369 1159 urbem
2415 1105 2687 1158 mittebat.
2732 1103 2959 1158 Domum
3021 1121 3315 1163 reversus.
3365 1114 3669 1160 convocato

2077 1208 2296 1262 senatu,
2321 1199 2545 1253 decerni
2574 1199 2674 1252 sibi
2709 1199 3048 1268 triumphum
3080 1201 3342 1268 petebat:
3372 1214 3436 1254 ac
3467 1199 3670 1254 suffra-

2078 1291 2184 1362 giis
2221 1307 2250 1344 a
2304 1302 2498 1345 senatu
2544 1292 2867 1360 peptiloque
2913 1293 3262 1360 impetratis,
3316 1290 3668 1360 imperatoris

2077 1401 2387 1456 cognomen
2441 1397 2556 1439 tum
2604 1386 2654 1439 ei
2701 1385 3156 1440 conﬁrmabatur.
3203 1386 3358 1450 Quod
3398 1384 3444 1437 si
3481 1382 3667 1436 adhuc

2080 1479 2462 1549 magistratum
2512 1494 2709 1548 gerens
2749 1479 3028 1547 aliquem,
3086 1477 3326 1537 vicerat,
3384 1490 3451 1529 eo
3494 1474 3662 1528 etiam

2081 1572 2138 1626 in
2173 1572 2498 1628 celebritate
2526 1574 2804 1626 utebatur.
2837 1572 2932 1625 Sin
2969 1579 3187 1640 tempus
3218 1570 3462 1631 exierat,
3514 1567 3666 1622 aliud

2079 1679 2285 1717 nomen
2337 1662 2443 1716 sibi
2508 1661 2984 1716 accommodatum
3046 1659 3384 1714 assumebat.
3440 1655 3666 1710 Privato

2078 1756 2227 1810 enim
2299 1755 2642 1825 triumphare
2716 1770 2824 1808 non
2881 1752 3102 1807 licebat.
3157 1751 3503 1820 Triumphali
3563 1750 3666 1803 ba-

2081 1845 2199 1899 bitu
2279 1853 2563 1907 ornatus,
2650 1844 2881 1898 armillis
2940 1843 3215 1912 sumptis,
3302 1842 3493 1896 laurea
3576 1856 3666 1895 rc-

384 1931 594 2000 δάφνης
627 1932 866 2002 περιέδει
919 1935 1037 1997 ταῖς
1096 1935 1337 2004 ῥάϐδοις,
1391 1937 1487 1990 καὶ
1539 1940 1652 2000 τοῖς
1692 1939 1965 2010 δρομοκή-

2079 1936 2338 2002 dimitus,
2369 1947 2424 1992 et
2456 1953 2669 1991 ramum
2701 1935 2896 1990 dextra
2921 1945 3150 2000 tenens,
3209 1934 3476 2003 Populum
3525 1948 3664 1986 con-

389 2021 511 2091 ρυξι
567 2022 644 2094 (4)
697 2025 808 2087 τοῖς
854 2023 953 2094 τὴν
987 2025 1145 2095 νίκην
1193 2028 1625 2096 καταγγέλλουσι
1661 2033 1726 2098 τῇ
1793 2032 1966 2099 πόλει,

385 2112 638 2182 κομίζειν
685 2113 877 2167 ἐδίδου.
943 2115 1146 2168 Ἐλθὼν
1197 2116 1253 2169 δὲ
1286 2119 1466 2171 οἴκαδε
1517 2119 1616 2190 τὴν
1675 2123 1969 2190 γερουσίαν

385 2205 730 2276 συνήθροιζε,
767 2207 862 2260 καὶ
907 2208 1027 2278 ᾔτει
1086 2207 1436 2278 ψηφίσασθαί
1475 2213 1524 2264 οἱ
1577 2214 1647 2266 τὰ
1699 2214 1963 2270 ἐπινίκια.

385 2297 497 2350 Καὶ
552 2298 602 2349 εί
657 2297 815 2367 ἔτυχε
861 2298 1043 2368 ψήφου
1093 2301 1246 2370 παρά
1289 2317 1348 2353 τε
1376 2301 1476 2370 τῆς
1510 2302 1710 2373 βουλῆς
1745 2307 1838 2358 καὶ
1870 2305 1965 2360 τοῦ

383 2392 601 2461 δήμου,
663 2392 982 2447 ἐϐεϐαιοῦτο
1040 2392 1192 2464 αὑτῷ
1262 2395 1358 2447 καὶ
1412 2396 1444 2464 ή
1523 2397 1810 2468 ἐπωνυμία
1869 2399 1965 2453 τοῦ

383 2483 808 2555 αὐτοκράτορος.
845 2486 954 2536 Καὶ
1007 2486 1056 2538 εί
1112 2486 1210 2554 μὲν
1258 2487 1315 2538 ἐν
1365 2489 1431 2557 τῇ
1474 2489 1614 2559 ἀρχῇ
1662 2485 1731 2559 ἦν
1773 2489 1874 2557 ἐτι,
1907 2495 1967 2545 ἐν

382 2569 737 2648 ᾖτυγχάνων
769 2577 1012 2646 ἐνίκησε,
1060 2579 1234 2651 ταύτῃ
1263 2581 1356 2632 καὶ
1404 2583 1797 2653 πανηγυρίζων
1845 2585 1968 2638 ἐκέ-

383 2684 572 2738 χρητο.
606 2668 668 2720 Εἰ
711 2667 756 2720 δ’
784 2670 812 2722 ὁ
863 2670 1054 2740 χρόνος
1095 2671 1436 2742 παρελήλυθε
1474 2674 1572 2744 τῆς
1607 2675 1802 2748 ἀρχῆς,
1834 2677 1965 2732 ἄλλο

381 2776 437 2812 τι
495 2760 809 2832 πρόσφορον
843 2763 982 2832 αὐτῇ
1013 2762 1286 2831 ἐλάμϐανε
1347 2765 1540 2836 ὄνομα.
1605 2767 1815 2843 ’ἰδιώτῃ
1855 2771 1965 2843 γὰρ

382 2852 679 2920 νικητήρια
772 2851 987 2922 πέμψαι
1078 2854 1368 2928 ἀπείρητο.
1461 2859 1967 2934 Ἐνσκευασάμενος

379 2943 438 2996 δὲ
473 2946 539 3013 τῇ
595 2943 849 3014 ἐπινικίῳ
904 2949 1096 3018 σκευῇ,
1146 2949 1240 3001 καὶ
1293 2948 1716 3022 περιϐραχιόνια
1761 2953 1963 3023 λαϐὼν,

383 3036 646 3104 στέφανόν
676 3055 735 3090 τε
756 3039 962 3109 δάφνης
1001 3040 1439 3111 ἀναδησάμενος,
1475 3045 1571 3098 καὶ
1607 3045 1803 3101 κλάδον
1831 3065 1967 3122 κρα-

379 3127 490 3180 τῶν
524 3131 581 3182 ὲν
616 3131 681 3198 τῇ
730 3129 902 3200 δεξιᾷ,
932 3131 1026 3185 τὸν
1069 3131 1245 3202 δῆμον
1289 3135 1576 3191 συνεκάλει
1602 3153 1617 3168 ο
1667 3141 1765 3193 καὶ⁵
1807 3141 1967 3195 ἐπαι-

377 3222 538 3285 νέσας
618 3224 739 3284 τοὺς
809 3224 1387 3294 συστρατευσαμένους
1447 3229 1598 3300 αὑτῷ
1654 3231 1962 3306 καὶκοινῇ,
1995 3275 2041 3333 C

825 3315 837 3333 .
997 3317 1049 3333 η
1165 3319 1186 3332 .
1342 3318 1356 3333 .
1527 3322 1540 3333 .
1741 3324 1755 3333 .

377 3315 476 3368 καὶ
545 3314 653 3386 ἰδία
725 3315 916 3380 τινὰς,
993 3317 1247 3388 ἐδωρεῖτο
1299 3318 1400 3389 μὲν
1445 3322 1598 3390 σφίσι
1657 3324 1958 3396 χρήματα,

378 3407 544 3477 ἐτίμα
590 3407 648 3461 δέ
709 3407 806 3461 καὶ
872 3410 1108 3480 κόσμῳ’,
1181 3411 1600 3485 περιϐραχιόνιά
1675 3416 1737 3471 τέ
1811 3435 1960 3485 τισι,

377 3505 473 3558 καὶ
510 3505 713 3576 δόρατα
765 3504 1002 3575 ἀσίδηρα
1057 3509 1309 3578 παρεῖχε,
1360 3511 1453 3562 καὶ
1480 3511 1780 3581 στεφάνους
1846 3517 1960 3580 τοῖς

383 3601 484 3670 μὲν
517 3597 778 3669 χρυσοῦς,
815 3599 930 3662 τοῖς
954 3599 1010 3652 δὲ
1038 3599 1316 3670 ἀργυροῦς
1363 3600 1558 3668 ἐδίδου,
1611 3601 1850 3674 τοῦνομά
1900 3623 1960 3659 τε

381 3694 614 3747 ἑκάστου
644 3694 739 3746 καὶ
761 3694 863 3762 τῆς
891 3692 1174 3762 ἀριστείας
1205 3693 1498 3764 φέροντας,
1531 3696 1593 3749 τὺ
1625 3697 1955 3769 ἐκτύπωμα.

374 3787 440 3840 Εἰ
466 3787 576 3856 γὰρ
610 3783 825 3855 τείχους
851 3800 936 3847 τις
963 3783 1177 3856 πρῶτος
1206 3786 1403 3856 ἐπέϐη,
1427 3786 1523 3841 καὶ
1548 3787 1761 3858 τείχους
1785 3792 1814 3843 ὀ
1840 3791 1956 3844 στέ·

376 3896 547 3946 φανος
579 3873 718 3941 εἶδος
751 3878 1016 3950 ἐφέρετοο
1043 3876 1076 3949 ἢ
1109 3877 1204 3931 καὶ
1247 3877 1672 3952 ἐξεπολιόρκησὲ
1725 3899 1802 3948 τι,
1863 3883 1961 3938 καὶ

374 3971 535 4023 τοῦτο
562 3969 784 4023 κάκεῖνο
811 3969 1099 4023 είκόνιστο.
1144 3968 1555 4038 Ἐναυκράτησέ
1581 3987 1686 4036 τις,
1716 3975 1908 4026 ναυσὶν
1933 3978 1962 4029 ὁ

378 4062 643 4130 στέφανος
674 4059 1043 4128 ἐκεκόσμητο.
1091 4058 1500 4129 Ἱπποκράτησέ
1529 4077 1634 4122 τις,
1657 4061 1880 4116 ἱππικόν
1905 4082 1960 4118 τι

374 4152 774 4218 ἐξετετύπωτο.
823 4149 883 4204 Ὀ
909 4150 966 4203 δὲ
994 4149 1222 4220 πολίτην
1252 4151 1374 4204 τινα
1407 4151 1472 4203 ἐκ
1508 4153 1710 4223 μάχης,
1765 4153 1800 4228 ἢ
1834 4155 1960 4209 ἑτέ-

379 4263 474 4315 pou
509 4243 783 4310 κινδύνου,
822 4243 855 4314 ἥ
894 4245 958 4295 ἐκ
989 4241 1312 4313 πολιορκίας
1343 4245 1559 4308 σώσας,
1614 4245 1869 4315 μέγιστόν
1899 4264 1959 4300 τε

374 4333 488 4407 εἶχε
517 4335 608 4388 τὸν
649 4335 892 4396 ἔπαινον,
927 4334 1023 4386 καὶ
1058 4331 1332 4402 ἐλάμϐανε
1370 4334 1636 4402 στέφανον
1677 4335 1961 4406 γινόμενον

375 4433 440 4484 ἐκ
468 4429 652 4499 δρυὸς,
687 4428 744 4492 ὃς
783 4429 919 4480 πολὺ
960 4427 1179 4482 πάντων
1201 4428 1295 4480 καὶ
1319 4427 1427 4482 τῶν
1454 4427 1711 4499 ἀργυρῶν
1732 4430 1826 4482 καὶ
1851 4429 1962 4483 τῶν

373 4522 593 4594 χρυιῶν
621 4521 696 4584 ώς
727 4521 1074 4591 ἐντιμότερος
1109 4517 1506 4591 προτετίμητο.
1562 4521 1673 4574 Καὶ
1734 4521 1796 4574 οὐ
1837 4523 1959 4575 κατ’

2081 2028 2336 2082 vocabat.
2380 2026 2445 2080 Et
2485 2027 2756 2081 militibus
2798 2025 3059 2096 publice,
3126 2021 3456 2093 quibusdam
3495 2019 3660 2075 etiam

2077 2121 2307 2175 seorsim
2367 2120 2648 2182 laudatis,
2721 2117 3014 2190 pecuniam
3069 2116 3346 2178 donabat,
3403 2123 3459 2167 et
3501 2128 3666 2166 orna-

2076 2222 2264 2266 menta
2309 2228 2323 2265 :
2374 2211 2537 2281 353
2580 2221 2642 2265 ut
2674 2209 2957 2276 armillas,
2989 2209 3179 2262 hastas
3224 2207 3342 2262 sine
3369 2205 3555 2266 ferro,
3607 2213 3667 2258 et

2076 2316 2312 2358 coronas
2341 2303 2468 2357 aliis
2499 2316 2720 2365 aureas,
2763 2301 2889 2356 aliis
2952 2310 3264 2371 argenteas,
3317 2313 3577 2368 expresso
3609 2301 3665 2350 in

2077 2396 2146 2450 iis
2171 2394 2397 2450 nomine
2426 2403 2485 2450 et
2515 2394 2762 2450 facinore
2807 2393 2935 2449 viri.
2979 2394 3115 2448 Nam
3147 2392 3241 2462 qui
3277 2406 3497 2446 murum
3545 2390 3664 2458 pri-

2076 2499 2200 2538 mus
2227 2483 2663 2548 conscenderat,
2696 2493 2791 2538 aut
2847 2483 3134 2537 castellum
3181 2489 3564 2550 expugnarat,
3611 2477 3664 2530 ei

2076 2575 2308 2630 muralis
2331 2585 2386 2631 et
2416 2574 2783 2630 obsidionalis
2809 2574 3066 2628 dabatur.
3092 2573 3195 2638 Qui
3228 2572 3402 2626 classe
3429 2571 3658 2630 vicerat,

2073 2671 2195 2740 ejus
2229 2682 2433 2722 corona
2455 2667 2639 2737 specie
2681 2665 2902 2719 navium
2945 2672 3086 2719 erat.
3139 2663 3434 2731 Siequetri
3477 2674 3663 2732 pugna

2076 2759 2305 2824 vicerat,
2321 2757 2530 2829 aliquid
2543 2765 2799 2827 equestre
2817 2755 2941 2811 eﬂin
2958 2757 3208 2827 gebatur.
3223 2755 3324 2822 Qui
3341 2771 3361 2808 ι
3373 2771 3470 2810 ero
3484 2755 3661 2810 civem

2075 2849 2130 2904 in
2149 2848 2368 2920 prmlio,
2389 2847 2703 2912 obsidione,
2736 2847 2912 2901 aliove
2945 2846 3194 2917 periculo
3217 2845 3499 2907 liberarat,
3529 2859 3662 2898 eum

2074 2957 2348 2998 summam
2369 2940 2591 2995 laudem
2607 2941 3030 3009 assequebatur,
3060 2949 3174 2993 tum
3206 2953 3472 3008 quernam
3496 2952 3660 2992 coro-

2074 3047 2200 3087 nam
2214 3030 2717 3101 aecipiebat,cujus
2735 3030 2911 3084 honos
2928 3029 3188 3084 omnibus
3204 3027 3480 3100 argenteis
3493 3037 3548 3084 et
3564 3044 3668 3081 auo

2072 3126 2186 3183 rcis
2202 3125 2617 3194 praeferebatur.
2641 3123 2765 3178 llaec
2779 3122 2923 3177 dona
2943 3139 3051 3178 non
3071 3122 3276 3177 viritim
3299 3131 3537 3190 tantum,
3559 3121 3661 3176 sed

2074 3229 2131 3275 et
2154 3217 2477 3274 cohortibus
2493 3225 2549 3271 et
2568 3216 2910 3271 exercitibus
2928 3215 3059 3269 totis
3082 3215 3489 3286 praebebantur.
3522 3216 3658 3284 Spo-

2074 3311 2275 3365 liorum
2293 3323 2486 3379 magna
2506 3322 2632 3377 pars
2649 3307 2792 3361 inter
2807 3307 3012 3362 milites
3024 3306 3480 3362 distribuebatur.
3507 3305 3654 3362 Fue-

2063 3412 2194 3458 runt
2209 3401 2396 3465 etiam,
2415 3400 2509 3470 qui
2530 3401 2628 3454 toti
2643 3407 2900 3469 sumptus
2917 3399 2984 3454 ad
3005 3399 3228 3469 specula
3247 3398 3467 3469 publica
3485 3399 3655 3470 largi-

2064 3493 2452 3562 rentur.Quod
2468 3502 2783 3564 supererat,
2818 3494 2873 3548 in
2908 3492 3057 3556 fana,
3089 3493 3146 3547 in
3167 3493 3438 3563 porticus,
3473 3493 3652 3550 etalia

2062 3588 2284 3660 publica
2299 3603 2466 3656 opera
2485 3586 2864 3644 conferebant.
2886 3584 2982 3641 His
2995 3586 3369 3657 triumphator
3387 3587 3652 3658 peractis,

2062 3697 2290 3739 currum
2306 3679 2736 3746 conscendebat,
2761 3696 2940 3751 neque
2960 3681 3197 3746 bellicis,
3217 3697 3397 3752 neque
3413 3681 3481 3736 iis
3493 3681 3655 3736 simi-

2062 3777 2169 3831 lem
2193 3817 2208 3840 ,
2236 3790 2472 3847 quorum
2503 3773 2557 3828 in
2576 3773 2722 3828 ludis
2750 3789 2884 3829 usus
2915 3783 3018 3838 est,
3043 3774 3138 3830 sed
3165 3774 3342 3830 instar
3362 3775 3534 3830 turris
3555 3791 3653 3831 ro-

2063 3867 2249 3922 tunda:
2271 3867 2608 3922 conlectum.
2634 3865 2826 3934 Neque
2853 3866 3006 3920 solus
3027 3881 3091 3921 eo
3109 3866 3416 3921 vehebatur
3445 3907 3458 3922 .
3483 3865 3580 3921 sed
3603 3867 3652 3922 si

2061 3959 2284 4022 liberos,
2305 3971 2397 4014 aut
2412 3969 2672 4029 cognatos
2685 3958 2896 4029 aliquos
2914 3959 3170 4020 habebat,
3191 3959 3273 4015 vel
3293 3974 3419 4014 suas
3435 3963 3518 4014 vel
3536 3961 3654 4016 illo-

2061 4070 2186 4108 rum
2222 4053 2434 4122 puellas
2450 4062 2507 4108 et
2529 4053 2746 4122 puellos
2778 4054 2834 4106 in
2869 4067 2936 4106 eo
2966 4052 3296 4117 collocabat,
3322 4054 3653 4122 grandiores

2062 4141 2509 4212 equisjugalibus
2527 4151 2583 4194 et
2612 4140 2986 4196 anterioribus
3017 4142 3354 4211 imponebat.
3382 4143 3437 4198 Si
3464 4145 3652 4213 plures

2063 4246 2224 4290 erant
2247 4274 2262 4299 ,
2291 4234 2450 4303 equis
2486 4233 2871 4304 singularibus
2899 4235 3170 4289 victorem
3215 4235 3647 4292 comitabantur.

2064 4327 2401 4383 Caeterorum
2450 4327 2651 4381 civium
2694 4326 2981 4395 equitabat
3030 4343 3227 4392 nemo,
3270 4328 3367 4384 sed
3416 4329 3647 4386 laureati

2063 4435 2260 4475 OlllllCS
2292 4419 2692 4489 sequebantur.
2744 4418 2900 4474 Unus
2934 4419 3063 4476 item
3100 4421 3356 4489 publicus
3398 4422 3650 4478 minister

2066 4512 2119 4566 in
2157 4513 2276 4581 ipso
2307 4526 2473 4564 curru
2508 4509 2836 4574 vehebatur,
2867 4526 3128 4566 coronam
3160 4527 3386 4568 auream
3411 4515 3650 4584 gemmis

373 4616 544 4684 ἄνδρα
590 4614 753 4684 μόνον
788 4611 1197 4682 ἀριστεύσαντα
1230 4610 1406 4664 ταῦτα
1434 4611 1658 4679 ἐδίδοτο,
1685 4613 1824 4667 ἀλλὰ
1860 4616 1953 4667 καὶ

2070 4603 2452 4670 interpolatam
2469 4616 2639 4671 supra
2664 4603 2959 4673 caputeius
2981 4612 3196 4669 tenens,
3215 4616 3267 4658 et
3289 4615 3440 4660 retro
3453 4606 3647 4661 videre

373 4703 572 4776 λόχοις,
597 4705 694 4759 καὶ⁵
725 4704 1115 4776 στρατοπέδοις
1144 4703 1287 4767 ὅλοις
1332 4707 1648 4774 παρείχετο.
1700 4707 1809 4760 Καὶ
1849 4708 1958 4760 τῶν

373 4800 635 4869 λαφύρων
668 4797 841 4850 πολλά
874 4797 971 4867 μὲν
1025 4797 1137 4858 τοῖς
1174 4797 1676 4866 στρατευσαμένοις
1725 4797 1964 4852 διανενέ-

377 4909 537 4962 μητο.
566 4889 707 4961 Ἤδη
738 4887 793 4942 δέ
821 4905 966 4950 τινες
996 4888 1093 4940 καὶ
1128 4887 1294 4940 παντὶ
1350 4887 1430 4957 τῷ
1485 4887 1644 4958 δήμῳ
1691 4889 1961 4955 διέδοσαν,

371 4983 468 5037 καὶ
491 4981 780 5035 ἐδαπάνων
808 4981 888 5042 είς
917 4980 1016 5050 τὴν
1056 4979 1391 5051 πανήγυριν,
1426 4979 1523 5032 καὶ
1576 4979 1953 5050 ἐδημοσίευον.

372 5077 483 5128 Καὶ
503 5075 560 5127 εί
580 5090 635 5126 τι
675 5071 1089 5142 περιελέλειπτο
1110 5109 1126 5136 ,
1153 5070 1234 5134 είς
1262 5072 1446 5135 ναοὺς,
1472 5073 1552 5133 είς
1581 5073 1762 5136 στοάς,
1796 5071 1829 5143 ἦ
1858 5073 1954 5125 καί

368 5180 419 5216 τι
441 5163 630 5232 ἕτερον
653 5160 918 5230 δημόσιον
942 5159 1105 5229 ἔργον
1124 5159 1437 5230 ἀνήλισκον.
1462 5157 1628 5212 Ταῦθ’
1649 5161 1678 5214 ὁ
1697 5163 1954 5232 πομπεὺς

371 5254 629 5324 ποιήσας,
655 5254 734 5314 είς
761 5253 823 5304 τὺ
862 5253 1020 5324 ἅρμα
1051 5252 1326 5306 ἀνέϐαινε.
1360 5251 1434 5303 Τὸ
1470 5252 1526 5305 δὲ
1553 5254 1615 5323 δὴ
1653 5255 1808 5324 ἅρμα
1831 5253 1948 5308 οὔτ’

367 5343 778 5414 ἁγωνιστηρίῳ,
807 5343 934 5396 οὔτε
979 5343 1394 5414 πολεμιστηρίῳ
1427 5338 1494 5414 ἦν
1521 5345 1780 5415 ἐμφερὲς,
1829 5345 1945 5399 ἀλλ’

365 5438 423 5499 ἐς
447 5435 660 5504 πύργου
713 5436 1044 5506 περιφεροῦς
1087 5435 1287 5506 τρόπον
1355 5434 1695 5506 ἐξείργαστο.
1729 5437 1840 5490 Καὶ
1884 5438 1948 5492 οὐ

370 5527 528 5598 μόνος
551 5523 618 5599 ἦν
641 5528 699 5580 ἐν
737 5527 814 5598 τῷ
838 5529 1049 5598 ἅρματι
1075 5564 1092 5592 ,
1129 5527 1244 5581 ἀλλ’
1284 5526 1350 5583 ἄν
1403 5545 1466 5598 γε
1515 5528 1610 5582 καὶ
1655 5529 1856 5592 παῖδας
1909 5531 1940 5600 ἧ

2058 4697 2300 4768 jubeus:
2353 4708 2464 4762 quo
2507 4693 2808 4758 monebat,
2851 4702 2912 4748 ut
2951 4695 3180 4766 reliquae
3247 4698 3374 4753 vita:
3421 4714 3648 4754 cursum

2064 4788 2418 4861 provideret,
2460 4800 2563 4840 nec
2592 4799 2659 4840 eo
2697 4786 2907 4841 honore
2941 4788 3120 4842 elatus
3151 4790 3486 4859 superbiret.
3537 4793 3648 4862 Ap-

2066 4897 2233 4953 pensa
2278 4895 2502 4950 quoque
2531 4889 2651 4933 erat
2684 4879 2878 4934 currui
2920 4881 3044 4936 uola
3073 4891 3130 4936 ct
3163 4882 3436 4955 flagellum
3462 4927 3478 4950 ,
3523 4901 3650 4956 quae

2064 4973 2394 5036 innuebant,
2453 4987 2578 5026 eum
2605 4971 2656 5025 in
2701 4981 2880 5027 tantas
2918 4974 3258 5030 calamitates
3291 4992 3452 5046 posse
3507 4978 3649 5034 inci-

2063 5066 2192 5119 dere
2215 5106 2229 5128 ,
2266 5073 2325 5118 ut
2363 5073 2460 5118 aut
2486 5062 2672 5134 ﬂagris
2708 5064 3036 5128 cederetur,
3070 5075 3168 5120 aut
3197 5067 3392 5136 capitis
3417 5067 3650 5122 damna-

2061 5170 2238 5215 retur.
2265 5159 2402 5214 Nam
2434 5158 2528 5229 qui
2571 5158 2644 5213 ob
2678 5158 2900 5215 facinus
2933 5169 3188 5216 extremo
3229 5162 3504 5232 supplicio
3530 5162 3651 5217 alli-

2059 5253 2354 5310 ciehantur
2379 5291 2394 5318 ,
2458 5252 2617 5306 nolas
2644 5260 2862 5322 gestare
2905 5253 3160 5310 solebant
3191 5273 3204 5308 :
3240 5271 3310 5309 ne
3337 5254 3463 5324 quis
3496 5255 3643 5310 inter

2055 5346 2325 5408 eundum,
2355 5355 2612 5401 contactu
2639 5346 2859 5400 illorum
2901 5346 3120 5416 piaculo
3152 5363 3210 5401 se
3237 5349 3639 5418 obstringeret.

2059 5437 2152 5493 Sic
2185 5449 2370 5492 autem
2395 5438 2646 5492 exornati
2681 5440 2875 5494 urbem
2912 5439 3366 5508 ingrediebantur
3393 5483 3407 5505 ,
3448 5442 3646 5509 spoliis

2052 5539 2109 5586 et
2152 5529 2397 5585 victoria:
2439 5530 2746 5602 insignibus
2792 5531 3281 5596 antecedentibus,
3332 5535 3388 5588 in
3434 5532 3646 5603 quibus

1554 5685 1757 5747 Varia)
1790 5686 2096 5750 lectiones
2143 5693 2203 5750 et
2247 5695 2436 5750 nota).

432 5810 510 5884 (ᾗ)
539 5807 970 5884 Δρομοτιῄρυει.
1016 5809 1358 5884 Ῑαρειιανίἱι,
1395 5827 1505 5884 qua
1547 5828 1683 5870 voce
1722 5829 1950 5872 rursum

2073 5814 2207 5872 titur
2247 5815 2412 5880 infra,
2475 5816 2575 5873 lib.
2605 5831 2680 5883 ix,
2713 5827 2847 5874 sect.
2881 5819 2934 5877 8.
2955 5819 3090 5875 Vide
3114 5818 3334 5878 llcnric.
3363 5819 3640 5877 Valesium

363 5880 430 5935 ad
463 5879 883 5948 ltarpocration.
915 5896 969 5949 p.
1010 5881 1138 5935 272.
