4060 6396
428 417 531 483 611

1697 409 2023 470 JOANNIS
2048 410 2387 477 .ZONAR/E

3582 404 3687 469 612

416 548 679 605 expressa
734 540 896 590 erant
935 531 1160 590 castella
1184 573 1199 597 ,
1248 533 1452 598 urbes,
1508 538 1723 585 montes
1748 570 1763 595 ,
1804 529 1994 594 ﬂuvii,

2106 531 2390 596 συγγενεῖς
2431 527 2509 597 (ὅ)
2542 543 2695 590 τινας
2730 520 2866 597 εἶχε,
2903 524 3178 579 κάκείνων
3231 523 3331 588 τὰς
3388 524 3488 595 μὲν
3525 523 3695 595 κόρας

416 628 664 699 paludes
684 669 700 693 ,
733 627 909 683 maria
936 668 952 694 ,
990 625 1235 696 denique
1269 626 1454 681 omnia
1483 639 1606 696 qu:e
1634 632 1793 692 capta
1819 631 2003 678 erant.

412 720 570 788 Quod
607 722 650 777 si
674 736 876 792 pompa
902 734 1014 775 uno
1037 719 1126 774 die
1152 719 1337 789 peragi
1370 734 1480 773 non
1514 724 1766 787 poterat,
1798 730 2002 770 secun-

411 811 520 866 dus
563 821 620 865 et
661 810 863 865 tertius
908 808 1258 865 sumebatur.
1315 808 1389 864 Iis
1443 808 1613 862 rebus
1656 804 1999 876 praemissis,

412 900 785 969 triumphator
812 900 872 954 in
896 898 1074 954 forum
1101 897 1265 970 354.
1290 898 1601 952 Romanum
1632 894 1870 958 delatus,
1896 893 1998 947 ali-

409 1000 548 1061 quot
581 990 816 1061 captivis
849 992 904 1046 in
928 1005 1209 1045 carcerem
1235 988 1360 1044 duci
1393 986 1689 1057 occidique
1711 983 1903 1057 jussis.
1942 984 1996 1037 in

409 1084 742 1155 Capitolium
789 1082 1153 1138 invehebatur
1174 1099 1190 1137 :
1212 1081 1401 1151 ibique
1422 1080 1630 1150 aliquot
1650 1076 2000 1134 caeremoniis

417 1177 694 1247 peractis,
734 1184 792 1231 et
822 1174 1068 1229 donariis
1103 1172 1371 1229 dedicatis
1392 1211 1409 1236 ,
1446 1187 1572 1227 cum
1605 1173 1662 1226 in
1693 1169 2003 1241 porticibus

412 1267 490 1321 ibi
528 1277 783 1324 ccenatus
808 1275 993 1330 esset,
1022 1264 1240 1336 vesperi
1273 1264 1427 1319 tibiis
1458 1271 1516 1319 et
1546 1263 1746 1319 fistulis
1773 1271 2001 1317 antece-

407 1359 670 1414 dentibus
698 1359 925 1413 domum
970 1357 1206 1413 redibat.
1252 1354 1336 1411 Ac
1363 1354 1681 1425 triumphus
1713 1354 1845 1409 olim
1896 1354 2000 1408 hu-

404 1452 646 1523 ptsmodi
692 1452 837 1506 fuit:
870 1450 969 1506 sed
1014 1449 1320 1505 seditiones
1347 1457 1406 1504 et
1437 1447 1708 1504 factiones
1754 1447 1995 1518 plurima

409 1542 463 1595 in
486 1544 569 1598 eis
601 1544 951 1597 iunovarunt.

2115 621 2208 673 καὶ
2235 620 2301 673 τὰ
2329 620 2539 690 άρῥενα
2565 618 2635 671 τὰ
2667 616 2862 685 νεογνά
2917 617 2977 668 ἐν
3029 615 3180 685 αύτῷ
3214 612 3527 677 ἀνεϐίϐαζε,
3568 613 3695 676 τοὺς

2111 711 2167 764 δὲ
2195 711 2523 781 άδροτέρους
2554 709 2648 764 ἐπὶ
2669 710 2797 773 τοὺς
2838 707 3042 771 ἵππους
3066 706 3193 771 τούς
3217 722 3275 758 τε
3322 703 3548 771 ζυγίους
3599 703 3699 756 καὶ

2110 802 2237 865 τοὺς
2269 801 2633 871 σειραφόρους
2657 799 2940 853 ἀνετίθετο
2959 814 2974 829 ·
3004 799 3055 851 εί
3077 797 3135 851 δὲ
3159 796 3378 860 πλείους
3412 790 3578 865 ἦσαν,
3602 793 3698 847 ἐπὶ

2109 894 2356 963 κελήτων
2385 893 2465 963 τῷ
2493 894 2705 960 πομπεί
2746 890 3192 961 παριππεύοντες
3254 888 3694 957 συνεπόμπευον.

2102 982 2223 1036 Τῶν
2256 982 2304 1034 δ’
2330 982 2506 1037 ἄλλων
2534 980 2710 1044 οὐδεὶς
2738 981 2956 1051 ὠχεῖτο,
2990 978 3106 1032 ἀλλ’
3137 976 3465 1048 ἐστεμμένοι
3513 974 3694 1047 δάφνῃ

2102 1075 2303 1137 πάιτες
2344 1072 2617 1138 ἐϐάδιζον.
2645 1072 2880 1142 Οἰκέτης
2920 1072 3106 1141 μέντοι
3155 1070 3421 1141 δημόσιος
3467 1067 3559 1122 ἐπ’
3596 1068 3695 1121 αύ-

2104 1168 2201 1221 τοῦ
2237 1170 2552 1241 παρωχεῖτο
2582 1164 2679 1219 τοῦ
2707 1165 2975 1235 ἅρματος,
3007 1164 3101 1217 τὸν
3140 1164 3408 1231 στέφανον
3457 1160 3565 1214 τῶν
3612 1159 3695 1211 λί-

2100 1261 2214 1315 θων
2264 1263 2378 1314 τῶν
2411 1260 2758 1331 χρυσοδέτων
2789 1258 3146 1329 ύπερανέχων
3175 1255 3368 1318 αὑτοῦ,
3415 1254 3512 1307 καὶ
3538 1252 3692 1319 ἔλεγε

2100 1353 2240 1424 πρὸς
2272 1353 2460 1418 αὐτὸν,
2517 1352 2724 1405 Ὀπίσω
2760 1350 2949 1422 βλέπε,
2985 1350 3046 1403 τὸ
3081 1349 3313 1402 κατόπιν
3350 1345 3556 1417 δηλαδὴ
3595 1343 3691 1397 καὶ

2105 1447 2173 1500 τὰ
2205 1446 2404 1515 ἐφεξῆς
2429 1443 2738 1515 προσκόπει
2761 1442 2856 1496 τοῦ
2893 1441 3032 1513 βίου,
3064 1438 3188 1511 μηδ’
3213 1437 3321 1492 ὑπὸ
3347 1438 3457 1490 τῶν
3493 1436 3691 1505 παρόν-

2104 1555 2228 1608 των,
2260 1536 2506 1607 ἐπαρθῇς
2554 1535 2653 1590 καὶ
2716 1535 3162 1606 ὑπερφρονήσῃς.
3218 1532 3329 1585 Καὶ
3374 1528 3563 1583 κώδων
3612 1526 3689 1595 (6)

409 1636 717 1705 ἀπήρτητο,
747 1635 843 1688 καὶ
874 1634 1078 1703 μάστιξ
1114 1634 1210 1688 τοῦ
1246 1633 1513 1704 ἅρματος,
1549 1632 1861 1688 ἐνδεικτικά
1896 1632 1990 1684 τοῦ
2032 1632 2124 1686 καὶ
2179 1632 2516 1701 δυστυχῆσαι
2550 1630 2714 1684 αὐτδν
2760 1628 3049 1707 δύνασθαι,
3090 1626 3235 1681 ὥστε
3267 1626 3364 1680 καὶ
3429 1620 3693 1690 αἰκισθῆ-

405 1729 572 1799 ναι,ῆ
621 1728 718 1781 καὶ
783 1727 1144 1797 δικαιωθῆναι
1192 1726 1396 1782 θανεῖν.
1449 1728 1588 1790 Τοὺς
1612 1729 1723 1797 γάρ
1773 1726 1866 1780 ἐπί
1912 1742 2021 1780 τινι
2063 1726 2381 1796 ἀτοπήματι
2425 1723 2926 1786 καταδικασθέντας
2987 1722 3191 1787 θανεῖν,
3255 1720 3542 1789 νενόμιστο
3587 1732 3697 1770 κω·-

405 1821 762 1890 δωνοφορείν,
799 1818 887 1872 ἵνα
922 1820 1113 1889 μηδεὶς
1153 1819 1463 1889 βαδίζουσιν
1484 1819 1671 1881 αὐτοῖς
1731 1820 2212 1889 ἐγχριμπτόμενος
2245 1818 2554 1887 μιάσματος
2613 1815 3057 1887 ἀναπίμπληται.
3099 1814 3255 1867 Οὕτω
3316 1809 3374 1864 δέ
3406 1807 3695 1871 σταλέντες

404 1912 667 1985 εἰσῄεσαν
691 1913 772 1977 εἰς
803 1915 904 1984 τὴν
935 1911 1116 1978 πόλιν,
1151 1910 1367 1980 ἔχοντες
1396 1912 1798 1981 προπέμποντα
1845 1910 1997 1980 σφῶν
2034 1910 2106 1964 τά
2158 1910 2335 1964 σκύλα
2377 1926 2439 1963 τε
2504 1908 2601 1963 καὶ
2628 1909 2698 1963 τά
2747 1908 3008 1978 τρόπαια,
3051 1906 3146 1959 καὶ
3172 1905 3234 1957 ἐν
3274 1904 3451 1957 εἰκόσι
3505 1903 3576 1955 τὰ
3631 1915 3695 1954 τε

405 2006 731 2077 αἰχμάλωτα
760 2004 1002 2078 φρούρια
1037 2003 1346 2074 ἠσκημένα,
1397 2004 1584 2067 πόλεις
1608 2021 1667 2057 τε
1714 2006 1810 2058 καὶ
1855 2004 1980 2076 ὅρη.
2024 2006 2120 2059 καὶ
2178 2003 2482 2073 ποταμοὺς,
2548 2002 2767 2072 λίμνας,
2812 2000 3116 2064 θαλάσσας,
3175 1997 3245 2051 τά
3286 2011 3348 2048 τε
3392 1993 3696 2066 σύμπαντα

404 2106 506 2158 ὅσα
532 2101 867 2157 ἑαλώκεσαν.
900 2102 1012 2155 Καὶ
1056 2102 1104 2153 εἰ
1163 2101 1264 2170 μὲν
1312 2098 1413 2170 μία
1462 2100 1645 2169 ἡμέρα
1713 2094 1782 2171 ἦν
1837 2099 2145 2171 ἐξαρκοῦσα
2200 2100 2339 2171 πρὸς
2394 2098 2496 2171 τὴν
2559 2099 2767 2151 τούτων
2843 2095 3107 2165 πομπήν*
3142 2094 3190 2146 εἰ
3236 2091 3294 2146 δὲ
3351 2092 3428 2162 μὴ
3490 2091 3585 2145 καὶ
3632 2093 3722 2145 ἐν·

403 2195 634 2264 δευτέρᾳ
666 2195 940 2264 καὶτρίτῃ
965 2192 1269 2261 ἐπέμπετο.
1322 2191 1755 2261 Προδιελθόντων
1786 2190 1831 2245 δ’
1891 2192 2139 2255 ἐκείνων,
2199 2190 2374 2254 οὓτως
2411 2193 2440 2244 ὁ
2510 2190 2765 2261 πομπεὺς
2796 2190 2876 2251 είς
2941 2186 3038 2259 τὴν
3077 2184 3374 2255 Ῥωμαίων
3404 2181 3696 2253 κομισθεὶς

405 2286 636 2358 άγοράν,
669 2286 766 2339 καὶ
793 2285 904 2338 τῶν
926 2284 1293 2355 αἰχμαλώτων
1314 2284 1469 2346 τινάς
1502 2284 1581 2346 είς
1615 2283 1676 2335 τὶι
1735 2283 2119 2353 δεσμωτήριον
2165 2283 2482 2354 ἀπαχθῆναι
2509 2284 2604 2335 καὶ
2654 2280 3041 2348 θανατωθῆναι
3092 2276 3694 2347 κελεύσας,άνήλαυνεν

410 2382 493 2443 εἰς
520 2379 581 2432 τδ
605 2377 972 2439 Καπιτώλιον,
1003 2379 1096 2430 καί
1114 2394 1268 2440 τινας
1289 2377 1406 2430 ἐκεῖ
1425 2375 1645 2439 τελετὰς
1672 2375 1996 2446 πληρώσας,
2037 2378 2135 2429 καὶ
2161 2374 2537 2444 προσαγαγὼν
2559 2374 2910 2445 ἀναθήματα,
2971 2373 3066 2425 καὶ
3092 2370 3243 2440 παρὰ
3268 2372 3387 2432 ταῖς
3442 2368 3559 2421 ἐκεῖ
3579 2367 3695 2421 δει-

403 2471 620 2539 πνήσας
641 2472 846 2536 στοαῖς,
861 2469 997 2538 πρὸς
1016 2470 1254 2540 ἑσπέραν
1284 2469 1464 2522 οἴκαδε
1486 2470 1605 2539 μετ’
1627 2468 1808 2522 αὐλῶν
1826 2470 1922 2523 καὶ⁸
1938 2469 2218 2540 συρίγγων
2272 2470 2582 2540 ἁπήρχετο.
2649 2468 2887 2521 Τοιαῦτα
2907 2466 3005 2536 μὲν
3022 2460 3163 2537 ἦσαν
3186 2463 3354 2517 πάλαι
3375 2464 3442 2518 τά
3460 2464 3692 2534 νικητή.

407 2583 498 2635 ρια
517 2581 532 2596 ο
574 2566 631 2619 αἰ
661 2565 719 2617 δὲ
748 2566 970 2627 στάσεις
1036 2565 1098 2617 αϊ
1128 2582 1187 2617 τε
1218 2564 1533 2618 δυναστεῖαι
1577 2564 1810 2618 πλεῖστα
1834 2565 2200 2634 ἐνεωτέρισαν
2232 2564 2323 2619 ἐπ’
2360 2564 2567 2627 αὐτοῖς.

474 2658 640 2713 XXII.
672 2658 788 2713 Etsi
813 2670 997 2713 autem
1023 2659 1175 2728 plebs
1201 2698 1216 2723 ,
1254 2666 1314 2713 ut
1342 2659 1454 2730 jam
1494 2657 1703 2713 dictum
1728 2667 1845 2724 est,
1886 2656 1993 2712 Ca-

2170 2656 2299 2713 KB'.
2351 2658 2413 2711 Εἰ
2447 2657 2504 2712 δὲ
2540 2656 2654 2721 καί,
2704 2654 2781 2717 ὡς
2815 2654 2915 2727 ἠδη
2950 2654 3255 2724 ἱστόρηται,
3284 2654 3311 2705 ὁ
3353 2651 3525 2722 δῆμος
3559 2652 3688 2722 ιμί-

405 2753 618 2807 milium
646 2751 863 2813 oderat,
895 2761 1075 2807 tamen
1107 2751 1179 2806 ob
1213 2750 1420 2806 bellum
1442 2749 1716 2806 Faliscum
1734 2758 1997 2805 necessa-

403 2846 487 2900 rio
508 2845 793 2899 tribunum
817 2843 1053 2899 militum
1090 2842 1403 2915 designant.
1431 2841 1535 2909 Qui
1559 2857 1687 2898 cum
1706 2840 1895 2913 praelio
1911 2842 1994 2896 vi-

402 2936 590 3001 cisset,
612 2935 767 2990 urbis
783 2934 979 2989 valida:
995 2976 1011 3000 ,
1029 2935 1115 2990 cui
1147 2935 1346 2990 Falerii
1361 2949 1566 2989 nomen
1585 2944 1726 2999 erat,
1752 2933 1998 2989 obsidio-

402 3044 473 3084 ne
510 3028 649 3083 nihil
677 3028 1023 3100 proficiebat.
1054 3028 1230 3095 Quam
1262 3028 1415 3083 cives
1436 3027 1509 3082 ita
1538 3027 1993 3090 contemnebant,

403 3131 467 3178 ut
494 3136 689 3177 eorum
711 3122 877 3177 liberi
908 3137 1033 3177 cum
1059 3128 1397 3192 praeceptore
1413 3120 1569 3192 juxta
1592 3120 1795 3175 muenia
1809 3118 1997 3174 deam-

404 3215 666 3270 bularent
680 3224 737 3270 et
754 3214 1190 3270 exercitationes
1206 3213 1654 3283 frequentarent.
1678 3212 1868 3281 Itaque
1888 3213 1999 3267 Ro-

404 3307 551 3362 mani
592 3322 652 3360 re
679 3305 878 3362 infecta
894 3307 1191 3362 discessuri
1210 3314 1390 3368 erant,
1415 3304 1524 3359 nisi
1541 3319 1671 3360 casu
1690 3306 1888 3362 retenti
1904 3321 1996 3361 es-

403 3408 547 3454 sent.
573 3398 626 3454 ls
652 3398 795 3453 enim
823 3406 1148 3469 praeceptor,
1167 3397 1283 3453 sive
1308 3412 1379 3453 ex
1400 3396 1612 3453 offensa
1635 3396 1843 3468 aliqua,
1876 3397 1996 3452 sive

403 3490 541 3546 lucri
559 3504 655 3561 spe
667 3489 882 3544 civibus
900 3489 1185 3555 insidians,
1204 3488 1449 3560 quotidie
1463 3503 1663 3559 pueros
1680 3502 1849 3559 prope
1862 3503 2000 3545 mos-

403 3583 494 3636 nia
513 3584 689 3653 prima
730 3581 1090 3653 perducebat,
1129 3597 1335 3653 eosque
1367 3583 1609 3653 peractis
1644 3583 1998 3638 exercitatio-

406 3675 569 3729 uibus
602 3675 786 3729 statim
809 3674 1129 3731 reducebat.
1158 3674 1404 3745 Denique
1440 3689 1633 3730 omnes
1656 3675 1713 3730 in
1738 3675 1999 3731 excubias

404 3762 776 3817 Romanorum
791 3765 1091 3835 conjectos,
1109 3764 1176 3818 ad
1191 3762 1481 3819 Camillum
1499 3764 1624 3819 duci
1636 3766 1822 3837 jussit:
1837 3765 2001 3835 eique

402 3854 563 3915 dixit.
584 3870 683 3924 per
701 3870 799 3911 eos
820 3871 1027 3925 pueros
1042 3871 1101 3912 se
1124 3866 1293 3911 totam
1322 3858 1400 3912 illi
1422 3857 1616 3913 urbem
1634 3859 1870 3914 tradere.
1895 3858 2001 3915 Ca-

405 3942 590 3996 millus
619 3941 673 3996 id
711 3941 928 4000 facinus
957 3945 1263 4001 detestatus
1286 3987 1301 4011 ,
1321 3946 1640 4017 imperatori
1660 3959 1854 4021 suapte
1886 3950 1999 4004 vir-

404 4038 544 4097 tute,
595 4048 703 4088 non
753 4033 934 4089 aliena
975 4035 1333 4106 improbitate
1364 4038 1529 4102 freto,
1574 4039 1717 4094 bella
1753 4043 1991 4111 gerenda

402 4134 526 4176 esse
555 4123 714 4177 dixit.
759 4123 840 4177 Ac
868 4124 1195 4199 magistrum
1228 4126 1496 4181 nudatum
1522 4168 1538 4194 ,
1575 4128 1833 4184 manibus
1868 4140 1992 4200 post

402 4220 616 4283 tergum
651 4213 874 4286 illigatis
899 4255 914 4280 ,
946 4216 1326 4272 reducendum
1361 4217 1606 4274 Falerios
1640 4221 1828 4290 pueris
1875 4232 1990 4277 tra-

406 4304 584 4361 didit:
610 4306 781 4378 virgis
807 4315 863 4363 et
893 4307 1124 4379 ﬂagellis
1148 4309 1314 4377 datis,
1346 4322 1408 4366 ut
1430 4313 1772 4381 proditorem
1797 4314 1992 4369 verbe-

405 4399 566 4454 ribus
598 4399 655 4455 in
679 4400 874 4455 urbem
913 4412 1161 4471 agerent.
1199 4402 1519 4458 Proditione
1547 4406 1765 4475 cognita
1792 4445 1806 4471 ,
1849 4421 1988 4460 con-

404 4499 683 4556 cursuque
730 4487 970 4542 virorum
1011 4497 1067 4543 et
1104 4490 1406 4544 mulierum
1457 4492 1885 4548 lamentantium
1934 4495 1990 4549 in

406 4576 612 4631 muenia
656 4577 839 4641 facto,
872 4580 1029 4649 pueri
1072 4583 1393 4652 magistrum
1430 4585 1638 4638 nudum
1683 4585 1988 4641 adducunt.

404 4668 528 4735 Quo
556 4671 875 4739 spectaculo
922 4675 1163 4741 promoti
1198 4674 1432 4737 Falisci,
1466 4692 1525 4730 re
1568 4679 1808 4748 cognita,
1842 4679 1991 4733 ultro

407 4759 748 4815 deditionem
774 4760 1004 4817 Camillo
1043 4763 1335 4829 fecerunt,
1372 4781 1431 4821 se
1459 4767 1608 4823 illius
1648 4778 1756 4823 tam
1777 4769 1989 4838 justum

406 4851 698 4921 imperium
748 4868 860 4908 sum
911 4856 1153 4911 libertati
1209 4873 1530 4927 praeponere
1579 4862 1835 4931 professi.
1880 4864 1986 4930 Qui

415 4960 542 5000 cum
576 4940 1086 5019 accepta'peeunia,
1113 4952 1351 5023 dataque
1374 4971 1505 5024 pace
1530 4958 1869 5017 recessisset.
1888 4961 1991 5014 mi-

405 5041 531 5096 lites
561 5040 878 5111 direptione
913 5043 1252 5100 Faleriorum
1281 5047 1550 5114 frustrati,
1580 5050 1767 5120 populi
1799 5053 1989 5108 odium

404 5130 460 5186 ci
490 5131 813 5201 obiecerunt
840 5150 858 5189 :
898 5149 964 5189 ac
991 5137 1165 5206 magis
1190 5147 1348 5192 aucta
1386 5138 1614 5208 invidia,
1656 5144 1992 5213 repetunda-

407 5236 530 5275 rum
578 5231 872 5279 accusatus
922 5233 1049 5289 est,
1093 5233 1156 5278 ut
1216 5225 1311 5294 qui
1360 5225 1699 5297 Tyrrhenam
1748 5233 1988 5300 praedam

2102 2770 2188 2808 σει
2223 2752 2319 2806 τὸν
2370 2750 2674 2822 Κάμιλλον,
2716 2749 2835 2804 ἀλλ’
2881 2752 2910 2804 ὁ
2944 2749 3078 2819 πρὸς
3108 2748 3412 2809 Φαλίσκους
3446 2745 3691 2816 πόλεμος

2096 2845 2376 2915 ἠνάγκασε
2397 2842 2680 2914 χιλίαρχον
2725 2841 3072 2911 ψηφισθῆναι
3117 2840 3303 2893 αὐτόν.
3346 2838 3456 2893 Καὶ
3483 2839 3689 2903 αὐτοὺς

2102 2937 2202 3007 μὲν
2235 2938 2497 3010 ἐνίκησαν
2541 2937 2938 3008 μαχεσάμενοι.
2976 2934 3435 3005 Πολιουρκοῦντες
3488 2934 3547 2987 δὲ
3585 2936 3689 2987 πό-

2098 3026 2182 3080 λιν
2207 3028 2388 3082 αύτῶν
2443 3030 2709 3100 ἐρυμνὴν,
2757 3026 3055 3096 Φαλερίους
3117 3028 3218 3097 (ϐ’)
3256 3025 3685 3097 ὠνομασμένην,

2097 3121 2255 3176 οὐδὲν
2286 3122 2471 3194 ῆνυον.
2506 3120 2664 3176 Οὕτω
2692 3122 2801 3191 γὰρ
2860 3122 2960 3188 τῆς
2999 3120 3317 3190 πολιορκίας
3343 3121 3394 3173 οἰ
3425 3120 3525 3190 τῆς
3582 3118 3689 3172 πό-

2100 3216 2235 3279 λεως
2267 3216 2660 3285 κατεφρόνουν,
2694 3214 2767 3277 ὡς
2800 3214 2892 3266 καὶ
2910 3214 3037 3276 τοὺς
3068 3214 3268 3275 παῖδας
3300 3212 3483 3265 αὐτῶν
3526 3214 3686 3283 παρὰ

2097 3309 2166 3362 τὰ
2188 3307 2346 3380 τείχη
2377 3308 2853 3378 περιπατήσοντας
2895 3307 3035 3376 μετὰ
3066 3305 3160 3360 τοῦ
3190 3305 3536 3368 διδασκάλου,
3583 3309 3688 3360 καὶ

2099 3400 2552 3469 γυμνασομένους
2582 3399 2795 3468 φοιτᾷν.
2830 3397 2949 3451 Κᾶν
2982 3396 3301 3468 ἀπέστησαν
3333 3397 3433 3466 τῆς
3461 3399 3688 3468 πολιορ-

2100 3493 2246 3555 κίας,
2282 3493 2330 3545 εί
2362 3494 2434 3563 μή
2466 3509 2519 3545 τι
2542 3491 2915 3561 συμϐέϐηκεν.
2944 3485 3112 3553 Οὗτος
3143 3489 3255 3559 γάρ
3291 3488 3319 3540 ὁ
3356 3489 3685 3554 διδάσκαλος

2102 3584 2474 3640 ἐπιϐουλεύων
2507 3586 2621 3646 τοῖς
2644 3582 2913 3648 πολίταις,
2948 3582 2983 3654 ἢ
3017 3582 3088 3636 δι’
3115 3582 3285 3652 ὀργήν
3315 3583 3517 3653 τινα,ῆ
3550 3600 3689 3653 κερ-

2099 3678 2223 3740 δους
2246 3676 2445 3739 ἐλπίδι,
2470 3675 2684 3746 ἡμέρας
2712 3673 2954 3743 ἑκάστης
2982 3672 3153 3741 ἐξῆγε
3179 3674 3307 3736 τοὺς
3337 3675 3539 3736 παῖδας
3585 3675 3691 3728 ἐπὶ

2099 3769 2178 3840 τδε
2188 3770 2367 3839 τεῖχος
2400 3767 2568 3837 ἐγγὺς
2587 3767 2648 3820 τδ
2672 3766 2912 3838 πρῶτον,
2944 3765 3277 3836 καὶείσῆγεν
3298 3766 3457 3830 αὖθις
3481 3766 3688 3831 αὐτοὺς

2100 3860 2557 3931 γυμνασαμένους
2591 3858 2779 3920 εὐθύς.
2812 3857 2983 3922 Τέλος
3015 3857 3059 3910 δ’
3089 3859 3171 3920 είς
3207 3860 3336 3923 τοὺς
3396 3857 3690 3929 προφύλαέ

2099 3968 2204 4015 κας
2230 3950 2340 4005 τῶν
2379 3949 2667 4027 Ῥωμαίων
2726 3947 2982 4002 ἐνέϐαλεν
3032 3948 3303 4014 ἅπαντας,
3359 3948 3456 4001 καὶ
3523 3947 3691 4015 ἄγειν

2099 4043 2354 4097 ἐκέλευσε
2379 4043 2517 4112 πρὸς
2542 4040 2661 4105 ,τὸν
2691 4040 2992 4110 Κάμιλλον.
3025 4041 3138 4096 Καὶ
3175 4042 3461 4112 παραστὰς
3506 4042 3684 4111 αὐτῷ,

2095 4137 2276 4189 πᾶσαν
2322 4130 2447 4189 εἷπε
2494 4132 2845 4204 παραδιδόναι
2871 4133 2968 4204 τὴν
2999 4132 3153 4187 πόλιν
3186 4133 3274 4187 διά
3303 4132 3413 4186 τῶν
3450 4133 3680 4189 παίδων.

2107 4225 2341 4286 Ἐκεῖνος
2364 4222 2420 4277 δὲ
2442 4222 2617 4275 δεινὸν
2641 4222 2702 4275 τὸ
2736 4221 2896 4290 ἔργον
2929 4220 3304 4292 ἡγησάμενος,
3363 4222 3458 4273 καὶ
3504 4223 3682 4293 ἀρετῇ

2095 4318 2273 4387 φήσας
2305 4316 2412 4385 ἰδίᾳ
2441 4299 2535 4367 τδν
2568 4313 2743 4383 μέγαν
2778 4314 3107 4384 στρατηγὸν,
3140 4313 3258 4366 ἀλλ’
3293 4314 3393 4367 οὐκ
3422 4313 3683 4385 ἀλλοτρίᾳ

2092 4413 2263 4478 κακίᾳ
2287 4404 2597 4476 θαρροῦντα
2621 4404 2818 4475 χρῆναι
2842 4404 3180 4475 στρατεύειν.
3225 4405 3526 4475 προσέταξε
3579 4422 3680 4473 γυ-

2095 4499 2379 4570 μνωθῆναι
2409 4499 2510 4568 μὲν
2529 4500 2620 4551 τὸν
2650 4498 2991 4561 διδάσκαλον,
3020 4500 3113 4551 καὶ
3142 4499 3414 4570 δεσμῆσαι
3441 4502 3539 4563 τάς
3562 4506 3679 4568 χεῖ-

2064 4652 2069 4655 ,
2094 4609 2193 4662 ρας
2222 4588 2473 4655 ὄπισθεν,
2506 4592 2617 4653 τοῖς
2647 4591 2706 4644 δὲ
2742 4592 2898 4643 παισὶ
2927 4590 3161 4658 ῥάϐδους
3197 4590 3402 4655 δοῦναι,
3444 4593 3541 4646 καὶ
3570 4595 3679 4661 μά-

2094 4701 2309 4753 στιγας,
2373 4684 2462 4739 ἵνα
2518 4684 2743 4747 ταύταις
2787 4683 2880 4738 τὸν
2938 4684 3209 4754 προδότην
3248 4684 3516 4755 δήσαντες
3575 4689 3676 4741 καὶ

2090 4773 2406 4841 τύπτοντες,
2466 4775 2547 4839 εἰς
2598 4774 2697 4844 τὴν
2746 4774 2902 4827 πόλιν
2950 4773 3240 4830 ἐλαύνωσι.
3304 4776 3427 4830 Τῶν
3484 4777 3543 4831 δὲ
3575 4794 3677 4833 πο-

2090 4864 2252 4920 λιτῶν
2322 4865 2448 4938 ἄρτι
2536 4865 2776 4935 γνόντων
2863 4866 2963 4934 τὴν
3046 4867 3339 4937 προδοσίαν
3372 4907 3388 4932 ,
3470 4869 3676 4940 δρόμος

2089 4956 2159 5031 ἦν
2208 4960 2304 5014 ἐπὶ
2359 4964 2426 5014 τὰ
2483 4960 2660 5031 τείχη,
2740 4961 2836 5013 καὶ
2899 4960 3099 5032 θρῆνος
3180 4962 3392 5032 ἀνδρῶν
3458 4981 3520 5016 τε
3581 4967 3676 5017 καὶ

2091 5053 2391 5122 γυναικῶν.
2429 5052 2587 5105 Οὖτω
2610 5052 2666 5106 δὲ
2690 5052 3054 5121 διακειμένων
3084 5051 3288 5111 αὐτῶν,
3313 5053 3594 5123 προσῆγον
3622 5054 3676 5106 οἰ

2093 5143 2282 5207 παῖδες
2309 5143 2516 5214 γυμνὸν
2543 5143 2634 5197 τὸν
2664 5143 3002 5197 διδάσκαλον.
3039 5142 3220 5213 Ὅπερ
3256 5143 3454 5207 ἰδόντες
3481 5146 3531 5197 οἰ
3558 5146 3674 5199 Φα-

2090 5235 2289 5302 λίσκοι,
2322 5237 2418 5289 καὶ⁵
2461 5233 2728 5306 μαθόντες
2767 5234 2921 5297 ὅπως
2950 5234 3190 5303 ἐγένετο.
3235 5234 3495 5305 φέροντες
3540 5238 3670 5291 ἐαυ-

404 5313 795 5385 subripuisset,
842 5330 948 5371 nec
977 5317 1033 5371 in
1064 5318 1322 5373 aerarium
1358 5318 1486 5375 inde
1510 5321 1809 5392 quidquam
1836 5325 1985 5379 intu-

2098 5327 2221 5391 τοὺς
2241 5325 2519 5381 ἐθελονταὶ
2541 5326 2619 5396 τῷ
2652 5325 2915 5395 Καμίλλῳ
2958 5326 3288 5397 παρέδοσαν,
3339 5327 3439 5398 τὴν
3498 5323 3670 5401 ἧτταν

408 5405 579 5459 lisset.
630 5404 787 5462 Unde
835 5416 983 5462 tanta
1029 5407 1316 5465 iracundia
1351 5413 1539 5481 populi
1580 5415 1983 5473 condemnatus

2098 5419 2381 5489 ἀγαπῆσαι
2414 5420 2520 5490 πρὸ
2570 5420 2670 5488 τῆς
2718 5420 3034 5490 ἐλευθερίας
3069 5420 3156 5474 διὰ
3185 5422 3284 5490 τὴν
3314 5421 3666 5494 δικαιοσύνην

405 5504 520 5557 est,
552 5504 613 5549 ut
655 5496 856 5565 privati
897 5498 1082 5554 luctus
1118 5499 1300 5568 illius,
1335 5513 1556 5559 mortuo
1591 5506 1770 5563 altero
1818 5508 1933 5563 filio
1958 5548 1976 5574 ,

2087 5511 2255 5565 αὐτοῦ
2286 5513 2559 5581 λέγοντες.
2605 5513 2881 5584 Χρήματα
2915 5514 3010 5567 οὖν
3037 5512 3243 5581 λαϐὼν,
3276 5516 3398 5570 ’καὶ
3446 5516 3669 5571 σπεισά-

1595 5598 1797 5659 Variae
1826 5599 2139 5663 lectiones
2180 5611 2242 5664 et
2272 5611 2464 5665 notae.

478 5678 811 5764 (ῖξὶᾙᾳῖεῖτζς
844 5685 883 5753 ἢ
914 5688 1251 5764 συγτεζεῖς.
1276 5692 1412 5750 Vide
1441 5695 1663 5751 ﬂenric.
1703 5696 1977 5753 Valesium

407 5750 720 5837 adul‘fie'olai
757 5750 1396 5837 Itali'tasreri'iExcerpta,
1428 5783 1551 5837 pag.
1577 5750 1666 5821 7l.

480 5821 555 5881 (6)
594 5823 700 5874 Καὶ
736 5825 959 5878 κώδων.
1033 5828 1163 5884 Vide
1221 5821 1847 5910 Iténri'cEmIVatesium
1894 5841 1976 5899 .ad

2085 5842 2211 5896 578.

2088 5700 2602 5769 Harpocrationcm.

2158 5774 2253 5851 (θ’)
2286 5776 2637 5842 Φαλερίους.
2668 5773 2857 5831 Dionis
2893 5785 3152 5845 excerpta
3198 5778 3505 5847 Valcsiana,
3539 5794 3660 5851 pag.

3662 5868 3723 5881 *ν’
