4060 6446
339 456 445 518 ειδ

1593 448 1995 515 ANNALIUM
2038 454 2181 515 LIB.
2219 456 2350 518 VII.

3485 460 3589 526 6H

341 584 523 636 μενος,
558 563 926 636 ἀνεχώρησεν.
979 567 1044 620 Ol.
1098 565 1153 620 δὲ
1202 566 1537 639 στρατιῶται
1591 567 1916 638 διαρπάσειν

2044 565 2170 619 nulla
2203 568 2346 621 ratio
2373 567 2694 624 haberetur.
2719 569 2968 641 Cumque
3002 571 3211 628 amicos
3235 581 3501 645 rogasset,
3530 585 3594 629 ut

237 725 241 729 δ
340 660 811 732 προσδοκήσαντες
837 661 968 722 τοὺς
1003 660 1319 731 Φαλερίους,
1352 659 1427 722 ὡς
1462 658 1764 730 μισοδήμου
1791 675 1924 712 κατ-

337 752 575 822 ηγόρουν
599 749 790 805 αὐτοῦ.
810 751 1107 821 Φθονηθεὶς
1129 751 1175 804 δ’
1196 751 1291 804 ἐπὶ
1330 751 1494 804 πλέον
1527 748 1912 819 κατηγορήθη,

337 843 415 905 ώς
451 842 620 912 μηδὲν
642 842 703 894 τὸ
726 841 989 912 δημόσιον
1014 844 1079 896 ὲκ
1108 842 1217 896 τῶν
1243 840 1603 913 Τυρρηνικῶν
1631 840 1921 911 ὠφελήσας

338 935 661 1006 χρημάτων,
685 934 846 998 αὐτὸς
862 934 908 989 δ’
934 937 998 989 ὲκ
1025 935 1234 989 τούτων
1251 935 1741 1005 σφετερισάμενος.
1764 931 1921 987 Οὕτω

340 1028 397 1080 δὲ
429 1027 729 1095 ὠργίζοντο
765 1025 887 1080 κατ’
915 1026 1103 1093 αὐτοῦ,
1134 1026 1209 1090 ώς
1240 1025 1363 1097 μηδ’
1393 1022 1575 1080 οἶκτον
1605 1023 1773 1079 αὐτοῦ
1804 1040 1927 1077 τινα

340 1116 530 1170 λαϐεῖν
567 1117 662 1169 ἐπὶ
698 1119 765 1187 τῇ
829 1117 1086 1187 συμϐάση
1140 1117 1294 1187 αὐτῷ
1347 1118 1626 1187 συμφορᾷ.
1685 1117 1926 1186 Τέθνηκε

342 1206 452 1277 γάρ
476 1206 643 1261 αὑτοῦ
664 1208 901 1277 νοσήσας
932 1209 960 1261 ό
984 1208 1171 1277 ἕτερος
1213 1208 1325 1261 τῶν
1355 1208 1510 1262 υίῶν.
1552 1208 1817 1278 Δεόμενος
1866 1206 1925 1259 δὲ

342 1297 451 1351 τῶν
478 1296 671 1366 φίλων,
711 1297 787 1369 μὴ
840 1299 1082 1368 περιδεῖν
1138 1298 1303 1353 αὐτὸν
1355 1298 1556 1361 ἀδίκως
1590 1297 1924 1367 κατακρινο-

346 1404 530 1456 μενον,
562 1389 794 1459 ἐπείπερ
818 1389 1019 1442 ἐκεῖνοι
1058 1390 1194 1460 πρὸς
1232 1390 1332 1460 μὲν
1381 1389 1480 1460 τὴν
1538 1389 1718 1459 ψῆφον
1777 1386 1927 1456 αὐτῷ

2018 656 2120 710 sibi
2159 672 2257 726 per
2289 657 2544 726 injuriam
2566 658 2825 713 damnato
2851 675 3012 730 opem
3069 662 3232 732 355
3255 663 3484 728 ferrent,
3516 665 3592 718 illi

2018 763 2151 802 vero
2176 757 2365 803 contra
2399 748 2659 821 suﬂragia
2685 751 2961 822 judicum,
3008 754 3209 807 auxilia
3237 753 3288 808 ei
3312 765 3592 825 negarent,
3693 766 3708 778 ‘

2016 838 2113 892 sed
2141 838 2206 892 ad
2237 838 2462 915 multam
2500 840 2818 895 solvendam
2845 842 3043 912 stipem
3072 843 3500 912 promitterent:
3528 861 3596 901 ea

2017 929 2337 987 conditione
2372 932 2684 1001 repudiata,
2716 949 2843 988 cum
2878 936 3192 990 exsulatum
3233 935 3444 1001 abiret,
3468 952 3597 1007 pre-

2017 1028 2215 1084 catur,
2252 1020 2300 1074 si
2349 1021 2501 1076 nulla
2545 1036 2643 1076 sua
2689 1022 2848 1093 culpa
2873 1061 2889 1088 ,
2927 1024 3023 1079 sed
3065 1025 3266 1096 injuria
3299 1035 3355 1080 et
3386 1027 3598 1082 invidia

2019 1111 2208 1181 populi
2242 1111 2565 1182 pelleretur,
2598 1122 2659 1168 ut
2687 1114 2770 1169 sui
2800 1116 2952 1171 cives
2992 1131 3091 1171 sua
3141 1132 3309 1187 opera
3340 1118 3601 1173 celeriter

2016 1215 2281 1275 egerent.
2326 1220 2496 1275 seque
2536 1206 2936 1273 desiderarent,
2978 1208 3047 1263 ad
3099 1208 3333 1264 Rutulos
3362 1225 3420 1265 se
3463 1225 3602 1264 con-

2021 1299 2191 1352 tulit:
2244 1296 2564 1367 indictaque
2623 1313 2788 1353 causa
2812 1298 3108 1353 damnatus
3152 1310 3239 1355 est
3265 1317 3330 1355 xv
3357 1302 3605 1357 millibus

2020 1388 2149 1441 aeris
2174 1428 2189 1452 ,
2228 1403 2349 1456 qua:
2379 1387 2673 1443 drachmas
2704 1405 2774 1444 nn
2802 1392 3015 1461 argenti
3043 1391 3248 1447 valent.

349 1481 638 1551 βοηθήσειν
670 1481 999 1546 ἀπείπαντο,
1035 1481 1132 1551 τὴν
1159 1481 1216 1533 δὲ
1246 1481 1450 1551 ζημίαν
1482 1480 1702 1550 ὅφλοντι
1757 1478 2098 1532 συνεκτίσειν
2155 1478 2475 1549 ὑπέσχοντο,
2523 1482 2623 1534 οὐκ
2693 1481 3065 1552 ἀνασχόμενος
3119 1483 3261 1551 ἔγνω
3291 1488 3485 1553 φυγεῖν
3538 1488 3604 1540 ὲκ

344 1573 443 1642 τῆς
475 1571 702 1638 πόλεως,
742 1572 837 1626 καὶ
874 1570 1034 1636 ἐξιὼν
1066 1570 1290 1641 ηὔξατο,
1316 1574 1365 1624 εί
1396 1573 1470 1641 μὴ
1532 1572 1781 1636 δικαίως,
1839 1569 1997 1640 ὕϐρει
2026 1570 2095 1623 ’δὲ
2166 1571 2343 1641 δήμου
2426 1571 2683 1625 ἐκπίπτει
2715 1610 2733 1637 ,

2808 1573 2903 1627 καὶ
2967 1574 3168 1645 φθόνῳ,
3248 1577 3384 1645 ταχὺ
3477 1578 3604 1640 τοὺς

342 1665 543 1727 αὐτοὺς
572 1664 795 1727 πολίτας
821 1663 986 1717 αὑτοῦ
1022 1665 1304 1735 δεηθῆναι,
1342 1666 1436 1718 καὶ
1461 1664 1697 1733 ζητῆσαι
1736 1662 1920 1716 αὐτόν.
1970 1662 2213 1725 Ἐκεῖνος
2243 1665 2384 1733 μετᾶ
2441 1662 2535 1717 οὖν
2600 1664 2738 1735 προς
2778 1663 3128 1728 Ῥουτούλους
3166 1667 3427 1737 μετέστη,
3468 1671 3607 1737 ὲρή.

349 1769 459 1822 μην
491 1751 536 1803 δ’
572 1750 738 1815 ἑάλω,
770 1753 864 1804 καὶ
895 1750 1076 1821 ψῆφος
1113 1750 1317 1820 ήνέχθη
1353 1750 1473 1802 κατ’
1512 1749 1676 1802 αὑτοῦ
1707 1749 1928 1818 τίμημα
1969 1749 2179 1819 μυρίων
2241 1751 2338 1804 καὶ
2367 1751 2826 1820 πεντακ;οχιλίων
2856 1752 3133 1823 ἀσσαρίων
3182 1754 3401 1825 ἔχουσα,
3466 1757 3494 1810 ὃ
3517 1755 3604 1825 γί-

343 1860 502 1896 νεται
525 1846 662 1914 πρὸς
688 1844 955 1914 ἀργυρίου
978 1845 1138 1912 λόγον
1167 1844 1408 1915 δραχμαὶ
1441 1843 1612 1913 χίλιαι
1660 1844 2040 1899 πεντακόσιαι.

420 1931 546 1984 Kl".
577 1931 703 1984 Οἱδ¹
731 1933 1044 2003 Εὐρωπαῖοι
1076 1931 1336 1994 Γαλάται,
1369 1925 1444 1983 ὧν
1469 1930 1519 1983 οἱ
1560 1931 1807 1983 ’Λσιάται
1847 1947 1934 1982 νο-

2105 1932 2302 1990 XXIII.
2334 1933 2604 1990 Caeterum
2639 1935 2896 2006 Europaei
2938 1936 3078 1992 Galli
3102 1977 3119 2003 ,
3160 1954 3394 2008 quorum
3424 1940 3605 1996 coloni

348 2022 603 2092 -μίξονται
630 2023 874 2087 ἄποικοι,
914 2022 1187 2076 Κελτικὸν
1232 2022 1385 2083 ὄντες
1439 2023 1616 2090 γένος,
1682 2022 1932 2084 λιπόντες

351 2113 449 2184 τὴν
480 2114 719 2178 ἑαυτῶν,
747 2110 823 2179 ὡς
876 2116 977 2168 οὐκ
1026 2114 1277 2184 αὐτάρκη
1343 2114 1565 2184 τρέφειν
1616 2114 1837 2177 αὐτοὺς,
1883 2115 1933 2166 οἱ

353 2205 455 2275 μὲν
484 2205 577 2258 ἐπὶ⁹
634 2205 703 2258 τά
749 2206 850 2277 δρη
886 2207 956 2259 τά
994 2204 1216 2259 Ῥιπαῖα
1257 2205 1590 2276 ὡρμήκεσαν
1613 2221 1628 2237 ο
1668 2207 1716 2260 oi
1742 2206 1799 2259 δὲ
1825 2206 1936 2260 τῶν

355 2296 609 2348 Ἄλπεων
664 2295 969 2364 ἱδρυθέντες
1001 2296 1194 2363 ὲγγὺς,
1260 2297 1453 2366 χρόνον
1508 2298 1626 2350 ἐκεῖ
1676 2296 1936 2367 διήγαγον

358 2385 604 2440 πλείονα.
658 2387 792 2439 Τότε
843 2385 902 2439 δὲ
953 2387 1098 2440 οῐνου
1155 2385 1513 2456 κομισθέντος
1563 2388 1621 2454 eg
1683 2387 1934 2452 Ἰταλίας,

357 2479 546 2532 τούτου
574 2478 925 2548 γευσάμενοι,
956 2482 1052 2550 καὶ
1091 2479 1641 2549 ὑπερθαυμάσαντες,
1672 2479 1936 2550 ἀράμενοι

358 2573 426 2625 τὰ
448 2573 590 2626 ὅπλα
632 2573 724 2624 καὶ
755 2571 950 2640 γενεὰς
1008 2573 1341 2643 ἐπαγόμενοι
1405 2572 1507 2642 τὴν
1553 2572 1660 2641 γῆν
1720 2573 1938 2642 ἐκείνην

359 2664 673 2736 ἐζήτουν,ἥ
713 2663 954 2718 τοιοῦτον
1004 2664 1215 2735 καρπὸν
1269 2662 1580 2717 ἀναδίδωσι.
1642 2663 1747 2717 Καὶ
1800 2664 1937 2734 πρὸς

361 2753 517 2806 πόλιν
545 2754 882 2827 Τυρρηνίδα,
942 2753 1209 2807 Κλούσιον
1259 2753 1625 2824 καλουμένην,
1676 2754 1940 2827 στρατεύο

356 2861 588 2910 σαντες,
646 2846 1001 2917 ἐπολιόρκουν
1028 2846 1220 2917 αὐτήν.
1250 2846 1314 2899 Ol
1344 2845 1402 2899 δὲ
1449 2844 1751 2915 Κλουσηνοὶ
1785 2847 1929 2918 προς

362 2938 486 2999 τοὺς
534 2938 837 3006 Ῥωμαίους
915 2938 1248 3008 κατέφυγον,
1330 2937 1610 2999 αἰτοῦντες
1664 2937 1938 3008 βοῆθειαν.

363 3027 626 3094 Πρέσϐεις
663 3028 707 3081 δ’
738 3031 800 3082 ὲκ
844 3029 1065 3097 Ῥώμης
1096 3029 1234 3101 πρὶς
1280 3013 1522 3090 ἐκείνους
1553 3029 1939 3100 ἐπέμφθησαν,

359 3117 455 3182 οὒς
472 3119 523 3172 oi
559 3119 797 3174 Γαλάται
818 3121 909 3175 διὰ
940 3122 1002 3173 τὸ
1031 3120 1143 3174 τῶν
1188 3120 1474 3194 Ῥωμαίων
1498 3119 1672 3191 ὄνομα
1700 3120 1939 3191 ἐντίμως

359 3210 634 3275 ἐδέξαντο,
687 3216 783 3265 καὶ
816 3213 914 3266 τοῦ
953 3214 1305 3284 τειχομαχεῖν
1336 3215 1702 3282 παυσάμενοι,
1737 3214 1815 3276 είς
1854 3214 1942 3266 λό-

2034 2025 2401 2094 perhibentur
2432 2026 2693 2090 Asiatici,
2730 2035 2873 2082 terra
2898 2028 3001 2082 sub
3036 2044 3292 2099 agrorum
3319 2031 3606 2100 penuriam

2035 2114 2231 2171 relicta
2277 2117 2477 2186 partim
2519 2117 2586 2172 ad
2634 2117 2889 2188 Riphaeos
2920 2129 3138 2175 montes
3177 2122 3605 2192 sunt.profo-cti,

2035 2210 2233 2278 partim
2284 2226 2455 2280 prope
2499 2211 2665 2281 Alpes
2705 2211 2802 2267 diu
2850 2213 3243 2269 consederunt.
3292 2215 3431 2270 Tum
3476 2232 3609 2271 vero

2036 2301 2225 2356 Italico
2250 2304 2381 2357 vino
2406 2312 2628 2373 gustato
2650 2343 2667 2370 ,
2695 2304 3060 2360 admiratione
3089 2314 3253 2361 tanta!
3281 2309 3567 2363 suavitatis
3593 2350 3608 2372 .

2036 2393 2272 2462 sumptis
2315 2395 2516 2459 armis,
2548 2410 2672 2448 cum
2700 2395 2988 2453 uxoribus
3032 2405 3089 2450 et
3134 2397 3357 2462 liberis,
3403 2410 3608 2455 terram

2036 2485 2206 2548 illam,
2241 2502 2363 2555 qua:
2400 2487 2560 2541 talem
2603 2488 2874 2557 liquorem
2914 2490 3201 2559 gigneret,
3250 2501 3565 2559 quaerentes
3592 2535 3609 2557 ,

2036 2571 2284 2630 Clusium
2322 2576 2646 2647 Tyrrhenia;
2693 2580 2960 2648 oppidum
2998 2580 3353 2635 obsederunt.
3399 2584 3612 2640 Clusini

2038 2679 2163 2718 cum
2196 2680 2227 2719 a
2276 2664 2537 2720 Romanis
2582 2666 2862 2735 supplices
2910 2666 3110 2720 auxilia
3140 2674 3422 2735 peterent,
3469 2668 3612 2724 Galli

2038 2755 2317 2812 Romanos
2341 2758 2553 2828 legatos
2591 2757 2661 2812 ob
2691 2772 2893 2812 nomen
2926 2759 3110 2827 populi
3160 2759 3461 2815 honorifice
3499 2777 3619 2815 sus-

2039 2857 2303 2917 ceperunt
2330 2864 2346 2902 :
2375 2857 2431 2903 et
2456 2848 2871 2919 oppugnatione
2915 2848 3116 2903 omissa
3136 2887 3150 2911 ,
3185 2848 3249 2901 ad
3278 2849 3612 2919 colloquium

2040 2947 2337 2995 venerunt.
2404 2942 2622 2995 Interea
2664 2937 2876 2994 Clusini
2925 2952 3051 2993 cum
3103 2939 3367 2994 Romanis
3422 2940 3618 3010 legatis

2040 3029 2223 3085 Gallos
2253 3046 2322 3085 ex
2346 3030 2563 3085 insidiis
2591 3030 2936 3085 invaserunt.
2967 3028 3124 3094 Quod
3156 3029 3410 3083 Brennus
3438 3028 3618 3083 Gallo-

2042 3136 2164 3175 rum
2202 3137 2296 3176 rex
2333 3121 2554 3192 indigne
2585 3120 2769 3176 ierens
2792 3160 2808 3185 ,
2842 3119 3079 3174 Clusinis
3112 3118 3413 3189 neglectis,
3458 3133 3621 3173 evcs—

2046 3215 2176 3284 ligio
2203 3215 2428 3269 Romam
2454 3230 2648 3270 versus
2675 3214 2833 3269 duxit
2856 3213 3185 3275 exercitum,
3210 3228 3333 3266 cum
3371 3214 3420 3267 ei
3450 3214 3616 3284 legati

363 3320 495 3371 γους
534 3304 987 3375 συνεληλύθασιν.
1019 3303 1111 3357 Ἐν
1142 3304 1356 3368 τούτοις
1409 3304 1466 3357 δὲ
1513 3304 1841 3374 λοχήσαντες
1891 3307 1942 3358 oi

2046 3305 2115 3359 ad
2164 3305 2495 3375 supplicium
2535 3320 2644 3359 non
2693 3303 3074 3364 dederentur,
3117 3310 3263 3357 tanta
3291 3300 3574 3355 celeritate
3599 3340 3617 3362 .

360 3397 668 3468 Κλουσηνοὶ
699 3398 835 3469 μετά
867 3399 976 3451 τῶν
999 3399 1063 3451 ὲκ
1105 3394 1326 3467 Ῥώμης
1355 3396 1658 3467 πρέσϐεων,
1692 3398 1947 3452 ἐπέθεντο

362 3492 478 3552 τοῖς
500 3490 796 3553 Γαλάταις.
832 3489 891 3543 '0
922 3489 980 3543 δὲ
1008 3489 1121 3542 τῶν
1156 3489 1414 3542 Γαλατῶν
1465 3488 1719 3559 βασιλεὺς
1777 3489 1949 3558 Βρέν-

364 3597 457 3644 νος
473 3620 491 3648 ,
523 3580 802 3650 ὀργισθεὶς
819 3582 913 3635 ἐπὶ
939 3580 1137 3652 τούτῳ,
1163 3580 1270 3634 τῶν
1287 3580 1614 3650 Κλουσηνῶν
1639 3580 1945 3651 ἀμελήσας,

365 3673 551 3739 εὐθὺς,
578 3674 656 3734 ὡς
685 3669 819 3745 εἶχε,
845 3673 907 3728 τὺ
934 3674 1253 3746 στράτευμα
1271 3674 1413 3728 κατὰ
1441 3675 1544 3742 τῆς
1584 3671 1806 3744 Ῥώμης
1837 3672 1951 3726 ἐκί-

364 3782 550 3835 νησεν,
574 3766 695 3818 ἐπεὶ
721 3766 796 3836 μή
823 3767 916 3818 ἐπὶ
942 3765 1188 3836 τιμωρίᾳ
1212 3766 1261 3818 ei
1290 3765 1549 3836 πρέσϐεις
1574 3764 1723 3835 αὐτῷ
1779 3765 1948 3831 ἐξεδί-

364 3856 518 3909 δοντο
540 3870 555 3886 ·
594 3856 690 3910 καὶ
715 3856 956 3927 τοσούτῳ
1003 3857 1161 3927 τάχει
1194 3856 1488 3927 ἐχρήσατο,
1523 3855 1653 3908 ὥστ’
1704 3856 1951 3910 ἐπελθεῖν

366 3946 569 4009 αὐτοὺς
599 3949 666 4017 τῇ
700 3946 877 4011 πόλει,
935 3945 1012 4017 μὴ
1072 3944 1468 4016 προμαθόντων
1513 3943 1802 4015 Ῥωμαίων
1853 3945 1950 4014 τὴν

366 4042 585 4111 ἔφοδον.
623 4041 699 4095 Τὸ
765 4041 952 4111 μέντοι
1015 4038 1296 4109 δαιμόνιον
1356 4038 1718 4107 προαγγεῖλαι
1768 4038 1951 4102 αὐτοῖς

364 4138 467 4211 τὴν
497 4137 686 4207 ἔφοδον
731 4137 969 4202 λέγεται.
1012 4131 1239 4200 Μάρκος
1297 4127 1406 4198 γὰρ
1448 4129 1707 4192 Καίδικος
1756 4129 1950 4193 νυκτός

368 4237 463 4286 ποί
497 4228 754 4301 βαδίζων,
787 4223 972 4294 φωνῆς
1017 4223 1219 4293 ἢκουσε
1244 4221 1538 4292 λεγούσης,
1562 4220 1831 4276 Γαλάται
1858 4221 1952 4289 ἕρ-

370 4339 603 4395 χσγται.
640 4319 938 4391 Εἰρηκότος
986 4316 1046 4370 δὲ
1097 4314 1260 4367 τοῦτο
1289 4315 1522 4386 Μάρκου
1555 4313 1633 4386 τῷ
1664 4314 1822 4386 δήμῳ
1858 4314 1953 4367 καὶ⁹

372 4420 439 4488 τῇ
458 4415 647 4487 βουλῇ,
673 4414 730 4464 ὲν
757 4408 947 4479 παιδιᾷ
979 4407 1070 4461 τὸν
1092 4405 1252 4474 λόγον
1281 4404 1583 4469 ἐποιοῦντο,
1616 4407 1711 4459 καὶ
1732 4405 1947 4472 γέλωτι,

373 4505 478 4569 ἕως
505 4500 832 4570 αὐτάγγελοι
865 4502 915 4552 οἱ
950 4498 1185 4552 Γαλάται
1214 4496 1366 4566 σφῶν
1400 4496 1632 4567 πλησίον
1679 4496 1949 4564 ἐγένοντο.

375 4600 512 4654 Τότε
544 4598 601 4651 δὲ
627 4595 831 4666 σπουδῇ
862 4592 1192 4658 ἐξελθόντες,
1247 4592 1345 4646 καὶ
1378 4591 1631 4654 ἀτάκτως
1677 4591 1951 4659 ἀγωνισάο
1986 4617 2026 4672 D

381 4707 558 4763 μενοι,
597 4686 934 4757 αίσχρότατα
983 4683 1239 4754 ἥττηντο.
1316 4683 1427 4736 Καὶ
1457 4681 1644 4734 πολλοὶ
1675 4681 1772 4750 μὲν
1798 4683 1855 4734 ὲν
1884 4683 1949 4751 τῇ

381 4783 531 4855 μάχῃ
557 4779 901 4837 πεπτώκασι.
934 4774 1122 4828 πολλοὶ
1158 4773 1214 4826 δὲ
1245 4772 1540 4842 φεύγοντες
1561 4772 1824 4842 ἔθνησκον
1857 4788 1955 4824 κα-

378 4876 874 4948 ταλαμϐανόμενοι,
908 4869 1152 4924 πλεῖστοι
1179 4866 1236 4919 δὲ
1274 4866 1369 4919 καὶ
1422 4865 1504 4928 είς
1545 4862 1797 4931 ποταμὸν
1864 4863 1955 4914 τδν

378 4973 598 5043 Τίϐεριν
640 4965 1029 5036 συνωθήθησαν
1067 4959 1164 5015 καὶ
1188 4958 1528 5028 ἐφθάρησαν.
1581 4956 1643 5008 Ol
1682 4954 1737 5043 δὲ
1777 4953 1957 5006 λοιπολ⁹

382 5042 789 5123 σκεδασθέντες,
813 5059 864 5110 οἱ
901 5055 1000 5127 μὲν
1066 5052 1147 5115 είς
1178 5050 1280 5119 τὴν
1340 5046 1572 5117 Ῥώμην
1622 5042 1798 5096 ἐλθεῖν
1830 5043 1959 5113 ἠδυ-

379 5155 643 5226 νήθησαν,
676 5151 727 5205 οἱ
755 5149 813 5203 δὲ
834 5143 1089 5216 ἀλλαχοῦ.
1125 5141 1191 5195 Oi
1242 5140 1289 5193 δ’
1324 5140 1383 5191 ὲν
1403 5140 1472 5207 τῇ
1516 5133 1707 5206 Ῥώμῃ
1737 5134 1957 5226 γνόντες

381 5225 444 5304 τδ
477 5246 722 5316 γεγονὸς,
749 5241 808 5296 ὲν
837 5234 1121 5310 ἀμηχανία
1148 5233 1422 5301 ἐγένοντο.
1458 5227 1567 5280 Καὶ
1606 5225 1958 5293 ἀπογνόντες,

383 5343 505 5399 οὔτε
534 5340 642 5394 τῶν
661 5336 859 5407 τειχῶν
883 5331 1132 5403 φυλακὴν
1156 5326 1363 5390 ἔθεντο,
1418 5320 1544 5376 οὔτε
1602 5319 1702 5389 τῆς
1751 5317 1959 5381 πόλεως

381 5440 480 5500 τὰς
501 5432 673 5492 πύλας
698 5428 970 5488 ἔκλεισαν,
992 5420 1106 5476 ἀλλ’
1129 5420 1179 5473 οἱ
1211 5418 1311 5488 μὲν
1336 5413 1506 5485 αὐτὴν
1528 5410 1957 5489 ξκλιμπάνοντες

382 5531 632 5597 ἔφευγον,
662 5524 712 5575 οἱ
742 5522 799 5575 δὲ
845 5519 944 5571 σὺν
991 5511 1207 5581 γυναιξὶ
1256 5507 1353 5562 καὶ
1402 5501 1959 5597 τέκνοιςῃάνέὸραμρν

382 5590 460 5684 είς
490 5590 552 5672 si;
576 5611 942 5670 Καπιτώλιον.
974 5606 1145 5661 Μόνοι
1173 5602 1232 5656 δὲ
1256 5598 1591 5678 ὀγδοήκοντα
1616 5592 1847 5684 ἄνδρεςἈ
1864 5590 1959 5655 οὓς

385 5680 555 5783 οἱμὲν
584 5708 749 5778 ἱερεῖς
789 5700 928 5756 εἷναί
977 5713 1164 5767 φασιν,
1193 5693 1242 5746 oi
1270 5691 1327 5744 δὲ
1360 5689 1485 5783 τους
1519 5684 1797 5783 πρώτους-
1815 5680 1960 5783 ΪΡω.

388 5774 566 5874 μαίων
589 5774 713 5856 καθ’
743 5793 960 5868 ἠλικίαν
986 5790 1083 5843 καὶ
1110 5783 1344 5874 πλοῦτον
1370 5779 1465 5874 καὶ
1493 5779 1682 5874 γένος..
1710 5774 1958 5874 rypodes;

390 5865 541 5963 ίερὶις
563 5892 599 5963 ἢ
629 5865 1091 5944 πολυτελεστάτας
1116 5873 1306 5936 στολὰς
1333 5873 1388 5924 ὲν
1410 5869 1581 5938 ἀγορᾷ
1601 5869 1695 5921 ἐπὶ
1721 5867 1828 5920 τῶν
1851 5865 1959 5918 ελε-

2050 3407 2110 3450 ut
2147 3396 2349 3453 Urbem
2382 3396 2702 3459 invaderet,
2746 3393 3067 3464 priusqnam
3106 3407 3299 3447 eorum
3336 3406 3619 3447 accessum

2046 3487 2278 3543 Romani
2317 3488 2743 3558 cognovissent,
2788 3499 3115 3555 quanquam
3167 3483 3434 3538 divinitus
3482 3499 3619 3553 prm-

2047 3583 2382 3635 nuntiatum.
2431 3580 2645 3635 Marcus
2692 3580 2840 3635 enim
2891 3575 3143 3632 Caedicus
3197 3574 3407 3637 fertur,
3450 3586 3621 3628 noctu

2048 3673 2153 3727 iter
2183 3672 2424 3733 iaciens,
2457 3686 2646 3726 vocem
2674 3668 2987 3733 audivisse,
3033 3682 3155 3737 quae
3194 3666 3436 3721 diceret:
3473 3667 3624 3722 Galli

2047 3767 2280 3822 veniunt.
2335 3764 2509 3831 Quam
2540 3778 2664 3818 cum
2709 3760 2923 3817 senatui
2969 3760 3282 3830 populoque
3310 3768 3622 3823 narrasset,

2048 3857 2358 3928 verbaejus
2379 3871 2502 3910 enm
2531 3853 2773 3909 ludibrio
2797 3861 2854 3907 et
2875 3850 2991 3907 risu
3020 3860 3247 3920 excepta
3271 3861 3421 3915 sunt,
3447 3851 3571 3904 don:
3593 3866 3625 3904 c

2049 3950 2189 4007 Galli
2213 3949 2318 4019 ipsi
2343 3948 2396 4002 in
2427 3947 2742 4017 propinquo
2768 3959 2927 3999 suum
2954 3942 3252 3997 adventum
3274 3942 3621 3995 nuntiarunt.

2050 4043 2206 4097 Tunc
2255 4040 2561 4096 estinanter
2598 4035 2828 4107 egressi,
2858 4045 3065 4091 temere
3096 4032 3390 4090 commisso
3414 4034 3622 4102 praelia.

2050 4142 2179 4188 sunt
2218 4132 2536 4201 turpissime
2592 4127 2869 4198 superati,
2916 4126 3074 4181 multi
3117 4127 3171 4179 in
3203 4138 3419 4195 pugna,
3465 4125 3626 4181 multi

2051 4226 2106 4280 in
2148 4226 2274 4296 fuga
2306 4223 2689 4295 comprehensi
2718 4240 2731 4276 :
2777 4220 3000 4289 plurimi
3035 4220 3089 4273 in
3127 4217 3373 4271 Tiberim
3408 4216 3622 4271 [lumen

2051 4312 2381 4384 praecipitati
2428 4311 2740 4381 perierunt.
2794 4308 3012 4367 Reliqui
3057 4307 3351 4377 dissipati,
3420 4308 3623 4376 partim

2055 4406 2285 4459 Romam
2335 4407 2749 4473 pervenerunt,
2813 4398 3011 4469 partim
3055 4397 3185 4453 alio.
3241 4397 3344 4463 Qui
3375 4397 3431 4452 in
3484 4397 3627 4453 Urbe

2053 4505 2244 4560 erant,
2290 4493 2500 4550 cladem
2539 4507 2660 4548 eam
2710 4491 3100 4561 Deplorantes,
3141 4488 3333 4557 inepes
3370 4486 3623 4553 consilii,

2055 4599 2111 4646 et
2154 4587 2599 4658 desperabundi,
2638 4599 2740 4639 nec
2773 4583 2975 4638 muenia
3019 4582 3479 4644 custodiverunt,
3524 4597 3628 4636 nec

2057 4692 2245 4753 portas
2273 4680 2626 4734 clauserunt:
2651 4675 2746 4731 sed
2771 4673 2865 4729 alii
2888 4672 3066 4744 fugam
3089 4679 3376 4743 ceperunt,
3394 4671 3625 4726 aliicum

2058 4773 2326 4829 uxoribus
2346 4781 2403 4827 et
2424 4769 2612 4826 liberis
2629 4766 2955 4838 Capitolium
2972 4772 3331 4835 occuparunt.
3355 4763 3466 4819 Soli
3489 4779 3628 4818 Lxxx

2056 4869 2162 4924 viri
2186 4868 2348 4938 (quos
2379 4866 2472 4921 alii
2498 4862 2815 4918 sacerdotes
2844 4859 3015 4915 fuisse
3038 4866 3370 4919 memorant,
3394 4857 3487 4911 alii
3515 4857 3627 4912 Ro-

2058 4975 2346 5016 manorum
2366 4964 2527 5013 aetate
2547 4954 2744 5026 opibus
2763 4963 2815 5008 et
2832 4967 3030 5023 genere
3049 4949 3213 5021 356
3234 4949 3531 5020 principes)
3550 4948 3628 5003 si-

2056 5068 2124 5108 ve
2172 5047 2593 5123 pretiosissimis
2621 5045 2777 5101 stolis
2805 5042 3005 5123 induti,
3047 5042 3102 5123 in
3125 5040 3265 5123 fellis
3296 5039 3628 5123 eburneisin

2056 5110 2317 5179 foro-cum
2336 5121 2618 5191 majestate
2636 5115 3029 5178 consederunt,
3060 5112 3435 5167 imminentem
3451 5110 3629 5163 fortu-

2057 5231 2184 5270 nam
2212 5219 2612 5283 exspectantes.
2647 5206 2919 5263 Postridie
2940 5203 3077 5260 Galli
3101 5201 3169 5256 ad
3198 5203 3427 5256 Romam
3458 5215 3650 5253 vene-r

2058 5314 2221 5363 runt:
2242 5304 2338 5361 sed
2361 5318 2486 5359 cum
2505 5310 2693 5372 portas
2710 5307 2947 5368 apertas,
2965 5304 3020 5349 et
3039 5293 3239 5348 muenia
3259 5288 3528 5362 prmsidiis
3543 5304 3628 5343 va-

2058 5415 2160 5455 cua
2188 5396 2465 5459 viderent,
2498 5391 2773 5452 restitere,
2820 5401 2922 5441 nec
2959 5383 3188 5455 ingressi
3214 5391 3362 5444 sunt,
3400 5379 3628 5435 subesse

2058 5487 2289 5545 insidias
2311 5482 2592 5555 suspicati.
2609 5478 2798 5536 Tertio
2810 5477 2921 5541 die,
2939 5481 3155 5543 sumpta
3182 5471 3401 5537 ﬁducia,
3421 5469 3626 5539 impetu

2058 5584 2203 5639 facto
2232 5580 2427 5635 urbem
2458 5580 2746 5645 ceperunt.
2770 5569 3137 5625 Barbarorum
3172 5580 3266 5620 rex
3296 5562 3629 5634 Capitolium

2061 5670 2318 5744 praesidio
2359 5666 2572 5738 sepsit:
2620 5663 2912 5730 forumque
2958 5653 3391 5729 parambulans,
3435 5667 3628 5709 senum

2059 5765 2284 5821 illorum
2319 5754 2673 5827 tranquillum
2707 5760 2763 5807 et
2793 5749 3019 5804 tacitum
3054 5759 3378 5802 concessum
3413 5754 3499 5799 est
3527 5759 3629 5797 mt-

2062 5866 2235 5912 ratus.
2271 5851 2456 5908 Ga‘los
2485 5847 2651 5904 etiam
2689 5853 2883 5913 stupor
2925 5841 3152 5906 invasit,
3197 5837 3267 5893 ob
3307 5836 3629 5893 inusitatum
