4060 6392
457 371 571 434 θ15

1726 364 2049 427 JOANNIS
2085 364 2275 425 ΖΟΝΑ
2290 366 2406 426 RE

3608 368 3729 435 616

456 484 834 556 Spectaculum
878 483 945 538 ad
990 498 1085 536 eos
1116 480 1383 537 accedere
1421 496 1530 535 nmt
1571 496 1757 536 ausos.
1791 480 2038 534 Tandem

2151 482 2416 551 φαντίνων
2447 482 2653 552 δίφρων
2694 482 2983 553 ἐκάθηντο,
3019 483 3119 552 τὴν
3159 480 3424 535 ἐπεοῦσαν
3483 485 3729 553 προσμέ-

458 582 686 652 quidam
732 595 902 633 unum
932 593 1253 648 aggressus,
1299 577 1625 647 promissam
1656 576 1775 647 ejus
1806 575 2034 629 barbam

460 673 719 728 deorsum
758 672 951 732 traxit,
989 682 1042 723 et
1072 684 1284 731 senem,
1312 668 1403 737 qui
1437 666 1692 721 baculum
1724 667 1844 737 ejus
1869 664 2038 734 capiti

463 766 734 828 illiserat,
768 764 967 818 stricto
995 777 1125 816 ense
1156 760 1397 824 occidit,
1428 760 1734 828 eodemque
1765 756 1928 812 modo
1954 772 2039 811 re-

459 858 596 928 liqui
633 872 662 911 a
700 856 951 910 barbaris
988 853 1118 907 (ξκεὶ
1159 860 1309 915 sunt,
1336 851 1480 905 mdes
1509 850 1738 919 direptae
1765 859 1821 904 et
1846 851 2038 903 inccn-

462 966 555 1004 sm.
590 948 796 1003 Deinde
823 946 1094 1017 Capitolio
1123 961 1217 1015 per
1242 945 1446 998 multos
1473 943 1593 996 dies
1618 942 1821 996 frustra
1854 956 2038 1010 oppu-

461 1050 649 1111 gnato,
675 1039 767 1093 alii
804 1038 858 1092 in
895 1036 1167 1107 prtesidiis
1193 1042 1535 1095 manserunt,
1555 1033 1644 1086 alii
1676 1032 1742 1085 ad
1769 1046 2042 1086 commea-

462 1142 577 1184 tum
623 1131 921 1199 petentlum
975 1144 1135 1197 agros
1167 1125 1411 1196 pepulati
1460 1136 1610 1190 sunt,
1660 1123 1933 1192 dispersi,
1975 1137 2040 1177 ac

462 1225 615 1276 nullo
663 1222 891 1283 orditte,
937 1219 1066 1274 elati
1100 1217 1475 1281 successibus,
1520 1227 1577 1271 ct
1625 1231 1736 1286 pra:
1773 1214 2041 1270 ebrietate

464 1315 785 1367 titubantes.
828 1312 964 1365 Nam
1013 1309 1131 1364 vini
1175 1324 1370 1375 magna
1407 1310 1567 1377 copia
1594 1317 1849 1376 reperta.
1882 1305 2042 1359 avide

461 1424 518 1461 se
546 1407 947 1476 ingurgitarant
973 1445 989 1468 ,
1026 1414 1087 1458 ut
1123 1404 1217 1472 qui
1258 1404 1411 1471 prius
1442 1402 1678 1455 similem
1715 1410 1903 1470 potum
1930 1414 2041 1453 non

460 1508 791 1572 gustassent.
832 1499 983 1562 Quos
1037 1495 1132 1549 ubi
1191 1494 1456 1549 Camillus
1506 1493 1587 1547 sic
1627 1492 1858 1546 allectos
1907 1490 2045 1544 vit'it

461 1592 624 1661 (nam
672 1591 970 1643 Ardeatem
1012 1601 1233 1656 quoque
1276 1600 1466 1656 agrum
1511 1581 1885 1652 infestabant)
1914 1596 2042 1636 cum

459 1679 781 1735 Ardeatium
820 1679 969 1750 justa
1018 1674 1322 1730 multitudo
1346 1683 1535 1736 esset,
1566 1672 1662 1727 sed
1696 1671 1768 1724 ob
1790 1670 1919 1725 belli
1947 1686 2043 1741 ge-

461 1774 615 1829 rendi
654 1772 991 1841 imperitiam
1025 1784 1134 1822 non
1163 1768 1299 1822 satis
1329 1766 1577 1819 audacia:
1609 1763 1870 1817 haberet:
1898 1762 2041 1831 apud

2139 594 2323 639 νοντες
2351 576 2696 647 τύχην.οίδὲ
2731 576 2974 631 Γαλάται
3023 578 3091 647 τῇ
3127 575 3395 647 ὑστεραίᾳ
3421 570 3589 644 ἦλθον
3626 577 3729 646 μὲν

2138 671 2232 722 ἐπ)⁸
2254 669 2353 737 τὴν
2385 668 2627 739 Ῥώμην.
2663 668 2885 732 Ἰδόντες
2910 668 2967 721 δὲ
2992 670 3088 731 τάς
3127 669 3304 731 πύλας
3345 666 3725 738 ἠνεῳγμένας,

2139 764 2301 815 καὶτδ
2318 762 2491 832 τεῖχος
2518 759 2850 829 ἀφύλακτον,
2886 760 3148 829 ἐπέσχον,
3179 762 3275 813 καὶ
3303 761 3403 813 ούκ
3436 759 3724 832 εἰσῄεσαν,

2137 858 2360 925 ἐνέδραν
2393 856 2867 923 ὑποτοπήσαντες.
2910 854 2990 923 Τῇ
3015 854 3074 907 δὲ
3123 856 3284 925 τρίτῃ
3340 853 3726 924 θαρσήσαντες

2139 947 2536 1018 εἰσεπήδησαν,
2567 947 2663 999 καὶ
2682 941 2826 998 εἷλον
2852 944 2950 1016 τὴν
2984 945 3161 999 πόλιν.
3198 945 3309 1000 Καὶ
3351 945 3428 1014 τῷ
3463 945 3565 1016 μὶν
3608 946 3727 998 Κα-

2141 1040 2385 1109 πιτωλίῳ
2419 1037 2667 1110 φρουράν
2700 1039 2729 1091 ό
2752 1037 2862 1090 τῶν
2904 1036 3198 1107 βαρϐάρων
3232 1036 3504 1105 ἐπέστησε
3565 1036 3726 1104 βασι-

2140 1132 2301 1196 λεύςο
2333 1132 2497 1194 αὐτὸς
2538 1130 2595 1183 δὲ
2645 1129 2795 1183 διιὼν
2837 1128 2938 1201 τὴν
2989 1130 3217 1199 ἀγορὰν,
3271 1126 3551 1197 ἐθαύμαζε
3601 1126 3727 1190 τοῦς

2143 1221 2601 1293 προκαθημένους
2644 1220 2891 1282 ἐκείνους
2929 1220 3149 1290 ἄνδρας,
3219 1219 3363 1289 δρῶν
3419 1220 3478 1273 ὲν
3535 1217 3725 1287 κόσμῳ

2142 1314 2342 1377 αὐτοὺς
2375 1312 2776 1385 ἀτρεμοῦντας,
2807 1313 2903 1365 καὶ
2934 1314 3138 1382 σιωπῇ.
3185 1311 3325 1372 Τοὺς
3380 1308 3436 1361 δὲ
3478 1309 3724 1372 Γαλάτας

2144 1400 2290 1473 εἶχεν
2320 1402 2584 1473 ἔκπληξις
2617 1403 2752 1472 πρὸς
2782 1402 2844 1454 τὸ
2888 1401 3111 1465 ἄτοπον,
3164 1398 3377 1451 ὤκνουν
3426 1399 3483 1451 δὲ
3540 1399 3723 1459 αὐτοῖς

2144 1491 2489 1561 προσελθεῖν.
2531 1490 2659 1560 Ὀψὲ
2688 1490 2744 1543 δὲ
2776 1488 3055 1560 τολμήσας
3079 1504 3165 1550 τις
3196 1488 3277 1539 ἑνὶ
3312 1486 3584 1557 παρέστη,
3631 1485 3724 1539 καὶ

2145 1584 2242 1652 τῆς
2273 1583 2489 1653 ὑπήνης
2513 1582 2795 1651 ἁψάμενος
2833 1582 2929 1634 τοῦ
2981 1578 3196 1649 ἀνδρὸς,
3256 1579 3465 1647 κατῆγε
3523 1576 3728 1647 ταύτην

2148 1678 2369 1748 βαθεῖαν
2414 1675 2602 1731 οὖσαν.
2652 1678 2708 1731 ‘0
2771 1676 2829 1729 δὲ
2882 1679 2947 1746 τῇ
3013 1675 3288 1746 βακτηρίᾳ
3339 1674 3439 1743 τὴν
3485 1671 3729 1742 κεφαλήν

2146 1770 2357 1822 ἐκείνου
2389 1768 2649 1835 ἐπάταξε,
2683 1770 2779 1822 καὶ
2824 1770 2853 1822 ὁ
2888 1768 3166 1839 βάρόαρος
3230 1766 3585 1835 σπασάμενος
3628 1762 3730 1832 τὴν

455 1866 703 1937 juniores
736 1874 1029 1915 sermonen
1062 1857 1273 1929 injecit,
1311 1869 1599 1908 sttect-ssus
1635 1852 1755 1904 illos
1789 1865 1900 1903 non
1935 1849 2046 1902 [or-

2153 1864 2452 1932 μάχαιραν,
2488 1861 2577 1913 τὸν
2612 1860 2783 1931 ἄνδρα
2846 1860 3218 1914 κατέκτεινεν.
3277 1857 3434 1910 υῦτω
3481 1856 3539 1909 δὲ
3600 1855 3730 1917 τοὺς

465 1954 685 2010 titudini
736 1954 1138 2015 barbarorum,
1171 1946 1268 2002 St'tl
1316 1944 1630 1998 infeltcitati
1676 1943 2049 1996 Romanortnt

463 2063 585 2102 esse
613 2044 992 2101 ascribendos.
1019 2039 1176 2107 Quod
1203 2039 1247 2093 si
1275 2048 1559 2093 strenuam
1586 2049 1808 2105 operam
1839 2034 2049 2102 imper-

465 2145 643 2202 territi
673 2158 875 2198 nav.ure
909 2141 1147 2202 vellent,
1187 2137 1326 2192 citra
1358 2134 1664 2207 perieulum
1716 2132 1909 2186 hostes
1955 2143 2049 2183 su-

462 2245 752 2309 peraturos
786 2231 1097 2288 allirmavit.
1137 2228 1229 2284 Sic
1272 2226 1549 2295 persuasis
1573 2221 2046 2285 adolescentibus,

463 2343 590 2382 mox
620 2327 788 2381 etiam
817 2322 1053 2386 ezeteris,
1086 2330 1251 2375 aetate
1280 2319 1543 2373 llorentes
1581 2325 1798 2371 armat:
1830 2323 1885 2368 et
1919 2326 2049 2382 pro-

461 2421 631 2475 funda
651 2428 809 2473 nocte
834 2417 1097 2472 barbaros
1112 2428 1420 2485 aggressus,
1435 2412 1727 2482 plerosque
1770 2406 1883 2461 illic
1905 2404 2049 2461 ceci-

460 2513 565 2567 dit.
601 2511 655 2566 Si
680 2512 773 2581 qui
806 2524 939 2564 vero
970 2509 1024 2562 in
1048 2505 1293 2562 tenebris
1319 2504 1648 2571 cll‘ugerunt,
1678 2515 1775 2554 eos
1802 2498 2046 2553 interdiu

466 2605 688 2674 equites
732 2600 1165 2670 comprehensos
1194 2595 1543 2650 occiderunt.
1588 2592 1721 2647 Eam
1751 2589 2046 2645 victoriam

458 2710 588 2750 cum
621 2693 765 2748 fama
796 2691 1057 2747 celeriter
1091 2688 1295 2759 passim
1333 2686 1643 2754 vulgaSset,
1670 2682 1906 2737 Romani
1951 2679 2049 2750 qui

455 2802 528 2841 ex
550 2785 725 2856 prima
749 2797 930 2853 pugna
953 2779 1159 2836 Gallica
1182 2785 1501 2841 evaserant,
1526 2774 1766 2845 sumptis
1783 2774 1953 2827 armis
1978 2770 2047 2824 ad

457 2878 751 2934 Camillum
792 2890 852 2931 se
883 2873 1272 2937 contulerunt,
1318 2878 1597 2941 petentes,
1639 2876 1700 2921 ut
1748 2864 2045 2936 imperium

459 2971 519 3026 in
546 2986 605 3025 se
633 2983 897 3023 eXcrcere
929 2966 1118 3021 vellet.
1162 2963 1221 3018 ld
1252 2963 1343 3017 ille
1378 2959 1679 3019 recusavit.
1718 2957 2044 3028 priusquam

459 3066 530 3122 ab
570 3065 638 3119 iis
668 3063 763 3133 qui
799 3062 852 3115 in
884 3058 1161 3130 Capitolio
1195 3056 1504 3111 incolumes
1537 3060 1745 3117 essent,
1775 3051 2047 3106 decerne-

2148 1952 2369 2016 λοιποὺς
2399 1952 2631 2023 ἀνῄρουν
2656 1953 2706 2003 oi
2747 1950 3037 2021 βάρϐαροι,
3067 1949 3474 2019 προσπεσόντες
3517 1946 3729 2010 αὐτοῖς,

2148 2042 2244 2097 καὶ
2276 2043 2373 2104 τάς
2399 2043 2579 2105 οίκίας
2627 2042 2898 2113 ἐπόρθουν
2933 2043 3029 2093 καὶ
3074 2040 3558 2109 κατεπίμπρασαν.
3593 2032 3732 2090 Εἶτα

2149 2136 2245 2190 καὶ
2285 2135 2362 2204 τῷ
2393 2135 2727 2203 Καπιτωλίῳ
2759 2132 3117 2205 προσέϐαλον.
3161 2131 3250 2195 Ὠς
3293 2131 3339 2183 δ’
3397 2131 3492 2183 ἐπὶ
3528 2127 3734 2192 πολλάς

2148 2226 2355 2297 ἡμέρας
2369 2224 2771 2296 ἐπιχειροῦντες
2793 2224 2947 2277 οὐδὲν
2978 2224 3164 2294 ἤνυον,
3195 2225 3242 2276 οἱ
3291 2221 3391 2293 μὲν
3428 2220 3736 2293 ἐφρούρουν

2147 2318 2208 2372 τὸ
2236 2317 2601 2382 Καπιτώλιον,
2627 2318 2677 2370 οἱ
2709 2317 2766 2371 δὲ
2795 2317 2896 2388 τὴν
2920 2315 3108 2387 χώραν
3134 2315 3488 2384 κατέτρεχον,
3519 2311 3735 2383 τροφάς

2150 2410 2525 2482 ποριζόμενοι,
2573 2409 2924 2479 σκιδνάμενοι
2976 2409 3075 2462 καὶ
3127 2405 3405 2477 σποράδην
3459 2405 3734 2469 ἐπιόντες,

2148 2503 2263 2557 ἀλλ’
2284 2504 2381 2574 οὐχ
2420 2500 2578 2571 ὁμοῦ,
2608 2501 2704 2555 an
2734 2502 2877 2571 μέγα
2903 2498 3232 2570 φρονοῦντες
3256 2496 3334 2567 τῷ
3364 2495 3737 2565 εὐτυχήματι,

2149 2595 2247 2649 καὶ
2288 2595 2394 2648 ὑπὸ
2445 2595 2617 2665 μέθης
2666 2592 3019 2661 ἐσφάλλοντο.
3076 2592 3219 2661 Οῐνῳ
3245 2592 3354 2660 γὰρ
3413 2591 3738 2658 ἐντυχόντες

2149 2684 2331 2757 πολλῷ
2360 2685 2766 2756 ἀκρατέστερον
2788 2684 3029 2754 ἐχρῶντο
3063 2682 3235 2752 αύτῷ,
3268 2683 3437 2752 μήπω
3461 2680 3737 2749 πρόῖερον

2149 2779 2398 2848 πόματος
2430 2774 2676 2830 τοιούτου
2697 2776 3049 2844 γευσάμενοι.
3087 2772 3243 2827 Οὕτω
3270 2773 3315 2825 δ’
3334 2774 3559 2842 ἔχοντας
3587 2771 3736 2840 δρῶν

2148 2877 2274 2938 τοὺς
2295 2874 2538 2937 Γαλάτας
2567 2875 2596 2927 ό
2626 2871 2926 2941 Κάμιλλος,
2956 2871 3081 2924 ἐπεὶ
3108 2867 3206 2922 καὶ
3236 2867 3334 2936 τὴν
3360 2867 3469 2919 τῶν
3507 2865 3737 2936 Ἀρδεα-

2146 2967 2255 3021 τῶν
2313 2964 2591 3036 έληῖζοντο
2635 2955 2844 3034 χώραν,
2896 2962 3099 3025 αὐτοὺς
3148 2960 3206 3014 δὲ
3269 2960 3394 3021 τοὺς
3435 2959 3737 3025 Ἀρδεάτας

2146 3058 2345 3131 πλήθει
2392 3059 2493 3129 μὲν
2538 3057 2756 3119 ἱκανοὺς
2788 3055 2972 3120 ὄντας,
3007 3053 3216 3124 τόλμης
3242 3052 3299 3106 δὲ
3340 3051 3635 3121 δεομένους
3664 3049 3735 3104 δι’

458 3166 631 3211 retur.
655 3155 794 3211 Cum
817 3166 982 3207 nemo
999 3159 1171 3214 esset,
1190 3149 1286 3218 qui
1311 3147 1365 3203 id
1392 3145 1796 3216 inCapitolium
1824 3141 2043 3197 nuntia-

2151 3150 2403 3221 ἀπειρίαν
2430 3147 2609 3203 καὶτὸ
2636 3148 2778 3217 πρὸς
2810 3146 2991 3217 μάχας
3018 3145 3350 3214 ἀνάσκητον,
3373 3143 3566 3212 λόγους
3590 3143 3736 3211 πρὸς

460 3258 583 3310 ret,
612 3247 842 3317 quidam
878 3243 1206 3299 adolescens
1243 3240 1476 3295 Pontius
1514 3237 1677 3309 357
1714 3235 2000 3292 Cominius
2024 3270 2041 3296 ,

460 3341 652 3412 gloria:
671 3337 975 3408 cupiditate
999 3334 1056 3390 id
1080 3331 1380 3389 discrimen
1413 3330 1582 3394 adiit,
1607 3342 1813 3399 perque
1836 3324 2047 3379 medios

462 3434 655 3489 hostes
694 3432 838 3485 clam
884 3427 953 3483 ad
995 3425 1274 3483 tumulum
1322 3422 1699 3493 Capitolinum
1743 3420 1952 3475 evasit:
1991 3425 2049 3472 et

460 3541 589 3581 eum
620 3539 765 3593 aegre
804 3536 956 3576 nunc
989 3533 1222 3591 pronus,
1255 3533 1405 3572 nunc
1435 3516 1669 3585 supinus
1724 3511 2047 3582 arrepsisset

464 3618 535 3672 ab
580 3613 1000 3671 excubitoribus
1050 3610 1121 3665 ad
1176 3612 1530 3681 magistratus
1568 3616 1655 3662 est
1693 3607 2041 3675 perductus:

464 3707 835 3771 nuntiataque
856 3706 1107 3763 victoria,
1132 3711 1188 3757 et
1211 3702 1447 3756 militum
1469 3700 1751 3753 voluntate
1775 3696 2043 3765 exposita,

464 3815 563 3855 eos
599 3800 860 3854 hortatus
882 3838 896 3858 .
942 3806 1002 3851 ut
1030 3796 1327 3866 imperium
1356 3793 1589 3849 Camillo
1629 3790 2045 3847 conﬁrmarent.

462 3887 570 3955 Qui
600 3903 724 3943 eum
753 3887 824 3941 ab
865 3887 947 3942 eis
987 3886 1231 3941 dictator
1266 3885 1450 3939 dictus
1474 3892 1642 3945 esset,
1674 3882 2045 3935 Romanorum

463 3979 559 4050 qui
606 3978 740 4034 loris
777 3987 935 4033 erant
974 3977 1041 4032 ad
1076 3993 1146 4031 xx
1189 3975 1384 4041 millia,
1422 3984 1479 4030 et
1510 3975 1721 4044 magnis
1769 3972 2046 4029 sociorum

464 4070 687 4125 auxiliis
709 4069 1068 4139 comparatis,
1099 4068 1165 4122 ad
1194 4083 1430 4139 pugnant
1460 4082 1519 4123 se
1547 4065 1781 4137 paravit.
1818 4065 1890 4120 At
1922 4065 2050 4117 bar-

466 4160 585 4216 bari
617 4176 744 4214 cum
781 4159 1025 4214 interdiu
1058 4159 1470 4214 circumeuntes
1499 4158 2047 4218 animadvertissent,

466 4255 563 4310 ubi
614 4253 843 4309 Pontius
874 4253 930 4306 in
971 4250 1306 4320 Capitolium
1346 4248 1796 4316 conscendisset(
1828 4246 1883 4300 id
1917 4260 2049 4301 vero

465 4362 533 4401 ex
555 4345 809 4415 abruptis
836 4353 1006 4414 petrae
1035 4341 1378 4413 fragmentis,
1409 4350 1466 4396 et
1492 4340 1687 4406 herba,
1722 4354 1845 4410 qua:
1878 4339 2048 4393 multa

469 4440 524 4492 in
563 4454 626 4491 ea
656 4446 796 4500 erat.
838 4438 1042 4507 partim
1078 4436 1289 4499 evulsa,
1321 4434 1524 4505 partim
1550 4434 1892 4496 conculcata,
1920 4448 2051 4486 con-

2147 3246 2274 3307 τοὺς
2299 3243 2603 3314 νεωτέρους
2648 3240 2925 3306 ἑνέόαλεν,
2954 3239 3033 3305 ὡς
3061 3240 3163 3292 ούκ
3189 3238 3380 3309 ἀνδρία
3443 3237 3553 3289 τῶν
3591 3235 3740 3307 βαρ-

2148 3336 2335 3408 6άρων
2365 3337 2466 3405 τὴν
2492 3334 2800 3403 εὐπραγίαν
2830 3333 3009 3388 αὐτῶν
3032 3331 3435 3402 ἐπιγράφεσθαι
3469 3330 3571 3394 δεῖ,
3612 3328 3735 3383 ἀλλ’

2146 3430 2343 3501 ἀτυχία
2376 3426 2689 3499 Ῥωμαίων,
2737 3427 2835 3480 καὶ
2867 3427 2917 3479 ει
2945 3425 3307 3496 προθυμοῖντο
3353 3424 3449 3477 καὶ
3490 3422 3737 3493 θαρροῦ-

2149 3540 2234 3576 σιν
2264 3523 2440 3583 αύτοὶ,
2473 3519 2772 3583 ἀκινδύνοις
2790 3520 3035 3590 νικήσειν
3054 3519 3182 3581 τοὺς
3213 3515 3503 3587 πολεμίους
3520 3516 3741 3586 διισχυ-

2152 3615 2350 3686 ρίζετο.
2402 3612 2563 3667 Οῦτω
2597 3614 2794 3676 πείσας
2833 3612 2962 3675 τοὺς
3017 3610 3194 3673 νέους,
3220 3604 3339 3663 εἶτα
3361 3609 3457 3662 καὶ
3475 3609 3602 3670 τοὺς
3624 3608 3741 3662 λοι-

2150 3708 2311 3772 ποὺς,
2346 3704 2553 3759 ὥπλισε
2579 3706 2707 3767 τοὺς
2752 3707 2810 3757 ἐν
2855 3702 3062 3774 ἡλικίᾳ,
3099 3704 3198 3755 καὶ
3256 3701 3455 3764 νυκτὸς
3504 3700 3740 3771 βαθείας

2153 3799 2448 3871 μεθύουσιν
2477 3798 2638 3861 αὐτὸς
2676 3797 2815 3868 μετὰ
2853 3797 2962 3851 τῶν
3002 3794 3309 3866 ’Δρδεατῶν
3365 3796 3480 3858 τοῖς
3524 3793 3741 3865 βαρϐά-

2151 3910 2266 3964 ροις
2299 3890 2626 3961 προσέμιξε,
2666 3890 2761 3941 καὶ
2785 3888 2911 3951 τοὺς
2944 3886 3198 3950 πλείονας
3223 3887 3343 3939 ἐκεῖ
3405 3882 3739 3952 κατέκοψεν.

2148 3982 2293 4039 Et“
2316 3999 2461 4046 τινες
2512 3981 2606 4035 καὶ
2640 3982 2835 4048 φυγεῖν
2881 3976 3228 4050 ἠδυνήθησαν
3278 3981 3337 4031 ἐν
3396 3976 3474 4045 τῷ
3523 3977 3740 4041 σκότει,
3842 4042 3849 4051 κ

2153 4075 2275 4147 μεθ’
2299 4074 2514 4145 ἡμέραν
2541 4071 2849 4141 διέφθειρον
2889 4070 3095 4131 αὐτοὺς
3147 4070 3338 4133 ἱππεῖς
3381 4068 3743 4138 καταλαμϐά-

2149 4183 2360 4230 νοντες.
2394 4166 2506 4235 Τῆς
2528 4164 2584 4218 δὲ
2609 4165 2801 4234 φήμης
2842 4165 2980 4231 ταχὺ
3027 4160 3371 4232 κηρυξάσης,
3412 4159 3742 4231 ἁπανταχοῦ

2147 4260 2211 4312 τὸ
2237 4255 2593 4327 κατόρθωμα,
2626 4255 2743 4307 ὅσοι
2775 4254 2885 4306 τῶν
2913 4252 3205 4321 Ῥωμαίων
3251 4251 3520 4319 φυγόντες
3547 4251 3611 4302 ἐκ
3636 4254 3744 4320 τῆς

2151 4347 2382 4419 πρώτης
2427 4346 2567 4417 πρὸς
2608 4345 2738 4407 τοὺς
2797 4342 3045 4405 Γαλάτας
3098 4342 3278 4411 μάχης
3329 4339 3617 4403 ἐσώζοντο,
3675 4343 3744 4395 τά

2152 4440 2293 4494 ὅπλα
2340 4437 2620 4502 λαϐόντες,
2672 4434 2921 4506 ἀπῄεσαν
2982 4433 3119 4504 πρὸς
3176 4434 3270 4485 τὸν
3312 4430 3614 4499 Κάμιλλον,
3655 4431 3743 4485 δέ·

461 4530 782 4601 jectabant)
812 4530 926 4584 illic
949 4539 1003 4583 el
1038 4528 1141 4598 ipsi
1173 4537 1338 4582 noctu
1365 4527 1667 4582 ascendere
1692 4535 2048 4583 statuerunt:

2155 4530 2350 4603 χεσθαι
2417 4529 2666 4596 δεόμενοι
2728 4528 2830 4595 τὴν
2892 4525 3071 4597 ἀρχὴν
3121 4523 3323 4577 αὐτῶν.
3381 4519 3445 4575 '0
3514 4521 3564 4575 δ’
3634 4523 3741 4575 οὐκ

469 4631 528 4677 et
551 4637 663 4677 rem
696 4621 962 4691 aggressi,
987 4635 1129 4690 aegre
1161 4620 1238 4675 illi
1268 4620 1512 4691 quidem,
1547 4620 1642 4675 sed
1681 4620 2053 4675 ascenderunt

473 4724 683 4768 tamen.
726 4712 807 4765 Ac
846 4712 1262 4781 prepugnacula
1286 4711 1603 4781 attigissent
1626 4720 1683 4766 et
1721 4710 1915 4782 vigiles
1951 4726 2054 4779 op—

475 4804 827 4873 pressissent,
853 4803 960 4856 nisi
984 4817 1229 4864 anseres,
1250 4804 1341 4869 qui
1371 4803 1425 4855 in
1448 4802 1813 4857 a-deJunonis
1826 4801 2056 4857 aleban-

475 4903 567 4949 tur
592 4937 607 4960 ,
640 4910 767 4948 cum
797 4903 1000 4947 natura
1031 4908 1228 4947 sensus
1264 4893 1535 4948 excitatos
1568 4892 1806 4946 habeant
1828 4932 1841 4955 ,
1891 4902 1947 4946 et
1987 4891 2052 4945 ad

471 4987 731 5057 quemvis
763 4987 1053 5056 strepitum
1082 4995 1471 5055 expaveseant,
1500 4985 1754 5041 celeriter
1778 4984 2057 5040 Gallorum

472 5081 716 5133 adventu
740 5075 1134 5131 animadverso
1153 5120 1169 5142 ,
1197 5090 1325 5131 cum
1352 5075 1672 5131 turbulento
1710 5075 1941 5145 strepitu
1971 5074 2058 5128 {u-

473 5171 711 5241 gientes,
744 5169 942 5239 vigiles
972 5178 1312 5239 cazterosque
1334 5182 1529 5223 omnes
1563 5166 1917 5223 excitassent.
1969 5164 2061 5221 Sic

476 5262 735 5327 Romani,
772 5261 842 5318 iis
861 5263 955 5331 qui
981 5260 1348 5316 ascenderant
1381 5260 1579 5330 partim
1604 5258 1822 5318 occisis.
1857 5260 2058 5329 partim

477 5352 547 5407 de
586 5362 743 5421 petra
774 5350 1041 5422 dejectis,
1093 5350 1149 5405 id
1193 5350 1498 5419 periculum
1537 5350 1838 5405 evitarunt.
1880 5349 1959 5403 Ex
1993 5363 2062 5403 eo

474 5444 646 5498 Gallis
698 5444 975 5498 imminuti
1046 5451 1175 5497 sunt
1226 5441 1420 5505 animi,
1461 5457 1589 5497 cum
1640 5442 2065 5513 oppugnationis

478 5552 754 5591 aerumnas
772 5547 981 5608 septem
1003 5537 1286 5591 mensibus
1309 5537 1656 5591 tolerassent.
1699 5535 1890 5606 Itaque
1923 5536 2066 5589 duce

483 5623 851 5681 Barbarorum
885 5625 1139 5691 Brenno,
1170 5636 1228 5681 et
1280 5627 1656 5681 Rotnanorum
1689 5625 1912 5679 tribuno
1943 5624 2069 5679 Sul-

486 5715 658 5783 pitio,
698 5718 768 5773 de
798 5716 1183 5788 paciﬁcatione
1241 5718 1632 5784 tractantibus,
1677 5718 1967 5783 convenit,
2007 5724 2070 5771 ut

492 5805 724 5865 Romani
753 5810 925 5869 Gallis
957 5810 1086 5867 mile
1119 5811 1305 5878 pondo
1338 5813 1459 5868 auri
1497 5821 1857 5869 numerarent
1883 5830 1897 5869 :
1928 5810 2067 5867 Galli

2156 4623 2263 4691 ἔφη
2313 4616 2728 4687 πεισθήσεσθαι,
2817 4617 2892 4688 μὴ
2987 4616 3257 4687 πρότερον
3344 4614 3456 4666 τῶν
3539 4615 3602 4667 ἐν
3662 4614 3742 4685 τῷ

2156 4714 2490 4784 Καπιτωλίῳ
2546 4712 2897 4778 σωζομένων,
2959 4710 3361 4780 ψηφισαμένων
3432 4708 3583 4778 αύτῷ
3639 4708 3741 4780 τὴν

2157 4810 2357 4879 ἀρχήν.
2409 4803 2518 4860 Ἦν
2570 4805 2629 4859 δί
2677 4804 2885 4874 ἀπορία
2947 4804 3043 4856 τοῦ
3098 4803 3273 4856 ταῦτα
3323 4802 3741 4871 διαγγελοῦντος

2157 4904 2268 4963 ταῖς
2304 4901 2385 4963 εἰς
2446 4901 2506 4953 τὸ
2558 4898 2931 4952 Καπιτώλιον.
2999 4893 3094 4960 Εἷς
3147 4897 3205 4951 δέ
3260 4913 3346 4959 τις
3405 4897 3517 4949 τῶν
3601 4896 3740 4948 νέων

2162 4993 2440 5061 Κομήνιος
2459 4991 2704 5052 Πόντιος,
2748 4988 2908 5059 δόξης
2946 4988 3107 5059 ἐρῶν,
3143 4988 3353 5058 ὑπέστη
3423 4986 3516 5040 τὸν
3550 4981 3739 5048 ἆθλον,

2162 5083 2259 5137 καὶ¹
2283 5081 2463 5135 λαθὼν
2490 5081 2577 5135 διά
2611 5081 2793 5151 μέσων
2813 5080 2964 5151 διέϐη
2997 5080 3107 5133 τῶν
3169 5080 3469 5149 πολεμίων,
3518 5080 3615 5134 καὶ
3659 5077 3740 5147 τῷ

2162 5175 2313 5243 λόφῳ
2340 5172 2435 5227 τοῦ
2476 5173 2832 5227 Καπιτωλίου
2900 5173 3318 5243 προσπελάσας,
3350 5172 3445 5226 καὶ
3483 5171 3740 5242 χαλεπῶς

2162 5266 2501 5337 ἀνερπύσας,
2532 5266 2689 5336 μόλις
2720 5281 2780 5319 τε
2829 5266 3370 5338 ἀναρριχησάμενος,
3412 5265 3550 5333 πρὸς
3612 5262 3736 5326 τοὺς

2165 5360 2225 5411 ὲν
2241 5357 2384 5411 τέλει
2416 5356 2526 5411 τῶν
2567 5356 2858 5427 Ῥωμαίων
2898 5357 3047 5427 παρὰ
3094 5356 3205 5410 τῶν
3230 5355 3610 5426 φυλαττόντων
3625 5356 3739 5408 εισ-

2169 5450 2335 5520 ήχθη,
2369 5450 2467 5503 καὶ
2513 5448 2613 5520 τήν
2634 5465 2695 5500 τε
2726 5447 2883 5519 νίκην
2913 5445 3007 5501 τοῦ
3055 5447 3338 5517 Καμίλλου
3382 5444 3737 5515 κατήγγειλε,

2170 5543 2265 5594 καὶ
2289 5542 2357 5593 τά
2382 5540 2615 5606 δόξαντα
2646 5542 2759 5601 τοῖς
2788 5537 3153 5610 στρατιώταις
3187 5537 3380 5603 εἰπὼν,
3440 5537 3737 5607 βεϐαιῶσαι

2169 5631 2248 5700 τῷ
2273 5631 2535 5702 Καμίλλῳ
2557 5612 2655 5702 τὴν
2682 5633 2858 5702 ἀρχὴν
2889 5630 3212 5701 παρεκάλει.
3249 5631 3312 5682 οξ
3346 5628 3404 5682 δὲ
3434 5629 3737 5696 Δικτάτορα

2170 5726 2261 5777 τὸν
2294 5724 2575 5794 Κάμιλλον
2606 5725 2970 5793 ἐψηφίσαντο.
3008 5723 3118 5776 Καὶ
3160 5722 3248 5787 ὃς,
3272 5724 3397 5786 τοὺς
3453 5722 3557 5787 ἔξω
3584 5721 3736 5780 ὄντας

2185 5813 2494 5879 Ῥωμαίους
2518 5814 2646 5873 περὶ
2670 5812 2996 5877 δισμυρίους
3024 5811 3365 5876 συναγαγὼν,
3385 5811 3480 5866 καὶ
3506 5810 3613 5865 ἀπὸ
3629 5807 3737 5860 τῶν
