4060 6420
371 442 472 506 617

1607 436 2006 506 ΑΝΝΑΙᾸΠΒῙ
2049 445 2188 504 LIB.
2237 446 2364 504 VII.

3514 447 3621 511 618

376 556 683 627 συμμάχων
716 556 968 623 πολλοὺς,
1006 559 1450 629 παρεσκευάζετο
1477 558 1614 629 πρὸς
1676 559 1940 611 ἐπίθεσιν.

2053 573 2214 618 vero.
2251 571 2388 611 auro
2421 565 2666 626 accepto,
2691 564 2874 610 statim
2909 556 3043 611 urbe
3088 571 3327 627 agroque
3372 560 3621 618 Romano

373 652 436 703 Oi
471 651 527 703 δὲ
550 650 829 721 Βάρδαροι
863 650 981 721 μεθ’
1013 651 1227 724 ἡμέραν
1262 651 1507 714 διιόντες,
1554 651 1650 703 καὶ
1684 668 1945 721 καταμα-

375 743 561 805 θόντες
624 742 747 795 ὅθεν
797 745 824 798 ὁ
886 744 1111 809 Πόντιος
1167 742 1414 817 προσέὸη
1471 744 1550 814 τῷ
1614 744 1947 812 Καπιτωλίῳ

376 834 556 905 (τοῦτο
584 834 630 887 δ’
657 834 1008 890 ύπετόπασαν
1034 835 1098 889 ἐκ
1120 853 1179 889 τε
1198 836 1309 889 τῶν
1378 833 1789 906 ἀπερῤωγότων
1844 835 1947 898 τῆς

373 927 578 997 πέτρας
590 925 973 996 θραυσμάτων.
997 927 1204 1000 καὶτῆς
1230 927 1386 993 πόας,
1408 928 1442 996 ἢ
1466 925 1634 998 πολλὴ
1664 926 1748 979 ἐπ’
1775 927 1948 997 αὐτῆς

370 1013 439 1088 ἦν
466 1058 483 1084 ,
504 1017 606 1086 τῆς
631 1018 731 1089 μὲν
762 1019 1240 1088 ἀνεσπασαμένης.
1269 1019 1364 1088 τῆς
1414 1018 1469 1071 δὲ
1528 1018 1947 1089 συμπεπιλημέ-

372 1109 514 1179 νης),
553 1108 763 1163 ἐκεῖθεν
797 1110 1066 1180 ἀναϐῆναι
1104 1111 1297 1175 νυκτὸς
1343 1113 1439 1165 καὶ
1484 1111 1640 1165 αὐτοὶ
1696 1111 1949 1164 ἐϐουλεύ-

374 1216 555 1251 σαντοο
587 1201 682 1254 καὶ
712 1200 1080 1274 ἐπεχείρησαν
1103 1201 1180 1272 τῷ
1205 1201 1373 1272 ἔργῳ,
1408 1203 1502 1256 καὶ
1529 1202 1813 1273 δυσχερῶς
1843 1203 1945 1273 μὲν

371 1287 608 1359 ἀνῄεσαν
633 1290 676 1341 δ’
710 1291 883 1361 ὅμως,
905 1292 1002 1345 καὶ
1048 1291 1239 1346 ἔλαθον
1271 1292 1339 1346 ἂν
1370 1293 1606 1365 ἡμμένοι
1670 1295 1764 1348 τοῦ
1814 1313 1949 1367 προ-

371 1382 743 1451 τειχίσματος,
790 1384 887 1436 καὶ
937 1387 1050 1447 cci;
1114 1382 1344 1453 φύλαξιν
1401 1384 1740 1456 ἐπιθέμενοι,
1778 1387 1828 1439 εί
1871 1386 1947 1457 μὴ

372 1472 533 1540 χῆνες
558 1468 699 1544 ἦσαν
733 1473 865 1544 περὶ
890 1474 982 1527 τὸν
1037 1474 1172 1528 νεὼν
1217 1475 1319 1546 τῆς
1354 1476 1537 1543 Ἥρας
1587 1478 1942 1547 τρεφόμενοι,

369 1561 420 1615 οἳ
451 1561 611 1632 φύσει
638 1563 791 1628 ὄντες
821 1564 1138 1636 εὐαίσθητοι
1192 1565 1289 1619 καὶ
1316 1565 1622 1637 ψοφοδεεῖς,
1647 1569 1784 1639 ταχὺ
1839 1568 1946 1622 τῶν

373 1653 632 1708 Γαλατῶν
668 1654 769 1724 τὴν
793 1654 983 1725 ἔφοδον
1015 1655 1267 1727 ⁴ᾔσθοντο,
1308 1656 1402 1709 καὶ
1430 1654 1739 1727 ταραχώδει
1774 1657 1943 1725 κλαγ-

370 1748 441 1815 γῇ
479 1746 771 1815 φερόμενοι
802 1746 941 1815 πρὸς
971 1748 1100 1811 τοὺς
1128 1746 1401 1816 φύλακας,
1433 1747 1740 1818 ἐπήγειραν
1759 1745 1940 1801 ἀπαν-

369 1852 489 1898 τας.
523 1836 679 1890 Οῦτω
697 1837 753 1891 δέ
779 1839 893 1901 τοῖς
922 1837 1164 1891 ἀνιοῦσιν
1197 1839 1248 1891 oi
1283 1837 1550 1908 Ῥωμαῖοι
1604 1837 1944 1909 προσμίξαν-

2051 645 2399 699 excederent.
2428 643 2578 698 Auro
2604 644 2790 708 allato,
2814 644 3074 699 Barbaris
3098 644 3150 698 in
3179 650 3459 716 pensando
3480 651 3622 705 clam

2050 737 2298 791 fraudem
2335 736 2677 792 struentibus
2700 778 2714 802 ,
2759 736 3009 792 Brennus
3038 752 3227 793 ensem
3280 748 3338 794 et
3378 740 3622 798 balteum

2050 826 2204 882 lateri
2231 828 2513 898 deruptum
2552 828 2888 898 ponderibus
2912 829 3194 899 imposuit.
3249 831 3495 901 Rogante
3518 834 3624 889 tri-

2051 918 2220 983 bnno,
2254 919 2386 990 quid
2417 920 2470 975 id
2499 920 2692 975 esset?
2721 919 2857 985 Quid
2880 920 3050 987 aliud,
3084 921 3299 991 inquit,
3336 922 3436 977 nisi
3474 924 3624 978 victis

2050 1011 2251 1066 dolor?
2303 1012 2516 1066 Interea
2564 1011 2827 1066 Camillus
2865 1026 2992 1066 cum
3040 1012 3289 1068 exercitu
3337 1012 3403 1068 ad
3436 1024 3626 1084 portas

2051 1104 2206 1157 urbis
2231 1104 2464 1157 accessit
2493 1121 2505 1157 :
2548 1113 2605 1157 et
2635 1112 2778 1157 statu
2809 1119 2993 1159 rerum
3024 1103 3265 1175 cognito,
3292 1119 3523 1176 propere
3555 1107 3624 1161 ad

2051 1196 2329 1250 Romanos
2360 1194 2494 1259 abit,
2539 1210 2735 1250 aurum
2777 1195 2845 1251 de
2868 1196 3118 1251 lancibus
3146 1197 3426 1252 sublatum
3458 1197 3628 1253 mini-

2050 1286 2181 1341 stris
2212 1286 2306 1340 dat
2347 1286 2739 1349 auferendum,
2768 1286 2952 1343 Gallos
2983 1302 3108 1343 cum
3128 1287 3381 1343 lancibus
3404 1295 3463 1344 et
3489 1304 3628 1360 pon-

2047 1376 2273 1433 deribus
2295 1379 2445 1433 abire
2472 1378 2668 1450 jussit:
2698 1378 2926 1433 Romani
2952 1379 3092 1433 enim
3139 1380 3300 1433 moris
3324 1395 3436 1434 esse
3460 1379 3627 1450 ferro.

2048 1486 2153 1524 non
2176 1486 2310 1525 auro
2336 1472 2570 1542 patriam
2605 1472 2762 1525 tueri.
2790 1469 3011 1526 Brenno
3042 1480 3419 1542 conquerente
3438 1514 3454 1539 ,
3480 1471 3630 1543 inju~

2047 1564 2187 1619 riam
2233 1564 2337 1620 sibi
2388 1564 2507 1620 ﬁeri
2534 1603 2549 1629 ,
2592 1566 2638 1620 si
2686 1573 2844 1635 pacta
2878 1572 3315 1635 rumperentur,
3361 1563 3628 1622 Camillus

2049 1657 2375 1728 respondit,
2406 1666 2566 1728 pacta
2599 1658 2755 1713 irrita
2782 1672 2926 1725 esse,
2952 1668 3015 1715 ut
3057 1674 3179 1728 quae
3214 1658 3357 1716 facta
3387 1659 3628 1719 fuissent

2049 1750 2259 1821 absque
2288 1750 2455 1824 358
2480 1766 2582 1807 suo
2608 1767 2864 1816 assensu,
2894 1751 2986 1820 qui
3008 1752 3119 1823 jam
3146 1750 3384 1808 dictator
3407 1761 3628 1810 creatus

2049 1851 2217 1900 esset.
2270 1842 2394 1910 Quo
2455 1858 2710 1899 sermone
2763 1843 3016 1899 turbatus
3078 1844 3363 1911 Brennus,
3430 1860 3627 1916 parum

368 1942 481 1987 τις,
510 1926 635 1989 τοὺς
666 1926 765 1996 μέν
801 1926 1156 1995 ἀπέκτειναν,
1181 1929 1308 1992 τοὺς
1342 1927 1402 1982 δὲ
1443 1927 1587 1982 κατὰ
1611 1928 1708 1999 τῆς
1737 1930 1944 2000 πέτρας

2050 1935 2226 1990 abfuit
2256 1934 2390 2005 quin
2412 1949 2602 1991 ensem
2636 1935 2958 2005 stringeret.
2993 1933 3107 1990 Sed
3135 1944 3319 1989 tamen
3348 1909 3538 1992 Callo;
3568 1936 3628 1993 in

371 2017 684 2081 ἀπώσαντο,
710 2018 806 2071 καὶ
839 2017 929 2070 τὸν
968 2018 1218 2073 κίνδυνον
1239 2019 1671 2086 ἐκπεφεύγασιν.
1734 2017 1949 2071 Ἐντεῦ-

371 2108 463 2161 οεν
490 2104 632 2180 ἦσαν
660 2110 710 2162 oi
737 2108 933 2162 Κελτοὶ¹
964 2109 1320 2180 ἀθυμότεροι,
1367 2108 1455 2179 ἐφ’
1494 2109 1635 2162 ἐπτά
1692 2109 1827 2179 μησὶ
1879 2109 1945 2178 τῇ

370 2198 664 2272 πολιορκίᾳ
713 2198 1248 2270 ταλαιπωρούμενοι.
1299 2200 1392 2254 Διὸ
1430 2198 1688 2271 καὶπερὶ
1738 2199 1949 2269 συμϐά-

371 2291 645 2343 σεωνὸτε
685 2290 795 2343 τῶν
846 2291 1151 2362 Βαρϐάρων
1196 2288 1449 2360 βασιλεὺς
1500 2289 1751 2361 Βρέννος,
1806 2289 1949 2342 καὶὸ

370 2382 480 2435 τῶν
516 2381 804 2454 Ῥωμαίων
834 2382 1161 2454 χιλίαρχοςό
1194 2383 1517 2446 Σουλπίκιος
1569 2381 1944 2452 διελέχθησανο

372 2475 471 2527 καὶ
497 2474 748 2541 συνέδοξε
777 2475 958 2545 χιλίας
994 2476 1186 2544 λίτρας
1233 2474 1459 2546 χρυσίου
1507 2477 1622 2537 τοῖς
1678 2473 1950 2537 Γαλάταις

371 2567 496 2628 τοὺς
538 2565 843 2634 Ῥωμαίους
869 2566 1219 2634 καταϐαλεῖν,
1252 2567 1381 2629 τοὺς
1413 2566 1470 2620 δέ
1497 2565 1558 2620 τὸ
1588 2564 1815 2637 χρυσίον
1848 2565 1948 2618 λα-

369 2658 567 2721 ϐόντας
599 2658 800 2712 αὐτίκα
821 2658 920 2730 τῆς
949 2659 1161 2724 πόλεως
1196 2659 1293 2713 καὶ
1336 2659 1438 2729 τῆς
1500 2658 1683 2729 χώρας
1740 2659 1952 2711 ἀπανα-

371 2750 591 2819 στῆναι.
636 2751 1007 2821 Κομισθέντος
1028 2751 1084 2803 δὲ
1116 2751 1213 2803 τοῦ
1245 2750 1495 2823 χρυσίου,
1527 2750 1622 2802 καὶ
1658 2749 1767 2802 τῶν
1812 2750 1954 2819 Βαρ-

372 2839 557 2909 ϐάρων
590 2842 720 2911 περὶ
746 2841 843 2894 τὸν
886 2842 1124 2912 σταθμὸν
1173 2839 1634 2912 κακουργούντων
1687 2838 1883 2911 λάϐρα,
1924 2843 1952 2894 6

370 2932 625 3001 Βρέννος,
658 2932 718 2987 τὸ
753 2933 905 3003 ξίφος
935 2933 1052 3004 ἅμα
1079 2934 1172 2987 καὶ
1215 2933 1308 2986 τὸν
1327 2933 1587 3005 ζωστῆρα
1608 2931 1800 2999 λύσας,
1830 2930 1955 2984 ἐπέ-

372 3021 509 3092 θηκε
532 3026 643 3087 τοῖς
672 3025 957 3095 σταθμοῖς.
995 3026 1309 3093 Πυοομένου
1339 3024 1394 3078 δὲ
1419 3025 1515 3078 τοῦ
1549 3023 1858 3096 χιλιάρχου,
1897 3022 1951 3076 τί

2050 2035 2230 2084 castra
2263 2026 2456 2081 duxit:
2490 2041 2666 2097 eaque
2684 2025 2881 2081 deinde
2900 2067 2915 2092 ,
2944 2026 3133 2081 relicta
3157 2028 3297 2083 urbe
3316 2067 3331 2092 ,
3356 2028 3423 2084 ad
3452 2028 3629 2084 stadia

2050 2133 2116 2173 ιι
2135 2119 2428 2189 promovit.
2456 2115 2593 2173 Cum
2625 2117 2864 2187 primum
2896 2115 3206 2185 diluxisset,
3238 2115 3396 2175 adest
3419 2118 3627 2178 Camil-

2049 2208 2170 2274 lus,
2211 2209 2489 2265 Romanos
2520 2208 2632 2280 jam
2680 2206 2916 2263 ﬁdentes
2959 2207 3224 2264 adducit:
3263 2217 3321 2265 et
3374 2209 3632 2268 Barbari:

2050 2313 2175 2353 cum
2227 2297 2397 2353 multa
2442 2298 2590 2353 caade
2637 2297 2975 2368 proﬂigatis,
3029 2306 3210 2353 castra
3236 2308 3486 2370 occupat.
3539 2300 3632 2357 Sic

2049 2386 2222 2441 Roma
2253 2396 2412 2457 capia
2451 2386 2820 2451 mirabiliter,
2853 2395 2911 2442 et
2937 2387 3149 2458 maiore
3179 2387 3449 2444 miraculo
3491 2388 3634 2445 libe-

2051 2485 2200 2542 rata,
2230 2475 2494 2533 Camillus
2537 2476 2922 2547 triumphavit.
2956 2476 3064 2532 Sed
3098 2478 3402 2533 multitudo
3433 2479 3631 2535 urbem

2051 2569 2270 2639 penitus
2300 2584 2549 2625 eversam
2572 2571 2881 2625 instaurare
2906 2569 3086 2624 noluit
3106 2608 3121 2635 ,
3156 2570 3228 2626 ob
3261 2570 3504 2642 inopiam
3539 2586 3637 2643 ρει

2051 2662 2250 2727 ευηίιε,
2277 2671 2334 2718 et
2363 2677 2658 2731 corporum
2694 2663 3152 2719 imbecillitatem.
3183 2664 3263 2718 Ac
3295 2678 3489 2733 parum
3533 2664 3634 2721 ab-

2050 2749 2156 2805 fuit
2185 2750 2318 2820 quin
2361 2766 2426 2806 ea
2451 2750 2802 2807 desereretur
2830 2767 2844 2805 :
2877 2765 2943 2807 ac
2965 2766 3148 2822 neque
3192 2751 3432 2817 senatui,
3454 2766 3634 2823 neque

2054 2843 2178 2897 aliis
2221 2842 2666 2913 magistratibus,
2702 2843 2771 2898 ab
2810 2841 3133 2899 deserendae
3164 2843 3321 2899 urbis
3352 2843 3587 2899 consilio
3614 2883 3632 2911 ,

2053 2934 2338 3006 proﬂigato
2377 2934 2558 3001 hoste,
2594 2934 2989 2991 revocantibus
3013 2934 3294 3004 paruisset
3317 2934 3496 3006 plebs,
3523 2933 3632 2990 nisi

2054 3042 2181 3081 cum
2214 3027 2270 3081 in
2297 3026 2416 3082 foro
2453 3040 2517 3081 ea
2557 3010 2622 3081 de
2671 3041 2732 3082 re
2760 3041 2954 3082 omnes
2995 3025 3403 3092 deliberarent,
3438 3033 3634 3081 centu-

369 3115 430 3167 τὸ
460 3115 780 3187 γινόμενονς
819 3117 880 3171 Τί
905 3116 1082 3182 ἄλλο,
1113 3112 1292 3182 εἶπεν,
1326 3116 1365 3186 ἣ
1397 3115 1520 3182 τοῖς
1540 3116 1947 3185 νενικημένοις

2055 3117 2141 3171 rio
2171 3117 2394 3187 quidam
2424 3131 2489 3173 ex
2535 3115 2795 3187 praesidio
2842 3100 3131 3173 revertens
3157 3154 3173 3181 ,
3207 3114 3338 3170 dum
3367 3114 3511 3170 forte
3540 3129 3637 3186 ag-

371 3203 560 3274 ὀδύνη
578 3221 599 3271 ;
641 3204 730 3260 Ἐν
762 3207 974 3271 τούτοις
1025 3210 1053 3261 6
1084 3207 1365 3278 Κάμιλλος
1392 3206 1543 3277 ἄγων
1574 3206 1668 3260 τὸν
1700 3207 1947 3277 στρατὸν,

2056 3208 2205 3264 mine
2252 3207 2433 3263 forum
2476 3208 2779 3276 transiret,
2830 3208 2886 3263 in
2923 3207 3171 3278 fcomitio
3226 3207 3631 3264 exclamasset:

371 3296 492 3356 ταῖς
527 3295 726 3360 πύλαις
757 3296 1029 3369 ἐπέστησε
1059 3298 1158 3369 τῆς
1211 3297 1441 3361 πόλεως·
1508 3298 1605 3350 καὶ
1655 3297 1845 3369 μαθὼν
1885 3297 1947 3351 τὰ

2056 3298 2160 3355 Hic
2186 3308 2347 3366 state,
2378 3303 2461 3356 hic
2493 3301 2632 3356 vobis
2662 3299 2986 3355 manendum
3018 3309 3118 3354 est.
3162 3298 3241 3355 Ea
3271 3297 3422 3355 enim
3462 3296 3637 3355 verba

375 3385 667 3454 γινόμενα,
702 3387 843 3457 πρὸς
897 3390 1027 3452 τοὺς
1061 3388 1371 3460 Ῥωμαίους
1405 3389 1764 3459 ἐπειγόμενος
1823 3391 1947 3443 ἐπο-

2054 3390 2331 3447 divinitus
2372 3392 2588 3462 prolata
2611 3390 2912 3457 arbitrati,
2939 3389 3299 3461 migrationis
3342 3388 3633 3444 consilium

375 3475 589 3543 ρεύετο.
629 3478 739 3531 Καὶ
771 3478 961 3546 ἐλθὼν,
990 3480 1051 3532 τὸ
1079 3479 1178 3550 μὲν
1207 3480 1433 3550 χρυσίον
1500 3480 1641 3550 ἀρας
1702 3479 1813 3534 ἀπὸ
1859 3480 1947 3535 τοῦ

2054 3482 2417 3553 abjecerunt:
2455 3490 2512 3538 et
2553 3481 2627 3536 ad
2656 3481 2842 3536 Romae
2875 3479 3336 3535 instaurationem
3373 3477 3637 3533 alacriter

383 3565 578 3634 ζυγοῦ,
608 3573 727 3634 τοῖς
777 3570 1084 3640 ὑπηρέταις
1138 3569 1332 3635 ἔδωκε,
1368 3571 1460 3624 τὸν
1519 3569 1686 3639 ζυγὸν
1734 3572 1831 3626 καὶ
1890 3571 1947 3625 τό

2055 3572 2329 3638 conversi,
2380 3585 2497 3627 tum
2542 3572 2771 3639 muenia,
2812 3581 2927 3627 tum
2978 3571 3224 3642 privatas
3269 3568 3416 3626 aedes
3450 3583 3638 3623 annuo

376 3657 599 3728 σταθμά
621 3665 750 3725 τοῦς
790 3663 1032 3725 Κελτοὺς
1057 3660 1329 3726 λαϐόντας
1358 3663 1670 3732 ἀποχωρεῖν
1732 3662 1947 3715 ἐκέλευ-

2058 3664 2238 3734 spatio
2271 3664 2606 3720 refecerunt.

370 3767 484 3817 σεν,
511 3750 684 3806 είπὼν
710 3753 786 3816 ὡς
815 3753 1047 3822 Σιδήρφ
1104 3752 1355 3822 πάτριόν
1424 3752 1555 3806 ἐστὶ
1615 3752 1947 3821 Ῥωμαίοις,
1985 3753 2085 3807 καὶ
2153 3756 2225 3809 οὐ
2256 3755 2491 3825 χρυσῷ,
2531 3755 2647 3822 τὴν
2680 3754 2935 3824 πατρίδα
2955 3752 3183 3814 σώζειν.
3213 3751 3320 3806 Τοῦ
3347 3751 3405 3806 δὲ
3466 3750 3636 3821 Βρένο

368 3860 462 3896 νου
489 3838 798 3900 ἀδικεῖσθαὶ
826 3847 1155 3916 φάσκοντος,
1181 3844 1454 3917 λυομένης
1480 3846 1579 3915 τῆς
1621 3844 1940 3916 ὁμολογίας,
1991 3848 2247 3901 ἀντεῖπεν
2307 3849 2336 3900 6
2396 3846 2696 3913 Κάμιλλος,
2750 3846 2826 3917 μὴ
2857 3847 3052 3917 κυρίας
3097 3841 3238 3898 εἶναι
3285 3843 3382 3907 τὰς
3437 3843 3636 3915 συνθιγ

372 3952 476 4000 κας
505 3937 674 3992 αὑτοῦ
709 3939 787 4010 μὴ
828 3940 1278 4012 συμπράξαντος,
1307 3942 1411 4013 ήδη
1454 3941 1783 4013 δικτάτορος
1837 3943 2144 4014 ᾑρημένου.
2209 3943 2516 4014 Ταραχοεὶς
2542 3938 2628 3996 οῦκ
2705 3943 2735 3994 6
2798 3941 3031 4012 Βρέννος
3086 3940 3251 4010 μέχρι
3310 3936 3637 4007 ξιφουλκίας

369 4034 669 4105 προῆλθεν,
699 4036 850 4107 ὅμως
878 4036 934 4091 δὲ
956 4038 1035 4101 είς
1057 4037 1119 4091 τὸ
1148 4037 1513 4110 στρατόπεδον
1533 4038 1822 4110 προήγαγε
1841 4042 1967 4103 τοὺς
2008 4039 2270 4101 Κελτούς·
2341 4035 2441 4091 εἶτ’
2507 4035 2749 4091 ἐκλιπὼν
2774 4035 2874 4106 τὴν
2912 4034 3090 4102 πόλιν,
3119 4034 3215 4090 καί⁵
3244 4032 3492 4095 σταδίους
3513 4030 3638 4102 ἐξή-

368 4145 538 4185 κοντα
557 4130 858 4199 προελθὼν,
894 4132 1413 4203 ἐστρατοπέδευσεν
1447 4132 1600 4203 ’Ἅμα
1642 4132 1688 4186 δ’
1735 4132 1924 4205 ἡμέρᾳ
1970 4135 2149 4205 παρῆν
2234 4135 2263 4187 6
2333 4132 2615 4204 Κάμιλλος
2661 4131 2748 4185 ἐπ’
2817 4131 3023 4197 αὐτὸν,
3059 4128 3472 4200 τεθαρρηκότας
3518 4126 3624 4197 ἤδη

368 4219 715 4292 ἐπαγόμενος
781 4222 908 4286 τοὺς
975 4221 1307 4292 Ῥωμαίους,
1361 4222 1456 4276 καὶ
1498 4223 1767 4294 τρέπεται
1818 4225 1944 4287 τοὺς
2018 4223 2341 4295 Βαρὸάρους
2413 4222 2561 4295 φόνῳ
2618 4222 2821 4293 πολλῷ,
2891 4224 2990 4276 καὶ
3038 4221 3312 4291 λαμϐάνει
3362 4218 3516 4288 σφῶν
3575 4219 3639 4271 τὸ

370 4317 761 4388 στρατόπεδον.
796 4315 984 4381 Οὕτως
1012 4318 1045 4387 ἡ
1098 4316 1286 4388 Ῥώμη
1326 4316 1657 4389 παραλόγως
1680 4317 1820 4390 ἥλω,
1847 4320 1945 4373 καὶ
1983 4318 2166 4388 ἐσώθη
2232 4317 2693 4391 παραλογώτερον
2716 4333 2729 4346 ·
2792 4318 2820 4370 6
2846 4316 2904 4369 δὲ
2936 4314 3214 4384 Κάμιλλος
3238 4311 3633 4384 ἐθριάμϐευσε.

369 4411 484 4481 Τῆς
504 4410 599 4466 οῦν
622 4410 833 4473 πόλεως
864 4407 1281 4481 διεφθαρμένης
1299 4408 1641 4473 παντάπασι,
1696 4410 1756 4462 τὸ
1810 4407 2015 4479 πλῆθος
2068 4409 2445 4481 ἀνοικοδομεῖν
2500 4409 2670 4480 αὐτὴν
2696 4409 2797 4463 οὐκ
2852 4405 3287 4478 ὴὸούλετο,οῦτε
3333 4409 3611 4478 χρήμασιν
3712 4440 3715 4443 ν

367 4502 495 4557 οὔτε
523 4501 773 4573 σώμασιν
814 4500 1144 4574 ἐρρωμένοι,
1201 4501 1297 4554 καὶ
1361 4500 1563 4572 μικροῦ
1605 4499 1857 4566 ἐξέλιπον
1921 4500 1988 4554 ἂν
2027 4492 2224 4570 αύτήν.
2264 4502 2399 4557 Οὐδὲ
2431 4501 2542 4574 γὰρ
2570 4501 2852 4555 ἐπείθοντο
2874 4498 2999 4555 οὕτε
3019 4502 3131 4565 τοῖς
3166 4501 3224 4553 ἐν
3281 4498 3448 4566 τέλει,
3509 4496 3638 4556 οὔτι

367 4602 438 4670 τῇ
474 4597 763 4669 γερουσίᾳ,
794 4593 1181 4667 παρακαλοῦσι
1221 4593 1318 4648 καὶ
1367 4593 1804 4663 συμϐουλεύουσι
1867 4593 1945 4664 μὴ
1992 4593 2244 4648 ἐκλιπεῖν
2308 4595 2368 4648 τὸ
2423 4596 2580 4661 ἄστυ,
2611 4594 2725 4647 δέκ
2748 4592 2859 4647 τῶν
2886 4591 3163 4663 πολεμίων
3204 4590 3306 4664 ήδη
3336 4592 3632 4653 ἐσέσωστο,

370 4694 420 4745 εί
451 4691 532 4762 μὴ
564 4691 623 4742 ἐν
674 4692 742 4761 τῇ
797 4689 977 4761 ἀγορᾷ
1022 4687 1245 4743 πάντων
1305 4688 1441 4758 περὶ
1483 4685 1677 4739 τούτου
1760 4684 2192 4755 βουλευομένων,
2248 4687 2646 4758 ἑκατόνταρχος
2704 4682 2953 4756 φρουράν
3002 4683 3157 4753 ἄγων
3191 4681 3337 4750 τινὰ,
3388 4681 3485 4736 καὶ
3504 4687 3638 4754 παρ’

370 4786 544 4856 αὐτὴν
569 4783 673 4853 τὴν
712 4780 1013 4850 ἐκκλησίαν
1046 4778 1199 4833 διιὼν
1245 4776 1506 4849 τυχαίως,
1550 4775 1848 4831 Ἐνταῦθα
1897 4776 2106 4847 στῆτε,
2149 4778 2286 4850 πρὸς
2311 4780 2437 4842 τοὺς
2463 4778 2614 4850 αύτῷ
2651 4777 2953 4848 ἑπομένους
2977 4776 3224 4846 ἐϐόησενο
3245 4774 3505 4832 ἐνταῦθα
3525 4775 3639 4846 γὰρ

369 4878 466 4931 δεῖ
494 4874 652 4947 ὑμᾶς
674 4872 897 4943 μεῖναι.
927 4871 1061 4942 Θείᾳ
1081 4870 1189 4941 γὰρ
1220 4870 1451 4942 προνοίᾳ
1482 4867 1746 4939 ἐνόμισαν
1787 4866 1942 4921 ταῦτ’
1983 4868 2260 4940 εἰρῆσθαι,
2321 4871 2417 4923 καὶ
2445 4869 2541 4922 τοῦ
2624 4868 3063 4940 μεταναστεῦσαι
3098 4867 3425 4938 ἀπέσχοντο.
3490 4866 3639 4937 Πρὸς

368 4976 428 5028 δὲ
480 4974 570 5028 τὸν
618 4968 1020 5040 ἀνακαινισμδν
1069 4967 1171 5037 τῆς
1240 4964 1460 5039 Ῥώμης
1512 4964 1612 5018 σὺν
1660 4963 1951 5036 προθυμίᾳ
1990 4965 2316 5037 ἐτράποντο,
2345 4965 2531 5020 καὶτὰ
2554 4982 2614 5019 τε
2648 4966 2807 5038 τείχη
2833 4968 2929 5019 καὶ
2957 4965 3056 5028 τὰς
3121 4960 3400 5025 ἰδιωτικὰς
3458 4959 3639 5024 οίκίας

372 5070 524 5133 ἐντὸς
558 5064 811 5122 ἐνιαυτοῦ
845 5062 1220 5120 ἀνεκαίνισαν.

441 5177 568 5234 ΚΔ’.
599 5177 766 5233 Οῦπω
788 5177 844 5231 δὲ
871 5177 971 5246 τῆς
1000 5174 1131 5246 περὶ
1152 5171 1325 5227 ταῦτα
1356 5170 1644 5225 παυθεῖσιν
1666 5170 1947 5240 ἀσχολίας,

2125 5168 2317 5226 XXIV.
2352 5168 2556 5225 Verum
2613 5179 2676 5219 ea
2709 5162 3075 5234 occupatione
3117 5160 3364 5217 nondum
3423 5158 3626 5216 defun-

374 5269 604 5339 πόλεμοι
632 5266 979 5338 προσέπεσον
1008 5264 1290 5335 διαφόρων
1341 5261 1539 5324 ἐθνῶν,
1595 5260 1845 5315 Δίκουῶν
1869 5278 1951 5327 τε,

371 5361 468 5415 καὶ
497 5358 880 5424 Οὐολούσκων,
914 5359 1010 5412 καὶ
1034 5353 1584 5428 Λατίνων.Τυρρηνοὶ
1611 5353 1669 5408 δέ
1698 5352 1955 5424 Σούτριον

373 5453 750 5524 ἐπολιόρκουν,
784 5448 1104 5520 συμμαχίδα
1140 5445 1434 5516 Ῥωμαίων
1480 5445 1658 5498 πόλιν.
1698 5444 1948 5498 Ἀποδεί-

2056 5273 2198 5324 ctos,
2235 5260 2379 5315 bella
2410 5259 2691 5314 variarum
2747 5256 2992 5326 gentium
3042 5252 3398 5317 infestarunt,
3428 5249 3638 5322 Equo.

2054 5367 2198 5416 rum,
2230 5349 2552 5407 Volscorum
2589 5357 2644 5401 et
2682 5346 3026 5401 Latinorum.
3053 5343 3326 5414 Tyrrheni
3357 5341 3630 5406 Sutrium.

2052 5445 2256 5499 sociam
2305 5441 2490 5512 populi
2539 5439 2771 5496 Romani
2827 5437 3042 5501 urbem,
3073 5433 3636 5505 obsederuntlgitnr

374 5560 572 5597 κνυται
616 5541 712 5596 οῦν
762 5540 824 5593 τὸ
868 5539 1058 5610 τρίτον
1114 5538 1390 5608 δικτάτωρ
1420 5538 1449 5589 6
1512 5534 1817 5605 Κάμιλλος,
1855 5535 1947 5589 καὶ

2051 5533 2317 5591 Camillus
2349 5532 2577 5587 tertium
2600 5530 2838 5584 dictator
2868 5528 3071 5592 dictus,
3125 5526 3345 5582 caeteris
3368 5525 3632 5601 proﬂiga-

373 5633 719 5708 στρατεύσας
750 5632 838 5686 ἐπ’
868 5633 1089 5697 αὐτοὺς,
1151 5628 1612 5699 κατετροπώσατο
1665 5628 1791 5690 τοὺς
1839 5628 1951 5680 λοι-

373 5729 535 5790 ποὺς,
569 5726 662 5780 ἐπὶ
694 5723 831 5779 δὲτὸ
862 5721 1119 5792 Σούτριον
1156 5716 1260 5791 ἦγε
1298 5720 1398 5791 τὴν
1450 5717 1772 5790 στρατειάν.
1804 5717 1942 5771 Οίδέ

376 5817 660 5889 Σουτρινοὶ
697 5814 914 5885 (ἔτυχον
942 5811 1053 5883 γάρ
1080 5810 1181 5881 τὴν
1207 5812 1364 5865 πόλιν
1382 5812 1497 5873 τοῖς
1525 5808 1809 5878 πολεμίοις
1841 5810 1937 5862 ἐκ-

654 5909 923 5967 ΡΑτιιοι..
954 5903 1071 5966 Gs.
1116 5902 1460 5967 CXXXIV.

2055 5625 2165 5688 tis,
2217 5621 2523 5679 exercitum
2558 5630 2750 5675 contra
2803 5617 3052 5673 Sutrium
3102 5615 3282 5671 duxit.
3332 5616 3632 5675 Enimvero

2057 5714 2325 5777 Sntriani,
2358 5712 2544 5767 dedita
2590 5709 2846 5764 hostibus
2902 5708 3061 5773 urbe,
3112 5721 3237 5763 cum
3266 5708 3536 5765 uxoribus
3572 5716 3633 5766 et

2052 5804 2245 5862 liberis
2276 5802 2510 5860 Camillo
2547 5801 2604 5857 in
2651 5800 2851 5857 itinere
2895 5798 3113 5855 obviam
3144 5796 3276 5852 facti
3317 5809 3467 5858 sunt.
3493 5799 3630 5871 Qui.

3236 5888 3317 5952 20
