4060 6428
365 368 470 430 (λιῡ
1677 364 1939 425 JOANNI

2044 364 2356 425 ZONAR/E
3509 368 3629 438 .620

363 486 468 538 bus
516 481 670 547 visis,
709 480 1012 547 Camillus,
1076 496 1379 549 eorumque
1423 478 1646 533 casibus
1690 477 1939 546 cognitis,

2051 474 2375 538 δεδωκότες,
2413 478 2507 530 καὶ
2544 476 2754 549 ταύτης
2798 477 3292 550 ἀποχωρήσαντες)
3338 478 3462 532 καθ’
3512 480 3633 532 ὁδὸν

362 576 573 640 statim,
609 583 670 630 ut
713 582 853 636 erat,
893 573 1143 627 Sutrium
1196 579 1460 641 properat
1490 587 1504 623 :
1536 585 1600 623 ac
1635 568 1821 623 subito
1852 583 1946 637 ag-

360 681 605 734 gressus,
639 665 834 719 urbem
884 664 1032 718 nulla
1086 663 1353 716 munitam
1399 660 1675 722 custodia,
1731 658 1949 713 civibus

375 760 712 812 incolumem
739 754 937 811 eodem
998 753 1087 808 die
1141 752 1408 807 restituit.
1446 751 1545 807 llis
1579 750 1748 804 rebus
1778 750 1948 818 gestis

364 844 771 915 triumphavit,
824 857 1078 912 magnam
1141 842 1375 911 gloriam
1428 839 1683 909 adeptus.
1727 836 1947 891 Marcus

362 957 495 995 vero
526 938 780 1001 Manlius,
814 936 911 1006 qui
947 934 1160 1005 primus
1181 933 1370 989 Gallos
1394 931 1667 1002 Capitolio
1707 929 1946 1000 depulit,

363 1036 510 1090 unde
545 1029 841 1103 Capitolini
901 1042 1102 1082 nomen
1136 1034 1222 1081 est
1266 1024 1522 1094 adeptus,
1570 1039 1685 1094 pra:
1732 1022 1948 1077 caeteris

364 1126 596 1182 Camillo
634 1122 927 1186 invidens,
983 1134 1215 1190 regnum
1267 1117 1589 1173 all'ectavit:
1640 1131 1819 1186 eaque
1875 1117 1945 1171 de

366 1233 531 1275 causa
566 1216 727 1286 plebe
757 1213 864 1268 sibi
899 1210 1184 1280 obsequiis
1216 1210 1491 1273 devincta,
1526 1209 1583 1263 in
1620 1209 1780 1279 cujus
1818 1224 1945 1279 gra-

365 1312 497 1365 tiam
552 1306 691 1362 nihil
726 1320 837 1359 non
868 1301 1129 1367 faciebat,
1192 1317 1224 1355 a
1270 1300 1512 1357 factione
1544 1315 1645 1356 sua
1676 1298 1746 1354 ad
1778 1299 1939 1370 Capi-

363 1402 555 1457 tolium
587 1395 971 1463 occupandum
1031 1392 1214 1447 dictus
1275 1400 1381 1447 est.
1445 1392 1628 1459 Quare
1679 1390 1949 1447 Camillus

359 1498 617 1560 quartum
676 1485 918 1540 dictator
984 1490 1069 1536 est
1121 1480 1328 1534 dictus.
1389 1479 1595 1535 Senatu
1651 1489 1837 1534 autem
1893 1486 1950 1533 ct

358 1576 774 1649 magistratibus
820 1571 1040 1628 caeteris
1105 1569 1405 1624 admodum
1464 1569 1861 1631 consternatis,
1893 1575 1950 1621 et

357 1672 490 1743 quid
548 1666 822 1738 agendum
852 1663 1020 1736 359
1080 1672 1228 1717 esset
1287 1660 1699 1725 dubitantibus,
1752 1672 1949 1715 servus

356 1762 578 1834 quidam
634 1758 953 1831 promisit,
1021 1770 1080 1811 se
1154 1753 1528 1825 Capitolinum
1600 1752 1681 1808 eis
1756 1751 1949 1805 viven-

2052 565 2134 619 ἔτι
2190 568 2307 621 ὄντι
2351 567 2429 637 τῷ
2488 569 2754 642 Καμίλλῳ
2782 571 2922 641 μετά
2962 570 3241 640 γυναικῶν
3287 573 3383 625 καὶ
3424 571 3635 625 τέκνων

2051 658 2331 730 ὑπήντων.
2369 659 2477 724 Οὓς
2505 659 2633 714 ίδὼν
2674 663 2702 715 ὁ
2735 662 3035 733 Κάμιλλος,
3087 663 3182 717 καὶ
3226 662 3298 716 τὰ
3359 663 3637 733 συμϐεϐη-

2049 750 2187 803 κότα
2218 750 2549 821 πυθόμενος,
2607 752 2810 806 αὐτίκα
2845 753 2980 825 πρὸς
3006 755 3068 808 τὸ
3108 754 3387 825 Σούτριον,
3442 752 3520 817 ῶς
3555 751 3635 807 εἶ-

2048 857 2165 911 χεν,
2210 842 2497 911 ἠπείγετο,
2524 846 2618 896 καὶ
2650 845 3083 915 ἀπροσδοκήτως
3106 844 3258 915 αύτῷ
3280 845 3629 918 προσϐαλὼν,

2048 929 2361 1000 ἀφύλακτόν
2385 949 2444 985 τε
2476 931 2676 1002 εὑρὼν,
2713 932 2925 997 ἀπαθὲς
2959 932 3148 987 κακῶν
3180 932 3495 1004 αὐθημερὸν
3517 936 3632 996 τοῖς

2051 1023 2303 1089 πολίταις
2344 1024 2481 1078 αὐτὸ
2539 1024 2871 1080 ἀνεσώσατο.
2945 1024 3375 1096 Ἐοριάμῦευσεν
3404 1024 3499 1078 οὖν
3538 1027 3632 1079 ἐπὶ

2049 1115 2286 1179 τούτοις,
2338 1116 2489 1185 ἄγων
2545 1116 2614 1171 τά
2652 1117 2928 1182 ἐπινίκια,
2983 1118 3079 1170 καὶ
3134 1117 3229 1170 ἐπὶ
3274 1117 3418 1187 μέγα
3469 1116 3631 1188 δόξης

2049 1207 2237 1278 ᾔρετο.
2266 1208 2498 1277 Μάρκος
2528 1207 2585 1262 δὲ
2611 1211 2640 1262 ὁ
2666 1208 2908 1274 Μάλλιος
2935 1209 3152 1282 πρῶτος
3198 1209 3328 1273 τοὺς
3384 1210 3630 1271 Κελτοὺς

2048 1301 2127 1371 τῷ
2163 1299 2502 1372 Καπιτωλίῳ
2532 1300 2950 1369 προσῦαλόντας
2982 1303 3049 1355 ἐκ
3076 1301 3176 1371 τῆς
3198 1301 3377 1371 ἄκρας
3405 1299 3629 1371 ὠσάμε-

2048 1409 2157 1456 νος,
2196 1392 2321 1445 ὅθεν
2353 1393 2449 1447 καὶ
2472 1394 2859 1458 Καπιτωλῖνος
2883 1393 3352 1466 προσωνομάσθη,
3415 1393 3623 1462 φθονῶν

2047 1484 2127 1554 τῷ
2158 1484 2429 1555 Καμίλλῳ
2465 1485 2668 1556 μᾶλλον
2700 1485 2810 1540 τῶν
2840 1486 3038 1552 ἄλλων,
3061 1486 3340 1558 τυραννίδι
3373 1485 3621 1542 ἐπέθετο.

2047 1577 2160 1631 Καὶ
2185 1577 2275 1631 διὰ
2305 1578 2465 1632 τοῦτο
2497 1578 2764 1650 ᾠκειοῦτο
2782 1579 2872 1633 τὸν
2904 1579 3098 1650 ὅμιλον
3131 1579 3510 1650 δημαγωγῶν,
3533 1582 3626 1631 καὶ

2049 1670 2228 1723 πάντα
2278 1670 2536 1741 πράττων
2578 1675 2658 1737 είς
2693 1673 2995 1743 θεραπείαν
3058 1669 3251 1726 αὑτοῦ.
3302 1671 3627 1743 Παραλαεὸν

2048 1758 2142 1816 οὖν
2176 1762 2339 1816 αὐτὸν
2362 1763 2423 1817 τὸ
2445 1764 2650 1833 πλῆθος
2683 1766 2965 1836 ἀνήγαγεν
3007 1770 3089 1831 είς
3133 1766 3196 1820 τδ
3247 1766 3623 1829 Καπιτώλιον,

358 1867 465 1909 tem
499 1852 853 1907 traditurum.
891 1845 1260 1917 Acceptisque
1294 1843 1544 1910 armatis,
1570 1853 1627 1899 et
1676 1842 1817 1897 clam
1848 1855 1939 1911 per

2052 1854 2147 1907 καὶ
2169 1855 2441 1925 κατέσχον
2465 1856 2620 1911 αύτὸ.
2665 1858 2756 1910 Διὸ
2799 1859 2893 1911 καὶ
2933 1859 3208 1930 δικτάτωρ
3254 1858 3317 1913 τὸ
3363 1859 3625 1930 τέταρτον

358 1942 591 1999 insidias
625 1938 729 1995 sub
756 1935 1032 2007 Capitolio
1061 1934 1380 1999 collocatis,
1415 1932 1711 2002 transfugae
1755 1931 1941 2000 specie

360 2053 420 2091 se
448 2035 517 2089 ad
574 2033 730 2088 illum
781 2028 997 2086 confert
1032 2045 1046 2082 :
1099 2027 1329 2098 ejusque
1363 2026 1509 2080 facto
1539 2023 1873 2090 collaudato,
1910 2038 1942 2079 a

356 2126 643 2182 conservis
670 2123 788 2179 suis
828 2120 1031 2176 auxilia
1054 2119 1370 2190 pollicetur.
1403 2116 1535 2185 Quae
1560 2132 1686 2172 cum
1711 2116 1938 2184 diceret,

357 2220 541 2274 virum
573 2214 741 2287 paulo
781 2212 1002 2283 longius
1037 2224 1069 2265 a
1106 2208 1623 2276 circumstantibus,
1664 2216 1725 2262 ut
1750 2205 1941 2262 arcani

358 2304 570 2376 aliquid
596 2303 872 2364 dict-aras,
899 2299 955 2353 in
988 2312 1117 2353 eum
1147 2294 1405 2366 Capitolii
1430 2294 1634 2362 locum,
1658 2308 1769 2366 quo
1804 2293 1941 2350 insi~

360 2397 467 2453 diae
512 2393 792 2451 collocatae
831 2396 1014 2455 erant,
1061 2385 1416 2457 perductum,
1472 2384 1802 2455 praecipitat.
1861 2382 1942 2437 Ita

361 2496 559 2558 captus
588 2485 643 2539 in
677 2479 997 2554 prauorium
1036 2475 1376 2534 abducitur:
1415 2476 1510 2531 ubi
1538 2489 1664 2531 cum
1700 2489 1790 2530 res
1813 2488 1941 2530 suas

358 2587 541 2651 gestas
577 2577 1063 2633 commemoraret,
1117 2579 1176 2624 et
1235 2566 1510 2638 Capitolio
1553 2564 1838 2635 iudicibus
1874 2580 1941 2620 ac

354 2664 741 2728 circumstanti
770 2676 990 2718 coronas
1027 2660 1119 2730 (ex
1165 2673 1234 2714 eo
1268 2659 1418 2713 enim
1455 2658 1581 2713 loco
1627 2656 1806 2711 videri
1842 2669 1942 2725 po-

360 2766 520 2832 terat)
550 2767 796 2821 ostenso,
835 2766 897 2809 ut
933 2761 991 2810 et
1022 2765 1230 2818 arcem,
1264 2759 1320 2805 et
1351 2764 1449 2805 eos
1480 2749 1574 2820 qui
1617 2748 1749 2803 illuc
1800 2763 1940 2802 con—

359 2857 634 2927 fugerant,
671 2854 1075 2911 conservasset,
1131 2845 1182 2899 in
1233 2842 1554 2898 memoriam
1609 2849 1936 2896 revocaret:

352 2948 592 3019 judices,
623 2939 983 2997 miseratione
1028 2935 1279 3001 adducti,
1324 2949 1453 2989 eum
1489 2946 1672 3003 neque
1716 2932 1942 2985 absolu-

360 3053 496 3100 tum,
550 3047 729 3103 neque
775 3030 1096 3084 damnatum
1146 3024 1505 3095 ampliarunt.
1539 3022 1621 3077 Eo
1672 3020 1940 3077 Camillus

358 3121 838 3197 cognito,judices
863 3121 923 3175 in
951 3118 1122 3173 alium
1155 3117 1338 3172 locum
1363 3115 1631 3183 traduxit,
1666 3115 1814 3181 unde
1835 3112 1937 3170 Ca-

2044 1942 2219 2015 ᾑρέθη
2246 1947 2274 2000 δ
2305 1946 2608 2018 Κάμιλλος.
2637 1949 2761 2003 Τῶν
2800 1949 2858 2003 δὲ
2881 1950 2981 2019 τῆς
3009 1949 3310 2022 γερουσίας
3361 1950 3456 2004 καὶ
3513 1951 3625 2003 τῶν

2042 2036 2101 2089 ἐν
2121 2036 2266 2091 τέλει
2286 2040 2344 2101 ἐς
2373 2039 2521 2108 μέγα
2544 2039 2663 2105 δέος
2694 2041 3171 2109 ἐμπεπτωκότων,
3209 2041 3303 2095 καὶ
3355 2039 3627 2111 ἀπορούν-

2045 2144 2156 2181 των
2177 2127 2230 2180 τί
2260 2127 2326 2182 ἂν
2364 2129 2661 2200 πράξαιεν,
2696 2130 2887 2197 δοῦλός
2919 2148 3005 2197 τις
3030 2133 3222 2197 αὐτοῖς
3279 2131 3621 2205 προσελθὼν,

2042 2213 2222 2279 ζῶντα
2248 2215 2341 2269 τὸν
2368 2217 2746 2273 Καπιτωλῖνον
2772 2218 2928 2290 σφίσι
2952 2219 3307 2291 παραδώσειν
3324 2221 3622 2292 ὑπέσχετο.

2047 2306 2248 2362 Λαϐὼν
2272 2306 2367 2361 οὖν
2396 2308 2644 2376 ὁπλίτας,
2673 2310 2772 2364 καὶ
2799 2311 2975 2379 τάξας
3003 2312 3205 2375 αὐτοὺς
3238 2312 3461 2384 ἀφανῶς
3514 2316 3625 2366 ἐνε-

2040 2397 2254 2468 δρεύειν
2278 2399 2384 2452 ὑπὸ
2421 2399 2482 2453 τδ
2510 2401 2881 2470 Καπιτώλιον,
2904 2402 2982 2467 ὡς
3006 2403 3307 2473 αὐτόμολος
3332 2403 3411 2473 τῷ
3440 2406 3625 2459 Καπι-

2041 2489 2252 2561 τωλίνῳ
2277 2494 2754 2564 προσκεχωρήκει,
2794 2493 3076 2567 ἐπῄνειτε
3125 2495 3290 2549 αὑτὸν
3343 2495 3447 2566 τῆς
3499 2497 3622 2549 ἐπι-

2041 2583 2367 2652 χειρήσεως,
2404 2584 2504 2639 καὶ
2529 2583 2788 2655 βοήθειαν
2818 2586 2974 2659 παρὰ
2996 2586 3108 2640 τῶν
3135 2585 3448 2659 ὁμοδούλων
3469 2586 3622 2657 αύτῷ

2044 2674 2441 2741 ἐπηγγέλλετο.
2475 2675 2589 2728 Καὶ
2612 2675 2790 2731 ταῦτά
2818 2678 2869 2731 οἱ
2911 2677 3321 2750 διαλεγόμενος,
3358 2679 3619 2750 ἀπήγαγε

2042 2763 2135 2817 τὸν
2166 2765 2341 2834 ἀνδρα
2368 2767 2559 2839 πόρῤω
2588 2768 2698 2822 τῶν
2719 2770 3184 2842 περιεστηκότων,
3210 2771 3287 2835 ὡς
3310 2772 3373 2844 δή
3414 2789 3468 2825 τι
3506 2789 3621 2825 κοι-

2042 2855 2436 2926 νολογούμενος
2467 2857 2616 2929 αύτῷ
2651 2859 2949 2927 ίδιαίτατα,
2974 2863 3069 2915 καὶ
3086 2862 3273 2933 ἠρέμα
3298 2865 3619 2917 κατ’ἐκεῖνο

2041 2946 2138 2999 τοῦ
2171 2947 2528 3002 Καπιτωλίου
2557 2950 2812 3021 προσῄει,
2854 2952 2981 3007 καθ’
3015 2952 3045 3006 ὃ
3100 2955 3135 3025 ή
3167 2954 3360 3024 ἐνέδρα
3384 2954 3622 3027 ἐλελόχι-

2045 3054 2164 3099 στο,
2191 3039 2452 3094 κάκεῖθεν
2483 3040 2648 3095 αὐτὸν
2680 3043 2833 3095 κάτω
2859 3043 3145 3113 ἀπώσατο,
3167 3045 3227 3109 il;
3267 3047 3365 3100 καὶ
3391 3045 3620 3118 ληφθεὶς

2042 3131 2452 3203 ἀποκεκὸμιστο
2509 3134 2649 3206 πρὸς
2682 3136 2743 3189 τὸ
2773 3135 3152 3208 δικαστήριον.
3200 3137 3257 3192 Ὁ
3311 3138 3370 3192 δέ
3413 3139 3514 3202 τάς
3558 3155 3620 3190 τε

358 3220 613 3290 pitolium
645 3213 894 3285 conspici
942 3226 1054 3267 non
1094 3218 1332 3281 poterat.
1374 3209 1478 3265 Ubi
1513 3209 1937 3274 condemnatus,

2044 3199 2326 3294 ἀριστείας
2357 3199 2648 3296 κατέλεγε,
2682 3226 2778 3281 καὶ
2809 3227 2870 3281 τὸ
2899 3199 3256 3283 Καπιτώλιον
3285 3231 3400 3293 τοῖς
3451 3199 3512 3282 τέ
3540 3230 3620 3281 δι·

357 3323 406 3370 ‘.|
445 3313 499 3365 in
526 3308 862 3378 Capitolium
891 3302 1218 3376 perductus,
1264 3301 1334 3357 de
1362 3316 1500 3371 rupe
1532 3300 1768 3373 Tarpeia
1796 3317 1938 3371 pra:-

358 3402 643 3471 cipitatur,
698 3396 847 3452 unde
904 3395 1093 3451 Gallos
1138 3394 1258 3463 ipse
1317 3392 1660 3463 proﬂigarat.
1723 3391 1936 3448 Deinde

362 3493 530 3547 multa
556 3490 697 3544 bella
728 3488 927 3559 partim
958 3486 1063 3557 ipsi
1105 3485 1251 3549 urbi,
1287 3485 1486 3556 partim
1514 3483 1777 3556 subjectis
1803 3483 1938 3540 civi-

363 3586 569 3643 tatibus
600 3582 752 3636 illata
774 3621 789 3642 .
826 3579 1059 3634 Romani
1088 3588 1145 3635 et
1181 3593 1283 3649 per
1303 3577 1619 3640 Camillum,
1649 3585 1708 3633 et
1729 3594 1796 3633 eo
1821 3580 1935 3651 jam

359 3676 514 3735 senio
563 3673 772 3737 ell‘wto,
827 3686 928 3743 per
961 3672 1100 3727 alios
1151 3673 1337 3727 omnia
1391 3672 1833 3742 propulsarunt:
1878 3679 1938 3727 et

358 3785 577 3828 summo
607 3770 723 3824 ot’io
753 3766 824 3821 ab
847 3767 1053 3822 exteris
1083 3765 1341 3821 hostibus
1389 3766 1575 3835 potiti,
1610 3765 1758 3821 inter
1811 3780 1935 3821 sese

358 3866 664 3919 certarunt.
692 3857 830 3913 Nam
859 3871 986 3912 cum
1017 3857 1087 3912 Μ.
1116 3856 1322 3912 Fabius
1360 3855 1649 3926 patricius,
1697 3855 1932 3912 duarum

358 3953 599 4007 filiarum
627 3956 806 4021 pater,
845 3960 981 4003 natu
1008 3948 1272 4020 majorem
1312 3946 1528 4002 Licinio
1562 3946 1798 4015 Stoloni,
1833 3947 1937 4004 ho-

357 4044 493 4099 mini
530 4043 693 4112 longe
715 4039 999 4096 inferioris
1030 4039 1397 4105 conditionis,
1424 4039 1703 4111 juniorem
1746 4039 1935 4111 Sulpi-

360 4137 436 4191 tio
473 4132 656 4199 Rufo,
722 4132 808 4186 sui
850 4130 959 4186 loci
1019 4130 1174 4196 viro,
1229 4128 1615 4200 despondisset
1653 4148 1668 4186 :
1708 4131 1934 4187 interim

356 4230 489 4282 dum
523 4223 700 4279 Rufus
729 4232 847 4277 tum
879 4221 1137 4276 tribunus
1179 4221 1237 4276 in
1286 4219 1408 4276 foro
1434 4229 1725 4286 versatur,
1773 4236 1935 4277 soror

359 4334 583 4375 uxorem
610 4320 731 4389 ejus
758 4314 974 4370 invisit.
999 4315 1098 4369 Illo
1133 4323 1471 4377 revertente,
1498 4330 1623 4370 cum
1652 4315 1818 4371 lictor
1838 4330 1933 4370 ve-

358 4413 456 4469 teri
495 4408 733 4481 quadam
773 4406 1180 4462 consuetudine
1211 4405 1359 4461 fores
1395 4407 1664 4476 pulsaret,
1694 4407 1763 4462 ad
1803 4421 1934 4462 eum

357 4503 648 4574 strepitum
680 4500 899 4565 mulier,
945 4500 1092 4555 illius
1130 4499 1210 4553 rei
1242 4499 1488 4555 insolens
1515 4539 1530 4563 ,
1572 4501 1929 4570 expavescit:

270 4589 279 4598 ’
356 4609 531 4664 eaque
557 4593 623 4647 de
651 4604 815 4646 causa
851 4589 965 4644 risu
995 4597 1051 4643 et
1088 4604 1119 4643 a
1148 4603 1338 4644 sorore
1384 4598 1442 4644 et
1476 4604 1506 4643 a
1528 4590 1742 4645 caeteris
1785 4599 1934 4658 orto,

361 4695 419 4740 ut
450 4682 664 4754 plebeia
713 4680 1068 4747 muliercula,
1126 4681 1433 4737 deridetur.
1466 4680 1642 4748 Quam
1693 4683 1787 4739 illa
1816 4699 1933 4739 rem

358 4779 549 4848 iniquo
582 4776 768 4830 animo
794 4773 1001 4841 ferens,
1043 4774 1307 4829 maritum
1341 4774 1411 4830 ad
1437 4775 1710 4846 petendos
1758 4778 1937 4834 bono-

358 4883 448 4924 res
485 4867 675 4923 incitat
703 4884 716 4919 :
744 4866 904 4937 cujus
954 4865 1199 4936 impulsu
1224 4864 1440 4932 Stolon,
1490 4881 1551 4922 re
1582 4882 1709 4922 cum
1739 4868 1805 4923 L.
1831 4867 1935 4924 Se-

358 4959 473 5015 xtio
499 4959 586 5014 sui
621 4956 838 5013 ordinis
892 4955 1117 5011 homine
1153 4957 1560 5013 communicata
1588 4996 1602 5022 ,
1661 4973 1761 5028 per
1824 4960 1935 5013 vim

361 5049 703 5104 tribunatum
754 5054 991 5118 uterque
1035 5046 1442 5116 expetiverunt,
1490 5049 1721 5103 confuso
1752 5050 1937 5119 reipu-

358 5141 515 5195 blicae
537 5139 750 5204 ordine,
785 5148 845 5193 ut
872 5153 973 5208 per
1000 5149 1180 5191 annos
1208 5144 1446 5207 quatuor
1478 5138 1626 5192 nulla
1669 5148 1816 5194 esset
1840 5155 1938 5209 po-

356 5233 467 5302 puli
506 5230 843 5293 obedientia,
895 5228 1255 5299 patriciorum
1297 5229 1538 5284 comitiis
1585 5230 1932 5300 interruptis.

358 5326 639 5393 Auetaque
681 5323 842 5375 turba
893 5321 984 5376 illa
1013 5330 1181 5385 esset,
1213 5321 1320 5376 nisi
1367 5322 1681 5375 nuntiatum
1718 5322 1935 5388 fuisset,

358 5416 545 5471 Gallos
602 5415 786 5470 denuo
846 5414 1077 5469 Romam
1144 5415 1453 5470 invasuros.
1509 5414 1724 5471 Omissa
1769 5416 1936 5486 igitur

358 5507 507 5559 omni
540 5507 685 5559 inter
716 5522 776 5560 se
797 5506 1172 5570 contentione,
1202 5505 1545 5576 Camilloque
1567 5507 1731 5578 360
1756 5507 1935 5577 quin-

360 5605 473 5648 tum
505 5596 774 5650 dictatore
811 5596 995 5660 dicto,
1044 5606 1237 5651 contra
1288 5597 1472 5651 hostes
1494 5604 1625 5650 sunt
1676 5597 1932 5666 profecti.

360 5685 783 5755 Sedantvquam
836 5688 1082 5755 praelium
1135 5688 1595 5754 committeretur,
1656 5688 1935 5757 singulare

358 5787 637 5829 certamen
670 5790 753 5832 est
798 5779 1017 5832 initum.
1051 5778 1207 5834 Titus
1242 5780 1385 5834 enim
1429 5780 1682 5849 Manlius,
1723 5783 1806 5836 vir
1842 5800 1936 5844 pa-

1964 4552 2011 4609 D

2044 3313 2273 3377 κάζουσι
2304 3316 2399 3370 καὶ
2427 3320 2543 3382 τοῖς
2570 3318 2939 3391 περιεστῶσιν
2995 3319 3233 3386 ἐδείκνυ,
3270 3319 3519 3374 ἄποπτον
3558 3318 3620 3373 ὃν

2045 3407 2275 3475 ἐκεῖθεν,
2312 3408 2410 3462 καὶ
2438 3410 2539 3480 τῆς
2571 3410 2855 3483 σωτηρίας
2900 3411 3072 3466 αὑτοῦ
3129 3429 3192 3467 τε
3246 3411 3342 3467 καὶ
3390 3411 3502 3467 τῶν
3560 3414 3617 3465 ἐν

2045 3497 2194 3569 αὐτῷ
2241 3502 2739 3572 προσπεφευγότων
2783 3502 3024 3558 πολιτῶν
3081 3504 3518 3576 ἀνεμίμνησκεν,
3541 3504 3614 3567 ὡς

2044 3591 2298 3645 ἐντεῦθεν
2336 3594 2719 3648 κατακλᾶσθαι
2753 3595 2882 3660 τοὺς
2911 3594 3199 3663 δικαστὰς,
3249 3595 3345 3651 καὶ
3394 3596 3612 3666 ὑπερτὶο

2046 3681 2234 3736 θεσθαι
2265 3682 2364 3754 τὴν
2391 3682 2595 3755 ψῆφον,
2634 3684 2766 3756 μήτ’
2795 3685 3086 3755 ἀφιέντας,
3138 3687 3277 3757 μήτε
3322 3685 3619 3739 καταδικά-

2045 3770 2260 3838 ζοντας.
2289 3774 2463 3829 Τοῦτο
2489 3775 2554 3848 δὴ
2580 3778 2779 3848 νοήσας
2803 3779 2833 3830 ὁ
2865 3776 3172 3847 Κάμιλλος,
3202 3778 3285 3840 είς
3324 3776 3486 3831 ἄλλον
3529 3777 3618 3829 τό-

2045 3881 2148 3918 πον
2168 3865 2231 3918 τὺ
2254 3865 2609 3939 δικαστήριον
2635 3868 3025 3938 συνεστήσατο,
3048 3867 3170 3922 ὅθεν
3194 3867 3295 3922 ούκ
3325 3862 3395 3941 ἦν
3421 3868 3483 3921 τδ
3503 3869 3620 3920 Κα-

2044 3951 2300 4008 πιτώλιον
2332 3952 2600 4008 ἄποπτον·
2627 3955 2725 4008 καὶ
2748 3954 3190 4025 καταψηφισθεὶς
3219 3957 3249 4008 ὁ
3296 3955 3616 4013 Καπιτωλῖ-

2042 4060 2131 4108 νος
2166 4046 2308 4111 ἐκεῖ,
2337 4045 2596 4116 ,ἀπήχθη
2622 4063 2682 4099 τε
2714 4047 2795 4108 είς
2829 4046 2891 4099 τὸ
2922 4044 3300 4115 Καπιτώλιον,
3332 4046 3430 4101 καὶ
3477 4049 3618 4101 κατά

2043 4136 2142 4205 τῆς
2174 4136 2382 4206 πέτρας
2405 4135 2604 4202 ὠσθεὶς
2660 4135 2942 4201 ἀπώλετο,
3004 4136 3128 4191 καθ’
3161 4131 3230 4209 ἦς
3278 4138 3485 4201 ἐκεῖνος
3525 4128 3619 4190 τὸν

2044 4225 2249 4280 Κελτὸν
2277 4227 2742 4298 κατεκρήμνισεν.
2782 4223 2919 4282 Εἶτα
2949 4227 3166 4283 πολλῶν
3194 4228 3449 4299 πολέμων
3478 4230 3619 4283 κατά

2044 4332 2104 4369 τε
2132 4315 2229 4384 τῆς
2259 4315 2485 4387 Ῥώμης
2515 4316 2710 4387 αὐτῆς,
2744 4318 2843 4372 καὶ
2892 4317 3004 4371 τῶν
3043 4317 3423 4388 ὑποκειμένων
3477 4318 3615 4389 αὐτῇ

2045 4402 2258 4458 πόλεων
2288 4405 2622 4475 κινηθέντων
2643 4405 3033 4471 ἐπεξελθόντες
3087 4409 3204 4471 τοῖς
3252 4406 3521 4470 ἐναντίοις
3566 4411 3617 4463 ot

2053 4493 2342 4565 Ῥωμαῖοι,
2367 4495 2456 4549 διά
2482 4513 2545 4549 τε
2564 4495 2660 4549 τοῦ
2688 4498 2974 4569 Καμίλλου
3018 4500 3116 4554 καὶ
3149 4498 3223 4553 δι’
3275 4499 3485 4573 ἐτέρων
3513 4501 3617 4571 ἤδη

2040 4586 2253 4638 ἐκείνου
2289 4587 2805 4658 ύπεργηράσαντος,
2878 4590 3008 4654 τούς
3053 4608 3113 4644 τε
3170 4592 3440 4662 πολέμους
3489 4609 3620 4645 κατ·

2039 4677 2310 4743 ἔπαυσαν,
2338 4680 2432 4732 καὶ
2460 4681 2689 4752 εἰρήνην
2736 4681 2959 4752 βαθεῖαν
2992 4683 3151 4755 ἔσχον
3204 4685 3342 4756 πρὸς
3375 4684 3500 4748 τοὺς
3523 4686 3618 4738 ἐκ-

2038 4771 2158 4837 τδς,
2189 4773 2330 4843 πρὸς
2360 4773 2626 4843 ἀλλήλους
2666 4775 2724 4829 δὲ
2752 4777 3103 4842 ἐστασίαζον.
3134 4779 3364 4849 Μάρκος
3403 4775 3513 4849 γάρ
3533 4794 3618 4839 τις

2039 4864 2240 4928 Φάσιος
2292 4867 2651 4939 εὐπατρίδης,
2688 4866 3010 4940 θυγατέρων
3052 4869 3146 4924 δύο
3169 4872 3455 4941 τυγχάνων
3512 4887 3620 4921 παι

2039 4955 2170 5024 τὴρ,
2210 4954 2311 5023 τὴν
2338 4955 2438 5025 μὲν
2506 4955 2890 5028 πρεσϐυτέραν
2937 4957 3196 5027 Λικιννίῳ
3230 4958 3341 5011 τινὶ
3370 4956 3613 5010 Στόλωνι

2041 5045 2423 5114 κατηγγύησε,
2455 5045 2591 5098 πολὺ
2619 5045 2784 5099 αὐτοῦ
2810 5046 3244 5119 καταδεεστέρῳο
3274 5046 3374 5120 τὴν
3401 5049 3460 5100 δὲ
3487 5063 3620 5100 νεω-

2042 5134 2206 5203 τέραν
2243 5134 2555 5206 Σουλπικίῳ
2599 5135 2819 5207 Ῥούφῳ
2844 5138 3001 5207 ἀνδρὶ
3025 5139 3278 5210 ὁμοτίμῳ
3320 5137 3614 5209 συνῴκισε.

2043 5225 2480 5297 Χιλιαρχοῦντος
2514 5223 2611 5281 οὖν
2644 5226 2741 5280 τοῦ
2775 5228 3038 5297 Ῥούφου,
3065 5232 3164 5284 καὶ
3193 5230 3347 5296 ὁντος
3383 5233 3445 5286 ἐν
3480 5232 3617 5301 ἀγο-

2042 5317 2134 5385 ρᾷ,
2163 5322 2302 5386 πρὸς
2323 5318 2423 5387 τὴν
2448 5320 2689 5387 γυναῖκα
2711 5319 2879 5373 αύτοῦ
2906 5322 2939 5390 ή
2966 5320 3173 5393 ἀδελφὴ
3209 5322 3384 5393 αὐτῆς
3434 5341 3618 5397 παραυ

2040 5413 2287 5479 γέγονεν.
2340 5411 2706 5481 Ἀφικομένου
2730 5412 2777 5466 δ’
2800 5412 3039 5477 ἐκείνου,
3069 5413 3170 5484 τὴν
3195 5413 3365 5486 θύραν
3413 5417 3444 5470 ὁ
3483 5418 3616 5488 ῥαϐ-

2038 5506 2228 5575 δοῦχος
2253 5506 2397 5560 κατά
2433 5507 2494 5558 τὸ
2520 5506 2641 5569 έθος
2669 5508 2898 5577 ἀρχαῖον
2919 5504 3175 5577 ἔκρουσε.
3205 5508 3515 5579 Διεπτοήθη
3556 5508 3614 5561 δὲ

2042 5596 2177 5663 πρὸς
2201 5595 2296 5648 τὸν
2326 5596 2569 5663 πάταγον
2599 5598 2632 5665 ὴ
2658 5596 2796 5666 γυνὴ
2812 5593 2967 5649 οὔπω
2995 5595 3183 5649 τούτου
3209 5599 3612 5667 πεπειραμέντι.

2044 5688 2152 5738 Καὶ
2188 5688 2360 5754 γέλως
2384 5689 2479 5740 ἐπὶ
2511 5687 2689 5756 τούτῳ
2722 5690 2815 5741 καὶ
2842 5689 2993 5758 παρὰ
3022 5687 3120 5757 τῆς
3136 5688 3371 5759 ἀδελφῆς
3386 5691 3482 5742 καὶ
3506 5689 3615 5741 τῶν
3638 5752 3651 5763 ν

2041 5778 2323 5848 παρόντων
2356 5779 2595 5847 ἐγένετο,
2635 5782 2730 5832 καὶ
2761 5781 2838 5847 ὡς
2881 5780 3083 5842 ἰδιῶτις
3116 5779 3394 5846 ἐσκώφθη.
3451 5782 3530 5844 Τῇ
3559 5782 3614 5834 δὲ
