4060 6458
437 436 539 502 (21
1665 430 2071 492 ANNALIUM
2105 430 2255 491 LIB.
2295 432 2428 494 VII.
3599 435 3709 499 6ἓὲ
3744 481 3753 491 .

436 557 495 601 εν
519 544 682 616 δεινῷ
710 542 772 599 τδ
803 544 1043 615 πρᾶγμα
1074 540 1365 614 πεποίητο,
1390 530 1487 594 καὶ
1514 540 1607 594 τὸν
1641 539 1811 608 ἄνδρα
1849 539 1909 602 ἐς
1934 538 2027 608 (Ξιρ⁸

2156 537 2354 603 .ricius,
2403 537 2615 595 ollenso
2642 549 2820 611 patre,
2868 541 3153 613 neglectus
3206 544 3259 598 in
3290 559 3420 616 agro
3446 548 3711 604 versaba-

435 643 538 710 χὴν
576 636 951 709 παραγγεῖλαι
981 634 1258 707 ἠρέθιζεν.
1299 631 1360 687 Ὀ
1382 630 1513 701 γοῦν
1539 630 1773 694 Στόλων,
1790 631 1894 683 ὑπ’»
1915 629 2017 699 τῆς

2156 645 2240 685 ur.
2276 629 2378 686 Cui
2419 630 2623 686 deinde
2674 631 3084 699 reconciliatus,
3130 632 3418 705 [actusque
3454 638 3712 696 tribunus

440 730 703 799 γυναικὸς
736 727 1162 800 παρακινηθεὶς,
1198 724 1418 795 Λουκίῳ
1448 726 1557 778 τινὶ
1605 721 1805 793 Σεξτίῳ
1859 721 2018 790 ἀνδρὶ⁵

2156 723 2382 790 ιίιίιυιη,
2429 722 2644 779 Gallum
2679 739 2708 778 a
2761 738 2872 793 quo
2904 736 3237 794 provocatus
3285 728 3482 797 luz-rat,
3518 733 3653 788 vicit
3690 754 3713 796 ι

437 822 547 875 τῶν
573 821 776 893 ὁμοίων
804 823 874 874 τὰ
898 820 993 874 τοῦ
1031 821 1360 891 πράγματος
1391 817 1823 886 κοινωσάμενος,
1849 814 2019 885 ἄμφω

2157 825 2431 872 laureum
2476 826 2730 887 torquem
2778 817 2854 872 illi
2886 818 3197 874 detractura
3233 831 3447 891 gestare
3486 826 3711 886 solitus.

440 914 801 985 δημαρχῆσαι
836 913 1263 979 κατεϐιάσαντο,
1294 911 1391 966 καὶ
1422 910 1514 965 τὸν
1549 910 1759 980 κόσμον
1792 909 1892 979 τῆς
1923 924 2022 961 πο-

440 1006 645 1061 λιτείας
673 1005 948 1076 συνέχεον,
983 1005 1058 1067 ὡς
1084 1004 1178 1058 καὶ
1201 1005 1295 1058 ἐπὶ
1319 1004 1617 1073 τέσσαρσιν
1650 1000 1831 1054 ἔτεσιν
1854 1001 2024 1070 ἀναρ-

447 1098 571 1168 χίαν
608 1096 865 1164 γενέσθαι
900 1095 979 1165 τῷ
1003 1094 1187 1165 δήμῳ.
1239 1094 1351 1157 Τὰς
1374 1093 1483 1163 γάρ
1521 1092 1631 1146 τῶν
1679 1092 2025 1162 εὖπατριδιίν

442 1187 804 1257 ἀρχαιρεσίας
835 1187 1170 1250 ἐνεπόδιζον,
1200 1187 1297 1239 καὶ
1322 1186 1414 1238 ἐπὶ
1449 1185 1612 1238 πλέον
1645 1183 1711 1238 ἂν
1741 1184 1820 1236 ἔτι
1864 1186 2025 1236 τοῦτο

446 1280 689 1347 ἐγένετο,
727 1280 776 1331 εί
811 1281 886 1350 μή
913 1298 997 1343 τις
1026 1278 1259 1347 ἀγγελία
1294 1278 1613 1346 κεκόμιστο,
1642 1276 1736 1330 ἐπὶ
1764 1278 1864 1347 τὴν
1896 1277 2026 1331 Ῥώ-

448 1390 559 1443 μην
587 1371 747 1435 αὖθις
770 1371 1018 1426 ἐλαύνειν
1039 1373 1167 1434 τοὺς
1200 1370 1461 1431 Κελτούς.
1509 1369 1693 1422 Ἀπαν
1743 1368 1839 1422 οῦν
1888 1370 2025 1437 πρὸς

446 1465 712 1535 ἀλλήλους
744 1466 975 1534 ἀφέντες
1001 1464 1281 1535 διάφορον,
1332 1462 1632 1533 δικτάτορα
1664 1462 1726 1515 τὸ
1774 1461 2027 1530 πέμπτον

448 1554 542 1608 τὸν
571 1555 852 1625 Κάμιλλον
900 1556 1131 1622 εἴλοντο,
1186 1555 1283 1608 καὶ
1325 1554 1469 1622 προς
1518 1555 1647 1617 τοὺς
1709 1552 2029 1624 Βαρϐάρους

2127 909 2831 980 Torquaticognomentum
2860 910 3096 966 invenit.
3123 912 3470 970 Exercitibus
3496 932 3716 989 quoque

2127 1002 2439 1071 congressis
2477 1000 2616 1056 Galli
2650 1004 2922 1072 superati,
2963 1004 3216 1058 Romano
3246 1004 3446 1063 itinere
3474 1009 3703 1074 omisso;

2127 1093 2397 1148 Albanum
2444 1108 2635 1163 agrum
2677 1094 3106 1164 populabantur.
3155 1097 3210 1152 ιιι
3244 1092 3479 1153 Romani
3515 1102 3717 1171 prohi-

2132 1185 2263 1240 bere
2298 1185 2616 1248 noluerunt,
2675 1185 2852 1240 donec
2886 1202 3038 1241 muro
3087 1196 3143 1243 et
3173 1190 3399 1259 crapula
3442 1191 3719 1250 distentos

2131 1279 2346 1334 minore
2392 1279 2638 1348 periculo
2664 1280 2928 1350 aggressi,
2964 1282 3168 1338 multos
3211 1284 3562 1354 occiderunt,
3604 1302 3722 1344 sos-

2132 1387 2241 1443 que
2274 1373 2477 1427 castris
2517 1382 2812 1427 exuerunt.
2844 1371 3109 1429 Camillus
3161 1374 3391 1430 Romam
3442 1393 3718 1444 reversus.

2131 1464 2511 1536 magistratum
2546 1464 2821 1533 deposuit.
2851 1464 2935 1520 Ab
2963 1480 3030 1521 eo
3060 1476 3311 1537 tempore
3348 1468 3587 1526 tribunis
3618 1470 3721 1526 mi-

2133 1557 2319 1623 litum,
2352 1557 2447 1626 qui
2481 1560 2538 1611 in
2574 1557 2862 1612 consulum
2905 1569 3288 1614 succtisserant
3336 1560 3518 1615 locum
3556 1562 3724 1616 abro-

448 1647 846 1719 ὲστράτευσανο
877 1648 939 1701 οὗ
980 1647 1134 1717 μάχη
1170 1645 1355 1717 μέντοι
1384 1645 1561 1712 κοινὴ,
1604 1644 1914 1713 μονομαχία
1975 1642 2031 1696 δὲ

2156 1648 2294 1718 pilis,
2336 1648 2594 1703 consules
2619 1647 2898 1718 designari
2936 1658 3225 1719 coeperunt
3248 1693 3264 1711 ,
3305 1650 3444 1705 alias
3474 1649 3718 1721 patricii.

449 1736 644 1803 γέγονε
677 1738 967 1809 πρότερον.
1002 1738 1162 1800 Τῖτος
1200 1738 1311 1809 γάρ
1365 1753 1448 1800 τις
1486 1736 1731 1798 Μάλλιος
1760 1735 1900 1805 ἀνὴρ
1945 1735 2035 1787 εὑ-

2156 1740 2272 1794 ιιὶιιε
2300 1738 2523 1807 plebeii,
2553 1751 2951 1809 nonnunquam
2984 1740 3268 1810 utriusque
3287 1741 3501 1797 ordinis
3534 1740 3719 1798 simul.

451 1828 745 1899 πατρίδης,
783 1827 1256 1901 προσκεκρουκὼς
1303 1828 1380 1899 τῷ
1415 1829 1587 1900 πατρὶ
1653 1826 2032 1896 παρημελεῖτο

2156 1831 2256 1886 Lne
2278 1832 2463 1887 Romae
2497 1841 2803 1901 grassante,
2828 1830 3095 1888 Camillus
3124 1834 3288 1889 etiam
3323 1844 3407 1889 est
3441 1843 3721 1899 mortuus,

454 1923 548 1976 καὶ
577 1921 853 1994 διέτριϐεν
882 1923 941 1975 ἐν
974 1919 1155 1992 ἀγρῷ.
1192 1916 1327 1973 Εἶτα
1375 1920 1453 1988 τῷ
1524 1922 1694 1989 πατρὶ
1742 1917 2039 1988 διηλλάγη,

2156 1919 2300 1989 cuius
2331 1918 2517 1974 obitus
2553 1918 2852 1989 plurimum
2895 1921 3133 1977 tristittre
3163 1922 3427 1980 Romanis
3449 1925 3660 1980 attulit.

453 2016 550 2071 καὶ
570 2016 852 2087 χιλίαρχος
913 2013 1294 2084 στρατοπέδου
1333 2011 1654 2083 γενόμενος,
1737 2009 1817 2081 τῷ
1864 2027 1923 2062 τε
1971 2010 2407 2083 προκαλουμένῳ
2468 2010 2663 2082 Κελτῷ
2734 2012 2873 2082 πρὸς
2929 2014 3273 2086 μονομαχίαν
3322 2017 3580 2087 ἀντέστη,
3630 2018 3729 2074 καὶ

450 2112 685 2183 νικήσας
711 2111 901 2174 αὐτὸν,
937 2109 1031 2163 τὸν
1070 2108 1343 2179 στρεπτὸν
1394 2106 1563 2162 αὐτοῦ
1614 2105 1856 2177 χρυσοῦν
1905 2105 2041 2159 ὄντα
2111 2105 2436 2172 ὲσκύλευσε,
2492 2106 2588 2162 καὶ
2650 2107 3037 2180 Τουρκουᾶτος
3091 2110 3275 2183 φορῶν
3325 2111 3492 2166 αὐτὸν
3528 2111 3729 2166 ἐπεκέ-

451 2202 640 2272 κλητο.
675 2199 1076 2272 Συμμιξάντων
1097 2199 1155 2253 δὲ
1176 2200 1271 2252 καὶ⁹
1302 2198 1410 2252 τῶν
1441 2195 1900 2269 στρατευμάτων,
1961 2196 2201 2266 ἥττηντο
2257 2196 2309 2248 οἱ
2388 2194 2609 2261 Κελτοὶ,
2638 2195 2734 2249 καὶ
2783 2196 2884 2265 τῆς
2919 2196 3020 2266 μὲν
3058 2198 3154 2251 ἐπὶ
3222 2198 3324 2270 τὴν
3364 2198 3592 2270 Ῥώμην
3636 2198 3732 2269 ὁρ-
3776 2200 3797 2217 ⁸

458 2298 566 2368 μῆς
593 2295 924 2366 ἀπέσχοντο,
947 2294 1046 2364 τὴν
1068 2293 1113 2347 δ’
1169 2290 1458 2345 Ἀλϐανίδα
1508 2289 1863 2361 ἐλεηλάτουν.
1949 2288 2245 2352 Ἑάσαντες
2314 2283 2410 2342 οῦν
2467 2286 2670 2351 αὐτοὺς
2729 2287 2780 2341 oi
2826 2288 3096 2360 Ῥωμαῖοι
3125 2290 3430 2362 διαρπάσαι
3483 2291 3584 2362 τὴν
3624 2290 3735 2362 χώ-

457 2402 579 2458 ραν,
613 2386 689 2451 ώς
718 2386 1047 2455 κατακορετς
1072 2382 1363 2452 γενόμενοι
1396 2379 1709 2451 βρωμάτων
1775 2380 1871 2433 καὶ
1938 2379 2114 2449 μέθης
2154 2378 2697 2449 εὐεπιχειρητότεροι
2730 2374 2861 2443 εἷεν,
2905 2381 3166 2435 ἐπέθεντο
3192 2382 3373 2452 σφίσι,
3410 2384 3506 2436 καὶ
3551 2383 3735 2437 αὐτῶν

453 2495 514 2532 τε
540 2477 771 2541 πολλοὺς
795 2477 1135 2546 διέφθειραν,
1181 2472 1278 2527 καὶ
1319 2472 1381 2524 τὸ
1412 2470 1594 2525 αὐτῶν
1660 2466 1811 2525 εἷλον
1879 2469 2269 2541 στρατόπεδον.
2350 2470 2408 2522 ὐ
2478 2469 2538 2522 δὲ
2562 2470 2846 2540 Κάμιλλος
2869 2473 2949 2535 είς
2982 2476 3082 2544 τὴν
3128 2473 3350 2544 Ῥώμην
3395 2473 3733 2541 ἐπανελθὼν,

463 2573 702 2628 ἀπέθετο
729 2570 831 2639 τὴν
853 2568 1053 2640 ἀρχήν.
1083 2567 1313 2620 Ἔκτοτε
1340 2561 1435 2618 οῦν
1461 2565 1513 2618 οἱ
1547 2564 1647 2635 μὲν
1688 2563 1968 2635 χιλίαρχοι
2023 2562 2074 2617 οἳ
2112 2563 2237 2616 ἀντὶ
2266 2560 2378 2615 τῶν
2404 2561 2632 2617 ὑπάτων
2696 2564 2968 2632 ἐγίνοντο,
3015 2565 3406 2635 ἐσχολάκασιν,
3451 2564 3653 2624 ῦπατοι
3676 2568 3737 2624 δὲ

462 2662 878 2725 ἀπεδείκνυντο,
909 2659 1083 2712 ὲνίοτε
1123 2658 1222 2730 μὲν
1244 2657 1599 2726 εὐπατρίδαι,
1639 2659 1705 2710 ἐκ
1725 2655 1891 2709 δὲτοῦ
1936 2655 2173 2726 πλήθους
2232 2653 2434 2717 ἐνίοτε,
2490 2654 2624 2709 ποτὲ
2657 2656 2716 2709 δὲ
2745 2658 2839 2710 καὶ
2870 2657 2931 2724 ἐξ
2965 2657 3296 2730 ἀμφοτέρων
3362 2660 3523 2732 ὁμοῦ.
3554 2663 3735 2718 Νόσου

458 2758 505 2811 δ’
532 2752 884 2824 ὲνσκηψάσης
910 2754 977 2823 τῇ
1017 2749 1235 2821 Ῥώμῃ,
1272 2750 1369 2804 καὶ
1392 2749 1424 2802 δ
1460 2748 1736 2819 Κάμιλλος
1788 2746 2046 2818 τέθνηκε,
2088 2749 2185 2801 καὶ
2245 2749 2297 2802 οἱ
2342 2747 2605 2818 Ῥωμαῖοι
2665 2748 2898 2805 πλεῖστα
2921 2750 3179 2835 θανόντος
3201 2752 3297 2808 τοῦ
3335 2753 3532 2827 ἀνδρὸς
3570 2758 3734 2829 ἠνιά.

461 2848 656 2901 θησαν.

494 2864 659 2989 nm:
690 2931 846 2987 Μετὰ
874 2931 931 2984 δὲ
962 2929 1159 2997 ταῦτα,
1194 2929 1289 2983 καί
1322 2947 1376 2983 τι
1398 2928 1681 3001 συμϐῆναι
1710 2926 1885 2991 πάθος
1914 2943 1978 2979 πε
1991 2927 2045 2997 pl.

463 3027 563 3099 τὴν
608 3024 832 3094 Ῥώμην
864 3022 1171 3092 ἱστόρηται.
1233 3022 1535 3092 Διαστῆναι
1586 3020 1695 3090 γάρ
1755 3019 1818 3072 τὸ
1862 3018 2048 3070 πεδίον

466 3124 689 3191 λέγεται
718 3118 781 3170 τὸ
812 3115 1020 3188 μεταξὺ
1054 3114 1148 3168 τοῦ
1168 3112 1470 3180 Παλατίου,
1494 3113 1591 3167 καὶ
1629 3111 1726 3165 τοῦ
1781 3113 2046 3166 liam-tw-

468 3214 585 3267 λίου
619 3209 875 3276 ἐξάπινα,
913 3209 1052 3279 μήτε
1103 3206 1335 3277 σεισμοῦ
1372 3203 1868 3277 προηγησαμένου,
1917 3199 2044 3274 μήτ’

468 3304 633 3359 ιλλου
656 3303 802 3366 τινὸς
830 3294 918 3354 οἷα
952 3317 1015 3354 συ
1025 3298 1275 3370 μὸαίνειν
1299 3295 1460 3351 εἴωθε
1488 3295 1736 3367 φυσικῶς
1762 3293 1855 3347 ἐπὶ
1875 3291 2054 3347 τοιούο

468 3414 583 3459 τοις
608 3394 921 3466 παθήμασι.
944 3392 1058 3447 Καὶ
1084 3386 1153 3461 ἦν
1182 3388 1243 3442 τὸ
1275 3389 1467 3461 χάσμα
1527 3387 1786 3459 διαμένον
1815 3372 1908 3439 ἐπὶ
1942 3401 2051 3455 μα-

470 3491 625 3561 κρὸν,
647 3488 773 3541 οὔτε
803 3486 1203 3557 συνερχόμενον
1260 3482 1389 3545 οἵως
1434 3480 1661 3553 δήποτε,
1690 3477 1814 3532 οὗτε
1866 3476 2052 3548 μέντοι

471 3579 881 3652 πληρούμενον,
915 3577 1210 3631 καὶταῦτα
1244 3573 1377 3644 χοῦν
1399 3587 1461 3626 τε
1504 3569 1796 3642 Ῥωμαίων
1830 3569 1888 3630 ὲς
1922 3566 2054 3621 αὐτὸ

473 3670 903 3742 συμφορεύντων
952 3668 1143 3733 πολὺν,
1177 3668 1275 3720 καὶ
1307 3665 1512 3726 λίθους,
1566 3663 1667 3715 καὶ
1704 3661 1871 3729 ἄλλην
1921 3658 2056 3728 ῦλην

471 3762 850 3831 παντοδαπὴν.
877 3758 1206 3830 Ἀποροῦσιν
1252 3755 1347 3810 οὖν
1388 3757 1500 3817 τοῖς
1563 3753 1865 3823 Ῥωμαίοις
1911 3766 2050 3819 χρη-

474 3856 614 3926 σμὸς
637 3853 820 3924 ἐδόθη,
857 3853 932 3923 μὴ
954 3852 1130 3914 άλλως
1164 3850 1227 3903 τὸ
1247 3847 1475 3910 διεστῶς
1503 3845 1804 3906 συνελθεῖν,
1828 3843 1877 3895 εἰ
1904 3841 1980 3912 μὴ
1996 3840 2057 3892 τὸ

474 3951 726 4019 κρεῖττον
756 3946 958 4011 αὐτῶν,
976 3943 1073 3998 καὶ
1097 3943 1166 3996 δι’
1191 3934 1252 3995 οὗ
1290 3940 1531 4009 μάλιστα
1557 3937 1808 3991 πλεῖστον
1836 3933 2057 4004 ίσχύου-

476 4059 582 4103 σιν,
621 4042 701 4102 εἰς
740 4042 802 4092 τὸ
829 4039 1019 4109 χάσμα
1050 4034 1419 4105 ἐμϐάλλουσιν
1440 4047 1453 4060 ·
1487 4030 1633 4084 οὓτω
1659 4030 1770 4100 γάρ
1792 4025 1971 4080 ἐκεῖνό
1997 4042 2059 4078 τε

476 4135 771 4196 παύσεται,
806 4133 899 4184 καὶ
927 4132 993 4199 τῇ
1038 4129 1193 4181 πόλει
1215 4127 1400 4179 έσεται
1427 4123 1659 4192 δύναμις
1693 4119 2056 4181 ἀκατάλυτος.

480 4225 715 4293 Ἐμενεν
744 4220 839 4274 οῦν
870 4220 964 4272 καὶ⁵
987 4217 1148 4270 πάλιν
1169 4215 1226 4267 τὸ
1253 4214 1461 4284 ἄπορον
1488 4209 1889 4281 ἀπορούμενον,
1922 4207 2061 4261 ἀσα-

479 4316 615 4384 φοῦς
640 4313 999 4381 τυγχάνοντος
1022 4308 1115 4361 τοῦ
1134 4307 1409 4377 χρήσμου.
1429 4304 1660 4373 Μάρκος
1685 4300 1740 4354 δὲ
1767 4298 2057 4370 Κούρτιος,

480 4413 622 4480 ἀνὴρ
650 4407 1004 4476 εὐπατρίδης,
1036 4404 1155 4466 νέος
1186 4402 1286 4470 τὴν
1315 4398 1558 4469 ἡλικίαν,
1589 4395 1928 4467 ώραιὸτατος
1952 4390 2058 4461 τὴν

486 4502 723 4571 μορφὴν,
789 4494 1223 4569 ρώμαλεώτατος
1285 4489 1385 4559 τὴν
1445 4488 1624 4556 ίσχὺν,
1681 4484 2061 4554 ἀνδρειότατος

2077 3253 2122 3314 G

2217 2919 2389 2976 XXV.
2406 2921 2536 2977 Post
2563 2923 2909 2996 hujusmodi,
2942 2926 3145 2983 malum
3167 2927 3447 2986 Romanos
3467 2931 3738 2991 invasisse

2145 3014 2345 3071 fertur.
2381 3019 2443 3065 ut
2461 3026 2527 3067 ea
2558 3011 2841 3082 planicie‘s,
2881 3029 3004 3084 quas
3031 3014 3176 3071 intra
3207 3016 3474 3085 palatium
3497 3028 3554 3074 et
3573 3019 3738 3090 Capi-

2148 3100 2349 3155 tolium
2411 3108 2519 3165 est,
2580 3102 2768 3156 subito
2832 3101 3033 3169 hiatu,
3101 3119 3286 3175 neque
3331 3112 3493 3163 terrae
3544 3116 3728 3174 motu,

2153 3208 2334 3264 neque
2387 3193 2492 3248 alia
2533 3209 2616 3258 re,
2679 3194 2826 3249 unde
2877 3195 3003 3250 talia
3033 3206 3230 3252 natura
3259 3197 3541 3265 oriuntur,
3581 3210 3742 3257 ante-

2154 3299 2367 3355 gressa,
2402 3284 2743 3350 discesserit,
2801 3299 2868 3341 ac
2923 3286 2997 3341 ita
3059 3290 3424 3357 permanserit
3468 3289 3585 3346 diu.
3634 3290 3740 3359 Qui

2155 3391 2285 3433 cum
2331 3392 2511 3448 neque
2541 3377 2719 3433 coiret
2748 3377 2863 3434 ullo
2899 3377 3090 3443 modo,
3131 3394 3316 3450 neque
3368 3381 3690 3453 expleretur
3722 3402 3739 3439 :

2154 3469 2412 3541 quamvis
2443 3469 2715 3527 Romanis
2749 3471 2984 3526 multum
3019 3480 3075 3526 et
3106 3479 3268 3528 terra:
3292 3511 3310 3540 ,
3369 3485 3426 3529 et
3459 3489 3741 3538 saxorum.

2156 3573 2213 3620 et
2239 3564 2474 3621 alterius
2527 3564 2775 3620 materiae
2828 3566 3010 3620 omnis
3039 3564 3258 3636 generis
3297 3581 3364 3621 eo
3390 3569 3743 3639 congerenti-

2155 3653 2265 3710 bus
2302 3653 2628 3711 :oraculum
2674 3653 2991 3710 consultum
3045 3655 3384 3726 respondit,
3428 3643 3742 3730 voraginem

2158 3746 2310 3803 illam
2342 3762 2456 3802 non
2503 3747 2714 3816 expleri
2755 3762 2939 3817 posse,
2994 3748 3318 3818 priusquam
3372 3764 3461 3806 res
3511 3752 3743 3821 optima,

2159 3856 2378 3913 quaque
2406 3842 2711 3914 plurimum
2748 3843 2984 3899 Romani
3021 3854 3283 3915 possent,
3325 3846 3383 3901 in
3409 3862 3531 3902 eam
3566 3851 3744 3922 conji-

2160 3941 2403 3987 ceretur.
2440 3931 2531 3987 Sic
2559 3932 2708 3987 enim
2731 3941 2786 3987 et
2821 3947 2920 4003 spe
2976 3947 3102 3988 cum
3133 3935 3288 3989 illum
3333 3935 3664 4003 desiturum,
3690 3952 3749 3997 et

2162 4023 2319 4079 urbis
2346 4023 2639 4093 imperium
2669 4039 2954 4095 nunquam
2985 4040 3239 4081 eversum
3267 4026 3355 4083 iri.
3380 4027 3498 4083 Hoc
3520 4045 3749 4100 respon-

2160 4129 2223 4170 so
2250 4127 2365 4168 non
2397 4114 2667 4184 explicata
2695 4123 2782 4170 est
2823 4114 3141 4182 difﬁcultas,
3175 4125 3406 4187 propter
3432 4119 3746 4178 obscurita-

2162 4215 2295 4262 tem.
2335 4207 2535 4263 Verum
2589 4206 2808 4260 Marcus
2827 4204 3092 4270 Curtius,
3130 4206 3220 4260 vir
3264 4208 3553 4277 patricius,
3586 4219 3748 4268 aetate

2162 4300 2395 4371 integra,
2432 4298 2608 4353 forma
2637 4298 3025 4369 pulcherrima,
3055 4298 3270 4354 viribus
3292 4301 3556 4358 maximis
3576 4342 3592 4369 ,
3622 4305 3748 4359 ani-

2163 4406 2253 4446 mo
2286 4389 2612 4452 fortissimo,
2639 4388 2938 4459 prudentia
2965 4391 3372 4459 ornatissimus,
3408 4395 3634 4450 oraculo
3666 4397 3752 4451 in-

2163 4482 2402 4548 tellecto,
2456 4498 2559 4552 pro
2612 4482 2882 4537 concione
2905 4481 3046 4540 dixit
3097 4501 3112 4540 :
3169 4483 3308 4550 Quid
3374 4487 3749 4545 obscuritatem

485 4593 581 4664 τὴν
628 4589 829 4661 ψυχὴν,
869 4588 1131 4656 φρονήσει
1180 4579 1513 4652 διαπρεπὴς,
1565 4577 1661 4630 τὸν
1710 4574 1835 4628 νοῦν
1879 4572 2052 4635 συνεὶς

2166 4574 2394 4637 oraculi,
2424 4574 2679 4640 Quirites,
2705 4584 2799 4629 aut
2826 4576 3135 4632 tarditatem
3180 4578 3516 4649 ingeniorum
3546 4593 3753 4636 nostro-

482 4686 576 4738 τοῦ
611 4680 883 4753 χρησμοῦ,
922 4674 1207 4747 παρελθὼν
1233 4675 1315 4735 εἰς
1346 4670 1509 4742 μέσον
1540 4665 1945 4737 ἐδημηγόρησε,
1974 4664 2061 4715 λέ-

482 4793 613 4846 γων’
640 4777 700 4830 Τί
728 4772 847 4827 τῶν
870 4772 1091 4839 λογίων
1114 4765 1436 4833 ἀσάφειαν,
1459 4756 1508 4816 ὦ
1542 4758 1827 4829 Ῥωμαῖοι,
1846 4757 1884 4826 ἢ
1910 4758 2061 4826 ἅμα.

484 4869 622 4923 θίαν
643 4864 811 4935 ἡμῶν
829 4859 1027 4916 αὐτῶν
1058 4851 1610 4925 καταψηφιζόμεθω
1648 4848 1841 4918 Ἡμεῖς
1876 4848 2063 4914 ἐσμεν

485 4958 665 5012 τοῦτο
685 4956 760 5022 δὴ
787 4955 853 5008 τὸ
895 4950 1261 5019 ζητούμενόν
1299 4962 1361 4999 τε
1381 4946 1480 4997 καὶ
1524 4941 2063 5009 ἀπορούμενον.οὐ

488 5050 599 5119 γάρ
629 5065 683 5103 τι
711 5047 958 5115 ἄψυχον
993 5043 1274 5110 ἐμψύχου
1323 5034 1756 5106 λογισθήσεται
1789 5031 2065 5096 βέλτιον,

489 5142 633 5201 οὐδὲ
648 5142 753 5196 τοῦ
771 5140 953 5194 ἕννου
976 5137 1076 5190 καί
1094 5135 1391 5204 ἔμφρονος
1408 5131 1507 5184 καὶ
1522 5133 1684 5198 λόγῳ
1696 5122 2069 5195 κεκοσμημέ-

489 5253 601 5290 νου
637 5235 703 5287 τὸ
744 5233 957 5295 ἄνουν,
989 5228 1214 5295 ἄλογόν
1252 5241 1317 5278 τε
1364 5224 1460 5277 καὶ
1479 5222 1675 5291 ἄφρον
1703 5215 2068 5287 προτιμυθή-

490 5343 683 5381 σεται.
707 5325 769 5378 Τί
805 5323 916 5393 γὰρ
945 5320 1023 5375 ἄν
1051 5337 1141 5385 τις
1185 5316 1504 5385 ἀνθρώπου
1538 5313 1939 5382 προκρίνοιεν,
1967 5311 2071 5364 ἵνα

488 5421 664 5474 τοῦτο
683 5417 747 5481 ἐς
778 5416 893 5482 τὴν
917 5412 1026 5477 τῆς
1057 5410 1168 5480 τῆς
1190 5410 1490 5473 βαλόντες
1513 5403 1849 5468 διάστασιν,
1873 5401 2070 5467 αὐτὴν

491 5505 972 5575 συναγάγοιμειτ
993 5505 1113 5557 Οὐκ
1137 5502 1311 5554 ἔστιν
1337 5498 1521 5552 οὐδὲν
1536 5495 1683 5556 ζῶον
1699 5497 1922 5559 θνητὸν
1943 5492 2070 5545 οὐδ’

492 5600 760 5664 ἄμεινον,
812 5597 939 5650 οὐδ’
989 5597 1392 5663 ἰσχυρότερον
1453 5591 1792 5657 ἀνθρώπου.
1838 5589 1907 5641 Εἰ
1961 5585 2071 5654 γάρ

492 5708 545 5744 τι
570 5690 663 5743 δεῖ
712 5689 808 5742 καὶ
839 5694 1297 5756 θρασυνόμενον
1344 5682 1560 5739 εἰπεῖν.
1593 5680 1716 5735 οὔτ’
1762 5680 2068 5745 ἄνθρωπος

493 5780 676 5847 οὐδὲν
696 5780 850 5832 ἄλλο
886 5778 1058 5831 ἐστίν
1079 5778 1115 5843 ἢ
1146 5777 1289 5839 Θεὸς
1314 5774 1485 5841 σῶμα
1508 5771 1730 5836 θνητὸν
1751 5772 2073 5840 ἕχων,οὔτε

500 5871 637 5936 θεὸς·
667 5873 821 5925 saxo
854 5887 909 5923 τι
946 5869 985 5938 ἢ
1016 5870 1327 5935 ἅνθρωπος
1366 5865 1679 5934 ἀσώματος
1700 5904 1715 5931 ,
1745 5864 2075 5919 κάντεῦθεν

2167 4686 2287 4722 rum
2346 4669 2712 4723 accusamus?
2764 4668 2873 4724 Nos
2928 4670 2982 4724 id
3020 4687 3203 4727 sumus
3259 4674 3401 4743 quod
3455 4678 3750 4746 quaeritur,

2168 4776 2450 4829 omnesque
2499 4776 2780 4829 suspensos
2834 4768 2995 4814 tenet.
3060 4760 3244 4833 Neque
3293 4765 3437 4818 enim
3506 4757 3809 4825 inanimn‘

2168 4856 2502 4927 pra’ferenda
2541 4866 2665 4910 sunt
2699 4858 2953 4913 animatis
2987 4875 3006 4913 :
3033 4876 3200 4929 neque
3221 4876 3285 4915 ea
3331 4878 3448 4933 qum
3481 4873 3655 4918 mente
3701 4877 3752 4919 et

2167 4946 2521 5018 intelligentia
2552 4949 2781 5018 prwdita
2809 4958 2953 5009 sunt.
2974 4960 3023 5005 et
3047 4967 3286 5006 sermone
3315 4962 3531 5017 ornata,
3587 4955 3751 5011 brutis

2168 5041 2328 5113 361
2362 5041 2585 5095 rationis
2618 5048 2668 5094 et
2695 5042 2996 5110 prudentia:
3042 5044 3341 5114 expertibus
3367 5052 3748 5116 postponenda.

2172 5132 2321 5187 Nam
2351 5132 2479 5204 quid
2509 5133 2712 5187 homini
2771 5137 3134 5205 anteponatis,
3184 5152 3286 5206 quo
3324 5137 3517 5206 injecto
3543 5138 3751 5192 hiatum

2170 5223 2323 5278 illum
2367 5223 2748 5277 contrahamus
2778 5224 2804 5276 2
2852 5223 2972 5278 Non
3004 5234 3080 5278 est
3115 5224 3288 5279 ullum
3352 5224 3576 5279 mortale
3632 5228 3752 5281 ani-

2171 5316 2366 5369 mantis
2399 5331 2562 5387 genus
2606 5316 2815 5369 homine
2839 5318 3203 5386 praestantius.
3240 5326 3333 5371 aut
3367 5318 3577 5387 fortius.
3597 5316 3754 5383 Quod

2170 5408 2496 5479 sixaudacius
2557 5408 2883 5479 loquendum
2917 5411 3025 5470 sit,
3083 5409 3211 5479 quid
3267 5417 3343 5463 est
3390 5411 3586 5478 homo,
3648 5413 3754 5466 nisi

2174 5501 2314 5555 Deus
2352 5517 2570 5572 corpore
2592 5500 2815 5555 mortali
2845 5501 3277 5571 circumseptus?
3321 5511 3414 5556 aut
3448 5504 3574 5569 quid
3610 5502 3753 5559 Deus

2175 5603 2272 5660 est,
2305 5595 2404 5647 nisi
2428 5595 2581 5647 homo
2604 5594 2774 5646 omnis
2809 5609 2870 5646 ea:
2903 5594 3128 5647 materia
3161 5597 3508 5649 concretionis
3540 5614 3751 5668 erpers,

2175 5694 2333 5752 atque
2362 5682 2681 5736 immortalis
2706 5683 2731 5735 .9
2761 5682 2939 5751 Neque
2969 5699 3061 5736 nos
3096 5682 3248 5754 longe
3280 5702 3312 5738 a
3342 5687 3524 5741 divina
3563 5696 3748 5759 potem

2177 5775 2252 5827 lia
2282 5774 2555 5827 absumus.
2609 5773 2735 5826 Hu-c
2787 5774 2916 5827 mihi
2959 5790 3214 5844 persuasa
3238 5785 3386 5840 sunt,
3440 5793 3558 5846 qua:
3608 5777 3751 5835 vobis

2177 5865 2338 5917 etiam
2384 5880 2643 5931 persuasa
2679 5880 2786 5919 esse
2840 5864 3020 5920 uelim.
3070 5866 3249 5939 Neque
3298 5884 3420 5924 vero
3470 5872 3750 5940 quisquam
