4060 6394
300 384 407 445 623

1577 383 1905 447 JUANNIS
1942 384 2258 447 ZONAR/E

3458 373 3565 437 624

301 494 563 548 existimet
616 508 698 547 me
738 501 934 546 sortem
968 491 1280 552 ducturum,
1333 501 1425 546 aut
1451 494 1708 564 virginem
1763 510 1888 565 pue-

2002 496 2320 562 ἀθὰνατος.
2355 495 2462 549 Καὶ
2509 496 2582 549 οὐ
2624 494 2823 562 πόρῤω
2869 488 2980 561 τῆς
3022 488 3189 555 θείας
3254 485 3568 557 δυνάμεως

306 604 492 641 rumve
546 585 824 640 immolari
870 585 1172 656 jussurum.
1216 583 1357 638 Nam
1376 600 1471 656 ego
1498 586 1610 656 ipse
1661 601 1742 639 me
1784 603 1882 656 pro

303 680 447 733 nobis
465 678 710 741 devoveo,
753 684 812 730 ut
871 692 953 729 me
982 678 1137 731 hodie
1182 676 1367 730 statim
1404 677 1805 731 caduceatorem
1833 684 1883 729 et

301 778 568 825 oratorem
598 769 671 825 ad
701 767 820 823 deos
852 768 1032 824 Manes
1059 768 1331 839 ablegatis,
1361 784 1568 835 semper
1598 778 1885 839 patronum

302 872 534 919 vestrum
562 870 615 916 et
648 861 950 932 adjutorem
982 862 1245 931 futurum.
1274 859 1371 915 llis
1405 860 1587 927 dictis,
1620 875 1771 914 arma
1796 859 1885 915 in-

305 954 448 1015 duit,
500 967 703 1022 equum
734 952 1092 1023 |conscendit.
1128 950 1349 1020 Caeteri,
1376 951 1520 1005 inter
1550 950 1794 1006 laetitiam
1830 958 1887 1005 et

308 1058 602 1103 maerorem
629 1044 896 1115 ambigui,
933 1053 1256 1099 ornamenta
1288 1043 1540 1115 quaedam
1577 1043 1778 1114 partim
1818 1041 1886 1097 ad

307 1150 430 1189 eum
466 1134 645 1204 ipsum
678 1149 777 1204 pro
811 1137 976 1190 heroe
1012 1134 1395 1201 excolendum,
1437 1134 1633 1203 partim
1666 1147 1791 1203 quae
1831 1134 1889 1188 in

309 1224 517 1277 hiatum
545 1224 973 1293 conjicerentur,
1004 1225 1327 1279 attulerunt.
1353 1223 1457 1289 Qui
1490 1239 1616 1279 cum
1649 1224 1888 1294 primum

308 1337 451 1393 equo
491 1321 759 1384 insidens,
795 1334 853 1374 se
899 1318 955 1373 in
1010 1332 1238 1388 specum
1288 1316 1545 1384 immisit,
1588 1316 1743 1372 hiatu
1795 1316 1891 1371 illo

311 1416 553 1487 expleto,
607 1426 789 1482 neque
844 1412 1188 1480 voraginem,
1240 1425 1423 1481 neque
1450 1409 1705 1466 Curtium
1734 1409 1892 1481 quis-

310 1522 475 1580 quam
505 1505 645 1562 vidit
674 1504 820 1561 .Hmc
856 1503 933 1558 ita
980 1510 1282 1558 narrantur
1305 1517 1337 1557 a
1366 1501 1631 1558 Romanis
1657 1520 1669 1556 :
1697 1515 1819 1572 qua-
1845 1501 1893 1555 si

312 1603 401 1658 cui
465 1599 714 1655 fabulosa
759 1606 816 1653 et
845 1612 875 1651 a
904 1597 1008 1651 ﬁde
1033 1596 1149 1651 veri
1173 1596 1352 1651 aliena
1392 1594 1753 1663 videbuntur,
1781 1610 1894 1650 non

312 1695 530 1769 postulo
576 1702 636 1748 ut
690 1693 924 1747 multum
972 1693 1057 1746 eis
1085 1690 1318 1746 tribuat.
1374 1689 1586 1745 Deinde
1630 1690 1896 1745 Romanis

311 1789 416 1843 alia
434 1784 585 1840 bella
614 1792 670 1839 et
704 1798 735 1838 a
755 1784 926 1840 Gallis
954 1792 1008 1838 et
1038 1785 1106 1838 ab
1137 1783 1262 1839 aliis
1284 1782 1542 1854 gentibus
1568 1790 1699 1837 sunt
1726 1782 1895 1846 illata,

1992 585 2408 653 ἁπηρτήμεθα.
2445 585 2637 638 Ταῦτα
2675 583 2792 652 ἐγὼ
2814 581 2932 651 μὲν
2982 579 3137 635 οὕτω
3164 576 3387 647 φρονῶ·
3419 578 3571 642 ἀξιῶ

1984 675 2053 730 δὲ
2076 675 2176 729 καί
2206 676 2360 744 ὑμᾶς
2382 673 2457 743 τῇ
2484 673 2685 743 γνώμῃ
2722 668 3454 742 πωσθέσθαι,ταύτῃ.Καὶ
3483 669 3570 737 μή

1987 784 2076 832 τις
2113 767 2390 834 οιήσαιτο
2443 764 2535 818 ὅτι
2591 763 2825 832 κλῆρον
2882 763 3250 831 ποιήσομαι,
3282 760 3321 830 ἢ
3382 762 3576 829 κόρην

1986 860 2262 913 κελεύσω
2295 855 2521 923 θανεῖν,
2569 854 2607 923 ἢ
2654 855 3010 925 μειράκιον·
3058 852 3248 922 αὐτὸς
3303 852 3416 921 γὰρ
3456 851 3574 921 ἐγὼ

1988 952 2148 1007 ἑκὼν
2178 952 2453 1022 ἐμαυτόν
2490 950 2632 1022 ὑμῖν
2662 949 2996 1019 ἐπιδίδωμι,
3029 950 3131 1003 ἵνα
3165 948 3434 1017 σήμερον
3462 950 3576 1001 αὐ·

1986 1045 2127 1099 τίκα
2172 1045 2410 1113 κήρυκα
2456 1042 2739 1113 πέμψητέ
2785 1057 2864 1111 με
2892 1040 2993 1094 καί
3039 1040 3423 1108 πρεσϐευτὴν
3448 1039 3576 1104 τοῖς

1987 1138 2252 1207 χθονίοις
2294 1136 2475 1204 θεοῖς,
2519 1136 2819 1205 ἐσόμενον
2863 1133 2958 1189 ἀεὶ
3008 1131 3179 1202 ὑμῶν
3219 1131 3573 1200 προστάτην

1990 1230 2092 1285 καί
2118 1232 2461 1301 σύμμαχον.
2508 1229 2695 1283 Ταῦτα
2721 1229 2894 1283 είπὼν
2937 1230 2967 1283 ό
3004 1227 3298 1298 Κούρτιος,
3323 1226 3393 1278 τὰ
3424 1225 3568 1280 ὅπλα

1990 1323 2386 1390 ἐνεδιδύσκετο,
2420 1318 2545 1376 εἶτα
2579 1324 2672 1377 καὶ
2699 1321 2796 1375 τοῦ
2847 1320 3018 1373 ἵππου
3048 1318 3247 1389 ἐπέϐη.
3269 1314 3332 1370 Οἱ
3355 1316 3402 1370 δ’
3426 1315 3575 1370 ἄλλοι

1995 1416 2316 1486 περιαλγεῖς
2358 1412 2626 1483 ἐγίνοντο,
2680 1414 2780 1467 καὶ
2842 1412 3188 1484 περιχαρεῖς,
3219 1409 3315 1463 καὶ
3364 1409 3578 1476 κοσμή-

1998 1509 2147 1579 ματά
2187 1525 2312 1562 τινα
2366 1506 2887 1578 συμφρονήσαντες,
2919 1505 2969 1557 oi
3016 1502 3119 1574 μέν
3160 1500 3325 1556 αὐτὸν
3368 1500 3576 1552 ἐκεῖνον

1994 1603 2180 1665 αὐτοῖς
2198 1600 2468 1670 ἐκόσμουν
2492 1598 2759 1668 ὡςῆρωα,
2783 1598 2834 1650 oi
2853 1596 2911 1650 δέ
2930 1612 3055 1650 τινα
3088 1596 3182 1649 καὶ
3225 1595 3285 1657 ἐς
3318 1584 3579 1661 τὸχᾶσὶια

1995 1691 2301 1746 ἐνέϐαλλον·
2337 1691 2463 1763 ἄρτι
2482 1689 2527 1743 δ’
2563 1690 2620 1767 ἐς
2650 1689 2783 1745 αὐτὸ
2809 1686 3040 1757 ἐνήλατο
3070 1688 3098 1740 ὁ
3120 1684 3391 1756 Κούρτιος
3413 1683 3578 1752 ἐφιπ-

1996 1798 2120 1850 πος,
2170 1783 2264 1837 καὶ
2304 1784 2338 1853 ή
2390 1782 2489 1851 τῆς
2526 1780 2630 1852 γῆς
2658 1778 2901 1852 συνήχθη
2937 1778 3244 1843 διάστασις,
3278 1777 3373 1830 καὶ
3402 1774 3579 1836 οὐδεὶς

312 1878 406 1935 sed
444 1874 760 1946 propulsata
783 1878 989 1944 omnia,
1009 1877 1093 1933 vel
1119 1894 1147 1931 a
1166 1874 1489 1937 consulibus
1508 1874 1592 1929 vel
1618 1890 1649 1929 a
1665 1873 1898 1929 dictato-

2002 1876 2184 1929 ούκέτι
2213 1874 2338 1929 οὕτε
2377 1875 2440 1928 τὸ
2465 1875 2654 1945 χάσμα
2688 1872 2813 1928 οὔτε
2864 1873 2958 1928 τὸν
2994 1870 3265 1942 Κούρτιον
3289 1868 3577 1923 ἐθεάσατο.

315 1976 492 2039 ribus,
551 1990 662 2045 quo
692 1984 940 2041 tempore
996 1966 1314 2040 bujusmodi
1349 1964 1615 2035 quiddam
1670 1964 1892 2021 accidit.

315 2064 519 2119 Lucius
547 2062 814 2119 Camillus
841 2062 1083 2117 dictator
1109 2060 1316 2126 dictus,
1354 2075 1481 2115 cum
1511 2057 1652 2115 Galli
1695 2056 1899 2113 subur-

318 2155 520 2208 bunum
572 2169 765 2226 agrum
825 2155 1206 2219 incursarent,
1263 2152 1466 2207 educto
1514 2151 1799 2215 exercitu,
1842 2149 1896 2203 in

315 2246 501 2300 animo
528 2247 722 2301 habuit
751 2245 954 2301 ducere
987 2245 1216 2310 bellum,
1250 2258 1431 2314 neque
1462 2243 1747 2298 decertare
1772 2256 1898 2297 cum

319 2338 658 2400 hominibus,
692 2347 898 2392 temere
932 2337 987 2391 in
1039 2335 1343 2406 perniciem
1390 2350 1547 2390 suam
1587 2333 1899 2397 ruentibus,

316 2446 456 2499 quos
490 2430 703 2485 facilius
724 2439 779 2485 et
806 2431 977 2485 tutius
1007 2430 1237 2500 penuria
1283 2435 1627 2483 commeatus
1653 2425 1898 2481 domitu-

217 2564 228 2575 .
320 2538 413 2575 rus
442 2538 548 2577 CSSt
571 2532 608 2577 t.
639 2521 794 2578 Gallo
813 2536 1001 2578 autem
1033 2522 1253 2578 cuidam
1283 2536 1350 2576 ex
1366 2519 1633 2575 Romanis
1660 2518 1898 2589 aliquem

318 2623 386 2677 ad
424 2622 699 2692 singulare
723 2629 1004 2674 certamen
1029 2614 1379 2687 provocanti,
1418 2612 1711 2669 restititM.
1743 2612 1902 2668 Vale-

322 2715 438 2767 rius
459 2713 716 2767 tribunus
750 2709 1015 2773 militum,
1040 2722 1105 2760 ex
1127 2705 1351 2761 Maximi
1376 2705 1525 2761 illius
1554 2702 1899 2776 posteritate.

317 2807 608 2861 Certamen
660 2801 871 2863 illustre
904 2798 1028 2854 fuit.
1054 2798 1191 2853 Nam
1219 2797 1359 2852 alter
1390 2795 1686 2866 prudentia
1708 2804 1761 2849 et
1782 2803 1901 2850 arte

319 2896 572 2967 superior
603 2902 743 2959 erat,
774 2891 967 2949 Gallus
992 2891 1222 2947 audacia
1260 2900 1316 2946 et
1341 2889 1558 2945 viribus
1596 2906 1609 2943 :
1643 2888 1740 2942 Sl'd
1764 2886 1899 2942 illud

321 2986 649 3051 mirabilius,
680 2982 829 3054 quod
859 2984 914 3037 in
954 2980 1161 3038 Valerii
1212 2980 1365 3051 galea
1393 2992 1594 3034 corvus
1628 2978 1905 3031 crocitans

319 3079 592 3144 consedit,
653 3078 710 3132 in
754 3078 967 3132 hostem
1032 3089 1248 3138 versus,
1294 3073 1455 3144 cujus
1508 3086 1572 3126 os
1598 3070 1904 3139 oculosque

320 3182 502 3226 rostro
530 3178 588 3226 et
611 3168 889 3241 unguibus
916 3176 1197 3235 appetere,
1228 3164 1488 3232 illiusque
1517 3161 1782 3230 impetum
1815 3176 1903 3213 re-

327 3263 544 3316 tardare
570 3231 939 3325 nondestitit,
963 3260 1141 3312 donec
1177 3255 1631 3310 obtruncaretur.
1656 3249 1818 3316 Galli,
1845 3264 1905 3306 se
1931 3231 1976 3294 ‘3

324 3360 392 3411 ab
423 3358 552 3409 alite
582 3356 755 3408 victos
792 3350 1087 3420 indignati,
1122 3349 1308 3404 statim
1335 3347 1614 3401 Romanos
1639 3342 1905 3399 iracunde

323 3449 648 3502 invaserunt
681 3459 697 3510 ;
743 3441 855 3512 '.sed
900 3441 1042 3496 male
1082 3438 1301 3495 traetati
1339 3445 1709 3493 recesserunt.
1750 3436 1906 3492 Vale-

324 3537 443 3594 rius
472 3537 543 3593 'ab
584 3536 677 3590 illo
716 3533 881 3604 362
925 3531 1078 3587 corvi
1131 3530 1339 3586 auxilio
1378 3527 1656 3584 Corvinus
1691 3537 1775 3581 est
1798 3542 1901 3597 ap-

322 3632 577 3702 pellatus.
614 3625 821 3680 Deinde
858 3635 979 3677 orta
1018 3624 1163 3678 inter
1211 3621 1488 3676 exercitus
1533 3620 1904 3684 dissensione,

322 3738 388 3777 ac
416 3720 561 3775 belio
607 3717 757 3774 civili
786 3716 1131 3781 imminente,
1173 3714 1373 3770 seditio
1399 3727 1719 3784 compressa
1756 3719 1843 3766 est
1883 3728 1897 3764 :

324 3825 447 3867 cum
485 3809 568 3861 ha:
619 3808 765 3876 leges
799 3813 983 3860 essent
1015 3805 1161 3868 latae,
1202 3813 1261 3858 ut
1299 3818 1480 3874 neque
1523 3802 1731 3857 invitus
1759 3800 1909 3872 quis-

324 3915 487 3972 quam
534 3915 601 3954 οι
650 3898 776 3952 albo
810 3896 1048 3951 militum
1085 3894 1383 3961 deleretur,
1424 3908 1605 3963 neque
1647 3894 1909 3948 tribunus

325 3991 577 4047 centurio
627 3988 805 4051 ﬁeret,
864 3995 925 4041 ut
974 3986 1256 4041 consulem
1289 3993 1588 4056 utrumque
1639 4000 1707 4041 ex
1748 3985 1909 4057 plebe

323 4084 495 4140 creari
536 4085 750 4144 liceret,
784 4088 846 4134 ut
890 4080 1034 4135 idem
1067 4078 1230 4133 binos
1261 4077 1455 4133 eodem
1501 4086 1751 4148 tempore
1790 4092 1909 4132 ma-

324 4180 585 4251 gistratus
633 4191 740 4231 nou
797 4182 1034 4246 gereret,
1095 4187 1198 4228 nec
1250 4172 1506 4227 eumdem
1560 4170 1648 4226 bis
1696 4170 1842 4226 intra
1873 4186 1909 4224 ι

327 4282 523 4323 annos.

2003 1965 2175 2019 Ταῦθ’
2201 1965 2346 2018 οὕτω
2370 1967 2486 2028 τοῖς
2533 1964 2830 2035 Ῥωμαίοις
2869 1956 3186 2031 ἱστόρηται·
3224 1960 3272 2012 εἰ
3295 1956 3356 2011 δέ
3380 1973 3458 2027 τῳ
3478 1970 3580 2024 μυ-

2000 2059 2146 2130 θώδη
2197 2057 2442 2130 κριθείη,
2475 2058 2571 2111 καὶ
2622 2056 2701 2128 μὴ
2731 2056 2923 2120 πιστά,
2953 2053 3166 2119 ἔξεστίν
3192 2052 3242 2105 οἱ
3278 2050 3355 2122 μὴ
3410 2063 3581 2118 προσ-

1999 2153 2146 2225 έχειν
2178 2153 2387 2216 αὐτοῖς,
2420 2151 2547 2215 Τοῖς
2592 2150 2899 2220 Ῥωμαίοις
2930 2149 2989 2203 δέ
3020 2146 3252 2217 πόλεμοι
3294 2138 3452 2206 αὖθις
3484 2141 3582 2195 καὶ

2000 2244 2151 2315 παρά
2176 2242 2454 2308 Γαλατῶν,
2480 2242 2578 2296 καὶ
2601 2242 2692 2309 ὑφ’
2721 2241 2931 2311 ἐτέρων
2964 2237 3137 2292 ἐθνῶν
3172 2233 3580 2307 ἐπηνέχθησαν,

2000 2335 2118 2391 ἀλλ’
2148 2334 2566 2406 ἀπεκρούσαντο
2596 2335 2811 2398 πάντας
2848 2332 2928 2403 πῆ
2963 2331 3063 2403 μὲν
3104 2330 3369 2392 ὑπάτους,
3402 2326 3481 2397 πῆ
3509 2326 3566 2377 δέ

2000 2428 2327 2500 δικτάτορας
2370 2427 2778 2499 ψηφιζόμενοι·
2805 2428 2895 2480 ὅτε
2927 2426 3025 2479 καί
3063 2441 3115 2477 τι
3149 2420 3395 2476 τοιοῦτον
3437 2437 3581 2491 συμ-

2004 2519 2220 2588 Βέϐηκε
2239 2536 2254 2551 ·
2286 2519 2564 2590 δικτάτωρ
2598 2516 2792 2590 ἐλέχθη
2809 2515 3041 2579 Λούκιος
3069 2512 3374 2585 Κάμιλλος,
3406 2513 3585 2568 Γαλα-

2000 2611 2113 2664 τῶν
2158 2611 2609 2682 κατατρεχόντων
2633 2611 2700 2664 τά
2747 2610 2854 2663 ὑπὸ
2894 2607 3135 2676 Ῥώμην.
3175 2607 3273 2669 Ὃς
3320 2605 3417 2659 ἐπὶ
3451 2604 3582 2668 τοὺς

2003 2701 2328 2774 Βαρϐάρους
2381 2702 2661 2775 ὁρμήσας,
2699 2698 2931 2771 γνώμην
2964 2695 3080 2769 εἶχε
3105 2696 3314 2767 τρίϐειν
3342 2696 3434 2749 τὸν
3463 2710 3586 2749 καιο

2010 2795 2127 2866 ρδν,
2177 2795 2275 2848 καὶ
2332 2794 2408 2866 μὴ
2444 2793 2873 2847 διακινδυνεύειν
2910 2790 3048 2863 πρὸς
3097 2790 3424 2860 ἀνθρώπους
3451 2788 3589 2842 ἀπο-

2009 2888 2133 2958 νοίᾳ
2164 2887 2507 2958 χρωμένους.
2566 2884 2730 2956 Ῥᾷον
2767 2885 2876 2956 γάρ
2906 2884 3107 2947 αὐτοὺς
3126 2882 3222 2935 καὶ
3248 2880 3584 2951 ἀσφαλέστε-

2008 2996 2100 3050 ρον
2147 2978 2355 3050 ἀπορίᾳ
2398 2977 2618 3049 τροφῶν
2657 2975 3033 3049 ἐκτρυχώσειν
3077 2976 3294 3046 ἡλπισε.
3338 2972 3586 3043 Γαλάτης

2003 3070 2059 3123 δέ
2082 3088 2168 3135 τις
2194 3073 2274 3135 είς
2324 3070 2669 3142 μονομαχίαν
2689 3070 2817 3125 τινὰ
2878 3070 2989 3122 τῶν
3019 3068 3313 3138 Ῥωμαίων
3344 3081 3588 3137 προεκα-

2005 3163 2170 3228 λεῖτο,
2222 3163 2319 3216 καὶ
2359 3162 2595 3235 ἀντέστη
2649 3161 2801 3233 αύτῷ
2847 3160 3181 3231 Οὐαλλέριος
3236 3159 3465 3231 Μάρκος
3503 3176 3588 3230 χι-

2007 3253 2274 3324 λιαρχῶν,
2294 3255 2323 3307 ὁ
2356 3252 2454 3307 τοῦ
2487 3253 2753 3325 Μαξίμου
2783 3254 2997 3308 ἐκείνου
3023 3252 3269 3323 ἔγγονος.
3303 3253 3412 3306 Καὶ
3438 3251 3586 3322 λαμ-

2008 3345 2124 3415 πρὰ
2165 3340 2266 3415 ειέν
2298 3347 2332 3417 ή
2396 3345 2546 3418 μάχη
2590 3345 2802 3418 προέϐη
2842 3346 3086 3416 ἀμφοῖν·
3136 3344 3166 3398 ό
3228 3344 3329 3416 μὲν
3374 3344 3488 3415 γὰρ
3519 3345 3587 3414 τῇ

2007 3437 2169 3506 σοφίᾳ
2201 3437 2294 3490 καὶ
2348 3440 2416 3508 τῇ
2460 3438 2846 3510 περιτεχνήσει
2895 3436 3225 3510 προέφερεν,
3278 3435 3387 3491 ὁδέ
3413 3436 3591 3492 Γαλά-

2004 3544 2108 3595 της
2139 3531 2206 3599 τῇ
2250 3528 2399 3600 ίσχύῐ
2432 3531 2529 3584 καὶ⁸
2576 3533 2645 3602 τῇ
2684 3530 2862 3600 τόλμῃ
2891 3543 2906 3559 ·
2934 3529 3027 3583 ἐπὶ
3076 3528 3239 3583 πλέον
3263 3527 3310 3582 δ’
3337 3528 3588 3598 ἐθαυμα-

2010 3619 2217 3691 στώθη,
2262 3623 2347 3677 ὅτι
2378 3622 2455 3693 τῷ
2499 3623 2839 3693 Οὐαλλερίου
2899 3621 3095 3694 κράνει
3144 3620 3317 3693 κόραξ
3355 3620 3593 3690 ἐφιπτά-

2006 3730 2170 3783 μενος
2194 3713 2295 3769 καὶ
2332 3713 2585 3786 κρώξων,
2612 3716 2695 3779 εἰς
2726 3714 2818 3769 τὸν
2845 3715 3130 3787 Βάρϐαρον
3174 3712 3592 3784 ἐνεχρίμπτετο,

2003 3808 2099 3860 καὶ
2128 3808 2233 3877 τήν
2260 3824 2322 3862 τε
2366 3806 2494 3877 ὄψιν
2530 3807 2698 3863 αύτοῦ
2741 3808 3109 3879 ἐπετάρασσε,
3148 3806 3246 3860 καλ⁵
3281 3805 3382 3875 τὴν
3411 3802 3591 3875 ὁρμὴν

2003 3897 2284 3963 ἐνεπόδιζε
2308 3936 2324 3963 ,
2366 3899 2562 3970 μέχρις
2608 3893 2672 3955 οὗ
2724 3898 3128 3972 κατειργάσθη.
3157 3896 3251 3951 Διδ
3272 3894 3588 3966 ἀγανακτή-

2014 4006 2210 4055 σαντες
2242 3991 2293 4044 oi
2342 3990 2584 4046 Γαλάται
2641 3990 2719 4055 ὡς
2754 3991 2861 4046 ὑπὸ
2907 3990 3127 4070 ὄρνιθος
3174 3986 3580 4061 ήλαττωμένοι,

2005 4079 2164 4152 θυμῷ
2190 4081 2396 4137 αὐτίκα
2427 4081 2728 4150 συνέμιξαν
2750 4085 2865 4147 τοῖς
2906 4081 3230 4153 Ῥωμαίοις,
3270 4080 3370 4135 καὶ
3404 4076 3595 4141 κακῶς

2005 4172 2443 4244 ἀπηλλάγησαν·
2489 4174 2519 4226 ὁ
2569 4173 2616 4226 δ’
2643 4173 2978 4245 Οὐαλλέριος
3014 4174 3126 4227 ἀπὸ
3161 4168 3262 4241 τῆς
3294 4171 3390 4224 τοῦ
3417 4169 3586 4241 κόρα-

2005 4280 2101 4329 κος
2127 4264 2469 4340 συμμαχίας,
2488 4265 2786 4337 Κορουϊνος
2803 4262 3192 4334 ἐπωνομάσθη.
3214 4262 3509 4316 Είσέπειτα
3535 4260 3595 4314 δέ

324 4361 434 4427 τῶν
489 4358 917 4432 στρατευμάτων
979 4356 1394 4412 στασιασάντων
1419 4398 1436 4425 ,
1465 4357 1560 4410 καὶ
1613 4356 1882 4428 ἐμφυλίου
1926 4359 2171 4430 πολέμου
2203 4360 2461 4430 γενέσθαι
2495 4361 2807 4432 μέλλοντος,
2839 4359 3268 4432 κατηλλάγησαν
3289 4360 3340 4414 ot
3367 4356 3595 4413 σετασιά⁴

328 4470 546 4517 σαντες,
594 4451 776 4519 νόμων
803 4449 1094 4515 τεθέντων,
1140 4449 1268 4521 μήτ’
1299 4448 1506 4503 ἄκοντά
1543 4466 1667 4505 τινα
1704 4450 1799 4505 τοῦ
1832 4452 2143 4522 καταλόγου
2184 4453 2613 4523 ἀπαλείφεσθαι,
2669 4455 2809 4526 μήτε
2851 4453 2945 4508 τὸν
2985 4452 3426 4524 χιλιαρχήσαντα
3465 4451 3596 4505 ἐκα-

325 4543 667 4612 τονταρχεῖν,
717 4541 813 4594 καὶ
883 4541 1013 4604 τοὺς
1060 4542 1304 4602 ὑπάτους
1346 4540 1442 4594 καὶ
1488 4541 1659 4610 ἄμφω
1706 4542 1827 4607 ἐξὸν
1857 4537 2023 4609 εῖναι,
2064 4547 2160 4599 καὶ
2185 4548 2251 4599 ἐκ
2275 4546 2371 4599 τοῦ
2405 4546 2650 4618 πλήθους
2670 4545 3062 4613 καθίστασθαι,
3111 4546 3210 4599 καὶ
3265 4545 3357 4599 τὸν
3426 4546 3591 4601 αὑτὸν

329 4639 465 4703 μήτε
508 4633 618 4685 δύω
680 4632 797 4702 ἅμα
837 4631 1033 4703 ἀρχὰς,
1091 4632 1232 4702 μήτε
1262 4631 1360 4704 τὴν
1383 4631 1556 4703 αὐτὴν
1584 4632 1666 4697 δὶς
1708 4635 1859 4697 ἐντὸς
1880 4633 2013 4687 δέκα
2041 4636 2236 4706 ἄρχειν
2266 4635 2429 4691 ἐτῶν.

397 4722 588 4779 XXVI.
618 4723 749 4778 Post
795 4724 914 4778 haec
939 4722 1122 4777 Latini
1173 4722 1332 4790 socii,
1366 4723 1495 4793 quia
1546 4725 1692 4794 pube
1736 4726 1901 4780 conti-

2089 4726 2236 4795 κε’.
2290 4729 2514 4782 Λατῖνοι
2574 4727 2632 4783 δέ
2680 4729 2890 4801 καίπερ
2928 4728 3208 4785 ἔνσπονδοι
3276 4733 3392 4795 τοῖς
3465 4732 3600 4787 Ῥω·-

328 4817 590 4871 nentibus
625 4815 1074 4885 expeditionibus
1097 4815 1313 4886 egregie
1341 4816 1642 4872 exercitata
1666 4815 1916 4873 abunda-

2018 4820 2207 4891 μαίοις
2240 4820 2418 4887 ὄντες,
2456 4823 2809 4894 ἀπέστησαν,
2845 4821 2945 4875 καὶ
3004 4823 3244 4893 πόλεμον
3278 4822 3505 4895 ἤραντο,
3538 4827 3599 4877 ἐν

328 4908 483 4971 bant,
527 4906 654 4961 elati
692 4906 894 4961 animis
942 4906 1287 4968 deiecerunt,
1317 4915 1373 4962 et
1416 4907 1678 4963 Romanis
1709 4907 1901 4963 bellum

2011 4914 2328 4985 φρονήματι
2379 4915 2691 4984 γεγονότες,
2733 4915 2819 4969 ὅτι
2858 4930 2920 4967 τε
2949 4915 3166 4987 νεότητι
3188 4916 3464 4986 ἤκμαζον,
3494 4916 3593 4971 καὶ

325 4998 663 5055 intulerunt.
713 4996 931 5063 Quibus
964 4997 1280 5068 Torquatus
1320 4999 1548 5054 tertium
1604 5008 1658 5054 et
1709 4999 1914 5057 Decius

323 5092 453 5149 leCti
481 5093 736 5148 consules
767 5091 989 5147 obviam
1024 5092 1255 5163 profecti
1299 5101 1451 5161 sunt,
1484 5101 1542 5149 et
1571 5102 1733 5151 atrox
1766 5110 1908 5165 prae-

324 5184 460 5239 lium
483 5186 841 5240 commissum
874 5201 887 5239 :
924 5194 1157 5257 utraque
1186 5186 1303 5240 acie
1329 5185 1701 5254 existimante,
1750 5200 1818 5240 eo
1845 5199 1908 5241 ao

326 5277 416 5332 die
445 5286 500 5331 ct
546 5278 766 5333 virtutis
811 5285 867 5333 et
920 5275 1157 5332 fortuna:
1202 5293 1314 5332 sua:
1356 5275 1572 5333 illustre
1621 5277 1905 5348 specimen

326 5370 624 5425 edituram.
659 5368 735 5425 Ea
762 5384 947 5441 pugna
976 5379 1181 5425 eventu
1205 5369 1442 5441 quodam
1469 5369 1614 5427 facta
1642 5379 1726 5426 est
1756 5372 1903 5427 cele-

328 5461 500 5517 brior.
533 5462 670 5516 Cum
697 5464 845 5517 enim
876 5461 1104 5518 Latinos
1129 5463 1325 5517 eodem
1356 5477 1641 5518 armorum
1678 5478 1905 5534 genere,

326 5551 633 5622 eademque
672 5553 885 5624 lingua,
921 5570 1030 5623 qua
1072 5555 1375 5620 Romanus,
1408 5557 1666 5611 consules
1703 5556 1786 5610 uti
1831 5556 1911 5610 vi-

342 5643 581 5698 derent;
616 5646 778 5699 veriti
814 5661 883 5700 ne
910 5647 1004 5715 qui
1041 5649 1278 5702 militum
1306 5648 1627 5705 discrimine
1667 5648 1913 5705 hostium

338 5741 394 5785 et
423 5747 650 5787 suorum
694 5750 805 5790 non
850 5736 1010 5792 facile
1037 5739 1353 5806 observato,
1383 5750 1637 5797 errarent
1666 5758 1681 5795 :
1715 5751 1916 5811 praeter

334 5818 439 5874 alia
469 5820 768 5894 diligenter
800 5827 1172 5899 observanda,
1207 5831 1343 5889 illud
1383 5833 1553 5890 etiam
1597 5835 1914 5904 edixerunt,

2008 5002 2080 5058 τά
2118 5004 2400 5076 πολεμικά
2444 5004 2511 5060 ἐκ
2574 5005 2674 5078 τῆς
2748 5005 2840 5059 ἀεὶ
2888 5005 2988 5058 σὺν
3041 5005 3232 5068 αὐτοῖς
3290 5005 3592 5077 στρατείας

2007 5096 2257 5169 ἀκριϐῶς
2314 5097 2578 5168 ἤσκηντο.
2632 5098 2698 5152 Οί
2752 5098 2811 5152 δέ
2863 5097 3026 5153 τοῦτο
3059 5097 3285 5167 γνόντες
3342 5097 3592 5171 ἐξῆλθον,

2015 5187 2221 5244 ὕπατον
2251 5188 2344 5242 τὸν
2376 5205 2438 5242 τε
2467 5190 2852 5260 Τουρκουάτον
2874 5190 2936 5243 τὸ
2963 5190 3152 5260 τρίτον
3183 5191 3456 5260 ἑλόμενοι,
3499 5190 3601 5246 καὶ

2013 5278 2106 5333 τὸν
2134 5280 2346 5346 Δέκιον,
2372 5282 2468 5334 καὶ
2493 5282 2840 5352 ἐμαχέσαντο
2881 5281 3063 5345 αὐτοῖς
3093 5282 3364 5352 κραταιὰν
3392 5283 3601 5353 μάχην,

2014 5372 2200 5443 κρίσιν
2258 5372 2359 5443 τὴν
2414 5373 2630 5443 ἡμέραν
2682 5373 2903 5445 ἐκείνην
2973 5374 3231 5445 ἑκάτεροι
3286 5374 3602 5447 νομίζοντες

2012 5464 2217 5536 ἀκριϐῆ
2255 5465 2357 5536 τῆς
2431 5466 2702 5538 σφετέρας
2757 5465 2929 5536 τύχης
2982 5483 3043 5519 τε
3085 5470 3182 5520 καὶ
3226 5468 3327 5537 τῆς
3368 5466 3601 5537 ἀρετῆς.

2014 5555 2202 5621 Ἔδοξε
2228 5557 2286 5610 δέ
2304 5561 2754 5629 περιφανεστέρα
2786 5559 2820 5630 ή
2852 5559 3001 5629 μάχη
3049 5559 3144 5611 καὶ
3173 5557 3262 5614 διά
3291 5576 3347 5612 τι
3393 5559 3603 5630 συμϐε-

2013 5647 2200 5719 ϐηκός.
2250 5648 2392 5714 Τοὺς
2450 5650 2561 5720 γὰρ
2618 5650 2894 5714 Λατίνους
2947 5653 2999 5705 oi
3064 5651 3263 5706 ὕπατοι
3317 5653 3414 5706 καὶ
3466 5655 3601 5721 ὁμο-

2016 5740 2248 5806 σκεύους
2295 5745 2392 5797 καὶ
2436 5742 2760 5816 ὁμοφώνους
2824 5748 2937 5807 τοῖς
3000 5742 3297 5815 Ῥωμαίοις
3338 5745 3599 5816 ὁρῶντες,

2020 5835 2381 5908 ἐφοϐήθησαν
2434 5837 2512 5908 μὴ
2555 5836 2667 5896 τῶν
2711 5838 3067 5911 στρατιωτῶν
3124 5856 3273 5904 τινες
3326 5838 3605 5910 σφαλῶσι,
