4060 6420
535 417 643 510 625

1758 447 2152 507 ANNALlUM
2189 446 2328 504 ΗΒ.
2373 444 2504 502 ΥΠ.

3683 442 3715 502 6
3724 440 3787 499 36

532 555 592 607 τό
624 571 682 606 τε
705 556 902 608 οἰκεῖον
922 556 1014 610 καὶ
1035 555 1096 609 τὸ
1124 555 1384 628 πολέμιον
1408 557 1486 630 μὴ
1511 559 1685 630 ῥᾷστα
1710 557 2103 626 διαγινώσκου-

2212 571 2280 609 ne
2318 557 2441 625 quis
2466 564 2615 608 extra
2649 555 2899 608 ordinem
2935 552 2988 605 in
3017 551 3231 604 hostem
3263 558 3547 621 pugnaret.
3578 550 3640 604 Ei
3673 549 3792 603 edi-

534 664 646 709 τες.
703 647 812 699 Kal
856 647 943 701 διὰ
994 647 1156 702 τοῦτο
1211 651 1474 718 προεῖπον
1538 652 1691 718 σφίσι
1758 651 1826 704 τά
1880 668 1938 704 τε
1987 650 2103 704 mc

2220 659 2311 702 cto
2355 647 2537 702 (ξενίοιιὶ
2583 655 2905 717 paruerunt.
2938 645 3044 699 Sed
3073 645 3333 713 Torquati
3384 643 3552 705 illius,
3583 643 3676 712 qui
3711 644 3797 696 in-

536 741 886 808 παρατηρεῖν
962 739 1228 810 ἀκριϐῶς,
1299 742 1396 793 καὶ
1470 741 1595 794 καθ’
1647 741 1842 795 ἑαυτὸν
1917 742 2118 812 μηδένα

539 831 728 900 μηδενὶ
752 830 862 884 τῶν
899 832 1160 885 ἐναντίων
1220 833 1541 904 συμϐαλεῖν.
1571 834 1744 888 Τοῦτο
1787 833 1851 904 δὴ
1881 834 1942 887 τὸ
1973 853 2111 904 παρ-

532 924 789 992 άγγελμα
850 926 902 978 οἱ
965 925 1065 994 μὲν
1109 926 1406 997 ἐτήρησαν.
1468 929 1495 980 ὁ
1548 927 1606 980 δὲ
1667 927 1764 980 τοῦ
1804 929 2115 1001 Τουρκουά-

537 1034 632 1070 του
667 1020 819 1083 παῖς,
846 1023 1287 1089 στρατευόμενος
1318 1022 1374 1073 ἐν
1403 1023 1518 1082 τοῖς
1551 1021 1805 1082 ίππεῢσι,
1840 1023 1935 1076 xal
1965 1040 2110 1092 πεμ-

534 1108 692 1176 φθεὶς
723 1109 858 1178 πρὶς
889 1109 1246 1180 κατασκοπὴν
1275 1110 1382 1163 τῶν
1408 1111 1690 1174 ἐναντίων,
1725 1113 1981 1181 παρεῖδεν
2017 1113 2116 1165 οὐκ

533 1198 812 1272 αὐθαδείᾳ.
846 1200 984 1255 ἀλλὰ
1033 1203 1219 1271 μέντοι
1255 1201 1562 1274 φιλοτιμία.
1609 1203 1771 1257 Ἐπεὶ
1821 1205 1933 1274 γὰρ
1964 1206 1990 1256 ὁ
2020 1204 2114 1256 ῖπο

535 1307 745 1360 παρχος
791 1289 902 1343 τῶν
929 1292 1204 1355 Λατίνων,
1255 1293 1382 1346 ίδὼν
1424 1294 1588 1348 αὐτὸν
1626 1295 2114 1366 προσιόντα,,πρδς

537 1383 876 1454 μονομαχίαν
921 1385 1357 1455 προεκαλέσατο,
1395 1387 1491 1439 καὶ
1528 1386 1604 1457 μὴ
1648 1385 1947 1456 δεξάμενον
1980 1386 2114 1439 ταύ-

533 1492 636 1544 την
665 1474 752 1527 διὰ
785 1474 885 1544 τὴν
917 1475 1249 1545 πρόρρησιν,
1293 1475 1620 1547 παρώξυνεν
1648 1478 1820 1530 εἰπών
1848 1491 1862 1505 ·
1904 1477 1987 1530 Οὐ
2024 1476 2106 1529 σὺ

528 1567 736 1636 μέντοι
789 1568 1203 1636 Τουρκουάτου
1248 1570 1378 1634 υἱὸς
1431 1565 1527 1633 εἷς
1561 1571 1644 1623 Οὐ
1710 1572 1979 1638 σεμνύνῃ
2034 1569 2112 1635 τῷ

533 1656 805 1724 στρεπτῷ
840 1658 945 1712 τοῦ
967 1658 1228 1726 πατρός;
1252 1657 1290 1727 ἢ
1324 1659 1473 1726 πρὸς
1522 1657 1641 1728 μὲν
1697 1659 1978 1725 Γαλάτας
2008 1660 2111 1714 ἁν-

535 1749 806 1818 θρώπους
849 1750 1112 1819 φθόρους
1141 1750 1406 1819 ἔρρωσθε
1434 1750 1530 1803 καὶ
1570 1749 1937 1817 ἀνδρίζεσθε,
1967 1752 2111 1816 τοὺς

533 1839 603 1892 δὲ
642 1840 718 1908 δὴ
769 1841 1065 1908 Λατίνους
1106 1840 1265 1910 ἡμᾶς
1299 1841 1622 1911 φοϐεῖσθε;
1652 1841 1717 1895 Τί
1758 1839 1873 1898 οὖν
1900 1844 2110 1911 ἄρχειν
2138 1891 2184 1949 Β

539 1930 709 1999 ἡμῶν
742 1931 1026 1999 ἁξιοῦτε;
1066 1933 1124 1986 τί
1149 1933 1202 1986 δ’
1231 1934 1313 2000 ὡς
1341 1936 1613 2003 χείροσιν
1645 1933 1810 2002 ὑμῶν
1854 1934 2104 1988 ἐπιτάσ-

535 2038 710 2088 σετε;
731 2024 992 2094 Ἔκφρων
1021 2025 1235 2092 ἐγένετο
1268 2025 1374 2078 ὑπὸ
1391 2024 1485 2079 τοῦ
1509 2024 1708 2096 θυμοῦ,
1733 2027 1826 2078 καὶ
1853 2025 1952 2095 τῆς
1970 2043 2109 2096 παρ-

543 2115 858 2181 αγγέλσεως
890 2116 1034 2169 ἐκὼν
1096 2115 1417 2182 ἐπελάθετο,
1445 2118 1540 2171 καὶ
1575 2120 1964 2189 μονομαχήσας
1996 2120 2108 2172 ἐνίο

435 2279 441 2284 _
534 2222 694 2274 κησε,
729 2207 824 2258 κα)⁴
868 2207 942 2265 τὰ
975 2207 1146 2260 σκύλα
1197 2209 1561 2279 μεγαφρονῶν
1617 2211 1847 2280 ἐκόμισε
1883 2210 1962 2271 τῷ
1999 2229 2106 2264 πα-

533 2295 643 2366 τρί.
704 2297 810 2350 Kal
871 2296 931 2361 δς
992 2298 1254 2368 ἀθροίσας
1304 2299 1366 2353 τὺ
1401 2300 1745 2371 στράτευμα,
1804 2304 2108 2368 Γενναίως

529 2386 663 2455 μὲν,
694 2387 818 2457 ἔφη,
840 2384 887 2444 ὦ
915 2388 1046 2453 παῖ,
1071 2389 1363 2459 ἑμαχέσω,
1381 2392 1479 2445 καὶ
1503 2390 1598 2446 διὰ
1622 2391 1801 2446 τοῦτό
1828 2407 1902 2446 σε
1933 2409 2107 2460 στρε-

534 2478 797 2546 φανώσω
823 2495 836 2510 '
895 2479 985 2533 ὅτι
1023 2479 1092 2532 δὲ
1124 2483 1191 2534 τὸ
1239 2482 1626 2550 προσταχθὲν
1662 2485 1734 2538 οὐ
1777 2483 2106 2552 παρετήρη.

532 2583 669 2634 σας,
700 2570 890 2624 καίτοι
922 2571 1019 2624 καὶ
1046 2572 1126 2638 ὡς
1154 2572 1283 2639 υίὸς
1306 2573 1650 2643 πειθαρχεῖν
1679 2575 1779 2632 καί
1812 2575 1889 2641 ὡς
1922 2592 2105 2644 στρα-

532 2660 749 2728 τιώτης
778 2661 1283 2733 ἀναγκαζόμενος,
1313 2664 1411 2719 διὰ
1445 2665 1626 2720 τοῦτό
1657 2681 1730 2721 σε
1773 2666 2101 2732 δικαιώσω,

532 2753 634 2807 ἵνα
659 2754 756 2808 καὶ
789 2754 854 2808 τὸ
883 2753 996 2823 τῆς
1024 2756 1333 2824 ἀριστείας
1359 2751 1572 2823 ἆθλον,
1603 2759 1702 2812 καί
1744 2757 1811 2812 τὸ
1845 2757 1954 2827 τῆς
1995 2759 2100 2814 ἀν-

533 2847 868 2913 ηκουστίας
892 2847 1115 2918 τίμημα
1140 2847 1334 2917 λήψῃ.
1363 2831 1528 2902 Ταῧτ’
1556 2848 1746 2917 εἰπὼν,
1781 2851 1897 2920 ἃμα
1923 2851 2015 2904 τόν
2046 2867 2107 2903 τε

535 2939 796 3006 στέφανον
844 2941 908 3010 τῇ
970 2939 1177 3010 κεφαλῇ
1229 2939 1395 2994 αὐτοῦ
1447 2941 1697 3008 ἐπέθετο,
1770 2944 1864 2995 καὶ
1926 2943 2101 3012 αὐτὴν

532 3029 749 3102 ἐκείνην
766 3031 1058 3100 ἀπέτεμεν.
1091 3030 1226 3086 Εἶτα
1247 3033 1383 3105 ὖναρ
1415 3035 1621 3104 ἀμφοῖν
1649 3037 1764 3094 τοῖς
1793 3035 2020 3097 ὑπάτοις
2048 3037 2106 3089 ἐν

531 3123 597 3192 τῇ
625 3122 763 3193 αὐτῇ
795 3124 950 3176 νυκτὶ
978 3123 1178 3193 ὁμοίως
1202 3125 1370 3192 φανὲν
1396 3124 1543 3193 ἔδοξε
1572 3126 1780 3195 λέγειν,
1814 3127 1927 3180 τῶν
1954 3129 2105 3180 ἐναν-

2221 748 2306 793 ter
2346 738 2561 808 equites
2603 737 2897 799 militabat,
2925 736 2990 789 ad
3028 735 3398 804 explorandos
3432 743 3661 790 conatus
3693 734 3794 786 ho-

2220 833 2390 887 stium
2436 831 2658 895 missus,
2722 829 2774 884 id
2829 843 2940 883 non
2987 837 3094 882 tam
3143 845 3209 882 ex
3253 829 3600 882 contumacia
3631 841 3793 895 quant

2219 925 2522 979 ambitione
2554 923 2814 994 neglexit.
2850 923 2985 978 Nam
3022 921 3346 976 Latinorum
3386 918 3638 988 equitum
3678 932 3796 970 ma-

2216 1017 2387 1086 gister
2439 1031 2564 1070 eum
2615 1017 2969 1070 accedentem
3032 1013 3410 1082 conspicatus,
3473 1009 3540 1064 ad
3603 1009 3796 1077 singu-

2219 1110 2332 1162 lare
2383 1117 2662 1162 certamen
2709 1106 3062 1176 provocavit;
3094 1105 3258 1174 idque
3299 1102 3392 1157 illo
3435 1109 3662 1172 propter
3709 1115 3800 1168 pa-

2221 1200 2323 1252 tris
2367 1199 2612 1254 edictum
2663 1198 3030 1257 detrectante.
3087 1195 3410 1250 dixitzNon
3451 1202 3506 1246 tu
3547 1192 3799 1260 Torquati

2214 1289 2357 1357 filius
2401 1287 2498 1342 es?
2556 1305 2661 1342 non
2712 1296 2896 1359 torque
2938 1288 3174 1358 parentis
3221 1284 3518 1356 gloriaris?
3553 1286 3627 1337 An
3661 1299 3790 1365 con-

2217 1390 2301 1433 ινα
2337 1380 2524 1436 Gallos
2561 1381 2798 1434 homines
2833 1380 3064 1450 perditos
3098 1386 3307 1431 tantum
3340 1379 3436 1431 utri
3465 1377 3625 1444 [artes
3655 1375 3797 1436 estis,

2213 1488 2306 1524 nos
2334 1488 2454 1525 vero
2498 1471 2714 1527 Latinos
2745 1472 3045 1541 formidatis
3068 1471 3094 1525 .’
3117 1470 3224 1526 Cur
3257 1486 3380 1539 ergo
3407 1469 3553 1522 nobis
3581 1468 3798 1536 imperi-

2217 1573 2332 1616 tare
2365 1560 2523 1617 vultis
2545 1563 2570 1615 ?
2599 1579 2695 1616 cur
2724 1571 2781 1616 ut
2833 1563 3178 1616 deterioribus
3227 1559 3564 1629 prwscribitis
3590 1557 3615 1611 ?
3647 1557 3798 1611 Man-

2212 1657 2320 1710 lius
2335 1670 2489 1718 vcro,
2513 1671 2627 1725 prae
2662 1655 2950 1710 iracundia
2977 1655 3065 1708 vix
3098 1652 3302 1707 mentis
3337 1666 3587 1720 compos,
3619 1659 3671 1703 et
3702 1665 3798 1718 pa-

2167 1738 2169 1741 ’
2212 1748 2355 1801 terni
2383 1746 2551 1817 edicti
2585 1747 2731 1801 ultro
2770 1747 3000 1810 oblitus,
3035 1746 3249 1799 hostem
3284 1743 3474 1804 vincit,
3517 1741 3796 1795 detracta-

2211 1854 2318 1908 que
2344 1840 2516 1908 spolia
2540 1853 2736 1908 magno
2765 1837 2950 1891 animo
2992 1837 3233 1905 parentit
3256 1833 3433 1888 all'crt.
3467 1833 3540 1896 Is,
3591 1846 3790 1885 convo-

2215 1939 2341 1985 cato
2397 1931 2643 1987 exercitu
2690 1947 2703 1984 :
2750 1929 2986 1984 Fortiter
3027 1945 3172 1992 sane,
3231 1926 3432 1996 inquit,
3477 1925 3580 1994 ﬁli.
3639 1924 3798 1977 dimi-

2215 2025 2370 2089 casti,
2414 2041 2579 2096 eaque
2617 2026 2682 2078 de
2716 2040 2877 2078 causa
2933 2031 2982 2074 te
3018 2036 3212 2074 corona
3247 2018 3452 2071 donabo
3487 2033 3502 2070 :
3533 2018 3623 2070 sed
3675 2017 3799 2085 quia

2212 2132 2378 2185 neque
2416 2117 2698 2184 imperium
2735 2114 3035 2176 consulare,
3093 2130 3262 2184 neque
3319 2115 3656 2184 majestatem
3704 2127 3798 2179 pa-

2209 2207 2372 2258 triam
2451 2204 2650 2258 veritus
2717 2221 2791 2264 es,
2857 2219 2917 2256 ea
2979 2203 3346 2257 moderatione
3436 2201 3683 2254 adversus
3750 2205 3798 2248 te

2208 2303 2355 2360 utar,
2414 2305 2469 2349 ut
2513 2303 2560 2348 et
2594 2296 2799 2349 virtutis
2846 2296 3076 2364 fructum
3107 2296 3391 2366 percipias,
3435 2303 3483 2348 et
3523 2299 3799 2346 contuma-

2207 2388 2300 2440 cia
2351 2403 2528 2455 plenas
2579 2386 2690 2440 des.
2745 2384 2869 2439 llaec
2923 2384 3136 2447 dicens,
3200 2384 3367 2439 simul
3424 2393 3479 2438 et
3534 2393 3798 2436 coronam

2209 2477 2372 2546 capiti
2405 2479 2525 2547 ejus
2563 2477 2854 2546 imposuit,
2897 2485 2954 2530 et
3015 2484 3182 2545 caput
3219 2476 3544 2544 amputavit.
3589 2471 3797 2527 Deinde

2206 2567 2368 2639 363
2429 2567 2620 2624 eadem
2686 2577 2845 2623 nocte
2900 2576 3129 2637 uterque
3183 2568 3379 2623 consul
3463 2567 3518 2620 in
3588 2564 3798 2621 somnis

2206 2677 2396 2719 vocem
2429 2663 2622 2719 audire
2663 2664 2770 2718 sibi
2802 2664 2956 2718 visus
2998 2673 3103 2728 est,
3153 2663 3430 2718 dicentem
3480 2662 3798 2731 superiores

2207 2754 2325 2811 fore
2360 2757 2635 2822 hostibus,
2684 2757 2728 2811 si
2760 2757 2900 2812 alter
2947 2758 3140 2813 consul
3195 2772 3253 2811 se
3299 2757 3619 2811 devoveret.
3657 2755 3795 2809 Cum

2207 2848 2519 2914 diluxisset,
2568 2859 2804 2920 uterque
2853 2849 3011 2907 alteri
3053 2849 3331 2905 somnium
3378 2857 3601 2902 narrat:
3653 2845 3795 2900 divi-

2205 2958 2338 2997 num
2365 2942 2417 2998 id
2441 2957 2583 3006 esse,
2621 2943 2860 3012 ideoque
2891 2942 3388 3011 obtemperantium
3419 2941 3792 2996 consentiunt.

2205 3035 2283 3091 De
2330 3051 2398 3092 eo
2446 3044 2658 3090 tantum
2715 3035 3097 3090 controversia
3121 3043 3225 3098 est,
3280 3051 3389 3089 non
3425 3041 3550 3088 uter
3575 3041 3796 3086 maneat

2206 3125 2518 3190 incolumis,
2533 3126 2628 3181 sed
2645 3135 2771 3182 uter
2788 3141 2844 3182 se
2859 3127 3148 3183 devoveat.
3161 3127 3340 3182 Causa
3358 3125 3500 3196 apud
3513 3125 3794 3180 exercitus

3805 2273 3843 2310 θ

531 3214 661 3269 τίων
711 3214 1036 3285 κρατήσειν,
1080 3215 1146 3270 ἂν
1189 3217 1217 3269 δ
1255 3215 1446 3286 ἕτερος
1492 3217 1604 3272 τῶν
1648 3218 1872 3271 ὑπάτων
1914 3219 2103 3274 ἐαυτὸν

2208 3217 2483 3287 principes
2510 3217 2838 3287 disceptata,
2873 3218 3094 3272 tandem
3127 3219 3387 3273 ronvcuit
3422 3236 3436 3279 ;
3469 3218 3703 3272 alterum
3737 3218 3792 3272 in

531 3303 720 3376 ἐπιδῷ.
760 3305 903 3360 Μεθ’
934 3305 1150 3376 ἡμέραν
1180 3306 1274 3361 οὖν
1313 3307 1570 3378 ἀλλήλοις
1615 3309 1676 3363 τδ
1734 3310 1870 3381 ὄναρ
1914 3312 2106 3382 διηγηα

533 3397 781 3464 σάμενοι,
835 3397 1121 3452 συνέθεντο
1173 3398 1315 3452 οεῖον
1350 3396 1631 3467 εῖναι,καὶ
1687 3401 1976 3472 πεισθῆναι
1997 3405 2105 3458 δεῖν

529 3487 678 3556 αὐτῷ
729 3487 1113 3558 ὡμολόγησαν.
1187 3489 1648 3563 Ἦμφισϐήτησαν
1703 3495 1760 3549 δέ
1823 3498 1958 3567 πρὸς
2004 3499 2105 3551 ἀλ-

529 3576 747 3647 λήλους,
771 3579 867 3650 οὐχ
887 3579 946 3644 ὃς
975 3581 1045 3636 ἂν
1078 3581 1300 3654 σωθείη,
1327 3585 1443 3638 ἀλλ’
1471 3585 1528 3650 ὃς
1565 3586 1632 3640 ἂν
1669 3588 1872 3658 μᾶλλον
1907 3591 2104 3646 ἑαυτὸν

529 3667 720 3739 ἐπιδῷ.
755 3673 868 3724 Kal
927 3673 1080 3742 παρὰ
1130 3677 1246 3739 τοῖς
1287 3675 1525 3746 πρώτοις
1579 3677 1674 3732 τοῦ
1731 3683 2101 3750 στρατοπέδου

528 3761 1064 3833 ἐδικαιολογήσαντο.
1098 3765 1211 3820 Kal
1263 3769 1421 3833 τέλος
1485 3769 1649 3840 ῆρεσε
1686 3773 1858 3841 σφίσι,
1890 3775 1980 3827 τὸν
2005 3777 2104 3844 μὲν

527 3852 621 3905 ἐπὶ
647 3851 742 3905 τοῦ
778 3853 958 3919 δεξιοῦ
1005 3857 1209 3926 κέρως,
1251 3858 1344 3912 τὸν
1381 3859 1437 3914 δέ
1478 3862 1571 3914 ἐπὶ
1599 3862 1692 3916 τοῦ
1726 3863 1880 3918 λαιοῦ
1917 3884 2102 3937 παρα-

526 3943 818 4012 τάξασθαι,
849 3948 945 4002 καὶ
990 3951 1252 4021 ὁπότερον
1283 3953 1349 4006 ἂν
1381 3953 1607 4007 ἐκείνων
1651 3955 1953 4029 ἐλαττωθῇ,
2007 3961 2102 4012 τὸν

526 4037 613 4089 ἐπ’
662 4038 811 4108 αὐτῷ
855 4041 1197 4112 τεταγμένον
1269 4045 1587 4105 ἀποθανεῖν.
1641 4048 1892 4119 Τοσαύτη
1953 4049 1994 4103 δ’
2032 4047 2100 4122 ἦν

527 4129 816 4200 φιλοτιμία
867 4133 1052 4196 αὐτοῖς
1097 4133 1228 4202 περὶ
1269 4136 1371 4206 τὴν
1417 4137 1679 4204 ἐπίδοσιν,
1712 4135 1806 4202 ὡς’
1841 4139 2099 4212 εὔχεσθαι

521 4220 757 4276 ἕκαστον
783 4223 894 4276 τῶν
911 4225 1133 4279 ὑπάτων
1157 4226 1476 4297 ἡττηθῆναι,
1504 4230 1594 4284 ῖνα
1622 4229 1761 4304 τύχῃ
1785 4233 1887 4303 τῆς
1917 4234 2106 4288 ἐπιδό-

525 4331 687 4378 σεως,
716 4318 814 4368 καὶ
852 4319 954 4387 τῆς
1003 4317 1259 4383 εὐκλείας
1304 4320 1404 4391 τῆς
1445 4321 1507 4386 ἐξ
1549 4323 1741 4392 αὐτῆς.
1783 4324 2101 4394 Συμϐαλόν-

521 4425 612 4472 τες
660 4407 726 4461 δέ
777 4411 892 4474 τοῖς
935 4410 1208 4478 Λατίνοις,
1242 4413 1408 4484 μέχρι
1437 4415 1538 4484 μὲν
1586 4415 1787 4470 πολλοῦ
1818 4415 2097 4482 ἰσοπαλῶς

520 4499 860 4570 ἠγωνίσαντο
885 4517 900 4534 ·
942 4495 1066 4556 εἶτα
1097 4503 1242 4556 κατὰ
1267 4503 1362 4558 τὸν
1381 4505 1572 4559 Δέκιον
1607 4505 1777 4575 κέρας
1806 4508 2004 4578 μικρόν
2041 4525 2096 4562 τι

2215 3303 2429 3372 dextro,
2453 3305 2682 3360 alterum
2703 3304 2757 3358 in
2778 3305 3003 3360 sinistro
3019 3320 3192 3360 cornu
3210 3307 3560 3360 statuendum
3579 3321 3720 3371 esse,
3738 3316 3794 3360 et

2215 3405 2398 3450 utrum
2419 3396 2573 3466 prius
2597 3397 2899 3461 inclinarit,
2932 3397 3052 3468 ejus
3082 3397 3209 3452 duci
3257 3397 3625 3467 oppetendam
3661 3411 3784 3451 esse

2213 3495 2465 3542 mortem.
2491 3487 2778 3558 Tantaque
2808 3486 2911 3541 l'uit
2937 3487 3059 3558 ejus
3110 3487 3328 3543 decoris
3384 3488 3660 3558 cupiditas
3683 3527 3700 3552 ,
3729 3498 3790 3540 ut

2213 3587 2446 3649 uterque
2471 3594 2530 3636 se
2567 3581 2936 3635 succumbere
2979 3591 3220 3651 optaret,
3271 3590 3331 3635 ut
3374 3594 3429 3637 et
3478 3581 3792 3636 devotionis

2210 3680 2266 3725 et
2293 3671 2479 3741 gloriae
2514 3681 2895 3729 consecutum
2947 3688 3174 3744 compos
3223 3675 3569 3731 redderetur.
3623 3675 3791 3730 Exer-

2211 3760 2413 3817 citibus
2443 3763 2774 3832 congressis,
2817 3779 3000 3834 pugna
3038 3765 3134 3819 diu
3181 3781 3384 3836 auceps
3425 3765 3546 3820 fuit.
3581 3764 3790 3820 Deinde

2209 3869 2381 3910 cornu
2421 3856 2573 3911 Decii
2603 3857 2816 3913 Latinis
2865 3859 3118 3914 nonnihil
3169 3861 3354 3914 cessit.
3398 3859 3518 3926 Quo
3562 3860 3652 3914 ille
3695 3875 3791 3914 co-

2208 3945 2380 4016 gnito,
2413 3961 2473 4001 se
2499 3946 2746 4013 devovit,
2774 3957 2939 4019 atque
2966 3949 3138 4004 armis
3181 3950 3397 4018 positis,
3437 3960 3614 4021 togam
3649 3967 3788 4020 pra:-

2208 4049 2413 4095 textam
2447 4041 2647 4096 induit.
2683 4043 2873 4111 Itaque
2916 4059 3044 4097 cum
3077 4045 3326 4099 nonnulli
3362 4045 3416 4098 in
3467 4059 3671 4115 equum
3707 4047 3789 4099 in-

2207 4130 2446 4195 siluisse,
2489 4147 2554 4187 ac
2579 4131 2633 4186 in
2666 4133 2880 4188 medios
2908 4133 3096 4189 hostes
3120 4135 3397 4191 invectum
3421 4135 3785 4191 occubuisse:

2207 4222 2300 4277 alii
2335 4238 2366 4277 a
2408 4223 2783 4295 commilitone
2835 4226 3174 4281 immolatum
3219 4243 3341 4283 esse
3385 4228 3589 4284 ferunt.
3623 4228 3788 4284 Decio

2207 4316 2502 4384 defuncto,
2549 4318 2841 4374 victoriam
2882 4319 3116 4376 Romani
3182 4321 3329 4377 haud
3381 4321 3605 4378 dubiam
3658 4331 3788 4377 sunt

2206 4408 2413 4480 adepti,
2454 4408 2666 4466 Latinis
2695 4411 2952 4468 omnibus
2981 4412 3035 4466 in
3068 4411 3253 4484 fugam
3281 4414 3476 4480 versis,
3520 4429 3628 4470 non
3669 4413 3786 4469 uti-

2206 4515 2314 4570 que
2346 4499 2418 4555 ob
2450 4499 2602 4555 Decii
2642 4509 2901 4557 mortem.
2941 4501 3079 4569 Quis
3103 4505 3250 4558 enim
3278 4505 3466 4560 credat
3493 4505 3584 4560 tali
3617 4507 3784 4561 unius

521 4594 635 4654 τοῖς
671 4593 923 4655 Λατίνοις
973 4593 1269 4649 ἐνέκλινεν.
1305 4597 1372 4648 Ὃ
1412 4596 1575 4664 γνοὺς
1612 4598 1640 4650 ὁ
1661 4596 1874 4664 Δέκιος,
1901 4600 2095 4654 ἐαυτὸν

2206 4591 2302 4646 viri
2332 4592 2581 4661 interitu,
2633 4601 2842 4648 tantam
2898 4595 3308 4652 multitudinem
3366 4597 3496 4653 hinc
3558 4615 3778 4666 caesam,

520 4681 836 4747 ἐπιδέδωκε,
890 4681 988 4736 καὶ
1040 4682 1112 4736 τὰ
1165 4683 1306 4738 ὅπλα
1356 4683 1539 4752 ἐκδὺς,
1571 4685 1671 4757 τὴν
1695 4686 1902 4757 ἐσθῆτα
1930 4687 2086 4742 ἐνέδυ

520 4772 620 4845 τὴν
675 4773 1112 4847 περιπόρφυρον.
1165 4776 1277 4830 Καὶ
1309 4776 1359 4829 οἱ
1393 4776 1496 4846 μὲν
1516 4775 1660 4830 οὕτω
1688 4779 1856 4848 φασὶν
1883 4779 1970 4840 ἐφ’
1998 4780 2089 4833 ῖπ-

521 4879 624 4916 πον
665 4863 1015 4932 ἀναπηδῆσαι
1066 4863 1252 4933 αὐτὸν,
1310 4866 1405 4919 καὶ
1461 4866 1741 4922 εἰσελάσαι
1793 4869 1930 4940 πρὸς
1962 4870 2092 4934 τοὺς

521 4953 839 5024 πολεμίους,
897 4955 991 5008 καὶ
1037 4954 1133 5008 ὑπ’
1174 4956 1400 5011 ἐκείνων
1448 4958 1767 5014 ἀποθανεῖν·
1793 4963 1842 5015 οῖ
1885 4961 1944 5015 δὲ
1979 4961 2087 5016 ὑπὸ

523 5039 932 5111 συστρατιώτου
984 5041 1264 5096 πολιτικοῦ
1309 5045 1612 5114 σφαγῆναι.
1651 5047 1800 5111 Τέως
1823 5048 1880 5102 δὲ
1911 5049 2093 5105 τελευ-

520 5131 788 5202 τήσαντος
819 5131 915 5185 τοῦ
960 5133 1154 5186 Δεκίου
1190 5136 1306 5197 τοῖς
1347 5133 1652 5205 Ῥωμαίοις
1687 5139 1874 5209 ἡνίκη
1916 5142 2090 5196 καθα-

523 5225 632 5295 ρῶς
678 5227 1007 5298 συνηνέχθη,
1048 5228 1145 5283 καὶ
1169 5229 1220 5282 οἱ
1249 5230 1467 5284 Λατῖνοι
1507 5232 1712 5298 πάντες
1748 5236 2090 5309 ἐτράπησαν,

521 5316 581 5367 οὐ
611 5315 834 5381 πάντως
862 5317 918 5370 δέ
947 5319 1036 5372 διὰ
1065 5319 1157 5372 τὸν
1189 5319 1418 5375 θάνατον
1457 5324 1550 5377 τοῦ
1583 5326 1800 5380 Δεκίου·
1835 5330 1952 5394 πῶς
1982 5333 2090 5402 γὰρ

520 5407 587 5460 ἄν
626 5425 709 5472 τις
749 5410 1119 5477 πιστεύσειεν,
1154 5412 1211 5478 ἐξ
1260 5414 1381 5477 ἐνὸς
1416 5415 1612 5487 ἀνδρὸς
1657 5420 1877 5474 τοιᾶσδε
1908 5423 2092 5476 τελευ-

521 5500 617 5570 τῆς
652 5501 911 5556 τοσοῢτον
937 5503 1142 5575 πλῆθος
1201 5506 1504 5579 ἀνθρώπων
1533 5510 1595 5563 τὺ
1657 5513 1758 5580 μὲν
1788 5515 2086 5587 φθαρῆναι,

521 5591 582 5644 τὸ
607 5591 664 5645 δέ
698 5593 941 5664 σωθῆναι
971 5597 1068 5648 καὶ
1095 5596 1319 5665 νικῆσαι
1354 5602 1706 5670 περιφανῶς;
1739 5606 1804 5657 Ol
1842 5606 1962 5675 μὲν]
1991 5607 2090 5662 οὖν

521 5686 743 5738 Λατῖνοι
797 5687 970 5752 οὕτως
1015 5689 1274 5758 ἥττηντο,
1309 5692 1336 5743 δ
1377 5692 1435 5744 δέ
1465 5709 1528 5760 γε
1584 5693 1963 5767 Τουρκουᾶτος
1997 5703 2092 5756 καὶ

519 5773 611 5826 τὸν
646 5774 760 5827 υίὸν
810 5775 1169 5841 ἀποκτείνας,
1201 5779 1294 5831 καὶ
1333 5777 1431 5832 τοῦ
1483 5781 1848 5853 συνάρχοντος
1900 5785 2092 5857 τεθνηο

521 5865 699 5932 κότος,
739 5865 1018 5941 ἑώρτασεν
1058 5869 1208 5938 ὅμως
1231 5871 1299 5924 τὰ
1329 5871 1596 5928 ἐπινίκια.
1653 5870 1767 5930 Εἶτ’
1801 5868 1960 5943 αὖθις
1985 5879 2080 5934 αὑ-

2199 4682 2350 4737 illinc
2376 4692 2780 4749 conservatam,
2819 4691 2876 4740 et
2921 4685 3125 4742 illustri
3154 4688 3384 4758 potitam
3432 4703 3555 4744 esse
3603 4689 3780 4743 victo-

2197 4773 2318 4827 ria?
2351 4773 2563 4829 Latinis
2603 4775 2680 4828 ita
2726 4776 3022 4846 superatis,
3071 4777 3386 4849 Torquatus
3433 4782 3685 4851 quamvis
3723 4790 3780 4836 et

2195 4865 2310 4922 ﬁlio
2349 4867 2554 4931 occiso,
2592 4874 2650 4922 et
2682 4867 2888 4938 collega
2920 4878 3160 4938 mortuo,
3204 4883 3386 4928 tamen
3433 4875 3778 4945 triumphum

2195 4961 2372 5016 duxit.
2402 4960 2609 5016 Deinde
2635 4963 2872 5031 populus
2895 4963 3175 5020 Romanus
3204 4965 3427 5022 Latinos
3446 4967 3780 5024 rebellantes

2195 5048 2421 5112 devicit,
2450 5056 2509 5104 et
2558 5048 2694 5105 alias
2746 5059 2936 5119 gentes
2983 5069 3135 5109 nunc
3175 5069 3275 5124 per
3315 5056 3593 5121 consules,
3629 5072 3780 5112 nunc

2193 5156 2293 5211 per
2333 5140 2631 5196 dictatores
2677 5142 2846 5198 armis
2891 5144 3152 5216 subegit:
3189 5163 3425 5216 quorum
3479 5165 3510 5202 e
3542 5165 3777 5205 numero

2192 5233 2388 5289 fuitL.
2439 5234 2713 5304 Papirius,
2746 5234 3002 5293 Cursoris
3047 5248 3472 5308 cognomentum
3506 5255 3536 5295 a
3579 5242 3777 5296 celeri-

2195 5335 2306 5382 tate
2337 5327 2558 5397 pedum,
2595 5329 2968 5398 currendique
3009 5332 3215 5396 studio,
3260 5332 3514 5400 adeptus.
3550 5333 3653 5399 Qui
3688 5335 3770 5389 di~

2194 5427 2372 5473 ctator
2396 5435 2521 5476 cum
2562 5419 2737 5476 Fabio
2780 5420 2924 5475 Rufo
2965 5422 3215 5490 equitum
3263 5423 3526 5493 magistro
3581 5437 3774 5482 contra

2195 5510 2468 5567 Samnites
2498 5513 2720 5576 missus,
2756 5527 2852 5567 eos
2877 5513 3126 5569 devictos
3153 5516 3207 5568 in
3239 5530 3336 5570 sua
3370 5516 3536 5572 verba
3584 5534 3771 5586 pacem

2194 5601 2378 5658 facere
2411 5602 2608 5672 coegit.
2654 5601 2761 5658 Sed
2793 5617 2918 5657 cum
2945 5605 3264 5676 magistratu
3292 5607 3539 5674 abiisset,
3583 5627 3775 5668 rursus

2190 5694 2271 5749 illi
2303 5709 2362 5750 se
2385 5700 2803 5748 commoverunt
2831 5708 2847 5746 :
2872 5701 2928 5747 et
2962 5693 3031 5748 ab
3059 5694 3198 5750 Aulo
3225 5695 3478 5753 Cornelio
3503 5699 3774 5754 dictatore

2194 5801 2388 5841 rursus
2421 5783 2702 5849 debellati,
2733 5785 2945 5856 legatos
2977 5786 3046 5841 de
3070 5802 3200 5856 pace
3228 5789 3458 5844 Romam
3482 5793 3771 5858 miserunt,

2197 5877 2430 5950 captivis
2457 5890 2596 5947 quos
2625 5876 2900 5934 habebant
2925 5882 3184 5937 omnibus
3220 5882 3473 5952 redditis,
3497 5900 3772 5955 causaque
