4060 6438
337 388 443 454 627
1606 391 1903 454 IOANNIE

2009 391 2286 457 ONARR
3482 394 3589 458 628

328 502 458 556 belli
508 501 564 557 in
599 502 865 559 Rutulum
903 501 1085 559 virum
1120 503 1263 575 apud
1288 518 1347 560 se
1398 511 1680 575 potentem
1728 513 1903 558 trans-

2016 503 2148 568 τούς
2171 522 2232 558 τε
2257 505 2386 570 τοὺς
2432 502 2704 570 Λατίνους
2749 500 3170 568 ἐπαναστάντας
3202 505 3598 578 κατεπολέμη-

327 593 433 648 lata
472 594 671 664 :cujus
730 610 880 661 ossa,
913 595 1176 664 quoniam
1208 595 1313 651 sibi
1339 594 1688 650 consciscere
1716 608 1903 649 necem

2021 611 2143 659 σαν,
2179 596 2275 649 καὶ
2329 596 2497 665 ’ἐτερα
2555 596 2700 667 έθνη
2741 596 2945 668 μάχαις
2998 595 3278 661 ὑπέταξαν
3320 596 3452 650 ποτέ
3500 599 3602 669 μὲν

331 693 657 751 maturarat,
704 686 1066 758 disjecerunt.
1107 686 1203 743 Eis
1248 686 1507 751 Romani,
1560 695 1621 741 ut
1658 685 1903 741 foedifra‘

2021 684 2257 750 ὑπάτοις
2309 687 2667 759 κεχρημένοι,
2702 687 2834 741 ποτέ
2870 688 2929 741 δὲ
2979 687 3355 758 δικτάτορσιν,
3405 681 3482 743 ὧν
3522 684 3605 753 εἷς

327 778 432 849 gis,
463 793 652 847 pacem
689 794 797 833 non
827 778 1102 834 dederunt
1135 795 1149 834 :
1180 780 1297 841 sed,
1327 794 1639 849 quanquam
1677 777 1903 849 captivis

2018 773 2088 848 ἦν
2120 778 2213 832 καὶ
2243 778 2476 842 Λούκιος
2518 778 2842 848 Παπείριος,
2874 780 2904 832 ὁ
2950 778 3047 833 καὶ
3090 778 3367 850 Κούρσωρ
3400 780 3604 849 ὀνομα-

327 868 588 938 receptis.
622 870 825 925 bellum
862 870 1323 926 irreconciliabile
1354 869 1519 942 364
1547 870 1903 931 indixerunt:

2026 869 2259 935 ζόμενος
2285 872 2376 924 διά
2399 887 2456 923 τε
2494 870 2594 940 τὴν
2633 872 2753 937 ’ἐξιν
2772 867 2865 942 (ἦν
2894 872 3005 941 γὰρ
3039 871 3473 942 δρομικώτατος)
3509 872 3604 926 καὶ

326 976 391 1017 ac
437 961 568 1017 dum
602 962 731 1017 elati
780 962 1152 1028 successibus,
1203 978 1263 1018 se
1312 963 1436 1018 illos
1482 978 1677 1017 omnes
1729 963 1903 1033 primo

2017 961 2107 1014 διὰ
2131 962 2229 1031 τὴν
2261 964 2497 1033 ἄσκησιν
2521 962 2622 1033 τὴν
2646 962 2738 1016 τοῦ
2763 963 2993 1033 δρόμου.
3035 964 3193 1017 Μετὰ
3223 963 3280 1017 δέ
3317 964 3494 1017 ταῦτα
3524 964 3605 1017 δι-

327 1052 537 1122 impetu
572 1063 831 1122 capturos
859 1064 1106 1124 sperant,
1147 1056 1202 1109 in
1235 1071 1483 1125 magnam
1520 1055 1731 1110 cladem
1768 1054 1903 1109 inci-

2020 1052 2239 1121 κτάτωρ
2270 1053 2297 1104 ὁ
2326 1053 2624 1121 Παπείριος
2652 1052 2748 1105 ἐπὶ
2781 1053 2910 1115 τοὺς
2956 1050 3232 1122 Σαμνίτας
3257 1052 3605 1123 ἐξεπέμφθη,

326 1142 551 1199 derunt.
582 1144 716 1199 Nam
748 1144 1043 1211 Samnites,
1080 1146 1359 1216 perterriti
1389 1156 1443 1200 et
1469 1145 1615 1199 anxii
1650 1144 1721 1199 ob
1746 1160 1913 1215 nega-

327 1244 437 1289 tam
470 1250 683 1305 pacem,
714 1252 782 1290 ex
824 1236 1211 1306 desperatione
1252 1238 1307 1292 in
1346 1252 1583 1307 pugnam
1636 1239 1909 1291 ruebant:

328 1341 417 1395 et,
452 1328 743 1384 collocatis
774 1330 825 1382 in
850 1338 1080 1399 angusta
1107 1331 1247 1383 valle
1277 1329 1514 1387 insidiis.
1540 1343 1719 1384 eaStra
1746 1343 1912 1398 cepe-

326 1431 475 1487 runt,
520 1430 810 1489 totumque
869 1421 1179 1476 Romanum
1225 1421 1532 1476 exercitum
1580 1421 1685 1475 sub
1719 1421 1911 1491 jugum

326 1515 599 1570 miserunt
633 1515 776 1583 (qum
806 1530 897 1568 res
943 1513 1257 1583 cujusmodi
1303 1512 1494 1577 fuerit,
1543 1528 1712 1584 supra
1744 1528 1914 1583 expo-

323 1607 581 1678 suimus),
630 1607 906 1661 neminem
959 1617 1139 1661 tamen
1186 1608 1534 1668 occiderunt,
1582 1606 1679 1661 sed
1722 1606 1903 1670 armis1

2021 1604 2520 1675 διεκηρυκεύσαντο
2567 1603 2706 1673 πρὸς
2769 1605 2898 1666 τοὺς
2959 1604 3019 1655 ἐν
3088 1605 3154 1673 τῇ
3204 1602 3416 1674 Ῥώμῃ,
3475 1605 3604 1662 τοὺς

322 1698 499 1768 cquis,
533 1699 856 1769 calorisque
880 1698 1159 1763 omnibus,
1194 1713 1302 1752 una
1332 1709 1486 1753 veste
1511 1697 1782 1753 duntaxat
1829 1713 1903 1753 re-

2023 1694 2411 1767 αἰχμαλώτους
2437 1712 2496 1748 τε
2540 1695 2703 1757 ὅσους
2736 1690 2884 1764 εἶχον
2918 1694 3239 1764 πέμψαντες
3268 1695 3475 1757 αὐτοῖς,
3509 1698 3604 1748 καὶ

322 1789 472 1851 licta,
505 1788 780 1859 ademptis
813 1789 1075 1843 dimisere
1115 1786 1317 1852 nudos,
1355 1803 1420 1841 ea
1462 1786 1805 1849 conditione,
1850 1799 1903 1842 ut

2020 1787 2122 1857 τὴν
2137 1785 2320 1839 αίτίαν
2343 1783 2439 1838 τοῦ
2469 1784 2602 1838 πολέ
2613 1801 2714 1854 μου
2744 1782 3047 1853 Ῥουτούλῳ
3062 1783 3214 1853 ἀνδρὶ
3231 1783 3439 1849 δυνατῴ
3468 1801 3540 1833 πα
3552 1782 3601 1849 ρ’

321 1894 452 1948 agro
482 1879 700 1935 illorum
737 1879 1097 1944 excederent,
1129 1889 1186 1935 et
1215 1895 1375 1949 aequo
1415 1880 1542 1950 jure
1586 1880 1903 1933 societatem

2016 1877 2206 1939 αὐτοῖς
2239 1877 2668 1948 ἐπιγράφοντες,
2698 1869 2760 1930 οὗ
2786 1876 2855 1929 τὰ
2878 1876 3035 1940 ὀστᾶ,
3064 1876 3187 1928 ἐπεὶ
3221 1875 3428 1945 φθάσας
3456 1875 3600 1926 ἐκεῖ·

322 1970 591 2026 colerent.
624 1970 756 2037 Qua:
794 1980 973 2041 parta,
1012 1981 1074 2025 ut
1113 1971 1280 2027 etiam
1317 1979 1544 2027 senatus
1584 1971 1903 2027 auctoritate

2018 1988 2109 2034 νος
2139 1970 2512 2041 διεχειρίσατο
2552 1967 2770 2032 ἑαυτὸν,
2803 1968 3112 2040 διέρριψανσ
3166 1969 3225 2020 οὗ
3280 1968 3464 2036 μέντοι
3501 1966 3597 2018 καὶ

323 2073 443 2118 rata
469 2073 679 2128 essent,
723 2079 789 2120 oc
820 2064 1039 2134 equites
1077 2064 1304 2119 obsides
1347 2065 1723 2119 retinuerunt.
1771 2063 1903 2119 Con-

2017 2064 2207 2136 ἔτυχον
2235 2064 2335 2133 τῆς
2367 2064 2593 2133 εἰρήνης
2629 2061 2704 2125 ὡς
2739 2060 2986 2121 ἄπιστοι,
3011 2061 3128 2114 ἀλλ’
3185 2061 3455 2114 ἄσπονδον
3482 2062 3599 2126 στί·

326 2153 476 2210 sules
510 2170 644 2209 vero
670 2154 905 2224 Spurius
943 2155 1260 2210 Postumius
1323 2165 1381 2210 et
1434 2155 1693 2209 Tiberius
1734 2152 1903 2208 Calvi-

2018 2175 2104 2211 σιν
2137 2155 2481 2227 ἐψηφίσαντο
2512 2154 2775 2225 πόλεμον,
2843 2152 3025 2207 καίτοι
3056 2154 3187 2215 τοὺς
3215 2152 3598 2222 αἰχμαλώτους

328 2257 434 2297 nus
461 2257 586 2298 cum
610 2245 856 2300 exercitu
881 2246 1065 2300 statim
1109 2253 1464 2300 recesserunt
1491 2262 1507 2301 :
1550 2253 1828 2313 noctuque
1858 2253 1903 2298 el

2015 2247 2297 2311 λαϐόντες.
2344 2245 2874 2317 ’Υπεραυχήσαντες
2944 2244 3039 2297 οὖν
3081 2246 3129 2296 οἱ
3175 2245 3463 2314 Ῥωμαῖοι,
3498 2244 3592 2295 καὶ

330 2334 454 2405 ipsi,
487 2344 544 2389 et
578 2338 898 2407 praecipuis
927 2337 1143 2392 cancris
1188 2337 1418 2391 Romam
1471 2344 1604 2390 sunt
1652 2335 1903 2405 ingressi,

2021 2340 2276 2394 αὐτοϐοεὶ⁵
2303 2338 2515 2400 πάντας
2562 2338 2762 2400 αὐτοὺς
2803 2339 3035 2407 αἱρήσεν
3062 2336 3413 2401 ἐλπίσαντες,
3438 2334 3598 2404 δεινῷ

329 2426 527 2496 reliqui
561 2427 617 2482 in
662 2427 812 2496 agris
836 2426 1091 2497 dispersi.
1128 2426 1232 2493 Qui
1267 2427 1323 2481 in
1361 2426 1497 2481 urbe
1531 2433 1709 2491 erant,
1758 2424 1903 2478 clade

2015 2432 2312 2501 παθήματι
2391 2430 2748 2499 περιέπεσον.
2830 2428 3285 2497 ’Υπερδείσαντες
3373 2428 3483 2497 γὰρ
3546 2431 3596 2480 οί

321 2518 562 2588 cognita,
585 2534 765 2589 neque
795 2519 1033 2574 militum
1060 2519 1240 2573 salute
1269 2517 1528 2572 delectati
1553 2525 1704 2579 sunt,
1731 2531 1903 2585 neque

2013 2524 2308 2592 Σαμνῖται,
2344 2523 2441 2575 καὶ⁸
2490 2523 2550 2575 ἐν
2610 2522 2870 2592 συμφορᾷ
2899 2519 3219 2589 ποιούμενοι
3243 2519 3303 2571 τέ
3334 2519 3408 2588 μὴ
3437 2519 3596 2571 σπείο

320 2610 509 2665 dolere
533 2618 854 2680 potuerunt.
880 2611 1019 2666 Nam
1065 2620 1128 2666 ut
1169 2610 1461 2665 advi-rsum
1498 2625 1684 2663 casum
1720 2609 1903 2662 dolen-

2013 2615 2238 2679 σασθαι,
2297 2614 2392 2666 καὶ
2449 2613 2527 2676 ώς
2600 2613 3021 2681 ἁπεγνωσμένοι
3100 2611 3429 2681 μαχόμενοι,
3498 2610 3594 2664 καὶ

318 2702 530 2757 tissime
562 2702 832 2767 tulerunt,
868 2702 1174 2772 praesertim
1207 2715 1239 2755 a
1275 2700 1620 2755 Samnitibus
1648 2700 1860 2753 illatum
1891 2716 1903 2753 :

2011 2705 2351 2775 λοχήσαντες
2405 2702 2463 2756 ἐν
2515 2721 2626 2757 τινι
2657 2702 2813 2775 χώρᾳ
2847 2703 3140 2772 κοιλοτέρα
3188 2702 3284 2755 καὶ
3322 2703 3503 2772 στενῇ,
3533 2702 3595 2754 τό

318 2794 423 2857 sic,
475 2808 601 2848 cum
649 2801 998 2865 reputarent,
1040 2793 1085 2848 si
1135 2807 1332 2848 omnes
1380 2792 1697 2863 periissem,
1746 2806 1806 2846 se
1850 2791 1903 2845 in

2010 2817 2071 2854 τε
2137 2798 2506 2869 στρατόπεδον
2546 2792 2716 2861 εἷλον,
2769 2796 2864 2849 καὶ
2922 2796 3048 2859 τοὺς
3090 2794 3399 2865 Ῥωμαίους
3454 2792 3594 2858 ἐζώ-

317 2896 566 2943 cxtremo
618 2887 940 2943 discrimine
989 2888 1229 2952 futuros,
1290 2886 1469 2943 salute
1512 2886 1732 2941 illorum
1779 2894 1903 2941 sunt

2010 2906 2229 2961 γρησαν
2290 2888 2567 2951 πανσυδὶ,
2601 2888 2698 2939 καὶ
2743 2888 2955 2948 πάντας
3001 2886 3293 2955 ὑπήγαγον
3342 2884 3450 2938 ὑπὸ
3500 2887 3592 2937 τὸν

316 2980 513 3050 gavisi.
542 2980 647 3037 Sed
679 2981 878 3050 gaudio
909 2980 1137 3036 interim
1171 2980 1540 3045 dissimulato,
1577 2978 1714 3033 nihil
1755 2995 1903 3033 more

2009 2978 2175 3047 ζυγὸν
2238 2978 2313 3050 (τί
2343 2979 2389 3031 δ’
2430 2973 2499 3043 ἦν
2528 2978 2587 3030 τὺ
2619 2975 2715 3029 τοῦ
2772 2974 2965 3043 ζυγοῦ,
2998 2976 3099 3048 ήδη
3137 2994 3227 3047 μοι
3287 2975 3457 3029 ἇνωθί
3488 2991 3592 3029 που

2023 1147 2167 1215 μετὰ
2185 1146 2389 1199 Φαϐίου
2439 1145 2693 1201 Ῥούλλου
2737 1147 3039 1217 ἱππάρχου,
3076 1146 3169 1199 καὶ
3213 1148 3480 1217 ⁴ἡττήσας,
3503 1148 3603 1199 αύ-

2018 1238 2147 1300 τούς
2178 1239 2495 1309 ἠνάγκασεν
2525 1239 2621 1292 ἐπὶ
2646 1237 2948 1307 συνθήκαις
2982 1237 3286 1307 συμϐῆναι,
3324 1234 3414 1301 αἷς
3452 1240 3603 1290 ἐκεῖ·

2019 1347 2111 1393 νος
2160 1329 2439 1384 ἐϐούλετο.
2485 1329 2862 1399 ’Δποθεμένου
2898 1328 3086 1398 δὲτὴν
3138 1329 3439 1399 ἡγεμονίαν
3500 1331 3598 1381 aii-

2019 1421 2139 1487 τοῦ,
2176 1422 2562 1491 ἐπανέστησαν
2595 1420 2773 1484 αὖθις.
2820 1420 2959 1474 Ὑπὸ
2989 1420 3044 1473 δὲ
3092 1419 3398 1489 Κορνηλίου
3428 1418 3601 1473 Αὔλου

2020 1514 2343 1584 δικτάτορος
2368 1513 2464 1565 καὶ
2505 1513 2671 1566 πάλιν
2699 1511 2828 1564 πολε
2839 1511 3105 1585 μῃθέντες
3131 1515 3225 1563 καὶ
3247 1512 3603 1581 ἡττηθέντες,

317 3072 483 3128 solito
523 3070 1023 3138 administrarunt,
1069 3085 1174 3126 nec
1235 3071 1291 3125 in
1352 3070 1670 3141 praesentia,
1723 3085 1906 3139 neque

2015 3075 2351 3146 ἱστόρηται),
2381 3073 2576 3127 οὐδένα
2613 3071 2801 3141 μέντοι
2839 3071 3198 3136 ἀπέκτειναν,
3262 3070 3400 3123 ἀλλὰ
3434 3070 3504 3124 τά
3524 3085 3583 3123 τε

319 3167 464 3226 post,
513 3157 694 3213 donec
744 3159 1035 3215 victoriam
1084 3166 1510 3229 recuperarunt.
1569 3160 1903 3215 Consulibus

2009 3170 2152 3224 ὅπλα
2188 3169 2283 3223 καὶ
2317 3168 2445 3231 τοὺς
2472 3166 2699 3230 ἵππους,
2735 3167 2832 3218 καὶ
2866 3165 2937 3218 τὰ
2967 3164 3104 3219 ἄλλα
3130 3164 3230 3217 ὅσα
3263 3158 3431 3233 εἶχον,
3451 3161 3595 3231 πλὴν

317 3247 671 3317 magistratus
703 3247 890 3302 statim
932 3248 1229 3318 abrogatus
1273 3256 1399 3303 est:
1439 3247 1673 3317 aliisque
1722 3248 1902 3313 lectis,

317 3336 686 3393 deliberatum
734 3338 804 3394 de
855 3338 1034 3409 pactis
1098 3338 1497 3394 rescindendis.
1566 3338 1723 3406 Quod
1774 3339 1905 3410 quia

317 3429 436 3484 fieri
467 3444 576 3484 non
604 3438 841 3500 poterat,
881 3431 989 3485 nisi
1022 3430 1263 3486 crimine
1302 3431 1356 3485 in
1393 3440 1655 3485 auctores
1685 3431 1903 3486 illorum

317 3523 587 3578 translato
625 3541 637 3576 :
673 3523 829 3578 inviti
870 3523 1171 3588 faciebant,
1201 3532 1261 3578 ut
1289 3523 1549 3578 consules
1592 3534 1649 3577 et
1674 3531 1905 3577 caateros

320 3616 677 3685 magistratus
707 3617 801 3686 qui
844 3632 970 3671 cum
1021 3617 1091 3671 iis
1132 3615 1372 3680 fuerant,
1422 3614 1902 3672 condemnarent:

319 3724 501 3780 neque
541 3708 1003 3765 committendum
1054 3709 1321 3779 putabant
1367 3716 1448 3773 ut,
1500 3708 1566 3763 iis
1613 3707 1904 3773 absolutis,

320 3800 529 3855 crimen
609 3799 797 3855 violati
852 3798 1078 3855 {traderis
1150 3799 1206 3854 in
1282 3799 1607 3867 semetipsos
1698 3799 1905 3853 redun-

319 3892 453 3946 dare
508 3898 855 3962 paterentur.
919 3891 997 3945 Re
1068 3891 1238 3961 igitur
1304 3905 1430 3945 cum
1496 3888 1638 3959 ipsis
1697 3905 1902 3945 consu-

321 3983 468 4037 libus
534 3983 961 4047 communicata,
1005 3982 1242 4052 primum
1287 3982 1630 4037 Postumium
1681 3992 1904 4037 senten~

320 4075 452 4129 tiam
484 4075 670 4131 dicere
702 4076 1008 4145 jusserunt,
1038 4084 1098 4130 ut
1125 4074 1239 4145 ipse
1271 4085 1464 4129 contra
1491 4090 1613 4129 sese
1653 4090 1904 4144 pronun-

321 4166 499 4231 tiaret,
528 4183 594 4223 ex
626 4167 979 4228 verecundia,
1027 4181 1097 4221 ne
1136 4182 1329 4222 omnes
1379 4165 1669 4221 dedecoris
1710 4167 1905 4236 imple-

317 4267 533 4315 rentur.
556 4258 608 4313 Is
641 4258 696 4312 in
724 4258 965 4314 medium
999 4272 1342 4329 progressus,
1370 4258 1591 4328 negavit
1617 4257 1903 4328 probanda

320 4370 441 4411 esse
470 4371 503 4411 a
535 4363 727 4410 senatu
761 4354 1098 4424 populoque;
1131 4369 1255 4424 quae
1298 4369 1370 4409 ne
1402 4353 1506 4423 ipsi
1537 4354 1762 4424 quidem
1804 4368 1903 4409 sua

318 4456 539 4517 sponte,
589 4445 687 4502 sed
738 4447 809 4501 ab
865 4446 1138 4511 hostibus,
1191 4461 1301 4499 non
1352 4446 1582 4508 virtute,
1635 4447 1732 4501 sed
1775 4445 1903 4501 dolo

2009 3260 2129 3324 ἐνὸς
2161 3258 2409 3331 ἱματίου,
2434 3257 2744 3325 ἀφείλοντο,
2788 3256 2884 3308 καὶ
2931 3256 3177 3325 γυμνοὺς
3206 3257 3348 3321 σφᾶς
3371 3253 3597 3322 ἀφῆκαν

2011 3354 2112 3405 ἐπὶ
2150 3350 2473 3419 συνθήκαις,
2514 3348 2612 3401 τοῦ
2641 3366 2700 3400 τε
2745 3347 2848 3417 τὴν
2885 3346 3071 3417 χώραν
3116 3346 3299 3400 αὐτῶν
3325 3344 3591 3406 ἐκλ.πιϊν,

2009 3445 2102 3498 καὶ
2134 3442 2463 3513 συμμάχους
2504 3440 2693 3511 σφίσιν
2726 3440 2836 3492 ἀπὸ
2868 3438 2970 3508 τῆς
3011 3436 3137 3509 ἴσης
3183 3432 3352 3491 εἶναι.
3382 3437 3502 3490 Ἵνα
3531 3439 3590 3490 δὲ

2008 3533 2078 3587 τὰ
2138 3533 2238 3602 τῆς
2297 3530 2595 3602 ὁμολογίας
2645 3531 2741 3583 καὶ
2798 3531 2951 3600 παρὰ
2985 3530 3088 3600 τῆς
3148 3528 3443 3598 γερουσίας
3500 3527 3593 3597 βε-

2007 3624 2303 3687 σαιωοῶσι,
2336 3623 2445 3677 τῶν
2482 3622 2692 3675 ἱππέων
2712 3620 3028 3686 ἑξακοσίους
3056 3621 3137 3683 εἰς
3161 3621 3430 3691 ὁμηρείαν
3457 3634 3595 3673 κατ-

2007 3720 2188 3788 έσχον.
2228 3717 2292 3771 Ol
2339 3717 2384 3769 δ’
2471 3714 2672 3769 ὕπατοι
2717 3715 2986 3783 Σπούριος
3022 3731 3082 3768 τε
3122 3715 3468 3783 Ποσθούμιος
3495 3714 3591 3767 καὶ

2007 3811 2262 3882 Τιϐέριος
2308 3809 2611 3871 Καλουῖνος
2647 3807 2786 3878 μετᾶ
2835 3811 2934 3877 τῆς
2980 3808 3246 3878 στρατιᾶς
3304 3806 3469 3868 εὐθὺς
3496 3806 3590 3859 ἀν-

2007 3906 2318 3974 εχώρησαν,
2361 3902 2458 3953 καὶ
2506 3900 2701 3963 νυκτὸς
2737 3900 2893 3952 αὐτοί
2923 3917 2985 3952 τε
3044 3904 3141 3952 καὶ
3180 3898 3291 3951 τῶν
3331 3898 3507 3951 ἄλλων
3537 3896 3589 3950 οε

2007 3995 2429 4063 ἀξιολογώτατοι
2462 3996 2544 4057 εἰς
2575 3992 2673 4064 τὴν
2712 3991 2931 4063 Ῥώμην
2955 3992 3303 4058 είσήλθοσαν⁶
3326 3993 3374 4043 oi
3400 3991 3455 4043 δὲ
3481 3992 3594 4042 λοι-

2007 4089 2100 4141 ποὶ
2128 4086 2464 4157 στρατιῶται
2487 4085 2632 4138 κατὰ
2662 4085 2791 4148 τοὺς
2832 4086 3044 4154 ἀγροὺς
3067 4084 3502 4151 ἐσκεδάσθησαν.
3527 4083 3590 4136 Οί

2005 4179 2052 4233 δ’
2109 4181 2169 4230 ἐν
2226 4180 2294 4248 τῇ
2354 4175 2508 4230 πόλει
2547 4176 2618 4229 τὰ
2677 4175 3053 4246 πεπραγμένα
3131 4174 3421 4247 παθόντες,
3462 4173 3589 4227 οὔτε

2006 4272 2248 4342 ἡσθῆναι
2289 4272 2357 4341 τῇ
2402 4269 2514 4323 τῶν
2545 4269 2897 4339 στρατιωτῶν
2950 4267 3224 4338 σωτηρίᾳ,
3271 4265 3386 4320 οὒτ’
3421 4266 3591 4337 ἀχθε-

2009 4364 2204 4435 σθῆναι
2234 4363 2519 4433 ἠδύναντο.
2557 4362 2699 4430 Πρὸς
2747 4360 2849 4432 μὲν
2883 4362 2991 4431 γὰρ
3024 4360 3087 4413 τὸ
3117 4359 3293 4414 δεινὸν
3326 4360 3571 4430 ὑπερήλ-

2006 4474 2163 4525 γουν,
2195 4457 2291 4511 καὶ
2334 4457 2419 4510 ὅτι
2471 4456 2626 4524 παρὰ
2651 4455 2761 4507 τῶν
2800 4453 3088 4524 Σαμνιτῶν
3128 4451 3358 4507 τοιαῦτα
3384 4453 3590 4505 πεπόν-

318 4549 485 4609 atque
530 4537 749 4593 insidiis
794 4538 993 4602 coacti,
1046 4536 1311 4607 egissent.
1356 4536 1458 4601 Qui
1496 4537 1661 4606 igitur
1711 4535 1899 4590 dolum

2009 4550 2156 4608 θασι,
2203 4548 2388 4619 μεῖξον
2428 4547 2585 4618 σφίσι
2632 4547 2694 4599 τὸ
2733 4546 2899 4613 ἄλγος
2963 4544 3195 4614 ἐγίνετο.
3229 4544 3627 4630 Λογιςόμενοιι·

319 4631 536 4701 priores
562 4631 905 4698 usurparint,
953 4630 990 4683 ii
1022 4629 1066 4684 si
1097 4629 1225 4683 dolo
1253 4628 1494 4684 vicissim
1532 4626 1899 4683 circumventi

319 4725 547 4784 fuerint.
582 4739 690 4779 non
721 4724 928 4779 habere
949 4724 1095 4794 quod
1121 4730 1443 4792 querantur.
1474 4722 1602 4778 Haec
1633 4731 1691 4777 et
1732 4722 1901 4791 hujus

319 4816 485 4889 365
517 4816 737 4888 generis
760 4816 917 4885 plura
949 4829 1073 4869 cum
1121 4814 1372 4878 dixisset,
1414 4827 1445 4867 a
1490 4820 1684 4867 senatu
1728 4812 1898 4868 animi

322 4909 494 4965 dubio
541 4906 673 4979 quid
724 4905 996 4977 agendum
1041 4915 1188 4960 esset
1242 4920 1418 4960 :cum
1472 4903 1789 4960 Postumius
1843 4912 1902 4959 et

321 5007 580 5066 Calvinus
612 5020 829 5061 omnem
861 5005 1077 5074 culpam
1112 5002 1166 5057 in
1215 5001 1542 5071 semetipsos
1589 5000 1902 5057 transtulis-

321 5111 466 5168 sent,
510 5101 793 5156 decretum
826 5107 912 5154 est
972 5096 1148 5167 pactis
1184 5094 1433 5150 rescissis
1461 5093 1585 5149 illos
1616 5092 1902 5149 dedendos

320 5211 464 5252 esse.
494 5193 763 5252 Consules
795 5192 964 5264 igitur
993 5192 1176 5255 ambo,
1222 5191 1518 5260 ceterique
1547 5190 1901 5262 magistratus

321 5287 417 5357 qui
487 5283 857 5356 pacificationi
928 5281 1254 5348 adfuerant,
1324 5279 1610 5336 Samnium
1674 5279 1899 5334 abducti

322 5386 474 5435 sunt.
505 5377 783 5434 Samnites
811 5385 995 5432 autem
1029 5374 1277 5445 captivos
1316 5387 1511 5429 omnes
1558 5379 1896 5442 repetentes,

321 5473 457 5527 deos
486 5473 691 5537 testati,
729 5469 1014 5526 dedititios
1056 5469 1386 5540 rejecerunt.
1419 5465 1634 5533 Quibus
1664 5465 1898 5521 Romani

322 5562 522 5632 cupide
549 5562 809 5632 receptis,
841 5560 1104 5617 iracunde
1145 5575 1271 5615 cum
1315 5556 1655 5615 Samnitibus
1692 5572 1903 5628 pugna-

323 5664 475 5718 runt,
514 5656 809 5725 adeptique
833 5654 1128 5709 victoriam
1162 5652 1357 5708 eodem
1398 5650 1560 5721 plane
1599 5649 1765 5704 modo
1805 5664 1902 5704 eos

325 5753 628 5801 tractarunt
655 5765 668 5799 :
704 5747 1003 5815 itidemque
1030 5744 1134 5801 sub
1159 5745 1353 5814 jugum
1379 5741 1597 5809 missos,
1619 5742 1770 5797 nulla
1796 5741 1903 5797 alia

323 5836 473 5892 iilata
526 5836 722 5901 iniuria
774 5838 1145 5902 dimiserunt,
1206 5835 1446 5906 receptis
1498 5837 1701 5906 absque
1760 5852 1901 5892 noxa

2007 4641 2086 4706 δὲ,
2121 4641 2197 4703 ὡς
2223 4640 2273 4693 εί
2310 4641 2521 4702 πάντας
2560 4638 2867 4692 ἀπολέσθαι
2898 4636 3121 4705 συνέϐη,
3157 4635 3256 4689 καὶ
3284 4635 3414 4706 περὶ
3450 4635 3590 4689 πάν-

2006 4750 2116 4788 των
2143 4732 2210 4786 ἂν
2231 4731 2653 4795 ἐκινδύνευσαν,
2681 4730 2777 4784 ἐπὶ
2800 4733 2865 4802 τῇ
2896 4729 3050 4800 σφῶν
3090 4729 3283 4799 ἥδοντο
3312 4728 3590 4800 σωτηρίᾳ³

2007 4822 2449 4893 ἐπικρύπτοντες
2506 4822 2566 4875 δέ
2616 4820 2754 4884 τέως
2796 4821 2858 4874 τὺ
2913 4820 3162 4891 ἥδεσθαι,
3200 4820 3397 4883 πένθος
3459 4822 3589 4874 ἐπε-

2007 4916 2353 4985 ποιήκεσαν,
2390 4915 2488 4966 καὶ
2540 4913 2692 4966 οὐδὲν
2731 4915 2791 4967 ἐν
2847 4912 2925 4983 τῷ
2973 4912 3341 4982 καθεστηκότι
3397 4913 3588 4982 τρόπῳ

2007 5007 2276 5079 ἔπραξαν,
2300 5004 2413 5060 οὔτ’
2439 5006 2660 5068 αὐτίκα,
2687 5004 2803 5059 οὔθ’
2837 5005 3088 5075 ὕστερον,
3108 5005 3214 5068 ἕως
3243 5005 3589 5074 ἁντεπεκρά-

2007 5116 2200 5169 τησαν·
2245 5098 2374 5162 τοὺς
2425 5098 2474 5153 δ’
2517 5099 2760 5162 ὑπάτους
2792 5098 2891 5169 μὲν
2940 5098 3259 5169 παραυτίκα
3309 5098 3583 5163 ἔπαυσαν,

2010 5192 2246 5262 ἐτέρους
2304 5191 2352 5245 δ’
2406 5190 2761 5261 ἀνθελόμενοι
2812 5188 3012 5260 βουλὴν
3073 5190 3425 5259 ἐποιήσαντο,
3492 5188 3590 5243 καὶ

2006 5283 2185 5338 ἐδόκει
2228 5283 2329 5353 μὲν
2371 5282 2525 5351 σφίσι
2556 5283 2631 5353 μὴ
2654 5281 2913 5347 δέξασθαι
2935 5281 3035 5351 τὴν
3083 5280 3384 5352 σύμϐασιν.
3428 5281 3586 5336 Ἐπεὶ¹

2005 5375 2064 5430 δὲ
2105 5374 2369 5430 ἀδύνατον
2410 5371 2479 5448 ἦν
2525 5373 2692 5429 τοῦτο
2718 5375 2940 5444 δρᾶσαι,
2995 5374 3071 5445 μὴ
3109 5374 3232 5445 οὐχὶ
3279 5374 3413 5445 πρὸς
3460 5375 3587 5439 τοὺς

2010 5469 2333 5541 πράξαντας
2363 5468 2532 5539 αὐτὴν
2560 5468 2869 5538 τρέψαντας
2900 5467 2998 5535 τὴν
3030 5468 3232 5534 αἰτίαν,
3255 5468 3466 5522 ῶκνουν
3486 5465 3587 5539 μὲν

2008 5561 2120 5614 τῶν
2154 5560 2380 5615 ὑπάτων
2412 5560 2926 5629 καταψηφίσασθαι,
2945 5562 3040 5613 καὶ
3058 5560 3167 5614 τῶν
3189 5560 3368 5615 ἄλλων
3387 5563 3437 5614 οἱ
3468 5559 3587 5631 μετ’

2009 5651 2190 5707 αὐτῶν
2207 5653 2380 5722 ἀρχάς
2398 5669 2551 5716 τινας
2573 5651 2835 5721 ἄρχοντες
2849 5650 2947 5713 τὰς
2980 5651 3215 5714 σπονδάς
3236 5653 3590 5723 ἐποιήσαντο.

2014 5745 2247 5798 Ὤκνουν
2286 5744 2345 5798 δὲ
2374 5745 2469 5797 καὶ
2493 5745 2733 5811 ἀφεῖναι,
2771 5739 2867 5797 ἵνα
2905 5745 2979 5814 μὴ
3011 5743 3098 5813 ἐφ’
3132 5744 3362 5807 ἑαυτοὺς
3388 5743 3449 5797 τὸ
3484 5761 3588 5797 πα-

2015 5835 2384 5907 ρασπόνδημα
2417 5835 2848 5906 περιστήσωσιν.
2875 5835 3071 5899 Αὐτοῖς
3098 5833 3193 5888 οὖν
3217 5834 3447 5899 ἐκείνοις
3471 5837 3588 5897 τοῖς
