4060 6410
469 416 576 482 629

1728 418 2071 484 ANNALIU
2083 419 2137 477 M
2180 417 2323 478 LIB.
2365 417 2532 481 VI‘U.

3624 414 3731 476 630

471 531 697 593 ὑπάτοις
742 528 1203 595 ἐπεκοινώσαντο,
1236 533 1329 587 καὶ
1363 533 1563 604 πρώτῳ
1607 549 1673 603 γε
1703 534 1780 605 τῷ
1804 536 2041 589 Ποστου-

2146 531 2424 603 equitibus
2472 532 2625 595 suis,
2673 540 2813 600 quos
2847 527 2946 584 iilli
3030 527 3179 600 pacis
3235 526 3458 585 obsides
3490 529 3734 585 retinue-

472 624 581 694 μίῳ
631 624 730 695 τὴν
774 626 952 694 ψῆφον
988 627 1291 695 ἐπήγαγον,
1320 627 1470 691 ὅπως
1501 627 1658 692 οὗτός
1702 627 1822 682 καθ’
1845 626 2040 681 ἑαυτοῦ

2151 635 2297 679 rant.

469 717 697 789 γνώμην
726 721 1100 789 άποερὴνηται,
1126 719 1358 791 αἰσχύνῃ
1395 720 1487 774 τοῦ
1534 720 1609 792 μὴ
1670 722 1880 786 πάντας
1907 720 2125 787 ἀδοξίας
2165 716 2588 788 ἀναπληρῶσαι.
2661 714 2715 770 Ὀ
2760 714 2818 769 δὲ
2852 715 3141 786 παρελθὼν
3166 716 3245 779 είς
3282 715 3345 767 τὸ
3386 716 3569 786 μέσον,
3604 717 3736 786 ἔφη-

475 808 548 879 μὴ
571 811 682 863 δεῖν
709 810 1032 883 κυρωθῆναι
1064 811 1136 866 τὰ
1191 812 1287 867 ὑπ’
1315 814 1499 869 αὐτῶν
1559 814 1927 886 πεπραγμένα
1982 813 2135 883 παρά
2172 814 2270 882 τῆς
2319 811 2614 881 γερουσίας
2645 811 2741 864 καὶ
2782 810 2878 864 τοῦ
2941 810 3117 879 δήμου
3147 825 3163 841 ·
3195 808 3327 879 μηδέ
3373 809 3483 879 γὰρ
3529 809 3728 868 αὐτούς

471 901 735 964 ἑκουσίως
768 902 976 973 πρᾶξαι
1008 904 1188 972 αὐτὰ,
1226 905 1345 959 ἀλλ’
1384 906 1604 979 ἀνάγκῃ
1668 908 2089 978 συνεχομένους,
2128 906 2197 976 ἥν
2246 906 2433 969 αὐτοῖς
2490 904 2773 974 ἐπήγαγον
2820 904 2871 956 οἰ
2926 901 3177 970 πολέμιοι
3226 902 3326 953 οὐκ
3389 901 3448 967 ἐξ
3507 901 3729 971 ἀρετῆς,

471 991 587 1046 ἀλλ’
611 995 675 1047 ἐκ
712 993 870 1048 δόλου
912 996 1006 1050 καὶ
1037 996 1097 1061 ἐξ
1122 996 1369 1069 ἐνέδρας.
1403 998 1467 1052 Οἱ
1542 997 1669 1068 γοῦν
1698 999 2090 1070 ἀπατήσαντες
2130 998 2179 1050 εί
2219 995 2708 1067 ἀντηπατήθησαν,
2755 995 2856 1048 οὐκ
2924 993 2991 1048 ἂν
3032 994 3283 1046 δύναιντο
3312 992 3537 1054 δικαίως
3567 994 3732 1059 ἐγκα-

469 1084 582 1137 λεῖν
600 1088 715 1149 τοῖς
744 1088 1183 1160 ἀνταπατήσασι.
1226 1089 1414 1143 Ταῦτα
1463 1092 1648 1146 τοίνυν
1712 1090 1964 1153 εἰπόντος
2024 1088 2120 1143 καὶ
2157 1087 2388 1143 τοιαῦτα
2439 1087 2634 1151 πολλὰ,
2684 1089 2743 1140 ἐν
2797 1086 3085 1159 ἀμηχανίᾳ
3125 1090 3159 1159 ἡ
3202 1087 3465 1157 γερουσία
3494 1087 3733 1153 ἐγένετοο

476 1178 573 1233 τοῦ
612 1179 671 1233 δὲ
702 1180 1048 1252 Ποστουμίου
1093 1182 1190 1236 καὶ¹
1236 1181 1333 1237 τοῦ
1364 1182 1671 1239 Καλουίνου
1710 1185 1793 1249 εἰς
1863 1184 2092 1246 ἑαυτοὺς
2133 1183 2235 1254 τὴν
2293 1180 2478 1236 αἰτίαν
2535 1180 2974 1251 ἁναόεχομένων,
3010 1180 3293 1252 ἐψηφίσθη
3348 1180 3489 1250 μήτε
3555 1193 3739 1243 κυρω-

471 1276 632 1348 θῆναι
697 1278 767 1332 τὰ
824 1279 1249 1350 ὡμολογημένα,
1314 1279 1561 1345 ἐκείνους
1608 1298 1669 1334 τε
1727 1280 2038 1350 ἐκδοθῆναι.
2091 1278 2446 1349 Ἀπήχθησαν
2519 1272 2614 1332 οὖν
2681 1276 2776 1330 καὶ
2834 1276 3002 1347 ἄμφω
3046 1278 3093 1329 οἱ
3130 1276 3354 1336 ὕπατοι.
3402 1275 3500 1328 καὶ
3543 1274 3594 1325 oi
3626 1272 3738 1327 λοι-

469 1373 565 1426 ποὶ
594 1373 881 1443 ἄρχοντες,
916 1376 968 1427 oi
1008 1375 1102 1428 ἐπὶ
1129 1376 1318 1446 ὅρκοις
1352 1374 1847 1446 παρουσιάσαντες,
1913 1375 1995 1438 είς
2056 1373 2116 1428 τὲ
2157 1373 2395 1443 Σάμνιον
2444 1370 2588 1442 (6").
2627 1370 2704 1425 Οὐ
2738 1371 2924 1441 μέντοι
2974 1371 3176 1432 αὐτοὺς
3213 1371 3283 1423 οἰ·
3323 1370 3589 1441 Σαμνῖται
3622 1371 3737 1424 ἐδέ-

469 1465 650 1533 ξαντο,
694 1467 833 1522 ἀλλὰ
853 1469 984 1532 τοὺς
1014 1469 1249 1534 ἁλόντας
1286 1469 1534 1543 ἀπῄτουν
1550 1469 1825 1536 ἅπαντας,
1844 1472 1939 1524 καὶ
1977 1472 2106 1534 τοὺς
2126 1470 2286 1532 θεοὺς
2302 1467 2617 1523 ἐπεϐοῶντο
2633 1469 2729 1522 καὶ
2758 1467 3106 1533 ἐπεθείαζον,
3134 1466 3231 1520 καλ¹
3250 1467 3403 1530 τέλος
3426 1467 3553 1534 τους
3581 1466 3736 1520 ἐκδο-

469 1559 664 1625 θέντας
694 1561 1077 1630 ἀντέπεμψαν.
1113 1563 1177 1616 Ol
1211 1563 1270 1617 δὲ
1306 1563 1577 1634 Ῥωμαῖοι
1603 1564 1849 1630 ἐκείνους
1881 1567 1981 1635 μὲν
2044 1566 2301 1637 ἀσμένως
2338 1562 2637 1628 ἀπέλαϐον,
2673 1561 2787 1621 τοῖς
2814 1559 2873 1613 δὲ
2908 1558 3210 1628 Σαμνίταις
3242 1558 3382 1629 ὀργῇ
3418 1559 3516 1629 τὴν
3552 1560 3736 1632 μάχην

468 1648 779 1718 ἐπήγαγον.
819 1650 933 1705 Καὶ
967 1653 1376 1724 κρατήσαντες,
1409 1654 1479 1707 τὰ
1508 1655 1674 1725 ὃμοια
1706 1655 1894 1725 σφίσιν
1922 1657 2215 1726 ἐποίησαν,
2244 1656 2342 1711 καὶ
2383 1654 2491 1707 ὑπὸ
2537 1652 2631 1707 τὸν
2668 1652 2834 1722 ζυγὸν
2894 1652 3095 1716 αὐτοὺς
3154 1652 3564 1722 ἀνθυπήγαγον,
3633 1650 3730 1705 καὶ

466 1744 712 1815 ἀφῆκαν,
771 1747 941 1816 μηδὲν
983 1748 1114 1804 ἄλλο
1148 1749 1320 1805 κακὸν
1361 1750 1686 1821 δράσαντες.
1709 1754 1822 1807 Καὶ
1838 1753 1966 1817 τοὺς
1990 1753 2293 1823 σφετέρους
2316 1753 2531 1815 ἱππεῖς,
2563 1748 2661 1813 οὓς
2691 1747 2769 1813 ὡς
2803 1748 3045 1813 ὁμῆοους
3075 1750 3329 1819 κατεῖχον
3355 1749 3404 1801 οἱ
3436 1748 3727 1817 Σαμνῖται,

468 1839 706 1903 ἀπαθεῖς
729 1839 1095 1895 ἐκομίσαντο.

1684 1957 1890 2018 Variae
1922 1956 2240 2020 lectiones
2290 1962 2353 2019 et
2390 1961 2580 2018 notas.

558 2079 677 2151 (6“)
710 2080 995 2151 Σάμνιον.
1049 2079 1296 2137 Colbert.
1366 2079 1615 2145 Σάννιον,
1677 2090 1739 2135 ut
1788 2079 2062 2144 Σαννίται,
2104 2076 2268 2132 infra.

1589 2338 1961 2430 LIBER
2019 2334 2598 2434 OCTAVUS.

532 2540 612 2594 A'.
638 2536 795 2593 Μετά
818 2536 874 2593 δὲ
901 2538 1129 2609 χρόνους
1152 2536 1425 2601 πλείονας,
1449 2536 1606 2602 αὖθις
1622 2540 1732 2601 τοῖς
1754 2535 2043 2608 Σαμνίταις

2222 2538 2266 2593 1.
2295 2539 2557 2596 Pluribus
2576 2541 2740 2596 annis
2752 2548 2896 2610 post.
2910 2537 3142 2595 Romani
3169 2537 3366 2593 iterum
3387 2551 3512 2593 cum
3530 2535 3738 2592 Samni-

464 2630 826 2702 πολεμοῦντες
861 2633 910 2684 οε
951 2628 1234 2700 Ῥωμαῖοι,
1263 2629 1426 2683 Γαΐου
1472 2630 1698 2683 Ἰουνίου
1733 2630 2040 2701 ἡγουμένου

461 2725 663 2787 αὐτῶν,
711 2725 966 2795 συμφορᾷ
1017 2723 1365 2792 περτέπεσον.
1414 2722 1751 2794 Πορθοῦντος
1793 2723 1904 2794 γὰρ
1945 2721 2040 2775 τοῦ

474 2818 692 2871 Ἰουνίου
743 2815 842 2887 τὴν
896 2815 1078 2887 χώραν
1104 2815 1306 2879 αὐτῶν,
1345 2816 1423 2880 είς
1452 2816 1549 2879 τὰς
1585 2814 1716 2879 ὕλας
1749 2815 1850 2879 τὰς
1890 2815 2044 2887 Ἀόρο

462 2927 606 2975 νους,
636 2909 704 2964 τά
743 2909 1017 2980 προσόντα
1044 2911 1093 2963 oi
1134 2910 1401 2979 Σαμνῖται
1435 2909 1854 2980 ἀνεκομίσαντο,
1898 2908 2043 2963 οὕτω

462 3002 807 3073 καλουμένας
836 3001 942 3056 ὑπὸ
975 3000 1068 3056 τοῦ
1119 3001 1241 3072 μηδ’
1272 3002 1420 3073 ὅρνις
1448 3000 1794 3055 είσπέτεσθαι
1829 3002 1908 3064 είς
1941 3002 2042 3052 αὑ-

459 3097 562 3157 τὰς
611 3098 678 3169 τῇ
735 3096 849 3150 τῶν
898 3096 1132 3166 δενδρῶν
1182 3096 1505 3165 πυκνότητι.
1554 3095 1705 3148 Ἐκεῖ
1750 3094 1809 3148 δὲ
1867 3095 2040 3158 ὄντες,

463 3187 695 3259 ποίμνιόι
734 3205 858 3243 τινα
904 3187 1185 3259 ποιμένων
1230 3189 1261 3258 ἧ
1303 3175 1740 3259 φρουρῶν-ἄνευ
1801 3187 2043 3258 προκαθ-

464 3278 738 3342 ιστάντες,
776 3278 872 3332 καὶ
929 3278 1398 3350 ψευδαυτομόλους
1458 3278 1900 3348 ὑποπέμποντες,
1967 3279 2043 3343 ὡς

462 3370 549 3440 ἐφ’
573 3369 797 3441 ἑτοίμην
829 3369 982 3423 λείαν
1027 3369 1222 3432 αὐτοὺς
1277 3368 1645 3438 ὑπηγάγοντο.
1690 3367 1837 3422 Είσω
1868 3367 1923 3422 δὲ
1954 3383 2045 3434 γε-

460 3461 722 3531 νομένους
768 3463 866 3533 τῆς
920 3460 1053 3532 ὕλης
1084 3460 1373 3531 περιέσχον
1404 3476 1461 3513 τε
1493 3461 1656 3529 σφᾶς,
1688 3459 1784 3513 καὶ
1815 3457 1876 3512 οὐ
1907 3457 2043 3528 πρό-

460 3572 621 3626 τερον
647 3554 959 3609 ἐπαύσαντο
990 3555 1324 3620 κτείναντες,
1358 3554 1488 3625 πρὶν
1529 3553 1718 3607 τέλεον
1751 3554 2038 3623 ἐκκαμεῖν.

462 3647 575 3701 Καὶ
608 3646 797 3701 ἄλλοτε
826 3646 883 3700 δὲ
915 3646 1179 3710 πολλάκις
1211 3648 1326 3709 τοῖς
1369 3646 1664 3717 Ῥωμαίοις
1687 3645 2042 3715 πολεμήσαν-

461 3755 553 3801 τες
594 3740 642 3791 οί
677 3738 964 3807 Σαμνῖται,
992 3739 1086 3791 καὶ
1125 3738 1475 3809 ἡττηθέντες,
1522 3738 1623 3790 οὐκ
1663 3737 2039 3809 ἐφησύχασαν,

462 3830 600 3884 ἀλλὰ
631 3829 724 3884 καὶ
759 3829 1084 3901 συμμάχους
1119 3828 1313 3893 ἄλλους
1361 3846 1420 3882 τε
1451 3829 1906 3902 προσλαϐόμενοι,
1946 3830 2042 3884 καὶ

463 3921 734 3985 Γαλάτας,
766 3920 843 3984 ὡς
871 3922 965 3975 καὶ
997 3922 1135 3990 πρὸς
1172 3920 1272 3992 τὴν
1305 3919 1525 3992 Ῥώμην
1553 3921 1724 3991 αὐτὴν
1759 3922 2044 3987 ἐλάσοντες

466 4015 846 4086 ἡτοιμάζοντο.
881 4015 947 4069 Ὃ
980 4015 1029 4067 οί
1060 4013 1321 4083 Ῥωμαῖοι
1354 4013 1638 4083 μαθόντες,
1673 4016 1731 4078 ἐς
1768 4013 1887 4076 δέος
1915 4032 2050 4069 κατι

468 4108 722 4178 ἔστησαν,
777 4106 876 4161 καὶ
927 4105 1177 4178 σημείων
1244 4105 1458 4159 πολλῶν
1502 4106 1701 4170 αὐτοὺς
1744 4105 2049 4174 ἐναγόντων

467 4202 548 4264 εἰς
590 4200 765 4253 τοῦτο*
802 4199 863 4253 ἐν
905 4199 1016 4269 γάρ
1048 4197 1126 4268 τῷ
1161 4197 1493 4268 Καπιτωλίῳ
1516 4199 1581 4253 ἐκ
1606 4197 1700 4254 τοῦ
1733 4196 1920 4268 βωμοῦ
1953 4199 2048 4254 τοῦ

465 4292 589 4356 Διὸς
609 4293 789 4360 τρισὶν
816 4291 1057 4364 ἡμέραις
1084 4292 1183 4363 μιᾷ
1217 4290 1316 4361 μὲν
1345 4286 1507 4362 αἷμα,
1558 4292 1656 4363 μιᾷ
1684 4292 1741 4346 δὲ
1778 4291 1921 4363 μέλι,
1955 4294 2050 4347 καὶ

465 4387 526 4440 ἐν
569 4385 737 4457 ἑτέρᾳ
783 4384 929 4454 γάλα
959 4383 1271 4455 θρυλλεῖται
1299 4384 1646 4457 ἀναδοθῆναι,
1677 4385 1734 4439 εί
1759 4404 1838 4457 τῳ
1872 4386 2045 4442 ταῦτα

464 4477 656 4531 πιστά.
688 4476 801 4531 Καὶ
850 4478 910 4531 ἐν
953 4479 1019 4548 τῇ
1055 4477 1234 4548 ἀγορᾷ
1259 4476 1437 4547 Νίκης
1479 4494 1534 4531 τι
1564 4476 1787 4548 ἄγαλμα
1819 4478 2048 4550 χάλκεον

466 4569 757 4639 ἱδρυμένον
805 4568 900 4622 ἐπὶ
954 4567 1158 4640 βάθρου
1211 4567 1436 4636 λιθίνου,
1471 4568 1793 4641 αὐτομάτως
1846 4571 2044 4644 εὑρέθη

467 4663 621 4717 κάτω
651 4660 823 4725 ἑστὼς
853 4661 945 4713 ἐπὶ
974 4663 1098 4732 γῆς.
1140 4659 1435 4732 Ἐτύγχανε
1476 4662 1533 4715 δέ
1564 4664 1684 4716 ἐκεῖ
1712 4664 2044 4730 ἀποϐλέπον,

461 4754 585 4809 ὅθεν
615 4756 663 4808 oi
692 4754 932 4809 Γαλάται
965 4754 1064 4824 ἤδη
1110 4753 1370 4825 ἐπῄεσαν.
1431 4752 1600 4807 Ταῦτ’
1625 4749 1719 4810 οὖν
1750 4755 1842 4809 καὶ
1870 4755 2047 4819 ἄλλως

462 4845 716 4915 ἐξεφόϐει
760 4844 853 4900 τὸν
898 4845 1089 4916 δῆμον,
1121 4844 1281 4900 πλέον
1311 4845 1357 4899 δ’
1393 4846 1497 4899 ὑπὸ
1521 4846 1629 4901 τῶν
1666 4847 1916 4918 μάντεων
1952 4865 2047 4902 κε-

464 4938 706 5010 κριμένα
735 4938 991 4993 ἀπαίσια.
1017 4939 1227 5003 Μάνιος
1249 4938 1304 4993 δέ
1339 4956 1425 5002 τις
1452 4939 1737 5010 Τυρσηνδς
1776 4938 1837 4994 τὸ
1865 4939 2044 5008 γένος,

463 5030 762 5101 ἐθάρσυνεν
809 5030 1032 5095 αὐτοὺς,
1080 5030 1250 5084 εἰπών
1288 5047 1303 5061 ο
1339 5030 1460 5100 Τήν
1484 5047 1549 5085 τε
1576 5032 1787 5100 Νίκην,
1837 5035 1890 5087 εὶ
1943 5031 2044 5087 καὶ

466 5122 702 5189 κατέϐη,
757 5121 898 5176 ἀλλ’
917 5123 1006 5186 εἰς
1051 5120 1120 5174 τὸ
1165 5122 1436 5190 πρόσθεν
1484 5120 2043 5193 προσχωρήσασαν,

2148 2627 2437 2685 tibusCaio
2453 2630 2617 2685 Junio
2635 2630 2774 2683 duce
2795 2644 2897 2684 con
2911 2628 3116 2699 gressi,
3135 2627 3349 2684 cladem
3390 2635 3739 2697 acceperunt.

2143 2720 2279 2776 Nam
2308 2737 2433 2777 cum
2454 2723 2500 2778 is
2518 2738 2678 2793 agros
2697 2737 2889 2777 eorum
2912 2728 3175 2782 vastaret,
3198 2718 3473 2775 Samnites
3500 2733 3589 2774 res
3618 2732 3745 2772 suas

2145 2815 2202 2870 in
2247 2816 2416 2871 silvas
2441 2816 2741 2871 altissimas
2771 2823 2827 2869 et
2849 2812 3353 2882 densissimas,quo
3374 2827 3478 2867 nec
3499 2825 3630 2866 aves
3645 2810 3743 2864 επις

2144 2908 2328 2963 volare
2344 2907 2626 2973 dicuntur,
2645 2906 3192 2975 contulerunt,atque
3211 2904 3337 2959 inde
3348 2902 3607 2972 gregibus
3624 2901 3743 2958 sine

2144 3001 2460 3075 pastoribus
2477 3009 2531 3056 et
2550 2999 2824 3070 praesidiis
2836 2998 3077 3057 emissis.
3098 3008 3153 3052 et
3168 2995 3465 3065 transfugis
3476 2993 3735 3051 suborna.

2146 3093 2238 3157 tis,
2270 3092 2458 3149 hostes
2484 3103 2740 3163 tanquam
2759 3092 2824 3147 ad
2848 3098 3093 3162 paratam
3114 3088 3354 3159 praedam
3376 3088 3744 3159 pellexerunt.

2146 3185 2253 3242 Sed
2283 3199 2411 3239 cum
2443 3185 2499 3239 in
2529 3185 2723 3240 silvam
2753 3193 3171 3254 penetrassent,
3194 3196 3307 3236 non
3337 3181 3491 3251 prius
3506 3192 3605 3235 eos
3629 3178 3742 3233 cir-

2143 3283 2468 3331 cumventos
2501 3275 2712 3331 caedere
2737 3274 3097 3336 destiterunt,
3124 3287 3295 3342 quam
3329 3271 3492 3342 plane
3523 3268 3738 3325 viribus

2143 3368 2394 3424 destituti
2422 3378 2628 3424 essent.
2664 3365 2771 3422 Sed
2800 3375 2857 3421 et
2873 3366 3010 3421 alias
3030 3379 3174 3436 saepe
3204 3362 3480 3419 Samnites
3497 3375 3526 3415 a
3543 3360 3747 3417 Roma-

2143 3461 2233 3518 nis
2264 3462 2416 3527 victi,
2464 3477 2574 3517 non
2595 3461 2959 3531 quieverunt:
2987 3458 3084 3514 sed
3103 3473 3231 3514 cum
3263 3456 3409 3522 aliis,
3428 3466 3545 3511 tum
3572 3453 3745 3510 Gallis

2142 3555 2308 3611 sociis
2346 3553 2557 3617 ascitis,
2602 3554 2752 3609 itase
2785 3559 3075 3624 pararunt,
3129 3549 3288 3621 quasi
3311 3549 3489 3620 ipsam
3542 3547 3738 3602 urbem

2144 3645 2515 3718 oppugnaturi
2539 3654 2743 3702 essent.
2758 3643 2878 3714 Quo
2902 3644 3134 3701 Romani
3154 3642 3375 3715 cognito
3393 3640 3574 3698 territi
3590 3649 3742 3696 sunt-

2144 3739 2311 3794 etiam
2362 3738 2632 3810 prodigiis
2699 3738 2889 3793 multis
2938 3735 3232 3794 admoniti.
3281 3735 3418 3791 Nam
3471 3749 3537 3789 ex
3584 3730 3739 3789 Jovis

2144 3829 2444 3900 Capitolini
2473 3844 2569 3884 ara
2619 3830 2797 3885 tribus
2826 3829 3045 3896 diebus,
3102 3843 3213 3883 uno
3256 3826 3503 3899 sanguis,
3563 3826 3738 3882 altero

2152 3923 2283 3988 mel,
2304 3923 2473 3978 tertio
2513 3923 2597 3978 lac
2626 3937 2914 3979 emanasse
2947 3920 3147 3986 iertur,
3187 3920 3232 3975 si
3266 3920 3383 3975 base
3407 3920 3634 3976 credere
3664 3918 3746 3974 l'as

2149 4028 2277 4076 est:
2309 4030 2367 4075 et
2412 4020 2467 4075 in
2500 4019 2624 4075 foro
2650 4020 2909 4076 Victoriae
2933 4020 3290 4075 simulacrum
3323 4032 3525 4073 aereum
3552 4019 3607 4072 in
3628 4017 3745 4073 Stilo

2149 4126 2462 4167 marmoreo
2494 4111 2759 4182 positum,
2788 4119 3075 4181 repertum
3098 4118 3183 4167 est
3206 4110 3352 4165 ultro
3382 4108 3533 4163 bumi
3565 4119 3741 4174 stans,

2147 4201 2306 4257 vultu
2339 4214 2408 4255 eo
2439 4213 2732 4263 converso,
2783 4198 2930 4255 unde
2975 4197 3114 4254 Galli
3160 4195 3559 4253 adventabant.
3610 4194 3742 4262 Qua:

2148 4308 2275 4350 cum
2313 4307 2413 4362 per
2437 4306 2496 4348 se
2520 4298 2795 4347 terrerent
2817 4290 3104 4361 populum,
3133 4298 3317 4345 terror
3343 4289 3391 4343 is
3429 4288 3497 4343 ab
3522 4287 3741 4358 aruspi-

2148 4384 2311 4440 cibus
2333 4383 2453 4438 dira
2479 4382 2808 4439 canentibus
2849 4381 3177 4453 augebatur.
3218 4379 3326 4437 Sed
3359 4379 3574 4435 Manius
3610 4379 3742 4449 qui-

2149 4479 2276 4534 dam
2306 4477 2628 4549 Tyrrhenus
2655 4493 2881 4550 genere,
2914 4491 3012 4532 eos
3040 4477 3409 4531 conﬁrmavit.
3446 4474 3587 4530 Nam
3619 4475 3739 4539 etsi,

2149 4573 2349 4644 inquit,
2396 4569 2629 4629 Victoria
2661 4570 2949 4637 descendit,
2985 4578 3164 4625 tamen
3188 4585 3306 4625 cum
3337 4584 3613 4641 progressa
3647 4568 3739 4626 sil.

2149 4675 2198 4720 et
2222 4665 2430 4733 ﬁrmius
2465 4666 2523 4721 in
2557 4673 2703 4719 terra
2724 4662 2923 4731 deﬁxa,
2950 4663 3225 4718 victoriam
3259 4662 3555 4717 denuntiat.
3586 4659 3741 4727 Quod

2149 4766 2330 4813 autem
2352 4758 2571 4828 sanguis
2598 4771 2664 4811 ea:
2691 4771 2792 4810 ara
2819 4754 2964 4809 Iovis
2995 4754 3286 4823 Capitolini
3323 4753 3610 4818 emanarit,
3658 4753 3741 4805 in-

2148 4852 2285 4907 dicio
2304 4867 2432 4917 esse,
2485 4849 2650 4921 366
2684 4848 2882 4903 multas
2915 4848 3155 4903 victimas
3210 4848 3311 4901 diis
3351 4844 3741 4901 immortalibus

2146 4942 2481 4999 immolatum
2513 4941 2605 4994 iri.
2645 4940 2784 4996 Aras
2831 4941 2994 5005 enim,
3036 4941 3334 5009 prazsertim
3381 4936 3738 5010 Capitolinas.

2146 5037 2201 5089 in
2226 5033 2413 5105 quibus
2439 5032 2823 5103 triumphantes
2855 5030 3160 5100 sacriﬁcare
3202 5029 3433 5093 soleant,
3470 5031 3622 5083 rebus
3654 5046 3737 5083 se~

2147 5125 2335 5179 cundis
2377 5124 2549 5195 potius
2614 5138 2779 5194 quam
2833 5122 3067 5176 adversis
3106 5122 3379 5176 cruentari
3417 5120 3606 5175 solere.
3655 5119 3741 5174 Ex

463 5214 562 5268 καί
583 5214 973 5283 βεϐαιότερον
994 5211 1095 5267 ἐπὶ
1119 5211 1233 5283 τῆς
1258 5212 1373 5284 γῆς
1400 5213 1771 5284 ἱδρυθεῖσαν,
1803 5215 1872 5270 τὸ
1900 5215 2043 5285 κρά-

2146 5211 2230 5267 Itis
2258 5212 2421 5282 igitur
2459 5226 2546 5267 eos
2595 5209 2718 5265 lwta
2750 5218 3052 5281 exspectare
3069 5211 3313 5281 jubebat.
3362 5209 3522 5263 Melle
3560 5220 3737 5263 autem

463 5323 567 5373 τος
611 5306 793 5377 σφίσι
837 5305 1189 5376 προδηλοῦν
1218 5306 1327 5362 τοῦ
1357 5307 1649 5377 πολέμου,
1676 5309 1794 5365 κάκ
1823 5311 2044 5365 τούτου

464 5400 566 5455 καί
603 5400 821 5466 θυσίας
849 5398 1082 5462 πολλὰς
1107 5398 1482 5470 γενήσεσθαι
1517 5400 1645 5466 τοῖς
1675 5402 1856 5468 θεοῖς.
1896 5402 2045 5469 Τοὺς

464 5493 575 5564 γὰρ
589 5492 861 5563 βωμοὺς,
886 5490 986 5547 καί
1009 5492 1281 5563 μάλιστα
1310 5493 1454 5560 τοὺς
1476 5494 1547 5548 ἐν
1568 5493 1650 5560 τῷ
1670 5496 2041 5568 Καπιτωλίῳ,

460 5586 532 5639 ἐν
583 5578 633 5651 ᾧ
676 5584 751 5640 τὰ
780 5585 1099 5654 νικητήρια
1127 5586 1403 5651 θύουσιν,
1434 5586 1506 5641 ἐν
1534 5585 1664 5654 ταῖς
1694 5588 2046 5659 εὐπραγίαις

462 5676 679 5742 αὐτῶν,
740 5677 881 5732 ἀλλ’
919 5679 1034 5733 οὐκ
1078 5678 1150 5732 ἐν
1201 5678 1333 5745 ταῖς
1380 5680 1724 5749 συμφοραῖς
1760 5682 1890 5735 κατ’
1906 5680 2044 5748 ἔθος

459 5765 867 5835 αἱμάττεσθαι.
931 5769 1033 5823 Ἐκ
1083 5769 1202 5839 μὲν
1258 5765 1373 5826 οὖν
1427 5771 1659 5826 τούτων
1714 5772 1945 5843 ἀγαθόν
1988 5791 2043 5827 τι

465 5856 631 5927 σφᾶς
660 5858 867 5915 ἔπεισε
911 5858 1266 5931 προσδοκᾶν
1290 5878 1304 5897 ο
1342 5863 1412 5918 ἐκ
1436 5861 1506 5918 δέ
1533 5862 1641 5921 τοῦ
1662 5862 1912 5934 μέλιτος
1939 5864 2043 5920 νό-

2150 5303 2414 5369 morbum,
2452 5303 2591 5374 quod
2619 5303 2997 5371 wgrotantibus
3021 5318 3081 5355 eo
3103 5302 3170 5356 sit
3190 5317 3338 5373 opus,
3374 5300 3513 5354 lacte
3541 5301 3739 5369 [autem

2143 5393 2407 5461 portendi,
2438 5393 2632 5448 aiebat.
2660 5392 2742 5447 Ad
2764 5400 2971 5447 tantum
2996 5393 3135 5446 enim
3160 5392 3441 5463 penuriam
3464 5391 3739 5446 redactum

2145 5490 2238 5552 iri,
2273 5496 2330 5544 ut
2357 5503 2478 5542 eum
2508 5488 2700 5541 victum
2726 5484 3002 5555 qumsituri
3026 5491 3217 5549 essent,
3252 5484 3345 5554 qui
3378 5491 3568 5554 sponte
3611 5499 3736 5553 pro—

2145 5581 2322 5637 veniat
2350 5582 2487 5657 citra
2523 5579 2810 5633 humanam
2849 5591 3091 5646 operam.
3132 5574 3344 5630 Manius
3375 5574 3625 5647 prodigia
3656 5575 3740 5630 sic

2150 5677 2563 5746 interpretatus,
2591 5686 2714 5727 cum
2744 5669 2861 5741 ipse
2904 5677 3134 5725 eventus
3153 5668 3561 5739 praedictionem
3584 5678 3737 5739 post-

2154 5784 2218 5827 ea
2276 5768 2708 5839 comprobasset,
2776 5762 3059 5833 sapientiae
3110 5777 3175 5818 ac
3216 5763 3578 5833 praescieutite
3619 5764 3736 5832 glu-

2153 5863 2291 5921 riam
2326 5866 2412 5919 est
2442 5858 2696 5930 adeptus.
2746 5855 3074 5913 Volumnius
3105 5856 3171 5912 ad
3218 5855 3422 5911 bellum
3468 5855 3737 5911 Samniti-
