4060 6410
341 341 444 408 €31

1601 349 1925 412 JOANNIS
1965 351 2285 413 ΖΟΝΑΒΕ

3489 351 3595 415 6‘32

335 476 463 517 cum
492 463 572 520 ire
593 461 801 534 jussus.
825 459 1027 520 Contra
1057 463 1242 522 Gallos
1265 478 1566 536 eorumque
1594 465 1912 528 foederatos,

2027 483 2163 534 σον,
2195 467 2284 520 ὅτι
2317 463 2500 519 αὐτοῦ
2521 464 2577 517 οι
2608 462 2940 532 κάμνοντες
2970 463 3227 518 δέονται·
3254 461 3353 520 καὶ
3386 464 3454 520 ἐκ
3491 469 3596 522 τοῦ

335 552 607 623 designati
645 557 922 622 consules,
989 555 1188 612 Rullus
1249 555 1456 610 Fabius
1515 557 1804 624 Maximus,
1860 565 1920 611 et

334 640 396 702 Ρ.
431 646 632 702 Decius
665 657 680 701 :
713 647 805 718 qui
839 663 964 702 cum
1011 648 1270 703 celeriter
1313 648 1368 702 in
1420 648 1779 720 Tyrrheniam
1820 666 1918 705 ve-

336 737 569 804 nissent,
591 747 650 793 et
671 739 831 808 Appii
863 747 1039 795 castra
1075 739 1282 810 duplici
1316 739 1460 795 vallo
1497 739 1710 795 munita
1739 741 1919 797 vidis-

336 838 480 894 sent,
513 829 671 885 vallis
701 831 935 885 revulsis
972 841 1028 886 et
1052 831 1320 902 disjectis,
1353 831 1557 886 milites
1587 845 1738 901 Spem
1773 831 1921 885 salu-

337 921 410 977 tis
441 923 496 976 in
529 923 701 978 armis
745 923 948 979 habere
979 923 1308 980 docuerunt.
1346 923 1570 979 Interim
1611 941 1741 979 vero
1786 926 1918 979 dum

336 1026 532 1072 contra
575 1015 764 1071 hostes
801 1025 1053 1088 pergunt,
1089 1015 1254 1086 lupus
1293 1031 1512 1072 cervam
1559 1033 1917 1089 persequens,

338 1105 483 1162 inter
510 1115 798 1176 utramque
831 1107 1005 1163 aciem
1031 1107 1266 1174 delatus,
1292 1109 1446 1178 juxta
1487 1110 1762 1165 Romanos
1788 1126 1918 1166 eva—

337 1197 453 1254 sit:
487 1213 692 1270 eosque
751 1198 1116 1260 conﬁrmavit,
1161 1201 1538 1256 existimantes
1582 1202 1633 1256 id
1677 1203 1918 1258 faustum

337 1289 442 1346 sibi
491 1307 654 1347 omen
705 1308 848 1358 esse,
897 1296 966 1348 ob
1006 1294 1301 1348 Romulum
1351 1310 1382 1348 a
1432 1294 1560 1364 lupa
1621 1295 1916 1360 nutritum,

336 1383 800 1452 quemadmodum
825 1393 912 1440 est
939 1386 1275 1454 expositum.
1307 1385 1481 1442 Cerva
1513 1401 1646 1440 vero
1693 1402 1818 1441 cum
1849 1387 1917 1440 ad

339 1473 525 1529 hostes
561 1474 810 1546 fugisset,
863 1477 988 1532 telis
1027 1476 1301 1540 confecta,
1337 1487 1394 1532 et
1434 1477 1685 1532 timorem
1737 1481 1820 1534 eis
1863 1491 1921 1534 et

335 1562 584 1633 ejusdem
627 1564 800 1620 cladis
824 1576 1081 1622 eventum
1113 1569 1359 1639 reliquit.
1399 1567 1722 1640 Congressis
1758 1587 1914 1624 exer-

337 1655 558 1720 citibus,
587 1657 856 1714 Maximus
886 1661 940 1716 in
975 1676 1076 1717 suo
1109 1676 1280 1716 cornu
1315 1661 1471 1717 facile
1519 1662 1672 1729 vicit,
1725 1664 1921 1718 Decius

337 1752 654 1808 succubuit.
683 1752 884 1808 Verum
918 1753 1043 1809 facti
1071 1755 1283 1825 paterni
1313 1755 1652 1818 recordatus.
1678 1757 1744 1812 ad
1773 1759 1918 1828 quod

337 1835 430 1896 ille
458 1844 673 1898 somnio
720 1845 991 1915 impulsus
1036 1845 1239 1910 fuerat.
1290 1863 1451 1902 suum
1496 1858 1552 1903 et
1592 1849 1710 1918 ipse
1757 1860 1921 1920 caput

338 1932 532 1990 eodem
579 1936 744 1991 modo
789 1937 1032 2003 devovit,
1071 1939 1304 1994 consilio
1346 1955 1472 1995 cum
1511 1941 1731 1996 nemine
1773 1958 1921 1998 com-

341 2026 640 2082 municato.
670 2029 796 2099 Ipso
821 2045 981 2096 casa,
1023 2032 1226 2087 milites
1259 2033 1456 2102 partim
1495 2034 1616 2104 ejus
1655 2051 1922 2091 verecun-

340 2118 452 2182 dia.
481 2119 577 2189 qui
605 2120 752 2175 ultro
785 2130 1018 2177 mortem
1054 2137 1154 2192 pro
1190 2121 1325 2192 ipsis
1350 2124 1694 2194 oppetiisset,
1719 2127 1918 2194 partim

240 2209 267 2234 ‘
339 2219 492 2264 certa
518 2225 615 2280 spe
650 2211 890 2267 victoriae
923 2226 1076 2267 exeo
1119 2211 1260 2268 facto
1289 2222 1576 2282 concepta.
1610 2215 1800 2285 fugere
1828 2217 1924 2272 de-

341 2301 576 2365 sierunt,
603 2311 659 2356 et
687 2303 1149 2374 persequentibus
1185 2303 1407 2360 fortiter
1443 2305 1787 2363 restiterunt.
1833 2307 1920 2362 ln-

339 2393 501 2449 terim
553 2394 820 2450 Maximus
861 2412 1080 2468 quoque
1119 2412 1150 2451 a
1200 2406 1354 2469 tergo
1386 2397 1574 2455 hostes
1608 2415 1921 2471 aggressus,

341 2485 548 2540 multos
598 2486 824 2551 occidit,
871 2487 1069 2558 reliqui
1120 2487 1174 2544 in
1224 2489 1349 2560 fuga
1412 2489 1718 2560 perierunt.
1775 2493 1920 2548 Decii

339 2574 574 2629 cadaver
597 2573 799 2630 Fabius
834 2575 1101 2632 Maximus
1133 2591 1240 2631 una
1263 2591 1388 2632 cum
1418 2578 1610 2648 spoliis
1634 2579 1920 2648 cremavit,

339 2667 656 2738 petentibus
703 2684 892 2738 pacem
939 2669 1112 2726 dedit.
1164 2669 1441 2750 Sequente
1496 2685 1642 2725 anno
1697 2672 1922 2729 Attilius

339 2755 583 2828 Regulus
607 2759 792 2815 denuo
820 2774 946 2816 cum
982 2759 1322 2818 Samnitibus
1361 2762 1641 2833 pugnavit,
1675 2763 1927 2834 aliquan-

343 2851 441 2906 diu
475 2867 633 2922 requo
676 2851 869 2909 Marte.
917 2853 1128 2909 Deinde
1168 2853 1298 2908 victi
1342 2855 1600 2918 Romani,
1650 2854 1924 2911 Samnites

340 2943 583 3000 v'cissim
614 2952 923 3014 superatos.
955 2955 1010 3001 et
1036 2945 1138 3001 sub
1180 2947 1371 3018 iugum
1437 2946 1634 3002 missos
1683 2947 1925 3003 dimise-

344 3045 492 3090 runt.
539 3036 712 3104 Quam
760 3037 1119 3108 ignominiam
1166 3038 1373 3107 iniquis
1417 3039 1654 3096 ferentes
1703 3040 1923 3106 animis,

347 3137 588 3184 extrema
638 3127 884 3198 experiri
943 3128 1341 3196 decreverunt,
1401 3140 1496 3184 aut
1547 3129 1771 3194 victuri,
1825 3137 1992 3220 autc

343 3218 633 3288 perituri:
709 3228 938 3274 mortem
1015 3221 1378 3289 comminati,
1455 3220 1618 3292 367
1675 3222 1722 3278 si
1797 3223 1922 3292 quis

344 3309 638 3364 mansisset
661 3308 835 3367 domi.
868 3308 1005 3366 Cum
1050 3312 1216 3382 igitur
1257 3313 1313 3367 in
1343 3313 1698 3384 Campaniam
1739 3313 1922 3368 irrue-

345 3408 492 3464 rent,
524 3403 782 3459 consules
819 3403 1103 3460 Samnium
1147 3405 1419 3461 militibus
1460 3421 1694 3462 vacuum
1737 3417 1920 3462 vasta-

345 3500 494 3556 runt.
529 3501 586 3550 et
618 3495 819 3565 oppida
849 3495 1062 3568 aliquot
1097 3507 1386 3567 ceperunt.
1421 3497 1715 3564 Samnites,
1757 3498 1920 3555 Cam-

345 3587 509 3659 pania
554 3588 766 3658 relicta,
799 3591 1022 3646 domum
1043 3592 1277 3656 reducti,
1306 3602 1363 3648 et
1403 3607 1531 3650 cum
1575 3593 1749 3648 altero
1791 3609 1924 3648 con-

347 3681 468 3736 sule
496 3683 804 3752 congressi,
835 3691 1003 3754 atque
1026 3695 1144 3740 arte
1173 3683 1410 3754 quadam
1443 3685 1710 3755 superati,
1737 3683 1922 3755 gravi-

347 3783 434 3828 ter
477 3773 533 3828 in
566 3772 690 3845 fuga
739 3776 1106 3846 impegerunt,
1141 3785 1197 3832 et
1236 3777 1434 3833 castris
1475 3785 1532 3832 et
1561 3776 1785 3846 oppido,
1833 3776 1923 3832 cui

348 3867 630 3936 suppetias
659 3867 977 3938 veniebant,
1002 3868 1239 3924 amissis.
1267 3868 1470 3926 Consul
1515 3867 1875 3938 triumphavit
1905 3886 1920 3924 :

347 3967 408 4014 et
437 3958 707 4029 quidquid
740 3976 807 4016 ex
839 3961 1020 4032 prazda
1056 3961 1362 4033 redegerat,
1397 3961 1450 4016 in
1483 3960 1739 4016 aerarium
1771 3961 1923 4015 intu-

349 4048 434 4105 lit.
468 4049 620 4105 Alter
648 4066 780 4106 vero
803 4051 994 4108 consul
1021 4051 1116 4122 qui
1146 4067 1272 4108 eum
1296 4051 1598 4124 Tyrrhenis
1623 4051 1922 4122 pugnabat,

347 4154 474 4196 cum
509 4156 605 4197 eos
635 4142 789 4198 brevi
825 4151 1071 4213 tempore
1097 4143 1547 4215 compescuisset,
1582 4142 1922 4198 frumentum

348 4240 405 4286 et
433 4233 723 4302 pecuniam
745 4233 828 4290 eis
851 4235 1194 4306 imperatam,
1221 4236 1417 4306 partim
1451 4235 1717 4291 militibus
1743 4233 1926 4290 distri-

350 4321 494 4389 buit,
525 4326 725 4396 partim
770 4328 824 4382 in
857 4327 1114 4382 aerarium
1148 4326 1352 4382 intulit.
1385 4326 1522 4383 Cum
1557 4335 1740 4381 autem
1789 4325 1924 4382 urbs

350 4419 499 4490 gravi
525 4420 836 4490 pestilentia
867 4422 1164 4487 laboraret,
1195 4420 1471 4478 Samnites
1497 4430 1554 4477 et
1587 4421 1783 4477 Falisci
1811 4421 1926 4477 Ro-

2020 560 2322 629 τάῑακτος
2379 557 2576 625 λιμόν.
2629 557 2714 622 Ἐς
2771 555 2880 624 γὰρ
2932 556 3238 624 τοσαύτην
3290 559 3600 614 σιτοδείαν

2018 648 2359 718 ἀφίξεσθαι.
2395 646 2553 700 ὥστε
2577 651 2674 701 καὶ
2705 645 2823 714 τὴν
2853 647 3220 713 αὐτόφυτον,
3252 647 3369 717 τήν
3396 665 3460 702 τε
3485 651 3596 702 αὑ-

2019 743 2278 810 τόνομογ
2309 737 2558 808 ζητῆσαι
2589 737 2839 807 τροφήν.
2878 737 2938 791 '0
2970 738 3068 807 μὲν
3091 734 3185 792 οὖν
3219 739 3426 803 Μάνιος
3455 739 3599 794 οὕτω

2017 835 2086 888 τά
2117 834 2226 888 τῶν
2261 833 2505 903 σημείων
2546 832 2882 902 ἡρμήνευσε·
2913 833 3008 885 καὶ
3055 833 3147 884 ἐπὶ
3184 831 3296 884 τῶν
3337 835 3599 903 πραγμά-

2017 942 2128 978 των
2161 926 2206 978 δ’
2234 924 2530 994 ἐσύστερον
2575 924 2676 992 τῆς
2716 922 2880 976 αὐτοῦ
2917 925 3172 992 μαντείας
3207 924 3468 992 ἐκϐάσης,
3505 942 3598 978 σο-

2021 1017 2146 1086 φίας
2177 1016 2470 1086 ἐκομίσατο
2499 1016 2678 1082 δόξαν,
2709 1016 2801 1069 καὶ
2855 1015 3241 1088 προγνώσεως.
3289 1017 3350 1070 '0
3375 1016 3432 1070 δὲ
3459 1016 3596 1070 Οὐο-

2020 1107 2272 1176 λούμνιος
2303 1108 2412 1170 τοῖς
2443 1105 2741 1176 Σαμνίταις
2767 1105 3024 1176 πολεμεῖν
3057 1105 3373 1176 ἐκελεύσθη,
3403 1111 3516 1170 τοῖς
3539 1105 3596 1161 δέ

2019 1199 2287 1261 Γαλάταις
2317 1199 2410 1254 καὶ
2439 1200 2552 1260 τοῖς
2575 1197 2757 1260 ἄλλοις
2781 1200 2894 1261 τοίς
2922 1198 3042 1268 μετ’
3073 1197 3254 1252 αὐτῶν
3305 1201 3602 1254 ἀντικατα-

2023 1291 2476 1361 στῆναι.⁶Ύπατοι
2506 1291 2819 1360 αἱρεθέντες
2840 1291 3224 1362 ἐπέμςνθησαν,
3248 1293 3276 1345 ὅ
3310 1310 3372 1346 τε
3414 1292 3597 1346 Ῥοῦλο

2019 1381 2109 1444 λος
2139 1381 2215 1452 (7)
2243 1382 2270 1434 ὁ
2295 1380 2492 1444 Φάϐιος
2514 1381 2544 1435 ὁ
2563 1381 2838 1451 Μάξιμος,
2859 1382 2953 1435 καὶ
2982 1385 3010 1436 ὁ
3037 1383 3224 1444 Δέκιος
3245 1383 3273 1436 6
3303 1381 3592 1445 Πούπλιος·

2019 1475 2068 1529 οἳ
2112 1475 2244 1543 πρὸς
2273 1473 2371 1543 τὴν
2414 1474 2722 1544 Τυρσηνίδπι
2766 1475 2968 1545 σπουδῇ
3013 1475 3355 1545 ἀφικόμενοι,
3391 1474 3486 1527 καὶ
3533 1475 3597 1529 τὸ

2031 1565 2264 1618 Ἀππίου
2292 1565 2649 1633 στρατόπεδον
2681 1564 2879 1629 ἰδόντες
2895 1564 3068 1634 διπλῷ
3087 1565 3440 1634 σταυρώματι
3459 1580 3598 1619 κατ-

2021 1641 2405 1727 ωχυρωμένον,
2466 1656 2594 1719 τοὺς
2645 1657 2909 1722 σταυροὺς
2937 1655 3257 1710 άνέσπασάν
3289 1675 3349 1710 τε
3394 1657 3488 1710 καὶ
3517 1657 3598 1708 δι-

2026 1749 2325 1816 εφόρησαν,
2362 1749 2420 1800 ἐν
2443 1749 2556 1812 τοῖς
2589 1747 2776 1810 ὅπλοις
2831 1747 3102 1802 ποιεῖσθαι
3133 1747 3233 1819 τὴν
3268 1748 3455 1802 ἐλπίδα
3499 1749 3598 1817 τῆς

2024 1839 2300 1912 σωτηρίας
2334 1841 2460 1902 τοὺς
2494 1838 2829 1909 στρατιώτας
2853 1839 3218 1903 διδάσκοντες.
3255 1841 3598 1912 Προσέϐαλον

2022 1932 2116 1986 οὖν
2146 1935 2258 1996 τοῖς
2305 1932 2606 2001 πολεμίοις’
2634 1933 2738 1984 κάν
2765 1932 2939 2002 τούτῳ
2970 1932 3131 1996 λύκος
3162 1932 3357 1998 ἔλαφον
3385 1931 3598 1986 διώκων

2022 2026 2102 2088 εἰς
2135 2023 2194 2077 τὸ
2231 2022 2550 2094 μεταίχμιον
2580 2025 2869 2088 εἰσπεσὼν,
2926 2024 3088 2088 αὐτὸς
3129 2025 3228 2095 μὲν
3281 2025 3417 2095 πρὸς
3467 2025 3595 2088 τοὺς

2041 2113 2352 2182 Ῥωμαίους
2420 2115 2670 2183 ὁρμήσας
2739 2112 3010 2182 διεξῆλθε,
3087 2114 3180 2167 καὶ
3227 2114 3424 2176 αὐτοὺς
3475 2116 3602 2166 ἐπε-

2024 2206 2280 2274 θάρσυνε,
2337 2207 2638 2276 προσήκειν
2669 2206 2831 2260 αὐτὸν
2875 2206 3196 2276 νομίζοντας
3235 2209 3468 2270 ἑαυτοῖς,
3523 2205 3600 2271 ὡς

2022 2299 2281 2370 λυκαίνης
2300 2301 2469 2369 θρεψα
2477 2301 2646 2370 μένης
2666 2300 2756 2352 τὶν
2791 2299 3090 2371 Ῥωμύλον,
3112 2300 3363 2371 καθάπερ
3388 2299 3602 2371 ἱστόρη-

2020 2407 2146 2443 ται·
2206 2393 2239 2462 ή
2273 2391 2318 2444 δ’
2350 2391 2548 2458 ἔλαφος
2584 2392 2642 2455 ἐς
2671 2393 2796 2454 τοὺς
2825 2393 3045 2460 ἐτέρους
3075 2393 3396 2462 χωρήσασα,
3463 2409 3595 2446 κατ-

2023 2483 2224 2554 εκὸπη,
2275 2483 2369 2536 καὶ
2410 2483 2502 2535 τόν
2531 2500 2590 2536 τε
2626 2484 2790 2552 φόϐον
2819 2484 3023 2549 αὐτοῖς,
3047 2485 3140 2538 καὶ
3178 2484 3277 2554 τὴν
3308 2483 3600 2554 συντυχίαν

2023 2576 2117 2630 τοῦ
2173 2575 2379 2638 πάθους
2405 2575 2688 2630 κατέλιπε.
2723 2575 3120 2645 Συμπεσόντων
3158 2573 3251 2632 οὖν
3280 2577 3391 2631 τῶν
3431 2595 3600 2647 στραο

2023 2667 2330 2736 τευμάτων,
2380 2666 2408 2719 ὁ
2469 2666 2569 2736 μὲν
2617 2666 2871 2736 Μάξιμος
2925 2669 3054 2738 ῥᾷον
3104 2669 3228 2731 τοὺς
3281 2668 3402 2724 κατ’
3436 2667 3600 2723 αὐτὸν

2024 2761 2296 2831 ἐνίκησεν,
2320 2760 2522 2830 ἥττητο
2543 2758 2599 2812 δέ
2632 2777 2693 2826 γε
2717 2761 2744 2812 ὁ
2775 2759 2983 2823 Δέκιος.
3029 2761 3385 2833 Ἐνθυμηθεὶς
3415 2763 3473 2817 δὲ
3499 2762 3599 2830 τὴν

2025 2851 2263 2906 ἐπίδοσιν
2296 2850 2388 2904 τοῦ
2439 2851 2666 2921 πατρὸς,
2691 2851 2758 2924 ἥν
2787 2851 2874 2906 διὰ
2899 2852 2960 2906 τὸ
2988 2853 3240 2908 ἐνύπνιον
3275 2855 3595 2924 ἐποιήσατο,

2025 2943 2222 2995 ἐαυτὸν
2268 2943 2467 3012 ὁμοίως
2501 2942 2766 3006 ἐπέδωκε,
2811 2943 2885 3013 μή
2922 2961 3028 2998 τινι
3063 2945 3187 3016 περὶ
3215 2947 3316 3014 τῆς
3349 2945 3599 3015 πράξεως

2028 3035 2430 3104 κοινωσάμενος
2453 3049 2468 3065 ⁶
2517 3035 2642 3102 ἄρτι
2672 3035 2726 3088 δὲ
2761 3035 3004 3104 ἐσρακτο
3033 3037 3127 3092 καὶ
3158 3039 3206 3091 oi
3235 3037 3601 3107 συντεταγμέο

2024 3143 2106 3179 νοι
2139 3126 2309 3195 αὐτῷ,
2339 3127 2402 3178 τὸ
2438 3124 2538 3195 μὲν
2575 3125 2972 3198 ἐκείνουσαίδοῖ,
2996 3128 3070 3192 ὼς
3099 3128 3166 3182 δι’
3187 3129 3384 3194 αὐτοὺς
3413 3129 3603 3184 θανόν-

2029 3235 2117 3280 τος
2139 3217 2438 3283 ἐθελοντοῦ,
2463 3217 2524 3270 τὸ
2549 3217 2603 3271 δὲ
2634 3219 2726 3271 καὶ
2753 3218 2928 3273 ἐλπίδι
2951 3219 3048 3274 τοῦ
3087 3221 3300 3286 πάντως
3325 3223 3390 3276 ἐκ
3410 3222 3600 3276 τούτου

2029 3309 2346 3380 κρατήσειν,
2383 3308 2484 3379 τῆς
2511 3326 2568 3362 τε
2604 3310 2784 3378 φυγῆς
2819 3309 3070 3380 ἐπέσχον,
3090 3313 3182 3366 καὶ
3207 3315 3319 3374 τοῖς
3345 3312 3600 3367 διώκουσι

2031 3402 2174 3468 σφᾶς
2219 3401 2483 3468 γενναίως
2529 3401 3012 3472 ἀντικατέστησαν.
3067 3405 3185 3458 Κάν
3235 3403 3411 3476 τούτῳ
3443 3405 3540 3458 καὶ
3572 3404 3603 3456 6

2029 3492 2282 3562 Μάξιμος
2320 3491 2460 3546 κατὰ
2490 3491 2660 3546 νώτου
2687 3509 2746 3546 τε
2785 3493 2969 3556 αὐτοῖς
2998 3495 3303 3564 προσέπεσε
3332 3497 3423 3548 καὶ
3447 3513 3600 3566 παμ-

2032 3585 2258 3646 πόλλους
2289 3585 2582 3651 ἐφόνευσεν
2615 3585 2718 3656 (8).
2759 3587 2821 3639 Oi
2849 3585 2904 3640 δέ
2940 3587 3386 3657 περιλειφθέντες
3419 3589 3602 3643 ἀποδι-

2029 3678 2352 3748 δράσκοιτες
2377 3663 2766 3748 διεφθάρησαν.
2800 3680 3052 3750 Μάξιμος
3079 3679 3136 3734 δέ
3161 3681 3358 3744 Φάϐιος
3380 3681 3471 3736 τὸν
3501 3681 3603 3752 μέν

2029 3769 2123 3823 τοῦ
2156 3769 2346 3824 Δεκίου
2381 3771 2575 3840 νεκρὸν
2609 3769 2920 3825 κατέκαυσε
2953 3773 3052 3826 σὺν
3077 3774 3190 3836 τοῖς
3215 3759 3456 3838 σκύλοις,
3489 3777 3600 3837 τοῖς

2031 3862 2087 3918 δὲ
2132 3863 2354 3934 εἰρήνης
2397 3862 2636 3933 δεηθεῖσι
2680 3865 2912 3928 σπονδὰς
2937 3866 3254 3937 ἐποιήσατο.
3284 3866 3374 3938 Τῷ
3401 3869 3446 3922 δ’
3476 3867 3602 3937 ἐξῆς

2030 3957 2139 4010 ἐτει
2169 3955 2324 4020 αὖθις
2347 3958 2456 4020 τοῖς
2485 3955 2780 4025 Σαμνίταις
2805 3957 3139 4029 ἐπολέμησεν
3178 3958 3441 4024 ’Δττίλιος
3475 3960 3604 4030 Ῥή-

2031 4048 2222 4117 γουλος
2241 4049 2338 4121 (9),
2361 4049 2457 4102 καὶ
2485 4049 2647 4120 μέχρι
2672 4049 2770 4118 μέν
2800 4065 2942 4112 τινος
2979 4049 3282 4120 ἰσορρόπως
3311 4049 3600 4120 ἐμάχοντο·

2031 4139 2151 4194 εἶτα
2182 4139 2574 4211 κρατησάντων
2597 4138 2705 4192 τῶν
2735 4138 3042 4208 Σαμνιτῶν,
3071 4135 3228 4202 αὖθις
3257 4137 3305 4192 οἱ
3344 4138 3600 4209 Ῥωμαῖοι

2033 4233 2536 4300 ἀντεπεκράτησαν.
2571 4230 2680 4284 Καὶ
2710 4229 2918 4292 ἐλόντες
2949 4230 3168 4296 αὐτοὺς,
3189 4231 3473 4299 ὑπήγαγον
3500 4230 3605 4284 ὑπὸ

2032 4323 2124 4378 τὸν
2156 4323 2342 4392 ζυγὸν,
2379 4323 2472 4376 καὶ
2498 4321 2672 4386 οὕτως
2702 4322 2946 4390 ἀφῆκαν,
2983 4323 3250 4391 Σαμνῖται
3285 4322 3340 4375 δὲ
3375 4324 3466 4376 ἐπὶ
3493 4325 3604 4387 τοῖς

2033 4417 2312 4485 γεγονόσιν
2343 4415 2847 4482 ἀγανακτήσαντες,
2874 4413 3010 4482 πρὸς
3029 4413 3290 4467 ἀπόνοιαν
3312 4413 3602 4485 ὥρμησαν,

350 4511 551 4578 manis,
592 4529 717 4569 cum
769 4513 842 4570 ob
891 4515 1169 4577 morbum,
1228 4523 1340 4570 tum
1390 4523 1618 4584 propter
1671 4514 1923 4570 consules

2032 4509 2106 4572 ὡς
2136 4508 2169 4579 ἦ
2207 4507 2598 4578 κρατήσοντες,
2630 4504 2663 4574 ἦ
2690 4505 2969 4570 παντελῶς
3007 4505 3392 4575 ἀπολούμενοι.
3434 4509 3599 4561 θάνα-

351 4621 464 4660 ηοη
497 4621 566 4661 ex
593 4607 800 4664 virtute
822 4618 1062 4672 creatos,
1094 4616 1155 4662 ut
1187 4609 1396 4678 pacatis
1432 4609 1774 4680 temporibus
1807 4608 1924 4664 fieri

352 4694 516 4761 solet,
544 4697 768 4766 spretis,
799 4697 853 4752 in
897 4706 1045 4752 motu
1090 4698 1335 4752 fuerunt.
1375 4696 1495 4765 Quo
1516 4699 1760 4770 cognito,
1789 4697 1926 4755 Car-

350 4783 544 4839 vilium
579 4785 747 4840 Junio
789 4785 978 4852 Bruto;
1008 4786 1210 4854 Quinto
1239 4788 1411 4843 Fabio
1457 4799 1666 4857 patrem
1705 4787 1925 4846 Rullum

349 4873 648 4934 Masfmum
687 4878 895 4948 legatos
924 4879 1312 4936 decreverunt.
1351 4881 1430 4936 Ac
1458 4879 1662 4937 Brutus
1687 4883 1930 4938 Faliscos

350 4965 505 5032 vicit,
543 4981 848 5037 eorumque
868 4979 925 5024 et
959 4981 1285 5023 emtororum
1319 4970 1732 5042 Tyrrhenorum
1768 4988 1929 5042 agros

353 5059 648 5128 populatus
680 5071 788 5114 est.
827 5059 934 5116 Sed
969 5061 1192 5126 Fabius,
1226 5063 1372 5132 quod
1441 5063 1718 5120 Samnites
1765 5064 1930 5120 Cam-

350 5149 574 5218 paniam
615 5149 878 5208 infestare
930 5153 1209 5216 audiebat,
1263 5169 1496 5224 propere
1539 5165 1665 5210 ante
1711 5165 1922 5226 patrem

354 5235 528 5298 Roma
565 5241 868 5312 profectus,
911 5259 1037 5300 cum
1069 5245 1281 5316 aliquot
1319 5261 1512 5301 eorum
1553 5247 1932 5316 speculatores

351 5343 634 5394 maturare
671 5337 882 5394 abitum
929 5337 1166 5401 videret,
1214 5352 1408 5413 omnes
1451 5337 1526 5393 ibi
1569 5337 1758 5393 hostes
1805 5352 1932 5392 csse

2027 4617 2118 4653 τον
2153 4597 2550 4668 ἀπειλήσαντες
2585 4596 2664 4666 τῷ
2707 4597 2844 4650 οῐκοι
2877 4596 3162 4665 μενοῦντιο
3203 4601 3296 4650 καὶ
3333 4598 3382 4650 oi
3417 4599 3516 4666 μὲν
3545 4601 3604 4661 ἐς

2027 4691 2128 4761 τὴν
2183 4688 2520 4759 Καμπανίαν
2558 4687 2830 4755 ἐνέϐαλον,
2881 4689 2932 4742 οἱ
2977 4689 3022 4743 δ’
3057 4688 3252 4744 ὕπατοι
3291 4690 3497 4760 ἔρημον
3547 4689 3606 4744 ὃν

2034 4783 2384 4853 στρατιωτῶν
2415 4781 2476 4834 τὺ
2509 4780 2744 4851 Σάμνιον
2780 4781 3066 4852 ἐπόρθουν,
3099 4785 3192 4836 καὶ
3249 4785 3432 4846 πόλεις
3465 4779 3606 4838 eti/45v

2031 4892 2206 4940 τινας.
2241 4874 2406 4930 Ὅθεν
2433 4874 2483 4928 οἱ
2509 4876 2774 4944 Σαμνῖται
2802 4874 2900 4946 τὴν
2937 4877 3275 4944 Καμπανίαν
3331 4874 3604 4940 λιπόντες,

2031 4966 2112 5027 είς
2141 4967 2240 5034 τὴν
2267 4965 2476 5020 οἰκείαν
2509 4965 2870 5038 ⁴ἠπείχθησαν,
2907 4967 3001 5019 καὶ⁹
3025 4965 3102 5036 τῷ
3131 4967 3212 5019 ἐνὶ
3239 4967 3348 5020 τῶν
3385 4969 3606 5021 ὑπάτων

2037 5058 2428 5128 συμμίξαντες,
2454 5057 2520 5111 ἐκ
2543 5074 2688 5120 τινος
2733 5057 2968 5128 ἥττηντο
2998 5059 3478 5129 στρατηγήματος,
3513 5057 3608 5112 καὶ

2037 5152 2333 5219 φεύγοντες
2360 5148 2551 5212 δεινῶς
2577 5148 2867 5215 ἔπταισαν,
2891 5149 2986 5201 καὶ
3011 5150 3070 5202 τὸ
3096 5149 3454 5218 στρατόπεδον
3504 5149 3598 5202 ἀπο

2039 5243 2257 5308 ἀϐαλον,
2293 5239 2430 5311 πρὸς
2455 5241 2513 5294 δὲ
2538 5239 2633 5294 καὶ
2659 5239 2719 5293 τὸ
2745 5240 2984 5310 πόλισμα
3001 5234 3046 5309 ᾧ
3068 5239 3422 5310 ἐπεϐοήθουν.
3460 5239 3520 5292 Ὃ
3551 5239 3606 5294 δὲ

2036 5337 2240 5397 ὕπατος
2269 5333 2340 5387 τά
2367 5349 2427 5387 τε
2465 5331 2708 5386 ἐπινίκια
2743 5330 2978 5402 έπεμψε,
3007 5329 3104 5385 καὶ
3129 5331 3198 5384 τὰ
3245 5329 3609 5402 ἀθροισθέντα

1543 5454 1752 5516 Varim
1787 5453 2096 5516 lectiones
2141 5460 2202 5514 et
2231 5457 2416 5513 notae.

425 5572 507 5652 fl)
551 5573 1176 5652 'Poi'ulocultauinfra
1219 5577 1482 5652 _'_Pov3)t).ov
1523 5575 1796 5647 Μάξιμον,
1843 5575 1934 5632 Sic

357 5646 532 5716 etiam
560 5653 673 5716 tres
705 5661 836 5716 mss.
870 5646 1104 5716 Regiiet
1136 5647 1385 5708 Colbert.

438 5711 520 5788 (Si
545 5711 982 5788 Διεςρθάρησαιί
1016 5715 1106 5772 Sic
1131 5718 1300 5774 etiam
1329 5727 1440 5788 tres
1465 5732 1597 5774 mss.
1615 5716 1770 5774 Alter
1790 5715 1936 5786 apud

363 5775 620 5837 WOIﬁum
641 5775 1038 5854 διεσπάρησαν.

2102 5573 2180 5642 (9)
2224 5573 2516 5638 Ἀντίδιος
2557 5569 3097 5642 ῬήτονλοςχΔΙιθις
3121 5585 3153 5624 e
3181 5569 3318 5642 Reg.
3369 5578 3425 5642 et
3445 5567 3603 5642 Coll).

2045 5637 2299 5712 ’Astsioc,
2321 5642 2445 5712 duo,
2465 5637 2579 5712 alii
2595 5637 2752 5712 Regii
2768 5641 3055 5704 ’Δντίδιος.
3077 5637 3288 5696 Latinis
3317 5637 3574 5710 scriptori
3593 5674 3605 5679 -

2034 5713 2140 5770 bus
2169 5711 2381 5769 Attilius
2414 5709 2662 5783 nequius.
