4060 6416
475 403 603 465 ϋ33’

1704 408 2112 469 ANNALIUM
2154 409 2300 468 LIB.
2340 409 2512 470 VIII.

3631 407 3739 473 634

469 519 536 571 lx
558 513 670 568 τῶν
704 512 963 585 λαφύρων
998 512 1379 585 ἐδημοσίευσεν
1408 532 1422 546 ·
1472 516 1499 569 ό
1534 515 1580 570 δ’
1603 516 1788 589 ἕτερος
1838 519 2042 584 ὐπατος

2161 531 2312 583 -atus,
2336 536 2401 576 ac
2424 520 2613 589 fugere
2647 535 2660 573 :
2692 526 2818 574 ante
2855 516 3027 587 patris
3055 516 3351 572 adventum
3383 530 3580 572 manus
3604 532 3742 572 con-

469 604 614 659 κατά
666 603 778 658 τῶν
828 604 1126 675 Τυρσηνῶν
1184 604 1541 676 στρατεύσας,
1576 606 1671 659 καὶ
1702 610 2050 679 καταστήσας

468 696 669 755 αὐτοὺς
698 695 766 749 δι’
789 696 996 765 ὀλίγου,
1023 696 1168 750 σῖτόν
1198 714 1258 750 τε
1286 699 1380 751 καὶ
1407 698 1670 769 χρήματα
1710 701 1840 771 παρ’
1869 701 2050 756 αὐτῶν
2079 752 2083 756 .

470 788 795 861 είσπράξας,
835 786 906 842 τά
957 787 1056 858 μὲν
1104 790 1217 852 τοῖς
1270 791 1633 859 στρατιώταις
1688 790 1932 857 διέδωκε,
1984 793 2051 844 τὰ

466 881 513 935 δ’
536 881 855 952 εἰσήνεγκεν
898 881 977 943 είς
1023 880 1148 943 τοὺς
1179 880 1508 951 θησαυρούς.
1546 882 1965 951 Συμϐεϐηκότος
1994 884 2051 935 δὲ

467 971 658 1041 λοιμοῦ
700 970 942 1042 ἰσχυροῦ,
973 971 1023 1023 οί
1050 972 1315 1040 Σαμνῖται
1346 974 1440 1025 καὶ
1477 974 1737 1028 Φάλισκοι
1780 991 2055 1044 καταφρο-

467 1064 731 1133 νήσαντες
764 1063 875 1116 τῶν
919 1061 1210 1132 Ῥωμαίων
1255 1062 1345 1116 διά
1402 1079 1465 1114 τε
1512 1064 1610 1135 τὴν
1643 1065 1818 1127 νόσον,
1846 1068 1938 1116 καὶ
1968 1066 2053 1117 ὅτι

465 1156 594 1218 τούς
642 1154 883 1218 ὑπάτους
912 1154 971 1207 οὐ
1009 1154 1133 1207 κατ’
1168 1153 1372 1225 ἀρετὴν
1403 1154 1629 1225 ᾕρηντο,
1666 1156 1740 1219 ώς
1769 1156 1846 1226 μὴ
1893 1156 2054 1209 πολέ-

474 1261 592 1314 μων
641 1242 831 1309 ὄντων,
880 1244 1281 1315 παρεκίνησαν.
1342 1245 1623 1311 Μαθόντες
1685 1246 1779 1300 οῦν
1826 1248 1974 1301 τοῦθ’
2003 1250 2052 1301 οἱ

480 1335 782 1404 Ῥωμαῖοι,
849 1336 1053 1405 Ἰουνίῳ
1114 1337 1214 1406 μὲν
1274 1336 1495 1409 Βρούτῳ
1558 1337 1649 1391 τὸν
1704 1341 2050 1410 Καρουίλιον,

472 1426 692 1497 Κυϊντῳ
714 1426 770 1479 δὲ
801 1426 986 1497 Φαϐίῳ
1017 1427 1111 1481 τὸν
1141 1429 1355 1499 πατέρα
1383 1428 1476 1482 τὸν
1516 1428 1770 1483 Ῥοῦλλον
1803 1430 1895 1485 τὸν
1925 1432 2051 1486 Μά-

474 1515 631 1585 ξιμον
660 1517 1112 1589 ὑποστρατήγους
1141 1518 1196 1589 ἢ,
1218 1518 1583 1587 πρεσϐευτὰς,
1612 1521 2051 1593 συνεξέπεμψαν.

483 1607 543 1660 '0
577 1606 677 1675 μὲν
703 1604 798 1660 οὖν
831 1607 1067 1679 Βροῦτος
1095 1608 1398 1672 Φαλίσκους
1438 1611 1677 1680 ἐνίκησε.
1713 1613 1807 1664 καὶ
1833 1612 1901 1664 τὰ
1929 1613 2054 1665 τού·

470 1715 578 1752 των
617 1700 712 1754 καὶ
758 1700 827 1752 τὰ
873 1700 984 1754 τῶν
1025 1700 1202 1754 ἄλλων
1236 1701 1536 1772 Τυρσηνῶν
1566 1701 1829 1773 ἐληίζετο.
1854 1705 2053 1770 Φάϐιος

468 1787 524 1841 δὲ
551 1789 650 1859 τῆς
689 1789 907 1861 Ῥώμης
940 1790 1046 1861 πρὸ
1101 1792 1194 1846 τοῦ
1248 1793 1453 1863 πατρὸς
1482 1790 1768 1861 ἐξελάσας,
1803 1797 1894 1849 καὶ
1928 1799 2053 1863 τοὺς

470 1879 746 1949 Σαμνίτας
807 1880 1088 1952 ληίζεσθαι
1152 1882 1251 1955 τὴν
1317 1885 1655 1955 Καμπανίδα
1710 1887 2050 1958 πυθόμενος,
2088 1864 2126 1918 Β

469 1970 758 2039 ἠπείγετο,
787 1975 1123 2044 προσκόποις
1145 1975 1205 2029 τέ
1236 1993 1377 2029 τισιν
1406 1976 1587 2031 αὐτῶν
1643 1978 1905 2049 ἐντυχὼν,
1957 1982 2053 2035 καὶ⁸

466 2064 679 2133 ταχέως
708 2065 1136 2138 ἀποχωροῦντας
1176 2071 1316 2138 σφᾶς
1358 2069 1719 2141 θεασάμενος,
1749 2072 1962 2133 πάντας
1989 2090 2052 2128 τε

470 2155 763 2225 πολεμίους
787 2160 905 2213 ικεί
930 2161 1224 2231 τυγχάνειν
1255 2162 1498 2233 ἐνόμισε,
1535 2164 1631 2217 καὶ
1660 2163 1884 2233 φεύγειν
1934 2168 2053 2218 ἑπι-

471 2264 664 2301 στευσε
692 2264 708 2279 ο
732 2266 743 2279 λ
761 2251 870 2303 κάκ
896 2252 1089 2305 τούτου
1121 2254 1367 2317 σπεύσας
1394 2254 1578 2318 αὐτοῖς
1611 2254 1911 2325 συμϐαλεῖν
1943 2257 2052 2328 πρὸ

466 2335 563 2391 τοῦ
592 2338 684 2391 τὸν
715 2340 929 2410 πατέρα
963 2343 1128 2398 αὐτοῦ
1164 2344 1484 2413 ἀφικέσθαι,
1520 2344 1588 2397 ἶν’
1623 2343 1787 2399 αὐτοῦ
1840 2347 1902 2398 τὸ
1951 2362 2050 2398 κα-

467 2429 772 2502 τόρθωμα,
840 2435 978 2489 ἀλλά
1043 2437 1119 2508 μὴ
1179 2438 1391 2491 ἐκείνου
1444 2437 1598 2507 δοκῇ,
1660 2436 2051 2509 προεχώρησεν

466 2520 821 2588 ἀσυντάκτως
844 2543 859 2559 ·
914 2528 1011 2579 καὶ
1038 2527 1354 2599 περιπεσὼν
1379 2527 1599 2598 ἀθρόοις
1625 2530 1738 2591 τοῖς
1768 2528 2051 2598 πολεμίοις

470 2617 704 2671 πανσυδὶ
736 2617 803 2672 ἂν
835 2619 1125 2692 διεφθάρη,
1182 2623 1234 2674 εί
1295 2622 1372 2691 μὴ
1422 2621 1518 2687 νὺξ
1568 2621 1807 2690 ἐγένετο.
1858 2621 2052 2675 Πολλοὶ

2153 628 2339 668 serere
2366 626 2691 682 properans,
2728 619 2789 664 ιιι
2840 625 3000 664 suum
3047 619 3193 664 esset
3232 608 3426 673 decus,
3459 608 3612 663 nullo
3644 623 3738 663 or-

2153 704 2282 759 dine
2305 701 2598 773 processit;
2625 709 2681 756 et
2713 700 2767 755 in
2788 699 3067 755 confertos
3091 699 3277 754 hostes
3303 698 3580 768 delapsus,
3607 712 3736 752 cum

2151 793 2399 849 exercitu
2462 806 2638 847 caesus
2711 799 2877 852 esset,
2938 790 3045 844 nisi
3106 804 3233 845 mox
3298 789 3733 859 supervenisset.

2153 886 2305 941 Multi
2341 886 2505 941 etiam
2543 893 2670 954 post
2701 883 2950 953 praelium
2985 883 3295 953 perierunt,
3329 896 3508 951 neque
3556 880 3738 935 medi-

2153 993 2282 1032 cum
2328 992 2509 1046 neque
2551 976 2849 1045 quidquam
2901 975 3206 1028 valetudini
3246 972 3505 1029 curandae
3549 979 3738 1041 aptum

2156 1070 2422 1124 habentes
2452 1086 2466 1121 :
2499 1067 2645 1137 quod
2678 1066 3085 1137 impedimentis
3109 1067 3270 1135 longe
3298 1070 3733 1127 anteverterant,

2153 1175 2252 1230 ape
2299 1160 2547 1213 victoria:
2577 1160 2762 1213 statim
2814 1158 3221 1228 adipiscendae;
3264 1170 3331 1212 ac
3379 1155 3486 1210 nisi
3528 1162 3739 1225 patrem

2151 1253 2275 1322 ejus
2303 1251 2357 1305 in
2383 1251 2692 1321 propinquo
2722 1264 2846 1305 esse
2874 1251 2974 1305 rati
3003 1248 3280 1303 Samnites
3303 1263 3453 1302 metu
3483 1246 3743 1301 recessis-

2153 1353 2299 1407 sent,
2338 1343 2566 1398 omnino
2629 1340 2899 1411 postridie
2945 1354 3168 1410 quoque
3230 1354 3330 1394 eos
3379 1337 3735 1393 occidissent.

2153 1436 2285 1503 Quae
2315 1450 2440 1490 cum
2486 1435 2542 1489 in
2592 1434 2790 1489 urbem
2832 1432 3085 1488 nuntiata
3125 1440 3334 1495 essent,
3361 1444 3557 1501 magna
3597 1426 3739 1481 indi-

2154 1528 2419 1600 gnatione
2449 1536 2589 1594 orta,
2628 1536 2686 1583 et
2716 1527 2933 1583 consuli
2965 1534 3226 1581 revocato
3257 1524 3347 1579 die
3383 1523 3552 1585 dicta,
3578 1530 3738 1591 pater

2154 1622 2276 1692 ejus
2299 1635 2490 1684 senex,
2527 1627 2642 1673 tum
2670 1619 2805 1683 suis,
2844 1628 2962 1673 tum
2990 1618 3259 1688 majorum
3309 1628 3537 1670 suorum
3569 1610 3739 1665 rebus

2154 1712 2417 1781 praeclare
2454 1710 2622 1781 gestis
2651 1708 3116 1774 commemoratis,
3152 1706 3324 1762 illium
3356 1705 3495 1759 nihil
3522 1702 3630 1758 illis
3650 1702 3737 1756 in-

2158 1802 2384 1873 dignum
2432 1801 2706 1857 facturum
2750 1799 3048 1870 pollicitus.
3084 1807 3475 1868 acceptamque
3522 1792 3739 1850 cladem

2155 1898 2301 1952 aetati
2329 1896 2632 1965 imputans,
2663 1892 2741 1948 ira
2764 1892 2953 1963 populi
2978 1891 3243 1960 mitigata,
3269 1903 3396 1944 cum
3425 1903 3493 1943 eo
3546 1886 3737 1956 profe-

2120 1999 2127 2005 ‘
2156 1996 2301 2052 ctus,
2323 1987 2599 2042 Samnites
2626 1985 2802 2041 victos
2838 1983 3038 2039 castris
3067 1983 3240 2048 exuit,
3272 1994 3434 2051 agros
3464 1978 3699 2033 vastavit
3725 1996 3738 2032 :

2154 2089 2211 2136 et
2243 2079 2502 2150 praedam,
2558 2092 2682 2148 qua:
2718 2090 2910 2145 magna
2952 2082 3093 2135 erat.
3141 2072 3339 2142 partim
3384 2070 3440 2125 in
3485 2067 3740 2124 aerarium

2152 2171 2365 2235 retulit,
2398 2168 2599 2240 partim
2662 2168 2933 2223 militibus
2985 2165 3153 2235 368
3216 2161 3521 2219 distribuit.
3566 2159 3643 2213 Ea
3671 2157 3742 2211 de

2154 2274 2320 2314 causa
2349 2272 2474 2313 cum
2517 2257 2619 2327 ipsi
2664 2255 2834 2311 Fabio
2857 2255 3035 2309 honos
3064 2263 3148 2309 est
3172 2252 3437 2308 habitus:
3474 2258 3588 2304 tum
3630 2246 3744 2300 tilio

2153 2350 2505 2421 permissum,
2545 2358 2605 2404 ut
2654 2349 2822 2405 etiam
2860 2348 3124 2418 deinceps
3160 2361 3262 2417 pro
3294 2342 3521 2400 consule
3567 2342 3744 2409 impe-

2153 2448 2318 2502 raret,
2348 2447 2462 2494 tum
2493 2455 2713 2510 quoque
2731 2448 2888 2507 patre
2914 2439 3092 2509 legato
3117 2446 3300 2500 utens,
3335 2435 3457 2504 qui,
3479 2432 3622 2487 nihil
3650 2445 3743 2486 se-

2152 2532 2362 2587 nectuti
2388 2547 2502 2586 suae
2525 2546 2783 2602 parcens,
2812 2534 2931 2601 ipse
2949 2528 3362 2586 administravit
3387 2526 3573 2581 omnia
3610 2521 3745 2578 :sed

2153 2622 2590 2687 dissimulanter,
2625 2633 2739 2680 uta
2768 2624 2881 2680 tilio
2905 2633 3028 2679 acta
3057 2638 3181 2679 esse
3210 2620 3557 2677 viderentur.

468 2711 515 2766 δ’
551 2710 643 2766 οὖν
672 2716 766 2767 καὶ
801 2715 942 2784 μετὰ
1011 2716 1187 2771 ταῦτα
1239 2716 1557 2788 τεθνήκασι,
1616 2716 1744 2788 μήτ’
1787 2715 1978 2789 ίατροῦ
2051 2718 2179 2788 μήτ’
2208 2718 2515 2789 ἐπιτηδείου
2545 2718 2689 2783 τινός
2728 2719 3014 2787 παρόντος,
3044 2717 3133 2771 διὰ
3161 2716 3224 2771 τὸ
3270 2715 3405 2769 πολὺ
3481 2710 3588 2782 πρὸ
3632 2708 3746 2763 τῶν

473 2809 826 2879 σκευοφόρων
862 2812 1060 2876 αὐτοὺς
1088 2813 1412 2883 ἐπειχθῆναι
1461 2813 1538 2877 ὼς
1587 2812 1793 2866 αὐτίκα
1843 2813 2189 2883 νικήσοντας·
2252 2814 2345 2869 καὶ
2408 2815 2626 2877 πάντως
2684 2813 2752 2868 ἂν
2778 2813 2875 2867 καὶ
2902 2813 3186 2868 ἀπώλοντο
3214 2811 3314 2881 τῆς
3343 2804 3661 2877 ὑστεραίαςι
3694 2803 3744 2856 εἶ

473 2900 552 2971 μὴ
583 2902 634 2955 οἱ
670 2904 937 2973 Σαμνῖται
959 2905 1051 2958 τὸν
1089 2907 1302 2977 πατέρα
1328 2905 1495 2960 αὐτοῦ
1526 2907 1695 2976 ἐγγὺς
1726 2902 1867 2961 εἶναι
1937 2907 2284 2978 νομίσαντες,
2347 2907 2561 2965 ἔδεισάν
2613 2925 2673 2962 τε
2738 2908 2834 2961 καὶ
2857 2906 3237 2978 ἀνεχώρησαν.
3296 2901 3599 2971 Πυθόμενοι
3631 2893 3743 2968 (10)

471 2995 530 3050 δὲ
572 2996 725 3050 ταῦθ’
756 2998 807 3050 οί
850 2999 909 3052 ἐν
952 2997 1029 3067 τῷ
1056 2998 1233 3062 ἄστει,
1260 2999 1451 3064 δεινῶς
1513 2999 1946 3071 ἠγανάκτησανο
1996 3001 2093 3056 καὶ⁵
2134 3003 2627 3074 μεταπεμψάμενοι
2708 3005 2799 3060 τὸν
2846 3005 3073 3067 ὕπατον,
3124 2999 3370 3055 εὐθύνειν
3420 2995 3633 3068 ἧθελον.
3681 2989 3748 3046 '0

472 3087 530 3142 δὲ
554 3089 733 3159 γέρων
757 3091 785 3143 ό
816 3088 1011 3143 τούτου
1043 3090 1251 3162 πατὴρ,
1277 3090 1695 3162 καταριθμήσας
1722 3091 1792 3144 τά
1822 3108 1885 3143 τε
1907 3092 2087 3145 οἰκεῖα
2128 3091 2223 3145 καί⁵
2256 3092 2327 3146 τὰ
2387 3094 2498 3147 τῶν
2532 3095 2817 3164 προγόνων
2849 3092 3344 3165 ἀνδραγαθήματα,
3380 3087 3475 3141 καὶ
3507 3079 3746 3152 ὑποσχό-

478 3201 639 3256 μενος
688 3183 855 3253 μηδὲν
899 3183 1079 3238 αὐτῶν
1123 3183 1353 3254 πράξειν
1385 3184 1606 3251 ἀνάξιον
1673 3185 1766 3239 τὸν
1835 3185 1974 3249 υίδν,
2029 3186 2124 3239 καὶ
2163 3185 2262 3256 τὴν
2310 3185 2502 3240 τούτου
2550 3188 2780 3259 νεότητα
2829 3185 2964 3257 πρὸς
2990 3185 3051 3239 τὸ
3086 3183 3345 3254 ἀτύχημα
3395 3173 3747 3250 προϐαλόμε-

474 3293 584 3341 νος,
626 3277 725 3348 τῆς
778 3276 950 3347 ὀργῆς
989 3275 1187 3341 αὐτοὺς
1232 3277 1431 3331 αὐτίκα
1481 3275 1773 3348 παρέλυσε,
1834 3277 1931 3332 καί
1993 3278 2049 3333 οἱ
2093 3278 2450 3345 συνεξελθὼν,
2530 3280 2678 3353 μάχῃ
2726 3282 2855 3344 τοὺς
2928 3278 3203 3349 Σαμνίτας
3233 3275 3476 3343 ἐνίκησε,
3524 3267 3622 3323 καὶ⁸
3679 3263 3744 3318 τὸ

475 3375 841 3447 στρατόπεδον
871 3374 1054 3429 αὐτῶν
1083 3367 1197 3426 εἷλε
1222 3388 1238 3404 ⁶
1272 3374 1375 3444 τήν
1405 3391 1466 3427 τε
1514 3372 1703 3445 χώραν
1759 3373 2055 3446 ἐπόρθησε,
2099 3376 2193 3429 καὶ
2261 3374 2412 3428 λείαν
2452 3376 2657 3448 πολλὴν
2724 3377 2930 3449 ἤλασε·
2978 3375 3073 3430 καὶ
3104 3373 3173 3427 τά
3217 3372 3318 3442 μὲν
3341 3369 3509 3438 αὐτῆς
3540 3358 3741 3436 ἐδημο-

478 3468 665 3533 σίωσε,
697 3465 766 3521 τά
812 3466 869 3519 δὲ
921 3469 1033 3529 τοῖς
1073 3464 1438 3536 στρατιώταις
1472 3465 1786 3536 κατένειμε.
1818 3465 1920 3520 Διά
1968 3481 2050 3518 τοι
2091 3464 2267 3519 ταῦτα
2296 3467 2346 3520 οἱ
2391 3466 2655 3538 Ῥωμαῖοι
2695 3467 2902 3522 ὲκείνόν
2975 3484 3038 3519 τε
3106 3462 3462 3535 ἑμεγάλυνον,
3516 3455 3614 3510 καὶ
3649 3455 3742 3507 τὸν

476 3560 594 3614 υίὸν
616 3560 711 3615 καὶ
742 3560 821 3622 είς
845 3558 908 3612 τὸ
936 3557 1130 3613 ἔπειτα
1162 3558 1285 3613 ἀντὶ
1307 3558 1516 3611 ὑπάτου
1544 3557 1711 3628 ἄρξαι
1772 3555 2096 3618 ἐκέλευσαν.
2135 3556 2540 3630 ὑποστρατήγῳ
2607 3560 2701 3613 καὶ
2725 3556 2850 3611 τότε
2880 3557 2959 3629 τῷ
2992 3556 3161 3627 πατρὶ
3194 3553 3501 3627 χρώμενον.
3532 3547 3645 3603 Καὶ
3669 3544 3746 3601 ὡς

476 3659 657 3713 πάντα
693 3657 791 3729 μὲν
819 3656 982 3721 αὐτὸς
1010 3656 1221 3727 διῴκει,
1244 3657 1340 3710 καὶ
1363 3656 1516 3727 διῆγε
1549 3655 1718 3728 μηδὲν
1748 3653 1845 3707 τοῦ
1909 3655 2098 3725 γήρως
2139 3656 2481 3729 φειδόμενος,
2545 3656 2606 3711 οὐ
2655 3658 2841 3729 μέντοι
2870 3654 2965 3709 καί¹
2996 3651 3214 3724 ἔνδηλος
3240 3644 3310 3721 ἦν
3341 3646 3409 3703 δι’
3439 3643 3635 3701 ἑαυτοῦ
3675 3639 3747 3697 τὰ

477 3754 785 3824 πράγματα
836 3750 1118 3822 πράττων,
1148 3750 1286 3804 ἀλλά
1311 3749 1412 3822 τὴν
1439 3750 1600 3817 δόξαν
1632 3748 1743 3803 τῶν
1772 3747 1950 3819 ἔργων
1984 3747 2062 3819 τῷ
2101 3749 2257 3803 παιδὶ
2287 3752 2597 3819 προσῆπτε.
3288 3794 3291 3797 λ

549 3845 627 3901 Β’.
661 3845 817 3900 Μετά
843 3844 900 3899 δὲ
930 3845 1104 3898 ταῦτα
1134 3844 1433 3916 δημάρχων
1462 3844 1625 3900 τινῶν
1649 3844 1829 3917 χρεῶν
1852 3846 2061 3898 ἀποκο-

2243 3846 2310 3900 ll.
2352 3846 2483 3901 Post
2510 3847 2645 3909 haec,
2676 3860 2801 3901 eum
2833 3842 3039 3900 tribuni
3073 3838 3253 3912 plebis
3287 3839 3462 3908 legem
3488 3835 3556 3890 de
3588 3832 3748 3887 novis

481 3938 591 4008 πὴν
619 3935 1097 4006 εἰσηγησαμένων,
1128 3936 1254 3989 ἐπεὶ
1297 3936 1374 4006 μὴ
1421 3937 1517 3991 καὶ
1562 3936 1716 4005 παρὰ
1748 3935 1861 3988 τῶν
1889 3934 2064 3989 δανει-

483 4031 625 4086 στῶν
688 4028 827 4099 αῦτη
881 4027 1105 4092 ἐδίδοτο,
1140 4028 1431 4081 ὲστασίασε
1464 4029 1525 4082 τὸ
1557 4028 1807 4098 πλῆθοςο
1855 4030 1951 4082 καὶ
2002 4028 2064 4081 οὐ

481 4123 754 4193 πρότερον
778 4119 847 4175 τά
892 4120 992 4191 τῆς
1036 4120 1281 4182 στάσεως
1335 4118 1713 4189 κατηύνασθη,
1753 4119 1861 4183 ἕως
1904 4118 2065 4173 πολέ-

485 4234 599 4288 μιοι
628 4217 693 4287 τῇ
725 4214 875 4268 πόλει
908 4212 1237 4285 ἑπήλθοσαν.
1263 4207 1478 4281 Ἧρξαν
1516 4212 1574 4264 δὲ
1644 4210 1754 4265 τῶν
1811 4211 2067 4283 πολέμων

483 4309 535 4363 οἱ
564 4307 909 4380 Ταραντῖνοι,
943 4305 1292 4377 Τυρσηνοὺς,
1328 4306 1422 4359 καὶ
1448 4305 1721 4371 Γαλάτας,
1750 4306 1846 4358 καὶ
1861 4304 2066 4375 Σαμνί-

484 4417 606 4465 τας,
645 4400 742 4454 καὶ
772 4399 969 4462 ἀλλους
1003 4397 1564 4468 προσεταιρισάμενοι
1592 4396 1866 4459 πλείονας.
1905 4392 2068 4449 Ἀλλά

484 4493 615 4556 τοὺς
647 4492 746 4563 μὲν
770 4491 966 4554 ἄλλους
997 4490 1049 4543 οι
1085 4488 1346 4559 Ῥωμαῖοι
1376 4488 1752 4559 συμϐαλόντες
1781 4487 2066 4558 διαφόροις

491 4585 695 4656 μάχαις
728 4585 1012 4655 ἐνίκησαν,
1043 4583 1137 4636 καὶ
1161 4582 1391 4643 ὑπάτοις
1434 4581 1625 4637 άλλοτε
1658 4580 1861 4645 ἄλλοις.
1907 4582 1971 4635 Οί
2009 4580 2068 4635 δὲ

488 4660 832 4749 Ταραντῖνοί,
864 4675 1043 4730 καίτοι
1074 4676 1231 4729 αὐτοὶ
1286 4673 1380 4727 τὸν
1422 4672 1659 4743 πόλεμον
1711 4673 2069 4743 παρασκευά-

491 4786 705 4831 σαντες,
760 4768 911 4837 ὅμως
960 4764 1117 4821 οὐπω
1167 4766 1307 4836 πρὸς
1360 4764 1541 4836 μάχην
1594 4764 2068 4835 ἀντικατέστησαν

488 4858 761 4931 φανερῶς.
792 4856 1215 4929 Ναυαρχοῦντος
1256 4855 1316 4909 δὲ
1347 4855 1582 4910 Λουκίου
1614 4854 1936 4926 Οὐαλερίου,
1975 4855 2071 4908 καὶ

490 4953 741 5023 τριήρεσι
768 4949 1135 5022 προσορμίσαι
1171 4946 1527 5020 βουληθέντος
1555 4948 1612 5010 ἐς
1642 4945 1921 5017 Τάραντα,
1947 4946 2072 4999 ἐπεὶ

491 5042 659 5113 ἀπῄει
696 5044 779 5097 ὅτι
808 5042 907 5095 σύν
935 5043 1127 5104 αὐταῖς
1176 5039 1480 5110 ἀπεστάλη,
1517 5037 1693 5107 φίλιον
1739 5038 1840 5108 τὴν
1883 5037 2071 5109 χώραν

490 5135 796 5206 ἡγούμενος
815 5149 828 5163 ’
866 5134 915 5187 oi
969 5133 1296 5202 Ταραντῖνοι
1322 5131 1444 5183 κατ’
1474 5128 1656 5183 αὐτῶν
1679 5128 2069 5199 ὑποτοπήσαν-

491 5243 585 5290 τες
635 5226 727 5280 τδν
774 5223 1104 5296 Οὐαλλέριον
1152 5221 1311 5278 πλεῖν
1357 5222 1424 5276 ὲκ
1472 5218 1571 5274 τοῦ
1630 5220 1935 5283 συνειδότος
1992 5212 2072 5275 ὧν

494 5319 685 5389 ἔδρων,
720 5319 838 5389 μετ’
869 5316 1043 5388 όργῆς
1068 5313 1508 5387 ἀντανήχθησαν,
1537 5313 1632 5367 καὶ
1663 5313 2071 5385 προσπεσόντες

495 5410 645 5482 αὐτῷ
674 5410 843 5481 μηδὲν
872 5408 1133 5479 πολέμιον
1172 5405 1477 5471 ἐλπίσαντι,
1522 5404 1828 5459 κατέδυσαν
1861 5403 2071 5458 ἐκεῖνόν

494 5519 557 5559 τε
595 5503 691 5557 καὶ
715 5502 914 5565 ἄλλους
942 5499 1173 5564 πολλούς
1198 5515 1214 5531 ·
1246 5499 1341 5553 καὶ
1367 5497 1496 5561 τοὺς
1525 5496 1779 5559 ἁλόντας,
1808 5496 1935 5559 τούς
1970 5497 2071 5567 μὲν

496 5594 812 5665 καθεῖρξαν,
859 5593 986 5657 τοὺς
1033 5592 1092 5646 δὲ
1139 5592 1237 5646 καὶ
1274 5589 1626 5646 ἀπέκτειναν.
1658 5587 1964 5656 Πυθόμενοι
2012 5587 2069 5641 δὲ

2170 3935 2373 3992 tabulis
2427 3946 2721 4007 rogarent,
2774 3935 2864 3989 cui
2926 3931 3232 3987 creditores
3286 3927 3745 3985 intercesserunt,

2168 4038 2290 4083 orta
2338 4028 2543 4083 seditio
2597 4042 2709 4081 non
2759 4023 3075 4095 conquievit
3122 4022 3299 4093 prius,
3328 4033 3515 4089 .quam
3560 4016 3750 4070 hostes

2167 4119 2361 4174 urbem
2395 4119 2738 4174 invaserunt.
2776 4116 2911 4172 Belli
2958 4117 3081 4186 ejus
3111 4111 3443 4183 principium
3479 4123 3511 4164 α
3542 4107 3750 4162 Taren-

2171 4210 2305 4265 tinis
2332 4220 2516 4265 ortum
2556 4217 2664 4273 est,
2689 4208 2782 4279 qui
2815 4220 2876 4261 se
2909 4202 3232 4277 Tyrrhenis,
3262 4200 3453 4266 Gallis,
3486 4196 3749 4252 Samniti-

2167 4301 2294 4365 bus,
2339 4309 2397 4355 et
2445 4300 2701 4371 pluribus
2746 4298 2870 4354 aliis
2920 4296 3349 4364 conjunxerunt.
3401 4291 3471 4346 At
3516 4288 3747 4344 Romani

2168 4401 2417 4459 cancros,
2449 4408 2548 4463 per
2581 4391 2718 4447 alios
2746 4397 2911 4461 atque
2939 4388 3075 4444 alios
3111 4384 3365 4443 consules
3400 4382 3743 4438 devicerunt.

2171 4486 2456 4541 Tarentini
2491 4493 2706 4551 autem,
2763 4482 3015 4555 quamvis
3042 4479 3175 4536 belli
3231 4486 3508 4540 auctores,
3564 4483 3746 4528 tamen

2171 4588 2361 4649 aperte
2396 4578 2455 4633 in
2499 4576 2674 4633 aciem
2723 4572 2970 4631 nondum
3009 4569 3431 4629 descenderant.
3476 4565 3747 4623 Caeterum

2170 4670 2233 4726 L.
2264 4669 2546 4727 Valerium
2574 4666 2769 4724 classis
2799 4664 3139 4736 prmiectum,
3167 4661 3297 4717 dum
3329 4658 3445 4713 ibat
3479 4671 3589 4728 quo
3619 4654 3751 4709 mis—

2172 4777 2268 4819 sus
2312 4770 2455 4827 erat,
2500 4758 2725 4815 Tarenti
2776 4756 3138 4828 appulsurum
3183 4753 3323 4821 (eam
3362 4748 3511 4806 enim
3556 4745 3750 4801 urbem

2172 4852 2360 4925 populi
2384 4851 2615 4907 Romani
2648 4848 2881 4904 amicam
2913 4862 3035 4902 esse
3057 4843 3336 4917 putabat),
3367 4856 3436 4896 ex
3460 4837 3750 4896 conscien-

2173 4946 2250 4999 tia
2276 4944 2584 5000 facinorum
2616 4956 2842 4997 suorutn
2866 4948 3060 4995 contra
3088 4952 3146 4994 se
3168 4951 3292 4993 esse
3316 4936 3544 4991 missum
3570 4930 3752 4995 suspi-

2175 5034 2307 5101 cati,
2338 5034 2604 5089 iracunde
2643 5033 2854 5103 impetu
2888 5030 3053 5094 facto,
3087 5028 3227 5083 nihil
3268 5026 3467 5083 hostile
3496 5032 3751 5078 metuem

2174 5137 2310 5190 tem,
2338 5139 2465 5181 cum
2492 5123 2680 5180 multis
2709 5122 2831 5178 aliis
2860 5122 3245 5177 demerserunt
3273 5137 3289 5173 :
3320 5125 3513 5185 captos
3550 5110 3747 5182 partim

2179 5219 2238 5275 in
2268 5230 2548 5272 carcerem
2581 5214 2963 5283 coniecerunt,
3006 5210 3206 5281 partim
3248 5206 3591 5263 occiderunt.
3630 5199 3752 5266 Quo

2181 5307 2414 5365 Romani
2440 5306 2652 5373 audito,
2673 5303 2778 5360 etsi
2796 5301 3039 5375 graviter
3059 5315 3179 5356 eam
3204 5297 3458 5369 injuriam
3479 5293 3752 5356 ferebant,

2179 5410 2368 5458 tamen
2399 5413 2497 5468 per
2526 5398 2736 5467 legatos
2766 5410 2892 5451 cum
2918 5394 3003 5449 eis
3028 5391 3446 5463 expostularunt
3480 5405 3494 5441 :
3548 5383 3752 5455 quibus

2180 5508 2293 5548 non
2313 5489 2477 5546 modo
2493 5488 2631 5544 nihil
2646 5487 2785 5555 aequi
2808 5499 3134 5555 responsum
3170 5489 3276 5546 est,
3318 5479 3415 5535 sed
3435 5478 3601 5534 etiam
3619 5490 3751 5530 con-

2180 5585 2409 5642 tumelia
2424 5582 2589 5649 facta,
2604 5581 2668 5648 L,
2682 5577 2989 5637 Posthumii
3001 5576 3305 5648 legatorum
3320 5572 3586 5645 principis
3600 5575 3751 5627 veste

1691 5699 1901 5762 Varim
1930 5697 2244 5761 lectiones
2283 5704 2347 5759 et
2392 5705 2580 5759 notae.

576 5826 689 5900 (10)
716 5830 1063 5902 Πυθόμενοι.
1085 5827 1223 5888 Vide
1245 5828 1516 5900 Excerpta
1537 5825 1724 5884 Dionis
1753 5825 2062 5890 Valesiana,
2102 5839 2161 5896 p.
2182 5822 2309 5881 586.
