4060 6384
364 379 474 443 635

1654 378 1973 447 IOANNIS
2011 387 2332 449 ZONARIE

3516 394 3621 458 636

364 498 626 554 sordibus
659 498 969 569 inquinata.
998 491 1130 556 Eam
1163 499 1233 556 ob
1264 514 1379 556 rem
1421 501 1659 557 tumultu
1702 512 1847 565 orto,
1884 518 1947 557 ae

2069 502 2205 557 ταῦθ’
2230 504 2281 557 οί
2324 502 2605 573 Ῥωμαῖοι,
2638 505 3028 578 ἠγανάκτησαν
3060 509 3180 579 μὲν,
3203 510 3459 581 πρέσϐεις
3486 511 3531 566 δ’
3563 514 3622 566 ὄ-

366 590 680 648 Tarentiuis
718 593 1212 658 cachinnantibus,
1263 594 1617 650 Posthumius
1666 613 1681 650 :
1735 595 1937 660 Ridete,

368 685 573 753 inquit,
605 686 770 740 ridete
796 685 924 738 dum
955 686 1095 740 vobis
1126 686 1247 740 licet
1277 700 1296 739 :
1326 704 1453 741 nam
1484 687 1786 757 longissimo
1810 696 1943 740 tem-

368 790 494 843 pore
543 773 839 844 plorabitis,
883 791 1002 827 cum
1034 784 1226 829 vestem
1278 777 1411 830 hanc
1456 778 1721 848 sanguine
1771 785 1942 832 vestro

370 863 577 918 eluetis.
612 864 746 919 Eam
794 865 1182 919 contumeliam
1228 865 1434 935 iniquis
1473 867 1670 923 animis
1713 868 1941 923 Romani

372 953 646 1020 ferentes,
710 954 914 1010 bellum
950 956 1310 1012 Tarentinum
1350 958 1414 1012 L.
1466 957 1686 1015 Emilto
1729 961 1942 1015 consuli

374 1044 764 1100 decreverunt.
800 1046 901 1113 Qui
946 1062 1070 1102 cum
1106 1063 1174 1103 eo
1215 1052 1539 1120 appulisset,
1575 1052 1790 1107 idoneis
1822 1069 1944 1107 ver-

370 1135 459 1191 bis
521 1136 735 1192 animos
783 1153 976 1192 corum
1031 1141 1276 1206 tentavit,
1324 1144 1496 1213 aequis
1538 1144 1945 1200 conditionibus

374 1241 568 1295 pacem
625 1230 978 1299 amplexuros
1021 1239 1196 1287 ratus.
1249 1232 1355 1288 Sed
1410 1234 1756 1293 dissensione
1802 1238 1947 1292 inter

373 1321 525 1373 cives
555 1328 693 1384 orta,
724 1320 1038 1377 senioribus
1075 1330 1131 1377 et
1166 1321 1433 1380 divitibus
1460 1341 1651 1398 pacem
1682 1337 1947 1398 expeten-

375 1408 549 1468 tibus.
584 1411 881 1481 juvenibus
936 1420 991 1466 et
1043 1413 1110 1467 iis
1158 1414 1255 1484 qui
1298 1416 1383 1470 vel
1434 1421 1759 1487 parum-vel
1807 1422 1947 1478 nihil

382 1501 657 1556 habebant
684 1501 887 1557 bellum
919 1502 1298 1574 ﬂagitantibus
1318 1546 1333 1569 ,
1363 1508 1642 1577 iuniorum
1673 1515 1947 1570 sententia

379 1592 526 1647 vicit.
568 1592 675 1648 Sed
716 1594 831 1648 suis
860 1594 1019 1651 diﬂisi
1048 1596 1280 1661 viribus.
1320 1600 1628 1673 ngrrbum
1666 1603 1946 1672 Epirotam

378 1684 445 1737 ad
477 1685 606 1741 belli
638 1688 958 1745 societatem
989 1692 1382 1748 accersendum
1416 1695 1715 1761 duxerunt,
1756 1699 1950 1766 legatis

379 1779 784 1835 etmuneribus
826 1780 894 1835 ad
924 1796 1053 1837 eum
1101 1783 1307 1839 missis.
1353 1784 1486 1852 Quae
1536 1786 1797 1844 Emilius
1857 1805 1952 1843 co-

2052 609 2167 663 μως
2226 593 2552 647 ἀπέστειλαν
2584 635 2598 656 ,
2632 594 3061 664 ἐπεγκαλοῦντες
3104 597 3286 663 αὐτοῖς
3331 600 3423 653 καὶ
3468 601 3623 664 δίκας

2046 682 2428 748 ἀπαιτοῦντες.
2463 686 2527 738 Οί
2571 685 2631 738 δέ
2662 686 2722 739 οὐ
2765 686 2928 757 μόνον
2963 690 3149 754 αὐτοῖς
3178 690 3332 744 οὐδὲν
3380 692 3623 756 ἐπιεικὲς

2045 772 2444 846 ἀπεκρίθησαν,
2477 775 2612 830 ἀλλὰ
2639 779 2729 830 καὶ
2748 778 3043 844 ἐτωθάζον,
3066 781 3141 843 ὡς
3173 783 3267 835 καὶ
3295 783 3393 852 τὴν
3418 784 3624 852 ἐσθῆτα

2045 865 2143 920 τοῦ
2194 867 2427 921 Λουκίου
2486 868 2827 940 Ποστουμίου
2882 871 2975 924 τοῦ
3027 873 3353 943 προέχοντος
3396 875 3625 944 κηλιδῶ-

2051 975 2142 1013 σαι
2195 958 2305 1029 (Η)
2332 958 2441 1012 τῶν
2479 960 2785 1030 πρέσϐεων.
2816 962 3062 1033 Θορύϐου
3100 965 3157 1018 δὲ
3197 967 3293 1019 ἐπὶ
3328 968 3504 1039 τούτῳ
3535 985 3628 1037 γε-

2048 1049 2302 1121 νομένου,
2354 1053 2449 1105 καὶ
2505 1053 2613 1105 τῶν
2659 1054 3009 1123 Ταραντίνων
3057 1058 3561 1129 ἐπικαγχαζόντων,
3600 1064 3627 1113 ὁ

2049 1141 2403 1211 Ποστούμιος.
2454 1142 2706 1211 Γελᾶτε,
2764 1144 2890 1215 ἔφη,
2945 1144 3180 1217 γελᾶτε,
3227 1149 3339 1215 ἕως
3386 1149 3630 1215 ἔξεστιν

2051 1232 2194 1303 ὑμῖν
2218 1248 2232 1264 °
2277 1234 2625 1290 κλαύσεσθε
2660 1235 2773 1305 γὰρ
2800 1236 2899 1290 ἐπὶ
2920 1239 3319 1307 μακρότατον,
3345 1240 3490 1294 ὅταν
3514 1241 3630 1310 τὴν

2049 1323 2274 1393 ἐσθῆτα
2319 1326 2547 1395 ταύτην
2594 1326 2675 1394 τῷ
2726 1329 2931 1399 αἵματι
2988 1331 3157 1401 ὑμῶν
3210 1333 3627 1398 ἁποπλύνητε.

2065 1415 2502 1471 Ἐπανελθόντων
2544 1414 2639 1472 οὗν
2666 1420 2780 1473 τῶν
2810 1420 3120 1491 πρέσϐεων,
3165 1422 3216 1475 οἱ
3261 1422 3539 1493 Ῥωμαῖοι,
3563 1424 3630 1474 τὰ

2054 1507 2367 1577 πραχθέντα
2400 1507 2685 1578 μαθόντες,
2721 1511 2990 1582 ῆλγησαν,
3024 1514 3121 1567 καὶ
3176 1514 3507 1584 στρατεῦσαι
3539 1513 3632 1565 ἐπὶ

2052 1598 2178 1659 τοῦς
2208 1597 2577 1667 Ταραντίνους
2604 1600 2834 1655 Λούκιον
2889 1602 3140 1673 Αἰμίλιον
3173 1604 3263 1658 τὸν
3288 1604 3496 1658 ὕπατον
3520 1604 3633 1675 (12)

2055 1688 2411 1757 ἐψηφίσαντο.
2443 1690 2543 1752 Ὃς
2572 1692 2655 1755 είς
2679 1692 2938 1763 Τάραντα
2984 1696 3408 1767 προσχωρήσας,
3441 1695 3632 1765 λόγους

2057 1780 2242 1843 αὐτοῖς
2289 1781 2632 1851 ἐπιτηδείους
2677 1783 2914 1856 ἔπεμψε,
2950 1788 3192 1858 νομίζων
3247 1788 3342 1842 ἐπί
3374 1805 3485 1841 τισι
3538 1805 3636 1857 με-

377 1869 555 1936 gnito,
588 1885 784 1940 agrum
817 1873 1117 1942 populatur
1142 1883 1198 1929 et
1225 1885 1407 1932 vastat
1433 1895 1446 1932 :
1470 1894 1675 1949 eosque
1699 1882 1752 1936 in
1781 1884 1956 1938 aciem

2069 1873 2228 1942 ιρίοις
2272 1874 2497 1944 εἰρήνην
2529 1876 2880 1947 αἱρήσεσθαι.
2910 1880 2975 1933 Οί
3004 1880 3061 1933 δέ
3100 1883 3219 1943 ταῖς
3245 1881 3496 1951 γνώμαις
3543 1880 3637 1934 ἀλ-

379 1975 635 2028 cgressos
695 1962 973 2033 proﬂigat,
1040 1974 1101 2019 ut
1165 1967 1396 2024 Romani
1454 1971 1718 2044 deinceps
1787 1974 1954 2047 369

385 2049 610 2120 impune
681 2054 894 2123 praedas
978 2067 1225 2127 agerent.
1295 2067 1352 2115 et
1408 2061 1659 2131 quaedam
1732 2067 1951 2121 eaStclla

393 2152 675 2211 caperent.
737 2145 876 2201 Cum
948 2156 1131 2203 autem
1201 2150 1449 2221 captivos
1527 2154 1820 2225 diligenter
1854 2175 1955 2215 cu-

384 2244 530 2290 raret
573 2233 848 2302 Emilius,
901 2248 959 2294 et
1012 2241 1225 2311 aliquot
1262 2257 1329 2298 ex
1356 2247 1758 2314 potentioribus
1794 2248 1957 2304 dimi‘

384 2325 565 2388 sisset,
597 2326 881 2383 Tarentini
919 2337 975 2386 et
1008 2330 1409 2388 humanitatem
1436 2336 1557 2406 ejus
1594 2336 1870 2399 admirati,
1905 2349 1962 2395 et

386 2415 444 2471 in
474 2432 625 2487 spem
651 2420 803 2489 pacis
839 2420 1196 2491 impetrandae
1224 2425 1417 2491 erecti,
1443 2426 1667 2497 Agidem
1700 2426 1961 2486 Romanis

385 2507 622 2565 amicum
660 2510 855 2567 ducem
902 2528 1028 2568 cum
1062 2529 1277 2572 summo
1335 2517 1567 2587 imperio
1613 2531 1959 2575 creaverunt.

385 2596 642 2665 Quicum
666 2598 758 2655 vix
808 2602 1185 2674 magistratum
1244 2606 1477 2671 iniisset,
1517 2609 1716 2666 Cineas
1751 2612 1963 2682 legatus

386 2704 420 2744 a
449 2690 657 2762 Pyrrho
682 2696 1029 2763 praemissus,
1060 2711 1182 2752 eam
1215 2713 1332 2752 rem
1365 2699 1634 2769 impediit.
1669 2701 1804 2757 Nam
1834 2703 1967 2774 Pyr-

389 2778 550 2847 rhus,
572 2780 725 2851 Epiri
752 2798 867 2850 rex,
897 2793 1014 2845 tum
1036 2786 1243 2858 ingenii
1275 2788 1625 2857 dexteritate,
1658 2800 1775 2847 tum
1805 2793 1965 2849 insti-

392 2871 625 2927 tutionis
653 2875 1025 2944 accuratione,
1056 2886 1170 2935 tum
1202 2893 1306 2935 usu
1325 2896 1511 2937 rerum
1541 2884 1796 2939 omnibus
1821 2899 1966 2954 prae-

390 2973 561 3031 stans,
586 2968 818 3022 maxima
848 2968 1072 3026 Graeciae
1100 2980 1253 3041 parle
1275 2973 1360 3028 vel
1384 2974 1671 3031 beneficiis
1715 2977 1799 3031 vel
1859 2987 1969 3033 ter-

389 3070 516 3111 rore
539 3057 644 3111 sibi
692 3057 973 3129 adjuncta,
1013 3060 1435 3119 Tarentinorum
1463 3067 1782 3123 societatem
1837 3084 1967 3139 per-

2054 1961 2238 2031 λήλοις
2269 1965 2703 2036 ἠναντιώθησαν,
2726 1968 2823 2022 καὶ
2851 1969 2959 2024 τῶν
2991 1971 3090 2041 μὲν
3116 1970 3510 2043 πρεσϐυτέρων
3536 1971 3632 2023 καὶ

2052 2052 2304 2124 εὐπόρων
2336 2054 2434 2126 τὴν
2467 2056 2692 2128 είρήνην
2729 2060 3091 2126 σπευδόντων,
3129 2063 3239 2116 τῶν
3286 2062 3331 2117 δ’
3364 2065 3422 2116 ἐν
3447 2061 3638 2131 ἡλικία

2056 2146 2150 2198 καὶ
2180 2145 2404 2214 ὀλίγαῆ
2463 2148 2637 2217 μηδὲν
2686 2149 2921 2221 ἐχόντων
2987 2154 3222 2223 πόλεμον
3276 2153 3637 2223 αίρουμένων,

2059 2239 2373 2310 ἐκράτησαν
2403 2242 2453 2294 οί
2484 2240 2763 2309 νεώτεροι,
2807 2244 3141 2316 Φοϐούμενοι
3202 2248 3258 2300 δέ
3315 2247 3487 2314 ὅμως,
3547 2246 3640 2298 τὸν

2061 2330 2280 2401 Πύῤῥον
2306 2330 2397 2384 τὸν
2424 2332 2765 2406 Ἠπειρώτην
2786 2336 2864 2399 είς
2895 2338 3215 2408 συμμαχίαν
3247 2338 3642 2391 ἐϐουλεύσαντο

2062 2424 2543 2494 προσκαλέσασθαι
2579 2467 2594 2493 ,
2655 2430 2752 2482 καὶ
2811 2430 3073 2501 πρέσϐεις
3134 2432 3284 2502 αύτῷ
3344 2433 3439 2485 καὶ
3494 2430 3643 2502 δῶρα

2059 2517 2431 2587 πεπόμφασιν.
2473 2520 2726 2588 Αἰμίλιος
2781 2522 2860 2587 δὲ,
2917 2523 3094 2578 ταῦτα
3147 2525 3357 2594 μαθὼν,
3392 2524 3490 2596 τὴν
3531 2524 3641 2595 χώ·

2062 2626 2162 2679 ραν
2200 2609 2382 2663 αὐτῶν
2421 2609 2702 2681 ἐλεηλάτει
2754 2612 2846 2666 καὶ
2896 2613 3172 2685 ἔφθειρεν.
3210 2617 3273 2670 Οί
3314 2616 3371 2670 δέ
3409 2614 3639 2686 ἐπεξῆλ-

2061 2698 2156 2753 θον
2212 2700 2333 2770 μέν,
2393 2700 2510 2754 ἀλλ’
2545 2702 2887 2772 ἐτράπησαν,
2950 2703 3093 2759 ὥστε
3140 2707 3269 2770 τοὺς
3338 2708 3645 2778 Ῥωμαίους

2060 2791 2162 2861 τήν
2182 2806 2241 2843 τε
2269 2788 2454 2859 χώραν
2485 2789 2665 2843 αὐτῶν
2696 2791 2867 2854 ἀδεῶς
2902 2792 3197 2862 πορθῆσαι,
3246 2793 3342 2846 καί
3371 2811 3493 2846 τινα
3523 2811 3641 2861 χει⁹

2069 2880 2345 2950 ρώσασθαι
2376 2880 2634 2951 φρούρια.
2692 2882 2903 2951 Πολλὴν
2930 2881 2988 2937 δὲ
3016 2882 3118 2955 τὴν
3139 2883 3247 2937 τῶν
3280 2883 3518 2937 ἁλόντων
3548 2883 3644 2936 τοῦ

2065 2972 2321 3043 Αἰμιλίου
2378 2973 2742 3043 πεποιηκότος
2792 2972 3136 3043 ἐπιμέλειαν,
3197 2974 3291 3028 καί
3350 2992 3507 3038 τινας
3536 2974 3646 3028 τῶν

2064 3063 2450 3133 δυνατωτέρων
2494 3062 2978 3132 ἐλευθερώσαντος,
2995 3066 3043 3118 οί
3073 3065 3426 3136 Ταραντῖνοι,
3460 3067 3559 3135 τήν
3586 3081 3647 3118 τε

392 3157 756 3217 opportunam
791 3150 897 3206 sibi
925 3150 1043 3207 fore
1081 3153 1427 3222 existimans,
1475 3171 1600 3212 cum
1652 3158 1814 3229 longo
1853 3160 1965 3231 jam

2071 3156 2489 3228 φιλανθρωπίαν
2540 3157 2706 3210 αὑτοῦ
2740 3158 3145 3227 θαυμάσαντες,
3192 3158 3284 3211 καὶ
3316 3159 3395 3222 είς
3422 3156 3647 3221 ἐλπίδας

390 3246 639 3309 tempore
665 3239 931 3307 Siciliam,
966 3243 1355 3315 Carthaginem
1381 3256 1439 3303 et
1470 3246 1782 3304 Sardiniam
1831 3250 1966 3306 sub-

393 3329 542 3401 igere
567 3340 817 3400 cuperet,
845 3341 903 3388 et
944 3342 1132 3390 tamen
1170 3335 1449 3394 Romanos
1476 3339 1646 3395 armis
1698 3342 1967 3397 lacessere

392 3425 699 3484 vereretur,
732 3419 928 3492 legatis
977 3422 1180 3480 auxilia
1214 3427 1491 3496 pollicitus
1522 3442 1626 3485 est.
1660 3429 1766 3486 Sed
1800 3445 1871 3486 ne
1896 3432 1969 3488 ob

394 3506 517 3563 loca
546 3523 668 3579 qua
694 3509 934 3568 diximus
956 3524 1248 3584 suspectus
1277 3526 1442 3585 esset,
1464 3533 1525 3575 se
1546 3520 1730 3576 statim
1756 3522 1972 3578 reditus

394 3613 522 3654 rum
552 3614 673 3656 esse
704 3601 928 3658 domum
955 3602 1094 3660 dixit
1127 3624 1141 3661 :
1181 3619 1239 3663 et
1285 3608 1340 3664 in
1376 3608 1680 3667 ftederibus
1731 3614 1968 3683 excepit,

395 3704 468 3746 ne
493 3690 704 3748 diutius
731 3708 896 3764 quam
928 3710 1069 3767 opus
1094 3707 1260 3764 esset,
1293 3701 1363 3756 ab
1407 3699 1490 3758 eis
1538 3702 1594 3758 in
1628 3702 1782 3759 Italia
1833 3706 1974 3761 deti—

394 3793 645 3840 neretur.
669 3784 797 3842 Haec
831 3796 1046 3858 pactus,
1098 3792 1362 3863 majorem
1399 3793 1704 3866 legatorum
1737 3806 1970 3866 partem,

400 3884 461 3931 ut
499 3877 553 3932 in
584 3878 891 3950 colligendo
922 3881 1098 3938 milite
1133 3898 1355 3953 operam
1377 3894 1696 3953 navaturos,
1718 3888 1972 3943 obsidum

397 3967 519 4023 vice
551 3968 780 4025 retinuit
806 3987 819 4024 :
853 3986 1058 4042 paucos
1086 3973 1383 4032 etCineam
1418 3993 1544 4033 cum
1570 3980 1814 4034 exercitu
1839 3997 1977 4050 prae-

396 4060 566 4117 misit.
591 4061 833 4129 Quorum
872 4065 1110 4121 adventu
1146 4069 1452 4124 conﬁrmati
1478 4070 1780 4136 Tarentini,
1826 4074 1977 4141 paci-

396 4153 655 4209 llcatione
693 4155 1002 4226 repudiata,
1070 4161 1366 4229 imperium
1414 4162 1573 4233 Agidi
1624 4164 1973 4234 abrogatmn,

399 4244 494 4299 uni
525 4260 593 4301 ex
615 4246 812 4317 legatis
835 4246 1174 4305 detulerunt.
1208 4251 1328 4307 Non
1353 4254 1529 4309 multo
1546 4264 1688 4325 post,
1718 4256 1974 4311 Milonem

398 4352 526 4393 cum
546 4338 817 4406 exercitu,
843 4339 910 4394 ad
934 4356 1115 4397 arcem
1162 4343 1219 4398 in
1265 4344 1564 4400 adventum
1616 4361 1774 4402 suum
1812 4363 1979 4403 occu-

398 4431 656 4500 pandam,
705 4434 764 4488 et
815 4436 1017 4490 moenia
1057 4435 1441 4501 custodienda,
1502 4438 1654 4493 misit
1709 4439 1971 4510 Pyrrhus.

2073 3247 2439 3319 προαχθέντες
2463 3247 2726 3307 σπονδῶν,
2758 3243 2944 3316 Ἆγιν,
2972 3251 3086 3310 τοῖς
3135 3249 3425 3317 Ῥωμαίοις
3458 3249 3648 3319 ἐπιτή-

2072 3340 2215 3394 δειον
2247 3338 2396 3405 ὄντα,
2455 3339 2663 3392 εἴλοντο
2696 3340 3003 3411 στρατηγὸν
3050 3340 3447 3411 αὐτοκράτορα.
3489 3341 3648 3412 ’Δρτι

2074 3430 2121 3484 δ’
2150 3422 2305 3493 οὗτος
2331 3430 2761 3500 κεχειροτόνητο,
2794 3430 2888 3483 καὶ
2917 3431 3117 3494 Κινέας
3141 3469 3157 3493 ,
3185 3429 3289 3483 ὑπὸ
3313 3430 3408 3484 τοῦ
3432 3431 3648 3502 Πύρρου

2076 3520 2483 3594 προπεμφθεὶς,
2518 3520 2772 3590 ἐμποδὼν
2814 3524 2928 3584 τοῖς
2979 3522 3379 3592 πραττομένοις
3415 3523 3649 3589 ἐγένετο.

2088 3613 2148 3668 ’0
2169 3612 2280 3684 γὰρ
2302 3611 2518 3685 Πύρρος
2548 3611 2644 3680 τῆς
2675 3613 3016 3680 καλουμένης
3041 3610 3341 3681 βασιλεύων
3368 3612 3652 3682 Ἠπείρου,

2079 3705 2296 3776 φύσεώς
2316 3721 2377 3757 τε
2404 3703 2695 3773 δεξιότητι,
2722 3704 2818 3757 καὶ
2849 3703 3098 3767 παιδείας
3150 3705 3317 3773 ἰσχύϊ,
3345 3704 3440 3756 καὶ
3464 3705 3657 3770 ἐμπει-

2083 3796 2175 3866 ρίᾳ
2204 3797 2424 3848 πάντων
2463 3795 2733 3865 προέφερε
2759 3809 2775 3824 ο
2806 3793 2901 3847 καὶ
2925 3792 3020 3845 τοῦ
3077 3791 3388 3862 Ἑλληνικοῦ
3413 3792 3473 3845 τδ
3508 3792 3660 3845 πλεῖ-

2083 3907 2206 3943 στον
2240 3887 2300 3941 τὸ
2346 3886 2444 3957 μέν
2497 3884 2786 3947 εὖποιίαις,
2813 3883 2874 3935 τὸ
2902 3883 2960 3936 δὲ
2990 3882 3140 3953 φόϐῳ
3193 3881 3653 3952 προσεπεποίητο.

2081 3976 2251 4044 Οὗτος
2293 3979 2495 4044 τοίνυν,
2522 3979 2633 4040 τοῖς
2664 3975 2772 4029 τῶν
2797 3975 3147 4045 Ταραντίνων
3174 3972 3467 4043 πρέσϐεσιν
3496 3974 3658 4026 ἐντυ-

2082 4071 2216 4142 χὼν,
2248 4071 2480 4142 ἕρμαιον
2510 4068 2607 4140 τὴν
2658 4068 2977 4138 συμμαχίαν
3028 4066 3296 4138 ἡγήσατο,
3323 4067 3388 4119 ἐκ
3414 4063 3660 4127 πλείονος

2083 4165 2181 4233 τῆς
2205 4162 2458 4225 Σικελίας
2489 4160 2586 4214 καί⁷
2628 4159 2728 4228 τῆς
2762 4158 3113 4231 Καρχηδόνος
3157 4158 3252 4211 καὶ
3296 4157 3398 4225 τῆς
3424 4154 3662 4225 Σαρδοῦς

2083 4256 2373 4326 ἐφιέμενος
2394 4271 2408 4284 ·
2460 4252 2635 4307 ὀκνῶν
2663 4251 2707 4305 δ’
2735 4253 2887 4322 ὅμως
2911 4251 3075 4313 αὐτὸς
3120 4248 3317 4319 ἔχθρας
3348 4248 3485 4318 πρὸς
3521 4246 3664 4299 Ῥω-

2087 4348 2282 4419 μαίους
2308 4340 2820 4417 προκατάρξασθαι,
2871 4344 2966 4397 καὶ
3016 4341 3309 4412 βοηθήσειν
3346 4340 3446 4409 μὲν
3479 4338 3664 4399 αὐτοῖς

2087 4439 2456 4509 ἐπηγγείλατο
2478 4452 2492 4467 '
2527 4437 2615 4490 ίνα
2645 4436 2703 4489 δὲ
2734 4435 2811 4505 μὴ
2850 4431 3223 4502 ὑποπτευθείη
3246 4431 3313 4485 δι’
3338 4430 3484 4503 ἆπερ
3507 4431 3665 4500 εῐρη-

399 4522 625 4578 Gratum
652 4523 707 4578 id
740 4523 1057 4581 Tarentinis
1086 4526 1212 4594 fuit,
1239 4528 1387 4599 quod
1424 4545 1604 4599 neque
1629 4529 1684 4584 in
1711 4531 1965 4599 praesidii:

2082 4548 2192 4595 ται,
2239 4530 2422 4583 οἶκαδε
2469 4527 2669 4582 αὐτίκα
2723 4524 3265 4595 ἀνακομισθήσεσθαι
3312 4521 3438 4593 ἔφη,
3468 4523 3564 4575 καὶ
3602 4523 3663 4572 ἐν

398 4629 544 4679 esse,
579 4630 758 4684 neque
788 4616 1090 4687 quidquam
1136 4618 1346 4674 laboris
1387 4634 1585 4689 capere
1630 4628 1981 4689 cogerentur.

400 4708 591 4777 Itaque
621 4708 780 4763 militi
810 4709 1017 4765 cibaria
1044 4711 1422 4781 praebuerunt,
1446 4711 1661 4782 Pyrrho
1692 4713 1981 4781 pecuniam

406 4805 695 4860 miserunt.
732 4804 1011 4867 Emilius,
1042 4806 1137 4875 qui
1161 4805 1231 4859 ad
1257 4805 1312 4860 id
1345 4813 1562 4875 tempus
1586 4805 1641 4859 in
1683 4805 1881 4860 castris
1926 4818 1987 4860 se

402 4896 901 4967 t-nuerat,Pyrrhi
946 4896 1184 4952 militum
1245 4896 1486 4952 adventu
1545 4896 1790 4967 cognito,
1849 4910 1975 4950 cum

403 5004 505 5058 per
537 4988 770 5043 hiemem
801 5002 1121 5059 oppugnare
1151 4988 1347 5042 urbem
1380 5003 1491 5042 non
1523 4998 1732 5058 posset,
1763 4988 1815 5042 in
1836 4988 1990 5059 Apu-

403 5081 535 5136 liam
552 5079 705 5136 abire
733 5079 946 5135 statuit.
970 5078 1081 5134 Sed
1103 5095 1228 5133 cum
1253 5078 1565 5146 Tarentini,
1592 5080 1842 5152 angustis
1865 5081 1989 5151 qui-

406 5174 636 5229 busdam
675 5171 929 5228 faucibus
954 5171 1262 5242 occupatis,
1299 5187 1397 5241 per
1436 5186 1575 5241 quas
1617 5172 1854 5228 transire
1892 5189 1991 5228 nc-

407 5279 562 5321 cesse
591 5264 851 5330 habebat,
882 5264 989 5319 iter
1011 5263 1061 5318 ei
1088 5263 1326 5334 sagittis,
1346 5264 1544 5335 jaculis
1573 5272 1632 5319 et
1679 5264 1869 5320 fundis
1903 5265 1991 5320 in-

408 5357 808 5421 terclusissent,
837 5356 1087 5426 captivos
1139 5370 1334 5411 eorum
1364 5355 1650 5425 praemisit.
1701 5356 1786 5411 Illi
1826 5371 1981 5422 vero,

409 5449 571 5505 veriti
610 5464 682 5505 ne
736 5464 867 5505 suos
898 5463 1001 5519 pro
1043 5447 1308 5503 Romanis
1354 5446 1714 5514 conﬁcerent,
1768 5447 1996 5504 destite-

2085 4625 2203 4687 ταῖς
2228 4621 2527 4692 συνθήκαις
2562 4618 2927 4689 προστεθῆναι
2957 4616 3227 4687 πεποίηκε
3267 4616 3327 4668 τὸ
3365 4614 3441 4686 μὴ
3471 4630 3671 4684 περαι-

2084 4716 2231 4787 τέρω
2259 4714 2355 4783 τῆς
2376 4712 2566 4782 χρείας
2594 4711 2653 4765 ἐν
2689 4712 2755 4781 τῇ
2785 4708 2986 4776 Ἰταλίᾳ
3022 4710 3155 4780 παρ’
3186 4708 3366 4762 αὐτῶν
3398 4724 3674 4777 κατασχε-

2088 4807 2270 4875 θῆναι.
2296 4804 2632 4873 Συνθέμενος
2680 4799 2736 4854 δὲ
2765 4799 2961 4864 ταῦτα,
2999 4799 3128 4863 τοὺς
3177 4798 3275 4869 μὲν
3310 4798 3528 4860 πλείους
3561 4797 3674 4851 τῶν

2087 4896 2375 4969 πρέσϐεων
2394 4895 2469 4958 ώς
2493 4893 2560 4946 τά
2591 4890 2981 4963 στρατεύματα
3011 4890 3160 4959 αύτῷ
3197 4889 3673 4958 συμπαρασκευά-

2090 4990 2304 5055 ζοντας,
2340 4989 2399 5040 ἐν
2447 4985 2687 5057 ὁμηρείᾳ
2718 4983 3009 5053 κατέσχεν,
3060 4982 3281 5050 ὀλίγους
3322 4978 3368 5031 δ’
3403 4978 3463 5044 ἐξ
3492 4978 3675 5031 αὐτῶν

2091 5082 2187 5136 καὶ
2223 5081 2314 5133 τὸν
2342 5078 2573 5134 Κιννέαν
2615 5075 2939 5148 προέπεμψε
2974 5074 3072 5127 σὺν
3103 5070 3344 5141 στρατῷ.
3376 5069 3678 5123 Ἐλθόντων

2090 5173 2135 5227 δ’
2157 5171 2356 5237 αὐτῶν,
2377 5171 2429 5224 οί
2454 5170 2795 5241 Ταραντῖνοι,
2823 5166 3220 5238 θαρσήσαντες,
3243 5162 3350 5215 τῶν
3379 5178 3438 5214 τε
3468 5160 3676 5215 καταλ-

2091 5262 2274 5332 λαγῶν
2328 5261 2439 5315 τῶν
2493 5260 2629 5331 πρὸς
2695 5258 3005 5324 Ῥωμαίους
3053 5255 3378 5325 ἀπέσχοντο,
3431 5252 3526 5305 καὶ
3584 5251 3679 5305 τδν

2091 5345 2262 5418 *Αγιν
2294 5346 2603 5410 παύσαντες
2634 5347 2734 5414 τῆς
2757 5342 3112 5415 στρατηγίας,
3134 5343 3234 5396 ἕνα
3264 5340 3370 5394 τῶν
3392 5337 3678 5408 πρέσϐεων

2089 5442 2506 5515 ἐχειροτόνησαν
2540 5439 2865 5510 στρατηγόν.
2897 5438 3028 5490 Μετ’
3062 5436 3122 5488 ού
3181 5434 3317 5489 πολὺ
3375 5433 3434 5486 δὲ
3459 5431 3672 5495 Μίλων,

1603 5563 1805 5627 Varia»
1836 5561 2150 5625 lectiones
2194 5566 2254 5620 et
2290 5563 2480 5619 notae.

493 5665 606 5733 (ll)
637 5664 994 5721 Κηλιδῶσαι.
1046 5665 1128 5721 Ita
1190 5666 1334 5721 alter
1357 5679 1388 5719 e
1441 5663 1629 5733 Regiis
1657 5674 1715 5720 et
1746 5662 1994 5720 Colbert.

493 5665 994 5785 (Ηῖβηλιδῷσιξι.
1046 5665 1145 5749 Ita~
1190 5666 1334 5721 alter
1353 5679 1388 5746 ε
1441 5665 1629 5733 Regiis
1657 5674 1715 5720 et
1746 5665 1989 5720 Colbert.

422 5734 862 5858 {lntﬂéeahsuiiegih
893 5737 1057 5806 κηδος
1081 5737 1272 5792 δωσαι.
1305 5734 1439 5791 Vide
1477 5733 1659 5792 Gloss.
1687 5734 1840 5791 med.
1868 5733 1989 5789 Lat.

423 5819 476 5858 Ill
507 5819 740 5858 mrtuus.

2176 5659 2585 5737 (ηλᾼούκιως
2629 5657 2909 5737 Aluum}:
2970 5654 3077 5737 εόν-
3119 5653 3374 5737 ὒξτατον.
3415 5650 3675 5737 ‘S_ic

2260 5720 2434 5809 O'Alter
2478 5728 2649 5783 codex
2674 5720 2814 5797 apud
2863 5725 3122 5781 \Volﬁum
3152 5723 3382 5777 Λούκιον
3415 5720 3676 5777 Μανίλιον

2143 5817 2175 5854 a
2219 5808 2321 5854 utt.
