4060 6430
13 1192 89 1313 2

84 1400 89 1415 Ι

80 1428 89 1453 ἰ

62 1520 89 1603 δ

14 1617 101 2615 ζ

50 3708 135 4127 lg

58 4142 159 4685 ἰ

406 395 516 460 637
1636 397 2044 458 ANNALIUM
2080 399 2229 462 LIB.
2268 398 2437 463 VIII.
3551 403 3665 469 638

405 508 512 562 ὑπὸ
538 504 634 561 τοῦ
660 505 877 579 Πύρρου
905 504 1003 559 σὺν
1024 504 1253 575 δυνάμει
1276 503 1569 575 πεμφθεὶς,
1594 507 1694 576 τήν
1725 523 1784 559 τε
1810 507 1978 574 ἀκρό-

2093 516 2236 561 runt.
2267 508 2335 563 At
2365 508 2610 580 Pyrrhus
2638 522 2769 565 rere
2793 522 2905 565 non
2926 518 3263 581 exspectato,
3291 525 3416 567 cum
3464 528 3665 585 magno

405 601 564 654 πολιν
593 599 774 654 αὐτῶν
822 598 881 663 ἐς
919 599 1018 668 τὴν
1072 597 1281 652 ἐκείνου
1328 596 1596 668 ὑποδοχὴν
1635 599 1974 669 κατειλήφει,

404 693 505 747 καὶ
535 692 634 763 τὴν
671 690 768 745 τοῦ
796 690 1014 760 τείχους
1034 689 1279 760 φρουρὰν
1315 690 1404 756 ὑφ’
1440 690 1631 742 ἑαυτὸν
1659 690 1977 759 ἐποιήσατο·

404 786 502 839 καὶ
530 787 579 839 οἰ
627 784 952 854 Ταραντῖνοι
1001 782 1096 835 ἐπὶ
1155 781 1368 845 τούτοις
1421 781 1657 853 ἔχαιρον,
1712 781 1790 846 ὡς
1843 782 1980 852 μήτε

407 877 690 946 φρουρεῖν,
718 873 845 942 μήτ’
874 871 1002 927 ἄλλο
1040 890 1094 925 τι
1126 873 1385 925 ἐπίπονον
1417 873 1711 941 ὑπομένειν
1732 872 1980 940 ἀναγκα-

406 967 648 1035 ζόμενοι.
701 963 810 1017 Καὶ
866 963 1054 1026 αὐτοῖς
1116 964 1324 1033 τροφὰς
1373 965 1708 1034 ἐχορήγουν,
1768 966 1863 1016 καὶ
1901 961 1981 1033 τῷ

408 1056 610 1127 Πύρρῳ
658 1055 923 1125 χρήματα
984 1053 1259 1123 ἔπεμπον.
1328 1054 1388 1106 '0
1439 1053 1531 1106 οὖν
1564 1055 1813 1124 Αἰμίλιος
1842 1055 1982 1119 τέως

410 1148 508 1215 μὲν
540 1146 683 1200 κατὰ
707 1143 893 1215 χώραν
914 1143 1130 1212 ἔμενεν,
1178 1144 1302 1197 ἐπεὶ
1331 1145 1389 1198 δὲ
1419 1144 1550 1209 τού‹,⁵
1571 1163 1633 1198 τε
1678 1146 1982 1217 Πυρῤείους

408 1239 643 1307 ἥκοντας
673 1235 835 1303 ἔγνω,
865 1236 961 1289 καὶ
1007 1236 1095 1290 διὰ
1128 1235 1221 1289 τὸν
1253 1235 1501 1304 χειμῶνα
1539 1240 1981 1310 προσκαρτερεῖν

407 1330 506 1396 θῦχ
529 1322 640 1389 οἷός
668 1343 726 1380 τε
745 1322 835 1396 ἦν,
874 1328 932 1390 ἐς
965 1325 1258 1381 Ἀπουλίαν
1282 1325 1562 1397 ὥρμησεν.
1589 1329 1651 1379 Οἱ
1673 1326 1731 1380 δὲ
1763 1328 1983 1398 Ταραν-

405 1421 542 1472 τῖνοι
568 1418 625 1471 ἔν
656 1435 764 1470 τινι
798 1416 1107 1487 στενοπόρφ
1133 1417 1341 1488 χωρίῳ,
1369 1417 1436 1470 δι’
1457 1411 1518 1471 οὗ
1548 1417 1779 1471 διελθεῖν
1814 1420 1984 1487 ἀνάγ-

407 1525 511 1578 κην
564 1504 702 1579 εἶχε,
757 1508 1114 1579 λοχήσαντες,
1170 1508 1376 1579 ἄπορον
1429 1508 1578 1579 αὐτῷ
1603 1510 1703 1581 τὴν
1754 1510 1983 1580 πορείαν

406 1601 625 1654 ἐποίουν
654 1600 1007 1670 τοξεύμασιν,
1060 1601 1425 1675 ἀκοντίσμασι
1473 1617 1532 1654 τε
1565 1601 1661 1654 καὶ
1693 1602 1986 1672 σφενδονή-

409 1707 597 1760 μασιν.
643 1690 699 1744 '0
727 1690 783 1743 δὲ
804 1691 932 1752 τοὺς
964 1689 1353 1759 αἰχμαλώτους
1382 1688 1554 1758 σφῶν,
1586 1688 1680 1754 οὒς
1721 1692 1984 1761 ἐπήγετο,

407 1783 715 1853 προήγαγε.
777 1782 1114 1851 Φοϐηθέντες
1167 1781 1213 1835 δ’
1265 1781 1316 1835 ot
1374 1782 1699 1852 Ταραντῖνοι
1757 1782 1832 1854 μὴ
1859 1783 1989 1846 τοὺς

2080 597 2494 669 Icctissimoque
2549 600 2798 656 exercitu
2863 600 3077 662 abiens.
3127 611 3183 658 et
3232 619 3299 656 xx
3352 604 3665 673 elephantis

2083 688 2231 758 (quas
2262 689 2517 744 animalia
2548 705 2660 744 non
2693 691 2849 760 prius
2879 691 2936 745 in
2976 691 3128 747 Italia
3169 703 3483 763 conspecta,
3532 703 3657 748 stu-

2082 795 2268 848 porem
2282 790 2339 835 et
2352 782 2773 838 admirationem
2805 783 3123 838 hominibus
3140 784 3487 855 attulerunt),
3504 786 3667 855 37o

2087 872 2216 925 dum
2248 871 2462 927 Ionium
2499 874 2734 944 trajecit,
2760 882 3088 945 tempestate
3118 884 3258 939 orta,
3292 878 3477 930 multis
3503 880 3665 931 amis-

2083 962 2180 1025 sis,
2221 966 2436 1018 c:t-teris
2480 965 2780 1035 dissipatis,
2831 967 3074 1036 pedestri
3129 968 3328 1023 itinere
3364 969 3666 1023 Tarentum

2083 1068 2227 1123 aegre
2252 1054 2527 1123 pervenit,
2561 1070 2625 1110 ac
2653 1056 2855 1126 pubem
2890 1058 3077 1111 statim
3108 1061 3225 1113 suis
3274 1059 3543 1113 militibus
3578 1060 3665 1112 in-

2084 1145 2281 1207 seruit.
2309 1161 2402 1209 ne,
2455 1147 2684 1201 seorsim
2724 1147 3002 1210 instructi,
3036 1148 3165 1202 belli
3218 1157 3462 1218 tempore
3512 1148 3670 1202 novis

2084 1238 2254 1293 rebus
2316 1239 2628 1293 studerent.
2688 1239 3008 1309 Eademque
3060 1241 3295 1295 forsitan
3372 1240 3441 1294 de
3503 1255 3668 1295 causa

2087 1326 2363 1382 theatrum
2421 1328 2640 1389 clausit.
2711 1337 2768 1384 et
2816 1330 3195 1384 conviviorum
3255 1330 3670 1385 commessatio-

2083 1434 2326 1488 numque
2360 1419 2598 1474 coetibus
2643 1420 2972 1486 interdictis,
3003 1421 3385 1475 adolescentes
3449 1429 3545 1475 aut
3599 1421 3659 1473 in

2085 1510 2254 1565 armis
2282 1511 2551 1575 exerceri,
2579 1520 2673 1566 aut
2697 1527 2797 1575 per
2820 1521 2965 1567 totos
2987 1512 3106 1567 dies
3127 1512 3181 1566 in
3211 1512 3333 1567 foro
3363 1527 3524 1582 agere
3550 1511 3668 1580 jus-

2087 1603 2178 1659 sit.
2211 1603 2451 1671 Quarum
2483 1621 2667 1660 rerum
2700 1606 2949 1661 molestia
2982 1605 3314 1676 quibusdam
3347 1620 3406 1661 se
3452 1604 3668 1660 subdu-

2091 1697 2370 1761 centibus,
2397 1711 2527 1753 suos
2559 1698 2731 1767 portis
2761 1698 3023 1768 praefecit,
3057 1698 3152 1768 qui
3190 1699 3470 1752 neminem
3513 1697 3668 1752 exire

2088 1795 2432 1857 paterentur.
2477 1788 2575 1843 His
2606 1789 2773 1859 igitur
2805 1790 2973 1844 rebus
3001 1799 3056 1845 et
3088 1797 3430 1844 commeatus
3471 1801 3670 1857 suppe-

408 1846 705 1943 σφετέρους
741 1872 864 1926 ἀντὶ
891 1846 1002 1925 τῶν
1045 1871 1338 1942 Ῥωμαίων
1384 1846 1770 1939 ἀπολέσωσιν,
1811 1846 1987 1926 ἐπαύ-

2093 1878 2382 1946 ditatione,
2410 1891 2466 1934 et
2495 1881 2789 1935 satellitum
2826 1881 2882 1935 in
2914 1881 3064 1936 aedes
3099 1881 3416 1950 receptione
3464 1894 3669 1935 onera-

406 1979 591 2017 σαντο.
628 1964 685 2018 '0
708 1965 764 2017 δὲ
787 1962 1023 2036 Πύρρος,
1056 1964 1179 2017 οὐδὲ
1223 1963 1284 2016 τὸ
1313 1962 1413 2034 ἔαρ
1443 1963 1767 2033 ἀναμείνας,
1793 1946 2005 2036 ἀπῄειί

406 2055 725 2128 στράτευμά
767 2072 826 2109 τε
877 2056 1011 2110 πολὺ
1040 2054 1138 2109 καὶ
1190 2054 1446 2123 ἔκκριτον
1492 2055 1854 2126 ἑπαγόμενος,
1892 2058 1988 2112 καὶ

405 2148 705 2215 ἐλέφαντας
748 2147 946 2209 εἴκοσι,
986 2146 1103 2215 ζῷα
1156 2148 1325 2218 μήπω
1372 2144 1641 2218 πρότερον
1693 2148 1804 2210 τοῖς
1828 2148 1887 2200 ἐν
1915 2149 1983 2218 τῇ

417 2236 616 2308 Ἰταλίᾳ
643 2237 897 2306 ὀφθέντα,
931 2236 1055 2290 ὅθεν
1094 2236 1492 2307 ἐξεπλήσσοντο
1518 2238 1615 2290 καὶ
1644 2237 1981 2308 ἐθαύμαζον

404 2329 636 2398 χειμῶνι
662 2329 721 2381 δὲ
753 2345 819 2381 πε
829 2328 1069 2398 ριπεσὼν
1092 2329 1155 2381 τὸ
1199 2327 1385 2381 Ἰόνιον
1410 2327 1833 2399 περαιούμενος,
1854 2329 1987 2383 πολ-

402 2417 532 2484 λοὺς
573 2419 822 2474 ἀπώλεσε
876 2420 972 2474 τοῦ
1032 2419 1461 2490 στρατεύματος,
1530 2420 1581 2472 οἰ
1612 2419 1669 2473 δέ
1706 2419 1886 2473 λοιποὶ
1907 2420 1985 2489 τῷ

407 2511 640 2566 κλύδωνι
670 2512 1095 2581 ἐσκεδάσθησαν.
1122 2510 1292 2575 Μόλις
1319 2512 1364 2565 δ’
1394 2508 1489 2566 οὖν
1524 2510 1798 2577 πεζεύοας
1821 2507 1987 2583 ἦλθεν

406 2605 487 2666 εἰς
510 2604 789 2674 Τάραντα,
838 2603 932 2658 καί
976 2604 1177 2657 αὐτίκα
1199 2603 1326 2667 τοὺς
1350 2603 1449 2674 μὲν
1480 2603 1833 2672 ἀκμάζοντας
1874 2606 1990 2666 τοῖς

408 2695 601 2749 ἑαυτοῦ
637 2695 1001 2767 στρατιώταις
1026 2695 1340 2762 συνέταξεν,
1369 2696 1519 2759 ὅπως
1577 2697 1656 2767 μὴ
1686 2695 1811 2750 καθ’
1859 2696 1989 2751 ἐαυ-

407 2790 532 2850 τοῦς
585 2788 960 2860 λελοχισμένοι
1026 2788 1427 2859 νεωτερίσωσι·
1489 2790 1585 2842 καὶ
1632 2787 1694 2841 τὸ
1759 2787 1987 2860 θέατρον

407 2878 621 2932 ἔκλεισε
641 2879 781 2950 τάχα
805 2880 894 2934 διὰ
913 2879 1006 2933 τὸν
1040 2880 1295 2950 πόλεμον,
1322 2879 1472 2942 ὅπως
1500 2879 1597 2949 μὴ,
1622 2881 1682 2942 ἐς
1708 2880 1838 2932 αὐτὸ
1861 2896 1989 2933 συν-

408 2971 717 3041 ερχόμενοι,
773 2971 1125 3042 νεοχμώσωσί
1174 2988 1248 3027 τι.
1293 2972 1518 3024 Ἀπεῖπε
1564 2971 1611 3024 δ’
1657 2971 1846 3035 αὐτοῖς
1896 2975 1992 3027 καὶ

408 3068 546 3136 πρὸς
573 3066 853 3136 συμπόσια
902 3067 999 3122 καὶ
1048 3065 1271 3138 κώμους
1317 3064 1695 3136 ἀθροίζεσθαι,
1764 3067 1861 3120 καὶ

2092 1981 2200 2038 tos,
2230 1990 2352 2030 sera
2379 1975 2701 2045 ptenitentia
2727 1976 3061 2032 Tarentinos
3103 1976 3323 2037 invasit.
3360 1975 3507 2045 quod
3556 1989 3669 2030 non

2091 2065 2328 2128 socium,
2350 2065 2446 2121 sed
2473 2066 2756 2122 dominum
2778 2067 3121 2123 accivissent.
3149 2068 3389 2138 Pyrrhus
3411 2079 3562 2130 vero,
3600 2078 3671 2119 ne

2091 2153 2159 2209 ad
2189 2155 2466 2212 Romanos
2500 2157 2588 2211 his
2614 2157 2685 2212 de
2725 2159 2908 2213 causis
2935 2158 3263 2212 inclinarent
3298 2157 3528 2223 veritus,
3564 2157 3673 2211 rei-

2092 2247 2326 2317 publicae
2369 2251 2642 2319 gerendae,
2712 2250 3111 2321 tractandoque
3161 2250 3365 2320 populo
3421 2250 3668 2333 idoneqs,

2089 2340 2290 2408 partim
2332 2356 2430 2410 per
2460 2356 2653 2397 causas
2676 2342 2891 2411 aliquas
2925 2342 2980 2397 in
3023 2341 3254 2411 Epirum
3281 2341 3347 2394 ad
3379 2341 3548 2395 ﬁlium
3570 2338 3673 2393 mia

2094 2430 2186 2497 sit,
2214 2433 2416 2501 partim
2449 2433 2588 2488 clam
2616 2434 2858 2488 sustulit.
2910 2433 3289 2488 Aristarchum
3331 2447 3463 2488 vero
3521 2446 3672 2486 sum-

2091 2535 2243 2575 mum
2270 2521 2414 2589 apud
2447 2522 2573 2578 illos
2598 2522 2796 2585 virum.
2823 2530 2881 2577 et
2918 2522 3232 2591 eloquentia
3288 2530 3667 2592 praestantem,

2085 2612 2191 2667 sibi
2243 2613 2580 2678 conciliavit,
2620 2623 2680 2669 ut
2714 2616 2783 2669 ob
2815 2630 2970 2670 suam
3006 2613 3434 2669 familiaritatem
3463 2613 3671 2683 popqu

2085 2712 2377 2773 suspectus
2408 2713 2576 2759 esset.
2600 2703 2705 2760 Sed
2739 2720 2863 2759 cum
2897 2704 2946 2758 ei
2971 2704 3331 2758 nihilominus
3358 2702 3518 2757 ﬁdem
3548 2714 3671 2755 esse

2084 2802 2357 2859 cerneret,
2405 2796 2459 2849 in
2488 2795 2715 2865 Epirum
2749 2796 2827 2850 ire
2850 2795 3035 2866 jussit,
3090 2794 3186 2864 qui
3238 2811 3363 2851 cum
3408 2793 3668 2864 refragari

2084 2899 2199 2938 non
2227 2886 2478 2951 auderet,
2502 2900 2561 2942 se
2583 2886 2679 2941 illo
2703 2886 3087 2957 navigaturum
3115 2886 3402 2953 simulans,
3438 2887 3669 2941 Romam

2088 2983 2175 3030 est
2200 2976 2502 3044 profectus.

1937 3069 2064 3134 τοὺς
2103 3070 2406 3142 νεωτέρους
2461 3073 2521 3125 ἐν
2559 3074 2674 3136 τοῖς
2734 3072 2924 3137 ὅπλοις
2977 3072 3269 3128 ἀσκεῖσθαι
3326 3072 3668 3143 ἐκέλευεν,ῆ

406 3159 756 3231 διημερεύειν
785 3162 929 3214 κατὰ
954 3162 1056 3231 τὴν
1095 3160 1323 3230 ἀγοράν.
1367 3157 1456 3224 Ὠς
1485 3159 1543 3212 δέ
1572 3175 1718 3223 τινες
1777 3158 2071 3229 ἀχθόμενοι
2133 3162 2350 3228 τούτοις
2409 3164 2800 3237 ὑπεχώρησαν,
2845 3168 3121 3237 φρουροὺς
3181 3168 3249 3220 ἐκ
3290 3165 3403 3220 τῶν
3452 3163 3674 3218 οἰκείων

411 3248 767 3318 κατέστησεν,
794 3247 936 3303 ὥστε
969 3247 1172 3319 μηδένα
1199 3247 1400 3312 ἐξιέναι
1431 3247 1534 3317 τῆς
1565 3247 1794 3311 πόλεως.
1830 3249 1897 3302 Ol
1924 3248 2002 3315 δὲ,
2041 3248 2255 3313 τούτοις
2301 3267 2364 3304 τε
2425 3253 2523 3306 καί.
2549 3255 2616 3322 τῇ
2649 3253 2886 3326 χορηγίᾳ
2907 3254 3016 3308 τῶν
3042 3253 3259 3325 τροφῶν
3287 3252 3672 3324 βαρυνόμενοι,

412 3341 510 3398 καὶ
563 3343 690 3404 τοὺς
731 3343 1063 3416 δορυφόρους
1094 3342 1275 3396 αὐτῶν
1326 3343 1408 3406 εἰς
1471 3343 1573 3407 τὰς
1641 3344 1822 3409 οἰκίας
1872 3344 2056 3398 αὐτῶν
2093 3347 2532 3419 ἀναγκαζόμενοι
2583 3349 2859 3421 δέχεσθαι,
2890 3350 3352 3420 νμετεγίνωσκον,
3409 3348 3673 3404 δεσπότου

414 3437 510 3490 καὶ
548 3436 672 3507 οὐχίΙ
723 3436 1015 3508 συμμάχου
1060 3434 1155 3488 τοῦ
1188 3432 1408 3506 Πύρρου
1446 3434 1805 3507 πειρώμενοι.
1848 3435 1908 3490 '0
1970 3437 2027 3492 δὲ
2065 3438 2154 3494 διὰ
2217 3441 2395 3496 ταῦτα
2425 3443 2500 3514 μὴ
2528 3444 2671 3514 πρὸς
2715 3442 2843 3508 τοὺς
2879 3443 3188 3514 Ῥωμαίους
3217 3442 3552 3497 ἀποκλίνωσι
3578 3458 3678 3513 φο-

413 3528 622 3601 σηθεὶς,
656 3527 767 3582 τῶν
812 3527 884 3582 τὰ
936 3526 1190 3581 πολιτικά
1232 3526 1549 3597 δυναμένων
1575 3528 1857 3599 πράττειν,
1891 3529 1987 3583 καὶ
2027 3536 2359 3600 προστατεῖν
2421 3536 2520 3590 τοῦ
2577 3536 2793 3606 ὁμίλου,
2827 3537 2956 3600 τοὺς
2992 3536 3090 3607 μὲν
3135 3537 3218 3600 εἰς
3264 3536 3367 3607 τὴν
3410 3538 3677 3609 Ἤπειρον

414 3628 553 3696 πρὸς
581 3624 673 3677 τὸν
695 3622 813 3676 υἰδν
843 3621 940 3675 ἐπί
971 3637 1082 3681 τισι
1112 3620 1457 3691 προφάσεσιν
1511 3619 1752 3692 ἔπεμπε,
1777 3624 1904 3686 τοὺς
1935 3623 1993 3679 δὲ
2028 3628 2125 3678 καί⁵
2184 3626 2409 3695 ἀφανῶς
2465 3628 2742 3685 διώλλυεν.
2806 3630 3166 3703 ’Δρίσταρχον
3190 3629 3248 3684 δέ
3295 3648 3420 3687 τινα
3454 3633 3514 3685 ἐν
3562 3636 3678 3689 τοῖς

411 3717 657 3788 ἀρίστοις
680 3714 791 3768 τῶν
819 3711 1166 3784 Ταραντίνων
1188 3712 1601 3784 ἐξεταζόμενον,
1653 3713 1751 3768 καὶ
1797 3715 1975 3769 εἰπεῖν
2015 3716 2413 3788 πιθανώτατον,
2473 3722 2960 3792 προσηταιρίσατο,
2989 3721 3057 3775 ἵν’
3082 3720 3330 3785 ὕποπτος
3388 3722 3466 3793 τῷ
3493 3724 3674 3796 δήμῳ,

410 3807 489 3870 ὡς
509 3806 578 3860 τὰ
618 3802 715 3858 τοῦ
760 3802 981 3874 Πύῤῥου
1040 3801 1276 3871 φρονῶν,
1338 3802 1604 3872 γένηται·
1644 3800 1722 3865 ὡς
1789 3803 1836 3855 δ’
1897 3803 1982 3857 ἔτι
2034 3804 2292 3861 πιστεῦον
2337 3807 2534 3879 ἐκείνῳ
2560 3809 2623 3863 τὸ
2652 3808 2857 3881 πλῆθος
2906 3809 3075 3881 ἐώρα,
3109 3808 3364 3877 ἔπεμπεν
3386 3812 3552 3865 αὐτὸν
3597 3815 3679 3877 εἰς

410 3901 515 3970 τὴν
570 3897 860 3966 Ἤπειρον.
922 3892 1034 3948 Καὶ
1064 3892 1143 3957 ὡς
1191 3894 1469 3948 ἀντειπεῖν
1502 3891 1579 3963 μὴ
1608 3892 1849 3965 θαρρῶν,
1905 3894 2201 3963 ἐξέπλευσε
2268 3898 2392 3970 μὲν,
2455 3900 2516 3964 ἐς
2577 3900 2635 3954 δέ
2662 3899 2762 3972 τὴν
2792 3899 3010 3972 Ῥώμην
3031 3900 3260 3970 ἀφίκετο
3284 3916 3298 3932 ⁸
3325 3902 3420 3954 καὶ
3451 3898 3677 3953 τοιαῦτα

419 3989 519 4059 μὲν
535 3984 564 4037 ὁ
587 3983 802 4055 Πύρρος
831 3982 946 4045 τοῖς
975 3980 1333 4049 Ταραντίνοις
1357 3980 1555 4037 ἐποίει.

483 4070 560 4128 Γ.
589 4072 653 4125 Oi
682 4068 730 4122 δ’
781 4070 841 4122 έν
864 4070 934 4139 τῇ
994 4067 1186 4137 Ῥώμῃ
1220 4066 1565 4129 κατέδεισαν,
1612 4066 1877 4137 μαθόντες
1898 4069 1990 4123 τὸν

2160 4070 2252 4126 Ill.
2282 4068 2415 4135 Quae
2431 4082 2554 4124 cum
2589 4066 2809 4122 Tarenti
2839 4074 3155 4134 agerentur,
3188 4065 3449 4132 Romani,
3481 4057 3677 4136 Pyrrhi

416 4163 635 4235 Πύρρον
688 4159 914 4214 ἐλθόντα
971 4159 1052 4221 εἰς
1082 4157 1362 4226 Τάραντα,
1406 4157 1486 4228 τῷ
1514 4175 1575 4211 τε
1606 4159 2004 4230 ἐκπεπολεμῶ-

419 4257 546 4310 σθαι
573 4253 644 4310 τὰ
691 4254 751 4307 ἐν
777 4255 846 4325 τῇ
885 4250 1087 4322 Ἰταλίᾳ
1138 4249 1344 4314 αὐτοῖς,
1405 4251 1500 4303 καὶ
1526 4249 1607 4322 τῷ
1656 4249 2005 4320 θρυλλεῖσθαι

417 4350 627 4403 ἐκεῖνον
655 4345 960 4416 εὐπόλεμόν
1003 4360 1064 4397 τε
1113 4343 1427 4412 τυγχάνειν,
1464 4341 1559 4397 καὶ
1598 4342 1829 4413 δύναμιν
1852 4345 2003 4415 ἔχειν

421 4437 917 4506 ἀνανταγώνιστον.
952 4432 1302 4505 Στρατιώτας
1328 4449 1391 4485 τε
1416 4432 1509 4488 οὖν
1548 4433 1866 4502 κατέλεγον,
1912 4435 2007 4488 καὶ

419 4532 680 4603 χρήματα
711 4526 993 4601 ήθροιζον,
1034 4524 1309 4596 φρουρούς
1337 4541 1397 4576 τε
1425 4526 1483 4588 ἐς
1511 4524 1610 4588 τὰς
1643 4526 2004 4596 συμμαχίδας

423 4626 605 4689 πόλεις
624 4624 951 4693 διέπεμπον,
987 4620 1076 4675 ἵνα
1107 4619 1184 4689 μὴ
1212 4619 1307 4671 καὶ
1334 4620 1543 4671 ἐκεῖναι
1567 4618 1869 4673 ἀπιστῶσι.
1894 4618 2006 4673 Καί

421 4736 576 4784 τινας
609 4715 1032 4789 προαισθόμενοι
1078 4710 1532 4782 νεωτεριοῦντας,
1557 4711 1688 4774 τοὺς
1747 4711 2006 4781 πρώτους

424 4813 604 4866 αὐτῶν
631 4808 919 4869 ἐκόλασαν,
944 4802 1039 4858 καί
1065 4818 1211 4865 τινες
1236 4800 1347 4854 τῶν
1374 4798 1796 4870 Πραινεστηνῶν
1825 4801 1881 4863 ἐς
1906 4799 2004 4870 τὴν

435 4904 658 4971 Ῥώμην
683 4899 962 4969 ἀχθέντες,
988 4895 1117 4965 περὶ
1142 4893 1324 4962 δείλην
1352 4891 1512 4961 ὀψίαν
1535 4890 1617 4953 εἰς
1636 4891 1762 4954 τοὺς
1793 4890 2002 4960 θησαυ.

430 4995 559 5066 psi);
591 4992 683 5051 ἐπὶ
709 4989 922 5061 φυλακῇ
970 4984 1404 5055 ἐνεϐλήσθησαν.
1456 4982 1565 5037 Καί
1609 4999 1694 5045 τις
1720 4982 1907 5044 αὐτοῖς
1939 4984 2004 5035 ἐκ

424 5086 615 5140 τούτου
642 5081 893 5155 χρησμὸς
922 5078 1322 5150 ἐκπεπλήρωτο
1345 5092 1361 5109 ο
1408 5073 1652 5146 ἐχρήσθη
1683 5073 1792 5145 γὰρ
1819 5075 2005 5137 αὐτοῖς

430 5191 588 5240 ποτε,
614 5173 698 5226 ὅτι
730 5171 856 5235 τοὺς
880 5169 989 5224 τῶν
1030 5165 1323 5238 Ῥωμαίων
1354 5164 1646 5231 καθέξουσι
1669 5163 2000 5234 θησαυρούς.

433 5267 544 5321 Καὶ⁷
561 5266 590 5319 δ
613 5265 713 5336 μὲν
736 5261 988 5335 χρησμὸς
1013 5262 1094 5325 εἰς
1133 5258 1295 5313 τοῦτο
1317 5256 1499 5326 ἀπέϐη
1531 5272 1549 5290 ·
1573 5259 1770 5311 ἐκεῖνοι
1824 5256 1880 5310 δὲ
1912 5254 2005 5310 καί

431 5358 735 5412 ἀπώλοντο.
755 5354 1086 5424 Οὐαλλέριον
1119 5351 1180 5406 δὲ
1208 5350 1496 5405 Λαουΐνιον
1523 5348 1618 5401 ἐπὶ
1662 5348 1753 5401 τὸν
1784 5348 2002 5421 Πύρρον

2102 4163 2346 4220 adventu
2380 4159 2610 4215 minime
2637 4157 2768 4224 laeti,
2810 4165 2925 4212 tum
2965 4157 3112 4227 quod
3165 4158 3370 4212 Italiam
3422 4158 3677 4212 infestam

2103 4255 2395 4318 baberent,
2427 4261 2542 4306 tum
2586 4250 2735 4321 quod
2774 4249 2930 4305 illum
2981 4249 3309 4305 bellicosum
3358 4259 3416 4304 et
3463 4249 3682 4304 invictis

2103 4345 2381 4402 munitum
2410 4356 2533 4397 esse
2571 4340 2749 4411 cupiis
2785 4338 2930 4394 fama
2962 4338 3194 4403 ferebat,
3235 4337 3545 4394 delectibus
3585 4337 3683 4391 ha-

2100 4433 2254 4503 bitis,
2291 4439 2594 4502 coactaque
2626 4430 2882 4502 pecunia,
2928 4428 3095 4486 sociis
3119 4428 3437 4484 civitatibus
3486 4426 3681 4497 praasi-

2102 4527 2195 4583 dia
2247 4526 2654 4596 imposuerunt,
2703 4537 2773 4577 ne
2820 4522 2930 4577 illa:
2982 4536 3205 4591 quoque
3252 4519 3591 4586 deﬁcerent;
3625 4524 3684 4573 et

2102 4631 2240 4687 quas
2259 4615 2417 4672 novis
2438 4614 2608 4669 rebus
2641 4613 2865 4669 studere
2905 4613 3047 4668 velle
3079 4619 3483 4681 praesenserant
3507 4649 3523 4673 .
3575 4625 3675 4665 ea-

2106 4725 2231 4764 rum
2307 4707 2588 4780 principes
2667 4706 2991 4761 multarunt.
3062 4704 3431 4761 Pramestinos
3498 4711 3681 4758 autem

2106 4799 2377 4871 quosdam
2404 4796 2623 4867 vesperi
2657 4794 2712 4850 in
2743 4795 2936 4851 urbem
2958 4794 3250 4857 adductos,
3269 4792 3467 4848 aerario
3496 4800 3686 4845 custo-

2105 4892 2211 4947 diae
2242 4905 2409 4947 causa
2445 4889 2833 4954 incluserunt;
2871 4896 2932 4943 ut
2961 4896 3122 4942 vetus
3172 4885 3458 4941 oraculum
3502 4881 3684 4952 quod-

2104 4985 2232 5040 dam
2259 4980 2605 5051 impleretur,
2648 4995 2759 5049 quo
2781 4978 3105 5048 praadictum
3140 4976 3343 5041 fuerat,
3403 4976 3528 5030 illos
3573 4975 3683 5028 Ro-

2103 5090 2328 5131 manum
2375 5070 2630 5126 aerarium
2674 5078 3065 5140 occupaturos,
3111 5069 3270 5137 cujus
3307 5067 3401 5120 hic
3452 5073 3684 5120 eventus

2102 5166 2232 5231 fuit,
2260 5174 2322 5221 ut
2350 5164 2426 5219 ibi
2447 5171 2799 5219 necarentur.
2838 5160 3045 5216 Contra
3076 5159 3374 5230 Pyrrhum,
3426 5155 3683 5209 Tarenti-

2103 5274 2228 5324 nos,
2257 5270 2563 5325 eorumque
2597 5253 2779 5309 socios
2793 5253 3070 5308 Valerium
3093 5250 3360 5305 Levinum
3384 5248 3679 5311 miserunt,

2104 5360 2263 5421 parte
2298 5348 2574 5405 exercitus
2598 5345 2655 5401 in
2684 5345 2822 5400 urbe
2853 5344 3092 5415 praesidii
3133 5358 3298 5398 causa
3347 5348 3581 5395 retenta.
3629 5339 3683 5395 ls

434 5451 530 5506 ml.
551 5451 678 5513 τοὺς
700 5445 1092 5518 Ταραντίνους,
1125 5445 1220 5499 καὶ
1247 5443 1376 5508 τοὺς
1409 5442 1602 5506 ἄλλους
1622 5442 1748 5507 τοὺς
1775 5441 1873 5498 σὺν
1907 5441 1992 5495 αύ-

2106 5443 2288 5497 statim
2311 5442 2487 5496 Roma
2514 5438 2795 5509 profectus
2824 5448 2929 5501 est,
2955 5448 3014 5492 ut
3046 5436 3250 5491 bellum
3282 5450 3445 5505 quam
3471 5433 3683 5503 longis-

432 5544 544 5605 τοῖς
575 5541 975 5600 ἀπεστάλκασι,
1009 5536 1103 5591 καί
1126 5552 1180 5589 τι
1210 5536 1306 5589 καὶ
1335 5536 1393 5588 ἐν
1431 5532 1510 5604 τῷ
1529 5534 1685 5588 ἄστει
1712 5534 1808 5587 τοῦ
1839 5550 2004 5604 στρα-

431 5634 705 5699 τεύματος
753 5630 1042 5701 κατέσχον.
1101 5628 1162 5680 '0
1190 5628 1321 5695 γοῦν
1349 5624 1640 5688 Λαουϊνιος
1692 5624 1856 5688 εὐθὺς
1886 5623 2004 5689 ἐξε-

430 5725 785 5798 στράτευσεν,
810 5722 900 5777 ἵνα
927 5719 1267 5793 πορρωτάτω
1288 5719 1383 5771 τὸν
1413 5717 1651 5786 πόλεμον
1671 5717 1770 5787 τῆς
1793 5717 2003 5781 οἰκείας

430 5818 760 5885 ποιήσηταιο
785 5815 883 5870 καὶ
908 5812 1002 5868 τὸν
1024 5811 1246 5881 nepam
1273 5807 1646 5877 καταπλήξειν
1668 5810 1918 5878 ἤλπισεν,
1952 5813 2000 5862 εἰ

2100 5533 2236 5588 sime
2268 5547 2299 5586 e
2331 5530 2507 5601 patria
2532 5538 2768 5599 gereret.
2800 5536 2853 5581 et
2879 5538 3146 5582 terrorem
3190 5526 3404 5597 Pyrrho
3458 5525 3678 5579 incutu~

2102 5630 2217 5689 ret;
2245 5622 2337 5691 qui
2363 5621 2432 5675 ab
2463 5620 2531 5674 iis
2560 5619 2706 5674 ultro
2730 5619 3118 5680 lacesseretur,
3158 5630 3394 5685 quorum
3428 5632 3487 5671 se
3536 5631 3679 5671 mm-

2099 5714 2192 5769 nia
2209 5721 2649 5784 oppugnaturum
2677 5710 2835 5780 371
2864 5709 3212 5780 opinabatur.
3242 5708 3529 5779 Captaque
3553 5723 3646 5762 mu
3664 5737 3677 5749 -

2102 5807 2223 5862 nito
2253 5814 2311 5861 et
2340 5811 2655 5875 opportuno
2682 5802 2932 5869 castello,
2966 5801 3284 5873 prasidium
3332 5801 3385 5859 in
3440 5800 3678 5858 Lucanis
