4060 6416
361 380 470 443 639

1655 385 1982 448 JOANNIS
2020 384 2337 445 ZONARL

3494 378 3608 444 διο

358 498 606 569 reliquit,
641 514 711 556 ne
741 500 810 555 ad
838 499 1028 558 hostes
1069 516 1129 557 se
1153 501 1489 558 conterrent.
1524 502 1787 575 Pyrrhus,
1821 503 1927 557 Le-

2045 502 2216 564 ιῦτοῖς
2262 499 2541 553 ἐθελονταὶ⁵
2597 498 2827 562 ἐπίοιεν,
2881 499 2977 564 οὓς
3025 500 3235 563 ἐκεῖνος
3291 499 3605 573 πολιορκεῖν

357 589 474 643 vini
501 590 739 647 adventu
758 592 996 663 cognito,
1034 593 1253 650 eductis
1274 595 1449 666 copiis
1482 604 1693 667 tempus
1725 604 1923 661 terere,

358 681 490 737 dum
511 683 715 737 auxilia
733 686 1139 748 convenissent.
1165 687 1418 758 cupiens,
1444 687 1709 758 superbas
1740 696 1798 743 et
1821 688 1929 743 mi-

359 788 527 827 naces
564 772 773 828 Levino
799 775 1008 831 litteras
1032 779 1275 847 scripsit,
1301 778 1355 833 in
1386 779 1530 834 hanc
1559 779 1884 834 sententiam
1910 796 1926 836 :

358 861 471 918 Rea:
505 862 745 934 Pyrrhus
791 864 983 921 Levino
1012 867 1264 923 salutem.
1322 868 1494 923 Audio
1538 876 1587 923 te
1643 870 1927 924 exercitum

358 963 545 1010 contra
596 956 907 1012 Tarentinos
962 959 1239 1014 adducere.
1287 960 1543 1015 Ceterum
1580 977 1638 1015 eo
1690 961 1928 1025 dimisso,

356 1049 468 1116 ipse
492 1063 608 1101 cum
639 1050 823 1117 paucis
860 1050 930 1103 ad
954 1065 1037 1103 me
1059 1051 1248 1105 venito.
1279 1048 1424 1104 Nam
1454 1052 1500 1105 si
1524 1068 1629 1122 qua
1663 1052 1802 1106 inter
1821 1068 1927 1119 vos,

358 1135 711 1188 controversia
740 1141 838 1201 est,
870 1150 964 1205 ego
1008 1135 1100 1204 jus
1143 1136 1286 1191 vobis
1318 1137 1491 1192 dicam
1519 1153 1539 1192 .'
1566 1146 1616 1191 et
1651 1139 1838 1193 invitos
1868 1154 1931 1195 ea

358 1239 479 1293 qua:
528 1241 681 1296 a'qua
730 1234 874 1294 sunt,
934 1237 1188 1296 praestare
1238 1245 1443 1300 cogam.
1473 1230 1537 1285 Εἰ
1560 1229 1799 1287 Levinus
1829 1232 1934 1289 hoc

358 1313 526 1369 modo
562 1316 845 1385 respondit
871 1335 883 1371 :
914 1316 1140 1373 Omnino
1162 1319 1310 1384 mihi,
1343 1316 1571 1390 Pyrrhe,
1594 1322 1830 1377 insanire
1858 1324 1934 1376 vi-

358 1404 520 1473 deris,
558 1409 649 1477 qui
688 1416 738 1462 te
766 1410 904 1463 inter
924 1425 1020 1463 nos
1063 1416 1115 1463 et
1142 1408 1453 1468 Tarentinos
1470 1413 1706 1482 judicem
1732 1415 1933 1469 consti-

359 1503 499 1560 tuas,
533 1498 842 1567 priusquam
896 1500 1042 1554 nobis
1091 1517 1273 1569 poenas
1326 1502 1534 1558 dederis
1580 1504 1845 1570 ingressus
1877 1506 1933 1558 in

356 1587 577 1645 Italiam
607 1592 706 1645 tui.
733 1591 1076 1664 Itaque‘cnm
1117 1602 1226 1649 toto
1275 1597 1506 1650 exercitu
1541 1598 1768 1662 veniant,
1794 1607 1842 1651 et
1872 1597 1934 1651 de

359 1689 409 1733 te
429 1688 480 1734 et
502 1680 797 1737 Tarentinis
852 1700 1034 1753 poenas
1080 1702 1309 1741 sumam.
1342 1685 1482 1752 Quid
1520 1690 1661 1742 enim
1688 1691 1856 1745 verbis
1883 1699 1933 1744 et

358 1774 511 1844 nugis
539 1775 667 1829 milii
691 1790 819 1844 opus
842 1784 939 1843 est,
958 1793 1076 1831 cum
1100 1776 1279 1832 Marte
1301 1780 1502 1848 judice,
1529 1789 1744 1835 auctore
1772 1784 1935 1838 nostri

2030 588 2422 661 προσεδόκησε.
2476 589 2586 643 Kal
2637 588 2817 643 ἀπιὼν
2865 590 3069 661 χωρίον
3090 608 3142 645 τι
3170 590 3281 645 τῶν
3311 593 3609 647 Λευκανῶν

2030 676 2173 734 εἷλεν
2206 680 2423 751 ίσχυρδν
2448 681 2544 735 καὶ
2560 680 2869 754 ἐπίκαιρον,
2900 683 2996 736 καὶ
3034 683 3267 754 δύναμίν
3305 700 3428 738 τινα
3455 685 3514 738 ἐν
3535 686 3601 754 τῇ

2029 773 2305 844 Λευκανίᾳ
2329 771 2645 837 κατέλιπεν,
2674 772 2963 843 εἴρξουσαν
2985 774 3184 838 αὐτοὺς
3209 774 3301 829 τοῦ
3332 775 3607 842 ἐπαρῆξαι

2029 862 2145 923 τοῖς
2193 859 2482 924 ἐναντίοις.
2520 860 2633 913 Καὶ
2685 862 2713 915 ὁ
2742 861 2961 935 Πύρρος
3012 862 3203 935 μαθὼν
3236 863 3610 933 πλησιάζοντα

2029 950 2123 1005 τὸν
2148 952 2455 1016 Λαουΐνιον,
2482 952 2906 1023 προεξώρμησε.
2924 955 3034 1008 Καὶ
3066 956 3613 1026 στρατοπεδευσάμετ

2031 1059 2143 1109 νος,
2181 1043 2393 1115 τρίϐειν
2414 1042 2573 1115 ἤθελε
2604 1043 2696 1098 τὸν
2725 1044 2941 1114 καιρὸν,
2993 1045 3281 1116 ἀναμένων
3309 1047 3435 1110 τοὺς
3470 1064 3610 1116 συμ-

2037 1134 2407 1205 μαχήσοντας.
2433 1136 2543 1190 Kal
2569 1133 2648 1206 τῷ
2672 1135 2941 1207 Λαουϊνίῳ
2977 1136 3293 1191 ἐπέστειλεν
3323 1137 3611 1209 ὑπερηφά-

2033 1241 2163 1291 νως,
2192 1227 2271 1290 ὡς
2291 1226 2656 1299 καταπλήξων
2685 1228 2870 1292 αὑτὸν,
2905 1223 3022 1299 εἷχε
3056 1228 3115 1282 δέ
3158 1230 3194 1301 ἠ
3229 1229 3415 1300 γραφὴ
3462 1223 3566 1283 ὧδε
3592 1246 3607 1262 ο

2033 1318 2336 1385 Βασιλεὺς
2361 1321 2592 1388 Πύρῤος
2618 1321 2918 1389 Λαουϊνίῳ
2941 1321 3194 1391 χαίρειν.
3221 1321 3612 1390 Πυνθάνομαί

2035 1420 2110 1461 σε
2139 1410 2486 1477 στράτευμα
2528 1412 2627 1463 ἐπὶ
2679 1410 3086 1480 Ταραντίνους
3123 1413 3311 1483 ἄγειν.
3376 1412 3453 1467 Τὸ
3498 1412 3611 1481 μὲν

2035 1494 2150 1554 οὖν
2183 1502 2567 1571 ἀπόπεμψον,
2600 1505 2784 1569 αὐτὸς
2814 1505 2883 1558 δὲ
2913 1508 3042 1575 μετ’
3069 1507 3290 1573 ὀλίγων
3316 1501 3428 1576 ἧκε
3459 1507 3613 1573 πρὸς

2033 1590 2156 1660 ἐμέ.
2188 1591 2419 1646 Δικάσω
2438 1591 2549 1660 γὰρ
2581 1592 2725 1662 ὑμῖν
2746 1581 2881 1662 ἐγὼ,
2921 1594 2979 1647 ετ
3005 1612 3059 1648 τι
3094 1596 3396 1661 ἀλλήλοις
3432 1595 3610 1663 ἐγκα-

2032 1679 2217 1743 λεῖτε,
2251 1681 2347 1733 καί
2376 1681 2635 1747 ἄκοντας
2665 1681 2738 1735 τὰ
2769 1681 2976 1738 δίκαια
3024 1684 3221 1737 ποιεῖν
3264 1684 3611 1751 ἀναγκάσω.

2037 1775 2322 1838 Λαουϊνιος
2350 1775 2408 1829 δὲ
2433 1776 2559 1829 τάδε
2585 1775 2663 1846 τῷ
2693 1776 2897 1848 Πύρρῳ
2929 1776 3241 1846 ἀντέγραψε
3265 1791 3279 1805 ·
3318 1774 3489 1829 Πάνυ
3509 1793 3613 1844 μοι

356 1840 586 1934 generis,
641 1840 859 1921 cansam
913 1840 1205 1938 disceptare
1269 1840 1467 1925 liceat?
1498 1872 1613 1928 Hoc
1671 1889 1933 1944 responso

2045 1865 2253 1931 δοκεῖς,
2303 1862 2351 1922 ὦ
2395 1840 2646 1937 Πύῤῥε,⁷
2671 1840 3424 1938 τετυρῶσθαιίδιλιαστὴν
3467 1840 3614 1936 ἡμῖν

358 1952 511 2019 dato,
533 1964 825 2025 properat;
861 1966 916 2011 et
947 1956 1173 2014 ﬂumine
1224 1960 1512 2032 interjecto
1552 1965 1749 2020 eaStris
1788 1967 1937 2035 posi-

362 2043 451 2107 tis,
480 2047 856 2115 speculatores
915 2049 1629 2124 aliquot,,comprehendit;
1665 2072 1805 2127 quos
1837 2075 1935 2128 per

359 2143 538 2193 castra
561 2137 993 2209 circumductos,
1049 2158 1220 2214 seque
1274 2146 1446 2201 alium
1474 2148 1634 2220 longe
1671 2152 1935 2223 majorem

359 2226 562 2285 habere
582 2231 887 2289 exercitum
916 2235 1204 2307 gloriatus,
1233 2237 1463 2295 dimisit.
1496 2239 1616 2307 Quo
1634 2240 1778 2297 facto
1811 2258 1937 2313 per-

358 2320 542 2376 culsus
567 2321 835 2392 Pyrrhus,
874 2340 1114 2397 pugnam
1137 2328 1485 2398 detrectavit,
1518 2343 1633 2388 tum
1658 2334 1805 2403 quod
1837 2334 1937 2390 fce-

358 2410 535 2466 derati
569 2414 686 2485 ejus
724 2417 971 2472 nondum
1020 2421 1431 2488 convenissent,
1489 2434 1605 2478 tum
1643 2428 1789 2495 quod
1832 2428 1941 2482 Ro-

360 2517 552 2560 manos
574 2507 628 2561 in
659 2507 842 2564 hosﬁli
866 2526 998 2582 agro
1033 2524 1378 2569 commeatus
1416 2517 1649 2584 penuria
1716 2518 1939 2575 labora-

360 2607 517 2653 turos
570 2601 849 2671 sperabat.
883 2604 1090 2660 Eodem
1118 2605 1362 2662 Levinus
1394 2624 1615 2677 quoque
1653 2618 1937 2679 reputans,

360 2691 659 2763 conﬂigere
683 2696 1095 2765 quamprimum
1132 2697 1328 2754 statuit
1362 2718 1376 2752 :
1414 2700 1617 2769 etquia
1650 2701 1854 2758 milites
1885 2711 1943 2758 et

358 2781 558 2855 Pyrrhi
577 2785 796 2852 famam,
830 2797 886 2843 et
913 2789 1236 2859 elephantes
1298 2790 1589 2857 timebant,
1641 2804 1944 2849 convocato

358 2876 626 2942 exercitu,
657 2886 713 2933 et
734 2877 894 2949 longa
924 2881 1174 2938 oratione
1200 2882 1268 2937 ad
1321 2880 1732 2938 confirmandos
1795 2885 1944 2941 mili-

362 2975 476 3021 tum
504 2968 720 3026 animos
736 2971 946 3038 habita,
974 2972 1048 3028 ita
1073 2988 1132 3029 se
1160 2981 1341 3043 parat,
1367 2982 1428 3028 ut
1450 2989 1576 3029 cum
1614 2975 1826 3047 Pyrrho
1856 2978 1945 3033 vel

361 3060 536 3117 invito
568 3070 928 3133 pugnaturus.
954 3062 1056 3130 Qui
1085 3065 1337 3135 quamvis
1371 3080 1401 3120 a
1425 3080 1606 3137 pugna
1661 3067 1934 3125 abhorre-

362 3158 470 3215 ret,
500 3159 680 3206 tamen
708 3168 777 3208 ne
794 3153 1072 3209 Romanos
1090 3154 1389 3210 formidare
1415 3155 1722 3224 videretur,
1750 3158 1943 3228 etipse

362 3240 569 3298 milites
598 3258 729 3301 suos
763 3244 831 3300 ad
865 3260 1102 3316 pugnam
1148 3247 1489 3313 cohortatus,
1524 3247 1794 3304 Levinum
1842 3249 1946 3305 ﬂu-

364 3350 494 3390 men
514 3337 667 3407 juxta
702 3350 881 3393 castra
936 3339 1172 3394 transire
1203 3348 1520 3408 conantem,
1552 3341 1859 3412 prohibuit.
1893 3344 1945 3398 ls

367 3426 536 3497 igitur
555 3442 680 3482 cum
704 3428 954 3499 peditatu
986 3430 1061 3485 ibi
1092 3445 1150 3486 se
1173 3431 1485 3498 continens,
1515 3432 1799 3503 equitibus
1845 3448 1946 3504 per

366 3520 604 3590 speciem
661 3522 860 3592 praeda
919 3522 1172 3593 petendae
1228 3524 1522 3596 ablegatis,
1577 3526 1803 3581 mandat
1861 3535 1943 3591 ut,

364 3613 528 3685 longe
550 3615 820 3685 provecti,
858 3616 1153 3687 trajiciant.
1208 3616 1313 3685 Qui
1354 3632 1480 3674 cum
1520 3633 1586 3674 ex
1644 3619 1945 3689 improviso

369 3714 519 3775 terga
570 3706 814 3762 hostium
861 3708 1211 3775 invasissent,
1238 3717 1295 3765 et
1333 3709 1560 3767 ordines
1604 3712 1941 3777 turbassent,

368 3797 610 3856 Levinus
631 3814 792 3855 amne
807 3809 1089 3870 superato,
1115 3802 1365 3872 przelium
1415 3812 1472 3858 et
1507 3802 1625 3874 ipse
1653 3803 1777 3859 init.
1836 3804 1945 3860 Sed

369 3890 616 3962 Pyrrhus
641 3891 771 3947 dum
799 3893 916 3950 suis
937 3893 1276 3964 fugientibus
1298 3895 1577 3966 suppetias
1604 3897 1775 3961 venit,
1804 3910 1948 3967 equo

370 3999 437 4037 ex
463 3983 686 4041 vulnere
709 3985 914 4042 amisso
927 3983 1157 4057 periisse
1170 3990 1466 4056 putabatur
1496 4003 1513 4045 :
1542 3987 1688 4045 unde
1706 3988 1948 4059 Epirotis

369 4076 544 4132 animi
572 4076 851 4134 imminuti
885 4086 1036 4146 sunt,
1068 4078 1331 4135 Romanis
1378 4090 1694 4147 creverunt,
1738 4089 1948 4138 mutata

372 4172 544 4241 praelii
572 4171 732 4230 facie.
765 4171 886 4239 Quo
925 4188 1025 4228 rex
1078 4172 1376 4239 intellecto,
1427 4182 1639 4230 vestem
1678 4174 1946 4247 insignem

373 4266 467 4320 dat
491 4264 712 4335 Megacli
750 4264 913 4336 372
944 4265 1301 4331 induendam,
1338 4282 1578 4337 eumque
1607 4267 1811 4337 passim
1836 4268 1948 4323 cir-

373 4357 631 4414 cumvehi
660 4358 838 4429 jubet,
877 4366 941 4415 ut
973 4373 1034 4416 se
1068 4359 1251 4417 vivere
1279 4360 1533 4416 arbitrati
1553 4360 1740 4415 hostes
1778 4369 1951 4417 terre-

377 4458 589 4513 rentur,
623 4450 1208 4517 suiconﬁnnarentur,
1236 4452 1356 4524 ipse
1386 4453 1581 4523 privati
1608 4451 1801 4507 habitu
1822 4467 1946 4508 cum

2033 1958 2256 2012 ἑαυτὸν
2296 1961 2588 2026 καθιστὰς
2634 1960 2732 2014 καὶ
2778 1960 3184 2028 Ταραντίνοις,
3244 1960 3389 2029 πρὶν
3434 1958 3615 2025 δίκην

2035 2050 2183 2118 ἡμῖν
2212 2050 2531 2119 ὑποσχεῖν,
2559 2052 2650 2105 ὅτι
2696 2051 2793 2106 καί
2819 2050 2925 2119 τὴν
2981 2051 3183 2120 ἀρχὴν
3207 2053 3294 2117 είς
3316 2050 3432 2118 τὴν
3463 2052 3615 2105 Ἰτα-

2035 2142 2179 2194 λίαν
2205 2141 2591 2211 ἐπεραιώθης.
2624 2141 2789 2207 Ἦξω
2817 2159 2881 2196 τε
2911 2138 3026 2197 οὖν
3054 2144 3206 2211 μετὰ
3250 2142 3478 2207 παντὸς
3509 2140 3615 2195 τοῦ

2037 2233 2320 2301 στρατοῦ,
2374 2234 2473 2287 καὶ
2518 2233 2635 2303 τὴν
2681 2234 3127 2303 προσήκουσαν
3186 2235 3473 2304 τιμωρίαν
3518 2232 3618 2288 καὶ

2038 2324 2198 2391 παρὰ
2226 2325 2597 2394 Ταραντίνων
2648 2326 2745 2380 καί
2776 2325 2937 2395 παρά
2964 2341 3083 2380 σου
3108 2325 3401 2394 λήψομαι.
3426 2325 3487 2379 Τί
3510 2324 3619 2394 γὰρ

2038 2415 2106 2470 δέ
2127 2435 2231 2487 μοι
2256 2418 2453 2488 λήρου
2482 2419 2583 2473 καί
2624 2419 2949 2489 φλυαρίας,
2980 2419 3125 2485 ἐξὸν
3156 2418 3315 2486 παρὰ
3342 2417 3423 2484 τῷ
3456 2420 3519 2472 Ἀ
3523 2435 3619 2486 ρει

2038 2507 2121 2576 τῷ
2153 2510 2483 2579 προπάτορι
2526 2510 2698 2583 ἡμῶν
2738 2512 3050 2582 κριθῆναι;
3101 2513 3340 2567 Τοιαῦτα
3400 2515 3621 2567 ἀντεπι-

2044 2603 2283 2669 στείλας,
2308 2603 2591 2674 ἠπείγετο,
2622 2606 2721 2661 καὶ
2738 2607 3004 2677 ηὐλίσατο
3038 2608 3127 2662 διὰ
3156 2609 3325 2678 μέσου
3351 2607 3413 2662 τὸ
3439 2607 3619 2681 ῥεῦμα

2040 2694 2138 2749 τοῦ
2186 2696 2303 2750 ἐκεῖ
2354 2695 2602 2767 ποταμοῦ
2660 2699 3051 2769 ποιησάμενος.
3117 2701 3518 2764 Κατασκόπους
3558 2701 3617 2753 τέ

2042 2800 2201 2846 τινας
2247 2784 2550 2851 συλλαϐὼν,
2608 2786 2789 2852 δείξας
2830 2788 2931 2859 τὴν
2980 2788 3213 2861 δύναμιν
3258 2791 3467 2857 αὐτοῖς,
3523 2792 3620 2844 καὶ

2046 2874 2288 2929 ἐπειπὼν
2310 2876 2720 2950 πολλαπλασίαν
2744 2879 2912 2951 ἄλλην
2936 2879 3102 2951 ἔχειν,
3127 2882 3478 2952 ἀπέπεμψεν,
3495 2882 3623 2935 Ἐπὶ

2046 2965 2256 3030 τούτοις
2283 2969 2311 3021 ὁ
2343 2967 2561 3039 Πύρρος
2583 2969 2978 3037 καταπλαγεὶς,
3009 2972 3069 3023 οὑ
3105 2972 3376 3043 μάχεσθαι
3408 2972 3620 3045 ἢθελεν,

2047 3057 2133 3111 δτι
2166 3059 2261 3111 καὶ
2288 3058 2399 3113 τῶν
2428 3060 2737 3130 συμμάχων
2766 3059 2922 3115 οῦπω
2962 3063 3109 3126 τινὲς
3144 3063 3409 3134 συνῆλθον
3444 3066 3616 3136 αὐτῷ,

2049 3149 2350 3221 ἐπιλείψειν
2377 3168 2438 3205 τε
2468 3153 2580 3214 τοῖς
2621 3151 2915 3222 Ῥωμαίοις
2947 3155 3017 3207 τὰ
3059 3154 3347 3226 ἐπιτήδεια
3393 3156 3624 3227 ἧλπιζεν

2046 3240 2105 3294 ἐν
2139 3240 2374 3313 πολεμίᾳ
2399 3242 2665 3311 διάγουσι.
2690 3243 2881 3298 Ταῦτα
2906 3243 2963 3299 δέ
2985 3246 3079 3299 καὶ
3103 3249 3130 3300 ὁ
3161 3248 3447 3313 Λαουΐνιος
3473 3249 3626 3318 λογι·

2046 3333 2299 3404 ζὸμενος,
2361 3337 2599 3390 ἔσπευσε
2652 3337 2949 3408 συμμίξαι.
3011 3339 3135 3392 Τῶν
3189 3341 3247 3395 δὲ
3275 3341 3628 3414 στρατιωτῶν

2046 3421 2187 3494 πρὸς
2212 3421 2312 3493 τὴν
2340 3422 2435 3477 τοῦ
2467 3423 2688 3496 Πύρρου
2721 3426 2913 3497 φήμην
2935 3425 3031 3481 καὶ
3053 3427 3141 3482 διὰ
3163 3428 3291 3494 τοὺς
3327 3430 3626 3499 ἐλέφαντας

2046 3513 2544 3587 ἐκπεπληγμένων,
2613 3517 2963 3585 συγκαλέσας
3021 3520 3245 3588 αὐτοὺς,
3280 3522 3454 3576 πολλὰ
3488 3525 3628 3596 πρὸς

2047 3604 2248 3675 θάρσος
2268 3607 2692 3678 παρακαλοῦντα
2720 3610 2814 3679 ὲδη
2824 3611 3129 3682 μηγόρησε,
3153 3614 3250 3667 καὶ
3272 3619 3625 3687 παρεσκευά-

2053 3697 2177 3762 ζετο
2205 3699 2302 3754 καὶ
2328 3701 2518 3756 ἄκοντι
2546 3699 2626 3772 τῷ
2658 3702 2861 3774 Πύρρῳ
2895 3703 3189 3774 συμμίξαι.
3229 3704 3288 3760 '0
3315 3706 3372 3760 δὲ
3398 3706 3629 3780 γνώμην

2052 3790 2152 3861 μὲν
2172 3791 2275 3845 οὐκ
2303 3787 2416 3863 εἶχε
2451 3792 2759 3864 μάχεσθαι·
2788 3794 2939 3858 ὅπως
2971 3795 3027 3848 δὲ
3062 3797 3139 3869 μὴ
3171 3795 3301 3871 δόξῃ
3328 3800 3457 3864 τοὺς
3488 3800 3628 3855 Ῥω-

2054 3881 2249 3951 μαίους
2271 3884 2577 3952 φοϐεῖσθαι,
2604 3886 2698 3939 καὶ
2727 3885 2890 3948 αὐτὸς
2911 3889 3024 3950 τοῖς
3050 3888 3274 3954 οίκείοις
3299 3891 3625 3963 διαλεχθεὶς,

2049 3975 2332 4046 ἐπώρυνεν
2365 3978 2446 4041 είς
2472 3979 2564 4031 τὸν
2595 3979 2852 4050 πόλεμον.
2886 3980 3174 4045 Λαουΐνιος
3218 3982 3296 4045 δὲ,
3342 3985 3434 4038 τὸν
3465 4002 3631 4039 ποτα-

2053 4069 2153 4137 μὸν
2188 4069 2531 4141 πειρώμενος
2560 4071 2702 4125 κατὰ
2720 4073 2778 4124 τὸ
2796 4074 3156 4143 στρατόπεδον
3190 4073 3465 4148 διαϐῆναι,
3491 4081 3634 4134 ἐκω-

2049 4162 2220 4235 λύθηο
2259 4164 2628 4234 ἐπαναγαγὼν
2660 4160 2756 4221 οὖν
2780 4166 2943 4230 αὐτὸς
2979 4167 3078 4238 μὲν
3105 4169 3249 4223 κατά
3280 4170 3464 4243 χώραν
3491 4173 3634 4243 μετὰ

2049 4255 2145 4311 τοῦ
2181 4255 2347 4321 πεζοῦ
2378 4256 2585 4327 ἔμεινε,
2620 4259 2748 4321 τοὺς
2780 4257 2828 4312 δ’
2865 4260 3053 4323 ἱππεῖς
3083 4260 3161 4324 ὡς
3191 4262 3286 4315 ἐπὶ
3316 4262 3470 4318 λείαν
3489 4265 3632 4335 τάχα

2050 4349 2177 4404 τινὰ
2196 4348 2467 4419 ἔπεμψεν,
2513 4349 2917 4419 ἐντειλάμενος,
2950 4352 3144 4424 πόῤῥω
3182 4369 3277 4408 ποι
3305 4354 3633 4425 βαδίσαντας

2052 4442 2449 4513 περαιωθῆναι.
2482 4443 2591 4498 Καὶ
2619 4441 2796 4506 οὕτως
2827 4444 3029 4498 ἐκεῖνοί
3051 4462 3108 4498 τε
3133 4448 3272 4500 κατὰ
3308 4449 3480 4502 νώτου
3519 4453 3635 4514 τοῖς

376 4555 491 4600 toto
519 4547 788 4612 exercitu,
820 4547 1134 4618 elephantis
1161 4550 1427 4619 exceptis,
1466 4550 1521 4605 in
1561 4547 1840 4604 Romanos
1868 4548 1943 4603 in-

2055 4533 2339 4605 πολεμίοις
2366 4533 2713 4605 προσέπεσον
2742 4534 3169 4607 ἀπροσδόκητοι.
3221 4538 3331 4590 Kal
3377 4542 3406 4593 ὁ
3435 4541 3638 4595 Λαουϊ-

374 4638 617 4704 vehitur,
648 4647 704 4693 et
727 4638 931 4709 ubique
976 4639 1359 4696 laborantibus
1407 4656 1760 4705 succurrens,
1819 4655 1951 4697 suos

376 4732 609 4787 multum
637 4733 809 4802 juvat.
839 4732 1025 4803 Pugna
1048 4733 1216 4804 igitur
1244 4733 1405 4788 initio
1436 4749 1629 4806 magna
1655 4734 1765 4790 diei
1796 4742 1951 4804 parte

377 4838 579 4894 anceps
608 4823 731 4889 fuit,
774 4823 952 4880 donec
980 4825 1203 4895 quidam
1228 4825 1468 4897 Megacle
1496 4828 1700 4894 occiso,
1732 4842 1792 4883 se
1820 4828 1954 4900 Pyr-

376 4916 539 4970 rhum
566 4913 836 4973 occidisse
856 4924 1031 4983 ratus,
1076 4917 1263 4973 eﬂ‘ecit
1291 4927 1353 4973 ut
1378 4919 1564 4976 hostes
1592 4920 1734 4976 idem
1760 4920 1955 4977 crede-

378 5018 521 5064 rent.
555 5009 697 5064 Tum
730 5023 862 5064 vero
891 5017 949 5065 et
988 5009 1252 5065 Romanis
1302 5010 1448 5067 aucti
1498 5019 1630 5067 sunt
1669 5011 1861 5079 animi,
1899 5019 1956 5067 ct

378 5103 567 5157 hostes
626 5108 932 5157 cesserunt.
987 5102 1242 5174 Pyrrhus,
1288 5110 1495 5170 autem,
1525 5103 1737 5174 alvjecto
1785 5104 1953 5175 pileo,

377 5192 530 5250 nudo
555 5194 734 5264 capite
767 5193 1120 5260 circumiens,
1154 5208 1353 5264 pugnae
1378 5194 1654 5249 fortunam
1701 5193 1955 5249 mutavit.

378 5289 450 5344 Et
477 5303 603 5344 cum
634 5288 876 5343 Levinus
899 5288 1137 5358 equites,
1175 5303 1314 5360 quos
1340 5297 1494 5343 extra
1520 5287 1693 5343 aciem
1731 5287 1786 5342 in
1808 5285 1961 5356 [insi-

383 5381 491 5437 diis
509 5381 767 5447 habebat,
793 5397 822 5436 a
848 5390 1000 5453 tergo
1027 5380 1081 5436 in
1129 5381 1316 5437 hostes
1371 5381 1656 5436 incurrere
1681 5379 1958 5451 jussisset,

385 5475 601 5545 signum
671 5475 979 5546 elephantis
1034 5474 1276 5530 sustulit.
1316 5473 1398 5529 Ibi
1440 5490 1508 5529 ex
1541 5473 1806 5529 inusitato
1845 5473 1962 5528 bel-

385 5563 603 5618 luarum
636 5573 957 5634 conspectu,
984 5570 1042 5620 et
1078 5563 1359 5619 horrendo
1388 5563 1623 5629 barritu,
1654 5576 1965 5618 armorum-

388 5668 496 5722 que
518 5654 722 5719 sonitu,
759 5669 922 5723 quem
952 5654 1047 5723 qui
1081 5654 1136 5708 in
1170 5653 1418 5708 turribus
1461 5650 1799 5718 ferebantur,
1830 5650 1965 5706 ede-

388 5743 564 5796 bant:
600 5752 713 5798 tum
753 5744 855 5814 ipsi
882 5746 1115 5800 Romani
1154 5744 1432 5813 perterriti
1472 5753 1623 5807 sunt,
1673 5749 1785 5797 tum
1836 5743 1964 5812 equi

392 5829 723 5899 perturbati,
758 5846 1000 5887 SCSSOI‘t'S
1029 5832 1223 5901 partim
1251 5832 1615 5897 cxcutientes,
1645 5831 1844 5902 partim
1871 5847 1968 5887 ve-

2051 4642 2170 4689 νιος
2206 4625 2599 4697 ταραχθέντων
2624 4625 2807 4681 αὐτῶν
2835 4627 2928 4681 τόν
2958 4644 3019 4681 τε
3050 4630 3296 4699 ποταμὸν
3337 4631 3513 4704 διέϐη,
3543 4636 3634 4689 καὶ

2051 4720 2150 4791 τῆς
2174 4720 2357 4790 μάχης
2378 4719 2800 4774 συνεπελάϐετο.
2823 4719 3126 4789 Φεύγουσιν
3155 4718 3249 4776 οὖν
3275 4725 3389 4787 τοῖς
3414 4725 3634 4793 ἐαυτοῦ,

2052 4817 2081 4870 ὁ
2110 4814 2325 4888 Πύρρος
2343 4815 2746 4886 ἐπικουρήσας,
2764 4814 3047 4885 τρωθέντα
3069 4815 3161 4869 τὸν
3181 4816 3350 4870 ἵππον
3371 4818 3636 4883 ἀπέϐαλε,

2054 4909 2150 4963 καὶ
2179 4907 2357 4975 ἔδοξεν
2376 4907 2560 4970 αὐτοῖς
2588 4906 2934 4977 τεθνηκέναι.
2984 4909 3111 4963 Κὰκ
3150 4907 3344 4962 τούτου
3397 4910 3509 4964 τῶν
3539 4910 3639 4979 μὲν

2056 5000 2484 5072 άθυμησάντων,
2520 4999 2630 5053 τῶν
2673 4999 2729 5054 δὲ
2774 5000 3335 5072 καταφρονησάντων,
3391 5000 3455 5054 τὸ
3479 5001 3641 5073 ἔργον

2055 5090 2341 5165 ἠλλοίωτο.
2382 5091 2569 5154 Συνεὶς
2600 5090 2656 5144 δὲ
2680 5090 2840 5144 τοῦτο
2865 5091 2965 5163 τὴν
3020 5092 3119 5160 μὲν
3144 5092 3337 5163 στολὴν
3365 5093 3640 5163 ἐκπρεπε-

2061 5186 2150 5239 στέ
2162 5202 2260 5255 ραν
2287 5185 2398 5237 τῶν
2421 5182 2596 5238 ἄλλων
2622 5179 2791 5237 οὖσαν
2825 5182 2995 5236 ἔδωκε
3024 5183 3332 5251 Μεγακλεῖ,
3374 5182 3642 5246 κελεύσας

2060 5280 2273 5334 ἐνδῦναι
2317 5277 2510 5349 αὐτὴν,
2546 5276 2640 5331 καὶ
2671 5275 2979 5346 πανταχόσε
3025 5275 3430 5347 περιελαύνειν,
3466 5276 3641 5341 ὅπως,

2064 5372 2333 5437 σώζεσθαι
2383 5370 2549 5425 αὐτὸν
2593 5372 2941 5438 νομίσαντες,
3000 5367 3051 5421 οἱ
3107 5368 3207 5438 μὲν
3243 5367 3477 5421 ἐναντίοι
3504 5369 3642 5439 πρὶς

2061 5466 2200 5528 δέος,
2230 5465 2279 5518 οἱ
2301 5463 2345 5516 δ’
2371 5463 2562 5516 οἰκεῖοι
2593 5461 2728 5530 πρὸς
2756 5460 2961 5531 θάρσος
2995 5458 3300 5528 ἀφίκωνται
3320 5475 3335 5490 ο
3369 5460 3541 5523 αὐτὸς·
3562 5459 3642 5524 δὲ,

2065 5556 2420 5626 στειλάμενος
2450 5552 2766 5615 ἰδιωτικῶς,
2799 5551 3094 5623 συνέμιξεν
3120 5551 3304 5615 αὐτοῖς
3354 5552 3522 5605 παντὶ
3565 5549 3644 5621 τῷ

2067 5647 2304 5718 στρατῷ,
2343 5644 2483 5716 πλὴν
2510 5643 2848 5713 ἐλεφάντων,
2883 5648 2980 5718 καὶ
3012 5644 3124 5706 τοῖς
3152 5643 3239 5696 ἀεὶ
3282 5642 3646 5713 πονουμένοις

2065 5736 2392 5808 ἀπαμύνων,
2445 5736 2698 5791 πλεῖστον
2747 5736 2872 5798 τοὺς
2907 5713 3208 5806 σῖρετέρους
3253 5734 3525 5803 ὠφέλησε.
3561 5728 3647 5785 Τὰ

2072 5832 2169 5901 μὲν
2193 5829 2286 5884 οῦν
2310 5828 2502 5900 πρῶτα
2519 5828 2606 5883 ἐπὶ
2641 5826 2773 5883 πολὺ
2804 5827 2903 5897 τῆς
2925 5826 3140 5899 ἡμέρας
3169 5827 3474 5897 ἰσορρόπως
3497 5827 3636 5896 ἐμάν
