4060 6414
455 387 555 452 641

1708 389 2114 452 ANNALIUM
2155 389 2307 453 LIB.
2347 390 2515 452 VIII.

3607 395 3712 458 642

455 522 639 578 χοντο·
674 507 750 567 ὡς
797 505 854 557 δὲ
892 505 978 558 τὸν
1009 505 1308 572 Μεγακλέα
1357 520 1441 567 τις
1479 504 1830 568 ἀποκτείνας,
1870 503 2027 574 ᾠήθη

2141 500 2327 556 hentes
2361 499 2639 571 fugerunt.
2686 501 2872 570 Itaque
2915 501 3142 571 abiectis
3188 505 3387 560 animis
3427 505 3482 560 in
3525 505 3710 575 fugam

455 604 546 654 τὸν
598 599 812 670 Πύρρον
860 597 1244 662 ἀπεκτονέναι,
1294 596 1528 659 καὶτοῖς
1585 595 1767 657 ἄλλοις
1809 596 2033 666 δόκησιν

455 693 647 748 τούτου
681 691 980 762 παρέσχεν,
1004 692 1134 745 οἵτε
1171 693 1439 760 Ῥωμαῖοι
1465 688 1919 761 ἐπερρώσθησαν,
1938 690 2034 744 καὶ

456 783 505 836 οἱ
531 783 764 834 ἐναντίοι
797 781 1069 833 ἐνέδοσαν.
1098 781 1265 844 Γνοὺς
1296 782 1353 834 δὲ
1387 781 1414 833 ὁ
1470 780 1687 852 Πύρρος
1725 780 1784 833 τὸ
1807 780 2030 852 γινόμε-

458 890 568 933 νον,
599 873 689 925 τὸν
723 873 878 926 πῖλον
901 873 1200 944 ἀπέρριψε,
1244 873 1338 926 καὶ
1364 875 1544 943 γυμνῇ
1575 876 1640 944 τῇ
1679 873 1890 943 κεφαλῇ
1939 889 2035 926 πε·-

460 967 621 1038 ριῄει,
651 967 744 1018 καὶ
772 966 852 1028 είς
885 966 1200 1020 τούναντίον
1234 967 1497 1037 περιέστη
1529 967 1562 1036 ἡ
1604 967 1774 1036 μάχη.
1811 965 1956 1019 Ἰδὼν
1977 967 2034 1019 δὲ

454 1059 613 1112 106:0
638 1061 665 1110 ὁ
689 1059 996 1124 Λαουΐνιος,
1019 1057 1114 1110 καὶ¹
1141 1059 1342 1120 ἱππέας
1360 1058 1498 1128 ἔχων
1529 1057 1907 1128 ἐνεδρεύοντάς
1929 1074 2032 1110 που

457 1152 558 1221 τῆς
590 1139 770 1222 μάχης
820 1151 1000 1214 ἐκτὸς,
1055 1151 1199 1203 κατὰ
1255 1148 1429 1203 νώτου
1466 1152 1805 1221 προσπεσεῖν
1836 1151 2033 1213 αὐτοὺς

455 1245 568 1305 τοῖς
593 1242 876 1312 πολεμίοις
905 1241 1186 1296 ἐκέλευσε.
1217 1241 1359 1311 Πρὸς
1416 1243 1577 1295 10610
1613 1243 1670 1294 δὲ
1706 1243 2031 1312 ἀντιστρατυ

455 1331 608 1404 ηγῶν
636 1337 662 1385 ό
690 1333 932 1404 Πύρρος,
964 1333 1024 1386 τὸ
1051 1335 1277 1403 σημεῖον
1305 1335 1418 1394 τοῖς
1449 1334 1702 1401 ἐλέφασιν
1723 1329 1876 1405 ἦρεν,
1903 1333 2032 1387 ἔνθα

457 1425 522 1476 ἐκ
548 1441 605 1475 τε
630 1423 732 1493 τῆς
761 1425 867 1477 τών
889 1423 1096 1494 Θηρίων
1127 1423 1258 1485 θέας
1291 1424 1583 1476 ἀλλοκότου
1609 1421 1796 1492 οὔσης,
1823 1423 2033 1494 καὶτῆς

458 1515 589 1588 βοῆς
618 1515 946 1587 φρικώδους,
978 1517 1073 1568 καὶ
1104 1517 1166 1568 ἐκ
1192 1514 1286 1568 τοῦ
1311 1516 1420 1567 τῶν
1448 1515 1631 1568 ὃπλων
1678 1515 1947 1584 πατάγου,
1973 1515 2031 1568 ὃν

457 1609 506 1660 οἱ
535 1607 933 1678 ἐπιϐεϐηκότες
959 1608 1184 1660 ἐποίουν
1211 1610 1268 1660 ἐν
1304 1608 1418 1668 τοῖς
1449 1607 1684 1675 πύργοις
1716 1608 2028 1678 φερόμενοι,

457 1701 614 1756 αὐτοί
660 1718 717 1753 τε
778 1701 827 1753 οί
903 1701 1165 1770 Ῥωμαῖοι
1225 1700 1626 1771 ἐξεπλάγησαν,
1675 1701 1768 1753 καὶ
1797 1701 1844 1753 οί
1881 1700 2030 1764 σφῶν

458 1791 616 1845 ἵπποι
649 1791 1085 1862 ἐκταραχθέντες
1119 1793 1169 1846 οἱ
1197 1793 1298 1862 μὲν
1325 1793 1710 1862 ἁποσειόμενοι
1743 1793 1878 1855 τοὺς.
1897 1793 2030 1846 ἀνα-

459 1884 654 1948 ϐάτοις,
685 1886 734 1936 οἱ
762 1885 817 1936 δὲ
849 1885 944 1937 καὶ
980 1884 1242 1955 φέροντες
1271 1884 1524 1954 ἔφευγον.
1577 1885 1893 1955 Ἀθυμῆσαν
1939 1881 2032 1938 οὗν

459 1979 523 2030 ἐκ
553 1977 758 2030 τούτων
783 1978 843 2030 τὸ
887 1979 1198 2048 Ῥωμαϊκὸν
1231 1981 1501 2049 ἐτράπετο
1555 1979 1892 2048 στράτευμα,
1939 1981 2034 2034 καὶ

458 2069 752 2136 φεύγοντες
785 2069 1088 2140 ἀνῃροῦντο
1110 2070 1161 2122 οί
1192 2069 1292 2140 μέν
1344 2069 1499 2138 παρὰ
1522 2070 1632 2123 τῶν
1659 2071 1717 2122 ἐν
1746 2073 1858 2132 τοῖς
1892 2070 2033 2140 πύρ-

458 2175 576 2228 γοις
598 2159 807 2224 ἀνδρῶν
833 2165 946 2224 τοῖς
968 2163 1063 2215 ἐπὶ
1091 2160 1200 2214 τῶν
1252 2161 1583 2229 ἐλεφάντων,
1627 2163 1676 2213 οἱ
1703 2160 1762 2214 δέ
1784 2162 1880 2214 καὶ
1901 2162 2032 2230 παρ’

2137 592 2304 659 versi,
2334 594 2533 663 partim
2555 609 2586 648 a
2617 594 2748 649 viris
2786 596 2879 665 qui
2913 595 2966 650 in
2998 597 3416 666 elephantorum
3469 602 3717 657 turribus

2138 693 2316 750 erant,
2371 686 2812 742 occidebantur:
2847 690 3052 757 partim
3111 690 3180 743 ab
3238 690 3373 759 ipsis
3406 692 3719 749 belluarum

2135 778 2392 833 manibus
2419 787 2475 832 et
2508 779 2768 834 dentibus
2819 782 2976 835 multi
3027 783 3484 853 conficiebantur,
3538 801 3722 856 neque

2134 870 2425 938 pauciores
2487 871 2718 940 pedibus
2773 873 2990 927 illarum
3018 875 3460 942 proterebantur.
3520 877 3720 934 Multos

2135 963 2302 1017 etiam
2334 964 2552 1033 equites
2611 965 2847 1021 insecuti
2905 967 3252 1021 sustulerunt
3290 984 3305 1020 :
3339 984 3519 1038 neque
3579 971 3722 1027 ullus

2133 1055 2417 1122 evasisset,
2443 1056 2548 1111 nisi
2572 1057 2902 1126 enophantus
2928 1059 3245 1114 vulneratus
3271 1063 3682 1117 retrocessisset
3706 1103 3722 1130 ,

2133 1155 2190 1202 et
2219 1147 2432 1202 barritu
2461 1164 2564 1204 suo
2597 1159 2828 1206 caeteros
2883 1151 3178 1206 turbasset.
3227 1153 3365 1208 Nam
3399 1170 3522 1209 cum
3553 1172 3618 1212 ea
3653 1157 3722 1212 de

2135 1253 2302 1293 causa
2329 1240 2578 1310 Pyrrhus
2613 1257 2643 1296 a
2687 1243 3072 1312 persequendo
3124 1243 3453 1312 destitisset,
3490 1248 3725 1303 Romani

2133 1328 2359 1386 ﬂumine
2388 1342 2647 1402 superato
2687 1333 2745 1388 in
2775 1335 2969 1389 urbem
3003 1337 3298 1405 quamdam
3345 1340 3554 1409 Apulia:
3593 1357 3725 1411 per-

2131 1433 2425 1482 venerunt.
2455 1426 2610 1480 Multi
2644 1428 2808 1481 etiam
2847 1441 2915 1481 ex
2951 1429 3145 1498 Pyrrhi
3191 1431 3464 1486 militibus
3515 1443 3571 1487 et
3616 1434 3724 1489 du-

2130 1517 2291 1572 cibus
2311 1519 2657 1574 ceciderunt.
2692 1519 2877 1585 Quare
2910 1537 3035 1575 cum
3067 1521 3116 1577 ei
3159 1523 3386 1593 quidam
3434 1524 3723 1582 victoriam

2132 1612 2542 1678 gratularentur
2573 1627 2588 1664 :
2638 1609 2696 1664 Si
2735 1612 2926 1674 denuo,
2981 1612 3182 1682 inquit,
3202 1615 3280 1667 ita
3306 1615 3601 1681 vicerimus,
3629 1633 3726 1671 ac-

2133 1710 2244 1754 tum
2267 1702 2330 1754 de
2360 1703 2502 1757 nobis
2525 1705 2642 1756 erit.
2667 1703 2735 1756 Et
2765 1703 3041 1759 Romanos
3077 1705 3330 1774 quamvis
3353 1706 3529 1762 victos
3557 1708 3728 1763 admi-

2139 1805 2322 1850 ratus:
2351 1793 2410 1849 Si
2437 1794 2712 1860 Romanis,
2731 1796 2826 1858 ait,
2849 1796 3188 1864 imperarem,
3210 1797 3508 1852 uniuersum
3548 1801 3725 1858 orbem-

2138 1887 2501 1956 subjugarem.
2525 1885 2602 1939 Ex
2624 1901 2689 1941 ea
2720 1885 2954 1941 victoI-ia
2982 1903 3239 1957 magnum
3268 1902 3470 1944 nomen
3492 1890 3727 1961 adeptus

2138 1987 2243 2042 est,
2272 1994 2336 2034 ac
2357 1979 2515 2034 multi
2548 1993 2606 2033 se
2637 1978 2705 2033 ad
2762 1993 2890 2033 eum
2925 1980 3302 2036 contulerunt.
3357 1982 3554 2048 Sociis,
3597 1999 3724 2039 cum

2139 2070 2447 2133 venissent,
2501 2070 2574 2124 ob
2631 2085 2842 2124 moram
2881 2071 3135 2126 nonnihil
3168 2073 3471 2145 castigatis,
3512 2085 3724 2148 partem

2141 2167 2529 2221 manubiarum
2568 2165 2742 2220 dedit.

457 2255 636 2310 αὐτῶν
664 2257 775 2310 τῶν
807 2256 1013 2328 θηρίων
1043 2259 1164 2318 ταῖς
1196 2256 1523 2328 προϐοσκίσι
1547 2257 1641 2309 καὶ
1697 2260 1814 2317 τοῖς
1883 2257 2110 2326 κέρασιν
2150 2259 2182 2328 ἢ
2220 2259 2404 2313 ὀδοῦσι
2456 2259 2791 2330 φθειρόντων
2840 2257 3070 2320 πολλούς
3092 2272 3104 2287 ·
3144 2259 3375 2320 καὶτοῖς
3400 2261 3527 2314 ποσὶ
3556 2259 3614 2315 δέ
3665 2259 3729 2314 οὗ

461 2351 647 2421 μείους
687 2353 976 2420 κατηλόων
1009 2351 1122 2423 (i3)
1157 2352 1670 2422 συμπατουμένους.
1721 2352 1832 2405 Καὶ
1889 2351 1940 2403 οἱ
2012 2353 2202 2416 ἱππεῖς
2275 2354 2331 2406 δὲ
2395 2355 2724 2422 ἐφεπόμενοι
2773 2352 3006 2415 πολλοὺς
3067 2351 3341 2424 ἔφθειρον,
3394 2354 3507 2407 066'
3540 2350 3731 2418 ἂνὶεἶς

460 2444 788 2517 ὑπελείφθη,
820 2446 870 2497 εί
904 2445 980 2516 μὴ
998 2444 1193 2512 ἐλέφας
1221 2446 1454 2514 τρωθεὶς
1515 2445 1679 2508 αὑτός
1739 2461 1799 2497 τε
1864 2445 2204 2515 ἐσφράὸαζεν
2268 2449 2334 2500 ἐκ
2363 2447 2455 2500 106
2487 2447 2825 2517 τραύματος,
2862 2447 2958 2499 καὶ
2978 2445 3030 2497 οί
3063 2444 3214 2498 ἄλλοι
3235 2446 3371 2516 πρὸς
3391 2447 3489 2509 τὰς
3517 2447 3727 2501 ἐκείνου

459 2531 589 2604 βοὰς
629 2537 1018 2606 ἐταράσσοντο.
1050 2536 1148 2590 Διά
1182 2535 1341 2590 10610
1383 2533 1492 2606 γὰρ
1526 2535 1554 2587 ὁ
1588 2533 1803 2604 Πύρρος
1836 2534 2038 2606 ἐπέσχε
2075 2537 2174 2606 τὴν
2236 2535 2446 2602 δίωξιν,
2490 2535 2586 2589 καὶ
2619 2534 2794 2599 οὕτως
2817 2536 2867 2588 οἱ
2903 2535 3192 2605 Ῥωμαῖοι,
3221 2535 3608 2604 διαϐεϐηκότες
3635 2539 3728 2592 τὶν

457 2624 727 2695 ποταμὸν,
787 2626 868 2690 είς
906 2625 1199 2680 Ἀπουλίδα
1251 2625 1408 2679 πόλιν
1460 2628 1583 2679 τινα
1643 2625 2031 2697 ἀπεσώθησαν.
2075 2627 2269 2680 Πολλοὶ
2331 2628 2388 2680 δέ
2447 2628 2680 2681 καὶτῶν
2711 2626 2808 2680 τοῦ
2852 2626 3078 2698 Πύρρου
3110 2629 3462 2695 στρατιωτῶν
3493 2631 3728 2685 καὶτῶν

461 2719 749 2790 ἡγεμόνων
800 2718 1181 2786 πεπτώκασιν,
1235 2718 1400 2785 ὥστε,
1448 2719 1854 2789 συγχαιρόντων
1921 2721 2070 2791 αὐτῷ
2109 2719 2209 2790 τῆς
2274 2720 2429 2790 νίκης
2479 2719 2643 2773 τινῶν
2667 2737 2679 2750 ·
2708 2723 2775 2774 El
2803 2719 2902 2774 καὶ
2943 2715 3121 2784 αὖθις
3148 2731 3296 2773 ποτε
3323 2722 3558 2790 ὁμοίως,
3595 2725 3725 2798 ἐφη⁹

461 2813 862 2884 κρατήσομεν,
888 2815 1298 2884 ἀπολούμεθα.
1331 2816 1472 2876 Τοὺς
1497 2816 1678 2885 μέντοι
1736 2815 2042 2885 Ῥωμαίους
2083 2815 2176 2866 καὶ
2230 2814 2557 2884 νικηθέντας
2624 2814 2958 2883 ἐθαύμασεν,
2996 2811 3189 2878 εἰπὼν,
3231 2815 3332 2879 ὅτι,
3373 2816 3492 2884 Τὴν
3521 2821 3728 2875 οἰκου-

456 2907 652 2976 μένην
675 2908 753 2963 ἂν
779 2907 990 2963 πᾶσαν
1013 2908 1452 2979 ἐχειρωσάμην,
1493 2911 1543 2962 εὶ
1579 2908 1874 2978 Ῥωμαίων
1935 2907 2318 2962 ἐϐασίλευον.
2389 2907 2448 2960 '0
2509 2907 2608 2976 μὲν
2674 2906 2768 2960 06v
2797 2905 3012 2977 Πύρρος
3039 2905 3133 2959 ἐπὶ
3155 2909 3220 2976 τῇ
3244 2907 3372 2979 νίκῃ
3399 2909 3541 2978 μέγα
3568 2911 3728 2985 ἐσχη.

462 3014 558 3052 κεν
592 2999 785 3071 ὄνομα,
836 3004 930 3055 καὶ
960 3003 1146 3057 πολλοὶ
1197 3004 1347 3075 αὐτῷ
1378 3005 1845 3077 προσεχώρησαν.
1914 3006 1982 3059 Οἵ
2037 3021 2098 3058 τε
2137 3006 2416 3077 σύμμαχοι
2442 3007 2703 3076 ἀφίκοντο
2737 3007 2872 3078 πρὸς
2921 3007 3080 3060 αὐτόν
3105 3021 3120 3036 ο
3155 3001 3258 3074 οἷς,
3290 3006 3729 3080 όλίγαέπιτιμή-

464 3113 564 3159 σας
587 3096 675 3150 διὰ
717 3097 817 3166 τὴν
869 3098 1148 3168 μέλλησιν,
1175 3100 1286 3154 τῶν
1317 3101 1531 3156 σκύλων
1561 3103 1887 3172 μετέδωκεν.

532 3187 605 3243 A'.
638 3189 702 3242 Οί
725 3189 773 3240 δ’
799 3193 857 3242 ἐν
884 3192 950 3260 τῇ
991 3190 1180 3263 Ῥώμῃ
1212 3193 1462 3264 ἤλγησαν
1499 3195 1592 3248 ἐπὶ
1644 3198 1709 3267 τῇ
1734 3195 1896 3268 ἥττῃ,
1952 3191 2037 3265 τῷ.

2204 3187 2296 3244 ιν.
2329 3185 2430 3252 Qui
2466 3187 2651 3240 Romae
2668 3195 2846 3249 erant,
2875 3183 2946 3239 ob
2975 3191 3253 3254 acceptam
3277 3185 3488 3240 cladem
3519 3188 3724 3248 incesti.

463 3281 521 3335 δέ
555 3299 619 3351 γε
649 3281 923 3353 Λαουϊνίῳ
956 3283 1276 3354 στράτευμα
1305 3284 1582 3355 ἔπεμψαν,
1607 3285 1703 3338 καὶ
1740 3286 1831 3338 τὸν
1873 3284 2037 3339 Τιϐέ-

466 3391 583 3446 ριον
617 3376 679 3426 ἐκ
713 3375 821 3427 τῶν
860 3375 1159 3446 Τυρσηνῶν
1207 3377 1648 3447 μετεπέμψαντο,
1679 3380 1772 3432 καὶ
1798 3379 1898 3448 τὴν
1941 3378 2042 3432 πό-

463 3466 546 3519 λιν
575 3466 664 3520 διά
696 3467 944 3535 φυλακῆς
973 3469 1326 3537 ἐποιήσαντο,
1382 3469 1782 3540 πυνθανόμενοι
1817 3469 1904 3524 ἐπ’
1934 3470 2040 3523 αὐ-

464 3560 562 3630 τὴν
577 3560 670 3612 τὸν
696 3559 910 3630 Πύρρον
929 3559 1264 3628 ἐπείγεσθαι.
1293 3559 1352 3614 '0
1375 3563 1555 3630 μέντοι
1585 3563 1892 3624 Λαουΐνιος,
1912 3562 2041 3625 τοὺς

464 3651 700 3713 οἰκείους
753 3667 812 3702 τε
877 3653 1224 3721 τραυματίας
1281 3651 1706 3722 ὲξακεσάμενος,
1761 3654 1856 3706 καὶ
1911 3653 2040 3716 τοὺς

466 3742 864 3805 σκεδασθέντας
910 3741 1259 3810 συναγαγὼν,
1303 3743 1407 3812 ἤδη
1463 3747 1558 3798 καὶ
1583 3743 1692 3797 τῶν
1719 3747 1783 3797 ἐκ
1820 3743 2039 3814 Ῥώμης

465 3835 828 3904 πεμφθέντων
856 3834 1234 3905 ἀφικομένων,
1277 3835 1369 3890 τὸν
1401 3835 1618 3907 Πύρρον
1656 3837 2040 3908 παρεπόμενος

466 3927 694 3980 ἐλύπει·
725 3927 820 3980 καὶ
848 3927 948 3998 τὴν
1001 3927 1238 3997 Καπύην
1277 3927 1466 3998 μαθὼν
1505 3931 1650 3982 ἑλεῖν
1691 3929 2037 3998 γλιχόμενον,

467 4019 866 4088 προκατέλαϐε,
895 4019 1315 4090 καὶγέφύλαξεν.
1357 4018 1650 4090 Ἀμαρτὼν
1683 4019 1728 4072 δ’
1768 4020 1982 4090 ἐκείνης
2013 4021 2042 4070 ὁ

465 4111 706 4181 Πύρρος,
743 4112 834 4162 ἐπὶ
873 4109 970 4180 τὴν
1004 4109 1280 4163 Νεάπολιν
1309 4107 1592 4179 ὥρμησεν.
1633 4107 1720 4171 Ὠς
1747 4109 1897 4160 οὐδὲν
1929 4107 2040 4162 οὐδ’

466 4205 524 4255 ἐν
553 4203 693 4274 αὑτῇ
726 4202 926 4272 δρᾶσαι
949 4203 1160 4272 ῐσχυσε,
1195 4199 1442 4254 σπεύδων
1481 4201 1580 4270 τὴν
1625 4199 1848 4269 Ῥώμην
1872 4215 2042 4252 κατα-

467 4295 673 4360 λαϐεῖν,
707 4299 801 4349 καὶ
822 4295 910 4349 διὰ
939 4295 1038 4364 τῆς
1089 4293 1423 4364 Τυρσηνίδος
1473 4291 1708 4362 παριὼν,
1739 4291 1814 4355 ώς
1846 4291 2040 4343 κάκεί-

472 4407 599 4450 νους
655 4387 976 4458 προσλάϐοι,
1035 4386 1157 4440 ἐπεὶ
1187 4385 1391 4455 ἔμαθεν
1426 4383 1623 4445 αὐτούς
1656 4401 1714 4436 τε
1741 4385 1854 4444 τοῖς
1906 4381 2044 4434 Ῥω-

471 4483 680 4553 μαίοις
711 4480 1004 4550 ὁμολογίας
1059 4477 1492 4548 πεποιημένους,
1539 4477 1634 4530 καὶ
1667 4475 1758 4528 τὸν
1789 4475 2040 4545 Τιϐέριον

2138 3281 2346 3335 Levino
2397 3279 2842 3347 supplementum
2907 3278 3225 3333 miserunt:
3265 3289 3322 3333 et
3381 3278 3608 3335 Tiberio
3660 3296 3730 3337 ex

2138 3372 2358 3425 Etruria
2396 3378 2674 3435 revocato,
2716 3369 2906 3423 urbem
2940 3369 3213 3439 praesidiis
3244 3370 3567 3440 ﬁrmarunt;
3601 3389 3729 3428 nam

2141 3463 2409 3533 Pyrrhum
2451 3464 2514 3516 ad
2557 3478 2679 3516 eam
2712 3462 2937 3517 tendere
2962 3463 3273 3516 audierant.
3303 3462 3546 3518 Levinus
3565 3479 3731 3536 vero,

2137 3555 2336 3609 sauciis
2357 3555 2584 3615 curatis.
2619 3564 2676 3608 et
2709 3553 2976 3623 dispersis
3008 3553 3339 3614 recollectis,
3371 3555 3724 3625 acceptisque

2139 3647 2320 3700 missis
2347 3661 2412 3699 ex
2442 3646 2602 3716 373
2633 3646 2767 3700 urbe
2801 3647 3089 3710 militibus,
3117 3645 3727 3716 Pyrrhmuassectando

2138 3738 2387 3803 vexavit;
2419 3748 2474 3790 et
2495 3739 2758 3806 Capuam,
2793 3739 2951 3807 cujus
2975 3738 3125 3792 illum
3159 3739 3442 3806 capienda:
3471 3753 3593 3794 esse
3626 3755 3726 3794 cu-

2140 3829 2327 3898 pidum
2360 3828 2630 3888 audierat.
2691 3840 3012 3898 occupatam
3057 3830 3322 3883 defendit.
3365 3830 3446 3884 Eo
3492 3830 3727 3885 consilio

2141 3922 2434 3976 frustratus
2458 3922 2722 3991 Pyrrhus,
2751 3921 3034 3990 Neapolim
3073 3921 3381 3986 contendit,
3442 3937 3550 3990 qua
3599 3937 3725 3976 cum

2143 4014 2307 4084 potiri
2329 4031 2437 4068 non
2466 4023 2668 4082 possm,
2704 4013 2771 4066 ad
2809 4011 3035 4066 Romam
3079 4014 3460 4082 occupandam
3529 4027 3730 4083 prope.

2143 4121 2294 4170 rans,
2334 4113 2390 4160 et
2411 4121 2509 4174 per
2550 4105 2823 4158 Etruriam
2883 4105 3176 4169 transiens,
3228 4113 3288 4158 ut
3337 4119 3457 4158 eam
3505 4120 3729 4173 quoque

2143 4204 2362 4266 gentem
2393 4195 2497 4248 sibi
2530 4194 2877 4263 adjungeret,
2919 4193 3011 4246 ubi
3051 4210 3146 4248 eos
3177 4209 3303 4247 cum
3329 4194 3596 4248 Romanis
3625 4193 3730 4249 fm-

2142 4287 2247 4340 dus
2315 4284 2654 4354 percussisse
2705 4283 2920 4346 didicit,
2955 4292 3010 4337 et
3043 4284 3329 4339 Tiberium
3370 4283 3476 4338 sibi
3505 4283 3726 4339 obviam

2144 4378 2244 4439 ire,
2269 4375 2534 4429 Leviuum
2561 4393 2590 4429 a
2624 4383 2778 4444 tergo
2812 4376 2989 4444 sequi,
3038 4391 3109 4430 ne
3153 4375 3220 4428 ab
3267 4375 3350 4429 eis
3399 4373 3453 4428 in
3497 4376 3725 4445 regione

2145 4472 2330 4540 ignota
2362 4470 2861 4523 circumveniretur
2901 4470 3121 4532 timens,
3187 4469 3422 4523 ulterius
3465 4485 3578 4525 non
3641 4479 3728 4526 est

468 4572 617 4643 αὐτῷ
664 4571 1106 4639 ἀντιπροσιόντα,
1149 4570 1241 4623 τόν
1269 4586 1327 4621 τε
1353 4570 1642 4623 Λαουΐνιον
1675 4567 2033 4636 ἐφεπόμενον,

2145 4576 2486 4631 progressus.
2526 4561 2596 4616 Ut
2619 4576 2748 4614 vero
2779 4560 3063 4615 recedenti
3125 4566 3181 4612 et
3225 4559 3537 4629 Campaniae
3591 4559 3729 4616 ﬁnes

467 4663 714 4734 ἐφοϐήθη
735 4662 920 4732 μὴύπ’
951 4661 1132 4714 αὐτῶν
1161 4660 1504 4729 πανταχόθεν
1533 4661 1590 4711 ἐν
1623 4658 1840 4729 χωρίοις
1865 4659 2040 4726 ἀγνώδ

471 4773 618 4817 στοις
667 4753 979 4824 ἀποληφθῇ,
1019 4753 1115 4806 καὶ
1145 4754 1459 4823 περαιτέρω
1511 4751 1572 4802 ού
1624 4749 2037 4818 προεχώρησεν.

482 4848 569 4910 Ὠς
599 4847 656 4900 δὲ
680 4845 1056 4916 ἀναχωροῦντι
1119 4846 1216 4898 καὶ
1245 4843 1524 4912 γενομένῳ
1550 4842 1678 4910 περὶ
1709 4842 2042 4908 Καμπανίαν

467 4943 495 4995 ὁ
523 4941 807 5002 Λαουϊνιος
835 4939 1105 5008 ἐπεφάνη,
1123 4937 1219 4990 καὶ
1245 4937 1306 4990 τὸ
1338 4937 1654 5005 στράτευμα
1679 4934 1842 4986 αὑτοῦ
1864 4932 2044 5002 πολλῷ

471 5033 657 5086 πλεῖον
710 5032 806 5085 106
863 5029 1099 5103 πρόσθεν
1164 5025 1276 5100 ἦν,
1330 5027 1548 5097 ’Υδμας
1598 5026 1702 5094 ἔφη
1751 5025 1908 5094 δίκην
1978 5025 2044 5074 τά

474 5126 818 5197 στρατόπεδα
867 5127 977 5176 τῶν
1058 5121 1348 5193 Ῥωμαίων
1425 5120 1743 5188 κοπτόμενα
1807 5115 2046 5184 ἀναφύε-

473 5221 624 5274 σθαι.
657 5220 766 5271 Καὶ
803 5217 1270 5288 ἀντιπαρετάξατο
1323 5215 1444 5284 μὲν,
1475 5213 1574 5265 οὐκ
1625 5211 1937 5281 ἐμαχέσατο
1963 5207 2041 5272 δέ,

471 5315 556 5367 ὅτι
591 5312 898 5376 ἐκέλευσεν,
927 5311 1002 5372 ὡς
1037 5307 1401 5377 καταπλήξων
1442 5304 1549 5374 πρὸ
1589 5303 1690 5372 τῆς
1722 5297 2045 5370 συμπλοκῆς

472 5408 600 5468 τοὺς
651 5404 980 5473 Ῥωμαίους,
1011 5403 1136 5463 τοὺς
1167 5399 1362 5454 ἐαυτοῦ
1389 5395 1727 5468 στρατιώτας
1761 5396 1862 5455 τὰς
1885 5391 2051 5446 ἀσπί-

475 5497 570 5560 δας
601 5499 714 5559 τοῖς
739 5496 930 5566 δόρασι
965 5494 1277 5564 πλήξαντας
1324 5491 1609 5559 ἐκϐοῆσαι,
1642 5487 1883 5546 καὶτοὺς
1923 5482 2051 5536 σαλ-

2147 4653 2412 4720 ingresso.
2445 4649 2688 4704 Levinus
2711 4665 2834 4703 cum
2857 4649 3098 4703 exercitu
3126 4649 3287 4718 longe
3321 4649 3528 4718 majore
3557 4663 3723 4718 quam

2148 4745 2307 4811 prius
2341 4743 2630 4806 habuerat,
2657 4757 2717 4797 se
2748 4742 3029 4796 ostendit:
3064 4741 3260 4812 Hydra?
3287 4742 3478 4802 instar,
3528 4739 3730 4810 inquit,

2150 4837 2512 4890 Romanorum
2531 4838 2759 4906 legiones
2782 4835 3025 4888 credendo
3055 4844 3429 4888 renascuntur.
3459 4833 3526 4886 Et
3555 4832 3730 4888 aciem

2154 4930 2415 4985 instruxit
2457 4931 2546 4983 ille
2575 4929 2822 4998 quidem,
2857 4928 2953 4983 sed
2993 4943 3104 4980 non
3154 4925 3430 4982 commisit
3458 4925 3731 4994 praelium.

2153 5023 2290 5077 Nam
2328 5037 2453 5076 cum
2488 5037 2617 5076 suos
2671 5021 2874 5075 milites
2932 5022 3154 5089 clypeos
3193 5018 3369 5072 hastis
3429 5017 3730 5085 pulsantes,

2153 5115 2452 5169 clamorem
2477 5114 2692 5178 tollere,
2725 5123 2783 5166 et
2812 5113 3037 5166 classica
3073 5125 3296 5171 canere,
3322 5116 3380 5162 et
3407 5106 3734 5176 elephantos

2157 5209 2367 5262 barrire
2414 5208 2685 5277 jussisscl,
2740 5217 2800 5258 ut
2853 5205 3131 5258 Romanos
3187 5211 3314 5256 ante
3373 5212 3734 5268 congressum

2156 5300 2632 5370 perterrefacerct,
2685 5297 2764 5350 illi
2809 5307 2993 5351 autem
3051 5295 3212 5362 longe
3265 5289 3506 5345 ferocius
3561 5289 3736 5344 recla-

2158 5400 2435 5455 masscnt,
2471 5399 2530 5443 ut
2567 5388 2739 5457 ipsius
2788 5387 2995 5440 milites
3053 5385 3579 5441 consternarentur;
3630 5392 3735 5448 pu-

2158 5499 2317 5552 gnam
2345 5482 2504 5542 inire,
2541 5496 2694 5535 sacra
2727 5479 3066 5547 inauspicata
3098 5483 3374 5540 causatus,
3404 5470 3604 5541 noluit,
3631 5467 3730 5528 sed

1675 5606 1878 5667 Variae
1921 5605 2227 5664 lectiones
2273 5608 2335 5662 et
2371 5610 2560 5663 noue.

549 5744 664 5824 (ιδ)
698 5745 1042 5824 Καῖηέίῖαὲν·
1107 5741 1185 5796 ιια
1221 5739 1374 5824 “sei
1415 5747 1664 5824 quatas:
1698 5743 1765 5824 £5
1799 5733 2046 5824 ‘ES’Jb‘Erf-

479 5803 804 5885 Mius'apud
825 5803 1081 5868 Wolﬁum
1123 5803 1502 5882 κατηλῶφούν.
1540 5808 1670 5862 Vide
1697 5806 1913 5859 Ilcnric.
1951 5803 2051 5859 Va-

2155 5731 2352 5786 lesium
2385 5732 2450 5788 ad
2500 5726 3018 5800 Harpocrationem,
3048 5740 3174 5797 pag.
3209 5719 3338 5789 232,
3397 5718 3492 5777 ubi
3523 5718 3593 5776 de
3624 5717 3730 5777 hac

2158 5817 2312 5858 ιύςο.
