4060 6396
383 375 501 438 643

1653 383 1974 446 JOANNIS
2009 383 2331 446 ZONARAZ

3519 392 3630 454 ειι

376 474 625 560 captivos
670 492 971 548 Tarentum
1031 495 1270 560 reduxit,
1333 496 1520 565 ibique
1572 498 1936 553 Romanorum

2053 497 2297 565 πιγκτὲις
2350 497 2446 552 καὶ
2491 500 2618 563 τοῦς
2672 499 2974 570 ἐλέφαντας
3017 501 3345 574 συνηχῆσαι.
3385 501 3543 557 Ἐπεὶ
3575 505 3634 557 δὲ

373 581 582 652 legatos
611 598 712 652 pro
744 583 980 652 captivis
1013 584 1353 640 redimendis
1383 588 1602 652 missos,
1633 587 1946 644 Fabricium

372 681 432 726 et
463 683 712 738 cieteros,
745 673 1052 729 honoriﬁce
1067 675 1417 748 benigneque
1448 677 1687 748 excepit,
1720 692 1950 748 sperans

372 777 470 814 eos
499 777 689 831 pacem
721 764 1011 832 petituros,
1040 775 1179 820 etut
1209 767 1386 823 victos
1405 769 1554 838 leges
1601 779 1948 838 accepturos.

373 853 645 909 Οιειετιιηι
690 854 942 911 Fabricio
983 873 1080 927 pro
1111 861 1289 928 captis
1314 860 1370 913 iu
1395 861 1544 914 bello
1600 861 1656 916 id
1711 862 1952 932 pretium

374 944 663 1009 uili-rente,
705 946 852 1015 quod
888 949 1149 1018 utrinque
1185 953 1536 1008 convenisset
1571 971 1583 1006 :
1617 959 1744 1025 quia
1801 957 1952 1025 pacis

373 1037 580 1090 nullam
617 1039 956 1095 mentionem
996 1041 1223 1109 fecerat,
1255 1046 1426 1099 animi
1459 1045 1664 1102 dubius
1691 1049 1946 1116 seorsim,

375 1138 433 1182 ut
464 1129 696 1192 solebat,
725 1146 850 1188 cum
875 1134 1087 1199 amicis,
1123 1134 1190 1190 de
1215 1137 1510 1194 reddendis
1567 1140 1798 1210 captivis
1848 1141 1950 1196 de-

371 1235 478 1288 que
503 1220 647 1274 bello
673 1223 1116 1281 administrando
1149 1229 1500 1286 deliberavit.
1537 1230 1738 1288 Milone
1765 1244 1949 1288 autem

372 1311 659 1379 suadente,
689 1325 748 1370 ut
797 1333 978 1387 neque
1017 1320 1267 1390 captivos
1313 1325 1590 1390 redderet,
1623 1340 1804 1395 neque
1856 1342 1951 1396 pa-

323 1411 331 1419 '
372 1419 490 1458 cem
523 1405 747 1475 faceret,
773 1409 867 1465 sed
908 1411 1170 1467 Romanis
1216 1415 1322 1485 iam
1369 1417 1550 1483 victis,
1604 1419 1769 1472 etiam
1823 1421 1954 1474 reli-

370 1495 530 1563 quias
554 1497 684 1552 belli
708 1515 1154 1572 persequeretur,
1185 1503 1396 1576 Cyneas
1427 1499 1585 1577 plane
1609 1511 1946 1564 contrarium

369 1590 604 1644 censuit.
633 1591 768 1646 Nam
798 1602 855 1648 et
883 1596 1132 1665 captivos
1167 1598 1336 1666 gratis
1361 1613 1483 1652 esse
1512 1601 1846 1664 reddendos,
1887 1610 1946 1654 et

370 1683 583 1752 legatos
610 1695 777 1755 atque
809 1689 1097 1756 pecuniam
1156 1689 1385 1744 Romam
1440 1691 1761 1753 mittendos,
1797 1693 1949 1761 pacis

365 1783 420 1827 et
450 1773 674 1829 {ceteris
721 1777 1052 1846 impetrandi
1105 1794 1296 1844 causa,
1353 1782 1510 1852 cujus
1558 1784 1846 1837 sententiae
1893 1793 1948 1838 et

2052 585 2298 637 κάκεῖνοι
2336 585 2473 638 πολὺ
2526 587 2717 656 μεῖζον
2758 588 3122 658 ἁντεϐόησαν,
3171 589 3246 652 ὡς
3284 590 3634 661 ἐκπλαγῆναι

2050 676 2180 740 τοὺς
2236 677 2330 730 τοῦ
2388 677 2630 750 Πύρρου,
2667 681 2768 733 οὐκ
2797 679 2874 733 ἔτ’
2904 681 3141 752 ἠθέλησε
3189 681 3482 754 συμμίξαι,
3512 685 3635 740 ἀλλ’

2050 765 2124 825 ὡς
2156 768 2423 838 δυσιερῶν
2462 771 2806 842 ἐπανήγαγε,
2854 774 2950 827 καὶ
2979 774 3213 842 ἀφίκετο
3260 777 3318 838 ἐς
3351 775 3630 846 Τάραντα,

2051 857 2181 911 ἔνθα
2212 859 2474 931 πρέσϐεις
2497 861 2608 916 τῶν
2641 861 2932 934 Ῥωμαίων
2953 864 3096 934 ὑπὲρ
3127 865 3237 919 τῶν
3265 867 3633 938 αἰχμαλώτων

2050 949 2316 1018 ἀφίκοντο
2340 950 2492 1006 ἄλλοι
2535 969 2596 1006 τε
2646 954 2740 1008 καὶ
2769 956 2796 1008 6
2827 955 3124 1026 Φαϐρίκιος
3147 973 3164 989 ⁸
3196 957 3290 1022 οὓς
3331 960 3632 1030 φιλοτίμως

2049 1036 2279 1102 ἐξένισε,
2303 1041 2396 1091 καί
2417 1041 2771 1108 ἐδεξιώσατο,
2792 1044 3022 1110 ἐλπίσας
3047 1048 3246 1112 αὐτοὺς
3280 1049 3630 1114 σπείσασθαι,

2051 1129 2147 1183 καί
2181 1129 2474 1198 ὁμολογίαν
2525 1134 2601 1197 ώς
2643 1135 2996 1206 ἡττημένους
3025 1139 3381 1211 ποιήσασθαι.
3436 1140 3543 1194 Τοῦ
3570 1141 3630 1195 δὲ

2049 1223 2349 1291 Φαϐρικίου
2399 1227 2527 1289 τοὺς
2584 1227 2895 1292 ἑαλωκότας
2927 1230 2986 1283 ἐν
3014 1232 3080 1299 τῇ
3121 1230 3271 1302 μάχῃ
3295 1232 3629 1302 κομίσασθαι

2051 1315 2332 1380 αἰτοῦντος
2363 1317 2458 1370 ἐπὶ
2485 1317 2704 1389 λύτροις
2731 1322 2843 1382 τοῖς
2867 1322 3074 1390 ἀμφοῖν
3100 1325 3483 1392 συναρέσουσι,
3506 1327 3632 1396 διη-

2051 1409 2264 1477 stop.qu
2307 1409 2398 1461 ὅτε
2439 1410 2515 1478 μὴ
2550 1411 2646 1463 καὶ
2681 1414 2815 1483 περί
2852 1413 3082 1483 εἰρήνης
3130 1415 3462 1484 πρεσϐεύειν
3496 1417 3626 1487 εειεη.

2052 1498 2147 1548 καὶ
2189 1497 2298 1568 ἰδῖᾳ
2352 1501 2493 1565 μετὰ
2538 1500 2649 1554 τῶν
2699 1503 2871 1570 φίλων
2930 1505 3273 1572 ἐὸουλεύετο,
3316 1507 3394 1570 ὡς
3421 1507 3625 1574 εἰώθει,

2053 1590 2182 1657 περί
2219 1589 2318 1658 τῆς
2349 1590 2458 1642 τῶν
2488 1593 2855 1661 αἰχμαλώτων
2889 1595 3223 1660 ἀποδόσεως,
3253 1599 3348 1650 καὶ
3375 1601 3502 1669 περὶ
3528 1597 3622 1650 τοῦ

2051 1677 2317 1747 πολέμου,
2374 1683 2468 1735 καὶ
2517 1682 2669 1745 ὅπως
2695 1685 2888 1736 τοῦτον
2923 1687 3386 1756 μεταχειρίζεται.
3431 1689 3490 1741 '0
3523 1689 3623 1758 μὲν

2047 1769 2144 1823 οῦν
2193 1771 2418 1836 Μίλων,
2481 1775 2624 1842 μήτε
2685 1776 2814 1838 τοὺς
2867 1777 3246 1846 αἰχμαλώτους
3301 1779 3619 1836 ἀποδόσθαι.

364 1867 549 1920 calori
578 1875 634 1920 et
676 1866 792 1936 ipse
823 1868 1072 1938 Pyrrhus
1103 1870 1335 1933 assensi,
1371 1871 1565 1940 legatis
1609 1873 1894 1927 accersitis
1927 1891 1936 1930 :

2052 1861 2191 1929 μήτε
2223 1861 2555 1917 σπείσασθαι
2601 1864 3014 1930 συνεϐούλευεν,
3049 1865 3166 1918 ἀλλ’
3208 1867 3308 1936 ἤδη
3339 1868 3446 1921 τῶν
3480 1869 3616 1920 Ῥω-

363 1956 546 2028 Neque
574 1961 742 2028 prius,
772 1959 973 2028 inquit.
1010 1959 1256 2024 Romani,
1303 1976 1419 2014 mea
1445 1973 1630 2031 sponte
1662 1963 1802 2016 vobis
1835 1961 1942 2015 bel-

365 2050 476 2105 lum
508 2053 686 2120 intuli,
714 2068 881 2124 neque
913 2070 1051 2107 nunc
1073 2055 1329 2124 inferam.
1372 2055 1584 2109 Amicus
1611 2057 1748 2110 enim
1771 2065 1944 2111 vester

363 2160 473 2199 esse
492 2146 664 2214 cupio.
701 2144 894 2215 Itaque
925 2147 1158 2214 captivos
1191 2150 1360 2218 gratis
1390 2152 1532 2204 vobis
1573 2151 1755 2219 reddo,
1805 2161 1854 2206 et
1883 2160 1940 2205 ut

363 2249 545 2303 pacem
576 2250 776 2288 mecum
809 2235 1020 2305 faciatis
1048 2245 1184 2306 peto.
1219 2237 1345 2292 Haec
1373 2253 1498 2293 cum
1533 2239 1728 2309 legatis
1756 2241 1940 2295 omni-

363 2325 468 2380 bus
506 2324 754 2392 dixisset,
803 2335 860 2380 et
895 2327 1187 2396 pecuniam
1227 2330 1427 2399 partim
1472 2331 1636 2403 374
1672 2331 1936 2398 dedisset,

362 2415 562 2486 partim
584 2417 950 2486 promisisset,
970 2434 1096 2473 cum
1126 2419 1378 2477 Fabricio
1398 2425 1629 2478 seorsim
1648 2425 1753 2479 hoc
1775 2425 1939 2480 modo

360 2509 474 2578 egit
496 2506 659 2565 :Cum
679 2510 915 2563 omnium
931 2509 1290 2566 Romanorum
1311 2515 1602 2568 amicitiam
1615 2523 1938 2584 expeto,tum

361 2613 484 2652 vero
513 2607 681 2661 tuam,
714 2616 869 2669 quem
895 2602 1066 2655 virum
1095 2605 1289 2657 bonum
1311 2620 1422 2658 esse
1456 2607 1625 2671 video,
1657 2615 1708 2658 et
1734 2615 1789 2658 ut
1841 2622 1940 2676 pa-

360 2705 472 2744 cem
501 2691 628 2745 mihi
655 2689 906 2759 conﬁcias
933 2702 1071 2763 peto.
1104 2695 1228 2749 Haec
1256 2710 1382 2750 cum
1416 2696 1644 2756 diceret.
1703 2712 1935 2752 munera

362 2795 585 2850 quoque
613 2783 782 2835 multa
809 2783 861 2838 ei
891 2783 1118 2839 obtulit.
1152 2785 1220 2840 At
1247 2787 1372 2841 ille:
1403 2787 1578 2853 Pacis,
1604 2788 1803 2858 inquit,
1831 2800 1938 2842 stu-

360 2869 506 2922 dium
530 2871 584 2924 in
617 2879 684 2936 te,
712 2871 937 2942 Pyrrhe,
975 2872 1156 2939 laudo,
1205 2883 1256 2928 et
1291 2891 1496 2943 pacem,
1524 2877 1675 2930 modo
1700 2893 1761 2929 ea
1792 2877 1936 2930 nobis

360 2962 550 3029 prosit,
567 2961 659 3014 tibi
689 2961 970 3030 conﬁciam
1001 2979 1020 3018 :
1055 2981 1222 3034 neque
1267 2967 1406 3020 enim
1469 2968 1760 3036 postulabis
1815 2983 1934 3020 cum

360 3067 442 3104 me
466 3050 658 3105 bonum
690 3052 859 3106 virum
884 3068 994 3107 esse
1020 3056 1186 3120 dicas,
1224 3063 1279 3108 ut
1307 3055 1510 3126 aliquid
1540 3073 1698 3125 agant
1747 3067 1933 3111 contra

358 3143 614 3212 patriam.
649 3141 753 3197 Sed
779 3144 912 3199 nihil
936 3161 1214 3199 munerum
1239 3144 1456 3201 illorum
1482 3163 1599 3217 quw
1620 3149 1930 3218 mihioﬂ‘ers,

359 3235 637 3305 accipiam.
665 3233 936 3305 Numquid
976 3237 1115 3291 enim
1149 3253 1233 3291 me
1252 3253 1370 3292 vere
1399 3239 1591 3292 bonum
1622 3241 1793 3294 virum
1823 3255 1933 3294 esse

359 3340 554 3388 censes,
587 3341 656 3377 an
685 3341 786 3378 non
810 3327 836 3379 γ
863 3325 1002 3380 Nam
1059 3330 1106 3383 si
1162 3327 1335 3383 malus
1372 3347 1510 3393 sum,
1569 3347 1664 3385 cur
1708 3348 1932 3386 munera

359 3417 486 3470 mihi
517 3415 730 3488 largiris
749 3421 775 3471 3'
805 3418 902 3473 Sin
945 3419 1131 3488 bonus,
1163 3437 1256 3474 cur
1287 3437 1348 3476 ea
1376 3439 1458 3477 me
1490 3424 1724 3494 accipere
1742 3423 1934 3493 jubes?

358 3510 499 3566 Scito
521 3520 698 3564 autem
737 3528 820 3566 me
855 3515 1130 3568 abundare
1162 3515 1366 3583 opibus,
1400 3526 1541 3570 sorte
1568 3532 1684 3570 mea
1717 3527 1930 3572 conten-

359 3619 490 3667 .um,
514 3617 678 3673 neque
708 3601 866 3672 plura
896 3603 1301 3660 desiderantem.
1333 3605 1404 3660 Te
1430 3622 1573 3672 vero,
1604 3609 1701 3661 etsi
1737 3607 1933 3661 ditissi-

359 3711 474 3749 mus
502 3709 577 3760 es,
600 3705 838 3749 extrema
861 3696 1043 3767 inopia
1075 3697 1336 3752 laborare.
1360 3697 1497 3753 Nam
1543 3715 1708 3770 neque
1749 3699 1930 3770 Epiro,

358 3803 525 3856 neque
546 3789 748 3842 caeteris
778 3805 896 3859 qua:
938 3789 1097 3844 habes
1125 3789 1321 3845 relictis
1349 3792 1448 3845 huc
1479 3792 1774 3862 trajecisses
1807 3808 1826 3845 :
1859 3795 1928 3860 si,

357 3877 464 3932 illis
491 3887 786 3944 contentus,
817 3879 975 3949 plura
1018 3897 1122 3934 non
1182 3882 1524 3936 desiderares.
1593 3882 1689 3936 His
1743 3883 1928 3949 dictis,

356 3971 518 4042 legati
557 3974 788 4043 captivis
819 3975 1056 4044 receptis
1110 3975 1388 4030 abierunt.
1445 3975 1687 4047 Pyrrhus
1747 3989 1930 4033 autem

275 4057 288 4070 “
359 4061 596 4133 Cyncam
636 4079 761 4118 cum
788 4065 964 4120 multo
997 4081 1136 4121 auro
1165 4074 1222 4121 et
1255 4069 1595 4122 ornamentis
1651 4070 1934 4124 muliebri-

360 4153 464 4207 bus
489 4153 666 4209 omnis
697 4155 916 4225 generis
943 4155 1172 4210 Romam
1223 4157 1374 4212 misit
1401 4173 1418 4223 ;
1449 4165 1511 4212 ut
1537 4157 1643 4213 etsi
1692 4173 1759 4213 ex
1799 4160 1933 4216 viris

356 4243 524 4313 aliqui
565 4243 1008 4313 adversarentur,
1039 4255 1096 4301 at
1123 4263 1319 4304 uxores
1365 4263 1555 4303 eorum
1596 4250 1932 4306 ornamentis

355 4331 548 4388 ilicetze
578 4333 727 4388 viros
753 4335 922 4389 etiam
963 4336 1412 4406 corrumperent.
1451 4336 1680 4392 Romam
1748 4340 1932 4407 prol‘e-

359 4431 446 4479 tus
476 4422 709 4497 Cyneas,
739 4440 850 4480 non
899 4426 1082 4481 statim
1136 4438 1387 4482 senatum
1441 4428 1598 4493 adiit,
1650 4429 1749 4484 sed
1797 4429 1932 4484 alias

2047 1953 2223 2023 μαίων
2255 1955 2601 2024 ἡττημένων,
2622 1956 2719 2010 καί⁷
2742 1955 2813 2010 τὰ
2841 1955 3009 2010 λοιπὰ
3029 1957 3254 2028 πολέμῳ
3277 1974 3550 2022 προσκατε
3561 1976 3617 2028 ρ-

2042 2045 2322 2114 γάσασθαι
2359 2060 2374 2077 ο
2422 2046 2482 2098 '0
2527 2046 2586 2099 δὲ
2637 2047 2874 2111 Κιννέας
2927 2047 3240 2102 τούναντίον
3289 2047 3434 2101 ἅπαν
3465 2047 3616 2117 αύτῷ

2043 2137 2393 2190 συνεϐούλευε
2416 2152 2434 2170 ν
2459 2136 2586 2202 τούς
2609 2153 2670 2193 τε
2705 2139 2811 2209 γὰρ
2840 2137 3219 2209 αἰχμαλώτους
3254 2141 3457 2209 προῖκα
3483 2139 3618 2192 ἀπο-

2039 2230 2224 2284 δοῦναι
2252 2230 2487 2300 συνῄνει,
2513 2229 2608 2285 καὶ
2629 2230 2890 2300 πρέσϐεις
2917 2231 2998 2292 εἰς
3026 2228 3246 2300 Ῥώμην
3272 2229 3367 2282 καὶ
3393 2229 3498 2299 χρή
3508 2245 3618 2297 μα-

2039 2339 2110 2376 τα
2140 2321 2354 2392 πέμψαι
2391 2322 2491 2392 τῆς
2543 2322 2766 2392 εἰρήνης
2813 2321 2976 2374 ἕνεκα
3009 2320 3106 2375 καὶ
3148 2320 3410 2374 σπονδῶν.
3442 2315 3518 2374 Ob
3546 2323 3612 2392 τῇ

2039 2414 2234 2484 γνώμῃ
2289 2412 2386 2466 καὶ
2419 2414 2469 2465 ol
2499 2413 2678 2466 λοιποὶ
2702 2413 3046 2467 συνετίθεντο
3078 2428 3094 2445 ο
3133 2412 3277 2468 οὕτω
3301 2412 3357 2466 δὲ
3403 2413 3617 2482 φρονῶν

2039 2505 2133 2557 καί
2161 2507 2190 2558 ὁ
2213 2505 2427 2576 Πύρρος
2455 2503 2743 2575 ἐτύγχανε.
2775 2504 3027 2568 Καλέσας
3058 2499 3153 2558 οῦν
3180 2506 3306 2568 τοὺς
3332 2504 3616 2572 πιίέσθειςο

2041 2596 2189 2649 Οὔτε
2227 2595 2454 2664 πρώην,
2497 2589 2546 2650 ὦ
2583 2595 2877 2665 Ῥωμαῖοι,
2913 2595 3042 2667 ἔφη,
3066 2595 3222 2650 ἑκὼν
3247 2593 3390 2666 ὑμῖν
3403 2595 3614 2650 ἐπολέο

2030 2705 2222 2758 μησα,
2280 2688 2420 2742 οὔτε
2451 2690 2569 2742 νῦν
2615 2688 3024 2759 πολεμήσαιμι
3045 2705 3060 2721 ⁶
3093 2689 3277 2759 φίλος
3315 2687 3424 2758 γὰρ
3471 2689 3616 2758 ὑμῖν

2037 2783 2313 2851 γενέσθαι
2331 2780 2704 2849 βεϐούλημαι
2723 2795 2741 2813 ο
2772 2779 2866 2834 διὸ
2896 2779 2996 2835 και
3028 2781 3171 2848 τοὺς
3202 2780 3614 2848 αἰχμαλώτους

2033 2873 2178 2940 ὑμῖν
2205 2871 2617 2940 ἄνευολύτρων
2638 2871 2874 2941 ἀφίημι,
2901 2872 3000 2925 καί
3025 2873 3396 2927 σπείσασθαι
3437 2870 3606 2935 ἀξιῶ.

2036 2963 2222 3018 Ταῦτα
2257 2964 2358 3034 μέν
2385 2965 2550 3017 πᾶσιν
2579 2963 2793 3034 εἰρήκει
2837 2965 2952 3026 τοῖς
3001 2962 3290 3034 πρέσϐεσι,
3353 2963 3448 3017 καὶ
3475 2965 3611 3035 χρή·

2037 3073 2184 3126 ματα
2213 3057 2366 3125 σφίσι
2394 3054 2464 3108 τὰ
2487 3055 2582 3126 μὲν
2608 3053 2828 3120 δέδωκε,
2853 3053 2922 3108 τὰ
2939 3054 2996 3108 δέ
3025 3055 3390 3126 ἐπηγγείλατο
3413 3071 3430 3088 ο
3453 3055 3531 3126 τῷ
3552 3055 3612 3109 δέ

2035 3148 2312 3218 Φαϐρικίῳ
2358 3149 2498 3201 κατὰ
2550 3147 2717 3217 μόνας
2773 3145 3112 3217 διαλεχθεὶς,
3161 3147 3364 3214 Φίλος,
3431 3141 3608 3212 εἷπεν,

2033 3239 2226 3308 ἡδέως
2254 3241 2349 3294 καὶ
2381 3240 2574 3296 πᾶσιν
2610 3237 2688 3294 ἂν
2729 3239 3038 3309 Ῥωμαίοις
3084 3239 3394 3308 γενοίμην,
3433 3236 3608 3306 μάλι-

2033 3349 2152 3388 στα
2185 3333 2254 3387 δὲ
2281 3334 2404 3388 σοί.
2449 3331 2590 3401 Ὀρῶ
2609 3331 2720 3402 γάρ
2753 3347 2829 3388 σε
2861 3331 3086 3402 ἀγαθὸν
3128 3331 3339 3400 ἄνδρα,
3366 3331 3464 3385 καὶ
3494 3332 3610 3399 την

2033 3427 2280 3496 εἰρήνην
2325 3425 2680 3495 συμπρᾶξαί
2724 3442 2828 3495 μοι
2851 3423 3022 3490 ἀξιῶ.
3073 3423 3260 3477 Ταῦτα
3289 3423 3484 3493 λέγων,
3516 3423 3610 3476 καὶ

2031 3517 2182 3586 δῶρα
2214 3516 2363 3588 αὐτῷ
2391 3517 2560 3572 πολλὰ
2584 3515 2778 3570 ἐδίδου.
2823 3515 2882 3570 '0
2902 3515 2981 3580 δέ,
3019 3513 3277 3570 Ἐπαινῶ
3308 3531 3405 3579 σε,
3429 3510 3606 3583 εἶπεν,

2029 3605 2077 3666 ὦ
2100 3611 2313 3680 Πύρρε,
2344 3609 2435 3663 ὅτι
2460 3608 2570 3678 τῆς
2599 3608 2849 3678 εἰρήνης
2893 3606 3226 3677 ἐπιθυμεῖς,
3261 3608 3358 3662 καί
3379 3623 3478 3661 σοι
3502 3608 3610 3659 αὑ-

2030 3701 2168 3770 τὴν,
2199 3703 2278 3756 ἄν
2310 3717 2378 3771 γε
2433 3699 2712 3770 συμφέρῃ
2770 3699 2936 3769 ἡμῖν,
2997 3696 3465 3768 καταπράξομαι.
3523 3699 3607 3752 Οὐ

2031 3795 2144 3867 γὰρ
2171 3793 2321 3849 κατὰ
2347 3792 2460 3861 τῆς
2487 3791 2772 3861 πατρίδος
2807 3809 2862 3844 τι
2886 3789 3110 3860 πρᾶξαί
3127 3806 3224 3860 με,
3254 3789 3498 3860 ἀγαθὸν,
3526 3791 3608 3854 ὠς

2030 3881 2178 3950 φὴς,
2210 3880 2402 3948 ἄνδρα
2426 3878 2594 3940 ὄντα,
2625 3877 2929 3945 ἀξιώσεις.
2995 3879 3153 3932 Ἀλλ’
3199 3878 3342 3933 οὐδὲ
3379 3879 3610 3933 τούτων

2029 3967 2117 4026 ὧν
2151 3972 2330 4039 δίδως
2357 3989 2412 4026 τι
2449 3971 2687 4042 λάϐοιμι
2737 3971 2836 4027 ἀν.
2885 3970 3271 4040 Πυνθάνομαι
3303 3971 3416 4041 γάρ
3464 3986 3605 4038 σου,

2029 4065 2283 4132 πότερον
2306 4063 2632 4134 ἐλλόγιμον
2656 4079 2735 4132 με
2749 4064 2830 4130 ὡς
2848 4060 3090 4131 άληθῶς
3121 4061 3376 4131 νομίζεις
3393 4061 3603 4130 ἄνδρα,

2028 4157 2069 4224 ἢ
2105 4157 2196 4211 οὔ.
2246 4157 2317 4210 Εἰ
2366 4158 2484 4225 μὲν
2531 4154 2642 4225 τὰρ
2699 4155 2936 4224 φαῦλός
2965 4157 3104 4223 εἰμι,
3143 4153 3272 4220 πῶς
3293 4170 3372 4223 με
3403 4153 3608 4221 δώρων

2029 4247 2205 4312 ἄξιον
2257 4251 2523 4316 κρίνεις;
2588 4249 2642 4300 εἰ
2687 4245 2757 4300 δὲ
2793 4246 3081 4315 χρηστὸς,
3133 4245 3261 4310 πῶς
3303 4243 3608 4314 μελαϐεῖν

2029 4339 2181 4394 αὐτὰ
2229 4340 2534 4406 κελεύεις;
2589 4339 2748 4394 Ἵσθι
2799 4337 2970 4407 γοῦν,
3010 4337 3092 4403 ὡς
3143 4335 3258 4405 ἐγὼ
3295 4337 3392 4390 καὶ
3443 4336 3605 4390 πάνυ

2029 4431 2234 4484 πολλὰ
2287 4430 2405 4498 ἔχω
2430 4469 2445 4492 ,
2492 4429 2617 4496 τοῖς
2685 4429 2988 4498 παροῦσιν
3048 4429 3422 4496 ἀρκούμενος
3446 4467 3462 4490 ,
3505 4426 3604 4480 καὶ

357 4513 506 4568 aliud
531 4513 811 4569 causando
837 4524 1108 4579 moratus,
1145 4523 1434 4585 potentum
1457 4518 1603 4571 mdes
1630 4516 1926 4579 circumiit,

2037 4524 2333 4576 πλειόνων
2361 4523 2434 4575 οὐ
2472 4521 2718 4590 δέομαι*
2743 4519 2825 4574 σὺ
2855 4519 2907 4572 δ’
2938 4522 2990 4574 εἰ
3016 4521 3116 4577 καὶ
3148 4519 3386 4588 σφόδρα
3420 4522 3608 4572 πλου-

355 4619 560 4675 eosque
580 4612 637 4659 et
661 4604 846 4660 verbis
871 4615 928 4660 et
946 4607 1269 4660 muneribus
1292 4605 1396 4660 sibi
1421 4607 1753 4661 conciliavit.
1789 4605 1927 4662 Cum

351 4695 462 4765 jam
522 4695 725 4751 multos
777 4695 883 4752 sibi
942 4697 1302 4763 devinxisset,
1355 4697 1564 4754 curiam
1623 4700 1926 4768 ingressus,

357 4785 496 4840 dixit
531 4802 546 4840 :
585 4785 819 4856 Pyrrhus
841 4803 933 4841 rex
951 4803 1006 4841 se
1041 4789 1241 4842 venisse
1271 4789 1368 4853 ait,
1405 4803 1509 4842 non
1530 4796 1586 4842 ut
1620 4788 1814 4842 bellum
1839 4805 1930 4843 vo-

355 4875 553 4926 biscum
581 4884 802 4944 gereret,
827 4875 918 4928 sed
941 4886 997 4930 ut
1031 4875 1340 4932 Tarentinos
1369 4879 1735 4948 supplicessibi
1763 4880 1928 4948 factos

357 4966 740 5020 reconciliaret.
767 4966 1036 5023 Prteterea
1067 4970 1296 5037 captivos
1332 4972 1444 5026 sine
1474 4974 1642 5038 pretio
1673 4973 1812 5027 vobis
1847 4989 1929 5027 re-

352 5059 566 5112 stituit:
599 5068 796 5112 etcum
854 5077 1044 5130 agrum
1082 5073 1309 5117 vestrum
1364 5072 1598 5128 vastare,
1649 5073 1698 5118 et
1749 5065 1929 5119 urbem

354 5167 659 5221 oppugnare
692 5154 959 5220 potuisset,
981 5170 1036 5208 se
1055 5157 1110 5208 in
1134 5171 1413 5211 numerum
1443 5159 1732 5213 amicorum
1761 5166 1812 5210 et
1831 5158 1930 5227 ζεο-

353 5245 554 5297 ciorum
588 5255 877 5298 vestrorum
905 5245 1117 5300 inscribi
1165 5247 1314 5315 petit.
1379 5248 1505 5302 Jam
1545 5248 1781 5318 quamvis
1829 5247 1930 5300 sibi

353 5351 440 5388 vos
473 5335 695 5388 multum
723 5337 1145 5392 commodaturos
1171 5337 1357 5403 credit,
1391 5339 1547 5409 plura
1571 5354 1625 5392 se
1657 5346 1833 5391 tamen
1879 5352 1928 5400 eg

356 5426 564 5496 majora
595 5428 648 5480 in
673 5444 758 5481 vos
791 5427 1043 5494 beneﬁcia
1070 5427 1456 5483 collocuturum
1483 5430 1773 5482 existimat.
1805 5426 1929 5482 Haec

354 5534 477 5571 cum
535 5533 788 5573 maxuma:
843 5529 1164 5574 senatorum
1205 5520 1346 5588 parti
1381 5519 1452 5574 ob
1491 5519 1810 5586 largitiones
1873 5527 1928 5571 et

357 5611 600 5680 captivos
627 5612 875 5666 redditos
901 5611 1204 5682 placerent,
1251 5621 1430 5667 tamen
1479 5612 1632 5666 nnilo
1663 5624 1928 5680 responso

357 5704 505 5765 dato,
545 5707 733 5771 plures
770 5703 890 5758 dies
932 5704 988 5757 in
1017 5703 1376 5758 deliberando
1417 5710 1877 5772 consumpserunt
1909 5717 1924 5767 ;

357 5806 593 5860 cumque
625 5794 788 5864 varia
851 5793 1190 5862 dicerentur,
1242 5794 1515 5851 sententia
1561 5793 1629 5849 de
1668 5807 1802 5864 pace
1849 5792 1928 5846 fa-

2029 4614 2170 4680 τεῖς,
2194 4613 2264 4668 ἐν
2298 4614 2475 4682 πενίᾳ
2495 4613 2680 4682 μυρίᾳ
2703 4612 3103 4680 καθέστηκας.
3129 4614 3212 4667 οὐ
3231 4612 3342 4683 γὰρ
3361 4610 3438 4666 ἂν
3463 4611 3604 4666 οὔτε

2027 4707 2146 4772 τὴν
2179 4709 2486 4773 Ἤπειρον,
2519 4706 2658 4759 οὔτε
2683 4705 2756 4758 τὰ
2779 4704 2940 4758 ἄλλα
2969 4703 3008 4759 d
3040 4705 3204 4772 ἔχεις
3229 4702 3598 4770 καταλιπὼν,

2029 4797 2206 4866 δεῦρο
2229 4797 2612 4865 ἐπεραιώθης,
2671 4796 2796 4864 εἴγε
2845 4795 3102 4859 ἐκείνοις
3128 4793 3342 4862 ἡρκοῦ,
3396 4791 3603 4862 καὶμὴ

2029 4890 2326 4942 πλειόνων
2345 4887 2589 4958 ὡρέγου.
2621 4885 2841 4940 Τούτων
2863 4886 3004 4940 οὕτω
3019 4885 3343 4956 λεχθέντων,
3367 4885 3418 4938 οἰ
3468 4883 3608 4952 πρέο

2031 4979 2180 5040 σϐεις
2206 4979 2332 5040 τοὺς
2379 4975 2764 5047 αἰχμαλώτους
2819 4974 3076 5038 λαϐόντες
3106 4972 3374 5044 ἀπῄεσαν.
3441 4973 3548 5024 Καὶ
3576 4973 3605 5024 ὁ

2031 5070 2244 5142 Πύρῤος
2277 5069 2368 5122 τὸν
2391 5067 2624 5123 Κιννέαν
2648 5069 2729 5131 εἰς
2753 5069 2853 5138 τὴν
2886 5065 3107 5137 Ῥώμην
3151 5063 3441 5120 ἀπέστειλε
3467 5063 3606 5134 μετὰ

2033 5160 2260 5234 χρυσίου
2289 5158 2510 5225 πολλοῦ,
2535 5161 2632 5214 καὶ
2664 5160 2874 5229 κόσμου
2899 5157 3214 5228 γυναικείου
3237 5155 3602 5220 παντοδαποῦ,

2031 5255 2140 5321 ενα,
2171 5253 2220 5306 εἰ
2240 5253 2334 5308 καί
2373 5269 2524 5316 τινες
2551 5252 2660 5307 τῶν
2689 5251 2901 5323 ἀνδρῶν
2930 5251 3256 5321 ἀντίσχοιεν,
3285 5249 3400 5305 ἀλλ’
3427 5249 3485 5303 αἱ
3509 5264 3607 5318 γυ-

2029 5346 2214 5404 ναῖκες
2233 5341 2436 5408 αὐτῶν,
2467 5345 2578 5404 τοῖς
2611 5342 2838 5410 κόσμοις
2858 5340 3291 5406 ἀναπεισθεῖσαι,
3319 5340 3605 5404 κάκείνους

2030 5434 2538 5503 συνδιαφθείρωσιν.
2565 5431 2771 5486 Ἐλθὼν
2819 5432 2875 5486 δὲ
2907 5432 3041 5502 πρὸς
3071 5431 3168 5502 τὴν
3220 5433 3376 5486 πόλιν
3408 5433 3437 5485 ὁ
3467 5434 3604 5486 Κιν-

2029 5523 2172 5589 νέας,
2205 5525 2264 5576 οὑ
2292 5524 2522 5594 προσῄει
2575 5527 2642 5594 τῇ
2695 5524 2979 5594 γερουσίᾳ,
3031 5523 3172 5577 ἀλλὰ
3197 5525 3385 5592 διῆγεν
3413 5524 3602 5578 ἄλλοτε

2028 5616 2195 5684 ἄλλην
2226 5614 2404 5668 αἰτίαν
2437 5615 2834 5684 σκηπτόμενος.
2897 5615 3242 5685 Περιφοιτῶν
3273 5615 3328 5666 δὲ
3365 5614 3458 5666 καὶ
3501 5614 3600 5677 τὰς

2027 5707 2137 5760 τῶν
2161 5705 2404 5758 δυνατῶν
2434 5707 2636 5768 οἰκίας,
2658 5705 2834 5774 λόγοις
2863 5723 2921 5758 τε
2953 5707 3094 5774 σφᾶς
3125 5710 3220 5758 καὶ
3250 5707 3440 5774 δώροις
3501 5706 3600 5756 ὐπ-

2028 5795 2216 5863 ήγετο·
2243 5794 2337 5844 καί
2382 5792 2570 5863 ἐπειδη
2617 5791 2842 5857 πολλοὺς
2872 5793 3156 5862 ᾠκειώσατ
3192 5833 3206 5856 ,
3244 5795 3490 5861 εἰσῆλθεν
3521 5795 3600 5855 εἰς
