4060 6434
478 368 588 430 (iis

1700 373 2108 435 ANNALIUM
2146 375 2294 436 LIB.
2336 371 2502 436 VIII.

3632 375 3742 441 646

477 482 539 532 τὸ
587 478 882 549 συνέδριον,
926 480 1023 531 καὶ
1082 469 1259 542 εἶπεν,
1300 477 1376 543 ὡς
1426 477 1658 548 Πύρῤος
1700 481 2061 548 όβασιλεὺς

2170 480 2359 537 cicnda
2385 480 2537 535 vicit.
2575 479 2695 546 Quo
2728 481 2939 551 Appius
2961 495 3139 538 caecus
3177 481 3417 554 cognito,
3471 481 3530 537 in
3577 497 3743 539 sena-

480 571 882 639 daoloreirae
926 570 1017 624 ὅτι
1065 573 1176 639 οὐχ
1204 573 1283 637 ὡς
1324 571 1691 641 πολεμήσων
1716 573 1861 641 {mir
1884 568 2056 643 ἧκεν,

478 661 617 715 ἀλλ’
642 661 722 727 ὠς
745 660 1146 726 καταλλάξων
1183 663 1583 731 Ταραντίνους
1611 664 1802 718 αὐτὸν
1830 663 2059 718 ἱκετεύ-

480 769 695 818 ονταςο
739 753 951 823 ἀμέλει
985 755 1083 808 καὶ
1122 754 1266 821 τοὺς
1308 755 1572 821 ἁλόντας
1605 755 1774 825 ὑμῶν
1827 757 2063 824 λύτρων

480 849 716 918 ἀφῆκεν
743 847 882 916 ἄτερ
911 863 929 880 ο
967 846 1063 901 καὶ
1103 846 1445 916 δυνάμενος
1474 846 1783 915 πορθῆσαι
1811 847 1926 915 τὴν
1949 845 2062 916 χώ-

466 956 613 1009 ραν,
640 938 736 991 καὶ
768 938 842 1007 τῇ
877 937 1053 992 πόλει
1077 939 1474 1006 προσϐαλεῖν,
1503 937 1662 1002 ἀξιοῖ
1691 937 1812 1004 τοῖς
1860 937 2063 1007 φίλοις

481 1031 724 1095 καὶτοῖς
755 1028 1095 1100 συμμάχοις
1123 1029 1291 1099 ὑμῶν
1311 1028 1701 1100 ἐγγραφῆναι,
1723 1027 1925 1083 πολλὰ
1946 1028 2065 1099 μὲν

479 1121 902 1191 ὠφελήσεσθαι
933 1121 1037 1190 ἀφ’
1066 1119 1235 1190 ὑμῶν
1261 1120 1538 1187 ἐλπίζων,
1565 1120 1754 1175 πλείω
1778 1120 1831 1173 δ’
1852 1120 1942 1174 ἐτι
1963 1117 2063 1175 καί

475 1212 650 1283 μείζω
670 1212 1092 1283 εὐεργετήσειν
1122 1212 1302 1283 ὑμᾶς.
1379 1212 1503 1267 Ἐπὶ
1533 1212 1742 1275 τούτοις
1766 1212 1818 1266 ot
1846 1211 2064 1276 πλείους

480 1305 590 1359 τῶν
616 1304 921 1375 βουλευτῶν
949 1304 1251 1376 ἠρέσκοντο
1277 1304 1367 1359 διὰ
1395 1306 1463 1358 τὰ
1491 1304 1662 1376 δῶρα,
1687 1304 1785 1358 καὶ
1816 1303 1906 1357 διὰ
1936 1305 2064 1367 τοὺς

481 1395 882 1467 αἰχμαλώτους,
915 1396 977 1449 οὐ
998 1395 1186 1467 μέντοι
1204 1397 1300 1450 καὶ
1324 1397 1691 1467 ἀπεκρίναντο
1715 1413 1730 1428 ο
1760 1395 1877 1451 ἀλλ’
1905 1398 2064 1450 ἐσκό-

481 1505 617 1542 πουν
635 1487 719 1541 ἐτι
747 1487 967 1553 πλείους
995 1488 1213 1560 ἡμέρας
1241 1488 1269 1543 ὅ
1295 1506 1346 1542 τι
1372 1488 1481 1561 χρὴ
1503 1491 1708 1560 πρᾶξαι
1729 1504 1744 1522 ·
1774 1490 1869 1543 καὶ
1893 1488 2064 1544 πολλὰ

483 1578 584 1648 μὲν
607 1578 845 1647 ἐλέγετο,
877 1579 1171 1650 ἐπεκράτει
1201 1579 1249 1632 δ’
1275 1579 1428 1649 ὅμως
1460 1578 1808 1634 σπείσασθαι.
1852 1576 2064 1632 Μαθὼν

481 1670 536 1724 δὲ
566 1671 726 1724 τοῦτο
763 1671 1007 1734 ’Ἄππιος
1032 1671 1061 1722 ὁ
1081 1670 1304 1740 τυφλὸς,
1333 1669 1604 1742 ἐκομίσθη
1626 1670 1718 1725 ἐπὶ
1753 1670 1815 1723 τὸ
1836 1669 2063 1741 βουλευ-

481 1761 671 1830 τήριον
700 1757 846 1831 (ὑπὸ
878 1759 986 1831 γὰρ
1016 1758 1109 1812 τοῦ
1138 1761 1346 1830 γήρους
1391 1760 1485 1813 καὶ¹
1512 1756 1606 1813 τοῦ
1641 1758 1848 1822 πάθους
1879 1761 2063 1813 οἰκου-

2165 581 2283 627 tum
2317 572 2555 638 delatus,
2602 572 2751 641 (nam
2802 573 2873 628 ob
2925 581 3140 628 aetatem
3204 582 3262 629 et
3332 572 3544 630 cladem
3608 588 3746 629 ocu-

2162 666 2343 721 lorum
2400 664 2548 719 domi
2608 679 2668 720 se
2717 664 3005 720 continere
3050 665 3281 734 solebat)
3323 666 3543 736 negavit
3571 683 3603 721 ε
3654 680 3745 720 re-

2162 756 2386 828 publica
2413 768 2541 810 esse
2573 763 2633 809 ut
2681 771 2787 826 pax
2836 770 2961 810 cum
2985 755 3196 827 Pyrrho
3227 755 3402 819 ﬁeret,
3449 764 3505 810 ct
3535 756 3750 810 monuit

2162 846 2400 918 Cyneam
2443 846 2630 903 statim
2673 847 2809 901 urbe
2843 847 3158 917 pellendum
3200 862 3348 913 esse,
3371 862 3471 917 per
3507 861 3748 916 eumque

2163 939 2379 1010 Pyrrho
2425 937 2851 1011 significandum
2895 948 2958 993 ut
3001 937 3226 993 domum
3286 952 3563 1003 reversus,
3631 938 3749 993 sive

2164 1028 2328 1100 375
2355 1028 2424 1084 de
2451 1044 2612 1100 pace,
2643 1027 2761 1084 sive
2786 1028 2920 1099 quid
2954 1028 3104 1083 aliud
3142 1028 3331 1093 vellet,
3381 1028 3591 1100 legatos
3618 1027 3750 1081 mit-

2165 1127 2327 1174 teret.
2363 1119 2492 1174 Haec
2529 1118 2706 1189 Appio
2736 1123 2940 1184 locuto,
2971 1126 3224 1184 senatus,
3265 1118 3407 1173 nihil
3435 1126 3748 1183 cunctatus,

2165 1211 2352 1266 statim
2418 1210 2895 1265 consentientibus
2947 1210 3150 1264 animis
3205 1209 3454 1266 decrevit
3507 1209 3748 1281 Cyneam

2165 1300 2361 1356 eodem
2398 1299 2488 1355 die
2533 1309 2688 1355 extra
2758 1300 2896 1355 ﬁnes
2935 1300 3300 1371 ablegandum
3349 1319 3364 1356 :
3409 1309 3468 1356 et
3514 1300 3747 1372 Pyrrho,

2166 1392 2298 1448 dum
2348 1393 2405 1448 in
2447 1392 2601 1447 Italia
2655 1401 2987 1459 versaretur,
3034 1393 3241 1447 bellum
3289 1392 3750 1448 irreconciliabile

2166 1483 2522 1539 indicendum
2555 1499 2698 1540 esse.
2728 1485 2991 1555 Captivos
3042 1500 3176 1540 vero
3226 1485 3456 1539 militari
3505 1486 3746 1556 quadam

2168 1573 2470 1645 ignominia
2496 1583 2781 1640 notarunt,
2820 1574 2886 1630 iis
2913 1590 3094 1645 neque
3122 1583 3314 1631 contra
3337 1576 3608 1648 Pyrrhum
3635 1577 3745 1642 usi,

2165 1680 2351 1735 neque
2392 1680 2622 1735 usquam
2675 1666 2808 1720 alibi
2852 1665 3148 1732 universis,
3183 1683 3255 1721 ne
3288 1666 3422 1737 quid
3462 1668 3747 1740 conjuncti

2168 1772 2438 1813 novarum
2470 1772 2654 1813 rerum
2684 1758 3030 1825 molirentur,
3071 1758 3169 1814 sed
3203 1759 3342 1815 alios
3371 1758 3427 1814 in
3460 1758 3566 1815 alia
3604 1776 3748 1831 prae-

486 1816 596 1922 ρέἰν
622 1816 752 1922 ivi.
783 1816 1044 1904 καιἐῐπε
1069 1816 1478 1924 μὴ’έὸμφὲρειν
1500 1851 1601 1915 τὰς
1626 1852 1764 1922 πρὸς
1796 1816 1889 1906 sit
1913 1851 2063 1925 nisi.

2171 1850 2315 1906 sidia
2368 1851 2660 1907 miserunt.
2711 1852 2818 1908 Per
2862 1852 3099 1909 hiemem
3144 1852 3406 1923 utrinque
3438 1868 3497 1909 se
3540 1853 3749 1910 instru-

486 1946 578 2015 ρον
605 1943 909 2013 συμϐάσεις
934 1947 1003 2015 τῇ
1036 1943 1306 2015 πολιτεία.
1338 1943 1621 2016 Παρῄνεσε
1643 1944 1719 2010 δὲ,
1746 1944 1839 1999 καὶ
1863 1945 2064 1999 αὐτίκα
2169 1953 2389 2001 xerunt.

482 2040 574 2094 τὸν
602 2042 835 2096 Κιννέαν
864 2040 1116 2107 ἐξελάσαι
1148 2040 1246 2110 τῆς
1275 2039 1503 2107 πόλεως,
1538 2039 1634 2093 καὶ
1659 2038 1730 2092 δι’
1767 2038 1932 2093 αὗτοῦ
1998 2038 2240 2111 δηλῶσαι
2298 2040 2378 2109 τῷ
2438 2040 2640 2113 Πύῤῥῳ
2695 2039 2881 2094 οἴκαδε
2908 2041 3595 2114 ἀναχωρήσαντα,ἐκεῑθεν
3628 2045 3750 2097 ἐπι-

483 2137 936 2206 κηρυκεύσασθαι
959 2138 1089 2208 περὶ
1116 2137 1342 2208 εἰρήνης
1372 2135 1636 2205 αὐτοῖς,ἢ
1665 2134 1760 2189 καὶ
1818 2133 1949 2205 περὶ
2009 2134 2199 2203 ἐτέρου
2273 2134 2401 2188 ὅτου
2435 2134 2629 2193 δέοιτο.
2696 2135 2885 2191 Ταῦτα
2932 2137 2962 2190 ὁ
3019 2138 3259 2202 Ἀππιος
3307 2139 3747 2197 συνεϐούλευσεν.

497 2228 557 2280 'H
583 2228 640 2281 δέ
662 2229 927 2300 γερουσία
953 2229 1139 2283 οὐκέτι
1191 2228 1486 2299 ἐμέλησεν,
1538 2226 1656 2282 ἀλλ’
1711 2227 1874 2290 εὐθὺς
1934 2225 2281 2297 ὁμοθυμαδὸν
2348 2228 2685 2300 ἐψηφίσαντο
2734 2229 3048 2302 αὐθημερὸν
3068 2230 3161 2285 τὸν
3207 2232 3442 2286 Κιννέαν
3505 2228 3610 2301 ἔξω
3641 2235 3751 2287 τῶν

484 2324 629 2396 ὅρων
657 2324 961 2396 ἐκπέμψαι,
1002 2324 1100 2379 καὶ
1123 2323 1202 2396 τῷ
1224 2323 1428 2397 Πύρρῳ
1461 2323 1699 2396 πόλεμον
1724 2323 2061 2394 ἀκήρυκτον,
2102 2324 2209 2388 ἐως
2274 2325 2342 2380 ἂν
2370 2325 2429 2377 ἐν
2482 2327 2550 2397 τῇ
2581 2324 2785 2396 Ἰταλίᾳ
2809 2326 2995 2399 διάγῃ,
3021 2327 3376 2399 ποιήσασθαι.
3410 2328 3535 2392 Τοῖς
3573 2328 3620 2381 δ’
3668 2329 3752 2382 αι-

486 2418 793 2490 χμαλώτοις
821 2417 1044 2491 ἀτιμίαν
1066 2420 1189 2473 τινὰ
1235 2419 1292 2472 ἐν
1320 2420 1444 2483 ταῖς
1473 2418 1786 2490 στρατείαις
1851 2418 2145 2488 ἐπέθεσαν,
2186 2419 2281 2474 καὶ
2327 2419 2453 2475 οὔτε
2503 2420 2641 2490 πρὸς
2693 2421 2786 2475 τὸν
2834 2422 3054 2494 Πύρρον
3079 2423 3263 2486 αὐτοῖς
3311 2423 3392 2477 ἐτι
3421 2426 3747 2503 ἐχρήσαντο,

487 2507 604 2563 οὔτ’
628 2509 822 2564 ἄλλοσέ
855 2527 948 2565 ποι
982 2510 1221 2581 ἀθρόοις,
1256 2511 1343 2564 ἵνα
1377 2512 1452 2582 μή
1487 2527 1543 2563 τι
1580 2509 1718 2580 ὁμοῦ
1743 2510 1898 2573 δντες
1922 2510 2344 2580 νεωτερίσωσιν,
2409 2508 2523 2565 ἀλλ’
2586 2509 2784 2575 ἄλλους
2843 2511 2977 2585 ἄλλῃ
3040 2514 3454 2584 φρουρήσοντας
3474 2512 3747 2585 ἔπεμψαν.

499 2599 586 2654 Ἐν
616 2601 713 2672 μὲν
744 2591 838 2655 οὖν
859 2601 936 2670 τῷ
966 2601 1199 2673 χειμῶνι
1248 2600 1725 2671 παρεσκευάζοντο
1754 2601 1945 2673 ἄμφω.

558 2689 634 2746 Ε’.
666 2692 866 2762 Ἐαρος
900 2692 944 2746 δ’
971 2692 1073 2764 ήδη
1100 2691 1485 2762 ἐφεστηκότος,
1515 2694 1543 2745 ὁ
1572 2692 1791 2765 Πύρρος
1837 2695 1919 2756 εἰς
1961 2693 2062 2763 τήν

2237 2690 2301 2744 ν.
2321 2689 2464 2746 Vere
2478 2688 2717 2745 instante
2740 2688 3013 2761 Pyrrhus,
3035 2690 3399 2763 impressione
3418 2694 3471 2749 in
3488 2695 3745 2766 Apuliam

500 2784 793 2839 Ἀπουλίαν
837 2783 1113 2850 ἐνέϐαλλε,
1171 2784 1270 2838 καὶ
1322 2782 1495 2837 πολλὰ
1552 2784 1653 2854 μὲν
1707 2783 1823 2856 βίᾳ,
1889 2785 2060 2841 πολλὰ

2170 2777 2330 2845 facta,
2355 2779 2524 2834 multa
2559 2778 2634 2844 vi,
2668 2779 2840 2835 multa
2860 2779 3144 2837 deditione
3181 2784 3475 2854 occupavit
3504 2800 3521 2842 :
3554 2785 3738 2843 donec

487 2873 545 2926 δέ
598 2872 863 2943 ὁμολογίᾳ
918 2872 1387 2943 προσεποιήσατο,
1440 2873 1635 2944 μέχρις
1681 2866 1744 2927 οὗ
1801 2873 2062 2945 Ῥωμαῖοι

2170 2871 2400 2926 Romani
2435 2870 2503 2926 ad
2536 2871 2802 2927 Asculum
2853 2872 3117 2943 oppidum
3148 2882 3343 2930 contra
3395 2890 3524 2931 eum
3565 2886 3747 2935 castra

490 2965 629 3033 πρὸς
671 2963 950 3035 Ἀσκούλῳ
1003 2963 1158 3017 πόλει
1203 2963 1319 3017 δντι
1360 2963 1512 3035 αὐτῷ
1558 2963 1898 3029 ἐπελθόντες,
1932 2966 2063 3022 άντ-

2170 2968 2492 3030 posuerunt,
2533 2976 2598 3017 ac
2625 2961 2748 3018 dies
2780 2964 3096 3033 complures
3123 2974 3318 3021 mutuo
3344 2976 3496 3023 metu
3523 2969 3750 3037 quieve-

488 3051 1078 3126 εστρατοπεδεύσαντο.
1095 3052 1222 3106 Ἐπὶ
1249 3051 1467 3117 πλείους
1483 3052 1526 3106 δ’
1541 3053 1751 3125 ἡμέρας
1782 3053 2064 3124 διέτριψαν

2170 3062 2320 3107 runt.
2355 3051 2492 3107 Nam
2524 3052 2759 3109 Romani
2809 3051 3068 3125 Epirotas
3090 3064 3152 3111 ut
3175 3055 3415 3114 victores
3449 3059 3742 3125 timebant,

488 3117 777 3209 ὀκνοῦντες
807 3143 1090 3214 ἀλλήλους.
1122 3144 1188 3197 Οἱ
1218 3142 1318 3214 μὲν
1344 3143 1454 3215 γὰρ
1492 3117 1753 3215 Ῥίομαίοι
1778 3117 1914 3209 τοὺς
1935 3117 2064 3214 προ-

2170 3137 2407 3209 Epirota:
2443 3139 2721 3198 Romanos
2750 3150 2812 3198 ut
2843 3117 3186 3214 desperatos.
3218 3144 3432 3202 Interea
3452 3162 3576 3202 cum
3604 3117 3749 3204 non;

489 3236 845 3304 νενικηκότας
873 3235 976 3288 οὐκ
1013 3233 1306 3306 ἐθάρρουν,
1327 3236 1377 3288 οἱ
1407 3234 1465 3288 δέ
1492 3234 1569 3299 ὡς
1597 3236 2065 3306 άπονενοημένους

2170 3227 2303 3282 nulli
2335 3244 2557 3286 rumore
2581 3245 2798 3301 sparso,
2844 3233 3072 3288 Decium
3127 3235 3194 3291 ad
3234 3233 3614 3293 devovendum
3664 3255 3750 3295 se-

491 3327 762 3382 ἐδεδίεσαν
794 3328 926 3391 τοὺς
970 3325 1307 3399 Ῥωμαίους·
1354 3326 1459 3379 κάν
1502 3328 1679 3398 τούτῳ
1718 3326 2066 3397 λογοποιοῦν-

2170 3320 2462 3391 metipsum
2521 3324 2772 3392 exemplo
2828 3326 3003 3395 patris
3049 3335 3107 3383 et
3160 3328 3247 3382 avi
3302 3342 3551 3400 paratum
3601 3347 3747 3394 esse,

491 3436 600 3472 των
634 3420 818 3485 τινῶν,
855 3420 939 3473 ὅτι
977 3421 1006 3473 ὁ
1033 3418 1223 3482 Δέκιος
1248 3417 1529 3473 ἐπιδοῦναι
1567 3418 1761 3475 ἑαυτὸν
1805 3420 1946 3474 κατά
1973 3419 2065 3474 τὸν

2170 3411 2427 3484 Epirotas
2455 3416 2973 3485 perterrefacerent,
3004 3434 3073 3476 ex
3115 3420 3264 3476 illius
3291 3422 3437 3477 enim
3463 3422 3616 3478 obitu
3640 3440 3752 3479 om-

491 3513 729 3585 πατέρα,
756 3513 853 3568 καὶ
882 3511 977 3566 τὸν
1010 3510 1236 3567 πάππον
1268 3511 1380 3583 (Η)
1412 3509 1777 3583 ἐτοιμάξοιτο,
1816 3512 1910 3566 κα)⁵
1938 3511 2067 3577 τοὺς

490 3606 588 3661 τοῦ
619 3605 837 3677 Πύρρου
867 3602 1060 3667 δεινῶς
1108 3602 1511 3673 ἐκφοϐούντων,
1552 3601 1628 3666 ὡς
1661 3604 1727 3657 ἐκ
1759 3601 1852 3656 τοῦ
1884 3601 2067 3657 θανεῖν

491 3699 701 3752 ἐκεῖνον
736 3698 956 3760 πάντως
985 3693 1418 3765 ἀπολουμένους,
1451 3694 1729 3764 συνήγαγε
1752 3694 1881 3757 τοὺς
1910 3710 2070 3765 στρα-

490 3787 694 3852 τιώτας
735 3788 766 3842 ὁ
814 3786 1057 3859 Πύρρος,
1099 3786 1195 3840 καὶ
1216 3783 1485 3857 διειλέχθη
1518 3784 1650 3856 περὶ
1675 3783 1889 3848 τούτου,
1929 3800 2072 3855 συμο

493 3877 791 3943 ϐουλεύων,
881 3876 1031 3946 Μήτ’
1090 3876 1364 3948 ἀθυμεῖν,
1417 3874 1556 3947 μήτ’
1626 3876 2070 3947 ἐκπλήττεσθαι

495 3971 784 4034 τοιούτοις
814 3970 1022 4039 λόγοις
1044 3984 1057 4000 ⁸
1092 3967 1248 4038 μήτε
1278 3968 1389 4038 γὰρ
1417 3966 1527 4021 ἕνα
1547 3966 1861 4036 ἄνθρωπον
1886 3968 2073 4022 δύνας

495 4063 637 4115 σθαι
663 4059 1015 4128 θνήσκοντα
1049 4060 1325 4126 πολλοὺς
1362 4058 1906 4129 καταγωνίσασθαι,
1932 4057 2071 4126 μήτ’

495 4151 738 4218 ἐπῳδὴν
774 4151 814 4220 ἣ
852 4150 1223 4222 μαγγανείαν
1264 4151 1401 4203 τινὰ
1438 4149 1682 4217 κρείττω
1722 4147 1845 4202 τῶν
1867 4151 2075 4203 ὅπλων

495 4242 741 4300 καὶτῶν
773 4243 842 4301 ἀφ
853 4243 1011 4313 δρῶν
1045 4242 1344 4313 γενέσθαι.
1381 4238 1547 4295 Ταῦτ’
1578 4237 1770 4306 εἰπὼν,
1798 4241 1894 4292 καὶ
1922 4240 2075 4309 λογι-

499 4338 655 4407 σμοῖς
679 4334 1049 4408 ἐπικρατύνας
1077 4334 1201 4397 τοὺς
1231 4332 1426 4401 λόγους
1456 4334 1484 4385 ὁ
1510 4329 1748 4403 Πύρρος,
1772 4330 1835 4385 τὸ
1864 4332 2069 4386 οἰκεῖον

2168 3518 2268 3558 nes
2299 3507 2593 3576 perituros,
2645 3508 2890 3579 Pyrrhus
2918 3524 3048 3566 suos
3074 3511 3278 3566 milites
3326 3511 3577 3569 hortatus
3605 3523 3692 3569 est
3727 3529 3745 3570 :

2167 3595 2248 3651 Ne
2279 3600 2642 3668 desperarent,
2675 3608 2767 3653 aut
2798 3600 3209 3677 percellereutur
3236 3603 3749 3672 hujusmodiverbis.

2174 3685 2362 3758 Neque
2414 3690 2554 3743 enim
2607 3691 2775 3745 unius
2830 3693 3059 3746 hominis
3105 3692 3248 3746 obitu
3278 3694 3470 3748 multo:
3500 3694 3752 3749 debellari

2170 3794 2320 3855 posse
2358 3795 2377 3833 :
2432 3796 2597 3851 neque
2645 3782 3080 3847 inmutationem,
3117 3792 3209 3837 aut
3234 3785 3534 3855 praestigias
3586 3786 3751 3854 ullas,

2170 3870 2287 3939 plus
2317 3887 2475 3942 quam
2502 3873 2639 3926 uiros
2666 3882 2715 3927 et
2758 3889 2911 3928 arma
2941 3874 3137 3963 ualere.
3166 3875 3297 3942 Quae
3323 3891 3452 3931 cum
3495 3876 3749 3942 dixisset,

2171 3967 2227 4015 et
2247 3964 2551 4016 orationem
2573 3977 2729 4017 suam
2758 3965 3066 4020 rationibus
3096 3966 3480 4035 approbasset,
3513 3969 3734 4023 exerci-

2176 4059 2289 4104 tum
2321 4051 2713 4108 conﬁrmavit:
2748 4053 3117 4126 indagatoque
3164 4056 3379 4123 habitu,
3433 4074 3541 4128 quo
3594 4061 3750 4117 Decii
3810 4056 3819 4063 ’

2173 4158 2231 4199 se
2259 4143 2627 4210 devovissent,
2660 4146 2893 4212 monuit,
2944 4147 2990 4202 si
3018 4162 3185 4217 quem
3232 4149 3309 4204 ita
3341 4160 3600 4205 ornatum
3630 4168 3753 4208 cera

2174 4243 2392 4300 uerent,
2444 4249 2515 4290 ne
2563 4251 2690 4290 eum
2743 4235 3085 4303 occiderent,
3148 4238 3242 4293 sed
3277 4240 3553 4297 viventem
3604 4257 3755 4298 com-

2176 4323 2608 4392 prehenderent.
2637 4326 2806 4381 Decio
2868 4342 3002 4382 vero
3036 4327 3284 4382 nuntiari
3316 4330 3501 4399 jussit,
3539 4331 3753 4389 facinus

497 4428 765 4499 ἐθάρσυνε
817 4428 1173 4500 στράτευμα·
1227 4425 1324 4478 καὶ
1371 4423 1937 4494 πολυπραγμονήσας,
1972 4423 2067 4494 τὴν

2177 4417 2311 4472 illud
2343 4416 2396 4472 ei
2429 4432 2542 4473 non
2591 4434 2971 4473 successurum
3006 4437 3020 4474 :
3058 4420 3181 4475 etsi
3230 4421 3393 4477 vivus
3430 4433 3745 4494 caperetur,

499 4518 694 4590 στολὴν
732 4512 768 4595 ᾖ
808 4519 1113 4589 ἐχρήσαντο
1142 4516 1192 4570 οῑ
1219 4516 1402 4570 Δέκιοι
1446 4513 1775 4578 ἐπιδιδόντες
1819 4514 2070 4580 ἑαυτοὺς,

497 4610 841 4682 παρήγγειλε
870 4612 982 4674 τοῖς
1009 4609 1253 4676 οἰκείοις,
1279 4608 1346 4663 ἀν
1378 4624 1501 4661 τινα
1527 4604 1702 4668 οὕτως
1731 4607 2074 4677 ἐσκευασμέ-

498 4720 589 4757 νον
616 4703 790 4770 ίδωσι,
828 4701 903 4773 μὴ
941 4702 1152 4757 κτεῖναι
1184 4700 1369 4768 αὐτὸν,
1403 4698 1540 4755 ἀλλὰ
1576 4699 1715 4764 ζωὸν
1743 4697 2029 4752 συλλαϐεῖν
2053 4712 2070 4730 ο

499 4794 579 4866 τῷ
610 4795 667 4848 δέ
693 4793 868 4864 Δεκίῳ
893 4792 1118 4863 πέμψας
1152 4791 1280 4863 ἔφη,
1321 4789 1447 4845 οὔτε
1495 4790 1875 4862 προχωρήσειν
1918 4790 2070 4861 αὖτῷ

500 4889 658 4940 τοῦτο
710 4885 916 4960 πρᾶξαι
966 4884 1274 4955 θελήσαντι,
1341 4886 1435 4938 καὶ
1480 4882 1835 4953 ζωγρηθέντα
1883 4874 2069 4948 κακῶς

500 4977 824 5031 ἀπολεῖσθαι
855 4976 1139 5047 ἠπείλησε.
1175 4973 1317 5046 Πρὸς
1344 4973 1488 5042 ἅπερ
1520 4973 1570 5026 οἱ
1606 4970 1803 5026 ὕπατοι
1832 4973 2070 5043 ἅπεκρίυ

501 5086 686 5132 ναντο,
717 5067 944 5137 μηδενὸς
967 5066 1214 5119 τοιούτου
1242 5067 1382 5134 σφᾶς
1401 5064 1566 5135 ἔργου
1584 5063 1828 5117 δεῖσθαι’
1856 5065 2074 5125 πάντως

502 5164 613 5229 γάρ
639 5157 805 5213 αὐτοῦ
833 5158 925 5210 καὶ
958 5157 1134 5220 άλλως
1155 5155 1475 5225 κρατήσειν.
1502 5152 1758 5222 Ποταμοῦ
1787 5153 1843 5206 δέ
1861 5153 1951 5206 διὰ
1978 5154 2069 5222 μέ-

506 5267 599 5304 σου
623 5249 732 5303 τῶν
763 5247 1147 5319 στρατοπέδων
1172 5247 1271 5299 οὐκ
1297 5245 1615 5299 εὐδιαϐάτου
1644 5246 1881 5314 ῥέοντος,
1913 5244 2076 5314 ἤρον-

502 5359 587 5407 το,
610 5342 839 5412 πότερον
870 5340 1036 5403 αὐτὸς
1069 5337 1445 5410 περαιωθῆναι
1482 5333 1733 5406 βούλεται
1760 5334 1955 5399 ἀδεῶς,
1978 5336 2075 5388 αύ-

503 5435 613 5488 τῶν
644 5432 1146 5503 ἀναχωρησάντων,
1200 5429 1234 5497 ἢ
1290 5429 1518 5491 ἐκείνοις
1575 5426 1869 5496 ἐπιτρέψαι
1915 5426 2073 5480 τοῦτο

506 5526 755 5595 τεο-ἧσαι,
789 5524 855 5577 ἶν’
890 5523 948 5586 ἐξ
979 5518 1276 5574 ἀντιπάλου
1315 5519 1494 5589 μάχης
1525 5516 1801 5587 ἀκεραίων
1839 5517 1948 5570 τῶν
1979 5518 2070 5571 δυ-

2180 4509 2321 4564 male
2357 4510 2662 4581 periturum
2687 4525 2809 4566 esse
2837 4510 3076 4566 minatus
3104 4523 3209 4568 est.
3236 4513 3317 4567 Ad
3348 4529 3471 4584 qua:
3492 4518 3751 4574 consules

2179 4602 2602 4672 responderunt,
2640 4604 2791 4657 nulla
2817 4620 2879 4659 re
2907 4603 3004 4659 tali
3022 4604 3127 4659 sibi
3161 4621 3301 4676 opus
3330 4621 3474 4663 esse.
3503 4608 3573 4663 Se
3600 4612 3749 4665 enim

2178 4694 2384 4766 alioqui
2417 4698 2649 4752 omnino
2711 4697 3026 4767 superiores
3075 4697 3171 4752 illo
3216 4699 3455 4755 futuros.
3511 4701 3581 4756 Et
3629 4717 3754 4758 cum

2178 4787 2510 4857 profundum
2544 4786 2750 4841 ﬂumen
2798 4799 2975 4842 castra
3010 4787 3250 4844 medium
3297 4789 3604 4857 dirimeret,
3650 4792 3759 4847 sci-

2177 4877 2356 4933 scitati
2373 4885 2523 4940 sunt,
2559 4888 2741 4931 utrum
2761 4876 2877 4947 ipse
2906 4877 3131 4949 impune
3162 4880 3422 4946 transire,
3458 4897 3517 4938 se
3540 4882 3754 4953 digres-

2177 4968 2275 5035 sis,
2307 4984 2380 5023 an
2442 4967 2551 5023 sibi
2587 4969 2910 5024 transeundi
2962 4979 3295 5040 potestatem
3349 4972 3481 5027 dare
3516 4974 3703 5030 mallet
3739 4991 3753 5027 :

2178 5068 2239 5112 ut
2267 5057 2464 5127 aequali
2497 5072 2700 5128 pugna,
2730 5058 2971 5129 utrisque
3010 5062 3183 5132 cepiis
3216 5061 3449 5132 integris
3471 5078 3739 5133 congres-

2178 5148 2277 5214 sis,
2308 5148 2378 5204 de
2426 5149 2755 5205 fortitudine
2809 5159 3021 5205 certum
3074 5152 3193 5208 tieri
3224 5154 3488 5223 judicium
3542 5165 3752 5224 posset.

2175 5239 2331 5294 lianc
2361 5240 2642 5310 optionem
2673 5241 2906 5296 Romani
2930 5243 3142 5312 Pyrrho
3178 5245 3409 5300 terroris
3444 5244 3753 5301 incutiendi

2181 5345 2345 5386 causa
2393 5331 2677 5388 dedissent
2715 5349 2732 5387 :
2769 5333 2886 5399 ille,
2930 5334 3161 5388 multum
3198 5335 3508 5405 elephantis
3554 5337 3753 5407 fretus,

2154 5426 2277 5478 'eos
2305 5422 2510 5478 ﬂumen
2551 5423 2787 5480 transire
2817 5440 3007 5494 passus
3033 5436 3137 5481 est.
3171 5427 3404 5482 Romani
3430 5443 3562 5484 vero
3617 5445 3740 5485 cum

2178 5519 2284 5573 alia
2316 5524 2710 5587 praepararunt,
2743 5526 2854 5572 tum
2881 5516 3141 5574 adversus
3163 5518 3488 5590 elephantos
3520 5522 3753 5581 ferratas

1703 5656 1898 5719 Variae
1928 5657 2235 5722 lectiones
2276 5667 2338 5721 et
2370 5665 2559 5721 notua.

584 5793 629 5863 (Ι
650 5794 695 5860 i)
733 5786 1003 5843 Πάππον.
1036 5784 1113 5840 Ita
1146 5799 1274 5840 mss.
1303 5780 1464 5838 codd.
