  <div class='ocr_page' id='page_1' title='image "/cluster/home/n/w/nwhite01/storage/ocr_20150623/134:no.1/coo.31924054870393/331.png"; bbox 0 0 4060 6396; ppageno 0'>
   <div class='ocr_carea' id='block_1_1' title="bbox 294 344 469 458">
    <p class='ocr_par' dir='ltr' id='par_1_1' title="bbox 294 344 469 458">
     <span class='ocr_line' id='line_1_1' title="bbox 294 344 469 458; baseline 0 0"><span class='ocrx_word' id='word_1_1' title='bbox 294 344 309 361; x_wconf 77' lang='grc'><em>’</em></span> <span class='ocrx_word' id='word_1_2' title='bbox 366 394 469 458; x_wconf 72' lang='lat'><strong>041</strong></span> 
     </span>
    </p>
   </div>
   <div class='ocr_carea' id='block_1_2' title="bbox 1629 388 2318 453">
    <p class='ocr_par' dir='ltr' id='par_1_2' title="bbox 1629 388 2318 453">
     <span class='ocr_line' id='line_1_2' title="bbox 1629 388 2318 453; baseline 0 -1"><span class='ocrx_word' id='word_1_3' title='bbox 1629 390 1955 452; x_wconf 79' lang='lat' dir='ltr'><strong>JOANNIS</strong></span> <span class='ocrx_word' id='word_1_4' title='bbox 1995 388 2318 453; x_wconf 73' lang='grc' dir='ltr'><strong>ΖΟΝΑΒᾸΞ</strong></span> 
     </span>
    </p>
   </div>
   <div class='ocr_carea' id='block_1_3' title="bbox 3510 392 3626 455">
    <p class='ocr_par' dir='ltr' id='par_1_3' title="bbox 3510 392 3626 455">
     <span class='ocr_line' id='line_1_3' title="bbox 3510 392 3626 455; baseline 0.017 -2"><span class='ocrx_word' id='word_1_5' title='bbox 3510 392 3626 455; x_wconf 79' lang='grc'><strong>648</strong></span> 
     </span>
    </p>
   </div>
   <div class='ocr_carea' id='block_1_4' title="bbox 367 499 1938 575">
    <p class='ocr_par' dir='ltr' id='par_1_4' title="bbox 367 501 1938 573">
     <span class='ocr_line' id='line_1_4' title="bbox 367 501 1938 573; baseline -0.004 -13"><span class='ocrx_word' id='word_1_6' title='bbox 367 508 579 571; x_wconf 86' lang='lat' dir='ltr'><strong>hastas,</strong></span> <span class='ocrx_word' id='word_1_7' title='bbox 612 512 976 561; x_wconf 88' lang='lat' dir='ltr'><strong>antennarum</strong></span> <span class='ocrx_word' id='word_1_8' title='bbox 1004 502 1169 573; x_wconf 77' lang='lat'><strong>376</strong></span> <span class='ocrx_word' id='word_1_9' title='bbox 1201 503 1371 558; x_wconf 90' lang='lat' dir='ltr'><strong>instar</strong></span> <span class='ocrx_word' id='word_1_10' title='bbox 1399 501 1656 556; x_wconf 91' lang='lat' dir='ltr'><strong>curribus</strong></span> <span class='ocrx_word' id='word_1_11' title='bbox 1693 501 1938 565; x_wconf 83' lang='lat' dir='ltr'><strong>insertasI</strong></span> 
     </span>
    </p>
   </div>
   <div class='ocr_carea' id='block_1_5' title="bbox 2042 499 3633 575">
    <p class='ocr_par' dir='ltr' id='par_1_5' title="bbox 2054 499 3633 575">
     <span class='ocr_line' id='line_1_5' title="bbox 2054 499 3633 575; baseline 0.003 -22"><span class='ocrx_word' id='word_1_12' title='bbox 2054 501 2273 572; x_wconf 87' lang='grc' dir='ltr'>νάμεων</span> <span class='ocrx_word' id='word_1_13' title='bbox 2304 502 2383 566; x_wconf 87' lang='grc' dir='ltr'><strong>εἰς</strong></span> <span class='ocrx_word' id='word_1_14' title='bbox 2414 501 2602 573; x_wconf 79' lang='grc' dir='ltr'>χεῖρας</span> <span class='ocrx_word' id='word_1_15' title='bbox 2626 499 2920 557; x_wconf 66' lang='grc' dir='ltr'>ἐλθουσῶν.</span> <span class='ocrx_word' id='word_1_16' title='bbox 2951 501 2980 555; x_wconf 81' lang='grc' dir='ltr'><strong><em>ὁ</em></strong></span> <span class='ocrx_word' id='word_1_17' title='bbox 3013 500 3117 571; x_wconf 81' lang='grc' dir='ltr'>τῆς</span> <span class='ocrx_word' id='word_1_18' title='bbox 3136 501 3389 574; x_wconf 79' lang='grc' dir='ltr'><strong>ἀνδρείας</strong></span> <span class='ocrx_word' id='word_1_19' title='bbox 3409 501 3633 575; x_wconf 74' lang='grc' dir='ltr'>ἐλεγχος</span> 
     </span>
    </p>
   </div>
   <div class='ocr_carea' id='block_1_6' title="bbox 363 592 1947 668">
    <p class='ocr_par' dir='ltr' id='par_1_6' title="bbox 363 592 1947 668">
     <span class='ocr_line' id='line_1_6' title="bbox 363 592 1947 668; baseline -0.006 -15"><span class='ocrx_word' id='word_1_20' title='bbox 363 609 421 653; x_wconf 87' lang='lat' dir='ltr'><strong>et</strong></span> <span class='ocrx_word' id='word_1_21' title='bbox 454 598 701 668; x_wconf 85' lang='lat' dir='ltr'><strong>undique</strong></span> <span class='ocrx_word' id='word_1_22' title='bbox 742 597 1048 650; x_wconf 81' lang='lat' dir='ltr'><strong>eminentes</strong></span> <span class='ocrx_word' id='word_1_23' title='bbox 1079 603 1363 666; x_wconf 79' lang='lat' dir='ltr'><strong>pararunt,</strong></span> <span class='ocrx_word' id='word_1_24' title='bbox 1418 601 1478 649; x_wconf 89' lang='lat' dir='ltr'><strong>ut</strong></span> <span class='ocrx_word' id='word_1_25' title='bbox 1501 608 1626 647; x_wconf 83' lang='lat' dir='ltr'><strong>cum</strong></span> <span class='ocrx_word' id='word_1_26' title='bbox 1674 592 1783 646; x_wconf 86' lang='lat' dir='ltr'><strong>alia</strong></span> <span class='ocrx_word' id='word_1_27' title='bbox 1833 601 1947 645; x_wconf 89' lang='lat' dir='ltr'><strong>tum</strong></span> 
     </span>
    </p>
   </div>
   <div class='ocr_carea' id='block_1_7' title="bbox 365 680 1947 760">
    <p class='ocr_par' dir='ltr' id='par_1_7' title="bbox 365 680 1947 760">
     <span class='ocr_line' id='line_1_7' title="bbox 365 680 1947 760; baseline -0.005 -16"><span class='ocrx_word' id='word_1_28' title='bbox 365 692 547 760; x_wconf 85' lang='lat' dir='ltr'><strong>ignem</strong></span> <span class='ocrx_word' id='word_1_29' title='bbox 600 688 728 743; x_wconf 91' lang='lat' dir='ltr'><strong>inde</strong></span> <span class='ocrx_word' id='word_1_30' title='bbox 786 687 1146 759; x_wconf 81' lang='lat' dir='ltr'><strong>ejaeulantes,</strong></span> <span class='ocrx_word' id='word_1_31' title='bbox 1181 680 1391 741; x_wconf 84' lang='lat' dir='ltr'><strong>belluas</strong></span> <span class='ocrx_word' id='word_1_32' title='bbox 1424 685 1779 755; x_wconf 88' lang='lat' dir='ltr'><strong>repellerent.</strong></span> <span class='ocrx_word' id='word_1_33' title='bbox 1809 684 1947 739; x_wconf 89' lang='lat' dir='ltr'><strong>Cum</strong></span> 
     </span>
    </p>
   </div>
   <div class='ocr_carea' id='block_1_8' title="bbox 364 774 1947 844">
    <p class='ocr_par' dir='ltr' id='par_1_8' title="bbox 364 774 1947 844">
     <span class='ocr_line' id='line_1_8' title="bbox 364 774 1947 844; baseline -0.006 -7"><span class='ocrx_word' id='word_1_34' title='bbox 364 783 430 837; x_wconf 88' lang='lat' dir='ltr'><strong>ad</strong></span> <span class='ocrx_word' id='word_1_35' title='bbox 466 796 659 836; x_wconf 89' lang='lat' dir='ltr'><strong>manus</strong></span> <span class='ocrx_word' id='word_1_36' title='bbox 693 789 916 833; x_wconf 92' lang='lat' dir='ltr'><strong>ventum</strong></span> <span class='ocrx_word' id='word_1_37' title='bbox 948 788 1114 842; x_wconf 89' lang='lat' dir='ltr'><strong>esset,</strong></span> <span class='ocrx_word' id='word_1_38' title='bbox 1141 777 1369 832; x_wconf 84' lang='lat' dir='ltr'><strong>Romani</strong></span> <span class='ocrx_word' id='word_1_39' title='bbox 1411 777 1633 832; x_wconf 64' lang='lat' dir='ltr'><strong>Graecos</strong></span> <span class='ocrx_word' id='word_1_40' title='bbox 1665 790 1792 830; x_wconf 88' lang='lat' dir='ltr'><strong>sero</strong></span> <span class='ocrx_word' id='word_1_41' title='bbox 1818 774 1947 844; x_wconf 85' lang='lat' dir='ltr'><strong>qui-</strong></span> 
     </span>
    </p>
   </div>
   <div class='ocr_carea' id='block_1_9' title="bbox 363 865 1948 940">
    <p class='ocr_par' dir='ltr' id='par_1_9' title="bbox 363 865 1948 940">
     <span class='ocr_line' id='line_1_9' title="bbox 363 865 1948 940; baseline -0.007 -11"><span class='ocrx_word' id='word_1_42' title='bbox 363 875 511 938; x_wconf 90' lang='lat' dir='ltr'><strong>dem,</strong></span> <span class='ocrx_word' id='word_1_43' title='bbox 554 873 649 928; x_wconf 86' lang='lat' dir='ltr'><strong>sed</strong></span> <span class='ocrx_word' id='word_1_44' title='bbox 679 872 899 924; x_wconf 83' lang='lat' dir='ltr'><strong>tandem</strong></span> <span class='ocrx_word' id='word_1_45' title='bbox 949 870 1304 940; x_wconf 85' lang='lat' dir='ltr'><strong>pepulerunt,</strong></span> <span class='ocrx_word' id='word_1_46' title='bbox 1350 869 1527 923; x_wconf 91' lang='lat' dir='ltr'><strong>donec</strong></span> <span class='ocrx_word' id='word_1_47' title='bbox 1554 867 1798 939; x_wconf 77' lang='lat' dir='ltr'><strong>Pyrrhus</strong></span> <span class='ocrx_word' id='word_1_48' title='bbox 1833 865 1948 919; x_wconf 88' lang='lat' dir='ltr'><strong>ele-</strong></span> 
     </span>
    </p>
   </div>
   <div class='ocr_carea' id='block_1_10' title="bbox 364 954 1946 1033">
    <p class='ocr_par' dir='ltr' id='par_1_10' title="bbox 364 954 1946 1033">
     <span class='ocr_line' id='line_1_10' title="bbox 364 954 1946 1033; baseline -0.007 -17"><span class='ocrx_word' id='word_1_49' title='bbox 364 962 585 1033; x_wconf 74' lang='lat' dir='ltr'><strong>phantis</strong></span> <span class='ocrx_word' id='word_1_50' title='bbox 612 963 665 1015; x_wconf 93' lang='lat' dir='ltr'><strong>in</strong></span> <span class='ocrx_word' id='word_1_51' title='bbox 696 961 981 1025; x_wconf 78' lang='lat' dir='ltr'><strong>auxilium,</strong></span> <span class='ocrx_word' id='word_1_52' title='bbox 1013 974 1121 1012; x_wconf 83' lang='lat' dir='ltr'><strong>non</strong></span> <span class='ocrx_word' id='word_1_53' title='bbox 1148 973 1253 1026; x_wconf 83' lang='lat' dir='ltr'><strong>qua</strong></span> <span class='ocrx_word' id='word_1_54' title='bbox 1278 957 1460 1011; x_wconf 79' lang='lat' dir='ltr'><strong>falcati</strong></span> <span class='ocrx_word' id='word_1_55' title='bbox 1480 971 1677 1010; x_wconf 90' lang='lat' dir='ltr'><strong>currus</strong></span> <span class='ocrx_word' id='word_1_56' title='bbox 1704 954 1946 1019; x_wconf 87' lang='lat' dir='ltr'><strong>stabant,</strong></span> 
     </span>
    </p>
   </div>
   <div class='ocr_carea' id='block_1_11' title="bbox 364 1047 1948 1121">
    <p class='ocr_par' dir='ltr' id='par_1_11' title="bbox 364 1047 1948 1121">
     <span class='ocr_line' id='line_1_11' title="bbox 364 1047 1948 1121; baseline -0.006 -12"><span class='ocrx_word' id='word_1_57' title='bbox 364 1055 459 1109; x_wconf 89' lang='lat' dir='ltr'><strong>sed</strong></span> <span class='ocrx_word' id='word_1_58' title='bbox 488 1055 542 1107; x_wconf 90' lang='lat' dir='ltr'><strong>in</strong></span> <span class='ocrx_word' id='word_1_59' title='bbox 574 1054 801 1107; x_wconf 84' lang='lat' dir='ltr'><strong>alteram</strong></span> <span class='ocrx_word' id='word_1_60' title='bbox 854 1061 1065 1121; x_wconf 89' lang='lat' dir='ltr'><strong>partem</strong></span> <span class='ocrx_word' id='word_1_61' title='bbox 1096 1049 1368 1114; x_wconf 84' lang='lat' dir='ltr'><strong>adductis,</strong></span> <span class='ocrx_word' id='word_1_62' title='bbox 1405 1048 1707 1118; x_wconf 86' lang='lat' dir='ltr'><strong>equitatum</strong></span> <span class='ocrx_word' id='word_1_63' title='bbox 1744 1047 1948 1101; x_wconf 79' lang='lat' dir='ltr'><strong>Roma-</strong></span> 
     </span>
    </p>
   </div>
   <div class='ocr_carea' id='block_1_12' title="bbox 363 1139 1947 1213">
    <p class='ocr_par' dir='ltr' id='par_1_12' title="bbox 363 1139 1947 1213">
     <span class='ocr_line' id='line_1_12' title="bbox 363 1139 1947 1213; baseline -0.005 -12"><span class='ocrx_word' id='word_1_64' title='bbox 363 1164 492 1201; x_wconf 89' lang='lat' dir='ltr'><strong>num</strong></span> <span class='ocrx_word' id='word_1_65' title='bbox 521 1157 735 1201; x_wconf 91' lang='lat' dir='ltr'><strong>terrore</strong></span> <span class='ocrx_word' id='word_1_66' title='bbox 764 1147 1068 1200; x_wconf 86' lang='lat' dir='ltr'><strong>belluarnm</strong></span> <span class='ocrx_word' id='word_1_67' title='bbox 1115 1153 1241 1198; x_wconf 90' lang='lat' dir='ltr'><strong>ante</strong></span> <span class='ocrx_word' id='word_1_68' title='bbox 1276 1156 1630 1213; x_wconf 77' lang='lat' dir='ltr'><strong>congressum</strong></span> <span class='ocrx_word' id='word_1_69' title='bbox 1685 1139 1947 1211; x_wconf 81' lang='lat' dir='ltr'><strong>proﬂiga-</strong></span> 
     </span>
    </p>
   </div>
   <div class='ocr_carea' id='block_1_13' title="bbox 364 1232 1946 1306">
    <p class='ocr_par' dir='ltr' id='par_1_13' title="bbox 364 1232 1946 1306">
     <span class='ocr_line' id='line_1_13' title="bbox 364 1232 1946 1306; baseline -0.004 -16"><span class='ocrx_word' id='word_1_70' title='bbox 364 1238 466 1301; x_wconf 92' lang='lat' dir='ltr'><strong>vit,</strong></span> <span class='ocrx_word' id='word_1_71' title='bbox 514 1239 610 1292; x_wconf 88' lang='lat' dir='ltr'><strong>sed</strong></span> <span class='ocrx_word' id='word_1_72' title='bbox 645 1236 924 1306; x_wconf 84' lang='lat' dir='ltr'><strong>peditibus</strong></span> <span class='ocrx_word' id='word_1_73' title='bbox 971 1250 1165 1305; x_wconf 87' lang='lat' dir='ltr'><strong>parum</strong></span> <span class='ocrx_word' id='word_1_74' title='bbox 1221 1232 1674 1288; x_wconf 79' lang='lat' dir='ltr'><strong>incommodavit.</strong></span> <span class='ocrx_word' id='word_1_75' title='bbox 1730 1233 1946 1285; x_wconf 89' lang='lat' dir='ltr'><strong>lnterea</strong></span> 
     </span>
    </p>
   </div>
   <div class='ocr_carea' id='block_1_14' title="bbox 363 1324 1947 1401">
    <p class='ocr_par' dir='ltr' id='par_1_14' title="bbox 363 1324 1947 1401">
     <span class='ocr_line' id='line_1_14' title="bbox 363 1324 1947 1401; baseline -0.003 -18"><span class='ocrx_word' id='word_1_76' title='bbox 363 1330 586 1401; x_wconf 90' lang='lat' dir='ltr'><strong>quidam</strong></span> <span class='ocrx_word' id='word_1_77' title='bbox 645 1328 829 1398; x_wconf 83' lang='lat' dir='ltr'><strong>Apuli,</strong></span> <span class='ocrx_word' id='word_1_78' title='bbox 878 1328 1229 1396; x_wconf 86' lang='lat' dir='ltr'><strong>Epirotarum</strong></span> <span class='ocrx_word' id='word_1_79' title='bbox 1282 1336 1460 1381; x_wconf 88' lang='lat' dir='ltr'><strong>castra</strong></span> <span class='ocrx_word' id='word_1_80' title='bbox 1495 1324 1754 1397; x_wconf 85' lang='lat' dir='ltr'><strong>aggressi,</strong></span> <span class='ocrx_word' id='word_1_81' title='bbox 1784 1336 1947 1379; x_wconf 84' lang='lat' dir='ltr'><strong>causa</strong></span> 
     </span>
    </p>
   </div>
   <div class='ocr_carea' id='block_1_15' title="bbox 362 1413 1948 1485">
    <p class='ocr_par' dir='ltr' id='par_1_15' title="bbox 362 1413 1948 1485">
     <span class='ocr_line' id='line_1_15' title="bbox 362 1413 1948 1485; baseline -0.004 -10"><span class='ocrx_word' id='word_1_82' title='bbox 362 1421 611 1476; x_wconf 83' lang='lat' dir='ltr'><strong>victoriae</strong></span> <span class='ocrx_word' id='word_1_83' title='bbox 658 1418 924 1474; x_wconf 83' lang='lat' dir='ltr'><strong>Romanis</strong></span> <span class='ocrx_word' id='word_1_84' title='bbox 960 1419 1317 1473; x_wconf 75' lang='lat' dir='ltr'><strong>exstiterunt.</strong></span> <span class='ocrx_word' id='word_1_85' title='bbox 1364 1416 1499 1470; x_wconf 82' lang='lat' dir='ltr'><strong>Nam</strong></span> <span class='ocrx_word' id='word_1_86' title='bbox 1528 1430 1653 1469; x_wconf 90' lang='lat' dir='ltr'><strong>cum</strong></span> <span class='ocrx_word' id='word_1_87' title='bbox 1704 1413 1948 1485; x_wconf 80' lang='lat' dir='ltr'><strong>Pyrrhus</strong></span> 
     </span>
    </p>
   </div>
   <div class='ocr_carea' id='block_1_16' title="bbox 362 1492 1943 1579">
    <p class='ocr_par' dir='ltr' id='par_1_16' title="bbox 362 1492 1943 1579">
     <span class='ocr_line' id='line_1_16' title="bbox 362 1492 1943 1579; baseline -0.004 -16"><span class='ocrx_word' id='word_1_88' title='bbox 362 1508 573 1579; x_wconf 89' lang='lat' dir='ltr'><strong>aliquot</strong></span> <span class='ocrx_word' id='word_1_89' title='bbox 595 1523 663 1562; x_wconf 78' lang='lat' dir='ltr'><strong>ex</strong></span> <span class='ocrx_word' id='word_1_90' title='bbox 696 1508 763 1561; x_wconf 92' lang='lat' dir='ltr'><strong>iis</strong></span> <span class='ocrx_word' id='word_1_91' title='bbox 791 1507 882 1577; x_wconf 91' lang='lat' dir='ltr'><strong>qui</strong></span> <span class='ocrx_word' id='word_1_92' title='bbox 926 1506 1262 1577; x_wconf 82' lang='lat' dir='ltr'><strong>pugnabant,</strong></span> <span class='ocrx_word' id='word_1_93' title='bbox 1294 1515 1488 1560; x_wconf 90' lang='lat' dir='ltr'><strong>contra</strong></span> <span class='ocrx_word' id='word_1_94' title='bbox 1527 1492 1623 1560; x_wconf 63' lang='lat' dir='ltr'><strong>eds</strong></span> <span class='ocrx_word' id='word_1_95' title='bbox 1681 1504 1943 1567; x_wconf 87' lang='lat' dir='ltr'><strong>misisset,</strong></span> 
     </span>
    </p>
   </div>
   <div class='ocr_carea' id='block_1_17' title="bbox 362 1598 1946 1670">
    <p class='ocr_par' dir='ltr' id='par_1_17' title="bbox 362 1598 1946 1670">
     <span class='ocr_line' id='line_1_17' title="bbox 362 1598 1946 1670; baseline -0.004 -16"><span class='ocrx_word' id='word_1_96' title='bbox 362 1599 560 1670; x_wconf 88' lang='lat' dir='ltr'><strong>reliqui</strong></span> <span class='ocrx_word' id='word_1_97' title='bbox 612 1615 804 1653; x_wconf 89' lang='lat' dir='ltr'><strong>omnes</strong></span> <span class='ocrx_word' id='word_1_98' title='bbox 872 1600 1101 1662; x_wconf 71' lang='lat' dir='ltr'><strong>turbati,</strong></span> <span class='ocrx_word' id='word_1_99' title='bbox 1167 1607 1223 1652; x_wconf 91' lang='lat' dir='ltr'><strong>et</strong></span> <span class='ocrx_word' id='word_1_100' title='bbox 1284 1598 1520 1651; x_wconf 73' lang='lat' dir='ltr'><strong>tentoria</strong></span> <span class='ocrx_word' id='word_1_101' title='bbox 1592 1604 1750 1665; x_wconf 75' lang='lat' dir='ltr'><strong>rapta</strong></span> <span class='ocrx_word' id='word_1_102' title='bbox 1802 1608 1946 1656; x_wconf 85' lang='lat' dir='ltr'><strong>esse,</strong></span> 
     </span>
    </p>
   </div>
   <div class='ocr_carea' id='block_1_18' title="bbox 360 1690 1946 1761">
    <p class='ocr_par' dir='ltr' id='par_1_18' title="bbox 360 1690 1946 1761">
     <span class='ocr_line' id='line_1_18' title="bbox 360 1690 1946 1761; baseline -0.004 -16"><span class='ocrx_word' id='word_1_103' title='bbox 360 1700 417 1746; x_wconf 89' lang='lat' dir='ltr'><strong>et</strong></span> <span class='ocrx_word' id='word_1_104' title='bbox 478 1692 603 1746; x_wconf 91' lang='lat' dir='ltr'><strong>illos</strong></span> <span class='ocrx_word' id='word_1_105' title='bbox 647 1691 839 1761; x_wconf 81' lang='lat' dir='ltr'><strong>fugere</strong></span> <span class='ocrx_word' id='word_1_106' title='bbox 916 1692 1148 1760; x_wconf 80' lang='lat' dir='ltr'><strong>Opinati,</strong></span> <span class='ocrx_word' id='word_1_107' title='bbox 1227 1690 1587 1751; x_wconf 81' lang='lat' dir='ltr'><strong>inclinarunt,</strong></span> <span class='ocrx_word' id='word_1_108' title='bbox 1643 1700 1946 1754; x_wconf 82' lang='lat' dir='ltr'><strong>eorumque</strong></span> 
     </span>
    </p>
   </div>
   <div class='ocr_carea' id='block_1_19' title="bbox 361 1776 1948 1852">
    <p class='ocr_par' dir='ltr' id='par_1_19' title="bbox 361 1776 1948 1852">
     <span class='ocr_line' id='line_1_19' title="bbox 361 1776 1948 1852; baseline -0.005 -14"><span class='ocrx_word' id='word_1_109' title='bbox 361 1783 519 1843; x_wconf 85' lang='lat' dir='ltr'><strong>multi</strong></span> <span class='ocrx_word' id='word_1_110' title='bbox 562 1783 687 1838; x_wconf 58' lang='lat' dir='ltr'><strong>caesi</strong></span> <span class='ocrx_word' id='word_1_111' title='bbox 747 1790 875 1837; x_wconf 92' lang='lat' dir='ltr'><strong>sunt</strong></span> <span class='ocrx_word' id='word_1_112' title='bbox 910 1798 926 1839; x_wconf 87' lang='lat'><strong>:</strong></span> <span class='ocrx_word' id='word_1_113' title='bbox 959 1781 1200 1852; x_wconf 75' lang='lat' dir='ltr'><strong>Pyrrhus</strong></span> <span class='ocrx_word' id='word_1_114' title='bbox 1247 1781 1385 1850; x_wconf 91' lang='lat' dir='ltr'><strong>ipse,</strong></span> <span class='ocrx_word' id='word_1_115' title='bbox 1436 1786 1492 1833; x_wconf 93' lang='lat' dir='ltr'><strong>et</strong></span> <span class='ocrx_word' id='word_1_116' title='bbox 1537 1793 1603 1832; x_wconf 80' lang='lat' dir='ltr'><strong>ex</strong></span> <span class='ocrx_word' id='word_1_117' title='bbox 1656 1776 1948 1847; x_wconf 66' lang='lat' dir='ltr'><strong>praecipuis</strong></span> 
     </span>
    </p>
   </div>
   <div class='ocr_carea' id='block_1_20' title="bbox 2048 587 3636 666">
    <p class='ocr_par' dir='ltr' id='par_1_20' title="bbox 2048 587 3636 666">
     <span class='ocr_line' id='line_1_20' title="bbox 2048 587 3636 666; baseline 0.004 -21"><span class='ocrx_word' id='word_1_118' title='bbox 2048 594 2262 660; x_wconf 87' lang='grc' dir='ltr'>γένοιτο</span> <span class='ocrx_word' id='word_1_119' title='bbox 2306 592 2563 663; x_wconf 98' lang='grc' dir='ltr'>ἀκριϐής.</span> <span class='ocrx_word' id='word_1_120' title='bbox 2606 593 2669 647; x_wconf 72' lang='lat' dir='ltr'><strong>Oi</strong></span> <span class='ocrx_word' id='word_1_121' title='bbox 2710 591 2809 665; x_wconf 84' lang='grc' dir='ltr'>μὲν</span> <span class='ocrx_word' id='word_1_122' title='bbox 2846 587 2940 648; x_wconf 82' lang='grc' dir='ltr'><strong>οὖν</strong></span> <span class='ocrx_word' id='word_1_123' title='bbox 2983 594 3245 663; x_wconf 79' lang='grc' dir='ltr'>Ῥωμαῖοι</span> <span class='ocrx_word' id='word_1_124' title='bbox 3291 595 3427 666; x_wconf 79' lang='grc' dir='ltr'>πρὸς</span> <span class='ocrx_word' id='word_1_125' title='bbox 3460 598 3636 652; x_wconf 81' lang='grc' dir='ltr'>κατά-</span> 
     </span>
    </p>
   </div>
   <div class='ocr_carea' id='block_1_21' title="bbox 2049 684 3631 759">
    <p class='ocr_par' dir='ltr' id='par_1_21' title="bbox 2049 684 3631 759">
     <span class='ocr_line' id='line_1_21' title="bbox 2049 684 3631 759; baseline 0.003 -21"><span class='ocrx_word' id='word_1_126' title='bbox 2049 684 2247 756; x_wconf 84' lang='grc' dir='ltr'>πληξιν</span> <span class='ocrx_word' id='word_1_127' title='bbox 2297 686 2390 738; x_wconf 79' lang='grc' dir='ltr'><strong>τὸν</strong></span> <span class='ocrx_word' id='word_1_128' title='bbox 2446 686 2606 754; x_wconf 88' lang='grc' dir='ltr'>λόγον</span> <span class='ocrx_word' id='word_1_129' title='bbox 2658 686 2947 755; x_wconf 84' lang='grc' dir='ltr'>ἐποίησαν.</span> <span class='ocrx_word' id='word_1_130' title='bbox 2985 686 3043 739; x_wconf 88' lang='lat'><strong>&#39;0</strong></span> <span class='ocrx_word' id='word_1_131' title='bbox 3076 687 3132 740; x_wconf 81' lang='grc' dir='ltr'>δὲ</span> <span class='ocrx_word' id='word_1_132' title='bbox 3182 686 3399 759; x_wconf 72' lang='grc' dir='ltr'>Πύρρος</span> <span class='ocrx_word' id='word_1_133' title='bbox 3444 689 3631 753; x_wconf 85' lang='grc' dir='ltr'>αὐτοῖς</span> 
     </span>
    </p>
   </div>
   <div class='ocr_carea' id='block_1_22' title="bbox 2047 776 3631 849">
    <p class='ocr_par' dir='ltr' id='par_1_22' title="bbox 2047 776 3631 849">
     <span class='ocr_line' id='line_1_22' title="bbox 2047 776 3631 849; baseline 0.003 -20"><span class='ocrx_word' id='word_1_134' title='bbox 2047 778 2230 845; x_wconf 73' lang='grc' dir='ltr'>ἀφῆκε</span> <span class='ocrx_word' id='word_1_135' title='bbox 2271 776 2522 843; x_wconf 83' lang='grc' dir='ltr'>διαϐῆναι</span> <span class='ocrx_word' id='word_1_136' title='bbox 2555 777 2646 830; x_wconf 76' lang='grc' dir='ltr'>τὸν</span> <span class='ocrx_word' id='word_1_137' title='bbox 2674 778 2941 848; x_wconf 78' lang='grc' dir='ltr'>ποταμὸν,</span> <span class='ocrx_word' id='word_1_138' title='bbox 2968 779 3113 846; x_wconf 84' lang='grc' dir='ltr'>μέγα</span> <span class='ocrx_word' id='word_1_139' title='bbox 3142 781 3358 849; x_wconf 79' lang='grc' dir='ltr'><strong>φρονῶν</strong></span> <span class='ocrx_word' id='word_1_140' title='bbox 3390 781 3485 833; x_wconf 74' lang='grc' dir='ltr'><strong>ἐπὶ</strong></span> <span class='ocrx_word' id='word_1_141' title='bbox 3514 784 3631 844; x_wconf 77' lang='grc' dir='ltr'>τοῖς</span> 
     </span>
    </p>
   </div>
   <div class='ocr_carea' id='block_1_23' title="bbox 2047 868 3630 942">
    <p class='ocr_par' dir='ltr' id='par_1_23' title="bbox 2047 868 3630 942">
     <span class='ocr_line' id='line_1_23' title="bbox 2047 868 3630 942; baseline 0.004 -21"><span class='ocrx_word' id='word_1_142' title='bbox 2047 868 2325 936; x_wconf 83' lang='grc' dir='ltr'>ἐλέφασιν.</span> <span class='ocrx_word' id='word_1_143' title='bbox 2375 871 2436 922; x_wconf 89' lang='grc' dir='ltr'>Οἰ</span> <span class='ocrx_word' id='word_1_144' title='bbox 2470 869 2526 923; x_wconf 79' lang='grc' dir='ltr'><strong>δὲ</strong></span> <span class='ocrx_word' id='word_1_145' title='bbox 2567 870 2831 939; x_wconf 68' lang='grc' dir='ltr'>Ῥωμαῖοι</span> <span class='ocrx_word' id='word_1_146' title='bbox 2885 870 2954 924; x_wconf 89' lang='grc' dir='ltr'><strong>τά</strong></span> <span class='ocrx_word' id='word_1_147' title='bbox 2986 887 3045 923; x_wconf 89' lang='grc' dir='ltr'><strong>τε</strong></span> <span class='ocrx_word' id='word_1_148' title='bbox 3095 871 3231 925; x_wconf 82' lang='grc' dir='ltr'>ἄλλα</span> <span class='ocrx_word' id='word_1_149' title='bbox 3281 874 3630 942; x_wconf 79' lang='grc' dir='ltr'>παρεσκευά-</span> 
     </span>
    </p>
   </div>
   <div class='ocr_carea' id='block_1_24' title="bbox 2048 960 3630 1032">
    <p class='ocr_par' dir='ltr' id='par_1_24' title="bbox 2048 960 3630 1032">
     <span class='ocr_line' id='line_1_24' title="bbox 2048 960 3630 1032; baseline 0.004 -22"><span class='ocrx_word' id='word_1_150' title='bbox 2048 975 2230 1022; x_wconf 85' lang='grc' dir='ltr'>σαντο,</span> <span class='ocrx_word' id='word_1_151' title='bbox 2258 961 2351 1012; x_wconf 71' lang='grc' dir='ltr'>καὶ</span> <span class='ocrx_word' id='word_1_152' title='bbox 2389 960 2526 1031; x_wconf 81' lang='grc' dir='ltr'>πρὸς</span> <span class='ocrx_word' id='word_1_153' title='bbox 2557 960 2682 1023; x_wconf 80' lang='grc' dir='ltr'>τοὺς</span> <span class='ocrx_word' id='word_1_154' title='bbox 2713 960 3016 1028; x_wconf 82' lang='grc' dir='ltr'>ἐλέφαντας</span> <span class='ocrx_word' id='word_1_155' title='bbox 3037 963 3263 1032; x_wconf 82' lang='grc' dir='ltr'>κεραίας</span> <span class='ocrx_word' id='word_1_156' title='bbox 3294 962 3376 1031; x_wconf 81' lang='grc' dir='ltr'>ἐφ’</span> <span class='ocrx_word' id='word_1_157' title='bbox 3399 965 3630 1032; x_wconf 77' lang='grc' dir='ltr'>ἁμαξῶν</span> 
     </span>
    </p>
   </div>
   <div class='ocr_carea' id='block_1_25' title="bbox 2049 1051 3621 1124">
    <p class='ocr_par' dir='ltr' id='par_1_25' title="bbox 2049 1051 3621 1124">
     <span class='ocr_line' id='line_1_25' title="bbox 2049 1051 3621 1124; baseline 0.003 -21"><span class='ocrx_word' id='word_1_158' title='bbox 2049 1051 2489 1121; x_wconf 78' lang='grc' dir='ltr'>σεσιδηρωμένας</span> <span class='ocrx_word' id='word_1_159' title='bbox 2520 1052 2613 1106; x_wconf 76' lang='grc' dir='ltr'><strong>καὶ</strong></span> <span class='ocrx_word' id='word_1_160' title='bbox 2642 1052 2982 1122; x_wconf 69' lang='grc' dir='ltr'><strong>πανταχόθεν</strong></span> <span class='ocrx_word' id='word_1_161' title='bbox 3022 1054 3367 1124; x_wconf 70' lang='grc' dir='ltr'><strong>προεχούσας</strong></span> <span class='ocrx_word' id='word_1_162' title='bbox 3396 1055 3621 1124; x_wconf 81' lang='grc' dir='ltr'>ἡτοίμα-</span> 
     </span>
    </p>
   </div>
   <div class='ocr_carea' id='block_1_26' title="bbox 2049 1140 3626 1215">
    <p class='ocr_par' dir='ltr' id='par_1_26' title="bbox 2049 1140 3626 1215">
     <span class='ocr_line' id='line_1_26' title="bbox 2049 1140 3626 1215; baseline 0.003 -22"><span class='ocrx_word' id='word_1_163' title='bbox 2049 1156 2167 1206; x_wconf 86' lang='grc' dir='ltr'>σαν,</span> <span class='ocrx_word' id='word_1_164' title='bbox 2236 1141 2324 1195; x_wconf 85' lang='grc' dir='ltr'>ῖνα</span> <span class='ocrx_word' id='word_1_165' title='bbox 2378 1140 2689 1206; x_wconf 79' lang='grc' dir='ltr'>τοξεύοντες</span> <span class='ocrx_word' id='word_1_166' title='bbox 2738 1142 2834 1195; x_wconf 86' lang='grc' dir='ltr'>ἀπ’</span> <span class='ocrx_word' id='word_1_167' title='bbox 2873 1142 3052 1195; x_wconf 81' lang='grc' dir='ltr'>αὑτῶν</span> <span class='ocrx_word' id='word_1_168' title='bbox 3085 1143 3220 1199; x_wconf 72' lang='grc' dir='ltr'>ἄλλα</span> <span class='ocrx_word' id='word_1_169' title='bbox 3267 1160 3327 1196; x_wconf 88' lang='grc' dir='ltr'><strong>τε</strong></span> <span class='ocrx_word' id='word_1_170' title='bbox 3370 1144 3626 1215; x_wconf 75' lang='grc' dir='ltr'>καὶπῦρ,</span> 
     </span>
    </p>
   </div>
   <div class='ocr_carea' id='block_1_27' title="bbox 2047 1232 3627 1307">
    <p class='ocr_par' dir='ltr' id='par_1_27' title="bbox 2047 1232 3627 1307">
     <span class='ocr_line' id='line_1_27' title="bbox 2047 1232 3627 1307; baseline 0.003 -22"><span class='ocrx_word' id='word_1_171' title='bbox 2047 1232 2296 1301; x_wconf 85' lang='grc' dir='ltr'>ἐμποδὼν</span> <span class='ocrx_word' id='word_1_172' title='bbox 2347 1234 2500 1302; x_wconf 84' lang='grc' dir='ltr'>σφίσι</span> <span class='ocrx_word' id='word_1_173' title='bbox 2545 1234 2826 1302; x_wconf 80' lang='grc' dir='ltr'><strong>γίνωνται.</strong></span> <span class='ocrx_word' id='word_1_174' title='bbox 2875 1234 3280 1304; x_wconf 77' lang='grc' dir='ltr'>Προσμίξαντες</span> <span class='ocrx_word' id='word_1_175' title='bbox 3339 1235 3397 1289; x_wconf 83' lang='grc' dir='ltr'>δὲ</span> <span class='ocrx_word' id='word_1_176' title='bbox 3446 1237 3627 1307; x_wconf 84' lang='grc' dir='ltr'>χρόνῳ</span> 
     </span>
    </p>
   </div>
   <div class='ocr_carea' id='block_1_28' title="bbox 2050 1323 3629 1398">
    <p class='ocr_par' dir='ltr' id='par_1_28' title="bbox 2050 1323 3629 1398">
     <span class='ocr_line' id='line_1_28' title="bbox 2050 1323 3629 1398; baseline 0.004 -22"><span class='ocrx_word' id='word_1_177' title='bbox 2050 1325 2149 1395; x_wconf 85' lang='grc' dir='ltr'><strong>μὲν</strong></span> <span class='ocrx_word' id='word_1_178' title='bbox 2178 1326 2227 1377; x_wconf 91' lang='grc' dir='ltr'><strong>οἰ</strong></span> <span class='ocrx_word' id='word_1_179' title='bbox 2270 1323 2529 1394; x_wconf 83' lang='grc' dir='ltr'>Ῥωμαῖοι</span> <span class='ocrx_word' id='word_1_180' title='bbox 2560 1327 2688 1389; x_wconf 79' lang='grc' dir='ltr'>τοὺς</span> <span class='ocrx_word' id='word_1_181' title='bbox 2717 1326 3009 1396; x_wconf 81' lang='grc' dir='ltr'>Ἕλληνας,</span> <span class='ocrx_word' id='word_1_182' title='bbox 3041 1326 3278 1380; x_wconf 76' lang='grc' dir='ltr'>ἐώσαντο</span> <span class='ocrx_word' id='word_1_183' title='bbox 3309 1326 3356 1381; x_wconf 84' lang='grc' dir='ltr'>δ’</span> <span class='ocrx_word' id='word_1_184' title='bbox 3383 1323 3496 1392; x_wconf 81' lang='grc' dir='ltr'>οὖν,</span> <span class='ocrx_word' id='word_1_185' title='bbox 3535 1328 3629 1398; x_wconf 85' lang='grc' dir='ltr'>μέ-</span> 
     </span>
    </p>
   </div>
   <div class='ocr_carea' id='block_1_29' title="bbox 2046 1417 3624 1493">
    <p class='ocr_par' dir='ltr' id='par_1_29' title="bbox 2046 1417 3624 1493">
     <span class='ocr_line' id='line_1_29' title="bbox 2046 1417 3624 1493; baseline 0.004 -25"><span class='ocrx_word' id='word_1_186' title='bbox 2046 1433 2169 1488; x_wconf 88' lang='grc' dir='ltr'>χρις</span> <span class='ocrx_word' id='word_1_187' title='bbox 2199 1419 2228 1470; x_wconf 82' lang='grc' dir='ltr'>ὁ</span> <span class='ocrx_word' id='word_1_188' title='bbox 2271 1417 2487 1489; x_wconf 77' lang='grc' dir='ltr'>Πύρρος</span> <span class='ocrx_word' id='word_1_189' title='bbox 2521 1419 2637 1481; x_wconf 81' lang='grc' dir='ltr'>τοῖς</span> <span class='ocrx_word' id='word_1_190' title='bbox 2676 1418 2933 1487; x_wconf 72' lang='grc' dir='ltr'>ἐλέφασιν</span> <span class='ocrx_word' id='word_1_191' title='bbox 2971 1418 3034 1473; x_wconf 89' lang='grc' dir='ltr'><strong>οὑ</strong></span> <span class='ocrx_word' id='word_1_192' title='bbox 3063 1422 3206 1473; x_wconf 84' lang='grc' dir='ltr'>κατὰ</span> <span class='ocrx_word' id='word_1_193' title='bbox 3250 1421 3349 1484; x_wconf 74' lang='grc' dir='ltr'>τὰς</span> <span class='ocrx_word' id='word_1_194' title='bbox 3388 1420 3624 1493; x_wconf 82' lang='grc' dir='ltr'>ἀμάξας.</span> 
     </span>
    </p>
   </div>
   <div class='ocr_carea' id='block_1_30' title="bbox 2045 1507 3626 1581">
    <p class='ocr_par' dir='ltr' id='par_1_30' title="bbox 2045 1507 3626 1581">
     <span class='ocr_line' id='line_1_30' title="bbox 2045 1507 3626 1581; baseline 0.003 -22"><span class='ocrx_word' id='word_1_195' title='bbox 2045 1507 2165 1559; x_wconf 85' lang='grc' dir='ltr'>ἀλλ’</span> <span class='ocrx_word' id='word_1_196' title='bbox 2215 1509 2307 1560; x_wconf 81' lang='grc' dir='ltr'>ἐπὶ</span> <span class='ocrx_word' id='word_1_197' title='bbox 2351 1507 2560 1576; x_wconf 83' lang='grc' dir='ltr'>θάτερα</span> <span class='ocrx_word' id='word_1_198' title='bbox 2598 1508 3021 1581; x_wconf 78' lang='grc' dir='ltr'>προσϐοηθήσας</span> <span class='ocrx_word' id='word_1_199' title='bbox 3073 1511 3257 1573; x_wconf 77' lang='grc' dir='ltr'>αὑτοῖς</span> <span class='ocrx_word' id='word_1_200' title='bbox 3304 1511 3403 1581; x_wconf 81' lang='grc' dir='ltr'>τὴν</span> <span class='ocrx_word' id='word_1_201' title='bbox 3460 1512 3626 1564; x_wconf 85' lang='grc' dir='ltr'>ἲππον</span> 
     </span>
    </p>
   </div>
   <div class='ocr_carea' id='block_1_31' title="bbox 2050 1596 3625 1672">
    <p class='ocr_par' dir='ltr' id='par_1_31' title="bbox 2050 1596 3625 1672">
     <span class='ocr_line' id='line_1_31' title="bbox 2050 1596 3625 1672; baseline 0.004 -24"><span class='ocrx_word' id='word_1_202' title='bbox 2050 1596 2201 1666; x_wconf 84' lang='grc' dir='ltr'>σφῶν</span> <span class='ocrx_word' id='word_1_203' title='bbox 2244 1597 2341 1650; x_wconf 69' lang='grc' dir='ltr'>καὶ</span> <span class='ocrx_word' id='word_1_204' title='bbox 2375 1602 2503 1668; x_wconf 74' lang='grc' dir='ltr'>πρὶν</span> <span class='ocrx_word' id='word_1_205' title='bbox 2548 1600 2851 1668; x_wconf 77' lang='grc' dir='ltr'>προσμίξαι</span> <span class='ocrx_word' id='word_1_206' title='bbox 2897 1600 3048 1672; x_wconf 79' lang='grc' dir='ltr'>φόϐῳ</span> <span class='ocrx_word' id='word_1_207' title='bbox 3078 1601 3186 1653; x_wconf 80' lang='grc' dir='ltr'><strong>τῶν</strong></span> <span class='ocrx_word' id='word_1_208' title='bbox 3218 1601 3422 1672; x_wconf 88' lang='grc' dir='ltr'>θηρίων</span> <span class='ocrx_word' id='word_1_209' title='bbox 3473 1601 3625 1672; x_wconf 84' lang='grc' dir='ltr'>ἐτρέ-</span> 
     </span>
    </p>
   </div>
   <div class='ocr_carea' id='block_1_32' title="bbox 2046 1688 3626 1762">
    <p class='ocr_par' dir='ltr' id='par_1_32' title="bbox 2046 1688 3626 1762">
     <span class='ocr_line' id='line_1_32' title="bbox 2046 1688 3626 1762; baseline 0.002 -21"><span class='ocrx_word' id='word_1_210' title='bbox 2046 1688 2207 1757; x_wconf 73' lang='grc' dir='ltr'>ψατο,</span> <span class='ocrx_word' id='word_1_211' title='bbox 2230 1689 2309 1760; x_wconf 83' lang='grc' dir='ltr'>τῷ</span> <span class='ocrx_word' id='word_1_212' title='bbox 2342 1691 2527 1757; x_wconf 88' lang='grc' dir='ltr'>μέντοι</span> <span class='ocrx_word' id='word_1_213' title='bbox 2566 1688 2718 1759; x_wconf 79' lang='grc' dir='ltr'>πεζῷ</span> <span class='ocrx_word' id='word_1_214' title='bbox 2751 1691 2905 1744; x_wconf 82' lang='grc' dir='ltr'>οὐδὲν</span> <span class='ocrx_word' id='word_1_215' title='bbox 2941 1691 3086 1761; x_wconf 85' lang='grc' dir='ltr'>μέγα</span> <span class='ocrx_word' id='word_1_216' title='bbox 3119 1692 3466 1762; x_wconf 82' lang='grc' dir='ltr'>ἐλυμήνατο·</span> <span class='ocrx_word' id='word_1_217' title='bbox 3521 1695 3626 1746; x_wconf 80' lang='grc' dir='ltr'><strong>κάν</strong></span> 
     </span>
    </p>
   </div>
   <div class='ocr_carea' id='block_1_33' title="bbox 2047 1780 3625 1854">
    <p class='ocr_par' dir='ltr' id='par_1_33' title="bbox 2047 1780 3625 1854">
     <span class='ocr_line' id='line_1_33' title="bbox 2047 1780 3625 1854; baseline 0.002 -20"><span class='ocrx_word' id='word_1_218' title='bbox 2047 1780 2226 1851; x_wconf 85' lang='grc' dir='ltr'>τούτῳ</span> <span class='ocrx_word' id='word_1_219' title='bbox 2260 1781 2368 1835; x_wconf 84' lang='grc' dir='ltr'><strong>τῶν</strong></span> <span class='ocrx_word' id='word_1_220' title='bbox 2401 1780 2682 1834; x_wconf 81' lang='grc' dir='ltr'>Ἀπούλων</span> <span class='ocrx_word' id='word_1_221' title='bbox 2716 1781 2863 1843; x_wconf 81' lang='grc' dir='ltr'>τινὲς</span> <span class='ocrx_word' id='word_1_222' title='bbox 2897 1782 2989 1834; x_wconf 85' lang='grc' dir='ltr'><strong>ἐπί</strong></span> <span class='ocrx_word' id='word_1_223' title='bbox 3020 1781 3083 1834; x_wconf 85' lang='grc' dir='ltr'><strong>τὸ</strong></span> <span class='ocrx_word' id='word_1_224' title='bbox 3113 1783 3224 1836; x_wconf 85' lang='grc' dir='ltr'><strong>τῶν</strong></span> <span class='ocrx_word' id='word_1_225' title='bbox 3270 1784 3625 1854; x_wconf 79' lang='grc' dir='ltr'>Ἠπειρωτῶν</span> 
     </span>
    </p>
   </div>
   <div class='ocr_carea' id='block_1_34' title="bbox 358 1839 1938 1944">
    <p class='ocr_par' dir='ltr' id='par_1_34' title="bbox 358 1867 1938 1944">
     <span class='ocr_line' id='line_1_34' title="bbox 358 1867 1938 1944; baseline -0.007 -15"><span class='ocrx_word' id='word_1_226' title='bbox 358 1874 671 1944; x_wconf 89' lang='lat' dir='ltr'><strong>complures</strong></span> <span class='ocrx_word' id='word_1_227' title='bbox 696 1870 992 1936; x_wconf 86' lang='lat' dir='ltr'><strong>vulnerati,</strong></span> <span class='ocrx_word' id='word_1_228' title='bbox 1023 1885 1088 1925; x_wconf 88' lang='lat' dir='ltr'><strong>ac</strong></span> <span class='ocrx_word' id='word_1_229' title='bbox 1124 1881 1251 1939; x_wconf 89' lang='lat' dir='ltr'><strong>post</strong></span> <span class='ocrx_word' id='word_1_230' title='bbox 1283 1885 1408 1924; x_wconf 91' lang='lat' dir='ltr'><strong>cum</strong></span> <span class='ocrx_word' id='word_1_231' title='bbox 1457 1867 1530 1922; x_wconf 94' lang='lat' dir='ltr'><strong>ob</strong></span> <span class='ocrx_word' id='word_1_232' title='bbox 1577 1874 1938 1932; x_wconf 83' lang='lat' dir='ltr'><strong>commeatus,</strong></span> 
     </span>
    </p>
   </div>
   <div class='ocr_carea' id='block_1_35' title="bbox 2042 1839 3624 1944">
    <p class='ocr_par' dir='ltr' id='par_1_35' title="bbox 2048 1839 3624 1941">
     <span class='ocr_line' id='line_1_35' title="bbox 2048 1839 3624 1941; baseline -0.001 -18"><span class='ocrx_word' id='word_1_233' title='bbox 2048 1839 2377 1941; x_wconf 72' lang='grc' dir='ltr'>ὡρμηκότες</span> <span class='ocrx_word' id='word_1_234' title='bbox 2412 1869 2800 1940; x_wconf 80' lang='grc' dir='ltr'>στρατόπεδον,</span> <span class='ocrx_word' id='word_1_235' title='bbox 2832 1839 2931 1939; x_wconf 79' lang='grc' dir='ltr'>τῆς</span> <span class='ocrx_word' id='word_1_236' title='bbox 2961 1869 3116 1938; x_wconf 93' lang='grc' dir='ltr'>νίκης</span> <span class='ocrx_word' id='word_1_237' title='bbox 3142 1869 3306 1923; x_wconf 85' lang='grc' dir='ltr'>αίτιοι</span> <span class='ocrx_word' id='word_1_238' title='bbox 3333 1839 3448 1930; x_wconf 64' lang='grc' dir='ltr'><strong>τοίξ</strong></span> <span class='ocrx_word' id='word_1_239' title='bbox 3489 1869 3624 1921; x_wconf 81' lang='grc' dir='ltr'><strong>Ῥω-</strong></span> 
     </span>
    </p>
   </div>
   <div class='ocr_carea' id='block_1_36' title="bbox 360 1956 1935 2028">
    <p class='ocr_par' dir='ltr' id='par_1_36' title="bbox 360 1956 1935 2028">
     <span class='ocr_line' id='line_1_36' title="bbox 360 1956 1935 2028; baseline -0.003 -13"><span class='ocrx_word' id='word_1_240' title='bbox 360 1974 476 2015; x_wconf 89' lang='lat' dir='ltr'><strong>tum</strong></span> <span class='ocrx_word' id='word_1_241' title='bbox 539 1961 1068 2015; x_wconf 83' lang='lat' dir='ltr'><strong>medicamentorum</strong></span> <span class='ocrx_word' id='word_1_242' title='bbox 1128 1957 1371 2027; x_wconf 86' lang='lat' dir='ltr'><strong>inopiam</strong></span> <span class='ocrx_word' id='word_1_243' title='bbox 1426 1957 1666 2028; x_wconf 75' lang='lat' dir='ltr'><strong>graviter</strong></span> <span class='ocrx_word' id='word_1_244' title='bbox 1723 1956 1935 2011; x_wconf 82' lang='lat' dir='ltr'><strong>aﬂlicti.</strong></span> 
     </span>
    </p>
   </div>
   <div class='ocr_carea' id='block_1_37' title="bbox 358 2049 1937 2119">
    <p class='ocr_par' dir='ltr' id='par_1_37' title="bbox 358 2049 1937 2119">
     <span class='ocr_line' id='line_1_37' title="bbox 358 2049 1937 2119; baseline -0.003 -13"><span class='ocrx_word' id='word_1_245' title='bbox 358 2053 726 2119; x_wconf 87' lang='lat' dir='ltr'><strong>Quamobrem</strong></span> <span class='ocrx_word' id='word_1_246' title='bbox 760 2051 1060 2105; x_wconf 86' lang='lat' dir='ltr'><strong>Tarentum</strong></span> <span class='ocrx_word' id='word_1_247' title='bbox 1083 2049 1364 2114; x_wconf 83' lang='lat' dir='ltr'><strong>discessit,</strong></span> <span class='ocrx_word' id='word_1_248' title='bbox 1398 2059 1695 2118; x_wconf 88' lang='lat' dir='ltr'><strong>antequam</strong></span> <span class='ocrx_word' id='word_1_249' title='bbox 1724 2049 1778 2103; x_wconf 87' lang='lat' dir='ltr'><strong>id</strong></span> <span class='ocrx_word' id='word_1_250' title='bbox 1823 2049 1937 2103; x_wconf 80' lang='lat' dir='ltr'><strong>Ro-</strong></span> 
     </span>
    </p>
   </div>
   <div class='ocr_carea' id='block_1_38' title="bbox 359 2138 1937 2210">
    <p class='ocr_par' dir='ltr' id='par_1_38' title="bbox 359 2138 1937 2210">
     <span class='ocr_line' id='line_1_38' title="bbox 359 2138 1937 2210; baseline -0.004 -11"><span class='ocrx_word' id='word_1_251' title='bbox 359 2145 507 2199; x_wconf 84' lang='lat' dir='ltr'><strong>mani</strong></span> <span class='ocrx_word' id='word_1_252' title='bbox 546 2143 875 2197; x_wconf 84' lang='lat' dir='ltr'><strong>sensissent.</strong></span> <span class='ocrx_word' id='word_1_253' title='bbox 915 2140 1206 2203; x_wconf 88' lang='lat' dir='ltr'><strong>Consules,</strong></span> <span class='ocrx_word' id='word_1_254' title='bbox 1234 2140 1339 2195; x_wconf 82' lang='lat' dir='ltr'><strong>etsi</strong></span> <span class='ocrx_word' id='word_1_255' title='bbox 1388 2138 1594 2193; x_wconf 83' lang='lat' dir='ltr'><strong>ﬂumen</strong></span> <span class='ocrx_word' id='word_1_256' title='bbox 1654 2138 1937 2210; x_wconf 86' lang='lat' dir='ltr'><strong>pugnandi</strong></span> 
     </span>
    </p>
   </div>
   <div class='ocr_carea' id='block_1_39' title="bbox 358 2231 1941 2300">
    <p class='ocr_par' dir='ltr' id='par_1_39' title="bbox 358 2231 1941 2300">
     <span class='ocr_line' id='line_1_39' title="bbox 358 2231 1941 2300; baseline -0.004 -7"><span class='ocrx_word' id='word_1_257' title='bbox 358 2251 525 2292; x_wconf 89' lang='lat' dir='ltr'><strong>causa</strong></span> <span class='ocrx_word' id='word_1_258' title='bbox 579 2235 948 2300; x_wconf 86' lang='lat' dir='ltr'><strong>transierunt,</strong></span> <span class='ocrx_word' id='word_1_259' title='bbox 1014 2242 1199 2287; x_wconf 87' lang='lat' dir='ltr'><strong>tamen</strong></span> <span class='ocrx_word' id='word_1_260' title='bbox 1248 2247 1374 2285; x_wconf 90' lang='lat' dir='ltr'><strong>eum</strong></span> <span class='ocrx_word' id='word_1_261' title='bbox 1413 2231 1703 2286; x_wconf 87' lang='lat' dir='ltr'><strong>audissent</strong></span> <span class='ocrx_word' id='word_1_262' title='bbox 1752 2232 1941 2286; x_wconf 76' lang='lat' dir='ltr'><strong>hostes</strong></span> 
     </span>
    </p>
   </div>
   <div class='ocr_carea' id='block_1_40' title="bbox 356 2324 1938 2396">
    <p class='ocr_par' dir='ltr' id='par_1_40' title="bbox 356 2324 1938 2396">
     <span class='ocr_line' id='line_1_40' title="bbox 356 2324 1938 2396; baseline -0.004 -12"><span class='ocrx_word' id='word_1_263' title='bbox 356 2343 550 2387; x_wconf 90' lang='lat' dir='ltr'><strong>omnes</strong></span> <span class='ocrx_word' id='word_1_264' title='bbox 572 2327 866 2396; x_wconf 86' lang='lat' dir='ltr'><strong>dissipatos</strong></span> <span class='ocrx_word' id='word_1_265' title='bbox 889 2340 1033 2390; x_wconf 90' lang='lat' dir='ltr'><strong>esse,</strong></span> <span class='ocrx_word' id='word_1_266' title='bbox 1061 2324 1119 2379; x_wconf 88' lang='lat' dir='ltr'><strong>in</strong></span> <span class='ocrx_word' id='word_1_267' title='bbox 1144 2326 1309 2379; x_wconf 81' lang='lat' dir='ltr'><strong>urbes</strong></span> <span class='ocrx_word' id='word_1_268' title='bbox 1333 2324 1547 2394; x_wconf 68' lang='lat' dir='ltr'><strong>Apulia:</strong></span> <span class='ocrx_word' id='word_1_269' title='bbox 1573 2324 1938 2395; x_wconf 79' lang='lat' dir='ltr'><strong>hybernatum</strong></span> 
     </span>
    </p>
   </div>
   <div class='ocr_carea' id='block_1_41' title="bbox 361 2413 1937 2488">
    <p class='ocr_par' dir='ltr' id='par_1_41' title="bbox 361 2413 1937 2488">
     <span class='ocr_line' id='line_1_41' title="bbox 361 2413 1937 2488; baseline -0.003 -14"><span class='ocrx_word' id='word_1_270' title='bbox 361 2418 587 2484; x_wconf 89' lang='lat' dir='ltr'><strong>reversi,</strong></span> <span class='ocrx_word' id='word_1_271' title='bbox 616 2427 841 2488; x_wconf 88' lang='lat' dir='ltr'><strong>propter</strong></span> <span class='ocrx_word' id='word_1_272' title='bbox 890 2416 1209 2470; x_wconf 83' lang='lat' dir='ltr'><strong>vulneratos</strong></span> <span class='ocrx_word' id='word_1_273' title='bbox 1244 2414 1469 2479; x_wconf 84' lang='lat' dir='ltr'><strong>milites,</strong></span> <span class='ocrx_word' id='word_1_274' title='bbox 1529 2413 1651 2468; x_wconf 85' lang='lat' dir='ltr'><strong>illos</strong></span> <span class='ocrx_word' id='word_1_275' title='bbox 1680 2414 1937 2483; x_wconf 85' lang='lat' dir='ltr'><strong>persequi</strong></span> 
     </span>
    </p>
   </div>
   <div class='ocr_carea' id='block_1_42' title="bbox 358 2504 1934 2580">
    <p class='ocr_par' dir='ltr' id='par_1_42' title="bbox 358 2504 1934 2580">
     <span class='ocr_line' id='line_1_42' title="bbox 358 2504 1934 2580; baseline -0.005 -15"><span class='ocrx_word' id='word_1_276' title='bbox 358 2528 467 2566; x_wconf 88' lang='lat' dir='ltr'><strong>non</strong></span> <span class='ocrx_word' id='word_1_277' title='bbox 498 2518 819 2580; x_wconf 87' lang='lat' dir='ltr'><strong>potuerunt.</strong></span> <span class='ocrx_word' id='word_1_278' title='bbox 853 2507 1097 2578; x_wconf 74' lang='lat' dir='ltr'><strong>Pyrrhus</strong></span> <span class='ocrx_word' id='word_1_279' title='bbox 1142 2520 1275 2561; x_wconf 83' lang='lat' dir='ltr'><strong>vero</strong></span> <span class='ocrx_word' id='word_1_280' title='bbox 1310 2520 1437 2559; x_wconf 87' lang='lat' dir='ltr'><strong>cum</strong></span> <span class='ocrx_word' id='word_1_281' title='bbox 1482 2504 1591 2558; x_wconf 87' lang='lat' dir='ltr'><strong>alia</strong></span> <span class='ocrx_word' id='word_1_282' title='bbox 1651 2505 1934 2571; x_wconf 74' lang='lat' dir='ltr'><strong>instruxit,</strong></span> 
     </span>
    </p>
   </div>
   <div class='ocr_carea' id='block_1_43' title="bbox 363 2594 1937 2666">
    <p class='ocr_par' dir='ltr' id='par_1_43' title="bbox 363 2594 1937 2666">
     <span class='ocr_line' id='line_1_43' title="bbox 363 2594 1937 2666; baseline -0.003 -12"><span class='ocrx_word' id='word_1_283' title='bbox 363 2610 474 2655; x_wconf 92' lang='lat' dir='ltr'><strong>tum</strong></span> <span class='ocrx_word' id='word_1_284' title='bbox 513 2598 715 2653; x_wconf 87' lang='lat' dir='ltr'><strong>milites</strong></span> <span class='ocrx_word' id='word_1_285' title='bbox 742 2606 799 2652; x_wconf 89' lang='lat' dir='ltr'><strong>et</strong></span> <span class='ocrx_word' id='word_1_286' title='bbox 837 2597 1099 2666; x_wconf 89' lang='lat' dir='ltr'><strong>pecunias</strong></span> <span class='ocrx_word' id='word_1_287' title='bbox 1131 2594 1297 2649; x_wconf 88' lang='lat' dir='ltr'><strong>domo</strong></span> <span class='ocrx_word' id='word_1_288' title='bbox 1328 2594 1525 2647; x_wconf 88' lang='lat' dir='ltr'><strong>advehi</strong></span> <span class='ocrx_word' id='word_1_289' title='bbox 1584 2595 1754 2663; x_wconf 89' lang='lat' dir='ltr'><strong>jussit</strong></span> <span class='ocrx_word' id='word_1_290' title='bbox 1786 2612 1800 2648; x_wconf 87' lang='lat'><strong>:</strong></span> <span class='ocrx_word' id='word_1_291' title='bbox 1840 2595 1937 2651; x_wconf 88' lang='lat' dir='ltr'><strong>sed</strong></span> 
     </span>
    </p>
   </div>
   <div class='ocr_carea' id='block_1_44' title="bbox 358 2684 1937 2754">
    <p class='ocr_par' dir='ltr' id='par_1_44' title="bbox 358 2684 1937 2754">
     <span class='ocr_line' id='line_1_44' title="bbox 358 2684 1937 2754; baseline -0.002 -10"><span class='ocrx_word' id='word_1_292' title='bbox 358 2704 485 2744; x_wconf 89' lang='lat' dir='ltr'><strong>cum</strong></span> <span class='ocrx_word' id='word_1_293' title='bbox 515 2687 826 2743; x_wconf 86' lang='lat' dir='ltr'><strong>Fabricium</strong></span> <span class='ocrx_word' id='word_1_294' title='bbox 851 2692 908 2740; x_wconf 91' lang='lat' dir='ltr'><strong>et</strong></span> <span class='ocrx_word' id='word_1_295' title='bbox 937 2684 1181 2754; x_wconf 84' lang='lat' dir='ltr'><strong>Pappum</strong></span> <span class='ocrx_word' id='word_1_296' title='bbox 1215 2685 1468 2738; x_wconf 86' lang='lat' dir='ltr'><strong>consules</strong></span> <span class='ocrx_word' id='word_1_297' title='bbox 1525 2684 1702 2740; x_wconf 86' lang='lat' dir='ltr'><strong>lectos</strong></span> <span class='ocrx_word' id='word_1_298' title='bbox 1758 2687 1810 2738; x_wconf 87' lang='lat' dir='ltr'><strong>in</strong></span> <span class='ocrx_word' id='word_1_299' title='bbox 1844 2700 1937 2741; x_wconf 88' lang='lat' dir='ltr'><strong>ca-</strong></span> 
     </span>
    </p>
   </div>
   <div class='ocr_carea' id='block_1_45' title="bbox 358 2775 1937 2849">
    <p class='ocr_par' dir='ltr' id='par_1_45' title="bbox 358 2775 1937 2849">
     <span class='ocr_line' id='line_1_45' title="bbox 358 2775 1937 2849; baseline -0.001 -14"><span class='ocrx_word' id='word_1_300' title='bbox 358 2790 471 2836; x_wconf 85' lang='lat' dir='ltr'><strong>stra</strong></span> <span class='ocrx_word' id='word_1_301' title='bbox 515 2778 834 2849; x_wconf 86' lang='lat' dir='ltr'><strong>pervenisse</strong></span> <span class='ocrx_word' id='word_1_302' title='bbox 871 2775 1244 2846; x_wconf 80' lang='lat' dir='ltr'><strong>cognovisset,</strong></span> <span class='ocrx_word' id='word_1_303' title='bbox 1295 2777 1352 2829; x_wconf 89' lang='lat' dir='ltr'><strong>in</strong></span> <span class='ocrx_word' id='word_1_304' title='bbox 1386 2790 1454 2830; x_wconf 86' lang='lat' dir='ltr'><strong>ea</strong></span> <span class='ocrx_word' id='word_1_305' title='bbox 1503 2776 1778 2831; x_wconf 78' lang='lat' dir='ltr'><strong>sententia</strong></span> <span class='ocrx_word' id='word_1_306' title='bbox 1825 2794 1937 2833; x_wconf 91' lang='lat' dir='ltr'><strong>non</strong></span> 
     </span>
    </p>
   </div>
   <div class='ocr_carea' id='block_1_46' title="bbox 359 2867 1937 2941">
    <p class='ocr_par' dir='ltr' id='par_1_46' title="bbox 359 2867 1937 2941">
     <span class='ocr_line' id='line_1_46' title="bbox 359 2867 1937 2941; baseline -0.001 -16"><span class='ocrx_word' id='word_1_307' title='bbox 359 2872 686 2941; x_wconf 87' lang='lat' dir='ltr'><strong>permansit.</strong></span> <span class='ocrx_word' id='word_1_308' title='bbox 717 2869 903 2924; x_wconf 81' lang='lat' dir='ltr'><strong>Nicias</strong></span> <span class='ocrx_word' id='word_1_309' title='bbox 929 2883 1067 2922; x_wconf 90' lang='lat' dir='ltr'><strong>vero</strong></span> <span class='ocrx_word' id='word_1_310' title='bbox 1105 2867 1354 2936; x_wconf 87' lang='lat' dir='ltr'><strong>quidam,</strong></span> <span class='ocrx_word' id='word_1_311' title='bbox 1387 2867 1484 2937; x_wconf 88' lang='lat' dir='ltr'><strong>qui</strong></span> <span class='ocrx_word' id='word_1_312' title='bbox 1536 2867 1680 2922; x_wconf 81' lang='lat' dir='ltr'><strong>ﬁdus</strong></span> <span class='ocrx_word' id='word_1_313' title='bbox 1710 2868 1789 2923; x_wconf 90' lang='lat' dir='ltr'><strong>illi</strong></span> <span class='ocrx_word' id='word_1_314' title='bbox 1813 2882 1937 2924; x_wconf 85' lang='lat' dir='ltr'><strong>esse</strong></span> 
     </span>
    </p>
   </div>
   <div class='ocr_carea' id='block_1_47' title="bbox 360 2959 1940 3030">
    <p class='ocr_par' dir='ltr' id='par_1_47' title="bbox 360 2959 1940 3030">
     <span class='ocr_line' id='line_1_47' title="bbox 360 2959 1940 3030; baseline -0.002 -14"><span class='ocrx_word' id='word_1_315' title='bbox 360 2963 715 3030; x_wconf 82' lang='lat' dir='ltr'><strong>credebatur,</strong></span> <span class='ocrx_word' id='word_1_316' title='bbox 776 2961 845 3017; x_wconf 85' lang='lat' dir='ltr'><strong>ad</strong></span> <span class='ocrx_word' id='word_1_317' title='bbox 906 2959 1225 3015; x_wconf 84' lang='lat' dir='ltr'><strong>Fabricium</strong></span> <span class='ocrx_word' id='word_1_318' title='bbox 1284 2973 1345 3015; x_wconf 82' lang='lat' dir='ltr'><strong>se</strong></span> <span class='ocrx_word' id='word_1_319' title='bbox 1406 2959 1662 3024; x_wconf 89' lang='lat' dir='ltr'><strong>contulit,</strong></span> <span class='ocrx_word' id='word_1_320' title='bbox 1691 2974 1750 3014; x_wconf 84' lang='lat' dir='ltr'><strong>se</strong></span> <span class='ocrx_word' id='word_1_321' title='bbox 1804 2960 1940 3029; x_wconf 88' lang='lat' dir='ltr'><strong>Pyr-</strong></span> 
     </span>
    </p>
   </div>
   <div class='ocr_carea' id='block_1_48' title="bbox 360 3053 1936 3125">
    <p class='ocr_par' dir='ltr' id='par_1_48' title="bbox 360 3053 1936 3125">
     <span class='ocr_line' id='line_1_48' title="bbox 360 3053 1936 3125; baseline -0.004 -11"><span class='ocrx_word' id='word_1_322' title='bbox 360 3063 522 3116; x_wconf 83' lang='lat' dir='ltr'><strong>rhum</strong></span> <span class='ocrx_word' id='word_1_323' title='bbox 555 3060 684 3115; x_wconf 90' lang='lat' dir='ltr'><strong>dolo</strong></span> <span class='ocrx_word' id='word_1_324' title='bbox 731 3057 1156 3113; x_wconf 82' lang='lat' dir='ltr'><strong>interfecturum</strong></span> <span class='ocrx_word' id='word_1_325' title='bbox 1192 3054 1480 3125; x_wconf 87' lang='lat' dir='ltr'><strong>pollicens.</strong></span> <span class='ocrx_word' id='word_1_326' title='bbox 1529 3053 1687 3120; x_wconf 84' lang='lat' dir='ltr'><strong>Quod</strong></span> <span class='ocrx_word' id='word_1_327' title='bbox 1720 3053 1936 3109; x_wconf 76' lang='lat' dir='ltr'><strong>facinus</strong></span> 
     </span>
    </p>
   </div>
   <div class='ocr_carea' id='block_1_49' title="bbox 2052 1957 3624 2030">
    <p class='ocr_par' dir='ltr' id='par_1_49' title="bbox 2052 1957 3624 2030">
     <span class='ocr_line' id='line_1_49' title="bbox 2052 1957 3624 2030; baseline -0.001 -18"><span class='ocrx_word' id='word_1_328' title='bbox 2052 1960 2235 2030; x_wconf 88' lang='grc' dir='ltr'>μαίοις</span> <span class='ocrx_word' id='word_1_329' title='bbox 2274 1960 2540 2026; x_wconf 87' lang='grc' dir='ltr'>ἐγένοντο.</span> <span class='ocrx_word' id='word_1_330' title='bbox 2586 1957 2753 2023; x_wconf 86' lang='grc' dir='ltr'>Τινάς</span> <span class='ocrx_word' id='word_1_331' title='bbox 2780 1960 2887 2029; x_wconf 88' lang='grc' dir='ltr'><strong>γάρ</strong></span> <span class='ocrx_word' id='word_1_332' title='bbox 2913 1959 3021 2012; x_wconf 80' lang='grc' dir='ltr'>τῶν</span> <span class='ocrx_word' id='word_1_333' title='bbox 3054 1959 3379 2028; x_wconf 80' lang='grc' dir='ltr'>μαχομένων</span> <span class='ocrx_word' id='word_1_334' title='bbox 3408 1957 3496 2011; x_wconf 79' lang='grc' dir='ltr'>ἐπ’</span> <span class='ocrx_word' id='word_1_335' title='bbox 3524 1957 3624 2011; x_wconf 81' lang='grc' dir='ltr'>αὑ-</span> 
     </span>
    </p>
   </div>
   <div class='ocr_carea' id='block_1_50' title="bbox 2046 2050 3627 2123">
    <p class='ocr_par' dir='ltr' id='par_1_50' title="bbox 2046 2050 3627 2123">
     <span class='ocr_line' id='line_1_50' title="bbox 2046 2050 3627 2123; baseline 0 -19"><span class='ocrx_word' id='word_1_336' title='bbox 2046 2051 2175 2115; x_wconf 85' lang='grc' dir='ltr'>τοὺς</span> <span class='ocrx_word' id='word_1_337' title='bbox 2219 2050 2314 2104; x_wconf 81' lang='grc' dir='ltr'><strong>τοὺ</strong></span> <span class='ocrx_word' id='word_1_338' title='bbox 2350 2052 2569 2123; x_wconf 80' lang='grc' dir='ltr'>Πύρρου</span> <span class='ocrx_word' id='word_1_339' title='bbox 2603 2052 2942 2122; x_wconf 76' lang='grc' dir='ltr'>πέμψαντος,</span> <span class='ocrx_word' id='word_1_340' title='bbox 2974 2052 3175 2115; x_wconf 87' lang='grc' dir='ltr'>πάντες</span> <span class='ocrx_word' id='word_1_341' title='bbox 3221 2054 3268 2105; x_wconf 93' lang='grc' dir='ltr'><strong>οἰ</strong></span> <span class='ocrx_word' id='word_1_342' title='bbox 3296 2052 3476 2104; x_wconf 76' lang='grc' dir='ltr'>λοιποὶ</span> <span class='ocrx_word' id='word_1_343' title='bbox 3507 2052 3627 2104; x_wconf 86' lang='grc' dir='ltr'>ἐτα-</span> 
     </span>
    </p>
   </div>
   <div class='ocr_carea' id='block_1_51' title="bbox 2049 2141 3619 2213">
    <p class='ocr_par' dir='ltr' id='par_1_51' title="bbox 2049 2141 3619 2213">
     <span class='ocr_line' id='line_1_51' title="bbox 2049 2141 3619 2213; baseline -0.002 -18"><span class='ocrx_word' id='word_1_344' title='bbox 2049 2142 2355 2213; x_wconf 84' lang='grc' dir='ltr'>ράχθησαν,</span> <span class='ocrx_word' id='word_1_345' title='bbox 2388 2143 2485 2197; x_wconf 74' lang='grc' dir='ltr'><strong>καὶ</strong></span> <span class='ocrx_word' id='word_1_346' title='bbox 2528 2142 2626 2207; x_wconf 88' lang='grc' dir='ltr'><strong>τάς</strong></span> <span class='ocrx_word' id='word_1_347' title='bbox 2658 2157 2719 2196; x_wconf 90' lang='grc' dir='ltr'><strong>τε</strong></span> <span class='ocrx_word' id='word_1_348' title='bbox 2747 2142 2956 2213; x_wconf 81' lang='grc' dir='ltr'>σκηνὰς</span> <span class='ocrx_word' id='word_1_349' title='bbox 2983 2141 3306 2207; x_wconf 79' lang='grc' dir='ltr'>ἑαλωκέναι,</span> <span class='ocrx_word' id='word_1_350' title='bbox 3350 2141 3446 2194; x_wconf 76' lang='grc' dir='ltr'><strong>καὶ</strong></span> <span class='ocrx_word' id='word_1_351' title='bbox 3479 2142 3619 2193; x_wconf 61' lang='grc' dir='ltr'>ἐκεί.</span> 
     </span>
    </p>
   </div>
   <div class='ocr_carea' id='block_1_52' title="bbox 2047 2231 3627 2302">
    <p class='ocr_par' dir='ltr' id='par_1_52' title="bbox 2047 2231 3627 2302">
     <span class='ocr_line' id='line_1_52' title="bbox 2047 2231 3627 2302; baseline -0.001 -17"><span class='ocrx_word' id='word_1_352' title='bbox 2047 2250 2174 2295; x_wconf 88' lang='grc' dir='ltr'>νους</span> <span class='ocrx_word' id='word_1_353' title='bbox 2204 2233 2429 2302; x_wconf 84' lang='grc' dir='ltr'>φεύγειν</span> <span class='ocrx_word' id='word_1_354' title='bbox 2476 2232 2951 2302; x_wconf 82' lang='grc' dir='ltr'>ὑποτοπήσαντες,</span> <span class='ocrx_word' id='word_1_355' title='bbox 2993 2233 3265 2297; x_wconf 84' lang='grc' dir='ltr'>ἐνέδοσαν,</span> <span class='ocrx_word' id='word_1_356' title='bbox 3297 2232 3394 2285; x_wconf 68' lang='grc' dir='ltr'>καὶ</span> <span class='ocrx_word' id='word_1_357' title='bbox 3439 2231 3627 2301; x_wconf 85' lang='grc' dir='ltr'>συχνοί</span> 
     </span>
    </p>
   </div>
   <div class='ocr_carea' id='block_1_53' title="bbox 2048 2322 3625 2394">
    <p class='ocr_par' dir='ltr' id='par_1_53' title="bbox 2048 2322 3625 2394">
     <span class='ocr_line' id='line_1_53' title="bbox 2048 2322 3625 2394; baseline -0.001 -17"><span class='ocrx_word' id='word_1_358' title='bbox 2048 2324 2227 2377; x_wconf 86' lang='grc' dir='ltr'>αὑτῶν</span> <span class='ocrx_word' id='word_1_359' title='bbox 2254 2325 2450 2377; x_wconf 78' lang='grc' dir='ltr'>ἔπεσον</span> <span class='ocrx_word' id='word_1_360' title='bbox 2471 2340 2486 2356; x_wconf 77' lang='grc'><strong><em>⁸</em></strong></span> <span class='ocrx_word' id='word_1_361' title='bbox 2525 2324 2553 2376; x_wconf 83' lang='grc' dir='ltr'>ὅ</span> <span class='ocrx_word' id='word_1_362' title='bbox 2581 2341 2641 2377; x_wconf 89' lang='grc' dir='ltr'><strong>τε</strong></span> <span class='ocrx_word' id='word_1_363' title='bbox 2672 2324 2908 2394; x_wconf 64' lang='grc' dir='ltr'>Πύρρος,</span> <span class='ocrx_word' id='word_1_364' title='bbox 2945 2325 3040 2377; x_wconf 75' lang='grc' dir='ltr'>καὶ</span> <span class='ocrx_word' id='word_1_365' title='bbox 3066 2323 3217 2378; x_wconf 80' lang='grc' dir='ltr'>ἄλλοι</span> <span class='ocrx_word' id='word_1_366' title='bbox 3255 2323 3364 2376; x_wconf 85' lang='grc' dir='ltr'>τῶν</span> <span class='ocrx_word' id='word_1_367' title='bbox 3398 2325 3454 2375; x_wconf 88' lang='grc' dir='ltr'><strong>ἐν</strong></span> <span class='ocrx_word' id='word_1_368' title='bbox 3484 2322 3625 2376; x_wconf 83' lang='grc' dir='ltr'>τέλει</span> 
     </span>
    </p>
   </div>
   <div class='ocr_carea' id='block_1_54' title="bbox 2047 2413 3626 2488">
    <p class='ocr_par' dir='ltr' id='par_1_54' title="bbox 2047 2413 3626 2488">
     <span class='ocr_line' id='line_1_54' title="bbox 2047 2413 3626 2488; baseline -0.001 -19"><span class='ocrx_word' id='word_1_369' title='bbox 2047 2416 2241 2469; x_wconf 78' lang='grc' dir='ltr'>πολλοὶ</span> <span class='ocrx_word' id='word_1_370' title='bbox 2280 2416 2619 2488; x_wconf 81' lang='grc' dir='ltr'>ἐτρώθησαν,</span> <span class='ocrx_word' id='word_1_371' title='bbox 2651 2417 2748 2469; x_wconf 75' lang='grc' dir='ltr'><strong>καὶ</strong></span> <span class='ocrx_word' id='word_1_372' title='bbox 2783 2415 2922 2487; x_wconf 87' lang='grc' dir='ltr'><strong>μετά</strong></span> <span class='ocrx_word' id='word_1_373' title='bbox 2953 2416 3126 2469; x_wconf 80' lang='grc' dir='ltr'>ταῦτα</span> <span class='ocrx_word' id='word_1_374' title='bbox 3174 2414 3263 2469; x_wconf 88' lang='grc' dir='ltr'><strong>διά</strong></span> <span class='ocrx_word' id='word_1_375' title='bbox 3292 2431 3351 2468; x_wconf 88' lang='grc' dir='ltr'><strong>τε</strong></span> <span class='ocrx_word' id='word_1_376' title='bbox 3395 2418 3493 2485; x_wconf 76' lang='grc' dir='ltr'><strong>τὴν</strong></span> <span class='ocrx_word' id='word_1_377' title='bbox 3525 2413 3626 2482; x_wconf 78' lang='grc' dir='ltr'>τῆς</span> 
     </span>
    </p>
   </div>
   <div class='ocr_carea' id='block_1_55' title="bbox 2043 2506 3622 2578">
    <p class='ocr_par' dir='ltr' id='par_1_55' title="bbox 2043 2506 3622 2578">
     <span class='ocr_line' id='line_1_55' title="bbox 2043 2506 3622 2578; baseline 0 -19"><span class='ocrx_word' id='word_1_378' title='bbox 2043 2506 2253 2578; x_wconf 84' lang='grc' dir='ltr'>τροφῆς</span> <span class='ocrx_word' id='word_1_379' title='bbox 2284 2508 2377 2560; x_wconf 82' lang='grc' dir='ltr'><strong>καὶ</strong></span> <span class='ocrx_word' id='word_1_380' title='bbox 2396 2506 2496 2578; x_wconf 80' lang='grc' dir='ltr'><strong>τήν</strong></span> <span class='ocrx_word' id='word_1_381' title='bbox 2517 2506 2626 2560; x_wconf 86' lang='grc' dir='ltr'>τῶν</span> <span class='ocrx_word' id='word_1_382' title='bbox 2643 2506 2967 2575; x_wconf 72' lang='grc' dir='ltr'>ἐπιτηδείων</span> <span class='ocrx_word' id='word_1_383' title='bbox 2989 2508 3127 2574; x_wconf 77' lang='grc' dir='ltr'>πρὸς</span> <span class='ocrx_word' id='word_1_384' title='bbox 3148 2506 3341 2560; x_wconf 76' lang='grc' dir='ltr'>ἄκεσιν</span> <span class='ocrx_word' id='word_1_385' title='bbox 3365 2507 3622 2577; x_wconf 74' lang='grc' dir='ltr'>ἀπορίαν,</span> 
     </span>
    </p>
   </div>
   <div class='ocr_carea' id='block_1_56' title="bbox 2049 2597 3623 2669">
    <p class='ocr_par' dir='ltr' id='par_1_56' title="bbox 2049 2597 3623 2669">
     <span class='ocr_line' id='line_1_56' title="bbox 2049 2597 3623 2669; baseline -0.002 -16"><span class='ocrx_word' id='word_1_386' title='bbox 2049 2599 2256 2668; x_wconf 76' lang='grc' dir='ltr'>σφόδρα</span> <span class='ocrx_word' id='word_1_387' title='bbox 2312 2597 2692 2668; x_wconf 83' lang='grc' dir='ltr'>ἐκακώθησαν.</span> <span class='ocrx_word' id='word_1_388' title='bbox 2730 2598 2895 2652; x_wconf 82' lang='grc' dir='ltr'>Ὅθεν</span> <span class='ocrx_word' id='word_1_389' title='bbox 2951 2598 3167 2669; x_wconf 78' lang='grc' dir='ltr'>ἀπῆρεν</span> <span class='ocrx_word' id='word_1_390' title='bbox 3217 2600 3301 2662; x_wconf 77' lang='grc' dir='ltr'><strong>εἰς</strong></span> <span class='ocrx_word' id='word_1_391' title='bbox 3345 2598 3623 2668; x_wconf 80' lang='grc' dir='ltr'>Τάραντα,</span> 
     </span>
    </p>
   </div>
   <div class='ocr_carea' id='block_1_57' title="bbox 2045 2690 3622 2763">
    <p class='ocr_par' dir='ltr' id='par_1_57' title="bbox 2045 2690 3622 2763">
     <span class='ocr_line' id='line_1_57' title="bbox 2045 2690 3622 2763; baseline -0.001 -19"><span class='ocrx_word' id='word_1_392' title='bbox 2045 2693 2176 2763; x_wconf 74' lang='grc' dir='ltr'>πρὶν</span> <span class='ocrx_word' id='word_1_393' title='bbox 2211 2692 2337 2754; x_wconf 79' lang='grc' dir='ltr'>τοὺς</span> <span class='ocrx_word' id='word_1_394' title='bbox 2377 2691 2685 2760; x_wconf 82' lang='grc' dir='ltr'>Ῥωμαίους</span> <span class='ocrx_word' id='word_1_395' title='bbox 2714 2691 3019 2745; x_wconf 84' lang='grc' dir='ltr'>αἰσθέσθαι.</span> <span class='ocrx_word' id='word_1_396' title='bbox 3047 2691 3112 2745; x_wconf 76' lang='lat' dir='ltr'><strong>Ol</strong></span> <span class='ocrx_word' id='word_1_397' title='bbox 3137 2691 3182 2744; x_wconf 89' lang='grc' dir='ltr'>δ’</span> <span class='ocrx_word' id='word_1_398' title='bbox 3214 2690 3414 2744; x_wconf 74' lang='grc' dir='ltr'>ὕπατοι</span> <span class='ocrx_word' id='word_1_399' title='bbox 3443 2690 3622 2760; x_wconf 75' lang='grc' dir='ltr'>διέϐη-</span> 
     </span>
    </p>
   </div>
   <div class='ocr_carea' id='block_1_58' title="bbox 2046 2781 3624 2854">
    <p class='ocr_par' dir='ltr' id='par_1_58' title="bbox 2046 2781 3624 2854">
     <span class='ocr_line' id='line_1_58' title="bbox 2046 2781 3624 2854; baseline -0.001 -18"><span class='ocrx_word' id='word_1_400' title='bbox 2046 2800 2149 2837; x_wconf 91' lang='grc' dir='ltr'><strong>σαν</strong></span> <span class='ocrx_word' id='word_1_401' title='bbox 2208 2784 2306 2852; x_wconf 83' lang='grc' dir='ltr'><strong>μὲν</strong></span> <span class='ocrx_word' id='word_1_402' title='bbox 2360 2782 2454 2835; x_wconf 76' lang='grc' dir='ltr'>τὸν</span> <span class='ocrx_word' id='word_1_403' title='bbox 2514 2783 2760 2853; x_wconf 82' lang='grc' dir='ltr'>ποταμὸν</span> <span class='ocrx_word' id='word_1_404' title='bbox 2809 2783 2906 2835; x_wconf 71' lang='grc' dir='ltr'><strong>ἐπὶ</strong></span> <span class='ocrx_word' id='word_1_405' title='bbox 2971 2782 3153 2854; x_wconf 79' lang='grc' dir='ltr'>μάχῃ.</span> <span class='ocrx_word' id='word_1_406' title='bbox 3198 2781 3287 2845; x_wconf 82' lang='grc' dir='ltr'>Ὠς</span> <span class='ocrx_word' id='word_1_407' title='bbox 3314 2782 3371 2835; x_wconf 74' lang='grc' dir='ltr'>δὲ</span> <span class='ocrx_word' id='word_1_408' title='bbox 3416 2784 3624 2845; x_wconf 82' lang='grc' dir='ltr'>πάντας</span> 
     </span>
    </p>
   </div>
   <div class='ocr_carea' id='block_1_59' title="bbox 2041 2872 3623 2945">
    <p class='ocr_par' dir='ltr' id='par_1_59' title="bbox 2041 2872 3623 2945">
     <span class='ocr_line' id='line_1_59' title="bbox 2041 2872 3623 2945; baseline 0.001 -21"><span class='ocrx_word' id='word_1_409' title='bbox 2041 2872 2367 2926; x_wconf 84' lang='grc' dir='ltr'>ἐσκεδάσθαι</span> <span class='ocrx_word' id='word_1_410' title='bbox 2417 2872 2702 2937; x_wconf 85' lang='grc' dir='ltr'>ἐπύθοντο,</span> <span class='ocrx_word' id='word_1_411' title='bbox 2738 2873 2819 2935; x_wconf 85' lang='grc' dir='ltr'><strong>εἰς</strong></span> <span class='ocrx_word' id='word_1_412' title='bbox 2852 2872 2963 2937; x_wconf 85' lang='grc' dir='ltr'>,τὰς</span> <span class='ocrx_word' id='word_1_413' title='bbox 3003 2873 3216 2935; x_wconf 79' lang='grc' dir='ltr'>οἰκείας</span> <span class='ocrx_word' id='word_1_414' title='bbox 3264 2872 3623 2945; x_wconf 81' lang='grc' dir='ltr'>ἀνεχώρησαν</span> 
     </span>
    </p>
   </div>
   <div class='ocr_carea' id='block_1_60' title="bbox 2041 2962 3621 3035">
    <p class='ocr_par' dir='ltr' id='par_1_60' title="bbox 2041 2962 3621 3035">
     <span class='ocr_line' id='line_1_60' title="bbox 2041 2962 3621 3035; baseline 0.001 -20"><span class='ocrx_word' id='word_1_415' title='bbox 2041 2962 2262 3025; x_wconf 76' lang='grc' dir='ltr'>πόλεις’</span> <span class='ocrx_word' id='word_1_416' title='bbox 2302 2963 2589 3029; x_wconf 81' lang='grc' dir='ltr'>ἐπιδιῶξαι</span> <span class='ocrx_word' id='word_1_417' title='bbox 2628 2963 2738 3032; x_wconf 84' lang='grc' dir='ltr'>γὰρ</span> <span class='ocrx_word' id='word_1_418' title='bbox 2777 2962 2865 3016; x_wconf 82' lang='grc' dir='ltr'>διὰ</span> <span class='ocrx_word' id='word_1_419' title='bbox 2917 2963 3045 3026; x_wconf 77' lang='grc' dir='ltr'>τοὺς</span> <span class='ocrx_word' id='word_1_420' title='bbox 3081 2963 3416 3033; x_wconf 76' lang='grc' dir='ltr'>σφετέρους·</span> <span class='ocrx_word' id='word_1_421' title='bbox 3450 2981 3621 3035; x_wconf 83' lang='grc' dir='ltr'>τραυ-</span> 
     </span>
    </p>
   </div>
   <div class='ocr_carea' id='block_1_61' title="bbox 2042 3050 3624 3127">
    <p class='ocr_par' dir='ltr' id='par_1_61' title="bbox 2042 3050 3624 3127">
     <span class='ocr_line' id='line_1_61' title="bbox 2042 3050 3624 3127; baseline 0.003 -20"><span class='ocrx_word' id='word_1_422' title='bbox 2042 3055 2242 3127; x_wconf 88' lang='grc' dir='ltr'>ματίας</span> <span class='ocrx_word' id='word_1_423' title='bbox 2266 3054 2367 3108; x_wconf 90' lang='grc' dir='ltr'><strong>οὑκ</strong></span> <span class='ocrx_word' id='word_1_424' title='bbox 2398 3054 2762 3126; x_wconf 79' lang='grc' dir='ltr'>ἠδυνήθησαν.</span> <span class='ocrx_word' id='word_1_425' title='bbox 2790 3050 2923 3108; x_wconf 74' lang='grc' dir='ltr'>Εἶτα</span> <span class='ocrx_word' id='word_1_426' title='bbox 2955 3057 3004 3108; x_wconf 88' lang='grc' dir='ltr'>οἱ</span> <span class='ocrx_word' id='word_1_427' title='bbox 3043 3056 3143 3125; x_wconf 81' lang='grc' dir='ltr'><strong>μὲν</strong></span> <span class='ocrx_word' id='word_1_428' title='bbox 3171 3058 3254 3121; x_wconf 90' lang='grc' dir='ltr'><strong>εἰς</strong></span> <span class='ocrx_word' id='word_1_429' title='bbox 3285 3056 3386 3127; x_wconf 81' lang='grc' dir='ltr'>τὴν</span> <span class='ocrx_word' id='word_1_430' title='bbox 3427 3057 3624 3111; x_wconf 79' lang='grc' dir='ltr'>Ἀπου-</span> 
     </span>
    </p>
   </div>
   <div class='ocr_carea' id='block_1_62' title="bbox 358 3145 1938 3226">
    <p class='ocr_par' dir='ltr' id='par_1_62' title="bbox 358 3145 1933 3224">
     <span class='ocr_line' id='line_1_62' title="bbox 358 3145 1933 3224; baseline -0.005 -15"><span class='ocrx_word' id='word_1_431' title='bbox 358 3156 577 3224; x_wconf 80' lang='lat' dir='ltr'><strong>indigne</strong></span> <span class='ocrx_word' id='word_1_432' title='bbox 615 3152 801 3207; x_wconf 85' lang='lat' dir='ltr'><strong>ferens</strong></span> <span class='ocrx_word' id='word_1_433' title='bbox 834 3149 1121 3206; x_wconf 85' lang='lat' dir='ltr'><strong>Fabricius</strong></span> <span class='ocrx_word' id='word_1_434' title='bbox 1160 3148 1389 3218; x_wconf 86' lang='lat' dir='ltr'><strong>(virtute</strong></span> <span class='ocrx_word' id='word_1_435' title='bbox 1419 3146 1569 3201; x_wconf 90' lang='lat' dir='ltr'><strong>enim</strong></span> <span class='ocrx_word' id='word_1_436' title='bbox 1612 3156 1669 3201; x_wconf 91' lang='lat' dir='ltr'><strong>et</strong></span> <span class='ocrx_word' id='word_1_437' title='bbox 1698 3145 1933 3212; x_wconf 87' lang='lat' dir='ltr'><strong>viribus,</strong></span> 
     </span>
    </p>
   </div>
   <div class='ocr_carea' id='block_1_63' title="bbox 2042 3145 3619 3226">
    <p class='ocr_par' dir='ltr' id='par_1_63' title="bbox 2042 3145 3619 3219">
     <span class='ocr_line' id='line_1_63' title="bbox 2042 3145 3619 3219; baseline 0.002 -20"><span class='ocrx_word' id='word_1_438' title='bbox 2042 3148 2161 3201; x_wconf 88' lang='grc' dir='ltr'>λίαν</span> <span class='ocrx_word' id='word_1_439' title='bbox 2188 3145 2486 3217; x_wconf 86' lang='grc' dir='ltr'>ἐχείμασαν</span> <span class='ocrx_word' id='word_1_440' title='bbox 2506 3162 2522 3178; x_wconf 74' lang='grc' dir='ltr'><strong>ο</strong></span> <span class='ocrx_word' id='word_1_441' title='bbox 2555 3150 2582 3200; x_wconf 84' lang='grc' dir='ltr'>ὁ</span> <span class='ocrx_word' id='word_1_442' title='bbox 2612 3146 2669 3200; x_wconf 73' lang='grc' dir='ltr'>δὲ</span> <span class='ocrx_word' id='word_1_443' title='bbox 2698 3146 2912 3218; x_wconf 80' lang='grc' dir='ltr'>Πύρρος</span> <span class='ocrx_word' id='word_1_444' title='bbox 2979 3146 3149 3201; x_wconf 75' lang='grc' dir='ltr'>τᾶλλα</span> <span class='ocrx_word' id='word_1_445' title='bbox 3177 3164 3238 3200; x_wconf 90' lang='grc' dir='ltr'><strong>τε</strong></span> <span class='ocrx_word' id='word_1_446' title='bbox 3267 3148 3619 3219; x_wconf 77' lang='grc' dir='ltr'>ἡτοιμάζετο,</span> 
     </span>
    </p>
   </div>
   <div class='ocr_carea' id='block_1_64' title="bbox 357 3238 1936 3313">
    <p class='ocr_par' dir='ltr' id='par_1_64' title="bbox 357 3238 1936 3313">
     <span class='ocr_line' id='line_1_64' title="bbox 357 3238 1936 3313; baseline -0.005 -13"><span class='ocrx_word' id='word_1_447' title='bbox 357 3263 464 3301; x_wconf 88' lang='lat' dir='ltr'><strong>non</strong></span> <span class='ocrx_word' id='word_1_448' title='bbox 513 3245 641 3300; x_wconf 89' lang='lat' dir='ltr'><strong>dolo</strong></span> <span class='ocrx_word' id='word_1_449' title='bbox 674 3242 1025 3313; x_wconf 86' lang='lat' dir='ltr'><strong>superandos</strong></span> <span class='ocrx_word' id='word_1_450' title='bbox 1072 3242 1282 3302; x_wconf 85' lang='lat' dir='ltr'><strong>hostes,</strong></span> <span class='ocrx_word' id='word_1_451' title='bbox 1334 3238 1801 3308; x_wconf 77' lang='lat' dir='ltr'><strong>quemadmodum</strong></span> <span class='ocrx_word' id='word_1_452' title='bbox 1829 3238 1936 3293; x_wconf 83' lang='lat' dir='ltr'><strong>Ca-</strong></span> 
     </span>
    </p>
   </div>
   <div class='ocr_carea' id='block_1_65' title="bbox 356 3330 1938 3402">
    <p class='ocr_par' dir='ltr' id='par_1_65' title="bbox 356 3330 1938 3402">
     <span class='ocr_line' id='line_1_65' title="bbox 356 3330 1938 3402; baseline -0.003 -13"><span class='ocrx_word' id='word_1_453' title='bbox 356 3336 560 3401; x_wconf 84' lang='lat' dir='ltr'><strong>millus,</strong></span> <span class='ocrx_word' id='word_1_454' title='bbox 595 3335 881 3402; x_wconf 86' lang='lat' dir='ltr'><strong>censebat)</strong></span> <span class='ocrx_word' id='word_1_455' title='bbox 913 3332 1144 3387; x_wconf 84' lang='lat' dir='ltr'><strong>insidias</strong></span> <span class='ocrx_word' id='word_1_456' title='bbox 1171 3331 1386 3402; x_wconf 82' lang='lat' dir='ltr'><strong>Pyrrho</strong></span> <span class='ocrx_word' id='word_1_457' title='bbox 1410 3330 1694 3384; x_wconf 89' lang='lat' dir='ltr'><strong>indicavit.</strong></span> <span class='ocrx_word' id='word_1_458' title='bbox 1731 3330 1851 3396; x_wconf 85' lang='lat' dir='ltr'><strong>Qua</strong></span> <span class='ocrx_word' id='word_1_459' title='bbox 1877 3347 1938 3386; x_wconf 80' lang='lat' dir='ltr'><strong>re</strong></span> 
     </span>
    </p>
   </div>
   <div class='ocr_carea' id='block_1_66' title="bbox 354 3421 1928 3493">
    <p class='ocr_par' dir='ltr' id='par_1_66' title="bbox 354 3421 1928 3493">
     <span class='ocr_line' id='line_1_66' title="bbox 354 3421 1928 3493; baseline -0.001 -15"><span class='ocrx_word' id='word_1_460' title='bbox 354 3428 508 3481; x_wconf 91' lang='lat' dir='ltr'><strong>illum</strong></span> <span class='ocrx_word' id='word_1_461' title='bbox 541 3426 615 3479; x_wconf 87' lang='lat' dir='ltr'><strong>ita</strong></span> <span class='ocrx_word' id='word_1_462' title='bbox 646 3423 1036 3493; x_wconf 81' lang='lat' dir='ltr'><strong>obstupefecit,</strong></span> <span class='ocrx_word' id='word_1_463' title='bbox 1074 3430 1135 3476; x_wconf 85' lang='lat' dir='ltr'><strong>ut</strong></span> <span class='ocrx_word' id='word_1_464' title='bbox 1156 3422 1343 3475; x_wconf 88' lang='lat' dir='ltr'><strong>denuo</strong></span> <span class='ocrx_word' id='word_1_465' title='bbox 1381 3421 1647 3475; x_wconf 83' lang='lat' dir='ltr'><strong>Romanis</strong></span> <span class='ocrx_word' id='word_1_466' title='bbox 1675 3423 1928 3490; x_wconf 86' lang='lat' dir='ltr'><strong>captivos</strong></span> 
     </span>
    </p>
   </div>
   <div class='ocr_carea' id='block_1_67' title="bbox 352 3514 1934 3589">
    <p class='ocr_par' dir='ltr' id='par_1_67' title="bbox 352 3514 1934 3589">
     <span class='ocr_line' id='line_1_67' title="bbox 352 3514 1934 3589; baseline -0.003 -17"><span class='ocrx_word' id='word_1_467' title='bbox 352 3517 523 3589; x_wconf 84' lang='lat' dir='ltr'><strong>gratis</strong></span> <span class='ocrx_word' id='word_1_468' title='bbox 574 3518 918 3579; x_wconf 87' lang='lat' dir='ltr'><strong>restitueret,</strong></span> <span class='ocrx_word' id='word_1_469' title='bbox 968 3522 1025 3569; x_wconf 92' lang='lat' dir='ltr'><strong>et</strong></span> <span class='ocrx_word' id='word_1_470' title='bbox 1057 3528 1154 3583; x_wconf 88' lang='lat' dir='ltr'><strong>per</strong></span> <span class='ocrx_word' id='word_1_471' title='bbox 1212 3514 1424 3583; x_wconf 80' lang='lat' dir='ltr'><strong>legatos</strong></span> <span class='ocrx_word' id='word_1_472' title='bbox 1455 3527 1643 3582; x_wconf 88' lang='lat' dir='ltr'><strong>pacem</strong></span> <span class='ocrx_word' id='word_1_473' title='bbox 1701 3521 1934 3581; x_wconf 85' lang='lat' dir='ltr'><strong>peteret.</strong></span> 
     </span>
    </p>
   </div>
   <div class='ocr_carea' id='block_1_68' title="bbox 357 3603 1936 3675">
    <p class='ocr_par' dir='ltr' id='par_1_68' title="bbox 357 3603 1936 3675">
     <span class='ocr_line' id='line_1_68' title="bbox 357 3603 1936 3675; baseline -0.003 -12"><span class='ocrx_word' id='word_1_474' title='bbox 357 3608 426 3664; x_wconf 90' lang='lat' dir='ltr'><strong>Ut</strong></span> <span class='ocrx_word' id='word_1_475' title='bbox 457 3617 641 3663; x_wconf 87' lang='lat' dir='ltr'><strong>autem</strong></span> <span class='ocrx_word' id='word_1_476' title='bbox 674 3605 905 3661; x_wconf 80' lang='lat' dir='ltr'><strong>Romani</strong></span> <span class='ocrx_word' id='word_1_477' title='bbox 951 3605 1019 3660; x_wconf 91' lang='lat' dir='ltr'><strong>de</strong></span> <span class='ocrx_word' id='word_1_478' title='bbox 1056 3618 1190 3675; x_wconf 86' lang='lat' dir='ltr'><strong>pace</strong></span> <span class='ocrx_word' id='word_1_479' title='bbox 1216 3603 1357 3658; x_wconf 89' lang='lat' dir='ltr'><strong>nihil</strong></span> <span class='ocrx_word' id='word_1_480' title='bbox 1388 3603 1818 3675; x_wconf 86' lang='lat' dir='ltr'><strong>respondebant,</strong></span> <span class='ocrx_word' id='word_1_481' title='bbox 1839 3604 1936 3660; x_wconf 90' lang='lat' dir='ltr'><strong>sed</strong></span> 
     </span>
    </p>
   </div>
   <div class='ocr_carea' id='block_1_69' title="bbox 349 3694 1936 3768">
    <p class='ocr_par' dir='ltr' id='par_1_69' title="bbox 349 3694 1936 3768">
     <span class='ocr_line' id='line_1_69' title="bbox 349 3694 1936 3768; baseline -0.001 -13"><span class='ocrx_word' id='word_1_482' title='bbox 349 3716 476 3756; x_wconf 90' lang='lat' dir='ltr'><strong>eum</strong></span> <span class='ocrx_word' id='word_1_483' title='bbox 512 3708 626 3753; x_wconf 92' lang='lat' dir='ltr'><strong>tum</strong></span> <span class='ocrx_word' id='word_1_484' title='bbox 660 3711 902 3767; x_wconf 88' lang='lat' dir='ltr'><strong>quoque,</strong></span> <span class='ocrx_word' id='word_1_485' title='bbox 938 3712 1065 3752; x_wconf 89' lang='lat' dir='ltr'><strong>cum</strong></span> <span class='ocrx_word' id='word_1_486' title='bbox 1098 3694 1248 3749; x_wconf 85' lang='lat' dir='ltr'><strong>lialia</strong></span> <span class='ocrx_word' id='word_1_487' title='bbox 1279 3697 1633 3760; x_wconf 83' lang='lat' dir='ltr'><strong>excessisset,</strong></span> <span class='ocrx_word' id='word_1_488' title='bbox 1678 3696 1748 3751; x_wconf 92' lang='lat' dir='ltr'><strong>de</strong></span> <span class='ocrx_word' id='word_1_489' title='bbox 1799 3712 1936 3768; x_wconf 88' lang='lat' dir='ltr'><strong>pace</strong></span> 
     </span>
    </p>
   </div>
   <div class='ocr_carea' id='block_1_70' title="bbox 349 3786 1935 3861">
    <p class='ocr_par' dir='ltr' id='par_1_70' title="bbox 349 3786 1935 3861">
     <span class='ocr_line' id='line_1_70' title="bbox 349 3786 1935 3861; baseline -0.001 -16"><span class='ocrx_word' id='word_1_490' title='bbox 349 3791 819 3861; x_wconf 83' lang='lat' dir='ltr'><strong>agerejubebant,</strong></span> <span class='ocrx_word' id='word_1_491' title='bbox 850 3798 907 3844; x_wconf 90' lang='lat' dir='ltr'><strong>et</strong></span> <span class='ocrx_word' id='word_1_492' title='bbox 950 3789 1120 3843; x_wconf 89' lang='lat' dir='ltr'><strong>urbes</strong></span> <span class='ocrx_word' id='word_1_493' title='bbox 1148 3787 1203 3843; x_wconf 92' lang='lat' dir='ltr'><strong>ei</strong></span> <span class='ocrx_word' id='word_1_494' title='bbox 1233 3786 1530 3843; x_wconf 66' lang='lat' dir='ltr'><strong>fmderatas</strong></span> <span class='ocrx_word' id='word_1_495' title='bbox 1586 3787 1935 3844; x_wconf 80' lang='lat' dir='ltr'><strong>infestabant</strong></span> 
     </span>
    </p>
   </div>
   <div class='ocr_carea' id='block_1_71' title="bbox 347 3870 1936 3952">
    <p class='ocr_par' dir='ltr' id='par_1_71' title="bbox 347 3870 1936 3952">
     <span class='ocr_line' id='line_1_71' title="bbox 347 3870 1936 3952; baseline 0.001 -17"><span class='ocrx_word' id='word_1_496' title='bbox 347 3890 403 3935; x_wconf 85' lang='lat' dir='ltr'><strong>et</strong></span> <span class='ocrx_word' id='word_1_497' title='bbox 430 3882 822 3952; x_wconf 69' lang='lat' dir='ltr'><strong>eXpugnabant</strong></span> <span class='ocrx_word' id='word_1_498' title='bbox 844 3897 859 3935; x_wconf 90' lang='lat'><strong>:</strong></span> <span class='ocrx_word' id='word_1_499' title='bbox 884 3880 1051 3935; x_wconf 90' lang='lat' dir='ltr'><strong>animi</strong></span> <span class='ocrx_word' id='word_1_500' title='bbox 1074 3878 1307 3934; x_wconf 92' lang='lat' dir='ltr'><strong>dubium</strong></span> <span class='ocrx_word' id='word_1_501' title='bbox 1339 3894 1405 3934; x_wconf 90' lang='lat' dir='ltr'><strong>ea</strong></span> <span class='ocrx_word' id='word_1_502' title='bbox 1436 3894 1528 3934; x_wconf 89' lang='lat' dir='ltr'><strong>res</strong></span> <span class='ocrx_word' id='word_1_503' title='bbox 1549 3880 1750 3948; x_wconf 82' lang='lat' dir='ltr'><strong>erexit,</strong></span> <span class='ocrx_word' id='word_1_504' title='bbox 1770 3870 1936 3951; x_wconf 46' lang='lat' dir='ltr'><strong>’quod</strong></span> 
     </span>
    </p>
   </div>
   <div class='ocr_carea' id='block_1_72' title="bbox 346 3971 1928 4048">
    <p class='ocr_par' dir='ltr' id='par_1_72' title="bbox 346 3971 1928 4048">
     <span class='ocr_line' id='line_1_72' title="bbox 346 3971 1928 4048; baseline 0.003 -21"><span class='ocrx_word' id='word_1_505' title='bbox 346 3987 379 4027; x_wconf 93' lang='lat' dir='ltr'><strong>a</strong></span> <span class='ocrx_word' id='word_1_506' title='bbox 415 3971 775 4043; x_wconf 86' lang='lat' dir='ltr'><strong>Syracusanis</strong></span> <span class='ocrx_word' id='word_1_507' title='bbox 800 3973 1130 4043; x_wconf 87' lang='lat' dir='ltr'><strong>quibusdam</strong></span> <span class='ocrx_word' id='word_1_508' title='bbox 1165 3974 1314 4047; x_wconf 88' lang='lat' dir='ltr'><strong>(nam</strong></span> <span class='ocrx_word' id='word_1_509' title='bbox 1346 3990 1415 4030; x_wconf 80' lang='lat' dir='ltr'><strong>ex</strong></span> <span class='ocrx_word' id='word_1_510' title='bbox 1441 3991 1553 4046; x_wconf 94' lang='lat' dir='ltr'><strong>quo</strong></span> <span class='ocrx_word' id='word_1_511' title='bbox 1590 3976 1928 4048; x_wconf 85' lang='lat' dir='ltr'><strong>Agathocles</strong></span> 
     </span>
    </p>
   </div>
   <div class='ocr_carea' id='block_1_73' title="bbox 349 4064 1934 4137">
    <p class='ocr_par' dir='ltr' id='par_1_73' title="bbox 349 4064 1934 4137">
     <span class='ocr_line' id='line_1_73' title="bbox 349 4064 1934 4137; baseline 0.002 -19"><span class='ocrx_word' id='word_1_512' title='bbox 349 4064 685 4128; x_wconf 85' lang='lat' dir='ltr'><strong>decesserat,</strong></span> <span class='ocrx_word' id='word_1_513' title='bbox 711 4064 1084 4120; x_wconf 88' lang='lat' dir='ltr'><strong>seditionibus</strong></span> <span class='ocrx_word' id='word_1_514' title='bbox 1113 4067 1488 4137; x_wconf 86' lang='lat' dir='ltr'><strong>agitabantur)</strong></span> <span class='ocrx_word' id='word_1_515' title='bbox 1518 4066 1934 4137; x_wconf 88' lang='lat' dir='ltr'><strong>accersebatur,</strong></span> 
     </span>
    </p>
   </div>
   <div class='ocr_carea' id='block_1_74' title="bbox 343 4158 1933 4228">
    <p class='ocr_par' dir='ltr' id='par_1_74' title="bbox 343 4158 1933 4228">
     <span class='ocr_line' id='line_1_74' title="bbox 343 4158 1933 4228; baseline 0.003 -17"><span class='ocrx_word' id='word_1_516' title='bbox 343 4166 401 4211; x_wconf 93' lang='lat' dir='ltr'><strong>et</strong></span> <span class='ocrx_word' id='word_1_517' title='bbox 431 4158 628 4212; x_wconf 88' lang='lat' dir='ltr'><strong>urbem</strong></span> <span class='ocrx_word' id='word_1_518' title='bbox 653 4168 710 4213; x_wconf 91' lang='lat' dir='ltr'><strong>et</strong></span> <span class='ocrx_word' id='word_1_519' title='bbox 738 4158 1071 4228; x_wconf 87' lang='lat' dir='ltr'><strong>semetipsos</strong></span> <span class='ocrx_word' id='word_1_520' title='bbox 1098 4159 1249 4213; x_wconf 88' lang='lat' dir='ltr'><strong>illius</strong></span> <span class='ocrx_word' id='word_1_521' title='bbox 1283 4158 1412 4214; x_wconf 80' lang='lat' dir='ltr'><strong>ﬁdei</strong></span> <span class='ocrx_word' id='word_1_522' title='bbox 1457 4159 1933 4228; x_wconf 88' lang='lat' dir='ltr'><strong>permittentibus.</strong></span> 
     </span>
    </p>
   </div>
   <div class='ocr_carea' id='block_1_75' title="bbox 343 4248 1943 4327">
    <p class='ocr_par' dir='ltr' id='par_1_75' title="bbox 343 4248 1943 4327">
     <span class='ocr_line' id='line_1_75' title="bbox 343 4248 1943 4327; baseline 0.002 -23"><span class='ocrx_word' id='word_1_523' title='bbox 343 4248 620 4319; x_wconf 86' lang='lat' dir='ltr'><strong>Concepta</strong></span> <span class='ocrx_word' id='word_1_524' title='bbox 645 4248 794 4303; x_wconf 89' lang='lat' dir='ltr'><strong>enim</strong></span> <span class='ocrx_word' id='word_1_525' title='bbox 846 4262 941 4319; x_wconf 85' lang='lat' dir='ltr'><strong>spe</strong></span> <span class='ocrx_word' id='word_1_526' title='bbox 971 4250 1141 4304; x_wconf 88' lang='lat' dir='ltr'><strong>totius</strong></span> <span class='ocrx_word' id='word_1_527' title='bbox 1197 4248 1401 4305; x_wconf 69' lang='lat' dir='ltr'><strong>Siciliae</strong></span> <span class='ocrx_word' id='word_1_528' title='bbox 1432 4250 1737 4320; x_wconf 81' lang='lat' dir='ltr'><strong>potiundae,</strong></span> <span class='ocrx_word' id='word_1_529' title='bbox 1772 4251 1943 4327; x_wconf 36' lang='lat' dir='ltr'><strong>Milo-I</strong></span> 
     </span>
    </p>
   </div>
   <div class='ocr_carea' id='block_1_76' title="bbox 348 4340 1934 4411">
    <p class='ocr_par' dir='ltr' id='par_1_76' title="bbox 348 4340 1934 4411">
     <span class='ocr_line' id='line_1_76' title="bbox 348 4340 1934 4411; baseline 0.003 -15"><span class='ocrx_word' id='word_1_530' title='bbox 348 4356 476 4396; x_wconf 87' lang='lat' dir='ltr'><strong>nem</strong></span> <span class='ocrx_word' id='word_1_531' title='bbox 539 4340 612 4396; x_wconf 84' lang='lat' dir='ltr'><strong>ad</strong></span> <span class='ocrx_word' id='word_1_532' title='bbox 655 4340 982 4406; x_wconf 90' lang='lat' dir='ltr'><strong>Tarentum,</strong></span> <span class='ocrx_word' id='word_1_533' title='bbox 1027 4341 1190 4411; x_wconf 78' lang='lat'><strong>377</strong></span> <span class='ocrx_word' id='word_1_534' title='bbox 1236 4351 1545 4411; x_wconf 67' lang='lat' dir='ltr'><strong>cmteraque</strong></span> <span class='ocrx_word' id='word_1_535' title='bbox 1599 4344 1827 4400; x_wconf 87' lang='lat' dir='ltr'><strong>tutanda</strong></span> <span class='ocrx_word' id='word_1_536' title='bbox 1874 4344 1934 4399; x_wconf 92' lang='lat' dir='ltr'><strong>in</strong></span> 
     </span>
    </p>
   </div>
   <div class='ocr_carea' id='block_1_77' title="bbox 346 4431 1928 4502">
    <p class='ocr_par' dir='ltr' id='par_1_77' title="bbox 346 4431 1928 4502">
     <span class='ocr_line' id='line_1_77' title="bbox 346 4431 1928 4502; baseline 0.003 -17"><span class='ocrx_word' id='word_1_537' title='bbox 346 4431 495 4485; x_wconf 81' lang='lat' dir='ltr'><strong>Italia</strong></span> <span class='ocrx_word' id='word_1_538' title='bbox 518 4432 741 4502; x_wconf 85' lang='lat' dir='ltr'><strong>reliquit</strong></span> <span class='ocrx_word' id='word_1_539' title='bbox 780 4449 795 4486; x_wconf 88' lang='lat'><strong>:</strong></span> <span class='ocrx_word' id='word_1_540' title='bbox 839 4432 978 4502; x_wconf 90' lang='lat' dir='ltr'><strong>ipse,</strong></span> <span class='ocrx_word' id='word_1_541' title='bbox 1009 4443 1069 4486; x_wconf 89' lang='lat' dir='ltr'><strong>ut</strong></span> <span class='ocrx_word' id='word_1_542' title='bbox 1096 4432 1249 4486; x_wconf 88' lang='lat' dir='ltr'><strong>brevi</strong></span> <span class='ocrx_word' id='word_1_543' title='bbox 1274 4447 1622 4498; x_wconf 88' lang='lat' dir='ltr'><strong>reversurus,</strong></span> <span class='ocrx_word' id='word_1_544' title='bbox 1650 4433 1928 4491; x_wconf 90' lang='lat' dir='ltr'><strong>discessit.</strong></span> 
     </span>
    </p>
   </div>
   <div class='ocr_carea' id='block_1_78' title="bbox 2038 3236 3616 3309">
    <p class='ocr_par' dir='ltr' id='par_1_78' title="bbox 2038 3236 3616 3309">
     <span class='ocr_line' id='line_1_78' title="bbox 2038 3236 3616 3309; baseline 0.002 -19"><span class='ocrx_word' id='word_1_545' title='bbox 2038 3238 2134 3290; x_wconf 75' lang='grc' dir='ltr'><strong>καὶ</strong></span> <span class='ocrx_word' id='word_1_546' title='bbox 2161 3236 2376 3289; x_wconf 79' lang='grc' dir='ltr'>οἴκοθεν</span> <span class='ocrx_word' id='word_1_547' title='bbox 2405 3239 2746 3307; x_wconf 80' lang='grc' dir='ltr'>στρατιώτας</span> <span class='ocrx_word' id='word_1_548' title='bbox 2782 3237 2877 3291; x_wconf 74' lang='grc' dir='ltr'>καὶ</span> <span class='ocrx_word' id='word_1_549' title='bbox 2903 3238 3164 3308; x_wconf 89' lang='grc' dir='ltr'>χρήματα</span> <span class='ocrx_word' id='word_1_550' title='bbox 3192 3240 3583 3309; x_wconf 79' lang='grc' dir='ltr'>μετεπέμψατο</span> <span class='ocrx_word' id='word_1_551' title='bbox 3601 3253 3616 3273; x_wconf 76' lang='grc' dir='ltr'><strong><em>ο</em></strong></span> 
     </span>
    </p>
   </div>
   <div class='ocr_carea' id='block_1_79' title="bbox 2041 3327 3617 3400">
    <p class='ocr_par' dir='ltr' id='par_1_79' title="bbox 2041 3327 3617 3400">
     <span class='ocr_line' id='line_1_79' title="bbox 2041 3327 3617 3400; baseline 0.001 -17"><span class='ocrx_word' id='word_1_552' title='bbox 2041 3327 2231 3399; x_wconf 84' lang='grc' dir='ltr'>μαθὼν</span> <span class='ocrx_word' id='word_1_553' title='bbox 2275 3328 2335 3383; x_wconf 81' lang='grc' dir='ltr'>δὲ</span> <span class='ocrx_word' id='word_1_554' title='bbox 2380 3328 2473 3383; x_wconf 81' lang='grc' dir='ltr'><strong>τὸν</strong></span> <span class='ocrx_word' id='word_1_555' title='bbox 2519 3328 2817 3400; x_wconf 77' lang='grc' dir='ltr'>Φαϐρίκιον</span> <span class='ocrx_word' id='word_1_556' title='bbox 2854 3331 2949 3384; x_wconf 81' lang='grc' dir='ltr'><strong>καὶ</strong></span> <span class='ocrx_word' id='word_1_557' title='bbox 2987 3330 3081 3384; x_wconf 84' lang='grc' dir='ltr'><strong>τὸν</strong></span> <span class='ocrx_word' id='word_1_558' title='bbox 3112 3331 3345 3386; x_wconf 82' lang='grc' dir='ltr'>Πάππον</span> <span class='ocrx_word' id='word_1_559' title='bbox 3372 3332 3617 3396; x_wconf 80' lang='grc' dir='ltr'>ὑπάτους</span> 
     </span>
    </p>
   </div>
   <div class='ocr_carea' id='block_1_80' title="bbox 2037 3418 3617 3492">
    <p class='ocr_par' dir='ltr' id='par_1_80' title="bbox 2037 3418 3617 3492">
     <span class='ocr_line' id='line_1_80' title="bbox 2037 3418 3617 3492; baseline 0.003 -19"><span class='ocrx_word' id='word_1_560' title='bbox 2037 3420 2376 3490; x_wconf 76' lang='grc' dir='ltr'>ᾑρημένους,</span> <span class='ocrx_word' id='word_1_561' title='bbox 2407 3418 2504 3473; x_wconf 70' lang='grc' dir='ltr'>καὶ</span> <span class='ocrx_word' id='word_1_562' title='bbox 2534 3421 2616 3483; x_wconf 90' lang='grc' dir='ltr'><strong>εἰς</strong></span> <span class='ocrx_word' id='word_1_563' title='bbox 2638 3419 2699 3472; x_wconf 81' lang='grc' dir='ltr'>τὸ</span> <span class='ocrx_word' id='word_1_564' title='bbox 2728 3420 3094 3491; x_wconf 79' lang='grc' dir='ltr'>στρατόπεδον</span> <span class='ocrx_word' id='word_1_565' title='bbox 3129 3422 3490 3492; x_wconf 86' lang='grc' dir='ltr'>ἀφιγμένους,</span> <span class='ocrx_word' id='word_1_566' title='bbox 3515 3424 3617 3478; x_wconf 82' lang='grc' dir='ltr'><strong>οὑκ</strong></span> 
     </span>
    </p>
   </div>
   <div class='ocr_carea' id='block_1_81' title="bbox 2036 3511 3619 3589">
    <p class='ocr_par' dir='ltr' id='par_1_81' title="bbox 2036 3511 3619 3589">
     <span class='ocr_line' id='line_1_81' title="bbox 2036 3511 3619 3589; baseline 0.003 -26"><span class='ocrx_word' id='word_1_567' title='bbox 2036 3513 2132 3564; x_wconf 66' lang='grc' dir='ltr'><strong>ἐπὶ</strong></span> <span class='ocrx_word' id='word_1_568' title='bbox 2164 3513 2262 3580; x_wconf 84' lang='grc' dir='ltr'>τῆς</span> <span class='ocrx_word' id='word_1_569' title='bbox 2295 3511 2470 3581; x_wconf 86' lang='grc' dir='ltr'>αὑτῆς</span> <span class='ocrx_word' id='word_1_570' title='bbox 2503 3512 2782 3583; x_wconf 84' lang='grc' dir='ltr'>μεμένηκε</span> <span class='ocrx_word' id='word_1_571' title='bbox 2815 3511 3063 3582; x_wconf 77' lang='grc' dir='ltr'>γνώμης.</span> <span class='ocrx_word' id='word_1_572' title='bbox 3101 3513 3242 3583; x_wconf 84' lang='grc' dir='ltr'>Ἤδη</span> <span class='ocrx_word' id='word_1_573' title='bbox 3279 3514 3337 3567; x_wconf 75' lang='grc' dir='ltr'>δὲ</span> <span class='ocrx_word' id='word_1_574' title='bbox 3371 3515 3481 3568; x_wconf 87' lang='grc' dir='ltr'>τῶν</span> <span class='ocrx_word' id='word_1_575' title='bbox 3515 3519 3619 3589; x_wconf 80' lang='grc' dir='ltr'>ρη-</span> 
     </span>
    </p>
   </div>
   <div class='ocr_carea' id='block_1_82' title="bbox 2038 3604 3618 3678">
    <p class='ocr_par' dir='ltr' id='par_1_82' title="bbox 2038 3604 3618 3678">
     <span class='ocr_line' id='line_1_82' title="bbox 2038 3604 3618 3678; baseline 0.007 -21"><span class='ocrx_word' id='word_1_576' title='bbox 2038 3604 2245 3658; x_wconf 87' lang='grc' dir='ltr'>θέντων</span> <span class='ocrx_word' id='word_1_577' title='bbox 2276 3605 2499 3659; x_wconf 81' lang='grc' dir='ltr'>ὑπάτων</span> <span class='ocrx_word' id='word_1_578' title='bbox 2556 3607 2616 3659; x_wconf 88' lang='grc' dir='ltr'><strong>ἐν</strong></span> <span class='ocrx_word' id='word_1_579' title='bbox 2654 3605 2733 3675; x_wconf 80' lang='grc' dir='ltr'><strong>τῷ</strong></span> <span class='ocrx_word' id='word_1_580' title='bbox 2767 3607 3139 3678; x_wconf 87' lang='grc' dir='ltr'>στρατεύματι</span> <span class='ocrx_word' id='word_1_581' title='bbox 3185 3606 3376 3676; x_wconf 74' lang='grc' dir='ltr'>ὅντων,</span> <span class='ocrx_word' id='word_1_582' title='bbox 3419 3612 3618 3675; x_wconf 79' lang='grc' dir='ltr'>Νικίας</span> 
     </span>
    </p>
   </div>
   <div class='ocr_carea' id='block_1_83' title="bbox 2037 3696 3618 3774">
    <p class='ocr_par' dir='ltr' id='par_1_83' title="bbox 2037 3696 3618 3774">
     <span class='ocr_line' id='line_1_83' title="bbox 2037 3696 3618 3774; baseline 0.005 -24"><span class='ocrx_word' id='word_1_583' title='bbox 2037 3715 2121 3761; x_wconf 83' lang='grc' dir='ltr'><strong>τις</strong></span> <span class='ocrx_word' id='word_1_584' title='bbox 2165 3698 2274 3751; x_wconf 83' lang='grc' dir='ltr'><strong>τῶν</strong></span> <span class='ocrx_word' id='word_1_585' title='bbox 2319 3699 2524 3772; x_wconf 78' lang='grc' dir='ltr'>Πύρρῳ</span> <span class='ocrx_word' id='word_1_586' title='bbox 2567 3699 2777 3753; x_wconf 84' lang='grc' dir='ltr'>πιστῶν</span> <span class='ocrx_word' id='word_1_587' title='bbox 2818 3699 3143 3767; x_wconf 87' lang='grc' dir='ltr'>δοκούντων,</span> <span class='ocrx_word' id='word_1_588' title='bbox 3176 3696 3308 3773; x_wconf 75' lang='grc' dir='ltr'>ἦλθε</span> <span class='ocrx_word' id='word_1_589' title='bbox 3343 3703 3480 3774; x_wconf 83' lang='grc' dir='ltr'>πρὸς</span> <span class='ocrx_word' id='word_1_590' title='bbox 3522 3705 3618 3758; x_wconf 85' lang='grc' dir='ltr'><strong>τὸν</strong></span> 
     </span>
    </p>
   </div>
   <div class='ocr_carea' id='block_1_84' title="bbox 2037 3788 3620 3866">
    <p class='ocr_par' dir='ltr' id='par_1_84' title="bbox 2037 3788 3620 3866">
     <span class='ocr_line' id='line_1_84' title="bbox 2037 3788 3620 3866; baseline 0.004 -26"><span class='ocrx_word' id='word_1_591' title='bbox 2037 3788 2356 3860; x_wconf 77' lang='grc' dir='ltr'>Φαϐρίκιον,</span> <span class='ocrx_word' id='word_1_592' title='bbox 2388 3791 2485 3844; x_wconf 81' lang='grc' dir='ltr'>καὶ</span> <span class='ocrx_word' id='word_1_593' title='bbox 2515 3790 2785 3861; x_wconf 79' lang='grc' dir='ltr'>ὑπέσχετο</span> <span class='ocrx_word' id='word_1_594' title='bbox 2815 3790 2965 3861; x_wconf 86' lang='grc' dir='ltr'>αὐτῷ</span> <span class='ocrx_word' id='word_1_595' title='bbox 2997 3792 3089 3846; x_wconf 73' lang='grc' dir='ltr'>τὸν</span> <span class='ocrx_word' id='word_1_596' title='bbox 3136 3793 3354 3866; x_wconf 72' lang='grc' dir='ltr'>Πύρρον</span> <span class='ocrx_word' id='word_1_597' title='bbox 3399 3794 3620 3864; x_wconf 76' lang='grc' dir='ltr'>δολοφο-</span> 
     </span>
    </p>
   </div>
   <div class='ocr_carea' id='block_1_85' title="bbox 2039 3879 3618 3959">
    <p class='ocr_par' dir='ltr' id='par_1_85' title="bbox 2039 3879 3618 3959">
     <span class='ocr_line' id='line_1_85' title="bbox 2039 3879 3618 3959; baseline 0.005 -27"><span class='ocrx_word' id='word_1_598' title='bbox 2039 3882 2244 3951; x_wconf 88' lang='grc' dir='ltr'>νήσειν.</span> <span class='ocrx_word' id='word_1_599' title='bbox 2274 3883 2621 3953; x_wconf 82' lang='grc' dir='ltr'>Δυσχεράνας</span> <span class='ocrx_word' id='word_1_600' title='bbox 2638 3879 2735 3937; x_wconf 83' lang='grc' dir='ltr'><strong>οὖν</strong></span> <span class='ocrx_word' id='word_1_601' title='bbox 2755 3883 2851 3937; x_wconf 78' lang='grc' dir='ltr'><strong>ἐπὶ</strong></span> <span class='ocrx_word' id='word_1_602' title='bbox 2870 3883 3046 3955; x_wconf 86' lang='grc' dir='ltr'>τούτῳ</span> <span class='ocrx_word' id='word_1_603' title='bbox 3067 3887 3273 3949; x_wconf 81' lang='grc' dir='ltr'>ἐκεῖνος</span> <span class='ocrx_word' id='word_1_604' title='bbox 3290 3885 3486 3959; x_wconf 80' lang='grc' dir='ltr'>(ἀρετῇ</span> <span class='ocrx_word' id='word_1_605' title='bbox 3507 3887 3618 3957; x_wconf 85' lang='grc' dir='ltr'><strong>γὰρ</strong></span> 
     </span>
    </p>
   </div>
   <div class='ocr_carea' id='block_1_86' title="bbox 2039 3972 3617 4048">
    <p class='ocr_par' dir='ltr' id='par_1_86' title="bbox 2039 3972 3617 4048">
     <span class='ocr_line' id='line_1_86' title="bbox 2039 3972 3617 4048; baseline 0.005 -24"><span class='ocrx_word' id='word_1_606' title='bbox 2039 3974 2135 4025; x_wconf 78' lang='grc' dir='ltr'><strong>καὶ</strong></span> <span class='ocrx_word' id='word_1_607' title='bbox 2160 3976 2281 4037; x_wconf 79' lang='grc' dir='ltr'>ταῖς</span> <span class='ocrx_word' id='word_1_608' title='bbox 2306 3973 2601 4045; x_wconf 86' lang='grc' dir='ltr'>δυνάμεσιν</span> <span class='ocrx_word' id='word_1_609' title='bbox 2628 3972 2816 4045; x_wconf 74' lang='grc' dir='ltr'>ἠξίουν</span> <span class='ocrx_word' id='word_1_610' title='bbox 2834 3976 2941 4030; x_wconf 86' lang='grc' dir='ltr'><strong>τῶν</strong></span> <span class='ocrx_word' id='word_1_611' title='bbox 2965 3976 3245 4048; x_wconf 84' lang='grc' dir='ltr'>πολεμίων</span> <span class='ocrx_word' id='word_1_612' title='bbox 3269 3981 3516 4048; x_wconf 84' lang='grc' dir='ltr'>κρατεῖν,</span> <span class='ocrx_word' id='word_1_613' title='bbox 3542 3977 3617 4042; x_wconf 85' lang='grc' dir='ltr'><strong>ὡς</strong></span> 
     </span>
    </p>
   </div>
   <div class='ocr_carea' id='block_1_87' title="bbox 2037 4065 3617 4142">
    <p class='ocr_par' dir='ltr' id='par_1_87' title="bbox 2037 4065 3617 4142">
     <span class='ocr_line' id='line_1_87' title="bbox 2037 4065 3617 4142; baseline 0.006 -24"><span class='ocrx_word' id='word_1_614' title='bbox 2037 4066 2066 4118; x_wconf 86' lang='grc' dir='ltr'>ὁ</span> <span class='ocrx_word' id='word_1_615' title='bbox 2084 4065 2406 4137; x_wconf 85' lang='grc' dir='ltr'>Κάμιλλος),</span> <span class='ocrx_word' id='word_1_616' title='bbox 2432 4067 2778 4139; x_wconf 84' lang='grc' dir='ltr'>κατεμήνυσε</span> <span class='ocrx_word' id='word_1_617' title='bbox 2806 4067 2883 4139; x_wconf 85' lang='grc' dir='ltr'>τῷ</span> <span class='ocrx_word' id='word_1_618' title='bbox 2913 4069 3114 4140; x_wconf 76' lang='grc' dir='ltr'>Πύρρῳ</span> <span class='ocrx_word' id='word_1_619' title='bbox 3136 4070 3196 4122; x_wconf 84' lang='grc' dir='ltr'><strong>τὸ</strong></span> <span class='ocrx_word' id='word_1_620' title='bbox 3222 4069 3617 4142; x_wconf 79' lang='grc' dir='ltr'>ἐπιϐούλευμα.</span> 
     </span>
    </p>
   </div>
   <div class='ocr_carea' id='block_1_88' title="bbox 2041 4155 3619 4228">
    <p class='ocr_par' dir='ltr' id='par_1_88' title="bbox 2041 4155 3619 4228">
     <span class='ocr_line' id='line_1_88' title="bbox 2041 4155 3619 4228; baseline 0.001 -16"><span class='ocrx_word' id='word_1_621' title='bbox 2041 4158 2155 4212; x_wconf 78' lang='grc' dir='ltr'><strong>Καὶ</strong></span> <span class='ocrx_word' id='word_1_622' title='bbox 2186 4155 2360 4221; x_wconf 78' lang='grc' dir='ltr'>οὑτως</span> <span class='ocrx_word' id='word_1_623' title='bbox 2399 4156 2561 4211; x_wconf 78' lang='grc' dir='ltr'>αὑτὸν</span> <span class='ocrx_word' id='word_1_624' title='bbox 2605 4159 2672 4211; x_wconf 87' lang='grc' dir='ltr'><strong>ἐκ</strong></span> <span class='ocrx_word' id='word_1_625' title='bbox 2711 4158 2902 4212; x_wconf 88' lang='grc' dir='ltr'>τούτου</span> <span class='ocrx_word' id='word_1_626' title='bbox 2933 4158 3292 4228; x_wconf 81' lang='grc' dir='ltr'>κατέπληξεν,</span> <span class='ocrx_word' id='word_1_627' title='bbox 3329 4158 3472 4213; x_wconf 84' lang='grc' dir='ltr'>ὥστε</span> <span class='ocrx_word' id='word_1_628' title='bbox 3521 4161 3619 4213; x_wconf 77' lang='grc' dir='ltr'><strong>καὶ</strong></span> 
     </span>
    </p>
   </div>
   <div class='ocr_carea' id='block_1_89' title="bbox 2047 4246 3617 4322">
    <p class='ocr_par' dir='ltr' id='par_1_89' title="bbox 2047 4246 3617 4322">
     <span class='ocr_line' id='line_1_89' title="bbox 2047 4246 3617 4322; baseline 0.002 -21"><span class='ocrx_word' id='word_1_629' title='bbox 2047 4249 2165 4312; x_wconf 79' lang='grc' dir='ltr'>τοὺς</span> <span class='ocrx_word' id='word_1_630' title='bbox 2202 4248 2513 4311; x_wconf 77' lang='grc' dir='ltr'>ἑαλωκότας</span> <span class='ocrx_word' id='word_1_631' title='bbox 2545 4249 2657 4303; x_wconf 87' lang='grc' dir='ltr'>τῶν</span> <span class='ocrx_word' id='word_1_632' title='bbox 2701 4248 2994 4321; x_wconf 84' lang='grc' dir='ltr'>Ῥωμαίων</span> <span class='ocrx_word' id='word_1_633' title='bbox 3023 4253 3230 4322; x_wconf 84' lang='grc' dir='ltr'>προῖκα</span> <span class='ocrx_word' id='word_1_634' title='bbox 3256 4246 3415 4315; x_wconf 83' lang='grc' dir='ltr'>αὖθις</span> <span class='ocrx_word' id='word_1_635' title='bbox 3458 4252 3617 4321; x_wconf 68' lang='grc' dir='ltr'>ἀφείη</span> 
     </span>
    </p>
   </div>
   <div class='ocr_carea' id='block_1_90' title="bbox 2040 4341 3612 4414">
    <p class='ocr_par' dir='ltr' id='par_1_90' title="bbox 2040 4341 3612 4414">
     <span class='ocr_line' id='line_1_90' title="bbox 2040 4341 3612 4414; baseline 0.005 -22"><span class='ocrx_word' id='word_1_636' title='bbox 2040 4357 2151 4407; x_wconf 91' lang='grc' dir='ltr'>ναι,</span> <span class='ocrx_word' id='word_1_637' title='bbox 2186 4341 2281 4393; x_wconf 82' lang='grc' dir='ltr'><strong>καὶ</strong></span> <span class='ocrx_word' id='word_1_638' title='bbox 2314 4341 2574 4411; x_wconf 83' lang='grc' dir='ltr'>πρέσϐεις</span> <span class='ocrx_word' id='word_1_639' title='bbox 2618 4342 2783 4395; x_wconf 90' lang='grc' dir='ltr'>πάλιν</span> <span class='ocrx_word' id='word_1_640' title='bbox 2816 4342 2958 4413; x_wconf 82' lang='grc' dir='ltr'>ὑπὲρ</span> <span class='ocrx_word' id='word_1_641' title='bbox 2995 4343 3222 4414; x_wconf 78' lang='grc' dir='ltr'>εἰρήνης</span> <span class='ocrx_word' id='word_1_642' title='bbox 3271 4343 3612 4400; x_wconf 85' lang='grc' dir='ltr'>ἀποστεῖλαι.</span> 
     </span>
    </p>
   </div>
   <div class='ocr_carea' id='block_1_91' title="bbox 2051 4438 3613 4512">
    <p class='ocr_par' dir='ltr' id='par_1_91' title="bbox 2051 4438 3613 4512">
     <span class='ocr_line' id='line_1_91' title="bbox 2051 4438 3613 4512; baseline 0.003 -21"><span class='ocrx_word' id='word_1_643' title='bbox 2051 4438 2204 4491; x_wconf 74' lang='grc' dir='ltr'>Ἐπεὶ</span> <span class='ocrx_word' id='word_1_644' title='bbox 2257 4438 2315 4490; x_wconf 80' lang='grc' dir='ltr'><strong>δέ</strong></span> <span class='ocrx_word' id='word_1_645' title='bbox 2376 4438 2428 4491; x_wconf 78' lang='lat' dir='ltr'><strong>oi</strong></span> <span class='ocrx_word' id='word_1_646' title='bbox 2488 4439 2749 4508; x_wconf 85' lang='grc' dir='ltr'>Ῥωμαῖοι</span> <span class='ocrx_word' id='word_1_647' title='bbox 2812 4441 2939 4508; x_wconf 85' lang='grc' dir='ltr'>περὶ</span> <span class='ocrx_word' id='word_1_648' title='bbox 2990 4442 3088 4507; x_wconf 77' lang='grc' dir='ltr'>τῆς</span> <span class='ocrx_word' id='word_1_649' title='bbox 3165 4441 3393 4512; x_wconf 83' lang='grc' dir='ltr'>εἰρήνης</span> <span class='ocrx_word' id='word_1_650' title='bbox 3460 4440 3613 4495; x_wconf 81' lang='grc' dir='ltr'>οὐδὲν</span> 
     </span>
    </p>
   </div>
   <div class='ocr_carea' id='block_1_92' title="bbox 345 4503 1938 4601">
    <p class='ocr_par' dir='ltr' id='par_1_92' title="bbox 345 4522 1929 4599">
     <span class='ocr_line' id='line_1_92' title="bbox 345 4522 1929 4599; baseline 0.002 -22"><span class='ocrx_word' id='word_1_651' title='bbox 345 4523 413 4577; x_wconf 87' lang='grc' dir='ltr'>Ει</span> <span class='ocrx_word' id='word_1_652' title='bbox 444 4538 475 4577; x_wconf 92' lang='lat' dir='ltr'><strong>a</strong></span> <span class='ocrx_word' id='word_1_653' title='bbox 502 4522 863 4594; x_wconf 80' lang='lat' dir='ltr'><strong>Syracusanis</strong></span> <span class='ocrx_word' id='word_1_654' title='bbox 893 4531 1183 4591; x_wconf 85' lang='lat' dir='ltr'><strong>exceptus,</strong></span> <span class='ocrx_word' id='word_1_655' title='bbox 1218 4538 1432 4578; x_wconf 83' lang='lat' dir='ltr'><strong>summa</strong></span> <span class='ocrx_word' id='word_1_656' title='bbox 1462 4539 1649 4578; x_wconf 90' lang='lat' dir='ltr'><strong>rerum</strong></span> <span class='ocrx_word' id='word_1_657' title='bbox 1670 4525 1774 4599; x_wconf 89' lang='lat' dir='ltr'><strong>ipsi</strong></span> <span class='ocrx_word' id='word_1_658' title='bbox 1802 4542 1929 4595; x_wconf 89' lang='lat' dir='ltr'><strong>per-</strong></span> 
     </span>
    </p>
   </div>
   <div class='ocr_carea' id='block_1_93' title="bbox 2042 4503 3615 4601">
    <p class='ocr_par' dir='ltr' id='par_1_93' title="bbox 2042 4503 3615 4601">
     <span class='ocr_line' id='line_1_93' title="bbox 2042 4503 3615 4601; baseline 0.003 -20"><span class='ocrx_word' id='word_1_659' title='bbox 2042 4527 2432 4599; x_wconf 86' lang='grc' dir='ltr'>άπεκρίναντο,</span> <span class='ocrx_word' id='word_1_660' title='bbox 2467 4503 2612 4583; x_wconf 25' lang='grc' dir='ltr'>ἀλλά*</span> <span class='ocrx_word' id='word_1_661' title='bbox 2664 4530 2760 4583; x_wconf 82' lang='grc' dir='ltr'>καὶ</span> <span class='ocrx_word' id='word_1_662' title='bbox 2797 4503 2916 4584; x_wconf 77' lang='grc' dir='ltr'>τότε</span> <span class='ocrx_word' id='word_1_663' title='bbox 2974 4503 3185 4601; x_wconf 80' lang='grc' dir='ltr'>ἀπᾶραι</span> <span class='ocrx_word' id='word_1_664' title='bbox 3220 4503 3361 4601; x_wconf 44' lang='grc' dir='ltr'><strong>’τέκ’</strong></span> <span class='ocrx_word' id='word_1_665' title='bbox 3386 4530 3615 4596; x_wconf 85' lang='grc' dir='ltr'>Ἰταλίας</span> 
     </span>
    </p>
   </div>
   <div class='ocr_carea' id='block_1_94' title="bbox 348 4612 1926 4683">
    <p class='ocr_par' dir='ltr' id='par_1_94' title="bbox 348 4612 1926 4683">
     <span class='ocr_line' id='line_1_94' title="bbox 348 4612 1926 4683; baseline 0.004 -18"><span class='ocrx_word' id='word_1_666' title='bbox 348 4612 537 4678; x_wconf 88' lang='lat' dir='ltr'><strong>missa,</strong></span> <span class='ocrx_word' id='word_1_667' title='bbox 575 4628 768 4668; x_wconf 89' lang='lat' dir='ltr'><strong>rursus</strong></span> <span class='ocrx_word' id='word_1_668' title='bbox 806 4613 960 4667; x_wconf 90' lang='lat' dir='ltr'><strong>brevi</strong></span> <span class='ocrx_word' id='word_1_669' title='bbox 991 4613 1170 4682; x_wconf 89' lang='lat' dir='ltr'><strong>spatio</strong></span> <span class='ocrx_word' id='word_1_670' title='bbox 1207 4617 1469 4683; x_wconf 89' lang='lat' dir='ltr'><strong>temporis</strong></span> <span class='ocrx_word' id='word_1_671' title='bbox 1502 4626 1685 4670; x_wconf 89' lang='lat' dir='ltr'><strong>tantus</strong></span> <span class='ocrx_word' id='word_1_672' title='bbox 1727 4617 1926 4682; x_wconf 89' lang='lat' dir='ltr'><strong>evasit,</strong></span> 
     </span>
    </p>
   </div>
   <div class='ocr_carea' id='block_1_95' title="bbox 345 4703 1929 4774">
    <p class='ocr_par' dir='ltr' id='par_1_95' title="bbox 345 4703 1929 4774">
     <span class='ocr_line' id='line_1_95' title="bbox 345 4703 1929 4774; baseline 0.002 -15"><span class='ocrx_word' id='word_1_673' title='bbox 345 4715 408 4759; x_wconf 89' lang='lat' dir='ltr'><strong>ut</strong></span> <span class='ocrx_word' id='word_1_674' title='bbox 440 4703 930 4774; x_wconf 82' lang='lat' dir='ltr'><strong>Carthaginienses</strong></span> <span class='ocrx_word' id='word_1_675' title='bbox 977 4705 1128 4759; x_wconf 89' lang='lat' dir='ltr'><strong>illius</strong></span> <span class='ocrx_word' id='word_1_676' title='bbox 1159 4716 1312 4759; x_wconf 89' lang='lat' dir='ltr'><strong>metu</strong></span> <span class='ocrx_word' id='word_1_677' title='bbox 1380 4721 1448 4759; x_wconf 81' lang='lat' dir='ltr'><strong>ex</strong></span> <span class='ocrx_word' id='word_1_678' title='bbox 1505 4707 1658 4760; x_wconf 87' lang='lat' dir='ltr'><strong>Italia</strong></span> <span class='ocrx_word' id='word_1_679' title='bbox 1694 4708 1929 4763; x_wconf 86' lang='lat' dir='ltr'><strong>militem</strong></span> 
     </span>
    </p>
   </div>
   <div class='ocr_carea' id='block_1_96' title="bbox 345 4795 1927 4855">
    <p class='ocr_par' dir='ltr' id='par_1_96' title="bbox 345 4795 1927 4855">
     <span class='ocr_line' id='line_1_96' title="bbox 345 4795 1927 4855; baseline 0.004 -5"><span class='ocrx_word' id='word_1_680' title='bbox 345 4797 742 4851; x_wconf 88' lang='lat' dir='ltr'><strong>conducerent.</strong></span> <span class='ocrx_word' id='word_1_681' title='bbox 776 4795 883 4851; x_wconf 87' lang='lat' dir='ltr'><strong>Sed</strong></span> <span class='ocrx_word' id='word_1_682' title='bbox 918 4796 1179 4851; x_wconf 87' lang='lat' dir='ltr'><strong>celeriter</strong></span> <span class='ocrx_word' id='word_1_683' title='bbox 1203 4811 1268 4850; x_wconf 89' lang='lat' dir='ltr'><strong>ea</strong></span> <span class='ocrx_word' id='word_1_684' title='bbox 1300 4795 1522 4853; x_wconf 83' lang='lat' dir='ltr'><strong>fortuna</strong></span> <span class='ocrx_word' id='word_1_685' title='bbox 1563 4807 1775 4853; x_wconf 88' lang='lat' dir='ltr'><strong>mutata</strong></span> <span class='ocrx_word' id='word_1_686' title='bbox 1837 4812 1927 4855; x_wconf 89' lang='lat' dir='ltr'><strong>est</strong></span> 
     </span>
    </p>
   </div>
   <div class='ocr_carea' id='block_1_97' title="bbox 346 4888 1930 4959">
    <p class='ocr_par' dir='ltr' id='par_1_97' title="bbox 346 4888 1930 4959">
     <span class='ocr_line' id='line_1_97' title="bbox 346 4888 1930 4959; baseline 0.003 -14"><span class='ocrx_word' id='word_1_687' title='bbox 346 4890 409 4945; x_wconf 90' lang='lat' dir='ltr'><strong>in</strong></span> <span class='ocrx_word' id='word_1_688' title='bbox 462 4889 803 4943; x_wconf 90' lang='lat' dir='ltr'><strong>contrarium</strong></span> <span class='ocrx_word' id='word_1_689' title='bbox 841 4906 856 4943; x_wconf 74' lang='grc' dir='ltr'><strong>ε</strong></span> <span class='ocrx_word' id='word_1_690' title='bbox 914 4888 1061 4958; x_wconf 89' lang='lat' dir='ltr'><strong>quod</strong></span> <span class='ocrx_word' id='word_1_691' title='bbox 1100 4891 1305 4944; x_wconf 90' lang='lat' dir='ltr'><strong>multos</strong></span> <span class='ocrx_word' id='word_1_692' title='bbox 1342 4905 1410 4944; x_wconf 81' lang='lat' dir='ltr'><strong>ex</strong></span> <span class='ocrx_word' id='word_1_693' title='bbox 1456 4892 1793 4959; x_wconf 86' lang='lat' dir='ltr'><strong>primoribus</strong></span> <span class='ocrx_word' id='word_1_694' title='bbox 1822 4893 1930 4949; x_wconf 89' lang='lat' dir='ltr'><strong>sibi</strong></span> 
     </span>
    </p>
   </div>
   <div class='ocr_carea' id='block_1_98' title="bbox 342 4978 1933 5048">
    <p class='ocr_par' dir='ltr' id='par_1_98' title="bbox 342 4978 1933 5048">
     <span class='ocr_line' id='line_1_98' title="bbox 342 4978 1933 5048; baseline 0.004 -16"><span class='ocrx_word' id='word_1_695' title='bbox 342 4986 630 5047; x_wconf 83' lang='lat' dir='ltr'><strong>suspectos</strong></span> <span class='ocrx_word' id='word_1_696' title='bbox 662 4978 860 5047; x_wconf 86' lang='lat' dir='ltr'><strong>partim</strong></span> <span class='ocrx_word' id='word_1_697' title='bbox 898 4979 1155 5047; x_wconf 89' lang='lat' dir='ltr'><strong>pellebat,</strong></span> <span class='ocrx_word' id='word_1_698' title='bbox 1175 4981 1375 5048; x_wconf 90' lang='lat' dir='ltr'><strong>partim</strong></span> <span class='ocrx_word' id='word_1_699' title='bbox 1410 4982 1670 5036; x_wconf 88' lang='lat' dir='ltr'><strong>necabat.</strong></span> <span class='ocrx_word' id='word_1_700' title='bbox 1696 4982 1933 5039; x_wconf 77' lang='lat' dir='ltr'><strong>Cartha-</strong></span> 
     </span>
    </p>
   </div>
   <div class='ocr_carea' id='block_1_99' title="bbox 340 5070 1937 5143">
    <p class='ocr_par' dir='ltr' id='par_1_99' title="bbox 340 5070 1937 5143">
     <span class='ocr_line' id='line_1_99' title="bbox 340 5070 1937 5143; baseline 0.006 -20"><span class='ocrx_word' id='word_1_701' title='bbox 340 5070 623 5141; x_wconf 86' lang='lat' dir='ltr'><strong>ginienses</strong></span> <span class='ocrx_word' id='word_1_702' title='bbox 642 5072 812 5138; x_wconf 88' lang='lat' dir='ltr'><strong>enim,</strong></span> <span class='ocrx_word' id='word_1_703' title='bbox 829 5087 952 5126; x_wconf 92' lang='lat' dir='ltr'><strong>cum</strong></span> <span class='ocrx_word' id='word_1_704' title='bbox 983 5086 1110 5126; x_wconf 91' lang='lat' dir='ltr'><strong>eum</strong></span> <span class='ocrx_word' id='word_1_705' title='bbox 1133 5087 1234 5127; x_wconf 89' lang='lat' dir='ltr'><strong>nec</strong></span> <span class='ocrx_word' id='word_1_706' title='bbox 1252 5073 1476 5142; x_wconf 89' lang='lat' dir='ltr'><strong>privatis</strong></span> <span class='ocrx_word' id='word_1_707' title='bbox 1501 5075 1715 5131; x_wconf 90' lang='lat' dir='ltr'><strong>viribus</strong></span> <span class='ocrx_word' id='word_1_708' title='bbox 1733 5078 1937 5143; x_wconf 89' lang='lat' dir='ltr'><strong>valere,</strong></span> 
     </span>
    </p>
   </div>
   <div class='ocr_carea' id='block_1_100' title="bbox 342 5163 1924 5233">
    <p class='ocr_par' dir='ltr' id='par_1_100' title="bbox 342 5163 1924 5233">
     <span class='ocr_line' id='line_1_100' title="bbox 342 5163 1924 5233; baseline 0.004 -16"><span class='ocrx_word' id='word_1_709' title='bbox 342 5178 521 5231; x_wconf 88' lang='lat' dir='ltr'><strong>neque</strong></span> <span class='ocrx_word' id='word_1_710' title='bbox 543 5163 893 5233; x_wconf 88' lang='lat' dir='ltr'><strong>popularium</strong></span> <span class='ocrx_word' id='word_1_711' title='bbox 922 5164 1133 5218; x_wconf 89' lang='lat' dir='ltr'><strong>habere</strong></span> <span class='ocrx_word' id='word_1_712' title='bbox 1158 5164 1345 5220; x_wconf 88' lang='lat' dir='ltr'><strong>studia</strong></span> <span class='ocrx_word' id='word_1_713' title='bbox 1374 5175 1687 5232; x_wconf 87' lang='lat' dir='ltr'><strong>cernerent,</strong></span> <span class='ocrx_word' id='word_1_714' title='bbox 1721 5169 1924 5224; x_wconf 89' lang='lat' dir='ltr'><strong>bellum</strong></span> 
     </span>
    </p>
   </div>
   <div class='ocr_carea' id='block_1_101' title="bbox 340 5254 1923 5328">
    <p class='ocr_par' dir='ltr' id='par_1_101' title="bbox 340 5254 1923 5328">
     <span class='ocr_line' id='line_1_101' title="bbox 340 5254 1923 5328; baseline 0.003 -17"><span class='ocrx_word' id='word_1_715' title='bbox 340 5263 568 5311; x_wconf 89' lang='lat' dir='ltr'><strong>sternue</strong></span> <span class='ocrx_word' id='word_1_716' title='bbox 623 5254 1105 5323; x_wconf 90' lang='lat' dir='ltr'><strong>administrarunt,</strong></span> <span class='ocrx_word' id='word_1_717' title='bbox 1147 5258 1387 5325; x_wconf 84' lang='lat' dir='ltr'><strong>eumque</strong></span> <span class='ocrx_word' id='word_1_718' title='bbox 1450 5257 1923 5328; x_wconf 81' lang='lat' dir='ltr'><strong>Syracusanorum</strong></span> 
     </span>
    </p>
   </div>
   <div class='ocr_carea' id='block_1_102' title="bbox 338 5347 1961 5428">
    <p class='ocr_par' dir='ltr' id='par_1_102' title="bbox 338 5347 1961 5428">
     <span class='ocr_line' id='line_1_102' title="bbox 338 5347 1961 5428; baseline 0.004 -27"><span class='ocrx_word' id='word_1_719' title='bbox 338 5347 627 5403; x_wconf 80' lang='lat' dir='ltr'><strong>exsulibus</strong></span> <span class='ocrx_word' id='word_1_720' title='bbox 663 5348 1057 5420; x_wconf 87' lang='lat' dir='ltr'><strong>suscipiendis,</strong></span> <span class='ocrx_word' id='word_1_721' title='bbox 1085 5348 1225 5405; x_wconf 87' lang='lat' dir='ltr'><strong>male</strong></span> <span class='ocrx_word' id='word_1_722' title='bbox 1254 5357 1590 5405; x_wconf 87' lang='lat' dir='ltr'><strong>tractarunt.</strong></span> <span class='ocrx_word' id='word_1_723' title='bbox 1620 5349 1779 5406; x_wconf 82' lang='lat' dir='ltr'><strong>Unde</strong></span> <span class='ocrx_word' id='word_1_724' title='bbox 1812 5368 1961 5428; x_wconf 51' lang='lat' dir='ltr'><strong>non.</strong></span> 
     </span>
    </p>
   </div>
   <div class='ocr_carea' id='block_1_103' title="bbox 342 5438 1863 5512">
    <p class='ocr_par' dir='ltr' id='par_1_103' title="bbox 342 5438 1863 5512">
     <span class='ocr_line' id='line_1_103' title="bbox 342 5438 1863 5512; baseline 0.003 -19"><span class='ocrx_word' id='word_1_725' title='bbox 342 5438 644 5512; x_wconf 84' lang='lat' dir='ltr'><strong>Syracusas</strong></span> <span class='ocrx_word' id='word_1_726' title='bbox 676 5440 968 5505; x_wconf 77' lang='lat' dir='ltr'><strong>duntaxat,</strong></span> <span class='ocrx_word' id='word_1_727' title='bbox 993 5440 1091 5496; x_wconf 89' lang='lat' dir='ltr'><strong>sed</strong></span> <span class='ocrx_word' id='word_1_728' title='bbox 1120 5448 1290 5496; x_wconf 89' lang='lat' dir='ltr'><strong>totam</strong></span> <span class='ocrx_word' id='word_1_729' title='bbox 1322 5440 1567 5496; x_wconf 89' lang='lat' dir='ltr'><strong>Siciliam</strong></span> <span class='ocrx_word' id='word_1_730' title='bbox 1594 5442 1863 5498; x_wconf 90' lang='lat' dir='ltr'><strong>deseruit.</strong></span> 
     </span>
    </p>
   </div>
   <div class='ocr_carea' id='block_1_104' title="bbox 2032 4620 3636 4692">
    <p class='ocr_par' dir='ltr' id='par_1_104' title="bbox 2032 4620 3636 4692">
     <span class='ocr_line' id='line_1_104' title="bbox 2032 4620 3636 4692; baseline 0.003 -20"><span class='ocrx_word' id='word_1_731' title='bbox 2032 4620 2304 4685; x_wconf 83' lang='grc' dir='ltr'>ἐκέλευον,</span> <span class='ocrx_word' id='word_1_732' title='bbox 2329 4622 2425 4675; x_wconf 80' lang='grc' dir='ltr'>καὶ</span> <span class='ocrx_word' id='word_1_733' title='bbox 2448 4620 2622 4685; x_wconf 80' lang='grc' dir='ltr'>οὕτως</span> <span class='ocrx_word' id='word_1_734' title='bbox 2648 4621 2832 4685; x_wconf 79' lang='grc' dir='ltr'>αὐτοῖς</span> <span class='ocrx_word' id='word_1_735' title='bbox 2857 4621 3379 4692; x_wconf 85' lang='grc' dir='ltr'>διακηρυκεύεσθαι,</span> <span class='ocrx_word' id='word_1_736' title='bbox 3400 4622 3495 4677; x_wconf 78' lang='grc' dir='ltr'>καὶ</span> <span class='ocrx_word' id='word_1_737' title='bbox 3515 4623 3636 4688; x_wconf 59' lang='grc' dir='ltr'>τὰς(</span> 
     </span>
    </p>
   </div>
   <div class='ocr_carea' id='block_1_105' title="bbox 2035 4708 3648 4799">
    <p class='ocr_par' dir='ltr' id='par_1_105' title="bbox 2035 4708 3648 4799">
     <span class='ocr_line' id='line_1_105' title="bbox 2035 4708 3648 4799; baseline 0.001 -33"><span class='ocrx_word' id='word_1_738' title='bbox 2035 4713 2388 4784; x_wconf 88' lang='grc' dir='ltr'>συμμαχίδας</span> <span class='ocrx_word' id='word_1_739' title='bbox 2430 4709 2579 4783; x_wconf 85' lang='grc' dir='ltr'>αὑτῷ</span> <span class='ocrx_word' id='word_1_740' title='bbox 2610 4713 2795 4777; x_wconf 87' lang='grc' dir='ltr'>πόλεις</span> <span class='ocrx_word' id='word_1_741' title='bbox 2841 4716 3173 4787; x_wconf 84' lang='grc' dir='ltr'>κατέτρεχόν</span> <span class='ocrx_word' id='word_1_742' title='bbox 3200 4733 3260 4770; x_wconf 91' lang='grc' dir='ltr'><strong>τε</strong></span> <span class='ocrx_word' id='word_1_743' title='bbox 3296 4717 3393 4771; x_wconf 77' lang='grc' dir='ltr'><strong>καὶ</strong></span> <span class='ocrx_word' id='word_1_744' title='bbox 3419 4708 3648 4799; x_wconf 51' lang='grc' dir='ltr'>ᾖρουν,ξ</span> 
     </span>
    </p>
   </div>
   <div class='ocr_carea' id='block_1_106' title="bbox 2035 4804 3637 4877">
    <p class='ocr_par' dir='ltr' id='par_1_106' title="bbox 2035 4804 3637 4877">
     <span class='ocr_line' id='line_1_106' title="bbox 2035 4804 3637 4877; baseline 0.002 -19"><span class='ocrx_word' id='word_1_745' title='bbox 2035 4806 2096 4858; x_wconf 91' lang='grc' dir='ltr'><strong>ἐν</strong></span> <span class='ocrx_word' id='word_1_746' title='bbox 2136 4806 2421 4876; x_wconf 84' lang='grc' dir='ltr'>ἀμηχανίᾳ</span> <span class='ocrx_word' id='word_1_747' title='bbox 2461 4807 2702 4872; x_wconf 85' lang='grc' dir='ltr'>ἐγένετο,</span> <span class='ocrx_word' id='word_1_748' title='bbox 2733 4807 2865 4877; x_wconf 79' lang='grc' dir='ltr'>πρὶν</span> <span class='ocrx_word' id='word_1_749' title='bbox 2909 4806 2973 4874; x_wconf 84' lang='grc' dir='ltr'>δὴ</span> <span class='ocrx_word' id='word_1_750' title='bbox 3021 4808 3404 4876; x_wconf 88' lang='grc' dir='ltr'>Συρακουσίων</span> <span class='ocrx_word' id='word_1_751' title='bbox 3466 4804 3637 4871; x_wconf 50' lang='grc' dir='ltr'>τινὲςλ</span> 
     </span>
    </p>
   </div>
   <div class='ocr_carea' id='block_1_107' title="bbox 2036 4885 3645 4969">
    <p class='ocr_par' dir='ltr' id='par_1_107' title="bbox 2036 4885 3645 4969">
     <span class='ocr_line' id='line_1_107' title="bbox 2036 4885 3645 4969; baseline 0.003 -21"><span class='ocrx_word' id='word_1_752' title='bbox 2036 4896 2362 4966; x_wconf 75' lang='grc' dir='ltr'>(ἐτύγχανον</span> <span class='ocrx_word' id='word_1_753' title='bbox 2390 4895 2470 4961; x_wconf 77' lang='grc' dir='ltr'>δὲ,</span> <span class='ocrx_word' id='word_1_754' title='bbox 2504 4895 2563 4961; x_wconf 90' lang='grc' dir='ltr'><strong>ἐξ</strong></span> <span class='ocrx_word' id='word_1_755' title='bbox 2593 4889 2653 4950; x_wconf 75' lang='grc' dir='ltr'>οὗ</span> <span class='ocrx_word' id='word_1_756' title='bbox 2691 4896 3028 4968; x_wconf 80' lang='grc' dir='ltr'>Ἀγαθοκλῆς</span> <span class='ocrx_word' id='word_1_757' title='bbox 3070 4898 3419 4969; x_wconf 82' lang='grc' dir='ltr'>ἐτελεύτησε,</span> <span class='ocrx_word' id='word_1_758' title='bbox 3480 4885 3645 4953; x_wconf 79' lang='grc' dir='ltr'>στα-’-</span> 
     </span>
    </p>
   </div>
   <div class='ocr_carea' id='block_1_108' title="bbox 2037 4986 3614 5058">
    <p class='ocr_par' dir='ltr' id='par_1_108' title="bbox 2037 4986 3614 5058">
     <span class='ocr_line' id='line_1_108' title="bbox 2037 4986 3614 5058; baseline 0.002 -20"><span class='ocrx_word' id='word_1_759' title='bbox 2037 4987 2336 5057; x_wconf 76' lang='grc' dir='ltr'>σιάζοντες)</span> <span class='ocrx_word' id='word_1_760' title='bbox 2368 4987 2771 5040; x_wconf 78' lang='grc' dir='ltr'>ἐπεκαλέσαντο</span> <span class='ocrx_word' id='word_1_761' title='bbox 2801 4987 2986 5053; x_wconf 82' lang='grc' dir='ltr'>αὑτὸν,</span> <span class='ocrx_word' id='word_1_762' title='bbox 3021 4987 3410 5058; x_wconf 86' lang='grc' dir='ltr'>παραδιδόντες</span> <span class='ocrx_word' id='word_1_763' title='bbox 3438 4989 3487 5040; x_wconf 76' lang='lat' dir='ltr'><strong>oi</strong></span> <span class='ocrx_word' id='word_1_764' title='bbox 3518 4986 3614 5041; x_wconf 72' lang='grc' dir='ltr'>καὶ</span> 
     </span>
    </p>
   </div>
   <div class='ocr_carea' id='block_1_109' title="bbox 2035 5078 3607 5150">
    <p class='ocr_par' dir='ltr' id='par_1_109' title="bbox 2035 5078 3607 5150">
     <span class='ocr_line' id='line_1_109' title="bbox 2035 5078 3607 5150; baseline 0.001 -18"><span class='ocrx_word' id='word_1_765' title='bbox 2035 5080 2264 5143; x_wconf 78' lang='grc' dir='ltr'>ἑαυτοὺς</span> <span class='ocrx_word' id='word_1_766' title='bbox 2285 5079 2382 5133; x_wconf 79' lang='grc' dir='ltr'><strong>καί¹</strong></span> <span class='ocrx_word' id='word_1_767' title='bbox 2412 5078 2512 5150; x_wconf 76' lang='grc' dir='ltr'>τὴν</span> <span class='ocrx_word' id='word_1_768' title='bbox 2539 5078 2715 5133; x_wconf 83' lang='grc' dir='ltr'>πόλιν.</span> <span class='ocrx_word' id='word_1_769' title='bbox 2752 5078 3127 5142; x_wconf 84' lang='grc' dir='ltr'>Ἀναπνεύσας</span> <span class='ocrx_word' id='word_1_770' title='bbox 3160 5078 3271 5150; x_wconf 84' lang='grc' dir='ltr'>γὰρ</span> <span class='ocrx_word' id='word_1_771' title='bbox 3296 5079 3607 5150; x_wconf 66' lang='grc' dir='ltr'>ἐπὶτούτῳ,</span> 
     </span>
    </p>
   </div>
   <div class='ocr_carea' id='block_1_110' title="bbox 2037 5169 3611 5242">
    <p class='ocr_par' dir='ltr' id='par_1_110' title="bbox 2037 5169 3611 5242">
     <span class='ocr_line' id='line_1_110' title="bbox 2037 5169 3611 5242; baseline 0.001 -19"><span class='ocrx_word' id='word_1_772' title='bbox 2037 5172 2134 5224; x_wconf 85' lang='grc' dir='ltr'><strong>καὶ</strong></span> <span class='ocrx_word' id='word_1_773' title='bbox 2173 5170 2549 5241; x_wconf 85' lang='grc' dir='ltr'>προσελπίσας</span> <span class='ocrx_word' id='word_1_774' title='bbox 2585 5171 2768 5223; x_wconf 83' lang='grc' dir='ltr'>πᾶσαν</span> <span class='ocrx_word' id='word_1_775' title='bbox 2795 5170 2893 5240; x_wconf 79' lang='grc' dir='ltr'><strong>τήν</strong></span> <span class='ocrx_word' id='word_1_776' title='bbox 2935 5169 3189 5223; x_wconf 88' lang='grc' dir='ltr'>Σικελίαν</span> <span class='ocrx_word' id='word_1_777' title='bbox 3228 5170 3611 5242; x_wconf 80' lang='grc' dir='ltr'>καταστρέψα-</span> 
     </span>
    </p>
   </div>
   <div class='ocr_carea' id='block_1_111' title="bbox 2036 5259 3613 5333">
    <p class='ocr_par' dir='ltr' id='par_1_111' title="bbox 2036 5259 3613 5333">
     <span class='ocr_line' id='line_1_111' title="bbox 2036 5259 3613 5333; baseline -0.001 -18"><span class='ocrx_word' id='word_1_778' title='bbox 2036 5262 2187 5329; x_wconf 88' lang='grc' dir='ltr'>σθαι,</span> <span class='ocrx_word' id='word_1_779' title='bbox 2214 5262 2305 5315; x_wconf 81' lang='grc' dir='ltr'><strong>τδν</strong></span> <span class='ocrx_word' id='word_1_780' title='bbox 2343 5263 2442 5333; x_wconf 84' lang='grc' dir='ltr'>μὲν</span> <span class='ocrx_word' id='word_1_781' title='bbox 2470 5260 2699 5315; x_wconf 84' lang='grc' dir='ltr'>Μίλωνα</span> <span class='ocrx_word' id='word_1_782' title='bbox 2724 5262 2783 5313; x_wconf 89' lang='grc' dir='ltr'><strong>ἐν</strong></span> <span class='ocrx_word' id='word_1_783' title='bbox 2820 5259 3025 5330; x_wconf 75' lang='grc' dir='ltr'>Ἰταλίᾳ.</span> <span class='ocrx_word' id='word_1_784' title='bbox 3061 5261 3378 5330; x_wconf 84' lang='grc' dir='ltr'>κατέλιπεν,</span> <span class='ocrx_word' id='word_1_785' title='bbox 3419 5266 3476 5316; x_wconf 84' lang='grc' dir='ltr'><strong>ἐν</strong></span> <span class='ocrx_word' id='word_1_786' title='bbox 3512 5280 3613 5330; x_wconf 80' lang='grc' dir='ltr'>φυ-</span> 
     </span>
    </p>
   </div>
   <div class='ocr_carea' id='block_1_112' title="bbox 2031 5349 3609 5423">
    <p class='ocr_par' dir='ltr' id='par_1_112' title="bbox 2031 5349 3609 5423">
     <span class='ocr_line' id='line_1_112' title="bbox 2031 5349 3609 5423; baseline 0.001 -20"><span class='ocrx_word' id='word_1_787' title='bbox 2031 5351 2174 5422; x_wconf 79' lang='grc' dir='ltr'>λακῇ</span> <span class='ocrx_word' id='word_1_788' title='bbox 2204 5351 2298 5404; x_wconf 87' lang='grc' dir='ltr'><strong>τόν</strong></span> <span class='ocrx_word' id='word_1_789' title='bbox 2331 5368 2390 5404; x_wconf 88' lang='grc' dir='ltr'><strong>τε</strong></span> <span class='ocrx_word' id='word_1_790' title='bbox 2420 5351 2676 5421; x_wconf 80' lang='grc' dir='ltr'>Τάραντα</span> <span class='ocrx_word' id='word_1_791' title='bbox 2705 5350 2800 5404; x_wconf 78' lang='grc' dir='ltr'>καὶ</span> <span class='ocrx_word' id='word_1_792' title='bbox 2828 5350 2898 5403; x_wconf 85' lang='grc' dir='ltr'>τὰ</span> <span class='ocrx_word' id='word_1_793' title='bbox 2922 5349 3056 5405; x_wconf 83' lang='grc' dir='ltr'>ἀλλα</span> <span class='ocrx_word' id='word_1_794' title='bbox 3079 5352 3440 5423; x_wconf 86' lang='grc' dir='ltr'>ποιησόμενον</span> <span class='ocrx_word' id='word_1_795' title='bbox 3459 5368 3472 5383; x_wconf 76' lang='grc' dir='ltr'><strong><em>ο</em></strong></span> <span class='ocrx_word' id='word_1_796' title='bbox 3506 5353 3609 5405; x_wconf 87' lang='grc' dir='ltr'>αὑ-</span> 
     </span>
    </p>
   </div>
   <div class='ocr_carea' id='block_1_113' title="bbox 2030 5440 3609 5512">
    <p class='ocr_par' dir='ltr' id='par_1_113' title="bbox 2030 5440 3609 5512">
     <span class='ocr_line' id='line_1_113' title="bbox 2030 5440 3609 5512; baseline -0.001 -14"><span class='ocrx_word' id='word_1_797' title='bbox 2030 5445 2122 5506; x_wconf 74' lang='grc' dir='ltr'><strong>τὸς</strong></span> <span class='ocrx_word' id='word_1_798' title='bbox 2167 5443 2223 5496; x_wconf 80' lang='grc' dir='ltr'>δὲ</span> <span class='ocrx_word' id='word_1_799' title='bbox 2267 5442 2343 5504; x_wconf 85' lang='grc' dir='ltr'><strong>ὡς</strong></span> <span class='ocrx_word' id='word_1_800' title='bbox 2382 5442 2471 5495; x_wconf 81' lang='grc' dir='ltr'>διὰ</span> <span class='ocrx_word' id='word_1_801' title='bbox 2512 5441 2763 5512; x_wconf 73' lang='grc' dir='ltr'>βραχέως</span> <span class='ocrx_word' id='word_1_802' title='bbox 2797 5440 3085 5511; x_wconf 81' lang='grc' dir='ltr'>ἐπανήξων</span> <span class='ocrx_word' id='word_1_803' title='bbox 3116 5445 3455 5497; x_wconf 87' lang='grc' dir='ltr'>ἀπέπλευσε.</span> <span class='ocrx_word' id='word_1_804' title='bbox 3499 5443 3609 5506; x_wconf 75' lang='grc' dir='ltr'><strong>Καὶ</strong></span> 
     </span>
    </p>
   </div>
   <div class='ocr_carea' id='block_1_114' title="bbox 337 5534 3603 5610">
    <p class='ocr_par' dir='ltr' id='par_1_114' title="bbox 337 5534 3603 5610">
     <span class='ocr_line' id='line_1_114' title="bbox 337 5534 3603 5610; baseline 0.002 -23"><span class='ocrx_word' id='word_1_805' title='bbox 337 5534 447 5587; x_wconf 81' lang='grc' dir='ltr'><strong>τῶν</strong></span> <span class='ocrx_word' id='word_1_806' title='bbox 478 5535 865 5604; x_wconf 86' lang='grc' dir='ltr'>Συρακουσίων</span> <span class='ocrx_word' id='word_1_807' title='bbox 926 5536 1241 5602; x_wconf 82' lang='grc' dir='ltr'>δεξαμένων</span> <span class='ocrx_word' id='word_1_808' title='bbox 1271 5536 1461 5601; x_wconf 81' lang='grc' dir='ltr'>αὑτὸν,</span> <span class='ocrx_word' id='word_1_809' title='bbox 1527 5538 1621 5590; x_wconf 74' lang='grc' dir='ltr'><strong>καὶ</strong></span> <span class='ocrx_word' id='word_1_810' title='bbox 1680 5539 1863 5592; x_wconf 89' lang='grc' dir='ltr'>πάντα</span> <span class='ocrx_word' id='word_1_811' title='bbox 1930 5540 2080 5610; x_wconf 87' lang='grc' dir='ltr'>αὑτῷ</span> <span class='ocrx_word' id='word_1_812' title='bbox 2134 5536 2511 5607; x_wconf 85' lang='grc' dir='ltr'>ἀναθεμένων,</span> <span class='ocrx_word' id='word_1_813' title='bbox 2580 5537 2758 5606; x_wconf 85' lang='grc' dir='ltr'>μέγας</span> <span class='ocrx_word' id='word_1_814' title='bbox 2814 5537 2872 5588; x_wconf 89' lang='grc' dir='ltr'><strong>ἐν</strong></span> <span class='ocrx_word' id='word_1_815' title='bbox 2921 5536 3116 5607; x_wconf 80' lang='grc' dir='ltr'>βραχεῖ</span> <span class='ocrx_word' id='word_1_816' title='bbox 3158 5536 3314 5601; x_wconf 59' lang='grc' dir='ltr'>αὖθις</span> <span class='ocrx_word' id='word_1_817' title='bbox 3362 5539 3603 5606; x_wconf 79' lang='grc' dir='ltr'>ἐγένετο,</span> 
     </span>
    </p>
   </div>
   <div class='ocr_carea' id='block_1_115' title="bbox 342 5628 3602 5707">
    <p class='ocr_par' dir='ltr' id='par_1_115' title="bbox 342 5628 3602 5707">
     <span class='ocr_line' id='line_1_115' title="bbox 342 5628 3602 5707; baseline 0.002 -25"><span class='ocrx_word' id='word_1_818' title='bbox 342 5628 489 5682; x_wconf 81' lang='grc' dir='ltr'>ὥστε</span> <span class='ocrx_word' id='word_1_819' title='bbox 536 5633 664 5694; x_wconf 76' lang='grc' dir='ltr'>τοὺς</span> <span class='ocrx_word' id='word_1_820' title='bbox 744 5632 1154 5702; x_wconf 79' lang='grc' dir='ltr'>Καρχηδονίους</span> <span class='ocrx_word' id='word_1_821' title='bbox 1242 5631 1580 5702; x_wconf 84' lang='grc' dir='ltr'>φοϐηθέντας</span> <span class='ocrx_word' id='word_1_822' title='bbox 1630 5632 1996 5705; x_wconf 85' lang='grc' dir='ltr'>μισθοφόρους</span> <span class='ocrx_word' id='word_1_823' title='bbox 2035 5638 2099 5688; x_wconf 87' lang='grc' dir='ltr'><strong>ἐκ</strong></span> <span class='ocrx_word' id='word_1_824' title='bbox 2159 5637 2261 5705; x_wconf 86' lang='grc' dir='ltr'>τῆς</span> <span class='ocrx_word' id='word_1_825' title='bbox 2328 5631 2561 5694; x_wconf 85' lang='grc' dir='ltr'>Ἰταλίας</span> <span class='ocrx_word' id='word_1_826' title='bbox 2615 5631 2966 5703; x_wconf 83' lang='grc' dir='ltr'>προσλαϐεῖν.</span> <span class='ocrx_word' id='word_1_827' title='bbox 3032 5631 3194 5686; x_wconf 80' lang='grc' dir='ltr'>Ἀλλὰ</span> <span class='ocrx_word' id='word_1_828' title='bbox 3259 5636 3399 5706; x_wconf 89' lang='grc' dir='ltr'><strong>ταχὺ</strong></span> <span class='ocrx_word' id='word_1_829' title='bbox 3466 5636 3602 5707; x_wconf 81' lang='grc' dir='ltr'>πρὸς</span> 
     </span>
    </p>
   </div>
   <div class='ocr_carea' id='block_1_116' title="bbox 341 5721 3603 5797">
    <p class='ocr_par' dir='ltr' id='par_1_116' title="bbox 341 5721 3603 5797">
     <span class='ocr_line' id='line_1_116' title="bbox 341 5721 3603 5797; baseline 0.003 -24"><span class='ocrx_word' id='word_1_830' title='bbox 341 5721 656 5776; x_wconf 81' lang='grc' dir='ltr'>τούναντίον</span> <span class='ocrx_word' id='word_1_831' title='bbox 710 5725 859 5795; x_wconf 85' lang='grc' dir='ltr'>αὑτῷ</span> <span class='ocrx_word' id='word_1_832' title='bbox 916 5726 1179 5797; x_wconf 80' lang='grc' dir='ltr'>περιέστη</span> <span class='ocrx_word' id='word_1_833' title='bbox 1237 5725 1305 5777; x_wconf 79' lang='grc' dir='ltr'><strong>τὰ</strong></span> <span class='ocrx_word' id='word_1_834' title='bbox 1348 5726 1675 5795; x_wconf 83' lang='grc' dir='ltr'>πράγματα,</span> <span class='ocrx_word' id='word_1_835' title='bbox 1722 5726 1798 5791; x_wconf 76' lang='grc' dir='ltr'><strong>τῷ</strong></span> <span class='ocrx_word' id='word_1_836' title='bbox 1858 5744 1919 5779; x_wconf 87' lang='grc' dir='ltr'><strong>τε</strong></span> <span class='ocrx_word' id='word_1_837' title='bbox 1960 5726 2191 5792; x_wconf 77' lang='grc' dir='ltr'>πολλοὺς</span> <span class='ocrx_word' id='word_1_838' title='bbox 2236 5728 2344 5782; x_wconf 83' lang='grc' dir='ltr'><strong>τῶν</strong></span> <span class='ocrx_word' id='word_1_839' title='bbox 2394 5727 2453 5780; x_wconf 85' lang='grc' dir='ltr'><strong>ἐν</strong></span> <span class='ocrx_word' id='word_1_840' title='bbox 2498 5727 2645 5781; x_wconf 78' lang='grc' dir='ltr'>τέλει</span> <span class='ocrx_word' id='word_1_841' title='bbox 2688 5729 2815 5790; x_wconf 82' lang='grc' dir='ltr'>τοὺς</span> <span class='ocrx_word' id='word_1_842' title='bbox 2868 5725 2967 5792; x_wconf 81' lang='grc' dir='ltr'>μὲν</span> <span class='ocrx_word' id='word_1_843' title='bbox 3034 5726 3310 5796; x_wconf 80' lang='grc' dir='ltr'>ἐξελάσαι,</span> <span class='ocrx_word' id='word_1_844' title='bbox 3386 5730 3511 5792; x_wconf 76' lang='grc' dir='ltr'>τοὺς</span> <span class='ocrx_word' id='word_1_845' title='bbox 3542 5727 3603 5782; x_wconf 70' lang='grc' dir='ltr'>δὲ</span> 
     </span>
    </p>
   </div>
   <div class='ocr_carea' id='block_1_117' title="bbox 349 5812 3606 5898">
    <p class='ocr_par' dir='ltr' id='par_1_117' title="bbox 349 5812 3606 5898">
     <span class='ocr_line' id='line_1_117' title="bbox 349 5812 3606 5898; baseline 0.002 -30"><span class='ocrx_word' id='word_1_846' title='bbox 349 5812 662 5887; x_wconf 75' lang='grc' dir='ltr'>διαφθεῖραι</span> <span class='ocrx_word' id='word_1_847' title='bbox 694 5815 1172 5889; x_wconf 82' lang='grc' dir='ltr'>ὑποπτευομένους</span> <span class='ocrx_word' id='word_1_848' title='bbox 1202 5819 1371 5891; x_wconf 81' lang='grc' dir='ltr'>αὑτῷ.</span> <span class='ocrx_word' id='word_1_849' title='bbox 1408 5822 1472 5873; x_wconf 77' lang='lat' dir='ltr'><strong>Ol</strong></span> <span class='ocrx_word' id='word_1_850' title='bbox 1502 5820 1614 5893; x_wconf 80' lang='grc' dir='ltr'><strong>γὰρ</strong></span> <span class='ocrx_word' id='word_1_851' title='bbox 1669 5819 2035 5891; x_wconf 77' lang='grc' dir='ltr'>Καρχηδόνιοι</span> <span class='ocrx_word' id='word_1_852' title='bbox 2102 5822 2299 5886; x_wconf 82' lang='grc' dir='ltr'>ἰδόντες</span> <span class='ocrx_word' id='word_1_853' title='bbox 2369 5821 2530 5876; x_wconf 76' lang='grc' dir='ltr'>αὑτὸν</span> <span class='ocrx_word' id='word_1_854' title='bbox 2597 5821 2735 5892; x_wconf 85' lang='grc' dir='ltr'>μήτε</span> <span class='ocrx_word' id='word_1_855' title='bbox 2764 5823 2885 5887; x_wconf 84' lang='grc' dir='ltr'>ταῖς</span> <span class='ocrx_word' id='word_1_856' title='bbox 2914 5821 3145 5886; x_wconf 82' lang='grc' dir='ltr'>οἰκείαις</span> <span class='ocrx_word' id='word_1_857' title='bbox 3185 5821 3479 5893; x_wconf 86' lang='grc' dir='ltr'>δυνάμεσιν</span> <span class='ocrx_word' id='word_1_858' title='bbox 3512 5822 3606 5898; x_wconf 62' lang='lat' dir='ltr'><strong>ep-</strong></span> 
     </span>
    </p>
   </div>
  </div>
