4060 6402
314 457 429 519 6.11

1551 457 1964 521 ANNALIUM
2010 458 2160 519 LIB.
2201 459 2368 521 VIII.

3459 463 3569 528 650

319 568 587 638 ρωμένον,
631 568 768 640 μήτε
805 571 933 634 τοὺς
970 569 1306 642 ἐπιχωρίους
1332 570 1401 627 δι’
1431 573 1646 637 εὐνοίας
1683 572 1896 644 έχοντα,
1935 571 2031 625 τοῦ
2099 571 2342 641 πολέμου
2411 571 2711 642 προθύμως
2755 571 3139 638 ἀντελάϐοντο,
3189 576 3283 628 καὶ.
3320 577 3446 641 τοὺς
3487 579 3582 632 ἐκ·

315 661 618 723 πίπτοντας
645 660 755 714 τῶν
800 661 1191 732 Συρακουσίων
1231 661 1536 732 δεχόμενοι,
1577 663 1724 716 δεινὰ
1765 662 1927 716 αὑτὸν
1968 661 2318 731 εἰργάσαντο,
2383 661 2522 714 ὥστε
2558 663 2632 732 μὴ
2672 663 2769 727 τὰς
2811 663 3164 734 Συρακούσας
3226 667 3407 734 μόνον,
3444 669 3581 730 ἀλλὰ

316 751 414 804 καί⁸
445 751 544 822 τὴν
577 751 824 804 Σικελίαν
854 753 1122 806 ἐκλιπεῖν.

391 846 484 913 ς’.
524 847 586 898 Ol
619 845 882 913 Ῥωμαῖοι
923 845 978 898 δὲ
1006 845 1106 915 τὴν
1132 845 1406 900 ἀπουσίαν
1438 845 1605 899 αὐτοῦ
1647 845 1888 912 πυθόμε-

2066 839 2155 893 Vl.
2190 839 2420 892 Romani
2463 855 2595 892 vero
2636 854 2730 909 per
2771 837 2892 910 ejus
2941 840 3245 897 absentiam
3290 845 3583 900 confirma-

319 954 424 996 νοι,
451 935 853 1006 ἀνεθάρσησαν,
879 937 975 998 καὶ
1016 937 1151 1007 πρὸς
1180 936 1398 1007 ἄμυναν
1426 937 1536 990 τῶν
1566 935 1900 990 ἐπικαλεσα-

323 1031 502 1097 μένων
540 1027 706 1080 αύτδν
740 1029 1060 1098 ἐτράπησαν
1084 1047 1096 1058 '
1133 1029 1228 1082 καὶ
1266 1030 1393 1092 τοὺς
1422 1029 1791 1100 Ταραντίνους
1824 1028 1904 1090 είς

320 1120 480 1174 ἄλλον
513 1120 704 1189 καιρὸν
729 1119 1120 1189 ὑπερθέμενοι,
1150 1120 1434 1176 εἰσέϐαλον
1465 1124 1546 1186 εἰς
1573 1123 1633 1176 τὸ
1665 1123 1904 1191 Σάμνιον

322 1215 463 1282 μετὰ
519 1213 744 1265 ὑπάτων
785 1212 879 1266 τοῦ
926 1215 1211 1283 Ῥουφίνου
1253 1216 1350 1270 καὶ
1379 1215 1476 1269 τοῦ
1517 1216 1763 1282 Ἰουνίου,
1810 1215 1906 1269 καὶ

321 1305 420 1374 τήν
452 1320 512 1356 τε
539 1302 726 1376 χώραν
757 1303 1050 1376 ἐπόρθουν,
1087 1306 1182 1359 καί
1216 1307 1373 1377 τείχη
1406 1308 1529 1360 τινὰ
1549 1307 1904 1377 ἐκλειφθέντα

321 1393 542 1448 ἔλαϐον.
565 1395 628 1447 Ol
658 1394 767 1466 γὰρ
786 1395 1060 1465 Σαμνῖται
1094 1398 1173 1460 εἰς
1201 1399 1271 1453 τά
1302 1397 1402 1469 ὅρη
1433 1399 1500 1451 τὰ
1523 1400 1768 1470 Κρανιτά
1790 1401 1838 1473 (1

322 1486 616 1555 λεγόμενα,
645 1488 726 1540 ὅτι
757 1489 984 1557 κρανίαν
1014 1490 1215 1564 πολλὴν
1249 1491 1457 1563 ἔχουσι,
1488 1491 1556 1546 τά
1581 1509 1639 1546 τε
1671 1492 1906 1562 φίλτατα

325 1579 422 1632 καὶ
478 1579 549 1632 τὰ
599 1580 906 1650 τιμιώτατα
948 1583 1307 1654 ἀνεκόμισαν.
1365 1586 1907 1656 Καταφρονὴσαντες

322 1665 420 1721 οὖν
472 1670 522 1720 oi.
558 1669 844 1739 Ῥωμαῖοι,
905 1673 986 1735 είς
1039 1677 1107 1728 τὰ
1161 1674 1432 1746 εἰρημένα
1479 1677 1579 1745 ὅρη
1635 1676 1906 1745 ἀναϐῆναι

327 1760 658 1830 ἐτόλμησαν.
703 1762 922 1816 Λασίων
981 1763 1076 1818 οὖν
1130 1766 1332 1832 αὐτῶν,
1373 1766 1470 1820 καὶ
1513 1767 1907 1839 δυσπροϐάτων

329 1850 524 1912 ὄντων,
553 1850 741 1905 πολλοὶ
771 1853 868 1923 μὲν
899 1855 1192 1922 ἀπέθανον,
1219 1856 1409 1909 πολλοὶ
1436 1857 1492 1910 δὲ
1517 1858 1610 1910 καὶ
1638 1857 1904 1912 ἑάλωσαν.

325 1943 390 1995 Ol
417 1943 462 1995 δ’
496 1942 696 1998 ὕπατοι
735 1947 921 2001 οὐκέτι
953 1951 1106 2020 κοινῇ
1150 1950 1242 2003 τὸν
1273 1950 1512 2020 πόλεμον
1555 1953 1904 2021 ἐποιήσαντο,

327 2034 582 2105 ἀλλήλοις
623 2037 940 2108 αἰτιώμενοι
993 2040 1082 2094 διὰ
1115 2042 1175 2094 τὸ
1211 2041 1492 2113 ἀτύχημα,
1525 2042 1638 2096 ἀλλ’
1693 2041 1909 2107 Ἰούνιος

331 2126 433 2197 μὲν
478 2127 637 2198 ἐδῄου
687 2128 852 2200 μέρος
905 2147 959 2185 τι
1006 2132 1106 2203 τῆς
1142 2134 1490 2204 Σαμνίτιδος,
1537 2135 1814 2204 Ῥουφῖνος
1852 2136 1908 2188 δὲ

328 2221 545 2272 Λευκαν
579 2221 628 2282 ῖς
672 2221 765 2274 καὶ
801 2222 1083 2292 Βρεττίοις
1115 2223 1447 2294 ἐλυμήνατο,
1481 2225 1577 2278 καὶ
1623 2226 1714 2278 ἐπὶ
1757 2226 1902 2295 Κρύ-

327 2325 478 2363 τωνα
516 2309 785 2382 ὥρμησεν
832 2314 1146 2369 ἀποστάντα
1190 2315 1498 2386 Ῥωμαίων,
1543 2318 1904 2388 μεταπεμψα-

333 2401 514 2470 μένων
567 2403 732 2455 αύτὸν
783 2403 893 2456 τῶν
943 2405 1288 2476 ἐπιτηδείων,
1339 2407 1666 2476 φθασάντων
1707 2409 1764 2462 δέ
1797 2409 1907 2463 τῶν

331 2493 536 2545 λοιπῶν
558 2493 938 2563 ἐπαγαγέσθαι
969 2497 1122 2568 παρὰ
1143 2497 1235 2549 τοῦ
1269 2497 1515 2560 Μίλωνος
1541 2503 1804 2570 φρουρὰν,
1841 2497 1908 2570 ἧς

331 2575 469 2652 ἦρχε
509 2582 848 2654 Νικόμαχος.
891 2586 1189 2656 ’Δγνοήσας
1217 2583 1311 2641 οὖν
1345 2588 1524 2656 τοῦτο,
1559 2591 1654 2644 καί
1691 2590 1907 2660 ἀμελῶς

333 2677 445 2737 τοῖς
493 2675 702 2746 τείχεσι
749 2677 992 2747 προσιὼν
1054 2679 1129 2742 ὡς
1178 2680 1312 2750 πρὸς
1367 2681 1579 2749 φίλους,
1620 2681 1906 2748 ἔπταισεν,

334 2763 594 2836 ἐξαίφνης
619 2769 1120 2839 ἐπεκδραμούντων
1148 2770 1329 2841 αὐτῷ·
1373 2765 1494 2826 εῐτά
1526 2789 1578 2825 τι
1616 2773 1908 2844 ἐπινοήσας

337 2859 720 2929 στρατήγημα,
752 2861 848 2932 τὴν
883 2862 1040 2916 πόλιν
1086 2858 1220 2916 εἷλε.
1253 2863 1375 2918 Δύω
1411 2865 1519 2936 γάρ
1548 2867 1744 2938 ἄνδρας
1781 2867 1912 2937 ψευο

335 2951 703 3020 δαυτομόλους
733 2954 1114 3024 αἰχμαλώτους
1159 2957 1217 3018 ἐς
1251 2957 1344 3010 τὸν
1375 2959 1636 3027 Κρότωνα
1668 2957 1908 3029 έπεμψεο

337 3044 429 3096 τὸν
473 3045 573 3114 μὲν
613 3045 774 3108 εὐθὺς
804 3045 1036 3115 λέγοντα
1073 3047 1179 3115 ὅτι,
1211 3048 1550 3117 ἀπεγνωκὼς
1579 3050 1680 3120 τὴν
1711 3050 1912 3104 ἅλωσιν

339 3134 546 3199 αὐτῶν,
601 3136 660 3198 ἐς
703 3135 803 3204 τὴν
834 3137 1070 3205 Λοκρίδα
1104 3138 1499 3209 προδιδομένην
1541 3140 1691 3210 αὐτῷ
1732 3141 1913 3212 μέλλει

338 3227 601 3299 ἀπαίρειν
628 3244 640 3256 ·
672 3227 764 3280 τὸν
787 3228 832 3281 δ’
861 3229 1051 3299 ἕτερον
1088 3230 1226 3300 μετά
1254 3233 1434 3297 τοῦτο,
1471 3233 1544 3296 ὡς
1572 3235 1628 3286 ἐν
1660 3234 1763 3306 ὀδῷ
1797 3237 1912 3288 ἐστι

339 3318 842 3389 διαϐεϐαιούμενον.
869 3321 981 3374 Kal.
1011 3323 1120 3391 γὰρ
1154 3322 1242 3376 ἵνα
1273 3324 1455 3377 πίστιν
1479 3324 1576 3396 έχῃ
1608 3325 1784 3394 λόγος,
1813 3328 1916 3380 ἀν-

341 3413 702 3476 εσκευάσατο,
753 3412 849 3465 καὶ
897 3417 1284 3483 προσεποιεῖτο
1312 3416 1651 3485 ἐπείγεσθαι.
1697 3418 1755 3471 '0
1786 3419 1916 3486 γοῦν

2011 932 2083 986 tis
2122 930 2344 995 animis,
2381 930 2446 984 ad
2484 931 2748 987 ultionem
2790 947 3005 997 eorum,
3039 948 3068 986 a
3111 935 3313 1004 quibus
3346 939 3588 992 accersi-

2013 1031 2101 1078 tus
2166 1021 2368 1082 fuerat.
2435 1023 2711 1086 conversi,
2766 1023 3197 1079 Tarentinorum
3243 1027 3490 1083 vindicta
3534 1031 3588 1083 in

2009 1114 2158 1170 aliud
2201 1125 2420 1182 tempus
2445 1115 2634 1184 dilata,
2670 1115 2854 1170 Ruﬁni
2881 1125 2938 1171 et
2963 1116 3115 1172 Junii
3147 1121 3438 1176 consulum
3483 1122 3589 1176 du-

2008 1215 2098 1260 ctu
2123 1215 2182 1262 et
2204 1208 2466 1276 auspiciis
2495 1208 2776 1263 Samnium
2808 1209 3128 1266 invaserunt
3160 1228 3174 1266 :
3209 1213 3464 1284 agrisque
3493 1231 3589 1269 va-

2007 1302 2190 1366 statis,
2224 1303 2446 1357 castella
2476 1301 2731 1372 'quaedam
2759 1303 2826 1357 ab
2857 1303 3052 1359 incolis
3091 1304 3308 1360 deserta
3349 1320 3590 1377 occupa-

2009 1406 2161 1451 runt.
2197 1393 2473 1450 Samnites
2525 1394 2674 1450 enim
2727 1396 2781 1450 in
2826 1404 3044 1452 montes
3071 1396 3347 1464 Cranitas,
3404 1401 3499 1470 qui
3560 1417 3593 1455 a

2009 1500 2302 1540 coruormn
2325 1485 2638 1556 frequentia
2671 1486 2751 1541 sic
2802 1487 3088 1551 dicuntur,
3118 1488 3449 1544 charissima
3504 1491 3596 1560 pi-

2008 1593 2203 1649 gnora.
2238 1588 2294 1634 et
2345 1578 2740 1648 pretiosissima
2786 1594 3018 1648 quaeque
3062 1581 3439 1637 contulerunt.
3485 1583 3597 1637 Ro-

2010 1669 2189 1723 manis
2219 1669 2384 1739 igitur
2421 1683 2518 1738 per
2546 1677 2922 1738 contemptum
2953 1685 3050 1724 eos
3076 1681 3293 1727 montes
3319 1687 3595 1729 conscen-

2010 1757 2142 1814 dere
2173 1761 2344 1826 ausis,
2370 1774 2593 1829 asperos
2635 1769 2802 1830 atque
2837 1760 3062 1824 arduos,
3107 1763 3262 1818 multi
3316 1765 3596 1820 occubue-

2013 1859 2164 1916 runt,
2204 1852 2360 1906 multi
2394 1852 2538 1920 capti
2572 1859 2723 1906 sunt.
2752 1852 2884 1922 Ejus
2915 1853 3089 1908 cladis
3111 1855 3332 1925 culpam
3388 1871 3594 1912 consu-

2010 1945 2092 1999 les
2113 1945 2253 2000 alter
2278 1945 2332 1998 in
2360 1944 2599 2000 alterum
2627 1944 2999 2010 conferentes,
3027 1945 3094 2000 de
3138 1950 3418 2003 communi
3470 1965 3597 2005 sen-

2014 2037 2187 2092 tentia
2219 2036 2426 2091 bellum
2463 2051 2652 2106 gerere
2678 2036 3030 2092 destiterunt.
3057 2040 3134 2093 Ac
3158 2038 3358 2094 Junius
3381 2050 3595 2111 partem

2016 2127 2340 2182 Samniticae
2399 2126 2625 2182 ditionis
2658 2131 2889 2183 vastavit
2925 2147 2937 2183 :
2975 2131 3209 2186 Ruﬁnus
3258 2132 3511 2189 Lucanos
3538 2143 3600 2191 et

2014 2218 2260 2273 Bruttios
2295 2218 2484 2272 afﬂixit
2520 2201 2647 2273 εἐι
2679 2219 2747 2273 ad
2793 2219 3092 2275 Crotonem
3162 2225 3598 2294 recuperandam

2011 2310 2292 2381 profectus
2314 2319 2416 2376 est,
2452 2325 2573 2380 qum
2606 2310 2887 2366 defecerat
2923 2327 2950 2364 a
2982 2312 3264 2378 Romanis,
3294 2299 3600 2372 accersitus

2011 2417 2042 2455 a
2071 2401 2435 2456 familiaribus
2456 2401 2592 2456 suis.
2630 2399 2739 2456 Sed
2765 2401 2950 2457 cmteri
2976 2413 3103 2458 ante
3122 2404 3420 2459 adventum
3454 2409 3598 2474 ejus,

2011 2493 2346 2562 praesidium,
2380 2495 2466 2546 cui
2500 2493 2864 2548 Nicomachus
2901 2505 3152 2563 praeerat,
3185 2513 3214 2550 a
3253 2498 3451 2554 Milone
3505 2516 3600 2556 ac-

2010 2582 2374 2638 ccrsiverant.
2410 2584 2580 2653 Cujus
2608 2583 2686 2636 rei
2731 2583 2973 2652 ignarus,
3011 2599 3158 2646 cntu,
3193 2595 3252 2639 ut
3287 2586 3354 2639 ad
3389 2589 3598 2643 amico-

2012 2689 2134 2728 rum
2185 2675 2384 2728 nzcenia
2429 2674 2792 2744 ncgligeutius
2837 2675 3192 2740 accessisset,
3252 2678 3432 2733 subita
3495 2681 3600 2735 bo-

2011 2769 2178 2822 stium
2206 2767 2500 2837 eruptione
2540 2767 2750 2822 cladem
2783 2769 2994 2840 aret-pit
3028 2787 3039 2822 :
3079 2769 3278 2828 deinde
3317 2784 3435 2829 arte
3463 2792 3603 2844 qua-

2013 2860 2137 2913 dam
2189 2862 2322 2914 urbe
2347 2860 2553 2929 potitus
2601 2868 2704 2914 est.
2739 2861 2884 2916 Duos
2918 2861 3065 2915 enim
3116 2864 3383 2933 captivos,
3420 2877 3599 2924 trans-

2015 2951 2263 3022 fugarum
2328 2952 2487 3006 titulo
2559 2951 2852 3007 Crotonem
2907 2953 3097 3009 misit:
3159 2972 3392 3025 quorum
3463 2960 3603 3014 alter

2015 3045 2252 3111 diceret,
2285 3059 2434 3109 cum,
2470 3045 2755 3114 desperata
2783 3045 2939 3100 urbis
2965 3049 3392 3117 expugnatione,
3416 3050 3604 3105 Locri-

2017 3140 2163 3204 dem,
2213 3156 2324 3210 quo
2355 3156 2385 3194 a
2440 3140 2818 3210 proditoribus
2865 3151 3122 3208 vocetur,
3175 3143 3599 3201 discessurum:

2017 3233 2158 3286 alter
2203 3233 2403 3288 deinde
2440 3232 2758 3297 aﬂirmaret,
2796 3249 2921 3289 cum
2981 3235 3093 3305 jam
3144 3236 3197 3289 in
3227 3237 3424 3293 itinere
3457 3253 3600 3295 esse.

2019 3325 2150 3391 Qua:
2179 3325 2358 3380 oratio
2396 3332 2454 3379 ut
2487 3334 2636 3380 esset
2674 3327 3038 3394 probabilior,
3067 3327 3304 3382 sarcinis
3353 3329 3604 3385 collectis

2023 3432 2080 3471 se
2115 3433 2409 3487 properare
2443 3417 2742 3473 simulavit.
2794 3418 2850 3472 ld
2888 3419 3254 3475 Nicomachus
3280 3437 3467 3476 verum
3483 3438 3605 3477 esse

341 3506 658 3577 Νικόμαχος
711 3506 1013 3569 πιστεύσας
1057 3506 1268 3572 τούτοις
1313 3509 1433 3577 (καὶ
1472 3509 1522 3560 οί
1575 3510 1915 3562 κατάσκοποι

2020 3517 2175 3562 ratus
2205 3509 2350 3580 (nam
2393 3509 2766 3578 speculatores
2795 3509 2962 3580 378
2993 3509 3135 3563 idem
3172 3513 3604 3582 renuntiabant)

343 3598 454 3668 γὰρ
483 3599 550 3650 τὰ
581 3599 719 3650 αὐτὰ
750 3597 1126 3668 ἀνήγγελλον),
1157 3598 1250 3651 τὸν
1300 3599 1565 3670 Κρότωνα
1614 3599 1810 3666 λιπὼν,
1857 3602 1914 3665 ἐς

342 3691 470 3752 τοὺς
499 3690 746 3761 Λοκροὺς
777 3689 945 3761 ἀπῄει
977 3691 1180 3761 σπουδῇ
1223 3690 1291 3743 δι’
1313 3691 1728 3762 ἐπιτομωτέρας
1770 3691 1916 3746 ὀδοῦ.

345 3785 456 3837 Καὶ
509 3785 567 3838 ἐν
619 3787 686 3856 τῇ
732 3783 956 3853 Λοκρίδι
996 3784 1293 3853 γενομένου
1328 3783 1516 3849 αὑτοῦ,
1568 3786 1596 3837 ὁ
1639 3785 1919 3854 Ῥουφῖνος

345 3875 654 3947 ὑπέστρεψε
685 3877 823 3948 πρὸς
857 3875 948 3929 τὸν
979 3876 1267 3948 Κρότωνα,
1309 3879 1402 3930 καὶ
1435 3876 1613 3930 λαθὼν
1652 3877 1740 3931 διά
1773 3895 1830 3931 τε
1860 3877 1921 3931 τὸ

346 3967 780 4037 ἀπροσδόκητον,
819 3967 914 4020 καὶ
948 3966 1016 4020 δι’
1049 3967 1277 4038 ὁμίχλην
1305 3967 1427 4022 τότε
1462 3967 1769 4038 συμϐᾶσαν,
1806 3963 1921 4020 εἷλε

345 4059 445 4130 τὴν
480 4060 658 4113 πόλιν.
709 4058 915 4113 Μαθὼν
969 4059 1027 4112 δὲ
1071 4059 1233 4112 τοῦτο
1275 4059 1611 4130 Νικόμαχος,
1640 4061 1804 4131 ἀπῄει
1841 4062 1922 4124 εἰς

349 4151 640 4222 Τάρανταο
673 4153 768 4204 καὶ
796 4152 854 4204 ἐν
892 4152 960 4222 τῇ
1007 4149 1114 4221 ὁδῷ
1149 4150 1227 4220 τῷ
1269 4149 1535 4221 Ῥουφίνῳ
1583 4151 1920 4221 περιπεσὼν,

349 4244 579 4308 πολλοὺς
627 4242 893 4306 ἀπέϐαλε,
941 4242 1036 4297 καὶ
1089 4242 1140 4295 οἰ
1196 4244 1398 4314 Λοκροὶ
1447 4245 1562 4306 τοῖς
1627 4243 1924 4314 Ῥωμαίοις

349 4336 802 4408 προσεχώρησαν.
845 4333 938 4405 Τῷ
958 4333 1135 4404 δ’έξῆς
1169 4333 1281 4388 ἔτει
1326 4334 1591 4403 Ῥωμαῖοι
1625 4336 1922 4406 ἐστράτευ-

354 4445 453 4482 σαν
482 4431 562 4492 είς
593 4427 654 4480 τὸ
681 4427 937 4496 Σάμνιον,
965 4425 1058 4479 καὶ
1081 4427 1138 4489 ἐς
1163 4425 1487 4490 Δευκανίδα,
1528 4426 1622 4479 καὶ
1649 4427 1926 4497 Βρεττίοις

353 4517 726 4588 ἐπολέμησαν.
771 4515 832 4568 '0
875 4516 933 4569 δὲ
984 4514 1198 4586 Πύρρος
1231 4513 1333 4582 τῆς
1367 4512 1614 4576 Σικελίας
1654 4513 1924 4579 ἐκπεσὼν,

353 4610 450 4663 καὶ
474 4606 784 4661 ἐπανελθὼν
819 4606 946 4678 ἢδη,
975 4604 1164 4668 δεινῶς
1199 4605 1398 4668 αὐτοὺς
1430 4603 1638 4671 ἐλύπει,
1680 4610 1774 4659 καὶ
1804 4608 1926 4670 τοὺς

357 4700 459 4771 μὲν
487 4699 730 4770 Λοκροὺς
762 4696 1061 4768 ἐκομίσατο
1090 4701 1212 4768 (την
1241 4699 1350 4766 γὰρ
1387 4698 1635 4767 φρουρὰν
1657 4698 1765 4750 τῶν
1801 4698 1924 4753 Ῥω·

357 4792 538 4862 μαίων
594 4788 1014 4852 ἀποκτείναντες
1061 4788 1426 4859 μετέστησαν)
1462 4789 1554 4842 ἐπὶ
1597 4789 1652 4842 δὲ
1703 4789 1764 4842 τὸ
1804 4789 1929 4859 Ῥήο

354 4902 475 4952 γιον
531 4882 874 4954 στρατεύσας
913 4879 1290 4950 ἀπεκρούσθη,
1340 4880 1436 4933 καὶ
1484 4881 1647 4942 αὐτὸς
1690 4879 1926 4949 ἐτρώθη,

354 4981 450 5032 καὶ
486 4978 772 5038 πλείστους
801 4973 1064 5027 ἀπέϐαλε.
1092 4973 1383 5036 Μεταστάς
1412 4972 1469 5025 δὲ
1501 4974 1578 5035 εἰς
1602 4975 1701 5040 τὴν
1727 4973 1930 5042 Λοκρί-

355 5071 440 5133 δα,
481 5071 577 5122 καὶ
617 5069 726 5121 τῶν
766 5067 918 5138 αὐτῷ
952 5067 1170 5120 ἐναντία
1214 5065 1602 5136 φρονησάντων
1632 5065 1931 5127 δικαιώσας

355 5162 529 5226 τινὰς,
568 5160 722 5230 παρά
769 5159 879 5212 τῶν
911 5157 1118 5212 λοιπῶν
1147 5159 1292 5210 σῖτον
1324 5158 1418 5210 καὶ
1449 5157 1707 5226 χρήματα
1748 5156 1932 5220 ἔλαϐε,

357 5258 454 5309 καὶ
483 5258 563 5318 είς
604 5253 866 5326 Τάραντα
911 5250 1278 5319 ἀνεκομίσθη.
1309 5250 1511 5312 Κακῶς
1545 5250 1601 5302 δὲ
1636 5249 1934 5320 πάσχοντες

355 5347 466 5400 ἀπὸ
526 5346 818 5414 Ῥωμαίων
878 5343 927 5395 οἰ
985 5343 1273 5412 Σαμνῖται,
1337 5341 1702 5410 ἐξαναστῆναι
1767 5342 1932 5395 αὐτὸν

356 5438 644 5508 ἐποίησαν.
691 5433 894 5488 Ἐλθὼν
918 5434 980 5487 δὲ
1009 5435 1089 5495 εἰς
1118 5432 1442 5502 ἐπικουρίαν
1461 5429 1662 5497 αὐτῶν,
1693 5432 1928 5503 ἐτράπη.

359 5531 674 5603 Τρωθέντος
709 5531 818 5598 γὰρ
847 5526 1030 5581 πώλου
1073 5525 1389 5594 ἐλέφαντος,
1427 5524 1525 5577 καὶ
1558 5525 1933 5594 ἀποσεισαμέ-

2020 3600 2256 3655 Crotone
2290 3603 2526 3665 deserta,
2554 3617 2652 3670 per
2680 3600 2821 3655 viam
2850 3601 3160 3657 breviorem
3193 3603 3450 3659 celeriter
3494 3604 3607 3660 Lo-

2020 3710 2144 3748 cros
2167 3693 2471 3748 contendit.
2496 3694 2616 3760 Quo
2641 3709 2764 3748 cum
2791 3693 3156 3762 pervenisset,
3209 3696 3438 3750 Rufinus
3469 3713 3605 3752 con-

2024 3801 2180 3840 verso
2207 3785 2271 3838 ad
2295 3785 2590 3839 Crotonem
2614 3785 2831 3840 itinere.
2860 3784 3330 3840 animadvertentc
3355 3789 3599 3850 nemine,

2022 3879 2167 3946 quod
2196 3886 2252 3931 et
2295 3885 2497 3947 praeter
2533 3876 3002 3945 exspectationem
3056 3877 3270 3940 aderat,
3302 3887 3359 3932 et
3411 3878 3608 3934 nebula

2023 3979 2374 4038 conspectum
2411 3967 2710 4036 eripuerat,
2759 3967 2951 4020 urbem
2983 3968 3150 4037 cepit.
3199 3969 3318 4034 Quo
3352 3968 3608 4022 Nicoma-

2025 4060 2164 4114 chus
2193 4058 2436 4128 cognito,
2475 4056 2772 4110 Tarentum
2801 4057 3103 4120 rediturus,
3137 4071 3260 4110 cum
3298 4059 3352 4112 in
3407 4059 3610 4114 itinere

2028 4152 2081 4205 in
2111 4150 2374 4204 Rufinum
2424 4147 2732 4212 incidisset,
2777 4148 2985 4202 multos
3043 4147 3277 4201 amisit:
3327 4149 3490 4204 Locri
3539 4151 3610 4204 ad

2027 4242 2305 4296 Romanos
2331 4255 2391 4295 se
2421 4239 2798 4294 contulerunt.
2831 4237 3108 4308 Sequente
3138 4253 3287 4294 anno
3321 4240 3603 4307 Romanis,

2027 4332 2380 4402 expeditione
2403 4339 2597 4386 contra
2629 4329 2915 4385 Samnium
2964 4339 3020 4384 et
3058 4331 3370 4387 Leucadem
3415 4345 3608 4389 susce-

2030 4435 2144 4496 pta,
2178 4425 2430 4494 belloque
2455 4425 2706 4479 Bruttios
2745 4423 2977 4488 adortis,
3004 4424 3247 4494 Pyrrhus
3277 4424 3461 4480 Sicilia
3509 4442 3606 4481 ex-

2030 4519 2242 4588 pulsus,
2269 4525 2324 4571 et
2355 4517 2410 4570 in
2477 4516 2688 4570 Italiam
2749 4529 3032 4582 reversus,
3078 4516 3444 4585 permolestus
3485 4517 3613 4574 fuit.

2031 4610 2257 4674 Locros,
2285 4607 2378 4678 qui
2415 4608 2663 4662 Romano
2688 4607 2944 4676 praesidio
2979 4622 3120 4662 caeso
3153 4607 3494 4674 defecerant,
3529 4626 3616 4666 re-

2032 4702 2178 4770 cepit
2208 4719 2221 4755 :
2255 4701 2351 4755 sed
2385 4716 2414 4754 a
2444 4699 2639 4769 Rhegii
2667 4700 3075 4769 oppugnatione
3105 4700 3380 4768 repulsus,
3416 4711 3473 4756 et
3499 4702 3617 4772 ipse

2037 4794 2354 4847 vulneratus
2383 4801 2486 4857 est,
2540 4801 2598 4846 et
2631 4792 2833 4845 multos
2881 4791 3092 4845 milites
3123 4791 3329 4846 amisit.
3378 4794 3510 4848 lude
3563 4795 3618 4848 in

2036 4884 2319 4944 Locridem
2345 4882 2646 4952 profectus.
2679 4891 2736 4937 et
2769 4882 3100 4952 quibusdam
3129 4884 3376 4939 adversm
3425 4885 3621 4940 factio-

2028 4978 2114 5031 nis
2165 4977 2432 5039 multatis,
2487 4974 2879 5043 frumentoque
2936 4985 2993 5029 et
3046 4977 3277 5045 pecunia
3310 4992 3340 5030 a
3397 4980 3618 5034 caeteris

2029 5066 2290 5136 acceptis,
2326 5066 2628 5120 Tarentum
2661 5066 2847 5121 rediit.
2880 5065 2924 5120 A
2955 5065 3314 5131 Samnitibus,
3349 5082 3488 5135 quos
3514 5068 3619 5121 Ro-

2035 5160 2180 5212 mani
2213 5158 2453 5228 graviter
2480 5157 2768 5226 urgebant,
2798 5156 2853 5210 in
2894 5158 3164 5212 auxilium
3205 5166 3487 5222 evocatus,
3557 5160 3614 5212 in

2037 5249 2218 5318 fugam
2250 5263 2444 5302 versus
2482 5259 2588 5302 est.
2621 5248 2756 5302 Nam
2794 5261 2920 5302 cum
2957 5248 3140 5316 pullus
3186 5247 3463 5317 elephanti
3495 5249 3612 5304 vul~

2039 5349 2286 5406 neratus,
2316 5339 2626 5395 sessoribus
2652 5341 2919 5402 excussis,
2955 5347 3185 5393 matrem
3211 5339 3412 5408 passim
3463 5355 3616 5409 qua:-

2041 5442 2210 5499 reret,
2267 5449 2441 5503 eaque
2503 5431 2821 5502 perturbata
2869 5429 3037 5484 etiam
3089 5431 3275 5484 caeteri
3332 5430 3615 5500 elephanti

2038 5526 2298 5583 concitati
2326 5536 2535 5588 essent,
2563 5529 2680 5580 sine
2704 5524 3024 5578 discrimine
3056 5523 3316 5593 permista
3341 5531 3470 5577 sunt
3501 5539 3618 5577 om-

1520 5643 1718 5704 Varize
1758 5645 2065 5711 lectiones
2124 5654 2183 5707 ct
2222 5655 2410 5706 notas.

435 5753 549 5824 (l5)
583 5748 862 5826 Κρακιτά.
930 5746 1041 5801 Hos
1070 5761 1190 5826 esse
1251 5753 1689 5826 montesnprope
1747 5744 1944 5810 letll‘,

368 5813 543 5897 putat.
589 5813 854 5897 O'rtel-ius,
910 5831 1053 5887 quos
1115 5813 1950 5897 .Diouysius‘Halicarnasseus,

364 5883 464 5955 l'tb.
505 5888 831 5952 tcorniclos,
856 5883 951 5943 seu
977 5886 1275 5940 cornicum
1307 5891 1488 5950 vocat,
1541 5883 1608 5938 de
1640 5885 1842 5953 quibus
1869 5896 1955 5940 sa;

619 5985 891 6044 I'L'mOL.
929 5987 1046 6046 Gs.
1079 5978 1428 6045 CXXXIV.

2053 5747 2225 5800 multa
2250 5745 2416 5799 habet
2437 5741 2750 5812 Cluverius.
2787 5741 2884 5795 lib.
2918 5755 2955 5796 ιι
2999 5739 3177 5794 Italia:
3207 5742 3460 5811 antiquet,
3491 5753 3616 5812 pag.

2053 5819 2178 5877 tibi,
2209 5815 2402 5886 qui-de
2444 5813 2676 5868 Crauitis
2699 5811 2929 5866 Zonarte
2959 5812 3131 5867 siluit.

3216 5969 3292 6030 21
