4060 6404
475 390 580 452 651
1405 396 1438 407 ⁵

1750 379 2078 442 JOANNIS
2118 377 2442 439 ZONARE

3637 374 3746 438 652

471 504 565 559 nia
604 521 616 556 :
643 498 737 555 sed
767 498 983 552 tandem
1010 497 1241 553 Romani
1278 495 1464 551 multis
1490 495 1714 558 occisis,
1743 504 1799 548 et
1825 508 1919 546 vm
1943 491 2056 544 ele-

2164 508 2255 543 vou
2287 491 2413 554 τοὺς
2449 489 2752 554 ἀναϐάτας,
2785 489 3278 562 περιπλανωμένου
3309 507 3367 545 τε
3401 490 3542 546 κατὰ
3575 493 3744 566 ζήτη-

475 594 698 668 phantis
722 594 916 664 captis,
945 591 1143 646 castris
1173 591 1340 645 etiam
1369 589 1528 659 petiti
1585 588 1860 641 vicerunt.
1922 585 2056 647 Pyr-

478 690 612 742 rhus
640 701 767 739 vero
794 701 919 739 cum
957 685 1145 754 paucis
1172 683 1458 752 equilibus
1490 681 1790 736 Tarentum
1836 679 2059 747 refugit,

477 788 642 844 atque
680 774 804 827 inde
838 775 890 826 in
931 773 1156 842 Epirum
1195 771 1490 842 navigavit,
1525 780 1585 825 ut
1620 769 1923 830 rediturus,
1965 767 2064 820 Mi-

475 870 600 923 lone
631 880 753 919 cum
783 864 1036 934 pra'sidio
1077 863 1304 918 Tarenti
1337 864 1530 918 relicto
1567 880 1581 918 :
1613 862 1850 931 dataque
1899 861 2055 924 sella,

473 973 596 1028 qua:
628 957 759 1010 loris
793 972 823 1010 e
850 956 1017 1010 Nicia:
1055 959 1126 1010 ob
1160 955 1535 1026 proditionem
1560 953 1728 1010 occisi
1761 955 1902 1023 pelle
1927 968 2063 1006 con:

469 1049 668 1104 stricta
705 1056 842 1102 erat.
866 1047 942 1102 Ae
973 1046 1182 1100 Niciam
1206 1045 1429 1117 quidem
1453 1046 1524 1099 ita
1553 1047 1702 1100 ultus
1719 1055 1804 1099 est
1859 1045 2065 1098 Taren-

476 1142 622 1196 tinos
669 1149 852 1195 autem
879 1141 1089 1211 aliquot
1115 1140 1492 1196 adolescentes
1537 1140 1609 1195 ob
1648 1139 1876 1194 dicteria
1909 1152 2061 1206 quae-

473 1231 596 1284 dam
624 1232 937 1297 puniturus,
960 1232 1190 1300 rogavit,
1219 1248 1316 1286 cur
1337 1247 1400 1287 ea
1426 1230 1726 1302 petulantia
1747 1229 1828 1285 usi
1854 1237 2060 1284 essent.

472 1322 574 1389 Qui
605 1337 730 1377 cum
765 1324 1212 1394 respondissent:
1243 1322 1310 1378 Se
1345 1323 1496 1394 longe
1523 1323 1679 1394 plura
1711 1332 1759 1376 et
1789 1321 2063 1375 acerbiora

475 1417 532 1470 in
586 1433 704 1471 cum
755 1417 917 1486 fuisse
949 1418 1203 1480 dicturos,
1261 1393 1360 1471 nisi
1391 1419 1568 1471 vinum
1626 1416 1932 1483 defecisset:
1965 1431 2062 1470 eos

474 1524 600 1562 cum
628 1509 741 1564 risu
774 1510 1006 1565 dimisit.
1039 1510 1282 1581 Pyrrhus
1318 1508 1483 1579 igitur
1513 1507 1925 1562 illustrissimus
1953 1506 2062 1558 im-

475 1611 718 1670 perator,
743 1601 836 1670 qui
864 1601 1095 1654 multum
1121 1600 1343 1656 terreris
1363 1600 1627 1653 Romanis
1652 1599 1838 1670 ejccit,
1864 1597 2060 1668 quinto

476 1709 622 1748 anno
653 1693 841 1747 relicta
867 1693 1041 1757 Italia,
1071 1702 1127 1748 et
1159 1693 1213 1747 in
1241 1691 1506 1747 Graeciam
1533 1691 1886 1761 expeditione
1933 1705 2059 1744 sus-

475 1797 657 1854 cepta,
756 1799 868 1838 non
940 1783 1110 1838 multo
1187 1791 1311 1852 post
1378 1782 1538 1853 Argis
1606 1783 1789 1852 periit.
1865 1781 2059 1836 Mulier

474 1877 622 1930 enim
673 1875 944 1945 qumdam,
1027 1883 1088 1928 ut
1168 1873 1364 1940 fertur,
1448 1887 1576 1927 eum
1629 1882 2056 1943 praetereuntem

473 1965 660 2019 videre
739 1964 1009 2033 cupiens,
1092 1978 1124 2018 e
1203 1963 1492 2032 superiore
1584 1964 1709 2018 loco
1792 1963 2050 2032 delapsa,

465 2055 700 2110 occidit.
799 2055 1004 2109 Eodem
1097 2070 1243 2110 anno
1335 2054 1623 2110 Fabricius
1691 2062 1748 2109 et
1842 2054 2059 2124 Pappns

475 2165 736 2206 censores
808 2148 960 2216 facti,
1010 2165 1135 2205 cum
1193 2149 1333 2204 alios
1383 2149 1600 2218 equites
1653 2157 1709 2203 et
1753 2157 2056 2214 senatores,

478 2252 592 2294 tum
690 2241 988 2304 Rufinum,
1067 2241 1322 2311 quamvis
1403 2239 1799 2307 dictatorium,
1886 2247 2052 2309 atque

467 2321 643 2404 379
673 2333 872 2388 iterum
898 2334 1250 2388 consularem
1273 2374 1289 2400 ,
1326 2341 1624 2397 notarunt,
1664 2330 1811 2402 quod
1865 2329 2056 2385 decem

476 2427 661 2497 pondo
703 2432 960 2496 argentea
1012 2439 1142 2478 vasa
1193 2423 1450 2478 habebat.
1491 2422 1574 2477 lta
1643 2421 1874 2476 Romani
1922 2436 2056 2490 pau-

478 2526 749 2588 pertatem
774 2532 881 2570 non
909 2516 966 2570 in
999 2531 1195 2585 parum
1232 2512 1488 2568 habendo
1511 2553 1526 2578 ,
1573 2511 1671 2568 sed
1731 2512 1787 2566 in
1823 2512 2057 2564 multum

481 2606 964 2678 concupiscendo,
1001 2606 1235 2676 positam
1282 2620 1405 2659 esse
1431 2603 1790 2659 crediderunt
1824 2620 1838 2656 :
1883 2618 2058 2672 eaque

477 2701 547 2754 de
598 2714 761 2754 causa
808 2696 1223 2768 magistratibus
1270 2704 1327 2749 et
1372 2695 1497 2749 aliis
1539 2694 1611 2748 ob
1657 2693 2055 2763 rempublicam

472 2804 709 2859 peregre
742 2787 1100 2851 abeuntibus,
1133 2785 1391 2840 viaticum
1416 2793 1471 2838 et
1490 2785 1730 2839 annulus
1765 2799 1796 2839 e
1835 2784 2058 2854 publico

478 2881 734 2934 dabatur.
785 2876 1071 2931 Tarentini
1108 2876 1334 2946 quidam
1373 2876 1650 2942 Milonem,
1691 2892 1721 2930 a
1766 2891 1878 2945 quo
1916 2876 2058 2929 male

481 2972 692 3042 accepti
741 2970 986 3036 fuerant,
1033 2970 1241 3024 Nicone
1287 2969 1425 3024 duce
1465 2969 1697 3040 agressi,
1744 2983 1869 3022 cum
1919 2967 2057 3021 nihil

478 3063 864 3134 profecissent,
916 3061 1142 3116 castello
1173 3061 1414 3130 quodam
1465 3074 1579 3114 suae
1625 3057 1856 3114 ditionis
1891 3073 2059 3113 occu-

2171 598 2257 635 σιν
2304 582 2403 651 τῆς
2454 581 2682 652 μητρὸς,
2711 581 2976 653 κάκείνης
3012 582 3107 634 ἐπὶ
3150 581 3327 652 τούτῳ
3356 581 3745 655 ταραχθείσης,

2168 675 2264 726 καὶ
2310 674 2420 725 τῶν
2476 672 2654 726 ἄλλων
2701 672 3011 742 ἐλεφάντων
3051 673 3483 745 θορυϐηθέντων,
3536 675 3748 745 φύρδην

2166 764 2543 836 ἀνεμίχθησαν
2567 765 2804 822 ἅπαντα.
2837 765 3000 828 Τέλος
3033 765 3089 820 δὲ
3121 767 3171 820 οί
3216 767 3474 835 Ῥωμαῖοι
3505 769 3748 837 ἐπεκρά-

2166 873 2365 926 τησαν,
2429 859 2658 928 συχνοὺς
2714 860 3164 923 ἀποκτείναντες,
3203 861 3296 912 καὶ
3340 860 3485 914 ὁκτὼ
3533 862 3747 924 ἑλόντες

2168 951 2492 1018 ἐλέφαντας,
2532 952 2630 1004 καὶ
2683 951 2744 1005 τὸ
2797 952 3109 1023 χαράκωμα
3139 954 3404 1023 κατέσχον
3435 953 3634 1007 αὐτῶν.
3685 955 3747 1005 '0

2167 1042 2223 1094 δέ
2261 1042 2480 1113 Πύρρος
2502 1044 2600 1097 σὺν
2627 1044 2828 1112 ὀλίγοις
2857 1044 3086 1097 ἱππεῦσι
3116 1045 3374 1114 διέφυγεν
3403 1046 3484 1108 είς
3509 1045 3600 1099 τὸν
3635 1046 3744 1099 Τά-

2174 1153 2364 1206 ραντα,
2391 1136 2601 1190 ἐκεῖθεν
2632 1137 2686 1189 δέ
2733 1141 2812 1200 εἰς
2839 1137 2940 1207 τήν
2980 1137 3248 1208 Ἤπειρον
3280 1137 3644 1203 ἀπέπλευσεν,
3670 1139 3746 1200 ὡς

2167 1225 2321 1292 αὖθις
2357 1230 2665 1299 ἐπανήξων,
2699 1228 2790 1280 τὸν
2820 1229 3046 1283 Μίλωνα
3079 1228 3220 1299 μετὰ
3256 1230 3498 1300 φρουρᾶς
3524 1231 3603 1294 είς
3642 1230 3750 1281 Τά-

2168 1339 2339 1392 ραντα
2365 1323 2719 1392 καταλείψας,
2747 1323 2871 1386 δοὺς
2897 1322 3080 1386 αὐτοῖς
3105 1323 3295 1394 δίφρον
3319 1323 3429 1392 (16)
3459 1323 3646 1393 ίμάσιν
3679 1325 3746 1376 ἐκ

2165 1413 2260 1466 τοῦ
2327 1413 2597 1484 δέρματος
2653 1413 2746 1466 τοῦ
2797 1414 2992 1468 Νικίου
3043 1415 3404 1485 ἐνδεδεμένον,
3440 1415 3499 1468 δν
3547 1417 3641 1470 ἐπὶ
3675 1419 3743 1486 τῇ

2167 1505 2429 1576 προδοσίᾳ
2489 1507 2831 1561 ἀπέκτεινεν.
2890 1507 2994 1560 Τὸν
3053 1508 3153 1578 μὲν
3196 1504 3290 1562 οὖν
3332 1508 3531 1563 Νικίαν
3572 1508 3746 1573 οὕτως

2165 1596 2571 1666 ἐτιμωρήσατο.
2622 1597 2961 1662 Νεανίσκους
3027 1598 3084 1650 δέ
3133 1616 3285 1662 τινας
3337 1603 3395 1653 ἐν
3459 1602 3744 1671 συμποσίῳ

2166 1688 2494 1757 σκώψαντας
2521 1689 2707 1753 αὑτὸν,
2740 1691 3167 1761 τιμωρήσασθαι
3213 1692 3456 1761 ἔμελλεν.
3504 1694 3743 1762 Ἐρωτή-

2167 1794 2263 1841 σας
2297 1778 2341 1829 δ’
2374 1779 2596 1842 αὐτοὺς,
2632 1779 2720 1832 διὰ
2749 1781 2800 1831 τί
2835 1781 3138 1844 ἔσκωπτον,
3162 1781 3285 1833 ἐπεὶ
3337 1782 3738 1850 ἀπεκρίθησαν,

2160 1869 2266 1933 ὅτι,
2296 1867 2462 1921 Πολὺ
2496 1869 2684 1922 πλείω
2724 1869 2823 1922 καί
2855 1869 3240 1938 χαλεπώτερα
3267 1870 3599 1939 εἰρήκειμεν
3640 1869 3737 1932 ἂν,

2159 1962 2210 2011 εί
2252 1957 2339 2026 μὴ
2371 1961 2404 2012 ὁ
2439 1954 2604 2024 οἶνος
2639 1957 2793 2027 ἡμᾶς
2833 1959 3205 2024 ἐπιλέλοιπε,
3241 1959 3477 2027 γελάσας
3527 1959 3739 2029 ἀφῆκεν

2160 2050 2384 2114 αὐτούς.
2425 2049 2639 2122 Πύρῥος
2672 2050 2772 2121 μὲν
2813 2050 2905 2104 οὖν
2938 2052 3368 2120 ἐπιφανέστατος
3411 2054 3468 2105 ἐν
3504 2069 3740 2122 στρατη-

2159 2146 2273 2214 yol;
2297 2144 2610 2214 γενόμενος,
2644 2146 2737 2196 καὶ
2771 2144 2934 2212 φόϐον
2958 2143 3126 2196 πολὺν
3154 2147 3262 2207 τοῖς
3307 2146 3602 2214 Ῥωμαίοις
3641 2147 3742 2214 ἐμ-

2160 2233 2364 2299 ϐαλὼν,
2425 2235 2520 2288 καὶ
2569 2233 2808 2305 πέμπτῳ
2847 2234 2958 2288 ἔτει
2996 2235 3095 2305 τὴν
3136 2237 3369 2289 Ἰταλίαν
3421 2235 3616 2300 λιπὼν,
3648 2239 3744 2290 καὶ

2159 2323 2254 2375 ἐπὶ
2295 2325 2392 2394 τὴν
2439 2323 2665 2378 Ἐλλάδα
2701 2325 3064 2393 στρατεύσας,
3102 2327 3163 2380 οὐ
3208 2327 3392 2400 πολλῷ
3423 2328 3652 2399 ὕστερον
3681 2331 3740 2382 ἐν

2163 2418 2356 2486 Ἀργει
2385 2416 2648 2472 ἀπέθανε.
2688 2418 2836 2489 Γυνὴ
2869 2419 2976 2491 γάρ
3031 2437 3136 2485 τις,
3171 2422 3246 2484 ὡς
3278 2421 3435 2491 λόγος
3467 2422 3603 2492 ἔχει,
3634 2441 3744 2476 πα-

2161 2509 2346 2580 ριόντα
2398 2507 2563 2562 αὑτὸν
2630 2510 2760 2563 ίδεῖν
2809 2511 2919 2563 ἀπὸ
2977 2511 3073 2564 τοῦ
3126 2514 3320 2580 τέγους
3353 2515 3743 2585 ἐπιθυμήσασαι

2159 2601 2394 2670 ἐσφάλη,
2419 2601 2514 2653 καὶ
2545 2600 2864 2670 ἐμπεσοῦσα
2895 2602 3204 2672 διέφθειρεν
3231 2605 3410 2659 αὐτόν.
3453 2605 3541 2658 Ἑν
3576 2607 3632 2659 δὲ
3665 2608 3744 2676 τῷ

2159 2693 2310 2766 αὺτῷ
2343 2694 2457 2747 ἐτει
2489 2693 2517 2746 ὃ
2553 2711 2613 2746 τε
2647 2695 2941 2764 Φαϐρίκιος
2985 2696 3080 2749 καὶ
3111 2697 3139 2748 ὁ
3169 2692 3400 2762 Πάππος
3445 2699 3741 2770 ὲτιμήτευ-

2162 2803 2284 2851 σαν,
2313 2787 2408 2840 καὶ
2437 2785 2634 2860 ἄλλους
2660 2803 2719 2839 τε
2746 2788 2856 2839 τῶν
2890 2787 3102 2841 ἱππέων
3133 2789 3464 2860 ἀπήλειψαν,
3495 2794 3590 2844 καὶ
3629 2793 3741 2844 τῶν

2161 2879 2484 2948 βουλευτῶν,
2532 2879 2628 2932 καὶ
2668 2880 2759 2932 τὸν
2800 2878 3079 2948 Ῥουφῖνον
3135 2882 3338 2953 καίπερ
3383 2882 3741 2950 δικτατορεύ-

2163 2989 2359 3036 σαντα,
2384 2972 2477 3024 καὶ
2502 2971 2583 3034 δὶς
2608 2971 3016 3027 ὑπατεύσαντα.
3043 2973 3224 3026 Αίτιον
3253 2973 3298 3026 δ’
3329 2975 3412 3027 ὅτι
3437 2976 3608 3045 σκεύη
3638 2978 3741 3043 ἄρα

2160 3067 2304 3132 γυρᾶ
2343 3064 2543 3134 λιτρῶν
2587 3064 2718 3118 δέκα
2748 3062 2926 3134 εἶχεν·
2961 3065 3131 3129 οὕτως
3162 3067 3211 3119 oi
3250 3067 3509 3137 Ῥωμαῖοι
3542 3070 3742 3126 πενίαν

481 3163 630 3224 pato,
693 3169 820 3208 eum
875 3153 1337 3209 infestarunt.oEt
1399 3169 1523 3208 cum
1571 3152 1895 3208 didicissent
1944 3150 2057 3207 Ro-

2165 3157 2227 3211 οὐ
2249 3157 2308 3209 τὸ
2344 3157 2443 3227 μὲν
2472 3156 2640 3210 πολλὰ
2671 3157 2993 3226 κεκτῆσθαι,
3023 3158 3158 3211 ἀλλὰ
3187 3159 3247 3211 τὸ
3277 3159 3488 3213 πολλῶν
3510 3161 3740 3228 δεῖσθαι,

478 3264 680 3304 manus
735 3257 928 3303 contra
983 3262 1042 3302 se
1075 3246 1281 3301 bellum
1321 3247 1526 3313 moliri,
1575 3246 1770 3316 legatis
1827 3245 2056 3300 Romam

476 3341 686 3405 missis,
756 3353 948 3408 pacem
1036 3340 1424 3406 impetrarunt.
1504 3336 1832 3392 Ptolemaeus
1925 3336 2057 3391 item

480 3432 917 3504 Philadelphus,
988 3430 1205 3503 Aﬁgypti
1255 3446 1387 3497 rex,
1438 3429 1634 3503 Pyrrhi
1697 3428 1946 3485 cladibus
2003 3439 2058 3485 ct

481 3528 858 3580 Romanorum
909 3523 1268 3580 incrementis
1319 3524 1585 3594 cognitis,
1621 3537 1679 3578 ct
1715 3537 1944 3577 munera
1975 3520 2059 3576 eis

484 3619 659 3683 misit,
721 3626 776 3672 et
834 3617 1132 3671 amicitiam
1202 3616 1431 3686 pepigit.
1491 3616 1612 3680 Quo
1673 3615 1906 3669 Romani
1966 3616 2061 3669 de-

481 3712 693 3775 lectati,
745 3708 986 3763 vicissim
1037 3708 1246 3778 legatos
1285 3708 1354 3762 ad
1407 3707 1560 3761 illum
1605 3707 1922 3762 miserunt:
1962 3708 2054 3777 qui

483 3802 771 3873 magnifice
802 3802 871 3856 ab
905 3801 999 3857 illo
1037 3799 1248 3866 donati,
1297 3815 1526 3856 munera
1576 3801 1632 3854 in
1679 3800 1934 3853 a'rarium
1969 3815 2058 3853 re-

480 3897 627 3951 ferre
660 3897 977 3959 voluerunt,
1026 3895 1122 3949 sed
1154 3908 1220 3948 ea
1250 3903 1477 3948 senatus
1505 3907 1616 3947 non
1647 3893 1886 3948 admissa
1911 3893 2059 3962 ipsos

486 3989 690 4044 habere
736 3987 922 4058 jussit.
962 3987 1093 4042 Post
1133 3986 1251 4042 hzec
1303 3986 1582 4043 Samnites
1619 4003 1718 4056 per
1756 3985 2057 4042 Carvilium

483 4083 845 4153 subegerunt,
883 4079 1136 4135 Lucanos
1170 4088 1226 4134 et
1259 4079 1478 4134 Brutios
1519 4094 1618 4149 per
1648 4079 1944 4149 Papyrium
1974 4079 2058 4134 vi-

483 4183 704 4230 cerunt.
753 4173 902 4228 ldem
943 4173 1209 4244 Papyrius
1255 4173 1421 4227 etiam
1455 4171 1785 4226 Tarentinos
1818 4171 2055 4226 domuit.

481 4267 585 4334 Qui
613 4281 740 4323 cum
773 4265 1030 4320 Milonem
1055 4279 1199 4336 aegre
1227 4274 1573 4336 paterentur,
1604 4272 1660 4319 et
1685 4280 1716 4318 a
1749 4264 1865 4320 suis
1891 4264 2053 4319 Milo-

482 4361 563 4425 ni,
595 4369 658 4414 ut
695 4359 905 4413 dictum
939 4366 1042 4424 est,
1074 4355 1292 4411 infestis
1350 4367 1712 4427 urgeremur,
1771 4356 2058 4426 Carthagi-

479 4451 757 4507 niensium
793 4464 953 4518 Opem
984 4447 1372 4518 implorarunt,
1406 4447 1602 4520 Pyrrhi
1641 4447 1866 4518 cognito
1914 4448 2057 4502 inte—

2167 3247 2442 3319 ἐνόμιζον.
2476 3249 2588 3302 Kal
2610 3248 2700 3302 διὰ
2726 3247 2886 3302 τοῦτο
2925 3252 3041 3313 τοῖς
3068 3267 3126 3302 τε
3156 3249 3383 3322 ἄρχουσι
3421 3253 3536 3315 τοῖς
3576 3253 3742 3323 ἐκδηο

2169 3341 2350 3413 μοῦσι,
2380 3344 2613 3406 καὶτοῖς
2653 3342 2833 3408 ἄλλοις
2864 3347 2978 3406 τοῖς
3011 3344 3154 3397 κατά
3184 3362 3238 3397 τι
3279 3346 3508 3416 πρᾶγμα
3544 3349 3610 3417 τῇ
3647 3347 3743 3400 πό-

2165 3437 2246 3490 λει
2288 3435 2546 3508 διαφέρον
2582 3434 2806 3502 ἐξιοῦσι,
2839 3436 2907 3488 τά
2937 3453 2994 3489 τε
3043 3435 3180 3488 ἄλλα
3215 3435 3284 3488 τὰ
3318 3437 3611 3505 ἀναγκαῖα,
3647 3440 3746 3493 καὶ

2165 3527 2455 3590 δακτύλιος
2487 3529 2552 3582 ἐκ
2575 3527 2669 3582 τοῦ
2709 3527 2975 3598 δημοσίου
2999 3528 3218 3582 ἐδίδοτο.
3245 3529 3366 3581 Τῶν
3395 3530 3742 3599 Ταραντίνων

2165 3620 2222 3672 δέ
2259 3637 2403 3681 τινες
2427 3619 2772 3680 κακωθέντες
2801 3619 2904 3671 ὑπὸ
2931 3619 3028 3672 τοῦ
3057 3619 3324 3685 Μίλωνος,
3357 3622 3613 3674 ἐπέθεντο
3643 3623 3744 3674 a0-

2166 3711 2264 3782 τῷ,
2309 3711 2533 3765 Νίκωνα
2578 3714 3042 3784 προστησάμενοι.
3088 3711 3178 3776 Ὣς
3226 3713 3272 3766 δ’
3304 3713 3457 3768 οὐδὲν
3511 3715 3738 3784 ἤνυσαν,

2164 3803 2343 3874 τεῖχός
2393 3819 2445 3856 τι
2495 3803 2594 3874 τῆς
2626 3803 2896 3873 σφετέρας
2938 3805 3124 3874 χώρας
3166 3805 3452 3875 κατέσχον,
3490 3805 3742 3859 κάκεῖθεν

2165 3894 2480 3966 ὁρμώμενοι
2529 3894 2606 3964 τῷ
2653 3896 2863 3949 Μίλωνι
2906 3895 3167 3967 ἐπῄεσαν.
3215 3897 3372 3950 Ἐπεὶ
3414 3898 3472 3951 δὲ
3516 3898 3744 3970 ᾔσθοντο

2165 3992 2293 4054 τοὺς
2338 3991 2639 4061 Ῥωμαίους
2662 3992 2972 4064 πολεμῆσαι
3005 3994 3156 4064 σφίσι
3193 3994 3572 4066 βουλομένους,
3607 3994 3746 4065 πρέ-

2168 4084 2319 4146 σϐεις
2356 4086 2435 4148 είς
2466 4084 2563 4156 τὴν
2596 4085 2821 4156 Ῥώμην
2846 4087 3116 4152 ἔστειλαν,
3142 4089 3238 4140 καὶ
3273 4088 3500 4160 είρήνης
3526 4087 3742 4158 ἔτυχον.

2167 4177 2279 4230 Kal
2331 4177 2668 4246 Πτολεμαῖος
2721 4177 2776 4230 δέ
2829 4180 2857 4231 ὁ
2900 4178 3228 4248 Φιλάδελφος
3275 4180 3429 4250 ὁτῆς
3465 4180 3744 4249 Αίγύπτου

2169 4267 2447 4336 βασιλεὺς,
2471 4269 2563 4323 τόν
2588 4286 2648 4322 τε
2677 4270 2896 4342 Πύρρον
2926 4272 3112 4334 κακῶς
3145 4271 3504 4342 ἁπηλλαχότα
3531 4271 3742 4342 μαθὼν,

2167 4359 2262 4411 καὶ
2310 4359 2438 4423 τοὺς
2481 4359 2789 4430 Ῥωμαίους
2821 4361 3243 4433 αὐξανομένους,
3275 4363 3425 4435 δῶρά
3469 4380 3526 4416 τε
3561 4363 3745 4427 αὐτοῖς

2168 4449 2403 4522 ἔπεμψε,
2441 4454 2534 4507 καὶ
2563 4453 2855 4524 ὁμολογίαν
2889 4457 3202 4527 ἐποιήσατο.
3234 4455 3346 4510 Kal
3377 4457 3428 4509 οί
3483 4455 3744 4524 Ῥωμαῖοι

483 4545 618 4598 ritu.
673 4543 744 4596 At
798 4541 950 4602 Milo,
1001 4539 1057 4593 in
1118 4539 1400 4609 angustias
1465 4538 1763 4604 redactus,
1801 4538 2058 4593 Romanis

2167 4541 2261 4594 ἐπὶ
2291 4541 2468 4613 τούτῳ
2506 4543 2784 4612 ἡσθέντες,
2827 4545 3090 4616 πρέσϐεις
3135 4546 3272 4618 πρὸς
3311 4547 3474 4601 αὐτὸν
3509 4547 3744 4600 ἀντεπέ-

493 4649 665 4702 terra,
735 4632 1282 4705 Carthaginiensibus
1325 4633 1464 4687 mari
1521 4632 1922 4702 prementibus,
1973 4647 2064 4686 ar-

481 4746 602 4786 cem
663 4727 896 4798 Papyrio
949 4741 1016 4782 ea
1073 4726 1392 4781 conditione
1461 4725 1734 4791 tradidit,
1812 4735 1872 4778 ut
1945 4725 2051 4780 sibi

486 4837 614 4876 cum
673 4819 926 4891 pecuniis
980 4825 1037 4872 ct
1089 4817 1362 4871 militibus
1437 4815 1698 4871 incolumi
1775 4815 2061 4871 discedere

482 4915 702 4970 liceret.
767 4910 900 4965 lnde
950 4908 1455 4978 Carthaginienses,
1519 4916 1578 4962 ut
1629 4908 1895 4962 Romanis
1956 4907 2058 4962 ιω-

487 5004 687 5071 derati,
716 5008 1066 5059 recesserunt
1095 5017 1111 5057 :
1165 4999 1311 5056 Urbs
1341 5001 1572 5073 Papyrio
1613 5000 1952 5057 deditionem
1989 5001 2069 5056 fe-

487 5097 595 5163 cit,
627 5093 798 5150 armis
849 5101 904 5147 et
957 5091 1190 5146 navibus
1223 5093 1458 5157 traditis,
1507 5093 1792 5163 murisque
1834 5093 2060 5158 dirutis,

487 5200 544 5244 et
597 5188 809 5244 tributo
854 5185 1139 5255 imposito.
1179 5183 1498 5241 Tarentinis
1533 5186 1798 5248 subactis,
1831 5186 2062 5241 Romani

485 5282 758 5355 Rhegium
793 5281 1116 5335 invaserunt
1149 5297 1162 5334 :
1217 5278 1364 5349 quod
1397 5277 1694 5334 Crotonem
1744 5278 2061 5348 proditione

483 5382 696 5442 captam
739 5369 1096 5436 evertissent,
1149 5377 1205 5424 et
1253 5369 1530 5424 Romanos
1573 5370 1634 5424 in
1682 5369 1819 5423 urbe
1862 5369 2059 5438 depre-

487 5465 693 5519 hensos
742 5461 1092 5516 occidissent.
1135 5458 1491 5515 Mamertinus
1543 5459 1804 5514 Messana:
1854 5459 2062 5513 habita-

2170 4635 2411 4701 στειλαν,
2443 4635 2495 4688 οἳ
2533 4636 2930 4708 μεγαλοπρεπῆ
2971 4638 3122 4708 δῶρα
3147 4638 3279 4709 παρ’
3305 4638 3514 4692 ἐκείνου
3553 4639 3744 4692 λαδὸνο

2167 4742 2280 4792 τες,
2317 4727 2397 4790 είς
2420 4726 2482 4779 τὸ
2519 4727 2781 4804 δημόσιον
2803 4727 2974 4782 ταῦτα
2998 4731 3239 4800 εἰσῆγον.
3291 4730 3357 4782 Ἡ
3393 4729 3451 4782 δὲ
3484 4728 3649 4799 βουλὴ
3679 4729 3741 4781 οὐ

2167 4818 2502 4888 προσήκατο,
2535 4817 2654 4871 ἀλλ’
2681 4819 2863 4873 είασεν
2885 4820 3082 4884 αὐτοὺς
3108 4820 3281 4874 ταῦτα
3310 4820 3476 4891 ἔχειν.
3505 4821 3660 4874 Μετὰ
3684 4820 3742 4873 δὲ

2167 4909 2345 4964 ταῦτα
2375 4909 2502 4974 τούς
2528 4928 2587 4964 τε
2622 4911 2898 4982 Σαμνίτας
2934 4912 3024 4966 διὰ
3070 4911 3395 4983 Καρουῖλίου
3443 4911 3740 4977 ὑπέταξαν.

2165 5002 2259 5055 καὶ
2289 5000 2587 5055 Λευκανῶν
2639 5002 2734 5055 καὶ
2779 5003 3048 5072 Βρεττίων
3095 5003 3184 5056 διὰ
3223 5004 3523 5075 Παπειρίου
3574 5003 3741 5072 ἐκρα-

2163 5109 2358 5164 τησαν.
2403 5093 2515 5146 Kal
2557 5093 2686 5157 τοὺς
2734 5094 3102 5165 Ταραντίνους
3146 5095 3174 5147 ὁ
3223 5093 3387 5158 αὐτὸς
3443 5095 3740 5163 Παπείριος

2161 5185 2511 5255 ἐχειρώσατο.
2558 5184 2876 5256 Ἀχθόμενοι
2923 5186 3033 5256 γὰρ
3081 5186 3157 5256 τῷ
3202 5186 3434 5252 Μίλωνι,
3467 5186 3561 5240 καὶ
3607 5185 3739 5255 πρὸς

2161 5275 2272 5328 τῶν
2297 5277 2580 5344 σφετέρων
2613 5275 2964 5345 κακούμενοι,
3005 5276 3134 5342 τῶν,
3173 5276 3250 5340 ὡς
3278 5277 3516 5346 είρηται,
3553 5275 3741 5329 ἐπιθε-

2168 5368 2346 5436 μένων
2373 5367 2452 5438 τῷ
2474 5367 2706 5433 Μίλωνι,
2745 5368 3148 5438 Καρχηδονίους
3173 5368 3597 5457 ἐπεκρέσαντο,
3620 5366 3742 5420 ἐπεὶ

2165 5459 2261 5510 καὶ
2306 5459 2396 5513 τὸν
2438 5459 2656 5530 Πόῤῥον
2701 5459 2955 5514 τεθνάναι
2993 5461 3218 5531 ἔμαθον.
3267 5461 3325 5516 '0
3351 5460 3407 5514 δὲ
3450 5461 3635 5514 Μίλων
3682 5460 3739 5509 ἐν

1628 5613 1825 5676 νει-ἰεῦ
1869 5611 2176 5675 lectiones
2223 5620 2283 5674 et
2331 5618 2523 5674 notae.

559 5741 671 5814 (lli)
703 5740 1039 5814 Aoi'cabtq’i
1061 5743 1296 5810 δίφρον,
1333 5750 1440 5814 etc.
1501 5741 1618 5794 Huc
1673 5747 1922 5814 spectant
1949 5738 2051 5814 ista

494 5811 814 5883 Marcellini,
862 5812 976 5883 lib.
1009 5828 1162 5880 χχιιι,
1187 5821 1326 5867 extr.
1373 5811 1513 5865 Nam
1546 5812 1683 5880 quod
1714 5811 2054 5878 supersedere

2158 5737 2564 5818 sotioﬂdainnati
2597 5740 2656 5793 ob
2687 5740 3020 5818 iniquitatem
3046 5743 3231 5807 iudicis
3265 5744 3402 5818 alius
3435 5741 3740 5818 cogebatur,

2164 5817 2260 5864 aut
2286 5812 2447 5877 ﬁnxit
2475 5819 2732 5880 vetustas,
2771 5823 2863 5868 aut
2885 5814 3011 5869 olim
3043 5817 3364 5871 consuetudo
3391 5814 3632 5870 cessavit.
