4060 6416
441 356 549 421 657

1662 375 2065 439 ANNALIUM
2106 382 2251 443 LIB;
2295 386 2462 450 VIII.

3600 411 3707 475 6'58

442 472 834 542 προθυμότατα
871 474 1067 545 ὤργων
1123 479 1254 551 (21).
1320 482 1560 554 Σκήψεις
1595 487 1665 542 ’δὲ
1723 492 1818 544 τοῦ
1857 493 2000 546 πολέ.

445 563 825 590 ,ηηιηιηωη
895 567 1109 590 ,τμη-ι
1183 589 1190 590 ,
1280 573 1294 590 .
1383 577 1407 590 ..
1511 579 1552 590 ..
1714 581 1767 590 -.
1973 587 1993 590 ,ξ

2122 498 2460 560 ferebantur.
2527 507 2660 563 Belli
2719 525 2898 568 causae
2958 517 3465 590 praetendebantur,
3510 540 3541 581 ι
3594 527 3702 584 Ro.

443 579 546 631 μου
577 563 829 632 ἐγένοντο
895 567 1194 640 Ῥωμαίοις
1235 573 1336 643 μὲν
1380 577 1464 631 ὅτι
1511 579 1877 652 Καρχηδόνιοι
1909 587 2023 649 τοῖς

439 655 799 724 Ταραντίνοις
849 658 1177 732 ἐϐοήθησαν,
1230 667 1629 740 Καρχηδονίοις
1675 673 1732 728 δὲ
1779 675 1862 729 ὅτι
1929 694 2023 747 φι-

436 744 554 796 λίαν
593 746 856 816 Ῥωμαῖοι
886 752 1170 809 συνέθεντο
1216 757 1296 830 τῷ
1353 760 1582 832 Ἱέρωνι.
1628 765 1701 819 Τὸ
1750 766 1797 819 δ’
1822 744 2023 840 ἀληθὲς

434 836 516 889 ὅτι
563 837 824 909 ἀλλήλους
872 843 1220 916 ὑφεωρῶντο,
1249 852 1347 904 καὶ
1399 854 1530 923 μίαν
1577 858 1856 928 σωτηρίαν
1909 836 2022 915 τῶν

433 929 653 982 οἰκείων
682 931 937 1004 ἑκάτεροι
989 935 1178 1008 ᾤοντο,
1237 944 1287 995 εἰ
1344 946 1411 998 τὰ
1473 947 1582 1000 τῶν
1640 948 1816 1005 ἄλλων
1849 970 2020 1024 προσο

339 1019 343 1022 ’
436 1021 755 1090 κτήσαιντο.
791 1023 950 1079 Οὕτω
1009 1028 1408 1102 διανενομένοις
1466 1041 1651 1103 αὐτοῖς
1712 1046 2020 1113 συμπεσόν-

430 1124 483 1160 τι
542 1111 641 1174 τὰς
694 1115 932 1178 σπονδάς
980 1134 1042 1171 τε
1098 1119 1334 1191 διέλυσε,
1372 1126 1468 1179 καὶ
1511 1129 1592 1191 είς
1643 1130 1736 1183 τὸν
1780 1111 2018 1205 πόλεμον

430 1203 625 1266 αὐτοὺς
649 1204 956 1275 ἐξηρέθισε.
987 1211 1060 1264 Τὸ
1095 1211 1142 1264 δ’
1172 1209 1241 1285 ἦν
1269 1217 1527 1272 τοιοῦτον.
1562 1222 1629 1275 Οί-
1652 1203 2014 1296 Μαμερτῖνοι,

430 1292 494 1343 ἐκ
526 1295 862 1365 Καμπανίας
890 1302 1020 1356 ποτέ
1047 1304 1186 1371 πρδς
1221 1308 1480 1380 Μεσήνην
1506 1292 1767 1369 ἀποικίαν
1798 1292 2016 1372 σντειλάέ

433 1403 607 1452 μενοι,
635 1389 759 1444 τότε
791 1392 836 1445 δ’
884 1395 992 1449 ὑπὸ
1035 1395 1281 1469 Ἱέρωνος
1310 1404 1780 1477 πολιορκούμενοι,
1814 1411 2017 1467 ἐπεκα-

429 1476 657 1533 λέσαντο
713 1484 839 1547 τοὺς
902 1488 1231 1559 Ῥωμαίους,
1266 1491 1355 1549 οἷα
1397 1497 1553 1566 σφίσι
1609 1504 2013 1576 προσήκοντας.

431 1570 691 1626 Κάκεῖνοι
723 1576 957 1648 ἑτοίμως
1012 1583 1379 1659 ἐπικουρῆσαι
1429 1593 1612 1659 αὐτοῖς
1654 1570 2012 1668 ἐψηιρίσαντο,

427 1661 631 1727 εἰδότες
662 1666 764 1731 ὅτι,
796 1668 864 1723 ἂν
892 1673 993 1741 τῆς
1025 1680 1347 1750 συμμαχίας
1373 1685 1550 1739 αὐτῶν
1583 1689 1634 1740 οἱ
1664 1661 2012 1762 Μαμερτῖνοί

429 1752 506 1822 μὴ
541 1755 864 1824 τεύξωνται,
897 1765 1031 1835 πρὸς
1069 1770 1198 1834 τοὺς
1251 1774 1657 1847 Καρχηδονίους
1703 1752 2014 1856 τραπήσον-

425 1861 538 1912 ται,
573 1851 813 1906 κάκεῖνοι
849 1856 949 1927 τῆς
978 1878 1035 1913 τε
1066 1862 1315 1930 Σικελίας
1349 1868 1480 1939 ὅλης
1521 1875 1878 1946 κρατήσουσι,
1914 1880 2009 1934 καὶ

425 1938 482 2040 ἐς
540 1942 639 2012 τὴν
709 1946 940 2003 Ἰταλίαν
991 1953 1051 2017 ἐξ
1109 1955 1283 2027 αὐτῆς
1336 1938 1707 2034 διαϐήσονται..
1777 1938 2008 2046 Ἦνγὰρ

423 2030 586 2098 νῆσος
620 2035 757 2106 αὕτη
788 2039 963 2112 βραχὺ
1007 2047 1103 2116 τῆς
1144 2050 1377 2122 ἠπείρου
1408 2030 1575 2128 διέχει
1609 2075 1624 2090 ο
1657 2061 1734 2126 ὡς
1777 2030 2010 2135 periis-de.-

423 2124 549 2178 σΊαι
590 2128 671 2179 ὅτι
713 2133 845 2184 ποτὲ
875 2136 968 2189 καὶ
992 2138 1130 2211 αὕτη
1167 2143 1466 2216 ήπείρωτο.
1504 2152 1576 2204 Ἤ
1606 2170 1664 2207 τε
1701 2152 1794 2212 οὖν
1821 2159 2005 2230 νῆσος,

421 2212 564 2318 simu
594 2221 666 2322 ,τῇ
721 2222 924 2325 Ἰταλία
955 2212 1317 2305 ἐπικειμένη,
1355 2241 1532 2297 ἐδόκει
1570 2247 1694 2311 τοὺς

1271 2302 1281 2305 -
1675 2302 1691 2311 ν
1724 2302 1978 2325 ί-ηιίιιίνν

420 2302 567 2369 νίους
590 2308 1014 2383 ἐκκαλέσασθαι,
1059 2323 1155 2377 καὶ
1180 2326 1291 2380 τῶν
1322 2332 1624 2403 ἀντιπέραν
1646 2338 2005 2413 ἀντιποιήσα-

430 2393 482 2413 -n
608 2400 631 2413 Iv
862 2407 872 2413 ·

421 2393 565 2505 σθαι,
600 2400 666 2453 ἄν
688 2419 750 2471 γε
776 2407 980 2479 ταύτην
1004 2415 1341 2487 κατάσχωσι,
1376 2425 1468 2478 καὶ
1577 2428 1806 2501 Μεσήνη

339 2494 346 2511 ‘
418 2489 529 2557 εἶχε
574 2493 684 2555 τοῖς
734 2500 1030 2565 κρατοῦσιν
1077 2507 1249 2577 αὐτῆς
1302 2516 1396 2566 καὶ
1461 2516 1555 2570 τοῦ
1605 2522 1855 2593 πορθμοῦ
1901 2543 2002 2580 κυο

421 2582 645 2687 ριεύειν.
678 2587 1068 2663 Ψηφισάμενοι
1105 2598 1162 2652 δὲ
1195 2600 1452 2674 βοήθειαν
1503 2611 1551 2663 οἰ
1597 2582 1859 2684 Ῥωμαίοι
1887 2623 2003 2687 τοῖς

420 2673 815 2749 Μαμερτίνοις,
875 2687 937 2740 οὐ
984 2690 1196 2760 ταχέως
1226 2673 1412 2761 αύτοῖς
1472 2673 1858 2778 ἐπεκούρησαν

414 2784 569 2831 arva;
590 2770 980 2844 ἐπισυμόάσας
1007 2783 1209 2847 αἰτίας.
1226 2787 1412 2856 Ὅθεν,
1444 2792 1661 2869 ἀνάγκη
1681 2770 2001 2872 πίεζόμενοι

416 2860 465 2909 oi
506 2860 868 2934 Μαμερτῖνοι,
918 2873 1328 2947 Καρχηδονίους
1375 2860 1808 2947 ἐπεκαλέάαντοῐ
1839 2860 1904 2949 bi
1941 2897 2001 2950 δὲ

420 2953 513 3005 καὶ
542 2955 755 3023 ἐσυτοῖς
786 2963 880 3017 καὶ
912 2968 1026 3031 τοῖς
1054 2969 1550 3046 ἐπικαλεσαμένοις
1593 2983 1820 3058 εἰρήνην
1870 3006 2003 3045 κστ-

416 3047 720 3150 εἷιράξαντο
754 3057 890 3126 πρὸς
934 3060 1177 3132 Ἱέρωνα,
1204 3066 1289 3119 ἵνα
1324 3068 1400 3141 μὴ
1434 3073 1485 3125 οἰ
1525 3047 1786 3147 Ῥωμαῖοί
1814 3081 1872 3143 ἐς
1900 3082 2000 3151 τὴν

417 3139 583 3207 νῆσον
649 3148 1018 3217 περαιωθῶσι,
1060 3156 1156 3210 καὶ
1214 3158 1306 3212 τὸν
1368 3139 1723 3235 πορθμὸν-δὲ

417 3232 573 3285 πόλιν
618 3236 943 3305 ἐφύλασσον,
1000 3245 1271 3314 Ἄννωνος
1313 3232 1462 3321 σφῶν
1508 3232 1839 3329 ηγουμένου.
1873 3232 1994 3323 Κάν

415 3323 590 3396 τούτῳ
640 3328 801 3394 Γάῖος
855 3333 1124 3402 Κλαύδιος
1174 3341 1495 3415 χιλιαρχῶν,
1529 3323 1734 3405 ⁷ναυσὶν
1784 3354 1994 3426 ὀλίγαις

421 3416 525 3471 ὑπὸ
552 3419 796 3476 Ἂππίου
835 3426 1101 3483 Κλαυδίου
1127 3438 1531 3508 προπεμφθεὶς,
1566 3442 1647 3507 είς
1677 3445 1741 3499 τὸ
1777 3416 1994 3519 Ῥήχιον

414 3510 665 3577 ἀφίκετο.
706 3517 1037 3576 Διαπλεῦσαι
1079 3524 1135 3578 δέ
1162 3527 1263 3580 οὐκ
1294 3529 1589 3603 ἐθάρρησε,
1632 3539 1767 3594 πολὺ
1810 3510 1993 3597 πλεῖον

412 3602 475 3656 τὸ
526 3606 635 3660 τῶν
690 3611 1078 3684 Καρχηδονίων
1131 3621 1276 3691 ὁρῶν
1324 3602 1599 3688 ναυτικόν.
1654 3634 1892 3709 ’Δκατίῳ
1947 3640 1992 3692 δ’

410 3695 610 3799 ἐμϐὰς,
644 3703 878 3774 προέσχε
930 3710 996 3792 τῇ
1052 3713 1300 3788 Μεσήνῃ,
1358 3720 1454 3774 καὶ
1499 3722 1747 3799 διελέχθη
1806 3695 1989 3798 αύτοῖς

410 3788 510 3841 ὅσα
533 3791 561 3843 ὁ
593 3794 784 3865 καιρὸς
815 3788 1007 3856 ἐδίδου.
1054 3803 1444 3867 Ἀντειπόντων
1481 3813 1536 3867 δὲ
1569 3788 1678 3871 τῶν
1708 3788 1992 3895 ΚαρχηδοΣ

411 3880 562 3986 via-tv,
605 3885 729 3986 ⁴τότε
778 3888 879 3957 μὲν
934 3894 1101 3965 μηδὲν
1159 3901 1374 3969 πράξας
1421 3906 1760 3984 ἀνεκομίσθη
1788 3880 1990 3986 ’.ἢμετὰ

409 3974 585 4031 ταῦτα
614 3977 693 4045 δὲ,
728 3983 891 4048 γνοὺς
918 3987 1047 4050 τοὺς
1079 3990 1468 4063 Μαμερτίνους
1498 3999 1557 4053 ἐν
1583 4002 1769 4058 στάσει
1803 4007 1989 4079 ὄντας,

412 4064 558 4137 (οὔτε
593 4071 702 4142 γὰρ
736 4075 851 4137 τοῖς
908 4074 1203 4148 Ῥωμαίοις
1255 4085 1502 4143 ὑπείκειν
1541 4092 1845 4161 ἐϐούλοντο.
1895 4064 1989 4157 κᾷἱ

408 4160 534 4224 τοὺς
570 4161 977 4235 Καρχηδονίους
1007 4170 1355 4248 ἐϐαρύνοντο)
1388 4178 1649 4238 ἔπλευσεν
1677 4187 1857 4256 αὖθις,
1896 4196 1989 4249 καί⁹

409 4250 548 4304 ἄλλα
578 4270 638 4305 τε
691 4253 848 4311 εἶπεν
896 4260 1201 4333 ἐπαγωγὰ,
1253 4269 1349 4322 καὶ
1385 4269 1461 4335 ὡς
1507 4275 1596 4327 ἐπ’
1628 4250 1987 4353 ἐλευθερώσει

409 4344 511 4412 τῆς
538 4345 747 4410 πόλεως
788 4349 938 4420 ἥκει,
974 4354 1069 4407 καὶ
1098 4357 1320 4415 ἐπειδὰν
1348 4369 1674 4421 κατασταίεν
1704 4371 1772 4425 τὰ
1804 4344 1986 4446 πράγ-

410 4452 583 4503 ματα,
620 4440 977 4509 ἀποπλεύσει,
1030 4446 1126 4500 καί⁷
1169 4450 1296 4515 τοὺς
1336 4454 1743 4528 Καρχηδονίους
1775 4465 1807 4537 ἦ
1845 4440 1987 4523 ἀπὸ-

2125 594 2328 659 manis,
2375 597 2521 665 quod
2555 598 3042 673 Carthaginienses
3080 607 3392 669 Tarentinis
3412 629 3570 683 opem
3614 627 3705 674 tu-

2125 680 2319 738 lissent
2347 701 2361 737 :
2390 701 2421 740 a
2447 686 3021 758 Carthaginiensibus,
3077 697 3241 770 382
3275 704 3423 772 quod
3450 680 3701 764 Romani

2125 788 2252 828 cum
2293 775 2534 834 llierone
2586 781 2888 839 amicitiam
2922 785 3195 844 ini-issent.
3228 790 3336 848 Sed
3384 809 3511 851 vera
3537 812 3701 855 causa

2124 866 2218 922 illa
2234 879 2377 935 erat,
2407 872 2558 941 quod
2586 873 2823 931 invicem
2865 892 2925 934 se
2960 890 3252 951 suspectos
3303 884 3574 943 habebant
3601 904 3616 942 :
3648 900 3711 946 et

2124 958 2347 1030 utrique
2382 962 2821 1023 incolumitatem
2866 986 3022 1025 suam
3058 973 3111 1027 in
3137 988 3205 1030 eo
3236 974 3399 1032 sitam
3430 992 3555 1035 esse
3603 997 3704 1052 pu-

2121 1050 2333 1121 tabant,
2359 1054 2404 1110 si
2420 1055 2625 1115 alteros
2648 1060 3017 1132 subegissem.
3033 1064 3171 1121 Cum
3196 1067 3276 1123 sic
3299 1068 3478 1125 an‘ecti
3495 1050 3702 1139 essent,

2121 1147 2442 1220 hujusmodi
2475 1155 2695 1212 occasio
2730 1158 3008 1217 solvendae
3054 1163 3230 1232 pacis,
3265 1170 3333 1220 et
3370 1166 3701 1236 auspicandi

2119 1240 2251 1298 belli
2287 1243 2505 1301 incidit.
2567 1247 2910 1317 Mamertini,
2965 1253 3063 1324 qui
3107 1254 3243 1311 olim
3289 1271 3359 1313 ex
3403 1256 3703 1330 Campania

2118 1334 2391 1391 coloniam
2448 1336 2754 1396 Messanam
2804 1342 3186 1410 deduxerant,
3239 1357 3355 1404 tum
3409 1360 3596 1407 autem
3630 1352 3700 1407 ab

2116 1424 2361 1485 Hierone
2393 1430 2814 1503 obsidebantur,
2851 1451 3013 1507 opem
3046 1439 3448 1510 Romanorum,
3475 1452 3537 1500 ut
3559 1461 3706 1516 quos

2118 1522 2451 1593 cognatione
2497 1526 2858 1599 attingerent,
2912 1531 3279 1602 implorarunt
3305 1554 3320 1592 :
3350 1537 3555 1607 quibus
3584 1541 3700 1597 alar-

2116 1612 2289 1670 criter
2314 1617 2519 1673 auxilia
2551 1629 2680 1678 sunt
2718 1621 2966 1681 decreta.
2997 1626 3191 1697 Neque
3220 1629 3369 1685 enim
3395 1631 3695 1689 obscurum

2115 1715 2272 1772 erat,
2308 1708 2667 1769 Mamertinos
2704 1715 2771 1771 ad
2806 1715 3289 1790 Carthaginienses
3339 1725 3694 1792 transituros,
3790 1719 3792 1722 ’

2043 1833 2086 1889 Β
2116 1798 2162 1852 si
2216 1813 2249 1853 a
2298 1799 2564 1860 Romanis
2615 1805 3100 1867 destituerentur:
3147 1814 3266 1883 qui,
3297 1814 3522 1872 subacta
3584 1825 3695 1874 tota

2114 1886 2325 1959 Sicilia,
2363 1895 2493 1953 inde
2521 1898 2575 1953 in
2602 1901 2814 1957 italiam
2850 1904 3135 1961 transituri
3184 1918 3392 1965 essent.
3434 1912 3512 1969 Ea
3544 1912 3692 1967 enim

2112 1984 2291 2043 insula
2316 2004 2509 2059 parum
2533 2007 2564 2049 a
2598 1996 2918 2053 continente
2955 1997 3157 2055 distat:
3195 2006 3341 2058 unde
3365 2004 3496 2059 olim
3528 2002 3695 2061 Italiae

2109 2079 2285 2139 fuisse
2315 2084 2571 2155 junctam
2603 2087 2944 2146 fabulantur.
2985 2090 3067 2148 0b
3111 2094 3278 2149 situm
3329 2095 3495 2166 igitur
3526 2096 3694 2153 Italia:

2112 2178 2220 2228 tam
2273 2177 2671 2248 propinquum,
2721 2180 3207 2253 Carthaginienses
3257 2187 3492 2244 imitare
3536 2190 3693 2246 vide-

2110 2265 2275 2322 batur
2299 2286 2314 2325 :
2349 2277 2438 2336 ut,
2463 2286 2529 2327 ea
2560 2284 2849 2345 occupata,
2876 2277 3042 2332 etiam
3068 2280 3375 2349 oppositam
3397 2281 3690 2339 continen-

2110 2366 2222 2416 tem
2273 2361 2378 2417 sibi
2415 2366 2787 2424 vindicarent.
2818 2370 2888 2425 Et
2917 2371 3012 2441 qui
3044 2372 3351 2428 Messanam
3408 2376 3690 2445 tenebant,

2105 2450 2272 2506 etiam
2309 2452 2512 2511 fretum
2538 2457 2673 2513 illud
2691 2469 2986 2531 angustum
3006 2462 3065 2517 in
3092 2472 3364 2535 potestate
3389 2465 3688 2523 habebant.

2106 2542 2339 2601 Romani
2371 2564 2503 2604 vero
2523 2551 2731 2607 auxilia
2749 2553 3092 2610 Mamertinis
3117 2556 3362 2623 decreta,
3391 2557 3464 2614 ob
3489 2573 3688 2616 causas

2103 2636 2374 2707 quasdam
2403 2654 2514 2695 non
2551 2642 2737 2698 statim
2773 2644 3067 2699 miserunt.
3102 2644 3283 2712 Quare
3316 2648 3415 2715 illi,
3454 2658 3685 2719 urgente

2106 2729 2481 2797 necessitate,
2535 2730 3001 2805 Carthaginenses
3032 2734 3420 2807 implorarunt.
3478 2739 3583 2807 Qui
3627 2747 3684 2795 et
3732 2766 3737 2771 ~

2104 2820 2452 2891 supplicibus
2483 2831 2540 2879 et
2572 2824 2678 2880 sibi
2718 2825 2853 2897 ipsis
2883 2843 3073 2898 pacem
3117 2845 3243 2885 cum
3279 2829 3517 2886 Hierone
3549 2847 3685 2888 con~

2103 2911 2377 2981 fecerunt,
2428 2931 2500 2971 ne
2538 2918 2774 2973 Romani
2825 2919 2882 2975 in
2939 2921 3175 2976 insulam
3225 2922 3568 2993 trajicerent,
3624 2933 3696 2979 οι·

2103 3006 2293 3061 urbem
2336 3015 2501 3076 atque
2526 3007 2727 3063 fretum
2758 3007 3024 3089 Hannone
3052 3011 3210 3067 duce'
3237 3012 3699 3070 custodiverunt..

2103 3099 2316 3155 Interea
2364 3098 2425 3156 C.
2450 3101 2738 3164 Claudius,
2797 3104 3053 3161 tribunus
3104 3105 3363 3168 militum,
3406 3107 3473 3160 ah
3505 3106 3684 3176 Appio

1770 3174 1862 3226 καὶ
1894 3175 1994 3245 τὴν
2021 3172 2066 3232 c
2101 3192 2333 3248 Claudio
2363 3207 2489 3247 cum
2524 3195 2716 3263 paucis
2759 3197 2995 3252 navibus
3043 3198 3377 3267 praemissus,
3411 3172 3678 3269 Rhegiimt

2101 3282 2277 3336 venit.
2317 3281 2426 3338 Sed
2452 3299 2577 3338 cum
2622 3285 2876 3339 hostilem
2908 3286 3138 3341 classem
3201 3286 3360 3357 longe
3418 3288 3678 3359 majorem

2100 3373 2334 3441 videret,
2380 3376 2636 3447 trajicere
2688 3392 2798 3430 non
2848 3392 3036 3442 ausus,
3084 3378 3339 3432 navicula
3380 3394 3680 3433 conscensa

2099 3466 2405 3521 Messanam
2456 3467 2709 3536 appuiit:
2745 3475 2803 3522 et
2849 3482 2981 3523 cum
3027 3467 3364 3525 Mamertinis
3396 3485 3457 3524 ca
3506 3470 3682 3525 collu-

2100 3567 2264 3613 cutus
2289 3569 2394 3624 est,
2428 3573 2550 3628 quae
2576 3566 2793 3628 tempus
2837 3559 3070 3615 ferebat.
3101 3559 3209 3617 Sed
3248 3559 3677 3633 Carthaginien-

2098 3650 2254 3707 sibus
2284 3649 2593 3721 reiragatis,
2619 3657 2734 3704 tum
2753 3650 2978 3720 quidem
2998 3652 3163 3708 rebus
3188 3651 3411 3709 infectis
3428 3654 3671 3709 recessit.

2099 3743 2232 3798 Post
2261 3749 2470 3805 autem,
2511 3756 2637 3796 cum
2666 3741 3022 3798 Mamertinos
3049 3743 3282 3799 in.motu
3316 3759 3439 3801 esse
3469 3760 3676 3817 cogno-

2060 3840 2065 3845 '
2098 3835 2271 3890 visset
2319 3835 2535 3905 (neque
2567 3836 2715 3890 enim
2755 3834 3017 3890 Romanis
3058 3851 3257 3907 parere
3302 3838 3584 3906 volebant,
3621 3849 3680 3895 et

2095 3923 2586 3995 Carthaginienses
2637 3941 2783 3995 aegre
2831 3926 3215 3997 patiebantur)
3272 3932 3679 3986 rursusnavi-

2097 4008 2284 4079 gavit:
2317 4018 2375 4063 et
2415 4015 2618 4080 praeter
2669 4009 2773 4064 alia
2827 4010 2896 4065 ad
2938 4013 3381 4080 persuadendum
3416 4025 3578 4086 apta,
3618 4035 3678 4074 se

2096 4098 2398 4155 liberandae
2433 4101 2677 4156 civitatis
2722 4116 2857 4173 ergo
2896 4103 3091 4160 adesse
3125 4105 3289 4170 dixit,
3333 4117 3389 4162 et
3422 4109 3587 4164 rebus
3614 4110 3675 4166 in

2098 4192 2377 4263 integrum
2431 4192 2709 4248 restitutis
2767 4208 3141 4250 recessurum.
3189 4196 3676 4270 Carthaginienses

2098 4298 2234 4338 vero
2288 4295 2386 4338 aut
2425 4284 2728 4351 recedere,
2797 4294 2893 4341 aut
2945 4302 3109 4357 quam
3158 4290 3368 4360 justam
3414 4296 3677 4350 manendi

2094 4391 2315 4429 causam
2343 4375 2630 4441 traherent,
2658 4392 2933 4446 exponere
2951 4378 3136 4449 jussit.
3170 4379 3305 4435 Cum
3332 4396 3464 4436 vero
3491 4399 3675 4456 neque

2095 4468 2453 4523 Mamertinus
2501 4468 2791 4538 quisquam
2863 4485 2976 4539 pra:
3024 4480 3173 4526 metu
3224 4472 3570 4542 loqueretur,
3617 4487 3687 4530 et.

410 4528 659 4599 yufijaat
693 4533 1001 4604 ἐκέλευσεν,
1051 4540 1083 4610 ἢ
1136 4543 1191 4595 ετ
1234 4560 1288 4597 τι
1337 4544 1547 4602 δίκαιον
1596 4550 1792 4624 ἔχοιεν,
1825 4557 1984 4615 τοῦτο

2103 4528 2574 4631 Carthaginienses
2596 4528 2761 4634 3-83
2780 4528 2971 4616 urbem
2996 4562 3047 4616 vi
3080 4571 3349 4631 tenentes,
3378 4565 3515 4622 nihil
3542 4581 3673 4622 eum

409 4620 606 4677 εἰπεῖν.
649 4621 738 4688 Ὦς
765 4627 810 4679 δ’
848 4627 973 4683 οὔτε
1016 4632 1127 4688 τῶν
1178 4637 1545 4708 Μαμερτίνων
1700 4620 1807 4703 ὑπο
1831 4651 1985 4717 δέους

408 4711 739 4780 ἐφθέγγετο,
777 4717 872 4772 καὶ
910 4721 962 4773 oi
996 4720 1383 4796 Καρχηδόνιοι,
1413 4730 1505 4801 βία
1537 4733 1637 4803 τὴν
1665 4737 1821 4791 πόλιν
1854 4711 1986 4795 κατλ

408 4802 648 4873 ἔχοντες,
687 4807 839 4862 οὐδὲν
885 4813 1053 4867 αὐτοῦ
1099 4817 1415 4888 ἐφρόντιζον
1450 4838 1465 4854 ο
1502 4802 1826 4895 Αὐταρκες,
1857 4832 1985 4903 ἔφη,

402 4898 739 4964 μαρτύριον
765 4902 903 4970 παρ’
952 4905 1304 4977 ἀμφοτέρων
1342 4913 1381 4980 ἡ
1431 4917 1652 4986 σιωπὴ,
1713 4921 1832 4975 τῶν
1874 4898 1991 4995 μὲνι

406 4983 496 5037 ὅτι
519 4987 856 5056 ἀδικοῦσιν,
878 4994 947 5067 (εἰ
977 4997 1089 5066 γάρ
1120 5017 1174 5053 τι
1203 5003 1369 5073 ὑγιὲς
1391 4983 1711 5078 ἐφρόνουν,
1738 4983 1992 5073 ἐδικαιο-

405 5079 752 5146 λοχήσαντο
774 5083 872 5157 ἂν)
908 5087 1027 5142 τῶν
1061 5089 1149 5157 δὲ,
1173 5091 1262 5146 ὅτι
1287 5095 1398 5163 τῆς
1419 5098 1763 5170 ἐλευθερίας
1783 5106 1980 5174 ἐφίενα

406 5183 522 5220 ται.
565 5170 1125 5243 Ἐπιιῤῥησιὰσαντο
1174 5183 1287 5254 γὰρ
1322 5185 1420 5255 ἂν,
1463 5192 1517 5243 εὶ
1557 5192 1629 5244 τὰ
1671 5194 1792 5249 τῶν
1815 5170 1986 5269 -Καρ-

406 5261 708 5327 χηδονίων
734 5270 1092 5339 προῄρητο,
1139 5276 1239 5331 καὶ
1277 5278 1727 5351 ἐπηγγέλλοντο
1751 5261 1985 5360 βοηθίὶο

408 5366 549 5406 σειν
592 5357 823 5426 αὐτοῖς.
872 5362 1116 5434 Θορύϐου
1159 5368 1217 5422 δὲ
1266 5372 1363 5425 καὶ
1406 5374 1631 5431 ἐπαίνου
1668 5381 1820 5449 παρὰ
1872 5357 1983 5436 τῶν

408 5446 773 5517 Μαμερτίνων
794 5453 887 5507 ἐπὶ
908 5455 1117 5523 τούτοις
1142 5463 1460 5534 γενομένου,
1492 5468 1653 5534 εὐθὺς
1685 5446 1984 5528 ἀνέπλευσε

411 5537 548 5603 πρὸς
578 5542 639 5593 τὸ
679 5542 920 5614 Ῥήγιον,
952 5552 1047 5603 καὶ
1086 5557 1206 5622 μετ’
1239 5555 1420 5626 ὀλίγον
1450 5562 1611 5616 παντὶ
1638 5565 1716 5634 τῷ
1744 5567 1985 5635 ναυτικῷ

2093 4662 2357 4709 curarent
2387 4670 2402 4706 :
2436 4651 2602 4713 Satis,
2635 4653 2833 4724 inquit,
2865 4657 3171 4725 argumenti
3205 4667 3281 4710 est
3330 4667 3674 4731 utrorumque

2092 4747 2380 4811 silentium,
2440 4746 2636 4802 alteros
2662 4749 2858 4818 injuste
2893 4765 3050 4818 agere
3083 4749 3239 4820 (nam
3271 4752 3318 4806 si
3348 4769 3509 4809 causa
3552 4756 3694 4825 freti“

2094 4846 2287 4901 essent,
2325 4854 2380 4891 se
2427 4837 2803 4907 defenderent)
2864 4838 3060 4894 alteros
3115 4840 3371 4898 libertatis
3428 4837 3539 4899 esse
3579 4861 3673 4898 cu-

2093 4929 2262 4998 pidos.
2295 4926 2356 4983 Si
2405 4931 2544 4984 enim
2589 4929 3121 5001 Carthaginiensibus
3174 4935 3468 4995 studerent.
3514 4936 3671 4992 libere

2091 5018 2201 5073 illis
2233 5020 2439 5075 auxilia
2478 5024 2863 5091 promitterent.
2907 5023 3039 5091 Qum
3070 5026 3235 5081 verba
3272 5042 3397 5083 cum
3434 5029 3671 5087 Mamer-

2091 5112 2190 5166 tini
2220 5126 2347 5167 cum
2374 5113 2568 5182 plausu
2593 5122 2651 5168 et
2698 5114 2953 5171 laudibus
2977 5117 3357 5187 excepissent,
3392 5119 3665 5191 Rhegium

2093 5204 2279 5259 statim
2316 5204 2481 5259 rediit
2514 5221 2528 5259 :
2561 5220 2625 5261 ac
2660 5207 2823 5276 paulo
2865 5216 2990 5276 post
3039 5223 3165 5262 eum
3211 5217 3323 5263 tota
3378 5210 3552 5266 classe
3610 5213 3683 5269 vi.

2095 5296 2349 5368 trajicere
2377 5307 2633 5358 conatus.
2665 5298 2864 5367 partim
2915 5299 2988 5353 ob
3043 5299 3455 5356 multitudinem
3483 5311 3541 5356 et
3572 5317 3666 5357 so-

2093 5387 2311 5442 lertiam
2329 5387 2889 5457 Carthaginiensium,
2919 5389 3115 5458 partim
3133 5391 3202 5445 ob
3216 5389 3340 5445 freti
3372 5393 3665 5455 saevitiam,

2092 5486 2147 5531 et
2174 5486 2554 5547 tempestatem
2583 5478 2768 5533 subito
2801 5491 3067 5542 exortam.
3113 5480 3433 5538 triremibus
3456 5484 3683 5557 aliquot.

2092 5569 2332 5632 amissis,
2369 5585 2492 5623 cum
2528 5570 2756 5641 reliquis
2779 5587 2921 5642 agre
2954 5572 3128 5633 tenuit
3158 5573 3445 5647 Rhegium.

1541 5718 1741 5782 Varia;
1772 5720 2085 5786 lectiones
2129 5732 2192 5788 et
2226 5733 2416 5788 notas.

478 5818 593 5893 (21)
623 5826 839 5898 Αὐτοῖς
872 5831 1228 5905 πτοούμενοι
1262 5842 1679 5911 προθυμότατα
1725 5846 1978 5919 ῶργουν.
2020 5853 2150 5911 Mss.
2191 5851 2317 5910 cod.
2350 5850 2677 5925 πονούμενοι
2705 5858 3097 5931 προθυμότατα
3123 5862 3339 5936 dipyrum
