4060 6384
430 329 539 391 C39

1694 309 2023 401 JOA'NNIS
2060 339 2381 401 ZONAM:

3577 341 3688 409 6th)

426 444 753 513 βιασάμενος
786 444 877 499 τὶν
918 443 1202 512 διάπλουν,
1237 449 1298 502 τὸ
1349 449 1448 521 μὲν
1482 448 1587 503 ὑπὸ
1619 450 1715 503 τοῦ
1763 451 2003 522 πλήθους
2044 452 2137 506 καὶ
2170 452 2267 524 τῆς
2345 450 2542 521 τέχνης
2623 447 2731 503 τῶν
2789 451 3199 523 Καρχηδονίων,
3250 454 3311 508 τδ
3352 454 3410 509 δέ
3439 455 3692 513 πλεῖστον

422 540 511 593 διὰ
539 538 639 611 τὴν
674 539 769 593 τοῦ
807 539 901 612 ροῦ
937 541 1305 613 χαλεπότητα,
1339 544 1430 597 καὶ
1466 543 1714 613 χειμῶνα
1743 542 2003 616 ἐξαίφνης
2041 544 2353 613 γινόμενον,
2398 542 2550 606 τινάς
2603 558 2664 594 τε
2701 542 2810 595 τῶν
2834 544 3079 616 τριήρων
3113 545 3380 611 ἀπέϐαλε,
3414 548 3510 601 καὶ
3572 550 3692 603 ταῖς

420 631 634 695 λοιπαῖς
664 632 817 702 μόλις
849 635 928 697 είς
956 634 1016 686 τὸ
1054 633 1279 703 Ῥήγιον
1308 634 1593 705 ἀπεσώθη.

493 722 583 777 IX.
627 724 817 796 Neque
851 735 1031 780 tamen
1073 727 1144 782 ob
1172 742 1293 782 eam
1342 727 1552 782 cladem
1590 728 1823 783 Romani
1865 744 1981 781 mar

2177 728 2250 779 ϐ’.
2287 726 2361 780 Οὐ
2399 725 2583 796 μέντοι
2624 727 2721 797 τῆς
2761 725 3038 794 θαλάσσης
3085 727 3136 779 οί
3182 726 3441 796 Ῥωμαῖοι
3470 726 3559 782 ὂιά
3588 727 3691 801 τὴν

423 818 810 873 abstinuerunt
850 836 864 882 ;
898 819 992 873 sed
1031 818 1296 875 Claudius
1328 835 1495 875 naves
1546 820 1758 875 refecit.
1807 819 2000 875 Hanno

420 924 640 963 caustm
679 908 824 978 rupti
858 908 1081 965 fmderis
1128 910 1393 966 Romanis
1426 911 1791 980 ascripturus,
1832 912 1998 966 etiam

416 1008 607 1069 ruptas
644 999 899 1055 triremes
940 1000 1173 1056 Claudio
1201 1002 1436 1066 remisit,
1483 1002 1843 1073 captivosque
1882 1018 2001 1056 rcs-

422 1090 592 1157 tituit,
617 1106 854 1160 cumque
884 1091 951 1145 ad
995 1106 1184 1163 pacem
1233 1092 1570 1162 provocavit.
1604 1092 1710 1148 Sed
1741 1108 1866 1148 cum
1906 1092 1996 1147 ille

422 1183 597 1237 nullas
625 1183 979 1240 conditiones
1009 1185 1352 1248 admitteret.
1386 1187 1627 1242 minatus
1666 1196 1773 1252 est,
1805 1202 1863 1242 se
1887 1204 1993 1241 non

422 1291 710 1344 passurum
737 1284 795 1330 ut
817 1277 1047 1331 Romani
1077 1278 1159 1331 vel
1196 1294 1391 1333 manus
1429 1279 1480 1332 iu
1519 1279 1652 1334 mari
1687 1279 1994 1333 abluerent.

418 1367 683 1422 Claudius
730 1383 868 1423 vero
917 1369 1047 1424 freti
1090 1378 1289 1425 natura
1338 1370 1705 1431 considerata.
1752 1371 1995 1441 captavit

420 1458 690 1514 rcﬂuxum
724 1462 846 1531 ejus
872 1469 928 1517 ct.
943 1470 1167 1517 ventum
1196 1462 1360 1517 simul
1388 1478 1455 1517 ex
1481 1463 1633 1517 Italia
1664 1462 1718 1516 in
1751 1461 1992 1517 Siliciarn

418 1550 659 1605 ferentes
699 1569 712 1607 :
750 1551 934 1621 itaque
981 1553 1035 1607 in
1080 1552 1311 1608 insulam
1358 1554 1612 1624 trajecit,
1663 1554 1992 1623 prohibente

417 1643 635 1697 nemine
675 1660 689 1696 :
731 1654 787 1699 et
834 1645 1175 1702 Mamertinis
1224 1648 1279 1701 in
1329 1656 1496 1716 portu
1557 1646 1800 1701 inventis
1828 1646 1990 1709 (nam

418 1735 609 1792 llanno
637 1753 763 1792 eum
809 1738 961 1794 cives
1000 1749 1290 1808 suspectos
1341 1738 1595 1798 haberet,
1641 1752 1825 1791 arcem
1869 1747 1990 1789 tue-

417 1830 611 1899 batur)
635 1845 735 1900 pro
760 1830 1028 1885 concione
1056 1831 1349 1900 persuasit,
1372 1839 1433 1885 ut
1453 1828 1774 1883 Hannonem
1806 1841 1992 1880 accer-

414 1931 621 1978 serent.
649 1920 752 1987 Qui
780 1921 883 1977 etsi
920 1920 1259 1975 descendere
1291 1919 1533 1984 volebat,
1568 1927 1749 1972 tamen
1783 1916 1991 1971 veritus

417 2029 483 2069 ne
512 2013 820 2091 Mamertini
866 2012 937 2067 de
968 2013 1187 2082 injuriis
1218 2011 1323 2069 sibi
1373 2012 1532 2067 factis
1562 2017 1985 2080 conquerentes,

2108 812 2278 889 ¹ἧτταν
2320 817 2667 888 ἀπέσχοντο·
2720 817 2835 871 ἀλλ’
2888 819 2917 871 6
2963 818 3064 889 μὲν
3116 819 3383 883 Κλαύδιος
3431 819 3532 883 τὰς
3556 822 3689 887 ναῦς

2106 910 2500 975 ἐπεσκεύαζεν.
2536 912 2748 964 Ἄννων
2777 909 2857 975 δὲ,
2891 910 2990 981 τὴν
3029 909 3213 964 αἰτίαν
3255 910 3355 978 τῆς
3384 909 3495 963 τῶν
3528 929 3693 966 σπον-

2104 1002 2209 1054 δὼν
2240 1001 2537 1065 διαλύσεως
2571 1003 2653 1064 είς
2677 1002 2806 1065 τοὺς
2856 1000 3169 1071 Ῥωμαίους
3197 1001 3397 1072 τρέψαι
3429 1001 3691 1071 βουλόμε-

2106 1111 2213 1155 νος,
2244 1094 2341 1146 καὶ
2370 1091 2468 1157 τὰς
2492 1093 2730 1156 ἁλούσας
2767 1093 3017 1162 τριήρεις
3048 1092 3125 1163 τῷ
3160 1093 3416 1163 Κλαυδίῳ
3448 1092 3686 1163 ἔπεμψε,

2104 1190 2200 1239 καὶ
2252 1188 2379 1250 τοὺς
2446 1184 2835 1256 αἰχμαλώτους
2898 1186 3193 1246 ἀπεδίδου,
3249 1185 3345 1238 καὶ
3397 1185 3536 1254 πρὲις
3585 1184 3685 1256 τὴν

2104 1281 2328 1350 εἰρήνην
2359 1278 2721 1340 προεκαλεῖτο
2748 1278 2936 1331 αὐτόν.
2984 1278 3140 1331 Ἐπεὶ
3183 1279 3228 1332 δ’
3261 1277 3416 1332 οὐδὲν
3447 1277 3686 1343 ἐδέξατο,

2102 1372 2371 1440 tardique
2405 1371 2528 1441 μηδ’
2561 1370 2939 1440 ἀπονίψασθαι
2981 1370 3085 1434 τὰς
3122 1372 3314 1442 χεῖράς
3344 1387 3475 1424 ποτε
3519 1372 3578 1424 ἐν
3616 1371 3683 1441 τῇ

2102 1459 2348 1530 θαλάσσῃ
2375 1459 2502 1523 τοὺς
2541 1459 2851 1529 Ῥωμαίους
2875 1460 3056 1516 ἐᾶσαι.
3094 1461 3154 1514 '0
3180 1461 3446 1524 Κλαύδιος
3472 1461 3552 1526 δὲ,
3585 1460 3687 1531 τὴν

2099 1551 2195 1604 τοῦ
2235 1548 2490 1621 πορθμοῦ
2540 1549 2707 1620 φύσιν
2755 1553 3128 1619 κατανοήσας,
3166 1554 3409 1625 ἐτήρησε
3436 1554 3529 1608 τὸν
3559 1553 3688 1624 ῥοῦν

2101 1643 2323 1697 καὶτὸν
2355 1643 2561 1712 ἄνεμον
2600 1643 2664 1695 ἐκ
2717 1643 2817 1710 τῆς
2865 1643 3100 1705 Ἰταλίας
3158 1645 3241 1708 είς
3281 1645 3382 1713 τὴν
3433 1644 3687 1700 Σικελίαν

2099 1732 2217 1800 ἅμα
2248 1730 2515 1801 φέροντας
2542 1747 2557 1765 ο
2593 1733 2688 1785 καὶ
2721 1731 2864 1784 οὕτω
2898 1732 3223 1785 διέπλευσεν
3258 1734 3341 1796 είς
3369 1734 3468 1804 τὴν
3494 1734 3682 1803 νῆσον,

2101 1823 2335 1893 μηδενὸς
2390 1821 2835 1887 ἐναντιωθέντος,
2888 1823 3081 1893 Εύρὼν
3121 1821 3216 1878 οῦν
3260 1827 3320 1877 ἐν
3372 1824 3450 1896 τῷ
3499 1825 3681 1894 λιμένι

2098 1919 2223 1980 τοὺς
2274 1918 2662 1989 Μαμερτίνους
2705 1918 2755 1987 (6
2792 1919 2900 1989 γὲρ
2932 1920 3169 1986 Ἀννων,
3219 1918 3677 1989 προῦποπτεύσας

2098 2011 2320 2074 αὐτοὺς,
2353 2012 2412 2062 ἐν
2444 2012 2511 2080 τῇ
2542 2009 2840 2080 ἀκροπόλει
2873 2010 3139 2080 καθῆστο,
3173 2011 3459 2081 φυλάττων
3484 2010 3678 2081 αὐτὴν)

414 2106 538 2159 :tsvi
575 2104 782 2174 aliquid
841 2104 1191 2170 molirentur,
1236 2103 1291 2158 in
1332 2104 1657 2159 concionem
1700 2102 1893 2156 venit:
1932 2108 1985 2153 et

2092 2101 2394 2170 ἐκκλησίαν
2429 2102 2736 2171 συνήγαγε,
2771 2104 2867 2156 καὶ
2927 2102 3233 2172 διαλεχθε“·ς
3265 2106 3453 2168 αὐτοῖς
3489 2103 3679 2156 ἔπεισε

416 2197 607 2251 multis
639 2198 823 2253 verbis
858 2196 1116 2267 utrinque
1161 2197 1366 2252 frustra
1418 2198 1619 2263 factis,
1667 2212 1697 2251 a
1747 2194 1986 2265 quodam

414 2288 661 2344 Romano
702 2292 1156 2361 comprehensus,
1227 2292 1283 2346 in
1338 2303 1615 2345 carcerem
1672 2286 1989 2358 conjicitur,

413 2378 754 2435 Mamertinis
799 2382 1257 2452 approbantibus.
1313 2383 1405 2438 Sic
1441 2383 1538 2438 ille
1583 2389 1695 2436 tota
1743 2379 1991 2455 MeSsaua‘

410 2470 727 2525 necessario
747 2472 959 2537 relicta,
980 2489 1007 2526 a
1024 2472 1576 2545 Carthaginiensibus
1591 2470 1853 2527 multatus
1873 2481 1979 2522 e51:

410 2569 466 2614 ct
501 2576 606 2614 una
640 2578 763 2616 cum
790 2565 1034 2619 exercitu
1059 2565 1387 2620 caduceator
1420 2565 1486 2620 ad
1528 2565 1806 2619 Romanos
1844 2559 1981 2615 mis-

410 2671 527 2715 sus,
553 2670 651 2725 per
682 2671 845 2726 quem
893 2657 1207 2723 edicebant,
1249 2665 1311 2713 ut
1349 2658 1651 2714 Messanam
1703 2657 1985 2727 relinque-

410 2755 555 2811 rent,
582 2757 638 2802 et
672 2748 813 2803 intra
842 2757 1057 2803 certum
1094 2750 1240 2806 diem
1275 2758 1387 2806 tota
1414 2751 1603 2807 Sicilia
1630 2751 1982 2807 excederent.

408 2836 671 2893 Romanis
719 2855 850 2894 vero
905 2856 1012 2895 non
1063 2840 1594 2912 obtemperantibus,
1663 2843 1849 2912 Italos,
1890 2845 1982 2915 qui

408 2929 553 2996 apud
606 2929 755 2999 ipsos
813 2930 1083 3000 stipendia
1134 2932 1443 3001 merebant,
1505 2932 1828 2991 occiderunt
1883 2945 1986 2990 :et

411 3022 651 3077 llierone
704 3023 1026 3094 atljuvante,
1064 3024 1274 3095 impetu
1310 3024 1454 3079 facto
1487 3025 1790 3081 Messanam
1820 3028 1974 3083 obsc-

409 3115 612 3170 derunt
646 3135 659 3171 :
689 3132 753 3170 ac
784 3115 986 3171 fretum
1013 3116 1421 3179 custodierunt,
1449 3125 1509 3171 ut
1547 3130 1728 3188 neque
1782 3118 1984 3173 milites

410 3222 589 3276 neque
620 3207 959 3263 frumentum
998 3206 1069 3263 ad
1100 3223 1197 3263 eos
1221 3208 1674 3278 importarentur.
1704 3209 1826 3276 Quo
1854 3225 1983 3264 con-

410 3301 494 3354 sul
550 3301 663 3372 jam
712 3300 1165 3370 appropinquans
1204 3300 1589 3356 animadverso
1619 3341 1635 3369 ,
1691 3310 1753 3357 ut
1780 3303 1984 3358 milites

411 3389 617 3460 ubique
669 3390 722 3445 in
747 3398 914 3460 portu
972 3406 1071 3458 per
1098 3404 1320 3445 causam
1359 3400 1690 3446 mercatura;
1713 3391 1981 3447 facienda:
2007 3425 2052 3486 ρ

408 3494 695 3539 versantes
717 3482 949 3549 invenit,
975 3497 1074 3538 eos
1100 3482 1341 3553 decepit,
1377 3481 1544 3555 384
1575 3491 1633 3538 ιιι
1674 3497 1841 3554 quam
1882 3483 1986 3538 mi-

410 3574 561 3629 nimo
593 3590 718 3629 cum
766 3573 1012 3643 periculo
1075 3572 1276 3628 fretum
1320 3574 1580 3630 transiret
1640 3594 1652 3630 :
1706 3582 1984 3645 noctuque

410 3668 551 3723 clam
584 3667 639 3722 in
684 3665 870 3722 Sicilia
909 3681 1019 3721 non
1055 3666 1249 3736 procul
1289 3667 1537 3722 acastris
1594 3666 1850 3723 Hieronis
1884 3684 1982 3738 ap-

410 3759 570 3829 pulit.
596 3774 835 3829 eumque
867 3759 1051 3814 statim
1085 3773 1376 3828 aggressus
1436 3766 1543 3825 est,
1578 3775 1636 3814 se
1683 3759 1983 3830 improvisa

409 3850 775 3923 impressione
808 3849 1107 3904 maximum
1141 3848 1248 3904 illis
1277 3858 1539 3905 terrorem
1578 3850 1855 3906 illaturum
1890 3867 1982 3906 ra-

410 3926 519 4001 tus.
555 3946 757 4003 Verum
781 3944 998 4016 equites
1028 3945 1149 4017 ejus
1181 3945 1620 4010 succubuerunt,
1654 3945 1747 4000 sed
1800 3944 1983 4015 gravis

408 4046 706 4093 armaturae
754 4037 961 4092 milites
1025 4037 1343 4107 superiores
1399 4045 1719 4093 evaserunt.
1773 4036 1982 4092 Hieron

408 4138 524 4184 tum
573 4130 628 4185 in
683 4138 923 4195 montes,
965 4138 1088 4198 post
1138 4128 1443 4200 Syracusas
1471 4144 1531 4183 se
1559 4129 1797 4185 contulit
1826 4147 1839 4182 :
1870 4144 1982 4199 quo

406 4218 674 4275 Claudius
685 4227 890 4287 amoto,
917 4220 1255 4276 Mamertinis
1277 4236 1372 4276 sua
1391 4220 1680 4291 praesentia
1700 4221 1978 4285 recreatis,

406 4309 891 4381 Carthaginienses
937 4310 1049 4380 jam
1087 4309 1383 4366 destitutos
1409 4309 1637 4374 invadit,
1681 4311 1884 4382 impetu
1925 4313 1978 4366 in

405 4417 598 4457 eorum
634 4409 814 4456 castra
848 4401 995 4456 facto
1016 4442 1030 4465 ,
1062 4416 1184 4471 quae
1210 4401 1619 4472 quodammodo
1676 4404 1983 4473 peninsula:

405 4496 581 4551 instar
618 4503 799 4560 erant,
856 4495 986 4549 hinc
1027 4495 1186 4561 mari,
1245 4494 1398 4551 illinc
1451 4491 1742 4565 profundis
1795 4497 1980 4551 cincta

403 4587 721 4658 paludibus.
751 4586 1169 4656 Angustissima:
1198 4595 1383 4642 autem
1415 4587 1622 4648 fauces.
1660 4604 1767 4659 qua
1798 4588 1978 4643 solum

405 4679 630 4748 patebat
664 4679 866 4740 aditus,
896 4692 1058 4732 muro
1105 4677 1641 4733 intercludebantur.
1674 4679 1797 4746 Quo
1847 4679 1978 4735 dum

2095 2192 2569 2262 μεταπέμψασθαι
2599 2194 2692 2247 τὸν
2728 2196 2999 2250 ΙἈννωνα.
3045 2195 3107 2249 ’0
3143 2195 3202 2248 δὲ
3231 2193 3543 2262 καταϐῆναι
3575 2192 3677 2246 οὐκ

2092 2284 2252 2354 ἤθελε
2276 2300 2291 2315 ·
2321 2284 2583 2355 φοϐηθεὶς
2602 2284 2681 2348 δὲ,
2709 2286 2783 2356 μὴ
2819 2287 2867 2340 οἱ
2889 2287 3236 2358 Μαμερτῖνοι
3264 2286 3338 2350 ὡς
3360 2286 3677 2351 ἀδικοῦντος

2090 2374 2258 2428 αὑτοῦ
2291 2374 2720 2446 νεωτερίσωσιν,
2750 2371 2917 2447 ἦλθεν
2947 2379 3029 2441 είς
3063 2377 3163 2448 τὴν
3198 2378 3519 2449 ἐκκλησίαν.
3561 2377 3675 2432 Καὶ

2091 2469 2304 2521 πολλῶν
2337 2467 2431 2522 ὑπ’
2484 2470 2692 2538 ἀμφοῖν
2745 2471 2924 2539 μάτην
2978 2468 3303 2541 λεχθέντων,
3356 2469 3673 2541 συνήρπασὲ

2086 2577 2172 2624 τις
2196 2560 2302 2615 τῶν
2335 2561 2628 2631 Ῥωμαίων
2661 2562 2850 2627 αὐτὸν,
2881 2561 2977 2616 καὶ
2998 2563 3254 2617 ἐνέϐαλεν
3275 2565 3355 2627 εἰς
3380 2563 3441 2616 τὸ
3464 2562 3680 2630 δεσμω-

2085 2653 2314 2720 τήριον,
2353 2652 2826 2706 συνεπαινοῦντων
2882 2653 2991 2706 τῶν
3048 2654 3440 2724 Μαμερτίνων.
3503 2653 3671 2705 Καὶό

2090 2742 2190 2811 μὲν
2212 2742 2387 2806 οὕτως
2415 2742 2542 2813 ὃλην
2574 2743 2792 2815 ἀνάγκη
2837 2743 2936 2813 τὴν
2981 2743 3244 2813 Μεσήνην
3296 2739 3564 2808 ἐξέλιπεν.
3601 2742 3667 2795 0i

2088 2832 2455 2905 Καρχηδόνιοι
2486 2832 2544 2886 δέ
2572 2832 2841 2886 ἐκόλασαν
2885 2833 2984 2902 μὲν
3014 2832 3105 2886 τὸν
3137 2833 3411 2896 Ἀννωνα,
3447 2833 3668 2902 κήρυκα

2086 2925 2144 2978 δέ
2175 2926 2288 2987 τοῖς
2345 2923 2641 2995 Ῥωμαίοις
2664 2923 2942 2994 ἔπεμψαν,
2970 2925 3073 2995 τήν
3108 2940 3167 2977 τε
3219 2924 3480 2996 Μεσήνην
3521 2923 3668 2977 ἐκλι-

2087 3019 2209 3070 πεῖν
2234 3016 2568 3081 κελεύοντες,
2596 3016 2692 3071 καὶ
2723 3018 2787 3070 ἐκ
2818 3015 3002 3087 πάσης
3029 3015 3287 3069 ἀπελθεῖν
3320 3015 3572 3078 Σικελίας
3607 3017 3667 3070 ἐν

2084 3108 2273 3180 ἡμέρα
2330 3111 2474 3180 -ρητῇ
2508 3124 2523 3141 ο
2577 3108 2675 3162 καὶ
2750 3108 3012 3180 στρατιάν
3078 3108 3508 3163 άπεστάλκασιν.
3576 3106 3668 3171 Ὠς

2085 3202 2133 3256 δ’
2163 3202 2266 3256 οὐκ
2296 3201 2587 3257 ἐπείθοντο
2610 3203 2658 3255 ol
2702 3202 2985 3271 Ῥωμαῖοι,
3017 3201 3144 3269 τούς
3173 3219 3234 3256 τε
3268 3199 3667 3273 μισθοφοροῦν-

2084 3312 2183 3358 τας
2239 3295 2371 3362 παρ’
2429 3294 2618 3359 αὐτοῖς
2671 3294 2731 3361 ἐξ
2792 3294 3027 3356 Ἰταλίας
3056 3294 3410 3361 ἀπέκτειναν,
3445 3293 3543 3348 καὶ
3594 3294 3664 3363 τῇ

2086 3387 2316 3459 Μεσήνῃ
2356 3384 2716 3456 προσέϐαλον.
2750 3386 2926 3457 Συνῆν
2967 3386 3025 3440 δὲ
3054 3387 3151 3439 καὶ
3178 3389 3206 3441 6
3242 3384 3425 3458 Ἱέρων
3455 3385 3666 3449 αὐτοις,

2085 3475 2181 3529 καὶ
2212 3475 2313 3546 τὴν
2345 3474 2504 3529 πόλιν
2550 3473 2929 3546 ἐπολιόρκουν,
2975 3475 3072 3529 καὶ
3110 3474 3202 3529 τὸν
3243 3473 3494 3545 πορθμὸν
3524 3473 3666 3543 ἐφύη

2084 3565 2307 3631 λασσον,
2357 3565 2435 3631 ὡς
2484 3566 2623 3637 μήτε
2685 3565 3031 3637 στράτευμα,
3087 3567 3227 3637 μήτε
3285 3568 3428 3629 σῖτος
3479 3566 3666 3628 αὐτοῖς

2086 3656 2346 3728 κομισθῇ.
2382 3658 2449 3709 Ὃ
2498 3656 2686 3727 μαθὼν
2715 3658 2744 3710 6
2777 3656 2983 3720 ὖπατος
3044 3657 3146 3728 ἤδη
3200 3656 3539 3727 πλησιάζων,
3586 3656 3666 3720 ὡς

2085 3743 2213 3820 εὗρε
2263 3748 2493 3817 συχνοὺς
2529 3748 2714 3802 αὐτῶν
2757 3748 3002 3819 πολλαχῇ
3037 3748 3182 3801 κατά
3229 3748 3507 3819 πρόφασιν
3563 3732 3664 3817 ἐμ-

2086 3839 2288 3909 πορίας
2317 3837 2780 3907 ἐλλιμενίζοντας,
2801 3835 3114 3909 ἐξηπάτησε
3140 3842 3280 3908 σφᾶς
3300 3840 3449 3902 ὅπως
3476 3837 3664 3909 διέλθῃ

2085 3931 2178 3984 τὸν
2210 3930 2458 4002 πορθμὸν
2510 3931 2944 4001 ἀσφαλέστατα*
3000 3932 3095 3985 καὶ
3151 3931 3306 3984 ἔλαθε
3369 3930 3563 3994 νυκτὸς
3594 3934 3660 4001 τῇ

2084 4022 2305 4094 Σικελίᾳ
2339 4023 2876 4094 προσορμισάμενος.
2946 4023 3054 4076 Καὶ
3135 4022 3525 4093 προσπλεύσας
3599 4023 3663 4075 οὐ

2087 4114 2278 4187 πόρρω
2315 4112 2411 4168 τοῦ
2446 4114 2814 4186 στρατοπέδου
2839 4114 2935 4169 τοῦ
2995 4115 3265 4186 Ἱέρωνος,
3304 4116 3505 4172 αὐτίκα
3539 4132 3664 4169 συν.

2085 4208 2264 4278 ἐμιξε,
2296 4207 2537 4278 νομίζων
2578 4207 2960 4278 φοϐερώτατος
2993 4210 3178 4274 αὐτοῖς
3217 4213 3283 4264 ἐκ
3329 4210 3425 4264 τοῦ
3464 4210 3660 4275 ἀθρόου

2085 4299 2449 4371 φανήσεσθαι.
2475 4298 3007 4364 Ἀντεπεξελθόντων
3027 4303 3071 4355 δ’
3097 4303 3302 4370 αὐτῶν,
3324 4304 3385 4357 τὸ
3403 4303 3506 4373 μὲν
3528 4303 3665 4356 Ῥω-

2087 4390 2266 4459 μαίων
2296 4391 2525 4446 ίππικδν
2550 4390 2862 4462 ἠλαττώθη,
2899 4392 2961 4446 τὸ
2981 4394 3026 4447 δ’
3057 4393 3338 4448 όπλιτικδν
3368 4395 3660 4467 ὑπερέσχε.

2084 4484 2238 4538 Καὶό
2267 4483 2451 4554 Ἱέρων
2471 4484 2593 4538 τότε
2624 4483 2723 4554 μὲν
2747 4485 2829 4548 είς
2855 4485 2924 4539 τά
2946 4486 3070 4558 ὅρη,
3095 4487 3153 4551 ἐς
3180 4487 3238 4541 δὲ
3261 4489 3358 4551 τάς
3382 4489 3662 4561 Συρακού-

2085 4589 2182 4635 σας
2210 4571 2470 4645 ῦστερον⁴
2494 4572 2877 4644 ἀπεχώρησεν.
2921 4574 2980 4627 '0
3013 4574 3105 4628 οὖν
3128 4576 3414 4643 Κλαύδιος,
3442 4579 3664 4650 ἀποχω-

2086 4665 2354 4736 ρήσαντος
2386 4662 2483 4718 τοῦ
2519 4664 2788 4734 Ἱέρωνος,
2818 4665 2913 4718 καὶ
2941 4666 3050 4720 τῶν
3071 4669 3436 4739 Μαμερτίνων
3449 4669 3539 4724 διὰ
3563 4671 3663 4738 τὴν

400 4773 455 4827 vi
493 4785 591 4842 per
609 4771 808 4825 multas
836 4785 1113 4826 :erumnas
1137 4779 1432 4841 penetrare
1471 4772 1705 4827 Romani
1730 4772 1976 4841 student,

2089 4758 2388 4831 παρουσίαν
2405 4756 2570 4812 αὐτοῦ
2592 4758 3117 4830 ἀναθαρσησάντων,
3138 4761 3339 4832 ἐπῆλθε
3365 4764 3481 4827 τοῖς
3511 4764 3654 4834 Καρο

403 4864 528 4922 telis
599 4860 868 4934 proﬂigati
896 4862 1186 4918 recedunt.
1207 4863 1370 4920 Afros
1399 4879 1531 4919 vero
1553 4866 1733 4921 auctis
1755 4867 1977 4929 animis,

401 4972 470 5011 ex
528 4955 782 5025 angustis
835 4953 1092 5009 faucibus
1146 4954 1444 5023 eruptione
1502 4954 1668 5023 facta,
1717 4964 1977 5027 tanquam

401 5048 675 5121 fugientes
720 5046 1117 5116 persecuturis,
1167 5046 1401 5102 Romani
1456 5049 1714 5104 conversi
1758 5050 1976 5119 repule-

400 5151 554 5207 runt,
587 5139 777 5196 multis
805 5138 1029 5202 occisis,
1086 5148 1277 5195 utnon
1315 5140 1552 5211 amplius
1583 5148 1780 5198 castris
1820 5157 1979 5214 egre-

399 5233 692 5297 derentur,
718 5229 987 5301 quamdiu
1039 5228 1304 5285 Claudius
1363 5229 1623 5286 Messana:
1678 5231 1806 5287 fuit.
1873 5233 1977 5299 Qui

399 5340 528 5380 cum
554 5340 651 5380 eos
701 5324 755 5377 vi
785 5322 986 5379 elicere
1026 5338 1137 5377 non
1173 5322 1423 5386 auderet,
1457 5325 1525 5379 ad
1582 5323 1886 5396 Syracusas
1924 5336 1979 5381 et

401 5418 696 5473 Hieronem
755 5414 1031 5470 convertit
1081 5414 1352 5480 animum,
1401 5416 1657 5484 pra‘sidio
1718 5417 1979 5472 Messana:

400 5507 616 5563 relicto.
641 5507 709 5560 Et
733 5514 791 5559 ut
822 5506 937 5577 ipse
968 5503 1162 5559 urbem
1189 5503 1562 5575 Oppuguabat,
1593 5519 1675 5558 suc
1702 5504 1851 5559 cives
1882 5502 1985 5557 ali-

402 5600 625 5670 quando
654 5598 1043 5670 erumpebant,
1093 5613 1242 5652 nunc
1299 5597 1410 5665 bis,
1435 5612 1585 5653 nunc
1621 5596 1729 5652 illis
1758 5596 1978 5652 favente

400 5685 654 5747 victoria.
687 5691 756 5746 Et
780 5691 971 5747 consul
990 5690 1287 5761 aliquando
1312 5692 1367 5745 in
1387 5691 1671 5762 angustias
1698 5688 1974 5754 redactus,

405 5791 605 5853 captus
630 5792 798 5851 esset,
841 5783 946 5839 nisi
1006 5792 1300 5855 antequam
1330 5781 1848 5850 circumveniretur,
1906 5782 1974 5837 ad

2082 4849 2355 4921 χηδονίοις
2400 4848 2719 4920 μονωθεῖσιν
2750 4849 2851 4921 ἤδη
2872 4865 2890 4881 ⁸
2923 4852 3018 4906 καὶ
3053 4852 3132 4923 τῷ
3170 4853 3322 4923 σφῶν
3351 4852 3661 4923 προσέϐαλε

2080 4942 2469 5013 χαρακώματι,
2498 4941 2611 4996 ϐντι
2647 4937 2760 4997 οἷον
2789 4943 2847 4995 ἐν
2872 4945 3210 5017 χερρονήσω.
3247 4943 3533 5002 Ἐντεῦθεν
3560 4945 3660 5016 μὲν

2079 5035 2188 5105 γὰρ
2215 5035 2248 5104 ἡ
2277 5034 2522 5090 θάλασσα
2552 5032 2710 5088 τοῦτο
2737 5037 3003 5106 συνεῖχεν,
3057 5035 3311 5091 ἐντεῦθεν
3339 5036 3383 5090 δ’
3414 5037 3512 5109 ἕλη
3537 5037 3663 5091 τινὰ

2078 5126 2437 5182 δυσδιάϐατα·
2465 5127 2557 5180 ἐπὶ
2586 5125 2643 5180 δέ
2670 5127 2761 5181 τὸν
2786 5122 3279 5200 αὐχένα,διόῦπερ
3297 5129 3462 5200 μόνου
3484 5130 3665 5203 εἰσῄε-

2081 5239 2197 5285 σαν,
2217 5218 2551 5273 στενωτάτου
2575 5218 3662 5295 τυγχάνοντος,(ἐπεποίητοδ;ατείχισμα)

2078 5312 2399 5382 Βιαζόμενοι
2426 5308 2520 5365 οῦν
2560 5313 2696 5382 πρὸς
2733 5312 2910 5366 ταῦτα
2934 5315 2983 5366 οί
3025 5314 3313 5387 Ῥωμαῖοι,
3353 5317 3664 5371 ἐταλαιπώ-

2081 5421 2277 5474 ρησαν,
2329 5405 2425 5459 καὶ
2479 5404 2799 5475 βαλλόμενοι
2839 5406 3225 5480 ἀνεχώρησαν.
3260 5410 3325 5463 Ol
3365 5409 3422 5463 δὲ
3461 5409 3663 5472 Λίϐυες

2082 5496 2458 5566 θαρσήσαντες
2489 5492 2788 5563 ἐπεξῆλθον
2814 5510 2828 5526 ⁶
2872 5500 2969 5552 καὶ
2999 5499 3074 5563 ὡς
3110 5501 3416 5570 φεύγοντας
3443 5501 3665 5554 ἐπιδιώ-

2084 5604 2297 5654 κοντες,
2328 5587 2433 5652 ἔξω
2467 5587 2872 5659 προεληλύθασι
2920 5591 3028 5646 τῶν
3086 5593 3313 5649 στενῶν.
3363 5593 3660 5650 Κάνταῦθα

2083 5679 2521 5753 ἐπιστραφέντες
2559 5678 2611 5732 οί
2656 5677 2941 5753 Ῥωμαῖοι,
2982 5683 3181 5749 αὐτοὺς
3217 5685 3538 5756 ἐτρέψαντο,
3567 5686 3663 5740 καὶ

2086 5775 2316 5842 πολλοὺς
2345 5771 2699 5847 ἀπέκτειναν,
2731 5773 2873 5832 ὥστε
2903 5777 3099 5845 αὐτοὺς
3131 5779 3332 5854 μηκέτι
3361 5779 3455 5836 τοῦ
3492 5797 3659 5853 στρα-
