4060 6396
405 321 500 387 66]
1638 320 2045 380 ANNALIUM
2084 320 2231 380 LIB.
2274 318 2440 379 VIII.
3566 315 3671 377 662

402 434 635 488 τππέδου
670 431 974 503 προελθεῖν,
1020 430 1154 500 παρ’
1173 430 1298 483 ὅσον
1322 424 1390 500 ἦν
1424 429 1483 483 ἐν
1509 429 1738 500 Μεσήνῃ
1754 430 1781 482 ὁ
1802 428 1955 483 Κλαύ
1972 460 1983 468 -

2111 429 2390 485 tlieronem
2432 430 2502 484 de
2527 428 2679 497 pacis
2709 426 3119 483 conditionibus
3147 427 3383 496 legatum
3406 424 3668 481 misisset.

402 526 534 589 διος.
565 524 626 578 '0
656 523 736 588 δὲ,
772 521 1063 593 βιάσασθαι
1097 520 1198 593 τήν
1227 521 1455 593 πρόοδον
1484 521 1561 593 μὴ
1595 521 1828 590 τολμῶν,
1858 521 1993 593 πρὸς

2111 522 2232 577 Nam
2257 537 2383 576 cum
2429 520 2654 591 quidam
2689 520 2953 586 venisset,
3009 535 3134 575 cum
3162 534 3273 589 quo
3296 519 3365 574 de
3396 534 3530 590 pace
3558 526 3671 573 tra—

406 618 506 680 τὰς
553 613 911 687 Συρακούσας
961 615 1058 669 καὶ
1104 614 1197 669 τὸν
1245 615 1471 684 Ἱέρωνα
1518 615 1793 685 ἐτράπετο
1821 653 1835 677 ,
1892 631 1995 684 φυ-

405 704 580 776 λακὴν
615 709 672 758 ἐν
716 708 785 775 τῇ
821 705 1050 775 Μεσήνῃ
1077 703 1422 759 καταλιπών.
1459 703 1570 756 Καὶ
1596 703 1904 776 προσέϐαλέ
1934 720 1994 756 τε

407 798 572 861 αὐτὸς
595 796 673 868 τῷ
712 798 889 859 ἄστει,
923 794 1169 850 κάκεῖνοί
1203 813 1333 848 ποτε
1370 793 1679 866 ἐπεξῄεσαν
1704 812 1718 826 ·
1763 795 1859 849 καὶ
1883 796 1914 849 ὁ
1938 795 1997 848 τέ

412 887 510 956 μὲν
533 884 823 955 ἐκράτουν,
869 884 960 938 6τέ
989 884 1035 938 δ’
1066 884 1401 956 ἐκρατοῦντο
1426 884 1705 953 ἑκάτεροι.
1737 885 1847 939 Καί
1865 899 1996 936 ποτε

410 980 469 1031 ἐν
500 978 684 1049 χωρίῳ
717 977 889 1048 στενῷ
914 980 942 1031 ὁ
982 976 1192 1040 ὕπατος
1218 977 1485 1046 γεγονὼς,
1524 976 1667 1031 ἑάλω
1705 976 1794 1042 ἂν,
1828 976 1876 1029 εἰ
1922 973 1999 1046 μὴ

410 1070 519 1141 πρὸ
544 1068 639 1123 τοῦ
668 1069 1063 1141 περισχεθῆναι
1087 1068 1303 1139 έπεμψε
1342 1069 1482 1140 πρὸς
1509 1068 1602 1122 τὸν
1638 1068 1886 1141 Ἱέρωνα,
1916 1068 1998 1131 εἰς

411 1162 712 1233 συμϐάσεις
743 1161 809 1232 δή
843 1178 999 1225 τινας
1048 1161 1215 1217 αὑτὸν
1264 1162 1771 1233 προσκαλούμενος.
1815 1159 1997 1227 Οὓτω,

410 1255 520 1324 γὰρ
565 1254 817 1319 ἐλθόντος
858 1255 1026 1320 τινὸς,
1062 1256 1200 1326 πρὸς
1246 1255 1306 1310 ὃν
1342 1254 1540 1327 ἔμελλε
1599 1254 1996 1327 συμϐήσεσθαι,

409 1346 683 1415 διελέγετό
731 1364 792 1401 τε
817 1346 990 1418 αὐτῷ,
1015 1350 1115 1402 καὶ
1146 1346 1420 1419 ὑπαπῄει,
1452 1349 1649 1420 μέχρις
1670 1339 1733 1402 οὑ
1767 1348 1905 1418 πρὸς
1936 1347 2001 1401 τὸ

411 1437 651 1506 ἀσφαλὲς
681 1437 1036 1512 ἀπεχώρησε.
1074 1440 1190 1510 Τῆς
1227 1439 1287 1495 δὲ
1319 1440 1530 1505 πόλεως
1564 1438 1765 1511 ῥᾳδίως
1791 1440 2001 1494 ἁλῶναι

416 1530 493 1599 μὴ
540 1530 871 1603 δυναμένης,
929 1533 1026 1587 καὶ
1086 1532 1184 1603 τῆς
1263 1531 1596 1602 προσεδρίας
1655 1532 1867 1604 ἀπόρου
1913 1531 2002 1587 διὰ

414 1623 612 1677 σπάνιν
641 1623 810 1696 οὑσης
846 1624 1060 1690 σιτίων,
1105 1624 1202 1678 καὶ
1241 1624 1331 1679 διὰ
1372 1625 1530 1679 νότον
1574 1623 1677 1693 τῆς
1719 1625 2000 1696 στρατιᾶς,

412 1716 718 1787 ἀπανέστη.
777 1717 888 1773 Kal
933 1718 984 1772 οἱ
1044 1716 1408 1787 Συρακούσιοι
1479 1718 1740 1782 εἵποντο,
1794 1718 1891 1771 καὶ
1944 1719 2001 1781 ἐς

413 1807 604 1876 λόγους
641 1810 755 1873 τοῖς
793 1810 1253 1881 σκεδαννυμένοις
1299 1809 1491 1882 ᾔεσαν.
1541 1809 1652 1864 Kal
1676 1809 2006 1865 ἐσπείσαντο

417 1897 506 1962 ἂν,
558 1900 609 1951 εἰ
663 1900 757 1953 καὶ
804 1900 833 1953 ό
902 1897 1089 1970 Ἱέρων
1150 1900 1429 1970 συμϐῆναι
1476 1899 1766 1970 ἠθέλησεν.
1835 1898 1896 1953 '0
1943 1899 2002 1954 δέ

419 1990 652 2056 ὕπατος,
686 1991 936 2063 φρουρὰν
982 1994 1042 2045 ἐν
1091 1994 1181 2063 τῇ,
1207 1992 1439 2065 Μεσήνῃ
1496 1991 1834 2057 καταλιπὼν,
1869 1990 2005 2045 ἀπέ-

416 2083 651 2136 πλευσεν
680 2086 759 2148 είς
803 2083 866 2137 τὸ
929 2081 1169 2155 Ῥήγιον.
1228 2085 1292 2137 Οί
1356 2084 1620 2155 Ῥωμαῖοι
1672 2084 1752 2151 δὲ,
1783 2082 1907 2137 ἐπεὶ
1935 2081 2006 2137 τὰ

416 2175 739 2248 Τυρσηνικέι
797 2176 1195 2249 καθειστήκει,
1268 2177 1363 2230 καὶ
1419 2175 1492 2243 τά
1555 2179 1616 2233 ἐν
1670 2179 1737 2247 τῇ
1808 2175 2009 2248 Ἰταλίᾳ

417 2268 666 2339 ἀκριϐῶς
716 2269 1011 2340 εἰρήνουν,
1079 2269 1148 2322 τὰ
1198 2268 1256 2323 δὲ
1313 2267 1423 2322 τῶν
1475 2268 1869 2340 Καρχηδονίων
1913 2266 2007 2320 ἐπὶ

419 2357 586 2412 πλέον
624 2360 933 2423 συνίστατο,
960 2359 1132 2429 ἄμφω
1170 2358 1298 2424 τοὺς
1326 2358 1569 2423 ὑπάτους
1613 2362 1672 2423 ἐς
1706 2358 1807 2430 τὴν
1852 2359 2011 2412 Σικε-

416 2450 539 2504 λίαν
568 2451 974 2524 ἐκστρατεῦσαι
1000 2452 1318 2507 ἐκέλευσαν.
1344 2452 1758 2523 Περαιωθέντες
1778 2446 1873 2505 οὖν
1896 2451 1927 2505 ὃ
1947 2468 2008 2505 τε

416 2541 670 2611 Μάξιμος
717 2542 1016 2614 Οὐαλέριος
1068 2545 1167 2598 καὶ
1233 2544 1263 2597 ὁ
1329 2543 1670 2608 ὐκεαδιίλιος
1729 2545 2009 2615 Κράσσος,

417 2635 516 2688 καὶ
549 2633 640 2688 διὰ
671 2637 771 2704 τῆς
810 2636 976 2708 νήσου
1012 2636 1150 2708 ὁμοῦ
1195 2654 1255 2691 τε
1296 2638 1683 2709 πορευόμενοι,
1728 2639 1830 2690 καὶ
1859 2637 2011 2708 διχῆ,

420 2726 652 2792 πολλοὺς
680 2728 948 2801 ὁμολογίᾳ
988 2730 1430 2802 παρεστήσαντο.
1493 2730 1583 2794 Ὠς
1636 2728 1697 2783 δέ
1741 2728 1810 2784 τά
1838 2727 2012 2782 πλείω

418 2818 718 2893 ᾠκείωντο,
753 2821 895 2894 πρὸς
929 2823 1028 2887 τὰς
1104 2822 1461 2896 Συρακούσας
1508 2822 1804 2894 ὥρμησαν.
1843 2820 1956 2876 Καὶ
1983 2821 2012 2873 ὁ

429 2911 619 2983 Ἱέρων
650 2915 932 2986 φοϐηθεὶς,
962 2915 1433 2987 διεκηρυκεύσατο
1480 2916 1638 2986 σφίσι
1690 2916 1793 2979 τὰς
1823 2914 2010 2979 πόλεις

419 3019 480 3057 τε
505 3003 573 3069 ἃς
606 3005 913 3079 ἀφῄρηντο,
956 3007 1246 3072 ἀποδιδοὺς
1283 3008 1377 3062 καὶ
1404 3009 1665 3080 χρήματα
1711 3007 2010 3078 ὑπισχνού-

2097 624 2295 680 ctaret,
2336 614 2483 670 inter
2510 613 2941 684 colloquendum
2974 613 3236 684 paulatim
3296 612 3545 678 recessit,
3571 612 3673 667 do—

2098 724 2201 764 nec
2227 708 2281 762 in
2311 718 2423 764 tuta
2459 708 2730 778 pervenit.
2761 707 2831 763 Et
2863 707 2992 777 quia
3017 705 3150 761 urbs
3183 705 3343 761 facile
3390 706 3511 775 capi
3562 720 3678 759 non

2098 809 2337 871 poterat,
2366 812 2421 856 et.
2450 800 2670 856 obsidio
2723 816 2850 856 cum
2875 799 2947 855 ob
2993 798 3282 869 penuriam
3312 805 3673 860 commeatus,

2102 901 2219 948 tum
2256 902 2483 964 propter
2507 894 2656 948 luem
2694 892 2749 947 in
2776 891 3023 947 exercitu
3059 900 3416 962 grassantem.
3448 890 3683 945 faculta-

2103 995 2211 1041 tem
2246 1002 2356 1040 non
2391 985 2652 1048 habebat,
2706 985 2938 1040 recessit
3005 984 3334 1057 Syracusani
3368 993 3552 1038 autem
3588 998 3677 1038 se-

2100 1089 2340 1149 quentes
2371 1119 2386 1143 ,
2419 1093 2545 1132 cum
2580 1076 2851 1146 dispersis
2904 1075 3367 1145 colloquebantur
3406 1092 3420 1128 :
3464 1089 3528 1128 ac
3579 1090 3677 1144 pa-

2100 1187 2221 1227 cem
2247 1171 2529 1236 fecissent,
2561 1170 2607 1226 si
2638 1171 2805 1226 etiam
2835 1169 3039 1225 Hieron
3062 1168 3376 1225 consentire
3395 1167 3677 1221 voluisset.

2100 1264 2305 1339 Consul
2332 1263 2589 1333 prsrsidio
2607 1263 2869 1318 Messanae
2894 1262 3109 1329 relicto,
3140 1261 3409 1329 Rhegium
3447 1259 3679 1330 trajecit.

2104 1356 2336 1411 Romani
2370 1353 2639 1410 "etruria?
2691 1354 2862 1409 rebus
2921 1352 3266 1424 compositis,
3319 1363 3485 1422 atque
3528 1351 3682 1405 Italia

2101 1449 2263 1519 plane
2293 1445 3060 1518 pacata,Carthaginiensium
3093 1454 3276 1501 autem
3307 1444 3520 1499 viribus
3562 1459 3687 1499 ere-

2103 1540 2426 1607 scentibus,
2456 1548 2755 1610 utrumque
2788 1539 3068 1594 consulem
3114 1538 3168 1591 in
3202 1537 3444 1593 Siciliam
3472 1537 3551 1591 ire
3567 1536 3685 1608 jus-

2105 1641 2319 1690 serunt.
2356 1633 2527 1704 Igitur
2559 1633 2812 1689 Valerius
2848 1631 3117 1686 Maximus
3144 1629 3508 1687 ctOctacilius
3522 1628 3685 1685 Cras-

2106 1741 2223 1793 sus,
2257 1734 2366 1781 tam
2401 1725 2632 1781 seorsim
2657 1741 2820 1794 quam
2851 1740 2959 1779 una
3015 1724 3249 1779 insulam
3307 1730 3680 1795 peragrantes,

2108 1819 2314 1875 multos
2354 1818 2408 1873 in
2443 1817 2782 1874 deditionem
2806 1826 3141 1887 acceperunt
3174 1834 3188 1871 :
3216 1830 3281 1870 ac
3310 1815 3446 1872 locis
3481 1815 3683 1885 pleris-

2103 1926 2214 1982 que
2266 1910 2569 1983 adjunctis,
2618 1909 2922 1983 Syracusas
2972 1906 3403 1964 contenderunt.
3439 1905 3684 1973 Quorum

2106 1999 2460 2056 successibus
2488 1998 2652 2071 385
2690 1998 2893 2055 Hieron
2924 2001 3172 2064 territus,
3194 1996 3430 2054 redditis
3455 1995 3688 2051 urbibus

2106 2106 2247 2161 quas
2269 2092 2352 2147 eis
2367 2091 2669 2157 ademerat,
2690 2091 3072 2162 promissaque
3098 2089 3355 2162 pecunia,
3381 2098 3438 2144 et
3459 2089 3689 2160 Captivis

2099 2182 2375 2245 dimissis,
2436 2196 2627 2252 pacem
2693 2182 2874 2252 petiit,
2924 2191 3092 2252 atque
3148 2180 3465 2253 impetravit
3497 2198 3510 2234 :
3542 2178 3688 2250 quod

2109 2275 2388 2337 consules,
2419 2274 2540 2345 ejus
2579 2274 2778 2344 opibus
2813 2273 3111 2344 adjunctis,
3139 2271 3631 2342 Carthaginienses
3658 2285 3687 2325 a

2110 2381 2169 2421 se
2200 2364 2416 2421 facilius
2444 2365 2707 2420 debellari
2729 2380 2890 2435 posse
2917 2364 3202 2421 rebantur.
3232 2364 3414 2419 Paetis
3434 2361 3688 2427 firmatis,

2112 2457 2178 2513 ad
2207 2458 2344 2513 alias
2386 2458 2573 2524 urbes,
2631 2458 2686 2513 in
2721 2458 2926 2529 quibus
2968 2459 3174 2514 Punica
3223 2456 3478 2528 praesidia
3507 2464 3687 2521 erant,

2113 2550 2387 2617 conversi,
2427 2565 2568 2620 aque
2595 2550 2811 2606 cmteris
2853 2548 3080 2619 repulsi,
3117 2548 3401 2619 Segestam
3452 2546 3597 2602 ultro
3631 2562 3690 2601 se

2107 2641 2401 2697 dedentem
2438 2650 2792 2711 acceperunt.
2827 2641 2989 2697 Cives
3014 2641 3164 2697 enim
3193 2640 3266 2695 ob
3323 2638 3692 2695 necessitudi-

2108 2749 2235 2789 nem
2266 2733 2370 2788 sibi
2405 2749 2532 2788 cum
2564 2732 2831 2788 Romanis
2862 2733 3296 2789 intercedentem
3333 2732 3483 2802 (nam
3523 2747 3687 2787 suum

2109 2841 2331 2897 quoque
2373 2835 2555 2881 ortum
2615 2826 2681 2881 ad
2716 2825 2949 2881 Eneam
3004 2835 3288 2880 auctorem
3350 2823 3688 2893 referebant)

2107 2916 2664 2988 Carthaginiensibus
2708 2917 2889 2982 CEBSIS,
2941 2915 3161 2971 illorum
3195 2914 3320 2970 ﬁdei
3353 2930 3413 2970 se
3455 2915 3690 2970 commi-

2110 3015 2327 3063 serunt.

426 3109 611 3161 μενος,
643 3097 738 3148 καὶ
771 3098 897 3161 τοὺς
930 3097 1312 3167 αἰχμαλώτους
1335 3099 1663 3170 ἐλευθερῶν,
1692 3100 1787 3153 καὶ
1809 3099 2000 3170 ἔτυχεν
2037 3099 2139 3153 ἐπὶ
2189 3098 2402 3164 τούτοις
2427 3100 2693 3155 σπονδῶν.
2754 3101 2818 3155 Ol
2846 3100 2954 3172 γὰρ
2986 3099 3183 3155 ὕπατοι
3211 3103 3342 3172 ῥᾷον
3373 3100 3493 3171 μετ’
3522 3096 3707 3154 αὑτοῦ

422 3190 907 3263 καταστρέψασθαι
933 3192 1061 3257 τοὺς
1090 3193 1501 3265 Καρχηδονίους
1537 3194 1825 3266 ἐνόμισαν.
1895 3192 2215 3264 Συμϐάντες
2275 3194 2325 3249 δ’
2386 3194 2559 3266 αὐτῷ,
2607 3195 2744 3267 πρὸς
2771 3196 2868 3258 τὰς
2893 3195 3088 3260 λοιπὰς
3113 3195 3299 3260 πόλεις
3332 3195 3438 3249 ὑπὸ
3466 3196 3694 3265 Καρχη-

419 3284 614 3339 δονίων
638 3286 1056 3357 φρουρουμένας
1080 3286 1402 3358 ἐτράποντο.
1430 3290 1543 3343 Καὶ
1567 3290 1678 3343 τῶν
1702 3290 1804 3361 μὲν
1858 3288 2037 3343 ἄλλων
2074 3289 2563 3363 άπεκρούσθησαν,
2606 3292 2880 3361 Ἔγεσταν
2942 3291 2989 3345 δ’
3037 3292 3292 3347 ἑκουσίαν
3332 3291 3546 3346 ἔλαϐον.
3595 3290 3695 3343 Διὰ

423 3383 530 3452 γάρ
565 3381 664 3454 τήν
698 3383 837 3453 πρὸς
871 3382 1182 3454 Ῥωμαίους
1214 3383 1494 3437 οἰκείωσιν
1522 3385 1573 3437 oi.
1601 3384 1660 3436 ἐν
1687 3384 1854 3455 αὐτῇ,
1920 3382 2032 3438 ἀπὸ
2069 3383 2164 3438 τοῦ
2240 3385 2458 3440 Αἰνείου
2496 3385 2750 3455 λέγοντες
2781 3386 3089 3455 γεγονέναι,
3132 3384 3566 3458 προσεχώρησαν
3595 3388 3697 3441 αὑ-

423 3477 534 3540 τοῖς
565 3477 694 3540 τοὺς
716 3475 1125 3547 Καρχηδονίους
1157 3474 1545 3545 φονεύσαντες.

496 3568 552 3623 l'.
576 3570 686 3622 Kal
711 3568 762 3622 οἰ
787 3569 888 3636 μὲν
919 3566 1116 3622 ὕπατοι
1139 3568 1228 3623 διά
1254 3569 1347 3622 τὸν
1376 3567 1627 3640 χειμῶνα
1655 3569 1742 3632 εἰς
1772 3569 1837 3624 τδ
1875 3568 2003 3641 Ῥή-

2181 3571 2251 3626 Χ.
2304 3569 2640 3625 Consulibus
2691 3567 2764 3623 ob
2797 3554 3114 3624 hibernum
3163 3575 3382 3638 tempus
3427 3566 3707 3639 Rhegium-

425 3678 547 3730 γιον
572 3661 814 3732 ἀπῆραν.
851 3654 1214 3731 Καρχηδόνιοι
1272 3660 1331 3715 δέ
1359 3663 1439 3726 εἰς
1496 3661 1688 3730 Σαρδὼ
1732 3661 1794 3715 τὸ
1821 3660 2007 3716 πλεῖον

427 3754 695 3822 ἐκόμισαν
721 3752 819 3806 τοῦ
859 3752 1119 3824 στρατοῦ,
1162 3753 1231 3807 ἶν’
1268 3753 1484 3808 ἐκεῖθεν
1533 3756 1602 3825 τῇ
1649 3752 1839 3828 Ῥώμῃ
1891 3755 2012 3808 ἐπί-

429 3844 656 3909 θωνται,
692 3842 790 3897 καὶ
821 3843 852 3915 ἢ
900 3844 1089 3898 τέλεον
1133 3842 1279 3897 οὕτω
1303 3845 1400 3915 τῆς
1433 3845 1685 3909 Σικελίας
1730 3846 2010 3916 ἐκστήσω-

429 3953 535 3997 σιν.
582 3936 616 4007 ἢ
681 3935 1178 4007 διαπεραιωθέντας
1236 3936 1661 4005 ἀσθενεστέρους
1686 3939 2007 4009 ποιήσωσιν.

427 4028 574 4082 Ἀλλ’
605 4029 730 4082 οὗτε
760 4029 977 4095 τούτου,
1042 4027 1166 4082 οὔτε
1215 4029 1323 4099 μὴν
1376 4030 1587 4084 ἐκείνου
1628 4031 1916 4100 ἐπέτυχον.
1945 4031 2008 4085 Οἱ

425 4123 538 4192 γὰρ
581 4122 847 4191 Ῥωμαῖοι
882 4122 981 4193 τήν
1011 4138 1069 4175 τε
1097 4122 1307 4175 οἰκείαν
1331 4121 1657 4190 ἐφύλαττον,
1721 4123 1817 4175 καὶ
1863 4122 2010 4188 ἀξιό-

431 4233 607 4286 μαχον
637 4215 717 4277 είς
748 4214 1000 4269 Σικελίαν
1029 4214 1263 4285 δύναμιν
1301 4214 1558 4285 ἔπεμψαν
1593 4213 1734 4285 μετὰ
1775 4216 2011 4269 Ποστου-

430 4310 556 4378 μίου
604 4307 875 4375 Ἀλϐίνου,
905 4308 1002 4363 καὶ
1037 4308 1178 4378 μετὰ
1201 4307 1458 4376 Αἰμιλίου
1495 4307 1758 4361 Κυίντου.
1800 4305 2012 4361 Ἐλθόν-

427 4417 518 4464 τες
537 4401 594 4454 δὲ
628 4400 710 4462 εἰς
741 4398 997 4452 Σικελίαν
1043 4400 1092 4452 οί
1128 4398 1348 4461 ὕπατοι,
1405 4399 1492 4452 ἐπ’
1514 4397 1862 4469 Ἀκράγαντα
1896 4397 2007 4468 ὥρ-

433 4509 638 4564 μησαν,
656 4491 939 4546 κάνταῦθα
957 4490 1212 4545 Ἀννίϐαν
1223 4490 1317 4544 τὸν
1335 4489 1612 4555 Γίσκωνος
1630 4490 2006 4561 ἐπολιόρκουν.

430 4586 496 4638 Ol
547 4586 605 4637 ἐν
653 4582 962 4654 Καρχηδόνι
1010 4582 1347 4653 πυθόμενοι,
1401 4583 1652 4635 Ἀννωνα
1717 4579 1868 4650 αὑτῷ
1914 4581 2011 4635 σὺν

429 4676 600 4746 πολλῇ
649 4676 796 4746 χειρὶ
847 4675 1282 4746 συμμαχήσοντα
1352 4674 1628 4744 ἔπεμψαν.
1696 4674 1758 4727 '0
1823 4672 1882 4727 δὲ
1952 4672 2012 4735 ἐς

440 4768 773 4839 Ἡράκλειαν
803 4767 998 4833 ἐλθὼν,
1042 4767 1106 4820 οὑ
1136 4768 1328 4838 πόρρω
1386 4766 1554 4821 οὖσαν
1617 4766 2008 4838 Ἀκράγαντος,
2042 4760 2046 4764 “

428 4859 714 4931 ἐπολέμει.
756 4860 870 4913 Kal
907 4858 1082 4930 μάχαι
1109 4857 1329 4922 πλείους
1364 4858 1462 4913 καλ⁵
1530 4858 1768 4930 μεγάλαι
1795 4857 1843 4911 δ’
1892 4855 2009 4925 ἐγί-

2118 3663 2378 3728 reversis,
2421 3661 2909 3733 Carthaginienses
2939 3663 3205 3734 majorem
3239 3662 3527 3732 copiarum
3573 3677 3698 3732 paro

2121 3767 2229 3812 tem
2262 3756 2317 3811 in
2349 3755 2660 3812 Sardiniam
2695 3755 3124 3833 transtulerunt,
3160 3763 3223 3810 ut
3251 3752 3380 3810 inde
3423 3753 3699 3809 Romanos

2118 3848 2550 3920 aggrederentur
2577 3867 2589 3902 :
2624 3855 2794 3917 atque
2816 3854 2912 3901 aut
2939 3846 3164 3918 penitus
3188 3845 3376 3901 Sicilia
3406 3846 3704 3916 pellerent,

2119 3951 2215 3998 aut
2259 3941 2305 3996 si
2353 3940 2725 4013 trajecissent,
2776 3940 2926 4005 vires
2974 3954 3169 3995 eorum
3220 3947 3535 4009 carperent.
3590 3939 3703 3995 Sed

2120 4042 2385 4089 neutrum
2411 4033 2494 4088 eis
2537 4031 2830 4095 successit,
2865 4030 3132 4085 Romanis
3158 4038 3216 4085 et
3243 4045 3344 4085 sua
3389 4030 3699 4092 tuentibus.

2117 4134 2173 4180 et
2206 4124 2448 4181 Siciliam
2488 4139 2612 4179 cum
2642 4122 2810 4194 justis
2848 4121 3049 4192 copiis.
3080 4121 3389 4178 Posthumii
3427 4122 3612 4178 Albini
3641 4132 3710 4179 et

2116 4218 2182 4286 ρ.
2217 4215 2427 4272 λΕιηίἰὶἰ
2488 4216 2656 4271 ductu
2704 4221 2869 4285 atque
2913 4214 3196 4284 auspiciis,
3247 4213 3693 4271 defendentibus.

2119 4310 2223 4376 Qui
2256 4324 2380 4363 cum
2416 4307 2470 4361 in
2506 4306 2742 4361 insulam
2780 4306 3084 4369 venissent,
3119 4305 3478 4362 Hannibalem
3503 4307 3698 4363 Gisco-

2125 4402 2211 4458 nis
2249 4401 2421 4455 filium
2464 4398 2746 4470 Agrigenti
2795 4398 3154 4454 obsederunt.
3203 4396 3324 4465 Quo
3368 4398 3697 4471 Carthagine

2117 4493 2329 4557 audito,
2380 4490 2575 4547 Hanno
2608 4505 2735 4546 cum
2787 4504 2980 4561 magna
3020 4505 3187 4545 manu
3220 4490 3427 4545 auxilio
3474 4490 3695 4557 missus,

2122 4586 2419 4650 Heracleae,
2477 4600 2599 4656 quae
2650 4600 2845 4656 parum
2895 4583 3199 4655 Agrigento
3242 4583 3434 4650 distat,
3489 4583 3696 4642 bellum

2118 4679 2289 4749 gessit
2324 4697 2336 4734 :
2368 4694 2432 4733 ac
2465 4678 2638 4733 multa
2666 4692 2973 4749 magnaque
3002 4677 3188 4748 praelia
3219 4686 3348 4734 sunt
3378 4678 3698 4743 commissa,

2121 4770 2363 4841 primum
2390 4768 2656 4824 llannone
2677 4768 2956 4833 consules,
2985 4768 3187 4824 deinde
3213 4768 3538 4824 consulibus
3559 4769 3701 4824 Han-

2121 4878 2321 4919 nonem
2362 4862 2812 4934 provocantibus.
2848 4862 2985 4919 Nam
3029 4861 3160 4918 dum
3211 4860 3443 4918 Romani
3477 4862 3696 4932 copiam

429 4970 606 5008 νοντοο
627 4953 723 5008 καὶ
760 4953 829 5007 τὰ
895 4952 997 5024 μὲν
1047 4952 1243 5024 πρῶτα
1288 4955 1317 5006 ό
1346 4955 1555 5007 Ἄννων
1592 4953 1723 5016 τοὺς
1767 4950 2007 5011 ὑπάτους

2116 4956 2458 5014 cibariorum
2502 4955 2804 5019 habebant,
2837 4970 3069 5011 numero
3105 4954 3339 5012 militum
3376 4955 3696 5018 inferiores,

431 5045 796 5118 προύκαλεῖτο
854 5046 935 5109 είς
976 5045 1236 5114 πόλεμον,
1270 5041 1373 5099 εἷθ’
1412 5043 1640 5116 ὕστερον
1696 5044 1904 5097 ἐκεῖνον
1957 5041 2008 5094 οἱ

442 5140 707 5210 Ῥωμαῖοι
742 5138 1175 5209 προύκέκληντο.
1209 5137 1360 5201 Ἕως
1393 5137 1493 5207 μὲν
1516 5136 1626 5208 γὰρ
1653 5136 1887 5206 ἄφθονον
1933 5130 2012 5188 εἶ-

430 5247 527 5302 χον
555 5229 606 5282 οῖ
651 5229 916 5299 Ῥωμαῖοι
938 5228 1169 5301 τροφὴν,
1202 5229 1306 5282 οὑκ
1354 5228 1604 5299 ἐτόλμων
1641 5226 2011 5299 μαχέσασθαι,

431 5323 511 5387 τῷ
544 5321 742 5393 πλήθει
783 5320 1256 5391 ἐλαττονούμενοι,
1286 5320 1432 5392 λιμῷ
1452 5321 1627 5392 δὲτὴν
1657 5321 1813 5375 πόλιν
1854 5321 2015 5392 αἱρή-

435 5431 549 5469 σειν
581 5412 831 5486 ήλπιξον.
876 5414 1031 5468 Ἐπεὶ
1061 5413 1118 5468 δέ
1152 5413 1304 5467 σίτου
1350 5415 1663 5479 ἐσπάνιζον,
1718 5413 1875 5468 αὑτοὶ
1911 5414 2012 5483 μέν

435 5506 922 5561 άποκινδυνεύσειν
946 5505 1377 5577 προεθυμοῦντο.
1406 5506 1467 5561 '0
1498 5506 1555 5560 δέ
1590 5505 1801 5562 ΙἌννων
1824 5504 2012 5573 ὤκνει,

434 5595 788 5662 ὑποπτεύσας
833 5596 923 5651 διά
982 5597 1083 5669 τὴν
1130 5597 1444 5669 προθυμίαν
1492 5597 2009 5669 ἐνεδρευθήσεσοαι.

432 5689 526 5744 Διὸ
556 5688 614 5743 οῖ
643 5706 705 5743 τε
738 5689 890 5744 ἄλλοι
915 5689 986 5743 τὰ
1012 5687 1124 5744 τῶν
1152 5689 1446 5760 Ῥωμαίων
1472 5689 1799 5760 θεραπεύειν
1826 5690 2015 5760 ἠξίουν

439 5781 515 5847 ὼς
547 5781 733 5853 ἀκμήν
789 5783 1176 5854 νενικηκότων,
1224 5784 1319 5837 καὶ
1371 5785 1400 5837 ό
1440 5783 1621 5855 Ἱέρων
1677 5782 2015 5856 ἀπροθύμως

2117 5067 2354 5122 pugnam
2405 5050 2813 5115 detrectabant,
2848 5064 2909 5106 se
2940 5050 3082 5104 fame
3126 5048 3321 5103 urbem
3355 5054 3697 5117 expugnatu-

2121 5154 2211 5193 ros
2243 5147 2532 5209 sperantes
2578 5155 2593 5192 :
2634 5155 2759 5193 cum
2787 5153 2920 5193 vero
2972 5138 3254 5193 frumento
3300 5133 3707 5199 delicerent,atb

2114 5229 2513 5285 decertandum
2564 5230 2773 5285 alacres
2830 5229 2960 5285 facti
2991 5222 3360 5286 sunt.Ilanno
3413 5242 3543 5280 vero
3589 5241 3694 5295 pu-

2117 5319 2321 5390 gnandi
2354 5320 2572 5390 copiam
2605 5321 2690 5374 eis
2717 5321 2898 5377 facere
2925 5322 3125 5379 noluit.
3156 5320 3370 5374 veritus
3394 5334 3463 5373 ne
3496 5318 3697 5373 alacri-

2118 5420 2231 5467 tate
2276 5412 2366 5467 illa
2398 5411 2452 5466 in
2484 5412 2716 5467 insidias
2749 5412 3128 5483 pellicerctur.
3160 5410 3317 5468 Unde
3351 5409 3555 5466 factum
3586 5419 3694 5469 est.

2117 5513 2179 5559 ut
2207 5513 2262 5560 et
2304 5506 2398 5560 alii
2433 5506 2698 5561 Romanis
2727 5514 2988 5577 tanquam
3016 5503 3321 5559 victoribus
3359 5504 3649 5561 studerent
3677 5520 3701 5556 τ

2114 5604 2172 5652 et
2206 5596 2413 5653 Hieron
2447 5605 2575 5652 ante
2603 5597 2847 5668 segniter
2889 5596 3145 5651 auxiliari
3176 5596 3392 5661 solitus,
3430 5605 3543 5651 tum
3576 5594 3696 5652 fru-

2118 5698 2369 5742 mentum
2419 5686 2796 5751 submitteret,
2836 5687 2985 5743 unde
3016 5686 3247 5743 Romani
3290 5687 3506 5743 animos
3541 5702 3697 5742 rece-

2120 5792 2345 5855 perunt.
2383 5780 2576 5837 Hanno
2624 5795 2847 5852 quoque
2878 5795 3114 5853 pugnam
3145 5780 3495 5838 committere
3538 5777 3701 5836 inStio
