4060 6454
378 345 485 410 663

1646 355 1975 416 JOANNIS
2007 354 2334 416 ZONAR/E

3533 347 3668 415 664,

392 462 522 530 ιυίι,
568 462 733 519 etiam
775 464 1101 523 Annibalem
1133 467 1423 539 eruptione
1457 468 1598 524 facta
1628 469 1904 524 Romanos
1931 484 1960 522 a

2089 470 2248 533 ιύτοῐς
2298 471 2691 540 συναιρόμενος
2742 467 3031 538 πρότερον,
3073 465 3196 520 τότε
3252 466 3401 521 σῖτον
3462 466 3655 531 αὐτοῖς

385 564 544 625 tergo
571 571 843 610 caesurum
875 573 1127 629 sperans.
1157 558 1278 626 Quo
1304 561 1561 615 consules
1586 559 1967 615 animadverso

384 662 510 702 eum
541 647 912 717 quiescerent,
942 659 996 705 et
1028 648 1222 705 Hanno
1252 665 1352 721 per
1385 660 1760 722 contemptum
1795 664 1968 720 usque

386 738 456 793 ad
508 739 711 794 vallum
743 741 1092 807 accessisset,
1143 742 1352 813 aliquot
1383 743 1670 805 miserunt,
1716 743 1810 813 qui
1855 742 1968 797 eia

390 841 545 902 tergo
581 830 1003 887 insidiarentur.
1053 832 1265 903 Illoque
1291 833 1395 889 sub
1438 848 1723 903 vesperam
1773 848 1968 888 secure

389 926 449 971 et
476 918 1010 991 contemptim386
1038 920 1344 977 exercitum
1378 921 1704 987 reducente,
1736 922 1969 977 Romani

391 1018 503 1062 tam
531 1024 599 1063 ex
629 1009 793 1076 vallo,
828 1026 991 1081 quam
1021 1027 1087 1067 ex
1118 1012 1336 1068 insidiis
1380 1029 1506 1069 eum
1536 1014 1798 1084 aggressi,
1829 1014 1972 1068 mul-

401 1108 511 1153 tam
558 1107 615 1153 et
648 1100 934 1155 hominum
974 1111 1032 1157 et
1066 1103 1489 1173 elephantorum
1540 1103 1744 1159 ca-dem
1776 1103 1972 1160 edide-

392 1200 542 1246 runt.
575 1191 793 1248 Interea
843 1194 1078 1250 Annibal
1127 1194 1501 1250 Romanorum
1532 1205 1711 1251 castra
1745 1196 1972 1252 adortus

392 1291 500 1349 est,
546 1282 647 1338 sed
690 1286 947 1356 repulsus
977 1301 1008 1340 a
1040 1286 1384 1342 custodibus.
1423 1286 1618 1342 Hanno
1650 1287 1844 1343 caSIris
1877 1288 1969 1343 de-

396 1374 564 1430 sertis
598 1374 920 1432 Heracleam
967 1377 1237 1449 confugit.
1291 1377 1531 1433 Annibal
1580 1387 1750 1434 noctu
1798 1380 1971 1450 Agri-

392 1476 560 1536 gente
624 1468 976 1540 profugiendi
1037 1479 1201 1540 capto
1258 1469 1515 1535 consilio,
1583 1468 1701 1541 ipse
1750 1470 1971 1540 quidem

392 1555 533 1610 clam
577 1558 754 1613 evasit
788 1576 801 1613 :
834 1560 1017 1615 caateri
1069 1568 1256 1615 autem
1305 1560 1659 1630 deprehensi,
1711 1562 1909 1631 partim
1941 1579 1971 1616 a

390 1645 676 1714 Romanis,
708 1649 864 1703 multi
912 1649 983 1704 ab
1022 1651 1397 1721 Agrigentinis
1426 1658 1557 1704 sunt
1601 1652 1767 1705 occisi
1816 1668 1829 1703 :
1876 1652 1971 1722 qui

394 1744 579 1792 tamen
615 1753 681 1793 ea
723 1754 783 1795 re
814 1740 1032 1795 veniam
1069 1756 1180 1796 non
1216 1742 1602 1812 impetrarunt,
1640 1741 1736 1795 sed
1773 1742 1972 1811 Opibus

2069 559 2336 630 ἐπεμψεν,
2369 559 2444 624 ὥς
2493 577 2554 614 τε
2606 561 2702 613 καὶ
2766 558 2894 622 τοὺς
2955 557 3199 620 ὑπάτους
3248 555 3651 629 ἀναθαρσῆσαι.

2076 651 2287 704 ’Λννων
2314 649 2369 704 δέ
2395 650 2720 721 ἐπεχείρησε
2750 649 2931 720 μάχην
2974 648 3231 718 συνάψαι,
3266 647 3515 714 ἐλπίσας,
3553 647 3656 702 καὶ

2069 745 2162 797 τὸν
2204 742 2454 797 Ἀννίϐαν
2475 744 2540 797 ἐκ
2573 741 2669 797 τοῦ
2710 743 2922 814 τείχους
2948 740 3092 796 κατά
3147 740 3320 794 νὼτου
3343 742 3457 804 τοῖς
3510 740 3656 793 Ῥωσ-

2075 837 2257 908 μαίοις
2284 835 2739 908 προσπεσεῖσθαι.
2783 838 2850 889 Ὃ
2883 835 3151 905 μαθόντες
3175 836 3225 888 οἱ
3258 832 3477 895 ὕπατοι.
3517 831 3659 903 ἡσύ-

2077 929 2263 1001 χαζον,
2291 928 2368 992 ὥς
2388 946 2450 982 τε
2478 928 2571 982 τὸν
2603 929 2850 982 ’Ἀννωνα
2891 927 3390 998 καταφρονήσαντα
3443 924 3521 995 τῷ
3556 943 3660 978 τα-

2071 1021 2352 1093 φρεύματι
2376 1018 2716 1092 προσελθεῖν.
2745 1019 3042 1091 Ἐπεμψαν
3090 1019 3149 1072 δέ
3206 1034 3361 1081 τινας
3417 1017 3656 1069 κατόπιν

2071 1112 2239 1168 αὑτοῦ
2284 1112 2724 1184 ἐνεδρεύσοντας.
2794 1111 3040 1165 Ἐκείνου
3111 1110 3170 1164 δέ
3221 1110 3358 1180 πρὸς
3410 1109 3659 1177 ἑσπέραν

2071 1204 2245 1268 ἀδεῶς
2278 1203 2372 1258 καὶ
2398 1201 2893 1275 καταφρονητικῶς
2939 1201 3334 1269 ἐπανάγοντος,
3376 1201 3440 1254 ἐκ
3467 1217 3527 1253 τε
3554 1201 3659 1268 τῆς

2071 1296 2295 1367 ἐνέδρας
2332 1295 2428 1349 καὶ
2466 1295 2562 1349 τοῦ
2618 1293 3026 1366 χαρακώματος
3091 1292 3240 1362 αὐτῷ
3289 1293 3339 1346 oi
3395 1293 3665 1362 Ῥωμαίοι

2072 1386 2392 1458 συνέμιξαν,
2424 1388 2521 1440 καλ⁸
2572 1388 2736 1457 φόνον
2803 1384 2974 1440 πολὺν
3007 1384 3102 1439 καὶ
3157 1384 3341 1439 αὐτῶν
3402 1384 3498 1439 καὶ
3543 1383 3660 1437 τῶν

2072 1479 2381 1548 ἐλεφάντων
2419 1478 2773 1549 εἰργάσαντο.
2806 1478 2867 1531 Ὀ
2901 1476 2947 1531 δ’
2967 1475 3221 1536 Ἀννίϐας
3247 1476 3306 1531 ἐν
3341 1475 3516 1546 τούτῳ
3535 1475 3660 1537 ταῖς

2074 1571 2301 1641 σκηναῖς
2352 1569 2461 1621 τῶν
2498 1567 2787 1639 Ῥωμαίων
2840 1567 3107 1633 ἐπελθὼν,
3160 1566 3494 1637 ἐξεκρούσθη
3554 1566 3661 1623 ὑπ’)

2071 1662 2181 1714 τῶν
2211 1660 2591 1729 φυλαττόντων
2618 1659 2808 1723 αὑτάς.
2842 1658 2901 1712 '0
2926 1659 2972 1712 δ’
3000 1660 3209 1712 Ἄννων
3238 1661 3317 1722 εἰς
3348 1657 3448 1730 τήν
3492 1658 3666 1727 ’Πράο

2079 1753 2268 1805 κλειαν
2304 1752 2603 1820 κατέφυγε,
2647 1751 2708 1804 τδ
2740 1750 3108 1820 στρατόπεδον
3150 1748 3411 1812 ἐκλιπὼν,
3481 1752 3575 1802 καὶ
3622 1751 3652 1802 ὁ

391 1824 626 1897 direptis
658 1842 849 1885 omnes
884 1830 1209 1885 vaenierunt.
1260 1830 1530 1887 Consules
1583 1830 1886 1886 Messanam
1919 1833 1975 1887 in

2096 1842 2347 1906 Ἀννίϐας
2377 1843 2569 1905 νυκτὸς
2599 1841 2859 1912 ἐκδράναι
2888 1840 2986 1894 τοῦ
3035 1841 3409 1907 Ἀκράγαντος
3445 1839 3663 1907 βουλευ-

393 1918 630 1975 hiberna
689 1931 1105 1977 concesserunt.
1169 1921 1654 1993 Carthaginienses
1721 1924 1974 1980 IIannoni

395 2009 547 2075 irati,
574 2009 904 2066 Amilcarem
926 2011 1260 2067 Barchinum
1284 2027 1660 2071 successorem
1683 2015 1974 2077 dederunt.

397 2102 816 2187 imperatorem,
863 2105 1134 2160 Annibale
1175 2104 1290 2161 filio
1326 2116 1581 2179 excepto,
1657 2109 1803 2165 inter
1846 2123 1976 2164 suos

395 2195 915 2263 praestantissimum
943 2213 958 2250 τ
984 2197 1076 2266 qui
1106 2212 1233 2253 cum
1270 2197 1516 2254 Siciliam
1549 2200 1665 2271 ipse
1700 2208 1972 2267 tueretur,

395 2281 729 2338 Annibalem
758 2284 920 2340 classi
953 2284 1270 2354 pra-fectum
1301 2286 1356 2341 in
1388 2286 1629 2352 Italiam,
1662 2304 1772 2344 orae
1801 2289 1976 2345 mari-

400 2374 552 2428 tima:
578 2372 903 2431 infestanda:
925 2390 1094 2433 causa
1126 2375 1301 2444 misit,
1332 2389 1393 2434 ut
1422 2379 1678 2435 consules
1707 2381 1774 2436 ad
1807 2394 1867 2435 se
1892 2395 1979 2437 re-

401 2466 677 2523 traheret.
712 2467 821 2524 Sed
856 2468 1050 2525 fefellit
1093 2484 1223 2525 eum
1258 2470 1470 2542 opinio.
1513 2471 1649 2527 Nam
1708 2472 1978 2543 prasidiis

402 2557 608 2628 ubique
636 2558 691 2613 in
725 2561 862 2615 mari
894 2560 1197 2629 collocatis,
1234 2563 1289 2618 in
1330 2563 1574 2619 Siciliam
1611 2564 1862 2634 profecti,
1894 2566 1983 2621 ni-

402 2650 479 2704 hil
511 2651 871 2707 memorabile
899 2661 1209 2724 gesserunt.
1253 2653 1495 2710 Amilcar
1528 2670 1682 2723 vero,
1728 2664 1981 2712 metuens

399 2756 471 2796 ne
507 2739 647 2796 Galli
697 2743 1035 2805 milites..ub
1077 2743 1356 2815 stipendia
1386 2762 1495 2801 non
1531 2746 1744 2817 integra
1783 2762 1981 2804 muneo

404 2841 523 2887 rata
565 2833 937 2905 indignantes.
985 2851 1111 2891 cum
1144 2835 1408 2893 Romanis
1453 2852 1513 2894 se
1558 2839 1977 2909 coniungerent,

401 2925 469 2979 ad
519 2925 813 2995 quamdam
860 2927 1163 2983 Romanam
1230 2929 1425 2986 urbem
1474 2945 1571 2999 per
1610 2930 1979 3000 proditionem

402 3015 616 3072 scilicet
640 3018 1020 3088 occupandam
1045 3028 1101 3074 et
1128 3019 1495 3089 diripiendam
1521 3034 1619 3075 eos
1646 3019 1796 3075 misit
1825 3021 1982 3076 :sub-

403 3110 616 3165 ornatis
685 3110 1003 3181 transfugis,
1062 3112 1158 3181 qui
1197 3112 1523 3167 consulibus
1560 3110 1841 3166 Gallorum
1880 3113 1980 3167 ad-

406 3212 638 3256 ventum
681 3202 1027 3257 nuntiarent.
1070 3203 1148 3257 Ita
1181 3203 1258 3258 illi
1297 3220 1494 3260 omnes
1524 3203 1742 3258 insidiis
1773 3205 1988 3274 excepti

410 3293 701 3362 perierunt
735 3309 747 3345 :
784 3292 879 3349 sed
903 3302 960 3350 et
992 3294 1365 3350 Romanorum
1392 3296 1547 3350 multi
1586 3295 1990 3352 occubuerunt.

409 3384 749 3440 Consulibus
784 3384 1009 3440 domum
1048 3386 1312 3452 reversis;
1350 3385 1594 3441 Amilcar
1623 3388 1786 3442 etiam
1820 3386 1992 3442 Italiae

407 3490 562 3529 oram
587 3475 759 3531 classe
785 3476 1042 3545 vastavit;
1069 3486 1127 3532 et
1152 3476 1425 3547 quasdam
1454 3477 1656 3534 Siciliae
1686 3479 1851 3533 urbes
1868 3478 1993 3532 sub-

408 3570 540 3639 egit.
604 3573 725 3635 Quo
757 3570 992 3625 Romani
1038 3569 1251 3633 audito,
1295 3571 1528 3628 classem
1582 3571 1991 3635 instruxerunt,

412 3661 503 3712 eui
556 3661 847 3714 consulum
878 3660 1021 3715 alter
1052 3660 1258 3717 Cneius
1288 3662 1524 3718 Duillius
1565 3674 1650 3716 est
1680 3661 1993 3732 praefectus,

410 3752 618 3823 collega
646 3752 766 3824 ejus
796 3752 1001 3808 Cneius
1033 3751 1324 3810 Cornelius
1360 3753 1415 3808 in
1457 3753 1702 3809 Siciliam
1744 3753 1946 3810 missus
1977 3769 1993 3810 :

389 3844 505 3916 'qui
538 3861 664 3901 cum
697 3846 844 3902 bello
875 3846 1147 3913 terrestri,
1178 3846 1325 3917 quod
1355 3845 1673 3902 mandatum
1705 3846 1758 3900 ei
1790 3846 1990 3910 fuerat,

415 3940 697 4008 neglecto,
733 3938 971 3994 navibus
1006 3952 1144 4010 quas
1178 3937 1437 4004 habebat,
1470 3935 1709 4007 Lipara,‘
1741 3951 1839 4005 spe
1870 3950 1993 4005 pro-

412 4033 643 4089 ditionis
680 4032 810 4089 dolo
840 4031 1590 4105 Carthaginiensium-facta,
1614 4033 1940 4105 appulisset,
1966 4049 1996 4087 a

416 4125 567 4181 Bode
597 4126 888 4181 Annibalis
916 4126 1096 4200 legato
1138 4136 1227 4184 est
1272 4128 1705 4184 circumventus.
1734 4126 1872 4183 Cum
1901 4141 1999 4181 au-

412 4227 524 4270 tem
571 4216 637 4272 ad
681 4216 1061 4274 defensionem
1110 4233 1170 4274 se
1211 4230 1450 4289 pararet,
1486 4217 1578 4273 ille
1617 4217 1992 4272 Romanorum

415 4310 701 4366 audaciam
739 4311 972 4378 veritus,
1007 4325 1106 4367 eos
1132 4310 1202 4366 ad
1231 4311 1383 4382 pacis
1408 4310 1759 4366 conditiones
1800 4324 1999 4381 provo-

415 4404 584 4457 cavit.
635 4401 887 4474 Cumque
926 4403 1139 4459 consuli
1179 4409 1238 4459 et
1279 4402 1520 4459 tribunis
1574 4402 1811 4455 militum
1866 4416 1997 4469 per-

2086 1934 2341 2002 σάμενος,
2391 1931 2551 1994 αὐτὸς
2580 1932 2677 2000 μὲν
2700 1930 2911 1984 ἐλαθενο
2955 1933 3005 1985 oi
3035 1932 3079 1985 δ’
3111 1933 3259 1985 ἄλλοι
3298 1928 3659 1998 γνωσθέντες,

2082 2024 2129 2076 οἱ
2165 2022 2262 2092 μὲν
2291 2023 2398 2075 ὑπὸ
2428 2021 2537 2075 τῶν
2580 2022 2889 2093 Ῥωμαίων,
2925 2023 3112 2093 συχνοὶ
3149 2022 3206 2076 δὲ
3264 2022 3360 2075 καὶ
3411 2020 3517 2074 ὑπὸ
3548 2020 3661 2074 τῶν

2094 2112 2544 2184 Ἀκραγαντίνων
2574 2112 2939 2183 ἐκτάνθησαν.
2968 2113 3042 2165 Οὐ
3089 2112 3273 2182 μέντοι
3326 2107 3662 2178 συγγνώμης

2084 2206 2277 2275 ἔτυχον
2306 2206 2356 2258 oi
2384 2206 2826 2275 Ἀκραγαντῖνοι,
2851 2203 2987 2257 ἀλλά
3005 2204 3101 2257 καλ⁵
3127 2203 3195 2255 τὰ
3219 2202 3480 2272 χρήματα
3508 2198 3664 2268 σφῶν

2085 2294 2530 2366 διηρπάσθησαν,
2557 2295 2649 2347 καὶ
2676 2293 2831 2348 αὐτοὶ
2859 2293 3183 2363 ἐπράθησαν
3226 2292 3488 2351 ἅπαντες.
3553 2288 3664 2342 Καὶ

2086 2389 2135 2441 ei
2164 2390 2264 2458 μὲν
2296 2387 2494 2441 ὕπατοι
2532 2387 2670 2455 πρὸς
2690 2386 2787 2457 τὴν
2820 2386 3081 2455 Μεσήνην
3115 2385 3205 2439 διὰ
3254 2382 3365 2436 τῶν
3411 2382 3660 2453 χειμῶνα

2084 2476 2467 2549 ἀνεχώρησαν.
2524 2476 2840 2548 Ὠργίζοντο
2888 2474 2937 2530 δ’
2990 2477 3042 2529 oi
3111 2474 3472 2545 Καρχηδόνιοι
3521 2472 3662 2525 κατά

2092 2571 2388 2636 Ἄννωνος,
2413 2569 2509 2624 καὶ
2556 2568 2827 2637 Ἀμίλκαν
2856 2567 2973 2621 ἀντ’
3031 2564 3198 2620 αὐτοῦ
3238 2565 3329 2619 τὸν
3391 2562 3665 2634 Βαρχίδην

2086 2661 2436 2723 ἀπέστειλαν,
2470 2659 2643 2731 ἄνδρα
2671 2657 2783 2712 τῶν
2806 2656 3118 2727 ὁμοφύλων,
3145 2654 3284 2725 πλὴν
3312 2653 3404 2706 τοῦ
3446 2651 3668 2705 Ἀννίϐα

2085 2752 2180 2808 τοῦ
2212 2752 2377 2818 υἱέος,
2419 2753 2476 2805 ἐν
2506 2748 2812 2821 στρατηγίᾳ
2843 2748 3149 2817 κρείττονα·
3208 2746 3304 2800 καὶ
3351 2743 3515 2807 αὐτὸς
3566 2742 3669 2813 μὲν

2087 2844 2186 2914 τὴν
2231 2842 2484 2898 Σικελίαν
2514 2840 2835 2911 ἐφύλαττεν·
2886 2838 3138 2891 Ἀννίϐαν
3168 2836 3225 2891 δέ
3284 2832 3667 2904 ναυαρχοῦντα

2087 2936 2147 2998 ἐς
2169 2935 2405 2988 Ἰταλίαν
2446 2931 2683 3002 έπεμψε,
2715 2932 2787 2985 τὰ
2835 2928 3081 2998 παράλια
3135 2926 3305 2995 αὐτῆς
3347 2924 3667 2995 κακουργή-

2090 3044 2274 3093 σοντα,
2309 3028 2397 3079 ἵνα
2418 3026 2545 3089 τοὺς
2573 3024 2812 3084 ὑπάτους
2846 3022 2982 3094 πρὸς
3030 3019 3222 3074 ἐαυτὸν
3270 3018 3668 3089 ἐπισπάσηται.

2104 3115 2248 3169 Ἀλλ’
2284 3116 2384 3169 οὐκ
2425 3114 2586 3185 ἔτυχε
2629 3112 2726 3166 τοῦ
2774 3110 3001 3167 σκοποῦ.
3049 3110 3511 3180 Καταστήσαντες
3558 3106 3671 3177 γὰρ

2092 3208 2290 3260 ἐκείνοι
2317 3205 2558 3277 φρουράς
2592 3201 2922 3274 ἑκασταχόθι
2948 3202 3048 3272 τῆς
3076 3200 3370 3272 παραλίας,
3406 3200 3485 3261 είς
3515 3198 3672 3251 Σικε-

2093 3297 2216 3351 λίαν
2238 3292 2426 3368 mw,
2457 3295 2612 3350 οὐδὲν
2639 3295 2697 3349 δὲ
2722 3295 2943 3365 μνήμης
3002 3290 3246 3364 ἔπραξαν
3296 3290 3466 3355 ἀξιον,
3505 3288 3564 3343 '0
3611 3287 3670 3341 δέ

2106 3387 2369 3458 Ἀμίλκας
2400 3388 2525 3451 τοὺς
2554 3385 2802 3450 Γαλάτας
2840 3386 2968 3448 τοὺς
3015 3383 3400 3455 μισθοφόρους,
3445 3383 3527 3435 ὅτι
3560 3378 3665 3451 μὴ

2093 3481 2285 3552 ἐντελῆ
2348 3480 2585 3535 δέδωκεν
2612 3479 2803 3542 αὐτοῖς
2847 3477 2941 3532 τὸν
2993 3476 3205 3547 μισθὸν,
3250 3473 3673 3545 ἀγανακτήσειν·

2094 3593 2219 3640 τας,
2282 3574 2542 3644 φοϐηθεὶς
2583 3572 2661 3644 μὴ
2727 3571 3165 3643 προσχωρήσωσι
3224 3567 3669 3636 τοῖςῬωμαίοις,

2092 3665 2390 3737 διέφθειρε,
2425 3664 2651 3735 πέμψας
2680 3663 2879 3726 αὐτοὺς
2918 3661 2998 3725 εἷς
3049 3679 3173 3715 τινα
3201 3660 3312 3715 τῶν
3365 3658 3469 3713 ὑπὸ
3521 3658 3673 3710 Ῥω·

2098 3758 2294 3829 μαίους
2328 3756 2484 3810 πόλιν
2520 3752 3017 3826 παραληψομένους
3050 3752 3240 3823 αὐτὴν,
3267 3752 3343 3815 ὡς
3370 3750 3512 3820 τάχα
3538 3764 3675 3817 προσ

2093 3849 2399 3919 διδομένην,
2437 3849 2532 3903 καὶ
2559 3847 2862 3918 διαρπάσαι
2895 3845 3066 3915 αὐτὴν
3094 3843 3417 3915 ἐπιτρέψας.
3449 3841 3673 3901 Στείλας

2094 3942 2151 3996 δέ
2185 3941 2323 4012 πρὸς
2344 3940 2471 4004 τοὺς
2502 3939 2743 4001 ὑπάτους
2773 3935 3267 4007 ψευδαυτομόλους,
3299 3934 3396 4006 τὴν
3430 3934 3539 3987 τῶν
3569 3933 3675 3985 Γα-

2096 4035 2274 4089 λατῶν
2304 4031 2725 4105 προμηνύοντας
2751 4029 2983 4083 ἔλευσινο
3020 4028 3146 4082 ὅθεν
3186 4029 3237 4080 οἱ
3282 4026 3518 4090 Γαλάται
3573 4024 3672 4094 μὲν

2098 4127 2302 4190 πάντες
2334 4123 2742 4195 ἐνεδρευθέντες
2766 4122 3110 4194 ἐφθάρησαν,
3137 4120 3321 4173 πολλοὶ
3352 4119 3411 4172 δέ
3445 4118 3537 4171 καὶ
3564 4115 3675 4168 τῶν

2108 4216 2403 4287 Ῥωμαίων
2433 4216 2731 4271 ἀπέθανον.
2778 4215 3152 4269 Ἀπελθόντων
3188 4212 3245 4266 δέ
3294 4210 3401 4264 τῶν
3452 4208 3672 4262 ὑπάτων

2097 4309 2302 4375 οἴκαδε,
2330 4312 2359 4363 ό
2389 4307 2657 4379 Ἀμίλκας
2694 4307 2789 4361 καὶ
2815 4307 2916 4379 τὴν
2950 4305 3185 4360 Ἰταλίαν
3227 4301 3471 4373 ἐπόρθει,
3504 4314 3674 4371 προσ-

2102 4401 2303 4465 πλέων,
2340 4399 2434 4453 καὶ
2495 4400 2555 4451 ἐν
2583 4399 2649 4469 τῇ
2688 4396 2910 4466 Σικελίᾳ
2935 4396 3123 4460 πόλεις
3152 4393 3304 4457 τινὰς
3334 4390 3671 4459 ὑπηγάγετο.

416 4492 702 4561 suasisset,
740 4502 801 4548 ut
837 4495 1010 4564 ipsius
1055 4493 1339 4550 triremem
1383 4492 1844 4560 conscenderent,
1886 4507 1984 4561 quc

2103 4489 2402 4560 Πυθόμενοι
2442 4486 2499 4539 δὲ
2529 4486 2703 4541 ταῦτα
2727 4487 2777 4540 oi
2822 4485 3098 4557 Ῥωμαῖοι,
3130 4483 3383 4539 ναυτικὸν
3415 4477 3677 4546 συνεστή-

416 4600 544 4657 cum
597 4585 858 4655 praefecto
896 4586 1094 4642 classis
1126 4585 1603 4656 colloquerentur,
1639 4599 1734 4639 eos
1770 4582 1984 4638 Cartha-

2107 4599 2289 4649 σαντο,
2320 4583 2415 4636 καὶ
2443 4582 2607 4636 Γαῖον
2636 4580 2784 4650 αὐτῷ
2810 4581 3052 4635 Δουῖλιον
3069 4580 3162 4632 τὸν
3179 4579 3265 4631 ἒτε
3277 4593 3366 4648 ρον
3390 4573 3499 4627 τῶν
3531 4570 3677 4625 ὑπά-

415 4679 601 4743 ginem
631 4678 807 4743 misit,
836 4688 1068 4734 caeteros
1100 4693 1212 4733 non
1240 4686 1612 4748 repugnantes
1641 4675 1807 4745 cepit.

2107 4690 2216 4726 των
2250 4672 2583 4742 ἐπέστησαν,
2610 4672 2701 4725 τὸν
2726 4671 2785 4725 δέ
2826 4672 3017 4726 τούτου
3072 4670 3412 4741 συνάρχοντα
3458 4662 3678 4734 Κορνήο

416 4770 530 4821 λιο)
564 4770 724 4822 Γάϊον
788 4771 871 4834 είς
929 4770 1183 4825 Σικελίαν
1256 4768 1531 4839 ἔπεμψαν,
1560 4768 1620 4833 ὃς
1674 4767 1818 4821 κατὰ
1855 4768 1959 4835 γῆν
2003 4765 2245 4834 πολέμου
2305 4764 2367 4819 ὃν
2416 4764 2766 4836 ἐκεκλήρωτο
2816 4763 3120 4834 ἀμελήσας,
3172 4765 3293 4825 ταῖς
3344 4758 3676 4831 προσούσαις

415 4859 568 4927 αὐτῷ
596 4861 787 4913 ναυσὶν
820 4861 878 4925 ἐς
907 4860 1161 4932 Λιπάραν
1190 4859 1475 4927 ἔπλευσεν,
1502 4858 1579 4924 ὡς
1636 4858 2030 4928 προδιδομένην
2068 4856 2242 4927 αὐτῷ,
2307 4854 2466 4925 τοῦτο
2493 4856 2538 4909 δ’
2568 4856 2635 4910 ἐκ
2661 4855 2814 4909 δόλου
2856 4855 2966 4909 τῶν
2993 4854 3383 4925 Καρχηδονίων
3441 4849 3674 4919 ἐγένετο.

426 4954 519 5017 Ὠς
555 4950 649 5008 οὖν
679 4953 737 5016 ἐς
763 4951 864 5023 τὴν
884 4952 1136 5024 Λιπάραν
1166 4950 1582 5022 καθωρμίσατο,
1631 4948 1802 5022 Βόδης
1868 4950 2032 5003 αὐτὸν
2073 4949 2102 5003 ό
2130 4947 2226 5001 τοῦ
2279 4946 2525 5002 Ἀννίϐου
2576 4947 3010 5018 περιεστοίχισεν
3058 4946 3493 5015 ὑποστράτηγος.
3565 4943 3679 4996 Πα-

418 5046 899 5117 ρασκευαζομένου
929 5045 986 5099 δέ
1006 5044 1103 5099 τοῦ
1133 5044 1300 5100 Γαΐου
1332 5045 1475 5117 πρὸς
1531 5045 1771 5117 ἄμυναν,
1818 5043 2004 5107 δείσας
2042 5044 2252 5108 ἐκεῖνος
2291 5044 2393 5113 τὴν
2451 5041 2711 5097 ἀπόνοιαν
2753 5040 2955 5105 αὐτῶν,
3013 5038 3414 5111 προεκαλέσατο
3482 5037 3680 5100 αὐτοὺς

419 5137 503 5200 είς
534 5136 788 5201 σπονδάς⁹
835 5138 932 5189 καὶ
970 5137 1171 5201 πείσας
1208 5137 1538 5192 ἀνεϐίϐασεν
1568 5139 1649 5202 είς
1719 5137 1821 5207 τὴν
1875 5133 2074 5189 ἑαυτοῦ
2113 5136 2316 5207 τριήρη
2352 5135 2443 5190 τόν
2471 5151 2533 5188 τε
2553 5133 2760 5190 ὕπατον
2803 5134 2898 5187 καὶ
2948 5131 3073 5195 τοὺς
3111 5130 3448 5201 χιλιάρχους,
3483 5129 3560 5192 ὡς
3604 5128 3683 5200 τῷ

419 5232 677 5304 ναυάρχῳ
699 5230 1139 5303 ἐντευξομένους.
1168 5231 1279 5285 Καὶ
1319 5230 1544 5295 τούτους
1586 5229 1686 5300 μὲν
1742 5231 1824 5294 εἰς
1878 5227 2204 5299 Καρχηδόνα
2270 5226 2631 5299 ἀπέπεμψαν,
2684 5226 2813 5290 τοὺς
2868 5224 2927 5279 δὲ
2956 5222 3179 5286 λοιποὺς
3217 5222 3343 5276 οὐδὲ
3372 5223 3684 5293 ἀραμένους

418 5329 491 5383 τὰ
515 5329 655 5384 ὅπλα
675 5323 840 5383 εἷλον.
1056 5332 1059 5337 ’

493 5422 677 5493 387.
733 5420 827 5478 XI.
890 5420 1126 5477 Annibal
1191 5418 1392 5476 deinde
1445 5417 1656 5473 Italiam
1713 5416 1997 5473 vastavit:
2076 5452 2091 5459 -

421 5512 663 5568 Amilcar
684 5511 963 5584 Segestani
990 5513 1166 5581 petiit,
1200 5511 1293 5566 ubi
1337 5509 1572 5564 maxima
1602 5523 1728 5579 pars
1770 5509 2002 5563 Romani

418 5605 698 5677 peditatus
723 5613 840 5661 erat
864 5623 878 5659 :
903 5603 1040 5661 etC.
1067 5604 1289 5660 Caecilio
1318 5604 1539 5659 tribuno
1577 5602 1809 5657 militum
1840 5616 2001 5671 opem

418 5695 533 5751 illis
566 5696 708 5751 ferre
742 5697 970 5764 volenti,
1014 5712 1113 5766 per
1144 5696 1369 5752 insidias
1397 5696 1597 5750 multos
1625 5694 1825 5749 milites
1854 5692 2003 5750 occis

424 5784 525 5841 dit.
571 5785 669 5844 Ilis
712 5786 938 5846 Romani
977 5787 1233 5862 cognitis,
1284 5788 1601 5859 praefectum
1639 5787 1791 5846 urbis
1820 5784 2005 5846 statim

2180 5418 2283 5471 ΙΝ.
2335 5409 2472 5470 Εἶτα
2514 5411 2763 5473 Ἀννίϐας
2813 5409 2913 5479 μὲν
2982 5405 3082 5476 τὴν
3148 5405 3381 5459 Ἰταλιαν
3438 5404 3683 5471 ἐπόρθει.

2123 5507 2385 5579 Ἀμίλκας
2443 5504 2503 5558 δὲ
2561 5506 2639 5567 εἰς
2683 5502 2955 5571 Ἔγεσταν
3012 5498 3397 5568 ἐστράτευσεν,
3446 5490 3573 5569 ἐνῇ
3624 5497 3688 5549 τὸ

2117 5601 2374 5654 πλεῖστον
2408 5596 2497 5649 τοῦ
2527 5593 2696 5659 πεζοῦ
2727 5596 2839 5656 τοῖς
2880 5590 3178 5662 Ῥωμαίοις
3209 5585 3299 5659 ἦν,
3357 5581 3438 5650 οἷς
3460 5590 3685 5641 ἐπικου-

2125 5690 2293 5761 ρῆσαι
2329 5686 2491 5740 Γάϊον
2516 5683 2801 5738 Καικίλιον
2828 5680 3112 5751 χιλίαρχον
3140 5678 3474 5749 ἐθελήσαντα
3523 5675 3688 5746 λοχή-

2123 5796 2243 5850 σας,
2272 5777 2503 5842 πολλοὺς
2540 5774 2801 5846 ἐφόνευσε
2830 5772 2941 5831 τῶν
2969 5769 3158 5829 αὑτοῦ.
3190 5768 3376 5824 Ταῦτα
3395 5767 3452 5821 δέ
3487 5765 3691 5837 μαθόν-
