4060 6424
406 370 515 434 665

1666 369 2075 432 ANNALIUM
2121 370 2264 430 LIB.
2300 369 2470 433 V'lll.

3556 364 3666 428 666

405 503 497 550 τες
519 486 570 539 οἰ
601 488 659 540 ἐν
687 485 755 555 τῇ
802 484 1016 555 Ῥώμῃ,
1048 481 1140 536 τδν
1201 481 1301 555 μὲν
1339 481 1646 554 ἀστυνόμον
1694 482 1859 546 εὐθὺς
1896 481 1986 547 ἐξ·

2111 482 2428 552 iblegarunt,
2472 490 2529 538 et
2572 479 2833 537 Duillium
2884 488 3160 535 maturare
3201 480 3504 550 jusserunt.
3554 474 3665 544 Qui

409 576 688 649 ἔπεμψαν,
716 576 813 630 καὶ
837 576 930 630 τὸν
956 573 1199 628 Δουῖλιον
1225 574 1596 633 ἐπέσπευσαν.
1633 576 1692 630 '0
1720 574 1779 629 δὲ
1801 577 1857 638 ἐς
1886 576 1984 643 τὴν

407 678 659 733 Σικελίαν
693 676 884 742 ἐλθὼν,
912 676 1009 730 καὶ
1041 673 1381 747 καταμαθὼν
1410 671 1511 734 τὰς
1540 667 1672 731 ναῦς
1702 665 1811 719 τῶν
1836 667 1987 735 Καρ-

410 765 673 836 χηδονίων
698 768 766 838 τῇ
800 765 899 836 μὲν
930 765 1203 836 παχύτητι
1242 762 1337 818 καί
1359 761 1438 833 τῷ
1464 756 1684 829 μεγέθει
1708 755 1817 809 τῶν
1837 753 1990 821 σφῶν

412 858 835 929 ἐλαττουμένας,
864 857 941 928 τῷ
969 860 1125 928 τάχει
1154 856 1211 909 δὲ
1248 856 1347 923 τῆς
1379 851 1627 923 εἰρεσίας
1655 847 1749 901 καὶ
1772 848 1837 918 τῇ
1868 862 1989 898 ποι-

412 948 564 1018 κιλίᾳ
594 945 688 999 τοῦ
717 943 852 999 πλοῦ
883 944 1247 1016 προεχούσας,
1279 940 1527 1014 μηχανὰς
1562 938 1654 991 ἐπὶ
1696 935 1802 989 τῶν
1831 934 1988 1004 τριή-

415 1054 545 1112 ρων,
583 1036 831 1108 ἀγκύρας
860 1052 918 1088 τε
946 1037 1272 1112 καξγχείρας
1335 1030 1693 1102 περικόντους
1742 1026 1987 1097 σιδηρᾶς,

414 1133 510 1184 καὶ
544 1126 928 1184 ἄλλατοιαῦτα
970 1108 1398 1189 κατεσκεύασεν,
1450 1123 1600 1184 ὅπως
1649 1122 1769 1182 ταῖς
1828 1119 1991 1171 πολε-

418 1222 570 1292 μίαις
583 1221 779 1273 ναυσὶν
796 1222 886 1272 ἐπι
893 1218 1254 1292 ρριπτοῦντες
1279 1214 1420 1271 αὐτὰ
1437 1216 1793 1268 συνάπτοιντο
1813 1209 1985 1279 σφίσι,

415 1316 513 1371 καὶ
548 1315 972 1387 μεταϐαίνοντες
1004 1317 1085 1379 εἰς
1115 1313 1308 1378 αὐτὰς,
1347 1313 1427 1375 εἰς
1461 1313 1650 1382 χεῖρας
1690 1310 1822 1363 ίοιεν
1875 1308 1990 1369 τοῖς

414 1408 832 1479 Καρχηδονίοις,
867 1408 961 1461 καὶ
991 1406 1064 1470 ώς
1103 1408 1162 1459 ἐν
1197 1404 1337 1475 πεζῇ
1384 1404 1535 1475 μάχῃ
1598 1401 1809 1463 τούτοις
1866 1400 1994 1471 συρ-

418 1503 738 1572 ῥήγνυνται.
774 1498 1156 1571 Συμμίξαντες
1203 1497 1297 1552 οὖν
1339 1497 1391 1550 οἱ
1453 1493 1819 1566 Καρχηδόνιοι
1870 1494 1993 1554 ταῖς

416 1593 525 1646 τῶν
568 1591 858 1663 Ῥωμαίων
905 1591 1092 1657 ναυσὶ,
1141 1588 1469 1661 περιέπλεον
1531 1588 1696 1657 σφᾶς,
1757 1582 1995 1653 συντόνῳ

416 1688 694 1757 χρώμενοι
723 1684 959 1756 εἰρεσίᾳ,
999 1685 1094 1736 καὶ
1128 1684 1192 1736 ἐκ
1222 1681 1315 1736 τοῦ
1363 1678 1634 1749 αἰφνιδίου
1685 1674 1995 1749 προσέϐαλ-

2086 592 2213 632 cum
2258 576 2313 631 in
2361 575 2605 631 Siciliam
2632 574 2896 637 venisset,
2931 588 3205 643 navesque
3245 570 3664 641 Carthaginien-

2087 666 2229 722 sium
2263 662 2627 721 crassitudine
2655 674 2713 721 et
2742 663 3117 734 magnitudine
3144 661 3407 717 Romanis
3438 660 3666 719 inferio-

2086 776 2198 824 res,
2251 758 2345 813 sed
2374 758 2658 812 celeritate
2704 755 2942 825 remigii,
2977 764 3032 809 et
3062 752 3357 823 navigandi
3392 752 3661 806 varii-tate

2087 852 2405 922 superiores
2439 864 2560 905 esse
2594 848 2822 903 vidisset
2864 865 2879 903 :
2921 847 3205 901 machinas
3236 845 3520 913 quasdam,
3564 857 3659 896 an.

2089 958 2272 1007 coras,
2293 957 2488 996 manus
2512 938 2721 995 ferreas
2746 938 2924 1008 longis
2947 939 3125 992 contis
3150 936 3420 1005 praefixas,
3448 934 3664 1001 aliaque

2089 1035 2206 1105 ejus
2235 1033 2455 1104 generis
2487 1031 2797 1095 fabricavit,
2819 1030 3022 1099 quibus
3051 1029 3275 1082 hostiles
3299 1042 3465 1081 naves
3492 1036 3666 1079 attra-

2091 1126 2359 1179 hercntur
2396 1142 2411 1178 :
2449 1138 2514 1178 ac
2547 1122 2782 1178 transitu
2819 1121 2872 1174 in
2896 1121 3017 1173 illas
3042 1120 3205 1184 facto,
3242 1119 3326 1172 sui
3354 1133 3479 1171 cum
3513 1116 3661 1172 Car-

2093 1215 2550 1287 tliaginiensibus.
2591 1213 2760 1268 veluti
2799 1213 2853 1266 in
2892 1211 3133 1265 terrestri
3172 1225 3372 1278 pugna,
3413 1209 3667 1262 cominus

2091 1309 2436 1363 dimicarent.
2482 1305 2970 1375 Carthaginienses
3003 1317 3127 1357 cum
3184 1303 3459 1355 [tertianas
3502 1313 3669 1353 naves

2093 1400 2285 1454 crebra
2308 1398 2664 1467 remigatione
2687 1396 3079 1455 circumdatas,
3103 1393 3288 1447 subito
3313 1393 3665 1459 invarissent,

2092 1490 2412 1561 aliquandiu
2441 1504 2598 1558 aequo
2626 1500 2799 1545 marte
2830 1497 3100 1544 certatum
3128 1493 3213 1539 est
3249 1500 3263 1539 :
3300 1483 3502 1538 deinde
3534 1498 3670 1537 vero

2096 1582 2329 1637 Romani
2405 1583 2721 1652 superiores
2794 1580 2944 1641 farti,
3002 1579 3210 1632 multos
3266 1576 3668 1636 demerserunt.

2097 1673 2299 1728 multos
2326 1682 2614 1743 ceperunt.
2653 1672 2884 1728 Annibal
2909 1669 3211 1738 septiremi,
3245 1668 3299 1721 in
3325 1684 3429 1737 qua
3459 1682 3669 1736 pugna-

415 1781 530 1833 λον.
560 1779 769 1849 Χρόνον
803 1778 902 1848 μὲν
934 1776 1027 1831 οὖν
1057 1792 1185 1830 τινα
1211 1773 1532 1843 ἰσοπαλὴςή
1562 1768 1849 1840 ναυμαχία
1884 1766 1997 1837 ὲγί-

2111 1768 2212 1830 bat,
2238 1782 2362 1821 eum
2405 1766 2615 1819 triremi
2645 1764 2958 1828 commissa,
3002 1761 3215 1817 veritus
3250 1775 3319 1813 ne
3350 1766 3668 1827 caperetur,

416 1889 561 1925 νετο.
595 1828 711 1926 ἐπ’
749 1828 826 1924 οἰΓ
861 1828 1124 1940 Ῥωμαῖοι
1154 1828 1630 1935 ἐπικρατέστεροι
1676 1828 1988 1931 ’γεγονότέῆ

2121 1876 2151 1913 n
2170 1859 2332 1914 aliam
2350 1859 2531 1913 navim
2559 1859 2701 1913 saltu
2731 1857 2898 1922 facto,
2913 1855 3106 1912 evasit.
3130 1853 3245 1908 Hoc
3266 1853 3477 1907 navalis
3498 1851 3672 1921 praelii

418 1964 650 2028 πολλοὺς
687 1964 787 2034 μὲν
818 1962 1142 2025 κατέδυσαν,
1179 1960 1440 2029 συνέσχον
1474 1956 1533 2011 δὲ
1587 1955 1682 2009 καὶ
1734 1951 1986 2014 πολλούς.

430 2058 492 2111 '0
519 2057 564 2112 δ’
594 2055 845 2120 ’Δννίϐας
871 2055 965 2110 ἐπὶ
1014 2055 1289 2125 ἑπτήρους
1343 2048 1662 2122 ναυμαχῶν,
1711 2045 1995 2117 σοσχεθεί-

422 2170 523 2221 σης
542 2151 645 2220 τῆς
674 2148 841 2204 αὐτοῦ
879 2147 1006 2218 νηδς
1033 2148 1253 2218 τριήρει
1281 2145 1411 2209 τινὶ,
1441 2143 1518 2212 μὴ
1555 2140 1670 2209 ἁλῷ
1709 2137 1991 2209 φοϐηθεὶς,

419 2245 519 2314 τὴν
546 2244 762 2314 ἐπτήρη
791 2259 852 2296 τε
884 2239 1238 2309 ἐγκατέλιπε,
1274 2238 1369 2291 καὶ
1401 2233 1643 2306 μεταϐὰς
1692 2234 1771 2296 εἰς
1803 2231 1996 2301 ἑτέραν

421 2335 670 2403 δέφυγε.
699 2333 812 2403 Τῆς
843 2332 943 2403 μὲν
975 2327 1069 2385 οὖν
1101 2326 1413 2400 ναυμαχίας
1467 2324 1631 2379 τοῦτο
1676 2324 1830 2383 τέλος
1877 2319 1998 2388 ἐγέ-

423 2442 567 2490 νετο,
597 2425 696 2478 καὶ⁵
719 2423 939 2494 λάφυρα
965 2419 1136 2474 πολλὰ
1166 2417 1398 2490 ἐλήφθη.
1445 2414 1550 2467 Τὸν
1589 2412 1636 2468 δ’
1665 2410 1919 2466 ’Δννίϐαν
1949 2411 1998 2463 οἰ

425 2516 795 2588 Καρχηδόνιοι
824 2513 915 2568 διὰ
939 2513 1039 2585 τὴν
1089 2505 1259 2582 ἧτταν
1314 2507 1647 2561 ἀπέκτειναν
1698 2502 1788 2568 ἂν,
1843 2502 2001 2573 εἰμὴ

427 2610 593 2673 εὐθὺς
622 2604 951 2676 ἐπηρώτησε
985 2604 1149 2671 σφᾶς,
1171 2600 1247 2662 ώς
1278 2596 1561 2670 ἀκεραίων
1580 2594 1663 2650 ἔτι
1691 2595 1803 2649 τῶν
1856 2610 2001 2666 πρα-

428 2701 658 2768 γμάτων
689 2699 885 2760 ὅντων,
914 2696 964 2750 εἰ
1006 2692 1362 2763 ναυμαχῆσαι
1392 2689 1730 2754 κελεύουσιν,
1792 2687 1840 2741 εἰ
1876 2687 1949 2758 μή
1984 2702 2000 2752 ;

430 2790 596 2845 Συνθς
608 2790 781 2860 μένων
810 2788 920 2860 γὰρ
946 2789 1124 2842 αὐτῶν
1152 2787 1531 2856 ναυμαχῆσαι,
1559 2782 1633 2845 ὡς
1658 2780 1737 2852 τῷ
1763 2779 2003 2849 ναυτικῷ

429 2883 688 2952 προέχειν
730 2866 1142 2952 ἐπαιρομένων,
1196 2877 1451 2941 ὑπεῖπεν,
1475 2876 1579 2936 ὅτι,
1641 2869 1834 2926 Οὐδὲν
1890 2869 2006 2938 ἄρα

358 3018 363 3021 .
429 2974 717 3042 ἠδίκηκα,
766 2971 857 3026 ὅτι
898 2970 1087 3025 ταύτὰ
1148 2966 1293 3038 ὑμῖν
1328 2966 1592 3031 ἐλπίσας
1638 2960 2002 3018 συνέϐαλον

432 3067 544 3136 τῆς
582 3067 692 3135 γὰρ
725 3063 988 3135 γνώμης,
1017 3061 1154 3117 ἀλλ’
1185 3063 1256 3116 οὺ
1300 3058 1409 3128 τῆς
1439 3060 1634 3127 τύχης
1671 3056 2009 3126 ἐτύγχανον

2092 1958 2241 2013 exitu
2265 1953 2495 2011 Romani
2516 1953 2700 2008 multis
2716 1952 2907 2022 spoliis
2923 1950 3069 2005 aucti
3094 1942 3244 2004 Sunt.
3262 1947 3676 2017 Carthaginien-

2096 2065 2185 2105 ses
2208 2063 2339 2102 vero
2357 2046 2680 2102 Annibalem
2700 2044 2772 2099 ob
2789 2052 3067 2113 acceptam
3094 2042 3303 2096 cladem
3323 2041 3674 2103 occidissent,

2095 2140 2202 2193 ιιἱεί
2215 2152 2311 2193 eos
2327 2136 2533 2197 statim,
2554 2134 2719 2189 veluti
2741 2134 2903 2187 rebus
2925 2133 3105 2187 adhuc
3125 2132 3371 2200 integris.
3392 2138 3680 2199 perconta-
3782 2135 3803 2145 '

2099 2237 2188 2285 tus
2209 2239 2355 2285 essot
2388 2245 2404 2282 :
2433 2227 2626 2282 Utrum
2660 2226 2838 2280 navali
2878 2225 3066 2294 ιιι-ωηο
3095 2222 3675 2291 decertarejuberent,

2100 2334 2299 2376 necne.
2322 2318 2459 2374 Cum
2491 2316 2701 2373 assensi
2722 2325 2929 2379 essent,
2964 2324 3026 2368 ιιι
3048 2314 3141 2383 qui
3173 2312 3443 2368 classibus
3472 2309 3676 2381 gloria—

2100 2420 2312 2474 rentur,
2338 2411 2593 2482 subjecit,
2611 2407 2832 2464 Nullum
2857 2424 3013 2460 suum
3030 2415 3298 2473 peccatum
3319 2419 3451 2469 esse,
3476 2403 3566 2472 qui
3586 2417 3676 2454 ea-

2101 2506 2220 2559 dem
2249 2519 2359 2574 spe.
2394 2519 2499 2572 qua
2542 2502 2665 2573 ipsi,
2704 2516 2939 2572 pugnam
2967 2498 3185 2553 iniisset.
3217 2493 3510 2552 Consilium
3535 2494 3678 2546 enim

2103 2597 2160 2652 in
2197 2613 2296 2651 sua
2323 2602 2603 2666 potestate,
2630 2600 2869 2646 eventum
2899 2605 3054 2660 penes
3077 2589 3351 2657 fortunam
3373 2586 3550 2656 fuisse.
3587 2584 3678 2637 Sic

2106 2691 2185 2746 illi
2221 2690 2332 2745 vita
2364 2699 2626 2742 concessa
2672 2692 2777 2748 est,
2811 2680 3101 2750 imperium
3136 2678 3484 2748 abrogatum.
3526 2673 3679 2729 Duil-

2105 2783 2216 2838 lius
2257 2778 2503 2851 peditatu
2544 2775 2648 2831 sibi
2693 2774 2979 2844 adjuncto,
3025 2770 3357 2840 Segestanos
3402 2764 3679 2827 liberavit,

2106 2872 2379 2929 Amilcare
2408 2884 2512 2924 nec
2532 2866 2616 2923 ad
2651 2880 2845 2921 manus
2870 2863 3058 2919 venire
3086 2877 3222 2918 auso
3262 2879 3276 2916 :
3310 2869 3368 2916 et
3402 2859 3567 2915 sociis
3596 2857 3679 2913 ci-

2107 2964 2373 3020 vitatibus
2428 2959 2680 3025 ﬁrmatis,
2737 2957 2922 3027 elapsa
2976 2967 3164 3012 aestate
3218 2955 3445 3008 llomam
3493 2950 3679 3006 rediit.

2110 3057 2243 3113 Post
2276 3056 2397 3126 ejus
2449 3052 2661 3108 abitum
2708 3049 2950 3105 Amilcar
2989 3048 3303 3115 Drepanum
3354 3043 3460 3112 (est
3495 3052 3681 3096 autem

432 3131 665 3227 κύριοςξ
696 3131 803 3209 Καὶ
906 3131 1006 3223 μὲν
1030 3152 1233 3222 ἐσώθη,
1296 3152 1396 3222 τὴν
1454 3151 1511 3205 δὲ
1553 3149 1852 3219 ἡγεμονίαν
1901 3147 2007 3215 ἀφ-

2114 3157 2307 3222 portus
2368 3144 2732 3217 opportunus)
2794 3141 3015 3204 muniit,
3072 3153 3250 3208 eoque
3309 3150 3401 3192 res
3458 3131 3681 3186 maximi

432 3249 630 3319 ῃρέθη.
682 3245 925 3307 Δουῖλιος
974 3244 1032 3297 δὲ
1090 3242 1152 3296 τὸ
1206 3241 1371 3306 πεζὸν
1408 3236 1755 3311 προσλαϐὼν,
1795 3235 1922 3301 τούς
1945 3253 2006 3289 τε

446 3340 799 3409 Ἐγεσταίους
835 3337 1136 3411 ἐρρύσατο,
1167 3333 1293 3404 μηδ’
1338 3334 1419 3394 εἰς
1456 3334 1647 3403 χεῖρας
1710 3327 1859 3400 αὐτῷ
1912 3326 2007 3382 τοῦ

447 3431 687 3502 Ἀμίλκα
712 3429 889 3484 ἐλθεῖν
918 3425 1336 3497 ὑπομείναντος,
1360 3424 1457 3479 καί
1488 3423 1558 3477 τὰ
1589 3420 1744 3493 φίλια
1771 3420 1841 3475 τὰ
1870 3420 2009 3475 ἄλλα

435 3523 831 3586 ἐϐεϐαιώσατο,
852 3521 947 3574 καί
977 3521 1058 3585 είς
1090 3520 1188 3590 τὴν
1231 3514 1452 3588 Ῥώμην
1472 3515 1568 3571 τοῦ
1591 3515 1785 3586 θέρους
1807 3512 2012 3584 παρελ-

438 3619 624 3680 θόντος
650 3614 1015 3686 ἀνεκομίσθη.
1067 3613 1409 3680 Ἀπάραντος
1439 3609 1487 3663 δ’
1518 3606 1711 3676 αὐτοῦ,
1747 3608 1778 3661 ό
1817 3605 2009 3678 Ἀμίλο

439 3729 542 3775 κας
573 3709 636 3765 τό
673 3725 734 3763 τε
763 3708 1047 3779 Δρέπανον
1080 3703 1427 3775 κεκλημένον
1455 3700 1598 3774 (ἐστι
1629 3700 1684 3754 δὲ
1709 3700 1878 3772 λιμὴν
1897 3699 2012 3754 ἐπί·

439 3801 657 3873 καιρος)
693 3798 1055 3870 ἐκρατύνατο,
1085 3798 1181 3851 καί
1215 3799 1272 3860 ἐς
1295 3795 1430 3850 αὐτὸ
1457 3794 1526 3848 τὰ
1553 3793 1808 3849 πλείστου
1874 3808 2014 3848 κατ-

441 3893 601 3948 έθετο
631 3889 780 3956 ἄξια,
809 3889 907 3945 καὶ
944 3889 1070 3951 τοὺς
1145 3886 1475 3958 Ἐρυκηνοὺς
1529 3885 1776 3950 ἅπαντας
1811 3902 2012 3954 μεταν-

442 3984 667 4054 έστησε,
701 3982 800 4036 καὶ
833 3980 931 4052 τὴν
964 3980 1117 4034 πόλιν
1146 3977 1325 4032 αὐτῶν
1349 3976 1715 4046 κατέσκαψεν,
1733 3976 1821 4031 ἵνα
1860 3976 1934 4046 μὴ
1962 3975 2014 4028 οἰ

455 4077 721 4147 Ῥωμαῖοι
752 4072 1036 4146 καρτερὰν
1061 4071 1233 4143 αὐτὴν
1264 4066 1432 4125 οὖσαν
1455 4069 1878 4132 καταλαϐόντες,
1921 4069 2017 4138 όρ-

448 4170 714 4238 μητήριον
741 4165 837 4220 τοῦ
862 4165 1103 4235 πολέμου
1128 4163 1488 4233 ποιήσωνταιο
1519 4160 1616 4215 καὶ
1666 4159 1850 4221 πόλεις
1903 4152 2016 4212 εἷλε

443 4262 544 4323 τὰς
579 4260 680 4332 μὲν
710 4258 824 4331 βίᾳ,
851 4259 952 4322 τὰς
998 4257 1058 4311 δὲ
1123 4253 1408 4326 προδοσίᾳ.
1463 4253 1571 4306 Καὶ
1628 4253 1678 4305 εἰ
1726 4250 1801 4322 μὴ
1856 4251 2018 4316 Γάϊος

445 4351 664 4422 Φλῶρος
696 4349 863 4405 αὐτὸν
897 4348 1149 4418 ἐπέσχεν,
1176 4346 1293 4399 ἐκεῖ
1320 4344 1612 4414 χειμάσας,
1643 4342 1741 4414 τὴν
1768 4340 2017 4395 Σικελίαν

446 4447 512 4502 ἂν
546 4444 956 4518 κατεστρέψατο
1010 4442 1256 4498 ἃπασαν.
1297 4441 1528 4504 Λούκιος
1582 4439 1640 4493 δὲ
1693 4440 1937 4494 Σκιπίων
1989 4441 2018 4493 ὁ

2117 3243 2277 3315 pretii
2320 3239 2553 3296 contulit
2586 3254 2602 3293 :
2642 3245 2696 3292 et
2732 3233 2982 3304 Erycinis
3012 3230 3269 3287 omnibus
3304 3224 3562 3296 expulsis,
3599 3232 3685 3277 at-

2116 3314 2225 3407 Que
2255 3331 2391 3389 urbe
2425 3344 2638 3395 eversa,
2681 3342 2752 3383 ne
2790 3328 2948 3382 locus
2986 3322 3392 3378 munitissimus
3422 3314 3687 3372 Romanis

2116 3406 2185 3483 ad
2231 3427 2432 3482 bellum
2483 3420 2786 3493 gerendum
2845 3418 2968 3472 usui
3031 3423 3199 3475 esset.
3236 3412 3406 3468 urbes
3447 3408 3583 3463 alias
3610 3406 3715 3479 vi,

2116 3519 2253 3575 alias
2294 3515 2605 3588 proditione
2644 3512 2790 3583 cepit
2831 3529 2845 3566 :
2880 3526 2945 3566 ac
2975 3508 3080 3564 nisi
3112 3525 3143 3562 a
3175 3506 3238 3562 C.
3273 3505 3454 3563 Floro.
3486 3499 3579 3571 qni
3613 3498 3687 3552 ibi

2118 3609 2465 3675 hibernabat,
2510 3606 2784 3663 coercitus
2812 3603 3024 3666 fuisset,
3053 3609 3220 3656 totam
3250 3596 3492 3653 Siciliam
3522 3591 3689 3646 subc—

2119 3703 2310 3774 gisset.
2352 3700 2416 3755 L.
2450 3697 2636 3767 Scipio
2675 3697 2793 3765 ejus
2828 3694 3033 3763 collega
3074 3688 3375 3746 exercitum
3420 3686 3474 3739 in
3506 3681 3693 3738 Santi-

2119 3795 2267 3851 niam
2303 3801 2361 3848 ct
2380 3790 2661 3848 Corsicam
2689 3784 3048 3858 388dusit,
3075 3780 3284 3836 insulas
3314 3780 3371 3832 in
3402 3775 3697 3847 Tyrrheno

2120 3887 2258 3942 mari
2300 3885 2457 3948 sitas,
2484 3892 2611 3953 tam
2650 3879 2853 3949 exiguo
2881 3873 3174 3930 intervallo
3207 3878 3508 3940 separatas,
3536 3873 3596 3918 ut
3625 3879 3694 3918 cx

2121 3980 2420 4049 longinquo
2459 3990 2562 4046 pro
2601 3987 2708 4027 una
2737 3966 3160 4025 habeantur.Ac
3196 3963 3431 4035 primum
3457 3958 3695 4015 Corsica

2124 4075 2370 4146 principe
2405 4070 2540 4127 urbe
2571 4067 2778 4125 Valeria
2810 4065 2861 4119 vi
2893 4073 3074 4143 capta,
3113 4059 3339 4130 reliquis
3366 4058 3501 4111 citra
3538 4053 3697 4108 labo-

2124 4180 2241 4219 rem
2288 4170 2374 4218 est
2418 4159 2647 4230 potitus.
2685 4155 2744 4210 In
2788 4152 3098 4209 Sardiniam
3141 4147 3518 4219 navigaturus,
3567 4158 3692 4196 cum

2125 4257 2352 4310 classem
2394 4246 2906 4318 Carthaginiensem
2937 4240 3336 4311 conspexisset,
3369 4238 3423 4292 in
3449 4251 3569 4291 eam
3594 4235 3697 4286 imo

2128 4358 2307 4419 petum
2349 4345 2498 4401 fecit.
2537 4340 2644 4398 Sed
2691 4354 2816 4395 cum
2872 4336 2986 4402 illa,
3029 4334 3347 4404 priusquam
3399 4327 3464 4391 ad
3503 4341 3697 4380 mantis

2128 4415 2427 4497 veniretur,
2492 4435 2737 4504 fugisset,
2792 4427 3004 4484 Olbiam
3053 4425 3246 4480 urbem
3306 4421 3526 4475 invasit.
3591 4415 3695 4473 Ubi

449 4511 961 4610 συνάρχωνάύτοῦ,
986 4535 1081 4589 ἐπὶ
1108 4533 1295 4604 Σαρδὼ
1334 4534 1429 4586 καὶ
1459 4534 1551 4584 ἐπὶ
1577 4530 1791 4603 Κύρνον
1820 4532 2008 4602 ἐστρά-

2124 4529 2342 4584 navium
2393 4521 2928 4595 Carthaginiensium
2965 4524 3265 4586 conspectu
3302 4513 3530 4570 territus
3568 4511 3698 4576 (nec

445 4647 609 4685 τευσε
640 4632 874 4699 (κεῖνται
896 4626 953 4681 δὲ
981 4628 1040 4681 ὲν
1064 4625 1145 4697 τῷ
1178 4622 1508 4696 Τυρσηνικῷ
1540 4622 1792 4692 πελάγει,
1843 4623 2024 4691 ὀλίγον

451 4723 699 4794 ἀλλήλων
721 4721 1053 4792 ἀπέχουσαι,
1081 4718 1157 4782 ὡς
1184 4716 1312 4787 μίαν
1347 4715 1518 4780 αὑτὰς
1562 4715 1848 4788 πόρρωθεν
1884 4712 2025 4768 εἶναι

450 4815 652 4887 δοκεῖν)
684 4814 778 4868 καὶ
802 4812 1048 4885 προτέρᾳ.
1078 4812 1146 4882 τῇ
1180 4810 1380 4881 Κύρνῳ
1406 4808 1756 4887 προσϐαλὼν,
1799 4808 1898 4877 τὴν
1923 4807 2025 4877 μὲν

455 4882 757 4976 Οὐαλερίαν
795 4882 895 4976 την
944 4882 1248 4975 κρατίστην
1283 4901 1457 4970 αὐτῆς
1484 4882 1670 4954 ’πόλιν
1710 4899 1803 4971 βίᾳ
1858 4894 2024 4962 εἷλεν,

454 4998 675 5061 ἀπόνως
703 4996 762 5050 δὲ
793 4996 863 5048 τὰ
896 4995 1061 5054 λοιπὰ
1093 4991 1447 5063 ἐχειρώσατο.
1492 4990 1578 5053 Ἐς
1626 4989 1684 5043 δὲ
1708 4991 1808 5060 τὴν
1838 4988 2028 5059 Σαρδὼ

457 5091 661 5158 πλέων,
704 5088 918 5143 κατεῑδέ
950 5104 1005 5141 τι
1042 5085 1301 5139 ναυτικὸν
1349 5082 1746 5153 Καρχηδόνιον,
1797 5081 1894 5135 καὶ
1941 5081 2029 5133 ἐπ’

456 5187 589 5240 αὖτό
620 5187 910 5256 ἐτράπετο,
952 5182 1046 5237 καὶ
1063 5183 1111 5234 οἰ
1142 5179 1243 5250 μὲν
1284 5178 1486 5246 ἔφυγον
1528 5176 1694 5246 πρινὴ
1736 5172 2032 5246 συμμίξαι.

457 5278 633 5342 Αὐτὸς
659 5278 705 5332 δ’
736 5280 832 5330 ἐπὶ
864 5275 1018 5330 πόλιν
1053 5272 1274 5327 Ὀλϐίαν
1301 5266 1487 5342 ἦλθεν.
1515 5267 1684 5320 Ἔνθα
1723 5266 1832 5319 τῶν
1879 5265 2033 5333 Καρ-

458 5370 721 5445 χηὸονίων
786 5369 928 5422 μετὰ
973 5366 1081 5420 τῶν
1124 5364 1267 5418 νεῶν
1329 5359 1707 5431 ἐπιφανέντων
1774 5355 2033 5427 φοϐηθεὶς

463 5464 606 5535 (οὐδὲ
635 5464 742 5533 γάρ
808 5456 895 5531 Ῐχε
927 5459 988 5513 τὸ
1017 5458 1181 5523 πεζὸν
1208 5452 1529 5525 ἀξιόμαχον)
1560 5450 1648 5506 ἐπ’
1684 5448 1835 5503 οίκου
1883 5445 2034 5516 ἀπῆ-

466 5572 580 5627 ρεν.
625 5555 714 5607 Ἐν
744 5552 801 5605 δὲ
828 5550 907 5621 τῷ
930 5550 1051 5605 τότε
1097 5548 1274 5620 χρόνῳ
1316 5546 1468 5601 ἄλλοι
1523 5560 1583 5595 τε
1615 5540 1723 5595 τῶν
1775 5538 2033 5604 ἁλόντων,

463 5649 559 5700 καὶ
602 5646 662 5699 ἐν
713 5644 794 5714 τῷ
858 5644 1012 5698 ἄστει
1065 5639 1452 5699 δουλευόντων,
1518 5635 1614 5688 καὶ
1667 5632 1718 5685 οἰ
1770 5629 2036 5697 Σαμνῖται

466 5735 678 5807 (συχνοὶ
721 5735 833 5807 γὰρ
864 5732 1000 5803 πρὸς
1050 5731 1152 5793 τὴν
1200 5728 1295 5782 τοῦ
1352 5721 1615 5780 ναυτικοῦ
1679 5717 2036 5791 παρασκευὴν

472 5825 756 5899 ἀφίκοντο)
813 5823 1100 5882 συνέθεντο
1125 5823 1195 5892 τῇ
1246 5819 1436 5889 Ῥώμῃ
1474 5813 1881 5870 ἐπιϐουλεῦσαι.
1915 5810 2037 5865 Μα-

2124 4622 2271 4676 enim
2324 4634 2354 4674 a
2403 4617 2647 4688 peditatu
2695 4612 2829 4668 satis
2869 4611 2937 4665 ad
2992 4621 3233 4680 pugnam
3278 4613 3504 4676 paratus
3536 4608 3695 4665 erat),

2126 4714 2350 4766 domum
2381 4722 2577 4763 versus
2608 4706 2714 4760 iter
2746 4701 3004 4757 intendit.
3044 4700 3123 4754 Eo
3165 4707 3414 4766 tempore
3445 4707 3570 4748 cum
3607 4690 3702 4745 alii

2128 4807 2357 4876 captivi,
2393 4812 2508 4858 tum
2547 4795 2848 4859 Samnites,
2890 4807 3122 4863 quorum
3155 4788 3470 4858 complures
3500 4783 3569 4839 ad
3604 4798 3705 4836 na-

2129 4900 2303 4953 valem
2337 4890 2757 4951 instructionem
2786 4892 3076 4947 venerant,
3106 4883 3295 4937 Roma:
3326 4875 3575 4933 insidiari
3608 4873 3708 4927 de-

2130 4994 2443 5045 creverunt.
2481 4984 2602 5049 Quo
2642 4980 2805 5034 Erius
2836 4977 3070 5031 Potilins
3101 4973 3430 5027 auxiliorum
3461 4967 3570 5021 dux
3610 4981 3706 5019 co-

2131 5082 2305 5151 gnito,
2337 5094 2395 5132 se
2424 5075 2506 5131 eis
2555 5069 2813 5127 assentiri
2843 5066 3148 5128 simulavit,
3184 5075 3243 5115 nt
3274 5059 3461 5113 omnia
3508 5069 3705 5110 eorum

2132 5150 2361 5229 consilia
2403 5171 2778 5238 cognosceret.
2824 5159 2963 5227 Quia
3012 5171 3145 5211 vero
3192 5154 3282 5207 illa
3332 5150 3549 5204 deferre
3594 5159 3706 5198 non

2132 5273 2364 5335 poterat,
2417 5276 2447 5314 a
2480 5236 2850 5313 iSamnitibus
2903 5249 3148 5317 undique
3196 5240 3592 5299 circumdatus,
3624 5236 3706 5289 eis

2135 5330 2431 5426 persuasit,
2464 5360 2525 5403 ut
2560 5362 2686 5404 cum
2731 5352 2956 5401 senatus
2980 5340 3295 5410 haberetur,
3344 5334 3398 5385 in
3434 5330 3552 5384 foro
3583 5343 3709 5380 con-

2135 5418 2329 5513 gressi,
2387 5436 2841 5493 vociferarentur,
2905 5430 2960 5484 in
3032 5421 3379 5481 demetiendo
3433 5418 3709 5471 frumento

2135 5509 2386 5589 fraudem
2415 5526 2520 5584 sibi
2551 5538 2674 5580 esse
2719 5526 2939 5577 factam.
2972 5516 3126 5585 Quod
3157 5529 3280 5569 eum
3316 5512 3394 5567 illi
3424 5509 3703 5569 fecissi'nt,

2136 5621 2453 5685 accersitus,
2508 5626 2568 5673 ut
2597 5614 2866 5670 tumultus
2896 5620 3110 5674 auctor,
3142 5604 3371 5661 insidias
3403 5599 3657 5670 exposuit
3689 5612 3707 5650 :

2137 5728 2201 5769 ac
2233 5722 2347 5767 tum
2384 5706 2605 5779 quidem
2641 5703 2912 5760 seditione
2950 5700 3149 5771 scpita,
3178 5697 3256 5752 illi
3306 5703 3435 5750 sunt
3463 5689 3709 5747 dimissi.
3820 5714 3825 5721 -

2137 5805 2312 5863 Noctu
2344 5817 2497 5868 vero,
2529 5814 2653 5857 cum
2684 5795 2890 5869 quique
2924 5791 3133 5851 domini
3176 5803 3365 5849 servos
3398 5802 3527 5844 suos
3555 5797 3711 5841 com-
