4060 6392
417 339 522 399 667

1717 351 2042 411 JOANNIS
2085 350 2404 409 ΖΟΝΛΒΕ

3573 355 3681 417 663

415 451 860 519 prehendissem,
891 459 1072 514 omnis
1109 462 1416 533 conjuratio
1462 462 1722 533 dissipata
1759 472 1862 519 est.
1904 465 1994 517 Se-

2104 463 2213 516 θὼν
2246 464 2302 516 δὲ
2334 463 2495 518 τοῦτο
2527 465 2713 535 Ἕριος
2745 464 3010 530 Ιίοτίλιος,
3038 468 3066 520 6
3088 467 3187 535 τῆς
3217 466 3469 536 βοηθείας
3497 470 3683 540 ἄρχων

413 548 602 612 quenti
637 558 825 604 aestate
870 551 1100 606 Romani
1130 562 1186 606 et
1227 553 1708 624 Carthaginienses
1745 555 1908 609 simul
1939 565 1996 609 et

415 636 468 690 in
506 638 690 694 Sicilia
723 651 771 695 et
808 644 862 697 in
905 644 1156 700 Sardinia
1189 647 1394 700 bellum
1435 659 1743 718 gesserunt.
1785 649 1995 705 Deinde

414 745 540 782 cum
582 733 805 788 Attilius
861 735 1092 791 Latinus
1137 738 1188 792 in
1237 739 1476 795 Siciliam
1515 743 1776 804 venisset,
1826 752 1995 812 atque

414 821 790 879 Mutistratum
826 828 1018 882 urbem
1053 847 1081 884 a
1114 830 1278 886 Floro
1329 834 1608 887 obsessam
1642 834 1942 890 invenisset
1977 853 1992 892 :

413 911 588 980 copiis
643 913 790 968 illius
840 932 992 982 usus,
1039 936 1164 974 cum
1211 903 1408 976 nimnia
1436 937 1798 994 oppugnaret,
1833 927 1989 995 oppi-

411 999 540 1056 dani
597 1005 872 1075 principio
921 1024 1045 1064 cum
1098 1012 1644 1082 Carthaginiensibus
1671 1017 1720 1070 ei
1777 1017 1996 1070 fortiter

413 1091 753 1150 restiterunt.
791 1097 894 1150 Sed
925 1102 1188 1156 uxoribus
1228 1114 1282 1158 et
1327 1107 1518 1159 liberis
1545 1107 1992 1165 lamentantibus.

410 1181 611 1235 omissa
653 1184 996 1254 defensioue,
1022 1192 1578 1264 Carthaginiensibus
1601 1208 1763 1252 noctu
1785 1199 1996 1267 digres-

409 1273 504 1334 sis,
545 1275 721 1342 primo
749 1279 994 1336 diluculo
1031 1296 1215 1354 portas
1241 1290 1384 1343 ultro
1403 1300 1760 1360 aperuerunt.
1790 1291 1992 1345 Verum

410 1361 643 1421 Romani
677 1369 930 1440 ingrcssi,
969 1378 1175 1432 nemini
1207 1391 1573 1447 pepercerunt
1604 1400 1617 1438 :
1649 1384 1824 1437 donec
1853 1383 1992 1437 Atti-

408 1453 514 1510 lius
564 1467 910 1529 pronuntiari
963 1469 1146 1538 jussit,
1183 1475 1420 1540 prmdatn
1470 1483 1525 1528 et
1577 1477 1832 1530 homines
1872 1477 1993 1546 ejus

408 1547 524 1640 fore
553 1557 645 1622 qui
679 1559 934 1628 cepisset.
973 1563 1112 1618 Tum
1147 1566 1368 1622 demum
1417 1569 1642 1639 reliquis
1668 1569 1864 1640 captis.
1899 1586 1994 1624 ur—

408 1639 532 1697 bem
561 1646 828 1719 direptam
858 1653 1246 1712 incenderunt.

2105 555 2552 625 προσεποιήσατο
2589 560 2927 627 συμφρονεῖν
2983 558 3191 623 αὐτοῖς,
3245 559 3334 612 ἵνα
3395 559 3680 632 ἀκριϐὡσῃ

2103 651 2214 701 πᾶν
2248 649 2308 702 τὸ
2339 649 2662 720 δεδογμένον
2691 651 2898 714 αὐτοῖς,
2932 653 3026 705 καὶ
3067 651 3193 704 ἐπεὶ
3239 651 3314 722 μὴ
3373 645 3484 716 οἷός
3525 669 3584 704 τε
3614 649 3682 723 ἦν

2103 741 2495 811 καταμηνῦσαι
2541 742 2602 794 τὸ
2637 739 2913 812 βούλευμα
2955 744 3178 811 (πάντες
3207 745 3316 813 γὰρ
3352 744 3484 815 περὶ
3518 744 3680 798 αὐτὸν

2101 827 2243 902 ἦσαν
2276 834 2328 886 οί
2368 833 2656 904 Σαμνῖται)
2688 833 2906 887 ἔπεισεν
2932 835 3132 896 αὐτοὺς
3163 835 3359 906 βουλῆς
3404 836 3679 904 ἀγομένης

2100 923 2180 984 είς
2207 922 2305 992 τὴν
2334 923 2543 992 ἀγορὰν
2574 924 2960 993 ἀθροισθῆναι,
3003 925 3098 979 καὶ
3123 926 3458 994 καταϐοῆσαι
3491 926 3680 990 αὐτοῦ,

2100 1010 2176 1076 ὡς
2210 1015 2338 1084 περὶ
2368 1014 2460 1067 τὸν
2487 1016 2637 1068 σῖτον
2662 1015 3079 1086 ἀδικουμένους,
3130 1018 3297 1088 ὅνπερ
3347 1016 3676 1086 ἐλάμϐανον.

2102 1110 2225 1165 Τῶν
2270 1112 2328 1165 δέ
2357 1113 2516 1166 τοῦτο
2554 1115 2926 1183 ποιησάντων,
2980 1110 3418 1184 μεταπεμφθεὶς,
3473 1109 3550 1170 ὼς
3595 1108 3677 1161 ατ-

2099 1217 2213 1264 τιος
2244 1200 2339 1254 τοῦ
2375 1202 2634 1272 θορύϐου,
2665 1203 2926 1272 ἐξέφηνεν
2974 1205 3157 1268 αὐτοῖς
3200 1202 3299 1274 τὴν
3355 1199 3678 1270 ἐπιϐουλήν.

2100 1293 2208 1346 Καὶ
2233 1293 2357 1346 τότε
2393 1294 2493 1362 μὲν
2528 1297 2913 1368 ήσυχάσαντας
2951 1296 3310 1366 ἀπέπεμψαν.
3350 1293 3567 1356 Νυκτὸς
3621 1292 3678 1344 δὲ

2099 1388 2396 1440 συνέλαϐον
2429 1390 2656 1444 ἕκαστοι
2679 1393 2787 1445 τῶν
2816 1393 3050 1461 ἐχόντων
3076 1392 3302 1454 δούλους
3325 1390 3476 1451 τινάς
3505 1388 3562 1454 ἐξ
3584 1388 3680 1440 αὕ-

2096 1475 2229 1540 τῶν,
2255 1477 2350 1529 xai.
2384 1479 2560 1542 οὓτως
2591 1481 2624 1549 ή
2659 1482 2808 1534 πᾶσα
2851 1480 3072 1551 διελύθη
3141 1479 3476 1550 συνωμοσία.
3515 1477 3606 1545 Τῷ
3632 1477 3677 1530 δ’

2097 1571 2474 1641 ἐπιγενομένῳ
2501 1572 2652 1642 θέρει
2688 1572 2746 1625 ἐν
2770 1590 2829 1626 τε
2854 1577 2919 1643 τῇ
2956 1573 3182 1644 Σικελίᾳ
3221 1573 3318 1626 καὶ
3363 1575 3426 1642 τῇ
3483 1569 3679 1639 Σαρδοῖ

2098 1660 2218 1730 ἅμα
2246 1663 2595 1732 ἐπολέμησαν
2617 1665 2666 1717 oi
2707 1665 2974 1734 Ῥωμαῖοί
2999 1683 3056 1717 τε
3092 1667 3186 1718 καὶ
3213 1667 3262 1718 οῖ
3287 1663 3674 1736 Καρχηδόνιοι.

407 1735 516 1791 Καὶ
549 1743 691 1812 μετὰ
715 1745 861 1800 τοῦτ’
903 1749 1172 1812 Ἀττίλιος
1213 1753 1445 1816 Λατῖνος
1505 1756 1563 1816 ἐς
1607 1770 1707 1822 την
1749 1755 2000 1808 Σικελίαν
2039 1755 2236 1816 ἐλθὼν,
2312 1759 2407 1811 καὶ
2453 1759 2868 1828 Μουτίστρατον
2948 1758 3106 1812 πόλιν
3164 1759 3268 1811 ὑπὸ
3330 1758 3424 1810 τοῦ
3457 1756 3676 1825 Φλώρου

405 1836 883 1913 πολιορκουμένην
901 1846 1102 1915 εὑρὼν,
1134 1851 1199 1917 τῇ
1229 1853 1554 1920 παρασκευῇ
1581 1853 1792 1904 ἐκείνου
1853 1853 2146 1922 ἐχρήσατο.
2181 1853 2292 1906 Καὶ
2351 1855 2662 1924 προσϐολὰς
2695 1856 2828 1926 περὶ
2866 1857 2927 1908 τὸ
3017 1858 3196 1925 τεῖχος
3250 1853 3418 1906 αὑτοῦ
3491 1869 3679 1904 ποιου-

409 1932 596 1999 μένου,
635 1936 853 2006 πρῶτον
886 1939 989 2006 μέν
1051 1942 1100 1992 οί
1152 1941 1440 2011 ἐπιχώριοι
1502 1943 1641 2011 μετὰ
1669 1942 1776 1996 τῶν
1825 1943 2211 2012 Καρχηδονίων
2277 1942 2552 2014 ἠμύνοντο
2619 1945 2917 2016 κραταιῶς.
2950 1945 3071 1998 Τῶν
3125 1946 3180 1998 δὲ
3233 1943 3512 2008 γυναικῶν
3577 1944 3674 1995 xa‘t

404 2021 517 2074 τῶν
547 2025 756 2080 παίδων
788 2029 846 2091 ἐς
879 2029 1092 2099 δάκρυα
1135 2032 1231 2082 καὶ
1295 2033 1352 2094 ἐς
1413 2032 1666 2101 οίμωγάς
1739 2034 2152 2105 προαχθέντων,
2225 2035 2326 2088 οὐκ
2397 2035 2680 2106 ἀντέσχον.
2736 2035 3176 2103 ’Υπεξελθόντων
3217 2037 3274 2089 δὲ
3323 2034 3521 2096 νυκτὸς
3569 2035 3679 2086 τῶν

407 2112 820 2185 Καρχηδονίων,
872 2118 988 2188 ἅμα
1013 2123 1078 2190 τῇ
1114 2119 1188 2190 ἕῳ
1234 2121 1334 2185 τάς
1385 2123 1561 2187 πύλας
1624 2123 1904 2177 ἐθελονταὶ
1975 2125 2026 2176 oi.
2064 2124 2353 2198 ἐπιχώριοι
2415 2126 2781 2182 ἀνεπέτασαν.
2810 2125 3162 2189 Είσελθόντες
3189 2126 3246 2179 δὲ
3289 2127 3341 2178 οἱ
3385 2127 3676 2193 Ῥωμαῖον

408 2212 621 2273 πάντας
652 2212 931 2280 ἐφόνευον·
983 2215 1090 2280 ἐως
1128 2215 1398 2288 ἐκήρυξεν
1452 2221 1482 2272 6
1549 2219 1841 2287 Ἀττίλιος,
1888 2221 1989 2290 τὴν
2027 2220 2226 2287 λοιπήν
2289 2236 2350 2272 τε
2414 2219 2566 2274 λείαν
2599 2221 2856 2284 καὶτοὺς
2895 2220 3220 2289 ἀνθρώπους
3265 2219 3360 2274 τοῦ
3421 2218 3680 2284 λαϐόντος

407 2300 570 2358 εἶναι.
613 2307 843 2360 Ἐκτοτε
875 2307 981 2380 γὰρ
1011 2310 1140 2374 τοὺς
1172 2309 1396 2375 λοιπούς
1433 2328 1492 2366 τε
1524 2312 1876 2384 ἐζώγρησαν,
1899 2314 1994 2368 καὶ
2029 2313 2130 2384 τὴν
2167 2313 2325 2366 πόλιν
2357 2314 2869 2385 πρώιαρπάσαντες
2895 2316 3274 2388 κατέπρησαν.

477 2399 593 2454 ΧΙΙ.
629 2401 760 2456 Inde
799 2402 1147 2458 Camarinam
1203 2405 1668 2479 iucircumspecte
1726 2411 1991 2480 aggressi,
2027 2419 2067 2474 Β

405 2506 570 2566 atque
607 2496 660 2549 in
698 2496 814 2549 loca
857 2496 1074 2551 insidiis
1100 2509 1366 2568 occupata
1397 2501 1632 2571 delapsi,
1667 2517 1861 2556 omnes
1896 2517 1992 2571 pe-

406 2593 632 2654 rissent,
666 2591 767 2646 nisi
808 2591 876 2644 M.
908 2591 1296 2661 Calphurnius,
1327 2595 1582 2650 tribunus
1611 2595 1872 2660 militum,
1899 2612 1991 2650 ea-

408 2682 713 2736 lamitatem
765 2698 884 2736 eam
948 2693 1069 2738 arte
1128 2687 1480 2741 correxisset.
1535 2687 1671 2742 Nam
1740 2703 1866 2743 cum
1924 2704 1992 2742 ex

407 2775 665 2829 omnibus
689 2791 859 2829 unum
889 2777 1162 2831 tumulum
1196 2777 1268 2832 ob
1294 2779 1659 2849 praecipitium
1685 2796 1794 2835 non
1823 2795 1992 2835 occu-

408 2875 593 2935 patum
615 2865 864 2934 vidisset,
893 2883 987 2927 ccc
1040 2869 1209 2939 389
1235 2885 1264 2923 a
1299 2872 1526 2925 consule
1559 2872 1762 2927 milites
1789 2873 1948 2941 petiit
1974 2890 1989 2926 :

406 2972 546 3024 quos
593 2973 717 3011 cum
753 2974 986 3028 propere
1039 2961 1132 3013 illo
1173 2961 1518 3027 adduxisset,
1550 2973 1612 3017 ut
1643 2964 1897 3019 hostibus
1935 2964 1991 3018 in

407 3066 465 3103 se
496 3051 801 3114 conversis,
827 3051 1015 3106 cancri
1053 3051 1384 3122 effugerent,
1421 3070 1532 3108 non
1571 3054 1836 3124 deceptus
1881 3065 1988 3110 cst.

406 3141 543 3196 Nam
579 3141 772 3197 hostes
821 3158 1016 3198 eorum
1069 3145 1276 3214 impetu
1313 3146 1570 3215 perculsi,
1607 3148 1832 3202 consule
1866 3163 1993 3202 cum

409 3237 526 3290 suis
587 3247 648 3290 ut
684 3237 797 3306 jam
844 3236 1022 3307 captis
1093 3236 1324 3300 relictis,
1365 3246 1557 3292 contra
1589 3237 1990 3307 Calphurnium

409 3339 816 3384 concurrerunt
865 3337 968 3385 :et
1019 3329 1193 3384 atroci
1240 3345 1422 3399 pugna
1465 3329 1783 3394 commissa,
1833 3331 1993 3386 multi

409 3420 576 3474 etiam
602 3437 669 3476 ex
694 3421 821 3486 illis,
848 3421 943 3476 sed
970 3421 1047 3480 illi
1092 3437 1188 3476 ccc
1227 3436 1425 3476 omnes
1457 3422 1764 3491 perierunt,
1797 3435 1996 3492 praeter

413 3528 582 3565 unum
615 3512 1016 3581 Calphurnium
1046 3531 1058 3566 :
1107 3514 1202 3583 qui
1247 3529 1372 3566 cum
1409 3530 1520 3583 prie
1550 3515 1876 3570 vulneribus
1907 3516 1992 3569 in-

409 3616 526 3658 star
566 3606 768 3659 mortui
823 3605 969 3659 inter
995 3605 1262 3661 cadavera
1309 3608 1597 3677 iacuisset,
1651 3608 1842 3663 vivens
1899 3625 1991 3663 re-

411 3707 620 3765 pertus.
667 3698 841 3753 evasit
887 3699 1199 3754 incolumis.
1245 3700 1459 3755 Interea
1499 3716 1630 3755 vero
1697 3702 1829 3756 dum
1901 3717 1994 3757 ccc

2170 2407 2270 2461 IB'.
2317 2410 2566 2462 Ἐκεῖθεν
2609 2410 2656 2464 δ’
2721 2412 2816 2466 ἐπὶ
2874 2413 3198 2482 Καμερίναν
3251 2412 3678 2482 ἀπερισκέπτως

2094 2502 2379 2570 γενόμενοι
2418 2508 2478 2564 ἐς
2509 2503 2688 2572 χωρία
2733 2503 3204 2575 προλελοχισμένα
3243 2506 3526 2558 ἐνέπεσονο
3585 2507 3676 2558 καὶ

2095 2595 2329 2648 πανσυδὶ
2358 2595 2424 2648 ἂν
2457 2595 2806 2666 ἐφθάρησαν,
2844 2599 2892 2650 εί
2919 2599 2994 2668 μὴ
3025 2599 3250 2668 Μάρκος
3297 2597 3678 2668 Καλπούρνιος

2098 2684 2399 2756 χιλιαρχῶν
2432 2687 2596 2757 σοφίᾳ
2633 2689 2867 2756 μετῆλθε
2899 2690 2959 2741 τὸ
2998 2689 3344 2760 δυστύχημα.
3391 2690 3536 2744 Ἰδὼν
3569 2691 3676 2760 γάρ

2095 2795 2218 2831 τινα
2240 2778 2350 2830 τῶν
2380 2779 2544 2849 πέριξ
2574 2779 2755 2847 λόφων
2800 2781 2964 2851 μόνον
3014 2781 3120 2835 ὑπὸ
3174 2782 3268 2835 τοῦ
3319 2782 3675 2853 κρημνώδους

2073 2870 2176 2941 ,μὴ
2219 2870 2792 2941 προκατειλημμένον,
2845 2873 3071 2937 ὁπλίτας
3129 2875 3485 2943 τριακοσίους
3523 2875 3677 2944 παρά

2094 2959 2191 3011 τοῦ
2234 2961 2442 3012 ύπάτου
2491 2962 2753 3030 ᾐτήσατο,
2806 2963 2904 3016 καὶ
2959 2963 3056 3016 σὺν
3113 2963 3300 3026 αὐτοῖς
3350 2965 3438 3016 ἐπ’
3468 2965 3674 3016 ἐκεῖνον

2096 3049 2378 3121 ὥρμησεν,
2435 3050 2503 3102 ἵν’
2534 3051 2584 3102 οἱ
2612 3052 2840 3120 πόλεμοι
2895 3051 3034 3122 πρὸς
3090 3052 3293 3115 αὐτοὺς
3328 3053 3673 3123 τράπωνται,

2097 3143 2398 3198 κάντεῦθεν
2429 3145 2480 3196 υί
2533 3143 2715 3197 λοιποὶ
2765 3144 3116 3212 διαφύγωσιο
3144 3146 3238 3199 καὶ
3267 3145 3425 3216 ἔσχεν
3476 3147 3673 3211 οὕτως.

2109 3236 2197 3298 Ὠς
2221 3236 2331 3304 γὰρ
2355 3237 2456 3304 τὴν
2491 3235 2672 3305 ὁρμὴν
2703 3235 2888 3288 αὐτῶν
2921 3232 3062 3288 εἶδον
3091 3238 3142 3290 ot
3185 3239 3436 3299 ἐναντίοι,
3469 3239 3677 3292 ἐκπλαο

2096 3328 2308 3396 γέντες,
2339 3327 2433 3379 τὸν
2487 3327 2587 3395 μὲν
2632 3327 2840 3380 ὕπατον
2893 3329 2988 3380 καὶ
3022 3331 3150 3391 τοὺς
3213 3329 3344 3398 περὶ
3379 3329 3564 3393 αὑτὸν,
3597 3329 3676 3392 ὡς

2095 3421 2197 3492 ήδη
2231 3420 2568 3483 ἑαλωκότας,
2619 3420 2933 3485 κατέλιπον,
2971 3420 3063 3472 ἐπὶ
3092 3421 3147 3473 δὲ
3176 3420 3270 3473 τὴν
3300 3421 3678 3492 Καλπούρνιον

2099 3512 2460 3582 συνέδραμον.
2489 3511 2600 3563 Καὶ
2662 3512 2842 3581 μάχης
2875 3511 3105 3581 ἰσχυρᾶς
3147 3511 3460 3579 γεγονυίας,
3493 3513 3680 3565 πολλοὶ

2101 3605 2202 3674 μὲν
2233 3603 2528 3667 κάκείνων,
2562 3604 2764 3666 πάντες
2792 3604 2835 3655 δ’
2867 3605 2915 3655 οί
2965 3604 3270 3673 τριακόσιοι
3305 3604 3502 3658 ἔπεσον
3527 3621 3541 3636 ·
3578 3605 3679 3672 μό-

2097 3711 2187 3758 νος
2215 3695 2272 3747 δέ
2295 3695 2703 3767 περιεσέσωστο
2748 3697 2776 3748 ὁ
2819 3695 3222 3767 Καλπούρνιος,
3261 3697 3494 3766 τρωθεὶς
3527 3696 3631 3768 μέν
3661 3717 3675 3730 ο

410 3764 674 3856 pugnant,
705 3788 872 3844 etiam
923 3791 1114 3845 consul
1164 3790 1412 3854 Attilius,
1460 3794 1666 3847 evitato
1718 3793 1988 3862 periculo,

2098 3786 2276 3840 λαθὼν
2323 3764 2383 3840 δ’-
2413 3789 2471 3841 ἐν
2509 3789 2626 3850 τοῖς
2678 3790 2898 3856 νεκροῖς
2951 3764 3208 3858 κείμενος
3235 3764 3340 3842 ὑπὸ
3365 3790 3476 3842 τῶν
3499 3764 3680 3860 spatio

411 3880 702 3934 Camarina
732 3891 787 3936 et
831 3882 955 3936 aliis
999 3883 1231 3937 urbibus
1265 3884 1464 3953 partim
1487 3885 1561 3949 vi,
1596 3886 1796 3954 partim
1835 3885 1992 3939 dedi-

413 3987 563 4026 tione
621 3974 884 4038 subactis,
936 3975 1003 4029 ad
1053 3975 1310 4046 Liparam
1354 3976 1724 4045 proficiscitur
1773 3996 1784 4031 :
1826 3994 1991 4048 quam

411 4081 536 4118 cum
581 4063 856 4120 Hamilcar
904 4068 1044 4122 clam
1092 4078 1257 4122 noctu
1285 4079 1630 4137 occupasset,
1663 4070 1996 4124 subitacru.

413 4159 600 4228 ptione
645 4161 811 4223 facta,
845 4162 1049 4216 multos
1079 4163 1312 4216 caecidit.
1347 4162 1513 4217 Caius
1546 4179 1678 4217 vero
1726 4163 1995 4233 Sulpitius

413 4267 523 4304 non
550 4253 714 4305 modo
746 4253 1013 4309 Sardinia!
1064 4258 1327 4324 pleraque
1362 4255 1480 4309 loca
1533 4254 1820 4310 infestavit
1850 4271 1864 4310 :
1895 4255 1993 4311 sed

410 4345 758 4400 successibus
800 4346 998 4412 elatus,
1046 4347 1212 4400 etiam
1245 4358 1438 4401 contra
1483 4347 1710 4418 Libyam
1768 4349 1874 4403 iter
1905 4351 1992 4404 in-

413 4436 610 4490 tendit.
677 4437 754 4491 Ac
786 4437 1274 4508 Carthaginienses
1329 4454 1453 4493 cum
1507 4437 1778 4494 Annibale
1814 4441 1992 4494 solve-

415 4535 563 4587 runt,
594 4529 782 4596 patriae
812 4540 1120 4584 metuentes
1148 4548 1160 4583 :
1187 4530 1284 4584 sed
1309 4541 1475 4586 vento
1500 4531 1732 4586 adverso
1764 4533 1992 4602 repulsi,

413 4602 576 4674 ambo
605 4633 972 4678 recesserunt.
1031 4622 1242 4678 Deinde
1287 4623 1513 4678 Attilius
1546 4624 1870 4677 Annibalem
1897 4639 1996 4692 per

414 4713 751 4767 subornatos
775 4714 1105 4783 transfugas,
1143 4723 1402 4784 tanquam
1443 4713 1626 4768 denuo
1668 4715 1721 4768 in
1752 4715 1991 4772 Africam

413 4807 791 4874 navigaturus.
829 4805 1066 4875 decepit.
1101 4806 1240 4861 Cum
1270 4807 1439 4876 igitur
1466 4808 1724 4862 celeriter
1755 4823 1786 4862 e
1822 4817 1987 4877 portu

414 4897 687 4962 solvisset,
716 4897 987 4967 Sulpitius
1009 4909 1202 4952 contra
1223 4915 1350 4952 eum
1382 4901 1657 4964 invectus,
1695 4901 1990 4970 plerasque

413 5006 582 5044 naves
624 4991 766 5059 ejus,
818 5005 929 5058 pra:
966 4990 1198 5060 caligine
1242 4991 1336 5046 diu
1390 4992 1708 5062 ignorantes
1739 4993 1868 5062 quid
1913 4992 1991 5046 rei

411 5094 584 5141 esset.
625 5099 691 5138 ac
743 5083 1012 5146 turbatas,
1057 5083 1321 5137 demersit
1365 5103 1379 5139 :

413 5177 796 5248 profugerunt,
817 5185 982 5246 atque
1008 5177 1198 5230 inanes
1219 5184 1392 5245 captae
1415 5185 1566 5230 sunt.
1597 5177 1730 5230 Nam
1753 5177 1989 5230 Annibal

415 5287 537 5326 cum
577 5281 794 5340 portum
847 5285 956 5323 non
1017 5278 1194 5323 tutum
1232 5284 1352 5323 esse
1383 5267 1616 5330 videret,
1657 5267 1724 5321 iis
1764 5267 1990 5330 relictis,

415 5366 471 5419 in
519 5363 708 5418 urbem
761 5361 956 5418 Sulcos
990 5377 1050 5417 se
1084 5361 1318 5416 contulit
1361 5379 1374 5414 :
1409 5358 1596 5427 ibique
1634 5367 1752 5412 orta
1802 5368 1994 5412 contra

415 5471 539 5509 eum
581 5455 849 5510 seditione
878 5451 1437 5522 Carthaginiensium,
1471 5464 1596 5502 cum
1623 5449 1774 5503 solus
1803 5449 1868 5502 ad
1899 5463 1996 5502 eos

420 5547 733 5616 prodiissct,
771 5547 958 5617 periit.
987 5545 1066 5600 Ex
1095 5560 1163 5599 eo
1191 5555 1438 5614 tempore
1473 5542 1706 5598 Romani
1743 5543 1996 5598 securius

421 5655 583 5710 agros
625 5639 972 5710 populantes,
1019 5637 1086 5692 ab
1122 5637 1388 5692 Hannone
1436 5635 1565 5690 victi
1594 5644 1741 5690 sunt.
1779 5635 1903 5689 Παεο
1928 5649 1997 5688 eo

422 5748 567 5785 anno
617 5741 766 5802 gesta
810 5739 941 5786 sunt
978 5749 992 5785 :
1031 5739 1087 5785 et
1135 5731 1484 5784 continenter
1523 5727 1732 5797 lapides
1763 5726 1832 5781 de
1856 5726 1997 5780 cmlo

427 5821 589 5878 simul
623 5823 831 5896 plures,
872 5821 1155 5894 grandinis
1199 5823 1392 5888 instar,
1433 5821 1618 5875 Roma:
1651 5817 1996 5875 decidet-unt.

2099 3883 2304 3952 μάτων,
2329 3883 2406 3948 ὠς
2451 3885 2748 3956 τεθνηκὼς,
2785 3885 2916 3938 ἔνθα
2980 3884 3118 3948 ζωὸς
3169 3884 3419 3953 εὑρεθεὶς
3471 3885 3677 3952 ἐσώθη.

2107 3977 2199 4028 Ἐν
2228 3968 2272 4044 ᾧ
2303 3977 2348 4030 δ’
2371 3977 2420 4028 οἱ
2473 3978 2779 4046 τριακόσιοι
2820 3978 3109 4046 ἐμάχοντο,
3144 3979 3172 4030 6
3212 3977 3418 4040 ὕπατος
3455 3978 3677 4048 ἀπεχώ-

2099 4083 2252 4136 ρησε.
2301 4069 2592 4136 Διαφυγὼν
2639 4070 2684 4122 δ’
2714 4068 2910 4133 οὕτως,
2945 4069 3042 4138 τήν
3091 4085 3150 4121 τε
3199 4070 3523 4137 Καμαρϊναν
3584 4071 3677 4123 καί

2095 4158 2261 4221 ἄλλας
2312 4161 2496 4222 πόλεις
2545 4161 2644 4223 τὰς
2681 4161 2781 4228 μὲν
2849 4160 2961 4231 βίᾳ,
3022 4159 3123 4222 τὰς
3171 4158 3230 4210 δὲ
3271 4159 3365 4214 καὶ
3416 4160 3680 4231 ὁμολογίᾳ

2102 4251 2502 4320 παρεστήσατο.
2551 4251 2834 4305 Ἐντεῦθεν
2879 4251 2972 4304 ἐπὶ
2999 4251 3097 4320 τὴν
3130 4251 3388 4322 Λιπάραν
3419 4251 3682 4322 ὥρμησεν

2094 4345 2123 4397 ό
2172 4343 2454 4407 ’Δττίλιος.
2500 4344 2714 4406 Νυκτὸς
2763 4344 2823 4396 δέ
2866 4345 3045 4397 λαθὼν
3089 4344 3467 4416 προκατέσχεν
3509 4346 3682 4415 αὐτὴν

2095 4437 2123 4488 6
2191 4436 2456 4504 ’Λμίλκας
2491 4453 2505 4468 ·
2559 4436 2657 4488 καὶ
2717 4435 3028 4498 ἐπεξελθὼν
3083 4435 3398 4504 αἰφνιδίως,
3450 4436 3679 4500 πολλοὺς

2094 4528 2393 4598 διέφθειρε.
2434 4528 2596 4590 Γάἴος
2647 4528 2704 4580 δὲ
2751 4529 3075 4590 Σουλπίκιος
3107 4528 3206 4597 τῆς
3246 4547 3304 4581 τε
3347 4528 3584 4600 Σαρδοῦς
3611 4531 3680 4583 τὰ

2097 4621 2327 4673 πλεῖστα
2377 4621 2707 4690 κατέδραμε,
2757 4620 2856 4673 καὶ
2910 4621 3333 4691 ὑπερφρονήσας
3373 4623 3438 4673 ἐκ
3463 4620 3677 4685 τούτου,

2097 4711 2360 4781 ὥρμησεν
2400 4712 2494 4764 ἐπὶ
2540 4712 2640 4782 τὴν
2696 4711 2924 4782 Λιϐύην.
2961 4713 3069 4765 Καί
3118 4712 3345 4782 ἀπῆραν
3379 4711 3479 4782 μέν
3510 4713 3603 4764 xa‘t
3628 4713 3679 4764 οί

2097 4805 2463 4875 Καρχηδόνιοι
2507 4806 2604 4858 σῦν
2633 4803 2710 4874 τῷ
2755 4805 2997 4873 Ἀννίϐα,
3024 4805 3155 4875 περὶ
3195 4807 3309 4866 τοῖς
3349 4805 3490 4857 οἶκοι
3534 4803 3682 4856 δεδόο

2096 4914 2209 4960 τες.
2257 4897 2746 4960 ’.ἀντιπνεύσαντος
2775 4897 2832 4949 δὲ
2889 4895 3204 4965 πνεύματος
3259 4895 3477 4964 σφίσιν,
3511 4897 3678 4966 ἄμφω

2097 4988 2483 5060 ὑπεχώρησαν.
2535 4991 2645 5042 Καὶ
2716 4989 2856 5058 μετὰ
2893 4989 3066 5042 ταῦτα
3119 4988 3323 5058 ἔσφηλε
3377 4989 3466 5040 διά
3513 5005 3678 5041 τινων

1428 5084 1656 5153 reliquie
1687 5087 1751 5138 ad
1786 5095 1986 5138 terram

2098 5081 2542 5152 ψευδαυτομόλων
2585 5083 2676 5135 τὸν
2720 5082 2968 5135 Ἀννίϐαν
2997 5084 3025 5134 6
3065 5081 3351 5144 Ἀττίλιος,
3385 5081 3459 5143 ὡς
3489 5082 3546 5143 ἐς
3575 5080 3678 5146 τὴν

2098 5175 2307 5245 Λιϐύην
2376 5172 2536 5234 αὖθις
2588 5174 2979 5243 πλευσόμενος.
3012 5173 3222 5244 Σπουδῇ
3272 5190 3332 5225 τε
3383 5167 3478 5226 οὖν
3527 5171 3680 5241 αὐτῷ

2101 5267 2452 5339 ἐξαναχθέντι
2517 5267 2854 5328 ἐπιπλεύσας
2913 5267 2942 5318 6
3011 5267 3358 5330 Σουλπίκιος,
3423 5267 3526 5329 τὰς
3579 5265 3680 5335 μὲν

2101 5358 2326 5420 πλείους
2360 5355 2472 5410 τῶν
2517 5357 2654 5411 νεῶν
2682 5356 2984 5424 ἀγνοούσας
3017 5357 3124 5410 ὑπὸ
3152 5358 3385 5427 ὁμίχλης
3415 5357 3509 5410 ἐπὶ
3541 5357 3677 5410 πολὺ

2099 5453 2162 5504 τὸ
2195 5452 2505 5520 γινόμενον,
2554 5450 2650 5504 καὶ⁵
2700 5449 3114 5520 ταραττομὲνας
3166 5449 3455 5504 κατέδυσεσ
3485 5449 3583 5513 τὰς
3619 5449 3677 5502 δὲ

2101 5539 2293 5600 λοιπὰς
2337 5536 2758 5605 καταφυγοῦσας
2802 5538 2859 5600 ἐς
2903 5541 3006 5606 τὴν
3044 5540 3149 5607 γῆν
3195 5540 3360 5600 κενὰς
3409 5533 3576 5591 εἷλεν.
3620 5536 3678 5589 ’0

2101 5631 2211 5700 γὰρ
2251 5627 2519 5691 Ἀννίϐας,
2571 5628 2674 5680 οὐκ
2704 5628 2924 5697 ἀσφαλῆ
2952 5629 3044 5682 τὸν
3099 5629 3290 5699 λιμένα
3320 5630 3482 5700 ὁρῶν,
3515 5646 3680 5682 κατα-

2101 5719 2274 5774 λιπὼν
2318 5720 2488 5781 αὐτὰς
2526 5719 2879 5791 ἀνεχώρησεν
2923 5722 3003 5783 είς
3041 5721 3195 5774 πόλιν
3235 5720 3522 5784 Σουλκούς.
3557 5721 3653 5771 Ἕν

2105 5812 2172 5867 θα
2215 5811 2628 5869 στασιασάντων
2662 5811 2797 5883 πρὸς
2832 5811 2995 5866 αῦτὺν
3038 5811 3449 5884 Καρχηδονίωι,
3481 5809 3667 5880 προῆλ·
