4060 6420
362 354 471 417 Βὶἰθ
1613 362 1962 424 ANNALIU

2023 415 2025 420 .
2064 362 2213 424 LIB.
2258 364 2424 425 VIII.
3518 372 3626 437 670

359 473 420 526 θὲ
451 489 509 525 τε
536 473 594 536 ές
618 471 819 537 αὐτοὺς
852 473 1036 543 μόνος,
1077 473 1175 527 καὶ
1197 470 1470 528 ἀπώλετο.
1512 474 1858 545 ’Δδεέστερον
1894 475 1938 527 δ’

2044 473 2193 530 Idem
2238 476 2292 530 in
2328 476 2562 542 Albano,
2597 484 2655 534 et
2691 475 2823 531 alibi
2855 491 3074 549 quoque
3107 479 3329 535 fartum.
3357 480 3626 539 Consules

367 567 433 620 ἐκ
454 564 650 618 τούτου
683 563 784 634 τὴν
844 563 1031 635 χώραν
1072 565 1508 636 κατατρέχοντες
1556 569 1605 620 oi
1646 569 1933 639 Ῥωμαῖοι,

2046 568 2100 621 in
2142 567 2382 622 Siciliam
2428 568 2682 637 profecti,
2735 566 2991 638 Liparam
3032 584 3441 642 oppugnarunt.
3483 574 3622 631 Cum

361 655 679 727 ἣτ’τήθησαν
731 657 837 711 ὑπὸ
871 658 1168 721 Ἄννωνος.
1224 656 1411 711 Ταῦτα
1438 660 1497 711 ἐν
1522 659 1600 729 τῷ
1625 658 1735 714 ἔτει
1760 659 1936 730 τούτῳ

2044 665 2224 711 autem
2243 657 2345 712 sub
2366 656 2642 728 Tyndario
2656 661 3035 729 promontorio
3051 659 3535 731 Carthaginienses
3560 665 3616 718 in

362 749 604 818 ἐγένετο.
638 748 749 802 Καὶ
793 750 1034 819 συιηχῶς
1060 749 1199 803 λίθοι
1230 749 1288 817 ἐξ
1318 750 1551 821 οὐρανοῦ
1585 752 1642 815 ἐς
1673 753 1771 822 τὴν
1809 751 1944 805 Ῥώ-

2045 748 2260 802 insidiis
2277 764 2400 803 esse
2425 750 2833 819 cognovissent,
2864 766 3030 805 naves
3052 750 3376 809 diviserunt.
3399 754 3462 809 Et
3494 771 3618 809 cum

367 858 478 909 μην
508 839 627 910 ἅμα
673 839 884 903 πολλοὶ,
911 839 988 903 ώς
1034 840 1130 891 καὶ
1175 840 1388 913 χαλάζῃ
1418 841 1676 906 ἐοικέναι,
1720 842 1937 896 ἔπεσον.

2043 838 2184 893 alter
2245 840 2436 893 consul
2500 840 2729 894 semisse
2784 842 2977 897 classis
3031 845 3464 911 promontorium
3514 847 3625 899 cir-

364 932 473 986 Ka‘.
502 933 561 993 ἐς
590 931 652 984 τὸ
698 930 959 985 Ἀλϐανὸν
987 932 1081 985 καὶ
1108 932 1292 986 ἄλλοθι
1318 932 1494 986 λίθους
1518 932 1718 1002 ὁμοίιος
1743 933 1940 1005 συνῗϐη

2044 930 2436 995 cumdedisset,
2458 941 2608 986 ratus
2642 933 2920 986 llamilcar
2939 949 3065 988 eum
3088 935 3263 988 solum
3288 951 3430 998 esse,
3459 953 3625 991 navos

367 1021 793 1093 κατενεχθῆναι.
828 1023 890 1075 Ol
925 1020 969 1075 δ’
1007 1020 1227 1087 ὕπατοι,
1262 1024 1355 1075 ἐπὶ
1386 1023 1637 1077 Σικελίαν
1672 1024 1940 1088 ἐλθόντες,

2044 1039 2172 1077 snas
2205 1034 2393 1078 contra
2423 1024 2631 1079 eduxit.
2660 1025 2767 1080 Sed
2800 1026 3026 1095 reliquis
3054 1027 3216 1082 etiam
3247 1045 3303 1084 se
3327 1032 3627 1086 ostenden~

364 1114 459 1168 ἐπὶ
490 1114 747 1182 Λιπάραν
791 1113 1183 1183 ἐστράτευσαν.
1225 1113 1379 1166 Ἐπεὶ
1418 1113 1463 1167 δ’
1504 1115 1611 1167 ὑπὸ
1640 1115 1741 1183 τὴν
1766 1116 1941 1187 ἄκραν

2047 1115 2215 1175 tibus.
2256 1116 2308 1169 in
2336 1115 2515 1185 fugam
2559 1132 2769 1180 versus,
2812 1119 3101 1173 maximam
3154 1121 3373 1174 navium
3414 1132 3621 1192 partem

363 1204 466 1276 τὴν
519 1204 822 1275 Τυνδαρίδα
862 1202 1217 1273 καλουμένην
1263 1203 1663 1276 ναυλοχοῦντας
1712 1208 1942 1277 ᾔσθοντο

2043 1206 2248 1262 amisit.
2283 1208 2397 1262 Hoc
2427 1223 2686 1262 successu
2719 1210 2847 1262 elati
2887 1211 3142 1273 Romani,
3183 1211 3393 1277 Sicilia,
3423 1224 3481 1268 ut
3505 1216 3618 1285 jam

366 1297 495 1359 τοὺς
532 1294 939 1366 Καρχηδονίους
959 1335 976 1362 ,
1007 1294 1128 1366 διχῇ
1164 1297 1255 1350 τὸν
1301 1295 1474 1348 πλοῦν
1503 1295 1800 1353 ἐποιοῦντο.
1833 1299 1941 1350 Καὶ

2045 1315 2156 1353 sua:
2174 1299 2422 1361 ditionis,
2457 1301 2670 1363 relicra,
2697 1301 2862 1371 390
2887 1301 3112 1373 Libyam
3143 1312 3198 1358 et
3231 1304 3618 1375 Carthaginem

362 1386 594 1456 θατέρου
641 1387 750 1439 τῶν
808 1387 1033 1440 ὑπάτων
1079 1388 1158 1456 τῷ
1199 1387 1389 1457 ⁴ἡμίσει
1439 1386 1536 1441 τοῦ
1594 1387 1851 1442 ναυτικοῦ
1879 1389 1942 1442 τὸ

2046 1400 2229 1461 petere
2271 1392 2389 1446 ausi
2421 1403 2571 1456 sunt,
2602 1392 2773 1448 ductu
2818 1406 2875 1450 et
2916 1396 3180 1466 auspiciis
3235 1397 3305 1453 Si.
3338 1396 3534 1469 Reguli
3565 1409 3622 1453 et

362 1481 714 1550 ἀκρωτήριον
746 1478 1177 1550 περιϐαλόντος,
1218 1478 1448 1550 νομίσας
1474 1480 1502 1531 ὁ
1540 1479 1805 1549 Ἀμίλκας
1837 1482 1939 1551 μό-

2043 1483 2105 1537 L.
2153 1484 2337 1538 Manlii
2384 1501 2397 1537 :
2432 1485 2524 1553 qui
2566 1486 2636 1538 ob
2683 1487 2944 1540 virtutem
2985 1489 3195 1556 praelati
3228 1492 3464 1552 caeteris,
3495 1505 3619 1544 cum

360 1589 485 1634 νους
525 1567 689 1636 εἶναι,
723 1570 1019 1642 ἐξανήχθη.
1071 1570 1165 1633 Ὠς
1203 1571 1257 1623 δὲ
1289 1573 1381 1624 καὶ
1435 1572 1487 1625 οί
1523 1571 1706 1626 λοιποὶ
1749 1574 1941 1641 ἐπεγέ-

2044 1574 2097 1628 in
2131 1574 2315 1629 Sicilia
2357 1576 2719 1645 appulissent,
2773 1576 2958 1632 insula
3001 1578 3275 1641 ordinata,
3316 1579 3623 1650 navigatio-

361 1681 534 1730 vowo,
568 1664 706 1735 πρὸς
734 1663 913 1735 φυγὴν
946 1662 1217 1734 ἐχώρησε,
1240 1663 1335 1717 καὶ
1362 1662 1459 1716 τοῦ
1492 1663 1751 1729 ναυτικοῦ
1784 1665 1940 1719 πλεῖ-

2044 1679 2168 1718 nem
2195 1664 2452 1736 Libycam
2484 1664 2846 1721 adornarunt.
2896 1666 3100 1723 Verum
3136 1666 3621 1737 Carthaginienses

363 1775 493 1811 στον
527 1758 824 1811 ἀπέϐαλεν.
867 1756 1234 1827 Ἐπαρθέντες
1279 1757 1326 1810 δ’
1363 1758 1414 1809 οἱ
1458 1757 1748 1829 Ῥωμαῖοι,
1781 1758 1941 1812 Σικε-

2044 1772 2234 1811 eorum
2250 1758 2484 1811 adventu
2508 1772 2618 1810 non
2644 1766 2977 1827 exspectato,
3006 1758 3178 1813 classe
3201 1759 3622 1813 celeritvrcom-

363 1808 489 1904 διά..
522 1808 1185 1921 42;,isgtsse‘sg...
1212 1808 1403 1915 oboav,
1436 1808 1754 1913 astas:
1781 1808 1936 1924 ξῇἷι

2054 1808 2313 1811 ηοω-ρ
2510 1808 2542 1810 __
2587 1808 2618 1810 __
3013 1808 3173 1813 πή-
3430 1808 3588 1813 _--__-

2045 1857 2252 1918 parata.
2297 1849 2449 1920 juxta
2487 1847 2802 1903 Heracleam
2854 1864 2979 1903 cum
3023 1849 3107 1904 eis
3155 1849 3434 1919 congressi
3469 1859 3618 1903 sunt.

356 1930 534 2011 Διϐὖῃ
578 1944 644 2015 τῇ
700 1958 760 1995 τε
816 1941 1127 2012 Καρχηδόνι
1188 1942 1545 2014 ἐπιχειρῆσαι
1601 1944 1933 2016 ἐτόλμησαν.

2043 1939 2293 2009 Cumque
2322 1938 2415 1993 diu
2456 1954 2612 2009 aequo
2643 1940 2815 1995 Marte
2851 1948 3149 2010 pugnatum
3186 1949 3353 2001 esset.
3387 1939 3620 1996 Romani

369 2032 632 2102 Ἡγοῦντο
681 2033 735 2088 δέ
766 2033 951 2088 αὐτῶν
982 2034 1010 2087 ὃ
1047 2051 1106 2088 τε
1149 2033 1444 2106 Ῥηγοῦλος
1491 2037 1520 2090 ὁ
1561 2037 1810 2107 Μάρκος,
1840 2038 1936 2092 καὶ

2043 2030 2266 2085 tandem
2323 2029 2602 2084 vicerunt.
2660 2029 2900 2083 Amilcar
2939 2043 3072 2083 vero
3115 2044 3226 2083 non
3267 2029 3502 2097 amplius
3541 2026 3622 2080 eis

354 2125 590 2190 Λούκιος
639 2125 868 2190 Μάλιος,
913 2124 973 2191 ἐξ
1005 2126 1209 2198 ἀρετῆς
1265 2127 1682 2199 προκριθέντες.
1731 2128 1843 2183 Kal.
1887 2131 1936 2181 οἱ

2042 2124 2300 2178 resistere
2333 2136 2523 2182 ausus.
2574 2131 2630 2177 et
2678 2136 2804 2178 cum
2854 2136 3007 2192 spem
3039 2121 3291 2186 haberet,
3320 2121 3486 2176 domo
3517 2120 3622 2175 sibi

367 2217 493 2287 μὲν,
534 2220 617 2279 εἰς
650 2216 750 2287 τὴν
780 2216 1035 2272 Σικελίαν
1092 2218 1450 2287 πλεύσαντες,
1479 2219 1548 2273 τὰ
1569 2222 1750 2274 ἐκεῖσε
1782 2218 1937 2273 καθί-

2044 2216 2272 2268 missum
2327 2213 2394 2267 iri
2427 2212 2752 2279 exercitum,
2784 2224 2999 2284 tempus
3040 2211 3333 2268 extrahere
3373 2211 3622 2281 cupiens,

359 2324 525 2372 στων,
581 2307 678 2361 καὶ
731 2307 824 2361 τὸν
877 2309 937 2371 ἐς
993 2306 1093 2380 τὴν
1122 2309 1330 2380 Λιϐύην
1375 2311 1705 2382 ηὑτρέπιξον
1735 2309 1928 2365 πλοῦν.

2049 2305 2372 2360 Hannonem
2408 2305 2475 2360 ad
2509 2321 2607 2361 eos
2638 2321 2737 2376 per
2771 2308 3014 2377 speciem
3049 2306 3303 2376 petendae
3333 2306 3483 2376 pacis
3516 2303 3623 2357 mi-

359 2397 728 2470 Καρχηδόνιοι
760 2397 819 2452 δέ
850 2400 952 2453 οὐκ
987 2400 1284 2470 ἀνέμειναν
1337 2402 1537 2467 αὐτοὺς
1600 2402 1935 2457 ἐπιπλεῦσαι

2037 2397 2130 2452 sit.
2162 2395 2336 2463 Quem
2362 2411 2486 2451 cum
2509 2396 2731 2467 quidam
2753 2397 3342 2467 comprehendendum
3361 2412 3483 2452 esse
3512 2396 3626 2450 cla.-

360 2490 570 2558 σφίσιν,
622 2491 760 2545 ἀλλὰ
839 2493 1402 2563 παρασκευασάμενοι
1472 2495 1610 2567 πρὸς
1683 2495 1937 2551 Σικελίαν

2046 2489 2331 2553 mitarent,
2380 2488 2529 2558 quod
2561 2489 2729 2544 etiam
2767 2488 3252 2560 Carthaginienses
3303 2487 3619 2543 Cornelium

354 2580 721 2652 ἠπείχθησαν,
743 2583 840 2637 καὶ
879 2582 1031 2649 παρὰ
1067 2585 1132 2654 τῇ
1191 2582 1612 2655 Ἡρακλειώτιδι
1656 2586 1715 2649 ὲς
1749 2587 1938 2656 χεῖρας

2043 2580 2239 2635 fraude
2267 2581 2541 2651 cepissent
2585 2600 2599 2635 :
2642 2578 2700 2635 Si
2723 2580 2888 2647 istud,
2934 2580 3134 2650 inquit.
3183 2579 3428 2650 feceritis,
3478 2577 3621 2648 Afris

357 2671 611 2743 ἀλλήλοις
646 2668 829 2744 ἦλθον.
871 2673 1187 2745 ’ἰσορρόπου
1236 2675 1295 2728 δὲ
1344 2677 1446 2746 τῆς
1490 2675 1801 2747 ναυμαχίας
1841 2675 1940 2731 ἐπὶ

2041 2673 2206 2730 nihilo
2241 2674 2362 2742 jam
2409 2673 2804 2741 prtestantiores
2835 2673 3001 2726 eritis.
3037 2671 3114 2725 Ea
3147 2679 3256 2725 tam
3308 2682 3619 2740 opportuna

357 2764 496 2816 πολὺ
534 2765 850 2837 γινομένης,
890 2766 1049 2827 τέλος
1098 2765 1407 2838 ὑπερέσχον
1437 2765 1720 2837 Ῥωμαῖοι.
1752 2767 1940 2838 ’Δμίλ-

2044 2765 2361 2820 adulatione
2416 2762 2708 2818 incolumis
2763 2764 2958 2818 evasit.
3005 2763 3086 2818 Illi
3142 2779 3276 2818 vero
3325 2777 3519 2818 rursus
3566 2765 3620 2817 in

359 2872 461 2918 κας
492 2854 548 2908 δὲ
599 2856 920 2926 ἀντιστῆναι
964 2856 1153 2918 αὐτοῖς
1184 2855 1374 2910 οὐκέτι
1425 2857 1655 2928 ἐτόλμα·
1686 2860 1937 2915 ’Ἄννωνα

2042 2856 2250 2912 bellum
2275 2853 2668 2910 incubuerunt.
2697 2852 2774 2909 Ac
2795 2854 3050 2911 consules
3068 2852 3315 2909 Messana
3349 2853 3623 2924 proiectos

358 2947 416 3001 δὲ
461 2947 603 3020 πρὸς
656 2948 855 3011 αὐτοὺς
884 2947 1157 3018 επεμψεν,
1198 2948 1273 3011 ὡς
1303 2949 1446 3022 ὑπὲρ
1475 2952 1722 3024 είρηνης,
1747 2952 1937 3023 βουλό-

2048 2947 2324 3003 Hamilcar
2352 2957 2408 3002 et
2438 2946 2631 3015 Hanno
2661 2945 2852 3000 divisis
2883 2946 3061 3015 copiis
3087 2945 3350 3015 utrinque
3377 2945 3622 3000 circum-

361 3055 523 3105 μενος
549 3039 643 3091 τὸν
674 3039 869 3109 καιρὸν
910 3040 1122 3109 τρίϐειν
1175 3039 1398 3112 (ἤλπιζε
1435 3040 1546 3112 γὰρ
1594 3042 1933 3112 στράτευμαο

2049 3039 2184 3095 dare
2214 3046 2551 3094 statuerunt.
2597 3035 2704 3092 Sed
2758 3035 2953 3092 Hanno
3004 3052 3195 3092 eorum
3236 3052 3459 3093 accessu
3511 3053 3620 3092 non

357 3131 406 3183 οἱ
440 3129 867 3201 πεμφθήσεσθαι
911 3130 1171 3199 οῐκοθεν),
1208 3134 1423 3188 Ἀννων
1450 3134 1511 3188 δὲ
1564 3134 1818 3205 βοώντων
1847 3154 1932 3190 τι-

2039 3138 2377 3202 exspectato,
2406 3128 2473 3184 ad
2510 3127 2900 3199 Carthaginem
2953 3129 3239 3184 tutandam
3283 3130 3617 3199 properavit.

359 3222 467 3276 νῶν
516 3222 804 3276 συλλαϐεῖν
845 3224 1029 3287 αὐτὸν,
1082 3225 1168 3279 ὅτι
1234 3227 1331 3280 καὶ
1358 3227 1729 3298 Καρχηδόνιοι
1751 3229 1936 3303 ἀπάτῃ

2043 3226 2163 3295 Quo
2191 3225 2431 3281 Amilcar
2455 3225 2698 3294 cognito,
2719 3226 2915 3280 eodem
2945 3225 3069 3280 loco
3100 3225 3321 3280 mansit.
3346 3225 3618 3281 Caeterum

360 3313 655 3368 συνέλαϐον
701 3315 794 3368 τὸν
845 3315 1168 3388 Κορνήλιον·
1226 3319 1336 3372 Ἂν
1379 3318 1559 3373 τοῦτο
1617 3319 1938 3389 ποιήσητε,

2044 3320 2278 3375 Romani
2310 3332 2579 3373 exscensn
2614 3316 2669 3370 in
2696 3326 2898 3371 terram
2935 3314 3102 3382 facto,
3134 3314 3393 3385 Aspidem
3424 3314 3617 3369 urbem

360 3401 536 3473 εἶπεν,
577 3406 761 3461 οὐδὲν
808 3407 897 3462 ἔτι
935 3408 1244 3478 κρείττους
1281 3408 1402 3465 τῶν
1425 3412 1661 3467 Λιϐύων
1696 3414 1938 3469 ἔσεσθε.

2044 3412 2408 3467 invaserunt:
2461 3424 2603 3480 quos
2643 3424 2767 3463 cum
2804 3408 2957 3464 cives
3003 3407 3273 3463 accedere
3326 3406 3619 3469 vidissent,

359 3499 602 3563 Ἐκεῖνος
630 3499 731 3568 μὲν
746 3499 840 3555 οὖν
856 3500 1227 3570 εὐκαιρότατα
1249 3502 1540 3569 θωπεύσας
1557 3506 1775 3570 αὐτοὺς,
1791 3506 1942 3561 οὐδὲν

2046 3520 2078 3560 e
2109 3505 2291 3559 medio
2315 3510 2691 3558 excesserunt.
2745 3500 2828 3557 Ita
2885 3500 3079 3556 urbem
3123 3500 3358 3557 Romani
3391 3513 3621 3552 vacuant

363 3589 588 3654 ἔπαθεν,
605 3590 656 3644 oi
684 3590 742 3644 δὲ
768 3592 865 3645 καὶ
890 3587 1050 3656 αὖθις
1079 3593 1176 3646 τοῦ
1199 3594 1447 3665 πολέμου
1477 3597 1712 3668 εἴχοντο.
1746 3599 1856 3652 Καὶ
1888 3600 1940 3653 oi

2047 3604 2315 3668 ceperunt
2349 3613 2364 3652 :
2411 3610 2587 3666 eaque
2628 3593 2696 3649 ad
2748 3594 2877 3649 belli
2920 3593 3141 3665 gerendi
3175 3592 3622 3648 commoditatem

366 3684 468 3750 μὲν
516 3681 715 3736 ὕπατοι
760 3684 825 3737 ἐκ
879 3685 980 3755 τῆς
1017 3685 1276 3758 Μεσήνης
1321 3687 1537 3755 ἔπλεον,
1581 3690 1848 3761 Ἀμίλκας
1878 3691 1936 3747 δὲ

2047 3689 2151 3751 usi,
2188 3697 2353 3757 atque
2411 3687 2539 3741 inde
2571 3701 2861 3756 erumpere
2900 3684 3071 3750 soliti,
3105 3699 3264 3756 agros
3299 3691 3622 3746 vastarunt;

360 3778 460 3830 καὶ
486 3780 698 3833 Ἀννων
725 3779 1121 3854 διαιρεθέντες,
1152 3782 1546 3856 ἀμφοτέρωθεν
1572 3785 1769 3850 αὐτοὺς
1790 3803 1948 3858 περι-

2040 3789 2100 3836 et
2138 3780 2273 3834 alias
2315 3779 2480 3834 urbes
2507 3778 2581 3843 vi,
2624 3778 2758 3833 alias
2781 3776 3063 3832 deditione
3099 3777 3463 3847 subegerunt,
3496 3789 3617 3828 ma.

365 3875 520 3943 σχεῖν
574 3874 873 3945 ἐμελέτων.
923 3876 1068 3930 Ἀλλ’
1094 3879 1122 3930 ὁ
1179 3876 1282 3945 μὲν
1315 3879 1530 3932 Ἀννων
1582 3878 1681 3948 οὐχ
1730 3877 1941 3948 ὑπέστη

2040 3888 2313 3944 gnamque
2361 3871 2598 3942 praedam
2648 3881 2962 3942 ceperunt:
3012 3879 3070 3925 et
3112 3869 3447 3937 transfugas,
3487 3881 3622 3922 suo.

365 3968 701 4037 προσιόντας
741 3968 967 4033 αὐτούς·
995 3968 1495 4040 προκαταπλεύσας
1525 3968 1571 4022 δ’
1600 3969 1680 4032 είς
1712 3970 1942 4039 Καρχη-

2040 3981 2274 4036 rumque
2320 3964 2616 4035 plurimos,
2669 3962 2829 4019 bellis
2877 3961 3158 4033 prioribus
3202 3970 3418 4032 captos,
3462 3973 3619 4014 roceo

357 4057 509 4126 δόνα,
538 4058 743 4128 ταύτην
776 4059 1092 4129 ἐφίλασσεν.
1135 4060 1195 4112 '0
1218 4058 1275 4112 δέ
1315 4058 1603 4128 Ἀμίλκας,
1629 4057 1937 4128 πυθόμενος
2043 4063 2266 4126 perunt.

357 4160 540 4225 τοῦτο,
600 4155 745 4210 κατὰ
794 4155 980 4226 χώραν
1020 4153 1237 4223 ἔμενεν.
1284 4152 1578 4216 Ἐκϐάντες
1622 4151 1668 4206 δ’
1725 4153 1807 4217 είς
1855 4151 1954 4224 τὴν
1989 4154 2096 4222 γῆν
2163 4150 2214 4204 οἱ
2286 4149 2576 4219 Ῥωμαῖοι,
2607 4146 2703 4202 ἐπὶ
2747 4145 2847 4218 τὴν
2895 4145 3130 4201 Ἀσπίδα
3171 4146 3273 4217 τὴν
3300 4146 3459 4200 πόλιν
3481 4142 3622 4217 ἐχώη

361 4269 560 4323 ρησαν.
594 4250 704 4312 Οὓς
741 4250 947 4313 ίδόντες
987 4247 1319 4320 προσιόντας
1351 4249 1406 4301 οἱ
1468 4248 1777 4319 ἐπιχώριοι,
1840 4246 2277 4317 προῡπεξῆλθον,
2335 4245 2433 4299 καὶ
2478 4243 2690 4315 όιμαχελ⁸
2740 4244 3111 4315 κατασχόντες
3153 4243 3328 4314 αὐτὴν
3401 4243 3454 4296 oi
3496 4241 3627 4297 Ῥω-

362 4348 534 4418 μαῖοι,
561 4344 654 4399 τοῦ
699 4343 941 4413 πολέμου
969 4343 1315 4416 ὁρμητήριον
1356 4343 1709 4413 ἐποιήσαντο.
1741 4341 2057 4396 Κάντεῦθεν
2094 4342 2196 4412 τήν
2257 4355 2320 4393 τε
2379 4338 2482 4410 γῆν
2514 4337 2809 4408 ἐπόρθουν,
2856 4335 2953 4390 καὶ
3003 4335 3193 4399 πόλεις
3238 4336 3337 4398 τὰς
3370 4335 3470 4407 μέν
3499 4334 3621 4389 ἐθε-

361 4437 607 4503 λουσίας,
639 4437 740 4502 τὰς
769 4438 825 4492 δὲ
854 4436 1008 4509 φόϐῳ
1032 4437 1439 4507 προσεκτῶντο,
1464 4437 1621 4491 λείαν
1681 4453 1745 4490 τε
1813 4435 2015 4507 πολλὴν
2053 4435 2386 4504 ἐλάμϐανον,
2440 4432 2541 4487 καὶ⁵
2593 4430 2935 4503 αὐτομόλους
2998 4431 3292 4494 πλείστους
3346 4430 3621 4502 ἐδέχοντο,

358 4536 456 4590 καὶ
489 4534 600 4590 τῶν
629 4533 846 4588 οίκείων
890 4534 1119 4605 συχνοὺς
1144 4533 1254 4587 τῶν
1284 4535 1343 4587 ἐν
1382 4534 1500 4598 τοῖς
1528 4534 1662 4604 πρὶν
1697 4532 1940 4587 ἁλόντων
1979 4532 2239 4599 πολέμοις
2267 4530 2608 4601 ἐκομίζοντο.

432 4630 515 4683 ll".
567 4627 851 4698 Χειμῶνος
893 4627 951 4683 δὲ
998 4629 1393 4699 ἐπιγενομένου
1421 4670 1436 4694 ,
1466 4629 1678 4693 Μάλιος
1726 4629 1830 4699 μὲν
1860 4631 1940 4693 είς
1975 4637 2019 4691 ι)

2014 4652 2019 4681 ι
2114 4627 2255 4682 XIII.
2302 4626 2440 4683 Cum
2491 4627 2669 4681 hiems
2721 4624 3149 4696 supervenisset,
3208 4625 3443 4681 Manlius
3491 4641 3617 4681 cum

371 4718 597 4791 Ῥώμην
629 4719 728 4773 σὺν
757 4721 823 4791 τῇ
854 4720 976 4791 λείᾳ
1008 4721 1346 4784 ἀπέπλευσε,
1387 4721 1683 4793 Ῥηγοῦλος
1714 4723 1759 4776 δ’
1781 4726 1836 4776 ἐν
1866 4726 1934 4795 τῇ

2040 4720 2320 4776 manubiis
2370 4719 2597 4775 Romam
2651 4719 2949 4792 navigavit.
3020 4719 3265 4791 Regulus
3316 4720 3368 4774 in
3433 4718 3616 4775 Africa

357 4810 537 4882 Λιϐύῃ
571 4809 857 4881 ὑπέμεινε.
877 4812 989 4865 Καὶ
1018 4812 1068 4864 οἱ
1106 4812 1469 4883 Καρχηδόνιοι
1491 4814 1549 4867 ὲν
1578 4815 1746 4868 παντὶ
1778 4814 1937 4886 κακῷ

2041 4814 2240 4869 mansit
2270 4812 2750 4884 Carthaginienses
2794 4828 2926 4868 vero
2994 4814 3175 4868 omnis
3216 4812 3434 4883 generis
3463 4812 3624 4868 malis

357 4901 645 4971 ¹γεγόνασι,
684 4901 786 4972 τῆς
841 4901 1032 4974 χώρας
1070 4920 1131 4956 τε
1167 4904 1551 4975 πορθουμένης
1600 4906 1808 4972 αὐτῶν,
1839 4909 1936 4960 καὶ

2040 4905 2423 4962 conﬂictantes
2472 4911 2620 4974 (nam
2657 4913 2714 4959 et
2764 4921 2895 4976 ager
2933 4906 3273 4972 vastabatur,
3303 4916 3354 4961 et
3400 4904 3620 4960 linitimi

357 4992 471 5048 τών
501 4992 801 5065 περιοίκων
830 4994 1340 5066 ἀλλοτριουμένων,
1374 4998 1470 5051 καὶ
1522 4998 1940 5070 κατειληθέντες

2039 4998 2445 5065 alienabantur)
2478 4997 2622 5052 intra
2655 4998 2857 5052 muenia
2879 4999 3192 5069 conglobati
3225 5013 3286 5054 se
3318 5000 3615 5053 continue-

360 5087 443 5149 εἰς
491 5086 556 5138 τὸ
608 5088 788 5158 τεῖχος
844 5084 1143 5157 ἡσύχαζον.
1191 5087 1477 5161 Ῥηγούλῳ
1528 5090 1587 5144 δέ
1655 5091 1810 5163 παρὰ
1844 5091 1940 5145 τὸν

2040 5101 2192 5146 runt.
2244 5091 2453 5160 Regulo
2498 5089 2568 5144 ad
2622 5089 2922 5161 Bagradam
2965 5090 3171 5146 ﬂumen
3201 5096 3611 5146 castrametato.

360 5175 657 5247 Βαγράδαν
732 5180 984 5250 ποταμὸν
1067 5182 1632 5253 στρατοπεδευομένῳ
1660 5224 1676 5248 ,
1714 5184 1937 5253 δράκων

2042 5183 2212 5238 draco
2253 5183 2446 5253 ingens
2469 5184 2622 5237 visus
2640 5191 2747 5245 est.
2772 5183 2931 5254 cujus
2957 5183 3241 5254 longitudo
3268 5180 3471 5253 pedum
3515 5195 3618 5236 cxx

359 5268 616 5339 ἐπεφάνη
646 5269 1061 5342 ὑπερμεγέθης,
1095 5267 1156 5325 οὗ
1194 5271 1257 5324 τὸ
1315 5271 1495 5342 μῆκος
1542 5272 1765 5342 λέγεται
1796 5269 1940 5327 εἶναι

2041 5274 2212 5330 fuisse
2271 5273 2620 5345 perhibetur,
2700 5282 2760 5329 et
2797 5275 2959 5344 pellis
3008 5272 3397 5329 ostentationis
3448 5286 3613 5326 causa

359 5360 541 5414 ποδῶν
567 5361 766 5416 ἐκατὸν
796 5361 936 5432 πρὸς
962 5362 1169 5416 εἴκοσι’
1206 5363 1304 5417 καὶ
1326 5365 1438 5434 γὰρ
1464 5365 1497 5433 ἡ
1526 5364 1751 5435 λεϐηρὶς
1772 5363 1940 5419 αὐτοῦ

2043 5364 2272 5420 Romam
2331 5366 2543 5436 perlata
2597 5380 2742 5421 esse.
2802 5364 3161 5437 Longitudini
3225 5372 3389 5419 tantae
3446 5362 3618 5418 totius

359 5454 443 5517 είς
480 5450 581 5523 τὴν
615 5450 838 5524 Ῥώμην
865 5453 1169 5524 κεκόριστο
1194 5454 1264 5508 δι’
1307 5455 1598 5520 ἐπίδειξιν.
1648 5457 1943 5525 Ἀνάλογον

2043 5460 2218 5515 moles
2237 5459 2481 5531 corporis
2508 5459 2813 5530 respondit.
2843 5460 2982 5514 Eum
3013 5459 3357 5529 postmultos
3391 5457 3616 5522 milites,

361 5547 419 5600 δὲ
449 5547 546 5600 καὶ
589 5547 686 5601 τὸν
723 5539 882 5603 ἄλλον
926 5548 1095 5616 ϐγκον
1125 5548 1219 5602 τοῦ
1252 5548 1508 5620 σώματος
1537 5547 1707 5621 εῖχεν·
1741 5549 1803 5615 ὃς
1836 5569 1936 5604 συ-

2047 5553 2144 5623 qui
2175 5551 2260 5607 vel
2280 5551 2507 5620 pr0pius
2523 5559 2889 5615 accesserant,
2911 5551 2995 5605 vel
3035 5566 3067 5605 e
3087 5549 3315 5605 ﬂumine
3338 5550 3613 5614 biberant,

362 5639 527 5710 χνοῦς
559 5639 672 5693 τῶν
716 5641 1071 5713 στρατιωτῶν
1105 5641 1234 5704 τοὺς
1265 5641 1366 5713 μὲν
1397 5641 1733 5707 πελάζοντας
1758 5642 1932 5711 αὐτῷ,

2044 5643 2361 5708 devoratus,
2375 5640 2620 5712 Regulus
2641 5639 2875 5695 militum
2896 5641 3070 5711 cepiis
3086 5650 3143 5696 et
3169 5640 3460 5711 catapultis
3479 5655 3616 5695 con-

361 5731 490 5793 τοὺς
509 5730 568 5782 δὲ
599 5731 695 5786 καὶ
749 5732 1002 5795 πίνοντας
1044 5732 1111 5784 ἐκ
1164 5731 1261 5785 τοῦ
1322 5732 1574 5803 ποταμοῦ
1631 5731 1930 5803 διέφθειρε.

2039 5734 2188 5793 fecit.
2215 5735 2375 5807 391
2401 5732 2727 5788 Amilcarem
2749 5741 2932 5788 autem
2955 5731 3012 5787 in
3038 5732 3243 5790 silvoso
3291 5732 3503 5789 tumulo
3527 5748 3618 5787 ca-

368 5823 793 5895 Κατειργάσατο
827 5822 874 5878 δ’
921 5823 1086 5880 αὑτὸν
1114 5825 1144 5878 ό
1199 5822 1492 5896 Ῥηγοῦλος
1530 5823 1733 5897 πληθύῖ
1762 5842 1931 5899 στραι-

2041 5836 2155 5885 stra
2208 5829 2536 5895 habentem,
2581 5836 2751 5883 noctu
2797 5838 3106 5898 aggressus,
3139 5823 3343 5881 multos
3391 5823 3448 5880 in
3510 5839 3608 5879 cu-
