4060 6392
514 379 616 442 671

1811 380 2135 442 JOANNIS
2166 382 2356 444 ZONA
2372 388 2488 448 [LE

3670 403 3779 465 672

514 493 718 547 bilibus
743 535 755 551 .
797 493 1001 546 multos
1034 498 1395 561 cxperrcctos
1444 490 1650 547 occidit
1682 511 1697 547 :
1752 493 1796 547 si
1832 485 2084 562 qui'vcre

2198 500 2411 549 τιωτῶν
2462 503 2556 555 καὶ
2602 510 2878 576 μηχαναῖς
2926 508 3245 575 λιθοϐἇλοις.
3294 513 3408 568 Καὶ
3438 515 3530 569 τὸν
3556 519 3656 588 μὲν
3688 521 3781 574 οὖ-

513 592 850 646 evascraut,
911 584 979 636 ah
1041 581 1109 636 iis
1160 581 1255 651 qui
1321 582 1439 637 vias
1501 582 1923 649 custodiebant,
1994 599 2092 637 ex-

512 675 658 743 cepti
726 674 1031 743 perierunt.
1106 672 1197 728 Sic
1247 690 1439 743 magna
1499 691 1626 744 pars
1665 674 2094 746 Carthaginien-

513 769 655 821 sium
700 775 785 822 est
836 767 1151 836 absumpta,
1199 776 1255 821 et
1286 767 1470 821 multa:
1500 768 1664 825 urbes
1692 769 1758 823 ad
1810 770 2091 825 Romanos

511 858 855 914 defecerunt.
899 858 1088 927 Itaque
1134 858 1169 912 ii
1202 859 1295 927 qtti
1333 862 1385 913 in
1424 858 1560 914 urbe
1590 869 1768 926 erant,
1808 862 1970 916 veriti
2018 879 2090 918 ne

512 959 863 1018 caperentur,
895 951 1290 1007 caduceatores
1313 952 1380 1005 ad
1415 968 1543 1010 cum
1573 952 1842 1010 miserunt
1872 971 1889 1018 ;
1930 965 1992 1010 ut
2021 971 2090 1010 eo

514 1042 781 1097 tolerabili
817 1045 1001 1114 aliqua
1037 1046 1293 1115 pactione
1325 1055 1530 1107 amoto,
1564 1048 1861 1105 imminens
1886 1052 2089 1107 malum

515 1134 981 1205 subterfugerant.
1017 1136 1153 1190 Cum
1197 1148 1378 1193 autem
1433 1141 1604 1195 multa
1653 1159 1919 1213 perquam
1971 1161 2090 1198 m0-

514 1226 650 1279 lesta
687 1229 1016 1297 postularet,
1065 1234 1321 1298 ut.paeis
1351 1236 1702 1292 conditiones
1747 1239 1885 1293 nihil
1937 1240 2088 1296 aliud

509 1335 676 1387 quam
729 1322 1004 1376 excidium
1034 1324 1368 1395 iudicarent,
1412 1330 1533 1399 paci
1578 1331 1785 1386 bellum
1834 1334 2092 1403 praetule-

510 1424 659 1468 runt.
693 1416 940 1487 Regulus
971 1421 1119 1474 enim
1152 1421 1217 1475 ad
1269 1422 1318 1475 id
1363 1439 1537 1494 usque
1573 1434 1790 1496 tempus
1825 1443 2090 1499 prospera

508 1505 729 1563 fortuna
772 1526 926 1579 usus,
976 1514 1179 1569 animis
1201 1526 1258 1570 et
1281 1517 1423 1573 fastu
1468 1518 1609 1573 adeo
1642 1520 1838 1588 plenus
1872 1522 1998 1597 fuit,
2032 1530 2091 1576 ut

515 1601 739 1656 ltomam
773 1604 1064 1669 scriberet.
1091 1622 1150 1662 se
1190 1618 1339 1663 metu
1371 1609 1687 1681 obsignatas
1712 1612 1918 1668 habere
1949 1613 2088 1669 Car-

512 1693 754 1763 thaginis
805 1705 1009 1764 portas.
1043 1696 1190 1751 Idem
1222 1698 1455 1753 affectus
1477 1710 1531 1753 et
1559 1702 1678 1770 ejus
1709 1703 1945 1758 militum
1968 1744 1985 1765 ,
2032 1713 2090 1759 et

2190 607 2300 653 τως
2342 590 2676 667 διέφθειρεν.
2731 599 2824 669 Τῷ
2872 600 2930 655 δὲ
2988 604 3226 676 Ἀμίλκᾳ
3250 608 3341 661 ἐπὶ
3373 611 3649 684 μετεώρου
3684 617 3776 668 καὶ

2192 680 2461 747 ξυλὼδους
2492 692 3054 763 στρατοπεδευομένῳ
3092 698 3293 767 χωρίου
3327 700 3547 773 νύκτωρ
3574 708 3777 774 προσέ-

2194 774 2341 843 μιξε,
2389 778 2485 830 καὶ
2527 779 2760 846 πολλοὺς
2792 783 2897 850 μὲν
2925 785 2985 839 ἐν
3040 791 3166 850 ταῖς
3200 790 3410 857 εὐναῖς,
3455 794 3688 858 πολλοὺς
3728 798 3779 851 δ’

2191 867 2583 937 ἐξεγερθέντας
2623 873 2904 930 διώλεσεν.
2960 881 3024 933 Εἰ
3078 880 3136 933 δέ
3185 898 3336 947 τινες
3367 885 3464 937 καὶ
3492 886 3774 957 διέφυγον.

2191 963 2307 1024 τοῖς
2336 961 2437 1024 τὰς
2456 962 2611 1027 ὁδοὺς
2649 967 2916 1035 τηροῦσιν
2950 970 3330 1041 ἐμπίπτοντες
3359 975 3619 1035 ὤλλυντο.
3666 982 3777 1036 Καὶ⁵

2189 1052 2334 1107 οὕτω
2364 1054 2472 1107 τῶν
2501 1073 2559 1110 τε
2592 1059 2984 1129 Καρχηδονίων
3009 1064 3177 1135 μέρος
3211 1068 3468 1140 ἁναλώθη
3495 1072 3655 1139 πολὺ,
3684 1077 3779 1130 καὶ

2193 1145 2381 1209 πόλεις
2417 1147 2601 1201 αὐτῶν
2637 1152 2834 1222 συχναὶ
2884 1155 3023 1224 πρὶς
3062 1156 3372 1228 Ῥωμαίους
3422 1163 3777 1233 μεθίσταντο.

2190 1238 2529 1309 Φοϐηθέντες
2568 1241 2615 1295 δ’
2662 1243 2713 1296 oi
2746 1246 2804 1297 ἐν
2839 1248 2904 1315 τῇ
2975 1246 3128 1301 πόλει
3170 1250 3250 1322 μὴ
3285 1253 3481 1320 ἁλῶσι,
3516 1257 3779 1332 διεκηρυ-

2192 1328 2462 1383 κεύσαντο
2512 1331 2651 1402 πρὸς
2698 1333 2790 1387 τὸν
2840 1334 3072 1403 ὕπατον,
3127 1340 3278 1405 ὅπως
3328 1345 3595 1420 ὁμολογίᾳ
3660 1328 3781 1406 τινὶ

2191 1418 2431 1472 ἐπιεικεῖ
2468 1421 2902 1493 ἀποπέμψαντες
2927 1428 3115 1492 αὐτὸν,
3146 1431 3209 1483 τὸ
3244 1418 3576 1504 παραυτίκα
3600 1438 3781 1494 δεινὸν

2192 1510 2606 1579 ὑπεκφύγωσιν.
2651 1516 2807 1570 Ἐπεὶ
2844 1517 2900 1571 δὲ
2949 1519 3121 1574 πολλὰ
3146 1522 3457 1596 άπῃτὸῦντο
3487 1530 3583 1584 καὶ⁸
3627 1549 3770 1603 φορ-

2188 1602 2466 1668 τικὰ,ώς
2517 1603 2723 1658 ἅλωσιν
2786 1607 2969 1661 αὐτῶν
3036 1610 3244 1682 ἀκριϐῆ
3295 1615 3617 1684 νομίζεσθαι
3673 1602 3781 1687 τὰς

2192 1692 2450 1757 σπονδὰς,
2510 1692 2771 1763 πολεμεῖν
2806 1696 3011 1764 μᾶλλον
3038 1699 3267 1755 εἴλοντο.
3322 1704 3381 1757 Ὀ
3411 1706 3601 1774 μέντοι
3647 1707 3779 1781 Ῥη-

508 1782 713 1836 civium
744 1785 1118 1842 Romanorum
1157 1788 1261 1843 fuit
1296 1806 1311 1846 :
1345 1789 1492 1844 unde
1526 1790 1731 1846 factum
1766 1802 1869 1857 est,
1901 1796 2084 1850 utim-

2191 1782 2406 1849 τοῦλος,
2465 1784 2627 1856 μέχρι
2672 1785 2795 1838 τότε
2854 1788 3133 1859 εὐτυχῶν,
3190 1794 3514 1865 αὐχήματος
3575 1801 3782 1867 μεστὸς

508 1873 816 1945 pingcrcnt.
877 1879 1011 1934 Nam
1043 1879 1587 1954 Carthaginiensibus
1637 1903 1760 1944 cum
1801 1890 1916 1951 alii,
1970 1901 2084 1946 tum

2195 1876 2417 1942 ἐγένετο
2447 1879 2545 1933 καὶ
2572 1882 2953 1952 φρονήματος,
2987 1885 3133 1940 ὥστε
3176 1887 3273 1943 καὶ
3303 1890 3539 1960 γράφειν
3566 1894 3647 1957 είς
3672 1894 3779 1964 τήν

508 1963 858 2036 Xanthippus
875 1968 1324 2030 Lacedaemonius
1336 1977 1541 2033 auxilio
1556 1990 1846 2035 venerunt.
1862 1982 1965 2048 Qui
1989 1984 2092 2038 im-

507 2066 731 2124 perator
759 2068 980 2116 creatus
1014 2068 1162 2133 (nam
1190 2065 1240 2119 ei
1265 2076 1323 2121 et
1342 2068 1579 2137 populus
1594 2073 1796 2142 cupide
1816 2089 2087 2132 summam

510 2164 695 2202 rerum
733 2149 957 2218 detulit,
998 2163 1055 2209 et
1086 2156 1328 2214 Amilcar
1356 2163 1655 2234 catcrique
1689 2168 1966 2240 principes
2003 2175 2088 2228 ul-

510 2247 595 2293 tro
628 2248 937 2314 cesserunt)
967 2261 1095 2301 cum
1127 2247 1234 2304 alia
1270 2253 1444 2320 probe
1472 2256 1777 2327 ordinavit,
1815 2270 1930 2319 tum
1955 2265 2089 2323 Car-

508 2327 880 2400 thaginienses
918 2350 949 2390 a
987 2338 1242 2403 tumulis,
1281 2341 1337 2396 in
1374 2345 1577 2413 quibus
1618 2364 1729 2418 prae
1770 2363 1918 2409 metu
1957 2371 2088 2429 age-

507 2418 662 2487 bant,
699 2422 753 2476 in
784 2424 1067 2493 planitiem
1097 2430 1347 2498 deduxit,
1383 2436 1474 2492 ubi
1503 2448 1560 2493 et
1583 2418 2083 2509 cquitatuseorum

504 2522 561 2566 et
601 2514 925 2584 elephantes
966 2520 1266 2590 plurimum
1303 2536 1580 2596 poterant.
1627 2532 1729 2588 Hic
1772 2536 1896 2593 aliis
1949 2548 2087 2596 tem-

505 2606 731 2670 poribus
783 2610 1025 2679 quietus,
1071 2620 1414 2686 exspectavit
1451 2622 1581 2677 dum
1630 2625 1860 2683 Romani
1904 2644 2086 2690 castra

506 2695 851 2766 negligenter
897 2707 1208 2759 tuerentur.
1252 2706 1394 2762 Elati
1444 2710 1592 2764 enim
1633 2714 1885 2781 victoria,
1933 2717 2087 2774 Xan-

508 2785 759 2857 thippum
786 2798 846 2843 ut
864 2789 1172 2849 Graeculum
1195 2796 1327 2867 (quo
1352 2802 1576 2857 nomine
1590 2819 1689 2873 per
1702 2817 2083 2878 contemptum

512 2885 768 2949 utuntur)
809 2884 947 2940 nihil
982 2886 1252 2944 facientes
1274 2929 1289 2954 ,
1322 2894 1502 2949 securi
1533 2897 1837 2966 agitabant.
1879 2901 1970 2957 Sic
2001 2904 2084 2958 af-

508 2971 683 3028 fectos
722 2974 1003 3033 Romanos
1054 2980 1309 3049 adortus,
1352 3000 1659 3057 eorumque
1699 2993 1950 3062 equitatu
1989 3012 2086 3067 per

504 3066 830 3135 elephantos
861 3071 1171 3142 proﬂigato,
1198 3076 1404 3132 multos
1426 3080 1651 3145 occidit,
1687 3085 1893 3140 multos
1914 3066 2080 3156 cepit,

2203 1964 2448 2036 Ῥώμην,
2476 1969 2559 2022 ὅτι
2591 1975 3153 2045 κατεσφραγισμένας
3192 1978 3308 2049 ἔχει
3353 1980 3454 2044 τὰς
3478 1982 3589 2037 τῶν
3615 1985 3779 2054 Καρ-

2191 2060 2455 2131 χηδονίων
2493 2063 2672 2130 πύλας
2719 2067 2825 2121 ὑπὸ
2877 2067 2973 2123 τοῦ
3033 2071 3224 2140 φόϐου.
3253 2074 3333 2129 Τὰ
3360 2077 3450 2129 ίσα
3488 2076 3546 2129 δὲ
3590 2080 3686 2131 καὶ
3723 2081 3778 2133 οἱ

2191 2155 2293 2208 σὺν
2322 2156 2495 2227 αὐτῷ,
2536 2159 2630 2211 καὶ
2675 2160 2724 2212 οί
2763 2162 2824 2214 ἐν
2873 2163 2940 2233 τῇ
2982 2161 3170 2236 Ῥώμῃ
3205 2166 3492 2237 ἐφρόνουν·
3523 2169 3645 2223 ὅθεν
3680 2171 3778 2224 καὶ

2190 2248 2526 2319 ἐσφάλησαν.
2562 2246 2771 2307 *Πλθον
2803 2254 2905 2323 μέν
2936 2255 3048 2330 γὰρ
3075 2260 3191 2323 τοῖς
3232 2260 3642 2332 ’Καρχηδονίοις
3674 2266 3778 2318 καὶ

2189 2339 2370 2411 ἕτεροι
2403 2341 2709 2414 σύμμαχοι.
2736 2338 2868 2414 ἦλθε
2891 2344 2948 2399 δὲ
2979 2347 3075 2401 καὶ
3101 2348 3167 2402 ἐκ
3189 2349 3599 2423 Λακεδαίμονος
3630 2354 3777 2410 Ξάν-

2190 2432 2413 2497 θιππος.
2450 2430 2640 2503 Οὗτος,
2671 2435 2770 2508 τὴν
2821 2437 3208 2513 αὐτοκράτορα
3240 2443 3349 2498 τῶν
3380 2446 3781 2517 Καρχηδονίων

2189 2525 2371 2595 ἀρχὴν
2396 2527 2638 2596 εἰληφὼς
2675 2529 2725 2597 (ὅ
2749 2547 2808 2584 τε
2847 2528 2957 2600 γὰρ
2986 2532 3158 2603 δῆμος
3185 2534 3336 2607 αὐτῷ
3373 2536 3443 2590 τὰ
3468 2539 3779 2610 πράγματα

2189 2619 2496 2689 προθύμως
2531 2620 2828 2691 ἐπέτρεψε,
2862 2623 2959 2677 καὶ
2991 2627 3021 2678 ὁ
3059 2626 3325 2696 Ἀμίλκας
3388 2630 3484 2683 καὶ
3519 2631 3571 2684 οἱ
3593 2629 3778 2687 λοιποὶ

2187 2710 2239 2762 οί
2271 2712 2329 2764 ἐν
2363 2713 2507 2766 τέλει
2538 2716 2812 2781 ἑκουσίως
2846 2718 3169 2793 ἐξέστησαν)
3214 2722 3286 2776 τά
3316 2741 3373 2777 τε
3410 2725 3546 2780 ἄλλα
3597 2744 3778 2798 παρε-

2191 2804 2466 2858 σκεύασεν
2521 2801 2608 2870 εὗ,
2652 2808 2748 2862 καὶ
2772 2809 2880 2862 ἀπὸ
2907 2809 3016 2863 τῶν
3058 2810 3354 2883 μετεώρων
3382 2817 3513 2879 τοῦς
3543 2818 3777 2890 Καρχη-

2187 2895 2423 2961 δονίους,
2451 2899 2511 2951 ἐν
2560 2894 2647 2964 οἷς
2692 2901 2799 2955 ὑπὸ
2831 2901 2986 2967 δέους
3024 2899 3186 2975 ἦσαν,
3226 2908 3545 2978 κατήγαγεν
3590 2911 3669 2974 είς
3709 2912 3778 2964 τὸ

2186 2988 2416 3058 ὁμαλὸν,
2452 2992 2511 3044 ἐν
2554 2984 2600 3060 ᾧ
2627 2992 2662 3062 ἦ
2698 3010 2758 3046 τε
2790 2994 2986 3049 ἱππεία
3020 2997 3203 3051 αὐτῶν
3250 2999 3348 3053 καὶ
3385 3001 3435 3054 οί
3480 3001 3779 3071 ἐλέφαντες

2190 3080 2444 3135 πλεῖστον
2492 3083 2736 3153 ἰσχύσειν
2821 3085 3071 3155 ἔμελλον⁸
3124 3089 3221 3143 καὶ
3288 3091 3383 3143 τὸν
3463 3092 3565 3162 μὲν
3610 3094 3777 3150 ἄλλον

504 3169 671 3231 atque
708 3162 888 3234 ipsum
918 3165 1210 3238 Regulum.
1248 3168 1364 3239 Qua
1402 3171 1632 3230 victoria
1655 3174 2080 3250 Carthaginien-

2188 3172 2380 3243 χρόνον
2428 3173 2695 3247 ήσύχαζε’
2727 3180 2980 3249 τηρήσας
3018 3179 3077 3233 δέ
3124 3198 3256 3235 ποτε
3284 3183 3413 3247 τοὺς
3457 3183 3774 3255 Ῥωμαίους

502 3268 594 3309 ses
642 3257 744 3310 etsi
782 3259 998 3314 animos
1044 3273 1388 3332 receperant,
1436 3274 1618 3321 tamen
1668 3272 1917 3337 captivos
1950 3290 2082 3330 con-

502 3356 834 3405 servarunt:
873 3363 941 3402 ne
978 3350 1013 3404 ii
1044 3367 1287 3423 quoque,
1324 3372 1463 3425 quos
1491 3359 1699 3427 pridem
1727 3362 1957 3417 Romani
1985 3382 2078 3422 ce-

502 3444 716 3503 perant,
778 3439 1190 3498 occiderentur.
1238 3443 1316 3499 Ac
1370 3456 1599 3504 caeteros
1652 3453 1874 3520 quidem
1943 3456 2081 3513 liene

505 3535 833 3596 tractarunt,
867 3531 1139 3601 Regulum
1171 3547 1354 3590 autem
1386 3539 1648 3596 omnibus
1678 3544 1853 3597 modls
1874 3545 2081 3604 afﬂixe-

506 3628 656 3674 runt.
682 3621 819 3675 Nam
855 3633 911 3678 et
944 3633 1151 3678 tantum
1204 3627 1314 3681 cibi
1357 3630 1690 3696 praebebant,
1741 3636 1887 3691 unde
1917 3640 2078 3693 vitam

503 3720 819 3768 sustentare
872 3725 1080 3784 posset,
1128 3727 1185 3772 et
1235 3720 1588 3777 continenter
1615 3710 1971 3793 elephantum
2010 3731 2079 3784 ad

501 3819 626 3857 eum
661 3805 1010 3863 adducebant
1045 3827 1058 3863 :
1087 3827 1114 3865 a
1142 3828 1250 3881 quo
1278 3813 1522 3878 territus,
1555 3834 1733 3887 neque
1766 3821 1949 3875 animo
1986 3841 2082 3879 ne-

500 3912 609 3966 que
655 3913 888 3969 corpore
946 3906 1392 3974 conquiesceret.
1461 3909 1709 3979 Denique
1780 3924 1903 3982 post
1980 3918 2079 3972 lius

500 3989 818 4045 vexationes
868 4007 994 4047 eum
1071 3996 1124 4048 in
1171 4011 1449 4051 carcerem
1498 4001 1878 4070 conjeeeruut.
1938 4005 2082 4061 Suos

498 4083 663 4137 etiam
691 4084 991 4143 fmderatos
1022 4088 1407 4147 crudelissime
1443 4101 1767 4149 tractarunt.
1798 4097 1930 4153 Nam
1950 4116 2077 4154 cum

496 4194 561 4234 ea
609 4195 730 4249 qua:
767 4181 1135 4250 promiserant
1188 4183 1350 4254 392
1383 4197 1643 4255 praastare
1685 4205 1792 4244 non
1827 4206 2075 4260 possent,

495 4287 594 4327 eos
638 4272 984 4338 dimiserunt,
1019 4285 1079 4331 ut
1112 4276 1388 4347 stipendia
1434 4295 1543 4333 non
1576 4282 1748 4336 multo
1782 4295 1904 4353 post
1946 4303 2077 4356 per-

495 4364 749 4419 soluturi.
787 4364 894 4422 Sed
938 4377 1192 4423 vectores
1229 4386 1422 4424 eorum
1459 4373 1767 4441 jusserunt,
1797 4377 1863 4431 iis
1896 4378 1949 4432 iu
1982 4381 2077 4435 dc-

496 4462 643 4507 serta
705 4454 942 4523 quadam
998 4456 1175 4512 insula
1225 4461 1510 4529 expositis,
1561 4464 1701 4518 clam
1765 4468 2073 4526 discedere.

2185 3268 2686 3340 καταφρονητικῶς
2715 3271 3132 3342 αὐλιζομένουςο
3168 3272 3313 3345 μέγα
3357 3275 3469 3348 γάρ
3501 3278 3776 3348 φρονοῦνς

2181 3379 2272 3424 τες
2291 3365 2356 3433 τῇ
2392 3362 2544 3437 νίκῃ,
2596 3364 2691 3418 καὶ
2728 3364 2821 3418 τὸν
2848 3365 3167 3422 Ξάνθιππον
3214 3369 3289 3432 ώς
3332 3370 3568 3440 Γραικὸν
3598 3372 3775 3445 ύπερυ

2182 3454 2420 3525 ορῶντες
2487 3455 2656 3522 (οὕτω
2707 3457 2820 3529 γάρ
2882 3459 3117 3515 καλοῦσι
3174 3462 3304 3524 τοὺς
3338 3463 3775 3535 ”Ελληνας,καὶ

2184 3549 2264 3611 είς
2310 3548 2514 3613 ὖνειδος
2569 3549 2889 3619 δυσγενείας
2929 3554 3006 3623 τῷ
3052 3557 3408 3626 προσρήματι
3438 3561 3560 3612 κατ’
3588 3560 3775 3616 αὐτῶν

2182 3638 2446 3711 χρῶνται)
2505 3640 2607 3703 τὰς
2675 3645 3105 3713 στρατοπεδείας
3177 3649 3607 3721 ἀπερισκέπτως
3665 3670 3774 3708 πε-

2182 3733 2433 3799 ποίηντο*
2462 3732 2638 3798 οὕτως
2676 3731 2771 3789 οὖν
2817 3740 2933 3800 τοῖς
2995 3739 3295 3809 Ῥωμαίοις
3341 3742 3713 3814 διακειμένοις
3745 3748 3774 3799 ὁ

2182 3825 2502 3884 Ξάνθιππος
2547 3827 2821 3894 ἐπελθὼν,
2848 3829 2944 3883 καὶ
2981 3831 3044 3884 τὸ
3076 3832 3304 3887 ἱππικὸν
3335 3835 3517 3889 αὐτῶν
3543 3836 3634 3892 διὰ
3654 3839 3770 3891 τῶν

2184 3917 2496 3985 ἐλεφάντων
2526 3917 2892 3990 τρεψάμενος,
2924 3921 3154 3984 πολλοὺς
3178 3924 3279 3993 μὲν
3317 3925 3609 3996 κατέκοψε,
3637 3931 3771 3983 πολ-

2183 4009 2311 4073 λοὺς
2341 4008 2399 4062 δὲ
2451 4010 2546 4063 καὶ
2597 4009 2917 4083 ἐζώγρησε,
2955 4013 3052 4066 καὶ
3107 4015 3274 4069 αὐτὸν
3317 4017 3412 4071 τὸν
3452 4017 3767 4087 Ῥηγοῦλον.

2183 4104 2293 4155 Καὶ
2327 4103 2385 4153 ἐν
2421 4104 2736 4174 φρονήματι
2763 4104 2853 4157 διὰ
2888 4105 3064 4159 ταῦτα
3101 4102 3244 4177 ἦσαν
3268 4108 3316 4160 οἱ
3369 4108 3769 4181 Καρχηδόνιοι,

2181 4193 2305 4254 τοὺς
2358 4191 2416 4246 δὲ
2449 4192 2680 4256 ἁλόντας
2713 4194 3082 4264 περιέσωσαν.
3124 4195 3214 4250 ἵνα
3265 4197 3340 4267 μὴ
3368 4198 3465 4252 καὶ
3504 4199 3555 4252 οί
3613 4200 3771 4271 παρὰ
3844 4258 3853 4268 ,

2179 4284 2293 4337 τῶν
2333 4286 2627 4355 Ῥωμαίων
2676 4288 2947 4357 πρότερον
2981 4287 3040 4354 ἐξ
3068 4288 3250 4342 αὐτῶν
3294 4292 3770 4362 αἰχμαλωτισθέν-

2179 4393 2271 4438 τες
2304 4375 2604 4429 κτανθὼσι.
2638 4377 2776 4439 Τοὺς
2812 4378 2912 4447 μὲν
2943 4374 3039 4433 οὖν
3078 4379 3275 4443 ἄλλους
3310 4382 3420 4435 τῶν
3443 4383 3769 4438 ἑαλωκότων

2200 4466 2494 4536 Ῥωμαίων
2519 4468 2578 4519 ἐν
2623 4467 2894 4538 θεραπείᾳ
2938 4464 3108 4541 εἶχον,
3141 4471 3236 4525 τὸν
3275 4471 3333 4526 δέ
3377 4471 3678 4543 Ῥηγοῦλον
3708 4476 3769 4528 ἐν

495 4547 873 4618 Xanthippum
899 4549 991 4604 alii
1025 4527 1376 4607 submersum
1415 4554 1485 4608 ab
1522 4556 1590 4611 iis
1625 4558 1834 4622 ferunt.
1863 4561 2075 4617 abeun-

2188 4560 2333 4632 πάσῃ
2378 4559 2651 4632 κακουχίᾳ
2701 4563 3039 4633 πεποίηντο,
3092 4565 3304 4636 τροφήν
3348 4582 3407 4618 τε
3440 4565 3591 4638 αὐτῷ
3641 4569 3769 4621 ὅσον

495 4652 601 4696 tem
637 4643 962 4710 persecutis.
1000 4644 1104 4698 Alii
1148 4661 1343 4700 navem
1378 4648 1429 4701 ei
1478 4647 1659 4704 datam
1693 4660 1936 4708 veterem
1962 4695 1977 4719 ,
2021 4666 2078 4712 et

2188 4655 2401 4724 ἀποζῇν
2433 4658 2749 4726 προσῆγον,
2788 4657 2884 4710 καὶ
2921 4657 3193 4726 ἐλέφαντα
3234 4658 3578 4730 προσέφερον
3608 4676 3769 4713 συνε-

496 4732 781 4785 ruinarum
816 4732 1055 4801 plenam,
1095 4735 1444 4791 extrinsecus
1478 4753 1670 4793 recens
1713 4739 1972 4809 picatam,
2016 4755 2077 4800 ut

2188 4747 2316 4817 χώς,
2360 4748 2511 4810 ὅπως
2571 4747 2662 4801 ὑπ’
2698 4748 2866 4802 αὐτοῦ
2899 4748 3352 4819 δειματούμενος,
3385 4753 3523 4820 μήτε
3553 4751 3630 4819 τῷ
3657 4753 3768 4804 σώ-

497 4824 551 4878 in
577 4840 640 4877 ea
684 4839 781 4892 per
810 4839 868 4877 se
894 4824 1346 4895 subtnergeretur
1379 4844 1393 4881 :
1431 4844 1541 4898 quo
1571 4831 1616 4884 is
1646 4831 2034 4890 animadverso
2056 4878 2070 4897 .

2188 4853 2338 4906 ματι.
2372 4837 2514 4906 μήτε
2556 4839 2622 4907 τῇ
2673 4837 2884 4908 διανοίᾳ
2922 4838 3215 4909 ἡσυχάζοι.
3263 4840 3389 4893 Ἐπὶ
3448 4840 3643 4911 συχνὸν
3706 4841 3765 4893 δὲ

434 4932 437 4935 ⁷
492 4918 598 4971 alia
633 4917 756 4970 navi
789 4932 1089 4973 conscensa
1114 4919 1373 4974 evaserit.
1410 4919 1465 4974 Id
1489 4936 1620 4975 vero
1652 4922 1877 4991 factum,
1907 4942 1976 4980 ne
2005 4927 2075 4981 ab

2188 4927 2536 4993 κακώσαντες
2597 4928 2771 4993 οὕτως
2811 4931 2976 4983 αὐτὸν
3019 4934 3102 4995 ε’ίς
3128 4932 3506 5003 δεσμωτήριον
3550 4933 3761 4989 ἔθεντο.

491 5009 590 5064 illo
613 5009 923 5065 conservati
952 5009 1295 5066 viderentur.
1332 5011 1606 5067 Putabant
1628 5014 1801 5080 enim,
1838 5033 1906 5071 co
1940 5020 2076 5075 sub-

2188 5020 2321 5082 Τοὺς
2360 5018 2416 5072 δὲ
2452 5020 2755 5091 σφετέρους
2808 5021 3137 5092 συμμάχους
3165 5025 3212 5076 οί
3245 5024 3611 5093 Καρχηδόνιοι
3649 5022 3761 5076 δει-

488 5100 623 5167 lato,
644 5102 812 5157 etiam
841 5118 1026 5157 rerum
1058 5113 1338 5173 gestarum
1360 5105 1590 5174 gloriam
1612 5122 1720 5160 una
1741 5109 2069 5176 perituram.

2188 5114 2371 5167 νότατα
2432 5113 2911 5185 μετεχειρίσαντο.
2961 5115 3036 5167 Οὐ
3066 5115 3172 5186 γὰρ
3208 5114 3576 5183 εὐποροῦντες
3616 5115 3755 5167 ἁπο-

486 5199 674 5254 δοῦναι
712 5201 898 5263 αὐτοῖς
925 5200 961 5256 ἆ
996 5199 1430 5271 προῦπέσχοντο,
1472 5201 1812 5272 ἀπέπεμψαν
1837 5207 2057 5275 αὐτοὺς,
2086 5210 2164 5274 ώς
2207 5210 2305 5265 καὶ
2349 5210 2444 5262 τὸν
2473 5209 2670 5280 μισθὸν
2722 5210 2910 5273 αὐτοῖς
2960 5212 3063 5264 οὐκ
3091 5212 3146 5273 ἐς
3186 5210 3407 5281 μακρὰν
3437 5210 3753 5264 ἀποδώσον-

486 5311 613 5357 τες.
659 5295 983 5349 Ἐκέλευσαν
1029 5293 1086 5347 δὲ
1132 5296 1245 5357 τοῖς
1277 5294 1569 5364 κομίζουσι
1614 5296 1759 5365 σφᾶς
1791 5299 1872 5361 είς
1894 5298 2113 5374 ἐρήμην
2144 5302 2270 5357 τινὰ
2295 5303 2461 5374 νῆσον
2504 5303 2823 5368 ἐκϐιϐάσαι,
2858 5302 2955 5357 καὶ
3011 5303 3191 5375 λάθρα
3217 5303 3589 5360 ἀποπλεῦσαι.
3648 5302 3758 5358 Καὶ

488 5389 582 5453 τᾲν
644 5387 961 5443 Ξάνθιππον
1009 5388 1065 5442 δὲ
1107 5388 1158 5443 οἱ
1198 5388 1299 5460 μέν
1356 5407 1492 5460 φασι
1558 5391 1954 5446 καταποντίσαι
2005 5397 2204 5460 αὐτοὺς
2267 5397 2678 5450 ἀποπλεύσαντι
2722 5395 3183 5459 ἐπιπλεύσαντας·
3228 5398 3277 5451 oi
3327 5395 3385 5450 δὲ
3409 5394 3542 5449 ναῦν
3605 5394 3754 5462 αύτῷ

492 5480 676 5535 δοῦναι
726 5482 988 5545 παλαιὰν,
1031 5483 1202 5553 μηδὲν
1249 5484 1614 5553 στέργουσαν,
1647 5481 1767 5535 νέον
1817 5486 2351 5551 καταπιττώσαντες
2391 5486 2618 5553 ἔξωθεν,
2656 5487 2725 5539 ἵν’
2761 5489 2899 5558 αὐτῇ
2940 5488 3025 5557 ἐφ’
3074 5488 3270 5542 ἐαυτοῦ
3320 5487 3751 5556 καταποιτισοῇ·

487 5576 578 5629 τὸν
627 5577 684 5630 δὲ
756 5577 953 5645 γνόντα
998 5577 1157 5631 τοῦτο
1227 5579 1307 5641 είς
1363 5577 1561 5647 ἑτέραν
1594 5576 1855 5647 ὲμσήναι,
1907 5580 2001 5632 καὶ
2057 5580 2201 5635 οὓτω
2241 5581 2601 5650 διασωθῆναι.
2642 5580 2830 5635 Ταῦτα
2881 5580 2928 5634 δ’
2990 5582 3234 5648 ἐποίουν,
3291 5582 3377 5636 ἴνα
3408 5582 3484 5652 μὴ
3547 5581 3752 5636 δοκοῖεν

491 5667 627 5734 πρὸς
681 5669 896 5722 ἐκείνου
967 5669 1260 5725 σεσῶσθαι.
1333 5669 1630 5742 Ἐνὸμισαν
1697 5669 1848 5740 γὰρ,
1925 5670 2271 5739 ἀπολωλότος
2318 5671 2510 5737 αὑτοῦ,
2542 5673 2639 5726 καὶ
2663 5673 2766 5741 τὴν
2831 5672 2943 5726 τῶν
3000 5672 3182 5744 ἔργων
3240 5674 3403 5740 δόξαν
3451 5673 3749 5728 συναπολέ-

494 5758 639 5812 σθαι.

569 5846 707 5904 XIV.
750 5850 1011 5909 Romanis
1062 5870 1127 5910 ea
1164 5854 1318 5912 clade
1358 5858 1592 5926 maestis,
1640 5857 1777 5917 illud
1808 5859 2055 5917 dolorem

2249 5859 2351 5915 IA’.
2381 5857 2446 5914 Οἱ
2470 5857 2514 5912 δ’
2548 5860 2605 5915 ἐν
2633 5861 2699 5933 τῇ
2737 5857 2922 5934 Ῥώμῃ
2952 5859 3154 5932 ἤλγουν
3185 5858 3282 5932 μὲν
3306 5857 3394 5915 διὰ
3424 5858 3484 5914 τὸ
3514 5858 3744 5931 συμῢὰν,
