4060 6422
204 412 213 419 -
292 375 401 437 673

1556 381 1962 444 ANNALIUM
1993 384 2142 449 LIB.
2179 386 2343 447 VIII.

3462 395 3571 458 671

294 488 393 536 καὶ
438 482 604 539 πλέον
633 484 718 539 ὅτι
755 484 882 550 τοὺς
921 486 1337 558 Καρχηδονίους
1374 489 1469 542 ἐπὶ
1508 490 1608 561 τὴν
1650 490 1873 563 Ῥώμην

1981 494 2154 561 anxit,
2186 496 2335 565 quod
2370 496 2857 569 Carthaginienses
2881 499 2949 554 ad
2986 500 3160 569 ipsam
3189 501 3379 558 urbem
3417 506 3569 559 navi-

292 574 466 645 αὐτὴν
508 576 857 647 προσεδόκων
898 579 1389 634 ἀποπλευσεῖσθαι.
1416 582 1516 634 Διὰ
1541 581 1721 635 ταῦτα
1768 585 1871 651 τήν

290 685 353 720 τε
395 668 631 721 Ἰταλίαν
670 671 729 722 ἐν
763 670 981 742 φυλακῇ
1017 673 1370 744 ἐποιήσαντο,
1406 674 1504 726 καὶ
1531 675 1625 727 ἐπὶ
1656 678 1784 736 τοὺς
1817 678 1875 728 ἐν

296 759 520 833 Σικελίᾳ
541 763 607 832 τῇ
663 778 724 814 τε
751 762 926 835 Λιϐύῃ
960 763 1121 828 ὄντας
1167 765 1476 836 Ῥωμαίους
1512 768 1717 837 σπουδῇ
1749 768 1877 828 τοὺς

294 849 541 913 ὑπάτους
593 850 870 922 ἔπεμψαν,
903 855 1131 924 Μάρκον
1188 857 1439 926 Αἰμίλιον
1475 858 1571 911 καὶ
1618 857 1879 912 Φούλϐιον

291 938 605 996 Πλαίτινον.
646 942 711 995 0i
742 945 799 1008 ἐς
834 944 1086 999 Σικελίαν
1114 946 1473 1014 πλεύσαντες,
1507 951 1604 1003 καὶ
1635 950 1880 1019 φρουρή-

293 1048 486 1092 σαντες
526 1034 596 1086 τὰ
624 1034 764 1099 ἐκεῖ,
802 1037 939 1107 πρὸς
964 1037 1175 1110 Λιϐύην
1210 1040 1574 1111 ὡρμήκεσαν.
1609 1043 1720 1095 Καὶ
1757 1060 1875 1113 χει-

291 1124 437 1194 μῶνι
500 1123 846 1194 ληφθέντες,
923 1131 1343 1202 κατηνέχθησαν
1396 1134 1454 1197 ἐς
1534 1134 1877 1205 Κόρσουραν.

298 1214 683 1287 Πορθήσαντες
716 1218 773 1271 δὲ
796 1222 897 1292 τὴν
922 1221 1110 1292 νῆσον,
1155 1225 1250 1276 καὶ
1274 1226 1490 1296 φρουρᾷ
1519 1225 1874 1295 παραδόντες,

293 1307 489 1360 ἔπλεον
537 1306 719 1372 αὖθις.
755 1312 876 1364 Κάν
924 1312 1103 1385 τούτῳ
1150 1318 1346 1386 ἰσχυρὰ
1397 1317 1681 1389 ναυμαχία
1740 1320 1877 1389 πρὸς

297 1399 709 1473 Καρχηδονίους
786 1405 1022 1472 ἐγίνετο.
1101 1407 1469 1476 Ἥγωνίζοντο
1506 1411 1617 1480 γάρ
1671 1412 1721 1463 oi
1779 1411 1877 1480 μὲν

296 1500 582 1564 παντελῶς
628 1500 756 1563 τοὺς
792 1501 1101 1571 Ῥωμαίους
1128 1506 1192 1557 ἐκ
1231 1505 1330 1573 τῆς
1351 1505 1557 1567 οἰκείας
1594 1505 1871 1560 ἐκϐαλεῖν·

308 1593 578 1663 Ῥωμαῖοι
625 1593 683 1645 δὲ
722 1594 847 1656 τοὺς
908 1594 1451 1667 ἐγκαταλειφθέντας
1500 1598 1652 1667 σφῶν
1715 1600 1774 1651 ἐν
1808 1602 1875 1670 τῇ

298 1686 538 1756 πολεμίᾳ
562 1685 977 1740 ἀνασώσασθαι.
1039 1689 1413 1759 Ἀγγωμάλως
1440 1691 1498 1743 δὲ
1528 1690 1873 1761 μαχομένων,

290 1778 346 1829 oi
379 1777 440 1831 ἐν
485 1779 553 1846 τῇ
621 1778 837 1831 Ἀσπίδι
894 1778 1048 1843 ὄντες
1089 1779 1354 1850 Ῥωμαῖοι
1386 1784 1530 1836 κατὰ
1560 1785 1730 1836 νώτου
1763 1785 1904 1846 τοῖς·

297 1870 692 1941 Καρχηδονίοις
742 1871 1007 1941 ἐξαίφνης
1058 1872 1428 1927 ἐπέπλευσανο
1488 1876 1584 1927 καὶ
1638 1874 1877 1944 ἀμφιϐό-

294 1958 421 2019 λους
460 1958 657 2022 αὐτοὺς
676 1960 1099 2026 καταλαϐόντες,
1120 1962 1402 2033 ἐνίκησαν.
1439 1964 1549 2016 Καὶ
1574 1963 1880 2032 μετατοὶιτο

296 2048 493 2119 καὶτῷ
535 2049 684 2119 πεζῴ
728 2049 991 2121 Ῥωμαῖοι
1038 2052 1371 2122 ἐκράτησαν,
1422 2053 1519 2106 καὶ
1550 2048 1694 2107 εἷλον
1745 2056 1877 2108 πολ-

299 2140 447 2203 λους,
483 2138 572 2203 οὓς
607 2140 696 2193 διὰ
749 2141 845 2193 τὸν
879 2142 1173 2212 Ῥηγουλον
1236 2144 1331 2197 καὶ
1368 2144 1496 2209 τοὺς
1552 2145 1673 2216 μετ’
1708 2145 1876 2200 αὑτοῦ

292 2233 524 2296 ἁλόντας
555 2232 990 2305 περιεσώσαντο.
1034 2235 1320 2306 Ἀρπαγὰς
1359 2236 1417 2290 δέ
1458 2255 1609 2303 τινας
1646 2239 1876 2308 ποιησάο

300 2340 477 2392 μενοι,
518 2325 577 2386 ἐς
626 2324 878 2379 Σικελίαν
919 2326 1133 2382 ἔπλεον.
1160 2327 1404 2398 Χειμώνι
1437 2327 1495 2380 δὲ
1546 2330 1915 2400 περιπεσών-⁸

295 2431 410 2477 τες,
452 2416 547 2467 καὶ
581 2415 810 2480 πολλοὺς
842 2418 1228 2483 ἀποϐαλόντες,
1257 2420 1396 2472 οἴκοι
1427 2422 1545 2483 ταῖς
1572 2420 1731 2473 ναυσὶ
1757 2422 1879 2484 ταῖς

298 2506 723 2577 περισωθείσαις
764 2509 1136 2564 ἀπέπλευσαν.
1175 2512 1236 2563 Οἱ
1272 2511 1327 2563 δὲ
1378 2511 1739 2582 Καρχηδόνιοι
1782 2514 1878 2565 καὶ

297 2600 397 2666 τὴν
432 2600 756 2668 Κόρσουρσιν
800 2600 1016 2667 ἔλαϐον,
1072 2602 1168 2655 καὶ
1207 2604 1264 2665 ἐς
1300 2603 1553 2656 Σικελίαν
1601 2603 1877 2675 ἐπεραιώο

296 2688 490 2760 θησαν.
519 2692 630 2745 Καὶ
655 2694 704 2742 εἰ
738 2692 813 2762 μὴ
844 2693 933 2744 τὸν
963 2693 1294 2747 Κολλατῖνον
1313 2696 1407 2748 καὶ
1437 2695 1631 2747 Γναῖον
1659 2696 1877 2766 Κορνή-

297 2781 415 2833 λιον
475 2783 684 2850 ἔμαθον
736 2783 920 2855 πολλῷ
958 2786 1363 2855 προσπλέοντας
1396 2787 1658 2858 ναυτικῷ,
1699 2790 1876 2841 πᾶσαν

302 2875 369 2925 ἂν
422 2875 594 2943 αὐτὴν
646 2876 1034 2945 ἐχειρώσαντο.
1063 2878 1125 2930 Οἱ
1160 2878 1269 2948 γὰρ
1306 2877 1568 2948 Ῥωμαῖοι
1625 2880 1876 2933 ναυτικόν

301 2981 363 3017 τε
416 2966 643 3033 ἄριστον
708 2967 921 3035 ταχέως
983 2968 1314 3038 ἐξήρτυσαν,
1384 2971 1479 3025 καὶ
1539 2971 1877 3041 καταλόγους

300 3057 619 3127 βελτίστους
676 3061 1103 3130 ἐπεποιήκεσαν.
1134 3064 1243 3117 Καὶ
1277 3063 1450 3128 οὕτως
1496 3063 1875 3136 ἐῤῥώσθησαν,

298 3148 447 3202 ὥστε
474 3151 646 3221 τρίτῳ
679 3152 814 3222 μηνὶ
849 3155 908 3215 ἐς
942 3154 1044 3224 τὴν
1078 3154 1331 3210 Σικελίαν
1366 3158 1703 3212 ἐπανελθεῖν.
1744 3160 1878 3212 Πεν-
1905 3192 1948 3251 c

298 3244 655 3296 τακοσιοστον
719 3242 765 3296 δ’
813 3239 882 3315 ἦν
914 3244 1054 3312 ἔτος,
1086 3247 1180 3317 ἀφ’
1208 3241 1381 3319 οὗπερ
1411 3251 1442 3318 ή
1482 3249 1671 3321 Ῥώμη
1721 3252 1877 3303 συνέ-

220 3366 225 3381 .
297 3350 425 3403 στη.
481 3335 591 3388 Καὶ
650 3336 753 3408 τὴν
816 3338 917 3405 μὲν
979 3339 1132 3392 κάτω
1206 3341 1301 3392 τοῦ
1368 3343 1658 3412 Πανόρμου
1720 3343 1875 3397 πόλιν

294 3425 360 3476 ού
424 3425 678 3494 χαλεπῶς
737 3420 926 3493 εἷλον,
975 3432 1041 3501 τῇ
1100 3429 1156 3483 δὲ
1217 3432 1364 3503 ἄκρᾳ
1419 3434 1875 3504 προσεδρεύοντες

296 3515 771 3586 ἐκακοπὰθησαν,
828 3520 1027 3590 μέχρις
1084 3515 1146 3575 οὗ
1211 3522 1342 3587 τοὺς
1404 3525 1462 3577 ἐν
1532 3526 1671 3595 αὐτῇ
1746 3527 1875 3579 ἐπέ-

294 3607 457 3659 λιπεν
528 3611 560 3677 ἡ
629 3610 834 3681 τροφή.
900 3612 1036 3665 Τότε
1104 3614 1214 3684 γὰρ
1263 3614 1704 3687 προσεχώρησαν
1761 3620 1874 3680 τοῖς

295 3700 545 3762 ὑπάτοις.
598 3700 660 3753 Οἱ
721 3701 777 3753 δὲ
820 3702 1179 3773 Καρχηδίνιοι
1224 3706 1323 3768 τὰς
1370 3706 1502 3772 ναῦς
1564 3709 1744 3762 αὐτῶν
1800 3712 1877 3765 οἵ·

295 3789 430 3843 καδε
488 3791 760 3856 πλεούσας
815 3797 1181 3867 τηρήσαντες,
1226 3794 1370 3854 εἶλον
1406 3803 1609 3872 συχνὰς
1654 3805 1875 3876 χρημά-

291 3903 403 3940 των
433 3890 658 3957 μεστάς.
706 3886 841 3946 Εἶτα
879 3893 1186 3962 Σερουίλιός
1217 3912 1277 3947 τε
1308 3898 1563 3950 Καιπίων
1593 3899 1688 3951 καὶ
1716 3899 1875 3961 Γαῖος

295 3979 650 4051 Σεμπρώνιος
676 3980 897 4050 ὖπει-τοι,
926 3984 1021 4038 τοῦ
1054 3986 1154 4056 μὲν
1183 3987 1474 4042 Λιλυϐαίου
1508 3992 1875 4059 πειράσαντες

292 4069 778 4142 ἀπεκρούσθησαν,
831 4074 891 4137 ἐς
949 4073 1007 4125 δὲ
1036 4075 1137 4145 τὴν
1168 4077 1377 4146 Διϐύην
1430 4077 1872 4148 ἐπεραιώθησαν,

296 4160 397 4214 καὶ
448 4160 547 4233 τὴν
621 4163 892 4233 παραλίαν
948 4152 1241 4236 ἐπόρθουν.
1316 4168 1407 4231 Ὠς
1464 4169 1508 4222 δ’
1556 4171 1876 4240 ἐκομίζοντο

295 4252 502 4314 οἴκαδε,
534 4255 766 4325 χειμῶνι
799 4257 1052 4328 ἐνέτυχον
1106 4261 1203 4314 καὶ
1232 4260 1570 4332 ἐϐλάϐησαν.
1601 4262 1693 4314 Διὸ
1726 4263 1878 4333 νομί-

299 4362 400 4408 σας
429 4346 459 4399 ὀ
487 4345 657 4417 δῆμος
689 4347 746 4414 ἐξ
774 4348 1031 4419 ἀπειρίας
1077 4348 1184 4403 τῶν
1214 4351 1488 4404 ναυτικῶν
1516 4351 1874 4422 βλάπτεσθαι,

295 4437 399 4507 τῆς
456 4439 557 4507 μὲν
621 4438 788 4510 ἄλλης
837 4439 1117 4512 θαλάσσης
1164 4441 1464 4513 ἀπέχεσθαι
1518 4443 1872 4515 ἐψηφίσαντο,

1987 596 2218 654 gaturos
2240 588 2675 643 arbitrabantur.
2704 590 2801 645 IIis
2823 591 2892 646 de
2917 594 3102 648 causis
3123 604 3178 648 et
3199 595 3409 649 Italiam
3429 612 3568 666 pne-

1983 678 2142 733 sidiis
2178 681 2529 741 munierunt.
2558 692 2614 735 et
2657 685 2913 739 consules
2945 685 3012 739 Μ.
3047 685 3327 740 IEtnilintn
3355 697 3412 741 et
3437 690 3568 744 Ful-

1982 768 2130 822 vium
2151 769 2439 823 Plaetinnm
2473 771 2539 825 ad
2561 772 2862 836 Romanos,
2887 776 2979 844 qui
3016 776 3071 830 itt
3094 777 3282 831 Sicilia
3312 789 3365 833 et
3395 780 3567 852 Libga

1982 871 2161 922 erant,
2196 862 2453 917 celeriter
2500 865 2791 921 miserunt.
2843 868 2945 934 Qui
2978 884 3103 923 cum
3148 869 3337 925 Sicilia
3381 875 3569 942 prtcsi-

1982 953 2091 1007 diis
2150 953 2397 1022 firmata,
2452 956 2507 1011 in
2535 958 2777 1013 Africam
2824 960 3183 1031 navigarent,
3242 972 3569 1034 tempestate

1981 1045 2047 1097 ad
2100 1046 2392 1100 Corsuram
2442 1048 2630 1115 delati,
2667 1058 2873 1106 vastata
2913 1051 3091 1107 insula
3122 1092 3137 1116 ,
3193 1063 3249 1107 et
3298 1056 3570 1123 praesidiis

1983 1134 2218 1197 munita,
2251 1148 2634 1205 perrexerunt.
2661 1137 2874 1194 Actum
2914 1158 3042 1197 acre
3072 1142 3319 1213 praelium
3351 1145 3405 1199 in
3429 1148 3567 1200 mari

1982 1229 2333 1281 commissum
2390 1240 2476 1285 est
2516 1246 2641 1284 cum
2691 1232 3266 1303 Carthaginiensibus.
3311 1236 3377 1292 Ili
3416 1238 3565 1291 enim

1984 1320 2404 1383 annitebantur,
2457 1329 2520 1374 ut
2577 1322 2854 1377 Romanos
2884 1340 2914 1378 e
2944 1340 3043 1380 sua
3088 1326 3297 1381 ditione
3342 1330 3567 1398 pcnizus

1983 1408 2252 1479 ejicerent
2278 1428 2294 1465 :
2322 1410 2554 1465 Romani
2603 1428 2735 1467 vero
2758 1456 2774 1480 ,
2818 1424 2878 1468 ut
2915 1430 3046 1470 suos
3085 1431 3155 1470 ex
3190 1417 3377 1471 hostili
3416 1427 3565 1475 terra

1983 1511 2397 1570 recuperarent.
2426 1501 2671 1574 Ancipiti
2707 1522 2903 1576 pugna:
2933 1518 3157 1575 eventu,
3194 1510 3425 1567 Romani
3464 1514 3563 1583 qui

1981 1590 2184 1661 Aspide
2214 1602 2393 1658 crant,
2427 1603 2636 1667 atergo
2662 1595 3150 1669 Carthaginienses
3172 1616 3239 1654 ex
3264 1580 3565 1671 improviso
3640 1650 3657 1660 .
3738 1580 3745 1587 ’

1982 1685 2183 1746 adorti.
2235 1685 2495 1757 utrinque
2554 1687 2966 1744 circumventos
3014 1690 3287 1745 vicerunt.
3352 1693 3561 1749 Deinde

1984 1776 2239 1840 Romani,
2288 1778 2457 1832 etiam
2484 1777 2727 1848 pedestri
2770 1780 2958 1848 praelii»
2999 1781 3256 1842 victores.
3289 1794 3561 1853 ceperunt

1987 1870 2189 1923 multos
2220 1911 2233 1935 ,
2285 1885 2426 1939 quos
2478 1880 2705 1940 propter
2766 1871 3036 1941 Regulum
3096 1881 3153 1927 et
3205 1876 3563 1944 coneapt‘vos

1985 1961 2105 2031 ejus
2142 1972 2583 2017 conservarunt:
2636 1963 2943 2032 abactaque
2993 1966 3197 2033 prtetla,
3233 1966 3286 2020 in
3318 1965 3563 2021 Siciliam

1986 2053 2294 2108 redierunt.
2324 2052 2430 2108 Sed
2468 2063 2792 2124 tempestate
2815 2054 3140 2119 conflictati,
3186 2057 3372 2111 multis
3396 2059 3565 2111 amis-

1985 2142 2083 2207 sis,
2136 2159 2261 2198 cutn
2305 2144 2535 2214 reliquis
2570 2146 2801 2201 navibus
2824 2146 3049 2201 domum
3085 2148 3388 2203 redierunt.
3432 2149 3568 2204 Car-

1988 2235 2365 2305 thaginienses
2402 2245 2587 2291 autem
2622 2247 2679 2290 et
2708 2235 3007 2292 Corsuratu
3040 2248 3389 2308 receperunt,
3421 2248 3478 2295 et
3509 2240 3565 2294 in

1986 2324 2231 2380 Siciliam
2320 2328 2681 2397 traiecerunt.
2763 2329 2841 2383 Ac
2897 2328 3008 2383 nisi
3089 2329 3421 2384 Collatinum
3505 2342 3563 2385 et

1983 2416 2214 2471 Cneium
2249 2415 2570 2473 Cornelium
2617 2434 2744 2473 cum
2801 2435 2994 2490 magna
3042 2420 3217 2475 claSse
3258 2420 3560 2476 adventare

1983 2508 2391 2578 cognovissent,
2418 2525 2540 2564 eam
2569 2519 2737 2564 totam
2764 2510 3133 2580 subegissem.
3159 2511 3389 2566 Romani
3414 2513 3562 2565 enim

1983 2597 2246 2666 Optimam
2265 2597 2493 2652 classem
2509 2597 2799 2652 celerrime
2816 2607 3227 2668 compararunt.
3245 2609 3301 2654 et
3314 2600 3564 2655 delectus

1983 2689 2413 2743 fortissimorum
2445 2690 2693 2744 virorum
2728 2690 3041 2745 habuerunt
3073 2706 3089 2744 :
3121 2692 3306 2761 itaque
3357 2692 3561 2747 firmati

1984 2787 2134 2842 sunt,
2154 2789 2213 2833 ut
2240 2782 2404 2835 tertio
2428 2795 2615 2835 mense
2642 2781 2695 2834 in
2717 2780 2962 2836 Sicillatn
2988 2780 3251 2837 redirent.
3275 2783 3331 2837 Id
3353 2784 3557 2838 factum

1984 2887 2132 2925 anno
2154 2873 2222 2925 ab
2266 2871 2409 2927 Urbe
2450 2872 2672 2926 condita
2694 2872 3160 2942 quingentesimo.
3189 2874 3268 2928 At:
3300 2874 3562 2930 Panormi

1986 2966 2178 3019 urbem
2229 2964 2546 3019 inleriorem
2578 2964 2737 3019 facile
2758 2975 3029 3034 ceperunt
3070 2983 3087 3022 :
3143 2966 3240 3022 sed
3287 2967 3343 3021 in
3413 2972 3563 3025 arcis

1984 3056 2275 3111 obsidione
2328 3056 2752 3110 difﬁcultatibus
2801 3054 3102 3112 conﬂictati
3149 3067 3279 3113 sunt
3320 3075 3336 3116 :
3384 3058 3564 3116 donec

1986 3147 2312 3218 praesidiarii
2345 3157 2654 3201 commeatu
2673 3147 2945 3211 destituti,
2977 3148 3299 3204 consulibus
3318 3149 3560 3205 deditio-

1982 3256 2108 3294 nem
2137 3240 2298 3311 393
2329 3242 2598 3295 fecerunt.
2624 3238 3105 3310 Carthaginienses
3134 3250 3340 3306 autem,
3373 3242 3565 3297 obser-

1982 3332 2122 3387 vatis
2151 3333 2387 3388 navibus
2414 3348 2605 3387 eorum
2644 3333 2871 3388 domum
2906 3333 3208 3399 redituris,
3239 3335 3441 3390 multas
3466 3352 3559 3407 pe-

1982 3425 2162 3480 cunia:
2188 3426 2379 3496 plenas
2416 3436 2705 3496 ceperunt.
2745 3427 2952 3481 Deinde
2988 3426 3257 3482 Servilius
3290 3428 3474 3499 (Ζωρίο
3506 3440 3563 3484 et

1980 3516 2047 3571 C.
2095 3516 2459 3588 Sempronius
2514 3534 2660 3572 coss.
2705 3517 2947 3589 Lilywa
2993 3518 3198 3574 frustra
3230 3530 3459 3585 tentato,
3506 3521 3562 3575 in

1979 3609 2219 3665 Africam
2261 3609 2582 3673 transvecti,
2629 3624 2779 3665 oram
2812 3610 3145 3665 maritimam
3177 3611 3510 3667 infestarunt
3542 3629 3558 3667 :

1983 3701 2040 3755 in
2094 3702 2275 3756 reditu
2334 3702 2742 3756 incommodum
2784 3718 2850 3756 ex
2899 3711 3225 3773 tempestate
3266 3714 3559 3773 ceperunt.

1981 3791 2171 3861 Itaque
2222 3792 2459 3861 populus
2484 3792 2809 3847 existimans
2842 3792 3177 3847 detrimenta
3230 3792 3321 3847 illa
3364 3810 3430 3849 ex
3479 3794 3560 3847 rei

1980 3883 2192 3937 navalis
2232 3883 2511 3953 imperitia
2557 3884 2701 3953 capi,
2735 3884 2949 3954 reliquo
2990 3884 3126 3938 mari
3156 3884 3467 3948 abstinere,
3503 3895 3562 3940 et

1981 3975 2190 4030 Italiam
2222 3975 2489 4031 duntaxat
2517 3977 2709 4046 paucis
2731 3977 2874 4031 tueri
2901 3977 3136 4031 navibus
3167 3975 3558 4033 decreverunt.

1980 4066 2141 4123 Anno
2188 4068 2464 4139 sequenti,
2497 4069 2558 4124 P.
2594 4067 2762 4123 Caius
2794 4077 2850 4122 et
2893 4068 3152 4123 Aurelius
3201 4067 3467 4123 Servilius
3500 4070 3557 4125 in

1982 4159 2225 4214 Siciliam
2260 4160 2513 4230 profecti,
2544 4175 2667 4215 eum
2700 4159 2805 4214 alia
2831 4159 2973 4223 loca,
3003 4169 3118 4215 tum
3151 4158 3429 4213 Himeram
3461 4174 3559 4214 ce-

1979 4258 2205 4324 perunt,
2238 4252 2335 4307 sed
2363 4268 2591 4306 vacuam
2635 4251 2870 4312 civibus,
2894 4266 3034 4321 quos
3074 4248 3560 4320 Cartbaginienses

1982 4355 2147 4400 noctu
2180 4353 2550 4416 asportarant.
2586 4345 2712 4399 Post
2744 4345 2862 4399 haec
2896 4343 3179 4409 Aurelius,
3208 4342 3439 4397 naribus
3484 4342 3554 4396 ab

1982 4434 2221 4489 llierone
2249 4435 2510 4504 acceptis,
2531 4443 2586 4488 et
2611 4433 2875 4489 Romanis
2900 4433 3159 4488 omnibus
3179 4432 3273 4503 qui
3299 4431 3354 4485 in
3381 4431 3562 4488 insula

295 4528 461 4581 ναυσὶ
502 4528 547 4581 δ’
568 4527 784 4601 ὀλίγαις
813 4528 913 4600 τὴν
951 4530 1179 4585 Ἰταλίαν
1215 4534 1474 4603 φρουρεῖν
1526 4533 1875 4604 παρεσκεύα-

1982 4539 2141 4585 erant
2172 4528 2492 4596 assumptis,
2522 4524 2777 4596 Liparam
2818 4525 3035 4598 trajecit
3066 4543 3079 4579 :
3114 4525 3301 4596 ibique
3328 4526 3390 4592 Q.
3425 4525 3561 4581 Cas-

295 4616 415 4681 ζον.
471 4618 566 4691 Τῷ
613 4619 660 4673 δ’
696 4620 1073 4692 ἐπιγενομένῳ
1104 4621 1214 4699 ἔτει
1265 4623 1537 4688 Πούπλιος
1566 4625 1731 4689 Γάϊος
1783 4625 1879 4679 καὶ

295 4710 571 4782 Αὐρήλιος
620 4711 929 4783 Σερουΐλιος
969 4713 1028 4776 ἐς
1074 4713 1177 4785 τὴν
1233 4715 1482 4769 Σικελίαν
1535 4710 1721 4787 ἦλθον,
1783 4716 1880 4771 καὶ

294 4801 436 4857 ἄλλα
460 4803 521 4857 τὲ
553 4818 677 4857 τινα
710 4803 1178 4874 κατεστρέψαντο,
1209 4805 1307 4859 καὶ
1349 4804 1571 4876 Ἱμέραν
1600 4823 1613 4837 ·
1646 4807 1706 4861 οὑ
1743 4807 1876 4878 μέν-

292 4913 380 4949 τοι
403 4895 529 4949 τινὰ
570 4894 833 4966 συνέσχον
862 4896 972 4948 τῶν
1006 4897 1065 4948 ἐν
1095 4896 1234 4966 αὐτῇ
1261 4911 1276 4926 °
1312 4896 1510 4961 νυκτδς
1537 4898 1645 4970 γὰρ
1676 4899 1878 4962 αὐτοὺς

293 4989 347 5041 oi
375 4987 739 5059 Καρχηδόνιοι
766 4987 1117 5056 ἐξεκόμισαν.
1151 4987 1308 5042 Μετὰ
1337 4987 1393 5041 δὲ
1425 4988 1584 5042 τοῦτο
1609 4989 1879 5061 Αὐρήλιος

292 5078 430 5141 ναῦς
459 5094 520 5132 τε
553 5080 704 5148 παρὰ
745 5077 992 5148 Ἱέρωνος
1025 5077 1286 5149 εἰληφὼς,
1323 5080 1416 5132 καὶ
1447 5080 1564 5133 ὅσοι
1593 5080 1702 5133 τῶν
1738 5081 1876 5133 Ῥω-

298 5171 476 5241 μαίων
522 5163 660 5239 ἦσαν
701 5170 822 5222 ἐκεῖ
852 5168 1327 5240 συμπαραλαϐὼν,
1361 5168 1623 5223 ἔπλευσεν
1671 5172 1752 5235 είς
1778 5172 1877 5225 Δι-

296 5262 503 5332 πὰραν,
560 5261 657 5315 καὶ
710 5262 769 5314 ἐν
822 5263 961 5332 αὐτῇ
1014 5261 1295 5332 χιλίαρχον
1355 5262 1590 5316 Κυΐντον
1636 5262 1877 5317 Κάσσιον

295 5350 642 5416 καταλιπὼν,
705 5352 1144 5425 προσεδρεύοντα
1202 5353 1385 5425 μάχης
1444 5353 1599 5419 ἄνευ,
1660 5353 1877 5425 ἀπῆρεν

295 5444 505 5498 οἴκαδε.
535 5444 766 5508 Κύῖντος
791 5444 849 5497 δὲ
882 5444 957 5515 μὴ
985 5444 1279 5515 φροντίσας
1296 5446 1395 5516 τῆς
1427 5444 1672 5516 ἐντολῆς,
1706 5462 1875 5519 προσ-

297 5535 454 5604 έμιξε
496 5538 562 5605 τῇ
593 5534 771 5602 πόλει,
828 5536 922 5588 καὶ
969 5537 1196 5601 πολλοὺς
1230 5536 1527 5591 ἀπέϐαλεν.
1573 5536 1631 5591 '0
1691 5538 1877 5607 μέντοι

297 5625 571 5697 Αὐρήλιος
604 5627 744 5695 μετὰ
786 5628 958 5681 ταῦτα
991 5628 1234 5691 ἐκείνους
1270 5626 1428 5692 ἑλὼν,
1479 5629 1689 5691 πάντας
1736 5629 1875 5683 ἀπέ-

298 5736 504 5786 κτεινε,
535 5720 630 5774 καὶ
662 5720 753 5773 τὸν
800 5719 1040 5776 Κάσσιον
1080 5721 1176 5791 τῆς
1233 5722 1409 5792 ἀρχῆς
1455 5721 1683 5777 ἔπαυσε.
1722 5722 1877 5795 Καρ-

298 5808 537 5873 γττδόνιοι
580 5809 636 5863 δὲ
692 5811 758 5864 τὰ
814 5810 1041 5875 δόξαντα
1092 5813 1206 5876 τοῖς
1253 5812 1550 5879 Ῥωμαίοις
1604 5812 1734 5881 περὶ
1782 5813 1875 5867 τοῦ

836 5977 866 5991 σο

1978 4620 2064 4676 sio
2088 4619 2311 4673 tribuno
2341 4617 2577 4672 militum
2611 4617 2828 4679 relicto,
2859 4618 2953 4687 qui
2978 4632 3097 4672 eam
3115 4618 3236 4673 sine
3259 4633 3438 4688 pugna
3457 4618 3563 4672 ob-

1978 4710 2188 4767 sideret
2210 4710 2431 4765 domum
2467 4707 2667 4764 rediit:
2695 4708 2791 4764 sed
2812 4707 3050 4775 Quintus
3078 4708 3337 4763 mandato
3362 4725 3564 4764 consu-

1979 4804 2049 4859 lis
2086 4804 2368 4873 ncglecto,
2401 4801 2598 4856 urbem
2625 4816 2937 4873 aggressus,
2978 4801 3178 4856 inultos
3206 4800 3406 4857 amisit.
3443 4801 3563 4867 Qua

1979 4895 2179 4951 deinde
2202 4894 2463 4950 Aurelius
2490 4904 2826 4964 expugnata.
2858 4907 3053 4948 omnes
3082 4892 3308 4956 occidit,
3344 4900 3401 4947 et
3430 4895 3564 4948 (Ias-

1978 4986 2060 5042 sio
2079 4987 2456 5058 magistratum
2479 4985 2815 5055 abrogravit.
2834 4984 3320 5056 Carthaginienses
3337 4984 3563 5040 decreto

1977 5078 2354 5135 Romanorum
2387 5077 2455 5133 de
2494 5091 2554 5132 re
2586 5076 2769 5132 navali
2802 5077 3045 5148 cognito,
3076 5076 3307 5131 classem
3336 5091 3435 5145 spe
3480 5085 3565 5129 to-

1977 5168 2090 5224 tius
2124 5167 2323 5224 Sicilia:
2353 5168 2603 5239 potiundi
2653 5169 2941 5223 miserunt.
2970 5167 3047 5223 Ac
3069 5167 3199 5222 dum
3227 5165 3390 5221 ambo
3413 5181 3559 5225 coss.

1976 5260 2229 5318 Ctecilius
2270 5260 2523 5317 Metellus
2567 5269 2623 5315 et
2666 5259 2737 5316 Ο..
2782 5259 2984 5314 Furius
3032 5257 3281 5316 aderant.
3328 5257 3561 5326 quieve-

1980 5361 2127 5408 runt.
2181 5351 2289 5408 Sed
2335 5366 2459 5406 cum
2496 5350 2697 5405 Furius
2738 5349 2969 5404 Romam
3024 5347 3304 5411 rediisset,
3340 5345 3562 5401 Metello

1978 5455 2316 5516 contempto,
2369 5444 2438 5499 ad
2481 5443 2816 5499 Panormum
2869 5449 3244 5497 accesserunt.
3281 5438 3559 5503 Metellus,

1979 5538 2194 5609 cognita
2246 5535 2661 5607 exploratorum
2700 5532 3018 5604 prmsentia,
3064 5529 3327 5585 omnibus
3373 5528 3470 5599 qui
3501 5530 3559 5584 in

1979 5631 2119 5686 urbe
2184 5636 2347 5685 erant
2395 5626 2751 5691 commentis,
2799 5639 2902 5696 pro
2946 5622 3214 5678 concione
3260 5621 3455 5688 edixit,
3503 5631 3563 5677 nt

1979 5738 2098 5778 sese
2153 5722 2386 5777 invicem
2428 5717 2874 5789 prehensarent:
2927 5724 2984 5769 ct
3028 5715 3283 5786 quemvis
3318 5711 3565 5783 rogando

1980 5816 2105 5885 quis
2160 5822 2325 5882 esset,
2374 5811 2620 5885 quidque
2677 5818 2885 5881 ageret,
2925 5808 3115 5865 hostes
3167 5805 3558 5880 deprehendit.
