4060 6382
529 395 641 459 675

1839 391 2163 455 JOANNIS
2203 389 2528 452 ΖΟΝΑΒιΕ

3689 390 3794 454 676

527 504 1087 578 Carthaginiensibus
1108 513 1301 561 autem
1319 503 1391 560 ad
1420 518 1662 576 pugnam
1685 517 1747 560 se
1762 504 2101 574 penatibus,

2215 500 2478 556 ναυτικοῦ
2538 500 2827 572 μαθόντες,
2867 500 3123 573 ἔπεμψαν
3172 501 3252 564 εἰς
3309 498 3581 569 Σικελίαν,
3615 503 3798 559 πᾶσαν

530 613 631 669 per
670 596 789 652 dies
815 596 1128 667 complures
1150 607 1301 651 metu
1334 596 1624 657 simulato.
1650 594 1861 660 eﬂ'ecit,
1888 603 1951 650 ut
1974 594 2107 651 elati

531 688 731 743 animis
789 688 1056 743 audacius
1110 687 1313 743 muenia
1359 695 1763 758 oppugnarent.
1826 686 2108 757 Signoque

527 780 681 843 dato,
729 779 994 834 Romanis
1044 780 1230 834 subito
1276 781 1452 850 portis
1506 781 1766 835 omnibus
1816 794 2107 849 erumpere

527 869 713 941 jussis,
745 870 902 924 facile
925 871 1058 925 vicit
1081 872 1133 924 in
1162 872 1452 942 angustias
1472 873 1729 927 redactos
1762 888 1777 926 :
1807 872 1952 927 unde
1981 887 2105 926 cum

529 961 764 1016 evadere
814 977 925 1016 non
970 971 1214 1031 possent,
1263 964 1318 1017 in
1351 972 1500 1018 tanta
1534 973 1592 1019 et
1628 965 1876 1019 virorum
1907 976 1965 1020 et
1994 965 2108 1022 ele-

538 1052 870 1121 phantorum
898 1054 1289 1117 multitudine,
1324 1055 1710 1111 turbabantur.
1756 1056 1863 1112 Sed
1896 1058 2105 1113 interea

527 1144 720 1197 classis
757 1144 962 1199 Punica
990 1147 1306 1216 appellens,
1336 1148 1489 1202 exitii
1522 1164 1689 1204 causa
1720 1148 1773 1203 in
1802 1150 1993 1221 primis
2026 1151 2107 1207 eis

528 1242 649 1295 luit.
663 1242 795 1296 Nam
811 1242 939 1295 dum
960 1259 1128 1298 naves
1146 1246 1515 1300 conscendere
1532 1249 1892 1313 contendunt,
1907 1248 2105 1318 partim

526 1333 581 1385 iu
614 1333 747 1387 mari
784 1333 1095 1403 perierunt,
1127 1336 1327 1404 partim
1364 1336 1434 1391 ab
1467 1337 1780 1405 elephantis
1803 1346 1858 1393 et
1890 1355 2012 1394 sese
2047 1348 2105 1395 et

524 1424 780 1480 homines
808 1426 1135 1497 urgentibus
1173 1428 1517 1492 conculcati,
1551 1430 1746 1499 partim
1783 1447 1812 1483 a
1843 1430 2105 1487 Romanis

522 1517 691 1572 occisi
738 1527 887 1572 sunt.
939 1517 1095 1589 Capti
1128 1519 1297 1574 etiam
1342 1520 1499 1575 multi
1529 1529 1584 1575 et
1617 1521 1720 1575 viri
1755 1530 1813 1577 et
1843 1522 2107 1592 elephan-

523 1615 606 1662 tes
638 1624 655 1664 :
698 1610 946 1679 quicum
989 1610 1283 1680 magistros
1325 1627 1458 1667 suos
1496 1626 1606 1667 non
1638 1611 1804 1685 39E.
1834 1612 2105 1669 habentes

2211 591 2475 659 ὑποτάξαι
2506 594 2628 647 τότε
2662 591 2999 658 ἐλπίζοντες.
3034 593 3145 648 Καὶ
3170 593 3278 656 ἕως
3336 592 3438 664 μὲν
3479 592 3650 664 ἄμφω
3691 612 3797 649 πα-

2213 689 2387 758 ρῆσαν
2414 688 2469 740 οε
2496 686 2695 742 ὕπατοι
2721 687 3005 749 Καικίλιος
3036 686 3315 749 Μέτελλος
3342 687 3440 740 καλ⁸
3472 687 3635 749 Γάϊος
3664 688 3798 742 Φού-

2211 797 2349 850 ριος,
2386 780 2648 850 ἠρέμουν.
2688 780 2785 842 Ὦς
2823 779 2884 832 δὲ
2926 779 3063 852 πρὸς
3110 778 3211 848 τὴν
3249 776 3470 849 Ῥώμην
3505 778 3722 849 ἀπῆρεν
3768 781 3797 833 ό

2207 872 2454 943 Φούριος,
2497 874 2918 944 κατεφρόνησαν
2961 872 3057 925 τοῦ
3100 873 3399 935 Μετέλλου,
3433 874 3530 927 καὶ
3571 875 3711 944 πρὸς
3740 875 3799 928 τὸ

2209 966 2496 1035 Πάνορμον
2521 960 2708 1037 ἦλθον.
2752 967 2810 1018 ’0
2835 964 2891 1018 δὲ
2912 964 3184 1029 Μέτελλος
3210 966 3597 1028 κατασκόπους
3625 965 3799 1019 ἐλθεῖν

2211 1056 2398 1128 μαθὼν
2444 1061 2509 1111 ἐκ
2540 1057 2647 1110 τῶν
2693 1056 2992 1127 πολεμίων,
3027 1057 3250 1129 ἤθροισε
3280 1058 3407 1119 τοὺς
3442 1059 3500 1110 ἐν
3529 1059 3594 1128 τῇ
3642 1056 3801 1111 πόλει

2208 1153 2444 1217 πάντας,
2473 1152 2571 1206 καὶ
2623 1152 2929 1222 διαλεχθεὶς
2975 1152 3183 1214 αὐτοῖς,
3224 1151 3477 1221 ἀλλήλων
3531 1149 3798 1203 λαδέσθαι

2210 1244 2393 1313 σφίσιν
2450 1243 2727 1298 ἐκέλευσε.
2793 1243 2901 1296 Kal
2966 1240 3139 1306 οὕτως
3187 1242 3423 1295 ἕκαστον
3483 1239 3799 1310 ἀνακρίνων

2205 1336 2353 1398 ὅστις
2379 1353 2438 1389 τε
2463 1336 2547 1406 εῐη
2576 1336 2671 1389 καὶ
2690 1336 2718 1388 ὅ
2744 1353 2798 1389 τι
2830 1335 3079 1408 πράττοι,
3103 1332 3463 1403 κατεφώρασε
3487 1334 3613 1395 τοὺς
3641 1331 3800 1385 πολε-

2209 1427 2385 1498 μίους.
2417 1426 2781 1497 Καρχηδόνιοι
2814 1427 2872 1481 δὲ
2899 1424 3301 1498 παρετάξαντο,
3319 1425 3394 1486 ώς
3430 1423 3791 1495 μαχούμενοι,

2206 1520 2303 1571 καὶ
2347 1518 2620 1581 Μέτελλος
2656 1518 2886 1573 δεδιέναι
2931 1520 3333 1589 προσεποιεῖτο.
3367 1515 3575 1569 Τούτου
3627 1515 3674 1569 δ’
3701 1514 3798 1567 ἐπὶ

2207 1610 2430 1673 πλείους
2458 1612 2674 1680 ἡμέρας
2705 1610 3019 1680 γινομένου,
3069 1610 3119 1662 ol
3155 1607 3520 1679 Καρχηδόνιοι
3565 1608 3798 1677 ἐφρονη-

519 1711 1010 1771 esasperarentur,
1056 1702 1309 1758 Meteilus
1339 1703 1606 1773 captivis,
1659 1703 1756 1773 qui
1794 1719 1893 1760 eos
1918 1706 2100 1774 cepis-

2210 1701 2578 1771 ματίσθησαν,
2605 1701 2701 1753 καὶ
2732 1700 3102 1772 προσέσαλλον
3135 1699 3491 1770 θρασύτερον.
3522 1698 3631 1750 Kal
3670 1697 3797 1750 τότε

520 1802 668 1858 sent,
692 1795 924 1850 salutem
942 1802 997 1849 et
1018 1794 1404 1863 impunitatem
1423 1795 1699 1865 praeconio
1716 1798 1959 1865 promitti
1979 1798 2100 1869 jus-

2206 1796 2235 1847 ό
2262 1794 2530 1857 Μέτελλος
2559 1795 2786 1864 σημεῖον
2814 1795 2926 1856 τοῖς
2967 1792 3259 1860 Ῥωμαίοις
3286 1786 3389 1862 ἦρε
3410 1807 3424 1821 ·
3457 1791 3567 1842 κάκ
3598 1787 3795 1840 τούτου

521 1886 615 1941 sit.
640 1885 733 1942 Sic
751 1886 827 1941 illi
854 1884 1316 1941 nansuetissimis
1342 1894 1400 1941 et
1423 1888 1574 1942 notis
1599 1888 1796 1958 captis,
1815 1867 2101 1944 etiamvcat-

2207 1884 2541 1951 ἐξαπιναίως
2576 1886 2774 1938 ἐκεῖνοι
2804 1886 2946 1936 κατὰ
2973 1884 3153 1944 πάσας
3192 1882 3291 1943 τὰς
3316 1878 3493 1941 πύλας
3526 1875 3798 1945 ἐπεκδρα·

523 1988 672 2031 teros
699 1985 1080 2032 attraxerant:
1117 1976 1212 2046 qui
1244 1992 1372 2041 cxx,
1403 1993 1639 2033 numero
1666 1978 1746 2033 sic
1773 1994 1872 2049 per
1904 1978 2101 2035 fretum

2207 1978 2424 2047 μόντες,
2488 1974 2687 2047 ῥᾳδίως
2730 1973 3069 2045 ἐκράτησαν,
3104 1970 3204 2025 καὶ
3252 1972 3311 2034 ἐς
3364 1968 3548 2022 στενὸν
3596 1968 3798 2028 αὐτοὺς

521 2068 750 2123 Romam
782 2077 912 2122 sunt
938 2068 1198 2123 traducti.
1224 2069 1377 2123 Dolia
1400 2070 1571 2126 multa
1593 2071 1737 2125 inter
1768 2087 1890 2127 sese
1913 2071 2101 2127 devin-

2206 2070 2592 2134 κατέκλεισαν,
2648 2067 2792 2121 ὥστε
2853 2066 3047 2138 μηκέτ’
3087 2064 3444 2135 ἀναχωρῆσαι
3497 2059 3565 2115 δι’
3624 2056 3797 2112 αὐτοῦ

521 2169 739 2221 xerunt,
768 2168 825 2214 et
860 2159 1022 2230 lignis
1044 2159 1267 2214 insertis
1302 2160 1375 2214 ita
1406 2160 1803 2222 distinxerunt,
1837 2171 1900 2217 ut
1928 2179 2101 2233 neque

2206 2163 2524 2234 δυνηθῆναι.
2566 2162 3072 2231 Στενοχωρούμενοι
3103 2158 3213 2228 γὰρ
3235 2157 3330 2210 ἅτε
3359 2157 3456 2209 καὶ
3483 2152 3637 2207 αὐτοὶ
3665 2149 3800 2204 πολ-

520 2258 938 2320 separarentur.
972 2265 1155 2320 neque
1180 2249 1397 2304 coirent
1422 2267 1437 2304 :
1467 2266 1645 2320 eaque
1696 2251 1949 2306 trabibus
1978 2268 2101 2308 con-

2206 2256 2289 2309 λοὶ
2322 2254 2496 2316 ὄντες,
2549 2253 2644 2308 καὶ
2692 2250 2921 2314 πολλοὺς
2968 2250 3271 2319 ἐλέφαντας
3302 2246 3517 2317 ἔχοντες
3568 2242 3801 2312 ἐταράτ-

518 2347 713 2406 strata,
767 2340 1063 2394 sarmentis
1116 2349 1175 2395 et
1224 2348 1373 2394 terra
1427 2340 1662 2410 ingesta,
1705 2340 2101 2412 circumsepse-

2206 2361 2380 2399 τοντο.
2412 2344 2529 2398 Κάν
2550 2343 2728 2412 τούτῳ
2753 2340 2815 2393 τὸ
2843 2341 3099 2394 ναυτικὸν
3125 2339 3187 2392 τὸ
3217 2337 3457 2391 Λιϐυκὸν
3480 2332 3800 2406 προσπελά-

516 2440 671 2495 runt,
720 2440 781 2486 ut
832 2439 1113 2486 structura
1169 2430 1260 2485 illa
1310 2431 1511 2486 stabuli
1569 2433 1745 2486 instar
1803 2442 1999 2488 esset:
2045 2434 2101 2489 in

2210 2454 2310 2491 σαν
2344 2438 2525 2498 αὐτοῖς
2557 2436 2779 2503 ἐγένετο
2810 2433 3017 2504 φθορᾶς
3059 2430 3399 2486 αἰτιώτατον.
3440 2428 3661 2491 Ἰδόντες
3684 2430 3799 2499 γὰρ

517 2537 751 2592 eamque
798 2522 1169 2587 introductos,
1215 2524 1335 2577 sine
1368 2537 1534 2577 sensu
1582 2522 1949 2593 navigationis
1993 2534 2101 2580 tra-

2207 2529 2307 2591 τάς
2338 2529 2492 2595 ναῦς,
2526 2527 2796 2598 ὥρμησαν
2825 2528 2903 2589 είς
2938 2525 3130 2590 αὑτὰς,
3159 2527 3251 2578 καὶ
3273 2522 3554 2598 ἐμϐαίνειν
3576 2519 3799 2586 ὲξεὸιὰο

511 2614 788 2685 iecerunt.
835 2614 946 2668 llac
1002 2612 1234 2668 victoria
1281 2614 1457 2683 potito
1509 2612 1762 2677 Metello,
1826 2616 2101 2671 Asdrubal

2211 2619 2387 2685 ζοντο,
2431 2619 2525 2672 καὶ
2556 2620 2604 2671 οἱ
2642 2619 2742 2689 μὲν
2786 2620 2868 2679 εἰς
2898 2618 2999 2686 τὴν
3028 2615 3306 2668 θάλασταν
3357 2593 3667 2676 ἐνέπιπτον,
3699 2611 3799 2665 καὶ⁵

517 2704 630 2759 dux
655 2714 768 2759 tum
797 2703 1021 2775 quidem
1052 2707 1266 2759 evasit:
1301 2704 1398 2759 sed
1432 2715 1556 2774 post
1582 2720 1612 2759 a
1643 2705 2101 2778 Carthagincnsi-

2211 2713 2548 2783 ἐφθείροντο,
2595 2713 2645 2764 οἱ
2685 2710 2742 2763 δὲ
2795 2709 2899 2763 ὑπὸ
2936 2709 3044 2761 τῶν
3072 2707 3381 2774 ἐλεφάντων
3410 2702 3798 2775 ἐμπελαζομέ-

516 2797 622 2852 bus
655 2807 969 2862 revocatus,
995 2805 1160 2868 atque
1189 2798 1245 2852 in
1275 2813 1501 2854 crucem
1525 2807 1684 2856 actus
1710 2810 1815 2856 est.

2211 2822 2317 2860 νων
2364 2803 2620 2873 ἀλλήλοις
2660 2817 2721 2854 τε
2756 2801 2850 2854 καὶ
2881 2800 2993 2862 τοῖς
3025 2797 3334 2868 ἀνθρώποις
3365 2794 3683 2849 ἀπώλλυντο
3704 2808 3718 2822 ·
3747 2792 3798 2845 οἱ

506 2893 573 2947 δέ
611 2893 717 2948 ὑπὸ
757 2893 864 2947 τῶν
927 2893 1219 2964 Ῥωμαίων
1269 2895 1595 2962 ἐκτείνοντο,
1661 2896 1850 2953 πολλοὶ
1901 2898 1959 2952 δὲ
2005 2900 2103 2954 καὶ
2151 2901 2355 2966 ζῶντες
2408 2898 2675 2961 ἑάλωσαν,
2738 2895 2932 2966 ἄνδρες
2977 2911 3038 2946 τε
3076 2892 3173 2946 καὶ
3203 2890 3519 2959 ἐλέφαντες.
3574 2885 3797 2957 Ἐπειδὴ

516 2987 626 3056 γὰρ
684 2986 816 3041 ἄνευ
882 2986 994 3040 τᾶν
1025 2985 1273 3056 συνήθων
1301 2986 1487 3055 σφίσιν
1528 2987 1738 3059 ἀνδρῶν
1771 2989 1923 3050 ὄντες
1960 2991 2329 3063 ἠγριαίνοντο,
2376 2991 2645 3062 κήρυγμα
2697 2990 2810 3051 τοῖς
2846 2985 3219 3057 αἰχμαλώτοις
3249 2988 3278 3038 ὁ
3303 2982 3575 3045 Μέτελλος
3609 2982 3800 3052 ἐποιή-

519 3099 676 3148 σατο,
739 3082 1015 3154 σωτηρίαν
1045 3081 1139 3135 καὶ
1161 3079 1349 3134 ἄδειαν
1382 3084 1494 3145 τοῖς
1529 3081 1890 3138 συλλαϐοῦσιν
1911 3086 2111 3151 αὐτοὺς
2156 3086 2332 3141 διδοῦν
2352 3102 2368 3118 ο
2412 3088 2508 3140 καὶ
2533 3084 2707 3148 οὕτως
2733 3081 3131 3154 προσελθόντες
3197 3081 3313 3143 τοῖς
3353 3077 3506 3147 σφῶν
3552 3076 3800 3147 πραοτά-

514 3191 654 3240 τοις,
708 3173 953 3235 ἐκείνους
1011 3187 1071 3223 τε
1131 3169 1220 3223 διὰ
1257 3172 1359 3243 τήν
1407 3172 1699 3243 συνήθειαν
1761 3175 2131 3246 ἐχειρώσαντο
2160 3179 2253 3231 καὶ
2278 3177 2406 3243 τοὺς
2434 3174 2627 3239 ἀλλους
2658 3172 3212 3246 προσιπεσπάσαντο,
3248 3169 3344 3233 οὓς
3393 3167 3491 3222 καὶ
3566 3167 3649 3231 είς
3694 3166 3799 3236 τὴν

525 3265 749 3336 Ῥώμην
794 3265 1081 3335 ἐκόμισαν,
1113 3264 1308 3318 ἑκατὸν
1372 3263 1530 3328 ὄντας
1580 3264 1675 3318 καὶ
1703 3266 1928 3333 εἴκοσιν,
1954 3267 2127 3334 οὕτως
2166 3272 2365 3335 αὐτοὺς
2396 3269 2491 3323 τὸν
2539 3267 2788 3340 πορθμὸν
2822 3265 3256 3337 περαιώσαντες.
3324 3263 3527 3325 Πίθους
3561 3258 3798 3314 πολλοὺς

517 3358 883 3427 συνδήσαντες
913 3355 1190 3425 ἀλλήλοις,
1226 3356 1320 3409 καὶ
1351 3355 1531 3423 ξύλοις
1554 3356 1899 3424 διαλαϐόντες
1924 3363 2086 3430 σφᾶς,
2124 3364 2265 3418 ὥστε
2308 3363 2440 3436 μήτ’
2462 3360 2817 3434 ἀπαρτᾶσθαι
2848 3360 3011 3428 σφᾶς,
3046 3358 3185 3430 μήτε
3214 3354 3573 3426 συμπίπτειν,
3602 3354 3797 3416 δοκοὺς

516 3447 606 3500 ἐπ’
663 3447 844 3501 αὐτῶν
881 3446 1187 3508 ἐπέτειναν,
1232 3444 1328 3499 καὶ
1363 3444 1497 3516 ὕλην
1522 3446 1618 3500 καὶ
1644 3448 1749 3516 γῆν
1774 3450 2144 3522 ἐπεφόρησαν,
2178 3451 2489 3523 φράξαντές
2516 3466 2577 3504 τε
2608 3449 2769 3521 πέριξ
2795 3449 2855 3503 τὸ
2873 3449 3096 3520 χωρίον,
3127 3446 3203 3511 ὡς
3232 3446 3369 3516 αὐλῇ
3396 3461 3504 3499 τινι
3528 3444 3796 3498 ἐοικέναιν

515 3541 601 3604 εἰς
625 3537 783 3592 τοῦτο
814 3538 1012 3600 αὐτοὺς
1052 3537 1408 3605 ἐπεὸίῦασαν,
1456 3538 1551 3592 καὶ
1617 3538 1809 3609 διεπόρ
1845 3540 2110 3613 θμευσαν,
2165 3546 2274 3598 οὐδ’
2330 3544 2759 3614 αἰσθανομένους
2811 3543 2895 3596 ὅτι
2964 3540 3204 3595 πλέοιεν.
3245 3539 3305 3592 Ὀ
3365 3536 3465 3608 μέν
3501 3531 3596 3590 οὖν
3671 3533 3795 3590 Ms-

513 3634 700 3696 τελλος
767 3633 941 3697 οὕτως
992 3635 1284 3707 ἐνίκησενο
1328 3643 1357 3690 ὀ
1408 3636 1453 3691 δ’
1497 3634 1831 3707 Ἀσδρούϐας
1885 3636 1914 3688 ὁ
1951 3635 2061 3689 τῶν
2123 3636 2515 3708 Καρχηδονίων
2580 3635 2887 3707 στρατηγὸς
2952 3634 3147 3697 σωθεὶς
3193 3631 3341 3695 τότε,
3414 3629 3647 3698 ὕστερον
3689 3628 3797 3683 om

513 3727 626 3781 τῶν
695 3725 1084 3797 Καρχηδονίων
1147 3727 1356 3799 ἐκλήθη
1392 3767 1410 3797 ,
1472 3728 1567 3782 καὶ
1631 3727 2095 3800 ἀνεσκολοπίσθη.

584 3818 703 3876 XV.
729 3817 1213 3889 Carthaginienses
1239 3834 1363 3873 cum
1393 3818 1520 3874 aliis
1550 3816 1618 3873 de
1640 3816 1843 3881 causis,
1864 3825 1981 3872 tum
2020 3815 2091 3872 ob

2267 3815 2368 3872 IE'.
2400 3817 2464 3869 Οἱ
2495 3815 2860 3887 Καρχηδόνιοι
2886 3815 2943 3869 δέ
2972 3814 3471 3886 διεκηρυκεύσαντο
3495 3816 3612 3879 τοῖς
3651 3815 3796 3869 Ῥω-

515 3913 857 3984 captivorum
900 3909 1313 3964 multitudinem
1343 3948 1359 3974 ,
1393 3910 1625 3964 Romam
1670 3908 1881 3980 legatos
1926 3908 2097 3964 mise-

515 4013 669 4063 runt,
704 4001 964 4073 adjuncto
1003 4000 1239 4071 Regulo,
1292 4015 1456 4071 quem
1492 4008 1721 4071 propter
1750 3999 2011 4054 virtutem
2043 4006 2100 4054 et

515 4097 907 4152 auctoritatem
928 4094 1067 4148 nihil
1092 4109 1201 4148 non
1221 4093 1640 4165 impetraturum
1661 4091 2096 4158 arbitrabantur,

513 4187 876 4262 jurejurando
927 4187 1281 4252 obstrictum,
1337 4194 1400 4240 ut
1442 4184 1674 4240 rediret.
1722 4181 1772 4238 ls
1801 4193 1859 4240 et
1885 4183 2010 4240 aliis
2041 4184 2097 4240 in

517 4280 686 4335 rebus
727 4295 786 4334 se
812 4293 912 4349 pro
941 4276 1404 4346 Carthaginiense
1426 4278 1618 4345 gessit.
1657 4289 1839 4344 neque
1873 4289 2100 4329 uxorem

513 4373 583 4426 ad
610 4371 945 4441 colloquium
971 4368 1197 4423 admisit
1224 4385 1238 4422 ε
1263 4382 1441 4436 neque
1479 4376 1696 4429 urbem,
1723 4365 1978 4436 quamvis
2003 4379 2102 4420 vo-

512 4479 760 4530 caretur,
816 4464 1102 4534 ingressus
1155 4467 1263 4516 est.
1313 4459 1425 4514 Sed
1462 4467 1656 4513 senatu
1703 4467 1859 4511 extra
1903 4457 2099 4511 urbem

511 4566 711 4612 coacto
748 4556 848 4619 (ita
882 4553 1030 4609 enim
1065 4552 1402 4621 respondere
1432 4550 1627 4620 legatis
1656 4549 1896 4604 hostium
1927 4547 2100 4603 moris

514 4648 658 4716 erat)
695 4647 750 4702 in
794 4645 1092 4702 concilium
1122 4643 1504 4706 introductus,
1532 4642 1667 4696 dixit
1696 4655 1711 4694 :
1753 4638 1890 4706 Nos,
1923 4640 1989 4697 P.
2023 4639 2088 4695 ϐ.

517 4740 981 4809 Carthaginienses
999 4739 1068 4790 ad
1087 4752 1175 4790 vos
1206 4736 1461 4789 miserunt
1491 4738 1640 4801 (nam
1666 4748 1759 4802 ego
1785 4746 1987 4802 quoque
2006 4731 2102 4801 ju-

520 4849 579 4886 re
601 4830 725 4886 belli
742 4846 921 4884 servus
950 4845 1131 4883 eorum
1163 4828 1335 4897 factus
1362 4830 1504 4895 sum)
1541 4834 1778 4897 petentes
1798 4824 1852 4877 in
1887 4825 2097 4893 primis,

520 4933 580 4979 ut
618 4938 726 4995 pax
752 4924 816 4977 iis
837 4920 1242 4986 conditionibus,
1277 4936 1408 4990 quas
1439 4920 1692 4988 utrinque
1738 4915 2097 4986 probaueritis,

519 5017 661 5087 ﬁat:
690 5016 773 5070 sin
801 5015 854 5068 id
900 5013 1100 5077 nolitis,
1148 5025 1206 5066 ut
1242 5010 1431 5066 saltem
1474 5009 1669 5079 captivi
1711 5016 2097 5079 permutentur.

2205 3909 2386 3980 μαίοις
2419 3908 2508 3962 διά
2529 3925 2588 3960 τε
2612 3909 2802 3974 τᾶλλα,
2830 3908 2933 3962 και
2948 3907 3009 3961 τὸ
3032 3907 3237 3979 πλῆθος
3262 3906 3376 3960 τῶν
3398 3905 3795 3976 αἰχμαλώτων.

2202 4000 2447 4063 καὶτοῖς
2482 3998 2749 4071 πρέσϐεσι
2802 3998 2898 4052 καὶ
2944 3997 3108 4052 αὐτὸν
3152 3999 3244 4052 τὸν
3301 3997 3597 4068 Ῥηγοῦλον
3658 4016 3793 4052 συν-

2201 4093 2477 4162 έπεμψαν,
2503 4093 2612 4145 πᾶν
2646 4090 2715 4145 δι’
2739 4091 2908 4144 αὐτοῦ
2933 4090 3213 4162 οἰηθέντες
3240 4089 3672 4162 κατωρθωκέναι
3702 4090 3795 4144 διὰ

2199 4181 2300 4253 τὴν
2326 4181 2530 4252 ἀρετὴν
2553 4182 2648 4236 καὶ
2675 4182 2736 4236 τδ
2768 4181 2985 4247 ἀξίωμα
3015 4180 3109 4235 τοῦ
3148 4182 3363 4253 ἀνδρός.
3397 4182 3699 4253 Ὥρκωσάν
3730 4200 3793 4236 τε

2201 4273 2387 4339 αὐτὸν,
2431 4271 2467 4346 ἦ
2517 4275 2625 4346 μὴν
2677 4275 2989 4347 ἐπανήξειν.
3034 4275 3142 4328 Καὶ
3177 4275 3235 4338 ὃς
3260 4276 3330 4329 τά
3356 4292 3414 4329 τε
3439 4275 3572 4331 ἄλλα
3596 4276 3675 4340 ὡς
3709 4271 3793 4338 εἷς

2201 4364 2313 4419 τῶν
2352 4366 2741 4436 Καρχηδονίων
2792 4366 3051 4436 ἔπραττε,
3087 4368 3180 4420 καὶ
3229 4365 3352 4420 οὔτε
3399 4369 3500 4440 τὴν
3549 4372 3792 4438 γυναῖκα

2202 4460 2285 4522 είς
2337 4458 2529 4526 λόγους
2561 4457 2801 4526 ἐδέξατο,
2853 4459 2979 4512 οὔτε
3026 4458 3126 4530 τὴν
3182 4459 3338 4514 πόλιν
3400 4461 3645 4532 εἰσῆλθε,
3697 4465 3793 4516 καὶ

2202 4551 2378 4606 ταῦτα
2408 4550 2765 4623 καλούμενος,
2797 4552 2912 4606 ἀλλ’
2946 4553 3051 4618 ἐξω
3077 4553 3172 4607 τοῦ
3207 4554 3423 4625 τείχους
3452 4556 3554 4625 τῆς
3585 4555 3792 4629 βουλῆς

2203 4642 2591 4715 ἀθροισθείσης
2617 4643 2713 4715 (ὡς
2736 4644 2857 4708 ἐθος
2886 4640 2954 4717 ἦν
2975 4645 3339 4717 χρηματίζειν
3366 4647 3477 4701 τῶν
3502 4647 3792 4721 πολεμίων

2203 4737 2316 4800 τοῖς
2349 4735 2667 4808 πρέσϐεσιν)
2696 4737 2976 4807 εἰσαχθεὶς
3027 4740 3106 4801 εἰς
3137 4737 3197 4791 τὺ
3252 4740 3552 4811 συνέδριον,
3588 4738 3751 4795 εἶπεν
3773 4758 3789 4773 ο

2215 4827 2421 4896 Ἦμᾶς,
2444 4823 2491 4882 ὦ
2525 4828 2795 4897 πατέρες,
2822 4830 2972 4898 πρὸς
3001 4831 3158 4900 ὑμᾶς
3181 4831 3577 4901 Καρχηδόνιοι
3607 4834 3795 4902 Exsp-

2204 4922 2335 4989 ψαν
2384 4918 2623 4988 (ἐκεῖνοι
2676 4918 2789 4989 γάρ
2835 4937 2913 4990 με
2967 4921 3322 4986 sani/luam,
3374 4922 3504 4977 ἐπεὶ
3563 4923 3793 4990 δοῦλος

2205 5011 2407 5065 αὐτῶν
2451 5011 2614 5082 νόμῳ
2656 5013 2926 5081 πολέμου
2978 5014 3315 5084 γεγένημαι)
3379 5016 3477 5070 καὶ
3539 5016 3790 5081 ἀξιοῦσι

521 5110 651 5166 Haec
690 5108 932 5173 locutus,
970 5119 1095 5160 cum
1122 5105 1318 5175 legatis
1346 5103 1600 5165 secessit,
1635 5109 1699 5155 ut
1728 5101 1961 5156 Romani
1994 5100 2098 5156 soli

2206 5103 2470 5173 μάλιστα
2495 5103 2613 5173 μὲν
2636 5104 2732 5158 καὶ
2760 5105 2865 5158 τόν
2891 5106 3166 5175 πόλεμον
3186 5107 3495 5163 λύσασθαι
3514 5110 3614 5162 ἐπὶ
3638 5125 3792 5165 συν-

519 5203 915 5259 deliberarent.
940 5198 1079 5256 Cum
1109 5207 1296 5254 autem
1338 5213 1369 5251 a
1409 5212 1555 5252 coss.
1589 5195 1858 5250 interesse
1888 5194 2100 5249 delibe-

2206 5196 2422 5266 θήκαις
2474 5196 2606 5263 ταῖς
2657 5197 2983 5264 δοκούσαις
3033 5198 3279 5268 ἀμφοῖν,
3326 5202 3381 5254 sl
3430 5199 3501 5253 δὲ
3549 5200 3637 5270 μὴ
3669 5199 3790 5254 τῶν

521 5298 724 5354 rationi
764 5297 1076 5368 iuberetur,
1123 5308 1234 5349 non
1264 5291 1468 5362 paruit,
1506 5288 1825 5360 priusquam
1877 5286 1931 5342 id
1974 5285 2101 5342 Car-

2206 5286 2598 5356 αὶχμαλὼτων
2635 5286 3012 5355 ποιήσασθαι
3045 5290 3345 5358 calanus.
3372 5290 3560 5345 Ταῦτα
3590 5290 3788 5354 εἰπὼν,

523 5389 906 5461 tbaginienses
931 5384 1428 5459 permisissent.fAc
1458 5382 1657 5437 tacitus
1679 5368 1947 5442 assidens,
1978 5394 2101 5434 cum

2208 5378 2444 5448 μετέστη
2496 5379 2634 5447 μετά
2687 5378 2800 5431 τῶν
2852 5380 3159 5450 πρέσϐεων,
3190 5381 3263 5446 ώς
3290 5383 3359 5436 ἄν
3393 5381 3518 5436 καθ’
3556 5385 3789 5446 ἑαυτοὺς

520 5485 851 5540 sententiam
877 5491 1181 5554 rogaretur,
1205 5482 1281 5535 ait
1308 5497 1321 5533 :
1351 5477 1495 5548 Ego,
1522 5474 1583 5529 Ρ.
1618 5473 1676 5529 C.
1705 5474 1752 5529 si
1801 5472 1884 5527 vel
1912 5471 2101 5526 millies

2206 5472 2252 5524 οἱ
2316 5470 2577 5533 Ῥωμαῖοι
2639 5471 3059 5541 βουλεύσωνται.
3122 5474 3466 5532 Κελευόντων
3514 5477 3572 5530 δὲ
3622 5478 3790 5531 αὐτὸν

522 5586 708 5647 captus
736 5576 906 5646 fuero,
925 5583 1156 5628 vestrum
1183 5588 1320 5625 unus
1349 5586 1488 5625 sum.
1526 5565 1671 5619 Nam
1705 5581 1879 5619 meum
1914 5581 2101 5634 corpus

2206 5566 2314 5619 τῶν
2346 5564 2569 5618 ὑπάτων
2596 5567 3009 5635 συμμετασχεῖν
3040 5564 3192 5633 σφίσι
3220 5565 3322 5636 τῆς
3347 5565 3693 5640 διαγνώμης,
3725 5567 3785 5621 ού

522 5683 680 5741 penes
700 5666 1161 5737 Carthaginienses
1178 5674 1276 5726 est,
1294 5662 1501 5717 animus
1523 5674 1644 5713 vero
1664 5673 1806 5712 meus
1819 5656 2101 5711 vobiscum.

2210 5653 2341 5722 πρὶν
2366 5651 2619 5723 ἐπείσθη,
2647 5653 2753 5720 πρὸ
2786 5653 2881 5707 τοῦ
2900 5655 3289 5745 ,ἐπιτραπῆναι
3320 5656 3474 5726 παρὰ
3496 5655 3610 5710 τῶν
3637 5658 3792 5726 Καρ-

522 5758 597 5812 Λε
613 5754 747 5811 illud
776 5755 984 5825 quidem
1009 5752 1299 5807 alienatum
1317 5765 1348 5801 a
1371 5746 1541 5802 vobis:
1559 5745 1661 5809 hic,
1689 5759 1788 5813 quo
1814 5744 1985 5796 minus
2000 5742 2101 5796 Ro-

2210 5744 2491 5815 χηδονίων.
2533 5744 2594 5799 '0
2624 5745 2682 5799 δὲ
2712 5744 2852 5807 τέως
2889 5742 2989 5816 μὲν
3024 5747 3255 5802 ἐσιώπα.
3295 5747 3448 5801 Ἐπεὶ
3479 5747 3527 5802 δ’
3560 5749 3608 5802 ol
3662 5748 3793 5818 βου-

528 5861 808 5902 manorum
840 5845 933 5909 sit,
954 5843 1150 5912 allicere
1180 5855 1331 5894 nemo
1352 5846 1518 5908 potest
1546 5851 1563 5891 :
1586 5850 1649 5890 ac
1672 5844 1725 5888 ut
1748 5833 2008 5903 captivus,
2032 5836 2101 5888 ad

2208 5835 2399 5892 λευταὶ
2429 5838 2606 5893 εἰπεῖν
2632 5838 2796 5896 αὑτὸν
2826 5838 3056 5913 γνώμην
3088 5840 3365 5912 ἐκέλευον,
3415 5836 3569 5896 εἶπεν
3592 5858 3605 5872 ⁸
3653 5839 3795 5906 Είμι
