4060 6448
396 393 501 462 θΠ

1664 396 2072 460 ANNALIUM
2109 399 2258 460 LIB.
2304 397 2471 461 νιιῐ.

3549 403 3657 466 678

391 513 511 578 μεν
545 499 634 573 εις
656 504 727 571 ἐξ
763 504 947 576 ὑμῶν,
991 498 1038 560 ὦ
1070 503 1347 574 πατέρες,
1377 502 1493 558 κᾶν
1516 504 1800 574 μυριάκις
1828 504 1974 559 ἀλῶ.

2086 502 2546 575 Carthaginienses
2562 504 2820 574 pertineo.
2848 504 2982 560 Cum
3012 514 3193 561 autem
3229 505 3381 562 nulla
3409 508 3665 580 improb:-

403 601 474 655 τὸ
492 598 611 670 μὲν
639 601 750 670 γὰρ
779 597 952 668 σῶμα
976 615 1098 668 μου
1131 595 1579 667 Καρχηδονίων,
1618 596 1658 665 ἢ
1699 596 1768 650 δὲ
1812 596 1979 666 ψυχή

390 708 511 760 μου
532 689 786 760 ὑμετέρα
820 689 1015 743 ἐστίν.
1054 688 1282 742 Ἐκεῖνο
1302 688 1422 758 μὲν
1448 687 1558 757 γὰρ
1592 688 1759 758 ὑμῶν
1793 689 1980 757 ἠλλο-

396 785 654 851 τρίωται,
680 784 908 851 ταύτην
946 781 1016 836 δὲ
1055 781 1256 845 οὐδεὶς
1282 782 1534 837 δύναται
1556 782 1644 853 μὴ
1672 784 1808 851 οὐχὶ
1843 785 1982 837 Ῥω-

392 876 581 943 μαίαν
623 870 778 929 εἶναι
824 872 1075 939 ποιῆσαι
1105 890 1118 905 ·
1172 871 1270 927 καὶ
1332 872 1409 938 ὡς
1440 870 1558 940 μὲν
1606 870 1984 940 αἰχμάλωτος

399 964 832 1034 Καρχηδονίοις
863 964 1174 1032 προσήκω.
1196 963 1379 1037 ,Ἐπεὶ
1428 962 1484 1018 δ’
1505 964 1617 1018 οὐκ
1645 964 1713 1018 ἐκ
1745 962 1980 1027 κακίας,
2020 1004 2037 1017 .

397 1058 537 1112 ἀλλ’
565 1058 635 1112 ἐκ
681 1059 1018 1126 προθυμίας
1067 1056 1486 1125 ἐδυστύχησα,
1536 1056 1634 1109 καὶ
1699 1054 1984 1125 Ῥωμαῖός

396 1154 534 1220 ειμι,
567 1150 669 1203 καὶ
716 1148 918 1219 φρονῶ
974 1148 1049 1203 τὰ
1104 1148 1384 1217 ὑμέτερα,
1432 1148 1532 1201 καί
1580 1146 1707 1202 οὐδ’
1732 1146 1801 1212 ἐξ
1844 1146 1983 1211 ἐνὸς

399 1241 624 1307 τρόπου
649 1239 999 1294 λυσιτελεῖν
1026 1239 1168 1308 ὑμῖν
1190 1239 1299 1307 τὰς
1326 1237 1717 1309 καταλλαγὰς
1746 1236 1979 1308 νομίζω.

402 1332 590 1385 Ταῦτα
623 1332 652 1383 ὁ
698 1332 994 1402 Ῥηγοῦλος
1026 1330 1220 1397 εἰπὼν,
1268 1332 1365 1386 καὶ
1405 1333 1504 1397 τὰς
1553 1333 1731 1396 αἱτῖας
1780 1331 1983 1401 προσέ-

402 1421 561 1492 θηκε,
587 1423 657 1477 δι’
685 1423 753 1485 ἂς
784 1424 883 1487 τὰς
910 1423 1215 1495 συμϐάσεις
1248 1424 1587 1496 ἀπηγόρευε.
1626 1426 1734 1478 Καὶ
1762 1424 1980 1491 ἐπήγα-

400 1531 497 1582 γεν
540 1514 637 1580 ὡς,
699 1512 844 1569 Οἶδα
892 1515 1012 1585 μὲν
1067 1516 1158 1570 ὅτι
1209 1532 1314 1586 μοι
1372 1511 1684 1584 προῦπτος
1736 1515 1984 1585 ὄλεθρος

402 1607 730 1675 πρόκειται.
771 1608 1092 1663 Ἀδύνατον
1126 1608 1232 1677 γὰρ
1262 1609 1475 1663 λαϐεῖν
1505 1608 1726 1676 αὐτοὺς
1762 1609 1801 1664 ἃ
1834 1625 1983 1664 συν-

400 1700 760 1764 εϐούλευσα,
802 1701 966 1755 ἀλλὰ
1009 1701 1107 1755 καὶ
1132 1701 1322 1767 οὕτως
1350 1700 1463 1771 τῆς
1482 1702 1747 1770 ἐμαυτοῦ
1790 1717 1982 1771 σωτηο

393 1791 534 1857 ρίας
583 1790 650 1843 τὸ
705 1789 881 1860 κοινῇ
933 1792 1250 1861 συμφέρον
1278 1793 1614 1860 προτίθημι.
1660 1794 1732 1846 Εἰ
1776 1792 1845 1846 δέ
1891 1809 1982 1858 τις

2085 603 2217 661 tate,
2251 596 2343 648 sed
2370 596 2449 649 rei
2490 597 2616 649 bene
2649 595 2891 666 gerenda:
2913 596 3090 651 studio
3123 595 3326 652 cladem
3352 601 3663 670 acceperint.

2082 684 2356 740 Romanus
2385 703 2505 740 sum
2533 701 2553 740 :
2594 688 2839 757 vobisque
2868 685 3168 741 consultum
3203 689 3375 758 cupio,
3409 697 3457 742 et
3480 690 3669 759 pari/i-

2080 780 2343 833 cotionem
2388 779 2536 834 nullo
2584 780 2736 833 modo
2772 796 2799 834 e
2829 796 2884 834 re
2920 789 3095 834 vestra
3117 796 3228 834 esse
3253 780 3405 833 duco.
3445 781 3543 835 llis
3584 782 3670 835 di-

2085 871 2212 935 ctis,
2252 887 2475 943 sumque
2508 874 2800 928 sententiae
2838 872 3147 927 rationibus
3176 872 3453 939 adductis,
3484 873 3669 945 subje-

2083 965 2193 1019 cit:
2220 963 2368 1019 Scire
2386 981 2463 1031 se,
2484 966 2627 1019 haud
2648 965 2863 1019 dubium
2887 966 3109 1019 exitium
3125 967 3226 1019 sibi
3243 968 3446 1021 instare
3461 983 3479 1018 :
3503 983 3668 1037 neque

2082 1057 2220 1109 cnim
2257 1055 2785 1127 Carthaginiensibus
2815 1057 2954 1111 clam
2986 1074 3095 1112 esse
3127 1075 3301 1128 posse,
3334 1060 3459 1129 quid
3483 1076 3667 1113 suasc-

2085 1146 2172 1200 rit.
2208 1146 2370 1217 395
2389 1147 2491 1201 Sed
2518 1150 2593 1202 sic
2616 1165 2822 1219 quoque
2854 1148 3156 1220 reipublicae
3176 1151 3510 1204 commodum
3556 1152 3670 1221 pri-

2083 1248 2206 1289 vata
2259 1236 2624 1291 incolumitate
2663 1240 2762 1293 sibi
2799 1256 2906 1293 esse
2936 1241 3227 1310 antiquius.
3277 1240 3430 1306 Quod
3466 1242 3511 1295 si
3551 1242 3670 1311 quis

2084 1327 2303 1392 dixerit,
2339 1326 2447 1383 Cur
2474 1346 2575 1383 non
2609 1331 2873 1402 aufugiat,
2902 1340 2997 1386 aut
3035 1331 3216 1386 Roma:
3242 1342 3456 1387 maneat
3481 1334 3506 1387 ?
3535 1336 3583 1387 ei
3612 1349 3670 1386 se

2085 1436 2478 1490 responsurum,
2543 1439 2600 1476 se
2639 1423 3002 1493 jurejurando
3056 1424 3281 1478 reditum
3319 1428 3619 1495 promisisse
3647 1440 3668 1480 :

2084 1509 2140 1563 id
2171 1527 2226 1564 se
2257 1513 2487 1567 hostibus
2524 1514 2686 1569 etiam
2726 1531 2845 1568 cum
2894 1514 2959 1569 ob
3008 1515 3121 1570 alia
3164 1528 3502 1572 servaturum
3532 1535 3664 1583 esse,

2086 1607 2200 1655 tum
2239 1605 2378 1673 quod
2405 1615 2615 1659 servata
2643 1604 2768 1672 fide,
2804 1605 2949 1661 solus
2979 1622 3274 1662 aerumnam
3303 1626 3560 1678 passurus
3585 1625 3668 1664 es-

2083 1701 2201 1757 set;
2231 1693 2454 1761 violata,
2487 1704 2599 1748 tota
2634 1697 2817 1750 civitas
2839 1698 3065 1768 perjurii
3103 1699 3323 1753 crimine
3369 1700 3664 1772 obstringe-

2089 1793 2252 1839 retur.
2300 1784 2505 1840 Senatu
2541 1800 2724 1842 autem
2757 1789 2951 1845 salutis
2996 1789 3144 1846 illius
3188 1808 3376 1861 causa,
3424 1803 3540 1849 tum
3593 1794 3663 1848 ad

400 1883 605 1951 φήσει·
645 1883 707 1937 Τι’
732 1878 849 1938 οὖν
887 1884 998 1937 οὐκ
1027 1881 1470 1951 ἐκδιδράσκεις,
1506 1883 1545 1952 ἢ
1590 1883 1848 1939 ἐνταῦθα
1878 1902 1977 1940 κα.

2087 1890 2275 1944 pacem
2327 1877 2658 1943 faciendam,
2700 1889 2815 1935 tum
2864 1881 2930 1936 ad
2981 1886 3383 1952 permutandos
3418 1888 3667 1958 captivos

400 1976 676 2045 ταμένεις
698 1992 720 2044 ;
774 1978 1128 2041 ἀκούσεται,
1158 1978 1251 2033 ὅτι
1279 1977 1562 2048 ὀμώμοκα
1590 1978 1800 2046 αὐτοῖς
1834 1980 1981 2034 ἑπα-

399 2066 635 2133 νήξειν,
667 2068 766 2123 καὶ
792 2070 907 2124 οὐκ
951 2067 1028 2123 ἂν
1046 2069 1391 2137 παραϐαίην
1420 2068 1561 2135 τοὺς
1585 2068 1825 2138 ὅρκους,
1854 2070 1983 2125 οὐδ’

398 2165 448 2215 et
499 2160 650 2228 πρὸς
698 2162 1027 2231 πολεμίους
1059 2163 1367 2232 γεγόνασι,
1403 2162 1507 2215 καὶ
1538 2161 1616 2215 δι’
1649 2161 1834 2230 ἄλλα,
1868 2162 1983 2232 μά-

398 2256 584 2307 λιστα
603 2251 674 2306 δὲ
701 2253 791 2307 ὅτι
828 2253 897 2308 τὸ
929 2252 1136 2308 δεινὸν
1158 2253 1622 2325 ἐμπεδορκήσας
1655 2255 1774 2325 μὲν
1792 2256 1983 2325 μόνος

402 2344 685 2414 πείσομαι
707 2361 722 2375 ο
766 2344 844 2400 ἂν
870 2344 926 2398 δ’
952 2343 1316 2414 ἐπιορκήσω,
1343 2345 1515 2403 πᾶσα
1561 2349 1601 2417 ἡ
1632 2351 1811 2415 πόλις
1838 2349 1986 2403 ἀνα-

404 2435 954 2503 πλησθήσεται.ί⁹Η
990 2439 1255 2508 γερουσία
1297 2438 1356 2492 δὲ
1393 2439 1492 2510 τῆς
1540 2439 1752 2495 ἐκείνου
1803 2458 1983 2513 σωτη-

405 2529 529 2598 ρίας
560 2527 769 2595 ἕνεκεν,
811 2530 904 2583 καὶ
929 2529 1029 2601 τὴν
1057 2529 1282 2599 εἰρήνην
1312 2530 1669 2601 ποιήσασθαι,
1715 2531 1811 2585 καὶ
1856 2533 1985 2597 τοὺς

404 2617 785 2690 αἰχμαλώτους
836 2620 1143 2676 ἀντιδοῦναι
1203 2621 1614 2692 προτεθύμητο.
1668 2622 1836 2689 Γνοὺς
1888 2625 1983 2681 οὖν

404 2709 564 2763 τοῦτο
612 2710 797 2774 αὐτὸς,
847 2711 934 2766 Eva
987 2711 1155 2783 μὴτὸ
1184 2712 1463 2784 συμφέρον
1507 2712 1577 2767 δι’
1611 2714 1774 2768 αὐτὸν
1816 2730 1985 2767 κατα-

406 2802 702 2872 πρόωνται,
750 2804 1025 2858 ἐπλάσατο
1072 2804 1390 2859 πεπωκέναι
1418 2805 1714 2876 φάρμακον
1747 2806 1987 2877 δηλητή-

405 2911 542 2963 ριον,
575 2893 920 2963 καὶμέλλειν
954 2894 1177 2958 πάντως
1218 2895 1289 2949 δι’
1321 2896 1489 2950 αὐτοῦ
1526 2897 1846 2953 ἀπολέσθαι.
1874 2901 1986 2954 Καὶ

405 2986 530 3039 οὔτε
563 2988 597 3057 η
653 2985 926 3057 σύμϐασις
975 2989 1224 3057 γέγονεν,
1259 2987 1383 3043 οὔτε
1412 2990 1519 3043 τῶν
1552 2990 1915 3062 αἰχμαλώτων
1949 2996 1984 3060 ἡ

405 3078 635 3148 ἀμοιϐή.
683 3077 964 3144 ’Δπιόντος
988 3080 1033 3133 δ’
1064 3080 1231 3134 αὐτοῦ
1259 3082 1357 3136 σὺν
1387 3087 1502 3147 τοῖς
1545 3087 1863 3156 πρέσϐεσιν,
1894 3090 1987 3141 ἀν-

405 3171 695 3243 τελάόοντο
741 3172 890 3226 ἄλλοι
943 3189 1004 3225 τε
1056 3177 1150 3227 καὶ
1200 3176 1249 3228 οί
1285 3176 1475 3239 παῖδες
1508 3178 1671 3250 καὶή
1723 3179 1883 3250 γυνή.
1917 3181 1982 3233 Οἱ

404 3263 452 3316 δ’
484 3261 681 3316 ὕπατοι
715 3264 845 3334 μήτ’
879 3264 1137 3319 ἐθέλοντα
1170 3270 1504 3337 καταμεῖναι
1529 3269 1694 3323 αὐτὸν
1721 3271 1981 3328 ἐκδώσειν

406 3354 640 3423 ἔφασαν,
682 3355 812 3425 μήτ’
837 3356 1077 3410 ἀπιόντα
1107 3360 1423 3427 κατασχεῖν.
1462 3360 1571 3412 Καὶ
1608 3360 1752 3416 οὕτω
1789 3378 1985 3434 προτι-

407 3444 590 3516 μήσας
621 3446 698 3516 μὴ
735 3446 1052 3518 παραϐῆναι
1078 3449 1206 3510 τοὺς
1235 3449 1462 3519 ὅρκους,
1498 3451 1857 3524 ἀνεκομίσθη
1889 3454 1987 3508 καὶ

406 3539 679 3604 αἰκισθεὶς
714 3539 806 3592 ὑπ’
837 3539 1040 3605 αὐτῶν,
1070 3540 1148 3603 ὡς
1195 3541 1230 3612 ἡ
1282 3541 1440 3614 φήμη
1504 3541 1676 3613 λέγει,
1717 3545 1981 3600 ἀπέθανε.

406 3629 489 3683 Τὰ
521 3629 628 3701 γάρ
676 3630 924 3702 βλέφαρα
974 3630 1146 3685 αὐτοῦ
1189 3632 1610 3703 περιτεμόντες,
1652 3636 1752 3689 καὶ
1788 3637 1985 3709 χρόνον

406 3721 535 3775 τινὰ
586 3724 646 3775 ἐν
695 3723 882 3776 σκότει
929 3722 1347 3795 καθείρξαντες,
1386 3722 1508 3782 εἶτα
1545 3729 1627 3793 είς
1681 3729 1878 3794 σκεῦός
1933 3749 1986 3785 τι

411 3813 737 3885 σύμπηκτω
769 3815 969 3887 κέντρα
997 3817 1341 3888 πανταχόθεν
1375 3818 1499 3890 ἔχον
1525 3820 1859 3890 ἐμϐαλόντες
1890 3823 1988 3876 αὖ·

410 3906 520 3974 τὸν,
555 3906 652 3961 καὶ
684 3907 985 3978 τρέψαντες
1014 3909 1152 3980 πρὸς
1197 3910 1289 3964 τὸν
1320 3911 1493 3981 ἥλιον,
1529 3912 1706 3979 οὕτως
1740 3916 1844 3969 ὑπὸ
1882 3934 1985 3971 κα-

408 3999 708 4062 κοπαθείας
734 3999 831 4054 καὶ
853 4001 1163 4071 ἀγρυπνίας
1190 4002 1269 4073 μὴ
1295 4004 1599 4075 δυνάμενόν
1627 4023 1700 4079 πη
1730 4008 1987 4079 κλιθῆναι

409 4093 498 4148 διὰ
528 4094 599 4148 τὰ
646 4095 871 4165 κέντρα,
920 4094 1256 4167 διέφθειραν.
1292 4098 1356 4151 Ἀ
1417 4098 1713 4170 πυθόμενοι
1752 4103 1804 4155 oi
1848 4102 1985 4160 Ῥω-

411 4191 563 4258 patet
592 4187 729 4260 (22),
752 4190 878 4251 τοὺς
908 4187 1159 4254 πρώτους
1185 4190 1295 4245 τῶν
1320 4193 1449 4262 παρ’
1477 4193 1664 4258 αὐτοῖς
1696 4195 1986 4266 αίχμαλώ-

408 4304 521 4341 των
568 4285 879 4357 παρέδοσαν
926 4286 1040 4348 τοῖς
1075 4285 1288 4339 ἐκείνου
1332 4287 1493 4340 παισὶ
1532 4288 1627 4341 καὶ
1672 4288 1989 4343 ἀνταικίσα-

410 4380 556 4443 σθαι,
609 4378 707 4432 καὶ
751 4378 1196 4432 ἀνταποκτεῖναι.
1249 4378 1388 4441 Τοὺς
1420 4378 1468 4432 δ’
1496 4379 1736 4445 ὑπάτους
1784 4382 1841 4445 ἐς
1884 4382 1986 4453 τὴν

409 4469 618 4539 Λιϐύην
665 4468 1108 4539 στρατεύσασθαι
1167 4470 1524 4540 ἐψηφίσαντο,
1572 4470 1664 4524 τόν
1712 4488 1772 4525 τε
1826 4472 1988 4527 Γάϊον

2086 1976 2280 2037 parato
2322 1985 2338 2026 :
2380 1984 2449 2024 ne
2495 1986 2526 2025 a
2569 1972 2779 2027 ratione
2807 1973 3057 2030 utilitatis
3096 1990 3195 2031 sua
3221 1993 3384 2033 causa
3431 1979 3666 2035 decede-

2084 2068 2228 2118 rent.
2260 2074 2535 2115 venenum
2557 2061 2658 2117 sibi
2679 2063 2867 2119 datum
2895 2080 3019 2121 esse
3051 2066 3308 2134 tinxit,ex
3338 2086 3449 2140 quo
3477 2071 3661 2126 omni-

2082 2165 2155 2203 no
2195 2153 2476 2220 periturus
2519 2166 2684 2209 esset.
2730 2155 2808 2210 lta
2850 2174 3028 2228 neque
3082 2176 3217 2230 pace
3276 2177 3459 2233 neque
3493 2168 3668 2234 capti-

2087 2259 2281 2297 vorum
2319 2247 2726 2313 permutatione
2778 2248 2916 2301 faeta
2943 2290 2957 2313 ,
2998 2264 3124 2305 cum
3153 2267 3279 2307 eum
3319 2269 3444 2308 cum
3471 2255 3667 2327 legatis

2062 2333 2406 2401 abeuntem,
2451 2344 2653 2404 praeter
2692 2337 2831 2393 alios
2865 2355 3002 2394 uxor
3032 2350 3088 2395 et
3116 2342 3277 2398 liberi
3314 2347 3615 2402 retinerent
3647 2367 3667 2406 ;

2084 2427 2343 2480 consules
2373 2442 2550 2495 neque
2589 2443 2814 2485 manere
2850 2432 3120 2487 volentem
3149 2434 3455 2498 dedituros.
3486 2454 3666 2509 neque

2084 2518 2363 2573 abiturum
2422 2519 2750 2576 detenturos
2797 2538 2919 2578 esse
2973 2523 3247 2591 dicerent,
3297 2528 3663 2600 jurisjurami

2084 2605 2350 2676 religione
2378 2608 2608 2677 privatis
2630 2610 2923 2666 aﬂ'ectibus
2943 2613 3275 2683 anteposita,
3298 2614 3571 2671 discessit.
3596 2618 3667 2671 lit

2083 2695 2685 2768 aCartbaginiensibus
2718 2717 2819 2771 per
2839 2705 3170 2769 cruciatum,
3201 2715 3260 2759 ut
3283 2707 3461 2770 aiunt,
3491 2707 3664 2762 inter-

2084 2786 2262 2841 fectus
2303 2797 2408 2843 est.
2452 2788 2589 2843 Nam
2619 2792 2899 2860 palpebris
2927 2794 3197 2863 praecisis,
3243 2813 3370 2850 eum
3411 2799 3669 2869 aliquan—

2085 2879 2180 2933 diu
2214 2881 2266 2934 in
2294 2882 2537 2938 tenebris
2564 2885 2982 2942 concluserunt.
3033 2889 3238 2945 Deinde
3279 2892 3332 2945 in
3367 2909 3460 2947 vas
3488 2899 3668 2964 quod-

2085 2970 2211 3025 dam
2257 2972 2520 3029 reiertum
2570 2976 2811 3033 stimulis
2853 2982 3204 3052 conjectum,
3262 2994 3319 3039 et
3373 2986 3442 3039 ad
3490 2989 3663 3043 solem

2085 3076 2437 3130 eonversum,
2471 3067 2757 3126 doloribus
2778 3082 2834 3127 et
2864 3073 3084 3144 vigiliis,
3116 3090 3241 3130 cum
3273 3094 3545 3149 nusquam
3579 3080 3667 3134 in-

2087 3156 2295 3211 clinare
2329 3173 2388 3213 se
2414 3171 2623 3229 posset,
2659 3177 3040 3232 peremerunt.
3068 3168 3283 3235 Quibus
3309 3170 3541 3226 Romani
3570 3189 3669 3227 au-

2084 3247 2234 3310 ditis.
2263 3251 2543 3323 principes
2588 3256 2930 3325 captivorum
2978 3260 3098 3330 ejus
3121 3261 3309 3317 liberis
3338 3264 3579 3319 vicissim
3610 3273 3669 3320 et

2084 3344 2486 3401 excruciandos
2520 3359 2574 3402 et
2600 3351 2880 3405 necandos
2916 3352 3306 3413 tradiderunt:
3341 3368 3398 3412 et
3423 3374 3566 3414 coss.
3599 3358 3665 3414 C.

2085 3434 2299 3502 Attilio,
2335 3439 2530 3512 Reguli
2560 3441 2737 3509 lratri,
2771 3452 2828 3498 et
2862 3443 2928 3499 L.
2961 3444 3184 3509 Manlio,
3222 3448 3423 3502 bellum
3452 3449 3667 3504 Africa-

2088 3545 2220 3585 num
2273 3531 2665 3590 decreverunt.
2713 3537 2979 3603 Quicum
3026 3540 3079 3595 in
3133 3540 3322 3596 Sicilia
3369 3541 3667 3614 Lilybaeum

2086 3634 2472 3693 oppugnarent
2498 3666 2512 3691 ,
2548 3639 2602 3683 et
2630 3628 2791 3685 fossa:
2824 3641 3036 3701 partem
3067 3634 3135 3687 ad
3169 3636 3457 3692 machinas
3489 3639 3668 3692 addu-

2086 3717 2292 3771 cendas
2354 3720 2578 3789 erplere
2630 3724 2870 3793 aggressi
2917 3735 3125 3792 essent,
3180 3727 3668 3801 Carthaginienses

2087 3809 2557 3868 subterfodientcs
2605 3823 2807 3867 terram
2861 3818 3255 3873 subtraxerunt
3298 3836 3314 3875 :
3366 3822 3461 3876 sed
3539 3839 3666 3877 cum

2088 3916 2382 3972 operarum
2418 3904 2775 3961 multitudine
2824 3909 3198 3973 vincerentur.
3230 3912 3402 3967 alium
3446 3929 3668 3970 murum

2089 3996 2242 4051 intus
2284 3997 2535 4051 lunatum
2588 4008 2933 4055 struxerunt.
2984 4004 3250 4061 Romanis
3292 4018 3477 4062 autem
3510 4002 3703 4065 cuni?

2088 4087 2246 4143 culos
2292 4089 2485 4142 subter
2510 4105 2708 4144 muros
2745 4093 3069 4161 agentibus,
3107 4105 3166 4149 ut
3205 4096 3272 4150 iis
3313 4098 3366 4151 in
3403 4115 3672 4157 cavernas

2088 4177 2504 4240 desidentibus.
2555 4180 2879 4237 irruerent:
2941 4182 3425 4256 Carthaginienses
3471 4204 3669 4248 contra

2088 4270 2389 4338 fodientes,
2419 4272 2626 4327 multos
2656 4273 2710 4328 id
2747 4275 3065 4345 ignorantes
3115 4290 3371 4349 exceptos
3418 4286 3661 4339 trucida-

2089 4373 2241 4426 runt,
2293 4364 2496 4419 multos
2527 4364 2638 4436 igni
2689 4367 2987 4422 sarmentis
3016 4368 3221 4439 injecto
3264 4372 3319 4426 iu
3352 4372 3516 4429 {ossis
3545 4392 3669 4432 cre—

2088 4468 2329 4512 marum.
2356 4456 2463 4513 Sed
2488 4473 2613 4513 cum
2644 4460 2868 4529 quidam
2905 4476 2935 4516 e
2974 4462 3145 4517 sociis
3173 4478 3384 4519 moram
3415 4469 3664 4524 obsidiu-

422 4564 688 4618 ’Δττίλιον
717 4565 808 4618 τὸν
837 4563 933 4617 τοῦ
974 4564 1280 4634 Ῥηγούλου
1303 4564 1553 4633 ἀδελφὸν,
1586 4554 1681 4618 καὶ
1707 4566 1799 4621 τὸν
1830 4568 1984 4621 Μάλ-

2091 4551 2210 4615 nis,
2258 4559 2315 4605 et
2347 4550 2621 4622 stipendia
2669 4567 2780 4607 non
2814 4553 3025 4625 integra
3070 4569 3356 4614 numerata
3397 4577 3538 4632 aegre
3587 4565 3670 4621 fe-

408 4657 524 4713 λιον
565 4657 660 4712 τὸν
699 4658 954 4711 Λούκιον.
986 4656 1052 4712 Οἱ
1086 4659 1145 4721 ις
1173 4658 1273 4728 τὴν
1315 4658 1565 4712 Σικελίαν
1608 4658 1854 4723 ἐλθόντες
1903 4659 1984 4731 τῷ

409 4748 689 4821 Λιλυϐαίῳ
738 4747 1101 4819 προσέϐαλον,
1148 4749 1242 4803 καί
1295 4766 1348 4803 τι
1407 4748 1574 4821 μέρος
1619 4750 1721 4820 τῆς
1767 4752 1981 4824 τάφρου

411 4843 697 4913 συγχῶσαι
733 4843 814 4906 είς
848 4842 949 4914 τὴν
1004 4841 1114 4895 τῶν
1165 4842 1578 4913 μηχανημάτων
1614 4847 1986 4917 προσαγωγὴν

409 4939 797 5010 ἐπεχείρησαν.
859 4935 972 4991 Καὶ
1025 4937 1077 4989 οἱ
1134 4935 1493 5006 Καρχηδόνιοι
1557 4936 1981 5007 ὑπορύσσοντες,

407 5032 505 5086 τὸν
527 5031 657 5102 χοῦν
686 5029 962 5100 ὑφεῖλκον.
1004 5028 1161 5081 Ἐπεὶ
1188 5027 1235 5081 δ’
1255 5026 1588 5098 ἠλαττοῦντο
1630 5031 1695 5099 τῇ
1729 5029 1984 5099 πολυχει-

413 5128 526 5200 ρίᾳ.
545 5127 723 5196 τεῖχος
748 5125 939 5196 ἕτερον
971 5122 1121 5180 ἔνδον
1150 5120 1434 5192 μηνοειδὲς
1461 5119 1841 5193 ᾠκοδόμησαν.
1872 5122 1983 5176 Καὶ

410 5219 462 5272 oi.
494 5217 593 5288 μὲν
621 5216 930 5287 ὑπονόμους
958 5213 1065 5267 ὑπὸ
1092 5212 1183 5266 τὸν
1217 5212 1417 5266 κύκλον
1463 5211 1803 5281 εἰργάζοντο,
1833 5212 1983 5275 ὅπως

412 5310 558 5366 κατά
611 5309 676 5363 τὸ
730 5307 980 5363 διάκενον
1032 5305 1213 5359 αὐτῶν
1246 5302 1534 5375 ἱζήσαντος
1593 5301 1688 5356 τοῦ
1747 5303 1981 5374 τείχους,

409 5403 760 5459 εισπέσωσιν.
787 5402 851 5454 Ol
891 5397 1253 5468 Καρχηδόνιοι
1283 5396 1340 5450 δὲ
1373 5393 1826 5466 ἀντορύσσοντες,
1855 5396 1984 5449 πολ-

408 5496 538 5560 λοὺς
609 5496 708 5567 μὲν
769 5491 1103 5563 ἀγνοοῦντας
1170 5489 1232 5543 τὸ
1292 5489 1577 5560 γινόμενον
1640 5486 1984 5558 ἐκδεχόμενοι

409 5587 675 5655 εκτεινεν,
704 5583 931 5647 πολλοὺς
961 5582 1020 5636 δὲ
1050 5585 1145 5636 καὶ
1172 5580 1286 5653 πῦρ
1329 5582 1391 5636 ἐν
1441 5580 1743 5652 φρυγάνοις
1792 5579 1875 5642 εις
1916 5576 1988 5630 τὰ

2093 4655 2301 4709 rentes,
2329 4645 2398 4700 de
2422 4645 2627 4715 oppido
2647 4647 2936 4716 prodendo
2962 4664 3089 4704 cum
3116 4650 3379 4709 Romanis
3402 4668 3667 4726 agerent:

2091 4737 2335 4794 Amilcar
2358 4753 2425 4793 eo
2456 4738 2689 4793 consilio
2721 4739 3131 4805 animadverso.
3163 4744 3261 4799 sed
3294 4745 3664 4816 dissimulato,

2091 4848 2162 4889 ne
2217 4833 2298 4887 illi
2347 4832 2527 4902 palam
2578 4832 2906 4899 deficerent.
2963 4835 3200 4905 pecunia
3253 4841 3671 4911 magistratibus

2091 4924 2239 4991 data,
2288 4924 2630 4980 multitudini
2666 4928 2965 4996 promissa,
3013 4928 3095 4985 sic
3136 4946 3234 4986 eos
3268 4935 3670 5001 reconciliavit,

2094 5030 2149 5072 ut
2198 5018 2570 5088 proditionem
2618 5035 2729 5074 non
2781 5020 3051 5097 inliciati.
3098 5034 3411 5094 postremos
3462 5024 3675 5097 legatos

2090 5110 2389 5166 redeuntes
2425 5126 2535 5166 non
2584 5092 2897 5182 reciperent
2930 5129 2945 5169 :
2975 5114 3071 5184 qui
3098 5092 3173 5171 ad
3213 5117 3467 5172 consules
3507 5092 3675 5189 ἐκ

2093 5203 2347 5274 profugi,
2391 5219 2526 5276 agro
2612 5204 2668 5259 in
2727 5205 2913 5260 Sicilia
2970 5213 3028 5260 et
3079 5207 3205 5262 aliis
3261 5207 3432 5262 rebus
3481 5207 3670 5262 donati

2090 5304 2241 5352 sunt.
2276 5296 2763 5368 Carthaginienses
2793 5297 2888 5367 qui
2925 5298 3072 5352 domi
3098 5308 3281 5364 erant,
3315 5299 3405 5353 his
3445 5299 3670 5366 auditis,

2090 5387 2365 5444 Ardebant
2429 5403 2555 5442 eum
2597 5388 2853 5458 plurimis
2896 5388 3169 5453 navibus,
3209 5388 3547 5443 frumentum
3613 5402 3674 5446 et

2093 5481 2356 5553 pecunias
2417 5479 2718 5553 Lilybaeum
2784 5480 3189 5536 advehentibus
3262 5481 3557 5541 miserunt.
3620 5483 3672 5541 Is

2095 5580 2423 5645 tempestate
2474 5572 2767 5627 observata
2817 5572 3048 5643 appulit.
3114 5573 3270 5641 Quod
3324 5572 3526 5631 deinde
3577 5574 3674 5632 alii

1602 5716 1805 5780 Varius
1835 5714 2142 5779 lectiones
2188 5723 2252 5777 et
2288 5720 2480 5775 notua.

482 5850 598 5925 (22)
639 5848 1026 5918 Ἀπυθόμενοι
1071 5850 1125 5902 ot
1160 5841 1445 5914 Ῥωμαῖοι.
1470 5840 1606 5900 Vide
1625 5839 1894 5912 Excerpta
1919 5855 1984 5898 ex

2086 5839 2269 5898 Lodoro
2302 5836 2511 5905 Siculo,
2542 5850 2597 5906 p.
2638 5834 2765 5904 9.74,
2796 5835 2922 5891 276.
