4060 6384
424 390 530 453 679

1736 394 2063 455 JOANNlS
2099 394 2422 455 ΖΟΝΛΒΕ

3498 348 3507 357 ’
3560 390 3673 456 διο

413 503 641 573 plurimi
686 502 886 560 imitari
932 503 1075 570 ausi,
1154 503 1357 576 partim
1412 519 1729 561 successum
1788 505 1997 561 habue-

2101 504 2390 578 ὀρύγματα
2421 503 2749 574 ἐμϐαλόντες
2777 503 3054 575 ἔφθειρον.
3094 501 3249 556 Ἐπεὶ
3277 500 3337 557 δέ
3386 519 3534 568 τινες
3568 504 3680 562 τῶν

413 602 563 658 runt,
613 595 810 665 partim
859 596 1164 666 perierunt.
1194 597 1333 651 Dum
1364 596 1529 651 ambo
1568 597 1827 651 consules
1864 597 1995 652 ade-

414 694 558 749 rant,
584 701 745 755 aequo
774 696 949 742 marte
985 687 1358 757 pugnabatur.
1405 687 1513 741 Sed
1551 701 1676 741 cum
1711 687 1903 742 morbo
1936 696 1995 743 et

413 775 557 830 fame
583 787 998 845 premerentur,
1036 780 1212 849 iisque
1247 779 1316 833 de
1348 772 1532 834 causis
1566 778 1705 834 alter
1735 794 1864 834 suos
1888 779 1993 834 mi-

412 867 538 920 lites
571 868 797 922 domum
847 870 1163 934 reduceret,
1197 869 1441 925 Amilcar
1469 887 1766 941 erumpere
1801 886 1990 935 ausus,

412 960 696 1014 machinas
724 959 1012 1025 incendit,
1061 961 1385 1018 defensores
1427 978 1616 1017 earum
1653 962 1857 1016 occidit
1887 979 1903 1020 ι
1938 971 1997 1018 et

412 1055 662 1124 equitatu
703 1056 956 1126 Deprano
995 1060 1226 1123 eruisse,
1254 1058 1535 1113 Romanos
1557 1057 1906 1128 pabulatione
1939 1063 1996 1109 et

413 1160 726 1205 commeatu
767 1152 1135 1220 prohibendo,
1173 1167 1482 1222 eorumque
1513 1152 1693 1206 socios
1735 1151 1997 1206 infesmn—

414 1241 508 1304 do,
541 1242 759 1296 Ardeba
798 1244 1022 1297 interim
1055 1245 1192 1299 al‘as
1219 1243 1444 1309 Sicilire,
1482 1243 1619 1299 alias
1650 1243 1817 1298 Italiae
1840 1258 1994 1298 oram

413 1333 742 1404 populante,
775 1335 842 1389 ad
877 1350 1152 1391 summam
1197 1337 1441 1407 inopiam
1478 1335 1712 1405 redegit.
1751 1335 1857 1390 Sed
1887 1334 1999 1389 Lu-

412 1426 503 1481 cio
535 1424 702 1481 Junio
731 1428 963 1482 classem
1000 1439 1251 1499 parante,
1276 1428 1545 1485 Claudius
1573 1427 1813 1483 Pulcher
1850 1427 2000 1502 Lily-

414 1516 592 1573 baeum
625 1535 860 1590 propere
902 1522 1041 1577 abiit
1075 1538 1089 1575 :
1141 1533 1195 1577 et
1234 1522 1504 1577 militibus
1541 1523 1594 1576 in
1623 1536 1789 1577 naves
1822 1521 2000 1591 impo-

413 1611 557 1674 sitis,
597 1609 921 1666 Hannonem
950 1612 1467 1684 Cartha'giuiensem
1500 1616 1554 1666 in
1602 1612 1996 1682 quinqueremi

2096 597 2406 668 συμμάχων
2437 601 2504 669 τῇ
2534 612 2593 661 τε
2633 596 2942 669 παρατάσει
2990 595 3094 666 τῆς
3146 595 3471 667 πολιορκίας
3506 599 3676 670 ἀχθό.

2097 706 2272 760 μενοι,
2315 689 2409 743 καὶ
2445 688 2524 760 τῷ
2575 688 2650 759 μὴ
2685 690 2778 742 τὸν
2813 687 3009 759 μισθὸν
3043 689 3228 752 αὐτοῖς
3279 690 3470 762 ἐντελῆ
3502 709 3677 746 καταν

2095 779 2427 845 ϐάλλεσθαι,
2486 779 2779 852 προδοῦναι
2839 779 2900 833 τὸ
2955 780 3157 850 χωρίον
3203 783 3317 842 τοῖς
3376 782 3678 852 Ῥωμαίοις

2093 869 2570 942 διεκηρυκεύοντο,
2601 870 2889 941 ἐφώρασεν
2923 872 2952 924 ό
3016 870 3281 940 Ἀμίλκας
3315 874 3375 926 τὸ
3416 873 3674 941 βουλευό-

2100 980 2280 1033 μενον,
2327 963 2427 1016 οὐκ
2461 963 2691 1033 ἐξέφηνε
2724 963 2802 1029 δέ,
2840 963 2928 1016 ἵνα
2978 962 3057 1035 μὴ
3109 963 3404 1036 πολεμώσῃ
3454 965 3674 1029 adsed;

2097 1056 2356 1127 χρήματα
2388 1055 2447 1110 δὲ
2475 1058 2584 1118 τοῖς
2614 1056 2879 1127 ἄρχουσιν
2911 1055 3091 1108 αὐτῶν
3125 1058 3444 1126 παρασχὼν,
3479 1059 3574 1111 καὶ
3601 1058 3676 1128 τῷ

2096 1146 2296 1215 πλήθει
2366 1148 2892 1217 προσυποσχόμενος
2969 1147 3172 1217 ἐτερα,
3245 1148 3420 1212 οὓτως
3479 1151 3677 1214 αὐτοὺς

2096 1238 2438 1309 ᾠκειώσατο,
2496 1238 2640 1293 ὥστε
2693 1239 2816 1310 μηδ’
2848 1239 3189 1311 ἀρνήσασθαι
3227 1240 3328 1310 τήν
3363 1241 3674 1308 προδοσίαν,

2098 1329 2234 1383 ἀλλὰ
2286 1330 2381 1383 καὶ
2430 1331 2559 1394 τοὺς
2628 1330 2978 1394 τελευταίους
3032 1330 3297 1402 πρέσϐεις
3356 1330 3679 1395 ἐπανιόντας

2098 1419 2426 1473 ἀπώσασθαι
2459 1435 2473 1450 ·
2502 1420 2554 1474 οἳ
2591 1420 2725 1490 πρὸς
2757 1422 2883 1483 τοὺς
2912 1422 3151 1484 ὑπάτους
3177 1419 3674 1490 αὐτομολήσαντες,

2097 1512 2201 1580 γῆν
2250 1528 2311 1564 τε
2361 1513 2420 1564 ἐν
2466 1512 2687 1583 Σικελίᾳ
2725 1513 2818 1565 καὶ
2873 1511 3018 1582 ἕτερ’
3045 1513 3181 1567 ἄττα
3219 1511 3433 1567 ἔλαϐον.
3481 1510 3675 1565 ’Δκού-

2100 1619 2292 1664 σαντες
2334 1602 2392 1655 δέ
2437 1600 2611 1654 ταῦτα
2657 1603 2709 1654 oi
2744 1603 2884 1654 οίκοι
2917 1601 3302 1671 Καρχηδόνιοι,
3364 1601 3678 1671 πέμπουσιν

413 1700 766 1770 navigantem
820 1703 1283 1770 comprehendit:
1330 1702 1477 1756 unde
1524 1700 1757 1755 Romani
1807 1717 1997 1755 exem-

2110 1691 2369 1764 ’Δρδέϐαν
2393 1694 2489 1745 σὺν
2511 1692 2671 1745 ναυσὶ
2702 1692 2986 1755 πλείσταις
3004 1693 3094 1755 είς
3116 1691 3178 1745 τὸ
3201 1692 3512 1749 Λιλύϐαιον.
3532 1695 3676 1746 σῖτον

416 1791 565 1859 plum
607 1793 1053 1848 labricandarum
1099 1795 1322 1848 navium
1356 1795 1695 1865 petiverunt.
1729 1794 1832 1850 Sed
1867 1808 1992 1846 eum

2101 1788 2379 1853 άγούσαις,
2416 1788 2509 1838 καὶ
2539 1785 2815 1855 χρήματα.
2862 1784 2972 1838 Καὶ
3004 1784 3064 1848 ὃς
3112 1785 3360 1854 χειμῶνα
3406 1786 3677 1855 ἐπιτηρή-

414 1884 620 1939 classes
668 1899 813 1953 saepe
870 1885 1355 1955 periclitarentnr,
1402 1901 1721 1956 quanquam
1800 1886 1994 1940 crebro

2101 1895 2219 1943 σας,
2269 1877 2613 1931 εἰσέπλευσε.
2645 1878 2772 1930 Κάκ
2805 1876 2997 1930 τούτου
3028 1877 3123 1930 καὶ
3159 1875 3308 1928 ἄλλοι
3362 1876 3547 1945 συχνοὶ
3580 1894 3679 1928 κα-

417 1983 498 2028 ιοι
551 1974 777 2028 navium
812 2015 826 2037 ,
877 1977 933 2029 in
992 1977 1195 2045 quibus
1246 1977 1406 2031 multi
1468 1977 1572 2031 viri
1628 1986 1685 2031 et
1751 1977 1997 2046 pecunia:

2101 1973 2312 2043 ταίρειιν
2339 1970 2538 2040 ὁμοίως
2571 1970 2832 2040 ἐτόλμων·
2865 1971 2960 2024 καὶ
2987 1970 3037 2023 oi
3065 1970 3167 2041 μὲν
3205 1967 3598 2039 ἐπετύγχανον,
3627 1968 3676 2022 oi

412 2073 604 2128 erant,
653 2065 883 2120 interitu
939 2066 1249 2124 dolebant:
1296 2078 1479 2123 tamen
1529 2084 1636 2123 non
1683 2079 1991 2131 cesserunt,

2101 2067 2153 2120 δὲ
2176 2065 2513 2120 ἀπώλλυντο.
2551 2064 2696 2127 Ἕως
2727 2064 2829 2131 μὲν
2861 2060 2957 2117 οὖν
2986 2062 3154 2133 ἄμφω
3177 2066 3431 2133 παρῆσαν
3456 2063 3507 2116 el
3539 2062 3680 2115 ὓπα-

413 2154 508 2208 sed
538 2154 830 2225 quemdam
868 2157 920 2211 in
946 2167 1140 2211 senatu
1171 2160 1237 2213 de
1268 2174 1402 2229 pace
1432 2174 1557 2215 cum
1578 2160 1997 2230 Carthaginien-

2101 2175 2203 2220 τοι,
2257 2156 2533 2220 ἱσοπαλεῖς
2583 2157 2632 2209 oi
2686 2156 2902 2225 ἀγῶνες
2952 2155 3214 2225 ἐγίνοντο.
3265 2155 3445 2208 Νόσου
3481 2154 3541 2208 δὲ
3587 2154 3679 2207 καὶ

412 2248 567 2301 silius
609 2248 855 2304 facienda
905 2251 1153 2305 locutum
1207 2253 1581 2320 occiderunt,
1635 2264 1692 2309 et
1761 2256 1997 2308 dictato-

2101 2249 2263 2319 λιμοῦ
2313 2248 2625 2321 τρυχόντων
2654 2248 2875 2311 αὐτοὺς,
2905 2247 3002 2301 κα)⁸
3028 2248 3124 2301 τοῦ
3162 2246 3351 2318 ἐτέρου
3377 2248 3560 2302 οἴκαδε
3593 2247 3680 2300 διὰ

414 2354 532 2394 rem
561 2339 825 2394 dixerunt
861 2341 1218 2405 Collatinum.
1257 2345 1580 2414 magistrum
1606 2346 1857 2415 equitum
1883 2345 1996 2399 Me-

2101 2342 2271 2395 ταῦτα
2307 2341 2404 2394 σὺν
2454 2341 2567 2403 τοῖς
2602 2338 2742 2410 ἀμφ’
2775 2340 2943 2392 αὐτὸν
2972 2338 3348 2410 ξστρατιώταις
3391 2339 3684 2409 ἀναχωρή-

415 2435 608 2489 tellum
645 2455 659 2491 :
692 2435 831 2488 nihil
853 2443 1035 2489 tamen
1063 2436 1417 2489 memorabile
1437 2445 1749 2503 gesserunt.
1784 2435 1995 2488 Interea

2104 2450 2315 2497 σαντος,
2361 2432 2627 2501 Ἀμίλκας
2662 2432 2949 2503 θαρρήσας
3002 2431 3244 2502 ἐπεξῄει,
3294 2432 3390 2486 καὶ
3435 2432 3535 2495 τὰς
3573 2449 3683 2501 μη-

410 2522 610 2579 Juaius
634 2525 852 2579 Ericem
894 2525 1110 2594 subegit
1140 2543 1155 2592 ;
1202 2536 1259 2580 et
1300 2526 1559 2582 Carthalo
1591 2526 1867 2596 {Egizhalo
1899 2540 1997 2596 po-

2102 2526 2273 2597 χανὰς
2332 2525 2683 2596 ἐνεπίμπρα,
2741 2527 2836 2579 καὶ
2880 2526 3009 2588 τοὺς
3070 2525 3449 2596 ἐπαμύνοντας
3489 2526 3684 2587 αὑταῖς

413 2615 572 2679 titus,
608 2614 834 2670 Junium
863 2620 1033 2687 cepit.

2104 2620 2346 2691 ἔφθειρε,
2374 2620 2469 2672 καὶ
2497 2620 2531 2690 ή
2561 2618 2729 2681 ἵππος
2760 2617 2925 2671 αὑτοῦ
2955 2619 3021 2672 ἐκ
3048 2618 3144 2672 τοῦ
3179 2618 3459 2690 Δρεπάνου
3499 2617 3682 2688 ὁρμω-

416 2708 577 2779 μένη,
615 2711 684 2764 τά
714 2728 773 2763 τε
813 2711 1094 2781 ἐπιτήδεια
1138 2711 1461 2782 κομίζεσθαι
1508 2713 1635 2777 τοὺς
1681 2713 1992 2784 Ῥωμαίους
2031 2713 2262 2781 ἐκώλυε,
2320 2714 2417 2766 καὶ
2476 2713 2578 2784 τὴν
2610 2711 2789 2767 αὐτῶν
2824 2710 3140 2783 συμμαχίδα
3170 2709 3483 2781 κατέτρεχε,
3513 2708 3608 2760 καὶ
3655 2703 3685 2754 ό

425 2803 684 2874 ’Λρδέϐας
713 2804 843 2857 ποτέ
884 2806 981 2875 μὲν
1013 2807 1111 2878 τῆς
1141 2807 1417 2875 Σικελίας,
1448 2807 1580 2861 ποτέ
1617 2807 1677 2863 δέ
1739 2809 1837 2879 τῆς
1890 2808 2123 2871 Ἰταλίας
2187 2810 2257 2885 τά
2322 2806 2565 2879 παράλια
2602 2806 2838 2877 ἔκειρεν,
2869 2803 2993 2858 ὅθεν
3017 2806 3066 2857 οί
3098 2804 3371 2873 Ῥωμαῖοι
3397 2803 3454 2855 ἐν
3481 2801 3686 2870 ἀπορίᾳ

413 2897 782 2965 κατέστησαν.
811 2899 960 2958 Τέως
989 2898 1171 2967 μέντοι
1200 2900 1435 2963 Λούκιος
1478 2898 1697 2963 Ἰούνιος
1762 2898 2026 2970 ἡτοίμαζε
2067 2898 2344 2964 ναυτικὸν,
2401 2897 2670 2958 Κλαύδιος
2739 2895 2799 2950 δέ
2852 2895 3127 2966 Ποῦλχρος
3171 2895 3253 2957 είς
3284 2893 3343 2947 τὸ
3392 2892 3685 2947 Λιλύϐαιον

413 2986 709 3057 ἐπειχθεὶς,
733 2989 1095 3058 καὶτριήρεις
1130 2990 1444 3060 πληρώσας,
1498 2990 1764 3045 συνέλαϐε
1802 2990 1871 3044 δι’
1930 2990 2113 3045 αὐτῶν
2184 2990 2435 3045 Ἀννωνα
2503 2990 2594 3043 τὸν
2653 2986 3026 3058 Καρχηδόνιον
3057 2985 3358 3040 ἐκπλέοντα
3399 2987 3682 3071 ’ττεντήρει⁹

415 3081 508 3131 καὶ
536 3079 889 3149 παράδειγμα
916 3082 1030 3143 τοῖς
1066 3081 1363 3151 Ῥωμαίοις
1394 3082 1491 3152 τῆς
1517 3083 1865 3152 κατασκευῆς
1923 3083 2032 3136 τῶν
2070 3083 2205 3136 νεῶν
2271 3082 2512 3152 ἐγένετο.
2551 3080 2818 3145 Πολλάκις
2883 3079 2940 3133 δὲ
2989 3078 3085 3132 τοῦ
3122 3075 3377 3131 ναυτικοῦ
3410 3077 3686 3133 κινδυνεύ.

412 3186 588 3232 οντος,
614 3169 945 3240 ἐϐαρύνοντο
975 3171 1025 3223 οί
1063 3170 1326 3241 Ῥωμαῖοι
1357 3173 1423 3243 τῇ
1477 3175 1695 3242 συνεχεῖ
1755 3172 1865 3225 τῶν
1939 3172 2077 3226 νεῶν
2116 3173 2311 3245 φθορᾷ.
2348 3173 2577 3244 Ἀνδρας
2610 3174 2721 3244 γὰρ
2752 3173 2982 3243 συχνοὺς
3026 3170 3124 3225 καὶ
3165 3171 3421 3243 χρήματα
3456 3170 3684 3223 πλεῖστα

414 3260 473 3309 ἐν
505 3256 731 3319 ταύταις
760 3255 1110 3310 ἀπώλλυσαν.
1148 3259 1222 3309 Οὐ
1258 3258 1445 3327 μέντοι
1474 3276 1536 3327 γε
1569 3262 1662 3313 καὶ
1708 3261 1985 3324 ἐνέδοσαν,
2029 3260 2168 3314 ἀλλά
2233 3261 2329 3316 καί
2375 3277 2497 3314 τινα
2564 3258 2941 3329 φθεγξάμενον
2990 3257 3122 3329 περὶ
3153 3257 3511 3326 καταλλαγῶν
3547 3257 3683 3328 πρὸς

415 3351 823 3420 Καρχηδονίους
857 3353 1010 3423 ἐντῇ
1047 3350 1214 3423 βουλῇ
1267 3352 1647 3423 διεχρήσαντο,
1717 3355 1814 3408 καὶ
1894 3353 2153 3426 λεχθῆναι
2234 3354 2532 3425 δικτάτορα
2585 3353 2941 3423 ἐψηφίσαντο.
2998 3352 3106 3406 Καὶ
3161 3353 3435 3422 δικτάτωρ
3495 3354 3594 3422 μὲν
3654 3367 3683 3418 ά

417 3442 744 3505 Κολλατῖνος
774 3442 994 3512 ἐλέχθη,
1024 3443 1341 3514 ίππάρχησε
1371 3445 1429 3497 δὲ
1463 3447 1490 3498 ό
1518 3445 1810 3509 Μέτελλος·
1875 3447 2027 3500 οὐδὲν
2097 3449 2156 3501 δὲ
2207 3448 2431 3520 μνήμης
2484 3445 2731 3517 ἔπραξαν
2783 3445 2956 3510 ἀξιον.
3001 3445 3089 3497 Ἐν
3135 3438 3180 3514 ᾧ
3235 3445 3293 3498 δέ
3358 3445 3682 3508 Κολλατῖνος

414 3533 687 3603 δικτάτωρ
733 3533 970 3600 ἐλέγετο,
1006 3535 1066 3586 ἐν
1110 3535 1287 3604 τούτῳ
1330 3534 1423 3588 τὸν
1481 3535 1694 3606 Ἔρυκα
1742 3538 2131 3609 παρεστήσατο
2198 3539 2227 3591 ό
2313 3536 2553 3601 Ἰούνιος,
2623 3535 2715 3588 καὶ
2749 3536 2778 3588 ὁ
2809 3532 3115 3604 Καρθάλων
3164 3537 3429 3605 κατέσχεν
3459 3536 3652 3604 Λίγὶοα

412 3624 525 3684 λον,
555 3623 649 3675 καὶ
676 3623 961 3691 ἐζώγρησε
989 3624 1081 3675 τὸν
1116 3623 1363 3679 Ἰούνιον.

483 3710 619 3765 XVI.
653 3710 914 3781 Sequenti
943 3727 1087 3769 anno
1129 3712 1191 3768 C.
1227 3712 1489 3769 Aurelius
1520 3726 1577 3769 et
1609 3716 1672 3770 P.
1704 3715 1992 3784 Servilius,

2176 3712 2289 3781 ις’.
2315 3713 2409 3783 Τῷ
2442 3712 2489 3765 δ’
2519 3711 2645 3782 ἐξῆς
2670 3711 2781 3765 ἔτει
2820 3711 3090 3783 Αὐρήλιος
3119 3711 3278 3774 Γάϊος
3328 3713 3424 3767 καὶ
3459 3715 3682 3787 Σερουι-

412 3806 731 3873 magistratu
786 3804 922 3857 inito
959 3844 975 3867 ,
1040 3804 1341 3877 Lilyhaaum
1391 3815 1450 3861 et
1505 3808 1816 3878 Drepanum
1863 3812 2002 3867 infe-

412 3904 647 3961 stantes,
704 3905 845 3952 terra
904 3896 1386 3970 Carthaginienses
1436 3901 1864 3971 prohibuerunt.
1905 3921 2001 3961 eo-

411 4002 647 4056 rumque
683 3988 864 4042 socias
908 3988 1163 4044 civitates
1211 3988 1549 4045 amiserunt.
1576 3990 1836 4048 Carthalo
1872 4009 1998 4049 cum

409 4079 583 4134 variis
627 4080 932 4135 rationibus
971 4092 1162 4136 contra
1205 4096 1303 4138 eos
1350 4084 1574 4139 tentatis
1608 4084 1748 4140 nihil
1778 4085 1999 4143 ell'ecis-

410 4181 516 4237 set,
549 4172 605 4225 in
637 4173 847 4227 Italiam
873 4173 1031 4239 abiit,
1071 4183 1130 4229 ut
1156 4182 1252 4229 aut
1279 4176 1536 4231 consules
1558 4192 1626 4233 eo
1658 4178 1998 4243 traduceret,

410 4274 506 4317 aut
540 4264 750 4319 interea
785 4280 946 4335 agros
985 4275 1248 4329 vastaret,
1297 4276 1354 4322 et
1406 4269 1573 4324 urbes
1601 4279 1821 4340 caperet
1852 4289 1867 4326 :
1902 4271 2000 4326 sed

410 4373 480 4411 ne
508 4357 583 4411 ibi
614 4359 840 4427 quidem
896 4358 946 4413 ei
993 4360 1297 4430 quidquam
1345 4360 1635 4416 successit.
1682 4361 1818 4417 Nam
1874 4378 1998 4418 cum

410 4448 723 4519 Strategum
776 4451 990 4504 aedilem
1038 4451 1338 4506 adventare
1382 4453 1689 4519 didicisset,
1759 4457 1817 4509 in
1860 4453 2001 4519 Sici-

408 4541 540 4595 liam
565 4542 749 4597 rediit.
789 4541 891 4597 Ubi
922 4558 1046 4598 eum
1076 4543 1454 4599 conductitius
1494 4545 1653 4600 miles
1685 4546 1758 4601 ob
1788 4547 2001 4615 stipen-

416 4632 567 4686 dium
620 4635 1096 4701 tumultuaretnr,
1150 4635 1354 4690 multos
1406 4636 1460 4691 in
1522 4636 1757 4692 desertis
1807 4638 2004 4693 insulis

409 4722 688 4791 expositos
704 4725 948 4795 reliquit,
966 4726 1168 4781 multos
1179 4725 1565 4798 Carthaginem
1583 4727 1755 4783 misit.
1769 4728 2005 4795 Quocae.

411 4812 514 4865 teri
549 4813 769 4881 cognito
806 4813 1099 4883 indignati,
1148 4831 1238 4870 res
1289 4832 1461 4871 novas
1507 4819 1853 4885 Spectabant.
1886 4819 1996 4873 Sed

411 4902 674 4966 Amilcar,
703 4919 991 4959 successor
1021 4905 1342 4960 Carthaloni
1372 4907 1534 4978 397
1578 4898 1762 4975 d'atus,
1795 4911 1998 4964 multos

413 5008 608 5048 eorum
660 5008 827 5050 noctu
883 4997 1111 5063 occidit,
1144 4998 1349 5054 multos
1407 5001 1462 5053 in
1511 5001 1645 5055 mari
1705 5001 1992 5058 demersit.

2103 3803 2215 3864 λιος
2247 3800 2518 3865 Πούπλιος
2555 3802 2656 3872 τὴν
2685 3801 2865 3872 ἀρχὴν
2924 3801 3183 3865 λαϐόντες
3215 3804 3336 3857 τότε
3365 3804 3681 3867 Λιλύϐαιον,

2102 3898 2198 3948 καὶ
2244 3894 2306 3949 τὸ
2352 3895 2633 3966 Δρέπανον
2660 3895 2914 3959 ἐλύπουν,
2946 3895 3041 3948 καὶ
3089 3896 3217 3960 τοὺς
3270 3899 3685 3968 Καρχηδονίους

2100 3988 2201 4056 τῆς
2228 3987 2335 4057 γῆς
2362 3988 2650 4059 ἀπεῖργον,
2676 3989 2772 4041 καὶ
2816 3987 2917 4059 τήν
2946 3987 3129 4041 αὐτῶν
3162 3990 3482 4061 συμμαχίδα
3516 3991 3680 4043 κατέ-

2103 4095 2309 4151 κειρον.
2348 4081 2410 4134 '0
2442 4076 2537 4134 οὖν
2577 4080 2882 4151 Καρθάλων
2917 4081 3274 4152 πολυτρόπως
3321 4084 3681 4154 ἐπιχειρήσας

2105 4170 2223 4221 κατ’
2246 4168 2445 4233 αὐτῶν,
2477 4168 2555 4232 ὡς
2580 4168 2732 4221 οὐδὲν
2759 4169 2977 4240 ήνυσεν,
3011 4170 3092 4233 είς
3136 4170 3370 4224 Ἰταλίαν
3393 4170 3678 4241 ὥρμησεν,

2106 4260 2173 4313 ἶν’
2203 4258 2347 4314 οὕτω
2375 4262 2502 4325 τοὺς
2531 4261 2773 4324 ὑπάτους
2821 4262 3114 4334 μεταγάγῃ
3161 4263 3295 4328 ἐκεῖ,
3326 4265 3376 4316 εἰ
3408 4266 3544 4326 τέως
3582 4263 3681 4334 τὴν

2104 4353 2288 4424 χώραν
2322 4352 2575 4426 κακώσῃ,
2625 4354 2718 4407 καὶ
2764 4353 2949 4417 πόλεις
2998 4355 3226 4427 αἱρήσῃ.
3275 4354 3416 4407 ⁴Ἀλλ’
3445 4354 3554 4407 οὐδ’
3589 4358 3679 4408 ἐν·

2102 4445 2279 4500 ταῦοά
2313 4463 2366 4500 τι
2404 4447 2555 4517 αὐτῷ
2585 4447 3017 4517 προσεχώρησε·
3068 4446 3160 4501 τὸν
3218 4449 3328 4518 γὰρ
3373 4449 3679 4517 στρατηγὸν

2104 4538 2194 4592 τὸν
2241 4537 2546 4608 ἀστυνόμον
2594 4537 2785 4608 μαθὼν
2838 4538 3230 4608 πλησιάζοντα,
3288 4542 3369 4604 τίς
3423 4541 3679 4595 Σικελίαν

2105 4630 2459 4685 ἀνέπλευσεν.
2492 4631 2662 4683 Ἔνθα
2712 4630 2822 4683 τῶν
2870 4631 3217 4703 μισθοφόρων
3269 4634 3679 4688 στασιασάντων

2105 4721 2194 4774 διὰ
2217 4720 2308 4774 τὸν
2335 4722 2550 4791 μισθὸν,
2594 4725 2825 4791 συχνοὺς
2865 4724 2964 4793 μὲν
3000 4726 3053 4785 ἐς
3086 4725 3280 4794 νήσους
3310 4727 3550 4795 ἐρήμους
3582 4726 3677 4777 ἐκ·

2107 4814 2337 4878 ϐιϐάσας
2365 4815 2644 4876 κατέλιπε,
2679 4814 2905 4880 πολλοὺς
2935 4818 2993 4870 δὲ
3023 4817 3117 4869 καὶ
3142 4818 3199 4879 ἐς
3228 4817 3329 4886 τὴν
3355 4816 3679 4887 Καρχηδόνα.

2107 4907 2450 4963 ἀπέστειλεν.
2492 4910 2558 4961 Ὃ
2588 4910 2811 4977 γνόντες
2846 4910 2894 4962 oi
2929 4910 3108 4962 λοιποὶ
3139 4910 3551 4979 ἠγανάκτησαν,
3585 4911 3681 4964 καὶ

2107 4999 2452 5069 νεωτερίσειν
2483 4999 2729 5071 ἔμελλον.
2751 4995 2854 5054 ⁷ον
2895 5001 3158 5070 Ἀμίλκας
3178 5001 3561 5073 διαδεξάμενος
3590 5003 3679 5057 τὸν

410 5087 626 5142 Interea
663 5088 900 5144 Romani
955 5101 1278 5160 perpetuam
1329 5107 1457 5148 cum
1517 5092 1755 5150 Hierone
1795 5095 1990 5151 amici-

2101 5093 2460 5163 Καρθάλωνα,
2506 5094 2735 5157 πολλοὺς
2763 5095 2860 5163 μὲν
2906 5094 3096 5157 νυκτὸς
3126 5096 3418 5166 κατέκοψε,
3455 5097 3682 5160 πολλοὺς

408 5178 542 5234 tiam
577 5191 897 5247 sanxerunt,
929 5183 1177 5238 remissis
1205 5183 1427 5239 tributis
1465 5185 1684 5240 annuis.
1715 5185 1988 5257 Sequenti

408 5286 557 5326 anno
595 5271 739 5327 bello
791 5274 973 5328 navali
1024 5282 1252 5345 propter
1300 5275 1524 5331 crebras
1573 5277 1758 5332 clades
1793 5286 1849 5332 et
1889 5277 1991 5332 im-

411 5380 636 5434 pensas,
666 5365 886 5435 publice
912 5366 1324 5422 abstinuerunt.
1357 5367 1463 5423 Sed
1492 5367 1713 5437 quidam
1740 5371 1994 5439 privatim

410 5457 650 5512 navibus
684 5459 993 5527 postulatis,
1044 5473 1183 5529 quas
1226 5460 1607 5524 restituerent,
1647 5471 1704 5516 et
1751 5462 1994 5531 praedam

410 5549 525 5604 sibi
555 5551 934 5616 vendicarent,
974 5569 1099 5610 cum
1141 5554 1275 5610 alias
1320 5555 1505 5610 clades
1545 5553 1798 5609 hostibus
1851 5555 1998 5609 intu-

410 5640 626 5709 lerunt,
661 5651 781 5699 tum
825 5644 1130 5716 Hipponem
1175 5648 1372 5702 urbem
1425 5646 1684 5719 Libycam
1740 5646 1994 5716 ingrcssi,

420 5730 633 5801 navigia
666 5733 849 5787 omnia
878 5746 934 5789 et
975 5736 1174 5791 multas
1201 5737 1347 5792 aedes
1382 5744 1722 5792 cremarent.
1767 5736 1835 5790 Et
1873 5752 1999 5791 cum

425 5808 574 5875 cives
605 5832 796 5893 portus
823 5824 1033 5880 aditum
1070 5827 1280 5882 catenis
1310 5826 1655 5894 clausissent,
1696 5841 1763 5882 ex
1803 5841 2002 5898 magno

2093 5187 2151 5239 δέ
2180 5190 2274 5240 καὶ
2290 5189 2721 5242 κατεπόντωσεν.
2741 5188 2826 5240 Ἐν
2839 5187 3076 5257 τοσούτῳ
3096 5188 3140 5239 δ’
3161 5189 3209 5240 οἱ
3226 5189 3486 5257 Ῥωμαῖοι
3500 5187 3682 5257 φιλίαν

2099 5280 2267 5341 ἀΐδιον
2291 5281 2428 5351 πρὸς
2487 5280 2712 5351 Ἱέρωνα
2754 5278 3139 5349 διεπράξαντο,
3191 5282 3288 5334 καὶ
3318 5281 3683 5351 προσαφῆκαν

2102 5369 2205 5422 ὅσα
2238 5369 2367 5441 παρ’
2392 5369 2558 5423 αὑτοῦ
2589 5369 2820 5433 ἐπετίως
2867 5369 3194 5439 ἐλάμϐανον.
3232 5370 3321 5440 Τῷ
3343 5370 3391 5425 δ’
3410 5371 3538 5439 ἑξῆς
3571 5370 3681 5424 ἔτει

2102 5461 2198 5514 τοῦ
2227 5460 2516 5517 θαλαττίου
2554 5461 2794 5530 πολέμου
2851 5460 3091 5531 δημοσία
3150 5463 3259 5533 μὲν,
3304 5465 3354 5516 οἱ
3417 5463 3681 5532 Ῥωμαῖοι

2105 5553 2411 5621 ἀπέσχοντο
2469 5551 2559 5604 διὰ
2606 5550 2675 5606 τὰ
2721 5550 3077 5622 ἀναλώματα.
3119 5553 3247 5625 Ἱδίᾳ
3290 5554 3349 5607 δέ
3379 5570 3524 5618 τινες
3553 5555 3684 5624 νῆας

2104 5646 2451 5714 αἰτήσαντες,
2501 5642 2634 5697 ὥστ’
2661 5646 2879 5708 ἐκείνας
2931 5646 3030 5715 μὲν
3075 5647 3552 5717 ἀποκαταστῆσαι,
3584 5651 3683 5717 τὴν

2102 5733 2254 5787 λείαν
2283 5734 2340 5787 δὲ
2369 5732 2781 5799 οἰκειώσασθαι,
2807 5734 2944 5789 ἄλλα
2970 5753 3033 5789 τε
3057 5737 3183 5801 τοὺς
3227 5738 3518 5807 πολεμίους
3553 5743 3686 5794 ἑκά-

2106 5841 2311 5895 κωσαν,
2345 5825 2441 5880 καὶ
2479 5826 2538 5890 ἐς
2576 5822 2823 5882 ἰππῶνα
2843 5825 3087 5900 Λιϐυκὴν
3117 5827 3274 5883 πόλιν
3326 5828 3683 5884 είσπλεύσαν-
