4060 6392
392 311 491 379 631

1617 303 2019 368 ANNALIUM
2057 303 2202 364 LIB.
2236 302 2404 366 VIII.

3558 299 3666 364 652

392 441 504 487 τες,
537 424 608 477 τά
632 440 690 476 τε
720 424 881 477 πλςῖα
910 427 1090 479 πάντα
1125 421 1220 475 καὶ
1251 417 1424 472 πολλά
1466 416 1574 471 τῶν
1604 414 1974 487 οίκοδομημά-

2092 412 2330 481 periculo
2365 420 2483 465 artc
2514 419 2568 466 ct
2617 412 2844 464 fortuna
2887 421 3203 465 evaserunt.
3237 407 3371 464 Nam
3403 410 3670 467 festinan-

389 531 500 570 των
535 515 912 586 κατέπρησαν.
968 515 1090 568 Τῶν
1138 512 1185 566 δ’
1215 509 1531 581 ἐπιχωρίων
1580 509 1642 562 τὸ
1672 509 1848 579 στόμα
1878 506 1972 560 τοῦ

390 608 615 679 λιμένος
643 607 1006 662 διαλαϐόντων
1046 605 1324 672 ἁλύτεσιν,
1386 605 1446 656 ἐν
1477 602 1801 674 περιστάσει
1851 599 1974 668 ἐγέ-

390 715 564 766 νοντο,
605 698 768 770 σοφίᾳ
797 697 972 752 δὲκαὶ
1003 697 1144 770 τύχῃ
1168 695 1573 767 περιεγένοντο.
1632 693 1842 762 Σπουδῇ
1868 693 1977 760 γὰρ

389 794 509 854 ταῖς
536 790 760 846 ἁλύσεσι
787 790 1217 862 προσπεσόντες,
1243 790 1366 842 ἐπεὶ
1393 785 1779 859 προσάψασθαι
1798 786 1978 839 αὐτῶν

391 883 616 954 ἔμελλον
649 883 699 937 οί
727 883 950 953 έμϐολοι
999 881 1110 936 τῶν
1138 881 1305 952 νηῶν,
1348 881 1709 950 μετέστησαν,
1764 878 1822 942 ἐς
1878 879 1978 941 τας

392 977 655 1048 πρύμνας
681 975 732 1028 οί
762 973 858 1028 τοῦ
879 974 1248 1046 πληρώματος
1268 987 1284 1004 ⁶
1314 974 1407 1026 καὶ
1436 970 1610 1035 οὓτως
1645 972 1702 1025 αἱ
1728 971 1976 1042 πρῶραι,

391 1067 797 1134 κουφισθεῖσαι,
833 1067 1122 1139 ὑπερῆράν
1147 1066 1245 1127 τὰς
1275 1064 1516 1127 ἁλύσεις.
1538 1063 1707 1127 Αὖθις
1737 1063 1782 1117 δ’
1804 1065 1860 1127 ἐς
1883 1065 1980 1127 τάς

391 1157 620 1228 πρώρας
654 1157 837 1212 αὐτῶν
875 1156 1400 1230 μεταπηδησάντων.
1463 1155 1522 1208 al
1590 1155 1841 1226 πρύμναι
1870 1156 1980 1208 τῶν

393 1251 620 1318 σκαφῶν
650 1251 1120 1322 μετεωρίσθησαν,
1148 1250 1244 1304 καὶ
1275 1249 1649 1321 διεξέδραμον.
1695 1251 1806 1304 Καὶ
1843 1250 1982 1320 μετὰ

390 1339 549 1394 τοῦτο
583 1341 714 1411 περὶ
745 1341 804 1393 τὸ
846 1341 1131 1411 Πάνορμον
1167 1341 1326 1394 ναυσὶ
1355 1341 1762 1412 Καρχηδονίους
1794 1342 1980 1412 ἐνίκη-

395 1448 516 1485 σαν.
547 1432 612 1484 Ol
645 1430 689 1484 δ’
719 1429 941 1493 ὕπατοι,
996 1431 1271 1510 Μέτελλος
1306 1431 1405 1500 μὲν
1436 1431 1717 1495 Καικίλιος
1763 1433 1892 1504 περὶ
1921 1433 1981 1486 τὸ

392 1523 688 1577 Λιλύϐαιον
740 1519 828 1595 ἦν,
884 1524 1194 1595 Νουμέριος
1254 1523 1313 1578 δέ
1364 1523 1563 1587 Φάϐιος
1613 1523 1691 1596 τῷ
1719 1525 1984 1596 Δρεπάνῳ

394 1615 757 1686 προσήδρευε,
796 1616 892 1668 καὶ
941 1614 1311 1669 ἐπεϐούλευσε
1363 1618 1430 1686 τῇ
1460 1615 1636 1684 νησίδι
1662 1618 1730 1688 τῇ
1766 1616 1985 1672 Πελιάδι

397 1707 730 1780 καλουμένῃ,
794 1707 1275 1780 προκατειλημένῃ
1346 1709 1499 1778 παρὰ
1568 1709 1984 1780 Καρχηδονίων,

2080 517 2164 562 ter
2231 507 2286 560 in
2346 513 2571 560 catenas
2624 501 2849 567 invecti,
2905 515 3032 557 cum
3078 517 3173 557 eas
3223 512 3398 558 rostra
3441 505 3666 560 navium
3779 517 3784 524 '

2073 599 2296 671 jamjam
2349 597 2710 666 attingerent,
2764 596 2819 659 in
2871 611 3087 666 puppes
3144 596 3531 651 transierunt:
3595 600 3667 654 ita

2079 707 2258 762 prorae
2301 693 2493 747 levata:
2556 699 2778 745 catenas
2805 697 3159 761 superarunt.
3198 687 3446 760 Cumque
3477 706 3671 746 rursus

2081 785 2136 839 in
2169 798 2362 854 proras
2387 783 2814 844 transiluissent,
2852 798 3068 852 puppes
3092 783 3280 836 levatae
3310 783 3670 839 transierunt.

2081 877 2210 932 Post
2244 876 2362 932 haec
2405 875 2472 932 ad
2513 877 2845 931 Panormqu
2881 875 3371 945 Carthaginienses
3392 876 3667 932 vicerunt.

2081 967 2387 1024 Cousulum
2439 967 2579 1022 alter
2629 965 2884 1022 Caecilius
2927 966 3179 1020 Metellus
3236 965 3305 1021 ad
3367 966 3670 1038 Lilybaeum

2083 1061 2209 1126 fuit,
2250 1061 2390 1116 alter
2435 1059 2733 1115 Numerius
2780 1059 2982 1114 Fabius
3032 1059 3346 1129 Drepanum
3402 1059 3621 1115 obsedit
3658 1100 3674 1124 ,

2081 1160 2138 1206 et
2172 1152 2363 1206 insulae
2387 1150 2773 1212 Columbariaa,
2806 1166 2836 1205 a
2869 1151 3427 1222 Carthaginiensibus
3466 1169 3676 1222 prteoc-

2083 1251 2315 1313 cupatae,
2355 1250 2524 1298 noctu
2569 1241 2753 1296 missis
2803 1242 3072 1298 militibus
3103 1251 3190 1297 est
3229 1241 3549 1310 insidiatus,
3582 1245 3675 1313 qui

2083 1335 2266 1391 occiso
2311 1335 2566 1406 praesidio
2597 1335 2828 1390 insulam
2874 1345 3239 1405 occuparunt.
3285 1335 3424 1391 Cum
3461 1349 3677 1403 autem,

2085 1427 2358 1483 Amilcare
2393 1442 2555 1482 mane
2591 1436 2784 1486 contra
2825 1427 2950 1482 illos
2992 1428 3262 1497 profecto,
3314 1428 3522 1484 Fabius
3569 1429 3678 1485 illis

2085 1536 2246 1590 opem
2276 1520 2422 1575 ferre
2468 1537 2579 1576 non
2627 1529 2834 1590 posset,
2871 1521 3184 1591 Drepanum
3219 1521 3440 1587 invasit,
3480 1531 3542 1577 ut
3580 1533 3677 1578 aut

2089 1609 2280 1664 urbem
2310 1625 2410 1680 per
2447 1609 2606 1665 ducis
2644 1609 2950 1664 absentiam
2995 1619 3240 1680 caperet.
3280 1619 3378 1666 aut
3413 1613 3566 1667 illum
3606 1614 3676 1668 ab

2088 1698 2264 1753 insula
2310 1697 2679 1753 abstraheret.
2727 1697 2936 1752 Horum
2996 1697 3232 1753 alterum
3282 1697 3334 1752 ei
3389 1700 3675 1754 successit.

397 1771 742 1871 στρατίώτάς
771 1771 996 1870 πέμψας
1016 1771 1328 1864 νυκτὸς-οἳ
1373 1771 1502 1863 τοὺς
1531 1771 1804 1872 φρούρούς
1834 1771 1986 1856 κτείί-

2092 1789 2330 1845 Amilcar
2357 1790 2504 1847 enim
2544 1790 2792 1855 territus,
2839 1790 2896 1845 in
2939 1791 3304 1845 munitionem
3345 1806 3403 1845 se
3446 1794 3677 1862 recepit.

397 1907 612 1954 ναντες,
647 1889 746 1960 τήν
770 1890 936 1960 νῆσον
968 1886 1134 1946 εἶλον.
1177 1892 1243 1945 Ὃ
1272 1890 1462 1961 μαθὼν
1501 1892 1786 1963 Ἀμίλκας,
1817 1892 1988 1948 ἐωθεν

396 1986 509 2048 τοῖς
538 1984 923 2056 διαϐεϐηκόσιν
944 1984 1171 2038 ἐπέθετο
1197 2001 1212 2014 ’
1273 1979 1356 2050 οἷς
1409 1985 1512 2039 οὐκ
1536 1985 1677 2056 ἔχων
1727 1986 1936 2057 ἀμῦναι
1961 1991 1990 2042 ό

396 2074 615 2140 Φάϐιος,
641 2073 718 2145 τῷ
743 2075 1006 2147 Δρεπάνῳ
1034 2074 1387 2147 προσέμιξεν,
1422 2075 1500 2140 ὡς
1540 2077 1572 2148 ἦ
1607 2076 1704 2149 τὴν
1737 2079 1892 2132 πόλιν
1919 2078 1988 2133 δι’

398 2165 636 2237 ἐρημίαν
666 2165 987 2238 αἱρήσων,ἢ
1014 2165 1111 2236 τῆς
1135 2167 1298 2236 νήσου
1327 2165 1417 2220 τὸν
1446 2166 1716 2237 Ἀμίλκαν
1736 2169 1983 2236 ἀπάξων.

399 2258 510 2311 Καὶ
543 2255 748 2327 ἠνύσθη
772 2257 834 2309 τὺ
861 2257 920 2312 ἓν
941 2273 955 2289 ·
989 2256 1249 2327 φοϐηθεὶς
1279 2256 1389 2326 γὰρ
1421 2258 1449 2311 ὁ
1477 2256 1762 2328 Ἀμίλκας.
1780 2259 1988 2330 ἀνεχώ-

407 2365 572 2421 ρησεν
603 2349 684 2411 είς
710 2347 769 2402 τὺ
789 2351 987 2419 τεῖχος.
1030 2349 1142 2402 Ka‘t
1169 2351 1197 2402 ό
1225 2348 1422 2412 Φάϐιος
1445 2348 1543 2422 τὴν
1571 2350 1808 2404 Πελιάδα
1854 2367 1990 2404 κατ-

402 2441 553 2510 έσχε,
597 2441 689 2493 καὶ
739 2439 798 2492 τὸ
831 2439 1034 2510 μεταξὺ
1064 2439 1270 2510 ταύτης
1298 2439 1515 2511 καὶτῆς
1543 2441 1772 2513 ἠπείρου
1805 2441 1991 2496 στενὸν

404 2533 499 2585 καὶ
538 2530 844 2602 τεναγῶδες
895 2529 1165 2602 τυγχάνον
1221 2530 1514 2604 συγχώσας
1557 2533 1860 2604 ἠπείρωτε.
1897 2537 1992 2586 καὶ

406 2625 538 2697 ῥᾷον
565 2624 967 2696 προσεπολέμει
996 2623 1085 2678 τοῦ
1119 2624 1334 2697 τείχους
1365 2627 1483 2679 ἐκεῖ
1511 2626 1621 2698 (ἓὸ)
1645 2626 1799 2691 ὄντος
1826 2627 1989 2680 ἀσθε-

403 2717 686 2786 νεστέρου.
745 2717 854 2772 Καὶ
891 2718 941 2770 οί
997 2717 1362 2789 Καρχηδόνιοι
1416 2718 1586 2788 συχνὰ
1639 2716 1990 2789 παρελύπουν

405 2806 626 2872 αὐτοὺς,
660 2807 742 2870 είς
773 2806 1027 2862 Σικελίαν
1065 2824 1126 2860 τε
1178 2806 1588 2879 περιπλέοντες,
1643 2807 1740 2860 καὶ
1786 2809 1866 2867 είς
1892 2809 1992 2880 τὴν

416 2899 647 2954 Ἰταλίαν
676 2899 1092 2970 περαιούμενοι.
1119 2899 1257 2965 Τοὺς
1277 2899 1320 2955 δ’
1341 2899 1721 2971 αἰχμαλώτους
1745 2900 1992 2972 ἀλλήλων

406 2989 578 3063 ἄνδρα
607 2992 722 3045 ἀντ’
756 2992 950 3061 ἀνδρὸς
976 2991 1277 3062 ἠλλάξαντο
1299 3006 1314 3024 σ
1349 2995 1478 3054 τοὺς
1516 2992 1573 3046 δέ
1598 2993 1845 3060 λοιποὺς,
1870 2995 1994 3050 ἐπεὶ

410 3085 487 3157 μὴ
513 3079 655 3156 ἦσαν
678 3085 1011 3156 ἰσοπληθεῖς,
1033 3083 1302 3154 ἀργυρίου
1330 3084 1382 3138 oi
1416 3084 1779 3156 Καρχηδόνιοι
1805 3087 1993 3158 ἐκομί·
2017 3119 2062 3182 C

408 3191 592 3230 σαντο.
621 3174 849 3228 Ἔκτοτε
872 3175 929 3228 δὲ
957 3175 1205 3244 διάφοροι
1240 3175 1342 3246 μέν
1373 3175 1714 3243 ὑπάτευσαν,
1745 3177 1901 3233 οὐδὲν
1935 3179 1996 3234 δὲ

409 3267 653 3337 ἱστορίας
683 3267 948 3339 -έπραξαν
975 3267 1125 3335 ἄξιον
1145 3284 1160 3300 ο
1219 3267 1476 3338 μέγιστον
1501 3270 1611 3342 γὰρ
1644 3271 1694 3324 οί
1733 3272 1994 3343 Ῥωμαῖοι

406 3359 758 3427 ἐσφάλλοντο,
811 3362 894 3414 ὃτι
927 3363 1050 3414 κατ’
1109 3361 1356 3415 ἐνιαυτὸν
1399 3361 1612 3427 ἄλλους.
1645 3358 1744 3418 εἷθ’
1775 3363 1996 3436 ἐτέρους

406 3450 677 3521 άρχοντας
708 3452 956 3522 ἔπεμπον
977 3468 993 3484 ·
1031 3451 1158 3522 ἄρτι
1192 3452 1250 3506 δὲ
1278 3452 1380 3523 τὴν
1411 3453 1750 3523 στρατηγίαν
1785 3455 1994 3527 μανθά·

407 3555 619 3607 νοντας,
648 3542 748 3612 τῆς
773 3541 946 3612 ἀρχῆς
975 3541 1202 3608 ἐλταυον,
1233 3539 1426 3614 ὥσπερ
1460 3545 1537 3607 είς
1570 3544 1806 3615 ἄσκησιν
1830 3547 1994 3616 σφᾶς,

406 3632 522 3686 ἀλλ’
557 3635 657 3688 οὐκ
683 3635 764 3699 είς
797 3637 995 3707 χρῆσιν
1040 3635 1382 3708 αἱρούμενοι.
1408 3637 1472 3690 Ol
1499 3637 1738 3692 Γαλάται
1768 3638 1852 3706 δὲ,
1881 3641 1996 3703 τοῖς

409 3727 804 3800 Καρχηδονίοις
853 3731 1272 3802 συμμαχοῦντες
1301 3730 1399 3785 καὶ
1452 3729 1745 3802 μισοῦντες
1773 3731 1995 3801 αὐτοὺς,

407 3817 492 3870 δτι
518 3817 704 3882 κακῶς
740 3820 1178 3890 μετεχειρίζοντο
1223 3822 1386 3890 σφᾶς,
1423 3821 1688 3893 φρουρίου
1719 3823 1864 3885 τινὸς
1891 3840 1996 3892 φυ-

407 3909 581 3981 λακὴν
629 3913 1086 3983 ἐμπιστευθέντες
1156 3916 1268 3978 τοῖς
1329 3914 1627 3984 Ῥωμαίοις
1680 3914 1814 3970 αὐτὸ
1860 3933 1997 3987 προ-

2088 1883 2294 1939 Fabius
2323 1883 2736 1940 Columbariam
2781 1884 2969 1939 tenuit
3009 1899 3025 1938 :
3083 1893 3140 1940 et
3184 1884 3467 1954 angustias
3523 1885 3674 1956 paluv

2090 1975 2296 2046 desque
2373 1976 2693 2048 interiectas
2751 1975 3046 2047 aggeribus
3113 1977 3421 2032 continenti
3472 1978 3678 2049 junxit.

2089 2071 2168 2125 lla
2200 2071 2412 2127 facilior
2439 2071 2582 2128 facta
2615 2072 2980 2143 oppugnatio,
3011 2087 3136 2128 cum
3185 2071 3261 2126 ibi
3304 2087 3501 2128 murus
3529 2085 3680 2129 esset

2090 2161 2382 2218 infirmior.
2410 2161 2898 2234 Carthaginienses
2939 2173 3124 2218 autem
3152 2164 3233 2220 eis
3278 2163 3470 2220 crebra
3510 2164 3682 2220 detri-

2092 2264 2275 2310 menta
2309 2255 2646 2324 inferebant,
2694 2272 2845 2313 nunc
2879 2257 2934 2312 in
2979 2256 3247 2322 Siciliam,
3285 2274 3435 2314 nunc
3474 2259 3528 2313 in
3573 2259 3682 2314 Ita-

2091 2346 2220 2402 liam
2276 2348 2622 2421 trajicieudo.
2669 2349 2933 2420 Captivos
2979 2349 3189 2406 viritim
3242 2361 3677 2420 permutarunte

2091 2448 2344 2505 caeteros,
2396 2440 2527 2509 quia
2584 2449 2798 2496 tantum
2853 2457 3147 2497 numerum
3202 2456 3314 2497 non
3373 2442 3680 2511 habebant,

2105 2529 2592 2602 Carthaginienses
2621 2532 2853 2603 pecunia
2895 2533 3271 2589 redemerunt.
3305 2533 3385 2588 Ab
3435 2550 3501 2589 eo
3545 2543 3684 2590 tern-

2092 2638 2226 2694 pore
2258 2624 2460 2679 diversi
2501 2623 2758 2679 consules
2803 2623 3047 2691 fuerunt,
3094 2625 3192 2680 sed
3244 2624 3386 2679 nihil
3444 2625 3680 2682 historia

2093 2715 2316 2787 dignum
2345 2724 2658 2785 gesserunt.
2690 2716 2827 2771 Nam
2872 2716 3006 2771 illud
3054 2717 3294 2772 maximo
3339 2717 3679 2774 detrimento

2095 2807 2356 2863 Romanis
2413 2806 2538 2872 fuit,
2588 2807 2736 2877 quod
2784 2807 2954 2863 duces
3013 2809 3312 2878 quotannis
3369 2809 3680 2877 mutabant,

2094 2913 2299 2969 eosque
2338 2899 2434 2969 qui
2487 2897 2845 2968 imperatoria
2893 2900 3087 2954 munia
3134 2900 3319 2955 adhuc
3369 2901 3682 2967 discebant,

2095 2993 2426 3049 revocabant
2461 3003 2476 3045 :
2505 2991 2663 3062 quasi
2695 3005 2806 3046 non
2843 2991 2921 3046 rei
2950 2991 3226 3061 gerendze,
3258 2992 3354 3048 sed
3387 2994 3682 3049 exercendi

2096 3099 2260 3141 causa
2295 3084 2596 3155 ablegatos.
2631 3083 2774 3140 Galli
2803 3083 3353 3152 Carthaginiensibus
3383 3085 3552 3141 sociis
3599 3086 3686 3140 in-

2097 3176 2259 3237 fensi.
2294 3175 2442 3246 quod
2488 3175 2558 3230 ab
2598 3174 2681 3230 eis
2728 3175 2870 3231 male
2912 3173 3315 3244 acciperentur,
3362 3176 3680 3247 praesidium

2097 3267 2374 3339 quoddam
2412 3282 2525 3322 suae
2558 3266 2686 3322 fidei
2717 3268 3093 3334 commissum,
3143 3267 3407 3323 Romanis
3447 3270 3682 3338 pecunia

2097 3359 2264 3432 398
2293 3357 2658 3429 prodiderunt
2687 3376 2703 3413 :
2738 3359 2807 3413 ab
2832 3359 3026 3428 eisque
3058 3375 3167 3415 una
3201 3375 3327 3414 cum
3367 3361 3489 3416 aliis
3525 3361 3619 3432 qui
3649 3377 3682 3416 a

2097 3451 2362 3508 societate
2409 3449 2949 3521 Carthaginiensium
2993 3451 3341 3518 defecerant,
3405 3453 3684 3524 stipendio

2098 3542 2356 3598 conducti
2393 3531 2547 3606 sunt,
2583 3556 2708 3597 cum
2749 3543 2908 3612 prius
2939 3544 3291 3613 peregrinum
3337 3543 3485 3600 alere
3535 3545 3686 3600 mili-

2101 3643 2208 3690 tem
2238 3633 2473 3690 Romani
2499 3648 2610 3688 non
2641 3637 3082 3690 consuevissent.
3118 3635 3215 3690 llis
3245 3634 3396 3701 freti,
3425 3646 3482 3692 et
3509 3636 3684 3693 classe

2099 3727 2441 3799 privatorum
2474 3726 2763 3782 hominum
2807 3728 3048 3783 Africam
3095 3727 3497 3794 infcstantium,
3531 3746 3684 3786 mare

2099 3820 2312 3876 diutius
2338 3820 2616 3892 negligere
2658 3819 2930 3886 nolentes,
2968 3819 3151 3876 denuo
3185 3836 3354 3878 naves
3399 3838 3687 3894 compara-

2106 3921 2256 3970 runt.

406 3997 613 4071 ἠκαντο
653 4002 746 4056 ἐπὶ
775 4005 1042 4075 χρήμασι.
1098 4006 1487 4069 Μεταστάντας
1536 4005 1596 4059 δὲ
1650 4005 1760 4060 ἀπὸ
1808 4007 1918 4060 τῶν
1946 4005 2334 4078 Καρχηδονίων
2392 4003 2665 4070 Γαλάτας,
2715 4004 2808 4056 καλ⁸
2831 4003 3027 4067 ἄλλους
3054 4003 3163 4058 τῶν
3195 4006 3345 4074 σφῶν
3377 4008 3686 4080 συμμάχων

406 4093 558 4158 τινάς
579 4095 628 4148 οί
678 4094 935 4165 Ῥωμαῖοι
958 4099 1052 4151 ἐπὶ
1073 4097 1378 4177 μισθοφορᾷ
1395 4099 1815 4170 προσελάϐοντο,
1837 4100 2004 4171 μήπω
2044 4099 2311 4169 πρότερον
2343 4097 2634 4169 τρέφοντες
2664 4096 2896 4163 ξενικόν.
2939 4096 3159 4160 Τούτοις
3189 4097 3282 4152 οὖν
3311 4099 3684 4172 ἐπαιρόμενιι,

335 4198 348 4210 ’
411 4187 507 4244 καὶ
536 4188 617 4242 ὅτι
640 4191 689 4243 οί
720 4191 818 4256 τὰς
877 4195 1012 4256 ναῦς
1075 4193 1290 4264 ἔχοντες
1323 4193 1530 4249 ίδιῶται
1564 4195 1664 4267 τήν
1693 4195 1904 4268 Λιϐύην
1932 4195 2269 4268 ἐπόρθησαν,
2330 4192 2517 4248 οὐκέτι
2575 4191 2799 4263 ἀμελεῖν
2847 4192 2948 4264 τῆς
2977 4192 3254 4266 θαλάσσης
3299 4196 3510 4267 ἤθελον,
3549 4197 3687 4253 ἀλλὰ

414 4283 510 4334 καὶ
536 4281 693 4346 αὖθις
726 4286 982 4338 ναυτικὸν
1011 4286 1444 4354 συνεστήσαντο.-

484 4375 582 4431 ΙΖ’.
617 4377 725 4431 Καὶ
772 4378 1067 4444 Λουτάτιος
1116 4379 1366 4446 Κατύλος
1416 4379 1626 4447 ὕπατος
1676 4382 1872 4456 ᾑρέθη,
1908 4385 1991 4439 καί

2179 4383 2349 4440 XVII.
2383 4381 2638 4438 Luctatio
2669 4381 2866 4438 Catulo
2895 4383 3107 4439 consuli
3133 4382 3440 4455 designato,
3476 4386 3686 4458 collega

410 4468 586 4539 τούτῳ
648 4470 1070 4544 συνεξεπέμφθη
1129 4473 1363 4538 Κύῖντος
1411 4475 1707 4548 Οὐαλέριος
1751 4476 1998 4540 Φλάκκος

411 4562 758 4632 άστυνομῶν.
792 4563 878 4628 Οἳ,
912 4566 970 4628 ἐς
998 4563 1249 4619 Σικελίαν
1281 4565 1551 4632 ἐλθόντες,
1596 4569 1689 4620 καὶ
1715 4568 1858 4620 κατά
1889 4567 1995 4638 γῆν

412 4655 508 4706 καὶ
534 4653 814 4708 θάλασσαν
870 4655 950 4726 τῷ
983 4656 1248 4728 Δρεπάνῳ
1300 4659 1665 4729 προσέϐαλον,
1699 4659 1792 4713 καί
1818 4677 1870 4713 τι
1899 4659 1996 4713 τυῦ

416 4747 630 4816 τείχους
659 4749 1030 4819 κατήρειψαν·
1083 4750 1177 4801 καί
1205 4741 1347 4802 εἷλον
1387 4749 1454 4803 ἂν
1484 4750 1640 4815 αὐτὸ,
1688 4750 1738 4803 εί
1773 4749 1871 4821 μὴ,
1901 4749 1996 4804 τοῦ

413 4838 623 4893 ὑπάτου
646 4839 968 4911 τρωθέντος,
1003 4839 1134 4910 περὶ
1180 4841 1388 4894 ἐκεῖνον
1416 4841 1466 4894 οί
1501 4841 1833 4912 στρατιῶται
1889 4841 1998 4896 ἀπε

411 4931 817 5002 ησχολήθησαν.
843 4934 963 4986 Κάν
993 4932 1170 5004 τούτῳ
1209 4932 1474 5004 μαθόντες
1523 4934 1650 4996 τοὺς
1701 4933 1998 5004 πολεμίους

409 5022 627 5076 οἴκοθεν
657 5023 815 5094 ἠκειν
837 5023 1080 5095 ναυτικῷ
1114 5025 1333 5095 πλήθει,
1371 5025 1640 5088 ΙἈννωνος
1660 5025 2000 5097 ναυαρχοῦν-

410 5133 524 5180 τος,
559 5117 694 5186 πρδς
717 5116 960 5180 ἐκείνους
990 5116 1313 5188 ἐτράποντο.
1341 5115 1453 5171 Kal.
1479 5116 2000 5188 ἀντιπαραταξαμέ-

411 5226 521 5262 νων
573 5208 774 5273 αύτῶν,
831 5207 1034 5280 ἄστρον
1089 5224 1144 5262 τι
1191 5207 1575 5279 λαμπαδῶδες,
1612 5206 1852 5279 ὕπερθεν
1888 5208 1998 5262 τῶν

422 5299 715 5370 Ῥωμαίων
732 5301 897 5370 φανὲν
919 5303 977 5368 ἐξ
1002 5302 1320 5372 ἀριστερᾶς,
1343 5301 1424 5362 είς
1439 5299 1565 5364 τοὺς
1588 5297 1993 5370 Καρχηδονίους

412 5391 585 5462 ἀρθὲν
623 5392 1062 5463 ἐγκατέσκηψεν.
1107 5393 1358 5460 Ἐγένετο
1413 5391 1458 5444 δ’
1485 5391 1520 5462 ἠ
1572 5390 1852 5460 ναυμαχία
1900 5390 1996 5443 καὶ

413 5485 500 5538 ἐπ’
533 5486 738 5556 ἀμφοῖν
769 5486 1034 5559 καρτερὰ,
1062 5484 1129 5537 δι’
1160 5484 1295 5539 ἄλλα
1315 5500 1375 5538 τε
1397 5484 1492 5539 καὶ
1523 5482 1610 5537 ἵνα
1638 5483 1689 5537 οί
1717 5482 1818 5556 μὲν
1844 5485 1996 5554 Καρ-

2094 4476 2390 4548 adjunctus
2417 4482 2504 4531 est
2541 4474 2609 4542 Q.
2639 4474 2892 4531 Valerius
2941 4475 3174 4531 Flaccus
3215 4477 3412 4532 aedilis.
3467 4478 3572 4546 Qui
3630 4481 3686 4534 in

2096 4567 2340 4624 Siciliam
2380 4566 2636 4639 profecti,
2669 4574 2726 4621 et
2761 4577 2909 4621 terra
2956 4567 3206 4638 marique
3247 4569 3560 4639 Drepanum
3592 4587 3688 4642 ag-

2095 4659 2292 4730 gressi,
2324 4666 2538 4730 partem
2570 4659 2715 4712 muri
2761 4657 3086 4730 dejecerunt
3119 4676 3133 4712 :
3174 4660 3551 4731 oppidumque
3598 4677 3689 4718 ce-

2097 4748 2349 4820 pissent,
2414 4749 2520 4805 nisi
2579 4748 2810 4806 consule
2877 4750 3204 4817 vulnerato,
3264 4751 3471 4809 milites
3540 4755 3687 4811 circa

2096 4836 2253 4891 illum
2297 4835 2553 4907 occupati
2602 4836 2862 4892 fuissent.
2915 4837 3132 4894 Interea
3187 4842 3410 4911 cognito
3441 4841 3686 4898 hostium

2098 4927 2361 4992 adventu,
2409 4929 2717 4983 Hannonne
2751 4943 3004 4996 magnam
3056 4931 3278 4986 turbam
3314 4933 3480 4989 domo
3508 4934 3686 4989 addu-

2102 5027 2290 5085 cente,
2322 5029 2517 5076 contra
2551 5020 2675 5076 illos
2710 5034 2770 5076 se
2815 5030 3234 5077 converterunt.
3263 5022 3396 5080 Acie
3427 5026 3688 5096 utrinque

2102 5111 2392 5177 instructa,
2421 5121 2631 5168 astrum
2662 5111 2962 5183 quoddam,
2993 5111 3131 5168 facis
3158 5114 3352 5180 instar,
3383 5130 3549 5185 supra
3581 5116 3678 5170 Ro-

2102 5218 2298 5260 manos
2331 5203 2398 5258 ad
2436 5203 2628 5258 laevam
2663 5212 2945 5269 exortum,
2980 5219 3176 5260 versus
3201 5204 3687 5276 Carthaginienses

2103 5313 2336 5354 acumen
2387 5298 2610 5354 direxit.
2669 5299 2856 5369 Pugna
2921 5308 3080 5355 atrox
3133 5299 3427 5355 commissa
3485 5309 3571 5356 est
3619 5303 3686 5355 ab

2105 5393 2376 5462 utrisque,
2411 5404 2526 5448 tum
2563 5394 2636 5448 ob
2686 5394 2819 5462 alia,
2878 5403 2995 5449 tum
3025 5395 3172 5463 quod
3205 5394 3686 5467 Carthaginienses

2104 5483 2384 5542 Romanos
2409 5485 2476 5540 ad
2513 5494 2820 5540 extremam
2859 5486 3134 5542 bellorum
3185 5487 3462 5543 navalium
3497 5487 3683 5559 despe-

1605 5620 1808 5684 Variaa
1830 5619 2142 5685 lectiones
2187 5631 2246 5685 et
2278 5631 2468 5686 notzr.

489 5750 604 5825 (2'5)
655 5750 762 5806 Τοῦ
797 5748 1040 5818 τείχους
1076 5745 1219 5813 ἐκεῖ,
1250 5758 1359 5803 etc.
1399 5747 1647 5804 Mutilum
1684 5748 1867 5804 locum
1904 5753 1991 5817 put

2092 5755 2131 5802 tt
2171 5746 2404 5804 Wolﬁus
2436 5766 2450 5803 :
2487 5748 2566 5804 sic
2597 5757 2780 5804 tamen
2810 5764 3002 5804 omnes
3033 5766 3164 5806 mss.

754 5845 1033 5906 PATROL.
1067 5843 1184 5905 Gn.
1220 5844 1567 5907 CXXXIV.

3293 5847 3373 5904 22
