4060 6398
398 340 505 401 683

1703 331 2025 396 JOANNIS
2067 330 2390 391 ZQNARE

3559 329 3673 391 684

403 456 672 510 rationem
704 456 922 528 adigere
951 455 1264 509 voluerunt.
1301 454 1528 508 Rotnani
1561 452 1712 524 prius
1741 461 1989 520 acceptas

2093 448 2330 519 χηδόνιοι
2365 451 2423 512 ἐς
2449 447 2662 501 τελείαν
2714 445 3025 514 ἀπόγνωσιν
3067 444 3194 508 τοὺς
3243 443 3551 516 Ῥωμαίους
3577 444 3678 497 τοῦ

401 549 584 601 clades
610 551 874 602 resarcire
899 547 1253 602 studuerunt.
1292 545 1398 600 Sed
1426 560 1594 615 penes
1622 545 1722 597 hos
1753 543 1983 597 victoria

400 641 522 697 fuit.
571 641 707 696 Nam
734 639 1270 709 Carthaginiensium
1326 654 1531 704 naves,
1597 645 1798 708 praeter
1848 636 1985 690 alias

401 732 665 798 sarcina,
703 732 1039 786 frumentum
1078 740 1136 786 et
1194 731 1484 800 pecuniam
1541 729 1824 792 vehentes,
1860 742 1983 796 gra-

401 825 692 880 vabantur.
752 823 947 877 llanno
1004 823 1264 890 elapsus,
1333 822 1517 875 statim
1593 818 1981 888 Carthaginem

401 914 736 984 preperavit.
775 912 879 967 Sed
923 927 953 965 a
984 911 1202 966 civibus
1231 911 1514 966 iracundia
1550 919 1607 964 et
1651 917 1799 963 metu
1830 923 1981 961 com-

400 1007 583 1071 motis,
634 1007 687 1059 in
730 1019 951 1059 crucem
983 1017 1140 1059 actus
1183 1015 1288 1066 est,
1325 1013 1380 1058 et
1421 1003 1580 1073 legati
1624 1001 1693 1056 de
1743 1016 1875 1070 pace
1914 999 1982 1053 ad

397 1101 652 1154 Catulum
691 1101 864 1154 missi.
899 1099 1001 1165 Qui
1039 1098 1184 1168 quod
1227 1107 1282 1152 et
1345 1113 1528 1151 annus
1555 1097 1676 1166 ejus
1702 1095 1811 1166 jam
1845 1107 1984 1163 pene

398 1195 630 1258 exierat,
678 1206 858 1262 neque
901 1192 1054 1246 brevi
1093 1201 1342 1260 tempore
1376 1189 1725 1258 Carthaginis
1767 1189 1986 1240 exscin-

398 1286 594 1339 denda:
643 1301 795 1356 spem
852 1285 1112 1345 habebat,
1160 1293 1217 1337 et
1275 1283 1699 1338 successoribus
1751 1281 1982 1351 gloriam

399 1377 646 1431 laborum
682 1391 909 1431 suorum
939 1377 1247 1439 invidebat,
1281 1391 1312 1429 a
1350 1389 1486 1446 pace
1513 1391 1622 1429 non
1655 1373 1982 1434 abhorrens,

399 1471 650 1526 inducias
683 1471 831 1534 fecit,
867 1471 1125 1542 pecunia,
1160 1471 1437 1524 frumento
1453 1478 1508 1524 et
1529 1467 1814 1524 obsidibus
1831 1482 1986 1520 acce-

398 1564 528 1634 ptis,
570 1573 632 1619 ut
678 1563 908 1619 Romam
954 1565 1164 1635 legatos
1194 1565 1509 1625 mitterent;
1543 1577 1608 1616 ea
1641 1559 1980 1621 conditione,

398 1666 461 1711 ut
493 1667 605 1713 tota
635 1656 822 1713 Sicilia
856 1666 910 1711 et
935 1656 1198 1712 omnibus
1229 1653 1756 1724 circumjacentibus
1787 1649 1983 1704 insulis

397 1751 661 1806 Romanis
688 1751 970 1815 cederent,
1001 1762 1178 1818 neque
1215 1746 1509 1801 Hieronem
1527 1746 1863 1800 lacesserent
1897 1751 1983 1798 :et

390 1844 687 1912 pecuniam
714 1842 910 1911 partim
940 1853 1074 1910 pace
1105 1838 1247 1892 facta
1268 1838 1480 1900 statim,
1512 1835 1709 1905 partim
1741 1845 1985 1902 posmu-

398 1945 677 1991 mererent
715 1953 728 1988 :
771 1941 829 1988 et
874 1934 1152 1988 Romanos
1185 1929 1433 1999 captivos
1467 1926 1640 1998 gratis
1666 1924 1983 1989 redderent,

395 2046 525 2086 suos
545 2042 674 2083 vero
692 2022 1172 2080 redimerent.Tali
1187 2021 1441 2091 pactione
1459 2018 1600 2072 facta
1619 2017 1813 2088 (solam
1838 2016 1983 2071 enim

397 2122 502 2177 sub
519 2124 711 2191 jugum
737 2116 1017 2171 missionis
1036 2113 1391 2186 ignominiam
1409 2111 1645 2166 Amilcar
1663 2111 1988 2179 deprecatus

395 2215 506 2282 est)
540 2208 814 2264 militibus
843 2221 875 2261 e
921 2203 1326 2260 munitionibus
1357 2201 1596 2265 eductis,
1631 2199 1856 2253 domum
1897 2212 1988 2250 re-

398 2305 521 2367 diit,
567 2303 888 2372 priusquam
931 2296 1324 2370 jusjurandum
1369 2294 1616 2349 daretur.
1663 2291 1768 2359 Qui
1800 2291 1990 2346 Romae

395 2405 579 2459 «aut,
627 2393 858 2449 victoria
910 2390 1172 2447 celeriter
1220 2389 1463 2460 cognita,
1515 2386 1592 2441 ita
1644 2395 1776 2440 sunt
1823 2381 1990 2454 399

399 2490 598 2544 animis
633 2487 786 2550 elati,
813 2487 969 2556 quasi
1017 2483 1178 2554 plane
1226 2481 1562 2536 debellatum
1608 2487 1756 2534 esset
1785 2492 1803 2531 :
1839 2477 1990 2545 lcga-

403 2585 580 2653 tisque
621 2579 1010 2652 praesentibus,
1052 2591 1110 2631 se
1157 2591 1266 2630 non
1293 2575 1532 2645 amplius
1577 2573 1863 2627 continere
1891 2583 1990 2639 po-

403 2685 650 2737 tuerunt,
697 2687 794 2743 spe
851 2674 1021 2726 totius
1064 2668 1265 2723 Africae
1313 2665 1652 2736 occupanda:
1691 2671 1985 2731 concepta.

402 2767 592 2836 Itaque
641 2763 1055 2819 conditionibus
1099 2777 1129 2815 a
1173 2775 1279 2815 con
1320 2759 1507 2812 ulibus
1547 2755 1849 2826 propositis
1877 2769 1988 2809 non

400 2860 842 2928 acquiescentes,
873 2867 927 2911 et
961 2854 1251 2926 pecuniam
1295 2851 1576 2922 promissa
1621 2853 1782 2919 longe
1815 2849 1991 2917 majo—

402 2968 516 3007 tem
551 2951 906 3022 postularunt
937 2967 950 3002 :
988 2957 1046 3002 et
1093 2945 1525 3011 interdixerunt,
1555 2959 1626 2998 ne
1669 2943 1846 3012 longis
1892 2955 1990 2994 na-

400 3045 562 3100 vibus
599 3046 683 3098 vel
717 3043 784 3097 ad
817 3043 1052 3102 Italiam,
1079 3039 1163 3092 vel
1196 3037 1264 3091 ad
1297 3037 1432 3091 alias
1460 3036 1642 3091 socias
1671 3034 1988 3104 provincias

401 3138 752 3198 accederent,
787 3143 880 3188 aut
917 3129 1276 3186 conductitiis
1307 3129 1434 3183 inde
1461 3127 1733 3181 militibus
1765 3135 1987 3180 uteren-
2012 3147 2057 3210 ρ

402 3243 510 3285 tur.
550 3233 727 3298 Atque
761 3226 835 3280 ita
869 3227 1048 3296 primo
1075 3223 1218 3277 bello
1257 3221 1492 3284 Punico,
1525 3235 1672 3273 anno
1706 3229 1904 3287 quarto
1932 3226 1989 3272 et

402 3325 668 3381 vicesima
708 3339 737 3374 a
766 3317 1030 3374 Romanis
1070 3315 1351 3378 confecto,
1399 3313 1629 3367 Catulus
1682 3311 1991 3379 triumpha-

401 3422 499 3474 vit.
532 3418 771 3482 Quintus
802 3427 931 3466 vero
977 3408 1287 3470 Luctatius,
1349 3413 1473 3475 post
1527 3403 1880 3458 consulatum
1933 3404 1989 3456 in

401 3514 645 3569 Siciliam
696 3506 1001 3578 profectus,
1050 3516 1176 3557 cum
1230 3500 1401 3554 fratre
1449 3498 1646 3553 Catulo
1693 3497 1877 3551 omnia
1915 3495 1990 3549 ibi

401 3602 703 3661 ordinavit.
766 3596 969 3653 Siculis
1037 3609 1189 3649 arma
1247 3593 1548 3662 adempta:
1616 3599 1728 3645 tota
1786 3588 1989 3653 insula,

402 3695 661 3751 Hieronis
709 3697 942 3758 excepto
992 3685 1248 3755 imperio,
1283 3698 1312 3737 a
1361 3681 1623 3736 Romanis
1651 3680 1900 3747 subacta,
1936 3688 1993 3734 et

401 3785 646 3842 amicitia
703 3796 831 3837 cum
876 3774 1435 3847 Carthaginiensibus
1502 3771 1828 3828 constituta.
1884 3769 1993 3826 Sed

405 3885 624 3948 utrique
653 3874 816 3945 paulo
844 3882 971 3944 post
1000 3869 1236 3926 scorsitn
1267 3867 1372 3922 alia
1402 3881 1621 3938 gessere
1656 3864 1820 3920 bella.
1855 3864 1992 3918 Nam

402 3971 908 4040 Carthaginienses,
928 3964 1127 4033 reliqui
1157 3976 1350 4016 eorum
1383 3958 1754 4030 stipendiarii,
1785 3966 1840 4012 et
1870 3973 1991 4012 ser-

402 4069 532 4124 vitia
568 4063 828 4126 civitatis,
851 4069 908 4116 et
939 4057 1095 4112 multi
1123 4071 1189 4111 ex
1216 4054 1486 4118 finitimis,
1518 4053 1747 4106 adversa
1771 4051 1991 4106 illorum

403 4165 624 4216 fortuna
661 4155 808 4220 freti,
845 4155 1184 4208 invaserunt.
1215 4147 1444 4202 Romani
1477 4160 1600 4200 cum
1639 4144 1708 4198 ab
1738 4143 1994 4199 hostibus

400 4257 625 4310 illorum
668 4253 1114 4309 accerserentur,
1167 4241 1308 4296 adeo
1343 4255 1454 4294 non
1508 4245 1890 4302 assenserunt,
1935 4244 1998 4291 ut

397 4360 527 4400 cum
578 4358 674 4413 per
724 4341 936 4410 legatos
992 4334 1354 4391 reconciliare
1409 4331 1531 4385 illos
1581 4345 1688 4383 non
1741 4336 1996 4400 possent,

402 4453 597 4493 omnes
636 4429 1182 4502 Carthaginiensium
1236 4426 1482 4496 captivos
1528 4423 1699 4495 gratis
1751 4423 1997 4477 dimitte-

2087 541 2347 594 ναυτικοῦ
2375 542 2797 608 καταστήσωσιν
2823 554 2836 567 ⁸
2870 539 2919 590 oi
2952 538 2996 591 δ⁹
3021 538 3108 591 ἴνα
3140 538 3234 590 καὶ
3273 537 3373 600 τὰς
3403 538 3678 607 προτέρας

2086 635 2536 688 ἀνακαλέσωνται
2571 631 2895 701 συμφοράς’
2939 630 3089 700 ὅμως
3113 628 3158 681 δ’
3181 627 3276 681 οὖν
3311 628 3360 680 oi
3408 628 3680 697 Ῥωμαῖοι

2087 729 2185 799 τὴν
2211 727 2368 798 νίκην
2399 728 2626 799 ἤραντο.
2645 727 2726 778 Τὰ
2753 725 2862 794 γὰρ
2898 725 3010 776 τῶν
3039 721 3429 792 Καρχηδονίων
3463 723 3680 791 σκάφη,

2087 822 2284 892 φορτία
2332 821 2569 891 φέροντα
2626 820 2762 890 πρδς
2823 821 2936 881 τοῖς
2994 817 3196 881 ἄλλοις,
3256 815 3349 870 καὶ
3381 819 3552 879 σῖτον,
3583 817 3681 869 καὶ

2087 915 2369 985 χρήματα,
2401 913 2754 982 ἐϐαρύνοντο.
2774 911 2832 964 '0
2859 911 2902 964 δ’
2929 912 3163 976 Ἀννων,
3189 908 3493 980 διαφυγὼν,
3513 908 3683 972 εὐθὺς

2086 1008 2168 1070 είς
2187 1006 2285 1076 τὴν
2316 1005 2645 1077 Καρχηδόνα
2667 1003 2932 1075 ὴπείχθη.
2959 1004 3020 1055 Οἱ
3044 1005 3077 1054 K
3093 1000 3405 1071 αρχηδὸνιοι
3430 999 3486 1052 δὲ
3517 998 3681 1068 θυμῷ

2087 1099 2411 1168 ληφθέντες,
2445 1099 2541 1151 καλ⁵
2569 1097 2744 1167 φόϐῳ,
2775 1096 2868 1149 τὸν
2895 1095 2994 1165 μὲν
3025 1094 3472 1162 ἀνεσταύρωσαν,
3500 1093 3679 1162 πρέσ-

2089 1189 2202 1252 ϐεις
2229 1188 2282 1241 δὲ
2316 1188 2453 1258 πρὸς
2481 1189 2703 1258 είρήνην
2731 1186 2806 1256 τῷ
2834 1186 3066 1256 Κατύλῳ
3088 1185 3432 1252 πεπόμφασι.
3467 1184 3574 1236 Καὶ
3596 1182 3680 1253 τῷ

2089 1280 2225 1352 πρὸς
2255 1278 2452 1350 βουλῆς
2486 1275 2556 1350 ἦν
2585 1279 2680 1331 τὸν
2711 1278 2949 1347 πόλεμον
2987 1274 3400 1330 καταλύσασθαι
3420 1314 3434 1338 ,
3469 1275 3552 1327 ὅτι
3582 1275 3682 1325 ἐπὶ

2087 1371 2254 1442 ἐξόδῳ
2281 1369 2450 1435 οὔσης
2476 1369 2625 1440 αὐτῷ
2648 1369 2747 1438 τῆς
2787 1369 2964 1440 ἀρχῆς
2993 1367 3116 1422 οὔτε
3155 1367 3223 1422 δι’
3249 1366 3434 1435 ὀλίγου
3459 1365 3684 1436 ἐξαιρή-

2088 1481 2198 1517 σιιε.
2223 1465 2320 1531 τὴν
2359 1462 2682 1534 Καρχηδόνα
2719 1461 2968 1531 ἤλπιζεν,
2998 1460 3123 1513 οὔτε
3147 1462 3256 1521 τοῖς
3280 1457 3546 1528 διαδόχοις
3576 1456 3682 1526 τὴν

2085 1557 2244 1622 δόξαν
2282 1556 2390 1609 τῶν
2415 1556 2611 1609 ἑαυτοῦ
2640 1556 2819 1609 πόνων
2851 1555 3178 1608 καταλιπεῖν
3213 1553 3395 1624 ἤθελε.
3423 1553 3513 1606 Διὸ
3544 1539 3681 1604 sua:

2087 1648 2269 1719 κωχὴν
2295 1649 2613 1718 ἐποιήσατο,
2667 1649 2764 1700 καὶ
2811 1647 3073 1716 χρήματα
3105 1648 3201 1699 καὶ
3230 1649 3377 1699 σῖτον
3405 1647 3499 1698 καὶ
3528 1646 3677 1715 ὁμή-

2095 1757 2221 1812 ρους
2255 1739 2406 1810 αὑτῷ
2437 1739 2641 1801 δόντες,
2678 1738 2745 1792 ἶν’
2779 1740 2838 1801 ἐς
2884 1739 2983 1808 τὴν
3028 1737 3248 1808 Ῥώμην
3285 1737 3676 1806 πρεσϐεύσων-

2017 1813 2176 1885 Βτειιι
2243 1833 2336 1884 ἐπὶ
2387 1831 2466 1902 τῷ
2516 1830 2768 1894 Σικελίας
2822 1846 2883 1882 τε
2918 1831 3117 1893 αὐτοὺς
3169 1831 3352 1899 πάσης
3411 1828 3676 1896 ἐκστῆναι

2101 1924 2416 1991 Ῥωμαίοις,
2477 1923 2571 1978 καὶ
2620 1924 2804 1986 πάσας
2843 1923 2942 1986 τὰς
2988 1922 3151 1993 πέριξ
3178 1923 3379 1993 νήσους
3407 1920 3673 1981 ἐκλιπεῖν,

2087 2019 2183 2071 καὶ
2209 2018 2350 2089 μήτε
2383 2017 2463 2088 τῷ
2499 2017 2707 2086 Ἱέρωνι
2739 2016 3020 2086 πολεμεῖν·
3055 2016 3150 2067 καὶ
3179 2015 3442 2086 χρήματα
3481 2011 3550 2066 τὰ
3575 2013 3674 2082 μὲν

2089 2108 2207 2176 ἅμα
2235 2109 2314 2178 τῷ
2367 2107 2699 2161 σπείσασθαι
2744 2106 2950 2168 δοῦναι,
2974 2105 3042 2158 τὰ
3076 2106 3132 2158 δὲ
3159 2105 3252 2157 καὶ
3283 2102 3512 2174 ὕστερον
3537 2117 3554 2136 ο
3582 2104 3675 2156 καὶ

2088 2201 2213 2264 τοὺς
2239 2200 2339 2271 μὲν
2361 2200 2586 2253 ἐκείνων
2612 2199 2949 2269 αὐτομόλους
2984 2199 3076 2250 καὶ
3105 2194 3490 2267 αἰχμαλώτους
3521 2197 3679 2265 προῖ-

2089 2310 2163 2347 κα
2184 2291 2492 2362 ἐκπέμψαι,
2517 2291 2644 2354 τοὺς
2667 2290 2714 2343 δ’
2739 2289 2949 2344 ἑαυτῶν
2991 2287 3279 2360 πρίασθαι.
3307 2285 3545 2356 Τοιαύτη
3578 2285 3676 2353 μὲν

2089 2379 2182 2438 οὖν
2212 2385 2245 2453 ἡ
2276 2382 2549 2453 σύμϐασις
2579 2380 2904 2452 ὡμολόγητο
2942 2379 3147 2450 (μόνην
3191 2380 3300 2448 γὰρ
3324 2378 3422 2450 τὴν
3457 2375 3552 2430 τοῦ
3583 2375 3678 2439 Co-

2089 2475 2190 2546 γοῦ
2220 2475 2449 2546 ἀτιμίαν
2505 2476 2532 2528 ό
2591 2473 2861 2543 Ἀμίλκας
2914 2469 3331 2544 παρῃτήσατο)⁶
3388 2469 3542 2523 καὶὸ
3577 2467 3676 2540 μὲν

2087 2565 2258 2620 ταῦτα
2295 2564 2646 2634 συνθέμενος,
2683 2562 2779 2616 καὶ
2811 2561 2935 2625 τοὺς
2963 2559 3306 2632 στρατιώτας
3337 2561 3401 2614 ἐκ
3428 2560 3538 2613 τῶν
3562 2576 3674 2612 τειο

2091 2659 2204 2728 χῶν
2229 2653 2536 2726 ἐξαγαγὼν,
2563 2653 2907 2709 ἀπέπλευσεν
2929 2654 3134 2720 οίκαδε,
3160 2653 3292 2724 πρὶν
3318 2652 3447 2716 τοὺς
3478 2654 3677 2722 ὅρκους

2089 2751 2473 2820 ἐπενεχθῆναι.
2518 2748 2584 2801 Oi
2635 2747 2680 2800 δ’
2720 2749 2779 2799 ἐν
2801 2749 2868 2817 τῇ
2921 2745 3111 2815 Ῥώμῃ
3144 2747 3246 2815 τήν
3301 2761 3359 2797 τε
3409 2745 3567 2816 νίκην
3587 2744 3675 2799 διὰ

2091 2847 2324 2918 βραχέος
2359 2841 2562 2914 ἔμαθον
2594 2841 2688 2894 καὶ
2735 2839 3057 2908 ἐπήρθησαν
3111 2837 3188 2896 ὡς
3238 2837 3556 2890 παντάπασι
3585 2855 3678 2890 κεο

2090 2936 2446 3006 κρατηκότες.
2495 2933 2607 2985 Καὶ
2649 2930 2758 2983 τῶν
2810 2929 3093 2998 πρέσϐεων
3152 2927 3438 2994 ἐλθόντων,
3491 2929 3675 2982 οὐκέτι

2089 3030 2346 3100 κατέχειν
2381 3027 2609 3089 ἑαυτοὺς
2636 3023 2926 3096 ἠδύναντο,
2985 3023 3080 3076 καὶ
3131 3021 3230 3094 τὴν
3275 3021 3484 3094 Λιϐύην
3531 3022 3678 3094 ἔχειν

2090 3123 2312 3177 ἃπασαν
2362 3118 2618 3191 ἧλπιζον.
2653 3117 2746 3170 Διδ
2793 3115 2915 3169 οὐδὲ
2947 3117 3067 3177 ταῖς
3119 3115 3216 3168 τού
3243 3114 3458 3168 ὑπάτου
3487 3117 3681 3187 ὁμολοο

2091 3214 2240 3284 γίαις
2266 3213 2577 3282 ἐνέμειναν,
2613 3209 2752 3264 ἀλλὰ
2811 3208 2908 3262 καὶ
2937 3209 3201 3279 χρήματα
3255 3209 3458 3271 αὐτοὺς
3499 3208 3681 3281 πολλῷ

2093 3307 2268 3360 πλείω
2298 3304 2409 3357 τῶν
2435 3301 2840 3372 ὑπεσχημένων
2872 3299 3212 3372 ἐπράξαντο·
3239 3301 3332 3353 καὶ
3365 3302 3681 3372 ἀπηγόρευ-

2094 3415 2195 3453 σαν
2227 3397 2380 3468 σφίσι
2435 3397 2574 3467 μήτε
2604 3395 2706 3466 τὴν
2748 3393 3002 3457 Ἰταλίαν,
3030 3395 3165 3465 μήτε
3197 3393 3296 3464 τὴν
3323 3393 3426 3461 ἔξω
3456 3411 3678 3464 συμμα-

2093 3491 2215 3564 χίδα
2254 3488 2404 3558 σφῶν
2435 3489 2675 3558 μακραῖς
2697 3487 2858 3539 ναυσὶ
2894 3485 3231 3554 παραπλεῖν,
3261 3485 3294 3555 ἢ
3323 3484 3680 3554 μισθοφόροις

2092 3582 2236 3637 τισὶν
2284 3580 2381 3633 ἀπ’
2441 3578 2623 3633 αὐτῶν
2687 3575 3018 3648 κεχρῆσθαι.
3090 3577 3149 3629 '0
3188 3575 3290 3648 μὲν
3341 3572 3435 3629 οὖν
3463 3576 3680 3648 πρῶτος

2094 3675 2209 3736 τοῖς
2243 3669 2642 3742 Καρχηδονίοις
2674 3669 2911 3737 πόλεμος
2942 3669 3056 3730 τοῖς
3088 3665 3384 3736 Ῥωμαίοις
3414 3669 3493 3729 εἰς
3521 3667 3682 3720 τοῦτο

2096 3765 2367 3834 κατέληξε
2411 3762 2660 3832 τετάρτῳ
2691 3762 2804 3814 ἔτει
2835 3760 2933 3814 καὶ
2967 3759 3223 3825 εἰκοστῷ,
3279 3759 3376 3813 καὶ
3403 3759 3491 3812 ἐπ’
3525 3759 3681 3829 αὑτῷ

2095 3859 2305 3930 ἠγαγεν
2331 3858 2358 3910 ό
2385 3857 2638 3919 Κατύλος
2670 3855 2738 3909 τὰ
2757 3854 3022 3918 ἐπινίκια,
3049 3855 3282 3918 Κύῖντος
3300 3853 3356 3908 δὲ
3385 3853 3637 3908 Λουτάτν
3655 3872 3682 3917 ς

2099 3950 2434 4015 ὑπατεύσας,
2456 3948 2703 4019 ἀπῆλθεν
2734 3949 2790 4011 ἐς
2818 3947 3095 4011 Σικελίαν,
3129 3946 3222 3999 καὶ
3246 3944 3388 4014 μετὰ
3409 3943 3502 3999 τοῦ
3526 3943 3680 3998 ἁδελ-

2097 4045 2199 4117 φοῦ
2256 4043 2504 4099 Κατύλου
2553 4042 2733 4096 πάντα
2765 4042 2833 4094 τὰ
2883 4043 3004 4094 ἐκεῖ
3048 4040 3450 4110 κατεστήσατο,
3493 4039 3587 4093 καὶ
3613 4040 3682 4090 τι

2097 4141 2238 4196 ὅπλα
2262 4138 2372 4192 τῶν
2397 4141 2455 4191 ἐν
2486 4136 2626 4206 αὐτῇ
2660 4134 2968 4204 ἀφείλοντο.
3003 4133 3226 4187 Σικελία
3258 4133 3358 4204 μὲν
3386 4128 3478 4188 οὖν
3508 4131 3681 4193 οὕτως

2099 4235 2204 4289 ὑπὸ
2247 4231 2536 4304 Ῥωμαίων
2583 4229 2880 4283 δεδούλωτο
2927 4227 3066 4298 πλὴν
3097 4229 3194 4296 τῆς
3230 4227 3406 4299 ἀρχῆς
3455 4225 3549 4280 τοῦ
3589 4225 3683 4277 Ίέ-

2103 4341 2296 4400 ρωνος*
2334 4329 2398 4378 ἐκ
2426 4323 2484 4376 δέ
2525 4322 2719 4374 τούτου
2756 4321 2893 4392 πρὸς
2932 4321 3058 4383 τοὺς
3091 4318 3498 4389 Καρχηδονίους
3525 4315 3680 4386 φιλία

2099 4416 2169 4490 ἦν
2189 4419 2395 4481 αὐτοῖς.
2456 4417 2663 4484 ’Δμφω
2715 4411 2761 4464 δ’
2822 4407 2983 4472 αὖθις
3013 4409 3095 4472 εἰς
3147 4407 3420 4475 πολέμους
3457 4406 3679 4474 ἐτέρους

403 4541 551 4595 rent,
611 4529 952 4582 frumentum
1007 4524 1316 4584 mitterent,
1367 4535 1398 4573 e
1460 4517 1628 4573 sociis
1686 4515 1989 4586 provinciis

2100 4487 2270 4583 χωρὶς
2303 4505 2424 4579 μετ’
2457 4505 2640 4574 ὀλίγον
2688 4502 3056 4570 κατέστησαν.
3107 4499 3233 4560 Ίόῖς
3259 4496 3367 4566 γάρ
3398 4495 3680 4566 Καρχηδο-

403 4621 790 4679 conscribendi
826 4616 1018 4671 militis
1053 4622 1383 4684 potestatem
1419 4609 1640 4674 darent,
1679 4608 1989 4664 clementia:

385 4716 622 4770 Jaudem
666 4712 837 4781 magis
888 4717 1245 4776 occupantes,
1299 4718 1462 4774 quam
1509 4703 1628 4756 suis
1684 4701 1992 4754 rationibus

401 4807 778 4863 consulentes.
831 4802 988 4858 Unde
1059 4810 1186 4869 post
1246 4799 1302 4851 in
1362 4796 1578 4867 negotia
1655 4795 1991 4848 inciderunt.

407 4902 647 4958 Amilcar
677 4899 824 4953 enim
858 4894 1166 4951 Barcltinus
1203 4891 1317 4956 ille,
1350 4889 1512 4942 victis
1550 4887 1806 4943 hostibus
1827 4925 1842 4952 ,
1885 4886 1994 4939 Bo-

387 5011 621 5060 .manos,
663 5003 980 5062 quanquam
1009 4987 1090 5042 eis
1139 4983 1570 5048 infensissimus,
1616 4979 1758 5035 bello
1799 4988 1990 5050 petere

384 5106 520 5146 .non
573 5101 762 5148 ausus,
817 5089 1010 5139 contra
1061 5076 1484 5148 magistratuum
1544 5072 1882 5128 voluntatem
1941 5070 1996 5124 in

2097 4605 2229 4666 νίοις
2264 4602 2318 4656 οἵ
2359 4617 2419 4654 τε
2452 4597 2760 4668 περίλοιποι
2790 4594 2900 4646 τῶν
2945 4589 3465 4662 μισθοφορησάντων
3503 4591 3675 4657 σφίσι,

2098 4701 2193 4752 καὶ
2224 4696 2285 4748 τὸ
2319 4691 2572 4746 δουλεῦον
2596 4690 2655 4742 τὸ
2682 4690 2741 4740 ἐν
2772 4690 2838 4758 τῇ
2877 4686 3052 4750 πόλει,
3078 4684 3171 4736 καὶ
3196 4683 3304 4735 τῶν
3332 4682 3680 4752 ὁμορούντων

2100 4786 2458 4856 πολλοὶπρὸς
2487 4784 2588 4846 τὰς
2637 4779 2923 4851 συμφορὰς
2970 4777 3152 4832 αὐτῶν
3203 4775 3582 4829 συνεπέθεντο.
3619 4776 3684 4828 Οῖ

2101 4905 2165 4957 γε
2201 4886 2305 4955 μὴν
2345 4879 2635 4950 Ῥωμαῖοι,
2671 4872 3160 4942 ἐπικαλεσαμένων
3207 4870 3404 4933 αὐτοὺς
3448 4871 3557 4922 τῶν
3587 4886 3683 4922 πο-

2098 4977 2410 5048 λεμούντων
2481 4970 2736 5034 ἐκείνοις,
2800 4965 2916 5019 οὗθ’
2974 4964 3328 5036 ὑπήκουσαν,
3389 4960 3530 5016 ἀλλὰ
3585 4962 3683 5013 καὶ

2098 5063 2724 5139 ἀντιπρεσϐευσάμενοι,
2753 5059 2850 5112 καὶ
2878 5057 2952 5128 μὴ
2983 5055 3309 5127 δυνηθέντες
3346 5053 3541 5108 καταλλ
3555 5051 3682 5116 άξαι

2099 5160 2337 5226 αὐτοὺς,
2389 5156 2645 5217 καὶτοὺς
2695 5148 3078 5223 αἰχμαλώτους
3105 5148 3215 5202 τῶν
3272 5144 3681 5216 Καρχηδονίων,

411 5184 730 5256 Hispaniam
759 5177 916 5234 abiit.
953 5173 1063 5229 Sed
1101 5173 1220 5227 hac
1248 5177 1371 5240 post
1403 5167 1546 5221 facta
1575 5173 1725 5221 sunt.

605 5270 772 5345 είχον,
837 5266 1060 5338 ἀφῆκαν
1100 5237 1328 5334 προῖκα,
1371 5261 1467 5312 καὶ
1493 5260 1639 5312 σῖτον
1681 5253 1956 5325 ἔπεμψαν,
1983 5253 2076 5306 καὶ⁵
2109 5249 2476 5324 μισθοφόρους
2507 5248 2571 5299 ὲκ
2603 5245 2703 5314 τῆς
2740 5243 2948 5304 οἰκείας
2988 5237 3328 5310 συμμαχίδος
3380 5237 3565 5299 αὐτοῖς
3587 5237 3685 5286 ἐπ’

411 5330 718 5444 αγαγσέσθαι
757 5330 1107 5437 ’ἐπέτρ-εψαν,
1138 5330 1298 5424 δόξαν
1355 5353 1653 5415 ἐπιεικείας
1707 5349 2014 5422 θηρώμενοι
2075 5347 2296 5420 μᾶλλον,
2333 5343 2368 5414 ἢ
2422 5341 2519 5395 τοῦ
2571 5337 2946 5410 συμφέροντος
2977 5334 3164 5397 αὐτοῖς
3203 5330 3681 5404 προμηθούμενοι.

412 5423 1114 5536 δθᾶινπράγματαλσχον
1161 5423 1465 5504 εἰσέπειτα.
1537 5447 1595 5498 '0
1646 5443 1755 5514 γὰρ
1808 5441 2074 5514 Ἀμίλκας
2112 5441 2320 5501 ἐκεῖνος
2348 5435 2376 5488 ὁ
2421 5431 2716 5504 Βαρχίδης,
2777 5426 3054 5529 ἐπεὶῆτοὺς
3102 5423 3380 5536 ἐναντίουλς
3410 5423 3685 5494 ἐνίκησεν,

407 5514 792 5630 Lipare—03};
865 5514 1191 5620 Ῥωμαίους,
1253 5542 1456 5612 καίπερ
1504 5539 1683 5610 κάρτα
1743 5535 1918 5606 μισῶν
1967 5533 2184 5597 αὐτοὺς,
2242 5529 2344 5582 οὑκ
2397 5526 2665 5593 ἐτόλμησε
2698 5518 3050 5593 στρατεῦσαι,
3102 5518 3158 5580 ἐς
3195 5516 3253 5570 δὲ
3300 5514 3400 5588 τὴν
3449 5514 3689 5588 Ἰϐηρίαν

417 5619 574 5721 παρά
639 5650 867 5718 γνώμην
893 5619 1004 5697 τῶν
1034 5643 1173 5696 οίκοι
1199 5637 1370 5692 τελῶν
1411 5633 1648 5703 ἀπῆρεν.
1711 5630 1874 5686 Ἀλλὰ
1901 5627 2076 5682 ταῦτα
2121 5627 2216 5698 μὲν
2246 5625 2463 5692 ἐγένετο
2493 5619 2619 5674 ὕστε
2630 5634 2743 5688 ρον.

481 5702 670 5796 iﬁlli:
701 5702 842 5795 Tum
873 5748 1058 5792 autem
1096 5732 1327 5790 Romani
1361 5745 1486 5786 cum
1522 5702 1748 5782 Faliscis
1779 5723 1988 5778 bellum

2177 5715 2287 5773 lll’.
2321 5715 2458 5769 Τότε
2488 5713 2544 5765 δέ
2583 5712 2674 5764 καὶ
2703 5711 2753 5764 oi
2795 5709 3062 5778 Ῥωμαῖοι
3089 5706 3381 5769 Φαλίσκοις
3407 5702 3686 5773 ἐπολέμη-

391 5898 394 5902 ,
403 5842 716 5906 gesserunt,
748 5829 945 5885 Manlio
972 5827 1252 5896 Torquato
1285 5838 1474 5894 agrum
1503 5821 1722 5877 illorum
1753 5825 1945 5871 urente
1973 5830 1986 5869 :

2101 5829 2222 5875 σαν,
2258 5811 2352 5866 καὶ
2412 5805 2620 5869 Μάλιος
2674 5802 3056 5873 Τουρκονάτος
3108 5799 3208 5871 τὴν
3260 5797 3444 5870 χώραν
3503 5795 3684 5851 αὐτῶν
