4060 6402
419 331 526 393 (85

1637 325 2042 390 ANNALIUM
2070 324 2214 386 LIB.
2259 325 2414 386 VI”.

3577 318 3683 381 686

419 444 624 516 ἐδῄωσε
652 457 664 472 ·
697 441 792 495 καὶ
818 438 1098 510 συμμίξας
1140 439 1346 502 αὐτοῖς,
1380 436 1692 508 ἐσφάληκεν
1719 435 1796 508 τῷ
1835 435 1991 491 ὁπλι-

2103 433 2198 503 qni
2239 447 2367 487 cum
2399 431 2482 488 eis
2513 446 2844 504 congressus
2893 431 3138 501 peditatu
3171 429 3480 495 surcubuit.
3531 435 3689 504 equi-

417 536 577 607 τικῷ,
604 535 719 598 τοῖς
751 532 795 587 δ’
835 531 1098 586 ἱππεῦσιν
1129 531 1425 601 ἐκράτησε,
1478 530 1575 584 καὶ
1605 529 1762 592 αὖθις
1815 529 2001 586 αὐτοῖς

423 627 808 698 μαχεσάμενος
843 625 1090 695 ἐνίκησε·
1131 624 1226 676 καὶ
1279 624 1348 678 τά
1377 641 1437 676 τε
1497 621 1638 678 ὅπλα
1669 621 1872 684 αὐτῶν,
1905 619 2001 672 καὶ

417 722 520 792 τὴν
547 721 715 772 ἵππον
746 718 841 771 καὶ
892 716 964 770 τὰ
1013 715 1224 769 ἐπιπλα
1279 715 1468 769 καὶτὸ
1516 712 1770 769 δουλεῦον
1818 712 1914 766 καὶ
1942 711 2001 765 τὸ

414 813 589 882 ἥμισυ
623 810 724 879 τῆς
766 809 954 881 χώρας
988 808 1261 878 ἀφείλετο.
1295 808 1562 878 ’Υστερον
1586 806 1644 859 δέ
1673 807 1705 877 ή
1753 804 1853 876 μὲν
1899 804 2001 874 ἀρ-

419 905 550 972 καίοι
582 902 758 970 πόλις,
797 905 876 966 είς
909 903 1036 974 ὅρος
1064 902 1303 972 ἐρυμνὸν
1337 899 1620 970 ἱδρυμένη,
1651 897 1997 967 κατεσκάφη·

415 997 579 1067 ἑτέρα
609 995 654 1049 δ’
683 994 1009 1065 ᾠκοδομήθη
1032 994 1312 1065 εὐὲφοδος.
1336 993 1493 1048 Μετὰ
1520 993 1576 1046 δέ
1611 992 1773 1045 τοῦτο
1810 990 2000 1044 ἐπολέ-

421 1105 605 1158 μησαν
637 1085 799 1151 αὖθις
859 1087 1133 1158 πολέμους
1190 1087 1327 1157 πρὸς
1382 1086 1658 1150 Βοουῑους,
1718 1086 1813 1138 καὶ
1861 1084 2001 1153 πρὸς

417 1179 674 1244 Γαλάτας
703 1179 937 1244 ἐκείνοις
987 1179 1429 1251 πλησιοχώρους,
1482 1180 1579 1234 καὶ
1613 1177 1751 1250 πρδς
1781 1178 2000 1245 Λιγύων

417 1273 592 1327 τινάς.
649 1273 788 1337 Τοὺς
840 1272 939 1344 μέν
971 1268 1067 1326 οὖν
1098 1273 1308 1342 Λίγυας
1361 1272 1718 1344 Σεμπρώνιος
1751 1271 2000 1342 Γράκχος

426 1365 573 1435 μάχῃ
604 1365 836 1436 νικήσας
871 1365 1094 1420 ἐκάκου.
1127 1366 1235 1420 Καὶ
1267 1365 1378 1428 τοῖς
1417 1364 1689 1426 Γαλάταις
1729 1363 2001 1427 Πούπλιος

425 1455 719 1525 Οὐαλέριος
764 1455 1080 1524 συμδαλὼν,
1112 1456 1172 1510 τδ
1206 1455 1305 1526 μὲν
1337 1455 1555 1529 πρῶτον
1593 1456 1804 1528 ήττήθη
1827 1466 1845 1485 ⁶
1880 1452 2000 1510 εἶτα

423 1547 730 1616 πυθόμενος
752 1548 834 1609 είς
863 1548 1188 1619 ἐπικουρίαν
1222 1549 1389 1603 αὐτοῦ
1422 1565 1574 1614 τινας
1603 1550 1670 1603 ἐκ
1707 1549 1809 1619 τῆς
1867 1549 2002 1602 Ῥώ-

420 1656 529 1710 μης
559 1639 740 1708 ήκειν,
777 1639 942 1707 ὁμόσε
1000 1636 1156 1704 αὖθις
1190 1642 1302 1704 τοῖς
1353 1641 1625 1704 Γαλάταις
1681 1639 1996 1712 ἐχώρησεν·

422 1734 488 1786 ἶν’
522 1733 554 1806 ἢ
589 1734 711 1788 καθ’
763 1735 955 1788 ἐαυτὸν
1003 1738 1241 1807 νικήσοι,
1275 1736 1308 1808 ἢ
1342 1735 1626 1791 ἀποθάνοι.
1667 1735 1841 1789 Τοῦτο
1889 1736 1999 1806 γὰρ
2032 1784 2071 1839 Β

423 1830 626 1900 μᾶλλον
682 1831 716 1903 ἢ
747 1829 857 1894 ζῶν
888 1832 1153 1903 αἰσχύνην
1179 1833 1367 1903 δφλειν
1413 1831 1732 1904 προείλετοο
1762 1831 1856 1886 καί
1881 1848 1998 1895 πως

422 1924 562 1977 κατὰ
585 1923 755 1996 τύχην
781 1925 1074 1996 ἐκράτησε.
1105 1925 1240 1980 Τότε
1267 1925 1365 1996 μὲν
1391 1924 1483 1978 οὖν
1504 1923 1659 1978 ταῦθ’
1685 1923 1860 1987 οὕτως
1887 1924 1999 1986 τοτς

432 2017 725 2087 Ῥωμαίοις
780 2020 1144 2090 συνήντησαν,
1180 2020 1273 2073 καὶ
1328 2017 1518 2092 Σαρδώ
1565 2017 1678 2091 (24)
1709 2017 1859 2088 παρά
1889 2015 2000 2069 τῶν

423 2106 814 2179 Καρχηδονίων
872 2109 1102 2179 ἀμαχεὶ,
1168 2107 1435 2178 χρήματά
1483 2125 1544 2161 τε
1598 2103 1752 2170 αὖθις
1781 2105 1996 2170 ἔλαϐον,

420 2202 820 2265 ἐγκαλέσαντες
847 2203 1033 2265 αὐτοῖς
1065 2200 1327 2272 βλάπτειν
1361 2200 1514 2272 σφῶν
1535 2201 1682 2264 τοὺς
1711 2197 1996 2263 πλέοντας’

419 2292 572 2347 οὔπω
601 2293 712 2365 γὰρ
734 2293 1128 2365 κρατυνθέντες
1153 2297 1201 2348 οί
1234 2294 1616 2367 Καρχηδόνιοι,
1642 2292 1742 2357 τὰς
1771 2291 2002 2357 ἀπειλὰς

421 2385 604 2438 αὐτῶν
636 2385 1000 2441 ἐδςδοίκεσαν.
1035 2386 1126 2458 Τῷ
1177 2387 1224 2440 δ’
1261 2387 1386 2457 ἑξῆς
1441 2388 1555 2442 ἐτει
1596 2387 1832 2448 Λούκιος
1865 2387 2000 2441 Λέν-

420 2477 606 2541 τουλος
633 2480 725 2532 καὶ
756 2479 986 2542 Κύῖντος
1011 2479 1258 2542 Φλάκκος
1276 2480 1368 2536 ἐπὶ
1400 2480 1526 2542 τοὺς
1557 2480 1802 2544 Γαλάτας
1831 2497 1999 2549 στρα-

420 2569 733 2635 τεύσαντες,
765 2571 870 2631 ἓως
901 2571 1000 2640 μὲν
1046 2571 1180 2640 ὁμοῦ
1204 2571 1410 2644 διῆγον,
1453 2567 1597 2646 ἦσαν
1629 2572 2004 2641 ἀνανταγώνι-

424 2681 538 2717 στοι
559 2681 575 2698 ·
627 2665 750 2719 ἐπεὶ
773 2664 830 2718 δὲ
863 2665 985 2736 διχῆ
1021 2665 1246 2737 πορθεῖν
1275 2683 1399 2721 τινα
1452 2666 1707 2737 ἤρξαντο,
1738 2665 1816 2730 ὼς
1857 2665 2001 2720 οὕτω

424 2757 594 2810 πλείω
652 2758 804 2812 λείαν
863 2758 1344 2830 περιδαλούμενοι,
1398 2762 1456 2824 ἐς
1515 2760 1763 2813 κίνδυνον
1810 2757 1873 2812 τὸ
1904 2757 2000 2812 τ.ὖ

420 2851 671 2905 Φλάκκου
717 2851 960 2924 κατέστη
1022 2853 1408 2923 στρατόπεδον,
1468 2853 1661 2915 νυκτὸς
1693 2851 1998 2906 κυκλωθέν.

435 2943 598 2998 Ἀλλά
615 2947 737 2998 τότε
774 2943 872 3016 μέν
903 2945 951 2998 οἱ
993 2943 1257 3016 βάρδαροι
1295 2945 1664 3016 ἀνεκόπησαν,
1696 2944 2002 3016 προσλαϐό-

425 3055 577 3108 μενοι
600 3039 655 3092 δέ
677 3039 1020 3109 συμμάχους,
1047 3042 1190 3110 χειρὶ
1215 3039 1382 3111 πολλῇ
1406 3035 1562 3104 αὖθις
1580 3038 1674 3092 ἐπὶ
1702 3039 1832 3101 τοὺς
1862 3038 1999 3091 Ῥω-

2105 531 2220 578 taltt
2257 523 2456 579 victor.
2505 523 2713 579 Deinde
2743 522 2978 591 repetita
3022 537 3228 592 pugna,
3275 537 3372 577 eos
3417 523 3634 579 domuit
3671 564 3686 587 ,

2102 616 2293 683 armis,
2348 615 2529 686 equis,
2581 615 3042 687 supellectilibus,
3113 614 3376 682 servitiis,
3443 623 3500 669 et
3567 617 3686 686 agri

2101 709 2330 765 semisse
2362 709 2645 764 multatos.
2693 708 2938 762 Tandem
2967 708 3132 762 etiam
3163 706 3388 776 antiqua
3431 705 3586 772 urbs,
3631 707 3689 765 in

2101 801 2276 857 arduo
2307 803 2410 859 sila
2440 809 2648 867 monte,
2683 816 2874 857 eversa
2911 821 2924 857 :
2974 802 3192 872 aliaque
3227 801 3448 855 condita
3483 801 3537 855 itt
3570 801 3686 870 pla-

2103 895 2258 956 nitie.
2289 903 2606 964 Oppltgnatu
2639 894 2839 950 facilis.
2871 895 3022 956 Post,
3060 893 3168 949 alia
3211 893 3352 948 bella
3383 907 3506 946 cum
3540 891 3688 948 Boiis

2100 997 2156 1043 et
2205 987 2376 1042 Gallis
2423 1003 2615 1042 eorum
2663 988 2862 1044 vicinis
2909 998 2964 1043 et
3012 986 3311 1058 Liguribus
3355 985 3684 1056 quibusdam

2101 1088 2412 1152 gesserunt.
2443 1080 2520 1136 Ac
2572 1080 2802 1151 Ligures
2861 1081 3224 1148 Sempronius
3273 1078 3561 1134 Gracchus
3604 1079 3688 1132 vi-

2102 1181 2221 1226 ctor
2251 1170 2462 1228 aﬂlixit.
2496 1172 2556 1227 P.
2593 1173 2863 1237 Valerius,
2905 1188 2934 1228 a
2978 1173 3147 1229 Gallis
3199 1172 3476 1242 principio
3518 1187 3686 1242 supe-

2103 1270 2280 1323 ratus.
2304 1277 2430 1317 cum
2463 1263 2663 1318 auxilia
2693 1264 2797 1318 silti
2825 1264 2967 1318 milli
2995 1264 3166 1319 Roma
3208 1263 3474 1325 audisset,
3502 1263 3687 1319 Gallos

2101 1354 2286 1411 denuo
2308 1355 2474 1427 400
2499 1365 2585 1412 est
2615 1372 2908 1428 aggressus
2952 1374 2965 1411 :
3009 1367 3070 1412 ut
3109 1367 3205 1413 aut
3231 1373 3331 1428 per
3360 1371 3420 1412 se
3453 1357 3685 1413 victoria

2103 1445 2393 1516 potiretur,
2423 1456 2516 1501 aut
2549 1459 2781 1503 mortem
2813 1457 3122 1517 oppeteret,
3171 1464 3335 1518 quam
3369 1449 3496 1504 vita:
3530 1449 3686 1519 igno-

2101 1539 2350 1595 miniosae
2398 1540 2769 1610 praeferebat:
2820 1557 2884 1596 ac
2949 1543 3167 1597 fortuna
3229 1542 3467 1612 quadam
3523 1541 3678 1599 vicit.

2103 1631 2243 1685 Tum
2269 1632 2437 1702 igitur
2469 1632 2540 1687 ita
2571 1649 2698 1688 cum
2748 1634 3012 1691 Romanis
3059 1645 3242 1690 actum
3277 1651 3292 1690 :
3325 1635 3516 1706 eisque
3547 1633 3684 1691 Sar-

2103 1725 2252 1778 dinia
2305 1727 2444 1780 citra
2497 1742 2756 1798 pugnam,
2805 1736 2862 1782 et
2910 1729 3158 1798 pecuniae
3207 1745 3398 1785 rursus
3455 1730 3595 1786 data:
3650 1745 3683 1784 a

2099 1816 2648 1887 Carthaginiensibus
2677 1836 2690 1873 :
2721 1819 2812 1888 qui
2849 1834 2973 1873 cum
3013 1822 3387 1891 negotiatores
3411 1822 3684 1878 Romanos

2097 1910 2153 1966 in
2182 1911 2319 1965 mari
2341 1912 2757 1968 maletractasse
2780 1927 3191 1977 accllsarentur,
3223 1915 3467 1970 nondum
3497 1915 3683 1970 ill-ma-

2100 2002 2173 2058 tis
2230 2005 2451 2072 opiblls,
2501 2005 2680 2058 minas
2730 2005 2949 2060 illorum
3008 2007 3336 2062 limuerunt.
3413 2008 3679 2079 Sequenti

2101 2110 2248 2151 anno
2283 2098 2346 2150 Ρ.
2378 2096 2645 2152 Lentulus
2673 2106 2730 2154 et
2755 2099 2817 2166 Q.
2854 2100 3103 2166 Flaccus,
3138 2100 3284 2156 bello
3314 2109 3507 2157 contra
3552 2103 3683 2159 Gal-

2100 2190 2184 2246 los
2210 2199 2486 2260 suscepto,
2509 2191 2640 2246 dum
2668 2207 2772 2246 una
2795 2193 3048 2262 agebant,
3081 2193 3482 2264 insuperabiles
3502 2205 3682 2252 erant.

2103 2282 2210 2339 Sed
2245 2301 2370 2339 cum
2413 2286 2672 2356 separati,
2719 2286 2838 2344 loca
2891 2287 3166 2357 quaedam,
3213 2289 3438 2359 majoris
3487 2289 3686 2360 praeda:

2102 2379 2424 2450 cupiditate,
2455 2388 2670 2436 vastare
2701 2382 3022 2452 coepissent,
3077 2383 3253 2438 Flacci
3288 2395 3467 2440 castra
3513 2394 3680 2442 noctu

2102 2471 2465 2532 circumdata.
2497 2473 2550 2526 in
2583 2473 2832 2542 periculo
2865 2473 3113 2529 fuerunt.
3143 2475 3367 2531 Barbari
3396 2492 3530 2531 vero
3564 2485 3679 2533 tum

2104 2565 2333 2635 repulsi,
2385 2565 2573 2621 multis
2613 2567 2776 2621 sociis
2821 2567 3030 2630 ascitis,
3081 2583 3206 2624 cum
3259 2585 3452 2640 magna
3516 2585 3679 2626 manu

2103 2658 2287 2712 denuo
2316 2657 2592 2712 Romanos
2627 2658 2964 2713 invaserunt.
3002 2659 3070 2715 El
3097 2660 3155 2714 P.
3187 2660 3423 2717 Lentulo
3456 2671 3511 2718 et
3538 2662 3686 2719 Lici-

2104 2751 2199 2804 nio
2239 2750 2377 2804 Varo
2407 2764 2467 2806 se
2495 2751 2564 2805 ob
2596 2749 3004 2806 multitudinem
3045 2768 3199 2808 suam
3229 2756 3314 2809 vel
3355 2754 3475 2810 sine
3500 2772 3680 2828 pugna

2103 2851 2374 2898 terrorem
2408 2842 2732 2899 incussnros
2755 2844 3034 2910 arbitrati,
3089 2860 3188 2915 per
3233 2847 3446 2918 legatos
3479 2848 3682 2904 Arimi-

2105 2953 2332 2992 nensem
2357 2953 2546 3008 agrum
2579 2939 2923 3008 repelierunt
2957 2957 2969 2994 :
3001 2948 3056 2996 et
3086 2957 3181 2998 eos
3212 2944 3328 3015 ipsa
3369 2945 3524 3012 urbe,
3558 2962 3681 3017 qua:

2107 3045 2205 3084 sua
2245 3038 2414 3092 esset,
2456 3029 2655 3086 cedere
2680 3031 2982 3102 jusserunt,
3017 3033 3283 3093 Consules
3315 3053 3444 3094 vero
3473 3054 3576 3094 nec
3607 3039 3681 3095 ob

425 3132 616 3201 μαίους
641 3132 944 3203 ἐχώρησαν.
975 3133 1431 3204 Ἀπαντησάντων
1460 3133 1518 3189 δέ
1549 3131 1700 3198 σφίσι
1723 3133 1997 3186 Πουπλίου

2105 3119 2431 3188 paucitatem
2461 3120 2775 3192 conﬂigere,
2812 3139 2989 3194 neque
3040 3126 3129 3182 illa
3181 3131 3485 3186 concedere
3536 3132 3679 3194 ausi.

417 3243 480 3277 τε
513 3223 814 3278 Λεντούλου
849 3226 944 3278 καὶ
978 3224 1253 3278 Λικιννίου
1289 3226 1506 3296 Οὐάρου
1536 3226 1774 3296 ήλπισαν
1801 3224 1998 3286 αὐτοῦς

421 3318 449 3371 δ
479 3319 511 3369 ὰ
560 3318 621 3370 τὸ
679 3317 883 3386 πλῆθος
923 3317 982 3369 τὸ
1019 3317 1282 3388 σφέτερον
1332 3320 1426 3371 καὶ
1456 3320 1584 3374 ἄνευ
1614 3320 1796 3390 μάχης
1833 3335 1999 3372 κατα-

424 3409 684 3480 πλήξεινο
717 3412 811 3464 καὶ
841 3407 1179 3480 πέμψαντες,
1211 3410 1313 3484 τήν
1334 3427 1393 3464 τε
1423 3409 1608 3483 χώραν
1638 3410 1736 3482 τήν
1780 3411 1912 3481 περὶ
1941 3411 2000 3464 τὸ

435 3503 722 3576 Ἀρίμενον
747 3503 1012 3575 ἀπῄτουν,
1045 3502 1140 3555 καὶ
1173 3504 1272 3572 τῆς
1318 3503 1547 3568 πόλεως,
1591 3503 1666 3568 ὡς
1692 3503 1871 3558 αὐτῶν
1905 3501 1998 3557 οὐ·

423 3614 541 3667 σης,
573 3596 945 3667 ἐξοικισθῆναι
971 3595 1246 3651 ἐκέλευον.
1281 3597 1342 3649 Ol
1364 3595 1408 3648 δ’
1438 3595 1656 3664 ὕπατοι,
1691 3598 1826 3667 μήτε
1861 3611 2003 3667 συμ-

420 3692 609 3744 ϐαλεῖν
666 3689 1001 3763 θαρροῦντες
1054 3688 1121 3742 δι’
1157 3688 1474 3760 ὀλιγότητα,
1536 3689 1676 3760 μήτε
1731 3689 2001 3760 προέσθαι

420 3783 747 3856 τολμῶντες,
805 3780 1008 3852 ἀνοχάς
1053 3779 1320 3853 ἔπραξαν,
1376 3780 1453 3844 ώς
1505 3781 1562 3843 ἐς
1614 3781 1716 3852 τὴν
1780 3779 2001 3851 Ῥώμην

423 3875 889 3947 πρεσϐεύσωνται.
940 3874 1004 3927 Ol
1047 3872 1093 3925 δ’
1143 3872 1236 3926 ἐπὶ
1282 3871 1382 3942 τὴν
1413 3871 1610 3942 βουλὴν
1645 3870 1884 3935 ἐλθόντες
1932 3872 2002 3924 τὰ

422 3969 563 4022 αὐτά
595 3962 769 4021 εἷπον.
820 3965 908 4029 Ὦς
960 3963 1005 4018 δ’
1059 3963 1276 4026 οὐδενὸς
1309 3963 1360 4015 οί
1409 3963 1672 4034 πρέσϐεις
1722 3955 1798 4016 ὧν
1837 3962 2001 4034 ᾔτουν

424 4056 743 4127 ἐτύγχανον,
801 4057 883 4119 είς
933 4055 996 4108 τὸ
1050 4053 1415 4127 στρατόπεδον
1464 4051 1846 4123 ἀνεχώρησαν,
1906 4055 2002 4107 xci.

425 4145 587 4222 εὖρον
625 4130 946 4220 ἐφθαρμέναι
1004 4148 1160 4218 σφίσι
1211 4147 1282 4201 τά
1345 4147 1673 4218 πράγματα.
1710 4147 1866 4211 Τινὲς
1892 4147 2000 4217 γὰρ

423 4243 533 4296 τῶν
563 4242 867 4312 συμμάχων
899 4241 1101 4305 αὐτῶν,
1152 4239 1539 4311 μεταγνόντες,
1595 4238 1689 4291 καὶ
1712 4237 1802 4292 διὰ
1833 4238 1999 4306 φόϐου

421 4334 549 4397 τοὺς
588 4335 896 4404 Ῥωμαίους
956 4331 1340 4404 πεποιημένοι,
1397 4332 1699 4403 ἐτράποντο
1749 4332 1842 4385 ἐπὶ⁸
1876 4332 2002 4396 τοὺς

424 4427 701 4493 Βοουϊους,
730 4428 824 4480 καὶ
858 4425 1048 4497 συχνοὶ
1093 4426 1374 4480 ἀπώλοντο
1403 4425 1819 4496 ἀμφοτέρωθεν.
1853 4426 1998 4479 Κάν-

2102 3211 2352 3267 inducias
2404 3211 2676 3273 iecerunt.
2729 3223 2789 3269 ut
2821 3215 2888 3269 iis
2912 3217 2979 3271 de
3012 3218 3180 3273 rebus
3228 3221 3391 3291 legati
3436 3237 3466 3276 a
3509 3221 3682 3278 Gallis

2102 3303 2328 3358 Romam
2355 3303 2725 3360 mittetetttur.
2756 3305 2858 3372 Qui
2885 3322 3008 3361 cum
3040 3310 3183 3379 apud
3213 3321 3461 3368 senatum
3489 3328 3551 3368 ea
3575 3315 3678 3368 lem

2102 3396 2500 3465 postulassent,
2560 3412 2740 3468 neque
2796 3399 3095 3468 quidquam
3142 3402 3565 3474 impetrassrnt,
3623 3407 3676 3462 in

2101 3497 2278 3544 castra
2310 3491 2537 3554 reversi,
2581 3507 2671 3546 res
2715 3506 2843 3548 suas
2883 3493 3128 3564 perditas
3173 3510 3516 3568 repererunt.
3548 3497 3682 3566 Qni-

2101 3588 2225 3644 datn
2257 3591 2402 3646 enim
2433 3607 2500 3646 et
2528 3607 2718 3648 eorum
2754 3595 2945 3660 sociis,
2991 3605 3196 3652 mutata
3231 3598 3521 3665 sententia,
3573 3599 3682 3654 Ro-

2101 3697 2293 3738 manos
2338 3684 2616 3751 timentes,
2664 3686 2828 3742 Boios
2857 3698 2986 3743 sunt
3022 3690 3297 3762 aggressi:
3331 3706 3395 3748 ac
3423 3692 3682 3764 utrinque

2103 3778 2257 3832 mulli
2284 3778 2620 3834 ceciderunt.
2657 3779 2812 3836 Unde
2860 3781 3054 3852 reliqui
3101 3782 3322 3839 domum
3360 3785 3680 3841 redierunt:

2103 3868 2218 3924 Boii
2252 3885 2349 3938 per
2385 3871 2671 3939 pactiones
2701 3887 2894 3943 magna
2921 3873 3036 3944 agri
3066 3873 3152 3929 sui
3182 3884 3338 3944 parte
3377 3885 3509 3932 sunt
3540 3878 3684 3932 mul-

2103 3961 2220 4014 tati.
2250 3959 2476 4016 Gallicis
2512 3962 2674 4018 bellis
2713 3963 2822 4034 jam
2855 3965 3142 4032 confectis,
3191 3967 3460 4023 Lentulus
3488 3979 3681 4024 contra

2103 4052 2334 4124 Ligures
2361 4071 2512 4110 arma
2539 4057 2688 4127 cepit
2717 4075 2731 4112 :
2767 4066 2824 4112 et
2871 4058 2939 4112 iis
2970 4059 3064 4128 qui
3095 4060 3461 4117 occurrebant
3488 4060 3679 4132 proﬂi-

2103 4144 2264 4212 gatis,
2323 4145 2545 4199 castella
2591 4146 2841 4216 quaedam
2892 4148 3128 4220 subegit.
3165 4150 3341 4207 Varus
3393 4150 3678 4207 Corsicam

2104 4236 2402 4303 petiturus,
2443 4251 2567 4292 cum
2600 4247 2828 4310 propter
2866 4241 3210 4312 navigiorum
3239 4243 3528 4314 penuriam
3566 4253 3682 4300 tra-

2097 4327 2269 4397 jicere
2301 4343 2408 4382 non
2449 4341 2656 4398 posset,
2701 4329 2996 4387 Claudiutt
3041 4333 3279 4389 Cliniam
3332 4339 3457 4390 cun't
3506 4340 3682 4406 copiis

2105 4421 2368 4490 prmmisit
2405 4439 2418 4478 :
2451 4424 2544 4494 qui
2578 4423 2764 4479 Corsis
2794 4425 3023 4482 territis.
3059 4427 3112 4482 ill
3143 4428 3479 4498 colloquium
3509 4433 3680 4497 venit,

422 4521 614 4576 τεῦθεν
642 4521 885 4592 ἀπῆλθον
907 4520 1088 4573 οἵκαῗε
1114 4522 1162 4573 οἱ
1185 4520 1382 4585 λοιποὶ,
1411 4519 1504 4572 καὶ
1521 4519 1571 4572 οἱ
1602 4519 1810 4571 Βοούῖοι
1838 4537 2000 4572 σπον-

2105 4521 2162 4566 et
2189 4528 2289 4583 pro
2315 4516 2642 4570 auctoritate
2671 4531 2857 4586 pacem
2887 4531 3014 4572 cum
3042 4519 3123 4573 eis
3166 4519 3316 4574 fecit.
3357 4520 3534 4578 Varus
3583 4538 3682 4577 au-

421 4615 516 4676 ea;
548 4613 640 4668 ἐπὶ
673 4614 828 4684 μέρει
859 4610 1042 4682 πολλῷ
1069 4613 1167 4683 τῆς
1199 4609 1386 4682 χώρας
1443 4611 1594 4680 σφῶν
1647 4610 1995 4682 ἐποιήσαντο.

427 4707 568 4776 Ἤδη
592 4705 648 4758 δέ
679 4707 788 4757 τῶν
819 4704 1137 4758 Γαλατικῶν
1185 4703 1456 4758 λυθέντων
1489 4703 1762 4773 πολέμων,
1800 4706 1827 4757 ὁ
1864 4703 1995 4759 Λένς

421 4796 612 4859 τουλος
660 4795 1025 4865 ἐστράτευσεν
1081 4795 1173 4848 ἐπὶ
1224 4795 1459 4862 Λίγυας,
1495 4796 1736 4859 καὶτοὺς
1767 4798 2001 4868 προσπίο

426 4905 658 4950 πτοντας
689 4888 948 4958 ἠμύνετο,
987 4887 1081 4940 καί
1111 4904 1230 4940 τινα
1282 4887 1534 4956 ἐρύματα
1589 4891 1992 4960 παρεστήσατο.

426 4981 639 5052 υύαρος
671 4981 748 5046 δέ,
784 4983 877 5034 ἐπὶ
913 4980 1127 5053 Κύρνον
1155 4981 1429 5052 ὁρμήσας,
1483 4982 1579 5034 καὶ
1617 4980 1691 5053 μὴ
1749 4981 2000 5052 δυνηθεὶς

421 5074 630 5146 ἀπορίᾳ
664 5074 865 5128 πλοίων
895 5073 1300 5143 περαιωθῆναι,
1326 5074 1562 5127 Κλινέαν
1587 5073 1854 5128 Κλαύδιόν
1876 5092 1997 5127 τινα

423 5181 521 5217 σιν
569 5163 798 5236 δυνάμει
835 5164 1185 5236 προέπεμψε.
1228 5166 1516 5230 Κάκεῖνος,
1547 5163 1674 5228 τοὺς
1724 5165 1997 5234 Κυρνίους

423 5254 802 5327 καταπλήξας,
861 5258 918 5319 ἐς
967 5255 1162 5324 λόγους
1208 5251 1360 5324 ἦλθε,
1395 5255 1488 5308 καὶ
1523 5254 1598 5318 ὡς
1638 5256 1996 5327 αὐτοκράτωρ

420 5347 707 5416 τυγχάνων
760 5349 1078 5402 ἐσπείσατο.
1129 5347 1340 5418 Οὖαρος
1370 5347 1427 5398 δὲ
1456 5346 1567 5399 τῶν
1591 5346 1876 5416 συνθηκῶν
1919 5349 1994 5416 μὴ

2106 4615 2214 4661 tem
2249 4608 2397 4662 nulla
2432 4609 2700 4677 pactionis
2735 4610 2923 4666 habita
2952 4611 3186 4679 ratione,
3220 4630 3317 4670 eos
3361 4630 3682 4688 oppugnare

2104 4714 2210 4752 non
2263 4699 2496 4766 destitit,
2557 4701 2736 4757 donec
2780 4703 3108 4774 subegisset.
3169 4705 3410 4762 Romani
3451 4724 3584 4766 vero
3625 4709 3680 4765 id

2100 4791 2309 4846 crimen
2348 4793 2532 4848 violati
2561 4791 2780 4849 foederis
2810 4809 2840 4849 a
2869 4810 2988 4851 sese
3020 4810 3356 4866 alnoventes,
3389 4799 3678 4858 Claudium

2101 4882 2184 4934 eis
2209 4879 2544 4938 dediderunt
2577 4901 2590 4939 :
2620 4900 2726 4938 non
2764 4893 3048 4957 receptum
3079 4891 3431 4959 expulerunt.
3465 4893 3674 4950 Bellum

2101 4972 2369 5028 adversus
2399 4973 2900 5046 Carthaginienses,
2938 4979 3010 5036 ob
3038 4994 3404 5039 mercatorum
3452 5002 3678 5041 suorum

2101 5064 2334 5133 injurias
2363 5075 2700 5136 susceptum,
2737 5068 3113 5138 deposuerunt
3143 5087 3156 5125 :
3191 5083 3493 5144 exactaque
3516 5090 3684 5145 pecu-

2101 5158 2188 5211 nia
2219 5158 2398 5214 foedus
2434 5171 2792 5227 renovarunt,
2829 5179 2897 5218 ne
2929 5165 3008 5218 sic
3049 5165 3272 5234 quidem
3304 5167 3399 5222 ditt
3439 5169 3676 5224 duratu-

2100 5267 2244 5306 runt.
2275 5252 2353 5306 Ac
2378 5251 2536 5325 £01
2571 5253 3004 5325 Carthaginiensi
3058 5255 3202 5311 bello
3253 5259 3444 5322 dilato,
3475 5258 3677 5314 Sardos

2098 5345 2245 5398 dicto
2277 5361 2386 5400 non
2417 5347 2702 5401 audientes
2733 5348 2907 5401 adorti
2955 5349 3201 5403 vicerunt
3235 5365 3248 5401 :
3281 5353 3375 5421 qui
3408 5351 3608 5406 deinde
3641 5363 3673 5406 a

1613 5508 1814 5569 Variae
1851 5505 2154 5582 lectiones
2200 5513 2260 5568 et
2294 5513 2480 5568 notae.

488 5657 602 5736 (ἓξ)
631 5661 738 5736 Καὶ
767 5659 1098 5736 Σαρδόνιοι.
1144 5665 1222 5736 lla
1272 5680 1403 5719 mss.
1462 5665 1684 5736 Begtet
1730 5661 1989 5736 Colh._At
2095 5671 2308 5736 serunt,
2365 5663 2460 5716 sed
2509 5661 2739 5716 Romani
2784 5671 2838 5717 et
2870 5664 3159 5732 pechniam
3183 5672 3241 5724 et.
3272 5660 3440 5736 ipsam
3483 5667 3674 5723 sardi.

419 5729 969 5804 lV'ttliius‘legendutu
1018 5735 1281 5790 censebat
1343 5729 1568 5804 Σαρδώῖ
1590 5735 1780 5804 Neque
1815 5733 1985 5792 enim,

415 5801 614 5872 inquit,
643 5801 801 5856 Sardi
827 5819 854 5857 a
887 5801 1438 5876 Carthaginiensibus
1463 5801 1751 5879 pecunia—nt
1808 5813 1987 5857 extor-

2097 5732 2267 5784 niam.
