4060 6398
400 327 506 391 08'!

1672 325 2000 389 IOANNIS
2039 323 2364 404 20mm

3573 326 3683 392 688

400 437 944 508 Carthaginiensibus
967 437 1105 494 clam
1122 436 1190 493 ad
1222 435 1580 493 rebellionem
1606 435 1817 492 incitati
1847 444 1996 491 sunt.

2107 437 2405 508 φροντίσας
2457 435 2768 508 ἐπολέμησε
2813 436 2925 500 τοῖς
2980 433 3262 506 Κυρνίοις,
3311 433 3422 500 ἕως
3485 437 3684 495 αὐτοὺς

402 533 736 589 Defecerunt
760 541 818 588 et
844 531 998 587 Corsi
1037 547 1050 585 :
1088 545 1191 586 nec
1217 529 1449 602 Ligures
1488 529 1848 600 quieverunt.
1886 528 1989 584 Se-

398 625 595 697 quenti
625 640 775 680 anno
829 623 1064 678 Romani
1119 622 1296 693 copiis
1352 621 1620 677 trifariam
1667 621 1879 685 divisis,
1930 630 1993 678 ut

400 717 594 773 hostes
619 715 787 771 simul
832 715 976 770 bello
1021 713 1292 779 infestati,
1339 714 1544 768 auxilia
1574 712 1811 769 invicem
1847 712 1993 769 ferre

401 826 514 872 non
549 819 798 880 possent,
823 807 1208 864 Posthumium
1237 807 1498 863 Albinum
1531 806 1585 860 in
1627 805 1993 878 Ligusticum,

401 899 502 972 Sp.
554 899 856 957 Carvilium
906 908 1099 955 contra
1163 896 1388 964 Corsos,
1448 897 1504 951 in
1561 896 1871 952 Sardiniam
1930 896 1992 952 P.

401 994 724 1052 Cornelium
771 991 986 1048 aedilem
1035 992 1330 1048 miserunt.
1368 991 1639 1048 Consules
1670 991 1802 1046 licet
1847 990 1996 1046 haud

403 1085 546 1142 citra
575 1084 844 1150 laborem,
873 1084 1013 1139 citra
1059 1099 1268 1139 moram
1319 1092 1502 1138 tamen
1542 1083 1801 1140 mandata
1843 1099 2000 1141 exse-

403 1178 517 1234 cuti
551 1185 700 1232 sunt.
739 1176 944 1232 Sardos
972 1176 1112 1231 nihil
1151 1175 1430 1232 modicum
1471 1175 1675 1232 animis
1707 1177 1998 1248 agitantes,

403 1271 680 1327 Carvilius
719 1271 926 1341 ingenti
955 1270 1148 1340 praelio
1178 1271 1420 1338 subegit.
1451 1270 1749 1327 Cornelius
1767 1273 1918 1327 enim
1946 1281 2004 1328 et

409 1365 568 1420 multi
599 1364 804 1420 milites
838 1363 1033 1419 morbo
1062 1364 1367 1434 perierunt.
1415 1363 1683 1420 Romanis
1714 1363 2002 1436 digressis,

407 1458 568 1515 Sardi
614 1466 672 1511 et
725 1455 957 1527 Ligures
1028 1457 1099 1512 de
1175 1457 1390 1528 integro
1459 1455 1804 1514 defecerunt.
1863 1457 2007 1512 Con-

398 1560 490 1606 tra
581 1549 816 1621 Ligures
893 1549 1096 1605 missus
1174 1558 1260 1605 est
1336 1549 1399 1617 ρ.
1459 1549 1664 1606 Fabius
1717 1550 2007 1612 Maximus,

389 1643 462 1696 :in
507 1641 831 1697 Sardiniam
888 1641 1227 1712 Pomponius
1291 1639 1525 1695 Manius.
1591 1639 2011 1713 Carthaginien-

404 1750 534 1801 aes,
620 1742 680 1788 ut
792 1747 986 1787 eorum
1090 1730 1362 1786 bellorum
1456 1742 1734 1798 auctores,
1824 1733 2010 1793 hostes

399 1826 654 1898 iudicati,
731 1824 872 1895 jussi
953 1837 1251 1878 numerare
1319 1822 1634 1893 pecuniam,
1704 1831 1760 1879 et
1832 1825 2011 1880 omni-

405 1917 512 1971 bus
566 1914 763 1971 cedere
823 1911 1042 1978 insulis,
1100 1920 1162 1964 ut
1201 1926 1324 1979 quae
1383 1911 1760 1966 Romanorum
1799 1921 2008 1967 essent.

406 2008 477 2063 Et
505 2014 566 2061 ut
626 2004 957 2060 sententiam
997 2017 1152 2057 suam
1205 2016 1377 2072 magis
1405 2000 1767 2069 declararent,
1795 2004 2008 2059 hastam

409 2098 604 2152 illiset
653 2095 958 2150 caduceum
1013 2094 1303 2158 miserunt,
1343 2094 1568 2165 optione
1626 2095 1774 2162 data,
1822 2109 2009 2154 utrum

405 2188 651 2244 mallent.
775 2185 882 2240 Sed
974 2185 1455 2256 Carthaginienses
1557 2188 1696 2242 nihil
1796 2190 2008 2262 territi,

403 2291 531 2336 tum
597 2277 666 2333 ad
743 2278 850 2332 alia
929 2277 1336 2348 responderunt
1403 2281 1676 2349 asperius,
1765 2289 1880 2336 tum
1949 2295 2009 2336 se

417 2377 683 2425 neutrum
713 2367 853 2422 velle
891 2365 1174 2432 dixerunt,
1224 2368 1320 2422 sed
1366 2367 1500 2422 illud
1549 2369 1805 2424 alacriter
1846 2384 2011 2426 acce-

412 2471 631 2532 pturos,
665 2458 815 2530 quod
852 2457 1016 2528 legati
1069 2457 1444 2528 reliquissent.
1485 2457 1584 2513 llic
1616 2459 1824 2516 mutuis
1860 2460 2008 2516 odiis

408 2549 719 2620 conceptis,
758 2549 942 2603 neutri
971 2549 1176 2603 bellum
1212 2549 1488 2620 auspicari
1516 2557 1647 2604 sunt
1684 2551 1830 2607 ausi.
1863 2552 2008 2606 Con-

408 2652 492 2698 tra
519 2640 725 2696 Sardos
756 2647 942 2694 autem
977 2637 1161 2693 denuo
1194 2639 1618 2704 tumultuantes,
1665 2639 1828 2695 ambo
1858 2655 2004 2697 coss.

406 2736 481 2792 Μ.
505 2735 789 2791 Malleolus
824 2744 881 2789 et
917 2733 988 2788 M.
1037 2732 1512 2803 £1nilius,n1issi,
1560 2749 1812 2805 magnam
1866 2749 2008 2804 pra:—

407 2831 532 2886 dam
559 2836 828 2900 ceperunt
857 2844 872 2882 :
903 2842 1025 2897 qua:
1052 2832 1134 2882 eis
1168 2843 1198 2881 a
1221 2827 1429 2893 Corsis,
1467 2843 1595 2883 eum
1647 2844 1716 2884 eo
1759 2828 2008 2898 appulis-

407 2931 553 2988 sent,
585 2929 673 2976 est
697 2931 908 2990 erepta.
949 2918 1067 2984 Qua
1097 2918 1165 2973 de
1199 2933 1362 2973 causa
1396 2928 1521 2989 post
1551 2919 1784 2974 Romani
1817 2929 2004 2975 utros-

407 3031 517 3088 que
552 3016 892 3069 invaserunt.
925 3010 994 3066 hi.
1022 3010 1382 3079 Pomponius,
1415 3014 1509 3080 qui
1537 3009 1742 3066 Sardos
1774 3010 2003 3065 infesta-

2092 529 2454 601 ἐχειρώσατο.
2489 531 2552 584 οι
2582 529 2640 584 δέ
2681 530 2949 600 Ῥωμαῖοι
2973 527 3036 582 τὸ
3066 527 3512 600 παρασπόνδημα
3541 532 3683 585 άπο-

2093 622 2558 694 προσποιούμενοι
2581 622 2835 693 ἐπεμψαν
2854 623 3036 684 αὐτοῖς
3058 621 3362 684 ἐκδιδόντες
3383 620 3467 676 τὸι
3501 622 3684 677 Κλαύ-

2093 711 2226 767 διον.
2269 713 2357 776 Ὠς
2389 713 2437 766 δ’
2465 715 2568 768 οὐκ
2627 713 2847 785 ἐδέχθη,
2892 713 3170 782 ἐξήλασαν
3223 712 3409 766 αὐτόν.
3449 714 3576 766 Ἐπὶ
3626 713 3684 767 δέ

2096 805 2510 877 Καρχηδονίους
2540 807 2832 878 μέλλοντες
2881 806 3254 878 στρατεύσειν.
3290 805 3366 870 ὠς
3396 809 3511 870 τοῖς
3535 806 3686 874 σφῶν

2097 899 2366 968 ἐμπόροις
2400 898 2862 970 λυμαινομένους,
2900 899 3062 952 τοῦτο
3120 899 3220 970 μέν
3265 898 3368 952 οὐκ
3395 898 3685 968 ἐποίησαν,

2099 990 2362 1061 χρήματα
2405 991 2452 1044 δ’
2480 991 2948 1062 ἐπιπραξάμενοι,
2981 989 3356 1046 ἀνενεώσαντο
3385 989 3483 1054 τὰς
3515 1007 3686 1042 σπον-

2099 1083 2218 1147 δάς⁶
2253 1082 2480 1153 ἔμελλον
2537 1083 2595 1138 δὲ
2655 1084 2780 1154 μηδ’
2837 1078 2914 1148 ὥς
2946 1086 3004 1149 ἐς
3052 1084 3272 1155 μακρὰν
3327 1083 3383 1137 ai
3418 1083 3685 1150 συνθῆκαι

2105 1177 2311 1246 μένειν.
2367 1176 2449 1230 Τὰ
2501 1176 2601 1248 μέν
2634 1171 2730 1231 οὖν
2782 1177 2892 1230 τῶν
2917 1175 3308 1246 Καρχηδονίων
3331 1175 3686 1245 ἀνεδέσλητοο

2104 1269 2197 1323 ἐπὶ
2218 1268 2276 1323 δέ
2291 1267 2420 1333 τοὺς
2445 1269 2771 1341 Σαρδονίους
2798 1268 2875 1340 μὴ
2899 1267 3260 1339 πειθομένους
3280 1267 3466 1326 αὐτοῖς
3487 1264 3689 1336 ἐστρά-

2104 1379 2308 1416 τευσαν
2361 1363 2460 1416 καὶ
2498 1361 2788 1434 ἐνίκησαν.
2821 1361 2982 1416 Μετὰ
3013 1361 3072 1415 δὲ
3107 1359 3280 1415 ταῦτα
3306 1360 3534 1413 ἔπεισαν
3559 1359 3690 1420 τοὺς

2108 1455 2436 1526 Σαρδονίους
2463 1454 2516 1508 οί
2567 1454 2930 1526 Καρχηδόνιοι
2984 1451 3172 1524 κρύφα
3219 1453 3335 1515 τοῖς
3397 1449 3692 1521 Ῥωμαίοις

2109 1548 2504 1619 ἐπαναστῆναι,
2527 1547 2624 1602 καὶ
2651 1547 2866 1611 τούτοις
2884 1547 2935 1600 οί
2959 1545 3185 1619 Κύρνιοι
3203 1545 3690 1616 προσαπέστησαν,

2111 1640 2208 1694 καὶ
2237 1641 2286 1692 οί
2326 1640 2529 1708 Λίγυες
2566 1639 2669 1710 οὐχ
2721 1639 3032 1710 ἡσύχασαν.
3085 1638 3176 1710 Τῷ
3222 1639 3266 1692 δ’
3320 1637 3693 1707 ἐπιγενομένῳ

2114 1731 2226 1784 ἔτει
2253 1729 2422 1800 τριχῆ
2449 1729 2550 1793 τὰς
2582 1729 2846 1800 δυνάμεις
2875 1729 3174 1798 διελόμενοι
3211 1729 3262 1782 οί
3306 1728 3590 1798 Ῥωμαῖοι,
3625 1722 3696 1778 ἶν’

2113 1825 2229 1894 ἅμα
2258 1821 2660 1894 πολεμούμενοι
2683 1823 2891 1886 πάντες
2920 1822 2997 1892 μὴ
3023 1820 3384 1891 συμϐοηθεϊεν
3411 1820 3690 1889 ἀλλήλοις,

2113 1915 2451 1987 Ποστούμιον
2473 1915 2576 1986 μὲν
2599 1915 2836 1970 Ἀλὸῐνον
2866 1914 2948 1978 είς
2978 1914 3078 1983 τὴν
3124 1913 3483 1982 Λιγυστικὴν,
3513 1910 3692 1962 Σπού-

2113 2023 2233 2079 ριον
2281 2007 2340 2061 δέ
2389 2007 2720 2078 Καρουΐλιον
2770 2008 2864 2061 ἐπὶ
2917 2007 3045 2071 τοὺς
3075 2008 3371 2078 Κυρνίους,
3419 2007 3478 2070 ἐς
3509 2005 3690 2075 δὲτὴν

2111 2099 2301 2169 Σαρδὼ
2317 2099 2409 2152 τὸν
2428 2100 2736 2171 ἀστυνόμον
2768 2099 3043 2154 Πούπλιον
3077 2098 3384 2170 Κορνήλιον
3412 2096 3689 2166 ἔπεμψαν.

2111 2191 2221 2246 Kal.
2256 2193 2305 2245 oi
2347 2192 2447 2260 μὲν
2472 2190 2671 2246 ὕπατοι
2705 2193 2806 2246 οὐκ
2837 2191 3056 2253 ἀπόνως
3086 2191 3208 2262 μέν,
3259 2191 3322 2243 ού
3364 2189 3603 2260 βραδέως
3631 2187 3688 2240 δὲ

2107 2285 2179 2336 τὰ
2207 2284 2627 2356 προσταχθέντα
2643 2284 2798 2354 σφίσι
2825 2283 3202 2354 κατέπραξαν.
3232 2282 3370 2346 Τοὺς
3401 2281 3457 2334 δέ
3485 2279 3688 2351 Σαρδο-

2110 2371 2256 2432 νίους
2277 2373 2352 2443 μή
2375 2389 2429 2425 τι
2457 2372 2684 2444 μέτριον
2705 2373 3042 2444 φρονοῦντας
3068 2371 3265 2441 ἰσχυρᾷ
3285 2370 3436 2443 μάχῃ
3457 2369 3696 2440 Καρουΐ-

2108 2463 2223 2528 λιος
2242 2464 2653 2535 κατεστρέψατο
2673 2477 2692 2497 ο
2713 2467 2742 2517 ὀ
2772 2466 2885 2535 γὰρ
2918 2465 3216 2534 Κορνήλιος
3264 2463 3358 2518 καὶ
3388 2463 3499 2516 τῶν
3531 2479 3697 2534 crpu-

2107 2556 2323 2610 τιωτῶν
2378 2556 2564 2610 πολλοὶ
2614 2557 2720 2612 ὑπὸ
2773 2557 2932 2611 νόσου
2963 2556 3304 2629 ἐφθάρησαν.
3387 2557 3540 2609 Ἐπεὶ
3567 2556 3691 2609 δὀί

2119 2650 2384 2720 Ῥωμαῖοι
2406 2650 2470 2703 ἐκ
2486 2648 2587 2720 τῆς
2608 2650 2791 2722 χώρας
2811 2649 2993 2703 αὐτῶν
3013 2649 3432 2720 ἀπηλλάγησαν,
3452 2649 3694 2718 ἀπέστη-

2108 2758 2207 2796 σαν
2238 2742 2397 2806 αὖθις
2450 2744 2500 2796 σί
2534 2743 2815 2815 Σαρδόνιοι
2845 2743 2941 2798 καὶ
2973 2745 3020 2797 oi
3071 2743 3294 2812 Λίγυες.
3321 2744 3550 2806 Κύῖντος
3594 2743 3694 2812 μὲν

2105 2831 2199 2888 οὖν
2225 2832 2426 2895 Φάϐιος
2460 2832 2714 2902 Μάξιμος
2752 2833 3011 2903 ἐπέμφθη
3037 2833 3174 2904 πρὸς
3195 2835 3425 2904 Λίγυας,
3459 2836 3515 2899 ἐς
3540 2834 3598 2888 δέ
3628 2851 3693 2904 γε

2105 2927 2205 2997 τὴν
2232 2925 2421 2998 Σαρδὼ
2454 2926 2782 2997 Πομπώνιος
2808 2928 3038 2990 Μάνιος.
3072 2928 3211 2992 Τούς
3239 2945 3302 2997 γε
3335 2930 3444 3000 μὴν
3474 2931 3696 3001 Καρχη-

2105 3017 2340 3083 δονίους,
2371 3017 2445 3082 ὡς
2477 3019 2686 3084 αἰτίους
2707 3019 2891 3082 αὐτοῖς
2913 3019 3023 3073 τῶν
3047 3019 3302 3091 πολέμων
3332 3021 3515 3090 ὄντας,
3534 3023 3695 3076 πολε-

407 3109 519 3174 bat,
557 3124 682 3164 cum
736 3119 931 3163 eorum
985 3103 1256 3174 plurimos
1304 3103 1360 3157 in
1414 3104 1675 3159 saltuosis
1723 3105 2002 3174 specubus

2108 3107 2267 3180 μίους
2291 3110 2534 3180 ἔκριναν,
2567 3110 2662 3164 καὶ
2691 3110 3014 3181 πέμψαντες
3041 3113 3173 3184 πρδς
3201 3113 3696 3185 αὑτοὺς,χρήματά

408 3203 628 3258 abditos
674 3201 938 3270 indagare
994 3213 1104 3252 non
1160 3205 1368 3265 posset,
1416 3211 1642 3266 sagaces
1705 3213 1870 3252 canes
1935 3215 2003 3254 ex

410 3295 564 3349 Italia
598 3291 893 3349 accersivit
926 3307 940 3344 :
974 3305 1074 3360 per
1103 3304 1313 3358 eosque
1364 3287 1682 3343 tramitibus
1713 3288 2004 3344 hominum

409 3398 467 3441 et
522 3385 797 3454 pecudum
852 3380 1216 3450 investigatis,
1293 3379 1498 3435 multos
1565 3380 1694 3436 inde
1743 3383 2002 3438 extraxit.

409 3478 576 3534 Caius
596 3492 726 3533 vero
762 3475 1014 3545 Papirius
1041 3472 1246 3528 Cursor
1286 3471 1512 3539 planitie
1540 3473 1752 3544 pulsos,
1789 3490 1914 3530 cum
1947 3477 2002 3530 in

411 3580 628 3624 montes
657 3567 949 3638 adegisset,
1000 3581 1102 3636 per
1157 3563 1387 3619 insidias
1420 3566 1626 3621 multos
1668 3569 1852 3622 amisit
1889 3588 1902 3624 :
1949 3579 2006 3624 et

413 3677 528 3732 prie
569 3660 658 3716 siti
711 3659 901 3731 plures
953 3659 1251 3714 amisisset.
1297 3657 1352 3711 ni
1401 3672 1527 3713 sero
1581 3660 1800 3715 tandem
1861 3677 2004 3732 aqua

415 3753 660 3815 inventa,
715 3748 904 3807 Corsis
954 3757 1014 3804 ut
1058 3747 1398 3805 deditionem
1449 3749 1717 3815 facerent,
1775 3768 2003 3822 persua-

414 3846 599 3899 sisset.

2105 3219 2164 3256 τε
2194 3201 2462 3275 ἀπῄτουν,
2503 3204 2596 3258 καὶ
2625 3203 2860 3258 ἁπασῶν
2883 3205 3104 3259 ἐκπλεῖν
3126 3207 3232 3260 τῶν
3254 3207 3434 3277 νήσων
3466 3209 3697 3261 ἐπέτατ-

2106 3314 2224 3362 τον,
2259 3298 2336 3362 ὡς
2367 3299 2554 3362 αὐτοῖς
2607 3299 3008 3372 διαφερουσῶν.
3066 3300 3450 3369 Ἐκφαίνοντες
3504 3303 3562 3357 δέ
3599 3304 3694 3357 καὶ

2106 3392 2209 3460 τὴν
2231 3392 2503 3462 σφετέραν
2531 3391 2796 3458 διάνοιαν,
2829 3393 2960 3464 δόρυ
2990 3394 3178 3456 αὐτοῖς
3204 3395 3551 3460 ἐπέστειλαν,
3599 3395 3696 3449 καὶ

2108 3482 2398 3553 κηρύκιον,
2440 3483 2498 3536 ἓν
2527 3483 2748 3536 ἑλέσθαι
2777 3470 3096 3548 κελεύοντες
3123 3488 3307 3540 ὁποῖον
3331 3486 3396 3540 ἂν
3422 3485 3697 3556 ἐθελήσω-

2111 3591 2218 3628 σιν.
2239 3576 2302 3628 Oi
2324 3575 2402 3641 δέ,
2429 3575 2594 3646 μηδὲν
2620 3575 3056 3646 ὑποπτήξαντες,
3083 3578 3151 3631 τά
3175 3595 3232 3630 τε
3256 3577 3392 3632 ἄλλα
3426 3577 3696 3648 τραχύτε-

2113 3685 2207 3739 ρον
2241 3669 2634 3735 ἁπεκρίναντο,
2675 3669 2770 3722 καὶ
2793 3671 2901 3722 τῶν
2921 3668 3283 3738 πεμφθέντων
3317 3670 3501 3740 σφίσιν
3522 3673 3694 3740 αίρεί-

2116 3761 2239 3814 σθαι
2266 3759 2364 3831 μὲν
2391 3755 2546 3813 εἷπον
2581 3761 2886 3830 οὐδέτερον,
2941 3761 3197 3831 δέχεσθαι
3219 3761 3263 3815 δ’
3297 3763 3531 3832 ἐτοίμως
3560 3761 3694 3815 61:6-

2112 3869 2273 3924 τερον
2299 3851 2740 3922 καταλείψουσιν.
2795 3854 3080 3908 Ἐντεῦθεν
3118 3855 3218 3925 μέν
3272 3855 3498 3925 ἐμίσουν
3528 3855 3695 3925 ἀλλή-

413 3937 563 4002 λους,
591 3934 803 3992 ὤκνουν
831 3937 889 3992 δὲ
935 3937 1177 4008 πολέμου
1225 3934 1624 4006 κατάρξασθαι.
1651 3939 1996 4013 Κινηθέντων
2034 3947 2079 4002 δ’
2145 3943 2304 4011 αὖθις
2329 3945 2439 4000 τῶν
2463 3947 2787 4018 Σαρδονίων,
2825 3948 2912 4002 ἐπ’
2947 3949 3148 4013 αὐτοὺς
3175 3950 3224 4003 οί
3261 3949 3459 4004 ὕπατοι
3527 3951 3699 4023 ἄμφω

397 4029 808 4102 ’ὶσῑράτευσανν
835 4030 1063 4101 Μάρκος
1094 4029 1152 4082 δὲ
1186 4029 1466 4094 Μαλέολος
1520 4030 1615 4084 καὶ
1645 4032 1873 4102 Μάρκος
1901 4039 2189 4110 Δίμίλιοςο
2253 4041 2352 4096 καὶ
2383 4039 2555 4096 πολλὰ
2611 4041 2710 4113 μὲν
2740 4041 2962 4114 λάφυρα
2988 4041 3207 4099 ἐλαδον.
3277 4044 3440 4115 Παρὰ
3498 4045 3555 4098 δέ
3588 4044 3698 4097 τῶν

417 4123 670 4193 Κυρνίων
697 4125 1052 4196 προσχόντες,
1077 4123 1264 4186 αὐτοῖς
1293 4120 1436 4176 αὐτὰ
1467 4123 1848 4196 ἀφῃρέθησαν.
1905 4131 1998 4185 Διὸ
2036 4132 2177 4203 μετὰ
2234 4131 2411 4187 ταῦτα
2435 4133 2524 4187 ἐπ’
2556 4135 2907 4206 ἀμφοτέρους
2971 4136 3020 4188 οἱ
3065 4137 3334 4208 Ῥωμαῖοι
3375 4137 3693 4208 ἐτράποντο·

419 4218 532 4271 Καὶ
566 4219 791 4288 Μάρκος
829 4215 948 4287 ,μέν
985 4214 1314 4286 Πομπώνιος
1345 4213 1616 4284 Σαρδόνας
1664 4216 1780 4288 (25)
1848 4219 2034 4292 ἐφερε,
2077 4224 2172 4278 καὶ
2213 4225 2402 4296 μαθὼν
2455 4226 2583 4292 τοὺς
2631 4226 2885 4290 πλείονας
2917 4226 3099 4281 αὐτῶν
3124 4229 3182 4292 ἐς
3218 4229 3458 4300 σπήλαια
3519 4231 3696 4300 ὑλώδη

420 4315 515 4366 καὶ
568 4310 934 4382 δυσεξεύρετα
967 4309 1330 4376 καταδύντας,
1384 4309 1462 4380 μὴ
1513 4310 1815 4380 δυνάμενός
1877 4331 1937 4367 τε
2002 4316 2204 4383 αὐτοὺς
2271 4321 2475 4392 εὑρεῖν,
2537 4320 2704 4385 κύνας
2764 4324 2829 4375 ἐκ
2886 4323 2986 4394 τῆς
3036 4321 3271 4385 Ἰταλίας
3307 4323 3698 4392 μετεπέμψατο

421 4402 667 4475 εῠρινας,
695 4402 792 4457 xal.
822 4401 892 4455 δι’
925 4402 1151 4456 ἐκείνων
1179 4403 1272 4456 τὸν
1311 4400 1502 4454 ,στίϐον
1537 4403 1643 4456 ,καὶ
1673 4405 1783 4458 τῶν
1831 4406 2138 4478 ἀνθρώπων
2186 4413 2283 4466 καὶ
2344 4414 2454 4469 τῶν
2516 4415 2880 4485 βοσκημάτων
2907 4415 3105 4487 εὑρὼν,
3143 4415 3316 4470 πολλὰ
3367 4394 3694 4485 ἀπετέμετο.

420 4494 586 4557 Γάϊος
614 4494 670 4546 δέ
703 4492 1003 4564 Παπείριος
1038 4494 1103 4546 ἐκ
1145 4493 1245 4564 μὲν
1278 4491 1388 4546 τῶν
1446 4493 1649 4547 πεδίων
1701 4496 1827 4560 τοὺς
1878 4500 2152 4568 Κυρνίους
2207 4504 2492 4573 ἀπήλασε·
2560 4506 2881 4577 βιαζόμενος
2930 4508 2986 4562 δὲ
3056 4508 3194 4578 πρὸς
3225 4509 3290 4562 τὰ
3311 4507 3434 4578 ὅρη,
3469 4511 3698 4578 συχνοὺς

422 4593 483 4658 ἐξ
517 4589 739 4657 ἐνέδρας
762 4586 1025 4654 ἀπέϐαλε.
1063 4589 1284 4651 πλείους
1315 4603 1377 4640 τε
1432 4587 1499 4641 ἂν
1553 4587 1747 4652 ὕδατος
1797 4593 2004 4666 ἀπορίᾳ
2042 4596 2346 4664 ἀπώλεσεν,
2396 4603 2445 4656 εί
2482 4602 2559 4673 μή
2631 4620 2736 4656 που
2800 4601 2948 4674 ὕδωρ
2989 4603 3088 4673 ὀψέ
3124 4618 3256 4656 ποτε
3309 4603 3573 4675 ἀνεφάνη,
3606 4605 3698 4659 καὶ

422 4688 608 4740 ἔπεισε
642 4684 761 4750 τοὺς
790 4683 1062 4756 Κυρνίους
1085 4683 1441 4754 ὁμολογῆσαι.

473 4776 637 4832 .XlX.
663 4776 776 4830 Sub
805 4776 910 4829 hoc
929 4783 1148 4845 tempus
1171 4775 1412 4830 Amilcar
1438 4775 1548 4830 dux
1569 4775 1994 4848 Carthaginien-

2170 4783 2273 4839 16'.
2312 4787 2470 4841 Κατᾶ
2499 4786 2689 4841 τοῦτον
2713 4787 2804 4841 τὸν
2843 4788 3037 4858 χρόνον
3090 4792 3187 4843 καὶ
3217 4790 3487 4858 Ἀμίλκας
3519 4792 3548 4844 ό
3580 4793 3695 4846 τῶν

421 4868 588 4932 cium,
612 4866 679 4920 ab
706 4865 964 4935 Hispanis
991 4865 1174 4920 vietus
1204 4864 1488 4920 occubuit.
1511 4865 1647 4920 Nam
1673 4882 1798 4921 cum
1835 4871 2011 4926 aciem

422 4966 614 5011 contra
644 4969 741 5010 eos
783 4955 1177 5020 instruxisset,
1209 4954 1286 5008 illi
1323 4970 1525 5009 currus
1564 4955 1780 5011 facibus
1809 4970 1864 5014 et
1891 4961 2016 5031 pice

422 5049 617 5120 plenos
649 5057 777 5102 ante
833 5046 996 5118 402
1045 5047 1235 5116 copias
1286 5045 1831 5118 Carthaginiensium
1887 5067 2014 5122 pro-

425 5142 701 5196 duxerunt
739 5157 756 5194 :
788 5155 1029 5211 eumque
1063 5125 1235 5210 prope
1269 5149 1496 5195 ventum
1528 5151 1705 5206 esset,
1731 5144 1799 5198 iis
1822 5143 2016 5200 incen-

424 5236 524 5301 sis,
555 5235 1057 5308 jumentaiucitata
1091 5235 1145 5289 in
1182 5235 1392 5291 rabiem
1414 5245 1706 5307 egerunt:
1746 5253 1925 5308 eaque
1959 5255 2017 5294 re

423 5327 776 5384 adversarios
804 5327 1057 5384 turbatos
1077 5367 1091 5392 ,
1119 5326 1394 5392 divulsos,
1427 5337 1484 5382 et
1520 5329 1579 5382 in
1610 5329 1792 5399 fugam
1821 5346 2012 5385 versos

425 5424 720 5486 assectati,
753 5429 811 5477 et
849 5420 1048 5477 ducem
1076 5429 1133 5476 et
1162 5421 1432 5490 plurimos
1471 5421 1612 5477 alios
1657 5422 2008 5479 ceciderunt.

419 5511 686 5570 Amiicari
733 5524 858 5585 post
897 5514 1214 5570 diuturnam
1244 5513 1566 5569 felicitatem
1601 5517 1668 5568 ad
1704 5515 1854 5570 hunc
1887 5531 2009 5572 meo

2112 4879 2503 4952 Καρχηδονίων
2532 4882 2837 4954 στρατηγὸς
2873 4882 3011 4950 πρὸς
3052 4881 3282 4954 Ἰϐήρων
3306 4884 3553 4955 νικηθεὶς
3577 4884 3703 4936 ἐθα-

2110 4989 2222 5028 νεν.
2260 4973 2871 5046 Ἀντιπαραταξαμένου
2900 4977 3010 5046 γάρ
3032 4975 3240 5044 σφίσιν,
3275 4976 3496 5046 ἁμάξας
3527 4977 3702 5047 δᾴδων

2111 5064 2207 5116 καὶ
2237 5063 2439 5134 πίσσης
2474 5069 2677 5134 μεστὰς
2710 5067 2816 5136 πρὸ
2850 5065 2944 5119 τοῦ
2996 5067 3230 5137 στρατοῦ
3265 5070 3376 5122 τῶν
3419 5069 3704 5140 Καρχηδο-

2112 5155 2243 5210 νίων
2281 5158 2622 5227 προήγαγον,
2659 5162 2750 5212 καὶ
2799 5159 3205 5229 πλησιάσαντες
3241 5160 3459 5232 ἀνῆψαν
3505 5163 3701 5227 αὑτὰς,

2113 5247 2211 5300 καὶ
2239 5247 2307 5300 τά
2357 5246 2588 5302 ἕλκοντα
2640 5249 2812 5313 αὑτὰς
2841 5248 3115 5318 ὑποζύγια
3171 5250 3602 5322 ἐπισπέρχοντες
3622 5249 3704 5304 οἴ-

2121 5356 2384 5410 στρησαν.
2410 5341 2537 5394 Κάκ
2560 5341 2750 5394 τούτου
2776 5342 3262 5412 συνταραχθέντων
3282 5343 3390 5397 τῶν
3416 5341 3700 5406 ἐναντίων,

2116 5430 2564 5486 διασπασθέντων
2589 5451 2648 5487 τε
2678 5433 2775 5488 καὶ
2806 5435 3194 5506 τραπομένων,
3224 5437 3479 5508 ἑπόμενοι
3516 5437 3705 5490 κάκεῖ-

2119 5537 2210 5576 νον
2245 5525 2340 5576 καὶ
2363 5522 2557 5587 ἄλλους
2585 5522 2867 5590 πλείστους
2894 5525 3217 5596 ἐφόνευσαν.
3241 5529 3352 5583 Καὶ
3395 5529 3424 5582 ό
3451 5527 3575 5598 μὲν,
3609 5523 3702 5579 ἐπὶ

1635 5655 1843 5718 Variis
1885 5658 2196 5724 lectiones
2241 5672 2302 5726 et
2340 5673 2528 5728 noue.

497 5772 613 5842 (τε)
653 5771 996 5842 Σαρδῶγας.
1035 5775 1165 5832 Mss.
1184 5789 1380 5833 omnes
1407 5774 1677 5849 Σαρδόνας
1709 5774 1938 5838 habent.
