4060 6392
393 433 504 498 689

1628 429 2033 492 ANNALIUM
2076 431 2218 491 LIB.
2255 431 2418 494 VIII.

3557 429 3661 491 600

396 541 646 593 πλεῖστον
674 538 939 609 ἀνθήσας,
975 536 1153 602 οὕτως
1181 534 1527 606 ἐτελεύτησε.
1562 535 1976 607 Τελευτήσαντα

2082 534 2210 589 dum
2278 533 2597 599 interfecto,
2654 549 2823 605 gener
2879 534 3152 590 Asdrubal
3219 537 3536 596 successit:
3596 557 3662 596 ae

393 632 450 684 δὲ
479 629 643 684 αὐτὸν
681 629 1017 700 ’Δσδρούδας
1051 632 1080 684 ὁ
1107 628 1365 702 Γαμδρδς
1407 627 1698 694 διεδέξατο,
1748 630 1845 682 καὶ
1874 629 1974 697 τῆς

405 722 646 792 Ἰσηρίας
701 721 874 776 πολλά
929 723 1367 794 προσεκτήσατο,
1431 721 1588 776 πόλιν
1622 739 1681 775 τε
1715 723 1774 775 ὲν
1829 721 1970 793 αὐτῇ

395 814 719 884 Καρχηδόνα
749 813 1041 885 ὁμώνυμον
1069 817 1134 886 τῇ
1167 815 1387 885 πατρίδι
1419 813 1622 868 ἔκτισε.
1668 814 1791 867 Τῶν
1817 815 1875 869 δέ
1907 831 1972 884 γε

395 904 628 956 Βοουΐων
651 904 877 958 καὶτῶν
895 903 1071 958 ἄλλων
1098 904 1357 959 Γαλατῶν
1379 904 1552 958 πολλὰ
1575 905 1672 976 μὲν
1691 904 1788 958 καὶ
1813 905 1970 970 ἅλλα,

396 996 682 1059 πλείστους
707 997 764 1050 δὲ
791 996 887 1050 καὶ
919 995 1298 1068 αἰχμαλώτους
1327 997 1675 1063 πωλούντων,
1698 996 1974 1060 δείσαντες

392 1091 442 1142 οἱ
485 1090 746 1159 Ῥωμαῖοι
779 1090 990 1158 μήποτε
1018 1090 1140 1142 κατ’
1171 1089 1352 1144 αὐτῶν
1385 1092 1496 1152 τοῖς
1548 1092 1796 1161 χρήμασι
1839 1090 1974 1162 χρή-

395 1198 614 1243 σωνται,
639 1181 870 1234 ἀπεῖπον
891 1181 1095 1252 μηδένα
1125 1181 1280 1252 ἀνδρὶ
1308 1182 1524 1252 Γαλάτῃ
1551 1182 1676 1252 μήτ’
1706 1182 1972 1252 ἀργύριον

396 1275 532 1344 μήτε
589 1273 810 1342 χρυσίον
868 1273 1096 1329 διδόναι.
1168 1273 1457 1327 Ἐντεῦθεν
1504 1275 1555 1326 oi
1608 1274 1972 1345 Καρχηδόνιοι

395 1364 655 1435 μαθόντες
685 1366 814 1428 τοὺς
838 1365 1080 1430 ὑπάτους
1105 1367 1333 1438 Μάρκον
1353 1366 1602 1437 Αἰμίλιον
1623 1367 1717 1420 καὶ
1743 1367 1972 1438 Μάρκον

403 1458 620 1510 Ἰούνιον
643 1459 722 1520 εἰς
749 1457 846 1527 τὴν
878 1458 1217 1530 Λιγυστικὴν
1246 1458 1588 1528 ἀπάραντας,
1623 1460 1973 1530 παρεσκευά-

391 1550 546 1614 ζοντο
577 1551 654 1614 είς
689 1550 791 1621 τὴν
832 1551 1054 1621 Ῥώμην
1085 1551 1300 1606 ἐλάσαι.
1327 1551 1366 1604 Γ
1370 1552 1570 1604 νόντων
1592 1550 1646 1602 δὲ
1671 1549 1832 1604 τοῦτο
1861 1553 1972 1603 τῶν

391 1643 634 1707 ὑπάτων,
664 1643 762 1698 καὶ
788 1644 875 1696 ἐπ’
903 1645 1102 1708 αὐτοὺς
1130 1643 1326 1715 ἀθρόον
1359 1643 1722 1714 ὡρμηκότων,
1747 1642 1975 1708 ἐξεπλά-

389 1751 589 1803 γησαν,
626 1734 721 1787 καὶ
751 1734 1078 1806 ἀπήντησαν
1103 1735 1291 1798 αὐτοῖς
1313 1736 1388 1798 ώς
1410 1734 1600 1804 φίλιοι.
1625 1735 1886 1790 Κάκεῖνοι
1915 1737 1974 1790 δὲ

2077 628 2265 682 multis
2281 629 2559 698 Hispania:
2589 629 2821 684 urbibus
2853 630 3121 691 subactis,
3147 629 3534 703 Carthaginem
3565 650 3662 704 pa-

2078 719 2194 775 tria:
2224 721 2608 791 cognominem
2642 721 2915 776 condidit.
2941 721 3092 777 Boiis
3123 723 3450 794 exterisque
3491 724 3670 781 Gallis

2074 827 2141 868 ex
2171 814 2492 870 venditione
2517 823 2629 869 tum
2663 815 2894 870 aliarum
2919 830 3130 880 rerum,
3155 823 3270 870 tum
3294 815 3660 886 plurimorum

2073 905 2446 975 captivorum.
2474 921 2725 977 magnam
2759 906 3053 977 pecuniam
3083 905 3443 972 facientibus,
3493 908 3658 964 veriti

2073 997 2332 1071 Rpmani,
2365 1011 2436 1052 ne
2470 996 2540 1053 iis
2572 997 2774 1068 Opibus
2798 1007 2996 1052 contra
3026 1013 3085 1052 se
3117 1006 3433 1061 uterentur,
3470 997 3662 1054 edixe-

2074 1098 2238 1157 runt,
2269 1105 2339 1145 ne
2371 1089 2498 1160 quis
2533 1089 2745 1146 homini
2792 1089 2950 1146 Gallo
2981 1089 3064 1146 vel
3098 1106 3296 1146 aurum
3327 1091 3414 1147 vel
3461 1107 3661 1163 argen-

2075 1191 2192 1237 tum
2233 1182 2418 1238 daret.
2462 1182 2672 1238 Deinde
2710 1183 3199 1254 Carthaginienses
3244 1184 3314 1238 Μ.
3368 1183 3576 1240 ᾹΞιιιὶιίἱ
3605 1196 3661 1241 et

2073 1273 2142 1328 M.
2176 1272 2327 1328 Junii
2369 1273 2424 1328 in
2476 1273 2818 1345 Ligusticum
2851 1275 3204 1346 expeditione
3232 1277 3473 1347 cegnita,
3504 1293 3562 1332 se
3589 1277 3658 1333 ad

2072 1368 2302 1422 Romam
2325 1368 2688 1424 invadendam
2715 1379 3066 1440 paraverunt.
3085 1369 3204 1437 Quo
3219 1372 3472 1428 consules
3495 1372 3658 1426 intel-

2070 1459 2234 1526 lecto,
2272 1476 2340 1516 ex
2383 1461 2684 1531 improviso
2712 1476 2810 1516 eos
2841 1461 3022 1515 adorti
3061 1469 3425 1527 terruerunt,
3465 1470 3524 1516 ut
3559 1477 3662 1532 per

2072 1549 2332 1605 amicitia:
2368 1551 2612 1620 speciem
2646 1551 2729 1605 eis
2763 1551 2988 1605 obviam
3008 1552 3428 1619 egrederentur.
3475 1551 3660 1606 Simu-

2072 1640 2260 1695 larunt
2289 1641 2368 1696 illi
2405 1657 2626 1712 quoque
2657 1658 2849 1697 senon
2899 1653 3090 1697 contra
3138 1642 3263 1696 illbs
3298 1657 3420 1697 esse
3473 1642 3657 1712 profe-

2073 1744 2229 1798 ctos,
2261 1735 2357 1790 sed
2399 1751 2500 1805 per
2546 1750 2739 1790 eorum
2789 1751 2980 1805 agrum
3025 1735 3080 1788 in
3122 1735 3403 1804 Liguriam
3454 1735 3654 1790 ituros.

391 1827 771 1898 ὑπεκρίθησαν
815 1828 900 1881 ὅτι
958 1829 1061 1882 οὐκ
1117 1827 1206 1882 ἐπ’
1245 1827 1488 1892 ἐκείνους
1530 1828 1799 1900 ἀπῄεσαν,
1835 1829 1970 1883 ἀλλὰ

2082 1827 2307 1882 Romani
2337 1827 2462 1882 sinu
2504 1828 2661 1882 Ionio
2696 1829 3026 1882 transmisso
3047 1869 3061 1892 ,
3115 1827 3180 1881 ad
3211 1827 3438 1883 Graecia:
3470 1828 3656 1884 conti-

391 1920 480 1974 διὰ
504 1920 602 1990 τῆς
637 1918 823 1991 χώρας
861 1920 1042 1977 αὐτῶν
1074 1923 1132 1984 ἐς
1171 1922 1299 1986 τοὺς
1331 1922 1564 1989 Λίγυας.
1620 1922 1886 1991 Ῥωμαῖοι
1916 1922 1976 1976 δὲ

2082 1929 2300 1973 neutcm
2340 1918 2444 1974 hac
2487 1919 2568 1973 de
2609 1933 2774 1974 causa
2813 1917 3170 1988 appulerunt.
3221 1917 3330 1972 Issa
3383 1918 3560 1974 insula
3602 1919 3658 1974 in

394 2011 486 2064 τόν
520 2027 577 2064 τε
628 2009 816 2065 Ἰόνιον
851 2012 1290 2084 ἐπεραιώθησαν,
1339 2017 1434 2066 καὶ
1467 2013 1566 2082 τῆς
1611 2014 1841 2084 ἠπείρου
1872 2014 1974 2084 τῆς

393 2103 684 2173 ἑλληνικῆς
761 2104 1008 2174 ἥψαντο·
1077 2105 1351 2178 πρόφασις
1394 2106 1440 2160 δ’
1473 2108 1658 2170 αὐτοῖς
1709 2106 1800 2159 τοῦ
1837 2107 1972 2160 πλοῦ

393 2196 613 2262 ἐγένετο
639 2196 756 2267 ἥδε.
795 2197 950 2250 Ἴσσα
985 2196 1147 2264 νῆσός
1180 2199 1350 2264 ἐστιν,
1381 2201 1440 2252 έν
1473 2198 1551 2270 τῷ
1591 2199 1764 2270 Ἰονίῳ
1787 2199 1973 2270 κόλπῳ

397 2289 646 2359 κειμένη.
681 2291 747 2343 Ol
780 2291 914 2360 γοῦν
947 2291 1152 2363 ταύτης
1181 2293 1425 2348 κάτοικοι
1453 2294 1675 2347 Ἰσσαῐοι
1701 2293 1973 2364 καλούμε-

397 2398 498 2446 νοι,
541 2381 818 2436 ἐθελονταὶ
867 2385 985 2448 τοῖς
1035 2383 1334 2456 Ῥωμαίοις
1355 2385 1811 2457 παραδεδώκασιν
1839 2387 1971 2439 έαυ-

394 2475 542 2540 τοὺς,
571 2475 650 2545 τῷ
674 2477 825 2547 σφῶν
851 2475 1144 2543 κρατοῦντι
1171 2477 1465 2550 ἀχθόμενοι
1494 2477 1729 2549 Ἀχρῶνι
1759 2479 1836 2549 τῷ
1864 2477 1974 2531 τῶν

398 2567 700 2639 Σαρδιαίων
741 2567 991 2640 βασιλεῖ,
1031 2569 1225 2638 γένους
1274 2569 1597 2640 Ἰλλυρικοῦ.
1650 2569 1794 2640 Πρὸς
1833 2569 1892 2624 ὃν
1921 2571 1972 2624 οί

396 2661 594 2715 ὕπατοι
643 2661 902 2734 πρέσϐεις
955 2661 1231 2733 ἔπεμψαν.
1285 2662 1532 2716 Ἐκείνου
1561 2663 1620 2717 δὲ
1651 2662 1972 2728 τεθνεῶτος,

395 2755 488 2806 ἐπὶ
538 2755 640 2826 υίῷ
679 2755 909 2827 διαδόχῳ
951 2755 1106 2808 παιδὶ
1150 2754 1231 2808 ἔτι
1281 2756 1319 2824 ἡ
1349 2754 1560 2808 ἐκείνου
1593 2755 1756 2825 γυνὴ,
1790 2755 1886 2809 τοῦ
1917 2756 1975 2810 δὲ

399 2847 586 2911 παιδὸς
610 2850 868 2920 μητρυιὰ,
900 2847 1001 2918 τὴν
1029 2847 1139 2901 τῶν
1171 2845 1475 2918 Σαρδιαίων
1495 2845 1606 2916 (26)
1643 2847 1851 2900 διεῖπεν
1873 2848 1974 2918 ἀρ·

396 2937 594 3010 χήνοῆ
627 2940 740 3002 τοῖς
787 2938 1088 3011 πρέσϐεσιν
1131 2937 1289 2992 οὐδὲν
1343 2937 1567 3009 μέτριον
1603 2939 1969 3009 ἐχρημάτισε.

402 3030 964 3102 Ιιαρῤησιασαμένους
999 3029 1055 3083 δὲ
1091 3030 1218 3092 τοὺς
1253 3029 1355 3098 μὲν
1391 3028 1572 3100 ἔδησε,
1613 3031 1741 3093 τοὺς
1779 3027 1836 3081 δὲ
1864 3031 1975 3082 ἁπ-

398 3121 628 3177 ἑκτεινε.
675 3121 797 3175 Τῶν
847 3121 906 3174 δὲ
949 3120 1240 3192 Ῥωμαίων
1291 3120 1532 3190 πόλεμον
1575 3119 1975 3192 ψηφισαμένων

2079 2012 2235 2066 Ionio
2274 2012 2402 2067 sinu
2436 2012 2543 2065 sita
2581 2020 2667 2066 est
2699 2027 2714 2064 :
2761 2011 2920 2080 cujus
2970 2010 3162 2065 incolae
3205 2010 3351 2064 ls$azi
3394 2011 3662 2067 Romanis

2081 2107 2226 2160 ultro
2259 2120 2317 2160 se
2346 2103 2700 2166 dediderunt,
2735 2117 2836 2157 suo
2857 2102 3083 2157 domino
3112 2102 3314 2171 Agroni
3360 2102 3664 2158 Sardiano-
3740 2173 3742 2176 ν

2079 2213 2198 2252 rum
2235 2197 2372 2266 regi.
2407 2195 2591 2268 gentis
2617 2195 2853 2264 Illyrica:
2912 2193 3060 2248 irati.
3103 2192 3183 2248 Ad
3231 2209 3357 2248 eum
3403 2196 3666 2253 consules

2075 2289 2288 2359 legatos
2315 2288 2608 2344 miserunt.
2636 2285 2742 2343 Sed
2786 2288 2880 2342 illo
2906 2298 3126 2341 mortuo
3152 2326 3167 2342 .
3196 2286 3309 2342 filio
3337 2288 3520 2343 adhuc
3555 2291 3662 2344 im-

2079 2382 2209 2452 pubi
2256 2379 2476 2436 haerede
2517 2379 2752 2442 relicto,
2815 2395 2954 2434 uxor
2995 2381 3116 2450 ejus
3163 2383 3319 2450 pueri
3376 2398 3612 2438 noverca
3643 2425 3668 2449 ν

2077 2473 2476 2529 Sardiauorum
2505 2470 2804 2541 imperium
2851 2469 3287 2535 administravit,
3339 2487 3442 2526 nec
3486 2473 3661 2527 ullum

2073 2579 2307 2634 aequume
2331 2564 2528 2634 legatis
2561 2577 2888 2633 responsum
2921 2561 3097 2617 dedit.
3125 2560 3228 2628 Qui
3268 2578 3391 2617 cum
3427 2564 3661 2620 liberius

2075 2655 2246 2710 locuti
2274 2661 2483 2716 essent,
2511 2653 2650 2709 alios
2680 2651 2905 2716 occidit,
2925 2651 3063 2706 alios
3087 2651 3281 2704 vinxit.
3311 2651 3448 2707 Cum
3473 2665 3659 2709 autem

2077 2743 2312 2799 Romani
2336 2742 2542 2798 bellum
2556 2741 2607 2796 ei
2627 2741 3028 2805 decrevissent,
3059 2739 3274 2806 territa,
3293 2751 3417 2796 sect
3436 2742 3488 2795 in
3509 2742 3634 2798 colu

2076 2854 2193 2894 mes
2208 2839 2420 2910 legatos
2450 2837 2792 2894 reddituram
2820 2834 3138 2906 pollicetur.
3174 2843 3232 2891 et
3260 2843 3512 2890 mortuos
3539 2833 3664 2887 ala-

2076 2933 2330 2989 tronibus
2352 2947 2474 2988 esse
2499 2946 2670 2987 cazsos
2691 2931 2788 2986 ait.
2815 2928 3079 2984 Romanis
3109 2944 3241 2984 vero
3267 2926 3501 2983 cmdium
3529 2941 3664 2979 auc-

2079 3035 2224 3082 tores
2267 3025 2654 3097 poscentibus,
2690 3038 2870 3094 neque
2905 3037 2964 3077 se
2991 3035 3325 3092 quemquam
3345 3018 3662 3073 dedituram

2075 3136 2201 3177 esse.
2221 3119 2384 3184 dixit,
2410 3127 2466 3174 et
2492 3118 2663 3173 Issam
2685 3114 2996 3172 exercitum
3023 3114 3200 3170 misit.
3227 3112 3438 3168 Deinde
3470 3127 3665 3166 rursus

399 3213 557 3282 αὐτῇ,
587 3211 918 3283 κατέπτηξε,
959 3212 1055 3266 καὶ
1082 3211 1209 3276 τούς
1242 3229 1303 3266 τε
1343 3213 1686 3284 σωζομένους
1713 3213 1820 3266 τῶν
1847 3213 1978 3285 πρέ-

2082 3213 2300 3274 territa.
2330 3210 2669 3267 Demetrium
2699 3209 2768 3263 ad
2795 3207 3053 3263 consules
3083 3206 3254 3264 misit.
3282 3214 3540 3274 tanquam
3568 3218 3666 3273 per

402 3304 576 3356 σϐεων
609 3301 909 3357 ἀποδώσειν
944 3303 1234 3374 ὑπέσχετο,
1269 3306 1367 3358 καὶ
1399 3305 1526 3366 τοὺς
1569 3303 1832 3366 θανόντας
1861 3303 1976 3356 ἔλε-

401 3412 496 3463 γεν
527 3394 634 3449 ὑπὸ
653 3395 867 3468 λῃστῶν
895 3396 1282 3467 πεφονεῦσθαι.
1317 3397 1438 3451 Τῶν
1458 3397 1515 3450 δὲ
1550 3396 1836 3469 Ῥωμαίων
1851 3397 1978 3461 τοὺς

401 3487 728 3559 αὐτόχειρας
751 3488 1219 3561 ὲξαιτησαμένων,
1252 3487 1377 3543 οὔτε
1403 3489 1529 3544 τινὰ
1560 3489 1821 3544 ἐκδώσειν
1847 3490 1974 3561 ἔφη,

403 3581 496 3635 καὶ
517 3581 608 3636 ἐπὶ
633 3581 733 3653 τὴν
765 3582 953 3637 Ἴσσαν
1001 3582 1208 3636 ἔστειλε
1242 3582 1579 3653 στράτευμα.
1635 3581 1770 3644 Εἶτα
1819 3581 1979 3646 αὖθις

403 3673 647 3737 δείσασα,
699 3676 1014 3746 Δημήτριόν
1041 3691 1165 3728 τινα
1197 3673 1340 3746 πρὸς
1389 3674 1518 3738 τοὺς
1547 3674 1788 3737 ὑπάτους
1815 3673 1984 3745 έπεμ-

407 3765 521 3833 ᾇεν,
573 3766 647 3830 di;
699 3767 892 3838 ἑτοίμη
949 3767 1088 3838 πρὸς
1128 3767 1238 3820 πᾶν
1265 3765 1578 3820 ὑπακοῦσαι
1622 3765 1827 3822 αὐτῶν.
1871 3767 1983 3819 Καὶ

407 3856 632 3911 σπονδαὶ⁵
669 3860 808 3928 πρὸς
836 3860 932 3914 τὸν
972 3858 1297 3930 πεμφθέντα
1323 3860 1594 3928 ἐγένοντο,
1639 3859 1740 3928 τὴν
1766 3859 1984 3928 Κέρκυ-

411 3965 510 4016 ραν
543 3949 726 4013 αὐτοῖς
749 3952 1187 4024 παρασχόμενον.
1234 3951 1358 4004 Τῶν
1399 3951 1458 4005 δὲ
1487 3951 1625 4022 πρὸς
1679 3952 1778 4021 τὴν
1823 3955 1985 4021 νῆσον

411 4045 852 4114 περαιωθέντων,
880 4045 1252 4117 ἀνεθάρσησεν
1277 4039 1453 4111 αὖθις,
1483 4039 1573 4099 οἵα
1605 4045 1746 4116 γυνὴ
1778 4045 1987 4115 κούφην

409 4136 611 4204 ἔχουσα
642 4135 890 4206 γνώμην,
917 4137 1012 4192 καὶ
1047 4135 1438 4207 εὐμετάϐολον,
1467 4135 1563 4190 καὶ
1601 4136 1738 4207 πρὸς
1761 4137 1987 4191 Ἐπίδα-

411 4243 543 4294 μνον
573 4227 666 4280 καὶ
712 4227 1080 4282 Ἀπολλωνίαν
1127 4227 1409 4298 ἐξέπεμψε
1444 4228 1728 4298 στρατιάν.
1767 4227 1890 4282 Τῶν
1931 4226 1989 4280 δὲ

415 4317 708 4388 Ῥωμαίων
740 4319 839 4384 τὰς
872 4320 1057 4384 πόλεις
1089 4338 1148 4374 τε
1173 4318 1521 4392 ρυσαμένων,
1554 4319 1652 4373 καὶ
1702 4319 1862 4373 πλοῖα
1889 4320 1986 4374 αὐ-

408 4411 508 4482 τῆς
541 4413 926 4484 κατασχόντων
974 4413 1118 4484 μετά
1171 4412 1476 4485 χρημάτων
1521 4414 1586 4467 ὲκ
1608 4412 1990 4484 Πελοπονήσου

413 4505 810 4572 προσπλέοντα,
838 4505 1034 4560 καὶτὰ
1083 4505 1259 4576 χωρία
1305 4503 1740 4576 πορθησαμένων
1791 4503 1862 4557 τὰ
1895 4505 1995 4556 πά-

411 4597 571 4665 ραλα,
604 4599 698 4652 καὶ
724 4596 820 4651 τοῦ
845 4597 1165 4668 Δημητρίου
1195 4597 1286 4650 διὰ
1305 4599 1406 4668 τὴν
1435 4596 1746 4667 ἐμπληξίαν
1769 4595 1979 4666 ἐκείνης

2091 4589 2526 4647 Atheniensibus
2553 4601 2776 4659 quoque
2811 4584 3080 4648 amicitia,
3118 4582 3347 4638 civitate
3371 4579 3583 4643 donati,
3616 4589 3674 4634 et
3774 4621 3776 4623 .

410 4690 546 4757 πρὸς
588 4689 898 4760 Ῥωμαίους
934 4686 1359 4760 μεθεστηκότος,
1393 4689 1489 4742 καὶ
1513 4687 1708 4752 ἄλλους
1745 4689 1988 4760 αὐτομο-

406 4782 573 4851 λῆσαι
627 4780 977 4846 πεπεικότος,
1032 4779 1370 4852 κατέπτηξε,
1409 4780 1513 4836 καί⁵
1559 4781 1833 4852 ἀπέσχετο
1888 4780 1989 4851 τῆς

407 4874 604 4943 ἀρχῆς,
633 4875 727 4927 καὶ
763 4874 863 4941 τὴν
892 4874 993 4945 μὲν
1032 4875 1062 4927 ό
1092 4873 1427 4944 Δημήτριος,
1460 4873 1538 4937 ώς
1567 4873 1645 4944 τῷ
1673 4873 1828 4927 παιδὶ
1865 4874 1988 4927 ἑπι-

407 4966 725 5034 τροπεύσων
753 4967 990 5038 εἰλήφει.
1019 4967 1084 5020 Οί
1113 4965 1170 5020 δὲ
1209 4965 1473 5036 Ῥωμαῖοι
1499 4965 1588 5020 διὰ
1612 4965 1788 5020 ταῦτα
1835 4967 1990 5038 παρὰ

411 5059 718 5128 Κορινθίων
743 5057 1114 5130 ἐπῃνέθησαν,
1144 5058 1241 5111 καὶ
1279 5055 1374 5112 τοῦ
1401 5057 1682 5127 Ἰσθμικοῦ
1728 5058 1991 5128 μετέσχον

409 5151 638 5217 ἀγῶνος.
676 5149 790 5203 Καὶ
846 5149 1062 5203 στάδιον
1098 5150 1156 5202 ὲν
1209 5147 1360 5217 αὐτῷ
1392 5147 1422 5201 ό
1450 5145 1694 5208 Πλαῦτος
1742 5145 1987 5217 ἐνίκησε.

410 5244 520 5296 Καὶ
567 5242 704 5313 πρὸς
753 5241 1075 5313 Ἀθηναίους
1105 5241 1164 5295 δὲ
1216 5241 1400 5309 φιλίαν
1430 5239 1858 5309 ἐπεποιήκεσαν,
1891 5239 1988 5290 καὶ

406 5335 507 5403 τῆς
537 5333 815 5398 πολιτείας
867 5333 1045 5404 σφῶν,
1100 5333 1210 5388 τῶν
1240 5349 1302 5386 τε
1331 5331 1650 5401 μυστηρίων
1701 5329 1985 5401 μετέσχον.

409 5429 480 5480 Τὸ
509 5428 553 5479 δ’
582 5426 883 5495 Ἰλλυρικὸν
940 5427 1114 5496 ὄνομα
1146 5425 1318 5478 πάλαι
1369 5423 1468 5494 μὲν
1495 5424 1553 5475 ὲν
1577 5421 1761 5484 ἄλλοις
1793 5420 1988 5474 ἐπεκέ-

408 5522 597 5592 κλητο,
625 5519 751 5574 ὕστε
763 5537 854 5590 ρον
894 5519 953 5573 δὲ
981 5521 1038 5582 ἐς
1061 5518 1160 5590 τὴν
1190 5517 1303 5572 ἀνω
1334 5513 1710 5587 μεταϐέὸηκεν
1735 5513 1984 5584 ἧπειρον.

2077 3307 2263 3362 omnia
2314 3320 2526 3362 morem
2575 3304 2658 3359 eis
2694 3309 2940 3373 gestura.
2985 3301 3053 3355 Et
3084 3315 3187 3370 pax
3231 3298 3374 3353 facta
3419 3310 3501 3353 est
3535 3311 3665 3350 eum

2077 3397 2286 3467 legato,
2341 3394 2578 3466 Corcyra
2613 3393 2682 3448 ab
2719 3407 2788 3446 eo
2835 3398 3078 3460 accepta.
3112 3388 3218 3444 Sed
3261 3403 3386 3444 cum
3434 3386 3680 3442 Romani-

2080 3489 2148 3542 ad
2223 3485 2458 3542 insulam
2511 3483 2862 3556 traiecissent
2895 3521 2910 3546 ,
2970 3485 3254 3548 resumpta
3306 3477 3507 3532 fiducia
3539 3516 3564 3542 ,.
3605 3485 3677 3530 ut

2083 3582 2284 3636 mulier
2343 3579 2452 3636 levi
2524 3588 2582 3634 et
2665 3575 2922 3634 mutabili
2991 3572 3230 3644 prmdita
3282 3568 3540 3641 ingenio,
3599 3568 3675 3622 ad

2083 3675 2450 3745 Epidamnum
2511 3680 2567 3727 et
2607 3670 2960 3741 Apolloniam
3021 3666 3174 3722 misit
3215 3665 3513 3720 exercitus.
3565 3663 3670 3719 Ve.

2084 3782 2208 3822 rum
2245 3767 2376 3835 quia
2421 3762 2659 3820 Romani
2696 3762 2766 3816 iis
2807 3760 3041 3816 urbibus
3076 3757 3364 3819 liberatis,
3410 3756 3670 3824 illiusque

2088 3857 2325 3911 navibus
2366 3869 2492 3910 cum
2525 3855 2760 3924 pecunia
2791 3867 2859 3906 ex
2887 3851 3232 3919 Pe|0poneso
3254 3847 3415 3919 503
3442 3847 3670 3900 venien-

2089 3950 2272 4014 tibus,
2303 3947 2513 4017 captis,
2557 3959 2712 4000 oram
2746 3942 3085 3999 maritimam
3120 3942 3447 3996 vastabant:
3477 3941 3672 3994 Deme.

2089 4046 2230 4101 trius
2263 4050 2451 4098 autern
2483 4041 2554 4096 ob
2576 4038 2919 4095 mulierculae
2945 4036 3263 4091 vecordiam
3289 4037 3358 4088 ad
3392 4034 3673 4088 Romanos

2088 4149 2149 4190 se
2187 4132 2533 4193 contulerat,
2580 4127 2772 4184 multis
2804 4125 3104 4195 transfugis
3135 4139 3326 4181 secum
3359 4122 3616 4178 adductis
3649 4138 3666 4176 :

2090 4224 2307 4293 abjecto
2341 4222 2548 4286 animo,
2581 4218 2814 4289 imperio
2843 4217 3134 4280 abstinuit,
3167 4213 3316 4285 quod
3349 4213 3671 4268 Demetrius

2095 4314 2298 4370 tutorio
2336 4311 2562 4367 nomine
2600 4309 2864 4380 suscepit.
2911 4307 3026 4362 Hac
3065 4308 3134 4363 de
3161 4321 3325 4361 causa
3375 4305 3606 4381 Romani
3639 4321 3671 4359 ο

2091 4405 2394 4464 Corinthiis
2421 4403 2631 4460 laudati
2684 4411 2850 4466 sunt,
2884 4405 2958 4456 'et
3007 4400 3074 4455 ad
3129 4397 3453 4461 Isthmiaeos
3510 4396 3672 4453 ludos

2094 4497 2343 4562 admissi,
2365 4496 2422 4551 in
2450 4495 2654 4567 quibus
2681 4493 2907 4549 Plautus
2933 4490 3168 4546 stadium
3193 4489 3347 4544 vicit.
3381 4488 3518 4542 Inita
3541 4501 3668 4542 eum

2089 4684 2159 4740 ad
2198 4683 2355 4738 initia
2392 4690 2526 4738 sunt
2569 4677 2820 4734 admissi.
2876 4675 3075 4748 Illyrici
3124 4687 3326 4728 nomen
3362 4672 3494 4727 olim
3549 4671 3674 4725 aliis

2091 4778 2233 4834 locis
2269 4775 2626 4830 attributum.
2661 4781 2787 4842 post
2817 4772 2874 4826 iu
2908 4768 3256 4839 superiorem
3289 4766 3670 4821 continentem

2093 4886 2259 4941 supra
2291 4866 2663 4923 Macedoniam
2691 4874 2748 4920 et
2777 4863 3072 4918 Thraciam
3103 4902 3118 4925 ,
3155 4860 3303 4915 intra
3336 4858 3584 4914 “armum
3619 4867 3674 4913 et

2095 4961 2402 5030 Rhodopen
2430 4957 2684 5013 transiit:
2717 4957 2934 5026 sitaque
2962 4963 3047 5010 est
3077 4952 3257 5026 Illyria
3281 4952 3337 5006 in
3371 4950 3553 5005 medio
3579 4949 3673 5002 bo-

2097 5071 2219 5110 rum
2254 5052 2524 5108 montium
2547 5062 2604 5105 et
2629 5050 2872 5119 Alpium,
2896 5056 2954 5104 et
2983 5049 3126 5102 intra
3154 5045 3398 5100 Ilaatuum
3425 5041 3673 5105 ﬂuvium,

2091 5155 2148 5201 et
2183 5145 2420 5208 Istrum,
2463 5156 2637 5211 usque
2677 5139 2747 5194 ad
2798 5139 3038 5193 Pontum
3092 5135 3366 5189 Euxinum
3399 5149 3415 5186 :
3465 5129 3675 5184 alicubi

2091 5237 2257 5293 etiam
2303 5235 2446 5289 ultra
2472 5234 2670 5289 Istrum
2703 5239 2988 5300 evagatur.
3031 5229 3170 5283 Cum
3211 5222 3510 5294 aliquando
3558 5223 3667 5276 Ro-

2095 5330 2275 5384 manis
2304 5326 2592 5382 oraculum
2629 5333 2778 5379 esset
2811 5322 3109 5384 redditum,
3141 5318 3363 5374 Graecos
3404 5323 3459 5368 et
3488 5313 3676 5370 Gallos

2095 5417 2286 5472 urbem
2306 5423 2698 5483 occupaturos.
2723 5410 2865 5465 duos
2902 5407 3090 5462 Gallos
3113 5413 3170 5460 et
3213 5402 3428 5458 totitem
3452 5399 3672 5456 Graecos

2097 5511 2386 5578 utriusque
2409 5521 2573 5562 sexus
2598 5504 2653 5558 in
2678 5501 2860 5559 medio
2876 5500 2998 5554 foro
3021 5499 3176 5552 vivos
3207 5494 3538 5550 defoderunt
3563 5511 3578 5550 :
3615 5503 3678 5549 ut

1606 5666 1815 5729 Variae
1845 5665 2157 5728 lectiones
2200 5671 2262 5724 et
2303 5669 2493 5723 noun.

479 5827 592 5892 (26)
629 5825 981 5894 Σαρδιιιίων.
1035 5824 1112 5878 Ita
1143 5838 1274 5877 mss.
1309 5823 1444 5892 Reg.
1478 5830 1533 5894 et
1567 5819 1724 5894 Colb.
1754 5825 1817 5894 at
1842 5778 2012 5871 Πρη-Δ

410 5888 510 5956 τὲυ.
540 5888 787 5957 Valesius
820 5895 888 5953 ad
925 5895 1118 5953 Dionis
1153 5888 1438 5964 Excerpta,
1489 5890 1777 5962 Ἀρδιαίων
1804 5888 1992 5959 legen-

2097 5815 2227 5868 dum
2255 5812 2530 5868 observat.
2590 5825 2654 5862 ex
2714 5806 3005 5870 Strabone,
3041 5807 3134 5861 lib.
3189 5820 3287 5869 vn,
3341 5799 3678 5873 Appianoin

2101 5885 2337 5954 Illyrico,
2357 5891 2418 5938 ‘et
2453 5881 2766 5948 Stephano-
