4060 6410
365 389 466 450 ίῗυί

1627 401 1956 464 JOANNIS
1981 401 2304 461 ΖΟΝΑΒᾸΕ

3527 391 3634 454 6θέ

371 502 445 555 ila
499 501 623 556 latis
672 502 1014 560 satisfactum
1050 521 1173 560 esse
1201 546 1214 570 ,
1250 506 1435 577 itaque
1465 507 1691 576 defossi,
1732 519 1943 582 partem

2063 512 2143 565 (οὶ
2179 511 2322 582 ὑπὲρ
2339 510 2440 582 τὴν
2459 486 2826 572 Μακεδονίαν,
2857 508 2957 576 τήν
2985 523 3044 560 τε
3076 505 3324 601 epam"
3345 503 3442 575 τήν
3481 505 3636 601 ἐντὸς

369 593 523 646 urbis
547 593 785 663 aliquam
813 603 1003 650 tenere
1031 595 1374 655 viderentur.
1407 597 1565 655 Sardi
1595 611 1917 673 perpetuam

367 681 599 739 Romani
627 687 878 754 praetoris
929 689 1278 757 praesentiam
1331 706 1473 762 aegre
1524 693 1787 762 ferentes,
1849 709 1940 751 sc—

366 775 628 830 ilitionem
653 787 946 832 moverunt
979 797 991 833 :
1019 780 1115 834 sed
1143 781 1326 837 denuo
1353 784 1568 841 subacti
1596 795 1747 842 sunt.

2047 601 2143 654 τοῦ
2167 603 2363 672 Αἴμου,
2388 599 2485 655 καὶ
2511 600 2612 671 τήν
2633 599 2770 668 πρὸς
2793 599 2860 668 τῇ
2892 596 3145 668 Ῥοδόπη,
3177 595 3272 649 καὶ
3301 593 3450 648 ἐστιν
3478 595 3536 647 ἐν
3557 595 3637 667 τῷ

2055 696 2210 766 μέσῳ
2253 694 2460 748 τούτων
2497 692 2608 748 τῶν
2666 691 2809 763 ὀρῶν
2863 692 2961 745 καὶ
3015 689 3122 742 τῶν
3155 687 3420 752 Ἀλπίων,
3452 687 3546 741 τοῦ
3577 705 3637 740 τε

2055 790 2230 861 Αἵμου
2289 788 2538 860 ποταμοῦ
2593 787 2728 858 (27),
2774 785 2871 841 καὶ
2926 784 3022 839 τοῦ
3071 785 3288 854 Ἴστρου
3339 783 3503 854 μέχρι
3541 780 3638 834 τοῦ

368 871 620 935 Εὐξείνου
657 873 885 936 Πόντου,
918 873 1011 926 καί
1053 893 1128 946 τπι
1175 877 1269 930 καὶ
1309 879 1567 933 ἐπέκεινα
1597 882 1692 934 τοῦ
1767 883 1981 954 Ἴστρου
2023 884 2270 954 νέμεται.
2327 885 2525 952 Λογίου
2559 883 2616 938 δέ
2685 898 2815 935 ποτε
2861 881 2976 941 τοῖς
3023 877 3321 947 Ῥωμαίοις
3368 875 3636 938 ἐλθόντος,

366 961 459 1013 καὶ
486 962 758 1033 ’Έλληνας
806 963 901 1018 καὶ
933 964 1181 1031 Γαλάτας
1213 969 1274 1022 τὸ
1316 971 1454 1024 ἄστυ
1503 974 1942 1044 καταλήψεσθαι,
1985 978 2221 1032 Γαλάται
2281 976 2391 1030 δύω
2425 977 2521 1030 καὶ
2592 974 2852 1047 ’Έλληνες
2885 972 3068 1042 ἕτεροι
3093 970 3158 1024 ἐκ
3192 987 3251 1024 τε
3286 968 3380 1022 τοῦ
3407 968 3638 1038 ἄρρενος

367 1055 463 1110 καὶ
491 1057 587 1110 τοῦ
616 1060 809 1128 θήλεος
841 1064 1268 1132 γένουςζῶντες
1289 1068 1346 1122 ὲν
1391 1072 1456 1140 τῇ
1486 1072 1665 1142 ἀγορᾷ
1724 1074 2149 1144 κατωρύγησαν,
2219 1074 2286 1127 ἵν’
2347 1074 2523 1137 οὕτως
2591 1072 2836 1134 ἐπιτελὲς
2871 1070 2933 1122 τὸ
2962 1067 3332 1136 πεπρωμένον
3379 1064 3638 1132 γενέσθαι

367 1149 522 1221 δοκῇ,
565 1153 660 1206 καί
693 1173 744 1207 τι
777 1157 1032 1230 κατέχειν
1061 1163 1160 1226 τῆς
1205 1161 1416 1225 πόλεως
1452 1166 1937 1236 κατορωρυγμένοι
1979 1166 2332 1236 νομίζωνται.
2401 1165 2558 1222 Μετὰ
2585 1165 2642 1220 δὲ
2704 1164 2862 1219 τοῦτο
2879 1161 3162 1232 Σαρδόνιοι
3185 1162 3242 1214 ἐν
3272 1157 3431 1227 δεινῷ
3457 1158 3638 1211 ποιού·

371 1261 542 1316 μενοι,
591 1248 672 1303 ὅτι
733 1254 1043 1323 στρατηγὸς
1109 1256 1400 1328 Ῥωμαίων
1451 1260 1539 1312 ἀεὶ
1588 1261 1946 1334 καθειστήκει
1985 1265 2194 1329 αὐτοῖς,
2235 1257 2822 1334 ἐπανέπησανάὖθις
2862 1258 2920 1313 δέ
2952 1255 3350 1327 ἐδουλώθησαν.

436 1341 558 1399 XX.
578 1341 713 1398 Cum
751 1345 1010 1402 Insubres
1043 1348 1246 1406 Gallica
1280 1368 1449 1422 gens,
1473 1354 1694 1411 auxiliis
1717 1370 1747 1410 a
1777 1364 1956 1411 trans-

368 1434 567 1505 alpinis
612 1438 970 1506 popularibus
1020 1444 1344 1509 accersitis,
1375 1444 1643 1503 Romanis
1689 1463 1840 1502 arma
1869 1448 1952 1503 in-

369 1531 646 1597 tulissent,
678 1541 735 1588 et
758 1533 1011 1603 quaedam
1037 1536 1154 1590 loca
1179 1539 1427 1607 papulati
1461 1549 1648 1595 essent
1675 1559 1689 1595 :
1728 1539 1952 1595 tandem

369 1631 538 1678 noctu
590 1640 786 1697 magna
836 1637 1166 1698 tempestate
1211 1639 1370 1698 orta,
1411 1632 1547 1688 deos
1574 1634 1682 1688 sibi
1719 1633 1953 1690 infestos

2128 1361 2212 1414 K'.
2263 1357 2557 1429 Ίνσούσροι
2587 1354 2644 1409 δὲ
2675 1352 2974 1408 Γαλατικδν
3004 1351 3181 1420 γένος,
3217 1349 3538 1419 συμμάχους
3563 1348 3629 1400 ἐκ

2056 1453 2168 1506 τῶν
2217 1451 2360 1520 ὑπὲρ
2410 1448 2510 1513 τάς
2557 1445 2785 1509 Ἀλπεις
2835 1441 3126 1514 ὁμοφύλων
3182 1438 3633 1512 προσειληφότες,

2054 1545 2194 1599 ὅπλα
2240 1545 2354 1607 τοῖς
2395 1540 2694 1610 Ῥωμαίοις
2733 1537 3069 1606 ἐπήνεγκαν·
3098 1534 3179 1588 διὸ
3223 1535 3319 1588 καὶ
3352 1531 3508 1585 αὐτοὶ
3540 1531 3638 1598 ηύο

2053 1633 2398 1706 τρεπίζοντο.
2429 1629 2794 1702 Ληῖσαμένων
2825 1628 2882 1680 δέ
2912 1626 3021 1680 τῶν
3054 1624 3351 1696 βαρϐάρων
3375 1620 3521 1687 τινὰ,
3547 1637 3638 1674 τεη

368 1730 488 1769 rsse
512 1717 638 1780 rati,
667 1719 895 1790 abiectis
919 1720 1140 1786 animis,
1172 1723 1372 1794 trepidi
1397 1723 1523 1794 fuga
1547 1725 1778 1780 salutem
1801 1741 1952 1796 qua:-

2063 1727 2304 1780 λευταῖον
2326 1723 2599 1795 χειμῶνος
2631 1718 2868 1792 μεγάλου
2935 1716 3126 1779 νυκτὸς
3168 1714 3500 1784 συμϐάντος,
3533 1713 3640 1766 ὑπ-

369 1822 490 1860 rero
524 1808 910 1866 instituerunt.
949 1813 1193 1885 Regulus
1225 1831 1357 1872 vero
1388 1833 1488 1873 eos
1514 1829 1864 1887 persecutus,
1894 1828 1950 1874 et

368 1907 674 1956 extremum
739 1918 935 1974 agmen
1015 1921 1342 1977 aggressus,
1419 1911 1601 1966 victus
1662 1911 1946 1966 occubuit.

370 1991 620 2048 Emilius
643 2010 766 2050 cum
796 1997 1068 2053 tumulum
1098 2001 1391 2069 quemdam
1437 2012 1785 2074 occupasset,
1810 2004 1949 2060 Galli

372 2083 513 2138 idem
545 2084 745 2140 imitati
769 2125 783 2147 .
813 2104 911 2158 per
945 2087 1066 2145 dics
1098 2092 1314 2161 aliquot
1351 2094 1707 2164 quieverunt.
1744 2096 1952 2152 Deinde

371 2174 454 2229 illi
480 2176 652 2230 cladis
679 2187 917 2249 accepta:
939 2179 1154 2247 dolore,
1183 2181 1411 2240 Barbari
1444 2187 1690 2242 victoria:
1712 2187 1952 2244 insolen-

372 2268 444 2322 tia
477 2269 738 2340 impulsi,
774 2272 843 2326 de
889 2274 1116 2328 tumulis
1145 2274 1535 2332 decurrerunt.
1571 2277 1824 2349 Cumque
1856 2278 1951 2333 diu

371 2377 528 2432 :equo
574 2377 750 2419 marte
783 2375 1056 2422 certatum
1091 2378 1237 2424 esset
1262 2411 1276 2435 ,
1317 2370 1546 2425 Romani
1587 2371 1829 2442 denique
1855 2387 1954 2428 eos

371 2456 617 2525 equitatu
655 2458 1035 2516 circumdatos
1056 2462 1416 2530 occiderunt,
1449 2467 1650 2522 castris
1677 2466 1911 2537 direptis
1937 2507 1952 2532 ,

371 2557 425 2602 rt
452 2549 644 2618 spoliis
684 2553 1044 2622 recuperatis.
1087 2554 1213 2609 Post
1261 2556 1376 2612 haec
1399 2557 1658 2614 IEmilius
1685 2559 1832 2614 Boiis
1858 2576 1957 2614 su-

372 2641 577 2708 peratis
604 2644 985 2716 triumphans,
1017 2650 1365 2719 captivorum
1397 2653 1680 2724 principes
1715 2663 1957 2710 armatos

374 2736 426 2786 in
445 2735 776 2805 Capitolium
805 2741 1084 2810 perduxit,
1103 2744 1456 2800 insolentiam
1477 2763 1671 2802 eorum
1694 2748 1956 2814 irridens,

371 2829 517 2898 quod
537 2847 595 2885 se
614 2832 988 2890 lboraeesnon
1010 2836 1161 2906 prius
1185 2839 1770 2910 csuturosjurassent,
1793 2857 1956 2911 quam

373 2924 428 2976 in
446 2922 776 2994 Capitolium
792 2928 1094 2986 venissent.
1110 2930 1194 2986 Ab
1211 2948 1277 2987 eo
1307 2942 1552 3003 tempore
1571 2935 1829 2990 Boiorum
1851 2945 1962 2990 ter-

374 3033 486 3070 ram
505 3033 722 3073 onmem
741 3033 1114 3092 occuparunt:
1139 3031 1196 3078 et
1216 3033 1329 3078 tum
1359 3026 1596 3094 primum
1613 3027 1850 3081 Eridano
1869 3043 1960 3080 su-

373 3120 584 3178 perato.
617 3111 782 3184 ἀ.οᾷ
817 3114 1437 3180 Insubresinvaserum,
1462 3135 1766 3188 eorumque
1801 3136 1962 3182 agros
1987 3105 2031 3163 (ἶ

373 3211 675 3258 vastarunt.
700 3206 912 3262 [nterea
933 3208 1103 3262 Roma
1116 3209 1378 3280 prodigiis
1394 3212 1685 3280 perterrita
1702 3224 1810 3270 est.
1825 3212 1959 3267 Nam

372 3308 428 3348 et
455 3297 730 3352 inPiceno
761 3297 964 3354 llttrnen
993 3301 1261 3371 sanguine
1297 3305 1572 3371 manavit,
1612 3314 1669 3360 et
1710 3307 1764 3361 in
1801 3306 1964 3361 Etru-

375 3390 457 3443 εἰει
482 3405 710 3460 Inagnus
726 3391 851 3445 coeli
887 3401 1098 3450 tractus
1120 3394 1315 3450 ardere
1343 3397 1514 3464 visus,
1534 3409 1589 3454 et
1611 3397 1844 3454 Arimini
1870 3401 1958 3456 lux

377 3490 542 3534 noctu
567 3480 739 3534 instar
756 3480 865 3536 diei
891 3483 1065 3547 fulsit,
1097 3493 1150 3538 et
1172 3485 1304 3540 alibi
1323 3489 1373 3540 in
1394 3488 1547 3544 ltalia
1573 3491 1842 3546 treslunae
1866 3508 1964 3547 no-

377 3584 467 3624 ctu
494 3586 894 3640 apparuerunt,
915 3584 971 3630 et
995 3577 1183 3631 vultur
1205 3579 1258 3632 in
1289 3579 1407 3634 foro
1445 3597 1544 3650 per
1569 3582 1690 3638 dies
1716 3587 1963 3656 complu-

378 3681 468 3719 res
491 3665 653 3720 sedit.
672 3665 942 3723 Consules
965 3668 1151 3740 igitur,
1172 3680 1286 3726 tum
1311 3672 1382 3727 ob
1409 3675 1522 3728 haec
1551 3676 1819 3749 prodigia,
1845 3687 1959 3734 lum

377 3757 524 3826 quod
561 3758 696 3813 vitio
724 3761 894 3815 creati
924 3761 1266 3830 dicerentur,
1295 3767 1552 3822 accersiti
1578 3781 1728 3823 sunt.
1759 3771 1960 3825 Verum

376 3864 486 3903 non
537 3850 720 3904 statim
759 3850 974 3907 litteras
1015 3852 1310 3924 legerunt:
1359 3857 1452 3910 sed
1501 3871 1626 3912 cum
1681 3858 1847 3913 modo
1906 3859 1960 3914 in

377 3941 552 3996 aciem
584 3942 1006 4001 descendissent
1029 3987 1044 4012 ,
1074 3947 1369 4003 cunnnisso
1393 3951 1548 4018 prius
1579 3951 1770 4020 prwlio
1815 3952 1966 4008 vice-

377 4044 526 4091 runt.
557 4029 818 4108 Epistola‘
834 4050 960 4108 post
982 4055 1217 4114 pugnam
1249 4043 1412 4108 lecta,
1449 4042 1649 4100 Furius
1673 4045 1817 4100 haud
1841 4062 1966 4117 gra-

375 4133 546 4186 vatim
573 4143 768 4202 paret:
806 4132 905 4188 sed
952 4133 1258 4191 Flaminius
1304 4137 1535 4193 victoria
1579 4139 1794 4206 elatus,
1839 4155 1961 4195 eam

379 4235 711 4296 argumento
732 4240 856 4281 esse
879 4225 1082 4292 aiebat,
1113 4243 1174 4284 se
1197 4227 1301 4284 rite
1325 4239 1542 4286 creatos
1567 4246 1710 4297 esse,
1731 4240 1788 4288 et
1819 4233 1965 4302 opti-

380 4329 556 4375 mates
573 4336 641 4374 ex
665 4319 874 4374 invidia
894 4320 1060 4375 etiam
1086 4319 1196 4376 diis
1215 4321 1475 4394 adiungere
1497 4323 1785 4380 mendacia
1815 4341 1967 4380 asse-

2053 1822 2328 1889 ετόπησαν
2351 1818 2412 1872 τὺ
2437 1817 2580 1871 θεῖον
2605 1811 2984 1870 ἐναντιοῦσθαι
3006 1810 3186 1872 αὐτοῖς
3209 1808 3302 1860 καὶ
3322 1805 3638 1877 ἠθύμησαν·

2053 1913 2152 1968 καὶ
2183 1910 2634 1982 καταπτήξαντες
2665 1909 2810 1978 φυγῇ
2860 1907 2961 1974 τὴν
2991 1901 3266 1972 σωτηρίαν
3306 1895 3638 1970 πορίσασθαι

2054 2007 2446 2078 ἐπεχείρησαν.
2500 2004 2612 2057 Καὶ
2663 2004 2691 2056 ό
2731 1997 3023 2070 Ῥηγοῦλος
3065 1995 3262 2056 αὐτοὺς
3316 1987 3637 2054 κατεδίωξε,

2055 2101 2148 2155 καὶ
2176 2103 2290 2164 τοῖς
2319 2093 2818 2166 όπισθοφυλακοῦσι
2852 2087 3184 2162 προσμίξας,
3220 2083 3424 2158 ἡττήθη
3455 2101 3514 2136 τε
3544 2081 3640 2134 καὶ

2055 2195 2347 2248 ἀπέθανεν.
2377 2190 2629 2262 Αἰμίλιος
2655 2189 2734 2254 δὲ,
2755 2185 2918 2255 λόφον
2936 2182 3056 2238 τινὰ
3081 2177 3393 2248 κατασχὼν,
3427 2176 3639 2246 ήσύχα-

2058 2286 2171 2350 ζεν.
2215 2283 2754 2353 Ἀντικατασχόντων
2790 2277 2848 2333 δέ
2882 2277 2975 2330 καὶ
3006 2273 3116 2328 τῶν
3148 2268 3406 2325 Γαλατῶν
3428 2267 3639 2337 ἕτερον,

2057 2379 2150 2433 ἐπί
2175 2395 2328 2440 τινας
2357 2376 2458 2446 μέν
2488 2373 2704 2446 ήμέρας
2736 2372 2976 2442 ἠρέμουν
3003 2383 3018 2399 ο
3069 2365 3262 2421 ἔπειτα
3286 2363 3336 2416 οἱ
3373 2359 3472 2431 μὲν
3500 2359 3639 2426 ὀργῇ

2055 2471 2152 2527 τοῦ
2185 2468 2497 2539 γεγονότος,
2524 2465 2804 2536 αὐχήματι
2847 2462 2904 2514 δέ
2938 2461 3035 2531 τῆς
3069 2459 3226 2528 νίκης
3267 2457 3317 2510 οἱ
3351 2452 3645 2526 βάρϐαροι,

2059 2563 2510 2633 καταδραμόντες
2553 2559 2662 2614 ἀπὸ
2707 2555 2816 2610 τῶν
2861 2553 3156 2625 μετεώρων
3185 2547 3498 2604 συνέϐαλον,
3534 2543 3645 2596 Καὶ

2061 2661 2155 2713 ἐπὶ
2188 2657 2322 2711 πολὺ
2361 2656 2460 2726 μὲν
2492 2651 2798 2724 ἰσορρόπως
2828 2649 3097 2718 ἐμάχοντο
3119 2663 3131 2676 '
3165 2643 3319 2705 τέλος
3351 2641 3397 2694 δ’
3429 2641 3476 2692 oi
3509 2636 3647 2689 Ῥω-

2064 2753 2238 2823 μαῖοι,
2284 2748 2361 2819 τῷ
2395 2746 2606 2815 ἱππικῷ
2646 2741 3023 2814 περισχόντες,
3057 2738 3255 2799 αὐτοὺς
3310 2729 3643 2823 κατέκοψαν,

2061 2821 2156 2898 καὶ
2181 2841 2242 2895 τὸ
2272 2837 2635 2908 στρατόπεδον
2658 2834 2840 2888 αὐτῶν
2872 2826 3040 2893 εἷλον,
3074 2831 3170 2880 καὶ
3195 2825 3262 2879 τὰ
3287 2825 3504 2892 λάφυρα
3527 2821 3650 2873 ἐκο-

2066 2936 2315 3006 μίσαντο.
2355 2930 2464 2984 Καὶ
2495 2927 2636 3000 μετὰ
2662 2925 2838 2980 ταῦτα
2868 2923 2982 2984 τοῖς
2999 2920 3110 2974 τῶν
3145 2916 3380 2971 Βοουῖων
3413 2915 3441 2967 ό
3475 2910 3648 3006 ᾼίμίιι

2062 3004 2178 3087 λιος
2222 3021 2552 3093 ἐλυμήνατο,
2594 3019 2689 3071 καὶ
2744 3017 2815 3069 τὰ
2859 3012 3106 3068 ἐπινίκια
3151 3011 3350 3081 ήγαγε,
3403 3004 3530 3068 τούς
3585 3018 3645 3054 τε

2066 3116 2316 3189 πρώτους
2353 3114 2464 3167 τῶν
2496 3111 2734 3166 ἁλόντων
2761 3105 3139 3176 ὡπλισμένους
3171 3101 3266 3155 ἐπὶ
3292 3099 3354 3152 τὸ
3382 3093 3646 3150 Καπιτώ-

2065 3212 2180 3265 λιον
2207 3207 2558 3279 ἀνεκόμισεν,
2583 3202 2947 3258 ἐπισκώπτων
2988 3199 3173 3260 αὐτοῖς
3209 3194 3285 3257 ὼς
3325 3190 3646 3263 ὀμωμοκόσι

2066 3304 2141 3376 μὴ
2167 3303 2434 3374 πρότερον
2464 3300 2592 3361 τοὺς
2621 3297 2877 3366 θώρακας
2906 3287 3282 3348 ἀποδύσασθαι
3326 3285 3457 3386 πρὶν
3490 3280 3646 3386 ἀνελ-

2065 3398 2180 3452 θεῖν
2223 3398 2304 3460 είς
2347 3395 2409 3448 τὸ
2441 3389 2808 3448 Καπιτώλιον.
2860 3388 2956 3440 Ἐκ
2991 3387 3048 3439 δέ
3081 3383 3275 3437 τούτου
3305 3382 3407 3450 τήν
3446 3394 3507 3429 τε
3537 3382 3647 3428 τῶν

2066 3493 2302 3545 Βοουῒων
2337 3489 2558 3542 ἃπασαν
2596 3483 3067 3555 ⁴προσεκτήσαντο,
3100 3475 3195 3528 καὶ
3228 3472 3321 3526 τὸν
3361 3467 3646 3540 Ἠριδανὸν

2064 3586 2187 3638 τότε
2213 3581 2432 3653 πρῶτον
2468 3578 2563 3632 ἐπὶ
2584 3577 2709 3640 τοὺς
2744 3572 3084 3640 ἰνσούόρους
3110 3566 3396 3635 διέϐησαν,
3426 3561 3520 3614 καὶ
3547 3558 3647 3628 τὴν

2065 3676 2251 3748 χώραν
2293 3671 2477 3726 αὐτῶν
2509 3668 2799 3738 ἐπόρθουν.
2829 3662 3087 3734 Τεράτων
3125 3657 3171 3710 δ’
3205 3658 3262 3710 ἐν
3290 3653 3466 3723 τούτῳ
3495 3667 3649 3719 γενο-

2068 3772 2267 3841 μένων,
2311 3767 2369 3831 ἐς
2410 3766 2553 3836 μέγα
2593 3761 2711 3824 δέος
2758 3760 2807 3812 οί
2840 3760 2898 3810 ἐν
2931 3758 2997 3826 τῇ
3045 3749 3233 3819 Ῥώμῃ
3278 3748 3643 3841 κατέστησαν.

2067 3835 2322 3932 ίῖοταμός
2348 3835 2420 3912 τε
2438 3857 2550 3929 γὰρ
2571 3858 2626 3908 ἐν
2647 3853 2725 3924 τῷ
2753 3847 2961 3919 Πικινῷ
2985 3845 3297 3916 αἱματώδης
3321 3839 3517 3914 ἐρῤύη,
3541 3835 3645 3932 κάν

2064 3958 2129 4026 τῇ
2166 3929 2458 4027 Τυρσηνίδι
2492 3947 2742 4005 καίεσθαι
2781 3944 2875 4000 τοῦ
2919 3938 3156 4013 οὐρανοῦ
3187 3937 3320 3992 πολὺ
3347 3933 3516 3999 ἔδοξε,
3550 3929 3646 4027 καὶ

2065 4021 2128 4102 εὖ
2173 4021 2262 4117 τῷ⁷
2313 4044 2579 4116 ’Δριμίνῳ
2638 4038 2753 4110 φῶς
2808 4036 3025 4106 νύκτωρ
3083 4031 3267 4102 ἡμέρᾳ
3323 4021 3646 4097 προσεοικὸς

2066 4139 2301 4210 ἔλαμψε,
2349 4139 2448 4192 καὶ
2475 4134 2771 4206 πολλαχόθι
2819 4133 2918 4202 τῆς
2957 4127 3191 4190 Ἰταλίας
3223 4125 3374 4193 τρεῖς
3423 4119 3647 4190 σελῆναι

2065 4233 2259 4297 νυκτὸς
2283 4231 2724 4301 ἐφαντάσθησαν,
2758 4227 2862 4281 κάν
2888 4227 2954 4296 τῇ
2987 4221 3164 4316 ἀγορά
3185 4218 3296 4316 γὺψ
3320 4214 3404 4284 ἐφ’
3432 4213 3646 4316 ἡμέρας

2070 4328 2322 4390 πλείονας
2371 4322 2646 4394 ἐνιδρύθη.
2679 4320 2780 4374 Διά
2833 4335 2892 4371 τε
2928 4316 3060 4385 γοῦν
3104 4315 3172 4368 τά
3212 4313 3419 4382 τέρατα
3449 4313 3646 4366 ταῦτα,

379 4412 625 4467 verabat.
659 4412 772 4468 Nec
802 4413 990 4485 igitur,
1016 4413 1124 4469 nisi
1159 4415 1330 4470 rebus
1349 4416 1612 4472 omnibus
1649 4416 1918 4473 confectis
1945 4459 1959 4482 ,

2071 4421 2166 4474 καὶ
2192 4421 2276 4473 ὅτι
2309 4417 2453 4480 τινὲς
2485 4414 2818 4486 παρανόμως
2843 4411 3031 4479 ἔλεγον
3064 4409 3190 4470 τοὺς
3223 4404 3463 4504 Ouid-ton;
3495 4399 3646 4504 αἱρε-

379 4505 643 4559 recedere
677 4505 886 4560 voluit:
911 4515 969 4560 et
995 4521 1054 4561 se
1087 4507 1239 4561 cives
1279 4523 1410 4562 suos
1465 4508 1794 4564 educturum
1839 4525 1961 4566 esse

379 4596 542 4662 dixit,
586 4611 657 4652 ne
685 4598 766 4652 vel
807 4599 991 4652 avium
1017 4600 1101 4654 vel
1143 4599 1310 4656 ullius
1335 4602 1567 4657 alterius
1587 4603 1664 4656 rei
1695 4602 1961 4658 observa-

380 4687 532 4741 tione
571 4686 916 4742 fallerentur.
945 4689 1140 4759 Itaque
1167 4706 1396 4746 manere
1418 4732 1431 4757 ,
1463 4704 1517 4749 et
1551 4693 1774 4764 collegae
1813 4695 1959 4749 idem

379 4776 718 4847 persuadere
768 4777 1027 4833 instituit.
1080 4779 1236 4846 Quod
1285 4798 1410 4837 cum
1453 4784 1545 4837 ille
1583 4783 1959 4852 detrectaret,

379 4869 642 4926 Flaminii:
675 4869 880 4925 milites
914 4871 1076 4926 veriti
1097 4912 1112 4935 ,
1161 4887 1230 4927 ne
1259 4889 1289 4927 a
1315 4875 1530 4929 ueteris
1573 4875 1856 4944 destituti,
1893 4879 1964 4933 ab

379 4963 643 5020 hostibus
655 4963 796 5019 male
833 4972 1222 5031 tractarentur,
1247 4967 1508 5036 precibus
1528 4968 1597 5023 ab
1617 4985 1683 5024 eo
1703 4969 1964 5041 impetra-

379 5067 532 5122 runt,
569 5066 632 5112 ut
664 5057 786 5112 dies
815 5056 1029 5127 aliquot
1059 5071 1334 5124 maneret;
1366 5061 1460 5115 sed
1491 5062 1630 5117 nihil
1660 5064 1737 5117 rei
1772 5066 1960 5134 gessit.

380 5151 688 5208 Flaminius
740 5162 934 5208 autem
980 5153 1263 5222 regionem
1319 5155 1524 5225 ubique
1588 5170 1914 5226 pervagatus
1947 5197 1961 5222 ,

379 5261 541 5316 agros
578 5248 837 5309 vastavit,
868 5255 924 5302 et
951 5245 1169 5316 aliquot
1197 5249 1422 5304 castella
1463 5252 1611 5320 cepit
1641 5267 1655 5304 :
1685 5261 1741 5307 et
1773 5253 1964 5307 militi—

381 5337 504 5399 bus,
538 5347 600 5392 ut
632 5353 728 5392 eos
759 5338 862 5392 sibi
905 5339 1262 5401 conciliaret,
1298 5356 1492 5397 omnes
1525 5343 1813 5399 manubias
1862 5346 1963 5400 do-

383 5429 552 5483 navit.
583 5429 721 5484 Sero
743 5430 966 5486 domum
1002 5435 1263 5496 reversis,
1297 5437 1660 5491 contumacia}
1691 5437 1901 5494 crimen
1931 5456 1961 5493 a

383 5529 578 5576 senatu
616 5534 701 5578 est
734 5525 1048 5595 obiectum:
1085 5537 1141 5584 et
1175 5528 1246 5583 ob
1296 5528 1434 5583 iram
1486 5530 1538 5584 in
1580 5530 1912 5585 Flaminium
1944 5573 1959 5597 ,

2072 4515 2255 4584 θῆναι,
2284 4511 2706 4584 μετεπέμψαντο
2730 4505 2949 4570 αὐτούς.
2976 4502 3273 4573 Δεξάμενοι
3299 4498 3356 4552 δέ
3383 4495 3450 4548 τὰ
3470 4491 3651 4565 γράμ-

2074 4623 2219 4679 ματα
2245 4606 2294 4660 οἱ
2326 4604 2546 4666 ὕπατοι,
2573 4601 2674 4655 οὐκ
2701 4599 2864 4662 εὐθὺς
2895 4597 3036 4652 αὑτά
3061 4595 3326 4662 ἀνέγνων,
3360 4589 3485 4658 ἄρτι
3512 4584 3650 4679 προς

2068 4676 2308 4768 πόλεμον
2339 4695 2758 4765 καθιστάμενοι,
2795 4691 2932 4746 ἀλλά
2963 4684 3449 4762 προσυμὸαλόντες
3481 4676 3648 4748 ἐκρά-

2068 4810 2264 4863 τησαν.
2295 4791 2450 4845 Μετὰ
2481 4789 2540 4843 δέ
2568 4788 2668 4860 τὴν
2699 4789 2881 4859 μάχην
2919 4779 3370 4852 ἀναγνωσθείσης
3395 4776 3494 4843 τῆς
3531 4774 3653 4826 ἐπι-

2072 4883 2289 4952 στολῆς,
2329 4885 2357 4936 ὁ
2393 4881 2494 4952 μὲν
2525 4880 2755 4952 Φούριος
2812 4878 3046 4948 ἑτοίμως
3088 4874 3378 4928 ἐπείθετοο
3425 4870 3454 4922 ὁ
3497 4865 3554 4922 δέ
3586 4879 3651 4932 γε

2069 4977 2384 5046 Φλαμὲνιος,
2419 4974 2786 5046 ἐπαιρόμενος
2824 4975 2889 5043 τῇ
2925 4971 3076 5041 νίκῃ,
3107 4971 3206 5039 τήν
3233 4984 3290 5020 τε
3312 4965 3525 5032 αἵρεσιν
3555 4959 3654 5013 αὐ-

2069 5070 2180 5123 τῶν
2209 5066 2504 5122 ἀπεδείκνυ
2531 5067 2600 5121 δι’
2634 5067 2805 5136 αὐτῆς
2830 5064 3010 5138 ὀρθῶς
3043 5064 3294 5133 ἔχουσαν,
3329 5058 3421 5112 καὶ
3447 5055 3536 5109 διὰ
3560 5053 3653 5106 τὸν

2071 5161 2209 5231 πρὸς
2247 5161 2414 5214 αὑτὸν
2444 5158 2639 5228 φθόνον
2667 5158 2909 5211 ἐνέκειτο
2929 5156 3025 5209 καὶ
3050 5152 3142 5206 τοῦ
3173 5151 3319 5204 θείου
3346 5150 3472 5208 τοὺς
3492 5147 3656 5199 δυνα-

2069 5256 2197 5318 τοὺς
2227 5252 2688 5321 καταψεύδεσθαι.
2729 5249 2856 5304 Οὒτ’
2885 5245 2979 5304 οὖν
3010 5244 3392 5314 ἀπαναστῆναι
3433 5243 3564 5309 πρὶν
3593 5239 3655 5291 τὸ

2070 5350 2181 5402 πᾶν
2213 5346 2660 5416 καταστήσεσθαι
2687 5345 2867 5417 ἤθελε.
2905 5343 3002 5397 καὶ
3024 5340 3259 5406 διδάξειν
3292 5339 3388 5394 καὶ⁵
3417 5335 3544 5398 τοὺς
3567 5334 3652 5386 οτ-

2071 5460 2177 5506 κοι,
2234 5442 2360 5513 ἔφη,
2414 5441 2540 5511 μήτ’
2595 5440 2772 5508 ὄρνισι
2826 5437 2955 5510 μήτ’
2987 5436 3132 5506 ἄλλῳ
3175 5435 3238 5504 δή
3278 5450 3386 5486 τινι
3424 5429 3653 5498 τοιούτῳ

2073 5536 2440 5606 προσέχοντας
2466 5531 2803 5587 ἀπατᾶσθαι.
2835 5531 2945 5583 Καὶ
2979 5532 3006 5583 ὁ
3039 5529 3138 5599 μὲν
3166 5527 3308 5580 κατά
3333 5525 3519 5598 χώραν
3553 5520 3652 5594 μέ·

1574 5623 1782 5684 Varize
1818 5622 2132 5685 lectiones
2179 5633 2239 5685 et
2272 5633 2463 5686 none.

458 5714 569 5788 (Q7)
611 5719 799 5789 Anton
829 5720 1118 5789 ποταμοῦ.
1146 5722 1237 5776 Sic
1273 5729 1382 5775 t'cs
1413 5739 1542 5777 mss.
1582 5725 1711 5789 Reg.
1746 5725 1961 5780 Asteri-

387 5787 826 5861 srum'apposuit
857 5787 1108 5852 Wolfius,
1136 5795 1278 5859 quotl
1313 5793 1511 5848 ﬂuvius
1532 5787 1759 5861 hujusce
1783 5799 1966 5850 nomi-

392 5853 482 5909 nis
508 5853 618 5910 non
646 5853 908 5915 occurrat
925 5862 1067 5932 apud
1093 5853 1449 5932 ge'ographos.
1494 5853 1630 5920 Cum
1669 5882 1796 5922 vero
1826 5867 1968 5923 dicat

2066 5727 2323 5790 Zonaras,
2364 5726 2638 5794 Illyricum
2666 5727 2805 5780 intra
2835 5727 3083 5781 H:emnm
3120 5725 3348 5780 ﬂuvium
3381 5726 3652 5781 etlstrnm

2073 5814 2247 5863 usque
2281 5797 2348 5851 ad
2396 5796 2631 5853 Pontum
2681 5796 2953 5853 Euxinum
2985 5798 3282 5858 contineri.
3311 5797 3529 5855 videtur
3565 5798 3652 5853 in-

2078 5869 2351 5925 tellexisse
2375 5877 2468 5924 aut
2503 5869 2750 5950 Dravum
2768 5878 2860 5925 aut
2887 5868 3088 5925 Savum
3116 5868 3332 5926 ﬂuvios.
