4060 6404
402 354 508 419 093

1634 367 2047 432 ANNAHUM
2091 338 2239 435 ΠΒ.
2285 380 2454 444 vm.

3570 391 3689 455 (39‘?

403 485 514 525 νειν
545 469 729 541 ἤθελε,
768 470 863 525 καλ⁸
892 473 984 527 τὶν
1030 475 1369 548 συνάρχοντα
1419 480 1672 553 κατέχειν
1707 485 1990 555 ἐπειρᾶτο·

2098 495 2268 550 ctiam
2302 498 2470 557 Furio
2502 512 2731 574 negatus
2757 504 2956 564 bonos.
2985 508 3095 566 Sed
3127 526 3157 566 a
3192 511 3549 568 multitudine
3583 528 3680 582 pa-

400 566 630 639 Φούριος
658 567 704 621 δ’
727 568 828 622 οὐκ
853 570 1123 628 ἐπείθετο.
1157 574 1276 628 Τῶν
1308 576 1365 630 δὲ
1391 578 1531 646 μετὰ
1568 579 1662 634 τοῦ
1691 580 1986 653 Φλαμινίου

404 659 713 731 μελλόντων
738 661 1140 736 καταλειφθήσε
1151 666 1298 724 σθαι.
1323 669 1672 741 φοϐηθέντων
1703 673 1778 745 μὴ
1813 692 1981 743 μονω·

402 753 590 816 Θέντες
618 753 838 808 πάθωσί
862 772 915 809 τι
951 757 1102 828 παρὰ
1124 757 1234 813 τῶν
1257 760 1538 829 ἐναντίων,
1561 764 1658 818 καὶ⁸
1683 764 1988 836 δεηθέντων

400 844 620 916 ἡμέρας
679 846 835 910 τινὰς
888 852 1239 920 προσμεῖναι,
1266 852 1522 926 ἐπείσθη,
1551 856 1611 908 ού
1664 856 1851 925 μέντοι
1894 859 1988 912 καὶ

399 936 566 1006 ἔργου
597 936 799 1009 ἥψατο.
835 938 1130 1010 Φλαμίνιος
1176 943 1232 996 δὲ
1277 946 1615 1016 περὶνοστῶν
1659 946 1760 1020 τὴν
1804 948 1989 1018 χώραν

401 1027 595 1100 ἔτεμνε
638 1030 734 1085 καὶ
782 1030 1038 1103 ἐρύματά
1063 1050 1186 1089 τινα
1239 1037 1672 1109 κατεστρέψατο,
1702 1040 1771 1096 τά
1800 1057 1858 1092 τε
1888 1040 1988 1094 λά-

402 1138 553 1193 φυρα
590 1122 774 1178 πάντα
817 1127 933 1188 τοῖς
966 1127 1358 1197 στρατιώταις,
1403 1130 1725 1203 θεραπεύων
1764 1134 1983 1201 αὐτοὺς,

401 1215 715 1286 ἐχαρίσατο.
759 1216 887 1288 ’0ψέ
907 1217 953 1271 δ’
975 1215 1159 1272 οἴκαδε
1186 1219 1598 1289 ἐπανελθόντες,
1620 1225 1725 1280 ὕπὸ
1750 1224 1851 1297 μὲν
1881 1225 1984 1297 τῆς

401 1307 698 1379 γερουσίας
732 1308 831 1380 τὴν
864 1310 1044 1365 αἰτίαν
1073 1311 1175 1381 τῆς
1211 1311 1498 1379 ἀπειθείας
1531 1315 1726 1388 ἐσχονο
1760 1316 1853 1372 διὰ
1875 1317 1986 1389 γὰρ

399 1401 498 1468 τὴν
543 1403 680 1473 πρὸς
728 1403 818 1457 τὸν
857 1404 1152 1473 Φλαμίνιον
1193 1406 1363 1480 ὀργὴν
1423 1409 1703 1480 ἠτίμασαν
1749 1410 1843 1465 καὶ
1895 1411 1987 1465 τὸν

397 1491 628 1564 Φούριον
658 1492 772 1567 (28)
803 1510 815 1525 '
851 1497 913 1551 τὸ
941 1497 999 1552 δὲ
1032 1499 1260 1571 πλῆθος,
1295 1501 1807 1574 ἁντιφιλονεικῆσαν
1846 1503 1989 1576 ὑπὲρ

398 1585 494 1638 τοῦ
533 1585 859 1657 Φλαμινίου,
890 1589 1230 1661 ἐψηφίσαντο
1258 1593 1326 1648 τὰ
1353 1595 1668 1667 νικητήρια,
1711 1597 1808 1651 καὶ
1847 1598 1985 1666 ἁγα-

401 1676 592 1743 γόντες
624 1677 785 1745 αὐτὰ,
813 1680 1113 1751 ἐξέστησαν
1141 1686 1241 1753 τῆς
1271 1683 1467 1755 ἀρχῆς.
1506 1684 1728 1757 Ἕτεροι
1759 1686 1815 1741 δέ
1842 1686 1985 1741 ὕπα-

399 1786 481 1822 τοι
513 1769 784 1836 Κλαύδιος
806 1772 1131 1844 Μάρκελλος
1161 1776 1257 1830 καὶ
1282 1776 1474 1842 Γνάϊος
1503 1776 1767 1846 Σκιπίων,
1798 1777 1988 1833 ἀνθαι-

2097 589 2279 648 tribus
2317 610 2421 665 pro
2474 598 2745 658 Flaminio
2790 603 3120 670 adversata,
3172 605 3401 662 decreto
3442 615 3683 678 actoque

2097 684 2405 755 triumpho,
2435 691 2812 761 magistratum
2843 694 3265 764 deposuerunt:
3300 698 3507 769 aliique
3548 714 3684 753 con-

2095 776 2249 832 sules
2275 779 2473 845 creati,
2511 780 2777 839 Claudius
2823 784 3149 852 Marcellus,
3195 798 3253 844 et
3295 787 3396 844 Cn.
3453 788 3640 859 Scipio
3666 831 3681 854 ,

2095 864 2428 924 Insubribus
2461 885 2615 926 arma
2646 871 2995 940 intulerunt,
3029 891 3165 946 pace
3197 890 3362 944 quam
3408 879 3689 947 petierant
3758 936 3761 939 _

2096 953 2244 1010 haud
2280 971 2545 1014 concessa
2577 978 2591 1014 :
2625 975 2691 1016 ac
2726 961 3004 1033 principio
3047 963 3179 1020 belli
3220 964 3386 1020 ambo
3427 981 3542 1020 rem
3569 966 3684 1022 fere

2094 1046 2239 1104 bene
2267 1062 2578 1120 gesserunt.
2624 1053 2836 1110 Deinde
2867 1070 2994 1110 cum
3025 1056 3189 1112 socia:
3226 1057 3483 1114 civitates
3515 1057 3691 1114 infes-

2096 1146 2367 1207 tarentur,
2404 1142 2593 1209 divisi,
2627 1143 2921 1202 Marcellus
2952 1156 3143 1203 contra
3173 1148 3515 1218 praedatores
3537 1150 3693 1207 cele—

2096 1233 2234 1289 riter
2265 1233 2568 1304 profectus,
2601 1251 2724 1293 cum
2751 1253 2850 1294 eos
2876 1239 2950 1295 ibi
2979 1256 3088 1296 non
3118 1241 3443 1307 invenisset,
3470 1242 3687 1314 fugien-

2098 1331 2179 1379 tes
2204 1335 2531 1395 persecutus
2557 1338 2665 1388 est.
2708 1330 3117 1403 commissaque
3154 1350 3336 1405 pugna
3376 1335 3680 1404 superavit.

2096 1417 2203 1474 Sed
2257 1417 2445 1490 Scipio
2489 1423 2690 1479 castris
2727 1438 2838 1478 non
2896 1425 3060 1480 motis
3086 1465 3100 1487 .
3149 1426 3382 1481 Acerras
3417 1425 3684 1482 obsedit:

2097 1511 2275 1581 iisque
2305 1514 2631 1584 expugnatis
2658 1515 2854 1585 (erant
2888 1516 3038 1572 enim
3067 1526 3384 1588 opportuno
3414 1517 3538 1573 loco
3565 1519 3689 1576 sitas

2096 1614 2152 1659 et
2180 1606 2449 1679 munitae)
2480 1608 2548 1663 ad
2594 1609 2822 1679 gerendi
2874 1609 3004 1665 belli
3049 1611 3506 1668 commoditatem
3551 1628 3691 1668 usus

2094 1705 2199 1753 est.
2233 1698 2366 1754 lnde
2398 1698 2652 1770 profecti,
2684 1700 3051 1756 Mediolanum
3075 1740 3091 1767 ,
3132 1710 3187 1756 et
3218 1701 3369 1757 aliud
3417 1701 3682 1772 oppidum

2036 1850 2051 1863 ὲ
2096 1798 2368 1859 ceperunt
2396 1808 2410 1843 :
2435 1791 2638 1861 quibus
2669 1790 2995 1863 expugnatis
3015 1830 3031 1855 ,
3067 1791 3252 1847 caeteri
3274 1808 3498 1863 quoque
3526 1792 3701 1848 Insu-

405 1864 681 1935 ρεθέντες,
715 1866 1095 1937 ἐστράτευσαν
1121 1870 1215 1924 ἐπὶ
1245 1870 1373 1935 τοὺς
1418 1871 1765 1943 Ἶνσούϐρους
1787 1889 1800 1903 ·
1839 1873 1990 1946 εἰρή-

2096 1881 2224 1935 bres
2251 1880 2415 1954 505
2449 1859 2793 1938 deditionem
2820 1859 3096 1939 't‘eeerunt
3122 1928 3139 1948 ,
3189 1859 3425 1954 pecunia
3466 1893 3524 1940 et
3568 1886 3701 1956 agri-

406 1974 504 2027 νην
525 1957 631 2031 γὰρ
656 1959 840 2025 αὐτοῖς
863 1963 1156 2032 αἰτήσασιν
1188 1963 1289 2018 οὐκ
1317 1963 1676 2037 ἐψηφίσαντοσ
1704 1964 1796 2020 καὶ
1823 1965 1993 2038 ἄμφω

407 2053 508 2121 μὲν
569 2053 789 2124 πρῶτον
853 2055 1264 2126 πολεμοῦντεςο
1325 2057 1396 2112 τὰ
1466 2057 1638 2113 πλείω
1700 2058 1992 2130 ἐκράτουν.

407 2145 789 2217 Ἐπειτα,τὴν
835 2148 1156 2219 συμμαχίδα
1204 2148 1648 2221 λεηλατουμένην
1700 2150 1989 2222 μαθόντες,

402 2236 750 2309 διῃρέθησαν.
780 2239 891 2293 Καὶ
923 2239 1247 2310 Μάρκελλος
1277 2242 1399 2312 μέν,
1433 2243 1529 2296 ἐπὶ
1568 2244 1697 2307 τοὺς
1730 2243 1992 2314 ληϊζομέ-

334 2346 345 2365 ι
404 2345 528 2392 νους
556 2327 659 2400 τὴν
699 2328 989 2402 σύμμαχον
1009 2331 1101 2386 διὰ
1131 2332 1345 2404 ταχέων
1389 2332 1590 2402 ἐλθὼν,
1625 2336 1686 2389 οὐ
1723 2336 1992 2391 κατέλαϐε

407 2421 550 2490 σφᾶς
581 2422 720 2480 ἐκεῖ,
753 2420 1056 2491 φεύγοντας
1096 2421 1142 2476 δ’
1186 2424 1470 2493 ἐπεδίωξε,
1497 2425 1593 2478 καὶ
1648 2425 1993 2494 ὑποστάντας

407 2512 664 2585 ἐνίκησε·
704 2514 946 2569 Σκιπίων
976 2515 1057 2579 δὲ,
1095 2516 1241 2572 κατὰ
1267 2515 1451 2589 χώραν
1493 2518 1704 2588 μείνας,
1759 2520 1993 2590 Ἀκέρας

405 2607 714 2679 ἐπολιόρκει
737 2627 751 2641 ·
785 2611 879 2665 καὶ
909 2609 1092 2665 λαϐὼν
1122 2611 1295 2676 αὑτάς
1330 2614 1673 2684 ὁρμητήριον
1707 2613 1802 2668 τοῦ
1833 2615 1994 2670 πολέ-

411 2718 515 2768 μου
578 2703 910 2772 πεποίηκεν,
974 2702 1144 2769 οὔσας
1198 2704 1527 2777 ἐπικαίρους
1576 2705 1674 2759 καὶ
1719 2706 1990 2779 εύερκεῖς.

412 2793 729 2848 Κάντεῦθεν
751 2795 1068 2868 ὁρμώμενοι
1093 2797 1153 2852 τό
1183 2813 1241 2853 τε
1263 2797 1598 2852 Μεδιόλανον
1621 2801 1714 2853 καὶ
1735 2798 1993 2871 κωμόπο·

411 2885 496 2940 λιν
539 2886 736 2960 ἑτέραν
776 2886 1160 2959 ἐχειρώσαντο.
1216 2887 1485 2944 Ἀλόντων
1523 2889 1581 2943 δέ
1619 2890 1849 2957 τούτων,
1901 2892 1997 2946 καὶΙ

410 2979 460 3033 cl
491 2977 669 3034 λοιποὶ
706 2979 1007 3052 Ἰνσοῦϐροι
1050 2980 1419 3053 ὡμολόγησαν
1467 2982 1675 3050 αὐτοῖς,
1731 2986 1996 3055 χρήματα

410 3072 508 3127 καὶ
542 3072 711 3146 μέρος
736 3073 836 3145 τῆς
863 3073 968 3144 γῆς
992 3072 1198 3138 δόντες.
1232 3067 1366 3128 Εἶτα
1399 3073 1672 3137 Πούπλιός
1690 3092 1749 3128 τε
1783 3076 1996 3147 Κορνή-

2094 1986 2253 2045 parte
2294 1975 2534 2032 multati.
2570 1975 2782 2032 Deinde
2805 1976 2868 2032 P.
2892 1976 3188 2033 Cornelius
3219 1986 3274 2032 et
3307 1976 3382 2031 Μ.
3423 1976 3705 2032 Minutins

2094 2067 2164 2121 ad
2194 2067 2383 2124 lstrios
2411 2068 2689 2124 duxerunt
2715 2069 3048 2136 exercitum,
3074 2078 3133 2125 et
3164 2069 3369 2125 multas
3398 2068 3549 2126 illius
3576 2068 3703 2125 loci

2095 2170 2290 2233 gentes
2319 2160 2519 2232 partim
2549 2161 2626 2225 vi,
2660 2161 2862 2231 partim
2895 2160 3183 2217 deditione
3219 2160 3586 2233 subegerunt.
3618 2159 3693 2216 ι..

2096 2266 2231 2307 vero
2257 2251 2521 2308 Veturius
2546 2261 2605 2309 et
2636 2250 2701 2309 C.
2734 2251 3023 2312 Luctatius
3046 2267 3224 2321 usque
3249 2251 3320 2307 ad
3355 2251 3531 2323 Alpes
3556 2266 3705 2322 pro--

2096 2342 2294 2415 gressi,
2336 2344 2476 2400 citra
2502 2359 2737 2416 pugnam
2770 2343 2879 2401 sibi
2913 2344 3119 2400 multos
3148 2342 3550 2413 adiunxerunt.
3586 2341 3702 2399 De-

2097 2436 2333 2492 metrius
2367 2448 2577 2504 autem,
2613 2436 2775 2508 cujus
2799 2451 2966 2508 supra
3004 2436 3147 2493 facta
3178 2444 3265 2493 est
3292 2436 3528 2502 mentio,
3556 2434 3694 2492 Sar-

2098 2531 2393 2587 dianorum
2423 2530 2706 2602 princeps,
2742 2530 3102 2603 popularibus
3129 2530 3246 2586 suis
3279 2529 3483 2602 gravis,
3515 2529 3707 2586 etiam»

2100 2622 2368 2679 ﬁnitimos
2398 2623 2634 2679 vexabat
2659 2640 2673 2677 :
2703 2638 2768 2679 ac
2798 2625 3174 2679 Romanorum
3204 2620 3450 2678 amicitia
3482 2620 3707 2688 fretus...

2099 2712 2341 2786 iniurius
2382 2728 2506 2770 esse
2535 2712 2849 2770 videbatur.
2890 2712 3012 2780 Quo
3043 2712 3305 2768 consules
3348 2710 3555 2767 Paulus
3590 2708 3709 2766 Αἰο-

2100 2806 2289 2862 milius
2330 2817 2388 2862 et
2418 2805 2490 2861 Μ.
2535 2805 2727 2861 Livius
2768 2805 3176 2868 animadverso,
3213 2818 3342 2859 eum
3374 2800 3709 2858 accersive—A

2103 2906 2259 2957 runt.
2297 2897 2365 2955 Ut
2390 2912 2524 2953 vero
2542 2912 2653 2952 non
2682 2895 2931 2968 parebat,
2965 2894 3064 2951 sed
3098 2910 3292 2951 eorum
3329 2893 3513 2950 socios
3546 2905 3688 2962 quo-

2104 3000 2214 3056 que
2257 2984 2598 3054 offendebat,
2646 2985 2815 3041 Issam
2844 2994 3039 3041 contra
3076 2999 3205 3041 eum
3238 2993 3368 3039 sunt
3408 2980 3685 3054 profecti:

2103 3077 2422 3151 edoctique,
2460 3093 2587 3135 eum
2633 3079 2837 3135 alicubi
2880 3079 2938 3134 in
2977 3076 3248 3149 portubus
3299 3075 3529 3131 insidias
3575 3075 3690 3130 col-

409 3164 523 3229 λιος
569 3167 663 3220 καὶ
688 3165 918 3236 Μάρκος
947 3166 1244 3239 Μινούτιος
1272 3166 1363 3220 ἐπ’
1399 3167 1617 3237 Ἴστρου
1659 3164 1774 3239 (29)
1801 3166 1990 3239 ἐστρά-

2102 3169 2340 3235 locasse,
2389 3169 2612 3225 navium
2651 3179 2863 3241 partem
2896 3168 2964 3224 ad
2998 3169 3231 3224 alterum
3294 3168 3440 3223 latus
3494 3166 3695 3222 insulas

408 3273 631 3324 τευσαν,
671 3258 769 3312 καὶ
798 3256 973 3315 πολλὰ
1003 3257 1114 3315 τῶν
1144 3259 1265 3314 ἐκεῖ
1302 3257 1475 3314 ἐθνῶν
1512 3261 1582 3314 τᾶι
1611 3259 1712 3329 μὲν
1750 3260 1996 3333 πολέμῳ,

409 3348 479 3402 τὲ
500 3347 558 3402 δὲ
580 3347 900 3418 ὁμολογίαις
936 3349 1240 3418 ὑπέταξαν.
1291 3351 1528 3416 Λούκιος
1572 3352 1630 3407 δέ
1674 3352 2000 3424 Οὐετούριος

410 3441 507 3494 καὶ
550 3440 717 3507 Γάϊος
770 3442 1077 3508 Λουτάτιος
1133 3439 1301 3516 ἦλθον
1357 3445 1524 3517 μέχρι
1566 3446 1678 3501 τῶν
1721 3446 1996 3515 Ἄλπεων,

409 3534 541 3588 ἄνευ
583 3532 641 3588 δὲ
688 3535 872 3607 μάχης
901 3535 1131 3603 πολλοὺς
1157 3537 1535 3611 ᾠκειώσαντο.
1574 3538 1635 3593 '0
1677 3536 1861 3609 μέντοι
1889 3539 1999 3594 τῶν

409 3625 712 3696 Σαρδιαίων
763 3629 953 3700 ἄρχων
981 3629 1325 3702 Δημήτριος,
1356 3630 1435 3696 ὡς
1463 3630 1578 3686 άνω
1613 3648 1718 3686 που
1754 3632 1993 3703 εἴρηται,

408 3721 521 3781 τοῖς
551 3720 876 3792 ἐπιχωρίοις
909 3722 1158 3796 ἐπαχθὴς
1183 3720 1253 3794 ἦν
1284 3724 1380 3777 καὶ
1407 3723 1476 3780 τὰ
1510 3723 1622 3779 τῶν
1654 3724 1996 3796 πλησιοίκων

410 3812 766 3886 ἐκακούργει,
792 3814 890 3869 καὶ
920 3815 1096 3871 ἐδόκει
1126 3819 1193 3886 τῇ
1234 3816 1527 3888 Ῥωμαίων
1551 3817 1707 3890 φιλίᾳ
1733 3817 1995 3890 άποχρώυ

414 3924 573 3975 μενος
616 3910 850 3966 ἀδικεῖν.
882 3911 1215 3983 Δίσθόμενοι
1245 3912 1302 3966 δέ
1324 3912 1487 3967 τοῦτο
1522 3915 1573 3968 oi
1605 3913 1805 3968 ὕπατοι
1834 3913 1996 3978 Aliti-

409 3999 521 4063 λιος
570 4003 779 4067 Παῦλος
803 4006 898 4059 καὶ
925 4005 1152 4076 Μάρκος
1179 4005 1416 4072 Λιούῖος,
1447 4006 1869 4078 μετεπέμψαντο
1888 4005 1987 4060 αύ-

410 4093 631 4159 τᾰν.⁹Ως
664 4094 709 4148 δ’
732 4096 832 4166 οὐχ
858 4096 1173 4168 ὑπήκουσεν
1204 4097 1344 4151 ἀλλὰ
1371 4099 1467 4152 καὶ
1497 4100 1596 4168 τῆς
1646 4097 1988 4169 συμμαχεδος

2099 3262 2395 3319 miserunt.
2443 3262 2565 3329 Quo
2624 3261 2854 3325 factum,
2911 3269 2975 3316 ut
3029 3260 3226 3333 Illyriis
3278 3268 3474 3316 contra
3530 3258 3688 3322 illos,

2099 3365 2364 3427 tanquam
2396 3355 2498 3411 soli
2542 3364 2731 3412 essent
2754 3398 2768 3417 ,
2800 3354 3105 3420 conversis,
3143 3353 3330 3410 caeteri
3380 3365 3482 3423 per
3511 3351 3705 3406 otium.

2097 3459 2265 3521 portu
2311 3459 2603 3519 occupato,
2649 3457 2702 3504 et
2738 3449 2937 3504 castris
2963 3448 3164 3503 idoneo
3184 3447 3311 3502 loco
3351 3442 3688 3517 positis,.ins-

2098 3541 2312 3598 sulares
2332 3540 2526 3596 eodem
2554 3539 2644 3596 die
2676 3556 2743 3596 ex
2765 3541 3084 3612 imposturae
3108 3538 3392 3596 iracundia
3413 3537 3704 3593 irruentes

2097 3630 2475 3704 proﬂigarent.
2519 3631 2858 3687 Demetrium
2916 3631 2972 3687 in
3030 3632 3195 3688 aliam
3253 3629 3488 3686 insulam
3547 3626 3693 3684 Pha-

2098 3741 2222 3781 rum
2265 3724 2581 3796 persecuti,
2625 3725 2881 3781 hostibus
2921 3726 3223 3796 superatis,
3256 3723 3450 3779 urbem
3499 3718 3688 3792 prodi-

2099 3817 2251 3873 tione
2278 3826 2568 3887 ceperuut.
2614 3816 2929 3873 Demetrius
2968 3817 3038 3873 ad
3083 3815 3399 3886 Philippum
3438 3810 3691 3867 Macedo-

2098 3906 2208 3962 nia:
2246 3920 2433 3977 regem
2476 3918 2602 3960 cum
2653 3919 2848 3975 magna
2896 3904 3128 3974 pecunia
3162 3900 3430 3974 confugit.
3465 3898 3581 3955 Nec
3619 3897 3691 3953 ab

2097 4001 2195 4056 illo
2237 3999 2457 4055 deditus
2492 4006 2618 4054 est:
2657 3998 2750 4053 sed
2775 3997 3062 4069 inlllyrios
3095 4010 3374 4060 reversus,
3418 4001 3476 4049 et
3504 4006 3536 4048 a
3574 3990 3701 4047 Bo-

2096 4092 2282 4149 manis
2305 4100 2525 4163 captus,
2557 4102 2752 4161 poenas
2773 4089 2947 4145 dedit.

412 4186 563 4255 σφῶν
594 4188 820 4261 ἥπτετο,
855 4188 1229 4262 ἐστράτευσαν
1289 4190 1378 4242 ἐπ’
1412 4188 1579 4244 αὐτὴν
1627 4189 1687 4242 ἐν
1734 4191 1802 4260 τῇ
1835 4186 1992 4261 Ἴσσῃ
2029 4185 2182 4241 ὅντα.
2249 4185 2362 4238 Καὶ
2394 4180 2776 4254 προμαθόντες
2831 4181 2917 4236 ὅτι
2941 4180 3195 4253 ύφώρμει
3218 4197 3322 4234 που
3346 4178 3457 4231 τῶν
3479 4175 3690 4246 κατάρε-

411 4298 570 4346 σεων,
624 4282 791 4355 μέρος
822 4282 933 4336 τῶν
964 4282 1104 4336 νεών
1140 4282 1223 4346 είς
1251 4281 1321 4336 τὰ
1352 4284 1447 4335 ἐπὶ
1488 4281 1693 4354 θάτερα
1722 4283 1822 4353 τῆς
1855 4280 2026 4352 νήσου
2066 4274 2380 4351 προσμίξαι
2412 4273 2689 4345 ἔπεμψαν.
2753 4274 2881 4328 Κάκ
2913 4274 3107 4328 τούτου
3138 4273 3250 4327 τῶν
3293 4271 3570 4343 Ἰλλυρίων
3600 4268 3691 4326 ἐπ’

407 4376 653 4442 ἐκείνους
695 4377 772 4442 ώς
804 4380 901 4433 καὶ
945 4378 1143 4449 μόνους
1224 4378 1386 4441 ὄντας
1464 4375 1854 4448 τραπομένων,
1910 4373 2067 4430 αὐτοὶ
2131 4371 2279 4428 κατὰ
2332 4368 2532 4442 σχολὴν
2599 4366 3083 4439 προσπλεύσαντες
3154 4369 3213 4421 ἐν
3267 4366 3560 4438 ἐπιτηδείῳ
3626 4375 3704 4421 τε.

406 4470 981 4542 ἐστρατοπεδεύσαντο
1018 4473 1115 4527 καὶ
1151 4469 1574 4543 προσπεσόντας
1635 4469 1824 4538 σφίσιν
1887 4465 2205 4539 αὐθημερὸν
2266 4464 2394 4529 τοὺς
2450 4462 2780 4535 ἐπιχωρίους
2811 4462 2948 4533 ὀργῇ
2979 4462 3076 4533 τῆς
3103 4459 3320 4534 ἀπάτης
3343 4459 3689 4519 ἀπεώσαντο.

406 4569 450 4620 Τ
454 4566 516 4645 οὗ
542 4568 598 4622 δέ
623 4565 944 4639 Δημητρίου
975 4568 1033 4629 ἐς
1060 4566 1240 4638 Φάρον
1273 4567 1470 4638 ἐτέραν
1503 4564 1668 4636 νῆσον
1726 4563 2121 4632 διαφυγόντος,
2161 4560 2258 4617 καὶ
2324 4559 2414 4615 ἐπ’
2477 4558 2694 4630 ἐκείνην
2739 4556 3032 4623 ἔπλευσαν,
3075 4556 3171 4611 καὶ
3240 4556 3352 4612 τῶν
3392 4557 3692 4611 ἀντικατα-

408 4665 651 4720 στάντων
707 4667 1025 4738 ἐκράτησαν
1068 4666 1163 4721 καὶ
1214 4666 1317 4736 τὴν
1365 4665 1522 4719 πόλιν
1572 4663 1639 4717 ἐκ
1669 4662 1964 4735 προδοσίας
2005 4655 2173 4727 εἷλον,
2213 4657 2311 4714 τοῦ
2368 4657 2688 4729 Δημητρίου
2727 4656 3066 4730 διαδράντος.
3105 4658 3226 4721 Ὃς,
3267 4657 3392 4711 τότε
3445 4656 3549 4727 μέν
3606 4656 3695 4721 είς

314 4788 320 4793 ·
407 4762 754 4818 Μακεδονίαν
804 4762 945 4833 μετὰ
978 4761 1191 4816 πολλῶν
1223 4761 1525 4833 χρημάτων
1558 4759 1693 4830 πρὸς
1723 4758 1994 4813 Φίλιππον
2021 4757 2115 4813 τὸν
2191 4755 2422 4828 βασιλέα
2465 4755 2639 4825 αὐτῆς
2706 4752 2902 4820 ἐλθὼν,
2938 4752 3033 4807 ὑπ’
3057 4753 3272 4807 ἐκείνου
3334 4754 3434 4823 μὲν
3461 4753 3565 4807 ούκ
3605 4750 3693 4818 ἐξ.

408 4857 589 4929 ἐδόθη.
612 4857 753 4928 πρὸς
772 4856 831 4911 δέ
859 4858 989 4921 τοὺς
1028 4855 1323 4927 Ἱλλυρίους
1354 4856 1670 4912 ἐπανελθὼν
1707 4853 2019 4927 συνελήφθη
2060 4852 2167 4908 ὑπὸ
2204 4850 2496 4925 Ῥωμαίων
2517 4850 2614 4905 καὶ⁷
2643 4848 2966 4920 ἐδικαιώθη.

480 4956 611 5010 KA'.
644 4953 734 5023 Τῷ
764 4953 811 5008 δ’
856 4952 1104 5024 ἐχομένῳ
1146 4954 1259 5009 ἐτει
1300 4954 1622 5026 περιφανῶς
1653 4955 1704 5009 οἱ
1738 4953 1990 5025 Ῥωμαῖοι

2183 4950 2328 5006 XXI.
2362 4948 2629 5020 Sequenti
2675 4961 2821 5026 anno
2873 4946 3252 5003 Romanorum
3300 4954 3354 5001 et
3403 4945 3694 5017 Carthagi-

408 5049 524 5111 τοῖς
572 5022 970 5118 Καρχηδονίοις
1018 5022 1539 5120 ἐξεπολεμώθησαν,
1578 5054 1673 5103 καὶ
1701 5049 1730 5102 ὁ
1758 5022 1990 5119 πόλεμος

2119 5044 2402 5100 niensium
2435 5022 2969 5111 inimicitia/aperte
2998 5046 3305 5110 eruperunt
3338 5056 3352 5092 :
3400 5052 3466 5093 ac
3488 5036 3543 5093 id
3575 5039 3689 5092 bel-

409 5136 565 5205 οῧτος
604 5140 686 5213 τῷ
737 5141 840 5212 μέν
892 5142 1074 5213 χρόνῳ
1128 5142 1266 5196 πολὺ
1316 5141 1563 5196 ἐλάσσων
1589 5140 1695 5196 τού
1726 5141 1990 5212 προτέρου

2104 5139 2244 5204 lum,
2273 5145 2336 5192 ut
2368 5143 2618 5206 tempore
2642 5134 2805 5205 longe
2849 5133 3035 5203 priore
3069 5131 3273 5196 minus,
3310 5130 3394 5186 sic
3425 5128 3689 5199 operibus

411 5233 756 5306 συμϐέϐηκε,
782 5236 897 5300 τοῖς
923 5233 968 5289 δ’
998 5235 1184 5306 ἔργοις
1215 5238 1329 5299 τοῖς
1355 5252 1415 5288 τε
1446 5234 1736 5306 παθήμασι
1758 5234 1853 5287 καὶ
1878 5233 1990 5305 μεί-

2106 5239 2164 5287 et
2202 5228 2453 5285 cladibus
2498 5228 2662 5298 longe
2709 5225 2886 5296 majus
2912 5223 3038 5286 fuit.
3067 5232 3125 5279 et
3153 5222 3397 5294 gravius.
3429 5220 3563 5292 Eius
3587 5234 3687 5276 au-

411 5327 523 5392 ζων
550 5326 648 5381 καὶ
676 5327 1088 5398 χαλεπώτερος.
1130 5327 1267 5397 ’Έπῆ
1280 5344 1339 5398 ρε
1382 5326 1442 5381 δέ
1472 5327 1666 5380 τοῦτον
1701 5325 1940 5397 μάλιστα
1973 5327 1990 5381 ί

2109 5332 2220 5379 tem
2253 5322 2385 5379 belli
2416 5321 2742 5393 potissimus
2767 5327 2964 5374 auctor
2989 5317 3091 5372 fuit
3120 5314 3357 5372 Annibal
3420 5314 3534 5369 dux
3559 5314 3693 5369 Car-

423 5418 678 5485 Ἀννίϐας
715 5421 1081 5493 στραταογῶν
1109 5420 1220 5475 τῶν
1254 5421 1668 5493 Καρχηδονίων.
1716 5420 1777 5473 '0
1807 5419 1852 5474 δ’
1879 5417 1990 5474 Ἀν·

2110 5414 2566 5488 thaginiensium,
2606 5411 2901 5468 Amilcaris
2930 5407 3190 5465 Barchini
3225 5407 3392 5472 illius,
3436 5406 3622 5463 statim
3655 5424 3695 5464 οι

1626 5535 1833 5597 Variis
1870 5532 2184 5598 lectiones
2230 5537 2289 5590 et
2324 5537 2515 5591 notaa.

506 5637 599 5706 τε)
630 5638 906 5710 ρούριος.
953 5638 1219 5710 Φρούριος
1266 5637 1472 5710 habent
1502 5651 1888 5710 mss.romnes.

2115 5631 2438 5710 ξεστριανοζς
2491 5629 2691 5710 habet;
2733 5627 2810 5710 Ita
2853 5626 2974 5710 Dio,
3018 5624 3154 5707 lib._
3182 5639 3424 5710 κκκχιιι,
3485 5637 3539 5710 ρ.
3592 5623 3689 5705 (ξι.

516 5699 598 5777 29)
628 5695 1047 5787 ’Iv3_:z""la"tg_ou.
1077 5695 1304 5787 liamss.
1330 5709 1494 5763 codd.
1527 5708 1735 5787 δεξί’-ἐπ’
1759 5708 1990 5787 ςιστροις

2102 5695 2359 5787 ᾀΗτς-ξήθη
2388 5700 2592 5787 (προὶξ)
2627 5701 2694 5769 τῇ
2727 5698 2838 5780 τών
2881 5695 3197 5787 Ἰστριανιῖιν
3224 5695 3380 5748 πόλει
3407 5695 3546 5787 πρὸς
3577 5695 3687 5787 τῶν

413 5760 817 5860 {senatus
836 5760 1322 5860 ειεέιίιιεδέείῐικι.
1343 5760 1686 5860 iugatas.
1730 5760 1990 5857 observat

2102 5760 2481 5860 ExtiOJNL't‘tBQ
2520 5760 2872 5841 Βαστᾶρνῶν,
2911 5760 3005 5821 ubi
3061 5767 3358 5836 interpres,
3412 5760 3487 5820 ait
3517 5760 3687 5820 latra-

421 5841 689 5905 llénricus
717 5848 968 5906 Valesius
1013 5849 1079 5905 ad
1110 5841 1378 5906 lloannem
1415 5848 1848 5916 Antiochenam,
1897 5846 2003 5916 quis
2104 5859 2221 5898 tum
2257 5841 2459 5898 urbem.
