4060 6398
383 360 492 420 (λθό

1655 371 1981 432 ΙΟᾹΝΝΙΞ
2019 374 2346 436 ΖΟΝΑΒᾹΞ

3545 386 3653 446 696

390 491 565 545 puero
617 485 812 533 contra
860 478 1138 536 Romanos
1168 480 1528 537 exercitatus.
1574 483 1772 539 Aiebat
1820 485 1967 540 enim

2077 487 2232 552 νίϐας
2257 483 2413 554 οὗτος
2439 495 2583 556 παῖς
2610 491 2704 545 τοῦ
2739 493 3002 565 Ἀμίλκου
3034 496 3130 551 τοῦ
3171 497 3438 568 Βαρχίδου
3469 499 3658 567 ἐγένε-

383 567 627 623 Amilcar
685 584 744 625 se
779 585 973 626 omnes
1027 570 1186 640 ﬁlios,
1240 581 1498 644 tanquam
1521 575 1738 630 catulos
1790 591 1964 645 quos-

385 662 510 715 dam
545 670 736 717 contra
801 663 922 718 illos
950 664 1119 720 alere.
1154 664 1310 721 Illum
1337 678 1522 723 autem
1549 683 1714 739 quem
1743 669 1966 740 ingenio

385 754 548 825 longe
579 756 798 811 exteris
827 758 1156 814 antecellere
1188 761 1422 826 videret,
1453 762 1817 834 jurejurando
1838 762 1969 818 ade—

385 851 484 922 git,
519 867 577 906 se
608 852 824 907 hostem
875 853 992 909 fore
1024 857 1230 926 populo
1276 858 1550 913 Romano.
1597 859 1674 914 Ea
1702 858 1771 914 de
1801 873 1965 914 causa

385 959 511 998 cum
547 945 672 1000 aliis
711 961 839 1001 eum
875 946 1209 1018 disciplinis,
1251 961 1365 1004 tum
1400 953 1455 1004 in
1487 965 1545 1005 re
1585 950 1810 1006 militari
1842 951 1970 1006 dili-

385 1047 584 1107 genter
613 1039 842 1104 erudiit,
881 1057 1054 1110 usque
1093 1041 1160 1097 ad
1193 1058 1398 1098 annum
1442 1045 1625 1100 aetatis
1660 1045 1968 1101 decimum-

384 1131 668 1200 quintum.
702 1132 858 1188 Unde
886 1137 1027 1205 patri
1061 1134 1114 1188 in
1145 1135 1380 1206 imperio
1409 1137 1710 1192 succedere
1736 1152 1846 1192 non
1873 1153 1968 1208 po-

387 1223 497 1278 tuit
560 1241 575 1280 :
629 1225 725 1280 sed
775 1237 899 1297 post
928 1227 1256 1283 Asdrubalis
1304 1229 1540 1292 obitum,
1592 1245 1798 1284 annum
1849 1238 1965 1285 tum

383 1327 599 1372 sextum
626 1327 680 1373 et
703 1319 1027 1374 vicesimum
1055 1336 1244 1392 agens,
1265 1322 1404 1377 nihil
1427 1333 1738 1383 cunc'atus.
1773 1312 1968 1393 Hispa-

384 1411 632 1466 niensem
662 1413 966 1468 exercitum
1001 1416 1188 1469 Statim
1215 1417 1531 1486 occupavit.
1569 1415 1634 1470 Et
1667 1415 1969 1486 imperator

383 1519 414 1557 a
444 1503 712 1560 militibus
743 1506 1036 1570 salutatus,
1069 1507 1256 1562 eﬁecit
1291 1519 1353 1563 ut
1381 1509 1545 1563 etiam
1580 1509 1649 1563 ab
1683 1509 1851 1581 406
1877 1527 1967 1564 ur-

384 1597 544 1652 banis
567 1599 984 1668 magistratibus
1007 1599 1111 1654 sibi
1139 1601 1488 1673 principatus
1515 1602 1967 1658 conﬁrmaretur.

385 1688 483 1742 llis
534 1689 819 1758 perfectis,
870 1692 1182 1760 speciosum
1227 1693 1508 1762 (maerebat
1540 1695 1758 1750 titulum
1813 1695 1967 1750 inva-

385 1780 551 1836 dendi
588 1780 889 1848 Romanus,
929 1799 1092 1852 quem
1123 1783 1172 1838 ei
1214 1783 1643 1857 Zacynthiorum
1694 1787 1874 1842 coloni
1913 1788 1966 1841 in

385 1873 648 1943 llispania
701 1875 1145 1945 suppeditarunt.
1201 1879 1458 1945 Quicum
1515 1896 1623 1934 non
1664 1879 1857 1950 procul
1896 1879 1966 1935 ab

383 1983 545 2023 amne
575 1969 735 2024 Ibero
769 1969 1106 2032 habitarent,
1133 1971 1357 2039 paulum
1383 1987 1412 2026 a
1436 1972 1573 2027 mari
1605 1975 1826 2040 remoti,
1859 1974 1970 2029 Ro-

383 2077 580 2117 manos
608 2077 804 2131 magno
831 2063 1016 2118 studio
1041 2073 1095 2120 et
1133 2065 1347 2121 honore
1380 2065 1660 2133 colebant,
1712 2077 1878 2138 atque
1909 2068 1967 2124 in

384 2153 830 2225 Carthaginiensi
858 2154 1066 2211 foedere
1105 2157 1321 2228 excepti
1367 2168 1548 2214 erant.
1585 2159 1662 2215 Ea
1704 2160 1772 2216 de
1803 2177 1968 2218 causa

383 2247 588 2303 bellum
620 2248 702 2303 eis
737 2247 923 2304 intulit
955 2250 1220 2315 Annibal,
1258 2251 1407 2306 haud
1477 2251 1726 2324 ignarus,
1760 2255 1968 2310 Roma-

383 2355 488 2396 nos
517 2348 612 2396 aut
634 2356 796 2411 opem
823 2343 904 2398 eis
927 2342 1158 2407 laturos,
1184 2352 1280 2398 aut
1304 2343 1488 2400 clades
1510 2359 1701 2401 eorum
1728 2347 1963 2402 ulturos.

383 2435 467 2490 Eo
490 2434 812 2500 accedebat,
839 2435 986 2506 quod
1013 2451 1110 2492 eos
1141 2452 1366 2510 magnas
1393 2453 1528 2509 opes
1550 2439 1757 2496 habere
1784 2452 1967 2505 norat,

383 2526 587 2596 quibus
618 2527 672 2582 in
707 2528 901 2598 primis
927 2530 1124 2598 egebat
1163 2545 1176 2584 :
1209 2540 1264 2586 et
1293 2529 1418 2585 aliis
1469 2533 1804 2594 rationibus,
1839 2549 1964 2604 qua:

383 2630 578 2675 contra
614 2619 895 2676 Romanos
929 2621 1097 2676 etiam
1131 2621 1180 2676 ei
1249 2621 1536 2692 profutura
1569 2633 1752 2691 erant,
1792 2625 1968 2680 addu-

382 2718 532 2775 rtus,
560 2709 896 2780 Saguntinos
920 2720 1004 2765 est
1034 2711 1282 2767 adortus.
1303 2711 1566 2783 Hispania
1597 2729 1751 2781 vero,
1779 2714 1833 2770 in
1859 2731 1966 2782 qua

385 2801 465 2856 illi
500 2801 770 2868 habitant,
825 2817 952 2857 cum
988 2803 1238 2860 ﬁnitimis
1291 2804 1431 2860 locis
1481 2805 1743 2862 omnibus
1774 2807 1828 2861 in
1860 2809 1970 2863 Eu-

383 2909 521 2964 ropa
556 2909 755 2950 versus
799 2895 1152 2953 Occidentem
1185 2897 1312 2964 sita,
1340 2897 1410 2954 ad
1444 2914 1595 2955 mare
1627 2900 1882 2966 interius,
1915 2912 1969 2958 et

383 2983 640 3042 Herculis
671 2987 958 3045 columnas
994 2999 1048 3044 et
1077 2989 1356 3047 Oceanum
1403 2991 1563 3062 longe
1590 2994 1856 3058 excurrit,
1887 3003 1984 3050 at-

383 3093 493 3147 que
520 3079 688 3134 etiam
719 3081 1100 3136 continentem
1131 3081 1455 3152 longissimo
1489 3092 1666 3138 tractu
1701 3098 1875 3153 usque
1897 3085 1964 3139 ad

2069 598 2154 645 1:0,
2186 583 2284 636 καὶ
2317 585 2382 638 ἐκ
2408 584 2614 639 παίδων
2647 585 2810 650 εὐθὺς
2848 589 2942 642 ἐπὶ
2973 593 3103 654 τοὺς
3135 589 3447 660 Ῥωμαίους
3476 593 3654 662 ἠσκήο

2071 670 2160 742 θη.
2200 673 2414 739 Πάντας
2440 677 2548 746 γὰρ
2577 677 2705 742 τοὺς
2733 679 2886 743 υἱοὺς
2915 680 2944 734 ὁ
2984 680 3249 750 ’Δμίλκας
3278 680 3469 750 ὥσπερ
3502 685 3654 744 τινὰς

2071 761 2348 834 σκύμνους
2373 767 2461 820 ἐπ’
2489 768 2684 832 αὐτοὺς
2711 771 2935 842 τρέφειν
2952 771 3158 840 ἔλεγεν,
3182 773 3389 827 ἐκεῖνον
3408 773 3490 840 δέ,
3513 775 3649 828 πολὺ

2076 859 2142 928 τῇ
2171 857 2330 927 φύσει
2361 861 2708 931 προφέροντα
2750 863 2916 934 ὁρῶν,
2948 866 3044 919 καὶ
3063 865 3292 936 ὥρκωσε
3317 866 3654 936 πολεμήσειν

2070 950 2274 1014 αὐτοῖς.
2311 952 2422 1006 Καὶ
2453 952 2540 1006 διὰ
2559 954 2720 1008 τοῦτο
2747 955 2815 1009 τά
2837 974 2895 1010 τε
2927 957 3061 1012 ἄλλα
3088 958 3182 1012 καὶ
3209 958 3276 1012 τά
3308 958 3545 1029 πολέμια
3571 960 3652 1012 έτι

2072 1043 2278 1112 μᾶλλον
2332 1045 2498 1099 αὐτὸν
2555 1047 2887 1117 ἐξεδίδασκε,
2949 1053 3449 1126 πεντεκαιδεκαέτη
3497 1055 3648 1111 ὅντα.

2070 1133 2238 1187 Ὅθεν
2275 1138 2374 1190 οὐκ
2412 1137 2678 1209 ἠδυνήθη,
2715 1140 2970 1207 θανόντος
3001 1144 3150 1215 αὖτῷ
3177 1143 3272 1198 τοῦ
3303 1147 3533 1218 πατρὸς,
3555 1149 3654 1220 τὴν

2071 1225 2412 1296 στρατηγίαν
2440 1226 2809 1296 διαδέξασθαι.
2845 1231 3001 1285 Ἐπεὶ
3023 1234 3079 1287 δέ
3105 1236 3133 1288 ὁ
3175 1235 3506 1307 Ἀσδρούϐας
3535 1238 3656 1290 ἐτεο

2069 1311 2354 1381 λεύτησεν,
2391 1316 2574 1370 οὐκέτι
2599 1318 2918 1390 ἐμέλλησεν.
2947 1320 3006 1386 ἒξ
3039 1323 3132 1376 καὶ
3165 1323 3374 1378 είκοσιν
3394 1325 3534 1380 ἐτῶν
3560 1329 3650 1380 τό·

2067 1422 2128 1458 τε
2172 1407 2438 1475 γεγονὼς,
2487 1409 2624 1464 ἀλλὰ
2664 1411 2727 1465 τό
2766 1429 2826 1465 τε
2865 1415 3182 1486 στράτευμα
3234 1419 3293 1471 ἐν
3331 1420 3398 1490 τῇ
3443 1419 3653 1493 Ἰϐηρίᾳ

2070 1498 2268 1551 αὐτίκα
2311 1504 2726 1571 προσκατέλαϐε
2771 1505 2910 1576 (50),
2956 1510 3051 1562 καὶ
3085 1512 3392 1580 στρατηγὸς
3427 1513 3521 1565 ὑπ’
3554 1513 3651 1566 αὑ·

2069 1592 2182 1644 τῶν
2211 1593 2569 1664 ἀναδειχθεὶς,
2605 1596 2915 1669 διῳκήσατο
2945 1599 3041 1652 καὶ
3069 1601 3221 1668 παρά
3253 1601 3362 1654 τῶν
3392 1603 3532 1658 οίκοι
3559 1621 3647 1658 τε-

2069 1685 2181 1739 λῶν
2216 1687 2581 1760 βεϐαιωθῆναι
2623 1689 2776 1762 αὐτῷ
2815 1692 2916 1761 τὴν
2968 1694 3291 1762 ἠγεμονίαν.
3342 1695 3563 1766 Πράξας
3597 1699 3654 1752 δέ

2071 1777 2269 1841 ταῦτα.
2314 1781 2645 1851 προφάσεως
2672 1783 2984 1855 εὐπρεποῦς
3032 1786 3205 1840 ἐδεῖτο
3251 1788 3333 1851 είς
3374 1788 3473 1860 τὴν
3509 1791 3654 1844 κατὰ

2085 1869 2376 1939 Ῥωμαίων
2409 1872 2610 1943 ὁρμὴν,
2643 1873 2740 1926 καὶ
2775 1875 2983 1946 ταύτην
3008 1877 3310 1946 ἐποιήσατο
3341 1882 3470 1944 τοὺς
3500 1883 3558 1933 ἐν
3585 1884 3651 1954 τῇ

2069 1963 2282 2034 Ἰϐηρίᾳ
2314 1964 2666 2030 Ζακυνθίους.
2695 1961 2854 2022 Οὗτοι
2885 1969 3022 2039 γὰρ,
3055 1971 3118 2023 οὐ
3145 1971 3336 2043 πόρρω
3366 1972 3460 2025 τοῦ
3489 1989 3656 2026 ποτα-

2075 2055 2176 2128 μοῦ
2206 2057 2481 2124 οἰκοῦντες
2505 2060 2599 2114 τοῦ
2630 2060 2847 2133 Ἴϐηρος
2879 2061 2993 2117 ἄνω
3017 2066 3116 2134 τῆς
3157 2065 3431 2136 θαλάσσης
3454 2067 3652 2139 βραχὺ,

2070 2151 2186 2212 τοῖς
2242 2150 2539 2222 Ῥωμαίοις
2591 2155 2972 2224 προσέκειντο,
3004 2156 3250 2211 κάκεῖνοι
3309 2159 3402 2214 καὶ
3449 2160 3654 2232 ἐτίμων

2072 2243 2269 2308 αὐτοὺς
2303 2247 2397 2300 καὶ
2438 2248 2496 2300 ἐν
2519 2248 2638 2312 ταῖς
2679 2247 2816 2318 πρὸς
2851 2251 2980 2315 τοὺς
3020 2252 3421 2323 Καρχηδονίους
3457 2255 3657 2326 συνθή-

2071 2354 2196 2403 καις
2212 2338 2540 2409 ,ἐξαιρέτους
2566 2341 2998 2408 ἐπεποιήκεσαν.
3035 2344 3136 2398 Διὰ
3165 2345 3317 2399 ταῦτ’
3349 2343 3442 2402 οὖν
3471 2347 3500 2400 ό
3536 2347 3658 2404 Ἀν-

2071 2431 2226 2496 νίϐας
2255 2432 2492 2502 πόλεμον
2521 2434 2692 2505 ἤρατο
2728 2435 2861 2506 πρὸς
2890 2436 3110 2502 αὐτοὺς,
3145 2437 3300 2504 εἰδὼς
3335 2439 3421 2495 δτι
3461 2440 3493 2512 ἢ
3529 2441 3656 2497 ἐπι-

2072 2524 2441 2593 κουρὴσουσιν
2499 2525 2549 2576 οἱ
2600 2524 2862 2596 Ῥωμαῖοι
2892 2529 3007 2588 τοῖς
3039 2527 3362 2593 Ζακυνθίοις
3403 2529 3436 2601 ἢ
3469 2529 3562 2584 καί
3601 2548 3654 2586 τι

2073 2614 2310 2668 παθοῦσι
2340 2616 2740 2687 τιμωρήσουσι.
2772 2619 2867 2671 Διά
2894 2635 2954 2670 τε
2989 2613 3084 2672 οὖν
3107 2619 3279 2673 ταῦτα
3312 2619 3409 2675 καὶ
3444 2622 3528 2675 δτι
3560 2623 3654 2675 καὶ

2076 2707 2251 2779 μέγαν
2281 2707 2513 2761 πλοῦτον
2544 2707 2844 2777 κεκτῆσθαι
2883 2709 3079 2772 αὐτοὺς
3104 2710 3426 2778 ἐγίνωσκεν,
3455 2707 3518 2766 οὗ
3557 2713 3656 2768 καὶ

2074 2801 2312 2872 μάλιστα
2337 2801 2561 2872 ἔχρῃζε,
2593 2802 2688 2854 καὶ
2718 2801 2788 2854 δι’
2821 2800 2985 2872 ἕτερα
3023 2802 3172 2855 αῐτια
3203 2801 3297 2854 καὶ
3330 2802 3476 2855 κατά
3517 2803 3655 2856 Ῥω.

2074 2895 2255 2964 μαίων
2281 2894 2430 2962 αὐτῷ
2455 2892 2896 2963 συμϐαλλόμενα,
2921 2893 3034 2952 τοῖς
3058 2891 3380 2956 Ζακυνθίοις
3403 2893 3651 2948 ἐπέθετο.

2084 2985 2148 3038 Ἦ
2171 2983 2217 3036 δ’
2245 2983 2476 3054 Ἰϐηρία,
2509 2977 2623 3053 ἐνῇ
2652 2983 2702 3036 οἱ
2737 2981 3026 3037 Ζακύνθιοι
3059 2981 3292 3048 οἰκοῦσι,
3334 2985 3427 3037 καὶ
3457 2985 3488 3054 ἡ
3518 3000 3656 3054 προ-

2074 3075 2239 3146 σεχὴς
2279 3075 2417 3145 αὐτῇ
2469 3076 2618 3129 πᾶσα
2680 3075 2739 3129 ἔν
2785 3093 2846 3129 τε
2891 3077 2958 3146 τῇ
2995 3073 3234 3150 Εὐρώπῃ
3266 3077 3404 3150 πρὸς
3440 3077 3654 3143 δυσμάς

385 3178 604 3225 montes
635 3171 925 3242 Pyrenaeos
955 3180 1189 3243 occupat
1215 3191 1230 3228 :
1259 3174 1351 3243 qui
1379 3188 1408 3227 a
1453 3174 1612 3239 mari,
1649 3175 1797 3245 quud
1837 3177 1967 3230 olim

2074 3169 2212 3234 ἐστι,
2240 3168 2334 3221 καὶ
2366 3169 2460 3222 ἐπὶ
2493 3169 2628 3222 πολὺ
2668 3169 2768 3239 μὲν
2800 3171 2954 3240 παρὰ
2976 3168 3073 3240 τὴν
3097 3168 3205 3223 ἔσω
3226 3169 3528 3238 θάλασσαν,
3558 3173 3658 3225 καὶ

383 3262 713 3334 Bebrycium
743 3264 1060 3330 dicebatur,
1103 3275 1228 3335 post
1253 3265 1611 3323 Narbonense
1633 3269 1966 3338 appellatum

384 3366 492 3423 est,
533 3357 794 3426 usquead
821 3357 1067 3414 exterius
1095 3374 1246 3414 mare
1270 3375 1526 3431 magnum
1555 3357 1860 3430 pertinent,
1887 3370 1972 3417 to-

386 3459 609 3519 tamqu‘e
633 3450 953 3520 Hispaniam
983 3467 1012 3505 a
1041 3450 1216 3506 Gallia
1247 3450 1478 3506 ﬁnitima
1507 3451 1794 3507 dirimunt.
1823 3453 1967 3510 Intra

383 3553 483 3593 eos
514 3538 701 3595 multae
733 3539 964 3595 diversa:
998 3548 1191 3612 gentes
1222 3540 1616 3608 consederunt,
1645 3557 1748 3597 nec
1779 3543 1968 3614 lingua

383 3628 605 3693 eadem,
660 3645 762 3685 nec
789 3629 967 3686 forma
1024 3631 1346 3701 reipublicze
1393 3638 1656 3688 utentes:
1692 3630 1840 3689 unde
1868 3648 1970 3690 nec

383 3723 582 3780 eodem
634 3723 860 3780 nomine
889 3724 1259 3795 appellantur.
1308 3723 1444 3779 Nam
1489 3723 1723 3778 Romani
1771 3723 1970 3794 Hispa-

383 3832 507 3883 nos,
558 3815 736 3872 Graeci
776 3817 846 3872 ab
873 3817 1034 3872 Ibero
1066 3831 1231 3873 amne
1265 3817 1456 3872 Iberos
1488 3825 1714 3872 vocant.
1752 3816 1970 3888 Sagun-

384 3910 488 3964 tini
537 3926 666 3966 cum
713 3910 1128 3976 obsiderentur,
1180 3910 1384 3970 auxilia
1417 3917 1471 3965 et
1514 3909 1879 3964 ﬁnitimorum
1915 3921 1970 3964 et

383 4007 759 4062 Romanorum
792 4007 1161 4077 implorarunt
1199 4025 1211 4059 :
1249 4020 1314 4061 ac
1346 4005 1471 4062 illos
1534 4006 1825 4077 prohibuit
1857 4006 1973 4061 An-

382 4099 556 4154 nibal.
601 4099 837 4156 Romani
869 4110 1057 4156 autem
1097 4099 1295 4172 legatis
1342 4099 1408 4154 ad
1439 4114 1568 4154 eum
1601 4098 1808 4165 missis,
1843 4115 1968 4170 pos-

385 4191 662 4258 tularunt,
697 4201 760 4247 ut
804 4190 1049 4262 Sagunto
1084 4191 1413 4247 abstineret.
1447 4189 1606 4258 Quod
1637 4191 1696 4246 ni
1739 4189 1965 4258 faceret,

381 4281 764 4350 minabantur,
791 4297 849 4338 se
871 4281 1263 4352 Carthaginem
1310 4281 1496 4337 statim
1531 4281 1599 4336 ad
1626 4297 1753 4338 eum
1799 4297 1968 4336 accu-

383 4377 622 4433 sandum
703 4377 1080 4448 navigaturos.
1155 4375 1224 4431 At
1281 4375 1519 4431 Annibal
1576 4389 1646 4430 ex
1707 4375 1969 4446 Hispanis

2074 3259 2226 3330 παρὰ
2258 3260 2357 3324 τὰς
2397 3261 2756 3330 Ἡρακλείους
2799 3261 3002 3334 στήλας
3047 3262 3140 3316 τόν
3180 3279 3238 3315 τε
3277 3262 3538 3317 Ὠκεανὸν
3563 3264 3656 3317 αὺ-

2072 3351 2164 3404 τὸν
2206 3353 2460 3422 προήκει,
2493 3352 2590 3405 καὶ
2624 3353 2853 3423 προσέτι
2887 3352 2982 3407 καὶ
3012 3351 3370 3432 τὴνίῆπειρον
3413 3353 3513 3424 τὴν
3542 3353 3655 3408 άνω

2071 3442 2162 3496 διὰ
2191 3444 2448 3497 πλείστου
2479 3443 2642 3514 μέχρι
2677 3444 2772 3498 τοῦ
2811 3445 3126 3516 Πυρηναίου
3157 3445 3404 3514 νέμεται.
3433 3445 3506 3499 Τὸ
3543 3448 3654 3516 γάρ

2077 3533 2203 3604 ὅρος
2238 3534 2419 3601 τοῦτο,
2454 3538 2516 3589 ἐκ
2540 3539 2638 3603 τῆς
2667 3536 2945 3608 θαλάσσης
2965 3540 3064 3610 τῆς
3103 3537 3272 3592 πάλαι
3309 3539 3408 3608 μὲν
3441 3537 3655 3608 Βεϐρύ·

2071 3643 2205 3693 κων,
2255 3626 2483 3699 ὕστερον
2531 3627 2590 3680 δέ
2634 3627 3046 3700 Ναρϐωνησίων
3080 3630 3414 3700 ἀρξάμενον,
3457 3631 3516 3694 ἐς
3551 3632 3654 3700 τὴν

2072 3718 2178 3784 ἐξω
2205 3718 2304 3791 τὴν
2339 3719 2586 3791 μεγάλην
2617 3720 2902 3786 διατείνει,
2953 3721 3124 3776 πολλὰ
3165 3721 3266 3792 μὲν
3300 3723 3454 3786 ἐντὸς
3487 3721 3654 3775 αὑτοῦ

2071 3813 2166 3868 καὶ
2195 3810 2485 3883 σύμμικτα
2517 3813 2648 3883 ἔθνη
2673 3812 2819 3884 ἔχον,
2848 3815 3032 3868 πᾶσαν
3068 3813 3127 3866 δέ
3151 3815 3252 3886 τὴν
3273 3813 3519 3885 Ἰϐηρίαν
3546 3813 3658 3868 άπὸ
3687 3840 3706 3850 ~

2070 3905 2170 3976 τῆς
2204 3905 2505 3976 προσοίκου
2542 3903 2815 3970 Γαλατίας
2844 3906 3124 3978 άφορίζον.
3152 3905 3290 3961 Οὔτε
3310 3907 3356 3959 δ’
3379 3908 3656 3976 ὁμόφωνοι

2069 3993 2233 4071 ἦσαν,
2268 3995 2390 4051 οὔτε
2421 4001 2574 4068 κοινῇ
2607 3998 3006 4064 ἐπολιτεύοντο,
3041 3997 3166 4053 ὃθεν
3196 3999 3316 4053 οὐδὲ
3345 4001 3424 4062 είς
3458 3998 3516 4053 ἓν
3536 3999 3658 4053 δνο-

2075 4109 2152 4163 μα
2193 4092 2431 4147 ἐτέλουν.
2474 4092 2539 4145 Οί
2588 4091 2688 4165 μὲν
2721 4092 2832 4164 γὰρ
2869 4093 3141 4162 Ῥωμαῖοι
3176 4092 3486 4157 Ἰσπανοὺς,
3517 4093 3568 4146 oi
3609 4092 3654 4146 δ’

2072 4185 2336 4256 Ἕλληνες
2374 4185 2600 4256 Ἴϐηρας
2633 4185 2744 4239 άπὸ
2786 4185 2880 4239 τοῦ
2907 4186 3159 4256 ποταμοῦ
3193 4185 3414 4255 Ἴϐηρος
3454 4185 3657 4249 αὐτοὺς

2070 4280 2436 4335 ἐπεκάλεσαν.
2494 4279 2558 4332 υἱ
2609 4277 2710 4349 μὲν
2762 4277 2856 4333 οῦν
2885 4277 3180 4332 Ζακύνθιοι
3208 4273 3356 4332 οὗτοι
3403 4277 3656 4349 ἐπολιορ-

2071 4374 2291 4440 κοῦντο,
2320 4373 2418 4426 καὶ
2439 4371 2693 4443 ἔπεμψαν
2725 4372 2862 4443 πρὸς
2889 4373 3016 4434 τοὺς
3048 4371 3370 4442 περιοίκους
3396 4371 3492 4425 καὶ
3516 4371 3656 4441 πρὸς

382 4470 654 4541 quosdam
685 4469 859 4536 misit,
901 4469 996 4540 qui
1025 4485 1126 4539 per
1160 4467 1288 4524 ﬁdei
1324 4479 1377 4524 et
1407 4469 1668 4524 amicitia:
1724 4468 1965 4538 speciem

2073 4467 2200 4528 τοὺς
2251 4464 2560 4533 Ῥωμαίους
2609 4464 2935 4536 ἐπικουρίας
2985 4464 3255 4532 δεόμενοι.
3323 4462 3486 4517 Ἀλλά
3525 4463 3656 4526 τοὺς

1993 4516 2047 4576 D

381 4559 583 4630 legatis
637 4557 1218 4630 appr-upinqnantibus
1268 4557 1545 4622 dicerent,
1602 4571 1715 4611 non
1769 4557 1967 4614 adesse

2077 4559 2176 4628 μὲν
2205 4558 2234 4610 ό
2275 4557 2523 4620 Ἀννίϐας
2549 4555 2824 4609 ἐκώλυσεν
2853 4572 2869 4588 ο
2901 4556 2952 4608 οἱ
2975 4555 3032 4608 δέ
3075 4555 3362 4624 Ῥωμαῖοι,
3390 4554 3656 4624 πρέσϐεις

382 4654 604 4717 ducem,
667 4652 862 4722 procul
915 4652 970 4706 in
1019 4651 1136 4705 loca
1200 4650 1450 4720 quaedam
1508 4649 1784 4721 incognita
1839 4665 1968 4720 pro-

382 4745 588 4800 iectum
621 4761 634 4797 :
687 4751 1113 4810 monerentque,
1165 4749 1228 4796 ut
1268 4741 1678 4813 quamprimum
1713 4741 1967 4796 discede-

385 4843 532 4900 rent,
564 4848 634 4888 ne
670 4832 910 4888 adventu
949 4833 1173 4888 illorum
1204 4832 1448 4901 cognito,
1479 4847 1578 4902 per
1611 4831 1966 4902 imperatoris

383 4919 696 4977 absentiam
719 4923 786 4974 ab
811 4919 1100 4976 effrenatis
1127 4920 1399 4976 militibus
1423 4921 1738 4976 interirent.
1772 4919 1966 4990 Legati

382 5028 514 5069 vera
548 5012 640 5068 illa
666 5027 792 5068 esse
821 5011 947 5075 rati,
980 5010 1369 5082 Carthaginem
1415 5011 1691 5067 abierunt.
1721 5011 1964 5067 indicto-

384 5123 494 5180 que
539 5107 716 5162 concil
743 5121 796 5171 o,
824 5104 1370 5176 Carthaginiensium
1415 5104 1508 5160 alii
1541 5119 1734 5174 pacem
1781 5119 1972 5162 suase-

386 5213 556 5266 runt;
590 5199 758 5256 factio
831 5214 962 5255 vero
1009 5196 1324 5263 Annibalis,
1363 5197 1700 5268 Saguntinos
1727 5212 1855 5253 esse
1886 5198 1971 5253 in-

380 5293 584 5362 jurios,
627 5302 685 5348 et
709 5291 992 5347 Romanos
1037 5305 1101 5345 ea
1142 5303 1266 5360 qua:
1300 5287 1441 5343 nihil
1486 5287 1552 5342 ad
1589 5288 1737 5358 ipsos
1769 5287 1971 5346 attine-

385 5394 532 5450 rent,
571 5383 793 5438 curiose
837 5382 1125 5452 complecti
1161 5381 1464 5435 asserebat.
1499 5377 1746 5449 Denique
1777 5378 1834 5434 in
1859 5394 1958 5434 eo-

387 5495 509 5534 rum
535 5477 696 5550 E07
733 5475 1067 5532 sententiam
1094 5474 1234 5529 itum
1271 5481 1378 5540 est,
1409 5471 1504 5543 qui
1534 5470 1666 5526 belli
1701 5470 1968 5528 Romanis

388 5569 662 5626 inferendi
712 5576 966 5624 auctores
1003 5576 1185 5623 erant.
1234 5567 1453 5622 Interea
1507 5563 1639 5618 dum
1727 5563 1966 5622 Annibal

2071 4651 2209 4721 πρὸς
2243 4651 2454 4704 ἐκεῖνον
2485 4648 2823 4720 πέμψαντες,
2863 4647 2940 4720 μὴ
2985 4647 3244 4713 πελάζειν
3286 4649 3402 4710 τοῖς
3447 4649 3658 4702 Ζακυν-

2072 4741 2208 4804 θίοις
2249 4741 2524 4806 ἐκέλευον,
2564 4740 2664 4794 καὶ
2697 4741 2746 4794 εί
2779 4738 2856 4812 μὴ
2892 4739 3157 4807 πείθοιτο,
3194 4742 3251 4804 ἐς
3284 4740 3383 4810 τὴν
3426 4741 3656 4812 Καρχη-

2070 4833 2199 4888 δόνα
2225 4831 2461 4886 πλεῦσαι
2495 4832 2661 4896 εὐθὺς
2689 4833 2782 4886 καὶ
2810 4833 3191 4904 κατηγορῆσαι
3217 4830 3385 4888 αὑτοῦ
3417 4832 3655 4902 ἐπηπεί-

2068 4926 2259 4998 λησαν.
2309 4925 2366 4980 Ὀ
2398 4924 2442 4978 δ’
2505 4924 2781 4994 Ἀννίϐας,
2837 4928 2902 4980 ἐκ
2935 4925 3046 4980 τῶν
3078 4926 3392 4996 ἐπιχωρίων
3429 4925 3656 4995 πέμψας

2071 5020 2224 5083 τινάς
2251 5018 2328 5082 ὡς
2355 5016 2571 5071 εὔνοιαν
2594 5017 2900 5088 τηροῦντας
2927 5019 3042 5082 τοῖς
3071 5016 3366 5088 πρέσϐεσιν
3387 5017 3489 5090 ἤδη
3515 5016 3656 5090 πλη-

2073 5112 2192 5165 σίον
2234 5109 2377 5175 οὖσι,
2414 5109 2797 5181 παρεσκεύασε
2839 5107 3022 5179 λέγειν
3055 5109 3239 5173 αὐτοῖς
3279 5110 3356 5181 μὴ
3395 5110 3655 5180 παρεῖναι

2069 5203 2163 5258 τὸν
2195 5201 2524 5274 στρατηγὸν,
2567 5203 2759 5275 πόρρω
2786 5219 2888 5256 που
2933 5203 2990 5264 ἐς
3022 5201 3281 5271 ἄγνωστα
3310 5201 3490 5272 χωρία
3518 5201 3657 5254 ἀπο-

2069 5295 2412 5366 δημήσαντα,
2447 5293 2540 5349 καὶ
2575 5292 2854 5365 παρῄνουν
2883 5292 3270 5362 ἀπαλλαγῆναι
3293 5293 3370 5356 ὡς
3395 5292 3653 5362 τάχιστα,

2068 5386 2201 5457 πρὶν
2246 5384 2678 5455 καταγγελθεῖεν
2728 5385 2805 5447 ὡς
2859 5385 3138 5455 πάρεισιν,
3176 5384 3264 5439 ἵνα
3300 5384 3377 5456 μὴ
3423 5385 3514 5439 διὰ
3551 5382 3654 5452 τὴν

2069 5476 2362 5546 ἀναρχίαν,
2395 5475 2492 5529 τοῦ
2533 5472 2849 5545 στρατηγοῦ
2877 5475 2953 5546 μὴ
2988 5474 3282 5545 παρόντος,
3311 5474 3651 5531 ἀπόλωνται.

2069 5567 2135 5621 Ol
2174 5567 2273 5639 μὲν
2295 5563 2389 5622 οὖν
2429 5567 2826 5630 πιστεύσαντες
2854 5566 3042 5630 αὐτοῖς
3068 5566 3150 5631 είς
3179 5565 3282 5638 τὴν
3323 5565 3654 5639 Καρχηδόνα

1592 5713 1798 5775 νει-ἰῶ
1829 5712 2146 5778 lectiones
2190 5721 2254 5777 et
2286 5721 2478 5778 notua.

458 5835 568 5897 (30)
599 5835 826 5892 Αὐτίκα
871 5841 1293 5906 προκαιέλιιϐε.
1333 5843 1486 5900 Alter
1540 5841 1713 5900 codex
1745 5842 1949 5911 Wolﬁi,

2071 5843 2288 5901 οσέλαϐε
2321 5844 2430 5904 duo
2464 5843 2596 5916 Reg.
2629 5854 2686 5903 et
2719 5843 2871 5903 Colb.
2907 5841 3347 5916 προσκατέλαϐε.
