4060 6402
419 380 524 442 697

1629 405 2041 471 ANNALIUM
2080 414 2231 476 LIB.
2274 418 2444 480 VIII.

3583 433 3690 496 6'98

425 500 692 617 ἀπέπεσαν.
721 505 1026 580 Γενομένης
1049 510 1106 565 δέ
1141 513 1464 586 ἐκκλησίας,
1494 519 1544 573 oi
1577 520 1677 590 μὲν
1709 525 1820 579 τῶν
1849 527 2001 600 Καρ-

2118 533 2304 588 sedulo
2353 535 2556 591 moenia
2587 546 2894 610 oppugnat,
2945 540 3104 597 multi
3153 557 3222 599 ex
3263 543 3385 617 eius
3415 547 3690 606 militibus

423 595 686 665 κηδονίων
718 601 946 672 εἰρήνην
972 603 1129 672 ἄγειν
1191 608 1330 678 πρὸς
1359 611 1485 674 τοὺς
1522 610 1825 684 Ῥωμαίους
1869 595 1998 674 συνυ

425 691 736 758 ηϐούλευον,
775 697 824 749 oi
856 695 936 763 δέ,
964 699 1043 768 τῷ
1069 700 1286 773 Ἀννίϐᾳ
1311 706 1697 778 προσκείμενοι
1720 711 1857 784 (3i),
1879 715 2007 778 τοὺς

431 785 533 855 μὲν
559 787 895 853 Ζακυνθίους
917 791 1148 858 ἀδικεῖν,
1173 796 1300 859 τοὺς
1325 797 1381 851 δὲ
1417 798 1720 868 Ῥωμαίους
1748 806 1816 857 τά
1839 805 2006 875 μηδὲν

429 878 581 947 σφίσι
605 881 954 950 προσήκοντα
994 885 1478 958 πολυπραγμονεῖν
1519 891 1728 961 ἔλεγον.
1769 897 1882 950 Καὶ
1913 897 2007 952 τέ-

425 969 518 1029 λος
549 973 941 1044 ἐπεκράτησαν
970 978 1020 1030 oi
1055 979 1362 1050 πολεμῆσαι
1408 988 1550 1054 σφᾶς
1589 987 2003 1056 ἀναπείθοντες.

438 1063 528 1117 Ἐν
553 1065 733 1136 τούτῳ
762 1066 816 1119 δὲ
847 1068 876 1121 ό
919 1069 1169 1135 Ἀννίϐας
1195 1075 1400 1146 σπουδῇ
1441 1079 1541 1141 τάς
1566 1080 1878 1150 προσϐολάς
1906 1087 2006 1155 τῆς

424 1158 778 1228 τειχομαχίας
826 1161 1086 1218 ἐποιεῖτο.
1142 1166 1363 1222 Πολλῶν
1421 1169 1478 1223 δέ
1531 1173 1864 1240 πιπτόντων,
1910 1177 2006 1229 καὶ

427 1249 693 1304 πλειόνων
730 1258 1192 1328 τιτρωσκομένων
1230 1261 1295 1316 ἐκ
1318 1262 1426 1315 τῶν
1463 1264 1558 1318 τοῦ
1608 1265 1881 1332 Ἀννίϐου,
1911 1267 2006 1322 καί

426 1359 557 1394 ποτε
593 1343 706 1396 τῶν
739 1347 1131 1418 Καρχηδονίων
1162 1355 1610 1412 κατασεισάντων
1637 1375 1691 1412 τι
1727 1358 1821 1412 τοῦ
1851 1377 2008 1431 περι-

425 1431 586 1486 ϐόλου
641 1435 738 1490 καὶ
791 1439 933 1491 κατὰ
962 1439 1025 1492 τὸ
1062 1441 1251 1512 ῥῆγμα
1285 1444 1557 1498 είσελθεῖν
1593 1446 2002 1519 τολμησάντων,

427 1525 800 1595 ἐπεξέδραμον
849 1531 898 1582 oi
939 1532 1229 1588 Ζακύνθιοι
1279 1537 1373 1589 καὶ
1421 1538 1774 1610 ἀπεσόϐησαν
1826 1544 2003 1611 σφᾶς·

423 1614 547 1668 ὅθεν
607 1619 764 1673 αὑτοὶ
811 1621 911 1692 μὲν
947 1625 1399 1697 ἐπερρώσθησαν,
1447 1629 1497 1682 oi
1539 1630 1903 1701 Καρχηδόνιοι
1949 1635 2008 1689 δέ

426 1705 677 1762 ἐνέδοσαν
726 1710 1134 1782 ἀθυμήσαντες.
1169 1716 1286 1770 Οὑκ
1315 1719 1635 1790 ἀπέστησαν
1659 1722 1716 1775 δὲ
1748 1723 1881 1792 πρὶν
1906 1725 2008 1796 τὴν

427 1799 583 1852 πόλιν
617 1799 782 1866 ἑλεῖν,
821 1804 1001 1858 καίτοι
1040 1807 1128 1861 ἐπ’
1157 1808 1343 1876 ὄγδοον
1377 1811 1522 1881 μῆνα
1555 1812 1656 1883 τῆς
1687 1813 2009 1886 πολιορκίας

427 1894 862 1966 παραταθείσης,
904 1899 960 1951 ἐν
992 1894 1074 1963 οἷς
1116 1900 1254 1954 ἀλλα
1285 1920 1346 1957 τε
1379 1904 1554 1958 πολλὰ
1583 1907 1886 1980 συνηνέχθη
1913 1911 2006 1964 καὶ

427 1981 623 2051 ἄτοπα,
660 1987 754 2040 καὶ
794 1991 823 2042 ὁ
872 1990 1122 2054 ’Λννίϐας
1152 1993 1340 2058 δεινῶς
1378 1997 1614 2069 ἐτρώθη.
1649 1998 1804 2054 Ἥλω
1827 2000 1885 2054 δὲ
1918 2001 2010 2055 οὗ·

426 2095 537 2140 τως
557 2092 571 2106 ·
613 2080 913 2153 μηχάνημα
947 2083 1026 2156 τῷ
1054 2085 1227 2157 τείχει
1259 2091 1630 2162 προσήγαγον,
1663 2093 1799 2148 πολύ
1827 2111 1884 2149 τε
1918 2096 2010 2150 αὑ-

427 2168 522 2222 τοῦ
559 2171 879 2244 ὑπεραῖρον,
916 2178 1010 2231 καὶ
1038 2179 1265 2244 ὁπλίτας
1295 2182 1424 2246 τοὺς
1451 2183 1548 2252 μὲν
1573 2185 1837 2255 ἐμφανεῖς
1858 2187 2005 2257 ἔχον,

426 2261 554 2326 τοὺς
584 2261 642 2316 δὲ
675 2263 1061 2331 λανθάνοντας.
1096 2270 1220 2324 Τῶν
1249 2267 1344 2326 οὖν
1374 2275 1694 2329 Ζακυνθίων
1722 2279 1838 2341 τοῖς
1864 2278 2007 2349 ὀρω-

431 2355 615 2423 μένοις
648 2356 725 2421 ὡς
760 2360 947 2430 μόνοις
984 2363 1103 2417 οὖσι
1137 2368 1467 2438 μαχομένων
1499 2372 2000 2446 ἐρρωμενέστερον,

425 2446 474 2500 oi
505 2452 879 2522 κεκρυμμένοι
908 2455 966 2507 τὸ
998 2460 1177 2528 τεῖχος
1216 2460 1590 2531 ὑπορύξαντες
1625 2465 2003 2521 είσεϐιάσαντο

426 2541 520 2594 καὶ
557 2541 707 2598 ἐνδον
743 2546 1014 2614 ἐγένοντο.
1045 2549 1134 2620 Τῷ
1163 2549 1296 2619 γοῦν
1321 2555 1612 2626 παραδόξῳ
1638 2558 1688 2610 oi
1713 2557 2005 2612 Ζακύνθιοι

430 2632 804 2704 ἐκπλαγέντες
844 2640 928 2704 είς
971 2642 1071 2712 τὴν
1105 2643 1407 2715 ἀκρόπολιν
1433 2647 1763 2720 ἀνέδραμον,
1798 2651 1894 2705 καὶ
1926 2652 2008 2714 είς

427 2724 622 2794 λόγους
649 2724 839 2801 ἦλθον,
873 2733 930 2788 εί
973 2755 1092 2802 πως
1127 2738 1366 2794 ἐπιεικεῖ
1394 2759 1501 2796 τινι
1540 2743 1803 2815 ὁμολογία
1852 2761 2012 2816 περι-

429 2819 672 2880 σωθεῖεν.
717 2826 804 2890 Ὠς
832 2827 879 2882 δ’
911 2829 1066 2885 οὐδὲν
1092 2833 1120 2887 ό
1162 2833 1411 2898 Ἀννίϐας
1445 2835 1740 2908 προίσχετο
1767 2835 2014 2908 μέτριον,

2107 625 2334 692 cadunt,
2386 628 2642 698 pluribus
2688 633 2996 691 vulneratis
3037 653 3051 689 :
3102 645 3159 692 et
3208 653 3340 693 cum
3384 639 3688 710 aliquando

2106 718 2595 790 Carthaginienses
2626 725 2772 781 muri
2831 735 3049 796 partem
3096 727 3449 800 dejecissent,
3492 743 3549 787 ct
3592 747 3692 802 per

2107 813 2298 868 ruinas
2339 825 2632 884 penetrare
2675 827 3038 886 conarentur,
3083 835 3115 874 a
3196 820 3517 891 Saguntinis
3569 840 3696 878 eru-

2107 905 2294 974 ptione
2320 904 2484 970 facta,
2510 908 2716 977 repulsi
2750 921 3040 966 cesserunt
3073 930 3087 967 :
3116 913 3407 969 imminuta
3439 915 3689 979 audacia.

2107 995 2512 1065 oppidanorum
2543 1014 2678 1055 vero
2708 1001 2877 1056 animi
2918 1003 3067 1058 aucti
3100 1011 3250 1058 sunt.
3279 1003 3471 1074 Neque
3503 1015 3689 1061 tamen

2106 1088 2176 1142 ab
2203 1089 2495 1145 obsidione
2525 1090 2879 1158 destiterunt,
2907 1094 2962 1149 in
3007 1109 3256 1150 mensem
3303 1106 3558 1151 octavum
3593 1113 3687 1152 us-

2106 1197 2214 1251 que
2267 1192 2559 1254 prorogata
2607 1201 2622 1239 :
2681 1200 2796 1254 quo
2847 1187 3112 1256 temporis
3162 1189 3345 1257 Spatio
3399 1204 3525 1244 cum
3583 1189 3690 1244 alia

2107 1275 2298 1336 multa,
2329 1292 2501 1345 caque
2533 1277 2881 1332 incommoda
2911 1289 3242 1346 evenerunt,
3297 1291 3412 1335 tum
3456 1281 3694 1337 Annibal

2107 1367 2347 1436 graviter
2380 1369 2705 1426 vulneratus
2740 1379 2846 1426 est.
2877 1372 3018 1428 Urbs
3055 1384 3240 1428 autem
3283 1374 3362 1430 sic
3389 1384 3548 1445 capta
3582 1386 3687 1434 est.

2107 1457 2415 1514 Machinam
2448 1460 2819 1525 adduxerunt,
2861 1477 2984 1532 quae
3017 1464 3222 1518 moenia
3251 1467 3485 1520 multum
3511 1482 3693 1536 supe—

2108 1560 2277 1614 raret,
2319 1551 2549 1606 armatis
2593 1553 2792 1622 partim
2832 1554 3170 1622 conspicuis,
3222 1556 3423 1624 partim
3455 1557 3690 1612 occultis

2109 1641 2392 1696 refertam.
2426 1642 2567 1696 Dum
2604 1651 2788 1697 autent
2813 1643 3113 1714 Saguntini
3167 1661 3294 1700 cum
3325 1646 3394 1700 iis
3425 1647 3687 1703 duntaxat

2109 1749 2251 1804 quos
2279 1735 2564 1800 videbant,
2593 1736 2778 1791 acrius
2811 1745 3076 1807 pugnant,
3113 1739 3263 1793 solos
3296 1754 3392 1794 eos
3418 1755 3540 1795 esse
3570 1742 3690 1810 opi~

2112 1829 2250 1896 nati,
2277 1829 2479 1884 occulti
2528 1829 2766 1886 suii'osso
2812 1845 2996 1895 muro,
3027 1831 3078 1885 vi
3114 1831 3171 1885 in
3202 1831 3395 1886 urbem
3429 1843 3691 1902 penetra-

2111 1931 2263 1976 runt.
2302 1921 2594 1992 Saguntini
2645 1938 2704 1978 re
2736 1923 3019 1993 inopinata
3064 1925 3367 1995 perterriti,
3417 1925 3471 1980 in
3505 1941 3691 1981 arcem

2108 2025 2475 2072 accurrerunt
2524 2034 2538 2071 :
2593 2015 2898 2088 habitoque
2951 2018 3252 2089 colloquio,
3308 2019 3693 2076 tolerabilibus

2108 2107 2525 2164 conditionibus
2556 2109 2786 2164 salutem
2822 2111 3122 2180 impetrare
3161 2112 3517 2167 studuerunt.
3576 2113 3690 2167 An-

2110 2199 2288 2254 nibale
2322 2214 2450 2253 vero
2484 2198 2624 2255 nihil
2677 2201 2944 2255 moderati
3003 2202 3341 2271 postulante,
3372 2219 3550 2274 neque
3583 2203 3693 2258 Ro-

2112 2291 2295 2346 manis
2345 2291 2648 2360 quidquam
2679 2291 2799 2360 opis
2846 2291 3169 2352 ferentibus.
3203 2292 3596 2364 eillagitarunt,
3630 2303 3693 2364 ut

2115 2383 2524 2453 oppugnatione
2579 2383 2918 2448 intermissa,
2973 2383 3142 2439 rebus
3194 2384 3311 2438 suis
3360 2384 3692 2440 consulendi

2113 2474 2351 2542 spatium
2392 2471 2640 2528 daretur.
2677 2471 2894 2527 interea
2927 2474 3345 2543 pretiosissimis
3379 2473 3692 2544 quibusque

2111 2566 2276 2620 rebus
2311 2565 2422 2636 igni
2468 2565 2797 2634 absumptis,
2835 2565 3090 2622 homines
3157 2567 3406 2621 imbelles
3437 2566 3544 2621 sibi
3580 2565 3687 2634 ipsi

2113 2673 2313 2712 manus
2343 2656 2690 2711 attulerunt:
2716 2657 2811 2725 qui
2845 2667 3003 2712 erant
3035 2667 3203 2713 aetate
3228 2658 3463 2728 integra,
3505 2657 3693 2712 subito

2115 2748 2170 2802 in
2199 2749 2390 2804 hostes
2434 2749 2642 2820 impetu
2673 2745 2842 2814 facto,
2889 2759 3116 2805 strenue
3164 2748 3504 2805 dimicantes
3530 2764 3699 2804 occu-

2115 2839 2376 2895 buerunt.

429 2915 552 2972 οὔτε
589 2937 674 2984 τις
705 2924 892 2988 αὑτοῖς
919 2924 1161 2996 ὠφέλεια
1193 2928 1331 2999 πρὸς
1355 2929 1466 2984 τῶν
1531 2927 1826 3001 Ῥωμαίων
1890 2932 2132 3000 ἐγίνετο,
2199 2933 2558 3003 ἐπισχεθῆναι
2606 2936 2707 3001 τὰς
2750 2933 3058 3006 προσϐολὰς
3100 2931 3457 3004 ἐξῃτήσαντο,
3526 2933 3601 2998 ὥς
3644 2953 3699 2992 τι

429 3013 560 3082 περὶ
609 3013 718 3068 τῶν
773 3013 921 3070 κατὰ
981 3019 1124 3086 σφᾶς
1183 3017 1620 3090 βουλευσόμενοι.
1694 3022 1816 3076 Κάν
1863 3020 2042 3092 τούτῳ
2117 3023 2186 3074 τὰ
2253 3022 2560 3093 τιμιώτατα
2614 3025 3070 3093 συμφορήσαντες
3125 3022 3236 3075 τῶν
3290 3025 3591 3094 χρημάτων
3641 3026 3700 3090 ἐς

431 3110 545 3182 πῦρ
592 3111 866 3166 ἐνέϐαλον.
909 3111 1021 3166 Καὶ
1087 3115 1136 3167 oi
1182 3113 1284 3184 μὲν
1317 3114 1602 3186 ἀπόμαχοι
1640 3116 2040 3189 διεχειρίσαντο
2076 3116 2342 3181 ἑαυτούς·
2390 3120 2440 3172 οἱ
2495 3118 2542 3174 δ’
2591 3119 2650 3173 ἐν
2697 3118 2887 3191 ἡλικίᾳ
2926 3117 3116 3189 ἀθρόοι
3158 3120 3296 3188 πρὸς
3367 3118 3498 3183 τοὺς
3540 3121 3698 3175 ἐναν·

432 3203 580 3264 τίους
608 3202 945 3274 ὡρμήκεσαν
970 3207 1068 3262 καὶ
1098 3206 1400 3280 προθύμως
1429 3209 1825 3281 ἀγωνιζόμενοι
1867 3211 2281 3284 κατεκόπησαν.

499 3297 630 3351 KB'.
661 3295 771 3350 Kal.
795 3295 868 3350 δι⁹
909 3301 1108 3363 αὐτοὺς
1129 3301 1178 3352 oi
1222 3299 1483 3370 Ῥωμαῖοι
1520 3302 1616 3356 καὶ
1640 3306 1691 3356 oi
1723 3303 2009 3374 Καρχηδό-

2183 3301 2351 3357 XXII.
2386 3301 2512 3357 Haec
2564 3302 2827 3358 Romanis
2853 3309 2909 3357 et
2983 3301 3532 3373 Carthaginiensibus
3569 3305 3700 3360 belli

433 3405 538 3442 νιοι
568 3387 943 3460 ἐπολέμησαν.
993 3390 1052 3444 Ὀ
1091 3389 1199 3460 γὰρ
1242 3393 1519 3462 Ἀννίϐας,
1561 3393 1657 3447 καὶ
1685 3394 2013 3466 συμμάχους

2118 3410 2275 3450 causa
2313 3394 2432 3448 fuit.
2458 3395 2592 3449 Nam
2617 3409 2743 3450 cum
2804 3392 3134 3448 Annibalem
3168 3396 3358 3450 multis
3408 3396 3577 3452 sociis
3606 3413 3700 3453 as-

437 3479 670 3550 ουχνοὺς
702 3479 1050 3550 προσλαϐὼν,
1078 3484 1158 3546 είς
1185 3484 1286 3551 τὴν
1317 3484 1554 3538 Ἰταλίαν
1586 3486 1866 3556 ἠπείγετο.
1899 3487 2015 3540 Πυ-

437 3573 658 3643 θόμενοι
685 3572 744 3626 δέ
769 3571 927 3626 ταῦθ’
955 3574 1005 3626 oi
1042 3573 1309 3645 Ῥωμαῖοι
1351 3577 1613 3648 συνῆλθον
1654 3579 1734 3641 είς
1774 3578 1836 3634 τδ
1889 3595 2018 3633 συν-

435 3664 636 3737 έδριον,
674 3667 771 3720 καὶ
810 3665 1007 3737 ἐλέχθη
1052 3667 1152 3739 μὲν
1187 3668 1385 3724 πολλά.
1420 3671 1656 3736 Λούκιος
1693 3671 1752 3726 δέ
1802 3674 2018 3745 Κορνή-

433 3759 542 3825 λιος
577 3758 878 3822 Λέντουλος
903 3758 1293 3831 ἐδημηγόρησε
1330 3763 1424 3815 καὶ
1455 3759 1575 3816 ιίπε
1641 3763 1718 3835 μὴ
1774 3765 2013 3834 μέλλειν,

385 3846 400 3855 ’
435 3852 573 3907 ἀλλά
597 3851 838 3922 πόλεμον
867 3853 1009 3906 κατὰ
1041 3851 1152 3907 τῶν
1200 3854 1596 3925 Καρχηδονίων
1646 3855 2016 3928 ψηφίσασθαι,

441 3939 529 3991 οιαὶ
558 3937 678 4008 διχῆ
706 3939 903 3994 διελεῖν
923 3941 1019 3992 καὶ
1048 3941 1176 4004 τοὺς
1211 3941 1457 4006 ὑπάτους
1501 3945 1596 3998 καὶ
1624 3945 1725 4000 ’τὰ
1754 3947 2022 4019 στρατεύ-

441 4043 612 4096 ματαο
633 4032 730 4082 καὶ
756 4029 881 4092 τοὺς
909 4029 1011 4100 μὲν
1041 4030 1120 4093 είς
1149 4032 1248 4102 τὴν
1281 4031 1542 4102 Ἰϐηρίαν,
1561 4034 1688 4097 τοὺς
1706 4033 1764 4088 δέ
1812 4036 1892 4098 είς
1921 4035 2021 4106 τὴν

443 4119 650 4193 Λιϐύην
679 4123 913 4194 πέμψαι,
945 4122 1012 4178 ἵν’
1048 4123 1152 4178 ὑπὸ
1177 4125 1268 4178 τὸν
1300 4126 1464 4179 αὑτὸν
1485 4126 1676 4195 χρόνον
1706 4127 1742 4198 ἦ
1778 4144 1838 4180 τε
1866 4126 2020 4199 χώρα

443 4214 627 4268 αὑτῶν
641 4214 906 4286 πορθῆται
928 4217 1024 4270 καὶ
1050 4217 1099 4270 οί
1127 4220 1410 4288 σύμμαχοι
1460 4217 1903 4288 κακουργῶνται,
1927 4221 2024 4273 καὶ

455 4307 594 4375 μήτε
611 4308 675 4377 τῇ
710 4306 918 4378 Ἰϐηρίᾳ
933 4307 1199 4378 βοηθῆσαι
1214 4307 1479 4363 δύνωνται
1499 4309 1626 4380 μήτ’
1641 4310 1852 4363 ἐκεῖθεν
1867 4311 2025 4366 αὑτοὶ

439 4399 870 4470 ἐπικουρηθῶσι.
891 4399 1031 4470 Πρὸς
1057 4400 1232 4455 ταῦτα
1261 4401 1492 4466 Κύῖντος
1530 4401 1728 4466 Φάϐιος
1769 4403 2024 4472 Μάξιμος

437 4489 710 4554 ἀντέθετο,
730 4491 804 4561 μὴ
822 4489 883 4543 οὔ
895 4508 997 4554 τως
1026 4492 1091 4544 ἐκ
1107 4491 1308 4560 παντρς
1319 4491 1524 4563 τρόπου
1545 4491 1636 4547 τὸν
1661 4493 1897 4564 πόλεμον
1914 4493 2025 4548 δεῖν

437 4583 802 4651 ψηφίσασθαι,
827 4584 964 4637 ἀλλὰ
981 4584 1249 4656 πρεσϐείᾳ
1269 4585 1580 4656 χρήσασθαι
1601 4587 1889 4659 πρότερον.
1906 4589 2026 4644 Κᾶν

2117 3489 2245 3544 citis
2273 3487 2327 3542 in
2353 3487 2566 3542 italiam
2599 3501 2903 3557 properare
2947 3485 3181 3541 Romani
3215 3487 3581 3554 audivissent,
3611 3490 3698 3543 in-

2117 3581 2267 3635 dicto
2331 3579 2568 3635 concilio
2621 3579 2796 3633 multa
2851 3578 3018 3634 verba
3075 3578 3219 3633 facta
3283 3587 3432 3633 sunt.
3495 3580 3698 3635 Verum

2118 3671 2182 3726 L.
2214 3671 2507 3728 Cornelius
2540 3663 2806 3725 Lentulus
2835 3685 2936 3739 pro
2960 3670 3229 3724 concione
3253 3669 3412 3732 dixit.
3443 3685 3553 3724 non
3576 3685 3702 3725 esse

2115 3762 2512 3827 cunctandum,
2565 3761 2664 3816 sed
2720 3761 2928 3816 bellum
2959 3771 3152 3816 contra
3206 3760 3705 3832 Carthaginienses

2117 3853 2555 3920 decernendum,
2587 3863 2644 3907 et
2671 3861 2779 3907 tam
2799 3853 3055 3908 consules
3074 3869 3234 3922 quam
3263 3851 3537 3907 exercitus
3576 3851 3709 3908 bifa-

2117 3949 2256 4003 riam
2317 3945 2669 4010 dividendos,
2704 3955 2765 4000 et
2819 3946 3053 4000 alterum
3103 3945 3158 3999 in
3192 3946 3530 4015 Hispaniam,
3566 3947 3706 4000 alte-

2119 4052 2244 4092 rum
2293 4037 2348 4090 in
2380 4035 2606 4108 Lybiam
2637 4033 2969 4089 mittendum
2997 4053 3012 4088 :
3059 4044 3118 4087 ut
3144 4034 3338 4089 eodem
3371 4043 3619 4106 tempore
3648 4045 3707 4090 et

2120 4140 2250 4195 ager
2273 4140 2467 4180 eorum
2494 4132 2836 4190 vastaretur,
2870 4132 2928 4178 et
2953 4124 3089 4179 socii
3117 4132 3450 4178 vexarentur
3480 4141 3495 4177 :
3527 4141 3706 4196 neque

2123 4216 2399 4286 Hispania;
2420 4230 2582 4286 opem
2606 4213 2775 4279 ferre,
2795 4229 2977 4284 neque
3001 4213 3130 4268 inde
3153 4214 3358 4267 auxilia
3381 4225 3706 4285 exspectare

2125 4310 2312 4364 hostes
2334 4315 2581 4378 possent.
2619 4306 2700 4362 Ad
2731 4305 2850 4362 haec
2902 4305 2967 4372 Q.
3025 4304 3226 4360 Fabius
3289 4303 3563 4360 Maximus
3616 4322 3712 4360 re-

2124 4400 2368 4472 spondit,
2405 4414 2517 4454 non
2567 4397 2705 4453 adeo
2737 4396 3152 4468 praecipitanter
3196 4396 3403 4451 bellum
3458 4411 3584 4452 esse
3609 4397 3710 4452 de-

2126 4491 2489 4557 cernendum,
2525 4491 2621 4546 sed
2663 4491 2874 4561 legatos
2917 4489 3072 4560 prius
3107 4488 3429 4545 mittendos.
3468 4489 3624 4556 Quod
3660 4491 3709 4546 si

2133 4587 2368 4644 crimina
2405 4585 2713 4655 purgarint,
2745 4583 3148 4654 quiescendum
3197 4599 3210 4636 :
3247 4585 3333 4640 sin
3384 4585 3710 4656 injuriarum

447 4676 545 4744 μὲν
577 4675 843 4729 πείσωσιν
891 4676 975 4730 ὅτι
1008 4653 1162 4732 οὐδὲν
1210 4653 1516 4747 ἀδικοῦσιν,
1555 4653 1790 4752 ἡσυχίαν
1828 4681 2015 4750 ἄγειν⁴

2130 4653 2555 4742 convincantur,
2819 4682 2936 4728 tum
2991 4674 3215 4730 demum
3257 4674 3401 4730 bello
3441 4653 3713 4745 petendos

443 4766 508 4820 ἂν
537 4767 582 4821 δ’
617 4767 932 4832 ἀδικοῦντες
966 4769 1159 4836 ἁλῶσι,
1181 4772 1306 4826 τότε
1337 4773 1648 4844 πολεμῆσαι
1680 4774 1887 4838 αὑτοῖς,
1935 4775 2022 4847 ἵνα

446 4859 542 4913 καὶ
562 4859 661 4931 τὴν
688 4860 880 4915 αίτίανα
903 4862 998 4917 τοῦ
1031 4864 1274 4934 πολέμου
1310 4865 1369 4928 ἐς
1407 4865 1604 4928 αὑτοὺς
1647 4865 2025 4936 ἀπωσὼμεθα.

445 4953 508 5004 Al
543 4951 642 5022 μιν
666 4947 762 5006 οὖν
785 4953 991 5024 ἀμφοῖν
1019 4954 1168 5021 δόξαι
1203 4955 1454 5020 τοιαῦται
1493 4951 1662 5029 ἦσαν,
1701 4957 1778 5021 ὡς
1824 4959 1884 5011 ἐν
1936 4975 2028 5014 κε-

447 5042 662 5115 φαλαίῳ
691 5046 887 5102 εἰπεῖν.
916 5047 996 5118 Τῇ
1024 5048 1082 5102 δὲ
1111 5047 1275 5119 βουλῇ
1329 5049 1855 5120 παρασκευάζεσθαι
1929 5051 2030 5122 μὲν

446 5132 595 5200 ἔδοξε
629 5137 766 5208 πρὸς
796 5138 897 5207 τὴν
926 5138 1132 5210 μάχην,
1160 5141 1426 5211 πρέσϐεις
1462 5142 1521 5196 δέ
1559 5145 1641 5206 είς
1663 5142 1763 5214 τὴν
1799 5145 2032 5217 Καρχη-

450 5227 579 5281 δόνα
611 5229 842 5296 στεῖλαι,
879 5231 974 5285 καὶ
999 5230 1096 5285 τοῦ
1133 5232 1380 5287 ’Δννίϐου
1410 5236 1810 5307 κατηγορῆσαι.
1840 5238 1953 5292 Καὶ
1984 5240 2033 5293 εί

454 5319 556 5387 μὲν
588 5319 664 5393 μὴ
689 5321 966 5376 ἐπαινοῖεν
993 5323 1062 5376 τά
1085 5325 1430 5396 πραχθέντα,
1461 5327 1708 5382 δικάσαιο
1742 5329 1791 5382 εί
1853 5329 1898 5382 δ’
1950 5331 2031 5394 είς

449 5409 660 5464 ἐκεῖνον
689 5411 829 5465 αὑτὰ
857 5413 1202 5486 ἀναφέροιεν,
1238 5415 1633 5488 ἐξαιτήσασθαι
1681 5417 1847 5472 αὐτόν
1869 5436 1885 5452 ·
1925 5420 2031 5474 κᾶν

455 5499 531 5570 μὴ
561 5502 782 5567 ἐκδῶσι,
819 5505 910 5560 τὸν
959 5505 1202 5578 πόλεμον
1251 5509 1579 5578 ἔπαγγεϊλαι
1646 5511 1851 5575 αὑτοῖς.
1911 5513 2034 5567 Τῶν

450 5590 582 5660 γοῦν
611 5593 898 5664 πρέσϐεων
927 5597 1291 5666 ἀπελθόντων,
1317 5600 1366 5654 oi
1396 5600 1760 5672 Καρχηδόνιοι
1789 5601 1852 5655 τὸ
1881 5619 2039 5674 ποιη-

2132 4787 2277 4836 esse,
2322 4779 2384 4826 ut
2413 4770 2580 4826 etiam
2606 4785 2771 4824 causa
2803 4769 2930 4823 belli
2965 4769 3020 4822 in
3059 4769 3182 4824 illos
3211 4769 3598 4825 transferatur.
3636 4771 3713 4825 Ae

2135 4865 2425 4934 utriusque
2469 4863 2745 4918 sententia
2792 4861 3108 4917 summatim
3159 4861 3276 4917 haec
3299 4861 3405 4916 fuit
3441 4879 3457 4918 :
3495 4863 3710 4916 senatui

2136 4963 2322 5011 autem
2359 4953 2585 5024 placuit,
2634 4967 2694 5009 se
2719 4961 2777 5009 et
2832 4953 2900 5008 ad
2942 4952 3146 5008 bellum
3180 4967 3400 5022 parare,
3433 4960 3488 5006 et
3518 4952 3714 5020 legatis

2135 5046 2526 5115 Carthaginem
2556 5044 2742 5101 missis
2804 5043 3142 5098 Annibalem
3174 5057 3462 5098 accusare.
3488 5040 3644 5107 Quod
3669 5042 3714 5096 si
3823 5031 3825 5033 ’

2136 5140 2230 5195 illa
2267 5140 2668 5208 improbarent,
2701 5138 2830 5209 jure
2858 5136 3135 5208 agendum
3165 5153 3179 5190 :
3231 5135 3318 5189 sin
3365 5134 3443 5188 illi
3475 5133 3716 5202 imputa-

2140 5243 2288 5300 rent,
2320 5249 2448 5289 eum
2480 5229 2890 5302 deposcendum
2927 5250 2940 5285 :
2974 5230 3022 5284 si
3057 5243 3169 5284 non
3193 5228 3484 5288 dederent,
3511 5225 3716 5280 bellum

2135 5331 2219 5385 eis
2247 5326 2627 5384 indicendum.
2653 5323 2876 5395 Legatis
2911 5322 3200 5394 digressis,
3231 5317 3718 5382 Carthaginienses

2139 5421 2274 5490 quid
2311 5419 2584 5490 agendum
2633 5424 2778 5470 esset
2805 5413 3209 5469 deliberabant.
3245 5410 3516 5466 Asdrubal
3585 5423 3717 5463 vero

2141 5529 2288 5568 unus
2333 5529 2400 5567 ex
2435 5511 2502 5566 iis
2533 5523 2676 5579 quos
2734 5504 2972 5560 Annibal
3003 5505 3356 5569 subornarat,
3387 5511 3580 5558 auctor
3611 5501 3717 5555 fuit

2149 5603 2358 5660 veteris
2384 5597 2658 5656 libertatis
2676 5594 3070 5666 recuperandae
3095 5613 3110 5653 :
3139 5603 3198 5652 et
3227 5594 3530 5662 servitutis,
3555 5609 3719 5665 quam

1604 5719 1808 5782 Varias
1856 5721 2168 5786 lectiones
2208 5729 2268 5782 et
2307 5727 2494 5782 notae.

531 5839 644 5910 (5|)
675 5844 1135 5914 Προσκειμενοι.
1180 5845 1260 5903 ita
1301 5845 1648 5916 reposuimus
1679 5862 1746 5904 cx
1773 5862 1934 5916 mss.,
1973 5848 2015 5903 ui

2118 5845 2322 5903 Nullius
2360 5843 2707 5916 προκείμενοι
2732 5838 3006 5897 ediderat.
