4060 6392
367 359 481 423 699

1647 358 1977 422 JOANNIS
2016 358 2344 421 ΖΟΝΑΠᾸΞ

3527 363 3636 430 700

364 490 470 545 pax
505 471 806 540 attulisset,
841 480 957 528 tum
990 473 1267 544 pecuniis,
1315 482 1431 529 tum
1462 472 1658 544 c0piis,
1697 481 1812 527 tum
1860 486 1939 526 so-

2053 471 2174 525 τέον
2202 473 2492 527 ἐσκόπουν.
2539 472 2646 528 Καί
2700 491 2782 536 τις
2825 475 3178 548 Ἂσδρούϐας,
3228 471 3310 540 εἷς
3358 477 3467 532 τῶν
3532 481 3638 535 ὑπὸ

365 567 464 620 ri-fs
509 565 848 635 comparatis
893 566 1291 636 repudiandae;
1340 566 1687 636 subjecitque
1723 584 1737 619 :
1777 562 1836 620 Si
1871 580 1939 618 vel

2052 563 2148 617 τοῦ
2189 564 2435 619 ’Δννίϐου
2491 570 3178 639 προπαρεσκευασμένων,
3239 571 3636 630 συνεϐούλευσε

358 656 463 711 sali
483 656 738 712 Annibali
777 674 874 711 suo
907 660 1177 713 arbitratu
1218 675 1329 712 rem
1357 674 1539 730 gerere
1567 658 1946 729 permisissent,

363 751 543 803 omnia
578 752 676 803 rite
709 749 1147 804 administratum
1171 753 1258 815 iri,
1290 761 1338 805 et
1379 752 1519 821 ipsos
1566 751 1709 804 omni
1754 749 1950 804 laboris

363 841 605 898 molestia
641 843 921 897 carituros.
967 843 1064 897 Illo
1102 844 1218 899 haec
1246 844 1457 908 locuto.
1486 858 1717 914 magnus
1752 841 1948 896 Hanno

362 944 577 997 contra,
610 950 719 988 non
758 942 988 1001 temere,
1021 952 1199 1006 neque
1231 938 1303 991 ob
1339 953 1505 1007 parva
1533 947 1589 992 et
1619 936 1795 991 aliena
1839 937 1950 991 cri-

365 1027 516 1081 mina
562 1027 766 1081 hellum
823 1028 878 1083 in
931 1029 1328 1099 rempublicam
1376 1030 1771 1085 retrahendum
1824 1044 1947 1085 esse

363 1118 604 1184 censuit,
641 1133 767 1173 cum
810 1119 917 1174 alia
942 1135 1196 1191 purgare,
1228 1121 1335 1176 alia
1389 1121 1443 1176 in
1464 1130 1722 1177 auctores
1765 1130 1946 1177 trans-

359 1210 507 1268 ferre
570 1212 754 1268 liceat.
789 1211 891 1279 Qui
928 1227 1053 1267 cum
1085 1212 1307 1268 dicendi
1349 1211 1512 1269 tinem
1548 1212 1789 1278 fecisset,
1813 1212 1949 1269 Car—

360 1302 791 1373 thaginiensium
816 1304 1088 1370 seniores,
1142 1306 1420 1376 primique
1468 1305 1601 1362 belli
1646 1320 1943 1372 memores,

361 1390 440 1447 ilbi
469 1399 598 1448 sunt
626 1395 839 1449 assensi
875 1411 888 1446 :
927 1396 1112 1449 caeteri
1153 1397 1555 1461 adolescentes,
1589 1397 1741 1468 iique
1771 1396 1947 1467 potis-

361 1484 562 1538 simum
591 1486 684 1555 qui
744 1486 1034 1541 Annibalis
1068 1501 1292 1542 causam
1324 1489 1583 1559 agebant,
1612 1492 1818 1545 acriter
1843 1489 1943 1544 ad-

360 1576 565 1632 versati
602 1585 753 1633 sunt.
792 1577 862 1634 Ut
898 1588 1086 1635 autem
1126 1579 1266 1634 nihil
1313 1579 1453 1635 certi
1492 1581 1743 1651 responsi
1775 1581 1946 1636 dede-

357 1677 509 1734 runt,
557 1668 879 1742 legatosque
926 1673 1309 1743 neglexerunt,
1347 1672 1418 1728 M.
1468 1673 1672 1730 Fabius
1716 1674 1843 1730 sinu
1875 1690 1945 1729 ex

357 1766 479 1831 trga
531 1761 677 1817 facto
726 1763 893 1828 :Ht'c,
936 1764 1141 1835 inquit,
1196 1766 1337 1821 vobis
1396 1765 1592 1821 bellum
1647 1774 1698 1821 et
1756 1782 1941 1839 pacem

353 1862 547 1923 porto:
583 1864 761 1909 utrum
786 1856 979 1926 placet,
1003 1861 1219 1913 sumite.
1254 1859 1390 1914 Cum
1424 1860 1844 1930 respondissent
1881 1875 1940 1916 se

351 1953 614 2001 neutrum
645 1947 868 2017 quidem
914 1964 1158 2017 sumere,
1188 1952 1282 2006 sed
1315 1960 1505 2006 utrum
1545 1950 1792 2006 dedisset
1821 1950 1940 2005 ala-

350 2037 522 2093 criter
568 2048 918 2110 accepturos.
947 2042 1150 2098 bellum
1186 2044 1270 2100 eis
1315 2045 1501 2100 statim
1557 2045 1778 2102 indixit.
1825 2045 1941 2101 Hoc

352 2128 523 2199 igitur
551 2131 737 2198 modo,
769 2144 826 2189 et
849 2134 938 2190 bis
968 2134 1037 2189 de
1067 2136 1252 2193 causis
1289 2138 1435 2194 inter
1453 2138 1939 2211 Carthaginienses

350 2229 411 2276 et
442 2221 724 2282 Romanos
757 2227 992 2283 alterum
1035 2228 1243 2286 bellum
1273 2240 1364 2288 est
1411 2231 1739 2297 conflatum,
1785 2230 1938 2288 futu-

354 2328 525 2383 raque
563 2314 833 2374 divinitus
878 2318 1207 2376 denuntiata
1246 2330 1396 2377 sunt.
1440 2324 1577 2379 Nam
1615 2325 1806 2382 Romae
1837 2328 1940 2384 bos

354 2404 597 2463 humana
642 2425 776 2466 voce
809 2410 1031 2467 locutus
1062 2422 1178 2482 est;
1221 2424 1279 2469 et
1310 2415 1455 2473 alius
1483 2416 1632 2474 ludis
1670 2418 1939 2477 Romanis

350 2514 420 2555 ex
448 2499 664 2557 adibus
705 2518 763 2559 se
799 2503 855 2559 in
904 2505 1153 2561 Tiberim
1185 2509 1573 2581 praecipitavit,
1620 2527 1686 2568 ac
1735 2514 1935 2584 periit;

350 2591 582 2649 fulmina
621 2598 795 2652 multa
827 2608 956 2654 sunt
998 2602 1214 2669 delata;
1248 2603 1473 2674 sanguis
1518 2614 1635 2660 tum
1678 2620 1708 2661 e
1743 2607 1939 2663 statuis

356 2687 624 2750 manavit,
659 2699 773 2744 tum
815 2706 848 2746 ε
883 2693 1076 2749 militis
1110 2697 1398 2767 cujusdam
1434 2698 1668 2770 clypeo;
1705 2699 1939 2756 alterius

353 2792 545 2834 ensem
570 2779 737 2852 lupus
767 2797 834 2837 ex
860 2784 995 2856 ipsis
1026 2789 1226 2844 castris
1256 2790 1462 2861 rapuit.
1489 2791 1752 2846 Annibali
1803 2808 1936 2848 vero

351 2871 544 2926 multa:
598 2873 805 2944 ignota
868 2876 1060 2935 bestia:
1105 2880 1326 2936 Iberum
1381 2884 1713 2951 transeunti,
1763 2887 1937 2941 veluti

353 2964 498 3019 viam
530 2978 949 3037 monstrarunt;
997 2980 1054 3027 et
1090 2975 1367 3030 somnium
1420 2975 1737 3047 hujusmodi
1771 2992 1940 3048 appa-

350 3056 483 3110 ruit.
522 3056 837 3128 Aliquando
869 3062 975 3118 sibi
1005 3066 1161 3121 visus
1189 3074 1277 3122 est
1306 3083 1337 3122 a
1365 3066 1472 3121 diis
1503 3066 1558 3122 in
1580 3067 1818 3122 concilio
1845 3083 1938 3123 se-

2055 656 2208 725 σφίσι
2230 658 2426 729 χρῆναι
2450 658 2550 731 τήν
2588 677 2647 712 τε
2678 660 2917 731 ἀρχαίαν
2944 660 3261 731 ἐλευθερίαν
3284 662 3636 735 ἀνακτήσασ-

2052 748 2165 818 θαι,
2198 752 2294 805 καὶ
2327 752 2426 823 τὴν
2459 754 2522 806 ἐκ
2553 754 2653 822 τῆς
2695 754 2923 825 εἰρήνης
2947 753 3195 809 δουλείαν
3227 756 3638 828 ἀποτρίψασθαι

2051 842 2146 897 καὶ
2176 844 2448 915 χρήμασι,
2495 846 2591 899 καὶ
2620 845 2909 917 δυνάμεσι,
2946 848 3042 901 καὶ
3082 851 3396 919 συμμάχοις
3429 868 3631 919 συγκε-

2051 938 2432 1006 κροτημένοις,
2457 938 2755 1008 ἐπαγαγὼν
2788 940 2892 1003 ὅτι,
2929 938 3059 994 Κᾶν
3079 939 3157 1008 τῷ
3197 942 3439 1009 Ἀννίϐᾳ
3464 944 3636 1011 μόνῳ

2049 1026 2167 1081 ὅσα
2193 1028 2478 1094 βούλεται
2509 1029 2727 1100 πρᾶξαι
2757 1031 3138 1100 ἐπιτρέψητε,
3172 1032 3271 1087 καί
3303 1033 3375 1087 τὰ
3406 1035 3637 1105 προσή-

2049 1136 2235 1175 κοντα
2262 1121 2457 1190 ἔσται,
2507 1123 2603 1177 καί
2631 1123 2815 1177 οὐδὲν
2842 1124 3012 1177 αὐτοὶ
3041 1125 3362 1191 πονήσετε.
3396 1126 3633 1180 Τοιαῦτα

2046 1209 2102 1264 δὲ
2127 1210 2294 1265 αὐτοῦ
2326 1213 2601 1279 εἰπόντος,
2647 1215 2858 1268 ’Δννων
2903 1214 2931 1267 ό
2993 1215 3170 1285 μέγας
3218 1215 3633 1287 ἐναντιούμενος

2046 1308 2159 1369 τοῖς
2183 1305 2279 1358 τοῦ
2314 1305 2637 1378 Ἇίσδρούϐου
2654 1306 2857 1376 λόγοις,
2886 1306 3115 1376 γνώμην
3144 1310 3455 1377 εἰσήνεγκε,
3492 1309 3630 1380 μήτε

2049 1397 2272 1470 ῥᾳείως,
2316 1399 2455 1469 μήτε
2491 1399 2707 1470 μικρῶν
2741 1400 2839 1453 καὶ
2904 1398 3207 1470 ἀλλοτρίων
3265 1399 3632 1471 ἐγκλημάτων

2045 1489 2212 1544 ἕνεκα
2244 1492 2337 1545 τὸν
2369 1491 2608 1563 πόλεμον
2640 1492 2726 1562 ἐφ’
2769 1493 2997 1556 ἑαυτοὺς
3054 1492 3486 1558 ἐπισπάσασθαι,
3525 1511 3634 1549 πα-

2049 1584 2144 1654 ρὸν
2169 1582 2238 1636 τὰ
2267 1584 2368 1654 μὲν
2394 1583 2578 1651 λῦσαι,
2626 1585 2697 1639 τὰ
2726 1584 2782 1639 δὲ
2845 1587 2903 1650 ἐς
2972 1587 3100 1649 τοὺς
3147 1585 3455 1658 δράσαντας
3493 1587 3634 1643 αὐτὰ

2044 1676 2262 1749 τρέψαι.
2299 1678 2461 1731 Καὶὸ
2494 1676 2597 1749 μὲν
2621 1679 2799 1734 ταῦτα
2832 1680 3003 1733 εἰπὼν
3046 1679 3351 1735 ἐπαύσατο.
3411 1681 3533 1736 Τῶν
3573 1680 3632 1735 δὲ

2046 1770 2437 1843 Καρχηδονίων
2470 1773 2520 1826 οἱ
2553 1772 2654 1845 μὲν
2679 1772 3041 1844 πρεσϐύτεροι
3071 1774 3168 1828 καὶ
3200 1773 3295 1827 τοῦ
3354 1773 3486 1844 πρὶν
3536 1793 3633 1845 με·

2048 1865 2315 1937 μνημένοι
2344 1865 2608 1933 πολέμου,
2649 1864 2800 1935 αὐτῷ
2831 1866 3176 1921 συνετίθεντο
3195 1882 3210 1898 ο
3261 1869 3310 1922 οι
3338 1865 3385 1920 δ’
3418 1867 3477 1920 ἐν
3509 1866 3631 1939 ἠλι-

2042 1959 2162 2032 κία,
2193 1959 2286 2012 καὶ
2336 1957 2556 2028 μάλισθ’
2605 1957 2721 2012 ὅσοι
2759 1957 2828 2012 τά
2878 1957 2974 2013 τοῦ
3042 1958 3287 2013 ’Δννίϐου
3330 1958 3629 2031 ἔπραττον,

2045 2050 2285 2123 ίσχυρῶς
2315 2051 2627 2119 ἀντέλεγον.
2648 2051 2733 2115 Ὠς
2766 2049 2810 2104 δ’
2839 2050 2994 2105 οὐδὲν
3025 2051 3199 2121 σαφὲς
3229 2052 3628 2122 ἀπεκρίναντο,

2040 2145 2138 2199 καὶ
2166 2146 2225 2198 ἐν
2253 2144 2518 2215 ὀλιγωρίᾳ
2546 2145 2676 2207 τοὺς
2713 2142 2979 2215 πρέσϐεις
3029 2139 3198 2215 εἶχον,
3257 2146 3286 2199 ό
3334 2144 3561 2215 Μάρκος
3601 2146 3633 2199 δ

2039 2238 2266 2305 Φάϐιος,
2290 2237 2390 2302 τὰς
2416 2239 2611 2309 χεῖρας
2647 2237 2755 2291 ὑπὸ
2791 2236 2853 2290 τὸ
2881 2235 3097 2307 ἱμάτιον
3157 2236 3472 2302 ὑποϐαλὼν,
3533 2236 3633 2293 καὶ

2042 2331 2314 2395 ὕπτιάσας
2346 2330 2539 2394 αὐτάς,
2571 2329 2674 2400 ἔφη
2694 2344 2709 2360 '
2754 2327 2903 2399 Ἐγὼ
2929 2328 3048 2398 μὲν
3097 2328 3357 2394 ἐνταῦθ’,
3384 2323 3431 2383 ὦ
3477 2332 3630 2397 [tap-

2040 2427 2333 2498 χηδόνιοι,
2359 2424 2459 2480 καὶ
2486 2426 2596 2480 τὸν
2624 2426 2896 2496 πόλεμον
2919 2425 3019 2478 καί
3044 2425 3158 2493 τὴν
3174 2422 3424 2493 εἰρήνην
3447 2424 3628 2493 φέρωο

2039 2518 2211 2590 ὑμεῖς
2241 2517 2293 2571 δ’
2325 2518 2618 2585 ὁπότερον
2641 2516 2843 2572 αὐτῶν
2882 2514 3198 2580 βούλεσθε
3250 2514 3491 2569 ἕλεσθε.
3539 2514 3631 2566 ’Δο

2042 2609 2415 2681 ποκριθέντων
2438 2608 2495 2662 δὲ
2529 2608 2829 2680 μηδέτερον
2879 2605 2979 2676 μὲν
3034 2605 3337 2676 αἱρεῖσθαι,
3367 2603 3630 2676 δέχεσθαι

2038 2702 2086 2756 δ’
2121 2703 2356 2772 ἑτοίμως
2380 2701 2646 2773 ὁπότερον
2677 2699 3105 2769 καταλείψουσιν
3124 2713 3139 2730 ο
3169 2697 3504 2767 ἐπήγγειλεν
3526 2699 3631 2751 αὖ·

2039 2795 2150 2857 τοῖς
2183 2793 2384 2847 αὐτίκα
2423 2790 2515 2845 τὸν
2559 2790 2817 2861 πόλεμον.
2858 2789 3018 2844 Οὕτω
3063 2788 3165 2859 μὲν
3214 2790 3311 2843 καὶ
3341 2788 3432 2843 διὰ
3456 2789 3633 2844 ταῦτα

2039 2886 2095 2939 oi
2133 2901 2193 2938 τε
2236 2883 2503 2953 Ῥωμαῖοι
2525 2882 2622 2936 καὶ
2654 2882 2706 2934 οἰ
2742 2880 3113 2953 Καρχηδόνιοι
3141 2879 3204 2934 τὸ
3230 2880 3482 2949 δεύτερον
3507 2882 3631 2934 ἐπο-

2039 2977 2309 3045 λέμησαν,
2347 2975 2530 3028 καὶτὸ
2575 2973 2857 3039 δαιμόνιον
2903 2972 2974 3025 τά
2997 2972 3348 3043 γενησόμενα
3388 2971 3631 3042 προεσήο

2044 3085 2236 3139 μηνεν.
2274 3067 2363 3120 Ἐν
2390 3067 2498 3136 γὰρ
2527 3068 2594 3138 τῇ
2622 3065 2816 3141 Ῥώμῃ
2838 3064 3196 3138 ἀνθρωπίνως
3217 3064 3448 3137 ἐλάλησε
3477 3063 3629 3134 βοῦς,

350 3147 614 3207 dentibus
641 3156 852 3210 accersi
891 3164 948 3210 et
978 3159 1388 3228 quamprimum
1437 3158 1494 3214 in
1538 3158 1749 3214 Italiam
1780 3176 1939 3215 exer—

2042 3164 2139 3219 καὶ
2159 3162 2351 3233 ἕτερος
2373 3161 2430 3213 ἐν
2458 3162 2525 3232 τῇ
2549 3159 2659 3214 τῶν
2701 3159 2998 3231 Ῥωμαίων
3024 3158 3340 3230 πανηγύρει
3367 3158 3427 3224 ἐξ
3450 3156 3630 3221 οἰκίας

351 3243 524 3296 citum
555 3245 760 3300 ducere
784 3247 969 3318 juberi
1008 3267 1021 3303 :
1048 3251 1119 3305 ab
1149 3250 1339 3323 eisque
1373 3252 1573 3307 ducem
1604 3252 1823 3309 itineris
1847 3269 1941 3310 ao-

351 3332 589 3402 cepisse,
616 3352 780 3406 quem
805 3353 917 3393 non
946 3351 1265 3412 respectans
1292 3353 1639 3415 sequeretur.
1676 3345 1784 3401 Sed
1812 3362 1938 3402 cum

349 3440 411 3479 se
440 3424 611 3498 409
641 3434 1034 3499 convertisset,
1089 3450 1343 3507 magnam
1379 3436 1641 3507 ingruere
1697 3446 1939 3511 tempes—

350 3523 521 3572 tatrm
560 3521 788 3590 vidisse,
829 3524 1241 3599 draconemque
1268 3529 1429 3600 sequi
1461 3531 1701 3602 ingentis
1729 3532 1940 3603 magni-

349 3610 585 3667 tudinis.
619 3613 753 3681 Quze
803 3632 931 3672 cum
964 3606 1283 3688 miraretur,
1342 3623 1632 3680 ductorem
1687 3640 1935 3696 rogasse,

349 3702 612 3799 quidnam
651 3722 716 3763 ea
751 3709 859 3765 sibi
890 3711 1133 3767 vellent?
1164 3716 1260 3784 qui
1293 3716 1649 3799 responderit
1694 3735 1709 3773 :
1744 3717 1827 3774 Ea
1854 3719 1953 3775 illi'

349 3794 423 3846 ad
452 3797 752 3854 vastitatem
785 3799 967 3858 Italia:
988 3804 1298 3876 adjumeuto
1322 3807 1506 3878 futura
1531 3796 1664 3866 esse.

2037 3256 2120 3320 εἰς
2145 3252 2239 3308 τὸν
2286 3251 2512 3325 Τίϐεριν
2551 3250 2746 3306 ἑαυτὸν
2777 3251 2992 3324 ἔρριψε,
3025 3252 3118 3305 καὶ
3145 3251 3387 3323 ἐφθάρη,
3421 3267 3629 3320 κεραυ-

2041 3346 2122 3401 νοί
2147 3363 2205 3400 τε
2237 3344 2424 3399 πολλοὶ
2458 3344 2741 3415 ἐφέροντο,
2772 3344 2869 3397 καὶ
2906 3337 3047 3413 αἷμα
3091 3341 3151 3395 τὸ
3186 3343 3287 3412 μὲν
3344 3340 3406 3406 ἐξ
3461 3340 3631 3409 ἀγαλ-

2041 3439 2231 3513 μάτων
2258 3437 2438 3509 ῶφθη,
2481 3436 2542 3490 τὸ
2583 3435 2641 3488 δέ
2673 3433 2735 3501 ἐξ
2777 3434 3007 3498 ἀσπίδος
3046 3433 3389 3505 στρατιώτου
3433 3431 3630 3505 ἐρρύη,

2037 3536 2227 3606 ἐτέρου
2257 3550 2316 3585 τε
2349 3531 2502 3601 ξίφος
2524 3531 2582 3598 ἐξ
2613 3529 2781 3585 αὑτοῦ
2813 3528 2909 3582 τοῦ
2940 3528 3308 3599 στρατοπέδου
3332 3526 3498 3588 λύκος
3523 3524 3628 3595 ἦρε-

2034 3645 2204 3684 πασε.
2231 3624 2323 3697 Τῷ
2355 3623 2400 3679 δ’
2440 3623 2661 3692 Ἀννίϐα
2689 3622 2854 3693 θηρία
2890 3620 3063 3674 πολλὰ
3096 3620 3195 3675 καὶ
3246 3618 3505 3687 ἄγνωστα
3534 3620 3630 3671 τὸν

2039 3720 2239 3789 Ἴϐηρα
2266 3714 2603 3769 διαϐαίνοντι
2661 3710 3149 3782 προκαθηγήσατο,
3200 3710 3296 3763 καί.
3325 3708 3448 3778 ὖψις
3492 3705 3633 3761 ὀνει-

2038 3830 2135 3887 ρσυ
2161 3809 2361 3881 ἐφάνη.
2396 3805 2587 3871 Ἔδοξε
2620 3804 2731 3875 γάρ
2765 3820 2897 3858 ποτε
2922 3803 3049 3866 τοὺς
3083 3802 3242 3864 Bson;
3276 3803 3332 3854 ἐν
3361 3798 3631 3887 ἐκκλησία

355 3888 704 3958 καθημένους
740 3897 1210 3967 μεταπέμψασθαί
1233 3916 1292 3955 τε
1320 3902 1490 3956 αὐτὸν
1557 3904 1655 3957 καί.
1705 3884 2051 3977 στρατεῦσαι⁷
2103 3908 2186 3962 ὅτι
2242 3901 2474 3972 τάχιστα
2522 3898 2605 3962 εἰς
2662 3897 2763 3967 τὴν
2818 3894 3055 3950 Ἰταλίαν
3131 3890 3458 3965 προστάξαι,
3537 3884 3634 3945 καὶ

353 3983 542 4041 λαϐεῖν
565 3991 699 4061 παρ’
729 3993 912 4048 αὐτῶν
940 3995 1039 4068 τῆς
1070 3996 1194 4052 ὁδοῦ
1243 3998 1511 4073 ἡγεμόνα,
1569 4001 1668 4054 καὶ
1725 4005 2151 4081 ἀμεταστρεπτὶ
2212 4002 2304 4057 ὑπ’
2336 3996 2506 4053 αὐτοῦ
2563 3993 2929 4064 κελευσθῆναι
2989 3990 3249 4045 ἔπεσθαι.
3291 3991 3632 4058 Μεταστρα-

346 4078 516 4150 φῆναι
544 4081 603 4135 δὲ
650 4085 748 4140 καὶ
776 4084 906 4142 εδεῖν
966 4089 1214 4160 Χεῑμῶνα
1251 4090 1432 4162 μέγαν
1491 4092 1804 4166 χωροῦντα,
1842 4103 1936 4155 καὶ
1970 4078 2247 4175 δράκοντα
2305 4091 2458 4164 αὐτῷ
2522 4086 3004 4144 ἐπακολουθοῦντα
3037 4086 3342 4156 ἀμήχανον,
3370 4085 3465 4137 καὶ
3494 4083 3632 4137 θαυ-

349 4175 524 4241 μάσαι
561 4176 789 4250 ἐρεσθαί
816 4199 875 4237 τε
906 4183 999 4239 τὸν
1021 4185 1263 4256 ἀγωγὸν,
1311 4187 1366 4242 τί
1426 4188 1601 4245 ταῦτα
1664 4187 1814 4248 εἷεν·
1876 4197 2103 4253 καὶτὸν
2157 4195 2369 4251 εἰπεῖν’
2421 4185 2505 4246 Ὦ
2570 4186 2829 4249 Ἀννίϐα,
2872 4183 3063 4239 ταῦτα
3117 4178 3633 4252 συμπορθήσοντά

343 4278 449 4320 σοι
477 4265 593 4337 τὴν
636 4269 903 4329 Ἰταλίαν
928 4273 1187 4345 ἔρχεται.

415 4362 609 4421 XXIII.
676 4366 801 4425 Haec
855 4370 1059 4428 bonam
1109 4389 1267 4447 spem
1317 4375 1605 4447 Annibaii,
1661 4381 1932 4439 Romanis

346 4476 608 4534 magnum
666 4464 924 4522 timorem
982 4469 1313 4527 attulerunt.
1348 4472 1453 4540 Qui
1479 4476 1653 4547 copiis
1706 4487 1765 4533 et
1790 4493 1934 4534 coss.

2113 4379 2246 4434 Kl".
2276 4374 2465 4429 Ταῦτα
2502 4371 2583 4443 τῷ
2633 4371 2733 4443 μέν
2802 4367 3026 4439 ’Δννίϐᾳ
3094 4364 3344 4439 χρηστὴν
3409 4363 3632 4422 ἐλπίδα.

2044 4473 2161 4536 τοῖς
2198 4469 2256 4522 δὲ
2294 4464 2593 4537 Ῥωμαίοις
2619 4462 2801 4532 δεινὴν
2843 4460 3085 4514 ἐνεποίει
3130 4458 3455 4530 ἐκφόϐησιν.
3494 4458 3631 4529 Διχῆ

348 4555 606 4611 bifariam
648 4555 987 4626 distributis,
1019 4561 1411 4634 Sempronium
1463 4567 1714 4638 Longum
1753 4569 1810 4624 in
1842 4569 1930 4625 Si—

2042 4565 2220 4626 δὲτὰς
2247 4560 2513 4629 δυνάμεις
2569 4556 2622 4610 οἰ
2660 4555 2937 4625 Ῥωμαῖοι
2988 4553 3281 4619 διελόντες,
3346 4553 3446 4606 καὶ
3502 4552 3633 4617 τοὺς

346 4648 535 4704 cilium
567 4647 859 4717 miserunt,
892 4650 947 4707 in
969 4652 1285 4724 Hispaniam
1313 4655 1376 4711 P.
1397 4657 1734 4729 Scipionem.
1762 4660 1936 4717 Anni“

352 4741 442 4795 bal
499 4756 635 4797 vero
694 4742 1082 4813 impressionis
1132 4746 1186 4802 in
1216 4747 1431 4804 Italiam
1472 4753 1657 4821 primo
1712 4768 1936 4824 quoque

350 4844 603 4904 tempore
647 4833 913 4891 faciendae
969 4838 1243 4909 cupidus.
1276 4840 1383 4896 iter
1455 4844 1831 4902 acceleravit:
1871 4861 1937 4903 ac

350 4925 608 4990 Galliam,
631 4941 755 4996 quae
792 4928 938 4983 intra
1001 4929 1324 5000 Pyrenaeum
1356 4941 1413 4988 et
1449 4935 1778 4991 Rhodanum
1826 4945 1933 5004 est,

352 5019 497 5074 citra
521 5018 937 5075 dimicationem
975 5023 1193 5077 transiit
1220 5042 1234 5079 :
1260 5040 1443 5096 neque
1480 5026 1780 5097 quisquam
1805 5043 1934 5084 cum

346 5127 419 5168 eo
451 5126 784 5183 congressus
809 5120 917 5179 est,
940 5115 1262 5184 priusquam
1290 5116 1360 5171 ad
1390 5117 1719 5174 Rhodanum
1751 5120 1936 5177 venis.—

349 5214 458 5262 set.
490 5203 570 5260 lbi
597 5221 658 5263 se
694 5205 771 5261 illi
797 5207 1041 5263 ostendit
1068 5206 1257 5279 Scipio
1289 5227 1302 5266 :
1335 5219 1393 5267 et
1426 5226 1750 5283 quanquam
1811 5214 1936 5286 ejus

345 5300 521 5371 copiae
542 5300 790 5357 nondum
809 5301 1185 5369 advenissent,
1208 5310 1385 5359 tamen
1409 5320 1534 5359 cum
1552 5307 1932 5378 popularibus,

347 5408 656 5465 eorumque
681 5393 953 5463 finitimis,
1004 5409 1175 5452 naves
1225 5410 1347 5465 quae
1378 5397 1433 5452 in
1469 5396 1695 5453 ﬂumine
1748 5406 1931 5464 erant,

351 5487 706 5553 communiit,
789 5487 1121 5559 alveumque
1179 5489 1464 5547 custodiit.
1513 5490 1774 5557 Annibal,
1826 5491 1931 5546 etsi

357 5579 626 5648 temporis
653 5578 864 5650 aliquid
918 5580 1262 5637 instruendis
1305 5581 1539 5647 ratibus,
1605 5582 1830 5653 scaphis
1876 5590 1935 5637 et

353 5665 613 5723 lintribus
657 5671 1001 5739 consumpsit
1047 5710 1063 5736 ,
1101 5678 1282 5725 tamen
1312 5672 1500 5728 omnia
1531 5671 1601 5728 ad
1644 5674 1932 5745 trajectum

358 5759 690 5826 necessaria,
751 5761 1109 5819 multitudine
1155 5777 1454 5833 operarum
1513 5766 1669 5837 prius
1699 5765 1930 5835 paravit,

351 5860 516 5914 quam
552 5850 798 5923 Scipioni
828 5866 938 5911 sum
971 5853 1217 5927 legiones
1250 5855 1623 5915 advenissent.
1660 5857 1934 5917 Fratrem-

2041 4654 2288 4717 ὑπάτους
2319 4647 2680 4721 Σεμπρώνιον
2713 4647 2816 4719 μὲν
2839 4647 3051 4716 Λόγγον
3085 4645 3145 4709 ἐς
3177 4644 3428 4699 Σικελίαν
3461 4643 3634 4713 ἐπεμ-

2039 4748 2170 4819 ψαν,
2214 4747 2271 4805 ἐς
2294 4744 2355 4798 δὲ
2382 4741 2481 4813 τὴν
2528 4740 2771 4812 Ἰϐηρίαν
2804 4736 3088 4793 Σκιπίωνα
3125 4736 3419 4792 Πούπλιον.
3471 4735 3529 4790 '0
3574 4736 3633 4789 δέ

2051 4839 2326 4904 Ἀννίϐας,
2373 4838 2456 4900 εἰς
2493 4834 2594 4906 τὴν
2641 4832 2874 4888 Ἰταλίαν
2921 4831 2997 4895 ὡς
3052 4830 3286 4901 τάχιστα
3339 4828 3631 4898 ἐπιθυμῶν

2038 4931 2334 4995 εἰσϐαλεῖν,
2368 4926 2573 4997 σπουδῇ
2604 4926 2825 4997 ἐχώρει,
2858 4924 2956 4978 καὶ
2998 4924 3185 4977 πᾶσαν
3214 4921 3316 4993 τὴν
3354 4920 3632 4976 Γαλατίαν

2038 5025 2140 5095 τὴν
2164 5019 2370 5095 μεταξὺ
2399 5018 2496 5073 τοῦ
2534 5017 2845 5089 Πυρηναίου
2895 5015 2991 5069 καὶ
3019 5013 3116 5067 τοῦ
3168 5013 3428 5067 Ῥοδανοῦ
3461 5012 3631 5066 οὖσαν
3667 5051 3684 5073 .

2039 5116 2249 5188 ἀμαχεὶ
2287 5113 2494 5186 διῆλθε,
2532 5113 2633 5166 καί⁵
2671 5110 2839 5182 μέχρι
2873 5108 2975 5180 μὲν
3008 5106 3105 5161 τοῦ
3140 5105 3389 5177 ποταμοῦ
3438 5105 3631 5160 Ῥοδα-

2038 5207 2132 5263 νοῦ
2160 5206 2337 5269 οὑδείς
2372 5196 2455 5268 εἰς
2493 5203 2685 5274 χεῖρας
2711 5195 2848 5273 ἦκεν
2902 5196 3075 5268 αὐτῷ.
3149 5197 3301 5250 Ἐκεῖ
3337 5195 3384 5249 δ’
3421 5197 3449 5250 ό
3503 5196 3631 5248 Σκι-

2026 5299 2187 5354 εέπίων
2216 5296 2488 5366 ἐπεφάνη,
2519 5292 2725 5364 καίπερ
2761 5291 2838 5362 μὴ
2865 5288 3157 5359 παρούσης
3208 5287 3361 5357 αὐτῷ
3403 5287 3503 5355 τῆς
3533 5287 3630 5340 δυ·-

2040 5392 2280 5464 νάμεως,
2305 5390 2456 5460 ὅμως
2491 5386 2632 5457 μετὰ
2652 5383 2763 5436 τῶν
2792 5380 3111 5452 ἐπιχωρίων
3157 5381 3253 5434 καὶ
3283 5381 3393 5432 τῶν
3443 5380 3631 5442 αὐτοῖς

2043 5484 2359 5556 προσοίκων
2387 5481 2458 5534 τά
2478 5497 2536 5534 τε
2564 5478 2722 5532 πλοῖα
2746 5475 2814 5530 τὰ
2843 5477 2901 5529 ἐν
2920 5474 2998 5545 τῷ
3021 5472 3257 5545 ποταμῷ
3275 5471 3625 5543 προδιέςρθει-

2041 5594 2125 5648 ρε,
2156 5574 2340 5629 καὶτὸ
2373 5571 2556 5644 ῥεῦμα
2578 5566 2748 5623 αὐτοῦ
2800 5568 2891 5621 διὰ
2923 5564 3177 5636 φυλακῆς
3196 5566 3517 5632 ἐποιήσατο.
3562 5561 3625 5616 '0

2039 5667 2132 5722 οῦν
2176 5665 2429 5730 ’Δννίϐας
2453 5663 2644 5739 ἐτριψε
2681 5662 2781 5729 μέν
2809 5677 2934 5714 τινα
2987 5661 3208 5729 χρόνον,
3246 5658 3343 5711 καὶ
3380 5655 3623 5727 σχεδίας,

2040 5759 2138 5814 καὶ
2162 5758 2372 5827 σκάξη,
2407 5756 2544 5809 ἄλλα
2573 5771 2633 5808 τε
2691 5752 2789 5809 καὶ
2852 5749 3124 5821 μονόξυλα
3166 5746 3623 5812 κατασκευάζων.

2044 5852 2223 5923 ’Ἐφθη
2255 5851 2303 5906 δ’
2333 5848 2426 5907 οὖν
2469 5849 2578 5903 ὑπὸ
2609 5845 2962 5917 πολυχειρίας
3002 5844 3072 5899 τά
3126 5842 3264 5909 πρὸς
3315 5840 3626 5908 περαίωσιν
