4060 6408
416 398 516 465 701

1640 401 2068 466 ANNALIUM
2109 400 2260 463 LIB.
2303 397 2472 464 VIII.

3577 387 3687 456 7c!

418 513 696 584 ἀναγκαία
731 510 932 577 πάντα,
969 509 1104 583 πρὶν
1156 510 1234 582 τῷ
1275 510 1541 568 Σκιπίωνι
1573 513 1636 568 τὸ
1663 515 1867 569 οἰκεῖον
1905 516 2012 585 ἅφ-

2128 528 2219 583 ιιιε
2245 513 2529 583 Magonem
2558 523 2684 566 cum
2704 508 2988 581 equitibus
3012 514 3068 564 et
3085 505 3346 563 velitibus
3376 503 3683 561 nonnullis.

424 608 639 665 ικέσθαι
669 605 1012 677 στράτευμα,
1041 603 1609 676 προετοιμασάμενος,
1629 606 1722 660 καὶ
1744 605 1838 660 τὸν
1860 605 2011 660 ἀδελ-

422 702 523 772 φὸν
555 700 806 768 Μάγωνα
836 697 934 750 σὺν
958 699 1074 761 τοῖς
1113 696 1346 751 ἱππεῦσι
1406 699 1503 752 καὶ
1548 697 1730 769 ψιλοῖς
1768 715 1934 765 τισιν,

427 789 785 844 σκεδάννυται
813 788 841 842 6
873 787 1119 857 ποταμὸς
1146 789 1241 842 ἐπὶ
1268 786 1403 841 πολὺ
1423 789 1518 842 καὶ
1553 789 1741 860 νήσοις
1765 788 2013 858 διαλαμ-

425 882 672 946 ϐάνεται,
701 879 1105 951 διαϐησόμενον
1125 878 1393 949 ἐπεμψεν.
1426 879 1600 944 Αὐτὸς
1648 881 1705 936 δὲ
1743 881 1887 934 κατὰ
1918 879 2011 933 τὸν

424 974 642 1044 ιμφανῆ
673 973 844 1038 πόρον
873 971 1072 1043 ἐχώρει
1098 971 1285 1043 δῆθεν,
1318 971 1386 1025 ἵν’
1420 973 1469 1026 οἰ
1508 973 1749 1027 Γαλάται
1797 975 2013 1042 ἀπατη-

426 1067 592 1133 θεῖεν,
629 1066 769 1137 πρὸς
815 1064 979 1119 αὑτὸν
1012 1065 1483 1134 ἀντιταττόμενοι,
1512 1065 1609 1118 καὶ
1643 1065 2011 1136 ἀμελέστερον

426 1162 484 1215 ὲν
503 1160 688 1223 ἄλλοις
716 1157 811 1212 τοῦ
837 1157 1088 1227 ποταμοῦ
1107 1158 1209 1228 τὴν
1238 1157 1492 1229 φυλακὴν
1523 1156 1743 1212 θῶνται.
1797 1158 1865 1210 Ὃ
1916 1156 2012 1210 καὶ

426 1255 641 1322 γέγονε.
669 1251 782 1305 Καὶ
810 1252 838 1305 6
893 1251 1104 1320 Μάγων
1151 1250 1303 1320 διέϐη
1356 1249 1451 1304 τὸν
1504 1249 1754 1320 ποταμόν
1801 1264 1816 1279 ·
1853 1250 1882 1303 ὁ
1950 1248 2009 1302 δὲ

438 1343 693 1407 Ἀννίϐας
723 1343 893 1397 καἱοί
922 1344 1055 1414 περί
1082 1341 1247 1396 αὐτὸν
1285 1341 1430 1396 κατὰ
1460 1342 1555 1396 τὸν
1583 1342 1752 1411 πόρον
1784 1343 2013 1411 ἐπεραι-

429 1432 621 1487 οῦντο·
650 1433 747 1487 καὶ
776 1432 1062 1501 γενόμενοι
1087 1431 1231 1484 κατὰ
1256 1430 1316 1484 τὸ
1350 1431 1537 1502 μέσον,
1586 1429 1882 1500 ἠλάλαξαν,
1917 1428 2014 1483 καὶ

429 1528 478 1580 οἰ
504 1526 835 1594 σαλπιγκταὶ
847 1523 904 1578 δὲ
920 1523 1251 1594 συνήχησαν
1281 1524 1376 1575 καί
1397 1524 1424 1576 6
1440 1522 1653 1590 Μάγων
1673 1521 1818 1575 κατὰ
1840 1520 2013 1576 νώτου

429 1620 540 1683 τοῖς
575 1616 947 1688 άνθεστηκόσι
976 1617 1318 1689 προσέπεσε,
1353 1614 1449 1668 καὶ
1476 1612 1651 1678 οὕτως
1684 1613 1741 1668 ot
1761 1629 1820 1668 τε
1865 1612 2015 1669 ἄλλοι

431 1711 527 1764 καὶ
554 1710 923 1780 οίὶλέφαντες
982 1708 1285 1773 ἀκινδύνως
1351 1705 1802 1779 ιπεραιώθησαν.
1853 1706 2015 1775 ’Δρτι

428 1803 489 1857 δὲ
518 1801 942 1875 περαιωθέντων
983 1800 1185 1867 αὐτῶν,
1240 1801 1337 1855 καὶ
1376 1799 1457 1872 τῷ
1513 1799 1781 1853 Σκιπίωνι
1835 1799 2014 1852 οἰκεία

432 1867 662 1966 ἀφίκετο
688 1895 942 1966 δύναμις.
992 1895 1319 1965 Πίμψαντες
1387 1867 1482 1948 ούν
1546 1893 1628 1958 εἰς
1692 1891 2015 1963 προσκοπὴν
2046 1867 2089 1923 Β

434 1988 638 2050 ἱππέας
668 1987 1001 2059 ἀμφότεροι,
1042 1985 1269 2057 τοιούτῳ
1322 1984 1469 2038 τέλει
1528 1983 1628 2055 τῆς
1677 1982 2024 2054 ἱππομαχίας

431 2081 753 2150 ἐχρήσαντο,
778 2077 966 2131 ὁποῖον
993 2078 1023 2130 6
1051 2077 1275 2148 σύμπας
1296 2075 1502 2148 ἔσχηκε
1538 2075 1797 2146 πόλεμος.
1817 2075 1883 2129 Ol
1914 2074 2023 2147 γὰρ

438 2170 708 2242 Ῥωμαῖοι
747 2170 844 2225 καὶ
877 2171 1102 2225 ἔλαττον
1130 2170 1232 2242 τὴν
1271 2167 1500 2241 πρώτην
1524 2167 1907 2239 ἰνεγκάμενοι,
1930 2172 2024 2223 καὶ

435 2262 665 2335 συχνοὺς
695 2261 1066 2327 ἀποϐαλόντες
1123 2262 1386 2332 ἐνίκησαν
1407 2275 1423 2291 ⁹
1456 2260 1712 2315 ἐντεῦθεν
1746 2259 2020 2324 Ἀννίϐας,

432 2354 655 2409 ἀπιέναι
689 2357 825 2427 πρὸς
868 2354 1103 2410 Ἰταλίαν
1134 2355 1413 2422 σπεύδων,
1445 2352 1776 2408 ὑποπτεύων
1822 2353 1879 2408 δὲ
1925 2352 2027 2418 τὰς

435 2450 854 2522 ἐπιτομωτέρας
876 2449 988 2504 τῶν
1009 2450 1170 2515 ὁδῶν,
1223 2451 1444 2513 ὲκείνας
1503 2449 1602 2519 μὲν
1663 2449 2026 2521 παρεξῆλθεν,

434 2543 634 2614 ἃτέραν
660 2543 719 2596 δὲ
745 2544 1036 2614 πορευθεὶς
1081 2543 1325 2614 ἰσχυρῶς
1371 2541 1645 2614 ὲπόνησε’
1699 2543 1770 2597 τά
1811 2559 1871 2598 τε
1918 2542 2028 2614 γάρ

435 2632 535 2705 ὅρη
568 2634 753 2688 ἐκεῖνα
782 2635 1187 2706 άποτομώτατά
1220 2638 1361 2701 ὲστι,
1424 2635 1520 2689 καὶ
1573 2635 1606 2705 ἡ
1660 2634 1794 2706 χιὼν
1859 2633 2030 2707 πολλὴ

436 2726 726 2797 γενομένη,
751 2727 967 2790 καὶτὰς
993 2727 1285 2799 φάραγγας
1312 2726 1406 2781 ὑπ’
1422 2728 1642 2799 ἀνέμων
1662 2728 2028 2800 πληρώσασα,

437 2819 535 2871 ιιιί
564 2821 594 2873 6
629 2819 972 2891 κρύσταλλος
1001 2820 1338 2892 ἰσχυρότατα
1373 2823 1596 2891 παγεὶς,
1626 2821 1820 2886 δεινῶς
1882 2829 2025 2892 σφᾶς

438 2910 857 2985 ὲταλαιπώρησε
881 2929 895 2944 ·
932 2912 1028 2968 καὶ
1070 2912 1260 2967 πολλοί
1305 2912 1416 2968 τῶν
1455 2913 1622 2968 αὐτοῦ
1676 2916 2030 2986 στρατιωτῶν

439 3004 546 3058 ὑπό
569 3022 630 3058 τε
658 3005 756 3060 τοῦ
784 3007 1081 3077 χειμῶνος,
1133 3007 1228 3061 καὶ
1275 3007 1381 3060 ὑπὸ
1415 3007 1684 3074 σιτοδείας
1722 3008 2031 3077 ἀπώλοντο,

444 3094 708 3151 πολλοὶδὲ
770 3098 868 3153 καὶ
905 3097 1095 3152 οἴκαδε
1141 3097 1524 3171 ἀνεχώρησαν.
1562 3099 1716 3170 Ἔχει
1765 3099 1822 3154 δὲ
1873 3099 2032 3169 λόγος

2114 622 2222 677 qua
2257 605 2438 661 amnis
2489 605 2594 660 late
2624 603 2923 674 spargitur,
2984 610 3041 656 et
3075 600 3271 654 insulis
3303 596 3685 669 distinguitur,

2112 697 2372 766 trajicere
2394 694 2579 768 jussit.
2625 695 2748 765 Ipse
2780 695 2846 749 ad
2879 693 3111 749 evidens
3128 691 3330 747 vadum
3361 689 3684 746 contendit:

2111 791 2373 845 nimirum
2407 797 2466 843 ut
2495 787 2657 852 Galli,
2680 787 2810 842 dum
2835 784 2937 857 ipsi
2960 784 3315 848 obsisterent,
3342 782 3691 846 fallerentur,

2112 890 2168 939 et
2201 883 2256 936 in
2281 880 2404 936 aliis
2429 880 2566 951 ripis
2581 879 2824 934 fluminis
2855 875 3225 948 negligentius
3260 872 3550 929 custodias
3586 871 3692 924 ha-

2113 975 2326 1031 berent.
2359 973 2548 1044 Itaque
2574 969 2825 1042 contigit.
2864 968 3003 1023 Cum
3032 966 3225 1038 Magon
3266 963 3473 1018 flumen
3512 972 3694 1016 trans-

2114 1066 2372 1128 misisset,
2390 1064 2624 1120 Annibal
2652 1063 2849 1133 suique
2872 1060 3073 1116 vadum
3096 1056 3351 1121 ingressi,
3373 1055 3466 1110 ubi
3489 1053 3555 1108 ad
3575 1068 3694 1107 me-

2114 1158 2267 1214 dium
2296 1169 2599 1228 pervenere
2629 1197 2644 1221 ,
2677 1154 2970 1209 clamorem
2999 1149 3343 1205 sustulerunt
3374 1154 3431 1202 et
3461 1140 3695 1201 classico

2114 1250 2441 1308 cecinerunt
2468 1265 2482 1302 :
2507 1255 2564 1302 et
2589 1246 2816 1317 Magone
2846 1242 3190 1298 adversarios
3230 1254 3261 1294 a
3290 1246 3442 1310 tergo
3476 1236 3693 1301 adorto,

2115 1349 2173 1396 et
2204 1338 2384 1396 caeteri
2410 1346 2468 1394 et
2488 1335 2812 1407 elephantes
2847 1334 2985 1389 citra
3005 1329 3310 1402 periculum
3335 1326 3692 1382 transierunt.

2116 1434 2219 1492 Vix
2251 1430 2606 1495 transierant,
2641 1442 2767 1482 cum
2798 1424 3074 1496 Scipionis
3122 1421 3294 1493 copiae
3325 1418 3694 1475 advenerunt.

2113 1524 2251 1581 Cum
2280 1524 2451 1596 igitur
2474 1521 2737 1591 utrinque
2768 1518 3114 1590 speculatum
3146 1514 3365 1584 equites
3394 1512 3697 1575 misissent,

2116 1616 2163 1671 is
2194 1614 2469 1686 equestris
2502 1611 2676 1683 praelii
2710 1611 2814 1666 fuit
2838 1609 3044 1672 exitus,
3069 1605 3165 1678 qui
3200 1604 3335 1661 belli
3363 1602 3554 1658 totius.
3585 1602 3697 1655 Ro-

2115 1708 2264 1763 mani
2292 1707 2441 1763 enim
2467 1704 2741 1776 principio
2769 1700 3081 1766 inferiores,
3116 1697 3307 1753 multis
3335 1692 3573 1757 amissis,
3613 1691 3699 1745 vi-

2117 1809 2334 1858 cerunt.
2364 1799 2497 1855 Inde
2509 1795 2745 1853 Annibal
2769 1797 2824 1850 iu
2846 1794 3055 1850 Italiam
3083 1802 3406 1862 properans,
3426 1800 3551 1841 cum
3584 1783 3708 1837 vias

2125 1890 2634 1963 compendiosiores
2684 1895 2970 1958 suspectas
3026 1884 3302 1939 haberet:
3338 1880 3445 1935 illis
3490 1875 3698 1941 vitatis,

2124 1996 2290 2056 atque
2341 1982 2467 2038 aliis
2489 1980 2800 2036 tramitibus
2855 1974 3123 2047 quaesitis,
3173 1984 3398 2042 magnas
3428 1979 3709 2022 aerumnas

2127 2075 2403 2133 toleravit.
2452 2073 2592 2128 Nam
2639 2079 2697 2128 et
2728 2079 2944 2132 montes
2972 2064 3268 2122 admodum
3303 2057 3591 2133 praerupti,
3646 2062 3706 2110 et

2125 2169 2301 2225 valles
2331 2166 2462 2222 ﬂatu
2500 2172 2788 2221 ventorum
2823 2158 3112 2231 profundis
3137 2156 3362 2211 nivibus
3380 2152 3628 2220 expletas,
3648 2157 3713 2204 et

2126 2259 2330 2333 glacies
2376 2255 2709 2312 densissima
2749 2251 2916 2324 510
2941 2248 3184 2321 graviter
3238 2243 3543 2301 exercitum
3569 2238 3714 2294 aﬂli—

2127 2331 2329 2407 serunt
2365 2367 2379 2404 :
2412 2347 2684 2417 multique
2737 2344 2944 2399 milites
3001 2341 3089 2397 vel
3145 2338 3348 2402 bieue,
3381 2334 3468 2391 vel
3523 2331 3709 2387 inedia

2128 2442 2416 2512 perierunt
2445 2458 2457 2494 :
2486 2439 2645 2494 multi
2679 2437 2846 2493 etiam
2880 2434 3104 2490 domum
3160 2428 3467 2485 redierunt.
3507 2424 3715 2480 Fertur

2129 2546 2184 2592 et
2209 2536 2327 2606 ipse
2378 2530 2617 2588 Annibal
2656 2525 2857 2585 reverti
2917 2525 3183 2588 voluisse,
3232 2520 3341 2576 nisi
3396 2514 3715 2573 conlecturus

2131 2630 2239 2685 iter
2277 2625 2497 2697 longius
2520 2631 2578 2678 et
2602 2620 2881 2677 dillicilius
2901 2617 3096 2673 fuisset
3132 2630 3200 2670 eo
3250 2610 3398 2683 quod
3444 2606 3713 2663 restabat.

2131 2722 2319 2791 anue
2345 2718 2412 2774 de
2448 2730 2614 2772 causa
2653 2713 2848 2783 coeptis
2876 2726 2987 2764 non
3018 2706 3230 2764 destitit
3266 2722 3281 2760 :
3307 2719 3371 2759 ac
3399 2700 3585 2758 subito
3612 2711 3710 2752 ex-

2132 2824 2213 2869 tra
2234 2812 2401 2884 Alpes
2429 2816 2779 2880 conspectus,
2835 2801 3259 2859 admirationem
3308 2794 3475 2852 simul
3513 2801 3571 2848 et
3600 2798 3714 2845 ter-

2132 2882 2317 2962 rorem
2364 2900 2629 2958 Romanis
2673 2898 2884 2969 injecit.
2934 2896 3188 2963 intcrque
3244 2882 3714 2960 progrediendum

2131 3000 2294 3056 obvia
2314 3011 2546 3067 quaeque
2563 2991 2801 3063 subegit.
2827 2989 3011 3061 Scipio
3033 2988 3259 3042 fratrem
3285 2983 3345 3041 Ο.
3374 2981 3714 3052 Scipionem,

2133 3092 2375 3162 legatqu
2407 3102 2591 3152 suum,
2625 3086 2680 3139 in
2709 3083 3025 3153 Hispaniam
3056 3080 3227 3137 misit.
3261 3085 3323 3131 ut
3348 3082 3446 3130 aut
3470 3088 3590 3128 eam
3621 3087 3718 3126 oc—

438 3190 523 3243 ὃτι
552 3190 646 3244 καί
678 3188 844 3251 αὐτὸς
866 3189 1203 3260 ἀνέστρεψεν
1233 3169 1398 3256 amici
1437 3190 1515 3263 μὴ
1545 3169 1749 3245 πλείων
1772 3193 1868 3247 καὶ
1893 3192 2028 3246 άπο-

2132 3189 2381 3254 cuparct,
2412 3189 2508 3235 aut
2553 3177 2877 3234 Annibalem
2908 3189 2975 3230 eo
3009 3173 3320 3228 retraheret
3356 3189 3371 3224 :
3406 3169 3524 3240 ipse
3578 3181 3717 3222 con-

444 3281 659 3352 ρωτέρα
687 3282 721 3352 ἠ
753 3281 1193 3355 προδιηνυσμένη
1223 3281 1344 3344 ὁδὸς
1374 3278 1483 3353 ’τῆς
1508 3282 1839 3356 λειπομένης
1868 3283 2032 3354 ἐτύγ-

445 3393 599 3446 χανε.
638 3377 739 3430 Διὰ
770 3375 872 3448 μὲν
910 3376 974 3446 δὴ
992 3375 1150 3430 τοῦτο
1178 3378 1279 3431 οὐκ
1319 3377 1674 3448 ἀπετράπετο
1699 3393 1715 3409 ·
1766 3378 2032 3447 ἐξαπίνης

442 3470 500 3523 δὲ
539 3468 701 3533 ἐκτὸς
730 3468 844 3521 τῶν
875 3468 1133 3522 Ἀλπεων
1189 3470 1470 3539 ἐκφανεὶς,
1523 3469 1713 3541 θαῦμα
1765 3471 1861 3523 καὶ
1911 3470 2032 3534 δέος

444 3566 558 3628 τοῖς
592 3561 891 3635 Ῥωμαίοις
927 3561 1174 3616 ἐνέϐαλε.
1212 3563 1325 3617 Kal.
1355 3562 1383 3616 6
1409 3562 1508 3632 μὲν
1539 3561 1851 3634 προεχώρει
1876 3561 1944 3616 τά
1973 3563 2032 3615 ὲν

444 3656 576 3712 ποσὶ
611 3654 1107 3726 προσποιούμενος.
1144 3656 1395 3709 Σκιπίων
1443 3656 1500 3710 δὲ
1536 3656 1631 3710 τὸν
1660 3656 1762 3728 μὲν
1802 3655 2034 3724 ἀδελφὸν

447 3750 607 3806 Γάϊον
656 3749 942 3803 Σκιπίωνα
996 3747 1529 3820 ὑποστρατηγοῦντα
1603 3748 1755 3819 αὐτῷ
1811 3750 1891 3809 εἰς
1934 3746 2035 3818 τὴν

457 3838 699 3914 Ἰϐηρίαν
723 3841 999 3914 επεμψεν,
1033 3842 1111 3908 ώς
1148 3841 1608 3913 καταληψόμενον
1668 3840 1841 3913 αὐτὴν
1873 3840 1906 3912 ἢ
1940 3840 2035 3895 τὸν

459 3936 709 3990 ’Δννίδαν
740 3935 1107 4001 ἐπανάξοντα.
1160 3934 1337 3999 Αὐτὸς
1382 3933 1430 3989 δ’
1488 3934 1581 3988 ἐπὶ
1626 3932 1722 3989 τὸν
1784 3931 2037 3987 Ἀννίϐαν

449 4029 634 4100 ῆλασε,
669 4031 764 4083 καὶ
795 4028 1010 4100 ἡμέρας
1043 4027 1142 4100 μέν
1166 4044 1320 4091 τινας
1349 4025 1608 4097 ἐπέσχον,
1643 4024 1839 4078 ἔπειτα
1868 4023 2037 4093 ἄμφω

452 4119 586 4191 πρὸς
610 4120 710 4191 τὴν
735 4121 913 4193 μάχην
937 4119 1231 4192 ὥρμησαν.
1252 4120 1389 4190 Πρὶν
1409 4117 1468 4172 δὲ
1490 4118 1556 4188 δὴ
1583 4116 1748 4188 ἔργου
1781 4114 2036 4187 ἔχεσθαι,

454 4214 792 4284 συγκαλέσας
817 4215 848 4268 6
887 4213 1142 4278 ’Δννίδας
1185 4208 1315 4276 τοὺς
1343 4207 1709 4280 στρατιώτας,
1741 4209 2040 4277 παρήγαγε

2133 3284 2215 3329 tra
2240 3272 2569 3329 Annibalem
2591 3278 2672 3325 est
2707 3267 3012 3339 profectus.
3047 3264 3126 3319 Ac
3174 3262 3295 3317 dies
3346 3259 3571 3332 quidem
3614 3256 3719 3310 ali-

2132 3377 2269 3440 quot
2324 3368 2677 3438 quieverunt,
2739 3360 2940 3416 deinde
2995 3367 3178 3414 autem
3226 3355 3390 3411 ambo
3438 3361 3717 3423 pugnasse

2131 3469 2419 3534 pararunt.
2483 3457 2592 3514 Sed
2645 3456 2967 3528 priusquam
3042 3452 3110 3506 ad
3159 3461 3356 3503 manus
3411 3444 3716 3500 veniretur.

2132 3552 2395 3616 Annibal,
2432 3548 2715 3604 militibus
2766 3543 3103 3607 convocatis,
3163 3542 3220 3596 in
3270 3538 3473 3593 itinere
3529 3538 3721 3601 captos

2137 3647 2398 3721 produxit
2432 3646 2486 3700 in
2509 3642 2777 3707 medium,
2838 3650 3039 3708 rogans
3074 3645 3264 3689 utrum
3320 3626 3489 3685 vincti
3521 3624 3718 3680 duram

2135 3714 2348 3810 perpeti
2377 3734 2704 3791 servitutem
2740 3729 2993 3793 mallent,
3026 3741 3094 3780 an
3130 3724 3277 3779 inter
3314 3732 3437 3775 sese
3471 3714 3719 3785 singula-

2136 3830 2181 3884 ri
2213 3828 2520 3885 certamine
2574 3821 2861 3895 congredi.
2896 3828 2959 3875 ut
2996 3818 3247 3873 victores
3298 3810 3471 3883 gratis
3524 3819 3722 3861 manu.

2138 3919 2546 3978 mitterentur?
2584 3917 2656 3974 Ut
2685 3913 2965 3986 posterius
2996 3909 3384 3982 praetulerunt,
3435 3914 3533 3958 eos
3575 3906 3722 3952 inter

2139 4030 2263 4071 sese
2327 4010 2648 4070 commisit:
2682 4015 3022 4080 peractoque
3101 3999 3425 4062 certamine,
3480 3991 3722 4047 militum

2140 4120 2371 4164 suorum
2412 4104 2630 4159 animos
2660 4114 2763 4171 pro
2819 4095 3089 4154 concione
3150 4086 3525 4148 conﬁrmavit,
3557 4090 3724 4151 atque

2142 4199 2211 4255 ad
2238 4198 2446 4254 bellum
2489 4194 2660 4251 acuit.
2716 4190 2866 4247 Idem
2893 4196 2951 4245 et
3001 4185 3189 4255 Scipio
3221 4198 3290 4238 ex
3339 4180 3512 4235 altera
3565 4180 3725 4245 parte

448 4263 575 4375 τούς
600 4263 1011 4381 αἰχμαλώτους,
1055 4263 1150 4371 ob;
1372 4263 1474 4375 την
1508 4302 1626 4357 ὁδὸν
1669 4263 1922 4372 Esses;
1946 4263 2028 4354 καί

2142 4291 2295 4347 fecit.
2330 4288 2540 4345 Deinde
2571 4286 2647 4340 ita
2679 4279 2959 4353 congressi
3017 4286 3169 4343 sunt,
3220 4271 3380 4345 quasi
3410 4283 3536 4325 cum
3593 4263 3729 4321 totis

459 4355 571 4375 "'v
601 4355 854 4381 -Ἀι-νυ--σ
871 4355 1011 4375 -ν-νν
1059 4355 1147 4371 vv:
1193 4355 1337 4360 -------
1385 4355 1463 4375 ποί
1516 4355 1556 4357 -ί
1784 4355 1828 4372 ,,
1901 4355 1914 4366 ,

448 4405 611 4476 ἤρετο
640 4403 842 4467 αὐτοὺς
874 4402 1112 4472 πότερον
1132 4397 1384 4453 δεδέσθαι
1409 4397 1505 4450 καὶ
1532 4392 1810 4450 δουλεύειν
1850 4392 2028 4457 κακῶς

2144 4380 2492 4439 exercitibus
2522 4374 2836 4435 conflicturi
2865 4378 3073 4429 essent.
3101 4368 3209 4424 Sed
3249 4365 3435 4435 Scipio
3481 4355 3728 4430 equestri

2399 4474 2406 4476 μ
2557 4471 2569 4476 -
2637 4470 2650 4476 -
2902 4475 2907 4476 ,
3284 4456 3649 4476 ,Μὴ-η
3673 4454 3726 4476 Α,

450 4454 1245 4568 μονομαχῆσαι
1280 4488 1565 4560 ἀλλήλοις,
1595 4486 1729 4541 ὥστ’
1760 4454 2028 4557 ἀφεθῆναι

2147 4476 2340 4551 prtelio
2394 4474 2455 4530 in
2486 4470 2683 4544 primis
2742 4475 2971 4531 tentato,
3002 4462 3194 4518 multis
3232 4456 3449 4516 amissis
3473 4462 3652 4507 victus
3671 4454 3729 4503 et

2152 4566 2473 4589 .7--I___-..'--
2525 4573 2690 4589 ..ιι-..Α
2723 4558 2861 4589 min.
2884 4552 3240 4589 nari-nonduin
3297 4547 3404 4589 nisi
3440 4560 3471 4589 .1
3497 4543 3609 4589 ﬁlio
3640 4556 3729 4589 se-

454 4543 747 4568 t'""""'!
793 4543 820 4566 Ἰ
857 4543 1242 4564 ι---ηι-νν-Ατιννη
1286 4543 1312 4545 ν-
1406 4543 1417 4560 Ι
1521 4543 1564 4554 -ν
1811 4543 1823 4555 ι
1926 4543 1939 4557 υ

454 4591 656 4660 προῖκα
689 4589 820 4652 τοὺς
856 4586 1214 4658 νικήσαντας.
1253 4582 1369 4637 Καὶ
1417 4578 1495 4641 ῶς
1534 4578 1595 4634 τὸ
1654 4577 1912 4650 δεύτερον
1962 4576 2028 4631 ει

2149 4543 2501 4630 vulneratus,
2525 4573 2692 4633 atque
2721 4558 2861 4614 adeo
2884 4552 3263 4627 perimendus,
3297 4547 3405 4604 nisi
3440 4560 3471 4601 δ
3497 4543 3609 4597 tilio
3640 4556 3733 4595 se-

449 4640 1215 4749 λοῗντοζ-συνέδαλενἀὐτοὺς,
1249 4675 1347 4730 καὶ
1400 4673 1805 4746 μαχεσαμένων
1821 4640 2028 4743 ’ἐδημη-

2152 4659 2489 4736 ptemdecim
2515 4669 2693 4711 annos
2713 4659 2844 4706 nato
2878 4656 3176 4720 protectus;
3196 4651 3347 4699 esset
3380 4656 3395 4693 :
3427 4640 3631 4691 tiruens
3661 4647 3745 4686 ne-

452 4725 624 4749 ..-....,
662 4725 954 4737 --.--....-.
991 4725 1215 4742 ﬂ---"
1252 4725 1345 4730 η-
1400 4725 1636 4746 Pw”.
1913 4725 1946 4743 ﬂ
1996 4725 2008 4742 ι

452 4775 692 4846 γόρησε,
739 4773 868 4835 τοὺς
910 4772 1146 4834 οἰκείους
1190 4767 1532 4838 στρατιώτας
1587 4763 1892 4835 ὲπιρωννὺς
1947 4764 2028 4818 κα⁴

2149 4725 2366 4829 pedites
2387 4752 2553 4807 etiam
2578 4744 3029 4807 succumberent,
3066 4738 3252 4797 statim
3283 4731 3532 4800 receptui
3580 4725 3728 4784 ccci-

453 4840 792 4938 παραθήγων
830 4864 912 4926 εἰς
969 4862 1233 4929 πόλεμον.
1265 4855 1441 4913 Τοῦτο
1494 4855 1541 4910 δ’
1571 4852 1840 4925 ἑτέρωθεν
1893 4854 2028 4907 atati

2151 4851 2257 4914 nit,
2291 4862 2357 4903 ac
2403 4851 2570 4900 noctu
2605 4840 2854 4921 recessit.

726 4918 1006 5026 εποίησεν.
1036 4918 1173 5007 Εἶτα
1205 4948 1471 5023 συνῆλθον
1506 4948 1605 5020 μὲν
1655 4918 1732 5010 ώς
1761 4945 1905 5009 ὅλοις
1930 4946 2044 5009 τοῖς
2083 4937 2472 5015 στρατοπέδοις
2553 4918 2912 5004 μαχούμενοι.
2962 4924 3026 4982 'O
3082 4923 3327 4980 Σκιπίων
3362 4918 3445 4989 δὲ,
3479 4927 3718 5023 «positu:

454 5051 615 5119 μίξας
642 5050 721 5122 τῷ
747 5002 959 5121 ἱππικῷ
986 5002 1616 5119 καίἡττηθείςσυχνούς
1640 5002 2038 5095 τε-άποσάλὼν⁷
2067 5002 2164 5093 καί
2219 5033 2384 5098 αὐτὸς
2422 5002 2681 5103 τρωθεὶς,
2713 5022 3008 5080 ἀποθανών
3036 5020 3084 5075 τ’
3125 5019 3216 5085 ἂν,
3247 5019 3297 5070 εἰ
3325 5015 3402 5086 μή
3438 5026 3542 5122 ﬁt?!)
3573 5002 3741 5122 ξιῑῗτίῖ)

454 5096 613 5119 Γττνν
654 5096 718 5122 ’τ
749 5096 956 5121 --νννπτ
988 5096 1082 5103 ἠπ
1105 5096 1131 5119 Ί
1150 5096 1161 5100 ν
1182 5096 1297 5116 "r—
1315 5096 1354 5109 -υ
1392 5096 1401 5097 ί
1426 5096 1485 5115 -δ
1595 5096 1613 5106 σ
2366 5096 2375 5098 ε
2462 5096 2475 5103 -

453 5142 698 5199 Σκιπίων
731 5142 760 5196 6
790 5141 930 5207 υίὸς,
962 5139 1168 5210 καίπερ
1203 5134 1278 5191 ῶν
1319 5133 1849 5203 ἑπτακαιδεκαέτης,
1909 5133 2195 5204 ἐπήμυνε,
2259 5126 2547 5181 κατέδεισε
2598 5120 2675 5193 μὴ
2740 5116 2838 5172 καὶ
2895 5115 2975 5188 τῷ
3005 5111 3156 5183 πεζῷ
3178 5107 3380 5178 σφαλῇ.
3412 5102 3505 5158 καὶ
3529 5096 3734 5153 αὐτίκα

456 5255 515 5292 τε
545 5235 871 5301 ἐπανήγαγε
895 5232 991 5285 καὶ
1029 5232 1130 5303 τῆς
1175 5229 1372 5292 νυκτὸς
1409 5225 1795 5297 ὑπεχώρησεν.
2158 5232 2163 5239 '

521 5331 648 5386 ΚΜ.
701 5323 955 5387 Ἀννίόας
991 5321 1051 5377 δὲ
1112 5320 1235 5392 μεθ’
1286 5318 1506 5390 ἡμέραν
1555 5314 1655 5386 τὴν
1688 5311 2050 5386 ἀποχώρησιν

455 5422 621 5480 αὐτοῦ
661 5418 876 5492 μαθὼν,
907 5415 1046 5484 πρὸς
1074 5415 1169 5468 τὸν
1212 5411 1500 5483 Ἠριδανὸν
1550 5403 1708 5481 ἦλθε,
1754 5409 1850 5461 καὶ
1909 5407 2049 5477 μήτε

2222 5306 2408 5364 XXIV.
2432 5300 2692 5365 Annibal,
2716 5300 2837 5370 ejus
2892 5295 3141 5351 discessu
3165 5301 3326 5344 mane
3381 5281 3625 5354 cognito,
3661 5279 3741 5334 adE

2148 5399 2453 5457 Eridanum
2482 5394 2636 5451 venit
2664 5409 2677 5447 :
2711 5391 2801 5446 ubi
2834 5404 2959 5444 cum
2985 5400 3054 5440 ne
3088 5395 3253 5438 unam
3279 5376 3501 5449 quidem
3553 5380 3742 5427 ratem.

458 5513 675 5586 σχεδίας
702 5511 737 5583 ἢ
774 5509 936 5564 πλοῖα
972 5505 1151 5575 εὑρὼν
1191 5504 1598 5576 (ὲνεπέπρηστο
1629 5501 1741 5571 γάρ
1776 5499 1930 5568 παρὰ
1954 5496 2051 5551 τοῦ

455 5601 807 5675 Σκιπίωνος),
833 5600 927 5656 τὸν
964 5600 1064 5673 μὶν
1087 5597 1314 5667 ἀδελφὸν
1350 5595 1596 5665 Μάγωνα
1628 5592 1728 5647 σὺν
1782 5593 1896 5655 τοῖς
1956 5592 2050 5645 ἰπ-

458 5700 622 5756 πεῦσι
651 5694 1015 5767 διανήξασθαι
1067 5690 1164 5746 καί⁵
1196 5687 1485 5753 ἐπιδιῶξαι
1539 5685 1667 5749 τοὺς
1736 5682 2046 5753 Ῥωμαίους

458 5793 749 5849 ἐκέλευσεν
768 5805 783 5820 ·
823 5787 990 5850 αὐτὸς
1017 5786 1099 5853 δὲ,
1125 5784 1240 5839 ἄνω
1271 5782 1410 5854 πρὸς
1438 5781 1539 5843 τὰς
1573 5777 1758 5850 πηγὰς
1785 5776 2046 5849 χωρήσας

462 5881 552 5938 τοῦ
584 5878 857 5952 ποταμοῦ,
915 5876 1045 5943 τοὺς
1103 5872 1401 5945 ἐλέφαντας
1456 5868 1600 5925 κατὰ
1639 5868 1731 5924 τὸν
1778 5865 2044 5940 ιπιρρουν

2149 5491 2455 5547 invenisset
2500 5489 2795 5556 (cremarat
2824 5479 2973 5536 enim
3004 5474 3188 5532 omnia
3243 5467 3459 5537 navigia
3492 5460 3730 5533 Scipio),

2147 5587 2378 5642 fratrem
2434 5582 2895 5651 Magonem,cum
2949 5570 3233 5642 equitibus
3300 5556 3741 5632 tranarejussit,

2150 5650 2539 5744 Romanosque
2592 5664 2851 5740 persequi
2894 5681 2908 5718 :
2960 5662 3076 5733 ipsc
3127 5671 3344 5714 sursum
3404 5652 3470 5708 ad
3546 5650 3743 5705 fontes.

2151 5766 2331 5825 amnis
2357 5761 2661 5836 profectus,
2695 5755 3040 5827 elephantes,
3085 5765 3192 5822 qua
3216 5748 3420 5805 flumen
3466 5744 3727 5799 concita-

2154 5859 2269 5915 tius
2295 5830 2497 5925 fertur,
2529 5848 2768 5909 traducit
2806 5865 2819 5905 :
2856 5855 2914 5903 et
2958 5860 3101 5917 aqua
3125 5842 3183 5900 in
3242 5839 3551 5899 belluarum
3579 5830 3739 5890 mole
