  <div class='ocr_page' id='page_1' title='image "/cluster/home/n/w/nwhite01/storage/ocr_20150623/134:no.1/coo.31924054870393/359.png"; bbox 0 0 4060 6402; ppageno 0'>
   <div class='ocr_carea' id='block_1_1' title="bbox 383 374 491 430">
    <p class='ocr_par' dir='ltr' id='par_1_1' title="bbox 383 374 491 430">
     <span class='ocr_line' id='line_1_1' title="bbox 383 374 491 430; baseline -0.019 -1"><span class='ocrx_word' id='word_1_1' title='bbox 383 374 491 430; x_wconf 73' lang='grc'><strong>’103</strong></span> 
     </span>
    </p>
   </div>
   <div class='ocr_carea' id='block_1_2' title="bbox 1652 365 2346 430">
    <p class='ocr_par' dir='ltr' id='par_1_2' title="bbox 1652 365 2346 430">
     <span class='ocr_line' id='line_1_2' title="bbox 1652 365 2346 430; baseline -0.001 -1"><span class='ocrx_word' id='word_1_2' title='bbox 1652 365 1977 430; x_wconf 79' lang='lat' dir='ltr'><strong>JOANNIS</strong></span> <span class='ocrx_word' id='word_1_3' title='bbox 2019 366 2346 429; x_wconf 72' lang='lat' dir='ltr'><strong>ZUNAR/E</strong></span> 
     </span>
    </p>
   </div>
   <div class='ocr_carea' id='block_1_3' title="bbox 3523 370 3642 434">
    <p class='ocr_par' dir='ltr' id='par_1_3' title="bbox 3523 370 3642 434">
     <span class='ocr_line' id='line_1_3' title="bbox 3523 370 3642 434; baseline -0.008 0"><span class='ocrx_word' id='word_1_4' title='bbox 3523 370 3642 434; x_wconf 75' lang='grc' dir='ltr'><strong>τοι</strong></span> 
     </span>
    </p>
   </div>
   <div class='ocr_carea' id='block_1_4' title="bbox 383 477 1955 555">
    <p class='ocr_par' dir='ltr' id='par_1_4' title="bbox 383 477 1955 552">
     <span class='ocr_line' id='line_1_4' title="bbox 383 477 1955 552; baseline 0.002 -19"><span class='ocrx_word' id='word_1_5' title='bbox 383 478 671 535; x_wconf 75' lang='lat' dir='ltr'><strong>resistente</strong></span> <span class='ocrx_word' id='word_1_6' title='bbox 708 487 764 533; x_wconf 91' lang='lat' dir='ltr'><strong>et</strong></span> <span class='ocrx_word' id='word_1_7' title='bbox 793 493 1006 550; x_wconf 86' lang='lat' dir='ltr'><strong>sparsa,</strong></span> <span class='ocrx_word' id='word_1_8' title='bbox 1030 477 1246 537; x_wconf 84' lang='lat' dir='ltr'><strong>facilius</strong></span> <span class='ocrx_word' id='word_1_9' title='bbox 1271 480 1532 552; x_wconf 67' lang='lat' dir='ltr'><strong>infra‘feos</strong></span> <span class='ocrx_word' id='word_1_10' title='bbox 1558 484 1803 540; x_wconf 75' lang='lat' dir='ltr'><strong>transiit.</strong></span> <span class='ocrx_word' id='word_1_11' title='bbox 1839 481 1955 538; x_wconf 85' lang='lat' dir='ltr'><strong>Sci-</strong></span> 
     </span>
    </p>
   </div>
   <div class='ocr_carea' id='block_1_5' title="bbox 2056 477 3646 555">
    <p class='ocr_par' dir='ltr' id='par_1_5' title="bbox 2061 478 3646 555">
     <span class='ocr_line' id='line_1_5' title="bbox 2061 478 3646 555; baseline 0.004 -21"><span class='ocrx_word' id='word_1_12' title='bbox 2061 482 2321 552; x_wconf 88' lang='grc' dir='ltr'><strong>διαϐἦναι</strong></span> <span class='ocrx_word' id='word_1_13' title='bbox 2358 479 2684 554; x_wconf 81' lang='grc' dir='ltr'><strong>προσέταξε.</strong></span> <span class='ocrx_word' id='word_1_14' title='bbox 2712 481 2821 536; x_wconf 83' lang='lat' dir='ltr'><strong>Kal</strong></span> <span class='ocrx_word' id='word_1_15' title='bbox 2839 479 2988 536; x_wconf 73' lang='grc' dir='ltr'><strong>οὕτω</strong></span> <span class='ocrx_word' id='word_1_16' title='bbox 3020 478 3116 536; x_wconf 82' lang='grc' dir='ltr'><strong>τοῦ</strong></span> <span class='ocrx_word' id='word_1_17' title='bbox 3145 479 3336 546; x_wconf 82' lang='grc' dir='ltr'><strong>ὓδατος</strong></span> <span class='ocrx_word' id='word_1_18' title='bbox 3369 482 3496 555; x_wconf 69' lang='grc' dir='ltr'><strong>περὶ</strong></span> <span class='ocrx_word' id='word_1_19' title='bbox 3528 489 3646 551; x_wconf 69' lang='grc' dir='ltr'><strong>τοις</strong></span> 
     </span>
    </p>
   </div>
   <div class='ocr_carea' id='block_1_6' title="bbox 380 570 1954 642">
    <p class='ocr_par' dir='ltr' id='par_1_6' title="bbox 380 570 1954 642">
     <span class='ocr_line' id='line_1_6' title="bbox 380 570 1954 642; baseline 0.001 -16"><span class='ocrx_word' id='word_1_20' title='bbox 380 572 474 641; x_wconf 90' lang='lat' dir='ltr'><strong>pio</strong></span> <span class='ocrx_word' id='word_1_21' title='bbox 498 570 566 626; x_wconf 93' lang='lat' dir='ltr'><strong>ab</strong></span> <span class='ocrx_word' id='word_1_22' title='bbox 604 571 859 625; x_wconf 75' lang='lat' dir='ltr'><strong>hostibus</strong></span> <span class='ocrx_word' id='word_1_23' title='bbox 909 572 1309 642; x_wconf 82' lang='lat' dir='ltr'><strong>deprehensus,</strong></span> <span class='ocrx_word' id='word_1_24' title='bbox 1366 591 1426 631; x_wconf 89' lang='lat' dir='ltr'><strong>se</strong></span> <span class='ocrx_word' id='word_1_25' title='bbox 1451 576 1577 632; x_wconf 91' lang='lat' dir='ltr'><strong>loco</strong></span> <span class='ocrx_word' id='word_1_26' title='bbox 1617 592 1731 631; x_wconf 89' lang='lat' dir='ltr'><strong>non</strong></span> <span class='ocrx_word' id='word_1_27' title='bbox 1760 573 1954 629; x_wconf 91' lang='lat' dir='ltr'><strong>movit.</strong></span> 
     </span>
    </p>
   </div>
   <div class='ocr_carea' id='block_1_7' title="bbox 381 659 1956 730">
    <p class='ocr_par' dir='ltr' id='par_1_7' title="bbox 381 659 1956 730">
     <span class='ocr_line' id='line_1_7' title="bbox 381 659 1956 730; baseline 0.003 -17"><span class='ocrx_word' id='word_1_28' title='bbox 381 659 458 714; x_wconf 84' lang='lat' dir='ltr'><strong>Ae</strong></span> <span class='ocrx_word' id='word_1_29' title='bbox 485 675 722 730; x_wconf 89' lang='lat' dir='ltr'><strong>pugnam</strong></span> <span class='ocrx_word' id='word_1_30' title='bbox 764 659 1002 726; x_wconf 88' lang='lat' dir='ltr'><strong>iniisset,</strong></span> <span class='ocrx_word' id='word_1_31' title='bbox 1057 660 1162 716; x_wconf 87' lang='lat' dir='ltr'><strong>nisi</strong></span> <span class='ocrx_word' id='word_1_32' title='bbox 1193 662 1400 718; x_wconf 88' lang='lat' dir='ltr'><strong>Gallica</strong></span> <span class='ocrx_word' id='word_1_33' title='bbox 1445 665 1650 719; x_wconf 81' lang='lat' dir='ltr'><strong>auxilia</strong></span> <span class='ocrx_word' id='word_1_34' title='bbox 1693 671 1858 719; x_wconf 89' lang='lat' dir='ltr'><strong>noctu</strong></span> <span class='ocrx_word' id='word_1_35' title='bbox 1887 663 1956 718; x_wconf 88' lang='lat' dir='ltr'><strong>ad</strong></span> 
     </span>
    </p>
   </div>
   <div class='ocr_carea' id='block_1_8' title="bbox 381 750 1957 822">
    <p class='ocr_par' dir='ltr' id='par_1_8' title="bbox 381 750 1957 822">
     <span class='ocr_line' id='line_1_8' title="bbox 381 750 1957 822; baseline 0.002 -17"><span class='ocrx_word' id='word_1_36' title='bbox 381 753 571 806; x_wconf 82' lang='lat' dir='ltr'><strong>hostes</strong></span> <span class='ocrx_word' id='word_1_37' title='bbox 627 750 1071 821; x_wconf 89' lang='lat' dir='ltr'><strong>transfugissent.</strong></span> <span class='ocrx_word' id='word_1_38' title='bbox 1136 753 1210 808; x_wconf 87' lang='lat' dir='ltr'><strong>Ea</strong></span> <span class='ocrx_word' id='word_1_39' title='bbox 1269 769 1326 809; x_wconf 89' lang='lat' dir='ltr'><strong>re</strong></span> <span class='ocrx_word' id='word_1_40' title='bbox 1358 755 1632 822; x_wconf 88' lang='lat' dir='ltr'><strong>turbatus,</strong></span> <span class='ocrx_word' id='word_1_41' title='bbox 1674 763 1731 811; x_wconf 92' lang='lat' dir='ltr'><strong>et</strong></span> <span class='ocrx_word' id='word_1_42' title='bbox 1764 755 1957 810; x_wconf 81' lang='lat' dir='ltr'><strong>dolore.</strong></span> 
     </span>
    </p>
   </div>
   <div class='ocr_carea' id='block_1_9' title="bbox 377 844 1954 908">
    <p class='ocr_par' dir='ltr' id='par_1_9' title="bbox 377 844 1954 908">
     <span class='ocr_line' id='line_1_9' title="bbox 377 844 1954 908; baseline 0.001 -10"><span class='ocrx_word' id='word_1_43' title='bbox 377 844 628 899; x_wconf 80' lang='lat' dir='ltr'><strong>vulneris</strong></span> <span class='ocrx_word' id='word_1_44' title='bbox 654 853 905 908; x_wconf 74' lang='lat' dir='ltr'><strong>vexatus,</strong></span> <span class='ocrx_word' id='word_1_45' title='bbox 939 845 1043 900; x_wconf 88' lang='lat' dir='ltr'><strong>sub</strong></span> <span class='ocrx_word' id='word_1_46' title='bbox 1089 856 1306 902; x_wconf 86' lang='lat' dir='ltr'><strong>noctem</strong></span> <span class='ocrx_word' id='word_1_47' title='bbox 1339 858 1520 903; x_wconf 88' lang='lat' dir='ltr'><strong>castra</strong></span> <span class='ocrx_word' id='word_1_48' title='bbox 1552 849 1606 903; x_wconf 93' lang='lat' dir='ltr'><strong>in</strong></span> <span class='ocrx_word' id='word_1_49' title='bbox 1658 847 1954 903; x_wconf 77' lang='lat' dir='ltr'><strong>editiorem</strong></span> 
     </span>
    </p>
   </div>
   <div class='ocr_carea' id='block_1_10' title="bbox 378 937 1958 1009">
    <p class='ocr_par' dir='ltr' id='par_1_10' title="bbox 378 937 1958 1009">
     <span class='ocr_line' id='line_1_10' title="bbox 378 937 1958 1009; baseline 0.001 -19"><span class='ocrx_word' id='word_1_50' title='bbox 378 937 560 991; x_wconf 85' lang='lat' dir='ltr'><strong>locum</strong></span> <span class='ocrx_word' id='word_1_51' title='bbox 615 937 920 996; x_wconf 80' lang='lat' dir='ltr'><strong>transtulit,</strong></span> <span class='ocrx_word' id='word_1_52' title='bbox 981 937 1299 1009; x_wconf 83' lang='lat' dir='ltr'><strong>vallumque</strong></span> <span class='ocrx_word' id='word_1_53' title='bbox 1363 939 1713 1005; x_wconf 85' lang='lat' dir='ltr'><strong>communiit,</strong></span> <span class='ocrx_word' id='word_1_54' title='bbox 1765 953 1958 1009; x_wconf 80' lang='lat' dir='ltr'><strong>perse-</strong></span> 
     </span>
    </p>
   </div>
   <div class='ocr_carea' id='block_1_11' title="bbox 379 1029 1955 1102">
    <p class='ocr_par' dir='ltr' id='par_1_11' title="bbox 379 1029 1955 1102">
     <span class='ocr_line' id='line_1_11' title="bbox 379 1029 1955 1102; baseline 0.001 -19"><span class='ocrx_word' id='word_1_55' title='bbox 379 1037 582 1098; x_wconf 88' lang='lat' dir='ltr'><strong>quente</strong></span> <span class='ocrx_word' id='word_1_56' title='bbox 630 1029 871 1084; x_wconf 84' lang='lat' dir='ltr'><strong>nemine.</strong></span> <span class='ocrx_word' id='word_1_57' title='bbox 901 1029 1112 1085; x_wconf 85' lang='lat' dir='ltr'><strong>Deinde</strong></span> <span class='ocrx_word' id='word_1_58' title='bbox 1148 1031 1639 1102; x_wconf 79' lang='lat' dir='ltr'><strong>Carthaginienses</strong></span> <span class='ocrx_word' id='word_1_59' title='bbox 1661 1039 1955 1095; x_wconf 90' lang='lat' dir='ltr'><strong>venerunt,</strong></span> 
     </span>
    </p>
   </div>
   <div class='ocr_carea' id='block_1_12' title="bbox 378 1121 1952 1194">
    <p class='ocr_par' dir='ltr' id='par_1_12' title="bbox 378 1121 1952 1194">
     <span class='ocr_line' id='line_1_12' title="bbox 378 1121 1952 1194; baseline 0 -17"><span class='ocrx_word' id='word_1_60' title='bbox 378 1133 434 1177; x_wconf 88' lang='lat' dir='ltr'><strong>et</strong></span> <span class='ocrx_word' id='word_1_61' title='bbox 457 1122 680 1176; x_wconf 82' lang='lat' dir='ltr'><strong>flumine</strong></span> <span class='ocrx_word' id='word_1_62' title='bbox 712 1121 1005 1192; x_wconf 88' lang='lat' dir='ltr'><strong>interjecto</strong></span> <span class='ocrx_word' id='word_1_63' title='bbox 1029 1122 1188 1194; x_wconf 67' lang='grc'><strong>411</strong></span> <span class='ocrx_word' id='word_1_64' title='bbox 1219 1123 1595 1178; x_wconf 87' lang='lat' dir='ltr'><strong>castrametati</strong></span> <span class='ocrx_word' id='word_1_65' title='bbox 1627 1134 1776 1180; x_wconf 90' lang='lat' dir='ltr'><strong>sunt.</strong></span> <span class='ocrx_word' id='word_1_66' title='bbox 1811 1123 1952 1178; x_wconf 89' lang='lat' dir='ltr'><strong>Dum</strong></span> 
     </span>
    </p>
   </div>
   <div class='ocr_carea' id='block_1_13' title="bbox 377 1211 1953 1285">
    <p class='ocr_par' dir='ltr' id='par_1_13' title="bbox 377 1211 1953 1285">
     <span class='ocr_line' id='line_1_13' title="bbox 377 1211 1953 1285; baseline 0.003 -18"><span class='ocrx_word' id='word_1_67' title='bbox 377 1211 566 1282; x_wconf 87' lang='lat' dir='ltr'><strong>Scipio</strong></span> <span class='ocrx_word' id='word_1_68' title='bbox 599 1221 712 1266; x_wconf 89' lang='lat' dir='ltr'><strong>tum</strong></span> <span class='ocrx_word' id='word_1_69' title='bbox 771 1228 836 1266; x_wconf 80' lang='lat' dir='ltr'><strong>ex</strong></span> <span class='ocrx_word' id='word_1_70' title='bbox 868 1212 1061 1268; x_wconf 87' lang='lat' dir='ltr'><strong>dolore</strong></span> <span class='ocrx_word' id='word_1_71' title='bbox 1113 1213 1379 1279; x_wconf 90' lang='lat' dir='ltr'><strong>vulneris,</strong></span> <span class='ocrx_word' id='word_1_72' title='bbox 1415 1224 1529 1270; x_wconf 90' lang='lat' dir='ltr'><strong>tum</strong></span> <span class='ocrx_word' id='word_1_73' title='bbox 1570 1215 1642 1270; x_wconf 92' lang='lat' dir='ltr'><strong>ob</strong></span> <span class='ocrx_word' id='word_1_74' title='bbox 1669 1225 1953 1285; x_wconf 83' lang='lat' dir='ltr'><strong>acceptam</strong></span> 
     </span>
    </p>
   </div>
   <div class='ocr_carea' id='block_1_14' title="bbox 375 1305 1954 1378">
    <p class='ocr_par' dir='ltr' id='par_1_14' title="bbox 375 1305 1954 1378">
     <span class='ocr_line' id='line_1_14' title="bbox 375 1305 1954 1378; baseline 0.001 -18"><span class='ocrx_word' id='word_1_75' title='bbox 375 1305 587 1360; x_wconf 85' lang='lat' dir='ltr'><strong>cladem</strong></span> <span class='ocrx_word' id='word_1_76' title='bbox 647 1320 769 1360; x_wconf 88' lang='lat' dir='ltr'><strong>sese</strong></span> <span class='ocrx_word' id='word_1_77' title='bbox 805 1306 1118 1368; x_wconf 87' lang='lat' dir='ltr'><strong>continens,</strong></span> <span class='ocrx_word' id='word_1_78' title='bbox 1171 1311 1358 1375; x_wconf 90' lang='lat' dir='ltr'><strong>plures</strong></span> <span class='ocrx_word' id='word_1_79' title='bbox 1397 1307 1586 1378; x_wconf 89' lang='lat' dir='ltr'><strong>copias</strong></span> <span class='ocrx_word' id='word_1_80' title='bbox 1642 1315 1954 1378; x_wconf 77' lang='lat' dir='ltr'><strong>exspectat,</strong></span> 
     </span>
    </p>
   </div>
   <div class='ocr_carea' id='block_1_15' title="bbox 375 1397 1955 1471">
    <p class='ocr_par' dir='ltr' id='par_1_15' title="bbox 375 1397 1955 1471">
     <span class='ocr_line' id='line_1_15' title="bbox 375 1397 1955 1471; baseline 0.002 -19"><span class='ocrx_word' id='word_1_81' title='bbox 375 1397 615 1452; x_wconf 88' lang='lat' dir='ltr'><strong>Annibal</strong></span> <span class='ocrx_word' id='word_1_82' title='bbox 640 1397 827 1451; x_wconf 84' lang='lat' dir='ltr'><strong>multis</strong></span> <span class='ocrx_word' id='word_1_83' title='bbox 855 1397 1057 1452; x_wconf 79' lang='lat' dir='ltr'><strong>frustra</strong></span> <span class='ocrx_word' id='word_1_84' title='bbox 1089 1397 1332 1464; x_wconf 86' lang='lat' dir='ltr'><strong>tentatis;</strong></span> <span class='ocrx_word' id='word_1_85' title='bbox 1381 1406 1440 1452; x_wconf 92' lang='lat' dir='ltr'><strong>ut</strong></span> <span class='ocrx_word' id='word_1_86' title='bbox 1463 1413 1589 1454; x_wconf 91' lang='lat' dir='ltr'><strong>eum</strong></span> <span class='ocrx_word' id='word_1_87' title='bbox 1619 1399 1687 1454; x_wconf 90' lang='lat' dir='ltr'><strong>ad</strong></span> <span class='ocrx_word' id='word_1_88' title='bbox 1715 1415 1955 1471; x_wconf 85' lang='lat' dir='ltr'><strong>pugnam</strong></span> 
     </span>
    </p>
   </div>
   <div class='ocr_carea' id='block_1_16' title="bbox 373 1489 1955 1560">
    <p class='ocr_par' dir='ltr' id='par_1_16' title="bbox 373 1489 1955 1560">
     <span class='ocr_line' id='line_1_16' title="bbox 373 1489 1955 1560; baseline 0.004 -17"><span class='ocrx_word' id='word_1_89' title='bbox 373 1490 625 1555; x_wconf 87' lang='lat' dir='ltr'><strong>eliceret,</strong></span> <span class='ocrx_word' id='word_1_90' title='bbox 652 1505 782 1545; x_wconf 91' lang='lat' dir='ltr'><strong>cum</strong></span> <span class='ocrx_word' id='word_1_91' title='bbox 807 1489 1035 1560; x_wconf 88' lang='lat' dir='ltr'><strong>penuria</strong></span> <span class='ocrx_word' id='word_1_92' title='bbox 1060 1499 1402 1547; x_wconf 82' lang='lat' dir='ltr'><strong>commeatus</strong></span> <span class='ocrx_word' id='word_1_93' title='bbox 1426 1491 1728 1556; x_wconf 89' lang='lat' dir='ltr'><strong>laboraret,</strong></span> <span class='ocrx_word' id='word_1_94' title='bbox 1755 1494 1955 1549; x_wconf 84' lang='lat' dir='ltr'><strong>castel-</strong></span> 
     </span>
    </p>
   </div>
   <div class='ocr_carea' id='block_1_17' title="bbox 375 1585 1954 1658">
    <p class='ocr_par' dir='ltr' id='par_1_17' title="bbox 375 1585 1954 1658">
     <span class='ocr_line' id='line_1_17' title="bbox 375 1585 1954 1658; baseline 0.006 -21"><span class='ocrx_word' id='word_1_95' title='bbox 375 1585 487 1640; x_wconf 91' lang='lat' dir='ltr'><strong>lum</strong></span> <span class='ocrx_word' id='word_1_96' title='bbox 517 1585 791 1656; x_wconf 84' lang='lat' dir='ltr'><strong>quoddam</strong></span> <span class='ocrx_word' id='word_1_97' title='bbox 825 1596 910 1642; x_wconf 91' lang='lat' dir='ltr'><strong>est</strong></span> <span class='ocrx_word' id='word_1_98' title='bbox 933 1585 1181 1652; x_wconf 84' lang='lat' dir='ltr'><strong>adortus,</strong></span> <span class='ocrx_word' id='word_1_99' title='bbox 1207 1587 1263 1641; x_wconf 92' lang='lat' dir='ltr'><strong>in</strong></span> <span class='ocrx_word' id='word_1_100' title='bbox 1286 1603 1398 1658; x_wconf 86' lang='lat' dir='ltr'><strong>quo</strong></span> <span class='ocrx_word' id='word_1_101' title='bbox 1437 1587 1671 1644; x_wconf 82' lang='lat' dir='ltr'><strong>Romani</strong></span> <span class='ocrx_word' id='word_1_102' title='bbox 1719 1590 1954 1646; x_wconf 86' lang='lat' dir='ltr'><strong>multum</strong></span> 
     </span>
    </p>
   </div>
   <div class='ocr_carea' id='block_1_18' title="bbox 375 1677 1954 1750">
    <p class='ocr_par' dir='ltr' id='par_1_18' title="bbox 375 1677 1954 1750">
     <span class='ocr_line' id='line_1_18' title="bbox 375 1677 1954 1750; baseline 0.003 -21"><span class='ocrx_word' id='word_1_103' title='bbox 375 1677 639 1732; x_wconf 77' lang='lat' dir='ltr'><strong>frumenti</strong></span> <span class='ocrx_word' id='word_1_104' title='bbox 685 1679 988 1747; x_wconf 86' lang='lat' dir='ltr'><strong>repositum</strong></span> <span class='ocrx_word' id='word_1_105' title='bbox 1039 1679 1453 1734; x_wconf 88' lang='lat' dir='ltr'><strong>habebant:et</strong></span> <span class='ocrx_word' id='word_1_106' title='bbox 1507 1679 1637 1750; x_wconf 89' lang='lat' dir='ltr'><strong>quia</strong></span> <span class='ocrx_word' id='word_1_107' title='bbox 1697 1680 1751 1736; x_wconf 94' lang='lat' dir='ltr'><strong>vi</strong></span> <span class='ocrx_word' id='word_1_108' title='bbox 1814 1680 1954 1735; x_wconf 91' lang='lat' dir='ltr'><strong>nihil</strong></span> 
     </span>
    </p>
   </div>
   <div class='ocr_carea' id='block_1_19' title="bbox 376 1768 1955 1842">
    <p class='ocr_par' dir='ltr' id='par_1_19' title="bbox 376 1768 1955 1842">
     <span class='ocr_line' id='line_1_19' title="bbox 376 1768 1955 1842; baseline 0.003 -21"><span class='ocrx_word' id='word_1_109' title='bbox 376 1768 716 1837; x_wconf 82' lang='lat' dir='ltr'><strong>proficiebat,</strong></span> <span class='ocrx_word' id='word_1_110' title='bbox 753 1771 1117 1826; x_wconf 86' lang='lat' dir='ltr'><strong>castellanum</strong></span> <span class='ocrx_word' id='word_1_111' title='bbox 1150 1771 1385 1842; x_wconf 86' lang='lat' dir='ltr'><strong>pecunia</strong></span> <span class='ocrx_word' id='word_1_112' title='bbox 1425 1773 1751 1842; x_wconf 86' lang='lat' dir='ltr'><strong>corrumpit.</strong></span> <span class='ocrx_word' id='word_1_113' title='bbox 1808 1780 1870 1828; x_wconf 90' lang='lat' dir='ltr'><strong>ut</strong></span> <span class='ocrx_word' id='word_1_114' title='bbox 1899 1770 1955 1826; x_wconf 90' lang='lat' dir='ltr'><strong>id</strong></span> 
     </span>
    </p>
   </div>
   <div class='ocr_carea' id='block_1_20' title="bbox 374 1861 1955 1934">
    <p class='ocr_par' dir='ltr' id='par_1_20' title="bbox 374 1861 1955 1934">
     <span class='ocr_line' id='line_1_20' title="bbox 374 1861 1955 1934; baseline 0.003 -20"><span class='ocrx_word' id='word_1_115' title='bbox 374 1862 475 1915; x_wconf 89' lang='lat' dir='ltr'><strong>sibi</strong></span> <span class='ocrx_word' id='word_1_116' title='bbox 503 1861 699 1932; x_wconf 85' lang='lat' dir='ltr'><strong>prodat</strong></span> <span class='ocrx_word' id='word_1_117' title='bbox 735 1880 750 1918; x_wconf 85' lang='lat'><strong>:</strong></span> <span class='ocrx_word' id='word_1_118' title='bbox 783 1879 896 1932; x_wconf 89' lang='lat' dir='ltr'><strong>quo</strong></span> <span class='ocrx_word' id='word_1_119' title='bbox 923 1873 1222 1934; x_wconf 90' lang='lat' dir='ltr'><strong>occupato,</strong></span> <span class='ocrx_word' id='word_1_120' title='bbox 1265 1865 1429 1920; x_wconf 89' lang='lat' dir='ltr'><strong>etiam</strong></span> <span class='ocrx_word' id='word_1_121' title='bbox 1489 1865 1704 1920; x_wconf 64' lang='lat' dir='ltr'><strong>caeteris</strong></span> <span class='ocrx_word' id='word_1_122' title='bbox 1756 1864 1955 1934; x_wconf 86' lang='lat' dir='ltr'><strong>partim</strong></span> 
     </span>
    </p>
   </div>
   <div class='ocr_carea' id='block_1_21' title="bbox 385 1953 1956 2027">
    <p class='ocr_par' dir='ltr' id='par_1_21' title="bbox 385 1953 1956 2027">
     <span class='ocr_line' id='line_1_21' title="bbox 385 1953 1956 2027; baseline 0.003 -19"><span class='ocrx_word' id='word_1_123' title='bbox 385 1953 460 2020; x_wconf 84' lang='lat' dir='ltr'><strong>vi,</strong></span> <span class='ocrx_word' id='word_1_124' title='bbox 511 1954 712 2024; x_wconf 87' lang='lat' dir='ltr'><strong>partim</strong></span> <span class='ocrx_word' id='word_1_125' title='bbox 771 1969 907 2009; x_wconf 88' lang='lat' dir='ltr'><strong>auro</strong></span> <span class='ocrx_word' id='word_1_126' title='bbox 932 1971 992 2011; x_wconf 89' lang='lat' dir='ltr'><strong>se</strong></span> <span class='ocrx_word' id='word_1_127' title='bbox 1047 1956 1352 2027; x_wconf 88' lang='lat' dir='ltr'><strong>potiturum</strong></span> <span class='ocrx_word' id='word_1_128' title='bbox 1411 1956 1674 2026; x_wconf 85' lang='lat' dir='ltr'><strong>speravit.</strong></span> <span class='ocrx_word' id='word_1_129' title='bbox 1745 1957 1956 2012; x_wconf 75' lang='lat' dir='ltr'><strong>Interea</strong></span> 
     </span>
    </p>
   </div>
   <div class='ocr_carea' id='block_1_22' title="bbox 378 2043 1958 2118">
    <p class='ocr_par' dir='ltr' id='par_1_22' title="bbox 378 2043 1958 2118">
     <span class='ocr_line' id='line_1_22' title="bbox 378 2043 1958 2118; baseline 0.001 -20"><span class='ocrx_word' id='word_1_130' title='bbox 378 2043 622 2116; x_wconf 85' lang='lat' dir='ltr'><strong>Longus,</strong></span> <span class='ocrx_word' id='word_1_131' title='bbox 661 2046 906 2102; x_wconf 90' lang='lat' dir='ltr'><strong>Siciliam</strong></span> <span class='ocrx_word' id='word_1_132' title='bbox 938 2048 1117 2118; x_wconf 86' lang='lat' dir='ltr'><strong>legato</strong></span> <span class='ocrx_word' id='word_1_133' title='bbox 1139 2047 1369 2113; x_wconf 86' lang='lat' dir='ltr'><strong>credita,</strong></span> <span class='ocrx_word' id='word_1_134' title='bbox 1403 2049 1704 2103; x_wconf 86' lang='lat' dir='ltr'><strong>accersitus</strong></span> <span class='ocrx_word' id='word_1_135' title='bbox 1731 2047 1798 2102; x_wconf 88' lang='lat' dir='ltr'><strong>ad</strong></span> <span class='ocrx_word' id='word_1_136' title='bbox 1835 2046 1958 2103; x_wconf 74' lang='lat' dir='ltr'><strong>Sci-</strong></span> 
     </span>
    </p>
   </div>
   <div class='ocr_carea' id='block_1_23' title="bbox 375 2139 1957 2210">
    <p class='ocr_par' dir='ltr' id='par_1_23' title="bbox 375 2139 1957 2210">
     <span class='ocr_line' id='line_1_23' title="bbox 375 2139 1957 2210; baseline 0.003 -20"><span class='ocrx_word' id='word_1_137' title='bbox 375 2141 596 2205; x_wconf 85' lang='lat' dir='ltr'><strong>pionem</strong></span> <span class='ocrx_word' id='word_1_138' title='bbox 644 2139 841 2194; x_wconf 82' lang='lat' dir='ltr'><strong>venit:</strong></span> <span class='ocrx_word' id='word_1_139' title='bbox 883 2155 986 2194; x_wconf 90' lang='lat' dir='ltr'><strong>nec</strong></span> <span class='ocrx_word' id='word_1_140' title='bbox 1032 2140 1207 2194; x_wconf 88' lang='lat' dir='ltr'><strong>multo</strong></span> <span class='ocrx_word' id='word_1_141' title='bbox 1260 2149 1383 2210; x_wconf 88' lang='lat' dir='ltr'><strong>post</strong></span> <span class='ocrx_word' id='word_1_142' title='bbox 1430 2156 1497 2200; x_wconf 81' lang='lat' dir='ltr'><strong>ex</strong></span> <span class='ocrx_word' id='word_1_143' title='bbox 1543 2139 1868 2208; x_wconf 80' lang='lat' dir='ltr'><strong>ambitione,</strong></span> <span class='ocrx_word' id='word_1_144' title='bbox 1899 2147 1957 2195; x_wconf 87' lang='lat' dir='ltr'><strong>et</strong></span> 
     </span>
    </p>
   </div>
   <div class='ocr_carea' id='block_1_24' title="bbox 374 2230 1956 2304">
    <p class='ocr_par' dir='ltr' id='par_1_24' title="bbox 374 2230 1956 2304">
     <span class='ocr_line' id='line_1_24' title="bbox 374 2230 1956 2304; baseline 0.004 -23"><span class='ocrx_word' id='word_1_145' title='bbox 374 2230 522 2298; x_wconf 83' lang='lat' dir='ltr'><strong>quod</strong></span> <span class='ocrx_word' id='word_1_146' title='bbox 559 2231 895 2301; x_wconf 77' lang='lat' dir='ltr'><strong>praedatores</strong></span> <span class='ocrx_word' id='word_1_147' title='bbox 943 2233 1212 2302; x_wconf 88' lang='lat' dir='ltr'><strong>quosdam</strong></span> <span class='ocrx_word' id='word_1_148' title='bbox 1245 2241 1557 2303; x_wconf 89' lang='lat' dir='ltr'><strong>superarat.</strong></span> <span class='ocrx_word' id='word_1_149' title='bbox 1603 2233 1733 2288; x_wconf 93' lang='lat' dir='ltr'><strong>dum</strong></span> <span class='ocrx_word' id='word_1_150' title='bbox 1771 2232 1825 2288; x_wconf 84' lang='lat' dir='ltr'><strong>in</strong></span> <span class='ocrx_word' id='word_1_151' title='bbox 1855 2250 1956 2304; x_wconf 89' lang='lat' dir='ltr'><strong>pu-</strong></span> 
     </span>
    </p>
   </div>
   <div class='ocr_carea' id='block_1_25' title="bbox 374 2325 1956 2399">
    <p class='ocr_par' dir='ltr' id='par_1_25' title="bbox 374 2325 1956 2399">
     <span class='ocr_line' id='line_1_25' title="bbox 374 2325 1956 2399; baseline 0.004 -23"><span class='ocrx_word' id='word_1_152' title='bbox 374 2338 537 2391; x_wconf 86' lang='lat' dir='ltr'><strong>gnam</strong></span> <span class='ocrx_word' id='word_1_153' title='bbox 599 2325 732 2386; x_wconf 90' lang='lat' dir='ltr'><strong>ruit.</strong></span> <span class='ocrx_word' id='word_1_154' title='bbox 791 2325 847 2379; x_wconf 90' lang='lat' dir='ltr'><strong>in</strong></span> <span class='ocrx_word' id='word_1_155' title='bbox 894 2325 1126 2380; x_wconf 89' lang='lat' dir='ltr'><strong>insidias</strong></span> <span class='ocrx_word' id='word_1_156' title='bbox 1170 2325 1432 2397; x_wconf 87' lang='lat' dir='ltr'><strong>delapsus</strong></span> <span class='ocrx_word' id='word_1_157' title='bbox 1465 2327 1737 2399; x_wconf 79' lang='lat' dir='ltr'><strong>impingit,</strong></span> <span class='ocrx_word' id='word_1_158' title='bbox 1774 2339 1829 2383; x_wconf 89' lang='lat' dir='ltr'><strong>et</strong></span> <span class='ocrx_word' id='word_1_159' title='bbox 1887 2328 1956 2384; x_wconf 87' lang='lat' dir='ltr'><strong>ab</strong></span> 
     </span>
    </p>
   </div>
   <div class='ocr_carea' id='block_1_26' title="bbox 372 2415 1955 2492">
    <p class='ocr_par' dir='ltr' id='par_1_26' title="bbox 372 2415 1955 2492">
     <span class='ocr_line' id='line_1_26' title="bbox 372 2415 1955 2492; baseline 0.006 -23"><span class='ocrx_word' id='word_1_160' title='bbox 372 2415 642 2472; x_wconf 81' lang='lat' dir='ltr'><strong>Annibale</strong></span> <span class='ocrx_word' id='word_1_161' title='bbox 700 2433 826 2472; x_wconf 90' lang='lat' dir='ltr'><strong>cum</strong></span> <span class='ocrx_word' id='word_1_162' title='bbox 875 2419 1158 2488; x_wconf 85' lang='lat' dir='ltr'><strong>equitibus</strong></span> <span class='ocrx_word' id='word_1_163' title='bbox 1209 2429 1264 2476; x_wconf 90' lang='lat' dir='ltr'><strong>et</strong></span> <span class='ocrx_word' id='word_1_164' title='bbox 1313 2419 1625 2489; x_wconf 84' lang='lat' dir='ltr'><strong>elephantis</strong></span> <span class='ocrx_word' id='word_1_165' title='bbox 1685 2421 1736 2474; x_wconf 90' lang='lat' dir='ltr'><strong>in</strong></span> <span class='ocrx_word' id='word_1_166' title='bbox 1772 2419 1955 2492; x_wconf 82' lang='lat' dir='ltr'><strong>fugam</strong></span> 
     </span>
    </p>
   </div>
   <div class='ocr_carea' id='block_1_27' title="bbox 372 2511 1956 2581">
    <p class='ocr_par' dir='ltr' id='par_1_27' title="bbox 372 2511 1956 2581">
     <span class='ocr_line' id='line_1_27' title="bbox 372 2511 1956 2581; baseline 0.006 -21"><span class='ocrx_word' id='word_1_167' title='bbox 372 2511 717 2564; x_wconf 81' lang='lat' dir='ltr'><strong>convertitur</strong></span> <span class='ocrx_word' id='word_1_168' title='bbox 754 2528 767 2564; x_wconf 93' lang='lat'><strong>:</strong></span> <span class='ocrx_word' id='word_1_169' title='bbox 800 2511 855 2565; x_wconf 93' lang='lat' dir='ltr'><strong>in</strong></span> <span class='ocrx_word' id='word_1_170' title='bbox 911 2527 1021 2581; x_wconf 86' lang='lat' dir='ltr'><strong>qua</strong></span> <span class='ocrx_word' id='word_1_171' title='bbox 1057 2511 1215 2565; x_wconf 83' lang='lat' dir='ltr'><strong>multi</strong></span> <span class='ocrx_word' id='word_1_172' title='bbox 1269 2512 1419 2577; x_wconf 69' lang='lat' dir='ltr'><strong>caesi,</strong></span> <span class='ocrx_word' id='word_1_173' title='bbox 1444 2511 1606 2567; x_wconf 89' lang='lat' dir='ltr'><strong>multi</strong></span> <span class='ocrx_word' id='word_1_174' title='bbox 1663 2521 1868 2569; x_wconf 89' lang='lat' dir='ltr'><strong>temere</strong></span> <span class='ocrx_word' id='word_1_175' title='bbox 1900 2515 1956 2570; x_wconf 89' lang='lat' dir='ltr'><strong>in</strong></span> 
     </span>
    </p>
   </div>
   <div class='ocr_carea' id='block_1_28' title="bbox 372 2597 1957 2677">
    <p class='ocr_par' dir='ltr' id='par_1_28' title="bbox 372 2597 1957 2677">
     <span class='ocr_line' id='line_1_28' title="bbox 372 2597 1957 2677; baseline 0.009 -27"><span class='ocrx_word' id='word_1_176' title='bbox 372 2597 599 2655; x_wconf 85' lang='lat' dir='ltr'><strong>ﬂuvium</strong></span> <span class='ocrx_word' id='word_1_177' title='bbox 648 2603 975 2672; x_wconf 68' lang='lat' dir='ltr'><strong>prrcipitati</strong></span> <span class='ocrx_word' id='word_1_178' title='bbox 1027 2604 1334 2674; x_wconf 88' lang='lat' dir='ltr'><strong>perierunt,</strong></span> <span class='ocrx_word' id='word_1_179' title='bbox 1369 2606 1530 2675; x_wconf 84' lang='lat' dir='ltr'><strong>pauci</strong></span> <span class='ocrx_word' id='word_1_180' title='bbox 1581 2621 1704 2661; x_wconf 90' lang='lat' dir='ltr'><strong>cum</strong></span> <span class='ocrx_word' id='word_1_181' title='bbox 1768 2606 1957 2677; x_wconf 78' lang='lat' dir='ltr'><strong>Longo</strong></span> 
     </span>
    </p>
   </div>
   <div class='ocr_carea' id='block_1_29' title="bbox 369 2691 1954 2766">
    <p class='ocr_par' dir='ltr' id='par_1_29' title="bbox 369 2691 1954 2766">
     <span class='ocr_line' id='line_1_29' title="bbox 369 2691 1954 2766; baseline 0.006 -20"><span class='ocrx_word' id='word_1_182' title='bbox 369 2707 621 2747; x_wconf 86' lang='lat' dir='ltr'><strong>evasere.</strong></span> <span class='ocrx_word' id='word_1_183' title='bbox 645 2691 884 2748; x_wconf 83' lang='lat' dir='ltr'><strong>Annibal</strong></span> <span class='ocrx_word' id='word_1_184' title='bbox 937 2709 1070 2750; x_wconf 90' lang='lat' dir='ltr'><strong>vero</strong></span> <span class='ocrx_word' id='word_1_185' title='bbox 1098 2710 1161 2750; x_wconf 91' lang='lat' dir='ltr'><strong>ea</strong></span> <span class='ocrx_word' id='word_1_186' title='bbox 1215 2696 1446 2751; x_wconf 79' lang='lat' dir='ltr'><strong>victoria</strong></span> <span class='ocrx_word' id='word_1_187' title='bbox 1469 2713 1578 2753; x_wconf 91' lang='lat' dir='ltr'><strong>non</strong></span> <span class='ocrx_word' id='word_1_188' title='bbox 1611 2708 1697 2753; x_wconf 91' lang='lat' dir='ltr'><strong>est</strong></span> <span class='ocrx_word' id='word_1_189' title='bbox 1720 2698 1954 2766; x_wconf 79' lang='lat' dir='ltr'><strong>laetatus,</strong></span> 
     </span>
    </p>
   </div>
   <div class='ocr_carea' id='block_1_30' title="bbox 368 2784 1958 2862">
    <p class='ocr_par' dir='ltr' id='par_1_30' title="bbox 368 2784 1958 2862">
     <span class='ocr_line' id='line_1_30' title="bbox 368 2784 1958 2862; baseline 0.005 -22"><span class='ocrx_word' id='word_1_190' title='bbox 368 2784 513 2855; x_wconf 86' lang='lat' dir='ltr'><strong>quod</strong></span> <span class='ocrx_word' id='word_1_191' title='bbox 541 2794 598 2839; x_wconf 88' lang='lat' dir='ltr'><strong>et</strong></span> <span class='ocrx_word' id='word_1_192' title='bbox 619 2786 824 2841; x_wconf 87' lang='lat' dir='ltr'><strong>milites</strong></span> <span class='ocrx_word' id='word_1_193' title='bbox 845 2786 1049 2843; x_wconf 91' lang='lat' dir='ltr'><strong>multos</strong></span> <span class='ocrx_word' id='word_1_194' title='bbox 1081 2796 1136 2844; x_wconf 89' lang='lat' dir='ltr'><strong>et</strong></span> <span class='ocrx_word' id='word_1_195' title='bbox 1160 2787 1486 2859; x_wconf 83' lang='lat' dir='ltr'><strong>elephantos</strong></span> <span class='ocrx_word' id='word_1_196' title='bbox 1512 2806 1707 2846; x_wconf 92' lang='lat' dir='ltr'><strong>omnes</strong></span> <span class='ocrx_word' id='word_1_197' title='bbox 1754 2803 1958 2862; x_wconf 85' lang='lat' dir='ltr'><strong>praeter</strong></span> 
     </span>
    </p>
   </div>
   <div class='ocr_carea' id='block_1_31' title="bbox 369 2877 1953 2949">
    <p class='ocr_par' dir='ltr' id='par_1_31' title="bbox 369 2877 1953 2949">
     <span class='ocr_line' id='line_1_31' title="bbox 369 2877 1953 2949; baseline 0.005 -19"><span class='ocrx_word' id='word_1_198' title='bbox 369 2893 564 2941; x_wconf 91' lang='lat' dir='ltr'><strong>unum,</strong></span> <span class='ocrx_word' id='word_1_199' title='bbox 626 2877 828 2949; x_wconf 79' lang='lat' dir='ltr'><strong>frigore</strong></span> <span class='ocrx_word' id='word_1_200' title='bbox 885 2887 942 2933; x_wconf 87' lang='lat' dir='ltr'><strong>et</strong></span> <span class='ocrx_word' id='word_1_201' title='bbox 977 2879 1301 2936; x_wconf 88' lang='lat' dir='ltr'><strong>vulneribus</strong></span> <span class='ocrx_word' id='word_1_202' title='bbox 1329 2881 1616 2938; x_wconf 87' lang='lat' dir='ltr'><strong>confectos</strong></span> <span class='ocrx_word' id='word_1_203' title='bbox 1671 2883 1953 2938; x_wconf 90' lang='lat' dir='ltr'><strong>amiserat.</strong></span> 
     </span>
    </p>
   </div>
   <div class='ocr_carea' id='block_1_32' title="bbox 2059 570 3650 644">
    <p class='ocr_par' dir='ltr' id='par_1_32' title="bbox 2059 570 3650 644">
     <span class='ocr_line' id='line_1_32' title="bbox 2059 570 3650 644; baseline 0.005 -21"><span class='ocrx_word' id='word_1_204' title='bbox 2059 570 2244 637; x_wconf 67' lang='grc' dir='ltr'><strong>ὄγκοις</strong></span> <span class='ocrx_word' id='word_1_205' title='bbox 2277 572 2388 627; x_wconf 88' lang='grc' dir='ltr'><strong>τῶν</strong></span> <span class='ocrx_word' id='word_1_206' title='bbox 2415 571 2569 638; x_wconf 80' lang='grc' dir='ltr'><strong>ζώων</strong></span> <span class='ocrx_word' id='word_1_207' title='bbox 2599 571 3055 642; x_wconf 73' lang='grc' dir='ltr'><strong>ἐμποδιζομένου,</strong></span> <span class='ocrx_word' id='word_1_208' title='bbox 3079 571 3176 626; x_wconf 73' lang='grc' dir='ltr'><strong>καὶ</strong></span> <span class='ocrx_word' id='word_1_209' title='bbox 3207 572 3650 644; x_wconf 69' lang='grc' dir='ltr'><strong>σκεδαννυμένου</strong></span> 
     </span>
    </p>
   </div>
   <div class='ocr_carea' id='block_1_33' title="bbox 2062 662 3524 737">
    <p class='ocr_par' dir='ltr' id='par_1_33' title="bbox 2062 662 3524 737">
     <span class='ocr_line' id='line_1_33' title="bbox 2062 662 3524 737; baseline 0.004 -22"><span class='ocrx_word' id='word_1_210' title='bbox 2062 664 2194 733; x_wconf 78' lang='grc' dir='ltr'><strong>ῥᾷον</strong></span> <span class='ocrx_word' id='word_1_211' title='bbox 2226 663 2381 717; x_wconf 84' lang='grc' dir='ltr'><strong>κάτω</strong></span> <span class='ocrx_word' id='word_1_212' title='bbox 2421 662 2577 734; x_wconf 88' lang='grc' dir='ltr'><strong>σφῶν</strong></span> <span class='ocrx_word' id='word_1_213' title='bbox 2603 664 3000 737; x_wconf 78' lang='grc' dir='ltr'><strong>διεπεραιώθη.</strong></span> <span class='ocrx_word' id='word_1_214' title='bbox 3036 663 3428 734; x_wconf 77' lang='grc' dir='ltr'><strong>Καταληφθεὶς</strong></span> <span class='ocrx_word' id='word_1_215' title='bbox 3465 666 3524 721; x_wconf 70' lang='grc' dir='ltr'><strong>οὗ</strong></span> 
     </span>
    </p>
   </div>
   <div class='ocr_carea' id='block_1_34' title="bbox 2057 753 3650 828">
    <p class='ocr_par' dir='ltr' id='par_1_34' title="bbox 2057 753 3650 828">
     <span class='ocr_line' id='line_1_34' title="bbox 2057 753 3650 828; baseline 0.006 -22"><span class='ocrx_word' id='word_1_216' title='bbox 2057 753 2302 808; x_wconf 78' lang='grc' dir='ltr'><strong>Σκιπίων</strong></span> <span class='ocrx_word' id='word_1_217' title='bbox 2331 757 2475 810; x_wconf 79' lang='grc' dir='ltr'><strong>κατὰ</strong></span> <span class='ocrx_word' id='word_1_218' title='bbox 2506 756 2693 827; x_wconf 88' lang='grc' dir='ltr'><strong>χώραν</strong></span> <span class='ocrx_word' id='word_1_219' title='bbox 2722 756 2932 828; x_wconf 74' lang='grc' dir='ltr'><strong>ἔμεινε.</strong></span> <span class='ocrx_word' id='word_1_220' title='bbox 2980 759 3094 812; x_wconf 77' lang='grc' dir='ltr'><strong>Καὶ</strong></span> <span class='ocrx_word' id='word_1_221' title='bbox 3120 757 3419 827; x_wconf 82' lang='grc' dir='ltr'><strong>ἐμαχέσατ’</strong></span> <span class='ocrx_word' id='word_1_222' title='bbox 3455 759 3544 826; x_wconf 81' lang='grc' dir='ltr'><strong>ἂν,</strong></span> <span class='ocrx_word' id='word_1_223' title='bbox 3597 761 3650 816; x_wconf 83' lang='grc' dir='ltr'><strong>ει</strong></span> 
     </span>
    </p>
   </div>
   <div class='ocr_carea' id='block_1_35' title="bbox 2061 848 3646 922">
    <p class='ocr_par' dir='ltr' id='par_1_35' title="bbox 2061 848 3646 922">
     <span class='ocr_line' id='line_1_35' title="bbox 2061 848 3646 922; baseline 0.005 -21"><span class='ocrx_word' id='word_1_224' title='bbox 2061 849 2135 917; x_wconf 82' lang='grc' dir='ltr'><strong>μὴ</strong></span> <span class='ocrx_word' id='word_1_225' title='bbox 2173 848 2369 912; x_wconf 79' lang='grc' dir='ltr'><strong>νυκτὸς</strong></span> <span class='ocrx_word' id='word_1_226' title='bbox 2397 849 2449 902; x_wconf 85' lang='grc' dir='ltr'><strong>οι</strong></span> <span class='ocrx_word' id='word_1_227' title='bbox 2482 850 2744 913; x_wconf 83' lang='grc' dir='ltr'><strong>Γαλάται,</strong></span> <span class='ocrx_word' id='word_1_228' title='bbox 2775 850 2826 903; x_wconf 81' lang='grc' dir='ltr'><strong>οἱ</strong></span> <span class='ocrx_word' id='word_1_229' title='bbox 2861 849 2981 920; x_wconf 84' lang='grc' dir='ltr'><strong>μετ’</strong></span> <span class='ocrx_word' id='word_1_230' title='bbox 3028 849 3198 904; x_wconf 79' lang='grc' dir='ltr'><strong>αὑτοῦ</strong></span> <span class='ocrx_word' id='word_1_231' title='bbox 3239 850 3646 922; x_wconf 79' lang='grc' dir='ltr'><strong>ηὐτομόλησαν.</strong></span> 
     </span>
    </p>
   </div>
   <div class='ocr_carea' id='block_1_36' title="bbox 2069 939 3646 1014">
    <p class='ocr_par' dir='ltr' id='par_1_36' title="bbox 2069 939 3646 1014">
     <span class='ocr_line' id='line_1_36' title="bbox 2069 939 3646 1014; baseline 0.004 -20"><span class='ocrx_word' id='word_1_232' title='bbox 2069 939 2128 994; x_wconf 85' lang='grc' dir='ltr'>Ὀ</span> <span class='ocrx_word' id='word_1_233' title='bbox 2161 940 2208 994; x_wconf 84' lang='grc' dir='ltr'><strong>δ’</strong></span> <span class='ocrx_word' id='word_1_234' title='bbox 2233 941 2329 996; x_wconf 75' lang='grc' dir='ltr'><strong>οὖν</strong></span> <span class='ocrx_word' id='word_1_235' title='bbox 2359 942 2625 1008; x_wconf 77' lang='grc' dir='ltr'><strong>Σκιπίων,</strong></span> <span class='ocrx_word' id='word_1_236' title='bbox 2658 943 2753 995; x_wconf 80' lang='grc' dir='ltr'><strong>ἐπὶ</strong></span> <span class='ocrx_word' id='word_1_237' title='bbox 2799 941 2976 1014; x_wconf 85' lang='grc' dir='ltr'><strong>τούτῳ</strong></span> <span class='ocrx_word' id='word_1_238' title='bbox 3021 941 3337 1014; x_wconf 74' lang='grc' dir='ltr'><strong>ταραχθεὶς,</strong></span> <span class='ocrx_word' id='word_1_239' title='bbox 3384 943 3483 997; x_wconf 80' lang='grc' dir='ltr'><strong>καὶ</strong></span> <span class='ocrx_word' id='word_1_240' title='bbox 3537 945 3646 1000; x_wconf 84' lang='grc' dir='ltr'><strong>ύπδ</strong></span> 
     </span>
    </p>
   </div>
   <div class='ocr_carea' id='block_1_37' title="bbox 3501 686 3562 722">
    <p class='ocr_par' dir='ltr' id='par_1_37' title="bbox 3501 686 3562 722">
     <span class='ocr_line' id='line_1_37' title="bbox 3501 686 3562 722; baseline 0.033 -2"><span class='ocrx_word' id='word_1_241' title='bbox 3501 686 3562 722; x_wconf 84' lang='grc' dir='ltr'><strong>υν</strong></span> 
     </span>
    </p>
   </div>
   <div class='ocr_carea' id='block_1_38' title="bbox 3617 669 3654 721">
    <p class='ocr_par' dir='ltr' id='par_1_38' title="bbox 3617 669 3654 721">
     <span class='ocr_line' id='line_1_38' title="bbox 3617 669 3654 721; baseline 0 0"><span class='ocrx_word' id='word_1_242' title='bbox 3617 669 3654 721; x_wconf 86' lang='lat'><strong>6</strong></span> 
     </span>
    </p>
   </div>
   <div class='ocr_carea' id='block_1_39' title="bbox 2057 1031 3645 1105">
    <p class='ocr_par' dir='ltr' id='par_1_39' title="bbox 2057 1031 3645 1105">
     <span class='ocr_line' id='line_1_39' title="bbox 2057 1031 3645 1105; baseline 0.004 -19"><span class='ocrx_word' id='word_1_243' title='bbox 2057 1031 2153 1086; x_wconf 87' lang='grc' dir='ltr'><strong>τοῦ</strong></span> <span class='ocrx_word' id='word_1_244' title='bbox 2201 1033 2521 1104; x_wconf 83' lang='grc' dir='ltr'><strong>τραύματος</strong></span> <span class='ocrx_word' id='word_1_245' title='bbox 2587 1033 3042 1105; x_wconf 84' lang='grc' dir='ltr'><strong>ταλαιπωρήσας,</strong></span> <span class='ocrx_word' id='word_1_246' title='bbox 3091 1033 3196 1087; x_wconf 82' lang='grc' dir='ltr'><strong>ὑπὸ</strong></span> <span class='ocrx_word' id='word_1_247' title='bbox 3235 1035 3412 1090; x_wconf 83' lang='grc' dir='ltr'><strong>νύκτα</strong></span> <span class='ocrx_word' id='word_1_248' title='bbox 3484 1033 3645 1105; x_wconf 80' lang='grc' dir='ltr'><strong>αὖθις</strong></span> 
     </span>
    </p>
   </div>
   <div class='ocr_carea' id='block_1_40' title="bbox 2057 1122 3636 1198">
    <p class='ocr_par' dir='ltr' id='par_1_40' title="bbox 2057 1122 3636 1198">
     <span class='ocr_line' id='line_1_40' title="bbox 2057 1122 3636 1198; baseline 0.006 -23"><span class='ocrx_word' id='word_1_249' title='bbox 2057 1122 2344 1194; x_wconf 75' lang='grc' dir='ltr'><strong>ἐξανέστη,</strong></span> <span class='ocrx_word' id='word_1_250' title='bbox 2369 1124 2463 1178; x_wconf 70' lang='grc' dir='ltr'><strong>καὶ</strong></span> <span class='ocrx_word' id='word_1_251' title='bbox 2492 1124 2586 1178; x_wconf 73' lang='grc' dir='ltr'><strong>ἐπὶ</strong></span> <span class='ocrx_word' id='word_1_252' title='bbox 2606 1123 2884 1196; x_wconf 83' lang='grc' dir='ltr'><strong>μετεώρου</strong></span> <span class='ocrx_word' id='word_1_253' title='bbox 2911 1123 2974 1177; x_wconf 81' lang='grc' dir='ltr'><strong>τὸ</strong></span> <span class='ocrx_word' id='word_1_254' title='bbox 2988 1124 3286 1194; x_wconf 88' lang='grc' dir='ltr'><strong>τάφρευμα</strong></span> <span class='ocrx_word' id='word_1_255' title='bbox 3317 1125 3636 1198; x_wconf 80' lang='grc' dir='ltr'><strong>ἐποιήσατο.</strong></span> 
     </span>
    </p>
   </div>
   <div class='ocr_carea' id='block_1_41' title="bbox 2057 1213 3639 1288">
    <p class='ocr_par' dir='ltr' id='par_1_41' title="bbox 2057 1213 3639 1288">
     <span class='ocr_line' id='line_1_41' title="bbox 2057 1213 3639 1288; baseline 0.005 -22"><span class='ocrx_word' id='word_1_256' title='bbox 2057 1213 2254 1281; x_wconf 78' lang='grc' dir='ltr'><strong>Δίωξις</strong></span> <span class='ocrx_word' id='word_1_257' title='bbox 2269 1215 2326 1269; x_wconf 90' lang='grc' dir='ltr'><strong>δέ</strong></span> <span class='ocrx_word' id='word_1_258' title='bbox 2346 1215 2515 1268; x_wconf 83' lang='grc' dir='ltr'><strong>αὑτοῦ</strong></span> <span class='ocrx_word' id='word_1_259' title='bbox 2545 1214 2646 1270; x_wconf 89' lang='grc' dir='ltr'><strong>ούκ</strong></span> <span class='ocrx_word' id='word_1_260' title='bbox 2668 1215 2906 1288; x_wconf 81' lang='grc' dir='ltr'><strong>ἐγένετο.</strong></span> <span class='ocrx_word' id='word_1_261' title='bbox 2931 1215 3086 1269; x_wconf 86' lang='grc' dir='ltr'><strong>Μετά</strong></span> <span class='ocrx_word' id='word_1_262' title='bbox 3117 1215 3175 1270; x_wconf 88' lang='grc' dir='ltr'><strong>δέ</strong></span> <span class='ocrx_word' id='word_1_263' title='bbox 3197 1215 3359 1268; x_wconf 84' lang='grc' dir='ltr'><strong>τοῦτο</strong></span> <span class='ocrx_word' id='word_1_264' title='bbox 3381 1218 3639 1285; x_wconf 81' lang='grc' dir='ltr'><strong>ἀφίκοντο</strong></span> 
     </span>
    </p>
   </div>
   <div class='ocr_carea' id='block_1_42' title="bbox 2058 1303 3634 1378">
    <p class='ocr_par' dir='ltr' id='par_1_42' title="bbox 2058 1303 3634 1378">
     <span class='ocr_line' id='line_1_42' title="bbox 2058 1303 3634 1378; baseline 0.004 -24"><span class='ocrx_word' id='word_1_265' title='bbox 2058 1303 2154 1356; x_wconf 77' lang='grc' dir='ltr'><strong>καὶ</strong></span> <span class='ocrx_word' id='word_1_266' title='bbox 2181 1305 2230 1358; x_wconf 83' lang='grc' dir='ltr'><strong>οί</strong></span> <span class='ocrx_word' id='word_1_267' title='bbox 2263 1305 2654 1376; x_wconf 83' lang='grc' dir='ltr'><strong>Καρχηδόνιοι,</strong></span> <span class='ocrx_word' id='word_1_268' title='bbox 2678 1306 2776 1360; x_wconf 74' lang='grc' dir='ltr'><strong>καὶ</strong></span> <span class='ocrx_word' id='word_1_269' title='bbox 2802 1304 2895 1358; x_wconf 85' lang='grc' dir='ltr'><strong>τὸν</strong></span> <span class='ocrx_word' id='word_1_270' title='bbox 2925 1305 3176 1374; x_wconf 80' lang='grc' dir='ltr'><strong>ποταμὸν</strong></span> <span class='ocrx_word' id='word_1_271' title='bbox 3199 1305 3290 1358; x_wconf 84' lang='grc' dir='ltr'><strong>διά</strong></span> <span class='ocrx_word' id='word_1_272' title='bbox 3306 1305 3472 1374; x_wconf 84' lang='grc' dir='ltr'><strong>μέσου</strong></span> <span class='ocrx_word' id='word_1_273' title='bbox 3488 1325 3634 1378; x_wconf 85' lang='grc' dir='ltr'><strong>ποιη-</strong></span> 
     </span>
    </p>
   </div>
   <div class='ocr_carea' id='block_1_43' title="bbox 2059 1395 3633 1468">
    <p class='ocr_par' dir='ltr' id='par_1_43' title="bbox 2059 1395 3633 1468">
     <span class='ocr_line' id='line_1_43' title="bbox 2059 1395 3633 1468; baseline 0.003 -19"><span class='ocrx_word' id='word_1_274' title='bbox 2059 1395 2310 1467; x_wconf 87' lang='grc' dir='ltr'><strong>σάμενοι,</strong></span> <span class='ocrx_word' id='word_1_275' title='bbox 2345 1397 2933 1468; x_wconf 73' lang='grc' dir='ltr'><strong>ἐπρατοπεδεύσαντο.</strong></span> <span class='ocrx_word' id='word_1_276' title='bbox 2975 1397 3034 1451; x_wconf 87' lang='lat'><strong>&#39;0</strong></span> <span class='ocrx_word' id='word_1_277' title='bbox 3087 1397 3188 1467; x_wconf 80' lang='grc' dir='ltr'><strong>μὲν</strong></span> <span class='ocrx_word' id='word_1_278' title='bbox 3249 1395 3345 1452; x_wconf 81' lang='grc' dir='ltr'><strong>οὖν</strong></span> <span class='ocrx_word' id='word_1_279' title='bbox 3399 1400 3633 1454; x_wconf 88' lang='grc' dir='ltr'><strong>Σκιπίων</strong></span> 
     </span>
    </p>
   </div>
   <div class='ocr_carea' id='block_1_44' title="bbox 2058 1488 3638 1562">
    <p class='ocr_par' dir='ltr' id='par_1_44' title="bbox 2058 1488 3638 1562">
     <span class='ocr_line' id='line_1_44' title="bbox 2058 1488 3638 1562; baseline 0.003 -20"><span class='ocrx_word' id='word_1_280' title='bbox 2058 1488 2148 1543; x_wconf 88' lang='grc' dir='ltr'><strong>διά</strong></span> <span class='ocrx_word' id='word_1_281' title='bbox 2181 1506 2239 1543; x_wconf 87' lang='grc' dir='ltr'><strong>τε</strong></span> <span class='ocrx_word' id='word_1_282' title='bbox 2273 1489 2335 1544; x_wconf 78' lang='grc' dir='ltr'><strong>τὸ</strong></span> <span class='ocrx_word' id='word_1_283' title='bbox 2362 1489 2590 1562; x_wconf 75' lang='grc' dir='ltr'><strong>τραῦμα</strong></span> <span class='ocrx_word' id='word_1_284' title='bbox 2623 1491 2714 1544; x_wconf 75' lang='grc' dir='ltr'><strong>καὶ</strong></span> <span class='ocrx_word' id='word_1_285' title='bbox 2761 1490 2850 1544; x_wconf 80' lang='grc' dir='ltr'><strong>διὰ</strong></span> <span class='ocrx_word' id='word_1_286' title='bbox 2901 1490 2970 1543; x_wconf 84' lang='grc' dir='ltr'><strong>τὰ</strong></span> <span class='ocrx_word' id='word_1_287' title='bbox 3016 1489 3409 1561; x_wconf 87' lang='grc' dir='ltr'><strong>συμϐεϐηκότα</strong></span> <span class='ocrx_word' id='word_1_288' title='bbox 3461 1492 3638 1562; x_wconf 81' lang='grc' dir='ltr'><strong>ἀνεῖχε</strong></span> 
     </span>
    </p>
   </div>
   <div class='ocr_carea' id='block_1_45' title="bbox 2058 1580 3643 1654">
    <p class='ocr_par' dir='ltr' id='par_1_45' title="bbox 2058 1580 3643 1654">
     <span class='ocr_line' id='line_1_45' title="bbox 2058 1580 3643 1654; baseline 0.001 -21"><span class='ocrx_word' id='word_1_289' title='bbox 2058 1580 2154 1634; x_wconf 79' lang='grc' dir='ltr'><strong>καὶ</strong></span> <span class='ocrx_word' id='word_1_290' title='bbox 2177 1581 2409 1653; x_wconf 89' lang='grc' dir='ltr'><strong>δύναμιν</strong></span> <span class='ocrx_word' id='word_1_291' title='bbox 2433 1585 2847 1654; x_wconf 79' lang='grc' dir='ltr'><strong>μετεπέμπετοο</strong></span> <span class='ocrx_word' id='word_1_292' title='bbox 2893 1581 3142 1644; x_wconf 82' lang='grc' dir='ltr'><strong>Ἀννίϐας</strong></span> <span class='ocrx_word' id='word_1_293' title='bbox 3182 1581 3261 1647; x_wconf 81' lang='grc' dir='ltr'><strong>δὲ,</strong></span> <span class='ocrx_word' id='word_1_294' title='bbox 3297 1582 3469 1637; x_wconf 81' lang='grc' dir='ltr'><strong>πολλὰ</strong></span> <span class='ocrx_word' id='word_1_295' title='bbox 3522 1600 3643 1636; x_wconf 87' lang='grc' dir='ltr'><strong>πει-</strong></span> 
     </span>
    </p>
   </div>
   <div class='ocr_carea' id='block_1_46' title="bbox 2059 1671 3637 1746">
    <p class='ocr_par' dir='ltr' id='par_1_46' title="bbox 2059 1671 3637 1746">
     <span class='ocr_line' id='line_1_46' title="bbox 2059 1671 3637 1746; baseline 0.001 -19"><span class='ocrx_word' id='word_1_296' title='bbox 2059 1671 2233 1745; x_wconf 82' lang='grc' dir='ltr'><strong>ράσας</strong></span> <span class='ocrx_word' id='word_1_297' title='bbox 2261 1675 2641 1746; x_wconf 85' lang='grc' dir='ltr'><strong>παρακινῆσαι</strong></span> <span class='ocrx_word' id='word_1_298' title='bbox 2671 1673 2809 1743; x_wconf 73' lang='grc' dir='ltr'><strong>πρὸς</strong></span> <span class='ocrx_word' id='word_1_299' title='bbox 2845 1673 3043 1744; x_wconf 86' lang='grc' dir='ltr'><strong>μάχην</strong></span> <span class='ocrx_word' id='word_1_300' title='bbox 3078 1671 3268 1738; x_wconf 78' lang='grc' dir='ltr'><strong>αὐτὸν,</strong></span> <span class='ocrx_word' id='word_1_301' title='bbox 3326 1675 3451 1728; x_wconf 86' lang='grc' dir='ltr'><strong>ἐπεὶ</strong></span> <span class='ocrx_word' id='word_1_302' title='bbox 3510 1673 3637 1729; x_wconf 71' lang='grc' dir='ltr'><strong>οὔτε</strong></span> 
     </span>
    </p>
   </div>
   <div class='ocr_carea' id='block_1_47' title="bbox 2061 1763 3645 1838">
    <p class='ocr_par' dir='ltr' id='par_1_47' title="bbox 2061 1763 3645 1838">
     <span class='ocr_line' id='line_1_47' title="bbox 2061 1763 3645 1838; baseline 0.001 -20"><span class='ocrx_word' id='word_1_303' title='bbox 2061 1763 2207 1818; x_wconf 81' lang='grc' dir='ltr'><strong>τοῦτ’</strong></span> <span class='ocrx_word' id='word_1_304' title='bbox 2235 1764 2502 1835; x_wconf 72' lang='grc' dir='ltr'><strong>ἠδυνήθη,</strong></span> <span class='ocrx_word' id='word_1_305' title='bbox 2533 1766 2627 1820; x_wconf 75' lang='grc' dir='ltr'><strong>καὶ</strong></span> <span class='ocrx_word' id='word_1_306' title='bbox 2651 1766 2862 1836; x_wconf 81' lang='grc' dir='ltr'><strong>τροφῆς</strong></span> <span class='ocrx_word' id='word_1_307' title='bbox 2891 1765 3178 1828; x_wconf 73' lang='grc' dir='ltr'><strong>ἑαπάνισε,</strong></span> <span class='ocrx_word' id='word_1_308' title='bbox 3206 1765 3451 1837; x_wconf 84' lang='grc' dir='ltr'><strong>φρουρίῳ</strong></span> <span class='ocrx_word' id='word_1_309' title='bbox 3474 1784 3645 1838; x_wconf 90' lang='grc' dir='ltr'><strong>προσ-</strong></span> 
     </span>
    </p>
   </div>
   <div class='ocr_carea' id='block_1_48' title="bbox 1987 1825 3642 1929">
    <p class='ocr_par' dir='ltr' id='par_1_48' title="bbox 1987 1825 3642 1929">
     <span class='ocr_line' id='line_1_48' title="bbox 1987 1825 3642 1929; baseline -0.001 -16"><span class='ocrx_word' id='word_1_310' title='bbox 1987 1825 2030 1886; x_wconf 74' lang='lat' dir='ltr'><strong>B</strong></span> <span class='ocrx_word' id='word_1_311' title='bbox 2058 1825 2272 1924; x_wconf 66' lang='grc' dir='ltr'><strong>έϐαλεν,</strong></span> <span class='ocrx_word' id='word_1_312' title='bbox 2304 1859 2362 1911; x_wconf 91' lang='grc' dir='ltr'><strong>ἐν</strong></span> <span class='ocrx_word' id='word_1_313' title='bbox 2458 1825 2606 1921; x_wconf 61' lang='lat' dir='ltr'><strong>alto;</strong></span> <span class='ocrx_word' id='word_1_314' title='bbox 2657 1825 2830 1923; x_wconf 56' lang='grc' dir='ltr'><strong>πολύς</strong></span> <span class='ocrx_word' id='word_1_315' title='bbox 2846 1825 2962 1912; x_wconf 80' lang='grc' dir='ltr'><strong>τῶν</strong></span> <span class='ocrx_word' id='word_1_316' title='bbox 2989 1825 3282 1929; x_wconf 67' lang='grc' dir='ltr'><strong>Ῥωμαίων</strong></span> <span class='ocrx_word' id='word_1_317' title='bbox 3310 1825 3642 1914; x_wconf 51' lang='grc' dir='ltr'><strong>ἔκειτο.“Καὶ</strong></span> 
     </span>
    </p>
   </div>
   <div class='ocr_carea' id='block_1_49' title="bbox 2060 1948 3644 2022">
    <p class='ocr_par' dir='ltr' id='par_1_49' title="bbox 2060 1948 3644 2022">
     <span class='ocr_line' id='line_1_49' title="bbox 2060 1948 3644 2022; baseline -0.001 -18"><span class='ocrx_word' id='word_1_318' title='bbox 2060 1948 2229 2020; x_wconf 73' lang='grc' dir='ltr'><strong>μηδὲν</strong></span> <span class='ocrx_word' id='word_1_319' title='bbox 2288 1949 2586 2020; x_wconf 83' lang='grc' dir='ltr'><strong>περαίνων,</strong></span> <span class='ocrx_word' id='word_1_320' title='bbox 2639 1950 2736 2003; x_wconf 84' lang='grc' dir='ltr'><strong>τὸν</strong></span> <span class='ocrx_word' id='word_1_321' title='bbox 2780 1950 3135 2021; x_wconf 83' lang='grc' dir='ltr'><strong>φρούραρχον</strong></span> <span class='ocrx_word' id='word_1_322' title='bbox 3189 1949 3463 2022; x_wconf 80' lang='grc' dir='ltr'><strong>διέφθειρε</strong></span> <span class='ocrx_word' id='word_1_323' title='bbox 3506 1953 3644 2022; x_wconf 86' lang='grc' dir='ltr'><strong>χρή-</strong></span> 
     </span>
    </p>
   </div>
   <div class='ocr_carea' id='block_1_50' title="bbox 2060 2042 3642 2114">
    <p class='ocr_par' dir='ltr' id='par_1_50' title="bbox 2060 2042 3642 2114">
     <span class='ocr_line' id='line_1_50' title="bbox 2060 2042 3642 2114; baseline 0.002 -19"><span class='ocrx_word' id='word_1_324' title='bbox 2060 2057 2215 2110; x_wconf 90' lang='grc' dir='ltr'><strong>μασι,</strong></span> <span class='ocrx_word' id='word_1_325' title='bbox 2253 2042 2476 2096; x_wconf 85' lang='grc' dir='ltr'><strong>κάκεῖνό</strong></span> <span class='ocrx_word' id='word_1_326' title='bbox 2503 2060 2562 2095; x_wconf 91' lang='grc' dir='ltr'><strong>τε</strong></span> <span class='ocrx_word' id='word_1_327' title='bbox 2593 2043 2856 2114; x_wconf 80' lang='grc' dir='ltr'><strong>προδοθὲν</strong></span> <span class='ocrx_word' id='word_1_328' title='bbox 2885 2043 3066 2106; x_wconf 78' lang='grc' dir='ltr'><strong>ἔλαϐε,</strong></span> <span class='ocrx_word' id='word_1_329' title='bbox 3105 2043 3202 2096; x_wconf 79' lang='grc' dir='ltr'><strong>καὶ</strong></span> <span class='ocrx_word' id='word_1_330' title='bbox 3223 2044 3294 2097; x_wconf 90' lang='grc' dir='ltr'><strong>τά</strong></span> <span class='ocrx_word' id='word_1_331' title='bbox 3323 2043 3458 2098; x_wconf 83' lang='grc' dir='ltr'><strong>ἀλλα</strong></span> <span class='ocrx_word' id='word_1_332' title='bbox 3493 2047 3642 2114; x_wconf 86' lang='grc' dir='ltr'><strong>σχεῖν</strong></span> 
     </span>
    </p>
   </div>
   <div class='ocr_carea' id='block_1_51' title="bbox 2055 2132 3644 2208">
    <p class='ocr_par' dir='ltr' id='par_1_51' title="bbox 2055 2132 3644 2208">
     <span class='ocr_line' id='line_1_51' title="bbox 2055 2132 3644 2208; baseline 0.003 -23"><span class='ocrx_word' id='word_1_333' title='bbox 2055 2132 2124 2186; x_wconf 90' lang='grc' dir='ltr'><strong>τά</strong></span> <span class='ocrx_word' id='word_1_334' title='bbox 2171 2132 2267 2202; x_wconf 89' lang='grc' dir='ltr'><strong>μέν</strong></span> <span class='ocrx_word' id='word_1_335' title='bbox 2301 2133 2506 2198; x_wconf 84' lang='grc' dir='ltr'><strong>ὅπλοις,</strong></span> <span class='ocrx_word' id='word_1_336' title='bbox 2552 2133 2617 2186; x_wconf 88' lang='grc' dir='ltr'><strong>τά</strong></span> <span class='ocrx_word' id='word_1_337' title='bbox 2645 2133 2698 2187; x_wconf 76' lang='grc' dir='ltr'><strong>δὲ</strong></span> <span class='ocrx_word' id='word_1_338' title='bbox 2731 2134 2942 2205; x_wconf 80' lang='grc' dir='ltr'><strong>χρυσίῳ</strong></span> <span class='ocrx_word' id='word_1_339' title='bbox 2988 2135 3282 2204; x_wconf 84' lang='grc' dir='ltr'><strong>ἐπήλπισε.</strong></span> <span class='ocrx_word' id='word_1_340' title='bbox 3317 2136 3437 2190; x_wconf 82' lang='grc' dir='ltr'><strong>Κάν</strong></span> <span class='ocrx_word' id='word_1_341' title='bbox 3469 2135 3644 2208; x_wconf 82' lang='grc' dir='ltr'><strong>τούτῳ</strong></span> 
     </span>
    </p>
   </div>
   <div class='ocr_carea' id='block_1_52' title="bbox 2055 2223 3640 2299">
    <p class='ocr_par' dir='ltr' id='par_1_52' title="bbox 2055 2223 3640 2299">
     <span class='ocr_line' id='line_1_52' title="bbox 2055 2223 3640 2299; baseline 0.003 -23"><span class='ocrx_word' id='word_1_342' title='bbox 2055 2223 2085 2276; x_wconf 97' lang='lat'><strong>6</strong></span> <span class='ocrx_word' id='word_1_343' title='bbox 2113 2223 2348 2294; x_wconf 82' lang='grc' dir='ltr'><strong>Λόγγος,</strong></span> <span class='ocrx_word' id='word_1_344' title='bbox 2373 2225 2470 2296; x_wconf 81' lang='grc' dir='ltr'><strong>τὴν</strong></span> <span class='ocrx_word' id='word_1_345' title='bbox 2494 2225 2744 2280; x_wconf 85' lang='grc' dir='ltr'><strong>Σικελίαν</strong></span> <span class='ocrx_word' id='word_1_346' title='bbox 2772 2225 2852 2298; x_wconf 82' lang='grc' dir='ltr'><strong>τῷ</strong></span> <span class='ocrx_word' id='word_1_347' title='bbox 2881 2227 3286 2299; x_wconf 81' lang='grc' dir='ltr'><strong>ὑποστρατήγῳ</strong></span> <span class='ocrx_word' id='word_1_348' title='bbox 3320 2226 3640 2294; x_wconf 82' lang='grc' dir='ltr'><strong>πιστεύσας,</strong></span> 
     </span>
    </p>
   </div>
   <div class='ocr_carea' id='block_1_53' title="bbox 2057 2313 3641 2387">
    <p class='ocr_par' dir='ltr' id='par_1_53' title="bbox 2057 2313 3641 2387">
     <span class='ocr_line' id='line_1_53' title="bbox 2057 2313 3641 2387; baseline 0.003 -21"><span class='ocrx_word' id='word_1_349' title='bbox 2057 2313 2198 2382; x_wconf 75' lang='grc' dir='ltr'><strong>πρὸς</strong></span> <span class='ocrx_word' id='word_1_350' title='bbox 2232 2313 2325 2368; x_wconf 80' lang='grc' dir='ltr'><strong>τὸν</strong></span> <span class='ocrx_word' id='word_1_351' title='bbox 2374 2315 2656 2370; x_wconf 85' lang='grc' dir='ltr'><strong>Σκιπίωνα</strong></span> <span class='ocrx_word' id='word_1_352' title='bbox 2710 2316 3055 2387; x_wconf 87' lang='grc' dir='ltr'><strong>κεκλημένος</strong></span> <span class='ocrx_word' id='word_1_353' title='bbox 3115 2318 3368 2387; x_wconf 85' lang='grc' dir='ltr'><strong>ἀφίκετο·</strong></span> <span class='ocrx_word' id='word_1_354' title='bbox 3430 2319 3528 2372; x_wconf 73' lang='grc' dir='ltr'><strong>καὶ</strong></span> <span class='ocrx_word' id='word_1_355' title='bbox 3579 2318 3641 2372; x_wconf 84' lang='grc' dir='ltr'><strong>ού</strong></span> 
     </span>
    </p>
   </div>
   <div class='ocr_carea' id='block_1_54' title="bbox 2057 2406 3645 2481">
    <p class='ocr_par' dir='ltr' id='par_1_54' title="bbox 2057 2406 3645 2481">
     <span class='ocr_line' id='line_1_54' title="bbox 2057 2406 3645 2481; baseline 0.003 -22"><span class='ocrx_word' id='word_1_356' title='bbox 2057 2407 2241 2478; x_wconf 89' lang='grc' dir='ltr'><strong>πολλῷ</strong></span> <span class='ocrx_word' id='word_1_357' title='bbox 2272 2406 2503 2480; x_wconf 79' lang='grc' dir='ltr'><strong>ὕστερον</strong></span> <span class='ocrx_word' id='word_1_358' title='bbox 2532 2409 2636 2463; x_wconf 78' lang='grc' dir='ltr'><strong>ὑπὸ</strong></span> <span class='ocrx_word' id='word_1_359' title='bbox 2674 2409 3016 2481; x_wconf 82' lang='grc' dir='ltr'><strong>φιλοτιμίας,</strong></span> <span class='ocrx_word' id='word_1_360' title='bbox 3054 2412 3151 2464; x_wconf 72' lang='grc' dir='ltr'><strong>καὶ</strong></span> <span class='ocrx_word' id='word_1_361' title='bbox 3175 2411 3257 2464; x_wconf 82' lang='grc' dir='ltr'><strong>ὅτι</strong></span> <span class='ocrx_word' id='word_1_362' title='bbox 3291 2411 3445 2475; x_wconf 87' lang='grc' dir='ltr'><strong>τινάς</strong></span> <span class='ocrx_word' id='word_1_363' title='bbox 3472 2428 3645 2466; x_wconf 89' lang='grc' dir='ltr'><strong>κατα-</strong></span> 
     </span>
    </p>
   </div>
   <div class='ocr_carea' id='block_1_55' title="bbox 2055 2501 3644 2576">
    <p class='ocr_par' dir='ltr' id='par_1_55' title="bbox 2055 2501 3644 2576">
     <span class='ocr_line' id='line_1_55' title="bbox 2055 2501 3644 2576; baseline 0.003 -22"><span class='ocrx_word' id='word_1_364' title='bbox 2055 2501 2356 2572; x_wconf 78' lang='grc' dir='ltr'><strong>τρέχοντας</strong></span> <span class='ocrx_word' id='word_1_365' title='bbox 2379 2501 2481 2573; x_wconf 81' lang='grc' dir='ltr'><strong>τὴν</strong></span> <span class='ocrx_word' id='word_1_366' title='bbox 2504 2501 2695 2574; x_wconf 89' lang='grc' dir='ltr'><strong>χώραν</strong></span> <span class='ocrx_word' id='word_1_367' title='bbox 2725 2503 3057 2573; x_wconf 86' lang='grc' dir='ltr'><strong>ἐκράτησεν,</strong></span> <span class='ocrx_word' id='word_1_368' title='bbox 3082 2504 3164 2568; x_wconf 87' lang='grc' dir='ltr'><strong>είς</strong></span> <span class='ocrx_word' id='word_1_369' title='bbox 3193 2503 3506 2576; x_wconf 75' lang='grc' dir='ltr'><strong>παράταξιν</strong></span> <span class='ocrx_word' id='word_1_370' title='bbox 3534 2504 3644 2575; x_wconf 79' lang='grc' dir='ltr'><strong>ώρο</strong></span> 
     </span>
    </p>
   </div>
   <div class='ocr_carea' id='block_1_56' title="bbox 2060 2591 3642 2666">
    <p class='ocr_par' dir='ltr' id='par_1_56' title="bbox 2060 2591 3642 2666">
     <span class='ocr_line' id='line_1_56' title="bbox 2060 2591 3642 2666; baseline 0.002 -22"><span class='ocrx_word' id='word_1_371' title='bbox 2060 2607 2223 2662; x_wconf 85' lang='grc' dir='ltr'><strong>μησε,</strong></span> <span class='ocrx_word' id='word_1_372' title='bbox 2277 2591 2372 2646; x_wconf 78' lang='grc' dir='ltr'><strong>καὶ</strong></span> <span class='ocrx_word' id='word_1_373' title='bbox 2427 2592 2639 2664; x_wconf 78' lang='grc' dir='ltr'><strong>ἐσφάλη</strong></span> <span class='ocrx_word' id='word_1_374' title='bbox 2710 2593 2960 2662; x_wconf 85' lang='grc' dir='ltr'><strong>ἐνέδραις</strong></span> <span class='ocrx_word' id='word_1_375' title='bbox 3011 2593 3350 2666; x_wconf 86' lang='grc' dir='ltr'><strong>περιπεσών·</strong></span> <span class='ocrx_word' id='word_1_376' title='bbox 3404 2595 3497 2648; x_wconf 79' lang='grc' dir='ltr'><strong>καὶ</strong></span> <span class='ocrx_word' id='word_1_377' title='bbox 3545 2593 3642 2649; x_wconf 83' lang='grc' dir='ltr'><strong>τοῦ</strong></span> 
     </span>
    </p>
   </div>
   <div class='ocr_carea' id='block_1_57' title="bbox 2069 2682 3642 2755">
    <p class='ocr_par' dir='ltr' id='par_1_57' title="bbox 2069 2682 3642 2755">
     <span class='ocr_line' id='line_1_57' title="bbox 2069 2682 3642 2755; baseline 0.002 -19"><span class='ocrx_word' id='word_1_378' title='bbox 2069 2682 2289 2737; x_wconf 81' lang='grc' dir='ltr'><strong>Ἀννίϐα</strong></span> <span class='ocrx_word' id='word_1_379' title='bbox 2351 2682 2732 2750; x_wconf 60' lang='grc' dir='ltr'><strong>ἐπεξελθόντας</strong></span> <span class='ocrx_word' id='word_1_380' title='bbox 2785 2684 2926 2755; x_wconf 87' lang='grc' dir='ltr'><strong>μετά</strong></span> <span class='ocrx_word' id='word_1_381' title='bbox 2976 2685 3087 2738; x_wconf 88' lang='grc' dir='ltr'><strong>τῶν</strong></span> <span class='ocrx_word' id='word_1_382' title='bbox 3146 2685 3330 2750; x_wconf 80' lang='grc' dir='ltr'><strong>πεζῶν</strong></span> <span class='ocrx_word' id='word_1_383' title='bbox 3376 2686 3474 2739; x_wconf 75' lang='grc' dir='ltr'><strong>καὶ</strong></span> <span class='ocrx_word' id='word_1_384' title='bbox 3534 2685 3642 2741; x_wconf 86' lang='grc' dir='ltr'><strong>τῶν</strong></span> 
     </span>
    </p>
   </div>
   <div class='ocr_carea' id='block_1_58' title="bbox 2057 2773 3640 2847">
    <p class='ocr_par' dir='ltr' id='par_1_58' title="bbox 2057 2773 3640 2847">
     <span class='ocr_line' id='line_1_58' title="bbox 2057 2773 3640 2847; baseline 0.002 -20"><span class='ocrx_word' id='word_1_385' title='bbox 2057 2773 2389 2842; x_wconf 90' lang='grc' dir='ltr'><strong>ἐλεφάντων,</strong></span> <span class='ocrx_word' id='word_1_386' title='bbox 2418 2775 2468 2828; x_wconf 78' lang='lat' dir='ltr'><strong>oi</strong></span> <span class='ocrx_word' id='word_1_387' title='bbox 2504 2775 2624 2844; x_wconf 81' lang='grc' dir='ltr'><strong>μετ’</strong></span> <span class='ocrx_word' id='word_1_388' title='bbox 2648 2774 2814 2828; x_wconf 80' lang='grc' dir='ltr'><strong>αὑτοῦ</strong></span> <span class='ocrx_word' id='word_1_389' title='bbox 2843 2773 3168 2846; x_wconf 88' lang='grc' dir='ltr'><strong>ἐτράπησαν</strong></span> <span class='ocrx_word' id='word_1_390' title='bbox 3193 2778 3274 2838; x_wconf 84' lang='grc' dir='ltr'><strong>είς</strong></span> <span class='ocrx_word' id='word_1_391' title='bbox 3301 2777 3506 2847; x_wconf 80' lang='grc' dir='ltr'><strong>φυγὴν,</strong></span> <span class='ocrx_word' id='word_1_392' title='bbox 3545 2780 3640 2831; x_wconf 74' lang='grc' dir='ltr'><strong>καὶ</strong></span> 
     </span>
    </p>
   </div>
   <div class='ocr_carea' id='block_1_59' title="bbox 2059 2863 3641 2936">
    <p class='ocr_par' dir='ltr' id='par_1_59' title="bbox 2059 2863 3641 2936">
     <span class='ocr_line' id='line_1_59' title="bbox 2059 2863 3641 2936; baseline 0.002 -18"><span class='ocrx_word' id='word_1_393' title='bbox 2059 2863 2250 2918; x_wconf 80' lang='grc' dir='ltr'><strong>πολλοὶ</strong></span> <span class='ocrx_word' id='word_1_394' title='bbox 2272 2863 2653 2935; x_wconf 81' lang='grc' dir='ltr'><strong>διεφθάρησαν</strong></span> <span class='ocrx_word' id='word_1_395' title='bbox 2681 2863 2852 2936; x_wconf 83' lang='grc' dir='ltr'><strong>φόνῳ,</strong></span> <span class='ocrx_word' id='word_1_396' title='bbox 2875 2863 3066 2918; x_wconf 76' lang='grc' dir='ltr'><strong>πολλοὶ</strong></span> <span class='ocrx_word' id='word_1_397' title='bbox 3099 2867 3155 2919; x_wconf 81' lang='grc' dir='ltr'><strong>δὲ</strong></span> <span class='ocrx_word' id='word_1_398' title='bbox 3187 2866 3283 2920; x_wconf 79' lang='grc' dir='ltr'><strong>καὶ</strong></span> <span class='ocrx_word' id='word_1_399' title='bbox 3314 2870 3394 2930; x_wconf 88' lang='grc' dir='ltr'><strong>είς</strong></span> <span class='ocrx_word' id='word_1_400' title='bbox 3419 2867 3510 2920; x_wconf 80' lang='grc' dir='ltr'><strong>τὸν</strong></span> <span class='ocrx_word' id='word_1_401' title='bbox 3545 2885 3641 2922; x_wconf 77' lang='grc' dir='ltr'><strong>τεο-</strong></span> 
     </span>
    </p>
   </div>
   <div class='ocr_carea' id='block_1_60' title="bbox 2055 2955 3641 3027">
    <p class='ocr_par' dir='ltr' id='par_1_60' title="bbox 2055 2955 3641 3027">
     <span class='ocr_line' id='line_1_60' title="bbox 2055 2955 3641 3027; baseline 0.001 -18"><span class='ocrx_word' id='word_1_402' title='bbox 2055 2956 2235 3026; x_wconf 81' lang='grc' dir='ltr'><strong>ταμδν</strong></span> <span class='ocrx_word' id='word_1_403' title='bbox 2257 2955 2684 3027; x_wconf 81' lang='grc' dir='ltr'><strong>ἀπερισκέπτως</strong></span> <span class='ocrx_word' id='word_1_404' title='bbox 2711 2956 3046 3026; x_wconf 85' lang='grc' dir='ltr'><strong>ἐμπεσόντες</strong></span> <span class='ocrx_word' id='word_1_405' title='bbox 3069 2957 3396 3027; x_wconf 77' lang='grc' dir='ltr'><strong>ἐπνίγησαν,</strong></span> <span class='ocrx_word' id='word_1_406' title='bbox 3425 2959 3499 3022; x_wconf 91' lang='grc' dir='ltr'><strong>ώς</strong></span> <span class='ocrx_word' id='word_1_407' title='bbox 3529 2961 3641 3012; x_wconf 80' lang='grc' dir='ltr'><strong>ὀλί-</strong></span> 
     </span>
    </p>
   </div>
   <div class='ocr_carea' id='block_1_61' title="bbox 2059 3045 3639 3121">
    <p class='ocr_par' dir='ltr' id='par_1_61' title="bbox 2059 3045 3639 3121">
     <span class='ocr_line' id='line_1_61' title="bbox 2059 3045 3639 3121; baseline 0.004 -23"><span class='ocrx_word' id='word_1_408' title='bbox 2059 3063 2190 3115; x_wconf 85' lang='grc' dir='ltr'><strong>γους</strong></span> <span class='ocrx_word' id='word_1_409' title='bbox 2229 3045 2371 3116; x_wconf 89' lang='grc' dir='ltr'><strong>μετά</strong></span> <span class='ocrx_word' id='word_1_410' title='bbox 2399 3045 2494 3100; x_wconf 83' lang='grc' dir='ltr'><strong>τοῦ</strong></span> <span class='ocrx_word' id='word_1_411' title='bbox 2531 3046 2747 3115; x_wconf 89' lang='grc' dir='ltr'><strong>Λόγγου</strong></span> <span class='ocrx_word' id='word_1_412' title='bbox 2793 3049 3188 3118; x_wconf 85' lang='grc' dir='ltr'><strong>περισωθῆναι.</strong></span> <span class='ocrx_word' id='word_1_413' title='bbox 3217 3049 3465 3119; x_wconf 84' lang='grc' dir='ltr'><strong>Νικήσας</strong></span> <span class='ocrx_word' id='word_1_414' title='bbox 3507 3051 3639 3121; x_wconf 84' lang='grc' dir='ltr'><strong>μέν-</strong></span> 
     </span>
    </p>
   </div>
   <div class='ocr_carea' id='block_1_62' title="bbox 369 2965 1959 3042">
    <p class='ocr_par' dir='ltr' id='par_1_62' title="bbox 369 2965 1959 3042">
     <span class='ocr_line' id='line_1_62' title="bbox 369 2965 1959 3042; baseline 0.004 -22"><span class='ocrx_word' id='word_1_415' title='bbox 369 2965 551 3022; x_wconf 88' lang='lat' dir='ltr'><strong>Factis</strong></span> <span class='ocrx_word' id='word_1_416' title='bbox 579 2965 747 3037; x_wconf 91' lang='lat' dir='ltr'><strong>igitur</strong></span> <span class='ocrx_word' id='word_1_417' title='bbox 773 2967 894 3024; x_wconf 90' lang='lat' dir='ltr'><strong>sine</strong></span> <span class='ocrx_word' id='word_1_418' title='bbox 929 2967 1138 3030; x_wconf 62' lang='lat' dir='ltr'><strong>laedere</strong></span> <span class='ocrx_word' id='word_1_419' title='bbox 1181 2971 1444 3026; x_wconf 88' lang='lat' dir='ltr'><strong>induciis.</strong></span> <span class='ocrx_word' id='word_1_420' title='bbox 1474 2972 1693 3042; x_wconf 87' lang='lat' dir='ltr'><strong>utrique</strong></span> <span class='ocrx_word' id='word_1_421' title='bbox 1745 2973 1814 3028; x_wconf 89' lang='lat' dir='ltr'><strong>ad</strong></span> <span class='ocrx_word' id='word_1_422' title='bbox 1868 2987 1959 3027; x_wconf 90' lang='lat' dir='ltr'><strong>so-</strong></span> 
     </span>
    </p>
   </div>
   <div class='ocr_carea' id='block_1_63' title="bbox 368 3059 1958 3124">
    <p class='ocr_par' dir='ltr' id='par_1_63' title="bbox 368 3059 1958 3124">
     <span class='ocr_line' id='line_1_63' title="bbox 368 3059 1958 3124; baseline 0.003 -11"><span class='ocrx_word' id='word_1_423' title='bbox 368 3059 486 3114; x_wconf 91' lang='lat' dir='ltr'><strong>cios</strong></span> <span class='ocrx_word' id='word_1_424' title='bbox 513 3073 572 3114; x_wconf 88' lang='lat' dir='ltr'><strong>se</strong></span> <span class='ocrx_word' id='word_1_425' title='bbox 601 3060 981 3124; x_wconf 87' lang='lat' dir='ltr'><strong>contulerunt,</strong></span> <span class='ocrx_word' id='word_1_426' title='bbox 1021 3069 1078 3116; x_wconf 87' lang='lat' dir='ltr'><strong>et</strong></span> <span class='ocrx_word' id='word_1_427' title='bbox 1108 3060 1163 3114; x_wconf 87' lang='lat' dir='ltr'><strong>in</strong></span> <span class='ocrx_word' id='word_1_428' title='bbox 1187 3076 1383 3116; x_wconf 90' lang='lat' dir='ltr'><strong>eorum</strong></span> <span class='ocrx_word' id='word_1_429' title='bbox 1410 3062 1644 3117; x_wconf 89' lang='lat' dir='ltr'><strong>urbibus</strong></span> <span class='ocrx_word' id='word_1_430' title='bbox 1695 3063 1958 3118; x_wconf 87' lang='lat' dir='ltr'><strong>hiberna-</strong></span> 
     </span>
    </p>
   </div>
   <div class='ocr_carea' id='block_1_64' title="bbox 368 3138 1955 3234">
    <p class='ocr_par' dir='ltr' id='par_1_64' title="bbox 368 3152 1944 3224">
     <span class='ocr_line' id='line_1_64' title="bbox 368 3152 1944 3224; baseline 0.003 -19"><span class='ocrx_word' id='word_1_431' title='bbox 368 3161 515 3207; x_wconf 92' lang='lat' dir='ltr'><strong>runt.</strong></span> <span class='ocrx_word' id='word_1_432' title='bbox 543 3153 622 3207; x_wconf 87' lang='lat' dir='ltr'><strong>Ac</strong></span> <span class='ocrx_word' id='word_1_433' title='bbox 654 3152 917 3208; x_wconf 84' lang='lat' dir='ltr'><strong>Romanis</strong></span> <span class='ocrx_word' id='word_1_434' title='bbox 943 3163 1287 3208; x_wconf 86' lang='lat' dir='ltr'><strong>commeatus</strong></span> <span class='ocrx_word' id='word_1_435' title='bbox 1325 3153 1544 3208; x_wconf 88' lang='lat' dir='ltr'><strong>abunde</strong></span> <span class='ocrx_word' id='word_1_436' title='bbox 1592 3155 1944 3224; x_wconf 89' lang='lat' dir='ltr'><strong>suppetebat.</strong></span> 
     </span>
    </p>
   </div>
   <div class='ocr_carea' id='block_1_65' title="bbox 2056 3138 3642 3234">
    <p class='ocr_par' dir='ltr' id='par_1_65' title="bbox 2061 3138 3642 3212">
     <span class='ocr_line' id='line_1_65' title="bbox 2061 3138 3642 3212; baseline 0.002 -20"><span class='ocrx_word' id='word_1_437' title='bbox 2061 3155 2143 3192; x_wconf 90' lang='grc' dir='ltr'><strong>τοι</strong></span> <span class='ocrx_word' id='word_1_438' title='bbox 2173 3141 2201 3192; x_wconf 90' lang='lat'><strong>6</strong></span> <span class='ocrx_word' id='word_1_439' title='bbox 2233 3138 2504 3204; x_wconf 81' lang='grc' dir='ltr'><strong>’Λννίϐας,</strong></span> <span class='ocrx_word' id='word_1_440' title='bbox 2530 3139 2631 3192; x_wconf 89' lang='grc' dir='ltr'><strong>ούκ</strong></span> <span class='ocrx_word' id='word_1_441' title='bbox 2661 3138 2902 3210; x_wconf 74' lang='grc' dir='ltr'><strong>ἔχαιρεν,</strong></span> <span class='ocrx_word' id='word_1_442' title='bbox 2935 3142 3018 3192; x_wconf 86' lang='grc' dir='ltr'><strong>ὅτι</strong></span> <span class='ocrx_word' id='word_1_443' title='bbox 3043 3141 3385 3212; x_wconf 76' lang='grc' dir='ltr'><strong>στρατιώτας</strong></span> <span class='ocrx_word' id='word_1_444' title='bbox 3419 3160 3479 3196; x_wconf 89' lang='grc' dir='ltr'><strong>τε</strong></span> <span class='ocrx_word' id='word_1_445' title='bbox 3512 3145 3642 3198; x_wconf 84' lang='grc' dir='ltr'><strong>πολ-</strong></span> 
     </span>
    </p>
   </div>
   <div class='ocr_carea' id='block_1_66' title="bbox 365 3231 1955 3314">
    <p class='ocr_par' dir='ltr' id='par_1_66' title="bbox 365 3241 1950 3314">
     <span class='ocr_line' id='line_1_66' title="bbox 365 3241 1950 3314; baseline 0.002 -16"><span class='ocrx_word' id='word_1_446' title='bbox 365 3241 600 3298; x_wconf 81' lang='lat' dir='ltr'><strong>Annibal</strong></span> <span class='ocrx_word' id='word_1_447' title='bbox 629 3252 810 3299; x_wconf 91' lang='lat' dir='ltr'><strong>autem</strong></span> <span class='ocrx_word' id='word_1_448' title='bbox 845 3258 972 3299; x_wconf 91' lang='lat' dir='ltr'><strong>cum</strong></span> <span class='ocrx_word' id='word_1_449' title='bbox 996 3259 1060 3300; x_wconf 90' lang='lat' dir='ltr'><strong>ea</strong></span> <span class='ocrx_word' id='word_1_450' title='bbox 1089 3259 1210 3314; x_wconf 76' lang='lat' dir='ltr'><strong>qua:</strong></span> <span class='ocrx_word' id='word_1_451' title='bbox 1232 3245 1366 3298; x_wconf 83' lang='lat' dir='ltr'><strong>socii</strong></span> <span class='ocrx_word' id='word_1_452' title='bbox 1396 3244 1628 3308; x_wconf 85' lang='lat' dir='ltr'><strong>dabant,</strong></span> <span class='ocrx_word' id='word_1_453' title='bbox 1663 3245 1799 3300; x_wconf 88' lang='lat' dir='ltr'><strong>satis</strong></span> <span class='ocrx_word' id='word_1_454' title='bbox 1840 3261 1950 3301; x_wconf 86' lang='lat' dir='ltr'><strong>non</strong></span> 
     </span>
    </p>
   </div>
   <div class='ocr_carea' id='block_1_67' title="bbox 2056 3231 3640 3314">
    <p class='ocr_par' dir='ltr' id='par_1_67' title="bbox 2059 3231 3640 3306">
     <span class='ocr_line' id='line_1_67' title="bbox 2059 3231 3640 3306; baseline 0.001 -22"><span class='ocrx_word' id='word_1_455' title='bbox 2059 3231 2184 3294; x_wconf 85' lang='grc' dir='ltr'><strong>λοὺς</strong></span> <span class='ocrx_word' id='word_1_456' title='bbox 2211 3233 2454 3295; x_wconf 79' lang='grc' dir='ltr'><strong>καὶτοὺς</strong></span> <span class='ocrx_word' id='word_1_457' title='bbox 2495 3231 2796 3301; x_wconf 82' lang='grc' dir='ltr'><strong>ἐλέφαντας</strong></span> <span class='ocrx_word' id='word_1_458' title='bbox 2828 3233 2968 3302; x_wconf 82' lang='grc' dir='ltr'><strong>πλὴν</strong></span> <span class='ocrx_word' id='word_1_459' title='bbox 3019 3234 3136 3296; x_wconf 79' lang='grc' dir='ltr'><strong>ἐνὸς</strong></span> <span class='ocrx_word' id='word_1_460' title='bbox 3160 3234 3266 3287; x_wconf 69' lang='grc' dir='ltr'><strong>ὑπὸ</strong></span> <span class='ocrx_word' id='word_1_461' title='bbox 3305 3234 3398 3287; x_wconf 80' lang='grc' dir='ltr'><strong>τοῦ</strong></span> <span class='ocrx_word' id='word_1_462' title='bbox 3428 3237 3640 3306; x_wconf 89' lang='grc' dir='ltr'><strong>χειμῶ-</strong></span> 
     </span>
    </p>
   </div>
   <div class='ocr_carea' id='block_1_68' title="bbox 365 3323 1955 3403">
    <p class='ocr_par' dir='ltr' id='par_1_68' title="bbox 365 3332 1952 3403">
     <span class='ocr_line' id='line_1_68' title="bbox 365 3332 1952 3403; baseline 0.001 -15"><span class='ocrx_word' id='word_1_463' title='bbox 365 3343 574 3397; x_wconf 90' lang='lat' dir='ltr'><strong>essent,</strong></span> <span class='ocrx_word' id='word_1_464' title='bbox 613 3332 989 3388; x_wconf 81' lang='lat' dir='ltr'><strong>Romanorum</strong></span> <span class='ocrx_word' id='word_1_465' title='bbox 1039 3347 1208 3402; x_wconf 90' lang='lat' dir='ltr'><strong>pagos</strong></span> <span class='ocrx_word' id='word_1_466' title='bbox 1233 3339 1291 3385; x_wconf 88' lang='lat' dir='ltr'><strong>et</strong></span> <span class='ocrx_word' id='word_1_467' title='bbox 1357 3332 1560 3402; x_wconf 86' lang='lat' dir='ltr'><strong>oppida</strong></span> <span class='ocrx_word' id='word_1_468' title='bbox 1620 3333 1952 3403; x_wconf 78' lang='lat' dir='ltr'><strong>invadendo,</strong></span> 
     </span>
    </p>
   </div>
   <div class='ocr_carea' id='block_1_69' title="bbox 2056 3323 3640 3403">
    <p class='ocr_par' dir='ltr' id='par_1_69' title="bbox 2058 3323 3640 3399">
     <span class='ocr_line' id='line_1_69' title="bbox 2058 3323 3640 3399; baseline 0.003 -22"><span class='ocrx_word' id='word_1_469' title='bbox 2058 3341 2147 3387; x_wconf 88' lang='grc' dir='ltr'><strong>νος</strong></span> <span class='ocrx_word' id='word_1_470' title='bbox 2195 3323 2292 3378; x_wconf 75' lang='grc' dir='ltr'><strong>καὶ</strong></span> <span class='ocrx_word' id='word_1_471' title='bbox 2361 3324 2470 3379; x_wconf 83' lang='grc' dir='ltr'><strong>τῶν</strong></span> <span class='ocrx_word' id='word_1_472' title='bbox 2527 3325 2866 3395; x_wconf 76' lang='grc' dir='ltr'><strong>τραυμάτων</strong></span> <span class='ocrx_word' id='word_1_473' title='bbox 2923 3326 3226 3382; x_wconf 84' lang='grc' dir='ltr'><strong>ἀπέϐαλεν.</strong></span> <span class='ocrx_word' id='word_1_474' title='bbox 3278 3327 3505 3399; x_wconf 82' lang='grc' dir='ltr'><strong>Ἀνοχὴν</strong></span> <span class='ocrx_word' id='word_1_475' title='bbox 3546 3327 3640 3382; x_wconf 79' lang='grc' dir='ltr'><strong>οὖν</strong></span> 
     </span>
    </p>
   </div>
   <div class='ocr_carea' id='block_1_70' title="bbox 364 3415 1955 3496">
    <p class='ocr_par' dir='ltr' id='par_1_70' title="bbox 364 3423 1955 3496">
     <span class='ocr_line' id='line_1_70' title="bbox 364 3423 1955 3496; baseline 0.002 -17"><span class='ocrx_word' id='word_1_476' title='bbox 364 3424 500 3480; x_wconf 78' lang='lat' dir='ltr'><strong>alias</strong></span> <span class='ocrx_word' id='word_1_477' title='bbox 532 3425 810 3488; x_wconf 88' lang='lat' dir='ltr'><strong>vincebat,</strong></span> <span class='ocrx_word' id='word_1_478' title='bbox 840 3424 976 3479; x_wconf 88' lang='lat' dir='ltr'><strong>alias</strong></span> <span class='ocrx_word' id='word_1_479' title='bbox 999 3423 1372 3493; x_wconf 88' lang='lat' dir='ltr'><strong>repellebatur</strong></span> <span class='ocrx_word' id='word_1_480' title='bbox 1406 3442 1421 3481; x_wconf 87' lang='lat'><strong>:</strong></span> <span class='ocrx_word' id='word_1_481' title='bbox 1452 3425 1754 3493; x_wconf 87' lang='lat' dir='ltr'><strong>aliquando</strong></span> <span class='ocrx_word' id='word_1_482' title='bbox 1787 3441 1955 3496; x_wconf 80' lang='lat' dir='ltr'><strong>eque-</strong></span> 
     </span>
    </p>
   </div>
   <div class='ocr_carea' id='block_1_71' title="bbox 2056 3415 3638 3496">
    <p class='ocr_par' dir='ltr' id='par_1_71' title="bbox 2057 3415 3638 3489">
     <span class='ocr_line' id='line_1_71' title="bbox 2057 3415 3638 3489; baseline 0.002 -19"><span class='ocrx_word' id='word_1_483' title='bbox 2057 3415 2326 3470; x_wconf 76' lang='grc' dir='ltr'><strong>ἄσπονδον</strong></span> <span class='ocrx_word' id='word_1_484' title='bbox 2357 3419 2744 3488; x_wconf 82' lang='grc' dir='ltr'><strong>ποιησάμενοι,</strong></span> <span class='ocrx_word' id='word_1_485' title='bbox 2795 3417 2932 3488; x_wconf 79' lang='grc' dir='ltr'><strong>πρὸς</strong></span> <span class='ocrx_word' id='word_1_486' title='bbox 2979 3418 3078 3486; x_wconf 82' lang='grc' dir='ltr'><strong>τὴν</strong></span> <span class='ocrx_word' id='word_1_487' title='bbox 3111 3419 3432 3489; x_wconf 87' lang='grc' dir='ltr'><strong>συμμαχίδα</strong></span> <span class='ocrx_word' id='word_1_488' title='bbox 3486 3421 3638 3488; x_wconf 54' lang='grc' dir='ltr'><strong>σφῶν</strong></span> 
     </span>
    </p>
   </div>
   <div class='ocr_carea' id='block_1_72' title="bbox 367 3507 1955 3590">
    <p class='ocr_par' dir='ltr' id='par_1_72' title="bbox 367 3515 1954 3590">
     <span class='ocr_line' id='line_1_72' title="bbox 367 3515 1954 3590; baseline 0.001 -17"><span class='ocrx_word' id='word_1_489' title='bbox 367 3517 468 3573; x_wconf 85' lang='lat' dir='ltr'><strong>stri</strong></span> <span class='ocrx_word' id='word_1_490' title='bbox 519 3516 822 3571; x_wconf 86' lang='lat' dir='ltr'><strong>certamine</strong></span> <span class='ocrx_word' id='word_1_491' title='bbox 861 3530 892 3570; x_wconf 91' lang='lat' dir='ltr'><strong>a</strong></span> <span class='ocrx_word' id='word_1_492' title='bbox 945 3515 1134 3585; x_wconf 89' lang='lat' dir='ltr'><strong>Longo</strong></span> <span class='ocrx_word' id='word_1_493' title='bbox 1194 3515 1396 3582; x_wconf 89' lang='lat' dir='ltr'><strong>victus,</strong></span> <span class='ocrx_word' id='word_1_494' title='bbox 1461 3517 1664 3572; x_wconf 86' lang='lat' dir='ltr'><strong>vulnus</strong></span> <span class='ocrx_word' id='word_1_495' title='bbox 1719 3521 1954 3590; x_wconf 87' lang='lat' dir='ltr'><strong>accepit.</strong></span> 
     </span>
    </p>
   </div>
   <div class='ocr_carea' id='block_1_73' title="bbox 2056 3507 3638 3590">
    <p class='ocr_par' dir='ltr' id='par_1_73' title="bbox 2057 3507 3638 3582">
     <span class='ocr_line' id='line_1_73' title="bbox 2057 3507 3638 3582; baseline 0.003 -23"><span class='ocrx_word' id='word_1_496' title='bbox 2057 3507 2309 3579; x_wconf 90' lang='grc' dir='ltr'><strong>ἐκάτεροι</strong></span> <span class='ocrx_word' id='word_1_497' title='bbox 2335 3507 2649 3580; x_wconf 85' lang='grc' dir='ltr'><strong>ἐχώρησαν,</strong></span> <span class='ocrx_word' id='word_1_498' title='bbox 2677 3511 2780 3563; x_wconf 87' lang='grc' dir='ltr'><strong>κάν</strong></span> <span class='ocrx_word' id='word_1_499' title='bbox 2810 3513 2930 3573; x_wconf 86' lang='grc' dir='ltr'><strong>ταῖς</strong></span> <span class='ocrx_word' id='word_1_500' title='bbox 2975 3511 3196 3564; x_wconf 84' lang='grc' dir='ltr'><strong>πόλεσιν</strong></span> <span class='ocrx_word' id='word_1_501' title='bbox 3255 3512 3433 3564; x_wconf 78' lang='grc' dir='ltr'><strong>αὐτῶν</strong></span> <span class='ocrx_word' id='word_1_502' title='bbox 3491 3512 3638 3582; x_wconf 89' lang='grc' dir='ltr'><strong>ἐχεί-</strong></span> 
     </span>
    </p>
   </div>
   <div class='ocr_carea' id='block_1_74' title="bbox 369 3599 1955 3683">
    <p class='ocr_par' dir='ltr' id='par_1_74' title="bbox 369 3609 1955 3683">
     <span class='ocr_line' id='line_1_74' title="bbox 369 3609 1955 3683; baseline 0.001 -15"><span class='ocrx_word' id='word_1_503' title='bbox 369 3609 528 3668; x_wconf 87' lang='lat' dir='ltr'><strong>Unde</strong></span> <span class='ocrx_word' id='word_1_504' title='bbox 555 3609 780 3679; x_wconf 91' lang='lat' dir='ltr'><strong>quidam</strong></span> <span class='ocrx_word' id='word_1_505' title='bbox 801 3625 868 3664; x_wconf 82' lang='lat' dir='ltr'><strong>ex</strong></span> <span class='ocrx_word' id='word_1_506' title='bbox 899 3609 1166 3664; x_wconf 80' lang='lat' dir='ltr'><strong>Romanis</strong></span> <span class='ocrx_word' id='word_1_507' title='bbox 1195 3617 1414 3680; x_wconf 89' lang='lat' dir='ltr'><strong>sumpta</strong></span> <span class='ocrx_word' id='word_1_508' title='bbox 1444 3609 1663 3675; x_wconf 83' lang='lat' dir='ltr'><strong>fiducia,</strong></span> <span class='ocrx_word' id='word_1_509' title='bbox 1703 3627 1802 3683; x_wconf 90' lang='lat' dir='ltr'><strong>per</strong></span> <span class='ocrx_word' id='word_1_510' title='bbox 1835 3628 1955 3670; x_wconf 87' lang='lat' dir='ltr'><strong>sese</strong></span> 
     </span>
    </p>
   </div>
   <div class='ocr_carea' id='block_1_75' title="bbox 2056 3599 3637 3683">
    <p class='ocr_par' dir='ltr' id='par_1_75' title="bbox 2061 3599 3637 3673">
     <span class='ocr_line' id='line_1_75' title="bbox 2061 3599 3637 3673; baseline 0.003 -22"><span class='ocrx_word' id='word_1_511' title='bbox 2061 3599 2257 3670; x_wconf 79' lang='grc' dir='ltr'><strong>μαζον.</strong></span> <span class='ocrx_word' id='word_1_512' title='bbox 2283 3600 2395 3653; x_wconf 83' lang='grc' dir='ltr'><strong>Καὶ</strong></span> <span class='ocrx_word' id='word_1_513' title='bbox 2423 3602 2537 3665; x_wconf 83' lang='grc' dir='ltr'><strong>τοῖς</strong></span> <span class='ocrx_word' id='word_1_514' title='bbox 2585 3600 2686 3670; x_wconf 83' lang='grc' dir='ltr'><strong>μὲν</strong></span> <span class='ocrx_word' id='word_1_515' title='bbox 2726 3601 3024 3671; x_wconf 85' lang='grc' dir='ltr'><strong>Ῥωμαίοις</strong></span> <span class='ocrx_word' id='word_1_516' title='bbox 3071 3601 3282 3669; x_wconf 88' lang='grc' dir='ltr'><strong>άφθονα</strong></span> <span class='ocrx_word' id='word_1_517' title='bbox 3327 3603 3518 3673; x_wconf 81' lang='grc' dir='ltr'><strong>ἐφοίτα</strong></span> <span class='ocrx_word' id='word_1_518' title='bbox 3565 3602 3637 3656; x_wconf 87' lang='grc' dir='ltr'><strong>τά</strong></span> 
     </span>
    </p>
   </div>
   <div class='ocr_carea' id='block_1_76' title="bbox 367 3691 1955 3772">
    <p class='ocr_par' dir='ltr' id='par_1_76' title="bbox 367 3701 1954 3772">
     <span class='ocr_line' id='line_1_76' title="bbox 367 3701 1954 3772; baseline 0.003 -17"><span class='ocrx_word' id='word_1_519' title='bbox 367 3710 563 3756; x_wconf 90' lang='lat' dir='ltr'><strong>contra</strong></span> <span class='ocrx_word' id='word_1_520' title='bbox 603 3715 729 3756; x_wconf 91' lang='lat' dir='ltr'><strong>eum</strong></span> <span class='ocrx_word' id='word_1_521' title='bbox 767 3701 969 3756; x_wconf 66' lang='lat' dir='ltr'><strong>muenia</strong></span> <span class='ocrx_word' id='word_1_522' title='bbox 1020 3711 1804 3772; x_wconf 87' lang='lat' dir='ltr'><strong>oppugnantem,eruperunt.</strong></span> <span class='ocrx_word' id='word_1_523' title='bbox 1842 3704 1954 3760; x_wconf 89' lang='lat' dir='ltr'><strong>Sed</strong></span> 
     </span>
    </p>
   </div>
   <div class='ocr_carea' id='block_1_77' title="bbox 2056 3691 3638 3772">
    <p class='ocr_par' dir='ltr' id='par_1_77' title="bbox 2056 3691 3638 3767">
     <span class='ocr_line' id='line_1_77' title="bbox 2056 3691 3638 3767; baseline 0.003 -23"><span class='ocrx_word' id='word_1_524' title='bbox 2056 3693 2361 3762; x_wconf 76' lang='grc' dir='ltr'><strong>ἐπιτήδειαο</strong></span> <span class='ocrx_word' id='word_1_525' title='bbox 2381 3691 2440 3746; x_wconf 88' lang='lat'><strong>&#39;0</strong></span> <span class='ocrx_word' id='word_1_526' title='bbox 2461 3692 2508 3747; x_wconf 84' lang='grc' dir='ltr'><strong>δ’</strong></span> <span class='ocrx_word' id='word_1_527' title='bbox 2537 3694 2810 3760; x_wconf 85' lang='grc' dir='ltr'><strong>Ἀννίϐας,</strong></span> <span class='ocrx_word' id='word_1_528' title='bbox 2839 3695 2940 3748; x_wconf 85' lang='grc' dir='ltr'><strong>οὐκ</strong></span> <span class='ocrx_word' id='word_1_529' title='bbox 2963 3694 3306 3767; x_wconf 85' lang='grc' dir='ltr'><strong>ἀρκούμενος</strong></span> <span class='ocrx_word' id='word_1_530' title='bbox 3343 3698 3458 3760; x_wconf 85' lang='grc' dir='ltr'><strong>τοῖς</strong></span> <span class='ocrx_word' id='word_1_531' title='bbox 3485 3697 3638 3766; x_wconf 89' lang='grc' dir='ltr'><strong>παρά</strong></span> 
     </span>
    </p>
   </div>
   <div class='ocr_carea' id='block_1_78' title="bbox 366 3781 1955 3860">
    <p class='ocr_par' dir='ltr' id='par_1_78' title="bbox 366 3790 1955 3860">
     <span class='ocr_line' id='line_1_78' title="bbox 366 3790 1955 3860; baseline 0.003 -13"><span class='ocrx_word' id='word_1_532' title='bbox 366 3802 423 3848; x_wconf 91' lang='lat' dir='ltr'><strong>et</strong></span> <span class='ocrx_word' id='word_1_533' title='bbox 472 3793 548 3846; x_wconf 91' lang='lat' dir='ltr'><strong>illi</strong></span> <span class='ocrx_word' id='word_1_534' title='bbox 583 3793 708 3848; x_wconf 64' lang='lat' dir='ltr'><strong>caesi</strong></span> <span class='ocrx_word' id='word_1_535' title='bbox 735 3803 885 3856; x_wconf 88' lang='lat' dir='ltr'><strong>sunt,</strong></span> <span class='ocrx_word' id='word_1_536' title='bbox 911 3799 967 3847; x_wconf 92' lang='lat' dir='ltr'><strong>et</strong></span> <span class='ocrx_word' id='word_1_537' title='bbox 1000 3790 1262 3860; x_wconf 86' lang='lat' dir='ltr'><strong>oppidum</strong></span> <span class='ocrx_word' id='word_1_538' title='bbox 1287 3790 1431 3847; x_wconf 86' lang='lat' dir='ltr'><strong>facta</strong></span> <span class='ocrx_word' id='word_1_539' title='bbox 1488 3793 1770 3849; x_wconf 88' lang='lat' dir='ltr'><strong>deditione</strong></span> <span class='ocrx_word' id='word_1_540' title='bbox 1797 3810 1955 3851; x_wconf 87' lang='lat' dir='ltr'><strong>ever-</strong></span> 
     </span>
    </p>
   </div>
   <div class='ocr_carea' id='block_1_79' title="bbox 2056 3781 3637 3860">
    <p class='ocr_par' dir='ltr' id='par_1_79' title="bbox 2056 3781 3637 3857">
     <span class='ocr_line' id='line_1_79' title="bbox 2056 3781 3637 3857; baseline 0.004 -23"><span class='ocrx_word' id='word_1_541' title='bbox 2056 3781 2165 3835; x_wconf 88' lang='grc' dir='ltr'><strong>τῶν</strong></span> <span class='ocrx_word' id='word_1_542' title='bbox 2192 3783 2500 3854; x_wconf 88' lang='grc' dir='ltr'><strong>συμμάχων</strong></span> <span class='ocrx_word' id='word_1_543' title='bbox 2526 3783 2855 3854; x_wconf 82' lang='grc' dir='ltr'><strong>διδομένοις,</strong></span> <span class='ocrx_word' id='word_1_544' title='bbox 2889 3786 3009 3848; x_wconf 88' lang='grc' dir='ltr'><strong>ταῖς</strong></span> <span class='ocrx_word' id='word_1_545' title='bbox 3031 3802 3092 3838; x_wconf 88' lang='grc' dir='ltr'><strong>τε</strong></span> <span class='ocrx_word' id='word_1_546' title='bbox 3133 3785 3351 3857; x_wconf 85' lang='grc' dir='ltr'><strong>κώμαις</strong></span> <span class='ocrx_word' id='word_1_547' title='bbox 3389 3788 3485 3841; x_wconf 75' lang='grc' dir='ltr'><strong>καὶ</strong></span> <span class='ocrx_word' id='word_1_548' title='bbox 3514 3790 3637 3849; x_wconf 85' lang='grc' dir='ltr'><strong>ταῖς</strong></span> 
     </span>
    </p>
   </div>
   <div class='ocr_carea' id='block_1_80' title="bbox 367 3874 1955 3952">
    <p class='ocr_par' dir='ltr' id='par_1_80' title="bbox 367 3882 1955 3952">
     <span class='ocr_line' id='line_1_80' title="bbox 367 3882 1955 3952; baseline 0.001 -14"><span class='ocrx_word' id='word_1_549' title='bbox 367 3897 490 3938; x_wconf 83' lang='lat' dir='ltr'><strong>sum</strong></span> <span class='ocrx_word' id='word_1_550' title='bbox 517 3898 534 3937; x_wconf 89' lang='lat'><strong>:</strong></span> <span class='ocrx_word' id='word_1_551' title='bbox 559 3892 616 3937; x_wconf 91' lang='lat' dir='ltr'><strong>et</strong></span> <span class='ocrx_word' id='word_1_552' title='bbox 649 3899 715 3938; x_wconf 83' lang='lat' dir='ltr'><strong>ex</strong></span> <span class='ocrx_word' id='word_1_553' title='bbox 745 3882 980 3952; x_wconf 86' lang='lat' dir='ltr'><strong>captivis</strong></span> <span class='ocrx_word' id='word_1_554' title='bbox 1008 3882 1240 3937; x_wconf 83' lang='lat' dir='ltr'><strong>Romani</strong></span> <span class='ocrx_word' id='word_1_555' title='bbox 1279 3895 1472 3938; x_wconf 88' lang='lat' dir='ltr'><strong>omnes</strong></span> <span class='ocrx_word' id='word_1_556' title='bbox 1516 3883 1816 3950; x_wconf 81' lang='lat' dir='ltr'><strong>interfecti,</strong></span> <span class='ocrx_word' id='word_1_557' title='bbox 1850 3900 1955 3940; x_wconf 70' lang='lat' dir='ltr'><strong>ca:-</strong></span> 
     </span>
    </p>
   </div>
   <div class='ocr_carea' id='block_1_81' title="bbox 2056 3874 3627 3952">
    <p class='ocr_par' dir='ltr' id='par_1_81' title="bbox 2056 3874 3627 3952">
     <span class='ocr_line' id='line_1_81' title="bbox 2056 3874 3627 3952; baseline 0.006 -26"><span class='ocrx_word' id='word_1_558' title='bbox 2056 3874 2248 3928; x_wconf 87' lang='grc' dir='ltr'><strong>πόλεσι</strong></span> <span class='ocrx_word' id='word_1_559' title='bbox 2284 3875 2392 3929; x_wconf 88' lang='grc' dir='ltr'><strong>τῶν</strong></span> <span class='ocrx_word' id='word_1_560' title='bbox 2435 3875 2727 3946; x_wconf 87' lang='grc' dir='ltr'><strong>Ῥωμαίων</strong></span> <span class='ocrx_word' id='word_1_561' title='bbox 2755 3879 3140 3948; x_wconf 80' lang='grc' dir='ltr'><strong>προσπίπτων,</strong></span> <span class='ocrx_word' id='word_1_562' title='bbox 3164 3879 3234 3932; x_wconf 87' lang='grc' dir='ltr'><strong>τά</strong></span> <span class='ocrx_word' id='word_1_563' title='bbox 3253 3879 3354 3949; x_wconf 78' lang='grc' dir='ltr'><strong>μὲν</strong></span> <span class='ocrx_word' id='word_1_564' title='bbox 3378 3882 3627 3952; x_wconf 82' lang='grc' dir='ltr'><strong>ἐκράτει,</strong></span> 
     </span>
    </p>
   </div>
   <div class='ocr_carea' id='block_1_82' title="bbox 366 3964 1955 4044">
    <p class='ocr_par' dir='ltr' id='par_1_82' title="bbox 366 3971 1953 4043">
     <span class='ocr_line' id='line_1_82' title="bbox 366 3971 1953 4043; baseline 0.004 -17"><span class='ocrx_word' id='word_1_565' title='bbox 366 3971 471 4026; x_wconf 85' lang='lat' dir='ltr'><strong>teri</strong></span> <span class='ocrx_word' id='word_1_566' title='bbox 493 3971 726 4026; x_wconf 88' lang='lat' dir='ltr'><strong>dimissi.</strong></span> <span class='ocrx_word' id='word_1_567' title='bbox 753 3972 1013 4027; x_wconf 90' lang='lat' dir='ltr'><strong>Eamdem</strong></span> <span class='ocrx_word' id='word_1_568' title='bbox 1046 3972 1315 4028; x_wconf 88' lang='lat' dir='ltr'><strong>rationem</strong></span> <span class='ocrx_word' id='word_1_569' title='bbox 1354 3973 1410 4027; x_wconf 90' lang='lat' dir='ltr'><strong>in</strong></span> <span class='ocrx_word' id='word_1_570' title='bbox 1432 3973 1692 4030; x_wconf 91' lang='lat' dir='ltr'><strong>omnibus</strong></span> <span class='ocrx_word' id='word_1_571' title='bbox 1721 3975 1953 4043; x_wconf 86' lang='lat' dir='ltr'><strong>captivis</strong></span> 
     </span>
    </p>
   </div>
   <div class='ocr_carea' id='block_1_83' title="bbox 2056 3964 3632 4044">
    <p class='ocr_par' dir='ltr' id='par_1_83' title="bbox 2056 3964 3632 4044">
     <span class='ocr_line' id='line_1_83' title="bbox 2056 3964 3632 4044; baseline 0.005 -25"><span class='ocrx_word' id='word_1_572' title='bbox 2056 3964 2122 4019; x_wconf 84' lang='grc' dir='ltr'><strong>τὰ</strong></span> <span class='ocrx_word' id='word_1_573' title='bbox 2145 3965 2191 4020; x_wconf 82' lang='grc' dir='ltr'><strong>δ’</strong></span> <span class='ocrx_word' id='word_1_574' title='bbox 2241 3966 2603 4036; x_wconf 83' lang='grc' dir='ltr'><strong>ἀπεκρούετο,</strong></span> <span class='ocrx_word' id='word_1_575' title='bbox 2658 3967 2753 4022; x_wconf 86' lang='grc' dir='ltr'><strong>καί</strong></span> <span class='ocrx_word' id='word_1_576' title='bbox 2814 3985 2950 4022; x_wconf 87' lang='grc' dir='ltr'><strong>ποτε</strong></span> <span class='ocrx_word' id='word_1_577' title='bbox 2997 3970 3076 4042; x_wconf 86' lang='grc' dir='ltr'><strong>τῷ</strong></span> <span class='ocrx_word' id='word_1_578' title='bbox 3124 3971 3339 4044; x_wconf 75' lang='grc' dir='ltr'><strong>ἱππικῷ</strong></span> <span class='ocrx_word' id='word_1_579' title='bbox 3376 3973 3482 4026; x_wconf 78' lang='grc' dir='ltr'><strong>ὑπὸ</strong></span> <span class='ocrx_word' id='word_1_580' title='bbox 3536 3973 3632 4026; x_wconf 83' lang='grc' dir='ltr'><strong>τοῦ</strong></span> 
     </span>
    </p>
   </div>
   <div class='ocr_carea' id='block_1_84' title="bbox 365 4059 1955 4134">
    <p class='ocr_par' dir='ltr' id='par_1_84' title="bbox 365 4063 1951 4134">
     <span class='ocr_line' id='line_1_84' title="bbox 365 4063 1951 4134; baseline 0.004 -18"><span class='ocrx_word' id='word_1_581' title='bbox 365 4063 700 4128; x_wconf 83' lang='lat' dir='ltr'><strong>observavit,</strong></span> <span class='ocrx_word' id='word_1_582' title='bbox 736 4073 799 4119; x_wconf 86' lang='lat' dir='ltr'><strong>ut</strong></span> <span class='ocrx_word' id='word_1_583' title='bbox 823 4079 922 4133; x_wconf 86' lang='lat' dir='ltr'><strong>per</strong></span> <span class='ocrx_word' id='word_1_584' title='bbox 954 4079 1050 4119; x_wconf 89' lang='lat' dir='ltr'><strong>eos</strong></span> <span class='ocrx_word' id='word_1_585' title='bbox 1074 4064 1242 4120; x_wconf 90' lang='lat' dir='ltr'><strong>urbes</strong></span> <span class='ocrx_word' id='word_1_586' title='bbox 1270 4064 1376 4120; x_wconf 88' lang='lat' dir='ltr'><strong>sibi</strong></span> <span class='ocrx_word' id='word_1_587' title='bbox 1428 4065 1772 4121; x_wconf 89' lang='lat' dir='ltr'><strong>conciliaret.</strong></span> <span class='ocrx_word' id='word_1_588' title='bbox 1801 4066 1951 4134; x_wconf 84' lang='lat' dir='ltr'><strong>Quin</strong></span> 
     </span>
    </p>
   </div>
   <div class='ocr_carea' id='block_1_85' title="bbox 2056 4059 3638 4134">
    <p class='ocr_par' dir='ltr' id='par_1_85' title="bbox 2056 4059 3638 4134">
     <span class='ocr_line' id='line_1_85' title="bbox 2056 4059 3638 4134; baseline 0.004 -21"><span class='ocrx_word' id='word_1_589' title='bbox 2056 4060 2266 4128; x_wconf 89' lang='grc' dir='ltr'><strong>Λόγγου</strong></span> <span class='ocrx_word' id='word_1_590' title='bbox 2298 4059 2543 4130; x_wconf 74' lang='grc' dir='ltr'><strong>νικηθεὶς</strong></span> <span class='ocrx_word' id='word_1_591' title='bbox 2577 4059 2818 4132; x_wconf 84' lang='grc' dir='ltr'><strong>ἐτρώθη.</strong></span> <span class='ocrx_word' id='word_1_592' title='bbox 2853 4062 3246 4134; x_wconf 78' lang='grc' dir='ltr'><strong>Θαρσήσαντες</strong></span> <span class='ocrx_word' id='word_1_593' title='bbox 3290 4060 3384 4118; x_wconf 82' lang='grc' dir='ltr'><strong>οὖν</strong></span> <span class='ocrx_word' id='word_1_594' title='bbox 3418 4067 3482 4120; x_wconf 80' lang='grc' dir='ltr'><strong>ὲκ</strong></span> <span class='ocrx_word' id='word_1_595' title='bbox 3512 4065 3638 4120; x_wconf 88' lang='grc' dir='ltr'><strong>τού-</strong></span> 
     </span>
    </p>
   </div>
   <div class='ocr_carea' id='block_1_86' title="bbox 363 4148 1955 4228">
    <p class='ocr_par' dir='ltr' id='par_1_86' title="bbox 363 4154 1949 4228">
     <span class='ocr_line' id='line_1_86' title="bbox 363 4154 1949 4228; baseline 0.001 -19"><span class='ocrx_word' id='word_1_596' title='bbox 363 4171 433 4210; x_wconf 82' lang='lat' dir='ltr'><strong>ex</strong></span> <span class='ocrx_word' id='word_1_597' title='bbox 460 4155 688 4225; x_wconf 90' lang='lat' dir='ltr'><strong>reliquis</strong></span> <span class='ocrx_word' id='word_1_598' title='bbox 720 4156 887 4211; x_wconf 88' lang='lat' dir='ltr'><strong>etiam</strong></span> <span class='ocrx_word' id='word_1_599' title='bbox 901 4154 1092 4220; x_wconf 88' lang='lat' dir='ltr'><strong>Gallis,</strong></span> <span class='ocrx_word' id='word_1_600' title='bbox 1116 4154 1412 4228; x_wconf 87' lang='lat' dir='ltr'><strong>Liguribus</strong></span> <span class='ocrx_word' id='word_1_601' title='bbox 1425 4164 1482 4211; x_wconf 89' lang='lat' dir='ltr'><strong>et</strong></span> <span class='ocrx_word' id='word_1_602' title='bbox 1505 4157 1949 4226; x_wconf 55' lang='lat' dir='ltr'><strong>Etrusciszmulti,</strong></span> 
     </span>
    </p>
   </div>
   <div class='ocr_carea' id='block_1_87' title="bbox 2056 4148 3636 4228">
    <p class='ocr_par' dir='ltr' id='par_1_87' title="bbox 2056 4148 3636 4222">
     <span class='ocr_line' id='line_1_87' title="bbox 2056 4148 3636 4222; baseline 0.005 -19"><span class='ocrx_word' id='word_1_603' title='bbox 2056 4166 2147 4203; x_wconf 87' lang='grc' dir='ltr'><strong>του</strong></span> <span class='ocrx_word' id='word_1_604' title='bbox 2177 4148 2324 4214; x_wconf 83' lang='grc' dir='ltr'><strong>τινές</strong></span> <span class='ocrx_word' id='word_1_605' title='bbox 2353 4151 2464 4204; x_wconf 85' lang='grc' dir='ltr'><strong>τῶν</strong></span> <span class='ocrx_word' id='word_1_606' title='bbox 2511 4148 2823 4220; x_wconf 84' lang='grc' dir='ltr'><strong>Ῥωμαίων,</strong></span> <span class='ocrx_word' id='word_1_607' title='bbox 2847 4151 2942 4205; x_wconf 78' lang='grc' dir='ltr'><strong>καὶ</strong></span> <span class='ocrx_word' id='word_1_608' title='bbox 2991 4152 3112 4207; x_wconf 84' lang='grc' dir='ltr'><strong>καθ’</strong></span> <span class='ocrx_word' id='word_1_609' title='bbox 3177 4155 3408 4218; x_wconf 81' lang='grc' dir='ltr'><strong>ἑαυτούς</strong></span> <span class='ocrx_word' id='word_1_610' title='bbox 3461 4174 3636 4222; x_wconf 79' lang='grc' dir='ltr'><strong>προσ-</strong></span> 
     </span>
    </p>
   </div>
   <div class='ocr_carea' id='block_1_88' title="bbox 365 4241 1955 4321">
    <p class='ocr_par' dir='ltr' id='par_1_88' title="bbox 365 4246 1954 4321">
     <span class='ocr_line' id='line_1_88' title="bbox 365 4246 1954 4321; baseline 0.003 -18"><span class='ocrx_word' id='word_1_611' title='bbox 365 4248 630 4303; x_wconf 78' lang='lat' dir='ltr'><strong>Romanis</strong></span> <span class='ocrx_word' id='word_1_612' title='bbox 664 4248 721 4302; x_wconf 90' lang='lat' dir='ltr'><strong>in</strong></span> <span class='ocrx_word' id='word_1_613' title='bbox 759 4246 875 4303; x_wconf 89' lang='lat' dir='ltr'><strong>suis</strong></span> <span class='ocrx_word' id='word_1_614' title='bbox 901 4247 1121 4318; x_wconf 91' lang='lat' dir='ltr'><strong>oppidis</strong></span> <span class='ocrx_word' id='word_1_615' title='bbox 1144 4249 1344 4319; x_wconf 88' lang='lat' dir='ltr'><strong>partim</strong></span> <span class='ocrx_word' id='word_1_616' title='bbox 1368 4249 1587 4318; x_wconf 88' lang='lat' dir='ltr'><strong>occisis,</strong></span> <span class='ocrx_word' id='word_1_617' title='bbox 1633 4253 1832 4321; x_wconf 89' lang='lat' dir='ltr'><strong>partim</strong></span> <span class='ocrx_word' id='word_1_618' title='bbox 1858 4252 1954 4308; x_wconf 90' lang='lat' dir='ltr'><strong>de-</strong></span> 
     </span>
    </p>
   </div>
   <div class='ocr_carea' id='block_1_89' title="bbox 2056 4241 3635 4321">
    <p class='ocr_par' dir='ltr' id='par_1_89' title="bbox 2056 4241 3635 4319">
     <span class='ocr_line' id='line_1_89' title="bbox 2056 4241 3635 4319; baseline 0.004 -25"><span class='ocrx_word' id='word_1_619' title='bbox 2056 4241 2304 4296; x_wconf 84' lang='grc' dir='ltr'><strong>ϐἀλλοντι</strong></span> <span class='ocrx_word' id='word_1_620' title='bbox 2358 4241 2544 4304; x_wconf 81' lang='grc' dir='ltr'><strong>αὐτοῖς</strong></span> <span class='ocrx_word' id='word_1_621' title='bbox 2576 4241 2874 4310; x_wconf 81' lang='grc' dir='ltr'><strong>ἐπεξῆλθον</strong></span> <span class='ocrx_word' id='word_1_622' title='bbox 2903 4280 2920 4307; x_wconf 86' lang='grc'><strong>,</strong></span> <span class='ocrx_word' id='word_1_623' title='bbox 2953 4242 3240 4309; x_wconf 87' lang='grc' dir='ltr'><strong>κάκείνους</strong></span> <span class='ocrx_word' id='word_1_624' title='bbox 3299 4263 3360 4299; x_wconf 87' lang='grc' dir='ltr'><strong>τε</strong></span> <span class='ocrx_word' id='word_1_625' title='bbox 3392 4246 3635 4319; x_wconf 73' lang='grc' dir='ltr'><strong>ἔφθειρε,</strong></span> 
     </span>
    </p>
   </div>
   <div class='ocr_carea' id='block_1_90' title="bbox 367 4331 1955 4410">
    <p class='ocr_par' dir='ltr' id='par_1_90' title="bbox 367 4338 1952 4410">
     <span class='ocr_line' id='line_1_90' title="bbox 367 4338 1952 4410; baseline 0.006 -17"><span class='ocrx_word' id='word_1_626' title='bbox 367 4338 524 4406; x_wconf 88' lang='lat' dir='ltr'><strong>ditis,</strong></span> <span class='ocrx_word' id='word_1_627' title='bbox 551 4338 901 4395; x_wconf 86' lang='lat' dir='ltr'><strong>defecerunt.</strong></span> <span class='ocrx_word' id='word_1_628' title='bbox 952 4339 1188 4396; x_wconf 84' lang='lat' dir='ltr'><strong>Annibal</strong></span> <span class='ocrx_word' id='word_1_629' title='bbox 1228 4341 1283 4396; x_wconf 89' lang='lat' dir='ltr'><strong>in</strong></span> <span class='ocrx_word' id='word_1_630' title='bbox 1332 4341 1614 4397; x_wconf 88' lang='lat' dir='ltr'><strong>Etruriam</strong></span> <span class='ocrx_word' id='word_1_631' title='bbox 1660 4343 1863 4410; x_wconf 91' lang='lat' dir='ltr'><strong>iturus,</strong></span> <span class='ocrx_word' id='word_1_632' title='bbox 1920 4361 1952 4402; x_wconf 85' lang='lat' dir='ltr'><strong>a</strong></span> 
     </span>
    </p>
   </div>
   <div class='ocr_carea' id='block_1_91' title="bbox 2056 4331 3636 4410">
    <p class='ocr_par' dir='ltr' id='par_1_91' title="bbox 2056 4331 3636 4408">
     <span class='ocr_line' id='line_1_91' title="bbox 2056 4331 3636 4408; baseline 0.004 -20"><span class='ocrx_word' id='word_1_633' title='bbox 2056 4333 2150 4388; x_wconf 74' lang='grc' dir='ltr'><strong>καὶ</strong></span> <span class='ocrx_word' id='word_1_634' title='bbox 2177 4331 2273 4386; x_wconf 79' lang='grc' dir='ltr'><strong>τοῦ</strong></span> <span class='ocrx_word' id='word_1_635' title='bbox 2305 4333 2510 4406; x_wconf 89' lang='grc' dir='ltr'><strong>χωρίου</strong></span> <span class='ocrx_word' id='word_1_636' title='bbox 2541 4332 2809 4404; x_wconf 81' lang='grc' dir='ltr'><strong>ὁμολογίᾳ</strong></span> <span class='ocrx_word' id='word_1_637' title='bbox 2848 4333 3146 4407; x_wconf 82' lang='grc' dir='ltr'><strong>ἐκράτησε.</strong></span> <span class='ocrx_word' id='word_1_638' title='bbox 3177 4336 3289 4391; x_wconf 73' lang='grc' dir='ltr'><strong>Καὶ</strong></span> <span class='ocrx_word' id='word_1_639' title='bbox 3343 4338 3473 4392; x_wconf 83' lang='grc' dir='ltr'><strong>αὐτὸ</strong></span> <span class='ocrx_word' id='word_1_640' title='bbox 3535 4339 3636 4408; x_wconf 82' lang='grc' dir='ltr'><strong>μὲν</strong></span> 
     </span>
    </p>
   </div>
   <div class='ocr_carea' id='block_1_92' title="bbox 368 4423 1955 4501">
    <p class='ocr_par' dir='ltr' id='par_1_92' title="bbox 368 4430 1951 4501">
     <span class='ocr_line' id='line_1_92' title="bbox 368 4430 1951 4501; baseline 0.003 -16"><span class='ocrx_word' id='word_1_641' title='bbox 368 4430 558 4501; x_wconf 84' lang='lat' dir='ltr'><strong>Longo</strong></span> <span class='ocrx_word' id='word_1_642' title='bbox 591 4445 788 4500; x_wconf 87' lang='lat' dir='ltr'><strong>magna</strong></span> <span class='ocrx_word' id='word_1_643' title='bbox 821 4438 1150 4500; x_wconf 87' lang='lat' dir='ltr'><strong>tempestate</strong></span> <span class='ocrx_word' id='word_1_644' title='bbox 1178 4430 1472 4486; x_wconf 90' lang='lat' dir='ltr'><strong>lacessitus</strong></span> <span class='ocrx_word' id='word_1_645' title='bbox 1492 4441 1578 4487; x_wconf 89' lang='lat' dir='ltr'><strong>est</strong></span> <span class='ocrx_word' id='word_1_646' title='bbox 1611 4449 1624 4486; x_wconf 89' lang='lat'>:</span> <span class='ocrx_word' id='word_1_647' title='bbox 1660 4442 1718 4488; x_wconf 89' lang='lat' dir='ltr'><strong>et</strong></span> <span class='ocrx_word' id='word_1_648' title='bbox 1759 4434 1951 4489; x_wconf 89' lang='lat' dir='ltr'><strong>multis</strong></span> 
     </span>
    </p>
   </div>
   <div class='ocr_carea' id='block_1_93' title="bbox 2056 4423 3636 4501">
    <p class='ocr_par' dir='ltr' id='par_1_93' title="bbox 2056 4423 3636 4499">
     <span class='ocr_line' id='line_1_93' title="bbox 2056 4423 3636 4499; baseline 0.001 -21"><span class='ocrx_word' id='word_1_649' title='bbox 2056 4424 2369 4494; x_wconf 80' lang='grc' dir='ltr'><strong>κατέσκαψε</strong></span> <span class='ocrx_word' id='word_1_650' title='bbox 2391 4439 2406 4455; x_wconf 90' lang='grc'><strong>·</strong></span> <span class='ocrx_word' id='word_1_651' title='bbox 2437 4423 2548 4480; x_wconf 85' lang='grc' dir='ltr'><strong>τῶν</strong></span> <span class='ocrx_word' id='word_1_652' title='bbox 2579 4424 2625 4478; x_wconf 87' lang='grc' dir='ltr'><strong>δ’</strong></span> <span class='ocrx_word' id='word_1_653' title='bbox 2654 4425 3018 4496; x_wconf 75' lang='grc' dir='ltr'><strong>αἰχμαλώτων</strong></span> <span class='ocrx_word' id='word_1_654' title='bbox 3043 4427 3170 4491; x_wconf 80' lang='grc' dir='ltr'><strong>τοὺς</strong></span> <span class='ocrx_word' id='word_1_655' title='bbox 3197 4427 3298 4499; x_wconf 79' lang='grc' dir='ltr'><strong>μὲν</strong></span> <span class='ocrx_word' id='word_1_656' title='bbox 3332 4426 3636 4499; x_wconf 84' lang='grc' dir='ltr'><strong>Ῥωμαίους</strong></span> 
     </span>
    </p>
   </div>
   <div class='ocr_carea' id='block_1_94' title="bbox 369 4515 1955 4593">
    <p class='ocr_par' dir='ltr' id='par_1_94' title="bbox 369 4521 1949 4593">
     <span class='ocr_line' id='line_1_94' title="bbox 369 4521 1949 4593; baseline 0.003 -17"><span class='ocrx_word' id='word_1_657' title='bbox 369 4523 634 4592; x_wconf 88' lang='lat' dir='ltr'><strong>utrinque</strong></span> <span class='ocrx_word' id='word_1_658' title='bbox 687 4521 866 4586; x_wconf 65' lang='lat' dir='ltr'><strong>caesis,</strong></span> <span class='ocrx_word' id='word_1_659' title='bbox 909 4522 964 4576; x_wconf 91' lang='lat' dir='ltr'><strong>in</strong></span> <span class='ocrx_word' id='word_1_660' title='bbox 993 4521 1270 4592; x_wconf 80' lang='lat' dir='ltr'><strong>Liguriam</strong></span> <span class='ocrx_word' id='word_1_661' title='bbox 1314 4523 1619 4593; x_wconf 89' lang='lat' dir='ltr'><strong>profectus,</strong></span> <span class='ocrx_word' id='word_1_662' title='bbox 1655 4524 1751 4578; x_wconf 93' lang='lat' dir='ltr'><strong>diu</strong></span> <span class='ocrx_word' id='word_1_663' title='bbox 1783 4525 1858 4580; x_wconf 89' lang='lat' dir='ltr'><strong>ibi</strong></span> <span class='ocrx_word' id='word_1_664' title='bbox 1889 4541 1949 4582; x_wconf 90' lang='lat' dir='ltr'><strong>se</strong></span> 
     </span>
    </p>
   </div>
   <div class='ocr_carea' id='block_1_95' title="bbox 2056 4515 3633 4593">
    <p class='ocr_par' dir='ltr' id='par_1_95' title="bbox 2056 4518 3633 4592">
     <span class='ocr_line' id='line_1_95' title="bbox 2056 4518 3633 4592; baseline 0.002 -18"><span class='ocrx_word' id='word_1_665' title='bbox 2056 4519 2372 4585; x_wconf 88' lang='grc' dir='ltr'><strong>ἀπέκτεινε,</strong></span> <span class='ocrx_word' id='word_1_666' title='bbox 2398 4518 2528 4582; x_wconf 78' lang='grc' dir='ltr'><strong>τοὺς</strong></span> <span class='ocrx_word' id='word_1_667' title='bbox 2556 4520 2602 4574; x_wconf 87' lang='grc' dir='ltr'><strong>δ’</strong></span> <span class='ocrx_word' id='word_1_668' title='bbox 2633 4519 2828 4584; x_wconf 80' lang='grc' dir='ltr'><strong>ἀλλους</strong></span> <span class='ocrx_word' id='word_1_669' title='bbox 2851 4522 3053 4590; x_wconf 79' lang='grc' dir='ltr'><strong>ἀφῆκε·</strong></span> <span class='ocrx_word' id='word_1_670' title='bbox 3076 4522 3234 4574; x_wconf 86' lang='grc' dir='ltr'><strong>τοῦτο</strong></span> <span class='ocrx_word' id='word_1_671' title='bbox 3262 4521 3317 4575; x_wconf 85' lang='grc' dir='ltr'><strong>δέ</strong></span> <span class='ocrx_word' id='word_1_672' title='bbox 3343 4523 3428 4592; x_wconf 84' lang='grc' dir='ltr'><strong>ἐφ’</strong></span> <span class='ocrx_word' id='word_1_673' title='bbox 3457 4523 3633 4577; x_wconf 77' lang='grc' dir='ltr'><strong>ἅπασι</strong></span> 
     </span>
    </p>
   </div>
   <div class='ocr_carea' id='block_1_96' title="bbox 365 4611 1955 4684">
    <p class='ocr_par' dir='ltr' id='par_1_96' title="bbox 365 4615 1946 4684">
     <span class='ocr_line' id='line_1_96' title="bbox 365 4615 1946 4684; baseline 0.004 -17"><span class='ocrx_word' id='word_1_674' title='bbox 365 4615 661 4678; x_wconf 75' lang='lat' dir='ltr'><strong>continuit.</strong></span> <span class='ocrx_word' id='word_1_675' title='bbox 687 4629 817 4669; x_wconf 89' lang='lat' dir='ltr'><strong>suos</strong></span> <span class='ocrx_word' id='word_1_676' title='bbox 849 4629 1071 4684; x_wconf 88' lang='lat' dir='ltr'><strong>quoque</strong></span> <span class='ocrx_word' id='word_1_677' title='bbox 1121 4624 1410 4682; x_wconf 88' lang='lat' dir='ltr'><strong>suspectos</strong></span> <span class='ocrx_word' id='word_1_678' title='bbox 1450 4615 1684 4680; x_wconf 89' lang='lat' dir='ltr'><strong>habens,</strong></span> <span class='ocrx_word' id='word_1_679' title='bbox 1735 4617 1946 4674; x_wconf 90' lang='lat' dir='ltr'><strong>nemini</strong></span> 
     </span>
    </p>
   </div>
   <div class='ocr_carea' id='block_1_97' title="bbox 2056 4611 3635 4684">
    <p class='ocr_par' dir='ltr' id='par_1_97' title="bbox 2056 4611 3635 4683">
     <span class='ocr_line' id='line_1_97' title="bbox 2056 4611 3635 4683; baseline 0.001 -17"><span class='ocrx_word' id='word_1_680' title='bbox 2056 4613 2168 4676; x_wconf 81' lang='grc' dir='ltr'><strong>τοῖς</strong></span> <span class='ocrx_word' id='word_1_681' title='bbox 2198 4612 2610 4683; x_wconf 78' lang='grc' dir='ltr'><strong>ζωγρουμένοις</strong></span> <span class='ocrx_word' id='word_1_682' title='bbox 2644 4611 2841 4676; x_wconf 90' lang='grc' dir='ltr'><strong>ἐποίει,</strong></span> <span class='ocrx_word' id='word_1_683' title='bbox 2872 4612 2973 4676; x_wconf 90' lang='grc' dir='ltr'><strong>τὰς</strong></span> <span class='ocrx_word' id='word_1_684' title='bbox 2999 4612 3188 4676; x_wconf 87' lang='grc' dir='ltr'><strong>πόλεις</strong></span> <span class='ocrx_word' id='word_1_685' title='bbox 3230 4613 3297 4667; x_wconf 86' lang='grc' dir='ltr'><strong>δι’</strong></span> <span class='ocrx_word' id='word_1_686' title='bbox 3343 4614 3526 4667; x_wconf 83' lang='grc' dir='ltr'><strong>αὐτῶν</strong></span> <span class='ocrx_word' id='word_1_687' title='bbox 3551 4617 3635 4668; x_wconf 77' lang='grc' dir='ltr'><strong>οἱ·</strong></span> 
     </span>
    </p>
   </div>
   <div class='ocr_carea' id='block_1_98' title="bbox 366 4705 1955 4781">
    <p class='ocr_par' dir='ltr' id='par_1_98' title="bbox 366 4705 1947 4781">
     <span class='ocr_line' id='line_1_98' title="bbox 366 4705 1947 4781; baseline 0.003 -20"><span class='ocrx_word' id='word_1_688' title='bbox 366 4720 572 4761; x_wconf 82' lang='lat' dir='ltr'><strong>icmere</strong></span> <span class='ocrx_word' id='word_1_689' title='bbox 607 4706 876 4760; x_wconf 88' lang='lat' dir='ltr'><strong>credens:</strong></span> <span class='ocrx_word' id='word_1_690' title='bbox 902 4705 997 4761; x_wconf 87' lang='lat' dir='ltr'><strong>sed</strong></span> <span class='ocrx_word' id='word_1_691' title='bbox 1020 4715 1075 4761; x_wconf 87' lang='lat' dir='ltr'><strong>ct</strong></span> <span class='ocrx_word' id='word_1_692' title='bbox 1119 4719 1270 4764; x_wconf 86' lang='lat' dir='ltr'><strong>veste</strong></span> <span class='ocrx_word' id='word_1_693' title='bbox 1301 4718 1512 4764; x_wconf 86' lang='lat' dir='ltr'><strong>mutata</strong></span> <span class='ocrx_word' id='word_1_694' title='bbox 1566 4719 1622 4765; x_wconf 89' lang='lat' dir='ltr'><strong>et</strong></span> <span class='ocrx_word' id='word_1_695' title='bbox 1659 4724 1816 4765; x_wconf 88' lang='lat' dir='ltr'><strong>coma</strong></span> <span class='ocrx_word' id='word_1_696' title='bbox 1847 4726 1947 4781; x_wconf 85' lang='lat' dir='ltr'><strong>ap-</strong></span> 
     </span>
    </p>
   </div>
   <div class='ocr_carea' id='block_1_99' title="bbox 2056 4705 3636 4781">
    <p class='ocr_par' dir='ltr' id='par_1_99' title="bbox 2056 4705 3636 4776">
     <span class='ocr_line' id='line_1_99' title="bbox 2056 4705 3636 4776; baseline 0.001 -17"><span class='ocrx_word' id='word_1_697' title='bbox 2056 4706 2399 4776; x_wconf 88' lang='grc' dir='ltr'><strong>κειούμενος.</strong></span> <span class='ocrx_word' id='word_1_698' title='bbox 2445 4705 2667 4773; x_wconf 81' lang='grc' dir='ltr'><strong>’Λμέλει</strong></span> <span class='ocrx_word' id='word_1_699' title='bbox 2695 4705 2926 4758; x_wconf 78' lang='grc' dir='ltr'><strong>καὶτῶν</strong></span> <span class='ocrx_word' id='word_1_700' title='bbox 2960 4705 3165 4758; x_wconf 84' lang='grc' dir='ltr'><strong>λοιπῶν</strong></span> <span class='ocrx_word' id='word_1_701' title='bbox 3209 4706 3466 4760; x_wconf 85' lang='grc' dir='ltr'><strong>Γαλατῶν</strong></span> <span class='ocrx_word' id='word_1_702' title='bbox 3504 4707 3636 4761; x_wconf 89' lang='grc' dir='ltr'><strong>πολ-</strong></span> 
     </span>
    </p>
   </div>
   <div class='ocr_carea' id='block_1_100' title="bbox 367 4795 1955 4871">
    <p class='ocr_par' dir='ltr' id='par_1_100' title="bbox 367 4795 1953 4871">
     <span class='ocr_line' id='line_1_100' title="bbox 367 4795 1953 4871; baseline 0.005 -22"><span class='ocrx_word' id='word_1_703' title='bbox 367 4795 613 4867; x_wconf 88' lang='lat' dir='ltr'><strong>posititia</strong></span> <span class='ocrx_word' id='word_1_704' title='bbox 649 4805 829 4862; x_wconf 83' lang='lat' dir='ltr'><strong>utens,</strong></span> <span class='ocrx_word' id='word_1_705' title='bbox 851 4809 908 4851; x_wconf 89' lang='lat' dir='ltr'><strong>et</strong></span> <span class='ocrx_word' id='word_1_706' title='bbox 933 4797 1068 4852; x_wconf 87' lang='lat' dir='ltr'><strong>alias</strong></span> <span class='ocrx_word' id='word_1_707' title='bbox 1095 4799 1205 4853; x_wconf 89' lang='lat' dir='ltr'><strong>alia</strong></span> <span class='ocrx_word' id='word_1_708' title='bbox 1243 4800 1424 4871; x_wconf 88' lang='lat' dir='ltr'><strong>lingua</strong></span> <span class='ocrx_word' id='word_1_709' title='bbox 1475 4801 1709 4871; x_wconf 89' lang='lat' dir='ltr'><strong>loquens</strong></span> <span class='ocrx_word' id='word_1_710' title='bbox 1742 4800 1953 4871; x_wconf 90' lang='lat' dir='ltr'><strong>(plures</strong></span> 
     </span>
    </p>
   </div>
   <div class='ocr_carea' id='block_1_101' title="bbox 2056 4795 3638 4871">
    <p class='ocr_par' dir='ltr' id='par_1_101' title="bbox 2056 4795 3638 4870">
     <span class='ocr_line' id='line_1_101' title="bbox 2056 4795 3638 4870; baseline 0.001 -19"><span class='ocrx_word' id='word_1_711' title='bbox 2056 4797 2136 4851; x_wconf 73' lang='grc' dir='ltr'><strong>λοὶ</strong></span> <span class='ocrx_word' id='word_1_712' title='bbox 2168 4798 2262 4851; x_wconf 76' lang='grc' dir='ltr'><strong>καὶ</strong></span> <span class='ocrx_word' id='word_1_713' title='bbox 2289 4795 2510 4867; x_wconf 84' lang='grc' dir='ltr'><strong>Λιγύων</strong></span> <span class='ocrx_word' id='word_1_714' title='bbox 2541 4798 2637 4852; x_wconf 73' lang='grc' dir='ltr'><strong>καὶ</strong></span> <span class='ocrx_word' id='word_1_715' title='bbox 2665 4797 2965 4870; x_wconf 89' lang='grc' dir='ltr'><strong>Τυρσηνῶν</strong></span> <span class='ocrx_word' id='word_1_716' title='bbox 2997 4800 3124 4863; x_wconf 82' lang='grc' dir='ltr'><strong>τοὺς</strong></span> <span class='ocrx_word' id='word_1_717' title='bbox 3167 4799 3474 4867; x_wconf 89' lang='grc' dir='ltr'><strong>Ῥωμαίους</strong></span> <span class='ocrx_word' id='word_1_718' title='bbox 3510 4801 3638 4864; x_wconf 83' lang='grc' dir='ltr'><strong>τοὺς</strong></span> 
     </span>
    </p>
   </div>
   <div class='ocr_carea' id='block_1_102' title="bbox 363 4887 1955 4960">
    <p class='ocr_par' dir='ltr' id='par_1_102' title="bbox 363 4887 1954 4960">
     <span class='ocr_line' id='line_1_102' title="bbox 363 4887 1954 4960; baseline 0.004 -19"><span class='ocrx_word' id='word_1_719' title='bbox 363 4889 514 4942; x_wconf 81' lang='lat' dir='ltr'><strong>enim</strong></span> <span class='ocrx_word' id='word_1_720' title='bbox 548 4895 732 4952; x_wconf 84' lang='lat' dir='ltr'><strong>norat,</strong></span> <span class='ocrx_word' id='word_1_721' title='bbox 769 4887 1054 4958; x_wconf 89' lang='lat' dir='ltr'><strong>ipsamque</strong></span> <span class='ocrx_word' id='word_1_722' title='bbox 1092 4890 1365 4960; x_wconf 87' lang='lat' dir='ltr'><strong>Latinam)</strong></span> <span class='ocrx_word' id='word_1_723' title='bbox 1395 4900 1452 4946; x_wconf 90' lang='lat' dir='ltr'><strong>et</strong></span> <span class='ocrx_word' id='word_1_724' title='bbox 1497 4901 1663 4947; x_wconf 89' lang='lat' dir='ltr'><strong>noctu</strong></span> <span class='ocrx_word' id='word_1_725' title='bbox 1696 4901 1752 4947; x_wconf 91' lang='lat' dir='ltr'><strong>et</strong></span> <span class='ocrx_word' id='word_1_726' title='bbox 1787 4893 1954 4949; x_wconf 87' lang='lat' dir='ltr'><strong>inter-</strong></span> 
     </span>
    </p>
   </div>
   <div class='ocr_carea' id='block_1_103' title="bbox 2056 4887 3637 4960">
    <p class='ocr_par' dir='ltr' id='par_1_103' title="bbox 2056 4889 3637 4960">
     <span class='ocr_line' id='line_1_103' title="bbox 2056 4889 3637 4960; baseline 0.003 -17"><span class='ocrx_word' id='word_1_727' title='bbox 2056 4890 2185 4959; x_wconf 85' lang='grc' dir='ltr'><strong>παρ’</strong></span> <span class='ocrx_word' id='word_1_728' title='bbox 2216 4889 2404 4952; x_wconf 80' lang='grc' dir='ltr'><strong>αὐτοῖς</strong></span> <span class='ocrx_word' id='word_1_729' title='bbox 2427 4889 2588 4953; x_wconf 69' lang='grc' dir='ltr'><strong>ὄντας</strong></span> <span class='ocrx_word' id='word_1_730' title='bbox 2607 4893 2655 4943; x_wconf 81' lang='lat' dir='ltr'><strong>oi</strong></span> <span class='ocrx_word' id='word_1_731' title='bbox 2687 4889 2784 4960; x_wconf 80' lang='grc' dir='ltr'><strong>μὲν</strong></span> <span class='ocrx_word' id='word_1_732' title='bbox 2808 4891 3170 4959; x_wconf 85' lang='grc' dir='ltr'><strong>φονεύσαντες</strong></span> <span class='ocrx_word' id='word_1_733' title='bbox 3217 4896 3265 4947; x_wconf 78' lang='lat' dir='ltr'><strong>of</strong></span> <span class='ocrx_word' id='word_1_734' title='bbox 3295 4893 3351 4947; x_wconf 79' lang='grc' dir='ltr'><strong>δὲ</strong></span> <span class='ocrx_word' id='word_1_735' title='bbox 3388 4895 3637 4960; x_wconf 86' lang='grc' dir='ltr'><strong>ἐκδόντες</strong></span> 
     </span>
    </p>
   </div>
   <div class='ocr_carea' id='block_1_104' title="bbox 365 4978 1955 5061">
    <p class='ocr_par' dir='ltr' id='par_1_104' title="bbox 365 4978 1949 5052">
     <span class='ocr_line' id='line_1_104' title="bbox 365 4978 1949 5052; baseline 0.003 -19"><span class='ocrx_word' id='word_1_736' title='bbox 365 4983 460 5033; x_wconf 67' lang='lat' dir='ltr'><strong>diu</strong></span> <span class='ocrx_word' id='word_1_737' title='bbox 491 4979 730 5048; x_wconf 87' lang='lat' dir='ltr'><strong>plurima</strong></span> <span class='ocrx_word' id='word_1_738' title='bbox 755 4986 813 5034; x_wconf 91' lang='lat' dir='ltr'><strong>et</strong></span> <span class='ocrx_word' id='word_1_739' title='bbox 843 4978 1064 5034; x_wconf 86' lang='lat' dir='ltr'><strong>videbat</strong></span> <span class='ocrx_word' id='word_1_740' title='bbox 1091 4979 1252 5051; x_wconf 64' lang='grc'><strong>412</strong></span> <span class='ocrx_word' id='word_1_741' title='bbox 1276 4993 1333 5037; x_wconf 88' lang='lat' dir='ltr'><strong>et</strong></span> <span class='ocrx_word' id='word_1_742' title='bbox 1361 4980 1621 5036; x_wconf 88' lang='lat' dir='ltr'><strong>audiebat</strong></span> <span class='ocrx_word' id='word_1_743' title='bbox 1654 4999 1667 5036; x_wconf 90' lang='lat'><strong>:</strong></span> <span class='ocrx_word' id='word_1_744' title='bbox 1699 4983 1949 5052; x_wconf 63' lang='lat' dir='ltr'><strong>quaedam</strong></span> 
     </span>
    </p>
   </div>
   <div class='ocr_carea' id='block_1_105' title="bbox 2056 4978 3638 5061">
    <p class='ocr_par' dir='ltr' id='par_1_105' title="bbox 2056 4981 3638 5061">
     <span class='ocr_line' id='line_1_105' title="bbox 2056 4981 3638 5061; baseline 0.004 -26"><span class='ocrx_word' id='word_1_745' title='bbox 2056 4982 2418 5053; x_wconf 83' lang='grc' dir='ltr'><strong>μετέστησαν·</strong></span> <span class='ocrx_word' id='word_1_746' title='bbox 2447 4983 2505 5047; x_wconf 91' lang='grc' dir='ltr'><strong>ἐς</strong></span> <span class='ocrx_word' id='word_1_747' title='bbox 2533 4981 2590 5036; x_wconf 83' lang='grc' dir='ltr'><strong>δὲ</strong></span> <span class='ocrx_word' id='word_1_748' title='bbox 2617 4983 2715 5054; x_wconf 85' lang='grc' dir='ltr'><strong>τὴν</strong></span> <span class='ocrx_word' id='word_1_749' title='bbox 2765 4985 3077 5055; x_wconf 86' lang='grc' dir='ltr'><strong>Τυρσηνίδα</strong></span> <span class='ocrx_word' id='word_1_750' title='bbox 3131 4985 3209 5057; x_wconf 84' lang='grc' dir='ltr'><strong>τῷ</strong></span> <span class='ocrx_word' id='word_1_751' title='bbox 3270 4987 3491 5061; x_wconf 78' lang='grc' dir='ltr'><strong>’Δννίϐᾳ</strong></span> <span class='ocrx_word' id='word_1_752' title='bbox 3537 5005 3638 5042; x_wconf 89' lang='grc' dir='ltr'><strong>πο-</strong></span> 
     </span>
    </p>
   </div>
   <div class='ocr_carea' id='block_1_106' title="bbox 363 5070 1955 5147">
    <p class='ocr_par' dir='ltr' id='par_1_106' title="bbox 363 5070 1693 5141">
     <span class='ocr_line' id='line_1_106' title="bbox 363 5070 1693 5141; baseline -0.001 -14"><span class='ocrx_word' id='word_1_753' title='bbox 363 5085 532 5127; x_wconf 79' lang='lat' dir='ltr'><strong>etiam</strong></span> <span class='ocrx_word' id='word_1_754' title='bbox 559 5070 911 5141; x_wconf 87' lang='lat' dir='ltr'><strong>loquebatur,</strong></span> <span class='ocrx_word' id='word_1_755' title='bbox 939 5085 1172 5141; x_wconf 89' lang='lat' dir='ltr'><strong>persona</strong></span> <span class='ocrx_word' id='word_1_756' title='bbox 1202 5087 1300 5127; x_wconf 90' lang='lat' dir='ltr'><strong>sua</strong></span> <span class='ocrx_word' id='word_1_757' title='bbox 1325 5071 1693 5128; x_wconf 88' lang='lat' dir='ltr'><strong>dissimulata.</strong></span> 
     </span>
    </p>
   </div>
   <div class='ocr_carea' id='block_1_107' title="bbox 2056 5070 3639 5147">
    <p class='ocr_par' dir='ltr' id='par_1_107' title="bbox 2056 5071 3639 5147">
     <span class='ocr_line' id='line_1_107' title="bbox 2056 5071 3639 5147; baseline 0.003 -22"><span class='ocrx_word' id='word_1_758' title='bbox 2056 5071 2329 5143; x_wconf 74' lang='grc' dir='ltr'><strong>ρευομένῳ</strong></span> <span class='ocrx_word' id='word_1_759' title='bbox 2349 5072 2378 5125; x_wconf 87' lang='lat'><strong>6</strong></span> <span class='ocrx_word' id='word_1_760' title='bbox 2405 5071 2614 5141; x_wconf 84' lang='grc' dir='ltr'><strong>Λόγγος</strong></span> <span class='ocrx_word' id='word_1_761' title='bbox 2645 5073 2891 5142; x_wconf 86' lang='grc' dir='ltr'><strong>ἐπέθετο,</strong></span> <span class='ocrx_word' id='word_1_762' title='bbox 2927 5074 3198 5145; x_wconf 86' lang='grc' dir='ltr'><strong>χειμῶνος</strong></span> <span class='ocrx_word' id='word_1_763' title='bbox 3231 5077 3430 5130; x_wconf 82' lang='grc' dir='ltr'><strong>πολλοῦ</strong></span> <span class='ocrx_word' id='word_1_764' title='bbox 3481 5095 3639 5147; x_wconf 90' lang='grc' dir='ltr'><strong>γενο-</strong></span> 
     </span>
    </p>
   </div>
   <div class='ocr_carea' id='block_1_108' title="bbox 370 5161 3637 5240">
    <p class='ocr_par' dir='ltr' id='par_1_108' title="bbox 370 5161 3637 5240">
     <span class='ocr_line' id='line_1_108' title="bbox 370 5161 3637 5240; baseline 0.002 -24"><span class='ocrx_word' id='word_1_765' title='bbox 370 5165 558 5234; x_wconf 83' lang='grc' dir='ltr'><strong>μένου.</strong></span> <span class='ocrx_word' id='word_1_766' title='bbox 583 5163 870 5217; x_wconf 85' lang='grc' dir='ltr'><strong>Πεσόντων</strong></span> <span class='ocrx_word' id='word_1_767' title='bbox 898 5161 957 5217; x_wconf 83' lang='grc' dir='ltr'><strong>δὲ</strong></span> <span class='ocrx_word' id='word_1_768' title='bbox 985 5162 1322 5234; x_wconf 86' lang='grc' dir='ltr'><strong>ἀμφοτέροις</strong></span> <span class='ocrx_word' id='word_1_769' title='bbox 1351 5162 1583 5230; x_wconf 87' lang='grc' dir='ltr'><strong>πολλῶν,</strong></span> <span class='ocrx_word' id='word_1_770' title='bbox 1612 5165 1642 5218; x_wconf 85' lang='grc' dir='ltr'><strong>ό</strong></span> <span class='ocrx_word' id='word_1_771' title='bbox 1683 5164 1956 5234; x_wconf 84' lang='grc' dir='ltr'><strong>Ἀννίϐας,</strong></span> <span class='ocrx_word' id='word_1_772' title='bbox 1997 5167 2055 5230; x_wconf 87' lang='grc' dir='ltr'><strong>ἐς</strong></span> <span class='ocrx_word' id='word_1_773' title='bbox 2095 5164 2198 5235; x_wconf 75' lang='grc' dir='ltr'><strong>τὴν</strong></span> <span class='ocrx_word' id='word_1_774' title='bbox 2269 5164 2611 5237; x_wconf 77' lang='grc' dir='ltr'><strong>Λιγυστικὴν</strong></span> <span class='ocrx_word' id='word_1_775' title='bbox 2634 5163 2828 5230; x_wconf 83' lang='grc' dir='ltr'><strong>ἐλθὼν,</strong></span> <span class='ocrx_word' id='word_1_776' title='bbox 2883 5166 3242 5240; x_wconf 78' lang='grc' dir='ltr'><strong>ἐνδιέτριψεν·</strong></span> <span class='ocrx_word' id='word_1_777' title='bbox 3307 5169 3637 5225; x_wconf 82' lang='grc' dir='ltr'><strong>ὑποπτεύων</strong></span> 
     </span>
    </p>
   </div>
   <div class='ocr_carea' id='block_1_109' title="bbox 366 5252 3638 5336">
    <p class='ocr_par' dir='ltr' id='par_1_109' title="bbox 366 5252 3638 5336">
     <span class='ocr_line' id='line_1_109' title="bbox 366 5252 3638 5336; baseline 0.002 -30"><span class='ocrx_word' id='word_1_778' title='bbox 366 5254 422 5307; x_wconf 81' lang='grc' dir='ltr'><strong>δέ</strong></span> <span class='ocrx_word' id='word_1_779' title='bbox 447 5253 697 5317; x_wconf 79' lang='grc' dir='ltr'><strong>καὶτοὺς</strong></span> <span class='ocrx_word' id='word_1_780' title='bbox 742 5252 1062 5324; x_wconf 88' lang='grc' dir='ltr'><strong>σφετέρους,</strong></span> <span class='ocrx_word' id='word_1_781' title='bbox 1119 5252 1296 5308; x_wconf 63' lang='grc' dir='ltr'><strong>οὐδενὶ⁵</strong></span> <span class='ocrx_word' id='word_1_782' title='bbox 1365 5252 1562 5324; x_wconf 78' lang='grc' dir='ltr'><strong>ῥᾳδίως</strong></span> <span class='ocrx_word' id='word_1_783' title='bbox 1622 5254 1932 5322; x_wconf 90' lang='grc' dir='ltr'><strong>ἐπίστευεν,</strong></span> <span class='ocrx_word' id='word_1_784' title='bbox 1972 5255 2110 5312; x_wconf 86' lang='grc' dir='ltr'><strong>ἀλλά</strong></span> <span class='ocrx_word' id='word_1_785' title='bbox 2155 5256 2255 5327; x_wconf 85' lang='grc' dir='ltr'><strong>τὴν</strong></span> <span class='ocrx_word' id='word_1_786' title='bbox 2309 5256 2516 5328; x_wconf 86' lang='grc' dir='ltr'><strong>ἐσθῆτά</strong></span> <span class='ocrx_word' id='word_1_787' title='bbox 2575 5273 2634 5310; x_wconf 90' lang='grc' dir='ltr'><strong>τε</strong></span> <span class='ocrx_word' id='word_1_788' title='bbox 2670 5259 3024 5330; x_wconf 84' lang='grc' dir='ltr'><strong>μεταϐάλλων</strong></span> <span class='ocrx_word' id='word_1_789' title='bbox 3060 5263 3156 5315; x_wconf 74' lang='grc' dir='ltr'><strong>καὶ</strong></span> <span class='ocrx_word' id='word_1_790' title='bbox 3189 5264 3391 5334; x_wconf 83' lang='grc' dir='ltr'><strong>κόμαις.</strong></span> <span class='ocrx_word' id='word_1_791' title='bbox 3418 5263 3638 5336; x_wconf 82' lang='grc' dir='ltr'><strong>χρώμε-</strong></span> 
     </span>
    </p>
   </div>
   <div class='ocr_carea' id='block_1_110' title="bbox 369 5346 3637 5431">
    <p class='ocr_par' dir='ltr' id='par_1_110' title="bbox 369 5346 3637 5431">
     <span class='ocr_line' id='line_1_110' title="bbox 369 5346 3637 5431; baseline 0.006 -33"><span class='ocrx_word' id='word_1_792' title='bbox 369 5364 460 5410; x_wconf 83' lang='grc' dir='ltr'><strong>νος</strong></span> <span class='ocrx_word' id='word_1_793' title='bbox 489 5347 819 5418; x_wconf 88' lang='grc' dir='ltr'><strong>περιθέτοις,</strong></span> <span class='ocrx_word' id='word_1_794' title='bbox 850 5347 952 5418; x_wconf 86' lang='grc' dir='ltr'><strong>τήν</strong></span> <span class='ocrx_word' id='word_1_795' title='bbox 976 5364 1034 5401; x_wconf 88' lang='grc' dir='ltr'><strong>τε</strong></span> <span class='ocrx_word' id='word_1_796' title='bbox 1065 5346 1302 5413; x_wconf 81' lang='grc' dir='ltr'><strong>διάλεξιν</strong></span> <span class='ocrx_word' id='word_1_797' title='bbox 1333 5347 1525 5403; x_wconf 83' lang='grc' dir='ltr'><strong>ἄλλοτε</strong></span> <span class='ocrx_word' id='word_1_798' title='bbox 1576 5347 1746 5419; x_wconf 82' lang='grc' dir='ltr'><strong>ἀλλην</strong></span> <span class='ocrx_word' id='word_1_799' title='bbox 1769 5349 2094 5422; x_wconf 89' lang='grc' dir='ltr'><strong>ποιούμενος</strong></span> <span class='ocrx_word' id='word_1_800' title='bbox 2156 5352 2296 5423; x_wconf 79' lang='grc' dir='ltr'><strong>(ᾔδει</strong></span> <span class='ocrx_word' id='word_1_801' title='bbox 2355 5350 2465 5421; x_wconf 85' lang='grc' dir='ltr'><strong>γὰρ</strong></span> <span class='ocrx_word' id='word_1_802' title='bbox 2535 5350 2780 5416; x_wconf 87' lang='grc' dir='ltr'><strong>πλείους,</strong></span> <span class='ocrx_word' id='word_1_803' title='bbox 2811 5352 2905 5406; x_wconf 73' lang='grc' dir='ltr'><strong>καὶ</strong></span> <span class='ocrx_word' id='word_1_804' title='bbox 2932 5354 3032 5426; x_wconf 73' lang='grc' dir='ltr'><strong>τὴν</strong></span> <span class='ocrx_word' id='word_1_805' title='bbox 3063 5355 3174 5410; x_wconf 86' lang='grc' dir='ltr'><strong>τῶν</strong></span> <span class='ocrx_word' id='word_1_806' title='bbox 3215 5358 3485 5431; x_wconf 86' lang='grc' dir='ltr'><strong>Λατίνων)</strong></span> <span class='ocrx_word' id='word_1_807' title='bbox 3541 5370 3637 5423; x_wconf 70' lang='grc' dir='ltr'><strong>καὶ</strong></span> 
     </span>
    </p>
   </div>
   <div class='ocr_carea' id='block_1_111' title="bbox 369 5442 3635 5526">
    <p class='ocr_par' dir='ltr' id='par_1_111' title="bbox 369 5442 3635 5526">
     <span class='ocr_line' id='line_1_111' title="bbox 369 5442 3635 5526; baseline 0.005 -30"><span class='ocrx_word' id='word_1_808' title='bbox 369 5447 587 5513; x_wconf 85' lang='grc' dir='ltr'><strong>νύκτωρ</strong></span> <span class='ocrx_word' id='word_1_809' title='bbox 611 5443 706 5496; x_wconf 75' lang='grc' dir='ltr'><strong>καὶ</strong></span> <span class='ocrx_word' id='word_1_810' title='bbox 761 5444 880 5513; x_wconf 87' lang='grc' dir='ltr'><strong>μεθ’</strong></span> <span class='ocrx_word' id='word_1_811' title='bbox 910 5443 1126 5516; x_wconf 78' lang='grc' dir='ltr'><strong>ἡμέραν</strong></span> <span class='ocrx_word' id='word_1_812' title='bbox 1156 5443 1326 5498; x_wconf 90' lang='grc' dir='ltr'><strong>πολλά</strong></span> <span class='ocrx_word' id='word_1_813' title='bbox 1359 5442 1655 5498; x_wconf 85' lang='grc' dir='ltr'><strong>ἐπεσκόπει</strong></span> <span class='ocrx_word' id='word_1_814' title='bbox 1703 5444 1870 5516; x_wconf 77' lang='grc' dir='ltr'><strong>ἧκουέ</strong></span> <span class='ocrx_word' id='word_1_815' title='bbox 1899 5462 1957 5501; x_wconf 88' lang='grc' dir='ltr'><strong>τε</strong></span> <span class='ocrx_word' id='word_1_816' title='bbox 1991 5446 2222 5501; x_wconf 84' lang='grc' dir='ltr'><strong>πλεῖστα</strong></span> <span class='ocrx_word' id='word_1_817' title='bbox 2257 5447 2333 5511; x_wconf 83' lang='grc' dir='ltr'><strong>ὡς</strong></span> <span class='ocrx_word' id='word_1_818' title='bbox 2397 5449 2498 5502; x_wconf 77' lang='grc' dir='ltr'><strong>οὐκ</strong></span> <span class='ocrx_word' id='word_1_819' title='bbox 2540 5447 2814 5513; x_wconf 85' lang='grc' dir='ltr'><strong>’Λννίϐας,</strong></span> <span class='ocrx_word' id='word_1_820' title='bbox 2859 5449 2953 5503; x_wconf 87' lang='grc' dir='ltr'><strong>καί</strong></span> <span class='ocrx_word' id='word_1_821' title='bbox 3009 5469 3133 5504; x_wconf 88' lang='grc' dir='ltr'><strong>τινα</strong></span> <span class='ocrx_word' id='word_1_822' title='bbox 3183 5453 3259 5518; x_wconf 87' lang='grc' dir='ltr'><strong>ώς</strong></span> <span class='ocrx_word' id='word_1_823' title='bbox 3315 5455 3504 5526; x_wconf 77' lang='grc' dir='ltr'><strong>ἕτερός</strong></span> <span class='ocrx_word' id='word_1_824' title='bbox 3549 5476 3635 5524; x_wconf 86' lang='grc' dir='ltr'><strong>τις</strong></span> 
     </span>
    </p>
   </div>
   <div class='ocr_carea' id='block_1_112' title="bbox 371 5531 694 5604">
    <p class='ocr_par' dir='ltr' id='par_1_112' title="bbox 371 5531 694 5604">
     <span class='ocr_line' id='line_1_112' title="bbox 371 5531 694 5604; baseline 0 -17"><span class='ocrx_word' id='word_1_825' title='bbox 371 5531 694 5604; x_wconf 81' lang='grc' dir='ltr'><strong>ἐφθέγγετο.</strong></span> 
     </span>
    </p>
   </div>
   <div class='ocr_carea' id='block_1_113' title="bbox 445 5617 1952 5699">
    <p class='ocr_par' dir='ltr' id='par_1_113' title="bbox 445 5617 1952 5699">
     <span class='ocr_line' id='line_1_113' title="bbox 445 5617 1952 5699; baseline 0.004 -21"><span class='ocrx_word' id='word_1_826' title='bbox 445 5623 612 5679; x_wconf 77' lang='lat' dir='ltr'><strong>XXV.</strong></span> <span class='ocrx_word' id='word_1_827' title='bbox 644 5624 782 5679; x_wconf 87' lang='lat' dir='ltr'><strong>Dum</strong></span> <span class='ocrx_word' id='word_1_828' title='bbox 809 5625 929 5680; x_wconf 59' lang='lat' dir='ltr'><strong>haec</strong></span> <span class='ocrx_word' id='word_1_829' title='bbox 959 5625 1013 5680; x_wconf 91' lang='lat' dir='ltr'><strong>in</strong></span> <span class='ocrx_word' id='word_1_830' title='bbox 1052 5626 1207 5681; x_wconf 82' lang='lat' dir='ltr'><strong>italia</strong></span> <span class='ocrx_word' id='word_1_831' title='bbox 1243 5617 1533 5699; x_wconf 82' lang='lat' dir='ltr'><strong>geruntur,</strong></span> <span class='ocrx_word' id='word_1_832' title='bbox 1569 5627 1711 5685; x_wconf 87' lang='lat' dir='ltr'><strong>alter</strong></span> <span class='ocrx_word' id='word_1_833' title='bbox 1765 5626 1952 5699; x_wconf 89' lang='lat' dir='ltr'><strong>Scipio</strong></span> 
     </span>
    </p>
   </div>
   <div class='ocr_carea' id='block_1_114' title="bbox 375 5714 1953 5789">
    <p class='ocr_par' dir='ltr' id='par_1_114' title="bbox 375 5714 1953 5789">
     <span class='ocr_line' id='line_1_114' title="bbox 375 5714 1953 5789; baseline 0.005 -20"><span class='ocrx_word' id='word_1_834' title='bbox 375 5715 543 5770; x_wconf 80' lang='lat' dir='ltr'><strong>Caius</strong></span> <span class='ocrx_word' id='word_1_835' title='bbox 576 5714 630 5769; x_wconf 91' lang='lat' dir='ltr'><strong>in</strong></span> <span class='ocrx_word' id='word_1_836' title='bbox 664 5715 940 5785; x_wconf 84' lang='lat' dir='ltr'><strong>Hispaniis</strong></span> <span class='ocrx_word' id='word_1_837' title='bbox 972 5719 1186 5789; x_wconf 88' lang='lat' dir='ltr'><strong>appulit</strong></span> <span class='ocrx_word' id='word_1_838' title='bbox 1232 5736 1247 5777; x_wconf 88' lang='lat'><strong>:</strong></span> <span class='ocrx_word' id='word_1_839' title='bbox 1292 5728 1349 5774; x_wconf 88' lang='lat' dir='ltr'><strong>et</strong></span> <span class='ocrx_word' id='word_1_840' title='bbox 1389 5735 1540 5776; x_wconf 89' lang='lat' dir='ltr'><strong>oram</strong></span> <span class='ocrx_word' id='word_1_841' title='bbox 1575 5721 1694 5788; x_wconf 83' lang='lat' dir='ltr'><strong>ejus</strong></span> <span class='ocrx_word' id='word_1_842' title='bbox 1741 5721 1953 5777; x_wconf 88' lang='lat' dir='ltr'><strong>mariti-</strong></span> 
     </span>
    </p>
   </div>
   <div class='ocr_carea' id='block_1_115' title="bbox 385 5810 1951 5886">
    <p class='ocr_par' dir='ltr' id='par_1_115' title="bbox 385 5810 1951 5886">
     <span class='ocr_line' id='line_1_115' title="bbox 385 5810 1951 5886; baseline 0.006 -24"><span class='ocrx_word' id='word_1_843' title='bbox 385 5819 526 5862; x_wconf 80' lang='lat' dir='ltr'><strong>mam</strong></span> <span class='ocrx_word' id='word_1_844' title='bbox 561 5819 781 5863; x_wconf 86' lang='lat' dir='ltr'><strong>omnem</strong></span> <span class='ocrx_word' id='word_1_845' title='bbox 816 5823 988 5878; x_wconf 81' lang='lat' dir='ltr'><strong>usque</strong></span> <span class='ocrx_word' id='word_1_846' title='bbox 1013 5810 1078 5866; x_wconf 90' lang='lat' dir='ltr'><strong>ad</strong></span> <span class='ocrx_word' id='word_1_847' title='bbox 1108 5810 1348 5880; x_wconf 83' lang='lat' dir='ltr'><strong>Iberum,</strong></span> <span class='ocrx_word' id='word_1_848' title='bbox 1377 5815 1544 5869; x_wconf 91' lang='lat' dir='ltr'><strong>multa</strong></span> <span class='ocrx_word' id='word_1_849' title='bbox 1571 5813 1735 5871; x_wconf 89' lang='lat' dir='ltr'><strong>etiam</strong></span> <span class='ocrx_word' id='word_1_850' title='bbox 1789 5829 1951 5886; x_wconf 88' lang='lat' dir='ltr'><strong>supe-</strong></span> 
     </span>
    </p>
   </div>
   <div class='ocr_carea' id='block_1_116' title="bbox 2135 5621 3640 5705">
    <p class='ocr_par' dir='ltr' id='par_1_116' title="bbox 2135 5621 3640 5705">
     <span class='ocr_line' id='line_1_116' title="bbox 2135 5621 3640 5705; baseline 0.009 -23"><span class='ocrx_word' id='word_1_851' title='bbox 2135 5625 2267 5683; x_wconf 82' lang='lat' dir='ltr'><strong>KE&#39;.</strong></span> <span class='ocrx_word' id='word_1_852' title='bbox 2309 5627 2397 5680; x_wconf 87' lang='grc' dir='ltr'><strong>Ἐν</strong></span> <span class='ocrx_word' id='word_1_853' title='bbox 2430 5627 2528 5697; x_wconf 86' lang='grc' dir='ltr'><strong>μὲν</strong></span> <span class='ocrx_word' id='word_1_854' title='bbox 2553 5621 2646 5679; x_wconf 75' lang='grc' dir='ltr'><strong>οὖν</strong></span> <span class='ocrx_word' id='word_1_855' title='bbox 2675 5628 2742 5696; x_wconf 80' lang='grc' dir='ltr'><strong>τῇ</strong></span> <span class='ocrx_word' id='word_1_856' title='bbox 2790 5626 2994 5700; x_wconf 73' lang='grc' dir='ltr'><strong>Ἰταλίᾳ</strong></span> <span class='ocrx_word' id='word_1_857' title='bbox 3039 5630 3216 5686; x_wconf 83' lang='grc' dir='ltr'><strong>ταῦτα</strong></span> <span class='ocrx_word' id='word_1_858' title='bbox 3272 5636 3502 5705; x_wconf 83' lang='grc' dir='ltr'><strong>ἐγίνετο.</strong></span> <span class='ocrx_word' id='word_1_859' title='bbox 3575 5639 3640 5695; x_wconf 87' lang='lat'><strong>&#39;0</strong></span> 
     </span>
    </p>
   </div>
   <div class='ocr_carea' id='block_1_117' title="bbox 2058 5719 3638 5805">
    <p class='ocr_par' dir='ltr' id='par_1_117' title="bbox 2058 5719 3638 5805">
     <span class='ocr_line' id='line_1_117' title="bbox 2058 5719 3638 5805; baseline -0.001 -31"><span class='ocrx_word' id='word_1_860' title='bbox 2058 5720 2104 5774; x_wconf 82' lang='grc' dir='ltr'><strong>δ’</strong></span> <span class='ocrx_word' id='word_1_861' title='bbox 2131 5719 2316 5790; x_wconf 76' lang='grc' dir='ltr'><strong>ἕτερος</strong></span> <span class='ocrx_word' id='word_1_862' title='bbox 2348 5719 2589 5772; x_wconf 89' lang='grc' dir='ltr'><strong>Σκιπίων</strong></span> <span class='ocrx_word' id='word_1_863' title='bbox 2622 5720 2651 5771; x_wconf 88' lang='grc' dir='ltr'>ὁ</span> <span class='ocrx_word' id='word_1_864' title='bbox 2707 5719 2870 5783; x_wconf 79' lang='grc' dir='ltr'><strong>Γάϊος</strong></span> <span class='ocrx_word' id='word_1_865' title='bbox 2913 5723 2994 5784; x_wconf 70' lang='grc' dir='ltr'><strong>εἰς</strong></span> <span class='ocrx_word' id='word_1_866' title='bbox 3041 5723 3139 5794; x_wconf 83' lang='grc' dir='ltr'><strong>τὴν</strong></span> <span class='ocrx_word' id='word_1_867' title='bbox 3187 5725 3424 5798; x_wconf 80' lang='grc' dir='ltr'><strong>Ἰϐηρίαν</strong></span> <span class='ocrx_word' id='word_1_868' title='bbox 3472 5735 3638 5805; x_wconf 79' lang='grc' dir='ltr'><strong>περέ-</strong></span> 
     </span>
    </p>
   </div>
   <div class='ocr_carea' id='block_1_118' title="bbox 2061 5811 3611 5895">
    <p class='ocr_par' dir='ltr' id='par_1_118' title="bbox 2061 5811 3611 5895">
     <span class='ocr_line' id='line_1_118' title="bbox 2061 5811 3611 5895; baseline 0.01 -27"><span class='ocrx_word' id='word_1_869' title='bbox 2061 5814 2283 5881; x_wconf 87' lang='grc' dir='ltr'><strong>πλευσε,</strong></span> <span class='ocrx_word' id='word_1_870' title='bbox 2313 5813 2406 5868; x_wconf 69' lang='grc' dir='ltr'><strong>καὶ</strong></span> <span class='ocrx_word' id='word_1_871' title='bbox 2435 5812 2502 5867; x_wconf 70' lang='grc' dir='ltr'><strong>τὰ</strong></span> <span class='ocrx_word' id='word_1_872' title='bbox 2535 5811 2955 5884; x_wconf 81' lang='grc' dir='ltr'><strong>παραθαλάσσια</strong></span> <span class='ocrx_word' id='word_1_873' title='bbox 2979 5817 3150 5890; x_wconf 77' lang='grc' dir='ltr'><strong>αὐτῆς</strong></span> <span class='ocrx_word' id='word_1_874' title='bbox 3177 5820 3337 5894; x_wconf 82' lang='grc' dir='ltr'><strong>μέχρι</strong></span> <span class='ocrx_word' id='word_1_875' title='bbox 3357 5823 3451 5880; x_wconf 83' lang='grc' dir='ltr'><strong>τοῦ</strong></span> <span class='ocrx_word' id='word_1_876' title='bbox 3485 5827 3611 5895; x_wconf 65' lang='grc' dir='ltr'><strong>’16η</strong></span> 
     </span>
    </p>
   </div>
  </div>
