4060 6428
411 334 523 400 705

1664 333 2076 397 ANNALIUM
2120 336 2276 399 LIB.
2316 335 2489 402 VIII.

3573 353 3681 416 ’106

413 466 508 520 ρος
543 444 723 501 πάντα
761 443 856 499 καὶ
890 442 1001 498 τῶν
1058 442 1172 499 ἄνω
1200 441 1372 515 συχνά
1423 440 1497 496 τὰ
1554 442 1653 515 μὲν
1690 444 1802 516 βίᾳ,
1835 444 1905 499 τὰ
1954 444 1995 496 δ’

2116 445 2262 501 riora
2302 447 2443 512 loca,
2496 447 2696 518 partim
2725 449 2799 516 vi,
2849 452 3050 521 partim
3107 453 3408 521 deditione.
3462 460 3679 521 Banno-

409 539 609 593 ἐκόντα
650 535 1011 607 προσείληφε,
1039 536 1244 590 καὶτὸν
1287 535 1547 589 Βαννῶνα
1574 536 1690 605 (52)
1745 536 1893 606 μάχῃ
1917 554 1995 589 νι-

2100 552 2227 591 nem
2257 553 2478 609 quoque
2508 543 2700 610 praelio
2729 542 2937 599 victum
2971 549 3137 616 cepit.
3168 547 3380 614 Quibus
3400 553 3679 614 Asdrubal

409 632 584 701 κήσας
639 626 983 698 ἐζώγρησεν.
1050 627 1118 682 '0
1172 627 1230 681 δὲ
1281 626 1377 681 τοῦ
1432 626 1679 681 Ἀννίόου
1735 628 1992 699 ὁμαίμων

2100 628 2274 685 frater
2340 632 2632 689 Annibalis
2653 636 2911 707 cognitis,
2950 638 3105 694 Ibero
3147 657 3429 715 superato,
3454 654 3513 704 ει
3552 651 3679 718 quia

420 720 784 790 Ἀσδρούϐας,
830 718 1025 789 μαθὼν
1054 718 1251 783 ταῦτα,
1285 718 1442 784 διέϐη
1498 717 1590 771 τὸν
1636 718 1856 790 Ἴϐηρα,
1900 718 1995 772 καὶ

407 814 517 866 τῶν
549 813 938 884 μεταστάντων
968 811 1125 875 τινάς
1151 811 1491 882 ἐπηγάγετοο
1519 810 1617 865 τοῦ
1652 810 1708 865 δὲ
1752 810 1994 866 Σκιπίω-

410 922 499 969 νος
570 904 899 966 ἐπελθόντος
961 902 1135 974 αὐτῷ,
1199 904 1577 975 ἀνεχώρησεν.
1616 905 1677 958 Ol
1743 905 1789 957 δ’
1836 905 1894 957 ἐν
1924 906 1990 976 τῇ

416 996 609 1066 Ῥώμη
633 995 726 1049 τὸν
757 993 1054 1065 Φλαμίνιον
1087 995 1300 1050 καὶτὸν
1346 994 1506 1048 Γάῖον
1550 993 1707 1058 αὖθις
1747 994 1991 1063 ὑπάτους

412 1091 637 1145 εἴλοντο.
674 1089 925 1153 ’Δννίόας
954 1090 999 1143 δ’
1033 1090 1160 1160 ἄρτι
1186 1089 1279 1143 τοῦ
1315 1088 1477 1159 ἔαρος
1533 1090 1879 1156 ἐπιστάντος,
1909 1090 1988 1153 ὡς

412 1184 556 1253 ἔγνω
585 1183 679 1237 τδν
730 1182 1027 1251 Φλαμίνιον
1071 1182 1211 1253 μετὰ
1276 1181 1373 1235 τοῦ
1410 1181 1722 1253 Σερουϊλίου
1757 1182 1991 1253 Γεμίνου

409 1279 556 1349 χειρὶ
586 1276 757 1347 πολλῇ
794 1274 880 1329 ἐπ’
910 1275 1077 1330 αὐτὸν
1112 1276 1280 1341 ἰόντα,
1316 1280 1455 1345 πρδς
1499 1274 1782 1347 ἐξαπάτην
1812 1274 1991 1329 αὐτῶν

410 1368 648 1438 ἐτράπη,
682 1368 779 1420 καὶ
812 1366 1184 1437 πλαττόμενος
1214 1367 1587 1438 ἐνδιατρίψειν
1613 1367 1732 1419 ἐκεῖ
1761 1366 1857 1420 καὶ
1887 1365 1992 1436 μά-

407 1475 512 1529 χην
548 1457 833 1527 συνάψειν,
866 1458 990 1535 ἐπεὶ⁵
1025 1460 1352 1529 νομίσαντες
1412 1458 1575 1511 αὐτὸν
1604 1459 1652 1511 οἱ
1724 1456 1989 1527 Ῥωμαῖοι

408 1552 553 1607 κατὰ
580 1551 768 1624 χώραν
799 1552 1007 1623 μένειν,
1038 1550 1258 1623 ἀμελῶς
1299 1550 1412 1605 τῶν
1465 1552 1603 1606 ὁδῶν
1655 1549 1837 1621 ἔσχον,
1894 1550 1990 1605 ἐπὶ

407 1644 503 1698 τοῦ
544 1645 917 1715 στρατοπέδου
949 1644 1076 1707 τοὺς
1114 1643 1319 1707 ἱππέας
1363 1642 1681 1697 κατέλιπεν.
1721 1642 1893 1708 Αὐτὸς
1941 1640 1989 1695 δ’

408 1735 515 1789 ὑπό
561 1736 731 1789 νύκτα
788 1738 929 1805 ἄρας
964 1737 1034 1791 τά
1096 1754 1156 1788 τε
1216 1736 1518 1808 στενόπορα
1584 1734 1703 1805 μεθ’
1756 1733 1990 1805 ἡσυχίας

408 1826 590 1900 διῆλθε
623 1828 887 1900 καὶπρὸς
928 1827 1165 1899 Ἀρίτιον
1203 1828 1489 1897 ἠπείγετο.
1546 1828 1659 1881 Καὶ
1686 1828 1736 1880 οἱ
1774 1828 1986 1894 ἱππεῖς,

408 1921 531 1973 ἐπεὶ
559 1920 696 1974 πολὺ
724 1920 1017 1991 προῆλθεν,
1071 1918 1324 1991 ἀπῄεσαν
1363 1918 1514 1990 αὐτῷ
1555 1920 1905 1990 ἐφεπόμενοι’
1939 1922 1990 1973 οἱ

413 2014 458 2067 δ’
486 2010 707 2080 ὕπατοι,
744 2013 967 2083 γνόντες
1016 2013 1385 2084 ἠπατημένοι,
1417 2013 1646 2084 Γεμῖνος
1678 2011 1777 2083 μὲν
1822 2012 1990 2066 αὑτοῦ

412 2106 699 2177 ὑπέμεινε,
730 2109 866 2172 τούς
897 2108 945 2161 τ’
969 2109 1351 2178 ἀφεστηκότας
1376 2110 1647 2163 κακώσων
1686 2112 1784 2163 καὶ
1815 2108 1993 2164 κωλύ-

410 2215 518 2252 σων
552 2201 919 2271 ἐπικουρῆσαι
949 2200 1350 2271 Καρχηδονίοις
1373 2215 1387 2229 ·
1426 2200 1719 2273 Φλαμίνιος
1745 2200 1802 2255 δὲ
1830 2202 1994 2273 μόνος

412 2292 658 2356 ἐδίωκεν,
702 2292 773 2346 ἵν’
811 2292 980 2348 αὐτοῦ
1031 2295 1196 2364 μόνου
1252 2294 1314 2348 τὸ
1354 2293 1516 2366 ἔργον
1564 2295 1665 2365 τῆς
1705 2296 1884 2367 νίκης,
1916 2294 1989 2359 ὡς

412 2384 570 2455 ῷετο,
607 2385 855 2454 γένηται,
915 2385 1009 2439 καὶ
1037 2387 1099 2441 τὸ
1132 2386 1370 2453 Ἀρίτιον
1418 2388 1854 2459 προκατέλασεν.
1931 2388 1991 2442 ὐ

411 2476 521 2548 γὰρ
551 2475 828 2542 ’Δννίϐας,
865 2479 1284 2550 συντομωτέραν
1323 2481 1692 2551 τραπόμενος,
1749 2480 1992 2544 δυσόδοις

411 2569 654 2640 ἐνέτυχε,
685 2572 779 2623 καὶ
809 2570 1141 2642 ἀνθρώπους
1188 2572 1442 2643 συχνοὺς,
1486 2573 1582 2627 καὶ
1634 2572 1805 2627 πολλὰ
1854 2574 1992 2627 ὐπο-

413 2659 598 2730 ζύγια,
626 2662 723 2714 καὶ
753 2664 846 2717 τὸν
865 2662 1054 2734 ἕτερον
1072 2663 1183 2718 τῶν
1214 2663 1516 2735 ὀφθαλμῶν
1539 2664 1836 2721 ἀπέϐαλεν.
1862 2665 1993 2735 ’0ψέ

411 2753 458 2807 δ’
496 2754 589 2809 οὖν
631 2755 769 2827 πρὸς
800 2757 862 2809 τὸ
892 2756 1131 2828 Ἀρίτιον
1158 2756 1354 2822 ἐλθὼν,
1388 2757 1484 2812 καὶ
1515 2756 1697 2829 εὑρὼν
1733 2760 1850 2811 ἐκεῖ
1900 2758 1993 2812 τὸν

412 2848 727 2918 Φλαμίνιον,
769 2849 1182 2921 κατεφρόνησεν
1203 2847 1394 2917 αὑτοῦ,
1432 2851 1527 2904 καὶ
1568 2849 1718 2922 μάχῃ
1774 2850 1873 2921 μὲν
1928 2849 1991 2905 οὐ

414 2940 677 2995 συνέόαλε
707 2940 788 3012 (τδ
828 2940 939 3011 γάρ
969 2941 1172 3013 χωρίον
1222 2941 1609 3013 ἀνεπιτήδειόν
1663 2944 1714 2995 οἱ
1773 2942 1991 3011 ἐδόκει),

2018 1791 2065 1852 Β

2096 719 2329 778 busdam
2364 740 2429 779 ex
2479 726 2545 781 iis
2594 727 2689 797 qui
2746 730 3071 786 defecerant
3121 736 3380 804 receptis,
3431 738 3677 809 Scipioni

2095 822 2286 868 contra
2306 831 2365 871 se
2398 819 2553 872 eunti
2576 819 2764 874 cessit.
2796 821 3031 878 Romani
3064 822 3394 883 Flaminium
3413 830 3674 886 etCaiun‘n

2096 906 2282 962 denuo
2306 909 2564 966 consules
2586 923 2865 967 crearunt.
2893 913 3129 971 Annibal
3154 918 3245 973 ubi
3277 918 3500 977 ineunte
3522 939 3676 988 vere,

2095 999 2425 1055 Flaminium
2486 1012 2543 1057 et
2593 1002 2887 1060 Servilium
2943 1006 3236 1064 Geminum
3297 1027 3423 1066 cum
3482 1028 3676 1084 magna

2094 1104 2259 1144 manu
2284 1091 2582 1147 adventare
2613 1097 2892 1165 cognovit,
2928 1098 2995 1152 ad
3043 1115 3137 1155 eos
3168 1100 3524 1173 decipiendos
3548 1121 3680 1161 con-

2094 1193 2309 1244 versus,
2369 1196 2540 1251 seque
2589 1182 2664 1237 ibi
2726 1196 3068 1241 moraturum
3128 1197 3408 1261 etpugnte
3463 1197 3677 1265 c0piam

2094 1268 2204 1326 illis
2249 1270 2526 1329 facturum
2587 1275 2926 1343 simulando,
2961 1278 3091 1334 dum
3128 1282 3364 1338 Romani
3397 1300 3589 1340 verum
3619 1288 3673 1341 id

2095 1375 2220 1419 esse
2255 1364 2384 1429 rati,
2419 1365 2535 1421 vias
2584 1368 2936 1440 negligenter
2985 1373 3330 1439 custodiunt,
3390 1377 3675 1446 equitibus

2094 1454 2151 1509 in
2205 1456 2404 1513 castris
2445 1458 2671 1527 relictis,
2731 1470 3017 1533 noctuque
3044 1466 3282 1522 sarcinis
3328 1468 3593 1535 collectis,
3616 1478 3675 1525 et

2093 1549 2364 1617 angustiis
2388 1565 2489 1621 per
2515 1552 2691 1607 otium
2719 1556 3017 1624 superatis.
3049 1556 3300 1613 Aretium
3342 1560 3627 1615 contendit
3655 1578 3670 1615 :

2095 1638 2376 1708 equitibus
2397 1642 2586 1710 etiam,
2606 1658 2732 1699 cum
2750 1646 2909 1717 longe
2928 1648 3315 1717 processisset,
3338 1652 3678 1708 consecutis.

2094 1729 2365 1791 Consules
2414 1744 2477 1791 ut
2507 1752 2566 1793 se
2607 1738 2868 1810 deceptos
2914 1756 3035 1796 esse
3063 1751 3380 1806 senserunl,
3410 1744 3677 1801 Geminus

2092 1824 2170 1880 ibi
2199 1828 2493 1892 mansit,ut
2542 1845 2639 1886 eos
2677 1832 2773 1901 qui
2809 1831 3128 1888 defecerant
3166 1844 3408 1901 vexaret,
3451 1845 3507 1891 et
3544 1836 3678 1893 Car-

2094 1918 2533 1990 thaginiensibus
2570 1938 2729 1993 opem
2782 1924 2928 1980 ferre
2974 1926 3318 1996 prohiberet.
3376 1929 3679 1984 Flaminius

2092 2026 2225 2081 vero
2256 2013 2408 2069 solus
2435 2014 2707 2072 abeuntes
2748 2029 3100 2088 persecutus,
3127 2028 3185 2074 ul
3206 2019 3439 2074 victoria
3464 2020 3679 2076 scilicet

2092 2104 2179 2158 sui
2216 2108 2383 2162 unius
2411 2120 2579 2171 esset,
2615 2108 2863 2165 Aretium
2892 2120 3019 2166 ante
3049 2114 3365 2183 occupavit.
3397 2113 3531 2168 Nam
3565 2114 3682 2169 An-

2092 2195 2247 2251 nibal
2299 2197 2433 2253 dum
2485 2199 2809 2269 compendia
2863 2203 3081 2271 qumrit,
3144 2204 3202 2258 in
3257 2203 3682 2263 lnviaincidit:

2093 2288 2408 2359 multosque
2455 2292 2736 2359 mortales,
2798 2293 2972 2349 multa
3048 2294 3321 2366 jumenta,
3363 2305 3419 2350 et
3444 2295 3678 2351 alterum

2093 2381 2318 2435 oculum
2351 2381 2558 2437 amisit.
2593 2382 2729 2438 Sero
2762 2384 2982 2440 tandem
3014 2386 3083 2440 ad
3115 2387 3366 2440 Aretium
3422 2401 3681 2456 progres-

2094 2489 2209 2541 sus,
2241 2475 2571 2530 Flaminium
2596 2476 2708 2532 illic
2742 2476 3029 2533 inventum
3074 2478 3409 2548 contempsit
3442 2494 3545 2534 :ac
3576 2495 3683 2550 pu-

2094 2582 2199 2638 gna
2230 2566 2454 2638 quidem
2485 2567 2756 2623 abstinuit
2785 2569 2962 2638 (locus
2989 2569 3137 2623 enim
3178 2570 3565 2625 incommodus
3594 2572 3679 2623 vi-

2095 2660 2375 2729 debatur),
2403 2661 2499 2717 sed
2530 2660 2773 2735 hominis
2792 2662 3074 2733 ingenium
3106 2662 3451 2733 periclitans,
3482 2678 3675 2734 agrum

2094 2757 2355 2813 vastavit.
2385 2755 2523 2811 Cum
2558 2772 2691 2811 vero
2724 2756 2959 2811 Romani
2989 2758 3390 2823 excurrissent,
3422 2744 3684 2813 simulato

2098 2858 2247 2905 metu
2280 2848 2501 2903 reduxit
2529 2849 2834 2904 exercitum
2869 2865 2881 2901 :
2917 2857 2972 2903 et
3001 2860 3171 2904 noctu
3225 2848 3424 2904 castris
3463 2864 3686 2919 promo-

2097 2942 2191 3006 tis,
2230 2941 2463 3011 locoque
2489 2956 2685 3012 pugnae
2717 2940 2918 2995 idoneo
2949 2950 3130 3010 capto,
3167 2940 3417 3010 peditum
3470 2948 3682 3011 partem

413 3035 613 3104 πεῖραν
635 3034 692 3088 δὲ
716 3033 885 3088 αὑτοῦ
919 3034 1267 3105 ποιούμενος,
1311 3035 1496 3107 ἔκειρε
1530 3034 1631 3107 τὴν
1650 3035 1856 3108 χώραν·
1890 3037 1994 3091 κάν

2098 3036 2391 3091 maximam
2424 3033 2479 3089 in
2527 3033 2809 3089 montibus
2838 3034 2890 3087 in
2929 3032 3148 3089 insidiis
3180 3032 3490 3098 collocavit,
3522 3032 3684 3103 equi-

412 3126 588 3198 τούτῳ
616 3127 1078 3199 ἐπεκδραμόντων
1113 3127 1222 3181 τῶν
1270 3126 1582 3197 Ῥωμαίων,
1613 3128 1988 3198 ἐπανήγαγεν,

2100 3135 2272 3183 latum
2321 3140 2544 3182 omnem
2595 3135 2750 3181 extra
2807 3127 3091 3196 angustias
3152 3124 3291 3180 clam
3319 3124 3375 3180 in
3419 3124 3685 3181 subsidiis

414 3219 500 3272 ἵνα
532 3219 822 3290 φοϐεῖσθαι
851 3220 1002 3291 δόξῃ.
1031 3220 1144 3289 Τῆς
1173 3220 1230 3274 δὲ
1252 3218 1450 3284 νυκτὸς
1480 3219 1802 3285 ἐξαναστὰς,
1867 3221 1992 3273 ἐπι-

412 3313 626 3384 τήδειόν
644 3330 698 3365 τι
721 3313 1077 3385 χωρίονβρὺς
1098 3315 1197 3384 τὴν
1219 3314 1402 3386 μάχην
1422 3314 1621 3385 εὑρὼν,
1650 3315 1857 3385 ἔμεινε.
1881 3314 1994 3368 Καὶ

412 3403 509 3455 τοῦ
543 3402 644 3472 μὲν
671 3403 839 3467 πεζοῦ
868 3404 929 3457 τὸ
969 3404 1155 3459 πλεῖον
1196 3407 1340 3459 κατά
1377 3405 1444 3459 τά
1469 3405 1571 3477 ὅρη
1612 3405 1778 3477 λοχᾷν
1810 3405 1991 3474 ἔταξε,

412 3495 475 3546 τὸ
500 3495 548 3547 δ’
587 3496 816 3550 ἱππικὸν
848 3495 1072 3568 σύμπαν
1101 3497 1207 3563 ἐξω
1245 3498 1354 3551 τῶν
1382 3500 1586 3553 στενῶν
1613 3498 1837 3569 ἀφανῶς
1889 3500 1990 3567 ἐφ-

410 3585 655 3658 εδρεύειν
682 3585 953 3651 ἐκέλευσε,
988 3588 1081 3640 καὶ
1130 3586 1293 3652 αὐτὸς
1322 3588 1415 3641 ἐπὶ⁹
1459 3586 1552 3642 τοῦ
1597 3587 1838 3659 γηλόφου
1875 3585 1994 3658 μετ’

410 3678 613 3745 ὀλίγων
639 3677 1207 3747 ἐστρατοπεδεύσατο.
1253 3678 1314 3733 Ὀ
1330 3680 1387 3733 δέ
1418 3679 1716 3751 Φλαμίνιος
1754 3682 1812 3734 ἐν
1864 3694 1996 3750 (ppo-

412 3773 621 3842 νήματι
646 3770 746 3838 ὢν,
778 3772 875 3826 καὶ
898 3772 990 3824 ἐπὶ
1011 3770 1289 3844 μετεώρου
1311 3773 1410 3827 σὺν
1432 3772 1634 3841 ὀλίγοις
1658 3772 1822 3827 αὐτὸν
1845 3769 1990 3836 ἰδὼν,

410 3866 513 3935 τήν
540 3882 601 3918 τε
642 3864 839 3935 λοιπὴν
865 3864 1129 3935 στρατιὰν
1160 3850 1353 3938 πόρρω
1388 3881 1483 3919 ποι
1519 3866 1874 3933 πεπομφέναι
1904 3880 1996 3918 νο-

419 3957 606 4026 μίσας,
644 3956 844 4027 ῥᾳδίως
877 3956 1267 4028 μεμονωμένον
1316 3958 1572 4029 αἱρήσειν
1628 3959 1852 4030 ἤλπισε,
1899 3962 1995 4016 καὶ

416 4049 474 4110 ἐς
503 4046 562 4101 τὸ
587 4050 769 4101 στενὸν
797 4049 1222 4119 ἀπερισκέπτως
1254 4049 1496 4121 εἰσῆλθε,
1536 4050 1814 4105 κάνταῦθα
1875 4052 1996 4123 (ὀψὲ

416 4139 529 4211 γὰρ
558 4136 646 4212 ἦν)
670 4141 952 4213 ηὐλίσατο,
991 4143 1084 4195 καὶ
1121 4142 1229 4197 ύπό
1263 4143 1438 4212 μέσας
1465 4142 1671 4208 νύκτας
1695 4144 1801 4197 ύπό
1829 4162 1997 4200 κατα-

419 4228 739 4301 φρονήσεως
779 4229 978 4293 αὑτοὺς
1008 4229 1359 4300 ἀφυλάκτους
1386 4231 1753 4298 καθεύδοντας
1781 4250 1995 4289 παντα-

416 4319 575 4390 χόθεν
605 4319 743 4390 ὀμοῦ
777 4323 1074 4393 περιέσχον
1127 4322 1179 4376 οἱ
1219 4322 1586 4394 Καρχηδόνιοι
1643 4325 1740 4379 καὶ
1781 4326 1998 4399 πόρρω-

417 4413 509 4466 θεν
537 4414 811 4477 ἀκοντίοις
844 4414 943 4468 καὶ
966 4415 1283 4486 σφενδόναις
1332 4417 1430 4471 καὶ
1485 4416 1809 4490 τοξεύμασι,
1870 4422 1997 4486 τοὺς

422 4508 523 4579 μὲν
545 4508 945 4579 εὐναζομένους
968 4510 1073 4579 ἔτι,
1104 4511 1230 4575 τοὺς
1252 4510 1309 4564 δὲ
1339 4511 1410 4565 τά
1445 4512 1588 4565 ὅπλα
1617 4513 1996 4584 λαμϐάνοντας
2022 4494 2077 4556 Ῑ)

415 4600 681 4664 ἔκτεινον,
703 4602 860 4654 αὐτοὶ
884 4602 959 4673 μή
987 4620 1039 4655 τι
1068 4602 1242 4656 δεινὸν
1286 4604 1738 4675 ἀντιπάσχοντες’
1795 4606 1845 4658 oi
1885 4607 1997 4676 γὰρ

435 4694 720 4766 Ῥωμαῖοι,
758 4693 988 4765 μηδενὸς
1017 4696 1201 4760 αὐτοῖς
1233 4697 1710 4769 συμπλεκομένου,
1773 4699 1999 4763 σκότους

414 4802 475 4840 τε
516 4788 609 4840 καὶ
639 4787 873 4859 ὁμίχλης
899 4785 1092 4854 οὔσης,
1144 4789 1245 4842 οὐκ
1279 4786 1427 4861 εἶχον
1455 4792 1521 4862 τῇ
1576 4792 1818 4862 σφετέρα
1864 4792 2000 4864 χρή-

419 4879 616 4933 σασθαι
655 4882 848 4951 ἀρετῇ.
905 4880 1175 4944 Τοσοῦτος
1218 4881 1262 4935 δ’
1315 4882 1533 4950 ἐγένετο
1604 4882 1853 4955 θόρδὸος,
1904 4883 1999 4937 καὶ

418 4972 643 5044 τοιαύτη
688 4974 1013 5045 ταραχώδης
1047 4974 1310 5044 ἔκπληξις
1336 4976 1602 5046 κατέσχεν
1644 4975 1862 5039 αὐτοὺς,
1923 4975 1999 5038 ώς

425 5064 560 5136 μηδὲ
578 5067 685 5119 τῶν
710 5067 958 5136 σεισμῶν
1007 5068 1118 5120 τῶν
1167 5069 1289 5121 τότε
1332 5069 1644 5137 γενομένων
1688 5066 1996 5132 αἰσθέσθαι,

420 5156 625 5226 καίπερ
656 5157 828 5211 πολλὰ
864 5161 964 5229 μέν
993 5158 1406 5230 οἰκοδομήματα
1454 5160 1793 5230 κατερράγη,
1828 5158 2001 5212 πολλά

418 5247 477 5301 δὲ
502 5249 595 5301 καὶ
628 5250 736 5302 τῶν
776 5250 921 5321 ὀρῶν
953 5251 1020 5305 τὰ
1060 5251 1162 5320 μὲν
1192 5251 1398 5321 διέσχε,
1432 5252 1500 5304 τὰ
1534 5250 1592 5303 δὲ
1620 5250 1720 5303 καὶ
1772 5252 2006 5303 συνέπε-

421 5355 537 5400 σεν,
564 5340 639 5402 ὼς
671 5342 766 5394 καὶ
797 5341 899 5404 τὰς
925 5344 1221 5412 φάραγγας
1265 5343 1570 5414 ἐμφράξαι,
1623 5341 1719 5396 καὶ
1765 5342 2005 5412 ποταμοὶ

420 5430 479 5484 δὲ
503 5432 604 5502 τῆς
632 5434 871 5505 ἀρχαίας
899 5434 1080 5501 ἐξόδου
1111 5434 1570 5497 ἀποκλεισθέντες
1609 5433 1777 5504 ἄλλην
1841 5434 2005 5506 ἐτρά-

421 5536 605 5576 ποντο.
641 5522 887 5576 Το.οὗτοι
946 5523 1161 5593 σεισμοὶ
1228 5523 1329 5595 μὲν
1368 5525 1470 5593 τὴν
1507 5523 1815 5596 Τυρσηνίδα
1869 5540 2003 5577 κατ-

2098 3235 2222 3276 esse
2264 3218 2450 3291 jussit,
2473 3217 2593 3288 ipse
2650 3217 2707 3273 in
2744 3218 2956 3272 tumulo
2996 3232 3121 3272 cum
3157 3216 3351 3287 paucis
3388 3225 3568 3272 castra
3584 3216 3687 3272 ba-

2099 3313 2240 3369 buit.
2262 3312 2333 3368 At
2369 3310 2671 3367 Flaminius
2696 3311 2801 3367 sibi
2836 3311 3031 3379 ﬁdens,
3060 3327 3186 3366 cum
3235 3327 3362 3366 eum
3390 3327 3516 3367 cum
3551 3328 3686 3382 pau-

2099 3406 2179 3462 cis
2206 3405 2262 3460 in
2308 3404 2448 3461 colle
2472 3404 2724 3469 vidisset,
2767 3412 2824 3460 et
2856 3404 3020 3475 longe
3072 3403 3358 3474 ablegasse
3407 3404 3684 3474 reliquum

2101 3496 2412 3552 exercitum
2441 3504 2685 3566 putaret,
2712 3509 2809 3565 spe
2838 3495 2959 3566 ejus
2982 3494 3058 3551 ita
3094 3493 3348 3550 destituti
3382 3493 3545 3550 facile
3591 3510 3685 3548 ca-

2099 3588 2290 3662 piendi
2334 3598 2625 3658 concepta,
2687 3596 2895 3643 temere
2954 3586 3237 3657 angustias
3321 3593 3406 3640 est
3474 3586 3688 3656 ingres-

2101 3700 2220 3753 sus,
2276 3685 2465 3754 ibique
2506 3683 2718 3752 (serum
2775 3681 2925 3736 enim
2980 3681 3091 3736 diei
3135 3678 3274 3750 erat)
3309 3678 3540 3749 quievit.
3571 3678 3687 3733 Sub

2100 3790 2324 3836 noctem
2365 3777 2599 3833 mediam
2663 3773 3151 3846 Carthaginienses
3192 3787 3290 3828 eos
3338 3772 3458 3827 sine
3515 3788 3687 3827 excu-

2099 3874 2210 3930 biis
2280 3870 2443 3943 (adeo
2506 3869 2612 3925 sibi
2672 3865 3049 3939 przelidebant)
3116 3864 3457 3920 dormientes
3488 3903 3504 3930 ,
3559 3879 3687 3919 cum

2100 3966 2263 4039 413
2291 3963 2485 4020 eodem
2518 3970 2764 4031 tempore
2812 3959 2881 4014 ab
2914 3957 3068 4013 omni
3110 3966 3265 4027 parte
3299 3955 3691 4012 circumdede-

2102 4068 2277 4113 runt:
2315 4065 2481 4125 atque
2505 4053 2727 4109 eminus
2756 4050 2977 4123 jaculis,
3037 4047 3245 4112 fundis,
3283 4046 3516 4118 sagittis,
3548 4047 3688 4103 alios

2101 4149 2370 4208 cubantes
2394 4147 2598 4211 adhuc,
2629 4144 2769 4200 alios
2796 4158 2950 4199 arma
2987 4141 3305 4209 induentes,
3335 4141 3562 4211 impune
3592 4154 3690 4196 oc-

2103 4227 2379 4299 ciderunt.
2422 4237 2656 4295 Romani
2696 4239 2843 4292 enim
2881 4238 2937 4292 in
2975 4234 3222 4291 tenebris
3257 4241 3315 4289 et
3362 4232 3566 4287 nebula
3591 4248 3694 4287 ne-

2102 4334 2253 4390 mine
2284 4332 2537 4389 cominus
2578 4343 2898 4399 congresso,
2950 4327 3156 4382 virtute
3202 4340 3301 4380 sua
3342 4323 3422 4378 uti
3448 4338 3559 4377 non
3592 4336 3693 4393 po-

2102 4434 2353 4483 tuerunt.
2400 4423 2612 4479 Tantus
2661 4430 2848 4476 autem
2900 4418 3172 4475 tumultus
3223 4417 3350 4482 fuit,
3392 4424 3539 4471 tanta
3566 4430 3693 4485 per-

2104 4518 2371 4578 turbatio.
2408 4524 2598 4571 tantus
2627 4522 2811 4569 terror
2831 4526 2928 4567 eos
2958 4510 3181 4576 invasit,
3221 4518 3279 4563 ut
3346 4514 3692 4563 terrasmotus

2103 4609 2199 4682 qui
2225 4617 2341 4664 tum
2366 4606 2590 4669 ﬁebant.
2619 4620 2726 4661 non
2764 4603 3058 4667 sentirent,
3089 4602 3339 4673 quamvis
3363 4601 3534 4655 multa
3558 4598 3695 4655 tedi-

2105 4700 2229 4755 ﬁcia
2259 4706 2607 4762 corruerent,
2644 4697 2801 4752 multi
2839 4706 3057 4753 montes
3090 4684 3289 4768 partim
3324 4694 3693 4760 ﬁnderentur,

2105 4791 2305 4862 partim
2359 4789 2589 4859 collapsi
2641 4789 2812 4844 valles
2856 4789 3297 4859 complanarent,
3351 4797 3408 4843 et
3465 4785 3692 4841 ﬂumina

2106 4881 2393 4937 veteribus
2442 4880 2615 4935 alveis
2662 4880 2930 4943 exclusa,
2982 4880 3091 4934 alio
3141 4887 3513 4933 verterentur.
3563 4875 3695 4942 Quas

2106 4988 2230 5029 cum
2254 4973 2307 5026 in
2340 4971 2560 5026 Etruria
2587 4970 2802 5035 ﬁerent,
2832 4986 2861 5025 a
2888 4969 3261 5042 pugnantibus
3292 4984 3397 5022 non
3423 4976 3551 5023 sunt
3576 4968 3697 5019 ani-

2106 5065 2414 5120 madversa.
2448 5064 2665 5119 Cecidit
2692 5065 2807 5133 ipse
2845 5062 3169 5126 Flaminius,
3200 5072 3255 5116 et
3290 5061 3525 5114 maxima
3557 5058 3697 5110 mul-

2111 5155 2326 5213 titudo:
2369 5156 2684 5225 complures
2707 5156 2871 5211 etiam
2902 5154 3113 5209 tumulo
3129 5152 3365 5222 quodam
3399 5158 3694 5217 occupato.

2105 5248 2201 5303 ubi
2231 5247 2452 5312 diluxit,
2488 5247 2614 5318 fuga
2639 5248 2869 5303 salutem
2894 5246 3204 5317 quaesituri,
3252 5243 3418 5312 capti,
3450 5256 3601 5295 arma
3636 5246 3693 5293 et

2103 5340 2457 5410 semetipsos,
2496 5340 2825 5408 impunitate
2865 5338 3158 5408 promissa,
3191 5335 3546 5391 dediderunt.
3585 5330 3694 5387 Sed

2099 5434 2339 5490 Annibal
2368 5432 2732 5504 jurisjurandi
2772 5447 2966 5500 parum
3020 5443 3251 5489 memor,
3289 5441 3482 5481 omnes
3513 5426 3689 5493 capti-

2098 5540 2202 5580 vos
2230 5524 2324 5595 qui
2368 5523 2423 5577 in
2478 5520 2674 5576 castris
2698 5528 2878 5587 erant,
2916 5535 2982 5576 ex
3023 5518 3262 5575 subditis
3292 5526 3345 5573 et
3371 5516 3538 5571 sociis
3582 5515 3698 5571 Ro-
3734 5553 3757 5567 .

1617 5681 1814 5744 Varias
1851 5680 2159 5745 lectiones
2202 5687 2264 5746 et
2298 5690 2495 5745 notas.

489 5804 600 5880 (32)
635 5804 946 5867 Βαννῶνα.
1013 5807 1091 5865 lta
1144 5808 1299 5880 Regii
1346 5817 1402 5865 et
1462 5806 1707 5865 Colbert.
1762 5805 1995 5865 Wolﬁus

2098 5809 2301 5866 ιανῶνα
2332 5807 2600 5865 ediderat.
