4024 6394
358 329 464 394 707

1630 319 1952 384 IOANNIS
1990 318 2308 381 ΖΟΝΑΒᾸΞ

3509 317 3615 382 703

354 453 644 500 manorum
667 435 915 494 dimisit:
944 435 1220 492 Romanos
1243 431 1391 504 ipsos
1417 431 1470 487 in
1495 432 1731 490 vinculis
1753 447 1932 488 asser-

2041 448 2188 501 σχον,
2217 430 2278 484 οὐ
2315 430 2498 502 μέντοι
2524 431 2616 483 καὶ
2631 431 2678 484 οἱ
2716 428 3015 501 μαχόμενοι
3034 427 3094 482 ἐν
3122 427 3304 500 ἐννοίᾳ
3329 429 3481 500 σφῶν
3497 433 3620 503 ἐγέ-

354 534 521 590 vavit.
569 531 665 586 His
707 531 865 592 actis,
899 528 1098 583 itinere
1144 526 1373 579 Romam
1408 525 1639 586 intento,
1671 523 1932 580 Narniam

353 641 531 695 usque
560 638 721 694 agros
769 619 1058 682 vastando,
1111 625 1165 672 et
1211 617 1376 670 urbes
1431 614 1758 684 subigendo,
1797 613 1934 683 Spo-

352 719 464 773 leto
499 725 750 784 excepto,
785 724 1130 782 progressus,
1179 708 1242 764 C.
1279 707 1608 763 Centenium
1643 718 1932 776 praetorem

352 811 817 866 circumventum,
842 801 1058 857 evitatis
1079 799 1451 870 ejuszinsidiis,
1471 797 1696 852 occidit.
1726 797 1769 851 A
1797 797 1936 866 Spo-

354 901 467 956 leto
512 899 786 969 repulsus,
835 911 961 950 cum
1019 903 1244 962 pontem
1279 892 1439 946 Naris
1466 891 1741 962 dejectum
1769 889 1938 944 vidis-

355 1001 462 1056 set,
497 993 752 1059 idemque
786 987 1001 1044 caeteris
1030 985 1374 1048 ﬂuminibus,
1417 1000 1540 1054 quas
1576 983 1811 1038 transire
1843 997 1939 1037 ue-

353 1099 506 1139 eesse
557 1081 817 1148 habebat,
847 1095 969 1135 esse
1008 1079 1215 1133 factum
1256 1077 1545 1132 audisset:
1588 1076 1793 1130 omisso
1826 1075 1936 1129 Ro-

354 1193 516 1231 mano
550 1176 768 1238 itinere,
823 1173 880 1227 in
919 1172 1276 1242 Campaniam
1325 1186 1384 1226 se
1430 1169 1726 1232 convertit,
1778 1168 1938 1239 cujus

353 1269 531 1324 solum
565 1266 988 1331 fertilissimum,
1020 1272 1076 1320 et
1117 1263 1314 1319 urbem
1362 1262 1604 1332 Capuam
1642 1261 1936 1316 maximam

351 1375 476 1414 esse
515 1356 797 1413 audiebat.
823 1356 970 1422 Quas
997 1355 1042 1411 si
1069 1363 1415 1424 occupasset,
1468 1368 1526 1408 se
1556 1361 1754 1408 caetera
1783 1350 1936 1406 brevi

354 1461 601 1520 tempore
632 1450 976 1520 adjecturum
1009 1447 1258 1518 putabat.
1288 1446 1524 1502 Romani
1559 1445 1716 1500 clade
1749 1444 1937 1500 audita

354 1541 535 1596 moesti
563 1550 728 1610 atque
762 1538 932 1603 anxii,
979 1545 1033 1592 et
1077 1537 1405 1606 semetipsos
1454 1545 1509 1590 et
1541 1549 1713 1590 caesos
1745 1535 1940 1604 lugen-

353 1645 457 1698 tes,
507 1642 700 1701 pontes
748 1630 987 1694 Tiberis,
1023 1639 1229 1700 praeter
1263 1641 1458 1690 unum,
1504 1625 1850 1696 dejecerunt,
1881 1633 1940 1680 et

353 1726 554 1781 moenia
587 1723 776 1778 multis
808 1723 861 1776 in
887 1721 1026 1777 locis
1051 1722 1275 1776 ruinosa
1308 1719 1564 1774 celeriter
1599 1717 1935 1782 refecerunt,

2036 539 2212 576 νοντο.
2245 522 2420 586 Αὐτός
2459 539 2516 575 τε
2553 517 2653 577 οὖν
2678 523 2706 576 ὁ
2745 521 3056 593 Φλαμίνιος,
3097 521 3192 574 καὶ
3255 520 3407 576 ἄλλοι
3467 540 3622 596 παμο

2044 615 2273 687 πληθεϊς
2303 615 2521 670 ἔπεσονο
2561 617 2747 686 συχνοὶ
2778 615 2834 668 δε
2862 614 2954 667 ἐπί
2981 630 3104 668 τινα
3125 614 3289 684 λόφον
3313 614 3620 686 άνέϐησανο

2036 708 2163 761 ἐπεὶ
2199 707 2244 760 δ’
2267 708 2452 778 ἡμέρα
2481 708 2721 776 ἐγένετο,
2747 709 2830 770 είς
2871 707 3050 776 φυγὴν
3077 705 3373 777 ὥρμησαν,
3391 709 3488 760 καὶ
3517 725 3622 763 κα-

2036 800 2428 870 ταληφθέντες,
2450 800 2519 854 τά
2545 817 2606 852 τε
2636 801 2779 854 ὅπλα
2802 799 2897 854 καὶ
2926 800 3152 863 ἐαυτοὺς
3178 797 3266 852 ἐπ’
3294 799 3450 871 ἀδείᾳ
3473 818 3625 872 παρ-

2037 890 2248 943 έδοσαν.
2280 889 2349 942 '0
2379 905 2443 958 γε
2475 890 2580 960 μὴν
2625 888 2873 950 Ἀννίϐας
2923 886 3100 957 βραχὺ
3155 885 3265 938 τῶν
3293 885 3628 958 ὀμωμοσμέ-

2041 999 2148 1035 νων
2175 981 2484 1051 ἐφρόντισε,
2529 982 2752 1034 πάντων
2797 980 2853 1033 δέ
2884 979 2992 1032 τῶν
3042 979 3102 1030 ἐν
3143 977 3224 1048 τῷ
3265 980 3623 1052 στρατοπέδῳ

2041 1073 2302 1137 ἁλόντων,
2333 1073 2518 1143 τὸμὲν
2575 1072 2844 1143 ὑπήκοον,
2897 1070 2958 1124 τό
2984 1087 3044 1123 τε
3113 1070 3466 1140 συμμαχικὸν
3516 1072 3626 1126 τῶν

2048 1162 2338 1231 Ῥωμαίων
2367 1163 2607 1232 ἀφῆκεν,
2643 1161 2845 1224 αὐτοὺς
2877 1159 2935 1213 δὲ
2981 1159 3225 1222 ἐκείνους
3273 1158 3448 1230 δήσας
3495 1161 3622 1228 ἐφύ-

2039 1250 2230 1305 λασσε.
2253 1253 2296 1304 Π
2306 1252 2475 1321 ράξας
2497 1251 2554 1304 δέ
2576 1251 2774 1316 ταῦτα,
2805 1252 2899 1304 ἐπὶ
2926 1250 3026 1320 τὴν
3071 1247 3299 1319 Ῥώμην
3339 1250 3616 1320 ἠπείγετο,

2039 1345 2137 1398 καὶ
2168 1346 2334 1416 μέχρι
2369 1344 2468 1416 μὲν
2494 1345 2742 1415 Ναρνιᾶς
2768 1345 2868 1413 τήν
2903 1361 2962 1397 τε
2985 1343 3088 1413 γῆν
3120 1343 3356 1414 τέμνων,
3394 1345 3492 1398 καὶ
3521 1345 3619 1408 τὰς

2039 1437 2232 1500 πόλεις
2287 1437 2704 1509 προσαγόμενος
2769 1437 2910 1506 πλὴν
2974 1436 3292 1502 Σπολιτίου,
3363 1438 3621 1510 προῆλθε,

2038 1530 2201 1584 Γάῖόν
2239 1547 2299 1582 τε
2320 1529 2566 1584 ἐνταῦθα
2604 1531 2899 1598 Κεντήνιον
2931 1527 3239 1598 στρατηγὸν
3271 1529 3624 1600 ἐνεδρεύοντα

2040 1621 2318 1694 περισχὼν
2349 1621 2622 1677 ἔκτεινεν.
2666 1620 2754 1685 Ὣς
2787 1621 2846 1674 δὲ
2871 1619 2952 1692 τῷ
2988 1619 3260 1691 Σπολιτίῳ
3294 1620 3623 1692 προσϐαλὼν

2039 1715 2392 1786 ἀπεκρούσθη
2425 1755 2441 1779 ,
2475 1715 2570 1768 καὶ
2627 1715 2726 1785 τὴν
2760 1714 2854 1767 τοῦ
2904 1713 3144 1785 Ναείρου
3194 1714 3448 1785 γέφυραν
3488 1714 3626 1769 καθ-

349 1827 406 1874 ct
434 1818 755 1874 dictatorem
787 1817 840 1870 in
877 1814 1142 1869 concione
1164 1812 1458 1867 dixerunt:
1485 1826 1548 1865 ac
1573 1811 1710 1866 bene
1743 1825 1932 1865 secum

2045 1807 2336 1877 ῃρημένην
2367 1803 2499 1874 εἳδε,
2527 1809 2623 1862 καὶ
2655 1825 2723 1860 πε
2735 1808 2787 1878 9l.
2811 1807 2938 1870 τοὺς
2959 1806 3155 1870 ἄλλους
3200 1807 3504 1877 ποταμοὺς,
3529 1807 3624 1870 οὒς

351 1911 437 1981 agi
476 1909 875 1970 existimantes,
914 1907 958 1961 si
992 1905 1094 1975 ipsi
1122 1911 1411 1958 manerent
1433 1901 1758 1967 incolumes,
1785 1901 1936 1956 nulla

351 2005 519 2058 sociis
547 2001 750 2056 auxilia
803 1999 1096 2055 miserunt.
1144 1995 1252 2052 Sed
1299 1995 1586 2050 Annibalis
1619 1994 1675 2049 in
1705 1993 1940 2064 Campa-

350 2095 498 2150 niam
537 2091 881 2164 profectione
920 2089 1127 2156 audita,
1163 2088 1329 2143 etiam
1379 2087 1545 2143 sociis
1592 2101 1752 2156 opem
1786 2070 1933 2140 ferre

352 2185 747 2239 decreverunt.
818 2180 1079 2236 Annibali
1125 2179 1452 2235 dictatorem
1492 2179 1721 2234 Fabium
1764 2188 1823 2233 et
1863 2177 1934 2233 Μ.

351 2277 648 2332 minutium
702 2275 1024 2345 magistrum
1073 2273 1322 2342 equitum
1369 2277 1790 2342 opposuerunt:
1840 2268 1936 2340 qui

351 2386 477 2425 eum
529 2384 596 2423 eo
643 2368 946 2434 venissent,
999 2382 1124 2422 cum
1166 2365 1260 2419 illo
1311 2380 1421 2419 non
1471 2363 1752 2434 congressi
1785 2371 1935 2430 sunt,

352 2463 446 2516 sed
483 2460 654 2532 tergis
686 2460 1041 2523 inhaerentes,
1089 2458 1461 2513 observarunt
1490 2457 1712 2527 quando
1742 2472 1800 2512 se
1831 2472 1933 2527 pu-

351 2571 470 2625 gnae
519 2554 745 2608 oil‘erret
790 2551 1031 2607 occasio.
1090 2549 1297 2606 Fabius
1327 2548 1478 2603 enim
1504 2563 1630 2603 eum
1664 2547 1938 2603 militibus

353 2646 584 2716 trepidis
611 2655 668 2700 et
697 2645 856 2699 victis
893 2653 1086 2699 contra
1134 2643 1301 2716 414
1338 2645 1545 2715 plures,
1589 2650 1647 2696 et
1673 2643 1934 2704 victores.

352 2735 538 2790 Martis
590 2735 763 2788 aleam
807 2733 1051 2803 experiri
1113 2733 1331 2789 noluit:
1374 2733 1650 2803 simulque
1685 2731 1936 2800 putabat,

349 2842 462 2896 quo
489 2825 662 2896 magis
695 2840 887 2895 agrum
913 2833 1240 2890 vastassent,
1287 2839 1356 2880 eo
1397 2825 1563 2880 citius
1595 2832 1939 2879 commeatus

351 2919 583 2990 penuria
615 2917 983 2972 laboraturos.
1022 2915 1118 2970 llis
1147 2915 1460 2972 rationibus
1511 2915 1804 2981 adductus,
1841 2929 1938 2969 ne-

352 3027 459 3081 que
490 3009 652 3065 alteri
685 3010 898 3080 regioni
936 3007 1054 3071 ulli,
1087 3021 1265 3075 neque
1305 3005 1620 3076 Campania:
1657 3020 1817 3075 opem
1851 3013 1942 3059 tu-

351 3104 454 3158 lit:
507 3111 564 3158 et
604 3117 798 3156 omnes
844 3101 1033 3155 hostes
1079 3099 1131 3153 in
1169 3097 1470 3169 Campania
1517 3097 1832 3158 conclusos,
1881 3103 1937 3150 et

352 3195 598 3265 undique
647 3194 968 3264 ignorantes
1009 3189 1387 3245 circumdatos
1434 3188 1767 3243 observavit.
1799 3186 1936 3242 Nam

354 3286 456 3356 ipsi
511 3285 736 3355 quidem
785 3291 840 3338 ct
881 3298 948 3336 ex
1001 3279 1136 3334 mari
1181 3289 1237 3334 et
1284 3293 1353 3336 ex
1406 3279 1570 3334 sociis
1619 3278 1938 3333 civitatibus

352 3385 694 3430 conmeatus
716 3372 935 3427 abunde
964 3370 1290 3440 suppetebat
1318 3387 1332 3423 :
1368 3370 1476 3425 illis
1501 3385 1632 3424 vero
1653 3369 1790 3424 nihil
1812 3384 1934 3423 esse

351 3466 458 3523 nisi
509 3482 576 3522 ex
629 3479 885 3536 agrorum
931 3462 1239 3516 vastatione
1294 3471 1474 3516 norat.
1531 3459 1628 3516 His
1658 3460 1726 3516 de
1757 3460 1942 3515 causis

352 3573 562 3613 moram
593 3572 751 3626 aequo
800 3555 1014 3609 terebat
1041 3554 1251 3622 animo,
1286 3564 1342 3610 et
1371 3569 1402 3609 a
1428 3553 1641 3610 civibus
1668 3568 1779 3609 non
1818 3553 1939 3608 sine

350 3648 596 3718 querelis
627 3647 931 3702 Cunctator
962 3631 1273 3700 dicebatur.

2039 1899 2339 1966 ἀναγκαῖον
2367 1898 2620 1964 διελθεῖν,
2646 1899 2806 1953 τοῦτο
2833 1898 3058 1968 γεγονὸς
3099 1897 3349 1964 ἐπύθετο,
3385 1897 3486 1967 τῆς
3519 1899 3620 1968 μέν

2039 1992 2131 2044 ἐπὶ
2159 1991 2256 2062 τὴν
2299 1991 2524 2064 Ῥώμην
2556 1994 2735 2064 ὁρμῆς
2783 1991 3050 2062 ἐπέσχεν·
3099 1993 3159 2052 ἐς
3216 1991 3274 2044 δέ
3311 1990 3411 2061 τὴν
3457 1992 3621 2061 Καμ-

2040 2085 2240 2139 πανίαν
2265 2085 2559 2155 ἐτράπετο,
2595 2085 2698 2155 τήν
2722 2102 2781 2140 τε
2815 2084 3002 2156 χώραν
3025 2085 3259 2156 ἀρίστην
3283 2086 3379 2139 καὶ
3401 2083 3498 2156 τὴν
3521 2085 3621 2137 πόα

2038 2177 2124 2232 λιν
2148 2176 2248 2248 τὴν
2281 2178 2517 2248 Καπύην
2553 2178 2821 2248 μεγίστην
2851 2176 3016 2232 οὖσαν
3050 2176 3292 2242 ἁκούων,
3346 2175 3621 2245 ἐνόμιζεν,

2038 2269 2088 2322 εί
2129 2270 2269 2339 σφᾶς
2297 2268 2733 2340 προκαταλάϐοι,
2779 2269 2875 2322 καὶ
2909 2267 3077 2323 τᾶλλα
3099 2267 3167 2320 δι’
3220 2266 3409 2335 ὀλίγου
3449 2281 3591 2337 προσ

2039 2361 2376 2434 κτήσασθαι.
2413 2361 2543 2416 Οίδ’
2573 2364 2631 2415 ἐν
2656 2365 2722 2434 τῇ
2759 2359 2958 2432 Ῥώμῃ
2984 2359 3283 2430 πυθόμενοι
3338 2361 3469 2431 περὶ
3522 2357 3621 2426 τῆς

2037 2456 2206 2528 ἥττης
2219 2455 2460 2526 ἧλγησαν
2475 2455 2570 2509 καὶ
2595 2454 2683 2508 διὰ
2709 2454 2953 2518 ἐκείνους
2974 2453 3071 2508 καὶ
3097 2452 3165 2506 δι’
3194 2452 3423 2515 ἑαυτοὺς
3439 2451 3630 2520 ὀδυρό-

2043 2563 2197 2617 μενοι
2216 2546 2312 2599 καὶ
2330 2547 2386 2598 ἐν
2408 2545 2599 2617 ἀπόρῳ
2619 2541 2758 2618 ἦσαν
2777 2545 2876 2609 τάς
2898 2562 2956 2599 τε
2974 2545 3220 2617 γεφύρας
3236 2543 3331 2598 τοῦ
3348 2541 3627 2613 Τιϐέριδος

2039 2638 2182 2708 πλὴν
2203 2639 2332 2708 μιᾶς
2355 2637 2629 2704 καθεῖλον,
2649 2636 2745 2690 καὶ
2759 2638 2828 2690 τὰ.
2843 2635 2995 2709 τείχη
3017 2635 3258 2707 πολλαχῆ
3277 2651 3527 2704 πεπονηκ
3544 2642 3625 2687 ’.τα

2043 2730 2248 2801 σπουδῇ
2281 2728 2682 2792 ἐπεσκεύαζον.
2718 2730 3026 2800 Δικτάτορά
3067 2747 3128 2782 τε
3159 2727 3624 2798 προχειρίσασθαι

2041 2817 2423 2888 βουληθέντες,
2443 2820 2601 2873 αὐτοὶ
2628 2821 2687 2873 ἐν
2707 2819 2976 2891 ἐκκλησίᾳ
2998 2820 3160 2874 αὐτὸν
3181 2822 3424 2873 ἀνεῖπον.
3461 2819 3620 2884 ’Δγαο

2040 2909 2254 2972 πῶντες
2281 2909 2340 2962 δέ
2374 2911 2423 2963 εί
2446 2910 2604 2962 αὐτοὶ
2635 2911 2790 2981 μόνοι
2822 2909 3074 2977 σωθεῖεν,
3105 2911 3205 2964 ούκ
3230 2909 3483 2964 ἔστειλαν
3504 2912 3618 2970 τοῖς

2043 3000 2360 3070 συμμάχοις
2389 3000 2670 3072 βοήθειαν.
2699 3001 3008 3072 Πυθόμενοι
3047 3003 3104 3056 δέ
3150 3005 3242 3056 τὸν
3281 3001 3534 3058 ’Δννίϐαν
3565 3003 3621 3064 ἐς

2044 3091 2382 3162 Καμπανίαν
2413 3093 2747 3166 ὁρμηθῆναι,
2791 3096 2854 3149 τό
2893 3113 2952 3148 τε
2994 3096 3089 3149 καὶ
3137 3097 3253 3160 τοῖς
3309 3095 3622 3165 συμμάχοις

2043 3184 2407 3256 ἐπικουρῆσαι
2440 3185 2709 3254 ἔγνωσαν·
2742 3187 2819 3258 τῷ
2853 3188 2901 3241 δ’
2946 3187 3167 3257 Ἀννίϐα
3200 3188 3290 3240 τὸν
3325 3187 3622 3255 δικτάτορα

2042 3275 2134 3328 τὸν
2159 3275 2381 3341 Φάϐιον,
2420 3277 2515 3330 καὶ
2559 3277 2650 3331 τὸν
2685 3279 2970 3350 ῐππαρχον
3004 3278 3095 3333 τὸν
3128 3280 3359 3347 Μάρκον
3387 3279 3477 3330 τδν
3510 3277 3620 3330 Μι-

2041 3365 2260 3420 νούκιον
2293 3369 2784 3439 ὰντικατέστησαν.
2815 3371 2880 3424 Οἳ
2917 3371 3004 3424 ἐπ’
3033 3373 3242 3424 ἐκεῖνον
3268 3369 3536 3432 ἐλθόντες,
3566 3369 3622 3431 ἐς

2039 3457 2138 3526 μὲν
2161 3461 2354 3530 χεῖρας
2387 3460 2536 3532 αύτῷ
2563 3461 2662 3514 οὐκ
2683 3460 2874 3532 ᾔεσανο
2914 3462 3294 3531 παρεπόμενοι
3321 3461 3380 3514 δὲ
3413 3460 3616 3530 ἐπετήο

2040 3565 2194 3619 ρουν,
2243 3552 2402 3605 είπου
2429 3554 2622 3624 καιρὸς
2655 3553 2836 3625 μάχης
2870 3557 3200 3625 παραπέσοι·
3233 3550 3625 3606 ἀποκινδυνεῦ-

2039 3659 2128 3695 σαι
2159 3647 2270 3715 γὰρ
2295 3645 2324 3698 ὁ
2357 3643 2559 3708 Φάϐιος
2592 3647 2962 3717 κατεπτηχόσι
2995 3645 3360 3718 στρατιώταις
3400 3643 3494 3697 καὶ
3523 3643 3622 3714 ἠτ-

351 3733 636 3808 τημένοις,
669 3738 805 3809 πρὸς
832 3738 1055 3802 πλείους
1085 3739 1181 3792 καὶ
1210 3736 1570 3809 νενικηκότας
1606 3737 1709 3792 οὐκ
1742 3735 1928 3809 ἦθελε,
1965 3737 2060 3789 καὶ
2121 3735 2240 3807 ἅμα
2300 3737 2412 3809 ὅσῳ
2441 3738 2643 3809 μᾶλλον
2682 3737 2781 3811 τὴν
2800 3739 2983 3811 χώραν
3011 3741 3343 3805 κακώσειαν,
3384 3736 3624 3807 τοσούτῳ

349 3817 554 3886 θᾶσσον
585 3832 867 3903 ἀπορῆσαι
893 3832 1099 3903 τροφῆς
1153 3831 1354 3896 αὐτοὺς
1420 3829 1640 3902 ἡλπισε.
1694 3830 1971 3894 Τοιούτοις
2013 3828 2300 3901 χρώμενος
2345 3830 2653 3901 λογισμοῖς,
2727 3831 2841 3886 οὔτ’
2907 3833 3043 3906 ἄλλῃ
3100 3833 3258 3907 χώρᾳ
3318 3835 3623 3906 ἐπήμυνεν,

345 3929 478 3984 οὔτε
512 3929 578 3998 τῇ
621 3925 948 3998 Καμπανίᾳ·
981 3924 1338 3981 κατέκλεισεν
1368 3920 1463 3979 οὖν
1492 3925 1582 3980 διὰ
1609 3923 1786 3980 ταῦτα
1824 3924 1936 3978 πᾶν
1971 3923 2032 3979 τὸ
2092 3924 2358 3995 πολέμιον
2400 3926 2482 3990 είς
2506 3925 2606 3996 τὴν
2635 3927 2995 3999 Καμπανίαν.
3063 3929 3354 4002 Περισχὼν
3384 3929 3495 4001 γὰρ
3526 3931 3629 3984 αύ-

349 4024 476 4086 τοὺς
508 4022 886 4093 ἁπανταχόθεν
915 4021 1018 4073 οὐκ
1045 4019 1254 4085 εἰδότας
1280 4021 1340 4075 ἐν
1369 4019 1590 4092 φυλακῇ
1615 4019 1934 4091 ἐποιήσατο.
1975 4018 2153 4083 Αὐτὸς
2225 4019 2326 4090 μὲν
2363 4018 2474 4092 γὰρ
2530 4021 2642 4074 κάκ
2678 4021 2779 4091 τῆς
2811 4020 3113 4092 θαλάσσης,
3137 4022 3235 4076 καὶ¹
3267 4025 3329 4075 ἐκ
3352 4021 3455 4092 τῆς
3491 4036 3631 4089 συμ,

350 4116 586 4188 μαχίδος
611 4116 722 4168 τῶν
757 4114 1085 4185 ἐπιτηδείων
1119 4114 1368 4184 εῦπορεῖ’
1432 4113 1668 4179 ἐκείνοις
1709 4113 1768 4167 δὲ
1835 4112 1976 4183 μόνα
2009 4113 2082 4169 τὰ
2147 4113 2214 4167 ἐκ
2243 4113 2342 4184 τῆς
2375 4113 2481 4184 γῆς
2511 4112 2580 4186 ἢν
2611 4112 2849 4185 ἔκειρον,
2880 4115 3199 4185 ὑπάρχοντα
3228 4114 3366 4186 ᾔδει.
3395 4116 3506 4171 Καὶ
3540 4117 3630 4169 δια

348 4211 514 4263 τοῦτο
543 4210 725 4280 ἀνεῖχε
756 4210 853 4262 καὶ
891 4207 994 4278 τῆς
1031 4206 1341 4278 μελλήσεως
1371 4205 1472 4259 οὐκ
1501 4205 1812 4280 ἐφρόντισε.
1845 4205 1938 4260 Διὸ
1969 4205 2068 4260 καὶ
2133 4205 2289 4278 παρὰ
2341 4205 2453 4259 τῶν
2481 4205 2720 4260 πολιτῶν
2749 4207 2940 4261 αἰτίαν
2977 4200 3122 4277 εἶχεν
3181 4206 3258 4272 ώς
3330 4209 3426 4263 καὶ
3481 4209 3629 4266 Μελ-

352 4303 521 4374 λητὴς
550 4300 1034 4370 ἐπωνομασθῆναι.

426 4394 616 4451 XXVI.
659 4393 898 4448 Annibal
939 4401 1145 4460 autem,
1178 4394 1420 4448 instante
1473 4393 1676 4458 hieme,
1717 4407 1843 4448 eum
1872 4391 1937 4448 ob

2125 4389 2273 4458 KG’.
2309 4389 2370 4443 Ὀ
2403 4388 2448 4442 δ’
2494 4386 2746 4450 Ἀννίϐας
2779 4388 2904 4441 ἐπεὶ
2933 4387 3071 4458 πρὸς
3097 4389 3345 4460 χειμῶνα
3390 4393 3626 4462 ἐγίνετο.

347 4495 700 4544 commeatus
737 4485 1026 4555 penuriam
1080 4501 1148 4540 eo
1191 4486 1314 4542 loco
1349 4486 1646 4541 hibernare
1673 4501 1784 4541 non
1821 4500 1937 4555 pos-

2051 4482 2146 4536 καὶ
2175 4480 2300 4536 οὕτε
2325 4480 2466 4536 κατὰ
2495 4480 2682 4551 χώραν
2719 4481 2985 4552 χειμάσαι
3042 4483 3239 4536 σπάνει
3290 4484 3401 4539 τῶν
3459 4487 3629 4556 ἀναγ-

349 4589 459 4645 εει,
492 4589 547 4635 et
577 4579 760 4633 varias
793 4577 1039 4632 rationes
1087 4577 1401 4649 Campaniae
1445 4577 1684 4633 exeundi
1734 4578 1937 4633 frustra

2046 4574 2218 4628 καίων
2246 4572 2500 4644 ἠδύνατο,
2532 4573 2629 4626 καὶ
2661 4573 2907 4644 πολλαχῆ
2965 4575 3236 4646 πειράσας
3272 4577 3474 4642 ἐξιέναι
3526 4583 3626 4650 τῆς

357 4676 644 4733 tentasset,
673 4667 991 4737 hujusmodi
1021 4668 1317 4722 consilium
1345 4668 1514 4737 cepit.
1537 4667 1798 4738 Captivos
1825 4682 1944 4722 om-

359 4774 462 4814 nes
495 4765 845 4819 convocatos,
897 4772 967 4811 ne
1000 4757 1126 4827 quis
1170 4773 1362 4813 eorum
1387 4758 1678 4830 eﬂ‘ugeret,
1717 4766 1772 4814 et
1806 4758 1941 4828 quid

351 4858 616 4922 ageretur
661 4848 924 4902 Romanis
971 4848 1323 4918 signiﬁcaret,
1371 4850 1611 4905 occidit:
1655 4858 1709 4905 et
1750 4851 1941 4912 boum,

355 4957 498 5014 quos
541 4941 596 4995 in
645 4940 845 4995 castris
894 4939 1155 5005 habebat,
1201 4941 1465 4998 cornibus
1495 4942 1644 4998 faces
1672 4943 1938 5014 alligavit,

357 5041 639 5102 noctuque
669 5030 736 5086 ad
769 5031 1099 5088 Samniticos
1154 5041 1372 5088 montes
1396 5034 1698 5104 profectus,
1731 5034 1943 5090 facibus

360 5125 604 5183 incensis
649 5123 818 5179 boves
850 5122 1221 5189 extimulavit,
1267 5125 1360 5195 qui
1390 5125 1499 5194 igni
1524 5135 1580 5180 et
1621 5126 1944 5181 verberibus

361 5215 418 5270 in
450 5213 660 5268 rabiem
698 5211 830 5280 acti,
875 5211 1066 5266 multis
1098 5211 1151 5265 in
1186 5211 1324 5268 locis
1365 5211 1502 5266 silva
1535 5213 1780 5278 incensa,
1811 5213 1944 5270 faci-

360 5307 468 5362 lem
500 5305 552 5360 ei
585 5305 874 5360 transitum
907 5305 1285 5374 praebuerunt.
1319 5305 1454 5360 Nam
1496 5305 1726 5360 Romani
1759 5305 1853 5377 qui
1886 5307 1942 5361 in

362 5397 561 5452 castris
607 5407 664 5451 et
705 5397 942 5452 collibus
996 5405 1174 5464 erant,
1228 5397 1460 5453 insidias
1509 5397 1694 5465 veriti,
1739 5415 1796 5454 sc
1831 5415 1940 5455 nou

365 5499 802 5543 commoverunt.
836 5488 926 5544 Sic
958 5488 1195 5544 Annibal
1243 5490 1309 5545 ad
1358 5489 1632 5546 Samnites
1669 5493 1939 5562 pervenit.

365 5580 441 5637 Ea
469 5595 526 5632 re
559 5581 758 5634 Fabius
799 5597 958 5636 mane
1001 5584 1242 5652 cognita,
1288 5584 1555 5640 abeuntes
1579 5600 1939 5656 persequens,

369 5670 436 5726 iis
469 5673 562 5737 qui
597 5671 662 5724 ad
697 5672 886 5726 hostes
935 5673 1280 5742 repellendos
1326 5675 1381 5728 in
1417 5675 1504 5729 via
1553 5675 1730 5730 relicti
1758 5686 1939 5737 erant,

372 5756 591 5831 fugatis,
622 5776 923 5830 eorumque
972 5763 1136 5819 sociis
1175 5769 1487 5835 superatis:
1530 5783 1636 5821 non
1692 5768 1937 5837 procula

2043 4663 2381 4734 Καμπανίας
2440 4663 2741 4728 κεκώλυτο,
2789 4663 3036 4720 τοιοῦτόν
3099 4683 3150 4719 τι
3209 4669 3622 4742 ἐμηχανήσατο.

2043 4757 2186 4820 Τοὺς
2217 4754 2604 4826 αἰχμαλώτους
2637 4756 2872 4825 πάντας,
2907 4758 2995 4811 ἵνα
3037 4760 3226 4831 μήτις
3269 4762 3452 4814 αὐτῶν
3503 4762 3623 4817 δια-

2043 4845 2214 4918 φύγῃ,
2250 4847 2346 4900 καὶ
2383 4846 2444 4900 τὸ
2487 4845 2775 4916 γινόμενον
2839 4849 3085 4922 γνωρίσῃ
3138 4854 3254 4917 τοῖς
3304 4853 3623 4924 Ῥωμαίοις,

2044 4938 2353 5009 κιτέσφαξε
2385 4955 2400 4971 ο
2437 4941 2532 4995 καὶ
2560 4943 2658 5006 τὰς
2683 4943 2742 4994 ἐν
2765 4941 2840 5013 τῷ
2865 4945 3216 5016 στρατοπέδῳ
3257 4945 3384 5016 βοῦς
3441 4947 3627 5018 ἀθροίο

2045 5050 2166 5100 σας,
2195 5033 2359 5104 δᾷδας
2388 5035 2502 5098 τοῖς
2535 5035 2716 5091 αὐτῶν
2746 5035 3051 5108 προσέδησε
3083 5039 3302 5110 κέρασι,
3333 5041 3427 5093 καὶ
3484 5040 3621 5110 πρὸς

2041 5128 2112 5180 τὰ
2137 5129 2280 5181 κατὰ
2306 5130 2432 5192 τοὺς
2462 5129 2739 5199 Σαμνίτας
2789 5131 2892 5202 ὅρη
2948 5131 3055 5185 ὑπὸ
3117 5132 3289 5187 νύκτα
3341 5134 3625 5206 χωρήσας.

2043 5219 2144 5280 τάς
2177 5235 2239 5272 τε
2276 5219 2441 5290 δᾷδας
2471 5221 2644 5292 ἀνῆψε
2674 5223 2773 5276 καὶ
2802 5225 2900 5287 τὰς
2945 5224 3072 5295 βοῦς
3129 5228 3486 5299 ἐπετάραξεν.
3533 5232 3626 5282 Οἱ-

2047 5311 2370 5382 στρηθεῑσαι
2399 5313 2443 5366 δ’
2476 5315 2683 5368 ἐκεῖναι
2710 5314 2801 5369 διὰ
2855 5317 2916 5370 τὸ
2943 5317 3054 5389 πῦρ
3105 5320 3202 5374 καὶ
3258 5321 3359 5391 τὴν
3411 5322 3622 5387 ἔλασιν,

2048 5403 2298 5475 πολλαχῆ
2328 5404 2428 5475 τὴν
2459 5404 2594 5476 ῦλην
2632 5406 2966 5477 ἐνέπρησαν,
3015 5410 3127 5463 κάκ
3174 5410 3371 5466 τούτου
3430 5414 3624 5484 ῥᾳδίαν

2046 5495 2324 5564 παρέσχον
2355 5495 2507 5563 αὑτῴ
2531 5495 2632 5565 τὴν
2660 5495 2985 5566 ὑπέρϐασιν.
3018 5499 3082 5551 Οί
3114 5497 3224 5569 γὰρ
3254 5501 3312 5552 ἐν
3345 5499 3423 5571 τῷ
3457 5501 3626 5568 πεδίῳ

2062 5587 2327 5655 Ῥωμαῖοι
2359 5587 2452 5638 καὶ
2482 5588 2532 5640 oi
2567 5588 2624 5640 ἐν
2661 5590 2772 5650 τοῖς
2814 5589 3136 5662 μετεώροις,
3179 5592 3402 5664 ἐνέδρας
3458 5611 3627 5662 πτοη-

2046 5680 2255 5741 θέντες,
2309 5679 2410 5731 οὑκ
2464 5680 2824 5750 ἐκινήθησαν.
2885 5683 2997 5736 Καὶ
3044 5683 3218 5748 οὕτως
3281 5686 3310 5738 ὀ
3378 5684 3625 5748 Ἀννίϐας

2055 5770 2263 5840 διῆλθε,
2297 5773 2388 5824 καὶ
2415 5773 2469 5836 ἐς
2494 5772 2592 5843 τὴν
2619 5773 2915 5845 Σαμνίτιδα
2949 5775 3239 5848 ἐκομίσθη.
3285 5777 3342 5831 '0
3376 5776 3469 5831 οὖν
3521 5780 3625 5832 ψά-
