4024 6414
397 356 507 422 709

1597 360 2006 427 ANNAL‘lUM
2047 365 2121 426 LI
2136 366 2199 429 Β.
2239 368 2413 432 VIII.

3532 392 3641 460 Ἰιο

388 476 530 543 ϐιος,
571 470 694 545 μεθ’
733 470 953 544 ἡμέραν
984 470 1047 529 τὸ
1094 472 1394 545 γενόμενον
1427 476 1615 546 γνοὺς,
1655 478 1942 546 κατεδίωξε

2044 520 2052 544 ι
2082 480 2269 539 Poenis
2299 495 2477 541 castra
2508 488 2713 559 posuit,
2745 490 2843 548 sed
2876 509 3056 568 pugna
3088 496 3409 568 detrectats.
3442 521 3539 565 eos
3573 527 3665 567 va-

388 567 485 620 καὶ
521 565 651 630 τούς
674 582 733 618 τε
765 563 1301 634 καταλελειμμένους
1351 569 1410 620 ἐν
1456 571 1523 640 τῇ
1555 569 1663 642 6δῷ
1698 571 1787 626 ἵνα
1828 572 1968 642 σφᾶς

387 656 606 730 είρξασι
638 657 998 729 τρεψάμενος,
1037 656 1133 710 καὶ
1176 659 1304 722 τοὺς
1360 659 1736 732 βοηθήσαντας
1786 662 1972 728 αὐτοῖς

387 752 699 823 κρατήσας,
748 748 1294 821 ἐστρατοπεδεύσατο
1341 751 1442 822 μὲν
1496 754 1557 807 οὐ
1624 755 1816 827 πόρρω
1863 755 1971 809 τῶν

387 842 691 913 πολεμίων,
722 843 782 894 οὗ
809 843 994 909 μέντοι
1027 845 1123 896 καὶ
1174 846 1229 907 ἐς
1264 846 1455 918 χεῖρας
1486 846 1721 911 ἐκείνοις
1776 843 1966 917 ἦλθεν,

385 932 501 987 ἀλλ’
560 932 1002 987 ἅποσκίδνασῦαί
1057 951 1116 987 τε
1187 935 1388 997 αὐτοὺς
1450 937 1545 990 καὶ
1603 938 1967 1010 προνομεύειν

384 1021 645 1080 ἐκώλυεν.
680 1024 847 1077 Ὥστε
889 1023 983 1079 τὸν
1023 1024 1296 1093 Ἀννίϐαν,
1329 1026 1706 1098 ἀπορήσαντα,
1756 1030 1816 1081 τὸ
1865 1030 1962 1099 μὲν

385 1116 604 1186 πρῶτον
635 1116 730 1170 ἐπὶ
756 1114 858 1189 τὴν
895 1114 1119 1188 Ῥώμην
1150 1117 1418 1188 ὁρμῆσαι·
1477 1120 1554 1183 ὡς
1596 1121 1644 1175 δ’
1693 1122 1793 1176 οῦκ
1832 1122 1968 1194 ἐμά-

384 1210 620 1280 χετο,δι’
649 1210 886 1281 ἡσυχίας
919 1210 978 1264 δὲ
1012 1214 1423 1284 παρηκολούθει
1452 1214 1480 1267 6
1525 1213 1753 1280 Φάϐιος,
1808 1215 1966 1280 αὖθις

384 1301 726 1374 ὑπέστρεψεν
784 1304 866 1367 είς
922 1303 986 1357 τὸ
1033 1304 1292 1376 Σάμνιον.
1335 1307 1447 1361 Καὶ
1487 1308 1516 1362 6
1562 1306 1765 1373 Φάϐιος
1813 1307 1963 1380 αὐτῷ

379 1395 717 1466 ἐφεπόμενος
729 1394 796 1448 δι’
813 1396 1118 1464 ἀσφαλείας
1140 1398 1482 1470 προσήδρευε
1507 1399 1963 1472 προμηθούμενος

381 1486 518 1556 μήτε
562 1486 672 1540 τῶν
701 1486 920 1542 οἰκείων
947 1487 1245 1543 ἀποϐαλεῖν
1273 1507 1448 1558 τινας,
1467 1492 1562 1545 καὶ
1590 1492 1753 1556 αὐτὸς
1788 1492 1886 1563 μὲν
1905 1494 1962 1545 ἐν

378 1573 612 1646 εὐπορίᾳ
654 1574 765 1628 τῶν
786 1576 1105 1645 ἀναγκαίων
1131 1579 1439 1650 τυγχάνων,
1499 1581 1694 1654 ἐκείνῳ
1738 1583 1796 1636 δέ
1850 1582 1961 1638 τῶν

375 1665 558 1720 ὅπλων
596 1668 754 1731 ἐκτὸς
779 1668 934 1722 οὐδὲν
955 1672 1247 1742 προσεῖναι
1294 1672 1464 1745 ὁρῶν,
1493 1673 1591 1729 καὶ
1650 1676 1775 1745 μηδ’
1813 1675 1962 1730 οίκο-

376 1756 471 1812 θεν
499 1759 841 1831 προσιοῦσαν
893 1762 1244 1834 ἐπικουρίαν.
1305 1769 1369 1821 οι
1428 1767 1540 1839 γὰρ
1595 1769 1957 1841 Καρχηδόνιοι

2080 575 2193 645 gari
2227 585 2283 630 et
2310 578 2522 647 praedas
2551 596 2710 650 agere
2739 585 3047 656 prohibuit.
3080 590 3275 663 Itaque
3326 594 3561 656 Annian
3591 604 3663 659 ob

2079 666 2414 723 cibariorum
2458 673 2755 742 penuriam
2813 679 3052 747 primum
3111 674 3339 741 Romam
3401 688 3664 751 inVadore

2079 760 2288 814 statuit.
2314 759 2386 817 Ut
2411 772 2596 819 autem
2627 765 2832 823 Fabius
2863 786 3060 841 pugnae
3091 776 3248 846 copia
3272 790 3490 849 negata,
3532 799 3661 840 eum

2078 849 2419 919 pedetentim
2446 857 2846 924 assectabatur,
2904 862 2957 917 in
3006 863 3292 923 Samnium
3329 872 3534 929 rediit:
3578 878 3666 931 di-

2076 949 2287 998 ctatore
2316 959 2598 1016 nunquam
2630 949 2700 1005 ab
2730 966 2797 1007 eo
2829 953 3185 1027 discedente,
3215 973 3381 1033 atque
3413 965 3466 1022 in
3500 968 3553 1023 id
3578 968 3661 1024 in-

2078 1040 2252 1100 tento,
2279 1052 2347 1091 ne
2377 1053 2518 1108 quos
2552 1057 2779 1097 suorum
2807 1046 3109 1114 attriueret,
3167 1061 3336 1124 utque
3367 1057 3482 1127 ipse
3512 1077 3661 1117 com-

2073 1136 2255 1182 meatu
2305 1129 2653 1189 abundaret:
2711 1136 2802 1193 ille
2843 1149 3029 1196 autem
3082 1154 3285 1212 praeter
3335 1164 3486 1207 arma
3520 1155 3661 1211 nihil

2073 1216 2325 1287 haberet,
2356 1238 2536 1294 neque
2575 1224 2742 1283 domo
2790 1234 2993 1290 auxilia
3029 1243 3327 1311 acciperet.
3357 1244 3490 1299 Nam
3522 1245 3660 1302 Car-

2075 1310 2445 1383 thaginienses
2487 1332 2615 1374 eum
2667 1320 3019 1395 deridebant,
3055 1310 3394 1391 scribentem
3425 1354 3484 1395 se
3514 1339 3659 1397 bene

2071 1415 2186 1456 rem
2219 1419 2431 1473 gerere,
2457 1416 2513 1462 et
2543 1413 2827 1481 prosperis
2866 1419 2942 1471 uti
2975 1424 3440 1494 successibus,/et
3469 1440 3653 1487 tamen

2068 1491 2356 1559 pecuniam
2385 1503 2441 1548 et
2470 1498 2673 1554 milites
2702 1500 3035 1574 flagitantem
3062 1528 3082 1565 :
3123 1529 3304 1584 neque
3332 1491 3481 1574 enim
3512 1524 3657 1592 peti-

2070 1581 2246 1639 tiones
2276 1600 2398 1641 cum
2427 1593 2779 1649 successibus
2831 1603 3166 1660 consentire.
3221 1607 3470 1667 Victores
3501 1616 3651 1673 enim

2067 1672 2286 1739 decere,
2324 1680 2666 1735 exercitibus
2695 1700 2835 1755 quos
2866 1688 3107 1749 habeant
3138 1707 3448 1765 contentos,
3480 1719 3654 1773 pecu-

2066 1764 2212 1820 niam
2250 1767 2471 1825 domum
2502 1774 2744 1844 mittere,
2778 1777 2941 1852 415
2997 1800 3108 1841 non
3162 1793 3533 1851 emcndicare.
3572 1798 3651 1855 Ac

374 1852 472 1906 καὶ
500 1854 560 1907 ἐν
586 1853 786 1924 γέλωτι
817 1853 980 1909 αὑτὸν
1012 1856 1317 1926 ἐποιοῦντο,
1363 1860 1651 1934 γράφοντα
1696 1857 1755 1916 εὖ
1785 1865 1942 1934 πράτ-

2062 1857 2193 1913 dum
2221 1860 2425 1919 Fabius
2452 1867 2598 1936 apud
2630 1874 2936 1929 exercitum
2970 1875 3093 1941 fuit,
3120 1880 3259 1936 nihil
3286 1883 3503 1942 adversi

372 1961 489 2000 τειν
515 1946 613 2000 καὶ
664 1947 839 2002 πολλὰ
870 1948 1195 2021 κατορθοῦν,
1244 1952 1342 2006 καὶ
1430 1953 1773 2027 στρατιώτας
1820 1955 1954 2026 παρ’

373 2040 555 2095 αὐτῶν
587 2040 871 2110 αἰτοῦντα,
901 2045 995 2097 καὶ
1022 2044 1308 2115 χρήματα,
1335 2045 1592 2114 λέγοντες
1620 2048 1696 2119 μὴ
1730 2065 1957 2120 συμφω-

375 2135 489 2188 νεῖν
517 2132 620 2198 τὰς
646 2135 900 2205 αἰτήσεις
930 2138 1054 2199 ταῖς
1085 2136 1487 2208 κατορθώσεσι.
1528 2138 1669 2203 Τοὺς
1720 2139 1831 2212 γὰρ
1874 2158 1952 2194 νι-

371 2226 585 2290 κῶντας
613 2227 883 2299 προσήκει
919 2227 1112 2299 καὶτῷ
1162 2229 1397 2299 παρόντι
1437 2229 1730 2301 ἀρκεῖσθαι
1784 2249 1953 2304 στρα-

368 2317 626 2392 τεύματι,
669 2322 767 2376 καὶ
820 2321 1086 2394 χρήματα
1143 2322 1384 2377 στέλλειν
1440 2322 1647 2389 οἴκαδε,
1712 2324 1828 2380 ἀλλ’
1888 2326 1949 2379 οὐ

369 2415 709 2484 προσαιτεῖν,
749 2413 895 2478 Ἕως
928 2414 1028 2485 μὲν
1048 2413 1144 2468 οὖν
1167 2413 1423 2486 ἐνεδήμει
1449 2416 1477 2469 ὁ
1514 2416 1735 2481 Φάϐιος,
1776 2417 1948 2472 δεινὸν

366 2503 526 2557 οὐδὲν
547 2505 661 2568 τοῖς
702 2504 999 2577 Ῥωμαίοις
1030 2505 1269 2572 ἐγένετοο
1295 2505 1372 2570 ώς
1394 2506 1440 2560 δ’
1471 2507 1680 2572 ἐκεῖνος
1724 2509 1807 2573 είς
1847 2509 1947 2575 τὴν

376 2594 597 2667 Ῥώμην
624 2597 806 2666 ἀπῆρε
840 2598 983 2651 κατά
1005 2614 1055 2651 τι
1087 2596 1371 2669 δημόσιον,
1403 2597 1696 2653 ἔπταισαν.
1757 2600 1816 2654 '0
1838 2601 1945 2672 γὰρ

375 2687 604 2760 Ῥοῦφος
639 2691 667 2743 ὁ
696 2691 996 2761 ἵππαρχος,
1026 2689 1290 2761 φρόνημα
1349 2691 1509 2745 κενὸν
1559 2692 1666 2746 ὑπὸ
1689 2694 1941 2766 νεότητος

361 2781 502 2853 ἔχων
526 2782 621 2836 καὶ
676 2781 787 2836 τῶν
843 2780 1163 2853 πολεμικῶν
1216 2783 1556 2854 σφαλμάτων
1605 2785 1941 2858 ἀπερίοπτος

360 2873 437 2928 ὢν
465 2874 561 2929 καὶ
588 2876 654 2946 τῇ
692 2874 953 2947 μελλήσει
986 2875 1085 2929 τοῦ
1107 2874 1316 2928 Φαϐίου
1342 2877 1664 2950 ἀχθόμενος,
1685 2881 1809 2934 ἐπεὶ
1843 2883 1943 2954 τὴν

360 2970 698 3039 προστασίαν
731 2970 833 3040 τῆς
864 2968 1129 3039 στρατιᾶς
1179 2968 1336 3037 μόνος
1368 2970 1516 3043 ἔσχε,
1564 2974 1674 3027 τῶν
1712 2974 1811 3044 μὲν
1853 2979 1942 3030 ἐν-

359 3062 531 3117 τολῶν
558 3062 652 3117 τοῦ
683 3062 1002 3134 δικτάτορος
1026 3062 1385 3141 ὠλιγώρησεν
1406 3083 1419 3096 ”
1460 3069 1712 3141 ὁρμήσας
1763 3069 1811 3123 δ’
1860 3072 1941 3135 εἰς

359 3156 693 3229 παράταξιν.
728 3158 789 3210 τὸ
825 3159 926 3227 μέν
966 3162 1185 3231 πρῶτον
1211 3162 1371 3235 νικᾷν
1410 3162 1613 3230 ἔδοξεν,
1669 3159 1790 3217 εἶτα
1841 3165 1933 3235 ἡτ-

354 3249 521 3320 τήθη.
553 3249 673 3302 Κᾶν
703 3250 940 3303 πανσυδὶ
960 3250 1253 3325 διεφθάρη,
1290 3255 1340 3306 εί
1364 3255 1440 3326 μή
1467 3271 1614 3318 τινες
1646 3256 1934 3327 Σαμνιτῶν

355 3342 502 3398 κατὰ
530 3342 699 3414 τύχην
733 3346 846 3406 τοῖς
890 3344 1186 3416 Ῥωμαίοις
1227 3348 1511 3421 ἐπίκουροι
1541 3350 1933 3422 ἀφικνούμενοι

353 3434 514 3501 δόξαν
561 3439 673 3499 τοῖς
724 3438 1122 3509 Καρχηδονίοις
1169 3441 1447 3513 παρέσχον
1499 3444 1785 3515 προσιέναι
1838 3447 1930 3500 τὸν

352 3527 579 3584 Φάϐιον.
619 3528 1126 3599 Ἀναχωρησάντων
1154 3526 1247 3585 οὖν
1276 3531 1364 3585 διὰ
1391 3531 1571 3601 τοῦτο,
1597 3536 1934 3606 κεκρατηκέ-

351 3639 442 3675 ναι
467 3619 709 3692 ἐνόμισε,
736 3620 834 3674 καὶ
863 3622 922 3685 ἐς
948 3622 1048 3693 τὴν
1083 3621 1303 3694 Ῥώμην
1334 3623 1394 3677 τὸ
1419 3623 1581 3695 ἔργον
1608 3624 1932 3696 μεγαλύνων

350 3711 447 3765 καὶ
480 3710 572 3765 τδν
601 3710 901 3781 δικτάτορα
921 3711 1365 3782 προσδιαϐάλλων
1397 3714 1734 3782 ἐπέστειλεν,
1764 3716 1931 3787 ὀκνη-

351 3807 445 3879 ρὸν
471 3807 567 3861 καὶ
593 3805 883 3878 Μελλητὴν
912 3806 1077 3861 αὐτὸν
1097 3805 1300 3869 καλῶν,
1330 3806 1424 3861 καὶ
1454 3808 1522 3862 τὰ
1541 3808 1653 3863 τῶν
1673 3808 1930 3865 ἐναντίων

350 3898 672 3970 φρονοῦντα.
706 3899 770 3953 Ol
801 3898 848 3952 δ’
878 3899 937 3952 ἐν
958 3902 1025 3971 τῇ
1058 3897 1248 3973 Ῥώμῃ
1272 3901 1619 3972 νενικηκέναι
1648 3902 1742 3957 τδν
1776 3903 1932 3958 Ῥοῦ-

351 4008 449 4062 φον
483 3992 651 4056 δντως
685 3991 968 4063 ἐνόμισαν,
1005 3992 1098 4047 καὶ
1127 3987 1215 4047 οἷα
1245 3994 1396 4067 παρὰ
1423 3993 1582 4062 δόξαν
1617 3994 1930 4071 θαρσήσαν-

351 4100 466 4149 τες,
501 4085 596 4138 καὶ
634 4083 869 4158 ἐπῄνουν
895 4084 1061 4138 αὑτὸν
1098 4085 1194 4139 καί
1216 4085 1442 4158 ἐτίμων.
1475 4088 1589 4143 Καὶ
1616 4087 1711 4143 τδν
1728 4092 1929 4147 Φάϐιον

353 4176 410 4227 ἐν
434 4172 638 4244 ὑποψίᾳ
665 4175 885 4245 σχόντες
915 4174 1002 4228 διὰ
1036 4173 1233 4242 ταῦτα,
1265 4178 1359 4231 καὶ
1391 4177 1473 4230 ὅτι
1496 4179 1565 4233 τὰ
1597 4181 1656 4234 ἐν
1688 4181 1931 4253 Καμπα-

349 4266 439 4338 νίᾳ
463 4267 638 4339 χωρία
659 4267 826 4323 αὐτοῦ
857 4268 959 4322 οὐκ
981 4267 1245 4340 ἐδῄωσαν,
1273 4270 1476 4342 μικροῦ
1501 4272 1716 4346 καὶτῆς
1743 4274 1926 4349 ἀρχῆς

346 4358 413 4413 ἂν
444 4359 779 4433 παρέλυσαν.
825 4360 968 4416 Ἀλλ’
997 4361 1207 4416 ἐκεῖνον
1242 4363 1342 4435 μὲν
1365 4365 1640 4438 χρήσιμον
1670 4368 1928 4439 νομίζονο

344 4470 437 4517 τες
468 4450 633 4522 εἶναι,
665 4456 769 4510 οῦκ
814 4454 1083 4525 ἔπαυσαν,
1113 4457 1191 4529 τῷ
1234 4456 1281 4511 δ’
1318 4459 1580 4531 ίππάρχῳ
1625 4459 1724 4534 τὴν
1753 4463 1926 4536 αὐτὴν

345 4549 598 4616 ἐξουσίαν
627 4551 1021 4621 προσένειμαν,
1054 4549 1185 4604 ὥστ’
1211 4551 1381 4623 ἄμφω
1429 4553 1540 4607 ἀπὸ
1561 4553 1660 4626 τῆς
1684 4556 1804 4625 ἴσης
1827 4557 1928 4628 ἄρ-
1962 4584 2002 4639 D

344 4661 482 4715 χειν.
527 4642 812 4707 Δοξάντων
854 4641 911 4695 δὲ
949 4643 1180 4712 τούτων,
1210 4647 1239 4700 ὁ
1273 4645 1372 4717 μὲν
1400 4645 1602 4711 Φάϐιος
1646 4647 1774 4702 οὔτε
1812 4651 1926 4714 τοῖς

344 4736 614 4804 πολίταις,
652 4736 776 4791 οὒτε
805 4736 885 4806 τῷ
919 4737 1135 4811 Ῥούφῳ
1165 4739 1324 4812 ἔσχεν
1353 4740 1545 4813 ὀργήν.
1588 4741 1647 4795 Ὀ
1679 4741 1736 4795 δὲ
1773 4740 1925 4796 Ῥοῦ-

345 4848 468 4901 φος,
496 4830 619 4886 οὐδὲ
643 4833 776 4900 πρὶν
806 4831 984 4905 ὀρθῶς
1019 4832 1259 4905 φρονῶν,
1285 4834 1408 4889 τότε
1449 4833 1688 4905 μάλιστα
1716 4834 1924 4905 ἐπεφύ-

344 4942 500 4995 σητο,
523 4926 620 4981 καὶ
646 4926 904 4999 κατέχειν
936 4927 1131 4983 ἐαυτὸν
1156 4928 1258 4982 οὐκ
1285 4926 1540 4999 ἠδύνατο,
1568 4927 1684 4983 ἀλλ’
1708 4927 1925 5001 ἡμέραν

339 5017 493 5091 ἠξίου
549 5020 681 5092 παρ’
723 5021 942 5094 ἡμέραν
994 5020 1154 5093 ἧκα).
1206 5022 1426 5087 πλείους
1466 5022 1667 5095 ἐφεξῆς
1695 5021 1925 5091 ἐναλλάξ

342 5112 506 5183 μόνος
538 5110 752 5184 ἄρχειν.
785 5114 983 5177 Δείσας
1012 5113 1059 5169 δ’
1088 5116 1117 5168 ὁ
1142 5114 1342 5180 Φάϐιος
1369 5115 1446 5187 μή
1478 5132 1534 5170 τι
1563 5114 1737 5171 κακδν
1765 5113 1924 5188 ἐξερ-

340 5202 605 5275 γάσηται,
646 5202 696 5256 εἰ
727 5202 913 5274 πάσης
939 5202 1041 5274 τῆς
1064 5203 1352 5276 δυνάμεως
1374 5205 1589 5275 γένοιτο
1617 5206 1921 5280 ἐγκρατὴς,

339 5293 480 5367 πρὸς
525 5292 813 5366 οὐδέτερον
861 5296 1012 5369 αὐτῷ
1058 5299 1372 5372 συνῄνεσεν,
1406 5298 1522 5353 ἀλλ’
1555 5298 1813 5370 ἐνείματο
1861 5301 1923 5355 τὸ

332 5382 732 5455 στρατόπεδον,
762 5384 905 5442 ὥστε
942 5390 1056 5453 τοῖς
1090 5388 1323 5452 ὑπάτοις
1367 5389 1565 5461 ἐπίσης
1614 5389 1751 5444 ἰδίαν
1779 5391 1923 5446 ἐκά-

336 5492 495 5549 τερον
529 5464 686 5550 ἰσχὺν
715 5479 898 5552 ἔχειν’
940 5481 1037 5534 καὶ
1073 5480 1421 5554 παραχρῆμα
1450 5482 1480 5536 ὁ
1539 5482 1771 5552 Ῥοῦφος
1811 5483 1921 5537 ἀπ-

342 5571 904 5653 εστρατοπεδεύσατο,
959 5574 1049 5629 ἴνα
1093 5573 1341 5647 διάδηλος
1369 5568 1402 5649 ᾗ
1435 5573 1518 5628 ὅτι
1560 5574 1683 5629 καθ’
1726 5574 1921 5631 ἐαυτὸν

336 5661 518 5735 ἄρχει,
555 5663 673 5718 ἀλλ’
698 5666 798 5736 οὐχ
820 5667 928 5722 ὑπὸ
961 5667 1039 5740 τῷ
1066 5667 1366 5737 δικτάτορι.
1411 5667 1470 5723 '0
1507 5664 1604 5724 οὖν
1642 5667 1917 5735 ’Δννίϐας,

334 5753 497 5810 τοῦτο
526 5757 874 5830 αἰσθόμενος,
912 5750 988 5825 ἐς
1021 5760 1202 5834 μάχην
1243 5759 1408 5845 αὐτὸν
1455 5760 1792 5834 ὑπηγάγετο,
1844 5761 1921 5827 ώς

337 5849 430 5902 ἐπὶ
459 5849 762 5921 καταλήψει
790 5852 883 5907 τοῦ
906 5856 1110 5922 χωρίου
1139 5852 1457 5922 προσελθών
1476 5868 1491 5886 ⁶
1523 5856 1618 5909 καὶ
1641 5870 1920 5923 περιστοι-

2060 1954 2237 2009 manis
2262 1957 2480 2015 accidit.
2507 1958 2586 2015 Eo
2614 1971 2801 2019 autem
2836 1967 3069 2026 Romam
3106 1972 3177 2028 ob
3231 1977 3399 2046 public
3419 1997 3449 2035 a
3480 1999 3650 2054 nego-

2058 2043 2130 2097 tia
2185 2047 2455 2116 profecto,
2518 2051 2890 2126 impegeruut.
2947 2060 3125 2119 Rufus
3177 2043 3326 2122 enim
3385 2043 3646 2144 magister

2054 2133 2302 2202 eqnitum
2337 2138 2570 2210 juvenili
2604 2145 2837 2202 audacia
2864 2152 3169 2218 exsultans,
3202 2155 3445 2231 bellique
3478 2180 3643 2221 casus

2054 2237 2165 2278 non
2219 2227 2586 2298 prospiciens,
2627 2244 2684 2289 et
2738 2235 2895 2292 Fabii
2943 2227 3527 2324 eunetationemtaagre
3558 2255 3647 2310 fe-

2053 2327 2201 2378 rens,
2236 2330 2361 2370 cum
2386 2320 2538 2375 solus
2567 2323 2861 2394 imperium
2894 2329 3128 2401 adeptus
3155 2346 3324 2405 esset,
3354 2320 3644 2400 mandato-

2051 2420 2173 2460 rum
2209 2407 2501 2469 dictatoris
2525 2414 2834 2486 immemor,
2877 2424 2997 2479 acie
3030 2440 3156 2481 cum
3195 2430 3353 2487 hoste
3385 2450 3645 2507 congres-

2049 2513 2144 2554 sus
2195 2501 2471 2574 principio
2503 2506 2645 2565 bene
2678 2514 2963 2584 pugnavit,
3011 2519 3109 2574 sed
3167 2523 3385 2580 tandem
3438 2501 3643 2585 succu-

2048 2590 2216 2647 buit:
2259 2610 2323 2650 ac
2357 2596 2740 2659 internecione
2766 2605 2983 2663 deletus
3014 2622 3183 2678 esset,
3210 2617 3317 2673 nisi
3346 2618 3487 2676 forte
3522 2623 3639 2677 for-

2047 2690 2179 2738 tuna
2204 2683 2515 2744 Samnitum
2533 2693 2734 2749 auxilia
2757 2697 2824 2752 ad
2843 2697 3121 2758 Romanos
3145 2707 3462 2765 accedentia
3502 2710 3637 2768 Car-

2046 2776 2489 2850 thaginiensibus
2536 2784 2808 2843 adventus
2857 2790 3010 2847 Fabii
3063 2796 3383 2866 Opinionem
3413 2803 3634 2860 attulis-

2044 2883 2192 2925 sent.
2226 2869 2330 2938 Qui
2363 2888 2488 2929 cum
2522 2876 2627 2933 hac
2655 2878 2724 2935 de
2756 2896 2924 2939 causa
2954 2887 3337 2955 recessissent,
3372 2908 3431 2949 se
3460 2896 3635 2952 vieto-

2044 2973 2161 3013 rem
2207 2975 2335 3018 esse
2362 2964 2685 3036 arbitratus,
2714 2970 2943 3028 Romam
2984 2975 3198 3033 litteras
3232 2982 3402 3049 m'sit,
3431 2987 3636 3055 quibus

2046 3062 2105 3108 et
2131 3070 2247 3111 rem
2282 3067 2494 3128 gestam
2529 3064 2912 3134 exaggerabat,
2960 3077 3021 3124 et
3065 3069 3418 3141 dictatorem,
3449 3088 3504 3133 ut
3540 3094 3631 3136 se-

2043 3162 2202 3217 gnem
2234 3158 2289 3205 et
2322 3161 2702 3210 cunctatorem
2734 3168 2791 3213 et
2828 3159 3070 3219 hostium
3109 3169 3413 3227 studiosum
3434 3175 3630 3232 erimi-

2038 3240 2291 3298 nabatur.
2325 3244 2560 3302 Romani
2591 3264 2722 3304 vere
2755 3250 2952 3309 vicisse
2989 3255 3189 3313 Rufum
3220 3262 3460 3332 opinati,
3492 3282 3635 3336 pra!-

2039 3340 2128 3388 ter
2159 3339 2630 3407 exspectationem
2662 3346 2903 3415 receptis
2949 3348 3170 3416 animis,
3201 3369 3269 3409 eo
3316 3358 3631 3418 collaudato

2036 3434 2094 3480 et
2117 3425 2410 3494 honorato,
2439 3430 2670 3487 Fabium
2696 3446 2752 3490 et
2771 3436 2844 3491 ob
2868 3438 3204 3498 calumniam
3231 3461 3374 3513 eam,
3396 3460 3453 3505 et
3479 3457 3629 3524 quod

2034 3517 2226 3575 hostes
2254 3521 2373 3592 ejus
2402 3524 2607 3593 praedia
2639 3526 2695 3582 in
2723 3527 3021 3601 Campania
3059 3550 3164 3590 non
3219 3538 3624 3614 incendiSsent,

2032 3623 2350 3681 suspectum
2383 3614 2672 3685 habentes,
2706 3635 2898 3690 parum
2930 3624 3109 3680 abfuit
3137 3630 3272 3698 quin
3307 3635 3629 3705 magistratu

2031 3701 2336 3772 privarent.
2368 3704 2474 3763 Sed
2522 3723 2648 3765 cum
2679 3728 2805 3767 cum
2846 3718 2970 3772 usui
3014 3723 3338 3791 reipublicae
3368 3744 3492 3785 esse
3522 3748 3630 3802 pu-

2032 3799 2233 3857 tarent,
2253 3795 2308 3851 id
2322 3797 2544 3867 quidem
2562 3815 2670 3856 non
2689 3802 2963 3875 fecerunt,
2981 3811 3074 3865 scd
3086 3815 3356 3881 magistro
3372 3795 3627 3890 equitum

2030 3885 2280 3941 eamdem
2313 3895 2637 3958 potestatem
2664 3893 2961 3965 dederunt,
3020 3913 3036 3955 :
3082 3912 3141 3958 ut
3169 3907 3335 3963 ambo
3372 3885 3441 3965 es
3464 3928 3627 3984 aequo

2031 3976 2387 4049 imperarent.
2419 3981 2515 4038 His
2539 3982 2775 4043 decretis
2796 4031 2810 4054 ,
2836 3989 3038 4049 Fabius
3067 4010 3247 4068 neque
3280 4000 3497 4058 civibus
3523 3976 3624 4062 nc-

2030 4088 2139 4145 que
2159 4074 2381 4147 collegae
2405 4080 2744 4136 succensuit.
2772 4082 2950 4140 Rufus
2977 4103 3110 4145 vero
3133 4092 3246 4162 jam
3273 4105 3402 4152 ante
3421 4114 3619 4169 parum

2030 4164 2300 4234 prudens,
2340 4177 2454 4224 tum
2491 4171 2664 4242 magis
2692 4174 2859 4230 etiam
2890 4176 3134 4248 inﬂatus,
3170 4164 3480 4257 temperare
3509 4192 3618 4249 sibi

2031 4271 2140 4312 non
2175 4261 2375 4328 potuit,
2403 4261 2537 4332 quin
2571 4266 2878 4334 postularet
2911 4278 2970 4324 ut
3014 4272 3211 4331 diebus
3240 4278 3489 4349 alternis,
3519 4295 3619 4341 aut

2029 4350 2195 4406 etiam
2245 4352 2500 4424 pluribus
2541 4356 2741 4415 diebus
2783 4376 2884 4431 per
2908 4361 3060 4421 vices
3100 4368 3250 4425 solus
3293 4371 3613 4443 imperaret.

2030 4439 2235 4497 Fabius
2272 4455 2457 4499 autem
2487 4446 2721 4514 veritus,
2787 4465 2858 4504 ne
2891 4453 3058 4510 totius
3090 4439 3618 4536 exercitus-accepto

2032 4532 2265 4604 imperio
2295 4548 2411 4591 rem
2441 4537 2582 4593 male
2615 4553 2832 4610 gereret
2861 4583 2876 4610 ,
2909 4555 3168 4604 neutrum
3195 4554 3491 4621 concessit,
3516 4559 3614 4615 sed

2028 4624 2218 4683 divisit
2246 4630 2575 4697 exercitum,
2607 4641 2667 4687 ut
2714 4649 2866 4692 more
2893 4652 3037 4695 coss.
3086 4650 3320 4716 uterque
3360 4664 3428 4704 ex
3456 4667 3617 4724 aequo

2028 4717 2273 4786 privatas
2318 4719 2463 4777 vires
2509 4721 2761 4781 haberet.
2801 4727 2979 4786 Rufus
3023 4732 3193 4804 igitur
3218 4732 3402 4794 statim
3435 4717 3616 4804 castra

2028 4813 2338 4879 transtulit,
2368 4822 2431 4870 ut
2460 4829 2774 4887 appareret,
2828 4839 2890 4880 se
2920 4836 3113 4897 suapte
3146 4836 3480 4894 auctoritate
3510 4840 3616 4894 im-

2026 4918 2243 4972 perare,
2277 4921 2391 4961 non
2438 4909 2669 4968 subesse
2720 4914 3003 4973 dictatori.
3062 4921 3184 4989 Quo
3224 4925 3460 4985 Annibal
3491 4932 3617 4988 ani-

2024 4999 2336 5070 madverso,
2358 5017 2487 5058 eum
2507 5004 2575 5060 ad
2603 5022 2843 5079 pugnam
2865 5013 3061 5071 elicuit
3092 5033 3191 5088 per
3222 5022 3460 5091 speciem
3493 5027 3615 5095 ejus

2024 5088 2129 5145 loci
2162 5093 2468 5163 occupandi
2502 5111 2516 5150 :
2572 5105 2630 5153 et
2674 5100 2922 5172 undique
2973 5120 3074 5174 per
3116 5088 3350 5167 insidias
3379 5088 3618 5169 circum-

2023 5190 2273 5250 ventum,
2333 5185 2388 5241 in
2444 5186 2746 5247 discrimen
2799 5194 3031 5254 adduxit
3087 5201 3262 5258 totius
3322 5205 3612 5263 amittendi

2023 5275 2322 5343 exercitus,
2353 5278 2460 5334 nisi
2502 5279 2708 5339 Fabius
2739 5283 2957 5342 hostem
2988 5304 3019 5343 a
3048 5299 3202 5361 tergo
3226 5291 3460 5351 adortus
3508 5297 3611 5352 ob«

2023 5366 2279 5425 stitisset.
2314 5368 2430 5425 Hac
2474 5372 2630 5445 plaga
2682 5386 2932 5449 accepta,
2984 5380 3164 5437 Rufus
3214 5386 3446 5442 mutavit
3493 5389 3629 5449 ani-_

2023 5474 2174 5515 mum
2208 5478 2223 5517 :
2252 5476 2309 5518 et
2342 5464 2591 5535 reliquiis
2614 5471 2893 5529 exercitus
2923 5475 3111 5529 statim
3146 5475 3216 5533 ad
3248 5477 3480 5537 Fabium
3511 5484 3612 5539 ad-

2022 5551 2227 5620 ductis,
2268 5553 2564 5625 imperium
2601 5575 2732 5627 una,
2770 5578 2883 5619 non
2912 5569 3248 5638 exspectatis
3274 5574 3463 5644 populi
3488 5577 3609 5632 suf-

2020 5646 2230 5717 fragiis,
2258 5648 2403 5702 ultro
2431 5649 2481 5704 ei
2514 5651 2765 5719 tradidit,
2817 5653 2986 5730 416
3021 5660 3169 5730 quod
3217 5665 3370 5720 solus
3398 5682 3463 5722 ex
3492 5684 3611 5724 ma-

2021 5739 2209 5814 gistris
2229 5740 2476 5810 equitum
2502 5756 2823 5815 acceperat:
2860 5764 2973 5820 quo
3000 5754 3227 5811 nomine
3253 5757 3323 5812 ab
3346 5759 3608 5819 omnibus

2021 5842 2107 5888 est
2136 5831 2410 5889 laudatus.
2443 5833 2613 5905 quue
2646 5833 2847 5895 Fabius
2876 5842 3061 5899 statim
3089 5845 3227 5904 citra
3254 5850 3422 5905 ullam
3444 5849 3606 5908 dubi-
