4024 6408
370 345 476 411 711

1625 336 1954 402 IOANNIS
1991 333 2318 397 ZONARJE

3531 332 3642 398 712

371 458 637 515 tationem
690 453 1012 510 universum
1052 447 1290 521 recepit,
1339 448 1679 520 approbante
1729 447 1952 526 populo.

2067 444 2358 516 χισάμενος
2392 440 2453 508 ἐξ
2485 440 2736 513 ἐνέδρας,
2769 439 2850 503 είς
2879 437 3132 493 κίνδυνον
3164 438 3524 512 κατέστησεν,
3564 443 3643 507 ὡς

369 547 578 604 Deinde
613 546 820 602 milites
849 541 1171 600 cautissime
1203 540 1381 606 duxit,
1403 551 1461 596 et
1492 542 1813 610 magistratu
1832 524 1954 594 abi-

366 651 549 705 turus,
581 641 860 702 consules,
898 635 1103 690 tradito
1129 634 1401 696 exercitu,
1457 633 1848 688 candidissime
1885 633 1954 687 de

366 733 625 790 omnibus
656 732 823 786 rebus
852 729 1070 784 monuit
1099 745 1112 782 :
1158 726 1250 797 qui
1281 724 1625 780 confidenter
1663 724 1827 789 nihil,
1858 721 1955 778 sed

365 841 434 879 ex
465 823 641 879 Fabiii
672 820 922 877 consiliis
963 805 1168 874 omnia.
1190 816 1671 880 administrarunt,
1699 816 1954 884 quamvis

367 916 637 971 Geminus
693 928 810 967 rem
867 911 1009 966 bene
1061 917 1324 980 gesserat.
1383 906 1518 961 Nam
1568 921 1694 960 cum
1725 905 1956 960 classem

368 1003 906 1075 Carthaginiensium
943 1002 1168 1056 tendere
1193 999 1247 1052 in
1265 997 1498 1062 Italiam,
1523 995 1618 1051 sed
1649 995 1722 1050 ob
1751 995 1958 1049 Roma—

370 1114 569 1152 norum
606 1094 1032 1150 instructionem
1067 1107 1178 1146 non
1215 1090 1492 1160 appellere
1525 1088 1777 1152 vidisset,
1808 1086 1958 1140 inter

371 1189 737 1260 navigandum
789 1186 1071 1242 Corsicam
1117 1196 1174 1240 et
1219 1183 1534 1239 Sardiniam
1579 1180 1866 1235 ﬁrmavit:
1905 1189 1962 1236 et

369 1296 637 1336 exscensu
688 1280 743 1332 in
772 1277 957 1332 Africa
1006 1277 1172 1342 facto,
1209 1291 1278 1331 ex
1307 1291 1404 1330 ora
1444 1273 1719 1329 maritima
1753 1274 1962 1342 praedas

369 1373 498 1442 egit.
545 1370 677 1438 Qua:
719 1386 843 1425 cum
887 1369 1126 1440 egisset,
1158 1383 1270 1422 non
1309 1377 1488 1422 tamen
1519 1367 1696 1422 elatus
1729 1365 1871 1432 fuit,
1902 1373 1963 1420 ut

373 1472 580 1517 temere
629 1462 960 1516 Annibalem
1014 1460 1438 1531 aggrederetur:
1479 1459 1576 1514 sed
1621 1457 1772 1513 Fabii
1809 1474 1966 1513 man-

371 1553 516 1609 datis
546 1556 750 1624 paruit.
803 1553 963 1609 Unde
1009 1554 1177 1608 urbes
1224 1568 1337 1607 non
1371 1560 1483 1606 tam
1520 1551 1682 1607 facile
1715 1560 1777 1606 ut
1811 1551 1966 1621 prius

2057 535 2404 606 πανστρατιᾷ
2433 533 2662 598 ἐξελεῖν,
2695 533 2744 585 εί
2774 533 2852 603 μὴ
2883 533 2912 586 6
2938 531 3136 596 Φάϐιος
3165 532 3308 586 κατά
3332 531 3506 586 νώτου
3539 535 3644 588 αὐ-

2055 625 2134 696 τῷ
2163 624 2488 697 προσπεσὼν
2515 623 2782 679 ἐκώλυσε.
2811 621 3008 678 Παθὼν
3031 623 3124 677 οὖν
3150 623 3309 679 τοῦτο
3332 627 3360 678 6
3388 625 3642 695 Ῥοῦφος,

2061 719 2417 787 μετεϐάλετο,
2444 717 2539 772 καὶ
2572 715 2635 770 τδ
2675 717 2995 788 στράτευμά
3027 733 3088 769 τε
3134 715 3195 769 τὸ
3231 715 3553 787 περίλοιπον
3585 718 3644 781 ἐς

2058 812 2148 865 τὸν
2187 811 2388 865 Φάϐιον
2417 809 2582 874 εὐθὺς
2607 811 2806 880 ήγαγε,
2837 810 2932 862 καὶ
2961 809 3060 878 τὴν
3099 809 3278 880 ἀρχὴν
3326 809 3649 882 παραδέδω⁶

2059 919 2178 968 κεν,
2221 901 2332 955 οὐδ’
2364 899 2619 970 ἀνέμεινε
2664 901 2756 953 τὸν
2793 898 2967 970 δῆμον
3011 900 3485 970 ἀναψηφίσασθαι,
3529 902 3645 955 ἀλλ’

2057 992 2350 1064 ἐθελοντὴς
2377 993 2477 1064 τὴν
2513 991 2834 1063 ἠγεμονίαν,
2867 991 2934 1062 ἢν
2966 991 3096 1063 παρ’
3116 994 3282 1046 αὑτοῦ
3317 992 3478 1063 μόνος
3513 995 3652 1047 ίππ-

2061 1085 2248 1157 άρχων
2279 1085 2395 1157 (55)
2448 1085 2644 1139 ἐλαϐεν
2695 1085 2912 1154 ἀφῆκε·
2967 1085 3062 1138 καὶ
3117 1085 3282 1138 αὑτὸν
3341 1085 3436 1138 ἐπὶ⁵
3472 1084 3651 1157 τούτῳ

2062 1177 2268 1240 πάντες
2285 1177 2451 1249 ἐπῄνε
2461 1193 2582 1232 σαν.
2606 1177 2718 1230 Καὶ
2738 1177 2765 1228 6
2785 1174 2982 1237 Φάϐιος
2998 1174 3222 1242 αὐτίκα,
3254 1175 3423 1245 μηδὲν
3445 1176 3653 1229 ἐνδοιά-

2063 1286 2186 1333 σας,
2222 1271 2405 1325 πᾶσαν
2457 1269 2699 1334 ἐδέξατο,
2747 1271 2843 1324 καὶ
2880 1271 2908 1324 6
2938 1269 3110 1339 δῆμος
3147 1268 3280 1322 αὐτὸ
3321 1267 3650 1332 ἀπεδέξατο.

2062 1362 2176 1416 Kal.
2208 1361 2348 1432 μετά
2377 1360 2550 1414 ταῦτα
2579 1360 2745 1423 αὑτός
2775 1377 2836 1413 τε
2865 1358 3256 1430 ἀσφαλέστατα
3284 1358 3529 1427 προέστη
3554 1358 3652 1411 τοῦ

2065 1453 2481 1526 στρατεύματος
2502 1467 2516 1483 °
2544 1453 2641 1506 καὶ
2671 1451 2884 1524 μέλλων
2907 1449 3400 1520 ἀπαλλαγήσεσθαι
3427 1450 3525 1517 τῆς
3551 1450 3654 1520 ἀρ-

2063 1544 2192 1616 χῆς,
2229 1545 2355 1609 τοὺς
2385 1546 2629 1610 ὑπάτους
2672 1544 3086 1614 μετεπέμψατο,
3112 1542 3210 1596 καὶ
3237 1541 3299 1595 τὸ
3330 1541 3652 1612 στράτευμα

371 1649 435 1700 all
461 1646 944 1716 Carthaginienses
966 1645 1312 1705 defecerunt.
1337 1653 1668 1710 metuentes,
1697 1659 1767 1698 ne
1789 1642 1964 1698 Anni-

2068 1635 2222 1704 σφίσι
2275 1635 2588 1707 παρέδωκε,
2635 1634 2730 1689 καὶ
2777 1634 2941 1690 πάνθ’
2983 1634 3084 1686 ὅσα
3117 1631 3432 1704 πραχθῆναι
3479 1632 3652 1702 ἐχρῆν

373 1735 495 1790 bale
525 1735 679 1790 Italia
708 1737 890 1806 pulso,
940 1751 972 1789 a
1002 1735 1270 1790 Romanis
1302 1732 1555 1786 finitimis
1585 1731 1728 1787 male
1759 1740 1962 1786 tracta-

2067 1727 2380 1800 παρῄνεσεν
2433 1725 2821 1796 ἀφθονώτατα·
2878 1726 3124 1780 κάκεῖνοι
3176 1723 3424 1795 θρασέως
3473 1724 3647 1791 οὐδὲν,

371 1837 584 1883 rentur.
643 1830 720 1882 Ac
781 1827 1036 1898 plerique
1093 1826 1280 1880 futura
1345 1824 1797 1890 considerabant,
1862 1823 1957 1880 sed

2067 1821 2204 1876 ἀλλὰ
2243 1821 2386 1876 κατὰ
2413 1821 2515 1892 τὴν
2553 1821 2837 1892 ὑποθήκην
2864 1818 2958 1874 τοῦ
2983 1821 3187 1874 Φαϐίου
3218 1819 3439 1874 ἅπαντα
3477 1819 3652 1891 ἐπρα-

378 1923 536 1990 pauci
567 1919 632 1974 ad
666 1921 1042 1974 Romanorum
1071 1917 1393 1974 societatem
1423 1915 1701 1979 redibant,
1736 1913 1960 1984 quidam

2067 1914 2186 1980 ξαν,
2223 1914 2427 1986 καίπερ
2460 1913 2490 1966 6
2521 1914 2752 1984 Γεμῖνος
2799 1913 2896 1968 καὶ
2929 1912 3400 1984 προκατωρθώκει
3453 1929 3527 1967 τι.
3578 1913 3652 1965 Τδ

372 2014 542 2067 etiam
573 2011 800 2065 dunaria
833 2013 1123 2066 miserunt.
1174 2009 1254 2064 Ex
1282 2007 1470 2063 multis
1497 2015 1682 2062 autem
1710 2005 1964 2062 Hieronis

2067 2005 2176 2078 γὰρ
2208 2007 2466 2060 ναυτικὸν
2505 2007 2616 2061 τῶν
2655 2006 3047 2076 Καρχηδονίων
3093 2005 3218 2059 ἰδὼν
3259 2005 3514 2077 ὁρμῆσαν
3552 2007 3652 2074 μέν

373 2104 724 2168 muneribus,
749 2102 1088 2157 frumentum
1107 2100 1374 2156 duntaxat
1393 2110 1449 2154 et
1473 2097 1720 2154 victoriae
1751 2099 1964 2170 signum

2069 2099 2164 2152 ἐπὶ
2195 2097 2295 2170 τὴν
2334 2097 2594 2164 Ἰταλίαν,
2617 2097 2706 2152 διά
2737 2097 2794 2151 δέ
2824 2099 2926 2168 τὴν
2955 2099 3443 2167 ἀντιπαρασκευὴν
3469 2097 3654 2149 αὐτῶν

373 2206 750 2263 acceperunt:
811 2209 1127 2264 quanquam
1167 2192 1307 2247 adeo
1354 2190 1606 2262 pecuniae
1661 2191 1876 2261 inopes,
1907 2201 1964 2246 ut

2071 2191 2148 2262 μὴ
2181 2190 2494 2262 προσμίξαν
2524 2190 2685 2261 αὐτῇ,
2719 2189 3109 2254 ἐπεκπλεύσας
3143 2191 3214 2244 τά
3247 2206 3308 2242 τε
3357 2188 3468 2242 τῶν
3499 2189 3652 2258 Κυρ-

369 2297 692 2354 argenteum
727 2303 1019 2340 nummum
1047 2285 1205 2357 prius
1230 2284 1635 2356 impermistum
1658 2291 1713 2340 et
1737 2299 1964 2356 purum,

2067 2281 2218 2346 νίων,
2251 2281 2350 2335 καὶ
2396 2281 2468 2334 τά
2496 2282 2605 2336 τῶν
2649 2280 2955 2353 Σαρδονίων
2997 2281 3058 2334 ἐν
3099 2281 3177 2352 τῷ
3213 2280 3487 2352 παράπλῳ
3531 2279 3654 2333 ἐϐε-

369 2393 474 2432 aere
499 2379 732 2433 admisto
765 2378 1160 2433 adulterarent.

2070 2373 2371 2428 ϐαιὼσατο.
2403 2373 2511 2426 Kal.
2541 2375 2597 2436 ἐς
2618 2370 2718 2444 τήν
2747 2371 2956 2442 Λιϐύην
2998 2371 3523 2442 ἐκϐὰς,ἐλεηλάτησε
3555 2369 3655 2441 τὴν

371 2471 646 2540 παραλίαν
686 2473 876 2543 αὐτῆς.
908 2471 1097 2525 Ταῦτα
1135 2469 1231 2542 μὲν
1249 2466 1507 2540 ἔπραξεν,
1543 2469 1604 2522 οὑ
1651 2467 1838 2540 μέντοι
1865 2467 1937 2521 δι’
1967 2465 2107 2522 αὐτὰ
2137 2466 2453 2539 ἐπεφύσητο
2474 2465 2615 2519 ὥστε
2644 2463 2779 2537 πρὸς
2801 2464 2892 2519 τὸν
2931 2463 3177 2519 ’Δννίϐαν
3197 2463 3652 2530 διακινδυνεῦσαι,

370 2567 506 2620 ἀλλὰ
551 2571 672 2632 ταῖς
749 2568 990 2631 ἐντολαῖς
1038 2567 1134 2621 τοῦ
1165 2567 1368 2621 Φαϐίου
1406 2566 1706 2637 ἐνέμεινεν.
1735 2567 1899 2622 Ὅθεν
1925 2583 2030 2638 περ
2063 2565 2156 2621 καὶ
2187 2566 2245 2620 αἱ
2279 2564 2462 2630 πόλεις
2490 2563 2672 2619 οὐκέθ’
2694 2565 2896 2634 ὁμοίως
2931 2566 3042 2626 τοῖς
3075 2563 3468 2635 Καρχηδονίοις
3490 2579 3656 2631 προσ-

369 2661 626 2714 ετίθεντο.
671 2659 996 2730 Ἐφοϐοῦντο
1044 2659 1154 2731 γὰρ
1202 2659 1279 2732 μὴ
1303 2660 1333 2714 6
1371 2659 1620 2724 ’Δννίϐας
1643 2659 1746 2732 τῆς
1773 2659 2006 2723 Ἰταλίας
2042 2660 2275 2731 ἐκπέσῃ,
2307 2660 2402 2711 καὶ
2429 2656 2598 2712 κακόν
2640 2673 2693 2709 τι
2731 2655 2886 2710 αὐτοὶ
2914 2657 3020 2710 ὑπὸ
3053 2656 3340 2726 Ῥωμαίων
3359 2656 3454 2711 an
3485 2673 3656 2728 προσο

369 2757 531 2808 οίκων
570 2753 806 2810 πάθωσι.
849 2757 960 2810 Kal.
1012 2757 1062 2810 oi.
1135 2754 1235 2828 μὲν
1284 2755 1502 2820 πλείους
1543 2755 1604 2809 τὸ
1645 2755 2064 2827 ἀποϐησόμενον
2118 2753 2410 2817 ἐσκόπουν,
2467 2749 2639 2816 ὀλίγοι
2696 2748 2752 2802 δέ
2817 2748 2952 2821 πρὸς
2999 2747 3126 2811 τοὺς
3174 2747 3481 2818 Ῥωμαίους
3503 2747 3658 2808 αὖθις

373 2849 734 2920 μετέστησαν,
804 2851 902 2904 καὶ
965 2849 1296 2919 ἀναθήματά
1335 2867 1480 2914 τινες
1517 2850 1702 2915 αὐτοῖς
1744 2849 2023 2921 ἔπεμψαν.
2071 2848 2181 2902 Kal.
2240 2845 2335 2900 τοῦ
2375 2845 2619 2916 Ἱέρωνος
2661 2842 2834 2896 πολλὰ
2895 2841 3268 2910 πεπομφότος,
3350 2844 3496 2895 σῖτον
3559 2842 3660 2895 καὶ

370 2943 526 3014 νίκης
580 2943 806 3016 ἄγαλμα
832 2946 883 2998 οί
927 2945 1191 3014 Ῥωμαῖοι
1228 2945 1368 3016 μόνα
1425 2943 1648 3012 ἔλαϐον,
1682 2945 1888 3015 καίπερ
1919 2943 1977 2996 ἐν
2006 2937 2327 3012 ἀχρηματίςι
2358 2937 2533 3004 ὄντες,
2566 2937 2709 2990 ὥστε
2737 2933 2799 2988 τὸ
2824 2932 3100 3006 ἀργυροῦν
3133 2932 3399 3004 νόμισμα,
3453 2932 3656 3004 ἀμιγὲς

371 3039 464 3092 καὶ
539 3037 778 3110 καθαρὸν
852 3040 1139 3110 γινόμενον
1187 3037 1476 3110 πρότερον,
1519 3037 1711 3110 χαλκῷ
1739 3033 2067 3108 προσμίξαι.

1579 3190 1787 3254 Variae
1816 3189 2126 3254 lectiones
2170 3195 2233 3253 et
2261 3195 2448 3254 notas.

446 3312 560 3386 (35)
595 3313 796 3382 Μόνος
831 3315 1173 3386 ἱππάρχων.
1195 3314 1466 3387 Excerpta
1492 3315 1685 3376 Dionis
1727 3317 1964 3376 Valesiat

2075 3333 2133 3390 p.
2167 3317 2295 3373 597.

1550 3658 1914 3748 LIBER
2007 3655 2462 3750 NONUS.

453 3851 498 3907 ι.
540 3849 665 3904 Haec
697 3855 811 3904 tum
845 3847 900 3903 in
927 3848 1082 3905 Italia
1113 3857 1233 3906 acta
1259 3859 1409 3919 sunt,
1439 3865 1504 3907 ac
1533 3851 1724 3907 Romae
1754 3850 1964 3908 servilis

2149 3852 2233 3907 A'.
2261 3847 2451 3905 Ταῦτα
2478 3849 2538 3904 ἐν
2569 3851 2636 3920 τῇ
2681 3847 2882 3920 Ἰταλίᾳ
2905 3847 3025 3904 τότε
3063 3849 3336 3924 ἐπράχθη.
3369 3851 3480 3906 Καί
3513 3870 3656 3916 τινες

381 3942 694 4012 conjuratio
725 3949 942 3996 mature
980 3957 1266 4012 oppressa.
1301 3941 1633 4014 Explorator
1661 3943 1885 4014 quidam
1911 3943 1964 3998 in

2073 3944 2254 4000 δοῦλοι
2285 3945 2631 4015 συνωμοσίαν
2663 3943 2759 3996 ἐπὶ
2787 3945 2852 4013 τῇ
2894 3942 3083 4014 Ῥώμῃ
3122 3944 3491 4014 πεποιηκότες
3512 3962 3650 4016 προ-

378 4035 517 4090 urbe
571 4034 989 4105 deprehensus,
1047 4035 1349 4106 amputatis
1395 4037 1654 4092 manibus
1707 4037 1970 4093 dimissus

371 4137 477 4189 est,
534 4136 596 4183 ut
648 4128 766 4197 ipse
799 4127 1352 4199 Carthaginiensibus
1382 4144 1496 4185 sua“:
1540 4129 1714 4184 cladis
1740 4130 1972 4186 nuntius

376 4228 543 4276 esset.
595 4219 657 4274 In
687 4220 946 4290 lliSpania
1000 4219 1188 4290 Scipio
1233 4223 1414 4278 navali
1466 4223 1678 4293 praelio,
1723 4223 1792 4278 ad
1823 4223 1968 4279 lberi

375 4314 517 4368 ostia
543 4313 697 4368 vicit.
728 4313 865 4368 Nam
894 4330 1016 4369 cum
1045 4330 1227 4386 pugna
1251 4315 1524 4385 principio
1559 4331 1764 4386 anceps
1795 4325 1964 4383 esset,

375 4405 514 4460 velis
545 4408 772 4459 navium
808 4405 1052 4473 refectis,
1087 4421 1222 4461 suos
1252 4406 1320 4462 ad
1350 4407 1664 4477 promptius
1691 4406 1968 4463 dimican-

381 4496 514 4551 dum
565 4497 846 4552 cohortari
887 4499 1105 4554 voluit:
1141 4514 1244 4556 nec
1271 4515 1434 4571 agros
1473 4500 1739 4556 duntaxat
1790 4510 1973 4556 vasta-

381 4588 485 4652 vit,
537 4589 634 4644 sed
669 4591 840 4644 etiam
875 4592 1048 4646 multa
1077 4591 1198 4647 loca
1232 4593 1444 4647 munita
1480 4592 1737 4664 subegit:
1777 4600 1834 4647 et
1873 4607 1972 4661 per

381 4679 608 4735 fratrem
666 4680 728 4734 P.
780 4681 1097 4751 Scipionom
1145 4683 1310 4737 urbes
1359 4681 1680 4752 Hispanicas
1723 4681 1972 4736 Romano

384 4771 620 4840 imperio
667 4772 888 4842 adjecit.
940 4774 1148 4828 Abelus
1194 4773 1342 4828 enim
1402 4773 1629 4844 quidam
1672 4772 1968 4842 Hispanus,

380 4877 506 4919 cum
530 4860 1080 4934 Carthaginiensibus
1104 4866 1246 4921 fidus
1267 4880 1389 4922 esse
1411 4864 1755 4930 crederetur,
1780 4878 1972 4919 revera

383 4954 652 5010 Romanis
682 4954 893 5017 favens,
927 4957 1203 5026 persuasit
1228 4957 1279 5012 ei
1309 4955 1404 5027 qui
1432 4955 1660 5011 obsides
1693 4954 1970 5025 Hispano-

384 5063 510 5102 rum
545 5047 916 5113 custodiebat,
951 5057 1011 5103 ut
1043 5064 1140 5104 eos
1163 5050 1388 5103 domum
1419 5048 1574 5104 abire
1603 5048 1832 5115 sineret,
1861 5061 1972 5117 quo

383 5137 606 5193 facilius
638 5139 894 5193 civitates
935 5138 1004 5194 ad
1049 5138 1493 5196 benevolentiam
1537 5138 1969 5194 adducerentur.

2071 4037 2518 4108 κατελήφθησαν.
2561 4035 2926 4100 Κατάσκοπός
2974 4035 3034 4088 τέ
3076 4052 3163 4098 τις
3215 4035 3378 4099 ἁλοὺς
3417 4037 3476 4090 ἐν
3515 4039 3654 4109 αὐτῇ

2071 4133 2170 4196 τὰς
2210 4133 2405 4202 χεῖρας
2435 4129 2722 4198 ἀπεκόπη,
2754 4129 2849 4182 καὶ
2883 4127 3108 4200 ἀφείθη,
3151 4128 3238 4182 ἴνα
3281 4130 3397 4192 τοῖς
3428 4131 3654 4202 Καρχη-

2071 4223 2268 4287 δονίοις
2298 4221 2529 4293 γένηται
2555 4219 2650 4273 τοῦ
2700 4219 2910 4283 πάθους
2959 4212 3322 4288 αὐτάγγελος.
3375 4221 3465 4274 Ἐν
3505 4221 3564 4274 δέ
3587 4224 3653 4292 τῇ

2083 4313 2318 4386 Ἰϐηρίᾳ,
2367 4311 2647 4384 ναυμαχίᾳ
2696 4311 2835 4381 πρὸς
2887 4311 2953 4382 τῇ
3008 4310 3103 4366 τοῦ
3138 4310 3360 4382 Ἴϐηρος
3401 4312 3598 4383 ἐκϐολῇ
3627 4315 3656 4366 6

2070 4406 2313 4460 Σκιπίων
2371 4405 2648 4474 ἐνίκησεν.
2703 4401 3000 4466 ’ἰσοπαλῶς
3044 4401 3155 4473 γάρ
3205 4401 3652 4474 ἀγωνιζομένων,

2071 4500 2143 4556 τὰ
2203 4499 2350 4553 ίστία
2407 4497 2518 4551 τῶν
2575 4495 2718 4550 νεῶν
2752 4494 3079 4566 ὑπετέμετο,
3130 4495 3279 4560 ὅπως
3325 4496 3658 4565 ἀπογνόντες

2072 4592 2482 4664 προθυμότερον
2510 4587 2914 4656 ἀγωνίσωνται,
2947 4587 3044 4641 καὶ
3065 4587 3168 4658 τήν
3185 4603 3244 4640 τε
3273 4585 3460 4658 χώραν
3489 4589 3660 4660 ἐπόρ-

2073 4683 2230 4754 θησε,
2284 4680 2380 4735 καὶ
2423 4681 2580 4750 τείχη
2632 4680 2802 4749 συχνὰ
2857 4677 3228 4750 ἐχειρώσατο,
3267 4680 3360 4734 καὶ
3415 4680 3504 4734 διὰ
3560 4681 3657 4735 τοῦ

2073 4771 2310 4842 ἀδελφοῦ
2364 4769 2638 4824 Πουπλίου
2692 4767 3001 4834 Σκιπίωνος
3056 4769 3242 4833 πόλεις
3283 4770 3391 4825 τῶν
3429 4771 3658 4843 Ἰϐήρων

2075 4863 2519 4934 προσεκτήσατο.
2567 4861 2798 4924 Ἀϐελος
2858 4861 2968 4932 γάρ
3019 4878 3104 4926 τις
3145 4862 3304 4934 Ἰϐηρ
3346 4861 3522 4917 δοκῶν
3559 4863 3660 4932 μὲν

2071 4954 2182 5016 τοῖς
2209 4951 2608 5023 Καρχηδονίοις
2644 4950 2856 5018 πιστὸς,
2889 4951 2960 5005 τὰ
2997 4951 3108 5006 τῶν
3151 4953 3438 5024 Ῥωμαίων
3476 4953 3534 5007 δὲ
3566 4952 3660 5007 θε-

2074 5041 2356 5116 ραπεύων,
2381 5043 2639 5098 ἀνέπεισε
2688 5045 2782 5098 τὸν
2829 5045 3180 5117 φρουροῦντα
3203 5045 3332 5109 τοὺς
3363 5047 3473 5101 τῶν
3518 5046 3659 5118 Ἰϐή-

2081 5153 2189 5208 ρων
2214 5136 2482 5209 δμήρους,
2514 5135 2698 5190 οἴκαδε
2743 5137 2945 5200 αὐτοὺς
2991 5137 3340 5208 ἀποπέμψαι,
3377 5136 3444 5193 ἵν’
3473 5141 3531 5203 ἐς
3564 5137 3660 5192 εῦ-

383 5229 535 5294 Quos
568 5244 716 5295 cum,
767 5239 826 5285 ut
872 5231 1020 5286 illius
1058 5232 1273 5287 consilii
1327 5231 1490 5305 417
1522 5241 1739 5297 auctor,
1774 5229 1964 5303 legatis

2077 5246 2230 5285 νοιαν
2282 5208 2426 5300 τάχα
2480 5229 2575 5282 ὑπ’
2617 5228 2800 5282 αὐτῶν
2850 5230 2908 5282 al
2942 5228 3128 5294 πόλεις
3185 5229 3505 5301 ὑπαχθῶσι·
3564 5231 3661 5284 καὶ

386 5321 540 5390 prius
571 5320 637 5375 ad
665 5321 978 5391 Scipionem
1001 5323 1206 5390 missis,
1227 5329 1283 5378 et
1312 5322 1731 5378 communicatis
1753 5321 1821 5379 iis
1845 5337 1964 5394 qua:

2079 5319 2414 5394 παραλαϐὼν
2449 5320 2591 5388 σφᾶς
2633 5319 2731 5373 ἀτε
2777 5319 2873 5373 καὶ
2915 5319 3014 5390 τῆς
3059 5319 3308 5384 ἐπινοίας
3357 5320 3659 5392 εἰσηγητὴς

384 5411 626 5477 volebat,
658 5423 825 5468 noctu
855 5415 1179 5480 abduceret,
1212 5426 1410 5486 captus
1455 5423 1540 5472 est
1565 5415 1815 5472 scilicet:
1858 5416 1964 5471 Ro-

2075 5410 2342 5482 γεγονὼς,
2369 5409 2508 5481 πρὸς
2524 5409 2653 5472 τοὺς
2683 5409 2996 5474 Σκιπίωνας
3015 5409 3078 5464 τὸ
3109 5411 3382 5481 πρότερον
3412 5412 3655 5482 πέμψας,

389 5504 537 5556 mani
573 5504 642 5559 iis
669 5504 893 5560 domum
942 5506 1204 5574 remissis,
1243 5510 1450 5578 patrias
1499 5523 1690 5563 eorum
1722 5509 1776 5563 in
1810 5507 1964 5564 dedi-

2077 5506 2172 5554 καὶ
2214 5500 2749 5573 κοινολογησάμενος
2805 5503 2934 5572 περὶ
2960 5495 3038 5556 ὧν
3092 5502 3274 5573 ἠξίου,
3309 5499 3430 5557 εἶτα
3465 5504 3659 5566 νυκτὸς

390 5595 599 5649 tionem
630 5609 979 5668 acceperunt.
1013 5599 1144 5667 Qua:
1167 5616 1292 5656 cum
1324 5599 1560 5658 feliciter
1582 5601 1964 5666 succederent,

2077 5593 2470 5665 ὑπεκκομίζων
2504 5594 2726 5662 αὑτοὺς,
2754 5595 2898 5650 ἐάλω
2943 5596 3106 5668 δῆθεν
3130 5613 3143 5628 ·
3177 5599 3270 5652 καὶ
3303 5597 3479 5663 οὕτως
3509 5598 3658 5652 ἐκεί-

391 5684 448 5736 in
479 5697 600 5737 eam
629 5685 838 5740 cladem
883 5689 1220 5758 inciderunt,
1272 5706 1382 5761 qua
1417 5705 1518 5746 nec
1543 5699 1672 5746 ante
1711 5705 1816 5746 nec
1847 5698 1964 5761 post

2078 5699 2187 5743 νων
2238 5704 2300 5741 τε
2354 5688 2648 5759 ἐγκρατεῖς
2698 5688 2950 5758 ἐγένοντο
2999 5691 3050 5744 oi.
3083 5690 3370 5761 Ῥωμαῖοι,
3407 5692 3504 5746 καὶ
3559 5689 3658 5753 τὰς

390 5773 700 5842 graviorem
748 5789 1084 5836 senserunt:
1128 5797 1306 5852 eaque
1339 5783 1603 5852 prodigiis
1645 5782 1964 5852 ριεεεῖεηῑίὶ·

2083 5779 2347 5852 πατρίδας
2403 5780 2586 5837 αὐτῶν
2641 5780 3123 5852 ἀνακομισθέντων
3160 5782 3346 5839 οἴκαδε
3387 5782 3658 5848 κατεκτή-
