4024 6452
357 377 464 440 713

1592 377 2000 440 ANNALIUM
2040 378 2187 438 LIB.
2241 381 2343 439 1X.

3509 383 3616 447 γιι

359 511 544 548 σαντο.
580 493 671 548 Ἑν
715 493 812 562 μὲν
845 487 938 546 οὖν
972 493 1182 556 τούτοις
1206 493 1489 562 εὐτύχουν,
1524 494 1782 566 συμφορᾷ
1798 493 1844 546 δ’
1870 489 1935 546 αὖ

2056 503 2163 548 :ata
2197 504 2302 558 est,
2356 502 2413 548 et
2447 492 2730 564 Sibyllinis
2778 495 3016 550 oraculis
3063 504 3143 552 tot
3193 509 3318 554 ante
3366 500 3622 556 a-tatibus

359 587 690 657 περιέπεσον
721 578 784 654 ἧς
817 581 942 636 οὔτε
987 583 1224 654 πρόσθεν
1252 583 1370 636 οὗθ’
1408 583 1633 652 ὕστερον
1661 583 1940 652 δεινοτέρᾳ

358 677 484 732 οὐδὲ
520 677 641 746 μιᾷ.
683 675 1047 746 Προηγήσατο
1082 673 1139 726 δὲ
1177 673 1381 746 ταύτης
1421 675 1514 727 καί
1563 690 1687 728 τινα
1738 674 1941 745 τέρατα

361 771 457 822 καὶ
489 768 559 821 τὰ
592 767 692 836 τῆς
723 764 985 834 Σιϐύλλης
1027 764 1207 832 λόγια,
1230 765 1352 834 ἥτις
1375 764 1482 836 πρὸ
1511 763 1780 818 τοσούτων
1804 765 1941 817 ὲτῶν

361 857 462 925 τὴν
513 853 801 924 συμφοράν
851 856 1038 917 αὐτοῖς
1077 853 1474 924 ὲμαντεύτατο.
1513 852 1842 923 Θαυμαστὸν
1883 852 1941 906 δὲ

362 951 458 1001 καὶ
489 947 551 1000 τὸ
583 946 680 1000 τοῦ
712 947 943 1018 Μάρκου
970 947 1372 1016 προμάντευμα
1390 961 1404 975 ο
1431 946 1812 1019 χρησμολόγος
1833 945 1943 1015 γάρ

362 1059 447 1103 τις
502 1040 598 1093 καὶ
647 1034 802 1102 οὗτος
847 1039 1145 1110 γενόμενος
1195 1040 1254 1092 ὲν
1290 1037 1368 1110 τῷ
1429 1037 1735 1109 Διομηδείῳ
1773 1037 1944 1108 πεδίῳ

364 1129 618 1184 πταίσειν
647 1130 845 1193 αὐτοὺς
897 1129 994 1183 ἆτε
1047 1129 1142 1183 καὶ
1195 1128 1392 1199 Τρῶας
1418 1129 1481 1182 τὸ
1523 1130 1753 1199 ἀρχαῖον
1781 1128 1942 1191 ὄντας

365 1223 646 1291 ἐφοίεασε.
705 1221 880 1276 Τοῦτο
923 1221 971 1276 δ’
1007 1223 1066 1275 ἐν
1102 1221 1364 1292 Ἀπουλίᾳ
1399 1223 1466 1291 τῇ
1519 1219 1764 1274 Δαυνίων
1800 1219 1943 1286 ἐστὶ,

363 1317 458 1369 καὶ
487 1317 547 1369 τὸ
579 1315 753 1386 ὄνομα
779 1315 887 1369 ἀπὸ
923 1315 1025 1386 τῆς
1059 1314 1154 1368 τοῦ
1207 1313 1508 1385 Διομήδους
1545 1313 1942 1383 κατοικήσεως,

365 1409 434 1480 ἢν
469 1411 588 1462 ἐκεῖ
619 1407 926 1478 άλητεύσας
951 1407 1267 1478 ἐποιήσατο,
1311 1405 1564 1476 ἔσχηκεν.
1609 1406 1698 1460 Ἐν
1731 1404 1840 1476 γὰρ
1867 1403 1946 1475 τῷ

361 1498 533 1570 πεδίῳ
563 1497 756 1569 ἐκείνῳ
785 1499 880 1551 καὶ
901 1498 957 1551 αἱ
976 1497 1209 1562 Κάνναι,
1233 1494 1363 1550 ἔνθα
1387 1496 1512 1550 τότε
1546 1493 1944 1566 ὲδυστύχησαν,

365 1593 520 1663 παρά
541 1609 600 1645 τε
625 1591 704 1663 τῷ
754 1591 926 1662 Ἰονίῳ
959 1591 1169 1662 κόλπῳ,
1209 1592 1311 1646 καὶ
1359 1590 1490 1663 περὶ
1510 1590 1610 1654 τὰς
1645 1589 1740 1643 τοῦ
1770 1590 1946 1660 Αὐφιο

364 1682 479 1736 δίου
503 1682 736 1744 ἐκϐολάς
773 1685 935 1735 εἰσιν.
978 1681 1042 1733 Ἥ
1074 1681 1132 1734 δὲ
1177 1679 1416 1735 Σιϐύλλα
1447 1678 1818 1749 φυλάττεσθαι
1849 1679 1948 1750 μὲν

2042 584 2328 652 pra-dicta.
2363 585 2632 640 Mirabilis
2667 587 2774 643 fuit
2821 595 2877 642 ct
2936 586 3099 642 Marci
3155 591 3294 644 vatis
3325 589 3620 655 divinatio.

2043 675 2137 744 qui
2169 690 2285 738 eos,
2318 676 2522 746 quippe
2553 692 2582 730 a
2612 677 2788 746 prima
2823 678 2994 749 sxirpe
3028 679 3313 750 Trojanos,
3345 684 3398 736 in
3429 698 3626 754 campo

2043 765 2358 821 Diomcdaao
2402 768 2613 822 cladem
2666 778 2991 841 accepturos
3019 773 3293 840 prazdixit.
3323 773 3375 828 Is
3409 789 3539 829 vero
3570 778 3624 829 in

2043 855 2240 928 Apulia
2271 857 2607 914 Dauniorum
2643 869 2747 926 est,
2783 876 2982 916 nomen
3014 863 3086 917 ab
3123 863 3465 920 habitatione
3501 865 3629 920 Dio-

2045 949 2221 1005 medis
2267 952 2516 1012 sortitus.
2571 967 2696 1008 cum
2751 953 2862 1008 illic
2913 953 3216 1010 oberraret.
3276 955 3335 1010 In
3375 971 3444 1012 eo
3477 958 3627 1013 enim

2046 1056 2245 1111 campo
2275 1042 2478 1096 Canna:
2511 1051 2660 1109 sunt,
2695 1043 2791 1098 ubi
2828 1045 2954 1098 caesi
2981 1044 3229 1112 fuerunt,
3261 1047 3416 1117 juxta
3445 1047 3627 1104 sinum

2049 1129 2288 1195 Ionium,
2328 1137 2384 1183 et
2416 1129 2598 1184 Aufidi
2638 1131 2802 1186 ostia.
2866 1131 3073 1204 Sibylla
3112 1143 3297 1189 autem
3329 1136 3630 1191 monuitut

2045 1237 2171 1276 eum
2205 1221 2388 1276 locum
2418 1231 2697 1289 caverent,
2742 1240 2921 1295 neque
2955 1235 3134 1281 tamen
3165 1227 3467 1298 quidquam
3499 1244 3631 1284 eau-

2048 1314 2200 1369 tione
2251 1314 2339 1370 vel
2381 1313 2800 1386 diligentiSsima
2868 1319 3220 1388 profecturos
3270 1323 3494 1394 adjecit.
3551 1325 3631 1378 Ac

2049 1406 2176 1460 talia
2209 1407 2434 1461 luerunt
2463 1407 2686 1462 oracula
2717 1425 2730 1461 :
2776 1424 2864 1462 res
2889 1419 3073 1464 autem
3110 1412 3184 1466 ita
3210 1422 3362 1482 gesta
3386 1423 3493 1470 est.
3529 1415 3632 1470 Le-

2047 1495 2306 1565 gionibus
2355 1505 2632 1566 praeerant
2674 1497 2876 1554 Paulus
2921 1499 3180 1557 Aimilius
3223 1513 3281 1558 et
3334 1503 3630 1560 Terentius

2052 1587 2243 1653 Varro,
2275 1588 2380 1642 viri
2415 1587 2782 1644 dissimilibus
2809 1589 3065 1662 ingeniis.
3118 1593 3252 1648 Nam
3286 1595 3426 1650 alter
3457 1597 3630 1666 patri-

2050 1681 2169 1736 cius
2193 1688 2336 1745 erat,
2366 1679 2618 1736 doctrina
2641 1691 2891 1748 ornatus,
2916 1694 3169 1754 tutasque
3199 1687 3444 1742 rationes
3461 1690 3633 1745 auda«

365 1774 426 1827 τδ
494 1772 697 1845 χωρίον
765 1770 1098 1844 παρῄνεσεν,
1152 1771 1214 1826 οὐ
1254 1773 1441 1843 μέντοι
1506 1769 1604 1826 καὶ
1657 1770 1843 1825 πλεῖόν
1895 1787 1949 1825 τι

2056 1773 2150 1826 ci:c
2196 1771 2576 1842 praeponebat.
2630 1771 2925 1828 Terentius
2979 1789 3114 1830 vero
3180 1775 3326 1831 inter
3383 1777 3632 1848 plebeios

367 1866 700 1937 γενήσεσθαι
745 1865 872 1937 ἔφη,
899 1865 1010 1920 οὐδ’
1037 1867 1087 1920 εί
1108 1865 1201 1920 διά
1231 1865 1415 1936 πάσης
1455 1863 1590 1919 αὐτὸ
1622 1865 1948 1934 ποιήσαιντο

2056 1863 2343 1930 educatus,
2363 1871 2421 1919 et
2445 1863 2778 1934 importuna:
2800 1865 3042 1922 audaciae
3064 1876 3338 1932 assuetus,
3365 1879 3479 1924 tum
3506 1872 3632 1927 aliis

366 1957 644 2029 φυλακῆς.
667 1958 905 2012 Τοιαῦτα
931 1957 1030 2028 μὲν
1056 1955 1149 2010 οῦν
1169 1952 1310 2028 ἦσαν
1330 1957 1399 2009 τὰ
1420 1955 1947 2026 χρησμοδοτήματα,

364 2051 436 2106 τὰ
491 2051 550 2106 δὲ
610 2052 726 2116 τοῖς
784 2050 1078 2122 Ῥωμαίοις
1135 2047 1424 2120 συμϐάντα
1471 2046 1645 2110 οὕτως
1707 2046 1946 2116 ιγένετο.

365 2142 578 2216 Ἦρχον
611 2143 711 2214 μὲν
766 2143 978 2206 Παῦλος
1012 2140 1265 2212 Αἰμίλιος
1305 2139 1401 2194 καὶ
1439 2139 1732 2210 Τερέντιος
1762 2142 1949 2213 Οῦάῤ-

369 2239 500 2304 ρων,
532 2235 729 2307 ἄνδρες
749 2234 850 2305 οὐχ
871 2233 1256 2316 όμοιότροποιη
1281 2231 1341 2285 '0
1367 2231 1466 2304 μὲν
1482 2231 1592 2302 γὰρ
1614 2231 1950 2305 εὐπατρίδης

366 2325 548 2400 ἦνκαὶ
574 2327 796 2399 παιδεία
829 2327 1142 2396 κεκόσμητο
1178 2324 1274 2380 καὶ
1309 2323 1371 2377 τὸ
1405 2321 1650 2394 ἀσφαλὲς
1675 2323 1951 2393 προετίμα

367 2420 463 2474 τοῦ
485 2419 795 2492 προπετοῦς
824 2437 838 2450 ·
873 2419 1160 2491 Τερέντιος
1177 2416 1234 2470 δὲ
1263 2417 1320 2470 ὲν
1342 2413 1418 2486 τῷ
1441 2413 1614 2486 ὁμίλῳ
1651 2413 1952 2483 ἐτέθραπτο

369 2515 462 2566 καὶ
493 2515 550 2565 ἐν
584 2512 889 2582 βαναυσικῇ
923 2510 1223 2584 θρασύτητι
1262 2509 1496 2580 ήσκητο,
1537 2504 1634 2559 καὶ
1655 2504 1835 2562 ,τάλλα
1889 2523 1950 2558 τε

370 2605 676 2676 ὲξεερρόνει,
713 2605 809 2658 καὶ
837 2604 935 2674 τὴν
959 2601 1259 2674 ἠγεμονίαν
1289 2599 1451 2670 μόνος
1481 2597 1626 2668 ἔχειν
1655 2597 1846 2667 ἠγεῖτο
1865 2595 1953 2650 διὰ

372 2700 471 2768 τὴν
501 2696 597 2750 τοῦ
639 2695 1006 2767 συνάρχοντος
1046 2693 1375 2746 ἐπιείκειαν.
1405 2685 1610 2742 Ἦλθον
1649 2685 1744 2742 οῦν
1784 2688 1954 2770 άμιρω

375 2792 456 2852 είς
489 2789 550 2841 τὺ
595 2786 964 2860 στρατόπεδον
1005 2782 1392 2854 εὐκαιρότατα.
1442 2780 1582 2834 υῦτε
1631 2779 1741 2849 γὰρ
1773 2778 1954 2850 τροφὴ

373 2879 456 2932 ἔτι
505 2873 572 2948 ἧν
613 2877 691 2948 τῷ
754 2875 996 2948 Ἀννίϐᾳ,
1026 2877 1122 2929 καὶ
1161 2873 1230 2926 τά
1262 2873 1372 2926 τῶν
1407 2870 1634 2942 Ἰϐήρων
1671 2871 1953 2940 κεκίνητο,

372 2973 442 3026 τά
471 2988 529 3025 τε
556 2971 666 3024 τῶν
696 2969 1005 3039 συμμάχων
1055 2965 1219 3021 αὐτοῦ
1258 2961 1608 3035 ὴλλοτριοῦτο
1632 2975 1645 2990 ⁸
1695 2961 1790 3014 καὶ
1818 2960 1872 3013 εί
1890 2976 1954 3026 γε

376 3065 470 3116 καὶ
499 3064 560 3117 τὸ
603 3062 943 3134 βραχύτατον
971 3059 1371 3130 ἐπεσχήκεσαν,
1401 3056 1616 3119 ἀπόνως
1637 3055 1955 3125 ἐκράτησαν

373 3157 458 3209 ἄν.
498 3155 613 3209 Νῦν
634 3155 691 3208 δέ
723 3170 787 3224 γε
836 3152 930 3206 τοῦ
977 3149 1270 3222 Τερεντίου
1303 3148 1364 3202 τὸ
1401 3146 1738 3219 ἀπερίοπτον
1757 3145 1853 3199 καὶ
1895 3145 1955 3198 τὸ

502 3247 711 3301 Παύλου
735 3208 994 3308 ,ἐπιεικὲς
1023 3208 1262 3315 ἥττησεν
1303 3208 1529 3304 αὐτούςί
1575 3239 1636 3292 '0
1675 3237 1785 3310 γὰρ
1830 3237 1952 3291 ’Δν-
1977 3208 2024 3275 c

376 3337 532 3400 ν.6ας
597 3335 923 3406 ἐπεχείρησε
965 3334 1065 3404 μὲν
1098 3337 1193 3386 καὶ
1230 3331 1582 3402 παραχρῆμα
1605 3327 1742 3399 πρὸς
1769 3327 1951 3398 μάχην

374 3428 573 3491 αὐτοὺς
614 3425 1024 3495 ὑπαγαγέσθαι,
1065 3424 1162 3478 καὶ
1189 3423 1288 3477 σὺν
1325 3421 1530 3491 ὀλίγοις
1556 3418 1953 3490 προσπελάσας

375 3520 558 3575 αὐτῶν
611 3519 690 3589 τῷ
735 3519 992 3591 ἐρύματι,
1046 3517 1172 3572 ἐπεὶ
1220 3514 1464 3587 ἐκδρομὴ
1513 3514 1759 3583 ἐγένετο,
1812 3513 1954 3566 ἑκὼν

377 3614 760 3688 ὑπεχώρησεν,
793 3616 938 3676 ὅπως
977 3613 1210 3666 δεδιέναι
1239 3609 1539 3680 νομισθεὶς,
1584 3609 1955 3661 ἐπισπάσαιτο

378 3711 582 3782 μᾶλλον
609 3711 807 3772 αὐτοὺς
865 3709 946 3770 είς
998 3704 1327 3778 παράταξιν.
1359 3703 1467 3754 Τοῦ
1507 3702 1566 3754 δὲ
1598 3700 1811 3754 Παύλου
1841 3703 1956 3762 τοῖς

376 3801 601 3865 οίκείοις
631 3799 999 3872 στρατιώταις
1040 3795 1357 3865 ἐπισχόντος
1397 3793 1497 3864 τὴν
1525 3791 1730 3856 δίωξιν,
1759 3791 1788 3843 ό
1835 3789 1956 3841 Ἀν-

376 3893 533 3956 νίσας
596 3891 1038 3964 προσεποιήσατο
1082 3885 1396 3958 φοϐεῖσθαιο
1455 3885 1551 3938 καὶ
1616 3883 1717 3954 τῆς
1763 3881 1955 3940 νυκτὸς

379 3981 897 4053 ανασκευασάμενος
930 3978 1004 4043 ὡς
1035 3976 1236 4042 ἀπιὼν,
1263 3973 1433 4044 σκεύη
1466 3991 1527 4026 τε
1561 3973 1731 4044 συχνὰ
1747 3971 1960 4025 κατέλι-

387 4091 490 4128 πεν
529 4076 587 4126 ὲν
615 4072 692 4142 τῷ
743 4070 1132 4143 χαρακώματι,
1165 4069 1260 4122 καὶ
1288 4067 1356 4120 τὰ
1398 4065 1561 4119 λοιπά
1593 4064 1958 4134 ἀμελέστερον

385 4164 708 4236 κομίζεσθαι
730 4161 1061 4226 ἐνετείλατο,
1100 4159 1188 4214 ἵνα
1208 4158 1316 4211 τῶν
1355 4155 1646 4227 Ῥωμαίων
1669 4153 1755 4223 ἐφ’
1777 4154 1960 4224 άρπα-

388 4258 490 4327 γὴν
531 4255 714 4310 αὐτῶν
761 4253 1127 4326 τραπομένων
1185 4248 1447 4320 ὲπὶθηται
1490 4244 1665 4316 σφίσι.
1715 4245 1825 4298 Καὶ
1879 4244 1960 4307 εἰς

385 4349 548 4420 ἔργον
577 4349 644 4403 ἂν
671 4346 733 4401 τὸ
783 4345 1060 4416 βούλευμα
1089 4343 1320 4414 ήγαγεν,
1359 4342 1408 4394 εί
1459 4339 1536 4411 μὴ
1561 4340 1590 4392 ό
1617 4337 1830 4400 Παῦλος
1862 4335 1960 4390 καὶ

381 4441 616 4505 ἄκοντας
667 4440 1006 4508 κατεσχήκει
1057 4439 1186 4498 τοὺς
1242 4430 1583 4506 στρατιώτας
1619 4427 1832 4484 καὶτὸν
1860 4428 1961 4481 Teo

2052 1959 2117 2011 de
2144 1956 2310 2011 rebus
2337 1971 2627 2026 perperam
2659 1957 2957 2024 sentiebat,
2993 1969 3106 2015 tum
3133 1975 3192 2015 se
3217 1963 3395 2016 solum
3425 1963 3632 2018 habere

2052 2049 2344 2119 imperium
2393 2048 2465 2104 ob
2511 2049 2734 2120 collegae
2792 2051 3230 2107 moderationem
3279 2055 3631 2124 opinabatur.

2050 2141 2227 2196 Ambo
2253 2149 2444 2197 autem
2475 2157 2739 2213 perquam
2789 2143 2840 2197 in
2879 2151 3128 2215 tempore
3171 2145 3226 2200 in
3258 2158 3436 2202 castra
3465 2164 3632 2203 vene-

2053 2240 2202 2286 runt.
2254 2231 2446 2303 Neque
2495 2233 2647 2288 enim
2701 2244 3070 2291 commeatum
3111 2237 3352 2293 habebat
3374 2239 3636 2303 Annibal.

2050 2335 2108 2380 et
2143 2339 2231 2380 res
2257 2322 2567 2395 Hispanicae
2595 2325 2829 2382 turbata:
2856 2337 3038 2393 erant,
3065 2338 3122 2384 et
3143 2329 3278 2386 socii
3309 2332 3378 2386 ab
3404 2347 3472 2388 co
3499 2333 3637 2388 alie-

2054 2416 2351 2472 nabantur.
2379 2415 2540 2482 Quod
2569 2415 2614 2470 si
2648 2418 3012 2487 perpusillum
3041 2423 3234 2475 morati
3271 2435 3476 2486 essent,
3497 2424 3634 2479 citra

2052 2509 2298 2564 laborem
2322 2509 2608 2564 vicissent.
2630 2507 2790 2564 Nunc
2817 2509 3061 2566 Terentii
3089 2512 3371 2566 temeritas
3399 2523 3453 2569 et
3481 2515 3636 2570 Pauli

2053 2601 2363 2656 moderatio
2407 2615 2588 2656 causae
2619 2599 2793 2656 cladis
2818 2601 3171 2657 exstiterunt.
3212 2603 3352 2659 Nam
3397 2605 3636 2663 Annibal

2052 2692 2237 2748 statim
2267 2707 2365 2747 eos
2394 2691 2463 2746 ad
2499 2707 2741 2762 pugnam
2771 2691 2974 2748 elicere
2997 2694 3250 2761 studens,
3281 2711 3409 2751 cum
3445 2700 3638 2768 paucis

2053 2785 2420 2840 munitionem
2447 2800 2741 2857 aggressus
2785 2797 2870 2841 est
2910 2801 2926 2840 :
2982 2786 3238 2858 fat-taque
3283 2792 3636 2857 excursione,

2053 2888 2252 2950 sponte
2279 2879 2533 2943 recessit,
2571 2885 2629 2931 nt
2669 2879 2864 2932 timore
2912 2879 3173 2934 simulato
3203 2880 3421 2937 facilius
3459 2899 3556 2938 cos
3579 2886 3635 2939 in

2056 2972 2301 3042 praelium
2347 2971 2672 3025 attralteret.
2721 2969 2968 3040 Cumque
3017 2971 3224 3045 Paulus
3270 2987 3402 3028 suos
3433 2976 3639 3032 milites

2055 3065 2124 3120 ab
2157 3065 2316 3120 hoste
2340 3061 2725 3135 persequendo
2754 3072 3091 3128 revocasset,
3128 3064 3326 3120 timore
3355 3065 3638 3128 simulato.

2055 3157 2204 3213 vasis
2252 3166 2420 3212 noctu
2467 3154 2735 3214 collectis.
2773 3164 3030 3226 tanquam
3079 3156 3353 3222 abiturus,
3383 3160 3554 3214 multa
3581 3164 3637 3214 in

2057 3248 2200 3303 vallo
2232 3247 2476 3318 reliquit,
2507 3254 2819 3316 catteraque
2866 3247 3234 3318 negligentius
3285 3253 3492 3319 portari
3516 3254 3639 3322 jus-

2057 3341 2151 3407 sit,
2176 3348 2236 3395 ut
2258 3339 2540 3394 Romanos
2563 3339 2617 3392 in
2650 3338 2901 3409 rapinam
2928 3339 3172 3395 intentos
3205 3343 3638 3412 aggrederetur:

2055 3448 2120 3490 ac
2147 3431 2201 3486 id
2235 3432 2460 3486 omnino
2488 3428 2806 3492 accidisset,
2842 3429 2948 3486 nisi
2985 3429 3186 3485 Paulus
3207 3431 3407 3487 milites
3438 3442 3494 3487 et
3537 3433 3642 3489 Teo

2057 3523 2298 3580 rcntium
2322 3523 2408 3577 vel
2438 3521 2642 3576 invitos
2665 3519 3029 3576 cohibuisset.
3055 3521 3316 3590 Annibal,
3337 3523 3503 3578 etiam
3535 3523 3643 3579 hoc

2057 3614 2289 3671 consilio
2314 3612 2634 3678 frustratus,
2668 3621 2832 3666 noctu
2859 3611 2928 3666 ad
2964 3613 3182 3668 Cannas
3211 3613 3406 3669 venit:
3447 3616 3643 3686 cogni-

2061 3718 2226 3778 toque
2259 3707 2366 3761 loci
2413 3707 2543 3771 situ,
2579 3714 2636 3760 et
2682 3703 2749 3759 ad
2781 3704 3055 3774 parandas
3077 3704 3246 3776 418
3290 3705 3541 3774 insidias,
3586 3719 3644 3763 et

2058 3801 2126 3854 ad
2162 3799 2409 3869 praelium
2437 3795 2897 3852 committendum
2949 3795 3173 3860 idoneo,
3211 3805 3391 3852 castra
3423 3797 3500 3853 ibi
3537 3812 3640 3868 po-

2059 3891 2192 3957 suit,
2227 3905 2292 3945 ac
2337 3905 2556 3944 omnem
2603 3903 2731 3942 eum
2780 3903 2975 3958 agrum
3009 3887 3411 3944 subarenosum
3455 3899 3642 3945 aratro

2061 3981 2350 4054 proscidit,
2381 3989 2438 4034 ut
2478 3980 2531 4033 in
2564 3994 2741 4050 pugna
2766 3979 2948 4047 pulvis
2975 3978 3304 4035 tolleretur:
3345 3978 3400 4032 id
3429 3979 3642 4034 machi-

2061 4083 2244 4137 natus,
2279 4079 2341 4126 ut
2367 4079 2592 4123 ventum
2631 4067 2725 4136 qui
2758 4066 2834 4121 ibi
2865 4066 2970 4120 sub
3010 4066 3298 4120 meridiem
3337 4063 3472 4120 ﬂare
3507 4080 3643 4119 con—

2063 4163 2246 4218 suevit
2289 4177 2321 4216 a
2363 4171 2518 4230 tergo
2563 4159 2815 4213 haberet.
2886 4157 3044 4214 Coss.
3102 4173 3228 4212 cum
3272 4172 3433 4213 mane
3463 4167 3646 4214 castra

2061 4251 2198 4306 viris
2241 4263 2415 4305 vacua
2459 4247 2766 4315 vidissent,
2824 4248 3065 4318 primum
3120 4262 3180 4302 se
3233 4257 3642 4318 represserunt,

2063 4343 2294 4400 insidias
2318 4340 2502 4397 veriti.
2531 4341 2806 4397 Postridie
2833 4341 2901 4396 ad
2931 4339 3151 4395 Cannas
3173 4349 3467 4410 venerunt,
3489 4341 3648 4411 juxta

2061 4437 2270 4493 ﬂumen
2295 4446 2529 4506 uterque
2554 4433 2786 4490 seorsim
2833 4440 3280 4489 castrametatus.
3307 4432 3392 4490 Ob
3424 4449 3648 4491 morum

388 4534 621 4606 ρέντιον.
663 4531 724 4587 '0
759 4530 855 4585 οῦν
908 4528 1186 4605 ’Δννίὸας,
1241 4527 1338 4580 καὶ
1381 4522 1577 4578 τούτου
1611 4519 1954 4595 διαμαρτὼν,

2062 4531 2214 4586 εηὶιη
2264 4527 2638 4584 diversitatem
2691 4526 2834 4581 alter
2881 4525 3111 4581 alterius
3179 4525 3647 4583 consuetudinem

382 4626 576 4687 νυκτος
639 4621 778 4694 πρὸς
827 4620 925 4684 τὰς
987 4621 1205 4682 Κάννας
1261 4617 1511 4687 ἀφίκετο.
1562 4616 1672 4668 Καὶ
1700 4617 1864 4682 γνοὺς
1897 4614 1960 4667 τὸ

380 4714 581 4786 χωρίον
607 4717 702 4768 καὶ
725 4714 862 4782 πρὸς
885 4712 1130 4782 ἐνέδρας,
1173 4709 1270 4765 καὶ
1326 4708 1465 4780 πρὸς
1502 4705 1813 4776 παράταξιν
1839 4707 1961 4758 ὲπι-

380 4807 616 4878 τήδειον,
680 4805 1218 4876 ἐστρατοπεδεύσατο
1273 4803 1372 4858 καὶ
1427 4802 1706 4872 προήροσε
1779 4799 1960 4852 πάντα

381 4899 473 4953 τὸν
538 4899 702 4952 τόπον
754 4897 1088 4971 ὑπόψαμμον
1136 4897 1287 4965 ῦντα,
1335 4897 1421 4950 ἵνα
1471 4894 1753 4966 κονιορτὸς
1791 4894 1850 4946 ἐν
1889 4895 1959 4965 τῇ

385 4994 538 5068 μάχη
569 4996 733 5068 ἀρθῇ.
765 4993 869 5045 Τὸν
909 4992 1018 5064 γάρ
1051 4991 1254 5063 ἄνεμον
1275 4989 1335 5054 ὃς
1359 4991 1419 5044 ὲν
1451 4989 1602 5060 θέρει
1627 4989 1809 5042 ἐκεῖσε
1833 4989 1963 5056 περὶ

381 5089 482 5160 τὴν
507 5087 862 5162 μεσημὸρίαν
909 5085 1095 5140 εἰώθει
1139 5083 1414 5153 γίνεσθαι,
1445 5083 1587 5135 κατὰ
1617 5079 1790 5134 νώτου
1817 5078 1963 5150 ἔχειν

382 5183 794 5253 ἐμηχανήσατο.
849 5179 916 5234 Oi.
972 5178 1030 5232 δὲ
1090 5176 1294 5232 ὕπατοι
1339 5175 1509 5228 ἕωθεν
1556 5171 1715 5227 κενὸν
1750 5172 1963 5243 ἀνδρῶν

385 5276 588 5338 ἰδόντες
621 5273 786 5328 αὐτοῦ
830 5273 894 5327 τὸ
931 5272 1263 5344 χαράκωμα,
1300 5268 1519 5338 πρῶτον
1556 5267 1658 5336 μὲν
1705 5267 1962 5336 ἐπέσχον,

382 5367 763 5438 ἐνεδρεύεσθαι
787 5365 1036 5431 δόξαντες
1060 5381 1074 5396 ο
1117 5359 1242 5417 εἶτα
1286 5363 1408 5432 μεθ’
1438 5360 1651 5432 ἡμέρας
1688 5359 1826 5430 πρὸς
1864 5360 1963 5422 τὰς

385 5461 602 5523 Κάννας
651 5461 940 5529 ἀφίκοντο,
974 5460 1068 5510 καὶ
1099 5455 1251 5527 παρὰ
1290 5454 1371 5526 τῷ
1420 5452 1652 5524 ποταμῷ
1702 5453 1963 5523 ἑκάτερος

385 5553 494 5623 ίδία
545 5551 827 5621 ηὐλίσατο.
895 5550 1012 5601 Οὐκ
1049 5549 1203 5610 οντες
1241 5547 1350 5615 γάρ
1385 5544 1641 5617 ὀμοήθεις
1685 5544 1787 5613 τὴν
1826 5544 1966 5614 πρὸς

380 5644 654 5714 ἀλλήλους
712 5641 1006 5695 συνουσίαν
1063 5639 1358 5706 ὲξέκλινον.
1398 5640 1508 5692 Καὶ
1550 5641 1578 5692 ὁ
1625 5638 1723 5708 μὲν
1755 5636 1964 5698 Παῦλος

380 5738 681 5808 ἡσύχασεν,
705 5738 734 5788 ὁ
762 5734 820 5787 δέ
841 5751 906 5804 γε
956 5734 997 5785 Τ
1003 5734 1246 5803 ερέντιος
1289 5733 1449 5803 ἧθελε
1485 5729 1784 5800 συμϐαλεῖν
1805 5743 1818 5756 ·
1852 5731 1962 5799 ἀμ.

381 5827 682 5898 ὄλυτέρους
709 5827 768 5881 δὲ
793 5830 920 5890 τοὺς
948 5825 1286 5896 στρατιώτας
1321 5824 1485 5892 ὁρῶν,
1515 5823 1864 5881 άνεκόπτετο.
1906 5823 1965 5876 Ὀ

582 5923 861 5982 Pyrum.
906 5921 1027 5982 Gn.
1075 5918 1400 5982 CXXXIV.

2063 4617 2401 4675 declinabat.
2432 4616 2604 4672 Paulo
2647 4615 2995 4686 quiescente,
3029 4614 3324 4672 Terentius
3347 4615 3648 4687 conﬂigere

2061 4711 2278 4767 voluit:
2320 4722 2424 4765 nec
2457 4715 2641 4763 tamen
2692 4705 2841 4772 fecit,
2877 4720 3004 4760 cum
3052 4705 3259 4761 milites
3293 4721 3487 4778 parum
3524 4722 3649 4762 esse

2065 4804 2277 4859 alacres
2307 4800 2556 4856 vidisset.
2595 4799 2666 4854 At
2691 4797 2932 4854 Annibal
2957 4797 3046 4853 vel
3068 4797 3274 4854 invitos
3305 4797 3372 4853 ad
3405 4815 3648 4870 pugnam

2065 4896 2314 4960 eliciens,
2342 4894 2638 4963 aquatione
2691 4891 3041 4962 prohibebat,
3072 4905 3177 4946 nec
3201 4891 3374 4961 palari
3405 4893 3648 4958 sinebat,

2066 4998 2124 5046 et
2152 4990 2420 5045 cadavera
2463 4998 2734 5040 caesorum
2781 4997 2946 5054 supra
2997 4981 3055 5037 in
3108 4981 3472 5052 proﬂuentem
3521 4991 3650 5037 ante

2065 5079 2270 5134 vallum
2316 5091 2512 5132 eorum
2549 5073 2894 5148 projiciebat,
2930 5083 3047 5130 uta
3078 5083 3209 5142 potu
3256 5073 3644 5128 abhorrerent.

2065 5172 2165 5227 His
2208 5170 2376 5226 rebus
2405 5168 2638 5225 Romani
2688 5167 2974 5230 concitati,
3007 5165 3184 5222 aciem
3239 5166 3643 5220 instruxerunt.

2063 5265 2186 5332 Quo
2223 5262 2461 5319 Annibal
2485 5263 2842 5334 praecognita,
2897 5259 3112 5315 insidiis
3141 5259 3246 5314 sub
3282 5261 3506 5314 tutnnlis
3531 5260 3650 5314 col-

2064 5358 2284 5422 locatis,
2333 5366 2389 5409 et
2443 5353 2662 5424 reliquo
2711 5351 2961 5407 exercitu
3006 5349 3300 5414 ordinato,
3351 5351 3649 5406 nonnullos

2067 5451 2381 5520 transfugas
2433 5447 2777 5512 subornavit,
2836 5459 2975 5516 quos
3025 5445 3182 5515 signo
3230 5443 3361 5499 dato
3417 5446 3645 5516 clypeis,

2068 5544 2242 5599 bastis
2276 5551 2333 5597 et
2359 5539 2587 5594 ensibus
2617 5537 2962 5608 gravioribus
2988 5535 3239 5605 abjcctis,
3269 5536 3416 5591 solos
3455 5537 3650 5606 pugio-

2065 5650 2166 5690 nes
2214 5633 2456 5687 retinere
2489 5630 2676 5702 jussit.
2711 5637 2771 5683 ut
2815 5629 2884 5682 ab
2915 5626 3251 5683 adversariis
3281 5645 3382 5699 pro
3421 5631 3647 5685 inermi-

2068 5725 2172 5780 bus
2206 5723 2442 5791 accepti,
2479 5733 2585 5774 eos
2626 5735 2692 5774 ex
2725 5719 3024 5789 improviso
3051 5721 3503 5791 aggrederentur.
3541 5723 3650 5779 Ro-

2073 5818 2240 5884 mani,
2275 5829 2400 5870 cum
2429 5812 2716 5868 Annibalis
2741 5813 3047 5869 exercitum
3080 5830 3239 5868 mane
3275 5815 3328 5870 in
3357 5817 3651 5887 procinctu

3221 5909 3300 5968 9.3
