4024 6406
342 399 449 465 715

1606 372 1931 438 JOANNIS
1957 364 2282 430 ZONAILE

3518 355 3629 420 716

339 519 486 564 state
516 503 790 565 viderent,
841 493 1012 553 armis
1042 491 1220 563 captis
1250 498 1306 546 ct
1335 487 1442 560 ipsi
1492 486 1936 541 instruebantur.

2062 481 2100 534 53-:
2143 477 2417 540 Ἀννίϐας,
2444 475 2538 528 καὶ
2563 475 2798 536 ἄκοντας
2841 471 3040 534 αὐτοὺς
3063 470 3141 532 είς
3179 467 3358 539 μάχην
3391 481 3628 537 παρακι-

339 599 606 658 Classieis
650 595 821 668 igitur
875 591 1138 659 utrinque
1187 583 1557 640 canentibus,
1606 579 1933 645 collatisque

340 695 534 768 signis,
565 691 717 746 varie
750 699 804 743 et
837 699 1011 755 usque
1037 679 1327 736 meridiem
1358 675 1586 742 ancipiti
1621 673 1791 726 Marte
1829 684 1932 738 pu-

341 795 666 860 gnarerunt.
697 781 767 836 Ut
793 788 978 834 autem
1007 783 1206 828 ventus
1244 779 1329 825 est
1363 777 1614 825 exortus,
1650 772 1706 817 et
1755 759 1933 815 ﬁctitii

343 879 642 950 transfuga:
695 890 794 946 pro
835 871 1142 927 inermibus
1194 865 1427 935 accepti,
1485 871 1610 933 post
1656 861 1936 914 Romanos

341 949 636 1032 Steterunt,
672 984 739 1022 nc
769 965 981 1021 scilicet
1013 978 1041 1016 a
1076 955 1633 1029 Carthaginiensibus
1656 949 1938 1020 opprime-

345 1078 538 1124 rentur
568 1083 580 1118 :
626 1071 758 1117 tunc
787 1059 882 1129 qui
912 1057 987 1110 .in
1037 1052 1260 1108 insidiis
1295 1057 1476 1112 erant,
1511 1047 1773 1112 utrinque
1797 1056 1933 1095 con-

345 1167 735 1219 surrexerunt,
769 1161 820 1208 et
858 1148 1096 1206 Annibal
1128 1161 1156 1200 a
1180 1146 1359 1199 fronte
1389 1156 1514 1196 cum
1543 1136 1849 1207 equitibus,
1881 1140 1938 1186 et

347 1257 560 1313 hostes,
594 1264 696 1304 nec
729 1245 914 1300 minus
941 1251 1140 1296 ventus
1161 1247 1218 1292 et
1251 1235 1431 1307 pulvis
1470 1234 1523 1287 in
1553 1229 1722 1285 facies
1743 1240 1936 1282 eorum

343 1347 620 1401 violenter
651 1339 988 1400 incidentes,
1027 1335 1307 1389 Romanos
1339 1327 1586 1396 undique
1617 1321 1935 1383 turbabant,

343 1450 401 1494 et
435 1437 636 1492 creber
684 1449 750 1488 ex
799 1429 1123 1500 fatigatione
1173 1423 1476 1485 anhelitus,
1513 1427 1574 1473 ut
1619 1426 1678 1472 et
1725 1414 1848 1468 visu
1883 1421 1939 1466 et

342 1544 480 1585 voce
510 1523 738 1597 privati,
773 1517 1090 1592 promiscue
1142 1513 1404 1580 nulloque
1433 1506 1630 1564 ordine
1656 1501 1940 1557 caederen-

349 1634 459 1674 tur.
488 1589 664 1672 'l‘anta
687 1589 853 1684 igitur
879 1606 1176 1663 multitudo
1200 1600 1422 1662 cecidit,
1448 1605 1510 1652 ut
1529 1593 1769 1650 Annibal
1797 1589 1939 1660 vulgi

347 1715 491 1769 inire
519 1720 813 1764 numerum
838 1719 906 1757 ne
935 1699 1163 1755 tentarit
1185 1695 1408 1766 quidem
1433 1710 1446 1746 :
1481 1690 1730 1759 equitum
1755 1693 1940 1738 autem

347 1815 404 1860 et
443 1809 764 1858 senatorum
797 1805 1093 1848 numerum
1132 1788 1198 1842 ad
1226 1793 1482 1840 senatum
1518 1774 1944 1845 Carthaginien-

2036 575 2182 638 νῶν,
2227 571 2328 641 τῆς
2380 587 2439 622 τε
2483 567 2702 639 ὑδρείας
2761 563 2936 635 εἶργε,
2972 560 3630 618 καιὰποσκεδάννυσθαι

2039 669 2182 736 σφᾶς
2209 663 2442 725 ἐκώλυε,
2471 663 2566 716 καὶ
2602 661 2669 714 τὰ
2696 659 2928 727 σώματα
2950 659 3057 711 τῶν
3096 655 3480 723 φονευομέ.ων
3516 652 3630 706 ἄ·-ω

2039 760 2147 832 πρὸ
2203 759 2314 812 τῶν
2369 755 2780 826 ταφρευμάτων
2833 750 3142 812 ἐνέϐαλλεν,
3197 749 3346 809 ὅπως
3385 745 3536 810 σφίσι
3569 743 3634 796 τὸ

2038 853 2206 908 ποτὸν
2255 848 2708 920 δυσχεραίνηται.
2765 845 3080 900 Κάντεῦθεν
3119 843 3213 895 καὶ
3251 843 3300 895 οἱ
3366 839 3634 908 Ῥωμαῖοι

2039 944 2176 1013 πρὸς
2233 941 2544 1014 παράταξιν
2584 939 2877 1010 ὥρμησαν.
2938 935 3117 989 Τοῦτο
3167 934 3226 988 δέ
3277 933 3550 1003 προγνοὺς
3603 932 3634 982 6

2053 1034 2328 1097 Ἀννίϐας,
2359 1031 2550 1102 λόχους
2587 1029 2687 1101 μὲν
2717 1029 2822 1082 ὑπὸ
2849 1027 2976 1090 τοὺς
3005 1027 3205 1098 δχθους
3245 1025 3494 1086 ἐκάθισε,
3531 1025 3636 1092 τὴν

2038 1129 2097 1182 δέ
2137 1125 2336 1196 λοιπὴν
2385 1121 2652 1195 στρατιὰν
2702 1120 2984 1186 συνέταξε,
3034 1119 3130 1172 καί
3161 1117 3631 1186 τιναςιξευδαυτο-

2044 1220 2303 1291 μολῆσαι,
2343 1218 2474 1270 ὅταν
2522 1215 2765 1286 σημήνῃ,
2812 1213 3069 1267 ἐκέλευσε
3104 1212 3202 1274 τὰς
3235 1212 3344 1280 ’μὲν
3375 1209 3634 1269 ἀσπίδας.

2041 1313 2138 1366 καὶ
2173 1312 2243 1364 τὰ
2293 1311 2518 1380 δόρατα,
2581 1308 2677 1361 καὶ
2709 1309 2777 1360 τὰ
2835 1305 3012 1376 μείζω
3039 1304 3148 1358 τῶν
3181 1303 3353 1372 ξιφῶν
3397 1303 3636 1371 ἁπορῤι·

2039 1407 2272 1475 ψαντας,
2300 1403 2369 1455 τὰ
2404 1404 2448 1454 δ’
2471 1401 2777 1471 ἐγχειρίδια
2804 1401 3069 1470 φέροντας
3088 1397 3296 1468 κρύφα,
3334 1395 3442 1459 ἵνα,
3471 1392 3638 1457 δεξα-

2045 1497 2225 1565 μένων
2255 1495 2454 1556 αὐτοὺς
2499 1493 2607 1546 τῶν
2663 1489 3211 1561 ἀντικαθεστηκότων
3261 1487 3336 1550 ὡς
3372 1486 3635 1551 ἀόπλους,

2041 1589 2346 1642 ἐπίθωνται
2377 1587 2560 1649 αὐτοῖς
2587 1585 3036 1656 ἀπροσδοκήτως.
3069 1583 3131 1635 Οἱ
3162 1581 3220 1634 δέ
3250 1580 3315 1651 δὴ
3348 1577 3586 1646 Ῥωμαῖα
3615 1613 3634 1640 ,

2048 1681 2250 1746 ἰδόντες
2307 1680 2553 1752 πρωῒθεν
2602 1679 2729 1742 τους
2788 1680 2919 1748 περὶ
2956 1676 3046 1729 τὸν
3089 1673 3343 1727 ’Δννίϐαν
3390 1685 3643 1740 παρατε-

2043 1777 2382 1846 ταγμένους,
2447 1772 2752 1838 ὡπλίζοντό
2805 1788 2866 1824 τε
2907 1773 3002 1823 καὶ
3053 1769 3466 1838 παρετάσσοντο
3495 1779 3510 1792 ⁸
3538 1759 3637 1815 καὶ

347 1913 466 1953 sem
498 1908 609 1949 non
637 1886 948 1957 scripserit,
981 1881 1076 1939 sed
1103 1895 1200 1950 per
1233 1875 1448 1930 modios
1481 1871 1814 1927 annulorum
1840 1865 1938 1920 de-

2062 1871 2095 1922 >ἰ
2128 1869 2464 1935 σαλπιγκταὶ
2523 1868 2872 1937 ἀμφοτέρους
2915 1863 3250 1934 ἐξώτρυναν,
3301 1859 3396 1912 καὶ
3426 1856 3495 1909 τὰ
3539 1872 3640 1922 ση-

351 1982 696 2043 monstrarit.
726 1976 841 2032 Soli
873 1977 1021 2030 enim
1058 1979 1346 2026 senatores
1376 1974 1430 2021 et
1475 1962 1694 2032 equites
1723 1958 1944 2015 ansulis

352 2080 676 2135 utebantur.
711 2069 868 2130 Multi
911 2078 1095 2122 tamen
1129 2075 1256 2118 cum
1285 2057 1550 2114 Terentio
1578 2064 1694 2109 tum
1719 2065 1943 2123 quoque

351 2179 670 2233 evaserunt,
705 2166 800 2222 sed
833 2160 1038 2219 Paulus
1063 2153 1352 2213 occubuit.
1378 2153 1446 2206 At
1469 2147 1710 2204 Annibal
1732 2145 1946 2216 fugien-

354 2279 439 2321 tes
469 2261 634 2336 419
669 2276 776 2314 non
819 2253 1273 2325 persecutusest,
1315 2257 1496 2314 neque
1544 2240 1774 2294 Romam
1815 2251 1946 2308 pro-

354 2358 586 2428 peravit.
617 2352 752 2407 Nam
784 2364 910 2403 eum
935 2343 1021 2399 vel
1058 2351 1236 2396 totum
1267 2336 1595 2398 exercitum,
1619 2331 1704 2385 vel
1736 2338 1946 2399 partem

352 2423 476 2520 ejus
521 2441 790 2513 evestigio
837 2440 1066 2494 Romam
1120 2429 1450 2504 perducere,
1500 2435 1667 2495 atque
1720 2423 1774 2477 in
1807 2423 1948 2478 urbe

355 2517 561 2597 bellum
587 2549 780 2609 gerere
809 2529 1114 2602 potuisset,
1147 2539 1256 2579 non
1287 2534 1469 2578 tamen
1497 2518 1664 2583 fecit,
1697 2517 1950 2587 quamvis

355 2607 626 2688 suadente
663 2621 1003 2681 Maharbale.
1043 2617 1226 2684 Quare
1263 2611 1471 2684 probro
1505 2610 1557 2664 ei
1595 2607 1788 2663 datum
1843 2615 1949 2672 est,

355 2721 503 2794 quod
536 2719 759 2774 vincere
791 2710 990 2783 possit,
1025 2707 1120 2762 sed
1157 2703 1236 2759 uti
1273 2699 1508 2760 victoria
1535 2698 1769 2753 nesciat.
1815 2695 1949 2750 Rem

359 2827 494 2870 sane
563 2816 680 2864 tum
732 2803 1039 2874 neglectam
1089 2808 1282 2869 postea
1341 2804 1623 2862 nunquam
1678 2787 1954 2843 resarcire

360 2909 710 2978 potuerunt:
753 2907 810 2953 et
849 2893 1178 2950 Annibalem
1209 2886 1535 2944 cessationis
1563 2884 1637 2938 ita
1673 2882 1957 2952 paenituit,

360 3012 422 3055 ut
446 2997 801 3054 continenter
839 2989 1203 3046 exclamaret:
1237 2981 1280 3037 0
1311 2978 1559 3036 Canace!
1593 2975 1838 3031 Canum!

2054 1961 2189 2030 μεῖα
2238 1958 2408 2030 ἤρθη,
2464 1957 2562 2011 καὶ
2615 1955 2993 2026 συμπεσόντες
3045 1951 3404 2020 πολυτρόπως
3434 1943 3642 2016 ἠγωνί-

2054 2068 2246 2118 σαντο,
2307 2049 2406 2102 καὶ
2467 2049 2632 2121 μέχρι
2699 2048 2798 2118 τῆς
2846 2043 3195 2117 μεσημϐρίας
3233 2038 3540 2109 οὐδετέροις
3576 2035 3643 2090 τὸ

2053 2144 2257 2214 κράτος
2311 2143 2718 2212 ἀπονενέμητο.
2763 2141 2916 2194 Ἐπεὶ
2953 2140 3011 2192 δέ
3055 2137 3115 2192 τὸ
3160 2135 3378 2206 πνεῦμα
3413 2131 3643 2204 ἐπῆλθε,

2053 2238 2148 2290 καὶ
2205 2239 2254 2291 οἱ
2321 2235 2752 2308 ψευδαυτόμολοι
2805 2234 3089 2304 δεχθέντες
3128 2231 3204 2294 ὡς
3231 2229 3415 2284 ὃπλων
3443 2225 3647 2296 γυμνοὶ

2052 2330 2280 2384 ὄπισθεν
2334 2329 2446 2382 τῶν
2483 2328 2772 2400 Ῥωμαίων
2839 2328 3114 2396 ἐγένοντο,
3180 2323 3271 2376 ἵνα
3326 2320 3402 2392 μὴ
3459 2317 3646 2386 σφίσιν

2054 2421 2342 2475 ἐπιτιθῶσι
2384 2420 2549 2492 δῆθεν
2597 2423 2648 2474 οἱ
2701 2418 3095 2490 Καρχηδόνιοι,
3133 2415 3256 2470 τότε
3296 2412 3389 2466 καὶ
3419 2411 3470 2462 oi
3495 2409 3645 2478 λόχοι

2056 2515 2400 2584 ἑκατέρωθεν
2451 2514 2878 2580 ἐπανέστησαν,
2941 2508 3035 2564 ml.
3091 2509 3120 2561 6
3191 2503 3446 2565 ’Δννίϐας
3497 2500 3646 2551 κατὰ

2053 2609 2356 2678 πρόσωπον
2417 2605 2518 2660 σὺν
2570 2608 2686 2668 τοῖς
2739 2602 2974 2658 ίππεῦσι
3008 2597 3337 2672 προσέμιξε,
3369 2595 3464 2649 καὶ
3494 2591 3550 2644 οἵ
3585 2607 3647 2641 τε

2052 2675 2306 2771 πολέμιοι
2360 2699 2489 2762 τοὺς
2555 2697 2871 2768 Ῥωμαίους
2923 2675 3266 2762 πανταχόθεν
3316 2685 3637 2755 ἐθορύϐουν,

2054 2794 2150 2846 καὶ
2207 2795 2235 2846 6
2285 2793 2488 2860 ἄνεμος
2533 2791 2562 2844 δ
2604 2807 2662 2842 τε
2709 2787 2988 2858 κονιορτὸς
3034 2788 3092 2847 ἐς
3131 2785 3232 2846 τὰς
3277 2780 3430 2848 ὄψεις
3465 2775 3652 2829 αὐτῶν

2061 2885 2250 2955 βιαίως
2278 2883 2572 2953 ἐμπίπτων
2603 2881 2892 2951 ἐτάραττε,
2929 2878 3022 2930 καὶ
3051 2876 3114 2928 τὺ
3146 2871 3333 2955 ἆσθμα
3363 2867 3652 2936 γινόμενον

2061 2975 2286 3044 συνεχὲς
2311 2976 2376 3026 ἐκ
2415 2972 2507 3025 τοῦ
2540 2973 2791 3042 καμάτου
2825 2947 3202 3038 ἀπέφραττεν,
3248 2962 3378 3017 ὥστ’
3407 2963 3650 3014 ἀπεστε-

360 3095 590 3166 ρημένοι
618 3092 718 3162 μὲν
755 3089 855 3158 τῆς
909 3083 1112 3153 ὅψεως,
1154 3070 1602 3166 ἀπεστερημένοι
1665 3068 1726 3120 δὲ
1782 3065 1882 3166 καὶ
1937 3067 2148 3136 φωνῆς,
2196 3067 2405 3137 φύρδην
2455 3064 2552 3117 καὶ
2597 3065 2656 3116 ἐν
2714 3062 2892 3114 οὐδενὶ
2923 3061 3116 3131 κόσμῳ
3162 3057 3502 3128 ἐφθείροντο.
3539 3051 3653 3102 Κα.

355 3143 1053 3244 ⁸ίεοιιζοῦτονιὲπεσε.πλῆθος
1089 3169 1232 3222 ὥστε
1279 3143 1375 3218 τὸν
1422 3159 1671 3218 Ἀννίϐαν
1739 3158 1874 3234 τῶν,
1917 3158 2018 3229 μὲν
2058 3161 2125 3212 ἐκ
2166 3158 2264 3212 τυῦ
2309 3157 2499 3228 ὁμίλου
2553 3155 2689 3226 μηδέ
2737 3152 3070 3225 πειραθῆναι
3105 3151 3348 3222 ἐξευρεῖν
3391 3143 3652 3215 ἀριθμὸν,

359 3277 493 3346 περὶ
523 3273 581 3327 δὲ
611 3272 725 3325 τῶν
755 3239 972 3324 ἱππέων
1011 3262 1106 3318 καὶ
1133 3257 1239 3312 τῶν
1270 3259 1336 3309 ἐκ
1356 3255 1458 3322 τῆς
1487 3252 1688 3346 ﬂowing
1717 3249 1953 3340 ἀριθμδγ
1995 3253 2095 3320 μὲν
2133 3251 2208 3322 μὴ
2273 3251 2487 3320 γράψαι
2545 3249 2660 3310 τοῖς
2701 3249 2842 3300 οἴκοι
2881 3244 3298 3316 Καρχηδονίοις,
3335 3241 3422 3294 διὰ
3461 3240 3517 3292 δέ
3546 3239 3654 3292 τῶν

359 3336 672 3430 δακτυλίων
724 3358 1072 3424 ἐνδείξασθαι
1133 3351 1370 3407 τοῦτον
1449 3343 1645 3416 χοίνιξι
1721 3345 1831 3414 γὰρ
1880 3336 2023 3412 σφᾶς
2060 3347 2460 3417 ἁπομετρήσας
2520 3342 2831 3397 ἀπέστειλε.
2889 3343 3059 3397 Μόνοι
3103 3340 3214 3410 γὰρ
3257 3339 3307 3391 οί
3357 3336 3645 3406 βουλευται

361 3470 458 3522 καὶ
491 3466 543 3517 oi
599 3455 789 3514 ἱππεῖς
840 3445 1153 3506 δακτυλίοις
1197 3439 1520 3511 ἐκέχρηντο.
1556 3437 1750 3506 Συχνο)⁵
1817 3434 1866 3486 δ’
1939 3431 2036 3489 οὖν
2074 3436 2225 3506 ὅμως
2285 3442 2379 3490 καὶ
2426 3437 2551 3490 τότε
2609 3437 2889 3504 διέφυγον,
2933 3435 3025 3486 καὶ
3067 3433 3094 3484 6
3129 3433 3450 3503 Τερέντιος·
3487 3428 3516 3480 6
3545 3427 3654 3500 γάρ

365 3556 581 3616 Παῦλος
628 3545 924 3604 ἀπέθανεν.
983 3538 1045 3591 Ὀ
1076 3536 1122 3590 δ’
1163 3533 1416 3596 Ἀννίϐας
1471 3531 1572 3583 οὐκ
1629 3527 1943 3593 ἐπεδίωξεν,
1987 3528 2099 3580 οὐδ’
2152 3530 2234 3594 είς
2285 3529 2385 3602 τὴν
2449 3531 2674 3600 Ῥώμην
2739 3527 2996 3599 ἠπείχθη,
3080 3528 3392 3593 Δυνάμενος
3437 3523 3544 3590 γὰρ
3616 3522 3649 3592 ἢ

364 3649 532 3708 παντὶ
558 3643 636 3714 τῷ
667 3627 1122 3710 στρατεύματι,ἦ
1154 3626 1250 3679 καὶ
1273 3623 1434 3693 μέρει
1456 3621 1650 3675 τούτου
1717 3621 1855 3688 πρὸς
1921 3620 2024 3690 τὴν
2071 3619 2298 3690 Ῥώμην
2348 3624 2670 3691 παραυτίκα
2719 3621 2987 3688 ὁρμῆσαι,
3028 3622 3121 3670 καὶ
3155 3618 3366 3686 ταχέως
3399 3615 3656 3669 suum-

366 3675 636 3714 παντιΊιΨ
668 3675 1068 3710 ωιτη-ὐνι-τ-ηντ
1095 3675 1122 3698 -ι
1351 3675 1362 3693 ι
1764 3675 1774 3688 ι
1837 3675 1851 3680 -
1977 3675 1990 3690 ι
2189 3675 2202 3690 ι
2253 3675 2264 3690 ι
2435 3675 2446 3691 ι
2756 3675 2802 3688 ..
2857 3675 2868 3686 .
2980 3675 2984 3676 ν
3229 3675 3256 3686 ..
3348 3675 3359 3678 -

366 3745 570 3815 μῆσαι,
617 3733 720 3786 οὐκ
766 3724 998 3794 ἐποίησε
1058 3718 1244 3780 τοῦτο,
1306 3714 1490 3768 καίτοι
1539 3712 1636 3764 τοῦ
1683 3710 1949 3780 Μαάρϐου
1993 3715 2379 3776 συναινοῦντος
2442 3714 2606 3766 τοῦτο
2659 3715 2906 3780 ποιησαι.
2953 3713 3045 3764 Διὸ
3089 3713 3182 3765 καὶ
3247 3711 3428 3762 αἰτίαν
3484 3711 3649 3776 ἔσχεν

363 3800 449 3898 ὣς.
475 3827 638 3898 νικᾷν
667 3819 767 3893 μὲν
791 3816 1117 3885 δυνάμενος,
1144 3805 1384 3879 χρῆσθαι
1410 3805 1473 3898 δέ
1496 3806 1618 3898 ταίς
1685 3802 1864 3898 νίκαις
1928 3803 2032 3857 οὐκ
2071 3805 2465 3876 ἐπιστάμενος.
2515 3807 2670 3859 Ἐπεὶ
2725 3806 2783 3858 δέ
2815 3805 2938 3857 τότε
2969 3802 3280 3873 ἠμέλησαν,
3309 3800 3494 3852 οὐκέτι
3544 3800 3658 3851 οὐδ’

370 3925 532 3986 αὖθις
611 3891 983 3986 ἠπείχθησαν.
1038 3904 1130 3957 Διὸ
1183 3901 1280 3954 καὶ
1345 3899 1374 3950 ὁ
1435 3894 1684 3956 Ἀννίϐας
1752 3894 1828 3956 ὡς
1891 3895 2157 3966 ἁμαρτὼν
2235 3898 2590 3968 μετεμέλετο,
2650 3896 2890 3967 συνεχῶς
2952 3895 3222 3956 ἀναϐοῶν,
3282 3891 3348 3946 Ὤ
3409 3891 3659 3958 Κάνναι,

367 4021 595 4082 Κάνναι
605 4053 618 4066 .

443 4113 506 4168 u.
561 4087 1038 4164 nomaxrr'autem
1084 4091 1303 4148 excidio
1346 4085 1609 4159 proximi.
1661 4083 1952 4138 victoriam
1989 4091 2032 4147 ο

372 4223 470 4280 per
499 4197 818 4270 Scipionem
860 4191 1288 4258 recuperarunt.
1329 4182 1390 4236 P.
1447 4177 1726 4249 Scipionis
1761 4175 1816 4229 in
1872 4175 1968 4228 Hi.

371 4268 561 4365 spania
582 4268 792 4344 bellum
824 4277 1070 4352 gerentis
1099 4275 1298 4338 lilium,
1334 4271 1430 4342 qui
1469 4279 1680 4340 patrem
1709 4268 1969 4322 vulnera-

375 4359 493 4441 tum
520 4375 868 4436 defenderat.
918 4370 1058 4425 Tum
1094 4382 1226 4422 vero
1269 4365 1428 4418 miles
1473 4362 1774 4418 Canusium
1809 4359 1968 4430 fugit,

375 4479 722 4546 adeptusque
743 4464 975 4538 gloriam
1005 4461 1075 4516 ab
1107 4460 1176 4514 iis
1203 4459 1297 4528 qui
1316 4456 1512 4512 eodem
1539 4470 1598 4509 se
1624 4461 1968 4523 receperant,

381 4535 680 4636 imperium
709 4535 856 4612 ultro
889 4553 1134 4608 delatum
1157 4547 1394 4616 accepit,
1429 4553 1488 4600 et
1518 4546 1686 4599 rebus
1725 4535 1800 4598 ibi
1840 4557 1976 4596 con-

377 4629 592 4716 stitutis
620 4647 876 4724 praesidia
906 4644 1058 4698 misit
1107 4629 1380 4700 ﬁnitimis,
1437 4638 1492 4690 in
1535 4635 1700 4690 rebus
1730 4642 1786 4688 et
1836 4631 1976 4688 deli-

376 4723 641 4808 berandis
667 4751 720 4797 et
751 4735 1012 4810 gerendis
1052 4733 1267 4787 dexter.
1294 4728 1401 4794 Qui
1423 4728 1612 4782 Romae
1644 4733 1829 4789 erant,
1858 4723 1972 4779 cla-

379 4843 505 4897 dem
536 4835 896 4894 audiverunt,
928 4825 1024 4881 sed
1061 4839 1172 4878 non
1201 4820 1594 4886 crediderunt;
1635 4833 1763 4874 cum
1797 4815 1978 4872 credi-

379 4933 616 4993 dissent,
641 4925 930 4984 luxerunt,
963 4925 1020 4971 et
1065 4915 1120 4969 in
1154 4913 1312 4968 curia
1357 4909 1658 4981 congressi,
1691 4907 1858 4962 rebus
1887 4906 1975 4960 in-

377 5023 542 5081 fectis
600 5012 938 5072 recedebant
981 5026 994 5061 :
1057 5006 1235 5060 donec
1270 5001 1492 5058 tandem
1547 4999 1755 5056 Fabius
1804 4999 1969 5062 dixit,

379 5113 762 5184 exploratores
783 5115 904 5156 esse
938 5093 1260 5158 mittendos,
1283 5091 1380 5162 qui
1413 5101 1469 5146 et
1500 5106 1616 5146 rem
1667 5099 1896 5161 gestam,
1917 5095 1974 5142 et

385 5206 518 5278 quid
563 5208 752 5272 ageret
783 5192 1042 5259 Annibal,
1081 5189 1424 5246 nuntiarent.
1502 5186 1639 5256 Ipsis
1681 5199 1818 5239 vero
1861 5198 1972 5238 non

385 5277 710 5370 plorandum
745 5304 890 5356 esse,
923 5286 1018 5341 sed
1053 5280 1392 5356 pedetentim
1430 5277 1870 5349 procedendum,
1914 5283 1975 5330 ut

379 5413 445 5450 ea
479 5405 602 5462 qua.
627 5388 770 5444 facto
796 5391 982 5440 essent
1014 5393 1172 5450 opus,
1227 5373 1554 5445 tempestive
1601 5379 1926 5442 gererentur
1957 5385 1970 5422 :

2136 4079 2208 4132 ἶς’.
2247 4082 2309 4134 Οί
2345 4081 2400 4134 δέ
2434 4080 2499 4150 δὴ
2515 4081 2807 4148 Ῥωμαῖοι,
2834 4076 3170 4148 παραϐραχὺ
3198 4075 3655 4136 κινδυνεύσαντες

2073 4175 2396 4230 ἀπολέσθαι.
2431 4175 2921 4243 ἀντεπεκράτησαν
2972 4171 3060 4223 διὰ
3099 4168 3194 4221 τοῦ
3239 4169 3565 4231 Σκιπίωνος,
3599 4165 3661 4228 ὃς

2071 4268 2185 4330 υἱὸς
2223 4268 2322 4336 μὲν
2367 4265 2435 4338 ἦν
2497 4265 2590 4320 τοῦ
2650 4265 2922 4319 Πουπλίου
2954 4262 3048 4317 τοῦ
3097 4267 3154 4316 ἐν
3188 4263 3254 4333 τῇ
3297 4259 3529 4330 Ἰϐηρίᾳ,
3563 4262 3664 4310 καὶ⁵

2071 4363 2163 4412 τῖλν
2197 4361 2439 4427 πατέρα,
2473 4359 2564 4411 ὅτε
2595 4357 2834 4426 ἐτρώθη,
2873 4357 3181 4426 περιέσωσε
3207 4369 3220 4383 δ
3257 4351 3378 4404 τότε
3417 4349 3472 4402 δέ
3501 4365 3669 4417 στρα-

2075 4452 2385 4520 τευόμενος,
2418 4453 2500 4513 είς
2528 4451 2590 4502 τὸ
2625 4449 2903 4502 Κανύσιον
2938 4447 3130 4515 ἔφυγε,
3165 4445 3259 4497 καὶ
3311 4441 3540 4513 ὕστερον
3567 4441 3669 4492 es.

2073 4545 2366 4613 δοκίμησε.
2404 4545 2542 4613 llatp’
2594 4543 2833 4595 ἐχόντων
2865 4543 2976 4611 γὰρ
3006 4539 3116 4592 τῶν
3147 4536 3548 4609 συμφυγόντων
3582 4534 3666 4595 είς

2076 4638 2138 4690 τὸ
2170 4636 2442 4690 Κανύσιον
2475 4637 2578 4705 τὴν
2609 4634 2910 4705 ἡγεμονίαν
2961 4631 3168 4692 λαϐὼν,
3201 4630 3270 4684 τά
3291 4646 3348 4682 τε
3379 4629 3498 4680 ἐκεῖ
3525 4641 3664 4680 κατ-

2075 4731 2348 4801 εστήσατο
2377 4731 2471 4782 καὶ
2491 4731 2605 4792 τοῖς
2630 4728 3033 4798 πλησιοχώροις
3057 4725 3306 4796 φρουρὰς
3331 4720 3544 4790 έπεμψε
3569 4717 3670 4772 καὶ

2077 4826 2264 4878 πάντα
2326 4823 2508 4885 καλῶς
2570 4821 2864 4876 ἐϐούλευσέ
2895 4839 2954 4874 τε
3002 4821 3096 4873 καὶ
3134 4816 3394 4890 ἔπραξεν.
3433 4817 3496 4868 Οἱ
3533 4814 3576 4867 δ’
3605 4815 3666 4868 ἐν

2075 4919 2143 4987 τῇ
2184 4914 2379 4988 Ῥώμῃ
2406 4913 2506 4984 τὴν
2534 4909 2704 4985 ἧτταν
2735 4913 2833 4984 μὲν
2863 4912 3132 4982 ἥκουσαν,
3167 4911 3228 4962 οὐ
3267 4909 3374 4978 μὴν
3422 4907 3514 4960 καὶ
3544 4905 3668 4958 ἐπί-

2079 5025 2290 5062 στευον.
2356 5006 2759 5068 Πιστεύσαντες
2817 5005 2862 5056 δ’
2920 5003 3204 5066 ἐπένθουν,
3243 5002 3337 5054 καὶ
3387 4999 3668 5061 συνιόντες

2079 5104 2160 5166 είς
2190 5103 2253 5156 τὸ
2289 5100 2590 5170 συνέδριον,
2631 5101 2704 5170 μὴ
2743 5116 2796 5153 τι
2856 5096 3195 5168 πράσσοντες
3229 5093 3667 5164 ἀπηλλάσσοντο.

2091 5191 2221 5262 Ὀψέ
2261 5191 2319 5243 δ’
2345 5186 2485 5244 οὗνὸ
2534 5188 2734 5252 Φάϐ.ος
2775 5187 3004 5258 γνώμην
3049 5185 3218 5239 ἔδωκε
3280 5181 3672 5242 κατασκόπους

2082 5285 2298 5357 πέμψαι
2329 5287 2454 5346 τοὺς
2477 5283 2847 5352 ἀγγελοῦντας
2876 5282 2937 5334 τὸ
2959 5279 3182 5349 γεγονὸς
3221 5277 3316 5332 κοιλ⁵
3344 5277 3395 5330 τί
3425 5277 3454 5329 6
3497 5276 3676 5327 'Aw'-

2082 5376 2184 5440 ϐας
2211 5377 2461 5446 πράττει.
2487 5376 2692 5436 Αὐτοὺς
2732 5373 2789 5425 δὲ
2812 5372 2886 5444 μὴ
2917 5373 3147 5436 κλαίειν,
3176 5371 3302 5439 σιγῇ
3327 5368 3380 5420 δὲ
3405 5365 3670 5438 βαδίζειν,

395 5437 445 5450 θ’·
480 5437 601 5462 1"“
627 5437 762 5444 ’νη-ν
807 5437 820 5440 -
870 5437 879 5438 ί
1052 5437 1068 5450 ι
1162 5437 1169 5442 ι
1340 5437 1356 5445 -
1605 5437 1625 5442 -

395 5495 453 5540 et
487 5481 680 5552 copias
709 5484 932 5548 quantae
983 5473 1199 5544 possint
1251 5467 1504 5522 maxima:
1547 5461 1956 5518 conscribendas

2086 5471 2152 5524 ἴδ’
2185 5471 2244 5522 ἐν
2279 5469 2456 5540 καιρῷ
2506 5467 2575 5520 τὰ
2631 5468 2984 5536 προσήκοντα
3037 5464 3278 5532 γίνοιτο·
3320 5457 3552 5528 δύναμίν
3607 5474 3672 5508 τε

383 5583 608 5642 (558,81
640 5569 1002 5626 ﬁnitimorum
1056 5577 1216 5634 apem
1257 5556 1682 5630 implorandam.
1727 5555 1978 5610 Postbaec

384 5683 510 5722 cum
541 5663 870 5720 Annibalem
903 5661 960 5714 in
1005 5658 1198 5727 Apulia
1233 5669 1355 5709 esse
1394 5651 1805 5724 cognovissent,
1849 5655 1906 5702 et
1944 5661 1974 5700 a

385 5757 648 5812 Terentio
665 5755 878 5809 litteras
901 5749 1246 5818 accepissent
1283 5747 1352 5801 de
1379 5747 1559 5802 salute
1577 5756 1634 5799 et
1653 5745 1792 5800 actis
1811 5743 1932 5815 ejus
1954 5784 1968 5807 ,

384 5847 637 5904 nonnihil
669 5844 908 5916 receptis
956 5843 1178 5909 animis;
1227 5841 1553 5916 dictatorem
1588 5839 1828 5895 Marcum
1871 5837 1968 5894 Ju-

2086 5563 2338 5628 συλλέξαι
2371 5565 2502 5630 ὅσην
2534 5561 2599 5616 ἂν
2627 5559 2902 5624 δύναιντο,
2936 5556 3172 5618 καὶτοὺς
3198 5553 3517 5624 περιοίκους
3546 5552 3674 5602 ἐπι-

2084 5655 2448 5713 καλέσασθαι.
2483 5653 2640 5708 Μετά
2666 5653 2723 5706 δὲ
2749 5651 2920 5705 ταῦτα
2961 5651 3036 5712 ὡς
3071 5649 3163 5702 τὸν
3205 5645 3459 5699 Ἀννίϐαν
3499 5645 3556 5695 ἐν
3602 5644 3671 5710 τῇ

2091 5747 2356 5820 Ἀπουλίᾳ
2411 5742 2552 5799 εἶναι
2592 5741 2820 5814 ἔμαθον,
2874 5740 2969 5794 καὶ
3027 5739 3342 5810 γράμματα
3394 5728 3551 5802 παρὰ
3575 5729 3674 5778 τοῦ

2078 5839 2370 5912 Τερεντίου
2412 5836 2688 5902 ἐδέξαντο,
2730 5835 2818 5890 ὅτι
2855 5832 3082 5904 περιείη
3115 5832 3210 5883 καὶ
3263 5829 3364 5882 ὅσα
3407 5822 3678 5894 πράττοι,
