  <div class='ocr_page' id='page_1' title='image "/cluster/home/n/w/nwhite01/storage/ocr_20150623/134:no.1/coo.31924054870393/366.png"; bbox 0 0 4024 6454; ppageno 0'>
   <div class='ocr_carea' id='block_1_1' title="bbox 438 404 544 472">
    <p class='ocr_par' dir='ltr' id='par_1_1' title="bbox 438 404 544 472">
     <span class='ocr_line' id='line_1_1' title="bbox 438 404 544 472; baseline -0.009 -1"><span class='ocrx_word' id='word_1_1' title='bbox 438 404 544 472; x_wconf 73' lang='lat' dir='ltr'><strong>7i?</strong></span> 
     </span>
    </p>
   </div>
   <div class='ocr_carea' id='block_1_2' title="bbox 1666 406 2413 468">
    <p class='ocr_par' dir='ltr' id='par_1_2' title="bbox 1666 406 2413 468">
     <span class='ocr_line' id='line_1_2' title="bbox 1666 406 2413 468; baseline 0.005 -5"><span class='ocrx_word' id='word_1_2' title='bbox 1666 406 2079 467; x_wconf 72' lang='lat' dir='ltr'><strong>ANNAIJUM</strong></span> <span class='ocrx_word' id='word_1_3' title='bbox 2125 408 2252 467; x_wconf 81' lang='lat' dir='ltr'><strong>LIB</strong></span> <span class='ocrx_word' id='word_1_4' title='bbox 2310 409 2413 468; x_wconf 73' lang='lat' dir='ltr'><strong>1X.</strong></span> 
     </span>
    </p>
   </div>
   <div class='ocr_carea' id='block_1_3' title="bbox 3607 406 3710 470">
    <p class='ocr_par' dir='ltr' id='par_1_3' title="bbox 3607 406 3710 470">
     <span class='ocr_line' id='line_1_3' title="bbox 3607 406 3710 470; baseline -0.019 0"><span class='ocrx_word' id='word_1_5' title='bbox 3607 406 3710 470; x_wconf 83' lang='lat' dir='ltr'><strong>7i8</strong></span> 
     </span>
    </p>
   </div>
   <div class='ocr_carea' id='block_1_4' title="bbox 446 519 2036 595">
    <p class='ocr_par' dir='ltr' id='par_1_4' title="bbox 446 520 2018 595">
     <span class='ocr_line' id='line_1_4' title="bbox 446 520 2018 595; baseline 0.001 -22"><span class='ocrx_word' id='word_1_6' title='bbox 446 523 643 591; x_wconf 74' lang='grc' dir='ltr'>μικρὸν</span> <span class='ocrx_word' id='word_1_7' title='bbox 677 520 1090 593; x_wconf 66' lang='grc' dir='ltr'>ἀνεθάρσησαν·</span> <span class='ocrx_word' id='word_1_8' title='bbox 1159 523 1255 576; x_wconf 79' lang='grc' dir='ltr'>καὶ</span> <span class='ocrx_word' id='word_1_9' title='bbox 1310 522 1583 595; x_wconf 76' lang='grc' dir='ltr'><strong>δικτάτωρ</strong></span> <span class='ocrx_word' id='word_1_10' title='bbox 1642 522 1742 593; x_wconf 78' lang='grc' dir='ltr'><strong>μὲν</strong></span> <span class='ocrx_word' id='word_1_11' title='bbox 1792 523 2018 593; x_wconf 77' lang='grc' dir='ltr'>Μάρκος</span> 
     </span>
    </p>
   </div>
   <div class='ocr_carea' id='block_1_5' title="bbox 2136 519 3708 595">
    <p class='ocr_par' dir='ltr' id='par_1_5' title="bbox 2136 519 3708 595">
     <span class='ocr_line' id='line_1_5' title="bbox 2136 519 3708 595; baseline 0.002 -20"><span class='ocrx_word' id='word_1_12' title='bbox 2136 522 2298 585; x_wconf 49' lang='grc' dir='ltr'>ηιίιιιιι,</span> <span class='ocrx_word' id='word_1_13' title='bbox 2333 521 2613 575; x_wconf 86' lang='lat' dir='ltr'><strong>Tiberium</strong></span> <span class='ocrx_word' id='word_1_14' title='bbox 2633 519 3020 592; x_wconf 84' lang='lat' dir='ltr'><strong>Sempronium</strong></span> <span class='ocrx_word' id='word_1_15' title='bbox 3052 521 3359 578; x_wconf 80' lang='lat' dir='ltr'><strong>Gracchum</strong></span> <span class='ocrx_word' id='word_1_16' title='bbox 3388 522 3708 595; x_wconf 85' lang='lat' dir='ltr'><strong>magistrum</strong></span> 
     </span>
    </p>
   </div>
   <div class='ocr_carea' id='block_1_6' title="bbox 452 612 2024 686">
    <p class='ocr_par' dir='ltr' id='par_1_6' title="bbox 452 612 2024 686">
     <span class='ocr_line' id='line_1_6' title="bbox 452 612 2024 686; baseline 0 -19"><span class='ocrx_word' id='word_1_17' title='bbox 452 614 694 677; x_wconf 79' lang='grc' dir='ltr'><strong>Ἰούνιος,</strong></span> <span class='ocrx_word' id='word_1_18' title='bbox 727 613 998 685; x_wconf 73' lang='grc' dir='ltr'>ἵππαρχος</span> <span class='ocrx_word' id='word_1_19' title='bbox 1022 614 1079 667; x_wconf 74' lang='grc' dir='ltr'>δὲ</span> <span class='ocrx_word' id='word_1_20' title='bbox 1106 615 1362 686; x_wconf 77' lang='grc' dir='ltr'>Τιϐέριος</span> <span class='ocrx_word' id='word_1_21' title='bbox 1389 612 1749 686; x_wconf 82' lang='grc' dir='ltr'><strong>Σεμπρώνιος</strong></span> <span class='ocrx_word' id='word_1_22' title='bbox 1773 614 2024 685; x_wconf 83' lang='grc' dir='ltr'><strong>Γράκχος</strong></span> 
     </span>
    </p>
   </div>
   <div class='ocr_carea' id='block_1_7' title="bbox 441 705 2023 778">
    <p class='ocr_par' dir='ltr' id='par_1_7' title="bbox 441 705 2023 778">
     <span class='ocr_line' id='line_1_7' title="bbox 441 705 2023 778; baseline 0.001 -20"><span class='ocrx_word' id='word_1_23' title='bbox 441 705 767 777; x_wconf 76' lang='grc' dir='ltr'>ἐλέχθησαν.</span> <span class='ocrx_word' id='word_1_24' title='bbox 794 708 902 759; x_wconf 69' lang='grc' dir='ltr'>Καὶ</span> <span class='ocrx_word' id='word_1_25' title='bbox 932 709 1279 778; x_wconf 72' lang='grc' dir='ltr'>παραχρῆμα</span> <span class='ocrx_word' id='word_1_26' title='bbox 1307 706 1418 760; x_wconf 84' lang='grc' dir='ltr'>τῶν</span> <span class='ocrx_word' id='word_1_27' title='bbox 1440 724 1500 759; x_wconf 89' lang='grc' dir='ltr'><strong>τε</strong></span> <span class='ocrx_word' id='word_1_28' title='bbox 1535 706 1774 760; x_wconf 87' lang='grc' dir='ltr'>πολιτῶν</span> <span class='ocrx_word' id='word_1_29' title='bbox 1806 707 1866 760; x_wconf 74' lang='grc' dir='ltr'>οὐ</span> <span class='ocrx_word' id='word_1_30' title='bbox 1898 710 2023 771; x_wconf 66' lang='grc' dir='ltr'>τοὺς</span> 
     </span>
    </p>
   </div>
   <div class='ocr_carea' id='block_1_8' title="bbox 444 798 2026 872">
    <p class='ocr_par' dir='ltr' id='par_1_8' title="bbox 444 798 2026 872">
     <span class='ocr_line' id='line_1_8' title="bbox 444 798 2026 872; baseline 0 -21"><span class='ocrx_word' id='word_1_31' title='bbox 444 798 692 867; x_wconf 67' lang='grc' dir='ltr'>ἡϐῶντας</span> <span class='ocrx_word' id='word_1_32' title='bbox 719 799 900 868; x_wconf 84' lang='grc' dir='ltr'>μόνον,</span> <span class='ocrx_word' id='word_1_33' title='bbox 934 799 1069 853; x_wconf 66' lang='grc' dir='ltr'>ἀλλὰ</span> <span class='ocrx_word' id='word_1_34' title='bbox 1107 801 1206 854; x_wconf 78' lang='grc' dir='ltr'>καὶ</span> <span class='ocrx_word' id='word_1_35' title='bbox 1239 800 1635 871; x_wconf 79' lang='grc' dir='ltr'>παρηϐηκότας</span> <span class='ocrx_word' id='word_1_36' title='bbox 1665 799 1766 872; x_wconf 75' lang='grc' dir='ltr'>ἢδη</span> <span class='ocrx_word' id='word_1_37' title='bbox 1801 800 2026 854; x_wconf 84' lang='grc' dir='ltr'>κατέλε-</span> 
     </span>
    </p>
   </div>
   <div class='ocr_carea' id='block_1_9' title="bbox 445 890 2020 963">
    <p class='ocr_par' dir='ltr' id='par_1_9' title="bbox 445 890 2020 963">
     <span class='ocr_line' id='line_1_9' title="bbox 445 890 2020 963; baseline 0 -21"><span class='ocrx_word' id='word_1_38' title='bbox 445 891 564 956; x_wconf 78' lang='grc' dir='ltr'>ξαν,</span> <span class='ocrx_word' id='word_1_39' title='bbox 590 892 681 945; x_wconf 75' lang='grc' dir='ltr'><strong>καὶ</strong></span> <span class='ocrx_word' id='word_1_40' title='bbox 720 890 1007 961; x_wconf 76' lang='grc' dir='ltr'><strong>δεσμώτας</strong></span> <span class='ocrx_word' id='word_1_41' title='bbox 1040 890 1129 943; x_wconf 80' lang='grc' dir='ltr'>ἐπ’</span> <span class='ocrx_word' id='word_1_42' title='bbox 1156 890 1333 963; x_wconf 74' lang='grc' dir='ltr'>ἀδείᾳ,</span> <span class='ocrx_word' id='word_1_43' title='bbox 1375 891 1472 944; x_wconf 75' lang='grc' dir='ltr'><strong>καὶ</strong></span> <span class='ocrx_word' id='word_1_44' title='bbox 1495 890 1723 955; x_wconf 81' lang='grc' dir='ltr'><strong>δούλους</strong></span> <span class='ocrx_word' id='word_1_45' title='bbox 1750 891 1837 944; x_wconf 81' lang='grc' dir='ltr'>ἐπ’</span> <span class='ocrx_word' id='word_1_46' title='bbox 1863 890 2020 943; x_wconf 80' lang='grc' dir='ltr'>ἐλευ-</span> 
     </span>
    </p>
   </div>
   <div class='ocr_carea' id='block_1_10' title="bbox 444 982 2023 1056">
    <p class='ocr_par' dir='ltr' id='par_1_10' title="bbox 444 982 2023 1056">
     <span class='ocr_line' id='line_1_10' title="bbox 444 982 2023 1056; baseline -0.001 -20"><span class='ocrx_word' id='word_1_47' title='bbox 444 982 624 1053; x_wconf 69' lang='grc' dir='ltr'>θερίᾳ,</span> <span class='ocrx_word' id='word_1_48' title='bbox 657 983 859 1056; x_wconf 73' lang='grc' dir='ltr'>λῃστάς</span> <span class='ocrx_word' id='word_1_49' title='bbox 885 984 944 1036; x_wconf 83' lang='grc' dir='ltr'><strong>τέ</strong></span> <span class='ocrx_word' id='word_1_50' title='bbox 967 1000 1120 1046; x_wconf 72' lang='grc' dir='ltr'>τινας</span> <span class='ocrx_word' id='word_1_51' title='bbox 1162 982 1583 1054; x_wconf 78' lang='grc' dir='ltr'>προσελάϐοντο,</span> <span class='ocrx_word' id='word_1_52' title='bbox 1614 984 1710 1037; x_wconf 80' lang='grc' dir='ltr'><strong>καὶ</strong></span> <span class='ocrx_word' id='word_1_53' title='bbox 1734 983 1862 1046; x_wconf 77' lang='grc' dir='ltr'>τοὺς</span> <span class='ocrx_word' id='word_1_54' title='bbox 1886 999 2023 1051; x_wconf 86' lang='grc' dir='ltr'>συμ-</span> 
     </span>
    </p>
   </div>
   <div class='ocr_carea' id='block_1_11' title="bbox 448 1072 2023 1144">
    <p class='ocr_par' dir='ltr' id='par_1_11' title="bbox 448 1072 2023 1144">
     <span class='ocr_line' id='line_1_11' title="bbox 448 1072 2023 1144; baseline -0.001 -17"><span class='ocrx_word' id='word_1_55' title='bbox 448 1073 654 1143; x_wconf 84' lang='grc' dir='ltr'>μάχους</span> <span class='ocrx_word' id='word_1_56' title='bbox 678 1073 1191 1144; x_wconf 76' lang='grc' dir='ltr'>προσπαρεκὰλουν,</span> <span class='ocrx_word' id='word_1_57' title='bbox 1216 1074 1730 1144; x_wconf 80' lang='grc' dir='ltr'><strong>ἀναμιμνήσκοντες</strong></span> <span class='ocrx_word' id='word_1_58' title='bbox 1766 1072 1821 1127; x_wconf 80' lang='grc' dir='ltr'>εἴ</span> <span class='ocrx_word' id='word_1_59' title='bbox 1844 1072 1898 1126; x_wconf 90' lang='grc' dir='ltr'><strong>τί</strong></span> <span class='ocrx_word' id='word_1_60' title='bbox 1921 1090 2023 1125; x_wconf 88' lang='grc' dir='ltr'><strong>που</strong></span> 
     </span>
    </p>
   </div>
   <div class='ocr_carea' id='block_1_12' title="bbox 440 1163 2025 1235">
    <p class='ocr_par' dir='ltr' id='par_1_12' title="bbox 440 1163 2025 1235">
     <span class='ocr_line' id='line_1_12' title="bbox 440 1163 2025 1235; baseline 0.001 -20"><span class='ocrx_word' id='word_1_61' title='bbox 440 1163 831 1233; x_wconf 82' lang='grc' dir='ltr'>εὐηργέτηντο,</span> <span class='ocrx_word' id='word_1_62' title='bbox 887 1164 983 1216; x_wconf 76' lang='grc' dir='ltr'><strong>καὶ</strong></span> <span class='ocrx_word' id='word_1_63' title='bbox 1049 1163 1629 1235; x_wconf 84' lang='grc' dir='ltr'>προσυπισχνούμενοι</span> <span class='ocrx_word' id='word_1_64' title='bbox 1661 1163 1860 1218; x_wconf 84' lang='grc' dir='ltr'><strong>δώσειν</strong></span> <span class='ocrx_word' id='word_1_65' title='bbox 1909 1167 2025 1230; x_wconf 86' lang='grc' dir='ltr'>τοῖς</span> 
     </span>
    </p>
   </div>
   <div class='ocr_carea' id='block_1_13' title="bbox 445 1254 2026 1328">
    <p class='ocr_par' dir='ltr' id='par_1_13' title="bbox 445 1254 2026 1328">
     <span class='ocr_line' id='line_1_13' title="bbox 445 1254 2026 1328; baseline 0.003 -23"><span class='ocrx_word' id='word_1_66' title='bbox 445 1254 544 1321; x_wconf 72' lang='grc' dir='ltr'><strong>μὲν</strong></span> <span class='ocrx_word' id='word_1_67' title='bbox 604 1256 772 1319; x_wconf 86' lang='grc' dir='ltr'>σῖτον,</span> <span class='ocrx_word' id='word_1_68' title='bbox 814 1257 927 1319; x_wconf 81' lang='grc' dir='ltr'>τοῖς</span> <span class='ocrx_word' id='word_1_69' title='bbox 974 1254 1033 1308; x_wconf 78' lang='grc' dir='ltr'>δὲ</span> <span class='ocrx_word' id='word_1_70' title='bbox 1084 1255 1536 1328; x_wconf 76' lang='grc' dir='ltr'>ἁργύρια,’ὅπερ</span> <span class='ocrx_word' id='word_1_71' title='bbox 1572 1255 1727 1311; x_wconf 78' lang='grc' dir='ltr'>οὔπω</span> <span class='ocrx_word' id='word_1_72' title='bbox 1789 1256 2026 1324; x_wconf 80' lang='grc' dir='ltr'>πρόσθεν</span> 
     </span>
    </p>
   </div>
   <div class='ocr_carea' id='block_1_14' title="bbox 441 1344 2026 1420">
    <p class='ocr_par' dir='ltr' id='par_1_14' title="bbox 441 1344 2026 1420">
     <span class='ocr_line' id='line_1_14' title="bbox 441 1344 2026 1420; baseline 0.006 -26"><span class='ocrx_word' id='word_1_73' title='bbox 441 1344 741 1414; x_wconf 67' lang='grc' dir='ltr'>ἐποίησανθ</span> <span class='ocrx_word' id='word_1_74' title='bbox 772 1346 871 1400; x_wconf 74' lang='grc' dir='ltr'>καὶ</span> <span class='ocrx_word' id='word_1_75' title='bbox 924 1346 1109 1417; x_wconf 84' lang='grc' dir='ltr'>ἐς’τὴν</span> <span class='ocrx_word' id='word_1_76' title='bbox 1149 1346 1380 1402; x_wconf 80' lang='grc' dir='ltr'>Ἑλλάδα</span> <span class='ocrx_word' id='word_1_77' title='bbox 1414 1348 1796 1418; x_wconf 84' lang='grc' dir='ltr'>πεπόμφασιν,</span> <span class='ocrx_word' id='word_1_78' title='bbox 1834 1349 1867 1420; x_wconf 79' lang='grc' dir='ltr'>ἢ</span> <span class='ocrx_word' id='word_1_79' title='bbox 1900 1350 2026 1403; x_wconf 82' lang='grc' dir='ltr'>πεί·</span> 
     </span>
    </p>
   </div>
   <div class='ocr_carea' id='block_1_15' title="bbox 441 1438 2023 1513">
    <p class='ocr_par' dir='ltr' id='par_1_15' title="bbox 441 1438 2023 1513">
     <span class='ocr_line' id='line_1_15' title="bbox 441 1438 2023 1513; baseline 0.005 -24"><span class='ocrx_word' id='word_1_80' title='bbox 441 1438 633 1501; x_wconf 86' lang='grc' dir='ltr'>σοντές</span> <span class='ocrx_word' id='word_1_81' title='bbox 678 1453 837 1502; x_wconf 89' lang='grc' dir='ltr'>τινας</span> <span class='ocrx_word' id='word_1_82' title='bbox 873 1440 1239 1510; x_wconf 84' lang='grc' dir='ltr'>συμμαχῆσαι</span> <span class='ocrx_word' id='word_1_83' title='bbox 1275 1440 1490 1510; x_wconf 81' lang='grc' dir='ltr'>αὐτοῖς,</span> <span class='ocrx_word' id='word_1_84' title='bbox 1521 1440 1555 1509; x_wconf 79' lang='grc' dir='ltr'><strong>ἢ</strong></span> <span class='ocrx_word' id='word_1_85' title='bbox 1595 1440 2023 1513; x_wconf 85' lang='grc' dir='ltr'>μισθωσόμενοι.</span> 
     </span>
    </p>
   </div>
   <div class='ocr_carea' id='block_1_16' title="bbox 454 1528 2026 1604">
    <p class='ocr_par' dir='ltr' id='par_1_16' title="bbox 454 1528 2026 1604">
     <span class='ocr_line' id='line_1_16' title="bbox 454 1528 2026 1604; baseline 0.005 -24"><span class='ocrx_word' id='word_1_86' title='bbox 454 1528 707 1593; x_wconf 74' lang='grc' dir='ltr'>’Λννίδας</span> <span class='ocrx_word' id='word_1_87' title='bbox 763 1530 821 1582; x_wconf 84' lang='grc' dir='ltr'><strong>δέ</strong></span> <span class='ocrx_word' id='word_1_88' title='bbox 880 1532 1275 1600; x_wconf 72' lang='grc' dir='ltr'>συνεστηκέναι</span> <span class='ocrx_word' id='word_1_89' title='bbox 1350 1533 1482 1596; x_wconf 74' lang='grc' dir='ltr'>τοὺς</span> <span class='ocrx_word' id='word_1_90' title='bbox 1544 1533 1858 1604; x_wconf 77' lang='grc' dir='ltr'><strong>Ῥωμαίους</strong></span> <span class='ocrx_word' id='word_1_91' title='bbox 1928 1535 2026 1588; x_wconf 69' lang='grc' dir='ltr'><strong>καὶ</strong></span> 
     </span>
    </p>
   </div>
   <div class='ocr_carea' id='block_1_17' title="bbox 444 1621 2023 1698">
    <p class='ocr_par' dir='ltr' id='par_1_17' title="bbox 444 1621 2023 1698">
     <span class='ocr_line' id='line_1_17' title="bbox 444 1621 2023 1698; baseline 0.005 -27"><span class='ocrx_word' id='word_1_92' title='bbox 444 1621 968 1690; x_wconf 70' lang='grc' dir='ltr'>παρασκευάζεσθαι</span> <span class='ocrx_word' id='word_1_93' title='bbox 1006 1623 1219 1693; x_wconf 86' lang='grc' dir='ltr'>μαθὼν,</span> <span class='ocrx_word' id='word_1_94' title='bbox 1248 1625 1308 1677; x_wconf 83' lang='grc' dir='ltr'><strong>ἐν</strong></span> <span class='ocrx_word' id='word_1_95' title='bbox 1336 1628 1459 1688; x_wconf 87' lang='grc' dir='ltr'>ταῖς</span> <span class='ocrx_word' id='word_1_96' title='bbox 1491 1625 1732 1691; x_wconf 79' lang='grc' dir='ltr'>Κάνναις</span> <span class='ocrx_word' id='word_1_97' title='bbox 1763 1626 2023 1698; x_wconf 79' lang='grc' dir='ltr'>διέτριϐε,</span> 
     </span>
    </p>
   </div>
   <div class='ocr_carea' id='block_1_18' title="bbox 443 1710 2026 1785">
    <p class='ocr_par' dir='ltr' id='par_1_18' title="bbox 443 1710 2026 1785">
     <span class='ocr_line' id='line_1_18' title="bbox 443 1710 2026 1785; baseline 0.005 -24"><span class='ocrx_word' id='word_1_98' title='bbox 443 1712 543 1779; x_wconf 75' lang='grc' dir='ltr'>τὴν</span> <span class='ocrx_word' id='word_1_99' title='bbox 592 1712 651 1777; x_wconf 78' lang='grc' dir='ltr'>ἐξ</span> <span class='ocrx_word' id='word_1_100' title='bbox 692 1710 997 1783; x_wconf 72' lang='grc' dir='ltr'><strong>ἐπιδρομῆς</strong></span> <span class='ocrx_word' id='word_1_101' title='bbox 1062 1712 1268 1767; x_wconf 73' lang='grc' dir='ltr'>ἅλωσιν</span> <span class='ocrx_word' id='word_1_102' title='bbox 1339 1714 1716 1785; x_wconf 76' lang='grc' dir='ltr'>ἀπεγνωκώ;’</span> <span class='ocrx_word' id='word_1_103' title='bbox 1774 1717 1868 1770; x_wconf 80' lang='grc' dir='ltr'><strong>καὶ</strong></span> <span class='ocrx_word' id='word_1_104' title='bbox 1915 1717 2026 1769; x_wconf 80' lang='grc' dir='ltr'><strong>τῶν</strong></span> 
     </span>
    </p>
   </div>
   <div class='ocr_carea' id='block_1_19' title="bbox 444 1801 2023 1879">
    <p class='ocr_par' dir='ltr' id='par_1_19' title="bbox 444 1801 2023 1879">
     <span class='ocr_line' id='line_1_19' title="bbox 444 1801 2023 1879; baseline 0.006 -26"><span class='ocrx_word' id='word_1_105' title='bbox 444 1801 810 1870; x_wconf 78' lang='grc' dir='ltr'>αἰχμαλώτων</span> <span class='ocrx_word' id='word_1_106' title='bbox 839 1804 900 1855; x_wconf 79' lang='grc' dir='ltr'><strong>τὸ</strong></span> <span class='ocrx_word' id='word_1_107' title='bbox 931 1803 1029 1874; x_wconf 85' lang='grc' dir='ltr'>μὲν</span> <span class='ocrx_word' id='word_1_108' title='bbox 1075 1806 1430 1876; x_wconf 83' lang='grc' dir='ltr'>συμμαχικὸν</span> <span class='ocrx_word' id='word_1_109' title='bbox 1471 1807 1603 1862; x_wconf 76' lang='grc' dir='ltr'>ἄνευ</span> <span class='ocrx_word' id='word_1_110' title='bbox 1638 1807 1852 1879; x_wconf 83' lang='grc' dir='ltr'>λύτρων</span> <span class='ocrx_word' id='word_1_111' title='bbox 1877 1809 2023 1879; x_wconf 79' lang='grc' dir='ltr'>ἁφῆ-</span> 
     </span>
    </p>
   </div>
   <div class='ocr_carea' id='block_1_20' title="bbox 445 1880 2101 1974">
    <p class='ocr_par' dir='ltr' id='par_1_20' title="bbox 445 1880 2101 1974">
     <span class='ocr_line' id='line_1_20' title="bbox 445 1880 2101 1974; baseline 0.007 -30"><span class='ocrx_word' id='word_1_112' title='bbox 445 1911 559 1956; x_wconf 83' lang='grc' dir='ltr'>κεν,</span> <span class='ocrx_word' id='word_1_113' title='bbox 604 1894 681 1957; x_wconf 82' lang='grc' dir='ltr'>ὡς</span> <span class='ocrx_word' id='word_1_114' title='bbox 733 1895 831 1948; x_wconf 82' lang='grc' dir='ltr'><strong>καὶ</strong></span> <span class='ocrx_word' id='word_1_115' title='bbox 883 1895 1169 1967; x_wconf 80' lang='grc' dir='ltr'>πρότερον,</span> <span class='ocrx_word' id='word_1_116' title='bbox 1206 1899 1336 1962; x_wconf 82' lang='grc' dir='ltr'>τοὺς</span> <span class='ocrx_word' id='word_1_117' title='bbox 1376 1898 1436 1952; x_wconf 83' lang='grc' dir='ltr'>δὲ</span> <span class='ocrx_word' id='word_1_118' title='bbox 1472 1899 1780 1972; x_wconf 85' lang='grc' dir='ltr'>Ῥωμαίους</span> <span class='ocrx_word' id='word_1_119' title='bbox 1815 1903 2025 1974; x_wconf 84' lang='grc' dir='ltr'>ἐτήρει,</span> <span class='ocrx_word' id='word_1_120' title='bbox 2062 1880 2101 1931; x_wconf 65' lang='grc' dir='ltr'><strong>Β</strong></span> 
     </span>
    </p>
   </div>
   <div class='ocr_carea' id='block_1_21' title="bbox 439 1984 2029 2065">
    <p class='ocr_par' dir='ltr' id='par_1_21' title="bbox 439 1984 2029 2065">
     <span class='ocr_line' id='line_1_21' title="bbox 439 1984 2029 2065; baseline 0.006 -28"><span class='ocrx_word' id='word_1_121' title='bbox 439 1984 739 2039; x_wconf 79' lang='grc' dir='ltr'>ἀποδόσθαι</span> <span class='ocrx_word' id='word_1_122' title='bbox 762 1987 1000 2052; x_wconf 83' lang='grc' dir='ltr'>ἐλπίζων</span> <span class='ocrx_word' id='word_1_123' title='bbox 1033 1990 1258 2054; x_wconf 78' lang='grc' dir='ltr'>αὐτοὺς,</span> <span class='ocrx_word' id='word_1_124' title='bbox 1297 1991 1366 2045; x_wconf 79' lang='grc' dir='ltr'>ἵν’</span> <span class='ocrx_word' id='word_1_125' title='bbox 1401 1991 1597 2045; x_wconf 74' lang='grc' dir='ltr'>ἑαυτὸν</span> <span class='ocrx_word' id='word_1_126' title='bbox 1642 1992 2029 2065; x_wconf 82' lang='grc' dir='ltr'>εὐπορώτερον</span> 
     </span>
    </p>
   </div>
   <div class='ocr_carea' id='block_1_22' title="bbox 446 2077 2027 2158">
    <p class='ocr_par' dir='ltr' id='par_1_22' title="bbox 446 2077 2027 2158">
     <span class='ocr_line' id='line_1_22' title="bbox 446 2077 2027 2158; baseline 0.009 -31"><span class='ocrx_word' id='word_1_127' title='bbox 446 2077 699 2130; x_wconf 75' lang='grc' dir='ltr'>ἐντεῦθεν</span> <span class='ocrx_word' id='word_1_128' title='bbox 738 2081 967 2153; x_wconf 81' lang='grc' dir='ltr'>ποιήσῃ,</span> <span class='ocrx_word' id='word_1_129' title='bbox 1011 2083 1137 2147; x_wconf 83' lang='grc' dir='ltr'>τοὺς</span> <span class='ocrx_word' id='word_1_130' title='bbox 1173 2082 1228 2136; x_wconf 88' lang='grc' dir='ltr'>δὲ</span> <span class='ocrx_word' id='word_1_131' title='bbox 1275 2083 1582 2154; x_wconf 65' lang='grc' dir='ltr'>Ῥωμαίους</span> <span class='ocrx_word' id='word_1_132' title='bbox 1616 2086 2027 2158; x_wconf 83' lang='grc' dir='ltr'>ἀπορωτὲρους.</span> 
     </span>
    </p>
   </div>
   <div class='ocr_carea' id='block_1_23' title="bbox 460 2168 2031 2250">
    <p class='ocr_par' dir='ltr' id='par_1_23' title="bbox 460 2168 2031 2250">
     <span class='ocr_line' id='line_1_23' title="bbox 460 2168 2031 2250; baseline 0.006 -28"><span class='ocrx_word' id='word_1_133' title='bbox 460 2168 615 2222; x_wconf 76' lang='grc' dir='ltr'>Ἐπεὶ</span> <span class='ocrx_word' id='word_1_134' title='bbox 639 2169 697 2221; x_wconf 73' lang='grc' dir='ltr'><strong>δὲ</strong></span> <span class='ocrx_word' id='word_1_135' title='bbox 766 2172 959 2241; x_wconf 75' lang='grc' dir='ltr'>μηδεὶς</span> <span class='ocrx_word' id='word_1_136' title='bbox 996 2172 1057 2238; x_wconf 82' lang='grc' dir='ltr'><strong>ἐξ</strong></span> <span class='ocrx_word' id='word_1_137' title='bbox 1100 2174 1287 2229; x_wconf 82' lang='grc' dir='ltr'>αὐτῶν</span> <span class='ocrx_word' id='word_1_138' title='bbox 1333 2176 1568 2245; x_wconf 66' lang='grc' dir='ltr'>ἀφίκετο</span> <span class='ocrx_word' id='word_1_139' title='bbox 1595 2177 1719 2241; x_wconf 79' lang='grc' dir='ltr'>τοὺς</span> <span class='ocrx_word' id='word_1_140' title='bbox 1746 2178 2031 2250; x_wconf 68' lang='grc' dir='ltr'>αἰχμαλώη</span> 
     </span>
    </p>
   </div>
   <div class='ocr_carea' id='block_1_24' title="bbox 445 2259 2031 2337">
    <p class='ocr_par' dir='ltr' id='par_1_24' title="bbox 445 2259 2031 2337">
     <span class='ocr_line' id='line_1_24' title="bbox 445 2259 2031 2337; baseline 0.006 -26"><span class='ocrx_word' id='word_1_141' title='bbox 445 2275 573 2323; x_wconf 82' lang='grc' dir='ltr'>τους</span> <span class='ocrx_word' id='word_1_142' title='bbox 602 2259 805 2330; x_wconf 77' lang='grc' dir='ltr'>ζητῶν,</span> <span class='ocrx_word' id='word_1_143' title='bbox 831 2263 1128 2317; x_wconf 77' lang='grc' dir='ltr'>ἐκέλευσεν</span> <span class='ocrx_word' id='word_1_144' title='bbox 1163 2265 1354 2329; x_wconf 81' lang='grc' dir='ltr'>αὐτοῖς</span> <span class='ocrx_word' id='word_1_145' title='bbox 1399 2266 1619 2337; x_wconf 76' lang='grc' dir='ltr'>πέμψαι</span> <span class='ocrx_word' id='word_1_146' title='bbox 1661 2270 1816 2331; x_wconf 74' lang='grc' dir='ltr'>τινὰς</span> <span class='ocrx_word' id='word_1_147' title='bbox 1846 2267 2031 2322; x_wconf 69' lang='grc' dir='ltr'>οἶκαδε</span> 
     </span>
    </p>
   </div>
   <div class='ocr_carea' id='block_1_25' title="bbox 448 2350 2032 2428">
    <p class='ocr_par' dir='ltr' id='par_1_25' title="bbox 448 2350 2032 2428">
     <span class='ocr_line' id='line_1_25' title="bbox 448 2350 2032 2428; baseline 0.007 -27"><span class='ocrx_word' id='word_1_148' title='bbox 448 2350 543 2402; x_wconf 73' lang='grc' dir='ltr'><strong>ἐπὶ</strong></span> <span class='ocrx_word' id='word_1_149' title='bbox 570 2350 765 2421; x_wconf 87' lang='grc' dir='ltr'>λύτρα,</span> <span class='ocrx_word' id='word_1_150' title='bbox 791 2355 1210 2424; x_wconf 86' lang='grc' dir='ltr'>προομόσαντας</span> <span class='ocrx_word' id='word_1_151' title='bbox 1238 2357 1552 2428; x_wconf 76' lang='grc' dir='ltr'>ἐπανήξειν.</span> <span class='ocrx_word' id='word_1_152' title='bbox 1573 2359 1659 2421; x_wconf 75' lang='lat'><strong>’0,-</strong></span> <span class='ocrx_word' id='word_1_153' title='bbox 1679 2357 1737 2411; x_wconf 81' lang='grc' dir='ltr'>δὲ</span> <span class='ocrx_word' id='word_1_154' title='bbox 1763 2357 1875 2412; x_wconf 82' lang='grc' dir='ltr'>οὐδ’</span> <span class='ocrx_word' id='word_1_155' title='bbox 1889 2357 2032 2412; x_wconf 78' lang='grc' dir='ltr'>οὕτω</span> 
     </span>
    </p>
   </div>
   <div class='ocr_carea' id='block_1_26' title="bbox 450 2440 2033 2521">
    <p class='ocr_par' dir='ltr' id='par_1_26' title="bbox 450 2440 2033 2521">
     <span class='ocr_line' id='line_1_26' title="bbox 450 2440 2033 2521; baseline 0.007 -29"><span class='ocrx_word' id='word_1_156' title='bbox 450 2440 718 2498; x_wconf 84' lang='grc' dir='ltr'>λύσασθαι</span> <span class='ocrx_word' id='word_1_157' title='bbox 749 2449 883 2514; x_wconf 68' lang='grc' dir='ltr'>σφὶ,</span> <span class='ocrx_word' id='word_1_158' title='bbox 917 2444 1358 2519; x_wconf 71' lang='grc' dir='ltr'>ἠθέλησαν,τοὺς</span> <span class='ocrx_word' id='word_1_159' title='bbox 1381 2450 1481 2521; x_wconf 84' lang='grc' dir='ltr'><strong>μὲν</strong></span> <span class='ocrx_word' id='word_1_160' title='bbox 1499 2449 1661 2518; x_wconf 82' lang='grc' dir='ltr'>λόγου</span> <span class='ocrx_word' id='word_1_161' title='bbox 1677 2451 1823 2515; x_wconf 73' lang='grc' dir='ltr'>τινος</span> <span class='ocrx_word' id='word_1_162' title='bbox 1851 2449 2033 2518; x_wconf 75' lang='grc' dir='ltr'>ἀξίους</span> 
     </span>
    </p>
   </div>
   <div class='ocr_carea' id='block_1_27' title="bbox 449 2534 2034 2609">
    <p class='ocr_par' dir='ltr' id='par_1_27' title="bbox 449 2534 2034 2609">
     <span class='ocr_line' id='line_1_27' title="bbox 449 2534 2034 2609; baseline 0.001 -14"><span class='ocrx_word' id='word_1_163' title='bbox 449 2534 509 2595; x_wconf 79' lang='grc' dir='ltr'><strong>ἐς</strong></span> <span class='ocrx_word' id='word_1_164' title='bbox 537 2536 639 2600; x_wconf 81' lang='grc' dir='ltr'>τὴν</span> <span class='ocrx_word' id='word_1_165' title='bbox 711 2538 1035 2609; x_wconf 76' lang='grc' dir='ltr'>Καρχηδόνα</span> <span class='ocrx_word' id='word_1_166' title='bbox 1090 2540 1406 2607; x_wconf 85' lang='grc' dir='ltr'>ἀπέστειλε,</span> <span class='ocrx_word' id='word_1_167' title='bbox 1467 2544 1578 2595; x_wconf 74' lang='grc' dir='ltr'>τῶν</span> <span class='ocrx_word' id='word_1_168' title='bbox 1616 2542 1662 2595; x_wconf 85' lang='grc' dir='ltr'>δ’</span> <span class='ocrx_word' id='word_1_169' title='bbox 1704 2543 2034 2607; x_wconf 76' lang='grc' dir='ltr'>ἄλλωντοὺς</span> 
     </span>
    </p>
   </div>
   <div class='ocr_carea' id='block_1_28' title="bbox 454 2624 2034 2705">
    <p class='ocr_par' dir='ltr' id='par_1_28' title="bbox 454 2624 2034 2705">
     <span class='ocr_line' id='line_1_28' title="bbox 454 2624 2034 2705; baseline 0.006 -28"><span class='ocrx_word' id='word_1_170' title='bbox 454 2624 557 2694; x_wconf 77' lang='grc' dir='ltr'><strong>μὲν</strong></span> <span class='ocrx_word' id='word_1_171' title='bbox 608 2629 966 2698; x_wconf 71' lang='grc' dir='ltr'>αἰκισάμενος</span> <span class='ocrx_word' id='word_1_172' title='bbox 1026 2634 1345 2700; x_wconf 79' lang='grc' dir='ltr'>ἀπέκτεινε,</span> <span class='ocrx_word' id='word_1_173' title='bbox 1391 2632 1521 2696; x_wconf 80' lang='grc' dir='ltr'>τοὺς</span> <span class='ocrx_word' id='word_1_174' title='bbox 1546 2633 1604 2686; x_wconf 79' lang='grc' dir='ltr'>δὲ</span> <span class='ocrx_word' id='word_1_175' title='bbox 1646 2633 2034 2705; x_wconf 80' lang='grc' dir='ltr'>μονομαχῆσαι</span> 
     </span>
    </p>
   </div>
   <div class='ocr_carea' id='block_1_29' title="bbox 450 2718 2035 2798">
    <p class='ocr_par' dir='ltr' id='par_1_29' title="bbox 450 2718 2035 2798">
     <span class='ocr_line' id='line_1_29' title="bbox 450 2718 2035 2798; baseline 0.006 -26"><span class='ocrx_word' id='word_1_176' title='bbox 450 2718 755 2787; x_wconf 78' lang='grc' dir='ltr'>ἡναγκατε,</span> <span class='ocrx_word' id='word_1_177' title='bbox 788 2724 913 2786; x_wconf 78' lang='grc' dir='ltr'>τοὺς</span> <span class='ocrx_word' id='word_1_178' title='bbox 942 2723 1131 2793; x_wconf 68' lang='grc' dir='ltr'>φίλους</span> <span class='ocrx_word' id='word_1_179' title='bbox 1173 2724 1269 2777; x_wconf 79' lang='grc' dir='ltr'><strong>καὶ</strong></span> <span class='ocrx_word' id='word_1_180' title='bbox 1296 2724 1425 2788; x_wconf 78' lang='grc' dir='ltr'>τοὺς</span> <span class='ocrx_word' id='word_1_181' title='bbox 1472 2728 1755 2793; x_wconf 76' lang='grc' dir='ltr'>συγγενεῖς</span> <span class='ocrx_word' id='word_1_182' title='bbox 1783 2727 2035 2798; x_wconf 81' lang='grc' dir='ltr'>ἀλλήλοις</span> 
     </span>
    </p>
   </div>
   <div class='ocr_carea' id='block_1_30' title="bbox 453 2811 2035 2889">
    <p class='ocr_par' dir='ltr' id='par_1_30' title="bbox 453 2811 2035 2889">
     <span class='ocr_line' id='line_1_30' title="bbox 453 2811 2035 2889; baseline 0.006 -28"><span class='ocrx_word' id='word_1_183' title='bbox 453 2811 768 2880; x_wconf 79' lang='grc' dir='ltr'>συμϐαλών.</span> <span class='ocrx_word' id='word_1_184' title='bbox 792 2813 857 2868; x_wconf 77' lang='lat' dir='ltr'><strong>Oi</strong></span> <span class='ocrx_word' id='word_1_185' title='bbox 884 2814 940 2866; x_wconf 81' lang='grc' dir='ltr'>δὲ</span> <span class='ocrx_word' id='word_1_186' title='bbox 968 2814 1316 2885; x_wconf 76' lang='grc' dir='ltr'>πεμφθέντες</span> <span class='ocrx_word' id='word_1_187' title='bbox 1356 2818 1452 2870; x_wconf 76' lang='grc' dir='ltr'><strong>ἐπὶ</strong></span> <span class='ocrx_word' id='word_1_188' title='bbox 1479 2817 1546 2871; x_wconf 84' lang='grc' dir='ltr'>τὰ</span> <span class='ocrx_word' id='word_1_189' title='bbox 1580 2816 1773 2889; x_wconf 83' lang='grc' dir='ltr'>λύτρα,</span> <span class='ocrx_word' id='word_1_190' title='bbox 1807 2821 2035 2874; x_wconf 77' lang='grc' dir='ltr'>ἐπανελ-</span> 
     </span>
    </p>
   </div>
   <div class='ocr_carea' id='block_1_31' title="bbox 453 2892 2033 2984">
    <p class='ocr_par' dir='ltr' id='par_1_31' title="bbox 453 2892 2033 2984">
     <span class='ocr_line' id='line_1_31' title="bbox 453 2892 2033 2984; baseline 0.008 -28"><span class='ocrx_word' id='word_1_191' title='bbox 453 2904 662 2970; x_wconf 86' lang='grc' dir='ltr'>θόντες,</span> <span class='ocrx_word' id='word_1_192' title='bbox 705 2905 774 2958; x_wconf 77' lang='grc' dir='ltr'><strong>ἶν’</strong></span> <span class='ocrx_word' id='word_1_193' title='bbox 826 2909 1200 2978; x_wconf 78' lang='grc' dir='ltr'>εὐορκήσωσι,</span> <span class='ocrx_word' id='word_1_194' title='bbox 1256 2892 1616 2979; x_wconf 23' lang='grc' dir='ltr'>φυγόντεςκδὲ</span> <span class='ocrx_word' id='word_1_195' title='bbox 1659 2918 1798 2984; x_wconf 82' lang='grc' dir='ltr'>μετὰ</span> <span class='ocrx_word' id='word_1_196' title='bbox 1852 2915 2033 2981; x_wconf 71' lang='grc' dir='ltr'>τοῦτο,</span> 
     </span>
    </p>
   </div>
   <div class='ocr_carea' id='block_1_32' title="bbox 450 2992 2036 3071">
    <p class='ocr_par' dir='ltr' id='par_1_32' title="bbox 450 2992 2036 3071">
     <span class='ocr_line' id='line_1_32' title="bbox 450 2992 2036 3071; baseline 0.009 -26"><span class='ocrx_word' id='word_1_197' title='bbox 450 2992 638 3061; x_wconf 85' lang='grc' dir='ltr'>ἄτιμοι</span> <span class='ocrx_word' id='word_1_198' title='bbox 688 2994 796 3048; x_wconf 79' lang='grc' dir='ltr'><strong>ὑπὸ</strong></span> <span class='ocrx_word' id='word_1_199' title='bbox 860 2995 971 3050; x_wconf 83' lang='grc' dir='ltr'>τῶν</span> <span class='ocrx_word' id='word_1_200' title='bbox 1033 3000 1284 3069; x_wconf 82' lang='grc' dir='ltr'>τιμητῶν</span> <span class='ocrx_word' id='word_1_201' title='bbox 1328 3004 1614 3071; x_wconf 83' lang='grc' dir='ltr'>ἐγένοντο,</span> <span class='ocrx_word' id='word_1_202' title='bbox 1654 3005 1749 3058; x_wconf 70' lang='grc' dir='ltr'><strong>καὶ</strong></span> <span class='ocrx_word' id='word_1_203' title='bbox 1806 3005 2036 3069; x_wconf 82' lang='grc' dir='ltr'>ἐαυτοὺς</span> 
     </span>
    </p>
   </div>
   <div class='ocr_carea' id='block_1_33' title="bbox 447 3083 2037 3166">
    <p class='ocr_par' dir='ltr' id='par_1_33' title="bbox 447 3083 2037 3166">
     <span class='ocr_line' id='line_1_33' title="bbox 447 3083 2037 3166; baseline 0.011 -31"><span class='ocrx_word' id='word_1_204' title='bbox 447 3083 810 3156; x_wconf 81' lang='grc' dir='ltr'>διεχρήσαντο</span> <span class='ocrx_word' id='word_1_205' title='bbox 834 3086 969 3158; x_wconf 68' lang='grc'><strong>(54).</strong></span> <span class='ocrx_word' id='word_1_206' title='bbox 990 3089 1240 3158; x_wconf 82' lang='grc' dir='ltr'>Μάγωνα</span> <span class='ocrx_word' id='word_1_207' title='bbox 1269 3092 1327 3147; x_wconf 84' lang='grc' dir='ltr'><strong>δέ</strong></span> <span class='ocrx_word' id='word_1_208' title='bbox 1356 3093 1448 3148; x_wconf 80' lang='grc' dir='ltr'><strong>τὸν</strong></span> <span class='ocrx_word' id='word_1_209' title='bbox 1466 3096 1695 3166; x_wconf 75' lang='grc' dir='ltr'>ἀδελφὸν</span> <span class='ocrx_word' id='word_1_210' title='bbox 1722 3098 1751 3149; x_wconf 80' lang='grc' dir='ltr'><strong>ό</strong></span> <span class='ocrx_word' id='word_1_211' title='bbox 1786 3097 2037 3162; x_wconf 78' lang='grc' dir='ltr'>Ἀννίϐας</span> 
     </span>
    </p>
   </div>
   <div class='ocr_carea' id='block_1_34' title="bbox 2127 614 3710 687">
    <p class='ocr_par' dir='ltr' id='par_1_34' title="bbox 2127 614 3710 687">
     <span class='ocr_line' id='line_1_34' title="bbox 2127 614 3710 687; baseline 0.003 -18"><span class='ocrx_word' id='word_1_212' title='bbox 2127 614 2681 684; x_wconf 80' lang='lat' dir='ltr'><strong>equitumdixerunt.</strong></span> <span class='ocrx_word' id='word_1_213' title='bbox 2724 614 2797 668; x_wconf 75' lang='lat' dir='ltr'><strong>Et</strong></span> <span class='ocrx_word' id='word_1_214' title='bbox 2854 614 3122 685; x_wconf 80' lang='lat' dir='ltr'><strong>evestigio</strong></span> <span class='ocrx_word' id='word_1_215' title='bbox 3152 630 3261 669; x_wconf 93' lang='lat' dir='ltr'><strong>non</strong></span> <span class='ocrx_word' id='word_1_216' title='bbox 3308 617 3541 687; x_wconf 87' lang='lat' dir='ltr'><strong>juvenes</strong></span> <span class='ocrx_word' id='word_1_217' title='bbox 3565 617 3710 673; x_wconf 90' lang='lat' dir='ltr'><strong>dun-</strong></span> 
     </span>
    </p>
   </div>
   <div class='ocr_carea' id='block_1_35' title="bbox 2131 705 3713 778">
    <p class='ocr_par' dir='ltr' id='par_1_35' title="bbox 2131 705 3713 778">
     <span class='ocr_line' id='line_1_35' title="bbox 2131 705 3713 778; baseline 0.002 -17"><span class='ocrx_word' id='word_1_218' title='bbox 2131 716 2297 770; x_wconf 75' lang='lat' dir='ltr'><strong>taxat,</strong></span> <span class='ocrx_word' id='word_1_219' title='bbox 2327 707 2420 760; x_wconf 90' lang='lat' dir='ltr'><strong>sed</strong></span> <span class='ocrx_word' id='word_1_220' title='bbox 2449 707 2614 761; x_wconf 84' lang='lat' dir='ltr'><strong>etiam</strong></span> <span class='ocrx_word' id='word_1_221' title='bbox 2654 705 2849 761; x_wconf 82' lang='lat' dir='ltr'><strong>cﬂ‘etos</strong></span> <span class='ocrx_word' id='word_1_222' title='bbox 2898 720 3060 761; x_wconf 90' lang='lat' dir='ltr'><strong>senes</strong></span> <span class='ocrx_word' id='word_1_223' title='bbox 3104 708 3597 778; x_wconf 76' lang='lat' dir='ltr'><strong>conscripserunt:</strong></span> <span class='ocrx_word' id='word_1_224' title='bbox 3656 720 3713 764; x_wconf 92' lang='lat' dir='ltr'><strong>et</strong></span> 
     </span>
    </p>
   </div>
   <div class='ocr_carea' id='block_1_36' title="bbox 2128 797 3713 869">
    <p class='ocr_par' dir='ltr' id='par_1_36' title="bbox 2128 797 3713 869">
     <span class='ocr_line' id='line_1_36' title="bbox 2128 797 3713 869; baseline 0.001 -16"><span class='ocrx_word' id='word_1_225' title='bbox 2128 814 2348 854; x_wconf 89' lang='lat' dir='ltr'><strong>carcere</strong></span> <span class='ocrx_word' id='word_1_226' title='bbox 2374 808 2566 869; x_wconf 89' lang='lat' dir='ltr'><strong>aperto</strong></span> <span class='ocrx_word' id='word_1_227' title='bbox 2588 798 2850 854; x_wconf 81' lang='lat' dir='ltr'><strong>maleﬁeis</strong></span> <span class='ocrx_word' id='word_1_228' title='bbox 2878 797 3227 869; x_wconf 87' lang='lat' dir='ltr'><strong>impunitate,</strong></span> <span class='ocrx_word' id='word_1_229' title='bbox 3251 800 3431 854; x_wconf 82' lang='lat' dir='ltr'><strong>servis</strong></span> <span class='ocrx_word' id='word_1_230' title='bbox 3455 800 3713 855; x_wconf 87' lang='lat' dir='ltr'><strong>libertate</strong></span> 
     </span>
    </p>
   </div>
   <div class='ocr_carea' id='block_1_37' title="bbox 2129 889 3716 961">
    <p class='ocr_par' dir='ltr' id='par_1_37' title="bbox 2129 889 3716 961">
     <span class='ocr_line' id='line_1_37' title="bbox 2129 889 3716 961; baseline 0.002 -18"><span class='ocrx_word' id='word_1_231' title='bbox 2129 889 2420 961; x_wconf 87' lang='lat' dir='ltr'><strong>promissa,</strong></span> <span class='ocrx_word' id='word_1_232' title='bbox 2473 890 2640 946; x_wconf 78' lang='lat' dir='ltr'><strong>eziam</strong></span> <span class='ocrx_word' id='word_1_233' title='bbox 2695 892 2937 945; x_wconf 88' lang='lat' dir='ltr'><strong>latrones</strong></span> <span class='ocrx_word' id='word_1_234' title='bbox 2966 890 3180 960; x_wconf 85' lang='lat' dir='ltr'><strong>aliquot</strong></span> <span class='ocrx_word' id='word_1_235' title='bbox 3217 890 3271 945; x_wconf 87' lang='lat' dir='ltr'><strong>in</strong></span> <span class='ocrx_word' id='word_1_236' title='bbox 3298 891 3535 946; x_wconf 90' lang='lat' dir='ltr'><strong>militum</strong></span> <span class='ocrx_word' id='word_1_237' title='bbox 3565 901 3716 946; x_wconf 81' lang='lat' dir='ltr'><strong>cata-</strong></span> 
     </span>
    </p>
   </div>
   <div class='ocr_carea' id='block_1_38' title="bbox 2128 964 3712 1051">
    <p class='ocr_par' dir='ltr' id='par_1_38' title="bbox 2128 964 3712 1051">
     <span class='ocr_line' id='line_1_38' title="bbox 2128 964 3712 1051; baseline -0.001 -15"><span class='ocrx_word' id='word_1_238' title='bbox 2128 982 2280 1051; x_wconf 79' lang='lat' dir='ltr'><strong>logos</strong></span> <span class='ocrx_word' id='word_1_239' title='bbox 2326 982 2657 1036; x_wconf 75' lang='lat' dir='ltr'><strong>retulerunt.</strong></span> <span class='ocrx_word' id='word_1_240' title='bbox 2721 982 2803 1035; x_wconf 75' lang='lat' dir='ltr'><strong>Ad</strong></span> <span class='ocrx_word' id='word_1_241' title='bbox 2860 980 2978 1035; x_wconf 67' lang='lat' dir='ltr'><strong>hate</strong></span> <span class='ocrx_word' id='word_1_242' title='bbox 3035 980 3218 1036; x_wconf 90' lang='lat' dir='ltr'><strong>socios</strong></span> <span class='ocrx_word' id='word_1_243' title='bbox 3276 964 3712 1045; x_wconf 51' lang='lat' dir='ltr'><strong>accersive‘runt,</strong></span> 
     </span>
    </p>
   </div>
   <div class='ocr_carea' id='block_1_39' title="bbox 2128 1071 3719 1142">
    <p class='ocr_par' dir='ltr' id='par_1_39' title="bbox 2128 1071 3719 1142">
     <span class='ocr_line' id='line_1_39' title="bbox 2128 1071 3719 1142; baseline -0.001 -16"><span class='ocrx_word' id='word_1_244' title='bbox 2128 1071 2521 1126; x_wconf 63' lang='lat' dir='ltr'><strong>beneficiorum:</strong></span> <span class='ocrx_word' id='word_1_245' title='bbox 2551 1088 2676 1142; x_wconf 66' lang='lat' dir='ltr'><strong>qua:</strong></span> <span class='ocrx_word' id='word_1_246' title='bbox 2715 1072 3062 1142; x_wconf 74' lang='lat' dir='ltr'><strong>accepissent</strong></span> <span class='ocrx_word' id='word_1_247' title='bbox 3093 1071 3426 1136; x_wconf 80' lang='lat' dir='ltr'><strong>admonitos,</strong></span> <span class='ocrx_word' id='word_1_248' title='bbox 3458 1072 3580 1127; x_wconf 91' lang='lat' dir='ltr'><strong>aliis</strong></span> <span class='ocrx_word' id='word_1_249' title='bbox 3605 1073 3719 1126; x_wconf 77' lang='lat' dir='ltr'><strong>frn-</strong></span> 
     </span>
    </p>
   </div>
   <div class='ocr_carea' id='block_1_40' title="bbox 2129 1160 3714 1234">
    <p class='ocr_par' dir='ltr' id='par_1_40' title="bbox 2129 1160 3714 1234">
     <span class='ocr_line' id='line_1_40' title="bbox 2129 1160 3714 1234; baseline 0.001 -18"><span class='ocrx_word' id='word_1_250' title='bbox 2129 1174 2397 1226; x_wconf 87' lang='lat' dir='ltr'><strong>mentum,</strong></span> <span class='ocrx_word' id='word_1_251' title='bbox 2431 1162 2554 1216; x_wconf 88' lang='lat' dir='ltr'><strong>aliis</strong></span> <span class='ocrx_word' id='word_1_252' title='bbox 2581 1168 2870 1234; x_wconf 77' lang='lat' dir='ltr'><strong>argentum</strong></span> <span class='ocrx_word' id='word_1_253' title='bbox 2893 1161 3147 1230; x_wconf 86' lang='lat' dir='ltr'><strong>polliciti,</strong></span> <span class='ocrx_word' id='word_1_254' title='bbox 3182 1160 3328 1231; x_wconf 90' lang='lat' dir='ltr'><strong>quod</strong></span> <span class='ocrx_word' id='word_1_255' title='bbox 3352 1177 3506 1231; x_wconf 77' lang='lat' dir='ltr'><strong>przus</strong></span> <span class='ocrx_word' id='word_1_256' title='bbox 3533 1162 3714 1217; x_wconf 63' lang='lat' dir='ltr'><strong>facere</strong></span> 
     </span>
    </p>
   </div>
   <div class='ocr_carea' id='block_1_41' title="bbox 2126 1253 3714 1319">
    <p class='ocr_par' dir='ltr' id='par_1_41' title="bbox 2126 1253 3714 1319">
     <span class='ocr_line' id='line_1_41' title="bbox 2126 1253 3714 1319; baseline 0 -11"><span class='ocrx_word' id='word_1_257' title='bbox 2126 1270 2238 1309; x_wconf 90' lang='lat' dir='ltr'><strong>non</strong></span> <span class='ocrx_word' id='word_1_258' title='bbox 2274 1253 2420 1309; x_wconf 84' lang='lat' dir='ltr'><strong>soliti</strong></span> <span class='ocrx_word' id='word_1_259' title='bbox 2444 1263 2601 1309; x_wconf 89' lang='lat' dir='ltr'><strong>erant</strong></span> <span class='ocrx_word' id='word_1_260' title='bbox 2637 1273 2649 1309; x_wconf 91' lang='lat'>:</span> <span class='ocrx_word' id='word_1_261' title='bbox 2680 1263 2734 1309; x_wconf 91' lang='lat' dir='ltr'><strong>et</strong></span> <span class='ocrx_word' id='word_1_262' title='bbox 2766 1254 2819 1308; x_wconf 90' lang='lat' dir='ltr'><strong>in</strong></span> <span class='ocrx_word' id='word_1_263' title='bbox 2847 1254 3114 1309; x_wconf 65' lang='lat' dir='ltr'><strong>Graeciam</strong></span> <span class='ocrx_word' id='word_1_264' title='bbox 3171 1254 3461 1319; x_wconf 84' lang='lat' dir='ltr'><strong>miserunt,</strong></span> <span class='ocrx_word' id='word_1_265' title='bbox 3512 1257 3714 1309; x_wconf 73' lang='lat' dir='ltr'><strong>auxilia</strong></span> 
     </span>
    </p>
   </div>
   <div class='ocr_carea' id='block_1_42' title="bbox 2128 1346 3717 1418">
    <p class='ocr_par' dir='ltr' id='par_1_42' title="bbox 2128 1346 3717 1418">
     <span class='ocr_line' id='line_1_42' title="bbox 2128 1346 3717 1418; baseline -0.001 -17"><span class='ocrx_word' id='word_1_266' title='bbox 2128 1346 2213 1401; x_wconf 87' lang='lat' dir='ltr'><strong>vel</strong></span> <span class='ocrx_word' id='word_1_267' title='bbox 2264 1346 2636 1418; x_wconf 82' lang='lat' dir='ltr'><strong>impetraturi,</strong></span> <span class='ocrx_word' id='word_1_268' title='bbox 2674 1346 2758 1400; x_wconf 82' lang='lat' dir='ltr'><strong>vel</strong></span> <span class='ocrx_word' id='word_1_269' title='bbox 2786 1346 3042 1401; x_wconf 83' lang='lat' dir='ltr'><strong>mercede</strong></span> <span class='ocrx_word' id='word_1_270' title='bbox 3077 1346 3426 1401; x_wconf 88' lang='lat' dir='ltr'><strong>conducturi.</strong></span> <span class='ocrx_word' id='word_1_271' title='bbox 3455 1348 3717 1410; x_wconf 69' lang='lat' dir='ltr'><strong>Annibal,</strong></span> 
     </span>
    </p>
   </div>
   <div class='ocr_carea' id='block_1_43' title="bbox 2128 1439 3718 1510">
    <p class='ocr_par' dir='ltr' id='par_1_43' title="bbox 2128 1439 3718 1510">
     <span class='ocr_line' id='line_1_43' title="bbox 2128 1439 3718 1510; baseline 0 -17"><span class='ocrx_word' id='word_1_272' title='bbox 2128 1439 2502 1494; x_wconf 85' lang='lat' dir='ltr'><strong>Romanorum</strong></span> <span class='ocrx_word' id='word_1_273' title='bbox 2551 1439 2961 1508; x_wconf 87' lang='lat' dir='ltr'><strong>conspiratione</strong></span> <span class='ocrx_word' id='word_1_274' title='bbox 2989 1451 3045 1493; x_wconf 88' lang='lat' dir='ltr'><strong>et</strong></span> <span class='ocrx_word' id='word_1_275' title='bbox 3074 1448 3339 1509; x_wconf 89' lang='lat' dir='ltr'><strong>apparatu</strong></span> <span class='ocrx_word' id='word_1_276' title='bbox 3391 1440 3632 1510; x_wconf 85' lang='lat' dir='ltr'><strong>cognito,</strong></span> <span class='ocrx_word' id='word_1_277' title='bbox 3664 1441 3718 1494; x_wconf 87' lang='lat' dir='ltr'><strong>in</strong></span> 
     </span>
    </p>
   </div>
   <div class='ocr_carea' id='block_1_44' title="bbox 2126 1529 3723 1601">
    <p class='ocr_par' dir='ltr' id='par_1_44' title="bbox 2126 1529 3723 1601">
     <span class='ocr_line' id='line_1_44' title="bbox 2126 1529 3723 1601; baseline -0.001 -15"><span class='ocrx_word' id='word_1_278' title='bbox 2126 1529 2329 1587; x_wconf 57' lang='lat' dir='ltr'><strong>Cannis</strong></span> <span class='ocrx_word' id='word_1_279' title='bbox 2357 1545 2416 1586; x_wconf 87' lang='lat' dir='ltr'><strong>se</strong></span> <span class='ocrx_word' id='word_1_280' title='bbox 2461 1529 2658 1594; x_wconf 82' lang='lat' dir='ltr'><strong>tenuit,</strong></span> <span class='ocrx_word' id='word_1_281' title='bbox 2695 1530 2985 1599; x_wconf 90' lang='lat' dir='ltr'><strong>desperata</strong></span> <span class='ocrx_word' id='word_1_282' title='bbox 3022 1530 3336 1598; x_wconf 86' lang='lat' dir='ltr'><strong>repenttina</strong></span> <span class='ocrx_word' id='word_1_283' title='bbox 3368 1530 3524 1585; x_wconf 84' lang='lat' dir='ltr'><strong>urbis</strong></span> <span class='ocrx_word' id='word_1_284' title='bbox 3549 1547 3723 1601; x_wconf 72' lang='lat' dir='ltr'><strong>expir-</strong></span> 
     </span>
    </p>
   </div>
   <div class='ocr_carea' id='block_1_45' title="bbox 2127 1621 3713 1695">
    <p class='ocr_par' dir='ltr' id='par_1_45' title="bbox 2127 1621 3713 1695">
     <span class='ocr_line' id='line_1_45' title="bbox 2127 1621 3713 1695; baseline 0 -19"><span class='ocrx_word' id='word_1_285' title='bbox 2127 1624 2411 1695; x_wconf 87' lang='lat' dir='ltr'><strong>gnatione,</strong></span> <span class='ocrx_word' id='word_1_286' title='bbox 2442 1632 2500 1679; x_wconf 90' lang='lat' dir='ltr'><strong>et</strong></span> <span class='ocrx_word' id='word_1_287' title='bbox 2530 1621 2851 1685; x_wconf 73' lang='lat' dir='ltr'><strong>fmdcratos,</strong></span> <span class='ocrx_word' id='word_1_288' title='bbox 2878 1633 2937 1677; x_wconf 87' lang='lat' dir='ltr'><strong>ut</strong></span> <span class='ocrx_word' id='word_1_289' title='bbox 2993 1622 3150 1693; x_wconf 87' lang='lat' dir='ltr'><strong>prius</strong></span> <span class='ocrx_word' id='word_1_290' title='bbox 3185 1622 3377 1690; x_wconf 89' lang='lat' dir='ltr'><strong>etiam,</strong></span> <span class='ocrx_word' id='word_1_291' title='bbox 3408 1624 3580 1695; x_wconf 80' lang='lat' dir='ltr'><strong>gratis</strong></span> <span class='ocrx_word' id='word_1_292' title='bbox 3627 1624 3713 1677; x_wconf 79' lang='lat' dir='ltr'><strong>di-</strong></span> 
     </span>
    </p>
   </div>
   <div class='ocr_carea' id='block_1_46' title="bbox 2132 1713 3724 1786">
    <p class='ocr_par' dir='ltr' id='par_1_46' title="bbox 2132 1713 3724 1786">
     <span class='ocr_line' id='line_1_46' title="bbox 2132 1713 3724 1786; baseline -0.001 -17"><span class='ocrx_word' id='word_1_293' title='bbox 2132 1714 2302 1781; x_wconf 85' lang='lat' dir='ltr'><strong>misit,</strong></span> <span class='ocrx_word' id='word_1_294' title='bbox 2339 1716 2618 1770; x_wconf 84' lang='lat' dir='ltr'><strong>Romanos</strong></span> <span class='ocrx_word' id='word_1_295' title='bbox 2645 1713 2810 1786; x_wconf 50' lang='lat'><strong>£20</strong></span> <span class='ocrx_word' id='word_1_296' title='bbox 2853 1729 2984 1769; x_wconf 81' lang='lat' dir='ltr'><strong>vero</strong></span> <span class='ocrx_word' id='word_1_297' title='bbox 3028 1729 3125 1784; x_wconf 88' lang='lat' dir='ltr'><strong>spe</strong></span> <span class='ocrx_word' id='word_1_298' title='bbox 3155 1714 3494 1771; x_wconf 84' lang='lat' dir='ltr'><strong>venditionis</strong></span> <span class='ocrx_word' id='word_1_299' title='bbox 3537 1730 3724 1771; x_wconf 84' lang='lat' dir='ltr'><strong>asser-</strong></span> 
     </span>
    </p>
   </div>
   <div class='ocr_carea' id='block_1_47' title="bbox 2132 1807 3711 1877">
    <p class='ocr_par' dir='ltr' id='par_1_47' title="bbox 2132 1807 3711 1877">
     <span class='ocr_line' id='line_1_47' title="bbox 2132 1807 3711 1877; baseline 0.001 -16"><span class='ocrx_word' id='word_1_300' title='bbox 2132 1808 2299 1874; x_wconf 74' lang='lat' dir='ltr'><strong>vavit,</strong></span> <span class='ocrx_word' id='word_1_301' title='bbox 2349 1817 2505 1863; x_wconf 88' lang='lat' dir='ltr'><strong>utea</strong></span> <span class='ocrx_word' id='word_1_302' title='bbox 2557 1822 2618 1861; x_wconf 90' lang='lat' dir='ltr'><strong>re</strong></span> <span class='ocrx_word' id='word_1_303' title='bbox 2663 1822 2791 1862; x_wconf 90' lang='lat' dir='ltr'><strong>suas</strong></span> <span class='ocrx_word' id='word_1_304' title='bbox 2846 1820 2980 1876; x_wconf 89' lang='lat' dir='ltr'><strong>opes</strong></span> <span class='ocrx_word' id='word_1_305' title='bbox 3032 1814 3280 1877; x_wconf 83' lang='lat' dir='ltr'><strong>augeret,</strong></span> <span class='ocrx_word' id='word_1_306' title='bbox 3333 1807 3653 1862; x_wconf 82' lang='lat' dir='ltr'><strong>Romanoru</strong></span> <span class='ocrx_word' id='word_1_307' title='bbox 3682 1829 3711 1858; x_wconf 83' lang='grc' dir='ltr'><strong><em>η</em></strong></span> 
     </span>
    </p>
   </div>
   <div class='ocr_carea' id='block_1_48' title="bbox 2134 1897 3722 1969">
    <p class='ocr_par' dir='ltr' id='par_1_48' title="bbox 2134 1897 3722 1969">
     <span class='ocr_line' id='line_1_48' title="bbox 2134 1897 3722 1969; baseline 0 -15"><span class='ocrx_word' id='word_1_308' title='bbox 2134 1899 2515 1954; x_wconf 76' lang='lat' dir='ltr'><strong>imminuerat.</strong></span> <span class='ocrx_word' id='word_1_309' title='bbox 2552 1897 2661 1953; x_wconf 87' lang='lat' dir='ltr'><strong>Sed</strong></span> <span class='ocrx_word' id='word_1_310' title='bbox 2697 1913 2820 1952; x_wconf 85' lang='lat' dir='ltr'><strong>cum</strong></span> <span class='ocrx_word' id='word_1_311' title='bbox 2866 1912 3030 1952; x_wconf 91' lang='lat' dir='ltr'><strong>nemo</strong></span> <span class='ocrx_word' id='word_1_312' title='bbox 3060 1898 3276 1952; x_wconf 81' lang='lat' dir='ltr'><strong>veniret</strong></span> <span class='ocrx_word' id='word_1_313' title='bbox 3323 1898 3419 1969; x_wconf 87' lang='lat' dir='ltr'><strong>qui</strong></span> <span class='ocrx_word' id='word_1_314' title='bbox 3474 1900 3722 1969; x_wconf 78' lang='lat' dir='ltr'><strong>captivzs</strong></span> 
     </span>
    </p>
   </div>
   <div class='ocr_carea' id='block_1_49' title="bbox 2132 1987 3728 2061">
    <p class='ocr_par' dir='ltr' id='par_1_49' title="bbox 2132 1987 3728 2061">
     <span class='ocr_line' id='line_1_49' title="bbox 2132 1987 3728 2061; baseline -0.001 -17"><span class='ocrx_word' id='word_1_315' title='bbox 2132 1989 2464 2059; x_wconf 84' lang='lat' dir='ltr'><strong>requireret,</strong></span> <span class='ocrx_word' id='word_1_316' title='bbox 2518 2004 2615 2044; x_wconf 90' lang='lat' dir='ltr'><strong>eos</strong></span> <span class='ocrx_word' id='word_1_317' title='bbox 2640 1988 2851 2058; x_wconf 82' lang='lat' dir='ltr'><strong>aliquot</strong></span> <span class='ocrx_word' id='word_1_318' title='bbox 2894 1987 3119 2043; x_wconf 89' lang='lat' dir='ltr'><strong>domum</strong></span> <span class='ocrx_word' id='word_1_319' title='bbox 3177 1989 3398 2044; x_wconf 80' lang='lat' dir='ltr'><strong>mittere</strong></span> <span class='ocrx_word' id='word_1_320' title='bbox 3429 1990 3616 2061; x_wconf 69' lang='lat' dir='ltr'><strong>jussit,</strong></span> <span class='ocrx_word' id='word_1_321' title='bbox 3645 1990 3728 2044; x_wconf 77' lang='lat' dir='ltr'><strong>af-</strong></span> 
     </span>
    </p>
   </div>
   <div class='ocr_carea' id='block_1_50' title="bbox 2133 2080 3726 2153">
    <p class='ocr_par' dir='ltr' id='par_1_50' title="bbox 2133 2080 3726 2153">
     <span class='ocr_line' id='line_1_50' title="bbox 2133 2080 3726 2153; baseline 0 -17"><span class='ocrx_word' id='word_1_322' title='bbox 2133 2082 2374 2137; x_wconf 77' lang='lat' dir='ltr'><strong>ferenda:</strong></span> <span class='ocrx_word' id='word_1_323' title='bbox 2402 2080 2650 2151; x_wconf 75' lang='lat' dir='ltr'><strong>pecuniae</strong></span> <span class='ocrx_word' id='word_1_324' title='bbox 2688 2095 2877 2143; x_wconf 87' lang='lat' dir='ltr'><strong>causa,</strong></span> <span class='ocrx_word' id='word_1_325' title='bbox 2928 2081 3085 2150; x_wconf 89' lang='lat' dir='ltr'><strong>prius</strong></span> <span class='ocrx_word' id='word_1_326' title='bbox 3108 2081 3472 2153; x_wconf 89' lang='lat' dir='ltr'><strong>jurejurando</strong></span> <span class='ocrx_word' id='word_1_327' title='bbox 3502 2081 3726 2136; x_wconf 85' lang='lat' dir='ltr'><strong>adactos</strong></span> 
     </span>
    </p>
   </div>
   <div class='ocr_carea' id='block_1_51' title="bbox 2131 2168 3725 2240">
    <p class='ocr_par' dir='ltr' id='par_1_51' title="bbox 2131 2168 3725 2240">
     <span class='ocr_line' id='line_1_51' title="bbox 2131 2168 3725 2240; baseline -0.003 -12"><span class='ocrx_word' id='word_1_328' title='bbox 2131 2188 2191 2228; x_wconf 88' lang='lat' dir='ltr'><strong>se</strong></span> <span class='ocrx_word' id='word_1_329' title='bbox 2227 2171 2503 2227; x_wconf 89' lang='lat' dir='ltr'><strong>redituros</strong></span> <span class='ocrx_word' id='word_1_330' title='bbox 2527 2185 2669 2226; x_wconf 89' lang='lat' dir='ltr'><strong>esse.</strong></span> <span class='ocrx_word' id='word_1_331' title='bbox 2700 2168 2807 2227; x_wconf 81' lang='lat' dir='ltr'><strong>Sed</strong></span> <span class='ocrx_word' id='word_1_332' title='bbox 2839 2185 2965 2225; x_wconf 92' lang='lat' dir='ltr'><strong>cum</strong></span> <span class='ocrx_word' id='word_1_333' title='bbox 3007 2185 3106 2226; x_wconf 89' lang='lat' dir='ltr'><strong>eos</strong></span> <span class='ocrx_word' id='word_1_334' title='bbox 3134 2184 3204 2226; x_wconf 91' lang='lat' dir='ltr'><strong>ne</strong></span> <span class='ocrx_word' id='word_1_335' title='bbox 3230 2180 3345 2225; x_wconf 89' lang='lat' dir='ltr'><strong>tum</strong></span> <span class='ocrx_word' id='word_1_336' title='bbox 3374 2170 3599 2240; x_wconf 89' lang='lat' dir='ltr'><strong>quidem</strong></span> <span class='ocrx_word' id='word_1_337' title='bbox 3637 2187 3725 2224; x_wconf 80' lang='lat' dir='ltr'><strong>re-</strong></span> 
     </span>
    </p>
   </div>
   <div class='ocr_carea' id='block_1_52' title="bbox 2132 2264 3722 2336">
    <p class='ocr_par' dir='ltr' id='par_1_52' title="bbox 2132 2264 3722 2336">
     <span class='ocr_line' id='line_1_52' title="bbox 2132 2264 3722 2336; baseline -0.004 -14"><span class='ocrx_word' id='word_1_338' title='bbox 2132 2265 2346 2322; x_wconf 90' lang='lat' dir='ltr'><strong>dimere</strong></span> <span class='ocrx_word' id='word_1_339' title='bbox 2407 2264 2638 2332; x_wconf 82' lang='lat' dir='ltr'><strong>vellent,</strong></span> <span class='ocrx_word' id='word_1_340' title='bbox 2685 2279 2784 2319; x_wconf 91' lang='lat' dir='ltr'><strong>eos</strong></span> <span class='ocrx_word' id='word_1_341' title='bbox 2830 2266 2925 2336; x_wconf 89' lang='lat' dir='ltr'><strong>qui</strong></span> <span class='ocrx_word' id='word_1_342' title='bbox 2983 2264 3228 2321; x_wconf 88' lang='lat' dir='ltr'><strong>nominis</strong></span> <span class='ocrx_word' id='word_1_343' title='bbox 3264 2264 3499 2335; x_wconf 81' lang='lat' dir='ltr'><strong>alicujus</strong></span> <span class='ocrx_word' id='word_1_344' title='bbox 3546 2273 3722 2325; x_wconf 76' lang='lat' dir='ltr'><strong>erant.</strong></span> 
     </span>
    </p>
   </div>
   <div class='ocr_carea' id='block_1_53' title="bbox 2109 2354 3727 2445">
    <p class='ocr_par' dir='ltr' id='par_1_53' title="bbox 2109 2354 3727 2445">
     <span class='ocr_line' id='line_1_53' title="bbox 2109 2354 3727 2445; baseline -0.002 -33"><span class='ocrx_word' id='word_1_345' title='bbox 2109 2355 2521 2445; x_wconf 43' lang='lat' dir='ltr'><strong>.Cartbaginem</strong></span> <span class='ocrx_word' id='word_1_346' title='bbox 2578 2356 2750 2412; x_wconf 89' lang='lat' dir='ltr'><strong>misit.</strong></span> <span class='ocrx_word' id='word_1_347' title='bbox 2817 2354 3060 2413; x_wconf 65' lang='lat' dir='ltr'><strong>Crateros</strong></span> <span class='ocrx_word' id='word_1_348' title='bbox 3129 2357 3324 2427; x_wconf 88' lang='lat' dir='ltr'><strong>partim</strong></span> <span class='ocrx_word' id='word_1_349' title='bbox 3378 2355 3727 2411; x_wconf 76' lang='lat' dir='ltr'><strong>excruciatos</strong></span> 
     </span>
    </p>
   </div>
   <div class='ocr_carea' id='block_1_54' title="bbox 2133 2446 3722 2521">
    <p class='ocr_par' dir='ltr' id='par_1_54' title="bbox 2133 2446 3722 2521">
     <span class='ocr_line' id='line_1_54' title="bbox 2133 2446 3722 2521; baseline -0.003 -16"><span class='ocrx_word' id='word_1_350' title='bbox 2133 2450 2371 2515; x_wconf 85' lang='lat' dir='ltr'><strong>necavit,</strong></span> <span class='ocrx_word' id='word_1_351' title='bbox 2402 2451 2602 2521; x_wconf 86' lang='lat' dir='ltr'><strong>partim</strong></span> <span class='ocrx_word' id='word_1_352' title='bbox 2630 2451 2780 2513; x_wconf 88' lang='lat' dir='ltr'><strong>inter</strong></span> <span class='ocrx_word' id='word_1_353' title='bbox 2810 2464 2933 2505; x_wconf 88' lang='lat' dir='ltr'><strong>sese</strong></span> <span class='ocrx_word' id='word_1_354' title='bbox 2958 2448 3227 2504; x_wconf 86' lang='lat' dir='ltr'><strong>dimicare</strong></span> <span class='ocrx_word' id='word_1_355' title='bbox 3284 2448 3489 2518; x_wconf 80' lang='lat' dir='ltr'><strong>coegit,</strong></span> <span class='ocrx_word' id='word_1_356' title='bbox 3525 2446 3722 2501; x_wconf 86' lang='lat' dir='ltr'><strong>amicis</strong></span> 
     </span>
    </p>
   </div>
   <div class='ocr_carea' id='block_1_55' title="bbox 2133 2540 3727 2616">
    <p class='ocr_par' dir='ltr' id='par_1_55' title="bbox 2133 2540 3727 2616">
     <span class='ocr_line' id='line_1_55' title="bbox 2133 2540 3727 2616; baseline -0.004 -16"><span class='ocrx_word' id='word_1_357' title='bbox 2133 2552 2191 2600; x_wconf 89' lang='lat' dir='ltr'><strong>et</strong></span> <span class='ocrx_word' id='word_1_358' title='bbox 2220 2544 2470 2616; x_wconf 79' lang='lat' dir='ltr'><strong>cognatis</strong></span> <span class='ocrx_word' id='word_1_359' title='bbox 2504 2542 2649 2599; x_wconf 90' lang='lat' dir='ltr'><strong>inter</strong></span> <span class='ocrx_word' id='word_1_360' title='bbox 2689 2558 2748 2598; x_wconf 92' lang='lat' dir='ltr'><strong>se</strong></span> <span class='ocrx_word' id='word_1_361' title='bbox 2783 2541 3115 2599; x_wconf 89' lang='lat' dir='ltr'><strong>commissis.</strong></span> <span class='ocrx_word' id='word_1_362' title='bbox 3156 2540 3260 2609; x_wconf 84' lang='lat' dir='ltr'><strong>Qui</strong></span> <span class='ocrx_word' id='word_1_363' title='bbox 3304 2555 3438 2596; x_wconf 87' lang='lat' dir='ltr'><strong>vero</strong></span> <span class='ocrx_word' id='word_1_364' title='bbox 3479 2540 3727 2611; x_wconf 70' lang='lat' dir='ltr'><strong>petendae</strong></span> 
     </span>
    </p>
   </div>
   <div class='ocr_carea' id='block_1_56' title="bbox 2134 2634 3727 2711">
    <p class='ocr_par' dir='ltr' id='par_1_56' title="bbox 2134 2634 3727 2711">
     <span class='ocr_line' id='line_1_56' title="bbox 2134 2634 3727 2711; baseline -0.006 -16"><span class='ocrx_word' id='word_1_365' title='bbox 2134 2641 2386 2711; x_wconf 69' lang='lat' dir='ltr'><strong>pecunia)</strong></span> <span class='ocrx_word' id='word_1_366' title='bbox 2402 2652 2568 2694; x_wconf 88' lang='lat' dir='ltr'><strong>causa</strong></span> <span class='ocrx_word' id='word_1_367' title='bbox 2595 2636 2744 2693; x_wconf 90' lang='lat' dir='ltr'><strong>missi</strong></span> <span class='ocrx_word' id='word_1_368' title='bbox 2769 2635 3010 2698; x_wconf 80' lang='lat' dir='ltr'><strong>fuerant,</strong></span> <span class='ocrx_word' id='word_1_369' title='bbox 3032 2634 3264 2702; x_wconf 87' lang='lat' dir='ltr'><strong>reversi,</strong></span> <span class='ocrx_word' id='word_1_370' title='bbox 3293 2634 3727 2707; x_wconf 83' lang='lat' dir='ltr'><strong>utjurejurando</strong></span> 
     </span>
    </p>
   </div>
   <div class='ocr_carea' id='block_1_57' title="bbox 2135 2725 3728 2798">
    <p class='ocr_par' dir='ltr' id='par_1_57' title="bbox 2135 2725 3728 2798">
     <span class='ocr_line' id='line_1_57' title="bbox 2135 2725 3728 2798; baseline -0.006 -10"><span class='ocrx_word' id='word_1_371' title='bbox 2135 2730 2468 2789; x_wconf 83' lang='lat' dir='ltr'><strong>satisfecisse</strong></span> <span class='ocrx_word' id='word_1_372' title='bbox 2499 2728 2844 2793; x_wconf 79' lang='lat' dir='ltr'><strong>viderentur,</strong></span> <span class='ocrx_word' id='word_1_373' title='bbox 2876 2735 2932 2783; x_wconf 89' lang='lat' dir='ltr'><strong>et</strong></span> <span class='ocrx_word' id='word_1_374' title='bbox 2971 2737 3097 2798; x_wconf 91' lang='lat' dir='ltr'><strong>post</strong></span> <span class='ocrx_word' id='word_1_375' title='bbox 3129 2726 3254 2797; x_wconf 89' lang='lat' dir='ltr'><strong>fuga</strong></span> <span class='ocrx_word' id='word_1_376' title='bbox 3301 2725 3498 2796; x_wconf 89' lang='lat' dir='ltr'><strong>elapsi,</strong></span> <span class='ocrx_word' id='word_1_377' title='bbox 3529 2740 3558 2779; x_wconf 91' lang='lat' dir='ltr'><strong>a</strong></span> <span class='ocrx_word' id='word_1_378' title='bbox 3592 2740 3728 2780; x_wconf 90' lang='lat' dir='ltr'><strong>cen-</strong></span> 
     </span>
    </p>
   </div>
   <div class='ocr_carea' id='block_1_58' title="bbox 2137 2816 3722 2890">
    <p class='ocr_par' dir='ltr' id='par_1_58' title="bbox 2137 2816 3722 2890">
     <span class='ocr_line' id='line_1_58' title="bbox 2137 2816 3722 2890; baseline -0.006 -10"><span class='ocrx_word' id='word_1_379' title='bbox 2137 2826 2358 2881; x_wconf 87' lang='lat' dir='ltr'><strong>soribus</strong></span> <span class='ocrx_word' id='word_1_380' title='bbox 2406 2822 2601 2889; x_wconf 89' lang='lat' dir='ltr'><strong>notati,</strong></span> <span class='ocrx_word' id='word_1_381' title='bbox 2661 2821 2994 2890; x_wconf 89' lang='lat' dir='ltr'><strong>semetipsos</strong></span> <span class='ocrx_word' id='word_1_382' title='bbox 3045 2827 3425 2890; x_wconf 89' lang='lat' dir='ltr'><strong>peremerunt.</strong></span> <span class='ocrx_word' id='word_1_383' title='bbox 3461 2816 3722 2882; x_wconf 85' lang='lat' dir='ltr'><strong>Annibal,</strong></span> 
     </span>
    </p>
   </div>
   <div class='ocr_carea' id='block_1_59' title="bbox 2136 2910 3726 2985">
    <p class='ocr_par' dir='ltr' id='par_1_59' title="bbox 2136 2910 3726 2985">
     <span class='ocr_line' id='line_1_59' title="bbox 2136 2910 3726 2985; baseline -0.006 -13"><span class='ocrx_word' id='word_1_384' title='bbox 2136 2918 2307 2973; x_wconf 89' lang='lat' dir='ltr'><strong>fratre</strong></span> <span class='ocrx_word' id='word_1_385' title='bbox 2353 2915 2579 2985; x_wconf 75' lang='lat' dir='ltr'><strong>Magone</strong></span> <span class='ocrx_word' id='word_1_386' title='bbox 2625 2912 3021 2984; x_wconf 76' lang='lat' dir='ltr'><strong>Carthaginem</strong></span> <span class='ocrx_word' id='word_1_387' title='bbox 3054 2924 3143 2967; x_wconf 90' lang='lat' dir='ltr'><strong>res</strong></span> <span class='ocrx_word' id='word_1_388' title='bbox 3187 2920 3372 2981; x_wconf 83' lang='lat' dir='ltr'><strong>gestas</strong></span> <span class='ocrx_word' id='word_1_389' title='bbox 3408 2910 3726 2965; x_wconf 88' lang='lat' dir='ltr'><strong>nuntiatum</strong></span> 
     </span>
    </p>
   </div>
   <div class='ocr_carea' id='block_1_60' title="bbox 2140 3003 3727 3077">
    <p class='ocr_par' dir='ltr' id='par_1_60' title="bbox 2140 3003 3727 3077">
     <span class='ocr_line' id='line_1_60' title="bbox 2140 3003 3727 3077; baseline -0.006 -14"><span class='ocrx_word' id='word_1_390' title='bbox 2140 3010 2329 3072; x_wconf 84' lang='lat' dir='ltr'><strong>misso,</strong></span> <span class='ocrx_word' id='word_1_391' title='bbox 2363 3017 2420 3063; x_wconf 90' lang='lat' dir='ltr'><strong>et</strong></span> <span class='ocrx_word' id='word_1_392' title='bbox 2447 3006 2516 3061; x_wconf 87' lang='lat' dir='ltr'><strong>ad</strong></span> <span class='ocrx_word' id='word_1_393' title='bbox 2571 3003 2867 3077; x_wconf 89' lang='lat' dir='ltr'><strong>pecuniam</strong></span> <span class='ocrx_word' id='word_1_394' title='bbox 2920 3004 3237 3073; x_wconf 88' lang='lat' dir='ltr'><strong>militesque</strong></span> <span class='ocrx_word' id='word_1_395' title='bbox 3269 3004 3560 3073; x_wconf 84' lang='lat' dir='ltr'><strong>petendos,</strong></span> <span class='ocrx_word' id='word_1_396' title='bbox 3599 3015 3727 3056; x_wconf 87' lang='lat' dir='ltr'><strong>cum</strong></span> 
     </span>
    </p>
   </div>
   <div class='ocr_carea' id='block_1_61' title="bbox 2141 3094 3727 3170">
    <p class='ocr_par' dir='ltr' id='par_1_61' title="bbox 2141 3094 3727 3170">
     <span class='ocr_line' id='line_1_61' title="bbox 2141 3094 3727 3170; baseline -0.006 -15"><span class='ocrx_word' id='word_1_397' title='bbox 2141 3101 2189 3157; x_wconf 91' lang='lat' dir='ltr'><strong>is</strong></span> <span class='ocrx_word' id='word_1_398' title='bbox 2213 3107 2599 3170; x_wconf 63' lang='lat' dir='ltr'><strong>exaggerasset</strong></span> <span class='ocrx_word' id='word_1_399' title='bbox 2652 3107 2840 3152; x_wconf 88' lang='lat' dir='ltr'><strong>omnt&#39;a</strong></span> <span class='ocrx_word' id='word_1_400' title='bbox 2894 3100 2952 3151; x_wconf 90' lang='lat' dir='ltr'><strong>et</strong></span> <span class='ocrx_word' id='word_1_401' title='bbox 2996 3095 3231 3151; x_wconf 89' lang='lat' dir='ltr'><strong>annulos</strong></span> <span class='ocrx_word' id='word_1_402' title='bbox 3284 3094 3727 3154; x_wconf 87' lang='lat' dir='ltr'><strong>adnumerasset,</strong></span> 
     </span>
    </p>
   </div>
   <div class='ocr_carea' id='block_1_62' title="bbox 451 3175 2036 3270">
    <p class='ocr_par' dir='ltr' id='par_1_62' title="bbox 451 3175 2036 3256">
     <span class='ocr_line' id='line_1_62' title="bbox 451 3175 2036 3256; baseline 0.01 -30"><span class='ocrx_word' id='word_1_403' title='bbox 451 3175 792 3244; x_wconf 81' lang='grc' dir='ltr'>ἀγγελοῦντα</span> <span class='ocrx_word' id='word_1_404' title='bbox 824 3180 938 3241; x_wconf 83' lang='grc' dir='ltr'>τοῖς</span> <span class='ocrx_word' id='word_1_405' title='bbox 966 3181 1360 3251; x_wconf 83' lang='grc' dir='ltr'>Καρχηδονίοις</span> <span class='ocrx_word' id='word_1_406' title='bbox 1384 3184 1600 3255; x_wconf 76' lang='grc' dir='ltr'>έπεμψε</span> <span class='ocrx_word' id='word_1_407' title='bbox 1643 3189 1711 3240; x_wconf 74' lang='grc' dir='ltr'><strong>τὰ</strong></span> <span class='ocrx_word' id='word_1_408' title='bbox 1750 3187 2036 3256; x_wconf 80' lang='grc' dir='ltr'>γινόμενα,</span> 
     </span>
    </p>
   </div>
   <div class='ocr_carea' id='block_1_63' title="bbox 2136 3175 3729 3270">
    <p class='ocr_par' dir='ltr' id='par_1_63' title="bbox 2142 3186 3729 3262">
     <span class='ocr_line' id='line_1_63' title="bbox 2142 3186 3729 3262; baseline -0.004 -14"><span class='ocrx_word' id='word_1_409' title='bbox 2142 3194 2512 3250; x_wconf 86' lang='lat' dir='ltr'><strong>decreverunt</strong></span> <span class='ocrx_word' id='word_1_410' title='bbox 2574 3191 2760 3247; x_wconf 90' lang='lat' dir='ltr'><strong>omnia</strong></span> <span class='ocrx_word' id='word_1_411' title='bbox 2806 3204 2931 3261; x_wconf 68' lang='lat' dir='ltr'><strong>quae</strong></span> <span class='ocrx_word' id='word_1_412' title='bbox 2966 3190 3220 3262; x_wconf 88' lang='lat' dir='ltr'><strong>petierat.</strong></span> <span class='ocrx_word' id='word_1_413' title='bbox 3274 3189 3529 3245; x_wconf 83' lang='lat' dir='ltr'><strong>Hannoni</strong></span> <span class='ocrx_word' id='word_1_414' title='bbox 3580 3186 3729 3244; x_wconf 90' lang='lat' dir='ltr'><strong>enim</strong></span> 
     </span>
    </p>
   </div>
   <div class='ocr_carea' id='block_1_64' title="bbox 453 3269 2033 3350">
    <p class='ocr_par' dir='ltr' id='par_1_64' title="bbox 453 3269 2033 3350">
     <span class='ocr_line' id='line_1_64' title="bbox 453 3269 2033 3350; baseline 0.007 -29"><span class='ocrx_word' id='word_1_415' title='bbox 453 3270 547 3322; x_wconf 69' lang='lat' dir='ltr'><strong>mi.</strong></span> <span class='ocrx_word' id='word_1_416' title='bbox 578 3270 840 3341; x_wconf 74' lang='grc' dir='ltr'>χρήματα</span> <span class='ocrx_word' id='word_1_417' title='bbox 876 3269 1009 3343; x_wconf 69' lang='grc' dir='ltr'>παρῗ</span> <span class='ocrx_word' id='word_1_418' title='bbox 1039 3273 1226 3328; x_wconf 65' lang='grc' dir='ltr'>αὐτῶν</span> <span class='ocrx_word' id='word_1_419' title='bbox 1256 3276 1362 3329; x_wconf 73' lang='grc' dir='ltr'>,καὶ</span> <span class='ocrx_word' id='word_1_420' title='bbox 1407 3274 1666 3348; x_wconf 57' lang='grc' dir='ltr'>δυνάτεις</span> <span class='ocrx_word' id='word_1_421' title='bbox 1704 3277 2033 3350; x_wconf 69' lang='grc' dir='ltr'>αἰτήσοντα·</span> 
     </span>
    </p>
   </div>
   <div class='ocr_carea' id='block_1_65' title="bbox 453 3363 2027 3441">
    <p class='ocr_par' dir='ltr' id='par_1_65' title="bbox 453 3363 2027 3441">
     <span class='ocr_line' id='line_1_65' title="bbox 453 3363 2027 3441; baseline 0.005 -27"><span class='ocrx_word' id='word_1_422' title='bbox 453 3364 548 3415; x_wconf 73' lang='grc' dir='ltr'>ναὶ</span> <span class='ocrx_word' id='word_1_423' title='bbox 594 3364 624 3415; x_wconf 84' lang='grc' dir='ltr'><strong>ό</strong></span> <span class='ocrx_word' id='word_1_424' title='bbox 684 3363 784 3431; x_wconf 83' lang='grc' dir='ltr'>μὲν</span> <span class='ocrx_word' id='word_1_425' title='bbox 844 3363 1099 3419; x_wconf 82' lang='grc' dir='ltr'>ἀπελθὼν</span> <span class='ocrx_word' id='word_1_426' title='bbox 1129 3364 1258 3430; x_wconf 84' lang='grc' dir='ltr'>τούς</span> <span class='ocrx_word' id='word_1_427' title='bbox 1284 3384 1344 3421; x_wconf 73' lang='grc' dir='ltr'><strong>τε</strong></span> <span class='ocrx_word' id='word_1_428' title='bbox 1375 3367 1699 3432; x_wconf 82' lang='grc' dir='ltr'>δακτυλίους</span> <span class='ocrx_word' id='word_1_429' title='bbox 1724 3371 2027 3441; x_wconf 71' lang='grc' dir='ltr'>ἠρίθμησε,</span> 
     </span>
    </p>
   </div>
   <div class='ocr_carea' id='block_1_66' title="bbox 454 3456 2042 3533">
    <p class='ocr_par' dir='ltr' id='par_1_66' title="bbox 454 3456 2042 3533">
     <span class='ocr_line' id='line_1_66' title="bbox 454 3456 2042 3533; baseline 0.005 -26"><span class='ocrx_word' id='word_1_430' title='bbox 454 3456 552 3508; x_wconf 85' lang='grc' dir='ltr'><strong>καὶ</strong></span> <span class='ocrx_word' id='word_1_431' title='bbox 579 3457 673 3509; x_wconf 79' lang='grc' dir='ltr'><strong>ἐπὶ</strong></span> <span class='ocrx_word' id='word_1_432' title='bbox 703 3459 889 3527; x_wconf 74' lang='grc' dir='ltr'>μεῖζον</span> <span class='ocrx_word' id='word_1_433' title='bbox 918 3459 1081 3531; x_wconf 81' lang='grc' dir='ltr'>ἐξῆρε</span> <span class='ocrx_word' id='word_1_434' title='bbox 1110 3459 1177 3531; x_wconf 83' lang='grc' dir='ltr'>δὴ</span> <span class='ocrx_word' id='word_1_435' title='bbox 1226 3460 1288 3513; x_wconf 81' lang='grc' dir='ltr'><strong>τὸ</strong></span> <span class='ocrx_word' id='word_1_436' title='bbox 1318 3461 1676 3532; x_wconf 88' lang='grc' dir='ltr'>κατόρθωμα,</span> <span class='ocrx_word' id='word_1_437' title='bbox 1709 3463 1806 3516; x_wconf 78' lang='grc' dir='ltr'><strong>καὶ</strong></span> <span class='ocrx_word' id='word_1_438' title='bbox 1843 3463 2042 3533; x_wconf 72' lang='grc' dir='ltr'>ἐψηφί-</span> 
     </span>
    </p>
   </div>
   <div class='ocr_carea' id='block_1_67' title="bbox 455 3548 2041 3624">
    <p class='ocr_par' dir='ltr' id='par_1_67' title="bbox 455 3548 2041 3624">
     <span class='ocr_line' id='line_1_67' title="bbox 455 3548 2041 3624; baseline 0.008 -25"><span class='ocrx_word' id='word_1_439' title='bbox 455 3552 557 3617; x_wconf 74' lang='grc' dir='ltr'><strong>σθη</strong></span> <span class='ocrx_word' id='word_1_440' title='bbox 589 3548 772 3603; x_wconf 84' lang='grc' dir='ltr'>πάντα</span> <span class='ocrx_word' id='word_1_441' title='bbox 800 3551 902 3606; x_wconf 86' lang='grc' dir='ltr'>ὅσα</span> <span class='ocrx_word' id='word_1_442' title='bbox 933 3552 1179 3622; x_wconf 80' lang='grc' dir='ltr'>ῂτήσατο</span> <span class='ocrx_word' id='word_1_443' title='bbox 1203 3568 1217 3583; x_wconf 84' lang='grc'><em>’</em></span> <span class='ocrx_word' id='word_1_444' title='bbox 1242 3551 1322 3623; x_wconf 83' lang='grc' dir='ltr'>τῷ</span> <span class='ocrx_word' id='word_1_445' title='bbox 1357 3553 1466 3624; x_wconf 84' lang='grc' dir='ltr'>γὰρ</span> <span class='ocrx_word' id='word_1_446' title='bbox 1503 3553 1742 3607; x_wconf 77' lang='grc' dir='ltr'>’Δννωνι</span> <span class='ocrx_word' id='word_1_447' title='bbox 1776 3556 2041 3611; x_wconf 79' lang='grc' dir='ltr'>τάναντία</span> 
     </span>
    </p>
   </div>
   <div class='ocr_carea' id='block_1_68' title="bbox 454 3638 2037 3717">
    <p class='ocr_par' dir='ltr' id='par_1_68' title="bbox 454 3638 2037 3717">
     <span class='ocr_line' id='line_1_68' title="bbox 454 3638 2037 3717; baseline 0.006 -26"><span class='ocrx_word' id='word_1_448' title='bbox 454 3638 692 3709; x_wconf 84' lang='grc' dir='ltr'>λέγοντι,</span> <span class='ocrx_word' id='word_1_449' title='bbox 725 3645 820 3695; x_wconf 77' lang='grc' dir='ltr'>καὶ</span> <span class='ocrx_word' id='word_1_450' title='bbox 858 3645 1275 3698; x_wconf 80' lang='grc' dir='ltr'>καταλύσασθαι</span> <span class='ocrx_word' id='word_1_451' title='bbox 1300 3647 1392 3699; x_wconf 88' lang='grc' dir='ltr'><strong>τὸν</strong></span> <span class='ocrx_word' id='word_1_452' title='bbox 1430 3647 1693 3717; x_wconf 85' lang='grc' dir='ltr'>πόλεμον,</span> <span class='ocrx_word' id='word_1_453' title='bbox 1726 3647 1831 3712; x_wconf 77' lang='grc' dir='ltr'>ἓως</span> <span class='ocrx_word' id='word_1_454' title='bbox 1866 3649 2037 3702; x_wconf 69' lang='grc' dir='ltr'>καθυο</span> 
     </span>
    </p>
   </div>
   <div class='ocr_carea' id='block_1_69' title="bbox 456 3733 2037 3812">
    <p class='ocr_par' dir='ltr' id='par_1_69' title="bbox 456 3733 2037 3812">
     <span class='ocr_line' id='line_1_69' title="bbox 456 3733 2037 3812; baseline 0.005 -27"><span class='ocrx_word' id='word_1_455' title='bbox 456 3733 716 3806; x_wconf 80' lang='grc' dir='ltr'>πέρτεροι</span> <span class='ocrx_word' id='word_1_456' title='bbox 746 3735 991 3803; x_wconf 82' lang='grc' dir='ltr'>δοκοῦσι,</span> <span class='ocrx_word' id='word_1_457' title='bbox 1033 3738 1485 3809; x_wconf 72' lang='grc' dir='ltr'>συμϐουλεύοντι,</span> <span class='ocrx_word' id='word_1_458' title='bbox 1538 3742 1639 3794; x_wconf 86' lang='grc' dir='ltr'>οὐκ</span> <span class='ocrx_word' id='word_1_459' title='bbox 1677 3741 2037 3812; x_wconf 74' lang='grc' dir='ltr'>ἐπείσθησαν·</span> 
     </span>
    </p>
   </div>
   <div class='ocr_carea' id='block_1_70' title="bbox 454 3827 2040 3902">
    <p class='ocr_par' dir='ltr' id='par_1_70' title="bbox 454 3827 2040 3902">
     <span class='ocr_line' id='line_1_70' title="bbox 454 3827 2040 3902; baseline 0.004 -23"><span class='ocrx_word' id='word_1_460' title='bbox 454 3827 516 3879; x_wconf 83' lang='grc' dir='ltr'>ού</span> <span class='ocrx_word' id='word_1_461' title='bbox 545 3828 731 3892; x_wconf 82' lang='grc' dir='ltr'>μέντοι</span> <span class='ocrx_word' id='word_1_462' title='bbox 765 3830 835 3881; x_wconf 64' lang='grc' dir='ltr'>τὰ</span> <span class='ocrx_word' id='word_1_463' title='bbox 860 3831 1204 3900; x_wconf 63' lang='grc' dir='ltr'>ψηφισθέντα</span> <span class='ocrx_word' id='word_1_464' title='bbox 1237 3831 1332 3884; x_wconf 77' lang='grc' dir='ltr'>καὶ</span> <span class='ocrx_word' id='word_1_465' title='bbox 1363 3835 1443 3895; x_wconf 84' lang='grc' dir='ltr'><strong>είς</strong></span> <span class='ocrx_word' id='word_1_466' title='bbox 1468 3832 1633 3902; x_wconf 82' lang='grc' dir='ltr'>ἔργον</span> <span class='ocrx_word' id='word_1_467' title='bbox 1662 3832 1893 3902; x_wconf 80' lang='grc' dir='ltr'>ήγαγον,</span> <span class='ocrx_word' id='word_1_468' title='bbox 1924 3831 2040 3885; x_wconf 80' lang='grc' dir='ltr'>ἀλλ’</span> 
     </span>
    </p>
   </div>
   <div class='ocr_carea' id='block_1_71' title="bbox 464 3918 2042 3995">
    <p class='ocr_par' dir='ltr' id='par_1_71' title="bbox 464 3918 2042 3995">
     <span class='ocr_line' id='line_1_71' title="bbox 464 3918 2042 3995; baseline 0.006 -25"><span class='ocrx_word' id='word_1_469' title='bbox 464 3918 771 3988; x_wconf 72' lang='grc' dir='ltr'>ἠμέλησαν.</span> <span class='ocrx_word' id='word_1_470' title='bbox 814 3918 1064 3985; x_wconf 78' lang='grc' dir='ltr'>’Λννίόας</span> <span class='ocrx_word' id='word_1_471' title='bbox 1086 3923 1131 3975; x_wconf 80' lang='grc' dir='ltr'>δ’</span> <span class='ocrx_word' id='word_1_472' title='bbox 1158 3924 1216 3975; x_wconf 88' lang='grc' dir='ltr'><strong>ἐν</strong></span> <span class='ocrx_word' id='word_1_473' title='bbox 1263 3922 1439 3993; x_wconf 81' lang='grc' dir='ltr'>τούτῳ</span> <span class='ocrx_word' id='word_1_474' title='bbox 1465 3925 1546 3988; x_wconf 84' lang='grc' dir='ltr'><strong>είς</strong></span> <span class='ocrx_word' id='word_1_475' title='bbox 1579 3923 1679 3995; x_wconf 81' lang='grc' dir='ltr'><strong>τήν</strong></span> <span class='ocrx_word' id='word_1_476' title='bbox 1705 3924 2042 3995; x_wconf 83' lang='grc' dir='ltr'>Καμπανίαν</span> 
     </span>
    </p>
   </div>
   <div class='ocr_carea' id='block_1_72' title="bbox 458 4012 2042 4088">
    <p class='ocr_par' dir='ltr' id='par_1_72' title="bbox 458 4012 2042 4088">
     <span class='ocr_line' id='line_1_72' title="bbox 458 4012 2042 4088; baseline 0.004 -24"><span class='ocrx_word' id='word_1_477' title='bbox 458 4012 844 4085; x_wconf 80' lang='grc' dir='ltr'>προύχώρησε,</span> <span class='ocrx_word' id='word_1_478' title='bbox 880 4017 977 4069; x_wconf 79' lang='grc' dir='ltr'><strong>καὶ</strong></span> <span class='ocrx_word' id='word_1_479' title='bbox 1036 4018 1283 4088; x_wconf 80' lang='grc' dir='ltr'>πόλισμά</span> <span class='ocrx_word' id='word_1_480' title='bbox 1308 4035 1362 4070; x_wconf 91' lang='grc' dir='ltr'><strong>τι</strong></span> <span class='ocrx_word' id='word_1_481' title='bbox 1402 4013 1515 4070; x_wconf 78' lang='grc' dir='ltr'>εἷλε</span> <span class='ocrx_word' id='word_1_482' title='bbox 1566 4019 1916 4087; x_wconf 86' lang='grc' dir='ltr'>Σαμνιτικδν,</span> <span class='ocrx_word' id='word_1_483' title='bbox 1946 4018 2042 4074; x_wconf 73' lang='grc' dir='ltr'><strong>καὶ</strong></span> 
     </span>
    </p>
   </div>
   <div class='ocr_carea' id='block_1_73' title="bbox 459 4104 2043 4180">
    <p class='ocr_par' dir='ltr' id='par_1_73' title="bbox 459 4104 2043 4180">
     <span class='ocr_line' id='line_1_73' title="bbox 459 4104 2043 4180; baseline 0.007 -26"><span class='ocrx_word' id='word_1_484' title='bbox 459 4106 553 4155; x_wconf 80' lang='grc' dir='ltr'><strong>ἐπὶ</strong></span> <span class='ocrx_word' id='word_1_485' title='bbox 574 4104 721 4158; x_wconf 80' lang='grc' dir='ltr'>Νέαν</span> <span class='ocrx_word' id='word_1_486' title='bbox 749 4105 981 4178; x_wconf 79' lang='grc' dir='ltr'>ὥρμησε</span> <span class='ocrx_word' id='word_1_487' title='bbox 1010 4109 1188 4174; x_wconf 87' lang='grc' dir='ltr'>πόλιν,</span> <span class='ocrx_word' id='word_1_488' title='bbox 1224 4108 1564 4179; x_wconf 78' lang='grc' dir='ltr'>προπέμψας</span> <span class='ocrx_word' id='word_1_489' title='bbox 1599 4111 1738 4178; x_wconf 81' lang='grc' dir='ltr'>μετὰ</span> <span class='ocrx_word' id='word_1_490' title='bbox 1763 4109 1869 4180; x_wconf 87' lang='grc' dir='ltr'><strong>τῆς</strong></span> <span class='ocrx_word' id='word_1_491' title='bbox 1895 4110 2043 4174; x_wconf 86' lang='grc' dir='ltr'>λείας</span> 
     </span>
    </p>
   </div>
   <div class='ocr_carea' id='block_1_74' title="bbox 458 4196 2043 4276">
    <p class='ocr_par' dir='ltr' id='par_1_74' title="bbox 458 4196 2043 4276">
     <span class='ocr_line' id='line_1_74' title="bbox 458 4196 2043 4276; baseline 0.006 -28"><span class='ocrx_word' id='word_1_492' title='bbox 458 4196 675 4264; x_wconf 80' lang='grc' dir='ltr'>ὀλίγους</span> <span class='ocrx_word' id='word_1_493' title='bbox 708 4201 863 4262; x_wconf 88' lang='grc' dir='ltr'>τινάς</span> <span class='ocrx_word' id='word_1_494' title='bbox 892 4215 906 4227; x_wconf 86' lang='grc'><strong>·</strong></span> <span class='ocrx_word' id='word_1_495' title='bbox 944 4201 1083 4270; x_wconf 78' lang='grc' dir='ltr'>πρὸς</span> <span class='ocrx_word' id='word_1_496' title='bbox 1117 4201 1212 4266; x_wconf 85' lang='grc' dir='ltr'><strong>οὒς</strong></span> <span class='ocrx_word' id='word_1_497' title='bbox 1258 4202 1334 4265; x_wconf 87' lang='grc' dir='ltr'>ὡς</span> <span class='ocrx_word' id='word_1_498' title='bbox 1384 4204 1579 4272; x_wconf 76' lang='grc' dir='ltr'>μόνους</span> <span class='ocrx_word' id='word_1_499' title='bbox 1614 4204 1775 4266; x_wconf 78' lang='grc' dir='ltr'>ὄντας</span> <span class='ocrx_word' id='word_1_500' title='bbox 1804 4203 1913 4256; x_wconf 82' lang='grc' dir='ltr'>τῶν</span> <span class='ocrx_word' id='word_1_501' title='bbox 1942 4207 2043 4276; x_wconf 83' lang='grc' dir='ltr'><strong>τῆς</strong></span> 
     </span>
    </p>
   </div>
   <div class='ocr_carea' id='block_1_75' title="bbox 459 4286 2039 4365">
    <p class='ocr_par' dir='ltr' id='par_1_75' title="bbox 459 4286 2039 4365">
     <span class='ocr_line' id='line_1_75' title="bbox 459 4286 2039 4365; baseline 0.006 -27"><span class='ocrx_word' id='word_1_502' title='bbox 459 4286 668 4349; x_wconf 60' lang='lat' dir='ltr'><strong>stolen),-</strong></span> <span class='ocrx_word' id='word_1_503' title='bbox 691 4289 1100 4361; x_wconf 81' lang='grc' dir='ltr'>ἐκδραμόντων,</span> <span class='ocrx_word' id='word_1_504' title='bbox 1133 4292 1381 4362; x_wconf 68' lang='grc' dir='ltr'>ἐπεφάνη</span> <span class='ocrx_word' id='word_1_505' title='bbox 1404 4294 1568 4354; x_wconf 75' lang='grc' dir='ltr'>αὐτὸς</span> <span class='ocrx_word' id='word_1_506' title='bbox 1600 4293 2039 4365; x_wconf 63' lang='grc' dir='ltr'>ἁπρολδόκητος,</span> 
     </span>
    </p>
   </div>
   <div class='ocr_carea' id='block_1_76' title="bbox 461 4380 2042 4457">
    <p class='ocr_par' dir='ltr' id='par_1_76' title="bbox 461 4380 2042 4457">
     <span class='ocr_line' id='line_1_76' title="bbox 461 4380 2042 4457; baseline 0.006 -25"><span class='ocrx_word' id='word_1_507' title='bbox 461 4380 560 4432; x_wconf 78' lang='grc' dir='ltr'>καὶ</span> <span class='ocrx_word' id='word_1_508' title='bbox 583 4384 812 4453; x_wconf 77' lang='grc' dir='ltr'>συχνοὺς</span> <span class='ocrx_word' id='word_1_509' title='bbox 843 4385 1167 4452; x_wconf 60' lang='grc' dir='ltr'>ἀπέκτεικιε,</span> <span class='ocrx_word' id='word_1_510' title='bbox 1195 4386 1296 4456; x_wconf 86' lang='grc' dir='ltr'><strong>τὴν</strong></span> <span class='ocrx_word' id='word_1_511' title='bbox 1324 4384 1381 4439; x_wconf 79' lang='grc' dir='ltr'><strong>δὲ</strong></span> <span class='ocrx_word' id='word_1_512' title='bbox 1415 4388 1574 4441; x_wconf 82' lang='grc' dir='ltr'>πόλιν</span> <span class='ocrx_word' id='word_1_513' title='bbox 1600 4388 1700 4457; x_wconf 80' lang='grc' dir='ltr'>οὐχ</span> <span class='ocrx_word' id='word_1_514' title='bbox 1736 4382 1903 4453; x_wconf 81' lang='grc' dir='ltr'>εἶλεν,</span> <span class='ocrx_word' id='word_1_515' title='bbox 1929 4386 2042 4442; x_wconf 73' lang='grc' dir='ltr'><strong>οὔτ’</strong></span> 
     </span>
    </p>
   </div>
   <div class='ocr_carea' id='block_1_77' title="bbox 460 4474 2041 4552">
    <p class='ocr_par' dir='ltr' id='par_1_77' title="bbox 460 4474 2041 4552">
     <span class='ocr_line' id='line_1_77' title="bbox 460 4474 2041 4552; baseline 0.006 -26"><span class='ocrx_word' id='word_1_516' title='bbox 460 4474 553 4527; x_wconf 74' lang='grc' dir='ltr'>ἐπὶ</span> <span class='ocrx_word' id='word_1_517' title='bbox 581 4475 718 4529; x_wconf 83' lang='grc' dir='ltr'>πολὺ</span> <span class='ocrx_word' id='word_1_518' title='bbox 747 4476 923 4547; x_wconf 78' lang='grc' dir='ltr'>ταύτῃ</span> <span class='ocrx_word' id='word_1_519' title='bbox 960 4479 1399 4551; x_wconf 78' lang='grc' dir='ltr'>προσήδρευσεν.</span> <span class='ocrx_word' id='word_1_520' title='bbox 1444 4481 1506 4532; x_wconf 85' lang='lat' dir='ltr'><strong>Ui</strong></span> <span class='ocrx_word' id='word_1_521' title='bbox 1532 4480 1641 4552; x_wconf 84' lang='grc' dir='ltr'><strong>γὰρ</strong></span> <span class='ocrx_word' id='word_1_522' title='bbox 1673 4482 1773 4552; x_wconf 79' lang='grc' dir='ltr'>τὴν</span> <span class='ocrx_word' id='word_1_523' title='bbox 1806 4481 2041 4552; x_wconf 83' lang='grc' dir='ltr'>Καπύην</span> 
     </span>
    </p>
   </div>
   <div class='ocr_carea' id='block_1_78' title="bbox 456 4557 2116 4648">
    <p class='ocr_par' dir='ltr' id='par_1_78' title="bbox 456 4557 2116 4648">
     <span class='ocr_line' id='line_1_78' title="bbox 456 4557 2116 4648; baseline 0.005 -30"><span class='ocrx_word' id='word_1_524' title='bbox 456 4566 736 4632; x_wconf 68' lang='grc' dir='ltr'>οἰκοῦντες</span> <span class='ocrx_word' id='word_1_525' title='bbox 766 4569 1091 4635; x_wconf 84' lang='grc' dir='ltr'>Καμπανοὶ,</span> <span class='ocrx_word' id='word_1_526' title='bbox 1153 4573 1204 4625; x_wconf 79' lang='grc' dir='ltr'>οἱ</span> <span class='ocrx_word' id='word_1_527' title='bbox 1271 4574 1373 4640; x_wconf 74' lang='grc' dir='ltr'>μὲν</span> <span class='ocrx_word' id='word_1_528' title='bbox 1427 4575 1498 4643; x_wconf 75' lang='grc' dir='ltr'>τῇ</span> <span class='ocrx_word' id='word_1_529' title='bbox 1566 4572 1855 4643; x_wconf 85' lang='grc' dir='ltr'>Ῥωμαίων</span> <span class='ocrx_word' id='word_1_530' title='bbox 1887 4574 2042 4648; x_wconf 74' lang='grc' dir='ltr'>φιλίᾳ</span> <span class='ocrx_word' id='word_1_531' title='bbox 2074 4557 2116 4613; x_wconf 80' lang='grc' dir='ltr'><strong>Ῑ)</strong></span> 
     </span>
    </p>
   </div>
   <div class='ocr_carea' id='block_1_79' title="bbox 457 4658 2041 4736">
    <p class='ocr_par' dir='ltr' id='par_1_79' title="bbox 457 4658 2041 4736">
     <span class='ocr_line' id='line_1_79' title="bbox 457 4658 2041 4736; baseline 0.007 -26"><span class='ocrx_word' id='word_1_532' title='bbox 457 4658 766 4729; x_wconf 74' lang='grc' dir='ltr'>ἐνέμειναν,</span> <span class='ocrx_word' id='word_1_533' title='bbox 799 4662 850 4714; x_wconf 89' lang='grc' dir='ltr'>οί</span> <span class='ocrx_word' id='word_1_534' title='bbox 877 4662 935 4717; x_wconf 79' lang='grc' dir='ltr'>δὲ</span> <span class='ocrx_word' id='word_1_535' title='bbox 969 4664 1106 4736; x_wconf 75' lang='grc' dir='ltr'>πρὸς</span> <span class='ocrx_word' id='word_1_536' title='bbox 1134 4666 1226 4719; x_wconf 75' lang='grc' dir='ltr'><strong>τὸν</strong></span> <span class='ocrx_word' id='word_1_537' title='bbox 1258 4666 1510 4720; x_wconf 68' lang='grc' dir='ltr'>Ἀννίϐαν</span> <span class='ocrx_word' id='word_1_538' title='bbox 1528 4667 1854 4724; x_wconf 80' lang='grc' dir='ltr'>ἀπέκλιναν.</span> <span class='ocrx_word' id='word_1_539' title='bbox 1887 4669 2041 4722; x_wconf 74' lang='grc' dir='ltr'>Ἐπεὶ</span> 
     </span>
    </p>
   </div>
   <div class='ocr_carea' id='block_1_80' title="bbox 456 4751 2035 4834">
    <p class='ocr_par' dir='ltr' id='par_1_80' title="bbox 456 4751 2035 4834">
     <span class='ocr_line' id='line_1_80' title="bbox 456 4751 2035 4834; baseline 0.008 -28"><span class='ocrx_word' id='word_1_540' title='bbox 456 4751 515 4807; x_wconf 71' lang='grc' dir='ltr'>δὲ</span> <span class='ocrx_word' id='word_1_541' title='bbox 545 4756 606 4807; x_wconf 87' lang='grc' dir='ltr'><strong>ἐν</strong></span> <span class='ocrx_word' id='word_1_542' title='bbox 633 4756 756 4819; x_wconf 88' lang='grc' dir='ltr'>ταῖς</span> <span class='ocrx_word' id='word_1_543' title='bbox 796 4756 1039 4821; x_wconf 81' lang='grc' dir='ltr'>Κάνναις</span> <span class='ocrx_word' id='word_1_544' title='bbox 1076 4758 1371 4830; x_wconf 81' lang='grc' dir='ltr'>εὐτύχησε,</span> <span class='ocrx_word' id='word_1_545' title='bbox 1412 4760 1506 4814; x_wconf 78' lang='grc' dir='ltr'><strong>καί</strong></span> <span class='ocrx_word' id='word_1_546' title='bbox 1533 4779 1681 4826; x_wconf 86' lang='grc' dir='ltr'>τινες</span> <span class='ocrx_word' id='word_1_547' title='bbox 1713 4763 1907 4834; x_wconf 83' lang='grc' dir='ltr'>ἄνδρες</span> <span class='ocrx_word' id='word_1_548' title='bbox 1934 4766 2035 4817; x_wconf 75' lang='grc' dir='ltr'>αὐ·</span> 
     </span>
    </p>
   </div>
   <div class='ocr_carea' id='block_1_81' title="bbox 458 4844 2033 4926">
    <p class='ocr_par' dir='ltr' id='par_1_81' title="bbox 458 4844 2033 4926">
     <span class='ocr_line' id='line_1_81' title="bbox 458 4844 2033 4926; baseline 0.008 -31"><span class='ocrx_word' id='word_1_549' title='bbox 458 4844 568 4896; x_wconf 84' lang='grc' dir='ltr'>τῶν</span> <span class='ocrx_word' id='word_1_550' title='bbox 620 4844 841 4908; x_wconf 83' lang='grc' dir='ltr'>ἁλόντες</span> <span class='ocrx_word' id='word_1_551' title='bbox 880 4848 1188 4920; x_wconf 80' lang='grc' dir='ltr'>ἀφέθησαν,</span> <span class='ocrx_word' id='word_1_552' title='bbox 1240 4853 1303 4903; x_wconf 82' lang='grc' dir='ltr'><strong>τὸ</strong></span> <span class='ocrx_word' id='word_1_553' title='bbox 1368 4852 1469 4922; x_wconf 79' lang='grc' dir='ltr'><strong>μὲν</strong></span> <span class='ocrx_word' id='word_1_554' title='bbox 1536 4852 1742 4922; x_wconf 79' lang='grc' dir='ltr'>πλῆθος</span> <span class='ocrx_word' id='word_1_555' title='bbox 1799 4854 2033 4926; x_wconf 76' lang='grc' dir='ltr'>ὥρμησε</span> 
     </span>
    </p>
   </div>
   <div class='ocr_carea' id='block_1_82' title="bbox 461 4939 2038 5019">
    <p class='ocr_par' dir='ltr' id='par_1_82' title="bbox 461 4939 2038 5019">
     <span class='ocr_line' id='line_1_82' title="bbox 461 4939 2038 5019; baseline 0.007 -31"><span class='ocrx_word' id='word_1_556' title='bbox 461 4939 799 5008; x_wconf 76' lang='grc' dir='ltr'>μεταστῆναι</span> <span class='ocrx_word' id='word_1_557' title='bbox 835 4941 970 5012; x_wconf 85' lang='grc' dir='ltr'>πρὸς</span> <span class='ocrx_word' id='word_1_558' title='bbox 1009 4943 1105 4997; x_wconf 74' lang='grc' dir='ltr'><strong>τὸν</strong></span> <span class='ocrx_word' id='word_1_559' title='bbox 1154 4944 1406 4999; x_wconf 78' lang='grc' dir='ltr'>Ἀννίϐαν</span> <span class='ocrx_word' id='word_1_560' title='bbox 1430 4961 1445 4978; x_wconf 76' lang='grc' dir='ltr'><strong><em>ο</em></strong></span> <span class='ocrx_word' id='word_1_561' title='bbox 1492 4948 1540 4999; x_wconf 87' lang='grc' dir='ltr'><strong>οἱ</strong></span> <span class='ocrx_word' id='word_1_562' title='bbox 1574 4945 1630 4998; x_wconf 80' lang='grc' dir='ltr'>δὲ</span> <span class='ocrx_word' id='word_1_563' title='bbox 1659 4945 1877 5000; x_wconf 79' lang='grc' dir='ltr'>δυνατοὶ</span> <span class='ocrx_word' id='word_1_564' title='bbox 1908 4947 2038 5019; x_wconf 87' lang='grc' dir='ltr'>χρό-</span> 
     </span>
    </p>
   </div>
   <div class='ocr_carea' id='block_1_83' title="bbox 458 5032 2037 5108">
    <p class='ocr_par' dir='ltr' id='par_1_83' title="bbox 458 5032 2037 5108">
     <span class='ocr_line' id='line_1_83' title="bbox 458 5032 2037 5108; baseline 0.006 -26"><span class='ocrx_word' id='word_1_565' title='bbox 458 5047 551 5084; x_wconf 93' lang='grc' dir='ltr'><strong>νον</strong></span> <span class='ocrx_word' id='word_1_566' title='bbox 589 5032 690 5101; x_wconf 88' lang='grc' dir='ltr'><strong>μέν</strong></span> <span class='ocrx_word' id='word_1_567' title='bbox 746 5051 869 5089; x_wconf 88' lang='grc' dir='ltr'>τινα</span> <span class='ocrx_word' id='word_1_568' title='bbox 924 5035 1179 5105; x_wconf 79' lang='grc' dir='ltr'>ἐπέσχον.</span> <span class='ocrx_word' id='word_1_569' title='bbox 1227 5033 1340 5090; x_wconf 71' lang='grc' dir='ltr'><strong>Εἶτ’</strong></span> <span class='ocrx_word' id='word_1_570' title='bbox 1399 5038 1487 5089; x_wconf 75' lang='grc' dir='ltr'><strong>ἐπ’</strong></span> <span class='ocrx_word' id='word_1_571' title='bbox 1516 5037 1717 5101; x_wconf 77' lang='grc' dir='ltr'>αὐτοὺς</span> <span class='ocrx_word' id='word_1_572' title='bbox 1744 5037 1805 5090; x_wconf 79' lang='grc' dir='ltr'><strong>τὸ</strong></span> <span class='ocrx_word' id='word_1_573' title='bbox 1830 5038 2037 5108; x_wconf 82' lang='grc' dir='ltr'>πλῆθος</span> 
     </span>
    </p>
   </div>
   <div class='ocr_carea' id='block_1_84' title="bbox 456 5125 2040 5199">
    <p class='ocr_par' dir='ltr' id='par_1_84' title="bbox 456 5125 2040 5199">
     <span class='ocr_line' id='line_1_84' title="bbox 456 5125 2040 5199; baseline 0.004 -23"><span class='ocrx_word' id='word_1_574' title='bbox 456 5125 710 5195; x_wconf 72' lang='grc' dir='ltr'>ὁρμῆσαν</span> <span class='ocrx_word' id='word_1_575' title='bbox 736 5127 1110 5198; x_wconf 75' lang='grc' dir='ltr'>συνηγμένους</span> <span class='ocrx_word' id='word_1_576' title='bbox 1151 5130 1211 5181; x_wconf 87' lang='grc' dir='ltr'><strong>ἐν</strong></span> <span class='ocrx_word' id='word_1_577' title='bbox 1264 5126 1337 5197; x_wconf 85' lang='grc' dir='ltr'>τῷ</span> <span class='ocrx_word' id='word_1_578' title='bbox 1383 5126 1778 5199; x_wconf 82' lang='grc' dir='ltr'>βουλευτηρίῳ,</span> <span class='ocrx_word' id='word_1_579' title='bbox 1826 5129 2040 5191; x_wconf 75' lang='grc' dir='ltr'>πάντας</span> 
     </span>
    </p>
   </div>
   <div class='ocr_carea' id='block_1_85' title="bbox 460 5221 2041 5294">
    <p class='ocr_par' dir='ltr' id='par_1_85' title="bbox 460 5221 2041 5294">
     <span class='ocr_line' id='line_1_85' title="bbox 460 5221 2041 5294; baseline 0.001 -20"><span class='ocrx_word' id='word_1_580' title='bbox 460 5221 529 5274; x_wconf 80' lang='grc' dir='ltr'>ἂν</span> <span class='ocrx_word' id='word_1_581' title='bbox 555 5222 959 5293; x_wconf 85' lang='grc' dir='ltr'>κατεχρήσατο,</span> <span class='ocrx_word' id='word_1_582' title='bbox 988 5223 1039 5275; x_wconf 85' lang='grc' dir='ltr'><strong>εί</strong></span> <span class='ocrx_word' id='word_1_583' title='bbox 1062 5225 1136 5293; x_wconf 87' lang='grc' dir='ltr'><strong>μή</strong></span> <span class='ocrx_word' id='word_1_584' title='bbox 1166 5239 1250 5286; x_wconf 91' lang='grc' dir='ltr'><strong>τις</strong></span> <span class='ocrx_word' id='word_1_585' title='bbox 1314 5224 1380 5275; x_wconf 84' lang='grc' dir='ltr'><strong>ἐκ</strong></span> <span class='ocrx_word' id='word_1_586' title='bbox 1404 5222 1499 5276; x_wconf 82' lang='grc' dir='ltr'><strong>τοῦ</strong></span> <span class='ocrx_word' id='word_1_587' title='bbox 1529 5223 1766 5294; x_wconf 82' lang='grc' dir='ltr'>πλήθους</span> <span class='ocrx_word' id='word_1_588' title='bbox 1785 5223 1847 5276; x_wconf 78' lang='grc' dir='ltr'>τὸ</span> <span class='ocrx_word' id='word_1_589' title='bbox 1876 5222 2041 5293; x_wconf 72' lang='grc' dir='ltr'>μέγα·</span> 
     </span>
    </p>
   </div>
   <div class='ocr_carea' id='block_1_86' title="bbox 463 5312 2038 5387">
    <p class='ocr_par' dir='ltr' id='par_1_86' title="bbox 463 5312 2038 5387">
     <span class='ocr_line' id='line_1_86' title="bbox 463 5312 2038 5387; baseline 0.001 -22"><span class='ocrx_word' id='word_1_590' title='bbox 463 5312 555 5376; x_wconf 88' lang='grc' dir='ltr'><strong>θος</strong></span> <span class='ocrx_word' id='word_1_591' title='bbox 602 5314 832 5367; x_wconf 79' lang='grc' dir='ltr'>συνιδὼν</span> <span class='ocrx_word' id='word_1_592' title='bbox 872 5314 966 5368; x_wconf 86' lang='grc' dir='ltr'>τοῦ</span> <span class='ocrx_word' id='word_1_593' title='bbox 1009 5315 1206 5380; x_wconf 81' lang='grc' dir='ltr'>κακοῦ,</span> <span class='ocrx_word' id='word_1_594' title='bbox 1246 5316 1600 5387; x_wconf 78' lang='grc' dir='ltr'>κατηγόρησε</span> <span class='ocrx_word' id='word_1_595' title='bbox 1633 5315 1731 5386; x_wconf 81' lang='grc' dir='ltr'><strong>μὲν</strong></span> <span class='ocrx_word' id='word_1_596' title='bbox 1769 5314 1880 5367; x_wconf 83' lang='grc' dir='ltr'><strong>τῶν</strong></span> <span class='ocrx_word' id='word_1_597' title='bbox 1911 5315 2038 5384; x_wconf 84' lang='grc' dir='ltr'>βου-</span> 
     </span>
    </p>
   </div>
   <div class='ocr_carea' id='block_1_87' title="bbox 459 5405 2042 5479">
    <p class='ocr_par' dir='ltr' id='par_1_87' title="bbox 459 5405 2042 5479">
     <span class='ocr_line' id='line_1_87' title="bbox 459 5405 2042 5479; baseline 0.002 -23"><span class='ocrx_word' id='word_1_598' title='bbox 459 5405 664 5460; x_wconf 82' lang='grc' dir='ltr'>λευτῶν</span> <span class='ocrx_word' id='word_1_599' title='bbox 680 5408 755 5471; x_wconf 87' lang='grc' dir='ltr'>ὡς</span> <span class='ocrx_word' id='word_1_600' title='bbox 774 5409 993 5469; x_wconf 79' lang='grc' dir='ltr'>πάντως</span> <span class='ocrx_word' id='word_1_601' title='bbox 1014 5408 1293 5479; x_wconf 79' lang='grc' dir='ltr'>φθαρῆναι</span> <span class='ocrx_word' id='word_1_602' title='bbox 1320 5406 1488 5472; x_wconf 80' lang='grc' dir='ltr'>ἀξίων</span> <span class='ocrx_word' id='word_1_603' title='bbox 1507 5426 1519 5438; x_wconf 72' lang='lat'><strong>&#39;</strong></span> <span class='ocrx_word' id='word_1_604' title='bbox 1540 5409 1644 5477; x_wconf 83' lang='grc' dir='ltr'><strong>ἔφη</strong></span> <span class='ocrx_word' id='word_1_605' title='bbox 1668 5407 1726 5461; x_wconf 89' lang='grc' dir='ltr'><strong>δέ</strong></span> <span class='ocrx_word' id='word_1_606' title='bbox 1775 5408 2042 5479; x_wconf 84' lang='grc' dir='ltr'>πρότερον</span> 
     </span>
    </p>
   </div>
   <div class='ocr_carea' id='block_1_88' title="bbox 463 5499 2043 5572">
    <p class='ocr_par' dir='ltr' id='par_1_88' title="bbox 463 5499 2043 5572">
     <span class='ocr_line' id='line_1_88' title="bbox 463 5499 2043 5572; baseline 0.001 -21"><span class='ocrx_word' id='word_1_607' title='bbox 463 5499 658 5562; x_wconf 79' lang='grc' dir='ltr'>ἄλλους</span> <span class='ocrx_word' id='word_1_608' title='bbox 681 5501 799 5553; x_wconf 79' lang='grc' dir='ltr'>ἀντ’</span> <span class='ocrx_word' id='word_1_609' title='bbox 824 5502 1052 5555; x_wconf 87' lang='grc' dir='ltr'>ἐκείνων</span> <span class='ocrx_word' id='word_1_610' title='bbox 1084 5500 1407 5555; x_wconf 79' lang='grc' dir='ltr'>ἀνθελέσθαι</span> <span class='ocrx_word' id='word_1_611' title='bbox 1451 5502 1775 5572; x_wconf 86' lang='grc' dir='ltr'>προσήκειν,</span> <span class='ocrx_word' id='word_1_612' title='bbox 1800 5502 1899 5570; x_wconf 77' lang='grc' dir='ltr'><strong>τήν</strong></span> <span class='ocrx_word' id='word_1_613' title='bbox 1933 5503 2043 5571; x_wconf 82' lang='grc' dir='ltr'>γὰρ</span> 
     </span>
    </p>
   </div>
   <div class='ocr_carea' id='block_1_89' title="bbox 463 5592 2042 5666">
    <p class='ocr_par' dir='ltr' id='par_1_89' title="bbox 463 5592 2042 5666">
     <span class='ocr_line' id='line_1_89' title="bbox 463 5592 2042 5666; baseline 0.001 -22"><span class='ocrx_word' id='word_1_614' title='bbox 463 5592 618 5645; x_wconf 87' lang='grc' dir='ltr'>πόλιν</span> <span class='ocrx_word' id='word_1_615' title='bbox 664 5594 740 5665; x_wconf 84' lang='grc' dir='ltr'>μὴ</span> <span class='ocrx_word' id='word_1_616' title='bbox 780 5593 1069 5663; x_wconf 87' lang='grc' dir='ltr'>δύνασθαι,</span> <span class='ocrx_word' id='word_1_617' title='bbox 1100 5596 1175 5666; x_wconf 80' lang='grc' dir='ltr'><strong>μὴ</strong></span> <span class='ocrx_word' id='word_1_618' title='bbox 1217 5593 1700 5666; x_wconf 72' lang='grc' dir='ltr'>προδουλευόντων</span> <span class='ocrx_word' id='word_1_619' title='bbox 1746 5592 1909 5646; x_wconf 86' lang='grc' dir='ltr'>τινῶν</span> <span class='ocrx_word' id='word_1_620' title='bbox 1934 5592 2042 5645; x_wconf 86' lang='grc' dir='ltr'>σώ-</span> 
     </span>
    </p>
   </div>
   <div class='ocr_carea' id='block_1_90' title="bbox 2141 3277 3732 3356">
    <p class='ocr_par' dir='ltr' id='par_1_90' title="bbox 2141 3277 3732 3356">
     <span class='ocr_line' id='line_1_90' title="bbox 2141 3277 3732 3356; baseline -0.007 -13"><span class='ocrx_word' id='word_1_621' title='bbox 2141 3287 2269 3343; x_wconf 90' lang='lat' dir='ltr'><strong>belli</strong></span> <span class='ocrx_word' id='word_1_622' title='bbox 2302 3283 2635 3356; x_wconf 84' lang='lat' dir='ltr'><strong>deponendi,</strong></span> <span class='ocrx_word' id='word_1_623' title='bbox 2661 3290 2718 3338; x_wconf 87' lang='lat' dir='ltr'><strong>et</strong></span> <span class='ocrx_word' id='word_1_624' title='bbox 2739 3281 2871 3339; x_wconf 90' lang='lat' dir='ltr'><strong>dum</strong></span> <span class='ocrx_word' id='word_1_625' title='bbox 2892 3281 3213 3353; x_wconf 86' lang='lat' dir='ltr'><strong>superiores</strong></span> <span class='ocrx_word' id='word_1_626' title='bbox 3231 3287 3439 3347; x_wconf 86' lang='lat' dir='ltr'><strong>essent,</strong></span> <span class='ocrx_word' id='word_1_627' title='bbox 3464 3277 3732 3335; x_wconf 71' lang='lat' dir='ltr'><strong>faciendae</strong></span> 
     </span>
    </p>
   </div>
   <div class='ocr_carea' id='block_1_91' title="bbox 2139 3370 3731 3452">
    <p class='ocr_par' dir='ltr' id='par_1_91' title="bbox 2139 3370 3731 3452">
     <span class='ocr_line' id='line_1_91' title="bbox 2139 3370 3731 3452; baseline -0.008 -16"><span class='ocrx_word' id='word_1_628' title='bbox 2139 3383 2292 3452; x_wconf 87' lang='lat' dir='ltr'><strong>pacis</strong></span> <span class='ocrx_word' id='word_1_629' title='bbox 2320 3379 2555 3443; x_wconf 88' lang='lat' dir='ltr'><strong>auctori,</strong></span> <span class='ocrx_word' id='word_1_630' title='bbox 2592 3393 2703 3432; x_wconf 90' lang='lat' dir='ltr'><strong>non</strong></span> <span class='ocrx_word' id='word_1_631' title='bbox 2760 3376 3147 3431; x_wconf 84' lang='lat' dir='ltr'><strong>auscultarunt</strong></span> <span class='ocrx_word' id='word_1_632' title='bbox 3182 3389 3198 3428; x_wconf 88' lang='lat'><strong>:</strong></span> <span class='ocrx_word' id='word_1_633' title='bbox 3242 3388 3355 3428; x_wconf 92' lang='lat' dir='ltr'><strong>non</strong></span> <span class='ocrx_word' id='word_1_634' title='bbox 3390 3380 3576 3427; x_wconf 89' lang='lat' dir='ltr'><strong>tamen</strong></span> <span class='ocrx_word' id='word_1_635' title='bbox 3630 3370 3731 3425; x_wconf 80' lang='lat' dir='ltr'><strong>de-</strong></span> 
     </span>
    </p>
   </div>
   <div class='ocr_carea' id='block_1_92' title="bbox 2140 3461 3733 3536">
    <p class='ocr_par' dir='ltr' id='par_1_92' title="bbox 2140 3461 3733 3536">
     <span class='ocr_line' id='line_1_92' title="bbox 2140 3461 3733 3536; baseline -0.008 -8"><span class='ocrx_word' id='word_1_636' title='bbox 2140 3482 2293 3528; x_wconf 84' lang='lat' dir='ltr'><strong>creta</strong></span> <span class='ocrx_word' id='word_1_637' title='bbox 2339 3469 2585 3527; x_wconf 79' lang='lat' dir='ltr'><strong>exsecuti</strong></span> <span class='ocrx_word' id='word_1_638' title='bbox 2660 3476 2814 3535; x_wconf 90' lang='lat' dir='ltr'><strong>sunt,</strong></span> <span class='ocrx_word' id='word_1_639' title='bbox 2886 3464 2985 3523; x_wconf 87' lang='lat' dir='ltr'><strong>sed</strong></span> <span class='ocrx_word' id='word_1_640' title='bbox 3049 3464 3435 3536; x_wconf 79' lang='lat' dir='ltr'><strong>neglexerunt.</strong></span> <span class='ocrx_word' id='word_1_641' title='bbox 3503 3461 3733 3517; x_wconf 86' lang='lat' dir='ltr'><strong>interim</strong></span> 
     </span>
    </p>
   </div>
   <div class='ocr_carea' id='block_1_93' title="bbox 2140 3553 3725 3631">
    <p class='ocr_par' dir='ltr' id='par_1_93' title="bbox 2140 3553 3725 3631">
     <span class='ocr_line' id='line_1_93' title="bbox 2140 3553 3725 3631; baseline -0.006 -13"><span class='ocrx_word' id='word_1_642' title='bbox 2140 3564 2375 3619; x_wconf 72' lang='lat' dir='ltr'><strong>Annibal</strong></span> <span class='ocrx_word' id='word_1_643' title='bbox 2411 3563 2463 3615; x_wconf 88' lang='lat' dir='ltr'><strong>in</strong></span> <span class='ocrx_word' id='word_1_644' title='bbox 2482 3560 2835 3631; x_wconf 89' lang='lat' dir='ltr'><strong>Campaniam</strong></span> <span class='ocrx_word' id='word_1_645' title='bbox 2856 3557 3148 3630; x_wconf 83' lang='lat' dir='ltr'><strong>processit,</strong></span> <span class='ocrx_word' id='word_1_646' title='bbox 3171 3566 3227 3613; x_wconf 85' lang='lat' dir='ltr'><strong>et</strong></span> <span class='ocrx_word' id='word_1_647' title='bbox 3255 3553 3464 3626; x_wconf 88' lang='lat' dir='ltr'><strong>oppido</strong></span> <span class='ocrx_word' id='word_1_648' title='bbox 3481 3553 3725 3625; x_wconf 91' lang='lat' dir='ltr'><strong>quodam</strong></span> 
     </span>
    </p>
   </div>
   <div class='ocr_carea' id='block_1_94' title="bbox 2142 3645 3735 3723">
    <p class='ocr_par' dir='ltr' id='par_1_94' title="bbox 2142 3645 3735 3723">
     <span class='ocr_line' id='line_1_94' title="bbox 2142 3645 3735 3723; baseline -0.008 -12"><span class='ocrx_word' id='word_1_649' title='bbox 2142 3655 2444 3711; x_wconf 77' lang='lat' dir='ltr'><strong>Samnitico</strong></span> <span class='ocrx_word' id='word_1_650' title='bbox 2479 3661 2662 3723; x_wconf 89' lang='lat' dir='ltr'><strong>capto,</strong></span> <span class='ocrx_word' id='word_1_651' title='bbox 2699 3648 2984 3721; x_wconf 84' lang='lat' dir='ltr'><strong>Neapolim</strong></span> <span class='ocrx_word' id='word_1_652' title='bbox 3030 3646 3338 3713; x_wconf 89' lang='lat' dir='ltr'><strong>contendit,</strong></span> <span class='ocrx_word' id='word_1_653' title='bbox 3387 3645 3579 3714; x_wconf 91' lang='lat' dir='ltr'><strong>paucis</strong></span> <span class='ocrx_word' id='word_1_654' title='bbox 3608 3660 3735 3700; x_wconf 91' lang='lat' dir='ltr'><strong>cum</strong></span> 
     </span>
    </p>
   </div>
   <div class='ocr_carea' id='block_1_95' title="bbox 2145 3740 3732 3819">
    <p class='ocr_par' dir='ltr' id='par_1_95' title="bbox 2145 3740 3732 3819">
     <span class='ocr_line' id='line_1_95' title="bbox 2145 3740 3732 3819; baseline -0.003 -20"><span class='ocrx_word' id='word_1_655' title='bbox 2145 3747 2322 3819; x_wconf 80' lang='lat' dir='ltr'><strong>praeda</strong></span> <span class='ocrx_word' id='word_1_656' title='bbox 2356 3743 2685 3816; x_wconf 66' lang='lat' dir='ltr'><strong>prmmissis,</strong></span> <span class='ocrx_word' id='word_1_657' title='bbox 2719 3751 2913 3798; x_wconf 87' lang='lat' dir='ltr'><strong>contra</strong></span> <span class='ocrx_word' id='word_1_658' title='bbox 2949 3757 3090 3813; x_wconf 91' lang='lat' dir='ltr'><strong>quos</strong></span> <span class='ocrx_word' id='word_1_659' title='bbox 3119 3740 3406 3811; x_wconf 90' lang='lat' dir='ltr'><strong>oppidani,</strong></span> <span class='ocrx_word' id='word_1_660' title='bbox 3441 3750 3504 3795; x_wconf 93' lang='lat' dir='ltr'><strong>ut</strong></span> <span class='ocrx_word' id='word_1_661' title='bbox 3565 3741 3732 3803; x_wconf 87' lang='lat' dir='ltr'><strong>solos,</strong></span> 
     </span>
    </p>
   </div>
   <div class='ocr_carea' id='block_1_96' title="bbox 2141 3832 3721 3907">
    <p class='ocr_par' dir='ltr' id='par_1_96' title="bbox 2141 3832 3721 3907">
     <span class='ocr_line' id='line_1_96' title="bbox 2141 3832 3721 3907; baseline -0.006 -13"><span class='ocrx_word' id='word_1_662' title='bbox 2141 3840 2469 3895; x_wconf 75' lang='lat' dir='ltr'><strong>excursione</strong></span> <span class='ocrx_word' id='word_1_663' title='bbox 2499 3840 2663 3904; x_wconf 84' lang='lat' dir='ltr'><strong>facta,</strong></span> <span class='ocrx_word' id='word_1_664' title='bbox 2703 3836 3006 3907; x_wconf 90' lang='lat' dir='ltr'><strong>improviso</strong></span> <span class='ocrx_word' id='word_1_665' title='bbox 3081 3834 3230 3891; x_wconf 88' lang='lat' dir='ltr'><strong>illius</strong></span> <span class='ocrx_word' id='word_1_666' title='bbox 3278 3833 3545 3897; x_wconf 86' lang='lat' dir='ltr'><strong>adventu,</strong></span> <span class='ocrx_word' id='word_1_667' title='bbox 3596 3832 3721 3886; x_wconf 70' lang='lat' dir='ltr'><strong>eazsi</strong></span> 
     </span>
    </p>
   </div>
   <div class='ocr_carea' id='block_1_97' title="bbox 2143 3924 3721 4001">
    <p class='ocr_par' dir='ltr' id='par_1_97' title="bbox 2143 3924 3721 4001">
     <span class='ocr_line' id='line_1_97' title="bbox 2143 3924 3721 4001; baseline -0.005 -14"><span class='ocrx_word' id='word_1_668' title='bbox 2143 3942 2273 3988; x_wconf 86' lang='lat' dir='ltr'><strong>sunt</strong></span> <span class='ocrx_word' id='word_1_669' title='bbox 2326 3946 2519 4001; x_wconf 83' lang='lat' dir='ltr'><strong>magna</strong></span> <span class='ocrx_word' id='word_1_670' title='bbox 2544 3946 2612 3985; x_wconf 82' lang='lat' dir='ltr'><strong>ex</strong></span> <span class='ocrx_word' id='word_1_671' title='bbox 2658 3928 3101 3999; x_wconf 80' lang='lat' dir='ltr'><strong>partez-urbem</strong></span> <span class='ocrx_word' id='word_1_672' title='bbox 3161 3936 3346 3983; x_wconf 88' lang='lat' dir='ltr'><strong>tamen</strong></span> <span class='ocrx_word' id='word_1_673' title='bbox 3384 3941 3494 3981; x_wconf 91' lang='lat' dir='ltr'><strong>non</strong></span> <span class='ocrx_word' id='word_1_674' title='bbox 3548 3924 3721 3995; x_wconf 87' lang='lat' dir='ltr'><strong>cepit,</strong></span> 
     </span>
    </p>
   </div>
   <div class='ocr_carea' id='block_1_98' title="bbox 2144 4016 3732 4093">
    <p class='ocr_par' dir='ltr' id='par_1_98' title="bbox 2144 4016 3732 4093">
     <span class='ocr_line' id='line_1_98' title="bbox 2144 4016 3732 4093; baseline -0.005 -16"><span class='ocrx_word' id='word_1_675' title='bbox 2144 4040 2323 4093; x_wconf 85' lang='lat' dir='ltr'><strong>neque</strong></span> <span class='ocrx_word' id='word_1_676' title='bbox 2382 4019 2659 4075; x_wconf 88' lang='lat' dir='ltr'><strong>obsidioni</strong></span> <span class='ocrx_word' id='word_1_677' title='bbox 2707 4019 2859 4075; x_wconf 91' lang='lat' dir='ltr'><strong>illius</strong></span> <span class='ocrx_word' id='word_1_678' title='bbox 2915 4019 3010 4078; x_wconf 93' lang='lat' dir='ltr'><strong>diu</strong></span> <span class='ocrx_word' id='word_1_679' title='bbox 3073 4019 3399 4073; x_wconf 89' lang='lat' dir='ltr'><strong>immoratus</strong></span> <span class='ocrx_word' id='word_1_680' title='bbox 3439 4026 3544 4072; x_wconf 89' lang='lat' dir='ltr'><strong>est.</strong></span> <span class='ocrx_word' id='word_1_681' title='bbox 3592 4016 3732 4071; x_wconf 82' lang='lat' dir='ltr'><strong>Nam</strong></span> 
     </span>
    </p>
   </div>
   <div class='ocr_carea' id='block_1_99' title="bbox 2141 4109 3729 4185">
    <p class='ocr_par' dir='ltr' id='par_1_99' title="bbox 2141 4109 3729 4185">
     <span class='ocr_line' id='line_1_99' title="bbox 2141 4109 3729 4185; baseline -0.006 -13"><span class='ocrx_word' id='word_1_682' title='bbox 2141 4114 2388 4185; x_wconf 51' lang='lat' dir='ltr'><strong>Capuani</strong></span> <span class='ocrx_word' id='word_1_683' title='bbox 2423 4129 2546 4169; x_wconf 90' lang='lat' dir='ltr'><strong>cum</strong></span> <span class='ocrx_word' id='word_1_684' title='bbox 2574 4111 2772 4183; x_wconf 87' lang='lat' dir='ltr'><strong>partim</strong></span> <span class='ocrx_word' id='word_1_685' title='bbox 2809 4112 3186 4167; x_wconf 77' lang='lat' dir='ltr'><strong>Romanorum</strong></span> <span class='ocrx_word' id='word_1_686' title='bbox 3235 4109 3537 4165; x_wconf 88' lang='lat' dir='ltr'><strong>amicitiam</strong></span> <span class='ocrx_word' id='word_1_687' title='bbox 3578 4109 3729 4164; x_wconf 86' lang='lat' dir='ltr'><strong>cole-</strong></span> 
     </span>
    </p>
   </div>
   <div class='ocr_carea' id='block_1_100' title="bbox 2143 4197 3727 4279">
    <p class='ocr_par' dir='ltr' id='par_1_100' title="bbox 2143 4197 3727 4279">
     <span class='ocr_line' id='line_1_100' title="bbox 2143 4197 3727 4279; baseline -0.009 -14"><span class='ocrx_word' id='word_1_688' title='bbox 2143 4218 2287 4271; x_wconf 89' lang='lat' dir='ltr'><strong>rent,</strong></span> <span class='ocrx_word' id='word_1_689' title='bbox 2320 4206 2519 4279; x_wconf 78' lang='lat' dir='ltr'><strong>partim</strong></span> <span class='ocrx_word' id='word_1_690' title='bbox 2559 4202 2821 4259; x_wconf 85' lang='lat' dir='ltr'><strong>Annibali</strong></span> <span class='ocrx_word' id='word_1_691' title='bbox 2863 4202 3175 4267; x_wconf 90' lang='lat' dir='ltr'><strong>studerent,</strong></span> <span class='ocrx_word' id='word_1_692' title='bbox 3232 4207 3523 4271; x_wconf 89' lang='lat' dir='ltr'><strong>postquam</strong></span> <span class='ocrx_word' id='word_1_693' title='bbox 3572 4197 3619 4253; x_wconf 90' lang='lat' dir='ltr'><strong>is</strong></span> <span class='ocrx_word' id='word_1_694' title='bbox 3670 4199 3727 4251; x_wconf 89' lang='lat' dir='ltr'><strong>in</strong></span> 
     </span>
    </p>
   </div>
   <div class='ocr_carea' id='block_1_101' title="bbox 2141 4292 3718 4368">
    <p class='ocr_par' dir='ltr' id='par_1_101' title="bbox 2141 4292 3718 4368">
     <span class='ocr_line' id='line_1_101' title="bbox 2141 4292 3718 4368; baseline -0.008 -8"><span class='ocrx_word' id='word_1_695' title='bbox 2141 4303 2346 4360; x_wconf 88' lang='lat' dir='ltr'><strong>Cannis</strong></span> <span class='ocrx_word' id='word_1_696' title='bbox 2367 4302 2562 4364; x_wconf 84' lang='lat' dir='ltr'><strong>victor,</strong></span> <span class='ocrx_word' id='word_1_697' title='bbox 2602 4298 2815 4368; x_wconf 87' lang='lat' dir='ltr'><strong>aliquot</strong></span> <span class='ocrx_word' id='word_1_698' title='bbox 2841 4310 3034 4352; x_wconf 91' lang='lat' dir='ltr'><strong>eorum</strong></span> <span class='ocrx_word' id='word_1_699' title='bbox 3060 4295 3213 4352; x_wconf 84' lang='lat' dir='ltr'><strong>cives</strong></span> <span class='ocrx_word' id='word_1_700' title='bbox 3260 4304 3451 4365; x_wconf 89' lang='lat' dir='ltr'><strong>captos</strong></span> <span class='ocrx_word' id='word_1_701' title='bbox 3491 4292 3718 4348; x_wconf 88' lang='lat' dir='ltr'><strong>dimise-</strong></span> 
     </span>
    </p>
   </div>
   <div class='ocr_carea' id='block_1_102' title="bbox 2146 4381 3742 4453">
    <p class='ocr_par' dir='ltr' id='par_1_102' title="bbox 2146 4381 3742 4453">
     <span class='ocr_line' id='line_1_102' title="bbox 2146 4381 3742 4453; baseline -0.009 -3"><span class='ocrx_word' id='word_1_702' title='bbox 2146 4403 2272 4450; x_wconf 86' lang='lat' dir='ltr'><strong>rat:</strong></span> <span class='ocrx_word' id='word_1_703' title='bbox 2307 4391 2608 4449; x_wconf 87' lang='lat' dir='ltr'><strong>multitudo</strong></span> <span class='ocrx_word' id='word_1_704' title='bbox 2637 4388 2704 4444; x_wconf 91' lang='lat' dir='ltr'><strong>ad</strong></span> <span class='ocrx_word' id='word_1_705' title='bbox 2733 4401 2860 4443; x_wconf 89' lang='lat' dir='ltr'><strong>eum</strong></span> <span class='ocrx_word' id='word_1_706' title='bbox 2908 4385 3149 4443; x_wconf 84' lang='lat' dir='ltr'><strong>deﬁcere</strong></span> <span class='ocrx_word' id='word_1_707' title='bbox 3198 4382 3397 4449; x_wconf 83' lang='lat' dir='ltr'><strong>voluit,</strong></span> <span class='ocrx_word' id='word_1_708' title='bbox 3446 4381 3742 4453; x_wconf 84' lang='lat' dir='ltr'><strong>optimates</strong></span> 
     </span>
    </p>
   </div>
   <div class='ocr_carea' id='block_1_103' title="bbox 2145 4478 3740 4555">
    <p class='ocr_par' dir='ltr' id='par_1_103' title="bbox 2145 4478 3740 4555">
     <span class='ocr_line' id='line_1_103' title="bbox 2145 4478 3740 4555; baseline -0.007 -12"><span class='ocrx_word' id='word_1_709' title='bbox 2145 4496 2328 4543; x_wconf 89' lang='lat' dir='ltr'><strong>autem</strong></span> <span class='ocrx_word' id='word_1_710' title='bbox 2356 4482 2678 4555; x_wconf 87' lang='lat' dir='ltr'><strong>aliquandiu</strong></span> <span class='ocrx_word' id='word_1_711' title='bbox 2711 4482 3069 4538; x_wconf 89' lang='lat' dir='ltr'><strong>distulerunt.</strong></span> <span class='ocrx_word' id='word_1_712' title='bbox 3102 4478 3309 4536; x_wconf 89' lang='lat' dir='ltr'><strong>Deinde</strong></span> <span class='ocrx_word' id='word_1_713' title='bbox 3336 4494 3461 4535; x_wconf 85' lang='lat' dir='ltr'><strong>cum</strong></span> <span class='ocrx_word' id='word_1_714' title='bbox 3488 4478 3545 4533; x_wconf 91' lang='lat' dir='ltr'><strong>in</strong></span> <span class='ocrx_word' id='word_1_715' title='bbox 3584 4478 3740 4535; x_wconf 81' lang='lat' dir='ltr'><strong>curia</strong></span> 
     </span>
    </p>
   </div>
   <div class='ocr_carea' id='block_1_104' title="bbox 2146 4566 3738 4646">
    <p class='ocr_par' dir='ltr' id='par_1_104' title="bbox 2146 4566 3738 4646">
     <span class='ocr_line' id='line_1_104' title="bbox 2146 4566 3738 4646; baseline -0.011 -12"><span class='ocrx_word' id='word_1_716' title='bbox 2146 4578 2517 4641; x_wconf 89' lang='lat' dir='ltr'><strong>convenisset,</strong></span> <span class='ocrx_word' id='word_1_717' title='bbox 2548 4576 2756 4646; x_wconf 85' lang='lat' dir='ltr'><strong>impetu</strong></span> <span class='ocrx_word' id='word_1_718' title='bbox 2811 4571 2995 4645; x_wconf 87' lang='lat' dir='ltr'><strong>populi</strong></span> <span class='ocrx_word' id='word_1_719' title='bbox 3054 4583 3248 4624; x_wconf 89' lang='lat' dir='ltr'><strong>omnes</strong></span> <span class='ocrx_word' id='word_1_720' title='bbox 3297 4566 3466 4624; x_wconf 83' lang='lat' dir='ltr'><strong>occisi</strong></span> <span class='ocrx_word' id='word_1_721' title='bbox 3528 4574 3738 4629; x_wconf 59' lang='lat' dir='ltr'><strong>essent,</strong></span> 
     </span>
    </p>
   </div>
   <div class='ocr_carea' id='block_1_105' title="bbox 2146 4662 3739 4743">
    <p class='ocr_par' dir='ltr' id='par_1_105' title="bbox 2146 4662 3739 4743">
     <span class='ocr_line' id='line_1_105' title="bbox 2146 4662 3739 4743; baseline -0.009 -16"><span class='ocrx_word' id='word_1_722' title='bbox 2146 4673 2248 4728; x_wconf 42' lang='lat' dir='ltr'><strong>nisi</strong></span> <span class='ocrx_word' id='word_1_723' title='bbox 2306 4672 2532 4743; x_wconf 89' lang='lat' dir='ltr'><strong>quidam</strong></span> <span class='ocrx_word' id='word_1_724' title='bbox 2555 4686 2623 4726; x_wconf 79' lang='lat' dir='ltr'><strong>ex</strong></span> <span class='ocrx_word' id='word_1_725' title='bbox 2645 4669 2830 4741; x_wconf 88' lang='lat' dir='ltr'><strong>plebe,</strong></span> <span class='ocrx_word' id='word_1_726' title='bbox 2886 4665 3235 4724; x_wconf 86' lang='lat' dir='ltr'><strong>considerata</strong></span> <span class='ocrx_word' id='word_1_727' title='bbox 3283 4662 3409 4718; x_wconf 89' lang='lat' dir='ltr'><strong>mali</strong></span> <span class='ocrx_word' id='word_1_728' title='bbox 3459 4665 3739 4731; x_wconf 77' lang='lat' dir='ltr'><strong>magnitu-</strong></span> 
     </span>
    </p>
   </div>
   <div class='ocr_carea' id='block_1_106' title="bbox 2145 4752 3739 4829">
    <p class='ocr_par' dir='ltr' id='par_1_106' title="bbox 2145 4752 3739 4829">
     <span class='ocr_line' id='line_1_106' title="bbox 2145 4752 3739 4829; baseline -0.009 -10"><span class='ocrx_word' id='word_1_729' title='bbox 2145 4766 2298 4829; x_wconf 87' lang='lat' dir='ltr'><strong>dine,</strong></span> <span class='ocrx_word' id='word_1_730' title='bbox 2349 4773 2636 4820; x_wconf 80' lang='lat' dir='ltr'><strong>senatores</strong></span> <span class='ocrx_word' id='word_1_731' title='bbox 2684 4772 2745 4817; x_wconf 91' lang='lat' dir='ltr'><strong>ut</strong></span> <span class='ocrx_word' id='word_1_732' title='bbox 2780 4759 2951 4816; x_wconf 84' lang='lat' dir='ltr'><strong>exitio</strong></span> <span class='ocrx_word' id='word_1_733' title='bbox 2993 4758 3190 4829; x_wconf 89' lang='lat' dir='ltr'><strong>dignos</strong></span> <span class='ocrx_word' id='word_1_734' title='bbox 3243 4762 3582 4816; x_wconf 88' lang='lat' dir='ltr'><strong>accusasset,</strong></span> <span class='ocrx_word' id='word_1_735' title='bbox 3643 4752 3739 4806; x_wconf 90' lang='lat' dir='ltr'><strong>sed</strong></span> 
     </span>
    </p>
   </div>
   <div class='ocr_carea' id='block_1_107' title="bbox 2108 4844 3741 4927">
    <p class='ocr_par' dir='ltr' id='par_1_107' title="bbox 2108 4844 3741 4927">
     <span class='ocr_line' id='line_1_107' title="bbox 2108 4844 3741 4927; baseline -0.009 -16"><span class='ocrx_word' id='word_1_736' title='bbox 2108 4866 2111 4873; x_wconf 91' lang='lat'><em>‘</em></span> <span class='ocrx_word' id='word_1_737' title='bbox 2142 4847 2302 4927; x_wconf 83' lang='lat' dir='ltr'><strong>prius</strong></span> <span class='ocrx_word' id='word_1_738' title='bbox 2329 4856 2465 4910; x_wconf 90' lang='lat' dir='ltr'><strong>alios</strong></span> <span class='ocrx_word' id='word_1_739' title='bbox 2489 4856 2571 4910; x_wconf 90' lang='lat' dir='ltr'><strong>eis</strong></span> <span class='ocrx_word' id='word_1_740' title='bbox 2594 4852 2975 4926; x_wconf 79' lang='lat' dir='ltr'><strong>subrogandos</strong></span> <span class='ocrx_word' id='word_1_741' title='bbox 2999 4865 3122 4906; x_wconf 84' lang='lat' dir='ltr'><strong>esse</strong></span> <span class='ocrx_word' id='word_1_742' title='bbox 3145 4849 3398 4911; x_wconf 75' lang='lat' dir='ltr'><strong>dixisset,</strong></span> <span class='ocrx_word' id='word_1_743' title='bbox 3431 4846 3579 4917; x_wconf 85' lang='lat' dir='ltr'><strong>quod</strong></span> <span class='ocrx_word' id='word_1_744' title='bbox 3606 4844 3741 4899; x_wconf 86' lang='lat' dir='ltr'><strong>urbs</strong></span> 
     </span>
    </p>
   </div>
   <div class='ocr_carea' id='block_1_108' title="bbox 2145 4938 3742 5013">
    <p class='ocr_par' dir='ltr' id='par_1_108' title="bbox 2145 4938 3742 5013">
     <span class='ocr_line' id='line_1_108' title="bbox 2145 4938 3742 5013; baseline -0.009 -8"><span class='ocrx_word' id='word_1_745' title='bbox 2145 4952 2265 5005; x_wconf 87' lang='lat' dir='ltr'><strong>sine</strong></span> <span class='ocrx_word' id='word_1_746' title='bbox 2294 4947 2529 5005; x_wconf 89' lang='lat' dir='ltr'><strong>consilio</strong></span> <span class='ocrx_word' id='word_1_747' title='bbox 2559 4947 2707 5002; x_wconf 87' lang='lat' dir='ltr'><strong>salva</strong></span> <span class='ocrx_word' id='word_1_748' title='bbox 2757 4960 2880 5001; x_wconf 87' lang='lat' dir='ltr'><strong>esse</strong></span> <span class='ocrx_word' id='word_1_749' title='bbox 2926 4960 3034 4999; x_wconf 91' lang='lat' dir='ltr'><strong>non</strong></span> <span class='ocrx_word' id='word_1_750' title='bbox 3067 4956 3271 5013; x_wconf 88' lang='lat' dir='ltr'><strong>posset.</strong></span> <span class='ocrx_word' id='word_1_751' title='bbox 3327 4938 3430 4996; x_wconf 88' lang='lat' dir='ltr'><strong>Cui</strong></span> <span class='ocrx_word' id='word_1_752' title='bbox 3465 4954 3589 4995; x_wconf 89' lang='lat' dir='ltr'><strong>cum</strong></span> <span class='ocrx_word' id='word_1_753' title='bbox 3639 4938 3742 4991; x_wconf 81' lang='lat' dir='ltr'><strong>Ca-</strong></span> 
     </span>
    </p>
   </div>
   <div class='ocr_carea' id='block_1_109' title="bbox 2148 5027 3741 5110">
    <p class='ocr_par' dir='ltr' id='par_1_109' title="bbox 2148 5027 3741 5110">
     <span class='ocr_line' id='line_1_109' title="bbox 2148 5027 3741 5110; baseline -0.009 -16"><span class='ocrx_word' id='word_1_754' title='bbox 2148 5040 2315 5110; x_wconf 86' lang='lat' dir='ltr'><strong>pnani</strong></span> <span class='ocrx_word' id='word_1_755' title='bbox 2358 5041 2868 5109; x_wconf 83' lang='lat' dir='ltr'><strong>obtemperassent,</strong></span> <span class='ocrx_word' id='word_1_756' title='bbox 2927 5036 3158 5107; x_wconf 70' lang='lat' dir='ltr'><strong>singulis</strong></span> <span class='ocrx_word' id='word_1_757' title='bbox 3193 5050 3223 5088; x_wconf 90' lang='lat' dir='ltr'><strong>e</strong></span> <span class='ocrx_word' id='word_1_758' title='bbox 3277 5032 3428 5086; x_wconf 83' lang='lat' dir='ltr'><strong>curia</strong></span> <span class='ocrx_word' id='word_1_759' title='bbox 3456 5027 3741 5099; x_wconf 82' lang='lat' dir='ltr'><strong>ejiciendis</strong></span> 
     </span>
    </p>
   </div>
   <div class='ocr_carea' id='block_1_110' title="bbox 2149 5123 3740 5201">
    <p class='ocr_par' dir='ltr' id='par_1_110' title="bbox 2149 5123 3740 5201">
     <span class='ocr_line' id='line_1_110' title="bbox 2149 5123 3740 5201; baseline -0.009 -15"><span class='ocrx_word' id='word_1_760' title='bbox 2149 5131 2561 5187; x_wconf 84' lang='lat' dir='ltr'><strong>multitudinem</strong></span> <span class='ocrx_word' id='word_1_761' title='bbox 2590 5131 2839 5201; x_wconf 87' lang='lat' dir='ltr'><strong>rogabat,</strong></span> <span class='ocrx_word' id='word_1_762' title='bbox 2870 5143 3141 5199; x_wconf 84' lang='lat' dir='ltr'><strong>quosnam</strong></span> <span class='ocrx_word' id='word_1_763' title='bbox 3169 5126 3383 5179; x_wconf 65' lang='lat' dir='ltr'><strong>illorum</strong></span> <span class='ocrx_word' id='word_1_764' title='bbox 3412 5123 3534 5176; x_wconf 88' lang='lat' dir='ltr'><strong>loco</strong></span> <span class='ocrx_word' id='word_1_765' title='bbox 3585 5134 3740 5174; x_wconf 78' lang='lat' dir='ltr'><strong>crea-</strong></span> 
     </span>
    </p>
   </div>
   <div class='ocr_carea' id='block_1_111' title="bbox 2152 5213 3738 5294">
    <p class='ocr_par' dir='ltr' id='par_1_111' title="bbox 2152 5213 3738 5294">
     <span class='ocr_line' id='line_1_111' title="bbox 2152 5213 3738 5294; baseline -0.011 -14"><span class='ocrx_word' id='word_1_766' title='bbox 2152 5236 2318 5291; x_wconf 84' lang='lat' dir='ltr'><strong>rent,</strong></span> <span class='ocrx_word' id='word_1_767' title='bbox 2355 5235 2560 5280; x_wconf 89' lang='lat' dir='ltr'><strong>etcum</strong></span> <span class='ocrx_word' id='word_1_768' title='bbox 2603 5224 2805 5294; x_wconf 76' lang='lat' dir='ltr'><strong>exiguo</strong></span> <span class='ocrx_word' id='word_1_769' title='bbox 2853 5234 3101 5291; x_wconf 90' lang='lat' dir='ltr'><strong>tempore</strong></span> <span class='ocrx_word' id='word_1_770' title='bbox 3159 5219 3297 5273; x_wconf 85' lang='lat' dir='ltr'><strong>alios</strong></span> <span class='ocrx_word' id='word_1_771' title='bbox 3344 5213 3593 5269; x_wconf 79' lang='lat' dir='ltr'><strong>suﬂiccre</strong></span> <span class='ocrx_word' id='word_1_772' title='bbox 3628 5226 3738 5265; x_wconf 84' lang='lat' dir='ltr'><strong>non</strong></span> 
     </span>
    </p>
   </div>
   <div class='ocr_carea' id='block_1_112' title="bbox 2148 5304 3734 5387">
    <p class='ocr_par' dir='ltr' id='par_1_112' title="bbox 2148 5304 3734 5387">
     <span class='ocr_line' id='line_1_112' title="bbox 2148 5304 3734 5387; baseline -0.009 -17"><span class='ocrx_word' id='word_1_773' title='bbox 2148 5328 2396 5387; x_wconf 84' lang='lat' dir='ltr'><strong>possent,</strong></span> <span class='ocrx_word' id='word_1_774' title='bbox 2446 5330 2641 5371; x_wconf 90' lang='lat' dir='ltr'><strong>omnes</strong></span> <span class='ocrx_word' id='word_1_775' title='bbox 2683 5315 2809 5369; x_wconf 90' lang='lat' dir='ltr'><strong>illos</strong></span> <span class='ocrx_word' id='word_1_776' title='bbox 2860 5321 2925 5368; x_wconf 90' lang='lat' dir='ltr'><strong>ut</strong></span> <span class='ocrx_word' id='word_1_777' title='bbox 2975 5309 3322 5366; x_wconf 86' lang='lat' dir='ltr'><strong>necessarios</strong></span> <span class='ocrx_word' id='word_1_778' title='bbox 3351 5304 3734 5359; x_wconf 87' lang='lat' dir='ltr'><strong>dimiserunt:</strong></span> 
     </span>
    </p>
   </div>
   <div class='ocr_carea' id='block_1_113' title="bbox 2146 5396 3739 5473">
    <p class='ocr_par' dir='ltr' id='par_1_113' title="bbox 2146 5396 3739 5473">
     <span class='ocr_line' id='line_1_113' title="bbox 2146 5396 3739 5473; baseline -0.011 -9"><span class='ocrx_word' id='word_1_779' title='bbox 2146 5420 2204 5464; x_wconf 84' lang='lat' dir='ltr'><strong>et</strong></span> <span class='ocrx_word' id='word_1_780' title='bbox 2233 5410 2376 5463; x_wconf 91' lang='lat' dir='ltr'><strong>inter</strong></span> <span class='ocrx_word' id='word_1_781' title='bbox 2401 5422 2461 5463; x_wconf 86' lang='lat' dir='ltr'><strong>se</strong></span> <span class='ocrx_word' id='word_1_782' title='bbox 2490 5405 2847 5467; x_wconf 83' lang='lat' dir='ltr'><strong>reconciliati,</strong></span> <span class='ocrx_word' id='word_1_783' title='bbox 2883 5417 3073 5473; x_wconf 67' lang='lat' dir='ltr'><strong>pacem</strong></span> <span class='ocrx_word' id='word_1_784' title='bbox 3097 5415 3222 5454; x_wconf 89' lang='lat' dir='ltr'><strong>cum</strong></span> <span class='ocrx_word' id='word_1_785' title='bbox 3265 5397 3536 5453; x_wconf 82' lang='lat' dir='ltr'><strong>Annibale</strong></span> <span class='ocrx_word' id='word_1_786' title='bbox 3591 5396 3739 5451; x_wconf 76' lang='lat' dir='ltr'><strong>fece-</strong></span> 
     </span>
    </p>
   </div>
   <div class='ocr_carea' id='block_1_114' title="bbox 2151 5487 3735 5566">
    <p class='ocr_par' dir='ltr' id='par_1_114' title="bbox 2151 5487 3735 5566">
     <span class='ocr_line' id='line_1_114' title="bbox 2151 5487 3735 5566; baseline -0.009 -12"><span class='ocrx_word' id='word_1_787' title='bbox 2151 5509 2300 5554; x_wconf 89' lang='lat' dir='ltr'><strong>runt.</strong></span> <span class='ocrx_word' id='word_1_788' title='bbox 2335 5499 2438 5566; x_wconf 79' lang='lat' dir='ltr'><strong>Qui</strong></span> <span class='ocrx_word' id='word_1_789' title='bbox 2465 5499 2743 5563; x_wconf 85' lang='lat' dir='ltr'><strong>celeriter,</strong></span> <span class='ocrx_word' id='word_1_790' title='bbox 2763 5496 2973 5550; x_wconf 85' lang='lat' dir='ltr'><strong>&#39;relicla</strong></span> <span class='ocrx_word' id='word_1_791' title='bbox 3001 5492 3248 5562; x_wconf 79' lang='lat' dir='ltr'><strong>Neapoli,</strong></span> <span class='ocrx_word' id='word_1_792' title='bbox 3283 5489 3524 5560; x_wconf 87' lang='lat' dir='ltr'><strong>Capuam</strong></span> <span class='ocrx_word' id='word_1_793' title='bbox 3561 5487 3735 5551; x_wconf 85' lang='lat' dir='ltr'><strong>venit,</strong></span> 
     </span>
    </p>
   </div>
   <div class='ocr_carea' id='block_1_115' title="bbox 2150 5579 3739 5662">
    <p class='ocr_par' dir='ltr' id='par_1_115' title="bbox 2150 5579 3739 5662">
     <span class='ocr_line' id='line_1_115' title="bbox 2150 5579 3739 5662; baseline -0.011 -14"><span class='ocrx_word' id='word_1_794' title='bbox 2150 5601 2203 5648; x_wconf 88' lang='lat' dir='ltr'><strong>ct</strong></span> <span class='ocrx_word' id='word_1_795' title='bbox 2234 5609 2335 5662; x_wconf 88' lang='lat' dir='ltr'><strong>pro</strong></span> <span class='ocrx_word' id='word_1_796' title='bbox 2360 5590 2628 5645; x_wconf 88' lang='lat' dir='ltr'><strong>concione</strong></span> <span class='ocrx_word' id='word_1_797' title='bbox 2679 5597 2802 5660; x_wconf 88' lang='lat' dir='ltr'><strong>post</strong></span> <span class='ocrx_word' id='word_1_798' title='bbox 2832 5588 2999 5641; x_wconf 83' lang='lat' dir='ltr'><strong>nndta</strong></span> <span class='ocrx_word' id='word_1_799' title='bbox 3033 5584 3196 5657; x_wconf 65' lang='grc'><strong>421</strong></span> <span class='ocrx_word' id='word_1_800' title='bbox 3238 5585 3342 5637; x_wconf 69' lang='lat' dir='ltr'><strong>alia</strong></span> <span class='ocrx_word' id='word_1_801' title='bbox 3372 5590 3523 5652; x_wconf 85' lang='lat' dir='ltr'><strong>grata</strong></span> <span class='ocrx_word' id='word_1_802' title='bbox 3588 5579 3739 5633; x_wconf 74' lang='lat' dir='ltr'><strong>auri-</strong></span> 
     </span>
    </p>
   </div>
   <div class='ocr_carea' id='block_1_116' title="bbox 1651 5746 2541 5810">
    <p class='ocr_par' dir='ltr' id='par_1_116' title="bbox 1651 5746 2541 5810">
     <span class='ocr_line' id='line_1_116' title="bbox 1651 5746 2541 5810; baseline -0.003 -1"><span class='ocrx_word' id='word_1_803' title='bbox 1651 5748 1863 5810; x_wconf 66' lang='lat' dir='ltr'><strong>Varire</strong></span> <span class='ocrx_word' id='word_1_804' title='bbox 1902 5746 2215 5809; x_wconf 71' lang='lat' dir='ltr'><strong>lectioni-:5</strong></span> <span class='ocrx_word' id='word_1_805' title='bbox 2250 5754 2311 5806; x_wconf 91' lang='lat' dir='ltr'><strong>et</strong></span> <span class='ocrx_word' id='word_1_806' title='bbox 2349 5753 2541 5806; x_wconf 68' lang='lat' dir='ltr'><strong>notm.</strong></span> 
     </span>
    </p>
   </div>
   <div class='ocr_carea' id='block_1_117' title="bbox 540 5860 2036 5947">
    <p class='ocr_par' dir='ltr' id='par_1_117' title="bbox 540 5860 2024 5947">
     <span class='ocr_line' id='line_1_117' title="bbox 540 5860 2024 5947; baseline -0.004 -13"><span class='ocrx_word' id='word_1_807' title='bbox 540 5879 652 5943; x_wconf 79' lang='grc'><strong>(54)</strong></span> <span class='ocrx_word' id='word_1_808' title='bbox 683 5874 976 5940; x_wconf 81' lang='grc' dir='ltr'>Ἑαυτοὺς</span> <span class='ocrx_word' id='word_1_809' title='bbox 1036 5874 1508 5944; x_wconf 75' lang='grc' dir='ltr'>κατεχρήσαντο.</span> <span class='ocrx_word' id='word_1_810' title='bbox 1555 5860 2024 5947; x_wconf 72' lang='grc' dir='ltr'>Καταχρήσατθαι</span> 
     </span>
    </p>
   </div>
   <div class='ocr_carea' id='block_1_118' title="bbox 2136 5860 3459 5947">
    <p class='ocr_par' dir='ltr' id='par_1_118' title="bbox 2136 5870 3459 5943">
     <span class='ocr_line' id='line_1_118' title="bbox 2136 5870 3459 5943; baseline -0.006 -13"><span class='ocrx_word' id='word_1_811' title='bbox 2136 5892 2165 5930; x_wconf 93' lang='lat' dir='ltr'><strong>o</strong></span> <span class='ocrx_word' id='word_1_812' title='bbox 2198 5872 2602 5942; x_wconf 63' lang='grc' dir='ltr'>διιχρήσλσθαι</span> <span class='ocrx_word' id='word_1_813' title='bbox 2638 5884 2871 5943; x_wconf 78' lang='lat' dir='ltr'><strong>usurpat</strong></span> <span class='ocrx_word' id='word_1_814' title='bbox 2908 5871 3163 5928; x_wconf 78' lang='lat' dir='ltr'><strong>crebrius</strong></span> <span class='ocrx_word' id='word_1_815' title='bbox 3196 5870 3459 5926; x_wconf 77' lang='lat' dir='ltr'><strong>Zonaras.</strong></span> 
     </span>
    </p>
   </div>
  </div>
