4024 6396
296 351 403 413 ’ῖίῦ

1565 346 1893 410 JOANNIS
1924 342 2249 407 ΖΟΝΑΡιιΈ

3468 342 3579 407 ’120

294 465 419 530 ltus,
456 463 623 520 Italire
646 464 1015 535 principatum
1042 464 1126 520 eis
1158 463 1432 535 promisit,
1466 472 1527 518 ut
1554 477 1649 531 spe
1676 459 1875 524 erecti,

1985 456 2196 521 ζεσθαι.
2223 453 2568 508 Πεισοέντων
2598 453 2654 506 δὲ
2694 452 2805 507 τῶν
2836 453 2895 508 ἐν
2919 455 2986 525 τῇ
3029 452 3258 524 Καπύῃ,
3291 452 3578 509 ἐκϐάλλων

291 572 348 610 se
371 572 470 627 pro
502 560 812 627 semetipsis
835 557 1087 611 laborare
1120 556 1360 611 alacrius
1384 564 1716 625 pugnarent.
1745 552 1877 606 Post

290 649 489 721 Capua:
544 651 916 707 defectionem
966 651 1133 706 etiam
1205 649 1417 719 reliqua
1464 645 1763 716 Campania
1823 644 1880 697 iu

290 753 441 797 motu
472 744 574 799 fuit
600 762 615 799 :
647 746 806 814 cujus
837 743 1204 798 defectionem
1229 741 1494 795 Romanis
1521 755 1663 809 aegre
1698 736 1883 792 fcren-

293 836 461 899 tibus,
510 835 749 890 Annibal
817 834 1130 889 Nucerinos
1192 830 1549 903 oppugnavit.
1611 828 1880 895 Quicum

289 927 702 988 obsiderentur,
737 926 993 981 inutilem
1042 933 1261 980 aetatem
1294 925 1364 978 ob
1414 920 1757 977 cibariorum
1787 934 1884 990 pe-

290 1019 509 1073 nuriam
539 1018 872 1088 expulerunt
904 1033 917 1070 :
952 1032 1092 1086 quos
1124 1014 1361 1070 Annibal
1388 1030 1501 1068 non
1534 1012 1763 1082 recepit,
1786 1026 1884 1066 ne-

290 1127 399 1180 que
437 1112 546 1167 alio
576 1127 741 1182 quam
775 1113 828 1165 in
875 1111 1067 1165 urbem
1108 1108 1377 1164 redeundi
1411 1114 1738 1178 potestatem
1786 1103 1885 1158 dc-

289 1206 393 1260 dit.
424 1206 792 1272 Quamobrem
822 1204 1006 1259 caeteri
1051 1217 1275 1273 quoque
1306 1215 1433 1256 cum
1462 1215 1570 1255 una
1614 1207 1772 1281 veste
1821 1213 1882 1254 se

290 1297 427 1353 urbe
468 1312 797 1353 excessurus
845 1298 1197 1365 pepigerunt.
1236 1293 1308 1347 At
1353 1292 1444 1347 ille
1475 1290 1611 1346 urbe
1643 1289 1880 1361 potitus,

294 1401 582 1446 senatores
625 1390 679 1444 in
741 1387 955 1443 balneis
995 1386 1241 1441 inclusos
1272 1383 1606 1440 suﬂocavit:
1640 1382 1885 1453 reliquos

289 1502 413 1541 cum
443 1483 728 1539 discedere
752 1497 862 1551 quo
889 1480 1090 1535 vellent
1119 1478 1399 1550 jussisset,
1436 1475 1645 1531 multos
1677 1473 1736 1529 in
1793 1473 1884 1528 iti-

288 1590 423 1628 nere
449 1570 776 1627 interfecit:
822 1568 919 1624 scd
962 1578 1146 1623 tamen
1191 1580 1388 1623 eorum
1435 1564 1678 1620 multiin
1719 1562 1885 1618 silvas

287 1660 502 1732 profugi
520 1669 836 1715 evaserunt.
864 1657 941 1713 Ea
973 1656 1308 1713 crudelitate
1327 1655 1514 1711 caeteri
1541 1653 1746 1719 territi,
1771 1669 1883 1707 non

1983 550 2082 603 ἕνα
2109 548 2343 603 ἕκαστον
2389 548 2454 599 ἐκ
2522 546 2617 599 τοῦ
2654 545 2962 615 συνεδρίου,
3015 547 3209 616 ήρώτα
3251 545 3313 599 τὸ
3345 545 3579 618 πλῆθος,

1983 642 2171 695 ὅντινα
2200 640 2370 693 αὐτοῦ
2402 638 2750 709 ἀνθαιρεῖται
2771 655 2785 669 ·
2818 641 2910 692 καὶ
2950 638 3098 691 οὕτω
3132 639 3209 710 μὴ
3231 638 3578 709 δυνηθέντων

1984 731 2165 786 αὐτῶν
2184 733 2409 802 ἑτέρους
2441 730 2509 783 δι’
2548 731 2734 798 ὀλίγου
2776 729 3129 794 ἀνθελέσθαι,
3180 729 3394 795 πάντας
3427 731 3580 784 ἐκεία

1985 841 2113 886 νους
2138 823 2213 887 ὡς
2237 822 2573 891 ἀναγκαίους
2590 822 2800 892 ἀφῆκε,
2818 822 2916 875 καὶ
2943 821 3385 890 καταλλαγέντες
3409 823 3580 893 ἀλλή-

1935 938 1943 947 ’
1983 916 2121 982 λοις,
2174 916 2504 969 ἐσπείσαντο
2545 914 2624 984 τῷ
2666 914 2905 986 Ἀννίϐᾳ.
2956 915 3066 968 Καὶ
3109 914 3169 979 ὃς
3222 915 3312 969 διὰ
3363 914 3580 986 ταχέων

1985 1009 2301 1072 ἐπαναστὰς
2323 1010 2387 1062 ἐκ
2399 1009 2498 1079 τῆς
2523 1008 2858 1071 Νεαπόλεως
2886 1002 3054 1080 ἦλθεν
3078 1008 3157 1068 είς
3176 1006 3278 1077 τὴν
3305 1006 3542 1077 Καπύην
3560 1024 3576 1040 ο

1985 1105 2083 1157 καὶ
2124 1103 2435 1175 διαλεχθεὶς
2476 1102 2662 1164 αὐτοῖς
2706 1102 2844 1157 ἄλλα
2872 1118 2932 1154 τε
2973 1099 3147 1167 πολλά
3177 1095 3335 1153 εἶπεν
3358 1102 3584 1168 ἐπαγω-

1984 1197 2079 1264 γά,
2117 1197 2213 1251 καὶ
2255 1196 2358 1266 τὴν
2412 1195 2713 1267 ἠγεμονίαν
2762 1198 2916 1262 σφίσι
2962 1194 3066 1265 τῆς
3106 1192 3347 1257 Ἰταλίας
3383 1192 3582 1248 δώσειν

1985 1290 2277 1361 ὑπέσχετο,
2298 1289 2366 1344 ἵν’
2393 1292 2451 1344 ἐν
2468 1289 2653 1343 ἐλπίσι
2680 1288 2985 1358 γενόμενοι,
3010 1287 3086 1351 ὡς
3111 1286 3210 1341 καὶ⁸
3235 1287 3454 1346 ἐαυτοῐς
3480 1303 3583 1340 πο-

1983 1381 2275 1453 νήσαντες,
2304 1381 2724 1453 προθυμότερον
2766 1379 3166 1449 ἀγωνίσωνται.
3206 1376 3581 1447 Μεταστάσης

1982 1474 2039 1528 δὲ
2062 1472 2161 1543 τῆς
2187 1474 2450 1545 Καπύης,
2477 1474 2575 1529 καὶ
2598 1475 2631 1544 ή
2656 1473 2792 1544 άλλη
2817 1472 3127 1543 Καμπανία
3154 1470 3433 1542 κεκίνητο.
3467 1468 3581 1525 Καὶ

1983 1567 2033 1620 oi
2065 1566 2358 1636 Ῥωμαῖοι,
2376 1566 2475 1636 τὴν
2498 1566 2804 1620 ἀπόστασιν
2828 1565 2999 1635 αὐτῆς
3022 1563 3308 1635 μαθόντες,
3326 1562 3577 1634 ήχθοντο.

1985 1656 2057 1710 '0
2086 1673 2150 1725 γε
2185 1656 2295 1728 μὴν
2344 1656 2596 1721 Ἀννίϐας
2653 1657 2750 1711 ἐπὶ
2805 1655 3181 1727 Νουκερίνους
3225 1656 3339 1726 (55)
3373 1655 3577 1725 ἐστράο

286 1753 524 1823 amplius
549 1752 671 1823 ejus
702 1749 831 1806 fidei
861 1763 921 1805 se
965 1748 1361 1819 permiserunt,
1393 1746 1491 1802 sed
1545 1745 1880 1802 resistebant

1986 1766 2180 1804 τευσεν
2204 1765 2218 1780 ’
2248 1751 2301 1803 οί
2363 1749 2419 1803 δὲ
2482 1749 2945 1821 πολιορκούμενοι
2976 1750 3079 1821 τὴν
3114 1754 3395 1821 ἄχρηστον
3426 1749 3578 1818 σφῶν

286 1815 418 1899 dum
463 1815 741 1914 poterant.
802 1815 1111 1912 Nolanique
1162 1842 1231 1897 de
1284 1840 1541 1896 facienda
1596 1839 1879 1895 deditione

1985 1839 2203 1911 ήλικίαν
2252 1839 2460 1910 ἀπορίᾳ
2492 1815 2711 1910 τροφών
2751 1815 3058 1905 ἐξεώσαντο
3082 1855 3097 1870 ⁸
3126 1815 3222 1904 οῦς
3247 1815 3290 1893 ’ὁ
3325 1815 3580 1905 Ἀννίϐας

287 1938 689 2000 consultantes,
743 1933 837 1988 illo
886 1932 1132 1988 facinore
1154 1922 1311 1996 'viso,
1368 1930 1693 1987 Marcellum
1736 1930 1877 1984 clam

287 2028 724 2091 accersiverunt,
785 2024 1058 2079 Annibale
1116 2022 1186 2077 ab
1254 2022 1410 2078 urbis
1468 2020 1879 2092 oppugnatione

288 2120 533 2191 repulso.
596 2117 727 2173 Inde
771 2116 1072 2187 digressus,
1101 2113 1411 2170 Acerranos
1463 2113 1608 2169 fame
1643 2114 1878 2179 domuit,

289 2213 483 2266 iisdem
514 2209 719 2280 quibus
750 2208 1060 2264 Nucerinos
1089 2206 1527 2272 conditionibus,
1568 2206 1879 2276 eodemque

291 2302 548 2359 tractavit
581 2301 764 2357 modo.
789 2299 1001 2355 Deinde
1023 2300 1291 2357 Basilinas
1323 2308 1407 2356 est
1433 2314 1746 2370 aggressus,
1765 2312 1878 2368 quo

290 2393 524 2450 Romani
579 2404 887 2462 eorumque
947 2391 1083 2447 socii
1139 2391 1364 2447 circiter
1409 2406 1445 2445 Il
1489 2390 1876 2462 confugerant,

288 2489 385 2558 qui
416 2487 632 2543 civibus
654 2486 1027 2557 proditionem
1066 2485 1422 2541 molientibus
1454 2485 1675 2552 occisis,
1706 2485 1882 2541 Anni-

288 2582 524 2652 baleque
554 2595 698 2653 saepe
719 2579 1027 2651 proﬂigato,
1061 2577 1262 2634 famem
1296 2592 1517 2650 quoque
1537 2577 1757 2634 fortiter
1790 2587 1877 2634 to-

292 2673 559 2729 lerarunt.
588 2670 726 2727 Cum
756 2682 941 2727 autem
967 2681 1310 2726 commeatus
1339 2670 1662 2735 defecisset,
1683 2686 1883 2741 quem-

293 2769 418 2821 dam
480 2767 534 2820 in
567 2775 691 2821 utre
744 2764 815 2819 ad
849 2764 1184 2819 dictatorem
1236 2763 1508 2817 misetunt
1541 2761 1677 2832 :qui
1713 2770 1879 2817 noctu

292 2858 439 2912 dolia
473 2855 647 2911 farina
673 2855 832 2926 plena
856 2856 914 2909 in
950 2852 1157 2908 ﬂumen
1178 2855 1451 2924 conjecta,
1505 2867 1606 2908 eos
1632 2852 1690 2906 in
1726 2861 1881 2908 tene-

294 2949 412 3003 bris
435 2948 731 3004 observare
751 2946 937 3018 jussit.
978 2944 1094 3000 Hoc
1121 2946 1283 3000 modo
1315 2946 1455 2999 clam
1487 2960 1586 3000 eos
1622 2944 1693 2999 ad
1738 2954 1878 2999 tem-

291 3058 397 3115 pus
420 3043 556 3098 aluit
587 3058 604 3097 :
637 3040 732 3096 sed
766 3043 985 3095 tandem
1013 3053 1124 3100 uno
1155 3038 1305 3093 dolio
1339 3053 1406 3092 ex
1429 3038 1689 3094 allisione
1741 3053 1879 3092 con-

1980 1932 2041 1985 ού
2070 1933 2411 2003 προσήκατο,
2446 1932 2585 1985 ἀλλὰ
2608 1936 2705 1986 καὶ
2737 1935 2817 1996 είς
2848 1934 2951 2003 τήν
2978 1933 3135 1988 πόλιν
3159 1932 3386 1988 ἀπιοῦσι
3414 1934 3578 2004 μόνον

1980 2028 2291 2098 ἀσφάλειαν
2338 2030 2532 2083 ἔδωκε.
2563 2029 2657 2083 Διὸ
2688 2028 2783 2082 καὶ
2813 2030 2863 2083 οί
2912 2027 3095 2083 λοιποὶ
3136 2028 3259 2099 μεθ’
3290 2029 3412 2094 ἐνδς
3441 2031 3576 2099 ίμα-

1979 2122 2099 2176 τίου
2142 2121 2464 2194 ἐκχωρῆσαι
2503 2120 2600 2175 τοῦ
2649 2121 2840 2185 ἄστεος
2887 2121 3270 2194 ὡμολόγησαν.
3334 2121 3492 2175 Ἐπεὶ
3526 2120 3577 2176 δ’

1982 2215 2261 2285 ἐγκρατὴς
2317 2214 2502 2268 αὐτῶν
2548 2214 2793 2284 ἐγένετο,
2848 2216 2975 2279 τοὺς
3023 2214 3122 2286 μὲν
3162 2213 3464 2285 βουλευτάς
3513 2216 3576 2279 ἐς

1985 2308 2247 2380 βιλανετα
2318 2307 2697 2371 κατακλείσας
2750 2308 3071 2374 ἀπέπνιξεο
3139 2310 3252 2373 τοίς
3294 2308 3341 2363 δ’
3391 2307 3577 2369 ἄλλοις

1981 2402 2246 2455 ἀπελθεῖν
2294 2400 2466 2455 είπὼν
2500 2402 2609 2473 ὅπη
2643 2400 2948 2473 βούλοιντο,
2990 2402 3225 2465 πολλοὺς
3260 2402 3320 2455 ἐν
3351 2403 3417 2474 τῇ
3468 2400 3575 2470 ί.δῷ

1982 2493 2255 2548 κάκείνων
2283 2493 2566 2562 ἐφόνευσε.
2589 2494 2781 2565 Συχνο“ι
2802 2493 2847 2547 δ’
2877 2493 2973 2548 οὖν
2996 2492 3180 2546 αὐτῶν
3200 2493 3296 2547 καὶ
3314 2493 3576 2564 περιεγέ-

1983 2602 2137 2639 νοντο
2168 2587 2248 2649 είς
2305 2585 2440 2650 ὕλας
2487 2586 3043 2656 προκαταφυγόντες.
3075 2584 3172 2639 Ἐκ
3202 2584 3400 2638 τούτου
3441 2583 3499 2637 δὲ
3521 2584 3574 2635 οἰ

1981 2676 2159 2731 λοιποὶ
2186 2676 2522 2747 φοϐηθέντες
2543 2679 2607 2732 οὐ
2624 2678 2938 2732 συνέϐαινον
2964 2677 3047 2730 ἐτι
3075 2677 3247 2747 αὐτῷ,
3276 2677 3392 2731 ἀλλ’
3427 2679 3564 2730 ἀντ-

1997 2772 2142 2840 εἴχον
2187 2769 2296 2833 ἓως
2349 2770 2640 2841 ἠδύναντο.
2688 2771 2800 2824 Καὶ
2827 2772 2878 2822 οί
2908 2769 3159 2822 Νωλανοὶ
3185 2767 3575 2837 βουλευόμενοι

1987 2864 2388 2932 προσχωρῆσαι
2442 2860 2637 2931 αὐτῷ,
2697 2859 2826 2911 ἐπεὶ
2880 2858 2942 2911 τὸ
3004 2858 3085 2920 είς
3140 2856 3386 2918 ἐκείνους
3430 2850 3576 2908 εἶδον

1985 2956 2255 3026 πραχθὲν,
2295 2955 2649 3025 ἐπηγάγοντο
2708 2952 2888 3023 λάθρα
2940 2951 3034 3005 τὸν
3082 2949 3426 3021 Μάρκελλον,
3475 2949 3574 3001 καὶ

1984 3048 2079 3101 τὸν
2137 3045 2387 3099 Ἀννίϐαν
2444 3042 2834 3115 προσϐαλόντα
2885 3044 3027 3113 μετά
3070 3040 3249 3095 ταῦτα
3294 3043 3362 3112 τῇ
3416 3039 3575 3093 πόλει

291 3137 488 3199 fracto,
565 3131 1052 3202 Carthaginienses
1115 3144 1176 3186 re
1225 3129 1605 3186 animadversa
1665 3129 1876 3186 catenis

1985 3137 2292 3195 ἀπώσαντο.
2334 3136 2767 3206 Ἀποκρουσθεὶς
2816 3136 2875 3190 δὲ
2917 3137 3017 3206 τῆς
3075 3132 3294 3205 Νώλης,
3334 3132 3573 3204 Ἀκερά-

291 3225 520 3280 ﬂuvium
553 3225 894 3278 munierunt.
922 3220 993 3278 Ut
1032 3233 1216 3276 autem
1261 3219 1408 3275 fame
1440 3230 1498 3274 et
1553 3220 1879 3277 vulneribus

292 3316 452 3370 multi
505 3315 812 3384 perierunt,
878 3311 1054 3366 altera
1126 3309 1282 3365 urbis
1340 3319 1498 3381 parte
1550 3310 1770 3367 deserta
1823 3320 1883 3366 et

293 3418 460 3480 ponte
498 3408 811 3475 interrupto
837 3444 852 3469 ,
886 3404 943 3458 in
967 3403 1141 3458 altera
1168 3402 1516 3458 obsidionem
1551 3404 1877 3460 tolerarunt.

292 3502 489 3557 Postea
530 3512 719 3552 semen
756 3511 1010 3566 raporum
1040 3496 1096 3550 in
1145 3494 1440 3565 quemdam
1482 3495 1665 3551 locum
1722 3506 1879 3553 extra

292 3607 517 3647 murum
568 3589 913 3661 abjecerunt,
974 3597 1036 3643 ut
1081 3587 1399 3642 hosteseos
1436 3587 1530 3642 diu
1592 3587 1881 3644 habituros

293 3683 587 3740 crederent
618 3681 760 3736 unde
801 3681 1051 3735 viverent
1112 3679 1231 3747 Qua
1266 3678 1460 3735 eadem
1500 3679 1762 3750 opinione
1788 3680 1887 3736 de-

1987 3249 2112 3296 νους
2146 3231 2258 3301 (56)
2291 3224 2405 3283 εἷλε
2439 3228 2586 3301 λιμῷ
2623 3230 2718 3283 ἐπὶ
2750 3231 2875 3294 ταῖς
2931 3230 3127 3293 αὐταῖς
3158 3230 3272 3292 τοῖς
3300 3225 3574 3297 Νουκερί-

1988 3341 2101 3388 νοις
2128 3324 2455 3394 συνθήκαις,
2479 3322 2575 3376 καὶ
2610 3322 2680 3376 τά
2715 3322 2857 3377 αὐτὰ
2891 3321 3195 3392 εἰργάσατο
3221 3320 3318 3373 καὶ
3347 3315 3573 3380 αὐτούς.

1989 3412 2124 3471 Εἶτα
2147 3416 2242 3470 καὶ
2282 3415 2377 3469 ἐπὶ
2402 3414 2692 3478 Βασιλίνας
2723 3415 3109 3485 ἐστράτευσεν,
3143 3415 3200 3466 ἐν
3219 3406 3263 3480 ᾧ
3304 3409 3572 3482 Ῥωμαῖοί

1988 3524 2048 3561 τε
2085 3509 2182 3562 καὶ
2232 3507 2577 3578 συμμάχων·
2607 3505 2743 3559 ὡσεὶ
2797 3504 2963 3576 χίλιοι
3016 3506 3457 3573 συγκατέφυγον.
3506 3500 3574 3556 Οἳ

1987 3600 2115 3661 τοὺς
2148 3599 2247 3669 μὲν
2270 3598 2604 3669 ἐπιχωρίους
2636 3596 2931 3668 προδοῦναι
2972 3597 3118 3666 σφᾶς
3164 3595 3574 3667 μελετήσαντας

1986 3687 2346 3755 ἀπέκτειναν,
2380 3687 2596 3743 καὶτὸν
2643 3688 2897 3742 Ἀννίϐαν
2951 3686 3221 3750 πολλάκις
3250 3684 3571 3748 ἀπώσαντο,

292 3784 487 3846 ceptus
504 3772 762 3837 Annibal,
794 3786 1101 3842 eorumque
1131 3769 1518 3826 fortitudinem
1542 3771 1876 3839 admiratus,

1985 3776 2080 3828 καὶ
2132 3777 2271 3848 πρὸς
2332 3777 2495 3847 λιμὸν
2560 3776 2828 3845 γενναίως
2873 3775 3346 3849 διεκαρτέρησαν’
3397 3772 3575 3828 ἐπιλι-

295 3881 394 3921 eos
427 3865 497 3921 ad
551 3863 861 3935 paetionem
914 3871 1244 3932 provocatos
1296 3861 1530 3931 pecunia
1574 3861 1877 3918 vendidit:

1987 3868 2198 3940 πούσης
2242 3868 2300 3922 δὲ
2346 3869 2447 3939 τῆς
2489 3868 2702 3939 τροφῆς
2741 3868 2966 3931 αὐτοὺς,
3001 3867 3091 3923 ἐπ’
3120 3866 3294 3920 ἀσκοῦ
3330 3882 3456 3922 τινα
3481 3862 3576 3918 διὰ

293 3973 434 4029 quos
462 3956 695 4013 Romani
724 3971 834 4010 non
871 3954 1034 4010 modo
1083 3953 1283 4025 cupide
1330 3953 1709 4024 redemerunt,
1779 3956 1877 4013 sed

1987 3960 2083 4014 τοῦ
2119 3960 2371 4033 ποταμοῦ
2423 3961 2565 4032 πρὸς
2593 3961 2684 4015 τὸν
2747 3960 3046 4030 δικτάτορα
3092 3959 3374 4032 ἔπεμψαν.
3416 3956 3476 4015 '0
3515 3955 3576 4011 δὲ

291 4051 456 4106 etiam
491 4051 852 4106 honorat-unt.

1989 4053 2186 4119 πίθους
2215 4055 2467 4128 ἀλεύρων
2533 4054 2766 4127 πλήρεις
2796 4056 2996 4117 νυκτὸς
3042 4052 3332 4109 ἐνέϐαλλεν
3375 4052 3456 4118 είς
3479 4050 3576 4105 τὸν

295 4149 566 4219 ποταμὸν,
610 4145 993 4216 ἐντειλάμενος
1040 4143 1226 4207 αὐτοῖς
1289 4145 1636 4215 παρατηρεῖν
1684 4145 1744 4198 ἐν
1793 4143 1875 4217 τῷ
1915 4149 2101 4204 σκότει
2160 4150 2218 4204 τὸ
2268 4151 2486 4222 ῥεῦμαο
2553 4153 2650 4206 καὶ
2701 4149 2895 4221 χρόνον
2937 4149 3038 4220 μέν
3087 4165 3214 4202 τινα
3278 4145 3576 4201 ἐλάνθανεν

293 4242 468 4306 οὕτως
499 4244 709 4313 τροφάς
744 4240 930 4321 αὐτοῖς
957 4237 1233 4308 χορηγῶν.
1264 4238 1500 4292 Ἔπειτα
1527 4237 1690 4291 πίθου
1727 4239 1875 4304 τινὸς
1917 4246 2329 4317 προσραγέντος
2393 4261 2510 4312 ποι,
2580 4247 2676 4298 καὶ
2714 4243 3117 4319 συντριϐέντος,
3143 4240 3317 4310 ἔγνων
3341 4241 3392 4293 οι
3425 4242 3576 4309 Καρ·

293 4339 532 4412 χηδόνιοι
577 4335 639 4389 τδ
692 4336 1003 4404 γινόμενον,
1066 4333 1159 4387 καὶ
1214 4333 1443 4387 ἁλύσεσι
1494 4336 1588 4388 τὸν
1631 4336 1883 4407 ποταμὸν
1919 4337 2286 4409 διειλήφασιν.
2370 4340 2458 4404 Ὦς
2504 4340 2563 4395 δέ
2611 4339 2692 4412 τῷ
2748 4340 2895 4413 λιμῷ
2948 4340 3043 4395 καὶ
3118 4340 3235 4402 τοῖς
3292 4335 3576 4409 τραύμασι

298 4433 487 4504 συχνοὶ
543 4429 943 4498 διεφθάρησαν,
978 4428 1039 4481 τὸ
1071 4427 1260 4497 ἕτερον
1307 4426 1476 4496 μέρος
1523 4427 1620 4496 τῆς
1666 4428 1876 4492 πόλεως
1916 4429 2190 4498 ἐξέλιπον,
2229 4433 2331 4485 κάν
2361 4432 2441 4503 τῷ
2483 4430 2657 4503 λοιπῷ
2683 4433 3102 4505 διεκαρτέρουν,
3157 4431 3260 4502 τήν
3324 4429 3577 4500 γέφυραν

294 4527 677 4595 διακόψαντες.
706 4522 842 4576 Εἶτα
878 4522 1103 4591 σπέρμα
1137 4520 1457 4589 γογγυλίδος
1489 4521 1600 4572 ἀπὸ
1627 4522 1724 4575 τοῦ
1789 4523 2010 4592 τείχους
2078 4525 2160 4589 εῐς
2229 4542 2284 4578 τι
2347 4525 2550 4597 χωρίον
2578 4524 2780 4590 ἔξωθεν
2805 4525 2971 4580 αὑτοῦ
2999 4523 3323 4580 κατέϐαλον.
3360 4523 3577 4592 Ἐποίη-

299 4641 401 4677 σαν
423 4621 480 4675 δὲ
542 4619 703 4672 τοῦτο
767 4619 857 4671 ἶνα
905 4615 1299 4685 καταπλήξωσι
1356 4616 1486 4677 τοὺς
1554 4616 1849 4685 πολεμίους
1877 4616 1955 4682 ὡς
1993 4619 2092 4672 καὶ
2153 4620 2248 4672 ἐπὶ
2299 4620 2439 4674 πολὺ
2493 4620 2965 4690 αύταρκέσοντας.
3006 4617 3172 4671 Ὅθεν
3212 4618 3242 4671 ὁ
3298 4615 3518 4670 Ἀννίϐα
3536 4633 3576 4681 ·,

296 4717 530 4786 ἄφθονον
580 4713 777 4774 αὐτοὺς
827 4711 973 4780 ἔχειν
1003 4709 1102 4781 τὴν
1149 4706 1359 4779 τροφὴν
1390 4706 1621 4779 οἰηθεὶς,
1653 4710 1749 4761 καὶ
1818 4711 1914 4764 ἐπὶ
1954 4713 2021 4781 τῇ
2087 4713 2359 4784 καρτερίᾳ
2388 4713 2803 4784 θαυμάσας,είς
2823 4712 3119 4783 ὁμολογίαν
3143 4707 3573 4781 προεκαλέσατο,

294 4814 392 4866 καὶ
447 4803 1032 4879 χρημάτωνίἀπέδοτο
1074 4803 1237 4872 σφᾶς.
1282 4799 1582 4854 Ἐλύσαντο
1617 4800 1729 4871 γὰρ
1781 4802 1983 4868 αὐτοὺς
2011 4803 2061 4857 οἱ
2127 4804 2233 4872 ἐξω
2297 4803 2558 4876 Ῥωμαῖοι
2609 4806 2887 4877 ἀσμένως,
2938 4804 3075 4859 ἀλλὰ
3126 4805 3236 4876 μὴν
3301 4800 3399 4856 καὶ
3460 4802 3575 4856 ετξ-

383 4921 502 4959 σαν.

298 4924 634 5054 Mlifbum
670 4990 788 5043 haec
847 4993 1136 5058 geruntur,
1189 4985 1353 5058 legati
1391 4984 1616 5057 Delphis
1669 4987 1880 5042 reversi

2057 4986 2135 5044 Γ’.
2171 4986 2259 5041 Ἐν
2281 4982 2324 5058 ᾧ
2351 4988 2410 5042 δὲ
2434 4987 2606 5042 ταῦτα
2625 4988 2863 5057 ἐγένετο,
2894 4987 2988 5041 καὶ
3017 4986 3324 5058 ἐκξΔελφῶν
3347 4988 3396 5039 οί
3426 5002 3566 5055 πεμο

295 5089 576 5153 nuntiant,
621 5083 817 5154 jubere
854 5079 1106 5152 Pythiam
1164 5088 1246 5142 ut,
1289 5078 1577 5149 repudiata
1640 5079 1877 5151 ignavia,

1987 5079 2213 5149 φθὲντες
2239 5080 2705 5150 ἀνεκομίσθησαν,
2734 5080 2987 5148 λέγοντες
3011 5078 3110 5150 τήν
3134 5078 3340 5131 Πυθίαν
3370 5077 3575 5149 χρῆσαι

295 5183 462 5258 422
502 5179 659 5245 bello
702 5179 815 5231 sint
864 5173 1083 5230 intenti.
1111 5171 1189 5227 Ex
1220 5186 1289 5227 eo
1344 5170 1651 5227 confirmati
1715 5181 1880 5242 atque

1986 5171 2169 5235 αὐτοῖς
2231 5170 2547 5225 παύσασθαι
2582 5172 2681 5242 τῆς
2721 5170 3019 5242 ῥᾳθυμίας,
3065 5170 3155 5223 καὶ
3210 5169 3288 5239 τῷ
3345 5170 3573 5238 πολέμῳ

299 5275 536 5334 assecuti
567 5270 915 5333 Annibalem,
968 5267 1122 5336 juxta
1165 5279 1293 5320 eum
1326 5272 1505 5319 castra
1548 5274 1877 5333 posuerunt,

1987 5265 2296 5338 προσέχειν.
2337 5263 2618 5318 Ἐντεῦθεν
2645 5261 3096 5336 ἀνερῤώσθησαν,
3142 5264 3236 5316 καὶ
3269 5261 3574 5317 κατέλαϐον

301 5379 364 5426 nt
412 5366 545 5439 quid
599 5344 787 5435 ageret
828 5361 1210 5416 observarent.
1265 5356 1346 5411 Ac
1376 5355 1574 5411 Junius
1621 5356 1878 5422 dictator,

1991 5359 2083 5412 τὸν
2136 5356 2409 5422 Ἀννίϐαν,
2464 5356 2561 5410 καί
2597 5356 2647 5408 oi.
2679 5354 3382 5425 παρεστρατοπεδεύσαντο,
3423 5356 3571 5420 ὅπως

301 5477 423 5533 qua:
489 5455 971 5527 Carthaginienses
1021 5449 1204 5506 facere
1275 5448 1640 5521 jubebantur,
1687 5448 1880 5505 eadem

1991 5453 2062 5504 τὰ
2120 5449 2473 5522 πραττόμενα
2551 5447 2683 5519 παρ’
2724 5446 2891 5501 αὐτοῦ
2949 5448 3336 5518 παρατηρῶσι.
3386 5449 3497 5503 Καὶ
3542 5448 3573 5504 ὃ

1507 5585 1717 5649 Varias
1748 5585 2061 5649 lectiones
2095 5592 2157 5647 et
2188 5593 2379 5646 nota}.

2058 5709 2170 5782 (56)
2215 5704 2621 5782 Ἀκερῤάνουᾳ
2677 5704 2815 5764 Vide
2846 5704 3121 5779 Excerpta
3168 5706 3362 5767 Dionis
3415 5707 3573 5766 Vale-

519 5720 948 5846 Ιέἓιίκερίνους.
993 5715 1281 5790 ⁸Ειιιιιιγηιι
1323 5712 1511 5771 Dionis
1556 5711 1870 5781 Valesiana,

398 5813 417 5849 3
496 5832 511 5849 .
648 5827 664 5843 ο

2058 5711 2170 5782 (56)
2215 5711 2371 5775 Ἀκεῤ

1985 5780 2155 5848 siana,
2189 5794 2244 5849 p.
2273 5777 2371 5833 601

2141 5820 2155 5848 ’
2189 5814 2244 5848 ll.
2275 5814 2400 5833 ννιο

305 5808 362 5863 p.
386 5790 511 5862 598,
541 5790 664 5846 60L
