4024 6396
461 362 562 427 πει

1709 370 2125 434 ANNALIUM
2160 374 2309 437 LIB.
2354 376 2461 439 IX.

3617 383 3727 443 73”!

459 493 526 543 γε
572 476 789 541 Ἰούνιος
818 479 847 532 ό
869 479 1144 553 δικτάτωρ
1173 483 1242 537 τά
1273 484 1388 548 τοῖς
1414 487 1808 558 Καρχηδονίοις
1837 504 2023 558 παραγ

2153 508 2281 546 suos
2309 503 2362 549 et
2400 496 2516 564 ipse
2539 494 2834 551 observare
2863 503 3028 566 atque
3056 498 3237 554 facere
3267 499 3510 569 iubebat.
3539 502 3738 572 Itaque-

459 569 788 638 γελλόμενα,
832 576 926 624 καὶ
951 573 1080 637 τοὺς
1121 573 1432 644 Ῥωμαίους
1481 581 1656 632 ποιεῖν
1684 580 1884 650 ὁμοίως
1917 585 2040 636 ἐκέ-

459 661 608 725 λευε,
634 663 727 715 καὶ
768 665 892 716 σῖτα
923 664 1020 718 καὶ
1046 665 1214 718 ὕπνον
1235 668 1294 720 ἐν
1314 669 1392 738 τῷ
1411 671 1558 740 αὐτῷ
1587 673 1764 744 καιρῷ
1786 674 2033 745 ᾑροῦντο,

460 753 684 815 καὶτὰς
729 754 979 821 φυλακάς
1024 756 1228 826 ὁμοίως
1291 761 1657 830 ἐπεσκόπουν,
1722 765 1820 818 καὶ
1867 767 2035 821 τᾶλλα

459 843 657 912 ἐπίσης
690 843 984 915 ἔπραττον.
1023 849 1374 918 Καταμαθὼν
1437 849 1532 906 οῦν
1577 854 1738 908 τοῦτο
1786 858 2035 922 Ἀννίϐας

457 936 737 1004 χειμέριον
767 938 1006 1009 ἐτήρησε
1024 940 1217 1006 νύκτα,
1247 944 1338 998 καὶ
1366 947 1478 1009 τοῖς
1497 946 1595 1014 μὲν
1622 949 1730 1001 τῶν
1767 967 2035 1018 στρατιω-

453 1027 562 1080 τῶν
593 1029 682 1079 ἐπ’
704 1028 883 1092 ἔξοδον
906 1032 1260 1105 άφ⁹έσπέρας
1291 1037 1504 1091 ἀνεῖπε.
1553 1039 1659 1092 Τοῦ
1705 1040 1762 1094 δὲ
1811 1043 2032 1100 Ἰουνίου

452 1120 514 1170 τὸ
542 1120 676 1173 αὐτὸ
702 1124 1053 1194 ποιήσαντος,
1085 1129 1150 1180 ἐκ
1181 1129 1433 1202 διαδοχῆς
1447 1132 1638 1186 ἄλλοτε
1667 1135 1858 1200 ἄλλους
1884 1139 2032 1209 αύτῷ

453 1213 820 1281 προσϐάλλειν
846 1218 1155 1283 ἐκέλευσεν,
1198 1221 1266 1274 ἵν’
1303 1224 1362 1276 ἐν
1407 1229 1622 1295 συνεχεῖ
1660 1228 1806 1298 πόνῳ
1848 1231 1914 1284 ἐκ
1933 1232 2033 1300 τῆς

450 1305 760 1393 ἀγρυπνίας
787 1309 882 1362 καὶ
917 1310 1010 1363 τοῦ
1042 1313 1314 1381 χειμῶνος
1345 1317 1539 1386 εἴησαν
1561 1334 1576 1350 ο
1606 1318 1767 1381 αὐτὸς
1799 1320 1857 1374 δέ
1893 1325 2033 1393 μετὰ

449 1391 560 1446 τῶν
600 1394 808 1450 λοιπῶν
844 1399 1170 1456 ἀνεπαύετο.
1210 1402 1366 1458 Ἐπεὶ
1401 1405 1448 1457 δ’
1490 1406 1673 1479 ἡμέρα
1699 1391 2032 1482 ἐπιλάμψειν

450 1483 666 1553 ἔμελλε,
701 1487 762 1543 τδ
800 1491 1116 1563 στράτευμά
1160 1511 1219 1548 τε
1281 1495 1444 1565 δῆθεν
1487 1497 1879 1570 ἀνεκαλέσατο,
1936 1507 2030 1559 καὶ

448 1578 558 1629 τῶν
604 1577 888 1649 Ῥωμαίων
930 1584 1000 1638 τά
1025 1584 1164 1639 ὅπλα
1195 1586 1575 1658 ἀποθεμένων,
1606 1590 1701 1644 καὶ
1730 1594 1867 1664 πρὸς
1896 1595 2028 1651 ἀνά-

449 1668 663 1724 παυλαν
719 1675 1117 1746 τραπομένων,
1172 1679 1410 1756 ἐπῆλθεν
1462 1682 1646 1745 αὐτοῖς
1708 1684 1883 1754 ἄφνω,
1934 1690 2030 1743 καὶ

450 1762 680 1829 συχνοὺς
709 1765 1018 1830 ἀπέκτεινε,
1043 1771 1137 1822 καὶ
1170 1770 1230 1825 τὸ
1261 1771 1554 1845 τάφρευμα
1583 1777 1869 1847 ἐκλειφθὲν
1890 1774 2025 1836 εἷλε.

449 1850 532 1905 Τά
556 1852 602 1905 δ’
657 1855 714 1907 ἐν
740 1859 806 1927 τῇ
845 1858 1067 1932 Σικελίᾳ
1094 1863 1186 1914 καὶ
1201 1866 1267 1934 τῇ
1305 1865 1497 1936 Σαρδοῖ
1529 1867 1779 1936 ἐκινεῖτο,
1812 1870 1873 1924 οὐ
1900 1872 2030 1941 μέν·

557 1945 653 1999 καὶ
680 1948 1018 2020 ἐπιστροφῆς
1039 1971 1183 2018 τινος
1212 1957 1363 2025 παρά
1381 1956 1490 2010 τῶν
1504 1957 1788 2030 Ῥωμαίων
1819 1963 2029 2036 ἔτυχον.

446 2035 688 2125 ῘΎπατοι
709 2039 765 2092 δέ
791 2040 820 2094 ὃ
848 2059 907 2095 τε
935 2043 1181 2114 Γράκχος
1210 2048 1236 2099 ό
1266 2047 1538 2120 ἵππαρχος
1571 2053 1665 2104 καὶ
1697 2035 2032 2125 Ποστούμιος

444 2122 693 2192 Ἀλϐῖνος
729 2130 1026 2202 ᾑρέθησαν.
1050 2135 1160 2189 Καὶ
1197 2139 1226 2190 ό
1259 2138 1356 2208 μὲν
1391 2140 1630 2206 Ἀλϐῖνος
1668 2146 1804 2214 μετὰ
1833 2122 2030 2213 παντὸς

442 2216 540 2307 τοῦ
571 2220 805 2288 στρατοῦ
830 2223 936 2276 ὑπὸ
955 2225 1066 2279 τῶν
1086 2226 1320 2283 Βοουΐων
1350 2231 1583 2304 ἐφθάρη,
1613 2236 1680 2288 δι’
1707 2237 1868 2307 ὅρους
1893 2241 2030 2294 ὑλώ-

440 2306 569 2404 δους
615 2314 983 2404 πορευόμενος
1012 2320 1105 2371 καὶ
1153 2321 1506 2394 ἐνεδρευθεὶς,
1557 2320 1617 2378 οὗ
1666 2306 1764 2400 τὴν
1790 2333 2029 2404 κεφαλὴν

443 2400 816 2472 ἀποτεμόντες
857 2408 909 2461 οἱ
958 2408 1249 2482 βάρϐαροι,
1315 2417 1410 2469 καὶ
1464 2418 1872 2488 ἐκκαθάραντες
1933 2400 2027 2479 καὶ

444 2497 978 2590 περίχρυσώσαντες,
1030 2505 1166 2575 πρὸς
1208 2506 1274 2560 τά
1301 2507 1423 2577 ίερὰ
1452 2510 1634 2565 αὐτῶν
1664 2514 1785 2567 ἀντὶ
1825 2517 2027 2590 φιάλης

442 2584 762 2681 ἐκέχρηντο.
821 2590 1084 2660 Γεγόνασι
1113 2595 1170 2648 δέ
1200 2597 1319 2650 τότε
1360 2599 1586 2670 τέραταο
1635 2603 1763 2674 βοῦς
1797 2623 1858 2659 τε
1915 2584 2024 2681 γάρ

446 2676 615 2769 ῖππον
646 2678 824 2748 ἔτεκε,
873 2685 967 2740 καὶ
997 2687 1056 2740 ἐν
1095 2687 1341 2761 θαλάσσῃ
1372 2691 1644 2763 ἐξέλαμψε
1689 2696 1820 2769 πῦρ.
1873 2700 1936 2754 Οί
1967 2676 2026 2756 δύ’

443 2767 644 2824 ὕπατοι
684 2774 931 2846 Γράκχος
997 2779 1091 2832 καὶ
1144 2781 1363 2846 Φάϐιος,
1397 2767 2018 2861 στρατοπεδευσάμενοι,

441 2861 533 2914 τόν
554 2881 614 2916 τε
681 2866 929 2922 Ἀννίϐαν
981 2870 1040 2924 ἐν
1089 2873 1289 2945 Καπύῃ
1343 2874 1471 2929 ὄντα
1519 2879 1845 2950 ἐπετήρουν,
1901 2884 1928 2936 ὅ
1968 2903 2018 2938 τι

443 2956 701 3026 πράσσει.
729 2959 842 3012 Καὶ
867 2960 1234 3033 διεπέμποντο
1265 2968 1622 3039 ἑκασταχόσε,
1659 2974 1773 3035 τοῖς
1795 2991 1855 3026 τε
1884 2992 2020 3046 συμο

445 3047 641 3116 μάχοις
682 3051 984 3121 ἐπήμυνον,
1030 3056 1126 3108 καὶ
1169 3058 1292 3120 τοὺς
1343 3059 1724 3133 ἀφεστηκότας
1781 3067 2017 3121 οἰκειοῦ-

2140 595 2196 639 et
2229 585 2414 640 cibum
2451 596 2507 641 et
2562 603 2815 642 somnum
2863 589 3059 643 eodem
3119 600 3364 660 tempore
3409 593 3723 661 capiebant,

2139 677 2402 732 excubias
2419 678 2608 732 eodem
2647 680 2810 734 modo
2837 681 3110 746 visebant,
3139 691 3444 751 cwteraque
3476 702 3539 737 ex
3568 701 3717 752 :qutr

2139 767 2434 825 faciebant.
2469 771 2589 836 Quo
2620 773 2855 840 Annibal
2881 775 3120 842 cognito,
3162 783 3531 844 tempestuosa
3563 787 3721 833 nocte

2137 870 2380 930 captata,
2412 863 2554 932 parti
2591 864 2826 918 militum
2857 879 2884 918 a
2917 881 3143 934 vespera
3190 867 3588 936 profectionem
3625 871 3716 923 de-

2135 955 2375 1009 nuntiat.
2411 955 2576 1011 Junio
2607 955 2658 1009 id
2685 957 2916 1021 imitato,
2944 973 3040 1026 per
3066 959 3214 1012 vices
3245 959 3381 1012 alios
3402 961 3722 1028 atquealios

2136 1048 2399 1116 impetum
2442 1049 2494 1102 in
2530 1049 2808 1106 Romanos
2836 1051 3016 1105 facere
3045 1051 3231 1121 jussit,
3260 1060 3318 1105 ut
3358 1054 3714 1106 continenter

2134 1139 2334 1210 vigiliis
2351 1149 2745 1210 ettempestate
2764 1141 3155 1213 fatigarentur:
3188 1144 3304 1213 ipse
3327 1159 3452 1199 cum
3486 1145 3720 1214 reliquis

2131 1235 2363 1304 quievit.
2385 1233 2519 1288 Cum
2535 1234 2856 1297 lucesceret,
2876 1235 3117 1291 exercitu
3137 1246 3412 1298 revocato,
3443 1237 3718 1293 Romanos

2136 1327 2231 1396 qui
2265 1327 2436 1382 armis
2471 1327 2669 1397 positis
2696 1326 2763 1382 ad
2793 1327 3033 1397 quietem
3053 1343 3110 1382 se
3136 1327 3514 1392 conferebant,
3534 1328 3718 1383 subito

2131 1432 2437 1487 aggressus,
2474 1419 2676 1475 multos
2693 1419 2917 1482 occidit,
2949 1429 3007 1475 et
3045 1419 3250 1474 vallum
3281 1420 3350 1474 ab
3383 1420 3467 1474 eis
3529 1421 3718 1474 descr-

2133 1517 2248 1564 tum
2283 1511 2448 1580 cepit.
2489 1510 2742 1566 Sardinia
2775 1521 2830 1566 et
2852 1511 3037 1566 Sicilia
3063 1511 3314 1582 quamvis
3341 1513 3393 1566 in
3425 1521 3577 1566 motu
3627 1528 3715 1566 cs-

2131 1610 2273 1665 sent,
2305 1618 2334 1657 a
2361 1603 2625 1659 Romanis
2653 1620 2762 1659 non
2796 1605 3151 1659 curabantur.
3184 1605 3340 1660 Coss.
3369 1604 3539 1659 creati
3564 1614 3713 1668 Sunt,

2129 1692 2410 1748 Gracchus
2460 1697 2719 1766 magister
2761 1697 3010 1765 equitum
3071 1705 3128 1751 et
3162 1697 3520 1752 Posthumius
3563 1697 3717 1753 Albi-

2058 1822 2105 1880 Β
2131 1799 2236 1837 nus
2261 1800 2276 1838 :
2300 1799 2534 1853 quorum
2571 1785 2661 1839 hic
2685 1801 2808 1840 cum
2843 1787 2990 1839 omni
3023 1787 3265 1840 exercitu
3299 1803 3328 1840 a
3364 1786 3512 1840 Boiis
3540 1802 3715 1842 caesus

2136 1883 2241 1937 est,
2291 1874 2346 1928 in
2396 1875 2628 1939 transitu
2684 1875 2870 1930 silvosi
2903 1877 3106 1931 montis
3170 1877 3383 1934 insidiis
3424 1889 3710 1949 exceptus.

2135 1968 2295 2038 cujus
2353 1969 2532 2036 capite
2584 1968 2802 2023 barbari
2833 1977 3116 2029 excavato.
3167 1985 3411 2040 auroque
3461 1972 3710 2033 inducto,

2133 2072 2232 2126 pro
2264 2057 2448 2127 phiala
2477 2059 2531 2114 in
2567 2060 2738 2114 sacris
2763 2061 2844 2115 usi
2869 2070 3019 2116 sunt.
3038 2060 3292 2130 Prodigia
3321 2071 3436 2115 tum
3464 2063 3712 2119 fuerunt.

2132 2149 2268 2204 Nam
2302 2150 2403 2205 hos
2448 2167 2649 2221 equum
2699 2153 2933 2223 peperit,
2973 2162 3030 2207 et
3071 2153 3286 2208 flamma
3321 2169 3352 2207 θ
3393 2156 3529 2209 mari
3577 2157 3716 2211 emi-

2131 2242 2264 2296 cuit.
2297 2241 2454 2298 Coss.
2498 2243 2781 2300 Gracchus
2811 2254 2867 2300 et
2918 2245 3142 2310 Fabius,
3177 2245 3309 2316 quid
3345 2246 3579 2303 Annibal
3611 2247 3714 2302 Ca-

2132 2346 2254 2399 puae
2288 2342 2496 2400 ageret,
2527 2333 2907 2398 observantes,
2965 2335 3217 2405 quolibet
3267 2337 3476 2406 legatos
3530 2338 3716 2393 mitte-

2131 2409 2283 2489 bant,
2337 2425 2502 2480 sociis
2557 2440 2716 2496 opcm
2771 2426 3044 2493 ferebant,
3100 2444 3198 2483 eos
3252 2432 3344 2498 qui
3400 2431 3713 2485 defecerant

2130 2519 2497 2574 reconciliare
2564 2520 2932 2588 conabantur,
3007 2531 3064 2576 et
3114 2522 3493 2578 resistentium
3550 2539 3709 2594 agros

2125 2608 2555 2678 populabantur.
2585 2610 2821 2665 Annibal
2848 2626 2979 2666 vero
3006 2612 3136 2666 dum
3173 2621 3481 2667 commeatu
3531 2629 3710 2684 eoque

2125 2701 2293 2756 armis
2357 2715 2517 2772 parto
2554 2718 2664 2758 non
2725 2704 3061 2767 abundabat,
3097 2705 3346 2760 modeste
3393 2721 3518 2760 cum
3554 2721 3711 2761 exer-

2125 2793 2236 2847 citu
2283 2793 2523 2848 vivebat.
2557 2793 2627 2850 Ut
2659 2809 2825 2859 vero,
2853 2795 3038 2863 Capua
3082 2802 3372 2864 occupata,
3405 2795 3458 2848 in
3512 2811 3705 2866 magna

2123 2897 2305 2936 rerum
2337 2882 2613 2939 afﬂuentia
2645 2884 2807 2939 otiosi
2831 2884 3202 2940 hibernarunt
3227 2904 3240 2940 :
3265 2896 3321 2941 et
3343 2887 3486 2942 vires
3511 2903 3707 2957 corpo-

2123 2987 2245 3026 rum
2317 2974 2552 3035 desidia,
2595 2984 2652 3029 et
2706 2974 2878 3029 robur
2934 2975 3245 3030 animorum
3307 2975 3524 3031 deliciis
3575 2988 3707 3032 sunt

2122 3065 2411 3137 imminuta
2442 3083 2457 3125 :
2491 3075 2808 3137 mutatoque
2835 3067 2984 3122 victu
3021 3068 3220 3137 patrio,
3251 3068 3304 3121 in
3340 3069 3545 3139 praeliis
3579 3069 3701 3123 vin-

443 3135 568 3189 σθαι
601 3137 926 3210 ἐπειρῶντο,
967 3146 1037 3197 τά
1071 3161 1128 3197 τε
1163 3146 1272 3201 τῶν
1303 3146 1722 3220 ἀνθισταμένων
1757 3155 2016 3213 ἐκάκουν.

2124 3159 2171 3214 ci
2206 3135 2540 3217 didicerunt.
2571 3135 2733 3214 Bello
2747 3160 2858 3230 jam
2898 3135 3160 3226 instante,
3189 3161 3244 3216 in
3284 3135 3497 3215 montes
3525 3168 3706 3217 transv

451 3227 522 3320 Ὀ,
542 3227 586 3282 δ’
621 3230 892 3301 Ἀννίϐας,
920 3235 1024 3300 ἓως
1053 3239 1153 3308 μὲν
1183 3241 1280 3309 τῆς
1308 3241 1519 3311 τροφῆς
1540 3244 1735 3309 ἐνδεῶς
1763 3249 2016 3320 ηὐπόρει,

440 3319 538 3372 καὶ
556 3320 1000 3394 διακινδυνεύων,
1033 3325 1331 3401 σωφρόνως
1357 3333 1498 3402 μετὰ
1523 3335 1618 3388 τοῦ
1645 3340 1876 3407 στρατοῦ
1905 3319 2022 3414 διῆ-

439 3429 537 3476 γεν
559 3431 573 3446 ο
602 3415 678 3480 ὡς
703 3417 760 3469 δέ
793 3417 891 3488 τὴν
927 3421 1159 3493 Καπύην
1191 3421 1403 3489 ἔλαϐον,
1458 3427 1552 3479 καὶ
1586 3428 1801 3494 πολλοῖς
1831 3433 2022 3504 ἐπιτη-

439 3504 605 3568 δείοις
642 3506 699 3560 ἐν
734 3508 990 3582 ῥᾳστώνῃ
1037 3513 1420 3582 διεχείμασαν,
1466 3517 1566 3586 τήν
1605 3535 1664 3589 τε
1709 3521 1864 3591 ἰσχὺν
1911 3525 2020 3578 τῶν

442 3597 712 3666 σωμάτων
771 3600 846 3671 μὴ
905 3603 1269 3675 πονούμενοι,
1335 3609 1429 3660 καὶ
1505 3610 1603 3681 τὴν
1671 3615 1864 3684 ῥώμην
1921 3618 2020 3687 τῆς

439 3687 669 3781 γνώμης
707 3691 812 3745 ὑπὸ
855 3696 956 3764 τῆς
981 3695 1275 3778 ,εὐθυμίας
1308 3699 1730 3773 ἠλαττώθησαν,
1778 3709 1874 3762 καὶ
1920 3711 2020 3781 τὴν

439 3780 674 3851 πάτριον
703 3781 1042 3853 ἀμείψαντες
1102 3787 1336 3858 δίαιταν,
1391 3795 1700 3864 μετέμαθον
1753 3780 2019 3871 ἡττᾶσθαι

441 3872 766 3967 μαχόμενοι.
811 3876 968 3930 Ἐπεὶ
991 3878 1048 3932 δὲ
1073 3882 1100 3933 ό
1132 3881 1371 3953 πόλεμος
1398 3885 1498 3956 ἤδη
1526 3887 1803 3954 ἐπέκειτο,
1835 3893 1891 3958 ἐς
1917 3895 2018 3967 ὄρη

441 3965 824 4058 μετ-έστη,καὶ
852 3969 1130 4042 ἐγύμναζε
1163 3973 1223 4026 τὸ
1255 3977 1596 4048 στράτευμα,
1627 3983 1690 4036 Οἱ
1719 3983 1764 4036 δ’
1796 3987 1894 4058 οὺχ
1916 3965 2020 4042 οἷοί

436 4071 500 4150 τε
534 4055 602 4150 δι’
643 4057 826 4127 ὀλίγου
859 4061 1137 4134 ῥωσθῆναι
1170 4067 1452 4133 γεγόνασι.
1491 4070 1754 4140 Βοηθείας
1783 4075 1840 4128 δέ
1861 4055 2019 4150 αὐτῷ

438 4147 653 4202 οἴκοθεν
689 4151 858 4222 ἄλλης
901 4170 961 4206 τε
995 4156 1089 4208 καὶ
1121 4157 1439 4227 ἐλεφάντων
1469 4161 1752 4236 ἐλθούσης,
1781 4147 2016 4242 ἀνεθάρλ-

441 4253 576 4308 σησε
611 4255 625 4270 ⁸
659 4244 754 4295 καὶ
785 4243 879 4295 ἐπὶ
915 4242 1014 4314 τὴν
1043 4244 1260 4310 Νώλαν,
1287 4247 1363 4311 ὡς
1386 4251 1632 4322 αἱρήσων
1654 4254 1846 4328 αὐτὴν,
1871 4257 1902 4328 ἢ
1927 4258 2018 4313 τόν

437 4347 503 4401 γε
554 4334 882 4405 Μάρκελλον
935 4337 1034 4408 τὴν
1093 4337 1390 4410 Σαμνίτιδα
1439 4345 1773 4416 πορθοῦντα,
1812 4353 2019 4424 ταύτης

436 4427 686 4494 ἀπάξων,
720 4427 1002 4501 ὥρμησεν.
1063 4431 1150 4496 Ὠς
1191 4433 1235 4486 δ’
1271 4435 1428 4489 οὐδὲν
1462 4439 1741 4509 ἐπέραινε,
1786 4448 1884 4516 τῆς
1915 4447 2016 4518 μὲν

2123 3252 2208 3318 iit,
2268 3261 2325 3308 et
2349 3242 2551 3309 milites
2580 3254 2825 3308 exercuit
2864 3270 2876 3306 :
2909 3253 3006 3308 sed
3055 3269 3182 3308 cum
3223 3255 3422 3324 exiguo
3456 3261 3704 3323 tempore

2121 3343 2328 3398 firmari
2361 3359 2471 3398 non
2498 3354 2743 3414 possent,
2774 3345 3086 3414 elephantis
3145 3345 3376 3414 aliisque
3436 3343 3721 3399 militibus

2122 3435 2284 3489 domo
2314 3436 2578 3500 advectis,
2615 3437 2860 3491 animum
2906 3437 3134 3506 recepit.
3180 3437 3484 3508 Nolamque
3528 3453 3706 3508 oppu-

2120 3528 2325 3598 gnavit,
2378 3540 2434 3584 ut
2491 3529 2577 3583 vel
2634 3529 2827 3584 urbem
2877 3537 3125 3599 caperet,
3182 3529 3269 3583 vel
3332 3529 3642 3584 Marcellum
3674 3545 3706 3584 a

2124 3619 2332 3675 Samnii
2371 3622 2678 3678 vastatione
2711 3630 3018 3677 revocaret.
3046 3620 3185 3677 Cum
3219 3622 3360 3677 nihil
3389 3622 3701 3691 proliceret,

2121 3713 2260 3768 urbe
2300 3714 2512 3777 relicta,
2543 3729 2703 3784 agros
2723 3714 2979 3776 vastavit,
3048 3715 3228 3769 donec
3254 3715 3406 3786 justo
3435 3715 3624 3784 praalio
3650 3714 3704 3767 vi

2119 3818 2440 3874 superatus,
2517 3823 2584 3862 ex
2637 3806 3008 3877 Hispanorum
3057 3813 3114 3862 et
3181 3806 3443 3862 Afrorum
3509 3807 3722 3862 crebra-

2120 3897 2186 3952 ad
2230 3897 2506 3952 Romanos
2563 3898 2876 3953 defectione
2907 3899 3074 3968 (quod
3101 3899 3152 3953 ei
3202 3899 3357 3968 prius
3389 3899 3704 3954 nuntiatum

2118 3988 2281 4061 £23
2312 4004 2474 4058 quam
2501 3989 2803 4058 acciderat)
2831 4006 3088 4060 magnum
3138 3992 3382 4046 dolorem
3424 3992 3610 4062 cepit:
3648 4003 3707 4048 et

2120 4081 2226 4137 sibi
2277 4082 2378 4152 ipsi
2411 4098 2474 4138 ac
2506 4083 2775 4137 militibus
2808 4083 3037 4147 diffisus,
3089 4082 3238 4137 omni
3276 4083 3366 4138 illa
3421 4084 3702 4153 provincia

2120 4175 2333 4241 relicta,
2363 4175 2605 4244 Capuam
2655 4175 2841 4240 rediit,
2880 4185 3047 4245 atque
3076 4176 3201 4231 inde
3247 4177 3411 4231 etiam
3439 4189 3562 4247 post
3593 4179 3710 4233 dis-

2119 4263 2306 4319 cessit.
2342 4264 2412 4318 At
2444 4262 2816 4332 Scipionibus,
2867 4264 3026 4318 Ibero
3072 4279 3231 4318 amne
3273 4265 3383 4335 jam
3421 4278 3702 4334 superato,

2119 4369 2281 4426 agros
2308 4355 2657 4411 vasrantibus
2686 4365 2742 4411 ct
2769 4356 2936 4411 urbes
2994 4357 3364 4427 capientibus,
3405 4359 3571 4414 etiam
3601 4360 3701 4414 As-

2120 4445 2374 4511 drubale,
2405 4447 2499 4518 qui
2551 4448 2620 4503 ad
2664 4465 2729 4504 ea
2761 4449 3106 4519 prohibenda
3141 4451 3466 4505 festinanter
3511 4467 3703 4506 accur-

437 4519 652 4586 πόλεως
695 4524 906 4595 ἀπέστη
939 4541 955 4556 ο
1003 4524 1104 4595 τὴν
1137 4525 1192 4579 δὲ
1223 4525 1409 4598 χώραν
1453 4529 1658 4602 ἔκειρε,
1711 4535 1905 4608 μέχρις
1953 4534 2016 4594 οὗ

2124 4547 2291 4604 rerat,
2326 4542 2443 4595 acie
2477 4538 2643 4607 victo,
2702 4540 3194 4611 Carthaginienses
3215 4542 3516 4613 majoribus
3549 4544 3704 4596 auxi-

441 4614 589 4683 μάχῃ
622 4615 764 4668 κατὰ
791 4615 851 4669 τὸ
891 4617 1113 4688 ἰσχυρὸν
1156 4619 1390 4690 ἡττήθη,
1422 4621 1510 4690 ἐφ’
1550 4617 1595 4692 ᾧ
1643 4626 1734 4678 καὶ
1783 4628 2011 4700 ἣλγησε.

438 4705 634 4759 Πολλοὶ¹
668 4705 769 4776 μὲν
797 4707 906 4777 γὰρ
941 4709 1180 4780 Ἴϐηρες,
1220 4712 1404 4767 πολ-λοὶ
1432 4715 1490 4768 δὲ
1525 4718 1621 4770 καὶ
1655 4719 1766 4772 τῶν
1797 4723 2015 4776 Λιϐύων

438 4798 798 4866 ἐγκατέλιπον
840 4802 1026 4866 αὐτὸν,
1055 4806 1151 4857 καὶ
1183 4806 1321 4876 πρὸς
1351 4809 1477 4872 τοὺς
1514 4811 1824 4882 Ῥωμαίους
1849 4816 2015 4885 ηὐτο-

440 4890 712 4963 μόλησαν,
770 4893 798 4946 ὃ
831 4893 986 4949 οὔπω
1021 4897 1154 4966 πρὶν
1209 4899 1403 4955 ἔπαθε.
1465 4905 1786 4974 Καταγνοὺς
1847 4909 1896 4962 δ’
1949 4911 2016 4964 ἐκ

436 4983 631 5038 τούτου
672 4986 769 5038 καὶ
809 4987 1004 5041 ἐαυτοῦ
1039 4990 1264 5044 καὶτῶν
1295 4997 1669 5063 στρατιωτῶν,
1699 5001 1881 5054 πᾶσαν
1913 5002 2014 5074 τὴν

435 5075 544 5146 γῆν
573 5077 796 5149 ἐκείνην
833 5079 1072 5148 ἐξέλιπε,
1104 5084 1199 5136 καὶ
1227 5084 1309 5148 είς
1330 5085 1428 5155 τὴν
1463 5088 1700 5159 Καπύην
1734 5093 2016 5166 ἀνεχώρη-

438 5185 532 5222 σεν
559 5186 574 5200 ο
629 5166 748 5225 εἶτα
779 5171 1038 5227 κάκεῖθεν
1087 5176 1346 5247 μετέστη.
1380 5181 1443 5233 Ol
1475 5181 1532 5234 δέ
1575 5184 1878 5251 Σκιπίωνες
1925 5189 2015 5242 τόν

434 5277 497 5314 τε
526 5261 722 5334 Ἴϐηρα
760 5266 1006 5336 ποταμὸν
1049 5267 1328 5338 διέϐησαν,
1366 5273 1460 5325 καὶ
1497 5274 1596 5344 τὴν
1636 5275 1821 5346 χώραν
1850 5279 2017 5349 ἐπόρ-

437 5353 587 5422 θουν,
631 5357 728 5410 καὶ
766 5359 948 5422 πόλεις
985 5363 1352 5432 προσήγοντο.
1400 5367 1498 5419 καὶ
1530 5369 1622 5420 τὸν
1681 5371 2016 5442 Ἀσδρούϐαν

437 5445 527 5501 διά
567 5447 742 5502 ταῦτα
798 5451 1003 5524 σπουδῇ
1071 5453 1366 5510 ἐπελθόντα
1424 5459 1571 5530 μάχῃ
1618 5459 1896 5532 ἐνίκησαν.
1951 5468 2016 5520 Οἱ

439 5539 803 5611 Καρχηδόνιοι
847 5543 924 5610 δὲ,
957 5544 1130 5598 ταῦτα
1198 5547 1486 5617 μαθόντες,
1546 5557 1641 5606 καὶ
1692 5558 2016 5626 νομίσαντες

438 5630 688 5695 πλείονος
740 5634 833 5686 τὸν
875 5633 1280 5709 Ἀσδρούϐανῆ
1339 5641 1432 5694 τὸν
1496 5644 1749 5699 Ἀννίϐαν
1805 5649 2016 5704 δεῖσθαι

444 5720 724 5791 βοηθείας,
753 5726 848 5776 καὶ
879 5725 1213 5795 φοϐηθέντες
1241 5731 1314 5798 μὴ
1351 5733 1446 5784 καὶ
1478 5735 1534 5798 ἐς
1575 5737 1676 5806 τὴν
1713 5738 1924 5806 Λιϐύην
1964 5741 2016 5794 οἱ

439 5812 747 5880 Σκιπίωνες
780 5815 1034 5886 διαϐῆναι
1071 5817 1486 5896 ἐπιχειρήσωσι,
1535 5827 1612 5901 τῷ
1653 5828 1755 5900 μὲν
1797 5830 2016 5902 Ἀννίϐᾳ

2117 4631 2208 4686 liis
2236 4630 2552 4698 Asdrubali,
2579 4650 2744 4705 quam
2767 4635 3044 4698 Annibali,
3079 4649 3218 4706 opus
3243 4651 3368 4691 esse
3389 4637 3518 4697 rati,
3548 4645 3604 4690 et
3634 4653 3703 4689 ne

2119 4723 2407 4793 Scipiones
2457 4725 2511 4780 in
2562 4725 2803 4781 Africam
2841 4727 3162 4794 trajicerent
3200 4726 3362 4782 veriti
3389 4767 3402 4788 .
3446 4726 3702 4781 Annibali

2120 4816 2303 4884 parvis
2355 4817 2758 4886 supplementis
2807 4817 3010 4877 missis,
3065 4818 3357 4872 maximam
3415 4818 3701 4886 copiarum

2117 4919 2330 4979 partem
2363 4924 2486 4964 cum
2520 4909 2748 4981 Magone
2777 4927 2940 4980 quam
2973 4912 3264 4966 celerrime
3293 4913 3348 4966 in
3383 4912 3706 4981 Hispaniam

2117 5001 2482 5072 ablegarunt:
2515 5003 2775 5074 jubentes
2829 5011 2906 5062 ut,
2976 5004 3142 5058 rebus
3191 5004 3304 5058 illic
3355 5004 3698 5067 constitutis,

2117 5093 2238 5164 ipse
2267 5093 2324 5147 in
2351 5095 2621 5164 praesidiis
2645 5105 2812 5158 esset,
2872 5093 3146 5149 Asdrubal
3178 5105 3360 5148 autem
3394 5109 3518 5147 cum
3545 5109 3705 5148 exer-

2118 5185 2232 5242 citu
2269 5187 2324 5241 in
2361 5187 2571 5242 Italiam
2616 5188 3085 5258 proficisceretur.
3135 5186 3254 5252 Quo
3284 5185 3526 5256 cognito,
3580 5183 3702 5239 Sci-

2116 5279 2314 5348 piones
2345 5295 2522 5348 pugna
2555 5281 2959 5339 abstinuerunt,
3009 5295 3078 5333 ne
3103 5278 3243 5331 forte
3270 5277 3448 5330 victor
3486 5276 3697 5331 Asdru-

2119 5372 2207 5426 bal
2244 5372 2297 5425 in
2326 5371 2536 5426 Italiam
2567 5380 2906 5441 properaret.
2939 5370 3077 5425 Cum
3113 5378 3297 5423 autem
3328 5368 3461 5422 socii
3501 5369 3705 5425 Roma-

2118 5479 2317 5518 norum
2340 5463 2936 5533 aCarthaginiensibus
2957 5471 3307 5523 vexarentur,
3327 5459 3556 5515 Publius
3577 5476 3702 5516 cum

2119 5556 2375 5611 hostibus
2403 5569 2757 5625 congressus,
2794 5555 2967 5608 vicit:
3007 5553 3188 5608 Cueus
3221 5569 3251 5607 e
3285 5569 3465 5624 pugna
3491 5555 3704 5610 abeun-

2121 5657 2224 5713 tes,
2258 5658 2519 5718 exccptos
2550 5648 2774 5703 occidit.
2804 5648 2886 5702 Ob
2916 5663 3037 5703 eam
3075 5648 3312 5711 cladem,
3364 5659 3419 5703 et
3452 5649 3708 5719 frequen-

2120 5749 2230 5796 tem
2280 5741 2500 5797 urbium
2530 5741 2926 5808 defectionem,
2973 5743 3139 5796 etiam
3188 5742 3335 5796 Afris
3383 5743 3589 5812 aliquot
3638 5744 3706 5797 ad

2119 5832 2400 5888 Romanos
2456 5833 2892 5903 transeuntibus,
2952 5832 3228 5890 Asdrubal
3297 5833 3557 5904 Opinione
3609 5849 3707 5890 sua
