4024 6428
410 378 519 440 7'23

1658 384 1856 444 ANNA
1873 386 1939 444 Ll
1955 386 2069 447 UM
2107 388 2248 449 LIB.
2296 390 2404 449 υἱ.

3578 397 3608 418 σ-
3620 382 3681 418 ςῑη

3591 413 3682 455 (Lit

414 514 662 566 Ἄννωνα
697 517 825 582 περὶ
865 512 1188 568 Βενεϐεντὺν
1226 517 1618 588 ἀπαντήσαντα
1649 522 1699 575 οἱ
1736 522 1799 576 ἐκ
1826 524 1984 594 Βρετ·

2096 503 2299 558 Fabius
2323 504 2679 575 Campaniam
2706 516 2759 560 et
2788 506 3072 560 Samnium
3108 508 3361 563 vastavit.
3394 509 3682 564 Marcellus

408 606 540 657 τίων
578 608 867 675 ἐτρέψατο.
907 606 1219 660 Κάντεῦθεν
1259 608 1487 679 προῖὼν,
1521 612 1612 666 τόν
1642 631 1699 667 τε
1744 613 1992 669 Ἀννίϐαν

410 698 823 764 παρεφύλαττε,
897 700 993 750 καὶ
1040 698 1106 750 τά
1163 698 1272 753 τῶν
1327 706 1713 771 ἐφεστηκότων
1747 707 1992 775 ἐπόρθει,

410 790 599 851 πόλεις
631 790 692 841 τὲ
727 807 881 853 τινας
911 791 1249 846 ἀνεσώσατο.
1283 793 1448 847 Αὐτοὶ
1470 796 1526 850 δέ
1560 798 1609 849 οἱ
1639 796 1835 851 ὕπατοι
1860 800 1995 863 προς

408 879 509 948 τὴν
544 879 873 948 Καμπανίαν
903 881 1227 951 ἐτράποντο,
1286 883 1354 935 ἶν’
1395 885 1568 954 αὐτὴν
1597 891 1994 958 χειρωσάμενοι

414 970 582 1040 μηδὲν
625 971 857 1024 κατόπιν
906 972 1169 1043 πολέμιον
1200 975 1563 1041 ύπολίπωσιν,
1601 977 1745 1032 οὕτω
1793 997 1852 1032 τε
1902 982 1994 1034 ἐπὶ

409 1065 501 1116 τὸν
550 1062 800 1117 Ἀννίϐαν
826 1067 1152 1135 χωρήσωσιν
1177 1085 1189 1100 '
1224 1066 1343 1123 εἶτα
1377 1070 1764 1139 διαιρεθέντες,
1794 1074 1994 1137 Φάϐιος

411 1157 512 1226 μὲν
555 1158 625 1210 τά
663 1173 723 1210 τε
775 1158 1022 1224 ἐκείνων,
1059 1160 1127 1213 τά
1159 1178 1216 1213 τε
1253 1163 1347 1214 τοῦ
1378 1163 1615 1232 Σαμνίου
1654 1168 1952 1235 κατέτρεχε
1978 1183 1990 1195 ·

406 1247 732 1319 Μάρκελλος
768 1249 825 1303 δὲ
872 1251 955 1311 είς
989 1252 1091 1318 τὴν
1117 1251 1372 1306 Σικελίαν
1396 1254 1735 1325 ἐπεραιώθη,
1772 1258 1865 1309 καὶ
1892 1257 1991 1320 τὰς

405 1337 767 1408 Συρακούσας
801 1341 1139 1411 ἐπολιόρκει,
1184 1349 1660 1416 προσχωρησάσας
1692 1348 1791 1417 μὲν
1815 1348 1985 1418 αὐτῷ,

404 1424 501 1480 εἶτ’
550 1429 869 1493 ἀποστάτας
911 1431 1048 1502 δόλῳ
1070 1435 1234 1487 τινῶν
1271 1436 1375 1488 ὑπδ
1423 1437 1655 1506 ψευδοῦς
1700 1440 1985 1507 ἀγγελίας,

406 1523 499 1574 καὶ
546 1521 616 1575 δι’
665 1523 950 1591 ἐλαχίστου
997 1524 1064 1578 ἂν
1085 1527 1256 1591 αὐτὰς
1293 1529 1650 1600 ἐχειρώσατο,
1696 1531 1792 1583 καὶ
1846 1533 1987 1586 κατὰ

405 1613 510 1680 γῆν
553 1614 646 1665 καὶ
684 1615 821 1667 κατὰ
862 1617 1138 1671 θάλασσαν
1173 1619 1290 1690 ἅμα
1322 1620 1647 1690 προσϐαλὼν
1672 1624 1751 1693 τῷ
1794 1626 1983 1695 τείχει,

406 1704 457 1754 εί
507 1705 582 1773 μὴ
621 1706 651 1757 6
698 1706 1037 1779 ’Δρχιμήδης
1071 1715 1337 1780 μηχαναῖς
1369 1714 1461 1765 ἐπὶ
1488 1714 1744 1767 πλεῖστον
1786 1716 1985 1777 αὐτοὺς

403 1795 664 1866 ἐποίησεν
719 1799 994 1867 ἀντισχεῖν
1024 1818 1036 1831 ·
1091 1802 1186 1855 καὶ
1229 1802 1410 1865 λίθους
1450 1806 1561 1876 γὰρ
1610 1807 1704 1858 καὶ
1759 1807 1984 1868 ὁπλίτας

404 1889 802 1958 μηχανήμασιν
850 1894 1134 1963 ἀπαρτῶν,
1178 1897 1362 1950 καθίει
1411 1915 1469 1951 τε
1517 1899 1851 1963 ἐξαπιναίως
1885 1902 1984 1954 αὖ·

2103 599 2155 652 in
2190 599 2432 654 Siciliam
2466 601 2765 669 profectus,
2809 602 3108 673 Syracusas
3139 604 3377 658 obsedit.
3403 605 3534 671 Quae
3557 621 3680 659 cum

2099 692 2438 747 deditionem
2479 694 2739 749 fecissent
2766 736 2779 759 ,
2816 695 2945 749 dolo
2988 696 3272 765 cujusdam
3309 707 3534 766 propter
3583 698 3685 751 fal-

2096 801 2216 840 sum
2252 789 2506 841 nuntium
2534 788 2718 843 denuo
2748 789 3111 859 defecerunt:
3148 805 3211 843 ac
3244 790 3333 852 iis,
3369 797 3515 844 terra
3564 806 3682 843 ma-

2095 878 2254 948 rique
2294 879 2494 935 mmnia
2523 880 2771 943 adortus,
2816 881 3073 936 facillime
3114 882 3323 951 potitus
3360 891 3541 945 esset,
3578 882 3683 938 nisi

2095 971 2444 1027 Archimedis
2476 973 2743 1028 machinae
2764 973 3127 1029 obstitissent.
3180 974 3314 1028 Nam
3350 983 3405 1028 et
3432 974 3644 1041 lapides
3668 1016 3683 1038 ,

2094 1075 2150 1118 et
2181 1063 2388 1118 milites
2421 1063 2549 1119 inde
2581 1079 2904 1133 suspensos,
2944 1066 3130 1121 subito
3168 1075 3223 1119 et
3250 1065 3597 1125 demittebat,
3631 1074 3686 1118 et

2095 1161 2265 1230 paulo
2297 1169 2580 1213 momento
2620 1162 2954 1217 retrahebat.
2984 1162 3120 1216 Aliis
3154 1178 3376 1230 quoque
3413 1162 3685 1215 n'achinis

2090 1253 2345 1322 injectis,
2393 1268 2560 1307 naves
2602 1261 2657 1308 et
2704 1266 2887 1308 turres
2945 1256 3295 1308 attrahehat:
3328 1256 3463 1308 etin
3513 1255 3682 1307 altum

2090 1344 2319 1400 educms
2382 1346 2568 1399 subito
2620 1345 2986 1411 demittebat,
3062 1354 3122 1399 ut
3207 1361 3333 1400 cum
3386 1347 3596 1413 impetu
3629 1346 3683 1399 in

2089 1449 2262 1501 aquas
2295 1434 2523 1504 relapsa!
2568 1444 2971 1505 mergerentur.
3002 1436 3250 1506 Denique
3285 1445 3452 1490 totam
3479 1436 3683 1490 Roma-

2088 1541 2285 1579 norum
2328 1526 2559 1581 classem
2606 1527 2933 1581 miralilitcr
2980 1530 3211 1582 exussit.
3258 1526 3495 1596 Speculo
3534 1526 3681 1580 enim

2086 1616 2323 1686 quodam
2372 1630 2566 1671 versus
2619 1617 2787 1671 solem
2833 1632 3133 1687 suspenso,
3187 1615 3371 1671 radios
3416 1616 3678 1683 excepit:

2085 1726 2326 1781 aereque
2360 1712 2431 1766 ob
2461 1712 2793 1767 densitatem
2826 1722 2884 1767 et
2930 1713 3211 1767 levitatem
3251 1709 3462 1780 speculi
3504 1723 3570 1763 ex
3608 1708 3681 1761 iis

2087 1807 2255 1861 radiis
2285 1807 2530 1867 incenso,
2580 1804 2783 1869 ell‘ecit,
2828 1813 2886 1859 ut
2928 1807 3121 1876 ingens
3157 1803 3375 1858 ﬂamma
3422 1810 3571 1856 recta
3618 1799 3672 1852 i'n

2086 1912 2253 1952 naves
2282 1897 2430 1951 illata
2455 1913 2647 1952 omnes
2678 1913 2774 1951 eas
2801 1907 3093 1952 cremaret.
3136 1896 3428 1951 Marcellus
3481 1892 3675 1956 igitur.

400 1983 552 2045 τοὺς,
589 1985 683 2036 καὶ
719 1985 935 2040 ἀνέσπα
967 1989 1033 2040 δι’
1063 1990 1267 2059 ὀλίγου.
1300 1994 1436 2057 Ταῖς
1460 1994 1515 2046 δὲ
1547 2002 1707 2047 ναυσί
1736 1998 1831 2049 καὶ
1864 1998 1984 2059 ταῖς

2090 1990 2161 2044 ob
2211 1989 2561 2045 Archimedis
2591 1991 2870 2060 ingenium
2908 1989 3319 2060 egpugnatione
3360 1987 3672 2055 desperata.

402 2076 776 2146 πυργοφόροις
805 2079 998 2148 ἐτέρας
1033 2082 1398 2155 ἐπιρρίπτων,
1440 2087 1654 2139 ἀνεῖλκέ
1687 2104 1747 2140 τε
1792 2088 1985 2153 αὐτὰς,

402 2165 499 2216 καὶ
552 2169 898 2238 μετεωρίζων
946 2173 1162 2243 ἀθρόως
1207 2174 1380 2245 ἠφίει,
1421 2175 1561 2231 ὥστε
1605 2179 1987 2247 ἐμπιπτούσας

401 2256 484 2318 εἰς
514 2256 574 2309 τὸ
611 2258 755 2331 ὕδωρ
790 2260 937 2334 ῥύμῃ
993 2263 1379 2335 βαπτίζεσθαι.
1421 2272 1528 2322 Καὶ
1573 2271 1726 2334 τέλος
1761 2269 1987 2341 σύμπαν

401 2346 463 2399 τὸ
491 2352 747 2406 ναυτικὸν
797 2354 904 2409 τῶν
941 2355 1234 2428 Ῥωμαίων
1276 2362 1596 2433 παραδύξως
1643 2363 1983 2434 κατέπρησε.

406 2438 724 2512 Κάτοπτρον
744 2445 850 2517 γάρ
884 2464 935 2501 τι
962 2451 1098 2518 πρὸς
1128 2451 1219 2504 τὸν
1248 2452 1399 2522 ἥλιον
1444 2454 1780 2517 ἀνεκτείνας,
1812 2456 1911 2524 τήν
1928 2471 1988 2507 τε

407 2529 603 2584 ἀκτῖνα
658 2537 824 2590 αὐτοῦ
875 2541 933 2603 ἐς
991 2541 1125 2594 αὐτὸ
1180 2543 1510 2610 εἰσεδέξατο,
1563 2546 1659 2599 καὶ
1713 2545 1806 2599 τὸν
1848 2546 1988 2618 ἀέρα

402 2622 500 2676 ἀπ’
530 2624 702 2696 αὐτῆς
742 2631 804 2699 τῇ
865 2634 1161 2704 πυκνότητι
1218 2637 1314 2689 καὶ
1366 2638 1433 2705 τῇ
1485 2637 1725 2708 λειότητι
1756 2636 1850 2691 τοῦ
1884 2656 1985 2692 κασ-

399 2710 640 2783 τόπτρου
677 2719 958 2788 πυρώσας,
992 2722 1166 2791 φλόγα
1200 2742 1261 2778 τε
1295 2726 1542 2798 μεγάλην
1583 2726 1866 2793 ἐξέκαυσε,
1888 2731 1982 2783 καὶ

400 2803 582 2856 πᾶσαν
622 2808 793 2880 αὐτὴν
837 2813 896 2874 ἐς
941 2814 1041 2876 τὰς
1069 2814 1202 2877 ναῦς
1241 2816 1346 2871 ὑπὸ
1380 2816 1479 2887 τὴν
1514 2816 1609 2870 τοῦ
1646 2819 1818 2888 πυρὸς
1862 2817 1981 2870 ὁδὸν

396 2894 678 2965 ὁρμούσας
730 2902 975 2966 ἐνέϐαλε,
1026 2906 1120 2960 καὶ
1164 2906 1344 2970 πάσας
1388 2908 1754 2963 κατέκαυσεν.

2093 2082 2458 2138 diuturnitate
2487 2082 2791 2137 obsidionis
2817 2091 2873 2136 et
2905 2081 3048 2135 fame
3080 2080 3273 2135 urbem
3309 2078 3533 2133 domare
3560 2087 3677 2131 sta-

2095 2177 2239 2240 tnit,
2275 2190 2451 2246 eaque
2483 2175 2723 2231 Pulchro
2755 2176 3011 2228 mandata
3035 2213 3049 2236 ,
3087 2174 3205 2243 ipse
3249 2171 3314 2226 ad
3351 2168 3680 2225 deiectionis

2090 2284 2285 2323 eorum
2329 2268 2509 2323 socios
2551 2282 2611 2321 se
2650 2267 2923 2321 convertit
2957 2283 2971 2320 :
3018 2280 3082 2320 ac
3112 2263 3515 2335 paenitentibus
3542 2277 3676 2318 con-

2092 2375 2249 2416 cessa
2295 2359 2496 2424 venia,
2547 2358 2715 2431 525
2762 2357 3084 2413 resistentes
3135 2372 3329 2427 aspere
3386 2354 3676 2413 tractavit:

2090 2453 2293 2505 multas
2340 2450 2506 2504 urbes
2562 2450 2639 2505 vi.
2676 2448 2938 2517 quasdam
2973 2447 3287 2517 proditione
3322 2446 3487 2514 cepit.
3523 2444 3675 2499 Inte-

2091 2543 2196 2595 rim
2233 2540 2470 2594 Himilco
2492 2537 2822 2609 Carthagine
2850 2553 2974 2593 cum
3005 2536 3249 2592 exercitu
3281 2535 3588 2606 profectus,
3622 2543 3678 2589 et

2089 2635 2389 2705 Agrigento
2435 2642 2492 2687 et
2554 2632 2815 2685 lleraelea
2869 2627 3193 2699 occupatis,
3252 2628 3316 2681 ad
3373 2626 3677 2698 Syracusas

2087 2738 2438 2794 progressus,
2469 2730 2526 2777 et
2548 2722 2726 2777 victus
2752 2728 2858 2785 est,
2889 2730 2946 2775 et
2978 2719 3218 2775 vicissim
3245 2718 3379 2773 vicit
3406 2734 3419 2770 :
3455 2725 3511 2771 et
3540 2715 3676 2771 sub-

2086 2817 2164 2869 ito
2192 2814 2433 2869 Marcelli
2464 2821 2800 2884 superventu
2833 2812 3017 2865 denuo
3042 2809 3355 2865 succubuit.

1844 2907 2147 2976 Ἀπογνοὺς
2199 2904 2293 2958 οὖν
2337 2907 2362 2957 6
2428 2903 2748 2971 Μάρκελλος
2793 2903 2891 2969 τὴν
2959 2901 3120 2955 πόλιν
3184 2902 3437 2973 αἱρήσειν
3482 2900 3570 2954 διὰ
3613 2893 3677 2951 τὸ

398 2992 494 3043 τοῦ
532 2991 896 3065 Ἀρχιμήδους
930 2999 1263 3070 εὐμήχανον,
1295 3001 1443 3073 λιμῷ
1506 3003 1702 3066 αὐτοὺς
1728 3002 2022 3072 κατασχεῖν
2060 3002 2126 3053 ἐκ
2173 2998 2498 3070 προσεδρίας
2571 2997 2923 3066 διεμελέτησε
2958 3013 2972 3026 ·
3026 2996 3121 3050 καὶ
3164 2995 3369 3059 ταύτας
3421 2997 3520 3065 μὲν
3592 2994 3672 3063 τῷ

404 3088 670 3159 Πούλχρῳ
694 3092 1017 3162 ἐπέτρεψεν,
1080 3095 1242 3159 αὐτὸς
1270 3095 1318 3150 δ’
1355 3096 1449 3149 ἐπὶ
1478 3097 1605 3160 τοὺς
1638 3095 2082 3156 συναποστάντας
2125 3093 2310 3163 σφίσιν
2357 3091 2626 3161 ἐτράπετο
2652 3104 2664 3119 θ
2736 3090 2834 3142 καὶ
2896 3091 3007 3148 τοῖς
3078 3088 3178 3157 μὲν
3244 3086 3659 3157 γνωσιμαχοῦσι

403 3179 739 3251 συγγνώμην
772 3182 958 3252 ἔνεμε,
988 3185 1112 3245 τοὺς
1140 3186 1185 3238 δ’
1249 3187 1680 3257 ἀνθισταμένους
1726 3185 2158 3257 μετεχειρίζετο
2247 3181 2523 3254 χαλεπῶς,
2574 3181 2670 3234 καὶ
2711 3182 2911 3250 συχνὰς
2981 3178 3083 3249 μὲν
3122 3178 3230 3233 τῶν
3311 3178 3521 3232 πόλεων
3549 3177 3661 3249 βίᾳ,

400 3272 556 3335 τινας
589 3272 647 3326 δὲ
674 3275 767 3327 καὶ
797 3275 1054 3345 προδοσίᾳ
1080 3277 1226 3348 ᾔρει.
1269 3280 1359 3332 Ἐν
1393 3264 1602 3343 τούτοις
1640 3281 1686 3333 δ’
1725 3280 1984 3350 Ἰμίλκων
2023 3281 2087 3332 ἐκ
2153 3275 2503 3348 Καρχηδόνος
2532 3276 2629 3328 σὺν
2695 3273 2908 3345 στρατῷ
2937 3268 3064 3345 ἧκε,
3095 3272 3189 3326 τὸν
3227 3271 3576 3342 Ἀκράγαντα
3607 3286 3669 3322 τε

401 3368 659 3436 κατέσχε,
688 3369 784 3422 καὶ
816 3368 912 3438 τὴν
957 3369 1302 3441 Ἡράκλειαν,
1338 3374 1591 3445 καὶπρὸς
1615 3372 1968 3443 Συρακούσας
2009 3370 2201 3436 ἐλθὼν,
2268 3370 2476 3440 ἡττήθη
2500 3385 2562 3422 τε
2596 3368 2691 3423 καὶ
2715 3367 3174 3438 ἀντεπεκράτησε
3208 3381 3227 3401 ο
3260 3365 3355 3419 καὶ
3388 3364 3481 3418 τοῦ
3514 3365 3672 3433 Μαρ-

403 3460 597 3513 κέλλου
641 3459 906 3531 ἐξαπίνης
958 3461 1110 3533 αὖτῷ
1155 3465 1604 3535 προσπεσόντος,
1666 3464 1823 3531 αὖθις
1876 3464 2127 3537 ἐνικήθη.

472 3578 548 3631 E'.
591 3577 872 3631 Ἐντεῦθεν
897 3579 923 3631 ὁ
950 3580 1272 3647 Μάρκελλος
1296 3585 1416 3645 ταῖς
1444 3584 1816 3649 Συρακούσαις
1845 3585 1980 3654 ἐφή-

2159 3579 2225 3635 ν.
2265 3579 2479 3634 Dehinc
2503 3578 2794 3634 Marcellus
2827 3576 3116 3649 Syracusis
3138 3573 3365 3642 assedit,
3402 3574 3671 3630 Annibale

401 3668 591 3735 δρευεν
618 3683 632 3697 ·
689 3669 717 3719 6
762 3667 808 3718 δ’
853 3668 1098 3731 Ἀννίϐας
1133 3672 1190 3723 ἐν
1232 3674 1296 3741 τῇ
1347 3672 1637 3744 Καλαϐρίᾳ
1685 3673 1977 3743 διέτριϐεν.

402 3761 464 3812 0i
505 3758 689 3828 μέντοι
743 3757 1009 3826 Ῥωμαῖοι
1050 3761 1221 3814 πολλὰ
1267 3759 1423 3824 αὖθις
1466 3765 1561 3818 καὶ
1596 3764 1832 3835 δυσχερῆ
1885 3781 1982 3817 πε-

405 3850 667 3907 πόνθασιν
699 3866 712 3880 ·
749 3850 884 3903 οἵτε
908 3852 1017 3924 γὰρ
1052 3852 1250 3908 ὕπατοι
1292 3856 1430 3926 πρὸς
1458 3860 1524 3928 τῇ
1555 3859 1755 3928 Καπύη
1790 3857 1982 3912 ἔπται-

406 3964 528 4012 σαν,
562 3945 656 3999 καὶ
685 3946 713 3998 6
744 3945 990 4017 Γράκχος
1016 3949 1073 4001 ἐν
1100 3952 1167 4018 τῇ
1199 3951 1481 4022 Λευκανίᾳ
1504 3950 1773 4018 ἀπώλετο,
1802 3953 1896 4005 καὶ
1930 3952 1981 4005 οἱ

404 4040 734 4109 Ταραντῖνοι
765 4041 858 4092 καὶ
879 4040 1040 4093 ἄλλαι
1065 4041 1249 4105 πόλεις
1276 4041 1594 4111 ἀπέστησαν
1629 4062 1641 4075 ·
1677 4046 1769 4098 καὶ
1792 4047 1819 4097 6
1858 4044 1981 4098 ’Λν-

404 4131 580 4196 νίϐας,
604 4132 975 4203 κατεπτηχὼς
991 4133 1281 4203 πρότερον,
1306 4136 1362 4187 ἐν
1384 4136 1450 4205 τῇ
1470 4134 1667 4205 Ἰταλίᾳ
1690 4154 1747 4187 τε
1773 4135 1983 4205 ἔμεινε,

406 4225 499 4277 καὶ
540 4225 634 4278 ἐπὶ
661 4225 760 4293 τὴν
800 4224 1027 4296 Ῥώμην
1058 4227 1415 4306 ἐστράτευσε,
1454 4229 1551 4282 καὶ
1598 4229 1647 4281 οί
1679 4230 1983 4292 Σκιπίωνες

402 4314 855 4385 ἄμφωδιώλοντο.
885 4316 1179 4388 Ἐπαρθεὶς
1200 4314 1292 4372 οὖν
1319 4319 1410 4372 ἐπὶ
1435 4321 1647 4384 τούτοις
1672 4324 1699 4375 6
1733 4321 1983 4385 Ἀννίϐας

403 4405 731 4476 ἐπεχείρησε
762 4409 825 4475 τῇ
852 4404 1055 4478 Καπύη
1081 4406 1370 4478 βοηθῆσαι,
1398 4412 1488 4462 καὶ
1519 4405 1652 4481 ἦλθε
1686 4410 1849 4481 μέχρι
1882 4412 1983 4463 Βε-

405 4494 684 4550 νεϐεντοῦ.
725 4496 829 4547 Τὸν
876 4496 932 4549 δὲ
984 4497 1255 4552 Κλαύδιον
1304 4502 1385 4563 είς
1437 4502 1536 4566 τὴν
1578 4502 1886 4555 Λευκανίαν
1919 4503 1984 4555 ἐκ

400 4582 496 4639 τοῦ
519 4587 754 4655 Σαμνίου
802 4587 891 4640 διὰ
927 4588 1020 4641 τὸν
1052 4589 1144 4643 τοῦ
1177 4591 1428 4663 Γράκχου
1457 4592 1688 4646 θάνατον
1709 4593 1983 4664 ἀπεληλυ-

403 4672 557 4725 θέναι
585 4672 913 4741 πυθόμενος,
945 4677 1040 4729 καλ⁵
1067 4678 1325 4749 φοϐηθεὶς
1362 4682 1437 4752 μή
1494 4700 1615 4735 τινα
1643 4684 1813 4754 αὐτῆς
1848 4701 1983 4753 σφε-

402 4761 713 4831 τερίσηται,
759 4765 945 4818 οὐκέτι
997 4770 1308 4838 περαιτέρω
1363 4771 1832 4844 προσεχώρησεν·
1895 4776 1985 4829 ἐπ’

403 4853 614 4907 ἐκεῖνον
659 4855 703 4908 δ’
740 4857 1032 4926 ἐτράπετο.
1070 4857 1191 4912 Τῶν
1225 4862 1543 4917 Σκιπιώνων
1578 4864 1635 4918 δὲ
1687 4865 1975 4933 θανόντων,

403 4944 554 4996 πᾶσα
602 4947 636 5014 ἡ
695 4945 904 5015 Ἰϐηρία
939 4949 1265 5018 τετάρακτο.
1314 4953 1427 5005 Καὶ
1468 4954 1515 5005 οἱ
1573 4952 1671 5023 μὲν
1716 4955 1977 5017 ἑκουσίως

402 5033 541 5101 πρὸς
571 5033 702 5096 τοὺς
734 5036 1140 5106 Καρχηδονίους
1167 5039 1483 5107 ἀπέκλινον,
1529 5042 1577 5095 oi
1606 5043 1662 5095 δὲ
1686 5045 1779 5097 καὶ
1808 5044 1979 5112 ἀναγ-

402 5121 718 5191 καζόμενοι,
754 5127 802 5177 εί
852 5126 948 5178 καὶ
998 5127 1225 5198 ὕστερον
1266 5126 1422 5194 αὖθις
1486 5132 1625 5202 πρὸς
1674 5136 1799 5198 τοὺς
1841 5137 1981 5189 Ῥω-

404 5213 601 5283 μαίους
637 5215 963 5273 ἀπένευσαν.
1010 5221 1067 5274 ’0
1118 5219 1176 5273 δὲ
1234 5222 1579 5294 Μάρκελλος,
1638 5226 1761 5278 ἐπεὶ
1810 5228 1980 5297 μηδὲν

402 5306 763 5376 προσϐάλλων
789 5312 911 5372 ταῖς
940 5310 1324 5382 Συρακούσαις
1346 5315 1627 5387 ἐπέραινε,
1653 5318 1895 5372 τοιοῦτόν
1925 5337 1977 5373 τι

400 5397 725 5469 ἐπενόησεν.
760 5395 873 5455 Ἦν
923 5419 976 5455 τι
1020 5406 1135 5469 τοῖς
1182 5406 1576 5477 Συρακουσίοις
1624 5409 1718 5464 τοῦ
1764 5412 1982 5481 τείχους

399 5487 696 5560 ἐπίμαχον,
721 5488 757 5543 ὃ·
783 5491 1106 5564 Γαλεάγραν
1127 5495 1439 5567 ὠνόμαζον,
1476 5498 1504 5551 ὃ
1532 5501 1661 5570 πρῖν
1691 5500 1792 5570 μὲν
1822 5503 1982 5555 ἐλᾶν-

400 5578 533 5632 θεῖνε
585 5582 832 5636 τοιοῦτον
880 5583 962 5651 ὃν,
1000 5586 1125 5639 τότε
1163 5586 1222 5641 δὲ
1271 5590 1553 5662 ἐφωράθη.
1590 5592 1847 5663 Τηρήσας
1887 5588 1981 5647 οὖν

400 5671 530 5735 τοὺς
562 5673 967 5745 Συρακουσίους
1000 5680 1308 5751 παννυχίδα
1333 5685 1401 5755 τῇ
1440 5683 1720 5754 Ἀρτέμιδι
1748 5687 1983 5755 ἄγοντας

402 5762 706 5835 πανδημεὶ,
740 5766 995 5822 ἐκέλευσε
1025 5771 1388 5842 στρατιώταις
1418 5777 1527 5828 τισὶ
1561 5778 1680 5831 κατ’
1717 5778 1894 5833 ἐκεῖνο
1921 5780 1981 5833 τὸ

2082 3672 2137 3726 in
2163 3670 2416 3727 Calabria
2449 3678 2709 3725 versante
2736 3685 2752 3722 :
2786 3666 3022 3724 Romani
3049 3674 3235 3722 autem
3259 3665 3442 3720 denuo
3471 3664 3671 3719 multas

2081 3763 2266 3819 clades
2299 3768 2658 3831 acceperunt.
2689 3760 2827 3816 Nam
2857 3768 2913 3815 et
2938 3773 3084 3815 coss.
3122 3757 3188 3813 ad
3210 3756 3464 3827 Capuam
3491 3755 3669 3824 impc-

2080 3865 2301 3929 gerunt,
2326 3866 2381 3911 et
2402 3855 2682 3911 Gracchus
2708 3855 2762 3907 in
2786 3852 3031 3908 Lucania
3071 3851 3258 3922 periit,
3291 3860 3349 3906 et
3376 3848 3665 3904 Tarentini

2082 3957 2247 4018 atque
2295 3948 2415 4002 alia;
2468 3946 2634 4001 urbes
2673 3945 3038 4013 defecerunt:
3085 3952 3142 3998 et
3187 3940 3421 3997 Annibal
3455 3939 3664 3995 dudum

2084 4041 2330 4099 territus.
2360 4040 2412 4093 in
2441 4038 2597 4093 Italia
2627 4037 2850 4099 mansit,
2875 4044 2930 4090 et
2961 4044 3149 4090 contra
3175 4033 3404 4088 Romam
3429 4040 3514 4087 est
3540 4048 3665 4102 pro-

2082 4132 2263 4187 fectus
2296 4150 2309 4184 :
2346 4139 2403 4185 et
2449 4130 2613 4184 ambo
2644 4127 2937 4196 Scipiones
2971 4127 3278 4196 perierunt.
3353 4123 3452 4178 llis
3494 4124 3664 4177 rebus

2082 4226 2263 4280 elatus
2289 4223 2524 4278 Annibal
2550 4264 2564 4283 ,
2600 4236 2759 4292 opem
2797 4221 2940 4274 ferre
2963 4220 3161 4288 Capuae
3192 4225 3458 4280 statuens,
3491 4215 3665 4269 Bene-

2083 4326 2306 4372 ventum
2328 4331 2500 4385 usque
2518 4313 2800 4384 processit.
2830 4310 2934 4366 Sed
2959 4327 3082 4365 cum
3107 4308 3349 4364 audisset
3371 4305 3661 4361 Claudium

2084 4406 2156 4460 ob
2186 4405 2417 4461 Gracchi
2468 4411 2698 4459 mortem
2733 4418 2764 4456 e
2800 4401 3024 4456 Samnio
3052 4400 3105 4453 in
3128 4399 3445 4461 Lucaniam
3485 4407 3664 4450 trans-

2086 4499 2458 4562 isse,veritus
2516 4513 2583 4551 ne
2616 4512 2720 4566 qua
2770 4495 2881 4550 illic
2929 4495 3051 4548 loca
3113 4493 3400 4556 alienaret,
3457 4488 3664 4544 omisso

2086 4591 2309 4653 itinere,
2328 4597 2521 4645 contra
2551 4588 2702 4643 illum
2735 4603 2792 4642 se
2821 4584 3118 4641 convertit.
3139 4583 3457 4653 Scipionum
3493 4581 3658 4644 inter-

2084 4682 2164 4736 itu
2230 4690 2341 4736 tota
2413 4680 2675 4751 Hispania
2740 4688 2824 4733 est
2868 4677 3146 4732 turbata:
3204 4675 3298 4730 alii
3343 4675 3512 4738 ultro,
3572 4673 3661 4726 alii

2087 4774 2138 4827 vi
2166 4772 2366 4837 coacti,
2386 4786 2511 4825 cum
2547 4769 3097 4839 Carthaginiensibus
3127 4781 3186 4821 se
3216 4766 3623 4836 coniunxerunt
3647 4802 3661 4824 ,

2087 4865 2180 4936 qui
2212 4874 2337 4936 post
2359 4865 2427 4919 ad
2450 4864 2827 4918 Romanorum
2857 4861 3160 4915 amicitiam
3184 4860 3491 4915 redierunt.
3520 4857 3665 4912 Mar-

2082 4960 2255 5014 celius
2290 4973 2415 5012 cum
2446 4956 2747 5027 Syracusas
2776 4955 3144 5025 Oppugnando
3180 4952 3317 5008 nihil
3353 4952 3663 5021 proficeret,

2086 5048 2400 5120 hujusmodi
2449 5063 2564 5103 rem
2611 5047 2959 5102 machinatus
3006 5056 3111 5102 est.
3161 5045 3293 5099 Erat
3334 5041 3664 5113 Syracusani

2087 5139 2227 5193 muri
2255 5148 2384 5208 pars
2409 5151 2604 5207 parum
2634 5137 2811 5202 ﬁrma,
2831 5138 2997 5207 quam
3017 5135 3341 5206 Galeagram
3365 5132 3663 5189 vocabant:

2084 5231 2231 5301 quod
2273 5245 2398 5285 cum
2428 5229 2581 5301 prius
2612 5230 2924 5299 ignoratum
2957 5236 3139 5291 esset,
3174 5237 3290 5282 tum
3320 5223 3664 5279 animadver-

2086 5338 2207 5377 sum
2238 5330 2343 5378 cst.
2384 5322 2526 5377 Toto
2558 5321 2726 5392 igitur
2759 5321 2964 5390 populo
2995 5319 3341 5391 Syracusano
3366 5316 3660 5370 nocturnis

2079 5412 2264 5468 Dianae
2295 5412 2470 5469 sacris
2512 5424 2813 5483 operante,
2846 5412 3054 5466 milites
3078 5410 3304 5479 'aliquot
3338 5422 3556 5464 murum
3594 5408 3660 5461 il-

2082 5504 2192 5558 lum
2239 5504 2633 5560 transcendere
2686 5504 2873 5575 jussit.
2932 5502 3036 5570 Qui
3065 5518 3190 5558 cum
3228 5512 3419 5573 portas
3449 5502 3662 5574 aliquot

2079 5596 2461 5666 aperuissent,
2507 5607 2673 5666 atque
2709 5596 2802 5651 alii
2853 5611 3076 5667 quoque
3120 5598 3456 5657 intrassent.
3496 5599 3661 5655 simul

2080 5700 2289 5755 ontncs,
2317 5701 2424 5745 tam
2446 5691 2543 5760 qui
2572 5693 2721 5746 intus
2745 5706 2907 5761 quam
2925 5691 3022 5760 qui
3049 5689 3188 5747 foris
3208 5698 3394 5755 erant,
3414 5705 3483 5745 ex
3507 5707 3653 5747 com—

2078 5782 2261 5853 posito
2290 5785 2582 5839 clamorem
2604 5782 2971 5854 sustulerunt,
2997 5784 3169 5843 hastis
3196 5785 3416 5859 clypeos
3435 5786 3646 5857 pulsati:
