4024 6406
351 333 462 401 ’197

1619 339 1952 403 JOANNIS
1986 337 2179 399 ZONA
2192 339 2313 400 RE

3457 392 3470 404 .
3503 333 3616 400 728

352 470 456 519 tes,
471 462 527 512 et
547 453 776 512 classica
789 454 1134 512 cecinerunt.
1157 453 1372 523 Quibus
1392 455 1560 512 rebus
1576 454 1941 528 Syracusanis

2048 456 2244 528 χωρίον
2270 454 2573 526 ὑπερϐῆναι
2619 453 2679 508 τδ
2711 455 2910 526 τεῖχος.
2959 453 3080 509 Κάκ
3118 453 3316 509 τούτου
3359 451 3526 508 πύλαι
3556 455 3616 507 τέ

347 553 458 621 iam
479 549 610 602 vino
627 548 911 620 gravibus,
931 549 1119 604 subito
1145 548 1450 613 exterritis,
1473 549 1604 604 urbs
1637 560 1796 620 capta
1823 561 1930 616 cat,

355 651 557 712 prater
606 640 938 697 Acradinam
990 651 1048 698 et
1103 643 1363 698 Insulam.
1417 642 1706 697 Marcellus
1749 653 1935 712 partes

351 746 544 805 captas
599 732 826 803 diripit,
875 733 1119 804 reliquas
1171 743 1566 805 oppugnatzet
1615 748 1932 804 quanquam

355 841 482 879 cum
513 825 705 879 labore
743 834 800 880 et
833 824 1009 888 tarde,
1045 833 1226 879 tamen
1253 824 1421 894 capit.
1454 823 1668 890 Quibus
1702 823 1934 878 Romani

355 917 536 988 potiti.
570 926 769 986 prater
795 916 936 972 alios
964 917 1190 981 multos,
1218 916 1384 972 etiam
1416 915 1805 970 Archimedem
1837 929 1934 969 oc-

354 1009 632 1066 ciderunt.
680 1010 815 1064 Nam
846 1024 969 1064 cum
1001 1009 1232 1076 ﬁguram
1267 1009 1561 1078 quamdam
1595 1007 1898 1063 dclinearet
1919 1047 1934 1073 ,

352 1110 412 1156 et
438 1099 627 1154 hostes
659 1098 853 1154 adesse
885 1099 1145 1155 audiret:
1179 1098 1387 1170 Caput,
1445 1099 1660 1170 inquit,
1713 1108 1898 1169 petant
1920 1140 1934 1166 ,

357 1193 555 1246 lineam
589 1207 692 1246 non
717 1200 936 1261 petant;
960 1207 1024 1247 ac
1055 1192 1285 1247 militem
1308 1191 1421 1262 jam
1447 1202 1716 1247 astantem
1743 1206 1935 1263 parum

355 1285 606 1351 curavit,
634 1284 704 1340 ab
730 1299 929 1354 eoque,
958 1283 1103 1355 quod
1131 1300 1161 1339 a
1203 1283 1350 1340 linea
1375 1282 1660 1340 discedere
1680 1283 1938 1354 iussisset

357 1377 522 1441 irato,
539 1391 716 1432 casus
743 1385 846 1432 est.
868 1375 1174 1440 Marcellus,
1191 1375 1478 1448 Syracusis
1505 1374 1855 1446 expugnatis,
1881 1382 1940 1429 et

355 1483 551 1541 magna
596 1467 764 1540 426
808 1467 1008 1524 Sicilia
1063 1478 1218 1538 parte
1276 1477 1636 1538 recuperata,
1688 1481 1939 1537 magnam

356 1560 574 1616 laudem
601 1568 891 1617 assecutus
909 1568 1016 1625 est,
1033 1568 1090 1615 et
1120 1574 1236 1614 cos.
1258 1558 1600 1630 designatus.
1626 1557 1761 1612 Nam
1799 1556 1942 1611 Tor-

358 1656 589 1717 quatum
646 1649 726 1704 illi
770 1649 1020 1719 quidem,
1050 1649 1147 1704 lilii
1175 1649 1262 1706 sui
1293 1647 1732 1709 interfectorem,
1761 1646 1944 1717 elege-

361 1749 488 1796 rant
510 1758 525 1796 :
551 1741 646 1798 sed
667 1758 794 1799 cum
821 1743 913 1799 ille
938 1743 1466 1812 recusasset(neque
1488 1741 1636 1797 enim
1667 1755 1727 1795 se
1754 1739 1941 1811 populi

2038 567 2182 613 τινες
2227 549 2322 603 ὑπ’
2362 547 2545 602 αὐτῶν
2576 546 2956 620 ᾁνεῴχθησαν,
2985 545 3082 600 καί
3123 543 3476 599 εἰσελθόντων
3518 546 3617 600 καὶ

2038 641 2275 711 ἐτέρων,
2331 639 2448 710 ἅμα
2515 639 2718 704 πάντες
2761 638 2871 692 ἀπὸ
2927 635 3181 706 σημείου,
3239 637 3334 691 καὶ
3398 637 3448 690 οί
3509 636 3621 691 εσω

2039 735 2134 786 καὶ
2165 733 2214 785 οί
2246 732 2375 797 ἔξω,
2406 731 2744 803 συνεϐόησαν
2773 729 2866 784 καὶ
2895 731 3007 793 τοῖς
3037 728 3230 800 δόρασι
3255 727 3355 790 τὰς
3381 728 3618 792 ἀσπίδας

2040 823 2432 894 συνέκρουσαν,
2494 821 2588 875 καὶ
2648 821 2698 877 οἰ
2745 819 3080 889 σαλπιγκταὶ
3157 818 3617 889 προσεπήχησαν,

2039 919 2182 970 ὥστε
2217 915 2424 986 ἀθρόαν
2457 916 2560 988 τὴν
2607 914 2876 983 ἔκπληξιν
2919 915 3033 976 τοῖς
3068 909 3462 983 Συρακουσίοις
3495 911 3621 980 μηδ’

2038 1008 2215 1072 ἄλλως
2245 1007 2305 1062 εὖ
2342 1008 2559 1079 ἔχουσιν
2596 1007 2702 1061 ὑπὸ
2734 1005 2908 1078 μέθης
2941 1003 3244 1076 συμϐῆναι,
3269 1001 3364 1056 καὶ
3394 1001 3493 1073 τὴν
3523 1001 3626 1054 πός

2037 1101 2120 1157 λιν
2145 1102 2371 1167 ἁλῶναι,
2413 1101 2552 1173 πλὴν
2581 1105 2680 1174 τῆς
2705 1100 3030 1172 ’Δχραδινῆς
3057 1099 3150 1154 καὶ
3182 1099 3280 1166 τῆς
3304 1096 3487 1168 Νήσου
3519 1114 3624 1149 κα-

2039 1195 2330 1266 λουμένης.
2359 1193 2422 1248 '0
2458 1193 2552 1248 οὖν
2592 1193 2911 1264 Μάρκελλος
2954 1191 3022 1246 τά
3055 1208 3114 1245 τε
3155 1191 3438 1247 ἑαλωκότα
3467 1189 3625 1259 διήρ·

2042 1305 2186 1342 πασε
2224 1287 2456 1352 καὶτοῖς
2503 1285 2580 1358 μὴ
2617 1285 2807 1340 ἁλοῦσι
2837 1283 3166 1357 προσέϐαλε,
3200 1283 3296 1336 καὶ
3330 1282 3430 1336 σὺν
3477 1281 3631 1352 πόνῳ

2045 1382 2145 1452 μὲν
2168 1382 2261 1435 καὶ
2287 1379 2487 1451 χρόνῳ,
2520 1380 2673 1448 ὅμως
2699 1379 2746 1433 δ’
2776 1376 2870 1432 οὖν
2892 1379 2991 1433 καὶ
3019 1375 3132 1432 τῶν
3163 1375 3370 1430 λοιπῶν
3398 1374 3500 1445 τῆς
3525 1376 3631 1428 Συ-

2045 1469 2322 1542 ρακούσης
2361 1470 2690 1542 ἐκράτησεν.
2733 1469 3055 1540 Ἐγκρατεῖς
3083 1468 3140 1522 δέ
3167 1467 3373 1522 τούτων
3408 1468 3456 1520 οἰ
3491 1467 3632 1519 Ῥω’

2047 1563 2197 1630 μαῖοι
2229 1561 2518 1631 γενόμενοι
2548 1559 2746 1623 ἄλλους
2775 1577 2836 1614 τε
2872 1558 3126 1623 πολλοὺς,
3169 1558 3266 1613 καὶ
3303 1557 3396 1611 τὸν
3442 1557 3633 1628 Ἀρχιο

2047 1652 2224 1723 μὴδην
2261 1653 2620 1706 ἀπέκτειναν.
2662 1651 3001 1723 Διάγραμμα
3030 1651 3141 1720 γάρ
3181 1667 3234 1704 τι
3283 1649 3639 1720 διαγράφων,

2046 1745 2142 1796 καὶ
2168 1744 2412 1808 ἀκούσας
2442 1743 2569 1804 τοὺς
2614 1744 2912 1814 πολεμίους
2953 1742 3304 1812 ἐφίστασθαι,
3342 1742 3506 1809 Παρὰ
3533 1758 3626 1795 κε-

361 1846 568 1899 mores,
588 1849 770 1905 neque
786 1835 1242 1906 populumipsius
1262 1834 1554 1904 imperium
1583 1833 1696 1902 pati
1736 1831 1942 1903 posse).

2050 1833 2276 1903 φαλὰν,
2315 1833 2444 1904 ἔφη,
2487 1835 2586 1889 καί
2618 1833 2706 1906 μὴ
2755 1835 2914 1904 παρὰ
2937 1835 3236 1904 γραμμάν.
3279 1833 3634 1896 Ἐπιστάντος

360 1923 678 1980 Marcellum
702 1935 762 1983 et
788 1926 1060 1982 Valerium
1087 1926 1376 1980 Lavinium
1407 1939 1552 1980 coss.
1583 1933 1865 1980 crearunt.

2051 1924 2109 1978 δὲ
2140 1925 2291 1997 αὐτῷ
2323 1926 2612 1996 πολεμίου,
2652 1926 2826 1999 βραχύ
2850 1943 2911 1980 τε
2948 1926 3260 1994 ἐφρόντισε,
3294 1927 3391 1980 καὶ
3433 1923 3632 1987 εἰπὼν,

373 2017 695 2088 ’Δπόστηθι,
729 2017 1011 2090 ἄνθρωπε,
1043 2019 1152 2072 ἀπὸ
1185 2019 1287 2088 τῆς
1321 2018 1612 2090 γραμμῆς,
1644 2015 1936 2088 παρώξυνέ
1971 2033 2033 2070 τε
2061 2017 2250 2082 αὑτὸν,
2278 2017 2376 2071 καί⁵
2443 2017 2753 2087 κατεκόπη.
2801 2019 2860 2072 '0
2895 2017 2994 2088 μέν
3017 2011 3112 2070 οὖν
3169 2015 3492 2086 Μάρκελλος
3525 2015 3628 2078 τὰς

361 2110 718 2182 Συρακούσας
739 2111 897 2178 ἑλὼν,
931 2114 1025 2166 καὶ
1060 2114 1158 2182 τῆς
1186 2113 1354 2184 ἄλλης
1391 2112 1642 2175 Σικελίας
1667 2110 1737 2165 τά
1793 2111 1968 2166 πλείω
2006 2112 2518 2184 προσαγαγόμενος,
2566 2113 2662 2168 καὶ
2701 2115 2960 2186 ἐπῃνεῖτο
3003 2113 3280 2184 μεγάλως,
3328 2112 3426 2166 καὶ
3487 2109 3629 2164 ὕπαρ

365 2222 455 2268 τος
515 2205 890 2262 ἀποδέδεικτο.
972 2207 1346 2278 Προεϐάλοντο
1400 2207 1500 2278 μὲν
1557 2205 1669 2278 γάρ
1715 2205 1809 2260 τὸν
1851 2206 2252 2276 Τουρκουάτου,
2331 2208 2390 2271 ὃς
2444 2223 2576 2262 ποτε
2624 2207 2720 2262 τὸν
2809 2208 2924 2263 υἰὸν
2979 2207 3340 2261 ἀπέκτεινενο
3401 2205 3528 2260 ἐπεὶ
3573 2206 3632 2260 δὲ

360 2300 574 2368 ικεῖνος
603 2299 940 2370 άπηνῄνατο,
973 2300 1142 2376 εἰπὼν
1176 2299 1252 2363 ώς
1300 2299 1428 2354 Ούτ⁹
1467 2299 1564 2354 ἐὰν
1595 2297 1707 2366 ἐγὼ
1744 2299 1814 2353 τὰ
1878 2297 2120 2369 ὑμέτερα
2183 2300 2586 2372 ἁμαρτήματα,
2632 2299 2746 2354 οὒτ’
2787 2300 2856 2355 ἂν
2925 2301 3085 2372 ὑμεῖς
3121 2299 3224 2370 τὴν
3283 2298 3424 2370 ἐμὴν
3473 2301 3640 2372 ἀκρί-

363 2391 518 2445 ϐειαν
561 2391 865 2461 ἐνέγκοιτε,
899 2393 990 2447 τὸν
1019 2392 1340 2464 Μάρκελλον
1381 2392 1478 2447 καὶ
1527 2392 1812 2446 Λαουίνιον
1849 2391 1941 2444 τὸν
1981 2389 2282 2462 Οὐαλέριον
2313 2393 2757 2463 ἐχειροτόνησαν.

433 2487 528 2544 Vl.
589 2486 848 2542 Marcello
871 2501 940 2542 ex
971 2485 1160 2543 Sicilia
1204 2486 1455 2556 digresso
1482 2525 1498 2550 ,
1540 2485 1730 2556 copias
1773 2499 1948 2555 eque-

361 2589 509 2635 stres
533 2578 588 2634 in
620 2594 744 2636 eam
767 2578 921 2634 misit
947 2577 1207 2642 Annibal.
1228 2579 1432 2634 misere
1454 2575 1948 2648 etCartbaginien-

361 2685 491 2726 aes:
517 2679 575 2725 et
626 2669 834 2740 praliis
874 2669 1088 2738 aliquot
1116 2668 1391 2734 victores,
1416 2668 1684 2738 ,civitates
1727 2680 1949 2737 quoque

363 2763 733 2834 subegerunt,
765 2777 830 2818 ac
867 2761 924 2817 ni
955 2761 1250 2818 Cornelius
1297 2760 1579 2817 Dolabella
1617 2768 1821 2830 prator
1854 2773 1950 2812 su-

2127 2487 2219 2553 (τ’.
2270 2484 2628 2550 ’Δπελθόντος
2672 2485 2730 2540 δὲ
2763 2485 2859 2540 τοῦ
2899 2485 3224 2556 Μαρκέλλου
3265 2485 3331 2539 ἐκ
3367 2486 3640 2550 Σικελίας,

2053 2575 2289 2649 δύναμιν
2323 2578 2537 2632 ἰππέων
2567 2579 2625 2642 ἐς
2653 2577 2825 2648 αὐτὴν
2855 2580 2884 2632 ὁ
2920 2578 3174 2642 ’Δννίϐας
3207 2577 3520 2645 ἀπέστειλε,
3547 2588 3645 2633 καὶ

2055 2669 2256 2742 ἑτέραν
2283 2672 2336 2724 οἰ
2381 2669 2747 2741 Καρχηδόνιοι
2793 2669 3073 2740 ἔπεμψαν,
3117 2668 3217 2723 καὶ
3263 2669 3466 2740 μάχαις
3496 2669 3646 2722 τισὶν

2057 2763 2320 2833 ἐνίκησαν
2347 2764 2443 2817 καὶ
2474 2763 2658 2827 πόλεις
2701 2762 3178 2835 προσεποιήσαντο
3204 2777 3221 2794 ο
3269 2761 3366 2814 καὶ
3393 2761 3448 2816 εἰ
3469 2777 3532 2830 γε
3563 2763 3642 2832 μὴ

363 2853 722 2924 pervenisset,
748 2862 918 2909 totam
947 2852 1188 2908 Siciliam
1211 2851 1581 2922 subegissem.
1600 2849 1741 2906 Tum
1763 2849 1942 2919 Capua

2058 2857 2358 2928 Κορνήλιος
2395 2855 2725 2919 Δολοϐέλλας
2756 2853 3064 2926 στρατηγὸς
3091 2853 3419 2923 ἐπελήλυθε,
3455 2856 3648 2908 πᾶσαν

362 2962 584 3017 quoque
637 2961 668 3000 a
724 2946 991 3002 Romanis
1049 2956 1208 3017 capta
1263 2954 1731 3016 estzquanquarn
1773 2942 1949 2998 Anni-

361 3040 486 3094 bale
519 3056 616 3110 per
645 3039 864 3094 Latium
895 3040 1127 3095 Romam
1158 3047 1351 3101 eunte,
1384 3045 1446 3092 ut
1473 3052 1572 3092 eos
1601 3037 1670 3091 ab
1702 3037 1823 3106 ejus
1853 3051 1946 3089 ur-

2053 2947 2154 3020 τὴν
2181 2947 2438 3001 Σικελίαν
2466 2945 2837 3017 ἐχειρώσαντο
2869 2947 2955 3001 ἄν.
2989 2947 3099 3000 Καὶ
3123 2947 3156 3017 ὴ
3202 2945 3404 3015 Καπύη
3432 2945 3490 2998 δέ
3519 2945 3643 2998 τότε

2053 3039 2200 3093 ἐάλω
2231 3039 2385 3111 παρὰ
2431 3039 2742 3108 Ῥωμαίων,
2792 3037 2972 3093 καίτοι
3009 3037 3105 3091 τοῦ
3164 3036 3408 3090 Ἀννίϐου
3441 3037 3500 3101 ἐς
3541 3035 3642 3105 τὴν

365 3133 450 3188 bis
477 3133 767 3189 obsidione
795 3133 1109 3203 repelleret,
1153 3139 1210 3187 et
1241 3144 1416 3202 usque
1446 3127 1514 3183 ad
1545 3128 1792 3184 Tiberim
1821 3142 1942 3198 pro-

2064 3129 2290 3201 Ῥώμην
2335 3133 2684 3202 ὁρμήσαντος
2722 3131 2790 3184 ἶν’
2821 3129 2930 3184 ἀπὸ
2960 3128 3062 3198 τῆς
3097 3128 3334 3198 Καπύης
3372 3127 3500 3211 τοὺς
3539 3143 3642 3180 ποο

358 3240 588 3298 gresso,
621 3231 679 3280 et
708 3223 1092 3280 suburbanum
1145 3236 1337 3293 agrum
1384 3229 1658 3276 vastante.
1713 3219 1945 3274 Romani

362 3328 574 3381 autem,
613 3316 869 3388 quamvis
916 3315 1132 3378 territi,
1165 3323 1350 3370 tamen
1391 3313 1628 3368 alterum
1663 3310 1947 3366 consulem

364 3422 590 3463 manere
603 3409 823 3478 Capua,
837 3408 1071 3463 alterum
1092 3406 1294 3462 Urbem
1319 3404 1619 3462 defendere
1639 3405 1944 3475 jusserunt.

364 3498 442 3556 Ac
456 3498 720 3558 Claudius
736 3497 938 3570 Capua
959 3499 1161 3554 mansit
1183 3497 1407 3570 (vulnus
1427 3496 1578 3552 enim
1600 3495 1940 3566 acceperat),

365 3591 592 3647 Flaccus
621 3592 848 3647 Romam
887 3591 1229 3663 properavit.
1255 3589 1528 3648 Caterum
1551 3589 1824 3644 Annibale
1851 3603 1948 3644 ex-

363 3682 654 3737 cursiones
697 3683 934 3739 subinde
976 3683 1032 3738 in
1087 3683 1266 3738 oculis
1315 3681 1520 3738 civium
1571 3680 1843 3744 faciente,
1889 3687 1948 3734 et

364 3771 539 3827 multa
577 3772 823 3828 crudelia
858 3773 1103 3830 facinora
1127 3775 1350 3840 edente,
1378 3773 1488 3828 alio
1529 3781 1782 3843 tempore
1811 3771 1946 3827 satis

365 3864 682 3922 habuerunt
721 3865 895 3936 ipsam
941 3867 1139 3922 urbem
1188 3867 1356 3922 tueri.
1408 3865 1516 3922 Sed
1567 3881 1695 3922 cum
1749 3864 1943 3921 eodem

367 3965 618 4030 tempore
640 3967 697 4015 et
721 3959 774 4014 in
799 3959 1002 4017 mania
1029 3974 1080 4016 et
1113 3959 1170 4014 in
1197 3969 1378 4016 castra
1403 3959 1672 4030 impetum
1697 3957 1946 4012 facturus

360 4061 533 4117 esset,
558 4051 680 4107 alea
701 4053 866 4120 iacta,
891 4063 952 4107 ut
977 4053 1155 4118 aiunt,
1183 4061 1572 4109 excurrerunt.
1593 4050 1732 4107 Cum
1756 4059 1943 4106 autem

354 4145 469 4216 jam
499 4143 722 4201 eminus
751 4145 1084 4201 dimicarent
1108 4187 1122 4211 ,
1155 4147 1426 4202 serenitas
1465 4145 1522 4200 in
1553 4153 1942 4217 tempestatem

363 4237 642 4308 ingentem
671 4253 796 4293 cum
822 4239 1044 4295 turbine
1073 4241 1332 4304 maximo,
1359 4239 1677 4305 tonitribus,
1719 4238 1946 4311 grandi-

365 4339 435 4379 ne
467 4333 523 4379 et
557 4323 869 4394 fulguribus
899 4333 984 4379 est
1015 4339 1318 4380 conversa:
1356 4332 1416 4378 ut
1450 4323 1613 4378 ambo
1641 4325 1942 4389 exercitus,

364 4417 515 4471 velut
539 4433 604 4471 ex
648 4417 982 4488 composito,
1009 4417 1210 4488 cupide
1237 4433 1305 4473 eo
1328 4416 1646 4488 relugerent
1681 4416 1824 4472 unde
1851 4433 1946 4472 ve-

2050 3223 2405 3296 λιορκοῦντας
2449 3223 2625 3292 αὐτὴν
2679 3222 2889 3293 άπάξῃ,
2947 3223 3044 3276 καὶ
3093 3221 3183 3276 διὰ
3234 3221 3342 3275 τῶν
3387 3221 3641 3275 Λατίνων

2050 3317 2347 3380 ἐλάσαντος
2383 3316 2480 3370 καὶ
2525 3315 2664 3386 πρὸς
2698 3317 2792 3370 τὸν
2826 3314 3056 3385 Τίϐεριν
3088 3313 3334 3375 ἐλθόντος
3367 3314 3464 3366 καὶ
3497 3330 3640 3383 πορ-

2051 3407 2272 3472 θοῦντος
2309 3407 2382 3461 τὰ
2423 3407 2532 3479 πρὸ
2565 3405 2662 3461 τοῦ
2692 3406 2913 3469 ἄστεος.
2963 3407 3026 3459 Ol
3079 3403 3190 3475 γάρ
3239 3406 3298 3458 ἐν
3334 3407 3401 3475 τῇ
3448 3403 3641 3475 Ῥώμῃ

2048 3497 2401 3570 ἐφοϐήθησαν
2448 3496 2572 3567 μέν,
2625 3495 2967 3567 ἐψηφίσαντο
3027 3494 3086 3549 δέ
3146 3494 3238 3548 τὸν
3287 3493 3475 3565 ἕτερον
3527 3494 3641 3546 τῶν

2048 3591 2274 3646 ὑπάτων
2307 3593 2365 3646 ἐν
2392 3589 2596 3662 Καπύῃ
2631 3591 2839 3660 μεῖναι,
2872 3588 2966 3643 τὸν
2997 3588 3042 3642 δ’
3069 3588 3258 3659 ἕτερον
3283 3587 3469 3652 αὐτοῖς
3493 3588 3638 3641 ἐπα-

2051 3683 2240 3755 μῦναι.
2271 3684 2384 3740 Καὶ⁵
2415 3683 2685 3746 Κλαύδιος
2719 3681 2818 3752 μέν
2858 3681 2918 3736 ἐν
2965 3683 3030 3752 τῇ
3070 3679 3276 3750 Καπύῃ
3305 3681 3637 3751 κατέμεινεν

2049 3776 2341 3848 (ἐτέτρωτο
2361 3775 2518 3848 γὰρ),
2549 3774 2796 3838 Φλάκκος
2819 3774 2876 3828 δέ
2901 3774 3036 3846 πρὸς
3064 3775 3164 3842 τὴν
3220 3773 3438 3845 Ῥώμην
3477 3773 3633 3844 ἠπεί-

2047 3867 2174 3940 χθη.
2233 3866 2342 3921 Τοῦ
2379 3867 2424 3921 δ’
2477 3867 2724 3921 Ἀννίϐου
2771 3868 2871 3932 τάς
2905 3884 2964 3921 τε
3019 3867 3373 3937 καταδρομὰς
3416 3869 3474 3920 ἐν
3520 3869 3634 3930 τοῖς

2046 3960 2352 4031 ὀφθαλμοῖς
2393 3959 2575 4016 αὐτῶν
2616 3959 2704 4016 ἀεὶ
2737 3960 3070 4031 ποιουμένου
3119 3960 3216 4015 καί
3265 3959 3435 4014 πολλὰ
3481 3959 3633 4013 δεινά

2045 4053 2303 4124 δρῶντος,
2325 4051 2419 4106 τὸν
2444 4052 2543 4123 μὲν
2565 4050 2728 4106 ἄλλον
2754 4051 2946 4123 χρόνον
2968 4051 3198 4122 ἠγάπων
3225 4051 3276 4104 εἰ
3297 4052 3365 4105 τά
3390 4068 3452 4117 γε
3481 4050 3632 4116 ἐντὸς

2047 4146 2156 4199 τῶν
2189 4144 2388 4215 τειχῶν
2423 4143 2848 4216 περισώσαιντο.
2917 4135 3075 4197 Ἐπῆ
3119 4143 3177 4198 δέ
3223 4145 3319 4197 καί
3361 4145 3428 4215 τῇ
3477 4144 3633 4197 πόλει

2047 4240 2145 4293 καὶ
2202 4241 2318 4304 τοῖς
2374 4238 2765 4310 στρατοπέδοις
2814 4238 2932 4310 ἅμα
2990 4237 3326 4310 προσϐαλεῖν
3379 4237 3627 4308 ἔμελλεν,

2048 4332 2442 4405 άνερῤίψαντο,
2468 4333 2531 4386 τὸ
2558 4332 2656 4386 τοῦ
2685 4331 2870 4400 λόγου,
2900 4329 3092 4394 κύϐον,
3123 4333 3214 4386 καὶ
3236 4330 3630 4402 ἐπεξέδραμον.

2049 4426 2160 4480 Καὶ
2190 4423 2700 4496 ἀκροϐολιζομένων
2733 4424 2832 4495 ἤδη
2863 4423 3074 4494 χειμὼν
3118 4423 3178 4490 ἐξ
3214 4423 3435 4493 αἰθρίας
3477 4423 3628 4490 ἐξαί-

364 4517 582 4564 nerant.
625 4507 728 4564 Vix
757 4525 910 4564 arma
940 4518 1263 4580 posuerant.
1287 4525 1412 4565 cum
1449 4509 1720 4565 serenitas
1759 4508 1942 4565 rediit.

2053 4535 2166 4582 σιος
2204 4517 2498 4587 ἐπεγένετο
2532 4516 2672 4587 μετὰ
2702 4516 3017 4588 πνεύματος
3047 4516 3352 4588 ἀμηχάνου,
3389 4516 3631 4588 βροντῶν

363 4600 602 4655 Annibal
625 4601 874 4670 quamvis
894 4601 1008 4666 illa,
1031 4601 1205 4671 ipsius
1230 4600 1518 4656 conﬂictus
1543 4610 1812 4670 tempore,
1834 4615 1945 4654 non

365 4693 486 4749 sine
516 4693 743 4748 nomine
771 4693 1038 4749 accidisse
1073 4693 1325 4759 rebatur,
1352 4701 1536 4749 tamen
1563 4695 1632 4749 ab
1655 4692 1947 4748 obsidione

363 4803 474 4843 non
507 4785 754 4843 destitit:
782 4787 875 4842 sed
906 4802 1032 4842 cum
1062 4787 1244 4842 denuo
1267 4787 1562 4859 conﬂigere
1590 4787 1944 4852 instituisset,

363 4879 669 4949 eademque
709 4881 1058 4944 acciderent,
1094 4881 1420 4951 pertimuit:
1451 4881 1617 4936 etiam
1649 4895 1716 4937 eo
1755 4881 1946 4936 obstu-

365 4971 648 5042 pefactus,
693 4972 843 5042 quod
874 4973 1109 5028 Romani
1153 4972 1208 5026 in
1257 4981 1410 5028 tanto
1449 4973 1769 5029 discrimine
1808 4988 1945 5029 con-

366 5064 568 5129 stituti,
608 5079 787 5134 neque
821 5064 1062 5135 Capuam
1094 5067 1507 5136 relinquerent,
1546 5075 1605 5122 et
1651 5076 1944 5138 pratorem

364 5172 495 5212 cum
519 5157 792 5212 militibus
813 5160 866 5213 in
895 5159 1212 5228 Hispaniam
1238 5160 1459 5214 missuri
1481 5169 1703 5215 essent:
1726 5168 1782 5216 et
1800 5163 1942 5229 quod

364 5247 597 5320 pecunia
631 5259 889 5321 egentes.
942 5261 1137 5319 prater
1187 5251 1329 5316 alia,
1380 5252 1514 5307 illud
1563 5253 1730 5308 etiam
1765 5255 1944 5308 solum

365 5343 575 5415 publici
597 5346 736 5417 agri,
770 5345 823 5399 iu
857 5361 968 5415 quo
999 5355 1182 5400 castra
1215 5345 1489 5411 habebat,
1529 5347 1942 5415 vendidissent;

363 5437 766 5508 desperataque
787 5440 1190 5509 expugnatione
1217 5439 1466 5505 recessit,
1499 5439 1734 5496 subinde
1761 5441 1944 5497 excla-

370 5545 545 5596 mans,
564 5531 608 5587 0
623 5531 862 5588 Canna!
885 5534 1085 5590 Canna:
1105 5537 1205 5592 !ac
1228 5552 1297 5592 ne
1315 5536 1515 5608 Capua
1534 5537 1757 5607 quidem
1783 5553 1942 5608 opem

365 5621 602 5690 amplius
630 5623 772 5681 ferre
815 5627 1011 5682 voluit.
1039 5628 1282 5698 Capuani
1317 5645 1486 5696 vero,
1518 5646 1830 5701 quanquam
1875 5629 1942 5683 ad

371 5727 618 5769 summas
657 5719 939 5787 angustias
971 5719 1134 5792 427
1172 5722 1608 5780 redacti.tamen
1649 5723 1943 5792 desperata

369 5802 529 5856 venia
551 5808 898 5879 restiterunt,
919 5812 1126 5869 auxilio
1154 5812 1445 5870 Annibalis
1475 5830 1572 5887 per
1600 5815 1816 5871 litteras
1841 5816 1944 5870 im-

2047 4625 2107 4664 τε
2140 4608 2232 4665 καὶ
2262 4608 2508 4680 χαλάζης
2537 4607 2632 4662 καί
2656 4607 2982 4680 ἀστραπῶν,
3004 4607 3082 4670 ὡς
3118 4609 3285 4678 ἄμφω
3326 4605 3630 4677 ἀγαπητῶς

2047 4701 2124 4766 ὡς
2155 4703 2218 4754 ἐκ
2251 4700 2596 4772 συνθήματος
2627 4702 2927 4772 ἀναφυγεῖν
2949 4699 3074 4754 ὅθεν
3095 4699 3386 4771 ὥρμησαν,
3413 4701 3540 4770 ἄρτι
3568 4716 3630 4753 τε

2046 4793 2116 4847 τά
2148 4793 2289 4848 ὅπλα
2333 4793 2703 4858 κατετίθεντο,
2749 4792 2844 4846 καὶ
2877 4790 3069 4864 αἰθρία
3115 4792 3355 4860 ἐγένετο.
3401 4791 3462 4845 '0
3495 4789 3632 4860 γοῦν

2060 4887 2335 4951 ⁹Δννίϐας,
2387 4885 2565 4940 καίτοι
2604 4886 2704 4939 ούκ
2742 4884 2897 4939 άθεεί
2937 4884 3301 4956 λογισάμενος
3339 4883 3494 4954 παρὰ
3535 4883 3630 4936 τὸν

2046 4982 2146 5051 τῆς
2174 4979 2395 5033 συνόδου
2427 4977 2618 5049 καιρὸν
2654 4976 3042 5048 συνενεχθῆναι
3062 4976 3130 5030 τά
3153 4977 3443 5046 γεγονότα,
3474 4975 3628 5046 ὅμως

2047 5071 2148 5126 ούκ
2183 5071 2397 5141 ἀπέστη
2440 5070 2538 5140 τῆς
2582 5069 2927 5140 πολιορκίας,
2960 5067 3097 5122 ἀλλὰ
3145 5069 3241 5122 καὶ
3283 5067 3439 5131 αὖθις
3488 5068 3629 5138 μετά

2048 5163 2206 5218 τοῦτο
2248 5163 2544 5233 συμϐαλεῖν
2587 5163 2970 5233 ἐπεχείρησεν.
3029 5160 3122 5224 Ὠς
3166 5159 3225 5214 δὲ
3267 5159 3362 5212 καὶ
3402 5158 3527 5211 τότε
3558 5157 3628 5210 τὰ

2047 5254 2188 5309 αὑτὰ
2221 5254 2443 5323 συνέϐη,
2474 5255 2756 5308 κατέδεισε
2787 5269 2802 5284 °
2843 5252 2939 5308 καί
2971 5250 3415 5323 προσεκπλαγεὶς
3441 5251 3524 5304 ὅτι
3567 5250 3627 5302 ἐν

2045 5349 2349 5420 τηλικούτῳ
2376 5349 2607 5418 κινδύνῳ
2633 5347 2808 5412 ὄντες,
2839 5344 2963 5400 οὔτε
2995 5348 3091 5416 τῆς
3124 5344 3357 5416 Καπύης
3379 5343 3626 5410 ἀπέστη-

2050 5461 2172 5507 σαν,
2203 5445 2300 5498 καὶ
2329 5445 2387 5506 ἐς
2417 5443 2517 5511 τὴν
2563 5441 2808 5512 Ἰϐηρίαν
2837 5443 2933 5495 καὶ
2959 5439 3303 5510 στρατιώτας
3326 5440 3419 5492 καὶ
3456 5451 3626 5506 στρα-

2047 5536 2216 5606 τηγὺν
2243 5534 2484 5604 πέμψειν
2508 5533 2758 5605 ἔμελλον,
2786 5533 2880 5587 καὶ
2906 5533 2988 5586 ὅτι
3013 5530 3314 5604 χρημάτων
3334 5531 3624 5601 δεηθέντες

2049 5626 2342 5696 ἐπώλησαν
2381 5625 2516 5680 ἄλλα
2549 5643 2607 5678 τε
2645 5624 2741 5678 καὶ
2787 5623 2846 5678 τδ
2885 5624 3086 5694 χωρίον
3128 5625 3184 5678 ἐν
3213 5616 3257 5692 ᾧ
3287 5625 3621 5695 ἐστρατοπε-

2046 5716 2252 5780 δεύετο,
2272 5717 2531 5786 δημόσιον
2554 5716 2636 5782 ὂν,
2667 5718 2762 5770 καὶ
2793 5716 3068 5784 ἀπογνοὺς
3091 5716 3392 5786 ἀπανέστη,
3418 5713 3618 5769 πολλά-

2050 5830 2136 5879 κις
2166 5813 2495 5885 ἀναϐοήσας,
2515 5807 2590 5869 Ὠ
2603 5811 2846 5878 Κάννατ,
2864 5812 3110 5880 Κάνναι,
3134 5810 3225 5866 καὶ
3260 5811 3380 5866 ούδέ
3407 5811 3470 5882 τῇ
3500 5809 3616 5863 Κα-
