4024 6412
336 425 340 428 -
387 379 496 442 72')
509 423 524 439 .

1626 364 2040 434 ANNALIUM
2085 366 2239 429 LIB.
2282 368 2387 428 IX.

3543 353 3652 412 730

383 495 500 567 πίῃ
518 491 596 545 ιτ*
618 486 984 559 ἐπικουρῆσαι
1001 484 1289 558 ἠθέλησεν.
1312 485 1375 542 Oi
1391 481 1472 549 δὲ,
1500 483 1704 554 καίπερ
1725 483 1784 536 έν
1805 479 1967 536 άσθε-

2081 476 2442 546 plorato.'_Sed
2476 472 2746 531 tabellarii
2781 486 2810 525 a
2841 470 3038 525 Flacco
3066 463 3654 536 comprehensi.(nam

381 559 662 646 νεστάτοις
693 580 870 646 ὄντες,
903 581 1052 650 ὅμως
1077 578 1408 648 ἀπογνόντες
1443 578 1520 642 ὡς
1549 577 1610 631 ού
1640 574 1960 645 τευξόμενοι

2081 571 2325 628 llaudius
2344 586 2412 626 ex
2445 568 2673 624 vulnere
2693 568 2806 638 jam
2827 559 3188 633 decesserat),
3213 559 3467 614 manibus
3500 567 3656 612 trun-

387 675 732 747 σὺγγνώμης
755 672 912 745 παρά
947 671 1266 743 Ῥωμαίων,
1293 672 1566 742 ἀντεῖχον,
1601 670 1700 724 καὶ
1731 667 1812 740 τῷ
1844 669 1964 722 ’Δν-

387 769 516 842 νίδᾳ
549 767 866 824 ἐπέστειλαν
904 764 1197 837 βοηθήσειν
1229 764 1412 828 αὐτοῖς
1437 761 1737 831 ἀξιοῦντες.
1760 760 1966 832 Συλλη-

388 859 618 930 «poem;
632 859 690 914 δὲ
707 859 756 913 oi
775 858 884 913 τῶν
902 847 1206 912 ἐπιστολῶν
1223 857 1486 928 κομισταὶ
1505 855 1658 928 παρά
1673 853 1770 910 τοῦ
1789 854 1966 909 Φλάκ-

388 969 490 1008 κου
509 951 560 1025 (ὁ
574 953 685 1022 γάρ
701 948 967 1013 Κλαύδιος
985 948 1124 1021 έφθη
1141 947 1421 1020 τεθνηκὼς
1435 951 1500 1003 ἐκ
1514 948 1610 1003 τοῦ
1625 946 1964 1020 τραύματος)

387 1041 490 1106 τάς
519 1041 710 1113 χεῖρας
739 1039 1156 1111 ἀπετμήθησαν.
1185 1037 1302 1102 Οὓς
1345 1037 1550 1102 ίδόντες
1585 1039 1636 1092 οἱ
1669 1037 1968 1108 Καμπανοὶ

387 1131 580 1196 δεινῶς
608 1131 1059 1202 κατεπλάγησαν,
1090 1131 1186 1186 καὶ
1210 1131 1296 1186 ὅτι
1329 1131 1632 1202 πράξουσιν
1656 1129 1970 1184 ἐϐουλεύον-

387 1241 473 1280 το.
504 1222 824 1296 Λεχθέντων
839 1222 899 1278 δὲ
923 1222 1158 1290 πολλῶν,
1175 1221 1396 1286 ἰούδιός
1417 1239 1504 1286 τις
1527 1223 1750 1294 Οὺῖριος
1771 1222 1830 1276 έν
1855 1223 1970 1286 τοῖς

387 1314 628 1388 πρώτοις
655 1314 842 1372 αὐτῶν
869 1314 948 1370 ὢν
975 1314 1072 1369 καὶ
1099 1314 1200 1386 τῆς
1227 1315 1589 1378 ἀποστάσεως
1621 1313 1969 1379 αἰτιώτατος,

386 1408 508 1464 Μία
530 1405 679 1478 ἡμῖν
704 1407 898 1473 ἐστιν,
925 1407 1050 1478 ἔφη,
1081 1406 1402 1476 ’καταφυγὴ
1431 1408 1532 1462 καὶ
1569 1407 1906 1476 ἐλευθερία,
1938 1407 1973 1461 δ

389 1498 670 1566 θάνατος.
703 1500 818 1554 Καί
835 1518 937 1570 μοι
961 1499 1421 1567 ἀκολουθήσατε
1443 1501 1654 1555 οῑκαδε
1671 1515 1686 1533 ο
1721 1499 1838 1570 έχω
1862 1497 1975 1570 γάρ

393 1607 447 1644 τι
477 1590 796 1660 φάρμακον
811 1591 1414 1662 παρεσκευασμένον.
1449 1593 1558 1646 Kal
1587 1594 1615 1646 ό
1643 1591 1764 1662 μὲν,
1797 1608 1980 1658 παρα-

391 1681 574 1737 λαϐὼν
606 1683 731 1746 τοὺς
760 1683 912 1755 αύτῷ
935 1683 1285 1749 πεισθέντας,
1311 1682 1578 1748 ἑκουσίως
1604 1683 1846 1738 ἀπέθανε
1877 1687 1976 1740 σὺν

2063 662 2174 719 cati
2210 671 2380 719 sunt:
2410 675 2528 732 quo
2561 658 2806 730 Capuani
2855 656 2976 712 viso
3026 652 3310 724 perculsi,
3342 651 3411 705 de
3445 664 3656 705 sumn'a

2064 770 2251 812 rerum
2273 753 2679 809 deliberabant.
2705 749 2892 806 Multis
2923 747 3111 804 verbis
3134 744 3310 805 factis,
3335 741 3530 798 Juvius
3555 739 3658 793 Vi-

2063 851 2214 916 rius,
2252 849 2340 904 vir
2372 847 2665 920 princeps,
2704 841 3032 900 defectionis
3062 839 3378 910 praecipuus
3412 843 3652 890 auctor:

2072 941 2267 1007 Unum,
2293 941 2494 1011 inquit,
2525 937 2673 992 nobis
2705 935 3010 1006 confugium
3037 940 3087 985 et
3116 930 3335 984 libertas
3369 935 3655 989 est,mors.

2079 1035 2181 1091 νοτ
2199 1051 2281 1090 me
2292 1035 2508 1089 domum
2528 1030 2832 1102 sequimini,
2852 1041 3112 1082 venenum
3133 1025 3270 1078 enim
3293 1026 3658 1092 prwparatum

2068 1127 2254 1184 habeo.
2285 1125 2378 1182 Sic
2406 1122 2661 1179 abductis
2691 1121 2760 1177 iis
2793 1133 3005 1181 secum,
3039 1115 3242 1186 quibus
3271 1128 3335 1167 ea
3383 1110 3655 1166 sententia

2069 1220 2364 1294 placebat,
2391 1234 2500 1274 una
2532 1232 2661 1273 cum
2704 1215 2816 1270 illis
2855 1214 3001 1267 ultro
3027 1208 3214 1280 periit,
3249 1205 3436 1263 caeteri
3466 1214 3658 1274 portas

2071 1312 2340 1369 Romanis
2369 1315 2752 1381 aperuerunt:
2783 1303 2988 1376 quibus
3014 1301 3241 1355 Flaccus
3285 1311 3440 1353 arma
3470 1294 3659 1351 omnia

2072 1412 2128 1462 et
2146 1404 2438 1476 pecuniam
2464 1414 2686 1456 omnem
2706 1396 2911 1453 ademit
2937 1413 2952 1450 :
2982 1403 3040 1450 et
3064 1391 3379 1463 principum
3410 1388 3658 1443 virorum

2074 1496 2218 1552 alios
2253 1493 2498 1558 occidit,
2546 1491 2686 1547 alios
2716 1490 2948 1544 Romam
3003 1484 3189 1542 misit.
3235 1480 3339 1537 soli
3375 1479 3554 1534 turbae
3590 1493 3658 1533 ex

2074 1589 2311 1661 plebeiis
2334 1586 2563 1656 reliquae
2590 1584 2660 1639 iis
2684 1579 3100 1639 conditionibus
3130 1574 3399 1646 pepercit,
3436 1583 3496 1627 ut
3523 1587 3659 1641 pra:-

2078 1683 2184 1738 tori
2207 1683 2456 1737 Romano
2486 1684 2768 1750 parerent,
2803 1684 2865 1728 ut
2896 1672 3110 1728 nullum
3137 1676 3414 1729 senatum,
3439 1665 3656 1718 nullum

393 1773 604 1871 αὐτοῖς,
655 1773 754 1828 καὶ
800 1776 850 1828 oi
907 1775 1088 1829 λοιποὶ
1143 1773 1242 1838 τάς
1303 1775 1482 1838 πύλας
1523 1777 1639 1838 τοῖς
1679 1774 1978 1845 Ῥωμαίοις

2081 1775 2376 1832 concilium
2409 1771 2701 1828 haberent.
2733 1769 2863 1824 Post
2896 1764 3063 1818 etiam
3104 1761 3227 1816 alia:
3257 1758 3444 1842 multa:
3479 1756 3659 1818 impo-

392 1863 661 1935 άνέῳξαν.
701 1863 762 1919 '0
796 1863 852 1917 δὲ
882 1865 1133 1928 Φλάκκος
1170 1865 1242 1921 τά
1279 1883 1339 1919 τε
1367 1865 1512 1919 ὅπλα
1547 1866 1730 1920 αὐτῶν
1763 1867 1859 1920 καὶ
1907 1867 1977 1921 τά

2086 1870 2229 1933 sitae,
2256 1883 2382 1924 cum
2419 1865 2678 1920 Flaccum
2707 1873 2967 1917 accusare
2993 1856 3112 1911 ausi
3143 1860 3354 1915 essent,
3393 1847 3660 1917 Campani

391 1957 655 2029 χρήματα
687 1957 870 2013 πάντα
908 1957 1184 2028 ἀφείλετο,
1216 1960 1312 2014 καὶ
1338 1959 1450 2013 τῶν
1483 1960 1698 2030 ἀνδρῶν
1728 1959 1842 2014 τῶν
1885 1976 1978 2013 κο-

394 2051 645 2123 ρυφαίων
677 2051 806 2115 τοὺς
834 2051 934 2123 μὲν
959 2053 1274 2118 ἀπέκτεινε,
1304 2052 1431 2116 τοὺς
1448 2052 1506 2107 δὲ
1539 2055 1596 2116 ἐς
1621 2051 1720 2124 τὴν
1748 2051 1978 2124 Ῥώμην

393 2141 633 2214 έπεμψε.
664 2142 860 2198 Μόνων
887 2143 934 2198 δ’
964 2142 1239 2215 ἀπέσχετο
1267 2145 1378 2198 τῶν
1399 2145 1463 2198 ὲκ
1487 2143 1582 2198 τοῦ
1610 2145 1802 2214 ὁμίλου
1820 2162 1978 2216 περι-

394 2234 764 2323 λιιφθίντωνδ
788 2236 884 2290 ἐπὶ
916 2235 994 2306 τῷ
1025 2237 1120 2290 καὶ
1158 2236 1400 2307 ἄρχοντα
1447 2236 1646 2301 αὐτοὺς
1689 2235 1979 2305 Ῥωμαίων

396 2326 722 2398 λαμϐάνειν,
751 2327 848 2382 καὶ
903 2328 1046 2400 μήτε
1099 2327 1297 2399 βουλὴν
1342 2328 1510 2399 ἔχειν,
1567 2331 1708 2399 μήτε
1761 2329 1978 2382 σύνοδον

399 2418 695 2474 ποιεῖσθαι.
720 2419 890 2474 ’Υστε
900 2437 992 2489 ρον
1022 2420 1080 2474 δὲ
1116 2419 1214 2475 καὶ
1240 2420 1376 2474 ἀλλα
1401 2421 1524 2475 τινὰ
1557 2420 1976 2492 προσεπῶςρλον,

401 2510 781 2583 κατηγορῆσαι
811 2511 908 2566 τοῦ
927 2513 1180 2568 Φλάκκου
1209 2514 1604 2584 τολμήσαντες.
1652 2513 1979 2585 Ἐπεχείρη-

400 2620 500 2658 σαν
545 2604 604 2658 δὲ
647 2605 741 2660 καὶ
771 2605 823 2660 oi
849 2607 1150 2676 Καμπανοὶ
1171 2605 1266 2662 τοῦ
1285 2607 1537 2663 Φλάκκου
1573 2608 1976 2678 κατηγορῆσαι,

398 2698 496 2753 καὶ
522 2698 614 2753 τοῦ
641 2699 968 2770 Μαρκέλλου
992 2702 1043 2755 οἱ
1069 2701 1432 2772 Συρακούσιοι
1462 2699 1828 2763 ὑπατεύοντος
1851 2699 1977 2771 ἢδη,

398 2793 496 2846 καὶ
527 2792 932 2863 ἀπελογήσατο.
962 2794 1036 2848 Ού
1063 2794 1173 2866 γάρ
1196 2793 1430 2866 ἠθέλησε
1455 2793 1664 2866 πρᾶξαί
1691 2810 1745 2846 τι
1781 2792 1891 2845 τῶν
1911 2794 1978 2864 τῇ

398 2882 543 2954 ἀρχῇ
575 2888 994 2956 προσηκόντων,
1027 2887 1160 2958 πρὶν
1195 2886 1668 2957 ἀπολογήσασθαι.
1709 2887 1770 2938 Οἱ
1799 2886 1980 2956 Συρα-

399 2974 611 3029 κούσιοι
643 2975 723 3043 δὲ,
745 2977 1117 3043 καταστάντες
1145 2981 1227 3042 είς
1255 2978 1470 3047 λόγους,
1489 2979 1982 3049 οἱκονομικώτερον

397 3069 466 3138 τῇ
523 3067 760 3135 διαλέξει
814 3071 1143 3142 ἐχρήσαντο,
1196 3070 1298 3124 οῦκ
1353 3072 1436 3134 είς
1493 3069 1832 3142 κατηγορίαν
1887 3069 1980 3123 τοῦ

2083 1978 2305 2034 quoque
2317 1960 2571 2016 eumdem
2587 1969 2848 2012 accusare
2862 1953 3242 2011 instituerunt,
3257 1953 3312 2000 et
3326 1940 3654 2015 Syracusani

2083 2056 2401 2114 Marcellum
2428 2053 2540 2122 jam
2572 2049 2878 2106 consulem.
2915 2045 2966 2100 Is
2993 2058 3052 2098 se
3080 2039 3364 2102 defendit,
3402 2051 3507 2092 nec
3535 2042 3664 2089 ante

2082 2164 2204 2204 eam
2241 2143 2621 2201 defensionem
2659 2139 2963 2210 quidquam
2995 2149 3097 2206 pro
3131 2129 3462 2188 auctoritate
3492 2127 3667 2196 impe-

2084 2243 2150 2297 rii
2181 2255 2375 2310 gerere
2398 2237 2594 2292 voluit.
2629 2235 2835 2290 Verum
2871 2224 3226 2301 Syracusani,
3255 2220 3474 2278 dicendi
3511 2226 3670 2290 pote-

2085 2344 2228 2392 SIate
2257 2334 2403 2394 data,
2432 2343 2654 2386 causam
2683 2341 2839 2382 suam
2868 2320 3167 2377 artiﬁciose
3185 2322 3420 2388 egerunt
3445 2330 3460 2380 ;
3493 2311 3668 2368 omis-

2085 2440 2255 2497 saque
2285 2422 2525 2478 Marcelli
2555 2417 2930 2477 accusatione,
2957 2412 3025 2467 ad
3062 2424 3258 2482 preces
3288 2405 3568 2469 conversi,
3605 2415 3667 2456 se

2084 2535 2197 2574 non
2228 2517 2380 2571 ultro
2410 2511 2682 2568 defecisse
2711 2514 3047 2571 asserentes,
3076 2502 3293 2558 veniam
3325 2497 3670 2569 petiverunt.

2084 2611 2217 2678 Quae
2242 2623 2366 2663 cum
2394 2611 2768 2676 perorassent,
2794 2599 2849 2653 in
2882 2608 3085 2653 terram
3111 2591 3352 2665 prolapsi
3377 2599 3434 2645 et
3463 2589 3672 2643 lamen-

2089 2703 2186 2758 tati
2213 2709 2362 2756 sunt.
2389 2694 2682 2766 Suﬂ'ragiis
2705 2691 2852 2755 latis,
2875 2687 3166 2745 Marcellus
3195 2682 3430 2740 crimine
3452 2679 3671 2735 solutus

2085 2802 2206 2850 est:
2233 2802 2289 2847 et
2316 2789 2626 2849 decretum,
2654 2783 3034 2855 Syracusanos
3063 2774 3396 2833 clementius
3421 2779 3673 2826 tractan-

2087 2884 2188 2938 dos
2227 2895 2352 2936 esse
2374 2921 2390 2945 ,
2429 2893 2541 2932 non
2584 2875 2656 2929 ob
2685 2873 2828 2928 facta
2861 2885 3078 2932 eorum,
3107 2866 3202 2923 sed
3239 2871 3468 2935 propter
3500 2859 3670 2916 verba

2085 2985 2138 3030 et
2162 2970 2609 3044 supplicationes.
2641 2965 2897 3020 Marcello
2932 2961 3119 3017 redire
3147 2959 3202 3014 in
3235 2955 3478 3012 Siciliam
3507 2967 3672 3007 recu—

2087 3077 2245 3122 sante
2273 3107 2286 3132 ,
2322 3061 2612 3118 Lavinium
2648 3060 2941 3112 miserunt.
2999 3054 3135 3108 Cum
3181 3045 3512 3119 Syracusani
3567 3043 3675 3097 hoc

399 3136 752 3227 Μαρκέλλου,
797 3136 913 3213 ἀλλ’
939 3136 1026 3224 εἰς
1069 3161 1308 3216 ἱκετείαν
1339 3136 1644 3232 τραπέντες
1699 3136 1792 3214 καὶ
1844 3161 1978 3214 ἀπο·

2087 3159 2248 3215 modo
2268 3158 2488 3212 veniam
2518 3155 2935 3224 impetrassent.
2955 3143 3218 3214 Campani
3240 3157 3307 3195 ex
3335 3137 3554 3194 inscitia
3588 3136 3673 3188 in-

399 3247 592 3318 λογίαν
642 3251 738 3305 τοῦ
785 3251 860 3322 μὴ
911 3252 1130 3317 ἑκόντες
1183 3253 1488 3323 ἀποστῆναι
1537 3252 1826 3320 Ῥωμαίων
1885 3253 1982 3305 καὶ

403 3343 737 3415 συγγνώμης
784 3345 970 3416 τυχεῖν
1019 3344 1316 3410 ἀξιοῦντες.
1357 3345 1468 3398 Καὶ⁵
1505 3345 1678 3398 ταῦτα
1705 3344 1979 3410 λέγοντες,

400 3436 484 3500 είς
523 3435 624 3507 τὴν
666 3437 773 3508 γῆν
810 3438 1071 3501 πεσόντες
1108 3437 1473 3507 ὠλοφύροντο.
1525 3436 1637 3490 Kal
1665 3437 1982 3507 διαγνώμης

401 3527 724 3599 γενομένης,
786 3527 934 3594 ἔδοξε
991 3529 1084 3583 τὸν
1137 3528 1459 3600 Μάρκελλον
1520 3528 1621 3598 μὲν
1663 3527 1829 3598 μηδὲν
1868 3527 1984 3581 ἀδι-

405 3618 545 3682 κεῖν,
567 3617 697 3682 τοὺς
731 3619 918 3689 μέντοι
958 3619 1368 3689 Συρακουσίους
1402 3616 1814 3690 φιλανθρωπίας
1839 3617 1983 3678 τινδς

404 3708 592 3776 ἀξίους
625 3705 788 3775 εἶναι,
817 3711 921 3765 ούκ
966 3709 1026 3777 ἐξ
1054 3704 1128 3765 ὧν
1156 3711 1444 3783 ἐποίησαν,
1478 3710 1595 3764 ἀλλ’
1624 3709 1685 3776 ἐξ
1721 3704 1796 3764 ὧν
1830 3705 1984 3764 εἶπόν

403 3817 467 3856 τε
509 3803 606 3857 καὶ
630 3802 942 3859 ἱκέτευσαν.
966 3802 1075 3856 Τοῦ
1103 3802 1160 3856 δὲ
1185 3801 1515 3874 Μαρκέλλου
1554 3801 1985 3873 παραιτησαμέ-

405 3911 499 3952 νου
539 3893 602 3946 τὸ
638 3892 902 3948 ἀπελθεῖν
936 3895 1016 3956 si;
1044 3893 1319 3959 Σικελίαν,
1355 3893 1446 3958 τὸν
1477 3893 1766 3947 Λαουΐνιον
1810 3893 2015 3963 επεμο.

403 3987 536 4057 ψαν.
561 3988 673 4042 Καὶ
694 3989 755 4041 ὀί
794 3989 898 4058 μὲν
941 3988 1303 4058 Συρακούσιοι
1333 3986 1478 4041 οὕτω
1509 3986 1843 4058 συγγνώμης
1866 3987 1990 4040 ἐτυ-

403 4095 518 4150 χον.
542 4082 606 4135 Οί
635 4079 694 4134 δὲ
718 4079 1016 4151 Καμπανοὶ
1039 4081 1134 4134 ὑπ’
1162 4078 1528 4144 ἀπαιδευσίας
1551 4077 1889 4148 θρασύτερον
1918 4081 1982 4148 τῇ

404 4170 716 4244 κατηγορίᾳ.
775 4163 1146 4242 χρησςηαενοι,
1193 4170 1292 4224 καὶ
1349 4169 1791 4241 ὲπετιμήθησαν,
1851 4168 1988 4241 μηδὲ

405 4266 679 4336 παρόντος
726 4262 824 4318 τοῦ
853 4263 1129 4328 Φλάκκου,
1161 4262 1300 4318 ἀλλά
1330 4278 1475 4326 τινος
1499 4260 1610 4314 τῶν
1642 4261 1990 4332 ὑπεστρατή-

2088 3252 2365 3309 solentius
2395 3249 2450 3302 in
2485 3245 2773 3301 consulem
2819 3238 3056 3299 invecti,
3091 3235 3260 3291 etiam
3292 3228 3568 3301 objurgati
3616 3235 3676 3281 et

2088 3345 2311 3417 gravius
2331 3339 2544 3395 multati
2575 3345 2725 3400 sunt,
2753 3334 2984 3388 absente
3011 3329 3230 3389 Flacco,
3254 3334 3312 3380 ct
3343 3321 3579 3393 quodam
3605 3334 3675 3373 ex

2087 3415 2211 3508 ejus
2256 3433 2454 3502 legatis
2501 3443 2725 3486 causam
2771 3425 3016 3481 dicente.
3048 3421 3222 3490 Capta
3246 3419 3433 3487 Capua
3458 3456 3474 3475 .
3504 3415 3672 3470 etiam

2091 3531 2340 3586 finitimae
2393 3526 2651 3580 civitates
2701 3518 2969 3576 Romanis
3023 3519 3420 3574 accesserunt,
3475 3516 3679 3578 praeter

2089 3622 2393 3678 Atellanos.
2417 3617 2481 3672 lli
2507 3617 2682 3682 enim,
2707 3613 2847 3669 urbe
2878 3611 3124 3671 deserta,
3162 3619 3289 3662 cum
3319 3601 3592 3657 uxoribus
3617 3606 3674 3651 et

2089 3715 2287 3770 liberis
2331 3709 2658 3766 Annibalem
2706 3705 2990 3760 adierunt.
3030 3700 3212 3756 Etiam
3245 3695 3475 3765 reliquae
3504 3690 3676 3747 ltalire
3751 3736 3753 3739 .

2090 3815 2299 3877 partes,
2332 3797 2878 3872 Carthaginiensium
2903 3793 3189 3858 studiosus,
3223 3788 3517 3844 mutabant
3558 3783 3680 3840 ani-

2091 3901 2246 3960 mos,
2272 3903 2328 3951 et
2357 3911 2387 3950 a
2415 3891 2746 3949 consulibus
2778 3887 2983 3960 passim
3017 3880 3500 3941 circumeuntibus
3535 3874 3678 3930 rcci-

2091 3990 2412 4060 piebantur.
2449 3982 2738 4040 Tarentini
2793 3990 2977 4035 autem
3023 3975 3268 4030 nondum
3319 3981 3506 4040 aperte
3551 3983 3678 4024 cum

2092 4080 2360 4138 Romanis
2414 4078 2734 4139 faciebant,
2788 4072 2886 4128 sed
2943 4070 3084 4127 clam
3127 4062 3683 4136 Carthaginiensibus

2091 4172 2262 4245 428
2309 4169 2738 4227 succensebant.
2770 4165 3006 4222 Romani
3040 4163 3272 4234 petitam
3304 4159 3374 4212 ab
3407 4153 3682 4211 Annibale

2093 4264 2442 4336 captivorum
2482 4260 2948 4333 permutationem
2991 4272 3102 4313 non
3141 4255 3552 4324 impetrarunt,
3607 4245 3683 4301 ob

403 4354 661 4426 γηκότων
708 4352 863 4424 αὐτῷ
900 4352 1416 4425 ἀπολογησαμένου.
1468 4349 1735 4421 Ἀλούσης
1783 4348 1842 4402 δὲ
1887 4350 1978 4417 τῆς

2098 4355 2512 4416 Carthalnncm,
2551 4360 2615 4406 ut
2657 4351 2898 4414 hostem,
2949 4348 3094 4402 intra
3126 4343 3330 4399 manlia
3381 4355 3493 4395 non
3527 4351 3684 4392 rece-

404 4447 666 4520 Καπύης,
702 4449 801 4503 καὶ
833 4447 1005 4502 τᾶλλα
1040 4446 1110 4502 τά
1141 4445 1304 4518 πέριξ
1333 4444 1653 4516 πολίσματα
1695 4445 1811 4507 τοῖς
1851 4442 1978 4497 Ῥω·

2097 4458 2274 4520 ptum.
2312 4444 2681 4514 Quamobrem
2723 4443 2770 4499 is
2803 4442 3001 4503 iratus,
3019 4437 3296 4506 colloquio
3328 4433 3640 4489 detrectato
3664 4467 3682 4493 ,

409 4515 610 4614 patore
655 4515 1391 4614 προσκεχωρήκασιξπλὴν
1434 4515 1766 4593 Ἀτελανῶν.
1827 4527 1978 4590 οὗτοι

2097 4515 2280 4598 statim
2316 4537 2568 4594 recessit.
2605 4537 2722 4592 Hoc
2752 4546 3000 4604 tempore
3031 4529 3293 4586 Lavinius
3313 4524 3524 4581 IEtoIos
3549 4519 3687 4577 Phi-

409 4611 545 4709 γάρ,
573 4611 1019 4706 έκλιπόντες
1037 4633 1193 4689 πόλιν
1216 4634 1418 4699 αὐτῶν,
1448 4632 1619 4702 πανδη
1629 4632 1720 4702 μεὶ
1743 4630 1881 4698 πρὸς
1900 4628 1978 4682 tbi

2096 4630 2232 4701 lippi
2260 4629 2444 4685 socios
2463 4627 2569 4682 sibi
2599 4624 2947 4688 conciliavit,
2985 4631 3042 4679 et
3061 4620 3380 4690 Philippum
3414 4629 3589 4684 usque
3616 4611 3686 4666 ad

419 4704 672 4783 ίΑννιεαν
697 4704 1010 4800 ἐχώρησαν.
1029 4728 1141 4781 Kal
1168 4729 1204 4800 ἡ
1232 4726 1371 4796 άλλη
1397 4726 1457 4780 δὲ
1489 4725 1691 4780 Ἰταλία
1719 4725 1753 4795 ἡ
1780 4723 1850 4777 τά
1882 4721 1978 4776 τῶι

2099 4721 2402 4792 Corcyram
2435 4733 2788 4789 progressum
2852 4716 2932 4773 ita
2983 4713 3208 4776 terruit,
3235 4719 3299 4766 ut
3327 4707 3580 4778 trepidus
3629 4704 3686 4758 in

407 4821 800 4893 Καρχηδονίων
856 4819 1131 4891 φρονοῦσα
1169 4817 1472 4890 ἠλλοιοῦτο.
1524 4817 1636 4872 Καὶ
1687 4814 1978 4885 περιιόντες

2102 4811 2478 4869 Macedoniam
2516 4826 2574 4865 se
2624 4809 2917 4880 reciperet.

407 4914 456 4967 ol
484 4891 686 4969 ῦπατοι
738 4911 1168 4985 προσεποιοῦντο
1206 4911 1399 4981 αὐτήν.
1434 4910 1759 4981 Ταραντῖνοι
1819 4906 1877 4960 δὲ
1916 4905 2166 4976 φανερῶς
2198 4904 2300 4974 μὲν
2363 4901 2581 4956 οὐδέπω
2636 4900 2706 4955 τά
2723 4900 2834 4954 τῶν
2864 4897 3158 4971 Ῥωμαίων
3179 4895 3446 4970 ᾑροῦντοο
3502 4891 3685 4962 λάθρα

406 5005 470 5062 δὲ
513 5007 629 5069 τοῖς
672 5006 1075 5079 Καρχηδονίοις
1112 5005 1362 5078 ἤχθοντο.
1413 5005 1477 5057 Οἱ
1506 5003 1552 5057 δ’
1578 5005 1637 5058 ὲν
1680 5003 1748 5072 τῇ
1792 4999 1982 5073 Ῥώμῃ
2018 4996 2521 5068 διεκηρυκεύσαντο
2577 4995 2656 5066 τῷ
2717 4993 2942 5064 Ἀννίϐα
2969 4993 3328 5048 ἀνταπόδοσιν
3353 4989 3464 5042 τῶν
3488 4987 3688 5055 αἰχμα-

409 5100 602 5158 λώτων
655 5073 1016 5174 ποιήσασθαι,
1074 5073 1613 5170 οὐτηκατηλλάξαντο
1661 5096 1721 5151 δὲ
1767 5095 1992 5159 αὐτοὺς,
2068 5093 2196 5146 ἐπεὶ
2256 5091 2362 5147 οὐκ
2417 5091 2671 5156 ἐδέξαντο
2732 5089 2826 5143 τὸν
2874 5073 3223 5161 Καρθάλωνα
3282 5083 3376 5139 τοῦ
3471 5080 3687 5149 τείχους

410 5203 587 5268 ἐντὸς,
643 5203 720 5268 ὡς
769 5203 1055 5274 πολέμιον.
1100 5201 1228 5256 Οὐδ’
1279 5202 1339 5266 ές
1385 5200 1579 5269 λόγους
1638 5199 1748 5270 γὰρ
1804 5198 1991 5262 αὐτοῖς
2025 5197 2204 5274 ἐλθεῖν
2284 5193 2576 5265 ἠθέλησεν,
2623 5191 2786 5253 εὐθὺς
2831 5185 2890 5240 δὲ
2940 5183 3287 5256 ὠργισμένος
3355 5173 3678 5244 ἀνέστρεψε.

411 5297 550 5351 Τότε
591 5297 780 5368 μέντοι
826 5267 922 5352 καῖ
1002 5298 1032 5350 ό
1098 5297 1387 5361 Λαουϊνιος
1435 5267 1565 5361 τοῦς
1639 5267 1918 5356 Αἰτωλοὺς
1961 5267 2392 5363 συμμαχοῦντας
2450 5288 2709 5357 Φιλίππῳ
2759 5279 3248 5352 προσηταιρίσατο,
3312 5272 3406 5326 καὶ
3464 5269 3556 5323 τὸν
3594 5270 3686 5321 Φε.

409 5363 613 5448 λιππον
655 5391 822 5464 μέχρι
857 5390 1152 5463 Κερκύρας
1179 5390 1620 5462 προχωρήσαντα
1669 5383 1828 5453 αὖθις
1870 5387 2224 5458 ἐξεφόϐησεν.
2253 5384 2394 5439 ὥστε
2424 5382 2521 5437 καὶ
2547 5386 2601 5446 ἐς
2631 5383 2732 5452 τὴν
2763 5373 3107 5434 Μακεδονίαν
3142 5374 3296 5440 τάχει
3337 5363 3680 5420 ἐπανελθεῖν.

480 5509 556 5562 Z'.
588 5508 653 5563 Οἱ
692 5507 749 5561 δὲ
792 5507 849 5558 ὲν
878 5508 947 5578 τῇ
987 5504 1174 5577 Ῥώμῃ
1229 5505 1391 5559 Γάϊον
1443 5503 1712 5559 Κλαύδιον
1745 5503 1978 5572 Νέρωνα

2162 5497 2276 5553 Vll.
2313 5496 2378 5554 (Ξ.
2425 5495 2688 5553 Claudius
2720 5493 2866 5549 Nero
2899 5505 3024 5545 cum
3071 5485 3341 5542 militibus
3387 5482 3441 5536 in
3481 5481 3681 5550 Hispa.

407 5598 490 5662 αις
511 5597 611 5668 τὴν
647 5595 884 5666 Ἰϐηρίαν
916 5576 1058 5664 μετά
1082 5576 1192 5648 τῶν
1215 5593 1563 5664 στρατιωτῶν
1586 5592 1863 5662 ἔπεμψαν,
1890 5593 1978 5645 καὶ

2093 5592 2242 5644 niam
2283 5588 2484 5642 missus
2521 5594 2629 5646 est,
2667 5593 2724 5640 et
2773 5584 2949 5639 classe
2999 5593 3173 5650 usque
3215 5577 3282 5633 ad
3322 5576 3536 5631 Iberum
3582 5589 3682 5629 ve-

407 5661 1034 5760 δςπεῖριεκομίσθη-τῷ
1078 5661 1321 5756 ναυτικῷ
1378 5685 1540 5757 μέχρι
1593 5661 1704 5738 τοῦ
1740 5661 1978 5754 ΙἼϐηρος.

2097 5689 2260 5736 ctus:
2299 5679 2393 5734 ubi
2429 5678 2645 5734 caneris
2689 5661 2854 5730 etiam
2907 5671 3220 5745 legionibus
3276 5668 3534 5726 inventis.
3572 5666 3681 5721 As-

413 5783 588 5837 Ἕνθα
617 5784 715 5836 καὶ
741 5779 812 5834 τά
838 5779 1001 5834 λοιπά
1036 5781 1430 5851 στρατεύματα
1475 5777 1750 5849 εὑρηκὼς,
1787 5775 1978 5845 ἐπῆλθε

2095 5771 2403 5838 drubalem,
2438 5769 2756 5842 priusquam
2785 5784 2911 5824 eum
2949 5767 3150 5833 .a'lesse
3191 5771 3397 5824 nosset,
3445 5775 3680 5831 oppres~

412 5873 494 5948 τῷ
543 5873 868 5950 Ἀσδρούϐα,
921 5873 1053 5946 πρὶν
1099 5870 1413 5945 γνωσθῆναι
1463 5870 1546 5926 ὅτι
1581 5868 1836 5942 πάρεστι,
1879 5867 1978 5922 ΚαἸ

2098 5881 2220 5923 sum
2252 5863 2610 5920 circumvenit
2642 5881 2655 5920 :
2701 5862 2794 5919 sed
2844 5862 3113 5933 deceptus
3141 5867 3244 5914 est.
3294 5856 3494 5915 Videtis
3528 5853 3678 5909 enim
