4024 6406
361 338 466 400 ³131

1671 339 2001 401 JOANNIS
2038 343 2363 405 ΖΟΧΑΗᾹΞ

3532 360 3647 425 ’13ἓ

365 448 636 504 Asdrubal
705 463 763 503 se
815 448 1090 502 irretitum
1151 464 1302 509 esse,
1374 448 1838 505 caduceatoribus
1891 452 1952 506 ad

2064 460 2616 529 περιστοιχισάμει.ος
2669 464 2854 526 αὐτὸν,
2906 466 3187 536 ἠπατήθη.
3249 467 3394 521 Ἰδὼν
3446 472 3557 543 γὰρ
3617 476 3648 526 ὃ

365 543 634 595 Neronem
663 541 867 597 missis.
901 556 959 593 se
985 556 1048 594 ea
1083 541 1403 596 conditione
1429 542 1630 596 dimitti
1665 544 1846 612 petiit,
1890 552 1951 597 ut

364 641 473 687 tota
506 632 763 701 llispania
793 632 1107 687 excederet.
1144 634 1320 700 Quam
1347 650 1469 688 cum
1510 634 1598 689 ille
1637 636 1835 703 cupide
1863 651 1952 690 ac-

362 724 620 790 cepisset,
659 721 946 791 pactiones
993 723 1476 789 procrastinando,
1524 722 1662 775 alios
1711 723 1764 775 in
1817 723 1954 776 alios

366 828 578 867 mon'es
610 812 838 865 dimisit.
871 812 971 878 Qui
1022 828 1150 868 cum
1181 813 1508 877 evasissent,
1561 814 1821 867 Romanis
1857 830 1953 883 spe

366 923 443 971 par
469 906 512 957 is
540 905 803 957 excubiis
840 921 947 958 non
985 905 1342 967 habentibus,
1380 906 1645 973 postridie
1678 910 1742 961 ad
1785 906 1953 961 Nero.

365 1014 486 1049 nem
526 998 579 1049 in
628 996 964 1066 colloquium
1016 998 1190 1053 venit.
1243 997 1351 1052 Sed
1398 1007 1573 1052 totum
1624 999 1769 1053 diem
1820 1014 1953 1053 con-

362 1090 620 1158 μιιιιιρείι.
655 1090 978 1159 priusquam
1032 1090 1336 1159 quidquam
1381 1088 1823 1144 conﬁrmaretur.
1861 1090 1955 1144 Iti-

360 1183 599 1251 demque
644 1190 812 1237 noctu
862 1183 1000 1237 alios
1049 1183 1281 1245 dimisit,
1322 1191 1378 1237 et
1426 1184 1505 1237 sic
1549 1183 1672 1238 aliis
1731 1197 1955 1253 quoque

359 1272 559 1327 diebus
586 1271 737 1330 fecit.
789 1273 1025 1327 subinde
1061 1273 1269 1343 aliquid
1303 1275 1358 1329 in
1407 1274 1583 1343 pactis
1620 1273 1951 1330 cavillando.

359 1365 607 1434 Denique
655 1372 714 1419 et
759 1364 878 1434 ipse
931 1380 1059 1420 cum
1110 1365 1365 1436 equitatu
1420 1374 1478 1421 et
1526 1366 1839 1435 elephantis
1893 1379 1956 1421 se

358 1458 659 1521 subduxit,
708 1467 766 1512 et
832 1458 1038 1512 Neroni
1101 1457 1471 1514 formidabilis
1542 1457 1773 1514 exstitit.
1833 1454 1955 1523 Quo

359 1552 547 1606 Romae
579 1553 819 1621 cognito,
866 1567 1157 1607 successor
1208 1552 1414 1606 Neroni
1451 1552 1617 1606 datus
1664 1558 1769 1605 est.
1811 1549 1951 1604 Cum

358 1649 544 1695 autem
576 1642 947 1708 dubitaretur,
984 1643 1109 1711 quis
1150 1644 1268 1712 eius
1303 1643 1426 1697 loco
1464 1642 1765 1695 mittendus
1809 1648 1954 1694 esset

360 1736 560 1802 (neque
608 1732 756 1787 enim
804 1747 892 1788 res
939 1733 1239 1803 quemlibet
1276 1732 1633 1803 postulabat),
1687 1741 1741 1786 et
1797 1730 1950 1784 multi

357 1823 510 1876 clade
558 1823 879 1894 Scipionum
922 1824 1341 1880 deterrerentur
1375 1841 1389 1878 :
1422 1824 1480 1878 P.
1528 1824 1805 1892 Scipio,is
1852 1823 1947 1892 qui
1984 1823 2024 1877 Β

360 1924 569 1983 patrem
601 1916 955 1968 vulneratum
1002 1914 1372 1978 conservavit,
1413 1914 1559 1969 ultro
1593 1929 1653 1967 se
1699 1912 1765 1966 ad
1802 1913 1951 1966 illam

356 2005 769 2075 expeditionem
801 2006 1024 2069 obtulit,
1052 2005 1273 2076 juvenis
1319 2005 1522 2060 virtute
1564 2003 1953 2074 praestantissi-

364 2111 508 2159 mus,
545 2104 603 2152 et
645 2096 854 2165 optime
901 2096 1188 2151 institutus
1219 2112 1233 2152 :
1272 2096 1567 2164 statimque
1598 2104 1683 2150 est
1716 2095 1950 2149 electus.

362 2184 470 2240 Sed
500 2201 625 2240 cum
666 2201 776 2240 non
803 2186 977 2241 multo
1011 2195 1133 2257 post
1164 2188 1285 2257 ejus
1313 2186 1508 2257 iudicii
1538 2186 1800 2257 populum
1833 2201 1952 2256 pm-

358 2276 637 2338 nitnisset.
685 2284 801 2331 tum
838 2276 911 2331 ob
954 2285 1170 2331 aetatem
1214 2284 1440 2349 (annum
1496 2278 1646 2331 enim
1690 2287 1953 2347 quartum

358 2379 415 2425 et
448 2369 768 2423 vicesimum
819 2371 1054 2440 agebat),
1104 2383 1219 2424 tum
1269 2379 1495 2440 propter
1541 2370 1767 2425 domum
1812 2373 1951 2438 ejus,

348 2460 530 2539 patris
553 2470 608 2514 et
637 2461 817 2531 patrui
851 2461 1075 2516 interitu
1115 2462 1389 2515 funestam
1423 2478 1436 2515 :
1479 2461 1663 2517 denuo
1691 2462 1744 2515 in
1774 2462 1955 2531 publi-

358 2568 485 2606 cum
519 2568 868 2623 progressus.
910 2569 1009 2623 pro
1045 2554 1313 2608 concione
1348 2555 1595 2624 patribus
1621 2553 1954 2624 conscriptis

358 2652 432 2701 ita
464 2646 752 2709 satisfecit,
783 2655 844 2701 ut
883 2646 1179 2715 imperium
1214 2646 1265 2701 ei
1315 2662 1425 2701 non
1472 2647 1802 2713 adimerent,
1855 2644 1952 2700 sed

353 2738 426 2792 ll.
469 2739 720 2801 Junium,
769 2740 949 2793 virum
987 2755 1199 2802 senem,
1257 2739 1523 2810 collegam
1568 2740 1951 2809 adiungerent.

359 2833 486 2886 l’ost
517 2831 632 2885 lucc
665 2848 753 2886 res
785 2832 1028 2886 Romana
1055 2849 1163 2886 non
1185 2834 1322 2887 citra
1347 2847 1624 2886 aerumnas
1663 2833 1718 2887 in
1753 2832 1956 2887 melius

359 2922 559 2977 mutari
591 2924 778 2993 cmpit.
807 2922 1094 2979 Marcellus
1113 2927 1283 2985 enim,
1312 2939 1441 2979 cum
1475 2923 1767 2978 absolutus
1786 2931 1952 2989 esset,

359 3015 688 3071 Annibalem
712 3031 1028 3086 aggressus.
1055 3016 1318 3086 pleraque
1340 3025 1500 3072 caute
1523 3015 1952 3087 administravit,

356 3123 481 3164 cum
513 3108 818 3179 deSpcratis
834 3106 1002 3179 429
1019 3107 1341 3163 hominibus
1361 3116 1578 3163 certare
1601 3106 1950 3162 veritus.Sed

354 3201 400 3255 si
426 3200 648 3272 quando
674 3200 969 3271 conﬂigere
991 3214 1215 3254 necesse
1242 3208 1384 3265 erat,
1407 3199 1699 3270 prudentia
1723 3214 1945 3268 magna-

356 3295 607 3349 nimitate
637 3301 959 3363 temperata,
985 3292 1239 3362 superior
1272 3292 1559 3348 evadebat.
1586 3293 1824 3348 Annibal
1850 3307 1942 3345 au-

351 3397 462 3444 tem
490 3395 604 3440 tum
635 3399 699 3439 ea
718 3385 787 3440 de
808 3400 994 3441 causa.
1013 3393 1128 3438 tum
1159 3383 1305 3455 quod
1332 3384 1400 3439 ab
1425 3383 1552 3439 aliis
1564 3383 1732 3439 sociis
1754 3383 1949 3438 civita-

356 3482 503 3536 tibus
525 3480 798 3542 dcsertus,
816 3478 883 3531 ab
903 3478 1026 3532 aliis
1050 3477 1390 3533 deserendus
1415 3487 1556 3539 erat.
1586 3489 1698 3531 tum
1724 3488 1950 3547 propter

353 3572 461 3625 alia
486 3569 756 3640 quaedam,
794 3583 859 3624 ea
902 3567 1023 3621 loca
1058 3583 1182 3637 quas
1215 3568 1354 3622 tueri
1387 3567 1675 3637 nequibat,
1731 3577 1948 3621 vastare

357 3663 616 3717 instituit.
654 3662 904 3732 Cumque
937 3662 1140 3717 multos
1166 3670 1435 3723 ves-asset.
1463 3677 1493 3717 a
1522 3661 1773 3731 pluribus
1795 3660 1951 3716 dese—

356 3759 599 3812 rebatur.
620 3755 677 3809 la
708 3754 843 3808 urbe
862 3764 1046 3808 autem
1065 3754 1277 3823 Salapia
1305 3754 1411 3809 tale
1437 3752 1697 3820 quiddam
1724 3752 1941 3807 accidit.

356 3848 476 3902 Duo
496 3847 600 3901 viri
621 3860 847 3902 summa:
865 3860 1048 3901 rerum
1074 3845 1148 3900 ibi
1177 3855 1469 3916 praeerant,
1495 3844 1641 3900 inter
1657 3858 1717 3899 se
1734 3843 1949 3899 dissen-

356 3940 576 3995 tientes.
630 3938 767 3994 Nam
821 3938 1038 3993 Atinius
1088 3936 1664 4007 Carthaginiensibus,
1699 3935 1948 3991 Plautius

354 4032 617 4093 Romanis
645 4030 922 4096 studebat,
950 4039 1007 4085 et
1040 4045 1165 4085 cum
1193 4030 1373 4086 Alinio
1403 4029 1471 4084 de
1508 4029 1643 4084 urbe
1682 4028 1950 4084 Romanis

354 4124 620 4180 tradenda
653 4124 962 4179 collocutus
991 4131 1130 4177 erat.
1164 4122 1322 4188 Quod
1359 4137 1485 4177 cum
1525 4122 1616 4177 ille
1645 4121 1830 4177 statim
1877 4121 1943 4175 ad

353 4216 678 4271 Annibalem
712 4215 1027 4276 detulisset,
1066 4216 1119 4269 in
1150 4216 1239 4283 jus
1271 4213 1544 4270 adductus
1566 4222 1651 4270 est
1676 4214 1945 4269 Plautius.

353 4312 623 4367 Annibale
657 4321 841 4367 autem
887 4328 1011 4365 rum
1061 4312 1128 4365 iis
1168 4312 1355 4382 quiin
1405 4311 1642 4365 consilio
1692 4310 1944 4373 aderant,

352 4404 423 4458 de
453 4406 573 4475 ejus
630 4405 899 4476 supplicio
947 4405 1313 4470 deliberante,
1355 4420 1525 4460 ausus
1573 4412 1660 4460 est
1714 4405 1765 4458 in
1815 4420 1948 4460 cou-

2067 551 2419 619 ’Λσδρούὅας.
2455 553 2527 617 ὡς
2556 556 2914 622 ἀπείληπται,
2946 560 3474 629 προεκηρυκεύσατο
3500 565 3646 632 πρὸς

2053 644 2143 694 τὶν
2167 644 2418 711 Νέρωνα.
2447 645 2587 698 ὥστε
2618 647 2717 718 τὴν
2744 647 2987 719 ’16ηρίαν
3013 652 3195 704 πᾶσαν
3235 653 3460 721 ἀφεθεὶς
3492 656 3649 708 ἐλλι-

2059 739 2199 792 πεῖν.
2246 738 2338 801 Ὠς
2382 739 2428 791 δ’
2462 741 2664 802 ἐκεῖνος
2696 742 2825 798 τοὺς
2867 743 3060 811 λόγους
3088 746 3342 811 ἁσμένως
3397 747 3643 812 ἐδέξατο,

2056 827 2498 897 ἀναϐαλλόμενος
2532 831 2617 882 ἶνα
2647 831 2746 893 τὰς
2778 833 3054 902 συνθήκας
3084 839 3149 905 τῇ
3185 836 3447 906 ὑστεραία
3482 843 3615 907 ποιὴ
3638 871 3649 880 -

2058 936 2239 989 σηται,
2285 921 2639 991 ὑπεξέπεμψε
2696 926 2793 992 τῆς
2851 928 3046 989 νυκτδς
3098 929 3292 990 ἄλλους
3347 929 3481 1001 ἄλλη
3530 930 3648 983 τῶν

2053 1015 2217 1084 ὁρῶν.
2250 1014 2642 1080 Διεξελθόντων
2666 1018 2711 1071 δ’
2742 1020 2991 1081 ἐκείνων,
3028 1021 3122 1074 ἅτε
3165 1022 3241 1091 μὴ
3267 1022 3518 1090 φυλακῆς
3546 1022 3649 1075 οὗ-

2059 1120 2158 1174 σης
2188 1105 2342 1175 παρά
2365 1105 2473 1159 τῶν
2514 1107 2807 1176 Ῥωμαίων
2830 1109 2918 1164 διὰ
2945 1110 3045 1173 τάς
3075 1111 3187 1164 τῶν
3218 1112 3465 1165 σπονδῶν
3486 1113 3645 1166 ἑλπί-

2054 1197 2172 1264 δας,
2204 1193 2335 1268 ἦλθε
2365 1199 2463 1270 μὲν
2489 1203 2554 1270 τῇ
2593 1203 2824 1276 ἐπιούσῃ
2848 1205 2905 1266 ἐς
2933 1203 3129 1273 λόγους
3141 1204 3217 1273 τῷ
3233 1206 3471 1275 Νέρωνι,
3501 1223 3649 1259 κατ-

2059 1287 2247 1359 έτριψε
2298 1290 2356 1345 δὲ
2400 1292 2582 1346 πᾶσαν
2609 1294 2800 1364 αὐτὴν,
2836 1296 2965 1366 πρίν
2988 1313 3041 1349 τι
3067 1298 3501 1365 ἐπικυρωθῆναι.
3527 1298 3648 1351 Καὶ

2054 1377 2211 1445 αὖθις
2240 1382 2434 1449 ἄλλους
2464 1388 2561 1459 τῆς
2588 1387 2790 1451 νυκτὸς
2815 1390 3017 1458 ὁμοίως
3041 1388 3360 1457 ἀπέπεμψε.
3387 1390 3560 1443 τοῦτο
3583 1390 3650 1444 δὲ

2056 1473 2153 1526 καὶ
2202 1475 2260 1528 ὲν
2311 1475 2501 1540 ἄλλαις
2556 1480 2699 1533 τισὶν
2756 1474 3023 1550 ἡμέραις
3053 1482 3256 1551 ὁμοίως
3317 1483 3645 1551 πεποίηκεν,

2056 1564 2421 1634 ἀμφισϐητῶν
2465 1585 2588 1621 τινα
2632 1570 2691 1622 ἐν
2735 1574 2801 1640 τῇ
2839 1571 3131 1641 συμϐάσει.
3171 1572 3553 1643 Προελθόντων
3584 1574 3647 1625 δὲ

2056 1657 2164 1709 τῶν
2193 1659 2375 1722 πεζῶν
2424 1660 2705 1724 ἁπάντων,
2745 1662 2901 1725 τέλος
2951 1664 3045 1716 καὶ
3070 1664 3235 1728 αὐτὸς
3281 1665 3379 1718 σὺν
3406 1667 3516 1727 τοῖς
3550 1667 3649 1717 ίπ-

2055 1746 2222 1801 πεῦσι
2249 1750 2344 1802 καὶ
2367 1754 2478 1814 τοῖς
2504 1753 2765 1819 ἐλέφασιν
2791 1752 3181 1823 ὑπεξεχώρησε
3200 1770 3212 1783 ο
3233 1754 3330 1806 καὶ
3351 1753 3648 1817 διασωθεὶς

2055 1840 2286 1909 φοϐερὸς
2347 1838 2506 1907 αὖθις
2564 1843 2644 1913 τῷ
2697 1844 2912 1912 Νέρωνι
2963 1845 3207 1912 ἐγένετο.
3250 1846 3531 1907 Μαθόντες
3584 1846 3646 1898 δὲ

2056 1930 2229 1984 ταῦτα
2270 1932 2319 1985 οἱ
2352 1935 2411 1986 ὲν
2440 1937 2508 2005 τῇ
2550 1935 2739 2008 Ῥώμῃ
2773 1936 2868 1989 τοῦ
2904 1938 3159 2007 Νέρωνος
3193 1939 3293 2007 μὲν
3331 1938 3643 2005 κατέγνων,

2056 2023 2202 2095 ἄλλῳ
2240 2025 2295 2078 δέ
2330 2042 2437 2079 τινι
2466 2026 2563 2095 τὴν
2601 2030 2899 2099 ἡγεμονίαν
2933 2029 3277 2099 ἐψηφίσαντο
3309 2032 3645 2100 ἔγχειρίσαι.

2066 2114 2444 2185 Ἀπορούντων
2468 2113 2563 2170 οὖν
2600 2119 2722 2171 τίνα
2753 2118 2819 2172 ἂν
2849 2120 3252 2174 ἀποστείλωσιν
3282 2121 3363 2188 (οὐ
3397 2123 3508 2190 γάρ
3542 2120 3647 2190 τοῦ

2054 2211 2313 2277 τυχόντος
2357 2208 2549 2279 ἀνδρὸς
2602 2209 2775 2263 ἐδεῖτο
2812 2209 2881 2263 τὰ
2926 2211 3282 2279 πράγματα),
3319 2210 3416 2264 κα)⁵
3456 2211 3649 2264 πολλοὶ

2054 2299 2213 2353 τοῦτο
2241 2299 2331 2353 διὰ
2363 2299 2423 2352 τὸ
2455 2300 2562 2354 τῶν
2588 2300 2908 2355 Σκιπιὼνων
2937 2302 3107 2363 πάθος
3131 2301 3433 2366 ἐξίσταντο,
3464 2302 3489 2351 ὁ
3518 2303 3652 2354 Σκ-

2056 2389 2197 2443 πίων
2217 2390 2331 2459 (58)
2361 2392 2567 2455 ἐκεῖνος
2595 2393 2623 2444 ὁ
2651 2392 2942 2456 Πούπλιος,
2962 2394 2991 2445 ὁ
3016 2394 3108 2445 τὸν
3128 2394 3342 2463 πατέρα
3361 2392 3648 2464 τρωθέντα

2058 2481 2260 2543 σώσας,
2294 2481 2488 2534 ἑαυτὸν
2519 2482 2805 2554 ἐθελοντὴς
2836 2485 2914 2547 είς
2945 2484 3046 2553 τὴν
3087 2486 3380 2553 στρατείαν
3430 2486 3649 2538 ἐπέδω-

2057 2591 2174 2627 κεν.
2199 2571 2312 2627 Ἦν
2342 2575 2399 2629 δὲ
2439 2575 2537 2629 καὶ
2580 2576 2749 2646 ἀρετῇ
2784 2578 3076 2646 κράτιστος
3108 2577 3204 2630 καὶ
3238 2577 3458 2648 παιδείᾳ
3496 2577 3651 2644 λογι-

2061 2667 2307 2737 μώτατος
2328 2685 2342 2701 ·
2371 2670 2466 2721 καὶ
2492 2670 2839 2739 παραχρῆμα
2875 2669 2974 2739 μὲν
3003 2669 3198 2740 ᾑρέθη.
3225 2668 3550 2739 Μεταμέλον
3582 2670 3649 2722 δὲ

2057 2756 2118 2807 οὐ
2151 2756 2333 2826 πολλῷ
2364 2756 2593 2825 ὕστερον
2618 2757 2709 2810 διά
2737 2774 2795 2810 τε
2831 2757 2930 2828 τὴν
2962 2759 3180 2828 ἠλικίαν
3210 2756 3379 2810 αὑτοῦ
3422 2759 3648 2826 (τέταρ-

2057 2862 2151 2897 τον
2182 2847 2291 2916 γὰρ
2315 2847 2408 2900 καὶ
2434 2846 2681 2900 εἰκοστὸν
2712 2847 2833 2911 ἔτος
2860 2848 2957 2917 τῆς
2987 2849 3135 2912 ζωῆς
3162 2843 3285 2917 ἦγε)
3311 2848 3404 2899 καὶ
3438 2849 3520 2900 ὅτι
3547 2852 3650 2900 καὶ

2060 2939 2093 3007 ἠ
2132 2936 2286 2990 οἰκία
2316 2937 2482 2990 αὑτοῦ
2517 2938 2606 2992 διὰ
2630 2938 2722 2991 τὸν
2751 2938 2845 2990 τοῦ
2878 2940 3087 3008 πατρδς
3115 2939 3211 2993 καὶ
3234 2939 3329 2993 τοῦ
3356 2939 3503 2993 θείου
3525 2938 3650 2992 ὄλε-

2061 3028 2189 3099 θρον
2219 3028 2460 3089 ἐπένθει,
2490 3024 2657 3100 ἦλθεν
2695 3026 2852 3093 αὖθις
2894 3032 2975 3094 είς
3007 3031 3066 3084 τὸ
3094 3032 3274 3086 κοινὸν
3316 3032 3410 3086 καὶ
3437 3032 3651 3102 ἐδημη-

2061 3122 2288 3191 γόρησε,
2322 3122 2417 3173 καὶ
2456 3114 2539 3184 οἷς
2584 3118 2707 3175 εἷπε
2758 3123 3089 3187 καταιδέσας
3121 3123 3249 3187 τοὺς
3290 3124 3388 3193 τῆς
3418 3125 3642 3194 βουλῆς,

2057 3211 2157 3279 τὴν
2216 3209 2316 3279 μὲν
2370 3209 2547 3280 ἀρχὴν
2588 3212 2689 3265 οὐκ
2723 3213 3010 3285 ἀςῃρέθτμ
3051 3213 3273 3284 Μάρκος
3306 3214 3362 3268 δὲ
3395 3214 3644 3280 Ἰούνιος,

2058 3300 2196 3370 ἀνὴρ
2228 3302 2480 3372 γηραιὸς,
2517 3306 2928 3377 προσεπέμφθη
2978 3307 3149 3375 αὐτῷ.
3181 3308 3305 3370 Τοῖς
3348 3309 3647 3378 Ῥωμαίοις

2057 3394 2113 3447 δὲ
2144 3396 2284 3463 μετὰ
2314 3396 2487 3450 ταῦτα
2515 3398 2583 3451 τά
2608 3399 2912 3468 πράγματα
2938 3400 3036 3452 οὐκ
3076 3398 3475 3468 ἀταλαιπώρως
3502 3398 3644 3469 ἐχώ-

2058 3503 2225 3556 ρησεν
2283 3490 2364 3550 εἰς
2418 3487 2479 3540 τὸ
2538 3489 2766 3557 βέλτιον.
2804 3490 2863 3543 Ὀ
2911 3492 3022 3561 γὰρ
3055 3491 3401 3561 Μάρκελλος,
3442 3492 3643 3562 ἐπειδὴ

2057 3579 2464 3652 κατηγορηθεὶς
2496 3580 2770 3651 ἀπελύθη,
2804 3581 3070 3653 ὥρμησεν
3115 3584 3208 3637 ἐπὶ
3235 3582 3329 3636 τὸν
3358 3582 3641 3649 Ἀννίϐαν,

2056 3670 2154 3723 καὶ
2200 3670 2268 3723 τὰ
2320 3671 2418 3741 μὲν
2448 3673 2678 3727 πλεῖστα
2713 3673 2784 3727 δι’
2806 3676 3114 3743 ἀσφαλείας
3158 3677 3418 3740 ἐποιεῖτο,
3450 3675 3645 3740 δεδιὼς

2058 3760 2193 3831 πρὸς
2230 3763 2703 3835 ἀπονενοημένους
2752 3766 3252 3823 ἀποκινδυνεῦσαι·
3295 3768 3345 3820 εί
3392 3769 3452 3822 δέ
3506 3785 3643 3821 ποτε

2055 3858 2384 3928 ἠναγκάσθη
2419 3860 2749 3931 προσμίξαι,
2792 3861 3058 3929 κρείττων
3096 3862 3162 3916 ὲκ
3186 3863 3505 3931 φρονήσεως
3544 3863 3645 3916 εύ-

2054 3949 2256 4021 τολμίᾳ
2286 3952 2642 4023 κεκραμένης
2674 3954 2912 4022 ἐγένετο.
2958 3955 3017 4009 '0
3050 3950 3142 4009 οὖν
3185 3955 3434 4017 ’Δννίϐας
3462 3956 3551 4009 διά
3578 3973 3645 4010 τε

2053 4042 2252 4103 ταῦτα.
2295 4046 2391 4099 καὶ
2424 4045 2507 4099 ὅτι
2549 4046 2606 4099 αἱ
2648 4046 2835 4111 πόλεις
2867 4049 2923 4102 al
2957 4048 3354 4118 συμμαχοῦσαι
3388 4050 3540 4121 αὐτῷ
3580 4052 3643 4105 αί

2059 4136 2157 4206 μὲν
2199 4136 2736 4205 ὲγκαταλελοίπεσαν
2768 4139 2956 4205 αὑτὸν,
2988 4142 3061 4194 αι’
3087 4140 3144 4194 δὲ
3187 4140 3509 4209 διενοοῦντο,
3544 4146 3647 4196 καὶ

2054 4228 2124 4281 δι’
2178 4228 2322 4300 ἕτερ’
2354 4230 2510 4297 ἄττα,
2549 4231 2802 4286 κακῶσαι
2855 4232 2924 4284 τὰ
2970 4231 3146 4302 χωρία
3191 4230 3228 4286 ἃ.
3265 4233 3341 4303 μὴ
3382 4233 3646 4303 κατέχειν

2054 4316 2167 4385 οἷος
2220 4317 2289 4392 ἦν
2341 4324 2695 4395 ἐπεχείρησε,
2754 4324 2850 4378 καὶ
2905 4324 3125 4389 πολλοῖς
3169 4325 3501 4397 ἐλυμήνατο,
3541 4327 3643 4380 καὶ

2056 4413 2278 4476 πλείους
2307 4414 2396 4468 διὰ
2427 4414 2587 4469 τοῦτο
2616 4415 2935 4485 ἀφίσταντο.
2972 4418 3108 4488 Περὶ
3137 4416 3195 4470 δὲ
3226 4417 3508 4471 Σαλαπίαν
3540 4419 3644 4471 πό-

356 4506 547 4565 spectu
608 4497 762 4552 Pierii
818 4512 943 4551 cum
990 4497 1173 4551 Alinio
1232 4497 1417 4553 denuo
1482 4496 1552 4552 de
1619 4495 1814 4551 eadem
1887 4511 1946 4550 re

2056 4507 2139 4560 λιν
2164 4507 2410 4562 τοιοῦτον
2432 4507 2489 4561 δέ
2514 4526 2569 4561 τι
2598 4509 2882 4563 συνέπεσε.
2911 4511 3033 4564 Δύω
3057 4510 3253 4580 ἄνδρες
3280 4509 3351 4564 τὰ
3380 4512 3644 4582 πράγμα-

356 4605 537 4659 agere.
572 4590 671 4645 lllo
705 4605 838 4644 vero
871 4590 1236 4654 exclamante,
1266 4590 1398 4644 Ecce
1434 4605 1570 4653 ecce,
1603 4606 1743 4644 nunc
1785 4592 1946 4645 etiam

356 4685 420 4736 de
442 4682 739 4751 proditione
773 4696 975 4735 mecum
1010 4684 1158 4752 agit:
1187 4690 1413 4752 promer
1441 4682 1518 4737 rei
1554 4682 1952 4739 absurditatem

357 4772 593 4828 Annibal
621 4788 732 4827 non
756 4774 1013 4839 credidit,
1041 4789 1279 4843 eumque
1313 4780 1374 4827 ut
1410 4773 1687 4828 calumnia
1720 4775 1953 4846 petitum

357 4868 615 4923 absolvit.
647 4868 916 4923 Absoluto
963 4883 1049 4932 eo,
1085 4868 1248 4922 ambo
1277 4875 1722 4923 consenserunt:
1767 4876 1825 4924 et
1858 4884 1955 4925 ac-

359 4959 579 5015 cersitis
621 4975 653 5014 a
689 4959 948 5014 Marcello
998 4959 1287 5025 militibus,
1333 4959 1654 5030 Punicoque
1698 4961 1955 5032 praesidio

355 5069 523 5117 czeso,
556 5052 823 5108 Romanis
854 5053 1045 5108 urbem
1080 5051 1448 5109 tradiderunt.
1486 5052 1601 5109 Hoc
1636 5054 1953 5111 Italicarum

362 5163 544 5201 rerum
583 5156 749 5212 statu,
780 5145 952 5203 Siculi
995 5146 1171 5231 nihilo
1204 5146 1329 5216 plus
1374 5144 1622 5201 faventes
1669 5147 1959 5217 Carthagi-

356 5240 670 5305 nimsibus,
703 5241 770 5295 ad
805 5239 1095 5294 Lavinium
1146 5239 1432 5294 consulem
1461 5255 1519 5294 se
1566 5240 1949 5296 conferebant.

350 5334 918 5405 Carthaginiensibus
941 5334 1035 5404 qui
1062 5334 1116 5387 in
1150 5332 1337 5388 Sicilia
1380 5342 1540 5388 erant
1584 5333 1778 5388 lianno
1810 5348 1949 5403 prte-

354 5434 504 5487 erat,
531 5426 636 5482 sub
677 5441 856 5498 eoque
905 5426 1143 5482 Mutinas
1176 5425 1448 5481 militabat
1478 5437 1492 5477 :
1530 5425 1625 5496 qui
1676 5440 1802 5480 cum
1835 5425 1947 5494 pri-

356 5518 489 5572 dem
524 5518 775 5574 Annibali
808 5518 1118 5581 familiaris,
1153 5519 1224 5573 ob
1269 5533 1465 5589 magna
1511 5517 1738 5572 virtutis
1778 5534 1948 5587 opera

356 5610 536 5674 edita,
591 5611 853 5668 invidiam
905 5613 1279 5681 suscepisset,
1338 5611 1393 5664 in
1453 5607 1698 5664 Siciliam
1770 5610 1952 5665 fuerat

2054 4615 2123 4653 τα
2178 4599 2360 4652 αὐτῶν
2418 4595 2586 4671 εἶχον,
2633 4599 2883 4671 διάφοροί
2928 4618 2989 4654 τε
3034 4601 3290 4671 ἀλλήλοις
3319 4596 3479 4672 ἦσαν.
3529 4602 3645 4655 Καὶ

2054 4693 2287 4756 Ἀλίνιος
2312 4692 2412 4762 μὲν
2442 4694 2511 4745 τὰ
2533 4692 2642 4746 τῶν
2676 4694 3070 4765 Καρχηδονίων
3100 4694 3339 4766 ἐφρόνει,
3371 4694 3644 4759 Πλαύτιος

2051 4783 2110 4837 δὲ
2165 4784 2233 4838 τὰ
2276 4784 2387 4838 τῶν
2443 4784 2757 4856 Ῥωμαίων,
2800 4784 2860 4849 ὃς
2905 4786 3000 4839 καὶ
3024 4785 3277 4855 διελέχθη
3305 4784 3385 4854 τῷ
3423 4783 3646 4855 Ἀλινίῳ

2054 4876 2187 4946 περὶ
2216 4878 2513 4948 προδοσίας
2543 4877 2644 4948 τῆς
2677 4880 2760 4941 είς
2798 4877 3128 4948 Ῥωμαίους.
3167 4877 3528 4950 Μηνύσαντός
3579 4894 3644 4930 τε

2054 4971 2222 5034 εὐθὺς
2248 4970 2461 5024 ἐκείνου
2493 4970 2572 5040 τῷ
2601 4971 2828 5044 Ἀννίϐᾳ
2861 4971 3058 5035 ταῦτα,
3089 4973 3148 5035 ὲς
3177 4972 3335 5040 δίκην
3361 4969 3585 5041 ὑπήχθη
3612 4971 3644 5023 ὁ

2053 5062 2346 5126 Πλαύτιος.
2376 5063 2782 5134 Βουλευομένου
2817 5066 2875 5119 δὲ
2919 5064 3014 5119 τοῦ
3062 5064 3311 5119 ’Δννίϐου
3346 5064 3487 5134 μετὰ
3530 5065 3643 5117 τῶν

2053 5152 2348 5221 συνέδρων,
2388 5153 2537 5217 ὅπως
2568 5154 2733 5208 αὐτὸν
2764 5154 3009 5214 κολάσει.
3043 5154 3346 5224 ἐτόλμησεν
3396 5155 3486 5206 ἐπ’
3516 5152 3641 5224 ὄψει

2054 5244 2223 5297 αὐτοῦ
2278 5245 2354 5313 τες»
2393 5243 2614 5317 ’Δλινίῳ
2650 5245 2822 5309 πέλας
2871 5263 2976 5299 που
3020 5245 3136 5299 ὄντι
3181 5247 3307 5317 περὶ
3343 5247 3642 5314 προδοσίας

2056 5332 2215 5398 αὖθις
2258 5337 2456 5389 εἰπεῖν.
2486 5336 2920 5407 ’Λναόοήσαντος
2975 5338 3019 5391 δ’
3067 5338 3297 5398 ἐκείνου.
3339 5339 3480 5399 Ἴδε,
3525 5338 3641 5404 ἴδε,

2057 5428 2153 5480 καὶ
2177 5426 2294 5481 νῦν
2314 5444 2409 5495 μοι
2429 5427 2557 5497 περὶ
2584 5427 2771 5483 αὑτοῦ
2793 5429 3007 5483 τούτου
3029 5430 3238 5483 λαλεῖ·
3266 5432 3367 5483 οὐκ
3392 5430 3644 5484 ἐπίστευ-

2060 5536 2155 5572 σεν
2200 5522 2228 5573 ὁ
2257 5520 2509 5583 ’Λννίϐας
2557 5520 2646 5574 διὰ
2700 5521 2759 5575 τὸ
2796 5520 3023 5579 ἄτοπον.
3057 5521 3191 5574 ἀλλὰ
3230 5523 3323 5575 καὶ
3358 5521 3434 5584 ὡς
3472 5539 3641 5575 συκο-

2060 5602 2432 5680 φαντούμενον
2482 5611 2644 5665 αὐτὴν
2671 5612 2963 5667 ἀπέλυσεν.
3004 5614 3325 5682 Ἀῃεθέντος
3368 5613 3445 5680 δὲ,
3483 5612 3642 5681 ὠμο-

1563 5702 1777 5765 Varite
1813 5704 2127 5766 lectiones
2175 5713 2236 5767 et
2279 5713 2469 5769 notm.

342 5877 349 5883 .
440 5802 560 5874 ('58)
599 5804 662 5856 ’0
711 5807 989 5860 Σκιπΐων.
1054 5807 1324 5875 Excerpta
1384 5804 1573 5862 Dionis
1621 5804 1938 5872 Valcsiana,

2082 5805 2207 5862 602.
