4024 6406
267 374 373 438 7S3

1536 358 1951 432 ANNALIUM
1991 368 2145 429 LIB.
2192 369 2300 430 IX.

3438 354 3553 427 731i

275 478 466 561 νόησαν
498 490 696 558 ἄμςιιν
733 488 826 541 καὶ
853 487 1191 561 στρατιώτας
1222 490 1374 561 παρὰ
1402 488 1499 544 τοῦ
1533 487 1854 561 Μαρκέλλου

1985 487 2266 558 ιδιοεαιιιε.
2331 483 2436 540 Sed
2490 498 2557 539 ne
2612 482 2687 538 ibi
2736 480 2960 553 quidem
3012 481 3270 553 magister
3304 481 3553 552 equitum

267 580 705 649 ἐπαγαγόμενοι,
752 578 854 649 τήν
906 595 967 630 τε
1010 579 1256 649 φρουρὰν
1308 579 1419 633 τῶν
1466 579 1857 651 Καρχηδονίων

271 671 609 743 κατέκοψαν,
632 671 726 726 καὶ
755 669 856 740 τὴν
885 669 1040 724 πόλιν
1068 672 1179 733 τοῖς
1216 669 1506 741 Ῥωμαίοις
1522 671 1857 740 παρέδοσαν.

271 763 384 818 Καὶ
409 762 555 817 οὕτω
585 762 687 833 μὲν
714 763 773 817 ὲν
795 763 861 833 τῇ
888 761 1093 833 Ἰταλίᾳ
1124 760 1282 831 ἔσχον
1314 764 1425 824 τοῖς
1457 762 1853 832 Καρχηδονίοις

270 857 340 908 τὰ
377 855 703 927 πράγματα,
740 856 834 908 καὶ
862 854 974 907 οὐδ’
1015 856 1047 924 ἡ
1085 854 1304 907 Σικελία
1342 849 1410 927 ἦν
1455 855 1719 909 εύνεοῦσα
1758 855 1858 906 αὖ-

268 949 413 1011 τ.ἰς,
467 947 604 1001 ἀλλὰ
657 945 734 1016 τῷ
780 946 974 1015 ὑπάτῳ
1008 944 1087 1017 τῷ
1127 947 1398 1018 Λαουϊνίῳ
1445 945 1856 1016 προσεχώρουν.

283 1038 506 1108 Ἥγείτο
550 1038 653 1107 μὲν
700 1037 809 1108 γὰρ
836 1037 950 1092 τῶν
991 1039 1051 1091 ἐν
1095 1040 1163 1110 τῇ
1214 1037 1438 1109 Σικελίᾳ
1470 1036 1858 1109 Καρχηδονίων

277 1129 520 1183 Ἀννων·
552 1129 1019 1198 συνεστρατεύετο
1042 1127 1101 1183 δέ
1132 1127 1283 1199 αὐτῷ
1318 1128 1410 1182 καὶ
1428 1127 1724 1193 Μουτίνας.
1759 1129 1857 1191 Ὃς

1963 581 2129 634 rebus
2162 578 2424 647 praeclare
2473 576 2665 646 gestis,
2724 574 3012 629 Hannonis
3061 574 3267 628 invidia
3327 576 3556 637 evitata,

1962 671 2285 740 magistratu
2318 667 2471 722 abire
2502 676 2727 722 coactus
2765 675 2869 720 est.
2900 664 3114 731 Quibus
3178 665 3394 733 injuriis
3459 679 3558 717 ex-

1977 763 2275 819 acerbatus
2312 761 2379 816 ad
2406 761 2684 815 Romanos
2708 774 2766 814 se
2795 758 3026 813 contulit
3060 776 3071 810 :
3107 772 3170 809 ac
3206 757 3439 825 primum
3466 754 3554 807 ad-

1961 857 2216 927 jumento
2274 852 2417 917 fuit,
2477 860 2539 905 ut
2608 851 2690 904 eis
2770 850 3128 918 Agrigentum
3205 846 3559 916 proderetur.

1967 938 2178 1001 Deinde
2213 946 2268 999 in
2302 943 2429 1000 aliis
2473 958 2692 1013 quoque
2731 943 2897 996 rebus
2937 940 3157 994 navavit
3195 953 3445 1006 operam,
3500 942 3565 988 ut

1967 1047 2138 1095 totam
2191 1037 2438 1094 Siciliam
2511 1034 2722 1106 absque
2798 1047 2996 1105 magno
3069 1032 3262 1087 labore
3330 1040 3566 1096 recupe-

1965 1138 2176 1187 rarent.

277 1218 453 1272 συνὼν
475 1217 795 1292 τῷἊννίϐᾳ
820 1217 1036 1290 πρώην,
1064 1218 1161 1272 καὶ
1187 1217 1501 1290 φθονηθεὶς,
1567 1217 1651 1271 ὅτι
1715 1219 1931 1288 μεγάλα
1969 1219 2109 1290 ἔργα
2139 1220 2345 1292 ἀρετῆς
2372 1218 2746 1283 ἐπεδείκνυτο,
2784 1218 2843 1281 ἐς
2864 1215 3129 1271 Σικελίαν
3155 1211 3439 1283 ἐπέμφθη.
3475 1209 3568 1272 Ὦς

273 1305 368 1362 οὖν
399 1309 563 1363 κάκεῖ
602 1308 878 1380 λαμπρῶς
909 1310 1199 1379 ἱππαρχει,
1244 1308 1440 1378 φθόνον
1471 1307 1567 1360 καὶ
1601 1305 1742 1377 πρὸς
1769 1307 1865 1360 τοῦ
1908 1308 2180 1374 Ἄννωνος
2213 1302 2387 1379 ὦφλε,
2451 1309 2548 1362 καὶ
2610 1307 2701 1361 διὰ
2732 1306 2893 1360 τοῦτο
2920 1305 3020 1374 τῆς
3046 1304 3353 1373 ἱππαρχίας
3394 1299 3567 1369 ἐπαύ-

275 1404 367 1473 θη.
398 1403 711 1477 Περιαλγὴς
734 1402 869 1475 γοῦν
902 1403 991 1456 διὰ
1023 1403 1198 1456 ταῦτα
1229 1403 1545 1472 γενόμενος.
1612 1401 1750 1470 πρὸς
1809 1399 1939 1465 τοὺς
1985 1400 2301 1472 Ῥωμαίους
2345 1401 2634 1458 ἀπέκλινε.
2673 1399 2785 1455 Καὶ
2837 1396 3056 1469 πρῶτον
3113 1395 3212 1465 μὲν
3269 1382 3568 1464 προδοσίαν

288 1497 666 1566 Ἀκράγαντος
723 1494 1029 1562 συνέπραξε
1095 1495 1300 1561 σφίσιν.
1364 1491 1497 1547 Εῐτα
1551 1492 1646 1546 καὶ
1693 1491 1863 1545 τᾶλλα
1907 1492 2445 1564 συγκατειργάσατο,
2498 1491 2640 1545 ὥστε
2691 1491 2878 1544 πᾶσαν
2939 1484 3095 1549 αὖθις
3142 1484 3244 1556 τὴν
3312 1482 3565 1537 Σικελίαν

277 1588 370 1644 ὑπ’
406 1590 606 1650 αὐτοὺς
636 1589 766 1643 ἄνευ
797 1586 1037 1658 μεγάλου
1070 1588 1235 1640 πόνου
1261 1586 1540 1657 γενέσθαι.

350 1681 436 1738 μ’.
486 1682 545 1735 ὐ
574 1681 632 1733 δὲ
655 1679 851 1741 Φάϐιος
883 1681 976 1731 καὶ
1010 1682 1036 1730 ὁ
1060 1679 1328 1742 Φλάκκος,
1372 1678 1540 1743 ἄλλας
1576 1694 1635 1732 τε
1677 1675 1860 1740 πόλεις

281 1773 506 1839 πολλάς,
542 1772 637 1826 καὶ
677 1771 770 1825 τὸν
800 1770 1079 1844 Τάραντα,
1112 1771 1206 1825 τοῦ
1240 1771 1489 1825 Ἀννίϐου
1543 1769 1866 1841 κατέχοντος

280 1865 469 1930 αὐτον,
533 1861 923 1936 ἐχειρώσαντο.
981 1864 1352 1925 Κελεύσαντες
1418 1863 1529 1934 γάρ
1595 1878 1707 1915 τισι
1767 1860 1867 1930 τὴν

281 1956 548 2031 Βρεττίαν
610 1958 996 2028 κατατρέχειν,
1036 1956 1104 2010 ἵν’
1146 1959 1173 2010 ὁ
1209 1955 1460 2018 Ἀννίϐας
1509 1955 1591 2019 είς
1641 1955 1869 2007 ἐπικου-

286 2051 409 2123 ρίαν
436 2049 608 2118 αὐτῆς
631 2048 826 2120 ἀπάρῃ
858 2050 924 2102 ἐκ
960 2048 1265 2119 Τάραντος,
1289 2048 1412 2100 ἐπεὶ
1441 2045 1603 2100 τοῦτο
1626 2045 1868 2114 ἐγένετο,

282 2143 531 2207 Φλάκκος
576 2141 679 2213 μὲν
720 2143 928 2197 ἐκεῖνον
957 2142 1242 2213 ἐπετήρει,
1270 2139 1469 2204 Φάϐιος
1512 2139 1569 2193 δὲ
1602 2140 1661 2193 ἐν
1692 2135 1870 2206 τούτῳ

286 2235 477 2297 νυκτὸς
502 2235 581 2306 τῷ
610 2235 851 2305 Τάραντι
896 2237 1014 2297 ταῖς
1045 2251 1103 2287 τε
1132 2234 1325 2288 ναυσὶν
1355 2235 1470 2303 ἅμα
1493 2232 1588 2287 καὶ
1617 2231 1697 2301 τῷ
1720 2230 1872 2300 πεζῷ

289 2327 639 2401 προσϐαλὼν,
671 2331 738 2400 τῇ
770 2345 830 2381 τε
862 2327 1139 2399 προσϐολῇ
1196 2328 1291 2381 καὶ
1340 2329 1407 2398 τῇ
1453 2327 1717 2400 προδοσίᾳ
1761 2322 1872 2379 εἷλε

290 2421 388 2488 τὴν
415 2420 593 2475 πόλιν.
639 2419 699 2474 Ὀ
733 2414 829 2472 οὖν
856 2419 1108 2482 Ἀννίϐας
1140 2420 1229 2472 διὰ
1262 2421 1360 2490 τὴν
1391 2420 1609 2488 ἀπάτην
1636 2418 1876 2488 ἀχθόμε-

289 2528 400 2575 νος,
431 2509 922 2564 ἀντεπιϐουλεῢσαι
948 2508 1024 2580 τῷ
1054 2508 1240 2580 Φαϐίῳ
1270 2509 1593 2563 ἐσπούδασε.
1620 2510 1731 2562 Καὶ
1755 2509 1875 2560 ἐπι-

293 2601 485 2673 στολὴν
516 2599 665 2672 αὑτῷ
699 2601 763 2653 ἐκ
791 2599 1171 2654 Μεταποντίου
1222 2598 1298 2664 ὡς
1343 2601 1494 2668 παρὰ
1524 2597 1634 2651 τῶν
1669 2600 1875 2667 ἐπιχωο

296 2694 430 2767 ρίιειν
485 2693 580 2747 ἐπὶ
630 2692 894 2765 προδοσίᾳ
945 2693 1043 2762 τῆς
1092 2690 1302 2754 πόλεως
1337 2688 1603 2760 ἔπεμψεν,
1649 2690 1876 2753 ἐλπίσας

293 2786 720 2858 ἀπερισκέπτως
755 2784 919 2839 αὐτὸν
950 2784 1246 2854 προσιόντα
1272 2781 1635 2853 ἐνεδρεύσειν.
1674 2782 1786 2835 Καὶ
1818 2780 1878 2844 ὃς

297 2877 616 2949 ύπεῑόπησε
672 2876 735 2928 τὸ
790 2877 1186 2948 πραττόμενον,
1254 2875 1350 2928 καὶ
1408 2872 1747 2944 παραϐαλὼν
1807 2873 1877 2926 τὰ

292 2969 603 3039 γράμματα
631 2969 751 3032 ταῖς
779 2967 1092 3030 ἐπιστολαῖς
1116 2965 1183 3030 ἃς
1224 2968 1334 3029 τοῖς
1364 2966 1720 3037 Ταραντίνοις
1748 2966 1879 3020 ποτὲ

295 3061 614 3131 ἐγεγράφει,
654 3057 1047 3130 κατεφώρασαν
1079 3061 1145 3113 ἐκ
1191 3060 1291 3129 τῆς
1333 3058 1515 3113 αὐτῶν
1560 3057 1881 3128 ὁμοιότητος

294 3156 356 3209 τὸ
390 3153 785 3224 ἐπιϐοὶελευμα.
810 3152 1052 3205 Σκιπίων
1078 3151 1134 3205 δέ
1168 3150 1257 3205 τὸν
1287 3151 1446 3204 ἄλλον
1472 3149 1685 3220 χρόνον,
1709 3149 1757 3202 εί
1786 3150 1880 3203 καὶ

296 3246 612 3319 τιμωρῆσαι
644 3245 721 3315 τῷ
753 3245 924 3315 πατρὶ
956 3244 1051 3297 καὶ
1074 3243 1152 3314 τῷ
1182 3242 1310 3314 θείῳ
1341 3242 1612 3314 ἐγλίχετο,
1648 3242 1740 3295 καὶ
1775 3240 1879 3310 τῆς

294 3340 392 3394 τοῦ
420 3340 657 3410 πολέμου
696 3336 855 3405 δόξης
886 3336 1151 3407 ὠρέγετο,
1187 3335 1305 3390 ἀλλ’
1353 3336 1454 3390 οὐκ
1493 3335 1757 3405 ¹ᾕπείγετο
1793 3333 1882 3388 διὰ

296 3435 359 3488 τὸ
417 3432 623 3504 πλῆθος
676 3432 786 3485 τῶν
840 3430 1123 3487 ἐναντίων.
1162 3430 1321 3484 Ἐπεὶ
1358 3428 1403 3483 δ’
1446 3428 1646 3502 ᾔσθετο
1682 3426 1884 3490 αὐτοὺς

300 3523 665 3597 χειμάζοντας
700 3521 892 3595 πόρρω
925 3538 1042 3590 ποι,
1072 3521 1318 3584 ἐκείνους
1343 3519 1446 3591 μὲν
1478 3520 1586 3584 εἴα,
1615 3521 1672 3582 ἐς
1703 3517 1760 3571 δὲ
1785 3518 1884 3589 τὴν

300 3616 630 3689 Καρχηδόνα
687 3614 789 3685 τὴν
833 3612 1007 3686 ταύτῃ
1048 3613 1348 3684 ὥρμησεν
1379 3612 1442 3665 ού
1480 3611 1665 3681 μέντοι
1708 3626 1792 3671 τις
1825 3606 1885 3661 τὺ

300 3708 568 3779 παράπαν
593 3706 691 3778 τὴν
722 3707 898 3779 ὁρμὴν
945 3705 1113 3760 αὑτοῦ
1141 3705 1351 3774 ἔγνωκε
1396 3707 1527 3775 πρὶν
1569 3702 1702 3775 πρὸς
1746 3701 1884 3772 αὐτῇ

299 3808 366 3872 τῇ
394 3802 709 3873 Καρχηδόνι
740 3799 1019 3869 γενέσθαι,
1047 3800 1139 3853 καὶ
1170 3799 1331 3853 ἔλαϐε
1356 3799 1456 3852 σὺν
1487 3796 1636 3865 πόνῳ
1657 3796 1754 3864 τὴν
1787 3794 1886 3847 πό-

300 3896 406 3949 λιν.
448 3894 717 3966 Ἀλούσης
757 3895 813 3948 δὲ
854 3895 950 3964 τῆς
990 3893 1363 3964 Καρχηδόνος,
1416 3892 1608 3954 στάσις
1649 3889 1886 3959 μεγίστη

308 3986 507 4058 μικροῦ
535 3986 642 4039 τῶν
665 3985 1013 4055 στρατιωτῶν
1040 3985 1258 4054 ἐγένετο
1281 3986 1368 4038 ἄν.
1395 3981 1501 4036 ’1ὀῦ
1523 3983 1632 4051 γὰρ
1659 3979 1890 4031 Σκιπίω-

304 4098 396 4144 νος
451 4080 718 4150 στέφανον
769 4077 1146 4148 ὑποσχομένου
1202 4075 1397 4129 δώσειν
1433 4073 1509 4144 τῷ
1552 4072 1756 4144 πρώτῳ
1794 4066 1887 4122 τοῦ

306 4174 518 4247 τείχους
560 4175 837 4237 ἐπιεάντι,
866 4173 977 4226 δύω
1011 4169 1225 4240 ἄνδρες,
1262 4169 1293 4222 ὁ
1323 4169 1421 4240 μὲν
1457 4168 1752 4236 Ῥωμαῖος,
1777 4167 1806 4217 ὁ
1842 4165 1889 4219 δ’

309 4272 376 4325 ἐκ
400 4268 509 4322 τῶν
540 4270 847 4339 συμμάχων
875 4264 1004 4336 περὶ
1028 4261 1196 4318 αὐτοῦ
1219 4261 1668 4333 ὴμφισϐήτησαν.
1691 4261 1892 4327 Διαιρε-

309 4363 556 4434 ρομὲνων
577 4362 623 4417 δ’
657 4359 906 4426 ἐκείνων,
938 4357 1034 4412 καὶ
1066 4357 1128 4411 τὸ
1158 4356 1288 4413 ἄλλο
1318 4355 1520 4426 πλῆθος
1554 4352 1888 4424 ἐθορυϐήθη,

305 4458 403 4515 καὶ
445 4455 538 4509 ἐπὶ
573 4453 827 4508 πλεῖστον
870 4448 1278 4525 ἐταράχθησαν,
1307 4446 1451 4500 ὥστε
1497 4446 1594 4501 καὶ
1632 4444 1806 4499 δεινόν
1840 4462 1892 4497 τι

2041 1671 2178 1728 Vlll.
2218 1671 2290 1728 At
2342 1671 2546 1728 Fabius
2587 1678 2643 1726 et
2689 1669 2938 1730 Flaccus,
3002 1681 3130 1721 cum
3182 1664 3316 1719 alias
3374 1664 3565 1724 urbes.

1975 1774 2089 1821 tum
2114 1766 2437 1829 Tarentum,
2460 1772 2684 1819 tenente
2732 1773 2846 1817 tum
2885 1758 3175 1821 Annibale,
3205 1756 3566 1825 subegerunt.

1967 1858 2105 1914 Nam
2155 1872 2282 1912 cum
2328 1855 2550 1911 Brutios
2603 1856 2889 1909 incursare
2935 1851 3202 1922 quosdam
3250 1846 3569 1917 iussissent,

1968 1962 2145 2018 eaque
2171 1947 2239 2003 de
2264 1960 2430 2001 causa
2472 1946 2730 2005 Annibal.
2774 1943 2965 1998 relicta
3013 1941 3175 2004 urbe,
3223 1937 3332 1992 illis
3366 1949 3573 2005 suppe-

1970 2042 2075 2097 tias
2126 2042 2252 2103 iret,
2301 2040 2533 2095 Flaccus
2561 2039 2713 2093 illum
2740 2037 3004 2091 observat
3036 2053 3050 2087 :
3086 2033 3291 2088 Fabius
3336 2031 3561 2083 interim

1971 2144 2142 2190 noctu
2203 2133 2413 2202 impetu
2467 2139 2612 2186 terra
2668 2130 2922 2198 marique
2989 2128 3175 2188 facto,
3234 2123 3435 2193 partim
3490 2120 3569 2183 vi,

1975 2227 2170 2296 partim
2222 2223 2536 2295 proditione
2583 2222 2882 2276 Tarentum
2926 2217 3094 2288 cepit.
3155 2213 3328 2282 Quem
3379 2212 3570 2267 dolum

1972 2318 2140 2390 530
2170 2332 2313 2387 aegre
2345 2315 2531 2372 ferens
2567 2313 2825 2377 Annibal,
2878 2312 2993 2381 pari
3028 2310 3155 2365 dolo
3198 2306 3429 2361 Fabium
3485 2305 3571 2358 ul-

1974 2411 2108 2468 cisci
2140 2408 2354 2471 statuit,
2410 2409 2573 2478 eique
2607 2402 3341 2473 litteraslletapontinorum
3364 2398 3569 2454 civium

1976 2504 2202 2559 nomine
2255 2500 2449 2557 scribit
2484 2499 2552 2555 de
2592 2496 2875 2568 prodenda
2903 2496 3128 2551 civitate
3158 2509 3174 2549 :
3211 2506 3337 2548 eum
3362 2500 3574 2545 temere

1977 2596 2355 2659 accedentem,
2408 2592 2465 2646 in
2515 2590 2746 2646 insidias
2805 2590 3158 2658 delapsurum
3213 2599 3337 2639 esse
3391 2593 3570 2638 ratus.

1977 2689 2182 2744 Verum
2220 2688 2312 2743 ille
2351 2689 2669 2756 suspicatus
2711 2682 2844 2753 quid
2893 2682 2973 2736 rei
3025 2688 3203 2742 esset,
3258 2674 3460 2731 litteris
3505 2673 3576 2729 iis

1979 2795 2105 2835 cum
2136 2778 2247 2833 illis
2292 2775 2654 2845 comparatis,
2705 2788 2846 2843 quas
2899 2768 3199 2841 aliquando
3251 2762 3574 2823 Tarentinis

1984 2873 2307 2941 scripserat,
2349 2869 2580 2923 insidias
2620 2883 2687 2922 ex
2733 2880 2924 2922 earum
2977 2861 3345 2918 similitudine
3375 2858 3579 2926 depre-

1983 2964 2197 3020 hendit.
2256 2963 2556 3017 Enimvero
2617 2960 2822 3029 Scipio.
2877 2955 3133 3028 quamvis
3182 2963 3236 3008 et
3292 2951 3465 3023 patris
3519 2960 3577 3006 et

1982 3057 2165 3129 patrui
2197 3058 2401 3111 eisdem
2434 3053 2627 3108 ulcisci
2673 3050 2926 3120 cupiens,
2962 3058 3018 3102 et
3045 3045 3174 3102 belli
3212 3045 3441 3116 gloriam
3479 3059 3569 3098 ex-

1908 3182 1950 3238 c
1986 3163 2200 3220 petens,
2238 3166 2346 3205 non
2390 3157 2570 3203 tamen
2604 3143 2945 3217 properavit,
2995 3142 3066 3197 ob
3099 3139 3338 3194 hostium
3387 3137 3578 3192 multi-

1986 3244 2231 3299 tudinem
2265 3260 2278 3297 :
2310 3242 2406 3298 sed
2452 3257 2579 3297 cum
2630 3254 2727 3294 eos
2774 3239 2936 3307 longe
2990 3235 3047 3288 in
3098 3231 3349 3287 hibernis
3381 3229 3574 3284 abesse

1984 3338 2354 3407 cognovisset,
2406 3332 2628 3389 omissis
2673 3330 2777 3393 eis,
2830 3338 2981 3383 tanta
3033 3326 3318 3382 celeritate
3359 3329 3416 3377 et
3464 3321 3576 3376 cir-

1984 3428 2404 3499 cnmspcctione
2458 3440 2655 3481 novam
2711 3421 3103 3490 Carthaginem
3164 3412 3474 3476 contendit,
3513 3419 3577 3465 ut

1985 3525 2106 3591 eius
2141 3524 2412 3578 adventus
2446 3536 2557 3575 non
2588 3519 2748 3591 prius
2771 3517 3077 3572 resciretur
3106 3525 3273 3582 quam
3333 3506 3573 3572 adesset,

1987 3616 2297 3685 urbemque
2342 3630 2451 3669 non
2489 3612 2825 3668 sinelabore
2880 3609 3050 3678 cepit.
3121 3608 3194 3659 Ea
3242 3608 3574 3673 expugnata,

1987 3722 2130 3778 pene
2172 3706 2409 3760 maxima
2447 3705 2594 3759 inter
2620 3703 2825 3758 milites
2859 3710 2978 3755 orta
3011 3705 3160 3754 esset
3180 3695 3401 3752 seditio.
3437 3692 3574 3747 Nam

1987 3813 2113 3851 cum
2170 3795 2357 3866 Scipio
2404 3793 2453 3849 ei
2484 3794 2579 3865 qui
2629 3794 2842 3863 primus
2870 3805 3089 3844 murum
3137 3782 3578 3847 conscendisset,

1989 3904 2250 3943 coronam
2276 3885 2555 3957 pollicitus
2586 3891 2768 3945 esset,
2804 3881 2915 3936 duo
2950 3881 3072 3943 viri,
3107 3880 3249 3933 alter
3275 3877 3577 3937 Romanus,

1990 3980 2129 4034 alter
2174 3995 2244 4034 ex
2275 3977 2460 4036 sociis.
2496 3990 2615 4030 eam
2667 3974 2774 4029 sibi
2825 3970 3047 4026 laudent
3081 3967 3475 4030 vindicarunt;
3517 3978 3581 4017 ac

1990 4072 2192 4127 studiis
2217 4067 2593 4125 multitudinis
2621 4065 2908 4122 contentio
2936 4056 3005 4118 ad
3038 4061 3339 4116 maximum
3371 4055 3579 4112 tumul-

1992 4174 2106 4220 tum
2140 4164 2433 4235 processit.
2466 4163 2536 4216 Et
2569 4159 2716 4214 haud
2748 4159 2918 4212 dubie
2941 4155 3163 4228 gravius
3194 4151 3401 4222 aliquid
3432 4149 3583 4206 acci-

1991 4255 2186 4320 disset,
2223 4255 2282 4309 ni
2307 4254 2496 4324 Scipio
2527 4262 2826 4321 utrumque
2850 4252 3189 4302 coronassct.
3222 4243 3370 4298 Idem
3408 4240 3583 4295 multa

1990 4348 2286 4411 militibus,
2314 4347 2486 4401 multa
2517 4344 2684 4399 rebus
2707 4340 2944 4413 publicis
2972 4338 3202 4408 largitus
3223 4342 3345 4399 est;
3385 4341 3445 4386 et
3480 4330 3583 4383 ob-

1994 4442 2164 4507 sides,
2198 4440 2291 4511 qui
2320 4439 2396 4494 ibi
2429 4436 2781 4501 tenebantur,
2814 4447 3008 4488 omnes
3035 4429 3168 4500 ,suis
3223 4427 3345 4482 sine
3401 4421 3588 4495 pretio

304 4512 526 4618 δρᾶσαι,
558 4547 607 4600 εί
644 4547 719 4617 μὴ
745 4547 773 4599 ὁ
799 4512 1172 4598 Σκιπίων-καὶ
1201 4512 1371 4611 ἄμφω
1394 4539 1766 4609 ἐστεφάνωσε,
1793 4537 1879 4592 καὶ

1998 4533 2265 4589 reddidit.
2300 4531 2421 4598 Quo
2456 4529 2685 4594 factum,
2744 4535 2804 4579 ut
2837 4522 3025 4578 multa:
3084 4518 3360 4578 civitates,
3420 4512 3584 4568 multi

306 4641 479 4716 συχνὰ
520 4641 619 4712 μιν
673 4640 787 4702 τοῖς
816 4635 1177 4710 στρατιώταις
1205 4634 1451 4696 διέδωκε,
1488 4630 1662 4702 συχνὰ
1694 4630 1750 4684 δὲ
1791 4631 1889 4685 καὶ

308 4742 423 4801 τοῖς
446 4733 732 4807 δημοσίοις
773 4731 1128 4801 προσένειμε,
1169 4731 1261 4782 καὶ
1291 4728 1418 4788 τοὺς
1444 4728 1566 4780 ἐκεῖ
1586 4723 1890 4794 κατεχομέ-

306 4849 434 4895 ν;υς
463 4831 705 4901 ὁμήρους
738 4827 939 4897 προῖκα
984 4823 1194 4886 πάντας
1245 4822 1358 4884 τοῖς
1409 4819 1638 4881 οἰκείοις
1676 4817 1892 4872 ἀπέδω-

307 4942 426 4982 κεν.
461 4922 628 4977 Ὅθεν
653 4918 843 4972 πολλοὶ
876 4917 975 4987 μὲν
992 4917 1179 4987 δῆμοι,
1198 4912 1389 4968 πολλοὶ
1418 4912 1473 4965 δὲ
1501 4911 1598 4966 καὶ
1632 4911 1891 4966 δυνάσται

307 5016 458 5089 αὐτῷ
485 5011 944 5087 προσεχώρησαν,
984 5007 1171 5071 xui/rb
1203 5005 1315 5061 τῶν
1353 5003 1708 5073 Κελτιϐήρων
1737 5000 1892 5065 ἔθνος

309 5110 450 5181 πρὸς
495 5110 608 5170 τοῖς
637 5107 868 5165 λοιποῖς.
900 5102 1178 5173 Παρθένον
1224 5100 1331 5172 γὰρ
1377 5099 1434 5151 ἐν
1468 5099 1582 5161 τοῖς
1609 5093 1894 5166 αἰχμαλώ-

307 5219 424 5266 τοις
474 5198 654 5254 λαϐὼν
703 5196 892 5253 κάλλει
931 5195 1197 5264 ἐπιφανῆ,
1242 5190 1502 5259 ἐνομίσθη
1540 5189 1639 5260 μὲν
1673 5184 1892 5240 ἔσεσθαι

309 5297 483 5363 αὐτῆς
534 5294 593 5347 ἐν
629 5292 830 5364 ἐρωτι⁶
877 5287 1069 5359 μαθὼν
1112 5287 1169 5341 δὲ
1214 5288 1299 5340 ὅτι
1346 5283 1457 5337 τινὶ
1484 5281 1593 5335 τῶν
1643 5281 1701 5333 ἐν
1747 5278 1894 5332 τέλει

311 5384 672 5455 Κελτιϐήρων
727 5380 1086 5450 ἐγγεγύηται,
1140 5374 1534 5445 μετεπέμψατο
1575 5372 1762 5431 αὐτὸν.
1799 5370 1897 5426 καὶ

311 5479 414 5547 τὴν
457 5478 640 5541 νεᾶνιν
678 5473 1056 5544 παραδέδωκε,
1097 5467 1457 5539 προσεπιδοὺς
1487 5466 1582 5520 καὶ
1622 5464 1688 5517 τὰ
1724 5462 1897 5534 λύτρα

317 5571 353 5626 ἃ.
388 5571 438 5623 οί
483 5570 853 5640 προσήκοντες
900 5565 1039 5634 αὐτῇ
1073 5563 1512 5631 προσεκόμισαν.
1547 5559 1674 5613 Κάκ
1703 5556 1895 5611 τούτου

321 5663 420 5716 καὶ
463 5662 710 5721 ἐκείνους
750 5659 841 5711 καὶ
882 5657 1006 5719 τοὺς
1039 5655 1259 5717 λοιποὺς
1288 5652 1661 5721 ἀνηρτήσατο.
1689 5648 1896 5705 Μαθὼν

317 5757 375 5807 δὲ
407 5753 500 5809 τὸν
533 5730 865 5821 Ἀσδρούϐαν
894 5749 984 5803 τὸν
1012 5747 1108 5801 τοῦ
1141 5746 1391 5800 Ἀννίϐου
1433 5742 1661 5810 ἀδελφὸν
1692 5741 1895 5811 σπουδῇ

319 5848 563 5909 ἐπιόντα,
597 5846 690 5899 καὶ
718 5841 1015 5911 ἀγνοοῦντα
1051 5839 1130 5893 ἔτι
1163 5836 1259 5908 τὴν
1288 5836 1385 5908 τῆς
1432 5834 1635 5897 πῖλεως
1671 5833 1892 5896 ἅλωσιν.

1993 4626 2240 4699 dynastas
2265 4639 2325 4679 se
2347 4621 2415 4677 ad
2449 4620 2612 4677 ﬁdem
2639 4621 2762 4691 ejus
2784 4614 3145 4673 contulerint,
3175 4618 3233 4666 et
3257 4617 3455 4679 praeter
3479 4621 3587 4661 cae-

1996 4729 2144 4775 teros
2175 4716 2462 4774 Celtiberi.
2484 4715 2621 4771 Nam
2665 4728 2792 4769 cum
2822 4710 2972 4765 inter
3011 4706 3260 4777 captivos
3310 4699 3582 4769 virginem

1993 4810 2284 4872 excellenti
2320 4808 2498 4863 forma
2529 4806 2792 4876 cepisset,
2844 4817 2968 4857 eam
3024 4799 3384 4859 adamaturus
3429 4799 3593 4860 puta.

1993 4907 2179 4963 batur.
2222 4903 2495 4961 δοάσσαι
2527 4899 2768 4972 principi
2826 4897 3047 4953 cuidam
3088 4890 3234 4964 apud
3271 4888 3585 4945 Celtiberos

1996 4999 2328 5067 desponsam
2357 5008 2481 5049 esse
2510 4990 2889 5063 cognovisset,
2933 4985 3114 5043 accito
3150 4996 3376 5053 sponso,
3427 4975 3585 5046 puel-

1994 5091 2103 5147 lam
2133 5088 2183 5144 ei
2218 5085 2469 5148 tradidit,
2505 5098 2612 5139 una
2646 5097 2774 5137 cum
2805 5077 3063 5150 pecunia,
3097 5088 3263 5144 quam
3325 5070 3449 5140 ejus
3486 5080 3587 5119 ne-

1996 5181 2226 5242 cessarii
2255 5195 2357 5252 pro
2381 5194 2449 5237 ea
2479 5173 2807 5233 redimenda
2835 5171 3209 5228 contulerant.
3258 5163 3380 5228 Quo
3412 5158 3581 5223 iacto,

1996 5286 2056 5333 et
2110 5276 2235 5331 illos
2256 5250 2327 5329 et
2355 5278 2588 5327 caeteros
2610 5267 2716 5324 sibi
2750 5262 3089 5323 conciliavit.
3146 5252 3439 5314 Asdrubali
3474 5250 3587 5305 τηις

1999 5368 2071 5425 tri
2096 5365 2406 5425 Annibalis.
2444 5377 2610 5433 quem
2657 5372 2890 5431 propere
2948 5355 3249 5410 adventare
3295 5353 3587 5415 cognorat,

1998 5470 2222 5531 captam
2241 5472 2365 5514 esse
2394 5458 2587 5511 urbem
2644 5452 2828 5507 adhuc
2878 5444 3176 5518 ignoranti,
3234 5449 3292 5495 et
3344 5436 3484 5492 nihil
3527 5438 3583 5491 in

2000 5553 2203 5611 itinere
2246 5548 2453 5606 hostile
2483 5544 2722 5610 timenti,
2747 5540 3028 5604 occurrit;
3090 5548 3268 5605 eoque
3318 5538 3587 5599 superato

1999 5655 2056 5702 et
2085 5642 2286 5699 castris
2300 5642 2423 5711 ejus
2451 5635 2758 5706 occupatis,
2787 5633 2994 5688 multos
3028 5629 3178 5686 illius
3197 5624 3302 5680 loci
3327 5621 3396 5678 ad
3422 5638 3449 5676 ε
3470 5634 3583 5678 tam

2002 5734 2300 5791 amicitiam
2329 5729 2570 5802 pellexit.
2599 5727 2735 5783 Nam
2770 5726 2824 5780 in
2863 5739 2922 5778 re
2953 5722 3153 5778 bellica
3188 5733 3316 5773 acer
3345 5722 3490 5776 erat,
3524 5711 3585 5769 in

2002 5801 2370 5885 familiaribus
2389 5820 2780 5894 congressibus
2830 5817 2991 5882 lenis,
3023 5808 3408 5873 resistentibus
3467 5801 3589 5860 ίυέ*
