4024 6458
399 407 511 472 735

1706 413 2034 476 JOANNIS
2067 417 2391 479 ΖΟΝΑΒΑΞ

3551 415 3666 480 736

402 522 703 588 midabilis,
744 521 1093 580 cedentibus.
1132 539 1398 595 perquam
1436 526 1731 582 humanus.
1780 526 1982 582 Verum

2103 531 2182 584 ut
2207 531 2374 600 μηδὲν
2406 529 2791 602 προσδοκῶντα
2821 527 2960 582 κατά
2998 526 3096 598 τὴν
3127 525 3354 596 πορείαν
3380 505 3672 600 πολέμιον,

400 612 474 669 ob
509 615 644 669 illud
678 615 912 670 maxime
969 617 1039 670 ab
1088 617 1350 671 omnibus
1389 618 1803 683 honorabatur,
1836 621 1985 689 quod

401 705 574 760 veluti
607 706 834 762 numine
853 706 1066 762 afﬂatus
1088 709 1452 777 praedixisset,
1479 724 1538 764 se
1563 711 1617 764 in
1643 710 1827 764 hostili
1855 724 1988 780 agro

404 806 920 852 castramctaturum
955 799 1114 870 431
1147 816 1286 856 esse.
1313 801 1392 855 Ab
1412 800 1666 871 lliSpanis
1688 816 1868 858 autem
1895 821 1987 860 rex

403 903 636 958 magnus
651 891 1044 958 appellabatur.
1064 891 1687 963 Asdrubale,desperata
1704 894 1985 966 Hispania,

405 977 462 1031 in
488 979 699 1033 Italiam
725 981 968 1045 abituro,
998 989 1055 1034 et
1086 982 1269 1037 hieme
1311 983 1559 1037 collectis
1615 986 1765 1039 vasis
1810 985 1990 1041 disce-

405 1069 594 1135 dente,
618 1071 739 1140 ejus
791 1071 1035 1142 collega),
1085 1073 1210 1128 loco
1247 1090 1359 1128 non
1417 1085 1647 1140 mutato,
1707 1078 1988 1146 negotium

408 1160 652 1232 Scipioni
687 1162 1050 1229 facessebant,
1080 1175 1142 1219 ut
1171 1180 1352 1236 neque
1394 1167 1756 1222 Asdrubalem
1803 1184 1992 1238 perse-

405 1263 696 1324 queretur,
754 1270 935 1326 neque
985 1257 1040 1312 in
1090 1256 1298 1312 Italiam
1361 1258 1664 1330 profectus,
1711 1259 1990 1319 Romanos

409 1345 548 1426 belli.
607 1357 763 1416 parte
847 1347 1074 1416 levaret,
1139 1366 1321 1422 neque
1407 1351 1796 1424 Carthaginem
1870 1362 1988 1409 tra-

403 1435 622 1506 jiceret.
675 1436 861 1509 Scipio
931 1440 1293 1497 Asdrubalem
1365 1442 1656 1498 abeuntem
1731 1458 1840 1498 non
1907 1453 1993 1500 est

406 1539 755 1596 persecutus,
797 1531 894 1587 sed
946 1547 1046 1603 per
1080 1549 1338 1591 cursores
1404 1535 1525 1606 eius
1583 1535 1828 1592 adventu
1879 1537 1990 1592 Bo-

408 1633 552 1674 mam
599 1621 875 1691 nuntiato,
921 1639 985 1680 ea
1043 1642 1165 1697 quae
1223 1636 1440 1698 tempus
1513 1629 1825 1700 postulabat
1895 1628 1994 1684 ad-

343 1707 348 1711 ’
406 1711 763 1770 ministravit.
797 1717 866 1771 Et
893 1717 1024 1787 quia
1057 1718 1300 1786 videbat,
1350 1721 1538 1776 hostes
1593 1721 1651 1776 in
1707 1721 1992 1791 provincia

404 1801 577 1857 variis
617 1802 757 1860 locis
793 1805 1074 1875 dispersos
1104 1822 1264 1874 esse,
1321 1809 1532 1864 veritus
1573 1825 1643 1864 ne
1689 1811 1758 1864 ab
1806 1809 1994 1879 aliquo

405 1907 600 1949 omnes
623 1909 818 1949 eorum
841 1897 1018 1968 copiae
1055 1898 1111 1952 i-n
1148 1915 1320 1954 unum
1348 1899 1819 1966 conducerentur,
1876 1902 1992 1971 ipse

406 1994 601 2040 contra
629 1985 992 2043 Asdrubalem
1024 1989 1282 2061 Gisgonis
1315 1991 1488 2046 ﬁlium
1543 2001 1631 2047 est
1688 1991 1991 2062 profectus,

417 2075 692 2131 Sillanum
736 2077 794 2132 in
823 2078 1181 2136 Celtiberiam
1213 2091 1401 2136 contra
1431 2080 1735 2152 Magonem.
1768 2081 1830 2137 L.
1877 2082 1997 2136 Sci-

407 2169 632 2239 pionem
662 2169 888 2226 fratrem
920 2171 976 2226 in
1023 2172 1378 2228 Bastitaniam
1416 2175 1604 2240 misit;
1636 2173 1733 2244 qui
1764 2183 1820 2230 et
1844 2175 1995 2231 illam

410 2260 558 2316 bello
586 2262 756 2332 cepit,
782 2272 838 2317 et
862 2263 1147 2334 Magonem
1171 2264 1338 2330 vicit;
1363 2279 1603 2334 eumque
1627 2264 1694 2319 ad
1717 2264 2000 2320 Asdruba-

408 2352 520 2408 lem
573 2353 876 2426 fugientem
915 2365 1266 2427 persecutus,
1318 2357 1386 2412 ad
1441 2357 1752 2426 Scipionem
1813 2358 1996 2424 rediit,

410 2444 506 2513 qui
545 2447 790 2500 nondum
831 2448 1131 2518 quidquam
1168 2461 1430 2518 gesserat.
1487 2448 1624 2505 Cum
1698 2451 1856 2522 Mago
1928 2452 1998 2506 ad

410 2537 800 2604 Asdrubalem,
827 2540 1030 2596 Lucius
1051 2542 1119 2597 ad
1173 2540 1398 2597 fratrem
1440 2541 1757 2612 Scipionem
1808 2544 1998 2599 venis-

410 2637 516 2694 set,
540 2629 776 2698 primum
809 2631 1060 2701 equitatu
1092 2633 1148 2687 in
1171 2647 1398 2703 campos
1429 2631 1799 2690 decurrentes
1832 2635 1998 2689 dimi-

411 2721 634 2776 eabant.
665 2721 876 2778 Deinde
931 2733 1082 2781 totos
1129 2724 1408 2780 exercitus
1445 2724 1851 2788 instruxerunt,
1897 2743 2003 2782 nec

414 2827 598 2882 tamen
628 2815 695 2869 ad
735 2830 931 2872 manus
952 2825 1180 2874 ventum
1203 2826 1322 2884 est;
1355 2816 1528 2889 idque
1581 2833 1682 2888 per
1707 2818 1826 2875 dies
1853 2834 2004 2874 com-

413 2902 604 2972 plures
651 2907 877 2964 l‘actum.
932 2908 1040 2966 Sed
1098 2909 1401 2980 aliquando
1449 2925 1631 2981 pugna
1687 2911 2002 2975 commissa,

415 2996 970 3070 Carthaginiensibus
987 3018 1296 3075 eorumque
1319 3001 1490 3059 sociis
1522 3003 1706 3068 victis,
1733 3012 2005 3072 captaque

415 3091 746 3160 munitione,
777 3096 1010 3152 Romani
1031 3110 1344 3154 commeatu
1378 3101 1451 3156 ibi
1485 3100 1716 3154 invento
1742 3097 1824 3152 usi
1851 3105 2002 3160 sunt,

2089 625 2513 693 προῢπήντησεν
2556 620 2722 691 αὐτῷ,
2775 620 2868 674 καὶ
2911 620 2969 674 ἐν
3009 618 3089 689 τῷ
3114 619 3464 689 στρατοπέδῳ
3499 621 3675 674 αὑτοῦ

2088 718 2371 785 κρατήσας
2419 713 2762 783 ἐνηυλίσατο,
2791 711 2885 765 καὶ
2916 711 3147 772 πολλοὺς
3192 710 3302 763 τῶν
3349 711 3466 763 ἐκεῖ
3498 730 3679 780 προσ-

2087 809 2406 878 εποιήσατο.
2436 803 2544 860 Ἦν
2573 807 2670 875 μὲν
2706 806 2814 874 γάρ
2841 805 2898 858 ἐν
2922 805 3042 866 ταῖς
3079 803 3443 873 στρατηγίαις
3470 803 3677 869 δεινὸς,

2089 900 2147 952 ἐν
2179 897 2237 950 δέ
2278 899 2398 960 ταῖς
2426 895 2666 967 ὁμιλίαις
2695 895 2969 965 ἐπιεικής,
3016 900 3110 948 καὶ
3145 897 3203 957 ἐς
3246 896 3344 964 μὲν
3373 895 3500 957 τοὺς
3543 896 3682 948 ἀνθ-

2091 990 2415 1059 ισταμένους
2445 989 2573 1058 φοϐε
2585 989 2696 1056 ρδς,
2737 990 2793 1052 ἐς
2819 987 2878 1042 δέ
2905 989 3032 1050 τοὺς
3053 987 3378 1049 ὑπείκοντας
3404 988 3496 1040 καὶ
3525 987 3682 1056 μάλα

2090 1081 2491 1152 φιλάνθρωπος.
2548 1080 2801 1134 Μάλιστα
2857 1079 2904 1132 δ’
2938 1079 3025 1132 ὅτι
3083 1079 3179 1131 καὶ
3239 1077 3481 1142 ἐθείασε,
3540 1095 3686 1147 πρε-

2090 1171 2260 1226 ειπὼν
2295 1171 2372 1235 ὡς
2418 1173 2477 1224 ἐν
2527 1173 2595 1242 τῇ
2631 1169 2740 1224 τῶν
2791 1168 3071 1238 πολεμίων
3123 1166 3679 1236 στρατοπεδεύσοιτο.

2092 1263 2295 1324 πάντες
2323 1262 2528 1332 ἐτίμων
2562 1262 2747 1316 αὐτόν.
2781 1263 2846 1317 Oi
2873 1261 2919 1315 δ’
2953 1260 3172 1334 Ἰϐηρες
3203 1261 3298 1313 καὶ
3323 1259 3546 1329 βασιλέα
3579 1261 3686 1328 μὲ-

2090 1373 2194 1425 γαν
2215 1354 2521 1425 ὠνόμαζον.
2563 1355 2622 1408 '0
2644 1354 2689 1409 δ’
2711 1352 3044 1424 Ἀσδρούϐας
3073 1351 3386 1416 ἀπελπίσας
3412 1353 3510 1424 τὴν
3536 1353 3688 1424 Ἰϐη-

2095 1449 2220 1520 ρίαν
2249 1449 2460 1518 ἀπᾶραι
2492 1447 2628 1518 πρὸς
2655 1447 2754 1519 τὴν
2785 1445 3022 1500 Ἰταλίαν
3053 1445 3330 1499 ἐϐούλετο.
3366 1444 3477 1498 Καὶ
3510 1445 3566 1495 ἐν
3596 1444 3683 1515 τῷ

2092 1541 2323 1611 χειμῶνι
2362 1539 2845 1609 συσκευασάμενος
2894 1540 2922 1592 ὁ
2974 1538 3072 1608 μὲν
3105 1536 3356 1606 ὥρμητο,
3383 1537 3433 1589 οί
3468 1536 3523 1589 δέ
3576 1553 3682 1588 συο

2095 1634 2396 1703 στράτηγοι
2427 1633 2596 1685 αὑτοῦ
2651 1631 2794 1685 κατὰ
2829 1631 3017 1701 χώραν
3071 1629 3382 1700 μείναντες,
3417 1629 3686 1699 ἀσχολίαν

2091 1726 2172 1794 τῷ
2232 1727 2497 1778 Σκιπίωνι
2553 1726 2838 1794 παρεῖχον,
2871 1722 3013 1776 ὥστε
3078 1721 3154 1792 μὴ
3205 1720 3296 1774 τὸν
3341 1719 3685 1790 Ἀσδρούϐαν

2096 1817 2404 1884 ἐπιδιῶξαι,
2452 1817 2589 1887 μήτε
2620 1819 2734 1878 τοῖς
2783 1817 2842 1869 ἐν
2871 1816 2938 1886 τῇ
2968 1812 3174 1884 Ἰταλίᾳ
3215 1811 3510 1880 Ῥωμαίοις
3555 1811 3685 1864 ἐπι-

2096 1909 2354 1978 κουφίσαι
2396 1908 2489 1959 τὸν
2518 1907 2755 1976 πόλεμον
2785 1905 3094 1975 γινομένοις
3141 1904 3278 1966 ἐκεῖ,
3316 1901 3350 1972 ἢ
3397 1901 3537 1971 πρὸς
3578 1901 3685 1970 τὴν

2096 2000 2425 2072 Καρχηδόνα
2449 1999 2702 2054 πλεῦσαι.
2743 1997 2801 2051 ’0
2827 1997 2884 2051 δέ
2916 1995 3161 2049 Σκιπίων
3181 1995 3273 2050 τὸν
3302 1993 3404 2064 μὲν
3427 1992 3689 2064 ’Λσδρού-

2097 2094 2200 2151 ϐαν
2251 2095 2353 2148 οὐκ
2404 2091 2698 2157 ἐπεδίωξε·
2729 2090 2951 2161 πέμψας
2971 2088 3029 2143 δέ
3077 2089 3528 2158 δρομοκήρυκας,
3579 2087 3688 2158 τὴν

2098 2185 2361 2255 πρόσοδον
2385 2181 2552 2237 αὑτοῦ
2577 2185 2690 2246 τοῖς
2719 2184 2777 2236 ἐν
2807 2183 2876 2254 τῇ
2915 2178 3108 2254 Ῥώμῃ
3131 2178 3198 2233 δι’
3229 2177 3412 2232 αὐτῶν
3435 2179 3649 2248 προεκή
3669 2210 3681 2217 -

2103 2277 2282 2347 ρυξεν,
2314 2276 2474 2336 αὐτὸς
2500 2275 2554 2327 δέ
2577 2274 2689 2327 τῶν
2712 2274 2770 2326 ἐν
2805 2271 2993 2343 χερσὶν
3013 2271 3212 2341 είχετο.
3243 2269 3352 2322 Καὶ
3383 2269 3524 2342 όρῶν
3556 2270 3691 2331 τοὺς

2101 2369 2379 2430 ἐναντίους
2415 2365 2657 2435 πολλαχῆ
2685 2367 2782 2434 τῆς
2817 2363 3002 2434 χώρας
3029 2363 3212 2426 ὄντας,
3255 2359 3446 2413 ἐδεδίει
3486 2361 3561 2432 μή
3603 2377 3692 2412 τι-

2102 2476 2186 2512 σιν
2244 2457 2427 2510 αὐτῶν
2481 2454 2790 2524 προσμίξας
2845 2452 2926 2512 είς
2975 2450 3034 2505 ἐν
3095 2449 3346 2506 ἅπαντας
3401 2448 3691 2518 συναγάγῃ

2101 2551 2348 2620 ἀλλήλοις
2373 2549 2864 2620 ἐπικουρήσοντας.
2887 2544 3060 2608 Αὐτὸς
3084 2544 3182 2614 μὲν
3210 2541 3302 2596 οὖν
3324 2542 3695 2612 ἐστράτευσεν

2103 2645 2191 2697 ἐπ’
2226 2640 2560 2712 Ἀσδρούϐαν
2594 2640 2685 2692 τὸν
2718 2639 3027 2706 Γίσγωνος·
3061 2635 3288 2688 Σιλανὸν
3318 2633 3374 2687 δέ
3407 2635 3464 2697 ἐς
3499 2633 3688 2686 Κελτι-

2103 2734 2303 2805 ϐηρίαν
2351 2733 2447 2785 ἐπὶ
2501 2731 2771 2800 Μάγωνα,
2834 2730 2932 2783 καὶ
2981 2725 3215 2780 Λούκιον
3271 2723 3548 2777 Σκιπίωνα
3599 2722 3697 2774 τδν

2104 2823 2335 2894 ἀδελφὸν
2369 2824 2427 2885 ἐς
2456 2820 2822 2875 Βαστιτανίαν
2848 2816 3117 2888 ἔπεμψεν,
3146 2815 3204 2879 ὃς
3237 2814 3458 2886 ἐκείνην
3489 2831 3550 2866 τε
3587 2830 3696 2865 πο-

2105 2916 2257 2985 λέμῳ
2304 2913 2559 2982 κατέσχε,
2597 2911 2814 2965 καὶτὸν
2845 2909 3093 2974 Μάγωνα
3134 2907 3377 2976 ἐνίκησε.
3419 2905 3528 2958 Καὶ
3557 2903 3696 2974 φεύ-

2106 3023 2258 3075 γοντι
2315 3003 2464 3074 αὐτῷ
2524 3002 2660 3072 πρὸς
2705 2988 2806 3054 ⁹τὸν
2848 2999 3185 3072 ’Λσδρούϐαν
3216 2995 3695 3066 ἐπακολουθήσας,

2106 3092 2238 3168 ἦλθε
2270 3095 2404 3166 πρὸς
2435 3094 2527 3147 τὸν
2557 3091 2860 3152 Σκιπίωνα,
2896 3091 3062 3162 μήπω
3089 3088 3254 3160 μηδὲν
3276 3087 3698 3156 διαπεπραγμὲο

417 3182 474 3237 id
502 3184 650 3254 quod
683 3184 870 3258 Scipio
901 3190 1088 3244 triduo
1111 3200 1239 3246 ante
1264 3193 1600 3248 vaticinatus
1627 3204 1751 3246 esse
1801 3189 2000 3243 fertur.

2118 3206 2235 3244 vov.
2301 3187 2602 3242 Ἐλθόντων
2659 3185 2754 3239 οὖν
2811 3183 2906 3238 τοῦ
2964 3199 3024 3237 τε
3076 3184 3344 3250 Μάγωνος
3402 3179 3540 3250 πρὸς
3598 3179 3700 3231 τὸν

415 3273 554 3328 Nam
597 3291 724 3331 cum
759 3280 922 3334 rebus
968 3280 1299 3337 necessariis
1345 3281 1802 3338 destituerentur.
1857 3293 2003 3348 pra:-

417 3365 558 3420 dixit
581 3367 710 3438 (qua
768 3385 902 3425 vero
931 3379 1072 3438 arte,
1134 3373 1438 3443 ignoratur)
1488 3387 1547 3426 se
1585 3371 1641 3425 in
1692 3385 1819 3423 eum
1859 3369 2005 3424 diem

419 3457 662 3513 hostium
713 3461 935 3517 cibariis
996 3479 1198 3519 usuros
1238 3480 1381 3520 esse.
1433 3464 1565 3520 Post
1613 3463 1751 3527 haec,
1799 3460 2006 3518 Sillano

418 3560 612 3606 contra
648 3553 890 3608 hostium
919 3556 1180 3626 reliquias
1200 3557 1416 3622 relicto,
1437 3556 1573 3611 alias
1605 3555 1774 3610 urbes
1799 3554 2002 3608 multas

2106 3279 2462 3352 Ἀσδρούϐαν,
2513 3281 2609 3333 καὶ
2640 3277 2733 3332 τοῦ
2770 3277 3002 3332 Λουκίου
3034 3275 3171 3348 πρδς
3211 3275 3301 3328 τὸν
3332 3273 3562 3343 ἀδελφδν
3593 3273 3691 3325 τὸν

2105 3372 2409 3436 Σκιπίωνα,
2437 3372 2505 3426 τὰ
2536 3372 2636 3442 μὲν
2667 3371 2861 3442 πρῶτα
2883 3369 2963 3440 τῷ
2989 3366 3203 3437 ἱππικῷ
3228 3366 3584 3426 καταθέοντες
3611 3368 3698 3428 εἰς

2104 3467 2174 3520 τὰ
2203 3466 2360 3520 πεδία
2393 3465 2718 3534 διεμάχοντο
2739 3479 2752 3493 ·
2788 3457 2908 3514 εἶτα
2943 3461 3172 3532 καὶοὸλῳ
3203 3459 3280 3528 τῷ
3314 3456 3698 3528 στρατεύματι

2107 3556 2661 3626 ἀντιπαρετάσσοντο,
2696 3555 2755 3606 ού
2793 3553 2898 3623 μὴν
2940 3553 3036 3605 καὶ
3091 3553 3382 3620 ἐμάχοντο,
3437 3549 3533 3602 καὶ
3592 3550 3694 3602 ἐπὶ

420 3642 528 3697 sibi
565 3643 849 3715 adjunxit;
880 3647 1263 3720 ordinatisque
1298 3649 1487 3713 rebus,
1520 3649 1574 3704 in
1606 3646 1870 3717 Hispania
1911 3645 2001 3700 hi-

2109 3647 2332 3710 πλείους
2363 3647 2581 3718 ἡμέρας
2605 3645 2763 3699 τοῦτο
2786 3644 3016 3714 ἐγίνετο.
3043 3642 3328 3711 Συμϐολῆς
3355 3641 3412 3693 δέ
3441 3659 3570 3694 ποτε
3603 3658 3697 3708 γι-

420 3734 778 3803 bemavit,L.
815 3738 1041 3795 fratrem
1075 3739 1301 3795 Romam
1329 3742 1499 3805 misit,
1532 3749 1594 3796 ut
1618 3749 1674 3796 et
1705 3755 1792 3795 res
1823 3747 2003 3810 gestas

2109 3739 2365 3810 νομένης,
2394 3740 2445 3792 οἵ
2475 3754 2536 3790 τε
2567 3735 2851 3808 σύμμαχοι
2873 3733 2982 3787 τῶν
3008 3733 3394 3804 Καρχηδονίων
3419 3733 3512 3784 καὶ
3540 3733 3698 3784 αὐτοὶ

421 3829 728 3897 nuntiaret,
782 3841 840 3887 et
890 3833 1138 3904 captivos
1195 3850 1262 3890 eo
1307 3835 1640 3897 adduceret,
1695 3832 2003 3902 eademque

2112 3833 2312 3884 ἐκεῖνοι
2349 3830 2686 3901 ἡττήθησαν,
2719 3831 2815 3882 καὶ
2854 3827 2915 3881 τὸ
2951 3827 3131 3898 ἔρυμα
3169 3825 3349 3878 αὐτῶν
3393 3826 3546 3892 παρά
3584 3825 3699 3877 τῶν

420 3932 588 3989 opera
602 3934 666 3974 ex
681 3923 941 3992 ploraret,
958 3940 1077 3996 quae
1091 3925 1156 3980 de
1169 3940 1229 3980 se
1249 3924 1621 3980 Romanorum
1637 3932 1783 3978 esset
1796 3922 2003 3994 opinio.

2129 3922 2419 3994 Ῥωμαίων
2461 3923 2627 3989 ἐάλω,
2689 3921 2785 3974 καὶ
2830 3921 2942 3980 τοῖς
2981 3919 3042 3972 ἐν
3083 3915 3235 3987 αὐτῷ
3270 3915 3600 3982 ἐπιτηδείοις
3645 3917 3699 3968 oi

432 4014 697 4085 Ῥωμαῖοι
750 4019 1072 4090 ἐχρήσαντο,
1104 4017 1133 4072 δ
1199 4019 1306 4090 πρὸ
1353 4017 1523 4089 τριῶν
1565 4015 1794 4088 ἡμερῶν
1874 4014 1904 4068 ὁ
1967 4015 2236 4082 Σκιπίων,
2291 4016 2370 4080 ὡς
2421 4015 2578 4084 λόγος
2633 4014 2808 4079 ἐστὶν,
2855 4011 3246 4082 ἐπεφοίϐασεν.
3300 4009 3701 4062 Ἐπιλιπόντων

422 4107 531 4178 γὰρ
558 4109 741 4174 αὐτοῖς
769 4110 878 4164 τῶν
905 4111 1038 4182 πρὸς
1067 4110 1272 4182 τροφὴν
1300 4111 1562 4181 προεῖπεν
1593 4109 1737 4181 (ὅθεν
1762 4107 1807 4162 δ’
1849 4108 2136 4179 ἠγνόηται)
2201 4107 2280 4173 ῶς
2341 4109 2498 4163 Κατὰ
2557 4107 2716 4179 τήνδε
2771 4105 2870 4176 τὴν
2901 4104 3118 4175 ἡμέραν
3140 4103 3252 4164 τοῖς
3282 4101 3394 4155 τῶν
3417 4098 3700 4168 πολεμίων

421 4201 765 4272 χρησόμεθα.
800 4203 958 4258 Μετά
987 4201 1163 4258 ταῦτα
1191 4203 1249 4257 δέ
1281 4204 1398 4266 τοῖς
1437 4201 1845 4272 περιλειφθεῖσι
1920 4200 2032 4255 τῶν
2070 4201 2334 4256 ἐναντίων
2386 4201 2479 4255 τὸν
2524 4198 2752 4254 Σιλανὸν
2791 4193 3135 4260 καταλιπὼν,
3185 4195 3353 4258 αὐτὸς
3428 4193 3565 4263 πρὸς
3596 4194 3700 4254 τὰς

363 4282 377 4296 ’
423 4293 594 4361 ἄλλας
659 4297 828 4372 ἀπῄει
887 4301 1097 4365 πόλεις,
1167 4301 1264 4354 καὶ
1332 4299 1535 4364 πολλὰς
1592 4299 2001 4371 προσηγάγετο.
2040 4299 2410 4370 Καταστήσας
2459 4297 2516 4351 δέ
2559 4297 2628 4352 τὰ
2704 4294 3007 4359 ἑαλωκότα,
3050 4291 3217 4355 αὐτὸς
3256 4290 3356 4360 μὲν
3395 4291 3515 4344 ἐκεῖ
3581 4288 3700 4341 διε-

422 4389 658 4459 χείμασε
687 4405 703 4421 ⁸
751 4391 846 4445 τὸν
901 4391 959 4446 δὲ
1012 4391 1244 4448 Λούκιον
1316 4392 1410 4448 τὸν
1492 4392 1772 4462 ὁμαίμονα
1840 4392 1936 4446 ἐπὶ
2009 4391 2232 4463 Ῥώμην
2300 4391 2594 4446 ἀπέστειλε
2672 4386 3120 4458 καταγγελοῦντά
3177 4402 3236 4440 τε
3294 4383 3366 4438 τὰ
3426 4382 3705 4453 γενόμενα

424 4485 524 4540 καὶ
590 4485 718 4550 τοὺς
771 4485 1156 4558 αἰχμαλώτους
1225 4485 1524 4557 κομίζοντα
1583 4486 1694 4540 καὶ»
1746 4485 1898 4550 ὅπως
1953 4488 2008 4538 oi
2045 4485 2105 4539 ἐν
2143 4487 2211 4556 τῇ
2295 4471 2487 4558 Ῥώμῃ
2554 4484 2814 4556 φρονοῦσι
2854 4482 2989 4555 περὶ
3019 4477 3185 4535 αὐτοῦ
3233 4475 3706 4549 πολυπραγμονή-

427 4592 618 4640 σοντα.

497 4625 834 4729 IL'Verum
866 4671 1078 4727 Italiam
1128 4671 1359 4727 morbus
1409 4671 1666 4736 vexabat,
1716 4680 1773 4726 et
1822 4685 2003 4741 pugna

2190 4667 2270 4720 Θ’.
2302 4666 2364 4719 Oi
2392 4663 2436 4718 δ’
2467 4664 2526 4717 ἐν
2551 4664 2617 4733 τῇ
2648 4659 2854 4732 Ἰταλίᾳ
2875 4658 2971 4712 καὶ
2999 4658 3064 4711 ἐκ
3091 4657 3249 4711 νόσου
3282 4625 3577 4723 ἐπόνησαν,
3609 4657 3706 4710 καὶ

427 4764 760 4829 afﬂixerant,
814 4763 887 4818 ob
921 4773 1106 4819 motus
1137 4765 1553 4835 Tyrrhenorum
1603 4763 1969 4833 quorumdam
1999 4779 2013 4829 ;

430 4857 529 4912 sed
557 4856 824 4928 majorem
874 4856 1085 4912 luctum
1131 4857 1392 4912 attulerat
1448 4855 1690 4912 Marcelli
1739 4855 2016 4910 interitus.

431 4949 570 5005 Nam
605 4963 732 5004 cum
790 4947 955 5004 ambo
1011 4963 1160 5004 coss.
1203 4957 1396 5004 contra
1449 4947 1778 5004 Annibalem
1826 4945 2020 5003 Locris

431 5046 686 5109 agentem
713 5037 1021 5093 exercitum
1058 5038 1352 5102 ducerent,
1385 5053 1487 5109 per
1509 5038 1743 5094 insidias
1773 5037 2018 5093 circum-

432 5127 588 5184 venti
611 5137 763 5194 sunt,
791 5136 850 5184 et
881 5128 1175 5185 Marcellus
1203 5131 1390 5186 statim
1425 5130 1710 5194 occubuit,
1731 5129 2022 5199 Crispinus

433 5235 544 5274 non
581 5219 756 5274 multo
789 5229 915 5290 post
941 5237 1007 5276 ex
1046 5222 1279 5277 vulnere
1313 5222 1554 5278 decessit
1596 5221 1834 5277 Annibal
1865 5236 2021 5288 vero,

436 5315 680 5371 Marcelli
704 5317 975 5372 cadavere
1011 5315 1172 5389 432
1209 5317 1457 5383 invento,
1484 5327 1540 5373 et
1564 5317 1686 5388 ejus
1717 5315 1898 5386 sigillo
1935 5330 2025 5370 ac-

436 5413 623 5475 cepto,
654 5406 859 5462 litteris
886 5407 1006 5478 ejus
1038 5409 1262 5462 nomine
1285 5407 1355 5461 ad
1392 5406 1559 5462 urbes
1583 5405 1827 5476 scriptis,
1858 5405 2025 5475 quid-

437 5496 570 5566 quid
601 5499 823 5554 volebat
855 5498 1128 5562 obtinuit;
1167 5497 1344 5553 donec
1360 5497 1669 5567 Crispinus,
1695 5512 1763 5551 eo
1783 5495 2024 5566 cognito,

442 5588 567 5644 illos
593 5591 825 5654 monuit.
867 5590 1072 5658 utjsibi
1103 5599 1390 5647 caverent.
1440 5589 1598 5647 Unde
1641 5604 1730 5644 res
1768 5587 2027 5644 Annibali

440 5679 612 5736 vertit
644 5683 702 5738 in
758 5686 1122 5740 contrarium.
1184 5685 1319 5740 Nam
1384 5698 1510 5739 cum
1571 5680 1882 5752 Salapianis
1929 5695 2027 5751 per

445 5777 784 5845 transfugam
813 5776 1148 5846 scripsisset,
1180 5775 1495 5831 Marcellum
1530 5782 1698 5829 noctu
1726 5772 1795 5826 ad
1825 5771 2028 5827 moenia

451 5863 737 5930 accedere,
764 5875 821 5920 et
850 5867 1095 5921 Romana
1135 5865 1322 5938 lingua
1389 5881 1497 5923 una
1549 5880 1672 5922 cum
1725 5863 1852 5919 aliis
1906 5877 2028 5919 eam

2120 4769 2322 4833 μάχαις
2375 4754 2857 4827 ἐταλαιπώρησαν,
2900 4750 3200 4823 Τυρσηνῶν
3260 4749 3709 4818 νεωτερισάντων

2116 4853 2298 4908 τινῶν.
2334 4849 2537 4915 Μεῖζον
2569 4848 2625 4902 δέ
2662 4847 2771 4900 τῶν
2822 4845 3004 4900 ἄλλων
3049 4843 3250 4905 αὐτοὺς
3298 4841 3576 4909 ἐλύπησεν
3623 4843 3709 4896 ὅτι

2117 4947 2210 5002 τὸν
2260 4945 2576 5017 Μάρκελλον
2628 4941 2925 4996 ἀπέϐαλον.
2970 4937 3532 5008 Ἐπιστρατεύσαντες
3591 4938 3707 5006 γὰρ

2119 5040 2263 5096 κατὰ
2317 5037 2413 5092 τοῦ
2456 5036 2702 5092 Ἀννίϐου
2755 5033 3118 5102 τυγχάνοντος
3175 5033 3233 5084 ἐν
3286 5030 3541 5100 Λοκροῖς,
3602 5029 3709 5082 καὶ

2119 5133 2290 5202 ἄμφω
2311 5132 2361 5186 οἱ
2387 5129 2588 5185 ὕπατοι
2618 5125 2680 5193 ἐξ
2707 5127 2930 5197 ἐνέδρας
2957 5121 3519 5195 περιστοιχισθέντες,
3544 5124 3572 5172 ὀ
3605 5122 3709 5188 μὲν

2117 5221 2440 5290 Μάρκελλος
2477 5217 2678 5272 αὐτίκα
2718 5213 2992 5270 ἀπώλετο·
3051 5212 3355 5282 Κρισπῖνος
3389 5208 3446 5260 δέ
3476 5205 3709 5274 τρωθεὶς

2120 5313 2394 5368 ἀπέθανεν
2443 5310 2504 5364 οὐ
2556 5307 2693 5380 μετά
2726 5305 2883 5360 πολύ.
2915 5302 3186 5375 Εὑρηκὼς
3213 5300 3268 5354 δὲ
3304 5299 3364 5353 τὸ
3401 5297 3496 5351 τοῦ
3540 5298 3710 5366 Μαρ-

2121 5404 2313 5458 κέλλου
2353 5401 2513 5471 σῶμα
2551 5402 2579 5453 ὁ
2624 5395 2895 5460 Ἀννίϐας,
2928 5395 3024 5448 καὶ
3061 5393 3154 5446 τὸν
3208 5389 3495 5445 δακτύλιον
3535 5387 3706 5440 αὑτοῦ

2123 5495 2385 5567 εἰληφὼς,
2415 5487 2461 5563 ᾧ
2491 5495 2698 5557 ἐκεῖνος
2731 5491 2829 5555 τὰς
2849 5489 3071 5562 γραφὰς
3100 5485 3496 5556 ἐπεσφράγιζε,
3521 5483 3711 5554 γράμ-

2128 5604 2275 5658 ματα
2335 5587 2393 5648 ἐς
2444 5583 2545 5648 τάς
2591 5582 2776 5646 πόλεις
2825 5579 2902 5645 ὡς
2941 5577 3074 5648 παρ’
3109 5576 3321 5629 ἐκείνου
3379 5571 3710 5658 στελλόμενα

2124 5653 2365 5748 ἐπεμπε,
2396 5678 2491 5730 καὶ
2521 5677 2621 5730 ὅσα
2659 5673 2914 5728 ἐϐούλετο
2947 5669 3310 5741 διεπράττετο
3338 5682 3352 5697 ο
3391 5665 3588 5736 μέχρις
3644 5653 3710 5713 οὗ
3790 5738 3796 5742 _

2124 5769 2283 5822 τοῦτο
2314 5767 2477 5836 γνοὺς
2521 5766 2550 5818 ὁ
2597 5765 2922 5835 Κρισπῖνος,
2978 5755 3480 5828 ἀντιπαρήγγειλεν
3517 5752 3711 5812 αὐτοῖς

2129 5857 2527 5930 φυλάσσεσθαι,
2588 5858 2710 5912 ὅθεν
2772 5853 3160 5936 ἀντιπεριέστη
3195 5848 3274 5920 τῷ
3321 5845 3549 5914 Ἀννιϐᾷ
3640 5841 3705 5894 τὸ
