4024 6402
269 357 374 420 737

1538 354 1953 421 ANNALIUM
1986 359 2135 418 LIB.
2177 359 2286 419 1X.

3441 354 3546 422 738

265 464 520 534 πρᾶγμα.
567 461 721 516 Ἐπεὶ
746 462 856 534 γὰρ
885 465 997 529 τοῖς
1028 463 1086 518 ὲν
1119 465 1185 536 τῇ
1215 462 1425 536 Σαλπίᾳ
1455 463 1520 517 δι’
1549 465 1857 536 αὐτομόλου

1964 465 2267 521 scientibus
2304 472 2579 532 uteretur,
2633 476 2694 522 ut
2744 482 2844 538 pro
2879 467 3139 525 Romanis
3173 470 3546 543 haberentur;

263 553 422 625 δῆθεν
449 549 518 625 ἦν
549 555 861 618 ἐπιστείλας
895 557 972 620 ὡς
1039 558 1067 609 6
1117 554 1436 626 Μάρκελλος
1467 556 1659 616 νυκτὸς
1696 573 1864 627 προσο

267 646 348 716 ῄει
398 648 514 707 τοῖς
563 647 793 717 τείχεσι,
847 650 914 718 τῇ
980 665 1041 701 τε
1093 649 1204 702 τῶν
1236 649 1484 702 Λατίνων
1519 650 1862 720 κεχρημένος

270 741 425 809 ιιτωνῇ
465 739 564 791 σὺν
599 739 781 801 ἄλλοις
814 739 1208 810 ἐπισταμένοις
1242 740 1436 812 αὐτὴν,
1469 741 1556 794 ἴνα
1599 742 1860 812 Ῥωμαῖοι

267 829 495 892 δόξωσιν
530 825 694 884 εἶναι.
744 830 1026 893 Μαθόντες
1064 830 1120 883 δὲ
1155 832 1206 884 οἱ
1236 832 1518 902 Σαλπηνοὶ
1547 833 1645 902 τὴν
1673 833 1859 886 ἐπιτέ-

268 938 460 992 χνησιν
486 922 672 986 αὑτοῦ,
696 922 1165 993 ἀντετεχνήσαντο
1191 923 1468 978 πιστεύειν
1496 925 1667 989 ϐιτως
1693 942 1863 996 προσ·

273 1013 412 1062 ιέναι
499 1013 588 1064 τὸν
680 1013 1027 1082 Μάρκελλον.
1096 1015 1206 1067 Kal.
1279 1015 1701 1082 ἀνασπάσαντες
1769 1021 1862 1073 τὸν

272 1100 683 1169 καταρῤάκτην,
700 1103 1001 1170 εἰσήγαγον
1027 1101 1190 1165 ὅσους
1217 1103 1402 1168 αὐτοῖς
1432 1104 1612 1172 ἔδοξεν
1640 1107 1862 1172 ἱκανοὺς

272 1188 411 1244 εἶναι
444 1194 892 1264 κατεργασθῆναι
926 1196 1056 1266 παρ’
1095 1196 1300 1262 αὐτῶν,
1344 1199 1441 1252 καὶ
1471 1202 1683 1265 πάντας
1727 1204 1863 1256 ἀπέ-

274 1299 518 1340 κτειναν.
571 1284 630 1337 ὐ
686 1285 743 1338 δὲ
795 1285 1052 1350 Ἀννίϐας
1113 1287 1328 1358 ἀπῆρεν
1381 1289 1605 1358 αὐτίκα,
1670 1291 1861 1362 μαθὼν

273 1375 400 1438 τοὺς
454 1376 701 1443 Λοκροὺς
733 1375 1236 1449 πολιορκουμένους
1285 1380 1438 1450 παρά
1477 1380 1765 1452 Ῥωμαίων
1797 1389 1860 1438 ἐκ

274 1471 527 1535 Σικελίας
555 1469 1029 1525 ἐπιπλευσάντων.
1066 1471 1178 1525 Kal
1213 1471 1483 1538 Πούπλιος
1526 1475 1584 1528 δὲ
1632 1476 1862 1531 Σουλπί-

275 1579 396 1626 κιος
426 1561 565 1632 μετὰ
598 1561 854 1616 Αἰτωλῶν
883 1561 977 1616 καὶ
999 1563 1306 1635 συμμάχων
1329 1566 1534 1637 ἐτέρων
1561 1567 1732 1622 πολλά
1758 1569 1860 1637 τῆς

291 1653 518 1723 Ἀχαΐας
548 1653 841 1724 ἐπόρθησε.
874 1653 982 1707 Τοῦ
1011 1654 1067 1707 δὲ
1097 1654 1366 1710 Φιλίππου
1421 1657 1516 1712 τοῦ
1546 1659 1861 1726 Μακεδόνος

278 1748 392 1809 τοῖς
450 1747 689 1816 Ἀχαιοῖς
751 1750 1216 1820 συμμαχήσαντος
1247 1791 1262 1817 ,
1319 1751 1600 1817 παντελῶς
1643 1751 1712 1808 ἂν
1763 1757 1861 1825 τῆς

1968 555 2271 626 Salapiani,
2297 560 2416 630 ejus
2445 560 2682 618 artificio
2708 563 2950 633 cognito,
2994 566 3094 620 hac
3139 578 3261 622 arte
3303 569 3546 625 vicissim

1963 649 2048 703 usi
2088 660 2240 712 sunt,
2283 661 2344 706 ιιι
2368 667 2427 708 se
2459 652 2783 709 Marcellum
2823 656 3014 712 adesse
3055 658 3283 714 credere
3322 661 3551 717 simula-

1962 749 2120 807 rent;
2152 743 2494 814 clathrisque
2523 746 2792 811 attractis,
2830 756 2908 803 tot
2945 749 3000 802 in
3064 749 3256 804 urbem
3309 753 3550 809 admise-

1962 843 2112 897 runt,
2145 843 2281 904 quot
2309 835 2598 892 vincendis
2617 853 2677 893 se
2702 854 2864 908 pares
2895 855 3017 894 esse
3077 841 3365 904 rebantur.
3420 859 3549 899 eos-

1963 937 2070 991 que
2101 937 2294 979 omnes
2326 923 2673 981 occiderunt.
2701 928 2938 982 Annibal
2963 944 3117 994 Vero,
3157 944 3283 985 cum
3337 930 3550 988 Locros

1962 1027 1993 1066 a
2037 1013 2302 1070 Romanis
2331 1031 2400 1070 ex
2429 1015 2619 1072 Sicilia
2669 1019 2940 1088 profectis
2989 1021 3232 1077 obsideri
3280 1023 3549 1089 audisset,

1963 1107 2151 1162 statim
2184 1112 2435 1166 recessit.
2474 1113 2536 1167 P.
2571 1112 2858 1184 Sulpicius
2894 1125 3078 1171 autem
3113 1132 3239 1172 cum
3269 1116 3469 1174 Altolis
3495 1127 3553 1174 et

1960 1199 2086 1256 aliis
2129 1201 2298 1259 sociis
2338 1219 2592 1275 magnam
2638 1206 2860 1262 Achaiae
2893 1218 3103 1278 partem
3133 1210 3387 1264 vastavit.
3442 1210 3551 1267 Sed

1961 1307 2084 1346 cum
2109 1293 2397 1364 Philippus
2427 1295 2645 1352 Achaeis
2678 1313 2838 1367 opem
2887 1301 3130 1363 tulisset,
3161 1301 3393 1356 Romani
3438 1309 3550 1358 tota

1960 1385 2168 1440 Graecia
2198 1387 2341 1456 pulsi
2374 1395 2580 1453 essent,
2609 1388 2718 1444 nisi
2738 1429 2754 1456 ,
2788 1391 2987 1446 Aitolis
3010 1397 3162 1462 galea
3191 1392 3431 1464 Philippi
3453 1409 3552 1464 po-

1962 1481 2102 1548 titis,
2145 1482 2214 1537 de
2241 1482 2365 1553 ejus
2397 1482 2626 1538 interitu
2653 1499 2846 1539 rumor
2869 1487 3013 1556 apud
3039 1487 3364 1543 Macedones
3394 1503 3552 1559 spar-

1962 1587 2058 1628 sus
2088 1583 2252 1639 esset,
2311 1583 2545 1645 ortaque
2579 1576 2651 1630 ibi
2704 1577 2925 1632 seditio.
2983 1577 3204 1636 Veritus
3252 1580 3428 1646 enim,
3477 1596 3550 1636 ne

1964 1679 2134 1736 regno
2161 1666 2508 1736 privaretur,
2542 1665 2600 1721 in
2658 1666 3029 1722 Macedoniam
3088 1670 3424 1739 properavit.
3469 1669 3549 1726 Ita

1967 1757 2192 1820 factum,
2225 1766 2286 1811 ut
2311 1758 2544 1813 Romani
2587 1757 2642 1811 in
2673 1757 2881 1813 Graecia
2920 1769 3362 1828 perseverantes,
3400 1761 3550 1818 urbi-

292 1839 544 1902 Ἑλλάδος
600 1839 948 1911 ἐξηλάθησαν
993 1843 1042 1895 οί
1085 1843 1369 1910 Ῥωμαῖοι,
1406 1845 1455 1898 εί
1489 1846 1566 1916 μὴ
1599 1845 1694 1899 τοῦ
1724 1847 1859 1917 κρά-

1966 1844 2070 1899 bus
2095 1845 2306 1915 aliquot
2335 1846 2675 1915 potirentur.
2701 1845 2968 1916 Sequenti
2993 1861 3162 1910 anno,
3190 1863 3315 1902 cum
3344 1849 3552 1904 Asdru-

251 1947 400 1994 ’νους
433 1930 531 1984 τοῦ
585 1931 852 1985 Φιλίππου
887 1934 1303 2006 περιῤῥυέντος,
1330 1937 1379 1990 oi
1436 1938 1668 1992 Αίτωλοὶ
1701 1938 1860 1991 τοῦτο

280 2023 458 2093 ἔσχον,
495 2027 588 2076 καὶ
611 2027 802 2094 φήμης
829 2027 909 2090 είς
941 2026 1070 2091 τοὺς
1110 2028 1428 2094 Μακεδόνας
1457 2030 1758 2102 γενομένης
1785 2030 1861 2094 ὡς

279 2114 529 2184 τέθνηκε,
568 2116 758 2178 στάσις
786 2133 845 2169 τε
874 2119 1101 2186 γέγονεν
1138 2121 1304 2189 ἐκεῖ,
1357 2124 1454 2177 καὶ
1498 2123 1742 2195 ἐφοβήθη
1785 2124 1861 2196 μὴ

279 2206 376 2276 τῆς
403 2205 684 2276 βασιλείας
731 2209 994 2279 στερηθῇ,
1034 2210 1128 2263 καὶ
1163 2213 1298 2283 πρὸς
1333 2214 1677 2269 Μακεδονίαν
1704 2215 1863 2285 ἠπεί-

280 2295 406 2368 χθη.
446 2297 728 2352 Ἐντεῦθεν
758 2301 807 2354 oi
847 2299 1110 2371 Ῥωμαῖοι
1135 2306 1200 2374 τῇ
1234 2304 1442 2357 Ἐλλάδι
1467 2306 1858 2376 προσέμειναν,

281 2388 377 2443 καί
432 2407 597 2444 τινων
648 2393 964 2464 ἐκράτησαν
1016 2395 1250 2450 πόλεων.
1282 2395 1372 2466 Τῷ
1401 2396 1448 2449 δ’
1479 2398 1687 2451 ἐπιόντι
1727 2397 1858 2463 ἔτει,

280 2482 357 2544 ῶς
412 2479 442 2534 6
497 2483 829 2553 Ἀσδρούϐας
885 2486 1186 2556 ἠγγέλλετο
1247 2485 1512 2557 προσιὼν,
1573 2488 1623 2541 oi
1681 2491 1739 2541 ἐν
1791 2491 1857 2559 τῇ

293 2572 482 2646 Ῥώμῃ
512 2576 609 2639 τὰς
641 2575 906 2645 δυνάμεις
935 2595 993 2630 τε
1033 2577 1308 2648 ἤθροιζον,
1344 2580 1440 2631 καὶ
1477 2581 1606 2643 τοὺς
1638 2581 1863 2649 συμμά-

282 2682 408 2735 χους
452 2666 604 2734 σφῶν
658 2667 1116 2738 μετεπέμποντο,
1169 2671 1414 2734 ὑπάτους
1469 2669 1742 2724 Κλαύδιόν
1799 2689 1860 2726 τε

279 2758 510 2828 Νέρωνα
547 2759 641 2813 καὶ
670 2759 888 2814 Λιούῖον
919 2760 1011 2814 τὸν
1039 2760 1269 2830 Μάρκον
1299 2761 1566 2832 ἑλόμενοι.
1604 2763 1717 2816 Kal
1753 2763 1860 2816 Νέ-

283 2865 428 2918 ρωνα
484 2851 584 2920 μὲν
645 2851 738 2902 ἐπὶ
777 2851 869 2904 τὸν
928 2851 1206 2918 Ἀννίϐαν,
1245 2850 1461 2906 Λιούῖον
1511 2853 1570 2907 δὲ
1634 2855 1730 2906 ἐπὶ
1767 2855 1860 2908 τὸν

293 2941 621 3013 Ἀσδρούϐαν
658 2943 936 3014 ἔπεμψαν,
991 2943 1048 3008 ὃς
1100 2944 1248 3015 αύτῷ
1301 2945 1436 3014 πρὸς
1484 2947 1550 3018 τῇ
1612 2946 1749 3017 Σένῃ
1794 2950 1860 3018 τῇ

282 3032 439 3086 πόλει
475 3035 813 3106 ἀπήντησεν.
848 3037 921 3088 Οὐ
971 3038 1158 3106 μέντοι
1193 3039 1285 3089 καὶ
1348 3037 1429 3100 είς
1479 3039 1665 3108 χεῖρας
1699 3039 1862 3103 εὐθὺς

280 3119 470 3195 ¹ἦλθεν,
500 3127 593 3180 ἐπὶ
627 3127 829 3190 πολλὰς
859 3127 920 3180 δὲ
961 3128 1174 3200 ἡμέρας
1210 3127 1356 3182 κατά
1404 3129 1589 3198 χώραν
1621 3128 1858 3200 ἔμεινεν.

295 3216 436 3270 Ἀλλ’
472 3218 593 3271 οὐδὲ
644 3221 673 3272 ό
732 3219 1063 3291 Ἀσδρούϐας
1114 3219 1214 3290 τὴν
1269 3219 1451 3290 μάχην
1505 3221 1859 3292 κατήπειξεν,

283 3310 526 3380 ἡσύχαζε
557 3311 615 3368 δὲ
640 3311 734 3364 τὸν
765 3311 994 3381 ἀδελφὸν
1021 3315 1336 3381 ἀναμένων.
1371 3313 1430 3365 ’0
1454 3313 1648 3384 Νέρων
1676 3313 1736 3366 δὲ
1771 3314 1865 3367 καὶ

280 3404 311 3456 6
350 3404 598 3467 Ἀννίϐας
654 3407 736 3468 είς
793 3405 1104 3460 Λευκανίαν
1160 3406 1709 3476 ἐστρατοπεδεύοντο,
1769 3408 1866 3461 καὶ

281 3495 564 3568 οὐδέτερος
597 3496 734 3566 πρὸς
786 3497 1098 3568 παράταξιν
1147 3497 1430 3568 ὥρμησεν,
1480 3497 1656 3562 ἄλλως
1701 3498 1759 3551 δὲ
1807 3502 1865 3562 ὲς

282 3591 472 3658 χεῖρας
525 3588 775 3659 ἀλλήλοις
827 3589 1019 3660 ⁴ᾔεσαν.
1087 3590 1197 3642 Καὶ
1261 3591 1290 3641 6
1362 3589 1614 3654 Ἀννίϐας
1678 3592 1864 3644 πυκνά

286 3681 671 3752 μετανίστατο,
696 3681 801 3734 καὶ
829 3684 857 3734 ό
889 3681 1082 3753 Νέρων
1113 3681 1360 3753 ἀκριϐῶς
1411 3684 1573 3736 αὺτὶν
1625 3685 1866 3756 παρετή-

287 3792 393 3845 ρει.
435 3775 719 3847 Κρείττων
770 3772 866 3826 οὖν
923 3775 1013 3828 ἀεὶ
1069 3773 1234 3826 αὐτοῦ
1292 3775 1602 3842 γινόμενος,
1655 3777 1750 3827 καὶ
1796 3774 1866 3828 τὰ

285 3867 592 3939 γράμματα
649 3866 718 3920 τά
779 3867 934 3936 παρὰ
980 3864 1077 3920 τοῦ
1126 3865 1452 3935 Ἀσδρούϐου
1509 3865 1661 3936 αὐτῷ
1719 3883 1865 3935 πεμ.

288 3958 492 4026 φθέντα
524 3955 684 4020 ἐλὼν,
715 3958 810 4011 τοῦ
845 3957 945 4028 μὲν
975 3957 1217 4011 Ἀννίϐου
1249 3956 1651 4028 κατεφρόνησε’
1681 3957 1866 4021 δείσας

288 4051 347 4104 δὲ
381 4050 456 4120 μὴ
495 4052 585 4103 τὸν
633 4049 854 4104 Λιούῖον
900 4052 928 4102 ὁ
976 4049 1309 4121 Ἀσδρούϐας
1338 4048 1418 4120 τῷ
1447 4050 1646 4121 πλήθει
1690 4066 1865 4104 κατασ-

289 4141 568 4213 ϐιάσηται,
604 4142 772 4212 μέγα·
801 4142 1040 4212 πρᾶγμα
1097 4139 1391 4211 ἐτόλμησε.
1445 4142 1554 4195 Καὶ
1601 4142 1864 4196 κατέλιπε

291 4235 390 4304 μὲν
439 4235 635 4304 μοῖραν
691 4235 828 4299 ἐκεῖ,
857 4231 1190 4302 ἀποχρῶσαν
1226 4232 1438 4302 εἵργειν
1472 4231 1865 4308 τὸνυἈννίϐαν

288 4327 343 4378 εἴ
368 4344 445 4398 πη
480 4325 755 4396 κινηθείη,
789 4324 1170 4396 ἐντειλάμενος
1227 4325 1410 4378 πάντα
1451 4326 1605 4378 ποεῖν
1648 4323 1735 4378 ἵνα
1769 4326 1866 4380 καὶ

287 4420 451 4484 αὐτὸς
480 4420 756 4490 νομίζοιτο
800 4419 1092 4490 ἐνδημείνο
1137 4418 1200 4471 τὸ
1252 4418 1308 4472 δὲ
1343 4417 1734 4490 καθαρώτατον
1766 4418 1862 4472 τοῦ

1967 1938 2104 1993 balis
2137 1939 2411 1994 adventus
2441 1939 2816 2004 nuntiaretur,
2854 1938 3088 1994 Romani
3127 1939 3374 2011 legiones
3416 1956 3551 1997 con-

1967 2031 2260 2096 vocabant,
2289 2040 2348 2087 et
2392 2031 2578 2086 socios
2607 2045 2739 2086 suos
2766 2033 3146 2098 accersebant,
3181 2030 3412 2089 Claudio
3435 2033 3549 2090 Ne—

1967 2137 2102 2176 rone
2129 2131 2184 2177 et
2224 2122 2408 2178 Marco
2461 2121 2619 2177 Livio
2680 2136 2827 2177 coss.
2885 2124 3103 2178 creatis.
3162 2130 3242 2179 Ac
3272 2123 3550 2181 Neronem

1966 2222 2158 2268 contra
2185 2212 2538 2282 Annibalem,
2569 2214 2784 2269 Livium
2809 2227 2999 2270 contra
3026 2215 3391 2272 Asdrubalem
3445 2219 3550 2273 mi-

1965 2313 2182 2368 serunt,
2212 2304 2306 2375 qui
2336 2306 2389 2360 ei
2419 2306 2566 2361 circa
2613 2306 2814 2361 Senam
2869 2308 3062 2362 urbem
3108 2309 3384 2376 occurrit;
3433 2325 3546 2366 non

1967 2405 2148 2452 tamen
2195 2399 2378 2452 statim
2407 2399 2478 2453 ad
2519 2415 2716 2453 manus
2748 2399 2922 2463 venit,
2966 2399 3064 2454 sed
3099 2415 3199 2470 per
3229 2402 3348 2457 dies
3390 2418 3545 2459 com-

1967 2493 2151 2562 plures
2187 2494 2242 2548 in
2273 2493 2472 2549 castris
2500 2508 2560 2549 se
2589 2494 2887 2549 continuit.
2921 2495 3112 2565 Neque
3133 2495 3404 2552 Asdrubal
3439 2515 3545 2568 pu-

1963 2597 2125 2653 gnam
2155 2583 2316 2646 ursit,
2363 2582 2588 2653 quietus
2635 2583 2863 2638 fratrem
2904 2593 3248 2653 exspectans.
3276 2584 3424 2641 Nero
3452 2603 3550 2642 au-

1966 2681 2076 2728 tem
2115 2683 2172 2728 et
2209 2674 2448 2728 Annibal
2478 2673 2533 2728 in
2581 2673 2826 2728 Lucania
2876 2683 3058 2729 castra
3102 2675 3386 2744 habentes,
3435 2693 3546 2734 non

1958 2765 2106 2836 justa
2139 2764 2277 2829 acie,
2309 2761 2406 2818 sed
2459 2763 2841 2818 tumultuariis
2863 2763 3130 2818 duntaxat
3157 2765 3356 2835 pugnis
3417 2777 3548 2822 sunt

1965 2857 2270 2927 congressi.
2322 2855 2649 2910 Annibalem
2692 2863 2875 2909 autem
2926 2855 3107 2910 locum
3144 2857 3378 2913 subinde
3428 2875 3549 2914 mu-

1967 2958 2197 3012 tantem,
2243 2958 2503 3003 accurate
2557 2946 2870 3014 observavit
2903 2947 3071 3009 Nero.
3111 2963 3329 3019 semper
3356 2965 3424 3006 eo
3451 2965 3545 3006 su-

1966 3039 2184 3110 perior;
2223 3050 2280 3094 et
2304 3039 2507 3095 litteris
2543 3038 2728 3094 fratris
2753 3039 2874 3110 ejus
2925 3040 3249 3096 Asdrubalis
3309 3042 3548 3098 interce-

1968 3131 2096 3202 ptis,
2128 3131 2396 3187 Annibale
2425 3140 2761 3202 contempto,
2785 3131 2996 3186 veritus
3015 3147 3084 3186 ne
3105 3132 3378 3188 Asdrubal
3405 3135 3548 3189 mul-

1971 3224 2210 3280 titudine
2240 3225 2524 3280 hominum
2575 3223 2733 3278 Livio
2773 3223 2887 3278 vim
2920 3223 3150 3288 faceret,
3181 3239 3437 3296 magnum
3465 3227 3548 3283 fa-

1965 3316 2127 3370 cinus
2162 3330 2328 3370 ausus
2359 3323 2463 3370 est.
2496 3313 2707 3370 Relicta
2739 3314 2892 3369 enim
2958 3315 3034 3369 ibi
3097 3322 3247 3371 tanta
3307 3317 3542 3373 militum

1964 3417 2142 3478 parte,
2175 3415 2384 3478 quanta
2414 3407 2481 3462 ad
2517 3406 2929 3478 reprimendum
2959 3407 3278 3464 Annibalem
3309 3410 3442 3466 satis
3467 3426 3549 3467 es-

1964 3508 2067 3562 set,
2097 3500 2144 3554 si
2177 3497 2311 3570 quid
2348 3500 2635 3566 movisset,
2676 3499 2980 3565 mandavit,
3011 3508 3074 3554 ut
3098 3500 3282 3556 omnia
3315 3501 3388 3556 ita
3420 3517 3548 3574 age-

1966 3601 2112 3654 rent,
2148 3601 2206 3646 ut
2240 3592 2356 3661 ipse
2379 3605 2624 3661 praesens
2656 3607 2779 3648 esse
2811 3600 3119 3662 putaretur.
3144 3592 3545 3665 Assumptaque

1964 3684 2262 3739 lectissima
2284 3695 2442 3754 parte
2462 3687 2762 3752 exercitus,
2788 3684 2944 3754 quasi
2967 3685 3261 3740 finitimum
3280 3687 3544 3758 oppidum

1964 3784 2400 3846 oppugnaturus,
2429 3775 2592 3848 433
2626 3777 2849 3831 nemine
2877 3777 3098 3832 consilii
3136 3781 3383 3844 conscio,
3441 3780 3544 3836 ad-

1964 3885 2159 3925 versus
2183 3869 2546 3926 Asdrubalem
2584 3885 2912 3941 properans,
2960 3879 3124 3926 noctu
3161 3871 3233 3926 ad
3279 3873 3544 3945 collegam

1965 3965 2140 4025 venit,
2173 3962 2230 4016 in
2257 3963 2492 4033 ejusque
2529 3963 2674 4018 vallo
2705 3963 3086 4033 pernoctavit;
3142 3965 3418 4036 amboque
3485 3983 3548 4023 se

1967 4061 2242 4122 parantes,
2273 4061 2333 4108 ut
2359 4052 2572 4108 hostem
2621 4065 2690 4106 ex
2738 4052 3038 4122 improviso
3083 4053 3542 4123 aggrederentur,

1967 4142 2334 4198 Asdrubalem
2356 4158 2468 4198 non
2489 4143 2788 4198 latuerunt.
2814 4142 2952 4197 Cum
2981 4144 3129 4198 enim
3158 4153 3390 4216 uterque
3415 4161 3549 4202 cono

1967 4234 2053 4289 sul
2086 4234 2288 4289 milites
2315 4249 2448 4289 suos
2478 4234 2713 4290 seorsim
2759 4234 3165 4299 cohortaretur,
3195 4236 3548 4294 animadver-

1969 4327 2035 4382 tit
2059 4325 2195 4396 quid
2227 4325 2308 4380 rei
2333 4335 2514 4392 esset;
2550 4334 2608 4380 et
2629 4324 2957 4380 Annibalem
2987 4327 3194 4383 victum
3230 4343 3546 4401 caesumque

1967 4432 2091 4472 esse
2117 4416 2431 4487 suspicatus
2459 4417 2576 4486 (illo
2602 4407 2749 4470 enim
2777 4417 3094 4487 superstite,
3113 4417 3390 4475 Neronem
3409 4437 3548 4478 con-

288 4512 520 4583 στρατοῦ
550 4511 846 4578 ἀπολέξας,
878 4512 1142 4584 ὥρμησεν
1173 4511 1249 4574 ὡς
1282 4509 1648 4583 πλησιοχώρῳ
1705 4510 1861 4564 πόλει

1971 4518 2054 4562 tra
2081 4523 2140 4564 se
2169 4524 2453 4578 nunquam
2487 4509 2693 4563 iturum
2715 4507 2935 4579 fuisse),
2956 4509 3024 4565 ad
3051 4510 3234 4568 Gallos
3253 4513 3406 4569 abire
3429 4524 3547 4569 sta-

283 4606 393 4657 τινὶ
435 4605 778 4676 προσμίξων,
826 4603 934 4657 οὐδ’
965 4603 1082 4674 ᾔδει
1117 4620 1197 4666 τις
1244 4603 1338 4673 τὴν
1372 4604 1614 4660 διάνοιαν
1665 4603 1857 4659 αὑτοῦ.

283 4697 398 4750 Kal.
431 4695 670 4767 ἠπείχθη
703 4697 794 4749 ἐπὶ
827 4696 920 4750 τὸν
968 4694 1320 4769 Ἀσδρούϐαν,
1363 4695 1458 4748 καὶ
1495 4694 1725 4764 ἀφίκετο
1767 4711 1863 4749 νυ-

283 4788 411 4851 κτὸς
447 4788 585 4858 πρὸς
613 4787 704 4841 τὸν
744 4786 1103 4857 συνάρχοντα,
1141 4786 1238 4839 καὶ
1275 4787 1334 4838 ἐν
1389 4787 1458 4857 τῇ
1510 4789 1749 4858 ταφρείᾳ
1793 4790 1860 4859 τῇ

283 4880 452 4935 αὑτοῦ
483 4881 877 4949 συνεσκήνησε.
914 4879 1026 4932 Kal.
1056 4877 1532 4946 παρεσκευάζοντο
1558 4879 1752 4947 ἄμφω,
1791 4877 1861 4930 ἶν’

283 4974 551 5043 αἰφνίδιον
598 4971 749 5042 αὐτῷ
796 4970 1216 5025 συνεπίθωνται.
1253 4970 1363 5022 Ούκ
1393 4968 1584 5022 ἔλαθον
1611 4970 1692 5035 δὲ,
1742 4969 1860 5023 ἀλλ’

283 5065 635 5133 ἐτεκμήρατο
665 5061 728 5114 τὸ
757 5061 1128 5132 γεγενημένον
1154 5062 1182 5113 ό
1227 5059 1559 5129 Ἀσδρούϐας
1614 5059 1724 5113 άπὸ
1752 5060 1859 5114 τῶν

283 5152 718 5226 παραγγέλσεων
743 5150 937 5204 διττῶν
963 5151 1289 5220 γινομένων.
1339 5149 1467 5222 Ὶδίᾳ
1492 5150 1600 5221 γὰρ
1625 5149 1860 5216 ἕκαστος

282 5245 392 5299 τῶν
420 5245 648 5297 ὑπάτων
684 5241 1035 5315 παρήγγελλέ
1061 5259 1115 5295 τι
1142 5244 1254 5305 τοῖς
1287 5241 1507 5299 ἑαυτοῦ.
1552 5241 1858 5295 ’Υποπτεύ-

283 5351 385 5398 σας
413 5334 505 5388 οὖν
528 5332 796 5406 ἡττῆσθαι
823 5334 912 5385 τὸν
941 5332 1190 5386 Ἀννίϐαν
1235 5333 1328 5384 καὶ
1357 5331 1653 5384 ἀπολέσθαι
1682 5333 1860 5403 (περι-

282 5429 438 5490 όντος
470 5428 579 5496 γὰρ
625 5426 840 5478 ἐκείνου
893 5426 990 5477 οὐκ
1034 5422 1100 5477 ἂν
1148 5423 1234 5476 ἐπ’
1269 5421 1433 5476 αὑτὸν
1465 5421 1711 5493 ὁρμῆσαι
1765 5423 1859 5476 τὸν

282 5519 515 5590 Νέρωνα
547 5518 866 5586 ἐλογίζετο),
896 5519 1038 5584 ἑγνω
1061 5516 1196 5587 πρὸς
1215 5517 1340 5576 τοὺς
1375 5515 1620 5576 Γαλάτας
1647 5517 1861 5570 ἀπανα-

279 5612 554 5683 χωρῆσαι,
603 5611 700 5664 καὶ
746 5611 862 5661 ἐκεῖ
891 5609 961 5661 τὰ
989 5609 1116 5679 περὶ
1145 5607 1234 5660 τὸν
1277 5607 1505 5676 ἀδελφὸν
1545 5608 1861 5677 ἀκριϐώσα-

213 5745 217 5751 .
283 5703 410 5758 σθαι
439 5707 534 5756 καὶ
563 5703 706 5757 οὓτω
737 5702 877 5757 κατὰ
931 5701 1127 5772 σχολὴν
1161 5701 1488 5771 πολεμῆσαι.
1524 5703 1634 5755 Kal
1679 5705 1706 5754 6
1759 5705 1860 5773 μὲν

283 5797 660 5869 παραγγείλας
716 5796 793 5868 τῷ
849 5795 1223 5869 στρατεύματι
1280 5795 1602 5866 ἀναστῆναι,
1662 5795 1858 5862 νυκτὸς

1966 4603 2092 4666 tuit,
2134 4610 2190 4656 et
2225 4601 2339 4656 illic
2389 4609 2537 4656 statu
2593 4600 2781 4657 fratris
2812 4604 3123 4674 explorato,
3179 4603 3386 4660 bellum
3442 4621 3547 4678 per

1963 4694 2138 4747 otium
2186 4692 2603 4748 administrare.
2638 4693 2830 4764 Itaque
2878 4693 3145 4751 militibus
3191 4695 3392 4753 itinere
3445 4699 3546 4754 de-

1964 4787 2239 4852 nuntiato,
2269 4825 2284 4852 ,
2311 4795 2479 4840 noctu
2506 4786 2786 4843 discessit.
2811 4786 2871 4842 ld
2903 4787 3165 4843 consules
3196 4803 3264 4844 ex
3305 4792 3542 4848 tumultu

1963 4878 2252 4947 suspicati,
2277 4893 2388 4931 non
2447 4885 2632 4931 tamen
2673 4885 2901 4946 propter
2960 4877 3217 4932 tenebras
3260 4891 3320 4933 se
3355 4879 3545 4936 statim

1962 4980 2418 5036 commoverunt;
2459 4969 2555 5024 sed
2589 4970 2693 5024 sub
2731 4983 2991 5023 auroram
3017 4969 3300 5039 equitibus
3319 4972 3385 5026 ad
3415 4988 3542 5027 eum

1962 5062 2408 5135 persequendum
2444 5059 2762 5132 praemissis,
2794 5058 2899 5128 ipsi
2923 5059 3227 5124 subsecuti,
3264 5059 3548 5117 Asdruba-

1961 5155 2067 5209 lem
2117 5154 2335 5223 equites
2365 5165 2682 5223 aggressum
2734 5149 2905 5219 (solos
2927 5149 3077 5204 enim
3110 5163 3208 5204 eos
3236 5163 3358 5205 esse
3383 5161 3542 5220 puta-

1962 5247 2077 5318 bat)
2107 5255 2450 5317 superventu
2486 5258 2588 5298 suo
2610 5243 2666 5297 in
2687 5242 2873 5313 fugam
2910 5251 3220 5310 verterunt,
3241 5250 3298 5298 et
3327 5242 3544 5312 fugien-

1964 5349 2046 5395 tes
2081 5339 2382 5409 persecuti,
2413 5337 2616 5392 multos
2638 5334 2988 5398 occiderunt,
3015 5336 3084 5390 ab
3116 5335 3430 5404 elephantis
3453 5335 3545 5389 ni-

1963 5427 2041 5482 hil
2064 5427 2304 5497 adjutos.
2337 5425 2544 5480 Horum
2569 5426 2718 5479 enim
2751 5423 2920 5492 aliqui
2949 5424 3244 5488 vulnerati,
3268 5441 3390 5479 cum
3419 5426 3544 5495 plus

1962 5521 2090 5576 mali
2124 5523 2207 5576 eis
2251 5523 2446 5575 darent
2499 5533 2663 5587 quam
2714 5518 2923 5582 hostes,
2972 5517 3242 5572 Asdrubal
3296 5533 3544 5574 sessores

1962 5631 2156 5672 eorum
2190 5614 2424 5675 monuit,
2474 5621 2534 5665 ut
2558 5611 2876 5665 vulneratos
2904 5610 3089 5665 statim
3121 5609 3460 5676 occiderent,
3487 5610 3544 5667 id

1963 5705 2111 5774 quod
2135 5705 2294 5760 facile
2326 5703 2514 5768 fiebat,
2539 5717 2664 5756 cum
2683 5701 2868 5755 ferreo
2896 5701 3091 5755 aculeo
3123 5701 3226 5756 sub
3247 5715 3382 5756 aure
3405 5716 3548 5772 pun-

1963 5797 2254 5868 gebantur.
2291 5793 2384 5851 Sic
2415 5793 2614 5850 bellua:
2663 5807 2696 5849 a
2746 5790 3322 5864 Carthaginiensibus,
3347 5792 3456 5849 viri
3511 5807 3545 5852 a
