4024 6406
395 371 503 433 Ἷ3Ξ)

1718 348 2045 411 JUANNIS
2080 345 2400 406 ΖΟΝΛΒΛΞ

3553 342 3671 403 7ίῦ

390 483 651 541 Romanis
682 476 1118 536 occidebantur;
1165 477 1427 535 tantaque
1482 462 1780 518 multitudo
1824 460 1999 522 τεεί-η

2101 458 2308 528 ιπῆρεν.
2344 458 2411 511 Ui
2457 456 2501 508 δ’
2531 454 2725 508 ὒπατοι
2763 456 2825 508 ἐκ
2864 453 2956 508 τοῦ
3011 454 3243 525 ῡορῖϐου
3288 455 3669 513 ὑπώπτευσαν

389 577 493 640 dit,
537 585 599 630 ιιι
641 569 872 625 Romani
926 565 1171 621 caudinus
1220 562 1429 621 satiati,
1484 570 1716 610 αιτιοι-«ξε
1770 554 1980 606 nollent

390 668 672 740 pet-sequi.
708 663 890 731 Atque
930 659 1070 712 adeo
1094 670 1204 708 non
1241 652 1403 706 modo
1431 650 1554 703 aliis
1583 646 1855 740 plurimis,
1882 641 1978 740 sed

392 734 903 817 etiam—Asdrubale
931 745 1245 807 interfecto,
1284 741 1476 811 spoliis
1509 738 1762 809 plurimis
1781 734 1978 804 captis.

393 861 450 909 et
474 847 707 918 captivis
737 839 1002 898 Romanis
1033 838 1179 890 ultra
1213 845 1459 903 quatuor
1489 829 1659 883 millia
1696 827 1749 879 in
1785 824 1981 879 castris

397 939 653 1011 repertis,
687 935 896 990 cladem
926 931 1271 986 Cannensem
1303 924 1523 979 abunde
1556 930 1836 991 pensatam
1860 930 1981 970 esse

398 1008 722 1088 credebant.
748 1028 843 1081 llis
870 1024 1059 1093 gestis,
1095 1020 1280 1073 Livius
1307 1034 1407 1070 suo
1440 1016 1559 1068 loco
1588 1012 1808 1065 mansit.
1840 1008 1982 1062 ΝεΓο

398 1134 557 1179 sexto
587 1124 676 1177 die
714 1122 769 1173 in
805 1118 1058 1185 Apuliam
1100 1126 1378 1169 reversus,
1438 1108 1591 1160 abitu
1645 1119 1747 1158 suo
1807 1102 1873 1156 ad
1929 1100 1982 1153 id

402 1231 576 1286 usque
610 1224 827 1283 tempus
843 1209 1043 1270 celato,
1072 1207 1322 1274 captivos
1352 1199 1637 1271 aliquotin
1670 1206 1849 1252 castra
1880 1194 1985 1249 An-

402 1308 599 1360 nibalis
631 1304 805 1365 misit,
848 1300 944 1370 qui
977 1298 1028 1355 ei
1068 1296 1198 1367 quid
1234 1304 1416 1347 actum
1469 1300 1613 1347 esset
1649 1294 1981 1351 narrarent;

399 1409 456 1455 et
487 1376 654 1469 caput
674 1393 999 1451 Asdruhalis
1027 1392 1081 1445 in
1109 1389 1422 1460 propinquo
1444 1383 1599 1439 cruci
1631 1381 1821 1436 afﬁxit.
1874 1380 1987 1434 An-

400 1493 569 1555 nibal,
616 1490 773 1544 clade
825 1498 882 1542 et
940 1484 1089 1539 crede
1138 1484 1329 1536 fratris
1355 1479 1597 1549 cognita,
1642 1474 1987 1543 Neronisque

398 1583 631 1638 victoris
681 1581 884 1644 reditu,
926 1579 979 1632 in
1022 1591 1220 1647 magno
1249 1575 1401 1627 luctu
1459 1579 1517 1625 et
1561 1582 1798 1623 maerore
1844 1565 1985 1630 fuit;

398 1687 542 1741 saepe
591 1671 661 1726 de
716 1669 942 1725 fortuna
990 1675 1224 1738 questus
1276 1672 1385 1725 est,
1434 1674 1578 1729 stepe
1639 1656 1857 1713 Cannas
1905 1655 1990 1710 in-

399 1764 682 1820 clamavit.
737 1762 920 1832 Atque
970 1760 1029 1815 in
1076 1756 1301 1812 Brutios
1357 1766 1664 1825 regressus,
1703 1749 1774 1803 ibi
1833 1746 1990 1817 quie-

402 1856 503 1911 vit.

2078 553 2138 605 τὸ
2186 550 2494 619 γινόμενον,
2548 549 2608 602 οὐ
2648 548 2833 617 μέντοι
2887 547 3053 612 εὐθὺς
3095 551 3430 620 ἐκινὲιθηςον
3472 552 3561 605 δὰ
3603 557 3674 607 τὸ

2082 644 2293 706 σκότος.
2328 643 2479 712 ’Δμα
2529 640 2576 694 δ’
2603 642 2703 710 ἠοῖ⁶
2743 641 2871 705 τούς
2927 658 2988 694 τε
3042 643 3243 706 ίππέας
3294 645 3673 715 προέπεμψαν

2082 735 2366 801 ἐπιδιῶξαι
2396 734 2614 799 αὐτοὺς,
2646 735 2741 787 καὶ
2780 734 2934 789 αὐτοὶ
2971 736 3207 790 εἵποντο.
3260 737 3368 791 Καὶ
3402 737 3495 792 τοῦ
3535 740 3670 792 Ἀσ-

2080 829 2309 899 δρούϐου
2361 831 2476 891 τοῖς
2530 828 2789 881 ἱππεῦσιν
2849 830 3282 897 ἀντιταξαμένου
3342 832 3419 894 ὡς
3478 833 3675 903 μόνοις

2082 920 2254 984 οὖσιν,
2284 923 2333 974 οί
2366 919 2563 973 ὕπατοι
2613 919 2959 984 ἐπελθόντες,
2991 924 3200 993 τροπὴν
3247 911 3415 977 αὖ·ἶοῦ
3471 928 3673 995 ἐποιή-

2086 1032 2268 1068 σαντο.
2324 1014 2433 1067 Καὶ
2481 1013 2778 1081 φεύγουσιν
2833 1000 3382 1086 ἐπακολουθήσαντες
3437 1017 3676 1082 πολλοὺς

2050 1153 2054 1158 .
2084 1104 2404 1169 ἐφόνευσαν
2442 1105 2537 1156 καὶ
2562 1103 2672 1156 οὐδ’
2700 1103 2750 1155 οἱ
2781 1104 3077 1173 ἐλέφαντες
3112 1102 3296 1171 αὐτοῖς
3331 1107 3677 1178 ἐϐοήθησαν.

2086 1195 2209 1246 Ὀτι
2244 1196 2353 1263 γαρ
2381 1210 2527 1257 τινες
2554 1194 2733 1248 αὐτῶν
2773 1196 3281 1265 τραυματισθέντες
3314 1201 3462 1253 κακὰ
3499 1200 3676 1253 πλείω

2084 1287 2210 1348 τοὺς
2243 1288 2711 1357 ἐπιτεταγμένους
2765 1288 2949 1357 σφίσιν
3002 1290 3173 1360 ἔδρων
3218 1291 3337 1362 ἢοί
3392 1294 3675 1362 πολέμιοι,

2088 1379 2461 1449 παρήγγειλεν
2492 1380 2520 1431 ό
2566 1379 2898 1450 Ἀσδρούϐας
2938 1384 3054 1444 τοῖς
3094 1380 3182 1435 ἐπ’
3212 1382 3392 1436 αὐτῶν
3422 1383 3679 1453 καθημέ-

2087 1488 2225 1534 νοις,
2272 1471 2397 1534 τοὺς
2444 1474 2922 1543 τιτρωσκομένους
2955 1475 3065 1527 τῶν
3098 1473 3305 1542 θηρίων
3353 1478 3677 1547 παραυτίκα

2089 1560 2322 1629 σφάζειν
2348 1576 2362 1590 ·
2415 1562 2588 1632 ῥᾷστα
2617 1562 2672 1617 δέ
2711 1564 2934 1636 σιδηρίῳ
2966 1566 3079 1618 τινὶ
3116 1566 3220 1619 ὑπὸ
3270 1566 3330 1619 τὸ
3359 1562 3451 1630 οὖς
3486 1571 3679 1621 νυττόι-

2092 1670 2246 1723 μενοι
2300 1653 2666 1709 ἐκτιννύοντο.
2703 1657 2811 1710 Kai
2851 1657 3052 1710 ἐκεῖνοι
3088 1658 3189 1729 μὲν
3226 1658 3335 1712 ὑπὸ
3381 1659 3489 1713 τῶν
3520 1662 3680 1731 Καρ-

2091 1747 2373 1817 χηδονίων,
2422 1748 2475 1801 οί
2516 1748 2707 1820 ἄνδρες
2752 1750 2810 1803 δὲ
2855 1750 2961 1803 ὑπὸ
2997 1750 3104 1804 τῶν
3143 1751 3439 1819 Ῥωμαίων
3486 1753 3619 1821 ἐφθε
3651 1781 3676 1795 -

2024 1836 2061 1889 Β
2095 1855 2270 1907 ροντο.
2308 1840 2547 1894 Ἔπεσον
2590 1841 2651 1895 δέ
2695 1842 2967 1909 τοσοῦτοι,
3013 1843 3154 1897 ὥστε
3196 1849 3322 1908 τοὺς
3362 1846 3678 1915 Ῥωμαίου;

398 1949 674 2019 διακορεῖς
708 1945 802 1999 τοῦ
853 1945 1018 2014 φόνου
1069 1941 1396 2010 γενομένους
1451 1936 1525 2006 μὴ
1583 1934 1810 2004 θελῆσαι
1859 1930 1989 1994 τοὺς
2028 1930 2224 1995 ἄλλους
2291 1933 2599 2000 ἐπιδιῶξαι,
2656 1934 2980 2006 φθείραντες
3011 1954 3069 1991 τε
3100 1938 3292 2002 ἄλλους
3321 1939 3550 2002 πολλοὺς
3580 1940 3680 1993 καὶ

401 2043 496 2095 τὸν
540 2037 897 2110 Ἀσδρούϐαν,
938 2039 1032 2089 καὶ
1061 2035 1281 2103 λάφυρα
1334 2028 1562 2083 πλεῐσὲα
1592 2021 1851 2091 λαϐόντες
1888 2026 1984 2079 καὶ
2033 2024 2345 2097 Ῥωμαίους
2414 2028 2800 2101 αἰχμαλώτους
2838 2035 2895 2096 ἐς
2962 2034 3437 2106 τετρακισχιλίους
3487 2037 3546 2089 ἐν
3596 2037 3681 2106 τῷ

407 2130 760 2203 στρατοπέδῳ
796 2128 1073 2197 εὑρόντες,
1108 2125 1308 2189 ἱκανῶς
1337 2124 1435 2193 τὴν
1508 2121 1821 2193 Καννησίδα
1902 2122 2194 2192 συμφορὰν
2223 2125 2605 2195 ,ἀνειληφέναι
2643 2126 2927 2196 ἐνόμισαν.
2998 2127 3366 2199 Πραχθέντων
3440 2129 3500 2183 δὲ
3548 2134 3680 2197 τού.

402 2236 534 2284 των,
572 2219 600 2271 ὁ
631 2217 731 2289 μὲν
757 2216 978 2278 Διούῐος
1007 2215 1152 2268 κατὰ
1185 2213 1369 2284 χώραν
1396 2211 1635 2281 ιμεινεν·
1660 2214 1688 2263 ό
1716 2210 1772 2263 δέ
1798 2207 1989 2278 Νέρων
2017 2208 2234 2273 ἑκταῖος
2298 2213 2381 2274 είς
2413 2211 2512 2283 τὴν
2592 2213 2882 2267 Ἀπουλίαν
2921 2215 3314 2287 ἐπανελήλυθε,
3347 2215 3525 2271 λαθὼν
3578 2222 3683 2291 μέ-

404 2326 498 2382 χρι
520 2310 642 2365 τότε
668 2310 745 2373 ὡς
785 2308 1135 2379 ἀπεδήμησε.
1171 2308 1281 2360 Ka‘t
1312 2305 1423 2359 τῶν
1467 2304 1705 2358 ἁλόντων
1742 2303 1896 2365 τινὰς
1963 2302 2022 2364 ἐς
2060 2301 2122 2355 τὸ
2206 2303 2452 2359 Ἀννίϐου
2485 2306 2853 2376 στρατόπεδον
2899 2306 3137 2377 έπεμψε,
3190 2308 3259 2362 τὰ
3305 2315 3684 2383 πεπραγμένα

403 2397 771 2469 δηλώσοντας,
806 2398 904 2451 καὶ
931 2401 1033 2468 τὴν
1058 2395 1307 2465 κεφαλὴν
1334 2392 1432 2447 τοῦ
1480 2390 1808 2457 Ἀοδρούϐου
1858 2389 2089 2458 πλησίον
2137 2406 2240 2443 που
2289 2393 2699 2455 ἀνεσταύρωσε.
2771 2395 2976 2449 Μαθὼν
3052 2396 3148 2451 νῦν
3211 2399 3420 2462 ἐκεῖνος
3484 2400 3575 2453 τόν
3616 2417 3682 2453 τε

405 2494 640 2564 ἀδελφὺν
681 2493 987 2564 ἡττημένον
1033 2492 1131 2546 καὶ
1158 2491 1484 2562 τεθνηκότα,
1516 2489 1610 2542 καὶ
1673 2486 1767 2540 τὸν
1830 2485 2063 2555 Νέρωνα
2102 2487 2427 2558 νενικηκότα
2460 2490 2551 2543 καὶ
2581 2492 2949 2561 ἐπανήκοντα,
2979 2492 3148 2546 πολλὰ
3208 2494 3305 2563 μὲν
3334 2494 3682 2566 ὠλοφύρατο,

409 2588 672 2651 πολλάκις
703 2588 761 2642 δὲ
792 2591 889 2642 καὶ
919 2589 1020 2659 τὴν
1052 2587 1228 2657 τύχην
1268 2587 1365 2640 καὶ
1406 2586 1504 2649 τὰς
1541 2585 1761 2646 Κάννας
1791 2582 2114 2638 ἁνεκάλεσε.
2145 2586 2259 2638 Καὶ
2326 2587 2384 2647 ἐς
2448 2586 2548 2657 τὴν
2580 2586 2846 2658 Βρεττίαν
2888 2591 3232 2660 ἀνεχώρησε,
3268 2594 3431 2644 κέικεῖ
3492 2591 3688 2662 διῆγεν

412 2677 729 2747 ἡσυχάζων.

478 2768 547 2823 Χ.
589 2770 659 2822 At
702 2767 888 2839 Scipio
940 2767 1220 2838 Hispanias
1268 2780 1507 2837 praeisse
1539 2766 1749 2836 jussus,
1808 2764 1991 2821 donec

411 2859 488 2914 ibi
531 2859 719 2915 omnia
750 2854 1172 2929 composuisset,
1210 2861 1450 2928 primum
1491 2859 1551 2912 in
1581 2857 1822 2913 Africam
1855 2858 1992 2913 dua-

413 2949 517 3005 bus
568 2948 1063 3019 quinqueremibus
1118 2949 1417 3019 navigavit,
1481 2949 1789 3020 eodemquc
1846 2949 1990 3004 forte

411 3041 633 3097 fortuna
696 3040 865 3096 etiam
913 3040 1192 3096 Asdrubal
1243 3039 1504 3111 Gisgonis
1549 3040 1696 3096 ﬁlius
1752 3042 1990 3113 appulit.

410 3137 560 3203 Quos
584 3150 709 3191 cum
732 3133 900 3208 53‘
926 3132 1144 3205 Syphax
1182 3132 1375 3188 ambos
1400 3134 1713 3190 humaniter
1749 3136 1995 3206 accepis-
2026 3168 2068 3223 ο

412 3239 498 3284 set
516 3229 660 3299 (erat
679 3226 829 3283 enim
857 3225 1413 3297 Carthaginiensibus
1437 3225 1647 3282 ftedere
1664 3228 1914 3298 junctus.
1943 3237 2001 3281 et

412 3319 611 3376 Africae
642 3318 788 3389 parti
816 3316 1146 3387 imperabat)
1169 3325 1227 3371 et
1250 3316 1611 3372 reconciliare
1633 3318 1779 3372 inter
1801 3332 1859 3372 se
1883 3327 2002 3372 stu-

413 3410 595 3476 deret,
632 3408 820 3480 Scipio
884 3408 1176 3479 respondit
1226 3407 1336 3462 sibi
1376 3409 1556 3463 nullas
1596 3422 1725 3465 cunt
1787 3408 2001 3464 Asdru-

414 3502 541 3558 bale
575 3502 818 3571 privatas
864 3515 990 3556 esse
1042 3499 1387 3558 inimicitias.
1440 3515 1623 3571 neque
1678 3501 2001 3571 reipublicae

415 3592 641 3648 nomine
676 3591 944 3647 facienda:
977 3590 1132 3661 pacis
1163 3590 1558 3646 auctoritatem
1606 3591 1837 3648 habere.
1888 3592 1999 3645 Rc-

414 3700 612 3743 versus
637 3685 694 3740 in
722 3682 1068 3754 Hispaniam,
1093 3698 1219 3738 cum
1250 3683 1608 3754 llitergitanis
1643 3684 1844 3739 bellum
1874 3700 1999 3754 ges-

416 3778 491 3832 sit
522 3792 537 3830 :
581 3775 729 3846 quod
764 3774 1044 3830 Romanos
1082 3786 1208 3845 post
1237 3775 1557 3846 Scipionum
1597 3777 1802 3831 caedem
1832 3778 1899 3831 ad
1942 3793 2002 3833 se

417 3868 685 3941 profugos
727 3868 1251 3940 Carthaginensibus
1279 3869 1583 3925 dedissent.
1626 3870 1817 3940 Neque
1848 3871 2002 3941 prius

419 3962 614 4015 urbem
644 3962 814 4031 cepit,
836 3976 998 4030 quam
1025 3962 1143 4031 ipse
1172 3960 1374 4016 moenia
1403 3962 1777 4017 conscendere
1808 3977 1999 4028 ausus,

422 4054 740 4111 vulneratus
777 4063 880 4109 est.
912 4053 1118 4109 Milites
1158 4056 1305 4109 enim
1338 4055 1799 4122 verecundantes,
1831 4064 1889 4111 et
1923 4057 2000 4110 illi

418 4155 753 4210 metuentes,
782 4139 1094 4217 promptius
1119 4146 1412 4201 subierunt
1438 4163 1453 4201 :
1475 4159 1532 4201 et
1553 4148 1714 4216 potiti
1746 4148 1999 4208 victoria.

419 4238 741 4293 hominibus
770 4238 1030 4292 ontnibus
1056 4238 1281 4305 occisis,
1311 4246 1480 4293 totam
1515 4241 1705 4294 urbem
1743 4239 2005 4296 incende-

420 4338 572 4386 runt.
607 4329 726 4397 Qua
757 4340 822 4384 re
852 4330 1035 4385 territi
1078 4330 1265 4395 multi,
1298 4330 1447 4386 ultro
1479 4331 1823 4387 deditionem
1858 4331 2006 4387 fece-

421 4431 573 4490 runt,
622 4423 784 4479 multi
827 4423 880 4477 vi
913 4423 1129 4479 subacti
1166 4432 1299 4479 sunt
1322 4404 1359 4479 ἐ
1402 4425 1584 4491 multi,
1620 4439 1747 4481 cum
1785 4424 2007 4481 obside-

2174 2757 2228 2812 I'.
2275 2760 2333 2813 '0
2362 2758 2419 2811 δὲ
2449 2758 2713 2824 Σκιπίων,
2747 2761 2941 2830 μέχρις
2971 2763 3037 2815 ἂν
3060 2768 3240 2816 πάντα
3267 2765 3334 2814 τὰ
3363 2766 3420 2817 ἐν
3451 2767 3514 2835 τῇ
3544 2767 3693 2839 Ἰϐη-

2101 2852 2195 2923 ρίᾳ
2247 2851 2593 2920 καταστήσῃ,
2627 2851 2819 2921 ἄρχειν
2850 2852 2959 2907 τῶν
3005 2854 3123 2907 ἐκεῖ
3154 2856 3525 2927 προσετάχθη.
3574 2860 3690 2913 Καὶ

2101 2942 2321 3013 πρῶτον
2352 2942 2453 3010 μὲν
2479 2943 2538 3005 ἐς
2567 2942 2667 3011 τὴν
2697 2943 2905 3014 Λιϐύην
2927 2944 3037 2998 δύω
3069 2949 3234 3015 πεντὴ
3245 2963 3394 3016 ρεσιν
3428 2948 3689 3017 ἔπλευσε,

2101 3036 2197 3089 καὶ
2244 3036 2274 3089 ό
2303 3025 2399 3088 τοῦ
2454 3034 2730 3104 Γίσγωνος
2773 3036 3107 3107 Ἀσδρούϐας
3154 3042 3273 3093 ἐκεῖ
3322 3044 3462 3095 κατα
3511 3043 3691 3114 τύχην

2101 3129 2253 3199 αὐτῷ
2286 3128 2623 3200 ωγκατῆρε.
2655 3131 3014 3201 Δεξιουμένου
3037 3130 3131 3186 οὖν
3160 3136 3254 3188 καὶ
3280 3135 3445 3206 ἄμφω
3471 3135 3565 3191 τοῦ
3586 3138 3695 3190 Σύ-

2103 3239 2273 3289 φακος
2315 3222 2623 3293 (ἔνσπονδος
2671 3224 2778 3293 γὰρ
2829 3225 2945 3287 τοῖς
2998 3225 3393 3297 Καρχηδονίοις
3442 3228 3687 3298 ἐγένετο,

2106 3314 2315 3384 μέρους
2346 3317 2446 3385 τῆς
2495 3314 2698 3386 Λιϐύης
2731 3315 3054 3386 βασιλεύων)
3088 3318 3182 3371 καὶ
3221 3319 3694 3385 καταλλάσσοντος

2105 3407 2268 3472 σφᾶς,
2297 3405 2326 3457 ό
2356 3404 2599 3458 Σκιπίων
2636 3406 2738 3458 οὐκ
2765 3404 2905 3459 ίδίαν
2937 3406 3142 3477 ἔχθραν
3171 3407 3317 3478 ἔχειν
3348 3405 3524 3476 εἷπεν,
3561 3410 3692 3464 οὔτε

2107 3496 2215 3567 μὴν
2245 3496 2385 3565 ὑπὲρ
2417 3495 2527 3547 τῶν
2555 3496 2751 3547 κοινῶν
2778 3495 3040 3549 δύνασθαι
3070 3496 3195 3550 καθ’
3226 3499 3419 3552 ἐαυτὸν
3450 3501 3697 3554 καταλύ-

2105 3589 2320 3642 σασθαι.
2372 3588 2706 3658 Ἐπανῆλθεν
2764 3585 2858 3641 οὖν
2919 3586 3097 3652 αὖθις,
3155 3593 3251 3644 καὶ
3312 3594 3697 3664 Ίλιτεργίταες

2104 3683 2483 3752 ἐπολέμησεν,
2543 3682 2627 3733 ὅτι
2685 3682 2812 3744 τοὺς
2855 3684 2994 3753 πρὸς
3044 3685 3210 3738 αὑτὸν
3268 3691 3696 3756 καταφυγόντας

2113 3774 2423 3845 Ῥωμαίους
2457 3773 2597 3841 μετὰ
2645 3773 2737 3825 τὸν
2768 3774 2878 3827 τῶν
2919 3775 3240 3831 Σκιπιώνων
3292 3777 3523 3833 θάνατον
3575 3784 3696 3845 τοῖς

2109 3867 2506 3937 Καρχηδονίοις
2549 3864 2844 3933 ἐξέδωκαν.
2894 3868 3005 3922 Καὶ
3048 3870 3110 3921 οὐ
3155 3872 3424 3942 πρότερον
3456 3872 3558 3942 τῆς
3589 3874 3697 3925 πό-

2105 3958 2243 4022 λεως
2275 3958 2454 4011 αὐτῶν
2501 3956 2797 4027 ἐκράτησε,
2848 3964 2975 4029 πρὶν
3016 3960 3179 4022 αὐτὸς
3204 3959 3297 4013 τοῦ
3330 3961 3539 4032 τείχους
3568 3964 3694 4015 ἐπι-

2106 4050 2273 4121 ϐῆναι
2322 4051 2611 4121 ἐτόλμησε,
2659 4055 2752 4104 καὶ
2806 4052 3044 4123 ἐτρώθη.
3101 4053 3453 4118 Αίδεσθὲντες
3486 4057 3595 4124 γὰρ
3639 4057 3697 4109 oi

2109 4143 2464 4213 στρατιῶται,
2497 4144 2592 4196 καὶ
2622 4143 2902 4208 δείσαντες
2937 4146 3067 4215 περὶ
3090 4145 3302 4217 ἐκείνῳ,
3347 4145 3470 4199 τότε
3526 4164 3698 4219 προσ-

2113 4237 2300 4290 ἔϐαλον
2344 4236 2773 4307 προθυμότερον.
2831 4238 2943 4291 Καὶ
2994 4239 3372 4308 κρατήσαντες
3413 4239 3540 4301 τοὺς
3590 4242 3699 4309 μὲν

2112 4330 2435 4400 ἀνθρώπους
2462 4332 2670 4396 πάντας
2711 4328 3068 4395 ἀπέκτειναν,
3100 4331 3198 4402 τὴν
3227 4332 3286 4385 δὲ
3325 4332 3478 4385 πόλιν
3530 4334 3702 4385 κατέ-

2114 4439 2334 4492 πρησαν
2384 4421 2623 4476 ἃπασαν.
2677 4423 2789 4475 Καὶ
2836 4422 2915 4492 τῷ
2951 4423 3103 4494 φόϐῳ
3150 4423 3325 4495 τούτῳ
3354 4423 3542 4477 πολλοὶ
3594 4425 3700 4494 μὲν

422 4523 639 4581 rentur,
678 4514 846 4569 urbes
873 4524 1217 4579 cremarunt,
1241 4515 1571 4585 semetipsos
1604 4524 1662 4571 et
1690 4530 1824 4572 suos
1842 4517 1999 4588 jugu-

2113 4514 2331 4577 ἑκόντες
2363 4513 2514 4585 αύτῷ
2542 4514 3006 4585 προσεχώρησαν,
3062 4514 3248 4569 πολλοὶ
3273 4516 3332 4569 δὲ
3360 4518 3455 4569 καὶ
3478 4517 3573 4588 βίᾳ
3604 4534 3702 4569 κε-

420 4608 628 4662 larunt.
652 4604 883 4660 Maxima
910 4613 1068 4674 parte
1093 4604 1368 4677 Hispania!
1396 4607 1648 4674 subacta,
1674 4606 1858 4678 Scipio
1876 4607 2010 4663 Car-

426 4699 711 4768 thaginem
742 4697 931 4760 rediit,
969 4680 1064 4752 ubi
1099 4698 1155 4752 in
1210 4701 1478 4755 honorem
1510 4700 1688 4770 patris
1733 4708 1791 4754 et
1820 4700 2005 4767 patrui

420 4790 690 4846 funebres
723 4788 888 4844 ludos
921 4790 976 4843 in
1004 4790 1177 4845 armis
1202 4791 1380 4847 edidit
1413 4808 1428 4845 :
1460 4791 1517 4846 in
1555 4792 1779 4862 quibus,
1810 4801 2011 4862 praeter

423 4883 583 4945 alios,
604 4881 716 4936 duo
738 4881 956 4947 fratres,
986 4883 1055 4937 de
1075 4897 1245 4952 regno
1273 4883 1421 4938 inter
1438 4897 1562 4939 sese
1586 4884 2007 4948 contendentes,

425 4974 814 5047 pacificatione
867 4974 1070 5029 frustra
1104 4992 1134 5029 a
1178 4975 1439 5045 Scipione
1475 4984 1705 5043 tentata,
1752 4975 2008 5032 decerta-

426 5080 556 5125 runt
582 5086 596 5124 :
635 5078 691 5124 et
719 5069 892 5140 major
921 5079 1053 5124 natu
1084 5069 1379 5133 minorem,
1400 5069 1528 5126 licet
1561 5069 1902 5135 validiorem,
1930 5069 2012 5123 iu-

428 5163 670 5220 terfecit.
732 5164 925 5218 Postea
969 5162 1228 5230 Scipione
1275 5169 1594 5231 aegrotante,
1654 5160 1882 5230 Hispani
1925 5175 2013 5214 res

424 5272 600 5312 novas
632 5258 809 5313 moliti
840 5263 991 5313 sunt.
1042 5256 1177 5310 Nam
1231 5255 1511 5308 exercitus
1566 5254 1862 5324 Scipionis,
1913 5256 2008 5323 qui

425 5350 574 5405 circa
605 5349 946 5405 Soncronem
968 5347 1317 5411 hibernabat,
1343 5361 1402 5401 se
1434 5348 1754 5401 commovit.
1791 5348 1859 5402 Et
1884 5362 2010 5403 cum

432 5440 591 5511 prius
624 5440 792 5495 etiam
823 5454 1019 5510 parum
1050 5439 1197 5493 dicto
1235 5439 1469 5495 audiens
1499 5450 1665 5503 esset,
1692 5455 1793 5495 nec
1828 5449 2009 5494 tamen

427 5532 795 5588 defectionem
824 5531 986 5600 plane
1010 5544 1123 5599 prae
1153 5544 1212 5585 se
1233 5529 1427 5594 ferret,
1479 5545 1594 5585 tum
1626 5532 1845 5601 cognito
1868 5547 2015 5585 mor-

429 5622 503 5677 bo
530 5622 832 5693 Scipionis,
864 5622 1034 5678 dilata
1078 5623 1245 5677 etiam
1276 5623 1679 5692 stipendiorum
1715 5624 2013 5690 solutione,

434 5727 627 5784 aperte
657 5714 879 5782 defecit,
961 5714 1248 5785 pulsésque
1292 5716 1552 5781 tribunis,
1605 5717 1708 5771 sibi
1759 5718 2016 5771 consules

433 5806 619 5876 elegit.
649 5807 894 5863 Fuerunt
926 5816 1112 5862 autent
1145 5810 1371 5867 circiter
1414 5826 1513 5867 vin
1558 5810 1754 5865 millia.
1788 5807 1908 5875 Qua
1943 5808 2014 5864 de

2109 4607 2379 4678 χείρωντο
2405 4619 2421 4636 ⁸
2470 4605 2617 4670 τινὲς
2648 4604 2706 4658 δὲ
2755 4605 3208 4677 πολιορκούμενοι
3268 4607 3370 4673 τάς
3400 4624 3459 4661 τε
3510 4608 3702 4672 πόλεις

2113 4698 2325 4751 ἑαυτῶν
2360 4697 2568 4765 ἔκαιον,
2604 4699 2701 4753 καὶ
2745 4700 2875 4762 τοὺς
2918 4700 3157 4762 οἰκείους
3205 4700 3487 4768 ἐφόνευον,
3520 4700 3612 4751 ἐπὶ
3642 4699 3703 4752 δὲ

2112 4791 2324 4854 τούτοις
2357 4791 2450 4846 καὶ
2479 4791 2726 4855 ἑαυτούς.
2755 4791 2837 4846 Τὰ
2881 4792 3054 4846 πλείω
3087 4793 3144 4845 δὲ
3174 4792 3704 4863 καταστρεψάμενος

2112 4885 2140 4935 ὁ
2190 4882 2454 4949 Σκιπίων,
2504 4884 2586 4947 είς
2637 4885 2967 4956 Καρχηδόνα
3003 4885 3314 4951 ἀνέζευξεν,
3352 4886 3481 4939 ἔνθα
3516 4886 3594 4956 τῷ
3640 4903 3703 4940 τε

2115 4978 2287 5044 πατρὶ
2340 4979 2436 5031 καὶ
2485 4976 2564 5046 τῷ
2593 4977 2722 5048 θείῳ
2749 4976 3071 5048 ἐπιταφίους
3105 4979 3324 5047 ἀγῶνας
3357 4979 3706 5048 ὁπλομαχίας

2114 5068 2288 5120 ἔθετο.
2322 5068 2453 5120 Ὅτε
2508 5067 2695 5121 πολλοὶ
2728 5068 2827 5139 μὲν
2854 5069 2951 5122 καὶ
2978 5070 3154 5139 ἕτεροι
3181 5070 3543 5138 ἠγωνίσαντο,
3604 5070 3705 5121 καὶ

2115 5163 2335 5233 ἀδελφοὶ
2357 5164 2414 5218 δέ
2451 5165 2563 5218 δύω
2598 5168 2729 5235 περὶ
2764 5163 3047 5233 βασιλείας
3076 5165 3486 5236 διαφερόμενοι,
3519 5164 3701 5217 καίτοι

2116 5254 2209 5305 τοῦ
2268 5253 2572 5317 Σκιπίωνος
2628 5254 2952 5319 συναλλάξαι
3005 5256 3204 5319 αὐτοὺς
3272 5255 3701 5317 σπουδάσαντος·

2116 5347 2212 5399 καὶ
2237 5348 2263 5399 ὁ
2293 5344 2663 5416 πρεσϐύτερος
2692 5346 2782 5399 τὸν
2815 5347 3105 5415 νεώτερον,
3136 5347 3317 5401 καίτοι
3351 5347 3704 5418 ἰσχυρότερον

2116 5442 2266 5504 ὄντα,
2300 5440 2646 5493 ἀπέκτεινεν.
2686 5439 3041 5513 Ἠῥρώστησε
3080 5442 3135 5496 δὲ
3187 5444 3483 5513 μετέπειτα
3514 5445 3541 5496 ό
3574 5443 3706 5495 Σκιο

2118 5533 2278 5597 τίων,
2317 5533 2429 5586 κάν
2466 5531 2642 5603 τούτῳ
2680 5533 3041 5604 ἐνεωτέρισαν
3100 5536 3339 5607 Ἴϐηρες.
3380 5536 3707 5606 Στράτευμα

2118 5626 2226 5694 γὰρ
2258 5622 2352 5675 τοῦ
2387 5623 2689 5688 Σκιπίωνος
2722 5629 2849 5695 περὶ
2882 5627 3182 5696 Σογκρῶνα
3214 5628 3480 5699 χειμάζαν
3512 5630 3706 5699 ὲκινήο

2120 5718 2209 5787 οη.
2249 5719 2358 5771 Καὶ
2406 5718 2600 5790 πρώην
2650 5719 2752 5772 οὐκ
2785 5722 3032 5785 εὐπειθὲς
3067 5721 3147 5786 δν,
3199 5723 3259 5775 ού
3319 5723 3427 5792 μὴν
3462 5723 3706 5791 φανερὰν

2121 5810 2457 5866 ἀποστασίαν
2505 5809 2943 5882 ἐπιδειξάμενον,
3000 5816 3122 5866 τότε
3158 5814 3202 5868 δ’
3234 5812 3558 5884 αἰσθόμενον
3616 5812 3709 5865 τὸν
