4024 6396
323 356 425 440 7n

1595 356 2008 418 ANNALIUM
2046 358 2195 417 LIB.
2238 357 2343 419 IX.

3493 360 3599 425 739

321 467 604 524 Σκιπίωνα
657 465 961 537 κάμνοντα,
1024 463 1147 516 ἐπεὶ
1190 463 1284 517 καὶ
1316 465 1349 535 η
1388 465 1694 538 μ·σθο;ρορὰ
1728 468 1916 531 αὐτοῖς

2022 480 2181 521 causa
2246 467 2471 538 IIispani
2516 468 2682 524 etiam
2733 469 2797 524 ad
2835 469 3195 528 descrendam
3248 472 3411 529 fidem
3471 467 3598 528 [σου

321 560 652 634 ἐϐραδύνθη,
690 557 998 626 ἀναφανδὸν
1026 557 1377 627 άπέστησανυ
1409 560 1656 623 καὶτοὺς
1695 558 1912 630 χιλιάρ-

323 672 452 726 χους
499 655 651 722 σφῶν
713 650 1083 712 ἀπελάσαντες
1131 650 1373 713 ὑπάτους
1415 652 1627 714 ἑαυτοῖς
1668 668 1917 721 κεχειρο-

324 750 623 815 τονήκασιν
652 761 665 774 ·
699 739 843 813 ἦσαν
888 742 944 795 δὲ
997 741 1071 804 ὡς
1106 741 1523 812 ὀκτακισχίλιοι.
1562 743 1787 807 Γνόντες
1820 741 1914 796 οὖν

326 838 500 891 ταῦτα
548 839 596 890 οἱ
661 838 905 905 Ἴϐηρες,
964 835 1265 901 ἁφίσςαντο
1323 836 1768 906 προχειρότερον,
1819 836 1915 888 καὶ

328 928 426 999 τὴν
456 926 773 995 συμμαχίδα
802 926 910 975 τῶν
956 922 1246 991 Ῥωμαίων
1284 922 1522 976 ἐκάκουν
1560 942 1571 952 ’
1604 926 1697 975 καὶ
1732 926 1760 977 ό
1789 924 1911 977 Μά-

332 1037 350 1080 ῖ
368 1034 464 1078 ων,
491 1015 735 1068 ἐκλιπεῖν
756 1014 855 1084 ἥδη
881 1014 946 1065 τά
967 1013 1197 1082 Γάδειρα
1213 1012 1518 1081 βουληθείς,
1541 1011 1652 1065 οὔτ’
1674 1011 1912 1077 ἐξέλιπε,

330 1108 424 1159 καὶ
471 1109 548 1168 εἰς
597 1106 695 1175 τὴν
731 1106 961 1176 ἡπειρον
1007 1103 1303 1156 διαϐαίνων
1335 1102 1508 1156 πολλὰ
1556 1103 1911 1175 ἐκακούργει.

331 1194 534 1249 Μαθὼν
565 1195 620 1247 δὲ
661 1194 818 1248 ταῦθ’
845 1197 873 1247 ό
908 1194 1173 1257 Σκιπίων,
1216 1192 1443 1262 πέμψας
1484 1194 1621 1264 πρδς
1670 1194 1731 1245 τὸ
1778 1195 1914 1245 ἁπο-

333 1288 606 1357 στατῆσαν
629 1287 1016 1357 στρατόπεδον,
1067 1286 1382 1337 ἐπέστειλεν
1431 1287 1617 1347 αὐτοῖς
1666 1300 1915 1354 συγγνω-

333 1384 509 1452 μῼνὼν
535 1380 695 1451 δῆθεν
725 1381 808 1432 ὅτι
836 1379 924 1431 διὰ
960 1378 1167 1430 ἔκδειαν
1193 1379 1302 1428 τῶν
1336 1375 1658 1445 ἀναγκαίων
1689 1377 1915 1431 ἐνεωτέ-

334 1486 512 1541 ρισαν,
564 1471 660 1521 καὶ
718 1467 886 1537 μηδὲν
937 1464 1276 1518 ὑποπτεῦσαι
1341 1464 1431 1517 διὰ
1504 1464 1664 1517 τοῦτο
1718 1462 1911 1528 ἀξιῶν,

331 1561 571 1615 ἐπαινῶν
605 1560 662 1613 δὲ
708 1559 802 1611 καὶ
834 1559 961 1620 τοὺς
994 1556 1093 1626 τὴν
1122 1556 1298 1628 ἀρχὴν
1346 1557 1527 1609 αὐτῶν
1577 1555 1916 1627 ἀναδεξαμέ-

331 1671 481 1718 νους,
524 1650 611 1704 ἵνα
638 1650 805 1729 μηδὲν
857 1647 1098 1719 δεινδνῆ
1152 1649 1399 1703 πάθωσιν
1447 1648 1480 1717 ἦ
1528 1648 1771 1717 δράσωσι
1825 1647 1915 1729 atq;

332 1744 622 1815 ἀναρχίαν.
671 1726 911 1795 Τοιαῦτα
962 1740 1055 1794 τοῦ
1107 1741 1411 1804 Σκιπίωνος
1467 1739 1806 1812 γράψαντος,
1864 1726 1914 1792 οῖ

2018 557 2404 625 promptiores,
2443 560 2621 614 socias
2654 560 2903 615 civitates
2955 562 3269 617 alilixeruut
3303 580 3317 616 :
3361 574 3416 617 et
3444 563 3600 633 Mago

2015 649 2194 703 Gades
2217 649 2439 719 jamjam
2474 650 2794 717 relicturus,
2844 669 3021 722 neque
3058 655 3304 723 reliquit,
3337 663 3392 707 et
3427 657 3604 708 medi-

2016 738 2549 796 terraneisuiultum
2607 743 2921 797 detrimenti
2980 745 3186 799 attulit.
3243 745 3364 811 Quo
3416 746 3601 813 Scipio

2015 833 2322 898 intellecto,
2369 834 2639 887 exercitui
2678 850 2774 903 per
2808 835 3023 889 litteras
3053 836 3272 890 veniam
3323 838 3600 906 promisit,

2016 923 2165 993 quod
2206 939 2391 977 rerum
2462 926 2890 979 necessariarum
2924 927 3155 995 penuria
3189 931 3387 989 coacti,
3434 931 3602 984 rebus

2016 1015 2177 1069 novis
2220 1013 2568 1068 studuissent
2597 1030 2610 1067 :
2646 1026 2860 1084 petens,
2898 1032 2967 1069 ne
3001 1017 3134 1085 quid
3162 1032 3228 1071 ex
3261 1034 3328 1074 eo
3356 1019 3481 1072 mali
3511 1036 3603 1072 su-

2015 1107 2405 1175 spicarentur:
2441 1107 2766 1162 collaudatis
2822 1107 2892 1163 iis
2959 1110 3057 1178 qui
3096 1111 3476 1180 magistratum
3500 1127 3598 1165 eo-

2015 1215 2137 1252 rutn
2169 1202 2495 1269 gessissent,
2535 1216 2603 1254 ne
2636 1202 2753 1254 sine
2788 1201 3021 1270 imperio
3053 1205 3278 1273 gravius
3294 1202 3501 1273 aliquid
3520 1204 3605 1257 vel

2017 1291 2393 1359 designarent,
2426 1292 2511 1346 vel
2543 1300 2987 1361 perpeterentur.
3020 1295 3151 1349 Post
3195 1297 3292 1349 has
3322 1296 3603 1364 Scipionis

2016 1384 2259 1449 litteras,
2292 1384 2414 1455 ejus
2461 1384 2846 1439 incolumitate
2876 1395 2932 1441 et
2961 1387 3332 1455 placabilitate
3361 1390 3600 1457 cuguita,

2014 1477 2156 1531 nihil
2183 1477 2419 1545 amplius
2440 1488 2879 1532 commoverunt.
2905 1478 3008 1534 Ubi
3036 1495 3166 1534 vero
3196 1481 3498 1545 convaluit,
3530 1495 3602 1533 ne

2014 1577 2131 1623 tum
2163 1568 2327 1641 435
2357 1569 2583 1639 quidem
2630 1571 2886 1640 asperius
2936 1572 3018 1627 eis
3058 1580 3144 1627 est
3175 1572 3545 1627 comminatus
3583 1587 3601 1625 :

2013 1660 2404 1731 frumentoque
2449 1661 2746 1731 promisso,
2782 1676 2975 1717 omnes
3004 1662 3072 1717 ad
3101 1679 3161 1719 se
3187 1663 3375 1719 venire
3409 1662 3599 1734 jussit,

2016 1753 2134 1808 sive
2159 1752 2405 1823 singulos
2429 1768 2529 1824 per
2553 1753 2723 1817 vices,
2744 1755 2858 1809 sive
2884 1755 3174 1810 universos
3201 1756 3384 1817 simul,
3411 1764 3599 1809 utrum

332 1834 666 1904 στρατιῶται
701 1832 962 1903 μαθόντες
996 1834 1076 1885 ὅτι
1111 1832 1328 1902 περιείη
1373 1832 1468 1885 καὶ
1502 1832 1610 1884 οὐδ’
1643 1832 1917 1902 ὀργίζοιτο

2022 1845 2121 1915 ipsi
2153 1846 2403 1901 mallent.
2436 1845 2636 1901 Milites
2673 1862 2805 1901 vero
2832 1847 3146 1917 singulatim
3179 1863 3237 1902 se
3270 1849 3321 1902 ei
3364 1847 3593 1903 credere

333 1930 538 1998 σφίσιν,
588 1927 741 1979 οὐδὲν
793 1926 873 1979 ἐτι
920 1926 1259 1996 διεκίνησαν.
1335 1925 1424 1989 Ὠς
1478 1924 1526 1979 δ’
1567 1925 1911 1995 ἀνερῤώσθη,

330 2024 505 2093 τραχὺ
562 2022 660 2091 μὲν
698 2020 815 2072 οὐδὲ
871 2020 995 2071 τότε
1035 2018 1219 2081 αὐτοῖς
1259 2018 1629 2089 ἐπηπείλησε·
1689 2017 1915 2088 πέμψας

331 2114 389 2167 δὲ
416 2115 515 2182 τήν
544 2129 601 2164 τε
629 2112 839 2183 τροφὴν
869 2111 1178 2166 ἀποδώσειν
1214 2112 1508 2181 ὑπέσχετο.
1545 2112 1655 2164 Ka't
1707 2113 1914 2173 πάντας

335 2202 473 2270 πρὸς
497 2198 662 2253 αὑτὸν
694 2199 989 2268 ἀσικέσθαι
1022 2199 1287 2254 ἐκάλεσεν
1313 2200 1389 2263 ώς
1421 2199 1488 2253 ἂν
1520 2199 1841 2271 βούλωνται,
1879 2200 1912 2272 ἢ

334 2293 524 2363 ἁθρόοι
549 2294 582 2364 ἥ
621 2295 680 2346 ἐν
713 2293 872 2364 μέρει
901 2292 1043 2346 κατὰ
1068 2292 1339 2363 διαδοχάς.
1364 2293 1429 2346 Οῖ
1457 2292 1515 2345 δέ
1551 2308 1616 2362 γε
1648 2292 1918 2363 στρατιῶο

335 2409 425 2443 ται
474 2390 597 2444 κατ’
625 2390 841 2459 ὀλίγους
899 2389 1155 2444 ἀπελθεῖν
1210 2391 1329 2443 οὐκ
1369 2389 1720 2460 ἐθάρσησαν,
1775 2389 1913 2460 ὁμοῦ

335 2483 380 2536 δ’
414 2482 675 2553 ἀπῆλθον.
721 2482 830 2536 Καὶ
878 2484 907 2536 ὁ
933 2482 1178 2537 Σκιπίων
1221 2482 1327 2549 ἔξω
1349 2482 1445 2535 τοῦ
1469 2483 1684 2553 τείχους
1720 2483 1917 2547 αὐτοὺς

338 2575 662 2629 αὐλίσασθαι
711 2577 873 2647 (πρὸς
919 2574 1160 2646 ἑσπέραν
1188 2575 1294 2646 γὰρ
1347 2572 1433 2647 ἦν)
1484 2575 1789 2640 διετάξατο,
1823 2576 1917 2628 καὶ

340 2671 614 2739 παρέσχεν
647 2670 831 2732 αὐτοῖς
856 2668 1107 2737 ἀφθόνως
1140 2668 1210 2721 τὰ
1250 2669 1553 2740 ἐπιτήδεια.
1599 2670 1708 2721 Καὶ
1734 2670 1784 2722 οἱ
1816 2669 1917 2739 μὲν

338 2762 860 2834 ἐστρατοπεδεύοντο
886 2779 899 2795 ·
935 2763 1097 2826 αὐτὸς
1131 2762 1188 2816 δὲ
1244 2764 1371 2826 τοὺς
1404 2762 1781 2834 θρασυτέρους
1820 2767 1919 2818 αύ-

336 2858 447 2911 τῶν
491 2860 571 2921 είς
615 2858 714 2927 τὴν
758 2858 912 2910 πόλιν
956 2857 1219 2910 εἰσελθεῖν
1265 2857 1661 2923 κατεσκεύασε,
1693 2859 1918 2929 καὶτῆς

338 2950 533 3014 νυκτὸς
568 2950 768 3014 αὐτοὺς
800 2949 1090 3021 κατασχὼν
1117 2950 1296 3020 ἔδησε.
1335 2951 1490 3020 Ἀμα
1535 2951 1579 3002 δ’
1606 2951 1811 3021 ἡμέρῃ,
1843 2951 1918 3013 ὡς

339 3043 449 3111 ἔξω
510 3059 614 3096 που
669 3044 1039 3113 στρατεύσων,
1092 3044 1270 3097 πάντα
1322 3043 1413 3097 τὸν
1464 3043 1631 3097 αὐτοῦ
1691 3046 1921 3116 στρατὸν

340 3136 782 3207 προεξέπεμψεν.
833 3132 967 3189 Εἶτα
1011 3137 1136 3198 τοὺς
1178 3137 1303 3206 ἄρτι
1352 3136 1605 3199 ἐλθόντας
1656 3137 1789 3189 εἴσω
1825 3135 1919 3188 τοῦ

339 3231 557 3300 τείχους
587 3233 717 3285 ἄνευ
751 3230 863 3283 τῶν
891 3228 1072 3283 ὅπλων
1097 3230 1379 3294 ἐκάλεσεν,
1410 3229 1476 3283 ἵν’
1506 3229 1652 3298 σὺτῴ
1686 3247 1921 3300 cus-:9;-

340 3321 666 3385 τεύσωνται,
687 3319 944 3382 λαϐόντες
972 3320 1032 3371 τὸ
1060 3319 1389 3390 σιτηρέσιον.
1412 3322 1521 3373 Καὶ
1547 3320 1723 3383 οὕτως
1747 3321 1919 3373 εἰσελ-

342 3412 542 3465 θόντων
567 3412 769 3476 αὐτῶν,
818 3413 1060 3483 ἐσήμηνε
1114 3414 1227 3473 τοῖς
1255 3412 1701 3482 ἐκκεχωρηκόσιν
1734 3410 1921 3480 ὥσπερ

342 3498 489 3574 εἶχον
522 3502 861 3555 ἐπανελθεῖν.
895 3503 1004 3554 Καὶ
1052 3498 1327 3571 περισχὼν
1360 3500 1579 3564 αὐτοὺς,
1619 3499 1792 3552 πολλὰ
1827 3502 1923 3552 καὶ

344 3596 584 3649 ὠνείδισε
611 3597 705 3648 καὶ
733 3594 1018 3666 ἠπείλησε.
1042 3595 1149 3646 Και
1175 3596 1344 3659 τέλος,
1379 3592 1608 3659 Πάντες
1631 3592 1770 3661 μὲν,
1792 3595 1920 3663 ἔφη,

344 3688 548 3747 θανεῖν
591 3688 734 3741 ἐστε
762 3686 940 3751 ἄξιοι,
973 3688 1043 3741 οὺ
1068 3685 1275 3754 μέντοι
1323 3684 1554 3749 πάντας
1599 3684 1925 3740 θιινστώσω

344 3784 549 3849 αὐτὸς,
606 3782 745 3838 ἀλλ’
773 3782 1018 3850 ὀλίγους
1075 3779 1183 3845 οὓς
1231 3779 1330 3832 καί
1380 3777 1503 3845 ’ἤδη
1557 3780 1923 3845 συνείληφα,

346 3872 662 3939 δικαιώσω,
705 3871 846 3937 τοὺς
876 3871 945 3924 δὲ
997 3870 1231 3935 ἄλλους
1257 3869 1495 3936 ἀφίημι.
1530 3867 1715 3920 Ταῦτα
1755 3864 1926 3919 εἰπὼν

347 3970 427 4032 είς
457 3970 515 4021 τὸ
548 3970 714 4036 μέσον
740 3969 863 4026 τοὺς
906 3964 1222 4032 δεδεμένους
1255 3963 1572 4031 παρήγαγε,
1628 3964 1722 4013 καὶ
1756 3976 1926 4012 σταυ-

351 4064 463 4131 ροῖς
499 4059 813 4131 προσδήσας
856 4058 950 4111 καὶ
982 4054 1337 4124 αἰκισάμενος
1362 4054 1708 4107 ἀπέκτεινεν.
1753 4051 1842 4115 Ὠς
1869 4052 1928 4106 δέ

349 4169 495 4215 τινες
527 4152 637 4205 τῶν
672 4149 1101 4219 παρεστηκότων
1128 4148 1616 4217 ἀγανακτήσαντες
1651 4144 1924 4215 ἐθορύϐη-

355 4259 475 4306 σαν,
508 4239 735 4310 συχνοὺ,
764 4255 855 4291 και.
891 4237 1119 4290 ἐκείνων
1154 4236 1419 4289 ἐκόλασεν
1438 4237 1547 4288 Καὶ
1588 4237 1731 4303 μετὰ
1769 4234 1929 4289 τοῦτο

352 4336 451 4404 τὴν
489 4330 824 4404 μισθοφορὰν
855 4332 969 4391 τοῖς
1010 4328 1192 4391 ἄλλοις
1239 4327 1383 4393 δοὺς,
1441 4329 1536 4380 ἐπὶ
1576 4328 1670 4381 τὸν
1726 4327 1930 4381 Ἰνδίϐι-

353 4427 441 4480 λιν
474 4425 585 4497 ('59)
618 4427 714 4479 καὶ
741 4426 834 4477 ἐπὶ
862 4423 953 4476 τὸν
975 4420 1277 4477 Μανδόνιον
1307 4421 1663 4491 ἐστράτευσε.
1694 4420 1805 4474 Καὶ
1852 4419 1929 4492 μὴ

2018 1953 2129 1991 non
2161 1937 2303 2003 ausi,
2331 1951 2525 1992 omnes
2557 1953 2665 1991 una
2687 1947 2979 1994 venerunt.
3008 1937 3157 2006 Quos
3186 1938 3370 2008 Scipio
3393 1940 3600 2009 (serum

2017 2032 2167 2084 enim
2203 2030 2344 2101 erat)
2380 2040 2536 2086 extra
2567 2031 2771 2087 muenia
2813 2046 3037 2087 manch
3065 2030 3254 2102 jussit,
3288 2038 3603 2085 commeatu

2017 2121 2243 2179 abunde
2277 2121 2631 2192 suppeditato
2678 2138 2693 2175 :
2725 2123 3071 2193 curavitque,
3099 2131 3161 2176 ut
3189 2137 3384 2177 eorum
3433 2120 3605 2175 auda-

2019 2216 2226 2272 cissimi
2274 2217 2331 2271 iu
2365 2216 2561 2271 urbem
2604 2216 2883 2282 venirent,
2913 2231 3117 2287 eosque
3152 2225 3320 2269 noctu
3352 2229 3607 2282 compre-

2018 2309 2223 2364 hensos
2243 2308 2440 2363 vinxit.
2473 2306 2579 2363 Ubi
2614 2308 2837 2373 diluxit,
2884 2324 3103 2364 omnem
3130 2309 3455 2373 exercitum,
3487 2316 3607 2360 tan-

2019 2417 2185 2471 quam
2221 2401 2574 2470 expeditione
2607 2400 2884 2462 instituta.
2917 2402 3205 2472 praemisit.
3242 2400 3450 2455 Deinde
3498 2398 3603 2453 mi—

2018 2494 2165 2558 lites,
2195 2493 2291 2563 qui
2329 2507 2522 2548 recens
2547 2502 2836 2558 venerant,
2875 2494 3117 2547 inermes
3138 2493 3191 2546 in
3220 2493 3413 2546 urbem
3442 2490 3512 2545 ad
3544 2504 3602 2544 se

2020 2586 2261 2651 vocavit,
2290 2594 2352 2639 ut
2376 2585 2619 2655 acceptis
2651 2585 2943 2655 stipendiis
2979 2601 3085 2639 una
3119 2585 3441 2639 militarent.
3471 2581 3605 2649 Qui-

2024 2678 2132 2732 bus
2193 2676 2265 2731 ita
2306 2678 2595 2747 ingressis,
2642 2678 2710 2732 iis
2752 2678 2845 2747 qui
2879 2677 3131 2733 exierant
3158 2675 3507 2746 signiﬁcavit,
3541 2682 3605 2728 ut

2021 2770 2285 2840 evestigio
2310 2768 2572 2824 redirent.
2599 2769 2676 2823 Ita
2699 2769 2977 2824 seditiosis
2996 2769 3408 2833 circumventis,
3436 2767 3606 2822 multa

2024 2861 2400 2930 eitprobravil,
2428 2861 2596 2916 multa
2619 2862 2861 2916 minatus
2881 2870 2986 2915 est.
3017 2862 3261 2931 Denique
3285 2861 3423 2915 dixit
3449 2877 3464 2914 :
3498 2859 3606 2915 Eos

2026 2970 2205 3007 omnes
2240 2955 2455 3006 exitium
2491 2968 2600 3006 esse
2636 2955 2847 3007 meritos
2885 2969 2903 3007 :
2938 2954 3031 3007 sed
3058 2969 3113 3007 se
3143 2955 3205 3006 de
3240 2954 3424 3022 paucis
3473 2953 3609 3005 dun-

2028 3054 2200 3110 taxat,
2234 3061 2363 3115 quos
2379 3046 2499 3114 jam
2529 3045 3019 3114 comprehendisset,
3044 3062 3221 3112 poenas
3250 3053 3607 3113 sumpturum,

1948 3172 1990 3229 ϐ
2031 3133 2286 3189 absolutis
2319 3133 2553 3204 reliquis.
2597 3132 2722 3187 Haec
2750 3132 2989 3197 locutus,
3032 3134 3245 3188 vinctos
3272 3135 3325 3187 in
3359 3135 3602 3189 medium

2027 3228 2322 3299 produxit:
2360 3236 2416 3281 et
2440 3226 2579 3296 palis
2609 3225 2880 3294 alligatos,
2912 3241 3009 3295 per
3031 3226 3336 3279 cruciatum
3368 3227 3604 3279 necavit.

2028 3323 2093 3378 Ut
2126 3336 2260 3375 vero
2290 3319 2511 3390 quidaut
2544 3334 2611 3373 ex
2641 3317 2948 3371 astantibus
2996 3316 3266 3387 indignati
3302 3331 3367 3370 ac
3408 3318 3610 3369 tumul-

2027 3412 2164 3465 tuati
2189 3419 2339 3475 sunt,
2371 3423 2568 3465 eorum
2607 3424 2828 3479 quoque
2852 3408 3163 3477 complures
3203 3407 3491 3477 suppliciis
3522 3406 3604 3459 af—

2025 3504 2174 3558 fecit.
2222 3502 2418 3556 Postea
2457 3501 2732 3570 stipendio
2767 3499 2996 3569 reliquis
3043 3498 3193 3561 dato,
3234 3513 3425 3554 contra
3461 3498 3610 3552 Indi-

2030 3596 2178 3650 bilim
2204 3593 2632 3648 etMaudonium
2664 3602 2751 3647 est
2781 3591 3099 3661 profectus:
3133 3606 3341 3661 eosque
3371 3606 3609 3663 pugnaui

2028 3689 2406 3743 detrectantes
2452 3700 2766 3756 aggressus,
2803 3687 3108 3756 superavit.
3149 3685 3250 3753 Qui
3284 3701 3410 3739 cum
3458 3684 3614 3738 dedi-

2031 3779 2237 3835 tionem
2269 3778 2554 3843 fecissent,
2589 3778 2764 3847 major
2785 3775 3061 3847 Hispania:
3092 3792 3220 3847 pars
3245 3787 3330 3831 est
3356 3776 3608 3839 subacta,

2028 3883 2083 3925 ct
2113 3871 2265 3940 Mago
2287 3868 2532 3925 Gadibus
2566 3869 2845 3934 discessit,
2870 3880 2928 3925 et
2947 3870 3230 3924 Masinissa
3256 3885 3382 3923 cum
3414 3870 3612 3923 Itoma-

2029 3964 2114 4017 nis
2142 3979 2198 4016 se
2223 3962 2528 4033 conjunxit.
2560 3962 2694 4016 Nam
2737 3962 3218 4032 Carthaginienses
3247 3969 3371 4030 post
3403 3960 3479 4014 As
3502 3965 3614 4014 iru-

2030 4057 2169 4111 balis
2223 4055 2409 4109 fratris
2457 4055 2745 4109 Annibalis
2792 4054 3025 4120 caedem,
3092 4054 3410 4123 Hispaniam
3455 4053 3614 4107 dese—

2032 4148 2254 4202 rendam
2288 4162 2412 4202 esse
2465 4146 2856 4210 decreverunt,
2902 4156 2959 4201 et
3010 4145 3220 4201 Italiam
3274 4161 3615 4215 recuperan-

2031 4238 2156 4292 dam
2188 4256 2202 4292 :
2247 4237 2463 4309 Magoni
2495 4238 2731 4309 pecunia
2760 4238 2950 4305 missa,
2986 4246 3048 4293 ut
3072 4239 3359 4293 conductis
3389 4241 3611 4293 auxiliis

2029 4347 2150 4386 eam
2194 4330 2505 4385 invaderet.
2546 4330 2598 4385 Is
2654 4330 2822 4401 igitur
2875 4330 2930 4384 in
2988 4329 3193 4386 Italiam
3252 4330 3503 4395 tendens,
3542 4334 3609 4384 ad

2031 4423 2356 4493 Gymnesias
2405 4422 2619 4477 insulas
2646 4421 2801 4477 venit
2832 4438 2847 4474 :
2879 4437 2944 4477 ac
2976 4423 3031 4477 in
3087 4423 3280 4492 majori
3333 4425 3613 4493 appellere

354 4517 682 4589 τολμώντων
734 4515 959 4569 ἐκείνων
991 4514 1259 4584 συμμίξαι
1287 4513 1456 4583 αὐτῷ,
1487 4514 1650 4577 αὐτὸς
1701 4514 1921 4567 ἐπέθετο

2038 4531 2149 4570 non
2190 4514 2391 4585 potuit,
2424 4514 2573 4584 quod
2610 4515 2904 4582 insulares,
2935 4515 3241 4570 funditores
3272 4517 3618 4570 exercitatis—

355 4610 452 4663 καὶ
482 4606 759 4676 ἐνίκησεν.
803 4603 1293 4675 Ὀμολογησάντων
1326 4601 1370 4655 δ’
1403 4604 1654 4669 ἐκείνων,
1702 4605 1798 4658 καὶ
1834 4607 1935 4675 τῆς

356 4702 525 4771 ἄλλης
562 4698 805 4769 Ἰϐηρίας
861 4698 930 4751 τά
987 4696 1160 4750 πλείω
1212 4693 1370 4761 αὖθις
1417 4696 1710 4768 ἐδουλώθη,
1764 4698 1858 4750 καὶ
1907 4698 1937 4751 ό

358 4797 570 4863 Μάγων
598 4795 669 4847 τὰ
695 4791 928 4859 Γάδειρα
958 4788 1198 4857 ἐξέλιπε,
1226 4791 1322 4843 καὶ
1360 4790 1397 4843 ,ὁ
1447 4789 1794 4852 Μασινίσσας
1824 4791 1937 4853 τοῖς

371 4885 663 4957 Ῥωμαίοις
687 4879 1131 4953 προσεχώρησεν
1151 4881 1200 4933 ot
1223 4880 1583 4950 Καρχηδόνιοι
1604 4882 1736 4951 γὰρ,
1755 4879 1938 4933 τελευ-

359 4977 625 5051 τήσαντος
668 4975 966 5045 ’Δσδρούδα
1018 4974 1110 5027 τοῦ
1154 4972 1400 5027 Ἀννίϐου
1448 4972 1767 5043 ὁμαίμονας,
1799 4973 1935 5043 ἐψη-

362 5073 594 5143 φίσαντο
640 5068 739 5140 μὲν
787 5070 888 5139 τῆς
930 5067 1171 5137 Ἰϐηρίας
1206 5064 1490 5134 ἐκστῆναι,
1536 5066 1606 5118 τὰ
1659 5064 1715 5119 δέ
1755 5067 1812 5117 ἐν
1866 5069 1933 5136 τῇ

376 5166 574 5237 Ἰταλίᾳ
624 5159 1058 5233 ἀνακτήσασθαι.
1110 5161 1220 5213 Καὶ
1264 5159 1517 5229 ἔπεμψαν
1564 5159 1832 5229 ἀργύριον
1860 5159 1937 5230 τῷ

363 5261 615 5326 Μάγωνι,
674 5256 741 5310 ἶν’
785 5254 1140 5325 ἐπικουρικὸν
1218 5250 1478 5321 ἀθροίσας
1536 5251 1938 5321 στρατεύσηται

2036 4608 2187 4673 simi,
2218 4608 2436 4662 eminus
2460 4607 2672 4676 lapides
2702 4606 2759 4661 in
2787 4621 2957 4661 naves
2980 4607 3367 4677 jaculabantur
3392 4624 3407 4661 :
3440 4608 3536 4663 sed
3563 4610 3615 4661 in

2036 4700 2238 4755 minori
2269 4700 2605 4755 hibernavit.
2659 4698 2856 4755 Insulae
2893 4715 3026 4755 vero
3060 4700 3143 4754 hte
3169 4701 3472 4754 continenti
3496 4717 3620 4754 ver-

2032 4809 2129 4852 sus
2159 4795 2375 4850 Iberum
2430 4794 2746 4860 imminent,
2799 4802 2857 4848 et
2909 4809 2941 4849 a
2986 4792 3192 4849 Graecis
3243 4794 3620 4863 Romanisque

2034 4887 2330 4959 Gymnesia
2374 4888 2748 4942 communiter
2793 4887 3165 4957 appellantur.
3200 4887 3429 4957 Hispani
3478 4902 3617 4941 vero

2041 4980 2295 5039 Valerius
2322 4988 2380 5034 et
2422 4979 2749 5052 Hyassusas,
2805 4990 2862 5033 et
2914 4981 3180 5049 peculiari
3211 4995 3486 5049 quamque
3520 4995 3619 5033 no—

2046 5074 2220 5136 mine,
2251 5085 2418 5126 unam
2464 5071 2729 5136 Ebesum,
2765 5073 2995 5125 alteram
3028 5070 3362 5141 Majoricatn,
3401 5079 3618 5123 tertiam

2046 5164 2369 5220 Minoricam
2399 5163 2712 5220 rectissime
2740 5163 3049 5218 nominant.
3082 5162 3318 5217 Romani
3356 5177 3486 5217 vero
3515 5160 3623 5217 Ga-

2049 5257 2147 5311 des
2170 5266 2535 5327 occuparunt.

362 5355 449 5409 ἐπ’
481 5357 671 5424 αὐτὴν.
713 5355 819 5407 Καὶ
845 5353 902 5416 ὃς
934 5352 1068 5422 πρὸς
1100 5349 1197 5421 τὴν
1238 5348 1469 5402 Ἰταλίαν
1496 5345 1653 5411 αὖθις
1682 5350 1929 5423 ὁρμήσας
1970 5352 2201 5420 ἀφίκετο
2266 5354 2403 5424 πρὸς
2437 5353 2536 5415 τὰς
2570 5350 2889 5422 Γυμνησίας
2944 5353 3163 5421 νήσους.
3198 5350 3310 5402 Καὶ
3376 5349 3474 5419 τῆς
3523 5349 3622 5420 μὲν

366 5452 609 5523 μείζο·.ος
655 5450 891 5520 ἥμαρτε,
948 5448 1024 5516 μὴ
1062 5444 1312 5514 δυνηθεὶς
1359 5446 1439 5505 είς
1488 5443 1659 5513 αὐτὴν
1731 5444 1971 5512 κατᾶραι
2014 5444 2084 5505 (οἱ
2130 5446 2241 5517 γὰρ
2295 5445 2583 5517 ἐπιχώριοι
2615 5443 2902 5517 πόρρωθεν
2950 5444 3009 5506 ἐς
3072 5443 3173 5505 τὰς
3205 5441 3340 5504 ναῦς
3373 5444 3625 5511 ἐσφενδό-

377 5568 495 5612 ιων,
528 5551 811 5613 κράτιστοι
841 5549 1001 5600 τοῦτο
1034 5547 1205 5599 ποιεῖν
1254 5544 1454 5612 ὄντες),
1532 5545 1613 5605 είς
1660 5542 1718 5596 δὲ
1792 5544 1893 5613 τὴν
1960 5543 2296 5625 μικροτέραν
2353 5542 2890 5614 προσορμισάμενος,
2931 5539 3049 5592 ἐκεῖ
3089 5537 3179 5591 διὰ
3235 5537 3328 5593 τὸν
3379 5536 3626 5609 χειμῶνα

760 5750 775 5761 ,τ
1559 5685 1768 5747 Variae
1808 5683 2124 5746 lectiones
2172 5690 2234 5744 et
2278 5691 2471 5747 notte.

427 5814 549 5885 (ὅθι
587 5815 696 5869 Τὸν
757 5814 1083 5869 τινδίΰιλιν.
1138 5814 1214 5868 Ita
1256 5813 1436 5879 Livio,
1460 5829 1625 5884 quem
1656 5810 1921 5867 ’Av606a‘tx

2022 5811 2277 5883 'olybius.
