4024 6406
319 347 430 410 ’143

1596 334 1926 398 JOANNIS
1973 335 2306 398 ΖΟΝΑΒΕ

3476 339 3589 404 Ἶίί

318 457 664 528 κατέμεινεν.
701 457 765 510 Ai
811 453 968 523 νῆσοι
1015 451 1061 504 δ’
1096 443 1256 506 αὗται
1291 449 1356 518 τῇ
1391 447 1521 519 περὶ
1570 449 1666 503 τὸν
1732 448 1930 520 Ἴϐηρα
1969 449 2188 520 ἠπείρῳ
2222 449 2550 504 ἐπίκεινται.
2593 448 2714 503 Εἰσὶ
2779 449 2836 503 δὲ
2872 454 3040 522 τρεῖς,
3081 453 3148 515 ἀς
3177 452 3443 525 Ἓλληνες
3492 457 3595 527 μὲν

317 554 408 603 καὶ
439 550 702 620 Ῥωμαῖοι
728 553 880 618 κοινῇ
910 547 1222 618 Γυμνησίας
1255 543 1540 607 καλοῦσιν,
1595 542 1902 614 θύαλερίας
1939 544 1999 598 δὲ
2057 546 2151 598 καὶ
2211 542 2554 608 ’Υασσούσας
2623 548 2672 599 οί
2711 547 2952 617 Ἴϐηρες,
2983 549 3089 618 ίδίᾳ
3134 548 3180 601 δ’
3206 548 3470 622 ἑκάστην,
3497 553 3598 624 τὴν

323 639 422 708 μὲν
457 638 708 703 Ἐϐεσον,
764 635 864 707 τὴν
890 635 949 689 δὲ
1001 633 1209 700 Μείζω,
1251 633 1600 705 Μικροτέραν
1655 632 1713 686 δὲ
1766 634 1868 704 τήν
1913 635 2106 706 τρίτην
2159 636 2632 705 φερωνυμώτατα.
2683 636 2764 690 Τά
2810 637 3043 709 Γάδειρα
3093 638 3151 693 δὲ
3186 643 3260 694 -οί
3334 642 3598 717 Ῥωμαῖοι

317 735 580 803 κατέσχον
591 771 602 787 .

386 825 480 881 XI.
521 821 805 879 Masinissa
849 819 1142 892 porro,vir
1198 817 1343 874 inter
1391 816 1898 888 praestantissimos,

2075 817 2180 872 IA'.
2235 818 2294 887 '0
2325 817 2384 871 δὲ
2419 819 2763 886 Μασινίσσας
2795 820 2932 892 ἀνὴρ
2955 817 3023 894 ἦν
3054 826 3112 878 ἐν
3141 827 3256 888 τοῖς
3278 834 3598 898 κρατίστοις

315 919 374 974 in
402 933 461 974 re
493 916 714 972 militari
763 923 816 970 et
839 913 1004 984 436
1055 927 1224 967 manu
1253 921 1309 968 et
1337 911 1570 968 consilio
1597 911 1901 982 promptis-

319 1008 516 1072 simus,
548 1007 641 1061 tali
670 1005 738 1062 de
771 1021 935 1060 causa
963 1019 990 1058 a
1024 1002 1575 1074 Carthaginiensibus
1603 1003 1672 1058 ad
1703 1001 1906 1057 Roma-

319 1115 423 1156 nos
473 1097 700 1154 defecit.
751 1096 1048 1162 Asdrubal,
1097 1094 1354 1166 Gisgonis
1386 1094 1550 1161 (ilius,
1598 1094 1811 1150 amicus
1849 1093 1904 1150 ei

318 1203 457 1258 erat,
489 1199 550 1248 et
578 1190 984 1262 Sophonisbam
1018 1188 1184 1244 ﬁliam
1212 1186 1608 1258 desponderat.
1642 1185 1750 1243 Sed
1776 1201 1904 1241 cum

323 1285 629 1356 Syphacem
647 1284 909 1338 Romanis
932 1281 1154 1338 studere
1177 1281 1460 1347 sensisset,
1476 1281 1724 1336 abdicata
1746 1277 1908 1335 Masi-

320 1376 481 1429 nissa:
508 1372 794 1439 atﬁnitate,
829 1381 890 1426 ut
913 1370 1214 1442 Syphacem
1241 1366 1790 1439 Carthaginiensibus
1814 1380 1906 1420 re-

320 1468 663 1534 conciliaret,
682 1482 792 1520 non
825 1465 1064 1519 minimae
1095 1466 1352 1534 potentiae
1385 1461 1716 1533 principem,
1754 1457 1909 1529 adju-

320 1567 507 1612 mento
529 1557 650 1623 fuit,
688 1564 749 1609 ut
775 1555 1074 1610 Masinissae
1097 1553 1429 1623 principatu,
1462 1551 1620 1623 cujus
1644 1558 1798 1621 pater
1823 1563 1910 1603 re-

319 1662 452 1704 cens
469 1649 705 1711 obierat,
722 1649 994 1717 patiretur
1013 1663 1028 1700 :
1047 1657 1102 1700 et
1117 1643 1520 1715 Sopltonisbam
1543 1645 1598 1698 in
1623 1641 1908 1696 matrimo-

321 1742 476 1795 nium
498 1739 673 1805 dedit,
699 1738 988 1794 excellenti
1015 1736 1190 1792 Iorma
1214 1736 1524 1798 mulierem,
1550 1734 1604 1790 in
1635 1731 1835 1788 litteris
1851 1739 1909 1786 et

321 1831 531 1888 musica
569 1829 1108 1890 exercitatissimam,
1134 1827 1273 1881 adeo
1300 1825 1592 1891 urbanam,
1617 1822 1908 1878 facundam

2005 909 2426 980 ἐξεταζόμενος·
2469 912 2564 964 καὶ
2595 913 2741 982 χειρὶ
2773 912 2883 983 γάρ
2922 913 3018 967 καὶ
3069 914 3440 987 βουλεύμασιν
3470 921 3596 993 άρι-

2005 1019 2132 1066 στος
2170 1002 2440 1072 ἐτύγχανε
2470 1002 2538 1057 τά
2575 1003 2835 1073 πολέμια.
2881 1005 3028 1077 Πρὸς
3057 1005 3114 1058 δὲ
3134 1008 3258 1069 τοὺς
3290 1009 3598 1081 Ῥωμαίους

2005 1096 2072 1149 ἐκ
2092 1095 2202 1150 τῶν
2230 1093 2625 1166 Καρχηδονίων
2651 1095 2714 1162 ἐξ
2751 1097 2933 1162 αίτίας
2990 1100 3206 1153 τοιᾶσδε
3265 1105 3596 1174 μετήνεκτο.

2017 1185 2078 1240 '0
2145 1185 2476 1257 ’Δσδρούϐας
2501 1186 2593 1240 τοῦ
2627 1188 2896 1256 Γίσγωνος
2919 1191 3072 1260 φίλος
3101 1209 3160 1246 τε
3193 1187 3260 1265 ἦν
3293 1195 3464 1267 αὐτῷ,
3497 1199 3595 1253 καὶ

2006 1277 2288 1342 Σοφωνίδα
2332 1278 2434 1346 τὴν
2467 1279 2666 1334 ἑαυτοῦ
2714 1279 2992 1353 θυγατέρα
3055 1284 3205 1354 αὑτῷ
3257 1286 3590 1358 ἐνηγγύησε.

2005 1370 2098 1442 Τῷ
2122 1369 2340 1440 Σύφακι
2361 1371 2420 1426 δέ
2453 1374 2880 1444 συγγενόμενος,
2907 1376 3003 1430 καὶ
3031 1379 3100 1431 τά
3134 1378 3243 1432 τῶν
3300 1379 3594 1452 Ῥωμαίων

2008 1463 2174 1518 αὑτὸν
2218 1464 2526 1533 φρονοῦντα
2583 1465 2932 1537 αἰσθόμενος,
2974 1469 3160 1523 οὐκέτι
3204 1469 3272 1524 τὰ
3309 1471 3598 1543 ὡμολογη-

2011 1553 2148 1625 μένα
2175 1555 2312 1626 πρὸς
2343 1556 2438 1610 τὸν
2472 1557 2823 1612 Μασινίσσαν
2871 1559 3174 1628 ἐφύλαξενο
3227 1561 3364 1616 ἀλλά
3427 1563 3599 1618 θέλων

2007 1649 2123 1710 τοῖς
2156 1646 2557 1718 Καρχηδονίοις
2593 1649 2687 1702 τὸν
2709 1650 2940 1719 Σύφακα
2967 1655 3471 1724 προσποιήσασθαι,
3499 1656 3601 1708 οὑκ

2009 1737 2304 1810 ἐλαχίστης
2334 1739 2621 1809 δυνάμεως
2659 1740 2923 1810 ἄρχοντα,
2992 1743 3095 1814 τήν
3142 1759 3199 1796 τε
3241 1746 3417 1815 ἀρχὴν
3449 1743 3600 1816 αὑτῷ

2010 1829 2487 1901 συγκατέπραξεν,
2515 1832 2550 1902 ἡ
2581 1832 2661 1900 τῷ
2686 1833 3004 1906 Μασινίσσᾳ
3035 1836 3305 1906 προσῆκε,
3335 1837 3431 1890 τοῦ
3493 1856 3602 1891 πα-

320 1931 378 1976 et
393 1928 772 1984 venustam,ut
793 1920 911 1974 solo
924 1926 1149 1987 aspectu
1168 1916 1428 1970 audituve
1450 1913 1728 1968 hominem
1741 1912 1907 1967 etiam

2023 1921 2136 1994 πρὸς
2162 1922 2332 1977 αὑτοῦ
2365 1922 2487 1976 τότε
2527 1922 2806 1988 θανόντος,
2839 1925 2937 1978 καὶ
2973 1925 3073 1996 τὴν
3107 1926 3385 1994 Σοφωνίδα
3420 1928 3600 1998 συνῴ-

322 2011 739 2068 severissimum
797 2013 852 2064 in
897 2010 981 2064 sui
1033 2023 1275 2064 amorem
1332 2006 1656 2076 pertrahere
1697 2014 1906 2077 posset.

2023 2030 2186 2069 κισεν.
2231 2013 2296 2068 Ἦ
2323 2013 2381 2068 δὲ
2404 2014 2466 2068 τό
2492 2031 2552 2068 τε
2593 2015 2789 2078 κάλλος
2817 2017 3090 2086 ἐπιφανὴς
3119 2012 3209 2088 ἦν,
3243 2017 3341 2070 καὶ
3368 2018 3598 2090 παιδείᾳ

322 2105 422 2160 His
447 2105 515 2160 de
543 2103 726 2159 causis
756 2103 972 2174 Syphax
1004 2101 1071 2156 ad
1098 2100 1580 2172 Carthaginienses
1620 2116 1680 2155 se
1710 2109 1911 2154 contu-

2023 2105 2183 2177 πολλῇ
2202 2105 2298 2160 καὶ
2329 2106 2681 2177 γραμμάτων
2709 2108 2804 2160 καὶ
2823 2108 3094 2178 μουσικῆς
3121 2108 3334 2180 ήσκητο
3354 2123 3368 2139 ·
3402 2109 3599 2163 ἀστεία

323 2197 408 2253 lit.
461 2195 764 2274 Masinissa
795 2169 1075 2250 IIomanos
1121 2202 1203 2248 est
1257 2169 1502 2256 secutus,
1553 2193 1756 2262 quibus
1807 2205 1908 2262 per

2023 2215 2070 2251 τε
2220 2169 2459 2270 αἱμύλος
2479 2169 2570 2272 ήν,
2611 2200 2707 2254 καὶ
2735 2169 2909 2264 οὕτως
2938 2169 3324 2272 ἐπαφρόδιτος,
3380 2201 3458 2266 ὼς
3496 2202 3598 2272 όφ-

323 2303 545 2343 omuem
589 2295 806 2342 atatem
844 2296 1126 2341 strenuam
1168 2283 1388 2339 navavit
1428 2297 1676 2354 operam.
1719 2281 1906 2354 Scipio

2023 2289 2166 2344 ἱεῖσα
2199 2290 2352 2362 ﬁnal.
2393 2291 2726 2345 ἀκουσθεῖσα
2779 2293 2944 2362 μόνον
2980 2291 3077 2345 καὶ
3113 2291 3208 2345 τὸν
3247 2293 3390 2345 πάνυ
3436 2293 3599 2346 δυσέ-

325 2397 452 2437 cum
481 2380 670 2436 omnia
699 2395 822 2449 qua:
851 2378 994 2432 intra
1024 2378 1316 2450 Pyrenaeos
1345 2384 1560 2430 montes
1598 2383 1751 2441 sunt,
1780 2389 1910 2444 par-

2023 2400 2158 2449 ;wta
2185 2383 2661 2456 κατεργάσασθαι.
2699 2385 2759 2437 '0
2786 2383 2886 2453 μέν
2937 2378 3032 2438 οὖν
3082 2383 3270 2454 Σύφαξ
3307 2384 3396 2438 διὰ
3423 2384 3598 2440 ταῦτα

327 2473 426 2527 tim
462 2473 537 2537 vi,
572 2471 770 2542 partim
810 2469 1096 2526 deditione
1121 2469 1377 2540 cepisset,
1415 2466 1667 2539 trajicere
1689 2467 1746 2520 in
1765 2464 1911 2520 Afri-

2023 2476 2122 2537 τοῖς
2145 2473 2539 2545 Καρχηδονίοις
2569 2473 2897 2544 προσέθετο·
2939 2473 3034 2527 καὶ
3078 2475 3107 2526 ὁ
3150 2473 3493 2536 Μασινίσσας
3528 2473 3600 2525 τά

327 2578 447 2618 eam
487 2562 702 2617 statuit.
732 2560 964 2614 Romani
995 2567 1200 2617 autem.
1230 2555 1429 2626 partim
1458 2570 1525 2610 ex
1548 2553 1754 2608 invidia
1777 2567 1908 2609 sue-

2023 2564 2123 2618 :th
2164 2564 2454 2636 Ῥωμαίων
2489 2563 2770 2618 άνθείλετο
2802 2565 2896 2617 καὶ
2937 2564 3366 2636 χρησιμώτατος
3414 2565 3602 2626 αὐτοῖς

327 2670 587 2712 cessuum
622 2654 765 2725 eius,
798 2653 998 2723 partim
1031 2651 1214 2714 veriti,
1245 2665 1314 2703 ne
1342 2664 1442 2720 per
1474 2647 1790 2718 superbiam
1819 2660 1911 2702 re-

2023 2659 2100 2713 sta
2133 2658 2354 2712 πάντων
2377 2659 2617 2726 ἐγένετο.
2641 2655 2882 2710 Σκιπίων
2907 2656 2986 2722 δὲ,
3013 2656 3191 2710 πάντα
3221 2657 3292 2710 τά
3319 2655 3471 2720 ἐντὸς
3497 2654 3594 2710 τοῦ

328 2762 497 2818 gnum
532 2745 834 2808 aﬂectaret,
857 2745 996 2798 duos
1026 2742 1078 2797 ei
1107 2753 1458 2796 successores
1492 2737 1785 2793 dederunt.
1817 2735 1912 2793 Sic

2023 2749 2325 2821 Πυρηναιου
2355 2750 2423 2804 τά
2449 2749 2553 2820 μὲν
2583 2748 2700 2822 βίᾳ,
2745 2749 2812 2802 τὰ
2845 2747 2902 2802 δὲ
2935 2747 3203 2820 ὁμολογίᾳ
3226 2749 3605 2820 προσποιησά-

335 2838 522 2909 Scipio
576 2837 871 2906 imperium
925 2833 1204 2904 deposuit.
1258 2829 1538 2900 Sulpicius
1567 2839 1750 2884 autem
1783 2841 1910 2883 eum

2023 2855 2203 2909 μενος,
2257 2841 2314 2901 ἐς
2349 2837 2448 2910 τὴν
2488 2837 2697 2906 Λιϐύην
2729 2837 3045 2892 στείλασθαι
3068 2838 3420 2909 ἡτοιμάζετο.
3451 2839 3515 2892 Ol
3555 2837 3602 2893 δ’

328 2928 511 2984 Attalo
537 2928 734 2984 eodem
763 2935 1009 2996 tempore
1041 2923 1245 2980 Oreum
1270 2922 1604 2992 proditione,
1635 2919 1909 2990 Opuntem

2023 2929 2079 2981 ἐν
2111 2931 2177 2998 τῇ
2215 2927 2403 2999 Ῥώμῃ
2431 2927 2502 2980 τὰ
2529 2927 2629 2997 μὲν
2667 2926 2847 2998 φθόνῳ
2869 2928 2978 2981 τῶν
3013 2929 3458 3000 κατορθωμάτων
3502 2930 3604 2986 αὑ-

331 3023 387 3078 vi
410 3021 724 3093 occupavit.
751 3019 1034 3089 Philippus
1063 3015 1211 3071 enim
1242 3015 1325 3069 eis
1345 3023 1559 3068 mature
1582 3029 1740 3082 Opem
1768 3013 1912 3066 ferre

2023 3018 2131 3084 τοῦ,
2175 3020 2246 3074 τὰ
2277 3020 2335 3074 δὲ
2368 3019 2520 3091 φόϐῳ
2548 3020 2626 3090 μὴ
2650 3020 3078 3092 ὑπερφρονήσας
3105 3023 3449 3095 τυραννήσῃ,
3472 3024 3603 3078 ἀνι-

331 3130 444 3171 non
471 3114 672 3186 potuit,
725 3112 830 3167 viis
859 3126 967 3182 qua
1003 3107 1398 3164 transeundum
1430 3115 1572 3170 erat,
1617 3105 1687 3158 ab
1715 3102 1915 3159 Etolis

2023 3114 2320 3174 καλέσαντο
2379 3115 2567 3181 αὑτὸν,
2616 3113 2729 3168 δύω
2786 3113 2898 3167 τῶν
2947 3115 3275 3186 στρατηγῶν
3315 3116 3606 3188 ’διαδόχους

331 3206 584 3264 insessis.
630 3203 739 3261 Sed
767 3218 892 3259 sero
949 3200 1168 3256 tandem
1195 3213 1320 3254 cum
1354 3197 1615 3258 venisset,
1642 3195 1829 3249 Attalo
1857 3193 1915 3248 in

2023 3205 2172 3277 αὺτῷ
2189 3205 2534 3277 πέμψαντες.
2571 3207 2682 3260 Ka‘t
2700 3209 2728 3260 ό
2759 3205 2861 3277 μὲν
2887 3205 3032 3262 οὕτω
3052 3208 3154 3279 τῆς
3174 3210 3350 3281 ἀρχῆς
3366 3209 3605 3282 ἐπαύθη.

333 3305 504 3357 naves
531 3313 662 3353 suas
691 3295 1001 3366 compulso,
1060 3306 1250 3364 pacem
1281 3305 1408 3345 cum
1439 3287 1702 3346 Romanis
1733 3286 1916 3342 Iacere

2029 3297 2091 3352 '0
2121 3298 2182 3352 δέ
2207 3315 2270 3366 γε
2293 3298 2620 3362 Σουλπίκιος
2675 3299 2818 3369 μετά
2874 3299 2969 3353 τοῦ
3021 3299 3279 3356 Ἀττάλου
3313 3302 3458 3357 κατά
3510 3303 3606 3356 τὸν

334 3391 530 3447 voluit.
564 3389 673 3446 Sed
706 3404 831 3444 cum
862 3396 987 3458 post
1010 3386 1183 3440 multa
1212 3383 1384 3440 verba
1432 3381 1781 3438 conditiones
1806 3395 1918 3434 non

2023 3389 2182 3446 αὑτὸν
2211 3392 2406 3463 χρόνον
2449 3391 2638 3460 Ὠρεὸν
2671 3391 2772 3463 μὲν
2792 3391 3081 3463 προδοσίᾳ,
3131 3392 3403 3448 Ὀποῦντα
3429 3394 3486 3448 δὲ
3519 3394 3606 3448 la-

335 3483 696 3554 placuissent,
720 3493 854 3549 pace
885 3476 1194 3547 repudiata,
1232 3473 1449 3530 Aitolos
1479 3489 1510 3527 a
1537 3472 1915 3527 Romanorum

2023 3480 2112 3553 χύῖ
2141 3482 2432 3552 κατέσχεν.
2473 3482 2536 3536 '0
2569 3482 2678 3554 γὰρ
2701 3483 2967 3546 Φίλιππος
2999 3483 3101 3538 οὐκ
3122 3485 3364 3557 ἠδυνήθη
3421 3487 3607 3548 αὐτοῖς

337 3572 582 3627 amicitia
633 3573 699 3626 ad
757 3584 816 3625 se
864 3568 1124 3622 traduxit.
1172 3565 1410 3620 Annibal
1465 3573 1648 3619 autem
1702 3562 1914 3618 interea

2023 3571 2302 3642 ἐπαμῦναι
2329 3573 2419 3626 διά
2441 3574 2678 3643 ταχέων,
2709 3573 2812 3634 τὰς
2849 3574 3061 3638 διόδους
3109 3576 3607 3648 προκατασχόντων

336 3665 566 3735 quievit,
634 3677 734 3719 sua
773 3661 917 3716 tueri
969 3670 1052 3715 sat
1084 3660 1330 3713 habens:
1358 3672 1535 3727 neque
1579 3671 1608 3709 a
1645 3669 1784 3709 coss.
1833 3661 1920 3708 est

337 3757 646 3819 lacessitus,
692 3770 818 3810 eum
867 3753 1008 3808 citra
1059 3750 1471 3806 dimicationem
1522 3748 1809 3804 subactum
1851 3744 1920 3799 iri

339 3847 680 3917 putantibus.
731 3844 994 3917 Sequenti
1033 3859 1178 3898 anno
1223 3842 1286 3898 P.
1337 3840 1524 3912 Scipio
1565 3847 1622 3895 et
1671 3837 1921 3894 Licinius

337 3942 568 3997 Crassus
599 3954 745 3995 coss.
795 3937 927 3994 facti
958 3956 973 3992 :
1013 3951 1250 4008 quorum
1282 3935 1374 3990 hic
1421 3934 1475 3989 in
1507 3924 1655 3989 Ital-ia
1696 3931 1916 3998 mansit,

341 4031 514 4086 altero
547 4029 604 4086 in
635 4027 880 4084 Siciliam
911 4037 968 4084 et
993 4027 1235 4082 Africam
1266 4028 1348 4081 ire
1379 4026 1574 4105 jusso:
1619 4032 1678 4078 ut
1713 4024 1759 4078 si
1788 4021 1923 4079 Car-

345 4123 624 4192 thaginem
657 4135 768 4176 non
798 4131 1040 4192 caperet,
1078 4119 1272 4175 saltem
1311 4117 1638 4172 Annibalem
1668 4133 1734 4172 ex
1767 4116 1921 4172 Italia

341 4225 622 4271 avocaret.
675 4214 782 4270 Sed
825 4229 929 4269 nec
951 4215 1136 4286 justus
1176 4213 1476 4279 exercitus,
1527 4227 1631 4267 nec
1669 4221 1924 4282 sumptus

341 4307 410 4362 ad
442 4307 740 4377 parandam
790 4306 1044 4372 classem,
1091 4320 1158 4360 ex
1188 4305 1268 4360 rei
1306 4305 1446 4360 bene
1495 4311 1660 4374 gesta:
1693 4301 1922 4368 invidia,

342 4399 507 4452 datus
531 4407 639 4462 est,
673 4397 762 4452 vix
791 4413 1006 4453 summe
1039 4395 1369 4453 necessariis
1412 4394 1798 4466 suppeditatis.
1829 4393 1928 4449 Ni-

344 4490 646 4544 hilominus
691 4501 874 4544 tamen
919 4505 1044 4544 cum
1075 4488 1250 4544 classe
1288 4487 1584 4552 sociorum,
1615 4495 1671 4541 et
1694 4486 1926 4556 quibus-

344 4581 470 4635 dam
495 4597 562 4636 ex
592 4581 795 4650 p0pulo
821 4580 1146 4635 voluntariis
1168 4578 1442 4636 discessit.
1474 4578 1628 4648 Mago
1653 4593 1721 4632 ex
1748 4577 1926 4631 insula

346 4673 402 4726 in
454 4672 733 4741 Liguriam
784 4670 1086 4740 profectus,
1130 4685 1458 4726 exseensum
1501 4669 1656 4725 fecit.
1694 4668 1927 4724 Crassus

345 4760 506 4832 [.37
537 4761 590 4814 in
623 4761 828 4814 Brutiis
871 4761 1202 4816 Annibalem
1253 4761 1593 4817 observavit.
1639 4760 1927 4830 Philippus

347 4868 474 4908 cum
504 4853 566 4907 P.
595 4853 984 4922 Sempronium
1009 4869 1133 4909 cum
1159 4854 1370 4924 magnis
1390 4853 1563 4923 copiis
1580 4853 1924 4922 Apolloniam

348 4947 568 4997 venisse
607 4942 914 5005 didicisset,
940 4943 1134 5012 cupide
1169 4959 1358 5012 pacem
1393 4942 1539 4999 fecit.
1575 4943 1761 5013 Scipio
1794 4958 1926 4998 vero

348 5049 477 5089 cum
507 5049 576 5089 ex
612 5033 767 5089 Italia
802 5035 1076 5100 solvisset,
1139 5049 1198 5090 se
1228 5045 1288 5089 ut
1323 5034 1380 5090 in
1423 5034 1667 5091 Siciliam
1712 5035 1930 5108 trajice-

351 5136 437 5182 ret
465 5140 688 5197 parans,
741 5126 797 5180 id
847 5123 1026 5181 facere
1053 5141 1162 5182 non
1196 5127 1397 5197 potuit,
1429 5127 1577 5197 quod
1605 5143 1708 5182 nec
1729 5129 1927 5199 justas,

351 5232 456 5272 nec
485 5217 816 5272 exercitatas
862 5215 1048 5286 copias
1098 5216 1347 5272 haberet.
1377 5215 1559 5282 Quare
1591 5226 1758 5272 totam
1807 5219 1930 5272 hie-

352 5321 496 5361 mem
539 5305 620 5361 ibi
661 5305 861 5376 exegit,
892 5317 952 5360 ut
984 5315 1038 5361 et
1071 5306 1273 5362 milites
1308 5320 1448 5375 quos
1478 5305 1717 5361 habebat
1769 5321 1931 5362 exer-

353 5408 526 5464 ceret,
555 5407 612 5454 et
640 5413 814 5453 novos
844 5399 1090 5454 delectus
1141 5400 1392 5454 haberet.
1429 5399 1754 5470 Trajecturo
1787 5416 1932 5453 nun-

357 5490 552 5542 tiatum
583 5501 668 5545 est
694 5506 724 5544 a
755 5491 1049 5560 Rheginis,
1079 5491 1380 5546 Locrenses
1427 5491 1696 5561 quosdam
1736 5492 1931 5546 urbem

356 5579 675 5647 prodituros
700 5595 843 5636 esse.
877 5583 1011 5636 Nam
1035 5598 1160 5636 cum
1182 5584 1250 5638 ab
1279 5583 1549 5638 Annibale
1573 5593 1764 5640 contra
1795 5600 1936 5654 prae-

357 5669 486 5722 sidii
517 5671 834 5740 praefectum
869 5675 1254 5741 vociferantes,
1276 5676 1705 5747 negligereutur,
1731 5679 1798 5732 ad
1829 5677 1937 5733 Bo-

357 5771 550 5816 manos
589 5760 945 5819 inclinarunt.
992 5765 1152 5822 Missa
1199 5766 1367 5838 igitur
1417 5777 1571 5838 parte
1627 5771 1936 5841 capiarum,

2018 3666 2130 3722 τῶν
2154 3666 2437 3722 Αἰτωλῶν.
2486 3668 2616 3737 Ὀψὲ
2645 3668 2703 3722 δέ
2735 3687 2866 3723 ποτε
2918 3669 3184 3738 ἐπελθὼν,
3224 3672 3306 3736 είς
3329 3671 3432 3736 τὰς
3472 3673 3608 3738 ναῦς

2019 3759 2190 3814 αὐτοῦ
2212 3759 2305 3814 τὸν
2344 3759 2617 3816 ’Ἄτταλον
2641 3764 2978 3831 καταφυγεῖν
3007 3763 3283 3820 ἐϐιάσατο.
3338 3763 3399 3819 '0
3424 3765 3609 3837 μέντοι

2021 3846 2297 3912 Φίλιππος
2320 3848 2653 3904 σπείσασθαι
2693 3851 2808 3913 τοῖς
2850 3849 3142 3922 Ῥωμαίοις
3179 3853 3452 3924 ἠθέλησε’
3513 3855 3611 3910 καί

2019 3959 2185 3996 τινων
2201 3941 2377 4011 λόγων
2409 3941 2598 4007 αὐτοῖς
2618 3943 2956 4014 γενομένων,
2998 3945 3069 4000 τά
3115 3947 3215 4018 μὲν
3247 3947 3347 4019 τῆς
3387 3949 3612 4022 εἰρήνης

2022 4034 2244 4102 ἀφείθη,
2271 4036 2399 4099 τοὺς
2427 4034 2474 4088 δ’
2504 4035 2785 4100 Αἰτωλοὺς
2827 4036 2938 4090 ἀπὸ
2971 4037 3070 4091 τοῦ
3131 4040 3450 4112 συμμαχεῖν
3494 4045 3612 4106 τοῖς

2033 4123 2334 4196 Ῥωμαίοις
2387 4126 2783 4198 μεταθέμενος,
2818 4127 3008 4198 φίλους
3047 4129 3243 4184 ἐαυτοῦ
3289 4132 3610 4202 ἐποιήσατο.

2035 4216 2095 4269 ’0
2117 4217 2162 4271 δ’
2185 4217 2438 4284 Ἀννίϐας
2496 4219 2638 4284 τέως
2667 4221 2904 4292 ἡσυχίαν
2929 4215 3090 4292 ἦγεν,
3143 4223 3376 4292 ἀγαπῶν
3429 4227 3480 4279 εί
3541 4225 3612 4280 τά

2025 4310 2343 4382 ὑπάρχοντά
2369 4310 2789 4368 οίδιασώσαιτο.
2823 4314 2935 4368 Καὶ
2963 4317 3014 4370 οί
3049 4314 3250 4369 ὕπατοι
3295 4316 3611 4388 νομίζοντες

2025 4402 2189 4458 αὑτὸν
2224 4405 2319 4457 καὶ
2340 4403 2474 4458 ἀνευ
2509 4406 2694 4476 μάχης
2720 4407 3158 4478 ἐκτρυχωθῆναι,
3218 4409 3457 4481 ἀνεῖχον.
3519 4408 3614 4483 Τῷ

2022 4495 2070 4548 δ’
2084 4495 2293 4549 ἐπιόντι
2311 4495 2444 4561 ἔτει,
2465 4498 2494 4551 ὃ
2514 4514 2574 4550 τε
2599 4499 2845 4554 Σκιπίων
2865 4502 2894 4554 ὁ
2920 4499 3195 4565 Πούπλιος
3219 4502 3316 4557 καὶ
3336 4503 3616 4568 Λικίννιος

2028 4587 2282 4659 Κράσσος
2303 4588 2644 4646 ὑπάτευσαν.
2676 4592 2786 4645 Καὶ
2806 4593 2836 4646 ὁ
2870 4592 2971 4662 μὲν
3005 4595 3063 4647 ἐν
3092 4596 3158 4664 τῇ
3196 4593 3405 4666 Ἰταλίᾳ
3455 4594 3615 4666 Ιμει-

2031 4695 2139 4743 νεν,
2168 4679 2196 4731 ό
2220 4677 2277 4730 δὲ
2311 4677 2558 4733 Σκιπίων
2592 4681 2651 4745 ἐς
2683 4681 2938 4736 Σικελίαν
2965 4681 3228 4738 ἀπελθεῖν
3258 4685 3353 4740 καὶ
3391 4685 3451 4750 ἐς
3515 4687 3616 4739 At-

2029 4769 2168 4840 ϐύην
2197 4770 2611 4842 προσετέτακτο
2635 4812 2651 4838 ,
2697 4773 2808 4842 ἵνα,
2839 4775 2889 4829 εί
2925 4774 3000 4848 μή
3031 4777 3133 4847 τὴν
3164 4777 3492 4850 Καρχηδόνα
3532 4779 3619 4833 aI-

2031 4862 2212 4929 ρήσει,
2258 4855 2352 4914 τόν
2383 4878 2447 4930 γε
2482 4860 2738 4917 Ἀννίϐαν
2770 4864 2909 4928 τέως
2948 4865 3058 4920 ἀπὺ
3091 4868 3195 4937 τῆς
3227 4867 3466 4933 Ἰταλίας
3522 4871 3619 4925 ἀν-

2030 4948 2289 5024 θελκύσῃ.
2337 4949 2477 5006 Οὔτε
2497 4952 2555 5006 δὲ
2587 4955 2910 5024 στράτευμα
2957 4957 3243 5026 ἀξιόλογον
3301 4959 3426 5013 οὔτε
3477 4961 3619 5032 πρὸς

2027 5042 2279 5112 τριήρεις
2305 5042 2570 5112 ἀνάλωμα
2600 5043 2782 5110 ἔλαϐε,
2809 5045 2897 5100 διὰ
2921 5047 3022 5110 τὰς
3051 5047 3335 5117 ἀριστείας
3393 5048 3622 5121 φθονού-

2036 5145 2224 5202 μενος⁶
2264 5133 2421 5204 μόλις
2451 5132 2511 5188 δέ
2544 5135 2737 5189 καὶτὰ
2786 5137 2928 5190 πάνυ
2987 5137 3270 5206 ἀναγκαῖα
3339 5139 3620 5211 παρέσχον

2035 5224 2206 5297 αὐτῷ.
2238 5225 2352 5280 Καὶ
2381 5225 2412 5278 ὁ
2469 5225 2568 5296 μὲν
2623 5227 2721 5280 σὺν
2751 5226 2830 5298 τῷ
2859 5229 3100 5299 ναυτικῷ
3159 5230 3269 5283 τῶν
3317 5232 3623 5302 συμμάχων

2036 5318 2132 5370 καί
2158 5335 2301 5372 τισιν
2331 5317 2638 5382 ἑθελονταῖς
2697 5320 2763 5372 ἐκ
2816 5319 2911 5374 τοῦ
2959 5321 3134 5392 δήμου
3177 5324 3392 5393 ἀπῆρεν
3420 5340 3433 5354 ·
3485 5323 3517 5377 ό
3564 5322 3622 5376 δὲ

2035 5408 2264 5477 Μάγων,
2289 5411 2352 5462 ὲκ
2372 5411 2470 5480 τῆς
2499 5413 2665 5480 νήσου
2691 5410 3104 5480 παραπλεύσας,
3136 5415 3213 5476 είς
3236 5413 3337 5483 τὴν
3365 5415 3624 5483 Λιγυστι-

2036 5502 2141 5564 κὴν
2171 5500 2375 5570 ἀπέϐη.
2421 5500 2479 5554 ’0
2539 5502 2798 5571 Κράσσος
2824 5501 2870 5556 δ’
2912 5503 2970 5558 ἐν
3015 5507 3084 5576 τῇ
3111 5506 3346 5578 Βρεττίᾳ
3393 5506 3472 5577 τῷ
3503 5505 3625 5560 Ἀν-

2035 5593 2162 5662 νίϐᾳ
2191 5591 2584 5664 προσήδρευεν.
2638 5593 2698 5647 '0
2757 5596 2946 5664 μέντοι
2987 5597 3259 5662 Φίλιππος
3301 5597 3624 5668 κατηλλάγη

2051 5682 2364 5752 Ῥωμαίοις.
2399 5683 2666 5738 Πούπλιον
2698 5689 2808 5756 γὰρ
2825 5688 3182 5759 Σεμπρώνιον
3213 5691 3294 5754 είς
3351 5688 3623 5745 Ἀπολλω-

2042 5776 2163 5830 νίαν
2199 5775 2425 5830 ἐλθόντα
2463 5776 2562 5832 σὺν
2592 5777 2765 5849 πολλῇ
2803 5777 3033 5851 δυνάμει
3075 5781 3428 5854 αἰσθόμενος,
3448 5779 3628 5854 dapis
