4024 6398
325 307 438 374 745

1602 306 2002 371 ANNALIUM
2046 313 2120 372 LI
2138 314 2191 373 ἶ).
2240 302 2323 372 lx

3474 315 3583 389 746

328 437 436 484 νως
476 416 795 473 ἐσπείσατο.
822 414 1066 473 Σκιπίων
1090 417 1139 472 δ’
1158 419 1186 473 ὁ
1208 417 1415 482 ὕπατος
1436 418 1497 484 ἐξ
1527 418 1761 484 Ἰταλίας
1792 422 1904 493 (ιο)

2015 438 2262 494 magnam
2308 424 2464 481 urbis
2507 433 2719 494 partem
2760 429 3104 499 proditorum
3138 448 3301 504 opera
3350 452 3588 510 oecupa-

331 510 575 581 ἀπάρας,
608 507 1058 578 παρεσκευάζετο
1076 509 1174 580 μὲν
1198 509 1276 574 ὡς
1291 512 1348 574 ἐς
1363 510 1615 564 Σικελίαν
1641 512 1908 595 πλεύισων,

329 604 432 656 οὐκ
453 600 692 672 ἠδυνήθη
734 599 811 663 δὲ,
858 600 996 671 μήτε
1039 599 1275 671 δύναμιν
1328 600 1540 671 ἐντελῆ,
1593 603 1691 655 καὶ
1739 602 1912 673 αὐτὴν

332 691 747 763 ἅσυγκρότητον
776 691 939 761 ἔχων.
972 691 1063 743 Διὸ
1094 691 1273 746 πάντα
1310 693 1406 746 τὸν
1446 692 1692 763 χειμῶνα
1731 695 1910 747 ἐκεῖσε

332 786 587 856 διήγαγε,
620 785 747 846 τοὺς
781 783 880 836 σὺν
904 782 1054 853 αὐτῷ
1083 782 1354 848 ὲξασκῶν,
1395 786 1493 838 καὶ
1519 784 1720 849 ἄλλους
1746 803 1912 856 προσ-

337 873 953 943 καταλέγων.Μέλλοντι
977 874 1033 927 δὲ
1061 874 1498 944 περαιώσασθαι,
1515 876 1742 946 ἀγγελία
1763 875 1913 943 αὐτῷ

338 968 404 1020 ὲκ
444 967 667 1034 Ῥηγίου
699 959 823 1037 ἧκε,
859 965 959 1034 τὴν
992 965 1147 1019 πόλιν
1181 966 1283 1035 τὴν
1311 964 1421 1019 τῶν
1473 968 1703 1035 Λοκρῶν
1756 986 1911 1033 τινας

340 1057 657 1128 προδώσειν.
709 1056 816 1109 Τοῦ
858 1057 970 1126 γὰρ
1037 1057 1388 1128 φρουράρχου
1446 1058 1911 1128 καταϐοήσαντες,

337 1152 431 1203 καὶ
461 1150 733 1221 μηδεμιᾶς
764 1150 1011 1213 ἐκδικίας
1043 1151 1196 1220 παρὰ
1226 1150 1320 1204 τοῦ
1364 1151 1611 1205 Ἀννίϐου
1633 1152 1908 1223 τυχόντες,

336 1240 475 1308 πρὸς
499 1239 624 1302 τοὺς
667 1240 975 1309 Ῥωμαίους
1016 1239 1339 1296 ἀπέκλιναν.
1375 1240 1618 1311 Δύναμιν
1650 1240 1743 1295 οὖν
1770 1241 1913 1313 πέμ-

332 1335 440 1400 ψας
462 1334 598 1397 ἐκεῖ,
633 1333 804 1385 πολλᾶ
836 1334 931 1401 τῆς
973 1332 1181 1396 πόλεως
1241 1333 1436 1396 νυκτὸς
1468 1333 1608 1401 μετὰ
1636 1335 1744 1387 τῶν
1772 1350 1911 1405 προ-

331 1423 582 1475 ὅιὸὁντων
617 1423 909 1478 κατέλαϐε.
956 1423 1079 1477 Τῶν
1137 1424 1196 1478 δὲ
1243 1426 1636 1496 Καρχηδονίων
1693 1428 1775 1489 είς
1814 1426 1914 1496 τὴν

340 1517 521 1584 ἄκραν
548 1518 995 1587 συνειληπντων,
1026 1517 1118 1571 καὶ
1148 1518 1240 1572 τὸν
1303 1518 1553 1572 Ἀννίϐαν
1608 1518 1912 1588 μετακαλε-

2016 511 2111 566 vit.
2135 511 2271 567 Cum
2286 508 2480 568 autem
2497 514 2983 589 Carthaginienses
3014 522 3069 576 in
3094 537 3220 579 arce
3247 508 3581 598 conglobati,

2011 601 2344 659 Annibalem
2394 607 2838 675 accersivissent,
2891 627 3017 667 eum
3078 612 3283 683 Scipio,
3332 618 3589 675 celeriter

2013 711 2281 751 converso
2323 713 2513 761 cursu,
2561 700 2854 768 eruptione
2902 702 3066 769 facta,
3108 706 3176 759 ad
3212 706 3403 762 urbem
3426 725 3589 767 arce-

2012 785 2233 842 dentem
2265 787 2483 856 repulit.
2532 788 2761 844 Deinde.
2785 806 2909 846 arce
2937 794 3163 862 potitus,
3196 806 3419 869 totaque
3452 804 3588 860 urbe

2011 873 2231 930 duobus
2272 877 2511 934 tribunis
2562 880 2797 935 militum
2836 884 3112 951 mandata,
3152 889 3351 944 solvit:
3394 908 3586 948 verum

2012 970 2069 1025 in
2109 970 2350 1026 Africam
2387 974 2662 1043 appellere
2708 993 2817 1032 non
2865 981 3064 1048 potuit.
3112 981 3205 1038 Sic
3237 993 3421 1041 autem
3456 987 3593 1045 Car-

2014 1061 2397 1132 thaginienses.
2418 1070 2713 1122 adventum
2746 1071 2866 1140 ejus
2900 1061 3228 1142 timuerunt,
3260 1086 3323 1131 ut
3358 1083 3593 1148 pecunia

2012 1156 2176 1211 missa
2210 1158 2522 1228 Philippum
2558 1162 2624 1215 ad
2654 1160 2861 1216 bellum
2886 1164 3055 1220 Italize
3088 1167 3436 1227 inferendum
3461 1188 3597 1228 con-

2012 1247 2265 1309 citarent.
2306 1257 2362 1302 et
2406 1249 2662 1306 Annibali
2704 1251 3042 1310 frumentum
3090 1267 3148 1313 et
3180 1262 3384 1320 milites
3412 1267 3597 1320 mitte-

2013 1348 2157 1401 rent,
2208 1338 2422 1411 Magoni
2472 1343 2700 1399 classem
2745 1355 2802 1401 et
2844 1350 3156 1417 pecuniam,
3203 1362 3263 1408 ut
3302 1372 3331 1409 a
3362 1358 3596 1427 trajectu

2016 1427 2330 1499 Scipionem
2386 1433 2726 1501 prohiberet.
2763 1436 2993 1493 Romani
3038 1450 3222 1498 autem
3256 1461 3325 1500 ex
3355 1452 3595 1506 ostentis

2014 1519 2344 1589 quibusdam
2380 1522 2610 1578 illustris
2654 1525 2903 1582 victoria:
2956 1545 3055 1601 spe
3103 1545 3393 1606 concepta.
3425 1539 3597 1611 legio-

338 1606 615 1675 σαμένων,
650 1610 790 1661 κατὰ
832 1610 997 1679 τάχος
1020 1609 1293 1680 ἐξανήχθη
1337 1609 1430 1663 καὶ
1458 1612 1486 1663 ὁ
1526 1610 1789 1673 Σκιπίων,
1819 1611 1912 1663 κοιλ¹

2015 1624 2116 1663 nes
2140 1608 2448 1677 Africanas,
2480 1623 2538 1670 et
2568 1630 2743 1672 novos
2763 1619 3000 1675 militum
3028 1623 3296 1691 delectus,
3322 1639 3460 1699 quot
3481 1606 3598 1688 vel.

336 1698 717 1768 πλησιάσαντα
750 1704 815 1770 τῇ
841 1702 993 1756 πόλει
1042 1701 1297 1772 αἰφνιδίῳ
1363 1702 1675 1772 ὲπεκὸρομῇ
1728 1700 1912 1755 ἀπεώ-

2015 1698 2358 1770 let,Scipioni
2389 1703 2863 1764 decreverunt.Ex
2886 1714 3212 1774 consulibus
3234 1698 3367 1776 vero
3387 1723 3599 1782 Cethe-

335 1804 490 1842 σατο.
522 1786 654 1841 Εἶτα
683 1790 865 1843 λαϐὼν
889 1791 989 1861 τὴν
1014 1790 1313 1861 ἀκρόπολιν
1346 1791 1439 1843 καὶ
1483 1788 1785 1861 ἐπιτρέψας
1815 1788 1912 1860 τὴν

2021 1807 2149 1861 gum
2173 1793 2408 1864 Magoni,
2434 1795 2821 1867 Sempronium
2851 1803 3107 1862 Annibali
3156 1824 3561 1881 apposueram.

334 1883 515 1932 πᾶσαν
545 1880 699 1933 πόλιν
725 1881 832 1933 δύω
897 1881 1202 1954 χιλιάρχοις
1281 1883 1648 1936 ἀνέπλευσεν
1743 1882 1844 1936 οὑκ
1888 1883 2132 1956 ἠδυνήθη
2197 1886 2382 1965 μέντοι
2425 1890 2492 1958 τῇ
2553 1889 2732 1965 Λιϐύῃ
2786 1896 3185 1964 προσπλεῦσαι.
3230 1880 3388 1960 Οὕτω
3439 1907 3486 1961 δ’
3544 1914 3596 1965 οι

332 1974 696 2045 Καρχηδόνιοι
730 1975 828 2047 τὴν
859 1976 1036 2046 ὁρμὴν
1100 1975 1268 2030 αὐτοῦ
1312 1976 1547 2036 ἔδεισαν,
1607 1973 1747 2038 ὦςτε
1800 1977 2064 2047 χρήματα
2130 1964 2237 2048 μὲιί
2293 1978 2372 2050 τῷ
2435 1964 2960 2052 Φιλίππωστεῖλαι,
3002 1990 3071 2044 ἵν’
3098 1994 3178 2059 είς
3225 1996 3324 2067 τὴν
3368 1964 3600 2058 Ἰταλίας)

333 2070 665 2141 στρατεύσῃ,
697 2070 792 2123 καὶ
821 2068 899 2140 τῷ
941 2070 1162 2142 Ἀννίϐᾳ
1196 2071 1289 2122 καὶ
1321 2072 1467 2124 σῖτον
1517 2071 1757 2141 πέμψαι,
1813 2073 1909 2126 καὶ
1950 2072 2293 2142 στρατιώτας
2313 2112 2330 2139 ,
2399 2076 2496 2129 καὶ
2528 2077 2663 2140 ναῦς
2697 2080 2776 2150 τῷ
2826 2083 3059 2151 Μαγῶνι
3096 2089 3190 2142 καὶ
3210 2093 3483 2163 ,χρήματα
3512 2097 3601 2151 ἵνα

331 2163 421 2218 τὸν
452 2162 732 2216 Σκιπίωνα
758 2161 980 2232 κωλύσῃ
1017 2161 1418 2232 περαιωθῆναι.
1459 2161 1553 2215 Ἐκ
1576 2161 1634 2215 δὲ
1667 2162 1914 2232 σημείων
1952 2165 2118 2218 τινῶν
2154 2166 2315 2237 νίκην
2355 2169 2406 2220 οί
2452 2169 2718 2243 Ῥωμαῖοι
2780 2175 3044 2248 λαμπρὰν
3091 2161 3434 2252 ἐλπίσαντες,
3500 2190 3602 2260 τήν

331 2275 391 2310 τε
427 2259 483 2309 ἐν
507 2259 572 2327 τῇ
601 2256 776 2326 Λιϐύῃ
805 2256 1070 2322 στρατιάν
1106 2255 1184 2324 τῷ
1231 2256 1495 2310 Σκιπίωνι
1546 2256 1642 2311 καὶ
1675 2256 1910 2327 δύναμιν
1942 2258 2113 2331 ἄλλην
2172 2262 2250 2323 ώς
2307 2262 2374 2317 ἂν
2414 2265 2679 2340 ἐθελήσῃ,
2707 2271 3111 2337 καταλέξασθαι
3164 2280 3214 2332 oi
3263 2255 3598 2354 ἐπέτρεψαν.

369 2461 450 2497 αν.

335 2444 508 2590 5ml’ii'.
541 2535 603 2587 Oi
630 2533 685 2585 δέ
712 2548 773 2600 γε
802 2531 1168 2602 Καρχηδόνιοι
1194 2532 1474 2597 δείσαντες
1504 2533 1596 2588 τὸν
1640 2536 1916 2590 Μασινίσ-

338 2643 437 2680 σαν
467 2624 541 2695 μὴ
570 2624 834 2692 Σκιπίωνι
888 2623 1217 2693 πρόσθηται,
1270 2624 1498 2677 ἔπεισαν
1546 2625 1638 2681 τὸν
1684 2626 1915 2697 Σύφακα

334 2719 434 2790 τὴν
463 2717 638 2788 ἀρχὴν
696 2716 847 2786 αὐτῷ
906 2715 1224 2781 ἀποδοῦναι,
1272 2715 1351 2779 ὡς
1393 2716 1488 2770 καὶ
1529 2712 1685 2783 αὖθις
1743 2718 1914 2789 αὐτὴν

336 2808 807 2878 ἀνακτησάμενον.
851 2808 911 2861 Ὀ
938 2803 1032 2861 οὗν
1083 2807 1419 2871 Μασινίσσας
1467 2806 1761 2863 ὑπώπτευε
1814 2812 1914 2880 μὲν

333 2899 395 2952 τὸ
427 2900 829 2971 πραττόμενον·
870 2898 1192 2968 κατηλλάγη
1227 2899 1284 2952 δὲ
1329 2899 1513 2968 δῆθεν.
1565 2900 1651 2954 ἵνα
1718 2901 1912 2965 πιστὸς

334 2992 613 3063 νομισθεὶς
646 2993 788 3062 μέγα
820 3008 875 3044 τι
922 2993 1123 3061 σφῆλαι
1176 2993 1376 3055 αὐτοὺς
1417 2993 1640 3063 δυνηθῇ.
1694 2994 1912 3049 Μᾶλλον

1449 3085 1564 3105 ‘,_P,,
1590 3103 1599 3105 -
1640 3085 1653 3105 Ι

335 3087 443 3157 γὰρ
477 3085 618 3156 ὑπὲρ
648 3084 749 3153 τῆς
775 3084 1098 3152 Σοφωνίδος,
1131 3085 1166 3156 ἢ
1188 3085 1286 3154 τῆς
1319 3082 1600 3153 βασιλείας
1623 3085 1909 3157 ὠργίζετο.

236 3186 243 3192 ’
335 3179 427 3232 Διὸ
462 3178 694 3238 καὶτοῖς
742 3177 1037 3244 Ῥωμαίοις
1087 3177 1429 3247 προσέκειτο,
1482 3178 1915 3249 ὑποκρινόμενος

334 3271 402 3324 τὰ
462 3271 576 3322 τῶν
618 3268 1003 3338 Καρχηδονίων
1052 3268 1353 3339 αἱρεῖσθαι.
1403 3269 1462 3322 Ὀ
1510 3271 1566 3323 δὲ
1629 3271 1815 3339 Σύφαξ
1846 3271 1915 3324 τά

333 3364 442 3414 τῶν
462 3361 678 3415 Λιϐύων
711 3361 967 3429 πράττων
1010 3361 1308 3413 ἐπλάττετο
1358 3359 1651 3429 Ῥωμαίοις
1685 3362 1913 3415 ἔνσπονο

333 3455 420 3516 δος
444 3451 606 3507 εἶναι.
641 3454 750 3507 Καὶ
783 3453 1000 3514 στείλας
1034 3452 1168 3523 πρὸς
1214 3454 1305 3504 τὸν
1364 3453 1643 3506 Σκιπίωνα
1684 3455 1943 3527 παρῄνει

337 3547 413 3616 μὴ
450 3543 779 3615 ποιήσασθαι
804 3544 898 3613 τὴν
922 3542 1187 3596 διάϐασιν.
1232 3541 1499 3605 ’Λκούσας
1535 3543 1592 3596 δὲ
1636 3542 1808 3596 ταῦτα
1845 3543 1914 3597 δι’

333 3639 657 3709 ἀπορρήτων
690 3639 717 3689 ὁ
739 3635 997 3698 Σκιπίων,
1029 3633 1116 3688 ἵνα
1150 3635 1222 3707 μὴ
1249 3635 1451 3703 γνῶσιν
1475 3637 1525 3687 οἱ
1557 3635 1911 3705 στρατιῶται,

330 3733 424 3785 τόν
459 3749 515 3784 τε
544 3732 759 3799 κήρυκα
801 3728 1113 3798 αὑθήμερον
1174 3727 1494 3797 ἀπέπεμψε,
1539 3728 1728 3798 μηδενὶ
1768 3727 1914 3800 ἄλλῳ

334 3821 843 3890 προσομιλήσαντα.
894 3819 1003 3870 Καὶ
1059 3818 1119 3871 τὸ
1169 3817 1492 3886 στράτευμα
1544 3816 1910 3885 συγκαλέσας,

336 3911 636 3964 ὲπέσπευδε
694 3911 792 3977 τὴν
851 3907 1124 3972 διάϐασιν,
1177 3907 1257 3958 ἔτι
1313 3907 1441 3968 τοὺς
1509 3905 1914 3977 Καρχηδονίους

244 4020 251 4027 ·
334 4004 757 4074 ἀπαρασκεύους
789 4002 967 4068 λέγων
1014 3998 1175 4064 εἶναι,
1211 4000 1306 4051 καὶ
1341 3998 1611 4068 πρότερον
1651 3996 1791 4068 μετὰ
1823 3995 1913 4051 τὸν

332 4096 697 4158 Μασινίσσαν,
728 4095 847 4147 τότε
881 4093 944 4162 δὴ
972 4093 1067 4144 καὶ
1087 4091 1178 4143 τὸν
1210 4089 1439 4158 Σύφακα
1480 4087 1914 4158 ’μετακαλείσθαι

336 4191 530 4252 αὐτοὺς
579 4189 674 4241 καὶ
733 4186 1074 4259 χρονίζουσιν
1130 4181 1407 4250 ἐγκαλεῖν.
1483 4179 1671 4233 Ταῦτα
1738 4178 1912 4233 εἰπὼν

335 2349 456 2404 Τῶν
521 2349 628 2419 γὰρ
679 2347 902 2400 ὑπάτων
972 2348 1200 2419 Μάρκον
1256 2346 1357 2417 μὲν
1411 2347 1664 2419 Κέθηγον
1713 2349 1791 2421 τῷ
1838 2349 2068 2421 Μαγῶνι
2096 2391 2113 2420 ,
2180 2353 2452 2409 Πούπλιον
2513 2357 2572 2412 δὲ
2598 2360 3051 2437 Σεμπρώνιοντῷ
3114 2368 3336 2445 Ἀννίϐᾳ
3376 2346 3601 2431 ἀντίτα-

2088 2534 2209 2590 Xli.
2268 2534 2754 2608 Carthaginienses
2801 2551 2986 2599 autem
3036 2555 3367 2615 metuentes,
3426 2568 3497 2611 ne
3541 2568 3601 2613 se

2015 2624 2302 2682 Masinissa
2333 2641 2459 2682 cum
2487 2628 2747 2699 Scipione
2778 2634 3158 2706 conjungeret.
3191 2639 3425 2711 Syphaci
3477 2664 3602 2717 per.

2014 2725 2311 2773 suaserunt
2356 2727 2418 2773 ut
2464 2720 2542 2775 illi
2594 2721 2968 2792 principatum
3012 2729 3382 2800 restitueret,
3437 2735 3602 2795 facile

2014 2808 2268 2863 eumdem
2296 2823 2644 2883 recepturus.
2672 2812 2959 2872 Masinissa
2986 2816 3237 2875 fraudem
3263 2824 3599 2900 intelligens.

2015 2900 2520 2958 reconciliationem
2541 2905 2659 2975 ipse
2685 2923 2906 2978 quoque
2939 2913 3241 2976 simulavit.
3273 2924 3332 2971 ut
3359 2933 3456 2974 eos
3487 2937 3603 2975 ma-

2015 3007 2119 3064 gna
2154 2994 2309 3049 elade
2347 2994 2620 3053 alliceret:
2657 3001 2731 3056 ob
2761 3003 3190 3074 Sophonisbam,
3251 3025 3415 3079 quam
3469 3031 3599 3083 pro-

2016 3095 2139 3154 pter
2165 3087 2535 3157 principatum
2561 3090 2845 3160 amissum,
2878 3096 3090 3152 iratior.
3124 3100 3315 3171 itaque
3336 3105 3601 3163 Romanis

2016 3178 2250 3240 studuit,
2277 3181 2528 3248 quamvis
2546 3196 2604 3236 se
2627 3192 2820 3253 partes
2836 3185 3382 3260 Carthaginiensium
3413 3197 3600 3252 fovere

2015 3269 2390 3336 profiteretur.
2418 3270 2624 3328 Contra
2655 3273 2896 3345 Syphax,
2930 3293 3055 3334 cum
3092 3281 3238 3339 Alris
3282 3289 3598 3343 consultum

2013 3358 2203 3417 vellet.
2230 3374 2289 3414 se
2319 3361 2630 3416 Romanum
2665 3363 2846 3421 fmdus
2880 3369 3063 3425 colere
3092 3375 3470 3441 praetendebat
3498 3397 3512 3433 :
3565 3397 3597 3436 a

2014 3465 2125 3519 quo
2168 3451 2353 3522 Scipio
2398 3455 2738 3521 admonitus,
2795 3474 2865 3515 ne
2899 3462 3202 3529 trajiceret,
3235 3467 3599 3524 caduceatore

2014 3542 2210 3598 eodem
2245 3543 2335 3600 die
2368 3546 2509 3601 ciam
2544 3548 2815 3620 ablegato,
2859 3559 2918 3605 ut
2946 3569 3069 3608 cum
3098 3557 3321 3614 nemine
3355 3561 3596 3633 colloqui

2014 3641 2220 3701 posset,
2249 3649 2319 3690 ne
2344 3634 2398 3689 id
2431 3639 2795 3695 resciscerent
2845 3640 3069 3705 milites,
3111 3656 3415 3703 convocato
3440 3666 3602 3706 exer-

2013 3723 2152 3788 citu,
2195 3726 2483 3796 trajectum
2527 3731 2856 3786 maturavit:
2899 3732 3384 3805 Carthaginienses
3417 3742 3600 3797 adhuc

2014 3815 2314 3885 imparatos
2343 3817 2511 3891 $38
2538 3836 2662 3876 esse
2704 3822 2917 3889 dicens,
2947 3840 3155 3903 eosque
3188 3829 3400 3898 pridem
3431 3832 3596 3888 Masi-

2014 3905 2245 3972 nissam,
2275 3923 2422 3963 nunc
2459 3909 2764 3981 Syphacem
2789 3917 3113 3983 accersisse,
3149 3935 3455 3994 eorumque
3483 3941 3603 3981 mo-

2014 4011 2131 4050 ram
2177 4013 2456 4055 accusare.
2495 4001 2591 4058 llis
2621 4003 2805 4070 dictis,
2855 4006 2994 4061 nihil
3040 4011 3277 4080 amplius
3307 4026 3601 4073 cunctatus

2014 4089 2224 4143 solvit:
2282 4101 2338 4145 et
2383 4091 2556 4148 classe
2612 4095 2679 4149 atl
2744 4096 3096 4166 Apollonium
3152 4108 3597 4171 promontorium

2018 4180 2315 4247 subducta,
2345 4185 2652 4254 castrisque
2676 4187 2900 4256 positis,
2932 4204 3092 4261 agros
3119 4195 3380 4259 vastavit,
3412 4206 3468 4251 et
3500 4214 3602 4269 op-

338 4280 509 4351 μηδὲν
545 4279 626 4332 ἔτι
667 4279 941 4349 μελλήσας
973 4274 1271 4344 ἑξανὴχθη,
1310 4270 1574 4344 καὶπρὸς
1620 4272 1682 4324 τὸ
1726 4271 1909 4342 ἀκρω-

2015 4270 2143 4340 pida
2175 4273 2422 4343 qua-dam
2459 4277 2627 4345 cepit.
2660 4277 2799 4332 Tum
2845 4279 3135 4337 Masinissa
3164 4283 3441 4348 llannoni.
3492 4290 3601 4344 As-

334 4374 526 4443 τήριον
554 4371 615 4425 τὸ
643 4369 981 4438 καλούμενον
1019 4364 1377 4420 Ἀπολλώνιον
1403 4363 1783 4434 προσορμίσας
1809 4363 1909 4428 τὰς

335 4463 467 4527 ναῦς
542 4461 1099 4533 ἐστρατοπεδεύσατο,
1158 4458 1251 4510 καὶ
1278 4456 1379 4527 τὴν
1415 4455 1602 4527 χώραν
1663 4456 1909 4526 ἐπόρθει,

334 4554 674 4627 προσέμισγέ
702 4570 763 4607 τε
795 4553 916 4613 ταῖς
947 4534 1285 4614 πόλεσιίκαὶ
1316 4542 1428 4602 εἷλέ
1475 4563 1651 4610 τινας.
1695 4548 1913 4616 Ἐγχει-

336 4644 514 4717 μένων
545 4646 602 4699 δὲ
646 4644 757 4697 τῶν
786 4643 1082 4712 Ῥωμαίων
1114 4642 1181 4711 τῇ
1207 4637 1382 4710 χώρᾳ,
1412 4638 1625 4694 Ἄννων
1649 4640 1678 4692 ὁ
1703 4638 1912 4707 ἵππαρ-

333 4758 448 4812 χος,
464 4741 574 4803 υίὸς
597 4738 674 4792 ὢν
699 4737 793 4792 τοῦ
835 4735 1160 4806 Ἀσδρούϐου
1177 4733 1272 4787 τοῦ
1294 4735 1587 4804 Γίσγωνος,
1612 4734 1912 4802 ἀνεπείσθη

332 4834 472 4904 πρὸς
510 4831 603 4885 τοῦ
633 4829 973 4884 Μασινίσσου
1009 4825 1294 4881 ἐπιθέσθαι
1322 4828 1527 4890 αὐτοῖς.
1574 4826 1635 4878 'O
1664 4822 1756 4891 ὠν
1782 4825 1913 4909 Σκι-

332 4925 473 4979 πίων
497 4923 700 4985 ἱππέας
729 4919 954 4991 πέμψας
974 4918 1126 4982 τινὰς
1156 4918 1332 4989 χωρία
1382 4916 1518 4986 πρὸς
1567 4915 1914 4987 καταδρομὴν

332 5018 616 5087 ἐπιτήδεια
657 5012 930 5084 ὶληϊζετο,
960 5008 1028 5063 ἶν’
1062 5008 1465 5079 ὑποφεύγοντες
1498 5007 1912 5061 ἐπισπάσωνται

330 5108 743 5168 ἐπιδιώκοντας.
779 5105 902 5158 Τῶν
941 5098 1036 5158 οὖν
1091 5094 1478 5172 Καρχηδονίων
1523 5100 1913 5171 ἐπισπομένων

329 5204 513 5266 αὐτοῖς
544 5201 687 5256 κατὰ
705 5198 775 5253 τὰ
805 5196 1138 5267 συγκείμενοι
1163 5193 1549 5265 τραπομένοις,
1577 5194 1607 5246 ὁ
1639 5195 1908 5247 Μασινίσ-

331 5312 429 5358 σας
449 5310 509 5346 τε
541 5293 684 5347 κατὰ
706 5294 879 5345 νώτου
907 5289 1205 5359 γενόμενος
1247 5284 1387 5356 μετὰ
1410 5286 1520 5339 τῶν
1567 5285 1708 5356 ἀμφ’
1741 5286 1905 5339 αὐτὸν

328 5383 558 5437 ἐπέθετο
582 5385 694 5447 τοῖς
715 5381 996 5444 διώκουσι,
1027 5378 1125 5431 καὶ
1154 5379 1182 5429 ὁ
1216 5373 1460 5428 Σκιπίων
1507 5375 1572 5427 ὲκ
1601 5372 1697 5426 τοῦ
1739 5372 1899 5443 λόχου

2013 4363 2264 4422 drubalis
2301 4364 2559 4438 Gisgonis
2594 4367 2728 4431 ﬁlio,
2760 4369 3019 4440 Magistro
3056 4375 3330 4444 equitum,
3369 4394 3599 4448 persua-

2013 4454 2087 4509 sit
2133 4465 2195 4511 ut
2247 4457 2526 4514 Romanos
2572 4461 2907 4519 adoriretur.
2953 4464 3141 4535 Scipio
3170 4467 3361 4538 igitur,
3412 4472 3601 4528 missis

2013 4548 2315 4618 equitibus,
2349 4551 2599 4620 quaedam
2633 4552 2830 4609 idonea
2860 4556 2979 4611 ioca
3011 4559 3334 4629 populatur,
3363 4570 3425 4618 ut
3452 4563 3487 4618 ii
3510 4577 3601 4618 re-

2011 4639 2275 4710 fugiendo
2320 4653 2715 4714 persequentes
2772 4649 3137 4706 attraherent.
3196 4654 3300 4721 Qui
3349 4669 3475 4711 cum
3527 4672 3598 4715 ex.

2012 4733 2321 4803 composito
2347 4735 2400 4789 in
2426 4735 2605 4807 fugam
2624 4739 2789 4803 versi,
2815 4754 2843 4794 a
2861 4741 3413 4814 Carthaginiensibus
3438 4763 3600 4819 urge—

2011 4834 2232 4890 rentur,
2287 4826 2580 4884 Masinissa
2627 4846 2656 4885 a
2698 4840 2850 4903 tergo
2900 4834 3129 4892 adortus
3172 4846 3259 4892 est
3308 4838 3492 4904 Afros,
3539 4850 3598 4896 et

2010 4917 2199 4988 Scipio
2227 4934 2294 4973 ex
2333 4919 2548 4976 insidiis
2583 4922 2846 4992 impetum
2887 4927 3074 4983 in.eos
3099 4927 3270 4984 fecit:
3313 4944 3378 4986 ac
3408 4932 3599 4987 multis

2011 5007 2187 5070 cassis,
2238 5009 2394 5063 multi
2429 5026 2553 5065 cum
2599 5011 2718 5084 ipso
2762 5014 3027 5073 Hannone
3070 5019 3213 5088 capti
3245 5029 3397 5086 sunt,
3429 5036 3595 5092 quem

2010 5097 2284 5155 Asdrubal
2310 5113 2436 5156 cum
2487 5102 2789 5160 Masinissa:
2820 5117 2999 5163 matre
3030 5119 3404 5178 permutatum
3433 5112 3598 5168 rede-

2016 5191 2136 5245 mit.
2168 5191 2378 5247 Deinde
2404 5193 2643 5264 Syphax,
2678 5195 2939 5253 Romana:
2966 5201 3221 5256 amicitia:
3243 5201 3596 5258 simulatione

2013 5282 2249 5353 abjecta,
2297 5286 2477 5355 palam
2521 5285 3074 5358 Carthaginiensibus
3098 5307 3257 5361 opem
3295 5294 3437 5348 tulit.
3478 5293 3596 5349 Ro-

2011 5375 2159 5431 mani
2197 5390 2329 5432 vero
2359 5386 2416 5432 et
2443 5386 2605 5448 σει-οε
2635 5380 3059 5449 populabantur,
3084 5390 3139 5438 et
3168 5387 3371 5441 multos
3396 5386 3493 5456 qui
3520 5386 3592 5442 ab

1548 5516 1753 5577 Varias
1785 5514 2095 5577 lectiones
2142 5526 2203 5578 et
2238 5527 2427 5580 noun.

321 5677 345 5714 ._
377 5641 651 5714 7(40)Elc
691 5638 974 5694 Ἰταλίαν.
1029 5638 1121 5694 Sic
1164 5638 1322 5708 Regii
1393 5653 1525 5693 mss.
1585 5636 1912 5693 Colbcrteus

2015 5650 2107 5703 ro,
2140 5640 2217 5702 είς
2253 5640 2489 5693 Ἰταλίαν
2527 5639 2768 5710 ἀπάρας.
2813 5641 2920 5698 Sed
2968 5643 3257 5714 legendum
3324 5645 3382 5713 ἐξ
3460 5645 3592 5703 Ἰτα-

332 5711 474 5775 λίας.

664 5764 937 5869 mn...
985 5799 1105 5862 Gn.
1157 5800 1492 5863 cxxxw.

3154 5807 3232 5867 24
