4024 6404
441 329 543 392 ’147

1721 313 2039 374 .IOANNIS
2083 314 2403 374 ΖΟΝΜίίΕ

3548 313 3653 376 ’148

434 441 698 499 Annibale
729 455 792 493 ex
821 437 971 492 Italia
999 436 1052 489 in
1083 437 1318 488 Africam
1361 431 1738 493 mittebantur,
1766 427 1994 496 recipie-

2103 424 2463 495 ἐπεκδραμὼν
2521 423 2846 496 προσέμιξεν
2889 424 3091 488 αὐτοῖς.
3137 424 3250 478 Καὶ
3315 423 3501 478 πολλοὶ
3556 429 3656 495 μὲν

436 539 585 599 bant,
612 540 667 588 et
703 531 757 584 in
786 527 1032 584 hibernis
1055 525 1126 580 ibi
1155 532 1491 578 manserunt.
1522 523 1648 575 Post
1680 521 1810 582 hmc,
1840 520 1991 573 Cneo

433 625 711 695 Scipione,
740 631 796 675 et
822 618 954 673 Caio
973 615 1203 671 Servilio
1219 614 1558 674 consulibus,
1575 611 1647 666 Ca
1657 608 1993 681 rthaginien-

435 733 522 774 ses
542 715 684 769 bello
706 709 934 780 fatigati,
953 721 1138 774 pacem
1159 705 1561 774 expetiverunt,
1583 711 1639 756 et
1661 699 1812 770 Mago
1831 707 1993 769 atque

434 805 666 863 Annibal
711 802 864 856 Italia
896 797 1239 853 exciderunt.
1274 791 1603 850 Consulibus
1643 791 1789 846 enim
1819 789 1994 844 Anni-

436 898 544 954 bali
593 903 650 950 et
699 890 910 962 Magoni
964 886 1368 950 resistentibus,
1415 883 1471 937 in
1518 883 1754 937 Africam
1809 880 1994 950 Scipio

436 1000 708 1059 grassam,
765 981 930 1036 urbes
977 977 1328 1059 oppugnavit.
1374 975 1594 1030 Interim
1625 987 1818 1028 navem
1864 972 1998 1028 Car-

439 1053 832 1145 lhaginiensem
863 1053 1100 1137 captam,
1147 1082 1270 1121 cum
1301 1075 1550 1121 vectores
1581 1080 1637 1119 se
1672 1064 1879 1133 legatos
1926 1061 1994 1116 ad

439 1172 592 1225 illum
636 1167 718 1221 Ire
759 1163 1105 1224 simularent,
1159 1161 1380 1214 missam
1413 1156 1584 1211 fecit:
1623 1171 1732 1210 non
1773 1155 1993 1222 ignora-

441 1261 588 1313 tione
626 1253 945 1319 commenti,
989 1250 1086 1305 sed
1117 1265 1184 1303 ne
1213 1245 1677 1301 infantia'violata:
1706 1241 1995 1314 legationis

439 1356 840 1419 aspergentur.
872 1343 1118 1414 Syphace
1150 1341 1218 1394 de
1247 1337 1658 1394 conditionibus
1688 1343 1902 1404 agente,
1934 1337 1994 1384 ut

439 1441 624 1511 Scipio
669 1437 875 1500 Africa,
929 1433 1082 1488 Italia
1121 1431 1410 1487 excederet
1441 1426 1695 1490 Annibal,
1739 1435 1994 1478 assensus

437 1545 558 1590 est:
596 1546 705 1586 non
731 1529 876 1600 quod
908 1526 986 1581 illi
1033 1524 1194 1578 fidem
1219 1522 1466 1582 haberet,
1489 1518 1586 1573 sed
1609 1528 1668 1571 ut
1696 1513 1995 1600 Barbarum

440 1627 493 1679 in
525 1598 768 1677 fraudem
801 1617 1050 1672 illiceret.
1081 1612 1214 1666 Nam
1255 1624 1378 1664 cum
1426 1622 1523 1676 per
1553 1604 1899 1660 indueiarum
1929 1598 1997 1652 li-

437 1715 670 1772 centiam
699 1711 834 1764 alias
854 1709 980 1762 aliis
1008 1704 1274 1759 militibus
1301 1702 1355 1753 in
1379 1692 1913 1765 Carthaginiensium
1939 1698 1995 1745 et

2095 518 2438 586 ἐφθάρησαν,
2478 517 2666 570 πολλοὶ.
2704 517 2757 570 δὲ
2791 516 2887 570 καὶ
2931 517 3195 581 ἑάλωσαν,
3241 518 3336 570 καὶ
3377 521 3405 572 ό
3447 518 3656 573 ’Ἄννων

2094 607 2274 660 αὑτός.
2300 606 2392 658 Διδ
2425 607 2454 660 δ
2490 606 2819 677 Ἀσδρούϐας
2843 607 2943 676 τὴν
2971 606 3184 677 μητέρα
3199 603 3293 658 τοῦ
3316 605 3653 660 Μασινίσσου

2095 696 2378 760 συνέλαϐε,
2406 698 2502 751 καὶ
2528 696 2992 765 ἀνταπεδόθησαν.
3036 697 3095 747 '0
3117 696 3172 749 δὲ
3206 683 3387 764 Σύφαξ
3409 696 3507 766 τῆς
3525 695 3658 761 πρδς

2107 785 2410 856 Ῥωμαίους
2456 786 2639 853 φιλίας
2679 787 2779 854 τὴν
2805 786 3028 852 δόκησιν
3081 785 3356 848 ἀπειπὼν,
3410 784 3659 854 φανερῶς

2095 879 2209 939 τοῖς
2247 876 2643 946 Καρχηδονίοις
2697 874 2986 944 συνήρατο.
3019 875 3084 926 Οί
3132 873 3190 925 δὲ
3248 874 3512 942 Ῥωμαῖοι
3566 869 3660 927 καὶ

2095 967 2380 1036 ἐληΐζοντο
2412 965 2512 1035 τὴν
2544 963 2749 1034 χώραν,
2784 965 2878 1016 καὶ
2909 964 3139 1032 συχνοὺς
3159 963 3268 1016 τῶν
3293 967 3357 1016 ἐκ
3388 965 3487 1033 τῆς
3527 965 3661 1018 Ἰτα-

2096 1059 2212 1120 λίας
2244 1056 2348 1108 ὑπὸ
2371 1055 2464 1107 τοῦ
2495 1054 2741 1108 ’Δννίϐου
2771 1054 2908 1124 πρὸς
2934 1053 3034 1124 τὴν
3062 1053 3272 1121 Λιϐύην
3301 1055 3660 1122 πεμφθέντων

2096 1145 2512 1215 ἀνεκομίσαντο,
2545 1143 2642 1197 καὶ
2675 1143 2816 1197 κατά
2853 1143 3037 1213 χώραν
3071 1142 3390 1213 ἐχείμασαν.
3425 1144 3580 1195 Μετά
3603 1145 3660 1196 δὲ

2094 1237 2288 1302 ταῦτα,
2305 1236 2501 1290 Γναίου
2535 1235 2858 1298 Σκιπίωνος,
2883 1236 2977 1288 καὶ
2992 1234 3158 1300 Γαΐου
3177 1232 3486 1301 Σερουϊλίου
3515 1232 3659 1285 ὑπα-

2093 1329 2430 1391 τευσάντων,
2462 1329 2517 1381 οῐ
2545 1345 2603 1381 τε
2638 1328 3002 1398 Καρχηδόνιοι
3039 1324 3433 1387 ἐλαττωθέντες
3453 1324 3530 1394 τῷ
3554 1340 3654 1374 πο-

2095 1416 2268 1486 λέμῳ,
2303 1416 2579 1487 συμϐῆναι
2639 1416 2926 1486 ἐθέλησαν,
2972 1416 3068 1468 καὶ
3111 1416 3142 1468 ὁ
3197 1413 3446 1471 ’Δννίϐας
3501 1413 3595 1464 καὶ
3629 1414 3659 1464 ό

2096 1508 2304 1576 Μαγὼν
2371 1510 2435 1562 ἐκ
2485 1509 2584 1577 τῆς
2647 1507 2875 1571 Ἰταλίας
2943 1507 3222 1574 ἐξέπεσον.
3283 1507 3347 1560 Ol
3402 1505 3502 1574 μὲν
3552 1504 3660 1572 γὰρ

2100 1599 2298 1653 ὕπατοι
2321 1600 2400 1670 τῷ
2426 1599 2648 1670 ’Δννίϐᾳ
2684 1599 2778 1652 καὶ
2802 1597 2880 1668 τῷ
2910 1598 3144 1666 Μαγῶνι
3187 1596 3662 1657 ἀντικαθίσταντο,

2097 1691 2342 1745 Σκιπίων
2360 1691 2417 1743 δὲ
2448 1691 2549 1758 τήν
2581 1705 2642 1742 τε
2674 1687 2885 1758 Λιϐύην
2915 1687 3142 1751 ἐκάκου,
3191 1686 3288 1740 καὶ
3326 1687 3447 1747 ταῖς
3475 1682 3666 1735 πόλεσι

437 1767 701 1878 Svphacis
727 1807 906 1857 castra
935 1795 1134 1858 missis,
1170 1804 1388 1847 omnem
1420 1789 1637 1841 illorum
1671 1784 1992 1878 apparatum

2103 1780 2456 1850 προσέϐαλλε.
2493 1781 2612 1833 Κάν
2639 1779 2816 1850 τούτῳ
2856 1777 2990 1832 ναῦν
3041 1775 3418 1848 Καρχηδονίαν
3461 1773 3666 1833 λαϐὼν,

435 1871 814 1966 explorasset:
860 1883 1233 1958 probabilibus
1265 1881 1332 1934 de
1366 1876 1566 1940 causis,
1613 1888 1796 1966 eaque
1824 1871 1996 1941 potis-

437 1965 656 2048 simum,
687 1978 834 2052 quod
873 1975 1170 2046 Syphacem
1200 1967 1496 2032 Masinissa:
1518 1965 1835 2019 insidiatum
1874 1977 1996 2018 esse

436 2071 744 2131 constabat,
774 2075 934 2136 pacta
988 2059 1252 2124 rescidit,
1297 2064 1574 2124 noctuque
1606 2054 1661 2108 in
1689 2067 1878 2108 eorum
1907 2067 1997 2106 ca-

436 2175 548 2223 stra
579 2161 752 2225 venit,
796 2171 964 2229 parvo
989 2153 1258 2223 disiuncta
1288 2147 1598 2209 intervallo,
1635 2155 1692 2201 et
1716 2145 1999 2200 Asdruba-

437 2261 526 2320 lis,
573 2253 775 2327 passim
827 2251 1005 2320 ignem
1051 2241 1258 2310 iniecit.
1306 2241 1438 2307 Quae
1461 2254 1586 2296 cum
1626 2238 1883 2292 facillime
1914 2237 1999 2292 in-

436 2360 601 2406 censa
635 2351 819 2400 essent
856 2345 1007 2410 (nam
1054 2333 1403 2392 tabernacula
1447 2346 1514 2386 ex
1544 2330 1740 2384 culmis
1767 2337 1823 2382 et
1845 2328 1999 2382 fron-

436 2442 602 2496 dibus
629 2435 874 2494 confecta
903 2428 1083 2499 erant)
1113 2435 1170 2481 et
1205 2421 1684 2492 Carthaginienses
1719 2419 1858 2473 male
1888 2427 1999 2472 tra-

437 2533 566 2591 ctali
606 2535 756 2592 sunt,
786 2533 843 2581 et
883 2521 1147 2593 Syphacis
1186 2517 1390 2580 milites
1431 2528 1591 2582 Opem
1622 2511 1804 2575 laturi,
1827 2526 1856 2565 a
1886 2512 1997 2566 Ro-

441 2623 614 2679 manis
656 2621 709 2676 in
741 2615 1029 2689 procinctu
1079 2608 1353 2666 stantibus
1394 2603 1584 2670 occisi,
1617 2615 1808 2657 eorum
1837 2597 2001 2670 439

440 2728 659 2786 quoque
695 2709 890 2766 castris
918 2702 1217 2766 succensis,
1268 2701 1325 2754 in
1354 2697 1557 2768 quibus
1589 2693 1748 2752 multi
1775 2701 1831 2747 et
1871 2692 2000 2760 equi

438 2785 497 2860 et
534 2799 786 2858 homines
815 2796 1118 2868 perierunt.
1147 2788 1380 2848 Romani
1401 2801 1527 2842 cum
1555 2785 1670 2839 haec
1690 2792 1854 2838 noctu
1880 2798 2001 2852 per-

443 2901 768 2966 petrassent,
795 2887 930 2943 nihil
957 2881 1290 2940 incommodi
1312 2885 1670 2948 acceperunt;
1697 2874 1790 2930 sed
1818 2887 2000 2936 mane,

443 2983 664 3058 llispani
688 2981 783 3055 qui
815 2971 1361 3048 Carthaginiensibus
1393 2983 1586 3058 recens
1603 2966 1807 3021 auxilio
1836 2978 1999 3017 vene—

444 3054 588 3142 rant,
632 3054 720 3131 cxi
751 3071 1045 3140 improviso
1077 3065 1282 3135 impetu
1329 3058 1384 3115 in
1440 3057 1568 3112 illos
1589 3055 1757 3160 facta:
1803 3054 2002 3154 multos
2030 3105 2071 3160 ο

444 3165 784 3224 occiderunt.
835 3156 966 3212 Inde
1038 3149 1308 3208 Asdrubal
1355 3147 1536 3202 statim
1597 3143 2003 3212 Carthaginem,

447 3260 664 3332 Syphax
690 3255 914 3311 domum
965 3246 1150 3304 rediit.
1201 3242 1384 3310 Scipio
1415 3254 1549 3295 vero
1583 3235 1818 3332 Syphaci
1845 3233 2006 3332 Masi-

446 3325 650 3408 nissam
673 3355 730 3402 et
757 3345 818 3399 C.
854 3339 1078 3397 Lmlium
1105 3332 1380 3406 opposuit,
1409 3331 1525 3400 ipse
1557 3337 1748 3384 contra
1779 3325 2009 3380 Cartha-

445 3445 699 3513 ginenses
738 3443 823 3492 est
868 3429 1167 3501 profectus.
1225 3423 1307 3479 Illi
1350 3436 1481 3477 vero
1531 3419 1599 3475 ad
1649 3415 2006 3474 munitionem

445 3511 776 3590 castrorum,
804 3523 860 3576 in
891 3519 1095 3589 quibus
1125 3513 1356 3571 Romani
1381 3511 1761 3576 hibernarant,
1789 3523 2008 3579 quoque

443 3619 632 3677 omnia
653 3631 751 3672 sua
774 3611 1145 3674 contulerant,
1179 3619 1349 3660 naves
1381 3602 1671 3664 miserunt,
1708 3611 1767 3656 ut
1795 3610 1888 3656 aut
1915 3616 2011 3656 eas

446 3719 728 3784 caperent,
763 3715 858 3762 aut
906 3701 1215 3771 Scipionem
1267 3714 1298 3751 a
1332 3711 1450 3751 sese
1483 3703 1867 3750 removerent:
1908 3708 2010 3748 nec

452 3783 698 3859 frustrati
727 3802 875 3853 sunt.
905 3792 982 3846 Eo
1012 3789 1159 3845 enim
1191 3788 1431 3858 cognito,
1475 3784 1761 3840 obsidione
1796 3783 2007 3845 relicta,

451 3907 686 3968 prepere
733 3887 1028 3946 stationem
1095 3880 1317 3936 navium
1362 3877 1642 3932 custodiit.
1689 3875 1872 3929 Primo
1922 3875 2010 3928 die

453 3967 642 4042 hostes
678 3980 839 4038 facile
861 3975 1252 4050 prepulsarunt
1274 3971 1532 4026 Romani:
1562 3967 1824 4038 postridie
1853 3968 2012 4036 longe

451 4075 740 4134 inferiores
755 4072 996 4125 fuerunt.
1025 4065 1158 4121 Nam
1183 4060 1660 4131 Carthaginienses
1681 4058 1876 4124 ferreis
1899 4073 2014 4112 ma-

453 4168 617 4224 nibus
661 4161 901 4235 injectis.
949 4171 1117 4213 naves
1168 4154 1376 4223 aliquot
1423 4165 1615 4206 eorum
1660 4149 2009 4204 revellerunt.

2100 1876 2331 1944 ἀφῆκεν,
2361 1872 2482 1924 ἐπεὶ
2511 1872 2646 1941 πρὸς
2681 1871 2843 1924 αὐτὸν
2879 1870 2971 1922 ἐπὶ
3000 1869 3268 1940 πρεσϐείᾳ
3316 1866 3668 1936 ἀφικνεῖσθαι

2104 1967 2428 2019 ἐπλάσαντο.
2485 1964 2637 2034 ’ᾘδει
2719 1963 2818 2030 μὲν
2880 1962 2987 2033 γὰρ
3038 1962 3099 2013 τὸ
3155 1961 3398 2030 πλάσμα,
3450 1959 3670 2027 πρόετε-

2105 2073 2244 2127 μησε
2271 2057 2328 2109 δὲ
2361 2055 2426 2108 τὸ
2467 2055 2541 2124 μὴ
2576 2053 2958 2122 διαϐληθῆναι,
2989 2051 3063 2113 ῶς
3091 2049 3354 2120 πρέσϐεις
3395 2065 3670 2116 κατεσχηο

2104 2146 2235 2210 κὼς.
2263 2147 2374 2200 Kal
2422 2145 2516 2198 τοῦ
2562 2144 2811 2212 Σύφακος
2863 2144 3195 2212 πράττοντος
3230 2139 3311 2191 ἔτι
3353 2137 3665 2205 διαλλαγὰς,

2111 2238 2256 2292 ὥστε
2283 2239 2376 2292 καὶ
2406 2240 2468 2290 ἐκ
2528 2237 2624 2305 τῆς
2657 2235 2862 2303 Λιϐύης
2897 2233 2993 2302 μὲν
3022 2232 3110 2284 τὸν
3143 2230 3444 2290 Σκιπίωνα,
3483 2229 3576 2280 τὸν
3622 2227 3670 2278 δ’

2103 2329 2354 2384 ’Δννίϐαν
2377 2331 2441 2382 ἐκ
2473 2329 2570 2395 τῆς
2608 2327 2837 2387 Ἰταλίας
2868 2323 3104 2392 ἀπάραι,
3137 2322 3354 2387 ἐδέξατο
3379 2321 3469 2373 τὸν
3488 2319 3664 2386 λόγον,

2103 2422 2202 2494 οὐχ
2223 2422 2297 2486 ῶς
2327 2420 2598 2475 πιστεύων
2637 2417 2808 2486 αὐτῷ,
2843 2417 2930 2468 ἵνα
2971 2415 3028 2468 δὲ
3083 2414 3262 2484 σφήλῃ
3315 2411 3494 2464 αὐτόν.
3548 2409 3667 2462 Τῶν

2103 2517 2212 2586 γὰρ
2240 2514 2586 2584 στρατιωτῶν
2613 2511 2802 2566 ἄλλοτε
2833 2509 3028 2570 ἀλλους
3055 2507 3196 2560 κατὰ
3227 2507 3326 2575 τὴν
3356 2506 3463 2556 τῶν
3502 2521 3666 2557 σπον-

2105 2605 2210 2660 δῶν
2239 2605 2514 2677 πρόφασιν
2545 2604 2602 2663 ἐς
2644 2601 2705 2653 τὸ
2744 2598 3111 2668 στρατόπεδον
3149 2597 3210 2650 τὸ
3242 2597 3351 2649 τῶν
3383 2595 3668 2665 Καρχηδοο

2107 2699 2234 2750 νίων
2261 2697 2515 2766 πέμπων,
2564 2694 2656 2746 καὶ⁵
2712 2693 2770 2744 τὸ
2828 2689 2921 2743 τοῦ
2983 2690 3257 2757 Σύφακος,
3310 2687 3433 2739 ἐπεὶ
3470 2689 3668 2740 ἐκεῖνοι

2107 2787 2286 2842 πάντα
2301 2784 2370 2838 τὰ
2395 2783 2522 2852 παρ’
2545 2782 2728 2843 αὐτοῖς
2763 2778 3192 2848 κατεσκέψαντο,
3244 2777 3343 2846 τὴν
3398 2775 3668 2845 σύμϐασιν

2106 2876 2200 2928 ἀπ’
2237 2873 2456 2940 εὐλόγου
2487 2873 2549 2942 δή
2576 2888 2718 2933 τινος
2743 2871 3020 2939 σκήψεως,
3053 2870 3229 2932 ἄλλως
3257 2885 3317 2920 τε
3348 2867 3441 2920 καὶ
3493 2869 3571 2919 ὅτι
3638 2869 3669 2919 ό

2108 2963 2291 3032 Σύφαξ
2319 2961 2685 3016 ἐπιϐουλεύων
2733 2961 2992 3032 ἐφωράθη
3052 2959 3127 3030 τῷ
3177 2959 3506 3032 Μασινίσσᾳ,
3561 2958 3669 3011 διε-

2108 3056 2395 3124 κρούσατο.
2429 3054 2639 3114 Νυκτὸς
2656 3054 2702 3106 δ’
2729 3049 2892 3121 ἦλθεν
2915 3055 2994 3115 εις
3019 3053 3085 3106 τὰ
3108 3052 3446 3121 στρατόπεδα
3469 3050 3667 3114 αὐτῶν,

2107 3147 2169 3199 οὐ
2201 3147 2342 3200 πάνυ
2375 3145 2621 3216 ἀλλήλων
2649 3143 2919 3214 διέχοντα,
2954 3145 3051 3196 καὶ
3090 3143 3202 3214 πῦρ
3233 3145 3290 3206 ἐς
3316 3144 3376 3197 τὸ
3416 3144 3510 3196 τοῦ
3545 3145 3671 3196 Ἀσ-

2105 3235 2333 3305 δρούϐου
2368 3233 2692 3303 πολλαχόθεν
2725 3233 2842 3303 ἅμα
2868 3231 3129 3285 ὑπέϐαλε.
3167 3231 3278 3284 Καὶ
3325 3230 3671 3301 ἐμπρησθέν-

2107 3341 2198 3387 τος
2221 3326 2394 3395 ρᾷστα
2425 3323 2592 3376 αὐτοῦ
2627 3323 2711 3394 (ἐκ
2736 3324 2844 3394 γὰρ
2878 3323 3132 3391 καλάμης
3159 3325 3254 3376 καὶ
3277 3323 3342 3375 ἐκ
3392 3321 3673 3391 φυλλάδων

2109 3417 2428 3483 ἐπεποίηντο
2450 3415 2632 3476 αὐτοῖς
2665 3416 2723 3467 αἱ
2752 3413 2990 3484 σκηναὶ),
3016 3414 3070 3466 of
3096 3429 3153 3466 τε
3183 3414 3542 3483 Καρχηδόνιοι
3570 3429 3672 3466 κα-

2110 3507 2224 3570 κῶς
2255 3506 2594 3575 ἀπήλλαξαν,
2629 3506 2720 3558 καὶ⁵
2743 3505 2794 3557 οἱ
2827 3506 2954 3574 περὶ
2976 3504 3069 3557 τὸν
3117 3505 3360 3572 Σύφακα,
3408 3502 3674 3573 βοηθῆσαι

2109 3597 2292 3658 αὐτοῖς
2320 3595 2706 3666 ἐθελήσαντες,
2758 3597 2869 3658 τοῖς
2901 3613 2962 3648 τε
3005 3594 3300 3664 Ῥωμαίοις
3339 3597 3452 3657 τοῖς
3485 3595 3675 3665 περιέ-

2109 3706 2296 3760 χουσιν
2326 3689 2674 3760 περιέπεσον,
2696 3689 2791 3740 καὶ
2811 3688 2966 3740 αὐτοὶ
2987 3686 3288 3750 ἀπώλοντο,
3312 3687 3405 3740 καὶ
3430 3685 3490 3739 τὺ
3508 3702 3676 3756 στρα-

2111 3780 2333 3834 τόπεδον
2361 3777 2818 3849 προσενεπρήσθη
2848 3777 3048 3842 αὐτῶν,
3073 3777 3168 3830 καὶ
3195 3777 3512 3848 ἐφθάρησαν
3539 3777 3673 3830 πολ·

2111 3871 2193 3924 λοι
2223 3875 2316 3925 καὶ
2353 3872 2509 3924 ἵπποι
2541 3870 2639 3924 κω.
2665 3869 2964 3941 ἄνθρωποι.
2997 3870 3060 3922 Οἱ
3105 3869 3369 3938 Ῥωμαῖοι
3403 3869 3460 3923 δὲ
3503 3868 3678 3924 ταῦτα

2113 3959 2493 4030 πεποιηκότες,
2527 3959 2718 4021 νυκτὸς
2755 3958 2856 4029 μὲν
2882 3958 3032 4012 οὐδὲν
3067 3958 3288 4011 ἔπαθον.
3344 3959 3586 4028 Ἡμέρας
3629 3957 3676 4010 δ’

2122 4050 2527 4120 ἐπιφαυσάσης,
2563 4049 2779 4120 Ἴϐηρες
2817 4049 2942 4118 ἄρτι
2993 4048 3384 4120 Καρχηδονίοις
3414 4049 3504 4101 ἐπὶ
3535 4065 3676 4116 συμ-

2117 4141 2285 4213 μαχίᾳ
2329 4139 2598 4205 ἐλθόντες,
2631 4140 2977 4212 προσέπεσον
3034 4139 3220 4202 αὐτοῖς
3278 4139 3678 4209 ἀπρισδόκητοι

454 4258 560 4314 Sed
596 4257 654 4311 in
699 4226 901 4310 terram
949 4244 1281 4302 exscendere
1327 4256 1438 4296 non
1474 4240 1615 4302 ausi.
1661 4238 1894 4294 navibus
1919 4239 2001 4294 do-

2117 4234 2211 4289 καὶ
2239 4233 2470 4298 πολλοὺς
2489 4233 2839 4288 ἀπέκτειναν.
2874 4231 3047 4293 Εὐθὺς
3094 4226 3187 4286 οὖν
3218 4229 3547 4301 Ἀσδρούϐας
3578 4230 3680 4299 μὲν

454 4359 605 4400 ιιιιιιιι
656 4339 920 4401 reductis,
974 4333 1265 4404 imperium
1323 4327 1613 4384 Asdrubali
1673 4326 2001 4396 abrogatum,

2121 4334 2197 4393 si;
2223 4333 2323 4403 τὴν
2347 4329 2692 4402 Καρχηδόνα,
2725 4325 2912 4396 Σύφαξ
2964 4326 3023 4379 δέ
3060 4326 3242 4379 οῐκαδε
3293 4324 3676 4395 ἀπεχώρησεν.

458 4431 709 4490 llannoni
739 4429 957 4485 cuidam
983 4421 1345 4480 tradiderunt.
1394 4417 1524 4475 Inde
1549 4415 1820 4472 Asdrubal
1842 4416 2001 4472 servi:

2127 4421 2188 4474 '0
2219 4422 2277 4474 δέ
2312 4437 2375 4489 γε
2425 4419 2663 4472 Σκιπίων
2713 4417 2923 4486 Σύφακι
2948 4417 3046 4486 μὲν
3078 4415 3169 4470 τὸν
3198 4416 3538 4471 Μασινίσσαν
3584 4417 3681 4468 καὶ

455 4534 512 4582 et
557 4519 852 4589 transfugis
899 4512 1190 4581 susceptis,
1244 4518 1434 4578 stt-apte
1462 4506 1789 4562 auctoritate
1829 4506 2001 4575 capias

2121 4513 2282 4568 Γαῖον
2315 4512 2578 4573 ἀντέταξε
2607 4510 2859 4564 Λαίλιον⁸
2893 4509 3057 4572 αὐτὸς
3092 4510 3138 4563 δ’
3172 4511 3263 4563 ἐπὶ
3293 4509 3421 4573 τοὺς
3453 4509 3680 4580 Καρχη-

458 4631 570 4678 non
619 4611 918 4668 imbecilles
941 4605 1155 4675 coegit:
1194 4615 1249 4657 et
1289 4600 1564 4669 Hispanis,
1615 4598 1708 4668 qui
1741 4599 1796 4653 in
1823 4598 2001 4653 castris

2122 4607 2328 4668 δονίους
2357 4604 2578 4672 ἦλασεν.
2607 4605 2670 4654 Ui
2691 4601 2734 4654 δ’
2764 4599 2832 4654 αὖ
2856 4601 3216 4672 Καρχηδόνιοι
3249 4600 3384 4670 πρὸς
3413 4600 3474 4653 τὸ
3500 4599 3682 4670 ἔρυμα

459 4701 731 4773 Scipionis
765 4697 1092 4759 militabant,
1147 4692 1251 4748 sibi
1296 4691 1433 4746 clam
1477 4689 1796 4751 conciliatis,
1849 4697 2001 4742 nocti

2116 4695 2224 4748 τῶν
2253 4693 2564 4763 Ῥωμαίων,
2598 4687 2642 4760 ᾧ
2661 4691 2925 4762 χειμαδίῳ
2952 4692 3213 4763 ἐχρῶντο,
3245 4692 3340 4748 καὶ
3359 4693 3417 4755 ἐς
3448 4691 3477 4744 ὃ
3495 4691 3682 4744 ἀπετί-

459 4801 636 4846 castra
653 4789 778 4858 ‘ejus
804 4803 870 4842 cx
896 4784 1113 4838 insidiis
1140 4779 1343 4833 adoriri
1393 4776 1649 4832 instituit.
1697 4778 1774 4830 Ac
1808 4777 2001 4831 checis

2117 4787 2269 4840 θεντο
2287 4785 2486 4858 πάντα,
2505 4783 2636 4846 ναῦς
2665 4783 2939 4853 ἔπεμψαν,
2956 4783 3090 4854 ἴναῆ
3125 4783 3256 4837 αὐτὸ
3286 4783 3611 4854 αἱρήσωσιν,
3647 4781 3683 4852 ἢ

460 4891 544 4939 set
589 4847 817 4948 aliq'uid,
876 4875 980 4930 nisi
1027 4883 1082 4927 ct
1109 4886 1345 4942 augures
1396 4869 1656 4937 auspiciis
1685 4868 1910 4932 turbati,
1962 4885 1992 4924 e

2117 4877 2209 4946 ἀφ’
2230 4847 2700 4939 ἐαύτῶνάπάξωσι
2864 4847 3162 4929 Σκιπίωνα·
3193 4876 3288 4929 καὶ
3313 4847 3471 4944 ἔσχεν
3487 4847 3681 4936 οὕτως.

464 4969 759 5028 Masinissae
786 4974 958 5020 mater
982 4962 1164 5017 divino
1191 4959 1426 5029 quodam
1453 4959 1656 5024 alllatu,
1684 4959 1990 5014 eﬂ‘ecisscnt

2118 4966 2316 5022 Μαθὼν
2333 4968 2440 5036 γὰρ
2461 4966 2521 5018 τὸ
2533 4965 2814 5035 γινόμενον
2829 4964 3134 5034 ἀπανέστη,
3153 4965 3248 5018 καὶ
3260 4964 3534 5035 ἐπειχθεὶς
3546 4965 3684 5034 προς

465 5073 523 5116 ιιι
561 5058 887 5129 quaestiones
913 5055 979 5109 de
1010 5054 1091 5108 eis
1113 5051 1466 5104 haberentur.
1499 5050 1589 5105 Sic
1613 5051 1723 5105 illis
1747 5060 1873 5104 ante
1897 5067 2001 5119 pcr-

2124 5059 2215 5111 τδν
2233 5057 2595 5126 ναύσταθμον,
2616 5057 2704 5109 διά
2719 5056 2964 5125 φυλακῆς
2984 5056 3142 5108 αὑτὸν
3156 5056 3467 5124 ἐποιήσατο.
3491 5056 3602 5109 Καὶ
3615 5057 3683 5124 τῇ

465 5162 742 5225 petratum
789 5148 1001 5202 facinus
1039 5145 1305 5214 supplicio
1332 5143 1564 5208 affectis,
1617 5143 1798 5212 Scipio
1830 5159 2001 5197 rursus

2131 5149 2228 5217 μὲν
2286 5148 2478 5217 πρώτῃ
2511 5145 2691 5215 ἡμέρᾳ.
2745 5145 2939 5214 ῥᾳδίως
2973 5146 3095 5206 τοὺς
3149 5143 3555 5213 προσμίξαντας
3584 5143 3684 5196 αὑ-

467 5247 534 5299 ad
569 5239 975 5311 Carthaginem,
1018 5237 1238 5290 admoto
1269 5236 1538 5299 exercitu,
1570 5248 1758 5303 agrum
1792 5235 1949 5288 ussit.

2129 5243 2239 5303 τοῖς
2272 5239 2596 5292 ἀπεώσαντο
2623 5239 2671 5290 οἱ
2710 5236 2992 5305 Ῥωμαῖοι,
3031 5238 3097 5306 τῇ
3135 5235 3179 5288 δ’
3226 5235 3490 5305 ὑστεραίᾳ
3549 5234 3686 5287 πολὺ

464 5337 879 5408 ἠλαττώθησαν.
909 5331 1013 5383 Καὶ
1047 5327 1177 5390 ναῦς
1205 5329 1312 5398 γὰρ
1349 5327 1458 5380 τῶν
1500 5327 1786 5396 Ῥωμαίων
1831 5327 2029 5396 χειρῶν
2069 5331 2302 5401 σιδηρῶν
2363 5329 2588 5397 ἐπιϐολῇ
2622 5327 2967 5382 ἀπέσπασαν.
3033 5325 3328 5394 ’Λποϐῆναι
3372 5327 3418 5379 δ’
3471 5330 3528 5389 ἐς
3586 5323 3686 5394 τὴν

468 5435 570 5500 γῆν
594 5430 693 5481 οὐκ
729 5426 1056 5493 ἐτόλμησαν,
1097 5419 1214 5472 ἀλλ’
1248 5417 1690 5480 ἀναπλεύσαντες
1717 5419 1900 5472 οἴκαδε
1931 5419 2022 5472 τὸν
2074 5421 2409 5492 Ἀσδρούϐαν
2469 5419 3002 5488 ἀπεχειροτόνησανο
3041 5415 3288 5468 Ἄννωνα
3331 5416 3388 5468 δέ
3435 5433 3553 5469 τινα
3593 5418 3686 5467 ἀν-

467 5525 723 5576 θείλοντο.
759 5521 878 5572 Κάκ
923 5517 1112 5569 τούτου
1145 5515 1355 5566 Ἀννων
1409 5509 1508 5581 μὲν
1570 5512 1873 5582 στρατηγὸς
1925 5507 2014 5582 ἦν,
2055 5514 2262 5576 ἐκεῖνος
2325 5513 2380 5566 δὲ
2416 5511 2537 5566 καθ’
2594 5511 2786 5565 ἑαυτὸν
2807 5507 3021 5570 δούλους
3043 5508 3195 5567 τινὰς
3225 5508 3316 5558 καὶ
3358 5508 3686 5576 αὐτομόλους

466 5613 822 5685 παραλαϐὼν,
843 5613 1071 5683 δύναμιν
1096 5609 1199 5663 οὐκ
1243 5607 1445 5675 ἀσθενῆ
1477 5603 1866 5675 συνεκρότησε,
1925 5603 2020 5657 καί
2057 5623 2207 5669 τινας
2264 5603 2375 5657 τῶν
2415 5603 2642 5672 Ἰϐήρων
2719 5601 2826 5655 τῶν
2872 5602 3388 5670 συστρατευομένων
3430 5600 3507 5667 τῷ
3557 5599 3685 5649 Σκι-

470 5707 627 5757 πίωνι
677 5703 859 5772 κρύφα
905 5702 1244 5764 ἀναπείσας,
1291 5698 1614 5768 ἐπεχείρησε
1665 5698 1856 5760 νυκτὸς
1889 5695 2272 5749 ἐπιϐουλεῦσαι
2341 5691 2418 5772 τῷ
2482 5691 2828 5762 στρατοπέδῳ
2890 5691 3076 5746 αὐτοῦ.
3158 5690 3274 5741 Κᾶν
3326 5687 3686 5757 ἐξειργάσατό
