4024 6406
424 353 544 419 ’Ἷῦί

1767 352 2090 414 JOANNIS
2123 352 2441 412 ZONARAE

3596 359 3704 420 752

441 478 824 532 excesserunt,
866 483 976 523 non
1027 476 1252 538 propter
1299 466 1764 538 paciﬁcationem,
1815 467 1912 522 sed
1959 482 2008 520 at

2130 464 2321 518 ἔδοσαν
2354 466 2446 517 καὶ
2482 465 2608 527 τοὺς
2635 466 3014 536 αἰχμαλώτους
3053 469 3257 534 πάντας
3289 471 3576 526 ἀπέδωκαν
3610 474 3702 525 καί

443 565 649 620 bellum
685 562 1046 617 domesticum
1083 565 1470 628 properantes.
1502 558 1571 612 At
1600 556 1760 629 αι
1786 555 2020 611 Cartha-

441 657 743 728 ginienses,
770 668 894 709 cum
927 651 1082 722 prius
1119 649 1288 704 etiam
1308 663 1497 719 pacem
1537 647 1766 702 minime
1809 647 2019 718 cogita-

423 757 586 810 .rent.
621 761 724 800 nec
768 759 890 798 eam
967 741 1080 796 alio
1138 739 1373 795 consilio
1435 737 1744 810 petiissent,
1789 736 1897 792 nisi
1958 747 2020 792 ut

439 851 657 909 tempus
680 843 978 898 terrerent,
1005 833 1136 887 dum
1181 833 1399 887 veniret
1433 831 1700 897 Annibal;
1733 830 1856 902 ejus
1905 828 2018 884 ad-

435 938 605 985 ventu
652 929 907 991 recreati,
941 925 1255 996 Scipionem
1297 932 1446 978 terra
1501 923 1752 992 marique
1798 921 2016 976 invase-

437 1031 587 1074 runt.
623 1019 722 1072 lllo
752 1033 885 1072 vero
915 1015 1327 1085 expostulante,
1364 1026 1546 1083 neque
1571 1011 1874 1081 quidquam
1899 1024 2018 1065 mo-

434 1112 607 1166 derati
640 1109 835 1180 legatis
877 1107 1314 1178 responderunt;
1353 1115 1408 1160 et
1439 1105 1706 1160 abeuntes
1733 1117 1834 1174 per
1879 1102 2016 1157 insi-

433 1202 554 1256 dias
592 1200 944 1264 occidissent,
971 1198 1077 1252 nisi
1113 1197 1343 1252 fortuito
1376 1205 1542 1252 vento
1595 1205 1788 1251 exorto
1831 1202 2019 1250 essent

433 1291 763 1346 conservati.
790 1290 979 1359 Itaque
1011 1288 1196 1357 Scipio
1225 1287 1765 1342 senatusconsultum
1788 1285 1856 1340 de
1885 1299 2017 1355 pace

432 1384 652 1442 interim
676 1385 924 1444 allatum,
948 1397 1058 1436 non
1085 1389 1263 1435 ratum
1292 1379 1508 1434 habuit.
1535 1375 2017 1448 Carthaginienses

431 1492 583 1540 vero,
618 1475 844 1546 Magone
871 1474 924 1529 in
951 1471 1163 1529 ltaliam
1185 1471 1440 1534 remisso,
1482 1468 1807 1525 Annibalem
1843 1484 2018 1524 exer-

431 1568 566 1622 citui
597 1581 722 1622 cum
761 1579 979 1621 summo
1029 1562 1261 1632 imperio
1299 1561 1682 1632 praefecerunt,
1727 1559 2016 1630 repudiato

430 1659 718 1724 Hannone,
751 1668 809 1713 et
854 1656 1164 1712 Asdrubale
1197 1654 1394 1725 capitis
1418 1653 1696 1708 damnato.
1727 1651 1831 1718 Qui
1886 1666 2011 1706 cum

429 1754 580 1809 ultro
607 1766 880 1807 venenum
923 1748 1218 1812 hausisset,
1281 1747 1337 1800 in
1378 1745 1618 1800 cadaver
1643 1747 1765 1813 ejus
1793 1752 1881 1799 est
1909 1758 2014 1798 sac-

2123 553 2265 625 ὗπὲρ
2293 554 2400 606 τῶν
2430 554 2634 607 λοιπῶν
2670 559 2971 625 πρεσϐείαν
3016 563 3095 623 εἰς
3149 564 3248 629 τὴν
3298 561 3515 633 Ῥώμην
3565 565 3700 615 ἁπέ-

2121 643 2361 699 στειλαν.
2391 645 2531 708 Τοὺς
2560 646 2620 700 δέ
2651 663 2715 716 γε
2757 649 3018 718 πρέσϐεις
3043 653 3094 704 οί
3134 652 3397 722 Ῥωμαῖιι
3460 657 3578 708 τότε
3635 654 3700 707 ού

2120 734 2544 807 προσεδέξαντο,
2607 736 2859 805 λέγοντες
2909 742 3010 794 οὐκ
3045 741 3186 796 εἶναι
3245 746 3474 815 πάτριον
3525 747 3700 815 σφίσι,

2121 826 2508 897 στρατοπέδων
2545 828 2605 880 ἐν
2648 830 2718 898 τῇ
2763 827 2966 901 Ἰταλίᾳ
3012 832 3180 884 ὄντων
3236 838 3367 893 τισὶ.
3406 839 3702 908 πρεσϐείαν
3755 894 3758 898 ,

2119 918 2442 989 προσίεσθαι
2465 918 2523 982 ἐξ
2554 918 2735 972 αὐτῶν
2771 923 2864 974 καὶ
2885 924 3245 993 χρηματίζειν
3283 928 3422 998 ὑπὲρ
3452 931 3699 1000 εἰρήνης.

2119 1008 2390 1080 ’Υστερον
2455 1009 2513 1063 δὲ
2561 1011 2876 1080 ἀπάραντος
2928 1012 3021 1065 τοῦ
3065 1031 3123 1068 τε
3177 1014 3424 1069 Ἀννίϐω
3460 1024 3554 1072 καὶ
3603 1023 3700 1072 τοῦ

2118 1102 2407 1171 Μαγῶνος,
2451 1101 2613 1168 λόγου
2667 1101 2818 1170 σφίσι
2861 1105 3173 1174 μετέδωκαν
3215 1108 3310 1160 καὶ
3359 1110 3700 1178 ἐψηφίσαντο

2116 1194 2219 1255 τὰς
2246 1194 2500 1257 σπονδάς.
2527 1194 2913 1266 Ἐξεχὼρησαν
2941 1197 2996 1250 δὲ
3023 1200 3119 1269 τῆς
3147 1200 3381 1264 Ἰταλίας
3428 1203 3456 1253 ὅ
3489 1219 3548 1252 τε
3575 1202 3699 1254 ’Λνο

2118 1283 2275 1346 νίϐας
2303 1284 2402 1338 καὶ
2433 1286 2460 1337 ὁ
2489 1285 2722 1354 Μαγὼν,
2752 1287 2812 1339 ού
2837 1286 2924 1339 διὰ
2942 1287 3043 1358 τὴν
3074 1289 3362 1359 σύμϐασιν,
3395 1291 3529 1346 ἀλλὰ
3558 1294 3697 1360 πρὸς

2117 1375 2209 1429 τὸν
2232 1373 2375 1429 οίκοι
2401 1375 2640 1448 πόλεμον
2682 1379 3052 1449 ἐπειγόμενοι.
3079 1381 3142 1434 Οί
3193 1381 3236 1433 δ’
3294 1385 3352 1434 ὲν
3517 1383 3692 1454 Λιϐύη

2117 1467 2482 1538 Καρχηδόνιοι
2505 1469 2625 1523 οὐδὲ
2659 1471 2928 1544 πρότερον
2960 1473 3235 1543 είρηναῖόν
3260 1489 3312 1525 τι
3349 1473 3695 1543 φρονοῦντες,

2119 1559 2211 1611 κοιλ⁵
2238 1561 2366 1630 περὶ
2405 1561 2651 1616 σπονδῶν
2678 1563 2772 1615 ἐπὶ
2799 1567 2867 1635 τῇ
2900 1563 2996 1617 τοῦ
3041 1567 3235 1635 χρόνον
3292 1565 3452 1635 τριϐῇ
3485 1564 3572 1616 διὰ
3599 1563 3699 1632 τὴ)

2113 1649 2209 1702 τοῦ
2239 1650 2484 1704 Ἀννίϐου
2519 1655 2830 1723 παρουσίαν
2863 1657 3458 1729 ἐπικηρυκευσάμενοι,
3505 1655 3579 1717 ὼς
3610 1653 3701 1706 τὸν

2114 1742 2368 1799 Ἀννίϐαν
2430 1747 2799 1817 πλησιάζοντα
2858 1747 3085 1818 ἔμαθον,
3155 1748 3559 1818 ἀνεθάρσησαν,
3607 1742 3701 1796 καὶ

427 1845 624 1900 vitum.
655 1841 917 1904 Annibal,
949 1839 1100 1894 omni
1139 1846 1411 1908 potestate
1441 1845 1686 1905 accepta,
1717 1835 2008 1890 Masinissae

2117 1836 2380 1892 ἐπέθεντο
2409 1840 2486 1910 τῷ
2513 1840 2778 1893 Σκιπίωνι
2812 1839 2954 1892 κατά
2983 1841 3087 1909 γῆν
3112 1856 3170 1892 τε
3203 1841 3298 1893 καὶ
3331 1839 3472 1892 κατὰ
3494 1836 3700 1890 οέιλασ⁴

428 1946 659 2000 regnum
697 1929 1010 1999 populatus,
1061 1941 1121 1981 se
1153 1925 1223 1980 ad
1256 1924 1715 1980 committendum
1743 1939 1868 1978 cum
1903 1923 2012 1980 Bo-

428 2019 608 2074 manis
643 2018 890 2088 praelium
926 2022 1108 2086 parat.
1145 2013 1295 2068 Idem
1319 2021 1375 2069 et
1403 2029 1433 2067 a
1462 2013 1722 2083 Scipione
1751 2015 1974 2068 factum.

2120 1945 2244 1981 σαν.
2277 1930 2550 1983 Κάκείνου
2597 1929 2730 2002 περὶ
2783 1930 2973 1984 τούτου
3023 1931 3210 1994 αὐτοῖς
3274 1929 3699 1999 ἐγκαλέσαντο;,

2115 2018 2240 2073 οὔτε
2278 2021 2500 2093 μέτριόν
2529 2041 2580 2075 τι
2628 2025 2740 2086 τοῖς
2807 2023 3106 2092 πρέσϐεσιν
3158 2023 3549 2092 ἀπεκρίναντο,
3603 2018 3700 2072 καὶ

425 2108 1021 2170 ὲπεϐούλευσαναύτοῖς
1043 2104 1445 2160 ἀποπλεύσασι⁶
1473 2105 1569 2159 καὶ
1608 2105 1657 2157 εἰ
1713 2104 1789 2175 μὴ
1847 2107 2064 2178 πνεῦμα
2123 2114 2358 2184 τυχαίως
2419 2114 2634 2184 συμϐὰν
2681 2114 2864 2178 αὺτοῖς
2917 2114 3238 2185 ἐϐοήθησεν,
3281 2112 3562 2166 ἀπώλοντο
3608 2112 3699 2164 ἄν’

429 2202 594 2257 Ὅθεν
625 2202 719 2256 καὶ
745 2201 775 2254 ὁ
805 2198 1048 2254 Σκιπίων
1085 2199 1144 2252 ἐν
1170 2196 1352 2267 τούτῳ
1403 2197 1498 2267 τῆς
1537 2197 1721 2268 ψήφου
1749 2198 1850 2268 τῆς
1879 2201 2008 2269 περὶ
2046 2205 2145 2274 τῆς
2202 2206 2432 2274 εἰρήνης
2483 2205 2842 2277 κομισθείσης
2893 2205 3081 2258 οὐκέτι
3155 2205 3327 2276 αὐτὴν
3377 2206 3695 2274 ἐποιήσατο.

427 2296 496 2349 Οί
523 2292 616 2350 οὖν
649 2292 1014 2365 Καρχηδόνιοι
1041 2291 1134 2345 τὸν
1176 2291 1278 2361 μέν
1300 2289 1552 2360 Μαγῶνα
1613 2291 1695 2352 είς
1739 2289 1842 2360 τὴν
1899 2292 2136 2349 Ἰταλίαν
2198 2297 2547 2369 ἀνέπεμψαν,
2578 2298 2669 2352 τὸν
2691 2298 2736 2352 δ’
2798 2297 3050 2352 Ἀννίϐαν
3086 2298 3464 2367 αὐτοκράτορα
3534 2312 3702 2365 στρα-

425 2391 592 2460 τηγὸν
608 2388 920 2453 ἀπέδειξαν,
949 2385 1040 2440 τὸν
1068 2385 1320 2440 Ἄννωνα
1346 2384 1445 2455 τῆς
1476 2385 1650 2455 ἀρχῆς
1681 2386 2009 2448 παύσαντες.
2049 2388 2155 2441 Τὸν
2208 2390 2254 2442 δ’
2283 2391 2628 2463 ’Ἀσδρούϐαν
2660 2393 2754 2445 καὶ
2781 2391 3103 2444 ἀποκτεῖναι
3164 2390 3522 2460 ἐψηφίσαντο,
3550 2404 3697 2457 φαρ-

421 2489 590 2560 μάκῳ
617 2487 676 2542 δέ
711 2481 974 2546 ἐκουσίως
1012 2481 1315 2553 φθαρέντα,
1364 2477 1462 2535 καὶ
1487 2481 1684 2551 νεκρὸν
1736 2481 2022 2552 ᾐκίσαντο.
2064 2481 2319 2550 Ἀννίϐας
2376 2488 2478 2557 μὲν
2533 2484 2629 2541 οὖν
2692 2489 2872 2541 πᾶσαν
2904 2489 3002 2558 τὴν
3045 2486 3343 2556 ἡγεμονίαν
3380 2483 3581 2547 λαϐὼν,
3613 2490 3694 2546 εἰς

424 2585 526 2657 τὴν
552 2581 894 2639 Μασινίσσου
919 2578 1108 2651 χώραν
1131 2577 1357 2632 ἐνέϐαλε
1402 2576 1500 2631 καὶ
1558 2579 1765 2634 ἐκάκου
1816 2578 2012 2651 αὐτὴν,
2053 2581 2146 2635 καὶ
2201 2585 2316 2648 τοῖς
2379 2584 2676 2655 Ῥωμαίοις
2739 2582 3087 2655 μαχέσασθαι
3129 2582 3481 2654 ἡτοιμάζετο.
3508 2581 3694 2650 Ἀνοη”

425 2675 827 2748 τοιμάζοντοδέ
871 2673 970 2728 καὶ
1003 2675 1056 2726 ot
1084 2670 1178 2725 τοῦ
1212 2669 1537 2734 Σκιπίωνος.

497 2771 634 2826 ΧΗ.
671 2769 950 2824 Romanos
982 2775 1166 2822 autem
1189 2767 1469 2837 ptenituit,
1502 2767 1647 2837 quod
1677 2766 2006 2823 Annibalem

423 2861 958 2925 ltalia'emisissent;
995 2874 1160 2932 quem
1196 2866 1257 2913 ut
1301 2860 1357 2914 in
1399 2857 1584 2914 Africa
1639 2874 1756 2914 rem
1816 2874 2009 2930 gerere

427 2957 764 3020 didicerunt,
802 2954 985 3008 denuo
1015 2951 1161 3006 haud
1195 2950 1548 3005 mediocriter
1572 2949 1873 3019 perterriti,
1925 2949 2008 3003 al-

421 3058 607 3103 serum
658 3045 941 3102 consulem
989 3043 1070 3099 Gl.
1108 3041 1378 3097 Neronem
1419 3051 1610 3094 contra
1663 3056 1791 3095 eum
1845 3039 2010 3094 mise—

429 3151 579 3201 runt,
636 3137 816 3192 Marco
839 3134 1084 3190 Servilio
1137 3132 1306 3186 Italiae
1350 3131 1670 3186 defensione
1726 3131 2004 3185 mandata.

2188 2767 2285 2823 Μ’.
2321 2768 2522 2822 οίδ’έν
2553 2771 2617 2839 τῇ
2661 2768 2850 2840 Ῥώμῃ
2907 2767 3272 2838 μετεμέλοντο
3294 2767 3375 2820 ὅτι
3425 2765 3501 2837 μὴ
3551 2765 3692 2818 ἐκώ-

2113 2859 2282 2911 λυσαν
2307 2859 2399 2911 τὸν
2435 2858 2684 2912 Ἀννίϐαν
2713 2857 3033 2911 ἐκπλεῦσαι.
3077 2857 3162 2920 Ὠς
3191 2857 3374 2927 μέντοι
3417 2857 3484 2909 τὰ
3525 2857 3582 2909 ἐν
3619 2859 3689 2928 τῇ

2113 2950 2290 3020 Λιϐύῃ
2315 2949 2721 3016 συγκροτοῦντα
2751 2948 3154 3019 αύτὺνέμαθον,
3183 2950 3244 3002 ού
3270 2949 3508 3020 μετρίως
3531 2948 3687 3010 αὖθις

2113 3039 2384 3093 ἐδεδίεσαν
2407 3057 2421 3070 ο
2454 3040 2534 3092 διὸ
2561 3042 2655 3093 καὶ
2683 3039 2950 3092 Κλαύδιον
2997 3043 3097 3110 μὲν
3135 3041 3365 3111 Νέρωνα
3381 3041 3472 3093 τδν
3499 3040 3688 3111 ἕτερον

2110 3132 2220 3183 τῶν
2255 3133 2482 3185 ὑπάτων
2511 3131 2598 3184 ἐπ’
2623 3131 2785 3185 αὐτὸν
2819 3132 3094 3201 ἔπεμψαν,
3123 3134 3338 3204 Μάρκῳ
3370 3133 3426 3185 δὲ
3461 3133 3683 3204 Σερουῖσ

429 3233 632 3286 Verum
661 3228 805 3282 Nero
827 3236 1054 3297 prepter
1082 3225 1320 3278 hiemem
1348 3223 1402 3276 in
1436 3223 1589 3277 Italia
1638 3229 1695 3277 et
1746 3221 2002 3276 Sardinia

2111 3223 2210 3294 λίῳ
2237 3224 2334 3296 τὴν
2363 3226 2462 3295 τῆς
2486 3223 2720 3287 Ἰταλίας
2746 3225 2994 3294 φυλακὴν
3027 3225 3518 3296 προσεκλήρωσαν.
3540 3225 3688 3278 Ἀλλ’

428 3331 697 3386 moratus,
732 3319 789 3374 in
821 3317 1060 3372 Africam
1098 3319 1383 3384 pervenire
1414 3329 1524 3367 non
1561 3312 1759 3382 potuit.
1790 3312 2000 3367 Deinde

427 3431 498 3468 ne
531 3414 668 3466 ultra
709 3409 954 3465 Siciliam
985 3407 1211 3479 quidem
1236 3404 1525 3476 processit,
1551 3404 1737 3458 audita
1791 3403 2008 3474 Scipio-

315 3544 319 3548 .
423 3509 516 3559 nis
555 3503 804 3562 victoria,
851 3501 945 3568 qui
990 3499 1200 3552 verit-us
1242 3513 1338 3562 ne,
1361 3496 1405 3551 si
1431 3497 1820 3551 antevertisset
1841 3497 2006 3560 Nero,

425 3594 675 3649 laborum
701 3603 928 3645 suorum
959 3587 1189 3659 gloriam
1229 3587 1613 3656 interciperet,
1647 3587 1826 3656 primo
1874 3601 2007 3641 vere

423 3685 774 3749 Annibalem,
805 3681 994 3736 audita
1025 3679 1324 3736 Masinissae
1352 3679 1527 3745 clade,
1581 3678 1801 3733 invasit.
1836 3677 2007 3732 Anni-

430 3778 520 3834 bal
552 3791 681 3833 vero
718 3774 991 3845 Scipionis
1018 3772 1262 3828 adventu
1291 3772 1532 3843 cogn-ito,
1567 3781 1623 3827 et
1649 3772 1766 3842 ipse
1817 3773 1869 3827 ei
1911 3787 2005 3828 oc-

425 3870 620 3925 currit.
647 3869 726 3924 lta
753 3866 954 3924 castris
982 3880 1014 3920 e
1058 3865 1278 3934 regione
1311 3864 1528 3935 positis,
1553 3879 1663 3919 non
1700 3864 1882 3918 statim
1938 3864 2003 3918 ad

427 3978 624 4018 manus
655 3970 949 4024 venerunt,
983 3958 1077 4014 sed
1109 3959 1226 4013 dies
1265 3958 1576 4027 complures
1610 3958 1829 4019 morati,
1857 3968 2009 4011 uter-

397 4055 534 4126 que
557 4055 760 4109 milites
782 4066 913 4108 suos
931 4051 998 4106 ad
1024 4064 1260 4121 pugnam
1289 4059 1376 4105 est
1419 4049 1761 4103 cohortatus.
1797 4048 1867 4104 Ut
1903 4063 2004 4102 au-

427 4155 536 4203 tem
561 4144 804 4215 Scipioni
828 4151 1049 4212 tempus
1076 4157 1184 4196 non
1208 4141 1416 4196 diutius
1448 4147 1628 4195 terere
1667 4139 1847 4194 visum
1895 4147 2001 4202 est.

426 4250 484 4295 et
540 4237 864 4293 Annibalem
899 4236 988 4292 vel
1037 4235 1270 4289 invitum
1326 4233 1394 4287 ad
1437 4240 1715 4287 certamen
1774 4231 2004 4294 elicere,

428 4328 642 4386 Uticam
667 4328 774 4385 iter
805 4325 1075 4391 intendit;
1111 4332 1172 4378 ut
1197 4339 1322 4380 cum
1352 4323 1548 4378 timere
1587 4333 1644 4378 et
1669 4323 1859 4393 lugere
1884 4337 2007 4377 cre-

429 4422 676 4486 deretur,
725 4419 804 4474 rei
854 4417 1108 4490 gerendae
1143 4416 1486 4472 occasionem
1529 4414 1799 4469 haberet:
1839 4415 2006 4486 idque

2113 3315 2212 3368 ούκ
2251 3314 2490 3386 ἠδυνήθη
2521 3316 2549 3368 ὁ
2580 3314 2776 3386 Νέρων
2814 3316 2894 3378 είς
2926 3315 3140 3385 Λιϐύην
3171 3317 3370 3381 ἐλθεῖν,
3416 3318 3521 3370 ὑπὸ
3573 3335 3688 3388 χει-

2115 3405 2290 3474 μῶνος
2315 3408 2373 3458 ἐν
2397 3407 2600 3478 Ἰταλίᾳ
2625 3407 2907 3477 χρονίσας,
2945 3409 3040 3460 καὶ
3064 3409 3123 3461 έν
3154 3409 3371 3480 Σαρδοῖ.
3397 3406 3531 3464 Εἶτα
3563 3411 3685 3461 οὐδὲ

2110 3499 2424 3567 περαιτέρω
2445 3499 2549 3569 τῆς
2579 3499 2831 3561 Σικελίας
2860 3499 3132 3569 ἐχώρησε,
3159 3505 3544 3572 κεκρατηκότα
3581 3519 3679 3571 μα-

2109 3587 2215 3641 θὼν
2231 3590 2322 3643 τὸν
2351 3592 2652 3648 Σκιπίωνα.
2702 3593 2760 3647 Ὀ
2791 3593 2896 3660 γάρ
2936 3593 3182 3648 Σκιπίων
3210 3593 3397 3657 δείσας
3424 3593 3498 3663 μὴ
3539 3598 3688 3646 ἐπει-

2108 3682 2256 3751 χθεὶς
2321 3684 2350 3735 ὀ
2406 3684 2604 3756 Νέρων
2653 3685 2763 3739 τῶν
2812 3685 2977 3739 αὑτοῦ
3038 3685 3218 3739 πόνων
3287 3685 3386 3755 τὴν
3434 3683 3690 3738 εὕκλειαν

2109 3775 2517 3846 σφετερίσηται,
2579 3775 2675 3829 τοῦ
2738 3776 2898 3847 ἔαρος
2960 3775 3393 3846 ἐπιλάμψαντος,
3438 3777 3533 3830 ἐπὶ
3593 3777 3688 3830 τὸν

2106 3867 2358 3920 Ἀννίϐαν
2387 3867 2657 3936 ἐχώρησε,
2707 3867 2894 3938 μαθὼν
2939 3870 3020 3922 ὅτι
3071 3870 3164 3922 τὸν
3207 3870 3550 3923 Μασινίσσαν
3585 3870 3690 3920 ἐνί·

2108 3973 2263 4026 κησε.
2321 3957 2475 4009 Κοιὶὸ
2499 3957 2749 4021 Ἀννίϐας
2770 3960 2847 4021 ὡς
2875 3958 3071 4028 ᾔσθετο
3105 3961 3398 4028 προσιόντα
3427 3961 3518 4013 τὸν
3552 3962 3686 4012 Σκις

2107 4051 2309 4109 πίωνα.
2342 4053 2767 4122 προαπήντησεν
2815 4053 2982 4124 αὐτῷ.
3019 4055 3129 4107 Καὶ
3163 4055 3685 4126 ἀντιστρατοπεδευ-

2109 4144 2334 4210 σάμενοι
2391 4145 2490 4196 ούκ
2542 4145 2704 4207 εὐθὺς
2748 4147 2826 4206 είς
2899 4149 3088 4216 χεῖρας
3137 4142 3324 4217 ἦλθον.
3377 4148 3586 4217 Συχνᾶς
3635 4147 3688 4199 δ’
3778 4178 3800 4198 ο

2107 4234 2315 4302 ἡμέρας
2354 4235 2656 4305 διέτριψαν,
2699 4237 2794 4289 καὶ
2833 4236 3064 4300 ἕκαστος
3085 4236 3164 4308 τῷ
3191 4238 3378 4308 οἰκείῳ
3409 4238 3684 4310 διειλέχθη

2108 4327 2517 4395 στρατεύματι,
2555 4329 2650 4381 καὶ
2705 4328 2842 4396 πρὸς
2877 4328 2974 4400 τὴν
3011 4330 3190 4400 μάχην
3223 4330 3372 4402 αύτῷ
3401 4331 3688 4418 παρεθάρ-

2107 4420 2288 4490 ρυνεν.
2347 4419 2436 4482 Ὠς
2473 4419 2518 4473 δ’
2541 4419 2686 4484 εδοξε
2725 4419 2802 4490 τῷ
2838 4421 3102 4477 Σκιπίωνι
3155 4421 3230 4493 μὴ
3259 4417 3553 4494 διατρίϐειν
3575 4425 3682 4494 ἔτι,

428 4515 632 4568 factum
661 4520 770 4566 est.
815 4509 1055 4564 Annibal
1103 4508 1248 4562 enim
1296 4523 1423 4561 eum
1481 4505 1669 4576 fugere
1723 4507 2000 4576 opinatus,

2111 4509 2250 4562 ἀλλὰ
2273 4510 2366 4563 καὶ
2397 4509 2598 4564 ἄκοντα
2626 4510 2720 4565 τὸν
2751 4510 3005 4565 Ἀννίϐαν
3047 4515 3127 4577 είς
3169 4513 3261 4567 τὸν
3289 4514 3476 4582 ἀγῶνα
3513 4533 3686 4588 προα-

433 4603 754 4672 maioreque
786 4600 983 4655 ﬁducia
1016 4599 1144 4653 inde
1167 4607 1544 4669 sumpta,cum
1574 4598 1706 4652 solis
1721 4597 2004 4666 equitibus

2111 4601 2322 4666 γαγεῖν,
2357 4599 2450 4651 ἐπὶ
2477 4602 2578 4669 τὴν
2609 4600 2846 4671 Οὐτικὴν
2889 4601 3172 4672 ὥρμησεν,
3207 4603 3295 4658 ἵνα
3321 4605 3551 4659 δεδιέναι
3587 4612 3685 4662 καὶ

427 4707 555 4747 eum
582 4707 615 4746 a
651 4700 807 4760 tergo
829 4699 916 4746 est
940 4699 1286 4760 persecutus.
1329 4689 1533 4758 quibus
1569 4686 1754 4757 Scipio
1806 4696 2005 4757 praeter

424 4783 892 4855 exspectationem
919 4782 1142 4848 restitit,
1177 4783 1352 4852 iisque
1390 4780 1712 4851 proﬂigatis,
1745 4795 2006 4850 persecu-

434 4880 584 4931 tione
612 4874 834 4938 omissa,
870 4872 1260 4944 impedimenta
1289 4889 1412 4942 quae
1458 4874 1514 4928 in
1569 4873 1658 4926 via
1705 4882 1867 4928 erant
1916 4873 2006 4930 in-

432 4966 668 5038 tercepit
704 4965 906 5020 omnia.
940 4964 1065 5019 Haec
1103 4963 1400 5018 turbarunt
1445 4961 1796 5027 Annibalem,
1839 4971 2004 5032 atque

427 5061 562 5117 illud
590 5059 779 5124 etiam,
808 5056 968 5129 442
997 5057 1140 5126 quod
1187 5054 1372 5126 Scipio
1402 5065 1515 5110 tres
1546 5056 1918 5124 exploratores
1942 5057 2001 5110 in

434 5151 634 5207 castris
655 5151 773 5205 suis
797 5149 1195 5219 deprehensos,
1235 5146 1460 5216 impune
1477 5144 1778 5199 dimiserat.
1806 5145 1850 5200 Ε
1871 5161 2009 5217 quo-

429 5257 551 5297 rum
579 5255 690 5295 uno
727 5255 852 5293 cum
882 5236 1185 5300 didicisset,
1219 5235 1351 5306 quid
1380 5236 1435 5289 in
1470 5235 1666 5288 castris
1709 5245 1891 5290 actum
1919 5251 2006 5292 es-

428 5344 513 5390 set
541 5333 673 5404 tduo
695 5333 843 5388 enim
867 5331 1010 5385 ultro
1027 5329 1173 5398 apud
1208 5327 1483 5382 ltomanos
1511 5331 1849 5400 manserant)
1875 5346 2006 5400 per-

433 5427 621 5480 culsus
648 5431 756 5492 est,
783 5437 964 5492 neque
998 5421 1236 5491 amplius
1273 5420 1557 5474 decertare
1588 5435 1774 5485 ausus,
1807 5437 2002 5491 quam-

429 5518 672 5584 primum
699 5529 888 5586 pacem
930 5514 1114 5568 facere
1163 5511 1426 5572 decrevit.
1464 5520 1544 5575 ut,
1575 5526 1637 5565 ea
1689 5527 1796 5566 non
1830 5513 2006 5583 impe-

431 5617 591 5669 trata,
615 5621 766 5661 mora
788 5607 979 5661 saltem
1011 5607 1192 5674 aliqua
1219 5613 1273 5659 et
1304 5605 1537 5660 inducize
1571 5605 1999 5662 intercederent.

427 5696 712 5750 Masinissa
742 5696 931 5766 igitur,
958 5705 1019 5750 ut
1041 5697 1287 5765 populari
1318 5712 1418 5751 suo
1453 5699 1835 5764 intercessore,
1871 5714 1997 5752 cum

429 5781 684 5839 Scioion'e
718 5787 1042 5844 collocutus.
1065 5787 1199 5840 nihil
1248 5787 1584 5850 impetravit.
1633 5791 1767 5844 Nam
1815 5791 2000 5852 Scinio

2108 4690 2333 4758 φεύγειν
2370 4691 2551 4758 δόξας,
2585 4693 2740 4764 σχοίη
2766 4694 2958 4765 καιρὸν
2985 4696 3303 4764 ἐπιθέσεως,
3355 4699 3384 4751 ὃ
3432 4702 3525 4753 καὶ
3560 4702 3687 4769 ἐγέ-

2107 4797 2248 4834 νετο.
2283 4781 2344 4835 '0
2389 4781 2500 4850 γὰρ
2527 4783 2775 4847 Ἀννίϐας
2795 4784 3018 4854 φεύγειν
3038 4787 3202 4840 αὐτὸν
3223 4789 3447 4859 οἰηθεὶς,
3475 4791 3570 4843 καὶ
3589 4795 3686 4845 ἐπὶ

2106 4873 2269 4928 πλέον
2309 4873 2558 4929 ἐντεῦθεν
2591 4876 2894 4947 θαρσήσας,
2930 4880 3188 4948 ἐπεδίωξε
3227 4887 3411 4952 μόνοις
3446 4887 3554 4946 τοῖς
3595 4887 3686 4936 ίττο

2107 4965 2268 5020 πεῦσι
2296 4967 2438 5021 κατὰ
2469 4967 2664 5022 νώτου.
2701 4970 2812 5024 Καὶ
2837 4971 2863 5024 ὁ
2892 4971 3134 5025 Σκιπίων
3157 4973 3391 5046 ἀντέστη
3421 4992 3478 5028 τε
3498 4978 3686 5040 αὐτοῖς

2107 5059 2260 5130 παρὰ
2285 5059 2442 5125 δόξαν
2465 5062 2562 5116 καὶ
2581 5061 2874 5132 συμϐαλὼν
2903 5064 3146 5135 ἐνίκησε.
3172 5065 3386 5136 Τρέψας
3413 5069 3459 5121 δ’
3481 5069 3682 5133 αύτοὶς

2107 5153 2206 5205 οὐκ
2234 5153 2330 5205 ἐπὶ
2351 5152 2411 5206 τὸ
2433 5152 2654 5207 διώκειν
2720 5155 2879 5222 σφᾶς,
2918 5155 3055 5210 ἀλλά
3097 5158 3188 5209 ἐπὶ
3245 5159 3312 5211 τά
3370 5161 3681 5230 σκευοφόρα
3741 5161 3746 5198 ἶ

2106 5244 2288 5297 αὐτῶν
2319 5245 2440 5298 καθ’
2486 5245 2606 5298 ὁδὸν
2651 5246 2990 5314 τυγχάνοντα
3035 5247 3290 5319 ὥρμησε,
3337 5253 3434 5305 καὶ
3499 5254 3681 5306 πάντα

2107 5337 2393 5390 συνέλαϐε.
2433 5335 2616 5389 Ταῦτα
2633 5337 2724 5388 τὸν
2753 5336 3005 5391 Ἀννίϐαν
3041 5341 3296 5410 ἐτάραξε,
3341 5344 3435 5396 καὶ
3468 5343 3547 5396 ἔτι
3595 5347 3680 5398 ὅτι

2108 5428 2493 5490 κατασκόπους
2530 5426 2696 5479 αὐτοῦ
2737 5431 2887 5499 τρεῖς
2921 5432 2978 5482 ὲν
3003 5431 3078 5500 τῷ
3108 5435 3457 5504 στρατοπέδῳ
3486 5436 3513 5486 ὁ
3550 5437 3680 5489 Σκι-

2105 5521 2244 5573 πίων
2280 5517 2476 5588 εύρὼν,
2508 5519 2665 5571 οὐδὲν
2692 5519 2862 5574 δεινὸν
2896 5522 3078 5584 αὐτοῖς
3112 5525 3436 5594 πεποίηκεν.
3469 5528 3679 5580 Μαθὼν

2105 5611 2214 5680 γὰρ
2249 5609 2380 5678 παρ’
2408 5609 2524 5671 ένὸς
2550 5610 2731 5662 αὐτῶν
2789 5614 2817 5664 ὁ
2873 5611 3125 5677 Ἀννίϐας
3169 5616 3229 5668 τὺ
3283 5625 3681 5688 πεπραγμένον

2106 5703 2175 5770 (οἱ
2223 5702 2330 5771 γὰρ
2392 5701 2502 5755 δύω
2567 5702 2718 5772 παρὰ
2792 5707 2904 5767 τοῖς
2941 5705 3229 5775 Ῥωμαίοις
3287 5713 3468 5778 μεῖναι
3545 5711 3680 5779 ἠθέ-

2104 5794 2299 5854 λησαν)
2361 5795 2716 5862 κατεπλάγη,
2815 5799 2905 5850 καὶ
2981 5798 3413 5854 διακινδυνεῦσαι
3489 5801 3678 5862 οὐκέτι
