4024 6392
337 429 449 495 τὸἒὶ

1609 423 2015 486 ANNALIUM
2054 423 2209 485 LlB.
2253 425 2359 484 IX.

3487 422 3646 486 754‘-

336 539 645 612 θαρρήσας,
688 537 1020 594 σπείσασθαι
1048 539 1130 593 ὅτι
1171 538 1402 610 τάχιστα
1437 537 1598 608 ἔγνω,
1630 538 1697 590 ἵν’
1751 539 1800 590 εἰ
1844 537 1909 606 μὴ

2023 550 2203 605 neque
2231 549 2421 605 aspere
2440 547 2619 604 neque
2637 531 2926 605 perSpicuc
2946 531 3261 602 respondit;
3291 531 3385 589 sed
3409 548 3602 602 quam-

336 632 494 685 τοῦτο
534 628 800 700 συμϐαίη,
851 628 1046 700 τριϐὴν
1105 628 1243 692 τέως
1288 627 1411 682 τινὰ
1463 627 1757 698 πορίσηται
1822 627 1915 681 καὶ

335 722 629 791 διακωχήν.
666 719 898 790 Πέμψας
949 715 1042 773 οὖν
1094 709 1230 791 πρός
1287 718 1379 772 τδν
1445 719 1812 781 Μασινίσσαν,
1847 718 1915 770 δι’

337 811 548 866 ἐκείνου
580 813 654 874 ώς
675 810 954 881 ὁμοφύλου
979 810 1080 876 τὰς
1104 811 1340 875 σπονδὰς
1373 810 1545 882 ᾔτησε
1564 829 1578 842 ·
1625 812 1718 864 καὶ
1783 807 1914 882 ἦ).οε

341 904 440 971 μὲν
477 904 536 966 ἐς
567 903 758 970 λόγους
811 902 890 973 τῷ
941 902 1227 969 Σκιπίωνι,
1263 900 1467 972 ἔπραξε
1500 903 1556 956 δὲ
1603 903 1777 958 οὐδέν.
1852 903 1914 956 Ὀ

335 997 445 1066 γὰρ
478 995 722 1049 Σκιπίων
753 993 878 1048 οὔτε
900 997 1075 1066 τραχὺ
1107 995 1232 1049 οὔτε
1260 1013 1312 1050 τι
1349 997 1518 1064 σαφὲς
1553 995 1912 1066 ἁπεκρίνατο,

337 1087 470 1139 ἀλλὰ
499 1086 556 1138 τὸ
589 1085 689 1154 μιν
735 1086 858 1139 ὅλον
898 1087 1216 1156 ἐμέσευσεν,
1251 1087 1665 1160 ἐπιεικέστερον
1693 1089 1737 1141 δ’
1765 1091 1914 1159 ὅμως

334 1175 630 1246 διειλέχθη,
663 1178 812 1241 ὅπως
857 1177 1020 1232 αὐτὸν
1044 1177 1119 1241 ώς
1144 1179 1239 1231 καὶ
1268 1181 1628 1248 σπεισόμενος
1668 1181 1748 1243 είς
1777 1181 1915 1250 ἀμέ-

331 1267 483 1318 λειαν
540 1266 871 1339 προαγάγῃ,
945 1267 974 1321 ὃ
1024 1267 1119 1321 καὶ
1177 1269 1514 1340 συμϐέϐηκε.
1567 1271 1765 1343 Μάχης
1815 1271 1914 1340 μὲν

333 1358 440 1427 γὰρ
475 1360 600 1423 περὶ
627 1359 778 1413 οὐδὲν
815 1361 843 1414 ὁ
878 1360 1128 1424 Ἀννίϐας
1153 1363 1426 1432 ἐνενόησε,
1468 1380 1910 1434 μεταστρατοπεο

330 1447 626 1502 δεύοασθαι
659 1451 714 1503 δὲ
743 1453 824 1513 εἰς
857 1451 1058 1522 χωρίον
1087 1453 1526 1524 ἐπιτηδειότερόν
1553 1473 1608 1508 τι
1629 1455 1907 1526 ήθέλεσεν.

331 1539 424 1605 Ἐξ
452 1541 770 1610 αὐτομόλων
802 1541 859 1595 δὲ
889 1541 1048 1596 τοῦτο
1106 1543 1295 1613 μαθών
1337 1547 1364 1598 ὁ
1397 1546 1661 1611 Σκιπίων,
1716 1547 1912 1618 προεξο

332 1631 533 1702 ανέστη
565 1633 784 1698 νυκτὸς,
819 1635 914 1686 καὶ
941 1635 1174 1706 κατέσχε
1195 1636 1286 1689 τὸν
1310 1637 1476 1690 τόπον
1505 1638 1585 1701 είς
1613 1637 1672 1691 ὃν
1703 1640 1912 1701 ἐκεῖνος

328 1721 617 1792 ἠπείγετο.
664 1722 755 1776 Ἐν
788 1725 971 1794 χωρίῳ
1005 1725 1060 1779 δέ
1098 1743 1204 1780 τινι
1235 1727 1401 1798 κοίλῳ
1433 1728 1523 1782 καὶ
1548 1729 1910 1800 ἀνεπιτηδείῳ

329 1814 470 1883 πρὸς
496 1815 956 1885 στρατοπέδευσιν
986 1821 1304 1888 γενομένοις
1350 1822 1464 1883 τοῖς
1516 1821 1910 1892 Καρχηδονίοις

325 1906 573 1977 ἐπεφάνη
605 1907 891 1974 αἰφνίδιον,
935 1909 994 1963 Ὀ
1048 1910 1094 1962 δ’
1143 1911 1396 1976 ’Δννίϐας
1455 1913 1752 1983 συμϐαλεῖν
1803 1917 1906 1971 οὐκ

324 1997 588 2066 ἠθέλησε.
627 2001 1202 2074 Στρατοπεδευόμενος
1233 2003 1281 2056 δ’
1305 2005 1424 2057 ἐκεῖ
1446 2008 1539 2059 καὶ
1567 2009 1905 2080 φρεωρυχῶν

325 2090 750 2170 ἐταλαιπώρησε
779 2093 868 2148 διὰ
901 2095 1083 2164 πάσης
1111 2097 1209 2166 τῆς
1235 2097 1449 2162 νυκτὸς,
1476 2098 1570 2152 καὶ
1599 2099 1772 2163 οὕτως
1805 2117 1907 2155 κα·

325 2180 442 2242 κῶς
472 2180 670 2244 αὐτοὺς
698 2181 921 2251 ἔχοντας
956 2184 1061 2237 ὑπὸ
1093 2186 1340 2254 καμάτου
1372 2188 1466 2240 καὶ
1520 2188 1704 2261 δίψης,
1773 2209 1908 2245 κατ·

325 2273 614 2341 ηνάγκασε
644 2274 735 2328 καὶ
778 2276 1010 2339 ἄκοντας
1063 2278 1089 2330 ό
1148 2277 1388 2332 Σκιπίων
1423 2280 1693 2350 συμμίξαι
1734 2282 1905 2353 αὐτῷ.

327 2363 635 2416 Συνέϐαλον
660 2363 752 2418 οὖν
786 2365 837 2417 οί
871 2365 971 2434 μὲν
1016 2364 1276 2436 Ῥωμαῖοι
1337 2370 1760 2439 συντεταγμένοι
1812 2374 1909 2428 καὶ

329 2457 626 2528 πρόθυμοι,
658 2456 911 2519 Ἀννίϐας
932 2457 988 2510 δὲ
1015 2457 1108 2510 καὶ
1127 2457 1177 2510 oi
1205 2458 1570 2530 Καρχηδόνιοι
1596 2460 1910 2533 ἀπρόθυμοι

325 2565 384 2602 τε
425 2549 518 2602 καὶ
547 2549 1091 2620 καταπεπληγμένοι,
1117 2549 1212 2604 καὶ⁵
1241 2549 1308 2604 δι’
1337 2551 1500 2624 ἕτερα
1530 2553 1627 2607 καὶ
1679 2553 1762 2608 ὅτι
1815 2561 1909 2612 καὶ

327 2645 356 2696 ό
390 2642 546 2712 ἥλιος
579 2643 803 2712 σύμπας
829 2643 1099 2708 ἐξέλιπεν.
1146 2643 1244 2698 Ἐκ
1294 2644 1400 2717 γὰρ
1439 2646 1548 2700 τῶν
1595 2648 1774 2704 ἄλλων
1814 2652 1910 2705 καὶ

328 2732 490 2787 τοῦτο
517 2733 617 2786 ούκ
648 2733 826 2786 αἴσιόν
854 2752 908 2787 τι
963 2735 1304 2805 προμηνύειν
1355 2737 1542 2807 σφίσιν
1580 2738 1610 2791 ό
1663 2737 1911 2808 ’Δννίϐας

329 2823 714 2879 ὑπώπτευσεν.
747 2824 904 2879 Οὕτω
928 2825 973 2878 δ’
993 2825 1210 2896 ἔχοντες
1233 2829 1358 2892 τοὺς
1379 2829 1680 2900 ἐλέφαντας
1700 2833 1910 2891 ἑαυτῶν

331 2918 715 2988 προεϐάλοντο.
757 2917 867 2971 Καὶ
897 2919 948 2972 οί
1013 2916 1275 2990 Ῥωμαῖοι
1334 2920 1476 2992 μέγα
1507 2923 1768 2996 ἐξαίφνης
1817 2927 1913 2982 καὶ

329 3010 774 3082 καταπληκτικδιν
823 3012 1150 3082 ἀνεϐόησαν,
1201 3014 1296 3066 καὶ
1340 3015 1440 3080 τὰς
1491 3017 1728 3084 ἀσπίδας
1800 3024 1914 3085 τοῖς

334 3096 522 3167 δόρασι
552 3099 885 3169 κρούσαντες
920 3101 1078 3172 ουμῷ
1097 3105 1192 3156 καὶ
1231 3103 1416 3174 δρόμῳ
1458 3107 1552 3159 ἐπὶ
1611 3109 1737 3172 τοὺς
1787 3109 1913 3162 ἐλέ-

2022 627 2108 680 vis
2135 625 2364 679 omnino
2406 625 2647 679 medium
2679 624 2958 695 quoddam
2989 635 3221 688 teneret,
3271 633 3450 679 tamen
3497 624 3601 677 hn-

2021 716 2238 770 manius
2266 716 2547 782 disseruit,
2582 725 2641 770 ut
2668 731 2794 772 eum
2828 729 2924 786 spe
2952 715 3104 786 pacis
3144 715 3598 785 negligentiorem

2018 808 2297 870 redderet,
2327 809 2492 879 idque
2520 808 2748 864 accidit.
2787 806 2925 863 Cum
2958 806 3108 862 enim
3151 806 3474 860 Annibalem
3529 807 3599 860 de

2017 916 2196 971 pugna
2227 901 2452 956 minime
2476 901 2830 972 cogitantem,
2860 909 3040 956 castra
3067 898 3123 954 in
3146 899 3328 954 locum
3352 913 3599 954 commo-

2016 993 2230 1050 diorem
2258 994 2555 1050 transferre
2573 994 2715 1050 velle
2741 1009 2809 1049 ex
2851 990 3148 1063 transfugis
3199 991 3595 1057 intellexisset,

2014 1099 2180 1145 noctu
2212 1091 2335 1146 loco
2364 1105 2453 1154 eo,
2493 1104 2606 1160 quo
2649 1088 2744 1144 ille
2785 1087 3136 1160 properabat,
3190 1092 3596 1156 praeoccupato.

2013 1179 2569 1250 Carthaginiensibus
2591 1180 2646 1234 in
2674 1177 2946 1242 convalle,
2973 1176 3170 1232 castris
3194 1175 3341 1229 haud
3375 1174 3596 1234 idonea,

2013 1272 2391 1338 versantibus,
2421 1288 2489 1327 ex
2517 1269 2820 1342 improviso
2849 1285 2910 1325 se
2935 1268 3204 1325 ostendit.
3247 1269 3318 1323 At
3358 1267 3596 1322 Annibal

2014 1360 2320 1417 detrectata
2348 1378 2552 1434 pugna,
2589 1360 2788 1417 castris
2824 1360 2899 1416 ibi
2932 1359 3250 1415 muniendis
3306 1369 3365 1414 et
3417 1358 3601 1428 puteis

2013 1453 2288 1511 fodiendis
2329 1471 2427 1526 per
2485 1463 2653 1511 totam
2695 1462 2910 1510 noctem
2966 1451 3070 1507 fuit
3119 1461 3445 1522 occupatus,
3489 1466 3600 1521 qua

2011 1565 2258 1604 aerumna
2281 1549 2534 1620 fatigatos
2549 1557 2608 1605 et
2629 1547 2880 1604 sitientes
2914 1545 3102 1617 Scipio
3124 1545 3210 1600 vel
3238 1544 3438 1599 invitos
3457 1544 3600 1600 inire

2013 1639 2262 1708 praelium
2291 1639 2493 1710 coegit.
2519 1637 2970 1708 Congrediuntur
3001 1638 3146 1691 inter
3187 1651 3329 1699 sese,
3365 1634 3597 1690 Romani

2013 1730 2268 1787 instructi
2300 1743 2357 1788 et
2387 1733 2620 1795 alacres,
2653 1730 2888 1788 Annibal
2909 1741 2965 1786 et
2995 1727 3478 1800 Carthaginienses
3511 1729 3597 1782 in-

2012 1823 2134 1885 viti.
2166 1833 2221 1880 et
2249 1833 2450 1895 prazter
2487 1825 2593 1880 alia
2617 1825 2782 1881 etiam
2817 1824 3035 1880 defectu
3069 1824 3201 1880 solis
3247 1823 3465 1895 integro
3490 1834 3601 1876 ter-

2013 1913 2135 1980 riti;
2171 1929 2335 1984 quem
2371 1923 2572 1986 praeter
2612 1922 2815 1972 caetera
2840 1915 2980 1970 nihil
3019 1915 3120 1970 sibi
3151 1915 3312 1970 fausti
3372 1923 3596 1985 porten-

2008 2001 2140 2058 dere
2184 2003 2391 2060 Pmnus
2425 2005 2748 2070 arbitratus,
2808 2007 3127 2076 elephantes
3175 2007 3229 2060 in
3270 2007 3447 2077 prima
3483 2006 3598 2069 acie

2009 2095 2657 2152 collocat.Romanivero
2675 2097 2860 2153 subito
2892 2097 3098 2168 ingenti
3129 2107 3185 2153 et
3214 2097 3449 2153 terribili
3485 2099 3599 2154 cla-

2011 2199 2168 2240 more
2206 2185 2448 2250 sublato,
2484 2196 2540 2242 et
2570 2187 2793 2258 clypeos
2854 2188 3030 2244 hastis
3083 2188 3386 2258 pulsantes,
3428 2186 3507 2242 ira
3543 2196 3602 2244 et

2011 2292 2180 2333 cursu
2213 2276 2449 2342 incitati,
2472 2276 2689 2332 belluas
2717 2279 2926 2350 impetu
2957 2279 3054 2333 illo
3104 2278 3328 2333 territas
3365 2276 3600 2348 dissipa-

2011 2376 2145 2423 runt
2179 2380 2345 2440 atque
2376 2361 2734 2434 everterunt;
2771 2387 2893 2441 qua:
2948 2386 3082 2426 vero
3140 2370 3597 2432 vulnerabantur.

2012 2462 2130 2519 suis
2153 2462 2327 2532 magis
2355 2461 2858 2518 ineommodabant.
2876 2463 2993 2518 Jam
3024 2463 3296 2533 utaliquaa
3324 2463 3378 2517 in
3411 2463 3598 2519 hostes

2012 2557 2180 2623 irent,
2222 2565 2406 2614 tamen
2438 2557 2705 2614 Romanis
2742 2558 2981 2627 spatium
3038 2558 3440 2628 praebentibus,
3501 2575 3600 2627 per

2013 2649 2254 2706 mediam
2279 2650 2455 2706 aciem
2491 2658 2954 2714 transcurrentes,
2988 2649 3133 2706 inter
3148 2649 3595 2720 praetereundum

2012 2752 2070 2799 et
2095 2743 2296 2816 iaculis
2325 2753 2380 2798 et
2409 2743 3103 2812 gladiis-vulnerabantur.
3139 2743 3218 2798 Ac
3249 2742 3316 2798 ad
3381 2751 3599 2812 tempus

2013 2835 2238 2906 aliquod
2268 2835 2756 2907 Carthaginienses
2787 2837 3137 2891 restiterunt.
3174 2835 3382 2891 Deinde
3431 2833 3596 2891 Masi-

2013 2929 2178 2985 nissae
2212 2937 2268 2983 et
2299 2927 2450 2983 Laelii
2477 2928 2727 3000 equitatu
2783 2928 3021 2991 invecto,
3082 2927 3344 2997 fugerunt
3377 2943 3592 2990 omnes,

2013 3022 2202 3092 plures
2238 3019 2580 3088 ceciderunt,
2609 3021 2728 3090 ipso
2751 3020 2916 3074 etiam
2950 3017 3220 3074 Annibale
3249 3035 3391 3089 pene
3420 3019 3596 3075 inter-

2015 3112 2180 3170 fecto.
2207 3111 2341 3168 Nam
2369 3127 2491 3166 cum
2525 3111 2738 3182 fugiens
2788 3109 3120 3163 Masinissam
3169 3110 3308 3163 laxis
3369 3101 3597 3165 habenis

329 3204 537 3256 φαντας
573 3189 862 3261 ὥρμησαν.
927 3192 1048 3261 Ὑφ’
1097 3185 1172 3247 ὧν
1231 3197 1594 3267 ταραχθέντες
1633 3199 1828 3254 ἐκεῖνοι
1861 3201 1909 3254 οἱ

2019 3207 2289 3262 acerrime
2316 3206 2572 3275 persequi
2610 3219 2909 3259 conversus
2938 3203 3185 3267 vidisset,
3223 3206 3342 3275 ejus
3387 3205 3595 3275 impetu

335 3279 434 3345 μὲν
473 3281 689 3342 πλείους
731 3281 832 3336 οὐκ
872 3282 1118 3350 ἐδέξαντο
1155 3286 1318 3354 σφᾶς,
1353 3286 1468 3339 ἀλλ’
1507 3288 1912 3359 ἀπετράποντο,

331 3371 426 3424 καὶ
449 3371 882 3442 τιτρωσκόμενοι
924 3376 1096 3444 μείζω
1143 3379 1257 3439 τοῖς
1313 3379 1764 3450 ὲπιτεταγμένοις
1806 3383 1916 3436 ἐνε-

335 3459 522 3512 ποίουν
546 3463 636 3514 τὸν
670 3462 918 3531 θόρυϐον.
952 3467 1014 3517 Οἱ
1043 3464 1100 3518 δὲ
1157 3465 1252 3519 καὶ
1301 3468 1468 3536 ὁμόσε
1521 3471 1676 3539 σφίσι
1729 3474 1914 3544 χωρή-

334 3568 550 3620 σαντες,
569 3555 677 3608 τῶν
713 3553 1000 3627 Ῥωμαίων
1023 3558 1406 3626 διισταμένων,
1434 3561 1521 3617 διὰ
1541 3563 1709 3634 μέσου
1733 3567 1914 3621 αὐτῶν

331 3646 686 3719 δεξέτρεχον,
717 3652 811 3702 καὶ
839 3651 1120 3721 περιόντες
1139 3651 1428 3708 ἐϐάλλοντό
1446 3673 1505 3708 τε
1535 3659 1626 3710 καὶ
1649 3658 1713 3711 ἐκ
1727 3658 1914 3728 χειρὸς

328 3737 741 3808 ἐτιτρώσκοντο.
787 3741 899 3795 Καὶ
955 3742 1046 3795 ἐπί
1072 3761 1194 3796 τινα
1251 3745 1352 3814 μὲν
1410 3748 1603 3818 χρόνον
1650 3749 1914 3819 ἀντέσχον

326 3831 375 3881 οί
411 3832 790 3904 Καρχηδόνιοι.
849 3835 1087 3889 Ἔπειτα
1137 3835 1232 3890 τοῦ
1280 3839 1617 3894 Μασινίσσου
1675 3841 1771 3894 καὶ
1819 3842 1912 3895 τοῦ

326 3924 551 3978 Λαιλίου
581 3927 694 3989 τοῖς
725 3926 950 3980 ἱππεῦσι
1000 3929 1428 3998 προσπεσόντων
1467 3931 1674 3998 αὐτοῖς,
1709 3932 1914 3996 πάντες

326 4017 564 4087 ἔφυγον·
594 4019 642 4070 oi.
670 4018 726 4071 δὲ
774 4017 992 4082 πλείους
1042 4019 1384 4090 ἐφθάρησαν,
1430 4024 1525 4076 καὶ
1579 4025 1608 4075 ὁ
1659 4023 1913 4089 Ἀννίϐας

329 4109 534 4180 μικροῦ
564 4109 631 4162 ἃν
653 4108 922 4163 ἀπώλετο.
957 4111 1234 4179 Φεύγοντα
1263 4111 1372 4182 γὰρ
1402 4113 1567 4168 αὑτὸν
1597 4116 1625 4167 ό
1647 4113 1914 4168 Μασινίσ-

328 4219 427 4265 σας
461 4201 761 4254 ἐπεδίωκεν
794 4201 1052 4270 ἀκρατῶς
1087 4203 1152 4273 τῇ
1180 4201 1274 4255 τοῦ
1314 4203 1482 4256 ἵππου
1514 4203 1662 4276 ῥύμῃ
1694 4205 1913 4258 ὑπενδι-

324 4291 472 4356 δούς.
507 4293 931 4362 Μεταστραφεὶς
970 4292 1016 4345 δ’
1049 4294 1076 4346 ό
1109 4290 1385 4360 τΑννίϐας,
1433 4295 1526 4349 καὶ
1571 4296 1695 4350 ἰδὼν
1749 4297 1912 4352 αὑτὸν

322 4383 471 4438 οὕτω
509 4383 795 4452 διώκοντα,
867 4384 1048 4456 ἠρέμα
1107 4385 1369 4454 ἐξέκλινε,
1426 4390 1522 4442 καὶ
1565 4389 1657 4443 τὸν
1710 4390 1913 4461 δρόμον

327 4475 745 4544 ἐπέστησε,καὶ
776 4476 918 4530 οὓτω
975 4480 1362 4550 παρελάσαντα
1429 4480 1519 4535 τὸν
1562 4482 1911 4538 Μασινίσσαν

2014 3296 2265 3352 nonnihil
2319 3295 2615 3360 declinato,
2659 3311 2937 3366 cursuque
2996 3294 3254 3360 inhibito,
3297 3309 3595 3364 praeterve-

2013 3399 2165 3446 ctum
2195 3405 2228 3444 a
2259 3399 2412 3458 tergo
2442 3389 2673 3443 adortus
2705 3387 3044 3451 vulneravit;
3081 3387 3264 3453 itaque
3300 3403 3424 3440 cum
3461 3403 3598 3457 pau-

2012 3481 2094 3538 cis
2114 3480 2311 3537 evasit.
2341 3479 2528 3549 Scipio
2563 3479 2793 3533 victoria
2838 3479 3059 3548 potitus.
3102 3495 3335 3547 propere
3364 3479 3598 3534 Cartha-

2011 3571 2196 3642 ginem
2217 3569 2380 3643 M3
2407 3581 2554 3625 terra
2582 3570 2829 3638 marique
2852 3569 3091 3622 obsedit.
3111 3568 3545 3639 Cartliag‘niens-
3566 3584 3596 3624 s

2011 3661 2292 3732 principio
2323 3676 2383 3716 se
2409 3659 2476 3714 ad
2514 3659 2852 3714 tolerandam
2905 3658 3251 3712 obsidionem
3317 3667 3594 3728 parantes,

2013 3755 2232 3810 tandem
2258 3754 2428 3809 rebus
2471 3752 2799 3822 desperatis,
2858 3751 3255 3806 caduceatores
3321 3751 3387 3804 ad
3440 3751 3592 3804 illum

2011 3845 2308 3908 miserunt,
2344 3859 2470 3898 cum
2502 3842 2706 3911 quibus
2737 3841 2924 3909 Scipio
2951 3839 3020 3894 de
3055 3841 3206 3910 pacis
3255 3839 3594 3894 conditioni-

2012 3937 2120 3992 bus
2139 3935 2270 4006 egit,
2292 3950 2414 4004 qua:
2444 3931 2761 4004 hujusmodi
2795 3931 3053 3986 fuerunt:
3086 3937 3148 3983 ut
3171 3928 3594 3999 Carthaginien-

2012 4042 2102 4083 ses
2141 4023 2364 4080 obsides
2390 4023 2610 4085 darent,
2650 4022 2898 4090 captivos
2937 4028 2991 4071 et
3033 4019 3344 4088 transfugas
3403 4034 3600 4074 omnes

2013 4120 2394 4181 restituerent,
2421 4115 2746 4186 elephantos
2780 4127 2973 4166 omnes
3005 4119 3062 4166 et
3098 4113 3373 4173 triremes,
3401 4111 3594 4164 decem

2012 4209 2281 4281 exceptis,
2317 4207 2622 4265 traderent.
2652 4205 2709 4260 ln
2743 4214 3024 4274 posterum
3050 4218 3230 4271 neque
3270 4202 3596 4270 elephantos

2013 4317 2195 4371 neque
2221 4301 2410 4371 longas
2441 4313 2611 4352 naves
2675 4296 2863 4366 plures
2904 4309 3068 4365 quam
3094 4293 3264 4348 denas
3299 4293 3592 4356 haberent,

2015 4409 2194 4464 neque
2219 4392 2422 4448 bellum
2449 4406 2573 4446 cum
2603 4403 2879 4459 quoquam
2923 4388 3027 4441 nisi
3063 4386 3131 4440 de
3170 4386 3442 4440 sententia
3487 4385 3598 4439 Ro-

2015 4499 2306 4542 manorum
2346 4483 2712 4553 susciperent.
2749 4481 2973 4551 Adjecta
3035 4487 3164 4534 sunt
3197 4486 3253 4532 et
3298 4477 3404 4532 alia
3441 4493 3592 4548 qua!-

324 4569 468 4620 κχτὰ
496 4569 666 4620 νώτου
690 4570 983 4641 γενόμενος
1018 4571 1248 4642 ἔτρωσε,
1281 4574 1392 4626 κάκ
1422 4572 1613 4626 τούτου
1647 4573 1764 4644 μετ’
1794 4575 1908 4629 ὀλί-

2011 4578 2161 4634 dam.
2203 4575 2302 4630 His
2341 4573 2758 4630 conditionibus
2811 4569 3112 4642 propositis
3148 4568 3310 4640 legati
3366 4569 3593 4625 Romam

323 4675 437 4726 γων
473 4660 725 4730 ἐξέφυγε.
763 4663 1006 4716 Σκιπίων
1034 4664 1088 4717 δὲ
1143 4665 1390 4734 νικήσας,
1449 4667 1545 4718 ἐπὶ
1591 4665 1690 4739 τὴν
1746 4668 1903 4740 Καρ-

325 4753 530 4822 χηδόνα
566 4753 825 4823 ἠπείχθη,
871 4757 966 4807 καὶ
997 4755 1307 4826 ἐπολιόρκει
1342 4757 1512 4826 αὐτὴν
1547 4759 1612 4811 ἐκ
1652 4759 1754 4828 γῆς
1785 4760 1906 4830 ἅμα

325 4849 420 4900 καὶ
451 4845 752 4914 θαλάσσης.
787 4849 850 4902 Οἱ
883 4848 929 4901 δ’
959 4849 1029 4903 αὖ
1069 4851 1429 4920 Καρχηδόνιοι
1457 4851 1676 4922 πρῶτον
1710 4853 1808 4921 μὲν
1828 4851 1904 4917 ῶς

323 4940 423 5006 τὴν
454 4937 771 5008 πολιορκίαν
799 4941 1235 5012 καρτερήσοντες
1260 4944 1638 5014 ἡτοιμάζοντο.
1669 4945 1904 4999 Ἔπειτα

325 5027 458 5080 διαπ
495 5031 754 5100 ρηθέντες
787 5032 925 5100 πρὸς
954 5035 1046 5086 τὸν
1073 5035 1350 5089 Σκιπίωνα
1379 5035 1900 5105 διεκηρυκεύσαντο,

328 5123 424 5175 καὶ
458 5124 485 5174 ὁ
527 5122 768 5176 Σκιπίων
807 5125 933 5187 τοὺς
973 5123 1166 5194 λόγους
1213 5127 1365 5196 σφῶν
1393 5127 1776 5200 προσεδέξατο.
1805 5131 1902 5184 καὶ

326 5213 454 5279 περὶ
480 5211 588 5264 τῶν
623 5212 906 5280 συνθηκῶν
927 5215 1202 5285 διειλέχθη
1225 5216 1432 5279 αὐτοῖς.
1459 5213 1566 5270 Ἦν
1591 5217 1648 5271 δὲ
1674 5219 1742 5272 τὰ
1762 5219 1910 5290 ώμοιι

325 5299 628 5370 λογημέκια,
665 5303 908 5372 ὁμήρους
939 5321 999 5356 τε
1035 5305 1187 5374 παρὰ
1226 5306 1334 5358 τῶν
1363 5307 1769 5378 Καρχηδονίων,
1803 5308 1901 5362 καὶ

323 5391 450 5454 τοὺς
474 5394 561 5459 ατχ
574 5390 854 5459 μαλώτους
885 5395 980 5446 καὶ
1008 5396 1136 5456 τοὺς
1161 5396 1490 5466 αὐτομόλους
1517 5398 1774 5468 δοθῆναι·
1807 5399 1903 5454 καὶ

327 5483 536 5546 πάντας
582 5483 678 5551 μὲν
724 5485 850 5546 τοὺς
878 5484 1204 5552 ἐλέφαντας,
1251 5489 1350 5551 τὰς
1384 5489 1440 5541 δὲ
1470 5489 1716 5559 τριήρεις
1760 5490 1901 5561 πλὴν

323 5569 454 5624 δέκα
491 5575 898 5644 παρασχεθῆναι
916 5591 929 5605 ο
959 5576 1052 5630 καὶ
1076 5575 1168 5630 τοῦ
1195 5578 1386 5632 λοιποῦ
1413 5581 1552 5650 μήτε
1575 5581 1898 5649 ἐλέφαντας»

330 5662 469 5732 μήτε
510 5663 642 5727 ναῦς
679 5665 898 5735 μακρὰς
931 5666 1152 5730 πλείους
1183 5670 1290 5722 τῶν
1320 5670 1450 5723 δέκα
1483 5670 1649 5742 ἔχειν,
1676 5673 1771 5726 καὶ
1800 5674 1902 5744 μή·

325 5767 386 5803 τε
420 5754 656 5823 πόλεμον
691 5757 844 5826 παρὰ
877 5757 979 5829 τὴν
1012 5759 1120 5811 τῶν
1157 5759 1448 5830 Ῥωμαίων
1481 5763 1710 5834 γνώμην
1760 5765 1900 5835 πρὸς

330 5844 534 5912 μηδένα
565 5844 834 5900 ποιεῖσθαι
857 5861 870 5876 °
902 5848 996 5902 καί
1027 5865 1149 5904 τινα
1181 5850 1364 5920 ἕτερα.
1399 5851 1674 5908 Ἰῗοιούτων
1711 5852 1769 5907 δὲ
1802 5869 1896 5922 γε·

2009 4667 2192 4736 missi,
2218 4666 2315 4722 sed
2347 4680 2542 4736 parum
2569 4662 2826 4718 alacriter
2854 4678 2883 4716 a
2911 4669 3105 4716 senatu
3157 4661 3396 4728 suscepti
3429 4673 3592 4724 sunt;

2007 4756 2132 4812 aliis
2175 4756 2324 4811 aliud
2361 4752 2736 4817 censentibus,
2779 4767 2844 4808 ac
2889 4751 3032 4806 inter
3083 4765 3205 4804 sese
3264 4751 3594 4808 rixantihus.

2014 4847 2214 4902 Verum
2243 4846 2484 4917 populus
2537 4857 2725 4914 pacem
2763 4857 2961 4913 magno
2991 4856 3266 4897 consensu
3325 4842 3592 4910 decrevit,

2007 4935 2253 5007 acceptis
2301 4933 2742 4997 conditionibus,
2785 4931 3088 5000 decemque
3146 4930 3339 5000 legalis
3387 4931 3593 4998 missis,

2007 5028 2103 5102 qui
2137 5043 2246 5083 una
2265 5041 2392 5082 cum
2426 5024 2686 5096 Scipione
2716 5024 2904 5080 omnia
2949 5022 3432 5078 administrarent.
3490 5023 3596 5078 Pa-

2007 5124 2112 5178 etis
2144 5120 2397 5185 ﬁrmatis,
2427 5117 2688 5174 triremes
2731 5116 2965 5190 traditae,
3009 5125 3377 5186 cremataeque
3429 5113 3594 5168 sunt:

2003 5211 2428 5282 elephantorum
2460 5211 2642 5282 major
2677 5224 2804 5280 pars
2855 5205 3085 5262 Romam
3138 5207 3326 5267 missa.
3389 5206 3590 5275 reliqui

2004 5303 2304 5358 Masinissae
2324 5301 2536 5366 donati,
2563 5299 2799 5356 Africam
2831 5297 3086 5359 Romani,
3110 5296 3597 5366 Carthaginienses

2003 5391 2217 5448 Italiam
2257 5391 2623 5462 reliquerunt.
2647 5387 2749 5443 Hic
2776 5386 3003 5442 secundi
3053 5385 3180 5441 belli
3218 5386 3410 5441 Punici
3469 5401 3595 5456 post

2005 5497 2181 5537 annos
2212 5481 2488 5538 sexdecim
2521 5479 2704 5536 exitus
2733 5478 2858 5532 fuit.
2893 5477 3080 5546 Scipio
3134 5484 3342 5543 autem,
3393 5493 3592 5547 magna

2005 5580 2162 5645 parta
2193 5573 2386 5645 gloria,
2414 5579 2839 5641 cognomentum
2865 5566 3106 5621 Africani
3135 5567 3279 5620 tulit.
3308 5567 3445 5627 (lam
3472 5575 3590 5622 tum

2010 5667 2160 5722 enim
2191 5663 2509 5734 Carthagini
2546 5660 2778 5716 finitima
2802 5660 2994 5732 Libya,
3033 5659 3216 5715 Africa
3268 5660 3592 5729 vocabatur)

2010 5765 2067 5812 et
2089 5755 2277 5812 multis
2300 5753 2534 5825 captivis
2573 5751 2790 5809 civibus
2823 5748 3081 5821 receptis,
3108 5750 3376 5805 liberator
3400 5767 3429 5806 a
3451 5751 3596 5808 mul-

2008 5853 2078 5908 tis
2105 5850 2312 5918 dictus,
2347 5849 2406 5904 in
2431 5863 2648 5905 summo
2677 5847 2887 5903 honore
2918 5845 3041 5901 fuit.
3074 5845 3305 5903 Annibal
3341 5858 3532 5904 contra
3559 5863 3591 5906 a
