4024 6410
329 405 362 466 7
371 403 434 464 ἐτ

1605 402 2016 466 ANNALIUM
2053 406 2206 467 LIB.
2253 408 2361 470 IX.

3507 420 3617 484 758

331 515 592 567 ἔσπευσε.
631 510 802 577 Γνοὺς
830 510 889 565 δὲ
917 509 1016 582 τὴν
1041 509 1306 582 πρόσοδον
1342 507 1509 565 αὐτοῦ
1541 510 1570 564 6
1599 510 1923 576 ’Δπούστιος

2035 522 2244 571 meatus
2273 515 2498 574 facilius
2525 523 2870 590 suppeteret,
2901 522 3190 596 Philippus
3219 541 3316 583 eos
3344 529 3428 582 sui
3463 537 3614 584 metu

337 603 696 676 ἀνεχώρησεν
721 620 736 635 ο
767 603 870 675 ἠδη
895 603 1006 675 γὰρ
1037 603 1134 657 καὶ
1165 604 1375 675 χειμὼν
1409 599 1501 676 ἦν.
1534 603 1758 670 Ῥαϊσας
1783 606 1831 662 δ’
1853 607 1920 661 ἐκ

330 700 431 765 τῆς
460 699 619 752 νόσου
660 699 689 752 6
721 697 936 761 Γάλϐας
967 696 1136 751 πλείω
1159 699 1622 768 παρεσκευάσατο
1659 685 1916 770 δύναμιν,

331 788 427 841 καλ⁸
458 789 576 857 ἅμα
597 787 719 858 ἔαρι
745 788 828 850 είς
853 787 954 858 τὴν
985 786 1330 841 Μακεδονίαν
1362 787 1647 858 ἠπείγετο.
1691 788 1848 842 Ἐπεὶ
1874 789 1920 843 δ’

333 879 678 950 ἐπλησίασαν
733 878 992 950 ἀλλήλοις
1055 878 1756 950 ἆντεστρατοπεδεύσαντο,
1825 881 1923 935 καὶ

334 969 754 1041 ἀκροϐολισμοῖς
783 970 1027 1042 ἐχρῶντο
1057 969 1168 1024 τῶν
1198 972 1409 1026 ἱππέων
1443 971 1541 1026 καὶ
1588 971 1697 1028 τῶν
1722 971 1917 1042 ψιλῶν.

333 1065 736 1118 Μεταστάντων
761 1063 820 1118 δὲ
863 1063 972 1117 τῶν
1028 1064 1322 1136 Ῥωμαίων
1368 1064 1428 1129 ἐς
1459 1082 1513 1120 τι
1543 1065 1749 1137 χωρίον
1796 1063 1921 1120 ὅθεν

335 1158 466 1228 ῥᾷον
506 1152 576 1227 ἦν
609 1156 796 1220 αὐτοῖς
835 1155 1270 1221 ἐπισιτίσασθαι,
1313 1156 1548 1230 νομίσας
1585 1158 1614 1212 6
1653 1156 1922 1222 Φίλιππος

331 1249 407 1308 ὠς
457 1249 833 1321 φοϐουμένους
859 1248 1022 1304 αὑτὸν
1061 1249 1420 1320 μεταστῆναι,
1453 1249 1690 1322 ἐπῆλθεν
1738 1249 1923 1312 αὐτοῖς

332 1341 682 1411 ποιουμένοις
729 1340 992 1412 ἁρπαγὰς
1038 1342 1470 1412 ἀπροσδόκητος,
1511 1342 1605 1396 καί
1627 1359 1780 1404 τινας
1810 1341 1923 1396 διέ-

331 1434 542 1507 φθειρε.
583 1435 695 1491 Καὶ
740 1437 770 1490 6
800 1435 1015 1499 Γάλϐας
1043 1434 1204 1490 τοῦτο
1231 1434 1577 1508 αίσθόμενος,
1610 1433 1914 1506 ἐπεξέδρα-

335 1545 437 1599 μεν
463 1530 527 1581 ἐκ
549 1527 647 1582 τοῦ
672 1531 1039 1600 στρατοπέδου
1075 1530 1170 1584 καὶ
1202 1528 1534 1601 προσπεσὼν
1558 1528 1709 1600 αὐτῷ
1740 1528 1922 1601 πολλῷ

331 1619 557 1696 πλείους
583 1622 1027 1678 ἀντεπέκτεινεν.
1064 1621 1124 1676 '0
1155 1621 1213 1676 δέ
1246 1637 1308 1692 γε
1344 1621 1611 1685 Φίλιππος
1639 1621 1920 1692 ἡττηθείς,

332 1713 429 1766 καὶ
463 1712 697 1783 τρωθεὶς
730 1714 838 1768 ὑπὸ
872 1713 1044 1769 νύκτα
1080 1716 1388 1786 ἀπανέστη.
1423 1715 1498 1768 Οὐ
1536 1714 1724 1786 μέντοι
1755 1713 1922 1769 αὐτὸν

329 1804 357 1854 6
394 1803 609 1865 Γάλϐας
638 1804 882 1870 ἐδίωξεν,
911 1805 1030 1859 ἀλλ’
1057 1807 1140 1867 είς
1171 1805 1272 1878 τὴν
1313 1805 1686 1860 Ἀπολλωνίαν
1726 1805 1921 1858 ἀνεκο-

331 1893 529 1963 μίσθη.
558 1893 670 1948 Καὶ
710 1894 1036 1960 ’Δπούστιος
1060 1896 1119 1950 δὲ
1150 1895 1289 1968 μετὰ
1316 1895 1427 1950 τῶν
1463 1894 1688 1950 Ῥοδίων
1710 1893 1920 1950 καὶτοῦ

337 1985 604 2041 Ἀττάλου
665 1991 1002 2060 περιπλέων,
1054 1993 1255 2062 νήσους
1309 1989 1514 2060 συχνὰς
1562 1986 1920 2058 ἐχειρώσατο.

327 2079 494 2133 Κατὰ
521 2080 578 2134 δὲ
601 2079 694 2135 τὸν
722 2083 887 2136 αύτδν
917 2082 1111 2156 χρόνον
1144 2081 1239 2136 καί
1268 2098 1356 2146 τις
1391 2081 1657 2152 Ἀμίλκας
1689 2081 1918 2151 Καρχη-

327 2170 509 2234 δόνιος
549 2171 628 2242 τῷ
675 2173 908 2242 Μαγῶνι
940 2173 1356 2245 συστρατεύσας
1385 2174 1447 2226 ἐν
1481 2171 1709 2242 Ἰταλίᾳ,
1757 2171 1924 2225 κάκεῖ

330 2263 660 2334 ὑπομείνας,
694 2267 830 2330 τέως
861 2266 958 2336 μὲν
985 2267 1216 2337 ἡσυχίαν
1242 2262 1399 2337 ἦγεν.
1434 2266 1522 2329 Ὠς
1551 2265 1595 2319 δ’
1617 2266 1646 2318 6
1673 2263 1922 2318 Μακεδο-

1945 1857 1996 1915 Β

2024 607 2234 679 fugisse
2265 617 2440 675 ratus,
2473 625 2544 665 ex
2576 610 2881 683 improviso
2907 616 3249 686 praedatores
3285 619 3497 690 aliquot
3521 637 3606 674 oc-

2024 700 2184 757 cidit.
2217 700 2340 768 Quo
2373 701 2542 758 Galba
2587 704 3003 774 animadverso,
3035 723 3068 764 e
3095 710 3296 766 castris
3322 712 3618 781 eruptione

2025 801 2194 860 acta,
2252 794 2421 866 longe
2498 795 2690 866 plures
2747 798 3066 864 interfecit;
3116 801 3435 872 Philippum
3482 818 3618 857 vero

2023 887 2234 944 victum
2265 895 2323 942 et
2359 887 2612 944 saucium
2642 898 2811 946 noctu
2839 891 3195 946 recedentem
3229 907 3342 948 non
3370 901 3457 949 est
3491 909 3618 964 per-

2023 989 2272 1045 secutus,
2329 979 2428 1037 sed
2488 981 2837 1052 Apolloniam
2912 983 3118 1050 rediit,
3177 985 3412 1056 Apustio
3473 985 3618 1040 intc-

2023 1071 2128 1127 rim
2179 1086 2306 1128 cum
2356 1069 2592 1130 Rhodiis
2640 1082 2698 1128 et
2735 1074 2920 1131 Attalo
2968 1091 3123 1133 mare
3171 1086 3520 1148 peragrante,
3559 1086 3617 1133 et

2023 1166 2346 1236 complures
2398 1166 2610 1222 insulas
2647 1167 2964 1238 subigente.
3019 1167 3134 1225 Sub
3183 1169 3329 1224 idem
3397 1179 3618 1239 tempus

2023 1255 2510 1326 Carthaginiensis
2551 1256 2777 1328 quidam
2804 1257 3068 1323 Amilcar,
3085 1261 3339 1332 Magonis
3369 1261 3424 1314 in
3463 1261 3620 1316 Italia

2024 1348 2354 1414 commilito,
2385 1349 2477 1419 qui
2520 1350 2588 1404 ad
2620 1359 2841 1420 tempus
2869 1352 3094 1422 quietus
3132 1352 3206 1407 ibi
3253 1361 3620 1420 remanserat,

2022 1446 2218 1492 exorto
2267 1435 2626 1494 Macedonico
2674 1438 2820 1495 bello
2845 1481 2862 1508 ,
2920 1441 3105 1497 Gallos
3143 1442 3213 1496 ad
3250 1442 3619 1500 defectionem

2023 1531 2266 1602 impulit,
2313 1548 2441 1588 cum
2478 1533 2660 1606 iisque
2706 1535 2944 1606 Ligures
2973 1538 3116 1594 bello
3141 1539 3392 1604 adortus,
3422 1555 3618 1594 eorum

2022 1624 2192 1681 etiam
2214 1624 2515 1681 nonnullos
2533 1625 2638 1681 sibi
2663 1626 2938 1698 adiunxit.
2967 1630 3075 1686 Sed
3095 1645 3125 1686 a
3140 1630 3204 1684 L.
3228 1630 3395 1686 Furio
3423 1643 3625 1702 przvto-

2024 1729 2087 1771 re
2108 1715 2229 1771 acie
2249 1716 2408 1782 victi,
2427 1716 2636 1788 legatos
2665 1717 2735 1774 de
2759 1735 2894 1790 pace
2911 1721 3203 1778 miserunt.
3222 1723 3298 1778 Ea
3327 1723 3626 1793 Liguribus

2025 1805 2152 1862 data
2176 1813 2262 1864 est
2283 1825 2300 1866 :
2327 1807 2516 1864 ueteri
2539 1807 2677 1865 nihil
2701 1809 3090 1881 impetrarunt.
3113 1813 3278 1886 “5
3293 1815 3429 1870 Nam
3447 1816 3626 1871 Aure-

2023 1897 2135 1954 lius
2153 1901 2350 1957 consul
2377 1900 2603 1972 przetori
2626 1906 2914 1960 victoriam
2952 1904 3228 1969 invidens,
3251 1920 3350 1961 eos
3377 1905 3624 1962 vicissim

2025 1988 2172 2046 bello
2201 2000 2291 2048 est
2309 1991 2560 2051 adortus.
2590 1994 2860 2067 Sequenti
2913 2009 3060 2050 anno
3095 1993 3340 2050 Amilcar
3381 2005 3434 2052 et
3483 1996 3625 2052 Galli

2025 2081 2232 2140 multas
2267 2083 2458 2143 clades
2490 2085 2760 2144 Romanis
2789 2088 3120 2144 intulerunt.
3157 2087 3294 2143 Nam
3318 2098 3376 2143 et
3399 2087 3501 2144 Cn.
3525 2089 3629 2143 Be-

2026 2172 2181 2229 bium
2211 2183 2506 2245 praetorem
2541 2188 2916 2250 superarunt,
2943 2187 2999 2235 et
3023 2179 3203 2235 socias
3237 2180 3494 2236 civitates
3539 2179 3628 2233 in-

2025 2273 2358 2332 cursarunt,
2403 2275 2458 2324 et
2489 2268 2832 2326 Placentiam
2877 2279 3247 2342 expugnatam
3277 2279 3627 2327 everterunt.

329 2355 488 2417 νικος
517 2355 756 2426 πόλεμος
781 2357 1000 2427 ἐνέστη,
1041 2355 1166 2417 τούς
1196 2371 1254 2408 τε
1283 2355 1535 2417 Γαλάτας
1557 2353 1670 2408 τῶν
1702 2351 1995 2424 Ῥωμαίων
2035 2352 2320 2425 ἀπέστησε
2343 2370 2359 2385 ο
2397 2356 2496 2410 καὶ
2527 2360 2646 2429 μετ’
2670 2360 2856 2415 αὐτῶν
2884 2361 2979 2413 ἐπὶ
3008 2361 3223 2430 Λίγυας
3259 2359 3623 2431 στρατεύσας.

331 2447 491 2508 τινας
520 2448 792 2521 κάκείνων
856 2449 1319 2519 προσεποιήσατο.
1378 2445 1596 2517 Λουκίῳ
1645 2445 1703 2499 δέ
1748 2443 1965 2518 Φουρίῳ
2003 2446 2404 2518 στρατηγοῦντι
2461 2448 2873 2522 πολεμηθέντες
2925 2453 3266 2524 ἡττήθησαν,
3349 2453 3442 2508 καὶ
3494 2454 3628 2522 περὶ

335 2545 586 2599 σπονδῶν
616 2543 1084 2615 ἐπρεσϐεύσαντο.
1127 2545 1238 2598 Καὶ
1269 2545 1320 2597 οί
1352 2543 1452 2614 μὲν
1485 2542 1686 2614 Λίγυες
1723 2540 1922 2613 ἔτυχον
1962 2541 2167 2609 αὐτῶν,
2227 2545 2347 2608 τοῖς
2416 2543 2600 2611 ἄλλοις
2623 2546 2680 2600 δὲ
2711 2546 2814 2600 οὐκ
2835 2546 3104 2618 ἐδόθησαν
3130 2565 3144 2582 ο
3176 2547 3296 2602 ἀλλ’
3320 2546 3628 2618 ἁντεστρά·

333 2653 528 2692 τευσεν
564 2635 652 2689 ἐπ’
674 2637 878 2700 αὐτοὺς
902 2637 1172 2707 Αὐρήλιος
1203 2642 1231 2693 6
1258 2637 1486 2701 ὕπατος,
1523 2635 1798 2706 φθονήσας
1825 2634 1926 2704 τῆς
1964 2633 2127 2705 νίκης
2185 2635 2266 2707 τῷ
2295 2637 2610 2709 στρατηγῷ.
2674 2638 2766 2710 Τῷ
2795 2639 2842 2692 δ’
2870 2639 2997 2711 ἐξῆς
3023 2640 3134 2694 ἔτει
3155 2639 3294 2712 πρὸς
3313 2639 3409 2694 τοῦ
3442 2638 3622 2708 Ἀμίλ-

337 2750 437 2786 κου
482 2732 576 2785 καὶ
607 2731 717 2784 τῶν
753 2731 1016 2786 Γαλατῶν
1063 2733 1370 2806 συνηνέχθη
1413 2731 1590 2786 πολλὰ
1661 2730 1758 2784 zeal.
1793 2727 1967 2783 δεινά.
2010 2728 2206 2783 Γναίόν
2260 2745 2324 2784 τε
2369 2731 2484 2803 γὰρ
2536 2733 2761 2788 Βαίϐιον
2797 2733 2910 2804 (ιδ)
2977 2734 3288 2806 στρατηγὸν
3343 2731 3628 2802 ἐνίκησαν,

337 2830 435 2882 καὶ
493 2827 594 2899 τὴν
659 2827 984 2900 συμμαχίδα
1044 2829 1154 2884 τῶν
1209 2830 1502 2903 Ῥωμαίων
1569 2825 1925 2898 κατέτρεχον,
1967 2824 2064 2881 καὶ
2132 2826 2479 2884 Πλακεντίαν
2569 2828 2951 2901 ἐπολιόρκουν,
3039 2828 3137 2884 καὶ
3191 2829 3408 2894 ἑλόντες
3463 2827 3628 2883 κατέ-

341 2920 584 2992 σκαψαν.

414 3018 532 3086 tq'.
571 3018 660 3071 Ἐν
691 3017 747 3070 δὲ
778 3020 844 3090 τῇ
902 3017 1120 3072 Ἐλλάδι
1171 3018 1268 3072 καὶ⁸
1315 3020 1383 3090 τῇ
1427 3016 1743 3089 Μακεδονίᾳ
1792 3015 1932 3072 Πού-

2105 3009 2248 3067 XVI.
2264 3007 2324 3066 In
2340 3008 2552 3067 Gracia
2573 3020 2625 3067 et
2647 3011 2964 3069 Macedonia
2979 3014 3042 3069 P.
3059 3013 3256 3070 Villius
3275 3013 3472 3068 consul
3495 3027 3632 3068 con-

344 3111 501 3174 πλιος
531 3110 765 3176 Ούάλιος
787 3110 901 3181 (ﬂ)
932 3112 961 3164 6
995 3107 1204 3174 ὕπατος
1243 3110 1588 3181 ἀντεκάθητο
1616 3109 1696 3181 τῷ
1741 3107 1930 3162 Φιλίπο

344 3219 451 3274 πῳ,
482 3203 551 3257 τὰ
575 3203 678 3272 τῆς
714 3203 976 3276 Ἠπείρου
1007 3202 1482 3274 προκαταλαϐόντι
1554 3200 1739 3266 στενὰ,
1763 3200 1833 3254 δι’
1855 3191 1931 3256 ὧν

345 3297 428 3358 είς
456 3297 557 3366 τὴν
582 3295 926 3349 Μακεδονίαν
956 3297 1096 3349 είσὶν
1127 3295 1396 3350 είσϐολαί.
1422 3293 1578 3350 Μετὰ
1605 3293 1664 3349 δέ
1693 3296 1786 3348 τὸν
1815 3311 1933 3364 χει-

351 3388 508 3456 μῶνα
539 3387 698 3450 Τῖτος
724 3387 1016 3458 Φλαμίνιος
1046 3387 1276 3455 ὕπατος,
1307 3387 1404 3442 τοῦ
1435 3386 1706 3442 φιλίππου
1733 3388 1846 3441 πᾶν
1872 3385 1934 3441 τδ

353 3476 560 3544 μεταξὺ
591 3477 700 3530 τῶν
726 3478 868 3548 ὀρῶν
887 3478 1340 3550 διατειχίσαντος,
1372 3479 1470 3533 καὶ
1491 3479 1645 3543 ὄντος
1670 3477 1936 3533 δυσπαλε-

355 3570 550 3638 μήτου,
585 3569 675 3623 διά
717 3587 865 3635 τινος
915 3569 1249 3642 ἐκπεριῆλθε
1283 3573 1480 3642 στενῆς
1519 3569 1768 3641 ἀτραποῦ
1815 3569 1933 3639 μετ’

349 3659 546 3729 ὀλίγων
589 3662 651 3715 τὸ
679 3663 1095 3734 περιτείχισμα.
1130 3661 1246 3716 Καὶ
1277 3662 1472 3732 φανεὶς
1505 3661 1565 3727 ἐξ
1600 3659 1936 3732 ὑπερδεξίων

350 3751 614 3817 αἰφνίδιον
655 3750 892 3822 ἐφόϐησε
932 3752 1025 3806 τὸν
1055 3753 1346 3818 Φίλιππον,
1394 3752 1699 3824 νομίσαντα
1736 3752 1844 3805 πᾶν
1876 3751 1938 3804 τὸ

349 3841 444 3896 τοῦ
497 3842 659 3896 Τίτου
707 3843 1026 3915 στράτευμα
1066 3845 1200 3898 είσω
1239 3845 1350 3900 τῶν
1381 3844 1588 3898 στενῶν
1620 3843 1937 3915 παρελθεῖν,

346 3934 472 3987 ὅθεν
526 3937 614 3988 καὶ
663 3937 870 4005 είς.τὴν
921 3938 1268 3993 Μακεδονίαν
1301 3937 1520 4009 ἀπῆρεν
1554 3936 1740 3998 εὐθύς.
1787 3937 1850 3990 '0
1892 3937 1939 3989 δ’

349 4027 557 4092 ὕπατος
588 4031 796 4083 ἐκεῖνον
827 4031 926 4098 μὲν
948 4030 1048 4084 οὐκ
1070 4031 1280 4098 ἐδίωξε,
1305 4031 1405 4094 τὰς
1429 4031 1474 4084 δ’
1501 4031 1561 4083 ἐν
1591 4033 1658 4102 τῇ
1696 4029 1940 4101 Ἠπείρῳ

350 4119 540 4180 πόλεις
597 4121 1040 4190 προσεποιήσατο
1070 4138 1086 4153 ⁸
1140 4123 1236 4175 καὶ
1293 4123 1353 4186 ἐς
1406 4122 1714 4177 Θεσσαλίαν
1771 4123 1942 4176 ἐλθὼν

351 4210 526 4264 πολλὰ
565 4213 962 4280 παρεσπάσατο
1002 4213 1096 4267 τοῦ
1123 4214 1416 4281 Φιλίππου,
1443 4216 1538 4268 καὶ
1576 4219 1657 4279 είς
1690 4216 1790 4287 τὴν
1821 4217 1940 4270 Φω-

351 4306 478 4358 κίδα
522 4304 623 4373 τὴν
664 4305 926 4359 Βοιωτίαν
958 4323 1018 4360 τε
1050 4307 1368 4378 ἀνεχώρησε
1395 4324 1412 4336 ο
1461 4310 1556 4363 καὶ⁵
1582 4311 1610 4363 6
1634 4308 1735 4380 μὲν
1780 4309 1940 4364 Ἐλά-

349 4413 507 4450 τειαν
540 4395 874 4467 ἐπολιόρκει,
909 4397 1147 4460 Λούκιος
1193 4399 1252 4452 δὲ
1304 4398 1600 4469 Φλαμίνιος
1643 4401 1672 4454 6
1710 4399 1941 4469 ἀδελφὸς

351 4489 522 4542 αὑτοῦ
558 4491 698 4559 μετὰ
747 4490 842 4543 τοῦ
881 4492 1142 4546 Ἀττάλου
1175 4493 1270 4546 καὶ
1296 4493 1406 4547 τῶν
1441 4491 1667 4548 Ῥοδίων
1713 4493 1814 4558 τὰς
1844 4495 1942 4565 νή-

357 4598 488 4645 σους
524 4581 828 4654 ἐχειροῦτο.
872 4585 983 4638 Καὶ
1029 4585 1184 4649 τέλος
1215 4584 1527 4658 Κέγχρειαν
1571 4585 1808 4654 ἐλόντες,
1849 4590 1944 4642 καὶ

357 4671 657 4741 πυθόμενοι
724 4673 990 4742 πρέσϐεις
1054 4675 1206 4745 παρὰ
1275 4676 1550 4732 Φιλίππου
1610 4678 1748 4751 πρὸς
1817 4680 1944 4744 τοὺς

370 4764 624 4835 Ἀχαιοὺς
658 4765 754 4818 ἐπὶ
783 4767 1075 4840 συμμαχίᾳ
1101 4768 1452 4839 πεπέμφθαι,
1491 4770 1821 4827 ἀπέστειλαν
1850 4773 1946 4826 καὶ⁹

359 4859 540 4924 αὐτοὶ,
567 4858 663 4912 κα)⁸
692 4859 970 4929 Ἀθηναῖοι
1001 4862 1575 4933 συνεπρεσϐεύσαντο.
1599 4865 1712 4920 Καὶ
1746 4866 1946 4938 πρότε-

363 4963 456 5018 ρον
495 4948 595 5018 μὲν
629 4950 1002 5020 ἐμερίσθησαν
1041 4953 1098 5004 αί
1145 4953 1365 5024 γνῶμαι
1405 4954 1516 5011 τῶν
1549 4956 1804 5027 Ἀχαιῶν,
1833 4957 1944 5012 τῶν

355 5037 464 5106 μὲν
499 5039 572 5109 τῷ
608 5041 865 5112 Φιλίππῳ
895 5042 997 5112 τὴν
1031 5046 1354 5117 συμμαχίαν
1385 5047 1803 5120 ψηφιζομένων,
1834 5051 1945 5105 τῶν

359 5130 418 5183 δὲ
442 5134 552 5194 τοῖς
587 5133 904 5206 Ῥωμαίοις.
938 5137 1068 5206 Ὀψὲ
1096 5137 1141 5191 δ’
1173 5137 1267 5193 οῦν
1293 5155 1425 5195 ποτε
1443 5141 1544 5213 τὴν
1563 5141 1819 5213 βοήθειαν
1844 5145 1944 5200 αύ-

360 5225 475 5288 τοῖς
507 5224 866 5295 ἐψηφίσαντο,
893 5230 989 5284 καὶ
1022 5230 1117 5284 ἐπὶ
1145 5232 1243 5295 τὴν
1261 5231 1525 5302 Κόρινθον
1545 5235 1946 5305 συνεστράτευ-

361 5333 485 5384 σαν,
519 5317 738 5373 καὶτοῦ
787 5322 887 5391 μὲν
931 5323 1146 5394 τείχους
1179 5325 1526 5398 κατήρειψαν
1563 5343 1724 5380 τινα⁹
1775 5330 1944 5400 πονή-

362 5425 557 5475 σαντες
597 5410 642 5464 δ’
674 5412 761 5466 ἐπ’
793 5413 1114 5484 ἐκδρομαῖς,
1153 5416 1570 5488 ἀπανέστησαν.
1598 5413 1730 5470 Εἶτα
1759 5417 1945 5482 δείσας

359 5503 387 5554 6
414 5503 679 5568 Φίλιππος
715 5505 792 5575 μὴ
828 5505 1023 5560 πολλαὶ
1052 5507 1236 5573 πόλεις
1271 5509 1496 5572 ἁλῶσιν,
1531 5510 1672 5580 ὑπὲρ
1717 5511 1944 5580 εἰρήνης

361 5597 499 5666 πρὸς
542 5595 638 5650 τὸν
683 5595 891 5652 ὕπατον
933 5599 1441 5671 ἐπεκηρυκεύσατο.
1477 5603 1587 5656 Kal.
1630 5601 1688 5666 ὃς
1723 5601 1944 5667 ἐδέξατο

2033 3111 2118 3159 tra
2146 3103 2463 3174 Philippum
2490 3104 2545 3158 in
2573 3104 2864 3175 procinctu
2887 3104 3140 3176 erat,qui
3169 3104 3323 3177 Epiri
3345 3105 3632 3176 angustias

2034 3208 2355 3266 occuparat,
2388 3211 2489 3266 per
2511 3211 2652 3267 quas
2677 3197 2733 3252 in
2764 3197 3143 3254 Macedoniam
3168 3199 3392 3270 patebat
3413 3197 3626 3254 aditus.

2035 3287 2231 3344 Hieme
2261 3288 2553 3360 elapsa.T.
2583 3290 2885 3347 Flaminius
2910 3291 3040 3347 Cos.
3067 3307 3194 3348 cum
3219 3292 3528 3364 Philippus,
3556 3293 3630 3349 ob

2036 3396 2204 3436 omne
2234 3380 2371 3438 illud
2407 3383 2670 3452 spatium,
2699 3383 2849 3454 quod
2887 3384 3033 3440 inter
3064 3391 3284 3441 montes
3309 3385 3628 3457 interjacet,

2038 3488 2203 3529 muro
2235 3474 2566 3545 obseptum,
2623 3485 2944 3546 oppugnatu
2992 3475 3233 3533 difﬁcilis
3279 3483 3450 3540 esset,
3503 3493 3632 3533 cum

2038 3563 2233 3633 paucis
2257 3578 2359 3634 per
2379 3571 2674 3634 angustum
2707 3563 2904 3619 callem
2923 3564 3293 3620 munitionem
3322 3564 3629 3630 circumiit,

2039 3666 2098 3712 et
2122 3673 2189 3712 ex
2224 3657 2511 3727 superiore
2544 3657 2668 3712 loco
2711 3655 2901 3712 subito
2955 3665 3318 3728 conspectus,
3357 3666 3631 3713 terrorem

2041 3750 2276 3806 incussit
2317 3749 2596 3820 Philippo,
2637 3765 2861 3813 omnem
2917 3751 3040 3823 ejus
3077 3751 3390 3806 exercitum
3454 3766 3634 3822 augu-

2041 3845 2176 3896 stias
2199 3857 2494 3913 superasse
2530 3842 2808 3912 opinanti,
2845 3851 2906 3898 ut
2938 3843 3124 3898 statim
3167 3843 3219 3897 in
3252 3841 3632 3898 Macedoniam

2043 3933 2352 3988 recederet.
2377 3932 2584 3988 Consul
2619 3949 2752 3988 vero
2785 3933 2938 3988 illum
2965 3949 3074 3987 non
3108 3940 3457 4002 persecutus,
3476 3929 3632 4000 Epiri

2043 4025 2278 4080 urbibus
2320 4033 2406 4078 est
2468 4023 2679 4093 potitus
2718 4041 2733 4079 :
2785 4033 2953 4094 atque
3005 4022 3136 4076 inde
3185 4021 3240 4075 in
3285 4019 3630 4076 Thessaliam

2048 4124 2455 4188 transgressus,
2492 4115 2685 4171 multis
2723 4130 2753 4170 a
2790 4115 3048 4184 Philippo
3081 4113 3358 4178 alienatis,
3391 4112 3444 4166 in
3486 4113 3632 4167 Pho-

2044 4208 2225 4264 cidem
2268 4216 2326 4264 et
2371 4208 2640 4264 Boeotiam
2687 4223 2748 4264 se
2781 4207 3039 4262 contulit.
3088 4204 3193 4262 Ubi
3226 4204 3358 4259 dum
3397 4205 3632 4261 Elatiam

2047 4302 2287 4370 obsidet,
2345 4302 2410 4358 L.
2471 4302 2802 4364 Flaminius,
2827 4301 2999 4356 frater
3036 4301 3158 4372 ejus
3192 4316 3319 4357 cum
3353 4301 3539 4355 Attalo
3576 4309 3636 4356 et

2049 4395 2283 4452 Rhodiis
2341 4395 2552 4451 insulas
2620 4395 2905 4466 subigunt.
2991 4394 3241 4465 Denique
3332 4393 3638 4451 Cvnsbreis

2045 4487 2212 4542 etiam
2240 4487 2426 4557 potiti,
2463 4503 2586 4542 cum
2617 4485 2909 4542 audissent
2937 4485 3262 4541 societatem
3305 4485 3634 4540 Achaeorum

2047 4596 2078 4635 a
2125 4580 2384 4650 Philippo
2414 4579 2644 4650 petitam
2671 4595 2816 4646 csse,
2847 4579 3060 4649 legatos
3100 4587 3158 4633 et
3201 4576 3307 4647 ipsi
3352 4592 3461 4631 una
3505 4593 3633 4632 cum

2045 4673 2482 4730 Atheniensibus
2511 4671 2580 4727 ad
2611 4673 2736 4728 il’os
2759 4673 3056 4727 miserunt.
3085 4669 3253 4726 Initio
3284 4669 3476 4724 divisa:
3508 4668 3634 4723 fue-

2049 4776 2179 4822 runt
2205 4767 2530 4822 Achaeorum
2565 4765 2879 4831 sementim,
2913 4764 3036 4818 aliis
3066 4763 3344 4833 Philippo,
3371 4761 3496 4818 aliis
3521 4759 3636 4816 Ro-

2047 4860 2230 4916 manis
2289 4859 2493 4914 auxilia
2565 4857 3020 4913 decernentibus.
3071 4855 3179 4912 Sed
3236 4871 3361 4911 sero
3416 4853 3635 4916 tandem

2050 4953 2319 5009 societate
2371 4951 2530 5016 inita,
2583 4949 2837 5006 Corinthi
2885 4947 3271 5020 oppugnanda:
3329 4946 3635 5017 adjutores,

2048 5055 2207 5118 parte
2255 5045 2400 5099 muri
2435 5044 2648 5116 dejeeta
2677 5085 2692 5108 ,
2725 5043 2938 5099 crebris
2973 5041 3362 5112 eruptionibus
3400 5039 3634 5110 fatigati,

2049 5146 2426 5194 recesserunt.
2473 5135 2684 5192 Deinde
2725 5134 2942 5190 veritus
2985 5133 3294 5204 Philippus,
3339 5146 3410 5186 ne
3448 5131 3637 5186 multa

2050 5232 2218 5286 urbes
2261 5237 2636 5298 caperentur,
2679 5227 3079 5283 caduceatores
3135 5225 3204 5280 ad
3240 5224 3528 5280 consulem
3563 5222 3635 5278 de

2048 5339 2183 5394 pace
2224 5321 2393 5377 misit.
2429 5320 2689 5388 Quicum
2713 5321 2835 5391 ejus
2879 5317 3174 5389 postulatis
3217 5316 3542 5380 annuisset,
3577 5323 3636 5371 et

2050 5415 2153 5486 ipsi
2215 5421 2274 5470 et
2331 5413 2471 5468 socii
2516 5420 2948 5468 convenerunt:
2994 5411 3090 5467 sed
3122 5410 3263 5465 nihil
3313 5418 3498 5465 actum
3545 5419 3634 5466 est

2049 5508 2231 5571 aliud,
2283 5506 2390 5561 nisi
2420 5505 2568 5575 quod
2593 5503 2852 5574 Philippo
2889 5504 3096 5573 legatos
3141 5502 3372 5558 Romam
3415 5504 3633 5558 mittere

2049 5618 2134 5658 cst
2160 5613 2486 5656 concessum
2519 5613 2537 5653 :
2565 5612 2631 5653 ac
2658 5610 2729 5652 ne
2760 5595 2832 5652 ibi
2867 5595 3092 5666 quidem
3123 5595 3426 5667 quidquam
3454 5595 3631 5667 impe-

1563 5740 1762 5802 Varizc
1787 5740 2098 5804 lectiones
2143 5747 2206 5801 et
2240 5745 2432 5800 notm.

437 5860 546 5931 (45)
586 5864 848 5919 Βαίϐιον.
888 5863 965 5918 Ita
998 5863 1154 5936 Regii
1185 5863 1317 5934 duo,
1348 5863 1590 5921 Colbert.
1624 5866 1826 5922 Βαίῖον.

2118 5863 2232 5936 (at)
2265 5861 2542 5932 Οὺιίίιος.
2578 5863 2697 5921 Duo
2728 5860 2884 5935 Regii
2913 5872 2968 5920 et
2988 5860 3235 5920 Colberl.
3258 5859 3534 5923 Οὺῐάλιος.
