4024 6392
400 368 508 434 750

1714 386 2042 449 JOANNIS
2080 387 2404 448 ZDNARE

3555 385 3661 450 760

398 490 630 542 tratum.
671 485 810 543 Nam
859 488 1070 548 Grecis
1112 494 1549 564 postulantibus,
1596 505 1658 552 ut
1692 497 1972 562 Corintho,

2090 501 2216 563 τοὺς
2246 500 2442 567 λόγους
2473 498 2665 561 αὐτοῦ,
2700 498 2795 553 καὶ
2838 500 3100 571 συνῆλθον
3132 497 3284 556 αὐτοὶ
3328 500 3421 555 καὶ
3448 500 3500 555 οί
3531 502 3669 573 σύμ-

398 576 663 637 Chalcide
695 591 752 637 et
780 582 1102 642 Thessalica
1152 588 1508 647 Demetriade
1544 591 1809 652 cederet:
1848 591 1980 645 l’hi-

397 673 533 745 lippi
564 676 726 748 legati
751 679 892 735 nihil
922 680 991 738 dc
1042 683 1111 740 iis
1163 686 1395 745 urbibus
1420 687 1473 742 in
1498 687 1773 744 mandatis
1796 702 1855 742 se
1881 685 1980 740 ha-

400 763 533 822 bere
571 766 932 838 aﬂirmantes,
966 774 1131 831 rebus
1163 775 1386 834 infectis
1426 777 1821 834 discesserunt.
1864 776 1979 830 Ro-

397 858 546 913 mani
593 874 733 916 vero
755 859 980 921 Gracia
1013 868 1378 937 provinciam,
1407 878 1465 927 et
1498 870 1701 925 bellum
1743 863 1975 935 Philippi

396 965 524 1005 cum
576 951 869 1022 Flaminio,
912 957 968 1013 in
1000 970 1327 1030 sequentem
1361 962 1528 1017 etiam
1552 976 1755 1016 annum
1788 972 1997 1028 proroo.

395 1051 616 1112 garunt.
650 1044 755 1112 Qui
794 1062 921 1102 cum
955 1049 1031 1104 ibi
1061 1066 1358 1108 mansurus
1388 1061 1557 1113 esset,
1589 1050 1656 1105 ad
1687 1049 1882 1103 bellum
1913 1060 1974 1101 se

400 1137 657 1204 Ιηηνίῑε
709 1137 876 1212 446
920 1156 1100 1212 eoque
1148 1145 1343 1215 magis.
1370 1143 1519 1215 quod
1555 1141 1742 1199 Nabis.
1799 1137 1973 1191 Lace-

395 1224 795 1286 damaniorum
843 1244 1132 1303 tyrannus,
1182 1249 1499 1306 quanquam
1562 1228 1838 1298 Philippi.
1901 1226 1973 1282 ob

394 1318 572 1390 Argos
597 1320 666 1376 ab
693 1338 762 1377 eo
794 1335 1116 1396 acceptum,
1166 1326 1379 1382 amicus
1399 1364 1415 1389 ,
1462 1338 1651 1394 pacem
1682 1335 1809 1375 cum
1850 1319 1972 1388 ipso

394 1412 631 1471 fecerat.
680 1414 817 1471 Nam
875 1418 1006 1488 quia
1059 1418 1287 1475 Macedo
1359 1417 1530 1473 multa
1575 1412 1738 1471 simul
1779 1424 1976 1467 curare

396 1521 510 1562 non
550 1517 795 1577 poterat,
846 1526 970 1566 eam
1027 1513 1243 1574 urbem,
1285 1511 1496 1565 veritus
1537 1522 1607 1562 ne
1651 1521 1681 1560 a
1709 1503 1977 1559 Romanis

393 1610 710 1670 caperetur,
742 1604 973 1659 Nabidis
1004 1604 1157 1666 ﬁdei,
1202 1602 1442 1674 depositi
1487 1600 1682 1662 instar,
1737 1596 1975 1651 commi-

388 1695 481 1745 sFt.
506 1689 653 1749 Elio
689 1693 840 1749 Paeto
866 1695 1098 1751 consule
1129 1696 1332 1749 bellum
1371 1706 1498 1748 cum
1528 1690 1700 1746 Gallis
1720 1695 1972 1759 gerente,

389 1783 493 1837 etsi
521 1785 678 1841 multi
711 1786 974 1855 utrinque
1005 1786 1061 1839 in
1088 1785 1441 1840 conﬂictibus
1461 1781 1803 1845 ceciderunt,
1836 1778 1975 1834 nihil

2086 606 2271 660 μαχοι.
2311 589 2594 662 Ἑπράχθη
2617 589 2661 642 δ’
2684 590 2860 657 οὐδὲν,
2880 593 2911 663 ῆ
2935 593 3019 646 ὅτι
3045 591 3311 662 πρέσϐεις
3332 595 3412 657 είς
3444 593 3666 663 Ῥώμην

2082 681 2296 750 πέμψαι
2323 680 2401 751 τῷ
2426 681 2682 752 Φιλίππῳ
2700 682 3011 753 ἐπετράπη,
3039 684 3134 736 καὶ
3150 684 3427 739 ούδέλέκεί
3457 703 3507 739 τι
3539 686 3663 754 ἐγέ-

2080 790 2220 827 νετο.
2255 773 2377 827 Τῶν
2396 774 2506 844 γάρ
2538 774 2810 842 Ἑλλήνων
2835 775 3144 845 ἀποστῆναι
3171 776 3340 831 αὑτὸν
3366 777 3662 844 ἀξιούντων

2077 866 2178 933 τῆς
2207 864 2472 934 Κορίνθου
2503 866 2595 917 καὶ
2621 864 2724 934 τῆς
2749 866 3041 930 Χαλκίδος,
3066 868 3167 936 τῆς
3192 886 3253 921 τε
3282 871 3660 941 Δημητριάδος

2076 958 2176 1025 τῆς
2208 957 2573 1026 Θεσσαλικῆς,
2611 959 2764 1012 οὐδὲν
2800 960 2930 1029 περὶ
2957 960 3164 1013 τούτων
3192 961 3242 1013 oi
3267 962 3360 1014 τοῦ
3389 964 3659 1017 Φιλίππου

2079 1050 2281 1120 πρέσϐε
2294 1067 2342 1114 ις
2377 1050 2693 1104 ἐντετάλθαι
2718 1051 2948 1119 ἔφασαν,
2977 1051 3071 1105 καὶ
3097 1050 3372 1122 ἄπρακτοι
3407 1052 3658 1122 ἀπηλλά-

2077 1159 2274 1213 γησαν.
2301 1144 2365 1198 Οἱ
2398 1143 2443 1199 δ’
2475 1146 2534 1197 ἐν
2575 1147 2645 1216 τῇ
2681 1143 2869 1216 Ῥώμῃ
2916 1142 2995 1213 τῷ
3029 1142 3309 1214 Φλαμινίῳ
3354 1141 3457 1214 τὴν
3487 1144 3548 1197 ἐν
3590 1148 3655 1216 τῇ

2088 1232 2299 1288 Ἑλλάδι
2349 1234 2654 1306 ἠγεμονίαν
2716 1236 2812 1289 καὶ
2870 1237 2953 1298 είς
2997 1234 3060 1289 τὸ
3089 1234 3244 1288 ἐπιὸν
3280 1232 3656 1305 ψηφισάμενοι

2079 1325 2220 1389 ἔτος,
2263 1326 2417 1397 αὐτῷ
2453 1326 2714 1380 ἀνέθεντο
2768 1327 2861 1380 καὶ
2901 1326 2971 1379 τά
3003 1327 3143 1379 κατὰ
3174 1326 3463 1380 Φίλιππον.
3507 1327 3566 1379 '0
3596 1325 3654 1379 δέ

2075 1417 2160 1471 ὅτι
2188 1418 2331 1472 κατά
2358 1417 2545 1489 χώραν
2575 1419 2774 1488 ἔμελλε
2813 1420 3020 1490 μένειν,
3053 1418 3192 1487 πρὸς
3226 1417 3463 1487 πόλεμον
3492 1418 3656 1487 ἡτοι-

2080 1509 2306 1581 μάζετο,
2338 1510 2436 1564 καὶ
2469 1512 2676 1579 μᾶλλον
2703 1513 2787 1565 ὅτι
2812 1513 2909 1565 καὶ
2942 1510 3122 1571 Νάϐις
3157 1513 3186 1564 ὁ
3211 1508 3659 1578 Λακεδαιμονίων

2074 1600 2343 1671 τύραννος
2384 1603 2681 1656 ἐσπείσατό
2725 1604 2796 1668 οί,
2826 1603 3007 1656 καίτοι
3037 1602 3192 1670 φίλος
3230 1599 3308 1653 ὣν
3344 1599 3440 1653 τοῦ
3473 1597 3665 1652 Φιλίπ-

2078 1708 2205 1756 που,
2245 1691 2343 1744 καὶ
2389 1692 2452 1745 τδ
2498 1693 2702 1763 Ἀργος
2735 1692 2920 1747 λαϐὼν
2951 1692 3084 1763 παρ’
3121 1690 3312 1745 αὐτοῦ.
3357 1688 3668 1744 ’Δδυνατῶν

2077 1783 2190 1853 γάρ
2227 1784 2254 1835 ό
2291 1781 2561 1849 Μακεδὼν
2593 1783 2765 1837 πολλὰ
2800 1782 3013 1835 διέπειν
3046 1781 3208 1852 ὁμοῦ,
3242 1781 3339 1834 καὶ
3366 1779 3556 1839 δείσας
3588 1779 3664 1849 μὴ

394 1885 580 1930 tamen
632 1850 993 1931 memorabile
1039 1884 1256 1946 gestum
1291 1884 1396 1930 est.
1429 1874 1662 1930 Obsides
1689 1871 1972 1942 Carthagi-

2077 1850 2193 1938 τοῖς
2233 1874 2532 1941 Ῥωμαίοις
2559 1876 2591 1945 ἡ
2618 1874 2775 1938 πόλις
2801 1874 3005 1946 ληφθῇ,
3032 1850 3114 1944 τῷ
3137 1867 3336 1928 Νάϐἰδι
3373 1872 3566 1942 αὐτὴν,
3596 1872 3665 1924 ἶν’

390 1967 671 2029 nensium,
703 1981 899 2021 eorum
931 1966 1076 2021 servi
1111 1977 1169 2021 et
1199 1966 1403 2034 captivi
1432 1963 1728 2019 venundati
1756 2002 1771 2028 ,
1807 1962 1975 2019 urbes

390 2058 447 2111 in
493 2057 699 2125 quibus
740 2057 950 2127 quique
984 2056 1280 2127 degebant,
1318 2070 1594 2124 occupare
1617 2054 1761 2122 ausi,
1788 2053 1976 2109 multis

387 2148 606 2204 civibus
648 2149 956 2205 interfectis
1010 2167 1025 2204 :
1084 2165 1115 2204 a
1147 2148 1409 2204 Cornelio
1462 2149 1693 2203 Lentulo
1741 2157 1975 2218 praetore

385 2251 517 2297 sunt
549 2243 820 2314 oppressi,
858 2246 1013 2316 prius
1035 2260 1202 2316 quam
1228 2244 1453 2316 gravius
1484 2244 1693 2314 aliquid
1717 2242 1978 2299 commit-

389 2346 622 2393 teretur.
654 2341 729 2393 At
761 2337 904 2395 Galli
939 2339 1300 2395 successibus
1337 2337 1494 2405 elati,
1536 2354 1663 2394 cum
1693 2338 1976 2393 Romanos

384 2428 569 2484 obiter
598 2444 791 2485 secum
821 2428 1032 2484 bellare
1057 2429 1586 2493 animadverterent,
1622 2428 1697 2483 ita
1722 2442 1782 2482 se
1810 2440 1976 2497 para-

389 2522 542 2588 bant,
587 2523 750 2592 quasi
792 2522 966 2592 ipsam
1019 2521 1216 2577 urbem
1276 2520 1677 2591 oppugnaturi.
1714 2518 1837 2586 Quo
1881 2533 1978 2575 co—

387 2623 521 2670 natu
551 2613 787 2670 Romani
832 2614 1048 2677 territi.
1108 2621 1409 2683 utrumque
1452 2612 1741 2669 consulem
1768 2610 1978 2668 Corne-

385 2708 525 2763 lium
563 2707 871 2778 Cethegum
912 2720 971 2765 et
999 2707 1293 2763 Minatium
1346 2707 1575 2770 Rufum,
1609 2715 1801 2762 contra
1851 2704 1977 2760 Gal-

384 2799 471 2854 los
501 2798 774 2855 miserunt
809 2816 824 2852 :
871 2797 966 2869 qtti
999 2797 1148 2852 inter
1187 2812 1247 2852 se
1281 2796 1473 2860 divisi,
1510 2797 1654 2852 alius
1691 2796 1856 2851 aliam
1886 2810 1977 2850 re-

388 2888 610 2961 gionem
668 2889 932 2945 vastavit.
988 2889 1062 2946 Ut
1111 2889 1394 2951 consules.
1453 2889 1528 2943 ita
1578 2888 1745 2943 etiam
1787 2888 1976 2942 hostes

386 2983 577 3038 divisi.
602 2982 697 3052 qui
725 2997 850 3036 cum
881 2981 1156 3036 Amilcare
1186 2981 1431 3045 fuerunt,
1458 2979 1591 3034 victi
1629 2995 1660 3035 a
1707 2979 1971 3048 Cethego,

383 3088 579 3143 pacem
603 3075 969 3144 impetrarunt
1002 3089 1018 3125 :
1069 3070 1270 3140 reliqui
1316 3083 1380 3125 ea
1425 3070 1584 3125 clade
1616 3068 1818 3133 territi,
1846 3083 1974 3122 cum

2077 1963 2239 2030 αὖθις
2276 1965 2527 2036 ἀποδοίη,
2565 1963 3006 2034 παρακατέθετο.
3043 1965 3228 2020 Λίλίου
3273 1964 3331 2018 δέ
3365 1964 3539 2017 Πέτου
3568 1962 3665 2016 τοῦ

2079 2057 2290 2111 ύπάτου
2353 2057 2789 2128 στρατεύσαντος
2850 2059 2947 2111 ἐπὶ
2990 2058 3118 2121 τοὺς
3169 2056 3441 2119 Γαλάτας.
3480 2055 3668 2110 πολλοὶ⁵

2077 2149 2175 2203 ἀπ’
2201 2151 2533 2221 ἀμφοτέρων
2565 2151 2889 2216 άπὸλλυντο,
2911 2149 3355 2220 προσμιγνύντες
3387 2148 3664 2220 ἀλλήλοις,

2077 2242 2292 2312 καίριον
2322 2241 2380 2294 δέ
2408 2259 2462 2296 τι
2490 2242 2740 2312 ἐπράχθη
2771 2242 2946 2296 οὐδέν.
2979 2243 3040 2295 Oi
3077 2242 3119 2294 δ’
3150 2242 3346 2311 ὅμηροι
3374 2240 3485 2299 τῶν
3515 2242 3669 2312 Καρ-

2077 2332 2363 2405 χηδονίων,
2394 2333 2529 2388 οἵτε
2555 2334 2736 2387 δοῦλοι
2765 2335 2817 2387 οί
2849 2334 2969 2406 μετ’
3001 2333 3207 2397 αὐτῶν,
3236 2335 3329 2386 καὶ
3353 2333 3407 2384 οἳ
3426 2349 3536 2386 τισι
3567 2348 3670 2386 πε-

2079 2426 2356 2497 πραμένοι
2408 2425 2768 2497 αἰχμάλωτοι,
2809 2429 3107 2496 κατασχεῖν
3145 2425 3245 2487 τὰς
3277 2423 3465 2487 πόλεις
3491 2424 3549 2477 ἐν
3578 2418 3668 2488 αἷς

2078 2520 2302 2574 ἐκαστοι
2342 2519 2442 2584 τὰς
2483 2519 2772 2589 διατριϐάς
2805 2518 3093 2574 ἐποιοῦντο
3117 2519 3519 2590 τολμήσαντες,
3569 2518 3668 2572 καὶ

2079 2612 2313 2677 πολλοὺς
2339 2611 2451 2667 τῶν
2489 2611 2807 2683 ἐπιχωρίων
2851 2611 3242 2682 φονεύσαντες,
3275 2609 3668 2681 καθῃρέθησαν

2079 2706 2185 2760 ὑπὸ
2225 2704 2532 2775 Κορνηλίου
2579 2704 2882 2760 Λεντοῡλου
2918 2701 3257 2776 στρατηγοῦ,
3296 2702 3425 2772 πρὶν
3478 2700 3668 2770 μεῖζόν

2075 2815 2129 2852 τι
2176 2794 2603 2869 ἐξεργάσασθαι.
2658 2797 2719 2848 Οί
2756 2794 2944 2865 μέντοι
2994 2792 3236 2847 Γαλάται
3273 2792 3556 2862 εὐτυχίαις
3600 2804 3665 2844 τε

2078 2889 2462 2960 ἐπαιρόμενοι,
2494 2887 2589 2941 καὶ
2618 2889 2747 2951 τοὺς
2779 2887 3091 2957 Ῥωμαίους
3123 2889 3183 2939 ἐν
3209 2886 3475 2957 παρέργῳ
3505 2884 3664 2954 σφίσι

2080 2979 2461 3052 πολεμοῦντας
2506 2978 2848 3050 αἰσθόμενοι,
2901 2978 3394 3051 παρεσκευάσαντο
3446 2978 3521 3041 ὡς
3568 2978 3665 3032 καὶ

2078 3075 2173 3128 ἐπὶ
2210 3072 2308 3145 τὴν
2365 3070 2585 3143 Ῥώμην
2628 3071 2937 3134 ἐλάσοντες.
2981 3070 3269 3133 Δείσαντες
3300 3063 3395 3124 οὖν
3440 3070 3490 3125 oi
3523 3068 3663 3123 Ῥω-

385 3162 534 3218 Rul‘o
563 3177 726 3232 agros
765 3161 991 3231 impune
1024 3170 1279 3214 vastante
1326 3174 1440 3214 non
1485 3169 1616 3215 sunt
1660 3161 1970 3229 congressi.

2082 3167 2251 3236 μαῖοι,
2283 3164 2452 3233 ἄμφω
2485 3163 2612 3226 τοὺς
2644 3161 2886 3226 ὑπάτους
2917 3163 3223 3234 Κορνήλιον
3274 3161 3526 3232 Κέθηγον
3567 3163 3665 3215 καὶ

387 3271 491 3310 nec
529 3264 712 3309 tamen
745 3253 815 3307 ab
837 3251 1012 3307 armis
1044 3259 1423 3307 recesserunt.
1444 3249 1602 3307 Tunc
1638 3250 1806 3306 etiam
1845 3250 1970 3305 Fla-

386 3346 594 3401 tninius
621 3359 746 3398 cum
778 3342 961 3398 Attalo
995 3351 1163 3398 totam
1204 3341 1471 3397 Boeotiam
1513 3342 1750 3413 subegit.
1777 3341 1857 3397 Ac
1874 3342 1971 3397 At-

388 3435 533 3493 talus
569 3432 702 3490 dum
735 3431 1062 3488 concionem
1096 3433 1163 3488 ad
1203 3433 1446 3490 Boeoﬁos
1475 3434 1658 3491 habet.
1686 3451 1799 3505 pra:
1816 3433 1971 3491 senio

384 3525 591 3581 elllavit
622 3527 887 3580 animam.
925 3527 992 3578 At
1040 3525 1346 3581 Flaminius
1375 3526 1432 3581 in
1469 3526 1813 3583 Thessaliam
1839 3543 1968 3600 pro-

386 3620 590 3680 fectus,
643 3616 890 3686 equeStri
922 3617 1110 3687 praelio
1155 3633 1282 3673 cum
1315 3617 1570 3689 Philippo
1611 3619 1919 3677 decertavit
1953 3638 1969 3678 :

386 3723 567 3778 neque
596 3708 744 3763 enim
806 3708 959 3762 locus
1024 3709 1219 3781 majori
1281 3725 1481 3781 pugnas
1539 3710 1646 3768 fuit
1709 3711 1969 3768 idoneus.

386 3800 570 3868 Quare
602 3802 767 3856 ambo
810 3801 867 3856 in
906 3802 1179 3856 tumulum
1221 3802 1540 3873 quemdam,
1590 3805 1750 3875 cujus
1801 3819 1969 3861 cacu-

386 3909 513 3950 men
536 3893 973 3967 Cynoscephale,
998 3910 1028 3948 a
1065 3895 1248 3950 canini
1281 3895 1477 3966 capitis
1493 3895 1854 3953 similitudine
1879 3897 1967 3953 di-

387 3987 558 4052 citur,
576 3994 968 4043 secesserunt:
1007 3987 1337 4059 diverseque
1360 3989 1560 4044 castris
1579 3989 1798 4060 positis.
1822 3990 1971 4046 inter

387 4096 449 4136 se
479 4080 609 4137 totis
639 4077 974 4135 exercitibus
1004 4079 1319 4150 congressi,
1360 4096 1516 4151 aequo
1544 4091 1722 4138 marte
1759 4081 1971 4137 disces-

388 4174 612 4238 sissent,
640 4174 743 4230 nisi
773 4173 1084 4229 Etolorum
1120 4173 1325 4229 auxilia
1364 4173 1654 4230 victoriam
1701 4175 1969 4231 Romanis

386 4270 751 4340 peperissent.
781 4271 1073 4343 Philippus
1140 4271 1319 4326 victus
1346 4282 1404 4327 et
1441 4269 1786 4342 proﬂigatus,
1838 4286 1965 4325 cum

384 4362 663 4418 Larissam
711 4373 781 4419 et‘
813 4364 1281 4435 circumjacentes
1328 4363 1585 4419 civitates
1630 4364 1687 4418 in
1735 4365 1968 4419 victoris

385 4462 572 4523 partes
591 4456 933 4511 concessisse
964 4455 1234 4518 audisset,
1263 4455 1724 4511 caduceatoribus
1759 4456 1966 4516 missis.

2078 3257 2378 3314 Μινούκιον
2421 3255 2651 3327 Ῥοῦφον
2696 3255 2791 3309 ἐπὶ
2821 3255 2948 3316 τοὺς
2983 3254 3234 3314 Γαλάτας
3273 3253 3567 3324 ἔπεμψανο
3608 3253 3663 3321 οἱ

2078 3352 2445 3424 διαιρεθέντες
2481 3350 2641 3415 ἄλλος
2674 3350 2843 3421 ἄλλην
2868 3350 3138 3422 ἐπόρθουν
3163 3347 3373 3420 χώραν.
3400 3347 3541 3420 Πρός
3568 3347 3663 3403 οὖν

2077 3444 2206 3508 τοὺς
2259 3444 2503 3507 ὑπάτους
2559 3444 2656 3497 καὶ
2698 3443 2748 3496 οί
2803 3442 3062 3513 πολέμιοι
3097 3442 3452 3515 διῃρέθησαν,
3485 3442 3580 3494 καὶ
3609 3441 3662 3495 οί

2082 3536 2182 3607 μὲν
2210 3535 2290 3607 τῷ
2313 3535 2546 3607 Κεθήγῳ
2573 3535 2714 3607 μετὰ
2741 3535 2924 3590 τούἈ
2935 3534 3128 3607 μίλκου
3159 3534 3546 3605 συμϐαλόντες,
3567 3535 3663 3605 ἠτ-

2076 3628 2346 3700 τήθησαν.
2376 3626 2442 3685 Οί
2482 3629 2662 3682 λοιποὶ
2710 3629 2767 3684 δέ
2795 3630 2955 3683 τοῦτο
2986 3629 3231 3699 γνόντες,
3272 3628 3661 3682 ἀπεδειλίασαν

2078 3724 2175 3779 καὶ
2206 3723 2397 3778 οὐκέτι
2441 3722 2521 3794 τῷ
2559 3722 2774 3796 Ῥούφῳ
2805 3723 3127 3789 συνέϐαλον,
3161 3722 3279 3777 ἀλλ’
3310 3723 3486 3786 ἀδεῶς
3516 3723 3666 3776 ἐκεῖ·

2077 3834 2167 3880 νος
2210 3815 2309 3887 τὴν
2353 3813 2539 3888 χώραν
2585 3817 2906 3887 κατέτρεχε.
2941 3816 3054 3871 Καὶ
3082 3816 3134 3870 oi
3171 3815 3271 3887 μὲν
3314 3814 3392 3886 τῷ
3420 3816 3663 3888 Κεθήγῳ

2080 3909 2494 3980 πολεμήσαντες
2550 3909 2785 3974 σπονδὰς
2840 3910 3193 3981 ἐποιήσαντο,
3222 3908 3272 3969 οι
3322 3908 3369 3964 δ’
3399 3907 3551 3964 ἄλλοι
3597 3911 3662 3963 ἐν

2076 4001 2194 4064 τοῖς
2218 3997 2405 4061 ὅπλοις
2437 3998 2519 4051 ἔτι
2551 3997 2873 4070 ἐτύγχανον.
2911 3999 3048 4053 Τότε
3080 3999 3137 4053 δέ
3169 3999 3264 4054 καὶ
3297 4002 3326 4055 ό
3366 4000 3663 4071 Φλαμίνιος

2081 4094 2222 4163 μετά
2250 4091 2347 4146 τοῦ
2384 4091 2642 4146 Ἀττάλου
2669 4092 2770 4163 τὴν
2790 4093 3053 4147 Βοιωτίαν
3072 4092 3294 4148 ἅπασαν
3316 4092 3657 4163 ὑπηγάγετο.

2078 4185 2192 4238 Καὶ
2228 4186 2258 4238 ό
2293 4185 2396 4255 μὲν
2423 4184 2690 4247 Ἄτταλος
2720 4186 2779 4238 ἐν
2820 4183 2899 4254 τῷ
2939 4183 3278 4256 δημηγορεῖν
3318 4184 3503 4248 αὐτοῖς
3552 4183 3662 4239 ὑπὸ

2075 4279 2264 4356 γήρως
2302 4277 2603 4348 ἀπέψυξενο
2641 4277 2705 4332 '0
2737 4276 2795 4331 δέ
2826 4294 2889 4345 γε
2921 4275 3218 4348 Φλαμίνιος
3241 4277 3300 4342 ἐς
3328 4276 3431 4346 τὴν
3453 4277 3663 4330 Θεσσα-
3763 4345 3775 4353 _

2077 4369 2200 4424 λίαν
2226 4369 2422 4437 ἐλθὼν,
2451 4369 2529 4441 τῷ
2553 4360 2811 4442 Φιλίππω
2832 4367 3158 4441 προσέμιξε,
3181 4369 3279 4425 καὶ
3315 4369 3661 4441 ἱππομαχίαν

2076 4459 2444 4526 ἐποιήσαντο·
2500 4461 2561 4514 τὸ
2619 4461 2731 4531 γάρ
2782 4459 2984 4530 χωρίον
3035 4459 3137 4513 οὐκ
3180 4460 3488 4529 ἐπιτήδειον
3519 4458 3660 4529 πρὸς

386 4545 755 4615 pecuniaque;
794 4555 854 4600 et
893 4556 1094 4617 praiter
1129 4546 1267 4601 alios
1304 4545 1414 4600 lilio
1460 4546 1743 4601 Demetrio
1771 4546 1967 4604 obside

2081 4550 2256 4618 μείζω
2295 4551 2478 4621 μάχην
2508 4547 2597 4622 ἦν.
2643 4553 2734 4605 Διὸ
2774 4552 2871 4606 καὶ
2904 4551 3076 4622 ἄμφω
3107 4550 3518 4620 άπανέστηταν,
3561 4553 3659 4605 καὶ

386 4640 541 4701 dato,
596 4638 852 4693 inducias
883 4653 912 4691 a
958 4637 1237 4692 Flaminio
1279 4637 1621 4708 impetravit,
1661 4646 1721 4693 et
1757 4638 1970 4708 legatos

390 4732 621 4785 Romam
682 4745 784 4799 pro
844 4743 981 4798 pace
1057 4729 1225 4785 misit.
1294 4730 1435 4785 Dum
1501 4729 1620 4785 haec
1677 4739 1969 4801 geruntur,

390 4822 561 4877 ctiam
599 4821 1019 4876 Androsthenes
1049 4821 1116 4876 ab
1157 4822 1374 4878 Achaeis
1408 4823 1607 4884 victus,
1639 4820 1968 4877 Corinthum

387 4913 594 4970 amisit.
647 4913 852 4968 Lucius
884 4913 1188 4969 Flaminius
1245 4915 1439 4968 classis
1491 4913 1803 4980 praefectus,
1841 4930 1966 4970 cum

386 5008 708 5061 Acarnanes
756 5022 785 5058 a
836 5003 1071 5075 Philippi
1115 5007 1380 5060 societate
1434 5003 1597 5075 447
1645 5005 1971 5062 abSLraltcre

384 5114 500 5154 non
548 5107 756 5169 posset,
800 5097 1112 5153 Leucadem
1153 5097 1445 5153 obsidione
1498 5098 1689 5168 cepit:
1722 5082 1965 5170 eosque,

387 5194 486 5248 ubi
516 5192 756 5263 Philippi
789 5189 1002 5247 cladem
1029 5179 1316 5255 audivere,
1368 5189 1589 5246 facilius
1606 5192 1846 5264 subegit.
1876 5194 1969 5250 Sic

387 5288 804 5344 Macedonicum
832 5286 1038 5342 bellum
1061 5298 1146 5343 est
1166 5287 1430 5353 solutum,
1450 5298 1508 5343 et
1527 5288 1760 5344 Romani
1780 5305 1967 5358 pacem

387 5396 515 5434 cum
551 5380 812 5451 Philippo
841 5378 1068 5434 minime
1098 5381 1366 5451 gravatim
1399 5381 1684 5449 fecerunt;
1718 5385 1806 5440 his
1838 5402 1971 5442 con-

389 5469 725 5532 ditionibus,
761 5478 823 5523 ut
865 5470 1118 5539 captivos
1143 5478 1201 5526 el
1236 5471 1548 5545 transfugas
1582 5490 1776 5532 omnes
1803 5480 1965 5533 resti-

389 5570 591 5626 tueret,
631 5568 691 5616 ut
717 5561 1045 5631 elephantos
1094 5572 1153 5618 et
1178 5563 1458 5630 triremes,
1491 5576 1691 5636 praeter
1721 5569 1969 5640 quinque

387 5666 445 5708 et
471 5655 783 5724 prtetoriam
820 5670 942 5724 quae
975 5656 1042 5709 16
1072 5672 1351 5712 remorum
1388 5669 1528 5725 erat,
1569 5668 1627 5715 et
1676 5663 1967 5730 pecuniam

391 5745 588 5821 partim
615 5754 962 5813 praesentem.
984 5749 1184 5814 partim
1213 5750 1381 5805 certis
1405 5752 1763 5821 pensionibus
1785 5753 1965 5806 daret:

398 5844 459 5901 ut
489 5835 590 5890 soli
632 5837 962 5894 Macedoniae
994 5838 1327 5907 imperaret,
1363 5858 1541 5910 neque
1586 5845 1790 5900 milites
1830 5846 1971 5906 ultra

2077 4638 2217 4709 πρός
2254 4657 2378 4693 τινα
2409 4640 2571 4709 λόφον
2605 4641 2914 4712 γενόμενοι,
2946 4633 3008 4693 οὗ
3039 4639 3139 4710 τὴν
3163 4638 3514 4710 ἀκρωνυχίαν
3541 4638 3656 4691 Κυ-

2073 4729 2163 4794 νὸς
2188 4731 2429 4803 κεφαλὴν
2457 4731 2840 4803 ὀνομάζουσιν,
2872 4734 2921 4787 οἱ
2958 4732 3058 4802 μὲν
3096 4731 3274 4796 ἔνθεν,
3303 4732 3353 4785 οί
3375 4732 3419 4785 δ’
3444 4729 3658 4784 ἐκεῖθεν

2075 4822 2371 4895 ηὐλίσαντο
2406 4841 2439 4891 ο,
2481 4826 3002 4901 καὶομαχεσάμενοι
3069 4825 3183 4887 τοῖς
3245 4820 3659 4893 στρατεύμασιν

2074 4914 2304 4979 ἅπασιν,
2340 4916 2618 4980 ἱσοπαλεῖς
2654 4916 2724 4970 ἂν
2745 4915 3168 4983 ἀπαλλάγησαν,
3200 4914 3250 4965 εί
3285 4915 3364 4983 μὴ
3396 4913 3446 4966 oi
3477 4913 3660 4965 Δίτωο

2074 5008 2156 5063 λοι
2179 5009 2676 5082 ἐπικρατεστέρους
2704 5009 2832 5074 τοὺς
2865 5008 3173 5080 Ῥωμαίους
3201 5006 3486 5077 ἐποίησαν.
3525 5006 3658 5058 Ἠτ-

2071 5103 2261 5174 τηθεὶς
2289 5103 2383 5158 οὖν
2409 5107 2437 5158 ὁ
2475 5105 2742 5167 Φίλιππος
2785 5103 2879 5158 καὶ
2921 5098 3132 5171 φυγὼν,
3173 5094 3295 5162 εἶτα
3332 5095 3521 5168 μαθὼν
3553 5097 3655 5166 τήν

2071 5215 2132 5252 τε
2161 5199 2447 5271 Λάρισσαν
2483 5197 2579 5251 καὶ
2618 5198 2720 5261 τὰς
2758 5194 2886 5266 περὶ
2916 5195 3086 5263 αὐτὴν
3117 5192 3303 5254 πόλεις
3335 5191 3405 5244 τὰ
3434 5188 3527 5243 τοῦ
3575 5205 3659 5241 νι-

2072 5293 2342 5363 κήσαντος
2378 5290 2682 5363 ᾑρημένας,
2714 5286 3200 5358 ἐπεκηρυκεύσατο
3226 5283 3306 5354 τῷ
3339 5283 3653 5353 Φλαμινίῳο

2074 5385 2171 5438 καὶ
2209 5384 2268 5447 ὃς
2295 5368 2610 5442 ἐσπείσατο,
2638 5382 2897 5451 χρήματά
2928 5396 2988 5433 τε
3022 5378 3115 5431 τοῦ
3145 5376 3417 5432 Φιλίππου
3448 5376 3651 5441 δόντος,

2075 5479 2169 5533 καὶ
2218 5477 2464 5546 ὁμήρους
2505 5475 2701 5537 ἄλλους
2746 5490 2805 5526 τε
2848 5473 2943 5528 καὶ
2966 5471 3058 5524 τὸν
3083 5472 3285 5524 οἰκεῖον
3321 5469 3436 5522 υίον
3465 5468 3653 5539 Δημή-

2073 5585 2248 5640 τριον,
2297 5568 2393 5621 καὶ
2444 5565 2702 5636 πρέσϐεις
2747 5565 2889 5636 ὑπὲρ
2920 5565 3019 5633 τῆς
3047 5565 3276 5634 εἰρήνης
3309 5563 3390 5626 είς
3430 5560 3653 5630 Ῥώμην

2074 5657 2483 5729 ἐκπέμψαντος.
2529 5656 2621 5709 Ἐν
2655 5649 2700 5724 ᾧ
2741 5655 2796 5708 δὲ
2826 5654 3001 5708 ταῦτα
3042 5646 3361 5723 ἐπράττετο,
3398 5650 3489 5703 καὶ
3534 5649 3653 5703 Ἦν-

2073 5751 2370 5822 δροσθένης
2396 5748 2625 5819 ἐνικήθη
2655 5748 2760 5801 ὑπὸ
2780 5748 2889 5801 τῶν
2932 5745 3184 5817 Ἀχαιῶν,
3215 5747 3306 5798 καὶ
3327 5743 3424 5814 τὴν
3454 5741 3651 5811 Κόρινο

2076 5844 2168 5907 θον
2217 5842 2481 5900 ἀπέϐαλε.
2534 5840 2647 5901 Καὶ
2693 5845 2722 5896 ό
2767 5841 3057 5909 Φλαμίνιος
3107 5840 3137 5895 ό
3170 5839 3399 5899 Λούκιος
3429 5835 3521 5901 ἐπὶ
3552 5830 3651 5888 τοῦ
