4024 6402
369 398 472 464 761
1636 405 2043 468 ANNALIUM
2086 409 2233 470 LIB.
2280 410 2387 473 IX.
3514 408 3627 480 762

368 509 632 567 ναυτικοῦ
689 508 801 575 ὢν,
856 508 980 563 ἐπεὶ
1045 509 1120 581 μὴ
1179 509 1364 566 ἔπειθε
1430 515 1556 578 τοὺς
1610 516 1947 588 Ἀκαρνάνας

2054 520 2349 590 quinquies
2377 522 2524 579 mille
2559 525 2736 581 aleret
2768 567 2784 591 ,
2838 543 3018 600 neque
3051 530 3147 587 ulli
3188 533 3344 588 extra
3393 546 3627 603 regnum

371 600 473 671 μὲν
507 601 819 670 συμμαχεῖν
848 598 928 668 τῷ
965 598 1240 668 Φιλίππῳ,
1277 601 1377 671 τήν
1416 618 1475 655 τε
1506 602 1758 655 Λευκάδα
1796 602 1947 655 πολι.

2053 627 2212 665 suum
2280 613 2482 669 bellum
2540 618 2764 674 faceret.
2821 598 2956 675 Nam
3008 633 3237 680 caeteros
3291 598 3483 679 urbes-
3515 632 3627 677 tam

369 691 534 761 ορκίᾳ
589 686 727 754 εἷλε,
786 689 1080 754 κάκείνους
1110 690 1251 760 μετά
1302 690 1460 745 τοῦτο
1502 691 1602 763 τὴν
1636 687 1809 764 ἧτταν
1851 693 1947 747 τοῦ

2053 703 2282 760 Asianas
2336 722 2502 776 quam
2562 709 2890 781 Europaeas,
2938 728 3060 781 quae
3114 714 3267 784 prius
3310 716 3359 770 ei
3416 714 3626 769 servie-

368 778 641 832 Φιλίππου
673 779 905 848 γνόντας
935 781 1066 851 ῥᾷον
1100 782 1621 852 συμπαρεστήσατο.
1659 782 1815 836 Οὕτω
1849 787 1947 854 μὲν

2054 804 2219 860 rant,
2273 796 2472 853 liberas
2506 798 2855 856 dimiserunt.
2889 801 3159 859 Consules
3187 804 3368 858 denuo
3418 803 3625 869 Gallos,

369 871 399 922 ὁ
427 871 799 935 Μακεδονικὸς
830 871 1048 926 ἐλέλυτο
1072 872 1333 942 πόλεμος,
1365 875 1459 927 καὶ
1481 876 1530 927 οξ
1561 877 1620 928 ὲν
1654 880 1717 946 τῇ
1758 876 1947 949 Ῥώμῃ

2059 882 2156 936 sed
2182 898 2292 938 non
2323 886 2461 941 citra
2489 888 2735 944 laborem
2764 901 2819 946 et
2844 908 3167 956 aerumnam,
3196 894 3553 962 subegerunt.

369 963 449 1033 τῷ
484 963 736 1033 Φιλίππῳ
769 964 1099 1034 ἐτοιμότατα
1130 967 1539 1038 συνελλάγησαν
1609 969 1701 1021 ἐπὶ
1744 968 1822 1038 τῷ
1884 969 2014 1035 τοὺς
2048 975 2438 1044 αἰχμαλώτους
2495 982 2591 1034 καὶ
2642 984 2767 1047 τοὺς
2811 984 3146 1054 αὐτομόλους
3183 984 3478 1039 ἀποδοῦναι
3533 994 3628 1046 καὶ

368 1056 494 1120 τοὺς
543 1053 844 1123 ἐλέφαντας
874 1054 1001 1145 ᾲτάς
1056 1073 1116 1108 τε
1164 1059 1432 1129 τριήρεις,
1485 1058 1626 1129 πλὴν
1668 1058 1827 1112 πέντε
1878 1061 2113 1131 καὶτῆς
2183 1068 2546 1137 στρατηγίδος
2597 1072 2768 1141 αὐτῆς
2808 1053 2976 1142 οὔσης
3018 1074 3489 1145 ἑκκαιδεκήρουςο
3531 1073 3629 1127 καὶ

368 1145 630 1214 χρήματα
683 1145 781 1234 μὲν
825 1142 1030 1199 αὐτίκα
1074 1145 1282 1211 δοῦναι,
1334 1148 1402 1201 τὰ
1468 1147 1521 1201 δὲ
1569 1150 1665 1202 καὶ
1708 1152 1766 1201 ιν
1831 1147 2019 1215 τάξεσι
2056 1168 2205 1205 τισι·
2263 1155 2356 1210 καὶ
2405 1158 2575 1228 μόνης
2623 1162 2723 1231 τῆς
2769 1162 3111 1227 Μακεδονίας
3164 1142 3490 1233 βασιλεύειν.
3553 1162 3630 1234 μὴ

370 1237 592 1301 πλείους
633 1234 685 1288 τ’
753 1233 903 1305 ἔχειν
972 1235 1317 1305 στρατιώτας
1366 1237 1477 1290 τῶν
1539 1237 2022 1307 πεντακισχιλίων,
2067 1242 2207 1311 μήτε
2271 1244 2512 1315 πόλεμον
2567 1246 2672 1312 ἔξω
2720 1248 2820 1319 τῆς
2866 1250 3063 1304 ἑαυτοῦ
3110 1250 3299 1322 χώρας
3350 1233 3633 1305 ποιεῖσθαί

367 1349 495 1387 τινι.
536 1329 650 1393 Τάς
680 1327 792 1398 γὰρ
825 1328 996 1392 ἄλλας
1030 1328 1213 1394 πόλεις
1278 1331 1379 1394 τάς
1417 1348 1474 1384 τε
1506 1332 1562 1385 ἐν
1585 1332 1650 1401 τῇ
1683 1330 1838 1418 Ἄσίᾳ
1886 1334 1980 1387 καὶ
2016 1336 2085 1405 τῇ
2154 1336 2419 1411 Εὐρώπῃ,
2453 1342 2557 1404 τὰς
2588 1342 2717 1413 πρὶν
2741 1343 3103 1410 δουλευούσας
3130 1346 3301 1414 αὐτῷ,
3338 1346 3630 1418 ἐλευθέρας

369 1420 630 1490 ἀφῆκαν.
694 1420 759 1474 Ol
813 1419 859 1473 δ’
911 1418 1111 1475 ὕπατοι
1174 1423 1289 1485 τοῖς
1334 1421 1605 1484 Γαλάταις
1643 1417 1802 1486 αὖθις
1846 1422 1947 1476 οὐκ
1984 1424 2386 1499 ἀταλαιπώρως
2440 1431 2829 1507 ἐπολέμησαν,
2886 1434 3036 1506 ὅμως
3068 1435 3256 1506 μέντοι
3285 1433 3381 1488 καὶ
3406 1417 3631 1503 τούτους

369 1515 671 1582 ὑπέταξαν.

442 1606 541 1663 ΙΖ’.
574 1608 810 1677 Πόρκιος
841 1607 899 1661 δὲ
933 1608 1129 1663 Κάτων
1159 1605 1370 1672 ὕπατος
1398 1606 1643 1678 αἱρεθεὶς
1677 1608 1777 1680 τὴν
1801 1607 1946 1679 Ἰϐη-

2115 1607 2282 1665 Χνιι.
2339 1610 2571 1668 Porcius
2624 1614 2759 1670 Cato
2816 1615 3014 1672 consul
3062 1614 3382 1689 designatus
3433 1618 3630 1690 Hispa-

375 1702 498 1768 ρίαν
558 1699 756 1771 μικρὸν
812 1702 997 1753 πᾶσαν
1040 1700 1496 1771 ἀλλοτριωθεῖσαν
1577 1703 1943 1774 ἀνεκτήσατο,

2053 1699 2194 1754 niam
2231 1716 2370 1772 pene
2417 1712 2587 1757 totam
2635 1704 2927 1761 alicnatam
2970 1710 3337 1775 recuperavit,
3390 1710 3478 1764 vir
3518 1711 3629 1769 illis

368 1793 473 1859 divi:
481 1812 512 1865 ρ
535 1793 701 1864 ἀρετῇ
738 1791 888 1864 πάσῃ
916 1792 1045 1855 τοὺς
1074 1792 1194 1845 τότε
1218 1793 1407 1847 νικῶν.
1428 1793 1614 1863 Νόμου
1653 1794 1710 1847 δὲ
1761 1794 1947 1847 τεθέν-

2053 1794 2397 1863 tcmporibus
2451 1797 2714 1853 omnibus
2766 1799 3067 1854 virtutibus
3114 1801 3625 1870 praestantissimus.

367 1902 466 1949 τος
505 1883 647 1955 μετὰ
671 1883 768 1956 τὴν
794 1886 849 1937 ὲν
881 1883 1122 1947 Κάνναις
1155 1886 1266 1948 τοῖς
1325 1884 1620 1957 Ῥωμαίοις
1666 1887 1947 1956 συμϐᾶσαν

2054 1882 2192 1938 Cum
2225 1894 2409 1937 autem
2434 1896 2558 1955 post
2584 1884 2928 1943 Cannensem
2954 1887 3166 1943 clalem
3200 1889 3288 1944 lex
3320 1899 3467 1945 esset
3488 1892 3623 1958 lata,

364 1972 563 2050 ἧτταν,
605 1976 681 2048 μὴ
729 1980 1089 2048 χρυσοφορεῖν
1128 1978 1227 2041 τὰς
1274 1983 1537 2048 γυναῖκας
1580 1980 1718 2052 μήτε
1767 1982 1954 2053 διφρο-

366 2071 680 2142 φορεῖσθαι,
747 2071 874 2143 μήθ’
930 2072 1067 2134 ὅλως
1116 2071 1303 2138 ἐσθῆτι
1346 2075 1695 2142 καταστίκτῳ
1749 2074 1953 2142 κεχρῆσ-

304 2216 309 2222 ,
368 2165 524 2227 σθαι,
554 2164 583 2216 ὁ
605 2164 800 2235 δῆμος,
832 2164 883 2216 εἰ
913 2162 1019 2233 χρὴ
1053 2163 1361 2216 καταλύσαι
1392 2163 1484 2215 τὸν
1514 2163 1705 2232 νόμον,
1753 2162 1952 2233 βουλὴν

366 2257 634 2322 ἐποιεῖτο,
675 2259 769 2308 καὶ
824 2254 956 2324 περὶ
1004 2253 1197 2306 τούτου
1229 2256 1257 2306 ὁ
1292 2254 1488 2307 Κάτων
1536 2253 1957 2325 ἐδημηγόρησε,

366 2349 484 2401 δεῖν
517 2346 951 2411 κατασκευάζων
1007 2344 1099 2398 τὸν
1135 2345 1303 2415 νόμον
1338 2346 1588 2414 κρατεῖν,
1646 2347 1742 2398 καὶ
1792 2344 1947 2409 τέλος

369 2440 549 2492 ταῦτα
581 2439 852 2507 ἐπήγαγεο
884 2437 1370 2507 Κοσμείσθωσαν
1395 2432 1510 2492 οὖν
1548 2439 1609 2491 al
1642 2436 1948 2506 γυναῖκες,

368 2530 525 2601 μήτε
560 2529 769 2599 χρυσῷ
821 2527 977 2597 μηδὲ
1026 2528 1224 2594 λίθοις
1250 2527 1289 2597 ἥ
1322 2543 1486 2582 τισιν
1515 2528 1802 2597 ἀνθηροῖς
1851 2530 1950 2583 και

371 2620 722 2688 ἁίιορππ’νοις
748 2616 1108 2687 ἐσθήμασιν,
1137 2617 1294 2671 ἀλλὰ
1318 2619 1705 2688 σωφροσύνῃ,
1735 2622 1951 2687 φιλαν-

370 2711 529 2777 δρίᾳ,
565 2708 936 2778 φιλοτεχνίᾳ,
967 2709 1177 2769 πειθοῖ,
1206 2712 1565 2778 μετριότητι,
1590 2709 1715 2776 τοῖς
1743 2711 1951 2780 νόμοις

373 2801 503 2867 τοῖς
538 2801 860 2869 κειμένοις,
893 2800 1022 2868 τοῖς
1060 2800 1275 2868 ὅπλοις
1298 2801 1424 2868 τοῖς
1455 2802 1789 2870 ἡμετέροις,
1821 2804 1952 2872 ταῖς

374 2893 596 2959 νίκαις,
626 2892 752 2959 τοῖς
778 2894 1109 2961 τροπαίοις.
1150 2893 1380 2955 Λούκιος
1421 2892 1479 2947 δὲ
1522 2894 1815 2964 Οὐαλέριος
1852 2894 1950 2962 δή-

383 2999 593 3054 μαρχος
623 2984 918 3051 ἀντιλέγων
942 2983 1019 3052 τῷ
1049 2984 1268 3038 Κάτωνι
1295 2984 1592 3056 διειλέχθη,
1613 2984 1948 3054 ἀποδοθῆναι

381 3074 770 3144 συμϐουλεύων
796 3077 916 3138 ταῖς
946 3075 1169 3143 γυναιξὶ
1208 3076 1301 3129 τδν
1330 3076 1536 3147 κόσμον
1565 3076 1656 3131 τὸν
1693 3076 1946 3150 πάτριον,

379 3167 478 3219 καὶ⁸
536 3166 708 3220 πολλὰ
769 3167 901 3235 περὶ
952 3156 1146 3220 τούτου
1193 3168 1330 3239 πρὸς
1385 3166 1477 3222 τὸν
1533 3168 1704 3239 δῆμον
1754 3168 1946 3234 εἰπὼν,

2055 1991 2126 2031 ne
2171 1976 2437 2032 mulieres
2480 1992 2675 2032 aurum
2706 1988 3006 2050 gestarent,
3037 1996 3176 2036 neve
3210 1981 3479 2037 vehiculis
3528 1990 3629 2037 aut

2061 2069 2214 2123 varia
2238 2077 2391 2125 veste
2423 2076 2735 2134 uterentur,
2771 2080 2828 2125 et
2854 2071 3093 2142 populus
3124 2081 3308 2127 utrum
3349 2088 3416 2128 ea
3464 2072 3629 2128 abro-

2054 2161 2229 2230 ganda
2251 2170 2424 2226 esset,
2453 2176 2653 2226 necne,
2696 2161 3058 2226 deliberaret,
3076 2162 3212 2219 Cato
3231 2179 3333 2235 pro
3360 2165 3628 2220 concione

2054 2268 2175 2306 eam
2200 2251 2546 2307 retinendam
2568 2268 2691 2309 esse
2714 2254 2911 2317 suasit,
2931 2270 3055 2310 cum
3086 2255 3192 2310 hac
3219 2255 3578 2312 conclusione
3605 2270 3621 2309 :

2054 2340 2325 2396 Ornentur
2361 2343 2525 2413 igitur
2566 2345 2842 2407 mulieres,
2899 2362 3004 2398 non
3033 2363 3187 2414 auro,
3220 2364 3323 2401 non
3383 2349 3626 2418 gemmis,

2054 2447 2157 2486 non
2179 2433 2429 2503 acupictis
2459 2443 2552 2487 aut
2575 2435 2801 2507 byssinis
2823 2436 3067 2500 vestibus,
3105 2438 3195 2491 sed
3222 2439 3497 2500 modestia,
3521 2456 3631 2493 ma-

2055 2524 2280 2576 ritorum
2333 2525 2690 2591 observantia,
2740 2526 3024 2580 liberorum
3071 2529 3615 2589 amore,obedientia,

2055 2612 2433 2679 moderatione,
2454 2612 2651 2685 legibus
2671 2617 2922 2682 civitatis,
2943 2617 3107 2670 armis
3133 2619 3350 2684 nostris,
3368 2619 3625 2680 victoriis,

2053 2706 2355 2776 triumphis.
2397 2705 2504 2761 Sed
2540 2706 2604 2761 L.
2641 2706 2895 2763 Valerius
2935 2709 3189 2764 tribunus
3226 2709 3404 2777 plebis
3430 2707 3627 2764 Catoni

2053 2799 2401 2864 adversatus,
2428 2809 2624 2856 auctor
2649 2802 2775 2869 fuit,
2810 2812 2871 2857 ut
2899 2803 3227 2859 mulieribus
3248 2805 3425 2873 patria
3459 2818 3629 2858 orna-
3698 2820 3709 2835 λ

2058 2899 2246 2945 menta
2290 2891 2695 2959 redderentur;
2731 2910 2838 2964 qua
2875 2896 2944 2951 de
2989 2912 3048 2951 re
3073 2912 3197 2951 cum
3243 2897 3312 2952 ad
3361 2898 3625 2969 populum

2054 2984 2225 3037 multa
2243 2983 2410 3039 verba
2431 2984 2673 3052 iecisset,
2694 2988 2943 3043 oratione
2963 2988 3031 3044 ad
3050 2989 3312 3044 Catonem
3326 3004 3623 3046 conversa:

2060 3072 2170 3139 Tu,
2228 3073 2384 3138 Cato,
2437 3076 2638 3148 inquit,
2670 3080 2716 3133 si
2765 3089 3081 3135 ornamenta
3129 3081 3408 3135 mulierum
3446 3083 3628 3152 iniquo

2058 3167 2238 3221 animo
2271 3170 2490 3236 pateris,
2517 3178 2567 3223 et
2614 3170 2819 3241 aliquid
2857 3172 3199 3243 magniﬁcum
3228 3180 3279 3227 et
3324 3172 3628 3245 philosopho

378 3253 501 3319 εἶτα
537 3256 673 3326 πρὸς
701 3257 792 3310 τὸν
822 3258 1055 3312 Κάτωνα
1085 3259 1360 3329 τὸνλόγον
1388 3260 1663 3325 ἀπέτεινε,
1695 3262 1789 3315 καὶ
1820 3260 1947 3333 ἔφη·

2055 3256 2271 3327 dignum
2295 3267 2550 3328 prarstare
2570 3262 2738 3331 cupis,
2771 3262 2827 3315 in
2863 3264 3042 3318 orbem
3073 3280 3163 3318 eas
3194 3265 3393 3330 radito,
3434 3265 3626 3319 tunicis

378 3347 463 3401 Σὺ
511 3346 586 3413 δ’,
625 3343 673 3402 ὦ
699 3346 927 3412 Κάτων,
959 3351 1013 3404 ει
1040 3350 1195 3421 ἄχθῃ
1224 3349 1305 3417 τῷ
1332 3354 1538 3421 κόσμῳ
1574 3351 1694 3406 τῶν
1741 3369 1949 3422 γυναι-

378 3435 505 3491 κῶν
529 3437 626 3491 καὶ
674 3438 891 3503 ,βούλει
915 3442 1260 3511 φιλόσοφόν
1286 3460 1340 3497 τι
1367 3442 1619 3513 ποιῆσαι
1648 3443 1747 3498 καὶ
1766 3460 1951 3515 μεγα-

375 3530 701 3596 λοπρεπὲς,
743 3531 1069 3600 ἁπόκειρον
1129 3534 1319 3602 αὐτὰς
1368 3538 1793 3605 περιτρόχαια,
1849 3535 1948 3590 καὶ

376 3623 779 3691 χιτωνίσκους
803 3624 901 3678 καὶ
937 3625 1231 3697 ἐξωιιίδας
1258 3626 1546 3691 ἕνδυσον,
1576 3627 1675 3682 καὶ
1709 3625 1788 3695 νὴ
1835 3626 1945 3680 Δία

375 3716 456 3770 σύ
509 3733 576 3784 γε
605 3716 703 3770 καί
740 3718 1024 3783 ὅπλισον,
1058 3719 1151 3788 ἐφ’
1183 3721 1407 3791 ἵππους
1461 3736 1526 3774 τε
1556 3720 1950 3786 ἁναόἰϐασον,

378 3804 479 3857 καί
521 3804 573 3859 εί
598 3804 766 3859 δοκεῖ
796 3821 918 3871 σοι,
948 3807 1044 3860 καὶ
1076 3809 1163 3874 είς
1201 3806 1318 3876 τὴν
1349 3806 1615 3875 Ἰϐηρίαν
1664 3808 1954 3878 ἀνάγαγε,

377 3896 540 3964 ὅπως
578 3916 643 3952 τε
672 3898 771 3952 καὶ
806 3897 927 3952 τῶν
963 3897 1316 3967 ἐκκλησιῶν
1366 3898 1750 3954 κοινωνῶσιν
1780 3900 1950 3970 ἡμῖν.

374 3988 482 4046 Kal
506 3988 686 4058 δεῦρο
733 3990 923 4057 αὐτὰς
978 3990 1403 4061 εἰσφερώμεθα.
1454 3992 1564 4045 Καὶ
1588 3993 1616 4045 δ
1652 3993 1751 4062 μὲν
1801 3993 1945 4046 06a-

372 4080 557 4152 λέριος
589 4081 764 4136 ταῦτα
810 4081 1175 4137 ἐπισκώπτων
1226 4079 1381 4136 εἶπεν
1413 4096 1431 4115 ⁶
1464 4082 1769 4139 ἀκούσασαι
1803 4084 1858 4138 δι
1885 4085 1942 4137 αἱ

371 4177 631 4242 γυναῖκες
670 4174 872 4244 (ἐγγὺς
902 4174 1010 4243 γὰρ
1036 4173 1138 4244 τῆς
1167 4175 1377 4245 ἀγορᾶς
1413 4174 1607 4229 πολλαὶ
1655 4175 1949 4246 διέτριϐον,

369 4263 929 4335 πολυπραγμονοῢσαι
978 4261 1041 4318 τὸ
1109 4266 1525 4336 γενησόμενον)
1583 4266 1951 4337 εἰσεπήδησαν

371 4357 457 4419 εἰς
502 4353 603 4425 τὴν
671 4353 974 4425 ἐκκλησίαν
1026 4357 1376 4412 καταϐοῶσαι
1427 4356 1524 4411 τοῦ
1573 4357 1765 4425 νόμου.
1837 4359 1952 4411 Καὶ

370 4448 521 4504 οὕτω
580 4448 783 4519 σπουδῇ
841 4448 1094 4513 λυθέντος
1151 4448 1318 4502 αὑτοῦ
1392 4450 1728 4519 ἀνεδήσαντο
1783 4449 1947 4511 εὐθὺς

2054 3357 2104 3401 et
2130 3348 2310 3419 palliis
2332 3351 2559 3412 induite.
2578 3361 2737 3422 atque
2755 3354 2941 3417 etiam,
2979 3356 3025 3409 si
3049 3356 3146 3409 diis
3172 3355 3365 3426 placet,
3386 3366 3623 3420 armato,

2055 3447 2104 3492 et
2126 3440 2273 3511 equis
2326 3441 2597 3512 impositas
2627 3444 2680 3495 in
2712 3442 3027 3513 Hispaniam
3047 3444 3241 3509 ducito,
3294 3454 3452 3515 atque
3488 3445 3623 3499 adeo

2053 3529 2154 3583 huc
2183 3530 2448 3598 adducito,
2476 3540 2533 3585 ut
2556 3540 2604 3586 et
2624 3534 2958 3589 roncionibus
2987 3537 3177 3589 nostris
3201 3536 3465 3590 intersint.
3489 3535 3623 3606 Age,

2056 3636 2391 3675 accersamus
2428 3638 2519 3676 eas
2551 3624 2669 3677 huc.
2696 3623 2832 3679 Cum
2865 3623 2984 3681 haec
3008 3625 3242 3682 dicteria
3277 3625 3477 3680 Valerii
3504 3641 3631 3680 mu—

2053 3710 2223 3767 lieres
2258 3712 2603 3767 audivissent
2636 3713 2847 3777 (multa:
2881 3717 3030 3771 enim
3074 3728 3310 3773 eventus
3337 3726 3628 3787 exspecta-

2057 3802 2209 3857 tione
2238 3817 2545 3873 suspensze.
2571 3804 2728 3875 juxta
2765 3804 2948 3861 forum
2977 3808 3367 3878 versabantur)
3403 3808 3458 3863 in
3489 3823 3627 3863 con-

2055 3891 2275 3945 cionem
2331 3891 2678 3962 irruperunt,
2751 3904 2945 3951 contra
2998 3895 3175 3966 legem
3230 3897 3626 3954 vociferantes.

2054 3981 2173 4051 Qua
2215 3986 2354 4039 citra
2414 3986 2825 4041 cunctationem
2887 3986 3087 4055 soluta,
3128 3990 3313 4044 statim
3353 3989 3428 4044 ibi
3464 4005 3631 4045 orna-

2056 4075 2260 4130 mentis
2314 4074 2648 4144 quibusdam
2701 4079 2959 4149 sumptis,
3011 4094 3137 4134 cum
3180 4081 3438 4151 tripudiis
3478 4081 3632 4137 abie-

2056 4173 2213 4221 runt.
2268 4164 2407 4221 Cato
2452 4166 2509 4221 in
2547 4165 2866 4238 Hispaniam
2926 4170 3225 4241 profectus,
3290 4173 3457 4246 [‘48
3500 4188 3629 4228 cum

2053 4276 2247 4318 omnes
2271 4276 2447 4330 usque
2467 4260 2536 4315 ad
2564 4260 2780 4316 Iberum
2801 4261 3173 4332 conspirasse,
3197 4264 3436 4332 atquein
3455 4279 3628 4318 unum

2054 4351 2385 4408 convenisse
2416 4352 2727 4412 didicisset,
2774 4359 2837 4406 ut
2883 4353 3055 4408 semel
3103 4353 3350 4410 universi
3405 4370 3529 4409 cum
3560 4369 3631 4410 eo

2057 4452 2401 4515 pugnarent:
2430 4446 2621 4515 pra-lio
2649 4445 2828 4501 victos
2859 4445 2927 4500 ad
2959 4445 3297 4501 deditionem
3339 4449 3626 4516 compulit,

371 4543 493 4596 ἐκεῖ
530 4543 589 4595 ὲν
634 4544 699 4610 τῇ
728 4540 997 4613 ἐκκλησίᾳ
1026 4541 1232 4613 κόσμον
1279 4540 1424 4607 τινὰ,
1458 4541 1555 4596 καὶ
1604 4541 1829 4610 ἐξῆλθον
1861 4559 1947 4613 χο-

2059 4542 2395 4598 metuentes,
2427 4547 2497 4588 ne
2525 4534 2722 4591 eodem
2754 4545 2968 4591 terrore
3009 4538 3174 4589 etiam
3209 4535 3376 4590 urbes
3404 4537 3628 4593 amitte-

372 4632 656 4705 ρεύουσαι.
724 4633 782 4687 '0
813 4633 871 4686 δὲ
910 4634 1109 4688 Κάτων
1162 4632 1517 4698 ἀποπλεύσας
1568 4637 1649 4698 είς
1713 4635 1952 4706 Ἰϐηρίαν

369 4723 621 4794 ἀφίκετο.
660 4724 756 4777 καὶ
789 4723 977 4794 μαθὼν
1012 4723 1221 4789 πάντας
1248 4724 1378 4788 τοὺς
1410 4724 1688 4797 μέχριτοῦ
1726 4725 1950 4797 Ἴϐηρος

370 4812 659 4877 οἰκοῦντας
716 4813 1125 4887 συνεστράφθαι
1165 4815 1254 4869 ῐνα
1283 4815 1408 4871 καθ’
1434 4814 1494 4869 ἐν
1520 4816 1671 4887 αύτῷ
1701 4816 1949 4887 πολεμή-

316 4926 321 4931 τ
372 4918 530 4968 σωσι,
562 4904 943 4975 συγκροτήσας
979 4904 1041 4959 τὸ
1072 4906 1391 4976 στράτευμα
1420 4906 1725 4976 προσέϐαλε
1762 4906 1943 4975 σφίσι,

373 4995 472 5046 καὶ
500 4994 743 5065 ἡττήσας
772 4995 998 5064 αὐτοὺς,
1034 4996 1319 5068 ἠνάγκασε
1352 4997 1743 5070 προσχωρῆσαί
1765 4997 1836 5061 οἱ,
1856 5014 1952 5067 φο-

371 5083 641 5154 ϐηθέντας
671 5085 758 5142 ἵνα
784 5086 862 5159 μὴ
878 5089 971 5143 καὶ
999 5088 1099 5152 τὰς
1126 5088 1308 5152 πόλεις
1335 5088 1587 5144 αὐτοϐοεὶ
1606 5088 1947 5143 ἀποϐάλωσι.

370 5177 484 5241 Καὶ
508 5178 631 5231 τότε
657 5177 755 5249 μὲν
783 5179 954 5234 δεινὸν
979 5181 1131 5235 οὐδὲν
1158 5180 1348 5245 αὐτοῖς
1393 5181 1712 5250 εἰργάσατο.
1743 5179 1947 5234 Ὕστε-

374 5283 470 5336 ρον
517 5266 576 5320 δὲ
607 5268 870 5324 ὑπόπτων
902 5270 1067 5324 τινῶν
1092 5270 1426 5340 γενομένων,
1460 5271 1531 5322 τά
1557 5286 1617 5322 τε
1641 5269 1781 5323 ὅπλα
1806 5270 1946 5323 πάν-

371 5360 792 5434 τωνίάφείλετο,
842 5362 939 5415 καὶ
1000 5361 1070 5415 τὰ
1102 5362 1262 5434 τείχη
1322 5361 1474 5433 σφῶν
1505 5361 1573 5416 δι’
1624 5361 1805 5415 αὐτῶν
1833 5360 1943 5415 τῶν

370 5433 687 5524 ἐπιχωρίων
735 5453 1078 5525 κατέσκαψε.
1111 5433 1426 5526 Γράμματα
1457 5455 1569 5523 γὰρ
1602 5454 1940 5524 ἑκασταχόσε

372 5542 712 5614 διαπέμψας,
762 5544 861 5598 καὶ
900 5547 957 5597 ἐν
1012 5547 1078 5618 τῇ
1124 5546 1272 5616 αὐτῇ
1303 5547 1487 5617 ἡμέρᾳ
1549 5545 1755 5598 ἅπασιν
1801 5545 1942 5597 αύτά

370 5635 700 5707 ἀποδοθῆναι
755 5636 1042 5703 κελεύσας,
1097 5638 1396 5708 προσέταξε
1431 5636 1560 5700 τοὺς
1613 5636 1937 5702 περιϐόλους

370 5723 688 5795 ιὺθήμερον
719 5728 996 5792 καθελεῖν,
1027 5726 1257 5781 θάνατον
1286 5725 1593 5796 ἀπειλήσας
1616 5729 1730 5789 τοῖς
1774 5726 1939 5779 ἀπει-

369 5806 623 5893 θήσασιν.
663 5817 731 5870 Ἃ
761 5818 1087 5887 ἀναγνόντες
1119 5821 1166 5872 oi
1206 5821 1263 5872 ἐν
1284 5820 1402 5881 ταῖς
1428 5818 1623 5888 ἀρχαῖς
1650 5816 1822 5884 ὄντες,
1843 5819 1939 5873 καὶ

2061 4634 2212 4685 rent.
2250 4626 2331 4679 Ac
2385 4635 2499 4680 tum
2551 4627 2775 4696 quidem
2834 4627 2916 4683 eis
2961 4628 3228 4698 pepercit.
3261 4627 3393 4681 Post
3420 4636 3627 4694 autem,

2056 4730 2183 4771 cum
2216 4715 2441 4786 quidam
2482 4717 2858 4787 suspicionem
2894 4718 2963 4774 de
2998 4733 3058 4775 se
3085 4718 3477 4789 praebuissent,
3508 4736 3631 4775 om-

2054 4810 2224 4866 nibus
2253 4825 2406 4865 arma
2436 4809 2663 4875 ademit,
2692 4821 2749 4866 et
2772 4810 2922 4881 ipsos
2945 4808 3095 4867 cives
3121 4827 3218 4866 sua
3252 4811 3451 4867 moenia
3473 4828 3632 4869 ever-

2054 4912 2172 4959 tere
2202 4902 2404 4974 coegit.
2464 4901 2692 4957 Litteris
2718 4903 2867 4957 enim
2918 4905 2972 4957 in
3024 4902 3209 4957 omnia
3256 4903 3374 4957 loca
3422 4904 3628 4970 missis,

2051 4992 2363 5063 eodemque
2406 4991 2495 5048 die
2528 4992 2783 5058 redditis,
2812 4993 2999 5047 omnia
3046 4995 3251 5049 mania
3284 4992 3479 5048 eodem
3535 4992 3628 5049 die

2052 5083 2202 5140 dirui
2248 5084 2430 5153 iussit,
2490 5084 2915 5139 contumacibus
2954 5093 3187 5139 mortem
3235 5083 3625 5138 comminatus.

2048 5173 2264 5242 Quibus
2314 5174 2671 5246 magistratus
2726 5176 2907 5241 lectis,
2951 5176 3154 5247 singuli
3206 5183 3461 5246 putantes
3516 5174 3625 5230 sibi

2047 5266 2184 5322 solis
2213 5266 2287 5321 ita
2315 5267 2583 5337 scriptum
2612 5282 2756 5334 esse,
2810 5284 2880 5323 ne
2920 5267 3102 5337 spatio
3127 5267 3350 5337 quidem
3394 5266 3463 5321 ad
3487 5266 3627 5322 deli-

2048 5360 2357 5415 berandum
2388 5370 2631 5432 sumpto.
2659 5363 2999 5417 munitiones
3032 5377 3227 5416 omnes
3274 5361 3623 5432 dejecerunt.

2047 5453 2266 5509 lberum
2291 5461 2689 5523 transgressus,
2712 5470 2839 5510 cum
2861 5453 3158 5509 Celtiberis
3180 5454 3423 5508 hostium
3455 5455 3622 5510 sociis

2045 5545 2118 5600 ob
2162 5545 2579 5600 multitudinem
2620 5548 2880 5615 congredi
2917 5563 3027 5602 non
3064 5562 3256 5611 ausus,
3295 5545 3626 5603 mirabiliter

2049 5637 2304 5693 homines
2326 5636 2616 5692 tractavit:
2638 5637 2773 5693 alias
2785 5640 2992 5710 majora
3016 5638 3288 5709 stipendia
3308 5636 3624 5710 pollicendo

2048 5738 2107 5784 ut
2127 5728 2195 5784 ad
2222 5744 2283 5785 se
2317 5730 2639 5792 transirent,
2673 5730 2807 5786 alias
2836 5730 3136 5797 monendo,
3184 5740 3244 5786 ut
3273 5732 3497 5787 domum
3526 5747 3613 5788 re-

2043 5821 2246 5887 dirent,
2272 5821 2404 5877 alias
2424 5821 2589 5876 etiam
2616 5832 2825 5879 certqu
2849 5839 3044 5894 pugnae
3069 5824 3213 5880 diem
3248 5822 3608 5895 designande.
