4024 6408
403 393 516 450 'lb3
1722 410 1998 474 J'OANNI

2102 416 2275 477 ιΟΝΑ
2286 419 2407 479 [LE
3561 419 3672 487 764

398 501 479 555 lt:
512 501 721 560 factum
752 515 813 562 ut
849 507 997 565 inter
1026 525 1088 566 se
1139 510 1560 582 dissentientes,
1597 530 1724 573 cum
1780 535 1851 576 eo
1882 537 1990 593 pu-

2102 527 2416 596 νομίσαντες
2473 529 2698 585 ἕκαστοι
2726 532 2914 602 μύθοις
2952 535 3140 600 αὐτοῖς
3190 533 3530 606 γεγράφθαι,
3572 536 3671 590 καὶ

396 612 574 663 gnare
606 600 727 655 ausi
766 618 879 657 non
910 603 1144 660 iuerint.

2102 617 2219 687 ιηδὲ
2261 619 2456 691 καιρὸν
2490 600 2751 687 λαϐόντες
2786 623 3005 694 βουλῆς,
3039 600 3337 682 κατέϐαλον
3370 600 3571 692 πάντες
3600 628 3673 682 τὰ

402 688 580 758 τείχη.
610 690 668 743 '0
696 691 752 745 δὲ
792 695 989 750 Κάτων
1011 696 1167 768 διέϐη
1207 698 1302 752 τὸν
1333 700 1554 774 Ἴϐηρα,
1579 703 1810 769 καὶτοῖς
1864 706 2209 780 Κελτίϐηρσι
2272 688 2630 783 συμμαχοῦσι
2675 688 2797 780 τοῖς.
2858 688 3139 789 πολεμίοις
3172 720 3339 774 αὐτοῦ
3407 721 3496 776 διὰ
3528 688 3671 791 πλῆ-

405 781 496 843 οος
533 783 834 853 συμϐαλεῖν
863 790 941 860 μὴ
968 789 1275 863 θαρσήσας.
1310 798 1728 870 μετεχειρίσατο
1780 800 2108 875 θαυμασίως
2181 781 2572 875 αὐτοὺςποτὲ
2636 810 2737 881 μὲν
2763 781 3279 882 μεταπείθωννπρὸς
3304 817 3468 871 αὑτὸν
3498 781 3671 891 μετα-

406 873 603 943 στῆναι
642 876 792 932 δόσει
844 881 1096 950 μείζονος
1140 885 1360 955 μισθοῦ,
1409 890 1542 943 ποτέ
1589 891 1646 945 δὲ
1704 873 1991 965 παραινῶν
2031 898 2218 967 σφίσιν
2260 873 2584 956 ἐπανελθεῖν
2637 873 2844 973 οἶκαδε,
2897 904 3016 959 ἐστι
3066 908 3114 961 δ’
3174 873 3275 962 ϐτε-
3337 906 3434 964 καὶ
3488 873 3672 985 μάχην

402 968 589 1032 αὐτοῖς
614 971 672 1033 ἐς
715 972 934 1043 ἡμέραν
962 976 1319 1044 ἐπαγγέλλων
1348 982 1543 1053 ῥητήν.
1572 982 1671 1037 Ἐκ
1709 986 1819 1056 γὰρ
1873 985 2070 1041 τούτου
2132 990 2466 1047 ἐστασίασαν
2504 994 2643 1064 πρὸς
2705 968 2988 1066 ἀλλήλους,
3026 999 3121 1053 καὶ
3145 968 3501 1071 φοϐηθέντες,
3541 968 3673 1062 υἷέ.

403 1059 486 1113 ἑτι
520 1060 669 1128 αὐτῷ
706 1063 1016 1135 πολεμῆσαι
1044 1070 1383 1141 ἐτόλμησαν.

481 1156 667 1213 XVIII.
694 1158 834 1214 Tum
853 1159 1161 1221 Flaminius
1179 1166 1357 1239 Argos
1380 1171 1740 1244 oppugnavit.
1759 1174 1996 1232 Romani

2174 1178 2285 1233 ΠΡ.
2310 1178 2445 1231 Τότε
2471 1177 2529 1232 δὲ
2560 1179 2654 1233 καί
2675 1180 2966 1250 Φλαμίνιος
2994 1184 3087 1237 ἐπὶ
3110 1181 3172 1237 τὸ
3217 1185 3424 1256 Ἀργος
3468 1188 3672 1260 ἐστρά-

405 1250 556 1306 enim
591 1251 862 1345 Nabidem
908 1271 1092 1327 neque
1115 1258 1223 1315 sibi
1258 1261 1452 1332 ﬁdum,
1480 1274 1538 1321 et
1565 1264 1774 1323 Graecis
1803 1267 1998 1324 formi-

2104 1287 2289 1326 τευσε.
2325 1270 2430 1324 Τὸν
2459 1271 2568 1342 γὰρ
2598 1272 2774 1326 Νάϐιν
2796 1273 2923 1328 οὔτε
2954 1277 3138 1345 σφίσιν
3181 1250 3375 1332 πιστον
3408 1250 3526 1333 καὶ
3558 1250 3672 1344 τοῖς

409 1342 678 1411 dabilem,
715 1344 933 1403 hostem
982 1349 1322 1420 iudicarent.
1359 1355 1467 1413 Sed
1521 1373 1650 1415 cum
1683 1360 1733 1415 ei
1789 1360 1996 1416 auxilia

2105 1361 2335 1433 Ἕλλησι
2394 1364 2633 1435 φοϐερὸν
2691 1366 2928 1437 ὁρῶντες
2963 1342 3014 1422 oi
3069 1366 3355 1438 Ῥωμαῖοι,
3409 1342 3671 1442 πολέμιον

394 1451 445 1490 -a
481 1436 739 1509 Philippo
766 1440 935 1496 missa
959 1453 1172 1510 essent,
1201 1444 1513 1505 Flaminius
1547 1450 1801 1522 Spartam
1832 1468 1998 1523 appu-

2102 1455 2462 1524 ἐποιήσαντο.
2516 1436 2985 1528 Προσγενομένων
3033 1460 3092 1513 δὲ
3131 1436 3439 1531 συμμάχων
3483 1436 3561 1516 ἐκ-
3580 1464 3676 1516 τοῦ

407 1535 695 1598 gnaturus,
729 1530 972 1605 Taygeto
1020 1546 1209 1593 monte
1242 1541 1382 1595 citra
1416 1543 1667 1599 laborem
1714 1554 1998 1616 superato,

2102 1542 2369 1597 Φιλίππου
2403 1544 2575 1614 αὐτῷ.
2612 1547 2710 1600 ἐπὶ
2735 1549 2837 1617 τὴν
2865 1550 3126 1621 Σπάρτην
3178 1530 3380 1622 ἤλασεν
3420 1551 3449 1603 ὀ
3477 1553 3685 1621 Φλαμί-

407 1620 479 1676 ad
520 1622 700 1693 ipsam
744 1640 924 1697 usque
960 1629 1177 1693 urbem,
1212 1632 1547 1692 adversante
1574 1636 1820 1702 nemine,
1867 1654 1998 1708 per»-

2102 1650 2235 1698 νιος,
2282 1636 2380 1688 καὶ
2442 1635 2667 1701 ἀπόνως
2715 1638 2783 1692 τά
2827 1620 3090 1708 Ταΰγετά
3140 1620 3213 1695 τε*
3256 1641 3529 1714 ὑπερέϐη,
3589 1620 3688 1699 καὶ

404 1713 581 1768 venit.
609 1715 782 1772 Nabis
812 1721 962 1774 enim
989 1728 1047 1776 et
1068 1721 1348 1778 Romanos
1375 1735 1655 1792 metuens,
1685 1737 1743 1783 et
1771 1728 1995 1785 civibus

2102 1725 2241 1796 πρὸς
2276 1726 2379 1796 τὴν
2407 1727 2566 1780 πόλιν
2614 1730 2896 1798 προσῆλθε
2949 1732 3181 1802 μηδενὸς
3237 1713 3687 1805 ἐναντιουμένου.

406 1804 689 1875 diilldens,
722 1824 781 1865 se
812 1809 935 1866 loco
961 1825 1075 1876 ιιοιι
1106 1826 1381 1880 moverat,
1421 1826 1482 1871 ut
1511 1812 1592 1872 illi
1642 1830 1860 1874 mature
1897 1835 1992 1875 oc-

2108 1815 2170 1870 οο
2197 1816 2308 1888 γὰρ
2353 1816 2529 1879 Νάσις
2563 1816 2690 1881 τούς
2727 1836 2789 1872 τε
2830 1819 3142 1890 Ῥωμαίους
3184 1821 3370 1887 δείσας
3409 1824 3507 1877 καὶ
3559 1825 3689 1888 τοὺς

405 1906 661 1954 curreret
701 1915 715 1953 :
743 1899 843 1955 sed
875 1914 1002 1954 cum
1025 1902 1140 1973 jam
1165 1918 1278 1973 prae
1305 1903 1521 1962 foribus
1544 1907 1785 1973 adesset,
1815 1924 1996 1981 erup-

2102 1904 2423 1978 ίπιχωρίους
2456 1909 2827 1974 ὑποπτεύσας,
2850 1912 2951 1966 οὔκ
2976 1914 3204 1985 ἐκινήθη
3235 1912 3378 1968 ὥστε
3399 1933 3687 1986 προαπαν-

409 1989 623 2045 tionem
692 1989 847 2057 fecit,
879 2006 948 2047 eo
1012 2002 1131 2048 tum
1189 1996 1261 2052 ob
1313 1999 1561 2056 laborem
1598 2001 1838 2067 itineris,
1875 2010 1994 2059 tum

404 2090 634 2150 prepter
656 2086 1156 2142 castrametationis
1184 2090 1607 2159 occupationem
1638 2100 1989 2162 contempto,

407 2185 473 2226 ac
514 2173 816 2228 nonnullos
848 2176 1116 2235 turbavit.
1145 2179 1420 2238 Postridie
1449 2199 1837 2256 oppugnantes
1863 2202 1989 2241 cum

296 2298 297 2301 η
406 2276 604 2332 magna
657 2264 815 2321 clade
859 2282 1089 2326 suorum
1168 2273 1420 2340 adortus,
1480 2276 1549 2331 de
1597 2287 1798 2332 cmtcro
1850 2277 1997 2333 intra

405 2355 614 2412 mutnia
645 2372 705 2413 se
739 2359 1040 2418 continuit.
1076 2364 1385 2423 Flaminius
1422 2368 1593 2440 igitur
1628 2379 1786 2441 parte
1811 2372 1999 2442 copia-

404 2459 531 2500 rum
555 2446 629 2502 ibi
648 2448 860 2517 relicta,
886 2467 955 2508 ne
974 2446 1150 2511 hostis
1167 2456 1275 2511 alio
1295 2457 1496 2524 abiret,
1539 2458 1657 2530 ipse
1674 2475 1799 2516 cum
1825 2460 1997 2517 fratre

406 2552 530 2604 suo,
557 2540 809 2609 Rhodiis,
827 2546 1149 2606 etEumene
1170 2550 1338 2607 Attali
1370 2553 1503 2619 lilio,
1549 2570 1713 2626 agros
1737 2556 1994 2611 vastavit.

406 2626 649 2694 Quibus-
681 2635 851 2692 rebus
904 2639 972 2693 ad
1009 2641 1458 2712 desperationem
1517 2647 1751 2706 adactus
1803 2648 1995 2713 Nabis.

407 2721 778 2784 caduceatore
840 2729 911 2786 ad
974 2733 1319 2811 Flaminium
1382 2739 1575 2807 misso,
1637 2757 1750 2796 non
1810 2744 1997 2798 statim

408 2829 600 2884 pacem
641 2819 978 2890 impetravit.
1006 2826 1143 2883 Nam
1181 2847 1304 2901 qua:
1356 2832 1709 2890 conditiones
1756 2834 1807 2890 ei
1856 2832 2000 2891 fere-

409 2907 637 2977 bantur,
669 2928 764 2969 eas
807 2930 990 2987 neque
1024 2922 1342 2990 repudiare,
1393 2940 1576 2994 neque
1628 2926 1994 2981 multitudine

408 2998 754 3067 prohibente
801 3008 1058 3078 accipere
1111 3026 1283 3067 ausus
1311 3013 1544 3069 est.Sed
1586 3032 1712 3070 cum
1764 3017 1997 3072 Romani

409 3102 698 3159 urgerent,
732 3102 789 3150 et
831 3106 1000 3153 totam
1053 3115 1195 3169 pene
1249 3101 1501 3172 Spartam
1536 3106 1795 3174 (quadam
1845 3105 1997 3162 enim

406 3193 565 3251 parte
610 3188 810 3242 moenia
848 3204 957 3244 non
1005 3190 1263 3268 habebat)
1301 3196 1583 3263 cepissent
1627 3215 1640 3249 :
1674 3194 1841 3269 449
1881 3215 1992 3252 non

409 3272 622 3329 diutius
653 3287 972 3345 cunctatus,
1031 3296 1167 3351 pace
1198 3298 1324 3339 cum
1374 3285 1648 3342 Flaminio
1700 3288 1867 3351 facta,
1937 3300 1995 3345 et

408 3364 607 3434 legatis
638 3366 869 3424 Romam
901 3373 1105 3440 missis,
1136 3377 1533 3433 reconciliatus
1560 3389 1667 3433 est.
1698 3378 1763 3433 At
1794 3379 1995 3437 Flami-

407 3457 538 3513 nius
561 3468 676 3514 tum
696 3462 959 3519 omnibus
987 3464 1194 3540 Graecis
1223 3467 1539 3525 libertatem
1566 3471 1745 3542 dedit,
1785 3490 1995 3546 eosque

407 3561 598 3621 postea
654 3564 1010 3621 convocatos,
1068 3559 1380 3628 beneﬁciis,
1432 3581 1555 3633 qua:
1617 3568 1991 3639 accepissent,

409 3644 885 3710 cotnmcmoratis,
960 3652 1202 3728 monuit,
1235 3661 1296 3707 ut
1350 3652 1799 3714 benevolentiam
1863 3676 1996 3730 erga

410 3734 678 3802 pupulum
741 3734 1056 3795 Romanum
1116 3756 1558 3803 conservarent:
1608 3761 1667 3825 et
1723 3752 1996 3821 przesidiis
2060 3750 2065 3757 ’

410 3825 667 3884 onmibus
697 3828 971 3899 deductis,
1006 3848 1130 3889 cum
1164 3845 1279 3891 toto
1321 3839 1570 3895 exercitu
1599 3842 1874 3899 discessit.
1917 3843 1998 3899 Eo

414 3916 640 3975 Bonnam
685 3921 955 3993 profecto,
987 3925 1157 3985 Nabis
1188 3929 1347 3986 novis
1392 3932 1560 3989 rebus
1595 3935 1847 3990 studuit:
1887 3954 1997 4007 quo

416 4020 569 4065 motu
608 4023 721 4069 tota
770 4031 913 4086 pene
968 4016 1204 4088 Graecia,
1258 4022 1499 4094 impulsu
1553 4025 1866 4084 Aitolorum
1914 4039 1998 4084 est

412 4119 702 4170 concussa,
728 4122 899 4178 seque
922 4109 1070 4167 bello
1093 4113 1339 4184 gerendo
1363 4130 1649 4186 pararunt,
1691 4119 1756 4173 ad
1785 4120 1997 4191 Philip-

409 4211 540 4266 pum
568 4206 624 4252 ct
658 4199 994 4257 Antiochum
1016 4204 1209 4276 legatis
1232 4206 1437 4273 missis,
1464 4211 1553 4265 cui
1578 4223 1998 4280 persuaserunt,

414 4300 473 4345 nt
502 4292 764 4348 Romanis
794 4293 1000 4351 bellum
1036 4296 1294 4367 inferret,
1327 4315 1425 4372 spe
1451 4313 1509 4358 et
1535 4302 1712 4360 Graeci
1741 4314 1797 4360 et
1820 4305 1997 4361 Italici

412 4385 564 4455 regni
610 4389 914 4457 proposita.
969 4390 1205 4448 Romani
1268 4395 1506 4452 turbatis
1566 4397 1751 4454 adhuc
1802 4401 1997 4463 rebus,

412 4476 531 4529 sine
566 4476 672 4530 ulla
702 4494 800 4546 spe
829 4479 1091 4537 Antiochi
1141 4486 1463 4554 superandi,
1501 4489 1635 4544 satis
1657 4489 1993 4557 habuerunt,

2100 1999 2268 2066 τῆσαι
2298 1999 2376 2070 τῷ
2431 2000 2735 2073 Φλαμινίῳ.
2799 2003 3172 2074 Πλησιάσαντι
3202 2005 3261 2060 δέ
3310 2006 3683 2080 ἐπεξέδραμε,

2099 2094 2523 2163 καταφρονήσας
2548 2093 2637 2147 διά
2666 2112 2725 2148 τε
2754 2096 2847 2149 τὸν
2867 2095 3153 2165 ’κάματον,
3206 2099 3300 2151 τὸν
3336 2099 3401 2153 ἐκ
3438 2101 3539 2167 τῆς
3590 2118 3691 2153 πο-

2101 2181 2259 2254 ρείας
2293 2184 2388 2236 καὶ
2412 2184 2495 2237 ὅτι
2520 2186 2650 2256 περὶ
2669 2186 2769 2256 τὴν
2802 2186 3272 2256 στρατοπέδευσιν
3299 2190 3697 2261 ἀπησχόλητο,.

2100 2273 2194 2327 καί
2222 2292 2375 2338 τινας
2407 2277 2768 2348 συνετάραξε.
2803 2279 2880 2349 Τῇ
2911 2279 2956 2331 δ’
2980 2280 3247 2350 ὑστεραίᾳ
3273 2282 3542 2350 ἐπεξῆλθε
3571 2287 3687 2348 τοῖς

2101 2368 2520 2438 προσϐάλλουσι,
2554 2370 2650 2423 καὶ
2698 2370 2928 2434 πολλοὺς
2964 2372 3278 2440 ἀποϐαλὼν,
3316 2375 3502 2428 οὐκέτι
3526 2375 3691 2441 ἐπεξ-

2101 2459 2270 2534 ῆλθε..
2325 2458 2662 2513 Καταλιπὼν
2722 2458 2817 2515 οὖν
2850 2461 3017 2532 μέρος
3073 2465 3168 2516 τοῦ
3219 2465 3455 2535 στρατοῦ
3502 2469 3624 2519 ἐκεῖ
3660 2469 3689 2521 6

2098 2550 2420 2621 Φλαμίνιος.
2453 2552 2602 2609 ὅπως
2666 2554 2925 2625 μηδαμοῦ
2990 2556 3269 2628 κινηθείη,
3321 2561 3437 2621 τοῖς
3475 2558 3691 2625 λοιποῖς

2100 2642 2195 2696 ἐπὶ
2220 2643 2320 2713 τὴν
2339 2642 2526 2715 χώραν
2570 2646 2857 2716 ἐτράπετο·
2885 2648 3133 2712 κάκεῖνός
3165 2666 3224 2702 τε
3258 2650 3353 2703 καὶ
3388 2653 3416 2704 ὁ
3449 2650 3689 2721 ἁδελφὸς

2101 2734 2294 2801 αὐτοῦ,
2328 2734 2421 2788 καὶ⁵
2448 2737 2497 2787 οί
2534 2736 2754 2802 Ῥόδιοι,
2778 2739 2875 2791 καὶ
2917 2741 2946 2792 ὁ
2984 2738 3081 2793 τοῦ
3113 2740 3375 2795 Ἀττάλου
3415 2746 3547 2807 παῖς
3579 2745 3692 2798 Εὐ·-

2103 2827 2274 2897 μένης
2328 2828 2598 2899 ἐπόρθουν
2641 2831 2833 2901 αὑτήν.
2894 2830 3195 2900 Ἀπογνοὺς
3228 2830 3322 2887 οὖν
3371 2834 3462 2888 διὰ
3513 2835 3691 2890 ταῦτα

2100 2920 2129 2970 ὁ
2184 2919 2360 2983 Νάϐις
2416 2922 2632 2990 κήρυκα
2673 2921 2752 2993 τῷ
2787 2924 3070 2997 Φλαμινίῳ
3127 2927 3271 2999 ὑπὲρ
3302 2931 3527 3000 είρήνης
3577 2932 3691 2984 άπ-

2101 3008 2336 3065 ἑστειλε.
2378 3012 2487 3066 Καὶ
2519 3012 2578 3076 ὃς
2611 3015 2736 3077 τοὺς
2777 3015 2875 3084 μὲν
2902 3017 3095 3086 λόγους
3127 3020 3295 3074 αὐτοῦ
3341 3025 3685 3093 προσήκατο,

2101 3102 2204 3157 οὐκ
2231 3103 2433 3157 αὐτίκα
2491 3105 2549 3157 δὲ
2598 3107 2968 3162 κατελύσατο.
2997 3112 3110 3174 Τὰς
3140 3113 3251 3182 γὰρ
3284 3113 3578 3183 ὁμολογίας
3617 3114 3691 3177 ἃς

2100 3195 2370 3265 ἀπῃτεῖτο
2410 3198 2438 3249 ύ
2488 3197 2667 3263 Νάϐις
2730 3201 3088 3273 ποιήσασθαι,
3145 3202 3259 3257 οὔτ’
3308 3206 3690 3275 ἀπαγορεῦσαι

2101 3287 2352 3360 ἐθάρρει,
2389 3287 2515 3342 οὔτε
2554 3292 2781 3362 ποιῆσαι
2824 3296 3270 3362 συγκατετίθετο,
3294 3298 3355 3350 τὸ
3380 3298 3437 3351 δὲ
3483 3300 3691 3363 πλῆθος

2096 3377 2381 3433 ἐκώλυσαν
2442 3382 2604 3436 αὐτὸν
2662 3387 2936 3455 συμϐῆναι
2995 3400 3011 3417 ⁶
3079 3387 3175 3441 καὶ
3239 3389 3361 3442 τότε
3428 3390 3529 3459 μὲν
3587 3393 3691 3445 οὐκ

2098 3471 2408 3529 ἐσπείσατο.
2462 3476 2883 3546 Προσϐαλόντων
2914 3479 2972 3531 δὲ
3013 3481 3123 3532 τῶν
3180 3480 3467 3550 Ῥωμαίων
3496 3482 3677 3548 αὖθις,

2098 3565 2193 3617 καὶ
2227 3565 2327 3631 τὴν
2352 3567 2612 3636 Σπάρτην
2644 3569 2828 3636 ὀλίγου
2877 3573 3059 3624 πᾶσαν
3093 3572 3229 3641 (ικαὶ
3286 3578 3395 3643 γὰρ
3459 3578 3670 3647 ἀτείχι-

2100 3671 2225 3718 στος
2254 3652 2321 3728 ἦν
2363 3659 2422 3710 ἐν
2472 3658 2674 3728 μέρει)
2708 3658 2961 3725 ἑλόντων,
2997 3664 3180 3717 οὐκέτ’
3232 3667 3488 3735 ἐπέσχεν,
3543 3668 3681 3722 ἀλλὰ

2099 3748 2239 3818 πρός
2289 3766 2348 3802 τε
2412 3751 2505 3804 τὸν
2575 3753 2869 3823 Φλαμίνιον
2931 3756 3164 3821 σπονδὰς
3215 3760 3538 3828 ἐποιήσατο,
3591 3762 3690 3814 καὶ

2106 3841 2249 3910 πρὸς
2281 3841 2383 3910 τὴν
2434 3841 2658 3913 Ῥώμην
2705 3845 3192 3916 πρεσϐευσάμενος
3243 3850 3582 3921 συνηλλάγη.
3626 3851 3691 3904 '0

2100 3933 2157 3986 δὲ
2199 3933 2491 4001 Φλαμίνιος
2524 3937 2645 3989 τότε
2677 3938 2776 4006 μὲν
2804 3939 3021 4002 πάντας
3063 3941 3190 4003 τοὺς
3233 3942 3503 4012 ’Έλληνας
3535 3944 3690 3997 ἐλευο

2100 4023 2293 4095 θέρους
2334 4026 2567 4095 ἀφῆκενο
2610 4024 2839 4098 ὕστερον
2881 4029 2937 4082 δέ
2966 4031 3310 4096 συγκαλέσας
3350 4033 3550 4096 αὐτοὺς
3592 4033 3693 4088 καὶ

2101 4113 2424 4186 ὑπομνήσας
2470 4109 2547 4169 ὧν
2583 4117 2975 4187 εὐηργέτηντο,
3030 4119 3339 4189 παρῄνεσεν
3371 4119 3588 4174 εὔνοιαν
3618 4123 3689 4195 τῇ

2115 4205 2302 4278 Ῥώμῃ
2334 4212 2546 4275 τηρεῖν,
2581 4211 2677 4261 καὶ
2705 4211 2804 4271 τὰς
2855 4211 3102 4280 φρουράς
3149 4212 3369 4275 ἁπάσας
3417 4213 3682 4283 ἐξήγαγε,

2102 4300 2197 4352 καὶ
2232 4300 2417 4369 ἀπῆρε
2449 4300 2591 4371 μετὰ
2642 4302 2845 4364 παντὸς
2878 4302 2972 4355 τοῦ
3003 4303 3263 4371 στρατοῦ.
3307 4304 3680 4376 Ἀφικομένου

2103 4391 2147 4445 δ’
2194 4395 2252 4457 ἐς
2290 4393 2519 4463 Ῥώμην
2557 4390 2653 4447 τού
2694 4395 3015 4464 Φλαμινίου,
3044 4396 3071 4448 ὁ
3110 4395 3285 4459 Νάϐις
3337 4400 3686 4468 ἐνεωτέρισε,

2102 4486 2212 4538 κάκ
2244 4485 2437 4538 τούτου
2486 4486 2579 4537 καὶ
2607 4486 2666 4538 τὸ
2713 4487 3027 4553 Ἑλληνικὸν
3066 4490 3215 4565 {manv
3248 4490 3320 4553 ὡς
3356 4493 3535 4545 εἰπεῖν
3559 4497 3689 4545 ἐτα-

414 4567 460 4620 si
516 4582 614 4620 sua
662 4572 803 4625 tueri
854 4584 1101 4640 possent.
1132 4576 1271 4631 Nam
1316 4579 1623 4637 Antiochus
1673 4583 1997 4640 domesticis

2107 4575 2305 4647 ράχθη,
2338 4576 2449 4631 τῶν
2478 4576 2737 4631 Αἰτωλῶν
2779 4581 2919 4648 σφᾶς
2949 4581 3281 4667 ἐναγόντων.
3332 4584 3695 4654 Παρεσκευάη

415 4655 625 4712 viribus
651 4660 884 4714 multum
909 4677 1075 4731 posse
1099 4665 1423 4733 putabatur,
1450 4683 1578 4723 cum
1605 4678 1833 4739 propter
1862 4671 1994 4735 alia,

416 4756 538 4801 tum
587 4748 738 4816 quod
786 4749 1024 4806 Mediam
1073 4752 1422 4827 subegisset:
1470 4759 1566 4815 sed
1595 4761 1770 4816 multo
1823 4764 1999 4832 major

413 4838 595 4893 lactus
611 4846 747 4904 erat,
772 4840 1037 4899 allinitate
1056 4846 1337 4903 Ptolemazi
1355 4848 1600 4923 IEgypti,
1622 4855 1815 4908 ctAria
1826 4854 2002 4908 rathis

414 4930 775 5001 Cappadociae
801 4949 1020 5006 regum.
1053 4937 1395 4995 Antiochum
1421 4942 1612 5013 igitur,
1640 4946 1706 5000 de
1733 4960 1843 5015 quo
1871 4947 1996 5002 talis

413 5032 566 5081 esset
586 5024 796 5096 opinio,
821 5027 948 5083 belli
968 5028 1263 5101 Philippici
1288 5040 1533 5103 tempore
1555 5035 1872 5103 coluerunt,
1899 5053 2000 5107 per

415 5116 628 5189 legatos
659 5116 838 5175 amice
885 5134 1010 5175 cum
1059 5135 1127 5176 eo
1155 5131 1405 5192 agentes,
1452 5133 1508 5180 et
1542 5141 1771 5182 munera
1818 5129 1999 5183 missi-

416 5220 617 5267 tantes.
674 5208 785 5268 Sed
863 5211 1162 5270 Macedone
1213 5214 1386 5282 vieto,
1439 5231 1608 5286 quem
1669 5218 1886 5289 pridem
1933 5219 2002 5274 ti-

416 5312 688 5369 muerant,
747 5314 1222 5378 contempserunt.
1279 5307 1350 5364 At
1418 5309 1513 5365 ille
1584 5311 1641 5366 in
1704 5310 1998 5391 Thraciam

419 5397 637 5470 trajecit
669 5417 683 5454 :
716 5404 775 5453 et
812 5408 1016 5470 praeter
1048 5398 1159 5456 alia
1203 5399 1258 5456 vi
1302 5398 1555 5471 subacta,
1591 5402 2000 5477 Lysimachiam

418 5488 727 5545 desolatam
760 5489 1115 5561 instauravit,
1169 5510 1278 5565 qua
1303 5494 1371 5551 ad
1397 5495 1530 5552 belli
1587 5497 1818 5568 gerendi
1853 5514 2005 5553 com-

419 5578 741 5636 moditatem
778 5591 1055 5649 uteretur,
1088 5601 1120 5641 a
1157 5587 1416 5660 Philippo
1446 5600 1502 5646 et
1559 5591 1772 5649 Nabide
1805 5609 2000 5649 accer-

417 5672 581 5727 situs.
606 5672 841 5730 Annibal
871 5692 1093 5748 quoque
1117 5694 1303 5736 coram
1335 5681 1394 5736 in
1430 5697 1528 5752 spe
1567 5700 1694 5739 eum
1726 5694 1999 5751 erexerat,

418 5761 539 5816 lore
563 5774 622 5817 ut
654 5762 1067 5839 Carthaginem,
1102 5780 1269 5841 atque
1302 5772 1431 5830 inde
1476 5774 1532 5829 in
1584 5776 1795 5831 Italiam
1848 5777 2005 5830 navi-

421 5870 577 5924 gans,
613 5855 754 5912 lenii
772 5856 928 5916 sinus
961 5861 1219 5933 gentibus
1245 5864 1511 5936 subactis,
1548 5868 1778 5925 Romam
1824 5868 1990 5940 ipsam

2104 4667 2262 4732 ζοντό
2291 4686 2351 4721 τε
2384 4669 2461 4733 ὡς
2501 4670 2933 4742 πολεμήσοντες,
2981 4673 3079 4726 καὶ
3110 4674 3249 4745 πρὸς
3297 4674 3389 4727 τὸν
3415 4675 3693 4730 Φίλιππον

2102 4760 2197 4814 καὶ
2235 4763 2328 4817 τὶν
2369 4762 2641 4835 Ἀντίοχον
2665 4767 3083 4837 ἐπρεσϐεύοντο,
3123 4767 3218 4821 καὶ
3265 4767 3493 4821 ἔπεισαν
3523 4769 3693 4824 αὑτὸν

2103 4858 2560 4928 ἐκπολεμωθῆναι
2612 4859 2932 4929 Ῥωμαίοις⁴
2995 4862 3073 4925 ὡς
3124 4864 3349 4932 καὶτῆς
3403 4863 3690 4929 Ἑλλάδος,

2102 4948 2200 5018 τῆς
2245 4950 2476 5014 Ἰταλίας
2526 4968 2585 5004 τε
2638 4952 3053 5021 βασιλεύσοντα.
3109 4956 3234 5018 Τοῖς
3263 4955 3320 5009 δὲ
3386 4954 3690 5025 Ῥωμαίοις

2102 5040 2211 5095 τῶν
2239 5043 2581 5113 πραγμάτων
2618 5046 3071 5116 τεταραγμένων,
3121 5049 3245 5118 οὐχὶ
3293 5049 3689 5127 περιγενέσθαι

2102 5131 2197 5184 τοῦ
2243 5133 2518 5202 Ἀντιόχου
2553 5133 2709 5199 ἐλπὶς
2741 5132 2831 5208 ἦν,
2865 5136 2984 5191 ἀλλ’
3025 5139 3259 5208 ἠγάπων
3285 5144 3340 5196 ετ
3365 5159 3427 5212 γε
3467 5142 3538 5197 τὰ
3559 5146 3692 5199 ἑαυ-

2102 5223 2216 5276 τῶν
2238 5223 2627 5282 διασώσαιντο.
2672 5228 2732 5281 '0
2768 5230 2880 5301 γὰρ
2924 5231 3200 5304 Ἀντίοχος
3243 5235 3421 5305 μέγας
3455 5238 3558 5305 μὲν
3587 5239 3689 5292 καὶ

2106 5316 2201 5368 ἐπὶ
2245 5319 2310 5386 τῇ
2364 5317 2544 5390 οἰκείᾳ
2578 5318 2815 5390 δυνάμει
2857 5318 3052 5387 ἐδόκει,
3088 5325 3158 5378 δι’
3193 5326 3327 5380 ἄλλα
3364 5346 3424 5381 τε
3470 5329 3567 5383 καὶ
3598 5331 3684 5385 ὅτι

2101 5410 2203 5479 τὴν
2239 5409 2469 5481 ’Μηδίαν
2515 5413 2945 5483 κατεστρέψατο.
3009 5416 3198 5489 Πολλῷ
3236 5418 3281 5473 δ’
3329 5420 3411 5474 ἔτι
3479 5423 3685 5493 μείζων

2104 5500 2346 5567 ἐγένετο,
2389 5503 2473 5556 ὅτι
2506 5503 2598 5557 τὸν
2624 5506 2958 5576 Πτολεμαῖον
2988 5508 3081 5562 τὸν
3118 5512 3219 5579 τῆς
3254 5514 3537 5581 Αἰγύπτου
3584 5516 3684 5585 βα-

2107 5591 2285 5656 σιλέα,
2321 5594 2419 5649 καὶ
2460 5594 2553 5648 τὸν
2614 5596 2956 5668 Ἀριαράθην
3001 5601 3098 5653 τὸν
3132 5603 3233 5673 τῆς
3278 5605 3684 5671 Καππαδοκίας

2108 5685 2377 5756 κηδεστὴν
2407 5688 2816 5756 προσετέθειτο.
2857 5690 3113 5746 Τοιοῦτον
3145 5695 3238 5748 τὸν
3281 5696 3554 5769 Ἀντίοχον
3597 5716 3686 5755 νο-

2110 5778 2404 5849 μιζόμενον
2463 5782 2512 5834 οἱ
2579 5780 2869 5851 Ῥωμαῖοι,
2931 5785 3094 5857 μέχρι
3153 5787 3253 5857 μὲν
3303 5790 3381 5860 τῷ
3430 5790 3686 5862 Φιλίππῳ

2109 5872 2448 5945 ἐπολέμουν,
2488 5873 2848 5946 ἐθεράπευον,
2905 5876 3098 5948 φιλίως
3144 5895 3204 5933 τε
3237 5879 3326 5935 διὰ
3394 5882 3686 5954 πρέσϐεων
