4024 6406
374 416 481 480 765

1646 415 2052 480 ANNALIUM
2091 417 2238 481 LIB.
2281 417 2388 482 IX.
2493 447 2498 453 -

3521 414 3632 481 766

369 529 711 604 ὁμιλοῦντες,
747 530 842 584 καὶ
880 528 1034 602 δῶρα
1076 528 1413 600 πέμποντες.
1461 529 1612 583 Ἐπεὶ
1642 529 1689 584 δ’
1727 531 1939 584 ἐκεῖνον

2060 547 2368 603 inpugnare
2399 538 2605 601 posset.
2659 529 2918 588 Pervenit
2953 538 3138 587 autem
3189 528 3497 589 Antiochus
3543 528 3635 586 his

376 624 664 692 ἐνικησαν,
705 622 800 676 καὶ
833 620 1030 675 τούτου
1079 619 1139 673 όν
1196 620 1435 689 πρόσθεν
1495 619 1771 674 ἐδεδίεσαν
1817 637 1949 672 κατι

372 715 657 785 ἐφρόνουν.
703 713 763 768 Ὅ
787 713 846 767 δὲ
883 715 941 775 ἐς
966 713 1067 784 τὴν
1093 712 1318 784 Θρᾴκην
1346 711 1662 782 ἐπεραιώθη
1699 712 1794 766 καὶ
1817 710 1953 765 ἄλλα

371 823 432 858 τε
484 805 890 878 παρεστήσατο,
936 803 1028 856 καὶ
1063 802 1161 872 τὴν
1192 803 1543 873 Λυσιμαχίαν
1576 803 1949 872 ἀνεστηκυῖαν

376 898 698 970 συνῴκισεν,
727 894 805 959 ώς
850 894 1184 968 ὁρμητηρίῳ
1221 896 1395 970 ταύτῃ
1438 896 1801 969 χρησόμενος.
1841 895 1956 950 Καὶ

372 989 481 1059 γάρ
532 987 698 1042 αὑτὸν
762 987 858 1042 καὶ
913 986 942 1040 6
977 985 1246 1051 Φίλιππος
1301 986 1399 1042 καὶ
1447 991 1474 1040 6
1514 985 1691 1046 Νάϐις
1742 985 1954 1057 ἐπηγά-

373 1099 554 1151 γοντο.
601 1082 670 1134 Ὅ
731 1095 795 1133 τε
837 1078 1090 1143 ’Δννίϐας
1139 1080 1291 1147 αὐτῇ
1351 1080 1753 1150 συγγενόμενος
1801 1079 1952 1133 ἐλπί-

379 1189 470 1224 σαι
521 1170 828 1242 πεποίηκεν
861 1171 922 1235 ἐς
953 1170 1055 1239 τὴν
1086 1169 1438 1241 Καρχηδόνα,
1471 1170 1730 1224 κάκεῖθεν
1752 1171 1832 1234 είς
1851 1170 1952 1240 τὴν

385 1263 618 1318 Ἰταλίαν
655 1262 915 1331 πλεῦσαι,
949 1264 1045 1318 καὶ
1073 1263 1142 1317 τὰ
1174 1262 1271 1316 τοῦ
1315 1263 1502 1316 Ἰονίου
1558 1263 1764 1317 κόλπου
1820 1263 1951 1334 ἐθνη

377 1353 1028 1425 προσκαταστρέψασθαι,
1059 1355 1157 1408 καὶ
1184 1355 1305 1425 μετ’
1333 1353 1516 1408 αὐτῶν
1556 1355 1652 1409 ἐπὶ
1678 1355 1776 1426 τὴν
1821 1353 1955 1408 Ῥώ-

377 1463 486 1516 μην
528 1445 798 1516 ὁρμῆσαι.
828 1444 1006 1516 Ἐφθη
1050 1444 1182 1514 γοῦν
1231 1446 1556 1517 όἋντίοχος
1618 1448 1713 1501 καὶ
1764 1445 1846 1510 δὶς
1882 1447 1943 1510 ἐς

373 1534 474 1604 τὴν
511 1533 786 1604 Εὐρώπην
812 1534 1005 1597 διαϐὰς
1033 1534 1116 1599 είς
1163 1552 1224 1588 τε
1268 1537 1368 1609 την
1407 1535 1636 1591 Ἐλλάδα
1670 1538 1951 1607 ἀφικόμε-

377 1643 489 1688 νος.
552 1623 872 1697 Πυθόμενος
933 1623 990 1679 δὲ
1047 1625 1142 1680 τὸν
1209 1627 1552 1699 Πτολεμαῖον
1611 1627 1954 1700 τεθνηκέναι,

376 1719 472 1770 καὶ
502 1717 632 1784 περὶ
667 1717 876 1782 παντὸς
916 1715 1020 1787 τῆς
1041 1714 1320 1787 Αἰγύπτου
1365 1718 1641 1790 κρατῆσαι
1687 1717 1955 1788 ποιούμε-

375 1825 486 1875 νος,
521 1807 614 1862 τὸν
655 1807 756 1879 μὲν
803 1807 921 1861 υἱὸν
982 1806 1246 1863 Σέλευκον
1287 1809 1346 1862 ἐν
1370 1812 1440 1879 τῇ
1479 1810 1806 1881 Λυσιμαχία
1855 1809 1956 1862 σὺν

374 1899 606 1969 δυνάμει
633 1899 948 1953 κατέλιπενο
976 1899 1145 1964 αὐτὸς
1169 1893 1230 1954 δέ
1272 1899 1600 1967 ἀναζεύξας,
1627 1902 1724 1956 καὶ
1773 1901 1959 1966 ζῶντα

374 1990 468 2044 τὸν
514 1991 851 2060 Πτολεμαῖον
909 1990 1123 2060 μαθὼν,
1183 1991 1283 2060 τῆς
1327 1991 1430 2062 μὲν
1483 1991 1766 2060 Αἰγύπτου
1815 1991 1956 2044 ἀπέ-

376 2097 555 2150 σχετο.
597 2083 985 2152 Ἐπιχειρήσας
1009 2081 1056 2134 δ’
1080 2082 1137 2146 ἐς
1161 2080 1394 2153 Κύπρον
1422 2081 1675 2148 πλεῦσαι,
1697 2082 1960 2136 ἔπταισεν

376 2175 485 2229 ὑπὸ
517 2175 807 2244 χειμῶνος,
840 2173 938 2227 καὶ
995 2172 1182 2226 οἴκαδε
1229 2173 1581 2245 ἀνεχώρησε.
1647 2174 1760 2228 Καὶ
1815 2173 1958 2245 πρέ-

383 2269 534 2330 σϐεις
555 2269 603 2320 οἱ
639 2265 906 2336 Ῥωμαῖοι
938 2265 1200 2329 κάκεῖνος
1223 2263 1674 2329 ἀντεπέστελλον,
1701 2264 1959 2335 ἀλλήλοις

379 2357 874 2427 ἀντεγκαλοῦντες,
934 2360 1084 2423 ὅπως
1163 2359 1439 2430 πρόφασίν
1471 2377 1531 2412 τε
1565 2358 1663 2412 τού
1721 2359 1961 2430 πολέμου

381 2454 612 2506 λάϐουσι
669 2452 764 2505 καὶ
799 2453 949 2514 ὅπως
1003 2451 1071 2504 τὰ
1115 2450 1248 2523 παρ’
1285 2451 1538 2524 ἀλλήλοις
1578 2453 1964 2522 προκατασκε-

382 2545 613 2613 ψωνται.
653 2543 904 2606 Ἀννίϐας
926 2543 983 2596 δὲ
1015 2544 1115 2614 τὴν
1165 2543 1436 2616 μεγίστην
1481 2543 1594 2597 τῶν
1629 2543 1778 2614 παρὰ
1808 2545 1962 2614 Καρ-

382 2637 653 2707 χηδονίοις
695 2636 882 2706 ἀρχῶν
938 2635 1200 2707 εἰληφὼς,
1261 2637 1356 2689 καλ⁸
1413 2636 1801 2708 προσκρούσας
1865 2637 1963 2690 ἀπ’

385 2729 556 2798 αὐτῆς
608 2731 719 2791 τοῖς
774 2727 1191 2794 δυνατωτάτοις,
1229 2730 1472 2802 ἐμισήθη
1495 2748 1555 2786 τε
1609 2730 1700 2783 ὑπ’
1755 2729 1962 2797 αὐτῶν,

385 2823 480 2876 καὶ⁵
505 2821 776 2894 πρδςτοὺς
802 2821 1106 2891 Ῥωμαίους
1127 2821 1384 2892 διεϐλήθη
1423 2823 1497 2886 ὠς
1518 2823 1588 2877 τά
1603 2839 1662 2876 τε
1683 2823 1791 2876 τῶν
1811 2825 1964 2896 Καρ-

388 2914 648 2985 χηδονίων
667 2911 1025 2983 νεωτερίζων,
1048 2913 1142 2965 καὶ
1181 2913 1259 2983 τῷ
1275 2915 1528 2985 Ἀντιόχῳ
1556 2913 1969 2986 κοινολογούμε-

389 3021 495 3067 νος.
529 3005 640 3058 Καὶ
670 3003 858 3074 μαθών
879 3021 1032 3067 τινας
1057 3006 1120 3056 ἐκ
1143 3004 1241 3074 τῆς
1275 3003 1495 3076 Ῥώμης
1517 3006 1812 3076 παρόντας,
1872 3007 1968 3060 καὶ

2059 624 2108 678 in
2133 624 2408 694 Europam
2441 633 2606 694 atque
2628 624 2683 679 in
2701 623 2992 680 Grmciam.
3013 621 3124 679 Sed
3153 622 3433 680 Ptolemaei
3457 629 3636 678 morte

2055 711 2264 774 audita.
2325 727 2450 768 cum
2485 713 2540 767 in
2601 727 2669 768 eo
2723 713 2829 770 sibi
2863 722 3085 784 putaret
3137 727 3259 768 esse
3298 713 3523 774 omnia,
3573 716 3639 765 ut

2052 801 2286 876 Egypto
2343 803 2617 874 potiretur
2660 821 2675 858 :
2707 803 2943 860 Seleuco
2987 803 3100 858 ﬁlio
3127 801 3487 874 Lysimachiae
3510 813 3638 855 cum

2055 897 2235 968 copiis
2268 897 2484 963 relicto,
2513 897 2725 952 abitum
2750 896 2988 968 paravit.
3011 894 3285 952 Cmterum
3318 909 3444 950 cum
3463 892 3642 948 Ptole-

2057 1005 2254 1046 mzeum
2283 989 2466 1045 adhuc
2516 991 2871 1061 superstitem
2903 1003 3026 1045 esse
3059 986 3432 1058 cognovisset,
3479 981 3643 1054 Egy-

2054 1093 2150 1154 pto
2228 1081 2532 1149 abstinuit;
2607 1082 2662 1137 in
2716 1080 2956 1153 Cyprum
3008 1079 3386 1149 navigaturus,
3427 1084 3642 1145 tempe-

2055 1183 2197 1231 state
2223 1174 2595 1238 conﬁiclatus,
2632 1173 2858 1230 domum
2889 1172 3075 1228 rediit.
3112 1170 3349 1241 Legatos
3371 1183 3538 1240 porro
3587 1177 3645 1224 et

2057 1263 2150 1322 ille
2175 1273 2231 1321 et
2262 1265 2495 1322 Romani
2523 1265 2799 1321 miserunt
2828 1263 3095 1328 invicem,
3127 1277 3254 1318 cum
3300 1268 3360 1316 ut
3396 1260 3466 1315 de
3499 1259 3646 1331 inju-

2057 1360 2155 1417 riis
2179 1361 2592 1432 expostulantes
2619 1360 2749 1417 belli
2771 1374 2995 1416 causam
3034 1365 3386 1430 qumrerent;
3437 1364 3554 1410 tum
3584 1363 3648 1410 ut

2056 1467 2180 1524 qua:
2199 1453 2349 1509 vires
2387 1453 2635 1510 adversae
2666 1453 2841 1524 partis
2868 1460 3078 1518 essent,
3120 1449 3345 1518 utrique
3393 1445 3648 1516 esplora-

2059 1553 2203 1600 rent.
2233 1544 2469 1600 Annibal
2502 1559 2634 1600 vero
2659 1558 2938 1600 summum
2984 1540 3130 1612 apud
3152 1537 3650 1609 Carthaginienses

2057 1635 2439 1707 magistratum
2500 1651 2720 1708 gerens,
2769 1649 2948 1705 eoque
3008 1628 3527 1704 potentissimorum
3567 1625 3649 1680 ci-

2055 1727 2208 1785 vium
2232 1727 2506 1799 susceptis
2529 1726 2697 1800 450
2718 1724 2887 1788 odiis,
2921 1723 3064 1794 apud
3097 1721 3380 1778 Romanos
3420 1730 3650 1774 accusa-

2059 1829 2150 1877 tus
2171 1828 2279 1884 est,
2305 1827 2368 1873 ut
2389 1819 2485 1889 qui
2507 1827 2564 1874 et
2591 1815 2928 1888 Carthagine
2973 1829 3064 1870 res
3095 1824 3272 1868 novas
3321 1809 3644 1874 moliretur,

2065 1924 2122 1969 et
2153 1927 2279 1968 cum
2315 1910 2590 1968 Antiocho
2623 1925 2825 1966 arcana
2872 1906 3106 1964 consilia
3142 1913 3426 1961 tractaret.
3459 1902 3652 1972 Itaque

2058 2002 2277 2074 cognita
2308 2001 2689 2073 Romanorum
2719 1995 3090 2069 quorumdam
3123 1991 3446 2064 praesentia,
3497 1987 3650 2046 veri-

2061 2101 2151 2150 tus
2180 2109 2251 2150 ne
2278 2089 2878 2163 comprehenderetur,
2905 2096 3076 2144 noctu
3099 2083 3437 2156 Carthagine
3489 2081 3653 2138 aufu-

2060 2187 2173 2258 git;
2207 2195 2266 2242 et
2290 2185 2357 2241 ad
2409 2184 2746 2242 Antiochum
2769 2180 3078 2253 profectus,
3117 2176 3174 2234 id
3200 2176 3428 2233 molitus
3448 2183 3556 2237 est,
3589 2182 3651 2228 ut

2059 2287 2120 2334 et
2146 2277 2252 2334 sibi
2304 2276 2544 2332 reditum
2598 2275 2655 2330 in
2705 2273 2963 2345 patriam,
3019 2279 3078 2328 et
3126 2267 3397 2326 Romanis
3445 2267 3654 2322 bellum

2063 2366 2387 2428 conﬁceret,
2437 2372 2495 2418 et
2542 2362 2767 2419 Graeciae
2813 2369 2871 2416 et
2903 2360 3076 2416 Italia:
3101 2358 3397 2429 imperium
3419 2354 3498 2411 illi
3526 2367 3656 2424 pro-

2063 2454 2312 2518 mittens,
2345 2454 2522 2510 donec
2544 2452 2730 2524 Scipio
2759 2449 3052 2507 Africanus
3099 2449 3168 2505 ad
3222 2462 3320 2505 eos
3374 2447 3548 2502 venit.
3603 2443 3657 2500 Is

2064 2546 2214 2603 enim
2248 2545 2417 2617 judex
2449 2547 2503 2599 in
2537 2543 2781 2600 Africam
2813 2543 3038 2608 missus,
3071 2549 3134 2596 ut
3176 2540 3324 2595 inter
3375 2537 3656 2593 Massinis-

2066 2653 2184 2694 sam
2211 2647 2268 2692 et
2295 2635 2768 2706 Carthaginenses
2798 2633 2867 2689 de
2893 2633 3096 2688 ﬁnibus
3128 2631 3503 2701 disceptantes
3530 2643 3660 2683 sen-

2067 2731 2298 2787 tentiam
2326 2729 2524 2792 ferret,
2556 2726 2879 2784 inimicitias
2896 2740 3092 2781 eorum
3113 2724 3300 2796 vigere
3333 2735 3528 2793 passus
3549 2727 3656 2785 est,

2073 2832 2135 2879 ut
2163 2830 2219 2879 et
2254 2821 2356 2892 ipsi
2390 2821 2537 2876 inter
2569 2833 2692 2876 sese
2715 2818 3139 2882 contenderent,
3171 2824 3228 2871 et
3248 2813 3432 2869 neutri
3455 2812 3526 2867 ob
3567 2811 3658 2884 ju-

2070 2915 2278 2972 dicium
2312 2913 2575 2969 Romanis
2603 2913 2995 2968 irascerentur.
3032 2909 3165 2966 Inde
3220 2908 3278 2963 in
3315 2905 3500 2963 Asiam
3545 2915 3659 2958 tra-

2067 3007 2221 3082 jecit,
2256 3020 2355 3077 per
2400 3004 2641 3076 speciem
2691 3002 2986 3076 legationis
3015 2998 3162 3074 apud
3188 2997 3523 3073 Antiochum
3559 2996 3658 3051 ob-

387 3099 571 3161 δείσας
609 3099 682 3168 μὴ
712 3098 1016 3168 συλληφθῇ,
1045 3099 1256 3169 ἀπέδρα
1282 3099 1475 3161 νυκτὸς
1506 3101 1572 3152 ἐκ
1608 3100 1708 3170 τῆς
1740 3102 1956 3172 Καρχη-

2071 3098 2306 3164 ειιιιᾱαι;
2340 3112 2532 3153 revera
2559 3111 2623 3152 ea
2655 3095 2722 3152 de
2753 3110 2917 3151 causa
2949 3135 2966 3158 ,
3007 3102 3071 3149 ut
3125 3089 3420 3164 pmsentia
3451 3102 3552 3144 sua
3604 3095 3664 3142 et

387 3191 560 3256 ῖόνος.
598 3191 704 3243 Καὶ
737 3192 874 3260 πρὸς
904 3193 995 3244 τὸν
1039 3192 1317 3262 Ἀντίοχον
1346 3191 1540 3255 ἐλθών,
1565 3192 1748 3263 ἑαυτῷ
1778 3210 1837 3245 τε
1865 3193 1956 3264 τὴι

2073 3207 2202 3262 rege
2231 3197 2288 3245 et
2311 3188 2584 3245 Annibale
2617 3187 2848 3254 territis,
2897 3201 2964 3242 ea
2998 3193 3188 3257 ageret
3240 3197 3366 3252 qua:
3411 3185 3600 3234 essent
3631 3191 3664 3232 θ

393 3287 472 3348 εἰς
499 3285 597 3354 τὴν
630 3287 865 3356 πατρίδα
916 3286 1167 3352 κάθοδον,
1209 3288 1304 3342 καὶ
1370 3289 1461 3342 τὶν
1495 3288 1629 3359 πρὸς
1665 3288 1795 3352 τοὺς
1836 3288 1956 3342 Ῥω·

2075 3284 2378 3356 republica.
2412 3283 2550 3338 Cum
2579 3280 2647 3336 ad
2678 3279 3012 3336 Antiochum
3045 3275 3412 3348 pervenisset.
3436 3285 3532 3324 rex
3553 3268 3666 3323 An-

397 3375 592 3444 μαίους
647 3377 881 3448 πόλεμον
928 3377 1222 3449 ἔπραττεν,
1281 3381 1718 3450 ὑπισχνούμενος
1773 3380 1956 3451 ἐκείνᾳ

2079 3379 2249 3434 nibali
2283 3392 2396 3433 non
2430 3373 2662 3448 perinde
2699 3373 3049 3437 auscultavit,
3073 3382 3312 3439 eumque
3341 3371 3665 3434 suspectum

399 3469 775 3538 περιποιήσειν
828 3470 888 3522 τό
949 3487 1006 3524 τε
1044 3471 1144 3541 τῆς
1211 3470 1459 3534 Ἑλλάδος
1522 3473 1723 3542 κράτος
1757 3474 1853 3526 καὶ
1905 3474 1956 3526 τί

2078 3472 2276 3528 habuit
2310 3471 2382 3525 ob
2412 3483 2611 3524 arcana
2644 3481 2772 3521 cum
2805 3464 3064 3536 Scipione
3089 3460 3388 3529 colloquia,
3427 3458 3539 3530 jam
3567 3469 3670 3510 an-

396 3561 494 3629 τῆς
539 3561 793 3628 Ἰταλίας,
850 3561 1046 3636 μέχρις
1111 3555 1172 3616 οὗ
1211 3563 1396 3633 σφίσιν
1443 3563 1554 3635 (45)
1593 3565 1620 3617 6
1671 3562 1956 3618 Σκιπίωνί

2082 3573 2171 3621 tea
2206 3578 2429 3635 quoque
2475 3575 2668 3633 parum
2706 3543 2947 3630 gratum,
3008 3555 3154 3627 quod
3195 3553 3384 3611 omnia
3432 3547 3669 3606 consilia

407 3651 735 3722 ’Λφρικανδς
768 3654 1112 3722 συνεγένετο.
1147 3648 1317 3718 Οὗτος
1355 3657 1462 3726 γὰρ
1501 3655 1761 3726 δικαστὴς
1788 3656 1846 3719 ἐς
1877 3655 1956 3727 τὴε

2071 3656 2332 3714 Annibali
2392 3651 2824 3715 ascriberentur,
2897 3647 3146 3703 omnium
3199 3658 3327 3715 spes
3388 3639 3518 3696 belli
3559 3639 3669 3727 rite

399 3744 611 3816 Λιϐύην
651 3745 926 3815 πεμφθεὶς
975 3747 1052 3818 τῷ
1089 3764 1149 3800 τε
1199 3725 1514 3820 Μασινίσσᾳ
1544 3749 1639 3803 καὶ
1676 3725 1790 3810 τοῖς
1827 3725 1951 3820 Καρ

2073 3743 2408 3804 conﬁciendi
2438 3742 2508 3798 ab
2546 3755 2614 3797 eo
2645 3739 2932 3812 penderet.
2961 3735 3044 3792 0b
3074 3735 3192 3790 haec
3218 3731 3474 3787 invidens
3497 3725 3672 3780 Anni-

398 3837 667 3906 χηδονίοις
697 3839 826 3907 περὶ
879 3839 1022 3909 ὅρων
1058 3839 1164 3908 γῆς
1215 3840 1662 3911 διαφερομένοις,
1698 3843 1956 3913 μετέωροι

2075 3839 2272 3905 nibali,
2301 3837 2508 3902 timuit,
2537 3850 2605 3890 ne
2641 3840 2917 3904 potestate
2947 3828 3075 3885 data
3102 3834 3437 3882 mutaretur.
3477 3820 3672 3913 Itaque

394 3927 494 3998 τὴν
522 3927 724 4000 ἔχθραν
752 3908 932 3984 αὐτῶν
961 3931 1273 3998 κατέλιπεν,
1311 3908 1665 4005 ξέν’-ἀλλήλοις
1697 3908 1758 3988 τε
1793 3908 1953 4005 διαξρέ

2076 3945 2181 3987 nec
2199 3927 2504 3984 exercitum
2535 3924 2710 3989 dedit,
2729 3939 2830 3978 nec
2850 3918 3244 3989 Carthaginem
3273 3929 3401 3970 eum
3433 3908 3671 4005 remisit,

400 4037 578 4089 ροιντο
607 3999 702 4074 καὶ
738 4021 927 4092 μηδεὶς
961 4021 1145 4076 αὐτῶν
1169 4022 1257 4076 διὰ
1281 4026 1383 4092 τὴν
1435 3999 1616 4096 κρίσιν
1650 4027 1792 4078 κατὰ
1837 3999 1956 4079 Ῥω

2083 4035 2266 4092 neque
2329 4021 2385 4075 in
2429 4019 2730 4075 arctiorem
2790 4013 3221 4070 familiaritatem
3275 4004 3538 4069 admisit;
3573 3999 3674 4056 sed

401 4113 578 4182 μαίων
609 4112 902 4180 ὀργίζοιτο.
948 4113 1230 4167 Ἐντεῦθεν
1260 4115 1306 4168 δ’
1333 4117 1418 4179 ἐίς
1446 4117 1544 4186 τὴν
1585 4116 1773 4170 Ἀσίαν
1797 4116 1950 4186 διέζίη

2087 4117 2156 4170 de
2183 4111 2457 4170 industria
2488 4109 2546 4165 id
2570 4109 2706 4182 egit,
2729 4116 2791 4164 ut
2837 4107 2977 4164 nihil
3031 4106 3151 4176 ejus
3186 4099 3418 4158 consilio
3457 4103 3674 4168 gestum

397 4202 542 4274 λόγῳ
573 4203 671 4272 μέν
708 4203 783 4266 ώς
812 4204 1168 4274 πρεσϐεύσων
1192 4205 1328 4275 πρὸς
1359 4206 1452 4260 τὸν
1505 4209 1799 4278 Ἀντίοχον,
1832 4208 1956 4278 ἕργιι

2086 4221 2212 4262 esse
2243 4204 2551 4259 videretur.

398 4297 455 4351 δὲ
491 4299 579 4352 ἵνα
617 4299 872 4352 κάκεῖνον
902 4301 999 4354 καὶ
1035 4301 1126 4354 τὸν
1201 4300 1449 4356 ’Δννίϐαν
1482 4303 1772 4372 ἐπιφανεὶς
1827 4301 2179 4375 καταπλήξῃ,
2248 4301 2344 4356 καὶ
2415 4297 2601 4371 πράξῃ
2623 4297 2695 4351 τὰ
2761 4297 2876 4359 τοῖς
2929 4291 3227 4364 Ῥωμαίοις
3295 4285 3672 4358 συμειςέροίτα.

413 4394 775 4464 ’Ἀφικομένου
807 4393 851 4446 δ’
887 4392 1052 4448 αὐτοῦ
1105 4393 1205 4464 οὐχ
1257 4393 1462 4465 ὁμοίως
1523 4396 1610 4450 ἐτι
1653 4399 1945 4466 προσεῖχεν
1975 4397 2003 4449 6
2053 4395 2321 4466 Ἀντίοχος
2377 4392 2456 4463 τῷ
2516 4390 2736 4464 ’Δννίϐα
2769 4403 2786 4422 ⁶
2815 4389 3144 4443 ὑπώπτευσε
3209 4384 3319 4453 γὰρ
3388 4379 3552 4434 αὑτὸν
3599 4379 3674 4432 δι’

403 4488 734 4559 ἀπορρήτων
773 4483 1116 4555 ὁμιλήσαντα
1145 4483 1222 4556 τῷ
1262 4485 1550 4553 Σκιπίωνι,
1584 4485 1677 4540 καὶ
1713 4485 1890 4551 ἄλλως
1945 4486 2004 4540 δὲ
2043 4487 2207 4541 αὐτὸν
2249 4485 2568 4556 ἐϐαρύνετο,
2615 4483 2698 4536 ὅτι
2766 4483 2913 4537 ἅπαν
2971 4479 3249 4548 βούλευμα
3300 4472 3377 4544 τῷ
3451 4471 3676 4542 Ἀννίϐα

403 4581 510 4642 πᾶς
545 4577 908 4648 ἐπεγράφετο,
946 4576 1044 4629 καὶ
1081 4576 1178 4646 τὴν
1201 4576 1295 4630 τοῦ
1331 4577 1574 4648 πολέμου
1628 4578 1968 4651 κατόρθωσιν
2005 4581 2064 4634 ἐν
2110 4578 2284 4649 τούτῳ
2346 4577 2549 4640 πάντες
2600 4573 2924 4644 ἐπήλπιζον.
3001 4573 3100 4626 Διὰ
3143 4569 3277 4642 γοῦν
3333 4567 3508 4622 ταῦτα
3579 4567 3676 4619 καὶ

404 4675 669 4745 ἐφθόνησε
726 4674 807 4746 τῷ
847 4672 1087 4744 ’Δννίϐᾳο
1129 4673 1223 4727 καὶ
1265 4673 1510 4745 ἐφοϐήθη
1582 4673 1772 4739 αὐτὸν,
1839 4674 1928 4729 ἵνα
1962 4675 2135 4746 μήτι
2201 4670 2452 4744 δυνηθεὶς
2535 4669 2932 4741 μεταϐάληται,
3005 4667 3100 4722 καὶ
3165 4663 3290 4718 οὔτε
3361 4661 3679 4733 στράτευμα

403 4771 678 4842 παρέσχεν
715 4769 886 4840 αὐτῷ,
917 4767 1030 4822 οὔτ’
1071 4770 1151 4833 εἰς
1179 4767 1280 4840 τὴν
1307 4769 1637 4842 Καρχηδόνα
1689 4770 1959 4842 ἐπεμψεν,
2001 4771 2110 4824 οὐδ’
2175 4773 2235 4824 ἐν
2297 4771 2420 4831 ταῖς
2451 4767 2765 4832 συνουσίαις
2800 4764 2950 4836 αύτῷ
3015 4763 3342 4832 κατακόρως
3389 4760 3676 4832 ἐκέχρητο,

404 4868 541 4922 ἀλλὰ
567 4868 665 4921 καὶ
691 4866 986 4937 ἐπετήδευε
1015 4866 1184 4934 μηδὲν
1243 4865 1353 4920 τῶν
1387 4867 1784 4938 πραττομένων
1811 4866 1979 4920 αὐτού
2015 4866 2202 4922 δοκεῖν
2227 4862 2389 4921 εἶναι.

479 4960 582 5017 ΙΘ¹.
627 4961 692 5014 Ἡ
724 4961 782 5014 δὲ
811 4960 942 5030 περὶ
979 4957 1075 5012 τοῦ
1120 4958 1398 5031 ’Δντιόχου
1451 4961 1607 5032 φήμη
1666 4962 1839 5033 πολλὴ
1889 4964 1956 5034 τὴ

2060 4978 2070 5021 ι
2166 4961 2312 5017 XIX.
2363 4962 2529 5018 Fama
2567 4975 2734 5032 porro
2772 4959 2841 5015 de
2895 4957 3172 5014 Antiocho
3218 4955 3454 5012 maxima
3491 4953 3683 5014 Romae

418 5051 640 5125 Ῥώμην
667 5054 922 5123 κατέσχε,
977 5054 1074 5108 καὶ
1107 5055 1163 5118 ἐς
1219 5054 1479 5127 φροντίδα
1514 5055 1638 5116 τοὺς
1684 5054 1955 5124 Ῥωμαίου

2104 5055 2234 5120 fuit,
2265 5071 2448 5125 neque
2481 5056 2528 5111 is
2555 5070 2745 5109 curam
2778 5053 2990 5108 civitati
3037 5052 3321 5106 minimam
3367 5049 3568 5107 attulit.
3604 5049 3680 5104 De

409 5149 512 5201 οὐκ
571 5146 866 5218 ἐλαχίστην
924 5149 1254 5219 κατέστησε.
1324 5147 1545 5218 Συχνῶν
1604 5148 1663 5202 δὲ
1710 5149 1840 5219 περ)⁸
1890 5166 1956 5201 το

2096 5163 2208 5219 quo
2259 5163 2384 5204 cum
2437 5149 2612 5204 multa
2657 5149 3004 5211 dicerentur,
3058 5156 3225 5215 atque
3266 5143 3358 5200 alii
3398 5158 3524 5198 eum
3565 5142 3674 5212 jair

421 5240 702 5310 Ἀντιόχου
743 5239 1184 5310 θρυλλουμένων,
1209 5240 1302 5293 καὶ
1335 5239 1445 5293 τῶν
1481 5241 1583 5312 μὲν
1613 5241 1696 5294 ὅτι
1725 5243 1824 5312 τὴν
1862 5240 1955 5295 Ἕλ

2097 5251 2266 5296 totam
2295 5241 2562 5298 Graeciam
2593 5240 2875 5305 obtinere,
2908 5239 3003 5294 alii
3043 5239 3100 5296 in
3133 5239 3345 5294 Italiam
3379 5251 3678 5308 properare

410 5332 545 5386 λὰδα
579 5333 766 5386 πᾶσαν
795 5332 898 5402 ήδη
952 5333 1200 5404 κατέχει,
1234 5333 1344 5388 τῶν
1365 5335 1410 5388 δ’
1451 5337 1535 5390 ὅτι
1570 5337 1666 5389 ἐπὶ
1692 5336 1794 5409 τὴν
1855 5331 1956 5390 Ἰτα

2087 5335 2477 5391 fabularentur
2509 5353 2520 5386 :
2551 5333 2786 5388 Romani
2818 5347 2946 5388 cum
2969 5331 3114 5386 alios
3144 5330 3377 5401 legatus,
3408 5338 3521 5382 tum
3556 5327 3682 5382 Fla-

403 5424 530 5478 ,λίαν
559 5425 866 5490 ἐπείγεται,
897 5423 1348 5492 λογοποιούντων,
1368 5426 1418 5478 οἱ
1436 5426 1697 5498 Ῥωμαῖοι
1728 5429 1956 5496 πρέσϐει

2097 5428 2327 5482 minium
2360 5427 2416 5483 in
2446 5427 2736 5490 Graeciam,
2776 5434 2836 5481 ut
2871 5436 2928 5482 et
2957 5424 3273 5494 Philippum
3308 5433 3364 5479 et
3391 5432 3622 5480 caeteros
3648 5437 3682 5476 a

411 5517 490 5580 είς
521 5516 622 5588 τὴν
673 5513 902 5568 Ἐλλάδα
959 5513 1157 5580 ἄλλους
1199 5533 1260 5570 τε
1296 5517 1392 5572 καλ⁸
1429 5517 1725 5587 Φλαμίνιον
1772 5521 1956 5574 οἰκειω

2099 5519 2287 5576 studio
2321 5537 2590 5577 novarum
2622 5535 2810 5576 rerum
2842 5535 2944 5592 pro
2971 5517 3216 5573 amicitia
3247 5517 3677 5572 dehortarelur:

1586 5675 1787 5738 Varia:
1829 5675 2138 5740 lectiones
2183 5686 2244 5738 et
2286 5685 2476 5738 noue.

487 5797 601 5881 (45)
633 5796 857 5866 Μάκρις
887 5795 962 5856 οὗ
995 5801 1250 5881 σφισιν..
1281 5801 1382 5858 ilic
1411 5803 1602 5862 deesse
1638 5821 1858 5862 versum
1891 5805 1956 5861 ali

2060 5824 2127 5864 2m
2153 5809 2382 5881 putabat
2441 5807 2690 5874 Wolﬁus,
2751 5805 2848 5862 sed
2891 5821 3088 5862 sensus
3142 5813 3228 5860 est
3258 5804 3492 5876 integer,
3511 5813 3680 5875 atque

417 5871 491 5924 ita
520 5871 685 5925 etiam
726 5882 860 5927 mss.
895 5884 1088 5928 omnes
1112 5871 1432 5945 praeferunt.
