  <div class='ocr_page' id='page_1' title='image "/cluster/home/n/w/nwhite01/storage/ocr_20150623/134:no.1/coo.31924054870393/391.png"; bbox 0 0 4024 6448; ppageno 0'>
   <div class='ocr_carea' id='block_1_1' title="bbox 368 433 472 497">
    <p class='ocr_par' dir='ltr' id='par_1_1' title="bbox 368 433 472 497">
     <span class='ocr_line' id='line_1_1' title="bbox 368 433 472 497; baseline -0.019 0"><span class='ocrx_word' id='word_1_1' title='bbox 368 433 472 497; x_wconf 75' lang='lat'><strong>767</strong></span> 
     </span>
    </p>
   </div>
   <div class='ocr_carea' id='block_1_2' title="bbox 1682 414 2377 483">
    <p class='ocr_par' dir='ltr' id='par_1_2' title="bbox 1682 414 2377 483">
     <span class='ocr_line' id='line_1_2' title="bbox 1682 414 2377 483; baseline -0.012 -1"><span class='ocrx_word' id='word_1_2' title='bbox 1682 417 2014 483; x_wconf 81' lang='lat' dir='ltr'><strong>JOANNIS</strong></span> <span class='ocrx_word' id='word_1_3' title='bbox 2053 414 2377 479; x_wconf 70' lang='lat' dir='ltr'><strong>ZONARE.</strong></span> 
     </span>
    </p>
   </div>
   <div class='ocr_carea' id='block_1_3' title="bbox 3530 402 3643 464">
    <p class='ocr_par' dir='ltr' id='par_1_3' title="bbox 3530 402 3643 464">
     <span class='ocr_line' id='line_1_3' title="bbox 3530 402 3643 464; baseline -0.018 0"><span class='ocrx_word' id='word_1_4' title='bbox 3530 402 3643 464; x_wconf 76' lang='lat'><strong>768</strong></span> 
     </span>
    </p>
   </div>
   <div class='ocr_carea' id='block_1_4' title="bbox 370 514 1976 615">
    <p class='ocr_par' dir='ltr' id='par_1_4' title="bbox 370 524 1952 615">
     <span class='ocr_line' id='line_1_4' title="bbox 370 524 1952 615; baseline -0.009 -15"><span class='ocrx_word' id='word_1_5' title='bbox 370 554 432 600; x_wconf 93' lang='lat' dir='ltr'><strong>et</strong></span> <span class='ocrx_word' id='word_1_6' title='bbox 476 550 764 615; x_wconf 70' lang='lat' dir='ltr'><strong>praetores,</strong></span> <span class='ocrx_word' id='word_1_7' title='bbox 796 538 868 597; x_wconf 77' lang='grc' dir='ltr'>Μ.</span> <span class='ocrx_word' id='word_1_8' title='bbox 905 524 1536 606; x_wconf 70' lang='grc' dir='ltr'>Βειιίυιηᾏροιιοῐιίοιη,</span> <span class='ocrx_word' id='word_1_9' title='bbox 1566 533 1613 589; x_wconf 98' lang='lat' dir='ltr'><strong>si</strong></span> <span class='ocrx_word' id='word_1_10' title='bbox 1642 529 1952 587; x_wconf 77' lang='lat' dir='ltr'><strong>Antiochus</strong></span> 
     </span>
    </p>
   </div>
   <div class='ocr_carea' id='block_1_5' title="bbox 2082 514 3645 615">
    <p class='ocr_par' dir='ltr' id='par_1_5' title="bbox 2082 514 3645 596">
     <span class='ocr_line' id='line_1_5' title="bbox 2082 514 3645 596; baseline -0.009 -13"><span class='ocrx_word' id='word_1_11' title='bbox 2082 529 2245 592; x_wconf 80' lang='grc' dir='ltr'>ιῦτοῖς</span> <span class='ocrx_word' id='word_1_12' title='bbox 2301 525 2495 596; x_wconf 66' lang='grc' dir='ltr'>ἔχοντα</span> <span class='ocrx_word' id='word_1_13' title='bbox 2530 519 2802 584; x_wconf 74' lang='grc' dir='ltr'><strong>ἔστειλαν,</strong></span> <span class='ocrx_word' id='word_1_14' title='bbox 2832 518 2984 581; x_wconf 80' lang='grc' dir='ltr'>ὅπως</span> <span class='ocrx_word' id='word_1_15' title='bbox 3008 516 3101 571; x_wconf 88' lang='grc' dir='ltr'><strong>τόν</strong></span> <span class='ocrx_word' id='word_1_16' title='bbox 3130 532 3189 570; x_wconf 87' lang='grc' dir='ltr'><strong>τε</strong></span> <span class='ocrx_word' id='word_1_17' title='bbox 3224 514 3496 571; x_wconf 72' lang='grc' dir='ltr'>Φίλιππον</span> <span class='ocrx_word' id='word_1_18' title='bbox 3534 518 3645 571; x_wconf 76' lang='grc' dir='ltr'>καὶ</span> 
     </span>
    </p>
   </div>
   <div class='ocr_carea' id='block_1_6' title="bbox 375 618 1952 703">
    <p class='ocr_par' dir='ltr' id='par_1_6' title="bbox 375 618 1952 703">
     <span class='ocr_line' id='line_1_6' title="bbox 375 618 1952 703; baseline -0.011 -14"><span class='ocrx_word' id='word_1_19' title='bbox 375 635 455 690; x_wconf 92' lang='lat' dir='ltr'><strong>ibi</strong></span> <span class='ocrx_word' id='word_1_20' title='bbox 502 634 755 703; x_wconf 83' lang='lat' dir='ltr'><strong>trajicere</strong></span> <span class='ocrx_word' id='word_1_21' title='bbox 787 630 1058 691; x_wconf 86' lang='lat' dir='ltr'><strong>auderet;</strong></span> <span class='ocrx_word' id='word_1_22' title='bbox 1092 624 1343 680; x_wconf 87' lang='lat' dir='ltr'><strong>Attilium</strong></span> <span class='ocrx_word' id='word_1_23' title='bbox 1382 621 1651 678; x_wconf 88' lang='lat' dir='ltr'><strong>adversus</strong></span> <span class='ocrx_word' id='word_1_24' title='bbox 1680 618 1952 675; x_wconf 86' lang='lat' dir='ltr'><strong>Nabidem</strong></span> 
     </span>
    </p>
   </div>
   <div class='ocr_carea' id='block_1_7' title="bbox 376 707 1953 787">
    <p class='ocr_par' dir='ltr' id='par_1_7' title="bbox 376 707 1953 787">
     <span class='ocr_line' id='line_1_7' title="bbox 376 707 1953 787; baseline -0.011 -10"><span class='ocrx_word' id='word_1_25' title='bbox 376 723 655 777; x_wconf 89' lang='lat' dir='ltr'><strong>miserunt</strong></span> <span class='ocrx_word' id='word_1_26' title='bbox 706 737 720 774; x_wconf 88' lang='lat'><strong>:</strong></span> <span class='ocrx_word' id='word_1_27' title='bbox 766 729 824 773; x_wconf 91' lang='lat' dir='ltr'><strong>et</strong></span> <span class='ocrx_word' id='word_1_28' title='bbox 867 717 959 772; x_wconf 91' lang='lat' dir='ltr'><strong>hic</strong></span> <span class='ocrx_word' id='word_1_29' title='bbox 991 712 1215 787; x_wconf 84' lang='lat' dir='ltr'><strong>quidem</strong></span> <span class='ocrx_word' id='word_1_30' title='bbox 1252 713 1389 768; x_wconf 88' lang='lat' dir='ltr'><strong>nihil</strong></span> <span class='ocrx_word' id='word_1_31' title='bbox 1429 712 1563 782; x_wconf 87' lang='lat' dir='ltr'><strong>egit,</strong></span> <span class='ocrx_word' id='word_1_32' title='bbox 1594 707 1807 766; x_wconf 83' lang='lat' dir='ltr'><strong>Nabide</strong></span> <span class='ocrx_word' id='word_1_33' title='bbox 1838 709 1953 779; x_wconf 89' lang='lat' dir='ltr'><strong>jam</strong></span> 
     </span>
    </p>
   </div>
   <div class='ocr_carea' id='block_1_8' title="bbox 372 800 1955 885">
    <p class='ocr_par' dir='ltr' id='par_1_8' title="bbox 372 800 1955 885">
     <span class='ocr_line' id='line_1_8' title="bbox 372 800 1955 885; baseline -0.011 -14"><span class='ocrx_word' id='word_1_34' title='bbox 372 832 469 885; x_wconf 85' lang='lat' dir='ltr'><strong>per</strong></span> <span class='ocrx_word' id='word_1_35' title='bbox 529 811 759 867; x_wconf 81' lang='lat' dir='ltr'><strong>insidias</strong></span> <span class='ocrx_word' id='word_1_36' title='bbox 812 809 881 864; x_wconf 91' lang='lat' dir='ltr'><strong>ab</strong></span> <span class='ocrx_word' id='word_1_37' title='bbox 935 806 1135 862; x_wconf 62' lang='lat' dir='ltr'><strong>Aitolis</strong></span> <span class='ocrx_word' id='word_1_38' title='bbox 1162 815 1468 876; x_wconf 90' lang='lat' dir='ltr'><strong>perempto,</strong></span> <span class='ocrx_word' id='word_1_39' title='bbox 1521 802 1827 872; x_wconf 90' lang='lat' dir='ltr'><strong>Spartaque</strong></span> <span class='ocrx_word' id='word_1_40' title='bbox 1884 800 1955 854; x_wconf 91' lang='lat' dir='ltr'><strong>ab</strong></span> 
     </span>
    </p>
   </div>
   <div class='ocr_carea' id='block_1_9' title="bbox 375 888 1957 969">
    <p class='ocr_par' dir='ltr' id='par_1_9' title="bbox 375 888 1957 969">
     <span class='ocr_line' id='line_1_9' title="bbox 375 888 1957 969; baseline -0.01 -10"><span class='ocrx_word' id='word_1_41' title='bbox 375 902 595 959; x_wconf 62' lang='lat' dir='ltr'><strong>Achatis</strong></span> <span class='ocrx_word' id='word_1_42' title='bbox 628 910 809 969; x_wconf 86' lang='lat' dir='ltr'><strong>capta.</strong></span> <span class='ocrx_word' id='word_1_43' title='bbox 843 897 950 952; x_wconf 87' lang='lat' dir='ltr'><strong>Sed</strong></span> <span class='ocrx_word' id='word_1_44' title='bbox 978 896 1184 951; x_wconf 83' lang='lat' dir='ltr'><strong>Bebius</strong></span> <span class='ocrx_word' id='word_1_45' title='bbox 1214 905 1271 949; x_wconf 89' lang='lat' dir='ltr'><strong>et</strong></span> <span class='ocrx_word' id='word_1_46' title='bbox 1302 892 1590 961; x_wconf 86' lang='lat' dir='ltr'><strong>Philippus</strong></span> <span class='ocrx_word' id='word_1_47' title='bbox 1633 890 1805 943; x_wconf 90' lang='lat' dir='ltr'><strong>multa</strong></span> <span class='ocrx_word' id='word_1_48' title='bbox 1836 888 1957 944; x_wconf 92' lang='lat' dir='ltr'><strong>loca</strong></span> 
     </span>
    </p>
   </div>
   <div class='ocr_carea' id='block_1_10' title="bbox 375 980 1956 1048">
    <p class='ocr_par' dir='ltr' id='par_1_10' title="bbox 375 980 1956 1048">
     <span class='ocr_line' id='line_1_10' title="bbox 375 980 1956 1048; baseline -0.009 0"><span class='ocrx_word' id='word_1_49' title='bbox 375 990 674 1048; x_wconf 69' lang='lat' dir='ltr'><strong>Thessaliae</strong></span> <span class='ocrx_word' id='word_1_50' title='bbox 728 989 1043 1043; x_wconf 73' lang='lat' dir='ltr'><strong>ﬁrmarunt.</strong></span> <span class='ocrx_word' id='word_1_51' title='bbox 1094 985 1321 1040; x_wconf 78' lang='lat' dir='ltr'><strong>Macedo</strong></span> <span class='ocrx_word' id='word_1_52' title='bbox 1364 984 1512 1038; x_wconf 91' lang='lat' dir='ltr'><strong>enim</strong></span> <span class='ocrx_word' id='word_1_53' title='bbox 1562 980 1780 1037; x_wconf 76' lang='lat' dir='ltr'><strong>tumob</strong></span> <span class='ocrx_word' id='word_1_54' title='bbox 1827 980 1956 1045; x_wconf 90' lang='lat' dir='ltr'><strong>alia,</strong></span> 
     </span>
    </p>
   </div>
   <div class='ocr_carea' id='block_1_11' title="bbox 374 1073 1958 1153">
    <p class='ocr_par' dir='ltr' id='par_1_11' title="bbox 374 1073 1958 1153">
     <span class='ocr_line' id='line_1_11' title="bbox 374 1073 1958 1153; baseline -0.008 -14"><span class='ocrx_word' id='word_1_55' title='bbox 374 1093 493 1139; x_wconf 91' lang='lat' dir='ltr'><strong>tum</strong></span> <span class='ocrx_word' id='word_1_56' title='bbox 528 1081 676 1153; x_wconf 87' lang='lat' dir='ltr'><strong>quod</strong></span> <span class='ocrx_word' id='word_1_57' title='bbox 715 1080 1019 1136; x_wconf 76' lang='lat' dir='ltr'><strong>Antiochus</strong></span> <span class='ocrx_word' id='word_1_58' title='bbox 1046 1078 1095 1133; x_wconf 93' lang='lat' dir='ltr'><strong>ei</strong></span> <span class='ocrx_word' id='word_1_59' title='bbox 1130 1078 1381 1134; x_wconf 75' lang='lat' dir='ltr'><strong>Thracia:</strong></span> <span class='ocrx_word' id='word_1_60' title='bbox 1409 1074 1658 1145; x_wconf 66' lang='lat' dir='ltr'><strong>quaedam</strong></span> <span class='ocrx_word' id='word_1_61' title='bbox 1699 1074 1818 1128; x_wconf 88' lang='lat' dir='ltr'><strong>loca</strong></span> <span class='ocrx_word' id='word_1_62' title='bbox 1845 1073 1958 1128; x_wconf 85' lang='lat' dir='ltr'><strong>eri-</strong></span> 
     </span>
    </p>
   </div>
   <div class='ocr_carea' id='block_1_12' title="bbox 372 1166 1960 1247">
    <p class='ocr_par' dir='ltr' id='par_1_12' title="bbox 372 1166 1960 1247">
     <span class='ocr_line' id='line_1_12' title="bbox 372 1166 1960 1247; baseline -0.006 -16"><span class='ocrx_word' id='word_1_63' title='bbox 372 1184 594 1247; x_wconf 85' lang='lat' dir='ltr'><strong>puerat,</strong></span> <span class='ocrx_word' id='word_1_64' title='bbox 631 1172 899 1229; x_wconf 80' lang='lat' dir='ltr'><strong>Romanis</strong></span> <span class='ocrx_word' id='word_1_65' title='bbox 943 1171 1200 1226; x_wconf 75' lang='lat' dir='ltr'><strong>servabat</strong></span> <span class='ocrx_word' id='word_1_66' title='bbox 1247 1170 1432 1226; x_wconf 84' lang='lat' dir='ltr'><strong>ﬁdem.</strong></span> <span class='ocrx_word' id='word_1_67' title='bbox 1481 1167 1782 1224; x_wconf 76' lang='lat' dir='ltr'><strong>Flaminius</strong></span> <span class='ocrx_word' id='word_1_68' title='bbox 1811 1166 1960 1222; x_wconf 73' lang='lat' dir='ltr'><strong>Gne-</strong></span> 
     </span>
    </p>
   </div>
   <div class='ocr_carea' id='block_1_13' title="bbox 375 1258 1959 1340">
    <p class='ocr_par' dir='ltr' id='par_1_13' title="bbox 375 1258 1959 1340">
     <span class='ocr_line' id='line_1_13' title="bbox 375 1258 1959 1340; baseline -0.008 -16"><span class='ocrx_word' id='word_1_69' title='bbox 375 1270 517 1324; x_wconf 88' lang='lat' dir='ltr'><strong>ciam</strong></span> <span class='ocrx_word' id='word_1_70' title='bbox 554 1265 928 1340; x_wconf 58' lang='lat' dir='ltr'><strong>ﬂslpassim</strong></span> <span class='ocrx_word' id='word_1_71' title='bbox 964 1265 1183 1331; x_wconf 88' lang='lat' dir='ltr'><strong>obiens,</strong></span> <span class='ocrx_word' id='word_1_72' title='bbox 1215 1264 1342 1318; x_wconf 89' lang='lat' dir='ltr'><strong>aliis</strong></span> <span class='ocrx_word' id='word_1_73' title='bbox 1372 1261 1648 1332; x_wconf 82' lang='lat' dir='ltr'><strong>persuasit</strong></span> <span class='ocrx_word' id='word_1_74' title='bbox 1679 1275 1749 1314; x_wconf 90' lang='lat' dir='ltr'><strong>ne</strong></span> <span class='ocrx_word' id='word_1_75' title='bbox 1819 1258 1959 1313; x_wconf 85' lang='lat' dir='ltr'><strong>deli-</strong></span> 
     </span>
    </p>
   </div>
   <div class='ocr_carea' id='block_1_14' title="bbox 376 1350 1963 1424">
    <p class='ocr_par' dir='ltr' id='par_1_14' title="bbox 376 1350 1963 1424">
     <span class='ocr_line' id='line_1_14' title="bbox 376 1350 1963 1424; baseline -0.006 -9"><span class='ocrx_word' id='word_1_76' title='bbox 376 1367 588 1421; x_wconf 89' lang='lat' dir='ltr'><strong>cerent,</strong></span> <span class='ocrx_word' id='word_1_77' title='bbox 648 1359 789 1413; x_wconf 89' lang='lat' dir='ltr'><strong>alios</strong></span> <span class='ocrx_word' id='word_1_78' title='bbox 821 1356 889 1411; x_wconf 90' lang='lat' dir='ltr'><strong>ad</strong></span> <span class='ocrx_word' id='word_1_79' title='bbox 929 1355 1169 1411; x_wconf 82' lang='lat' dir='ltr'><strong>oﬂicium</strong></span> <span class='ocrx_word' id='word_1_80' title='bbox 1208 1355 1453 1418; x_wconf 81' lang='lat' dir='ltr'><strong>reduxit,</strong></span> <span class='ocrx_word' id='word_1_81' title='bbox 1505 1362 1707 1424; x_wconf 80' lang='lat' dir='ltr'><strong>pra-ter</strong></span> <span class='ocrx_word' id='word_1_82' title='bbox 1747 1350 1963 1406; x_wconf 66' lang='lat' dir='ltr'><strong>Aitolos</strong></span> 
     </span>
    </p>
   </div>
   <div class='ocr_carea' id='block_1_15' title="bbox 377 1443 1960 1521">
    <p class='ocr_par' dir='ltr' id='par_1_15' title="bbox 377 1443 1960 1521">
     <span class='ocr_line' id='line_1_15' title="bbox 377 1443 1960 1521; baseline -0.004 -18"><span class='ocrx_word' id='word_1_83' title='bbox 377 1462 435 1506; x_wconf 75' lang='lat' dir='ltr'><strong>i-t</strong></span> <span class='ocrx_word' id='word_1_84' title='bbox 472 1450 742 1521; x_wconf 87' lang='lat' dir='ltr'><strong>quosdam</strong></span> <span class='ocrx_word' id='word_1_85' title='bbox 794 1449 951 1503; x_wconf 92' lang='lat' dir='ltr'><strong>alios.</strong></span> <span class='ocrx_word' id='word_1_86' title='bbox 995 1447 1061 1501; x_wconf 79' lang='lat' dir='ltr'><strong>lii</strong></span> <span class='ocrx_word' id='word_1_87' title='bbox 1091 1449 1241 1502; x_wconf 89' lang='lat' dir='ltr'><strong>enim</strong></span> <span class='ocrx_word' id='word_1_88' title='bbox 1278 1457 1336 1502; x_wconf 91' lang='lat' dir='ltr'><strong>et</strong></span> <span class='ocrx_word' id='word_1_89' title='bbox 1369 1446 1471 1516; x_wconf 83' lang='lat' dir='ltr'><strong>ipsi</strong></span> <span class='ocrx_word' id='word_1_90' title='bbox 1514 1444 1584 1499; x_wconf 90' lang='lat' dir='ltr'><strong>ad</strong></span> <span class='ocrx_word' id='word_1_91' title='bbox 1623 1443 1960 1502; x_wconf 85' lang='lat' dir='ltr'><strong>Antiochum</strong></span> 
     </span>
    </p>
   </div>
   <div class='ocr_carea' id='block_1_16' title="bbox 380 1536 1960 1611">
    <p class='ocr_par' dir='ltr' id='par_1_16' title="bbox 380 1536 1960 1611">
     <span class='ocr_line' id='line_1_16' title="bbox 380 1536 1960 1611; baseline -0.006 -13"><span class='ocrx_word' id='word_1_92' title='bbox 380 1559 442 1598; x_wconf 82' lang='lat' dir='ltr'><strong>se</strong></span> <span class='ocrx_word' id='word_1_93' title='bbox 492 1543 867 1605; x_wconf 90' lang='lat' dir='ltr'><strong>contulerant,</strong></span> <span class='ocrx_word' id='word_1_94' title='bbox 916 1548 973 1595; x_wconf 87' lang='lat' dir='ltr'><strong>et</strong></span> <span class='ocrx_word' id='word_1_95' title='bbox 1024 1541 1164 1596; x_wconf 84' lang='lat' dir='ltr'><strong>alios</strong></span> <span class='ocrx_word' id='word_1_96' title='bbox 1215 1541 1415 1611; x_wconf 81' lang='lat' dir='ltr'><strong>partim</strong></span> <span class='ocrx_word' id='word_1_97' title='bbox 1465 1547 1710 1600; x_wconf 90' lang='lat' dir='ltr'><strong>coactos,</strong></span> <span class='ocrx_word' id='word_1_98' title='bbox 1759 1536 1960 1606; x_wconf 87' lang='lat' dir='ltr'><strong>partim</strong></span> 
     </span>
    </p>
   </div>
   <div class='ocr_carea' id='block_1_17' title="bbox 379 1628 1964 1703">
    <p class='ocr_par' dir='ltr' id='par_1_17' title="bbox 379 1628 1964 1703">
     <span class='ocr_line' id='line_1_17' title="bbox 379 1628 1964 1703; baseline -0.004 -16"><span class='ocrx_word' id='word_1_99' title='bbox 379 1634 630 1690; x_wconf 88' lang='lat' dir='ltr'><strong>volentes</strong></span> <span class='ocrx_word' id='word_1_100' title='bbox 706 1633 904 1689; x_wconf 90' lang='lat' dir='ltr'><strong>eodem</strong></span> <span class='ocrx_word' id='word_1_101' title='bbox 980 1639 1386 1703; x_wconf 71' lang='lat' dir='ltr'><strong>pertraxerunt.</strong></span> <span class='ocrx_word' id='word_1_102' title='bbox 1449 1628 1758 1683; x_wconf 81' lang='lat' dir='ltr'><strong>Antiochus</strong></span> <span class='ocrx_word' id='word_1_103' title='bbox 1832 1640 1964 1680; x_wconf 87' lang='lat' dir='ltr'><strong>vero</strong></span> 
     </span>
    </p>
   </div>
   <div class='ocr_carea' id='block_1_18' title="bbox 378 1718 1967 1800">
    <p class='ocr_par' dir='ltr' id='par_1_18' title="bbox 378 1718 1967 1800">
     <span class='ocr_line' id='line_1_18' title="bbox 378 1718 1967 1800; baseline -0.008 -16"><span class='ocrx_word' id='word_1_104' title='bbox 378 1727 634 1800; x_wconf 86' lang='lat' dir='ltr'><strong>quamvis</strong></span> <span class='ocrx_word' id='word_1_105' title='bbox 664 1727 899 1782; x_wconf 89' lang='lat' dir='ltr'><strong>hiberno</strong></span> <span class='ocrx_word' id='word_1_106' title='bbox 935 1734 1207 1794; x_wconf 88' lang='lat' dir='ltr'><strong>tempore,</strong></span> <span class='ocrx_word' id='word_1_107' title='bbox 1257 1734 1438 1776; x_wconf 78' lang='lat' dir='ltr'><strong>tamen</strong></span> <span class='ocrx_word' id='word_1_108' title='bbox 1491 1729 1550 1773; x_wconf 92' lang='lat' dir='ltr'><strong>ut</strong></span> <span class='ocrx_word' id='word_1_109' title='bbox 1597 1721 1710 1789; x_wconf 91' lang='lat' dir='ltr'><strong>spei</strong></span> <span class='ocrx_word' id='word_1_110' title='bbox 1755 1718 1967 1772; x_wconf 68' lang='grc' dir='ltr'>ιιΕιυΙο-</span> 
     </span>
    </p>
   </div>
   <div class='ocr_carea' id='block_1_19' title="bbox 2055 608 3639 689">
    <p class='ocr_par' dir='ltr' id='par_1_19' title="bbox 2055 608 3639 689">
     <span class='ocr_line' id='line_1_19' title="bbox 2055 608 3639 689; baseline -0.007 -15"><span class='ocrx_word' id='word_1_111' title='bbox 2055 620 2296 681; x_wconf 75' lang='grc' dir='ltr'><strong>ἐκείνους</strong></span> <span class='ocrx_word' id='word_1_112' title='bbox 2333 618 2536 689; x_wconf 82' lang='grc' dir='ltr'>ἐπίσχῃ</span> <span class='ocrx_word' id='word_1_113' title='bbox 2583 614 2750 685; x_wconf 78' lang='grc' dir='ltr'>μηδὲν</span> <span class='ocrx_word' id='word_1_114' title='bbox 2778 608 3110 682; x_wconf 75' lang='grc' dir='ltr'><strong>νεοχμῶσαι·</strong></span> <span class='ocrx_word' id='word_1_115' title='bbox 3146 609 3241 662; x_wconf 71' lang='grc' dir='ltr'>καὶ</span> <span class='ocrx_word' id='word_1_116' title='bbox 3264 611 3639 681; x_wconf 80' lang='grc' dir='ltr'>στρατηγοὺς,</span> 
     </span>
    </p>
   </div>
   <div class='ocr_carea' id='block_1_20' title="bbox 2054 702 3645 783">
    <p class='ocr_par' dir='ltr' id='par_1_20' title="bbox 2054 702 3645 783">
     <span class='ocr_line' id='line_1_20' title="bbox 2054 702 3645 783; baseline -0.008 -14"><span class='ocrx_word' id='word_1_117' title='bbox 2054 714 2281 783; x_wconf 85' lang='grc' dir='ltr'>Μάρκον</span> <span class='ocrx_word' id='word_1_118' title='bbox 2320 711 2419 781; x_wconf 78' lang='grc' dir='ltr'>μὲν</span> <span class='ocrx_word' id='word_1_119' title='bbox 2459 709 2678 766; x_wconf 78' lang='grc' dir='ltr'>Βαίϐιον</span> <span class='ocrx_word' id='word_1_120' title='bbox 2724 708 2805 770; x_wconf 89' lang='grc' dir='ltr'><strong>είς</strong></span> <span class='ocrx_word' id='word_1_121' title='bbox 2844 702 3234 770; x_wconf 66' lang='grc' dir='ltr'>Ἀπολλωνίαν,</span> <span class='ocrx_word' id='word_1_122' title='bbox 3273 704 3323 755; x_wconf 82' lang='grc' dir='ltr'>εἰ</span> <span class='ocrx_word' id='word_1_123' title='bbox 3366 703 3543 776; x_wconf 79' lang='grc' dir='ltr'>ταύτῃ</span> <span class='ocrx_word' id='word_1_124' title='bbox 3580 705 3645 767; x_wconf 80' lang='grc' dir='ltr'><strong>ἐς</strong></span> 
     </span>
    </p>
   </div>
   <div class='ocr_carea' id='block_1_21' title="bbox 2054 794 3645 877">
    <p class='ocr_par' dir='ltr' id='par_1_21' title="bbox 2054 794 3645 877">
     <span class='ocr_line' id='line_1_21' title="bbox 2054 794 3645 877; baseline -0.008 -18"><span class='ocrx_word' id='word_1_125' title='bbox 2054 805 2155 877; x_wconf 81' lang='grc' dir='ltr'>τὴν</span> <span class='ocrx_word' id='word_1_126' title='bbox 2227 803 2457 856; x_wconf 75' lang='grc' dir='ltr'>Ἰταλίαν</span> <span class='ocrx_word' id='word_1_127' title='bbox 2509 799 2890 871; x_wconf 75' lang='grc' dir='ltr'>περαιωθῆναι</span> <span class='ocrx_word' id='word_1_128' title='bbox 2961 795 3287 867; x_wconf 76' lang='grc' dir='ltr'>τολμήσειεν</span> <span class='ocrx_word' id='word_1_129' title='bbox 3340 797 3368 847; x_wconf 98' lang='lat'><strong>6</strong></span> <span class='ocrx_word' id='word_1_130' title='bbox 3427 794 3645 847; x_wconf 75' lang='grc' dir='ltr'>Ἀντίο-</span> 
     </span>
    </p>
   </div>
   <div class='ocr_carea' id='block_1_22' title="bbox 2058 880 3644 969">
    <p class='ocr_par' dir='ltr' id='par_1_22' title="bbox 2058 880 3644 969">
     <span class='ocr_line' id='line_1_22' title="bbox 2058 880 3644 969; baseline -0.006 -19"><span class='ocrx_word' id='word_1_131' title='bbox 2058 913 2175 969; x_wconf 86' lang='grc' dir='ltr'>χος,</span> <span class='ocrx_word' id='word_1_132' title='bbox 2206 896 2376 950; x_wconf 79' lang='grc' dir='ltr'>Αὖλον</span> <span class='ocrx_word' id='word_1_133' title='bbox 2411 895 2469 949; x_wconf 79' lang='grc' dir='ltr'>δὲ</span> <span class='ocrx_word' id='word_1_134' title='bbox 2524 892 2788 948; x_wconf 81' lang='grc' dir='ltr'>Ἀττίλιον</span> <span class='ocrx_word' id='word_1_135' title='bbox 2820 893 2915 945; x_wconf 78' lang='grc' dir='ltr'><strong>ἐπὶ</strong></span> <span class='ocrx_word' id='word_1_136' title='bbox 2970 890 3060 944; x_wconf 81' lang='grc' dir='ltr'>τὸν</span> <span class='ocrx_word' id='word_1_137' title='bbox 3091 888 3294 943; x_wconf 89' lang='grc' dir='ltr'>Νάϐιν·</span> <span class='ocrx_word' id='word_1_138' title='bbox 3352 887 3447 942; x_wconf 75' lang='grc' dir='ltr'>καὶ</span> <span class='ocrx_word' id='word_1_139' title='bbox 3479 880 3644 952; x_wconf 67' lang='grc' dir='ltr'>οὗτος</span> 
     </span>
    </p>
   </div>
   <div class='ocr_carea' id='block_1_23' title="bbox 2062 976 3655 1059">
    <p class='ocr_par' dir='ltr' id='par_1_23' title="bbox 2062 976 3655 1059">
     <span class='ocr_line' id='line_1_23' title="bbox 2062 976 3655 1059; baseline -0.006 -18"><span class='ocrx_word' id='word_1_140' title='bbox 2062 988 2161 1059; x_wconf 76' lang='grc' dir='ltr'>μὲν</span> <span class='ocrx_word' id='word_1_141' title='bbox 2185 986 2341 1040; x_wconf 76' lang='grc' dir='ltr'>οὐδὲν</span> <span class='ocrx_word' id='word_1_142' title='bbox 2369 985 2631 1058; x_wconf 72' lang='grc' dir='ltr'>ἔπραξεν,</span> <span class='ocrx_word' id='word_1_143' title='bbox 2663 982 2800 1053; x_wconf 72' lang='grc' dir='ltr'>ἔφθη</span> <span class='ocrx_word' id='word_1_144' title='bbox 2830 980 2942 1052; x_wconf 78' lang='grc' dir='ltr'><strong>γάρ</strong></span> <span class='ocrx_word' id='word_1_145' title='bbox 2986 982 3013 1035; x_wconf 89' lang='lat'><strong>6</strong></span> <span class='ocrx_word' id='word_1_146' title='bbox 3040 979 3221 1043; x_wconf 90' lang='grc' dir='ltr'>Νάϐις</span> <span class='ocrx_word' id='word_1_147' title='bbox 3252 977 3361 1033; x_wconf 75' lang='grc' dir='ltr'>ὑπὸ</span> <span class='ocrx_word' id='word_1_148' title='bbox 3391 976 3505 1031; x_wconf 90' lang='grc' dir='ltr'><strong>τῶν</strong></span> <span class='ocrx_word' id='word_1_149' title='bbox 3550 978 3655 1032; x_wconf 82' lang='grc' dir='ltr'><strong>Δί-</strong></span> 
     </span>
    </p>
   </div>
   <div class='ocr_carea' id='block_1_24' title="bbox 2057 1070 3653 1150">
    <p class='ocr_par' dir='ltr' id='par_1_24' title="bbox 2057 1070 3653 1150">
     <span class='ocr_line' id='line_1_24' title="bbox 2057 1070 3653 1150; baseline -0.006 -16"><span class='ocrx_word' id='word_1_150' title='bbox 2057 1081 2247 1134; x_wconf 81' lang='grc' dir='ltr'>τωλῶν</span> <span class='ocrx_word' id='word_1_151' title='bbox 2301 1079 2530 1150; x_wconf 76' lang='grc' dir='ltr'>φθαριὶς</span> <span class='ocrx_word' id='word_1_152' title='bbox 2575 1077 2633 1144; x_wconf 77' lang='grc' dir='ltr'>ἐξ</span> <span class='ocrx_word' id='word_1_153' title='bbox 2682 1075 3006 1145; x_wconf 78' lang='grc' dir='ltr'>ἐπιϐουλῆς,</span> <span class='ocrx_word' id='word_1_154' title='bbox 3048 1073 3144 1128; x_wconf 78' lang='grc' dir='ltr'>καὶ</span> <span class='ocrx_word' id='word_1_155' title='bbox 3178 1075 3211 1144; x_wconf 81' lang='grc' dir='ltr'><strong>ἡ</strong></span> <span class='ocrx_word' id='word_1_156' title='bbox 3245 1072 3475 1143; x_wconf 84' lang='grc' dir='ltr'><strong>Σπάρτη</strong></span> <span class='ocrx_word' id='word_1_157' title='bbox 3525 1070 3653 1143; x_wconf 67' lang='grc' dir='ltr'>ἥλω</span> 
     </span>
    </p>
   </div>
   <div class='ocr_carea' id='block_1_25' title="bbox 2065 1162 3655 1242">
    <p class='ocr_par' dir='ltr' id='par_1_25' title="bbox 2065 1162 3655 1242">
     <span class='ocr_line' id='line_1_25' title="bbox 2065 1162 3655 1242; baseline -0.004 -16"><span class='ocrx_word' id='word_1_158' title='bbox 2065 1172 2174 1227; x_wconf 76' lang='grc' dir='ltr'>ὑπὸ</span> <span class='ocrx_word' id='word_1_159' title='bbox 2194 1172 2304 1226; x_wconf 86' lang='grc' dir='ltr'><strong>τῶν</strong></span> <span class='ocrx_word' id='word_1_160' title='bbox 2318 1170 2574 1242; x_wconf 79' lang='grc' dir='ltr'>’Δχαιῶν.</span> <span class='ocrx_word' id='word_1_161' title='bbox 2612 1169 2672 1223; x_wconf 84' lang='grc' dir='ltr'>Ὀ</span> <span class='ocrx_word' id='word_1_162' title='bbox 2695 1169 2754 1222; x_wconf 83' lang='grc' dir='ltr'><strong>δέ</strong></span> <span class='ocrx_word' id='word_1_163' title='bbox 2776 1168 2996 1231; x_wconf 82' lang='grc' dir='ltr'>Βαίϐιος</span> <span class='ocrx_word' id='word_1_164' title='bbox 3016 1165 3113 1219; x_wconf 79' lang='grc' dir='ltr'>καὶ</span> <span class='ocrx_word' id='word_1_165' title='bbox 3141 1165 3170 1218; x_wconf 86' lang='lat'><strong>6</strong></span> <span class='ocrx_word' id='word_1_166' title='bbox 3186 1164 3464 1227; x_wconf 71' lang='grc' dir='ltr'>Φίλιππος</span> <span class='ocrx_word' id='word_1_167' title='bbox 3476 1162 3655 1219; x_wconf 73' lang='grc' dir='ltr'>πολλὰ</span> 
     </span>
    </p>
   </div>
   <div class='ocr_carea' id='block_1_26' title="bbox 2060 1245 3655 1336">
    <p class='ocr_par' dir='ltr' id='par_1_26' title="bbox 2060 1245 3655 1336">
     <span class='ocr_line' id='line_1_26' title="bbox 2060 1245 3655 1336; baseline -0.006 -18"><span class='ocrx_word' id='word_1_168' title='bbox 2060 1265 2165 1336; x_wconf 84' lang='grc' dir='ltr'>τῆς</span> <span class='ocrx_word' id='word_1_169' title='bbox 2213 1264 2519 1325; x_wconf 74' lang='grc' dir='ltr'><strong>Θεσσαλίας</strong></span> <span class='ocrx_word' id='word_1_170' title='bbox 2569 1245 3011 1317; x_wconf 74' lang='grc' dir='ltr'>ἐϐεϐαιώσαντθ.’</span> <span class='ocrx_word' id='word_1_171' title='bbox 3041 1258 3175 1322; x_wconf 83' lang='grc' dir='ltr'>Ταῖς</span> <span class='ocrx_word' id='word_1_172' title='bbox 3216 1259 3326 1328; x_wconf 90' lang='grc' dir='ltr'><strong>γάρ</strong></span> <span class='ocrx_word' id='word_1_173' title='bbox 3353 1257 3490 1328; x_wconf 78' lang='grc' dir='ltr'>πρὸς</span> <span class='ocrx_word' id='word_1_174' title='bbox 3523 1257 3655 1321; x_wconf 68' lang='grc' dir='ltr'>τοὺς</span> 
     </span>
    </p>
   </div>
   <div class='ocr_carea' id='block_1_27' title="bbox 2072 1347 3651 1429">
    <p class='ocr_par' dir='ltr' id='par_1_27' title="bbox 2072 1347 3651 1429">
     <span class='ocr_line' id='line_1_27' title="bbox 2072 1347 3651 1429; baseline -0.007 -17"><span class='ocrx_word' id='word_1_175' title='bbox 2072 1358 2376 1429; x_wconf 75' lang='grc' dir='ltr'>Ῥωμαίους</span> <span class='ocrx_word' id='word_1_176' title='bbox 2398 1355 2713 1429; x_wconf 79' lang='grc' dir='ltr'>ὁμολογίαις</span> <span class='ocrx_word' id='word_1_177' title='bbox 2738 1357 2768 1409; x_wconf 88' lang='lat'><strong>6</strong></span> <span class='ocrx_word' id='word_1_178' title='bbox 2791 1353 3061 1408; x_wconf 85' lang='grc' dir='ltr'>Μακεδὼν</span> <span class='ocrx_word' id='word_1_179' title='bbox 3077 1352 3102 1404; x_wconf 92' lang='grc' dir='ltr'><strong>ἐ</strong></span> <span class='ocrx_word' id='word_1_180' title='bbox 3111 1349 3460 1422; x_wconf 83' lang='grc' dir='ltr'>μμεμένηκε,</span> <span class='ocrx_word' id='word_1_181' title='bbox 3478 1347 3566 1403; x_wconf 86' lang='grc' dir='ltr'><strong>διά</strong></span> <span class='ocrx_word' id='word_1_182' title='bbox 3587 1365 3651 1402; x_wconf 87' lang='grc' dir='ltr'><strong>τε</strong></span> 
     </span>
    </p>
   </div>
   <div class='ocr_carea' id='block_1_28' title="bbox 2061 1439 3653 1515">
    <p class='ocr_par' dir='ltr' id='par_1_28' title="bbox 2061 1439 3653 1515">
     <span class='ocr_line' id='line_1_28' title="bbox 2061 1439 3653 1515; baseline -0.008 -9"><span class='ocrx_word' id='word_1_183' title='bbox 2061 1450 2198 1506; x_wconf 73' lang='grc' dir='ltr'>ἄλλα</span> <span class='ocrx_word' id='word_1_184' title='bbox 2235 1452 2328 1503; x_wconf 67' lang='grc' dir='ltr'>καὶ</span> <span class='ocrx_word' id='word_1_185' title='bbox 2353 1449 2437 1502; x_wconf 81' lang='grc' dir='ltr'>ὅτι</span> <span class='ocrx_word' id='word_1_186' title='bbox 2467 1449 2497 1500; x_wconf 90' lang='lat'><strong>6</strong></span> <span class='ocrx_word' id='word_1_187' title='bbox 2543 1446 2816 1515; x_wconf 84' lang='grc' dir='ltr'>Ἀντίοχος</span> <span class='ocrx_word' id='word_1_188' title='bbox 2852 1443 3033 1515; x_wconf 86' lang='grc' dir='ltr'>χωρία</span> <span class='ocrx_word' id='word_1_189' title='bbox 3075 1440 3243 1495; x_wconf 81' lang='grc' dir='ltr'>αὑτοῦ</span> <span class='ocrx_word' id='word_1_190' title='bbox 3276 1442 3336 1494; x_wconf 86' lang='grc' dir='ltr'><strong>ἐν</strong></span> <span class='ocrx_word' id='word_1_191' title='bbox 3364 1443 3430 1513; x_wconf 80' lang='grc' dir='ltr'>τῇ</span> <span class='ocrx_word' id='word_1_192' title='bbox 3458 1439 3653 1512; x_wconf 81' lang='grc' dir='ltr'>Θρᾴκῃ</span> 
     </span>
    </p>
   </div>
   <div class='ocr_carea' id='block_1_29' title="bbox 2063 1534 3653 1609">
    <p class='ocr_par' dir='ltr' id='par_1_29' title="bbox 2063 1534 3653 1609">
     <span class='ocr_line' id='line_1_29' title="bbox 2063 1534 3653 1609; baseline -0.008 -10"><span class='ocrx_word' id='word_1_193' title='bbox 2063 1547 2189 1599; x_wconf 71' lang='grc' dir='ltr'>τινα</span> <span class='ocrx_word' id='word_1_194' title='bbox 2227 1544 2603 1598; x_wconf 84' lang='grc' dir='ltr'>ἐπεσπάσατο.</span> <span class='ocrx_word' id='word_1_195' title='bbox 2642 1540 2704 1594; x_wconf 88' lang='grc'><strong>’0</strong></span> <span class='ocrx_word' id='word_1_196' title='bbox 2737 1540 2794 1594; x_wconf 76' lang='grc' dir='ltr'>δέ</span> <span class='ocrx_word' id='word_1_197' title='bbox 2835 1555 2901 1608; x_wconf 84' lang='grc' dir='ltr'><strong>γε</strong></span> <span class='ocrx_word' id='word_1_198' title='bbox 2932 1536 3224 1609; x_wconf 81' lang='grc' dir='ltr'>Φλαμίνιος</span> <span class='ocrx_word' id='word_1_199' title='bbox 3266 1534 3500 1608; x_wconf 83' lang='grc' dir='ltr'>περιιὼν</span> <span class='ocrx_word' id='word_1_200' title='bbox 3546 1534 3653 1607; x_wconf 83' lang='grc' dir='ltr'>τὴν</span> 
     </span>
    </p>
   </div>
   <div class='ocr_carea' id='block_1_30' title="bbox 2075 1627 3652 1704">
    <p class='ocr_par' dir='ltr' id='par_1_30' title="bbox 2075 1627 3652 1704">
     <span class='ocr_line' id='line_1_30' title="bbox 2075 1627 3652 1704; baseline -0.006 -13"><span class='ocrx_word' id='word_1_201' title='bbox 2075 1638 2324 1703; x_wconf 83' lang='grc' dir='ltr'>Ἐλλάδα,</span> <span class='ocrx_word' id='word_1_202' title='bbox 2356 1636 2480 1699; x_wconf 80' lang='grc' dir='ltr'>τοὺς</span> <span class='ocrx_word' id='word_1_203' title='bbox 2518 1634 2618 1704; x_wconf 77' lang='grc' dir='ltr'><strong>μέν</strong></span> <span class='ocrx_word' id='word_1_204' title='bbox 2665 1633 2791 1704; x_wconf 87' lang='grc' dir='ltr'>μηδ’</span> <span class='ocrx_word' id='word_1_205' title='bbox 2821 1632 3128 1701; x_wconf 83' lang='grc' dir='ltr'>ἀποστῆναι</span> <span class='ocrx_word' id='word_1_206' title='bbox 3187 1629 3399 1694; x_wconf 76' lang='grc' dir='ltr'>ἔπεισε,</span> <span class='ocrx_word' id='word_1_207' title='bbox 3430 1629 3559 1692; x_wconf 69' lang='grc' dir='ltr'>τοὺς</span> <span class='ocrx_word' id='word_1_208' title='bbox 3591 1627 3652 1682; x_wconf 84' lang='grc' dir='ltr'><strong>δέ</strong></span> 
     </span>
    </p>
   </div>
   <div class='ocr_carea' id='block_1_31' title="bbox 2065 1717 3656 1796">
    <p class='ocr_par' dir='ltr' id='par_1_31' title="bbox 2065 1717 3656 1796">
     <span class='ocr_line' id='line_1_31' title="bbox 2065 1717 3656 1796; baseline -0.008 -13"><span class='ocrx_word' id='word_1_209' title='bbox 2065 1732 2160 1783; x_wconf 77' lang='grc' dir='ltr'>καὶ</span> <span class='ocrx_word' id='word_1_210' title='bbox 2180 1728 2524 1789; x_wconf 87' lang='grc' dir='ltr'>ἀποστάντας</span> <span class='ocrx_word' id='word_1_211' title='bbox 2567 1725 2670 1796; x_wconf 72' lang='grc' dir='ltr'>ήδη</span> <span class='ocrx_word' id='word_1_212' title='bbox 2726 1724 3053 1796; x_wconf 78' lang='grc' dir='ltr'><strong>μετέστησε,</strong></span> <span class='ocrx_word' id='word_1_213' title='bbox 3083 1720 3224 1792; x_wconf 84' lang='grc' dir='ltr'>πλὴν</span> <span class='ocrx_word' id='word_1_214' title='bbox 3259 1717 3517 1774; x_wconf 77' lang='grc' dir='ltr'>Αἰτωλῶν</span> <span class='ocrx_word' id='word_1_215' title='bbox 3550 1717 3656 1772; x_wconf 75' lang='grc' dir='ltr'>καὶ</span> 
     </span>
    </p>
   </div>
   <div class='ocr_carea' id='block_1_32' title="bbox 378 1809 1976 1889">
    <p class='ocr_par' dir='ltr' id='par_1_32' title="bbox 378 1809 1966 1884">
     <span class='ocr_line' id='line_1_32' title="bbox 378 1809 1966 1884; baseline -0.009 -10"><span class='ocrx_word' id='word_1_216' title='bbox 378 1834 505 1874; x_wconf 83' lang='lat' dir='ltr'><strong>rum</strong></span> <span class='ocrx_word' id='word_1_217' title='bbox 546 1816 915 1881; x_wconf 83' lang='lat' dir='ltr'><strong>satisfaceret,</strong></span> <span class='ocrx_word' id='word_1_218' title='bbox 955 1814 1077 1870; x_wconf 90' lang='lat' dir='ltr'><strong>sine</strong></span> <span class='ocrx_word' id='word_1_219' title='bbox 1125 1813 1292 1884; x_wconf 91' lang='lat' dir='ltr'><strong>justis</strong></span> <span class='ocrx_word' id='word_1_220' title='bbox 1344 1810 1524 1881; x_wconf 85' lang='lat' dir='ltr'><strong>cepiis</strong></span> <span class='ocrx_word' id='word_1_221' title='bbox 1576 1809 1801 1863; x_wconf 86' lang='lat' dir='ltr'><strong>advenit</strong></span> <span class='ocrx_word' id='word_1_222' title='bbox 1847 1824 1860 1860; x_wconf 89' lang='lat'><strong>:</strong></span> <span class='ocrx_word' id='word_1_223' title='bbox 1909 1815 1966 1864; x_wconf 89' lang='lat' dir='ltr'><strong>et</strong></span> 
     </span>
    </p>
   </div>
   <div class='ocr_carea' id='block_1_33' title="bbox 2082 1809 3657 1889">
    <p class='ocr_par' dir='ltr' id='par_1_33' title="bbox 2082 1809 3657 1889">
     <span class='ocr_line' id='line_1_33' title="bbox 2082 1809 3657 1889; baseline -0.004 -19"><span class='ocrx_word' id='word_1_224' title='bbox 2082 1817 2273 1889; x_wconf 64' lang='grc' dir='ltr'>ἐτέρων</span> <span class='ocrx_word' id='word_1_225' title='bbox 2299 1817 2482 1871; x_wconf 83' lang='grc' dir='ltr'>τινῶν.</span> <span class='ocrx_word' id='word_1_226' title='bbox 2518 1815 2684 1869; x_wconf 79' lang='grc' dir='ltr'>Αὐτοί</span> <span class='ocrx_word' id='word_1_227' title='bbox 2711 1831 2772 1868; x_wconf 78' lang='grc' dir='ltr'><strong>τε</strong></span> <span class='ocrx_word' id='word_1_228' title='bbox 2798 1817 2908 1885; x_wconf 74' lang='grc' dir='ltr'><strong>γὰρ</strong></span> <span class='ocrx_word' id='word_1_229' title='bbox 2942 1813 3021 1885; x_wconf 85' lang='grc' dir='ltr'>τῷ</span> <span class='ocrx_word' id='word_1_230' title='bbox 3063 1812 3327 1883; x_wconf 77' lang='grc' dir='ltr'>Ἀντιόχῳ</span> <span class='ocrx_word' id='word_1_231' title='bbox 3370 1809 3657 1883; x_wconf 80' lang='grc' dir='ltr'>προσεχώο</span> 
     </span>
    </p>
   </div>
   <div class='ocr_carea' id='block_1_34' title="bbox 378 1877 1976 1978">
    <p class='ocr_par' dir='ltr' id='par_1_34' title="bbox 378 1877 1961 1977">
     <span class='ocr_line' id='line_1_34' title="bbox 378 1877 1961 1977; baseline -0.007 -15"><span class='ocrx_word' id='word_1_232' title='bbox 378 1908 494 1963; x_wconf 87' lang='lat' dir='ltr'><strong>illis</strong></span> <span class='ocrx_word' id='word_1_233' title='bbox 545 1877 946 1977; x_wconf 83' lang='lat' dir='ltr'><strong>adjutantibus,</strong></span> <span class='ocrx_word' id='word_1_234' title='bbox 1006 1877 1326 1957; x_wconf 81' lang='lat' dir='ltr'><strong>Chalcidem</strong></span> <span class='ocrx_word' id='word_1_235' title='bbox 1383 1877 1531 1969; x_wconf 72' lang='lat' dir='ltr'><strong>cepit</strong></span> <span class='ocrx_word' id='word_1_236' title='bbox 1584 1908 1688 1953; x_wconf 90' lang='lat' dir='ltr'><strong>:et</strong></span> <span class='ocrx_word' id='word_1_237' title='bbox 1749 1898 1961 1967; x_wconf 88' lang='lat' dir='ltr'><strong>reliqua</strong></span> 
     </span>
    </p>
   </div>
   <div class='ocr_carea' id='block_1_35' title="bbox 2082 1877 3658 1978">
    <p class='ocr_par' dir='ltr' id='par_1_35' title="bbox 2082 1877 3658 1978">
     <span class='ocr_line' id='line_1_35' title="bbox 2082 1877 3658 1978; baseline -0.004 -17"><span class='ocrx_word' id='word_1_238' title='bbox 2082 1877 2267 1978; x_wconf 78' lang='grc' dir='ltr'>ρησαν,</span> <span class='ocrx_word' id='word_1_239' title='bbox 2294 1909 2387 1962; x_wconf 80' lang='grc' dir='ltr'>καὶ</span> <span class='ocrx_word' id='word_1_240' title='bbox 2414 1908 2607 1972; x_wconf 80' lang='grc' dir='ltr'>ἄλλους</span> <span class='ocrx_word' id='word_1_241' title='bbox 2627 1908 2755 1971; x_wconf 75' lang='grc' dir='ltr'>τοὺς</span> <span class='ocrx_word' id='word_1_242' title='bbox 2780 1877 3123 1977; x_wconf 40' lang='grc' dir='ltr'>μὲν-ἑκόντας</span> <span class='ocrx_word' id='word_1_243' title='bbox 3155 1877 3445 1969; x_wconf 74' lang='grc' dir='ltr'>συνίστων,</span> <span class='ocrx_word' id='word_1_244' title='bbox 3477 1877 3658 1967; x_wconf 82' lang='grc' dir='ltr'>ἐνίους</span> 
     </span>
    </p>
   </div>
   <div class='ocr_carea' id='block_1_36' title="bbox 380 1989 1965 2066">
    <p class='ocr_par' dir='ltr' id='par_1_36' title="bbox 380 1989 1965 2066">
     <span class='ocr_line' id='line_1_36' title="bbox 380 1989 1965 2066; baseline -0.006 -13"><span class='ocrx_word' id='word_1_245' title='bbox 380 1998 591 2053; x_wconf 73' lang='lat' dir='ltr'><strong>Eubcea</strong></span> <span class='ocrx_word' id='word_1_246' title='bbox 626 1996 860 2066; x_wconf 89' lang='lat' dir='ltr'><strong>potitus,</strong></span> <span class='ocrx_word' id='word_1_247' title='bbox 900 1995 1181 2049; x_wconf 84' lang='lat' dir='ltr'><strong>Romanos</strong></span> <span class='ocrx_word' id='word_1_248' title='bbox 1236 1991 1507 2062; x_wconf 88' lang='lat' dir='ltr'><strong>quosdam</strong></span> <span class='ocrx_word' id='word_1_249' title='bbox 1543 1990 1686 2045; x_wconf 90' lang='lat' dir='ltr'><strong>inter</strong></span> <span class='ocrx_word' id='word_1_250' title='bbox 1717 1989 1965 2060; x_wconf 88' lang='lat' dir='ltr'><strong>captivos</strong></span> 
     </span>
    </p>
   </div>
   <div class='ocr_carea' id='block_1_37' title="bbox 382 2081 1963 2159">
    <p class='ocr_par' dir='ltr' id='par_1_37' title="bbox 382 2081 1963 2159">
     <span class='ocr_line' id='line_1_37' title="bbox 382 2081 1963 2159; baseline -0.007 -14"><span class='ocrx_word' id='word_1_251' title='bbox 382 2099 658 2159; x_wconf 84' lang='lat' dir='ltr'><strong>repertos,</strong></span> <span class='ocrx_word' id='word_1_252' title='bbox 689 2101 883 2141; x_wconf 83' lang='lat' dir='ltr'><strong>omnes</strong></span> <span class='ocrx_word' id='word_1_253' title='bbox 914 2084 1128 2139; x_wconf 87' lang='lat' dir='ltr'><strong>dimisit</strong></span> <span class='ocrx_word' id='word_1_254' title='bbox 1160 2101 1175 2138; x_wconf 91' lang='lat'><strong>:</strong></span> <span class='ocrx_word' id='word_1_255' title='bbox 1206 2084 1274 2140; x_wconf 76' lang='lat' dir='ltr'><strong>&#39;et</strong></span> <span class='ocrx_word' id='word_1_256' title='bbox 1315 2082 1579 2138; x_wconf 79' lang='lat' dir='ltr'><strong>Chalcide</strong></span> <span class='ocrx_word' id='word_1_257' title='bbox 1626 2081 1963 2142; x_wconf 85' lang='lat' dir='ltr'><strong>hibernavit,</strong></span> 
     </span>
    </p>
   </div>
   <div class='ocr_carea' id='block_1_38' title="bbox 387 2172 1962 2247">
    <p class='ocr_par' dir='ltr' id='par_1_38' title="bbox 387 2172 1962 2247">
     <span class='ocr_line' id='line_1_38' title="bbox 387 2172 1962 2247; baseline -0.006 -13"><span class='ocrx_word' id='word_1_258' title='bbox 387 2182 481 2235; x_wconf 86' lang='lat' dir='ltr'><strong>ubi</strong></span> <span class='ocrx_word' id='word_1_259' title='bbox 516 2189 573 2237; x_wconf 85' lang='lat' dir='ltr'><strong>et</strong></span> <span class='ocrx_word' id='word_1_260' title='bbox 600 2178 774 2247; x_wconf 82' lang='lat' dir='ltr'><strong>ipsius</strong></span> <span class='ocrx_word' id='word_1_261' title='bbox 805 2187 861 2233; x_wconf 90' lang='lat' dir='ltr'><strong>et</strong></span> <span class='ocrx_word' id='word_1_262' title='bbox 888 2176 1093 2232; x_wconf 91' lang='lat' dir='ltr'><strong>ducum</strong></span> <span class='ocrx_word' id='word_1_263' title='bbox 1118 2176 1243 2247; x_wconf 86' lang='lat' dir='ltr'><strong>ejus</strong></span> <span class='ocrx_word' id='word_1_264' title='bbox 1279 2184 1337 2230; x_wconf 88' lang='lat' dir='ltr'><strong>et</strong></span> <span class='ocrx_word' id='word_1_265' title='bbox 1368 2175 1604 2228; x_wconf 85' lang='lat' dir='ltr'><strong>militum</strong></span> <span class='ocrx_word' id='word_1_266' title='bbox 1637 2172 1804 2228; x_wconf 85' lang='lat' dir='ltr'><strong>animi</strong></span> <span class='ocrx_word' id='word_1_267' title='bbox 1835 2187 1962 2226; x_wconf 92' lang='lat' dir='ltr'><strong>cum</strong></span> 
     </span>
    </p>
   </div>
   <div class='ocr_carea' id='block_1_39' title="bbox 383 2266 1969 2339">
    <p class='ocr_par' dir='ltr' id='par_1_39' title="bbox 383 2266 1969 2339">
     <span class='ocr_line' id='line_1_39' title="bbox 383 2266 1969 2339; baseline -0.006 -12"><span class='ocrx_word' id='word_1_268' title='bbox 383 2272 510 2327; x_wconf 85' lang='lat' dir='ltr'><strong>aliis</strong></span> <span class='ocrx_word' id='word_1_269' title='bbox 558 2270 775 2325; x_wconf 88' lang='lat' dir='ltr'><strong>deliciis</strong></span> <span class='ocrx_word' id='word_1_270' title='bbox 828 2269 1086 2339; x_wconf 87' lang='lat' dir='ltr'><strong>corrupti</strong></span> <span class='ocrx_word' id='word_1_271' title='bbox 1120 2277 1273 2334; x_wconf 90' lang='lat' dir='ltr'><strong>sunt,</strong></span> <span class='ocrx_word' id='word_1_272' title='bbox 1328 2277 1444 2322; x_wconf 90' lang='lat' dir='ltr'><strong>tum</strong></span> <span class='ocrx_word' id='word_1_273' title='bbox 1498 2266 1615 2337; x_wconf 89' lang='lat' dir='ltr'><strong>ipse</strong></span> <span class='ocrx_word' id='word_1_274' title='bbox 1664 2279 1730 2320; x_wconf 83' lang='lat' dir='ltr'><strong>ex</strong></span> <span class='ocrx_word' id='word_1_275' title='bbox 1778 2278 1969 2319; x_wconf 90' lang='lat' dir='ltr'><strong>amore</strong></span> 
     </span>
    </p>
   </div>
   <div class='ocr_carea' id='block_1_40' title="bbox 385 2358 1969 2435">
    <p class='ocr_par' dir='ltr' id='par_1_40' title="bbox 385 2358 1969 2435">
     <span class='ocr_line' id='line_1_40' title="bbox 385 2358 1969 2435; baseline -0.003 -17"><span class='ocrx_word' id='word_1_276' title='bbox 385 2364 587 2435; x_wconf 77' lang='lat' dir='ltr'><strong>puella:</strong></span> <span class='ocrx_word' id='word_1_277' title='bbox 634 2362 921 2433; x_wconf 83' lang='lat' dir='ltr'><strong>cujusdam</strong></span> <span class='ocrx_word' id='word_1_278' title='bbox 976 2362 1319 2431; x_wconf 83' lang='lat' dir='ltr'><strong>voluptatum</strong></span> <span class='ocrx_word' id='word_1_279' title='bbox 1372 2358 1649 2415; x_wconf 87' lang='lat' dir='ltr'><strong>illecebris</strong></span> <span class='ocrx_word' id='word_1_280' title='bbox 1693 2358 1969 2424; x_wconf 86' lang='lat' dir='ltr'><strong>irretitus,</strong></span> 
     </span>
    </p>
   </div>
   <div class='ocr_carea' id='block_1_41' title="bbox 386 2448 1971 2523">
    <p class='ocr_par' dir='ltr' id='par_1_41' title="bbox 386 2448 1971 2523">
     <span class='ocr_line' id='line_1_41' title="bbox 386 2448 1971 2523; baseline -0.004 -13"><span class='ocrx_word' id='word_1_281' title='bbox 386 2456 554 2511; x_wconf 88' lang='lat' dir='ltr'><strong>etiam</strong></span> <span class='ocrx_word' id='word_1_282' title='bbox 594 2464 827 2510; x_wconf 69' lang='lat' dir='ltr'><strong>caeteros</strong></span> <span class='ocrx_word' id='word_1_283' title='bbox 866 2454 1014 2509; x_wconf 90' lang='lat' dir='ltr'><strong>bello</strong></span> <span class='ocrx_word' id='word_1_284' title='bbox 1044 2454 1266 2523; x_wconf 91' lang='lat' dir='ltr'><strong>ineptos</strong></span> <span class='ocrx_word' id='word_1_285' title='bbox 1315 2451 1466 2507; x_wconf 76' lang='lat' dir='ltr'><strong>fecit.</strong></span> <span class='ocrx_word' id='word_1_286' title='bbox 1503 2450 1741 2506; x_wconf 82' lang='lat' dir='ltr'><strong>Romani</strong></span> <span class='ocrx_word' id='word_1_287' title='bbox 1778 2448 1971 2505; x_wconf 91' lang='lat' dir='ltr'><strong>audito</strong></span> 
     </span>
    </p>
   </div>
   <div class='ocr_carea' id='block_1_42' title="bbox 386 2542 1973 2617">
    <p class='ocr_par' dir='ltr' id='par_1_42' title="bbox 386 2542 1973 2617">
     <span class='ocr_line' id='line_1_42' title="bbox 386 2542 1973 2617; baseline -0.006 -14"><span class='ocrx_word' id='word_1_288' title='bbox 386 2551 508 2617; x_wconf 85' lang='lat' dir='ltr'><strong>ejus</strong></span> <span class='ocrx_word' id='word_1_289' title='bbox 560 2548 615 2602; x_wconf 91' lang='lat' dir='ltr'><strong>in</strong></span> <span class='ocrx_word' id='word_1_290' title='bbox 664 2546 933 2604; x_wconf 62' lang='lat' dir='ltr'><strong>Graciam</strong></span> <span class='ocrx_word' id='word_1_291' title='bbox 972 2545 1321 2609; x_wconf 84' lang='lat' dir='ltr'><strong>adventu,et</strong></span> <span class='ocrx_word' id='word_1_292' title='bbox 1362 2542 1643 2598; x_wconf 85' lang='lat' dir='ltr'><strong>Chalcidis</strong></span> <span class='ocrx_word' id='word_1_293' title='bbox 1691 2555 1973 2611; x_wconf 80' lang='lat' dir='ltr'><strong>expugna-</strong></span> 
     </span>
    </p>
   </div>
   <div class='ocr_carea' id='block_1_43' title="bbox 393 2634 1971 2708">
    <p class='ocr_par' dir='ltr' id='par_1_43' title="bbox 393 2634 1971 2708">
     <span class='ocr_line' id='line_1_43' title="bbox 393 2634 1971 2708; baseline -0.006 -15"><span class='ocrx_word' id='word_1_294' title='bbox 393 2640 564 2703; x_wconf 85' lang='lat' dir='ltr'><strong>tione,</strong></span> <span class='ocrx_word' id='word_1_295' title='bbox 606 2638 809 2692; x_wconf 90' lang='lat' dir='ltr'><strong>bellum</strong></span> <span class='ocrx_word' id='word_1_296' title='bbox 860 2644 1056 2708; x_wconf 88' lang='lat' dir='ltr'><strong>aperte</strong></span> <span class='ocrx_word' id='word_1_297' title='bbox 1089 2642 1501 2705; x_wconf 85' lang='lat' dir='ltr'><strong>susceperunt:</strong></span> <span class='ocrx_word' id='word_1_298' title='bbox 1534 2642 1591 2686; x_wconf 90' lang='lat' dir='ltr'><strong>et</strong></span> <span class='ocrx_word' id='word_1_299' title='bbox 1623 2634 1797 2686; x_wconf 82' lang='lat' dir='ltr'><strong>altero</strong></span> <span class='ocrx_word' id='word_1_300' title='bbox 1833 2644 1971 2685; x_wconf 90' lang='lat' dir='ltr'><strong>eon-</strong></span> 
     </span>
    </p>
   </div>
   <div class='ocr_carea' id='block_1_44' title="bbox 389 2723 1970 2799">
    <p class='ocr_par' dir='ltr' id='par_1_44' title="bbox 389 2723 1970 2799">
     <span class='ocr_line' id='line_1_44' title="bbox 389 2723 1970 2799; baseline -0.005 -16"><span class='ocrx_word' id='word_1_301' title='bbox 389 2731 511 2785; x_wconf 75' lang='lat' dir='ltr'><strong>sule</strong></span> <span class='ocrx_word' id='word_1_302' title='bbox 538 2730 798 2799; x_wconf 86' lang='lat' dir='ltr'><strong>Scipione</strong></span> <span class='ocrx_word' id='word_1_303' title='bbox 827 2727 1025 2783; x_wconf 87' lang='lat' dir='ltr'><strong>Nasica</strong></span> <span class='ocrx_word' id='word_1_304' title='bbox 1061 2727 1129 2781; x_wconf 90' lang='lat' dir='ltr'><strong>ad</strong></span> <span class='ocrx_word' id='word_1_305' title='bbox 1159 2727 1329 2781; x_wconf 63' lang='lat' dir='ltr'><strong>ltaliie</strong></span> <span class='ocrx_word' id='word_1_306' title='bbox 1352 2725 1730 2780; x_wconf 82' lang='lat' dir='ltr'><strong>defensionem</strong></span> <span class='ocrx_word' id='word_1_307' title='bbox 1758 2723 1970 2786; x_wconf 85' lang='lat' dir='ltr'><strong>relicto,</strong></span> 
     </span>
    </p>
   </div>
   <div class='ocr_carea' id='block_1_45' title="bbox 392 2815 1971 2889">
    <p class='ocr_par' dir='ltr' id='par_1_45' title="bbox 392 2815 1971 2889">
     <span class='ocr_line' id='line_1_45' title="bbox 392 2815 1971 2889; baseline -0.004 -14"><span class='ocrx_word' id='word_1_308' title='bbox 392 2821 635 2875; x_wconf 83' lang='lat' dir='ltr'><strong>Manium</strong></span> <span class='ocrx_word' id='word_1_309' title='bbox 676 2817 1031 2875; x_wconf 86' lang='lat' dir='ltr'><strong>Glabrionem</strong></span> <span class='ocrx_word' id='word_1_310' title='bbox 1073 2833 1201 2875; x_wconf 89' lang='lat' dir='ltr'><strong>cum</strong></span> <span class='ocrx_word' id='word_1_311' title='bbox 1238 2833 1437 2889; x_wconf 87' lang='lat' dir='ltr'><strong>magno</strong></span> <span class='ocrx_word' id='word_1_312' title='bbox 1470 2818 1719 2872; x_wconf 78' lang='lat' dir='ltr'><strong>exercitu</strong></span> <span class='ocrx_word' id='word_1_313' title='bbox 1766 2816 1819 2868; x_wconf 91' lang='lat' dir='ltr'><strong>in</strong></span> <span class='ocrx_word' id='word_1_314' title='bbox 1861 2815 1971 2869; x_wconf 84' lang='lat' dir='ltr'><strong>Ita-</strong></span> 
     </span>
    </p>
   </div>
   <div class='ocr_carea' id='block_1_46' title="bbox 389 2906 1975 2975">
    <p class='ocr_par' dir='ltr' id='par_1_46' title="bbox 389 2906 1975 2975">
     <span class='ocr_line' id='line_1_46' title="bbox 389 2906 1975 2975; baseline -0.004 -10"><span class='ocrx_word' id='word_1_315' title='bbox 389 2911 522 2965; x_wconf 84' lang='lat' dir='ltr'><strong>liam</strong></span> <span class='ocrx_word' id='word_1_316' title='bbox 554 2911 848 2964; x_wconf 88' lang='lat' dir='ltr'><strong>miserunt.</strong></span> <span class='ocrx_word' id='word_1_317' title='bbox 877 2906 1125 2975; x_wconf 87' lang='lat' dir='ltr'><strong>Quorum</strong></span> <span class='ocrx_word' id='word_1_318' title='bbox 1160 2908 1256 2962; x_wconf 89' lang='lat' dir='ltr'><strong>ille</strong></span> <span class='ocrx_word' id='word_1_319' title='bbox 1288 2924 1412 2963; x_wconf 90' lang='lat' dir='ltr'><strong>cum</strong></span> <span class='ocrx_word' id='word_1_320' title='bbox 1443 2907 1591 2961; x_wconf 84' lang='lat' dir='ltr'><strong>Boiis</strong></span> <span class='ocrx_word' id='word_1_321' title='bbox 1626 2906 1831 2960; x_wconf 65' lang='lat' dir='ltr'><strong>bellum</strong></span> <span class='ocrx_word' id='word_1_322' title='bbox 1852 2920 1975 2975; x_wconf 79' lang='lat' dir='ltr'><strong>ges-</strong></span> 
     </span>
    </p>
   </div>
   <div class='ocr_carea' id='block_1_47' title="bbox 391 2998 1977 3069">
    <p class='ocr_par' dir='ltr' id='par_1_47' title="bbox 391 2998 1977 3069">
     <span class='ocr_line' id='line_1_47' title="bbox 391 2998 1977 3069; baseline -0.001 -15"><span class='ocrx_word' id='word_1_323' title='bbox 391 3002 488 3065; x_wconf 84' lang='lat' dir='ltr'><strong>sit,</strong></span> <span class='ocrx_word' id='word_1_324' title='bbox 545 3001 637 3055; x_wconf 91' lang='lat' dir='ltr'><strong>hic</strong></span> <span class='ocrx_word' id='word_1_325' title='bbox 682 2999 960 3055; x_wconf 86' lang='lat' dir='ltr'><strong>Antiocho</strong></span> <span class='ocrx_word' id='word_1_326' title='bbox 1015 2999 1223 3055; x_wconf 74' lang='lat' dir='ltr'><strong>Graecia</strong></span> <span class='ocrx_word' id='word_1_327' title='bbox 1275 3001 1457 3069; x_wconf 87' lang='lat' dir='ltr'><strong>pulso,</strong></span> <span class='ocrx_word' id='word_1_328' title='bbox 1517 3015 1641 3052; x_wconf 89' lang='lat' dir='ltr'><strong>cum</strong></span> <span class='ocrx_word' id='word_1_329' title='bbox 1700 2998 1870 3052; x_wconf 59' lang='lat' dir='ltr'><strong>Bcbio</strong></span> <span class='ocrx_word' id='word_1_330' title='bbox 1918 3006 1977 3052; x_wconf 88' lang='lat' dir='ltr'><strong>ct</strong></span> 
     </span>
    </p>
   </div>
   <div class='ocr_carea' id='block_1_48' title="bbox 393 3088 1977 3160">
    <p class='ocr_par' dir='ltr' id='par_1_48' title="bbox 393 3088 1977 3160">
     <span class='ocr_line' id='line_1_48' title="bbox 393 3088 1977 3160; baseline -0.003 -14"><span class='ocrx_word' id='word_1_331' title='bbox 393 3091 647 3160; x_wconf 85' lang='lat' dir='ltr'><strong>Philippo</strong></span> <span class='ocrx_word' id='word_1_332' title='bbox 698 3091 900 3145; x_wconf 89' lang='lat' dir='ltr'><strong>multas</strong></span> <span class='ocrx_word' id='word_1_333' title='bbox 957 3088 1304 3144; x_wconf 85' lang='lat' dir='ltr'><strong>Thessalicas</strong></span> <span class='ocrx_word' id='word_1_334' title='bbox 1345 3089 1601 3143; x_wconf 86' lang='lat' dir='ltr'><strong>civitates</strong></span> <span class='ocrx_word' id='word_1_335' title='bbox 1644 3088 1883 3156; x_wconf 73' lang='lat' dir='ltr'><strong>subegit,</strong></span> <span class='ocrx_word' id='word_1_336' title='bbox 1920 3096 1977 3141; x_wconf 87' lang='lat' dir='ltr'><strong>et</strong></span> 
     </span>
    </p>
   </div>
   <div class='ocr_carea' id='block_1_49' title="bbox 390 3180 1972 3252">
    <p class='ocr_par' dir='ltr' id='par_1_49' title="bbox 390 3180 1972 3252">
     <span class='ocr_line' id='line_1_49' title="bbox 390 3180 1972 3252; baseline -0.002 -15"><span class='ocrx_word' id='word_1_337' title='bbox 390 3183 710 3252; x_wconf 74' lang='lat' dir='ltr'><strong>Philippum</strong></span> <span class='ocrx_word' id='word_1_338' title='bbox 735 3181 1254 3251; x_wconf 79' lang='lat' dir='ltr'><strong>Megalopolitanum</strong></span> <span class='ocrx_word' id='word_1_339' title='bbox 1280 3194 1501 3250; x_wconf 91' lang='lat' dir='ltr'><strong>captum</strong></span> <span class='ocrx_word' id='word_1_340' title='bbox 1530 3180 1758 3234; x_wconf 82' lang='lat' dir='ltr'><strong>Romam</strong></span> <span class='ocrx_word' id='word_1_341' title='bbox 1784 3180 1972 3234; x_wconf 88' lang='lat' dir='ltr'><strong>misit:</strong></span> 
     </span>
    </p>
   </div>
   <div class='ocr_carea' id='block_1_50' title="bbox 398 3271 1980 3343">
    <p class='ocr_par' dir='ltr' id='par_1_50' title="bbox 398 3271 1980 3343">
     <span class='ocr_line' id='line_1_50' title="bbox 398 3271 1980 3343; baseline -0.002 -15"><span class='ocrx_word' id='word_1_342' title='bbox 398 3272 761 3343; x_wconf 73' lang='lat' dir='ltr'><strong>Amynandro</strong></span> <span class='ocrx_word' id='word_1_343' title='bbox 793 3273 993 3343; x_wconf 90' lang='lat' dir='ltr'><strong>ejeeto,</strong></span> <span class='ocrx_word' id='word_1_344' title='bbox 1028 3272 1313 3327; x_wconf 81' lang='lat' dir='ltr'><strong>Macedoni</strong></span> <span class='ocrx_word' id='word_1_345' title='bbox 1346 3271 1612 3326; x_wconf 89' lang='lat' dir='ltr'><strong>ditionem</strong></span> <span class='ocrx_word' id='word_1_346' title='bbox 1642 3271 1767 3341; x_wconf 87' lang='lat' dir='ltr'><strong>ejus</strong></span> <span class='ocrx_word' id='word_1_347' title='bbox 1807 3271 1980 3325; x_wconf 88' lang='lat' dir='ltr'><strong>tradi-</strong></span> 
     </span>
    </p>
   </div>
   <div class='ocr_carea' id='block_1_51' title="bbox 395 3363 1979 3434">
    <p class='ocr_par' dir='ltr' id='par_1_51' title="bbox 395 3363 1979 3434">
     <span class='ocr_line' id='line_1_51' title="bbox 395 3363 1979 3434; baseline 0 -15"><span class='ocrx_word' id='word_1_348' title='bbox 395 3367 500 3420; x_wconf 88' lang='lat' dir='ltr'><strong>dit.</strong></span> <span class='ocrx_word' id='word_1_349' title='bbox 589 3365 899 3421; x_wconf 83' lang='lat' dir='ltr'><strong>Antiochus</strong></span> <span class='ocrx_word' id='word_1_350' title='bbox 958 3364 1180 3419; x_wconf 88' lang='lat' dir='ltr'><strong>interim</strong></span> <span class='ocrx_word' id='word_1_351' title='bbox 1233 3363 1499 3420; x_wconf 90' lang='lat' dir='ltr'><strong>Chalcide</strong></span> <span class='ocrx_word' id='word_1_352' title='bbox 1554 3364 1730 3418; x_wconf 89' lang='lat' dir='ltr'><strong>otium</strong></span> <span class='ocrx_word' id='word_1_353' title='bbox 1789 3380 1979 3434; x_wconf 84' lang='lat' dir='ltr'><strong>agens,</strong></span> 
     </span>
    </p>
   </div>
   <div class='ocr_carea' id='block_1_52' title="bbox 396 3456 1981 3530">
    <p class='ocr_par' dir='ltr' id='par_1_52' title="bbox 396 3456 1981 3530">
     <span class='ocr_line' id='line_1_52' title="bbox 396 3456 1981 3530; baseline -0.001 -19"><span class='ocrx_word' id='word_1_354' title='bbox 396 3466 521 3530; x_wconf 86' lang='lat' dir='ltr'><strong>post</strong></span> <span class='ocrx_word' id='word_1_355' title='bbox 562 3457 616 3512; x_wconf 92' lang='lat' dir='ltr'><strong>in</strong></span> <span class='ocrx_word' id='word_1_356' title='bbox 660 3457 931 3511; x_wconf 67' lang='lat' dir='ltr'><strong>Boeotiam</strong></span> <span class='ocrx_word' id='word_1_357' title='bbox 968 3456 1141 3521; x_wconf 90' lang='lat' dir='ltr'><strong>venit,</strong></span> <span class='ocrx_word' id='word_1_358' title='bbox 1191 3457 1248 3510; x_wconf 90' lang='lat' dir='ltr'><strong>in</strong></span> <span class='ocrx_word' id='word_1_359' title='bbox 1284 3456 1670 3527; x_wconf 85' lang='lat' dir='ltr'><strong>Thermopylis</strong></span> <span class='ocrx_word' id='word_1_360' title='bbox 1702 3457 1981 3511; x_wconf 82' lang='lat' dir='ltr'><strong>Romano-</strong></span> 
     </span>
    </p>
   </div>
   <div class='ocr_carea' id='block_1_53' title="bbox 398 3548 1976 3619">
    <p class='ocr_par' dir='ltr' id='par_1_53' title="bbox 398 3548 1976 3619">
     <span class='ocr_line' id='line_1_53' title="bbox 398 3548 1976 3619; baseline -0.001 -15"><span class='ocrx_word' id='word_1_361' title='bbox 398 3564 520 3604; x_wconf 90' lang='lat' dir='ltr'><strong>rum</strong></span> <span class='ocrx_word' id='word_1_362' title='bbox 555 3549 960 3619; x_wconf 75' lang='lat' dir='ltr'><strong>aggressionem</strong></span> <span class='ocrx_word' id='word_1_363' title='bbox 994 3560 1437 3618; x_wconf 75' lang='lat' dir='ltr'><strong>exspectaturus.</strong></span> <span class='ocrx_word' id='word_1_364' title='bbox 1480 3548 1616 3603; x_wconf 84' lang='lat' dir='ltr'><strong>Nam</strong></span> <span class='ocrx_word' id='word_1_365' title='bbox 1660 3549 1767 3605; x_wconf 92' lang='lat' dir='ltr'><strong>loci</strong></span> <span class='ocrx_word' id='word_1_366' title='bbox 1812 3558 1976 3603; x_wconf 82' lang='lat' dir='ltr'><strong>natu-</strong></span> 
     </span>
    </p>
   </div>
   <div class='ocr_carea' id='block_1_54' title="bbox 399 3640 1986 3712">
    <p class='ocr_par' dir='ltr' id='par_1_54' title="bbox 399 3640 1986 3712">
     <span class='ocr_line' id='line_1_54' title="bbox 399 3640 1986 3712; baseline -0.001 -18"><span class='ocrx_word' id='word_1_367' title='bbox 399 3656 517 3696; x_wconf 78' lang='lat' dir='ltr'><strong>ram</strong></span> <span class='ocrx_word' id='word_1_368' title='bbox 551 3640 819 3710; x_wconf 85' lang='lat' dir='ltr'><strong>paucitati</strong></span> <span class='ocrx_word' id='word_1_369' title='bbox 864 3655 1091 3695; x_wconf 89' lang='lat' dir='ltr'><strong>suorum</strong></span> <span class='ocrx_word' id='word_1_370' title='bbox 1142 3641 1378 3696; x_wconf 86' lang='lat' dir='ltr'><strong>militum</strong></span> <span class='ocrx_word' id='word_1_371' title='bbox 1412 3640 1663 3696; x_wconf 88' lang='lat' dir='ltr'><strong>subsidio</strong></span> <span class='ocrx_word' id='word_1_372' title='bbox 1693 3643 1810 3696; x_wconf 83' lang='lat' dir='ltr'><strong>fore</strong></span> <span class='ocrx_word' id='word_1_373' title='bbox 1834 3640 1986 3712; x_wconf 83' lang='lat' dir='ltr'><strong>judi-</strong></span> 
     </span>
    </p>
   </div>
   <div class='ocr_carea' id='block_1_55' title="bbox 398 3730 1982 3802">
    <p class='ocr_par' dir='ltr' id='par_1_55' title="bbox 398 3730 1982 3802">
     <span class='ocr_line' id='line_1_55' title="bbox 398 3730 1982 3802; baseline -0.001 -15"><span class='ocrx_word' id='word_1_374' title='bbox 398 3732 561 3787; x_wconf 81' lang='lat' dir='ltr'><strong>cabat</strong></span> <span class='ocrx_word' id='word_1_375' title='bbox 596 3749 611 3784; x_wconf 88' lang='lat'><strong>:</strong></span> <span class='ocrx_word' id='word_1_376' title='bbox 641 3747 705 3785; x_wconf 89' lang='lat' dir='ltr'><strong>ac</strong></span> <span class='ocrx_word' id='word_1_377' title='bbox 737 3746 807 3785; x_wconf 91' lang='lat' dir='ltr'><strong>ne</strong></span> <span class='ocrx_word' id='word_1_378' title='bbox 840 3731 985 3786; x_wconf 74' lang='lat' dir='ltr'><strong>idem</strong></span> <span class='ocrx_word' id='word_1_379' title='bbox 1017 3731 1124 3786; x_wconf 88' lang='lat' dir='ltr'><strong>sibi</strong></span> <span class='ocrx_word' id='word_1_380' title='bbox 1156 3734 1304 3802; x_wconf 85' lang='lat' dir='ltr'><strong>quod</strong></span> <span class='ocrx_word' id='word_1_381' title='bbox 1336 3730 1544 3788; x_wconf 66' lang='lat' dir='ltr'><strong>Graecis</strong></span> <span class='ocrx_word' id='word_1_382' title='bbox 1576 3731 1723 3787; x_wconf 92' lang='lat' dir='ltr'><strong>bello</strong></span> <span class='ocrx_word' id='word_1_383' title='bbox 1757 3732 1982 3787; x_wconf 89' lang='lat' dir='ltr'><strong>Persico</strong></span> 
     </span>
    </p>
   </div>
   <div class='ocr_carea' id='block_1_56' title="bbox 399 3822 1983 3893">
    <p class='ocr_par' dir='ltr' id='par_1_56' title="bbox 399 3822 1983 3893">
     <span class='ocr_line' id='line_1_56' title="bbox 399 3822 1983 3893; baseline 0.001 -16"><span class='ocrx_word' id='word_1_384' title='bbox 399 3822 706 3889; x_wconf 86' lang='lat' dir='ltr'><strong>accideret,</strong></span> <span class='ocrx_word' id='word_1_385' title='bbox 755 3832 968 3893; x_wconf 90' lang='lat' dir='ltr'><strong>partem</strong></span> <span class='ocrx_word' id='word_1_386' title='bbox 1026 3822 1339 3878; x_wconf 58' lang='lat' dir='ltr'><strong>JEtolorum</strong></span> <span class='ocrx_word' id='word_1_387' title='bbox 1389 3824 1446 3878; x_wconf 91' lang='lat' dir='ltr'><strong>in</strong></span> <span class='ocrx_word' id='word_1_388' title='bbox 1493 3825 1764 3878; x_wconf 91' lang='lat' dir='ltr'><strong>montium</strong></span> <span class='ocrx_word' id='word_1_389' title='bbox 1819 3839 1983 3879; x_wconf 83' lang='lat' dir='ltr'><strong>cacu-</strong></span> 
     </span>
    </p>
   </div>
   <div class='ocr_carea' id='block_1_57' title="bbox 401 3914 1986 3986">
    <p class='ocr_par' dir='ltr' id='par_1_57' title="bbox 401 3914 1986 3986">
     <span class='ocr_line' id='line_1_57' title="bbox 401 3914 1986 3986; baseline 0.001 -17"><span class='ocrx_word' id='word_1_390' title='bbox 401 3917 551 3969; x_wconf 85' lang='lat' dir='ltr'><strong>mina</strong></span> <span class='ocrx_word' id='word_1_391' title='bbox 578 3915 820 3985; x_wconf 69' lang='lat' dir='ltr'><strong>pmesidii</strong></span> <span class='ocrx_word' id='word_1_392' title='bbox 853 3931 1020 3972; x_wconf 89' lang='lat' dir='ltr'><strong>causa</strong></span> <span class='ocrx_word' id='word_1_393' title='bbox 1051 3917 1220 3971; x_wconf 91' lang='lat' dir='ltr'><strong>misit.</strong></span> <span class='ocrx_word' id='word_1_394' title='bbox 1259 3914 1367 3971; x_wconf 87' lang='lat' dir='ltr'><strong>Sed</strong></span> <span class='ocrx_word' id='word_1_395' title='bbox 1396 3915 1621 3971; x_wconf 81' lang='lat' dir='ltr'><strong>Glabrio</strong></span> <span class='ocrx_word' id='word_1_396' title='bbox 1653 3915 1986 3986; x_wconf 89' lang='lat' dir='ltr'><strong>contemptis</strong></span> 
     </span>
    </p>
   </div>
   <div class='ocr_carea' id='block_1_58' title="bbox 401 4002 1985 4079">
    <p class='ocr_par' dir='ltr' id='par_1_58' title="bbox 401 4002 1985 4079">
     <span class='ocr_line' id='line_1_58' title="bbox 401 4002 1985 4079; baseline -0.002 -16"><span class='ocrx_word' id='word_1_397' title='bbox 401 4002 651 4063; x_wconf 89' lang='lat' dir='ltr'><strong>locorum</strong></span> <span class='ocrx_word' id='word_1_398' title='bbox 683 4008 976 4078; x_wconf 85' lang='lat' dir='ltr'><strong>angustiis,</strong></span> <span class='ocrx_word' id='word_1_399' title='bbox 1013 4023 1312 4079; x_wconf 83' lang='lat' dir='ltr'><strong>pugnaque</strong></span> <span class='ocrx_word' id='word_1_400' title='bbox 1344 4023 1456 4063; x_wconf 89' lang='lat' dir='ltr'><strong>non</strong></span> <span class='ocrx_word' id='word_1_401' title='bbox 1486 4008 1681 4073; x_wconf 88' lang='lat' dir='ltr'><strong>dilata,</strong></span> <span class='ocrx_word' id='word_1_402' title='bbox 1729 4009 1985 4063; x_wconf 78' lang='lat' dir='ltr'><strong>Porcium</strong></span> 
     </span>
    </p>
   </div>
   <div class='ocr_carea' id='block_1_59' title="bbox 401 4099 1986 4172">
    <p class='ocr_par' dir='ltr' id='par_1_59' title="bbox 401 4099 1986 4172">
     <span class='ocr_line' id='line_1_59' title="bbox 401 4099 1986 4172; baseline 0.001 -16"><span class='ocrx_word' id='word_1_403' title='bbox 401 4104 667 4156; x_wconf 81' lang='lat' dir='ltr'><strong>Catonem</strong></span> <span class='ocrx_word' id='word_1_404' title='bbox 696 4111 754 4157; x_wconf 91' lang='lat' dir='ltr'><strong>et</strong></span> <span class='ocrx_word' id='word_1_405' title='bbox 782 4101 1058 4157; x_wconf 87' lang='lat' dir='ltr'><strong>Valerium</strong></span> <span class='ocrx_word' id='word_1_406' title='bbox 1093 4099 1351 4156; x_wconf 84' lang='lat' dir='ltr'><strong>Flaccum</strong></span> <span class='ocrx_word' id='word_1_407' title='bbox 1382 4103 1595 4172; x_wconf 79' lang='lat' dir='ltr'><strong>legatos</strong></span> <span class='ocrx_word' id='word_1_408' title='bbox 1638 4112 1808 4157; x_wconf 92' lang='lat' dir='ltr'><strong>noctu</strong></span> <span class='ocrx_word' id='word_1_409' title='bbox 1845 4117 1986 4157; x_wconf 91' lang='lat' dir='ltr'><strong>con-</strong></span> 
     </span>
    </p>
   </div>
   <div class='ocr_carea' id='block_1_60' title="bbox 407 4195 1990 4266">
    <p class='ocr_par' dir='ltr' id='par_1_60' title="bbox 407 4195 1990 4266">
     <span class='ocr_line' id='line_1_60' title="bbox 407 4195 1990 4266; baseline 0.002 -18"><span class='ocrx_word' id='word_1_410' title='bbox 407 4205 489 4248; x_wconf 74' lang='lat' dir='ltr'><strong>tra</strong></span> <span class='ocrx_word' id='word_1_411' title='bbox 515 4195 728 4251; x_wconf 56' lang='lat' dir='ltr'><strong>IEtnlos</strong></span> <span class='ocrx_word' id='word_1_412' title='bbox 786 4196 840 4249; x_wconf 91' lang='lat' dir='ltr'><strong>in</strong></span> <span class='ocrx_word' id='word_1_413' title='bbox 871 4196 1143 4251; x_wconf 88' lang='lat' dir='ltr'><strong>montium</strong></span> <span class='ocrx_word' id='word_1_414' title='bbox 1174 4196 1461 4251; x_wconf 89' lang='lat' dir='ltr'><strong>cacumina</strong></span> <span class='ocrx_word' id='word_1_415' title='bbox 1490 4196 1643 4252; x_wconf 88' lang='lat' dir='ltr'><strong>misit</strong></span> <span class='ocrx_word' id='word_1_416' title='bbox 1670 4214 1683 4251; x_wconf 89' lang='lat'><strong>:</strong></span> <span class='ocrx_word' id='word_1_417' title='bbox 1715 4198 1835 4266; x_wconf 88' lang='lat' dir='ltr'><strong>ipse</strong></span> <span class='ocrx_word' id='word_1_418' title='bbox 1863 4211 1990 4252; x_wconf 89' lang='lat' dir='ltr'><strong>cum</strong></span> 
     </span>
    </p>
   </div>
   <div class='ocr_carea' id='block_1_61' title="bbox 403 4289 1991 4361">
    <p class='ocr_par' dir='ltr' id='par_1_61' title="bbox 403 4289 1991 4361">
     <span class='ocr_line' id='line_1_61' title="bbox 403 4289 1991 4361; baseline 0.001 -18"><span class='ocrx_word' id='word_1_419' title='bbox 403 4289 681 4344; x_wconf 83' lang='lat' dir='ltr'><strong>Antiocho</strong></span> <span class='ocrx_word' id='word_1_420' title='bbox 723 4305 883 4344; x_wconf 87' lang='lat' dir='ltr'><strong>mane</strong></span> <span class='ocrx_word' id='word_1_421' title='bbox 923 4304 1276 4361; x_wconf 85' lang='lat' dir='ltr'><strong>congressus,</strong></span> <span class='ocrx_word' id='word_1_422' title='bbox 1328 4289 1461 4345; x_wconf 87' lang='lat' dir='ltr'><strong>dum</strong></span> <span class='ocrx_word' id='word_1_423' title='bbox 1505 4291 1559 4345; x_wconf 93' lang='lat' dir='ltr'><strong>in</strong></span> <span class='ocrx_word' id='word_1_424' title='bbox 1600 4289 1834 4361; x_wconf 89' lang='lat' dir='ltr'><strong>planitie</strong></span> <span class='ocrx_word' id='word_1_425' title='bbox 1888 4305 1991 4360; x_wconf 86' lang='lat' dir='ltr'><strong>pu-</strong></span> 
     </span>
    </p>
   </div>
   <div class='ocr_carea' id='block_1_62' title="bbox 409 4381 1991 4453">
    <p class='ocr_par' dir='ltr' id='par_1_62' title="bbox 409 4381 1991 4453">
     <span class='ocr_line' id='line_1_62' title="bbox 409 4381 1991 4453; baseline 0.004 -23"><span class='ocrx_word' id='word_1_426' title='bbox 409 4390 633 4449; x_wconf 82' lang='lat' dir='ltr'><strong>gnatur,</strong></span> <span class='ocrx_word' id='word_1_427' title='bbox 687 4383 961 4453; x_wconf 87' lang='lat' dir='ltr'><strong>superior,</strong></span> <span class='ocrx_word' id='word_1_428' title='bbox 990 4382 1241 4439; x_wconf 82' lang='lat' dir='ltr'><strong>exercitu</strong></span> <span class='ocrx_word' id='word_1_429' title='bbox 1272 4383 1342 4437; x_wconf 91' lang='lat' dir='ltr'><strong>ab</strong></span> <span class='ocrx_word' id='word_1_430' title='bbox 1381 4383 1659 4439; x_wconf 87' lang='lat' dir='ltr'><strong>Antiocho</strong></span> <span class='ocrx_word' id='word_1_431' title='bbox 1692 4381 1760 4437; x_wconf 92' lang='lat' dir='ltr'><strong>ad</strong></span> <span class='ocrx_word' id='word_1_432' title='bbox 1794 4382 1991 4438; x_wconf 87' lang='lat' dir='ltr'><strong>altiora</strong></span> 
     </span>
    </p>
   </div>
   <div class='ocr_carea' id='block_1_63' title="bbox 407 4472 1991 4539">
    <p class='ocr_par' dir='ltr' id='par_1_63' title="bbox 407 4472 1991 4539">
     <span class='ocr_line' id='line_1_63' title="bbox 407 4472 1991 4539; baseline 0.003 -14"><span class='ocrx_word' id='word_1_433' title='bbox 407 4472 542 4526; x_wconf 83' lang='lat' dir='ltr'><strong>loca</strong></span> <span class='ocrx_word' id='word_1_434' title='bbox 577 4474 874 4539; x_wconf 86' lang='lat' dir='ltr'><strong>subducto,</strong></span> <span class='ocrx_word' id='word_1_435' title='bbox 916 4474 1149 4530; x_wconf 79' lang='lat' dir='ltr'><strong>inferior</strong></span> <span class='ocrx_word' id='word_1_436' title='bbox 1191 4474 1315 4539; x_wconf 83' lang='lat' dir='ltr'><strong>fuit,</strong></span> <span class='ocrx_word' id='word_1_437' title='bbox 1359 4475 1541 4530; x_wconf 91' lang='lat' dir='ltr'><strong>donec</strong></span> <span class='ocrx_word' id='word_1_438' title='bbox 1601 4473 1738 4531; x_wconf 91' lang='lat' dir='ltr'><strong>Cato</strong></span> <span class='ocrx_word' id='word_1_439' title='bbox 1802 4474 1991 4530; x_wconf 89' lang='lat' dir='ltr'><strong>hostes</strong></span> 
     </span>
    </p>
   </div>
   <div class='ocr_carea' id='block_1_64' title="bbox 2071 1994 3661 2067">
    <p class='ocr_par' dir='ltr' id='par_1_64' title="bbox 2071 1994 3661 2067">
     <span class='ocr_line' id='line_1_64' title="bbox 2071 1994 3661 2067; baseline -0.003 -16"><span class='ocrx_word' id='word_1_440' title='bbox 2071 1998 2127 2051; x_wconf 76' lang='grc' dir='ltr'><em>δέ</em></span> <span class='ocrx_word' id='word_1_441' title='bbox 2152 2014 2217 2067; x_wconf 90' lang='grc' dir='ltr'><strong>γε</strong></span> <span class='ocrx_word' id='word_1_442' title='bbox 2247 1998 2340 2051; x_wconf 73' lang='grc' dir='ltr'>καὶ</span> <span class='ocrx_word' id='word_1_443' title='bbox 2369 1998 2604 2058; x_wconf 77' lang='grc' dir='ltr'>ἄκοντας</span> <span class='ocrx_word' id='word_1_444' title='bbox 2624 2015 2639 2029; x_wconf 75' lang='grc' dir='ltr'><strong>ο</strong></span> <span class='ocrx_word' id='word_1_445' title='bbox 2665 1999 2761 2052; x_wconf 72' lang='grc' dir='ltr'>καὶ</span> <span class='ocrx_word' id='word_1_446' title='bbox 2784 1996 2813 2049; x_wconf 91' lang='lat'><strong>6</strong></span> <span class='ocrx_word' id='word_1_447' title='bbox 2842 1997 3139 2065; x_wconf 82' lang='grc' dir='ltr'>Ἀντίοχος,</span> <span class='ocrx_word' id='word_1_448' title='bbox 3167 1994 3350 2048; x_wconf 90' lang='grc' dir='ltr'>καίτοι</span> <span class='ocrx_word' id='word_1_449' title='bbox 3388 1994 3661 2066; x_wconf 87' lang='grc' dir='ltr'>χειμῶνος</span> 
     </span>
    </p>
   </div>
   <div class='ocr_carea' id='block_1_65' title="bbox 2072 2088 3657 2161">
    <p class='ocr_par' dir='ltr' id='par_1_65' title="bbox 2072 2088 3657 2161">
     <span class='ocr_line' id='line_1_65' title="bbox 2072 2088 3657 2161; baseline -0.003 -15"><span class='ocrx_word' id='word_1_450' title='bbox 2072 2093 2245 2158; x_wconf 75' lang='grc' dir='ltr'>ὄντος,</span> <span class='ocrx_word' id='word_1_451' title='bbox 2266 2092 2414 2161; x_wconf 80' lang='grc' dir='ltr'>ὅμως</span> <span class='ocrx_word' id='word_1_452' title='bbox 2438 2092 2576 2161; x_wconf 77' lang='grc' dir='ltr'>πρὸς</span> <span class='ocrx_word' id='word_1_453' title='bbox 2597 2090 2699 2154; x_wconf 81' lang='grc' dir='ltr'><strong>τὰς</strong></span> <span class='ocrx_word' id='word_1_454' title='bbox 2727 2090 2835 2144; x_wconf 84' lang='grc' dir='ltr'><strong>τῶν</strong></span> <span class='ocrx_word' id='word_1_455' title='bbox 2856 2089 3116 2143; x_wconf 78' lang='grc' dir='ltr'>Αἰτωλῶν</span> <span class='ocrx_word' id='word_1_456' title='bbox 3145 2089 3366 2152; x_wconf 79' lang='grc' dir='ltr'>ἐλπίδας</span> <span class='ocrx_word' id='word_1_457' title='bbox 3397 2088 3657 2142; x_wconf 77' lang='grc' dir='ltr'>ἔσπευσε.</span> 
     </span>
    </p>
   </div>
   <div class='ocr_carea' id='block_1_66' title="bbox 2075 2180 3661 2255">
    <p class='ocr_par' dir='ltr' id='par_1_66' title="bbox 2075 2180 3661 2255">
     <span class='ocr_line' id='line_1_66' title="bbox 2075 2180 3661 2255; baseline -0.003 -18"><span class='ocrx_word' id='word_1_458' title='bbox 2075 2186 2166 2239; x_wconf 86' lang='grc' dir='ltr'><strong>Διὸ</strong></span> <span class='ocrx_word' id='word_1_459' title='bbox 2210 2185 2332 2240; x_wconf 75' lang='grc' dir='ltr'>οὐδὲ</span> <span class='ocrx_word' id='word_1_460' title='bbox 2387 2185 2684 2255; x_wconf 77' lang='grc' dir='ltr'>ἀξιόμαχον</span> <span class='ocrx_word' id='word_1_461' title='bbox 2731 2185 2972 2253; x_wconf 78' lang='grc' dir='ltr'><strong>ἐπήγετο</strong></span> <span class='ocrx_word' id='word_1_462' title='bbox 3023 2182 3277 2254; x_wconf 85' lang='grc' dir='ltr'>δύναμιν,</span> <span class='ocrx_word' id='word_1_463' title='bbox 3314 2183 3414 2251; x_wconf 82' lang='grc' dir='ltr'>τὴν</span> <span class='ocrx_word' id='word_1_464' title='bbox 3472 2180 3661 2251; x_wconf 81' lang='grc' dir='ltr'>μέντοι</span> 
     </span>
    </p>
   </div>
   <div class='ocr_carea' id='block_1_67' title="bbox 2075 2271 3662 2345">
    <p class='ocr_par' dir='ltr' id='par_1_67' title="bbox 2075 2271 3662 2345">
     <span class='ocr_line' id='line_1_67' title="bbox 2075 2271 3662 2345; baseline -0.005 -15"><span class='ocrx_word' id='word_1_465' title='bbox 2075 2277 2322 2331; x_wconf 77' lang='grc' dir='ltr'>Χαλκίδα</span> <span class='ocrx_word' id='word_1_466' title='bbox 2355 2276 2472 2345; x_wconf 78' lang='grc' dir='ltr'>μετ’</span> <span class='ocrx_word' id='word_1_467' title='bbox 2504 2274 2687 2330; x_wconf 81' lang='grc' dir='ltr'>αὐτῶν</span> <span class='ocrx_word' id='word_1_468' title='bbox 2708 2274 2893 2341; x_wconf 73' lang='grc' dir='ltr'>ἔλαϐε,</span> <span class='ocrx_word' id='word_1_469' title='bbox 2945 2276 3046 2345; x_wconf 85' lang='grc' dir='ltr'>τήν</span> <span class='ocrx_word' id='word_1_470' title='bbox 3102 2291 3160 2329; x_wconf 86' lang='grc' dir='ltr'><strong>τε</strong></span> <span class='ocrx_word' id='word_1_471' title='bbox 3200 2273 3371 2344; x_wconf 82' lang='grc' dir='ltr'>άλλην</span> <span class='ocrx_word' id='word_1_472' title='bbox 3428 2271 3662 2327; x_wconf 74' lang='grc' dir='ltr'>Εὔϐοιαν</span> 
     </span>
    </p>
   </div>
   <div class='ocr_carea' id='block_1_68' title="bbox 2077 2363 3665 2440">
    <p class='ocr_par' dir='ltr' id='par_1_68' title="bbox 2077 2363 3665 2440">
     <span class='ocr_line' id='line_1_68' title="bbox 2077 2363 3665 2440; baseline -0.004 -18"><span class='ocrx_word' id='word_1_473' title='bbox 2077 2370 2522 2440; x_wconf 72' lang='grc' dir='ltr'>προσεποιήσατο</span> <span class='ocrx_word' id='word_1_474' title='bbox 2543 2386 2557 2401; x_wconf 89' lang='grc'><strong>·</strong></span> <span class='ocrx_word' id='word_1_475' title='bbox 2584 2368 2680 2422; x_wconf 77' lang='grc' dir='ltr'>καὶ</span> <span class='ocrx_word' id='word_1_476' title='bbox 2714 2369 2774 2422; x_wconf 86' lang='grc' dir='ltr'><strong>ἐν</strong></span> <span class='ocrx_word' id='word_1_477' title='bbox 2795 2370 2907 2430; x_wconf 82' lang='grc' dir='ltr'>τοῖς</span> <span class='ocrx_word' id='word_1_478' title='bbox 2927 2366 3303 2438; x_wconf 73' lang='grc' dir='ltr'>αἰχμαλώτοις</span> <span class='ocrx_word' id='word_1_479' title='bbox 3354 2363 3665 2435; x_wconf 80' lang='grc' dir='ltr'>Ῥωμαίους</span> 
     </span>
    </p>
   </div>
   <div class='ocr_carea' id='block_1_69' title="bbox 2077 2458 3665 2531">
    <p class='ocr_par' dir='ltr' id='par_1_69' title="bbox 2077 2458 3665 2531">
     <span class='ocr_line' id='line_1_69' title="bbox 2077 2458 3665 2531; baseline -0.001 -18"><span class='ocrx_word' id='word_1_480' title='bbox 2077 2461 2229 2522; x_wconf 76' lang='grc' dir='ltr'>τινὰς</span> <span class='ocrx_word' id='word_1_481' title='bbox 2254 2459 2453 2531; x_wconf 79' lang='grc' dir='ltr'>εὑρὼν,</span> <span class='ocrx_word' id='word_1_482' title='bbox 2492 2460 2704 2525; x_wconf 82' lang='grc' dir='ltr'>πάντας</span> <span class='ocrx_word' id='word_1_483' title='bbox 2724 2461 2924 2523; x_wconf 70' lang='grc' dir='ltr'>αὐτοὺς</span> <span class='ocrx_word' id='word_1_484' title='bbox 2947 2460 3129 2529; x_wconf 83' lang='grc' dir='ltr'>ἀφῆκε</span> <span class='ocrx_word' id='word_1_485' title='bbox 3150 2476 3164 2491; x_wconf 76' lang='grc' dir='ltr'><strong>ο</strong></span> <span class='ocrx_word' id='word_1_486' title='bbox 3199 2460 3293 2513; x_wconf 76' lang='grc' dir='ltr'>καὶ</span> <span class='ocrx_word' id='word_1_487' title='bbox 3319 2460 3376 2523; x_wconf 86' lang='grc' dir='ltr'><strong>ἐς</strong></span> <span class='ocrx_word' id='word_1_488' title='bbox 3401 2459 3498 2529; x_wconf 83' lang='grc' dir='ltr'>τὴν</span> <span class='ocrx_word' id='word_1_489' title='bbox 3514 2458 3665 2511; x_wconf 84' lang='grc' dir='ltr'>Χαλ-</span> 
     </span>
    </p>
   </div>
   <div class='ocr_carea' id='block_1_70' title="bbox 2078 2549 3661 2624">
    <p class='ocr_par' dir='ltr' id='par_1_70' title="bbox 2078 2549 3661 2624">
     <span class='ocr_line' id='line_1_70' title="bbox 2078 2549 3661 2624; baseline -0.003 -16"><span class='ocrx_word' id='word_1_490' title='bbox 2078 2554 2201 2608; x_wconf 84' lang='grc' dir='ltr'>κίδα</span> <span class='ocrx_word' id='word_1_491' title='bbox 2232 2554 2599 2624; x_wconf 78' lang='grc' dir='ltr'>διεχείμασεν,</span> <span class='ocrx_word' id='word_1_492' title='bbox 2634 2553 2758 2607; x_wconf 82' lang='grc' dir='ltr'>ὃθεν</span> <span class='ocrx_word' id='word_1_493' title='bbox 2789 2553 2953 2617; x_wconf 85' lang='grc' dir='ltr'>αὐτός</span> <span class='ocrx_word' id='word_1_494' title='bbox 3008 2570 3070 2606; x_wconf 83' lang='grc' dir='ltr'><strong>τε</strong></span> <span class='ocrx_word' id='word_1_495' title='bbox 3124 2552 3222 2606; x_wconf 73' lang='grc' dir='ltr'>καὶ</span> <span class='ocrx_word' id='word_1_496' title='bbox 3250 2552 3299 2605; x_wconf 80' lang='lat' dir='ltr'><strong>oi</strong></span> <span class='ocrx_word' id='word_1_497' title='bbox 3338 2549 3661 2621; x_wconf 74' lang='grc' dir='ltr'>στρατηγοὶ,</span> 
     </span>
    </p>
   </div>
   <div class='ocr_carea' id='block_1_71' title="bbox 2078 2641 3666 2718">
    <p class='ocr_par' dir='ltr' id='par_1_71' title="bbox 2078 2641 3666 2718">
     <span class='ocr_line' id='line_1_71' title="bbox 2078 2641 3666 2718; baseline -0.001 -19"><span class='ocrx_word' id='word_1_498' title='bbox 2078 2645 2132 2699; x_wconf 77' lang='grc' dir='ltr'>οῖ</span> <span class='ocrx_word' id='word_1_499' title='bbox 2163 2664 2223 2701; x_wconf 88' lang='grc' dir='ltr'><strong>τε</strong></span> <span class='ocrx_word' id='word_1_500' title='bbox 2260 2647 2597 2718; x_wconf 87' lang='grc' dir='ltr'>στρατιῶται</span> <span class='ocrx_word' id='word_1_501' title='bbox 2624 2645 2790 2699; x_wconf 81' lang='grc' dir='ltr'>αὐτοῦ</span> <span class='ocrx_word' id='word_1_502' title='bbox 2835 2645 2936 2709; x_wconf 71' lang='grc' dir='ltr'><strong>τὰς</strong></span> <span class='ocrx_word' id='word_1_503' title='bbox 2963 2643 3194 2715; x_wconf 83' lang='grc' dir='ltr'>γνώμας</span> <span class='ocrx_word' id='word_1_504' title='bbox 3247 2641 3666 2716; x_wconf 83' lang='grc' dir='ltr'>προδιεφθάρη-</span> 
     </span>
    </p>
   </div>
   <div class='ocr_carea' id='block_1_72' title="bbox 2081 2733 3667 2811">
    <p class='ocr_par' dir='ltr' id='par_1_72' title="bbox 2081 2733 3667 2811">
     <span class='ocr_line' id='line_1_72' title="bbox 2081 2733 3667 2811; baseline -0.005 -18"><span class='ocrx_word' id='word_1_505' title='bbox 2081 2755 2204 2795; x_wconf 89' lang='grc' dir='ltr'>σαν.</span> <span class='ocrx_word' id='word_1_506' title='bbox 2256 2740 2336 2811; x_wconf 77' lang='grc' dir='ltr'><strong>Τῇ</strong></span> <span class='ocrx_word' id='word_1_507' title='bbox 2366 2755 2426 2792; x_wconf 89' lang='grc' dir='ltr'><strong>τε</strong></span> <span class='ocrx_word' id='word_1_508' title='bbox 2463 2738 2572 2809; x_wconf 80' lang='grc' dir='ltr'><strong>γὰρ</strong></span> <span class='ocrx_word' id='word_1_509' title='bbox 2602 2737 2740 2811; x_wconf 83' lang='grc' dir='ltr'>άλλῃ</span> <span class='ocrx_word' id='word_1_510' title='bbox 2775 2735 3054 2810; x_wconf 76' lang='grc' dir='ltr'>ῥαστώνῃ,</span> <span class='ocrx_word' id='word_1_511' title='bbox 3115 2735 3213 2790; x_wconf 77' lang='grc' dir='ltr'>καὶ</span> <span class='ocrx_word' id='word_1_512' title='bbox 3273 2734 3436 2805; x_wconf 78' lang='grc' dir='ltr'>ἔρωτι</span> <span class='ocrx_word' id='word_1_513' title='bbox 3489 2733 3667 2803; x_wconf 81' lang='grc' dir='ltr'>κόρης</span> 
     </span>
    </p>
   </div>
   <div class='ocr_carea' id='block_1_73' title="bbox 2080 2822 3667 2899">
    <p class='ocr_par' dir='ltr' id='par_1_73' title="bbox 2080 2822 3667 2899">
     <span class='ocr_line' id='line_1_73' title="bbox 2080 2822 3667 2899; baseline -0.008 -15"><span class='ocrx_word' id='word_1_514' title='bbox 2080 2829 2247 2896; x_wconf 79' lang='grc' dir='ltr'>τινὸς,</span> <span class='ocrx_word' id='word_1_515' title='bbox 2276 2831 2330 2893; x_wconf 75' lang='grc' dir='ltr'><strong>ἐς</strong></span> <span class='ocrx_word' id='word_1_516' title='bbox 2362 2829 2424 2883; x_wconf 88' lang='grc' dir='ltr'><strong>τδ</strong></span> <span class='ocrx_word' id='word_1_517' title='bbox 2454 2829 2800 2899; x_wconf 80' lang='grc' dir='ltr'>ἁϐροδίαιτον</span> <span class='ocrx_word' id='word_1_518' title='bbox 2832 2825 3110 2892; x_wconf 80' lang='grc' dir='ltr'>ἐξώκειλε,</span> <span class='ocrx_word' id='word_1_519' title='bbox 3169 2824 3261 2879; x_wconf 73' lang='grc' dir='ltr'>καὶ</span> <span class='ocrx_word' id='word_1_520' title='bbox 3305 2824 3433 2887; x_wconf 84' lang='grc' dir='ltr'>τοὺς</span> <span class='ocrx_word' id='word_1_521' title='bbox 3464 2822 3667 2886; x_wconf 77' lang='grc' dir='ltr'>ἄλλους</span> 
     </span>
    </p>
   </div>
   <div class='ocr_carea' id='block_1_74' title="bbox 2083 2913 3667 2991">
    <p class='ocr_par' dir='ltr' id='par_1_74' title="bbox 2083 2913 3667 2991">
     <span class='ocr_line' id='line_1_74' title="bbox 2083 2913 3667 2991; baseline -0.007 -14"><span class='ocrx_word' id='word_1_522' title='bbox 2083 2920 2393 2991; x_wconf 82' lang='grc' dir='ltr'>ἀπολέμους</span> <span class='ocrx_word' id='word_1_523' title='bbox 2444 2921 2721 2990; x_wconf 87' lang='grc' dir='ltr'>ἐποίησεν.</span> <span class='ocrx_word' id='word_1_524' title='bbox 2784 2920 2850 2973; x_wconf 85' lang='grc' dir='ltr'>Οί</span> <span class='ocrx_word' id='word_1_525' title='bbox 2881 2920 2925 2972; x_wconf 86' lang='grc' dir='ltr'>δ’</span> <span class='ocrx_word' id='word_1_526' title='bbox 2957 2920 3014 2972; x_wconf 87' lang='grc' dir='ltr'><strong>ἐν</strong></span> <span class='ocrx_word' id='word_1_527' title='bbox 3066 2919 3132 2988; x_wconf 75' lang='grc' dir='ltr'><strong>τῇ</strong></span> <span class='ocrx_word' id='word_1_528' title='bbox 3172 2915 3357 2985; x_wconf 76' lang='grc' dir='ltr'>Ῥώμῃ</span> <span class='ocrx_word' id='word_1_529' title='bbox 3396 2913 3667 2984; x_wconf 75' lang='grc' dir='ltr'>μαθόντες</span> 
     </span>
    </p>
   </div>
   <div class='ocr_carea' id='block_1_75' title="bbox 2082 3006 3672 3083">
    <p class='ocr_par' dir='ltr' id='par_1_75' title="bbox 2082 3006 3672 3083">
     <span class='ocr_line' id='line_1_75' title="bbox 2082 3006 3672 3083; baseline -0.006 -17"><span class='ocrx_word' id='word_1_530' title='bbox 2082 3011 2249 3066; x_wconf 72' lang='grc' dir='ltr'>αὐτὸν</span> <span class='ocrx_word' id='word_1_531' title='bbox 2273 3015 2331 3076; x_wconf 80' lang='grc' dir='ltr'><strong>ἐς</strong></span> <span class='ocrx_word' id='word_1_532' title='bbox 2354 3011 2451 3083; x_wconf 81' lang='grc' dir='ltr'>τὴν</span> <span class='ocrx_word' id='word_1_533' title='bbox 2483 3011 2712 3065; x_wconf 84' lang='grc' dir='ltr'>Ἐλλάδα</span> <span class='ocrx_word' id='word_1_534' title='bbox 2745 3012 3014 3082; x_wconf 85' lang='grc' dir='ltr'>παρόντα.</span> <span class='ocrx_word' id='word_1_535' title='bbox 3044 3009 3142 3077; x_wconf 80' lang='grc' dir='ltr'>τὴν</span> <span class='ocrx_word' id='word_1_536' title='bbox 3170 3006 3414 3061; x_wconf 82' lang='grc' dir='ltr'>Χαλκίδα</span> <span class='ocrx_word' id='word_1_537' title='bbox 3444 3022 3501 3058; x_wconf 85' lang='grc' dir='ltr'><strong>τε</strong></span> <span class='ocrx_word' id='word_1_538' title='bbox 3528 3006 3672 3077; x_wconf 73' lang='grc' dir='ltr'>ᾑρη-</span> 
     </span>
    </p>
   </div>
   <div class='ocr_carea' id='block_1_76' title="bbox 2084 3096 3675 3175">
    <p class='ocr_par' dir='ltr' id='par_1_76' title="bbox 2084 3096 3675 3175">
     <span class='ocr_line' id='line_1_76' title="bbox 2084 3096 3675 3175; baseline -0.005 -17"><span class='ocrx_word' id='word_1_539' title='bbox 2084 3106 2235 3158; x_wconf 64' lang='grc' dir='ltr'>κᾶτα.</span> <span class='ocrx_word' id='word_1_540' title='bbox 2259 3106 2351 3157; x_wconf 73' lang='grc' dir='ltr'><strong>τὸν</strong></span> <span class='ocrx_word' id='word_1_541' title='bbox 2383 3104 2621 3175; x_wconf 88' lang='grc' dir='ltr'>πόλεμον</span> <span class='ocrx_word' id='word_1_542' title='bbox 2649 3103 2903 3175; x_wconf 81' lang='grc' dir='ltr'>φανερῶς</span> <span class='ocrx_word' id='word_1_543' title='bbox 2935 3102 3211 3155; x_wconf 85' lang='grc' dir='ltr'>ἀνείλοντο</span> <span class='ocrx_word' id='word_1_544' title='bbox 3234 3117 3246 3130; x_wconf 90' lang='grc'><strong>·</strong></span> <span class='ocrx_word' id='word_1_545' title='bbox 3270 3101 3369 3153; x_wconf 77' lang='grc' dir='ltr'>καὶ</span> <span class='ocrx_word' id='word_1_546' title='bbox 3394 3097 3504 3151; x_wconf 90' lang='grc' dir='ltr'><strong>τῶν</strong></span> <span class='ocrx_word' id='word_1_547' title='bbox 3527 3096 3675 3151; x_wconf 79' lang='grc' dir='ltr'>ὑπά-</span> 
     </span>
    </p>
   </div>
   <div class='ocr_carea' id='block_1_77' title="bbox 2084 3190 3673 3266">
    <p class='ocr_par' dir='ltr' id='par_1_77' title="bbox 2084 3190 3673 3266">
     <span class='ocr_line' id='line_1_77' title="bbox 2084 3190 3673 3266; baseline -0.004 -17"><span class='ocrx_word' id='word_1_548' title='bbox 2084 3215 2193 3249; x_wconf 84' lang='grc' dir='ltr'><strong>των</strong></span> <span class='ocrx_word' id='word_1_549' title='bbox 2237 3196 2519 3250; x_wconf 83' lang='grc' dir='ltr'>Σκιπίωνα</span> <span class='ocrx_word' id='word_1_550' title='bbox 2573 3196 2675 3266; x_wconf 75' lang='grc' dir='ltr'>μὲν</span> <span class='ocrx_word' id='word_1_551' title='bbox 2723 3196 2816 3250; x_wconf 68' lang='grc' dir='ltr'><strong>τὸν</strong></span> <span class='ocrx_word' id='word_1_552' title='bbox 2875 3195 3127 3250; x_wconf 79' lang='grc' dir='ltr'>Νασικᾶν</span> <span class='ocrx_word' id='word_1_553' title='bbox 3189 3194 3284 3247; x_wconf 75' lang='grc' dir='ltr'>ἐπὶ</span> <span class='ocrx_word' id='word_1_554' title='bbox 3318 3192 3533 3262; x_wconf 80' lang='grc' dir='ltr'>φυλακῇ</span> <span class='ocrx_word' id='word_1_555' title='bbox 3565 3190 3673 3260; x_wconf 78' lang='grc' dir='ltr'>τῆς</span> 
     </span>
    </p>
   </div>
   <div class='ocr_carea' id='block_1_78' title="bbox 2098 3282 3674 3359">
    <p class='ocr_par' dir='ltr' id='par_1_78' title="bbox 2098 3282 3674 3359">
     <span class='ocr_line' id='line_1_78' title="bbox 2098 3282 3674 3359; baseline -0.006 -16"><span class='ocrx_word' id='word_1_556' title='bbox 2098 3288 2327 3353; x_wconf 82' lang='grc' dir='ltr'>Ἰταλίας</span> <span class='ocrx_word' id='word_1_557' title='bbox 2347 3290 2634 3359; x_wconf 74' lang='grc' dir='ltr'>κατέσχον,</span> <span class='ocrx_word' id='word_1_558' title='bbox 2660 3289 2868 3342; x_wconf 78' lang='grc' dir='ltr'>Μάνιον</span> <span class='ocrx_word' id='word_1_559' title='bbox 2894 3286 2951 3341; x_wconf 80' lang='grc' dir='ltr'><strong>δέ</strong></span> <span class='ocrx_word' id='word_1_560' title='bbox 2983 3284 3303 3357; x_wconf 87' lang='grc' dir='ltr'>Γλαϐρίωνα</span> <span class='ocrx_word' id='word_1_561' title='bbox 3335 3282 3474 3353; x_wconf 82' lang='grc' dir='ltr'><strong>μετά</strong></span> <span class='ocrx_word' id='word_1_562' title='bbox 3502 3298 3674 3350; x_wconf 88' lang='grc' dir='ltr'>στρα-</span> 
     </span>
    </p>
   </div>
   <div class='ocr_carea' id='block_1_79' title="bbox 2086 3372 3673 3451">
    <p class='ocr_par' dir='ltr' id='par_1_79' title="bbox 2086 3372 3673 3451">
     <span class='ocr_line' id='line_1_79' title="bbox 2086 3372 3673 3451; baseline -0.004 -19"><span class='ocrx_word' id='word_1_563' title='bbox 2086 3380 2180 3433; x_wconf 82' lang='grc' dir='ltr'><strong>τοῦ</strong></span> <span class='ocrx_word' id='word_1_564' title='bbox 2204 3380 2399 3434; x_wconf 81' lang='grc' dir='ltr'>πολλοῦ</span> <span class='ocrx_word' id='word_1_565' title='bbox 2430 3382 2489 3444; x_wconf 89' lang='grc' dir='ltr'><strong>ἐς</strong></span> <span class='ocrx_word' id='word_1_566' title='bbox 2518 3382 2617 3451; x_wconf 79' lang='grc' dir='ltr'>τὴν</span> <span class='ocrx_word' id='word_1_567' title='bbox 2658 3378 2887 3435; x_wconf 80' lang='grc' dir='ltr'>Ἐλλάδα</span> <span class='ocrx_word' id='word_1_568' title='bbox 2919 3377 3273 3447; x_wconf 86' lang='grc' dir='ltr'>πεπόμφασι.</span> <span class='ocrx_word' id='word_1_569' title='bbox 3338 3373 3450 3428; x_wconf 78' lang='grc' dir='ltr'><strong>Καὶ</strong></span> <span class='ocrx_word' id='word_1_570' title='bbox 3491 3374 3520 3425; x_wconf 90' lang='lat'><strong>6</strong></span> <span class='ocrx_word' id='word_1_571' title='bbox 3567 3372 3673 3442; x_wconf 82' lang='grc' dir='ltr'>μὲν</span> 
     </span>
    </p>
   </div>
   <div class='ocr_carea' id='block_1_80' title="bbox 2087 3464 3672 3542">
    <p class='ocr_par' dir='ltr' id='par_1_80' title="bbox 2087 3464 3672 3542">
     <span class='ocr_line' id='line_1_80' title="bbox 2087 3464 3672 3542; baseline -0.007 -15"><span class='ocrx_word' id='word_1_572' title='bbox 2087 3474 2337 3538; x_wconf 82' lang='grc' dir='ltr'>Νασικᾶς</span> <span class='ocrx_word' id='word_1_573' title='bbox 2368 3475 2495 3537; x_wconf 70' lang='grc' dir='ltr'>τοὺς</span> <span class='ocrx_word' id='word_1_574' title='bbox 2522 3473 2778 3535; x_wconf 78' lang='grc' dir='ltr'>Βοουῒους</span> <span class='ocrx_word' id='word_1_575' title='bbox 2810 3468 3369 3542; x_wconf 89' lang='grc' dir='ltr'>προσεπολεμώσατο,</span> <span class='ocrx_word' id='word_1_576' title='bbox 3400 3467 3428 3519; x_wconf 91' lang='lat'><strong>6</strong></span> <span class='ocrx_word' id='word_1_577' title='bbox 3449 3465 3505 3519; x_wconf 86' lang='grc' dir='ltr'><strong>δέ</strong></span> <span class='ocrx_word' id='word_1_578' title='bbox 3530 3464 3672 3517; x_wconf 84' lang='grc' dir='ltr'>Γλα-</span> 
     </span>
    </p>
   </div>
   <div class='ocr_carea' id='block_1_81' title="bbox 2087 3563 3674 3642">
    <p class='ocr_par' dir='ltr' id='par_1_81' title="bbox 2087 3563 3674 3642">
     <span class='ocr_line' id='line_1_81' title="bbox 2087 3563 3674 3642; baseline -0.006 -18"><span class='ocrx_word' id='word_1_579' title='bbox 2087 3571 2259 3642; x_wconf 88' lang='grc' dir='ltr'>ϐρίων</span> <span class='ocrx_word' id='word_1_580' title='bbox 2290 3571 2384 3623; x_wconf 78' lang='grc' dir='ltr'>τὸν</span> <span class='ocrx_word' id='word_1_581' title='bbox 2411 3569 2686 3639; x_wconf 79' lang='grc' dir='ltr'>’Δντίοχον</span> <span class='ocrx_word' id='word_1_582' title='bbox 2732 3568 2798 3621; x_wconf 87' lang='grc' dir='ltr'><strong>ἐκ</strong></span> <span class='ocrx_word' id='word_1_583' title='bbox 2826 3567 2925 3637; x_wconf 84' lang='grc' dir='ltr'>τῆς</span> <span class='ocrx_word' id='word_1_584' title='bbox 2966 3566 3217 3630; x_wconf 78' lang='grc' dir='ltr'>Ἑλλάδος</span> <span class='ocrx_word' id='word_1_585' title='bbox 3270 3564 3524 3635; x_wconf 77' lang='grc' dir='ltr'>ἐξήλασε.</span> <span class='ocrx_word' id='word_1_586' title='bbox 3558 3563 3674 3615; x_wconf 71' lang='grc' dir='ltr'><strong>Καὶ</strong></span> 
     </span>
    </p>
   </div>
   <div class='ocr_carea' id='block_1_82' title="bbox 2087 3652 3674 3729">
    <p class='ocr_par' dir='ltr' id='par_1_82' title="bbox 2087 3652 3674 3729">
     <span class='ocr_line' id='line_1_82' title="bbox 2087 3652 3674 3729; baseline -0.008 -13"><span class='ocrx_word' id='word_1_587' title='bbox 2087 3664 2144 3724; x_wconf 82' lang='grc' dir='ltr'><strong>ἐς</strong></span> <span class='ocrx_word' id='word_1_588' title='bbox 2172 3662 2274 3729; x_wconf 83' lang='grc' dir='ltr'>τὴν</span> <span class='ocrx_word' id='word_1_589' title='bbox 2294 3660 2604 3719; x_wconf 79' lang='grc' dir='ltr'>.Θεσσαλίαν</span> <span class='ocrx_word' id='word_1_590' title='bbox 2632 3657 2803 3711; x_wconf 79' lang='grc' dir='ltr'>ἐλθὼν</span> <span class='ocrx_word' id='word_1_591' title='bbox 2831 3656 3003 3711; x_wconf 80' lang='grc' dir='ltr'>πολλὰ</span> <span class='ocrx_word' id='word_1_592' title='bbox 3058 3655 3168 3709; x_wconf 89' lang='grc' dir='ltr'><strong>τῶν</strong></span> <span class='ocrx_word' id='word_1_593' title='bbox 3205 3655 3381 3727; x_wconf 81' lang='grc' dir='ltr'>ταύτῃ</span> <span class='ocrx_word' id='word_1_594' title='bbox 3405 3654 3542 3724; x_wconf 79' lang='grc' dir='ltr'>μετά</span> <span class='ocrx_word' id='word_1_595' title='bbox 3574 3652 3674 3706; x_wconf 80' lang='grc' dir='ltr'>τοῦ</span> 
     </span>
    </p>
   </div>
   <div class='ocr_carea' id='block_1_83' title="bbox 2088 3744 3676 3819">
    <p class='ocr_par' dir='ltr' id='par_1_83' title="bbox 2088 3744 3676 3819">
     <span class='ocr_line' id='line_1_83' title="bbox 2088 3744 3676 3819; baseline -0.006 -13"><span class='ocrx_word' id='word_1_596' title='bbox 2088 3753 2314 3807; x_wconf 86' lang='grc' dir='ltr'>Βαιϐίου</span> <span class='ocrx_word' id='word_1_597' title='bbox 2340 3751 2552 3805; x_wconf 74' lang='grc' dir='ltr'>καὶτοῦ</span> <span class='ocrx_word' id='word_1_598' title='bbox 2582 3750 2853 3805; x_wconf 79' lang='grc' dir='ltr'>Φιλίππου</span> <span class='ocrx_word' id='word_1_599' title='bbox 2882 3749 3287 3819; x_wconf 82' lang='grc' dir='ltr'>παρεστήσατο.</span> <span class='ocrx_word' id='word_1_600' title='bbox 3326 3748 3431 3800; x_wconf 89' lang='grc' dir='ltr'>Τόν</span> <span class='ocrx_word' id='word_1_601' title='bbox 3454 3763 3513 3800; x_wconf 90' lang='grc' dir='ltr'><strong>τε</strong></span> <span class='ocrx_word' id='word_1_602' title='bbox 3561 3744 3676 3814; x_wconf 80' lang='grc' dir='ltr'>γὰρ</span> 
     </span>
    </p>
   </div>
   <div class='ocr_carea' id='block_1_84' title="bbox 2088 3835 3674 3912">
    <p class='ocr_par' dir='ltr' id='par_1_84' title="bbox 2088 3835 3674 3912">
     <span class='ocr_line' id='line_1_84' title="bbox 2088 3835 3674 3912; baseline -0.007 -14"><span class='ocrx_word' id='word_1_603' title='bbox 2088 3843 2544 3912; x_wconf 76' lang='grc' dir='ltr'>Μεγαλοπολίτην</span> <span class='ocrx_word' id='word_1_604' title='bbox 2582 3842 2849 3895; x_wconf 78' lang='grc' dir='ltr'>Φίλιππον</span> <span class='ocrx_word' id='word_1_605' title='bbox 2877 3838 3015 3892; x_wconf 87' lang='grc' dir='ltr'>ἐλὼν</span> <span class='ocrx_word' id='word_1_606' title='bbox 3044 3840 3125 3901; x_wconf 90' lang='grc' dir='ltr'>εἱς</span> <span class='ocrx_word' id='word_1_607' title='bbox 3165 3840 3266 3908; x_wconf 81' lang='grc' dir='ltr'>τὴν</span> <span class='ocrx_word' id='word_1_608' title='bbox 3309 3835 3529 3905; x_wconf 81' lang='grc' dir='ltr'>Ῥώμην</span> <span class='ocrx_word' id='word_1_609' title='bbox 3563 3836 3674 3887; x_wconf 87' lang='grc' dir='ltr'>ἀπ-</span> 
     </span>
    </p>
   </div>
   <div class='ocr_carea' id='block_1_85' title="bbox 2090 3926 3671 4005">
    <p class='ocr_par' dir='ltr' id='par_1_85' title="bbox 2090 3926 3671 4005">
     <span class='ocr_line' id='line_1_85' title="bbox 2090 3926 3671 4005; baseline -0.008 -14"><span class='ocrx_word' id='word_1_610' title='bbox 2090 3936 2299 3991; x_wconf 73' lang='grc' dir='ltr'>έστειλε</span> <span class='ocrx_word' id='word_1_611' title='bbox 2320 3952 2335 3967; x_wconf 77' lang='grc' dir='ltr'><strong>ο</strong></span> <span class='ocrx_word' id='word_1_612' title='bbox 2370 3936 2463 3988; x_wconf 74' lang='grc' dir='ltr'>καὶ</span> <span class='ocrx_word' id='word_1_613' title='bbox 2484 3933 2967 4005; x_wconf 75' lang='grc' dir='ltr'>τὺνἋμύνανδρον</span> <span class='ocrx_word' id='word_1_614' title='bbox 2996 3933 3062 3984; x_wconf 86' lang='grc' dir='ltr'><strong>ἐκ</strong></span> <span class='ocrx_word' id='word_1_615' title='bbox 3091 3931 3189 4000; x_wconf 82' lang='grc' dir='ltr'>τῆς</span> <span class='ocrx_word' id='word_1_616' title='bbox 3221 3929 3396 3999; x_wconf 80' lang='grc' dir='ltr'>ἀρχῆς</span> <span class='ocrx_word' id='word_1_617' title='bbox 3421 3926 3671 3980; x_wconf 77' lang='grc' dir='ltr'>ἐκϐαλὼν</span> 
     </span>
    </p>
   </div>
   <div class='ocr_carea' id='block_1_86' title="bbox 2090 4014 3677 4100">
    <p class='ocr_par' dir='ltr' id='par_1_86' title="bbox 2090 4014 3677 4100">
     <span class='ocr_line' id='line_1_86' title="bbox 2090 4014 3677 4100; baseline -0.01 -17"><span class='ocrx_word' id='word_1_618' title='bbox 2090 4028 2168 4100; x_wconf 82' lang='grc' dir='ltr'><strong>τῷ</strong></span> <span class='ocrx_word' id='word_1_619' title='bbox 2209 4026 2482 4082; x_wconf 82' lang='grc' dir='ltr'>Μακεδόνι</span> <span class='ocrx_word' id='word_1_620' title='bbox 2506 4025 2676 4097; x_wconf 78' lang='grc' dir='ltr'>αὐτὴν</span> <span class='ocrx_word' id='word_1_621' title='bbox 2705 4021 2927 4077; x_wconf 69' lang='grc' dir='ltr'>ἔδωκεν.</span> <span class='ocrx_word' id='word_1_622' title='bbox 2989 4022 3049 4076; x_wconf 87' lang='lat'><strong>&#39;0</strong></span> <span class='ocrx_word' id='word_1_623' title='bbox 3075 4021 3120 4074; x_wconf 77' lang='grc' dir='ltr'>δ’</span> <span class='ocrx_word' id='word_1_624' title='bbox 3154 4020 3428 4087; x_wconf 81' lang='grc' dir='ltr'>Ἀντίοχος</span> <span class='ocrx_word' id='word_1_625' title='bbox 3460 4019 3517 4069; x_wconf 87' lang='grc' dir='ltr'><strong>ἐν</strong></span> <span class='ocrx_word' id='word_1_626' title='bbox 3545 4014 3677 4068; x_wconf 75' lang='grc' dir='ltr'>τού-</span> 
     </span>
    </p>
   </div>
   <div class='ocr_carea' id='block_1_87' title="bbox 2089 4105 3673 4189">
    <p class='ocr_par' dir='ltr' id='par_1_87' title="bbox 2089 4105 3673 4189">
     <span class='ocr_line' id='line_1_87' title="bbox 2089 4105 3673 4189; baseline -0.009 -16"><span class='ocrx_word' id='word_1_627' title='bbox 2089 4134 2203 4184; x_wconf 82' lang='grc' dir='ltr'>τοις</span> <span class='ocrx_word' id='word_1_628' title='bbox 2234 4118 2468 4189; x_wconf 79' lang='grc' dir='ltr'>ἡσυχίαν</span> <span class='ocrx_word' id='word_1_629' title='bbox 2498 4117 2647 4185; x_wconf 84' lang='grc' dir='ltr'>άγων</span> <span class='ocrx_word' id='word_1_630' title='bbox 2671 4117 2731 4169; x_wconf 85' lang='grc' dir='ltr'><strong>ἐν</strong></span> <span class='ocrx_word' id='word_1_631' title='bbox 2760 4117 2827 4187; x_wconf 74' lang='grc' dir='ltr'>τῇ</span> <span class='ocrx_word' id='word_1_632' title='bbox 2851 4113 3081 4169; x_wconf 84' lang='grc' dir='ltr'>Χαλκίδι</span> <span class='ocrx_word' id='word_1_633' title='bbox 3110 4111 3400 4181; x_wconf 76' lang='grc' dir='ltr'>διέτριϐεν.</span> <span class='ocrx_word' id='word_1_634' title='bbox 3430 4105 3561 4163; x_wconf 73' lang='grc' dir='ltr'>Εἶτα</span> <span class='ocrx_word' id='word_1_635' title='bbox 3592 4111 3673 4173; x_wconf 83' lang='grc' dir='ltr'><strong>εἰς</strong></span> 
     </span>
    </p>
   </div>
   <div class='ocr_carea' id='block_1_88' title="bbox 2090 4203 3673 4281">
    <p class='ocr_par' dir='ltr' id='par_1_88' title="bbox 2090 4203 3673 4281">
     <span class='ocr_line' id='line_1_88' title="bbox 2090 4203 3673 4281; baseline -0.007 -16"><span class='ocrx_word' id='word_1_636' title='bbox 2090 4214 2190 4281; x_wconf 82' lang='grc' dir='ltr'>τὴν</span> <span class='ocrx_word' id='word_1_637' title='bbox 2221 4212 2484 4266; x_wconf 87' lang='grc' dir='ltr'>Βοιωτίαν</span> <span class='ocrx_word' id='word_1_638' title='bbox 2505 4210 2732 4281; x_wconf 80' lang='grc' dir='ltr'>ἐλήλυθε</span> <span class='ocrx_word' id='word_1_639' title='bbox 2757 4210 2854 4263; x_wconf 74' lang='grc' dir='ltr'>καὶ</span> <span class='ocrx_word' id='word_1_640' title='bbox 2877 4210 2937 4263; x_wconf 92' lang='grc' dir='ltr'><strong>ἐν</strong></span> <span class='ocrx_word' id='word_1_641' title='bbox 2962 4210 3083 4269; x_wconf 80' lang='grc' dir='ltr'>ταῖς</span> <span class='ocrx_word' id='word_1_642' title='bbox 3107 4203 3495 4275; x_wconf 79' lang='grc' dir='ltr'>Θερμοπύλαις</span> <span class='ocrx_word' id='word_1_643' title='bbox 3519 4205 3673 4255; x_wconf 75' lang='grc' dir='ltr'>ἀντι-</span> 
     </span>
    </p>
   </div>
   <div class='ocr_carea' id='block_1_89' title="bbox 2091 4293 3675 4373">
    <p class='ocr_par' dir='ltr' id='par_1_89' title="bbox 2091 4293 3675 4373">
     <span class='ocr_line' id='line_1_89' title="bbox 2091 4293 3675 4373; baseline -0.009 -17"><span class='ocrx_word' id='word_1_644' title='bbox 2091 4305 2419 4373; x_wconf 83' lang='grc' dir='ltr'>προσιόντας</span> <span class='ocrx_word' id='word_1_645' title='bbox 2450 4302 2502 4355; x_wconf 89' lang='grc' dir='ltr'><strong>οί</strong></span> <span class='ocrx_word' id='word_1_646' title='bbox 2537 4302 2665 4364; x_wconf 83' lang='grc' dir='ltr'>τοὺς</span> <span class='ocrx_word' id='word_1_647' title='bbox 2712 4299 3023 4370; x_wconf 87' lang='grc' dir='ltr'>Ῥωμαίους</span> <span class='ocrx_word' id='word_1_648' title='bbox 3054 4297 3336 4366; x_wconf 80' lang='grc' dir='ltr'>ὑπέμεινε.</span> <span class='ocrx_word' id='word_1_649' title='bbox 3394 4293 3537 4364; x_wconf 81' lang='grc' dir='ltr'>Πρὸς</span> <span class='ocrx_word' id='word_1_650' title='bbox 3563 4293 3675 4360; x_wconf 73' lang='grc' dir='ltr'>γὰρ</span> 
     </span>
    </p>
   </div>
   <div class='ocr_carea' id='block_1_90' title="bbox 2090 4385 3673 4467">
    <p class='ocr_par' dir='ltr' id='par_1_90' title="bbox 2090 4385 3673 4467">
     <span class='ocr_line' id='line_1_90' title="bbox 2090 4385 3673 4467; baseline -0.008 -17"><span class='ocrx_word' id='word_1_651' title='bbox 2090 4396 2192 4467; x_wconf 84' lang='grc' dir='ltr'>τὴν</span> <span class='ocrx_word' id='word_1_652' title='bbox 2223 4396 2330 4449; x_wconf 88' lang='grc' dir='ltr'><strong>τῶν</strong></span> <span class='ocrx_word' id='word_1_653' title='bbox 2376 4392 2730 4466; x_wconf 84' lang='grc' dir='ltr'>στρατιωτῶν</span> <span class='ocrx_word' id='word_1_654' title='bbox 2779 4390 3072 4460; x_wconf 85' lang='grc' dir='ltr'>ὀλιγότητα</span> <span class='ocrx_word' id='word_1_655' title='bbox 3105 4388 3395 4458; x_wconf 84' lang='grc' dir='ltr'>σύμμαχον</span> <span class='ocrx_word' id='word_1_656' title='bbox 3448 4387 3547 4454; x_wconf 78' lang='grc' dir='ltr'>τὴν</span> <span class='ocrx_word' id='word_1_657' title='bbox 3578 4385 3673 4437; x_wconf 75' lang='grc' dir='ltr'>τοῦ</span> 
     </span>
    </p>
   </div>
   <div class='ocr_carea' id='block_1_91' title="bbox 2091 4479 3676 4559">
    <p class='ocr_par' dir='ltr' id='par_1_91' title="bbox 2091 4479 3676 4559">
     <span class='ocr_line' id='line_1_91' title="bbox 2091 4479 3676 4559; baseline -0.006 -18"><span class='ocrx_word' id='word_1_658' title='bbox 2091 4487 2292 4559; x_wconf 84' lang='grc' dir='ltr'>χωρίου</span> <span class='ocrx_word' id='word_1_659' title='bbox 2330 4488 2495 4557; x_wconf 79' lang='grc' dir='ltr'>φύσιν</span> <span class='ocrx_word' id='word_1_660' title='bbox 2524 4484 2669 4549; x_wconf 81' lang='grc' dir='ltr'>ἐξειν</span> <span class='ocrx_word' id='word_1_661' title='bbox 2695 4484 2939 4554; x_wconf 88' lang='grc' dir='ltr'>ἐνόμισε,</span> <span class='ocrx_word' id='word_1_662' title='bbox 2970 4483 3069 4537; x_wconf 64' lang='grc' dir='ltr'><strong>καὶ¹</strong></span> <span class='ocrx_word' id='word_1_663' title='bbox 3092 4482 3180 4535; x_wconf 80' lang='grc' dir='ltr'>ἵνα</span> <span class='ocrx_word' id='word_1_664' title='bbox 3214 4483 3287 4551; x_wconf 87' lang='grc' dir='ltr'>μή</span> <span class='ocrx_word' id='word_1_665' title='bbox 3314 4498 3366 4532; x_wconf 89' lang='grc' dir='ltr'><strong>τι</strong></span> <span class='ocrx_word' id='word_1_666' title='bbox 3397 4481 3486 4532; x_wconf 82' lang='grc' dir='ltr'>καὶ</span> <span class='ocrx_word' id='word_1_667' title='bbox 3512 4479 3676 4531; x_wconf 64' lang='grc' dir='ltr'>αὐτὸς</span> 
     </span>
    </p>
   </div>
   <div class='ocr_carea' id='block_1_92' title="bbox 414 4564 1976 4650">
    <p class='ocr_par' dir='ltr' id='par_1_92' title="bbox 414 4564 1976 4634">
     <span class='ocr_line' id='line_1_92' title="bbox 414 4564 1976 4634; baseline 0.003 -21"><span class='ocrx_word' id='word_1_668' title='bbox 414 4578 444 4613; x_wconf 81' lang='lat' dir='ltr'><strong>a</strong></span> <span class='ocrx_word' id='word_1_669' title='bbox 491 4573 643 4632; x_wconf 84' lang='lat' dir='ltr'><strong>tergo</strong></span> <span class='ocrx_word' id='word_1_670' title='bbox 689 4574 775 4617; x_wconf 87' lang='lat' dir='ltr'><strong>est</strong></span> <span class='ocrx_word' id='word_1_671' title='bbox 825 4567 1071 4625; x_wconf 71' lang='lat' dir='ltr'><strong>infortus.</strong></span> <span class='ocrx_word' id='word_1_672' title='bbox 1107 4565 1359 4634; x_wconf 88' lang='lat' dir='ltr'><strong>quicum</strong></span> <span class='ocrx_word' id='word_1_673' title='bbox 1409 4564 1624 4620; x_wconf 67' lang='lat' dir='ltr'><strong>Aitolos</strong></span> <span class='ocrx_word' id='word_1_674' title='bbox 1657 4565 1976 4620; x_wconf 68' lang='lat' dir='ltr'><strong>dormiente:</strong></span> 
     </span>
    </p>
   </div>
   <div class='ocr_carea' id='block_1_93' title="bbox 2082 4564 3675 4650">
    <p class='ocr_par' dir='ltr' id='par_1_93' title="bbox 2097 4572 3675 4650">
     <span class='ocr_line' id='line_1_93' title="bbox 2097 4572 3675 4650; baseline -0.008 -18"><span class='ocrx_word' id='word_1_675' title='bbox 2097 4577 2247 4650; x_wconf 76' lang='grc' dir='ltr'>πάθῃ</span> <span class='ocrx_word' id='word_1_676' title='bbox 2288 4574 2401 4631; x_wconf 76' lang='grc' dir='ltr'>οἷον</span> <span class='ocrx_word' id='word_1_677' title='bbox 2439 4578 2489 4629; x_wconf 83' lang='lat' dir='ltr'><strong>oi.</strong></span> <span class='ocrx_word' id='word_1_678' title='bbox 2549 4577 2816 4646; x_wconf 84' lang='grc' dir='ltr'>’Έλληνες</span> <span class='ocrx_word' id='word_1_679' title='bbox 2873 4576 2924 4628; x_wconf 80' lang='grc' dir='ltr'>οἱ</span> <span class='ocrx_word' id='word_1_680' title='bbox 2959 4575 3094 4644; x_wconf 82' lang='grc' dir='ltr'>πρὸς</span> <span class='ocrx_word' id='word_1_681' title='bbox 3122 4573 3213 4625; x_wconf 87' lang='grc' dir='ltr'>τὸν</span> <span class='ocrx_word' id='word_1_682' title='bbox 3240 4572 3425 4640; x_wconf 75' lang='grc' dir='ltr'>Μῆδον</span> <span class='ocrx_word' id='word_1_683' title='bbox 3454 4573 3675 4623; x_wconf 69' lang='grc' dir='ltr'>ἀντιτα-</span> 
     </span>
    </p>
   </div>
   <div class='ocr_carea' id='block_1_94' title="bbox 412 4653 1982 4728">
    <p class='ocr_par' dir='ltr' id='par_1_94' title="bbox 412 4653 1982 4728">
     <span class='ocr_line' id='line_1_94' title="bbox 412 4653 1982 4728; baseline 0.005 -25"><span class='ocrx_word' id='word_1_684' title='bbox 412 4653 800 4721; x_wconf 83' lang='lat' dir='ltr'><strong>oppressisset,</strong></span> <span class='ocrx_word' id='word_1_685' title='bbox 853 4655 1139 4726; x_wconf 89' lang='lat' dir='ltr'><strong>plerisque</strong></span> <span class='ocrx_word' id='word_1_686' title='bbox 1179 4658 1356 4722; x_wconf 73' lang='lat' dir='ltr'><strong>caesis,</strong></span> <span class='ocrx_word' id='word_1_687' title='bbox 1399 4657 1631 4728; x_wconf 83' lang='lat' dir='ltr'><strong>reliquis</strong></span> <span class='ocrx_word' id='word_1_688' title='bbox 1678 4657 1982 4726; x_wconf 86' lang='lat' dir='ltr'><strong>dissipatis,</strong></span> 
     </span>
    </p>
   </div>
   <div class='ocr_carea' id='block_1_95' title="bbox 410 4742 1984 4819">
    <p class='ocr_par' dir='ltr' id='par_1_95' title="bbox 410 4742 1984 4819">
     <span class='ocr_line' id='line_1_95' title="bbox 410 4742 1984 4819; baseline 0.004 -23"><span class='ocrx_word' id='word_1_689' title='bbox 410 4742 681 4808; x_wconf 87' lang='lat' dir='ltr'><strong>decurrit,</strong></span> <span class='ocrx_word' id='word_1_690' title='bbox 715 4754 772 4799; x_wconf 91' lang='lat' dir='ltr'><strong>et</strong></span> <span class='ocrx_word' id='word_1_691' title='bbox 802 4762 997 4816; x_wconf 83' lang='lat' dir='ltr'><strong>pugnae</strong></span> <span class='ocrx_word' id='word_1_692' title='bbox 1027 4750 1196 4803; x_wconf 88' lang='lat' dir='ltr'><strong>etiam</strong></span> <span class='ocrx_word' id='word_1_693' title='bbox 1226 4749 1504 4805; x_wconf 81' lang='lat' dir='ltr'><strong>inferioris</strong></span> <span class='ocrx_word' id='word_1_694' title='bbox 1544 4750 1646 4804; x_wconf 80' lang='lat' dir='ltr'><strong>fuit</strong></span> <span class='ocrx_word' id='word_1_695' title='bbox 1687 4748 1984 4819; x_wconf 83' lang='lat' dir='ltr'><strong>particeps.</strong></span> 
     </span>
    </p>
   </div>
   <div class='ocr_carea' id='block_1_96' title="bbox 411 4834 1987 4906">
    <p class='ocr_par' dir='ltr' id='par_1_96' title="bbox 411 4834 1987 4906">
     <span class='ocr_line' id='line_1_96' title="bbox 411 4834 1987 4906; baseline 0.003 -16"><span class='ocrx_word' id='word_1_696' title='bbox 411 4834 720 4891; x_wconf 84' lang='lat' dir='ltr'><strong>Antiochus</strong></span> <span class='ocrx_word' id='word_1_697' title='bbox 746 4837 945 4905; x_wconf 83' lang='lat' dir='ltr'><strong>victus,</strong></span> <span class='ocrx_word' id='word_1_698' title='bbox 975 4848 1032 4895; x_wconf 91' lang='lat' dir='ltr'><strong>et</strong></span> <span class='ocrx_word' id='word_1_699' title='bbox 1062 4841 1260 4895; x_wconf 83' lang='lat' dir='ltr'><strong>casu&#39;is</strong></span> <span class='ocrx_word' id='word_1_700' title='bbox 1282 4852 1504 4906; x_wconf 76' lang='lat' dir='ltr'><strong>exutus,</strong></span> <span class='ocrx_word' id='word_1_701' title='bbox 1522 4857 1645 4897; x_wconf 76' lang='lat' dir='ltr'><strong>mox</strong></span> <span class='ocrx_word' id='word_1_702' title='bbox 1669 4840 1987 4897; x_wconf 88' lang='lat' dir='ltr'><strong>Chalcidem</strong></span> 
     </span>
    </p>
   </div>
   <div class='ocr_carea' id='block_1_97' title="bbox 414 4925 1990 5004">
    <p class='ocr_par' dir='ltr' id='par_1_97' title="bbox 414 4925 1990 5004">
     <span class='ocr_line' id='line_1_97' title="bbox 414 4925 1990 5004; baseline 0.005 -25"><span class='ocrx_word' id='word_1_703' title='bbox 414 4925 609 4980; x_wconf 86' lang='lat' dir='ltr'><strong>redit:</strong></span> <span class='ocrx_word' id='word_1_704' title='bbox 685 4939 741 4982; x_wconf 91' lang='lat' dir='ltr'><strong>et</strong></span> <span class='ocrx_word' id='word_1_705' title='bbox 787 4932 1034 4986; x_wconf 86' lang='lat' dir='ltr'><strong>consulis</strong></span> <span class='ocrx_word' id='word_1_706' title='bbox 1095 4933 1337 4988; x_wconf 85' lang='lat' dir='ltr'><strong>adventu</strong></span> <span class='ocrx_word' id='word_1_707' title='bbox 1416 4935 1657 5004; x_wconf 83' lang='lat' dir='ltr'><strong>cognito,</strong></span> <span class='ocrx_word' id='word_1_708' title='bbox 1729 4934 1867 4989; x_wconf 90' lang='lat' dir='ltr'><strong>clam</strong></span> <span class='ocrx_word' id='word_1_709' title='bbox 1933 4934 1990 4987; x_wconf 92' lang='lat' dir='ltr'><strong>in</strong></span> 
     </span>
    </p>
   </div>
   <div class='ocr_carea' id='block_1_98' title="bbox 413 5018 1989 5080">
    <p class='ocr_par' dir='ltr' id='par_1_98' title="bbox 413 5018 1989 5080">
     <span class='ocr_line' id='line_1_98' title="bbox 413 5018 1989 5080; baseline 0.004 -7"><span class='ocrx_word' id='word_1_710' title='bbox 413 5018 597 5073; x_wconf 80' lang='lat' dir='ltr'><strong>Asiam</strong></span> <span class='ocrx_word' id='word_1_711' title='bbox 625 5020 884 5078; x_wconf 86' lang='lat' dir='ltr'><strong>discedit.</strong></span> <span class='ocrx_word' id='word_1_712' title='bbox 923 5022 1145 5077; x_wconf 87' lang='lat' dir='ltr'><strong>Glabrio</strong></span> <span class='ocrx_word' id='word_1_713' title='bbox 1179 5040 1313 5079; x_wconf 85' lang='lat' dir='ltr'><strong>vero</strong></span> <span class='ocrx_word' id='word_1_714' title='bbox 1339 5024 1602 5079; x_wconf 58' lang='lat' dir='ltr'><strong>Baetiam</strong></span> <span class='ocrx_word' id='word_1_715' title='bbox 1634 5035 1690 5080; x_wconf 92' lang='lat' dir='ltr'><strong>et</strong></span> <span class='ocrx_word' id='word_1_716' title='bbox 1720 5024 1989 5080; x_wconf 82' lang='lat' dir='ltr'><strong>Euhceam</strong></span> 
     </span>
    </p>
   </div>
   <div class='ocr_carea' id='block_1_99' title="bbox 410 5112 1992 5184">
    <p class='ocr_par' dir='ltr' id='par_1_99' title="bbox 410 5112 1992 5184">
     <span class='ocr_line' id='line_1_99' title="bbox 410 5112 1992 5184; baseline 0.003 -18"><span class='ocrx_word' id='word_1_717' title='bbox 410 5112 599 5167; x_wconf 78' lang='lat' dir='ltr'><strong>statim</strong></span> <span class='ocrx_word' id='word_1_718' title='bbox 628 5124 881 5184; x_wconf 88' lang='lat' dir='ltr'><strong>occupat.</strong></span> <span class='ocrx_word' id='word_1_719' title='bbox 935 5114 1219 5179; x_wconf 86' lang='lat' dir='ltr'><strong>Heraclea,</strong></span> <span class='ocrx_word' id='word_1_720' title='bbox 1277 5116 1479 5171; x_wconf 73' lang='lat' dir='ltr'><strong>.Etolis</strong></span> <span class='ocrx_word' id='word_1_721' title='bbox 1527 5117 1865 5172; x_wconf 88' lang='lat' dir='ltr'><strong>deditionem</strong></span> <span class='ocrx_word' id='word_1_722' title='bbox 1903 5132 1992 5171; x_wconf 87' lang='lat' dir='ltr'><strong>re-</strong></span> 
     </span>
    </p>
   </div>
   <div class='ocr_carea' id='block_1_100' title="bbox 411 5205 1992 5278">
    <p class='ocr_par' dir='ltr' id='par_1_100' title="bbox 411 5205 1992 5278">
     <span class='ocr_line' id='line_1_100' title="bbox 411 5205 1992 5278; baseline 0.004 -18"><span class='ocrx_word' id='word_1_723' title='bbox 411 5205 713 5261; x_wconf 85' lang='lat' dir='ltr'><strong>nuentibus</strong></span> <span class='ocrx_word' id='word_1_724' title='bbox 744 5206 907 5278; x_wconf 63' lang='grc'><strong>452</strong></span> <span class='ocrx_word' id='word_1_725' title='bbox 944 5208 1479 5278; x_wconf 86' lang='lat' dir='ltr'><strong>oppugnata,urbem</strong></span> <span class='ocrx_word' id='word_1_726' title='bbox 1516 5208 1835 5265; x_wconf 81' lang='lat' dir='ltr'><strong>inferiorem</strong></span> <span class='ocrx_word' id='word_1_727' title='bbox 1887 5210 1992 5266; x_wconf 87' lang='lat' dir='ltr'><strong>ob-</strong></span> 
     </span>
    </p>
   </div>
   <div class='ocr_carea' id='block_1_101' title="bbox 416 5299 1991 5372">
    <p class='ocr_par' dir='ltr' id='par_1_101' title="bbox 416 5299 1991 5372">
     <span class='ocr_line' id='line_1_101' title="bbox 416 5299 1991 5372; baseline 0.003 -20"><span class='ocrx_word' id='word_1_728' title='bbox 416 5314 443 5352; x_wconf 84' lang='lat' dir='ltr'><strong>s</strong></span> <span class='ocrx_word' id='word_1_729' title='bbox 469 5299 632 5353; x_wconf 87' lang='lat' dir='ltr'><strong>dione</strong></span> <span class='ocrx_word' id='word_1_730' title='bbox 660 5300 848 5370; x_wconf 88' lang='lat' dir='ltr'><strong>capit:</strong></span> <span class='ocrx_word' id='word_1_731' title='bbox 880 5316 977 5356; x_wconf 90' lang='lat' dir='ltr'><strong>eos</strong></span> <span class='ocrx_word' id='word_1_732' title='bbox 1005 5316 1138 5356; x_wconf 79' lang='lat' dir='ltr'><strong>vero</strong></span> <span class='ocrx_word' id='word_1_733' title='bbox 1167 5300 1261 5371; x_wconf 90' lang='lat' dir='ltr'><strong>qui</strong></span> <span class='ocrx_word' id='word_1_734' title='bbox 1298 5302 1352 5354; x_wconf 90' lang='lat' dir='ltr'><strong>in</strong></span> <span class='ocrx_word' id='word_1_735' title='bbox 1384 5315 1570 5357; x_wconf 85' lang='lat' dir='ltr'><strong>arcem</strong></span> <span class='ocrx_word' id='word_1_736' title='bbox 1606 5302 1991 5372; x_wconf 81' lang='lat' dir='ltr'><strong>confugerant,</strong></span> 
     </span>
    </p>
   </div>
   <div class='ocr_carea' id='block_1_102' title="bbox 417 5390 1994 5463">
    <p class='ocr_par' dir='ltr' id='par_1_102' title="bbox 417 5390 1994 5463">
     <span class='ocr_line' id='line_1_102' title="bbox 417 5390 1994 5463; baseline 0.004 -20"><span class='ocrx_word' id='word_1_737' title='bbox 417 5391 487 5444; x_wconf 84' lang='lat' dir='ltr'><strong>ad</strong></span> <span class='ocrx_word' id='word_1_738' title='bbox 516 5390 855 5446; x_wconf 89' lang='lat' dir='ltr'><strong>deditionem</strong></span> <span class='ocrx_word' id='word_1_739' title='bbox 893 5393 1197 5463; x_wconf 88' lang='lat' dir='ltr'><strong>compellit.</strong></span> <span class='ocrx_word' id='word_1_740' title='bbox 1232 5396 1310 5448; x_wconf 91' lang='lat' dir='ltr'><strong>Ac</strong></span> <span class='ocrx_word' id='word_1_741' title='bbox 1342 5394 1487 5448; x_wconf 86' lang='lat' dir='ltr'><strong>inter</strong></span> <span class='ocrx_word' id='word_1_742' title='bbox 1515 5404 1767 5459; x_wconf 53' lang='lat' dir='ltr'><strong>caeteros,</strong></span> <span class='ocrx_word' id='word_1_743' title='bbox 1797 5393 1994 5449; x_wconf 86' lang='lat' dir='ltr'><strong>Demo-</strong></span> 
     </span>
    </p>
   </div>
   <div class='ocr_carea' id='block_1_103' title="bbox 414 5482 1992 5555">
    <p class='ocr_par' dir='ltr' id='par_1_103' title="bbox 414 5482 1992 5555">
     <span class='ocr_line' id='line_1_103' title="bbox 414 5482 1992 5555; baseline 0.002 -20"><span class='ocrx_word' id='word_1_744' title='bbox 414 5482 591 5537; x_wconf 88' lang='lat' dir='ltr'><strong>critus</strong></span> <span class='ocrx_word' id='word_1_745' title='bbox 644 5501 861 5554; x_wconf 85' lang='lat' dir='ltr'><strong>quoque</strong></span> <span class='ocrx_word' id='word_1_746' title='bbox 898 5488 1008 5539; x_wconf 77' lang='lat' dir='ltr'><strong>dux</strong></span> <span class='ocrx_word' id='word_1_747' title='bbox 1037 5486 1347 5540; x_wconf 66' lang='lat' dir='ltr'><strong>Aitolorum</strong></span> <span class='ocrx_word' id='word_1_748' title='bbox 1393 5494 1587 5555; x_wconf 84' lang='lat' dir='ltr'><strong>captus</strong></span> <span class='ocrx_word' id='word_1_749' title='bbox 1618 5491 1723 5547; x_wconf 89' lang='lat' dir='ltr'><strong>est,</strong></span> <span class='ocrx_word' id='word_1_750' title='bbox 1760 5484 1854 5554; x_wconf 88' lang='lat' dir='ltr'><strong>qui</strong></span> <span class='ocrx_word' id='word_1_751' title='bbox 1887 5485 1992 5538; x_wconf 92' lang='lat' dir='ltr'><strong>ali-</strong></span> 
     </span>
    </p>
   </div>
   <div class='ocr_carea' id='block_1_104' title="bbox 416 5577 1993 5650">
    <p class='ocr_par' dir='ltr' id='par_1_104' title="bbox 416 5577 1993 5650">
     <span class='ocr_line' id='line_1_104' title="bbox 416 5577 1993 5650; baseline 0.004 -24"><span class='ocrx_word' id='word_1_752' title='bbox 416 5578 639 5642; x_wconf 84' lang='lat' dir='ltr'><strong>quando</strong></span> <span class='ocrx_word' id='word_1_753' title='bbox 669 5577 919 5632; x_wconf 84' lang='lat' dir='ltr'><strong>Flaminii</strong></span> <span class='ocrx_word' id='word_1_754' title='bbox 952 5580 1215 5635; x_wconf 82' lang='lat' dir='ltr'><strong>societate</strong></span> <span class='ocrx_word' id='word_1_755' title='bbox 1262 5579 1569 5650; x_wconf 89' lang='lat' dir='ltr'><strong>repudiata,</strong></span> <span class='ocrx_word' id='word_1_756' title='bbox 1603 5579 1653 5633; x_wconf 87' lang='lat' dir='ltr'><strong>ci</strong></span> <span class='ocrx_word' id='word_1_757' title='bbox 1705 5578 1993 5634; x_wconf 82' lang='lat' dir='ltr'><strong>decretum</strong></span> 
     </span>
    </p>
   </div>
   <div class='ocr_carea' id='block_1_105' title="bbox 421 5669 1968 5737">
    <p class='ocr_par' dir='ltr' id='par_1_105' title="bbox 421 5669 1968 5737">
     <span class='ocr_line' id='line_1_105' title="bbox 421 5669 1968 5737; baseline 0.004 -18"><span class='ocrx_word' id='word_1_758' title='bbox 421 5670 628 5734; x_wconf 82' lang='lat' dir='ltr'><strong>petenti</strong></span> <span class='ocrx_word' id='word_1_759' title='bbox 694 5686 803 5737; x_wconf 87' lang='lat' dir='ltr'><strong>quo</strong></span> <span class='ocrx_word' id='word_1_760' title='bbox 864 5672 1090 5726; x_wconf 77' lang='lat' dir='ltr'><strong>Romam</strong></span> <span class='ocrx_word' id='word_1_761' title='bbox 1171 5675 1437 5737; x_wconf 85' lang='lat' dir='ltr'><strong>mitteret,</strong></span> <span class='ocrx_word' id='word_1_762' title='bbox 1501 5672 1757 5726; x_wconf 83' lang='lat' dir='ltr'><strong>dixerat:</strong></span> <span class='ocrx_word' id='word_1_763' title='bbox 1821 5669 1968 5725; x_wconf 87' lang='lat' dir='ltr'><strong>Bono</strong></span> 
     </span>
    </p>
   </div>
   <div class='ocr_carea' id='block_1_106' title="bbox 430 5762 1998 5836">
    <p class='ocr_par' dir='ltr' id='par_1_106' title="bbox 430 5762 1998 5836">
     <span class='ocr_line' id='line_1_106' title="bbox 430 5762 1998 5836; baseline 0.006 -27"><span class='ocrx_word' id='word_1_764' title='bbox 430 5762 608 5814; x_wconf 75' lang='lat' dir='ltr'><strong>animo</strong></span> <span class='ocrx_word' id='word_1_765' title='bbox 651 5773 759 5816; x_wconf 76' lang='lat' dir='ltr'><strong>este</strong></span> <span class='ocrx_word' id='word_1_766' title='bbox 784 5784 802 5819; x_wconf 90' lang='lat'><em>:</em></span> <span class='ocrx_word' id='word_1_767' title='bbox 833 5783 925 5836; x_wconf 78' lang='lat' dir='ltr'><strong>ego</strong></span> <span class='ocrx_word' id='word_1_768' title='bbox 960 5769 1097 5822; x_wconf 78' lang='lat' dir='ltr'><strong>enim</strong></span> <span class='ocrx_word' id='word_1_769' title='bbox 1130 5769 1185 5821; x_wconf 81' lang='lat' dir='ltr'><strong>id</strong></span> <span class='ocrx_word' id='word_1_770' title='bbox 1217 5786 1336 5822; x_wconf 84' lang='lat' dir='ltr'><strong>cum</strong></span> <span class='ocrx_word' id='word_1_771' title='bbox 1382 5769 1611 5822; x_wconf 72' lang='lat' dir='ltr'><strong>exercitu</strong></span> <span class='ocrx_word' id='word_1_772' title='bbox 1658 5767 1903 5836; x_wconf 65' lang='lat' dir='ltr'><strong>aﬂ‘eram,</strong></span> <span class='ocrx_word' id='word_1_773' title='bbox 1949 5774 1998 5819; x_wconf 82' lang='lat' dir='ltr'><strong>et</strong></span> 
     </span>
    </p>
   </div>
   <div class='ocr_carea' id='block_1_107' title="bbox 420 5848 1993 5929">
    <p class='ocr_par' dir='ltr' id='par_1_107' title="bbox 420 5848 1993 5929">
     <span class='ocr_line' id='line_1_107' title="bbox 420 5848 1993 5929; baseline 0.002 -21"><span class='ocrx_word' id='word_1_774' title='bbox 420 5848 584 5921; x_wconf 76' lang='lat' dir='ltr'><strong>juxta</strong></span> <span class='ocrx_word' id='word_1_775' title='bbox 633 5855 854 5910; x_wconf 75' lang='lat' dir='ltr'><strong>Tiberim</strong></span> <span class='ocrx_word' id='word_1_776' title='bbox 920 5860 1059 5915; x_wconf 80' lang='lat' dir='ltr'><strong>vobis</strong></span> <span class='ocrx_word' id='word_1_777' title='bbox 1131 5859 1380 5915; x_wconf 58' lang='lat' dir='ltr'><strong>recitabo.</strong></span> <span class='ocrx_word' id='word_1_778' title='bbox 1430 5859 1684 5929; x_wconf 87' lang='lat' dir='ltr'><strong>Philippo</strong></span> <span class='ocrx_word' id='word_1_779' title='bbox 1748 5856 1993 5913; x_wconf 87' lang='lat' dir='ltr'><strong>Lamiam</strong></span> 
     </span>
    </p>
   </div>
   <div class='ocr_carea' id='block_1_108' title="bbox 556 6426 1509 6448">
    <p class='ocr_par' dir='ltr' id='par_1_108' title="bbox 556 6426 1509 6448">
     <span class='ocr_line' id='line_1_108' title="bbox 556 6426 1509 6448; baseline -0.016 0"><span class='ocrx_word' id='word_1_780' title='bbox 556 6439 655 6448; x_wconf 47' lang='lat'><strong>———&quot;</strong></span> <span class='ocrx_word' id='word_1_781' title='bbox 729 6435 849 6445; x_wconf 78' lang='lat'>-————</span> <span class='ocrx_word' id='word_1_782' title='bbox 927 6431 1071 6442; x_wconf 78' lang='lat'><strong>——-——</strong></span> <span class='ocrx_word' id='word_1_783' title='bbox 1147 6428 1285 6440; x_wconf 79' lang='lat'><strong>————-</strong></span> <span class='ocrx_word' id='word_1_784' title='bbox 1379 6426 1509 6436; x_wconf 60' lang='lat'><strong>_——-—&#39;</strong></span> 
     </span>
    </p>
   </div>
   <div class='ocr_carea' id='block_1_109' title="bbox 2093 4662 3677 4741">
    <p class='ocr_par' dir='ltr' id='par_1_109' title="bbox 2093 4662 3677 4741">
     <span class='ocr_line' id='line_1_109' title="bbox 2093 4662 3677 4741; baseline -0.006 -19"><span class='ocrx_word' id='word_1_785' title='bbox 2093 4669 2317 4741; x_wconf 79' lang='grc' dir='ltr'>χθέντες</span> <span class='ocrx_word' id='word_1_786' title='bbox 2369 4668 2505 4733; x_wconf 79' lang='grc' dir='ltr'>ἐκεῖ,</span> <span class='ocrx_word' id='word_1_787' title='bbox 2554 4666 2721 4737; x_wconf 86' lang='grc' dir='ltr'>μέρος</span> <span class='ocrx_word' id='word_1_788' title='bbox 2773 4681 2826 4719; x_wconf 91' lang='grc' dir='ltr'><strong>τι</strong></span> <span class='ocrx_word' id='word_1_789' title='bbox 2874 4665 2983 4719; x_wconf 87' lang='grc' dir='ltr'><strong>τῶν</strong></span> <span class='ocrx_word' id='word_1_790' title='bbox 3031 4663 3287 4717; x_wconf 78' lang='grc' dir='ltr'>Αἰτωλῶν</span> <span class='ocrx_word' id='word_1_791' title='bbox 3317 4664 3408 4715; x_wconf 71' lang='grc' dir='ltr'>ἐπὶ</span> <span class='ocrx_word' id='word_1_792' title='bbox 3438 4664 3503 4713; x_wconf 74' lang='grc' dir='ltr'><strong>τά</strong></span> <span class='ocrx_word' id='word_1_793' title='bbox 3529 4662 3677 4727; x_wconf 72' lang='grc' dir='ltr'>ἄκρα</span> 
     </span>
    </p>
   </div>
   <div class='ocr_carea' id='block_1_110' title="bbox 2094 4753 3675 4831">
    <p class='ocr_par' dir='ltr' id='par_1_110' title="bbox 2094 4753 3675 4831">
     <span class='ocr_line' id='line_1_110' title="bbox 2094 4753 3675 4831; baseline -0.006 -17"><span class='ocrx_word' id='word_1_794' title='bbox 2094 4761 2205 4814; x_wconf 84' lang='grc' dir='ltr'><strong>τῶν</strong></span> <span class='ocrx_word' id='word_1_795' title='bbox 2227 4760 2370 4831; x_wconf 82' lang='grc' dir='ltr'>ὀρῶν</span> <span class='ocrx_word' id='word_1_796' title='bbox 2401 4756 2745 4820; x_wconf 88' lang='grc' dir='ltr'>ἀνεϐίϐασεν,</span> <span class='ocrx_word' id='word_1_797' title='bbox 2790 4755 2932 4809; x_wconf 83' lang='grc' dir='ltr'>ὥστε</span> <span class='ocrx_word' id='word_1_798' title='bbox 2962 4755 3274 4827; x_wconf 82' lang='grc' dir='ltr'>φρουρῆσαι</span> <span class='ocrx_word' id='word_1_799' title='bbox 3310 4755 3469 4809; x_wconf 65' lang='grc' dir='ltr'>αὐτά.</span> <span class='ocrx_word' id='word_1_800' title='bbox 3522 4753 3580 4805; x_wconf 85' lang='grc' dir='ltr'>Ὀ</span> <span class='ocrx_word' id='word_1_801' title='bbox 3615 4753 3675 4805; x_wconf 82' lang='grc' dir='ltr'><strong>δέ</strong></span> 
     </span>
    </p>
   </div>
   <div class='ocr_carea' id='block_1_111' title="bbox 2097 4842 3677 4916">
    <p class='ocr_par' dir='ltr' id='par_1_111' title="bbox 2097 4842 3677 4916">
     <span class='ocr_line' id='line_1_111' title="bbox 2097 4842 3677 4916; baseline -0.003 -17"><span class='ocrx_word' id='word_1_802' title='bbox 2097 4846 2384 4916; x_wconf 85' lang='grc' dir='ltr'>Γλαϐρίων</span> <span class='ocrx_word' id='word_1_803' title='bbox 2423 4843 2600 4916; x_wconf 80' lang='grc' dir='ltr'>βραχύ</span> <span class='ocrx_word' id='word_1_804' title='bbox 2625 4861 2684 4896; x_wconf 87' lang='grc' dir='ltr'><strong>τε</strong></span> <span class='ocrx_word' id='word_1_805' title='bbox 2719 4844 2830 4897; x_wconf 87' lang='grc' dir='ltr'><strong>τῶν</strong></span> <span class='ocrx_word' id='word_1_806' title='bbox 2859 4845 3075 4914; x_wconf 83' lang='grc' dir='ltr'>χωρίων</span> <span class='ocrx_word' id='word_1_807' title='bbox 3122 4844 3426 4914; x_wconf 84' lang='grc' dir='ltr'>ἐφρόντισε,</span> <span class='ocrx_word' id='word_1_808' title='bbox 3454 4842 3550 4895; x_wconf 73' lang='grc' dir='ltr'>καὶ</span> <span class='ocrx_word' id='word_1_809' title='bbox 3576 4843 3677 4910; x_wconf 81' lang='grc' dir='ltr'>τὴν</span> 
     </span>
    </p>
   </div>
   <div class='ocr_carea' id='block_1_112' title="bbox 2103 4932 3678 5007">
    <p class='ocr_par' dir='ltr' id='par_1_112' title="bbox 2103 4932 3678 5007">
     <span class='ocr_line' id='line_1_112' title="bbox 2103 4932 3678 5007; baseline -0.004 -17"><span class='ocrx_word' id='word_1_810' title='bbox 2103 4937 2284 5007; x_wconf 87' lang='grc' dir='ltr'>μάχην</span> <span class='ocrx_word' id='word_1_811' title='bbox 2310 4935 2412 4989; x_wconf 79' lang='grc' dir='ltr'>οὐκ</span> <span class='ocrx_word' id='word_1_812' title='bbox 2466 4932 2779 4999; x_wconf 86' lang='grc' dir='ltr'>ἀνεϐάλετο,</span> <span class='ocrx_word' id='word_1_813' title='bbox 2816 4933 2954 4986; x_wconf 83' lang='grc' dir='ltr'><strong>ἀλλά</strong></span> <span class='ocrx_word' id='word_1_814' title='bbox 3007 4933 3238 5003; x_wconf 84' lang='grc' dir='ltr'>Πόρκιον</span> <span class='ocrx_word' id='word_1_815' title='bbox 3291 4932 3391 5001; x_wconf 83' lang='grc' dir='ltr'>μὲν</span> <span class='ocrx_word' id='word_1_816' title='bbox 3438 4933 3678 4985; x_wconf 67' lang='grc' dir='ltr'>Κάτωνα</span> 
     </span>
    </p>
   </div>
   <div class='ocr_carea' id='block_1_113' title="bbox 2099 5025 3677 5098">
    <p class='ocr_par' dir='ltr' id='par_1_113' title="bbox 2099 5025 3677 5098">
     <span class='ocr_line' id='line_1_113' title="bbox 2099 5025 3677 5098; baseline -0.004 -16"><span class='ocrx_word' id='word_1_817' title='bbox 2099 5030 2195 5084; x_wconf 75' lang='grc' dir='ltr'>καὶ</span> <span class='ocrx_word' id='word_1_818' title='bbox 2219 5029 2511 5098; x_wconf 83' lang='grc' dir='ltr'>Οὐαλέριον</span> <span class='ocrx_word' id='word_1_819' title='bbox 2543 5026 2793 5079; x_wconf 81' lang='grc' dir='ltr'>Φλάκκον</span> <span class='ocrx_word' id='word_1_820' title='bbox 2851 5025 3311 5095; x_wconf 78' lang='grc' dir='ltr'>ὑποστρατήγους</span> <span class='ocrx_word' id='word_1_821' title='bbox 3342 5025 3537 5086; x_wconf 77' lang='grc' dir='ltr'>νυκτὸς</span> <span class='ocrx_word' id='word_1_822' title='bbox 3581 5026 3677 5077; x_wconf 76' lang='grc' dir='ltr'>ἐπὶ</span> 
     </span>
    </p>
   </div>
   <div class='ocr_carea' id='block_1_114' title="bbox 2099 5115 3675 5188">
    <p class='ocr_par' dir='ltr' id='par_1_114' title="bbox 2099 5115 3675 5188">
     <span class='ocr_line' id='line_1_114' title="bbox 2099 5115 3675 5188; baseline -0.005 -13"><span class='ocrx_word' id='word_1_823' title='bbox 2099 5121 2226 5182; x_wconf 84' lang='grc' dir='ltr'>τοὺς</span> <span class='ocrx_word' id='word_1_824' title='bbox 2253 5119 2527 5182; x_wconf 75' lang='grc' dir='ltr'>Αἰτωλοὺς</span> <span class='ocrx_word' id='word_1_825' title='bbox 2547 5122 2672 5180; x_wconf 78' lang='grc' dir='ltr'>τοὺς</span> <span class='ocrx_word' id='word_1_826' title='bbox 2692 5119 2750 5171; x_wconf 80' lang='grc' dir='ltr'><strong>ἐν</strong></span> <span class='ocrx_word' id='word_1_827' title='bbox 2772 5120 2885 5180; x_wconf 75' lang='grc' dir='ltr'>τοῖς</span> <span class='ocrx_word' id='word_1_828' title='bbox 2912 5116 3101 5188; x_wconf 86' lang='grc' dir='ltr'>άκροις</span> <span class='ocrx_word' id='word_1_829' title='bbox 3122 5116 3446 5169; x_wconf 77' lang='grc' dir='ltr'>ἀπέστειλεν</span> <span class='ocrx_word' id='word_1_830' title='bbox 3469 5132 3483 5146; x_wconf 88' lang='grc'><strong>·</strong></span> <span class='ocrx_word' id='word_1_831' title='bbox 3512 5115 3675 5179; x_wconf 74' lang='grc' dir='ltr'>αὐτὸς</span> 
     </span>
    </p>
   </div>
   <div class='ocr_carea' id='block_1_115' title="bbox 2100 5208 3681 5282">
    <p class='ocr_par' dir='ltr' id='par_1_115' title="bbox 2100 5208 3681 5282">
     <span class='ocr_line' id='line_1_115' title="bbox 2100 5208 3681 5282; baseline -0.004 -15"><span class='ocrx_word' id='word_1_832' title='bbox 2100 5213 2160 5267; x_wconf 79' lang='grc' dir='ltr'>δὲ</span> <span class='ocrx_word' id='word_1_833' title='bbox 2185 5212 2263 5282; x_wconf 84' lang='grc' dir='ltr'>τῷ</span> <span class='ocrx_word' id='word_1_834' title='bbox 2281 5212 2545 5282; x_wconf 76' lang='grc' dir='ltr'>Ἀντιόχῳ</span> <span class='ocrx_word' id='word_1_835' title='bbox 2572 5211 2679 5264; x_wconf 84' lang='grc' dir='ltr'><strong>ὑπὸ</strong></span> <span class='ocrx_word' id='word_1_836' title='bbox 2724 5210 2823 5281; x_wconf 78' lang='grc' dir='ltr'>τὴν</span> <span class='ocrx_word' id='word_1_837' title='bbox 2847 5210 2921 5263; x_wconf 78' lang='grc' dir='ltr'>ἕω</span> <span class='ocrx_word' id='word_1_838' title='bbox 2947 5209 3227 5279; x_wconf 78' lang='grc' dir='ltr'>συνέμιξε.</span> <span class='ocrx_word' id='word_1_839' title='bbox 3287 5210 3397 5263; x_wconf 61' lang='grc' dir='ltr'><strong>ΚαὶΙ</strong></span> <span class='ocrx_word' id='word_1_840' title='bbox 3437 5210 3542 5270; x_wconf 74' lang='grc' dir='ltr'>ἕως</span> <span class='ocrx_word' id='word_1_841' title='bbox 3579 5208 3681 5277; x_wconf 84' lang='grc' dir='ltr'>μὲν</span> 
     </span>
    </p>
   </div>
   <div class='ocr_carea' id='block_1_116' title="bbox 2102 5301 3684 5374">
    <p class='ocr_par' dir='ltr' id='par_1_116' title="bbox 2102 5301 3684 5374">
     <span class='ocr_line' id='line_1_116' title="bbox 2102 5301 3684 5374; baseline -0.003 -16"><span class='ocrx_word' id='word_1_842' title='bbox 2102 5305 2160 5358; x_wconf 92' lang='grc' dir='ltr'><strong>ἐν</strong></span> <span class='ocrx_word' id='word_1_843' title='bbox 2204 5304 2285 5374; x_wconf 81' lang='grc' dir='ltr'><strong>τῷ</strong></span> <span class='ocrx_word' id='word_1_844' title='bbox 2329 5303 2519 5373; x_wconf 82' lang='grc' dir='ltr'>ὁμαλῷ</span> <span class='ocrx_word' id='word_1_845' title='bbox 2546 5302 2784 5373; x_wconf 83' lang='grc' dir='ltr'>ἐμάχετο</span> <span class='ocrx_word' id='word_1_846' title='bbox 2839 5301 3177 5369; x_wconf 86' lang='grc' dir='ltr'>ἐπεκράτει·</span> <span class='ocrx_word' id='word_1_847' title='bbox 3220 5301 3684 5370; x_wconf 80' lang='grc' dir='ltr'>ἀναχωρήσαντος</span> 
     </span>
    </p>
   </div>
   <div class='ocr_carea' id='block_1_117' title="bbox 2100 5391 3682 5464">
    <p class='ocr_par' dir='ltr' id='par_1_117' title="bbox 2100 5391 3682 5464">
     <span class='ocr_line' id='line_1_117' title="bbox 2100 5391 3682 5464; baseline -0.003 -16"><span class='ocrx_word' id='word_1_848' title='bbox 2100 5394 2159 5449; x_wconf 86' lang='grc' dir='ltr'>δὲ</span> <span class='ocrx_word' id='word_1_849' title='bbox 2191 5393 2288 5448; x_wconf 82' lang='grc' dir='ltr'>τοῦ</span> <span class='ocrx_word' id='word_1_850' title='bbox 2334 5393 2610 5463; x_wconf 85' lang='grc' dir='ltr'>Ἀντιόχου</span> <span class='ocrx_word' id='word_1_851' title='bbox 2644 5392 2782 5464; x_wconf 80' lang='grc' dir='ltr'>πρὸς</span> <span class='ocrx_word' id='word_1_852' title='bbox 2810 5392 2879 5445; x_wconf 77' lang='grc' dir='ltr'><strong>τά</strong></span> <span class='ocrx_word' id='word_1_853' title='bbox 2907 5391 3162 5462; x_wconf 83' lang='grc' dir='ltr'>μετέωρα</span> <span class='ocrx_word' id='word_1_854' title='bbox 3204 5392 3523 5462; x_wconf 78' lang='grc' dir='ltr'>ἠλαττοῦτο,</span> <span class='ocrx_word' id='word_1_855' title='bbox 3583 5393 3682 5461; x_wconf 76' lang='grc' dir='ltr'><strong>μὲ-</strong></span> 
     </span>
    </p>
   </div>
   <div class='ocr_carea' id='block_1_118' title="bbox 2104 5484 3681 5561">
    <p class='ocr_par' dir='ltr' id='par_1_118' title="bbox 2104 5484 3681 5561">
     <span class='ocr_line' id='line_1_118' title="bbox 2104 5484 3681 5561; baseline -0.003 -20"><span class='ocrx_word' id='word_1_856' title='bbox 2104 5507 2226 5561; x_wconf 87' lang='grc' dir='ltr'>χρις</span> <span class='ocrx_word' id='word_1_857' title='bbox 2252 5492 2279 5542; x_wconf 90' lang='lat'><strong>6</strong></span> <span class='ocrx_word' id='word_1_858' title='bbox 2310 5489 2509 5544; x_wconf 81' lang='grc' dir='ltr'>Κάτων</span> <span class='ocrx_word' id='word_1_859' title='bbox 2544 5487 2689 5541; x_wconf 69' lang='grc' dir='ltr'>κατὰ</span> <span class='ocrx_word' id='word_1_860' title='bbox 2719 5484 2888 5538; x_wconf 78' lang='grc' dir='ltr'>νώτου</span> <span class='ocrx_word' id='word_1_861' title='bbox 2914 5487 2963 5537; x_wconf 83' lang='grc' dir='ltr'>οἱ</span> <span class='ocrx_word' id='word_1_862' title='bbox 3015 5485 3253 5552; x_wconf 81' lang='grc' dir='ltr'>ἐγένετο.</span> <span class='ocrx_word' id='word_1_863' title='bbox 3285 5486 3411 5547; x_wconf 76' lang='grc' dir='ltr'>Τοῖς</span> <span class='ocrx_word' id='word_1_864' title='bbox 3438 5484 3548 5552; x_wconf 83' lang='grc' dir='ltr'>γὰρ</span> <span class='ocrx_word' id='word_1_865' title='bbox 3580 5486 3681 5537; x_wconf 82' lang='lat' dir='ltr'><strong>Ai-</strong></span> 
     </span>
    </p>
   </div>
   <div class='ocr_carea' id='block_1_119' title="bbox 2103 5576 3682 5645">
    <p class='ocr_par' dir='ltr' id='par_1_119' title="bbox 2103 5576 3682 5645">
     <span class='ocr_line' id='line_1_119' title="bbox 2103 5576 3682 5645; baseline -0.003 -11"><span class='ocrx_word' id='word_1_866' title='bbox 2103 5581 2296 5645; x_wconf 85' lang='grc' dir='ltr'>τωλοϊς</span> <span class='ocrx_word' id='word_1_867' title='bbox 2335 5579 2692 5634; x_wconf 77' lang='grc' dir='ltr'>καθεύδουσιν</span> <span class='ocrx_word' id='word_1_868' title='bbox 2721 5576 2964 5631; x_wconf 84' lang='grc' dir='ltr'>ἐπελθὼν</span> <span class='ocrx_word' id='word_1_869' title='bbox 3010 5579 3135 5641; x_wconf 76' lang='grc' dir='ltr'>τοὺς</span> <span class='ocrx_word' id='word_1_870' title='bbox 3172 5578 3270 5644; x_wconf 81' lang='grc' dir='ltr'>μὲν</span> <span class='ocrx_word' id='word_1_871' title='bbox 3302 5577 3521 5640; x_wconf 80' lang='grc' dir='ltr'>πλείους</span> <span class='ocrx_word' id='word_1_872' title='bbox 3577 5581 3682 5629; x_wconf 75' lang='grc' dir='ltr'>ἀπ·</span> 
     </span>
    </p>
   </div>
   <div class='ocr_carea' id='block_1_120' title="bbox 2104 5667 3683 5734">
    <p class='ocr_par' dir='ltr' id='par_1_120' title="bbox 2104 5667 3683 5734">
     <span class='ocr_line' id='line_1_120' title="bbox 2104 5667 3683 5734; baseline -0.006 -5"><span class='ocrx_word' id='word_1_873' title='bbox 2104 5675 2311 5729; x_wconf 81' lang='grc' dir='ltr'>έκτεινε</span> <span class='ocrx_word' id='word_1_874' title='bbox 2359 5675 2455 5727; x_wconf 80' lang='grc' dir='ltr'>καὶ</span> <span class='ocrx_word' id='word_1_875' title='bbox 2512 5673 2639 5734; x_wconf 82' lang='grc' dir='ltr'>τοὺς</span> <span class='ocrx_word' id='word_1_876' title='bbox 2700 5670 2919 5733; x_wconf 71' lang='grc' dir='ltr'>λοιποῦς</span> <span class='ocrx_word' id='word_1_877' title='bbox 2975 5669 3312 5723; x_wconf 80' lang='grc' dir='ltr'>διεσκέδασε.</span> <span class='ocrx_word' id='word_1_878' title='bbox 3371 5667 3683 5721; x_wconf 82' lang='grc' dir='ltr'>Κάντεῦθεν</span> 
     </span>
    </p>
   </div>
   <div class='ocr_carea' id='block_1_121' title="bbox 2106 5761 3684 5836">
    <p class='ocr_par' dir='ltr' id='par_1_121' title="bbox 2106 5761 3684 5836">
     <span class='ocr_line' id='line_1_121' title="bbox 2106 5761 3684 5836; baseline -0.004 -17"><span class='ocrx_word' id='word_1_879' title='bbox 2106 5763 2476 5836; x_wconf 88' lang='grc' dir='ltr'>καταδραμὼν</span> <span class='ocrx_word' id='word_1_880' title='bbox 2506 5764 2602 5817; x_wconf 76' lang='grc' dir='ltr'>καὶ</span> <span class='ocrx_word' id='word_1_881' title='bbox 2630 5764 2726 5832; x_wconf 80' lang='grc' dir='ltr'>τῆς</span> <span class='ocrx_word' id='word_1_882' title='bbox 2757 5762 2909 5816; x_wconf 87' lang='grc' dir='ltr'>κάτω</span> <span class='ocrx_word' id='word_1_883' title='bbox 2956 5761 3137 5832; x_wconf 79' lang='grc' dir='ltr'>μάχης</span> <span class='ocrx_word' id='word_1_884' title='bbox 3189 5761 3437 5831; x_wconf 81' lang='grc' dir='ltr'>μετέσχε,</span> <span class='ocrx_word' id='word_1_885' title='bbox 3466 5761 3560 5814; x_wconf 75' lang='grc' dir='ltr'>καὶ</span> <span class='ocrx_word' id='word_1_886' title='bbox 3591 5761 3684 5814; x_wconf 87' lang='grc' dir='ltr'><strong>τόν</strong></span> 
     </span>
    </p>
   </div>
   <div class='ocr_carea' id='block_1_122' title="bbox 2105 5854 3683 5928">
    <p class='ocr_par' dir='ltr' id='par_1_122' title="bbox 2105 5854 3683 5928">
     <span class='ocr_line' id='line_1_122' title="bbox 2105 5854 3683 5928; baseline -0.002 -15"><span class='ocrx_word' id='word_1_887' title='bbox 2105 5876 2165 5913; x_wconf 89' lang='grc' dir='ltr'><strong>τε</strong></span> <span class='ocrx_word' id='word_1_888' title='bbox 2220 5856 2492 5928; x_wconf 67' lang='grc' dir='ltr'>Ἀντίοχον</span> <span class='ocrx_word' id='word_1_889' title='bbox 2529 5854 2783 5927; x_wconf 71' lang='grc' dir='ltr'>ἔτρεψαν,</span> <span class='ocrx_word' id='word_1_890' title='bbox 2840 5859 2935 5910; x_wconf 71' lang='grc' dir='ltr'>καὶ</span> <span class='ocrx_word' id='word_1_891' title='bbox 2976 5854 3037 5908; x_wconf 76' lang='grc' dir='ltr'><strong>τὺ</strong></span> <span class='ocrx_word' id='word_1_892' title='bbox 3092 5854 3455 5927; x_wconf 82' lang='grc' dir='ltr'>στρατόπεδον</span> <span class='ocrx_word' id='word_1_893' title='bbox 3510 5855 3683 5910; x_wconf 83' lang='grc' dir='ltr'>αὐτοῦ</span> 
     </span>
    </p>
   </div>
  </div>
