4024 6396
379 364 488 425 75.)

1652 361 2058 422 ANNALIUM
2101 361 2250 424 LIB.
2297 360 2401 424 IX.

3539 365 3650 428 7'70

375 473 541 531 εἷλον.
578 475 690 530 Καὶ
721 476 748 529 ό
783 477 883 546 μὲν
916 478 972 540 ἐς
1005 477 1105 548 τὴν
1137 475 1386 532 Χαλκίδα
1415 477 1578 540 εὐθὺς
1607 476 1937 546 ἀπεχώρησε

2065 475 2376 539 obsidente,
2407 473 2630 528 Glabrio
2674 473 2914 529 adventu
2983 489 3086 530 suo
3141 485 3195 530 ct
3234 477 3525 534 victoriam
3592 479 3652 534 cl

375 570 577 626 Μαθὼν
609 569 665 624 δὲ
696 569 789 623 τὸν
817 568 1026 622 ὕπατον
1058 568 1356 640 προσιόντα
1386 569 1442 632 ἐς
1471 569 1569 640 τὴν
1606 569 1794 622 Ἀσίαν
1825 569 1953 620 ἀνε-

373 661 614 733 κομίσθη
664 661 869 714 λαθών.
927 661 1036 715 Καὶ
1104 660 1204 732 τὴν
1246 661 1348 730 μὲν
1406 661 1671 714 Βοιωτίαν
1722 662 1816 713 καὶ
1853 657 1954 728 τὴν

374 753 608 808 Εὖϐοιαν
657 755 685 807 ὁ
730 753 1012 824 Γλαϐρίων
1053 753 1253 806 αὐτίκα
1278 751 1535 824 κατέσχε.
1576 753 1654 824 Τῇ
1691 751 1747 805 δὲ
1788 753 1955 822 Ἡρα-

373 848 552 918 κλείᾳ,
585 847 660 919 μὴ
695 846 1070 919 βουληθέντων
1099 845 1250 915 αύτῷ
1282 846 1677 917 προσχωρῆσαι
1722 844 1832 898 τῶν
1852 846 1950 898 Αἰ-

370 939 584 1002 τωλῶν,
613 939 923 1008 προσϐολὰς
949 940 1186 992 ἐποιεῖτο
1205 953 1218 968 °
1249 939 1342 991 καὶ
1370 938 1471 1008 τὴν
1494 938 1596 1008 μὲν
1623 939 1776 990 κάτω
1801 936 1956 991 πόλιν

373 1031 660 1101 πολιορκία
692 1027 831 1095 εἷλε,
857 1033 985 1094 τοὺς
1009 1030 1053 1083 δ’
1084 1033 1143 1094 ἐς
1169 1029 1270 1101 τὴν
1297 1029 1598 1101 ἀκρόπολιν
1645 1029 1956 1098 ἀναφυγόν-

369 1137 467 1181 τας
501 1121 764 1191 ὁμολογίᾳ
793 1119 1201 1191 παρεστήσατο.
1248 1119 1340 1173 Ἐν
1369 1120 1426 1172 δὲ
1447 1122 1560 1183 τοῖς
1584 1119 1706 1173 τότε
1738 1119 1958 1190 ζωγρη-

269 1257 274 1266 ,
371 1209 509 1264 θεῖσι
564 1213 661 1266 καὶ
699 1213 1043 1284 Δημόκριτος
1077 1217 1106 1272 ὁ
1163 1213 1473 1284 στρατηγὸς
1530 1213 1641 1267 τῶν
1695 1211 1954 1267 Αἰτωλῶν

377 1303 615 1370 ἐγένετο.
641 1303 698 1366 ὃς
723 1305 799 1374 τῷ
833 1306 1116 1376 Φλαμινίῳ
1139 1307 1272 1360 ποτὲ
1305 1305 1406 1375 τὴν
1433 1304 1754 1376 συμμαχίαν
1781 1305 1955 1376 ἠρνή-

376 1411 526 1460 σατο,
586 1397 682 1449 καί
731 1397 989 1468 ψήφισμα
1045 1399 1260 1451 ἐκείνου
1316 1399 1641 1468 αἰτήσαντος
1673 1396 1740 1450 ἶν’
1772 1399 1829 1460 ἐς
1853 1397 1952 1469 τὴν

382 1482 604 1554 Ῥώμην
642 1484 857 1556 πέμψῃ.
888 1485 1120 1554 Θάρῤει,
1149 1485 1276 1556 ἔφη,
1307 1485 1424 1556 ἐγὼ
1445 1485 1557 1557 γὰρ
1582 1486 1744 1553 αὐτῷ
1769 1487 1954 1559 κομιῶ

363 1575 515 1643 μετὰ
560 1577 669 1632 τοῦ
714 1578 976 1646 στρατοῦ
1024 1579 1124 1633 καί
1178 1578 1341 1647 παρὰ
1368 1579 1450 1645 τῷ
1511 1578 1758 1650 Τιϐέριδι
1805 1579 1952 1649 ὑμῖν

365 1663 812 1737 ἀναγνώσομαι.
836 1668 940 1721 Τοῦ
966 1668 1240 1722 Φιλίππου
1270 1669 1329 1724 δὲ
1359 1668 1459 1742 τήν
1489 1669 1708 1741 Λάμιαν
1737 1669 1957 1740 πολιορ-

2065 567 2352 620 manubias
2383 566 2694 635 intercepit.
2740 566 2935 620 (ἐποιετί
2962 566 3153 633 Αῐιοιὶ,
3188 585 3314 624 cum
3385 571 3650 628 Romanis

2061 657 2347 712 conciliari
2373 657 2594 722 vellent,
2629 659 2863 728 pecunia
2895 675 2995 728 per
3033 659 3242 729 legatos
3273 662 3341 716 ab
3374 663 3647 718 Antiocho

2060 761 2307 820 accepta,
2342 750 2629 820 repudiata
2685 765 2819 820 pace
2874 751 3020 805 bello
3071 766 3128 806 se
3171 764 3470 820 pararunt;
3511 756 3646 810 Phi-

2056 843 2207 913 lippo
2231 843 2605 898 Romanorum
2627 843 2924 897 amicitiam
2949 842 3264 908 simulantc,
3300 859 3424 899 cum
3450 847 3642 901 Antio-

2055 933 2161 988 cho
2199 933 2342 1010 clam
2363 933 2648 1007 studeret.
2696 935 2914 988 Interea
2960 932 3260 1008 Qiabrione
3301 935 3642 1010 Naupactum

2053 1004 2568 1077 Aitolicaenditionis
2607 1021 2918 1085 obsidente,
2947 1004 3252 1077 Flaminius
3281 1004 3494 1078 civibus
3519 1041 3645 1080 cum

2056 1116 2261 1187 quibus
2285 1115 2336 1170 ei
2373 1115 2570 1170 notitia
2599 1125 2740 1178 erat,
2781 1116 3074 1185 persuasit,
3105 1129 3164 1169 ut
3195 1131 3384 1184 pacem
3437 1118 3646 1187 ample-

2057 1214 2363 1262 cterentur.
2394 1208 2583 1277 Itaque
2607 1216 2664 1261 et
2686 1208 2740 1261 lii
2777 1217 2832 1262 et
2884 1207 3124 1277 Epirotae
3158 1208 3365 1275 legatos
3411 1209 3641 1263 Romam

2056 1299 2346 1356 miserunt.
2384 1301 2674 1370 Philippus
2703 1315 2905 1355 corona
2944 1299 3262 1368 triumphali
3310 1301 3432 1354 Jovi
3481 1301 3646 1371 Capi-

2055 1392 2230 1447 tolino
2256 1392 2478 1457 donata,
2508 1400 2708 1462 praeter
2756 1392 2863 1444 alia
2921 1407 3150 1444 munera
3198 1391 3368 1444 filium
3421 1407 3644 1461 quo_ue

2043 1483 2384 1539 Demetrium
2415 1483 2663 1538 obsidem
2689 1481 2742 1536 in
2773 1483 2910 1536 urbe
2939 1493 3191 1550 agentem
3217 1483 3448 1552 reenpit.
3489 1481 3645 1535 Elo-

2045 1576 2116 1631 lis
2148 1575 2273 1630 ideo
2299 1589 2400 1644 pax
2424 1574 2550 1628 data
2580 1589 2692 1628 non
2719 1582 2822 1638 est,
2864 1575 3011 1644 quod
3040 1575 3188 1629 nulla
3248 1590 3308 1629 re
3358 1573 3640 1628 deteriore

2046 1667 2374 1724 conditione
2411 1683 2535 1722 esse
2571 1667 2854 1722 volebant.

365 1758 589 1823 κοῦντος
615 1761 850 1833 ἐπῆλθεν
886 1761 974 1816 ἐπ’
1020 1763 1191 1835 αὐτὴν
1232 1763 1262 1816 ὁ
1289 1763 1596 1835 Γλαϐρίων,
1649 1765 1746 1818 καὶ
1773 1766 1874 1836 τήν
1925 1781 1987 1818 τε
2026 1765 2186 1836 νίκην
2217 1763 2313 1817 καὶ
2335 1763 2434 1833 τὴν
2502 1761 2655 1816 λείαν
2691 1761 3104 1832 ἐσφετερίσατο.
3163 1761 3284 1813 Τῶν
3321 1762 3506 1832 μέντοι
3542 1762 3639 1813 Αἰ-

364 1850 552 1905 τωλῶν
605 1854 657 1907 οἰ
703 1851 885 1907 λοιποὶ
939 1853 1340 1924 συναλλαγῆναι
1377 1855 1477 1924 μὲν
1507 1853 1805 1926 ἠθέλησαν,
1873 1855 1978 1908 ούκ
2020 1853 2348 1907 ἐσπείσαντο
2401 1851 2458 1904 δὲ
2511 1850 2606 1904 τοῦ
2653 1850 2928 1921 Ἀντιόχου
2989 1851 3248 1921 πρέσϐεις
3322 1853 3507 1913 αὐτοῖς
3543 1854 3640 1906 καὶ

337 1943 624 2015 -χρήματα
661 1944 1016 2016 πέμψαντος·
1107 1945 1243 2001 ἀλλὰ
1294 1945 1432 2018 πρὸς
1516 1947 1756 2018 πόλεμον
1824 1947 2208 2017 ἡτοιμάζοντο.
2271 1946 2382 1998 Καὶ
2454 1946 2482 1996 ὁ
2531 1943 2798 2004 Φίλιππος
2857 1943 3182 2010 ὑπεκρίνετο
3217 1942 3318 2010 μὲν
3365 1943 3463 2011 τὴν
3502 1941 3640 2013 πρὸς

363 2034 490 2099 τοὺς
523 2036 830 2108 Ῥωμαίους
856 2037 1061 2108 φιλίαν,
1091 2038 1158 2092 τά
1181 2039 1238 2092 δὲ
1261 2037 1355 2092 τοῦ
1383 2039 1664 2109 Ἀντιόχου
1698 2038 1938 2110 ἐφρόνει.
1994 2038 2086 2092 Ἐν
2157 2040 2338 2106 τούτῳ
2395 2036 2454 2089 δὲ
2492 2037 2829 2089 Ναύπακτον
2857 2033 2884 2084 ό
2917 2033 3198 2105 Γλαϐρίων
3232 2035 3340 2086 τῶν
3384 2034 3640 2088 Αἰτωλῶν

360 2127 530 2185 οὖσαν
585 2122 917 2203 ἐπολιόρκει,
971 2131 1064 2195 οὓς
1129 2131 1299 2184 ἐλθὼν
1344 2134 1372 2185 ὁ
1428 2132 1722 2204 Φλαμίνιος
1793 2134 1982 2188 ἔπεισε
2024 2133 2376 2197 σπείσασθαι,
2444 2131 2736 2202 γνωρίμως
2790 2131 2975 2194 αὐτοῖς
3005 2129 3166 2202 ἔχων.
3211 2131 3321 2183 Καὶ
3377 2133 3640 2208 πρέσϐεις

359 2222 442 2283 εἰς
480 2223 578 2294 τὴν
611 2222 833 2294 Ῥώμην
862 2222 1064 2278 ἐκεῖνοί
1090 2239 1150 2276 τε
1181 2224 1344 2277 καὶοί
1375 2222 1714 2294 Ἠπειρῶται
1748 2227 2082 2282 ὲστάλκασι·
2157 2227 2254 2281 καὶ
2320 2228 2348 2280 ὁ
2401 2225 2668 2289 Φίλιππος
2719 2227 2984 2294 στέφανον
3032 2227 3350 2295 νικητήριον
3413 2228 3488 2295 τῷ
3555 2223 3640 2278 Διὶ

359 2309 437 2380 τῷ
468 2312 804 2383 Καπιτωλίῳ
837 2312 1086 2382 πέμψας,
1109 2311 1246 2365 ἄλλα
1295 2330 1353 2366 τε
1379 2313 1696 2386 ἀντειλήφει
1733 2315 1831 2368 καὶ
1861 2316 1956 2370 τὸν
1997 2315 2110 2370 υἰδν
2175 2315 2491 2387 Δημήτριον
2544 2316 2606 2370 ἐν
2647 2313 2836 2387 Ῥώμῃ
2904 2316 3268 2388 ὁμηρεύοντα.
3323 2318 3444 2380 Τοῖς
3472 2316 3517 2370 δ’
3550 2320 3642 2371 AZ-

359 2406 552 2470 τωλοῖς
573 2407 798 2462 σπονδαὶ
823 2407 924 2461 ούκ
950 2408 1221 2477 ἐγένοντο,
1253 2411 1316 2463 οὐ
1348 2410 1460 2482 γὰρ
1487 2410 1866 2482 ἐλαττωθῆναί
1889 2430 1940 2466 τι
1981 2408 2365 2476 κατεδέξαντο.

436 2503 518 2554 K'.
561 2501 687 2554 Ἐπὶ
724 2501 780 2554 δὲ
812 2501 906 2555 τὸν
940 2503 1217 2574 Ἀντίοχον
1251 2505 1302 2556 οἰ
1347 2504 1618 2575 Ῥωμαῖοι
1655 2507 1780 2568 τοὺς
1815 2506 1938 2559 Σκι-

2117 2507 2236 2561 XX.
2275 2505 2482 2562 Contra
2498 2506 2833 2562 Antiochum
2863 2507 3095 2562 Romani
3145 2507 3454 2577 Scipiones,
3490 2509 3644 2564 Afri-

362 2594 571 2656 πίωνας
599 2591 817 2660 ἔταξαν,
848 2595 940 2647 τόν
969 2613 1029 2648 τε
1088 2596 1419 2667 Ἀφρικανὸν
1462 2597 1559 2651 καὶ
1587 2598 1678 2651 τὸν
1713 2598 1938 2667 ἀδελφὺν

2047 2615 2248 2654 canum
2274 2608 2332 2654 et
2359 2599 2586 2654 fratrem
2607 2601 2728 2671 ejus
2747 2601 2976 2654 Lucium
2994 2602 3294 2666 miserunt;
3320 2605 3412 2671 qui
3439 2601 3638 2657 Aitolis

361 2685 528 2740 αὐτοῦ
553 2685 804 2741 Λούκιον.
839 2687 904 2740 Οἳ
934 2690 1046 2752 τοῖς
1080 2688 1180 2760 μὲν
1210 2690 1471 2752 Αἰτωλοῖς
1499 2690 1700 2761 ἀνοχὴν
1733 2691 1943 2744 ἕδωσαν

363 2777 432 2831 ἵν’
454 2777 510 2840 ἐς
537 2776 637 2848 τὴν
678 2775 897 2848 Ῥώμην
928 2774 1086 2842 αὖθις
1114 2779 1259 2850 ὑπὲρ
1288 2780 1386 2850 τῆς
1411 2782 1637 2850 εἰρήνης
1667 2780 1940 2852 πρεσϐεύ-

363 2884 588 2923 σωνται.
647 2868 972 2936 Ἢπείγοντο
1026 2869 1072 2922 δ’
1115 2871 1210 2923 ἐπὶ
1239 2870 1667 2942 τὸνιἋντίοχον·
1701 2872 1795 2924 καὶ
1848 2872 1942 2924 ἐπὶ

361 2961 702 3015 Μακεδονίαν
733 2960 1002 3028 ἐλθόντες,
1037 2963 1360 3033 συμμάχους
1393 2980 1450 3016 τε
1474 2962 1732 3026 λαϐόντες
1760 2965 1822 3016 ὲκ
1846 2961 1941 3016 τοῦ

360 3053 650 3118 Φιλίππου,
680 3053 771 3106 ἐπὶ
792 3053 884 3106 τόν
918 3053 1316 3124 Ἑλλήσποντον
1351 3055 1580 3126 ήλασαν.
1614 3057 1725 3108 Καὶ
1755 3057 1810 3119 ἐς
1841 3057 1941 3125 τὴν

361 3144 550 3198 Ἀσίαν
587 3145 1014 3215 περαιωθέντες,
1046 3147 1115 3201 τὰ
1164 3147 1399 3202 πλεῖστα
1438 3147 1548 3201 τῶν
1588 3147 1942 3218 παραθαλασ-

364 3237 496 3288 σίων
540 3235 842 3290 κατέλαϐον
894 3237 1428 3309 προκατειλημμένα
1480 3241 1634 3310 παρά
1683 3240 1791 3293 τῶν
1823 3241 1942 3292 ὲκεῖ

364 3325 816 3395 προαπελθόντων
873 3327 1190 3398 Ῥωμαίων.
1251 3331 1396 3400 Πρὸς
1419 3330 1473 3384 δὲ
1521 3330 1734 3384 καὶτοῦ
1765 3331 1942 3401 Εὐμε-

362 3419 509 3483 νοῦς,
564 3420 657 3473 καί
714 3420 820 3475 τῶν
862 3419 1102 3485 Ῥοδίων,
1159 3423 1208 3474 οἳ
1240 3422 1337 3475 καὶ
1383 3423 1473 3476 τὸν
1503 3422 1759 3476 Ἀννίϐαν
1807 3424 1940 3484 ναῦς

359 3528 514 3574 τινας
546 3513 608 3565 ὲκ
631 3514 884 3584 Φοινίκης
904 3515 1107 3583 ἄγοντα
1138 3515 1262 3585 περὶ
1295 3515 1625 3586 Παμφυλίαν
1655 3516 1936 3585 ἐνίκησαν.

361 3603 472 3657 Καὶ
495 3605 740 3676 Εὐμενῆ,
763 3606 820 3659 δὲ
860 3610 953 3660 καὶ
990 3607 1253 3671 ’Λτταλος
1287 3609 1314 3660 ὁ
1359 3607 1594 3676 ἀδελφὸς
1636 3608 1801 3677 αὐτοῦ
1837 3609 1938 3680 τὴν

359 3698 546 3768 χώραν
579 3699 814 3752 ἐκάκουν
854 3698 948 3751 τοῦ
993 3700 1306 3770 ’Δντιόχουο
1364 3701 1458 3753 καὶ
1489 3699 1700 3766 πόλεις,
1733 3701 1788 3754 αἰ
1836 3701 1938 3772 μὲν

359 3788 449 3860 βία
471 3789 590 3843 αίδ⁸
617 3790 890 3855 ἑκούσιαι,
923 3793 1014 3861 πρ“
1033 3809 1059 3856 ς
1093 3793 1218 3854 τοὺς
1252 3791 1562 3862 Ῥωμαίους
1589 3793 1934 3863 μεθίσταντο,

356 3880 498 3934 ὥστε
548 3885 611 3935 ἐκ
656 3885 862 3936 τούτοιν
918 3885 1331 3954 ἀναγκασθῆναι
1375 3887 1468 3938 τὸν
1511 3886 1785 3956 ’Λντίοχον
1837 3887 1936 3956 τὴν

356 3970 626 4041 Εὐρώπην
657 3989 715 4026 τε
749 3974 1026 4036 παντελῶς
1061 3973 1328 4039 ἐκλιπεῖν,
1355 3975 1448 4028 καὶ
1479 3977 1570 4029 τὸν
1601 3978 1716 4029 υἱον
1747 3977 1938 4029 Σέλευ-

354 4079 448 4116 κον
476 4065 584 4118 ἀπὸ
613 4067 712 4135 τῆς
736 4065 1083 4135 Λυσιμαχίας
1117 4068 1433 4134 ἀπαγαγεῖν
1457 4084 1471 4098 ·
1495 4068 1554 4119 ὃν
1571 4070 1935 4123 ἐπανελθόντα

355 4156 455 4210 σὺν
508 4139 740 4228 δύ’νάμει
796 4160 887 4212 ἐπὶ
945 4158 1044 4230 τὴν
1101 4160 1396 4230 Πέργαμον
1455 4160 1722 4231 ἐπεμψεν.
1763 4163 1850 4226 Ὠς
1877 4165 1934 4216 δὲ

354 4245 760 4317 προσεδρεύσας
787 4251 850 4320 τῇ
894 4249 1047 4303 πόλει
1074 4250 1228 4302 οὐδὲν
1273 4251 1532 4319 ἐπέρανε,
1579 4255 1674 4305 καὶ
1723 4253 1772 4305 οἰ
1803 4255 1934 4306 Σκι-

355 4335 559 4398 πίωνες
624 4338 898 4413 ἐπῆλθον,
948 4341 1112 4405 εὐθὺς
1170 4327 1353 4405 αὐτοῖς
1423 4343 1931 4415 ἐπεκηρυκεύσατο,

352 4423 734 4496 προσδοκήσας
778 4428 1062 4493 τεύξεσθαι
1095 4431 1190 4499 τῆς
1217 4431 1466 4503 εἰρήνης,
1495 4434 1579 4487 ὅτι
1626 4433 1716 4487 τὸν
1737 4434 1932 4506 Ἀφρι-

353 4514 520 4567 κανοῦ
552 4515 670 4570 υίὺν
710 4518 1011 4586 συλλαϐὼν,
1054 4522 1113 4574 ὲν
1145 4521 1414 4595 θεραπείᾳ
1441 4519 1557 4595 εἶχε
1591 4526 1786 4598 πολλῇ,
1838 4530 1933 4583 καὶ

353 4605 529 4670 τέλος,
567 4608 776 4682 καίπερ
825 4612 934 4665 τῶν
962 4613 1209 4667 σπονδῶν
1235 4616 1525 4687 ἁμαρτὼν,
1553 4618 1684 4672 ἄνευ
1717 4621 1930 4692 λύτρων

351 4695 567 4766 ἀφῆκεν
597 4701 783 4754 αὐτόν.
818 4703 935 4757 Οὐκ
958 4705 1176 4773 ἐγένετο
1198 4706 1257 4760 δὲ
1289 4709 1322 4779 ἡ
1353 4709 1570 4782 εἰρήνη,
1600 4711 1691 4764 τοῦ
1721 4711 1930 4766 Ἀντιό-

349 4804 446 4856 χου
476 4788 512 4842 ἃ.
543 4791 592 4842 οἰ
627 4789 889 4863 Ῥωμαῖοι
911 4796 1179 4868 ἀπῄτουν,
1213 4799 1291 4869 μὴ
1318 4799 1649 4871 συνθεμένου
1679 4803 1924 4873 ποιῆσαι.

349 4877 500 4943 Τέως
531 4884 719 4951 μέντοι
745 4886 839 4938 ἐπὶ
872 4888 1008 4940 πολὺ
1035 4888 1342 4960 ἡσύχασαν,
1375 4885 1496 4945 εἷτα
1518 4893 1614 4946 καὶ
1649 4894 1925 4966 ὲπολέμη·

350 4986 470 5026 σαν.
513 4972 572 5026 ‘0
603 4973 662 5026 δὲ
700 4974 850 5044 ἀγὼν
886 4977 1062 5043 οὕτως
1090 4982 1331 5049 ἐγένετο.
1364 4983 1568 5053 Πρῶτα
1587 4985 1655 5038 τὰ
1681 4985 1925 5056 ἅρματα,

348 5057 469 5116 εἷτα
518 5064 645 5129 τοὺς
704 5069 1011 5138 ἐλέφαντας
1060 5073 1089 5125 ό
1120 5073 1397 5144 Ἀντίοχος
1427 5075 1609 5142 ἔταξε,
1661 5080 1756 5131 καὶ
1786 5080 1928 5148 μετά

2045 2690 2300 2746 inducias
2321 2691 2616 2756 dederunt,
2642 2692 2772 2746 dum
2805 2693 3030 2745 Romam
3055 2691 3262 2762 legatos
3290 2694 3632 2762 pacificatum

2046 2782 2358 2838 mitterent.
2388 2783 2456 2836 Et
2483 2782 2610 2852 quia
2648 2792 2840 2836 contra
2871 2783 3207 2836 Antiochum
3231 2785 3629 2854 properabant,

2046 2873 2100 2926 in
2127 2871 2502 2926 Macedoniam
2561 2873 2818 2943 profecti,
2875 2876 3228 2944 acceptisque
3286 2892 3316 2928 a
3378 2877 3634 2947 Philippo

2043 2966 2286 3029 auxiliis,
2319 2981 2418 3035 per
2451 2966 2866 3034 Hellespontum
2905 2965 2960 3020 iu
3004 2965 3193 3021 Asiam
3235 2968 3472 3038 trajccti,
3523 2985 3638 3022 ma«

2044 3059 2245 3110 ximam
2274 3073 2384 3112 ora:
2412 3057 2702 3111 maritima:
2733 3067 2944 3126 partem
2977 3073 3006 3112 a
3042 3059 3325 3123 Romanis,
3355 3060 3448 3128 qui
3477 3061 3633 3128 prius

2042 3163 2109 3203 eo
2139 3158 2426 3212 venerant,
2457 3158 2622 3218 atque
2651 3148 2721 3202 ab
2751 3148 2996 3204 Eumene
3021 3157 3077 3202 et
3115 3149 3366 3214 Rhodiis,
3419 3166 3633 3220 praeoc-

2042 3248 2240 3309 cupata
2268 3239 2628 3306 invenerunt;
2662 3256 2690 3292 a
2715 3240 2918 3308 quibus
2945 3239 3112 3294 etiam
3170 3240 3404 3295 Annibal
3463 3257 3633 3296 naves

2041 3333 2253 3402 aliquot
2281 3348 2311 3386 e
2341 3331 2623 3387 Plimnicia
2649 3331 3057 3400 ducens,juxta
3108 3330 3490 3402 Pamphyliam
3546 3334 3632 3387 vi-

2042 3431 2164 3476 ctus
2193 3422 2392 3476 fuerat.
2447 3423 2695 3476 Eumene
2746 3437 2916 3491 porro
2955 3430 3012 3477 et
3062 3423 3246 3477 Attalo
3297 3425 3472 3478 fratre
3507 3424 3629 3493 ejus

2039 3515 2312 3570 Antiochi
2345 3530 2575 3584 regnum
2612 3515 2978 3580 vastantibus,
3009 3515 3178 3571 urbes
3209 3517 3407 3585 partim
3458 3516 3628 3580 ultro,

2039 3609 2239 3678 partim
2266 3617 2468 3662 coactae
2496 3608 2562 3662 ad
2616 3608 2897 3662 Romanos
2928 3607 3274 3663 defecerunt.
3317 3608 3472 3663 Unde
3532 3623 3630 3662 ne-

2039 3701 2269 3756 cessitas
2299 3699 2576 3754 Antiocho
2615 3699 2871 3768 imposita
2908 3707 2994 3753 est
3030 3698 3249 3770 Europa
3282 3714 3510 3768 prorsus
3535 3713 3630 3752 ex-

2041 3793 2297 3859 cedendi,
2353 3801 2410 3848 et
2461 3791 2681 3848 Seleuci
2728 3792 2826 3846 ﬁlii
2889 3791 3238 3863 Lysimachia
3286 3790 3625 3847 revocandi:

2040 3900 2204 3954 quem
2257 3899 2514 3940 reversus
2555 3900 2682 3940 cum
2739 3883 2937 3954 copiis,
2981 3885 3303 3952 Pergamum
3349 3884 3516 3938 misit.
3556 3883 3628 3940 Ut

2039 3987 2222 4029 autem
2249 3975 2468 4031 obsidio
2506 3975 2687 4031 inanis
2716 3985 2858 4041 erat,
2910 3985 2967 4030 et
3023 3974 3211 4044 Scipio
3266 3972 3624 4036 adventabat,

2038 4068 2222 4121 statim
2250 4067 2619 4123 caduceatore
2658 4067 2828 4122 misso
2874 4082 3027 4137 spem
3073 4066 3224 4137 pacis
3267 4065 3625 4135 impetranda:

2037 4159 2255 4223 habuit,
2281 4159 2429 4228 quod
2455 4159 2702 4214 Africani
2744 4159 2916 4213 filium
2973 4167 3194 4228 captum
3253 4156 3625 4211 honorificen-

2040 4250 2248 4303 tissime
2331 4257 2624 4315 tractaret;
2705 4263 2869 4317 quem
2916 4247 3134 4302 tandem
3211 4246 3465 4315 quamvis
3526 4260 3622 4313 spe

2035 4355 2135 4395 sua
2168 4340 2488 4406 frustratus,
2552 4340 2725 4411 gratis
2775 4338 3009 4394 dimisit.
3061 4337 3370 4405 Quoniinus
3431 4346 3619 4391 autem

2035 4431 2199 4505 [‘53
2236 4449 2338 4503 pax
2370 4431 2548 4496 fieret,
2581 4434 2637 4486 in
2687 4446 2850 4487 causa
2887 4431 3044 4486 fuere
3078 4430 3424 4484 conditiones
3483 4445 3621 4499 quas

2038 4527 2268 4581 Romani
2305 4526 2550 4580 tulerant
2613 4541 2724 4581 non
2779 4534 3039 4594 acceptae.
3084 4523 3221 4579 Cum
3283 4524 3352 4577 ad
3405 4535 3622 4592 tempus

2035 4619 2396 4689 quicvisseut,
2429 4617 2664 4687 repetito
2692 4616 2862 4682 bello,
2913 4617 3027 4671 haec
3058 4632 3257 4686 pugnae
3313 4617 3457 4670 ratio
3493 4617 3618 4671 fuit.

2034 4711 2343 4768 Antiochus
2371 4709 2553 4781 primo
2587 4709 2733 4776 loco,
2779 4725 2978 4765 currus
3023 4709 3319 4779 disposuit,
3373 4713 3620 4764 secundo

2031 4804 2376 4873 elephantos,
2401 4801 2603 4858 deinde
2634 4802 2950 4858 funditores
3003 4812 3064 4859 et
3097 4801 3435 4874 sagittarios.
3473 4801 3617 4857 Cur-

2033 4912 2193 4951 ruum
2236 4897 2504 4967 impetum
2534 4896 2766 4951 Romani
2807 4897 3026 4967 priores
3067 4896 3398 4952 excursione
3451 4894 3614 4956 facta,

2033 5003 2340 5058 magnoque
2373 4989 2613 5045 clamore
2637 4989 2856 5044 sublato
2883 4988 2940 5047 iu
2969 5003 3068 5044 eos
3093 4988 3231 5043 illati
3262 4987 3615 5050 retuderunt,

2034 5089 2092 5134 ut
2116 5080 2438 5149 pleriquein
2461 5080 2789 5150 elephantos
2834 5096 3028 5135 rursus
3079 5079 3356 5144 conversi,
3403 5078 3615 5132 amico-

349 5153 522 5209 ταῦτα
550 5159 678 5222 τοὺς
711 5161 1077 5234 σφενδονήτας
1109 5167 1205 5218 καὶ
1234 5169 1362 5229 τοὺς
1395 5169 1638 5233 τοξότας.
1673 5171 1784 5240 Τὴν
1824 5172 1923 5240 μὲν

2041 5187 2153 5224 rum
2179 5173 2351 5226 aciein
2382 5172 2690 5239 turbarent,
2713 5189 2839 5228 cum
2862 5185 2920 5228 et
2946 5171 3049 5243 ipsi
3079 5182 3286 5227 temere
3312 5173 3610 5235 ferrentur,

350 5247 444 5301 οὖν
472 5250 746 5324 ἐκδρομήν
779 5255 889 5308 τῶν
908 5257 1172 5328 ἁρμάτων
1204 5259 1687 5330 προεκδραμόντες
1709 5263 1757 5314 οἱ
1792 5261 1920 5316 Ῥωο

350 5343 503 5410 μαῖοι
542 5347 638 5398 καὶ
672 5347 813 5415 μετὰ
847 5350 1102 5420 κραυγῆς
1137 5352 1289 5419 σφίσι
1317 5352 1518 5421 πολλῆς
1551 5353 1923 5424 ἀντιμέτωποι

347 5436 753 5504 προσπεσόντες
797 5439 1092 5510 ἀνέκοψαν,
1151 5441 1294 5496 ὥστε
1337 5443 1405 5496 τὰ
1456 5445 1630 5499 πολλά
1661 5447 1842 5501 αὐτῶν
1866 5451 1923 5510 ἐς

341 5528 467 5588 τοὺς
498 5527 798 5598 ἐλέφαντας
824 5535 1146 5604 τραπόμενα
1177 5537 1342 5588 πάλιν
1367 5536 1426 5590 τὸ
1459 5538 1659 5590 οἰκεῖον
1693 5541 1921 5593 συνετά-

343 5618 514 5688 ραξαν
537 5634 552 5648 °
587 5620 742 5673 αὐτοί
772 5638 830 5674 τε
861 5623 970 5694 γὰρ
1005 5625 1320 5680 ἐπλανῶντο
1351 5628 1446 5680 καὶ
1481 5630 1609 5692 τοὺς
1660 5631 1918 5684 ἐπιτετα-

341 5712 584 5777 γμένονς
614 5715 798 5781 σφίσιν
855 5717 1261 5788 ἐκφοϐήσαντες
1291 5720 1644 5777 διεσκέδασαν
1677 5737 1693 5754 ⁶
1728 5725 1824 5792 τὴν
1863 5725 1920 5777 δὲ

337 5802 553 5867 τοξείαν
584 5805 678 5858 καὶ
703 5805 802 5878 τὴν
828 5810 1180 5880 σφενδόνησιν
1207 5811 1413 5883 ὄμϐρος
1445 5813 1614 5877 πολὺς
1667 5815 1920 5886 ἐπιγενό-

2029 5273 2086 5318 et
2141 5265 2552 5320 commilitones
2638 5267 2861 5321 territos
2912 5265 3272 5335 dissiparent.
3327 5263 3609 5334 Sagittarii

2031 5373 2182 5419 vero,
2209 5358 2619 5420 etfunditores.
2653 5373 2852 5428 magno
2892 5358 3070 5413 imbre
3129 5365 3260 5412 sunt
3311 5357 3610 5412 debilitati.

2026 5448 2107 5503 Ad
2147 5449 2283 5512 haec,
2312 5465 2507 5519 magna
2545 5458 2602 5503 et
2628 5449 2798 5503 densa
2843 5448 3047 5503 nebula
3077 5446 3357 5502 Romanos
3404 5448 3612 5519 quippe

2029 5543 2286 5606 victores,
2311 5552 2366 5595 et
2392 5544 2644 5596 cominus
2684 5543 2815 5596 totis
2846 5541 3059 5596 viribus
3110 5551 3419 5612 pugnantes
3467 5540 3608 5595 nihil

2027 5633 2316 5703 impediit;
2352 5634 2445 5688 sed
2499 5633 2848 5688 adversarios
2898 5634 3148 5699 territos,
3208 5646 3264 5688 et
3309 5632 3610 5703 sagittariis
3654 5692 3662 5700 _

2025 5735 2187 5795 atque
2216 5727 2464 5795 equitatu
2487 5729 2722 5782 maxime
2742 5728 3001 5793 nitentes,
3028 5728 3286 5798 adempto
3311 5736 3606 5798 prospectu

2025 5818 2093 5874 ad
2122 5817 2408 5889 dirigenda
2451 5821 2577 5891 tela,
2616 5821 2762 5877 inter
2783 5837 2904 5878 sese
2943 5830 3002 5876 ut
3047 5825 3102 5878 in
3159 5824 3404 5880 tenebris
3445 5822 3610 5877 ober-
