2012 3203
217 178 269 211 ’ΠΙ
877 175 1041 209 JOANNIS

1061 177 1221 210 ZONARIE
1805 182 1875 214 772

219 242 322 270 rantes,
337 236 454 264 multum
467 236 550 265 lzesit.
568 235 723 265 Antiochus
750 240 842 263 tamen
865 236 1010 273 cataphra-

1068 245 1150 271 μενος
1178 236 1281 271 ἀσοενῆ
1309 235 1451 272 ἐποίησιν.
1484 237 1600 273 Ὀμίχλη
1618 246 1647 264 τε
1677 238 1792 274 πλείστη
1813 241 1873 266 καὶ

220 284 272 313 etis
283 283 424 319 equitibus
439 282 587 310 adversum
612 289 699 310 cornu
725 281 900 317 proﬂigatum
923 290 1010 318 usque

219 329 253 357 ad
278 334 369 357 castra
395 334 559 364 persecutus
572 332 633 363 est;
667 335 756 363 eaque
787 328 916 364 cepisset,
956 329 1010 357 nisi

218 376 254 403 M.
268 375 395 403 (Emilius
408 374 530 410 Lepidus
544 375 578 402 iis
596 374 789 404 custodiendis
804 375 929 407 relictus,
954 376 1011 403 Ro-

218 428 364 448 manorum
381 419 487 454 primos
506 419 673 447 accedentes
696 418 855 450 occidisset,
885 426 948 446 cum
970 419 1012 447 eis

218 471 249 494 ut
262 467 354 502 fugam
367 466 510 498 sisterent,
522 465 690 501 persuadere
703 473 758 494 non
781 465 926 501 potuisset.
941 465 1010 493 Tum

216 513 292 541 enim
305 517 334 540 et
349 512 451 546 reliqui
464 512 491 539 in
504 512 610 539 hostem
636 511 789 544 redierunt,
810 516 838 539 et
865 512 922 547 ipse
947 519 1010 539 cum

219 559 337 595 integris
362 558 541 594 prazsidiariis
561 559 728 588 excursione
742 558 823 591 facta,
842 559 1010 586 Antiochum

217 605 329 640 repulit.
357 604 465 632 interea
482 612 548 632 vero
578 604 679 632 Zeuxis
709 605 744 634 ab
772 605 824 632 nlla
862 610 940 640 parte
983 605 1010 633 in

216 650 443 685 vallumirrupit,
467 649 551 685 idque
565 650 698 685 diripuit;
728 650 817 679 donec
837 650 970 686 Lepidus,
981 658 1012 679 re

216 696 419 728 animadversa,
435 700 464 724 et
483 703 533 723 sua
563 701 653 723 castra
674 695 816 729 defendit,
852 701 880 723 et
917 696 1011 731 Scipio

215 742 345 770 Antiochi
362 742 447 777 cepit.
462 742 492 769 1n
517 742 551 770 iis
566 742 644 770 multi
660 743 801 775 mortales,
831 743 911 770 multi
934 744 1010 778 equi,

213 787 349 823 iumenta,
364 791 521 822 argentum,
537 795 650 818 aurum.
663 787 745 819 ebur,
759 793 787 816 et
809 787 868 814 alia:
883 795 930 815 res
946 795 1011 822 pre-

216 835 294 862 tiosa:
311 835 439 862 inventae.
458 833 614 861 Antiochus
637 834 728 861 vietus
746 834 841 862 statim
859 834 887 861 in
903 833 1010 870 Syriam

216 881 342 909 recessit.
360 880 453 908 Asiani
477 879 566 907 Graeci
591 879 625 907 ad
651 879 839 908 Romanorum
859 880 1009 908 amicitiam

215 936 245 955 se
260 928 448 956 contulerunt.
466 927 531 954 l’ost
552 927 611 954 hate
629 926 749 954 inducia
762 927 888 962 quaedam
911 927 1010 955 Antio—
1026 920 1048 950 Β

215 974 268 1001 clio
283 974 387 1009 petenti
402 977 488 1008 pacta:
503 977 577 1000 sunt.
598 972 666 1000 Nam
687 977 716 1000 et
729 972 821 1008 Scipio
834 978 947 1009 propter
976 974 1010 1001 li-

216 1018 283 1045 lium
294 1018 319 1045 ei
333 1018 401 1045 bene
417 1017 558 1052 cupiebat,
574 1021 602 1045 et
622 1018 721 1045 consul
735 1018 879 1047 victoriam
900 1026 1010 1047 succes-

215 1064 271 1091 sori
287 1063 521 1099 aopropinquanti
541 1063 694 1092 concedere
703 1064 824 1092 nolebat.
841 1064 910 1092 Cum
927 1065 1009 1101 igitur

215 1108 286 1136 nihil
313 1109 431 1144 amplius
453 1108 591 1136 Antiocho
621 1109 830 1145 imposuissent.
866 1118 950 1145 quam
976 1119 1010 1139 ea

215 1163 277 1190 qua:
288 1158 352 1182 ante
365 1162 484 1189 pugnam
503 1155 686 1189 postularant,
702 1155 753 1186 Cn.
776 1156 894 1185 Manlius
911 1164 1009 1184 eorum

214 1207 369 1232 successor,
387 1200 433 1227 illa
447 1200 575 1235 pactione
588 1200 661 1228 haud
672 1205 831 1235 contentus,
847 1202 928 1237 plura
943 1211 1010 1231 exe-

213 1247 271 1283 git;
285 1251 313 1275 et
325 1247 399 1275 inter
409 1247 520 1275 obsides
534 1248 621 1283 ipsius
635 1248 719 1276 etiam
731 1248 818 1276 lilium
839 1250 1008 1278 Antiochum

213 1293 293 1326 dare.
308 1297 337 1321 et
348 1293 503 1329 transfugas
516 1302 614 1322 omnes
632 1294 735 1323 dedere
745 1295 839 1331 jussit,
856 1295 929 1324 inter
939 1304 1009 1331 quos

212 1343 275 1367 erat
295 1339 379 1367 etiam
403 1339 533 1368 Annibal.
553 1340 589 1368 lis
608 1341 756 1376 postulatis
781 1341 937 1370 Antiochus
965 1343 1007 1370 vel

213 1386 317 1414 invitus
332 1387 442 1422 paruit;
458 1387 505 1414 sed
517 1387 692 1420 Annibalem,
709 1389 756 1423 qui
767 1389 823 1423 jam
835 1389 869 1416 ad
879 1390 1008 1417 Prusiam

212 1432 347 1468 Bithyniae
362 1440 453 1469 regem
471 1433 643 1468 coM‘ugerat.
663 1434 766 1463 dedere
779 1434 862 1471 454
880 1443 935 1463 non
957 1444 1008 1469 po-

212 1478 277 1511 tuit,
291 1481 320 1506 et
334 1478 431 1514 legatis
446 1479 559 1506 Romam
578 1480 681 1511 missis,
698 1480 729 1507 iis
743 1481 950 1508 conditionibus
961 1489 1009 1516 pa-

210 1531 272 1552 cem
287 1523 364 1551 fecit.
380 1523 412 1551 L.
430 1532 495 1551 vero
508 1525 601 1559 Scipio
614 1533 645 1552 ea
665 1526 779 1553 victoria
806 1533 930 1561 magnam
949 1527 1008 1554 lau«

211 1569 274 1603 dem
286 1570 414 1605 adeptus,
431 1569 545 1597 Asiatici
560 1576 775 1604 cognomentum
806 1579 840 1599 ex
865 1572 1007 1607 provincia

209 1616 383 1651 deportavit;
403 1616 637 1651 quemadmodum
664 1617 748 1645 frater
760 1606 925 1654 Carthagine
937 1619 1004 1646 sub-
1021 1606 1042 1634 ί)

210 1666 282 1694 acta,
297 1661 491 1696 potentissima
511 1661 610 1689 Africa:
625 1662 703 1694 urbe,
716 1664 850 1691 Africani.
862 1665 942 1691 Tanti
958 1673 1005 1693 au-

212 1712 266 1735 tem
285 1707 349 1740 viri,
363 1711 524 1742 tantamque
544 1708 646 1736 virtute
675 1709 790 1744 gloriam
819 1710 923 1745 adepti,
951 1719 1005 1739 non

211 1753 299 1781 multo
313 1757 376 1787 post
389 1753 417 1780 in
428 1753 567 1788 judicium
583 1754 708 1786 adducti,
725 1759 753 1782 et
767 1756 861 1790 populi
875 1758 1005 1791 potestati

211 1799 330 1834 subjecti
348 1803 430 1832 sunt;
459 1806 491 1827 ac
506 1799 609 1827 Lucius
639 1801 857 1836 repetundarum
891 1803 1007 1830 damna-

212 1849 268 1877 tus,
284 1844 362 1880 quasi
378 1853 413 1872 ex
428 1845 566 1873 manubiis
582 1846 668 1874 multa
683 1847 881 1882 subtraxisset;
900 1849 1006 1877 Africa-

211 1899 265 1919 nus
278 1898 357 1925 vero,
380 1891 453 1926 quod
470 1892 613 1927 pactiones
639 1898 753 1929 propter
773 1894 861 1922 ﬁlium
882 1896 1006 1925 mit'ores

212 1938 342 1973 fecisset;
359 1939 407 1967 sed
422 1947 488 1967 vera
508 1939 694 1969 damnationis
715 1949 797 1969 causa
816 1942 868 1970 fuit
891 1943 1005 1971 invidia.

211 1985 279 2013 Nam
293 1993 342 2013 eos
362 1986 487 2016 insontes
502 1986 599 2020 fuisse,
614 1995 677 2015 cum
698 1988 812 2016 aliunde
828 1994 914 2024 patet,
947 1995 1004 2017 tum

210 2039 245 2059 ex
258 2039 303 2065 eo,
315 2032 388 2067 quod
407 2032 556 2068 publicatis
569 2033 681 2061 Asiatici
700 2034 781 2062 bonis
792 2035 880 2063 nihilo
890 2037 952 2071 plus
963 2041 1006 2064 est

211 2084 363 2114 repertum,
375 2087 458 2115 quam
473 2084 536 2110 ante
549 2080 704 2114 habuerat;
717 2086 745 2109 et
756 2082 828 2117 quod
842 2082 1003 2111 Africanum

209 2129 359 2161 antequam
392 2125 523 2161 sull'ragia
549 2126 701 2160 ferrentur,
728 2127 891 2168 Lintcrnum
916 2129 1007 2165 profe-

210 2177 299 2205 ctum,
319 2172 366 2200 ubi
387 2180 475 2208 usque
492 2172 527 2200 ad
549 2173 656 2201 obitum
679 2173 826 2207 exsulavit,
853 2182 935 2202 nemo
948 2183 1006 2202 am-

211 2218 284 2254 plius
295 2218 500 2247 condemnavit.
525 2220 559 2247 At
577 2220 696 2247 Manlius
711 2225 768 2247 tum
783 2221 926 2253 Pisidiam,
952 2222 1006 2258 Ly-

211 2265 348 2297 caoniam,
362 2265 561 2300 Pamphyliam,
587 2270 615 2293 et
624 2266 737 2294 Galatia:
749 2267 806 2294 sive
818 2267 913 2295 Gallia
925 2268 1005 2295 Asia~
1022 2261 1044 2289 Β

212 2319 254 2338 me
274 2318 399 2346 magnam
418 2317 523 2346 partem
544 2313 665 2347 subegit.
688 2313 737 2339 Est
755 2314 829 2340 enim
844 2314 881 2341 ibi
894 2322 1005 2349 quoque

212 2357 316 2384 Gallica
329 2364 406 2392 gens,
425 2365 459 2384 ex
473 2357 595 2392 Europa,
614 2358 750 2392 profecta.
769 2359 836 2387 Nam
851 2368 913 2388 cum
939 2362 1004 2388 olim

213 2402 353 2429 Brennum
364 2410 455 2437 regem
469 2407 622 2433 meassent.
645 2403 777 2431 Graeciam
808 2410 836 2433 et
860 2406 1003 2434 Thraciam

213 2448 355 2483 pervagati
382 2451 465 2482 atque
492 2448 557 2476 inde
586 2448 613 2476 in
641 2448 796 2485 Bithyniam
827 2453 1005 2488 transgressi,

213 2493 340 2530 partibus
355 2493 521 2529 quibusdam
547 2494 683 2530 Phrygia,
698 2496 901 2532 Paphlagoniae,
914 2498 1006 2534 Mysia:

213 2539 248 2567 ad
260 2538 417 2575 Olympum,
433 2544 461 2566 et
472 2539 653 2575 Cappadocia:
667 2543 820 2577 occupatis,
837 2545 1005 2578 peculiarem

213 2591 323 2621 gentem
343 2585 539 2620 condiderunt,
567 2587 614 2622 qui
641 2587 743 2616 Galatae
765 2591 949 2624 appellantur.
975 2592 1007 2618 lli

215 2632 267 2660 etsi
293 2632 395 2660 Manlio
409 2633 550 2668 negotium
576 2633 762 2667 facesserunt,
787 2640 876 2663 tamen
899 2643 928 2664 et
954 2638 1006 2673 ipsi

217 2679 281 2707 victi
298 2685 373 2713 sunt,
388 2681 494 2716 Ancyra
514 2681 582 2708 urbe
605 2681 696 2716 primo
715 2683 818 2717 impetu
846 2689 937 2719 capta,
958 2693 1008 2713 cae-

217 2728 283 2754 teris
293 2727 434 2755 deditione
450 2728 583 2756 subactis.
609 2728 657 2756 llis
680 2729 763 2756 rebus
774 2731 868 2764 gestis.
885 2736 913 2758 et
925 2731 1006 2759 Aria-

1064 282 1159 317 βαθεῖα
1180 283 1320 317 συμϐᾶσα,
1334 284 1399 315 τοὺς
1417 284 1467 320 μὲν
1493 284 1647 318 Ῥωμαίους
1662 284 1709 311 ἆτε
1726 286 1874 320 κρατοῦν-

1062 339 1112 362 τας
1125 331 1172 357 καὶ
1192 331 1358 366 ἁγχεμάχως
1371 332 1428 367 (46)
1443 332 1475 358 ἐκ
1486 331 1577 367 χειρὸς
1593 331 1766 367 μαχομένους
1781 333 1874 359 οὐδὲν

1063 377 1202 404 ἐνεπόδισε
1215 384 1222 390 ·
1238 378 1303 409 τοὺς
1313 377 1335 404 δ’
1348 377 1490 409 ἐναντίους
1500 375 1545 404 οἷα
1559 378 1770 412 πεφοϐημένους
1784 378 1875 414 ἵππῳ

1062 431 1092 449 τε
1108 423 1154 449 καὶ
1166 422 1258 459 τοξείᾳ
1267 423 1298 450 τὸ
1310 423 1438 450 πλεῖστον
1452 424 1623 459 χρωμένους,
1634 425 1685 458 τήν
1700 432 1730 450 τε
1745 424 1876 459 πρόοςμιν

1063 468 1105 500 εἰς
1123 469 1157 495 τὶ
1172 469 1330 505 τοξεύματα
1342 469 1479 504 ἀφειλετο,
1497 470 1543 496 καὶ
1556 470 1621 506 περὶ
1633 470 1765 505 ἀλλήλους
1778 470 1817 502 ὡς
1835 472 1875 497 ἐν

1064 516 1153 551 σκότῳ
1167 516 1363 551 πλανωμένους
1380 516 1508 552 ἔσφηλεν.
1522 517 1618 551 Ὅμως
1639 517 1661 544 δ’
1685 516 1731 543 οὖν
1749 517 1875 553 ἴσχυσεν

1062 561 1226 597 ὀἈντίοχος
1243 563 1298 594 τοῖς
1318 563 1521 598 καταφράκτοις
1548 563 1663 591 ἱππεῦσι
1689 564 1753 595 τοὺς
1782 565 1874 591 ἀντι-

1064 607 1179 639 στάντας
1193 607 1269 643 αὑτῷ
1294 608 1478 644 τρεψάμενος,
1499 609 1582 644 μέχρι
1608 609 1656 636 τοῦ
1673 610 1871 644 στρατοπέδου

1063 654 1151 682 ἐλθεῖν
1166 654 1321 682 ἐπιδιώκων
1337 655 1447 687 αὐτούς.
1466 656 1520 682 Καί
1538 664 1570 689 γε
1594 654 1667 684 εἷλεν
1692 656 1725 682 ἂν
1741 656 1818 689 αὐτὸ,
1837 657 1872 682 εἰ

1064 699 1102 735 μὴ
1126 701 1240 736 Μάρκος
1267 701 1392 736 Αίμίλιος
1409 702 1524 733 Λέπιδος
1543 703 1556 729 ὁ
1569 702 1618 737 τὴν
1630 702 1753 738 φρουρὰν
1776 703 1870 729 αὐτοῦ

1062 745 1134 781 ἔχων
1147 747 1210 778 τοὺς
1226 746 1354 782 πρώτους
1382 748 1547 783 προσιόντας
1562 749 1617 775 τῶν
1647 749 1792 783 Ῥωμαίων
1805 750 1869 775 ἁπ-

1062 791 1194 824 έκτεινεν,
1213 793 1276 819 ἐπεὶ
1301 793 1338 829 μὴ
1367 793 1479 820 ἔπεισεν
1503 794 1604 825 αὐτοὺς
1630 794 1681 842 τῇς
1697 796 1786 829 φυγῆς
1800 796 1869 821 ἐπι-

1063 839 1151 873 σχεῖν.
1171 838 1218 865 Ἐκ
1237 840 1291 874 γὰρ
1304 839 1400 866 τούτου
1417 840 1531 866 ἐκείνων
1540 849 1568 866 τε
1581 841 1606 866 οε
1624 838 1713 868 λοιποὶ
1726 841 1868 876 ὑποστρέ-

1061 884 1164 919 ψαντες
1189 885 1237 911 καὶ
1272 886 1355 917 αὐτὸς
1378 886 1561 921 ἀκραίφνεςιν
1596 887 1778 923 ἐπεκδραμὼν
1803 890 1865 919 τοῖς

1063 931 1194 966 φρουροῖς
1210 932 1372 959 ἀπεώσαντο
1388 933 1434 959 τὸν
1455 932 1603 969 Ἀντίοχον.
1639 935 1684 960 Ἐν
1706 931 1728 968 ᾧ
1742 934 1769 960 δὲ
1787 934 1863 960 τοῦτ’

1062 977 1178 1011 ἐγίνετο,
1198 977 1293 1012 Ζεῦξις
1307 979 1368 1005 καθ’
1391 979 1485 1015 ἕτερον
1511 981 1595 1015 μέρίς
1619 980 1657 1016 τῷ
1684 980 1862 1016 ταφρεύματι

1063 1024 1237 1059 προσϐαλὼν,
1255 1024 1321 1052 εἵσω
1349 1034 1379 1051 τε
1403 1026 1487 1053 αὑτοῦ
1516 1027 1627 1061 εἰσῆλθε
1656 1026 1704 1054 καὶ
1729 1028 1863 1062 ἁρπαγὴν

1061 1070 1192 1102 ἐποιεῖτο,
1221 1070 1321 1106 μέχρις
1345 1068 1376 1098 οὗ
1401 1071 1416 1097 6
1433 1071 1549 1103 Λέπιδος
1578 1072 1689 1108 ᾔσθετο.
1712 1073 1777 1099 Τότε
1804 1074 1862 1109 γὰρ

1061 1115 1189 1148 κάκεῖνος
1205 1117 1234 1143 τὸ
1260 1119 1391 1152 σφέτερον
1409 1118 1557 1153 ἐρῤύσατο,
1584 1119 1630 1146 καὶ
1645 1120 1658 1146 ὁ
1684 1120 1806 1146 Σκιπίων
1829 1121 1863 1147 τὸ

1061 1162 1109 1189 τοῦ
1132 1163 1271 1198 Ἀντιόχου
1293 1160 1362 1197 εἷλε,
1382 1166 1430 1191 καὶ
1456 1166 1485 1192 ἐν
1506 1165 1582 1201 αὐτῷ
1608 1166 1724 1199 πολλοὺς
1742 1167 1791 1201 μὲν
1811 1169 1864 1195 iv-

1061 1208 1200 1244 ορώπους,
1219 1210 1335 1239 πολλοὺς
1357 1211 1380 1237 δ’
1400 1212 1512 1244 ἵππους,
1540 1213 1686 1247 ὑποζύγια,
1714 1215 1862 1250 ἀργύριον,

1062 1255 1184 1289 χρυσίον,
1195 1256 1342 1290 ἐλέφαντα,
1357 1257 1426 1284 ἄλλα
1437 1267 1467 1284 τε
1480 1258 1565 1284 πολλὰ
1578 1259 1625 1285 καὶ
1636 1260 1769 1295 πολυτελῆ
1781 1258 1862 1296 εὗρε.

1061 1300 1117 1327 Καὶ
1128 1301 1143 1326 ὁ
1164 1301 1214 1335 μὲν
1231 1302 1369 1337 Ἀντίοχος
1385 1303 1513 1338 ἡττηθεὶς
1525 1305 1627 1331 αὐτίκα
1642 1306 1671 1337 ἐς
1692 1306 1742 1341 τὴν
1757 1307 1863 1341 Συρίαν

1059 1347 1237 1384 ἀνεχώρησεν
1249 1357 1255 1363 ·
1274 1350 1297 1375 οί
1309 1349 1333 1375 δ’
1348 1349 1480 1385 ’Έλληνες
1491 1351 1515 1377 οἱ
1526 1352 1555 1378 ἐν
1570 1353 1603 1386 τῇ
1623 1351 1703 1388 Ἀσίᾳ
1719 1354 1773 1384 τοῖς
1788 1353 1864 1380 Ῥω-

1062 1394 1153 1427 μαίοις
1170 1394 1346 1428 προσέθεντο.
1364 1396 1443 1422 Μετὰ
1455 1396 1483 1422 δὲ
1495 1398 1582 1423 ταῦτα
1596 1398 1726 1433 ἀνακωχή
1740 1407 1781 1430 τις
1795 1400 1863 1425 ἐπι-

1060 1440 1307 1475 κηρυκευσαμένου
1325 1442 1373 1468 τοῦ
1388 1441 1530 1478 Ἀντιόχου
1546 1444 1680 1480 ὲσπείσῢη
1695 1445 1763 1479 (47).
1778 1445 1813 1471 Ὂ
1828 1454 1860 1472 τε

1059 1485 1114 1521 γὰρ
1137 1487 1302 1522 ’Δφρικανδς
1320 1488 1452 1521 εὐνοϊκῶς
1474 1489 1556 1516 οἱδιὰ
1573 1491 1619 1516 τὸν
1644 1491 1702 1518 υἱον
1725 1489 1793 1527 εἶχε,
1810 1494 1861 1518 καὶ

1059 1533 1072 1558 6
1088 1532 1191 1565 ὕπατος
1206 1534 1256 1560 οὐκ
1267 1534 1348 1570 ἤθελε
1365 1535 1413 1571 τὴν
1432 1537 1510 1573 νίκην
1537 1538 1575 1572 τῷ
1593 1537 1710 1574 διαδόχῳ
1737 1539 1860 1574 πλησιά-

1059 1581 1133 1611 ζοντι
1158 1582 1401 1611 καταλελοιπέναι.
1437 1585 1544 1612 Οὔκουν
1575 1587 1637 1614 οὑδέ
1659 1588 1794 1620 ἐπέταξαν
1816 1590 1857 1624 τζι

1059 1627 1190 1663 Ἀντιόχῳ
1220 1629 1300 1655 πλέον
1326 1630 1403 1657 οὺδέι
1430 1631 1446 1666 ἢ
1473 1632 1524 1659 ὅσα
1551 1635 1599 1660 καὶ
1627 1635 1746 1671 πρὸτῆς
1762 1637 1856 1671 μάχης

1057 1672 1150 1708 ᾔτουν.
1182 1675 1228 1701 Διὸ
1254 1676 1301 1702 καὶ
1325 1677 1421 1709 Γναῖος
1444 1678 1564 1711 Μάνλιος
1579 1681 1593 1706 ὁ
1611 1681 1659 1716 τὴν
1672 1682 1759 1717 ἀρχὴν
1778 1684 1858 1717 σφῶν

1057 1719 1248 1755 διαδεξάμενος
1260 1723 1310 1749 οὐκ
1324 1723 1448 1759 ἠρκέσθη
1478 1726 1535 1757 τοῖς
1566 1728 1768 1762 συγκειμένοις,
1785 1730 1857 1756 am

1057 1766 1145 1792 πλείω
1160 1767 1241 1793 αὐτόν
1255 1768 1395 1804 ἀπῄτησε.
1424 1770 1496 1805 Πρὸς
1513 1772 1542 1798 δὲ
1557 1773 1604 1799 καὶ
1626 1774 1748 1808 ὁμήρους
1759 1775 1857 1802 δοίναι

1058 1812 1201 1839 ἐκέλευσεν
1214 1813 1311 1846 ἄλλους
1323 1824 1353 1841 τε
1368 1816 1415 1842 καὶ
1432 1816 1477 1843 τὸν
1494 1818 1553 1844 υἱὸν
1565 1818 1714 1855 Ἀντίοχον.
1732 1821 1778 1847 καὶ
1790 1814 1857 1851 τοὺς

1058 1857 1225 1892 αὐτομόλους
1251 1860 1357 1893 πάντας
1374 1862 1510 1896 ἐκδοῦναι,
1534 1864 1564 1891 ἐν
1581 1863 1622 1897 οἷς
1638 1867 1685 1892 καὶ
1696 1867 1710 1892 ό
1724 1867 1855 1900 Ἀννίϐας

1057 1903 1102 1940 ἦν.
1117 1905 1172 1932 Καὶ
1187 1906 1201 1932 ὁ
1212 1906 1353 1943 ’Λντίοχος
1368 1909 1416 1936 καὶ
1428 1910 1503 1936 ἄκων
1519 1911 1586 1947 πρὸς
1599 1912 1708 1940 ἅπαντα
1721 1913 1855 1949 ἐπειθάρ-

1057 1960 1152 1986 χησεν,
1166 1952 1196 1978 οὺ
1214 1952 1306 1988 μέντοι
1320 1955 1367 1981 καὶ
1381 1956 1427 1982 τον
1440 1956 1566 1984 Ἀννίῆαν
1580 1959 1706 1986 ἐκδοῦναι
1721 1961 1854 1997 ἠδυνήθη.

1058 1997 1130 2032 Πρὸς
1145 1997 1200 2033 γὰρ
1214 1998 1352 2033 Προυσίαν
1366 2000 1411 2027 τὸν
1435 1999 1550 2035 βασιλέα
1573 2004 1628 2031 τῶν
1642 2005 1761 2032 Βιθυνῶν
1784 2016 1856 2042 προ-

1057 2043 1208 2077 κατέφυγε.
1224 2044 1281 2072 Καὶ
1295 2046 1308 2072 ό
1323 2046 1372 2081 μὲν
1387 2048 1524 2084 Ἀντίοχος
1539 2051 1671 2085 πρέσϐεις
1685 2052 1732 2079 ἐπὶ
1748 2053 1856 2087 τούτοις

1057 2090 1098 2121 είς
1114 2089 1163 2125 τὴν
1185 2090 1297 2127 Ῥώμην
1311 2093 1424 2128 πέμψας
1438 2095 1595 2124 ἐσπείσατο.
1609 2097 1731 2125 Σκιπίων
1745 2099 1773 2126 δέ
1785 2100 1858 2126 Λού-

1057 2144 1116 2167 κιος
1146 2138 1277 2173 ἐπῃνεῖτο
1293 2138 1340 2165 ἐπὶ
1363 2141 1395 2175 τῇ
1411 2140 1484 2177 νίκῃ,
1502 2142 1549 2168 καὶ
1569 2143 1618 2178 τὴν
1633 2144 1680 2171 τοῦ
1696 2144 1854 2173 ’Δσιατικοῦ

1058 2181 1217 2224 ἐπωνυμίαν
1232 2183 1266 2210 δι’
1281 2183 1367 2219 αὐτὴν
1384 2185 1475 2220 ἔσχεν,
1490 2186 1586 2222 ὥσπερ
1600 2189 1614 2214 6
1634 2189 1749 2224 ἁδελφὸς
1766 2191 1853 2217 αὑτοῦ

1065 2223 1231 2262 Ἀφρικανὸς
1258 2229 1399 2266 ἐπεκλήθη
1426 2231 1476 2266 τῆς
1503 2233 1678 2267 Καρχηδόνος
1699 2223 1853 2270 κρατήσας,

1060 2273 1189 2308 μέγιστον
1207 2275 1236 2301 ὲν
1254 2276 1287 2311 τῇ
1304 2275 1422 2311 ’Λφρικῇ
1439 2277 1613 2313 δυνηθείσης.
1637 2280 1760 2307 Tom-310i.
1773 2282 1794 2307 δ’
1805 2280 1854 2309 οὖν

1058 2320 1154 2355 ἄνδρες
1177 2318 1249 2348 οὗτοι
1269 2322 1412 2357 γενόμενοι
1431 2325 1478 2350 καὶ
1495 2326 1542 2351 ἐπὶ
1560 2326 1688 2353 τοσοῦτον
1710 2327 1788 2362 δόξης
1806 2329 1853 2355 ἐλ-

1060 2365 1151 2398 θόντες
1163 2366 1192 2400 ἐξ
1204 2367 1316 2402 ἀρετῆς,
1335 2368 1503 2406 δικαστηρίῳ
1514 2373 1560 2398 καὶ
1575 2372 1614 2407 τῷ
1627 2373 1705 2413 of“.th
1718 2374 1749 2400 οὑ
1762 2374 1853 2410 πολλῷ

1058 2411 1174 2447 ὕστερον
1185 2413 1374 2449 παρεδόθησαν
1384 2422 1391 2430 ·
1409 2417 1455 2442 καὶ
1470 2418 1484 2443 ὁ
1498 2417 1548 2451 μὲν
1560 2411 1676 2451 Λούκιος
1696 2421 1852 2456 κατεψηφί-

1059 2457 1111 2492 σθη
1126 2458 1164 2490 ὡς
1189 2459 1260 2494 τάχα
1286 2460 1372 2487 πολλὰ
1387 2461 1420 2488 ἐκ
1435 2462 1485 2497 τῆς
1498 2462 1575 2495 λείας
1601 2466 1836 2501 σφετερισάμενος
1846 2476 1852 2483 ·

1058 2503 1225 2538 Ἀφρικανὸς
1240 2505 1268 2531 δὲ
1280 2505 1318 2538 ὡς
1339 2508 1549 2544 ἐπιεικεστέρας
1567 2510 1616 2542 τὰς
1646 2512 1784 2548 συνθήκας
1809 2513 1854 2540 διὰ

1058 2550 1104 2576 τὸν
1115 2550 1172 2577 υἱὸν
1187 2551 1388 2587 ποιησάμενος·
1406 2554 1435 2580 1‘0
1445 2554 1469 2581 δ’
1484 2556 1597 2591 ἀληθὲς,
1612 2557 1656 2584 διὰ
1668 2558 1775 2593 φθόνον.
1789 2560 1854 2587 Ὀτι

1056 2597 1079 2624 δ’
1092 2597 1168 2624 οὐδὲν
1179 2598 1301 2633 ἠδίκουν,
1318 2600 1449 2635 δηλοῦται
1463 2602 1513 2637 μὲν
1530 2604 1576 2629 καὶ
1588 2604 1711 2638 ἄλλοθεν,
1728 2606 1777 2641 οὐχ
1791 2607 1856 2640 ἥκι-

1061 2650 1113 2669 στα
1129 2643 1157 2669 δέ
1172 2644 1213 2669 ὅτι
1232 2645 1278 2670 καὶ
1294 2646 1343 2680 τῆς
1359 2646 1454 2678 οὐσίας
1469 2647 1514 2674 τοῦ
1531 2648 1687 2676 Ἀσιατικοῦ
1705 2651 1854 2686 δημευθεί·

1063 2696 1111 2723 σης
1125 2689 1202 2716 οὐδὲν
1219 2690 1299 2717 πλέον
1321 2692 1375 2718 τῶν
1399 2693 1473 2729 αὐτῷ
1490 2697 1724 2732 προϋπαρχόντων
1740 2699 1853 2734 εὑρέθη.

1064 2735 1127 2761 ’Ότι
1141 2735 1169 2761 δὲ
1186 2736 1233 2762 τοῦ
1260 2738 1429 2773 Ἀφρικανοῦ
1455 2740 1483 2772 ἐς
1506 2742 1537 2768 τὸ
1550 2742 1680 2778 Λίτερνον
1696 2743 1749 2778 πρὸ
1760 2744 1856 2780 ψήφου

812 2808 911 2840 Variae
927 2809 1082 2842 lectiones
1104 2817 1245 2845 etnotae.

253 2880 531 2919 (ίςὶ-Ἀτχωμάλως.
550 2881 614 2919 Mss.
636 2882 739 2919 habent
755 2883 931 2919 ἀγχεμαχως.

253 2917 308 2946 (ιτ)
320 2915 469 2950 Ἀνακωχή
483 2925 528 2949 τις
543 2917 680 2951 ἐπείσθη.
706 2918 769 2945 Mss.
781 2915 852 2952 Reg.
867 2915 904 2946 ἐι
929 2918 1008 2947 Coll).

1063 2919 1171 2955 πείσθη.
