4024 6474
325 371 434 438 773
1593 370 2003 435 ANNALIUM
2037 370 2188 436 LIB.
2229 371 2338 433 IX.
3491 366 3600 432 ππ

327 489 787 562 ἀναχωρήσαντος
834 490 930 544 καὶ
983 488 1146 561 μέχρι
1205 488 1466 561 τελευτῆς
1499 491 1620 544 ἐκεῖ
1652 490 1922 561 καταμείο

2049 489 2172 545 athi
2207 489 2597 560 Cappadocum
2640 487 2753 560 regi
2797 503 2991 560 magna
3023 487 3258 558 pecunia
3289 503 3423 558 pace
3448 487 3601 556 data,

331 598 522 644 ναντος
577 582 756 645 οὐδεὶς
817 579 986 634 αὑτοῦ
1035 581 1118 633 ἔτι
1171 581 1604 651 κατεψηφίσατο.
1672 581 1732 636 '0
1757 581 1815 636 δέ
1848 599 1914 651 γε

2049 583 2248 640 lomum
2274 583 2523 640 recessit.

331 675 573 740 Μάνλιος
595 675 868 740 Πισιδίαν,
895 672 1201 728 Λυκαονίαν
1237 691 1296 728 τε
1325 675 1417 726 καὶ
1444 671 1799 743 Παμφυλίαν,
1815 673 1917 744 τῆς
1953 691 2015 729 τε
2072 674 2347 739 Γαλατίας
2375 675 2477 745 τῆς
2529 676 2788 744 ’Λσιανῆς
2814 673 2986 728 πολλὰ
3017 677 3424 744 προσηγάγετο.
3447 673 3606 726 Ἔστι

329 767 442 839 γὰρ
491 785 544 821 τι
581 767 864 823 κάνταῦθα
899 766 1058 835 γένος
1110 765 1313 829 αὐτῶν,
1351 770 1416 818 ἐκ
1454 766 1549 819 τοῦ
1616 763 1947 837 Εὖρωπαίου
1984 767 2350 839 ἀποδάσμιον.
2373 767 2606 838 Βρέννον
2663 767 2773 837 γάρ
2802 783 2934 820 ποτε
2979 765 3203 836 βασιλέα
3271 764 3422 833 σφῶν
3468 782 3604 835 προ·

333 860 690 931 στησάμενοι.
727 861 827 930 τήν
851 876 909 914 τε
957 858 1187 914 Ἐλλάδα
1219 859 1314 913 καὶ
1341 860 1442 930 τὴν
1469 859 1692 932 Θρᾴκην
1717 860 2049 933 ἐπέδραμον,
2087 861 2348 916 κάκεῐθεν
2414 863 2497 924 εἰς
2553 860 2652 930 τὴν
2685 860 2942 914 Βιθυνίαν
2975 859 3287 922 διαδὰντες-
3317 859 3461 929 μέρη
3487 859 3608 911 τινὰ

331 958 432 1026 τῆς
464 972 524 1008 τε
547 956 788 1026 Φρυγίας
822 953 1041 1023 καὶτῆς
1074 953 1480 1022 Παφλαγονίας,
1513 953 1614 1022 τῆς
1635 969 1691 1005 τε
1715 953 1953 1019 Μυσίας,
1988 955 2089 1024 τῆς
2129 955 2266 1026 πρὸς
2296 953 2375 1022 τῷ
2425 953 2689 1022 Ὀλύμπῳ
2718 955 2811 1006 καὶ
2841 952 3244 1010 Καππαδοκίας
3271 952 3612 1022 ἀπετέμοντο

335 1045 429 1099 καὶ
457 1047 515 1097 ἐν
545 1046 729 1108 αὑτάς
785 1042 1138 1114 κατῴκησαν,
1182 1044 1276 1096 καὶ
1327 1045 1421 1097 νῦν
1453 1043 1605 1106 ἔθνος
1648 1042 1778 1097 ἴδιόν
1809 1046 1917 1098 είσι
1955 1045 2016 1098 τὸ
2079 1044 2252 1112 ὄνομα
2278 1046 2390 1099 τῶν
2444 1044 2705 1098 Γαλατῶν
2731 1043 3009 1114 φέροντες.
3040 1038 3202 1097 Οὗτοι
3225 1041 3289 1109 δὴ
3309 1044 3616 1114 πράγματα

334 1140 413 1211 τῷ
444 1139 670 1209 Μανλίῳ
700 1139 1011 1210 παρέσχον
1043 1138 1179 1190 ἀλλᾶ
1231 1139 1554 1192 καὶτούτων
1611 1140 1908 1210 ἐκράτησε,
1951 1140 2052 1210 τὴν
2121 1141 2224 1211 μὲν
2283 1141 2568 1213 ’Ἄγκυραν
2591 1142 2691 1211 τὴν
2724 1140 2880 1193 πόλιν
2909 1139 3046 1193 ἐλὼν
3073 1139 3132 1203 ἐξ
3161 1139 3486 1211 ἐπιδρομῆς,
3512 1140 3611 1202 τὰς

332 1234 378 1287 δ’
427 1232 592 1295 ἄλλας
647 1231 913 1301 ὁμολογίᾳ
977 1229 1498 1301 παραστησάμενος.
1589 1231 1807 1300 Πρᾶξις
1862 1231 2150 1295 δὲταῦτα,
2207 1233 2304 1286 καὶ
2373 1232 2570 1303 συχνὸν
2647 1232 2803 1303 παρὰ
2851 1231 3216 1304 Ἀριαράθους
3243 1232 3338 1284 τοῦ
3372 1233 3614 1285 Καππα-

335 1329 506 1382 δοκῶν
538 1326 806 1398 βασιλέως
833 1326 1101 1397 ἀργύριον
1139 1327 1232 1378 ἐπὶ
1260 1327 1453 1398 εἰρήνῃ
1489 1324 1669 1378 λαϐὼν
1707 1327 1920 1396 ἀπῆρεν
1958 1327 2166 1382 οἴκαδε.

406 1415 539 1472 KA'.
577 1419 643 1471 Οί
693 1419 738 1471 δ’
782 1419 1018 1471 Αἰτωλοὶ
1068 1417 1334 1488 πρέσϐεις
1386 1420 1448 1471 τὸ
1497 1421 1754 1490 δεύτερον
1777 1419 1920 1489 ὑπὲρ

2096 1420 2239 1478 XXI.
2279 1425 2446 1480 Λειοιὶ
2474 1432 2657 1478 autem
2689 1423 2994 1481 secundum
3018 1424 3214 1494 legatis
3237 1423 3304 1478 de
3341 1440 3471 1493 pace
3509 1423 3619 1478 Bo-

339 1511 566 1582 εἰρήνης
614 1513 673 1575 ἐς
729 1511 830 1582 τὴν
865 1512 1094 1581 Ῥώμην
1147 1511 1488 1588 πέμψαντες,
1548 1515 1706 1566 αὐτοὶ
1765 1511 1920 1576 αὖθις,

2049 1543 2173 1581 nam
2205 1523 2410 1582 missis,
2469 1517 2574 1588 ipsi
2625 1517 2774 1571 ultro
2821 1515 2980 1571 novis
3035 1517 3200 1570 rebus
3254 1516 3614 1569 studuerunt.

340 1603 719 1675 ὲνεωτὲριζον.
753 1604 845 1657 Διὸ
868 1605 920 1657 οἰ
963 1607 1228 1676 Ῥωμαῖοι
1251 1605 1375 1668 τούς
1400 1623 1458 1658 τε
1483 1605 1742 1676 πρέσϐεις
1765 1606 1927 1670 εὐθὺς

2049 1616 2402 1687 )uamobrem
2430 1610 2663 1667 Romani
2691 1608 2887 1680 legatis
2910 1609 3099 1664 statim
3127 1608 3366 1679 rejectis,
3391 1607 3460 1661 Μ.
3488 1607 3619 1660 Ful-
3659 1600 3668 1603 “

341 1695 760 1765 ἀπεπέμψαντο,
811 1698 900 1750 καὶ
959 1699 1174 1768 Μάρκῳ
1234 1697 1510 1768 Φουλουῒῳ
1569 1697 1670 1766 τὴν
1705 1697 1929 1751 Ἐλλάδα

2049 1712 2122 1765 tio
2144 1706 2409 1765 Gra3ciam
2440 1703 2780 1776 provinciam
2815 1701 3207 1757 decreverunt.
3244 1699 3344 1768 Qui
3375 1699 3619 1770 primum

342 1785 620 1841 ἀνέθεντο.
661 1787 720 1840 ὐ
753 1786 798 1839 δ’
856 1789 913 1851 ές
967 1787 1313 1860 Ἀμὸρακίαν
1369 1788 1468 1861 τὴν
1523 1789 1679 1843 πόλιν
1710 1790 1930 1860 πρῶτον

2049 1801 2382 1857 ιηιὺτσοίαιῐι
2415 1797 2610 1853 urbem
2641 1811 2919 1865 magnam,
2952 1794 3147 1865 Pyrrhi
3201 1794 3330 1847 olim
3390 1793 3619 1863 regiam,

343 1876 596 1949 ὥρμησε,
635 1879 883 1949 μεγάλην
910 1875 1081 1934 οὖσαν
1129 1875 1232 1951 (ἦν
1261 1881 1373 1951 γάρ
1402 1897 1534 1933 ποτε
1569 1881 1663 1934 τοῦ
1708 1881 1926 1953 Πύρρου

2049 1912 2151 1950 .um
2184 1905 2366 1948 autem
2396 1889 2595 1944 ZEtolis
2628 1887 2949 1950 obnoxiam,
2983 1886 3220 1940 obsedit.
3278 1885 3445 1940 Aitoli
3506 1885 3624 1937 fru—

347 1972 636 2043 βασίλειον,
697 1977 818 2027 τότε
849 1975 907 2028 δὲ
959 1975 1252 2045 κατείχετο
1305 1977 1443 2046 πρὸς
1475 1976 1584 2030 τῶν
1616 1979 1928 2046 Αἰτωλῶν),

345 2065 433 2116 καὶ
465 2065 777 2136 ἐπολιόρκει
809 2067 1000 2137 αὑτήν.
1051 2067 1116 2119 Oi
1164 2065 1259 2120 οὖν
1309 2068 1544 2120 Αἰτωλοὶ
1581 2069 1714 2137 πρὸς
1766 2070 1930 2122 αὐτὸν

348 2156 489 2228 ὑπὲρ
553 2159 778 2230 εἰρήνης
842 2157 1246 2230 διειλέχθησαν.
1323 2160 1412 2224 Ὠς
1473 2161 1518 2214 δ’
1548 2161 1650 2213 οὐκ
1693 2161 1930 2231 η’)έλησε

347 2250 703 2314 σπείσασθαι,
734 2250 902 2323 μέρος
925 2268 978 2304 τι
1001 2248 1096 2302 τοῦ
1118 2250 1356 2320 στρατοῦ
1382 2253 1438 2314 ὲς
1463 2254 1562 2322 τὴν
1587 2251 1644 2306 Ἀ
1657 2255 1932 2323 μὸρακίαν

347 2338 714 2408 εἰσέπεμψαν.
750 2322 908 2393 Οἴδὲ
939 2341 1206 2412 Ῥωμαῖοι
1242 2340 1311 2393 δι’
1340 2340 1620 2411 ὑπονόμου
1661 2322 1808 2404 τινὸς
1833 2344 1930 2393 ὲπο

348 2429 642 2500 εχείρησαν
666 2430 766 2497 τὴν
789 2431 944 2484 πόλιν
968 2433 1130 2498 ἑλεῖν,
1162 2433 1256 2484 καὶ
1285 2430 1591 2499 διώρυσσον
1617 2433 1930 2503 πόρρωθεν,

348 2516 446 2571 καὶ
474 2518 612 2582 τέως
644 2519 743 2588 μὲν
767 2519 1058 2574 ἐλάνθανον
1087 2522 1217 2584 τοὺς
1239 2520 1758 2591 πολιορκουμένους.
1779 2521 1934 2576 Ἐπεὶ

347 2605 394 2659 δ’
461 2608 489 2659 6
553 2607 680 2678 χοῦς
736 2609 1028 2680 ἡθροίσθη,
1083 2610 1440 2682 ύπετόπησαν
1507 2613 1569 2664 τὸ
1617 2613 1930 2682 γενόμενον.

362 2698 713 2767 Ἀγνοοῡντες
740 2699 791 2753 δ’
834 2701 941 2771 ὅπη
973 2700 1283 2772 ὀρύσσοιτο,
1324 2703 1532 2773 χαλκῆν
1563 2704 1766 2759 ἀσπίδα
1793 2708 1935 2762 κατὰ

350 2791 443 2846 τὸν
477 2792 770 2860 περίϐολον
803 2795 940 2864 πρὸς
982 2794 1116 2848 αὐτὸ
1153 2795 1368 2850 ἐτίθουν
1421 2797 1481 2849 τὸ
1523 2799 1774 2855 δάπεδον.
1825 2803 1937 2856 Καὶ

352 2882 442 2936 διὰ
471 2884 569 2952 τῆς
603 2883 743 2954 ἠχῆς
771 2886 864 2938 τὸν
888 2885 1056 2938 τόπον
1081 2885 1327 2953 γνόντες,
1355 2885 1450 2938 καὶ
1480 2888 1634 2940 αὐτοὶ
1666 2889 1935 2960 ἀντὼρυσ-

355 2991 446 3028 σον
480 2975 715 3042 ἔνδοθεν,
739 2977 836 3029 καὶ
863 2975 1202 3040 πελάσαντες
1247 2979 1363 3038 τοῖς
1419 2977 1716 3048 Ῥωμαίοις
1767 2981 1938 3052 ᾔεσαν

354 3065 436 3127 εἰς
470 3066 646 3137 μάχας
671 3066 945 3135 κρυπτὰς.
976 3064 1144 3129 Τέλος
1176 3065 1235 3119 δέ
1267 3083 1320 3120 τι
1344 3064 1587 3120 τοιοῦτον
1611 3071 1937 3140 ἁντετεχνὲπ

2033 1994 2144 2035 szra
2171 1981 2238 2035 de
2266 1977 2654 2050 paeiﬁcatione
2681 1992 2806 2030 cum
2843 1991 2910 2030 eo
2929 1975 3124 2040 locuti,
3160 1977 3437 2029 exercitus
3491 1989 3623 2043 par—

2037 2083 2144 2128 tem
2171 2075 2226 2127 in
2257 2073 2447 2126 urbem
2499 2069 2804 2134 miserunt;
2849 2082 3013 2136 quam
3047 2063 3276 2120 Romani
3323 2080 3421 2133 per
3465 2061 3626 2118 cuni-

2035 2167 2188 2218 culos
2227 2176 2422 2232 capere
2447 2160 2720 2231 aggressi,
2749 2175 2779 2213 a
2820 2158 3122 2227 longinquo
3157 2156 3524 2211 sull’uderunt.
3559 2155 3619 2209 ld

2033 2258 2247 2313 obsessi
2281 2256 2561 2326 principio
2591 2271 2701 2307 non
2732 2251 3278 2314 animadverterunt;
3334 2248 3428 2304 sed
3464 2263 3628 2318 exag-

2034 2359 2222 2420 gerata
2248 2350 2420 2404 humo
2475 2346 2738 2417 suspicati
2776 2344 2907 2415 quid
2945 2343 3020 2398 rei
3058 2352 3229 2404 esset,
3263 2341 3392 2410 quia
3443 2349 3627 2396 tamen

2036 2443 2363 2513 ignorabant
2400 2440 2493 2496 ubi
2555 2440 2862 2501 [σείει-οων,
2901 2451 3108 2490 aereum
3167 2433 3417 2504 clypeum
3472 2430 3628 2484 huui

2035 2533 2315 2588 mmnibus
2338 2530 2708 2602 applicarunt,
2737 2544 2879 2597 eque
2911 2526 3097 2581 sonitu
3133 2525 3253 2577 loco
3275 2521 3631 2591 deprehenso

2034 2627 2196 2699 455
2214 2636 2377 2696 atque
2409 2625 2739 2679 intrinsecus
2770 2619 3010 2675 vicissim
3033 2615 3287 2674 suffossis
3311 2613 3586 2668 moenibus
3612 2650 3630 2677 ,

2037 2737 2161 2776 cum
2181 2721 2446 2774 Romanis
2478 2716 2692 2771 occulta
2728 2712 2915 2784 praelia
2937 2709 3361 2766 commiserunt.
3384 2704 3632 2759 Tandem

2040 2808 2352 2880 hujusmodi
2398 2805 2587 2860 dolum
2626 2803 3034 2874 exeogitarunt.
3080 2799 3276 2870 Magno
3310 2796 3458 2851 dolio
3504 2795 3634 2865 pluu

2039 2902 2142 2953 mis
2174 2899 2385 2968 repleto
2411 2897 2590 2968 ignem
2627 2895 2961 2966 iniecerunt,
3010 2905 3156 2945 aereo
3186 2888 3450 2958 operculo
3484 2885 3630 2940 mul-

2042 2993 2114 3047 tis
2148 2992 2435 3061 perforato
2463 2989 2598 3043 locis
2627 2986 2837 3041 addito.
2867 2985 3002 3056 Ejus
3031 2983 3164 3039 dolii
3191 2998 3288 3038 ore
3313 2983 3367 3035 in
3399 2981 3634 3034 cunicu-

2041 3084 2113 3138 lis
2148 3081 2404 3136 hostibus
2431 3081 2690 3143 obverso,
2729 3076 3011 3146 fundoque
3047 3073 3175 3132 folle
3205 3076 3437 3134 inserto,
3471 3072 3631 3125 inﬂa-

357 3173 542 3210 σαντο.
587 3157 753 3211 Πίθον
808 3158 986 3227 μέγαν
1034 3157 1240 3212 πτίλων
1294 3159 1689 3231 πληρώσαντες
1741 3161 1852 3232 πῦρ
1882 3163 1939 3226 ἐς

2049 3183 2144 3240 to,
2197 3173 2498 3227 maximum
2544 3181 2601 3225 et
2647 3167 3100 3226 molestissimum
3148 3165 3400 3225 fumum,
3457 3173 3519 3218 ut
3569 3179 3634 3220 ea

355 3249 521 3304 αὑτὸν
547 3249 774 3321 ἐνῆκαν,
837 3251 934 3304 καὶ
985 3249 1156 3320 πῶμα
1209 3251 1450 3320 χαλκοῦν
1488 3253 1638 3322 αύτῷ
1696 3252 1938 3324 πολλαχῆ

353 3339 693 3410 τετρημένον
724 3340 1018 3412 ἐνέθηκαν,
1055 3344 1151 3394 καὶ
1187 3344 1268 3405 είς
1307 3342 1400 3395 τὸν
1423 3343 1697 3414 ὑπόνομον
1719 3345 1816 3398 τὸν
1849 3343 1941 3397 πί-

358 3431 453 3485 θον
488 3431 819 3499 κομίσαντες
849 3435 944 3487 καὶ
977 3435 1116 3503 πρὸς
1147 3435 1277 3498 τοὺς
1304 3435 1601 3505 πολεμίους
1638 3435 1942 3507 τρέψαντες

355 3522 420 3573 τὸ
453 3520 630 3591 στόμα
674 3522 840 3580 αὑτοῦ
875 3523 1211 3596 ἁκροφύσιόν
1264 3525 1488 3584 οἱκατὰ
1542 3528 1635 3578 τὸν
1691 3526 1944 3597 πυθμένα

359 3613 638 3680 ἐνέϐαλον,
689 3615 786 3670 καὶ
818 3615 993 3687 τούτῳ
1023 3615 1199 3685 φύσας
1233 3619 1644 3688 προσφέριντες
1690 3619 1945 3673 πλεῖστον

359 3707 458 3761 καὶ
477 3706 716 3778 δυσχερῆ
739 3710 948 3762 καπνὸν
976 3707 1066 3763 οία
1097 3710 1163 3762 ἐκ
1190 3709 1396 3764 πτίλων
1429 3712 1676 3783 ἐκθορεῖν
1698 3713 1943 3778 ἐποίουν,

358 3800 420 3854 ὃν
447 3800 623 3862 οὐδεὶς
647 3801 756 3853 τῶν
795 3801 1089 3871 Ῥωμαίων
1125 3801 1423 3872 ὑπέμενεν.
1463 3803 1630 3858 Ὅθεν
1679 3806 1949 3874 ἀπογνόν-

359 3908 450 3955 τες
469 3892 518 3944 οἱ
559 3892 828 3962 Ῥωμαῖοι
851 3894 1188 3946 ἐσπείσαντο
1215 3895 1306 3946 καὶ
1334 3895 1434 3965 τὴν
1466 3897 1786 3966 πολιορκίαν
1811 3915 1947 3950 κατα

361 3983 581 4040 έλυσαν.
626 3984 1122 4056 Ὀμολογησάντων
1147 3986 1194 4038 δ’
1248 3987 1432 4042 αὐτῶν
1465 3992 1561 4042 καὶ
1609 3990 1660 4040 οἰ
1717 3990 1951 4045 Αἰτωλοὶ

365 4079 754 4148 μετεϐάλοντο,
822 4079 922 4130 καὶ
979 4079 1348 4150 διεπράξαντο
1399 4081 1624 4152 ἀνοχὴν,
1684 4079 1803 4135 εἶτα
1855 4083 1951 4136 καὶ

361 4171 590 4240 εἰρήνην
625 4170 778 4238 παρὰ
801 4169 896 4221 τοῦ
929 4169 1131 4240 δήμου,
1159 4171 1334 4226 πολλὰ
1361 4173 1464 4243 μὲν
1507 4174 1790 4243 χρήματα,
1820 4173 1952 4226 πολ-

364 4261 492 4324 λοὺς
521 4261 579 4312 δὲ
609 4262 705 4314 καὶ
750 4262 998 4333 ὁμήρους
1051 4263 1255 4327 δόντες.
1312 4265 1425 4319 Καὶ
1457 4267 1485 4318 6
1536 4264 1824 4328 Φουλούῖος
1855 4268 1954 4336 τὴν

363 4353 723 4426 Κεφαληνίαν
745 4354 1012 4427 ὁμολογίᾳ
1067 4357 1478 4428 παρεστήσατο,
1513 4359 1608 4411 καὶ
1650 4358 1750 4428 τὴν
1786 4357 1952 4412 ligio-

363 4449 634 4522 πόννησον
667 4447 1077 4512 στασιάζουσαν
1110 4451 1508 4520 κατεστήσατο.
1543 4450 1704 4504 Γαΐου
1733 4451 1790 4502 δὲ
1813 4450 1953 4504 Φλα-

367 4515 546 4609 μινίου
583 4541 677 4594 καὶ
698 4539 952 4611 Αἰμιλίου
980 4539 1218 4594 Λεπίδου
1250 4515 1633 4596 ὑπατευόντων
1659 4544 1954 4613 μετέπειτα
1982 4515 2033 4575 D

365 4635 688 4703 δ’Δντίοχος
717 4633 902 4701 ἔθανε,
932 4635 1027 4688 καὶ
1056 4635 1219 4690 αὑτὸν
1247 4636 1276 4686 6
1308 4636 1421 4698 υίὸς
1445 4635 1476 4686 6
1496 4636 1755 4699 Σέλευκοι,
1787 4635 1952 4689 διεδέ-

371 4727 522 4792 ξατο.
585 4728 1030 4798 ’Τελευτήσαντος
1079 4728 1139 4781 δὲ
1161 4728 1420 4783 κάκείνου
1444 4727 1626 4799 πολλῷ
1655 4727 1884 4800 ὓστερον
1925 4733 1952 4783 ὁ

369 4820 448 4880 είς
482 4819 582 4889 τὴν
618 4819 838 4889 Ῥώμην
899 4817 1194 4889 ὁμηρεύων
1247 4818 1522 4889 ’Δντίοχος
1575 4820 1950 4875 ἐϐασίλευσεν.

378 4910 442 4962 '0
468 4911 526 4964 δέ
555 4927 619 4979 γε
647 4910 912 4975 ιΡίλιπιττος
947 4911 1217 4982 ἐτόλμησε
1248 4910 1349 4982 μὲν
1385 4913 1710 4984 νεωτερίσαι
1743 4914 1824 4967 ὃτι
1851 4914 1952 4966 πύ-

368 5003 506 5058 λεὼν
535 5021 699 5058 τινων
724 5004 1000 5077 ἐστερήθη
1033 5006 1094 5059 έν
1123 5004 1422 5076 Θεσσαλίᾳ,
1450 5008 1544 5059 καὶ
1589 5008 1728 5078 πρὸς
1751 5009 1874 5071 ταῖς
1898 5007 1954 5062 δὲ

271 5159 276 5162 ,
370 5099 464 5152 καὶ
485 5099 646 5152 Αἴνου
683 5102 777 5152 καὶ
805 5099 1154 5170 Μαρωνείας.
1209 5099 1324 5152 Οὐκ
1373 5098 1612 5170 ἠδυνήθη
1665 5099 1722 5152 δὲ
1758 5100 1849 5154 διὰ
1897 5100 1960 5153 τὸ

371 5194 549 5262 γῆρας
575 5191 671 5244 καὶ
708 5191 798 5244 διὰ
842 5191 913 5244 τὰ
968 5193 1100 5260 περὶ⁵
1147 5193 1275 5255 τοὺς
1308 5195 1510 5256 παῖδας
1570 5191 1962 5264 συνενεχθέντα

371 5285 543 5350 αὐτῷ.
599 5285 707 5336 Καὶ
754 5283 996 5338 Γαλάται
1030 5285 1176 5348 τινες
1200 5284 1301 5347 τὰς
1328 5284 1561 5347 ’Λλπεις
1586 5284 1951 5354 ύπερῦάντες,

372 5377 528 5430 πόλιν
553 5376 707 5439 ὲντδς
731 5377 913 5430 αὐτῶν
940 5379 1128 5430 κτίσαι
1155 5377 1432 5447 ⁴ίγθέλησαν
1455 5391 1469 5406 ⁶
1504 5370 1580 5430 ὧν
1607 5378 1636 5428 6
1669 5377 1896 5447 Μάρκος
1924 5377 1953 5428 6

372 5467 696 5540 Μάρκελλος
744 5467 815 5521 τά
867 5484 927 5521 τε
973 5468 1116 5522 ὅπλα
1177 5469 1602 5536 ἁφείλετο,.κα¹ι
1631 5467 1801 5522 τᾶλλα
1847 5471 1949 5524 ὅσα

374 5560 789 5632 ἐπεκομίζοντο.
827 5561 890 5613 Ol
929 5560 975 5613 δ’
1002 5561 1059 5613 ἐν
1088 5563 1154 5631 τῇ
1217 5559 1411 5632 Ῥώμῃ
1444 5560 1954 5630 πρεσϐευσαμένοις

377 5652 588 5722 σφίσιν,
614 5653 709 5705 ἐπὶ
737 5652 814 5722 τῷ
847 5652 1010 5716 εὐθὺς
1037 5652 1396 5722 ἀναχωρῆσαι
1432 5653 1611 5704 πάντα
1640 5653 1954 5706 ἀπέδωκαν.

375 5743 512 5797 Τότε
541 5743 596 5796 δὲ
624 5744 721 5797 καὶ
744 5745 771 5798 6
795 5743 1046 5808 Ἀννίϐας
1071 5746 1335 5799 ἀπέθανε.
1369 5744 1662 5814 Πρέσϐεων
1684 5745 1793 5812 γὰρ
1819 5744 1959 5814 πρὸς

2044 3265 2272 3319 materia
2296 3262 2424 3328 iert,
2450 3261 2788 3324 excitarunt,
2819 3272 2983 3328 quem
3010 3271 3136 3312 cum
3169 3271 3330 3310 nemo
3359 3255 3636 3307 Romano-

2047 3370 2167 3410 rum
2195 3355 2430 3409 tolerare
2455 3361 2666 3424 posset,
2695 3351 2986 3420 desperata
3015 3349 3424 3418 expugnatione
3443 3386 3456 3408 ,
3487 3345 3636 3399 so‘.u-

2048 3451 2212 3514 taque
2248 3442 2537 3496 obsidione
2563 3481 2578 3507 ,
2615 3453 2806 3509 pacem
2841 3437 3120 3493 fecerunt.
3148 3435 3279 3490 Post
3310 3433 3636 3488 Ambracio-

2049 3543 2230 3590 tarum
2278 3534 2622 3589 deditionem
2673 3530 2849 3586 lEtoli
2905 3545 3128 3600 quoque
3174 3527 3414 3589 mutati,
3457 3528 3638 3596 primo

2047 3629 2325 3690 inducias,
2345 3643 2473 3682 mox
2496 3626 2664 3681 etiam
2689 3639 2878 3697 pacem
2903 3639 2931 3676 a
2955 3621 3220 3676 Romanis
3243 3621 3635 3690 impetrarunt,

2048 3737 2246 3794 magna
2286 3720 2522 3789 pecunia
2555 3727 2613 3772 et
2646 3717 2832 3772 multis
2866 3715 3159 3770 obsidibus
3198 3713 3364 3768 datis.
3411 3710 3642 3764 Fulvius

2047 3827 2182 3867 vero
2205 3810 2538 3880 Cephalenia
2563 3808 2845 3863 dedit-ioue
2870 3815 3053 3878 capta,
3075 3806 3516 3875 Peloponm-sum
3552 3818 3643 3856 sc-

2051 3904 2261 3957 tlitione
2292 3901 2633 3955 laborantem
2667 3899 3002 3967 composuit.
3036 3894 3242 3952 Deinde
3271 3894 3334 3949 C.
3370 3893 3646 3947 Flaminio

2049 4003 2108 4047 et
2152 3990 2379 4045 Aﬂmilio
2427 3990 2635 4058 Lepido
2679 4003 2822 4042 coss.
2868 3987 3144 4041 Antiocho
3187 3984 3446 4039 defuncto
3495 3983 3647 4036 [ilius

2051 4084 2320 4140 Seleucus
2371 4082 2668 4145 successit,
2734 4095 2842 4148 ι,υο
2874 4090 2929 4134 ct
2959 4080 3074 4150 ipse
3111 4078 3286 4132 multo
3329 4087 3450 4147 post
3490 4091 3644 4129 mor-

2055 4184 2186 4241 tuo,
2240 4173 2547 4228 Antiochus
2601 4172 2695 4242 qui
2748 4173 2932 4226 Romae
2975 4171 3142 4225 obses
3200 4178 3357 4234 erat,
3404 4182 3635 4237 regnum

2053 4267 2316 4338 suscepit.
2346 4265 2635 4337 Philippus
2657 4278 2830 4318 novas
2861 4277 2950 4317 res
2974 4261 3156 4316 moliri
3179 4276 3368 4323 ausus,
3407 4259 3645 4312 urbibus

2053 4356 2386 4427 quibusdam
2420 4354 2764 4409 Thessalicis
2785 4363 2840 4408 et
2860 4351 3002 4408 Eoo
3020 4351 3390 4420 Maroneaquc
3411 4349 3640 4419 ereptis:

2057 4450 2198 4504 nihil
2232 4464 2425 4520 gerere
2455 4448 2635 4522 potuit
2664 4447 2735 4503 ob
2765 4454 3109 4501 senectutem
3135 4484 3151 4509 ,
3182 4453 3239 4499 et
3275 4443 3510 4497 ﬁliorum
3555 4459 3648 4496 ca-

2061 4557 2180 4598 sus.
2210 4541 2348 4596 Galil
2391 4541 2614 4612 quidam
2657 4539 2892 4609 Alpibus
2917 4537 3195 4608 superatis
3216 4577 3231 4601 ,
3261 4535 3453 4591 urbem
3497 4535 3642 4589 intra

2060 4651 2155 4690 eas
2180 4634 2417 4689 condere
2446 4641 2758 4688 statuerunt
2783 4673 2798 4689 .
2831 4631 3035 4704 quibus
3065 4630 3136 4686 M.
3167 4629 3463 4684 MarcellUs
3491 4645 3644 4682 arma

2061 4735 2374 4796 eaateraque
2423 4739 2546 4794 qua:
2572 4723 2737 4779 domo
2770 4723 3104 4787 attulerant,
3139 4721 3368 4776 ademit.
3409 4721 3642 4775 Romani

2059 4834 2194 4874 vero
2219 4817 2416 4890 legatis
2451 4833 2644 4878 eorum
2675 4818 2765 4872 illa
2792 4818 2978 4872 omnia
3010 4817 3409 4880 restituerunt,
3445 4827 3503 4868 ut
3530 4825 3642 4869 sta-

2061 4911 2161 4966 tim
2190 4911 2346 4966 italia
2376 4909 2729 4987 excederent.
2756 4910 2896 4968 Tum
2920 4910 3087 4964 etiam
3120 4909 3363 4966 Annibal
3410 4909 3639 4962 interiit.

2061 5003 2197 5058 Nam
2248 5003 2443 5074 legatis
2477 5003 2547 5058 ad
2595 5003 2847 5058 Prusiam
2892 5002 3160 5074 Bithynia:
3200 5018 3380 5072 regem
3419 5014 3531 5055 tum
3572 5001 3643 5053 ob

2058 5099 2186 5161 alia,
2222 5106 2337 5152 tum
2373 5107 2434 5151 ut
2458 5096 2789 5151 Ananaletn
2826 5096 2970 5168 apud
3001 5097 3184 5170 ipsum
3227 5097 3518 5165 degentem
3551 5091 3645 5146 de-

2061 5189 2248 5254 deret,
2298 5187 2472 5242 Roma
2524 5187 2748 5242 missis:
2787 5187 2879 5240 ille
2911 5201 2972 5244 ea
3003 5201 3062 5240 re
3093 5184 3424 5255 praecognita
3447 5222 3462 5243 ,
3518 5197 3641 5235 cum

2061 5280 2308 5350 eﬂ‘ugcre
2331 5294 2450 5334 non
2475 5289 2683 5348 posset,
2714 5293 2906 5332 necem
2936 5277 3040 5334 sibi
3071 5277 3357 5330 conscivit.
3388 5276 3489 5342 Qui
3521 5290 3643 5329 cum

2061 5369 2362 5441 aliquando
2409 5370 2714 5438 accepisset
2757 5384 3042 5422 oracuuin
3075 5382 3134 5421 se
3166 5367 3220 5420 in
3255 5376 3400 5420 terra
3448 5365 3647 5436 Libyca

2063 5464 2391 5528 obiturum,
2434 5477 2493 5517 se
2542 5463 2597 5514 in
2641 5459 2826 5514 Africa
2881 5458 3057 5528 patria
3104 5457 3465 5512 decessurum
3523 5473 3645 5511 esse

2064 5557 2320 5629 putabat.
2372 5556 2576 5612 Verum
2622 5554 2674 5607 id
2722 5552 2989 5622 praedium
3022 5551 3078 5604 in
3108 5565 3220 5619 quo
3263 5549 3647 5614 moriebatur,

2067 5651 2256 5721 Libya:
2288 5665 2488 5703 nomen
2513 5646 2731 5700 habuit.
2756 5645 2913 5700 Tunc
2937 5644 3106 5698 etiam
3139 5643 3326 5713 Scipio
3353 5642 3648 5697 Africanus

2066 5744 2333 5798 decessit.

375 5836 468 5890 τὸν
492 5836 768 5906 Προυσίαν
799 5839 891 5892 τὸν
921 5839 1017 5910 τῆς
1046 5838 1299 5900 Βιθυνίας
1325 5837 1632 5908 κρατοῦντα
1663 5835 2026 5905 πεμφθέντων
2086 5837 2151 5888 ἐκ
2190 5832 2412 5904 Ῥώμης
2478 5830 2548 5885 δι’
2600 5829 2738 5886 ἄλλα
2773 5829 2832 5882 τέ
2864 5847 2986 5884 τινα
3037 5829 3129 5883 καὶ
3202 5830 3352 5893 ὅπως
3409 5832 3514 5884 -καί
3559 5827 3651 5882 τὸν
