4024 6412
415 374 525 438 175
1721 357 2005 420 JOANNI

2117 353 2418 416 ΞΟΝΑΒίΕ
3567 339 3687 404 776

410 484 664 542 Ἀννίϐαν
696 481 880 552 ἐκδοίη
910 478 1042 552 παρ’
1080 475 1235 546 αύτῷ
1286 474 1441 532 ὄντα.
1489 468 1792 542 προμαθὼν
1837 467 1982 520 τοῦτ’
2024 469 2233 528 ἐκεῖνος
2304 465 2401 518 καὶ
2465 462 2750 532 διαδράναι
2778 459 2854 531 μὴ
2879 454 2989 524 οἷῦς
3036 456 3195 512 τεῶν
3243 456 3436 511 ἐαυτὸν
3467 455 3694 525 διεχρὴ-

415 595 566 632 σατο.
604 545 879 646 Χρησμού
902 572 961 626 δέ
986 545 1119 625 ποτε
1145 545 1294 638 αύτῷ
1319 564 1638 635 γενομένου,
1674 563 1733 615 ἐν
1778 563 1849 632 γῇ
1890 559 2140 631 Λιϐύσσῃ
2199 555 2589 628 τεθνήξεσθαι·
2659 555 2688 607 6
2757 555 2856 620 μὲν
2892 554 2951 606 ὲν
3015 553 3084 622 τῇ
3118 549 3338 620 πατρίδι
3383 552 3453 619 τῇ
3505 545 3696 616 Λιϐύῃ

413 641 724 740 προσεδόκα*
751 641 953 725 θανεῖν,
999 661 1156 730 ἔτυχε
1187 660 1242 712 δέ
1301 657 1552 728 θνήσκων
1579 655 1636 706 ἐν
1670 653 1856 724 χωρίῳ
1917 651 2025 704 τινὶ
2059 651 2346 721 τυγχάνων
2383 646 2708 718 καλουμένῳ
2743 644 3010 718 Λιϐύσσῃ.
3081 644 3191 697 Καὶ
3218 645 3246 696 6
3268 643 3591 712 ’Δφρικανδς
3629 641 3694 694 δέ

415 755 661 808 Σκιπίων
689 754 811 806 τότε
848 749 1176 821 μετήλλαξε.

486 844 653 899 XXII.
690 841 980 910 Philippus
1003 838 1364 893 Macedonum
1395 853 1489 892 rex
1512 875 1529 902 ,
1563 835 1677 890 filio
1723 831 2005 889 Demetrio

2177 829 2310 885 KB'.
2341 829 2610 894 Φίλιππος
2657 828 2713 882 δὲ
2742 830 2770 882 6
2798 825 3127 881 Μακεδόνων
3157 825 3411 896 βασιλεὺς
3439 825 3532 880 τὸν
3571 827 3698 880 υίὶν

414 937 622 1000 occiso,
655 934 915 988 Perseum
947 943 1166 1000 quoque
1189 929 1501 993 occisurus,
1526 925 1686 981 obiit.
1715 924 1848 979 Nam
1870 938 1994 977 eum

417 1027 730 1086 Demetrius
777 1023 850 1078 ob
902 1023 1275 1077 Romanorum
1325 1018 1645 1081 amicitiam,
1700 1014 1997 1083 exterique

417 1119 750 1174 Macedones
781 1129 934 1184 spem
972 1112 1359 1180 concepissent
1411 1109 1565 1180 regni
1601 1115 1726 1178 post
1757 1102 1996 1174 Philippi

416 1211 630 1266 obitum
667 1196 994 1260 obtinendi:
1032 1203 1269 1258 Perseus
1311 1209 1374 1254 ut
1399 1209 1528 1254 natu
1567 1197 1741 1268 major
1769 1196 1819 1250 ei
1854 1193 1998 1248 invi-

416 1301 521 1362 dit.
547 1307 606 1353 et
634 1307 694 1351 ut
723 1296 862 1365 patri
891 1291 1248 1347 insidiantem
1275 1287 1647 1344 calumniatus
1677 1294 1781 1340 est.
1809 1283 1997 1352 Itaque

416 1401 692 1442 venenum
731 1384 920 1437 bibere
956 1390 1217 1442 coactus,
1251 1379 1439 1448 periit.
1478 1375 1766 1445 Philippus
1813 1381 1998 1426 autem

417 1494 530 1533 non
575 1476 747 1530 multo
789 1479 912 1542 post
951 1469 1118 1542 456
1161 1468 1392 1524 veritate
1432 1466 1690 1537 cognita,
1737 1465 1997 1517 Perseum

422 1568 610 1622 ulcisci
641 1564 834 1618 volens
855 1603 868 1626 ,
898 1570 1076 1615 morte
1110 1561 1454 1628 interceptus
1474 1595 1489 1620 ,
1533 1567 1764 1625 regnum
1795 1553 1998 1606 Perseo

420 1662 505 1715 vel
533 1659 740 1715 invitus
765 1655 990 1725 reliquit
1018 1672 1032 1708 :
1057 1653 1206 1723 quod
1230 1651 1282 1706 ei
1316 1649 1572 1713 Romani,
1606 1657 1832 1717 paterna
1856 1643 1994 1698 ami-

418 1753 548 1807 citia
591 1756 876 1811 renovata,
903 1744 1329 1799 conlirmarunt.
1357 1739 1628 1794 lnseeutis
1658 1735 2000 1806 temporibus

419 1842 670 1898 accidere
713 1840 1002 1911 quaedam,
1049 1833 1352 1903 scriptione
1394 1845 1589 1902 parum
1653 1829 1838 1898 digna.
1891 1824 1998 1881 Sed

420 1945 543 2006 post
575 1934 815 1989 Perseus
843 1931 1221 1985 Romanorum
1255 1922 1564 1980 inimicitiis
1591 1921 1864 1989 susceptis
1885 1958 1899 1984 ,
1943 1927 2002 1972 ut

425 2025 569 2079 bello
607 2038 840 2087 moram,
867 2021 998 2075 dum
1027 2034 1084 2074 se
1117 2024 1360 2088 pararet,
1390 2015 1763 2086 produceret:
1795 2013 2002 2084 legatos

422 2119 653 2174 Romam
694 2113 881 2179 misit,
933 2110 1151 2181 objecta
1195 2107 1302 2163 sibi
1341 2106 1576 2162 crimina
1620 2113 1956 2175 purgaturus
1983 2141 1998 2167 ,

2106 922 2425 992 Δημήτριον
2451 919 2784 982 ἀποκτείνας
2806 917 2903 971 καὶ
2933 917 3025 970 τὸν
3056 916 3248 986 ἕτερον
3282 918 3398 969 υίὸν
3420 918 3509 969 τδν
3541 919 3698 985 Περ.-

2107 1015 2204 1066 σὶα
2238 1011 2512 1083 μελλήσας
2537 1010 2842 1080 φονεύσειν,
2863 1009 3158 1062 ἀπέθανεν.
3193 1008 3349 1060 Ἐπεὶ
3381 1008 3490 1079 γὰρ
3511 1026 3701 1079 προσ-

2105 1101 2268 1175 φιλής
2299 1107 2414 1165 τοῖς
2447 1101 2745 1169 Ῥωμαίοις
2777 1100 2840 1151 ἐκ
2871 1099 2968 1168 τῆς
2993 1097 3261 1167 ὁμηρείας
3285 1098 3500 1165 ἐγένετο
3529 1100 3556 1152 ό
3577 1103 3700 1168 Δη-

2109 1197 2360 1268 μήτριος,
2389 1192 2486 1248 καὶ
2518 1193 2679 1254 αύτός
2711 1209 2770 1245 τε
2801 1192 2893 1244 καὶ
2923 1193 2972 1244 ot
3007 1189 3188 1242 λοιποὶ
3220 1191 3326 1242 τῶν
3358 1191 3702 1243 Μακεδόνων

2106 1288 2336 1358 ήλπιζον
2358 1288 2439 1341 ὅτι
2475 1285 2613 1356 μετὰ
2637 1285 2728 1337 τὸν
2761 1284 3030 1336 Φίλιππον
3063 1281 3161 1354 τήν
3207 1281 3486 1352 βασιλείαν
3514 1282 3661 1352 λήψε
3691 1313 3702 1321 -

2105 1397 2220 1444 ται,
2246 1379 2543 1450 ἐφθόνησεν
2567 1376 2758 1445 αύτῷὁ
2780 1377 3024 1446 Περσεὺς
3051 1376 3144 1428 an
3178 1375 3272 1428 καὶ
3317 1374 3703 1446 πρεσϐύτερος

2108 1474 2272 1528 αὐτοῦ
2305 1471 2404 1535 ὢν,
2437 1472 2529 1524 καὶ
2558 1470 2805 1525 διέϐαλεν
2836 1469 3002 1522 αὑτὸν
3030 1469 3104 1530 ὡς
3153 1467 3578 1520 ἐπιϐουλεύοντα
3614 1468 3701 1538 τῷ

2110 1565 2302 1636 πατρί.
2336 1565 2446 1618 Καὶ
2480 1565 2508 1616 6
2540 1563 2638 1632 μέν
2663 1563 2955 1633 φάρμακον
2994 1561 3139 1612 πιεῖν
3173 1558 3540 1626 ἀναγκασθεὶς
3575 1559 3703 1610 ἐτε-

2109 1654 2392 1725 λεύτησεν.
2441 1654 2498 1706 ὐ
2527 1654 2582 1706 δὲ
2615 1653 2879 1715 Φίλιππος
2905 1651 2966 1703 οὐ
3007 1649 3186 1719 πολλῷ
3219 1651 3444 1720 ὕστερον
3478 1651 3538 1700 τὸ
3560 1651 3702 1717 άλη-

2109 1746 2197 1809 θὲς
2229 1747 2390 1814 γνοὺς
2423 1743 2738 1814 ἀμύνασθαι
2766 1742 2856 1795 τὸν
2882 1742 3094 1813 Περσέα
3123 1741 3386 1810 ἠθέλησεν
3407 1758 3420 1770 ο
3461 1742 3522 1792 οὐ
3560 1741 3700 1808 μὲν-

2109 1857 2190 1892 τοι
2234 1837 2329 1890 καὶ
2385 1836 2630 1906 ἴσχυσεν,
2667 1835 2784 1888 ἀλλ’
2837 1835 3000 1897 αὑτός
3035 1851 3095 1886 τε
3153 1833 3415 1898 ἀπέθανε,
3467 1836 3559 1886 καὶ
3592 1835 3699 1904 τὴν

2111 1930 2390 2000 βασιλείαν
2432 1930 2460 1980 6
2521 1929 2763 1998 Περσεὺς
2820 1926 3112 1993 διεδέξατο.
3163 1927 3272 1977 Καὶ
3321 1927 3369 1977 οἱ
3426 1927 3697 1992 Ῥωμαῖοι

2107 2020 2312 2090 ταύτην
2341 2037 2399 2073 τε
2435 2018 2584 2089 αύτῷ
2613 2018 2976 2084 ἐϐεϐαίωσαν,
3035 2017 3130 2070 καὶ
3178 2016 3279 2086 τὴν
3310 2016 3572 2085 πατρῴαν
3599 2034 3698 2083 τρι-

2109 2111 2230 2165 λίαν
2257 2113 2650 2165 ἀνενεώσαντο.
2692 2108 2781 2162 Ἐν
2831 2108 2888 2164 δὲ
2931 2111 3043 2171 τοῖς
3073 2108 3216 2176 μετὰ
3271 2108 3444 2160 ταῦτα
3477 2107 3701 2177 χρόνοις

420 2206 654 2262 scilicet.
684 2201 898 2268 Quibus
928 2196 1165 2255 Romani
1211 2195 1268 2250 in
1311 2193 1506 2249 urbem
1540 2206 1652 2246 non
1700 2189 1958 2245 admissis
1987 2227 2001 2252 ,

2117 2204 2518 2276 συνηνέχθησαν
2577 2203 2678 2272 μέν
2730 2219 2875 2265 τινα,
2909 2201 2970 2255 οὐ
3027 2203 3212 2272 μέντοι
3271 2203 3368 2255 καὶ
3419 2203 3701 2268 ἀναγκαῖα

419 2306 616 2354 senatu
657 2294 795 2350 foris
831 2293 992 2359 dato,
1042 2290 1180 2346 nihil
1218 2285 1630 2359 responderunt
1661 2283 1843 2348 aliud,
1899 2281 2004 2335 nisi

426 2389 716 2446 consulem
751 2402 810 2444 se
852 2387 1122 2441 missuros
1159 2396 1313 2445 esse,
1355 2393 1482 2435 cum
1523 2391 1635 2448 quo
1665 2382 1854 2445 ageret
1887 2387 2010 2442 qme

422 2483 623 2538 vellet:
651 2479 960 2550 eodemque
983 2475 1074 2532 die
1099 2474 1224 2530 illos
1247 2473 1404 2528 abire
1424 2471 1731 2542 jusserunt,
1761 2464 2010 2521 ductori-

424 2578 529 2632 bus
561 2574 841 2646 adjunetis
861 2611 876 2635 ,
903 2588 974 2627 ne
1003 2583 1131 2626 cum
1176 2580 1402 2638 quoque
1429 2564 1914 2634 colloquerentur,
1945 2571 2009 2611 ac

421 2670 626 2726 Perseo
689 2665 843 2722 aditu
888 2662 1061 2718 Italia:
1111 2661 1168 2714 in
1223 2666 1510 2728 posterum
1570 2651 2006 2708 iuterdixerunt.

424 2760 636 2817 Deinde
675 2758 777 2813 Cn.
815 2755 1085 2810 Sicinium
1127 2761 1422 2820 praetorem
1455 2760 1582 2801 eum
1625 2741 1809 2814 parvis
1835 2737 2012 2808 capiis

427 3036 702 3108 adjunxit.
736 3031 1070 3088 Imminente
1100 3041 1231 3082 vere
1268 3023 1519 3080 Licinius
1547 3020 1780 3076 Crassus
1819 3027 2010 3072 contra

427 3145 556 3184 eum
587 3127 790 3181 missus
822 3131 926 3186 est,
957 3130 1012 3176 et
1051 3118 1212 3176 classi
1243 3116 1540 3188 praefectus
1587 3111 1652 3168 C.
1695 3108 2010 3166 Lucretius.

427 3223 504 3277 Ae
535 3219 714 3290 primo
740 3213 989 3286 equestri
1020 3210 1279 3266 conﬂictu
1309 3206 1536 3277 impegit
1566 3222 1580 3257 :
1608 3201 1814 3258 deinde
1842 3199 2015 3254 vieto-

430 3314 515 3366 ria
541 3313 772 3382 potitus,
804 3323 870 3362 eo
902 3303 1114 3374 redegit
1141 3302 1430 3362 Perseum,
1464 3306 1525 3352 ut
1550 3297 1605 3350 in
1637 3293 2013 3348 Macedoniam

431 3401 746 3457 recederet.
795 3395 976 3452 Urbes
1030 3401 1215 3446 autem
1260 3387 1479 3443 Graaeas
1517 3399 1841 3456 aggressus,
1880 3399 2017 3452 quas

432 3495 724 3564 Philippus
746 3490 1091 3553 obtinuerat,
1115 3501 1144 3538 a
1171 3481 1447 3553 plerisque
1469 3479 1725 3549 repulsus
1745 3486 1852 3542 est,
1878 3491 2016 3530 non-

433 3589 615 3644 nullas
635 3582 878 3651 subegit,
912 3579 1209 3634 nonnullas
1238 3574 1456 3640 evertit,
1486 3572 1701 3629 civibus
1731 3571 1834 3625 sub
1855 3586 2014 3625 coro-

432 3698 505 3735 na
567 3676 831 3735 venditis.
893 3673 1110 3740 Quibus
1166 3668 1402 3725 Romani
1450 3666 1660 3722 auditis
1714 3665 2010 3734 indignati,

435 3775 635 3830 Crasso
675 3767 1027 3840 postmodum
1053 3761 1433 3834 pecuniariam
1479 3759 1707 3813 multam
1731 3758 2012 3821 dixerunt,

435 3875 622 3936 captas
648 3863 813 3918 urbes
834 3860 1039 3914 liberas
1058 3872 1180 3912 esse
1200 3856 1488 3926 jusserunt
1509 3871 1522 3911 :
1549 3865 1850 3921 earumque
1871 3850 2019 3905 cives

436 3956 806 4020 venundatos,
834 3965 973 4023 quos
994 3951 1049 4004 in
1077 3949 1230 4003 Italia
1258 3960 1536 4015 reperere,
1569 3943 1638 3998 ab
1673 3942 2017 4011 emptoribus

437 4050 814 4105 redemerunt.
862 4043 960 4098 llis
1009 4043 1083 4096 ita
1137 4040 1306 4112 gestis
1350 4037 1495 4092 bello
1544 4035 1767 4091 Persico
1817 4035 2018 4089 multas

438 4157 664 4210 magnas
713 4139 900 4194 clades
947 4140 1318 4204 acceperunt.
1359 4130 1526 4184 rebus
1578 4143 1769 4183 eorum
1815 4127 2017 4196 passim

439 4233 678 4289 alllictis.
710 4229 847 4284 Nam
881 4229 1116 4283 Perseus
1151 4223 1303 4294 Epiri
1339 4231 1396 4277 et
1427 4219 1725 4277 Thessalia
1760 4219 2022 4288 pleraque

440 4325 708 4382 obtinuit.
742 4325 948 4379 Praeter
971 4320 1120 4375 enim
1151 4317 1288 4372 alias
1315 4315 1564 4385 ingentes
1590 4312 1798 4382 copias,
1825 4311 2022 4366 adver-

442 4433 538 4474 sus
563 4417 940 4494 Romanorum
965 4409 1290 4481 elephantes
1309 4406 1473 4462 etiam
1492 4403 1818 4476 phalangem
1842 4417 2024 4457 arma-

445 4518 628 4563 torum
663 4507 1036 4570 instruxerat,
1065 4515 1306 4572 quorum
1341 4497 1518 4569 clypei
1553 4503 1610 4550 et
1638 4495 1806 4566 galeae
1831 4494 2025 4549 ferreis

443 4601 613 4656 clavis
641 4598 820 4652 acutis
848 4595 1175 4650 horrebant.
1211 4591 1291 4646 Ne
1331 4600 1518 4645 autem
1555 4592 1716 4660 equis
1762 4587 2025 4642 formida-

447 4692 586 4744 biles
645 4695 873 4751 essent,
921 4683 1216 4738 simulacra
1255 4679 1678 4750 elephantorum
1717 4678 1933 4748 paravit
1960 4690 2025 4729 ex

448 4786 732 4850 unguento
757 4777 1020 4847 quodam,
1045 4783 1249 4828 tetrum
1285 4771 1539 4826 fauorem
1566 4770 1854 4840 spirantia,
1879 4767 2024 4832 visu,

2112 2297 2255 2349 πάνυ
2297 2297 2437 2348 ὥστε
2464 2293 2559 2347 καὶ
2591 2291 2917 2363 συγγραφῆς
2947 2291 3273 2361 νομίζεσθαι
3317 2290 3465 2355 ἄξια.
3497 2292 3703 2344 Ὕστε-

2115 2406 2205 2458 ρον
2252 2389 2310 2441 δέ
2357 2389 2385 2440 6
2442 2387 2686 2455 Περσεὺς
2729 2385 2989 2454 πολέμιον
3019 2383 3210 2437 ἐαυτὸν
3241 2384 3353 2447 τοῖς
3398 2385 3704 2454 Ῥωμαίοις

2111 2482 2390 2554 ἐποίησεν.
2425 2483 2547 2534 Ὶνα
2575 2482 2633 2534 δέ
2665 2480 2939 2550 ἀναϐολὴν
2968 2481 3060 2532 τοῦ
3108 2479 3346 2550 πολέμου
3408 2480 3564 2549 σχοίη
3598 2481 3707 2549 μέ-

2111 2593 2235 2647 χρις
2267 2577 2332 2629 ἂν
2366 2573 2876 2644 παρασκευάσηται,
2915 2569 3174 2641 πρέσϐεις
3205 2573 3287 2634 είς
3329 2571 3430 2639 τὴν
3477 2571 3706 2640 Ῥώμην

2111 2669 2360 2738 ἐπεμψεν
2387 2665 2901 2738 ἀπολογησομένους
2930 2664 3070 2734 τάχα
3101 2667 3232 2736 περὶ
3263 2659 3338 2717 ὧν
3365 2665 3703 2718 ἐνεκαλεῖτο.

2113 2760 2222 2822 Οὓς
2269 2763 2318 2812 οἱ
2377 2761 2641 2828 Ῥωμαῖοι
2675 2757 2790 2811 οὔτ’
2841 2756 2975 2810 εἴσω
3007 2755 3102 2810 τοῦ
3162 2757 3378 2826 τείχους
3413 2756 3702 2820 ἐδέξαντο·

2114 2857 2207 2906 καὶ
2243 2851 2349 2920 πρὸ
2396 2850 2490 2903 τοῦ
2553 2849 2746 2912 ἄστεος
2807 2850 2994 2912 αὐτοῖς
3051 2849 3494 2919 χρηματίσαντες
3541 2849 3708 2902 οὐδὲν

2114 2944 2484 3014 ἀπεκρίναντο
2509 2943 2596 2995 ’έτε
2607 2959 2720 3008 ρον.
2752 2941 2786 3012 ἢ
2813 2944 2895 2996 ὅτι
2919 2937 3124 2996 ὕπατον
3149 2943 3446 3011 πέμψουσι,
3480 2941 3617 3013 πρὸς
3640 2940 3708 2994 δν

2114 3037 2218 3090 ὃσα
2253 3033 2502 3104 βούλεται
2531 3031 2948 3103 διαλεχθήσεται
2969 3050 2984 3065 ⁸
3018 3034 3111 3086 καὶ
3152 3033 3465 3104 αὐθήμερον
3499 3033 3709 3094 αὐτοῦς

2115 3127 2336 3182 ἀπιέναι
2363 3126 2649 3195 ἐποίησαν,
2697 3125 2879 3188 δόντες
2929 3126 3082 3195 σφίσι
3134 3128 3227 3178 καὶ
3273 3126 3526 3194 ἀγωγοὺς
3555 3123 3707 3178 ὥστε

2119 3222 2193 3291 μή
2225 3237 2333 3274 τινι
2362 3220 2758 3288 συγγένωνται,
2792 3219 2888 3271 καὶ
2921 3217 3000 3286 τῷ
3046 3219 3252 3288 Περσεῖ
3310 3218 3411 3286 τῆς
3467 3216 3712 3278 Ἰταλίας

2116 3310 2420 3364 ἐπιϐαίνειν
2451 3309 2545 3363 τοῦ
2576 3307 2765 3362 λοιποῦ
2791 3310 3186 3379 ἀπειρήκασιν.
3217 3309 3279 3360 Οἱ
3312 3307 3408 3375 μὲν
3432 3305 3525 3360 οὖν
3565 3305 3709 3358 Ῥω-

2120 3406 2270 3473 μαῖοι
2305 3403 2446 3474 μετά
2477 3402 2655 3456 ταῦτα
2685 3403 2877 3456 Γναῖον
2930 3401 3167 3453 Σικίνιον
3220 3396 3524 3467 στρατηγὸν
3557 3395 3706 3464 μετὰ

2115 3495 2399 3564 δυνάμεως
2427 3494 2616 3564 ὀλίγης
2641 3493 2959 3562 ἐξέπεμψαν
2988 3493 3082 3564 (οὐ
3115 3493 3222 3561 γάρ
3262 3509 3342 3544 πω
3381 3493 3481 3561 τὴν
3525 3489 3703 3559 μείζω

2119 3587 2644 3658 παρεσκευάσαντο)
2673 3587 2766 3638 καὶ
2799 3586 2826 3635 6
2855 3585 3099 3654 Περσεὺς
3123 3585 3200 3646 είς
3229 3583 3709 3649 Θεσσαλίανπαρ⁴

2117 3679 2423 3748 ἐμϐάλλων,
2462 3678 2532 3731 τά
2563 3695 2626 3745 γε
2652 3676 2880 3728 πλεῖστα
2910 3676 3083 3745 αὐτῆς
3140 3675 3480 3746 ᾠκειώσατο·
3543 3674 3710 3726 Ἐπεὶ

2117 3771 2173 3822 δὲ
2213 3769 2272 3820 τὸ
2324 3767 2425 3838 ἐαρ
2458 3767 2687 3836 ἐπέστη,
2725 3764 3041 3834 πέμπουσιν
3088 3765 3178 3818 ἐπ’
3232 3764 3394 3818 αὑτὸν
3428 3763 3710 3817 Λικίννιον

2121 3861 2397 3931 Κράσσον,
2461 3859 2556 3912 καὶ
2615 3857 2921 3929 στρατηγὸν
2979 3859 3072 3909 ἐπὶ
3105 3855 3202 3909 τοῦ
3251 3855 3507 3908 ναυτικοῦ
3539 3855 3712 3906 Γαῖον

2120 3950 2458 4021 Λιυκρίτιον.
2527 3947 2813 4018 Συμμίξας
2861 3943 2956 4001 οὖν
2985 3947 3202 4018 πρῶτον
3261 3945 3388 4017 περὶ
3420 3947 3712 4015 Λάρισσαν

2119 4041 2197 4109 τῷ
2226 4041 2428 4110 Περσεῖ
2451 4041 2508 4093 ἐν
2541 4037 2853 4110 ἱππομαχία
2905 4039 3164 4092 ἔπταισεν
3185 4055 3201 4071 ο
3261 4037 3488 4108 ὕστερον
3519 4038 3712 4107 μέντοι

2123 4134 2493 4204 περιεγένετο,
2525 4131 2669 4184 ὥστε
2698 4135 2792 4184 καὶ
2842 4133 3202 4201 ἀναχωρῆσαι
3257 4130 3347 4182 τὸν
3376 4129 3588 4199 Περσέα
3623 4129 3714 4194 είς

2124 4225 2484 4280 Μακεδονίαν.
2515 4223 2574 4278 '0
2606 4224 2863 4294 Κράσσος
2900 4223 2959 4275 δὲ
2985 4225 3107 4285 ταῖς
3133 4222 3324 4276 πόλεσι
3353 4224 3475 4284 ταῖς
3517 4220 3720 4290 Ἐλλη-

2111 4319 2300 4380 ,νικαίς
2356 4319 2477 4380 ταῖς
2524 4315 2631 4369 ὑπὸ
2679 4314 2774 4368 τοῦ
2829 4313 3098 4392 φιλίππου
3148 4315 3547 4384 κατεχομέναις
3590 4312 3714 4383 (48)

2127 4405 2460 4477 προσέϐαλε,
2491 4406 2586 4458 καὶ
2618 4406 2727 4459 τῶν
2766 4405 2864 4475 μὲν
2895 4404 3159 4458 πλειόνων
3188 4403 3568 4475 ἀπεκρούσθη,
3589 4404 3716 4460 ἐστι

2125 4499 2170 4553 δ’
2198 4499 2264 4562 ἃς
2293 4497 2631 4568 ἐχειρώσατο
2653 4513 2666 4526 ·
2701 4497 2796 4552 καί
2831 4514 2985 4560 τινας
3019 4497 3382 4567 κατασκάψας
3411 4499 3538 4562 τοὺς
3559 4498 3722 4552 άλόν-

2127 4613 2226 4660 τας
2260 4594 2513 4648 ἀπέδοτο.
2552 4593 2737 4662 ’Λπερ
2768 4593 2818 4645 οί
2843 4594 2902 4645 ἐν
2935 4597 3000 4664 τῇ
3037 4590 3224 4664 Ῥώμῃ
3253 4594 3547 4664 πυθόμενοι
3567 4595 3717 4664 ἠγα-

2129 4687 2432 4758 νάκτησαν,
2468 4685 2562 4738 καὶ
2608 4685 2700 4738 τόν
2731 4702 2790 4739 τε
2819 4686 3077 4755 Κράσσον
3131 4687 3360 4758 ὕστερον
3388 4687 3717 4757 ἐζημίωσαν

2129 4779 2402 4850 χρήμασι,
2432 4776 2660 4838 καὶτὰς
2712 4775 3021 4839 ἑαλωκυίας
3068 4776 3252 4840 πόλεις
3296 4777 3714 4847 ἠλευθέρωσαν,

452 4871 762 4938 audituque
784 4867 1086 4929 horrenda,
1105 4879 1227 4934 quae
1256 4871 1374 4918 arte
1397 4861 1632 4931 quadam
1666 4861 1910 4915 sonitum
1942 4860 2011 4914 in-

2133 4873 2228 4924 καὶ
2257 4870 2385 4932 τοὺς
2409 4868 2718 4938 πραθέντας
2753 4868 2809 4934 ἐξ
2835 4869 3016 4922 αὐτῶν
3045 4867 3139 4922 καὶ
3166 4870 3226 4920 ἐν
3271 4872 3337 4940 τῇ
3366 4868 3571 4940 Ἰταλίᾳ
3622 4870 3721 4923 εὐ-

451 4974 566 5018 star
600 4961 841 5016 tonitrus
877 4958 1146 5013 ederent:
1178 4956 1245 5010 ad
1275 4971 1394 5026 quae
1425 4955 1553 5024 equi
1593 4954 1828 5010 subinde
1857 4953 2029 5009 addu-

451 5057 548 5122 eti,
581 5055 778 5108 timere
831 5050 1072 5120 denique
1118 5047 1426 5103 desierunt.
1463 5044 1558 5101 llis
1589 5049 1755 5100 rebus
1793 5045 2027 5100 Perseus

455 5149 631 5204 auctis
668 5146 890 5212 animis,
920 5159 979 5200 se
1010 5141 1324 5200 Alexandro
1353 5139 1526 5210 gloria
1563 5147 1620 5192 et
1651 5137 2028 5209 magnitudine

454 5239 672 5313 imperii
712 5238 1058 5310 superiorem
1105 5233 1226 5289 fore
1255 5231 1504 5303 putabat.
1539 5230 1769 5313 Romani
1802 5244 1932 5283 vero
1962 5233 2030 5284 IIS

458 5332 690 5404 i-ognitis
713 5372 725 5394 ,
763 5329 1024 5384 Marcium
1065 5325 1378 5395 Philippum
1411 5337 1529 5377 eos.
1577 5320 1739 5393 457
1771 5321 2030 5378 celeriter

457 5425 824 5494 ablegarunt:
859 5423 1106 5494 quicum
1147 5418 1202 5472 in
1236 5415 1578 5473 Thessaliam
1611 5416 1676 5468 ad
1721 5417 2027 5472 exercitum

2136 4961 2393 5034 ρεθέντας
2442 4962 2562 5013 τότε
2604 4960 2755 5031 παρὰ
2778 4961 2887 5012 τῶν
2943 4961 3279 5031 ἐωνημένων
3337 4964 3537 5025 αὐτοὺς
3595 4963 3722 5028 ἐξε-

2135 5056 2380 5125 πρίαντο.
2407 5053 2596 5106 Ταῦτα
2630 5055 2728 5123 μὲν
2757 5049 2851 5105 οὖν
2867 5053 3040 5115 οὕτως
3072 5054 3320 5124 ἔπραξαν
3336 5057 3384 5108 oi
3427 5056 3714 5124 Ῥωμαῖοι·

2133 5144 2192 5194 ἐν
2217 5142 2272 5194 δὲ
2291 5142 2367 5209 τῷ
2393 5140 2533 5210 πρὸς
2563 5141 2652 5193 τὸν
2676 5141 2888 5211 Περσέα
2920 5141 3142 5210 πολέμῳ
3173 5144 3344 5198 πολλά
3374 5145 3468 5197 καὶ
3502 5144 3720 5214 μεγαλα

2139 5234 2442 5304 ἠτύχησαν,
2476 5235 2573 5286 καὶ
2608 5234 2898 5303 πολλαχόθι
2946 5236 3180 5304 ἐπόνησε
3211 5238 3280 5290 τὰ
3331 5239 3530 5301 αὶτῶν,
3571 5255 3646 5291 κα
3689 5239 3720 5291 6

2138 5326 2382 5397 Περσεὺς
2407 5326 2508 5395 τῆς
2543 5326 2801 5395 Ἠπείρου
2832 5326 2926 5378 καὶ
2965 5327 3064 5396 τῆς
3123 5329 3423 5392 Θεσσαλίας
3479 5331 3722 5402 κατέσχε

2139 5417 2207 5470 τὰ
2242 5417 2484 5470 πλείονα.
2515 5417 2628 5486 Τήν
2664 5433 2723 5468 τε
2746 5417 2853 5486 γὰρ
2898 5417 3064 5487 ἄλλην
3094 5418 3325 5490 δύναμιν
3356 5420 3555 5492 πολλὴν
3591 5440 3724 5476 συν-

1614 5579 1813 5640 Varia':
1859 5576 2162 5637 lectiones
2209 5583 2271 5636 et
2315 5583 2508 5636 notae.

534 5739 654 5812 (A8)
682 5737 958 5812 1'ai'c_6:td
1005 5739 1110 5793 τοῦ
1134 5737 1438 5792 Φιλίππου
1481 5733 1926 5803 κατεχομέναις.
1961 5729 2011 5785 Si

2117 5745 2220 5786 nss.
2258 5731 2393 5802 Reg.
2422 5739 2478 5785 et
2533 5729 2777 5786 Colbert.
2829 5733 2898 5786 At
2929 5733 3155 5790 Wolfius
3191 5734 3448 5812 Περσέως
3489 5735 3726 5792 indubie

462 5808 756 5880 legendum
781 5806 876 5861 ait.
