4024 6424
276 320 384 386 777

1538 274 1964 372 ἈΝΝΑιιυιι
2009 304 2156 380 LIB.
2201 308 2307 369 1x.

3443 311 3551 375 ’ῖτὸ

282 427 571 501 εκρότησε,
603 421 697 478 καὶ
732 419 869 493 πρὸς
900 419 1023 484 τοὺς
1057 419 1358 488 ἐλέφαντας
1408 419 1518 473 τῶν
1576 418 1868 490 Ῥωμαίων

1995 418 2248 483 venisset,
2296 418 2575 474 Romanos
2605 428 2661 475 et
2688 407 2871 478 socios
2900 421 2975 478 ita
3004 424 3286 489 exercuit,
3332 438 3391 482 ut
3421 428 3557 484 Per-

282 524 544 594 φάλαγγα
577 515 815 571 ὁπλιτῶν
847 514 1102 586 ἡσκήκει,
1125 514 1303 579 ὀξέσιν
1332 514 1486 589 ἧλοις
1514 513 1615 580 τὰς
1639 511 1870 579 ἀσπίδας

283 616 382 671 καὶ
415 615 485 667 τὰ
507 612 682 682 κράνη
714 605 1021 679 σιδηρώσας
1053 607 1257 660 αὐτῶν.
1289 607 1478 671 Ὅπως
1504 606 1562 660 δὲ
1586 607 1725 678 μήτε
1758 608 1874 670 τοῖς

284 710 478 769 ἵπποις
532 701 759 774 φοϐεροὶ
813 694 950 766 εἷεν,
983 699 1181 752 εἴδωλα
1211 698 1525 769 ἐλεφάντων
1575 699 1872 763 σκευάσας,

286 796 467 866 δεινὴν
491 793 593 864 μὲν
617 791 726 846 ὑπὸ
748 788 1052 862 χρίσματός
1071 806 1218 853 τινος
1234 788 1410 862 ὀσμὴν
1430 790 1643 862 ἔχοντα.
1666 788 1876 863 φοϐερὰ

283 888 343 940 δὲ
372 887 467 939 καὶ
497 884 731 955 ὀφθῆναι
755 880 853 935 καὶ
877 879 1214 950 ἀκουσθῆναι
1250 881 1391 953 ὄντα
1421 880 1733 953 (βροντώδη
1767 881 1877 953 γὰρ

285 981 440 1051 ἠφίει
468 981 610 1052 ¹ἢχήν
639 995 760 1031 τινα
779 977 841 1042 ἐξ
865 975 1316 1055 ἐπιτηδεύσεως).
1345 974 1483 1045 πρὸς
1501 975 1687 1029 ἐκεῖνα
1709 990 1879 1047 προσ-

288 1076 424 1144 ῆγεν
444 1072 642 1134 αὐτοὺς
677 1069 947 1141 συνεχῶς,
977 1068 1172 1139 μέχρις
1201 1062 1262 1123 οὗ
1295 1068 1391 1122 καὶ
1421 1066 1755 1139 ἐθάρσησαν.
1819 1069 1879 1122 Ὀ

294 1166 393 1237 μὲν
421 1163 513 1218 οὖν
540 1166 781 1234 Περσεὺς
810 1161 956 1232 μέγα
982 1162 1048 1213 ἐκ
1077 1160 1285 1213 τούτων
1308 1160 1575 1230 ἐκέκτητο
1594 1159 1880 1231 φρόνημα,

289 1259 389 1313 καὶ
404 1259 496 1311 τὸν
512 1255 868 1326 Ἀλέξανδρον
887 1256 954 1325 τῇ
974 1253 1121 1325 δόξῃ,
1137 1253 1233 1307 καὶ
1252 1251 1328 1324 τῷ
1347 1253 1573 1321 μεγέθει
1591 1254 1689 1317 τῆς
1704 1256 1882 1327 ἀρχῆς

292 1350 610 1423 ὑπεροίσειν
639 1348 969 1423 ἐπήλπισεν.
1002 1347 1066 1399 Οί
1092 1345 1137 1398 δ’
1163 1347 1222 1401 ἐν
1248 1349 1314 1417 τῇ
1360 1342 1749 1421 Ῥώμῃιταῧτα
1777 1362 1884 1415 μα-

294 1447 482 1507 Brivas;
517 1445 609 1496 τὸν
654 1443 909 1509 Μάρκιον
963 1439 1231 1494 Φίλιππον
1286 1437 1633 1493 ὑπατεύοντα
1679 1440 1884 1509 σπουδῇ

294 1534 635 1606 ἐξέπεμψαν,
672 1534 765 1584 καὶ
793 1530 852 1593 ὃς
884 1530 965 1595 είς
998 1529 1097 1600 τὴν
1127 1527 1428 1583 Θεσσαλίαν
1453 1527 1590 1599 πρὸς
1624 1527 1684 1581 τὸ
1716 1544 1883 1596 στρα-

296 1628 521 1681 τόπεδον
577 1622 911 1696 ἀφικόμενος
958 1621 1084 1685 τούς
1142 1639 1205 1675 τε
1248 1619 1562 1693 Ῥωμαίους
1608 1621 1706 1674 καὶ
1760 1622 1888 1682 τοὺς

1976 526 2104 567 seus
2159 511 2386 567 territus
2417 553 2433 578 ,
2486 514 2541 569 in
2582 530 2684 569 suo
2740 530 2908 586 regno
2949 516 3338 586 Macedonico,
3392 532 3450 577 et
3493 523 3562 578 ad

1983 601 2189 671 Tempe
2231 603 2451 674 quietus
2478 646 2491 670 ,
2529 605 2814 675 angustias
2849 613 3125 662 tueretur.
3161 608 3337 665 Aucta
3377 626 3447 667 ex
3491 628 3560 667 eo

1983 697 2217 753 audacia
2277 696 2600 768 Philippus,
2661 698 2858 754 mediis
2910 701 3193 757 montibus
3242 707 3562 773 superatis,

1983 788 2250 860 quasdam
2286 789 2433 845 illius
2457 789 2623 845 urbes
2645 791 2791 861 cepit
2817 810 2830 847 :
2856 800 2912 846 et
2937 792 3007 847 ad
3039 792 3285 862 Pydnam
3307 810 3566 867 progres-

1983 895 2100 946 sus,
2125 880 2197 936 ob
2219 888 2568 936 commeatus
2600 882 2894 950 penuriam
2922 883 2976 936 in
3008 882 3353 939 Thessaliam
3378 886 3563 941 rediit.

1987 972 2144 1030 Unde
2200 973 2436 1029 Perseus
2482 984 2769 1044 resumpta
2817 974 3056 1039 ﬁducia,
3106 992 3232 1046 quae
3277 976 3569 1048 Philippus

1983 1073 2317 1136 occuparat,
2354 1066 2566 1136 reci-pit
2586 1108 2600 1133 ,
2629 1074 2685 1121 et
2719 1066 2894 1122 classe
2915 1066 3196 1123 Romanos
3224 1069 3435 1125 crebris
3465 1070 3569 1125 de-

1987 1157 2271 1213 trimentis
2301 1157 2517 1223 all'ecit,
2554 1159 2859 1229 ascitisque
2888 1160 3090 1224 sociis,
3122 1170 3238 1215 tota
3266 1160 3476 1217 Grzecia
3510 1178 3570 1218 sc

1986 1249 2269 1306 Romanos
2298 1250 2608 1322 eiecturum
2637 1252 2896 1321 sperabat
2920 1271 2932 1307 :
2958 1252 3055 1308 sed
3087 1253 3255 1308 nimia
3284 1261 3341 1309 et
3365 1255 3574 1325 impor-

1991 1353 2121 1401 tuna
2170 1343 2552 1413 parcimonia,
2597 1359 2666 1399 ex
2712 1359 2892 1415 eaque
2940 1345 3223 1400 sociorum
3270 1347 3529 1417 neglectu
3557 1388 3573 1415 ,
3622 1384 3634 1402 .

1991 1448 2187 1490 rursus
2214 1435 2336 1506 ejus
2364 1450 2499 1505 opes
2541 1435 2851 1492 imminutae
2881 1445 3033 1496 sunt.
3065 1438 3253 1496 Rebus
3281 1441 3427 1497 enim
3462 1442 3575 1498 Ro-

1991 1540 2281 1581 manorum
2309 1526 2758 1595 tabescentibus,
2792 1532 2908 1585 suis
2952 1530 3315 1590 incrementis
3361 1533 3571 1601 fretus,

1994 1616 2180 1675 socios
2224 1621 2301 1674 ita
2351 1619 2717 1690 contempsit,
2762 1622 2922 1692 quasi
2964 1638 3160 1680 eorum
3210 1640 3380 1697 opera
3431 1626 3575 1682 nihil

299 1718 627 1789 συμμάχους
680 1715 923 1787 ἐξήσκει,
959 1712 1103 1768 ὥστε
1150 1712 1406 1769 δείσαντα
1431 1711 1523 1766 τὸν
1578 1712 1798 1782 Περσέα
1830 1713 1891 1766 ἐν

1995 1721 2146 1767 esset
2170 1726 2352 1782 opus:
2387 1726 2491 1767 nec
2535 1711 2869 1783 promissam
2902 1714 3013 1772 illis
3059 1718 3352 1788 pecuniam
3398 1718 3573 1775 dedit.

296 1774 384 1882 sq;
417 1774 542 1880 ὶδιῷ
591 1774 669 1880 τῷ
721 1774 1083 1877 ίνίακεδινικῷ
1140 1804 1253 1878 (49)
1288 1805 1384 1859 καὶ
1423 1803 1562 1875 πρὸς
1591 1774 1707 1869 rei;
1738 1804 1887 1874 Τέμ-

1995 1774 2246 1860 Aliorum
2280 1804 2447 1877 igitur
2474 1774 2764 1863 alacritate
2791 1774 3086 1866 imminuta
3108 1847 3123 1877 ,
3157 1812 3226 1867 ab
3259 1812 3385 1869 aliis
3413 1813 3577 1885 plane

296 1920 458 1958 πεσιν
489 1901 723 1974 ἡσυχίαν
755 1901 935 1970 ἄγειν,
968 1900 1064 1954 καὶ
1112 1897 1185 1953 τὰ
1220 1897 1388 1952 στενὰ
1421 1899 1633 1969 τηρεῖν.
1664 1897 1890 1969 Θαρσήο

296 2014 395 2060 σας
423 1995 481 2049 δέ
506 1995 596 2050 διὰ
621 1992 795 2047 ταῦτα
828 1994 855 2046 ὁ
884 1989 1154 2053 Φίλιππος
1187 1988 1280 2043 διὰ
1314 1987 1496 2057 μέσων
1535 1987 1681 2058 ὁρῶν
1712 1985 1889 2053 ὑπερ-

295 2087 475 2155 έϐαλε,
528 2088 622 2142 καί
662 2066 794 2140 ’τινα
844 2082 939 2138 τοῦ
980 2080 1239 2153 Περσέως
1289 2079 1545 2150 κατέσχε.
1601 2075 1814 2149 Προϊὼν
1844 2076 1891 2131 δ’

294 2182 392 2236 ἐπὶ
419 2184 521 2251 τῆς
550 2180 764 2249 Πύδνης
803 2175 917 2247 (50)
946 2173 1056 2229 τῶν
1087 2171 1414 2242 ἐπιτηδείων
1449 2170 1737 2235 ἐσπάνισε,
1795 2172 1891 2225 καὶ

1988 1897 2317 1963 destitutus,
2347 1897 2420 1953 ita
2451 1898 2619 1954 rebus
2641 1899 2758 1957 suis
2780 1899 3029 1958 diuidere
3058 1905 3261 1974 erepit,
3291 1912 3354 1961 ut
3380 1921 3574 1977 pacem

1992 1997 2244 2058 peteret:
2278 2003 2515 2060 eamque
2544 2006 2646 2061 per
2674 1992 2984 2050 Eumenem
3034 1995 3424 2067 impetrasset,
3470 2001 3578 2056 nisi

1992 2080 2197 2137 Rhodii
2233 2081 2427 2154 legatis
2452 2082 2700 2154 adiuncti
2728 2086 2974 2158 superba
3003 2090 3261 2146 oratione
3294 2089 3580 2149 Romano-

1990 2189 2115 2229 rum
2149 2174 2367 2231 aninios
2395 2174 2755 2235 alienassent.

294 2277 374 2339 είς
403 2275 504 2346 τὴν
533 2270 836 2327 Θεσσαλίαν
866 2266 1189 2339 ἀνέστρεψε.
1225 2265 1335 2321 Καὶ
1384 2259 1543 2329 αὖθις
1572 2266 1601 2322 ὁ
1633 2264 1879 2335 Περσεὺς
1917 2266 2265 2339 ἀνεθάρσησε
2307 2271 2404 2324 καὶ
2467 2270 2505 2326 ἃ
2539 2273 2808 2345 κατέσχεν
2871 2277 2900 2330 ὁ
2931 2276 3199 2343 Φίλιππος
3240 2280 3581 2355 ἀνεκτήσατο

296 2372 390 2426 καὶ
443 2367 522 2440 τῷ
579 2364 825 2436 ναυτικῷ
882 2363 1056 2434 συχνὰ
1108 2361 1237 2425 τοὺς
1305 2360 1614 2430 Ῥωμαίους
1670 2360 1883 2426 ἐλύπει,
1926 2365 2251 2434 συμμάχους
2295 2381 2357 2418 τε
2413 2369 2806 2439 προσηγάγετο
2873 2371 2968 2425 καὶ
3019 2373 3195 2446 πάντη
3243 2374 3371 2438 τοὺς
3443 2376 3578 2431 Ῥω-

299 2465 497 2538 μαίους
536 2464 601 2515 ἐκ
632 2464 733 2533 τῆς
772 2458 1026 2522 Ἑλλάδος
1076 2455 1308 2528 ἧλπισεν
1357 2453 1631 2510 ἐκϐαλεῖν.
1693 2455 1772 2526 Τῇ
1821 2455 1881 2510 δὲ
1919 2455 2089 2528 πολλῇ
2122 2457 2216 2511 καὶ
2261 2458 2479 2530 ἀκαίρῳ
2510 2461 2794 2532 φειδωλία,
2830 2465 2927 2518 καὶ
2973 2467 3040 2537 τῇ
3115 2466 3187 2521 δι’
3251 2468 3425 2541 αὐτὴν
3470 2471 3580 2523 τῶν

297 2556 608 2628 συμμάχων
637 2549 902 2624 ὀλιγωρία
932 2547 1167 2619 ἀσθενὴς
1192 2542 1351 2609 αὖθις
1381 2546 1622 2615 ἐγένετο.
1692 2547 1783 2612 Ὠς
1813 2550 1924 2619 γὰρ
1960 2548 2031 2602 τὰ
2088 2550 2199 2603 τῶν
2243 2549 2534 2622 Ῥωμαίων
2564 2553 2837 2622 ύπεδίδου,
2873 2557 2942 2611 τὰ
2968 2557 3016 2611 δ’
3040 2559 3252 2615 ἐκείνου
3286 2562 3579 2634 ἐπηύξετο,

297 2654 710 2724 κατεφρόνησεν
754 2648 829 2713 ὡς
885 2647 1042 2701 οὐδὲν
1072 2643 1154 2698 ἔτι
1204 2642 1318 2697 τῶν
1355 2643 1668 2715 συμμάχων
1726 2643 2007 2715 δεόμενος,
2076 2646 2174 2701 καὶ
2236 2648 2338 2702 οὑκ
2408 2648 2584 2703 ἐδίδου
2618 2652 2879 2721 χρήματα
2911 2652 3157 2724 σφίσινᾶ
3183 2658 3578 2730 ἐπηγγείλατο.

295 2752 419 2807 Τῶν
447 2751 546 2822 μὲν
568 2744 663 2803 οὖν
697 2742 1122 2818 ὰμϐλυνθέντων
1153 2740 1215 2795 τὺ
1245 2740 1551 2812 πρόθυμον,
1585 2739 1695 2794 τῶν
1731 2740 1790 2795 δὲ
1833 2742 1926 2795 καί
1966 2742 2153 2797 τέλεον
2216 2743 2382 2801 αὑτὸν
2407 2746 2768 2815 ἐκλιπόντων,
2793 2742 3050 2807 τοσοῦτον
3074 2755 3299 2826 ἀπέγνω
3318 2757 3460 2814 ὥστε
3484 2764 3581 2816 καὶ

299 2848 542 2905 σπονδῶν
605 2843 889 2916 δεηθῆναι,
935 2841 1031 2895 καὶ
1085 2841 1196 2895 κᾶν
1276 2838 1434 2909 ἔτυχε
1488 2839 1697 2894 τούτων
1728 2839 1818 2894 διὰ
1864 2840 1963 2897 τοῦ
2007 2843 2289 2914 Εὐμένους
2320 2884 2336 2911 ,
2398 2846 2448 2898 εί
2514 2844 2592 2918 μὴ
2648 2849 2741 2901 καὶ
2814 2847 3008 2904 Ῥόδιοι
3071 2851 3576 2927 συνεπρέσϐευσαν.

309 2944 443 3000 ’Υπε
455 2943 710 3014 ρηφάνως
737 2940 846 3010 γὰρ
876 2930 1023 2990 οὗτοι
1076 2937 1191 2999 τοῖς
1225 2935 1517 3004 Ῥωμαίοις
1541 2934 1936 3005 διαλεχθέντες,
1975 2940 2159 3010 τυχεῖν
2185 2938 2348 2993 αὑτὸν
2371 2938 2653 2995 ἐκώλυσαν
2678 2940 2789 2996 τῶν
2815 2943 3079 2999 σπονδῶν.

369 3043 498 3098 Kl".
540 3037 823 3094 Ἐντεῦθεν
845 3037 874 3091 ὁ
905 3035 1029 3090 κατ’
1061 3033 1227 3088 αὐτοῦ
1258 3033 1496 3105 πόλεμος
1525 3033 1727 3105 Παύλῳ
1768 3035 1891 3088 ἀνε-

2070 3038 2263 3096 XXIII.
2296 3040 2427 3098 inde
2453 3043 2661 3100 bellum
2695 3045 2977 3102 Persicum
3008 3045 3178 3102 Paulo
3220 3037 3446 3102 IEmilio
3480 3049 3583 3104 ite-

297 3136 433 3206 τέθη
465 3132 546 3204 τῷ
570 3126 806 3201 Αίμιλὶῳ
836 3128 899 3182 τὸ
918 3126 1177 3198 δεύτερον
1210 3126 1575 3182 ὑπατεύοντι·
1598 3126 1656 3191 ὃς
1685 3127 1891 3199 σπουδῇ

299 3224 590 3299 κομισθεὶς
619 3225 699 3285 εἰς
725 3221 823 3291 τὴν
859 3218 1186 3287 Θεσσαλίαν,
1229 3219 1325 3272 καὶ
1352 3218 1421 3272 τὰ
1456 3218 1567 3271 τῶν
1612 3234 1891 3290 στρατιω-

299 3321 411 3375 τῶν
441 3313 1065 3388 προκαταστησάμενος,
1103 3311 1439 3383 βιασάμενος
1473 3310 1565 3366 διὰ
1597 3311 1708 3366 τῶν
1741 3311 1892 3382 Τεμ-

303 3413 424 3465 πῶν
453 3407 647 3480 (ὀλίγοι
688 3406 797 3475 γάρ
828 3405 1136 3475 ἐφρούρουν
1172 3405 1338 3475 αὐτὰ)
1372 3405 1470 3458 ἐπὶ
1522 3403 1616 3458 τὸν
1677 3404 1896 3476 Περσέα

300 3502 588 3576 ὥρμησεν.
653 3498 807 3554 Ἐπεὶ
867 3495 914 3550 δ’
947 3498 1159 3561 ἐκεῖνος
1208 3497 1302 3550 τὸν
1359 3496 1591 3551 ’Έλπιον
1647 3496 1896 3567 ποταμὸν

307 3590 791 3667 προσαπέφραξεν,
837 3590 969 3644 ὄντα
1013 3590 1073 3643 ἐν
1111 3587 1284 3659 μέσῳ,
1340 3585 1783 3658 προκαταλαϐὼν
1837 3587 1893 3641 δὲ

306 3690 401 3744 καὶ
435 3689 546 3742 πᾶν
578 3686 639 3741 τὸ
669 3684 877 3756 μεταξὺ
905 3685 1001 3737 τοῦ
1029 3700 1090 3735 τε
1133 3681 1415 3752 Ὀλύμπου
1447 3683 1537 3735 καὶ
1571 3682 1671 3752 τῆς
1693 3679 1896 3735 θαλάσ-

188 3770 193 3775 ⁴
305 3798 406 3853 σης
429 3781 720 3851 αἱμασιαῖς
748 3778 846 3831 καὶ
883 3775 1252 3848 σταυρώμασι
1285 3774 1383 3827 καὶ
1430 3772 1892 3845 οίκοδομήμασιν,

305 3877 512 3946 ἄπορον
561 3870 965 3943 ἀπειργάσατο.
1003 3868 1269 3939 Ἐθάρῤει
1304 3868 1364 3920 δὲ
1417 3868 1513 3920 καὶ
1540 3867 1610 3936 τῇ
1666 3862 1897 3938 ἀνυδρίᾳ

305 3968 401 4024 τοῦ
456 3965 648 4022 τόπου.
681 3960 982 4033 Ἐπείρασε
1047 3959 1146 4032 μὲν
1209 3960 1307 4014 καὶ
1367 3958 1541 4021 οὕτως
1597 3959 1627 4013 ὀ
1687 3954 1895 4021 ὕπατος

302 4061 559 4125 διελθεῖν,
592 4056 688 4111 καὶ
712 4055 812 4125 τῆς
839 4052 1097 4123 ἀνυδρίας
1123 4050 1421 4122 ἐπορίσατο
1447 4049 1561 4123 (51)
1600 4049 1898 4122 ἐπικούρη-

310 4170 410 4224 μα.
468 4147 889 4218 Διαμησάμενος
936 4143 1047 4214 γὰρ
1086 4142 1189 4213 τὴν
1248 4143 1308 4195 ἐν
1370 4144 1437 4213 τῇ
1488 4140 1740 4212 ὑπωρείᾳ
1800 4139 1895 4194 τοῦ

321 4243 601 4315 Ὀλύμπου
626 4240 813 4312 ἅμμον
839 4237 984 4309 ὕδωρ
1014 4228 1145 4306 εὗρε
1172 4233 1395 4305 δαψιλές
1427 4251 1489 4287 τε
1516 4232 1612 4288 καὶ
1638 4234 1893 4305 πότιμον.

308 4335 431 4390 Κάν
478 4331 656 4403 τούτῳ
704 4329 815 4384 τῶν
860 4325 1086 4382 Ῥοδίων
1135 4323 1396 4395 πρέσϐεις
1443 4323 1708 4393 ἀφίκοντο
1758 4322 1897 4395 πρὸς

1997 3148 2120 3187 rum
2151 3134 2366 3189 consuli
2391 3144 2478 3190 est
2510 3137 2832 3192 mandatum
2862 3155 2878 3193 :
2909 3137 3006 3209 qui
3037 3150 3273 3208 propere
3304 3137 3360 3193 in
3406 3138 3582 3196 Thes-

1997 3224 2193 3280 saliam
2228 3226 2512 3296 profectus
2533 3268 2548 3293 ,
2580 3228 2810 3284 militari
2843 3228 3135 3300 disciplina
3166 3239 3418 3286 correcta
3438 3272 3453 3298 ,
3482 3246 3584 3302 per

1998 3317 2207 3389 Tempe
2238 3333 2358 3388 quae
2387 3336 2417 3375 a
2446 3319 2642 3390 paucis
2669 3318 3131 3376 custodiebantur
3150 3361 3165 3387 ,
3203 3319 3257 3375 vi
3305 3320 3580 3392 patefacta

1997 3408 2087 3463 via
2113 3450 2127 3476 ,
2161 3419 2356 3466 contra
2405 3411 2671 3467 Perseum
2706 3410 2887 3467 duxit.
2921 3412 2975 3468 ls
3010 3427 3145 3468 vero
3185 3427 3313 3469 cum
3360 3413 3583 3485 Elpium

1998 3515 2219 3556 amnem
2268 3500 2678 3558 interﬂuentem
2726 3503 3174 3569 munitionibus,
3217 3513 3275 3561 et
3308 3504 3583 3576 quidquid

2000 3593 2146 3650 inter
2198 3593 2489 3666 Olympum
2520 3604 2577 3650 et
2607 3609 2760 3650 mare
2812 3595 3138 3668 interjacet,
3191 3597 3364 3667 septis
3416 3606 3585 3669 atque

1998 3684 2292 3756 aggeribus
2320 3693 2687 3755 occupasset,
2716 3695 2771 3742 et
2802 3687 3052 3743 siccitate
3080 3688 3187 3743 loci
3217 3702 3441 3759 quoque
3469 3688 3585 3744 fre-

2002 3787 2090 3833 tus
2117 3786 2295 3833 esset:
2333 3788 2516 3832 tamen
2546 3779 2628 3833 sic
2655 3778 2823 3833 etiam
2850 3778 3043 3834 consul
3071 3778 3336 3834 transitus
3363 3780 3588 3850 pericu-

1999 3869 2054 3924 lo
2084 3870 2251 3933 l'acto,
2277 3870 2400 3926 sitis
2431 3869 2672 3939 primum
2705 3868 2917 3925 invenit
2951 3869 3282 3926 remedium.
3313 3871 3585 3927 Perfossis

2002 3961 2151 4017 enim
2185 3963 2372 4017 arenis
2406 3962 2460 4017 in
2492 3961 2698 4018 montis
2732 3960 2950 4034 Olympi
3002 3961 3285 4017 radicibus
3309 4002 3325 4027 ,
3371 3962 3581 4017 affatim

2001 4069 2160 4126 aquae
2205 4055 2465 4124 potabilis
2511 4054 2741 4124 reperit.
2775 4054 2993 4111 [nterea
3029 4054 3380 4111 Rhodiorum
3410 4055 3579 4126 legati

1996 4144 2193 4201 eadem
2232 4145 2486 4214 audacia,
2530 4161 2639 4217 qua
2668 4147 2827 4216 prius
2861 4146 3051 4202 Romae
3100 4146 3183 4201 usi
3211 4146 3467 4215 fuerant,
3513 4149 3583 4204 ad

2000 4252 2127 4294 eum
2162 4246 2479 4293 venerunt:
2511 4253 2654 4309 quos
2679 4237 2755 4294 ita
2783 4237 3018 4303 dimisit,
3043 4246 3105 4294 ut
3136 4238 3274 4294 nihil
3306 4239 3459 4296 aliud
3488 4240 3579 4297 di-

1999 4338 2187 4397 ceret,
2242 4329 2349 4385 nisi
2387 4344 2447 4384 se
2481 4337 2606 4401 post
2646 4343 2852 4400 paucos
2889 4329 3011 4386 dies
3057 4330 3142 4386 eis
3182 4346 3585 4403 responsurum

310 4426 476 4481 αὐτὸν
515 4425 625 4481 ἀπὸ
680 4423 779 4494 τῆς
827 4421 1003 4492 αὐτῆς
1049 4416 1413 4490 θρασύτητος,
1458 4416 1552 4487 ἀφ’
1586 4410 1655 4489 ἧς
1694 4414 1791 4473 καὶ
1834 4414 1891 4479 ἐς

1999 4436 2148 4505 esse.
2188 4419 2326 4477 Cum
2363 4428 2550 4476 autem
2610 4420 2981 4493 Oppugnando
3051 4421 3191 4476 nihil
3245 4423 3583 4494 proﬁciens.

310 4517 410 4589 τὴν
448 4517 672 4591 Ῥώμην
710 4517 845 4588 πρὶν
872 4512 1341 4584 ἐπρεσϐεύσαντο.
1375 4511 1434 4563 '0
1461 4509 1519 4564 δέ
1546 4509 1704 4563 οὐδὲν
1727 4506 1901 4562 είπὼν

313 4610 476 4666 πλέον
514 4611 704 4673 αὐτοῖς
758 4608 792 4682 ἢ
838 4609 921 4663 ὅτι
976 4610 1094 4679 μετ’
1117 4607 1303 4675 ὀλίγας
1342 4602 1559 4676 ἡμέρας
1604 4602 1902 4672 ἀπόκρισιν

312 4701 498 4768 δώσει,
530 4699 865 4773 ἀπέπεμψεν
890 4700 1111 4765 αὐτούς.
1151 4700 1241 4764 Ὠς
1273 4698 1331 4753 δέ
1367 4695 1724 4768 προσϐάλλων
1746 4693 1903 4748 οὐδὲν

313 4793 627 4862 ἐπέραινεν,
658 4791 834 4863 ἔμαθε
882 4791 941 4847 δὲ
983 4792 1054 4847 τὰ
1098 4791 1202 4864 ὅρη
1235 4790 1365 4845 ὄντα
1406 4807 1514 4844 που
1563 4786 1900 4858 πορεύσιμα,

316 4884 484 4958 μέρος
530 4902 583 4939 τι
621 4884 721 4938 τοῦ
762 4883 1000 4955 στρατοῦ
1034 4883 1128 4937 ἐπὶ
1159 4883 1259 4955 τὴν
1293 4879 1754 4954 δυσπροδωτέραν
1802 4879 1904 4932 αύ-

311 4978 426 5031 τῶν
467 4975 778 5049 ὑπερϐολὴν
816 4976 1056 5048 έπεμψε,
1096 4973 1548 5046 καταληψόμενον
1600 4971 1669 5025 τὰ
1722 4969 1898 5041 ταύτῃ

313 5074 602 5141 ἐπίκαιρα.
640 5070 740 5124 Διά
793 5068 904 5141 γὰρ
946 5071 1009 5124 τὸ
1056 5069 1423 5140 δυσπρόσιτον
1467 5068 1562 5121 καὶ
1607 5062 1902 5135 ἐλαχίστην

314 5159 429 5234 εἶχε
462 5166 731 5234 φρουράψ
758 5162 922 5226 αὐτὸς
957 5161 1014 5214 δὲ
1038 5161 1117 5232 τῷ
1153 5161 1328 5232 λοιπῷ
1358 5158 1454 5213 τοῦ
1486 5156 1902 5230 στρατεύματος

316 5253 618 5326 προσέμιξε
644 5253 723 5324 τῷ
753 5255 975 5326 Περσεῖ,
1007 5254 1096 5308 ἴνα
1144 5255 1221 5326 μή
1249 5272 1301 5308 τι
1332 5253 1694 5321 ὑποτοπήσας
1728 5247 1905 5318 φυλα-

316 5347 421 5419 κὴν
466 5346 577 5400 τῶν
615 5346 758 5418 ὀρῶν
803 5344 1208 5418 ἀκριϐεστέραν
1242 5346 1554 5414 ποιήσαιτο.
1606 5341 1715 5396 Καὶ
1766 5338 1907 5411 μετὰ

2003 4520 2223 4569 montes
2276 4511 2482 4567 alicubi
2528 4527 2653 4569 esse
2698 4514 2922 4584 pervios
2967 4513 3259 4571 didicisset
3308 4533 3321 4570 :
3371 4512 3585 4587 partem

2004 4605 2289 4661 exercitus
2327 4604 2396 4660 ad
2433 4619 2701 4661 cacumen
2748 4620 2976 4662 accessu
3005 4605 3288 4663 diﬂicilius
3318 4608 3491 4676 misit,
3524 4618 3587 4664 ut

1999 4694 2120 4750 loca
2152 4703 2465 4767 opportuna
2491 4703 2818 4765 occuparet.
2855 4695 2992 4752 Nam
3024 4695 3097 4753 ob
3124 4696 3362 4753 arduum
3383 4713 3585 4756 ascen-

2001 4803 2148 4856 sum,
2178 4787 2469 4843 minimum
2496 4787 2573 4843 ibi
2604 4788 2927 4859 praesidium
2956 4790 3287 4847 collocatum
3310 4800 3452 4846 erat.
3477 4791 3586 4847 Re-

1999 4881 2152 4952 liqua
2221 4881 2505 4951 copiarum
2552 4889 2712 4952 parte
2746 4896 2873 4936 cum
2908 4882 3114 4938 Perseo
3162 4880 3471 4949 dimicavit,
3516 4900 3587 4940 ne

2001 4973 2137 5045 quid
2169 4976 2508 5045 suspicatus,
2529 4984 2747 5030 montes
2775 4976 3094 5032 accuratius
3118 4984 3390 5033 tueretur.
3431 4977 3583 5044 Post,

2000 5065 2307 5121 verticibus
2342 5065 2649 5136 occupatis,
2888 5075 3059 5124 noctu
3098 5068 3166 5123 ad
3190 5077 3408 5124 montes
3446 5083 3585 5123 con-

2004 5157 2229 5213 tendit:
2272 5172 2481 5229 eosque
2511 5158 2715 5230 partim
2758 5168 2955 5229 aperto
2993 5161 3171 5215 Marte
3196 5198 3211 5223 ,
3265 5161 3463 5229 partim
3492 5174 3586 5214 oc-

2005 5250 2154 5305 culte
2175 5248 2489 5319 superavit.
2522 5250 2643 5317 Quo
2672 5250 2910 5305 Perseus
2941 5250 3189 5321 cognito,
3232 5260 3482 5306 metuens
3515 5268 3586 5307 ne

2009 5352 2040 5393 a
2073 5347 2229 5408 tergo
2282 5337 2807 5406 circumveniretur,
2836 5348 2932 5394 aut
2967 5339 3159 5409 Pydna
3201 5340 3270 5395 ab
3297 5340 3458 5397 hoste
3494 5356 3590 5397 oc-

1490 5500 1690 5565 Varia;
1739 5497 2053 5562 lectiones
2099 5503 2163 5559 et
2207 5501 2400 5559 notae.

392 5628 502 5703 (49)
538 5630 644 5703 Ἔνξ
671 5626 914 5703 τῷ--Ῑδίῳ
942 5626 1044 5703 τῷΔ
1067 5625 1490 5703 ίίιιυιεδονωιῷ.Δ
1539 5626 1633 5682 Sic
1664 5624 1800 5697 Reg.
1835 5632 1895 5680 et

315 5697 560 5762 Colbe'rt.
592 5700 685 5754 ubi
712 5698 948 5754 Wolﬁus
972 5715 983 5748 :
1005 5697 1145 5764 Quid
1173 5703 1238 5764 si,
1274 5704 1330 5751 ἐν
1351 5699 1494 5766 Δίῳῖ

392 5772 504 5844 (50)
539 5770 804 5836 Πύδνης.
844 5771 899 5824 ln
932 5785 1035 5824 ms.
1075 5771 1217 5839 Reg.
1244 5768 1451 5824 Scholii
1481 5768 1603 5825 vice
1645 5766 1891 5835 additur,

666 5864 937 5928 ΡΑτιιοι..
980 5864 1097 5928 Gn.
1131 5862 1473 5928 CXXXIV.

2005 5620 2207 5694 Πύδνα,
2236 5621 2298 5694 τὸ
2324 5620 2419 5676 νῦν
2456 5622 2680 5694 Κίτρος.

2055 5692 2191 5818 (g5!)
2236 5691 2616 5764 Ἔπορίσατὸ.
2652 5691 2809 5750 Alter
2838 5709 2869 5750 e
2901 5692 3087 5768 Regiis
3124 5704 3182 5752 et
3201 5694 3446 5759 Colbert.
3468 5701 3590 5759 ἐκο-

2008 5782 2050 5837 μ
2110 5780 2228 5819 ατο.

3189 5861 3301 5925 25
