4024 6410
477 237 593 301 779

1792 234 2116 296 IOANNIS
2158 235 2481 299 ZONARIE

3660 238 3823 298 787)

469 355 778 421 'cuparctur
828 346 976 418 (nam
1018 347 1264 402 Romana
1320 346 1513 401 classis
1566 344 1921 416 accedebat),
1973 361 2057 399 ca-

2169 348 2331 401 τοῦτο
2377 348 2840 419 καταληφθέντων
2878 348 2987 403 τῶν
3032 348 3242 420 ἄκρων,
3286 348 3481 414 νυκτὸς
3517 353 3663 423 πρὸς
3705 356 3819 407 τὶ

479 443 643 499 stello
659 442 804 511 quod
828 439 896 493 ad
928 454 1146 492 amnem
1165 446 1287 492 erat
1303 437 1547 504 deserto,
1568 439 1811 510 Pydnam
1830 451 2065 507 propere

478 530 785 593 contendit,
831 538 887 584 et
928 536 1057 583 ante
1127 528 1320 582 urbem
1368 537 1549 583 castra
1601 528 1807 599 posuit.
1855 527 2061 582 Eodem

478 625 680 680 Paulus
710 637 931 694 quoque
955 622 1129 676 venit.
1179 620 1299 676 Non
1330 622 1516 677 statim
1548 629 1729 675 tamen
1763 631 1894 676 sunt
1931 636 2065 675 eon-

476 715 692 787 gressi,
754 713 946 782 praelia
1002 710 1057 765 iu
1113 710 1301 780 plures
1360 709 1481 765 dies
1531 710 1761 765 dilato:
1818 716 1875 762 et
1931 707 2061 776 quia

475 805 622 863 lunae
649 803 925 858 defectqu
952 808 1354 872 phecognorat,
1390 801 1696 856 exercitum
1729 799 1833 854 sub
1870 812 2063 868 vespe—

475 914 591 953 ram
642 912 752 967 qua
815 895 907 949 ille
958 896 1199 949 instalat
1249 902 1637 958 convocatum,
1687 892 2062 959 edoctumque

475 991 608 1062 quid
648 990 900 1045 futurum
930 996 1098 1051 esset,
1130 988 1369 1054 monuit,
1410 1001 1480 1041 ne
1504 986 1639 1056 quid
1667 1001 1731 1041 ea
1777 1001 1835 1039 re
1874 984 2063 1038 turba-

474 1094 649 1139 retur.
678 1082 921 1138 Proinde
971 1082 1205 1137 Romani
1238 1097 1305 1137 ex
1331 1095 1399 1135 eo
1434 1080 1571 1135 nihil
1602 1078 1816 1134 adversi
1861 1078 2059 1133 timue-

476 1183 631 1230 runt.
686 1173 1013 1228 Macedones
1064 1180 1251 1226 autem
1303 1172 1529 1236 territi,
1589 1170 1788 1225 Perseo
1844 1168 2058 1224 sinistri

473 1265 684 1335 aliquid
713 1264 969 1335 portendi
995 1262 1345 1335 judicarunt.
1392 1262 1487 1317 Sic
1516 1261 1765 1331 utrisque
1805 1260 2022 1315 adectis
2042 1300 2057 1323 ,

472 1356 712 1413 fortuito
739 1370 869 1409 casu
897 1352 1167 1424 postridie
1197 1353 1253 1406 iu
1278 1368 1518 1423 pugnam
1544 1366 1653 1406 non
1673 1351 2057 1406 denuntiatam

442 1454 604 1502 .sunt
635 1444 887 1516 impulsi,
913 1457 1037 1513 qua:
1065 1442 1214 1497 bello
1256 1442 1422 1496 ﬁnem
1456 1440 1740 1511 imposuit.
1766 1439 1900 1495 Nam
1930 1453 2055 1493 cum

468 1543 778 1612 jumentqu
813 1536 1123 1593 Romanum
1150 1536 1205 1589 in
1238 1534 1469 1598 ﬁumen,
1505 1532 1653 1587 unde
1689 1531 2056 1602 aquabantur,

468 1632 782 1693 incidisset.
805 1631 973 1700 idque
1002 1628 1108 1683 sibi
1130 1637 1188 1684 et
1217 1626 1544 1682 Macedones
1567 1634 1623 1680 et
1648 1624 1774 1679 lixae
1807 1623 2058 1678 vindica-

2167 439 2267 511 δρη
2319 439 2576 511 ὥρμησε·
2614 441 2707 494 καὶ
2743 442 2817 511 πῆ
2860 440 2961 510 μέν
2989 439 3191 503 λαθὼν,
3222 441 3301 504 πῆ
3332 441 3389 494 δὲ
3422 443 3819 513 βιασάμενος

2168 530 2509 601 ὑπερέϐαλεν
2540 530 2701 586 αὑτά.
2750 532 2816 583 Ὃ
2855 528 3092 601 μαθὼνό
3127 532 3397 601 Περσεὺς,
3431 533 3527 586 καὶ
3573 534 3811 597 δείσας

2169 619 2244 688 μὴ
2282 620 2423 673 κατὰ
2453 619 2623 673 νώτου
2651 619 2803 689 αὐτῷ
2852 622 3162 694 προσπέσῃ,
3191 621 3224 692 ἢ
3260 623 3356 675 καὶ
3400 622 3501 693 τὴν
3544 625 3810 677 Πύδναν

2166 711 2537 782 προκατάσχῃ
2566 711 2819 782 (καὶγὰρ
2850 712 2911 765 τὸ
2935 714 3194 766 ναυτικὸν
3226 713 3342 781 ἅμα
3384 714 3443 767 τὸ
3474 714 3585 767 τῶν
3626 714 3762 768 Ῥω
3782 746 3811 756 -

2167 799 2344 869 μαίων
2378 801 2700 872 παρέπλει),
2726 803 2790 857 τό
2818 819 2877 856 τε
2909 803 3091 874 ἔρυμα
3120 804 3202 874 τῷ
3226 804 3363 875 πρὸς
3392 805 3473 875 τῷ
3520 806 3805 875 ποταμῷ

2164 890 2418 958 ἐξέλιπε,
2467 894 2564 946 καὶ⁵
2599 894 2738 965 πρὸς
2779 892 2879 966 τὴν
2908 895 3122 949 Πύδναν
3174 895 3455 966 ἐπειχθεὶς
3488 897 3600 967 πρὸ
3654 897 3792 966 τῆς

2163 983 2371 1048 πόλεως
2400 985 2961 1056 ἐστρατοπεδεύσατο.
2993 987 3100 1039 Καὶ
3124 982 3255 1058 ἦλθε
3289 989 3385 1057 μὲν
3411 990 3510 1042 καὶ
3534 992 3563 1043 ὀ
3604 990 3792 1049 Παῦ-

2160 1072 2254 1138 λος
2290 1076 2428 1130 ἐκεῖ.
2482 1076 2559 1130 Οὐ
2596 1074 2783 1145 μέντοι
2832 1077 2931 1131 καὶ
2983 1080 3329 1148 παραχρῆμα
3384 1080 3787 1151 προσέμιξαν,

2162 1168 2302 1222 ἀλλά
2355 1168 2453 1223 καὶ
2481 1168 2765 1240 διέτριψαν
2797 1170 2900 1224 οὐκ
2926 1169 3115 1240 ὀλίγας
3150 1171 3386 1243 ἡμέρας.
3438 1171 3780 1244 Προμαθὼν

2158 1258 2217 1312 δὲ
2259 1261 2288 1313 ὀ
2326 1260 2532 1322 Παῦλος
2585 1261 2661 1325 ὡς
2695 1264 2729 1332 η
2762 1262 2965 1333 σελήνη
3012 1262 3292 1333 ἐκλείψειν
3330 1264 3537 1331 μέλλει,
3585 1282 3786 1336 συνηο

2161 1343 2370 1417 θροίκει
2400 1347 2537 1418 πρὸς
2566 1348 2810 1422 ἑσπέραν
2840 1350 2902 1404 τὸ
2937 1350 3276 1421 στράτευμα,
3312 1354 3403 1406 ὅτε
3437 1353 3538 1424 τὴν
3568 1354 3776 1408 ἔκλει-

2158 1439 2253 1509 ψιν
2275 1440 2532 1507 γενέσθαι
2563 1441 2754 1512 ἐχρῆν,
2791 1443 2887 1497 καὶ
2916 1446 3148 1515 προεῖπε
3195 1445 3259 1497 τὸ
3302 1445 3767 1517 συμϐησόμενον,

2160 1533 2259 1585 καὶ⁵
2289 1533 2364 1603 μή
2403 1550 2455 1586 τι
2480 1532 2570 1587 διά
2596 1532 2759 1588 τοῦτο
2784 1534 3127 1607 ταραχθῆναι
3156 1535 3486 1607 παρῄνεσεν.
3544 1539 3611 1590 Ol
3657 1539 3775 1609 μὲν

2158 1620 2255 1679 οὖν
2281 1625 2566 1695 Ῥωμαῖοι,
2592 1627 2692 1698 τὴν
2724 1628 2971 1699 ἔκλειψιν
3008 1628 3363 1700 θεασάμενοι,
3401 1632 3557 1685 οὐδὲν
3580 1636 3772 1687 κακὸν

472 1732 598 1781 rent
628 1740 642 1777 :
677 1721 920 1793 primum
940 1718 1102 1774 .inter
1125 1717 1229 1772 bos
1250 1724 1523 1771 certatum
1554 1725 1660 1770 est.
1708 1712 1918 1768 Deinde
1950 1727 2057 1768 caa-

2162 1718 2221 1785 ἐξ
2251 1718 2421 1787 αὐτῆς
2449 1720 2839 1791 ὕπετόπησανο
2863 1723 2911 1775 oi
2935 1722 2993 1775 δέ
3015 1740 3081 1789 γε
3114 1723 3423 1786 Μακεδόνες
3450 1722 3569 1786 δέος
3596 1724 3771 1795 ἔσχον

446 1817 578 1873 —teri
626 1815 796 1871 etiam
840 1810 959 1868 suis
995 1809 1348 1880 opitulaturi,
1389 1807 1482 1862 alii
1524 1814 1649 1877 post
1687 1804 1828 1861 alios
1858 1807 2057 1860 castris

471 1908 679 1983 egressi
708 1944 725 1973 ,
790 1905 972 1960 donec
1014 1915 1233 1957 -omues
1300 1900 1567 1968 utrinque
1617 1896 1988 1953 conﬂixerunt
2040 1912 2054 1947 :

456 2015 655 2074 qtugna
686 1995 915 2055 contusa
940 1993 1033 2048 illa
1067 1991 1293 2062 quidem
1334 1989 1431 2046 sed
1460 1989 1597 2055 acri,
1634 1989 1795 2060 cujus
1825 1986 2058 2042 victoria

442 2107 643 2166 .penes
688 2090 972 2146 Romanos
1022 2083 1148 2141 luit.
1211 2082 1319 2150 Qui
1375 2081 1705 2137 Macedones
1749 2095 1924 2151 usque
1987 2079 2056 2134 ad

473 2205 629 2246 mare
679 2183 978 2259 persecuti,
1031 2180 1236 2235 multos
1282 2177 1387 2249 ipsi
1435 2175 1798 2240 occiderunt,
1853 2174 2057 2229 multos

472 2279 637 2336 classi
681 2273 970 2331 accedenti
1021 2269 1385 2326 trucidandos
1430 2268 1756 2339 obiecerunt
1794 2284 1807 2320 :
1875 2279 2057 2335 neque

458 2374 766 2445 .quisquam
807 2381 1005 2422 eorum
1053 2362 1357 2423 evasisset,
1403 2359 1511 2415 nisi
1564 2356 1745 2413 noctis
1787 2353 2056 2411 beneﬁcio

447 2463 786 2523 -conservati
813 2466 1022 2516 essent.
1069 2457 1255 2526 Pugna
1287 2452 1435 2509 enim
1466 2452 1568 2507 sub
1590 2462 1876 2520 vesperam
1905 2461 2055 2501 com-

474 2559 643 2614 missa
671 2561 779 2610 est.
807 2553 1044 2608 Perseus
1075 2543 1447 2616 Amphipolim
1482 2539 1766 2612 profugus,
1796 2546 1858 2591 ut
1886 2546 1943 2591 et
1967 2550 2054 2590 rc-

469 2651 680 2725 liquias
705 2648 1012 2717 colligeret,
1047 2649 1105 2695 et
1138 2653 1253 2694 rem
1293 2638 1350 2691 in
1381 2637 1659 2706 integrum
1692 2630 2051 2725 restitueret,

452 2721 600 2803 .cu-m
642 2740 783 2797 nulli
840 2737 1104 2792 venirent
1147 2741 1348 2803 praeter
1407 2727 1707 2783 Cretenses
1753 2721 2057 2793 stipendia-

464 2851 618 2900 rios,
655 2841 711 2890 et
739 2830 986 2902 Pydnam
1009 2866 1024 2892 ,
1074 2833 1414 2891 ceterasque
1447 2817 1615 2873 urbes
1663 2814 2054 2916 adnomangs

473 2927 743 2986 defecisse
774 2922 1037 2978 audiret:
1077 2916 1230 2971 illinc
1260 2913 1567 2982 digressus,
1606 2913 1757 2961 omni
1794 2918 2051 2975 pecunia,

472 3039 639 3098 quam
669 3033 859 3078 secum
895 3013 1156 3075 Vehcbat,
1188 3009 1424 3065 navibus
1460 3005 1745 3075 imposita,
1788 3008 1957 3055 noctu
1979 2999 2052 3098 ‘in

474 3090 909 3177 éamOtbraciam
967 3102 1267 3175 navigavit.
1305 3099 1443 3155 Cum
1501 3105 1687 3151 autem
1726 3109 1837 3148 non
1882 3090 2057 3145 multo

470 3221 600 3287 post
650 3206 979 3268 audivisset,
1014 3200 1301 3254 Octaviqu
1334 3191 1499 3250 classi
1538 3190 2060 3287 praelectum-acce-

475 3281 632 3368 dere,
664 3309 723 3358 et
756 3297 988 3355 Paulum
1024 3289 1401 3361 Amphipolim
1425 3285 1685 3340 venisse:
1721 3297 1818 3353 per
1846 3281 2061 3335 litteras

476 3409 671 3469 pacem
706 3393 776 3449 ab
799 3405 868 3447 eo
900 3386 1082 3459 petiit.
1124 3383 1182 3437 In
1218 3380 1424 3452 quibus
1458 3377 1607 3469 quod
1646 3391 1705 3469 se
1739 3388 1922 3469 regem
1954 3389 2057 3426 m-

473 3464 762 3545 ininasset,
788 3491 859 3531 ne
884 3487 1210 3544 responsqu
1252 3469 1475 3541 quidem
1505 3466 1647 3520 tulit.
1684 3464 1893 3519 Deinde
1933 3478 2061 3519 cum

477 3576 598 3632 sine
635 3572 729 3626 tali
760 3570 949 3639 aliquo
981 3565 1142 3620 titulo
1176 3563 1321 3617 idem
1354 3560 1627 3632 petiissct,
1661 3558 1866 3613 Paulus
1907 3556 2059 3627 paci-

478 3665 755 3723 ﬁcationis
797 3659 1081 3715 mentione
1108 3656 1369 3717 admissa,
1401 3669 1509 3707 nou
1546 3650 1681 3705 alias
1709 3651 1759 3705 ei
1788 3647 2061 3704 conditio-

482 3774 583 3815 nes
614 3756 762 3817 tulit,
789 3751 896 3807 nisi
922 3759 980 3804 ut
1006 3746 1390 3817 semeptisum,
1423 3753 1478 3799 et
1506 3758 1606 3798 sua
1639 3741 1822 3797 omnia
1859 3740 2061 3794 Roma-

477 3863 676 3909 norum
728 3844 857 3900 ﬁdei
909 3839 1311 3914 permitteret:
1368 3837 1556 3906 itaque
1610 3835 1755 3889 inter
1796 3848 1893 3887 eos
1946 3848 2057 3887 non

477 3941 760 4003 convenit.
798 3939 955 4000 Post,
1004 3932 1325 3989 Evandrum
1367 3928 1689 3985 Cretensem
1735 3925 1901 3997 459
1952 3923 2062 3977 Ro-

478 4037 657 4096 manis
701 4029 1137 4106 postulantibus.
1193 4025 1354 4095 cujus
1400 4021 1590 4076 multis
1633 4020 1688 4075 in
1723 4021 1890 4074 rebus
1926 4018 2062 4072 ﬁde-

476 4131 688 4191 lissima
748 4132 942 4180 contra
990 4136 1089 4177 eos
1129 4132 1263 4173 usus
1297 4124 1420 4171 erat
1446 4129 1639 4185 opera,
1682 4128 1792 4167 non
1825 4109 2058 4175 dedidit,

477 4223 712 4280 veritus.
746 4232 815 4273 ne
847 4229 1048 4269 arcana
1081 4226 1180 4265 sua
1209 4210 1513 4279 proderet:
1567 4204 1664 4261 sed
1710 4217 1778 4258 eo
1807 4201 1948 4256 clam
1974 4201 2059 4254 in-

477 4315 735 4375 terfecto,
782 4320 1060 4362 rumorem
1100 4300 1344 4372 sparsit,
1398 4311 1526 4352 eum
1569 4293 1675 4351 sibi
1714 4292 1818 4363 ipsi
1863 4305 2060 4345 manus

2085 3059 2130 3119 C

2161 1810 2226 1862 ἐκ
2272 1808 2489 1871 τούτου,
2516 1810 2609 1862 καὶ
2642 1812 2699 1875 ἐς
2739 1811 2832 1864 τὸν
2863 1813 3079 1883 Περσέα
3106 1812 3169 1867 τὸ
3204 1814 3372 1885 τέρας
3401 1813 3601 1868 τείνειν
3634 1819 3769 1870 ἐνό-

2156 1917 2351 1972 ¹μισαν.
2399 1901 2557 1958 Οὕτω
2592 1903 2637 1957 δ’
2664 1904 2945 1976 ἑκατέρων
2980 1906 3236 1978 ἐχόντων,
3266 1909 3483 1979 συμϐάν
3517 1926 3573 1962 τι
3607 1912 3766 1965 κατά

2159 1993 2332 2065 τύχην
2372 1998 2436 2067 τῇ
2485 1997 2751 2069 ὑστεραία
2805 1998 3140 2072 συνέρῤηξεν
3193 2001 3395 2065 αὐτοὺς
3445 2002 3526 2066 είς
3571 2003 3767 2074 μάχην

2160 2085 2479 2156 ἀκήρυκτον
2531 2090 2628 2143 καὶ
2664 2088 2817 2154 τέλος
2852 2089 2931 2161 τῷ
2985 2092 3210 2163 πολέμῳ
3248 2094 3544 2165 ἐπέθηκεν.
3596 2096 3771 2151 Ἐπεὶ

2160 2176 2269 2247 γὰρ
2305 2177 2603 2247 ὑποζύγιόν
2636 2197 2691 2233 τι
2732 2182 2845 2234 τῶν
2886 2182 3180 2253 Ῥωμαίων
3208 2185 3292 2248 είς
3336 2188 3399 2238 τδ
3431 2186 3581 2256 ὕδωρ
3612 2190 3773 2240 είσὲ-

2161 2286 2329 2323 πεσεν
2376 2268 2437 2335 ἐξ
2477 2264 2652 2342 οὗπερ
2704 2273 3012 2344 ὑδρεύοντο,
3068 2275 3164 2328 καὶ
3218 2276 3376 2331 οἵτε
3429 2278 3769 2344 Μακεδόνες

2160 2360 2328 2414 αὑτοῦ
2376 2361 2708 2417 ἐπελάϐοντο
2752 2366 2848 2419 καὶ
2893 2368 2941 2420 οί
2989 2368 3278 2439 ὑδροφόροι
3317 2370 3654 2442 ἀντείχοντο,
3693 2376 3767 2427 τὸ

2162 2452 2264 2523 μὲν
2310 2454 2527 2524 πρῶτον
2556 2451 2702 2510 οὗτοι
2736 2456 2860 2510 καθ’
2892 2460 3123 2524 ἑαυτοὺς
3158 2462 3529 2533 ἐμαχέσαντο,
3557 2464 3770 2522 ἔπειτα

2159 2545 2253 2595 καὶ
2282 2544 2332 2597 el
2383 2544 2559 2598 λοιποὶ
2606 2547 3030 2619 ἐπικουροῦντες
3066 2556 3183 2616 τοῖς
3214 2556 3443 2618 οίκείοις
3491 2558 3619 2611 κατ’
3645 2559 3770 2614 ὀλίοο

2159 2653 2291 2706 γους
2314 2639 2380 2692 ἐκ
2410 2638 2519 2692 τῶν
2552 2642 2938 2710 στρατοπέδων
2963 2644 3213 2716 ἐξῄεσαν,
3240 2649 3336 2701 καὶ
3361 2649 3564 2715 πάντες
3594 2655 3769 2706 συνέ-

2163 2727 2326 2797 μιξαν
2351 2728 2445 2782 ἀπ’
2463 2731 2690 2800 ἀμφοῖν.
2714 2733 2824 2785 Καὶ
2856 2735 3039 2806 μάχης
3062 2738 3405 2793 ἀσυντάκτου
3425 2742 3546 2812 μὲν,
3569 2744 3768 2811 ὀξείας

2157 2819 2214 2871 δὲ
2254 2821 2577 2892 γενομένης,
2600 2825 2650 2877 oi
2686 2823 2952 2894 Ῥωμαῖοι
2983 2829 3319 2900 ἐκράτησαν,
3350 2836 3446 2887 καὶ
3476 2838 3763 2891 καταδιώ-

2160 2913 2353 2980 ξαντες
2375 2917 2503 2978 τοὺς
2532 2917 2852 2982 Μακεδόνας
2879 2921 3042 2992 μέχρι
3066 2922 3168 2994 τῆς
3193 2925 3494 2996 Θαλάσσης,
3518 2931 3768 2995 πολλοὺς

2163 3006 2264 3075 μὲν
2294 3007 2450 3061 αὐτοὶ
2481 3009 2805 3076 ἐφόνευσαν,
2843 3014 3076 3078 πολλοὺς
3111 3016 3168 3069 δὲ
3195 3017 3271 3088 τῷ
3302 3022 3545 3092 ναυτικῷ
3580 3039 3773 3095 προσ-

2164 3095 2463 3151 πλεύσαντι
2524 3101 2848 3158 ἀποκτεῖναι
2879 3108 3211 3177 παρέδοσαν.
3242 3112 3369 3165 Οὐδ’
3392 3113 3457 3167 ἄν
3492 3132 3576 3176 τις
3607 3116 3765 3170 ἀπε-

2163 3185 2357 3259 λείφθη
2398 3191 2601 3257 αὐτῶν,
2633 3195 2681 3246 εί
2709 3194 2783 3264 μὴ
2827 3193 2925 3260 νὺξ
2955 3196 3140 3260 αὐτοῖς
3171 3198 3460 3270 ἐϐοήθησε.
3488 3204 3625 3274 Περὶ
3651 3206 3715 3259 δε
3740 3237 3772 3248 -

2162 3277 2261 3348 λην
2290 3283 2402 3351 γὰρ
2451 3282 2612 3351 ὀψίαν
2646 3286 2677 3355 ἡ
2732 3289 2881 3355 μάχη
2925 3287 3165 3355 ἐγένετο.
3197 3290 3493 3359 Διαφυγὼν
3538 3292 3636 3347 οὖν
3677 3298 3770 3362 είς

2174 3370 2497 3441 Ἀμφίπολιν
2517 3376 2544 3428 ὀ
2577 3378 2818 3447 Περσεὺς
2849 3379 2923 3443 ὡς
2948 3381 3076 3444 τούς
3106 3398 3165 3435 τε
3198 3383 3512 3453 περιλιπεῖς
3539 3388 3769 3458 ἀναλη-

2160 3461 2419 3533 ψόμενος,
2460 3468 2556 3520 καὶ
2589 3471 2881 3540 συστήσων
2933 3467 3091 3537 αὖθις
3151 3474 3220 3528 τὰ
3267 3476 3595 3545 πράγματα,
3628 3480 3771 3534 ἐπεὶ

2161 3552 2273 3607 οὔτ’
2303 3551 2469 3626 ἧλῡόν
2500 3575 2647 3623 τινες
2678 3562 2816 3631 πρὸς
2845 3564 3012 3618 αὑτὸν
3038 3564 3180 3637 πλὴν
3217 3567 3567 3638 μισθοφόρων
3594 3571 3769 3643 Κρη-

2161 3647 2291 3712 τῶν,
2324 3651 2419 3701 καὶ
2451 3650 2551 3718 τὴν
2596 3653 2808 3707 Πύδναν
2837 3654 3004 3720 ἄλλας
3029 3673 3091 3710 τε
3124 3657 3309 3723 πόλεις
3345 3661 3415 3713 τὰ
3456 3661 3564 3713 τῶν
3616 3662 3770 3718 Ῥω-

2165 3740 2343 3810 μαίων
2395 3743 2630 3814 ᾑρῆσθαι
2672 3745 2868 3815 ἔμαθε,
2918 3749 3175 3803 κάκεῖθεν
3231 3752 3468 3822 μετέστη
3515 3753 3616 3808 καὶ
3669 3759 3767 3822 είς

2163 3834 2327 3888 πλοῖα
2369 3838 2439 3889 τὰ
2474 3839 2735 3908 χρήματα
2779 3839 2880 3893 ὅσα
2905 3843 3145 3911 ἐπήγετο
3172 3842 3422 3914 θέμενος,
3459 3846 3658 3909 νυκτὸς
3689 3852 3765 3913 ἐς

2163 3926 2528 4000 Σαμοθρᾴκην
2561 3930 2897 3987 ἀπέπλευσε.
2954 3936 3064 3987 Καὶ
3110 3937 3419 4006 πυθόμενος
3448 3939 3510 3991 οὺ
3562 3941 3760 4012 πολλῷ

2163 4016 2392 4089 ὕστερον
2417 4021 2508 4073 τὸν
2549 4020 2889 4092 ὐκταούῖον,
2923 4025 2983 4088 ὃς
3014 4025 3109 4079 τοῦ
3139 4028 3395 4083 ναυτικοῦ
3422 4031 3756 4098 «potata-ro,

2161 4110 2567 4182 προσπλέοντα,
2595 4115 2692 4169 καὶ
2720 4115 2813 4169 τόν
2851 4118 3065 4171 Παῦλον
3090 4120 3173 4183 είς
3212 4120 3545 4190 Ἀμφίπολιν
3598 4141 3760 4194 παρ-

2160 4205 2311 4269 όντα,
2363 4205 2678 4260 ἐπέστειλεν
2723 4208 2896 4280 αὐτῷ,
2957 4211 3234 4282 συμϐῆναι
3299 4213 3575 4283 δεόμενος.
3637 4217 3756 4271 Καὶ

2162 4296 2283 4349 ἐπεὶ
2315 4296 2547 4367 βασιλέα
2579 4300 2775 4354 ἑαυτὸν
2812 4303 2869 4354 ἐν
2895 4305 2962 4374 τῇ
3003 4305 3264 4376 ἐπιστολῇ
3295 4305 3607 4377 ὠνόμασεν,
3634 4311 3755 4363 οὐδ’

436 4431 440 4435 ε
477 4405 751 4463 attulisse.
780 4399 922 4454 Tum
952 4396 1119 4468 igitur
1140 4391 1463 4453 familiares,
1490 4387 1612 4458 ejus
1645 4384 1929 4455 perﬁdiam
1966 4397 2057 4437 ve-

2165 4385 2506 4457 ἀποκρίσεως
2541 4390 2755 4461 ἔτυχεν.
2785 4392 3055 4465 ’Ύστερον
3076 4394 3132 4448 δέ
3155 4395 3285 4451 ἄνευ
3306 4398 3457 4462 τινος
3485 4400 3755 4471 τοιαύτης

417 4510 422 4523 ’
478 4499 568 4555 riti
599 4476 986 4567 (nequeenim
1020 4502 1117 4543 eos
1144 4484 1198 4540 id
1242 4482 1449 4538 latebat
1489 4477 1735 4547 facinus)
1766 4475 1835 4530 ab
1861 4490 1929 4567 eo
1960 4473 2061 4567 de-

477 4563 1057 4652 sciscere-coeperunt.
1089 4575 1270 4641 Quare
1294 4573 1527 4636 veritus,
1565 4584 1633 4624 ne
1664 4566 1932 4622 Romanis
1961 4563 2059 4617 de-

480 4686 729 4740 deretur,
767 4682 936 4729 noctu
969 4671 1150 4739 fugam
1179 4679 1467 4723 capessere
1504 4660 1783 4716 instituit:
1822 4672 1887 4713 ac
1917 4656 2059 4711 clam

479 4773 549 4828 ad
608 4769 801 4839 Cotym
866 4763 1118 4819 Thraciae
1180 4760 1448 4830 dynasten
1506 4752 1891 4825 pervenisset,
1949 4747 2058 4803 nisi

475 4865 793 4921 Cretenses,
836 4856 1005 4909 rebus
1054 4852 1172 4906 suis
1211 4852 1265 4904 in
1308 4863 1477 4903 naves
1523 4844 1796 4916 impositis
1830 4843 2057 4897 domum

477 4954 853 5015 discedentes,
898 4963 1026 5002 eum
1072 4943 1447 5013 reliquissent.
1488 4939 1610 5008 lpsc
1649 4952 1783 4992 vero
1825 4935 1901 4990 ibi
1958 4949 2059 5004 per

476 5053 600 5107 dies
654 5046 866 5115 aliquot
914 5057 1039 5096 cum
1089 5036 1347 5105 Philippo
1378 5032 1490 5087 lilio
1537 5031 1740 5086 latuit:
1791 5029 1887 5085 sed
1930 5041 2057 5083 cum

474 5152 708 5203 ceteros
747 5137 951 5192 liberos
988 5146 1119 5187 suos
1159 5127 1446 5183 Octavium
1488 5134 1680 5179 tenere
1734 5120 2055 5186 didicisset,

476 5234 622 5290 ultro
667 5244 698 5284 e
738 5224 969 5281 latebris
1012 5218 1243 5292 prodiit.
1302 5214 1675 5286 Amphipolim
1726 5212 2056 5283 perductum

472 5324 679 5380 Paulus
726 5334 836 5373 non
867 5316 1011 5370 male
1043 5307 1299 5367 tractavit
1348 5325 1362 5361 :
1408 5306 1503 5362 sed
1536 5313 1796 5375 porrecta
1830 5306 2054 5358 dextera

473 5416 542 5472 ad
571 5426 816 5470 mensam
852 5423 1006 5464 suam
1049 5403 1296 5466 admisit,
1321 5409 1378 5455 et
1406 5400 1459 5453 in
1487 5398 1660 5453 libera
1686 5396 1937 5452 custodia
1964 5413 2053 5452 as-

472 5517 761 5564 servatum
798 5501 1101 5558 honoriﬁce
1126 5495 1343 5551 habuit.
1381 5491 1587 5548 Deinde
1613 5506 1710 5562 per
1740 5490 1963 5560 Epirum
1999 5490 2051 5544 in

474 5601 683 5653 Italiam
731 5607 816 5653 est
871 5593 1194 5662 perductus.
1264 5584 1598 5642 Plutarchus
1639 5582 1812 5638 refert
1878 5582 2058 5637 Aimi-

469 5688 630 5753 l'Lum,
659 5703 784 5744 cum
828 5686 1067 5743 Perseus
1086 5680 1469 5736 adduceretur
1496 5716 1513 5739 .
1564 5675 1617 5732 ei
1659 5676 1919 5749 lacrymis
1957 5691 2056 5746 op-

2165 4482 2529 4551 προσρὴσεως
2585 4483 3019 4551 ἐπιστείλαντος,
3080 4487 3445 4557 προσεδέξατο
3500 4490 3601 4559 μὲν
3651 4494 3751 4546 τὸν

2164 4569 2303 4641 ὑπὲρ
2333 4571 2444 4625 τῶν
2488 4574 2733 4627 σπονδῶν
2756 4576 2935 4644 λόγον’
2958 4578 3059 4631 οὐκ
3097 4578 3276 4643 ἄλλως
3310 4579 3499 4649 μέντοι
3529 4584 3753 4655 συμϐή-

2164 4663 2355 4716 σεσθαι
2385 4666 2490 4736 ἔφη
2539 4667 2588 4719 εί
2630 4669 2704 4738 μὴ
2737 4669 2831 4722 καὶ
2858 4670 3054 4725 ἐαυτὸν
3097 4670 3194 4725 καὶ
3222 4674 3295 4725 τὰ
3340 4674 3538 4727 ἑαυτοῦ
3568 4676 3757 4732 πάντα

2161 4757 2276 4818 τοῖς
2318 4756 2612 4826 Ῥωμαίοις
2641 4761 2976 4832 ἐπιτρέψειε·
3020 4764 3115 4817 καὶ
3161 4763 3250 4818 διά
3280 4764 3453 4819 ταῦτα
3509 4768 3573 4821 οὐ
3622 4786 3757 4822 συν-

2161 4846 2385 4919 έϐησαν.
2415 4852 2571 4905 Μετά
2598 4852 2757 4906 τοῦτο
2785 4854 2842 4906 δὲ
2881 4855 3199 4925 ἐξαιτηθεὶς
3231 4857 3385 4929 παρά
3437 4860 3549 4914 τῶν
3605 4862 3756 4916 Ῥω-

2165 4934 2342 5013 μαίων
2399 4942 2670 5016 Εϋανδρόν
2735 4963 2854 5001 τινα
2910 4949 3104 5019 Κρῆτα
3167 4949 3338 5005 πολλὰ
3402 4954 3525 5006 κατ’
3561 4955 3755 5012 αὐτ.ῖ.ν

2163 5036 2554 5106 ὑπουργηκότα
2615 5039 2710 5092 καὶ
2760 5041 3089 5095 πιστότατον
3147 5044 3319 5114 αὐτῷ,
3357 5046 3460 5098 οὐκ
3511 5044 3757 5109 ἐξέδωκε

2164 5127 2287 5196 μὲν,
2314 5129 2575 5201 φοδηθεὶς
2603 5131 2679 5201 μὴ
2710 5131 2945 5203 κατείπῃ
2973 5133 3074 5186 ὅσα
3111 5135 3261 5206 αὐτῷ
3309 5136 3543 5208 συνῄδει,
3568 5137 3757 5209 λάθρα

2159 5220 2216 5273 δὲ
2266 5220 2429 5276 αὐτὸν
2486 5224 2816 5288 ἀποκτείνας
2868 5224 3062 5278 ἐαυτὸν
3108 5226 3555 5301 διαχειρίσασθαι
3606 5232 3759 5303 ἐφή-

2163 5328 2311 5380 μισε.
2343 5312 2476 5366 Τότε
2510 5314 2609 5383 μὲν
2635 5313 2727 5368 οὖν
2754 5316 2804 5368 oi
2837 5316 3090 5381 συνόντες
3116 5318 3267 5389 αὑτῷ
3294 5318 3625 5389 φοϐηθέντες
3645 5323 3754 5393 τὴν

2158 5403 2417 5458 ἀπιστίαν
2441 5403 2608 5457 αὐτοῦ
2641 5404 2723 5475 (οὐ
2765 5407 2873 5477 γὰρ
2904 5408 3180 5478 ἠγνόησαν
3214 5411 3276 5464 τὸ
3302 5412 3613 5482 γινόμενον)
3649 5429 3755 5484 με-

2162 5496 2727 5568 θίστασθαιῆρξαντο.
2775 5500 3067 5568 Κάκεῖνος,
3100 5501 3283 5568 δείσας
3332 5503 3408 5574 μὴ
3452 5506 3565 5566 τοῖς
3594 5492 3755 5557 ’Ῥω-

2162 5591 2344 5660 μαίοις
2378 5592 2679 5663 παραδοθῇ,
2717 5593 2974 5663 ἐκδράναι
3010 5596 3210 5662 νυκτὸς
3240 5598 3595 5669 ἐπεχείρησε.
3632 5601 3753 5654 Καὶ

2158 5681 2352 5737 ἔλαθεν
2384 5684 2448 5739 iv
2481 5684 2617 5755 πρὸς
2655 5686 2835 5756 Κότην
2874 5688 3067 5758 Θρᾷκα
3102 5689 3386 5754 δυνάστην.
3428 5689 3751 5759 κομισθεὶς,
