4024 6454
324 346 427 410 781

1601 332 2013 394 ANNALlUM
2049 334 2197 394 LIB.
2237 333 2346 394 IX.

3487 336 3591 399 78:2

316 459 365 510 εἰ
396 453 472 526 μὴ
499 452 547 507 οἱ
583 452 800 523 Κρῆτες
829 445 994 501 αὑτὸν
1027 443 1409 513 ἐγκατέλιπον.
1447 444 1764 516 Ἐνθέμενοι
1796 444 1908 517 γὰρ

2033 446 2222 501 iletum
2255 446 2473 501 obviam
2515 445 2679 502 ivisse
2727 463 2742 500 :
2777 446 2932 501 illum
2962 461 3094 502 vero
3140 447 3194 501 in
3231 446 3426 504 faciem
3455 465 3590 521 pro-

314 549 386 604 τὰ
431 546 694 619 χρήματα
750 542 828 604 εἰς
876 540 945 593 τά
999 538 1160 591 πλοῖα
1210 537 1395 591 οἶκαδε
1447 535 1692 608 ἀπῆραν.
1738 536 1797 590 '0
1841 535 1900 590 δὲ

2033 544 2267 601 tratum,
2295 538 2588 609 prehensis
2616 539 2735 605 ejus
2764 539 2998 611 genibus
3014 556 3180 597 voces
3203 558 3396 613 parum
3426 560 3595 616 gene-

318 640 533 713 ἡμέρας
581 635 681 706 μέν
728 650 885 696 τινας
918 631 1087 686 αὑτοῦ
1140 631 1280 701 μετὰ
1313 630 1587 684 Φιλίππου
1621 627 1740 693 ἑνὸς
1794 629 1904 684 τῶν

321 732 485 787 υἱέων
537 726 921 799 κρυπτόμενος
971 723 1166 777 ἔλαθεν
1208 739 1222 754 ·
1260 723 1382 776 ἐπεὶ
1434 722 1492 776 δὲ
1525 722 1656 786 τοὺς
1708 721 1917 786 ἄλλους.

323 822 519 885 παῖδας
561 822 656 874 καὶ
699 817 798 889 τὴν
854 816 1153 888 θεραπείαν
1192 814 1335 885 ἔγνω
1382 813 1764 886 κατεσχηκότα
1812 812 1906 867 τὸν

337 915 674 980 Ὀκταούϊον,
716 910 915 984 εὑρέθη
950 911 1259 980 ἐθελοντὴς,
1305 910 1400 965 καὶ
1421 909 1662 980 ἀχθέντα
1692 908 1773 972 είς
1806 906 1905 979 τὴν

337 1008 675 1079 Ἀμφίπολιν
719 1007 874 1061 οὐδὲν
915 1008 944 1061 ό
1003 1004 1216 1068 Παῦλος
1271 1002 1581 1067 ἐκάκωσεν,
1626 1001 1767 1056 ἀλλά
1812 999 1910 1055 καὶ

325 1080 651 1166 ἐδεξιώσατο
688 1100 785 1155 καὶ
818 1099 1074 1171 όμόσιτον
1129 1097 1428 1169 ἐποιήσατο
1461 1094 1558 1149 καὶ
1591 1095 1650 1147 ἐν
1689 1093 1911 1165 ἀδέσμῳ

328 1192 545 1264 φυλακῇ
581 1192 771 1264 ἐτήρει
795 1194 893 1245 xal.
918 1192 979 1246 ἐν
1008 1189 1283 1260 θεραπείᾳ
1316 1183 1443 1261 ἦγε.
1470 1186 1627 1242 Μετὰ
1655 1186 1711 1240 δὲ
1735 1184 1911 1239 ταῦτα

326 1286 405 1349 είς
451 1289 552 1357 τὴν
595 1285 827 1340 Ἰταλίαν
860 1285 949 1339 διὰ
989 1283 1091 1355 τῆς
1147 1284 1410 1355 Ἠπείρου
1443 1281 1804 1353 ἀνεκομίσθη.
1852 1279 1911 1333 '0

328 1378 384 1432 δὲ
410 1378 759 1451 Πλούταρχος
788 1377 1025 1450 ἀχθῆναι
1059 1376 1210 1446 λέγει
1242 1375 1337 1431 τὸν
1374 1375 1594 1447 Περσέα
1640 1373 1779 1445 πρὸς
1817 1372 1912 1426 τὸν

326 1475 606 1545 Αἰμίλιον,
630 1476 727 1538 ,καὶ
760 1473 853 1529 τὸν
880 1472 1280 1544 δεδακρυμένον
1313 1473 1771 1544 προσυπαντῆσαι
1813 1470 1913 1523 αύ-

329 1567 430 1637 τῷ.
478 1568 690 1620 ἐκεῖνον
735 1565 781 1618 δ’
810 1566 904 1620 ἐπὶ
944 1565 1122 1634 στόμα
1161 1563 1491 1617 καταϐαλεῖν
1539 1560 1758 1624 ἑαυτὸν,
1813 1560 1911 1614 καὶ

2011 644 2168 684 rosas
2208 630 2468 687 edidisse.
2526 630 2809 686 Emilium
2855 641 3036 688 autem
3088 634 3230 690 tristi
3274 637 3429 692 νιιιιιι
3461 653 3591 693 eum

2014 724 2322 777 intuentem
2350 722 2557 779 dixisse
2584 742 2598 777 :
2625 724 2788 790 Quid,
2813 741 2843 779 ο
2872 726 3054 791 miser,
3089 726 3191 780 ista
3232 728 3364 797 facis
3387 745 3407 784 :
3454 730 3595 784 unde

2016 831 2123 869 non
2150 823 2347 885 prazter
2376 816 2620 869 meritum
2643 816 2697 869 in
2737 814 3103 871 calamitatem
3130 819 3394 887 incidisse,
3428 838 3596 891 neque

2016 908 2286 979 prazsenti,
2320 907 2412 961 sed
2438 910 2709 978 praeterita
2738 908 2954 978 fortuna
2988 909 3240 981 indignus
3270 927 3381 966 esse
3410 913 3598 969 videa-

2016 1000 2134 1056 ris?
2179 999 2319 1066 Quid
2362 1015 2533 1055 meam
2571 1000 2853 1056 victoriam
2885 1001 3171 1079 deprimis,
3215 1012 3266 1058 et
3309 1021 3390 1060 res
3421 1016 3597 1077 gestas

2016 1100 2289 1156 attenuas,
2336 1093 2606 1163 ignaviam
2650 1108 2762 1164 prie
2798 1102 2849 1147 te
2880 1093 3117 1163 ferendo,
3160 1102 3314 1167 teque
3348 1097 3602 1153 adversa-

2014 1186 2155 1240 rium
2209 1184 2462 1240 Romanis
2494 1186 2774 1257 indignum
2818 1186 3192 1246 declaranda?
3249 1187 3429 1245 Virtus
3457 1193 3600 1247 enim

2017 1279 2180 1332 etiam
2235 1278 2291 1331 in
2338 1276 2652 1332 calamitate
2696 1277 2922 1333 multum
2971 1278 3052 1334 vel
3084 1280 3228 1351 apud
3265 1282 3439 1336 hostes
3486 1300 3603 1337 mo-

2018 1371 2184 1426 menti
2235 1370 2413 1425 Itabet.
2478 1368 2762 1441 Ignaviam
2812 1386 2957 1434 vero,
3035 1374 3197 1427 etiam
3244 1375 3489 1428 secundis
3546 1378 3604 1430 in

2018 1463 2173 1518 rebus
2228 1472 2468 1519 extremo
2515 1471 2816 1535 contemptu
2878 1463 3111 1521 Romani
3176 1468 3397 1540 dignam
3453 1469 3601 1532 iudi-

2017 1567 2164 1614 cant.

329 1657 576 1729 γονάτων
617 1657 948 1728 ὀρεξάμενον
997 1657 1219 1725 ἀφεῖναι
1270 1655 1454 1725 φωνὰς
1515 1654 1756 1722 ἀγενεῖς,
1816 1650 1912 1703 καὶ
1951 1648 2042 1703 τὸν
2088 1649 2340 1718 Αἰμίλιον
2423 1649 2680 1718 ἀλγοῦντι
2751 1650 3035 1723 προσώπῳ
3079 1653 3406 1725 προσιδόντα
3442 1657 3605 1712 αύτὶν

329 1754 530 1805 εἰπεῖν’
562 1752 642 1816 Τί,
674 1750 722 1804 ὦ
747 1751 1107 1818 ταλαίπωρε,
1137 1749 1328 1804 ταῦτα
1355 1745 1636 1816 πράττεις
1662 1786 1676 1812 ,
1702 1743 1803 1814 ἀφ’
1825 1734 1913 1797 ὧν
1948 1741 2151 1809 δόξεις
2187 1744 2300 1797 οὐκ
2343 1741 2602 1808 ἀναξίως
2646 1742 2917 1812 ἀτυχεῖν,
2957 1745 3102 1800 οὐδὲ
3129 1746 3234 1803 τοῦ
3277 1748 3415 1819 νῦν,
3442 1750 3607 1806 ἀλλὰ

312 1844 436 1913 ⁷τοῦ
493 1843 681 1899 πάλαι
729 1845 1017 1912 Gaium-oc
1057 1840 1306 1908 ἀνάξιος
1355 1837 1704 1911 τεγονέναις
1741 1836 1801 1890 Τί
1847 1832 1917 1888 δέ
1948 1851 2069 1903 μου
2112 1832 2515 1899 καταϐάλλεις
2580 1832 2697 1903 τὴν
2757 1836 2940 1903 νίκην
2969 1837 3067 1891 καί
3114 1840 3461 1909 σμικρύνεις
3485 1860 3607 1912 μου

328 1938 398 1992 τὸ
433 1939 806 2006 κατόρθωμα,
850 1934 1344 2005 ἐπιδεικνύμενος
1396 1929 1616 1989 ἑαυτὸν
1651 1930 1724 1983 οὐ
1773 1925 2079 1999 γενναῖον,
2148 1926 2294 1982 οὐδὲ
2356 1927 2667 1997 πρέποντα
2740 1930 3046 1998 Ῥωμαίοις
3106 1931 3607 2006 ἀνταγωνιστήνς

340 2028 543 2106 Ἀρετή
573 2052 663 2090 τοι
694 2034 1078 2104 δυστυχοῦσι
1123 2029 1400 2101 μεγάλην
1431 2026 1555 2097 ἔχει
1583 2023 1801 2095 μοῖραν
1831 2020 1929 2076 καί
1971 2019 2133 2089 παρὰ
2165 2024 2495 2093 πολεμιοις.
2560 2025 2762 2081 Δειλία
2789 2024 2859 2080 δὲ
2901 2026 3212 2097 Ῥωμαίοις
3250 2030 3368 2085 κᾶν
3395 2037 3612 2098 εὐποτ,

327 2125 435 2196 μῆ,
468 2124 667 2193 πάντη
698 2124 1105 2194 ἀτιμότατον.»

400 2220 529 2273 ΚΔ’.
566 2216 726 2270 Κατά
758 2216 816 2268 δὲ
842 2213 934 2268 τὸν
969 2213 1133 2267 αὐτὸν
1167 2210 1359 2283 χρόνον
1389 2209 1487 2264 καὶ
1510 2206 1743 2271 Λούκιος
1777 2205 1919 2260 Ἀνί-

2094 2200 2286 2261 XXIV.
2329 2204 2541 2261 Eodem
2572 2214 2824 2278 tempore
2870 2206 2935 2262 L.
2967 2206 3198 2267 Anicius
3237 2222 3441 2284 praeter
3477 2232 3611 2274 con-

332 2327 457 2374 κιος
476 2306 784 2380 στρατηγὸς
809 2303 1086 2377 πεμφθεὶς
1116 2304 1208 2356 ἐπὶ
1237 2302 1330 2357 τὸν
1355 2301 1574 2355 Γέντιον
1600 2300 1726 2364 τοὺς
1746 2314 1917 2370 προσ-

336 2399 604 2472 μίξαντάς
631 2415 694 2452 τε
733 2396 884 2467 αύτῴ
923 2396 1145 2466 ἐνίκησε
1174 2392 1269 2448 καὶ
1297 2392 1391 2446 τὸν
1419 2391 1635 2446 Γέντιον
1676 2390 1919 2460 φυγόντα

334 2489 655 2556 ἐπιδιώξας,
685 2490 766 2552 είς
800 2487 1040 2558 Σκοδράν
1088 2484 1462 2548 κατέκλεισεν,
1508 2483 1644 2537 ὅπου
1671 2476 1740 2553 ἦν
1771 2479 1921 2551 αὐτῷ

338 2584 407 2638 τὰ
448 2582 718 2655 βασίλεια.
764 2580 878 2636 Καὶ
924 2578 1183 2649 διακενῆς
1219 2577 1288 2632 ἂν
1324 2576 1735 2648 προσήδρευσεν
1780 2573 1919 2643 αὐτῇ

340 2677 456 2747 (ἐπὶ
474 2674 582 2746 γὰρ
611 2674 957 2745 ἀκρωνυχίας
982 2671 1145 2741 ὅρους
1178 2667 1530 2735 πεπόλισται,
1556 2669 1650 2722 καὶ
1678 2664 1923 2738 φάραγξι

341 2766 592 2837 βαθείαις
636 2765 918 2836 ποταμοὺς
964 2760 1186 2833 ροώδεις
1224 2759 1484 2832 ἐχούσαις
1532 2757 1918 2830 περιειλεῖται,

340 2862 513 2931 τείχει
534 2876 596 2914 τε
623 2858 807 2930 ὀχυρῷ
829 2853 1245 2928 περιέζωσται),
1278 2855 1329 2908 εί
1361 2853 1438 2925 μὴ
1467 2855 1495 2907 ό
1524 2853 1743 2916 Γέντιος
1778 2850 1924 2923 μέγα

341 2955 438 3008 ἐπὶ
468 2956 536 3025 τῇ
575 2952 804 3021 δυνάμει
851 2948 1104 3015 ἐλπίσας,
1132 2945 1276 3000 ἑκὼν
1314 2945 1394 3008 είς
1439 2944 1620 3016 μάχην
1649 2943 1922 3015 ἐχώρησε.

344 3046 474 3100 Κάκ
522 3045 718 3101 τούτου
764 3042 866 3113 τήν
893 3057 955 3094 τε
1000 3037 1176 3111 ἀρχὴν
1206 3034 1373 3091 αὐτοῦ
1407 3038 1590 3090 πᾶσαν
1623 3034 1653 3087 ὁ
1693 3034 1925 3098 Ἀνίκιος

346 3138 758 3210 προσηγάγετο,
809 3136 904 3189 καὶ
957 3132 1122 3205 μέχρι
1167 3130 1271 3201 τῆς
1330 3128 1591 3199 Ἠπείρου
1644 3124 1924 3198 προελθὼν

346 3233 480 3299 πρὶν
528 3229 618 3281 τὸν
669 3225 883 3279 Παῦλον
941 3223 1117 3277 ἐλθεῖν
1176 3219 1445 3289 κάκείνην
1504 3216 1927 3288 ταραττομένην

349 3322 658 3391 ἡμέρωσεν.
707 3318 772 3371 Οἱ
813 3317 859 3371 δ’
887 3317 945 3370 ὲν
973 3318 1041 3388 τῇ
1081 3312 1271 3385 Ῥώμῃ
1310 3309 1517 3383 ἔμαθον
1563 3310 1665 3380 μὲν
1701 3310 1801 3378 τὴν
1831 3306 1924 3362 τοῦ

354 3412 574 3465 Παύλου
620 3410 779 3480 νίκην
819 3408 1058 3478 τετάρτῃ
1104 3405 1242 3476 μετά
1278 3405 1376 3474 τήν
1411 3401 1592 3472 μάχην
1646 3398 1832 3469 ἡμέρᾳ
1863 3395 1928 3449 ἐκ

354 3520 504 3570 τινος
553 3504 767 3575 φήμης,
816 3501 876 3555 οὐ
931 3500 1113 3572 μέντοι
1172 3497 1269 3552 καὶ
1316 3496 1565 3566 ἀκριϐῶς
1617 3493 1925 3548 ἐπίστευον.

2023 2306 2106 2359 tra
2138 2297 2399 2353 Gentium
2431 2298 2659 2368 missus,
2688 2299 2878 2357 hostes
2918 2302 3303 2371 praebe-fudit.
3345 2307 3607 2366 Gentium

2022 2388 2377 2461 proﬂigatum
2432 2400 2781 2463 persecutus,
2832 2393 3075 2463 Scodrae,
3137 2399 3233 2456 ubi
3283 2401 3404 2474 ejus
3458 2406 3610 2477 regia

2022 2490 2162 2548 erat,
2207 2482 2445 2540 obsedit.
2495 2484 2668 2557 quue
2722 2486 2928 2543 frustra
2971 2489 3221 2548 futurum
3273 2505 3414 2563 erat,
3466 2513 3609 2569 quo-

2023 2574 2172 2630 niam
2215 2575 2351 2631 urbs
2385 2576 2441 2632 in
2478 2578 2684 2635 montis
2712 2580 3001 2637 cacumine
3037 2583 3178 2651 sita,
3221 2594 3278 2641 et
3315 2587 3607 2657 profundis

2024 2667 2263 2724 vallibus
2287 2683 2409 2739 quae
2445 2668 2643 2726 ﬂuvios
2675 2678 2952 2729 torrentes
2980 2674 3208 2741 habent.
3245 2677 3451 2748 cincta,
3482 2698 3608 2738 mu-

2026 2772 2199 2826 roque
2249 2758 2410 2814 firmo
2443 2760 2657 2816 munita
2688 2769 2810 2818 est:
2849 2763 2957 2820 nisi
3003 2764 3238 2824 Gentius
3273 2770 3392 2827 suis
3428 2775 3607 2844 copiis

2027 2848 2222 2918 fretus,
2256 2850 2403 2908 ultro
2433 2852 2502 2908 ad
2528 2870 2769 2926 pugnam
2799 2858 3067 2915 venisset.
3097 2859 3255 2917 Unde
3290 2863 3521 2933 factum,
3551 2880 3613 2923 ut

2028 2954 2193 3030 omne
2219 2941 2340 3011 ejus
2381 2941 2675 3012 imperium
2721 2945 2952 3004 Anicius
2992 2951 3275 3023 subegerit
3304 2973 3318 3009 :
3346 2967 3403 3012 et
3434 2973 3613 3030 usque

2029 3028 2097 3084 ad
2128 3030 2357 3100 Epirum
2400 3049 2749 3106 progressus,
2781 3047 2911 3096 ante
2941 3040 3097 3097 Pauli
3125 3044 3423 3103 adventum
3460 3028 3612 3106 illam

2029 3122 2200 3177 etiam
2240 3125 2671 3184 tumultuantem
2700 3131 2936 3200 pacarit.
2967 3131 3204 3191 Romani
3240 3136 3396 3194 Pauli
3436 3142 3618 3199 victo-

2032 3215 2173 3269 riam
2201 3225 2399 3287 quarto
2431 3226 2557 3289 post
2585 3236 2823 3293 pugnam
2868 3223 2961 3280 die
2996 3242 3065 3282 ex
3120 3244 3345 3287 rumore
3385 3234 3617 3293 audive—

2034 3316 2189 3373 runt,
2241 3309 2337 3365 sed
2368 3326 2481 3366 non
2541 3313 2704 3383 plane
2747 3314 2911 3388 460
2958 3320 3341 3382 crediderunt.
3404 3329 3617 3386 Deinde

2034 3399 2192 3454 Pauli
2225 3403 2464 3473 acceptis
2502 3403 2707 3462 litteris
2746 3409 2988 3465 maxima
3018 3411 3209 3469 laetitia
3248 3416 3464 3485 affecti,
3505 3437 3616 3477 non

2037 3491 2197 3561 quasi
2255 3493 2406 3548 victo
2451 3496 2676 3562 Perseo,
2730 3499 3073 3573 subactaque
3118 3504 3470 3579 Macedonia,
3519 3514 3616 3568 sed

357 3590 492 3649 Εῐτα
541 3570 886 3664 γραμμάτων
935 3570 1078 3661 ύπὲρ
1121 3590 1333 3660 ταύτης
1385 3584 1764 3677 κομισθέντων
1833 3582 1927 3637 τοῦ

2043 3593 2303 3655 tanquam
2344 3587 2662 3661 Philippum
2689 3591 2841 3648 illum
2869 3611 3053 3668 regem
3076 3570 3616 3677 praestantissimum,

359 3687 569 3741 Παύλου
604 3686 1017 3758 ὑπερήσθησαν,
1050 3682 1145 3737 καὶ
1171 3682 1270 3753 οὐχ
1298 3680 1374 3745 ὡς
1401 3680 1495 3734 τὸν
1536 3675 1755 3748 Περσέα
1794 3692 1934 3730 νενι-

354 3782 587 3853 κηκότες
627 3780 725 3835 καὶ
767 3779 869 3849 τὴν
922 3775 1268 3833 Μακεδονίαν
1317 3771 1680 3844 κτησάμενοι,
1716 3767 1835 3824 ἀλλ’
1856 3766 1933 3832 ὡς

354 3873 448 3926 τὸν
470 3873 739 3927 Φίλιππον
768 3872 978 3925 ἐκεῖνον
1006 3868 1099 3923 τὸν
1134 3868 1279 3921 πάνυ
1315 3866 1411 3920 καὶ
1452 3865 1617 3919 αὑτὸν
1645 3861 1738 3916 τὸν
1778 3859 1933 3914 Ἀλέ-

358 3964 582 4038 ξανδρον
632 3965 769 4036 μετά
795 3964 977 4034 πάσης
1012 3962 1111 4032 τῆς
1156 3959 1338 4032 ἀρχῆς
1375 3958 1592 4028 ἐκείνης
1624 3958 1693 4026 ἠν
1730 3953 1934 4025 ἔσχηκε

353 4060 701 4129 νικήσαντες,
737 4054 1115 4126 ἐσεμνύνοντο.
1168 4051 1410 4108 Ἐλθόντι
1433 4049 1478 4102 δ’
1512 4050 1570 4114 ἐς
1614 4045 1832 4117 Ῥώμην
1854 4044 1933 4115 τῷ

356 4151 560 4220 Παύλῳ
591 4147 761 4201 πολλᾶ
794 4146 1092 4217 ἐψηφίσθη,
1131 4144 1228 4197 καὶ
1258 4144 1292 4212 ἡ
1332 4139 1528 4212 πομπὴ
1561 4139 1669 4194 τῶν
1702 4154 1930 4208 νικητη-

319 4276 325 4282 -
354 4242 490 4311 ρίων
530 4237 678 4309 αύτῷ
709 4235 1067 4306 λαμπροτάτη
1101 4232 1344 4303 ἐγένετο.
1381 4228 1636 4300 Ἐπεμψε
1683 4228 1785 4300 μὲν
1823 4229 1934 4299 γάρ

356 4332 453 4387 καὶ
482 4330 653 4385 τᾶλλα
685 4329 785 4382 ὅσα
811 4326 1045 4381 ἑαλώκει
1073 4324 1277 4392 πάντα,
1309 4324 1524 4394 ἔπεμψε
1550 4322 1608 4376 δὲ
1634 4322 1730 4376 καὶ
1770 4319 1933 4374 Βίθυν

351 4423 445 4478 τὸν
479 4420 575 4476 τοῦ
609 4420 815 4482 Κότυος
840 4418 981 4482 υίδν,
1000 4417 1091 4470 τόν
1117 4433 1176 4470 τε
1204 4415 1423 4485 Περσέα
1452 4413 1552 4467 καὶ
1572 4412 1672 4480 τὴν
1698 4412 1933 4480 γυναῖκα

352 4514 527 4570 αὑτοῦ
552 4513 680 4578 τούς
711 4528 772 4565 τε
802 4511 1001 4574 παῖδας
1029 4512 1177 4579 τρεῖς
1223 4507 1383 4571 ὄντας
1407 4507 1466 4560 ὲν
1487 4504 1564 4577 τῷ
1593 4504 1701 4558 τῶν
1731 4504 1936 4574 αἰχμα-

356 4607 549 4663 λώτων
602 4606 865 4677 σχήματι.
921 4601 1115 4666 Δείσας
1158 4600 1215 4655 δὲ
1263 4600 1353 4654 διὰ
1400 4600 1500 4669 τὴν
1538 4598 1636 4669 τῆς
1681 4597 1937 4667 εὐτυχίας

357 4699 673 4769 ὑπερϐολὴν
715 4699 788 4769 μή
837 4714 893 4750 τι
951 4698 1228 4766 νεμεσήσῃ
1281 4694 1467 4755 αὐτοῖς
1523 4690 1585 4744 τὸ
1633 4689 1936 4760 δαιμόνιον,

363 4792 568 4862 ηὓξατο
605 4791 701 4844 καὶ
737 4784 893 4854 οὗτος
923 4788 1067 4843 κατὰ
1092 4788 1186 4842 τὸν
1236 4784 1535 4856 Κάμιλλον,
1573 4784 1650 4855 μή
1683 4799 1734 4837 τι
1766 4782 1937 4836 κακὸν

2036 3685 2094 3733 et
2124 3679 2303 3750 ipsum
2329 3681 2703 3740 Alexandrum
2728 3703 2855 3743 cum
2896 3698 3014 3746 toto
3057 3692 3155 3748 illo
3191 3694 3619 3767 imperio'vicis-

2037 3779 2185 3837 sent,
2253 3771 2329 3828 ita
2389 3784 2522 3831 sunt
2583 3777 2827 3848 gloriati.
2879 3780 3053 3837 Paulo
3101 3783 3333 3842 Romam
3397 3805 3622 3848 reverso

2041 3863 2201 3918 multi
2235 3863 2479 3923 honores
2505 3876 2637 3923 sunt
2677 3868 2910 3937 decreti,
2940 3883 2997 3928 et
3037 3875 3356 3948 triumphus
3377 3883 3622 3952 splendio

2040 3954 2326 4024 dissimus,
2348 3957 2404 4013 in
2430 3976 2541 4029 quo
2567 3970 2766 4030 praeter
2786 3964 2924 4021 alias
2957 3970 3246 4025 manubias
3268 3971 3483 4044 Bithyni
3520 3977 3625 4034 Co-

2038 4056 2124 4120 tys
2155 4049 2350 4119 illium,
2391 4053 2651 4108 Perseum
2681 4063 2737 4110 et
2770 4071 2999 4113 uxorem
3028 4060 3146 4131 ejus
3176 4077 3302 4118 cum
3336 4067 3516 4124 tribus
3552 4069 3622 4124 li-

2039 4139 2213 4207 beris,
2248 4142 2441 4198 habitu
2471 4146 2813 4215 captivorum
2860 4147 3038 4205 duxit.
3074 4151 3296 4211 Veritus
3334 4169 3519 4214 autem
3550 4177 3621 4216 ex

2040 4231 2334 4290 immodica
2391 4234 2658 4293 felicitate
2719 4239 2983 4296 invidiam
3045 4245 3326 4315 numinis,
3402 4248 3621 4308 Camilli

2041 4326 2295 4396 exemplo
2328 4336 2587 4397 precatus
2617 4338 2725 4397 est,
2775 4332 2825 4387 si
2865 4334 2999 4403 quid
3039 4337 3165 4393 inde
3201 4341 3329 4395 mali
3365 4341 3622 4401 immine-

2042 4423 2150 4484 ret,
2194 4424 2257 4471 ut
2296 4416 2351 4473 id
2424 4417 2686 4475 incolumi
2723 4422 3010 4492 republica
3040 4425 3094 4481 in
3127 4442 3289 4483 suum
3327 4440 3494 4501 caput
3534 4450 3624 4489 re-

2042 4505 2322 4564 dundaret
2354 4527 2367 4564 :
2411 4509 2597 4581 itaque
2635 4512 2776 4570 duos
2808 4513 2981 4579 ﬁlios.
3024 4518 3262 4575 alterum
3302 4526 3468 4593 paulo
3494 4539 3625 4585 ante

2044 4598 2421 4671 triumphum,
2464 4602 2702 4660 alterum
2740 4607 2798 4662 in
2828 4607 2945 4677 ipsa
2983 4608 3078 4666 illa
3111 4613 3437 4673 celebritate
3482 4623 3623 4675 ami-

2043 4694 2137 4751 sit.
2197 4693 2325 4750 Fuit
2376 4710 2488 4751 non
2537 4704 2750 4754 tantum
2811 4701 3066 4773 egregius
3123 4704 3467 4776 imperator.
3524 4713 3621 4767 sed

2043 4789 2210 4845 etiam
2225 4790 2474 4860 pecunia:
2493 4799 2864 4863 contemptor,
2889 4795 3036 4864 quod
3058 4811 3124 4852 ex
3136 4812 3203 4853 eo
3220 4812 3450 4871 apparet
3478 4806 3625 4875 quod

360 4890 427 4955 τῇ
449 4884 606 4937 πόλει
629 4885 694 4935 ἐκ
719 4880 945 4947 τούτων,
965 4880 1080 4934 ἀλλ’
1098 4878 1277 4949 ἑαυτῷ
1304 4880 1356 4933 εἴ
1375 4894 1429 4932 τι
1448 4878 1559 4932 δέοι
1580 4873 1927 4947 γενήσεσθαι·

2047 4880 2351 4936 secundum
2378 4882 2592 4947 consul,
2621 4891 2679 4938 et
2706 4884 2898 4954 spoliis
2942 4885 3441 4947 innumerabilibus
3486 4873 3627 4964 poti-

363 4979 459 5031 καὶ
510 4974 604 5029 δύο
645 4975 803 5039 υἱεῖς,
842 4974 934 5026 τὶν
986 4972 1086 5043 μὲν
1116 4973 1222 5040 πρὸ
1254 4971 1350 5025 τοῦ
1404 4969 1677 5041 θριάμϐου
1717 4969 1937 5039 μικρὸν,

370 5069 453 5123 τὸν
485 5068 542 5122 δὲ
582 5071 638 5120 ὲν
666 5067 805 5137 αὐτῇ
835 5067 900 5137 τῇ
936 5067 1047 5118 τῶν
1078 5063 1366 5117 ἐπινικίων
1422 5052 1699 5117 ἀπέϐαλεν
1752 5060 1939 5132 ἑορτῇ.

367 5156 474 5214 Ἦν
534 5159 591 5212 δὲ
637 5159 696 5211 οὐ
747 5157 1128 5229 στρατηγῆσαι
1185 5157 1348 5226 μόνον
1395 5154 1620 5223 ἀγαθὸς,
1650 5152 1814 5207 ἀλλά
1846 5153 1942 5205 καὶ

367 5255 683 5327 ὑπερόπτης
718 5253 1037 5324 χρημάτων.
1074 5252 1390 5322 Τεκμήριον
1423 5248 1503 5315 δὲ,
1532 5247 1787 5318 δεύτερον
1821 5248 1944 5299 τότε

369 5348 680 5410 ὑπατεύσας
732 5348 826 5400 καὶ
888 5345 1150 5415 λαφύρων
1209 5341 1507 5414 ἀμυθήτων
1558 5340 1844 5412 κρατήσας
1882 5340 1943 5391 ὲν

375 5440 603 5510 τοσαύτῃ
657 5437 819 5508 πενίᾳ
846 5436 1052 5501 διεϐίω,
1103 5435 1246 5490 ὥστε
1296 5433 1551 5506 χαλεπῶς
1599 5435 1666 5503 τῇ
1721 5432 1946 5499 γυναικὶ

371 5526 532 5582 αὑτοῦ
575 5530 676 5598 τὴν
714 5528 914 5598 προῖκα
956 5528 1385 5598 τελευτήσαντος
1437 5524 1790 5593 ἀποδοθῆναι.
1825 5520 1948 5575 Τῶν

371 5621 411 5674 3’
440 5622 676 5676 ἁλόντων
705 5621 784 5691 τῷ
840 5621 1012 5692 πατρὶ
1066 5620 1166 5690 μὲν
1210 5623 1238 5674 ὁ
1292 5620 1453 5683 Βίους
1503 5619 1709 5688 προῖκα
1759 5615 1943 5685 ἐδόθη.

373 5714 612 5785 Περσεὺς
654 5715 712 5769 δὲ
738 5716 817 5778 εἰς
852 5713 1060 5768 Ἀλϐαν
1082 5717 1180 5768 σὺν
1225 5715 1339 5778 τοῖς
1369 5712 1526 5766 παισὶ¹
1554 5712 1651 5765 καὶ
1680 5713 1746 5781 τῇ
1775 5711 1945 5780 θερα-

382 5803 512 5876 πείᾳ
537 5803 831 5877 κατετέθη,
870 5804 1031 5860 κάκεῖ
1064 5803 1162 5876 μὲν
1185 5804 1290 5869 ἕως
1313 5802 1510 5877 ήλπιζε
1539 5803 1639 5873 τὴν
1666 5801 1948 5873 βασιλείαν

2049 4980 2159 5033 tus,
2179 4972 2230 5024 in
2257 4979 2403 5026 tanta
2423 4981 2746 5042 paupertate
2761 4973 2926 5029 vitam
2947 4976 3149 5047 exegit,
3167 4988 3224 5033 ut
3238 4988 3363 5049 post
3377 4983 3497 5053 ejus
3513 4984 3628 5038 obi-

2050 5072 2166 5117 tum
2194 5063 2350 5117 uxori
2375 5064 2475 5119 dos
2498 5079 2640 5136 aegre
2671 5075 2860 5136 posset
2897 5066 3079 5123 reddi.
3123 5068 3204 5123 Ex
3257 5072 3492 5142 captivis
3536 5074 3628 5129 Bi-

2051 5157 2176 5228 thys
2208 5157 2345 5226 patri
2375 5158 2545 5228 gratis
2564 5167 2651 5214 est
2667 5158 2939 5216 redditus.
2958 5160 3195 5218 Perseus
3212 5177 3336 5218 cum
3358 5164 3551 5221 liberis
3571 5179 3629 5224 et

2052 5248 2325 5303 ministris
2341 5249 2533 5304 Albam
2561 5250 2766 5305 missus
2796 5259 2901 5314 est,
2936 5251 3030 5306 ubi
3055 5268 3180 5307 cum
3203 5267 3261 5308 se
3297 5257 3448 5326 regni
3474 5272 3630 5313 recu-

2051 5339 2278 5410 perandi
2304 5356 2402 5410 spe
2430 5341 2754 5412 aliquandiu
2777 5350 3166 5407 sustentasset,
3185 5357 3249 5397 ea
3274 5346 3497 5409 amissa,
3519 5348 3627 5403 sibi

2044 5431 2152 5501 ipsi
2193 5447 2392 5486 manus
2423 5435 2632 5489 attulit.
2661 5433 2955 5503 Philippus
2992 5434 3115 5504 ejus
3148 5433 3297 5490 ﬁlius
3320 5475 3335 5500 ,
3373 5447 3430 5493 et
3474 5437 3584 5493 tilia
3607 5478 3625 5505 ,

2046 5542 2155 5580 non
2198 5526 2371 5581 multo
2408 5532 2535 5595 post
2571 5524 2850 5581 obierunt.
2894 5524 3058 5580 Solus
3112 5526 3258 5582 ﬁlius
3290 5536 3424 5583 natu
3464 5531 3629 5585 mini-

2050 5634 2195 5683 mus,
2226 5618 2454 5673 Albanis
2479 5616 2896 5688 magistratibus
2925 5632 3028 5687 pro
3056 5617 3239 5674 scriba
3272 5618 3628 5677 iuserviendo

2048 5711 2118 5766 ad
2156 5720 2373 5781 tempus
2401 5709 2570 5764 vitam
2605 5708 2878 5764 toleravit.
2913 5707 2995 5763 Ad
3040 5708 3193 5765 hunc
3238 5710 3460 5765 modum
3503 5711 3635 5767 Per-

2048 5816 2179 5858 seus
2216 5815 2248 5857 a
2296 5816 2368 5858 xx
2400 5798 2626 5872 regibus
2654 5814 2713 5858 se
2742 5809 2924 5856 ortum
2946 5799 3149 5859 ducere
3183 5799 3472 5872 gloriatus,
3506 5814 3631 5857 cre-
