4024 6402
376 317 488 379 ’183

1687 312 2012 372 JOANNIS
2054 313 2376 376 ZONARE

3539 322 3644 387 784

386 430 488 483 bro
524 426 867 496 Philippum,
923 423 1175 479 crebrius
1218 422 1588 477 Alexandrum
1635 423 1687 476 in
1745 439 1842 477 ore
1878 433 1974 476 lia-

2081 427 2440 495 κομίσασθαι,
2504 428 2772 499 ἀντεῖχεν.
2837 431 2990 486 Ἐπεὶ
3042 433 3088 486 δ’
3147 433 3388 502 ἀπέγνω,
3455 435 3646 488 ἑαυτὸν

381 519 544 584 hens,
576 527 632 572 et
673 531 899 585 regnum
926 515 1142 576 amisit.
1185 523 1241 568 ct
1271 514 1325 568 in
1365 514 1604 567 hostium
1636 521 1962 583 potestatem

383 609 558 675 venit,
596 619 652 663 et
679 606 961 676 triumpho
986 606 1184 660 ductus
1219 614 1325 667 est,
1365 621 1476 660 non
1506 615 1612 659 tam
1655 605 1966 660 diademate

383 708 614 755 ornatus
677 713 842 768 quam
895 697 1107 752 catenis
1169 706 1452 751 oneratus.
1499 697 1701 750 Rhodii
1753 697 1962 751 dudum

383 792 623 862 superbe
655 806 780 845 cum
826 789 1092 845 Romanis
1153 805 1312 860 agere
1365 791 1536 855 soliti,
1597 800 1711 844 tum
1746 790 1962 844 veniam

385 885 716 939 delictorum
759 891 1034 951 petentes,
1084 895 1391 951 eorumque
1427 883 1748 937 societatem
1789 897 1965 951 nuper

384 985 648 1043 Spretam,
681 971 977 1026 admodum
1019 971 1359 1042 flagitantes,
1396 974 1544 1042 quod
1579 975 1805 1028 voluere
1840 985 1964 1028 tan-

384 1067 512 1118 dem
538 1065 930 1134 impetrarunt.
975 1064 1210 1118 Romani
1233 1063 1400 1119 etiam
1431 1065 1790 1120 Cretensibus
1813 1065 1960 1131 irati,

384 1156 576 1210 multis
629 1156 887 1225 precibus
942 1155 1186 1226 denique
1241 1157 1475 1231 mitigati
1534 1167 1682 1213 sunt.
1739 1158 1964 1214 Prusias

385 1250 514 1303 item
540 1258 739 1318 sponte
769 1250 823 1302 in
855 1251 1046 1303 urbem
1084 1250 1390 1320 profectus,
1419 1253 1588 1306 curiae
1616 1252 1785 1307 limen
1808 1269 1967 1308 oscu-

381 1343 547 1406 latus,
595 1351 901 1410 senatuque
943 1343 1194 1407 adorato,
1233 1346 1450 1398 veniam
1495 1352 1551 1398 et
1582 1345 1965 1414 impunitatem

2066 514 2454 585 διεχειρίσατο.
2507 520 2616 570 Καὶ
2671 521 2700 571 6
2751 521 3023 588 Φίλιππος
3068 526 3095 577 6
3131 526 3245 586 υἱὸς
3291 522 3456 576 αὐτοῦ
3501 525 3535 594 ἥ
3588 543 3647 578 τε

2068 603 2317 676 Θυγάτηρ
2341 607 2508 660 αὑτοῦ
2536 609 2636 662 οὐκ
2674 611 2755 673 είς
2787 615 3010 682 μακρὰν
3039 615 3339 678 ἀπέθανον,
3371 616 3531 684 μόνος
3561 615 3650 667 δ’ὁ

2068 697 2336 762 νεώτατος
2369 702 2481 763 τοῖς
2510 702 2621 754 τῶν
2670 703 2950 758 Ἀλϐανῶν
2981 706 3244 776 ἄρχουσιν
3279 707 3656 777 ὑπογραμμα-

2066 791 2241 843 τεύων
2271 792 2365 844 ἐπί
2396 810 2518 845 τινα
2552 795 2746 865 χρόνον
2775 795 3087 866 διήρκεσεν.
3123 799 3310 863 Οὕτως
3343 801 3372 852 6
3408 798 3654 870 Περσεὺς

2065 882 2093 934 6
2126 881 2190 934 δι’
2218 882 2394 935 εἴκοσι
2437 882 2708 953 βασιλέων
2758 886 2940 956 αὐχῶν
2991 889 3304 956 γεγονέναι,
3333 891 3427 942 καὶ
3482 888 3650 941 πολὺν

2057 973 2172 1043 μὲν
2222 975 2313 1027 τὸν
2355 976 2646 1042 Φίλιππόν,
2681 978 2854 1031 πλείω
2887 978 2942 1031 δὲ
2979 979 3224 1048 θρυλλῶν
3271 981 3362 1034 τὸν
3400 981 3654 1046 Ἀλέξαν-

2067 1064 2214 1135 δρον,
2265 1068 2358 1119 καὶ
2401 1067 2500 1136 τὴν
2543 1068 2826 1138 βασιλείαν
2873 1071 3144 1136 ἀπώλεσε,
3187 1071 3282 1124 καὶ
3309 1073 3656 1140 αἰχμάλωτος

2070 1157 2288 1226 γέγονε,
2340 1158 2438 1211 καὶ
2490 1160 2548 1211 ἐν
2596 1162 2711 1223 τοῖς
2761 1162 3050 1224 ἐπινικίοις
3092 1164 3430 1230 ἐπόμπευσε,
3479 1161 3658 1230 δεσμὰ

2075 1250 2219 1320 μετὰ
2246 1250 2340 1302 τοῦ
2370 1251 2711 1321 διαδήματος
2743 1255 3150 1324 περικείμενος.
3177 1255 3240 1306 Οἱ
3271 1255 3327 1306 δέ
3358 1270 3419 1321 γε
3459 1255 3654 1304 Ῥόδιοι

2075 1344 2214 1411 μετὰ
2250 1345 2607 1412 φρονήματος
2633 1343 2826 1414 πρώην
2855 1346 2970 1406 τοῖς
3011 1342 3300 1412 Ῥωμαίοις
3352 1341 3654 1411 προσφερό-

381 1444 468 1488 est
509 1443 882 1490 consecutus:
929 1435 1162 1490 Eumeni
1207 1437 1393 1492 fratris
1436 1438 1606 1492 Attali
1636 1439 1968 1494 intercessio

2081 1447 2248 1500 μενοι,
2282 1432 2404 1484 τότε
2459 1434 2532 1502 μὴ
2568 1435 2934 1502 μνησικακεῖν
2962 1432 3148 1492 αὐτοῖς
3175 1430 3360 1497 ᾑξίουν
3395 1431 3490 1483 καὶ
3519 1428 3656 1496 σύμ-

369 1524 714 1579 delictorum
761 1527 995 1596 gratiam
1036 1526 1188 1582 fecit.
1229 1527 1386 1583 Tunc
1417 1530 1584 1583 etiam
1609 1528 1968 1600 Cappadocia:

2081 1537 2242 1592 μαχοι
2300 1521 2540 1592 πρόσθεν
2569 1523 2748 1576 αὐτῶν
2776 1521 3065 1576 καλεῖσθαι
3099 1522 3174 1589 μὴ
3205 1518 3656 1588 προσδεχόμενοι.

381 1616 476 1671 hic
522 1626 698 1672 status
741 1617 864 1672 fuit.
903 1619 1226 1674 Ariarathes
1273 1637 1369 1675 rex
1416 1637 1741 1692 germanum
1791 1622 1966 1677 ﬁlium

2081 1611 2195 1662 τότε
2236 1613 2330 1662 καὶ
2373 1610 2518 1663 πάνυ
2549 1611 2743 1664 τούτου
2774 1614 2962 1682 τυχεῖν
3007 1609 3343 1672 ἐσπούδαζον
3365 1622 3378 1634 ·
3415 1611 3510 1659 καὶ
3545 1605 3661 1659 ἐτυ-

383 1708 577 1763 habuit
615 1709 965 1766 Ariarathem
1005 1725 1020 1764 ε
1069 1723 1199 1766 ante
1235 1727 1399 1782 quem
1433 1721 1789 1783 susceptum,
1830 1730 1970 1768 uxor

2081 1715 2169 1769 χον
2201 1699 2302 1770 τῆς
2333 1701 2590 1772 σπουδῆς,
2623 1703 2739 1757 ἀλλ’
2773 1704 2894 1772 ὀψέ.
2932 1704 3042 1756 Καὶ
3081 1705 3198 1766 τοῖς
3248 1699 3463 1770 Κρησὶν
3501 1698 3664 1770 ώργί-

379 1802 501 1872 ejus
547 1802 712 1872 longo
775 1809 1026 1871 tempore
1067 1801 1227 1874 46],
1278 1803 1520 1868 sterilis,
1587 1804 1968 1875 Orophernem

2081 1789 2230 1853 ἷοντο
2259 1793 2359 1862 μὲν
2399 1794 2450 1845 οἱ
2494 1791 2780 1864 Ῥωμαῖοι,
2815 1796 3082 1857 ἱκετείαις
3111 1793 3169 1846 δέ
3204 1791 3426 1854 πολλαῖς
3462 1807 3664 1860 χρησαο

383 1885 674 1962 adoptarat
711 1909 727 1947 :
757 1893 853 1962 qui
902 1893 1105 1948 deinde
1148 1903 1278 1948 nato
1326 1895 1596 1965 legitimo,
1624 1905 1852 1966 propter
1887 1897 1972 1950 in-

2081 1883 2260 1953 μένοις
2293 1883 2515 1954 ἁφῆκάν
2548 1903 2682 1940 ποτε
2711 1886 2811 1956 τὴν
2841 1888 3034 1958 ὀργήν.
3069 1888 3178 1940 Καὶ
3207 1887 3234 1937 ό
3271 1883 3550 1954 Προυσίας
3605 1883 3662 1934 δὲ

381 1985 654 2039 sidiarum
707 1984 1083 2053 suspicionem
1140 1985 1376 2056 pulsus,
1447 1995 1570 2057 post
1661 1988 1971 2046 Ariarathis

2081 1976 2168 2028 καὶ
2192 1977 2219 2028 6
2252 1976 2524 2048 Εὐμένης,
2555 1980 2583 2032 6
2610 1978 2710 2048 μὲν
2740 1979 2808 2033 δι’
2835 1980 3032 2032 ἐαυτοῦ
3064 1979 3145 2042 εἰς
3174 1978 3273 2048 τὴν
3303 1976 3458 2028 πόλιν
3492 1973 3664 2027 ἐλθὼν

383 2077 598 2131 obitum
630 2085 822 2130 contra
863 2076 1092 2131 fratrem
1136 2076 1458 2133 iusurrexit.
1496 2081 1774 2136 Ariarathi
1807 2098 1970 2152 opem

2081 2069 2168 2120 καὶ
2203 2070 2284 2132 είς
2324 2069 2386 2122 τό
2423 2069 2811 2142 βουλευτήριον
2836 2070 3125 2136 εἰσελθὼν,
3161 2073 3253 2123 καὶ
3284 2069 3376 2122 τὸν
3403 2067 3556 2120 οὐδὸν
3584 2083 3668 2134 φι-

379 2169 512 2222 tulit
563 2169 864 2234 Eumenes,
904 2167 1216 2238 Oropherni
1267 2168 1439 2240 Syriae
1510 2186 1603 2224 rex
1636 2172 1966 2228 Demetrius.

2081 2161 2267 2234 λήσας,
2303 2163 2398 2216 καὶ
2423 2165 2814 2234 προσκυνήσας
2850 2163 2979 2226 τοὺς
3002 2163 3320 2232 βουλευτὰς,
3362 2160 3569 2229 ἠλεήθη
3605 2175 3664 2210 τε

379 2257 705 2314 Ariarathes
747 2257 926 2311 victus
954 2257 1021 2311 ad
1058 2258 1339 2313 Romanos
1378 2260 1646 2336 confugit,
1673 2261 1740 2315 ab
1771 2263 1964 2333 eisque

2081 2255 2166 2306 καὶ
2179 2253 2420 2326 ηθώωτο.
2451 2255 2701 2324 Εὐμένης
2742 2254 2798 2306 δὲ
2826 2255 2894 2308 δι’
2918 2253 3180 2308 Ἀττάλου
3205 2253 3300 2305 τοῦ
3336 2251 3571 2321 ἀδελφοῦ
3603 2251 3665 2304 τὸ

384 2366 494 2404 una
529 2364 655 2403 cum
693 2347 1017 2418 Oropherne
1060 2364 1291 2420 regnare
1328 2351 1541 2421 jussus,
1600 2352 1728 2421 quia
1777 2350 1967 2422 populi

385 2439 620 2492 Romani
663 2437 876 2491 amicus
915 2446 972 2492 et
1015 2438 1202 2493 socius
1254 2441 1561 2508 appellatus
1596 2451 1751 2506 erat,
1791 2450 1967 2494 totum

382 2530 678 2600 imperium
722 2529 828 2584 sibi
874 2529 1198 2584 vindicavit.
1241 2530 1421 2599 Atque
1456 2531 1672 2586 Attalus
1705 2532 1970 2586 Eumenis

2076 2352 2153 2416 μή
2189 2365 2242 2400 τι
2275 2351 2639 2418 μνησικακεῖν
2689 2347 2842 2418 αύτῷ
2882 2347 3098 2417 εἴληφε.
3142 2347 3277 2400 Τότε
3320 2346 3377 2398 δὲ
3422 2347 3516 2398 καὶ
3564 2344 3666 2413 τῆς

2075 2439 2478 2502 Καππαδοκίας
2513 2438 2658 2492 οὕτω
2692 2439 2964 2510 διῳκήθη.
3015 2437 3350 2510 Ἀριαράθης
3382 2438 3410 2490 6
3460 2436 3667 2504 ταύτης

2075 2530 2296 2602 κρατῶν
2345 2533 2510 2585 παῖδα
2559 2534 2782 2602 γνήσιον
2833 2531 2993 2602 ἔσχεν
3055 2531 3414 2602 Ἀριαράθην.
3455 2528 3592 2599 Πρὶν
3621 2527 3669 2580 δ’

383 2637 696 2689 successor,
756 2621 1139 2712 Orophernem
1204 2631 1261 2679 et
1299 2624 1639 2680 Demetrium
1687 2624 1975 2696 Cappado-

2081 2623 2370 2692 ἐσχηκέναι
2417 2624 2607 2689 αὑτὸν,
2641 2625 2765 2677 ἐπεὶ
2812 2625 2980 2678 πολῦν
3025 2624 3218 2694 χρόνον
3250 2627 3282 2693 ή
3327 2623 3467 2691 γυνὴ
3495 2618 3666 2674 αὑτοῦ

381 2717 470 2770 cia
511 2729 744 2784 prorsus
771 2713 976 2784 exegit.

2081 2716 2176 2768 οὐκ
2207 2716 2454 2779 ἐκύῖσκε,
2484 2717 2653 2770 παῖδα
2685 2718 3158 2788 προσεποιήσατο,
3195 2717 3536 2787 Ὀροφέρνην
3567 2731 3668 2766 κα-

379 2810 609 2864 λέσασα.
661 2811 1024 2881 Γεννηθέντος
1069 2809 1336 2868 δ’ἔπειτα
1364 2811 1456 2866 τοῦ
1501 2811 1753 2883 γνησίου,
1785 2810 2063 2883 φωραθεὶς
2136 2813 2347 2876 ἐκεῖνος
2408 2811 2671 2882 ἐξηλάθη,
2700 2813 2758 2875 ὃς
2823 2814 2966 2882 μετὰ
2987 2812 3080 2865 τὸν
3112 2809 3442 2880 Ἀριαράθου
3502 2811 3670 2864 θάναο

383 2924 498 2972 τον,
527 2907 605 2976 τῷ
647 2906 865 2978 ἀδελφῷ
908 2907 1072 2976 δῆθεν
1097 2907 1416 2978 δέπανέστη.
1465 2908 1574 2962 Kal
1623 2907 1970 2976 συνεμάχουν
2014 2905 2322 2979 Ἀριαράθῃ
2366 2907 2467 2976 μὲν
2540 2907 2816 2979 Εὐμένης,
2897 2908 3201 2978 Ὀροφέρνῃ
3247 2907 3304 2960 δέ
3353 2906 3669 2976 Δημήτριος

382 3001 415 3054 ὁ
441 3001 548 3052 τῶν
580 2998 768 3069 Σύρων
819 2999 1097 3070 βασιλεύς.
1145 2999 1503 3062 Ἐλαττωθεὶς
1536 3001 1592 3052 δὲ
1636 2998 1970 3070 Ἀριαράθης
2011 2999 2149 3068 πρὸς
2189 2999 2318 3062 τοὺς
2410 3000 2715 3070 Ῥωμαίους
2778 3001 3076 3072 κατέφυγε,
3123 3001 3218 3054 καὶ
3293 2999 3550 3061 κοινωνὸς
3590 2996 3669 3066 τῷ

397 3094 704 3168 Ὀροφέρνῃ
749 3096 851 3164 τῆς
903 3094 1184 3165 βασιλείας
1241 3093 1334 3146 ὑπ’
1397 3093 1581 3146 αὐτῶν
1634 3093 2008 3152 ἀποδέδεικτο.
2054 3095 2177 3146 Ὀτι
2253 3094 2311 3148 δὲ
2359 3096 2388 3146 6
2448 3096 2782 3166 Ἀριαράθης
2843 3095 3312 3166 τοῖςιῬωμαίοις
3365 3093 3519 3162 φίλος
3575 3092 3670 3146 καὶ

387 3193 672 3262 σύμμαχος
717 3193 1152 3262 προσηγόρευτο,
1191 3192 1371 3243 πᾶσαν
1412 3192 1618 3251 ἐκεῖνος
1664 3189 1762 3258 τὴν
1795 3191 1973 3260 ἀρχὴν
2015 3190 2080 3242 ἐκ
2145 3191 2336 3244 τούτου
2410 3191 2896 3264 προσῳκειώσατο.
2934 3191 3044 3244 Kal
3097 3194 3126 3245 6
3178 3191 3444 3254 ’Δτταλος
3491 3190 3548 3242 δὲ
3579 3190 3669 3242 τὸν

386 3288 606 3357 Εὐμένη
659 3285 894 3338 θανόντα
943 3284 1350 3353 διαδεξάμενος,
1383 3284 1476 3335 τόν
1545 3301 1604 3335 τε
1646 3283 1983 3354 Ὀροςρέρνην
2048 3283 2144 3336 καὶ
2208 3287 2522 3357 Δημτήριον
2553 3286 2834 3350 παντελῶς
2858 3288 2922 3339 ἐκ
2947 3287 3046 3356 τῆς
3077 3286 3481 3349 Καππαδοκίας
3521 3286 3670 3357 ἀπή-

387 3386 573 3437 λασεν.
759 3389 772 3399 ’
2114 3435 2118 3439 .

460 3478 626 3534 XXV.
704 3475 922 3547 [Egypti
979 3491 1076 3530 rex
1131 3474 1459 3528 Ptolemteus
1522 3474 1786 3539 moriens,
1836 3474 1976 3530 duos

2157 3473 2287 3529 ΚΕό
2333 3475 2392 3527 ’0
2421 3473 2479 3526 δὲ
2509 3477 2609 3544 τῆς
2631 3473 2908 3542 Αἰγύπτου
2934 3473 3156 3543 κρατῶν
3181 3474 3296 3546 (52)
3333 3473 3688 3544 Πτολεμαῖος

390 3574 533 3629 ﬁlios
551 3580 605 3625 et
642 3585 807 3624 unam
843 3567 1068 3636 reliquit
1101 3565 1290 3620 ﬁliam.
1331 3565 1618 3619 Fratribus
1655 3575 1839 3620 autem
1895 3567 1979 3620 in-

393 3677 480 3720 ter
518 3680 578 3720 se
609 3666 677 3717 de
705 3676 887 3732 regno
923 3658 1416 3724 contendentibus,
1453 3657 1762 3713 Antiochus
1801 3658 1979 3728 Magni

388 3756 648 3816 Antiochi
705 3753 852 3808 ﬁlius
878 3761 1009 3806 natu
1043 3751 1316 3805 minorem
1351 3751 1572 3820 pulsum
1609 3751 1878 3820 suscepit,
1920 3761 1980 3806 ut

388 3868 490 3924 per
512 3851 634 3921 ejus
674 3844 1011 3902 defendendi
1058 3843 1320 3914 speciem,
1356 3843 1569 3898 aditum
1597 3843 1652 3897 in
1680 3842 1979 3915 Egyptum

393 3945 626 3998 haberet
656 3959 668 3994 :
712 3937 1068 4006 adductoque
1101 3933 1374 3997 exercitu,
1428 3934 1666 3987 maxima
1700 3943 1858 4003 parte
1887 3949 1981 3988 oe-

391 4046 616 4106 cupata,
655 4030 875 4086 obsedit
905 4026 1320 4084 Alexandriam.
1371 4025 1511 4082 Cum
1553 4036 1740 4082 autem
1780 4025 1979 4096 reliqui

291 4141 297 4146 '
393 4129 461 4185 ad
492 4129 773 4186 Romanos
803 4122 1204 4192 confugissent,
1245 4119 1495 4190 Popilius
1525 4120 1596 4174 ad
1641 4119 1980 4176 Antiochum

393 4224 620 4288 missus,
647 4234 776 4276 eum
806 4215 1041 4288 Egypto
1063 4213 1346 4268 abstinere
1371 4213 1558 4285 jussit.
1580 4211 1805 4268 Fratres
1831 4213 1982 4268 enim

396 4313 679 4370 intellecto
710 4309 862 4365 illius
894 4305 1150 4371 consilio,
1183 4304 1239 4360 iu
1271 4305 1503 4376 gratiam
1535 4303 1834 4360 redierant.
1867 4303 1984 4359 An-

401 4405 585 4460 tiocho
627 4414 957 4472 responsum
995 4396 1316 4461 diﬁ'erente,
1356 4397 1511 4466 virga
1544 4395 1985 4464 circumscripsit

399 4512 582 4566 regem
613 4511 628 4548 :
684 4507 749 4546 ac
784 4491 1114 4562 priusquam
1142 4503 1210 4542 eo
1241 4487 1452 4542 circulo
1485 4486 1812 4551 excederet,
1853 4485 1986 4539 deli-

401 4593 626 4655 berare,
657 4601 722 4640 ac
759 4597 1089 4654 responsum
1123 4579 1358 4636 reddere
1397 4581 1582 4651 jussit.
1621 4579 1696 4634 Ea
1741 4594 1801 4634 re
1825 4580 1986 4634 terri-

401 4693 494 4737 tus
527 4676 852 4739 Antiochus,
902 4671 1254 4727 obsidionem
1303 4671 1494 4725 solvit.
1542 4669 1788 4724 Externo
1837 4681 1984 4728 metu

399 4769 622 4829 liberati
657 4764 962 4828 Ptolemaei,
990 4762 1175 4817 denuo
1205 4759 1685 4824 etdissenserunt,
1728 4767 1784 4813 et
1813 4773 1843 4812 a
1875 4759 1986 4812 Ro-

2081 3569 2179 3620 ἐπὶ
2207 3567 2360 3620 δυσὶν
2411 3567 2551 3619 υἱέσι
2598 3569 2692 3619 καὶ
2733 3569 2831 3637 μιᾷ
2881 3568 3097 3633 ἐξέλιπε
3158 3567 3416 3638 θυγατρί.
3480 3569 3573 3631 Ὠς
3613 3567 3673 3622 δὲ

2083 3660 2221 3731 πρὸς
2251 3658 2520 3728 ἀλλήλους
2551 3659 2600 3710 οἱ
2635 3658 2857 3727 ἀδελφοὶ
2902 3660 3032 3727 περὶ
3075 3658 3176 3728 τῆς
3208 3661 3386 3729 ἀρχῆς
3411 3659 3672 3713 ἐστασία-

2084 3770 2206 3817 σαν,
2252 3753 2526 3822 Ἀντίοχος
2567 3753 2597 3804 6
2645 3750 2742 3804 τοῦ
2808 3752 3050 3822 μεγάλου
3106 3751 3384 3822 Ἀντιόχου
3433 3753 3549 3815 υἱϋς
3576 3751 3670 3806 τὸν

2079 3843 2351 3898 νεώτατον
2409 3841 2715 3895 ἐκπεσόντα
2771 3841 3006 3906 ἐδέξατο,
3075 3842 3161 3896 ἵνα
3247 3845 3522 3914 προφάσει
3571 3845 3669 3899 τοῦ

2081 3936 2232 4006 αὐτῷ
2261 3934 2496 4005 ἀμύνειν
2527 3937 2607 3998 είς
2640 3935 2708 3988 τὰ
2742 3934 2851 3988 τῶν
2876 3936 3194 4003 Αἰγυπτίων
3225 3937 3510 4005 παρέλθοι.
3555 3939 3667 3993 Καὶ

2084 4028 2422 4100 στρατεύσας
2447 4031 2540 4082 ἐπὶ
2560 4027 2659 4100 τὴν
2692 4029 2969 4098 Αἴγυπτον
2991 4031 3090 4099 τῆς
3121 4048 3178 4083 τε
3202 4030 3447 4094 πλείονος
3480 4030 3670 4102 χώρας

2083 4122 2380 4192 ἐκράτησε,
2411 4121 2508 4176 xal
2547 4121 2858 4192 ἐπολιόρκει
2881 4122 2982 4191 τὴν
3021 4121 3453 4192 Ἀλεξάνδρειαν.
3485 4125 3672 4177 Κατα-

2083 4214 2365 4283 φυγόντων
2392 4213 2450 4268 δὲ
2479 4213 2589 4267 τῶν
2617 4213 2793 4268 ἄλλων
2835 4215 2971 4285 πρὸς
2992 4215 3119 4277 τοὺς
3155 4215 3487 4284 Ῥωμαίους,
3520 4232 3670 4287 πεμ-

2083 4303 2243 4372 φθεὶς
2287 4303 2423 4374 πρὸς
2471 4303 2564 4356 τὸν
2617 4303 2889 4373 Ἀντίοχον
2927 4305 2956 4356 6
3011 4303 3287 4366 Ποπίλιος,
3328 4304 3669 4374 ἀποσχέσθαι

2083 4394 2247 4449 αὑτὸν
2304 4395 2404 4464 τῆς
2451 4394 2734 4463 Αἰγύπτου
2765 4395 3071 4449 ἐκέλευσεν.
3128 4397 3192 4449 Οἱ
3254 4396 3362 4468 γὰρ
3421 4396 3670 4465 ἀδελφοὶ,

2087 4485 2340 4548 συνέντες
2365 4485 2465 4556 τὴν
2492 4485 2587 4539 τοῦ
2629 4485 2904 4556 Ἀντιόχου
2927 4487 3187 4550 διάνοιαν,
3221 4487 3672 4558 κατηλλάγησαν.

2098 4578 2189 4641 Ὠς
2235 4577 2280 4630 δ’
2327 4579 2536 4642 ἐκεῖνος
2590 4579 2887 4649 ὑπερέθετο
2937 4579 3036 4651 τὴν
3083 4581 3414 4652 ἀπόκρισιν,
3467 4579 3671 4634 κύκλον

2089 4667 2272 4739 ῥάϐδῳ
2325 4667 2485 4738 πέριξ
2532 4667 2700 4720 αὑτοῦ
2755 4669 3122 4739 περιέγραφε,
3176 4668 3457 4724 κάνταῦθα
3505 4669 3670 4724 αὐτὸν

2089 4760 2359 4830 ἑστηκότα
2411 4757 2660 4829 ἁπῄτησε
2696 4759 3090 4830 βουλεύσασθαί
3132 4778 3192 4813 τε
3241 4763 3336 4814 καὶ
3370 4760 3674 4830 ἀποκρίνα-

406 4862 588 4920 manis
627 4853 970 4914 reconciliati
1003 4859 1171 4908 sunt:
1199 4861 1260 4907 ut
1285 4859 1423 4906 nata
1454 4851 1629 4922 major
1659 4849 1894 4922 [Egypto
1929 4861 1976 4905 et

2091 4849 2237 4903 σθαι.
2273 4847 2556 4902 Ἐντεῦθεν
2597 4848 2780 4912 δείσας
2813 4851 2842 4902 6
2889 4850 3161 4921 Ἀντίοχος
3202 4850 3302 4916 τὴν
3347 4851 3672 4920 πολιορκίαν

397 4957 611 5028 Cypro,
653 4948 884 5020 Cyrenis
917 4959 1048 5000 vero
1092 4943 1282 5015 junior
1331 4943 1622 5013 potiretur.
1678 4943 1815 4998 Nam
1870 4943 1987 4998 haec

402 5060 625 5120 quoque
657 5049 786 5096 itum
837 5036 1216 5110 {Egyptiorum
1264 5042 1445 5090 erant.
1485 5033 1681 5088 Junior
1715 5049 1846 5088 vero
1881 5034 1989 5088 ini-

397 5156 511 5212 que
551 5148 740 5192 secum
774 5130 860 5201 agi
891 5127 1237 5190 existimans,
1268 5125 1499 5180 Romam
1543 5125 1845 5194 profectus,
1882 5125 1987 5196 Cy-

403 5246 568 5305 prum
613 5227 782 5283 etiam
835 5220 1174 5293 impetravit.
1221 5217 1292 5272 At
1321 5219 1506 5272 senior
1537 5217 1721 5271 denuo
1751 5232 1876 5272 cum
1917 5233 1986 5273 eo

407 5336 620 5396 pactus,
648 5333 748 5390 pro
775 5315 954 5387 Cypro
987 5311 1154 5368 urbes
1182 5310 1447 5382 quasdam
1481 5317 1537 5364 et
1563 5308 1900 5364 frumentum
1932 5309 1986 5364 ei

403 5413 725 5487 assignavit.
769 5406 1045 5464 Antiocho
1105 5419 1235 5475 rege
1287 5410 1526 5466 mortuo,
1579 5400 1810 5454 Romani
1871 5400 1983 5455 ﬁlio

395 5509 655 5580 ejusdem
690 5501 933 5560 nominis
968 5512 1197 5570 regnum
1239 5494 1660 5558 confirmarunt,
1711 5492 1874 5562 eique
1909 5491 1982 5547 ob

2091 4940 2412 4995 κατέλυσεν.
2457 4941 2894 5010 Ἀπαλλαγέντες
2935 4943 2991 4996 δέ
3028 4941 3124 4994 τοῦ
3175 4941 3375 5008 ἔξωθεν
3421 4943 3589 5012 φόϐου
3618 4944 3673 4996 οι

2090 5033 2419 5104 Πτολεμαῖοι
2449 5033 2615 5099 (οὕτω
2644 5035 2754 5104 γάρ
2803 5035 3099 5088 ἐκαλοῦντο
3141 5037 3473 5107 ἀμφότεροι)
3511 5033 3673 5101 αὖθις

2089 5125 2462 5192 ἐστασίασαν,
2518 5121 2638 5178 εἶτα
2692 5126 3107 5198 συνηλλάγησαν
3173 5125 3332 5192 αὖθις
3397 5129 3502 5182 ὑπὸ
3561 5128 3673 5181 τῶν

2105 5215 2415 5285 Ῥωμαίων,
2448 5213 2533 5284 ἐφ’
2560 5207 2606 5283 ᾧ
2632 5214 2722 5270 τὸν
2747 5216 2847 5286 μὲν
2870 5218 3244 5289 πρεσϐύτερον
3266 5221 3367 5292 τὴν
3392 5221 3672 5288 Ατγυπτον

2095 5307 2191 5360 καὶ
2229 5305 2329 5378 τὴν
2362 5307 2610 5378 Κύπρον,
2642 5308 2709 5361 τά
2739 5307 2798 5360 δὲ
2827 5310 2954 5379 περὶ
2979 5310 3078 5381 τὴν
3109 5312 3368 5382 Κυρήνην
3396 5313 3538 5384 ἔχειν
3572 5311 3670 5365 τὸν

2091 5400 2300 5470 ἕτερον.
2352 5401 2461 5452 Kal
2517 5400 2692 5454 ταῦτα
2739 5402 2848 5472 γὰρ
2889 5403 3012 5455 τότε
3059 5404 3169 5455 τῶν
3215 5405 3532 5472 Αἰγυπτίων
3575 5403 3669 5477 ἦν.

2103 5491 2454 5562 Ἀγανακτῶν
2493 5491 2540 5544 δ’
2583 5493 2612 5546 6
2656 5493 2916 5557 νεώτερος
2961 5493 3049 5546 διὰ
3099 5496 3198 5566 τὴν
3247 5497 3559 5564 ἐλάττωσιν,
3611 5499 3673 5564 ἐς

1640 5631 1837 5692 Variae
1870 5629 2180 5694 lectiones
2215 5639 2276 5694 et
2305 5639 2498 5696 notae.

473 5764 590 5835 (5'2)
637 5767 691 5820 Ὀ
715 5765 782 5819 δὲ
807 5764 917 5833 τῆς
959 5764 1257 5834 Αἰγύπτου
1285 5759 1541 5830 κρατῶν.
1597 5759 1733 5816 Vide
1764 5758 1976 5815 llenric.

2081 5761 2297 5818 tlesium
2323 5760 2391 5816 ad
2418 5760 2646 5818 Diodori
2668 5760 2845 5818 Siculi
2879 5770 3158 5833 excerpta,
3193 5776 3252 5832 p.
3285 5760 3377 5817 50.
