4024 6462
316 472 429 535 785

1601 477 2013 538 ANNALIUM
2055 477 2202 536 LIB.
2246 477 2357 537 IX.

3485 481 3609 545 786
3676 537 3683 544 .

314 589 416 655 τήν
464 585 686 657 Ῥώμην
741 587 990 656 ἀφίκετο,
1025 586 1119 641 καὶ
1163 588 1364 659 εὕρατο
1406 589 1536 659 παρ’
1583 588 1765 642 αὐτῶν
1814 591 1940 651 καὶ,

2045 602 2263 643 encram
2305 595 2521 642 aetatem
2557 571 2789 654 scilicet,
2815 596 2928 643 tres
2956 595 3244 645 curatores
3289 589 3595 646 miserunt:

317 678 420 747 τὴν
461 679 708 751 Κύπρον.
770 680 831 733 Ὀ
877 679 934 731 δὲ
983 679 1357 751 πρεσϐύτερος
1406 681 1710 751 συμϐάσεις
1758 682 1915 737 ἔθετο

321 767 480 835 αὖθις
515 773 653 843 πρδς
700 772 794 826 τὸν
819 772 1109 842 νεώτερον,
1143 773 1328 837 πόλεις
1357 772 1417 828 τέ
1444 791 1601 838 τινας
1645 776 1771 829 ἀντὶ
1815 776 1916 846 τῆς

323 865 557 935 Κύπρου
605 865 750 933 δοὺς,
801 865 896 919 καλ⁹
953 866 1216 936 χρήματα
1267 866 1362 919 καὶ
1414 871 1561 922 σῖτον
1613 868 1916 938 ταξάμενος

323 956 624 1010 συντελεῖν.
659 956 767 1009 Τοῦ
795 955 840 1009 δ’
883 956 1158 1027 ’Λντιόχου
1181 957 1543 1037 τελευτῶντος
1561 967 1702 1030 μετὰ
1731 961 1914 1025 τοῦτο,

326 1047 423 1099 καὶ
475 1048 628 1099 παιδὶ
679 1045 958 1117 ὁμωνύμῳ
1001 1048 1103 1120 τὴν
1153 1046 1434 1119 βασιλείαν
1493 1052 1912 1117 καταλιπόντος,

321 1140 529 1208 ταύτην
558 1156 616 1191 τε
649 1139 800 1207 αὖτῷ
832 1141 1197 1207 ἐϐεϐαίωσαν,
1230 1141 1326 1196 καὶ
1367 1145 1518 1216 τρεῖς
1561 1146 1764 1217 ἄνδρας
1798 1149 1919 1200 ἐπι-

324 1231 564 1297 τρόπους
614 1230 775 1300 δῆθεν
820 1230 1042 1301 (μικρὸς
1082 1231 1191 1303 γὰρ
1344 1231 1621 1303 ἔπεμψαν,
1654 1234 1726 1298 οἳ,
1765 1235 1925 1306 παρὰ.

322 1323 423 1402 τᾲς
452 1322 728 1391 συνθήκας
759 1323 1013 1394 εὑρόντες
1039 1324 1343 1393 ἐλέφαντας
1369 1326 1464 1380 καὶ
1493 1327 1760 1398 τριήρεις,
1786 1328 1920 1392 τούς

325 1432 383 1467 τε
408 1402 709 1484 ἐλέᾦαντας
738 1417 1019 1486 σφαγῆναι
1051 1418 1257 1481 πάντας
1283 1419 1605 1484 ἐκέλευσαν,
1633 1422 1728 1474 καὶ
1749 1421 1921 1475 τᾶλλα

327 1508 467 1577 πρὶς
516 1509 579 1561 τὸ
633 1510 698 1579 τῇ
745 1507 959 1588 ⁴Ῥώμῃ
1016 1510 1299 1582 συμφέρον
1346 1511 1647 1583 διῴκησαν.
1710 1514 1922 1583 Διάπερ

332 1600 534 1658 Λυσίας
577 1599 606 1650 δ
634 1599 728 1652 τοῦ
767 1598 1035 1668 βασιλέως
1063 1600 1165 1671 τὴν
1231 1601 1566 1672 κηδεμονίαν
1612 1604 1923 1674 ἐγκεχειρι-

328 1692 525 1759 σμένος
581 1690 866 1762 παρώξυνε
917 1693 978 1745 τὸ
1028 1693 1255 1762 πλῆθος,
1288 1694 1541 1748 ἐκϐαλεῖν
1598 1697 1725 1760 τοὺς
1787 1696 1925 1751 Ῥω-

331 1783 549 1854 μαίους,
578 1782 669 1836 τδν
703 1784 761 1837 δὲ
806 1785 969 1838 Γάϊον
999 1784 1092 1838 τὸν
1133 1785 1425 1840 Ὀκτάϐιον
1455 1787 1550 1840 καὶ
1580 1788 1923 1846 ἀποκτεῖναι.

2017 681 2111 751 qui
2142 695 2269 736 cum
2303 689 2506 751 pi-aater
2530 690 2692 750 pacta
2717 690 2774 737 et
2799 690 3073 737 conventa
3117 681 3372 737 triremes
3398 694 3455 737 et
3483 684 3597 738 ele-

2019 774 2261 846 phantos
2306 772 2671 834 invenissent.
2720 773 2931 829 belluas
2961 774 3139 829 occidi
3174 775 3502 846 jusserunt,
3537 788 3603 829 ac

2018 874 2239 922 caatera-
2277 880 2347 921 ex
2401 865 2781 920 Romanorum
2826 864 3067 920 utilitate
3118 864 3602 920 administrarunt.

2019 958 2136 1022 Qua
2174 958 2244 1014 de
2287 974 2456 1014 causa
2495 957 2718 1030 Lysias,
2745 958 2833 1014 cui
2890 958 3036 1030 regis
3090 958 3262 1013 tutela
3307 957 3603 1013 commissa

2019 1060 2179 1115 erat,
2236 1051 2505 1121 populum
2553 1050 2873 1112 concitavit.
2922 1059 2985 1104 ut
3026 1050 3308 1104 Romanos
3350 1049 3601 1120 ejiceret,

2019 1144 2210 1201 Caium
2242 1161 2375 1201 vero
2404 1145 2691 1201 Octavium
2730 1143 3031 1200 occideret.
3068 1144 3164 1196 llis
3210 1142 3388 1206 factis,
3419 1142 3619 1196 statim.

2022 1240 2234 1310 legatos
2266 1239 2498 1293 Romam
2519 1237 2690 1303 misit,
2718 1235 2853 1293 utid
2870 1237 3086 1291 facinus
3105 1244 3385 1306 purgaret.
3408 1235 3606 1288 Deme-

2026 1332 2168 1387 trius
2194 1340 2378 1388 autem
2431 1330 2649 1386 Seleuci
2697 1329 2843 1385 filius
2881 1327 3141 1384 Antiochi
3181 1342 3374 1393 nepos,
3421 1326 3621 1380 Batnae

2024 1424 2186 1480 obses
2231 1433 2480 1495 tempore
2517 1421 2930 1495 “apaterni
2966 1420 3186 1485 obitus,
3235 1419 3305 1473 ab
3333 1417 3614 1472 Antiocho

2028 1527 2230 1589 patruo
2272 1530 2442 1587 regno
2480 1515 2774 1585 spoliatus,
2801 1529 2927 1570 cum
2954 1515 3079 1586 ejus
3109 1513 3339 1569 interitu
3361 1510 3611 1579 cognito.

2026 1619 2326 1681 paternum
2352 1623 2584 1678 regnum
2618 1616 2923 1679 repeteret,
2956 1623 2987 1662 a
3014 1615 3210 1661 senatu
3241 1620 3347 1660 nec
3368 1604 3612 1675 adjutus,

2027 1718 2131 1759 nec
2161 1703 2334 1757 Roma
2365 1703 2519 1759 exire
2556 1701 2699 1757 situs
2721 1709 2827 1756 est.
2875 1699 3032 1767 Quod
3055 1699 3312 1770 quamvis
3331 1712 3475 1768 πει-θ
3502 1696 3615 1751 fer-

2029 1803 2135 1860 ret,
2169 1806 2354 1851 tamen
2387 1794 2626 1862 quievit.
2652 1793 2928 1850 Caaterum
2956 1807 3085 1849 eum
3115 1790 3309 1864 Lysias
3335 1790 3425 1845 illa
3454 1789 3619 1844 fecis-

330 1876 440 1929 Καὶ
482 1875 693 1931 τούτων
726 1878 1069 1947 γενομένων,
1108 1879 1137 1931 ό
1185 1877 1287 1948 μὲν
1336 1877 1599 1948 πρέσϐεις
1631 1879 1797 1942 εὐθὺς
1845 1880 1927 1945 είς

2045 1894 2135 1951 set,
2166 1884 2308 1939 nihil
2333 1894 2628 1940 cunctatus
2653 1883 2828 1939 Roma
2895 1880 3176 1952 profugit:
3224 1887 3283 1933 et
3344 1876 3412 1931 ad
3454 1889 3619 1930 sena-

330 1969 430 2036 τὴν
489 1966 715 2038 Ῥώμην
766 1968 1090 2023 ἀπέστειλεν
1146 1970 1287 2040 ὑπὲρ
1345 1970 1452 2024 τῶν
1510 1971 1925 2043 πεπραγμένων

2045 1989 2148 2032 Lum
2196 1992 2228 2033 e
2262 1975 2433 2049 Lycia
2457 1974 2706 2045 scripsit.
2736 1988 2796 2030 se
2821 1988 2931 2028 non
2957 1982 3151 2028 contra
3176 1969 3484 2041 patruelem
3506 1969 3621 2021 An.

332 2059 773 2128 ἀπολογούμενος
806 2076 820 2092 °
845 2061 1161 2132 Δημήτριος
1194 2061 1252 2115 δὲ
1296 2063 1324 2114 ό
1358 2062 1628 2117 Σελεύκου
1674 2063 1789 2127 υίὸς
1829 2063 1924 2118 τοῦ

333 2149 523 2212 παιδὸς
572 2149 850 2220 Ἀντιόχου
881 2151 1176 2221 ὁμηρεύων
1207 2154 1264 2205 ἐν
1308 2153 1499 2225 Ῥώμῃ
1529 2154 1672 2208 κατά
1700 2154 1792 2208 τὸν
1829 2152 1927 2208 τοῦ

334 2240 543 2310 πατρός
572 2240 833 2304 θάνατον,
874 2243 971 2295 καὶ
1016 2242 1124 2296 ὑπὸ
1176 2243 1454 2313 ’Λντιόχου
1503 2244 1598 2297 τοῦ
1633 2245 1781 2297 θείου
1825 2244 1926 2314 τῆς

336 2331 620 2401 βασιλείας
650 2335 1045 2405 ἐστερημένος,
1076 2335 1153 2399 ὡς
1182 2336 1273 2389 τὸν
1313 2337 1409 2390 τοῦ
1464 2338 1739 2407 Ἀντιόχου
1765 2338 1929 2392 θάνα-

340 2444 434 2481 τον
462 2428 627 2497 ἔγνω,
654 2430 777 2502 ⁴ᾔτει
816 2431 915 2501 μὲν
954 2430 1054 2502 τὴν
1095 2431 1360 2503 πατρῴαν
1399 2433 1576 2503 ἀρχήν
1601 2448 1616 2463 °
1644 2433 1693 2484 οί
1721 2432 1777 2485 δὲ
1804 2432 1928 2486 οὔτε

337 2520 545 2590 ταύτην
573 2523 724 2593 αὐτῷ
761 2524 1130 2595 συνέπραξαν,
1166 2524 1278 2579 οὒτ’
1309 2528 1520 2594 ἀπᾶραι
1560 2528 1659 2595 τῆς
1710 2525 1929 2597 Ῥώμης

337 2613 664 2684 ἐπέτρεψαν.
699 2616 808 2669 Καὶ
833 2615 891 2679 ὃς
918 2618 1013 2670 καὶ
1050 2617 1423 2687 δυσχεραίνων
1451 2618 1600 2688 ὅμως
1634 2616 1927 2688 ἡσύχαζεν.

351 2704 505 2758 Ἐπεὶ
544 2706 601 2759 δὲ
645 2708 712 2761 τὰ
753 2709 896 2761 κατὰ
920 2708 1014 2762 τὸν
1042 2710 1252 2763 Λυσίαν
1283 2710 1524 2778 ἐγένετο,
1556 2709 1737 2764 οὐκέτ’
1767 2709 1930 2780 ἐμέλ-

341 2796 531 2864 λησεν,
587 2798 705 2852 ἀλλ’
739 2800 955 2872 ἀπέδρα
984 2816 999 2834 ⁶
1046 2802 1141 2855 καὶ
1183 2803 1248 2854 ἐκ
1288 2801 1501 2866 Λυκίας
1552 2805 1618 2873 τῇ
1666 2801 1931 2874 γερουσία

344 2893 652 2958 ἐπέστειλε,
704 2896 781 2967 μὴ
815 2897 912 2951 ἐπὶ
945 2897 1037 2951 τὸν
1067 2897 1291 2966 ἀνεψιὸν
1321 2897 1412 2952 τὸν
1455 2897 1730 2969 ’Λντίοχον
1769 2897 1934 2968 (οὕτω

346 2985 457 3059 γὰρ
484 2986 534 3040 oi
569 2987 741 3042 πάλαι
758 2989 884 3052 τοὺς
913 2989 1242 3061 ἐξαδέλφους
1268 2990 1546 3061 ἐκάλουν),
1568 2990 1683 3044 ἀλλ’
1719 2990 1814 3043 ἐπὶ
1842 2990 1934 3043 τδν

348 3076 558 3132 Λυσίαν
587 3079 686 3150 τὴν
729 3080 911 3152 ὁρμὴν
946 3081 1121 3154 ἔχειν,
1156 3082 1302 3137 ὥστε
1335 3082 1415 3154 τῷ
1456 3082 1730 3155 Ὀκταϐίῳ
1763 3100 1935 3154 τιμω-

350 3171 562 3240 ρήσειν.
615 3172 704 3238 Ἐς
734 3172 1003 3246 Τρίπολιν
1037 3176 1095 3229 δέ
1128 3176 1231 3247 τῆς
1261 3172 1464 3246 Συρίας
1498 3176 1799 3247 ἐπειχθεὶς,
1841 3179 1935 3230 καὶ

2029 2069 2296 2132 tiochum,
2342 2066 2439 2124 sed
2461 2077 2658 2124 contra
2706 2065 2928 2138 Lysiam
2983 2062 3261 2136 proﬁcisci
3296 2070 3353 2117 et
3406 2056 3622 2116 Octavii

2028 2177 2223 2219 necem
2262 2161 2507 2216 ulturum
2558 2175 2702 2215 esse.
2749 2159 2889 2216 Cum
2933 2157 3205 2228 Tripolim
3243 2153 3416 2227 Syriae
3475 2150 3622 2206 cele-

2031 2254 2169 2309 riter
2206 2253 2311 2309 sibi
2367 2252 2733 2326 adjunxisset,
2799 2261 3061 2321 tanquam
3106 2265 3137 2304 a
3172 2255 3367 2304 senatu
3425 2244 3494 2300 ad
3538 2257 3627 2297 re-

2031 2362 2200 2417 gnum
2265 2345 2652 2415 occupandum
2721 2344 2928 2400 missus
2970 2343 3063 2414 (de
3124 2342 3251 2409 fuga
3306 2339 3456 2395 enim
3503 2338 3629 2408 ejus

2032 2452 2200 2491 nemo
2256 2436 2559 2505 cogitabat)
2604 2444 2662 2493 et
2706 2435 2951 2504 Apamea
2999 2434 3235 2504 potitus,
3287 2426 3639 2501 comparatis-

2033 2529 2210 2599 copiis
2233 2528 2589 2583 Antiochiam
2616 2526 2931 2594 contendit,
2957 2525 3147 2596 ibique
3171 2537 3408 2595 puerum
3432 2528 3494 2576 et
3514 2519 3628 2591 Ly-

2034 2621 2174 2675 siam
2241 2620 2421 2675 amice
2469 2618 2691 2674 obviam
2748 2631 3005 2689 egressos
3039 2616 3442 2689 (Romanorum
3476 2610 3626 2666 enim

2037 2722 2187 2768 metu
2230 2712 2405 2768 armis
2443 2711 2855 2780 abstinuerant)
2891 2708 3197 2765 interfecit.
3240 2708 3433 2777 Regno
3462 2717 3631 2759 recu-

2035 2814 2251 2876 perato,
2278 2818 2540 2860 coronam
2566 2816 2617 2859 et
2640 2802 2854 2859 Octavii
2880 2814 3241 2872 percussores
3264 2800 3498 2854 Romam
3524 2795 3632 2851 mi-

2035 2900 2109 2955 sit
2146 2917 2159 2953 :
2200 2914 2438 2968 quorum
2484 2907 2750 2953 neutrum
2797 2896 3030 2952 Romani
3085 2895 3166 2950 illi
3220 2893 3347 2948 irati
3401 2906 3635 2961 accepe—

2034 3000 2186 3045 runt.
2236 2991 2364 3045 Post
2404 2991 2521 3046 haec
2549 2990 2814 3045 Dalmatis
2866 2988 3075 3045 bellum
3108 2987 3460 3050 intulerunt,
3503 2997 3643 3054 quas

2038 3100 2176 3156 gens
2226 3084 2439 3156 Illyrica
2477 3085 2643 3139 estin
2676 3084 2802 3139 sinu
2830 3082 2988 3139 Ionio
3029 3099 3046 3139 :
3092 3095 3332 3152 quorum
3357 3080 3635 3150 quosdam

2041 3177 2219 3234 Graeci
2250 3176 2576 3233 Taulantios
2617 3168 2930 3243 nominant,
3004 3190 3072 3231 ex
3119 3185 3273 3244 parte
3322 3169 3632 3243 Dyrrachio

347 3261 557 3331 ταύτην
597 3265 1092 3335 προσαγαγόμενος
1121 3267 1198 3331 ὡς
1241 3267 1349 3321 ὑπὸ
1385 3265 1678 3336 Ῥωμαίων
1702 3267 1794 3321 ἐπὶ
1836 3266 1938 3336 τὴν

2045 3269 2281 3326 vicinos.
2331 3270 2465 3326 Belli
2504 3285 2672 3325 causa
2717 3279 2860 3336 erat,
2897 3268 3047 3340 quod
3088 3268 3145 3323 in
3196 3265 3482 3329 finitimos,
3520 3264 3634 3319 Ro-

350 3354 632 3425 βασιλείαν
659 3358 874 3422 σταλεὶς
904 3359 1024 3431 (τὴν
1062 3361 1174 3432 γάρ
1208 3360 1511 3433 ἀπόδρασιν
1559 3360 1727 3415 αὐτοῦ
1761 3360 1940 3426 οὐδεὶς

349 3448 573 3519 ἐνενόει)
612 3450 708 3504 καὶ
750 3452 1058 3521 Ἀπαμείας
1087 3452 1374 3524 κρατήσας
1408 3451 1645 3522 δύναμίν
1682 3470 1742 3507 τε
1778 3469 1940 3508 συνα-

349 3539 557 3608 γαγὼν,
585 3541 680 3593 ἐπὶ
706 3541 809 3613 τὴν
845 3543 1179 3615 Ἀντιόχειαν
1210 3544 1400 3607 ἤλασε,
1433 3543 1529 3597 καὶ
1553 3544 1615 3598 τό
1636 3561 1695 3598 τε
1728 3545 1942 3598 παιδίον

352 3632 449 3685 καὶ
484 3632 580 3699 τὸν
621 3633 829 3688 Λυσίαν
875 3634 1109 3703 φιλικῶς
1158 3637 1585 3706 ἀπαντήσαντας
1636 3634 1785 3706 αὐτῷ
1832 3635 1944 3706 (δε-

351 3721 527 3788 διότες
567 3726 677 3798 γὰρ
710 3727 838 3790 τοὺς
880 3725 1188 3797 Ῥωμαίους
1214 3727 1313 3780 οὐκ
1350 3726 1616 3797 ἁντῆραν)
1644 3726 1942 3798 διέφθειρε,

354 3817 451 3869 καὶ
481 3820 580 3888 τὴν
607 3820 890 3891 βασιλείαν
924 3820 1316 3891 ἀνεκομίσατο,
1355 3821 1458 3874 κάν
1486 3823 1554 3891 τῇ
1596 3818 1784 3891 Ῥώμῃ
1818 3820 1946 3873 στέ-

2051 3361 2230 3417 manis
2264 3362 2474 3418 amicos
2509 3363 2724 3432 injurii,
2753 3377 2854 3419 nec
2875 3362 3254 3417 Romanorum
3290 3357 3485 3429 legatis
3515 3372 3641 3412 meo

2050 3452 2244 3509 dcrate
2280 3455 2729 3524 rcSpondisscnt,
2763 3463 2821 3509 et
2853 3454 3091 3509 aliorum
3139 3453 3351 3523 legatos
3393 3449 3639 3505 occidis-

2051 3552 2194 3599 sent.
2232 3543 2345 3598 llos
2389 3544 2576 3615 Scipio
2616 3544 2811 3598 Nasica
2849 3543 3070 3598 domuit
3100 3557 3115 3596 :
3143 3556 3448 3612 eorumque
3487 3540 3642 3595 urbi-

2054 3635 2159 3689 bus
2180 3634 2531 3705 expugnatis,
2559 3634 2811 3705 captivos
2841 3634 3114 3689 vendidit.
3142 3633 3342 3689 Iisdem
3377 3629 3645 3698 tempori-

2056 3726 2164 3783 bus
2190 3727 2295 3782 alia
2328 3743 2551 3799 quoque
2575 3727 2933 3795 acciderunt,
2966 3728 3232 3783 memoria
3260 3734 3316 3781 et
3341 3725 3644 3796 scriptione

2059 3835 2256 3889 parum
2291 3820 2478 3893 digna.

354 3926 525 3978 φανον
568 3912 665 3966 καὶ
693 3913 820 3974 τοὺς
843 3911 937 3965 τού
979 3912 1272 3967 Ὀκταϐίου
1302 3911 1571 3975 αὐθέντας
1634 3910 1986 3965 ἀπέστειλεν.
2030 3913 2094 3965 Οἱ
2157 3912 2216 3965 δὲ
2250 3912 2680 3983 χαλεπαίνοντες
2709 3913 2861 3984 αὐτῷ
2886 3913 3170 3985 οὐδέτερον
3192 3910 3463 3977 ἐδέξαντο.
3492 3910 3648 3965 Μετὰ

353 4008 528 4062 ταῦτα
562 4008 608 4061 δ’
654 4007 749 4061 ἐπὶ
795 4008 1092 4079 Δαλμάτας
1138 4010 1189 4062 οἱ
1247 4009 1511 4078 Ῥωμαῖοι
1549 4007 1947 4079 ἐστράτευσαν.
1989 4007 2064 4060 Τὸ
2092 4007 2137 4060 δ’
2205 4007 2361 4073 ἔθνος
2430 4007 2591 4061 τοῦτο
2630 4008 2748 4063 ἐστι
2780 4008 2879 4079 μὲν
2921 4008 3199 4080 Ἰλλυριῶν
3224 4008 3333 4060 τῶν
3372 4004 3527 4075 παρὰ
3557 4004 3648 4060 τὸ)

366 4102 554 4158 Ἰόνιον
615 4102 840 4170 κόλπον,
904 4097 983 4156 ὧν
1041 4119 1198 4165 τινας
1278 4099 1649 4164 Ταυλαντίους
1695 4099 1987 4171 ὠνόμαζον
2026 4100 2309 4171 Ἕλληνες.
2392 4100 2731 4171 Ἔχονταιδὲ
2759 4100 2855 4155 τοῦ
2887 4102 3197 4173 Δυρραχίου
3228 4102 3286 4152 ἐν
3329 4099 3506 4170 μέρει.
3554 4098 3651 4152 At.

357 4214 472 4251 τιον
531 4197 588 4250 δέ
647 4195 743 4250 τοῦ
808 4194 1074 4264 πολέμου,
1120 4194 1204 4247 ὃτι
1254 4193 1408 4257 τινὰς
1436 4192 1546 4247 τῶν
1598 4192 1942 4265 προσχώρων
1981 4191 2171 4256 αὐτοῖς
2198 4195 2257 4247 ἐν
2327 4192 2484 4266 φιλίᾳ
2511 4196 2624 4258 τοῖς
2661 4194 2961 4266 Ῥωμαίοις
2995 4194 3158 4259 ὄντας
3188 4194 3428 4261 ἠδίκουν.
3498 4192 3650 4258 Συμ-

358 4289 868 4362 πρεσϐευσαμένοις
918 4303 981 4338 τε
1042 4286 1185 4357 ὑπὲρ
1237 4285 1418 4340 αὐτῶν
1465 4287 1582 4350 τοῖς
1650 4285 1950 4356 Ῥωμαίοις
1989 4284 2145 4338 οὐδὲν
2218 4289 2444 4358 μέτριον
2486 4287 2881 4359 ἀπεκρίναντο,
2924 4289 3062 4343 ἀλλὰ
3100 4291 3198 4342 καὶ
3225 4287 3353 4350 τοὺς
3419 4287 3529 4342 τῶν
3564 4287 3655 4341 ἄλ-

357 4389 468 4442 λων
513 4386 776 4459 πρέσϐεις
833 4386 1194 4450 συλλαϐόντες
1237 4384 1590 4440 ἀπέκτειναν.
1641 4378 1884 4449 Τούτους
1922 4385 1952 4438 ό
1991 4383 2237 4438 Σκιπίων
2278 4387 2306 4439 ὁ
2370 4384 2625 4448 Νασικᾶς
2692 4381 2988 4450 ὑπέταξεν,
3027 4382 3117 4436 ἐπ’
3147 4380 3348 4444 αὐτοὺς
3389 4380 3656 4455 στρατεύ-

363 4503 485 4548 σας.
519 4483 632 4548 Τάς
670 4501 730 4536 τε
755 4482 865 4553 γὰρ
896 4482 1082 4546 πόλεις
1116 4474 1437 4535 αὐτῶνεῖλε
1466 4479 1560 4534 καὶ
1588 4478 1717 4545 τοὺς
1747 4477 2135 4550 αἰχμαλώτους
2188 4479 2527 4551 ἐπίπρασκε.
2591 4478 2704 4533 Καὶ
2726 4475 2865 4532 ἄλλα
2892 4476 2949 4530 δὲ
2972 4477 3096 4531 κατ’
3158 4475 3412 4539 ἐκείνους
3452 4474 3657 4547 συνέϐη

364 4583 493 4647 τοὺς
509 4582 757 4653 χρόνους,
785 4580 847 4634 οὐ
872 4579 1094 4651 μνήμης
1118 4579 1304 4649 μέντοι
1326 4576 1435 4631 οὐδ’
1461 4577 1708 4648 ἱστορίας
1732 4573 1956 4640 ἐπάξια.

442 4676 589 4746 ΚΕΓ.
634 4674 921 4731 Ἐντεῦθεν
950 4674 1110 4738 αὖθις
1153 4675 1181 4727 ὁ
1216 4672 1354 4744 πρὸς
1390 4673 1517 4736 τοὺς
1545 4671 1940 4744 Καρχηδονίους

2135 4663 2326 4723 XXVI.
2361 4662 2574 4719 Dehine
2603 4659 2827 4718 tertium
2855 4657 3062 4715 bellum
3093 4655 3360 4730 punicum
3398 4669 3483 4713 est
3517 4672 3656 4716 eon-

366 4775 429 4828 τδ
479 4772 660 4846 τρίτον
708 4767 1099 4843 ἀνερριπίζετο
1152 4767 1413 4837 πόλεμος.
1461 4766 1525 4820 Οἱ
1574 4766 1673 4836 μὲν
1716 4765 1823 4838 γὰρ
1863 4765 1940 4818 of»:

2066 4758 2283 4815 ﬂatum.
2326 4754 2818 4827 Carthaginienses
2841 4752 2994 4808 enim
3036 4751 3307 4807 humilem
3351 4751 3501 4806 illam
3542 4752 3659 4807 fur-

373 4868 569 4937 ἔφερον
602 4862 1014 4933 ἐλαττούμενοι,
1050 4861 1188 4914 ἀλλὰ
1221 4862 1318 4915 καὶ
1349 4859 1679 4931 συμμαχικὰ
1706 4860 1800 4913 καὶ
1835 4875 1965 4913 ναυ-

378 4959 529 5012 τικέν
579 4958 673 5009 ἐπὶ
717 4957 784 5026 τῇ
835 4952 931 5007 τοῦ
982 4950 1299 5023 Νομαδικοῦ
1350 4950 1591 5021 πολέμου
1636 4951 1965 5022 παρασκευῇ

376 5050 532 5121 παρὰ
571 5048 672 5110 τὰς
712 5045 992 5116 συνθήκας
1023 5041 1330 5116 ἡτοίμαζον
1354 5060 1369 5074 ·
1406 5043 1456 5097 oi
1498 5042 1558 5097 δέ
1600 5043 1862 5113 Ῥωμαῖοι
1891 5041 1967 5105 ὼς

376 5141 446 5195 τὰ
486 5139 620 5195 ἄλλα
647 5137 791 5192 κατά
826 5137 1058 5208 γνώμην
1089 5136 1292 5198 ἔθεντο,
1338 5135 1438 5207 οὐχ
1483 5136 1793 5207 ἡσύχασαν,
1828 5133 1969 5189 ἀλλὰ

379 5233 698 5303 πέμψαντες
747 5230 840 5284 τὸν
893 5228 1176 5284 Σκιπίωνα
1204 5228 1298 5283 τὸν
1344 5227 1621 5292 Νασικᾶν,
1679 5225 1860 5280 ταῦτά
1905 5242 1967 5279 τε

382 5326 573 5388 αὐτοῖς
631 5322 923 5377 ἐνεκάλουν
974 5321 1072 5376 καὶ
1119 5320 1221 5390 τὴν
1293 5318 1654 5391 παρασκευὴν
1715 5317 1971 5373 διαλῦσαι

383 5417 660 5472 ἐκέλευον.
694 5414 806 5469 Καὶ
833 5413 958 5469 ἐπεὶ
990 5412 1084 5467 τὸν
1108 5411 1453 5467 Μασινίσσαν
1482 5411 1718 5484 ᾐτιῶντο
1747 5412 1967 5477 ἐκεῖνοι,

386 5509 482 5562 καὶ
515 5506 606 5562 διὰ
632 5505 725 5560 τὸν
753 5506 890 5576 πρὸς
917 5506 1127 5561 ἐκεῖνον
1151 5504 1393 5575 πόλεμον
1431 5503 1771 5574 ἀπειρήκασι
1811 5504 1971 5575 ποιῆ-

391 5618 481 5655 σαι
524 5600 585 5655 τὸ
627 5599 1013 5670 κελευόμενον,
1048 5599 1324 5672 σύμϐασιν
1353 5615 1480 5653 τινα
1511 5597 1649 5669 πρὸς
1674 5597 1766 5652 τὸν
1790 5598 1973 5652 Μασι-

388 5694 583 5750 νὶσσαν
613 5693 801 5756 αὐτοῖς
842 5691 1112 5763 ἔπραξαν,
1155 5691 1251 5745 καί
1289 5707 1433 5755 τινος
1454 5690 1641 5754 αὐτοῖς
1668 5689 1975 5759 ἀποστῆναι

394 5785 583 5857 χώρας
601 5786 765 5840 αὐτὸν
787 5784 1039 5838 ἔπεισαν.
1074 5783 1161 5846 Ὠς
1182 5782 1229 5837 δ’
1253 5782 1407 5836 οὐδὲν
1429 5782 1634 5852 μᾶλλον
1664 5782 1975 5852 εἰσήκουον,

396 5879 594 5950 μικρὸν
633 5877 954 5949 ἐπισχόντες
986 5875 1278 5947 Ῥωμαῖοι,
1308 5874 1434 5930 ἐπεὶ
1461 5876 1695 5946 τάχιστα
1724 5873 1976 5946 νικηθὲν·

395 5987 493 6036 τας
530 5972 669 6042 σφᾶς
702 5969 917 6042 μεγάλῃ
964 5969 1114 6041 μάχῃ
1156 5968 1294 6041 πρὸς
1343 5967 1437 6023 τοῦ
1468 5967 1810 6024 Μασινίσσου
1846 5965 1978 6021 ἐπύ-

2071 4861 2263 4908 tunam
2305 4848 2454 4904 haud
2483 4848 2749 4913 ferentes,
2782 4845 2968 4902 socius
2991 4852 3049 4901 et
3075 4844 3310 4900 classem
3347 4845 3416 4900 ad
3450 4845 3658 4900 bellum

2068 4941 2427 5000 Numidicum
2483 4949 2682 4997 contra
2730 4938 2913 4996 fwdus
2956 4938 3379 5008 comparabant.
3421 4938 3660 4994 Romani

2070 5047 2261 5096 autem
2311 5037 2531 5093 caneris
2572 5036 2744 5093 rebus
2774 5050 2843 5091 ex
2873 5032 3153 5090 sententia
3203 5031 3501 5095 confectis,
3547 5048 3661 5087 non

2070 5129 2409 5201 quieverunt
2444 5145 2458 5183 :
2508 5127 2607 5184 sed
2651 5142 2754 5198 per
2797 5125 3057 5182 Nasicam
3101 5123 3418 5195 Scipionem
3466 5123 3534 5179 iis
3592 5124 3664 5178 de

2075 5222 2243 5279 rebus
2273 5221 2722 5292 expostulantes,
2775 5226 3106 5289 apparatum
3142 5217 3297 5272 illum
3326 5215 3511 5271 omitti
3538 5215 3662 5286 jus-

2077 5322 2296 5371 serunt.
2347 5313 2420 5369 Et
2467 5313 2595 5383 quia
2646 5310 2717 5367 de
2778 5308 3071 5364 Masinissa
3136 5306 3550 5378 querebantur,
3606 5313 3664 5361 et

2079 5417 2311 5481 propter
2336 5406 2550 5463 bellum
2582 5418 2711 5459 eum
2752 5401 2852 5457 illo
2888 5406 3233 5470 susceptum,
3256 5399 3527 5468 imperata
3563 5398 3665 5453 de-

2079 5502 2395 5559 trectabant
2422 5516 2437 5555 :
2466 5499 2729 5571 pactione
2766 5495 2915 5550 inter
2943 5493 3067 5549 illos
3096 5493 3238 5549 facta
3263 5535 3279 5557 ,
3318 5509 3348 5547 a
3376 5491 3664 5548 Masinissa

2079 5592 2422 5665 impetravit,
2450 5598 2513 5647 ut
2546 5588 2787 5659 quadam
2826 5584 3116 5658 provincia
3157 5584 3241 5640 eis
3269 5585 3519 5641 cederet.
3555 5583 3664 5640 Sed

2078 5699 2206 5741 cum
2260 5682 2444 5738 nihilo
2493 5679 2671 5751 magis
2732 5687 3021 5750 parerent.
3086 5677 3325 5733 Romani
3380 5677 3666 5748 paulisper

2080 5775 2349 5839 cunctati,
2386 5789 2514 5829 cum
2555 5771 2797 5842 primum
2831 5783 3032 5841 magno
3072 5768 3266 5840 praelio
3309 5784 3341 5823 a
3377 5767 3665 5824 Masinissa

2080 5869 2260 5925 victos
2310 5882 2434 5923 esse
2478 5864 2850 5929 audiverunt,
2909 5862 3116 5919 bellum
3177 5861 3261 5917 eis
3321 5861 3662 5918 indixerunt.

2082 5962 2573 6035 Carthaginienses
2611 5974 2745 6018 vero
2787 5975 2853 6016 ea
2924 5957 3081 6018 clade
3133 5955 3321 6013 amicti
3385 5965 3442 6012 et
3482 5949 3663 6010 territi
