  <div class='ocr_page' id='page_1' title='image "/cluster/home/n/w/nwhite01/storage/ocr_20150623/134:no.1/coo.31924054870393/402.png"; bbox 0 0 4024 6398; ppageno 0'>
   <div class='ocr_carea' id='block_1_1' title="bbox 263 491 372 556">
    <p class='ocr_par' dir='ltr' id='par_1_1' title="bbox 263 491 372 556">
     <span class='ocr_line' id='line_1_1' title="bbox 263 491 372 556; baseline -0.009 -1"><span class='ocrx_word' id='word_1_1' title='bbox 263 491 372 556; x_wconf 75' lang='lat'><strong>789</strong></span> 
     </span>
    </p>
   </div>
   <div class='ocr_carea' id='block_1_2' title="bbox 1539 477 2305 543">
    <p class='ocr_par' dir='ltr' id='par_1_2' title="bbox 1539 477 2305 543">
     <span class='ocr_line' id='line_1_2' title="bbox 1539 477 2305 543; baseline -0.001 0"><span class='ocrx_word' id='word_1_2' title='bbox 1539 477 1953 543; x_wconf 82' lang='lat' dir='ltr'><strong>ANNALIUM</strong></span> <span class='ocrx_word' id='word_1_3' title='bbox 2000 478 2147 539; x_wconf 82' lang='lat' dir='ltr'><strong>LIB.</strong></span> <span class='ocrx_word' id='word_1_4' title='bbox 2193 481 2305 542; x_wconf 82' lang='lat' dir='ltr'><strong>IX.</strong></span> 
     </span>
    </p>
   </div>
   <div class='ocr_carea' id='block_1_3' title="bbox 3437 466 3576 531">
    <p class='ocr_par' dir='ltr' id='par_1_3' title="bbox 3437 466 3576 531">
     <span class='ocr_line' id='line_1_3' title="bbox 3437 466 3576 531; baseline -0.007 -1"><span class='ocrx_word' id='word_1_5' title='bbox 3437 466 3576 531; x_wconf 57' lang='grc' dir='ltr'><strong>Ἶρον</strong></span> 
     </span>
    </p>
   </div>
   <div class='ocr_carea' id='block_1_4' title="bbox 263 572 3584 675">
    <p class='ocr_par' dir='ltr' id='par_1_4' title="bbox 263 572 3584 675">
     <span class='ocr_line' id='line_1_4' title="bbox 263 572 3584 675; baseline -0.011 -17"><span class='ocrx_word' id='word_1_6' title='bbox 263 606 325 658; x_wconf 86' lang='grc' dir='ltr'><strong>ού</strong></span> <span class='ocrx_word' id='word_1_7' title='bbox 361 604 549 675; x_wconf 82' lang='grc' dir='ltr'>μέντοι</span> <span class='ocrx_word' id='word_1_8' title='bbox 576 602 672 658; x_wconf 76' lang='grc' dir='ltr'><strong>καὶ</strong></span> <span class='ocrx_word' id='word_1_9' title='bbox 703 600 977 671; x_wconf 73' lang='grc' dir='ltr'>εἰσῆλθεν.</span> <span class='ocrx_word' id='word_1_10' title='bbox 1005 597 1068 653; x_wconf 91' lang='grc' dir='ltr'><strong>Οἱ</strong></span> <span class='ocrx_word' id='word_1_11' title='bbox 1103 594 1212 669; x_wconf 79' lang='grc' dir='ltr'><strong>γάρ</strong></span> <span class='ocrx_word' id='word_1_12' title='bbox 1240 592 1607 665; x_wconf 78' lang='grc' dir='ltr'><strong>Καρχηδόνιοι</strong></span> <span class='ocrx_word' id='word_1_13' title='bbox 1670 588 1798 651; x_wconf 85' lang='grc' dir='ltr'>τούς</span> <span class='ocrx_word' id='word_1_14' title='bbox 1865 572 1924 640; x_wconf 83' lang='grc' dir='ltr'><strong>τε</strong></span> <span class='ocrx_word' id='word_1_15' title='bbox 1966 585 2326 659; x_wconf 76' lang='grc' dir='ltr'><strong>βιαζομένους</strong></span> <span class='ocrx_word' id='word_1_16' title='bbox 2377 589 2644 645; x_wconf 76' lang='grc' dir='ltr'><strong>εἰσελθεῖν</strong></span> <span class='ocrx_word' id='word_1_17' title='bbox 2698 584 3113 660; x_wconf 75' lang='grc' dir='ltr'>ἐξεκρούσαντο.</span> <span class='ocrx_word' id='word_1_18' title='bbox 3173 583 3286 639; x_wconf 72' lang='grc' dir='ltr'><strong>Καὶ</strong></span> <span class='ocrx_word' id='word_1_19' title='bbox 3332 581 3584 652; x_wconf 74' lang='grc' dir='ltr'>νύκτωρ.</span> 
     </span>
    </p>
   </div>
   <div class='ocr_carea' id='block_1_5' title="bbox 265 680 1894 769">
    <p class='ocr_par' dir='ltr' id='par_1_5' title="bbox 265 680 1894 769">
     <span class='ocr_line' id='line_1_5' title="bbox 265 680 1894 769; baseline -0.012 -15"><span class='ocrx_word' id='word_1_20' title='bbox 265 699 356 753; x_wconf 79' lang='grc' dir='ltr'><strong>διὰ</strong></span> <span class='ocrx_word' id='word_1_21' title='bbox 390 698 503 754; x_wconf 84' lang='grc' dir='ltr'>τῶν</span> <span class='ocrx_word' id='word_1_22' title='bbox 533 697 796 769; x_wconf 74' lang='grc' dir='ltr'><strong>ἐρειπίων</strong></span> <span class='ocrx_word' id='word_1_23' title='bbox 824 694 1135 760; x_wconf 76' lang='grc' dir='ltr'><strong>ἐξελθόντες</strong></span> <span class='ocrx_word' id='word_1_24' title='bbox 1176 688 1504 761; x_wconf 82' lang='grc' dir='ltr'>ἀνθρώπους</span> <span class='ocrx_word' id='word_1_25' title='bbox 1536 704 1597 740; x_wconf 86' lang='grc' dir='ltr'><strong>τε</strong></span> <span class='ocrx_word' id='word_1_26' title='bbox 1662 680 1894 754; x_wconf 78' lang='grc' dir='ltr'>συχνοὺς</span> 
     </span>
    </p>
   </div>
   <div class='ocr_carea' id='block_1_6' title="bbox 1969 678 3551 756">
    <p class='ocr_par' dir='ltr' id='par_1_6' title="bbox 1969 678 3551 756">
     <span class='ocr_line' id='line_1_6' title="bbox 1969 678 3551 756; baseline -0.004 -22"><span class='ocrx_word' id='word_1_27' title='bbox 1969 680 2222 736; x_wconf 74' lang='grc' dir='ltr'>ἔκτειναν</span> <span class='ocrx_word' id='word_1_28' title='bbox 2291 684 2388 738; x_wconf 73' lang='grc' dir='ltr'><strong>καὶ</strong></span> <span class='ocrx_word' id='word_1_29' title='bbox 2458 684 2830 756; x_wconf 83' lang='grc' dir='ltr'>μηχανήματα</span> <span class='ocrx_word' id='word_1_30' title='bbox 2882 682 3114 736; x_wconf 79' lang='grc' dir='ltr'>πλεῖστα</span> <span class='ocrx_word' id='word_1_31' title='bbox 3171 678 3551 748; x_wconf 81' lang='grc' dir='ltr'><strong>κατέπρησαν.</strong></span> 
     </span>
    </p>
   </div>
   <div class='ocr_carea' id='block_1_7' title="bbox 279 766 3552 855">
    <p class='ocr_par' dir='ltr' id='par_1_7' title="bbox 279 766 3552 855">
     <span class='ocr_line' id='line_1_7' title="bbox 279 766 3552 855; baseline -0.008 -9"><span class='ocrx_word' id='word_1_32' title='bbox 279 792 422 845; x_wconf 82' lang='grc' dir='ltr'>Ἀλλ’</span> <span class='ocrx_word' id='word_1_33' title='bbox 453 766 575 844; x_wconf 80' lang='grc' dir='ltr'><strong>οὑδέ</strong></span> <span class='ocrx_word' id='word_1_34' title='bbox 604 789 699 841; x_wconf 72' lang='grc' dir='ltr'>ἐπὶ</span> <span class='ocrx_word' id='word_1_35' title='bbox 729 786 867 841; x_wconf 82' lang='grc' dir='ltr'>πολὺ</span> <span class='ocrx_word' id='word_1_36' title='bbox 900 784 1006 855; x_wconf 83' lang='grc' dir='ltr'><strong>τῆς</strong></span> <span class='ocrx_word' id='word_1_37' title='bbox 1056 781 1241 854; x_wconf 84' lang='grc' dir='ltr'>χώρας</span> <span class='ocrx_word' id='word_1_38' title='bbox 1273 779 1425 852; x_wconf 74' lang='grc' dir='ltr'>παρὰ</span> <span class='ocrx_word' id='word_1_39' title='bbox 1453 777 1548 833; x_wconf 76' lang='grc' dir='ltr'>τοῦ</span> <span class='ocrx_word' id='word_1_40' title='bbox 1596 770 1928 844; x_wconf 82' lang='grc' dir='ltr'>Ἀσδρούϐου</span> <span class='ocrx_word' id='word_1_41' title='bbox 1991 774 2086 825; x_wconf 72' lang='grc' dir='ltr'><strong>καὶ</strong></span> <span class='ocrx_word' id='word_1_42' title='bbox 2116 774 2230 829; x_wconf 84' lang='grc' dir='ltr'><strong>τῶν</strong></span> <span class='ocrx_word' id='word_1_43' title='bbox 2292 776 2506 832; x_wconf 75' lang='grc' dir='ltr'>ἱππέων</span> <span class='ocrx_word' id='word_1_44' title='bbox 2575 776 2768 829; x_wconf 86' lang='grc' dir='ltr'>εἰῶντο</span> <span class='ocrx_word' id='word_1_45' title='bbox 2797 772 3215 836; x_wconf 72' lang='grc' dir='ltr'>σκεδάννυσθαι,</span> <span class='ocrx_word' id='word_1_46' title='bbox 3276 767 3403 824; x_wconf 70' lang='grc' dir='ltr'>οὔτε</span> <span class='ocrx_word' id='word_1_47' title='bbox 3444 766 3552 838; x_wconf 77' lang='grc' dir='ltr'><strong>μὴν</strong></span> 
     </span>
    </p>
   </div>
   <div class='ocr_carea' id='block_1_8' title="bbox 264 859 3553 947">
    <p class='ocr_par' dir='ltr' id='par_1_8' title="bbox 264 859 3553 947">
     <span class='ocr_line' id='line_1_8' title="bbox 264 859 3553 947; baseline -0.009 -5"><span class='ocrx_word' id='word_1_48' title='bbox 264 885 662 945; x_wconf 81' lang='grc' dir='ltr'>ὀΜασινίσσας</span> <span class='ocrx_word' id='word_1_49' title='bbox 694 881 878 943; x_wconf 74' lang='grc' dir='ltr'>αὐτοῖς</span> <span class='ocrx_word' id='word_1_50' title='bbox 932 875 1333 947; x_wconf 84' lang='grc' dir='ltr'>ἐπεκούρησεν.</span> <span class='ocrx_word' id='word_1_51' title='bbox 1384 873 1462 929; x_wconf 87' lang='grc' dir='ltr'>Ού</span> <span class='ocrx_word' id='word_1_52' title='bbox 1490 872 1599 943; x_wconf 83' lang='grc' dir='ltr'>γὰρ</span> <span class='ocrx_word' id='word_1_53' title='bbox 1630 871 1687 923; x_wconf 90' lang='grc' dir='ltr'><strong>ἐν</strong></span> <span class='ocrx_word' id='word_1_54' title='bbox 1751 865 1895 937; x_wconf 77' lang='grc' dir='ltr'>ἀρχῇ</span> <span class='ocrx_word' id='word_1_55' title='bbox 1928 865 2025 919; x_wconf 76' lang='grc' dir='ltr'><strong>τοῦ</strong></span> <span class='ocrx_word' id='word_1_56' title='bbox 2100 870 2338 943; x_wconf 80' lang='grc' dir='ltr'>πολέμου</span> <span class='ocrx_word' id='word_1_57' title='bbox 2376 870 2808 944; x_wconf 82' lang='grc' dir='ltr'>προσεκέκλητο,</span> <span class='ocrx_word' id='word_1_58' title='bbox 2853 868 2950 922; x_wconf 74' lang='grc' dir='ltr'>καὶ</span> <span class='ocrx_word' id='word_1_59' title='bbox 2991 869 3128 939; x_wconf 79' lang='grc' dir='ltr'>πρὸς</span> <span class='ocrx_word' id='word_1_60' title='bbox 3160 864 3254 920; x_wconf 81' lang='grc' dir='ltr'>τὸν</span> <span class='ocrx_word' id='word_1_61' title='bbox 3294 859 3553 935; x_wconf 81' lang='grc' dir='ltr'>Ἀσδρού-</span> 
     </span>
    </p>
   </div>
   <div class='ocr_carea' id='block_1_9' title="bbox 266 957 1842 1043">
    <p class='ocr_par' dir='ltr' id='par_1_9' title="bbox 266 957 1842 1043">
     <span class='ocr_line' id='line_1_9' title="bbox 266 957 1842 1043; baseline -0.016 -9"><span class='ocrx_word' id='word_1_62' title='bbox 266 981 367 1034; x_wconf 89' lang='grc' dir='ltr'><strong>ϐαν</strong></span> <span class='ocrx_word' id='word_1_63' title='bbox 390 977 512 1031; x_wconf 82' lang='grc' dir='ltr'>τότε</span> <span class='ocrx_word' id='word_1_64' title='bbox 543 973 973 1043; x_wconf 88' lang='grc' dir='ltr'>διαπολεμήσειν</span> <span class='ocrx_word' id='word_1_65' title='bbox 1005 967 1368 1040; x_wconf 83' lang='grc' dir='ltr'>ὑποσχομένῳ</span> <span class='ocrx_word' id='word_1_66' title='bbox 1387 965 1489 1023; x_wconf 73' lang='grc' dir='ltr'><strong>οὐκ</strong></span> <span class='ocrx_word' id='word_1_67' title='bbox 1513 957 1842 1033; x_wconf 72' lang='grc' dir='ltr'>ἐπέτρεψαν.</span> 
     </span>
    </p>
   </div>
   <div class='ocr_carea' id='block_1_10' title="bbox 335 1004 1874 1131">
    <p class='ocr_par' dir='ltr' id='par_1_10' title="bbox 335 1004 1866 1131">
     <span class='ocr_line' id='line_1_10' title="bbox 335 1004 1841 1043; baseline -0.013 -14"><span class='ocrx_word' id='word_1_68' title='bbox 335 1004 367 1033; x_wconf 49' lang='grc' dir='ltr'><strong>ην</strong></span> <span class='ocrx_word' id='word_1_69' title='bbox 390 1004 512 1031; x_wconf 57' lang='lat' dir='ltr'><strong>Tum:</strong></span> <span class='ocrx_word' id='word_1_70' title='bbox 543 1004 972 1043; x_wconf 60' lang='grc' dir='ltr'>υιιιιιυῆιμιιυςιν</span> <span class='ocrx_word' id='word_1_71' title='bbox 1007 1004 1368 1040; x_wconf 52' lang='grc' dir='ltr'><strong>υουυυιυμῠνψ</strong></span> <span class='ocrx_word' id='word_1_72' title='bbox 1387 1004 1489 1023; x_wconf 61' lang='grc' dir='ltr'>ιιι-η..</span> <span class='ocrx_word' id='word_1_73' title='bbox 1513 1004 1841 1033; x_wconf 59' lang='grc' dir='ltr'><strong>...υ-νιν-τντ--</strong></span> 
     </span>
     <span class='ocr_line' id='line_1_11' title="bbox 335 1046 1866 1131; baseline -0.019 -1"><span class='ocrx_word' id='word_1_74' title='bbox 335 1071 462 1129; x_wconf 84' lang='lat' dir='ltr'><strong>KZ&#39;.</strong></span> <span class='ocrx_word' id='word_1_75' title='bbox 499 1072 564 1124; x_wconf 78' lang='lat' dir='ltr'><strong>Ui</strong></span> <span class='ocrx_word' id='word_1_76' title='bbox 601 1069 647 1123; x_wconf 84' lang='grc' dir='ltr'>δ’</span> <span class='ocrx_word' id='word_1_77' title='bbox 678 1066 876 1120; x_wconf 76' lang='grc' dir='ltr'>ὕπατοι</span> <span class='ocrx_word' id='word_1_78' title='bbox 904 1065 994 1120; x_wconf 85' lang='grc' dir='ltr'><strong>διά</strong></span> <span class='ocrx_word' id='word_1_79' title='bbox 1045 1080 1105 1116; x_wconf 89' lang='grc' dir='ltr'><strong>τε</strong></span> <span class='ocrx_word' id='word_1_80' title='bbox 1132 1062 1202 1117; x_wconf 82' lang='grc' dir='ltr'>τὰ</span> <span class='ocrx_word' id='word_1_81' title='bbox 1238 1060 1525 1131; x_wconf 87' lang='grc' dir='ltr'>συμϐάντα</span> <span class='ocrx_word' id='word_1_82' title='bbox 1563 1055 1659 1111; x_wconf 78' lang='grc' dir='ltr'><strong>καὶ</strong></span> <span class='ocrx_word' id='word_1_83' title='bbox 1693 1046 1866 1106; x_wconf 81' lang='grc' dir='ltr'>ὅτιτὸ</span> 
     </span>
    </p>
   </div>
   <div class='ocr_carea' id='block_1_11' title="bbox 1976 1004 3563 1131">
    <p class='ocr_par' dir='ltr' id='par_1_11' title="bbox 2042 1004 3563 1121">
     <span class='ocr_line' id='line_1_12' title="bbox 2042 1004 3563 1121; baseline -0.002 -19"><span class='ocrx_word' id='word_1_84' title='bbox 2042 1047 2257 1107; x_wconf 77' lang='lat' dir='ltr'><strong>XXVI].</strong></span> <span class='ocrx_word' id='word_1_85' title='bbox 2284 1049 2559 1106; x_wconf 84' lang='lat' dir='ltr'><strong>Consules</strong></span> <span class='ocrx_word' id='word_1_86' title='bbox 2593 1048 2766 1121; x_wconf 84' lang='lat' dir='ltr'><strong>igitur</strong></span> <span class='ocrx_word' id='word_1_87' title='bbox 2789 1054 3019 1120; x_wconf 76' lang='lat' dir='ltr'><strong>propter</strong></span> <span class='ocrx_word' id='word_1_88' title='bbox 3051 1052 3288 1102; x_wconf 88' lang='lat' dir='ltr'><strong>eventus</strong></span> <span class='ocrx_word' id='word_1_89' title='bbox 3316 1004 3563 1109; x_wconf 28' lang='lat' dir='ltr'><strong>illos,.e&#39;&gt;</strong></span> 
     </span>
    </p>
   </div>
   <div class='ocr_carea' id='block_1_12' title="bbox 266 1141 1860 1225">
    <p class='ocr_par' dir='ltr' id='par_1_12' title="bbox 266 1141 1860 1225">
     <span class='ocr_line' id='line_1_13' title="bbox 266 1141 1860 1225; baseline -0.017 -4"><span class='ocrx_word' id='word_1_90' title='bbox 266 1162 529 1222; x_wconf 74' lang='grc' dir='ltr'>ναυτικὸν</span> <span class='ocrx_word' id='word_1_91' title='bbox 560 1158 742 1214; x_wconf 83' lang='grc' dir='ltr'>αὐτῶν</span> <span class='ocrx_word' id='word_1_92' title='bbox 769 1158 835 1209; x_wconf 87' lang='grc' dir='ltr'><strong>ἐκ</strong></span> <span class='ocrx_word' id='word_1_93' title='bbox 865 1158 962 1225; x_wconf 82' lang='grc' dir='ltr'>τῆς</span> <span class='ocrx_word' id='word_1_94' title='bbox 1021 1156 1080 1208; x_wconf 86' lang='grc' dir='ltr'>ἐν</span> <span class='ocrx_word' id='word_1_95' title='bbox 1120 1154 1188 1225; x_wconf 82' lang='grc' dir='ltr'>τῇ</span> <span class='ocrx_word' id='word_1_96' title='bbox 1223 1151 1392 1224; x_wconf 82' lang='grc' dir='ltr'>λίμνῃ</span> <span class='ocrx_word' id='word_1_97' title='bbox 1425 1145 1711 1218; x_wconf 81' lang='grc' dir='ltr'>διατριϐῆς</span> <span class='ocrx_word' id='word_1_98' title='bbox 1741 1141 1860 1196; x_wconf 88' lang='grc' dir='ltr'>ἐνό-</span> 
     </span>
    </p>
   </div>
   <div class='ocr_carea' id='block_1_13' title="bbox 269 1226 1860 1328">
    <p class='ocr_par' dir='ltr' id='par_1_13' title="bbox 269 1226 1860 1328">
     <span class='ocr_line' id='line_1_14' title="bbox 269 1226 1860 1328; baseline -0.016 -17"><span class='ocrx_word' id='word_1_99' title='bbox 269 1273 457 1328; x_wconf 88' lang='grc' dir='ltr'>σησεν,</span> <span class='ocrx_word' id='word_1_100' title='bbox 483 1253 680 1306; x_wconf 76' lang='grc' dir='ltr'>ἔλυσαν</span> <span class='ocrx_word' id='word_1_101' title='bbox 704 1251 805 1319; x_wconf 79' lang='grc' dir='ltr'><strong>τὴν</strong></span> <span class='ocrx_word' id='word_1_102' title='bbox 828 1247 1179 1318; x_wconf 89' lang='grc' dir='ltr'>πολιορκίαν.</span> <span class='ocrx_word' id='word_1_103' title='bbox 1206 1245 1318 1298; x_wconf 71' lang='grc' dir='ltr'><strong>Καὶ</strong></span> <span class='ocrx_word' id='word_1_104' title='bbox 1342 1226 1595 1311; x_wconf 67' lang='grc' dir='ltr'>Μάρκιος</span> <span class='ocrx_word' id='word_1_105' title='bbox 1619 1237 1718 1308; x_wconf 80' lang='grc' dir='ltr'>μὲν</span> <span class='ocrx_word' id='word_1_106' title='bbox 1738 1235 1860 1288; x_wconf 82' lang='grc' dir='ltr'>ἐπι·</span> 
     </span>
    </p>
   </div>
   <div class='ocr_carea' id='block_1_14' title="bbox 267 1327 1860 1418">
    <p class='ocr_par' dir='ltr' id='par_1_14' title="bbox 267 1327 1860 1418">
     <span class='ocr_line' id='line_1_15' title="bbox 267 1327 1860 1418; baseline -0.019 -17"><span class='ocrx_word' id='word_1_107' title='bbox 267 1327 533 1418; x_wconf 85' lang='grc' dir='ltr'>χειρήσας</span> <span class='ocrx_word' id='word_1_108' title='bbox 564 1340 709 1396; x_wconf 84' lang='grc' dir='ltr'>κατὰ</span> <span class='ocrx_word' id='word_1_109' title='bbox 739 1339 1016 1394; x_wconf 84' lang='grc' dir='ltr'>θάλασσάν</span> <span class='ocrx_word' id='word_1_110' title='bbox 1048 1355 1103 1391; x_wconf 91' lang='grc' dir='ltr'><strong>τι</strong></span> <span class='ocrx_word' id='word_1_111' title='bbox 1148 1336 1354 1408; x_wconf 81' lang='grc' dir='ltr'>πρᾶξαι</span> <span class='ocrx_word' id='word_1_112' title='bbox 1385 1334 1420 1404; x_wconf 81' lang='grc' dir='ltr'><strong>ἢ</strong></span> <span class='ocrx_word' id='word_1_113' title='bbox 1454 1331 1555 1402; x_wconf 80' lang='grc' dir='ltr'>τὴν</span> <span class='ocrx_word' id='word_1_114' title='bbox 1584 1327 1860 1400; x_wconf 78' lang='grc' dir='ltr'>παραλίαν</span> 
     </span>
    </p>
   </div>
   <div class='ocr_carea' id='block_1_15' title="bbox 269 1422 1860 1505">
    <p class='ocr_par' dir='ltr' id='par_1_15' title="bbox 269 1422 1860 1505">
     <span class='ocr_line' id='line_1_16' title="bbox 269 1422 1860 1505; baseline -0.014 -11"><span class='ocrx_word' id='word_1_115' title='bbox 269 1437 544 1501; x_wconf 79' lang='grc' dir='ltr'>κακῶσαι,</span> <span class='ocrx_word' id='word_1_116' title='bbox 588 1436 666 1500; x_wconf 83' lang='grc' dir='ltr'>ὡς</span> <span class='ocrx_word' id='word_1_117' title='bbox 707 1434 861 1488; x_wconf 81' lang='grc' dir='ltr'>οὐδὲν</span> <span class='ocrx_word' id='word_1_118' title='bbox 895 1433 1083 1505; x_wconf 72' lang='grc' dir='ltr'>ἤνυεν,</span> <span class='ocrx_word' id='word_1_119' title='bbox 1122 1429 1469 1486; x_wconf 82' lang='grc' dir='ltr'>ἀπέπλευσεν</span> <span class='ocrx_word' id='word_1_120' title='bbox 1514 1422 1721 1487; x_wconf 78' lang='grc' dir='ltr'>οἴκαδε,</span> <span class='ocrx_word' id='word_1_121' title='bbox 1767 1423 1860 1474; x_wconf 74' lang='grc' dir='ltr'><strong>καὶ</strong></span> 
     </span>
    </p>
   </div>
   <div class='ocr_carea' id='block_1_16' title="bbox 268 1513 1859 1602">
    <p class='ocr_par' dir='ltr' id='par_1_16' title="bbox 268 1513 1859 1602">
     <span class='ocr_line' id='line_1_17' title="bbox 268 1513 1859 1602; baseline -0.012 -16"><span class='ocrx_word' id='word_1_122' title='bbox 268 1529 728 1602; x_wconf 83' lang='grc' dir='ltr'>ἀνθυποστρέψας</span> <span class='ocrx_word' id='word_1_123' title='bbox 781 1526 1119 1597; x_wconf 79' lang='grc' dir='ltr'>Αἰγίμουρον</span> <span class='ocrx_word' id='word_1_124' title='bbox 1177 1521 1533 1595; x_wconf 82' lang='grc' dir='ltr'>ἐχειρώσατο.</span> <span class='ocrx_word' id='word_1_125' title='bbox 1597 1513 1859 1577; x_wconf 80' lang='grc' dir='ltr'><strong>Μανίλιος</strong></span> 
     </span>
    </p>
   </div>
   <div class='ocr_carea' id='block_1_17' title="bbox 266 1603 1858 1695">
    <p class='ocr_par' dir='ltr' id='par_1_17' title="bbox 266 1603 1858 1695">
     <span class='ocr_line' id='line_1_18' title="bbox 266 1603 1858 1695; baseline -0.011 -16"><span class='ocrx_word' id='word_1_126' title='bbox 266 1625 325 1679; x_wconf 82' lang='grc' dir='ltr'><strong>δέ</strong></span> <span class='ocrx_word' id='word_1_127' title='bbox 355 1623 586 1695; x_wconf 84' lang='grc' dir='ltr'>ὥρμησε</span> <span class='ocrx_word' id='word_1_128' title='bbox 633 1623 733 1693; x_wconf 83' lang='grc' dir='ltr'><strong>μὲν</strong></span> <span class='ocrx_word' id='word_1_129' title='bbox 779 1624 858 1684; x_wconf 77' lang='grc' dir='ltr'>εἰς</span> <span class='ocrx_word' id='word_1_130' title='bbox 911 1623 1010 1690; x_wconf 79' lang='grc' dir='ltr'><strong>τὴν</strong></span> <span class='ocrx_word' id='word_1_131' title='bbox 1061 1618 1347 1690; x_wconf 79' lang='grc' dir='ltr'><strong>μεσόγειον</strong></span> <span class='ocrx_word' id='word_1_132' title='bbox 1377 1632 1392 1647; x_wconf 78' lang='grc' dir='ltr'><strong>ο</strong></span> <span class='ocrx_word' id='word_1_133' title='bbox 1445 1611 1787 1682; x_wconf 79' lang='grc' dir='ltr'><strong>κακούμενος</strong></span> <span class='ocrx_word' id='word_1_134' title='bbox 1813 1603 1858 1662; x_wconf 86' lang='grc' dir='ltr'>δ’</span> 
     </span>
    </p>
   </div>
   <div class='ocr_carea' id='block_1_18' title="bbox 270 1703 1860 1786">
    <p class='ocr_par' dir='ltr' id='par_1_18' title="bbox 270 1703 1860 1786">
     <span class='ocr_line' id='line_1_19' title="bbox 270 1703 1860 1786; baseline -0.01 -14"><span class='ocrx_word' id='word_1_135' title='bbox 270 1718 379 1772; x_wconf 74' lang='grc' dir='ltr'><strong>ὑπὸ</strong></span> <span class='ocrx_word' id='word_1_136' title='bbox 413 1716 734 1786; x_wconf 80' lang='grc' dir='ltr'>Ἰμίλκωνος</span> <span class='ocrx_word' id='word_1_137' title='bbox 762 1714 857 1769; x_wconf 82' lang='grc' dir='ltr'>τοῦ</span> <span class='ocrx_word' id='word_1_138' title='bbox 889 1714 1000 1768; x_wconf 86' lang='grc' dir='ltr'>τῶν</span> <span class='ocrx_word' id='word_1_139' title='bbox 1047 1710 1438 1784; x_wconf 77' lang='grc' dir='ltr'><strong>Καρχηδονίων</strong></span> <span class='ocrx_word' id='word_1_140' title='bbox 1469 1707 1770 1777; x_wconf 76' lang='grc' dir='ltr'><strong>ἱππάρχου,</strong></span> <span class='ocrx_word' id='word_1_141' title='bbox 1798 1703 1860 1757; x_wconf 74' lang='grc' dir='ltr'>ὃν</span> 
     </span>
    </p>
   </div>
   <div class='ocr_carea' id='block_1_19' title="bbox 271 1794 1862 1878">
    <p class='ocr_par' dir='ltr' id='par_1_19' title="bbox 271 1794 1862 1878">
     <span class='ocr_line' id='line_1_20' title="bbox 271 1794 1862 1878; baseline -0.01 -16"><span class='ocrx_word' id='word_1_142' title='bbox 271 1809 369 1862; x_wconf 72' lang='grc' dir='ltr'><strong>καὶ</strong></span> <span class='ocrx_word' id='word_1_143' title='bbox 390 1806 602 1861; x_wconf 76' lang='grc' dir='ltr'>Φαϐἐαν</span> <span class='ocrx_word' id='word_1_144' title='bbox 625 1804 740 1878; x_wconf 77' lang='grc'><strong>(55)</strong></span> <span class='ocrx_word' id='word_1_145' title='bbox 771 1804 1026 1867; x_wconf 76' lang='grc' dir='ltr'><strong>ἐκάλουν,</strong></span> <span class='ocrx_word' id='word_1_146' title='bbox 1084 1802 1224 1874; x_wconf 82' lang='grc' dir='ltr'>πρὸς</span> <span class='ocrx_word' id='word_1_147' title='bbox 1271 1799 1370 1871; x_wconf 79' lang='grc' dir='ltr'>τὴν</span> <span class='ocrx_word' id='word_1_148' title='bbox 1399 1795 1729 1878; x_wconf 79' lang='grc' dir='ltr'>Καρχηδόνα</span> <span class='ocrx_word' id='word_1_149' title='bbox 1761 1794 1862 1847; x_wconf 85' lang='grc' dir='ltr'><strong>ἐπ-</strong></span> 
     </span>
    </p>
   </div>
   <div class='ocr_carea' id='block_1_20' title="bbox 241 1874 1862 1973">
    <p class='ocr_par' dir='ltr' id='par_1_20' title="bbox 241 1874 1862 1973">
     <span class='ocr_line' id='line_1_21' title="bbox 241 1874 1862 1973; baseline -0.009 -17"><span class='ocrx_word' id='word_1_150' title='bbox 241 1900 593 1973; x_wconf 69' lang='grc' dir='ltr'>ανελήλυθε.</span> <span class='ocrx_word' id='word_1_151' title='bbox 637 1874 832 1954; x_wconf 68' lang='grc' dir='ltr'>’Κάκεῖ</span> <span class='ocrx_word' id='word_1_152' title='bbox 857 1898 913 1951; x_wconf 84' lang='grc' dir='ltr'>δὲ</span> <span class='ocrx_word' id='word_1_153' title='bbox 952 1896 1151 1962; x_wconf 77' lang='grc' dir='ltr'>ἔξωθεν</span> <span class='ocrx_word' id='word_1_154' title='bbox 1179 1895 1208 1948; x_wconf 88' lang='grc' dir='ltr'><strong>ό</strong></span> <span class='ocrx_word' id='word_1_155' title='bbox 1264 1891 1620 1964; x_wconf 81' lang='grc' dir='ltr'>Ἀσδρούϐας,</span> <span class='ocrx_word' id='word_1_156' title='bbox 1650 1874 1862 1943; x_wconf 83' lang='grc' dir='ltr'>ἔνδοθεν</span> 
     </span>
    </p>
   </div>
   <div class='ocr_carea' id='block_1_21' title="bbox 272 1981 1858 2062">
    <p class='ocr_par' dir='ltr' id='par_1_21' title="bbox 272 1981 1858 2062">
     <span class='ocr_line' id='line_1_22' title="bbox 272 1981 1858 2062; baseline -0.009 -13"><span class='ocrx_word' id='word_1_157' title='bbox 272 1997 318 2050; x_wconf 85' lang='grc' dir='ltr'>δ’</span> <span class='ocrx_word' id='word_1_158' title='bbox 354 1995 666 2059; x_wconf 76' lang='grc' dir='ltr'>ἐπεξιόντες</span> <span class='ocrx_word' id='word_1_159' title='bbox 704 1994 754 2046; x_wconf 89' lang='grc' dir='ltr'>οί</span> <span class='ocrx_word' id='word_1_160' title='bbox 797 1993 856 2046; x_wconf 90' lang='grc' dir='ltr'>ἐν</span> <span class='ocrx_word' id='word_1_161' title='bbox 894 1993 959 2062; x_wconf 75' lang='grc' dir='ltr'>τῇ</span> <span class='ocrx_word' id='word_1_162' title='bbox 996 1989 1174 2056; x_wconf 87' lang='grc' dir='ltr'>πόλει,</span> <span class='ocrx_word' id='word_1_163' title='bbox 1204 1988 1298 2043; x_wconf 83' lang='grc' dir='ltr'>καὶ</span> <span class='ocrx_word' id='word_1_164' title='bbox 1335 1986 1555 2056; x_wconf 86' lang='grc' dir='ltr'><strong>νύκτωρ</strong></span> <span class='ocrx_word' id='word_1_165' title='bbox 1599 1984 1695 2038; x_wconf 75' lang='grc' dir='ltr'><strong>καὶ</strong></span> <span class='ocrx_word' id='word_1_166' title='bbox 1738 1981 1858 2055; x_wconf 86' lang='grc' dir='ltr'>μεθ’</span> 
     </span>
    </p>
   </div>
   <div class='ocr_carea' id='block_1_22' title="bbox 273 2070 1857 2158">
    <p class='ocr_par' dir='ltr' id='par_1_22' title="bbox 273 2070 1857 2158">
     <span class='ocr_line' id='line_1_23' title="bbox 273 2070 1857 2158; baseline -0.008 -18"><span class='ocrx_word' id='word_1_167' title='bbox 273 2088 490 2158; x_wconf 76' lang='grc' dir='ltr'>ἡμέραν</span> <span class='ocrx_word' id='word_1_168' title='bbox 540 2085 705 2140; x_wconf 83' lang='grc' dir='ltr'>αὑτὸν</span> <span class='ocrx_word' id='word_1_169' title='bbox 766 2084 1022 2139; x_wconf 82' lang='grc' dir='ltr'>ἐκάκουν.</span> <span class='ocrx_word' id='word_1_170' title='bbox 1086 2081 1623 2152; x_wconf 83' lang='grc' dir='ltr'>Καταφρονήσαντες</span> <span class='ocrx_word' id='word_1_171' title='bbox 1670 2070 1767 2132; x_wconf 82' lang='grc' dir='ltr'><strong>οὖν</strong></span> <span class='ocrx_word' id='word_1_172' title='bbox 1809 2076 1857 2129; x_wconf 76' lang='lat' dir='ltr'><strong>oi</strong></span> 
     </span>
    </p>
   </div>
   <div class='ocr_carea' id='block_1_23' title="bbox 273 2170 1861 2249">
    <p class='ocr_par' dir='ltr' id='par_1_23' title="bbox 273 2170 1861 2249">
     <span class='ocr_line' id='line_1_24' title="bbox 273 2170 1861 2249; baseline -0.009 -15"><span class='ocrx_word' id='word_1_173' title='bbox 273 2180 639 2249; x_wconf 81' lang='grc' dir='ltr'>Καρχηδόνιοι</span> <span class='ocrx_word' id='word_1_174' title='bbox 671 2177 768 2230; x_wconf 81' lang='grc' dir='ltr'>καὶ</span> <span class='ocrx_word' id='word_1_175' title='bbox 807 2177 968 2247; x_wconf 82' lang='grc' dir='ltr'>μέχρι</span> <span class='ocrx_word' id='word_1_176' title='bbox 995 2175 1090 2229; x_wconf 84' lang='grc' dir='ltr'>τοῦ</span> <span class='ocrx_word' id='word_1_177' title='bbox 1126 2172 1496 2245; x_wconf 87' lang='grc' dir='ltr'>στρατοπέδου</span> <span class='ocrx_word' id='word_1_178' title='bbox 1546 2170 1727 2226; x_wconf 70' lang='grc' dir='ltr'>αὐτῶν</span> <span class='ocrx_word' id='word_1_179' title='bbox 1760 2170 1861 2221; x_wconf 87' lang='grc' dir='ltr'>ἐπ-</span> 
     </span>
    </p>
   </div>
   <div class='ocr_carea' id='block_1_24' title="bbox 273 2262 1857 2342">
    <p class='ocr_par' dir='ltr' id='par_1_24' title="bbox 273 2262 1857 2342">
     <span class='ocr_line' id='line_1_25' title="bbox 273 2262 1857 2342; baseline -0.006 -18"><span class='ocrx_word' id='word_1_180' title='bbox 273 2272 462 2342; x_wconf 83' lang='grc' dir='ltr'>ῆλθον,</span> <span class='ocrx_word' id='word_1_181' title='bbox 523 2273 619 2325; x_wconf 70' lang='grc' dir='ltr'>καὶ</span> <span class='ocrx_word' id='word_1_182' title='bbox 665 2269 895 2340; x_wconf 80' lang='grc' dir='ltr'>συχνοὺς</span> <span class='ocrx_word' id='word_1_183' title='bbox 949 2266 1320 2331; x_wconf 85' lang='grc' dir='ltr'>ἀποϐαλόντες</span> <span class='ocrx_word' id='word_1_184' title='bbox 1378 2264 1592 2327; x_wconf 79' lang='grc' dir='ltr'>(ἄοπλοι</span> <span class='ocrx_word' id='word_1_185' title='bbox 1637 2262 1748 2334; x_wconf 79' lang='grc' dir='ltr'>γὰρ</span> <span class='ocrx_word' id='word_1_186' title='bbox 1806 2263 1857 2315; x_wconf 83' lang='grc' dir='ltr'><strong>οἱ</strong></span> 
     </span>
    </p>
   </div>
   <div class='ocr_carea' id='block_1_25' title="bbox 276 2355 1939 2450">
    <p class='ocr_par' dir='ltr' id='par_1_25' title="bbox 276 2355 1939 2450">
     <span class='ocr_line' id='line_1_26' title="bbox 276 2355 1939 2450; baseline -0.005 -32"><span class='ocrx_word' id='word_1_187' title='bbox 276 2365 498 2428; x_wconf 79' lang='grc' dir='ltr'>πλείους</span> <span class='ocrx_word' id='word_1_188' title='bbox 529 2360 695 2433; x_wconf 78' lang='grc' dir='ltr'>ἦσαν)</span> <span class='ocrx_word' id='word_1_189' title='bbox 732 2364 810 2426; x_wconf 85' lang='grc' dir='ltr'><strong>είς</strong></span> <span class='ocrx_word' id='word_1_190' title='bbox 849 2363 912 2415; x_wconf 74' lang='grc' dir='ltr'>τὸ</span> <span class='ocrx_word' id='word_1_191' title='bbox 946 2363 1128 2431; x_wconf 87' lang='grc' dir='ltr'>τεῖχος</span> <span class='ocrx_word' id='word_1_192' title='bbox 1168 2355 1328 2422; x_wconf 83' lang='grc' dir='ltr'>αὖθις</span> <span class='ocrx_word' id='word_1_193' title='bbox 1370 2356 1855 2425; x_wconf 75' lang='grc' dir='ltr'>συνεκλείσθησαν.</span> <span class='ocrx_word' id='word_1_194' title='bbox 1897 2395 1939 2450; x_wconf 73' lang='grc' dir='ltr'><strong>Β</strong></span> 
     </span>
    </p>
   </div>
   <div class='ocr_carea' id='block_1_26' title="bbox 287 2448 1867 2521">
    <p class='ocr_par' dir='ltr' id='par_1_26' title="bbox 287 2448 1867 2521">
     <span class='ocr_line' id='line_1_27' title="bbox 287 2448 1867 2521; baseline -0.003 -17"><span class='ocrx_word' id='word_1_195' title='bbox 287 2453 349 2504; x_wconf 86' lang='lat'><strong>&#39;0</strong></span> <span class='ocrx_word' id='word_1_196' title='bbox 380 2452 437 2505; x_wconf 85' lang='grc' dir='ltr'><strong>δέ</strong></span> <span class='ocrx_word' id='word_1_197' title='bbox 489 2452 748 2514; x_wconf 78' lang='grc' dir='ltr'>Μανίλιος</span> <span class='ocrx_word' id='word_1_198' title='bbox 802 2450 882 2521; x_wconf 84' lang='grc' dir='ltr'>τῷ</span> <span class='ocrx_word' id='word_1_199' title='bbox 952 2449 1254 2521; x_wconf 69' lang='grc' dir='ltr'>Ἀσδρούϐα</span> <span class='ocrx_word' id='word_1_200' title='bbox 1305 2448 1576 2518; x_wconf 79' lang='grc' dir='ltr'>συμμίξαι</span> <span class='ocrx_word' id='word_1_201' title='bbox 1628 2448 1867 2515; x_wconf 88' lang='grc' dir='ltr'>μάλιστα</span> 
     </span>
    </p>
   </div>
   <div class='ocr_carea' id='block_1_27' title="bbox 277 2538 1869 2611">
    <p class='ocr_par' dir='ltr' id='par_1_27' title="bbox 277 2538 1869 2611">
     <span class='ocr_line' id='line_1_28' title="bbox 277 2538 1869 2611; baseline -0.003 -17"><span class='ocrx_word' id='word_1_202' title='bbox 277 2542 475 2606; x_wconf 83' lang='grc' dir='ltr'>εἵλετο,</span> <span class='ocrx_word' id='word_1_203' title='bbox 536 2543 631 2596; x_wconf 77' lang='grc' dir='ltr'>καὶ</span> <span class='ocrx_word' id='word_1_204' title='bbox 677 2542 726 2595; x_wconf 77' lang='grc' dir='ltr'><strong>εἰ</strong></span> <span class='ocrx_word' id='word_1_205' title='bbox 776 2544 984 2596; x_wconf 85' lang='grc' dir='ltr'>ἐκεῖνον</span> <span class='ocrx_word' id='word_1_206' title='bbox 1039 2540 1255 2611; x_wconf 80' lang='grc' dir='ltr'>νικήσει</span> <span class='ocrx_word' id='word_1_207' title='bbox 1322 2540 1453 2611; x_wconf 81' lang='grc' dir='ltr'>ῥᾷον</span> <span class='ocrx_word' id='word_1_208' title='bbox 1489 2541 1606 2603; x_wconf 83' lang='grc' dir='ltr'>τοῖς</span> <span class='ocrx_word' id='word_1_209' title='bbox 1657 2538 1869 2599; x_wconf 70' lang='grc' dir='ltr'>λοιποῖς</span> 
     </span>
    </p>
   </div>
   <div class='ocr_carea' id='block_1_28' title="bbox 280 2627 1871 2700">
    <p class='ocr_par' dir='ltr' id='par_1_28' title="bbox 280 2627 1871 2700">
     <span class='ocr_line' id='line_1_29' title="bbox 280 2627 1871 2700; baseline -0.001 -19"><span class='ocrx_word' id='word_1_210' title='bbox 280 2630 768 2700; x_wconf 85' lang='grc' dir='ltr'>προσπολεμήσειν</span> <span class='ocrx_word' id='word_1_211' title='bbox 800 2629 1042 2699; x_wconf 79' lang='grc' dir='ltr'>ἐνόμιζε,</span> <span class='ocrx_word' id='word_1_212' title='bbox 1097 2630 1193 2684; x_wconf 86' lang='grc' dir='ltr'><strong>καί</strong></span> <span class='ocrx_word' id='word_1_213' title='bbox 1249 2629 1301 2683; x_wconf 80' lang='grc' dir='ltr'><strong>οἱ</strong></span> <span class='ocrx_word' id='word_1_214' title='bbox 1359 2628 1685 2699; x_wconf 79' lang='grc' dir='ltr'>προσέμιξε.</span> <span class='ocrx_word' id='word_1_215' title='bbox 1724 2627 1871 2697; x_wconf 62' lang='grc' dir='ltr'>Πρός</span> 
     </span>
    </p>
   </div>
   <div class='ocr_carea' id='block_1_29' title="bbox 280 2719 1871 2794">
    <p class='ocr_par' dir='ltr' id='par_1_29' title="bbox 280 2719 1871 2794">
     <span class='ocr_line' id='line_1_30' title="bbox 280 2719 1871 2794; baseline -0.003 -19"><span class='ocrx_word' id='word_1_216' title='bbox 280 2723 338 2775; x_wconf 86' lang='grc' dir='ltr'><strong>δέ</strong></span> <span class='ocrx_word' id='word_1_217' title='bbox 370 2741 421 2776; x_wconf 88' lang='grc' dir='ltr'><strong>τι</strong></span> <span class='ocrx_word' id='word_1_218' title='bbox 455 2723 717 2794; x_wconf 86' lang='grc' dir='ltr'>φρούριον</span> <span class='ocrx_word' id='word_1_219' title='bbox 753 2723 1133 2794; x_wconf 76' lang='grc' dir='ltr'>ἀναχωροῦντι</span> <span class='ocrx_word' id='word_1_220' title='bbox 1173 2720 1646 2791; x_wconf 80' lang='grc' dir='ltr'>ἐπακολουθήσας,</span> <span class='ocrx_word' id='word_1_221' title='bbox 1680 2719 1871 2773; x_wconf 79' lang='grc' dir='ltr'>ἔλαθεν</span> 
     </span>
    </p>
   </div>
   <div class='ocr_carea' id='block_1_30' title="bbox 285 2810 1871 2884">
    <p class='ocr_par' dir='ltr' id='par_1_30' title="bbox 285 2810 1871 2884">
     <span class='ocr_line' id='line_1_31' title="bbox 285 2810 1871 2884; baseline 0 -18"><span class='ocrx_word' id='word_1_222' title='bbox 285 2814 415 2867; x_wconf 72' lang='grc' dir='ltr'>είῖω</span> <span class='ocrx_word' id='word_1_223' title='bbox 446 2814 631 2884; x_wconf 83' lang='grc' dir='ltr'>χώρας</span> <span class='ocrx_word' id='word_1_224' title='bbox 659 2814 919 2884; x_wconf 77' lang='grc' dir='ltr'>τραχείας</span> <span class='ocrx_word' id='word_1_225' title='bbox 952 2814 1048 2868; x_wconf 79' lang='grc' dir='ltr'><strong>καὶ</strong></span> <span class='ocrx_word' id='word_1_226' title='bbox 1071 2814 1402 2884; x_wconf 86' lang='grc' dir='ltr'>στενοπόρου</span> <span class='ocrx_word' id='word_1_227' title='bbox 1429 2813 1740 2882; x_wconf 87' lang='grc' dir='ltr'>γενόμενος,</span> <span class='ocrx_word' id='word_1_228' title='bbox 1774 2810 1871 2866; x_wconf 82' lang='grc' dir='ltr'>καὶ</span> 
     </span>
    </p>
   </div>
   <div class='ocr_carea' id='block_1_31' title="bbox 285 2906 1871 2978">
    <p class='ocr_par' dir='ltr' id='par_1_31' title="bbox 285 2906 1871 2978">
     <span class='ocr_line' id='line_1_32' title="bbox 285 2906 1871 2978; baseline 0 -18"><span class='ocrx_word' id='word_1_229' title='bbox 285 2908 474 2972; x_wconf 78' lang='grc' dir='ltr'>δεινῶς</span> <span class='ocrx_word' id='word_1_230' title='bbox 511 2907 789 2978; x_wconf 82' lang='grc' dir='ltr'>ἐκακώθη.</span> <span class='ocrx_word' id='word_1_231' title='bbox 834 2909 944 2961; x_wconf 76' lang='grc' dir='ltr'>Καὶ</span> <span class='ocrx_word' id='word_1_232' title='bbox 986 2908 1218 2962; x_wconf 75' lang='grc' dir='ltr'>πανσυδὶ</span> <span class='ocrx_word' id='word_1_233' title='bbox 1259 2907 1327 2961; x_wconf 83' lang='grc' dir='ltr'>ἂν</span> <span class='ocrx_word' id='word_1_234' title='bbox 1379 2906 1669 2978; x_wconf 76' lang='grc' dir='ltr'>διεφθάρη,</span> <span class='ocrx_word' id='word_1_235' title='bbox 1706 2906 1756 2960; x_wconf 86' lang='grc' dir='ltr'>εἰ</span> <span class='ocrx_word' id='word_1_236' title='bbox 1794 2906 1871 2975; x_wconf 80' lang='grc' dir='ltr'>μὴ</span> 
     </span>
    </p>
   </div>
   <div class='ocr_carea' id='block_1_32' title="bbox 289 2998 1872 3073">
    <p class='ocr_par' dir='ltr' id='par_1_32' title="bbox 289 2998 1872 3073">
     <span class='ocr_line' id='line_1_33' title="bbox 289 2998 1872 3073; baseline -0.001 -20"><span class='ocrx_word' id='word_1_237' title='bbox 289 2999 534 3055; x_wconf 75' lang='grc' dir='ltr'>Σκιπίων</span> <span class='ocrx_word' id='word_1_238' title='bbox 561 3004 588 3054; x_wconf 88' lang='grc' dir='ltr'>ὁ</span> <span class='ocrx_word' id='word_1_239' title='bbox 619 3000 711 3054; x_wconf 76' lang='grc' dir='ltr'>τοῦ</span> <span class='ocrx_word' id='word_1_240' title='bbox 756 3000 1091 3073; x_wconf 79' lang='grc' dir='ltr'>’Δφρικανοῦ</span> <span class='ocrx_word' id='word_1_241' title='bbox 1125 2999 1547 3072; x_wconf 80' lang='grc' dir='ltr'>χρησιμώτατος</span> <span class='ocrx_word' id='word_1_242' title='bbox 1575 2999 1727 3069; x_wconf 86' lang='grc' dir='ltr'>αύτῷ</span> <span class='ocrx_word' id='word_1_243' title='bbox 1751 2998 1872 3072; x_wconf 82' lang='grc' dir='ltr'>ἐγέ-</span> 
     </span>
    </p>
   </div>
   <div class='ocr_carea' id='block_1_33' title="bbox 289 3091 1873 3164">
    <p class='ocr_par' dir='ltr' id='par_1_33' title="bbox 289 3091 1873 3164">
     <span class='ocr_line' id='line_1_34' title="bbox 289 3091 1873 3164; baseline 0.001 -19"><span class='ocrx_word' id='word_1_244' title='bbox 289 3111 431 3161; x_wconf 80' lang='grc' dir='ltr'>νετο,</span> <span class='ocrx_word' id='word_1_245' title='bbox 463 3094 604 3164; x_wconf 81' lang='grc' dir='ltr'>ἀνὴρ</span> <span class='ocrx_word' id='word_1_246' title='bbox 634 3094 855 3164; x_wconf 77' lang='grc' dir='ltr'>ἄριστος</span> <span class='ocrx_word' id='word_1_247' title='bbox 890 3095 990 3163; x_wconf 84' lang='grc' dir='ltr'>μὲν</span> <span class='ocrx_word' id='word_1_248' title='bbox 1019 3093 1213 3163; x_wconf 79' lang='grc' dir='ltr'>νοῆσαι</span> <span class='ocrx_word' id='word_1_249' title='bbox 1241 3094 1338 3146; x_wconf 77' lang='grc' dir='ltr'><strong>καὶ</strong></span> <span class='ocrx_word' id='word_1_250' title='bbox 1368 3091 1772 3163; x_wconf 74' lang='grc' dir='ltr'>προϐουλεῦσαι</span> <span class='ocrx_word' id='word_1_251' title='bbox 1804 3093 1873 3146; x_wconf 82' lang='grc' dir='ltr'>τὰ</span> 
     </span>
    </p>
   </div>
   <div class='ocr_carea' id='block_1_34' title="bbox 291 3183 1867 3256">
    <p class='ocr_par' dir='ltr' id='par_1_34' title="bbox 291 3183 1867 3256">
     <span class='ocr_line' id='line_1_35' title="bbox 291 3183 1867 3256; baseline 0 -18"><span class='ocrx_word' id='word_1_252' title='bbox 291 3187 581 3255; x_wconf 78' lang='grc' dir='ltr'>κράτιστα,</span> <span class='ocrx_word' id='word_1_253' title='bbox 606 3187 831 3253; x_wconf 81' lang='grc' dir='ltr'>ἄριστος</span> <span class='ocrx_word' id='word_1_254' title='bbox 850 3185 908 3239; x_wconf 89' lang='grc' dir='ltr'><strong>δέ</strong></span> <span class='ocrx_word' id='word_1_255' title='bbox 941 3186 1337 3256; x_wconf 87' lang='grc' dir='ltr'>χειρουργῆσαι</span> <span class='ocrx_word' id='word_1_256' title='bbox 1366 3184 1482 3256; x_wconf 80' lang='grc' dir='ltr'>(καὶ</span> <span class='ocrx_word' id='word_1_257' title='bbox 1514 3184 1622 3255; x_wconf 88' lang='grc' dir='ltr'><strong>γάρ</strong></span> <span class='ocrx_word' id='word_1_258' title='bbox 1656 3184 1734 3254; x_wconf 83' lang='grc' dir='ltr'>τῷ</span> <span class='ocrx_word' id='word_1_259' title='bbox 1763 3183 1867 3238; x_wconf 65' lang='lat' dir='ltr'><strong>cto-</strong></span> 
     </span>
    </p>
   </div>
   <div class='ocr_carea' id='block_1_35' title="bbox 294 3265 1876 3348">
    <p class='ocr_par' dir='ltr' id='par_1_35' title="bbox 294 3265 1876 3348">
     <span class='ocr_line' id='line_1_36' title="bbox 294 3265 1876 3348; baseline 0.003 -20"><span class='ocrx_word' id='word_1_260' title='bbox 294 3293 424 3344; x_wconf 82' lang='grc' dir='ltr'>ματι</span> <span class='ocrx_word' id='word_1_261' title='bbox 448 3275 703 3348; x_wconf 71' lang='grc' dir='ltr'>ἔρρωτο),</span> <span class='ocrx_word' id='word_1_262' title='bbox 737 3278 988 3348; x_wconf 82' lang='grc' dir='ltr'>ἐπιεικής</span> <span class='ocrx_word' id='word_1_263' title='bbox 1020 3294 1077 3330; x_wconf 88' lang='grc' dir='ltr'><strong>τε</strong></span> <span class='ocrx_word' id='word_1_264' title='bbox 1113 3277 1210 3331; x_wconf 73' lang='grc' dir='ltr'>καὶ</span> <span class='ocrx_word' id='word_1_265' title='bbox 1240 3276 1468 3347; x_wconf 83' lang='grc' dir='ltr'>μέτριος</span> <span class='ocrx_word' id='word_1_266' title='bbox 1496 3265 1585 3348; x_wconf 78' lang='grc' dir='ltr'>ἦν,</span> <span class='ocrx_word' id='word_1_267' title='bbox 1616 3278 1683 3331; x_wconf 84' lang='grc' dir='ltr'>δι’</span> <span class='ocrx_word' id='word_1_268' title='bbox 1714 3278 1751 3333; x_wconf 72' lang='grc' dir='ltr'><strong>ἃ</strong></span> <span class='ocrx_word' id='word_1_269' title='bbox 1780 3280 1876 3333; x_wconf 80' lang='grc' dir='ltr'>καὶ</span> 
     </span>
    </p>
   </div>
   <div class='ocr_carea' id='block_1_36' title="bbox 291 3369 1877 3440">
    <p class='ocr_par' dir='ltr' id='par_1_36' title="bbox 291 3369 1877 3440">
     <span class='ocr_line' id='line_1_37' title="bbox 291 3369 1877 3440; baseline 0.003 -19"><span class='ocrx_word' id='word_1_270' title='bbox 291 3369 382 3421; x_wconf 82' lang='grc' dir='ltr'><strong>τὸν</strong></span> <span class='ocrx_word' id='word_1_271' title='bbox 406 3369 600 3438; x_wconf 85' lang='grc' dir='ltr'>φθόνον</span> <span class='ocrx_word' id='word_1_272' title='bbox 630 3370 917 3439; x_wconf 78' lang='grc' dir='ltr'>ἐξέφυγεν.</span> <span class='ocrx_word' id='word_1_273' title='bbox 956 3371 1099 3433; x_wconf 85' lang='grc' dir='ltr'>’Ίσος</span> <span class='ocrx_word' id='word_1_274' title='bbox 1142 3370 1244 3438; x_wconf 79' lang='grc' dir='ltr'>μὲν</span> <span class='ocrx_word' id='word_1_275' title='bbox 1265 3369 1375 3440; x_wconf 80' lang='grc' dir='ltr'>γὰρ</span> <span class='ocrx_word' id='word_1_276' title='bbox 1398 3372 1511 3432; x_wconf 84' lang='grc' dir='ltr'>τοῖς</span> <span class='ocrx_word' id='word_1_277' title='bbox 1547 3370 1877 3425; x_wconf 75' lang='grc' dir='ltr'>ὑποδεεστέο</span> 
     </span>
    </p>
   </div>
   <div class='ocr_carea' id='block_1_37' title="bbox 293 3462 1875 3538">
    <p class='ocr_par' dir='ltr' id='par_1_37' title="bbox 293 3462 1875 3538">
     <span class='ocr_line' id='line_1_38' title="bbox 293 3462 1875 3538; baseline 0.003 -24"><span class='ocrx_word' id='word_1_278' title='bbox 293 3478 429 3532; x_wconf 59' lang='grc' dir='ltr'>ραις,</span> <span class='ocrx_word' id='word_1_279' title='bbox 464 3462 563 3516; x_wconf 82' lang='grc' dir='ltr'><strong>οὐκ</strong></span> <span class='ocrx_word' id='word_1_280' title='bbox 593 3463 834 3533; x_wconf 84' lang='grc' dir='ltr'>ἀμείνων</span> <span class='ocrx_word' id='word_1_281' title='bbox 856 3463 914 3517; x_wconf 86' lang='grc' dir='ltr'><strong>δέ</strong></span> <span class='ocrx_word' id='word_1_282' title='bbox 940 3462 1049 3517; x_wconf 88' lang='grc' dir='ltr'>τῶν</span> <span class='ocrx_word' id='word_1_283' title='bbox 1082 3463 1361 3534; x_wconf 85' lang='grc' dir='ltr'>ὁμοτίμων</span> <span class='ocrx_word' id='word_1_284' title='bbox 1387 3463 1713 3536; x_wconf 81' lang='grc' dir='ltr'>(ἐχιλιάρχει</span> <span class='ocrx_word' id='word_1_285' title='bbox 1745 3463 1875 3538; x_wconf 84' lang='grc' dir='ltr'>γὰρ)</span> 
     </span>
    </p>
   </div>
   <div class='ocr_carea' id='block_1_38' title="bbox 291 3551 1879 3626">
    <p class='ocr_par' dir='ltr' id='par_1_38' title="bbox 291 3551 1879 3626">
     <span class='ocr_line' id='line_1_39' title="bbox 291 3551 1879 3626; baseline 0.004 -23"><span class='ocrx_word' id='word_1_286' title='bbox 291 3553 675 3626; x_wconf 79' lang='grc' dir='ltr'>ἀσθενέστερος</span> <span class='ocrx_word' id='word_1_287' title='bbox 704 3554 760 3608; x_wconf 74' lang='grc' dir='ltr'>δὲ</span> <span class='ocrx_word' id='word_1_288' title='bbox 808 3555 917 3608; x_wconf 86' lang='grc' dir='ltr'>τῶν</span> <span class='ocrx_word' id='word_1_289' title='bbox 969 3554 1232 3623; x_wconf 76' lang='grc' dir='ltr'>μειζόνων</span> <span class='ocrx_word' id='word_1_290' title='bbox 1280 3552 1438 3624; x_wconf 71' lang='grc' dir='ltr'>ἠξίου</span> <span class='ocrx_word' id='word_1_291' title='bbox 1491 3551 1652 3610; x_wconf 73' lang='grc' dir='ltr'>εἶναι.</span> <span class='ocrx_word' id='word_1_292' title='bbox 1696 3556 1754 3611; x_wconf 85' lang='lat'><strong>&#39;0</strong></span> <span class='ocrx_word' id='word_1_293' title='bbox 1783 3551 1879 3610; x_wconf 80' lang='grc' dir='ltr'><strong>οὖν</strong></span> 
     </span>
    </p>
   </div>
   <div class='ocr_carea' id='block_1_39' title="bbox 293 3641 1878 3718">
    <p class='ocr_par' dir='ltr' id='par_1_39' title="bbox 293 3641 1878 3718">
     <span class='ocr_line' id='line_1_40' title="bbox 293 3641 1878 3718; baseline 0.003 -19"><span class='ocrx_word' id='word_1_294' title='bbox 293 3646 554 3709; x_wconf 83' lang='grc' dir='ltr'>Μανίλιος</span> <span class='ocrx_word' id='word_1_295' title='bbox 618 3649 711 3701; x_wconf 74' lang='grc' dir='ltr'>καὶ</span> <span class='ocrx_word' id='word_1_296' title='bbox 759 3641 882 3701; x_wconf 84' lang='grc' dir='ltr'>εἷπε</span> <span class='ocrx_word' id='word_1_297' title='bbox 936 3646 1005 3702; x_wconf 84' lang='grc' dir='ltr'>τὰ</span> <span class='ocrx_word' id='word_1_298' title='bbox 1064 3648 1195 3718; x_wconf 74' lang='grc' dir='ltr'>περὶ</span> <span class='ocrx_word' id='word_1_299' title='bbox 1242 3647 1433 3713; x_wconf 79' lang='grc' dir='ltr'>αὑτοῦ,</span> <span class='ocrx_word' id='word_1_300' title='bbox 1466 3650 1561 3703; x_wconf 75' lang='grc' dir='ltr'><strong>καὶ</strong></span> <span class='ocrx_word' id='word_1_301' title='bbox 1597 3647 1878 3703; x_wconf 76' lang='grc' dir='ltr'>ἐπέστειλε</span> 
     </span>
    </p>
   </div>
   <div class='ocr_carea' id='block_1_40' title="bbox 1966 1135 3557 1211">
    <p class='ocr_par' dir='ltr' id='par_1_40' title="bbox 1966 1135 3557 1211">
     <span class='ocr_line' id='line_1_41' title="bbox 1966 1135 3557 1211; baseline -0.006 -13"><span class='ocrx_word' id='word_1_302' title='bbox 1966 1142 2203 1198; x_wconf 80' lang='lat' dir='ltr'><strong>classem</strong></span> <span class='ocrx_word' id='word_1_303' title='bbox 2246 1158 2315 1197; x_wconf 76' lang='lat' dir='ltr'><strong>ex</strong></span> <span class='ocrx_word' id='word_1_304' title='bbox 2355 1142 2597 1197; x_wconf 92' lang='lat' dir='ltr'><strong>statione</strong></span> <span class='ocrx_word' id='word_1_305' title='bbox 2635 1143 2689 1196; x_wconf 90' lang='lat' dir='ltr'><strong>in</strong></span> <span class='ocrx_word' id='word_1_306' title='bbox 2726 1139 3024 1211; x_wconf 87' lang='lat' dir='ltr'><strong>paludibus</strong></span> <span class='ocrx_word' id='word_1_307' title='bbox 3059 1136 3258 1193; x_wconf 91' lang='lat' dir='ltr'><strong>morbo</strong></span> <span class='ocrx_word' id='word_1_308' title='bbox 3292 1135 3557 1192; x_wconf 81' lang='lat' dir='ltr'><strong>laboran-</strong></span> 
     </span>
    </p>
   </div>
   <div class='ocr_carea' id='block_1_41' title="bbox 1966 1226 3554 1301">
    <p class='ocr_par' dir='ltr' id='par_1_41' title="bbox 1966 1226 3554 1301">
     <span class='ocr_line' id='line_1_42' title="bbox 1966 1226 3554 1301; baseline -0.006 -11"><span class='ocrx_word' id='word_1_309' title='bbox 1966 1246 2098 1301; x_wconf 88' lang='lat' dir='ltr'><strong>tem,</strong></span> <span class='ocrx_word' id='word_1_310' title='bbox 2138 1235 2490 1291; x_wconf 84' lang='lat' dir='ltr'><strong>obsidionem</strong></span> <span class='ocrx_word' id='word_1_311' title='bbox 2526 1234 2835 1290; x_wconf 88' lang='lat' dir='ltr'><strong>solverunt.</strong></span> <span class='ocrx_word' id='word_1_312' title='bbox 2891 1233 2970 1287; x_wconf 87' lang='lat' dir='ltr'><strong>Ac</strong></span> <span class='ocrx_word' id='word_1_313' title='bbox 2994 1230 3225 1286; x_wconf 88' lang='lat' dir='ltr'><strong>Martius</strong></span> <span class='ocrx_word' id='word_1_314' title='bbox 3255 1228 3397 1283; x_wconf 90' lang='lat' dir='ltr'><strong>mari</strong></span> <span class='ocrx_word' id='word_1_315' title='bbox 3448 1226 3554 1282; x_wconf 89' lang='lat' dir='ltr'><strong>ali-</strong></span> 
     </span>
    </p>
   </div>
   <div class='ocr_carea' id='block_1_42' title="bbox 1964 1320 3549 1400">
    <p class='ocr_par' dir='ltr' id='par_1_42' title="bbox 1964 1320 3549 1400">
     <span class='ocr_line' id='line_1_43' title="bbox 1964 1320 3549 1400; baseline -0.006 -16"><span class='ocrx_word' id='word_1_316' title='bbox 1964 1328 2099 1399; x_wconf 86' lang='lat' dir='ltr'><strong>quid</strong></span> <span class='ocrx_word' id='word_1_317' title='bbox 2163 1327 2379 1385; x_wconf 84' lang='lat' dir='ltr'><strong>cﬂicere</strong></span> <span class='ocrx_word' id='word_1_318' title='bbox 2429 1342 2761 1400; x_wconf 83' lang='lat' dir='ltr'><strong>aggressus,</strong></span> <span class='ocrx_word' id='word_1_319' title='bbox 2836 1333 2934 1380; x_wconf 90' lang='lat' dir='ltr'><strong>aut</strong></span> <span class='ocrx_word' id='word_1_320' title='bbox 2987 1339 3141 1379; x_wconf 91' lang='lat' dir='ltr'><strong>oram</strong></span> <span class='ocrx_word' id='word_1_321' title='bbox 3205 1320 3549 1377; x_wconf 75' lang='lat' dir='ltr'><strong>maritimam</strong></span> 
     </span>
    </p>
   </div>
   <div class='ocr_carea' id='block_1_43' title="bbox 1963 1413 3559 1486">
    <p class='ocr_par' dir='ltr' id='par_1_43' title="bbox 1963 1413 3559 1486">
     <span class='ocr_line' id='line_1_44' title="bbox 1963 1413 3559 1486; baseline -0.006 -13"><span class='ocrx_word' id='word_1_322' title='bbox 1963 1435 2184 1486; x_wconf 82' lang='lat' dir='ltr'><strong>vexare,</strong></span> <span class='ocrx_word' id='word_1_323' title='bbox 2232 1434 2361 1475; x_wconf 89' lang='lat' dir='ltr'><strong>cum</strong></span> <span class='ocrx_word' id='word_1_324' title='bbox 2406 1434 2495 1474; x_wconf 90' lang='lat' dir='ltr'><strong>res</strong></span> <span class='ocrx_word' id='word_1_325' title='bbox 2525 1433 2632 1474; x_wconf 89' lang='lat' dir='ltr'><strong>non</strong></span> <span class='ocrx_word' id='word_1_326' title='bbox 2666 1414 3029 1479; x_wconf 72' lang='lat' dir='ltr'><strong>succederet,</strong></span> <span class='ocrx_word' id='word_1_327' title='bbox 3078 1413 3304 1468; x_wconf 87' lang='lat' dir='ltr'><strong>domum</strong></span> <span class='ocrx_word' id='word_1_328' title='bbox 3356 1423 3559 1467; x_wconf 82' lang='lat' dir='ltr'><strong>versus</strong></span> 
     </span>
    </p>
   </div>
   <div class='ocr_carea' id='block_1_44' title="bbox 1964 1502 3558 1582">
    <p class='ocr_par' dir='ltr' id='par_1_44' title="bbox 1964 1502 3558 1582">
     <span class='ocr_line' id='line_1_45' title="bbox 1964 1502 3558 1582; baseline -0.008 -14"><span class='ocrx_word' id='word_1_329' title='bbox 1964 1512 2123 1580; x_wconf 88' lang='lat' dir='ltr'><strong>abiit,</strong></span> <span class='ocrx_word' id='word_1_330' title='bbox 2158 1527 2442 1582; x_wconf 86' lang='lat' dir='ltr'><strong>cursuque</strong></span> <span class='ocrx_word' id='word_1_331' title='bbox 2466 1525 2738 1566; x_wconf 90' lang='lat' dir='ltr'><strong>converso</strong></span> <span class='ocrx_word' id='word_1_332' title='bbox 2766 1508 3116 1579; x_wconf 59' lang='lat' dir='ltr'><strong>[Egimurum</strong></span> <span class='ocrx_word' id='word_1_333' title='bbox 3155 1502 3397 1574; x_wconf 81' lang='lat' dir='ltr'><strong>subegit.</strong></span> <span class='ocrx_word' id='word_1_334' title='bbox 3443 1502 3558 1556; x_wconf 81' lang='lat' dir='ltr'><strong>Ma-</strong></span> 
     </span>
    </p>
   </div>
   <div class='ocr_carea' id='block_1_45' title="bbox 1964 1594 3558 1674">
    <p class='ocr_par' dir='ltr' id='par_1_45' title="bbox 1964 1594 3558 1674">
     <span class='ocr_line' id='line_1_46' title="bbox 1964 1594 3558 1674; baseline -0.008 -13"><span class='ocrx_word' id='word_1_335' title='bbox 1964 1606 2134 1661; x_wconf 90' lang='lat' dir='ltr'><strong>nilius</strong></span> <span class='ocrx_word' id='word_1_336' title='bbox 2169 1606 2225 1660; x_wconf 90' lang='lat' dir='ltr'><strong>in</strong></span> <span class='ocrx_word' id='word_1_337' title='bbox 2251 1604 2658 1661; x_wconf 90' lang='lat' dir='ltr'><strong>mediterranea</strong></span> <span class='ocrx_word' id='word_1_338' title='bbox 2693 1602 3000 1674; x_wconf 81' lang='lat' dir='ltr'><strong>profectus,</strong></span> <span class='ocrx_word' id='word_1_339' title='bbox 3032 1613 3159 1655; x_wconf 90' lang='lat' dir='ltr'><strong>cum</strong></span> <span class='ocrx_word' id='word_1_340' title='bbox 3187 1597 3259 1654; x_wconf 86' lang='lat' dir='ltr'><strong>ab</strong></span> <span class='ocrx_word' id='word_1_341' title='bbox 3292 1594 3558 1651; x_wconf 84' lang='lat' dir='ltr'><strong>Himilco-</strong></span> 
     </span>
    </p>
   </div>
   <div class='ocr_carea' id='block_1_46' title="bbox 1964 1683 3555 1766">
    <p class='ocr_par' dir='ltr' id='par_1_46' title="bbox 1964 1683 3555 1766">
     <span class='ocr_line' id='line_1_47' title="bbox 1964 1683 3555 1766; baseline -0.008 -15"><span class='ocrx_word' id='word_1_342' title='bbox 1964 1711 2056 1762; x_wconf 91' lang='lat' dir='ltr'><strong>ne,</strong></span> <span class='ocrx_word' id='word_1_343' title='bbox 2090 1695 2198 1766; x_wconf 75' lang='lat' dir='ltr'><strong>&#39;qui</strong></span> <span class='ocrx_word' id='word_1_344' title='bbox 2244 1695 2414 1751; x_wconf 90' lang='lat' dir='ltr'><strong>etiam</strong></span> <span class='ocrx_word' id='word_1_345' title='bbox 2450 1693 2662 1749; x_wconf 83' lang='lat' dir='ltr'><strong>Fabeas</strong></span> <span class='ocrx_word' id='word_1_346' title='bbox 2714 1690 3029 1757; x_wconf 89' lang='lat' dir='ltr'><strong>dicebatur,</strong></span> <span class='ocrx_word' id='word_1_347' title='bbox 3073 1683 3555 1756; x_wconf 76' lang='lat' dir='ltr'><strong>Carthaginiensis</strong></span> 
     </span>
    </p>
   </div>
   <div class='ocr_carea' id='block_1_47' title="bbox 1964 1778 3557 1858">
    <p class='ocr_par' dir='ltr' id='par_1_47' title="bbox 1964 1778 3557 1858">
     <span class='ocr_line' id='line_1_48' title="bbox 1964 1778 3557 1858; baseline -0.008 -15"><span class='ocrx_word' id='word_1_348' title='bbox 1964 1788 2252 1858; x_wconf 88' lang='lat' dir='ltr'><strong>equitatus</strong></span> <span class='ocrx_word' id='word_1_349' title='bbox 2284 1786 2546 1857; x_wconf 68' lang='lat' dir='ltr'><strong>praefecto</strong></span> <span class='ocrx_word' id='word_1_350' title='bbox 2583 1785 2989 1849; x_wconf 84' lang='lat' dir='ltr'><strong>lacesseretur,</strong></span> <span class='ocrx_word' id='word_1_351' title='bbox 3036 1778 3429 1849; x_wconf 78' lang='lat' dir='ltr'><strong>Carthaginem</strong></span> <span class='ocrx_word' id='word_1_352' title='bbox 3467 1791 3557 1832; x_wconf 66' lang='lat' dir='ltr'><strong>reo</strong></span> 
     </span>
    </p>
   </div>
   <div class='ocr_carea' id='block_1_48' title="bbox 1964 1869 3565 1950">
    <p class='ocr_par' dir='ltr' id='par_1_48' title="bbox 1964 1869 3565 1950">
     <span class='ocr_line' id='line_1_49' title="bbox 1964 1869 3565 1950; baseline -0.009 -12"><span class='ocrx_word' id='word_1_353' title='bbox 1964 1882 2089 1938; x_wconf 91' lang='lat' dir='ltr'><strong>diit.</strong></span> <span class='ocrx_word' id='word_1_354' title='bbox 2143 1880 2252 1937; x_wconf 92' lang='lat' dir='ltr'><strong>Sed</strong></span> <span class='ocrx_word' id='word_1_355' title='bbox 2297 1880 2375 1937; x_wconf 86' lang='lat' dir='ltr'><strong>ibi</strong></span> <span class='ocrx_word' id='word_1_356' title='bbox 2426 1893 2651 1950; x_wconf 91' lang='lat' dir='ltr'><strong>quoque</strong></span> <span class='ocrx_word' id='word_1_357' title='bbox 2693 1877 2832 1934; x_wconf 77' lang='lat' dir='ltr'><strong>foris</strong></span> <span class='ocrx_word' id='word_1_358' title='bbox 2886 1875 2956 1930; x_wconf 89' lang='lat' dir='ltr'><strong>ab</strong></span> <span class='ocrx_word' id='word_1_359' title='bbox 3008 1872 3360 1934; x_wconf 83' lang='lat' dir='ltr'><strong>Asdrubale,</strong></span> <span class='ocrx_word' id='word_1_360' title='bbox 3408 1869 3565 1925; x_wconf 90' lang='lat' dir='ltr'><strong>intus</strong></span> 
     </span>
    </p>
   </div>
   <div class='ocr_carea' id='block_1_49' title="bbox 1965 1964 3556 2046">
    <p class='ocr_par' dir='ltr' id='par_1_49' title="bbox 1965 1964 3556 2046">
     <span class='ocr_line' id='line_1_50' title="bbox 1965 1964 3556 2046; baseline -0.007 -16"><span class='ocrx_word' id='word_1_361' title='bbox 1965 1974 2265 2046; x_wconf 85' lang='lat' dir='ltr'><strong>eruptione</strong></span> <span class='ocrx_word' id='word_1_362' title='bbox 2314 1973 2522 2030; x_wconf 84' lang='lat' dir='ltr'><strong>civium</strong></span> <span class='ocrx_word' id='word_1_363' title='bbox 2577 1978 2746 2028; x_wconf 88' lang='lat' dir='ltr'><strong>noctu</strong></span> <span class='ocrx_word' id='word_1_364' title='bbox 2791 1978 2849 2027; x_wconf 91' lang='lat' dir='ltr'><strong>et</strong></span> <span class='ocrx_word' id='word_1_365' title='bbox 2902 1967 3150 2025; x_wconf 85' lang='lat' dir='ltr'><strong>interdiu</strong></span> <span class='ocrx_word' id='word_1_366' title='bbox 3198 1964 3556 2036; x_wconf 77' lang='lat' dir='ltr'><strong>fatigabatur.</strong></span> 
     </span>
    </p>
   </div>
   <div class='ocr_carea' id='block_1_50' title="bbox 1965 2055 3559 2138">
    <p class='ocr_par' dir='ltr' id='par_1_50' title="bbox 1965 2055 3559 2138">
     <span class='ocr_line' id='line_1_51' title="bbox 1965 2055 3559 2138; baseline -0.008 -15"><span class='ocrx_word' id='word_1_367' title='bbox 1965 2068 2157 2138; x_wconf 85' lang='lat' dir='ltr'><strong>Itaque</strong></span> <span class='ocrx_word' id='word_1_368' title='bbox 2181 2063 2672 2137; x_wconf 76' lang='lat' dir='ltr'><strong>Carthaginienses</strong></span> <span class='ocrx_word' id='word_1_369' title='bbox 2704 2077 2806 2135; x_wconf 89' lang='lat' dir='ltr'><strong>per</strong></span> <span class='ocrx_word' id='word_1_370' title='bbox 2842 2070 3224 2132; x_wconf 88' lang='lat' dir='ltr'><strong>contemptum</strong></span> <span class='ocrx_word' id='word_1_371' title='bbox 3267 2070 3447 2126; x_wconf 88' lang='lat' dir='ltr'><strong>usque</strong></span> <span class='ocrx_word' id='word_1_372' title='bbox 3486 2055 3559 2111; x_wconf 89' lang='lat' dir='ltr'><strong>ad</strong></span> 
     </span>
    </p>
   </div>
   <div class='ocr_carea' id='block_1_51' title="bbox 1966 2150 3562 2235">
    <p class='ocr_par' dir='ltr' id='par_1_51' title="bbox 1966 2150 3562 2235">
     <span class='ocr_line' id='line_1_52' title="bbox 1966 2150 3562 2235; baseline -0.008 -16"><span class='ocrx_word' id='word_1_373' title='bbox 1966 2171 2147 2221; x_wconf 88' lang='lat' dir='ltr'><strong>castra</strong></span> <span class='ocrx_word' id='word_1_374' title='bbox 2180 2171 2614 2235; x_wconf 83' lang='lat' dir='ltr'><strong>processerunt,</strong></span> <span class='ocrx_word' id='word_1_375' title='bbox 2647 2176 2714 2217; x_wconf 90' lang='lat' dir='ltr'><strong>ac</strong></span> <span class='ocrx_word' id='word_1_376' title='bbox 2741 2159 2934 2216; x_wconf 89' lang='lat' dir='ltr'><strong>multis</strong></span> <span class='ocrx_word' id='word_1_377' title='bbox 2968 2155 3189 2214; x_wconf 90' lang='lat' dir='ltr'><strong>amissis</strong></span> <span class='ocrx_word' id='word_1_378' title='bbox 3213 2155 3364 2228; x_wconf 87' lang='lat' dir='ltr'><strong>(nam</strong></span> <span class='ocrx_word' id='word_1_379' title='bbox 3390 2150 3562 2224; x_wconf 88' lang='lat' dir='ltr'><strong>pleri-</strong></span> 
     </span>
    </p>
   </div>
   <div class='ocr_carea' id='block_1_52' title="bbox 1966 2245 3659 2328">
    <p class='ocr_par' dir='ltr' id='par_1_52' title="bbox 1966 2245 3659 2328">
     <span class='ocr_line' id='line_1_53' title="bbox 1966 2245 3659 2328; baseline -0.008 -16"><span class='ocrx_word' id='word_1_380' title='bbox 1966 2272 2076 2328; x_wconf 88' lang='lat' dir='ltr'><strong>que</strong></span> <span class='ocrx_word' id='word_1_381' title='bbox 2122 2256 2368 2311; x_wconf 87' lang='lat' dir='ltr'><strong>inermes</strong></span> <span class='ocrx_word' id='word_1_382' title='bbox 2406 2254 2592 2326; x_wconf 87' lang='lat' dir='ltr'><strong>erant)</strong></span> <span class='ocrx_word' id='word_1_383' title='bbox 2631 2269 2830 2309; x_wconf 88' lang='lat' dir='ltr'><strong>rursus</strong></span> <span class='ocrx_word' id='word_1_384' title='bbox 2859 2253 2913 2308; x_wconf 92' lang='lat' dir='ltr'><strong>in</strong></span> <span class='ocrx_word' id='word_1_385' title='bbox 2936 2250 3141 2308; x_wconf 85' lang='lat' dir='ltr'><strong>moenia</strong></span> <span class='ocrx_word' id='word_1_386' title='bbox 3169 2256 3303 2305; x_wconf 90' lang='lat' dir='ltr'><strong>sunt</strong></span> <span class='ocrx_word' id='word_1_387' title='bbox 3332 2245 3561 2303; x_wconf 90' lang='lat' dir='ltr'><strong>conclu-</strong></span> <span class='ocrx_word' id='word_1_388' title='bbox 3656 2290 3659 2293; x_wconf 42' lang='grc' dir='ltr'><strong>ι</strong></span> 
     </span>
    </p>
   </div>
   <div class='ocr_carea' id='block_1_53' title="bbox 1967 2336 3557 2406">
    <p class='ocr_par' dir='ltr' id='par_1_53' title="bbox 1967 2336 3557 2406">
     <span class='ocr_line' id='line_1_54' title="bbox 1967 2336 3557 2406; baseline -0.008 -1"><span class='ocrx_word' id='word_1_389' title='bbox 1967 2350 2034 2406; x_wconf 92' lang='lat' dir='ltr'><strong>si.</strong></span> <span class='ocrx_word' id='word_1_390' title='bbox 2068 2348 2328 2403; x_wconf 82' lang='lat' dir='ltr'><strong>Manilius</strong></span> <span class='ocrx_word' id='word_1_391' title='bbox 2346 2362 2484 2402; x_wconf 90' lang='lat' dir='ltr'><strong>vero</strong></span> <span class='ocrx_word' id='word_1_392' title='bbox 2518 2347 2563 2401; x_wconf 90' lang='lat' dir='ltr'><strong>si</strong></span> <span class='ocrx_word' id='word_1_393' title='bbox 2592 2345 2959 2402; x_wconf 78' lang='lat' dir='ltr'><strong>Asdrubalem</strong></span> <span class='ocrx_word' id='word_1_394' title='bbox 2992 2343 3241 2403; x_wconf 86' lang='lat' dir='ltr'><strong>vicisset.</strong></span> <span class='ocrx_word' id='word_1_395' title='bbox 3274 2347 3478 2396; x_wconf 70' lang='lat' dir='ltr'><strong>caetera</strong></span> <span class='ocrx_word' id='word_1_396' title='bbox 3502 2336 3557 2393; x_wconf 92' lang='lat' dir='ltr'><strong>in</strong></span> 
     </span>
    </p>
   </div>
   <div class='ocr_carea' id='block_1_54' title="bbox 1972 2433 3562 2514">
    <p class='ocr_par' dir='ltr' id='par_1_54' title="bbox 1972 2433 3562 2514">
     <span class='ocr_line' id='line_1_55' title="bbox 1972 2433 3562 2514; baseline -0.007 -16"><span class='ocrx_word' id='word_1_397' title='bbox 1972 2441 2206 2514; x_wconf 85' lang='lat' dir='ltr'><strong>proclivi</strong></span> <span class='ocrx_word' id='word_1_398' title='bbox 2259 2441 2379 2498; x_wconf 85' lang='lat' dir='ltr'><strong>fore</strong></span> <span class='ocrx_word' id='word_1_399' title='bbox 2417 2449 2593 2506; x_wconf 85' lang='lat' dir='ltr'><strong>ratus,</strong></span> <span class='ocrx_word' id='word_1_400' title='bbox 2640 2441 2697 2494; x_wconf 91' lang='lat' dir='ltr'><strong>in</strong></span> <span class='ocrx_word' id='word_1_401' title='bbox 2753 2438 2949 2509; x_wconf 89' lang='lat' dir='ltr'><strong>primis</strong></span> <span class='ocrx_word' id='word_1_402' title='bbox 2986 2451 3213 2508; x_wconf 86' lang='lat' dir='ltr'><strong>operam</strong></span> <span class='ocrx_word' id='word_1_403' title='bbox 3264 2433 3443 2497; x_wconf 89' lang='lat' dir='ltr'><strong>dedit,</strong></span> <span class='ocrx_word' id='word_1_404' title='bbox 3499 2438 3562 2487; x_wconf 87' lang='lat' dir='ltr'><strong>ut</strong></span> 
     </span>
    </p>
   </div>
   <div class='ocr_carea' id='block_1_55' title="bbox 1971 2525 3558 2607">
    <p class='ocr_par' dir='ltr' id='par_1_55' title="bbox 1971 2525 3558 2607">
     <span class='ocr_line' id='line_1_56' title="bbox 1971 2525 3558 2607; baseline -0.008 -14"><span class='ocrx_word' id='word_1_405' title='bbox 1971 2553 2097 2593; x_wconf 89' lang='lat' dir='ltr'><strong>cum</strong></span> <span class='ocrx_word' id='word_1_406' title='bbox 2141 2551 2210 2593; x_wconf 92' lang='lat' dir='ltr'><strong>eo</strong></span> <span class='ocrx_word' id='word_1_407' title='bbox 2250 2533 2708 2607; x_wconf 76' lang='lat' dir='ltr'><strong>congrederetur,</strong></span> <span class='ocrx_word' id='word_1_408' title='bbox 2747 2531 3001 2602; x_wconf 82' lang='lat' dir='ltr'><strong>factaque</strong></span> <span class='ocrx_word' id='word_1_409' title='bbox 3038 2528 3318 2602; x_wconf 76' lang='lat' dir='ltr'><strong>pugnandi</strong></span> <span class='ocrx_word' id='word_1_410' title='bbox 3358 2525 3558 2597; x_wconf 87' lang='lat' dir='ltr'><strong>copia,</strong></span> 
     </span>
    </p>
   </div>
   <div class='ocr_carea' id='block_1_56' title="bbox 1971 2621 3556 2695">
    <p class='ocr_par' dir='ltr' id='par_1_56' title="bbox 1971 2621 3556 2695">
     <span class='ocr_line' id='line_1_57' title="bbox 1971 2621 3556 2695; baseline -0.009 -12"><span class='ocrx_word' id='word_1_411' title='bbox 1971 2627 2323 2695; x_wconf 84' lang='lat' dir='ltr'><strong>recedentem</strong></span> <span class='ocrx_word' id='word_1_412' title='bbox 2359 2627 2416 2682; x_wconf 89' lang='lat' dir='ltr'><strong>in</strong></span> <span class='ocrx_word' id='word_1_413' title='bbox 2454 2625 2738 2682; x_wconf 88' lang='lat' dir='ltr'><strong>castellum</strong></span> <span class='ocrx_word' id='word_1_414' title='bbox 2785 2621 3065 2694; x_wconf 91' lang='lat' dir='ltr'><strong>quoddam</strong></span> <span class='ocrx_word' id='word_1_415' title='bbox 3120 2626 3518 2690; x_wconf 87' lang='lat' dir='ltr'><strong>persecuturus</strong></span> <span class='ocrx_word' id='word_1_416' title='bbox 3540 2658 3556 2681; x_wconf 92' lang='lat'><strong>,</strong></span> 
     </span>
    </p>
   </div>
   <div class='ocr_carea' id='block_1_57' title="bbox 1973 2715 3557 2791">
    <p class='ocr_par' dir='ltr' id='par_1_57' title="bbox 1973 2715 3557 2791">
     <span class='ocr_line' id='line_1_58' title="bbox 1973 2715 3557 2791; baseline -0.011 -15"><span class='ocrx_word' id='word_1_417' title='bbox 1973 2736 2074 2791; x_wconf 91' lang='lat' dir='ltr'><strong>per</strong></span> <span class='ocrx_word' id='word_1_418' title='bbox 2110 2717 2541 2791; x_wconf 79' lang='lat' dir='ltr'><strong>imprudentiam</strong></span> <span class='ocrx_word' id='word_1_419' title='bbox 2590 2717 2644 2771; x_wconf 91' lang='lat' dir='ltr'><strong>in</strong></span> <span class='ocrx_word' id='word_1_420' title='bbox 2675 2716 2858 2771; x_wconf 91' lang='lat' dir='ltr'><strong>locum</strong></span> <span class='ocrx_word' id='word_1_421' title='bbox 2886 2726 3145 2784; x_wconf 89' lang='lat' dir='ltr'><strong>asperum</strong></span> <span class='ocrx_word' id='word_1_422' title='bbox 3170 2717 3228 2765; x_wconf 91' lang='lat' dir='ltr'><strong>et</strong></span> <span class='ocrx_word' id='word_1_423' title='bbox 3259 2715 3557 2778; x_wconf 83' lang='lat' dir='ltr'><strong>angustum</strong></span> 
     </span>
    </p>
   </div>
   <div class='ocr_carea' id='block_1_58' title="bbox 1975 2795 3558 2881">
    <p class='ocr_par' dir='ltr' id='par_1_58' title="bbox 1975 2795 3558 2881">
     <span class='ocr_line' id='line_1_59' title="bbox 1975 2795 3558 2881; baseline -0.011 -14"><span class='ocrx_word' id='word_1_424' title='bbox 1975 2812 2268 2881; x_wconf 86' lang='lat' dir='ltr'><strong>delapsus,</strong></span> <span class='ocrx_word' id='word_1_425' title='bbox 2303 2809 2552 2880; x_wconf 77' lang='lat' dir='ltr'><strong>graviter</strong></span> <span class='ocrx_word' id='word_1_426' title='bbox 2590 2806 2861 2878; x_wconf 84' lang='lat' dir='ltr'><strong>impegit:</strong></span> <span class='ocrx_word' id='word_1_427' title='bbox 2898 2818 2964 2859; x_wconf 86' lang='lat' dir='ltr'><strong>ac</strong></span> <span class='ocrx_word' id='word_1_428' title='bbox 2999 2818 3125 2859; x_wconf 90' lang='lat' dir='ltr'><strong>eum</strong></span> <span class='ocrx_word' id='word_1_429' title='bbox 3160 2808 3278 2857; x_wconf 91' lang='lat' dir='ltr'><strong>toto</strong></span> <span class='ocrx_word' id='word_1_430' title='bbox 3307 2795 3558 2854; x_wconf 81' lang='lat' dir='ltr'><strong>exercitu</strong></span> 
     </span>
    </p>
   </div>
   <div class='ocr_carea' id='block_1_59' title="bbox 1975 2896 3585 2973">
    <p class='ocr_par' dir='ltr' id='par_1_59' title="bbox 1975 2896 3585 2973">
     <span class='ocr_line' id='line_1_60' title="bbox 1975 2896 3585 2973; baseline -0.012 -14"><span class='ocrx_word' id='word_1_431' title='bbox 1975 2902 2250 2973; x_wconf 88' lang='lat' dir='ltr'><strong>periisset,</strong></span> <span class='ocrx_word' id='word_1_432' title='bbox 2282 2902 2338 2956; x_wconf 90' lang='lat' dir='ltr'><strong>ni</strong></span> <span class='ocrx_word' id='word_1_433' title='bbox 2370 2900 2557 2971; x_wconf 90' lang='lat' dir='ltr'><strong>Scipio</strong></span> <span class='ocrx_word' id='word_1_434' title='bbox 2584 2897 2826 2953; x_wconf 77' lang='lat' dir='ltr'><strong>Africani</strong></span> <span class='ocrx_word' id='word_1_435' title='bbox 2858 2896 3005 2951; x_wconf 84' lang='lat' dir='ltr'><strong>ﬁlius</strong></span> <span class='ocrx_word' id='word_1_436' title='bbox 3030 2902 3311 2949; x_wconf 83' lang='lat' dir='ltr'><strong>strenuam</strong></span> <span class='ocrx_word' id='word_1_437' title='bbox 3333 2901 3585 2959; x_wconf 66' lang='lat' dir='ltr'><strong>operam.</strong></span> 
     </span>
    </p>
   </div>
   <div class='ocr_carea' id='block_1_60' title="bbox 1976 2978 3603 3062">
    <p class='ocr_par' dir='ltr' id='par_1_60' title="bbox 1976 2978 3603 3062">
     <span class='ocr_line' id='line_1_61' title="bbox 1976 2978 3603 3062; baseline -0.006 -14"><span class='ocrx_word' id='word_1_438' title='bbox 1976 2993 2027 3049; x_wconf 87' lang='lat' dir='ltr'><strong>ei</strong></span> <span class='ocrx_word' id='word_1_439' title='bbox 2051 3003 2327 3058; x_wconf 65' lang='lat' dir='ltr'><strong>nat-asset,</strong></span> <span class='ocrx_word' id='word_1_440' title='bbox 2350 2992 2437 3046; x_wconf 92' lang='lat' dir='ltr'><strong>vir</strong></span> <span class='ocrx_word' id='word_1_441' title='bbox 2465 2989 2753 3062; x_wconf 80' lang='lat' dir='ltr'><strong>praesentis</strong></span> <span class='ocrx_word' id='word_1_442' title='bbox 2773 2988 2963 3056; x_wconf 91' lang='lat' dir='ltr'><strong>animi,</strong></span> <span class='ocrx_word' id='word_1_443' title='bbox 2986 2986 3292 3058; x_wconf 88' lang='lat' dir='ltr'><strong>optimique</strong></span> <span class='ocrx_word' id='word_1_444' title='bbox 3313 2978 3558 3044; x_wconf 76' lang='lat' dir='ltr'><strong>consilii,</strong></span> <span class='ocrx_word' id='word_1_445' title='bbox 3591 3026 3603 3038; x_wconf 87' lang='lat'><strong>.</strong></span> 
     </span>
    </p>
   </div>
   <div class='ocr_carea' id='block_1_61' title="bbox 1976 3073 3607 3156">
    <p class='ocr_par' dir='ltr' id='par_1_61' title="bbox 1976 3073 3607 3156">
     <span class='ocr_line' id='line_1_62' title="bbox 1976 3073 3607 3156; baseline -0.012 -13"><span class='ocrx_word' id='word_1_446' title='bbox 1976 3098 2034 3143; x_wconf 93' lang='lat' dir='ltr'><strong>et</strong></span> <span class='ocrx_word' id='word_1_447' title='bbox 2071 3102 2239 3142; x_wconf 91' lang='lat' dir='ltr'><strong>manu</strong></span> <span class='ocrx_word' id='word_1_448' title='bbox 2282 3085 2732 3156; x_wconf 88' lang='lat' dir='ltr'><strong>promptissimus</strong></span> <span class='ocrx_word' id='word_1_449' title='bbox 2764 3085 2908 3153; x_wconf 88' lang='lat' dir='ltr'><strong>(erat</strong></span> <span class='ocrx_word' id='word_1_450' title='bbox 2937 3080 3086 3136; x_wconf 90' lang='lat' dir='ltr'><strong>enim</strong></span> <span class='ocrx_word' id='word_1_451' title='bbox 3124 3077 3356 3133; x_wconf 90' lang='lat' dir='ltr'><strong>robusto</strong></span> <span class='ocrx_word' id='word_1_452' title='bbox 3386 3073 3557 3130; x_wconf 88' lang='lat' dir='ltr'><strong>etiam</strong></span> <span class='ocrx_word' id='word_1_453' title='bbox 3584 3104 3607 3121; x_wconf 58' lang='grc' dir='ltr'><strong><em>ρ</em></strong></span> 
     </span>
    </p>
   </div>
   <div class='ocr_carea' id='block_1_62' title="bbox 1978 3164 3603 3251">
    <p class='ocr_par' dir='ltr' id='par_1_62' title="bbox 1978 3164 3603 3251">
     <span class='ocr_line' id='line_1_63' title="bbox 1978 3164 3603 3251; baseline -0.012 -15"><span class='ocrx_word' id='word_1_454' title='bbox 1978 3177 2260 3251; x_wconf 88' lang='lat' dir='ltr'><strong>corpore),</strong></span> <span class='ocrx_word' id='word_1_455' title='bbox 2292 3178 2554 3248; x_wconf 65' lang='lat' dir='ltr'><strong>aequitate</strong></span> <span class='ocrx_word' id='word_1_456' title='bbox 2584 3182 2770 3230; x_wconf 88' lang='lat' dir='ltr'><strong>autem</strong></span> <span class='ocrx_word' id='word_1_457' title='bbox 2807 3170 3193 3241; x_wconf 85' lang='lat' dir='ltr'><strong>modestiaque</strong></span> <span class='ocrx_word' id='word_1_458' title='bbox 3224 3180 3443 3222; x_wconf 90' lang='lat' dir='ltr'><strong>morum</strong></span> <span class='ocrx_word' id='word_1_459' title='bbox 3470 3164 3559 3219; x_wconf 81' lang='lat' dir='ltr'><strong>in-</strong></span> <span class='ocrx_word' id='word_1_460' title='bbox 3593 3199 3603 3206; x_wconf 61' lang='grc' dir='ltr'><strong>ι</strong></span> 
     </span>
    </p>
   </div>
   <div class='ocr_carea' id='block_1_63' title="bbox 1977 3260 3613 3341">
    <p class='ocr_par' dir='ltr' id='par_1_63' title="bbox 1977 3260 3613 3341">
     <span class='ocr_line' id='line_1_64' title="bbox 1977 3260 3613 3341; baseline -0.009 -12"><span class='ocrx_word' id='word_1_461' title='bbox 1977 3272 2187 3329; x_wconf 87' lang='lat' dir='ltr'><strong>vidiam</strong></span> <span class='ocrx_word' id='word_1_462' title='bbox 2224 3269 2440 3341; x_wconf 78' lang='lat' dir='ltr'><strong>eﬂ‘ugit.</strong></span> <span class='ocrx_word' id='word_1_463' title='bbox 2473 3268 2612 3325; x_wconf 86' lang='lat' dir='ltr'><strong>Nam</strong></span> <span class='ocrx_word' id='word_1_464' title='bbox 2654 3281 2782 3322; x_wconf 91' lang='lat' dir='ltr'><strong>cum</strong></span> <span class='ocrx_word' id='word_1_465' title='bbox 2814 3265 3076 3320; x_wconf 86' lang='lat' dir='ltr'><strong>tribunus</strong></span> <span class='ocrx_word' id='word_1_466' title='bbox 3108 3260 3345 3318; x_wconf 86' lang='lat' dir='ltr'><strong>militum</strong></span> <span class='ocrx_word' id='word_1_467' title='bbox 3386 3262 3563 3321; x_wconf 71' lang='lat' dir='ltr'><strong>esset,</strong></span> <span class='ocrx_word' id='word_1_468' title='bbox 3594 3302 3613 3314; x_wconf 85' lang='lat'><strong>..</strong></span> 
     </span>
    </p>
   </div>
   <div class='ocr_carea' id='block_1_64' title="bbox 1980 3346 3564 3432">
    <p class='ocr_par' dir='ltr' id='par_1_64' title="bbox 1980 3346 3564 3432">
     <span class='ocr_line' id='line_1_65' title="bbox 1980 3346 3564 3432; baseline -0.012 -12"><span class='ocrx_word' id='word_1_469' title='bbox 1980 3361 2343 3420; x_wconf 78' lang='lat' dir='ltr'><strong>inferioribus</strong></span> <span class='ocrx_word' id='word_1_470' title='bbox 2390 3376 2512 3432; x_wconf 87' lang='lat' dir='ltr'><strong>par,</strong></span> <span class='ocrx_word' id='word_1_471' title='bbox 2561 3356 2795 3429; x_wconf 83' lang='lat' dir='ltr'><strong>paribus</strong></span> <span class='ocrx_word' id='word_1_472' title='bbox 2835 3369 2948 3410; x_wconf 89' lang='lat' dir='ltr'><strong>non</strong></span> <span class='ocrx_word' id='word_1_473' title='bbox 2991 3351 3214 3417; x_wconf 85' lang='lat' dir='ltr'><strong>melior,</strong></span> <span class='ocrx_word' id='word_1_474' title='bbox 3257 3346 3564 3421; x_wconf 79' lang='lat' dir='ltr'><strong>majoribus</strong></span> 
     </span>
    </p>
   </div>
   <div class='ocr_carea' id='block_1_65' title="bbox 1981 3440 3562 3518">
    <p class='ocr_par' dir='ltr' id='par_1_65' title="bbox 1981 3440 3562 3518">
     <span class='ocr_line' id='line_1_66' title="bbox 1981 3440 3562 3518; baseline -0.011 -6"><span class='ocrx_word' id='word_1_475' title='bbox 1981 3452 2256 3513; x_wconf 77' lang='lat' dir='ltr'><strong>inﬁrmior</strong></span> <span class='ocrx_word' id='word_1_476' title='bbox 2284 3470 2406 3512; x_wconf 89' lang='lat' dir='ltr'><strong>esse</strong></span> <span class='ocrx_word' id='word_1_477' title='bbox 2444 3452 2686 3509; x_wconf 88' lang='lat' dir='ltr'><strong>volebat.</strong></span> <span class='ocrx_word' id='word_1_478' title='bbox 2720 3448 2981 3506; x_wconf 85' lang='lat' dir='ltr'><strong>Manilius</strong></span> <span class='ocrx_word' id='word_1_479' title='bbox 3016 3446 3184 3518; x_wconf 83' lang='lat' dir='ltr'><strong>igitur</strong></span> <span class='ocrx_word' id='word_1_480' title='bbox 3210 3444 3281 3501; x_wconf 92' lang='lat' dir='ltr'><strong>de</strong></span> <span class='ocrx_word' id='word_1_481' title='bbox 3301 3458 3370 3499; x_wconf 93' lang='lat' dir='ltr'><strong>eo</strong></span> <span class='ocrx_word' id='word_1_482' title='bbox 3398 3450 3456 3499; x_wconf 91' lang='lat' dir='ltr'><strong>et</strong></span> <span class='ocrx_word' id='word_1_483' title='bbox 3476 3440 3562 3496; x_wconf 91' lang='lat' dir='ltr'><strong>lo-</strong></span> 
     </span>
    </p>
   </div>
   <div class='ocr_carea' id='block_1_66' title="bbox 1981 3534 3566 3614">
    <p class='ocr_par' dir='ltr' id='par_1_66' title="bbox 1981 3534 3566 3614">
     <span class='ocr_line' id='line_1_67' title="bbox 1981 3534 3566 3614; baseline -0.012 -6"><span class='ocrx_word' id='word_1_484' title='bbox 1981 3561 2145 3608; x_wconf 87' lang='lat' dir='ltr'><strong>cutus</strong></span> <span class='ocrx_word' id='word_1_485' title='bbox 2174 3560 2279 3613; x_wconf 89' lang='lat' dir='ltr'><strong>est,</strong></span> <span class='ocrx_word' id='word_1_486' title='bbox 2309 3557 2368 3604; x_wconf 91' lang='lat' dir='ltr'><strong>et</strong></span> <span class='ocrx_word' id='word_1_487' title='bbox 2410 3548 2640 3605; x_wconf 81' lang='lat' dir='ltr'><strong>Romam</strong></span> <span class='ocrx_word' id='word_1_488' title='bbox 2674 3543 2920 3614; x_wconf 87' lang='lat' dir='ltr'><strong>scripsit,</strong></span> <span class='ocrx_word' id='word_1_489' title='bbox 2970 3541 3117 3597; x_wconf 86' lang='lat' dir='ltr'><strong>nulla</strong></span> <span class='ocrx_word' id='word_1_490' title='bbox 3151 3554 3214 3597; x_wconf 89' lang='lat' dir='ltr'><strong>re</strong></span> <span class='ocrx_word' id='word_1_491' title='bbox 3246 3534 3566 3595; x_wconf 86' lang='lat' dir='ltr'><strong>dissimula-</strong></span> 
     </span>
    </p>
   </div>
   <div class='ocr_carea' id='block_1_67' title="bbox 1984 3628 3610 3714">
    <p class='ocr_par' dir='ltr' id='par_1_67' title="bbox 1984 3628 3610 3714">
     <span class='ocr_line' id='line_1_68' title="bbox 1984 3628 3610 3714; baseline -0.009 -16"><span class='ocrx_word' id='word_1_492' title='bbox 1984 3651 2074 3700; x_wconf 89' lang='lat' dir='ltr'><strong>ta:</strong></span> <span class='ocrx_word' id='word_1_493' title='bbox 2107 3651 2274 3714; x_wconf 87' lang='lat' dir='ltr'><strong>atque</strong></span> <span class='ocrx_word' id='word_1_494' title='bbox 2304 3643 2450 3697; x_wconf 87' lang='lat' dir='ltr'><strong>inter</strong></span> <span class='ocrx_word' id='word_1_495' title='bbox 2468 3649 2665 3696; x_wconf 79' lang='lat' dir='ltr'><strong>caetera</strong></span> <span class='ocrx_word' id='word_1_496' title='bbox 2690 3637 2762 3692; x_wconf 91' lang='lat' dir='ltr'><strong>de</strong></span> <span class='ocrx_word' id='word_1_497' title='bbox 2805 3634 3091 3691; x_wconf 81' lang='lat' dir='ltr'><strong>Masinissa</strong></span> <span class='ocrx_word' id='word_1_498' title='bbox 3114 3645 3360 3704; x_wconf 82' lang='lat' dir='ltr'><strong>quoque,</strong></span> <span class='ocrx_word' id='word_1_499' title='bbox 3382 3639 3439 3686; x_wconf 90' lang='lat' dir='ltr'><strong>et</strong></span> <span class='ocrx_word' id='word_1_500' title='bbox 3458 3628 3566 3685; x_wconf 83' lang='lat' dir='ltr'><strong>Fa-</strong></span> <span class='ocrx_word' id='word_1_501' title='bbox 3596 3662 3610 3671; x_wconf 59' lang='grc' dir='ltr'><strong><em>η</em></strong></span> 
     </span>
    </p>
   </div>
   <div class='ocr_carea' id='block_1_68' title="bbox 292 3720 1874 3808">
    <p class='ocr_par' dir='ltr' id='par_1_68' title="bbox 292 3736 1874 3808">
     <span class='ocr_line' id='line_1_69' title="bbox 292 3736 1874 3808; baseline 0.003 -20"><span class='ocrx_word' id='word_1_502' title='bbox 292 3739 404 3798; x_wconf 84' lang='grc' dir='ltr'>τοῖς</span> <span class='ocrx_word' id='word_1_503' title='bbox 438 3737 498 3790; x_wconf 88' lang='grc' dir='ltr'><strong>ἐν</strong></span> <span class='ocrx_word' id='word_1_504' title='bbox 527 3739 593 3807; x_wconf 81' lang='grc' dir='ltr'>τῇ</span> <span class='ocrx_word' id='word_1_505' title='bbox 627 3738 839 3808; x_wconf 85' lang='grc' dir='ltr'>Ῥώμῃ,</span> <span class='ocrx_word' id='word_1_506' title='bbox 881 3739 956 3808; x_wconf 86' lang='grc' dir='ltr'>μή</span> <span class='ocrx_word' id='word_1_507' title='bbox 982 3754 1038 3791; x_wconf 89' lang='grc' dir='ltr'><strong>τι</strong></span> <span class='ocrx_word' id='word_1_508' title='bbox 1068 3736 1551 3808; x_wconf 81' lang='grc' dir='ltr'>ἀποκρυψάμενος,</span> <span class='ocrx_word' id='word_1_509' title='bbox 1585 3738 1679 3792; x_wconf 72' lang='grc' dir='ltr'>καὶ</span> <span class='ocrx_word' id='word_1_510' title='bbox 1707 3738 1874 3793; x_wconf 83' lang='grc' dir='ltr'>τᾶλλα</span> 
     </span>
    </p>
   </div>
   <div class='ocr_carea' id='block_1_69' title="bbox 1976 3720 3563 3808">
    <p class='ocr_par' dir='ltr' id='par_1_69' title="bbox 1980 3720 3563 3803">
     <span class='ocr_line' id='line_1_70' title="bbox 1980 3720 3563 3803; baseline -0.009 -14"><span class='ocrx_word' id='word_1_511' title='bbox 1980 3732 2106 3802; x_wconf 90' lang='lat' dir='ltr'><strong>bea,</strong></span> <span class='ocrx_word' id='word_1_512' title='bbox 2145 3748 2268 3803; x_wconf 82' lang='lat' dir='ltr'><strong>quae</strong></span> <span class='ocrx_word' id='word_1_513' title='bbox 2314 3731 2389 3786; x_wconf 90' lang='lat' dir='ltr'><strong>ita</strong></span> <span class='ocrx_word' id='word_1_514' title='bbox 2443 3744 2504 3786; x_wconf 92' lang='lat' dir='ltr'><strong>se</strong></span> <span class='ocrx_word' id='word_1_515' title='bbox 2542 3726 2844 3784; x_wconf 85' lang='lat' dir='ltr'><strong>habebant.</strong></span> <span class='ocrx_word' id='word_1_516' title='bbox 2885 3724 3202 3780; x_wconf 80' lang='lat' dir='ltr'><strong>Massinissa</strong></span> <span class='ocrx_word' id='word_1_517' title='bbox 3232 3720 3563 3782; x_wconf 88' lang='lat' dir='ltr'><strong>moriturus.</strong></span> 
     </span>
    </p>
   </div>
   <div class='ocr_carea' id='block_1_70' title="bbox 292 3827 1878 3902">
    <p class='ocr_par' dir='ltr' id='par_1_70' title="bbox 292 3827 1878 3902">
     <span class='ocr_line' id='line_1_71' title="bbox 292 3827 1878 3902; baseline 0.003 -23"><span class='ocrx_word' id='word_1_518' title='bbox 292 3828 390 3879; x_wconf 79' lang='grc' dir='ltr'><strong>καὶ</strong></span> <span class='ocrx_word' id='word_1_519' title='bbox 418 3830 487 3880; x_wconf 63' lang='lat' dir='ltr'><strong>sit</strong></span> <span class='ocrx_word' id='word_1_520' title='bbox 533 3827 677 3881; x_wconf 83' lang='grc' dir='ltr'>κατὰ</span> <span class='ocrx_word' id='word_1_521' title='bbox 707 3830 1054 3882; x_wconf 87' lang='grc' dir='ltr'>Μασινίσσαν</span> <span class='ocrx_word' id='word_1_522' title='bbox 1095 3827 1192 3882; x_wconf 76' lang='grc' dir='ltr'>καὶ</span> <span class='ocrx_word' id='word_1_523' title='bbox 1225 3829 1319 3882; x_wconf 84' lang='grc' dir='ltr'>τὸν</span> <span class='ocrx_word' id='word_1_524' title='bbox 1363 3828 1602 3895; x_wconf 78' lang='grc' dir='ltr'>Φαϐέαν,</span> <span class='ocrx_word' id='word_1_525' title='bbox 1645 3830 1682 3884; x_wconf 72' lang='grc' dir='ltr'><strong>ἃ</strong></span> <span class='ocrx_word' id='word_1_526' title='bbox 1716 3828 1878 3902; x_wconf 75' lang='grc' dir='ltr'>ἔσχον</span> 
     </span>
    </p>
   </div>
   <div class='ocr_carea' id='block_1_71' title="bbox 292 3917 1878 3997">
    <p class='ocr_par' dir='ltr' id='par_1_71' title="bbox 292 3917 1878 3997">
     <span class='ocr_line' id='line_1_72' title="bbox 292 3917 1878 3997; baseline 0.004 -26"><span class='ocrx_word' id='word_1_527' title='bbox 292 3917 489 3983; x_wconf 77' lang='grc' dir='ltr'>οὕτως.</span> <span class='ocrx_word' id='word_1_528' title='bbox 523 3920 786 3989; x_wconf 78' lang='grc' dir='ltr'>Θνήσκων</span> <span class='ocrx_word' id='word_1_529' title='bbox 852 3923 881 3974; x_wconf 88' lang='grc' dir='ltr'><strong>ό</strong></span> <span class='ocrx_word' id='word_1_530' title='bbox 926 3921 1272 3986; x_wconf 84' lang='grc' dir='ltr'>Μασινίσσας</span> <span class='ocrx_word' id='word_1_531' title='bbox 1317 3921 1512 3993; x_wconf 76' lang='grc' dir='ltr'>ἠπόρει</span> <span class='ocrx_word' id='word_1_532' title='bbox 1554 3922 1702 3986; x_wconf 80' lang='grc' dir='ltr'>ὅπως</span> <span class='ocrx_word' id='word_1_533' title='bbox 1748 3923 1878 3997; x_wconf 77' lang='grc' dir='ltr'>περὶ</span> 
     </span>
    </p>
   </div>
   <div class='ocr_carea' id='block_1_72' title="bbox 294 4011 1879 4086">
    <p class='ocr_par' dir='ltr' id='par_1_72' title="bbox 294 4011 1879 4086">
     <span class='ocr_line' id='line_1_73' title="bbox 294 4011 1879 4086; baseline 0.003 -21"><span class='ocrx_word' id='word_1_534' title='bbox 294 4012 393 4080; x_wconf 82' lang='grc' dir='ltr'>τῆς</span> <span class='ocrx_word' id='word_1_535' title='bbox 428 4012 708 4083; x_wconf 84' lang='grc' dir='ltr'>βασιλείας</span> <span class='ocrx_word' id='word_1_536' title='bbox 755 4011 1035 4080; x_wconf 84' lang='grc' dir='ltr'>διάθηται,</span> <span class='ocrx_word' id='word_1_537' title='bbox 1080 4013 1169 4067; x_wconf 85' lang='grc' dir='ltr'>διὰ</span> <span class='ocrx_word' id='word_1_538' title='bbox 1219 4013 1280 4066; x_wconf 83' lang='grc' dir='ltr'>τὺ</span> <span class='ocrx_word' id='word_1_539' title='bbox 1329 4013 1441 4067; x_wconf 86' lang='grc' dir='ltr'><strong>τῶν</strong></span> <span class='ocrx_word' id='word_1_540' title='bbox 1487 4014 1649 4068; x_wconf 76' lang='grc' dir='ltr'>υἱέων</span> <span class='ocrx_word' id='word_1_541' title='bbox 1674 4015 1879 4086; x_wconf 82' lang='grc' dir='ltr'>πλῆθος</span> 
     </span>
    </p>
   </div>
   <div class='ocr_carea' id='block_1_73' title="bbox 296 4106 1879 4180">
    <p class='ocr_par' dir='ltr' id='par_1_73' title="bbox 296 4106 1879 4180">
     <span class='ocr_line' id='line_1_74' title="bbox 296 4106 1879 4180; baseline 0.003 -19"><span class='ocrx_word' id='word_1_542' title='bbox 296 4109 393 4161; x_wconf 70' lang='grc' dir='ltr'><strong>καὶ</strong></span> <span class='ocrx_word' id='word_1_543' title='bbox 418 4109 477 4160; x_wconf 73' lang='grc' dir='ltr'>τὸ</span> <span class='ocrx_word' id='word_1_544' title='bbox 523 4108 778 4176; x_wconf 77' lang='grc' dir='ltr'>διάφορον</span> <span class='ocrx_word' id='word_1_545' title='bbox 810 4106 903 4161; x_wconf 78' lang='grc' dir='ltr'>τοῦ</span> <span class='ocrx_word' id='word_1_546' title='bbox 938 4108 1080 4161; x_wconf 82' lang='grc' dir='ltr'>κατὰ</span> <span class='ocrx_word' id='word_1_547' title='bbox 1108 4107 1208 4171; x_wconf 73' lang='grc' dir='ltr'>τὰς</span> <span class='ocrx_word' id='word_1_548' title='bbox 1254 4108 1501 4180; x_wconf 81' lang='grc' dir='ltr'>μητέρας</span> <span class='ocrx_word' id='word_1_549' title='bbox 1542 4110 1732 4178; x_wconf 79' lang='grc' dir='ltr'>γένους</span> <span class='ocrx_word' id='word_1_550' title='bbox 1776 4112 1879 4166; x_wconf 81' lang='grc' dir='ltr'>αύ-</span> 
     </span>
    </p>
   </div>
   <div class='ocr_carea' id='block_1_74' title="bbox 295 4200 1881 4274">
    <p class='ocr_par' dir='ltr' id='par_1_74' title="bbox 295 4200 1881 4274">
     <span class='ocr_line' id='line_1_75' title="bbox 295 4200 1881 4274; baseline 0 -17"><span class='ocrx_word' id='word_1_551' title='bbox 295 4203 428 4257; x_wconf 85' lang='grc' dir='ltr'>τῶν.</span> <span class='ocrx_word' id='word_1_552' title='bbox 477 4202 570 4255; x_wconf 81' lang='grc' dir='ltr'>Διὸ</span> <span class='ocrx_word' id='word_1_553' title='bbox 612 4202 748 4271; x_wconf 70' lang='grc' dir='ltr'>πρὸς</span> <span class='ocrx_word' id='word_1_554' title='bbox 790 4200 1124 4271; x_wconf 85' lang='grc' dir='ltr'>συμϐουλίαν</span> <span class='ocrx_word' id='word_1_555' title='bbox 1162 4203 1251 4255; x_wconf 72' lang='grc' dir='ltr'><strong>τὸν</strong></span> <span class='ocrx_word' id='word_1_556' title='bbox 1284 4203 1563 4257; x_wconf 80' lang='grc' dir='ltr'>Σκιπίωνα</span> <span class='ocrx_word' id='word_1_557' title='bbox 1603 4204 1881 4274; x_wconf 85' lang='grc' dir='ltr'>μετεπέμ-</span> 
     </span>
    </p>
   </div>
   <div class='ocr_carea' id='block_1_75' title="bbox 298 4290 1881 4362">
    <p class='ocr_par' dir='ltr' id='par_1_75' title="bbox 298 4290 1881 4362">
     <span class='ocr_line' id='line_1_76' title="bbox 298 4290 1881 4362; baseline 0.001 -16"><span class='ocrx_word' id='word_1_558' title='bbox 298 4294 459 4362; x_wconf 74' lang='grc' dir='ltr'>ψατο,</span> <span class='ocrx_word' id='word_1_559' title='bbox 493 4293 555 4346; x_wconf 81' lang='grc' dir='ltr'>ὃν</span> <span class='ocrx_word' id='word_1_560' title='bbox 613 4294 642 4345; x_wconf 86' lang='grc' dir='ltr'><strong>ὁ</strong></span> <span class='ocrx_word' id='word_1_561' title='bbox 694 4290 900 4354; x_wconf 80' lang='grc' dir='ltr'>ὕπατος</span> <span class='ocrx_word' id='word_1_562' title='bbox 945 4291 1201 4346; x_wconf 73' lang='grc' dir='ltr'>ἔστειλεν.</span> <span class='ocrx_word' id='word_1_563' title='bbox 1282 4293 1425 4346; x_wconf 82' lang='grc' dir='ltr'>Ἀλλ’</span> <span class='ocrx_word' id='word_1_564' title='bbox 1460 4295 1489 4346; x_wconf 87' lang='grc' dir='ltr'>ὁ</span> <span class='ocrx_word' id='word_1_565' title='bbox 1535 4296 1881 4357; x_wconf 77' lang='grc' dir='ltr'>Μασινίσσας</span> 
     </span>
    </p>
   </div>
   <div class='ocr_carea' id='block_1_76' title="bbox 299 4384 1881 4459">
    <p class='ocr_par' dir='ltr' id='par_1_76' title="bbox 299 4384 1881 4459">
     <span class='ocr_line' id='line_1_77' title="bbox 299 4384 1881 4459; baseline -0.001 -19"><span class='ocrx_word' id='word_1_566' title='bbox 299 4389 432 4459; x_wconf 72' lang='grc' dir='ltr'>πρὶν</span> <span class='ocrx_word' id='word_1_567' title='bbox 475 4387 651 4441; x_wconf 83' lang='grc' dir='ltr'>ἐλθεῖν</span> <span class='ocrx_word' id='word_1_568' title='bbox 679 4386 772 4440; x_wconf 70' lang='grc' dir='ltr'>τὸν</span> <span class='ocrx_word' id='word_1_569' title='bbox 808 4386 1087 4439; x_wconf 87' lang='grc' dir='ltr'>Σκιπίωνα</span> <span class='ocrx_word' id='word_1_570' title='bbox 1109 4384 1404 4452; x_wconf 84' lang='grc' dir='ltr'>ἐκλείπων,</span> <span class='ocrx_word' id='word_1_571' title='bbox 1432 4386 1525 4441; x_wconf 73' lang='grc' dir='ltr'><strong>τὸν</strong></span> <span class='ocrx_word' id='word_1_572' title='bbox 1553 4387 1651 4457; x_wconf 80' lang='grc' dir='ltr'><strong>μὲν</strong></span> <span class='ocrx_word' id='word_1_573' title='bbox 1679 4386 1881 4440; x_wconf 84' lang='grc' dir='ltr'>δακτύ-</span> 
     </span>
    </p>
   </div>
   <div class='ocr_carea' id='block_1_77' title="bbox 297 4472 1883 4555">
    <p class='ocr_par' dir='ltr' id='par_1_77' title="bbox 297 4472 1883 4555">
     <span class='ocr_line' id='line_1_78' title="bbox 297 4472 1883 4555; baseline -0.001 -18"><span class='ocrx_word' id='word_1_574' title='bbox 297 4485 411 4537; x_wconf 90' lang='grc' dir='ltr'>λιον</span> <span class='ocrx_word' id='word_1_575' title='bbox 438 4482 517 4552; x_wconf 87' lang='grc' dir='ltr'><strong>τῷ</strong></span> <span class='ocrx_word' id='word_1_576' title='bbox 550 4481 775 4555; x_wconf 69' lang='grc' dir='ltr'>Μικίψα</span> <span class='ocrx_word' id='word_1_577' title='bbox 796 4481 874 4550; x_wconf 86' lang='grc' dir='ltr'>τῷ</span> <span class='ocrx_word' id='word_1_578' title='bbox 904 4481 1006 4552; x_wconf 78' lang='grc' dir='ltr'><strong>υἱῷ</strong></span> <span class='ocrx_word' id='word_1_579' title='bbox 1029 4480 1222 4545; x_wconf 74' lang='grc' dir='ltr'>ἔδωκε,</span> <span class='ocrx_word' id='word_1_580' title='bbox 1254 4481 1324 4535; x_wconf 80' lang='grc' dir='ltr'>τὰ</span> <span class='ocrx_word' id='word_1_581' title='bbox 1350 4472 1396 4535; x_wconf 61' lang='grc' dir='ltr'>δ⁴</span> <span class='ocrx_word' id='word_1_582' title='bbox 1439 4480 1576 4537; x_wconf 80' lang='grc' dir='ltr'>ἄλλα</span> <span class='ocrx_word' id='word_1_583' title='bbox 1608 4481 1787 4536; x_wconf 87' lang='grc' dir='ltr'>πάντα</span> <span class='ocrx_word' id='word_1_584' title='bbox 1813 4481 1883 4536; x_wconf 88' lang='grc' dir='ltr'>τὰ</span> 
     </span>
    </p>
   </div>
   <div class='ocr_carea' id='block_1_78' title="bbox 298 4571 1883 4648">
    <p class='ocr_par' dir='ltr' id='par_1_78' title="bbox 298 4571 1883 4648">
     <span class='ocr_line' id='line_1_79' title="bbox 298 4571 1883 4648; baseline -0.002 -18"><span class='ocrx_word' id='word_1_585' title='bbox 298 4580 367 4647; x_wconf 83' lang='grc' dir='ltr'>τῇ</span> <span class='ocrx_word' id='word_1_586' title='bbox 390 4578 530 4647; x_wconf 81' lang='grc' dir='ltr'>ἀρχῇ</span> <span class='ocrx_word' id='word_1_587' title='bbox 564 4577 910 4648; x_wconf 85' lang='grc' dir='ltr'>προσήκοντα</span> <span class='ocrx_word' id='word_1_588' title='bbox 939 4572 1019 4645; x_wconf 86' lang='grc' dir='ltr'>τῷ</span> <span class='ocrx_word' id='word_1_589' title='bbox 1050 4571 1318 4627; x_wconf 85' lang='grc' dir='ltr'>Σκιπίωνι</span> <span class='ocrx_word' id='word_1_590' title='bbox 1343 4572 1474 4643; x_wconf 81' lang='grc' dir='ltr'>άρτι</span> <span class='ocrx_word' id='word_1_591' title='bbox 1501 4573 1709 4627; x_wconf 83' lang='grc' dir='ltr'>ἐλθόντι</span> <span class='ocrx_word' id='word_1_592' title='bbox 1735 4589 1883 4644; x_wconf 86' lang='grc' dir='ltr'>παρ-</span> 
     </span>
    </p>
   </div>
   <div class='ocr_carea' id='block_1_79' title="bbox 300 4660 1884 4740">
    <p class='ocr_par' dir='ltr' id='par_1_79' title="bbox 300 4660 1884 4740">
     <span class='ocr_line' id='line_1_80' title="bbox 300 4660 1884 4740; baseline -0.003 -16"><span class='ocrx_word' id='word_1_593' title='bbox 300 4669 458 4740; x_wconf 88' lang='grc' dir='ltr'>έσχεν</span> <span class='ocrx_word' id='word_1_594' title='bbox 488 4669 583 4722; x_wconf 81' lang='grc' dir='ltr'>καὶ</span> <span class='ocrx_word' id='word_1_595' title='bbox 611 4666 937 4721; x_wconf 78' lang='grc' dir='ltr'>ἐνετείλατο.</span> <span class='ocrx_word' id='word_1_596' title='bbox 970 4665 1030 4718; x_wconf 89' lang='lat'><strong>&#39;0</strong></span> <span class='ocrx_word' id='word_1_597' title='bbox 1092 4660 1186 4718; x_wconf 79' lang='grc' dir='ltr'><strong>οὖν</strong></span> <span class='ocrx_word' id='word_1_598' title='bbox 1221 4665 1488 4730; x_wconf 87' lang='grc' dir='ltr'>Σκιπίων,</span> <span class='ocrx_word' id='word_1_599' title='bbox 1537 4665 1884 4737; x_wconf 85' lang='grc' dir='ltr'>κατανοήσας</span> 
     </span>
    </p>
   </div>
   <div class='ocr_carea' id='block_1_80' title="bbox 301 4756 1883 4830">
    <p class='ocr_par' dir='ltr' id='par_1_80' title="bbox 301 4756 1883 4830">
     <span class='ocr_line' id='line_1_81' title="bbox 301 4756 1883 4830; baseline -0.001 -18"><span class='ocrx_word' id='word_1_600' title='bbox 301 4760 398 4820; x_wconf 70' lang='grc' dir='ltr'>τὰς</span> <span class='ocrx_word' id='word_1_601' title='bbox 434 4759 785 4830; x_wconf 83' lang='grc' dir='ltr'>προαιρέσεις</span> <span class='ocrx_word' id='word_1_602' title='bbox 812 4757 921 4812; x_wconf 85' lang='grc' dir='ltr'>τῶν</span> <span class='ocrx_word' id='word_1_603' title='bbox 954 4757 1118 4811; x_wconf 82' lang='grc' dir='ltr'>υίέων</span> <span class='ocrx_word' id='word_1_604' title='bbox 1136 4756 1327 4820; x_wconf 78' lang='grc' dir='ltr'>αὐτοῦ.</span> <span class='ocrx_word' id='word_1_605' title='bbox 1360 4757 1537 4811; x_wconf 79' lang='grc' dir='ltr'>οὐδενὶ</span> <span class='ocrx_word' id='word_1_606' title='bbox 1572 4757 1671 4828; x_wconf 81' lang='grc' dir='ltr'>μὲν</span> <span class='ocrx_word' id='word_1_607' title='bbox 1701 4757 1883 4811; x_wconf 78' lang='grc' dir='ltr'>αὐτῶν</span> 
     </span>
    </p>
   </div>
   <div class='ocr_carea' id='block_1_81' title="bbox 307 4849 1882 4922">
    <p class='ocr_par' dir='ltr' id='par_1_81' title="bbox 307 4849 1882 4922">
     <span class='ocr_line' id='line_1_82' title="bbox 307 4849 1882 4922; baseline -0.001 -16"><span class='ocrx_word' id='word_1_608' title='bbox 307 4853 455 4922; x_wconf 80' lang='grc' dir='ltr'>μόνῳ</span> <span class='ocrx_word' id='word_1_609' title='bbox 481 4854 581 4921; x_wconf 84' lang='grc' dir='ltr'>τὴν</span> <span class='ocrx_word' id='word_1_610' title='bbox 615 4850 895 4921; x_wconf 85' lang='grc' dir='ltr'>βασιλείαν</span> <span class='ocrx_word' id='word_1_611' title='bbox 924 4850 1222 4921; x_wconf 80' lang='grc' dir='ltr'>ἀπένειμεο</span> <span class='ocrx_word' id='word_1_612' title='bbox 1247 4850 1417 4920; x_wconf 85' lang='grc' dir='ltr'>τριῶν</span> <span class='ocrx_word' id='word_1_613' title='bbox 1443 4849 1501 4903; x_wconf 88' lang='grc' dir='ltr'><strong>δέ</strong></span> <span class='ocrx_word' id='word_1_614' title='bbox 1532 4850 1640 4904; x_wconf 86' lang='grc' dir='ltr'><strong>τῶν</strong></span> <span class='ocrx_word' id='word_1_615' title='bbox 1671 4850 1882 4917; x_wconf 79' lang='grc' dir='ltr'>ἐλλογιο</span> 
     </span>
    </p>
   </div>
   <div class='ocr_carea' id='block_1_82' title="bbox 310 4941 1886 5017">
    <p class='ocr_par' dir='ltr' id='par_1_82' title="bbox 310 4941 1886 5017">
     <span class='ocr_line' id='line_1_83' title="bbox 310 4941 1886 5017; baseline 0.001 -19"><span class='ocrx_word' id='word_1_616' title='bbox 310 4946 577 5017; x_wconf 79' lang='grc' dir='ltr'>μιυτάτων</span> <span class='ocrx_word' id='word_1_617' title='bbox 616 4944 809 5009; x_wconf 78' lang='grc' dir='ltr'>όντων,</span> <span class='ocrx_word' id='word_1_618' title='bbox 843 4942 1221 5014; x_wconf 89' lang='grc' dir='ltr'>πρεσϐυτάτου</span> <span class='ocrx_word' id='word_1_619' title='bbox 1260 4941 1359 5013; x_wconf 76' lang='grc' dir='ltr'>μὲν</span> <span class='ocrx_word' id='word_1_620' title='bbox 1394 4942 1657 5013; x_wconf 85' lang='grc' dir='ltr'>Μικίψου,</span> <span class='ocrx_word' id='word_1_621' title='bbox 1687 4943 1886 4999; x_wconf 81' lang='grc' dir='ltr'>νεωτά-</span> 
     </span>
    </p>
   </div>
   <div class='ocr_carea' id='block_1_83' title="bbox 1981 3810 3568 3895">
    <p class='ocr_par' dir='ltr' id='par_1_83' title="bbox 1981 3810 3568 3895">
     <span class='ocr_line' id='line_1_84' title="bbox 1981 3810 3568 3895; baseline -0.008 -16"><span class='ocrx_word' id='word_1_622' title='bbox 1981 3823 2116 3895; x_wconf 89' lang='lat' dir='ltr'><strong>quid</strong></span> <span class='ocrx_word' id='word_1_623' title='bbox 2149 3823 2218 3879; x_wconf 91' lang='lat' dir='ltr'><strong>de</strong></span> <span class='ocrx_word' id='word_1_624' title='bbox 2248 3835 2418 3892; x_wconf 86' lang='lat' dir='ltr'><strong>regno</strong></span> <span class='ocrx_word' id='word_1_625' title='bbox 2451 3824 2745 3883; x_wconf 87' lang='lat' dir='ltr'><strong>statueret,</strong></span> <span class='ocrx_word' id='word_1_626' title='bbox 2786 3816 2858 3872; x_wconf 92' lang='lat' dir='ltr'><strong>ob</strong></span> <span class='ocrx_word' id='word_1_627' title='bbox 2895 3813 3063 3888; x_wconf 66' lang='grc'><strong>465</strong></span> <span class='ocrx_word' id='word_1_628' title='bbox 3101 3813 3345 3869; x_wconf 83' lang='lat' dir='ltr'><strong>ﬁliorum</strong></span> <span class='ocrx_word' id='word_1_629' title='bbox 3380 3810 3568 3867; x_wconf 89' lang='lat' dir='ltr'><strong>multi-</strong></span> 
     </span>
    </p>
   </div>
   <div class='ocr_carea' id='block_1_84' title="bbox 1984 3905 3606 3971">
    <p class='ocr_par' dir='ltr' id='par_1_84' title="bbox 1984 3905 3606 3971">
     <span class='ocr_line' id='line_1_85' title="bbox 1984 3905 3606 3971; baseline -0.008 0"><span class='ocrx_word' id='word_1_630' title='bbox 1984 3915 2232 3971; x_wconf 79' lang='lat' dir='ltr'><strong>tudinem</strong></span> <span class='ocrx_word' id='word_1_631' title='bbox 2281 3929 2350 3969; x_wconf 81' lang='lat' dir='ltr'><strong>ex</strong></span> <span class='ocrx_word' id='word_1_632' title='bbox 2402 3911 2640 3967; x_wconf 65' lang='lat' dir='ltr'><strong>diversas</strong></span> <span class='ocrx_word' id='word_1_633' title='bbox 2687 3907 3024 3965; x_wconf 86' lang='lat' dir='ltr'><strong>conditionis</strong></span> <span class='ocrx_word' id='word_1_634' title='bbox 3055 3905 3385 3962; x_wconf 82' lang='lat' dir='ltr'><strong>mulieribus</strong></span> <span class='ocrx_word' id='word_1_635' title='bbox 3439 3917 3606 3959; x_wconf 79' lang='lat' dir='ltr'><strong>sus—-</strong></span> 
     </span>
    </p>
   </div>
   <div class='ocr_carea' id='block_1_85' title="bbox 1984 3993 3567 4079">
    <p class='ocr_par' dir='ltr' id='par_1_85' title="bbox 1984 3993 3567 4079">
     <span class='ocr_line' id='line_1_86' title="bbox 1984 3993 3567 4079; baseline -0.009 -16"><span class='ocrx_word' id='word_1_636' title='bbox 1984 4016 2278 4079; x_wconf 90' lang='lat' dir='ltr'><strong>ceptorum</strong></span> <span class='ocrx_word' id='word_1_637' title='bbox 2341 4002 2640 4068; x_wconf 84' lang='lat' dir='ltr'><strong>dubitans,</strong></span> <span class='ocrx_word' id='word_1_638' title='bbox 2686 3999 3000 4071; x_wconf 88' lang='lat' dir='ltr'><strong>Scipionem</strong></span> <span class='ocrx_word' id='word_1_639' title='bbox 3042 3997 3264 4055; x_wconf 85' lang='lat' dir='ltr'><strong>consilii</strong></span> <span class='ocrx_word' id='word_1_640' title='bbox 3309 3993 3567 4066; x_wconf 82' lang='lat' dir='ltr'><strong>capiendi</strong></span> 
     </span>
    </p>
   </div>
   <div class='ocr_carea' id='block_1_86' title="bbox 1982 4087 3568 4161">
    <p class='ocr_par' dir='ltr' id='par_1_86' title="bbox 1982 4087 3568 4161">
     <span class='ocr_line' id='line_1_87' title="bbox 1982 4087 3568 4161; baseline -0.009 -5"><span class='ocrx_word' id='word_1_641' title='bbox 1982 4115 2148 4157; x_wconf 86' lang='lat' dir='ltr'><strong>causa</strong></span> <span class='ocrx_word' id='word_1_642' title='bbox 2182 4096 2492 4153; x_wconf 82' lang='lat' dir='ltr'><strong>accersivit.</strong></span> <span class='ocrx_word' id='word_1_643' title='bbox 2536 4093 2711 4161; x_wconf 85' lang='lat' dir='ltr'><strong>Quem</strong></span> <span class='ocrx_word' id='word_1_644' title='bbox 2765 4107 2893 4149; x_wconf 89' lang='lat' dir='ltr'><strong>cum</strong></span> <span class='ocrx_word' id='word_1_645' title='bbox 2948 4090 3191 4146; x_wconf 87' lang='lat' dir='ltr'><strong>misisset</strong></span> <span class='ocrx_word' id='word_1_646' title='bbox 3239 4087 3568 4155; x_wconf 88' lang='lat' dir='ltr'><strong>cos.,Masi-</strong></span> 
     </span>
    </p>
   </div>
   <div class='ocr_carea' id='block_1_87' title="bbox 1983 4181 3569 4257">
    <p class='ocr_par' dir='ltr' id='par_1_87' title="bbox 1983 4181 3569 4257">
     <span class='ocr_line' id='line_1_88' title="bbox 1983 4181 3569 4257; baseline -0.008 -9"><span class='ocrx_word' id='word_1_647' title='bbox 1983 4194 2138 4249; x_wconf 88' lang='lat' dir='ltr'><strong>nissa</strong></span> <span class='ocrx_word' id='word_1_648' title='bbox 2176 4199 2305 4246; x_wconf 91' lang='lat' dir='ltr'><strong>ante</strong></span> <span class='ocrx_word' id='word_1_649' title='bbox 2353 4188 2649 4245; x_wconf 88' lang='lat' dir='ltr'><strong>adventum</strong></span> <span class='ocrx_word' id='word_1_650' title='bbox 2692 4187 2815 4257; x_wconf 85' lang='lat' dir='ltr'><strong>ejus</strong></span> <span class='ocrx_word' id='word_1_651' title='bbox 2870 4182 3278 4247; x_wconf 86' lang='lat' dir='ltr'><strong>moribundus,</strong></span> <span class='ocrx_word' id='word_1_652' title='bbox 3327 4181 3569 4252; x_wconf 70' lang='lat' dir='ltr'><strong>Micipsa:</strong></span> 
     </span>
    </p>
   </div>
   <div class='ocr_carea' id='block_1_88' title="bbox 1983 4271 3593 4344">
    <p class='ocr_par' dir='ltr' id='par_1_88' title="bbox 1983 4271 3593 4344">
     <span class='ocr_line' id='line_1_89' title="bbox 1983 4271 3593 4344; baseline -0.009 -3"><span class='ocrx_word' id='word_1_653' title='bbox 1983 4285 2100 4341; x_wconf 78' lang='lat' dir='ltr'><strong>(ilio</strong></span> <span class='ocrx_word' id='word_1_654' title='bbox 2126 4282 2392 4338; x_wconf 90' lang='lat' dir='ltr'><strong>annulum</strong></span> <span class='ocrx_word' id='word_1_655' title='bbox 2410 4278 2647 4335; x_wconf 88' lang='lat' dir='ltr'><strong>dederat</strong></span> <span class='ocrx_word' id='word_1_656' title='bbox 2674 4295 2688 4333; x_wconf 87' lang='lat'><strong>:</strong></span> <span class='ocrx_word' id='word_1_657' title='bbox 2724 4284 2925 4332; x_wconf 66' lang='lat' dir='ltr'><strong>caetera</strong></span> <span class='ocrx_word' id='word_1_658' title='bbox 2956 4288 3089 4330; x_wconf 81' lang='lat' dir='ltr'><strong>vero</strong></span> <span class='ocrx_word' id='word_1_659' title='bbox 3117 4273 3301 4330; x_wconf 89' lang='lat' dir='ltr'><strong>omnia</strong></span> <span class='ocrx_word' id='word_1_660' title='bbox 3335 4289 3458 4344; x_wconf 65' lang='lat' dir='ltr'><strong>quae</strong></span> <span class='ocrx_word' id='word_1_661' title='bbox 3499 4271 3593 4327; x_wconf 88' lang='lat' dir='ltr'><strong>ad-</strong></span> 
     </span>
    </p>
   </div>
   <div class='ocr_carea' id='block_1_89' title="bbox 1985 4367 3574 4449">
    <p class='ocr_par' dir='ltr' id='par_1_89' title="bbox 1985 4367 3574 4449">
     <span class='ocr_line' id='line_1_90' title="bbox 1985 4367 3574 4449; baseline -0.007 -17"><span class='ocrx_word' id='word_1_662' title='bbox 1985 4392 2215 4449; x_wconf 82' lang='lat' dir='ltr'><strong>regnum</strong></span> <span class='ocrx_word' id='word_1_663' title='bbox 2273 4372 2650 4445; x_wconf 87' lang='lat' dir='ltr'><strong>pertinebant,</strong></span> <span class='ocrx_word' id='word_1_664' title='bbox 2699 4368 2970 4440; x_wconf 86' lang='lat' dir='ltr'><strong>Scipioni,</strong></span> <span class='ocrx_word' id='word_1_665' title='bbox 3010 4383 3137 4423; x_wconf 90' lang='lat' dir='ltr'><strong>cum</strong></span> <span class='ocrx_word' id='word_1_666' title='bbox 3178 4367 3419 4437; x_wconf 89' lang='lat' dir='ltr'><strong>primum</strong></span> <span class='ocrx_word' id='word_1_667' title='bbox 3475 4379 3574 4421; x_wconf 81' lang='lat' dir='ltr'><strong>vc-</strong></span> 
     </span>
    </p>
   </div>
   <div class='ocr_carea' id='block_1_90' title="bbox 1984 4455 3574 4535">
    <p class='ocr_par' dir='ltr' id='par_1_90' title="bbox 1984 4455 3574 4535">
     <span class='ocr_line' id='line_1_91' title="bbox 1984 4455 3574 4535; baseline -0.008 -11"><span class='ocrx_word' id='word_1_668' title='bbox 1984 4470 2183 4533; x_wconf 79' lang='lat' dir='ltr'><strong>nisset,</strong></span> <span class='ocrx_word' id='word_1_669' title='bbox 2233 4461 2675 4535; x_wconf 86' lang='lat' dir='ltr'><strong>commendavit._</strong></span> <span class='ocrx_word' id='word_1_670' title='bbox 2718 4460 2770 4515; x_wconf 87' lang='lat' dir='ltr'><strong>Is</strong></span> <span class='ocrx_word' id='word_1_671' title='bbox 2811 4473 2945 4514; x_wconf 87' lang='lat' dir='ltr'><strong>vero</strong></span> <span class='ocrx_word' id='word_1_672' title='bbox 2980 4456 3387 4513; x_wconf 86' lang='lat' dir='ltr'><strong>animadversis</strong></span> <span class='ocrx_word' id='word_1_673' title='bbox 3427 4455 3574 4512; x_wconf 84' lang='lat' dir='ltr'><strong>ﬁlio-</strong></span> 
     </span>
    </p>
   </div>
   <div class='ocr_carea' id='block_1_91' title="bbox 1986 4548 3573 4631">
    <p class='ocr_par' dir='ltr' id='par_1_91' title="bbox 1986 4548 3573 4631">
     <span class='ocr_line' id='line_1_92' title="bbox 1986 4548 3573 4631; baseline -0.009 -13"><span class='ocrx_word' id='word_1_674' title='bbox 1986 4577 2110 4618; x_wconf 88' lang='lat' dir='ltr'><strong>rum</strong></span> <span class='ocrx_word' id='word_1_675' title='bbox 2138 4561 2261 4631; x_wconf 84' lang='lat' dir='ltr'><strong>ejus</strong></span> <span class='ocrx_word' id='word_1_676' title='bbox 2285 4556 2542 4630; x_wconf 84' lang='lat' dir='ltr'><strong>ingeniis,</strong></span> <span class='ocrx_word' id='word_1_677' title='bbox 2573 4554 2711 4610; x_wconf 90' lang='lat' dir='ltr'><strong>nulli</strong></span> <span class='ocrx_word' id='word_1_678' title='bbox 2756 4551 2852 4607; x_wconf 91' lang='lat' dir='ltr'><strong>uni</strong></span> <span class='ocrx_word' id='word_1_679' title='bbox 2878 4566 3107 4622; x_wconf 83' lang='lat' dir='ltr'><strong>regnum</strong></span> <span class='ocrx_word' id='word_1_680' title='bbox 3138 4549 3396 4605; x_wconf 84' lang='lat' dir='ltr'><strong>attribuit</strong></span> <span class='ocrx_word' id='word_1_681' title='bbox 3426 4565 3442 4604; x_wconf 89' lang='lat'><strong>:</strong></span> <span class='ocrx_word' id='word_1_682' title='bbox 3474 4548 3573 4604; x_wconf 91' lang='lat' dir='ltr'><strong>sed</strong></span> 
     </span>
    </p>
   </div>
   <div class='ocr_carea' id='block_1_92' title="bbox 1985 4639 3575 4716">
    <p class='ocr_par' dir='ltr' id='par_1_92' title="bbox 1985 4639 3575 4716">
     <span class='ocr_line' id='line_1_93' title="bbox 1985 4639 3575 4716; baseline -0.009 -6"><span class='ocrx_word' id='word_1_683' title='bbox 1985 4670 2112 4711; x_wconf 91' lang='lat' dir='ltr'><strong>cum</strong></span> <span class='ocrx_word' id='word_1_684' title='bbox 2159 4662 2272 4707; x_wconf 89' lang='lat' dir='ltr'><strong>tres</strong></span> <span class='ocrx_word' id='word_1_685' title='bbox 2313 4664 2383 4704; x_wconf 78' lang='lat' dir='ltr'><strong>ex</strong></span> <span class='ocrx_word' id='word_1_686' title='bbox 2428 4648 2497 4703; x_wconf 87' lang='lat' dir='ltr'><strong>iis</strong></span> <span class='ocrx_word' id='word_1_687' title='bbox 2550 4645 2815 4716; x_wconf 80' lang='lat' dir='ltr'><strong>praecipui</strong></span> <span class='ocrx_word' id='word_1_688' title='bbox 2858 4652 3092 4703; x_wconf 89' lang='lat' dir='ltr'><strong>essent.</strong></span> <span class='ocrx_word' id='word_1_689' title='bbox 3139 4639 3368 4711; x_wconf 80' lang='lat' dir='ltr'><strong>Micipsa</strong></span> <span class='ocrx_word' id='word_1_690' title='bbox 3437 4650 3575 4695; x_wconf 86' lang='lat' dir='ltr'><strong>natu</strong></span> 
     </span>
    </p>
   </div>
   <div class='ocr_carea' id='block_1_93' title="bbox 1989 4732 3571 4810">
    <p class='ocr_par' dir='ltr' id='par_1_93' title="bbox 1989 4732 3571 4810">
     <span class='ocr_line' id='line_1_94' title="bbox 1989 4732 3571 4810; baseline -0.009 -7"><span class='ocrx_word' id='word_1_691' title='bbox 1989 4746 2287 4810; x_wconf 80' lang='lat' dir='ltr'><strong>maximus,</strong></span> <span class='ocrx_word' id='word_1_692' title='bbox 2319 4741 2557 4798; x_wconf 88' lang='lat' dir='ltr'><strong>Gulussa</strong></span> <span class='ocrx_word' id='word_1_693' title='bbox 2590 4737 2879 4799; x_wconf 85' lang='lat' dir='ltr'><strong>minimus.</strong></span> <span class='ocrx_word' id='word_1_694' title='bbox 2914 4734 3133 4791; x_wconf 83' lang='lat' dir='ltr'><strong>medius</strong></span> <span class='ocrx_word' id='word_1_695' title='bbox 3178 4732 3571 4790; x_wconf 83' lang='lat' dir='ltr'><strong>Mastauavus:</strong></span> 
     </span>
    </p>
   </div>
   <div class='ocr_carea' id='block_1_94' title="bbox 1987 4824 3572 4897">
    <p class='ocr_par' dir='ltr' id='par_1_94' title="bbox 1987 4824 3572 4897">
     <span class='ocr_line' id='line_1_95' title="bbox 1987 4824 3572 4897; baseline -0.012 0"><span class='ocrx_word' id='word_1_696' title='bbox 1987 4843 2135 4897; x_wconf 86' lang='lat' dir='ltr'><strong>inter</strong></span> <span class='ocrx_word' id='word_1_697' title='bbox 2163 4852 2259 4893; x_wconf 89' lang='lat' dir='ltr'><strong>eos</strong></span> <span class='ocrx_word' id='word_1_698' title='bbox 2290 4847 2478 4890; x_wconf 89' lang='lat' dir='ltr'><strong>rerum</strong></span> <span class='ocrx_word' id='word_1_699' title='bbox 2516 4827 3060 4886; x_wconf 84' lang='lat' dir='ltr'><strong>administrationem</strong></span> <span class='ocrx_word' id='word_1_700' title='bbox 3090 4826 3361 4881; x_wconf 81' lang='lat' dir='ltr'><strong>trifariam</strong></span> <span class='ocrx_word' id='word_1_701' title='bbox 3395 4824 3572 4897; x_wconf 86' lang='lat' dir='ltr'><strong>parti-</strong></span> 
     </span>
    </p>
   </div>
   <div class='ocr_carea' id='block_1_95' title="bbox 1989 4918 3572 4995">
    <p class='ocr_par' dir='ltr' id='par_1_95' title="bbox 1989 4918 3572 4995">
     <span class='ocr_line' id='line_1_96' title="bbox 1989 4918 3572 4995; baseline -0.013 -4"><span class='ocrx_word' id='word_1_702' title='bbox 1989 4944 2100 4995; x_wconf 88' lang='lat' dir='ltr'><strong>tus,</strong></span> <span class='ocrx_word' id='word_1_703' title='bbox 2149 4940 2281 4986; x_wconf 92' lang='lat' dir='ltr'><strong>natu</strong></span> <span class='ocrx_word' id='word_1_704' title='bbox 2309 4925 2551 4982; x_wconf 83' lang='lat' dir='ltr'><strong>maximo</strong></span> <span class='ocrx_word' id='word_1_705' title='bbox 2588 4935 2758 4979; x_wconf 86' lang='lat' dir='ltr'><strong>avaro</strong></span> <span class='ocrx_word' id='word_1_706' title='bbox 2787 4926 2846 4975; x_wconf 89' lang='lat' dir='ltr'><strong>et</strong></span> <span class='ocrx_word' id='word_1_707' title='bbox 2867 4919 3122 4990; x_wconf 76' lang='lat' dir='ltr'><strong>pecunia:</strong></span> <span class='ocrx_word' id='word_1_708' title='bbox 3157 4918 3366 4974; x_wconf 88' lang='lat' dir='ltr'><strong>amanti</strong></span> <span class='ocrx_word' id='word_1_709' title='bbox 3395 4918 3572 4994; x_wconf 46' lang='lat' dir='ltr'><strong>vecti.-</strong></span> 
     </span>
    </p>
   </div>
   <div class='ocr_carea' id='block_1_96' title="bbox 302 5010 1874 5125">
    <p class='ocr_par' dir='ltr' id='par_1_96' title="bbox 302 5010 1874 5108">
     <span class='ocr_line' id='line_1_97' title="bbox 302 5010 1874 5108; baseline -0.001 -17"><span class='ocrx_word' id='word_1_710' title='bbox 302 5010 397 5091; x_wconf 78' lang='grc' dir='ltr'><strong>του</strong></span> <span class='ocrx_word' id='word_1_711' title='bbox 428 5038 464 5089; x_wconf 86' lang='grc' dir='ltr'><strong>Γ</strong></span> <span class='ocrx_word' id='word_1_712' title='bbox 467 5036 784 5103; x_wconf 87' lang='grc' dir='ltr'>ουλούσσου,</span> <span class='ocrx_word' id='word_1_713' title='bbox 814 5010 981 5107; x_wconf 77' lang='grc' dir='ltr'>μέσου</span> <span class='ocrx_word' id='word_1_714' title='bbox 1007 5035 1062 5089; x_wconf 81' lang='grc' dir='ltr'>δὲ</span> <span class='ocrx_word' id='word_1_715' title='bbox 1097 5010 1467 5090; x_wconf 82' lang='grc' dir='ltr'>Μαστανάϐου</span> <span class='ocrx_word' id='word_1_716' title='bbox 1499 5010 1638 5108; x_wconf 64' lang='grc' dir='ltr'>(ϐό),</span> <span class='ocrx_word' id='word_1_717' title='bbox 1674 5034 1874 5100; x_wconf 79' lang='grc' dir='ltr'>τούτοις</span> 
     </span>
    </p>
   </div>
   <div class='ocr_carea' id='block_1_97' title="bbox 1976 5010 3590 5125">
    <p class='ocr_par' dir='ltr' id='par_1_97' title="bbox 1989 5010 3590 5125">
     <span class='ocr_line' id='line_1_98' title="bbox 1989 5010 3590 5097; baseline -0.011 -17"><span class='ocrx_word' id='word_1_718' title='bbox 1989 5024 2194 5097; x_wconf 84' lang='lat' dir='ltr'><strong>galium</strong></span> <span class='ocrx_word' id='word_1_719' title='bbox 2231 5016 2559 5075; x_wconf 83' lang='lat' dir='ltr'><strong>tractatione</strong></span> <span class='ocrx_word' id='word_1_720' title='bbox 2595 5011 2856 5067; x_wconf 87' lang='lat' dir='ltr'><strong>mandata</strong></span> <span class='ocrx_word' id='word_1_721' title='bbox 2912 5029 2926 5064; x_wconf 87' lang='lat'><strong>:</strong></span> <span class='ocrx_word' id='word_1_722' title='bbox 2974 5010 3231 5080; x_wconf 79' lang='lat' dir='ltr'><strong>proxime</strong></span> <span class='ocrx_word' id='word_1_723' title='bbox 3272 5017 3394 5080; x_wconf 91' lang='lat' dir='ltr'><strong>post</strong></span> <span class='ocrx_word' id='word_1_724' title='bbox 3443 5024 3590 5063; x_wconf 53' lang='lat' dir='ltr'><strong>cum:</strong></span> 
     </span>
     <span class='ocr_line' id='line_1_99' title="bbox 2011 5103 3542 5125; baseline -0.01 12"><span class='ocrx_word' id='word_1_725' title='bbox 2011 5120 2045 5125; x_wconf 86' lang='grc'><strong>--</strong></span> <span class='ocrx_word' id='word_1_726' title='bbox 2193 5123 2199 5125; x_wconf 89' lang='grc'><strong>.</strong></span> <span class='ocrx_word' id='word_1_727' title='bbox 2299 5114 2335 5125; x_wconf 82' lang='grc'><strong>..</strong></span> <span class='ocrx_word' id='word_1_728' title='bbox 2492 5119 2504 5125; x_wconf 93' lang='grc'><strong>-</strong></span> <span class='ocrx_word' id='word_1_729' title='bbox 2828 5119 3055 5125; x_wconf 50' lang='grc' dir='ltr'><strong>--η-ω</strong></span> <span class='ocrx_word' id='word_1_730' title='bbox 3101 5105 3374 5125; x_wconf 24' lang='grc' dir='ltr'><strong>,,,,ν,,,κ,.,</strong></span> <span class='ocrx_word' id='word_1_731' title='bbox 3461 5103 3542 5125; x_wconf 61' lang='grc' dir='ltr'>η,</span> 
     </span>
    </p>
   </div>
   <div class='ocr_carea' id='block_1_98' title="bbox 305 5103 1874 5201">
    <p class='ocr_par' dir='ltr' id='par_1_98' title="bbox 305 5103 1874 5201">
     <span class='ocr_line' id='line_1_100' title="bbox 305 5103 1874 5201; baseline -0.001 -17"><span class='ocrx_word' id='word_1_732' title='bbox 305 5132 376 5184; x_wconf 81' lang='grc' dir='ltr'><strong>τά</strong></span> <span class='ocrx_word' id='word_1_733' title='bbox 409 5130 733 5199; x_wconf 84' lang='grc' dir='ltr'>πράγματα,</span> <span class='ocrx_word' id='word_1_734' title='bbox 788 5103 1192 5200; x_wconf 78' lang='grc' dir='ltr'>μεμερισμένος</span> <span class='ocrx_word' id='word_1_735' title='bbox 1220 5127 1426 5199; x_wconf 87' lang='grc' dir='ltr'>μέντοι,</span> <span class='ocrx_word' id='word_1_736' title='bbox 1451 5103 1760 5197; x_wconf 78' lang='grc' dir='ltr'>κατένειμε.</span> <span class='ocrx_word' id='word_1_737' title='bbox 1793 5129 1874 5201; x_wconf 68' lang='grc' dir='ltr'><strong>Τῷ</strong></span> 
     </span>
    </p>
   </div>
   <div class='ocr_carea' id='block_1_99' title="bbox 1976 5103 3580 5201">
    <p class='ocr_par' dir='ltr' id='par_1_99' title="bbox 1993 5103 3580 5188">
     <span class='ocr_line' id='line_1_101' title="bbox 1993 5103 3580 5188; baseline -0.013 -12"><span class='ocrx_word' id='word_1_738' title='bbox 1993 5114 2339 5188; x_wconf 86' lang='lat' dir='ltr'><strong>disceptandi</strong></span> <span class='ocrx_word' id='word_1_739' title='bbox 2378 5106 2791 5167; x_wconf 84' lang='lat' dir='ltr'><strong>controversias</strong></span> <span class='ocrx_word' id='word_1_740' title='bbox 2828 5119 3060 5160; x_wconf 88' lang='lat' dir='ltr'><strong>munere</strong></span> <span class='ocrx_word' id='word_1_741' title='bbox 3097 5105 3412 5174; x_wconf 80' lang='lat' dir='ltr'><strong>assignato,</strong></span> <span class='ocrx_word' id='word_1_742' title='bbox 3460 5103 3580 5159; x_wconf 85' lang='lat' dir='ltr'><strong>Gu-</strong></span> 
     </span>
    </p>
   </div>
   <div class='ocr_carea' id='block_1_100' title="bbox 311 5219 1888 5294">
    <p class='ocr_par' dir='ltr' id='par_1_100' title="bbox 311 5219 1888 5294">
     <span class='ocr_line' id='line_1_102' title="bbox 311 5219 1888 5294; baseline -0.003 -18"><span class='ocrx_word' id='word_1_743' title='bbox 311 5224 411 5294; x_wconf 85' lang='grc' dir='ltr'><strong>μέν</strong></span> <span class='ocrx_word' id='word_1_744' title='bbox 440 5223 550 5293; x_wconf 81' lang='grc' dir='ltr'><strong>γάρ</strong></span> <span class='ocrx_word' id='word_1_745' title='bbox 581 5222 946 5292; x_wconf 85' lang='grc' dir='ltr'>πρεσϐυτάτῳ</span> <span class='ocrx_word' id='word_1_746' title='bbox 978 5221 1327 5292; x_wconf 72' lang='grc' dir='ltr'>χρηματιστῇ</span> <span class='ocrx_word' id='word_1_747' title='bbox 1360 5237 1420 5273; x_wconf 88' lang='grc' dir='ltr'><strong>τε</strong></span> <span class='ocrx_word' id='word_1_748' title='bbox 1451 5219 1565 5272; x_wconf 76' lang='grc' dir='ltr'>ὄντι</span> <span class='ocrx_word' id='word_1_749' title='bbox 1605 5220 1700 5274; x_wconf 78' lang='grc' dir='ltr'>καὶ</span> <span class='ocrx_word' id='word_1_750' title='bbox 1734 5219 1888 5289; x_wconf 89' lang='grc' dir='ltr'>φιλο-</span> 
     </span>
    </p>
   </div>
   <div class='ocr_carea' id='block_1_101' title="bbox 309 5310 1889 5386">
    <p class='ocr_par' dir='ltr' id='par_1_101' title="bbox 309 5310 1889 5386">
     <span class='ocr_line' id='line_1_103' title="bbox 309 5310 1889 5386; baseline -0.003 -18"><span class='ocrx_word' id='word_1_751' title='bbox 309 5314 529 5386; x_wconf 86' lang='grc' dir='ltr'>πλούτῳ</span> <span class='ocrx_word' id='word_1_752' title='bbox 558 5313 657 5376; x_wconf 87' lang='grc' dir='ltr'>τὴν</span> <span class='ocrx_word' id='word_1_753' title='bbox 691 5313 962 5383; x_wconf 87' lang='grc' dir='ltr'>διοίκησιν</span> <span class='ocrx_word' id='word_1_754' title='bbox 1005 5311 1306 5382; x_wconf 85' lang='grc' dir='ltr'>ἐνεχείρισε</span> <span class='ocrx_word' id='word_1_755' title='bbox 1335 5328 1348 5341; x_wconf 90' lang='grc'><strong>·</strong></span> <span class='ocrx_word' id='word_1_756' title='bbox 1376 5310 1457 5382; x_wconf 83' lang='grc' dir='ltr'>τῷ</span> <span class='ocrx_word' id='word_1_757' title='bbox 1485 5310 1543 5363; x_wconf 78' lang='grc' dir='ltr'>δὲ</span> <span class='ocrx_word' id='word_1_758' title='bbox 1577 5310 1696 5381; x_wconf 87' lang='grc' dir='ltr'>μετ’</span> <span class='ocrx_word' id='word_1_759' title='bbox 1727 5310 1889 5365; x_wconf 82' lang='grc' dir='ltr'>αὑτὸν</span> 
     </span>
    </p>
   </div>
   <div class='ocr_carea' id='block_1_102' title="bbox 1987 5193 3577 5270">
    <p class='ocr_par' dir='ltr' id='par_1_102' title="bbox 1987 5193 3577 5270">
     <span class='ocr_line' id='line_1_104' title="bbox 1987 5193 3577 5270; baseline -0.013 0"><span class='ocrx_word' id='word_1_760' title='bbox 1987 5216 2153 5270; x_wconf 62' lang='lat' dir='ltr'><strong>iussa:</strong></span> <span class='ocrx_word' id='word_1_761' title='bbox 2185 5205 2401 5265; x_wconf 86' lang='lat' dir='ltr'><strong>homini</strong></span> <span class='ocrx_word' id='word_1_762' title='bbox 2433 5200 2702 5258; x_wconf 89' lang='lat' dir='ltr'><strong>bellicoso</strong></span> <span class='ocrx_word' id='word_1_763' title='bbox 2731 5195 3015 5253; x_wconf 80' lang='lat' dir='ltr'><strong>exercitus</strong></span> <span class='ocrx_word' id='word_1_764' title='bbox 3037 5193 3286 5248; x_wconf 86' lang='lat' dir='ltr'><strong>tradidit.</strong></span> <span class='ocrx_word' id='word_1_765' title='bbox 3324 5193 3577 5263; x_wconf 81' lang='lat' dir='ltr'><strong>Reliquis</strong></span> 
     </span>
    </p>
   </div>
   <div class='ocr_carea' id='block_1_103' title="bbox 1986 5283 3579 5367">
    <p class='ocr_par' dir='ltr' id='par_1_103' title="bbox 1986 5283 3579 5367">
     <span class='ocr_line' id='line_1_105' title="bbox 1986 5283 3579 5367; baseline -0.015 -6"><span class='ocrx_word' id='word_1_766' title='bbox 1986 5301 2289 5364; x_wconf 79' lang='lat' dir='ltr'><strong>fratribus,</strong></span> <span class='ocrx_word' id='word_1_767' title='bbox 2343 5294 2437 5367; x_wconf 91' lang='lat' dir='ltr'><strong>qui</strong></span> <span class='ocrx_word' id='word_1_768' title='bbox 2502 5290 2664 5347; x_wconf 87' lang='lat' dir='ltr'><strong>multi</strong></span> <span class='ocrx_word' id='word_1_769' title='bbox 2695 5298 2899 5353; x_wconf 86' lang='lat' dir='ltr'><strong>erant,</strong></span> <span class='ocrx_word' id='word_1_770' title='bbox 2961 5285 3128 5341; x_wconf 89' lang='lat' dir='ltr'><strong>urbes</strong></span> <span class='ocrx_word' id='word_1_771' title='bbox 3180 5283 3448 5354; x_wconf 88' lang='lat' dir='ltr'><strong>quasdam</strong></span> <span class='ocrx_word' id='word_1_772' title='bbox 3517 5292 3579 5339; x_wconf 70' lang='lat' dir='ltr'><strong>et</strong></span> 
     </span>
    </p>
   </div>
   <div class='ocr_carea' id='block_1_104' title="bbox 307 5376 1874 5477">
    <p class='ocr_par' dir='ltr' id='par_1_104' title="bbox 307 5376 1874 5477">
     <span class='ocr_line' id='line_1_106' title="bbox 307 5376 1874 5477; baseline -0.003 -16"><span class='ocrx_word' id='word_1_773' title='bbox 307 5408 408 5471; x_wconf 76' lang='grc' dir='ltr'><strong>τὰς</strong></span> <span class='ocrx_word' id='word_1_774' title='bbox 435 5376 701 5477; x_wconf 74' lang='grc' dir='ltr'>διαφοράς</span> <span class='ocrx_word' id='word_1_775' title='bbox 724 5376 935 5477; x_wconf 79' lang='grc' dir='ltr'>κρίνειν</span> <span class='ocrx_word' id='word_1_776' title='bbox 961 5376 1254 5475; x_wconf 48' lang='grc' dir='ltr'>ἐπέτρεψε,</span> <span class='ocrx_word' id='word_1_777' title='bbox 1282 5376 1513 5474; x_wconf 80' lang='grc' dir='ltr'>δικαστῇ</span> <span class='ocrx_word' id='word_1_778' title='bbox 1546 5376 1659 5456; x_wconf 75' lang='grc' dir='ltr'>ὄντι</span> <span class='ocrx_word' id='word_1_779' title='bbox 1690 5416 1706 5430; x_wconf 86' lang='grc'>⁶</span> <span class='ocrx_word' id='word_1_780' title='bbox 1730 5401 1809 5474; x_wconf 83' lang='grc' dir='ltr'>τῷ</span> <span class='ocrx_word' id='word_1_781' title='bbox 1835 5403 1874 5456; x_wconf 72' lang='grc' dir='ltr'><strong>δί</strong></span> 
     </span>
    </p>
   </div>
   <div class='ocr_carea' id='block_1_105' title="bbox 1976 5376 3575 5477">
    <p class='ocr_par' dir='ltr' id='par_1_105' title="bbox 1989 5376 3575 5470">
     <span class='ocr_line' id='line_1_107' title="bbox 1989 5376 3575 5470; baseline -0.016 -17"><span class='ocrx_word' id='word_1_782' title='bbox 1989 5396 2191 5470; x_wconf 65' lang='lat' dir='ltr'><strong>praedia</strong></span> <span class='ocrx_word' id='word_1_783' title='bbox 2235 5388 2447 5453; x_wconf 87' lang='lat' dir='ltr'><strong>divisit,</strong></span> <span class='ocrx_word' id='word_1_784' title='bbox 2486 5384 2779 5441; x_wconf 87' lang='lat' dir='ltr'><strong>Gulussam</strong></span> <span class='ocrx_word' id='word_1_785' title='bbox 2822 5393 2957 5433; x_wconf 89' lang='lat' dir='ltr'><strong>vero</strong></span> <span class='ocrx_word' id='word_1_786' title='bbox 2993 5378 3060 5432; x_wconf 88' lang='lat' dir='ltr'><strong>ad</strong></span> <span class='ocrx_word' id='word_1_787' title='bbox 3112 5376 3397 5431; x_wconf 89' lang='lat' dir='ltr'><strong>consulem</strong></span> <span class='ocrx_word' id='word_1_788' title='bbox 3445 5391 3575 5445; x_wconf 41' lang='lat' dir='ltr'><strong>per;-</strong></span> 
     </span>
    </p>
   </div>
   <div class='ocr_carea' id='block_1_106' title="bbox 311 5496 1888 5571">
    <p class='ocr_par' dir='ltr' id='par_1_106' title="bbox 311 5496 1888 5571">
     <span class='ocr_line' id='line_1_108' title="bbox 311 5496 1888 5571; baseline -0.003 -16"><span class='ocrx_word' id='word_1_789' title='bbox 311 5500 623 5571; x_wconf 80' lang='grc' dir='ltr'>Γουλούσσᾳ</span> <span class='ocrx_word' id='word_1_790' title='bbox 659 5496 943 5568; x_wconf 87' lang='grc' dir='ltr'>πολεμικῷ</span> <span class='ocrx_word' id='word_1_791' title='bbox 971 5496 1297 5568; x_wconf 88' lang='grc' dir='ltr'>τυγχάνοντι</span> <span class='ocrx_word' id='word_1_792' title='bbox 1329 5497 1428 5560; x_wconf 83' lang='grc' dir='ltr'>τὰς</span> <span class='ocrx_word' id='word_1_793' title='bbox 1451 5497 1706 5568; x_wconf 87' lang='grc' dir='ltr'>δυνάμεις</span> <span class='ocrx_word' id='word_1_794' title='bbox 1742 5515 1888 5568; x_wconf 86' lang='grc' dir='ltr'>παρ-</span> 
     </span>
    </p>
   </div>
   <div class='ocr_carea' id='block_1_107' title="bbox 311 5590 1892 5661">
    <p class='ocr_par' dir='ltr' id='par_1_107' title="bbox 311 5590 1892 5661">
     <span class='ocr_line' id='line_1_109' title="bbox 311 5590 1892 5661; baseline -0.004 -11"><span class='ocrx_word' id='word_1_795' title='bbox 311 5595 501 5650; x_wconf 85' lang='grc' dir='ltr'>έδωκε.</span> <span class='ocrx_word' id='word_1_796' title='bbox 535 5595 661 5658; x_wconf 85' lang='grc' dir='ltr'><strong>Τοῖς</strong></span> <span class='ocrx_word' id='word_1_797' title='bbox 704 5593 749 5646; x_wconf 90' lang='grc' dir='ltr'>δ’</span> <span class='ocrx_word' id='word_1_798' title='bbox 781 5590 1031 5661; x_wconf 80' lang='grc' dir='ltr'>ἀδελφοῖς</span> <span class='ocrx_word' id='word_1_799' title='bbox 1075 5590 1255 5645; x_wconf 77' lang='grc' dir='ltr'>αὐτῶν</span> <span class='ocrx_word' id='word_1_800' title='bbox 1305 5591 1517 5654; x_wconf 76' lang='grc' dir='ltr'>πολλοῖς</span> <span class='ocrx_word' id='word_1_801' title='bbox 1558 5590 1678 5645; x_wconf 79' lang='grc' dir='ltr'>οὖσι</span> <span class='ocrx_word' id='word_1_802' title='bbox 1707 5590 1892 5652; x_wconf 71' lang='grc' dir='ltr'>πόλεις</span> 
     </span>
    </p>
   </div>
   <div class='ocr_carea' id='block_1_108' title="bbox 1989 5466 3547 5545">
    <p class='ocr_par' dir='ltr' id='par_1_108' title="bbox 1989 5466 3547 5545">
     <span class='ocr_line' id='line_1_110' title="bbox 1989 5466 3547 5545; baseline -0.013 -5"><span class='ocrx_word' id='word_1_803' title='bbox 1989 5466 2166 5545; x_wconf 76' lang='lat' dir='ltr'><strong>duxit.</strong></span> <span class='ocrx_word' id='word_1_804' title='bbox 2196 5485 2313 5541; x_wconf 89' lang='lat' dir='ltr'><strong>Sub</strong></span> <span class='ocrx_word' id='word_1_805' title='bbox 2336 5480 2487 5537; x_wconf 89' lang='lat' dir='ltr'><strong>veris</strong></span> <span class='ocrx_word' id='word_1_806' title='bbox 2515 5476 2736 5531; x_wconf 88' lang='lat' dir='ltr'><strong>initium</strong></span> <span class='ocrx_word' id='word_1_807' title='bbox 2764 5468 3305 5540; x_wconf 86' lang='lat' dir='ltr'><strong>Carthaginiensium</strong></span> <span class='ocrx_word' id='word_1_808' title='bbox 3338 5466 3547 5523; x_wconf 64' lang='lat' dir='ltr'><strong>hedera</strong></span> 
     </span>
    </p>
   </div>
   <div class='ocr_carea' id='block_1_109' title="bbox 1991 5560 3575 5651">
    <p class='ocr_par' dir='ltr' id='par_1_109' title="bbox 1991 5560 3575 5651">
     <span class='ocr_line' id='line_1_111' title="bbox 1991 5560 3575 5651; baseline -0.015 -12"><span class='ocrx_word' id='word_1_809' title='bbox 1991 5594 2079 5639; x_wconf 88' lang='lat' dir='ltr'><strong>tos</strong></span> <span class='ocrx_word' id='word_1_810' title='bbox 2123 5576 2392 5651; x_wconf 80' lang='lat' dir='ltr'><strong>aggressi,</strong></span> <span class='ocrx_word' id='word_1_811' title='bbox 2438 5571 2642 5627; x_wconf 86' lang='lat' dir='ltr'><strong>multos</strong></span> <span class='ocrx_word' id='word_1_812' title='bbox 2684 5566 2763 5630; x_wconf 89' lang='lat' dir='ltr'><strong>vi,</strong></span> <span class='ocrx_word' id='word_1_813' title='bbox 2807 5564 3016 5620; x_wconf 91' lang='lat' dir='ltr'><strong>multos</strong></span> <span class='ocrx_word' id='word_1_814' title='bbox 3059 5560 3335 5633; x_wconf 88' lang='lat' dir='ltr'><strong>pactione,</strong></span> <span class='ocrx_word' id='word_1_815' title='bbox 3385 5560 3575 5631; x_wconf 88' lang='lat' dir='ltr'><strong>Scipio</strong></span> 
     </span>
    </p>
   </div>
   <div class='ocr_carea' id='block_1_110' title="bbox 1528 5706 2386 5772">
    <p class='ocr_par' dir='ltr' id='par_1_110' title="bbox 1528 5706 2386 5772">
     <span class='ocr_line' id='line_1_112' title="bbox 1528 5706 2386 5772; baseline -0.017 -2"><span class='ocrx_word' id='word_1_816' title='bbox 1528 5710 1732 5772; x_wconf 76' lang='lat' dir='ltr'><strong>Variae</strong></span> <span class='ocrx_word' id='word_1_817' title='bbox 1771 5706 2080 5770; x_wconf 86' lang='lat' dir='ltr'><strong>lectiones</strong></span> <span class='ocrx_word' id='word_1_818' title='bbox 2104 5706 2164 5760; x_wconf 88' lang='lat' dir='ltr'><strong>et</strong></span> <span class='ocrx_word' id='word_1_819' title='bbox 2199 5706 2386 5758; x_wconf 69' lang='lat' dir='ltr'><strong>uotae.</strong></span> 
     </span>
    </p>
   </div>
   <div class='ocr_carea' id='block_1_111' title="bbox 387 5812 1776 5889">
    <p class='ocr_par' dir='ltr' id='par_1_111' title="bbox 387 5812 1776 5889">
     <span class='ocr_line' id='line_1_113' title="bbox 387 5812 1776 5889; baseline -0.006 -16"><span class='ocrx_word' id='word_1_820' title='bbox 387 5818 500 5889; x_wconf 70' lang='lat'><strong>(53)</strong></span> <span class='ocrx_word' id='word_1_821' title='bbox 532 5816 787 5872; x_wconf 80' lang='grc' dir='ltr'>Φαϐἐαν.</span> <span class='ocrx_word' id='word_1_822' title='bbox 815 5813 1066 5889; x_wconf 43' lang='grc' dir='ltr'>φαμέαν,</span> <span class='ocrx_word' id='word_1_823' title='bbox 1099 5828 1230 5869; x_wconf 80' lang='lat' dir='ltr'><strong>mss.</strong></span> <span class='ocrx_word' id='word_1_824' title='bbox 1269 5814 1401 5889; x_wconf 75' lang='lat' dir='ltr'><strong>Reg.</strong></span> <span class='ocrx_word' id='word_1_825' title='bbox 1436 5822 1493 5868; x_wconf 88' lang='lat' dir='ltr'><strong>et</strong></span> <span class='ocrx_word' id='word_1_826' title='bbox 1533 5812 1776 5889; x_wconf 32' lang='lat' dir='ltr'><strong>Culbﬂert.</strong></span> 
     </span>
    </p>
   </div>
   <div class='ocr_carea' id='block_1_112' title="bbox 388 5883 1886 5955">
    <p class='ocr_par' dir='ltr' id='par_1_112' title="bbox 388 5883 1886 5955">
     <span class='ocr_line' id='line_1_114' title="bbox 388 5883 1886 5955; baseline -0.005 -12"><span class='ocrx_word' id='word_1_827' title='bbox 388 5883 500 5955; x_wconf 62' lang='lat' dir='ltr'><strong>(Pii)</strong></span> <span class='ocrx_word' id='word_1_828' title='bbox 536 5885 962 5944; x_wconf 78' lang='grc' dir='ltr'>Μασταγάὔου.</span> <span class='ocrx_word' id='word_1_829' title='bbox 1011 5885 1089 5939; x_wconf 87' lang='lat' dir='ltr'><strong>Ita</strong></span> <span class='ocrx_word' id='word_1_830' title='bbox 1144 5884 1491 5955; x_wconf 76' lang='lat' dir='ltr'><strong>reposuiuius</strong></span> <span class='ocrx_word' id='word_1_831' title='bbox 1543 5899 1609 5938; x_wconf 82' lang='lat' dir='ltr'><strong>ex</strong></span> <span class='ocrx_word' id='word_1_832' title='bbox 1653 5883 1886 5955; x_wconf 59' lang='lat' dir='ltr'><strong>Beg._et</strong></span> 
     </span>
    </p>
   </div>
   <div class='ocr_carea' id='block_1_113' title="bbox 314 5951 1886 6031">
    <p class='ocr_par' dir='ltr' id='par_1_113' title="bbox 314 5951 1886 6031">
     <span class='ocr_line' id='line_1_115' title="bbox 314 5951 1886 6031; baseline -0.008 -12"><span class='ocrx_word' id='word_1_833' title='bbox 314 5951 557 6019; x_wconf 84' lang='lat' dir='ltr'><strong>Colbcrt.</strong></span> <span class='ocrx_word' id='word_1_834' title='bbox 593 5956 871 6031; x_wconf 89' lang='lat' dir='ltr'><strong>quomodo</strong></span> <span class='ocrx_word' id='word_1_835' title='bbox 903 5951 1304 6027; x_wconf 31' lang='lat' dir='ltr'><strong>appellatur’ab</strong></span> <span class='ocrx_word' id='word_1_836' title='bbox 1354 5953 1601 6023; x_wconf 77' lang='lat' dir='ltr'><strong>Appiano</strong></span> <span class='ocrx_word' id='word_1_837' title='bbox 1653 5951 1886 6009; x_wconf 82' lang='lat' dir='ltr'><strong>Wolﬁus</strong></span> 
     </span>
    </p>
   </div>
   <div class='ocr_carea' id='block_1_114' title="bbox 1994 5783 3573 5870">
    <p class='ocr_par' dir='ltr' id='par_1_114' title="bbox 1994 5783 3573 5870">
     <span class='ocr_line' id='line_1_116' title="bbox 1994 5783 3573 5870; baseline -0.013 -11"><span class='ocrx_word' id='word_1_838' title='bbox 1994 5801 2392 5870; x_wconf 66' lang='grc' dir='ltr'><strong>ινιοισειτσινοὶμου⁸</strong></span> <span class='ocrx_word' id='word_1_839' title='bbox 2443 5793 2709 5870; x_wconf 59' lang='lat' dir='ltr'><strong>ediderat</strong></span> <span class='ocrx_word' id='word_1_840' title='bbox 2747 5806 2765 5870; x_wconf 61' lang='grc' dir='ltr'>Ξ</span> <span class='ocrx_word' id='word_1_841' title='bbox 2809 5786 3016 5870; x_wconf 52' lang='lat' dir='ltr'><strong>que-mf</strong></span> <span class='ocrx_word' id='word_1_842' title='bbox 3045 5800 3292 5870; x_wconf 83' lang='lat' dir='ltr'><strong>errorem</strong></span> <span class='ocrx_word' id='word_1_843' title='bbox 3353 5783 3573 5841; x_wconf 82' lang='lat' dir='ltr'><strong>viderat</strong></span> 
     </span>
    </p>
   </div>
   <div class='ocr_carea' id='block_1_115' title="bbox 1994 5858 3217 5931">
    <p class='ocr_par' dir='ltr' id='par_1_115' title="bbox 1994 5858 3217 5931">
     <span class='ocr_line' id='line_1_117' title="bbox 1994 5858 3217 5931; baseline -0.015 0"><span class='ocrx_word' id='word_1_844' title='bbox 1994 5858 2281 5931; x_wconf 46' lang='lat' dir='ltr'><strong>Henricus.</strong></span> <span class='ocrx_word' id='word_1_845' title='bbox 2301 5866 2552 5925; x_wconf 81' lang='lat' dir='ltr'><strong>Valesius</strong></span> <span class='ocrx_word' id='word_1_846' title='bbox 2576 5862 2643 5918; x_wconf 88' lang='lat' dir='ltr'><strong>ad</strong></span> <span class='ocrx_word' id='word_1_847' title='bbox 2672 5858 2893 5926; x_wconf 71' lang='lat' dir='ltr'><strong>Polybii</strong></span> <span class='ocrx_word' id='word_1_848' title='bbox 2922 5858 3217 5929; x_wconf 80' lang='lat' dir='ltr'><strong>Excerpta.</strong></span> 
     </span>
    </p>
   </div>
  </div>
