4024 6416
397 408 500 472 791
1705 403 1982 465 JOANNI

2090 404 2393 466 ΕΟΝΑΒιΕ
3553 408 3662 467 792

405 523 737 594 praesertim,
778 518 1140 589 subegerunt.
1173 517 1240 572 Ut
1266 531 1400 570 vero
1437 514 1646 570 Fabeas
1675 511 1981 582 desperatis

2090 513 2236 572 τινάς
2267 513 2361 566 καὶ
2382 508 2566 584 χώρας
2598 509 2805 582 ἔνειμε.
2843 514 2955 566 Καὶ
2985 513 3076 568 τὸν
3104 513 3446 568 Γουλούσσαν
3478 532 3663 584 παρα-

393 611 936 684 Carthaginiensium
966 609 1134 663 rebus
1198 607 1269 662 ad
1325 607 1604 660 Romanos
1654 602 1968 666 inclinans,

2090 599 2265 654 λαϐὼν
2305 601 2446 671 πρὸς
2489 603 2581 656 τὸν
2604 600 2812 655 ὕπατον
2834 603 3064 676 ἦγαγεν.
3112 604 3448 676 ’Λρχομένου
3476 605 3534 660 δὲ
3566 607 3665 662 τοῦ

394 723 518 762 cum
549 701 1142 774 Scipione"collocutus
1165 707 1250 754 est
1286 714 1304 752 :
1334 707 1451 752 tum
1479 710 1611 751 vero
1653 708 1847 749 omnes
1883 707 1972 748 ar-

2090 691 2244 765 ίαρος
2281 695 2374 748 ἐπὶ
2393 695 2520 776 τοὺς
2548 695 2659 749 τῶν
2695 697 3081 768 Καρχηδονίων
3110 715 3438 774 συμμαχους
3471 705 3669 777 ὲστρά·

395 798 502 852 mis
532 797 586 849 in
611 793 980 849 Asdrubalem
1011 790 1320 854 conversis,
1353 803 1478 844 cum
1510 803 1610 858 per
1641 785 1761 840 dies
1784 785 1974 856 plures

2090 803 2302 849 τευσαν,
2358 787 2454 840 καὶ
2514 785 2746 851 πολλοὺς
2783 787 2883 855 μὲν
2928 791 3109 844 αὐτῶν
3158 792 3270 863 βίᾳ,
3329 794 3561 858 πολλοὺς
3606 797 3668 850 δὲ

391 882 676 938 castellum
720 887 1149 950 oppugnassent,
1175 886 1484 934 commeatu
1521 876 1807 939 destituti,
1838 873 1976 929 citra

2090 874 2364 944 ὃμολογίᾳ,
2407 875 2501 928 καὶ
2556 876 2792 945 μάλιστα
2831 880 2858 932 ὁ
2898 880 3161 947 Σκιπίων,
3217 887 3666 958 παρεστήσαντο.

392 975 634 1029 dedecus
650 982 1021 1027 recesserunt.
1042 971 1180 1025 Nam
1199 971 1435 1026 durante
1455 970 1637 1025 adhuc
1659 968 1974 1031 obsidione,

2093 967 2184 1030 Ὠς
2215 967 2273 1020 δὲ
2306 967 2520 1031 Φαϐέας
2550 969 2824 1038 ἀπογνοὺς
2850 971 2919 1026 τὰ
2959 973 3071 1026 τῶν
3099 976 3492 1047 Καρχηδονίων
3531 980 3670 1050 πρὸς

395 1066 604 1121 Fabeas
624 1065 880 1120 hostilem
907 1065 960 1118 in
989 1063 1214 1118 modum
1236 1078 1332 1117 eos
1352 1078 1641 1134 aggressus
1665 1063 1720 1116 in
1743 1061 1858 1131 ipsa
1879 1049 1980 1129 pu-

2090 1057 2211 1120 τοὺς
2250 1059 2559 1128 Ῥωμαίους
2604 1060 2891 1128 ἀπέκλινε,
2936 1066 3031 1121 καὶ
3073 1067 3152 1129 είς
3187 1067 3378 1134 λόγους
3413 1068 3489 1139 τῷ
3537 1049 3671 1123 Σκιο

393 1170 500 1227 gna
521 1170 646 1211 cum
669 1157 878 1226 aliquot
903 1155 1185 1225 equitibus
1207 1156 1272 1210 ad
1292 1155 1569 1208 Romanos
1589 1153 1826 1208 transiit.
1846 1151 1980 1205 Inde

2090 1150 2250 1204 πίωνι
2283 1146 2412 1223 ἦλθε
2444 1168 2460 1186 ο
2491 1151 2614 1206 τότε
2645 1153 2739 1207 καὶ
2782 1155 2876 1208 ἐπὶ
2921 1158 3012 1210 τὸν
3066 1159 3401 1229 Ἀσδρούϐαν
3430 1162 3672 1226 ἅπαντες

397 1247 658 1301 Manilius
702 1247 915 1302 Uticam
946 1247 1231 1316 profectus
1270 1247 1503 1316 quievit.
1560 1244 1748 1314 Scipio
1780 1241 1980 1298 'Fabea

2090 1240 2377 1312 ὥρμησαν,
2415 1245 2510 1297 καὶ
2541 1247 2884 1316 προσέμιξαν
2920 1250 3021 1319 μὲν
3051 1249 3132 1321 τῷ
3157 1252 3405 1324 φρουρίῳ
3449 1256 3674 1324 συχναῖς

394 1339 625 1396 Romam
656 1339 923 1410 perduelo
964 1340 1223 1396 laudatus
1244 1349 1373 1395 est:
1410 1349 1465 1394 et
1494 1339 1540 1396 is
1577 1339 1754 1394 honos
1786 1337 1982 1392 Fabeas

2090 1333 2326 1403 ἡμέραις
2355 1350 2370 1367 ο
2416 1336 2782 1392 ἐπιλιπόντων
2824 1340 2880 1393 δὲ
2930 1341 3128 1406 αὐτοὺς
3160 1343 3320 1410 αὖθις
3366 1345 3474 1400 τῶν
3502 1347 3674 1415 ἀναγ-

396 1431 638 1497 habitus,
661 1441 720 1486 ut
745 1433 799 1486 in
830 1445 1151 1487 consessum
1176 1445 1206 1485 a
1225 1439 1420 1486 senatu
1447 1429 1810 1499 reciperetur.

2089 1425 2261 1478 καίων
2284 1427 2640 1498 ἀνεχώρησαν
2663 1431 2978 1502 εὐπρεπῶς.
3010 1436 3326 1506 Προσέϐαλε
3351 1440 3463 1509 γὰρ
3488 1439 3674 1503 αὐτοῖς

395 1527 424 1576 ό
451 1523 664 1590 Φαϐέας
693 1523 1154 1596 προσεδρεύουσιν
1187 1524 1268 1578 ἔτι
1309 1524 1388 1588 ώς
1433 1523 1789 1590 πολεμήσων,
1838 1519 1934 1573 καὶ
1997 1516 2027 1569 ἐ
2094 1516 2176 1608 τῷ
2207 1518 2356 1592 ἔργῳ
2377 1523 2497 1591 μεθ’
2525 1525 2739 1578 ἱππέων
2770 1524 2936 1579 τινῶν
2960 1528 3324 1600 ηὐτομόλησε.
3360 1531 3676 1585 Κάντεῦθεν

396 1616 666 1681 Μανίλιος
709 1618 809 1686 μὲν
839 1619 919 1680 είς
947 1619 1048 1688 τὴν
1088 1616 1329 1686 Οὐτικὴν
1361 1615 1532 1670 ἐλθὼν
1557 1611 1822 1688 ἡσύχαζε,
1862 1609 2108 1665 Σκιπίων
2143 1609 2202 1664 δέ
2237 1612 2330 1665 τὸν
2391 1613 2606 1670 Φαϐέαν
2669 1617 2750 1680 είς
2796 1619 2896 1688 τὴν
2954 1617 3176 1691 Ῥώμην
3224 1623 3470 1694 ἀνήγαγε
3497 1664 3512 1685 ,
3577 1625 3677 1678 καὶ

396 1708 563 1773 αὐτός
594 1726 654 1762 τε
686 1711 944 1780 ἐπῃνεῖτο
973 1710 1073 1765 καὶ
1103 1712 1132 1764 ὁ
1160 1709 1376 1774 Φαϐέας
1393 1712 1676 1782 τετίμητο,
1722 1707 1864 1762 ὥστε
1898 1705 1992 1759 καὶ
2023 1704 2082 1757 ἐν
2107 1701 2186 1776 τῷ
2217 1705 2588 1780 βουλευτηρίῳ
2625 1711 3004 1782 συγκαθῆσθαι
3030 1717 3099 1785 τῇ
3133 1717 3418 1788 γερουσίᾳ.

464 1803 705 1862 XXVIII.
745 1805 886 1858 Tum
924 1804 1148 1860 Prusias
1173 1844 1189 1868 ,
1239 1805 1408 1859 homo
1455 1817 1623 1860 senex
1671 1810 1730 1858 et
1772 1799 1984 1871 asperis

2161 1797 2300 1854 κη’.
2335 1799 2472 1854 Τότε
2497 1801 2556 1854 δέ
2583 1802 2887 1874 συνηνέχθη
2950 1806 3048 1858 καὶ
3079 1806 3147 1860 τὰ
3176 1807 3319 1862 κατὰ
3363 1807 3456 1861 τὸν
3485 1810 3676 1880 Πρου’

396 1895 666 1964 moribus,
716 1885 930 1952 veritus
978 1913 1049 1952 ne
1079 1896 1301 1968 Bithyni
1335 1911 1395 1951 se
1418 1898 1597 1968 ejecto
1625 1868 1978 1950 Nicomedem

2090 1891 2230 1959 σίαν,
2259 1892 2318 1957 ὃς
2342 1893 2526 1966 γέρων
2547 1893 2625 1948 ὢν
2641 1868 2736 1948 καὶ
2759 1868 2890 1959 τοὺς
2907 1897 3144 1966 τρόπους
3173 1897 3409 1968 τραχὺς,
3427 1868 3676 1974 ἐφοϐήθη

399 1994 571 2049 ﬁlium
606 2005 788 2061 regem
825 1997 1079 2046 crearent
1105 2029 1120 2053 ,
1156 2005 1282 2045 eum
1307 2004 1406 2060 per
1434 2003 1656 2044 causam
1687 1987 1982 2058 quamdam

397 2087 629 2142 Romam
660 2083 914 2147 missum,
956 2081 1034 2136 ibi
1069 2081 1274 2152 degere
1301 2080 1490 2152 jussit.
1519 2079 1625 2135 Sed
1656 2095 1782 2135 cum
1815 2079 1981 2134 etiam

398 2172 587 2232 Romae
608 2182 859 2246 agentem
889 2187 988 2243 per
1013 2172 1246 2229 insidias
1264 2171 1508 2228 occisum
1536 2171 1730 2227 vellet:
1763 2169 1982 2241 Bithyni

398 2267 626 2340 quidam
657 2269 1006 2325 Nicomedem
1033 2269 1172 2323 clam
1201 2265 1260 2320 in
1284 2263 1597 2334 Bithyniam
1629 2263 1981 2334 perductum,

400 2375 534 2416 sene
559 2361 769 2425 occiso,
792 2375 978 2432 regem
1004 2359 1285 2416 dixerunt.
1313 2356 1440 2412 Haec
1461 2356 1762 2422 Romanos,
1790 2369 1984 2425 quam-

398 2452 485 2508 vis
505 2454 756 2518 molesta,
785 2469 894 2508 non
925 2463 1109 2508 tamen
1130 2449 1198 2507 ad
1219 2449 1425 2506 bellum
1459 2447 1806 2504 inferendum
1834 2463 1985 2504 com-

402 2557 716 2603 moverunt.
766 2547 1071 2603 Andriscus
1099 2559 1231 2600 vero
1269 2532 1508 2614 quidam'
1528 2542 1982 2613 Adramyttenus,

402 2641 606 2696 Perseo
657 2638 836 2694 forma
883 2653 996 2694 non
1037 2636 1346 2700 dissimilis,
1387 2635 1560 2692 ascito
1602 2634 1709 2690 sibi
1743 2633 1984 2704 Philippi

400 2732 650 2794 nomine,
679 2731 910 2800 ejusque
938 2729 1109 2785 ﬁlium
1143 2742 1263 2783 sese
1297 2727 1579 2789 dictitans,
1611 2725 1678 2780 ad
1715 2723 1985 2779 defectio-

401 2838 528 2878 nem
560 2823 834 2893 plurimos
886 2821 1126 2892 impulit.
1165 2821 1302 2877 Nam
1332 2819 1510 2890 primo
1538 2818 1776 2874 adventu
1810 2817 1982 2871 Mace-

401 2915 623 2971 doniam
649 2913 814 2986 466
836 2915 1056 2970 turbare
1082 2924 1333 2976 conatus,
1366 2927 1491 2966 cum
1523 2926 1552 2965 a
1579 2912 1798 2966 nemine
1823 2925 1984 2964 cura-

401 3015 575 3071 retur,
630 3006 687 3061 in
743 3005 959 3077 Syriam
1009 3003 1079 3059 ad
1113 3003 1450 3059 Demetrium
1495 3017 1553 3058 se
1583 3001 1841 3065 contulit,
1889 3015 1984 3070 spe

2085 1987 2214 2050 τοὺς
2249 1986 2532 2054 Βιθυνοὺς,
2568 1987 2644 2059 μή
2678 1988 2778 2058 τῆς
2813 1988 3100 2058 βασιλείας
3154 1991 3323 2046 αὑτὸν
3374 1993 3676 2062 ἐκϐάλωσι,

2087 2079 2182 2132 τὸν
2217 2078 2506 2151 Νικομήδη
2535 2081 2630 2134 τὸν
2679 2081 2796 2133 υἱὸν
2826 2079 3212 2152 ἀνθελόμενοι.
3243 2083 3356 2138 Kal.
3387 2087 3529 2140 κατά
3555 2104 3682 2141 τινα

2089 2171 2368 2243 πρόφασιν
2417 2170 2670 2243 ἔπεμψεν
2710 2173 2792 2236 είς
2831 2175 2934 2244 τὴν
2993 2174 3219 2243 Ῥώμην
3271 2177 3458 2243 αὐτὸν,
3508 2179 3675 2233 κάκεῖ

2087 2265 2298 2334 διάγειν
2317 2265 2624 2321 ἐκέλευσεν.
2659 2268 2751 2330 Ὧς
2788 2284 2848 2321 τε
2883 2268 2987 2321 κάν
3013 2270 3078 2339 τῇ
3109 2268 3299 2340 Ῥώμῃ
3331 2269 3679 2340 διαιτωμένῳ

2088 2357 2166 2427 τῷ
2219 2357 2318 2428 υίῷ
2371 2358 2738 2413 ἐπεϐούλευσε
2781 2359 2876 2413 καὶ
2934 2359 3163 2415 ἔσπευδε
3217 2363 3428 2416 κτεῖναι
3485 2363 3676 2427 αὐτὸν,

2089 2447 2312 2502 Βιθυνοί
2361 2466 2529 2516 τινες,
2570 2449 2650 2513 είς
2687 2447 2909 2521 Ῥώμην
2957 2451 3353 2519 φοιτήσαντες,
3401 2453 3680 2524 ἐξήγαγον

2087 2538 2269 2611 λάθρα
2320 2538 2413 2593 τὸν
2443 2539 2769 2611 Νικομήδη·
2829 2541 2925 2594 καὶ
2970 2541 3027 2605 ἐς
3059 2539 3158 2613 τὴν
3198 2542 3457 2596 Βιθυνίαν
3515 2545 3678 2613 κομί-

2095 2647 2313 2694 σαντες,
2377 2629 2469 2683 τὸν
2527 2631 2626 2699 μὲν
2676 2631 2913 2701 γέροντα
2965 2631 3288 2700 ἐφόνευσαν,
3343 2632 3571 2702 βασιλέα
3621 2633 3675 2688 δ’

2100 2721 2310 2775 ἐκεῖνον
2365 2719 2677 2786 ἀπέδειξαν.
2732 2722 2920 2775 Ταῦτα
2965 2723 3155 2794 ἠνίασε
3208 2723 3308 2793 μέν
3341 2726 3470 2788 τοὺς
3537 2724 3676 2778 Ῥω-

2092 2814 2313 2883 μαίους,
2359 2815 2418 2867 ού
2459 2813 2566 2885 μὴν
2599 2814 2693 2867 καὶ
2723 2814 2806 2879 είς
2836 2814 3076 2885 πόλεμον
3127 2816 3432 2888 ἐξηρέθισε.
3465 2818 3573 2889 Τὴν
3613 2819 3675 2872 δὲ

2087 2904 2427 2960 Μακεδονίαν
2492 2905 2803 2976 Ἀνδρίσκος
2837 2923 2924 2968 τις
2981 2907 3039 2974 ἐξ
3091 2908 3482 2978 Ἀτραμυττίου
3537 2913 3667 2980 φὺς,

2091 2997 2172 3067 τῷ
2204 2999 2410 3068 Περσεῖ
2440 2998 2486 3050 δ’
2531 2996 2779 3069 ἐμφερὴς
2808 2997 2868 3050 τδ
2895 2995 3038 3064 εἶδος
3063 3001 3380 3070 γενόμενος,
3424 3001 3519 3056 καὶ
3541 3005 3673 3067 παῖς

402 3094 594 3149 auxilii
631 3103 858 3164 propter
895 3093 1280 3166 cognationem
1314 3092 1670 3163 impetrandi,
1703 3091 1773 3146 ab
1805 3106 1985 3161 eoque

2090 3085 2231 3144 εἶναι
2269 3089 2482 3143 ἐκείνου
2543 3089 2943 3160 πλαττόμενος,
2998 3093 3094 3146 καὶ
3147 3093 3418 3148 Φίλιππον
3476 3095 3678 3148 ἑαυτὸν

403 3183 862 3254 comprehensus,
890 3193 947 3241 et
975 3184 1207 3238 Romam
1242 3183 1466 3245 missus,
1492 3197 1619 3237 cum
1648 3197 1830 3252 neque
1855 3183 1985 3236 Per-

2090 3180 2395 3251 ὀνομάζων,
2455 3182 2550 3234 ἐπὶ
2601 3182 2856 3236 πλεῖστον
2919 3183 3224 3256 ἀπέστησε.
3279 3186 3354 3239 Τὸ
3415 3187 3516 3256 μὲν
3564 3188 3679 3258 γὰρ

402 3277 484 3332 sei
516 3276 688 3331 ﬁlium
725 3291 848 3332 esse
897 3282 1198 3339 constaret,
1247 3283 1304 3330 et
1352 3275 1558 3346 alioqui
1599 3275 1740 3330 nihil
1773 3274 1985 3346 insigne

2096 3273 2312 3346 πρῶτον
2352 3275 2411 3337 ἐς
2439 3273 2537 3343 τὴν
2571 3273 2918 3328 Μακεδονίαν
2948 3273 3141 3340 ἐλθὼν,
3178 3277 3471 3346 ταράττειν
3499 3278 3677 3344 αὐτὴν

402 3368 656 3428 haberet.
707 3384 809 3438 per
837 3376 1214 3438 contemptum
1257 3368 1537 3434 dimissus,
1588 3382 1840 3438 magnam
1877 3368 1989 3422 fac-

405 3463 674 3518 tiosorum
729 3462 1018 3517 hominum
1069 3476 1293 3516 manum
1350 3461 1551 3532 coegit,
1585 3463 1786 3518 multas
1820 3461 1988 3518 urbes

406 3549 648 3608 attraxit.
684 3551 934 3622 Denique
966 3552 1120 3624 regio
1151 3552 1345 3608 habitu
1373 3561 1613 3623 sumpto,
1642 3553 1986 3624 collectoque

403 3643 650 3700 exercitu
684 3643 742 3699 in
775 3643 1069 3698 Thraciam
1103 3642 1426 3714 profectus:
1462 3643 1654 3699 multis
1683 3642 1871 3699 liberis
1895 3659 1988 3714 po.

403 3735 569 3806 pulis,
621 3736 809 3791 multis
855 3735 1101 3808 dynastis
1149 3736 1460 3792 Romanum
1515 3735 1810 3806 imperium
1843 3752 1986 3807 aagre

403 3827 713 3884 ferentibus
759 3828 967 3893 ascitis,
1031 3827 1452 3899 impressionem
1500 3828 1554 3883 in
1611 3828 1983 3885 Macedoniam

402 3916 539 3972 fecit
565 3936 582 3973 :
619 3933 798 3988 eaque
824 3926 1115 3988 occupata,
1138 3919 1194 3973 in
1221 3917 1558 3976 Thessaliam
1590 3927 1984 3990 transgressus,

402 4023 516 4064 non
542 4024 714 4081 pauca
743 4010 862 4066 loca
894 4010 1134 4082 subegit.
1176 4011 1412 4067 Romani
1446 4011 1716 4068 Andrisco
1744 4012 1984 4084 primum

401 4103 686 4174 despecto,
718 4113 910 4173 postea
952 4102 1264 4174 Scipionem
1309 4103 1562 4160 Nasicam
1597 4104 1662 4159 ad
1688 4104 1985 4159 tumultum

403 4196 557 4251 illum
591 4195 899 4265 pacandum
934 4195 1230 4251 miserunt.
1285 4195 1390 4263 Qui
1421 4196 1589 4253 rebus
1621 4197 1730 4252 illis
1755 4197 1810 4252 in
1835 4196 1986 4253 Grat-

403 4286 490 4342 cia
525 4285 782 4358 cognitis,
811 4287 880 4342 ad
914 4286 1190 4344 Romanos
1223 4288 1444 4358 scripsit
1471 4278 1658 4343 omnia
1681 4305 1692 4344 :
1716 4297 1770 4343 et
1795 4298 1986 4344 coacto

403 4393 436 4436 a
465 4377 632 4435 sociis
674 4378 920 4434 exercitu
976 4378 1057 4432 rei
1104 4379 1362 4448 gerendae
1401 4379 1669 4442 intentus,
1708 4379 1776 4433 ad
1803 4379 1983 4436 Mace-

405 4466 625 4523 doniam
646 4468 938 4538 processit.
970 4468 1204 4524 Romani
1229 4468 1396 4539 igitur
1423 4469 1484 4524 P.
1516 4469 1831 4524 Juventium
1855 4484 1984 4523 cum

405 4559 654 4613 exercitu
703 4568 898 4614 contra
956 4575 1085 4614 eum
1134 4561 1426 4616 miserunt.
1476 4559 1647 4626 Quem
1682 4537 2062 4616 AndriscusD

405 4647 552 4703 circa
591 4649 962 4704 Macedoniam
1003 4651 1232 4706 adortus
1284 4651 1600 4706 interfecit:
1641 4665 1706 4706 ac
1757 4661 1987 4708 caeteros

403 4739 571 4792 etiam
623 4741 972 4804 trucidasset,
1021 4742 1124 4797 nisi
1175 4751 1342 4797 noctu
1393 4742 1799 4798 discessissent.
1857 4743 1989 4798 Post

406 4830 525 4884 haec
565 4829 622 4883 in
662 4830 942 4885 Thessalia
982 4833 1186 4901 passim
1227 4838 1524 4903 grassatus,
1576 4833 1824 4890 Thraces
1878 4835 1985 4891 sibi

407 4922 677 4992 adjunxit.
708 4922 1078 4989 Quamobrem
1129 4925 1360 4979 Romani
1404 4925 1668 4992 Quintum
1699 4926 1984 4983 Caecilium

406 5014 682 5068 Metellum
719 5024 1011 5085 praetorem
1060 5029 1186 5070 cum
1218 5016 1432 5086 magnis
1483 5018 1658 5088 copiis
1693 5019 1982 5075 miserunt.

404 5107 505 5162 Cui
529 5107 900 5163 Macedoniam
933 5109 1198 5177 ingresso,
1224 5109 1442 5166 Attalus
1469 5111 1644 5166 classe
1673 5112 1878 5169 auxilio
1895 5129 1988 5168 ve-

408 5199 510 5253 nit.
555 5199 858 5255 Andriscus
904 5199 1071 5271 igitur
1115 5202 1182 5257 de
1227 5218 1322 5257 ora
1377 5203 1654 5260 maritima
1689 5205 1982 5270 sollicitus,

405 5287 640 5344 ulterius
661 5291 919 5360 progredi
951 5308 1060 5347 non
1105 5302 1189 5348 est
1217 5309 1406 5359 ausus,
1439 5295 1535 5351 sed
1570 5296 1795 5366 paulum
1829 5307 1982 5354 extra

404 5381 648 5451 Pydnam
699 5384 982 5452 productis
1021 5386 1216 5456 cepiis,
1275 5387 1520 5459 equestri
1564 5390 1752 5459 praelio
1782 5391 1982 5458 victor,

407 5483 555 5530 metu
589 5476 859 5544 pedestris
889 5479 1167 5534 exercitus
1196 5489 1344 5534 retro
1366 5480 1524 5536 abiit.
1556 5482 1629 5536 Ea
1663 5490 1845 5538 tamen
1874 5485 1986 5539 vic-

408 5565 548 5619 toria
575 5568 753 5622 elatus
785 5570 961 5640 cepiis
991 5571 1243 5626 bifariam
1279 5573 1493 5638 divisis,
1522 5583 1734 5644 partem
1764 5573 1830 5630 ad
1857 5591 1984 5631 vas-

407 5654 627 5708 tandam
660 5656 999 5713 Thessaliam
1028 5661 1199 5728 misit,
1226 5671 1438 5730 partem
1463 5663 1607 5732 apud
1644 5679 1703 5720 se
1734 5666 1979 5720 retinuit.

405 5744 644 5800 Proinde
688 5746 939 5803 Metellus
989 5766 1182 5806 eorum
1218 5755 1495 5822 paucitate
1549 5765 1889 5828 contempta,
1926 5760 1980 5814 in

404 5841 602 5909 [aciem
635 5838 941 5912 descendit,
977 5860 1040 5901 ac
1071 5846 1228 5904 victis
1269 5848 1336 5905 iis
1375 5849 1466 5921 qui
1498 5851 1657 5922 primi
1687 5851 1752 5908 ad
1785 5869 1980 5910 manus

2092 3366 2384 3435 ἐπειρᾶτο*
2415 3365 2490 3428 ὡς
2519 3365 2575 3420 δὲ
2625 3363 2803 3430 οὐδεὶς
2855 3367 3148 3437 προσεῖχεν
3193 3366 3367 3437 αὐτῷ,
3406 3367 3548 3440 πρὸς
3581 3370 3680 3422 τὸν

2091 3458 2405 3529 Δημήτριον
2452 3457 2535 3521 είς
2565 3455 2667 3528 τήν
2701 3455 2907 3528 Συρίαν
2937 3457 3230 3528 ἐτράπετο,
3256 3459 3332 3523 ώς
3360 3459 3419 3525 ἐξ
3459 3461 3675 3515 ἐκείνου

2087 3550 2179 3604 διὰ
2223 3549 2286 3603 τὸ
2330 3549 2489 3618 γένος
2523 3548 2777 3621 βοηθείας
2822 3549 3169 3621 τευξόμενος.
3223 3552 3562 3622 Συλληφθεὶς
3615 3554 3678 3606 δὲ

2089 3641 2222 3714 παρ’
2252 3642 2463 3696 ἐκείνου
2489 3642 2584 3696 καὶ
2611 3644 2690 3706 είς
2742 3640 2839 3713 τὴν
2883 3640 3105 3713 Ῥώμην
3139 3643 3440 3714 πεμφθεὶς,
3495 3645 3578 3697 ὅτι
3607 3662 3672 3698 τε

2092 3735 2168 3807 μὴ
2217 3734 2294 3790 ὢν
2349 3732 2445 3788 τοῦ
2478 3734 2740 3805 Περσέως
2800 3734 2916 3798 υίὸς
2972 3734 3242 3805 ἠλέγχθη,
3295 3737 3388 3788 καὶ
3444 3736 3569 3790 οὐδέ
3618 3754 3679 3790 τι

2088 3827 2278 3898 ἕτερον
2307 3820 2456 3897 εἶχεν
2482 3825 2632 3890 ἄξιον
2653 3823 2837 3890 λόγου,
2867 3826 3276 3896 κατεφρονήθη.
3304 3826 3417 3879 Kal.
3445 3826 3676 3895 ἀφεθεὶς

2088 3917 2250 3988 χεῖρά
2285 3933 2345 3969 τε
2402 3916 2720 3986 συνήγαγεν
2753 3913 3061 3986 ἀνθρώπων
3113 3916 3526 3987 νεωτεροποιῶν
3578 3919 3677 3971 καὶ

2089 4011 2272 4075 πόλεις
2325 4007 2532 4074 πολλὰς
2581 4007 2942 4080 ἐπηγάγετο,
2999 4010 3098 4062 καὶ
3164 4010 3321 4072 τέλος
3383 4009 3677 4080 βασιλικὴν

2089 4104 2286 4174 στολὴν
2322 4103 2710 4172 περιθέμενος,
2744 4101 2842 4155 καὶ
2869 4100 3104 4172 δύναμιν
3137 4103 3551 4173 συγκροτήσας,
3585 4102 3672 4167 είς

2086 4195 2310 4267 Θρᾴκην
2351 4193 2606 4264 ἀφίκετο,
2639 4193 2734 4248 καὶ
2787 4195 3019 4264 συχνοὺς
3055 4194 3154 4266 μὲν
3185 4193 3293 4248 τῶν
3327 4195 3671 4265 αὐτονόμων,

2087 4287 2320 4358 συχνοὺς
2347 4287 2406 4340 δὲ
2429 4287 2526 4340 καὶ
2577 4285 2688 4341 τῶν
2714 4285 2996 4340 δυναστῶν
3021 4288 3137 4349 τοῖς
3177 4285 3475 4356 Ῥωμαίοις
3501 4287 3674 4357 ἀχθο-

2090 4381 2273 4450 μένοις
2328 4378 2690 4450 παραλαϐὼν,
2753 4378 2835 4442 είς
2886 4377 3226 4434 Μακεδονίαν
3286 4379 3510 4434 ἐνέϐαλε
3574 4381 3676 4436 καὶ

2087 4471 2256 4544 αὐτὴν
2295 4472 2549 4540 κατέσχεο
2622 4472 2716 4525 καὶ
2770 4471 2866 4524 ἐπὶ
2905 4471 3004 4541 τήν
3051 4472 3360 4526 Θεσσαλίαν
3416 4472 3678 4548 δρμήσας

2089 4563 2188 4616 οὐκ
2235 4563 2394 4633 ὀλίγα
2424 4563 2629 4634 ταύτης
2681 4565 3144 4635 προσεποιήσατο.
3176 4566 3241 4618 Οἱ
3271 4565 3328 4617 δὲ
3397 4565 3673 4637 Ῥωμαῖοι

2088 4656 2466 4727 κατεφρόνουν
2507 4656 2608 4725 μὲν
2666 4656 2939 4727 πρότερον
2999 4657 3092 4710 τοῦ
3148 4657 3488 4728 Ἀνδρίσκου·
3550 4656 3679 4716 εἶτα.

2087 4747 2178 4801 τὸν
2201 4748 2480 4803 Σκιπίωνα
2511 4748 2602 4801 τὸν
2632 4749 2886 4804 Νασικᾶν
2929 4748 3186 4821 ἔπεμψαν
3219 4750 3518 4822 εἰρηνικῶς
3551 4769 3678 4818 πως

2089 4838 2160 4892 τὰ
2197 4841 2317 4894 ἐκεῖ
2372 4840 2740 4912 διοικήσοντα.
2781 4844 2900 4907 Ὃς,
2937 4847 3017 4907 είς
3068 4843 3166 4915 τὴν
3209 4843 3437 4899 Ἐλλάδα
3474 4845 3674 4916 ἐλθὼν,

2088 4934 2183 4988 καὶ
2221 4933 2410 5003 μαθὼν
2445 4935 2515 4988 τὰ
2548 4935 2846 5006 γενόμενα,
2878 4939 2996 5000 τοῖς
3029 4937 3127 5007 μὲν
3161 4938 3460 5010 Ῥωμαίοις
3490 4941 3672 5010 δηλῶν

2086 5026 2258 5082 ταῦτα
2288 5026 2591 5081 ἐπέστειλε
2621 5028 2852 5100 δύναμιν
2875 5029 2930 5084 δὲ
2966 5031 3120 5102 παρὰ
3154 5031 3263 5085 τῶν
3290 5035 3410 5085 ἐκεῖ
3443 5035 3672 5106 συμμά-

2086 5137 2194 5189 χων
2242 5118 2505 5191 ἀθροίσας
2565 5119 2730 5192 ἔργου
2797 5123 2996 5191 εῐχετο,
3048 5125 3143 5178 καὶ
3201 5126 3445 5196 προῆλθε
3508 5129 3674 5199 μέχρι

2088 5210 2438 5276 Μακεδονίας.
2475 5215 2536 5267 Οἱ
2575 5213 2621 5268 δ’
2642 5215 2700 5268 ἐν
2734 5217 2800 5286 τῇ
2837 5217 3024 5288 Ῥώμῃ
3055 5218 3275 5286 γνόντες
3301 5219 3372 5273 τὰ
3407 5220 3550 5274 κατὰ
3575 5223 3675 5276 τὸν

2101 5305 2432 5375 Ἀνδρίσκον,
2482 5308 2804 5379 στράτευμα
2861 5309 3116 5380 ἔπεμψαν
3197 5314 3294 5368 καὶ
3359 5316 3672 5385 στρατηγὸν

2089 5395 2362 5451 Πούπλιον
2422 5398 2774 5456 Ἰουϐέντιον.
2807 5395 2879 5472 τᾩ
2939 5403 3070 5473 περὶ
3114 5403 3455 5460 Μακεδονίαν
3507 5425 3671 5476 γενο-

2090 5489 2234 5560 μένῳ
2261 5490 2551 5561 συμϐαλὼν
2577 5494 2605 5544 ὁ
2647 5492 2958 5564 Ἀνδρίσκος
2983 5495 3191 5550 ἐκεῖνον
3221 5498 3322 5566 μὲν
3349 5500 3670 5566 ἀπέκτεινε,

2088 5581 2184 5634 καὶ
2210 5582 2336 5644 τοὺς
2367 5581 2562 5646 ἄλλους
2593 5582 2802 5645 πάντας
2833 5584 2901 5638 ἂν
2931 5589 3359 5658 κατειργάσατο,
3392 5591 3439 5642 εί
3473 5591 3547 5661 μὴ
3567 5594 3672 5662 τῆς

2088 5671 2282 5733 νυκτὸς
2339 5672 2735 5742 ἀπεχώρησαν.
2779 5675 2889 5728 Καὶ
2944 5678 3026 5739 είς
3060 5678 3157 5747 τὴν
3193 5679 3494 5733 Θετταλίαν
3531 5687 3672 5752 μετὰ

2086 5765 2261 5817 ταῦτα
2320 5766 2569 5820 εἰσέϐαλε
2612 5770 2710 5820 καὶ
2764 5768 2993 5823 πλεῖστα
3043 5771 3213 5840 αὐτῆς
3272 5773 3669 5835 ἐκάκωσε,καὶ

2091 5857 2157 5912 τὰ
2199 5857 2304 5910 τῶν
2360 5857 2591 5930 Θρᾳκῶν
2655 5863 3150 5934 προσηταιρίσατο.
3214 5865 3512 5927 Πάλινούν
3573 5868 3667 5926 διὰ
