4024 6404
359 412 391 475 7
407 413 468 474 ’³3

1627 411 2046 473 ANNALIUM
2081 412 2230 474 LIB.
2276 413 2381 474 IX.

3519 414 3622 479 794

372 521 545 577 ταύτα
573 520 700 572 οωέν
729 520 795 590 τῇ
849 517 1038 589 Ῥώμῃ
1073 518 1306 573 Κύῖντον
1335 505 1622 573 Καικίλιόν
1669 517 1943 573 Μέτελλον

2070 531 2334 587 'enerant,
2378 520 2600 578 facilius
2630 519 2796 578 etiam
2827 530 3055 579 czeteros
3087 521 3153 578 ad
3182 522 3422 579 ollicium
3453 525 3625 580 redu-

369 615 682 685 στρατηγὸν
715 615 812 667 σὺν
835 614 1068 682 δυνάμει
1117 612 1286 682 πολλῇ
1326 611 1597 666 ἐστειλαν.
1635 612 1746 666 Kal.
1777 612 1835 674 ὃς
1863 612 1942 674 είς

365 709 467 778 τὴν
513 705 854 761 Μακεδονίαν
898 701 1056 776 ἦλθε,
1101 706 1194 757 καὶ
1235 705 1264 756 6
1297 703 1566 767 ’Ἄτταλος
1620 703 1943 774 προσήμυνε

366 799 628 868 ναυτικῷ.
669 799 761 850 Διὸ
809 797 997 859 δείσας
1029 798 1057 848 6
1100 795 1422 868 Ἀνδρίσκος
1453 795 1585 867 περὶ
1611 795 1724 848 τῶν
1751 813 1940 866 παρα-

369 891 702 957 Θαλασσίων,
750 892 849 943 οὐκ
901 889 1172 960 ἐτόλμησε
1223 890 1545 961 περαιτέρω
1614 890 1943 961 προελθεῖν·

366 983 546 1051 ὀλίγον
578 984 634 1036 δὲ
663 985 761 1052 τῆς
812 982 1024 1053 Πύδνης
1066 982 1173 1048 ἔξω
1205 983 1594 1054 προχωρήσας,
1630 984 1950 1054 ἱππομαχίᾳ

377 1077 479 1144 μὲν
534 1076 830 1146 ὑπερέσχεο
883 1075 1146 1146 φοϐηθεὶς
1192 1077 1248 1129 δέ
1300 1076 1361 1128 τδ
1411 1073 1574 1140 πεζὸν
1618 1075 1943 1144 ἀνέστρεψε,

368 1169 464 1222 καὶ
493 1169 753 1240 ἐπαρθεὶς
787 1171 912 1241 διχῆ
949 1170 1040 1224 τὸν
1071 1169 1304 1240 στρατὸν
1337 1169 1523 1236 διεῖλε,
1560 1168 1658 1222 καὶ
1705 1171 1818 1232 τοῖς
1847 1169 1946 1238 μὲν

366 1259 528 1322 αὑτὸς
567 1259 707 1312 κατὰ
741 1260 928 1330 χώραν
981 1259 1342 1329 προσήδρευε,
1371 1259 1502 1323 τοῦς
1557 1259 1614 1312 δέ
1665 1258 1945 1329 πορθῆσαι

367 1351 466 1420 τὴν
495 1351 804 1429 Θερσαλίαν
831 1352 1150 1406 ἀπέστειλε.
1177 1353 1621 1422 Καταφρονησας
1643 1349 1738 1405 οῦν
1756 1353 1784 1404 6
1829 1351 1945 1404 Μέ-

2046 613 2148 677 xit,
2177 613 2416 685 ingenue
2442 622 2728 684 peccatum
2762 631 2924 670 suum
2970 627 3356 684 agnoscentes.
3397 616 3628 672 Andris-

2046 721 2146 761 cus
2191 721 2327 762 vero
2382 707 2436 761 in
2484 705 2776 762 Thraciam
2828 705 3114 777 profugus,
3159 706 3428 776 reparatis
3453 707 3630 777 c0piis

2048 813 2174 854 cum
2207 798 2446 864 Metello,
2477 799 2860 870 progrediente
2899 814 3006 869 qua
3037 813 3125 853 res
3155 797 3392 864 ferebat,
3428 797 3625 854 conﬂi.

2050 889 2169 944 xit:
2213 889 2439 959 suisque
2462 891 2968 960 propugnatoribus
2995 889 3321 960 proﬂigatis,
3355 890 3630 958 sociisque

2052 980 2356 1051 dissipatis.
2391 999 2420 1037 a
2465 982 2608 1054 Byzo
2655 983 2866 1039 Thrace
2920 982 3195 1053 proditus,
3231 996 3421 1050 poenas
3455 981 3630 1036 dedit.

2052 1072 2160 1128 Sed
2194 1084 2250 1128 et
2278 1074 2592 1129 Alexander
2626 1074 2846 1143 quidam
2892 1074 3078 1128 Persei
3129 1072 3302 1127 lilium
3330 1088 3389 1128 se
3422 1072 3636 1142 profes-

2055 1181 2173 1228 sus,
2221 1168 2502 1236 regionem
2559 1167 2732 1222 Mesto
2785 1166 2996 1221 flumini
3026 1166 3369 1236 adjacentem
3401 1179 3635 1234 occupa-

2053 1259 2174 1313 vit:
2219 1275 2382 1328 quem
2420 1259 2672 1314 Metellus
2721 1275 2895 1330 usque
2928 1259 2982 1313 in
3021 1258 3347 1313 Dardaniam
3381 1266 3464 1314 est
3509 1273 3634 1328 per-

2053 1358 2296 1405 secutus.

365 1444 550 1505 τελλος
584 1445 692 1498 τῶν
737 1447 1021 1516 παρόντων
1067 1445 1323 1516 συνέμιξε
1350 1463 1366 1478 ⁸
1405 1446 1498 1499 καὶ
1553 1444 1667 1498 τῶν
1716 1443 1934 1515 πρῶτον
1974 1443 2124 1514 αὐτῷ
2155 1446 2235 1506 είς
2277 1446 2470 1516 χεῖρας
2541 1445 2804 1499 ἐλθόντων
2853 1445 3279 1515 περιγενόμενος
3325 1444 3456 1515 ῥᾷον
3520 1441 3619 1495 καὶ

367 1540 498 1602 τοὺς
549 1539 773 1601 λοιποὺς
807 1539 1194 1609 παρεστήσατο
1225 1553 1239 1570 ο
1290 1538 1527 1606 ἑτοίμως
1580 1537 1689 1610 γὰρ
1734 1537 1809 1599 ὡς
1844 1537 2156 1606 ἐξήμαρτον
2190 1538 2339 1608 αὐτῷ
2400 1539 2764 1608 ὁμολόγησαν.
2807 1540 2867 1593 'O
2906 1540 2962 1592 δὲ
3007 1540 3324 1609 ’Δνδρίσκος
3384 1539 3465 1602 είς
3519 1537 3618 1608 τὴν

368 1631 595 1702 Θρᾴκην
652 1631 889 1700 ἀπέδρα,
921 1630 1014 1682 καὶ
1040 1629 1274 1700 δύναμιν
1315 1627 1578 1698 ἀθροίσας
1631 1626 1892 1681 συνέϐαλε
1920 1626 1996 1696 τῷ
2023 1627 2282 1700 Μετέλλῳ
2313 1631 2558 1701 προῖόντι
2587 1626 2648 1686 οὗ
2680 1629 3010 1702 προεχώρει.
3041 1633 3152 1684 Καὶ
3179 1631 3287 1684 τῶν
3314 1630 3622 1702 προμάχων

367 1721 534 1777 αὑτοῦ
568 1721 892 1794 τραπέντων
929 1720 992 1773 τό
1035 1737 1096 1773 τε
1135 1719 1491 1790 συμμαχικὴν
1545 1718 1712 1771 αὐτοῦ
1767 1715 2072 1788 ἐσκεδάσθη
2132 1719 2228 1772 καὶ
2295 1719 2456 1783 αὐτὸς
2520 1719 2626 1774 ὑπὸ
2682 1720 2856 1783 Βύζου
2912 1720 3130 1791 Θρακὸς
3175 1719 3441 1774 δυνάστου
3479 1738 3628 1792 προ-

367 1821 542 1882 δοθεὶς
565 1817 879 1888 ἐδικαιώθη.
912 1816 1024 1870 Καὶ
1063 1815 1414 1886 Ἀλέξανδρος
1450 1815 1511 1868 δέ
1533 1831 1636 1878 τις,
1678 1813 1940 1886 Περσέως
1979 1813 2075 1867 καὶ
2139 1813 2300 1879 αὐτὸς
2343 1816 2522 1885 λέγων
2571 1810 2713 1870 εῖναι
2765 1817 2882 1880 υίὸς
2911 1816 3008 1870 καὶ
3053 1819 3212 1888 χεῖρα
3259 1815 3611 1888 συναγαγὼν,

367 1911 635 1968 κατέλαϐε
673 1909 774 1971 τὴν
815 1910 944 1982 περὶ
973 1907 1067 1962 τὸν
1096 1909 1311 1964 Μέστον
1340 1907 1679 1979 καλούμενον
1697 1904 1944 1976 ποταμὸν
1985 1904 2196 1979 χώραν,
2263 1906 2323 1962 δν
2379 1910 2409 1963 6
2441 1908 2713 1973 Μέτελλος
2745 1909 3038 1974 ἐπεδίωξεν
3065 1909 3417 1981 ύττοφυγόντα
3461 1910 3626 1982 μέχρι

367 2007 468 2074 τῆς
498 2003 824 2075 Δαρδανίας.

442 2093 570 2156 ΚΘ.
614 2100 740 2153 Ἐπὶ
764 2099 822 2152 δὲ
860 2099 988 2161 τοὺς
1009 2098 1418 2170 Καρχηδονίους
1445 2099 1494 2152 οἱ
1530 2098 1792 2168 Ῥωμαῖοι
1825 2096 1951 2151 Πεί-

2129 2096 2290 2168 467
2326 2096 2521 2151 XXIX.
2559 2095 2763 2151 Contra
2781 2093 3264 2164 Carthaginienses
3285 2092 3486 2148 missus
3515 2091 3642 2147 Piso

372 2211 518 2248 σωνα
559 2193 650 2246 τδν
685 2191 888 2245 ὕπατον
939 2191 1207 2254 ἔστειλαν,
1271 2192 1331 2256 ὃς
1378 2193 1444 2262 τῇ
1499 2191 1598 2262 μὲν
1645 2191 1954 2262 Καρχηδόνι

371 2284 468 2337 καὶ
499 2283 578 2352 τῷ
611 2282 915 2354 Ἀσδρούϐα
945 2284 1006 2335 οὐ
1037 2283 1390 2354 προσέμιξεν,
1432 2284 1527 2336 ἐπὶ
1551 2283 1608 2336 δὲ
1644 2283 1744 2345 τὰς
1773 2300 1954 2353 παραυ

371 2375 520 2436 λίους
560 2373 747 2434 πόλεις
793 2375 1088 2443 ἐτράπετοο
1127 2375 1220 2425 καὶ
1253 2376 1352 2443 τῆς
1417 2375 1516 2444 μὲν
1561 2373 1816 2437 Ἀσπίδος
1845 2375 1957 2426 dm-

377 2464 676 2535 εκρούσθη,
704 2465 804 2533 τὴν
842 2464 897 2517 δέ
926 2465 1072 2518 Νέαν
1098 2464 1251 2517 πόλιν
1275 2463 1830 2534 ἐλὼν,κατέσκαψεν·
1866 2465 1959 2517 ἐπὶ

374 2557 432 2608 δὲ
463 2556 706 2609 Ἱππῶνα
735 2556 844 2625 (35)
871 2557 1025 2609 πόλιν
1046 2558 1297 2626 ὁρμήσας
1331 2557 1629 2626 κατέτριψε
1653 2557 1746 2610 τὸν
1769 2556 1958 2625 καιρὸν

382 2646 549 2716 μηδὲν
591 2647 855 2716 περάνας.
884 2648 946 2700 Ol
977 2648 1034 2700 δέ
1057 2648 1424 2719 Καρχηδόνιοι
1459 2648 1846 2720 ἀνεθάρσησαν
1871 2649 1959 2703 διὰ
1995 2651 2002 2674 ¹

376 2737 574 2802 ταῦτα,
605 2737 699 2790 καὶ
722 2740 802 2791 ὅτι
837 2739 934 2793 καί
962 2756 1106 2803 τικες
1129 2740 1312 2805 αὐτοῖς
1370 2742 1764 2812 προσεγένοντο
1819 2741 1961 2810 σύμ-

382 2847 573 2900 μαχοι.
598 2831 878 2893 Μαθίντες
916 2831 1010 2885 οῦν
1040 2832 1213 2885 ταῦτα
1246 2834 1294 2885 οἱ
1337 2833 1595 2904 Ῥωμαῖοι
1627 2835 1684 2888 οἵ
1703 2851 1762 2887 τε
1803 2837 1859 2888 ἐν
1882 2833 1961 2899 τῷ

382 2922 734 2992 στρατοπέδῳ
769 2924 864 2976 καὶ
894 2926 942 2976 οί
971 2925 1028 2976 ἐν
1051 2928 1118 2995 τῇ
1161 2924 1334 2989 πόλει,
1385 2925 1479 2978 ἐπὶ
1523 2926 1614 2979 τὸν
1681 2927 1961 2981 Σκιπίωνα

381 3013 650 3084 ὅιρμησαν
672 3015 765 3068 καὶ
798 3015 1005 3069 ὕπατον
1024 3016 1381 3086 ἐψηφίσαντο,
1411 3017 1591 3070 καίτοι
1619 3019 1719 3086 τῆς
1747 3019 1964 3090 ἡλικίας

386 3109 462 3175 μὴ
490 3107 738 3176 ἐφιείσης
760 3107 910 3176 αὐτῷ
936 3107 1035 3178 τὴν
1064 3109 1241 3179 ἀρχήν
1261 3125 1274 3139 ·
1301 3108 1436 3163 ἀλλὰ
1463 3109 1533 3162 τά
1557 3127 1614 3162 τε
1629 3110 1767 3182 ἔργα
1797 3111 1961 3165 αὐτοῦ

383 3198 529 3268 καὶὴ
571 3200 743 3268 ἁρετὴ
778 3200 870 3252 τοῦ
915 3201 1124 3270 πατρὸς
1159 3200 1372 3254 Παύλου
1404 3243 1418 3266 ,
1472 3203 1568 3256 καὶ
1609 3203 1704 3256 τοῦ
1737 3206 1964 3258 πάππου

387 3289 722 3360 Ἀφρικανοῦ
751 3289 943 3343 ἐλπίδα
975 3295 1236 3361 παρείχον
1273 3291 1450 3346 ἅπασι
1487 3293 1714 3363 βεϐαίαν
1738 3295 1831 3348 καὶ
1858 3295 1966 3349 τῶν

392 3381 670 3450 πολεμίων
719 3382 788 3435 δι’
820 3382 986 3436 αὐτοῦ
1024 3385 1323 3454 κρατήσειν
1368 3386 1465 3440 καὶ
1492 3386 1592 3455 τὴν
1642 3385 1966 3458 Καρχηδόνα

384 3473 668 3537 παντελῶς
699 3475 1033 3547 ἐξαιρήσειν.
1077 3476 1168 3528 Ἑν
1216 3469 1259 3544 ᾧ
1288 3476 1332 3528 δ’
1362 3475 1391 3528 6
1442 3477 1688 3532 Σκιπίων
1733 3479 1815 3541 είς
1868 3477 1968 3549 τὴν
1996 3461 2042 3517 C

368 3569 594 3641 ,Λιϐύην
623 3571 928 3640 ἐκομίζετο,
956 3573 1235 3640 Μαγκῖνος
1282 3573 1617 3643 παραπλέων
1662 3573 1762 3642 τὴν
1815 3561 1970 3642 Καρὶ

389 3665 610 3734 χηδόνα,
640 3663 840 3735 χωρίον
863 3682 914 3716 τι
943 3663 1039 3717 τοῦ
1070 3665 1284 3735 τείχους
1304 3664 1474 3734 αὐτῆς
1496 3664 1648 3728 ἐντὸς
1678 3664 1757 3729 δν,
1785 3666 1971 3732 Μεγα-

387 3756 479 3810 λία
503 3756 905 3824 ὀνομαζόμενον
937 3755 1032 3808 καὶ
1058 3757 1150 3808 ἐπὶ
1175 3757 1380 3826 πέτρας
1413 3757 1697 3826 ἀποτόμου
1728 3755 1974 3824 καθῆκον

389 3847 526 3916 πρδς
568 3846 845 3902 θάλασσαν
883 3846 1018 3900 πολύ
1051 3864 1109 3898 τε
1144 3847 1243 3916 τῆς
1300 3846 1471 3918 ἄλλης
1523 3848 1733 3910 πόλεως
1785 3849 1973 3918 ἀπηρν

389 3937 628 4007 τημένον
652 3937 746 3990 καὶ
796 3937 928 4006 μηδὲ
978 3938 1208 4000 πολλοὺς
1262 3939 1536 4009 φρουροὺς
1592 3938 1736 4008 ἔχον,
1779 3938 1854 4001 ὡς
1903 3941 1971 4010 τῇ

391 4029 554 4096 φύσει
588 4027 648 4080 δν
679 4028 915 4098 ἐρυμνὸν
941 4030 1310 4097 κατανοήσας,
1343 4028 1975 4097 κλίμακαςέξαπιναίως

391 4121 649 4192 προσθεὶς
679 4121 788 4173 ἀπὸ
814 4119 922 4171 τῶν
944 4120 1084 4173 νεῶν
1111 4119 1376 4189 ἐπανέϐη.
1407 4121 1550 4191 Ἤδη
1573 4121 1633 4174 δέ
1661 4121 1972 4184 ἀνελθόντος

392 4214 728 4283 συνέδραμον
757 4212 856 4283 μὲν
877 4213 988 4265 τῶν
1021 4213 1406 4284 Καρχηδονίων
1446 4215 1613 4278 τινὲς,
1671 4215 1734 4267 οὐ
1787 4214 1974 4285 μέντοι

394 4306 486 4359 καὶ
511 4306 810 4375 ἐκκροῦσαι
858 4305 1022 4359 αὐτὸν
1075 4306 1444 4376 ἠδυνήθησαν.
1505 4307 1566 4360 '0
1624 4308 1682 4361 δέ
1749 4308 1975 4378 πέμψας

393 4399 530 4468 πρὸς
555 4398 646 4452 τδν
682 4399 933 4453 Πείσωνα
957 4399 1024 4451 τά
1048 4416 1104 4451 τε
1132 4401 1397 4468 γεγονότα
1431 4399 1666 4469 ἐδήλωσε
1697 4403 1792 4454 καὶ
1825 4401 1975 4472 αύτῷ

393 4492 676 4562 ἐπαμῦναι
704 4491 928 4562 ἠξίωσε.
965 4492 1162 4562 Πόρῤω
1189 4491 1234 4543 δ’
1261 4490 1336 4544 ὢν
1375 4493 1434 4545 ἐν
1472 4495 1538 4564 τῇ
1569 4493 1857 4563 μεσογείῳ,
1885 4491 1992 4546 06-~

392 4583 481 4635 δέν
515 4584 666 4654 αὑτῷ
697 4585 968 4654 χρήσιμος
1003 4587 1029 4636 ὁ
1057 4583 1270 4637 Πείσων
1299 4584 1536 4652 ἐγένετο·
1585 4587 1613 4638 6
1641 4586 1697 4638 δέ
1734 4586 1976 4641 Σκιπίων

395 4677 486 4730 ὑπ’
520 4676 690 4745 αὐτὴν
723 4677 824 4746 τὴν
852 4676 1118 4744 ἀγγελίαν
1151 4676 1346 4740 νυκτὸς
1383 4679 1527 4731 κατὰ
1554 4679 1725 4748 τύχην
1782 4678 1971 4745 ἐλθὼν,

393 4768 558 4830 εὐθὺς
590 4767 914 4837 ἐϐοήθησεν.
963 4762 1121 4819 Εἷλον
1165 4769 1275 4835 γὰρ
1309 4767 1376 4820 ἂν
1420 4767 1513 4820 τὸν
1586 4770 1871 4836 Μαγκῖνον
1926 4771 1977 4823 oi

395 4860 758 4930 Καρχηδόνιοι
790 4859 820 4932 ἢ
849 4859 942 4912 καὶ
973 4859 1308 4932 διέφθειραν,
1335 4861 1382 4913 εί
1429 4860 1504 4932 μὴ
1547 4863 1978 4932 παραπλεούσας

395 4950 536 5006 εἶδον
562 4953 660 5014 τὰς
688 4951 823 5014 ναῦς
845 4951 940 5004 τοῦ
995 4951 1322 5013 Σκιπίωνος.
1384 4953 1518 5005 Τότε
1567 4953 1614 5004 δ’
1679 4954 1979 5025 ἠθύμησαν

398 5046 521 5113 μὲν,
595 5046 697 5098 οὐκ
764 5043 1089 5114 ἀπέστησαν
1144 5043 1222 5097 δέ.
1259 5045 1652 5114 Αἱχμαλώτους
1693 5041 1786 5099 οὖν
1824 5064 1980 5110 τινας

397 5135 644 5207 ἔπεμψεν
690 5136 718 5188 6
779 5136 1042 5202 Σκιπίων,
1100 5135 1364 5207 ἐροῦντας
1415 5137 1496 5189 δτι
1544 5137 1814 5209 ιπάρεστι.
1869 5140 1982 5192 Καὶ

397 5229 556 5283 τοῦτο
581 5231 803 5298 γνόντες
840 5229 939 5300 οὐχ
973 5229 1280 5298 ὑπέμειναν
1312 5228 1414 5295 ἔτι,
1450 5229 1566 5283 ἀλλ’
1597 5230 1979 5301 ἀνεχώρησαν,

399 5324 493 5375 καὶ
519 5323 611 5375 τὸν
639 5321 972 5392 Ἀσδρούϐαν
1009 5319 1450 5392 μετεπέμψαντο,
1480 5322 1572 5374 καὶ
1625 5324 1980 5394 ταφρεύμασι

399 5415 494 5467 καὶ
556 5413 916 5485 σταυρώμασι
979 5413 1041 5466 τὸ
1097 5412 1202 5484 πρὸ
1247 5413 1340 5466 τὸν
1397 5414 1584 5467 οἰκιῶν
1622 5413 1971 5484 διατείχισμα

399 5507 746 5576 διεφύλαξα).
792 5507 852 5562 Ὃ
907 5507 1094 5576 μέντοι
1157 5504 1401 5560 Σκιπίων
1453 5505 1522 5560 τὰ
1577 5505 1674 5577 μέν
1731 5507 1981 5576 Μεγαλία

2063 2191 2277 2253 consul,
2307 2189 2442 2244 urbe
2464 2197 2519 2243 et
2550 2188 2855 2242 Asdrubale
2893 2187 3134 2250 omissis,
3157 2187 3458 2240 maritimas
3477 2185 3644 2242 urbes

2064 2283 2303 2336 invasit:
2346 2292 2396 2336 et
2448 2281 2517 2334 ab
2544 2281 2747 2350 Aspide
2806 2280 3082 2349 repulsus,
3134 2278 3360 2348 Neapoli
3399 2288 3555 2347 capta
3588 2285 3645 2332 et

2064 2390 2279 2436 eversa,
2333 2374 2386 2428 in
2433 2372 2698 2443 llipponis
2731 2372 3024 2426 obsidione
3071 2380 3288 2441 tempus
3313 2369 3511 2424 frustra
3540 2369 3642 2423 tri-

2066 2469 2162 2523 vit.
2199 2467 2354 2524 Unde
2383 2465 2884 2542 Carthaginienses,
2917 2467 3193 2519 sociorum
3224 2470 3390 2520 etiam
3426 2457 3648 2518 auxiliis

2065 2561 2235 2624 aneti,
2288 2561 2502 2614 animos
2541 2568 2892 2628 receperunt.
2947 2557 3067 2624 Quo
3117 2557 3370 2622 Romani,
3411 2564 3518 2610 tam
3550 2553 3647 2624 qui

2068 2653 2122 2707 in
2154 2652 2351 2708 castris
2381 2667 2545 2722 quam
2573 2667 2626 2705 In
2662 2651 2798 2705 urbe
2827 2659 3010 2716 erant,
3046 2649 3289 2719 cognito,
3320 2647 3459 2702 citra
3487 2645 3650 2701 dubi-

2070 2747 2334 2800 tationem
2359 2743 2672 2813 Scipionem
2699 2743 2981 2798 consulem
3009 2748 3286 2796 crearunt.
3311 2739 3446 2794 Nam
3466 2753 3650 2808 quam-

2069 2837 2152 2890 vis
2179 2845 2310 2890 aatas
2347 2836 2529 2891 adhuc
2554 2835 2605 2890 ei
2641 2835 2892 2904 dignitati
2935 2834 3228 2887 immatura
3259 2838 3380 2886 erat
3405 2870 3420 2894 ,
3464 2839 3650 2885 tamen

2069 2937 2124 2983 et
2175 2945 2264 2984 res
2314 2930 2433 3000 ejus
2484 2935 2669 2998 gestae,
2723 2934 2778 2982 et
2835 2927 3014 2980 virtus
3063 2925 3236 2994 patris
3266 2923 3446 2987 Pauli,
3478 2930 3534 2977 et
3562 2921 3652 2977 avi

2069 3021 2310 3076 Africani
2381 3031 2587 3076 certam
2635 3034 2786 3089 spem
2837 3018 3144 3072 all'erebant
3193 3015 3472 3081 omnibus,
3532 3015 3654 3085 ejus

2073 3114 2240 3168 armis
2269 3124 2325 3168 et
2356 3113 2545 3168 hostes
2579 3120 2900 3180 superatum
2932 3110 3022 3172 iri,
3062 3115 3117 3163 et
3141 3107 3527 3177 Carthaginem
3556 3119 3655 3174 pe-

2076 3207 2326 3260 rituram.
2360 3206 2616 3276 Scipione
2649 3205 2704 3260 in
2749 3203 2985 3259 Africam
3027 3201 3339 3272 navigante,
3372 3197 3658 3253 Mancinus

2073 3298 2426 3369 Carthaginis
2458 3297 2613 3352 littus
2643 3297 2853 3364 legens,
2893 3295 3176 3350 castellum
3209 3293 3484 3362 quoddam
3514 3289 3658 3343 intra

2078 3391 2301 3453 mmnia,
2331 3389 2554 3444 nomine
2580 3388 2825 3459 Megalia,
2857 3386 2910 3441 in
2937 3398 3210 3456 praerupta
3238 3393 3386 3453 petra
3419 3386 3472 3437 in
3507 3397 3659 3437 mare

2077 3484 2416 3555 prominens,
2473 3491 2530 3536 et
2577 3482 2736 3551 longe
2770 3480 2839 3535 ab
2872 3481 3005 3534 urbe
3035 3491 3328 3539 remmum,
3387 3489 3514 3529 cum
3547 3488 3661 3527 non

2076 3592 2274 3645 magno
2303 3573 2561 3645 pra-sidio
2590 3572 2880 3637 custodiri,
2913 3579 2973 3625 ut
2998 3569 3143 3639 quod
3179 3568 3289 3623 situ
3317 3568 3438 3637 ipso
3467 3565 3662 3620 defen-

2075 3668 2327 3730 deretur,
2363 3665 2869 3720 animadverteret:
2910 3661 3074 3715 scalis
3105 3658 3289 3713 subito
3326 3673 3395 3712 ex
3431 3656 3662 3710 navibus

2075 3759 2315 3816 admotis
2341 3757 2610 3813 ascendit.
2645 3754 2800 3822 Quod
2836 3769 2960 3808 cum
2988 3753 3098 3823 jam
3131 3756 3364 3814 teneret,
3400 3747 3501 3803 etsi
3529 3745 3664 3801 ϐενε

2077 3852 2452 3922 tbaginienses
2489 3850 2699 3917 aliquot
2745 3852 3172 3910 concurrerunt,
3193 3859 3318 3899 eum
3357 3852 3535 3897 tamen
3565 3854 3663 3894 ex-

2076 3945 2284 4015 pellere
2337 3959 2446 3996 non
2480 3947 2800 4011 potuerunt.
2852 3937 2923 3992 At
2953 3937 3048 3991 ille
3079 3935 3265 3990 Pisoni
3299 3933 3429 4003 quid
3460 3931 3664 4002 egisset

2079 4035 2315 4099 nuntiat,
2371 4041 2428 4088 et
2457 4032 2660 4087 auxilia
2695 4030 2798 4085 sibi
2833 4031 2975 4083 mitti
3011 4028 3169 4098 petit.
3218 4025 3325 4080 Sed
3382 4025 3530 4089 Piso,
3567 4022 3662 4093 qui

2078 4127 2269 4197 procul
2301 4127 2356 4180 in
2396 4123 2816 4179 mediterraneis
2850 4123 3061 4186 aberat,
3097 4119 3236 4174 nihil
3272 4118 3396 4188 opis
3431 4116 3480 4171 ei
3516 4114 3662 4170 tulit.

2077 4218 2263 4288 Scipio
2292 4233 2426 4273 vero
2450 4217 2552 4272 sub
2579 4216 2759 4287 ipsum
2790 4215 3049 4269 nuntium
3073 4212 3216 4268 forte
3239 4211 3459 4265 fortuna
3497 4217 3662 4262 noctu

2076 4310 2404 4373 adventans,
2450 4308 2636 4364 statim
2671 4307 2937 4363 auxilium
2964 4307 3015 4361 ei
3049 4305 3196 4370 tulit,
3225 4302 3434 4372 alioqui
3465 4317 3496 4355 a
3522 4300 3665 4356 Car-

2080 4401 2521 4474 thaginiensibus
2565 4402 2652 4456 vel
2689 4399 2977 4470 capiendo,
3028 4398 3114 4452 vel
3173 4393 3498 4451 occidendo.
3526 4392 3666 4447 Nam

2080 4512 2206 4553 cum
2237 4511 2404 4551 naves
2455 4493 2736 4564 Scipionis
2765 4492 3044 4563 appellere
3081 4488 3375 4548 vidissent,
3409 4485 3512 4540 etsi
3549 4483 3669 4538 ani-

2080 4605 2200 4644 mos
2225 4587 2635 4657 desponderant
2661 4629 2674 4652 ,
2718 4601 2826 4638 non
2861 4595 3040 4639 tamen
3071 4582 3138 4636 ab
3163 4579 3456 4636 obsidione
3490 4591 3670 4631 reces-

2080 4687 2295 4744 serunt,
2328 4677 2480 4748 prius
2511 4692 2676 4746 quam
2711 4674 2895 4744 Scipio
2940 4691 3000 4728 se
3051 4673 3244 4726 adesse
3291 4684 3389 4738 per
3423 4667 3670 4736 captivos

2009 4799 2056 4859 ο
2083 4771 2347 4842 quosdam
2399 4770 2480 4826 eis
2509 4769 2752 4824 nuntiari
2799 4767 2962 4840 jussit
2993 4787 3004 4821 :
3048 4763 3428 4830 accersitoque
3460 4759 3671 4814 Asdru-

2084 4865 2230 4926 bale.
2255 4864 2418 4919 fossis
2449 4871 2505 4918 et
2534 4862 2825 4934 aggeribus
2847 4875 3064 4914 murum
3090 4856 3337 4912 mdiﬁciis
3369 4854 3668 4909 obductum

2086 4957 2426 5012 munierunt.
2491 4956 2678 5026 Scipio
2721 4955 2973 5010 Mancino
3017 4951 3244 5021 Megalia
3298 4947 3442 5002 tueri
3492 4947 3668 5016 jusso,

2088 5051 2152 5106 ad
2182 5051 2437 5105 Pisonem
2475 5059 2531 5104 et
2562 5050 2748 5119 copias
2779 5048 2936 5111 abiit,
2971 5055 3032 5101 ut
3061 5059 3186 5099 cum
3213 5043 3294 5097 eis
3329 5039 3531 5094 bellum
3578 5053 3673 5090 ur-

2088 5151 2280 5214 geret;
2319 5142 2416 5197 sed
2444 5142 2703 5197 celeriter
2733 5155 2857 5195 cum
2888 5133 3318 5206 expeditissimis
3347 5126 3673 5184 cohortibus

2091 5250 2372 5298 reversus,
2427 5234 2740 5289 Mancinum
2793 5231 2865 5286 ab
2925 5228 3195 5284 acerrima
3250 5219 3575 5278 Asdrubalis
3604 5230 3672 5270 cx

2089 5327 2228 5381 urbe
2261 5326 2671 5396 oppugnatione
2696 5323 2973 5378 liberavit.
3002 5320 3138 5375 Cum
3167 5317 3278 5386 jam
3302 5313 3430 5368 Piso
3452 5323 3672 5380 quoque

2089 5421 2426 5486 advenisset,
2475 5438 2601 5476 eum
2651 5431 2806 5475 extra
2840 5417 3040 5473 mmnia
3075 5413 3141 5469 ad
3176 5421 3363 5484 portas
3405 5406 3670 5479 quasdam

2091 5514 2539 5586 manerejussit:
2569 5513 2705 5568 alios
2741 5512 2943 5566 milites
2975 5510 3042 5564 ad
3076 5509 3235 5562 aliam
3261 5510 3476 5575 portam
3509 5501 3670 5570 longe

1602 5622 1804 5684 Var-ite
1833 5622 2140 5690 lectiones
2183 5635 2246 5691 et
2290 5639 2481 5692 notua.

474 5751 584 5820 (53)
627 5749 1102 5815 'I.méra.uuam
1131 5747 1491 5820 Ἰππακριτας
1528 5746 1788 5819 Polybius
1815 5759 1994 5807 vocat.
2037 5751 2174 5811 Vide
2210 5755 2380 5812 Henr.
2425 5753 2703 5812 Valesium
2734 5751 2801 5809 ad
2843 5747 3069 5807 Diodori
3137 5744 3308 5804 Siculi
3366 5743 3668 5811 Excerpta,

402 5839 457 5894 ιτ.
489 5823 577 5876 45.
