4024 6402
313 464 419 530 795

1612 473 1936 536 JOANNIS
1973 475 2298 537 ZONARIE

3474 470 3585 536 796

312 579 633 648 distantem,
681 582 923 639 monitos
962 583 1095 653 quid
1140 582 1287 640 facto
1332 601 1473 657 opus
1516 597 1686 650 esset,
1722 589 1895 645 misit.

2001 586 2090 640 τὸν
2115 587 2403 655 Μαγκῖνον
2429 587 2691 657 φρουρεῖν
2741 587 3057 642 κατέλιπενο
3111 587 3276 652 αὐτὸς
3326 586 3385 641 δέ
3446 589 3586 658 πρὸς

312 669 437 740 Ipse
462 674 669 744 optima
696 674 982 746 copiarum
1010 684 1166 746 parte
1194 688 1494 747 assumpta,
1526 679 1631 734 sub
1675 691 1891 736 noctem

315 763 553 819 mediam
581 764 880 836 transfugis
908 765 1143 823 ducibus
1194 768 1339 823 intra
1384 771 1586 827 momia
1640 781 1894 839 penetra-

312 852 393 908 vit
417 872 431 907 :
457 862 515 908 et
533 854 599 909 ad
631 863 844 925 portam
873 856 1021 912 illam
1044 868 1442 931 transgressus,
1470 864 1720 920 vectibus
1742 881 1893 921 rese-

313 942 441 1008 ctis,
493 942 661 1015 468
705 956 761 1000 et
801 946 1134 1004 introductis
1184 950 1252 1005 iis
1295 951 1390 1021 qui
1442 951 1577 1008 foris
1606 963 1894 1023 exspecta-

312 1032 468 1097 bant,
504 1035 699 1105 vigiles
744 1038 986 1093 cecidit:
1030 1055 1379 1111 propereque
1421 1042 1490 1097 ad
1524 1053 1732 1113 portas,
1763 1054 1892 1100 ante

312 1139 451 1192 quas
482 1125 608 1180 Piso
658 1129 953 1183 stationem
1008 1130 1269 1188 habebat.
1295 1126 1558 1197 accurrit,
1591 1134 1894 1206 proﬂigatis

313 1216 660 1283 custodibus,
697 1218 791 1289 qui
843 1221 1056 1277 medias
1098 1233 1281 1293 partes
1334 1224 1654 1292 tuebantur,
1690 1237 1746 1282 et
1780 1230 1896 1283 sin-

311 1308 457 1378 gulis
486 1310 540 1364 in
581 1310 720 1366 locis
751 1314 912 1382 pauci
952 1324 1135 1370 erant.
1189 1317 1267 1371 Ita
1305 1317 1579 1373 Asdrubal
1635 1319 1801 1375 simul
1838 1330 1897 1377 et

311 1401 445 1471 quid
474 1411 655 1459 actum
688 1414 835 1462 esset
861 1408 1092 1472 audivit,
1125 1419 1183 1465 et
1212 1410 1493 1467 Romanas
1536 1413 1725 1482 copias
1753 1430 1894 1484 pene

313 1492 601 1550 universas
631 1496 773 1550 intra
810 1498 1004 1553 urbem
1042 1499 1177 1555 vidit
1203 1500 1729 1575 :Carthaginienscs
1763 1520 1891 1561 cum

310 1584 631 1655 aliquandiu
684 1590 1043 1655 restitissent,
1095 1593 1151 1647 in
1203 1592 1516 1652 Cothonem
1569 1606 1626 1654 et
1668 1598 1893 1671 Byrsam

310 1677 701 1750 confugerunt,
755 1674 967 1739 Deinde
1026 1684 1300 1741 Asdrubal
1365 1704 1560 1746 omnes
1615 1690 1896 1750 Romanos

309 1768 557 1836 captivos
592 1771 821 1839 occidit,
885 1785 944 1829 ut
987 1776 1140 1832 cives
1187 1778 1480 1849 desperata
1514 1783 1697 1849 _venia
1747 1785 1894 1840 hosti

307 1859 545 1916 alacrius
578 1864 908 1921 resisterent
937 1884 951 1921 :
997 1868 1203 1924 multos
1229 1872 1398 1925 etiam
1429 1888 1498 1927 ex
1527 1875 1898 1944 popularibus

306 1950 645 2018 proditlonis
680 1965 973 2026 suspectos
1008 1960 1255 2017 sustulit.
1295 1963 1485 2033 Scipio
1506 1965 1611 2020 etsi
1642 1981 1740 2022 eos
1771 1983 1894 2022 mu-

309 2040 385 2095 ris
417 2050 475 2096 et
509 2047 808 2116 aggeribus
858 2050 1053 2120 sepsit,
1102 2068 1213 2107 non
1267 2056 1453 2110 statim
1503 2068 1686 2115 tamen
1722 2076 1896 2131 expu-

306 2134 516 2201 gnavit.
574 2138 712 2194 Nam
769 2150 825 2196 et
868 2144 1073 2200 mtenia
1128 2145 1283 2201 ﬁrma
1322 2156 1500 2215 erant,
1552 2161 1607 2205 et
1639 2152 1800 2207 multi
1838 2153 1895 2209 in

308 2237 543 2297 angusto
592 2233 842 2315 conclusi
892 2235 1071 2305 spatio
1117 2237 1337 2294 fortiter
1392 2256 1452 2297 se
1499 2241 1892 2310 defendebant,

307 2331 617 2376 commeatu
654 2323 877 2382 abunde
911 2327 1187 2396 instructi,
1224 2331 1424 2389 Bithite
1465 2335 1752 2392 subsidio:
1796 2338 1890 2407 qui

306 2428 374 2468 ex
400 2414 634 2472 obversa
670 2418 796 2475 urbi
824 2421 1169 2491 continente,
1201 2426 1497 2483 observato
1527 2427 1721 2495 ﬂuctu,
1753 2446 1894 2485 ven-

310 2506 464 2577 tique
505 2508 740 2579 impctn,
782 2515 1069 2572 onerarias
1105 2517 1186 2572 eis
1216 2535 1382 2575 naves
1411 2520 1466 2575 in
1504 2532 1725 2591 portum
1762 2523 1895 2579 sub-

308 2597 584 2655 mittebat.
620 2600 825 2659 Contra
857 2606 1004 2675 quod
1058 2607 1246 2678 Scipio
1287 2626 1404 2665 rem
1434 2626 1686 2683 magnam
1717 2622 1772 2669 et
1796 2630 1894 2669 ex-

306 2691 565 2760 cogitavit
615 2703 671 2748 et
705 2696 980 2765 perfecit:
1026 2700 1179 2755 aditu
1219 2710 1415 2771 portus
1442 2714 1700 2773 angusto,
1753 2705 1898 2760 ditii-

306 2785 488 2838 culter
517 2786 767 2856 quidem,
821 2806 1130 2863 magnoque
1176 2809 1299 2849 cum
1333 2794 1541 2858 labore,
1578 2796 1671 2851 sed
1711 2806 1895 2853 tamen

305 2888 599 2945 operarum
631 2880 990 2939 multitudine
1021 2885 1243 2940 tandem
1276 2886 1589 2949 obstructo,
1636 2888 1893 2957 quamvis

306 2967 797 3041 Carthaginienses
818 2976 1032 3033 crebris
1053 2978 1504 3035 dimicationibus
1523 2979 1574 3034 id
1598 2994 1739 3050 opus
1765 2997 1895 3051 pro-

308 3058 503 3117 hibere
532 3075 892 3122 conarentur.

1995 675 2087 730 τὸν
2118 676 2371 730 Πείσωνα
2396 681 2491 730 καὶ
2529 678 2662 747 πρὸς
2704 678 2803 740 τὰς
2833 680 3098 750 δυνάμεις
3128 680 3367 750 ἀπῆρεν,
3397 680 3472 742 ὼς
3514 680 3582 734 ἂν

1998 767 2119 838 μετ’
2151 768 2332 822 αὐτῶν
2355 768 2522 840 ἔργου
2557 769 2769 839 ἔχηται.
2808 772 2916 824 Kal
2941 772 3214 842 ἐπανῆλθε
3245 774 3452 842 ταχέως
3484 772 3586 825 σὺν

1993 857 2071 928 τῷ
2100 859 2421 930 κουφοτάτῳ
2473 860 2576 931 τῆς
2640 864 2941 932 στρατιᾶς,
2998 863 3092 915 καὶ
3164 863 3436 916 κατέλαϐε
3491 863 3585 916 τὸν

1997 950 2331 1020 ’Δσδρούϐαν
2363 953 2445 1015 είς
2473 953 2575 1023 τὴν
2598 955 2928 1025 Καρχηδόνα
2966 954 3283 1008 εἰσελθόντα
3332 955 3429 1009 καὶ
3473 955 3587 1009 δει-

1997 1043 2104 1106 νῶς
2133 1043 2211 1112 τῷ
2233 1044 2503 1115 Μαγκίνῳ
2531 1046 2937 1115 ἐπιτιθέμενον.
2978 1048 3088 1101 Kal
3142 1046 3313 1099 ἐλθὼν
3371 1049 3399 1100 ὀ
3455 1046 3586 1099 Σκι-

2000 1140 2141 1187 πίων
2175 1137 2276 1207 τὴν
2323 1136 2571 1191 ἐπίθεσιν
2603 1137 2815 1191 ἔλυσεν.
2864 1138 3231 1209 Ἀφικομένου
3264 1138 3321 1191 δέ
3361 1138 3456 1191 καὶ
3487 1138 3586 1192 τοῦ

1998 1225 2279 1290 Πείσωνος
2314 1227 2439 1297 ἠδη,
2468 1227 2677 1281 ἐκεῖνον
2712 1228 2856 1298 μετὰ
2890 1228 2995 1295 ἔξω
3023 1228 3118 1282 τοῦ
3165 1229 3377 1299 τείχους
3430 1228 3586 1281 αὖλί-

2001 1316 2200 1371 σασθαι
2233 1319 2378 1372 κατά
2403 1336 2559 1382 τινας
2587 1319 2765 1384 πύλας
2801 1319 3085 1377 ἐκέλευσε.
3118 1320 3229 1374 Kal
3250 1318 3588 1389 στρατιώτας

1998 1409 2220 1480 ἐτέρους
2263 1412 2397 1481 πρὸς
2437 1411 2633 1465 πυλίδα
2659 1412 2783 1465 τινά
2818 1412 2951 1465 πολὺ
2980 1411 3073 1480 ἀφ’
3103 1410 3315 1465 ἑαυτῶν
3342 1410 3589 1480 ἀπέχου-

2002 1517 2099 1552 σαν
2128 1501 2498 1572 περιέπεμψε,
2536 1503 2920 1572 παραγγείλας
2948 1502 3133 1565 αὐτοῖς
3178 1502 3317 1557 ἄττα
3350 1502 3584 1572 πράξειν

1999 1591 2188 1662 ἐχρῆν.
2230 1592 2405 1657 Αὐτὸς
2446 1592 2533 1660 δὲ,
2560 1592 2622 1646 τὸ
2680 1595 2975 1665 κράτιστον
3018 1593 3114 1647 τοῦ
3170 1593 3402 1663 στρατοῦ
3444 1596 3588 1647 κατὰ

2001 1684 2174 1752 μέσας
2206 1683 2410 1747 νύκτας
2457 1682 2663 1750 λαϐὼν,
2724 1684 2874 1738 ἔνδον
2903 1684 2997 1737 τοῦ
3029 1683 3317 1753 περιϐόλου
3347 1682 3585 1750 ἐγένετο,

1999 1774 2328 1844 αὐτομόλοις
2354 1776 2703 1846 χρησάμενος
2760 1776 2979 1844 ἄγουσι,
3021 1776 3116 1829 καὶ
3172 1775 3278 1828 ὑπὸ
3345 1777 3446 1846 τήν
3487 1793 3592 1828 πυ-

1999 1866 2120 1920 λίδα
2154 1865 2534 1937 παραδραμὼν
2571 1866 2667 1920 καὶ
2710 1867 2802 1921 τὸν
2854 1867 3053 1938 μοχλὸν
3111 1865 3402 1935 διακόψας,
3458 1864 3590 1928 τούς

1999 1976 2057 2012 τε
2092 1957 2290 2025 ἔξωθεν
2318 1958 2712 2028 ἐφεδρεύοντας
2741 1960 3034 2030 εἰσήγαγε,
3059 1957 3304 2020 καὶτοὺς
3336 1956 3589 2025 φύλακας

2000 2050 2244 2121 ἔφθειρε.
2289 2052 2400 2105 Καὶ
2438 2050 2573 2121 πρὸς
2603 2052 2701 2114 τὰς
2731 2050 2907 2114 πύλας
2959 2050 3219 2121 ἠπείχθη,
3261 2050 3386 2102 καθ’
3436 2048 3500 2112 ἃς
3560 2051 3589 2101 ὀ

2003 2144 2214 2198 Πείσων
2243 2145 2602 2215 προσήδρευε,
2654 2145 2781 2206 τοὺς
2839 2145 3118 2214 φρουροὺς
3169 2144 3295 2206 τοὺς
3334 2143 3401 2196 τὰ
3447 2142 3591 2211 μέσα

2005 2236 2379 2305 φυλάττοντας
2410 2234 2630 2303 ὀλίγους
2658 2233 2782 2288 καθ’
2815 2236 3084 2297 ἑκάστους
3128 2235 3291 2297 ὄντας
3325 2232 3437 2304 (56)
3459 2230 3590 2302 τρέ-

2003 2346 2146 2391 πων,
2174 2326 2316 2381 ῶστε
2339 2329 2432 2381 τὸν
2458 2326 2798 2398 Ἀσδρούϐαν
2831 2327 2949 2396 ἅμα
2983 2344 3039 2380 τε
3098 2323 3467 2380 πυνθάνεσθαι
3520 2323 3592 2377 τά

1999 2419 2292 2490 γενόμενα,
2326 2426 2420 2474 καὶ
2460 2421 2594 2492 ὀρᾷν
2625 2423 2724 2491 τὴν
2755 2422 2863 2475 τῶν
2897 2420 3189 2490 Ῥωμαίων
3218 2420 3452 2486 δύναμιν
3494 2436 3591 2487 μι-

2002 2512 2135 2579 κροῦ
2166 2515 2347 2568 πᾶσαν
2391 2512 2558 2568 οὖσαν
2583 2515 2756 2577 ἐντός.
2793 2517 2903 2568 Kal
2934 2514 3128 2586 χρόνον
3169 2513 3269 2585 μέν
3312 2530 3436 2566 τινα
3464 2514 3595 2566 ἀντ·

2004 2607 2185 2677 ἔσχον,
2225 2606 2417 2660 ἔπειτα
2480 2606 2581 2677 τὴν
2624 2607 2723 2677 μὲν
2752 2607 2920 2678 ἄλλην
2978 2607 3133 2660 πόλιν
3178 2606 3448 2670 ἐξέλιπον.
3509 2606 3592 2667 είς

1999 2696 2058 2750 δέ
2098 2697 2189 2750 τὸν
2224 2696 2477 2750 Κώθωνα
2515 2700 2615 2769 τήν
2651 2713 2711 2749 τε
2747 2697 2962 2769 Πύρσαν
3005 2698 3334 2766 κατέφυγον.
3377 2691 3517 2749 Εἶτα
3560 2694 3593 2745 ὀ

1999 2788 2335 2861 ’Λσδρούϐας
2354 2789 2567 2852 πάντας
2587 2790 2713 2851 τοὺς
2739 2789 2851 2842 τῶν
2890 2788 3176 2857 Ῥωμαίων
3205 2785 3595 2858 αἰχμαλώτους

1995 2887 2348 2951 ἀπέκτεινεν,
2405 2885 2577 2946 ὅπως,
2619 2883 2935 2951 ἀπόγνωσιν
2977 2881 3312 2952 συγγνώμης
3372 2878 3596 2949 σχόντες

1992 2980 2044 3031 ol
2086 2977 2470 3047 Καρχηδόνιοι,
2533 2974 2946 3045 προθυμότερον
3037 2971 3593 3043 ἁντικαρτερήσωσι·

2002 3069 2231 3131 πολλοὺς
2274 3067 2332 3119 δέ
2361 3067 2459 3120 καὶ
2484 3067 2594 3119 τῶν
2634 3066 2947 3136 ἐπιχωρίων
2978 3065 3053 3129 ὼς
3085 3063 3433 3135 π,.οδιδόητας
3461 3062 3592 3114 ἐαυ-

306 3151 436 3216 τοὺς
462 3152 806 3227 διεχρήσατο.
845 3160 957 3214 Kal
981 3160 1010 3213 6
1040 3160 1283 3213 Σκιπίων
1304 3161 1753 3233 περιεσταύρωσε
1787 3162 1886 3232 μὲν
1924 3160 2124 3224 αὐτοὺς
2183 3160 2276 3213 καὶ
2310 3157 2683 3229 ἀπετείχισεν,
2753 3157 2815 3210 ού
2865 3156 2972 3228 μὴν
3041 3159 3135 3209 καὶ
3187 3154 3410 3224 ταχέως
3454 3145 3591 3206 εἷλε.

308 3242 391 3296 Τά
413 3260 472 3296 τε
498 3246 609 3313 γὰρ
635 3247 791 3318 τείχη
816 3250 1066 3320 καρτερὰ
1103 3245 1173 3321 ἦν
1203 3250 1300 3303 καὶ
1330 3252 1378 3304 οἱ
1430 3251 1582 3315 ἐντὸς
1653 3249 1843 3304 πολλοὶ⁹
1908 3250 2059 3313 ὀντες
2137 3248 2374 3319 ἰσχυρῶς
2424 3248 2482 3301 ἐν
2530 3246 2698 3315 ὀλίγῳ
2751 3246 2915 3319 χώρῳ
2964 3247 3238 3318 ἠμύνοντο
3290 3246 3385 3300 καὶ
3433 3244 3586 3299 σίτου

306 3339 559 3408 ἀφθόνως
607 3339 774 3413 εῖχον.
839 3346 901 3399 '0
929 3347 1037 3417 γὰρ
1091 3346 1279 3412 Βιθίας
1330 3347 1561 3411 ὁλκάδας
1623 3347 1733 3401 ἀπὸ
1791 3348 1891 3417 τῆς
1925 3347 2154 3418 άντικρυ
2215 3347 2317 3414 τῆς
2348 3344 2557 3409 πόλεως
2612 3344 2848 3413 ἠπείρου
2892 3345 3031 3398 κατὰ
3074 3343 3226 3412 κῦμα
3252 3344 3346 3398 καὶ
3371 3343 3577 3409 ἄνεμον

306 3433 501 3496 ὀτάκις
545 3434 797 3505 σφοδρῶς
818 3435 995 3501 ἔπνει,
1054 3439 1113 3501 ἐς
1154 3438 1249 3492 τὸν
1295 3438 1492 3509 λιμένα
1551 3440 1737 3503 αὐτοῖς
1785 3440 2114 3509 εἰσέπεμπε,
2176 3440 2312 3509 πρὸς
2345 3438 2484 3510 ὅπερ
2546 3441 2573 3491 ὁ
2601 3438 2845 3490 Σκιπίων
2882 3438 3026 3505 μέγα
3088 3436 3252 3506 ἔργον
3315 3437 3410 3489 καὶ
3456 3437 3587 3488 ists-

308 3530 471 3602 νόησε
506 3531 602 3583 καὶ
626 3530 940 3585 ἐπετέλεσε.
983 3531 1088 3585 Τὸν
1119 3533 1230 3603 γὰρ
1254 3533 1514 3588 εῖσπλουν
1553 3534 1649 3588 τοῦ
1676 3534 1898 3605 λιμένος
1938 3536 2125 3588 στενὸν
2185 3534 2317 3587 ὅντα
2383 3533 2680 3604 συνέχωσε,
2732 3531 2985 3602 χαλεπῶς
3021 3531 3119 3600 μὲν
3153 3529 3251 3584 καὶ
3284 3529 3584 3608 ἐπιπόνως,

308 3621 461 3691 ὅμως
491 3621 675 3690 μέντοι
716 3622 822 3675 ὑπὸ
850 3620 1204 3693 πολυχειρίας
1272 3623 1331 3676 τὸ
1373 3623 1533 3695 ἔργον
1577 3626 1921 3696 ἐξείργαστο.
1964 3626 2183 3695 Είργειν
2226 3625 2328 3696 μὲν
2375 3624 2484 3693 γάρ
2517 3624 2715 3686 αὐτοὺς
2758 3620 3078 3692 ἐπεχείρουν
3105 3622 3153 3675 οἱ
3197 3622 3590 3693 Καρχηδόνιοι,

311 3719 408 3770 καὶ
442 3714 635 3770 πολλαὶ
663 3716 833 3785 μάχαι
859 3717 917 3770 ἐν
950 3716 1123 3786 τούτῳ
1153 3716 1417 3784 ἐγίνοντο,
1468 3718 1529 3771 ού
1565 3718 1750 3788 μέντοι
1805 3720 1899 3772 καὶ
1940 3718 2188 3772 κωλῦσαι
2220 3718 2281 3771 τὸ
2319 3717 2496 3788 χῶσαι
2523 3716 2895 3787 ἠδυνήθησαν.

380 3810 550 3865 XXX.
595 3810 734 3865 Tum
772 3825 905 3865 vero
936 3809 1431 3882 Carthaginienses
1463 3813 1701 3883 penuria
1739 3829 1894 3870 com-

2073 3813 2155 3870 A'.
2197 3815 2260 3871 0i
2293 3810 2386 3868 οὖν
2443 3812 2818 3884 Καρχηδόνιοι
2864 3811 2961 3866 τοῦ
3003 3812 3277 3883 στόματος
3308 3811 3403 3866 τοῦ
3435 3812 3596 3884 λιμέ-

312 3910 532 3960 meatus
563 3903 810 3974 graviter
862 3912 1117 3975 urgente,
1173 3905 1268 3961 alii
1304 3904 1764 3977 transfugerunt:
1806 3905 1896 3963 alii

2004 3924 2096 3971 νος
2116 3906 2440 3978 χωσθέντος,
2463 3909 2530 3977 τῇ
2571 3904 2665 3959 τοῦ
2698 3906 2849 3959 σίτου
2892 3906 3087 3961 σπάνει
3116 3905 3308 3969 δεινῶς
3334 3906 3595 3977 ἐπιέσθηο

309 3995 406 4067 qui
441 3993 792 4050 obsidionem
858 3993 1193 4057 tolerabant.
1243 3995 1447 4066 partim
1489 3997 1896 4062 moriebantur,

2006 4014 2125 4053 oav'
2154 3999 2251 4053 καὶ
2280 3999 2328 4052 oi
2360 3998 2462 4069 μὲν
2496 3997 2858 4068 ηὐτομόλουν,
2901 3998 2953 4050 oi
3010 3997 3067 4052 δέ
3122 3998 3596 4069 ἐγκαρτεροῦντες

310 4084 517 4155 partim
578 4083 850 4140 cadavera
900 4085 1219 4157 gustabant.
1274 4086 1549 4143 Asdrubal
1605 4074 1774 4159 igitdr
1803 4101 1896 4157 spe

2002 4091 2288 4163 ἔθνησκον,
2327 4094 2376 4147 oi
2395 4091 2455 4146 δέ
2483 4091 2595 4146 τῶν
2623 4092 2835 4162 νεκρῶν
2864 4090 3142 4159 ἐγεύοντο.
3176 4090 3342 4145 Ὅθεν
3380 4092 3596 4164 ἀθυμή-

311 4174 636 4241 destitutus,
676 4176 875 4248 legatis
914 4178 986 4233 ad
1027 4177 1347 4249 Scipionem
1399 4178 1468 4235 de
1516 4195 1651 4249 pace
1691 4180 1896 4245 missis,

2006 4201 2106 4247 σας
2136 4183 2476 4255 Ἀσδρούϐας
2509 4183 2773 4255 πρέσϐεις
2799 4184 2939 4252 πρὸς
2992 4183 3084 4236 τὸν
3136 4182 3422 4237 Σκιπίωνα
3463 4185 3597 4255 περὶ

312 4267 700 4338 impunitatem
735 4270 1104 4340 impetrasset,
1143 4272 1248 4327 nisi
1282 4274 1497 4329 (veteris
1524 4274 1691 4329 etiam
1720 4276 1896 4329 omni-

2006 4271 2250 4327 σπονδῶν
2273 4273 2487 4343 ἔπεμψε
2507 4289 2523 4305 ·
2560 4273 2655 4327 καὶ
2687 4272 2878 4343 ἔτυχεν
2917 4272 2985 4327 ἂν
3007 4271 3107 4343 τῆς
3136 4271 3347 4337 ἀδείας,
3404 4273 3456 4326 εί
3515 4274 3596 4344 μὴ

312 4361 418 4417 bus
468 4362 700 4418 salutem
743 4374 800 4418 et
832 4364 1148 4421 libertatem
1191 4367 1466 4435 petiisset.
1522 4367 1710 4439 Itaque
1750 4368 1901 4423 frus-

315 4460 513 4517 tratus,
564 4470 791 4509 uxorem
842 4455 897 4509 in
947 4471 1078 4511 arce
1134 4458 1432 4521 conclusit,
1478 4475 1603 4514 cum
1656 4460 1725 4515 de
1752 4476 1815 4515 ca
1846 4469 1902 4515 et

313 4542 507 4598 liberis
538 4545 655 4599 suis
685 4545 1110 4602 caduceatorem
1147 4547 1215 4602 ad
1262 4546 1578 4618 Scipionem
1618 4551 1898 4607 misisset:

314 4644 624 4705 ceteraque
655 4636 937 4704 instruxit,
974 4640 1363 4710 desperatione
1396 4642 1573 4698 factus
1611 4643 1898 4699 audacior.

312 4726 495 4795 Atque
543 4727 662 4796 ipse
710 4744 818 4784 una
861 4746 989 4786 cum
1040 4732 1165 4787 aliis
1201 4742 1394 4788 noctes
1432 4734 1663 4803 diesque
1694 4751 1903 4807 pugna-

315 4820 472 4885 bant,
508 4822 645 4878 alias
674 4823 987 4890 vincentes,
1034 4827 1169 4883 alias
1214 4829 1665 4898 succumbentes,
1697 4839 1754 4887 et
1786 4832 1902 4887 R0-

315 4928 613 4969 manorum
647 4916 923 4973 machinis
980 4919 1117 4974 alias
1166 4920 1455 4977 machinas
1519 4923 1901 4993 opponebant.

316 5004 401 5061 Ad
431 5005 548 5063 haec
576 5008 808 5076 Bithias,
832 5010 921 5066 cui
949 5011 1225 5066 munitum
1259 5002 1543 5068 castellum
1570 5026 1712 5084 erat,
1743 5017 1904 5086 longe

317 5100 373 5156 in
406 5102 785 5158 continentem
819 5104 1265 5172 excurrendo,et
1297 5104 1784 5176 Carthaginienses
1809 5110 1903 5179 ju-

2005 4365 2101 4419 καὶ
2134 4367 2249 4428 τοῖς
2290 4365 2501 4427 λοιποῖς
2524 4364 2700 4419 ἅπασι
2737 4366 2834 4419 καὶ
2858 4365 2960 4435 τήν
3007 4364 3288 4434 σωτηρίαν
3335 4364 3433 4418 καὶ
3491 4366 3595 4438 τήν

2005 4458 2323 4528 ἐλευθερίαν
2352 4458 2562 4529 πρᾶξαι
2595 4458 2851 4529 ἠθέλησε.
2902 4458 3231 4529 Διαμαρτὼν
3271 4459 3368 4513 οὖν
3421 4461 3593 4530 αὐτῆς

2005 4552 2085 4614 είς
2116 4552 2218 4617 τὴν
2245 4551 2547 4620 ἀκρόπολιν
2594 4553 2694 4620 τήν
2750 4553 2992 4617 γυναῖκα
3032 4550 3411 4619 κατέκλεισεν,
3469 4554 3595 4608 ἐπεὶ

2003 4644 2080 4714 τῷ
2109 4645 2374 4697 Σκιπίωνι
2403 4642 2542 4713 ὑπὲρ
2589 4644 2763 4713 αὐτῆς
2797 4647 2891 4698 καὶ
2926 4646 3036 4699 τῶν
3067 4648 3275 4701 τέκνων
3332 4648 3595 4718 διεκηρυ-

2006 4737 2263 4790 κεύσατο.
2295 4736 2408 4789 Kal
2435 4735 2603 4790 τᾶλλα
2628 4735 2838 4806 διῴκει,
2862 4738 3271 4811 τολμηρότερος
3300 4740 3596 4810 γενόμενος

2005 4830 2096 4882 διὰ
2150 4827 2251 4900 τήν
2284 4828 2616 4894 ἀπόγνωσιν.
2662 4828 2854 4892 Αὐτός⁸
2875 4846 2934 4882 τε
2981 4825 3076 4884 οὖν
3106 4830 3201 4884 καὶ
3241 4829 3392 4885 ἄλλοι
3451 4831 3596 4883 ἀπο-

2005 4922 2126 4993 νοίᾳ
2166 4920 2559 4993 κρατούμενοι,
2595 4921 2689 4974 καὶ
2715 4921 2911 4985 νυκτὸς
2931 4921 3026 4974 καὶ
3058 4921 3279 4993 ἡμέρας
3302 4921 3595 4991 ἐμάχοντο.

2009 5016 2118 5069 Kal
2142 5015 2209 5067 τά
2235 5015 2335 5084 μὲν
2370 5015 2635 5083 ἡττῶντο.
2660 5015 2730 5069 τὰ
2752 5016 2798 5069 δ’
2826 4998 3189 5087 ἔπεκράτουν,
3225 5016 3322 5069 καὶ
3349 5016 3596 5085 ἀντεμη-

2009 5102 2250 5172 χανῶντο
2280 5105 2419 5173 πρὸς
2445 5104 2546 5168 τὰς
2585 5105 2905 5175 Ῥωμαϊκὰς
2932 5107 3204 5175 μηχανάς.
3234 5106 3595 5170 ΚαὶόΒιθίας

316 5193 503 5258 vabat,
540 5203 598 5251 et
644 5195 910 5251 Romanis
956 5197 1426 5253 incommodabat.
1476 5196 1660 5264 Quare
1714 5197 1896 5267 Scipio

2007 5196 2060 5247 δὲ
2092 5196 2353 5266 φρούριόν
2380 5216 2432 5250 τι
2461 5199 2699 5279 ἐρυμνὸν
2722 5197 2860 5268 ἔχων
2890 5198 2985 5251 καὶ
3004 5198 3099 5250 ἐπὶ
3118 5197 3290 5250 πολλὰ
3313 5199 3409 5267 τῆς
3429 5196 3594 5267 ἠπεί-

317 5286 515 5344 divisis
554 5288 754 5360 copiis,
809 5297 1018 5360 partem
1066 5290 1123 5344 in
1156 5289 1448 5345 obsidione
1495 5289 1741 5359 reliquit,
1777 5305 1903 5359 par-

318 5386 429 5433 tem
457 5388 656 5434 contra
684 5379 926 5435 Bithiam
959 5379 1133 5445 misit,
1163 5379 1226 5435 C.
1269 5379 1442 5434 Lmlio
1510 5380 1692 5450 legato
1718 5380 1861 5435 duce
1886 5398 1898 5433 :

2013 5305 2108 5357 pou
2129 5289 2361 5360 προῖὼν,
2396 5291 2525 5354 τούς
2559 5309 2618 5345 τε
2649 5290 3063 5363 Καρχηδονίους
3089 5291 3313 5360 ὠφέλει,
3345 5290 3594 5353 καὶτοὺς

2018 5380 2331 5448 Ῥωμαίους
2357 5383 2585 5438 ἐκάκου.
2611 5383 2702 5436 Διὸ
2728 5386 2824 5437 καὶ
2848 5383 2877 5434 ὀ
2900 5381 3145 5435 Σκιπίων
3183 5381 3244 5434 τὸ
3272 5382 3592 5451 στράτευμα

315 5466 437 5537 ipse
492 5469 641 5526 ultro
684 5472 937 5542 citroque
975 5486 1318 5532 commeans,
1366 5470 1627 5540 utrinque
1663 5470 1896 5541 inspein

2010 5473 2199 5560 διελῶν
2230 5474 2291 5525 τὸ
2312 5474 2410 5543 μέν
2433 5477 2497 5545 τῇ
2531 5474 2840 5546 Καρχηδόνι
2882 5472 3271 5544 προσεδρεύειν
3297 5472 3478 5538 ἔταξε,
3513 5472 3595 5523 ’τὸ

315 5561 523 5616 omnia.
554 5562 792 5618 Castello
816 5574 997 5634 capto,
1032 5580 1223 5621 rursus
1253 5562 1420 5636 469
1444 5571 1558 5617 toto
1590 5577 1716 5617 cum
1747 5577 1896 5617 exer-

2007 5562 2064 5614 δέ
2094 5564 2184 5615 ἐπὶ
2215 5563 2309 5618 τὸν
2345 5565 2532 5620 Βιθίαν
2592 5566 2863 5637 ἔπεμψεν,
2921 5567 3227 5638 ἐπιστήσας
3275 5567 3423 5637 αὐτῷ
3501 5563 3597 5618 τὸν

1524 5716 1728 5779 Variae
1760 5716 2073 5779 lectiones
2093 5724 2156 5781 et
2191 5728 2384 5783 notae.

395 5842 508 5911 (56)
553 5843 828 5911 '(erovc
873 5845 1004 5899 καθ’
1040 5843 1340 5912 ἑκάστους
1386 5844 1587 5911 ὄντας.
1643 5842 1735 5899 Sic
1804 5857 1896 5898 ms:

327 5914 591 5979 ἑκάστους
618 5915 864 5983 τρέπων.

2001 5844 2213 5903 Nullius
2268 5848 2562 5921 legendum
2613 5849 2895 5918 censebat,
2949 5849 3166 5919 ὀλίγους
3233 5850 3415 5917 ὄντας,
3470 5852 3594 5906 καθ’

567 5955 590 5979 ν
619 5944 644 5966 ’δ
657 5944 716 5979 PB
729 5944 809 5967 Ιιω
819 5944 864 5969 ν.
