4024 6402
367 462 471 532 797

1627 473 2037 535 ANNALlUM
2075 474 2230 537 LIB.
2271 477 2380 537 IX.

3512 480 3621 546 798

355 586 777 655 ὑποστράτηγον
810 586 901 637 τ³ιν
943 584 1104 638 Γάϊον
1134 583 1357 638 Λαίλιον
1390 598 1407 616 ο
1437 584 1535 638 καὶ
1566 585 1728 649 αὐτὸς
1755 586 1933 640 ἐκατέ-

2047 588 2161 643 citu
2196 590 2391 646 urbem
2424 590 2665 651 obsedit.
2691 591 3179 663 Carthaginienses
3211 594 3379 667 igitur
3408 596 3623 668 abiecta

356 693 498 748 ρωσε
533 675 777 744 διεφοίτα
809 675 980 746 ἄμφω
1006 675 1347 739 ἐπισκοπῶν,
1374 678 1471 730 καὶ
1499 676 1613 748 ἥλω
1662 677 1723 730 τὸ
1771 677 1943 748 φρούδ

357 786 492 840 ριον.
560 764 675 821 Εἶτ’
734 763 893 831 αὖθις
949 769 1099 839 πάσῃ
1164 770 1231 838 τῇ
1288 770 1519 840 στρατιᾷ
1563 769 1941 840 ἐπολιορκεῖτο

353 863 386 929 ή
415 859 744 930 Καρχηδὼν.
772 859 1129 928 Ἀπογνόντες
1155 856 1249 915 οὖν
1268 862 1319 913 οἱ
1354 860 1718 932 Καρχηδόνιοι
1741 860 1940 931 μηκέτι

266 978 277 991 ι
355 952 621 1022 ἑκάτερον
650 954 831 1021 τεῖχος
853 952 1231 1008 διασώσασθαι
1273 953 1563 1021 δύνασθαι,
1597 957 1678 1017 είς
1716 953 1810 1007 τὸν
1840 954 1940 1023 τῆς

354 1045 574 1114 Βύρσης
609 1044 901 1114 περίϐολον
955 1046 1053 1099 ἆτε
1089 1046 1183 1100 καὶ
1236 1046 1607 1116 ἐρυμνότερον
1645 1046 1942 1101 ἀνεσκευά-

354 1153 537 1197 σαντο,
581 1136 675 1189 καὶ
712 1136 1184 1207 μετακομίσαντες
1215 1128 1317 1191 ὅσα
1340 1138 1623 1206 ήδύναντο,
1660 1138 1941 1210 κατέπρη-

353 1245 475 1283 σαν.
504 1228 717 1292 Νυκτὸς
749 1229 811 1282 τὸ
837 1228 1084 1301 νεώριον,
1118 1230 1211 1284 καὶ
1261 1230 1372 1283 τῶν
1404 1229 1582 1284 ἄλλων
1641 1230 1710 1285 τά
1742 1232 1937 1298 πλείω,

354 1325 441 1377 ἵνα
465 1324 566 1395 τῆς
588 1325 651 1381 ἐξ
673 1325 853 1378 αὐτῶν
915 1325 1187 1394 ὡφελείας
1230 1326 1358 1388 τοὺς
1406 1326 1703 1397 πολεμίους
1743 1328 1940 1398 στερή-

356 1434 545 1471 σωσιν.
594 1417 685 1481 Ὠς
722 1417 958 1486 δ’έγνων
998 1418 1058 1471 τὸ
1090 1417 1252 1488 ἔργον
1281 1419 1332 1472 oi.
1369 1419 1657 1488 Ῥωμαῖοι,
1711 1419 1804 1473 τὸν
1857 1419 1938 1472 λι-

356 1510 495 1579 μένα
520 1510 810 1580 κατέσχον,
838 1509 933 1563 καὶ
960 1509 1054 1562 ἐπὶ
1095 1509 1195 1580 τὴν
1231 1509 1449 1578 Βύρσαν
1494 1508 1786 1581 ὥρμησαν,
1842 1510 1939 1564 καὶ

352 1600 723 1670 κατασχόντες
759 1602 859 1663 τὰς
898 1600 1245 1671 ἑκατέρωθεν
1273 1602 1444 1670 αὐτῆς
1496 1601 1675 1665 οίκίας
1737 1602 1787 1654 oi
1836 1600 1937 1672 μὲν

350 1690 447 1745 ἐπὶ
478 1691 589 1744 τῶν
610 1693 789 1760 τεγῶν
813 1691 995 1745 αὐτῶν
1021 1693 1112 1744 ἐπὶ
1143 1692 1241 1755 τὰς
1266 1693 1352 1745 ἀεὶ
1374 1692 1639 1763 ἐχομένας
1665 1691 1936 1757 ἐϐάδιζον,

351 1783 403 1835 οῖ
437 1782 495 1834 δὲ
520 1783 649 1845 τοὺς
684 1782 902 1853 τοίχους
948 1779 1354 1848 διορύσσοντες,
1391 1783 1637 1837 κάτωθεν
1688 1782 1933 1854 διῄεσαν,

350 1871 459 1936 ἕως
500 1872 638 1943 πρὸς
665 1873 836 1943 αὐτὴν
868 1871 966 1943 τὴν
999 1872 1178 1944 ἄκραν
1222 1872 1509 1943 ἀφίκοντο.
1548 1873 1821 1930 Ἐνταῦθα
1877 1875 1935 1929 δέ

352 1964 671 2034 γενομένοις
724 1964 937 2020 οὐκέτι
993 1965 1235 2036 ὰντῆραν
1273 1966 1323 2018 oi
1377 1965 1765 2039 Καρχηδόνιοι,
1814 1965 1932 2020 άλλ²

352 2055 898 2128 ἐπεκηρυκεύσαντο,
924 2056 1065 2127 πλὴν
1088 2056 1184 2111 τοῦ
1229 2058 1579 2128 Ἀσδρούϐου.
1608 2058 1848 2122 Ἐκεῖνος
1876 2060 1934 2113 δέ

356 2148 497 2217 μετὰ
529 2148 641 2203 τῶν
669 2149 989 2220 αὐτομόλων
1020 2152 1069 2221 (ὁ
1090 2151 1200 2221 γάρ
1232 2151 1474 2205 Σκιπίων
1502 2152 1603 2205 οὐκ
1638 2153 1935 2207 ἐσπείσατο

350 2240 556 2310 αὐτοῖς)
586 2242 670 2304 είς
692 2242 753 2295 τὸ
794 2240 1181 2313 ’Δσκληπίειον
1240 2243 1584 2313 ἀνειληλύθει
1638 2245 1779 2317 μετὰ
1832 2246 1934 2317 τῆς

351 2331 613 2397 γυναικὸς
643 2333 734 2386 καὶ
764 2333 872 2387 τῶν
902 2333 1137 2398 παίδων,
1181 2334 1481 2389 κάντεῦθεν
1508 2335 1749 2405 ἠμύνετο
1806 2338 1935 2402 τοὺς

352 2420 824 2491 προσϐάλλοντας,
859 2424 1055 2493 μέχρις
1113 2415 1175 2476 οὗ
1217 2423 1610 2492 ἐμπρήσαντες
1650 2425 1743 2477 τὸν
1798 2422 1935 2477 νεὼν

349 2513 399 2564 oi
455 2513 749 2582 αὐτόμολοι
801 2516 894 2568 ἐπὶ
943 2514 1005 2568 τὸ
1059 2517 1219 2583 τέγος
1266 2515 1435 2570 αὐτοῦ
1491 2515 1791 2586 ἀνέϐησαν,
1833 2516 1934 2588 τὴν

351 2602 588 2675 ἐσχάτην
611 2604 704 2658 τοῦ
730 2605 904 2676 πυρὸς
930 2605 1180 2677 ἀνάγκην
1214 2606 1601 2676 ἀναμένοντες.
1648 2606 1782 2659 Τότε
1824 2606 1934 2675 γὰρ

349 2696 618 2766 ἡσσηθεὶς
650 2698 789 2768 πρὸς
820 2698 912 2751 τὸν
936 2698 1219 2751 Σκιπίωνα
1261 2693 1426 2769 ἦλθεν
1456 2697 1738 2767 ἱκετηρίαν
1768 2696 1931 2766 ἔχων.

362 2784 570 2839 Ἰδοῦσα
595 2786 653 2840 δὲ
679 2787 843 2841 αὐτὸν
898 2789 932 2859 ή
963 2788 1101 2859 γυνὴ
1127 2787 1518 2841 άντιϐολοῦνλτα
1548 2787 1812 2856 ὀνομαστὶ
1834 2788 1931 2841 άνο

351 2877 634 2942 εκάλεσεν,
668 2881 764 2934 καὶ
796 2880 1171 2944 ἐξονειδίσασα
1200 2881 1282 2934 ὅτι
1309 2879 1492 2948 ἐαυτῷ
1530 2879 1629 2947 τὴν
1658 2879 1933 2948 σωτηρίαν

352 2970 568 3039 πράξας
590 2970 690 3024 οὐκ
712 2970 1012 3041 ἐπέτρεψεν
1044 2972 1235 3043 ἐκείνῃ
1291 2968 1645 3035 σπείσασθαι,
1673 2970 1741 3022 τὰ
1769 2967 1933 3022 τέκνα

354 3061 612 3116 ἐνέϐαλεν
662 3063 746 3125 εἰς
786 3063 849 3116 τὸ
881 3063 1017 3132 πῦρ,
1076 3062 1173 3117 καὶ
1206 3062 1410 3131 ἑαυτὴν
1466 3061 1931 3133 προσεπέρῤιψεν.

364 3154 536 3209 Ἐλὼν
571 3154 665 3209 οὖν
697 3154 842 3209 οὕτω
874 3158 973 3227 τὴν
1006 3156 1334 3226 Καρχηδόνα
1380 3158 1407 3209 ὁ
1435 3156 1702 3221 Σκιπίων,
1732 3157 1799 3225 τῇ
1840 3170 1932 3222 γε-

2040 696 2138 751 spe
2170 683 2463 755 utriusque
2514 684 2844 740 munitionis
2872 684 3252 752 defendendae,
3309 686 3364 742 in
3396 688 3621 760 Byrsam

2041 783 2107 829 ut
2161 774 2518 831 munitiorem
2570 775 2859 831 contulere
2911 791 3033 846 qua:
3065 785 3366 846 potuerunt
3415 780 3621 843 omnia,

2040 865 2221 921 navali
2273 874 2443 921 noctu
2494 866 2747 934 incenso,
2786 876 2844 922 et
2881 876 3207 923 cie-terarum
3238 869 3473 938 partium
3512 871 3627 939 ple-

2039 959 2251 1028 risque,
2308 973 2380 1013 ne
2437 958 2694 1014 hostibus
2749 960 2873 1015 usui
2926 970 3132 1015 essent.
3174 960 3313 1014 Tum
3363 960 3622 1027 Romani,

2038 1058 2201 1120 portu
2237 1058 2527 1119 occupato,
2559 1050 2783 1120 Byrsam
2819 1050 3022 1115 adorti,
3055 1049 3268 1105 aedibus
3296 1066 3419 1121 quae
3448 1051 3626 1105 utrin-

2040 1154 2147 1209 que
2176 1151 2340 1195 erant
2386 1138 2745 1206 conscensis,
2798 1140 3001 1206 partim
3050 1138 3108 1193 in
3161 1139 3296 1209 ipsis
3351 1140 3515 1194 tectis
3555 1138 3626 1193 ad

2039 1232 2253 1288 vicinas
2280 1232 2633 1287 transibant:
2676 1231 2877 1302 partim
2910 1230 3219 1300 parietibus
3256 1230 3469 1284 inferne
3498 1245 3628 1298 per-

2038 1323 2220 1390 fossis,
2254 1324 2308 1378 in
2338 1325 2512 1394 ipsam
2564 1339 2747 1379 arcem
2782 1322 3168 1394 penetrabant.
3204 1321 3326 1388 Quo
3368 1336 3493 1376 cum
3527 1337 3625 1376 ve-

2037 1417 2276 1484 nissent,
2295 1416 2785 1487 Carthaginienses
2825 1431 3010 1487 pugna
3035 1416 3261 1481 omissa,
3293 1429 3484 1485 pacem
3520 1430 3623 1485 pe-

2042 1510 2272 1576 tierunt,
2326 1520 2526 1581 ιιι-αξιοι·
2564 1508 2928 1564 Asdrubalem
2966 1525 2979 1560 :
3020 1507 3115 1577 qui
3160 1522 3287 1563 cum
3324 1504 3624 1576 transfugis

2040 1603 2133 1669 (iis
2160 1604 2311 1659 enim
2369 1603 2558 1673 Scipio
2593 1598 2809 1657 veniam
2856 1601 3104 1671 negarat)
3156 1609 3212 1655 et
3242 1613 3413 1654 uxore
3455 1607 3624 1668 atque

2038 1695 2230 1751 liberis
2257 1708 2562 1750 conscenso
2610 1693 2913 1764 AEsculapii
2949 1691 3175 1762 templo,
3201 1707 3259 1747 se
3289 1701 3483 1745 contra
3525 1707 3624 1759 op-

2037 1797 2349 1858 pugnantes
2397 1786 2766 1842 defendebat:
2811 1787 2989 1841 donec
3033 1784 3328 1855 transfuga:
3375 1784 3493 1838 :ede
3535 1784 3625 1837 iu-

2040 1895 2229 1946 censa,
2288 1880 2518 1950 ejusque
2556 1887 2702 1933 tecto
2751 1892 3077 1942 conscenso,
3128 1886 3431 1931 extremam
3482 1873 3625 1944 ignis

2039 1973 2428 2029 necessitatem
2485 1980 2901 2042 exspectarunt.
2952 1969 3092 2024 Tum
3140 1968 3362 2024 demum
3393 1965 3625 2036 supplex

2038 2065 2106 2119 ad
2136 2064 2452 2135 Scipionem
2482 2063 2745 2119 accessit.
2778 2062 2950 2129 Quem
2982 2076 3106 2116 cum
3146 2074 3286 2114 uxor
3321 2058 3625 2127 deprecan-

2040 2166 2148 2211 tem
2192 2155 2430 2220 videret,
2480 2170 2549 2209 eo
2601 2154 2930 2209 nominatim
2983 2161 3202 2216 vocato,
3244 2146 3620 2219 exprobravit,

2037 2249 2182 2318 quod
2228 2249 2455 2319 privata:
2490 2247 2652 2302 saluti
2702 2247 3021 2311 consulens,
3061 2244 3165 2315 ipsi
3200 2257 3391 2313 pacem
3450 2240 3625 2307 impc-

2040 2349 2185 2395 trare
2215 2356 2325 2395 non
2362 2340 2708 2410 permisisset
2737 2356 2752 2394 :
2792 2355 2858 2394 ac
2890 2340 3127 2408 primum
3153 2336 3381 2393 liberos.
3421 2330 3624 2387 deinde

2036 2431 2388 2500 semctipsam
2423 2430 2477 2485 in
2509 2431 2689 2502 ignem
2719 2429 2979 2500 coniecit.
3012 2427 3343 2499 Carthagine
3372 2425 3439 2480 ad
3472 2424 3625 2479 hunc

2036 2517 2263 2573 modum
2293 2528 2476 2590 capta,
2501 2519 2690 2590 Scipio
2719 2520 2934 2575 senatui
2973 2519 3197 2588 scripsit
3229 2522 3286 2572 in
3320 2517 3464 2571 hanc
3496 2530 3627 2570 sen-

2036 2612 2309 2667 tentiam:
2351 2610 2620 2682 Carthago
2649 2622 2807 2682 capta
2859 2620 2974 2665 est:
3017 2611 3144 2681 quid
3191 2611 3353 2680 igitur
3378 2608 3574 2679 jubetis
3598 2607 3625 2661 ?

2035 2705 2153 2771 Qua
2189 2704 2258 2759 de
2285 2719 2345 2760 re
2376 2720 2501 2760 cum
2527 2705 2687 2760 lectis
2717 2706 2803 2759 his
2833 2705 3262 2765 deliberaretur,
3288 2702 3497 2756 Catone
3534 2717 3627 2754 ur-

2035 2797 2160 2853 bem
2196 2797 2551 2853 evertendam
2583 2804 2639 2852 et
2676 2795 3162 2867 Carthaginienses
3196 2794 3463 2850 delendos
3502 2807 3624 2849 esse

2035 2898 2322 2953 censente,
2372 2887 2569 2943 Nasica
2614 2904 2750 2944 vero
2786 2889 2970 2943 adhuc
3013 2889 3098 2943 eis
3125 2887 3469 2958 parcendum
3501 2901 3624 2941 esse

2036 2990 2425 3045 asseverante,
2487 2994 2686 3051 magna
2730 2988 2850 3034 orta
2901 2986 2987 3033 est
3038 2975 3332 3031 dissensio.
3386 2972 3623 3040 Quidam

2036 3088 2167 3129 vero
2199 3074 2376 3129 dixit:
2417 3074 2474 3129 Si
2518 3074 2671 3128 nulla
2706 3072 2814 3127 alia
2861 3071 2930 3126 de
2976 3085 3166 3136 causa,
3216 3077 3446 3139 propter
3471 3065 3623 3136 ipsos

2036 3164 2317 3219 Romanos
2351 3163 2545 3219 saltem
2585 3161 2670 3218 eis
2698 3160 2849 3232 parci
2894 3175 3123 3215 necesse
3154 3173 3299 3224 esse,
3331 3166 3395 3212 ut
3427 3156 3624 3210 adver-
3723 3188 3736 3199 .

357 3246 551 3318 ρουσιᾳ
604 3247 888 3301 ἐπέστειλε
937 3248 1103 3303 τάδε*
1139 3245 1473 3317 Καρχηδὼν
1495 3245 1675 3302 ἑάλω*
1739 3246 1797 3299 τί
1817 3244 1932 3301 οὖν

2037 3256 2216 3311 sarios
2246 3254 2541 3319 trahentes,
2587 3254 2854 3310 virtutem
2901 3261 3249 3312 exercerent.
3317 3262 3500 3317 neque
3550 3245 3619 3301 ad

354 3339 669 3402 κελεύετες
737 3339 1230 3409 ’Δναγνωσθέντων
1304 3335 1399 3394 οὖν
1466 3337 1675 3393 τούτων
1735 3337 1933 3409 βουλὴν

353 3429 539 3484 εθεντο
566 3431 817 3501 περὶτοῦ
848 3432 900 3486 τί
928 3432 1046 3485 δέον
1087 3432 1283 3487 ποιεῖν.
1338 3431 1449 3485 Καὶ
1505 3432 1533 3483 ὀ
1591 3432 1689 3501 μὲν
1730 3432 1935 3487 Κάτων

354 3521 706 3592 κατασκάψαι
728 3523 827 3594 τὴν
854 3523 1009 3578 πόλιν
1030 3525 1121 3578 καὶ
1144 3526 1270 3589 τοὺς
1294 3522 1701 3594 Καρχηδονίους
1723 3522 1930 3593 ἐξαφα-

352 3616 500 3668 νίσαι
529 3615 640 3669 δεῖν
668 3616 1090 3687 ἐγνωμάτευσεν
1109 3633 1124 3649 ·
1180 3619 1208 3670 ό
1248 3616 1306 3670 δὲ
1359 3617 1610 3680 Νασικᾶς
1637 3615 1931 3685 φείσασθαι

352 3704 461 3757 τῶν
492 3705 887 3776 Καρχηδονίων
939 3710 1035 3760 καὶ
1080 3705 1163 3760 ἐτι
1220 3706 1601 3771 συνεϐούλευε,
1636 3705 1931 3759 κάντεῦθεν

352 3798 436 3862 είς
459 3798 775 3867 ἀντιλογίαν
801 3799 1003 3871 πολλὴν
1024 3800 1275 3873 προήχθη
1304 3801 1402 3855 καὶ
1431 3800 1844 3871 ἀμφισϐήτησιν
1873 3800 1934 3853 τὸ

355 3888 653 3960 συνέδριον.
675 3889 821 3952 Ἕως
849 3889 952 3957 ἔφη
983 3907 1092 3959 τις,
1114 3891 1224 3956 ὅτι,
1253 3891 1303 3943 εἱ
1334 3891 1425 3943 καὶ
1457 3891 1527 3944 δι’
1547 3890 1702 3944 οὐδὲν
1722 3890 1931 3960 ἕτερον,

355 3978 507 4047 ἀλλά⁴
520 3997 584 4050 γε
607 3980 815 4035 ἑαυτῶν
844 3981 1010 4036 ἕνεκα
1040 3982 1339 4050 φείσασθαι
1392 3982 1572 4035 αὐτῶν
1628 3984 1931 4050 ἀναγκαῖον

352 4075 630 4147 νομίζοιτο
686 4077 776 4142 ἂν,
840 4076 909 4131 ἵν’
968 4076 1383 4147 ἀνταγωνιστὰς
1441 4076 1642 4141 αὐτοὺς
1691 4077 1931 4148 ἔχοντες,

355 4166 555 4239 ἀρετὴν
604 4167 840 4234 ἀσκῶσι,
892 4169 992 4221 καὶ
1043 4168 1119 4239 μὴ
1173 4169 1310 4239 πρὸς
1340 4166 1532 4234 ἡδονάς
1594 4167 1691 4221 καὶ
1715 4168 1930 4237 τρυφὴν

352 4257 691 4329 τράπωνται,
715 4256 827 4311 τῶν
863 4256 1180 4327 δυναμένων
1232 4257 1434 4319 αὐτοὺς
1486 4257 1930 4324 καταναγκάζειν

352 4349 432 4410 εἰς
482 4348 716 4425 ἄσκησιν
760 4347 872 4401 τῶν
917 4336 1233 4420 πολεμικῶν
1293 4346 1782 4419 περιαιρεθέντων,
1836 4348 1932 4402 καὶ

353 4440 571 4512 χείρους
593 4441 686 4495 ὑπ’
717 4440 1060 4511 ἁνασκησίας
1112 4441 1405 4509 γένωνται,
1436 4441 1757 4512 ἀξιοχρέους
1780 4441 1932 4493 ἅντι-

354 4532 633 4604 πολέμους
665 4533 743 4605 μὴ
791 4532 1030 4604 ἔχοντες.
1076 4532 1174 4587 Ἐκ
1204 4532 1409 4586 τούτων
1455 4529 1550 4586 οὖν
1602 4532 1713 4586 τῶν
1756 4532 1931 4601 λόγων

2035 3347 2230 3402 luxum
2282 3356 2339 3403 et
2385 3346 2616 3402 delicias
2662 3355 3143 3413 converterentur,
3190 3340 3423 3398 sublatis
3478 3339 3547 3393 iis
3588 3351 3623 3392 a

2038 3441 2242 3512 quibus
2270 3439 2337 3494 ad
2394 3440 2472 3495 rei
2506 3439 2717 3495 bellicae
2759 3437 3212 3494 exercitationem
3244 3439 3573 3504 cogerentur
3598 3443 3623 3487 :

2039 3547 2179 3587 neve
2228 3547 2330 3601 per
2360 3531 2631 3602 ignaviam
2682 3530 2988 3586 deteriores
3020 3529 3236 3591 ﬁerent.
3273 3524 3499 3596 paribus
3523 3520 3626 3575 ad-

2039 3622 2303 3678 versariis
2347 3630 2624 3677 carentes.
2680 3620 2926 3675 Tandem
2981 3628 3165 3673 tamen
3222 3630 3328 3671 una
3370 3612 3619 3669 omnium

2038 3712 2312 3768 sententia
2348 3712 2470 3774 fuit,
2507 3710 2896 3783 Carthaginem
2927 3706 3281 3765 evertendam
3308 3720 3452 3769 esse,
3488 3716 3615 3757 eum

2038 3804 2267 3860 credere
2293 3820 2403 3858 non
2437 3812 2688 3873 possent,
2717 3785 2840 3857 ea'm
2883 3802 3077 3856 urbem
3113 3811 3356 3869 unquam
3401 3793 3618 3849 sincere

2036 3912 2227 3968 pacem
2259 3906 2620 3951 servaturam.
2667 3894 2862 3965 itaque
2914 3893 3163 3947 funditus
3194 3903 3390 3944 eversa
3420 3896 3526 3947 est,
3560 3892 3620 3939 et

2036 3988 2157 4058 ejus
2190 3986 2370 4041 solum
2419 3985 2557 4039 diris
2605 3982 3100 4053 imprecationibus
3150 3978 3509 4041 obstrictum,
3547 3990 3617 4030 ne

2037 4077 2165 4149 quis
2200 4091 2441 4148 unquam
2479 4076 2533 4131 in
2565 4090 2632 4131 eo
2660 4075 2963 4131 habitaret.
2994 4074 3073 4128 Ex
3101 4071 3336 4142 captivis
3366 4070 3617 4140 plerique

2038 4170 2095 4225 in
2125 4183 2349 4224 carcere
2379 4169 2671 4238 perierunt
2697 4184 2711 4221 :
2753 4166 2940 4237 pauci,
2973 4164 3321 4236 principibus
3344 4161 3615 4229 exceptis,

2035 4260 2268 4316 venditi.
2301 4259 2438 4314 Nam
2468 4260 2527 4324 ii,
2558 4266 2614 4313 et
2634 4258 2880 4324 obsides,
2913 4265 2971 4313 et
3000 4255 3271 4312 Asdrubal
3297 4263 3354 4310 et
3381 4252 3616 4322 Bithias,

2034 4353 2127 4408 alii
2160 4352 2214 4406 in
2246 4352 2370 4406 aliis
2404 4351 2575 4406 Italia:
2608 4350 2861 4421 partibus
2894 4350 3064 4404 vitam
3125 4348 3178 4402 in
3207 4347 3401 4401 liberis
3429 4352 3620 4400 custo—

2033 4446 2142 4501 diis
2173 4452 2499 4515 exegerunt.
2549 4442 2735 4512 Scipio
2786 4442 2952 4514 470
2980 4439 3209 4511 gloriam
3257 4448 3315 4494 et
3348 4440 3615 4492 honorem

2035 4538 2289 4607 adeptus,
2322 4550 2525 4590 nomen
2555 4534 2798 4589 Africani
2838 4551 2946 4588 non
2999 4534 3110 4605 jam
3141 4535 3211 4587 ab
3242 4546 3347 4586 avo
3378 4528 3620 4585 haeredi-

356 4627 560 4691 πάντες
588 4627 949 4697 κατασκάψαι
1003 4627 1106 4698 τὴν
1140 4626 1468 4697 Καρχηδόνα
1524 4625 1933 4696 ὡμογνωμόνη-

2041 4627 2263 4691 tarium,
2297 4624 2394 4680 sed
2430 4640 2529 4695 per
2567 4639 2626 4680 se
2659 4631 2876 4694 partum
2908 4624 3122 4678 habuit.

356 4735 478 4786 σαν,
512 4721 727 4792 μήποτε
753 4719 1071 4790 εἰρηνήσειν
1102 4718 1352 4780 ἐκείνους
1382 4717 1777 4781 πιστεύσαντες
1802 4716 2054 4788 ἀκριϐῶς
2076 4735 2090 4748 ο
2124 4718 2222 4771 καὶ
2247 4718 2397 4770 πᾶσα
2432 4716 2602 4787 ἄρδην
2628 4716 2934 4780 ἀνάστατος
2957 4716 3173 4784 γέγονε,
3198 4716 3294 4769 καὶ
3326 4713 3617 4783 ἐπάρατον

363 4812 648 4885 ἐψηφίσθη
677 4811 739 4866 τὸ
771 4810 858 4865 ἐπ’
886 4812 1058 4879 αὐτὴν
1082 4811 1417 4881 κατοικῆσαί
1445 4828 1593 4865 τινα.
1625 4812 1739 4865 Καὶ
1764 4811 1876 4865 τῶν
1902 4811 2114 4884 ἀνδρῶν
2148 4812 2259 4866 τῶν
2291 4804 2535 4866 ἁλόντων
2569 4812 2620 4865 οἱ
2656 4811 2755 4881 μὲν
2788 4811 3008 4876 πλείους
3038 4813 3116 4875 είς
3142 4813 3201 4864 τὸ
3229 4810 3614 4879 δεσμωτήριον

356 4908 750 4981 ἐνεϐλήθησαν,
781 4908 944 4962 κάκεῖ
966 4906 1366 4977 διεφθάρησανο
1420 4906 1593 4973 ὀλίγοι
1651 4906 1709 4960 δέ
1755 4924 1925 4972 τινες,
1959 4909 2100 4979 πλὴν
2128 4908 2238 4962 τῶν
2262 4907 2404 4962 πάνυ
2439 4906 2678 4979 πρῶτων
2714 4907 3038 4978 ἐπράθησαν
3060 4923 3073 4937 ·
3122 4898 3270 4959 οὗτοι
3318 4904 3426 4975 γὰρ
3454 4902 3511 4955 οἵ
3554 4916 3616 4953 τε

354 5003 576 5073 ὅμηροι,
600 5000 692 5054 καὶ
722 4999 751 5052 ό
793 4996 1126 5067 Ἀσδρούϐας
1163 4998 1260 5050 καὶ
1289 5000 1317 5050 ό
1346 4996 1564 5060 Βιθίας,
1592 4996 1744 5051 ἄλλοι
1773 4998 1912 5072 ἄλλῃ
1936 4994 2036 5068 τῆς
2080 4999 2317 5063 Ἰταλίας
2352 5000 2408 5052 ἐν
2452 5001 2715 5070 φρουραῖς
2745 4999 3002 5068 ἀδέσμοις
3044 4997 3409 5049 κατεϐίωσαν.
3467 4993 3526 5046 '0
3557 4991 3616 5044 δὲ

358 5090 783 5160 Σκιπίωνδόξης
809 5107 871 5144 τε
901 5090 1062 5161 ἔτυχε
1090 5089 1184 5143 καὶ⁵
1209 5089 1399 5159 τιμῆς,
1430 5090 1526 5142 καὶ
1551 5088 1883 5160 Ἀφρικανὸς
1915 5091 2015 5145 οὐκ
2047 5090 2158 5144 άπὸ
2187 5091 2282 5145 τοῦ
2309 5090 2566 5158 πάππου,
2605 5090 2722 5143 ἀλλ’
2757 5090 2866 5144 ἀπὸ
2894 5089 3005 5143 τῶν
3036 5089 3252 5141 οἰκείων
3277 5083 3613 5152 ἐπεκέκλητο

354 5182 632 5253 πράξεων.
1123 5208 1128 5212 -

406 5275 552 5327 ΔΛΛ¹.
583 5271 717 5326 Τότε
769 5270 827 5324 δέ
872 5269 968 5324 καὶ
1002 5269 1036 5340 ἡ
1090 5268 1355 5339 Κόρινθος
1392 5269 1736 5341 κατεσκάφη.
1779 5267 1935 5325 Ἐπεὶ

354 5363 465 5431 γάρ
499 5360 607 5418 τῶν
644 5360 916 5430 Ἑλλήνων
932 5359 984 5412 οἱ
1004 5360 1428 5430 κορυφαιότατοι
1459 5359 1563 5412 ὑπὸ
1591 5359 1686 5412 τοῦ
1721 5359 1932 5412 Παύλου

355 5454 609 5525 Αἰμιλίου
663 5450 1084 5523 μετῳκίσθησαν
1122 5451 1203 5514 εἰς
1240 5450 1340 5519 τὴν
1379 5449 1627 5515 Ἰταλίαν,
1660 5450 1711 5502 οἱ
1752 5449 1933 5503 λοιποὶ

352 5547 416 5600 τὸ
466 5545 567 5617 μὲν
613 5544 830 5615 πρῶτον
878 5541 1197 5615 πρεσϐείαις
1251 5541 1377 5604 τοὺς
1404 5540 1605 5609 ἄνδρας
1634 5542 1880 5613 ἀπῄτουν
1913 5558 1929 5576 ι

354 5635 432 5699 ὼς
482 5635 527 5689 δ’
578 5634 682 5689 ούκ
735 5631 950 5702 ἔτυχον,
1001 5630 1097 5685 καί
1138 5648 1285 5694 τινες
1324 5633 1551 5685 ἐκείνων
1597 5633 1696 5700 τὴν
1746 5632 1929 5685 οἴκαδε

356 5726 689 5796 ἀπογνόντες
718 5723 976 5779 ἐπάνοδον
1001 5722 1227 5784 ἑαυτοὺς
1257 5722 1637 5794 διεχρήσαντο,
1678 5723 1931 5792 χαλεπῶς

354 5820 641 5885 διέκειντο,
675 5821 769 5875 καὶ
808 5818 1005 5881 πένθος
1036 5817 1299 5890 δημόσιον
1340 5818 1696 5889 ἐποιήσαντο,
1725 5820 1838 5882 τοῖς
1866 5836 1928 5873 τε

357 5913 429 5967 τὰ
472 5913 760 5987 Ῥωμαίων
806 5910 1065 5985 φρονοῦσι
1120 5912 1270 5981 παρὰ
1306 5911 1489 5982 σφίσιν
1517 5910 1836 5984 ὠργίζοντο,
1871 5911 1931 5966 ού

2110 5271 2305 5329 XXXI.
2347 5274 2487 5329 Tum
2526 5272 2828 5328 Corinthus
2868 5270 3032 5326 etiam
3081 5276 3166 5323 est
3217 5281 3431 5322 eversa.
3476 5265 3613 5319 Nam

2041 5377 2167 5416 cum
2218 5362 2422 5417 Paulus
2468 5361 2727 5416 Emilius
2756 5361 3071 5417 Graecorum
3103 5356 3384 5426 principes
3419 5357 3473 5409 in
3505 5356 3614 5410 lta-

2039 5455 2169 5510 liam
2200 5455 2614 5510 transtulisset:
2648 5453 2831 5509 caeleri
2859 5452 3096 5522 primum
3130 5465 3227 5505 eos
3249 5448 3617 5519 legationibus

2036 5547 2442 5617 repetiverunt.
2493 5547 2568 5600 Ea
2603 5562 2662 5601 re
2701 5561 2810 5601 non
2863 5545 3174 5615 impetrata,
3230 5558 3356 5599 cum
3387 5542 3612 5612 quidam

2036 5653 2231 5694 eorum
2282 5638 2504 5691 domum
2568 5637 2856 5692 reditionis
2907 5650 3003 5707 spe
3057 5636 3292 5697 sublata.
3336 5635 3443 5705 ipsi
3507 5634 3614 5691 sibi

2036 5747 2234 5786 manus
2280 5729 2615 5792 attulissent,
2665 5730 2904 5799 graviter
2953 5727 3138 5782 amicti
3184 5727 3461 5797 publicum
3497 5724 3617 5780 luc-

2039 5835 2159 5880 tum
2190 5823 2575 5889 instituerunt,
2625 5823 2996 5877 Romanorum
3048 5821 3193 5891 apud
3250 5836 3307 5875 se
3347 5818 3617 5875 studiosis

2044 5917 2192 5984 irati,
2238 5915 2376 5973 nihil
2422 5924 2603 5972 tamen
2637 5915 2836 5971 hostile
2865 5931 2973 5987 pne
3006 5929 3065 5973 se
3110 5914 3394 5972 tulerunt:
3439 5915 3614 5969 donec
