4024 6414
350 440 456 502 79⁸)

1653 430 1902 494 JOANN
1914 429 1984 489 [S
2014 428 2342 492 ΖΟΝΛΒΕ

3520 440 3639 505 8οῦ

352 555 586 625 reliquis
635 570 701 610 ex
759 555 828 609 iis
868 552 1004 609 viris
1056 552 1314 624 receptis,
1368 551 1406 606 ii
1465 551 1672 622 quibus
1728 549 1941 622 injuria:

2054 548 2240 618 μέντοι
2271 551 2365 604 καὶ
2413 549 2675 622 πολέμιόν
2708 567 2760 604 τι
2799 551 3167 618 ἐπεδείξαντο,
3205 553 3398 623 μέχρις
3424 552 3483 609 οὗ
3512 558 3647 619 τοὺς

349 648 510 702 facta:
544 657 725 708 erant,
761 656 816 699 et
841 645 938 715 qui
966 645 1146 702 aliena
1184 644 1470 706 tenebant.
1509 644 1714 699 bcllmn
1746 659 1936 700 susce-

353 749 598 808 perunt:
641 737 858 792 Achaeis
903 736 1268 792 dissensionis
1297 737 1644 803 auctoribus,
1679 736 1938 792 Lacedae~

353 828 572 881 monios
611 827 715 880 sibi
771 841 995 881 causam
1041 827 1310 882 malorum
1363 828 1642 884 exstitisse
1697 844 1942 899 conque-

355 917 636 980 rentibus,
668 918 934 972 Romanis
957 934 1052 971 eos
1084 921 1386 976 conciliare
1418 921 1802 977 adnitentibus
1831 939 1942 978 non

357 1021 684 1081 paruerunt,
731 1014 826 1068 sed
866 1015 1111 1070 Critolao
1161 1017 1301 1072 duce
1337 1027 1544 1083 creato,
1594 1035 1744 1074 arma
1779 1036 1943 1089 cepe-

355 1112 505 1157 runt.
540 1103 729 1173 Itaque
759 1106 974 1160 veritus
1003 1107 1274 1173 Metellus,
1308 1124 1376 1164 ne
1400 1109 1775 1166 Macedoniam
1805 1128 1946 1181 quo-

355 1210 465 1263 que
523 1196 850 1252 invaderent
908 1198 1035 1268 (jam
1085 1200 1232 1256 enim
1266 1201 1605 1258 Thessaliam
1653 1203 1944 1274 intrarant)

355 1286 512 1354 prior
564 1287 782 1342 obviam
826 1291 1129 1358 profecms,
1183 1308 1280 1349 eos
1333 1294 1664 1366 proﬂigavit.
1698 1294 1947 1350 Critolao

357 1393 523 1442 caeso,
561 1380 733 1436 Crazci
765 1382 818 1436 in
855 1383 992 1438 duas
1025 1395 1212 1454 partes
1240 1396 1369 1441 sunt
1394 1387 1668 1454 distracti,
1698 1405 1822 1443 cum
1850 1391 1946 1446 alii

357 1472 554 1540 positis
600 1473 773 1529 armis
823 1492 1015 1544 pacem
1065 1487 1414 1548 expeterent,
1465 1482 1555 1536 alii
1611 1483 1942 1537 seditionem

358 1575 646 1633 urgerent.
697 1566 843 1624 Diaeo
888 1586 1101 1625 summa
1133 1589 1318 1628 rerum
1362 1576 1650 1644 permissa.
1687 1576 1808 1644 Quo
1833 1577 1948 1632 Ro-

358 1658 507 1720 mani
543 1660 786 1732 cognito,
823 1661 1147 1720 Mummium
1178 1666 1397 1722 Metello
1427 1684 1807 1724 successorem
1837 1668 1945 1722 mi-

356 1760 592 1807 serunt:
653 1756 750 1824 qui
799 1771 925 1811 cum
981 1756 1114 1814 belli
1164 1759 1644 1817 administratione
1688 1773 1947 1834 suscepta

355 1843 571 1916 plagam
608 1861 675 1902 ex
730 1848 948 1905 insidiis
985 1865 1112 1906 cum
1161 1861 1320 1922 parte
1367 1853 1647 1910 exercitus
1699 1855 1947 1927 accepis-

357 1941 462 1998 set,
499 1934 648 1991 Diazo
671 1937 948 2008 fugientes
979 1956 1154 2011 usque
1205 1943 1272 1998 ad
1308 1955 1486 2001 castra
1519 1957 1832 2016 persecuto,
1869 1951 1950 2004 vi-

357 2025 548 2081 cissim
596 2043 877 2100 egressus,
935 2048 1004 2087 eo
1029 2035 1318 2105 proﬂigato
1351 2038 1418 2092 ad
1466 2039 1799 2096 Aelurorum
1832 2044 1952 2098 val-

358 2114 473 2170 lum
503 2121 676 2176 venit.
719 2122 899 2179 Diaeus
949 2141 1084 2180 vero
1115 2129 1419 2199 majoribus
1466 2132 1641 2202 copiis
1677 2136 1947 2204 collectis,

359 2223 605 2281 pugnare
646 2224 891 2283 paratus,
925 2217 1207 2275 Romanos
1236 2221 1289 2276 in
1341 2225 1537 2280 castris
1571 2242 1629 2282 se
1657 2228 1951 2285 continen-

361 2308 444 2356 tes
471 2306 829 2375 contempsit,
869 2308 924 2362 in
973 2311 1280 2366 convallem
1314 2313 1459 2369 inter
1495 2327 1677 2371 castra
1709 2319 1948 2373 mediam

359 2409 708 2465 progressus.
767 2399 846 2454 Eo
876 2401 994 2456 viso
1025 2402 1316 2461 Memmius
1347 2406 1558 2478 aliquot
1586 2411 1806 2480 equites
1843 2413 1949 2467 mi-

359 2488 455 2554 sit,
487 2491 580 2559 qui
617 2491 806 2548 hostes
835 2510 901 2549 οι
933 2495 1161 2566 obliquo
1194 2500 1649 2569 aggrederentur,
1686 2519 1716 2558 a
1745 2505 1950 2574 quibus

361 2594 487 2636 cum
539 2584 749 2639 turbati
796 2598 1003 2652 essent,
1066 2591 1340 2662 phalange
1395 2609 1426 2649 a
1480 2594 1662 2651 fronte
1711 2597 1950 2654 adducta

358 2672 562 2728 multos
593 2676 816 2733 occidit.
871 2678 1024 2736 Unde
1073 2681 1254 2739 Dimus
1285 2683 1595 2756 desperatis
1645 2689 1812 2744 rebus
1841 2689 1950 2746 sibi

359 2779 558 2822 manus
583 2769 794 2835 attulit,
827 2785 894 2826 ex
927 2772 994 2828 iis
1020 2790 1156 2830 vero
1203 2777 1304 2846 qui
1333 2792 1365 2832 e
1419 2794 1601 2851 pugna
1632 2791 1948 2848 evaserant,

357 2856 632 2924 Corinthii
662 2864 868 2933 passim
906 2865 962 2920 in
989 2867 1138 2938 agris
1166 2879 1298 2924 sunt
1322 2870 1582 2941 dispersi,
1613 2875 1799 2931 czeteri
1851 2875 1952 2930 do-

357 2966 509 3007 mum
556 2954 903 3026 refugerunt.
966 2959 1207 3016 Proinde
1261 2961 1538 3019 Corinthii
1597 2966 1690 3036 qui
1746 2969 1950 3024 mcenia

360 3041 681 3109 tuebantur,
729 3062 928 3102 omnes
971 3050 1207 3118 periisse
1259 3053 1386 3116 rati,
1439 3055 1634 3110 urbem
1685 3055 1950 3114 deserue-

359 3146 511 3199 runt,
545 3153 650 3206 qua
684 3139 984 3197 Mummius
1028 3143 1162 3200 viris
1192 3161 1367 3202 vacua
1403 3157 1586 3218 capta,
1632 3158 1689 3205 et
1739 3150 1864 3206 illos
1894 3164 1951 3207 et

2045 641 2362 711 περιλιπεῖς
2411 643 2522 695 τῶν
2573 643 2785 714 ἀνδρῶν
2837 646 3062 699 ἐκείνων
3116 648 3465 717 ἐκομίσαντο.
3499 652 3641 703 Τότε

2043 735 2099 786 δέ
2134 735 2503 806 διενεχθέντες
2533 738 2784 810 ἀλλήλοις
2832 740 2886 792 οἵ
2921 741 2966 792 τ’
3013 740 3335 810 ἠδικημένοι
3370 745 3464 795 καὶ
3496 746 3543 796 οἱ
3571 750 3640 797 τὰ

2046 827 2302 898 ἀλλότρια
2335 829 2550 899 ἔχοντες
2582 831 2951 900 ἐπολέμησαν.
2997 833 3272 902 ’Ἤρξαντο
3300 835 3358 887 δὲ
3395 837 3489 904 τῆς
3516 837 3639 890 δια-

2050 924 2223 992 φορᾶς
2247 924 2295 975 οί
2345 924 2576 994 Ἀχαιοὶ,
2610 927 2726 988 τοῖς
2772 925 3226 994 Λακεδαιμονίοις
3275 929 3644 994 ἐγκαλοῦντες

2047 1014 2120 1078 ὼς
2153 1015 2349 1080 αἰτίοις
2378 1017 2486 1068 τῶν
2515 1017 2940 1088 συμϐεϐηκότων
2965 1019 3147 1082 αὐτοῖς
3173 1037 3187 1050 ο
3229 1022 3321 1072 καλ
3347 1021 3457 1072 τῶν
3500 1024 3642 1074 Ῥω-

2053 1109 2231 1177 μαίων
2263 1092 2591 1173 διαλλακτὰς
2626 1109 2808 1172 αὐτοῖς
2855 1111 3207 1176 στειλάντων,
3241 1112 3341 1164 οὐκ
3374 1113 3644 1182 ἐπείσθη-

2053 1217 2174 1263 σαν,
2208 1200 2345 1253 ἀλλά
2375 1201 2514 1268 πρὸς
2563 1201 2800 1272 πόλεμον
2839 1201 3109 1273 ὥρμησαν
3169 1206 3472 1273 Κριτόλαίν
3503 1223 3648 1274 προ-

2051 1290 2410 1360 στησάμενοι.
2445 1291 2641 1355 Δείσας
2696 1292 2792 1346 οὖν
2847 1295 2873 1346 6
2931 1294 3202 1358 Μέτελλος
3265 1295 3339 1364 μὴ
3393 1296 3490 1348 καὶ
3541 1297 3647 1368 τῆς

2051 1383 2394 1445 ὶίακεδονίας
2440 1384 2686 1454 ἅψωνται
2725 1386 2846 1458 (ἤδη
2894 1387 3002 1456 γὰρ
3050 1389 3132 1452 εἰς
3198 1388 3297 1459 τὴν
3333 1388 3649 1443 Θεσσαλίαν

2052 1475 2380 1545 παρῆλθον),
2411 1479 2836 1548 προαπήντησεν
2866 1481 3050 1543 αὐτοῖς
3081 1481 3175 1533 καὶ
3207 1480 3494 1551 ἐτρέψατο.
3529 1483 3646 1535 Καὶ

2051 1568 2144 1621 τοῦ
2172 1570 2476 1640 Κριτολάου
2504 1571 2765 1635 πεσόντος
2794 1573 2916 1644 διχῆ
2945 1574 3171 1646 διῄρητο
3194 1576 3256 1628 τδ
3301 1576 3645 1644 Ἑλληνικόν.

2053 1665 2116 1716 Ol
2149 1663 2249 1732 μὲν
2288 1663 2397 1736 γὰρ
2455 1665 2592 1736 πρὸς
2637 1668 2867 1736 εἰρήνην
2921 1667 3224 1721 ἀπέκλιναν
3255 1671 3350 1720 καὶ
3396 1668 3468 1721 τὰ
3499 1667 3645 1722 ὅπλα

2052 1753 2346 1808 κατέθεντο
2373 1771 2387 1786 ο
2443 1757 2493 1809 ot
2546 1755 2602 1810 δὲ
2645 1757 2741 1809 καὶ
2785 1757 2867 1809 ἐτι
2911 1756 3237 1822 ἐστασίαζον
3275 1757 3350 1829 τῷ
3378 1758 3546 1829 Διαίῳ
3576 1759 3647 1812 τὰ

2057 1848 2368 1919 πράγματα
2453 1848 2878 1920 ἐπιτρέψαντες.
2927 1852 2992 1904 Ἃ
3047 1851 3314 1922 μαθόντες
3357 1853 3407 1904 oi
3465 1852 3524 1904 ἐν
3576 1853 3644 1922 τῇ

2065 1935 2278 2012 Ῥώμῃ,
2315 1941 2404 1994 ἐπ’
2458 1942 2656 2007 αὐτοὺς
2689 1942 2780 1994 τὸν
2822 1944 3081 2012 Μόμμιον
3128 1943 3408 2012 ἔπεμψαν,
3462 1943 3520 2006 ὃς
3552 1945 3649 1997 τὸν

2057 2035 2157 2105 μὲν
2213 2035 2485 2088 Μέτελλον
2534 2037 2870 2106 ἀπήλλαξεν,
2939 2036 3101 2099 αὐτὸς
3155 2035 3212 2088 δέ
3261 2036 3356 2088 τοῦ
3404 2036 3647 2105 πολέμου

2053 2132 2253 2201 εἴχετο.
2296 2132 2391 2186 καί
2427 2149 2551 2187 τινα
2582 2132 2802 2202 πληγὴν
2838 2133 2995 2203 μέρει
3028 2134 3125 2201 τῆς
3168 2135 3431 2203 στρατιᾶς
3463 2132 3650 2186 λαϐὼν

2053 2223 2112 2286 ἐξ
2167 2223 2415 2292 ἐνέδρας,
2457 2222 2552 2276 τοῦ
2601 2223 2793 2276 Διαίου
2854 2221 3293 2288 καταδιώξαντος
3337 2223 3500 2293 μέχρι
3548 2222 3647 2275 τοῦ

2055 2314 2208 2383 σφῶν
2248 2315 2621 2387 στρατοπέδου
2685 2315 2812 2378 τοὺς
2865 2315 3196 2383 φεύγοντας,
3247 2311 3646 2380 ἀντεπεξῆλθε,

2052 2409 2150 2460 καὶ
2209 2407 2557 2478 τρεψάμενος
2613 2408 2776 2460 αὑτὸν
2815 2407 2954 2476 προς
2990 2408 3050 2460 τὸ
3079 2407 3190 2460 τῶν
3235 2405 3469 2475 Ἀχαιῶν
3511 2401 3650 2475 ἦλθε

2053 2498 2390 2568 χαράκωμα.
2431 2498 2720 2570 Ἀθροίσας
2748 2497 2806 2551 δὲ
2845 2498 3080 2569 δύναμιν
3109 2501 3138 2552 6
3190 2497 3374 2561 Δίαιος
3421 2496 3651 2550 πλείονα

2053 2588 2356 2658 συμϐαλεῖν
2386 2589 2574 2651 αὐτοῖς
2603 2588 2988 2658 ἐπεχείρησεν.
3037 2588 3126 2652 Ὠς
3149 2589 3194 2641 δ’
3234 2587 3336 2642 οὐκ
3366 2587 3646 2657 ἀντεξὼρο

2053 2701 2237 2756 μησαν
2266 2686 2314 2738 οἱ
2353 2684 2644 2753 Ῥωμαῖοι,
2675 2683 3086 2753 κατεφρόνησεν
3107 2683 3312 2746 αὐτῶν,
3346 2683 3441 2736 καὶ
3481 2684 3562 2744 είς
3585 2680 3650 2734 τὸ

2055 2776 2220 2846 μέσον
2250 2778 2362 2828 τῶν
2409 2775 2793 2846 στρατοπέδων
2828 2777 3009 2829 κοῖλον
3037 2774 3097 2828 ὃν
3153 2775 3451 2845 προῆλθεν.
3493 2773 3649 2826 ’ἰδὼν

2049 2863 2144 2922 οὖν
2172 2867 2319 2922 τοῦθ’
2357 2870 2384 2920 ὁ
2413 2869 2672 2938 Μόμμιος
2699 2868 2810 2921 τῶν
2840 2866 3054 2922 ἱππέων
3079 2869 3234 2928 τινάς
3261 2867 3438 2936 λάθρα
3469 2867 3648 2932 ἔπεμο

2049 2960 2173 3029 ψεν,
2211 2959 2278 3012 ἵν’
2340 2961 2405 3012 ἐκ
2441 2959 2675 3027 πλαγίου
2716 2959 2903 3022 αὐτοῖς
2935 2958 3328 3026 ἐπιγένωνται.
3364 2960 3475 3012 Καὶ
3521 2959 3650 3010 ἐπεὶ

2052 3055 2251 3108 ἐκεῖνοι
2293 3053 2699 3124 προσϐαλόντες
2730 3052 2934 3116 αὐτοὺς
2968 3052 3366 3122 συνετάραξαν,
3392 3052 3650 3121 ἐπήγαγε

2052 3150 2153 3219 τὴν
2186 3148 2448 3217 φάλαγγα
2479 3149 2622 3202 κατά
2677 3148 2996 3218 πρόσωπον,
3028 3147 3125 3201 καὶ
3155 3147 3383 3209 πολλοὺς
3421 3147 3649 3214 ἐφόνευ-

358 3236 587 3286 caeteros
613 3231 831 3288 Grzecos
858 3235 1000 3290 citra
1034 3236 1281 3297 laborem
1317 3239 1533 3296 domuit
1561 3260 1574 3297 :
1616 3257 1681 3297 ac
1726 3251 1842 3297 tum
1867 3244 1941 3299 eis

2059 3258 2171 3294 σεν.
2227 3241 2323 3293 Ἐκ
2371 3239 2426 3292 δὲ
2484 3239 2676 3294 τούτου
2728 3241 2912 3301 Δίαιος
2963 3239 3062 3309 μὲν
3125 3239 3402 3307 ἀπογνοὺς
3446 3239 3650 3292 ἑαυτὴν

355 3333 528 3386 arma,
584 3321 810 3384 donaria
867 3329 1223 3398 templorum,
1279 3341 1511 3400 statuas,
1568 3335 1836 3406 picturas,
1891 3346 1947 3392 et

355 3414 462 3468 alia
494 3428 821 3474 ornamenta
853 3422 1082 3477 ademit.
1118 3423 1281 3479 Patre
1307 3434 1492 3481 autem
1524 3427 1645 3495 ejus
1666 3444 1791 3485 cum
1823 3429 1946 3485 aliis

353 3505 422 3561 ad
463 3522 552 3561 res
584 3518 711 3577 post
751 3510 910 3582 47],
949 3513 1240 3570 victoriam
1283 3520 1694 3584 componendas
1750 3521 1941 3586 misso,

353 3601 722 3669 quorumdam
771 3607 972 3660 mmnia
1027 3608 1264 3664 evertit:
1301 3623 1604 3681 omnesque
1654 3611 1862 3668 liberos
1887 3623 1943 3668 et

353 3694 440 3749 sui
477 3695 622 3764 juris
667 3711 792 3752 esse
839 3713 1035 3768 passus
1063 3710 1168 3767 est,
1201 3713 1402 3772 praeter
1429 3703 1769 3772 Corinthios,
1800 3723 1942 3779 quos

352 3787 457 3843 sub
486 3803 693 3844 corona
725 3791 996 3855 vendidit,
1027 3809 1160 3864 agro
1194 3810 1390 3850 eorum
1425 3797 1730 3866 publicato,
1762 3801 1940 3856 muris

350 3880 676 3951 ueterisque
724 3884 985 3940 omnibus
1024 3885 1276 3943 :editiciis
1330 3889 1652 3946 subversis:
1703 3893 1934 3960 veritus,

347 3989 419 4030 ne
451 3989 572 4030 eam
603 3976 695 4031 alii
729 3977 800 4032 ob
831 3988 1036 4034 tantam
1087 3982 1511 4052 amplitudinem
1573 3995 1932 4056 occuparent.

347 4066 430 4121 Ne
457 4068 583 4138 quis
630 4084 762 4125 vero
810 4070 1224 4129 Corinthiorum
1272 4076 1492 4140 lateret,
1546 4086 1644 4132 aut
1696 4079 1934 4134 aliorum

347 4158 664 4216 Graecorum
697 4177 799 4232 pro
834 4162 1126 4220 Cerinthio
1156 4167 1410 4223 veniret:
1462 4184 1658 4225 omnes
1684 4171 1778 4240 qui
1806 4170 1937 4227 ade-

349 4262 498 4318 rant,
549 4254 871 4326 priusquam
918 4259 1052 4328 quid
1098 4261 1372 4330 agendum
1417 4272 1564 4318 esset
1597 4263 1931 4331 declararet,

347 4346 673 4402 convocavit
699 4363 714 4403 :
744 4347 923 4420 iisque
944 4350 1361 4408 dissimulanter
1391 4353 1661 4410 militibus
1689 4354 1930 4410 cireum-

347 4432 536 4498 clusis,
573 4445 687 4490 tum
713 4435 948 4492 aliorum
979 4439 1312 4504 libertatem,
1354 4449 1467 4496 tttm
1508 4443 1931 4501 Corinthiorum

345 4525 667 4581 servitutem
697 4531 1096 4597 pronuntiavit.
1126 4531 1334 4588 Deinde
1364 4549 1641 4603 quemque
1667 4535 1771 4591 sibi
1801 4553 1930 4607 pro-

343 4616 553 4673 ximum
581 4622 999 4690 apprehendere
1029 4624 1216 4693 jussit,
1255 4635 1312 4678 ut
1351 4626 1512 4692 plane
1544 4627 1933 4685 discerneren-

347 4714 460 4762 tur.
493 4704 760 4762 Corintho
810 4711 892 4764 sic
941 4725 1155 4777 eversa,
1191 4712 1402 4767 Graecia
1452 4715 1615 4770 initio
1655 4719 1842 4774 statim
1873 4731 1931 4776 et

344 4797 594 4851 caedibus
641 4807 699 4852 et
749 4801 1113 4878 pecuniarum
1170 4803 1556 4860 exactionibus
1603 4816 1688 4863 cst
1712 4821 1928 4868 vexata.

343 4887 556 4942 Deinde
595 4897 798 4944 tantam
836 4891 1146 4948 libertatem
1173 4903 1230 4948 et
1261 4895 1587 4953 felicitatem
1623 4900 1846 4972 adepta,
1872 4914 1934 4959 ut

345 4980 617 5048 dicerent,
651 4983 707 5037 ni
733 4993 946 5040 mature
973 4987 1117 5055 capti
1147 4997 1352 5053 essent,
1387 5006 1446 5046 se
1479 4993 1788 5051 incolumes
1809 5012 1931 5054 esse

343 5089 458 5128 non
490 5075 757 5144 potuisse.
791 5077 867 5132 Ac
896 5076 1246 5149 Carthaginis
1272 5091 1329 5136 et
1379 5081 1633 5139 Corinthi
1670 5089 1933 5144 vetustis-

343 5167 606 5222 simarum
643 5169 864 5224 urbium
900 5179 1013 5225 tum
1042 5173 1203 5228 simul
1257 5173 1345 5230 hic
1377 5177 1480 5230 fuit
1509 5177 1732 5234 exitus:
1768 5181 1932 5253 longo

343 5270 530 5316 autem
559 5270 807 5334 tempore
837 5275 982 5333 post,
1018 5265 1232 5321 colonis
1277 5267 1652 5324 Romanorum
1701 5288 1768 5328 eo
1800 5274 1935 5330 mis-

343 5354 441 5419 sis,
510 5354 930 5414 reﬂorescentes
995 5358 1062 5414 ad
1123 5360 1420 5430 pristinum
1477 5370 1681 5418 statum
1738 5366 1934 5423 redie-

345 5457 494 5504 runt.

2053 3333 2368 3386 ἀπέκτεινε.
2404 3331 2525 3384 Ἰῶν
2574 3331 2620 3385 δ’
2655 3333 2720 3385 ἐκ
2763 3332 2864 3403 τῆς
2918 3332 3103 3402 μάχης
3139 3332 3561 3402 περισωθέντων
3593 3331 3648 3384 οἱ

2055 3426 2156 3496 μὲν
2191 3425 2476 3496 Κορίνθιοι
2533 3424 2676 3478 κατὰ
2730 3425 2830 3493 τὴν
2885 3424 3070 3495 χώραν
3123 3425 3560 3492 ἐσκεδάσθησαν,
3592 3425 3646 3478 οἱ

2049 3519 2093 3571 δ’
2147 3518 2298 3574 ἄλλοι
2356 3518 2545 3572 οἴκαδε
2594 3518 2819 3586 ἔφυγον.
2854 3518 3022 3571 Ὅθεν
3062 3520 3156 3571 καὶ
3188 3521 3236 3571 οἱ
3269 3520 3328 3570 ἐν
3368 3517 3446 3588 τῷ
3469 3519 3647 3587 τείχει

2050 3611 2332 3684 Κορίνθιοι
2386 3612 2596 3676 πάντας
2629 3612 2976 3666 ἀπολωλέναι
3016 3613 3340 3681 νομίσαντες
3391 3611 3646 3675 ἐξέλιπον

2048 3705 2148 3776 τὴν
2204 3704 2388 3768 πόλιν,
2443 3705 2538 3758 καὶ¹
2607 3706 2772 3774 κενὴν
2826 3703 2998 3774 αὐτὴν
3050 3704 3262 3774 ἀνδρῶν
3308 3706 3336 3756 6
3381 3705 3646 3774 Μόμμιος

2049 3796 2234 3851 ἔλαϐε.
2271 3797 2377 3849 Καὶ
2411 3794 2551 3866 μετά
2578 3795 2754 3850 ταῦτα
2795 3797 3088 3860 κάκείνους
3137 3797 3234 3849 καὶ
3275 3797 3403 3859 τοὺς
3437 3796 3640 3860 ἄλλους

2051 3889 2322 3956 Ἕλληνας
2352 3889 2571 3952 ἀπόνως
2606 3891 3072 3960 προσεποιήσατο.
3118 3889 3234 3943 Καὶ
3283 3891 3406 3943 τότε
3438 3890 3539 3958 μὲν
3571 3891 3641 3944 τὰ

2044 3984 2185 4037 ὅπλα
2219 3984 2400 4037 αὐτῶν
2431 3983 2526 4036 καὶ
2559 3983 2662 4037 ὃσα
2689 3983 2824 4052 πρὸς
2852 3985 2966 4046 τοῖς
2995 3983 3163 4052 ἱεροῖς
3203 3984 3508 4049 ἀνέκειντο,
3543 3983 3641 4036 καὶ⁹

2042 4077 2169 4142 τοὺς
2196 4077 2546 4147 ἀνδριάντας,
2579 4077 2679 4140 τάς
2705 4093 2766 4128 τε
2799 4077 3022 4145 γραφὰς
3052 4077 3146 4129 καὶ
3175 4076 3229 4128 εἴ
3254 4095 3306 4130 τι
3346 4077 3478 4131 ἄλλο
3500 4075 3640 4144 πρὸς

2041 4170 2250 4240 κόσμον
2282 4165 2453 4240 εἶχον,
2507 4168 2823 4238 παρείλετο.
2855 4167 3228 4238 Ιῖεμφθέντων
3255 4168 3316 4220 δέ
3363 4167 3414 4222 οἱ
3445 4167 3540 4220 τοῦ
3577 4185 3642 4222 τε

2043 4261 2253 4333 πατρὸς
2291 4262 2405 4330 (57)
2427 4262 2521 4314 καὶ
2551 4261 2730 4316 ἄλλων
2757 4260 2851 4312 ἐπὶ
2873 4259 3336 4312 καταστάσειτῶν
3368 4259 3635 4316 ἁλόντων,

2041 4351 2196 4420 τείχη
2221 4351 2279 4403 τέ
2305 4368 2468 4404 τινων
2505 4349 2749 4420 περιεῖλε
2772 4389 2789 4413 ,
2826 4349 2925 4410 καὶ,
2950 4349 3270 4428 ἐλευθέρους
3302 4348 3513 4413 πάντας
3542 4349 3641 4403 καὶ

2041 4443 2376 4511 αὐτονόμους
2429 4441 2569 4512 πλὴν
2628 4439 2739 4494 τῶν
2814 4440 3123 4512 Κορινθίων
3163 4441 3371 4511 ἀφῆκε.
3413 4442 3528 4513 Τῆς
3574 4441 3638 4497 δὲ

2042 4533 2312 4602 Κορίνθου
2343 4530 2470 4594 τούς
2500 4547 2560 4584 τε
2595 4533 2890 4601 οἰκήτορας
2919 4530 3151 4585 ἀπέδοτο
3192 4531 3290 4585 καὶ
3321 4531 3423 4604 τὴν
3445 4532 3636 4604 χώραν

2045 4626 2409 4696 ἐδημοσίωσε,
2437 4624 2507 4676 τά
2537 4640 2596 4675 τε
2630 4622 2783 4694 τείχη
2807 4624 2902 4677 καὶ
2927 4622 2997 4676 τὰ
3034 4623 3171 4677 ἄλλα
3218 4623 3637 4694 οἰκοδομήματα

2043 4716 2224 4768 πάντα
2255 4712 2592 4783 κατέσκαψε,
2615 4711 2875 4782 φοϐηθεὶς
2908 4713 2983 4783 μὴ
3009 4714 3107 4766 καὶ
3135 4708 3290 4776 αὖθίς
3315 4730 3460 4777 τινες
3495 4713 3636 4784 πρὸς

2039 4808 2210 4879 αὐτὴν
2241 4802 2330 4861 οἷα
2393 4808 2661 4877 μεγίστην
2714 4807 3008 4860 συστῶσιν.
3050 4807 3168 4859 Ἰνα
3208 4807 3265 4860 δὲ
3333 4807 3472 4877 μήτε
3539 4823 3632 4869 τις

2039 4903 2263 4956 ἐκείνων
2293 4900 2452 4971 λάθῃ,
2490 4900 2630 4971 μήτε
2655 4899 2766 4953 τῶν
2795 4899 3001 4953 λοιπῶν
3021 4917 3106 4963 τις
3137 4899 3413 4969 Ἑλλήνων
3440 4899 3626 4970 πραθῇ

2036 4993 2112 5058 ὡς
2147 4991 2451 5062 Κορίνθιος,
2479 4989 2832 5054 συνεκάλεσε,
2852 4990 2981 5060 πρὶν
3003 4990 3239 5061 ἐκφῆναι
3262 4990 3324 5042 τὸ
3352 4991 3628 5060 ποιητέον,

2040 5086 2249 5148 πάντας
2293 5085 2419 5147 τοὺς
2475 5083 2777 5152 παρόντας,
2831 5084 2928 5137 κα)⁸
2985 5082 3185 5146 αὐτοὺς
3227 5082 3452 5153 ἀφανῶς
3508 5099 3630 5148 πως

2037 5181 2151 5242 τοῖς
2197 5175 2560 5246 στρατιώταις
2593 5175 3088 5244 ἐγκυκλωσάμενος
3142 5176 3379 5247 ἐκήρυξε
3416 5175 3519 5246 τήν
3563 5191 3628 5228 τε

2038 5271 2148 5328 τῶν
2185 5271 2362 5325 ἄλλων
2388 5269 2704 5341 ἐλευθερίαν
2741 5271 2837 5322 καλ⁴
2879 5269 2980 5338 τὴν
3017 5268 3126 5322 τῶν
3157 5269 3465 5339 Κορινθίων
3503 5267 3630 5322 δού-

2039 5369 2228 5422 λωσιν.
2273 5364 2506 5418 Ἔπειτα
2543 5361 2848 5434 προσέταξε
2884 5363 3022 5416 πᾶσι
3051 5362 3161 5415 τῶν
3193 5362 3629 5435 παρεστηκότων

2042 5460 2196 5530 σφίσι
2227 5456 2516 5520 λαϐέσθαι,
2548 5454 2644 5508 καὶ
2666 5455 2809 5507 οὕτω
2842 5455 2987 5523 σαφῆ
3015 5454 3116 5523 τὴν
3141 5454 3418 5526 διάκρισιν
3439 5453 3626 5508 αὐτῶν

347 5543 664 5614 ἐποιήσατο.
729 5547 842 5601 Καὶ
891 5548 923 5616 ἡ
980 5547 1080 5616 μὲν
1125 5546 1389 5616 Κόρινθος
1427 5548 1602 5616 οὕτως
1629 5551 1936 5619 ἀνάστατος
1974 5556 2187 5624 γέγονε,
2217 5552 2278 5605 τὸ
2329 5551 2373 5603 δ’
2425 5549 2555 5604 ἀλλο
2589 5546 2906 5618 Ἑλληνικὸν
2942 5549 3288 5621 παραχρῆμα
3361 5550 3461 5620 μὲν
3527 5549 3626 5604 καὶ

349 5637 584 5702 σφαγαῖς
618 5640 713 5692 καὶ
738 5641 1040 5710 χρημάτων
1072 5639 1326 5709 ἐκλογαῖς
1372 5641 1649 5714 ἐκακώθη.
1695 5647 1932 5701 Ἔπειτα
1970 5648 2027 5699 ἐν
2057 5664 2115 5698 τε
2154 5644 2309 5714 ἀδείᾳ
2343 5644 2440 5695 καὶ
2471 5643 2528 5694 ἐν
2595 5639 2915 5712 εὐδαιμονίᾳ
2948 5642 3189 5715 τοσαύτῃ
3222 5641 3444 5710 ἐγένετο
3479 5641 3624 5696 ὥστε

1544 5787 1746 5849 Vat-ite
1783 5788 2094 5852 lectiones
2127 5795 2190 5851 et
2230 5793 2418 5850 notae.

423 5897 536 5969 (57)
564 5902 794 5968 Πατρὸς
823 5902 910 5957 δέ.
952 5904 1087 5963 Vide
1113 5914 1299 5964 notata
1328 5908 1396 5964 ab
1429 5907 1670 5966 llenrico
1709 5911 1928 5968 Valesio
1965 5913 2032 5969 ad
2065 5913 2335 5984 Excerpta
2368 5909 2603 5983 Polybii,
2625 5925 2678 5980 p.
2711 5908 2801 5963 5‘2.
