4024 6414
331 321 436 386 801

1645 322 2050 384 ANNALIUM
2086 322 2235 382 LlB.
2276 321 2350 383 X.

3434 336 3451 350 '
3497 318 3605 381 1:02

330 439 514 509 λέγειν
552 440 656 503 ὅτι,
695 440 745 494 εί
806 439 881 512 μὴ
922 439 1117 494 θᾶττον
1156 439 1513 506 ἑαλῶκεισαν,
1568 437 1669 492 οὐκ
1733 438 1799 492 ἂν
1862 434 2152 492 ὲσέσωντο.
2211 436 2277 490 'H
2338 435 2440 506 μὲν
2491 431 2587 490 οὖν
2643 435 2954 510 Καρχηδὼν
3002 437 3037 508 ἦ
3101 453 3161 489 τε
3227 435 3493 508 Κόρινθος
3546 437 3605 489 αἱ

330 534 556 605 ἀρχαῖαι
580 533 785 587 ἐκεῖναι
825 532 985 587 τοῦτο
1024 533 1177 596 τέλος
1221 532 1380 603 ἔσχον
1412 531 1549 604 ἅμα.
1605 530 1801 602 Χρόνῳ
1852 528 1911 582 δὲ
1951 528 2133 599 πολλῷ
2201 528 2428 600 ὕστερον
2494 529 2753 585 ἀποικίαν
2799 529 3088 600 Ῥωμαίων
3133 528 3392 583 λαϐοῦσαι
3435 529 3610 601 ﬁber,-

334 645 440 683 σαν
496 625 652 689 αὖθις
698 625 795 681 καὶ
854 627 933 686 είς
963 626 1063 695 τὴν
1112 625 1351 679 παλαιὰν
1404 624 1714 695 ἐπανῆλθον
1753 624 2113 678 κατάστασιν.

409 719 493 773 Τὰ
510 719 611 790 μὲν
626 716 719 772 οὖν
739 720 901 789 μέχρι
921 717 1077 772 τοῦδε
1090 718 1458 790 πεπραγμένα
1473 719 1769 789 Ῥωμαίοις
1787 718 1922 790 (58),

2098 713 2375 771 llactenus
2435 731 2524 771 res
2575 731 2604 772 a
2652 716 2919 772 Romanis
2975 725 3158 788 gestas
3216 731 3286 771 ex
3331 717 3613 772 veteribus

335 813 538 886 βίϐλων
563 809 746 881 τυχὼν
775 811 886 863 τῶν
938 810 1108 863 πάλαι
1154 810 1330 865 ταῦτα
1381 814 1790 883 ίστορησάντων
1821 811 1919 882 ἀρ-

336 904 509 977 χαίων
534 903 770 973 ἀνδρῶν,
803 903 1014 957 ἐκεῖθεν
1045 901 1308 973 ἐξείληφα
1334 904 1458 958 κατ’
1506 905 1780 975 ἐπιτομὴν
1821 903 1918 959 καὶ

332 998 415 1067 τῷ
470 996 868 1067 συγγράμματι
928 995 1109 1068 τούτῳ
1158 998 1461 1051 ὲντέθεικα.
1512 995 1637 1049 Ἐπὶ
1689 997 1747 1049 δὲ
1802 998 1918 1059 τοῖς

335 1087 462 1158 ἑξῆς
483 1085 521 1140 ἃ
551 1088 668 1148 τοῖς
697 1086 933 1148 ὑπάτοις
958 1086 1054 1139 καὶ
1088 1090 1202 1148 τοῖς
1247 1087 1590 1157 δικτάτορσιν
1641 1086 1915 1156 ἐπράχθη,

341 1179 537 1255 μέχρις
568 1177 636 1230 ἂν
673 1179 798 1240 ταῖς
846 1178 1043 1248 ἀρχαῖς
1089 1179 1318 1242 ταύταις
1369 1181 1480 1243 τοῖς
1516 1180 1574 1231 ὲν
1613 1180 1679 1250 τῇ
1726 1178 1917 1252 Ῥώμῃ

336 1274 589 1345 διῳκεῖτο
627 1272 696 1325 τὰ
754 1272 1082 1342 πράγματα,
1137 1276 1210 1343 μή
1268 1272 1336 1343 μέ
1391 1290 1474 1336 τις
1516 1271 1736 1342 αἰτιῷτο
1777 1270 1914 1342 ὼςῆ

338 1367 749 1435 καταφρονήσει
780 1363 812 1435 ἣ
843 1362 1091 1434 ῥᾳθυμίᾳ
1112 1363 1142 1433 ἢ
1164 1366 1308 1435 δκνῳ
1345 1363 1521 1418 ταῦτα
1551 1362 1915 1435 παρελθόντα,

338 1457 433 1511 καὶ
470 1456 660 1520 ἀτελὲς
719 1450 832 1509 οἷον
898 1457 1123 1509 είακότα
1184 1457 1246 1509 τὸ
1294 1456 1659 1527 σύγγραμμα.
1700 1455 1774 1508 Οὐ
1810 1452 1918 1524 γὰρ

341 1544 594 1619 ῥᾳστώνῃ
623 1564 718 1618 μοι
743 1546 812 1600 τὰ
841 1547 1100 1602 λείποντα
1130 1546 1641 1619 παρεώραται,ούδ¹
1661 1545 1919 1616 ἡμιτελὲς

339 1635 482 1690 ἑκὼν
514 1637 566 1689 τὸ
625 1637 848 1709 πόνημα
905 1636 1296 1704 καταλέλοιπα,
1337 1635 1454 1691 ἀλλ’
1485 1635 1690 1707 ἀπορίᾳ
1719 1634 1920 1704 βίϐλων

339 1729 509 1801 αἴπερ
530 1728 671 1783 αὐτὰ
707 1729 961 1796 διεξίασι,
993 1733 1088 1784 καὶ
1114 1728 1287 1784 ταῦτα
1330 1727 1595 1791 πολλάκις
1621 1726 1921 1798 ζητήσαντί

346 1838 438 1892 μοι
478 1826 703 1886 ταύτας,
746 1821 821 1895 μὴ
869 1823 1129 1895 εύρηκότι
1159 1821 1207 1876 δ’
1238 1822 1411 1893 ὅμως.
1440 1823 1539 1874 οὐκ
1567 1816 1681 1874 οἶδα
1707 1818 1807 1872 εἴθ’
1839 1820 1920 1872 ὅτι

345 1915 421 1984 μὴ
454 1914 737 1979 σώζοιντο,
789 1914 884 1968 τοῦ
917 1917 1111 1987 χρόνου
1158 1914 1555 1984 διεφθαρκότος
1596 1912 1790 1976 αὑτάς,
1820 1910 1921 1966 εἶθ’

338 2007 420 2060 ὅτι
466 2008 540 2077 μὴ
564 2007 1096 2080 φροντιστικώτερον
1147 2006 1245 2078 τὴν
1275 2007 1483 2061 τούτων
1516 2007 1651 2070 ἴσως
1689 2004 1921 2076 ζήτησιν

2024 807 2392 877 scriptoribus
2446 807 2500 862 in
2561 808 2952 878 compendium
3011 809 3304 871 redactas,
3356 810 3606 878 exposui.

2024 901 2155 969 Qua:
2169 917 2300 956 vero
2331 901 2596 972 deinceps
2622 919 2653 957 a
2676 902 3001 959 consulibus
3017 911 3073 958 et
3095 902 3459 958 dictatoribus
3477 903 3607 957 dum

2026 993 2118 1049 illa
2150 994 2471 1064 reipublicae
2506 995 2682 1051 forma
2728 997 2926 1067 viguit,
2958 1003 3109 1067 gesta
3138 992 3305 1050 sunt:
3347 1009 3411 1049 ea
3450 1008 3609 1048 nemo

2023 1095 2181 1156 putet
2210 1102 2239 1140 a
2266 1096 2354 1141 tne
2389 1088 2475 1142 vel
2515 1098 2858 1159 contemptu,
2906 1089 2991 1144 vel
3023 1086 3379 1159 negligentia,
3409 1087 3497 1142 vel
3531 1088 3606 1156 pi-

2024 1179 2186 1250 gritia
2230 1179 2509 1249 praeterita
2557 1196 2702 1237 esse.
2757 1182 2893 1236 Nam
2939 1182 3241 1252 quominus
3295 1179 3612 1236 absolutum

2025 1269 2130 1325 hoc
2159 1283 2299 1338 opus
2330 1269 2610 1335 ederetur,
2647 1278 2882 1340 non'per
2917 1286 3005 1326 me
3034 1271 3208 1332 stetit.
3245 1271 3341 1325 sed
3377 1270 3612 1341 penuria

2023 1356 2316 1424 librorum,
2360 1360 2562 1431 quibus
2611 1362 2714 1416 ista
2763 1363 3143 1428 continentur,
3177 1363 3448 1417 voluntati
3479 1373 3615 1418 metu

2025 1452 2093 1507 ad
2156 1453 2554 1523 perfectionem
2612 1454 2860 1510 historia:
2937 1453 3296 1510 contendenti
3373 1452 3613 1508 obstitit.

2024 1543 2177 1611 Quos
2222 1560 2346 1600 cum
2378 1560 2520 1617 saepe
2572 1547 2910 1616 quaesierim,
2963 1546 3208 1616 reperire
3260 1560 3373 1600 non
3432 1548 3613 1615 potui,

2027 1636 2175 1691 haud
2204 1637 2318 1692 seio
2346 1654 2414 1692 an
2447 1646 2725 1694 vetustate
2777 1639 3032 1704 amissos,
3066 1654 3135 1693 an
3169 1653 3301 1693 vero
3330 1638 3617 1710 negligen-

2029 1729 2139 1785 tius
2168 1728 2465 1800 inquisitos
2515 1731 2584 1785 ab
2618 1730 2689 1786 iis
2716 1730 2921 1801 quibus
2952 1731 3005 1786 id
3062 1731 3266 1803 negotii
3296 1728 3444 1796 dedi,
3480 1730 3613 1786 dum

2027 1819 2146 1888 ipse
2173 1819 2411 1874 extorris
2446 1828 2505 1875 et
2531 1820 2726 1890 procul
2758 1820 2827 1875 ab
2868 1820 3008 1877 urbe
3034 1821 3090 1875 in
3126 1830 3295 1891 parva
3324 1820 3502 1876 insula
3533 1824 3619 1876 vi-

2030 1916 2139 1966 tam
2172 1927 2295 1983 ago.
2324 1911 2479 1969 Unde
2510 1911 2717 1967 factum
2749 1921 2855 1978 est,
2888 1922 2951 1968 u't
2975 1913 3266 1968 consulum
3296 1920 3354 1967 et
3381 1912 3620 1969 dictato-

2030 2018 2154 2057 rum
2191 2002 2422 2058 historia
2456 2003 2640 2059 minus
2671 2004 3111 2060 absoluta'eSset.
3173 2003 3247 2059 lis
3280 2004 3450 2076 igitur
3477 2021 3619 2075 prae-

341 2101 695 2169 ἐποιήσαντο,
746 2094 828 2164 οἷς
871 2099 1043 2169 αὐτὴν
1083 2097 1383 2167 ἀνεθέμην,
1436 2097 1602 2161 αὐτὸς
1635 2098 1924 2168 ὑπερόριος

2032 2103 2115 2149 ter
2150 2094 2465 2151 institutum
2498 2112 2680 2152 meum
2717 2097 2959 2162 omissis,
3010 2096 3406 2167 imperatorum
3427 2088 3619 2152 histo-

339 2188 416 2244 ὢν
439 2194 536 2246 καὶ
583 2192 779 2264 πόρρω
811 2189 906 2245 τοῦ
947 2193 1140 2254 ἄστεος
1173 2193 1230 2245 ἐν
1253 2191 1434 2262 νησῖδι
1482 2191 1921 2261 ἐνδιαιτώμενος.

343 2281 471 2336 Ὀτι
492 2283 624 2351 γοῦν
654 2300 744 2354 μοι
777 2286 900 2347 ταῖς
930 2282 1132 2352 βίϐλοις
1159 2282 1383 2346 ταύταις
1406 2281 1502 2337 νῦν
1525 2283 1625 2337 οὒκ
1643 2282 1924 2351 ἐξεγένετο

345 2376 612 2444 ἐντυχεῖν,
636 2374 905 2447 ἡμίεργος
939 2373 1190 2429 ἐντεῦθεν
1226 2376 1351 2429 ὅσον
1383 2377 1474 2429 ἐπὶ
1508 2379 1621 2439 τοῖς
1644 2374 1753 2430 τῶν
1782 2376 1923 2431 ὑπά-

343 2482 454 2518 των
492 2464 699 2534 ἐργοις,
725 2465 861 2519 ἀλλὰ
895 2466 1079 2533 μέντοι
1121 2466 1217 2519 καὶ
1249 2467 1363 2529 τοῖς
1391 2466 1503 2518 τῶν
1531 2465 1921 2538 δικτατόρωνή

347 2554 564 2622 ἱστορία
624 2553 939 2625 γεγένηται.
976 2551 1270 2625 Παρελθὼν
1306 2548 1402 2607 οὖν
1458 2551 1599 2607 αὐτὰ
1632 2553 1724 2605 καὶ
1751 2552 1922 2619 ἄκων,

2029 2185 2142 2240 rias
2173 2186 2546 2254 conscribam,
2594 2202 2653 2243 re
2706 2189 2872 2258 paulo
2917 2188 3085 2244 altius
3134 2188 3413 2259 repetita:
3468 2197 3619 2244 utet

2028 2278 2288 2345 lectores,
2320 2294 2426 2350 qua
2455 2280 2670 2334 ratione
2721 2281 3097 2335 Romanorum
3126 2280 3242 2335 sive
3279 2272 3618 2335 democratia

2030 2367 2149 2423 sive
2174 2367 2523 2424 aristocratia
2556 2370 2613 2424 in
2654 2370 3034 2425 monarchiam
3082 2369 3156 2426 sit
3185 2380 3417 2435 mutata,
3450 2370 3619 2425 intel-

2028 2458 2226 2530 ligant,
2276 2468 2334 2514 et
2382 2458 2617 2515 historia
2666 2470 2822 2517 certo
2862 2461 3101 2532 quodam
3148 2460 3345 2518 ordine
3392 2476 3621 2533 progre-

2029 2551 2236 2608 diatur.

344 2646 416 2698 τὰ
467 2645 576 2699 τῶν
646 2646 1069 2717 αὐτοκρατόρων
1124 2645 1537 2718 συγγράψομαι,
1585 2645 1761 2717 μικρά
1806 2662 1930 2700 τινα
1969 2645 2502 2717 προδιηγησάμενος,
2576 2646 2647 2701 ἶν’
2677 2645 2802 2702 ὅθεν
2864 2646 2945 2712 είς
2972 2646 3277 2720 αὑταρχίαν
3307 2645 3369 2711 ἐξ
3398 2645 3621 2719 ἀριστο-

346 2738 577 2810 κρατίας
602 2739 634 2811 ἢ
664 2741 758 2793 καὶ
784 2741 1161 2812 δημοκρατίας
1185 2742 1234 2794 οἱ
1277 2741 1542 2812 Ῥωμαῖοι
1589 2740 2030 2812 μετηνέχθησαν,
2072 2740 2236 2812 δῆλον
2297 2744 2385 2813 εἴη
2445 2744 2560 2808 τοῖς
2622 2743 3096 2815 ἀναγνωσομένοις
3156 2742 3218 2799 τὸ
3250 2742 3616 2814 σύγγραμμα,

346 2833 465 2904 ἅμα
495 2850 554 2888 τε
588 2833 726 2903 πρὸς
754 2834 931 2906 τούτῳ
963 2836 1058 2889 καὶ
1096 2837 1420 2901 ἀκολουθίας
1456 2837 1633 2909 ἔχοιτο
1655 2839 1689 2909 ἡ
1714 2839 1927 2908 γραφή.

3399 3009 3599 3026 -ιιη

1479 3176 1837 3267 LIBER
1917 3177 2488 3271 DECIMUS.

419 3373 504 3430 A'.
557 3372 650 3439 Ἐξ
679 3373 850 3445 ἀρχῆς
885 3372 986 3442 μὲν
1014 3366 1128 3434 οὖν,
1166 3369 1243 3434 ὡς
1272 3342 1392 3442 ⁸(59)
1439 3369 1741 3441 ἱστόρηται,
1772 3369 1927 3438 βασι·

2100 3367 2266 3441 472
2298 3367 2344 3423 l.
2374 3369 2684 3425 Romanum
2708 3368 3025 3441 imperium,
3055 3374 3116 3427 u't
3138 3371 3348 3428 dictum
3376 3381 3482 3440 est,
3512 3373 3621 3430 ini—

350 3469 534 3522 λεῦσιν
568 3468 602 3538 ἡ
635 3466 748 3519 τῶν
783 3462 1072 3534 Ῥωμαίων
1099 3463 1279 3516 ἀνεῖτο
1332 3459 1476 3531 ἁρχὴ
1512 3460 1674 3531 μέχρι
1697 3460 1798 3531 τῆς
1821 3460 1931 3514 τῶν

352 3560 679 3632 Ταρκυνίων
703 3554 1019 3627 τυραννίδος
1046 3552 1145 3607 καὶ
1177 3552 1557 3617 καταλύσεως.
1592 3551 1820 3605 Ἔκτοτε
1874 3550 1933 3605 δὲ

353 3654 684 3725 στρατηγοῖς
715 3651 810 3705 καὶ
840 3649 1189 3720 δικτάτορσιν
1234 3648 1462 3711 ὑπάτοις
1492 3662 1552 3699 τε
1589 3647 1685 3699 καὶ
1714 3644 1930 3716 χιλιάρ-

354 3762 492 3817 χοις,
538 3744 674 3797 ἀλλὰ
705 3744 803 3815 μὲν
834 3743 931 3796 καὶ
969 3741 1274 3812 δημάρχοις
1301 3742 1335 3813 ἡ
1365 3740 1476 3794 τῶν
1505 3739 1703 3792 κοινῶν
1727 3737 1935 3810 διοίκη-

355 3851 441 3898 σις
465 3833 762 3900 ἀνετίθετο,
795 3832 891 3886 καὶ
911 3830 1190 3894 τοιαύταις
1215 3831 1514 3893 πολιτείαις
1538 3829 1606 3883 τὰ
1643 3828 1935 3899 Ῥωμαίων

357 3926 570 3981 ἰθύνετο
596 3926 757 3996 μέχρι
796 3924 1082 3995 Πομπηΐου
1116 3924 1340 3995 Μάγνου
1368 3923 1464 3976 καὶ
1491 3923 1651 3976 Γαΐου
1708 3921 1932 3975 Ἰουλίου

354 4020 447 4073 τοῦ
476 4019 779 4088 Καίσαρος.
816 4017 945 4080 Υἱὸς
974 4017 1035 4071 δὲ
1075 4011 1144 4086 ἦν
1181 4019 1210 4069 ὁ
1247 4014 1536 4088 Πομπήϊος
1587 4015 1930 4084 Στράϐωνος,

354 4105 476 4168 ἐνὸς
525 4106 635 4159 τῶν
691 4105 981 4175 ἐπισήμων
1048 4102 1383 4175 Ῥωμαίων,
1438 4104 1533 4158 καὶ
1596 4103 1933 4175 στρατηγίας

354 4196 683 4267 ἠξιωμένου,
728 4195 806 4265 τῷ
857 4194 1030 4265 Κίννᾳ
1057 4211 1118 4247 τε
1153 4195 1639 4265 ἀντιτεταγμένου,
1678 4210 1936 4266 τυραννι-

258 4315 261 4317 >
355 4285 598 4358 κώτερον
627 4288 697 4358 τῇ
719 4286 862 4358 ἀρχῇ
915 4283 1206 4357 χρωμένῳ.
1241 4283 1384 4355 Ἤδη
1426 4284 1538 4355 γὰρ
1570 4284 1750 4338 ἐνόσει
1802 4283 1935 4338 Ῥω-

361 4380 543 4451 μαίοις
598 4380 669 4433 τὰ
721 4379 1049 4449 πράγματα,
1076 4379 1172 4431 καὶ
1215 4377 1309 4431 ἐπὶ
1357 4376 1655 4449 τυραννίδα
1698 4377 1749 4430 oi
1781 4374 1934 4446 σφῶν

361 4472 658 4526 ἀπέκλινον
696 4470 977 4540 ἄρχοντες,
1013 4468 1130 4523 ἀλλ’
1159 4470 1220 4524 οὐ
1251 4470 1497 4542 νομίμως
1542 4469 1733 4541 ἄρχειν
1774 4465 1934 4522 ἐϐού-

356 4563 531 4618 λοντο.
572 4565 631 4619 Ὀ
665 4564 766 4635 μὲν
805 4563 901 4618 οὖν
929 4562 1113 4635 πατὴρ
1143 4562 1312 4617 αὐτοῦ
1341 4562 1604 4634 Στράϐων
1642 4562 1732 4616 διὰ
1782 4562 1939 4632 φιλο-

357 4655 675 4728 χρηματίαν
736 4654 842 4707 ὑπὸ
882 4653 1174 4724 Ῥωμαίων
1233 4653 1505 4726 μεμίσητο
1531 4669 1546 4685 ⁸
1619 4653 1649 4706 ὁ
1691 4652 1749 4707 δὲ
1787 4654 1936 4724 Πομ-

360 4749 520 4820 πήϊος
553 4746 787 4815 ἐφιλεῖτο
813 4744 903 4800 διά
928 4762 988 4799 τε
1016 4744 1202 4798 πίστιν
1252 4745 1440 4816 ἧθους,
1469 4746 1564 4800 καὶ
1598 4746 1662 4799 τὸ
1690 4745 1928 4800 εύέντευ·

2045 4755 2135 4801 tus
2163 4744 2366 4822 fuerat,
2395 4744 2537 4801 clam
2582 4746 2780 4802 castris
2808 4746 3156 4813 excessisset,
3187 4746 3318 4818 quia
3348 4763 3624 4819 nusquam
3730 4766 3737 4774 ·

2034 3461 2116 3516 tio
2146 3476 2303 3532 reges
2333 3469 2584 3529 tenuere,
2619 3474 2794 3532 usque
2820 3462 2887 3517 ad
2922 3465 3271 3520 eversionem
3302 3464 3621 3538 tyrannidis

2033 3552 2490 3624 Tarquiniorum.
2521 3554 2605 3609 Ab
2629 3570 2697 3610 eo
2726 3565 2972 3624 tempore
2992 3557 3400 3613 administratio
3426 3576 3614 3614 rerum

2030 3658 2206 3716 penes
2231 3657 2516 3716 praetores,
2537 3647 2862 3712 dictatores,
2895 3650 3171 3713 consules,
3209 3650 3464 3707 tribunos
3488 3667 3621 3707 con-

2030 3737 2204 3793 sulari
2242 3747 2542 3808 potestate,
2576 3748 2633 3794 et
2666 3739 2922 3795 tribunos
2954 3740 3133 3810 plebis
3173 3740 3294 3807 fuit,
3340 3757 3515 3813 usque
3547 3741 3619 3798 ad

2034 3830 2357 3902 Pompeium
2389 3832 2666 3903 Magnum.
2696 3842 2754 3889 et
2797 3832 2859 3888 C.
2890 3833 3094 3889 Julinm
3126 3834 3422 3890 Caesarem.
3456 3826 3622 3891 Pom-

2034 3923 2195 3993 peius
2221 3938 2387 3992 porro
2424 3923 2570 3979 illius
2595 3923 2700 3978 fuit
2734 3924 3044 3992 Strabonis,
3091 3926 3325 3982 illustris
3358 3924 3618 3996 Romani,

2033 4010 2251 4080 virique
2280 4010 2549 4080 praetorii,
2600 4012 2694 4082 qui
2736 4012 2932 4069 Cinnae
2969 4015 3269 4070 violentius
3324 4017 3621 4088 imperanti

2035 4100 2258 4155 restitit.
2292 4100 2412 4156 Jam
2454 4110 2569 4157 tum
2605 4103 2755 4158 enim
2785 4118 2874 4159 res
2897 4104 3139 4160 Romana
3166 4105 3472 4174 laborabat,
3505 4124 3623 4163 ma-

2032 4191 2358 4264 gistratibus
2407 4195 2755 4265 tyrannidem
2808 4197 3212 4267 spectantibus,
3255 4199 3618 4271 legitimaque

2036 4282 2272 4355 imperia
2303 4286 2752 4356 aspernantibus.
2782 4282 2854 4344 Ut
2898 4296 3084 4344 autem
3115 4296 3275 4360 pater
3301 4292 3422 4362 ejus
3452 4306 3623 4363 prop-

2036 4384 2123 4431 ter
2175 4375 2371 4432 sordes
2399 4376 2618 4433 civibus
2653 4378 2902 4434 invisus:
2957 4380 3036 4435 sis
3064 4379 3359 4452 Pompeius
3401 4382 3472 4437 ob
3504 4390 3626 4438 mo-

2038 4483 2165 4524 rum
2221 4469 2638 4542 integritatem,
2698 4470 3120 4540 atl‘abilitatem,
3175 4474 3503 4529 modestiam
3563 4477 3621 4531 in

2037 4561 2231 4627 victu,
2284 4575 2681 4631 armorumque
2744 4563 3199 4618 exercitationem
3248 4574 3425 4633 uSque
3481 4565 3622 4621 adeo

2037 4666 2202 4707 carus
2256 4650 2382 4717 fuit,
2418 4659 2480 4707 ut
2528 4668 2657 4707 cum
2687 4661 2836 4707 metu
2864 4652 3075 4719 Cinnae,
3104 4653 3248 4724 apud
3281 4660 3444 4723 quem
3476 4655 3627 4711 dela-

1545 4901 1747 4966 Varia)
1789 4901 2101 4966 lectiones
2146 4911 2207 4965 et
2229 4909 2417 4966 notua.

431 5061 545 5134 (58)
584 5061 673 5134 Τὰ⁸
685 5057 801 5134 μὲν
830 5051 944 5111 οὖν
965 5053 1146 5134 μέχρι
1162 5052 1341 5109 τοῦδε
1380 5052 1769 5134 πεπραγμένςα
1801 5052 1939 5134 Ῥωτ

408 5124 582 5197 α’ίοιζι.
640 5124 856 5197 omissa
913 5134 1075 5197 estna
1110 5125 1348 5197 Zonara,
1385 5133 1447 5197 ut
1483 5133 1631 5178 recte
1662 5124 1939 5197 _Q_bs_ervat

408 5150 582 5197 αιοις.
640 5150 856 5185 (111118δᾶ
913 5150 998 5179 εει
1045 5150 1075 5179 ει
1112 5150 1348 5188 uuuara,
1385 5150 1447 5178 υι
1483 5150 1631 5178 [υυιυ
1677 5150 1937 5178 υυδυιτνίιι

359 5150 618 5264 €Voltius,
656 5196 887 5253 historia
940 5196 1069 5249 belli
1103 5193 1405 5249 Lusitanici
1436 5204 1630 5248 eontra
1662 5189 1937 5264 Viriatum

367 5272 506 5342 gesti
533 5289 548 5326 :
573 5261 703 5324 item
726 5265 1477 5342 Numantinum,_Asiatic_um
1504 5273 1698 5342 contra
1726 5261 1941 5342 Aristo-

366 5332 575 5404 nicum,
607 5347 870 5409 praeterea
891 5336 1325 5409 Allobrogicum,
1349 5333 1679 5409 Thracicum
1707 5350 1724 5388 :
1750 5332 1941 5409 adimo

367 5401 762 5485 iugurthirium
823 5407 879 5485 in
923 5401 1146 5485 Africa;
1163 5405 1227 5485 in
1276 5403 1429 5484 Italia
1457 5402 1742 5485 Galliaque
1774 5401 1939 5485 Giin-

369 5473 606 5544 bii‘cum,
640 5476 1038 5541 Teutonicum,
1073 5484 1130 5530 et
1163 5473 1511 5546 Tigurinum.
1547 5473 1747 5530 Omisit
1773 5474 1940 5546 etiam

367 5542 801 5620 descriptionem
855 5547 1189 5620 tu_multuum
1228 5542 1660 5620 intestinorum,
1711 5542 1829 5620 qui
1863 5543 1943 5620 ab

369 5622 491 5676 istis
522 5611 1125 5688 témporibusﬂomam
1172 5614 1665 5688 labefactaverunt,
1713 5611 1944 5688 seditio:

367 5704 497 5746 nem
551 5681 766 5746 scilicet
813 5686 1019 5742 Tiberii
1062 5684 1328 5750 Gracchi,
1374 5698 1440 5738 ac
1484 5690 1612 5752 post
1658 5697 1776 5738 eam
1824 5681 1944 5737 Caii

371 5759 556 5816 fratris
585 5778 598 5815 :
632 5757 834 5816 deinde
861 5756 1056 5828 Apulei
1084 5753 1365 5812 Saturnini
1387 5793 1404 5822 ,
1436 5751 1553 5810 tum
1590 5752 1796 5810 bellum
1826 5751 1939 5809 Ro-

2041 5064 2335 5125 manorum
2394 5051 2661 5125 adversus
2716 5053 2899 5125 socios
2962 5054 3057 5124 qui
3109 5052 3475 5110 defectionem
3522 5070 3624 5125 per

2042 5123 2257 5179 Italiam
2286 5123 2532 5177 fecerant
2576 5138 2590 5174 :
2635 5123 2841 5178 bellum
2867 5123 3059 5180 contra
3090 5139 3298 5187 servos,
3338 5133 3395 5178 et
3430 5123 3621 5179 contra

2044 5192 2401 5264 Spartacum;
2460 5207 2526 5264 ac
2569 5202 2852 5264 postremo
2881 5193 3054 5264 Marii
3102 5201 3160 5248 et
3218 5192 3379 5264 Sylla:
3435 5193 3621 5250 civilia

2043 5260 2208 5327 bella,
2245 5260 2729 5333 atquegaliaannis
2760 5263 3074 5333 circiter-cx
3102 5260 3277 5333 gesta.

2118 5333 2232 5405 (59)
2276 5328 2377 5397 Ἐξ
2402 5331 2596 5405 ἀρχῆς
2610 5328 2891 5405 οὖν.
2930 5328 3247 5405 Addit'cod.
3292 5333 3429 5403 Reg.
3457 5331 3562 5405 695
3596 5350 3613 5388 :

2044 5400 2312 5473 ὡς’ὲντῇ
2350 5400 2624 5473 προτερᾳξ
2651 5402 2823 5472 βίϐλῳ
2873 5418 2963 5471 μοι
3014 5400 3428 5473 προῖστόρηταῖ.
3471 5401 3622 5473 βασι-

2046 5469 2976 5543 λεῦσιν,ᾆῑο.ἈΙῇῖ,-’ὼς-ίστόρηται
3026 5469 3256 5543 tantum
3301 5469 3621 5541 praeferunt,
3669 5494 3679 5524 ι

2050 5552 2112 5598 ut
2138 5539 2629 5613 Wolfianaeditig.
2665 5541 2768 5596 llic
2810 5539 2979 5611 porro
3021 5542 3263 5613 initium,
3302 5539 3458 5597 ducit
3495 5558 3626 5613 pars

2047 5614 2223 5667 altera
2243 5610 2540 5667 Annalium
2571 5608 2829 5681 Zonaraa;
2850 5622 2910 5668 ut
2944 5613 3002 5668 in
3050 5608 3382 5669 Praefatione
3409 5608 3625 5669 monui-

2046 5697 2194 5739 mus.
