4024 6406
406 314 515 381 803

1703 309 2028 375 JOANNlS
2074 307 2399 370 ZONAR/E

3557 299 3668 364 ξθι

412 425 794 498 comparebat,
823 440 1049 483 rumore
1082 424 1153 482 de
1202 424 1353 481 caede
1381 425 1503 497 ejus
1543 437 1774 496 sparso:
1814 419 1990 477 Cinna

2102 433 2226 471 κτον
2248 416 2345 471 καὶ
2363 416 2424 471 τὸ
2452 415 2667 488 σῶφρον
2697 414 2759 469 τό
2775 431 2840 469 πε
2850 414 2903 486 pi.
2921 413 3133 468 δίαιταν
3163 412 3258 466 καὶ
3277 410 3379 484 τὴν
3404 412 3461 466 ἐν
3481 411 3675 477 ὅπλοις

409 517 675 589 impetum
708 533 902 574 eorum
950 517 1154 588 quibus
1192 517 1399 587 alioqui
1449 515 1661 571 invisus
1704 520 1848 575 erat,
1899 509 1990 564 fu-

411 610 586 681 giens.
616 626 646 665 a
673 610 1000 665 centurione
1030 608 1267 679 quodam
1302 617 1527 679 propter
1566 621 1686 661 eam
1718 604 1989 675 suspicio-

411 716 539 755 nem
568 701 933 757 oocideretur.
988 700 1119 755 Post
1169 702 1289 772 ejus
1312 702 1518 757 caedem
1551 699 1750 765 Carbo,
1787 699 1994 767 impor-

414 791 603 845 tunior
646 791 741 844 illo
773 800 1057 861 tyrannus,
1093 774 1385 861 imperium
1438 790 1703 861 suscepit.
1732 788 1833 844 Cui
1866 804 1990 845 cum

415 883 559 954 Sylla
600 884 904 946 resisteret,
966 883 1257 954 Pompeius
1315 899 1533 957 quoque
1583 899 1645 940 se
1695 884 1986 955 adjunxit:

416 988 517 1028 nec
558 972 609 1027 id
642 973 773 1027 fecit
806 974 983 1043 prius,
1018 990 1180 1043 quam
1214 974 1485 1028 beneficio
1514 974 1700 1044 aliquo
1729 989 1854 1028 eum
1885 972 1991 1028 sibi

415 1062 776 1116 devinxisset.
810 1064 1025 1117 Annum
1062 1072 1176 1117 tum
1205 1064 1398 1133 agebat
1429 1064 1655 1117 tertium
1710 1072 1767 1118 et
1794 1062 1997 1117 vicesi-

415 1167 607 1205 mum:
645 1153 1000 1223 collectisque
1051 1155 1224 1224 copiis
1253 1154 1416 1208 urbes
1456 1155 1816 1219 circumiens,
1860 1154 1997 1209 Car-

416 1240 579 1296 bonis
627 1242 907 1297 studiosos
949 1244 1228 1314 ejicicbat.
1285 1244 1421 1298 Dum
1464 1254 1649 1298 autem
1681 1245 1748 1299 ad
1792 1244 1994 1315 Syllam

417 1333 806 1401 proﬁciscitur,
873 1334 1046 1390 tribus
1093 1334 1365 1389 Carbonis
1412 1335 1652 1390 ducibus
1707 1352 1737 1389 a
1790 1335 1995 1406 quibus

416 1426 830 1480 circumventus
858 1437 999 1491 erat,
1024 1427 1346 1499 proﬂigatis,
1379 1428 1545 1483 urbes
1571 1428 1625 1482 in
1653 1427 1993 1483 deditionem

415 1517 668 1585 accepit:
710 1518 911 1573 deinde
944 1518 1220 1589 Scipionis
1252 1522 1499 1577 consulis
1529 1522 1830 1587 exercitus,
1867 1537 1992 1577 cum

415 1620 608 1663 contra
640 1609 959 1680 Pompeium
992 1613 1311 1676 duceretur,
1349 1617 1710 1671 consalutatis
1746 1619 1869 1686 ejus
1894 1617 1996 1669 mi-

413 1699 625 1765 litibus,
678 1702 747 1755 ad
801 1703 1118 1772 Pompeium
1166 1704 1389 1767 defecit,
1437 1707 1553 1776 ipse
1601 1708 1785 1777 Scipio
1828 1707 1989 1777 fugit.

417 1790 567 1854 Post,
599 1793 912 1861 complures
939 1798 1189 1863 equitum
1228 1806 1438 1850 turmas
1467 1812 1496 1849 a
1522 1796 1775 1851 Carbone
1801 1808 1990 1851 contra

418 1898 476 1937 se
508 1885 725 1949 missas,
772 1901 839 1940 eo
900 1887 1303 1957 desperationis
1345 1890 1574 1959 redegit,
1630 1900 1689 1944 ut
1735 1905 1794 1944 se
1826 1890 1998 1959 ipsius

417 1973 546 2028 fidei
582 1975 1014 2042 committerent,
1058 1979 1199 2032 Eum
1259 1980 1424 2049 igitur
1454 1980 1598 2051 Sylla
1641 1981 1720 2035 sic
1758 1983 1996 2058 excepit,

417 2074 480 2119 ut
516 2081 584 2120 ex
632 2082 777 2137 equo
813 2069 1108 2126 desiliret:
1161 2072 1312 2125 etab
1340 2086 1407 2126 eo
1438 2072 1739 2141 imperator
1786 2074 1995 2127 saluta-

420 2165 529 2219 tus,
561 2158 802 2212 vicissim
835 2175 961 2214 eum
997 2161 1384 2230 imperatorem
1420 2164 1705 2217 salutaret.
1751 2164 1999 2219 Fuerunt

416 2258 474 2305 et
512 2250 725 2319 reliqua
755 2252 949 2320 primis
981 2254 1086 2307 illis
1127 2254 1320 2309 ciliciis
1350 2265 1738 2317 consentanea.
1781 2257 1916 2310 Nam
1942 2266 1999 2312 et

419 2320 705 2395 accedenti
739 2343 1001 2412 Pompeio
1034 2347 1375 2415 assurgrbat,
1408 2355 1464 2401 et
1515 2348 1621 2401 alia
1653 2348 1772 2417 ejus
1800 2348 1997 2402 bonori

417 2431 722 2498 deferebat,
752 2449 873 2503 quae
907 2435 1052 2490 haud
1092 2446 1297 2492 temere
1324 2439 1448 2493 aliis
1470 2449 1729 2509 praestare
1762 2441 1994 2495 solebat.

416 2523 712 2595 Postquam
744 2536 924 2581 autem
958 2530 1184 2584 subacta
1233 2529 1387 2585 Italia
1417 2531 1654 2588 dictator
1677 2533 1861 2588 dictus
1888 2541 1995 2600 est,

419 2616 557 2670 alios
583 2617 752 2671 duces
782 2618 981 2687 opibus
1009 2630 1065 2674 et
1093 2620 1255 2692 473
1289 2623 1701 2693 magistratibus
1738 2642 1996 2681 remune-

419 2713 594 2771 ratus,
636 2697 958 2777 Pompe'ium
997 2712 1233 2766 arctiore
1280 2714 1385 2767 sibi
1444 2716 1855 2773 necessitudine
1902 2718 1999 2772 de-

416 2795 729 2861 vincturus,
756 2799 807 2852 ei
837 2800 1134 2869 persuasit,
1165 2811 1226 2855 ut
1252 2804 1475 2858 dimissa
1503 2820 1672 2860 uxore
1703 2823 1867 2876 quam
1898 2808 1997 2863 lia-

2095 508 2354 579 ἄσκησιν.
2417 507 2526 561 Kal
2566 506 2821 560 τοσοῦτον
2858 502 2926 576 ἦν
2953 504 3016 558 τὺ
3053 504 3191 576 πρὸς
3229 504 3396 558 αὐτὸν
3427 505 3705 577 φί).τρον,ι

2094 601 2169 664 ὡς
2197 600 2479 664 δείσαντος
2509 598 2679 653 αὑτοῦ
2705 599 2796 652 τὸν
2834 598 3036 652 Κίνναν
3067 599 3132 650 ἐκ
3172 597 3430 667 διαϐολῆς
3462 597 3555 652 καὶ
3582 596 3686 650 τοῦ

2096 692 2465 764 στρατοπέδου
2513 692 2690 762 λάθρα
2746 678 3152 754 διεκπεσόντος,
3203 691 3328 743 ἐπεί
3384 706 3446 743 τε
3489 690 3568 760 μὴ
3611 672 3697 761 ἦν’

2095 785 2346 856 ἐμφανὴς
2403 784 2565 852 λόγου
2634 782 2972 845 διαδοθέντος
3033 782 3116 835 ὅτι
3188 781 3464 853 ἀνῄρηται
3528 783 3689 853 παρά

2096 877 2293 944 Κίννα,
2328 876 2600 948 ὥρμησαν
2630 875 2750 929 κατ’
2778 873 2949 928 αὑτοῦ
2985 876 3034 927 οἱ
3065 874 3357 944 μισοῦντες
3382 875 3479 928 καὶ
3504 875 3689 938 ἄλλως

2098 970 2284 1036 αὐτὸν,
2355 969 2451 1023 καὶ
2501 966 2745 1040 ἀνῃρέθη
2788 966 2991 1030 Κίννας
3038 965 3260 1034 φεύγων
3303 966 3689 1035 καταληφθεὶς

2097 1063 2206 1116 ύπό
2243 1079 2339 1116 του
2364 1061 2474 1115 τῶν
2499 1061 2771 1132 λοχαγῶν.
2829 1058 2988 1113 Οὕτω
3024 1060 3081 1113 δὲ
3133 1059 3307 1114 Κίννα
3352 1059 3686 1129 φθαρέντος,

2100 1154 2338 1225 Κάρϐων
2385 1155 2454 1207 τὰ
2502 1154 2808 1224 πράγματα
2864 1151 3165 1216 διεδέξατο,
3227 1152 3689 1222 ἐμπληκτότερος

2097 1247 2305 1301 ἐκείνου
2334 1244 2742 1317 τύραννος,Τοῦ
2768 1244 2943 1298 Σύλλα
2971 1244 3017 1298 δ’
3047 1243 3569 1314 ἁντικαθισταμένου
3602 1244 3690 1313 τῷ

2099 1338 2382 1409 Κάρϐωνι,
2436 1337 2612 1409 τούτῳ
2672 1337 2978 1408 προσετέθη
3029 1337 3125 1390 καὶ
3168 1339 3195 1389 6
3248 1337 3569 1406 Πομπήϊε-ς’
3616 1337 3685 1388 οὗ

2098 1430 2366 1499 πρότερον
2413 1429 2599 1499 μέντοι
2658 1429 2933 1500 προσῆλθε
2996 1430 3128 1499 πρὶν
3174 1427 3240 1481 ἄν
3269 1445 3413 1490 τινος
3459 1429 3689 1498 χάριτος

2099 1521 2236 1592 πρὸς
2289 1523 2499 1574 ἐκεῖνον
2565 1522 2901 1593 κατήρξατο.
2929 1517 3040 1573 Ἦν
3078 1521 3177 1591 μὲν
3210 1520 3304 1574 οὖν
3347 1521 3468 1574 τότε
3507 1522 3690 1573 εἴκοσι

2097 1615 2191 1667 καὶ
2213 1614 2340 1684 τρία
2379 1616 2622 1683 γεγονὼς
2652 1615 2771 1684 ἐτη,
2804 1613 2900 1667 καὶ
2943 1613 3342 1684 στρατιωτικὸν
3375 1612 3690 1679 καταλέξας

2098 1705 2314 1777 περιῄει
2372 1707 2471 1769 τὰς
2538 1705 2746 1769 πόλεις,
2797 1706 2923 1767 τοὺς
2954 1706 3023 1758 τὰ
3070 1705 3369 1773 Κάρϐωνος
3427 1704 3691 1775 φρονοῦν-

2100 1813 2195 1859 τας
2261 1795 2563 1860 ἐξελαύνων
2625 1795 2803 1847 αύτῶν
2836 1833 2850 1857 ,
2896 1794 2990 1847 καὶ
3042 1793 3177 1862 πρὸς
3226 1793 3432 1847 Σύλλαν
3483 1792 3686 1847 ἀπιών.

2113 1888 2201 1940 Ἐν
2264 1888 2321 1941 δὲ
2374 1887 2453 1957 τῷ
2503 1888 2727 1942 ἀπιέναι
2780 1888 2932 1956 τρεῖς
3007 1886 3169 1939 αὐτὸν
3221 1887 3520 1956 στρατηγοὶ
3575 1886 3691 1939 τῶν

2100 1979 2520 2050 προσκειμένων
2574 1979 2653 2050 τῷ
2728 1978 2989 2049 Κάρϐωνι
3039 1976 3442 2032 ἐκυκλώσαντο.
3505 1978 3564 2033 Ὀ
3632 1977 3693 2031 δὲ

2097 2068 2321 2135 τούτους
2399 2070 2763 2142 τρεψάμενος,
2836 2070 2935 2134 τὰς
2990 2072 3178 2134 πόλεις
3224 2070 3376 2142 αύτῷ
3431 2060 3694 2142 προσχω-

2100 2166 2302 2235 ρούσας
2355 2164 2589 2234 ἐδέχετο.
2654 2160 2769 2216 Εἶτ’
2820 2159 2977 2226 αὖθις
3000 2165 3307 2227 Σκιπίωνος
3337 2163 3431 2216 τοῦ
3467 2164 3682 2218 ὑπάτου

2101 2258 2347 2320 ἐπιόντος
2376 2256 2544 2324 αὐτῷ,
2571 2255 2631 2307 τὸ
2665 2255 2970 2317 Σκιπίωνος
2997 2255 3392 2326 στρατιωτικὸν
3432 2256 3696 2308 ἀσπασά-

2102 2365 2263 2417 μενον
2293 2348 2418 2410 τοὺς
2443 2346 2538 2399 τοῦ
2563 2348 2874 2418 Πομπηϊου.
2908 2346 3059 2417 αύτῷ
3091 2344 3541 2418 προσερῤύησαν,
3570 2348 3598 2400 ό
3627 2345 3695 2399 δὲ

2101 2438 2343 2491 Σκιπίων
2399 2438 2593 2507 ἔφυγε.
2652 2440 2763 2492 Kal
2828 2438 3130 2509 Κάρϐωνος
3185 2438 3243 2491 δὲ
3297 2440 3507 2492 ἱππέων
3566 2440 3696 2503 ἴλας

2103 2533 2305 2602 συχνάς
2333 2531 2654 2600 πέμψαντος
2678 2532 2797 2585 κατ’
2825 2531 3016 2597 αὑτοῦ,
3040 2533 3138 2586 καὶ
3167 2532 3373 2596 ταύτας
3395 2535 3694 2605 ἐτρέψατο,

2098 2622 2171 2684 ὡς
2203 2621 2272 2674 δι’
2305 2621 2618 2689 ἀπόγνωσιν
2670 2620 2945 2691 σωτηρίας
2975 2621 3202 2683 ἐαυτοὺς
3236 2620 3387 2692 αύτῷ
3442 2624 3690 2695 ἐγχειρί-

2102 2731 2223 2777 σας.
2275 2713 2431 2767 Οὖτω
2473 2714 2531 2767 δὲ
2578 2713 2741 2767 αὑτὸν
2789 2714 2817 2766 6
2851 2713 3057 2774 Σύλλας
3092 2715 3315 2779 ἐδέξατο
3354 2715 3431 2778 ώς
3473 2718 3698 2786 ἀποπηο

2098 2807 2260 2878 δῆσαι
2284 2806 2377 2859 τοῦ
2408 2807 2596 2872 ἵππου,
2628 2806 2724 2860 καὶ
2748 2805 3213 2875 προσαγορευθεὶς
3248 2807 3354 2859 ὑπὸ
3391 2808 3690 2878 Πομπηΐου

416 2886 607 2955 bebat,
636 2886 915 2943 tEmiliam
945 2890 1120 2961 ipsius
1154 2891 1488 2962 privignam,
1542 2894 1772 2951 Metella:
1811 2900 1995 2953 uxoris

2102 2896 2459 2967 αὐτοκράτωρ
2515 2894 2612 2948 καὶ
2644 2896 2811 2958 αὐτὸς
2855 2896 3273 2966 ἀντιπροσερεῖν
3302 2899 3691 2971 αὐτοκράτορα

418 2993 489 3036 ex
514 2978 724 3035 Scauro
750 2982 951 3036 marito
988 2983 1171 3053 priore
1205 2983 1393 3048 filiam,
1435 2985 1680 3065 duceret.
1711 2988 1767 3042 ιιι
1800 2990 1995 3060 conju-

2102 2988 2192 3042 τὸν
2225 2989 2539 3059 Πομπήϊον,
2569 2989 2664 3041 καὶ
2688 2988 2858 3043 τᾶλλα
2898 2989 2953 3041 δὲ
2991 2993 3110 3051 ταῖς
3147 2990 3393 3060 πρώταις
3421 2993 3689 3065 φιλοφρο-

417 3070 569 3140 gium
607 3071 950 3140 tyrannicum
998 3070 1122 3126 fuit.
1166 3072 1301 3127 Nam
1357 3073 1580 3130 [Emilia
1609 3062 1731 3133 viro
1760 3081 1993 3141 elocata,

2102 3082 2289 3145 σύναις
2321 3082 2659 3136 συνέϐαινεν.
2688 3082 3123 3149 ’Υπεξανίστατο
3153 3084 3265 3153 γάρ
3295 3062 3690 3158 προσιόντιτῷ

418 3168 643 3216 uterum
692 3160 925 3216 ferebat.
980 3161 1301 3231 Pompeium
1356 3165 1430 3221 ita
1484 3167 1587 3221 sibi
1634 3170 1993 3226 conciliatum

2105 3173 2378 3243 Πομπηΐῳ
2428 3172 2521 3226 καὶ
2567 3172 2702 3226 ἄλλα
2745 3172 2881 3240 πρὸς
2935 3174 3105 3243 τιμὴν
3160 3177 3372 3229 ἐκείνου
3425 3177 3599 3231 ἐποίει
3652 3180 3691 3232 ἀ

419 3266 545 3307 cum
576 3253 789 3322 magnis
818 3252 993 3323 copiis
1032 3253 1086 3306 in
1122 3253 1363 3307 Siciliam
1393 3254 1686 3326 ablegavit,
1740 3258 1995 3317 factionis

2103 3265 2239 3333 πρὸς
2284 3263 2476 3328 ἀλλους
2537 3265 2638 3317 οὐκ
2684 3258 2837 3317 ὣπτο
2888 3266 3088 3336 ῥαδίως
3161 3268 3354 3323 ποιῶν.
3426 3270 3580 3323 Ἐπεὶ
3641 3271 3689 3324 δ’

418 3342 690 3398 Carbonis
716 3345 1149 3414 receptaculum.
1183 3345 1304 3411 Quo
1330 3362 1455 3401 cum
1488 3350 1755 3414 venisset,
1800 3353 1995 3408 adver-

2104 3358 2377 3427 ἐκράτησε
2446 3356 2548 3427 τῆς
2617 3356 2850 3421 Ἰταλίας
2883 3358 2911 3409 6
2957 3359 3167 3422 Σύλλας
3196 3401 3211 3426 ,
3262 3364 3359 3414 καὶ
3409 3363 3692 3431 δικτάτωρ

422 3432 585 3487 sariis
616 3433 795 3488 insula
823 3435 1041 3505 ejectis.
1075 3436 1241 3490 urbes
1265 3446 1486 3494 vexatas
1508 3440 1848 3498 humanitate
1881 3445 1995 3500 sin-

2102 3448 2473 3519 ἀνηγορεύθη,
2510 3450 2636 3512 τοὺς
2668 3450 2766 3519 μὲν
2788 3450 2982 3512 ἄλλους
3015 3452 3290 3522 ἡγεμόνας
3327 3456 3418 3507 καὶ
3449 3471 3692 3524 στρατη-

421 3524 605 3594 gulari
642 3531 954 3581 recreavit:
1009 3526 1318 3583 Carbonem
1365 3533 1824 3601 comprehensum
1851 3539 1995 3592 occi-

2102 3542 2234 3609 γοὺς
2263 3539 2526 3610 ἠμείϐετο
2557 3540 2884 3607 πλουτίζων,
2918 3542 3013 3594 καὶ
3043 3542 3129 3595 ἐπ’
3162 3528 3339 3614 ἀρχὰς
3369 3545 3647 3598 καθιστών
3671 3563 3688 3577 ο

419 3612 535 3667 dit:
568 3613 774 3667 milites
802 3615 855 3668 in
877 3615 1171 3670 itineribus
1192 3616 1565 3684 immodestos,
1594 3616 1790 3690 sigillis
1807 3638 1995 3679 eorum

2104 3630 2392 3700 Πομπήϊον
2444 3631 2501 3684 δὲ
2557 3631 2825 3684 ἔσπευσεν
2881 3632 3266 3688 οἰκειώσασθαι
3314 3636 3514 3707 ἐαυτῷ,
3590 3640 3694 3691 καὶ

420 3703 620 3774 gladiis
652 3705 955 3775 impressis,
1016 3708 1284 3774 coercuit,
1339 3724 1461 3779 quae
1493 3710 1587 3780 qui
1638 3728 1748 3767 non
1778 3730 1995 3771 conser-

2106 3721 2287 3774 πείθει
2320 3722 2485 3776 αὐτὸν
2506 3722 2606 3791 τὴν
2646 3720 2896 3792 γαμετὴν
2936 3724 3003 3793 ἥν
3040 3718 3189 3793 εἶχεν
3216 3703 3694 3798 ἀποπεμψάμενον

425 3804 640 3864 varant,
673 3813 864 3868 poenas
897 3799 1121 3854 dabant.

2106 3814 2418 3883 ἀγαγέσθαι
2476 3817 2575 3884 τὴν
2629 3815 2826 3869 ἐαυτοῦ
2883 3818 3149 3887 πρόγονον
3205 3820 3485 3891 Δίμιλίαν,
3535 3824 3604 3892 ἦν
3650 3826 3690 3894 ἠ

420 3892 671 3947 Μετέλλα
698 3893 734 3964 ἢ
790 3893 871 3964 τῷ
914 3894 1091 3986 Σύλλᾳ
1134 3894 1364 3966 συνῴκει
1395 3898 1459 3951 ἐκ
1489 3899 1733 3973 Σκαύρου
1766 3904 2035 3976 ἐγείνατο,
2069 3912 2164 3964 τοῦ
2223 3910 2495 3983 προτέρου
2541 3911 2758 3982 ἀνδρός.
2794 3907 2904 3985 Ἦν
2927 3912 2984 3965 δὲ
3013 3912 3083 3966 τά
3130 3915 3227 3967 τοῦ
3262 3916 3443 3987 γάμου
3478 3892 3692 3989 τυρανέ

418 3987 567 4080 νικά.
611 3988 796 4080 ’ᾼνδρὶ
822 3983 932 4061 γάρ
963 3991 997 4060 ἡ
1030 3989 1254 4060 Αἰμιλία
1284 3994 1531 4048 ἐκδέδοτο
1575 3997 1670 4050 καὶ
1701 3998 1874 4057 ἐκύει.
1906 4002 2072 4059 Οὕτω
2115 4004 2163 4058 δ’
2192 4008 2220 4060 6
2255 4005 2462 4069 Σύλλας
2491 3983 2921 4076 οἰκειωσάμενος
2970 4006 3058 4060 τδι
3104 3983 3391 4080 Πομπήϊον
3421 4014 3500 4075 τίς
3523 3983 3692 4066 Σικε-

420 4078 541 4176 ξιίαγ
569 4079 859 4176 ἐπέστειλε
890 4081 1029 4176 μέτᾷ
1065 4082 1289 4155 βαρείας
1320 4085 1627 4157 δυνάμεως.
1663 4088 1770 4146 Ἦν
1806 4093 1913 4163 γὰρ
1944 4097 1977 4167 ἡ
2008 4098 2173 4169 νῆσος
2200 4103 2314 4165 τοῖς
2342 4103 2436 4157 τοῦ
2470 4103 2771 4175 Κάρϐωνος
2801 4105 3163 4176 ὁρμητήριον.
3203 4078 3316 4160 Kal
3351 4106 3688 4172 ἀπελθόντος

418 4171 539 4226 ἐκεῖ
575 4174 864 4245 Πομπηΐου
892 4175 939 4227 οῖ
970 4175 1071 4246 μὲν
1099 4178 1334 4232 ἐναντίοι
1376 4183 1476 4251 τῆς
1511 4183 1677 4253 νήσου
1734 4185 2056 4260 ἐξέστησαν,
2118 4192 2281 4256 αὐτὸς
2315 4193 2373 4247 δὲ
2424 4195 2525 4258 τὰς
2562 4171 2784 4260 -πόλεις
2828 4171 3177 4267 ἀνελάμϐανε
3232 4197 3691 4267 τετρυχωμένας,

418 4270 516 4326 καὶ
562 4270 962 4340 φιλανθρώπως
1020 4273 1313 4346 ἐκέχρητο.
1344 4275 1649 4350 Κατασχὼν
1689 4281 1746 4335 δὲ
1794 4285 1890 4337 καὶ
1929 4286 2023 4341 τὸν
2054 4288 2333 4358 Κάρϐωνα
2366 4290 2602 4345 ἀνεῖλεν.
2655 4290 2899 4345 Ἀκούων
2942 4293 3129 4361 μέντοι
3178 4294 3305 4355 τοὺς
3341 4291 3692 4362 στρατιώτας

422 4368 484 4419 ἐν
496 4363 978 4457 ταῖς-ὁδοιπορίαις
1004 4365 1279 4457 ἀτακτεῖν,
1312 4372 1615 4439 σφραγῖδας
1644 4377 1767 4440 ταῖς
1792 4378 1975 4434 αὐτῶν
2005 4384 2310 4455 μαχαίραις
2340 4386 2627 4452 ἐπέϐαλεν,
2662 4386 2730 4457 ἢν
2760 4388 2789 4440 6
2830 4386 2905 4457 μὴ
2929 4388 3171 4457 φυλάξας
3198 4386 3510 4453 ἐκολάζετο.

496 4453 564 4510 ll.
599 4454 726 4510 Haec
755 4455 887 4510 dum
923 4456 979 4510 in
1008 4456 1193 4513 Sicilia
1225 4460 1388 4530 gerit,
1443 4464 1645 4521 litteris
1685 4477 1911 4527 senatus
1943 4480 1995 4527 et

2110 4453 2119 4455 ἡ
2180 4474 2255 4530 B’.
2281 4479 2465 4532 Ταῦτα
2493 4478 2552 4532 δὲ
2579 4453 2844 4551 πράττων
2871 4453 3206 4551 ἐνννΣικελίᾳ,
3252 4480 3470 4547 ἐδέξατο
3503 4484 3693 4555 γράμ-

424 4546 592 4619 Syllae
624 4549 676 4601 in
709 4546 950 4602 Africam
995 4551 1250 4619 navigare
1295 4552 1541 4623 jubetur,
1574 4566 1631 4612 et
1663 4558 1864 4614 bellum
1904 4578 1995 4633 ge-

2112 4584 2259 4638 ματα
2291 4570 2390 4639 τῆς
2422 4546 2730 4642 συγκλήτου
2767 4573 2865 4624 καὶ
2892 4570 3072 4624 Σύλλα
3100 4546 3393 4626 κελεύοντα
3422 4546 3575 4627 πλεῖν
3603 4546 3693 4641 είς

424 4651 553 4691 rere
583 4651 709 4689 cum
738 4636 1000 4699 Domitio,
1034 4653 1065 4690 a
1103 4653 1214 4706 quo
1238 4651 1448 4708 septem
1478 4643 1651 4697 millia
1686 4645 1752 4700 ad
1786 4661 1911 4701 eum
1942 4650 1999 4704 in

425 4727 667 4783 Africam
702 4727 1011 4796 profectum
1066 4731 1426 4785 transierunt.
1455 4731 1645 4805 Pugna
1683 4740 1998 4809 commissa,

423 4820 698 4875 Domitius
750 4820 993 4875 vincitur
1044 4831 1208 4890 atque
1240 4824 1556 4881 occiditur:
1605 4830 1771 4885 urbes
1798 4834 2000 4901 partim

424 4920 641 4982 sponte,
689 4912 889 4981 partim
924 4923 1129 4968 coacta:
1170 4914 1492 4985 Pompeium
1540 4921 1832 4990 recipiunt.
1867 4926 2001 4984 lude

421 5012 480 5066 in
525 5010 836 5065 Numidiam
888 5010 1029 5066 facta
1075 5013 1458 5083 impressione,
1518 5019 1759 5075 subactis
1822 5024 2001 5078 obviis

424 5104 706 5169 omnibus,
739 5113 963 5174 totaque
1008 5106 1287 5174 provincia
1344 5107 1541 5164 diebus
1574 5127 1635 5164 τι.
1664 5114 1998 5182 perdomita,

422 5198 639 5253 litteras
666 5212 695 5249 a
735 5195 880 5267 Sylla
933 5197 1171 5266 accipit:
1226 5199 1451 5267 quibus,
1481 5203 1693 5257 caeteris
1732 5204 1997 5275 dimissis,

424 5302 548 5343 cum
581 5302 690 5341 una
718 5286 934 5356 legione
965 5301 1339 5342 successorem
1371 5289 1538 5345 Uticae
1569 5304 1887 5362 exspectare
1908 5299 2001 5368 ju-

426 5378 607 5433 betur.
636 5378 807 5443 Quam
846 5394 961 5433 rem
995 5378 1113 5448 ipso
1147 5382 1287 5434 clam
1343 5396 1487 5451 aegre
1522 5382 1753 5451 ferente,
1791 5389 2003 5444 exerci-

424 5477 515 5523 tus
548 5477 736 5538 aperte
779 5476 864 5523 est
906 5470 1225 5536 indignatus
1250 5486 1269 5525 :
1321 5472 1695 5544 Pompeioque
1745 5481 1999 5549 progredi

422 5560 664 5623 volente,
699 5560 768 5614 de
804 5562 948 5631 Sylla
976 5578 1171 5632 parum
1204 5565 1492 5619 commode
1529 5568 1870 5636 suntlocuti,
1894 5588 1997 5628 nec

423 5650 572 5716 passi
608 5648 930 5717 Pompeium
965 5666 1025 5706 se
1053 5660 1283 5723 tyranno
1310 5656 1558 5711 credere.
1604 5656 1709 5724 Qui
1750 5674 1875 5715 cum
1902 5678 1999 5719 eos

424 5739 676 5809 mitigare
700 5750 1016 5813 conaretur,
1050 5758 1276 5802 manere
1301 5755 1355 5802 et
1381 5747 1655 5817 imperare
1674 5750 1997 5822 jubebatur,

2106 4658 2314 4730 Λιϐύην
2339 4661 2435 4715 καὶ
2470 4662 2731 4733 πολεμεῖν
2763 4663 3029 4734 Δομετίῳ.
3074 4665 3183 4716 Καὶ
3232 4668 3260 4719 6
3305 4666 3405 4736 μὲν
3442 4667 3689 4735 ἐξέπλει,

2108 4751 2502 4824 ἑπτακισχίλιοι
2532 4754 2591 4808 δὲ
2620 4755 2770 4825 αὑτῷ
2798 4754 2907 4808 τῶν
2948 4756 3053 4809 ὑπὸ
3086 4757 3179 4809 τὸν
3231 4758 3490 4828 Δομέτιον
3520 4777 3693 4831 προσ-

2107 4842 2414 4916 εχώρησαν.
2475 4848 2961 4917 Ἀντιτεταγμένου
3013 4849 3068 4902 δὲ
3118 4851 3404 4918 Δομετίου,
3477 4856 3693 4926 συρρή-

2109 4953 2337 5005 γνυνται
2372 4937 2441 4991 τὰ
2473 4939 2891 5010 στρατεύματα,
2926 4941 3021 4992 καὶ
3051 4941 3281 4993 νικῶσιν
3299 4943 3346 4995 oi
3367 4943 3688 5014 Πομπηΐου,

2109 5025 2205 5077 καὶ
2231 5026 2260 5078 6
2284 5025 2543 5095 Δομέτιος
2582 5029 2882 5081 κτείνεται⁸
2912 5028 3021 5080 τῶν
3051 5029 3107 5081 δὲ
3135 5030 3342 5083 πόλεων
3370 5033 3426 5085 al
3460 5033 3561 5101 μὲν
3591 5036 3684 5088 εύ-

2110 5120 2208 5187 θὺς
2247 5125 2698 5195 προσεχώρησαν,
2748 5126 2805 5178 αἱ
2851 5126 2909 5178 δὲ
2954 5127 3100 5179 κατὰ
3156 5127 3357 5197 κράτος
3412 5130 3687 5185 ἑάλωσαν.

2110 5213 2221 5266 Kal
2244 5215 2324 5275 είς
2351 5215 2453 5285 τὴν
2479 5215 2801 5284 Νομαδικὴν
2833 5214 3110 5285 ἐμϐαλὼν,
3149 5219 3243 5270 καὶ
3296 5219 3515 5273 πάντων
3546 5237 3691 5291 κρα-

2107 5303 2301 5374 τήσας,
2332 5300 2413 5367 οἷς
2441 5306 2661 5374 ἐνέτυχε
2689 5306 3102 5376 τεσσαράκοντα
3128 5309 3249 5370 ταῖς
3297 5310 3495 5371 πάσαις
3547 5313 3693 5379 ἡμέ-

2110 5411 2233 5464 ραις
2272 5396 2575 5466 γράμματα
2626 5397 2843 5466 δέχεται
2890 5396 3087 5462 Σύλλα,
3146 5401 3363 5467 ἀφεῖναι
3422 5402 3522 5469 μὲν
3584 5402 3693 5472 τὴν

2107 5486 2276 5556 ἀλλην
2301 5491 2590 5559 στρατιὰν,
2622 5489 2786 5541 αὑτὸν
2814 5490 2871 5541 δὲ
2906 5490 3028 5560 μεθ’
3058 5491 3177 5553 ἐνὸς
3207 5492 3488 5561 τάγματος
3522 5509 3686 5565 περι-

2110 5579 2296 5650 μένειν
2342 5582 2426 5643 είς
2493 5581 2709 5650 Ἰτύκην
2760 5581 2851 5634 τὸν
2911 5581 3296 5652 διαδεξάμενον
3352 5590 3687 5655 στρατηγόν.

2119 5670 2247 5723 Ἐπὶ
2279 5671 2492 5735 τούτοις
2521 5673 2682 5735 αὐτὸς
2724 5673 2824 5743 μὲν
2867 5671 2990 5726 καθ’
3027 5674 3223 5728 ἐαυτὸν
3276 5675 3493 5745 ἤχθετο,
3548 5679 3577 5728 6
3631 5679 3693 5732 δὲ

2110 5759 2341 5829 στρατὸς
2383 5762 2467 5828 είς
2526 5762 2841 5833 τούμφανὲς
2904 5764 3225 5832 ἠγανάκτει.
3272 5766 3381 5819 Καὶ
3438 5765 3693 5833 θέλοντος
