4024 6396
406 262 535 324 805'

1705 275 2111 341 ANNALIUM
2148 280 2295 347 LIB.
2339 287 2416 347 Χ.

3571 303 3678 367 806

406 374 700 443 προελθεῖν
733 376 1045 449 Πομπηΐου,
1076 379 1171 433 τοῦ
1227 397 1287 434 τε
1341 380 1519 436 Σύλλα
1571 382 1758 448 κακῶς
1813 386 1971 458 ἐμνη-

2090 408 2218 485 cum
2268 396 2731 458 obtestationibus
2762 411 2819 459 et
2847 394 3381 468 vociferationibus’:
3418 427 3676 485 aegreque

408 462 661 531 μόνευον,
741 467 997 521 κάκεῖνον
1023 468 1124 521 οὐκ
1155 468 1280 522 εῐων
1321 468 1602 524 πιστεύειν
1633 471 1711 541 τῷ
1736 474 1989 544 τυράννῳ

405 555 619 609 ἑαυτόν.
662 557 774 609 Καὶ
798 560 824 611 ὁ
858 557 959 627 μὲν
986 560 1246 630 ἐπειρᾶτο
1276 561 1543 631 πραΰνειν
1568 563 1789 630 αὐτοὺς,
1836 566 1887 617 oi
1929 564 1988 618 δὲ

406 646 594 716 μένειν
616 648 780 701 αὐτὸν
816 651 912 703 καὶ
939 650 1132 722 ἄρχειν
1164 652 1438 717 ἐκέλευον,
1476 653 1637 726 ἄχρις
1670 648 1732 709 οὗ
1760 656 1987 725 προσλι-

402 738 730 807 παρούντων
779 742 874 792 καὶ
919 741 1351 809 καταϐοώντων,
1389 743 1607 815 ὤμοσεν
1667 748 1988 818 ἀναιρήσειν

401 830 595 882 ἑαυτὸν
624 831 671 882 εἰ
713 830 1008 900 βιάζοιντοσ
1058 834 1155 888 καὶ
1202 836 1356 904 μόλις
1413 835 1590 900 οὕτως
1649 838 1981 895 ἐπαύσαντο.

401 924 630 992 Πρῶτον
666 927 764 994 μὲν
796 925 889 980 οὖν
912 928 1121 1001 ἠγγέλη
1152 931 1231 1001 τῷ
1262 931 1439 1004 Σύλλᾳ
1467 933 1773 1000 ἀφεστάναι
1833 935 1983 1004 Πομ-

401 1020 584 1086 πήϊον,
620 1015 751 1070 Εἶτα
807 1019 1112 1090 πυθόμενος
1170 1023 1423 1093 τάληθὲς,
1478 1024 1793 1097 ἀπήντησεν
1836 1026 1986 1098 αύτῷ

403 1110 683 1177 προσιόντι
744 1112 838 1163 καὶ
878 1112 1304 1183 δεξιωσάμενος,
1339 1116 1561 1185 Μάγνον
1589 1119 1855 1188 προσεῖπε
1889 1133 1987 1186 μει-

399 1200 540 1270 γάλῃ
571 1204 636 1270 τῇ
671 1206 847 1274 φωνῇ.
882 1204 1145 1274 Σημαίνει
1195 1205 1252 1259 δέ
1287 1206 1460 1277 μέγαν
1499 1209 1527 1260 6
1576 1209 1821 1276 Μάγνος.
1856 1208 1982 1280 Θρί-

401 1293 579 1362 αμϐον
606 1293 659 1346 δὲ
696 1295 989 1365 Πομπηΐου
1043 1297 1324 1362 αἰτοῦντος
1365 1299 1396 1351 6
1442 1299 1647 1363 Σύλλας
1669 1302 1981 1370 ἀντέλεγεν,

397 1383 472 1443 ὡς
512 1384 708 1454 ὑπάτῳ
759 1386 791 1456 ἢ
852 1388 1146 1458 στρατηγῷ
1203 1389 1562 1462 θριαμϐεύειν
1633 1393 1971 1463 νενόμισται,

398 1471 545 1544 ἄλλῳ
566 1473 623 1526 δὲ
644 1476 845 1531 ούδενί.
884 1477 944 1529 El
967 1477 1022 1530 δέ
1059 1479 1345 1551 Πομπήϊος
1379 1481 1533 1535 οὔπω
1564 1483 1796 1550 γενειῶν
1822 1486 1984 1557 ἀκρι-

399 1565 507 1628 ϐῶς
536 1565 923 1637 θριαμϐεύσει,
971 1565 1016 1639 ᾧ
1048 1571 1242 1642 βουλῆς
1274 1573 1363 1627 διὰ
1392 1575 1493 1645 τὴν
1516 1577 1735 1646 ἠλικίαν
1757 1579 1817 1631 ού
1855 1581 1979 1648 μέτ·

396 1674 565 1725 εστιν,
591 1659 883 1728 ἐπίφθονος
926 1661 1113 1717 ἔσεται
1169 1666 1383 1738 αὐτῷή
1433 1669 1591 1739 τιμή.
1639 1671 1829 1724 Ταῦτα
1886 1672 1981 1725 τοῦ

2089 483 2447 554 destiterunt,
2503 506 2631 547 cum
2689 493 2928 566 jurasset
2958 514 3017 555 se
3052 500 3155 556 sibi
3188 503 3292 573 ipsi
3318 483 3514 561 manus
3544 483 3680 562 alla—

2090 584 2303 665 turum,
2337 580 2382 635 si
2408 594 2690 653 cogerent.
2724 585 3007 659 Principio
3035 590 3198 662 Sylla:
3224 597 3540 651 nuntiatum
3566 608 3673 665 est,

2089 664 2355 724 defecisse
2391 670 2740 743 Pompeium.
2782 677 2992 732 Deinde
3022 681 3255 738 veritate
3290 686 3531 756 cognita,
3565 687 3671 743 ob-

2087 757 2232 812 viam
2269 775 2614 832 progressus,
2647 778 3015 839 porrectaque
3035 770 3281 839 dextera,
3309 790 3506 846 magna
3535 793 3673 833 voce

2090 846 2345 918 Magnum
2393 868 2520 907 eum
2572 858 3024 927 cognominavit:
3062 861 3160 917 sed
3195 863 3536 935 triumphum
3575 883 3701 939 ρετ-η

2090 940 2227 995 tenti
2252 942 2578 1000 adversatus
2597 958 2701 1012 est,
2734 951 2879 1018 quod
2909 953 3118 1008 nemini
3145 963 3514 1026 praeterquam
3538 972 3671 1012 con-

2088 1030 2194 1085 suli
2224 1042 2321 1087 aut
2352 1037 2576 1104 przetori
2612 1037 2960 1109 triumphare
2992 1041 3205 1097 liceret.
3244 1040 3340 1096 Sin
3374 1043 3672 1114 Pompeius

2087 1136 2228 1191 pene
2276 1122 2561 1189 imberbis.
2614 1129 2703 1183 cui
2755 1141 3094 1200 peraetatem
3144 1133 3200 1188 in
3243 1143 3438 1189 senatu
3471 1136 3666 1192 venire

2085 1230 2195 1268 non
2225 1215 2441 1279 liceret,
2481 1218 2897 1290 triumphasset,
2959 1239 3087 1278 eum
3130 1225 3399 1280 honorem
3436 1226 3674 1282 invidio-

2086 1319 2208 1359 sum
2240 1305 2377 1378 fore.
2406 1306 2534 1364 Ητοο
2560 1309 2709 1382 Sylla
2735 1311 2975 1377 dicente.
3007 1314 3302 1385 Pompeius
3330 1317 3671 1388 respondere

2085 1412 2195 1450 non
2215 1397 2510 1467 dubitavit,
2553 1401 2823 1457 orientem
2848 1404 3020 1460 solem
3044 1405 3231 1475 plures
3252 1406 3483 1464 adorare
3503 1424 3669 1479 quam

2085 1489 2427 1545 occidentem
2456 1512 2470 1547 :
2513 1509 2624 1563 quo
2642 1493 2799 1550 dicto
2825 1495 3136 1566 significare
3165 1498 3363 1565 voluit,
3385 1515 3540 1556 suam
3574 1516 3673 1571 po-

2087 1581 2312 1636 tentiam
2361 1585 2575 1654 augeri,
2621 1586 2768 1641 illius
2815 1587 3072 1642 imminui
3117 1598 3173 1643 et
3201 1589 3545 1645 exolescere.
3589 1590 3670 1646 Eo

2086 1689 2351 1745 responso
2379 1677 2545 1751 474
2573 1679 2717 1751 Sylla
2747 1682 3162 1754 obstupefactus
3193 1702 3207 1739 :
3252 1685 3345 1741 Vel
3378 1686 3453 1741 bis
3483 1687 3668 1742 ordine

394 1746 572 1802 Σύλλα
597 1748 853 1819 λέγοντος
901 1754 930 1806 6
976 1756 1258 1826 Πομπήϊος
1312 1757 1410 1828 οὐχ
1466 1759 1802 1830 ὑπέπτηξεν,
1857 1762 1971 1815 ἀλλ’

2087 1746 2766 1838 triumphet,—esc_laniavit.
2805 1746 3070 1832 Militibus
3100 1785 3285 1832 autem
3318 1778 3669 1835 obturbanti-

394 1841 594 1893 ἐννοεῖν
620 1840 726 1914 ἔφη
808 1844 917 1897 δεῖν
953 1845 1034 1898 ὅτι.
1064 1847 1157 1899 τὸν
1193 1848 1347 1919 ἥλιον
1384 1850 1747 1904 ἀνατέλλοντα
1807 1853 1983 1907 πλείο-

395 1930 540 2001 νεςῆ
586 1933 850 2003 δυόμενον
915 1938 1312 2008 προσκυνοῦσι·
1358 1940 1536 2010 δηλῶν
1610 1943 1864 1997 ἐντεῦθεν
1906 1945 1982 2009 ὡς

392 2021 545 2092 αὐτῷ
575 2023 672 2093 μὲν
697 2026 729 2093 ἡ
755 2026 988 2096 δύναμις
1013 2028 1260 2095 αὔξεται,
1294 2031 1490 2103 ἐκείνῳ
1520 2031 1577 2085 δέ
1631 2033 1889 2103 μειοῦται
1919 2051 1979 2088 τε

395 2117 492 2168 καὶ
525 2118 879 2186 μαραίνεται.
901 2120 1047 2189 Πρὸς
1085 2121 1262 2175 ταῦτα
1281 2124 1310 2176 6
1338 2124 1545 2187 Σύλλας
1576 2126 1977 2195 καταπλαγεὶς,

393 2208 495 2272 Δὶς
513 2208 739 2277 ἐφεξῆς
768 2212 1238 2279 θριαμϐευσάτω,
1267 2214 1515 2285 ἐϐόησεν.
1536 2218 1622 2281 Ὠς
1643 2218 1699 2271 δὲ
1732 2220 1783 2270 οἱ
1820 2236 1981 2288 erga.-

390 2300 584 2353 τιῶται
619 2302 861 2372 ἐνοχλεῖν
890 2304 1176 2359 ἐϐούλοντο
1194 2309 1289 2361 καί
1314 2292 1690 2382 θορυϐεῖνίμὴ
1720 2315 1978 2382 τυχόντες

395 2392 605 2464 ἡλίκων
628 2397 1056 2466 προσεδόκησαν,
1084 2400 1112 2451 6
1142 2400 1428 2469 Πομπήϊος
1448 2402 1681 2471 ἀφήσειν
1709 2402 1812 2471 ἔφη
1843 2402 1981 2470 μᾶλ-

393 2485 486 2538 λον
511 2487 604 2539 τὸν
635 2487 906 2558 θρίαμϐον
953 2489 986 2559 ἢ
1040 2490 1398 2543 κολακεύσειν
1438 2493 1566 2554 τοὺς
1614 2495 1975 2563 στρατιώτας.

392 2575 536 2645 Πρὸς
578 2575 606 2628 ὃ
645 2577 955 2646 Σερουΐλιος
1013 2580 1155 2652 ἀνὴρ
1214 2581 1489 2650 ἐπιφανὴς
1546 2582 1640 2634 καὶ
1678 2584 1976 2651 ἀντιλέγων

393 2668 525 2737 πρὶν
560 2668 700 2739 πρὸς
735 2672 824 2722 τὸν
862 2670 1157 2740 θρίαμϐον,
1188 2671 1340 2734 Νῦν,
1372 2672 1499 2741 ἔφη,
1534 2673 1838 2742 Πομπήϊος
1874 2674 1975 2727 καὶ

393 2761 637 2830 Μάγνος
672 2761 936 2828 ἀληθῶς,
971 2761 1068 2815 καὶ
1119 2760 1291 2828 ἄξιος
1314 2763 1722 2833 θριαιισεῦσαι.
1771 2765 1976 2828 Σύλλας

389 2850 447 2903 δὲ
471 2852 663 2920 ἠνιᾶτο
689 2852 810 2921 μὲν,
838 2852 978 2922 ὁρῶν
1001 2859 1080 2915 εἰς
1119 2854 1243 2906 ὅσον
1275 2857 1494 2924 πρόεισι
1530 2855 1690 2924 δόξης
1731 2858 1827 2909 καὶ
1885 2858 1978 2910 δυ-

387 2943 605 3012 νάμεως
637 2946 665 2996 6
700 2945 1003 3014 Πομπήϊος,
1045 2946 1435 3015 αἰσχυνόμενος
1467 2947 1524 2999 δὲ
1559 2948 1816 3012 κωλύειν,
1850 2950 1975 3019 ήσυσ

388 3039 514 3109 χίαν
543 3034 670 3109 ἦγε.
726 3040 960 3102 Λέπιδος
1004 3041 1188 3110 μέντοι
1240 3042 1444 3110 σπουδῇ
1502 3044 1788 3113 Πομπηΐου
1841 3045 1974 3098 ὑπα-

385 3130 534 3195 τείας
562 3130 761 3201 τυχὼν,
793 3133 873 3195 είς
902 3131 999 3203 τὴν
1046 3131 1222 3185 Σύλλα
1275 3132 1507 3200 δύναμιν
1550 3136 1763 3189 ἐκείνου
1794 3138 1974 3189 τελευο

386 3223 654 3293 στήσαντος
695 3223 891 3276 ἐαυτὸν
911 3225 1199 3281 εἰσεποίει.
1250 3227 1363 3280 Καὶ
1423 3228 1587 3291 εὐθὺς
1620 3229 1841 3293 ἔνοπλος
1881 3226 1972 3301 ἢν,

387 3315 460 3367 τὰ
487 3314 598 3367 τῶν
629 3314 872 3368 στάσεων
901 3314 1294 3386 ὑπολείμματα
1329 3318 1625 3371 ἀνακινῶν.
1647 3320 1759 3371 Καὶ
1782 3321 1810 3372 ὀ
1829 3320 1973 3389 Πομ-

388 3409 545 3480 πήϊος
572 3406 798 3477 ἡγεμὼν
829 3408 1245 3477 στρατεύματος
1274 3410 1574 3480 ἀπεδείχθη
1624 3413 1768 3465 κατὰ
1798 3414 1970 3465 Λεπί-

384 3500 503 3562 δου,
541 3500 639 3571 ἤδη
680 3499 849 3553 πολλὰ
892 3502 990 3570 τῆς
1038 3500 1272 3564 Ἰταλίας
1323 3503 1679 3571 κεκινηκότος
1732 3506 1828 3557 καὶ
1874 3506 1974 3576 τὴν

391 3594 545 3656 ἐντὸς
580 3591 834 3646 ’Ἄλπεων
869 3593 1142 3645 Γαλατίαν
1181 3593 1270 3648 διά
1316 3595 1556 3665 Βρούτου
1619 3598 1971 3667 κατέχοντος.

387 3682 509 3736 Τῶν
536 3682 637 3751 μὲν
667 3678 759 3735 οὖν
787 3681 966 3736 ἄλλων
1000 3681 1208 3754 ῥᾳδίως
1248 3685 1558 3757 ἐκράτησεν
1585 3689 1613 3738 ὁ
1664 3688 1970 3758 Πομπήϊος,

385 3774 818 3845 ἀντικαθήμενος
849 3774 908 3827 δέ
937 3774 1016 3845 τῷ
1043 3775 1265 3846 Βρούτῳ
1315 3779 1615 3849 ἐχρόνισεν.
1649 3777 1784 3835 Εἶτα
1846 3782 1973 3833 ἐαυ-

384 3870 476 3922 τὸν
504 3871 532 3922 6
563 3867 800 3938 Βροῦτος
824 3867 976 3939 αὐτῷ
1007 3869 1364 3941 ἐνεχείρισεν,
1412 3870 1445 3940 ἢ
1497 3871 1972 3943 μεταϐαλλόμενος

382 3958 417 4028 ἢ
459 3956 763 4030 προδνθείς.
805 3959 965 4010 Καὶό
998 3957 1113 4029 μὲν.
1145 3959 1412 4029 ἀνῃρέθη,
1456 3954 1629 4030 οὗπερ
1663 3961 1777 4023 υἱὸς
1827 3957 1895 4031 ἦν
1943 3963 1971 4012 6

384 4050 648 4119 Καίσαρα
676 4048 903 4120 ὕστερον
929 4049 1410 4119 διαχειρισάμενος
1456 4049 1714 4120 Βροῦτος.
1740 4051 1970 4116 Λέπιδος

385 4143 446 4196 δὲ
502 4143 601 4214 τῆς
645 4143 877 4206 Ἰταλίας
911 4139 1311 4205 ἐκπεπτωκὼς,
1368 4141 1512 4213 νόσῳ
1555 4143 1846 4198 ἀπέθανεν.
1908 4143 1968 4198 Ὀ

356 4225 571 4302 ’μέντοι
602 4230 908 4303 Σερτώριος
963 4232 1064 4299 τὴν
1121 4230 1366 4301 Ἰϐηρίαν
1419 4230 1558 4301 ἔχων
1602 4230 1832 4303 φοϐερὸς
1875 4228 1964 4304 ἦν.

384 4324 498 4378 Καὶ
534 4325 671 4395 πρὸς
698 4321 889 4376 τοῦτον
913 4320 1009 4376 οὖν
1049 4324 1078 4375 6
1106 4323 1391 4393 Πομπήϊος
1458 4322 1686 4392 ἐστάλη,
1747 4340 1971 4394 συμμα..

2085 1857 2189 1914 bus
2237 1868 2294 1914 et
2349 1862 2839 1929 tumultuantibus,
2894 1867 3041 1936 quod
3104 1870 3519 1938 exspectatione
3567 1886 3666 1925 sua

2085 1953 2297 2007 minora
2330 1956 2694 2024 accepissent,
2758 1958 3057 2027 Pompeius
3091 1974 3150 2014 se
3190 1960 3532 2029 triumphum
3564 1978 3668 2033 po-

2085 2044 2195 2099 tius
2222 2046 2582 2113 omissurum,
2637 2064 2801 2118 quam
2853 2050 3123 2107 militibus
3153 2051 3507 2108 adulaturum
3541 2069 3667 2111 esse

2081 2137 2391 2194 affirmavit.
2432 2140 2515 2195 Ad
2580 2141 2728 2211 quod
2781 2141 3074 2204 Servilius.
3131 2142 3218 2197 vir
3267 2143 3519 2209 illustris,
3570 2145 3670 2215 qui

2081 2239 2209 2284 ante
2241 2230 2520 2302 triumpho
2554 2234 2674 2305 ejus
2710 2234 3036 2291 adversatus
3083 2235 3310 2291 fuerat:
3348 2235 3529 2303 Nunc,
3580 2236 3669 2291 in-

2080 2321 2221 2389 quit,
2250 2321 2537 2393 Pompeius
2566 2333 2616 2377 et
2655 2340 2774 2378 vere
2805 2341 3028 2396 magnus
3057 2335 3155 2390 est,
3195 2335 3244 2380 et
3283 2329 3550 2398 triumpho
3581 2327 3665 2382 di-

2078 2428 2233 2480 gnus.
2267 2410 2411 2484 Sylla
2445 2428 2580 2468 vero
2614 2415 2716 2470 etsi
2772 2416 3044 2471 crescenti
3100 2417 3349 2486 Pompeii
3398 2418 3586 2488 gloriae
3610 2427 3668 2473 et

2081 2503 2341 2571 potentiae
2388 2504 2697 2570 invidebat,
2761 2515 2943 2561 tamen
3002 2508 3213 2577 pudore
3253 2508 3662 2571 deterrebatur,

2078 2593 2376 2661 quominus
2426 2597 2476 2650 ei
2512 2595 2923 2652 adversaretur.
2980 2596 3223 2667 Lepidus
3255 2614 3386 2655 vero
3416 2599 3664 2670 Pompeii

2078 2683 2264 2738 studio
2285 2686 2635 2742 consulatum
2661 2690 2914 2758 adeptus,
2943 2704 3071 2743 cum
3103 2697 3227 2759 post
3258 2689 3419 2761 Sylla:
3448 2690 3661 2744 obitum

2078 2776 2264 2830 statim
2295 2777 2444 2832 illius
2472 2781 2777 2848 potentiam
2810 2781 2914 2836 sibi
2957 2782 3266 2843 vindicans,
3297 2788 3547 2836 armatus
3576 2796 3664 2836 se-

2077 2866 2350 2922 ditionum
2382 2869 2648 2924 scintillas
2698 2874 2988 2936 excitaret,
3054 2872 3357 2942 Pompeius
3386 2872 3497 2927 dux
3530 2886 3666 2927 con-

2078 2965 2159 3011 tra
2199 2974 2325 3012 eum
2361 2959 2562 3015 missus
2585 2969 2690 3027 est,
2742 2977 2867 3016 cum
2919 2963 3011 3017 illc
3042 2978 3295 3034 magnam
3332 2964 3500 3019 Italiae
3532 2980 3662 3034 par-

2078 3060 2187 3107 tem
2216 3052 2327 3122 jam
2358 3056 2769 3118 commovisset,
2816 3064 2872 3110 et
2903 3055 3245 3126 Cisalpinam
3295 3056 3529 3113 Galliam
3564 3073 3664 3127 per

2073 3141 2304 3197 Brutum
2341 3156 2688 3215 occupasset.
2733 3147 2809 3200 Ac
2836 3155 3066 3201 caeteros
3100 3147 3326 3216 quidem
3363 3149 3661 3218 Pompeius

2072 3234 2232 3289 facile
2265 3239 2569 3306 superavit,
2628 3238 2723 3293 sed
2781 3239 3195 3293 dimicationem
3231 3239 3497 3295 adversus
3525 3240 3661 3294 Bru-

2074 3336 2188 3382 tum
2223 3330 2386 3397 paulo
2418 3329 2630 3384 diutius
2655 3329 2873 3385 distulit
2901 3350 2916 3386 :
2957 3332 3136 3385 donec
3165 3331 3384 3386 tandem
3418 3332 3536 3400 ipse
3572 3332 3654 3385 vel

2073 3421 2348 3475 sententia
2402 3430 2637 3481 mutata.
2688 3422 2775 3476 vel
2819 3436 2849 3475 a
2901 3423 3019 3476 suis
3049 3421 3327 3490 proditus,
3371 3421 3657 3476 deditione

2071 3514 2233 3576 facta,
2274 3513 2527 3568 sublatus
2557 3523 2660 3569 est.
2687 3515 2820 3585 Ejus
2846 3515 3001 3569 Bruti
3040 3515 3185 3570 filius
3215 3514 3262 3569 is
3294 3514 3499 3568 Brutus
3528 3513 3654 3581 fuit,

2071 3604 2163 3672 qui
2194 3611 2313 3673 post
2348 3603 2620 3660 Caesarem
2656 3605 2956 3660 interfecit.
2991 3605 3235 3676 Lepidus
3281 3604 3435 3659 [talia
3467 3605 3656 3672 pulsus

2072 3696 2266 3750 morbo
2298 3697 2484 3767 periit.
2541 3698 2647 3751 Sed
2682 3713 2808 3751 cum
2844 3698 3128 3755 Sertorius
3176 3697 3455 3767 Hispaniis
3485 3712 3655 3751 occu-

2068 3791 2214 3859 patis
2248 3789 2616 3845 formidabilis
2637 3797 2807 3856 esset,
2871 3790 3168 3860 Pompeius
3220 3788 3397 3860 Oppio
3434 3789 3653 3845 Metello

2069 3900 2193 3939 cum
2246 3884 2341 3939 illo
2390 3885 2597 3939 bellum
2644 3884 2857 3955 gerenti
2905 3882 3115 3938 auxilio
3163 3881 3389 3945 missus,
3432 3881 3653 3937 duobus

2069 3977 2302 4033 Sertorii
2345 3977 2584 4032 ducibus
2629 3978 2932 4048 superatis,
2971 3977 3112 4031 ultra
3158 3990 3191 4029 ι
3226 3974 3396 4028 millia
3427 3975 3650 4035 cecidit.

2068 4069 2277 4123 Deinde
2304 4084 2429 4124 cum
2459 4067 2712 4124 Sertorio
2739 4070 2860 4138 ipso
2889 4068 3112 4138 ancipiti
3146 4066 3380 4121 victoria
3418 4065 3652 4123 dimica-

2068 4159 2168 4213 vit.
2200 4161 2246 4213 A
2279 4158 2464 4229 pedite
2490 4160 2732 4230 ingentis
2760 4163 3027 4228 corporis,
3060 4159 3175 4229 ipse
3196 4174 3391 4229 eques,
3425 4175 3648 4215 manum

2068 4250 2234 4315 ictus,
2286 4250 2436 4305 illius
2482 4266 2705 4305 manum
2742 4252 3067 4321 amputavit.
3118 4251 3328 4309 Castris
3376 4268 3500 4307 cum
3536 4253 3649 4307 Me-

2071 4342 2203 4397 tello
2232 4343 2565 4414 conjunctis,
2623 4343 2801 4397 virum
2841 4343 3159 4409 honoravit,
3203 4352 3257 4400 et
3287 4344 3531 4399 vicissim
3565 4355 3652 4401 est

381 4423 568 4488 χήσων
615 4414 836 4484 Ὀππίῳ
868 4414 1127 4486 Μετέλλῳ
1175 4415 1468 4486 μαχομένῳ
1518 4415 1654 4485 πρὸς
1702 4416 1795 4469 τὸν
1843 4417 1966 4489 Σερ.

2073 4433 2397 4489 honoratus.
2448 4434 2696 4490 Sertorio
2739 4435 2809 4489 ab
2860 4435 3055 4491 amicis
3100 4451 3200 4506 per
3249 4435 3435 4491 dolum
3471 4436 3649 4491 inter-

379 4512 599 4581 τὼριον.
634 4510 727 4573 Εἰς
791 4507 1032 4579 Ἰϐηρίαν
1073 4507 1130 4560 δὲ
1182 4508 1539 4578 ἀφικόμενος,
1588 4509 1805 4580 πρῶτον
1859 4511 1960 4581 μὲν

379 4601 501 4655 δυσὶ
536 4602 864 4671 στρατηγοῖς
923 4598 1288 4668 ἀντικατέστη
1340 4598 1436 4652 τοῦ
1479 4598 1811 4672 Σερτωρίου,
1864 4602 1960 4654 καὶ

382 4697 612 4764 νικήσας
651 4692 792 4760 ὑπὲρ
836 4691 1064 4762 μυρίους
1103 4691 1454 4745 ἀπέκτεινεν·
1504 4686 1628 4746 εἶτα
1670 4697 1765 4746 καὶ
1806 4692 1958 4763 αὐτῷ

378 4784 669 4854 Σερτωρίῳ
687 4782 1020 4853 προσμίξας,
1052 4782 1353 4853 ἀμφίδοξον
1383 4781 1587 4853 ἔσχηκε
1618 4783 1713 4836 τὸν
1744 4784 1955 4852 ἀγῶνα.

390 4874 741 4936 Ἐπελθόντος
768 4873 826 4925 δὲ
854 4874 1134 4942 Πομπηῖῳ
1159 4872 1275 4924 ὖντι
1308 4871 1739 4943 ίππότῃάνδρὸς
1781 4874 1954 4942 μεγά-

375 4966 470 5019 λου
499 4965 690 5030 πεζοῦ,
718 4965 744 5016 6
768 4964 868 5033 μέν
894 4963 1178 5034 Πομπήϊος
1230 4961 1335 5016 ὑπὸ
1369 4964 1579 5016 ἐκείνου
1601 4965 1812 5035 ἐπλήγη
1858 4966 1956 5036 τὴν

376 5063 560 5131 χεῖρα,
585 5061 792 5121 ἐκεῖνος
821 5056 878 5110 δὲ
923 5057 1030 5109 ὑπὸ
1089 5055 1381 5126 Πομπηΐου
1451 5057 1623 5128 αὐτὴν
1673 5058 1952 5130 ἀπεκόπη.

387 5153 643 5216 Ἐνωθεῖς
678 5153 734 5206 δὲ
760 5149 839 5222 τῷ
902 5148 1187 5221 Μετέλλῳ,
1221 5149 1450 5221 ἐτίμησε
1477 5149 1570 5204 τὸν
1621 5151 1817 5223 ἄνδρα,
1857 5153 1955 5207 καὶ

373 5246 631 5318 ἐτιμήθη·
662 5243 799 5298 ἀλλά
835 5247 929 5296 τοῦ
988 5242 1297 5313 Σερτωρίου
1353 5242 1805 5313 δολοφονηθέντος
1847 5247 1955 5300 ὑπὸ

372 5339 485 5398 τῶν
519 5338 712 5407 φίλων,
743 5335 1056 5405 Περπέννας
1083 5335 1237 5386 ὁτῶν
1259 5332 1432 5393 αὐτοῦ
1458 5335 1748 5406 ἡγεμόνων
1781 5354 1953 5409 κορυ.

378 5433 690 5501 φαιότατος,
728 5429 1084 5499 ἐπεχείρησεν
1127 5425 1322 5497 ἐκείνῳ
1367 5429 1540 5500 ποιεῖν
1582 5428 1806 5497 ὁμοίως,
1853 5429 1949 5494 τάς

374 5521 588 5578 ἐκείνου
635 5519 894 5589 δυνάμεις
931 5514 1381 5588 περιϐαλόμενος.
1428 5515 1569 5569 Ἀλλ’
1604 5519 1633 5570 6
1663 5519 1950 5589 Πομπήϊος

373 5615 797 5685 ἀντιταξάμενος
813 5610 962 5683 αὑτῷ
980 5607 1251 5681 ἐκράτησε
1274 5609 1514 5675 πάντων,
1539 5611 1632 5664 καὶ
1652 5610 1950 5685 διεφθάρη-

374 5729 470 5765 σκν
498 5712 547 5764 οἱ
578 5710 819 5763 πλεῖστοι
843 5703 953 5760 τῶν
983 5700 1268 5775 ἡγεμόνων
1293 5702 1354 5756 ἐν
1381 5702 1450 5773 τῇ
1487 5701 1632 5775 μάχη
1655 5717 1669 5733 ⁸
1701 5704 1864 5777 αὑτὸν
1888 5705 1949 5763 δὲ

2062 4529 2230 4593 fecto,
2261 4527 2549 4598 Perpenna
2580 4526 2782 4583 ducum
2812 4528 2935 4597 ejus
2983 4528 3264 4598 princeps,
3290 4528 3546 4598 exemplo
3583 4530 3644 4582 il.

2060 4617 2170 4672 lius
2199 4616 2513 4687 legionibus
2537 4617 2808 4683 munitus,
2834 4633 2864 4671 a
2896 4618 3159 4687 Pompeio
3189 4617 3369 4673 victus
3400 4626 3506 4681 est,
3536 4618 3651 4688 ple-

2060 4707 2248 4778 risque
2279 4707 2517 4763 ducibus
2545 4708 2600 4763 in
2637 4708 2754 4763 acie
2792 4709 2988 4764 caesis:
3031 4717 3088 4764 et
3120 4710 3238 4778 ipse
3262 4708 3421 4764 vivus
3460 4709 3513 4762 in
3544 4725 3645 4779 po-

2060 4807 2318 4856 testatem
2349 4799 2630 4863 redactus,
2683 4816 2875 4870 pennas
2922 4800 3096 4855 dedit.
3154 4801 3401 4857 Moratus
3430 4802 3486 4856 in
3519 4802 3644 4857 llis-

2061 4890 2244 4961 pania,
2278 4890 2408 4945 dum
2436 4891 2634 4961 sopitis
2666 4891 2999 4947 tumultibus
3045 4906 3135 4947 res
3165 4902 3546 4963 componeret,
3579 4908 3645 4948 ac

2058 4982 2307 5037 reductis
2341 4982 2398 5038 in
2440 4983 2652 5039 Italiam
2700 4984 2899 5054 copiis,
2940 4985 3314 5054 suspicionem
3351 4996 3405 5039 et
3432 4992 3639 5040 metum

2057 5071 2367 5138 hominum,
2398 5090 2470 5129 ne
2502 5075 2736 5131 retentis
2780 5076 3097 5147 legionibus
3142 5076 3510 5145 principatum
3551 5091 3642 5129 ar-

2056 5162 2162 5219 mis
2208 5164 2314 5220 sibi
2364 5164 2693 5230 vindicaret,
2754 5166 3016 5230 abolevit,
3046 5181 3104 5222 se
3134 5175 3264 5235 post
3295 5167 3634 5235 triumphum

2054 5255 2358 5311 exercitum
2388 5257 2747 5313 dimissurum
2776 5257 3082 5327 professus.
3129 5256 3303 5311 Unam
3332 5270 3446 5309 rem
3481 5256 3537 5310 in
3566 5271 3637 5312 eo

2054 5347 2537 5417 reprehendebant
2567 5348 2763 5411 invidi,
2793 5347 2941 5417 quod
2973 5346 3258 5416 popularis
3278 5363 3426 5400 aurae
3461 5349 3635 5417 magis

2054 5452 2217 5508 quam
2270 5438 2597 5509 optimatum
2648 5439 2930 5494 studiosus
2974 5446 3123 5493 esset
3168 5454 3182 5491 :
3226 5437 3390 5507 idque
3437 5452 3635 5493 verum

2053 5542 2193 5586 erat.
2224 5530 2415 5601 Neque
2465 5533 2614 5585 enim
2644 5531 2939 5601 quisquam
2973 5532 3178 5601 majora
3213 5538 3269 5584 et
3314 5530 3634 5587 ardentiore

2053 5620 2240 5691 populi
2273 5619 2507 5674 Romani
2541 5619 2706 5692 475
2756 5620 2939 5676 studia
2989 5620 3203 5677 habuit.
3243 5622 3434 5691 Itaque
3462 5630 3523 5678 et
3555 5622 3636 5677 al-

2055 5720 2140 5769 ter
2174 5711 2508 5782 triumphus,
2564 5720 2621 5768 et
2667 5712 3016 5783 consulatus,
3067 5723 3124 5771 et
3172 5713 3426 5780 Crassus,
3480 5715 3629 5771 illius
