4024 6408
354 345 466 412 807

354 529 647 607 consulatu
675 561 787 602 non
821 548 1227 601 consenserunt
1254 557 1270 596 :
1312 536 1587 621 ac’major
1618 533 1724 589 fuit
1747 529 1937 589 Crassi

356 640 416 695 in
447 646 667 700 senatu,
692 635 920 706 Pompei
954 632 1101 703 apud
1128 620 1391 702 pepulum
1439 624 1762 682 auctoritas.
1790 620 1939 678 Con-

359 730 604 785 sulatum
634 728 857 799 quidem
889 724 1188 779 recusavit.
1221 722 1289 777 Et
1318 720 1448 791 quia
1490 716 1662 773 moris
1705 722 1848 782 erat,
1881 719 1943 767 ut

358 821 591 879 Romani
614 819 850 889 equites,
875 832 1001 870 cum
1022 814 1327 885 legitimum
1350 821 1567 881 tempus
1590 807 1939 862 militassent.

360 926 509 981 equo
547 911 781 981 quisque
816 923 919 963 suo
954 906 1011 961 in
1060 907 1241 961 forum
1277 904 1344 959 ad
1376 917 1637 959 censores
1676 897 1941 963 adducto,

359 1005 531 1058 duces
558 1011 616 1057 et
667 1002 1030 1070 imperatores
1082 1004 1441 1053 recenserent
1469 992 1572 1048 sub
1605 991 1811 1062 quibus
1838 988 1945 1044 sti-

359 1093 565 1164 pendia
614 1091 973 1152 meruissent,
1019 1096 1077 1144 et
1108 1086 1415 1143 rationibus
1449 1082 1661 1140 militiae
1688 1078 1945 1142 redditis,

361 1184 451 1238 vel
495 1184 708 1239 honore
756 1182 843 1237 vel
883 1181 1185 1253 ignominia
1238 1194 1340 1250 pro
1387 1186 1656 1233 anteacta:
1699 1174 1827 1229 vitae
1857 1187 1946 1226 ra-

364 1275 515 1328 tione
566 1272 961 1328 aiIicerentur:
1001 1269 1264 1341 Pompeio
1308 1269 1477 1323 etiam
1528 1269 1676 1322 inter
1718 1274 1949 1319 caeteros

362 1364 582 1435 imperii
616 1364 925 1435 insignibus
955 1370 1175 1428 ornato,
1204 1375 1409 1431 equum
1458 1373 1626 1415 manu
1657 1358 1726 1412 ad
1760 1368 1951 1412 censo-

362 1471 455 1509 res
486 1455 815 1519 adducente,
854 1453 1092 1523 populus
1142 1466 1267 1506 cum
1319 1448 1691 1504 admiratione
1736 1443 1947 1508 tacuit;

360 1544 660 1614 Pompeius
690 1560 825 1599 vero
857 1544 1033 1599 altero
1063 1557 1295 1598 censore
1344 1548 1571 1611 rogante
1606 1555 1622 1595 :
1662 1538 1748 1592 An
1772 1551 1953 1590 omnes

1661 327 1987 395 JOANNIS
2013 321 2340 388 ZONAR/E
3434 408 3437 417 .

352 457 531 532 gratia
562 460 804 528 amatus,
849 450 1060 522 collega
1108 448 1161 504 ei
1210 445 1374 503 datus
1400 449 1510 501 est.
1560 439 1838 498 Caeterum
1872 437 1930 532 in

2060 434 2125 489 :ov
2153 434 2474 503 Περπένναν
2509 428 2788 485 ἑαλωκότα
2817 424 2956 492 ζωὸν
2989 424 3302 532 ἀπέκτεινε.
3322 422 3431 475 Καὶ
3453 439 3644 532 προτ-ἱ

3512 310 3625 373 8οἳ

2043 498 2249 597 μείνας
2291 525 2429 590 ἐκεῖ,
2475 523 2572 577 καὶ
2629 521 2984 590 καταστήσας
3026 518 3096 571 τά
3145 514 3473 587 πράγματα,
3525 498 3647 569 καὶ)

2042 617 2389 681 κατασϐέσας
2421 617 2518 678 τὰς
2551 612 2823 685 ταραχὰς,
2856 612 2938 674 εἱς
2984 608 3215 664 Ἰταλίαν
3243 608 3503 677 ἀπήγαγε
3531 606 3648 661 τὶν

2046 708 2301 779 στρατόν.
2336 702 2447 759 Ἦν
2494 706 2551 760 δὲ
2598 702 2807 773 ὑποψία
2859 701 2956 755 καὶ
2985 701 3126 764 δέος,
3168 696 3245 762 ὡς
3275 698 3336 752 ού
3390 699 3630 769 προήσε⁸

2042 816 2134 853 ται
2161 800 2223 852 τὺ
2249 797 2587 868 στράτευμα,
2618 795 2687 848 δι’
2711 794 2892 848 ὃπλων
2924 792 2984 846 δέ
3018 791 3287 862 βαδιεῖται
3326 791 3635 861 μοναρχίας

2045 890 2361 961 κατάρχων.
2409 889 2468 943 '0
2499 888 2557 943 δὲ
2588 887 2795 957 ταύτην
2837 883 3016 941 ἀνεῖλε
3040 883 3138 955 τὴν
3175 883 3457 948 ὑπόνοιαν,
3478 883 3634 952 ἀφήο

2048 998 2164 1035 σειν
2215 982 2278 1035 τὸ
2307 980 2624 1053 στράτευμα
2649 980 2850 1049 φήσας,
2890 975 3029 1047 μετά
3081 976 3172 1029 τὸν
3204 974 3497 1044 θρίαμϐον.
3530 974 3635 1027 Ἕν

2046 1073 2092 1128 δ’
2121 1072 2203 1128 ἔτι
2258 1075 2308 1127 oi
2342 1071 2733 1143 βασκαίνοντες
2758 1068 2920 1122 αὐτὸν
2955 1065 3208 1138 ᾐτιῶντο,
3255 1065 3337 1118 ὅτι
3364 1064 3443 1135 τῷ
3470 1063 3637 1135 δήμῳ

2053 1167 2258 1239 μᾶλλον
2321 1168 2355 1237 ἢ
2414 1169 2481 1236 τῇ
2514 1165 2677 1235 βουλῇ
2724 1164 3083 1235 προσένειμεν
3126 1160 3317 1213 ἑαυτόν
3341 1174 3357 1189 ⁸
3393 1160 3529 1227 ὅπερ
3560 1153 3637 1225 ἦν

2048 1258 2274 1332 ἀληθές.
2329 1260 2407 1313 Οὐ
2443 1259 2555 1328 γάρ
2585 1259 2705 1311 ἐστι
2757 1250 2965 1317 οὗτινος
2993 1252 3403 1324 ἐμμανέστερον
3435 1253 3463 1304 ὁ
3494 1248 3643 1303 Ῥω·-

2054 1354 2230 1425 μαίων
2284 1350 2502 1422 ἠράσθη
2556 1350 2749 1420 δῆμος.
2800 1345 3112 1417 Ἐψηφίσθη
3151 1343 3283 1413 γοῦν
3309 1342 3457 1413 αὐτῷ
3487 1342 3635 1395 ὐπα-

2049 1447 2194 1508 τεία,
2219 1444 2315 1501 καὶ
2347 1443 2601 1514 δεύτερος
2641 1440 2930 1510 θρίαμϐοςο
2969 1438 3366 1493 συνυπατεύειν
3400 1435 3454 1488 δὲ
3481 1435 3639 1504 αὐτῷ

2053 1542 2148 1594 καὶ
2175 1539 2205 1592 ό
2238 1536 2497 1609 Κράσσος
2528 1532 2805 1605 ἐψηφίσθη
2842 1530 3011 1585 αὑτοῦ
3047 1526 3635 1592 σπονδάσαντος.Ἀλ>.’

361 1636 715 1703 expeditiones
745 1652 809 1691 ea:
840 1635 953 1706 lege
1010 1635 1220 1690 obiiuet
1247 1634 1272 1688 .9
1302 1648 1497 1704 magna
1523 1646 1659 1686 voce
1684 1645 1740 1684 se
1763 1628 1952 1682 abiisse

2060 1627 2475 1699 ἀποδειχθέντες
2518 1626 2716 1679 ὕπατοι
2754 1624 3098 1702 διεφέροντο,
3145 1622 3243 1674 καὶ
3294 1623 3352 1674 ἐν
3405 1618 3508 1689 μέν
3566 1621 3637 1690 τῇ

359 1729 666 1798 respondit,
720 1745 915 1800 easque
959 1743 1137 1783 omnes
1182 1744 1239 1782 se
1270 1728 1385 1798 ipso
1431 1726 1772 1795 imperatore.
1810 1718 1950 1774 Tum

2060 1719 2223 1791 βουλῇ
2260 1719 2288 1772 ό
2311 1718 2566 1789 Κράσσος
2594 1716 2749 1787 ἴσχυε
2775 1715 3003 1786 μᾶλλον,
3059 1714 3209 1784 παρὰ
3251 1712 3307 1765 δὲ
3349 1710 3429 1782 τῷ
3476 1710 3640 1780 δήμῳ

361 1791 567 1889 populo
598 1791 960 1885 acclamante,
1007 1836 1038 1874 a
1089 1791 1418 1875 censoribus
1468 1791 1525 1871 in
1576 1811 1952 1870 multitudinis

2060 1812 2281 1884 ἐκράτει
2308 1811 2618 1882 Πομπήϊος.
2642 1809 3011 1882 Παρῃτήσατο
3037 1807 3094 1861 δὲ
3117 1808 3214 1861 καὶ
3245 1805 3345 1877 τὴν
3385 1820 3595 1878 στρατη
3638 1836 3645 1840 -

360 1912 596 1978 gratiam
633 1911 938 1966 honoriﬁce
965 1911 1193 1965 domum
1219 1915 1306 1965 est
1334 1906 1632 1963 deductus.

2060 1903 2186 1973 γίαν
2211 1902 2347 1975 (60).
2404 1901 2517 1956 Καὶ
2568 1900 2724 1964 ἔθους
2753 1900 2910 1962 δντος
2944 1901 3058 1962 τοῖς
3103 1896 3397 1968 Ῥωμαίοις
3437 1893 3646 1948 ἱππεῦ-

363 2023 451 2060 σιν
483 2008 616 2061 ὅταν
651 2009 1098 2079 στρατεύσωνται
1126 2006 1220 2060 τὸν
1266 2005 1502 2076 νόμιμον
1537 2002 1752 2074 χρόνον,
1787 2002 1943 2071 άγειν
1970 2000 2064 2055 τὸν
2093 2001 2260 2055 ἵππον
2288 2000 2368 2064 είς
2392 1998 2599 2069 ἀγορὰν
2619 1998 2715 2050 ἐπὶ
2768 1996 2893 2059 τοὺς
2948 1997 3207 2065 τιμητὰς,
3286 1993 3650 2065 καταριθμεῖ·

365 2098 499 2150 σθαί
564 2115 624 2151 τε
658 2100 768 2151 τῶν
809 2098 1137 2171 στρατηγῶν
1155 2097 1249 2150 καὶ
1274 2094 1699 2165 αὐτοκρατόρων
1718 2093 1954 2146 ἕκαστον
1989 2092 2079 2161 ὑφ’
2102 2086 2184 2156 οἷς
2222 2091 2681 2162 ἐστρατεύσαντο,
2719 2089 2814 2143 καὶ
2835 2087 3066 2151 εὐθύνας
3096 2086 3297 2140 διδόναι
3325 2087 3425 2157 τῆς
3469 2102 3646 2155 στρα-

365 2193 542 2256 τείας,
585 2192 680 2244 καὶ
707 2189 887 2254 οὕτως
934 2189 1194 2259 ἀφίεσθαι
1233 2188 1542 2259 νεμομένης
1561 2186 1729 2258 τιμῆς
1754 2187 1787 2257 ἢ
1816 2185 2044 2257 ἀτιμίας
2070 2185 2460 2258 προσηκούσης
2482 2187 2594 2244 τοῖς
2622 2183 2757 2253 βίοις
2798 2183 3066 2235 ἑκάστων*
3105 2182 3227 2234 τότε
3257 2179 3645 2254 προεκάθηντο

368 2281 469 2354 μὲν
529 2283 579 2335 οί
613 2283 863 2352 τιμηταὶ,
907 2280 1004 2335 καὶ
1034 2283 1084 2334 οί
1126 2282 1313 2345 ίππεῐς
1361 2279 1647 2351 παρῄεσαν
1678 2278 2085 2348 ἐξεταζόμενοι.
2119 2277 2300 2348 Ὠφθη
2331 2277 2389 2330 δὲ
2411 2278 2505 2331 καὶ
2529 2278 2813 2346 Πομπήϊος
2847 2276 2927 2338 είς
2954 2274 3052 2345 τὴν
3075 2274 3305 2345 ἀγορὰν,
3324 2274 3391 2328 τὰ
3423 2272 3524 2344 μέν
3544 2277 3642 2330 ἀλ-

363 2375 435 2428 λα
458 2374 770 2445 παράσημα
789 2376 888 2444 τῆς
928 2372 1105 2444 ἀρχῆς
1138 2372 1303 2443 ἔχων,
1331 2372 1495 2435 αὐτὸς
1527 2370 1574 2425 δ’
1599 2370 1746 2440 ἄγων
1771 2371 1865 2424 τὸν
1886 2370 2055 2426 ἵππον
2083 2371 2170 2426 διὰ
2185 2370 2390 2443 χειρὸς,
2413 2365 2481 2441 ἦν
2516 2369 2572 2423 δὲ
2619 2368 2711 2423 τοῦ
2741 2371 2915 2441 δήμου
2948 2368 3135 2439 θαῦμα
3160 2370 3257 2423 καὶ
3288 2370 3488 2439 σιωπή.
3513 2365 3649 2423 Εἶτα

363 2470 393 2521 ὁ
431 2462 512 2530 εἷς
564 2465 676 2519 τῶν
706 2464 978 2537 τιμητῶν,
1004 2463 1394 2533 Πυνθὰνομαί
1414 2478 1555 2529 σου,
1579 2457 1756 2528 εἶπεν,
1781 2456 1830 2517 ὦ
1846 2464 2121 2534 Πομπήϊε
2137 2464 2366 2533 Μάγνε,
2388 2465 2439 2516 ει
2468 2460 2673 2529 πάσας
2697 2460 3100 2531 ἐστράτευσαι
3127 2460 3237 2526 τὰς
3274 2462 3426 2516 κατὰ
3454 2464 3654 2529 νόμον

364 2561 719 2630 στρατείας;
747 2560 788 2611 0
813 2558 871 2611 δέ
935 2556 1148 2629 μεγάλῃ
1213 2558 1389 2627 φωνῇ,
1433 2554 1887 2626 Ἑστράτευμαι,
1937 2556 2296 2627 ἀπεκρίνατο,
2363 2554 2465 2611 καὶ
2525 2555 2729 2621 πάσας
2785 2556 2889 2610 ὑπ’
2940 2553 3175 2623 ἐμαυτῷ
3227 2553 3652 2623 αὐτοκράτορι,

365 2652 514 2724 Πρὸς
546 2647 952 2720 τοῦτοὸδῆμος
978 2648 1336 2720 ἐξεκέκραγε,
1375 2648 1470 2702 καὶ
1497 2649 1548 2702 οἱ
1609 2653 1841 2719 τιμηταὶ
1903 2650 2017 2712 τοῖς
2055 2650 2306 2713 πολίταις
2341 2647 2721 2721 χαριζόμενοι,
2761 2649 3095 2713 ἀναστάντες
3141 2649 3500 2719 προέπεμπον
3551 2648 3626 2705 αὐ

362 2746 458 2797 τὸν
485 2741 691 2796 οἴκαδε.

437 2834 530 2889 Ill.
565 2834 698 2889 Post
726 2832 856 2889 anni
885 2832 1095 2889 exitum
1134 2834 1457 2905 magistratu
1493 2833 1717 2888 abeunti
1750 2832 1955 2889 bellum

2134 2831 2211 2889 I".
2260 2833 2403 2904 Ἤδη
2456 2831 2515 2885 δὲ
2570 2831 2670 2902 τῆς
2726 2831 2906 2903 ἀρχῆς
2976 2830 3366 2901 περανθείσης,
3414 2831 3658 2886 ἀπέθετο

370 2927 674 2986 Piraticum
728 2936 815 2981 est
863 2926 1208 2981 mandatum.
1250 2924 1448 2981 Piratae
1481 2940 1647 2997 porro
1673 2941 1737 2981 ex
1769 2924 1961 2981 Cilicia

367 3018 634 3094 profecti,
678 3017 828 3075 bello
856 3018 1232 3074 Mithridatico
1266 3023 1432 3089 regia:
1479 3018 1642 3072 classi
1693 3028 1964 3073 navarant

369 3127 621 3184 operam.
653 3111 864 3167 Deinde
898 3109 1165 3167 Romanis
1191 3108 1353 3164 bellis
1410 3108 1668 3165 civilibus
1716 3108 1860 3164 inter
1901 3123 1962 3165 se

372 3204 705 3275 congressis,
737 3203 860 3257 l‘reti
894 3202 1272 3267 multitudine,
1304 3202 1564 3273 paulatim
1607 3216 1766 3257 mare
1805 3201 1963 3256 incu-

372 3298 638 3353 stoditum
668 3295 1011 3362 invaserunt,
1041 3311 1152 3351 non
1182 3302 1378 3349 nautas
1410 3294 1681 3350 duntaxat
1708 3294 1955 3366 aggredi,

372 3392 471 3447 sed
514 3390 722 3445 insulas
779 3398 836 3446 et
893 3389 1059 3445 urbes
1113 3388 1420 3443 maritimas
1476 3389 1644 3442 etiam
1683 3400 1960 3457 occupare

370 3481 540 3537 soliti.
581 3480 761 3535 Naves
791 3479 1107 3535 habuerunt
1141 3480 1378 3550 amplius
1435 3478 1609 3544 mille,
1667 3478 1836 3533 urbes
1868 3492 1961 3534 ce-

371 3581 577 3644 perunt
620 3571 762 3627 ultra
808 3571 1261 3642 quadringentas,
1310 3570 1484 3626 multa
1544 3570 1961 3642 religiosissima

373 3678 534 3718 sacra
554 3661 900 3728 exciderunt,
920 3673 977 3717 et
1003 3663 1268 3717 Romanis
1290 3661 1425 3731 ipsis
1440 3661 1796 3716 insultarunt.
1821 3661 1960 3716 Nam

374 3767 503 3808 cum
533 3752 734 3822 aliquis
769 3761 962 3823 captus
988 3754 1350 3817 exclamabat,
1389 3767 1448 3809 se
1480 3752 1788 3807 Romanum
1816 3766 1960 3817 esse,

372 3859 433 3900 se
458 3844 681 3899 territos
705 3860 819 3914 prae
842 3854 992 3900 metu
1021 3844 1234 3900 femora
1260 3844 1427 3901 ferire
1450 3844 1801 3911 simulantes,
1834 3855 1963 3899 ante

371 3951 501 3991 eum
532 3936 834 4006 provoluti,
868 3937 1071 4006 partim
1103 3937 1318 3992 calceos
1365 3935 1418 3991 ei
1477 3934 1959 4006 circumligabant,

372 4025 574 4096 partim
628 4036 811 4098 togam
866 4027 1193 4083 induebant.
1257 4025 1350 4084 Sic
1404 4025 1649 4083 ludibrio
1684 4025 1959 4092 habitum,

2062 2926 2236 2998 αὐτὴν
2283 2925 2312 2977 ὁ
2373 2926 2679 2997 Πομπήϊος,
2730 2924 2826 2978 καὶ
2890 2924 3034 2994 μετά
3088 2926 3263 2978 ταῦτα
3321 2927 3652 2995 πειρατικδς

2060 3019 2208 3090 αὐτῷ
2229 3017 2451 3090 ἐνετέθη
2482 3018 2747 3089 πόλεμος
2771 3016 2998 3089 ὥρμητο
3026 3017 3126 3087 μὲν
3155 3017 3265 3089 γὰρ
3292 3018 3324 3087 ή
3350 3018 3651 3090 πειρατικὴ

2061 3108 2294 3181 δύναμις
2330 3111 2395 3165 ἐκ
2447 3109 2721 3175 Κιλικίας,
2767 3110 2827 3164 ἐν
2873 3110 2954 3181 τῷ
2999 3109 3378 3182 Μιθριδατικῷ
3421 3113 3652 3182 πολέμῳ

2062 3203 2185 3266 ταῖς
2238 3201 2547 3272 βασιλικαῖς
2586 3202 2918 3274 ὑπηρεσίαις
2958 3204 3213 3273 χρήσασα
3252 3203 3476 3276 ἑαυτήν.
3506 3200 3649 3258 Εἶτα

2074 3293 2363 3365 Ῥωμαίων
2390 3297 2449 3350 ἐν
2485 3297 2600 3358 τοῖς
2631 3295 2921 3366 ἐμφυλίοις
2948 3297 3210 3365 πολέμοις
3243 3298 3646 3367 συμπεσόντων

2061 3386 2338 3460 ἀλλήλοις,
2375 3389 2691 3458 ἀφύλακτος
2728 3384 2867 3443 οὖσα
2906 3391 2939 3458 ή
2981 3389 3257 3454 θάλασσα,
3295 3391 3421 3444 κατ’
3459 3388 3648 3459 ὀλίγον

2062 3478 2265 3543 αὐτοὺς
2299 3479 2699 3547 ἐφειλκύσατο·
2745 3479 2843 3533 καὶ
2884 3478 3118 3551 δύναμιν
3168 3479 3412 3552 σχόντες,
3442 3481 3503 3533 οὐ
3532 3484 3655 3544 τοῖς

2065 3571 2319 3626 πλέουσιν
2369 3572 2686 3626 ἐπετίθεντο
2744 3573 2928 3643 μόνον,
2955 3573 3092 3628 ἀλλά
3151 3573 3248 3628 καὶ
3301 3575 3502 3646 νήσους
3548 3577 3653 3630 καὶ

2064 3661 2251 3726 πόλεις
2299 3662 2608 3733 παραλίους
2662 3663 3055 3733 παρεσπῶντο.
3131 3664 3412 3733 Ἐγένοντο
3458 3664 3505 3717 δ’
3542 3664 3644 3720 οὖν

2064 3754 2120 3807 αἱ
2158 3753 2259 3825 μὲν
2288 3754 2586 3825 λῃστρικαὶ
2625 3754 2755 3825 νῆες
2794 3754 2937 3825 ὑπὲρ
2986 3755 3186 3824 χιλίας,
3219 3756 3277 3808 αί
3320 3755 3378 3807 δὲ
3419 3754 3656 3813 ἁλοῦσαι

2062 3842 2157 3896 ὑπ’
2197 3843 2378 3896 αὐτῶν
2409 3842 2597 3907 πόλεις
2641 3844 2782 3916 ὑπὲρ
2829 3845 3220 3916 τετρακοσίας,
3250 3845 3422 3900 πολλά
3451 3847 3509 3901 δέ
3549 3850 3658 3903 κοιλ⁵

2061 3932 2169 4003 τῶν
2207 3933 2427 3989 ἀϐάτων
2461 3933 2726 4007 ἐξέκοψαν
2753 3936 2938 4008 ιερῶν,
2972 3937 3255 4009 ἐνύϐριζον
3296 3939 3354 3994 δὲ
3401 3939 3497 3995 καὶ
3534 3946 3655 4007 τοῖς

2070 4024 2391 4098 Ῥωμαίοις.
2455 4026 2657 4083 ὐπότε
2702 4031 2813 4102 γάρ
2851 4047 2935 4095 τις
2975 4031 3140 4094 ἁλοὺς
3184 4032 3456 4106 ἀνεϐόησε
3511 4033 3657 4089 Ῥω-

373 4117 617 4174 demissa
648 4118 704 4173 in
744 4119 990 4174 medium
1057 4119 1284 4191 pelagus
1318 4119 1486 4184 scala,
1551 4118 1844 4184 excedere,
1905 4126 1955 4173 el

2068 4121 2230 4190 μαῖος
2279 4113 2449 4186 εῖναι,
2486 4121 2873 4193 ἐκπεπλῆχθαι
2924 4124 3388 4195 προσποιούμενοι
3434 4126 3529 4181 καὶ
3557 4127 3658 4181 δε·

372 4205 560 4262 lztum
583 4206 738 4264 abire
752 4188 1073 4281 jusserunt,
1099 4188 1469 4276 restitantem,
1497 4207 1836 4280 impellendo
1864 4206 1955 4263 de-

2066 4188 2267 4279 διέναι,
2294 4210 2425 4276 τούς
2467 4229 2531 4267 τε
2565 4188 2779 4285 μηρούς
2811 4188 3091 4279 ἐπαίοντο,
3141 4188 3247 4272 καὶ.
3271 4220 3654 4291 προσέπιπτον

373 4309 710 4357 merserunt.
741 4301 880 4358 Cum
908 4312 1092 4359 autem
1121 4301 1296 4357 maria
1325 4304 1513 4358 omnia
1557 4300 1962 4358 mercatoribus

376 4389 680 4446 interclusa
701 4402 910 4457 essent,
928 4402 986 4448 et
1006 4407 1193 4448 rerum
1223 4391 1279 4446 in
1321 4391 1443 4448 foro
1467 4390 1745 4447 venalium
1786 4407 1964 4463 penu-

377 4484 462 4538 ria
490 4483 857 4548 laboraretur,
917 4483 1182 4553 Pompeio
1238 4482 1379 4538 duce
1418 4481 1656 4550 delecto,
1693 4481 1962 4540 Gabinius

377 4574 666 4630 familiaris
693 4576 813 4645 ejus
832 4577 1007 4645 legem
1039 4574 1184 4640 tulit,
1229 4590 1338 4644 qua
1367 4573 1445 4628 illi
1472 4589 1585 4627 non
1612 4574 1805 4629 classis
1855 4574 1963 4627 im-

332 4689 335 4693 -
380 4667 621 4735 perium,
652 4667 753 4721 sed
786 4668 946 4736 plane
1004 4665 1325 4721 monarchia
1381 4664 1767 4731 tribuebatur;
1828 4680 1962 4720 con-

379 4772 541 4812 cessa
574 4766 843 4825 potestate
876 4757 1046 4810 maris
1078 4755 1226 4825 quod
1261 4756 1404 4809 intra
1435 4756 1719 4810 columnas
1751 4750 1961 4812 Hercu-

381 4848 538 4903 lanas
559 4856 663 4911 est,
689 4857 747 4901 et
772 4858 933 4900 terrm
958 4846 1290 4901 continentis
1319 4861 1351 4899 a
1383 4846 1630 4915 quolibet
1686 4846 1827 4901 mari
1892 4845 1961 4902 ad

381 4937 784 5010 quadringenta
800 4938 1014 5005 stadia;
1055 4948 1112 4993 et
1133 4946 1193 4991 ut
1221 4938 1538 5005 quindecim
1563 4936 1729 5010 476
1747 4939 1959 5011 legatos

379 5038 628 5084 esenatu
659 5029 725 5083 ad
761 5037 949 5099 partes
1000 5028 1216 5098 imperii
1261 5028 1518 5083 tutandas
1559 5030 1665 5084 sibi
1725 5030 1955 5101 legeret,

380 5122 630 5194 pecunia:
660 5131 929 5193 quantum
953 5118 1138 5185 vellet,
1172 5135 1242 5175 ex
1270 5120 1468 5176 aerario
1505 5131 1562 5176 et
1599 5123 1963 5193 vectigalibus

381 5221 650 5276 sumeret,
690 5227 755 5267 ac
785 5226 956 5267 naves
986 5210 1273 5265 ducentas.
1328 5208 1455 5264 llaec
1499 5210 1656 5280 plebs
1703 5212 1961 5268 alacriter

383 5305 730 5374 approbavit.
762 5304 1039 5360 Primores
1081 5313 1266 5358 autem
1292 5313 1518 5358 senatus
1549 5298 1871 5360 immensam
1894 5306 1961 5361 il-

385 5398 495 5451 lam
523 5406 578 5453 et
612 5398 884 5455 infinitam
925 5404 1254 5469 potestatem
1299 5404 1629 5464 metuentes,
1684 5397 1962 5456 adversati

2069 4302 2254 4376 αὐτῷ’
2288 4305 2386 4369 καὶ
2432 4305 2484 4359 oi
2541 4305 2645 4375 μὲν
2701 4307 2936 4361 ὑπέδουν
2995 4306 3161 4363 αὑτὸν
3221 4309 3440 4375 κάλτια,
3486 4312 3538 4364 οἱ
3591 4311 3655 4366 δὲ

2068 4396 2328 4467 τήϐεννον
2369 4397 2715 4467 περιέϐαλον,
2765 4397 2910 4454 οὕτω
2964 4417 3025 4454 τε
3077 4403 3654 4473 κατειρωνευσάμενοι

2067 4487 2219 4551 τέλος
2283 4489 2343 4541 ἐν
2399 4489 2552 4559 μέσῳ
2622 4488 2853 4559 πελάγει
2930 4490 3179 4560 κλίμακα
3252 4494 3652 4565 προϐαλόντες,

2067 4575 2319 4630 ἐκέλευον
2357 4577 2633 4633 ἐκϐαίνειν
2670 4582 2765 4633 καὶ⁵
2802 4583 3026 4637 ἀπιέναι
3059 4583 3323 4652 χαίροντα
3350 4599 3366 4614 θ
3398 4586 3447 4637 εί
3481 4583 3540 4637 δέ
3570 4587 3653 4658 μὴ

2069 4668 2346 4740 βούλοιτο,
2418 4671 2694 4738 ὠθοῦντες
2763 4662 3276 4732 αύτδνάατέδυον.
3337 4677 3526 4747 Πάσης
3592 4678 3658 4732 δὲ

2069 4760 2348 4833 θαλάσσης
2391 4763 2648 4818 ἀπλώτου
2712 4768 2828 4830 τοῖς
2876 4767 3143 4836 ἐμπόροις
3209 4767 3399 4838 οὔσης,
3446 4767 3656 4833 σπάνις

2067 4849 2138 4923 ἦν
2200 4852 2312 4907 τῶν
2374 4856 2695 4925 ἀναγκαίων
2733 4858 2791 4911 ἐν
2842 4860 2908 4928 τῇ
2973 4859 3170 4930 ἀγορᾷ.
3219 4860 3388 4924 Δόξαν
3444 4860 3503 4914 δὲ
3551 4862 3648 4916 τὸν

2072 4948 2356 5017 Πομπήϊον
2395 4948 2678 5020 ἐκπέμψαι
2732 4951 2874 5004 κατὰ
2912 4951 3018 5005 τῶν
3063 4953 3360 5020 πειρατῶν,
3399 4953 3661 5020 Γαϐίνιος

2068 5026 2148 5100 εἷς
2175 5035 2284 5092 τῶν
2313 5039 2603 5109 Πομπηΐου
2638 5041 2885 5110 συνήθων
2916 5042 3124 5113 ἔγραψε
3146 5044 3334 5113 νόμον,
3353 5046 3414 5098 οὐ
3443 5061 3659 5114 ναυαρ·

2071 5126 2221 5195 χίαν,
2256 5127 2520 5200 ἄντικρυς
2549 5131 2608 5183 δὲ
2637 5133 2939 5203 μοναρχίαν
2964 5132 3116 5203 αὐτῷ
3151 5134 3382 5189 διδόντα.
3438 5136 3651 5189 Ἐδίδου

2067 5218 2178 5289 γὰρ
2207 5218 2235 5271 ό
2257 5218 2419 5290 νόμος
2451 5222 2601 5292 αύτῷ
2634 5222 2809 5294 ἀρχὴν
2846 5227 2946 5295 τῆς
2973 5224 3127 5288 ἐντὸς
3160 5223 3438 5295 θαλάσσης
3482 5225 3658 5297 Ἠρα-

2064 5309 2265 5364 κλείων
2320 5312 2555 5385 στηλῶν,
2601 5314 2831 5387 ἠπείρου
2881 5315 2939 5369 δὲ
2983 5317 3168 5388 πάσης
3212 5318 3322 5371 ἀπὸ
3363 5316 3653 5385 θαλάσσης

2066 5402 2160 5455 ἐπὶ
2182 5405 2515 5473 τετρακόσια
2545 5406 2761 5474 στάδια,
2789 5408 2885 5461 καὶ
2917 5409 3315 5465 πεντεκαίδεκα
3371 5408 3653 5480 πρεσϐευ-

1584 5561 1783 5625 Variae
1805 5561 2116 5626 lectiones
2155 5572 2219 5626 et
2270 5540 2461 5632 nota).

466 5705 922 5791 (ϐθχηαρῄτῃσε
946 5708 1014 5763 δὲ
1036 5710 1136 5791 καί
1165 5709 1279 5778 τὴν
1304 5713 1694 5791 στραξηγίαν.
1754 5710 1955 5769 Wolﬁu

2060 5716 2306 5784 mperium
2348 5727 2624 5787 verterat;
2692 5719 3043 5791 reposuimus
3093 5719 3454 5788 consulatum,
3478 5734 3545 5775 ex
3578 5722 3649 5778 iis

394 5790 518 5844 quae
548 5777 964 5835 observavimus
982 5784 1050 5835 ad
1070 5781 1167 5836 lib.
1197 5777 1294 5845 vn,
1331 5777 1390 5837 n.
1427 5781 1515 5838 ιο.
