4024 6434
363 452 473 516 809

1643 414 2050 512 ΑΝΝΑΙᾸῘΙΜ
2088 452 2239 514 LlB.
2284 456 2357 515 Χ.

3502 449 3613 519 810

353 564 456 628 τὰς
505 563 572 617 ὲκ
614 561 714 632 τῆς
762 559 960 631 βουλῆς
1015 558 1236 614 ἑλέσθαι
1287 560 1380 614 ἐπὶ
1432 561 1531 624 τὰς
1583 560 1724 615 κατὰ
1767 561 1931 631 μέρος

2035 570 2192 626 sunt;
2220 573 2419 631 praeter
2435 561 2724 624 Cmsarem,
2758 560 2853 632 qui
2880 559 3065 633 legem
3100 576 3213 617 non
3265 561 3320 617 in
3363 562 3607 636 Pompeii

354 654 685 726 ἡγεμονίαςο
727 652 989 724 χρήματα
1014 650 1070 704 δὲ
1110 651 1412 721 λαμϐάνειν
1453 653 1518 704 ἐκ
1547 651 1657 705 τῶν
1684 650 1930 722 ταμείων

356 744 454 798 καὶ
475 742 586 796 τῶν
638 742 811 795 τελῶν
863 742 964 794 ὅσα
1017 738 1286 810 βούλοιτο,
1313 742 1409 794 καὶ
1445 740 1580 805 ναῦς
1624 741 1927 803 διακοσίας.

356 829 545 884 Ταῦτα
571 832 598 883 ὁ
634 827 734 899 μὲν
778 829 951 899 δῆμος
994 830 1297 902 προθύμως
1344 831 1566 897 ἐδέξατο
1593 847 1609 863 ·
1655 834 1704 885 οί
1735 831 1792 885 δὲ
1834 831 1932 901 τῆς

356 922 660 991 συγκλήτου
721 923 1182 995 περιφανέστεροι
1236 923 1406 993 φόϐου
1455 925 1609 990 ἄξιον
1676 923 1931 996 ἐνόμιζον

301 1048 304 1051 λ
353 1014 417 1067 τὸ
450 1015 553 1084 τῆς
599 1016 849 1082 ἐξουσίας
929 1016 1307 1088 ἀπερίληπτον
1372 1017 1467 1072 καὶ
1520 1016 1796 1088 ἀόριστον,
1836 1017 1932 1071 καὶ

354 1108 648 1174 ἀντέλεγον
685 1108 827 1180 πλὴν
878 1109 1191 1180 Καίσαρος’
1231 1103 1385 1174 οὗτος
1416 1108 1475 1162 δὲ
1519 1109 1813 1180 συνηγόρει
1852 1109 1931 1181 τῷ

352 1198 505 1270 νόμῳ
541 1198 604 1252 οὐ
665 1199 757 1252 διὰ
815 1200 906 1253 τὸν
959 1201 1264 1272 Πομπήϊον,
1295 1202 1389 1255 τὸν
1438 1201 1612 1273 δῆμον
1660 1202 1718 1256 δὲ
1769 1202 1933 1273 θερα-

354 1291 537 1345 πεύων
566 1292 661 1344 καὶ
707 1292 1086 1362 οἰκειούμενος
1126 1291 1331 1363 ἐαυτῷ.
1373 1292 1522 1357 Τέως
1570 1293 1754 1365 μέντοι
1804 1296 1933 1348 ὲκυ-

349 1382 504 1454 ρςῖυοη
538 1383 600 1436 τὸ
628 1384 911 1455 ψήφισμα.
938 1385 1052 1438 Καὶ
1088 1384 1117 1437 ὁ
1151 1385 1440 1453 Πομπήϊος
1489 1386 1572 1448 εἰς
1627 1384 1930 1456 ἐκκλησίαν

353 1474 524 1527 ἐλθὼν
552 1475 812 1529 διπλάσια
846 1477 915 1531 τὰ
959 1476 1311 1548 ἐψηφισμένα
1343 1476 1534 1531 λαϐεῖν
1576 1476 1928 1549 διεπράξατο.

354 1566 556 1620 Διελὼν
597 1564 692 1622 οῦν
722 1570 791 1624 τὰ
821 1570 1035 1640 πελάγη
1070 1571 1164 1625 καὶ
1201 1556 1551 1641 διαστήματα
1594 1570 1696 1641 τῆς
1733 1570 1933 1625 θαλάσ-

356 1676 455 1730 σης
494 1661 576 1722 είς
625 1660 771 1731 μέρη
816 1660 1198 1731 τρισκαίδεκα,
1240 1663 1336 1715 καὶ
1373 1661 1509 1715 νεῶν
1565 1662 1803 1734 ἀριθμὸν
1846 1664 1932 1733 ἐφ’

353 1752 569 1823 ἑκάστῳ
599 1754 694 1805 καὶ
731 1752 968 1822 ἄρχοντα
996 1752 1186 1818 τάξας,
1205 1752 1448 1824 ἐκάθηρε
1480 1752 1590 1807 τῶν
1621 1753 1934 1825 λῃστηρίων

353 1844 415 1898 τὸ
450 1843 793 1916 Τυρρηνικὸν
822 1843 1080 1912 πέλαγος,
1126 1845 1187 1898 τὸ
1228 1845 1486 1911 Λιϐυκὸν,
1514 1846 1577 1899 τὸ
1610 1846 1743 1919 περὶ
1792 1848 1935 1920 Σαρ-

352 1936 497 1992 δῶνα
535 1936 632 1991 καὶ
672 1935 886 2006 Κύρνον
930 1938 1027 1990 καὶ
1065 1936 1319 1991 Σικελίαν
1377 1937 1615 2010 ἡμέραις
1659 1940 1930 2009 τεσσαρά-

353 2045 535 2085 κοντα.
570 2024 705 2082 Εἶτα
750 2027 1086 2100 παραπλέων
1120 2029 1220 2092 τάς
1251 2027 1438 2092 πόλεις
1488 2030 1629 2099 μετά
1670 2033 1926 2103 σπουδῆς,

2032 651 2286 722 gratiam,
2317 652 2413 707 sed
2440 652 2616 722 plebis
2647 653 2751 707 sibi
2786 652 3148 709 concilianda:
3178 653 3362 709 studio
3419 655 3608 713 defen-

2034 743 2136 797 dit.
2164 743 2393 798 Decreto
2423 744 2517 799 illo
2553 744 2785 808 firmato,
2810 744 3106 813 Pompeius
3131 746 3185 798 in
3211 744 3477 802 concione
3506 746 3612 801 du-

2031 833 2120 903 pla
2150 833 2334 887 omnia
2364 833 2712 904 impetravit;
2744 833 3034 903 divisoque
3073 833 3267 903 pelago
3292 874 3307 899 ,
3353 844 3408 891 et
3442 835 3612 889 maris

2035 925 2341 979 intervallis
2372 926 2425 978 in
2455 934 2641 995 partes
2679 925 2942 980 tredecim
2958 923 3275 993 descriptis,
3308 925 3477 980 certis
3510 941 3613 980 na~

1988 1080 1991 1083 ἢ
2032 1014 2193 1070 vibus
2221 1022 2277 1071 ct
2305 1015 2446 1071 duce
2489 1016 2545 1070 in
2601 1025 2757 1086 parte
2812 1014 3059 1074 qualibet
3106 1015 3409 1080 collocatis,
3458 1032 3613 1071 mare

2036 1104 2405 1173 Tyrrhenum,
2430 1104 2770 1172 Africanum,
2800 1104 3090 1173 Sardoum,
3120 1104 3430 1172 Corsicum,
3461 1105 3615 1162 Sicu-

2032 1196 2169 1263 lum,
2204 1197 2351 1252 intra
2389 1196 2511 1253 dies
2545 1197 2898 1268 quadraginta
2955 1198 3192 1268 pacavit.
3241 1197 3450 1254 Deinde
3483 1215 3611 1254 cum

2035 1289 2204 1344 urbes
2234 1289 2560 1344 festinanter
2621 1288 3149 1360 praeterveheretur,
3206 1288 3455 1345 Athenas
3502 1306 3614 1346 non

2035 1381 2322 1452 praeteriit.
2368 1382 2474 1437 Sed
2502 1397 2740 1437 excensu
2772 1382 2826 1437 in
2850 1393 3050 1437 terram
3072 1391 3128 1437 et
3150 1398 3208 1437 re
3233 1382 3423 1439 divina
3446 1383 3611 1452 facta,

2036 1473 2351 1543 populoque
2386 1474 2645 1539 salutato,
2673 1473 3065 1544 inscriptiones
3088 1473 3172 1528 sui
3196 1473 3424 1529 honoris
3447 1489 3614 1532 causa

2035 1562 2212 1621 factas
2249 1565 2484 1628 invenit,
2546 1581 2713 1620 unam
2757 1566 2902 1620 intra
2953 1575 3167 1636 portam
3213 1565 3300 1622 his
3372 1566 3612 1622 verbis:

2038 1657 2261 1725 Qualem
2323 1669 2374 1713 te
2417 1659 2681 1713 hominem
2704 1674 2814 1713 esse
2842 1661 3106 1729 agnoscis,
3135 1666 3355 1713 eatenus
3380 1659 3504 1714 deus
3534 1675 3612 1713 es.

2035 1752 2279 1807 Alteram
2310 1760 2465 1806 extra
2495 1769 2509 1805 :
2554 1750 3023 1821 Exspectabamus,
3058 1750 3416 1805 adorabamus
3471 1750 3612 1804 cidi-

2038 1862 2175 1909 mus,
2197 1845 2521 1898 deducimus.
2557 1842 2859 1898 Piraticum
2882 1842 3088 1899 bellum
3135 1842 3452 1898 confectum
3506 1851 3614 1906 est,

2036 1946 2094 1995 et
2120 1931 2409 1992 latrocinia
2431 1944 2547 1991 toto
2583 1935 2722 1989 mari
2757 1933 3047 2006 proﬂigata
3089 1947 3199 1988 non
3230 1932 3468 2005 amplius
3514 1934 3618 1989 tri-

2040 2032 2229 2088 mestri
2258 2029 2456 2101 spatio.

351 2122 412 2175 ού
462 2120 714 2193 παρῆλθε
765 2121 867 2184 τὰς
912 2120 1167 2193 Ἀθήνας.
1224 2120 1461 2185 Ἀναϐἀς
1529 2121 1609 2189 δὲ,
1634 2126 1731 2177 καὶ
1791 2125 1963 2194 θύσας
2004 2131 2100 2185 καὶ
2155 2121 2609 2193 προσαγορεύσας
2660 2121 2753 2177 τὸν
2806 2120 2999 2192 δῆμον,
3061 2115 3221 2193 εὗρεν
3300 2121 3619 2192 ἐπιγραφάς

353 2216 432 2276 είς
462 2212 625 2267 αὑτὸν
677 2212 1080 2284 πεποιημένας,
1106 2207 1181 2267 ὧν
1214 2214 1247 2279 ἡ
1281 2214 1380 2284 μὲν
1408 2213 1561 2277 ἐντὸς
1604 2217 1704 2286 τῆς
1750 2218 1929 2291 πύλης
1966 2220 2189 2289 ἔλεγεν·

2274 2217 2402 2286 Ἐφ’
2446 2216 2599 2270 ὅσον
2624 2214 2714 2268 ῶν
2747 2213 3065 2284 ἄνθρωπος
3111 2211 3306 2281 οἶδας,
3369 2212 3469 2269 ἐπὶ
3518 2232 3619 2271 το-

352 2303 579 2358 σοῦτον
625 2299 684 2358 εἷ
748 2304 884 2371 θεός
921 2321 937 2338 ο
1011 2306 1045 2376 ἡ
1090 2306 1137 2360 δ’
1191 2305 1349 2371 ἐκτός
1368 2321 1385 2337 °
1438 2307 1929 2381 Προσεδοκῶμεν,
1968 2313 2490 2381 προσεκυνοῦμεν,
2540 2309 2803 2378 εῑδομεν,
2858 2312 3307 2379 προπέμπομεν.
3330 2309 3618 2381 Κατελύθη

357 2401 457 2471 μὲν
495 2397 588 2456 οὗν
628 2402 950 2471 πειρατικδς
981 2402 1243 2474 πόλεμος,
1280 2402 1378 2457 καὶ
1404 2403 1475 2458 τὰ
1516 2407 1798 2478 πανταχοῦ
1864 2409 1966 2481 τῆς
2004 2408 2284 2477 θαὶάσσης
2361 2406 2592 2478 ἐξῃρέθη
2637 2406 2912 2477 λῃστήρια
2968 2407 3071 2461 οὐκ
3110 2406 3171 2460 ἐν
3205 2405 3414 2460 πλείονι
3443 2406 3621 2479 χρόνῳ

355 2495 547 2568 μηνῶν
575 2495 767 2566 τριῶν.

424 2591 497 2643 Δ¹.
529 2586 748 2641 Τούτων
786 2587 845 2641 δὲ
888 2588 969 2651 εἰς
1026 2585 1252 2660 Ῥώμην
1283 2589 1771 2663 ἀπαγγελθέντων,
1796 2596 1935 2667 γρά-

356 2698 449 2750 φει
494 2680 658 2750 νόμον
706 2673 790 2742 εἷς
835 2676 945 2731 τῶν
993 2678 1292 2751 δημάρχων
1320 2680 1349 2734 ὁ
1389 2683 1653 2751 Μάλλιος,
1681 2686 1934 2757 παραλα-

360 2774 526 2828 ϐόντα
563 2773 850 2842 Πομπήῖον
891 2774 1075 2826 πᾶσαν
1103 2774 1203 2843 τὴν
1230 2771 1417 2845 χώραν
1444 2776 1579 2847 ὅσης
1609 2778 1639 2831 ὁ
1662 2778 1935 2845 Λεύκολος

353 2860 514 2937 ἦρχε,
545 2864 926 2936 προσλαϐόντα
966 2864 1022 2918 δὲ
1063 2865 1158 2919 καὶ
1206 2865 1488 2934 Βιθυνίαν,
1520 2870 1782 2941 πολεμεῖν
1820 2873 1930 2927 Mt-

356 2956 584 3030 θριδάτῃ
628 2955 740 3026 (61)
778 2955 872 3009 καὶ
910 2955 1163 3029 Τιγράνῃ
1198 2959 1312 3022 τοῖς
1372 2956 1711 3029 βασιλεῦσιν,
1739 2963 1934 3034 ἔχοντα

355 3048 452 3102 καὶ
507 3049 608 3118 τὴν
638 3046 901 3119 ναυτικὴν
946 3047 1180 3119 δύναμιν
1210 3050 1309 3104 καὶ
1357 3051 1419 3104 τὸ
1470 3053 1674 3123 κράτος
1699 3054 1801 3125 τῆς
1839 3054 1936 3109 θα-

358 3135 592 3209 λάσσης,
635 3139 710 3202 ὡς
733 3137 834 3210 ἤδη
871 3138 1031 3193 τοῦτο
1060 3139 1274 3212 εἰλήφει
1302 3156 1316 3171 ·
1358 3143 1517 3196 τοῦτο
1540 3144 1596 3198 δὲ
1642 3139 1710 3216 ἦν
1738 3145 1827 3216 ὑφ’
1851 3148 1935 3202 ἑνὶ

357 3228 661 3300 συλλήϐδην
708 3233 965 3299 γενέσθαι
1004 3232 1105 3303 τὴν
1154 3232 1444 3304 Ῥωμαίων
1499 3236 1823 3308 ἠγεμονίαν.
1857 3241 1932 3295 Τὸ

358 3321 456 3392 μὲν
503 3317 598 3376 οῦν
646 3322 1227 3395 ψήφισμα,ὲκυρώοη,
1265 3324 1613 3395 φοϐηθέντων
1630 3331 1722 3383 τὸν
1759 3331 1933 3404 δῆμον

353 3413 463 3465 τῶν
516 3413 1021 3486 ἀριστοκρατικῶν,
1046 3415 1142 3468 καὶ
1190 3417 1612 3487 σιωπησάντων.
1646 3421 1934 3495 Πομπήϊος

354 3505 413 3559 δὲ
450 3506 744 3577 δεξάμενος
773 3508 843 3561 τά
871 3508 1178 3580 γράμματα
1193 3508 1412 3579 λέγεται
1453 3511 1553 3575 τὰς
1594 3512 1769 3584 ὀφρῦς
1806 3533 1934 3571 συν-

352 3602 604 3667 αγαγείν,
678 3601 892 3654 καὶτὸν
934 3603 1109 3673 μηρὸν
1148 3602 1411 3669 πατάξαι,
1442 3604 1520 3668 ὡς
1560 3605 1933 3681 δυσχεραίνων

357 3694 447 3744 καὶ
481 3690 852 3764 βαρυνόμενος
897 3695 995 3764 τὴν
1028 3695 1228 3767 ἀρχήν.
1258 3695 1370 3767 Τὴν
1415 3698 1462 3751 δ’
1494 3700 1782 3767 εἰρωνείαν
1820 3702 1930 3756 οὐδ’

356 3786 410 3838 οἱ
444 3785 865 3858 συνήθεις,αὐτῷ
893 3788 1024 3858 ῥᾷον
1048 3787 1311 3858 ἤνεγκαν.
1331 3789 1484 3854 Τέως
1513 3791 1570 3844 δὲ
1597 3792 1697 3862 τὴν
1722 3795 1929 3863 μεταξὺ

354 3878 607 3949 Φοινίκης
652 3880 747 3933 καὶ
790 3880 1073 3952 Βοσπόρου
1117 3880 1401 3935 θάλασσαν
1450 3884 1544 3937 ἐπὶ
1597 3888 1814 3957 φρουρᾷ
1852 3888 1932 3958 τῷ

357 3969 530 4040 στόλῳ
572 3966 866 4037 διαλαϐὼν,
901 3969 1066 4034 αὐτὸς
1116 3970 1369 4034 ἐϐάδιζεν
1420 3973 1514 4027 ἐπὶ
1563 3975 1927 4049 Μιθριδάτην.

367 4060 608 4113 Ἐκείνου
636 4060 680 4113 δ’
716 4061 1035 4125 ἐκλιπόντος
1077 4061 1202 4132 ὅρος
1241 4063 1519 4135 δύσμαχον
1552 4066 1628 4128 ὡς
1675 4065 1927 4138 ἄνυδρον,

353 4153 412 4205 ὲν
440 4146 485 4220 ᾧ
520 4153 1039 4224 ἐστρατοπεδεύετο,
1071 4152 1101 4206 ὁ
1132 4155 1419 4226 Πομπήϊος
1472 4157 1744 4229 κατέσχεν
1771 4161 1925 4225 αὐτὸ,

354 4244 452 4298 καὶ
473 4248 540 4317 τῇ
579 4245 739 4315 φύσει
778 4245 888 4299 τῶν
930 4244 1366 4316 βλαστανόντων,
1412 4252 1508 4301 καὶ
1533 4251 1654 4315 ταῖς
1704 4253 1928 4320 συγκλι-

353 4339 492 4401 νίαις
544 4336 654 4390 τῶν
709 4338 893 4392 τόπων
944 4337 1386 4410 τεκμαιρόμενος
1431 4339 1578 4412 ἔχειν
1637 4344 1823 4414 πηγὰς
1866 4346 1929 4398 τὸ

351 4429 574 4501 χωρίον,
594 4429 848 4501 ὀρύσσειν
873 4429 1130 4485 ἐκέλευσε
1155 4431 1386 4500 φρέατα.
1420 4432 1532 4487 Καὶ
1559 4436 1698 4506 ταχὺ
1733 4438 1928 4505 μεστδν

354 4518 419 4593 ἦν
457 4522 651 4587 ὕδατος
691 4523 752 4577 τὸ
795 4522 1179 4594 στρατόπεδον.
1211 4525 1449 4581 Ἔπειτα
1492 4544 1926 4600 περιστρατοπε-

352 4614 569 4678 δεύσας,
611 4615 948 4685 ἐπετείχιζεν
981 4615 1134 4671 αὐτό.
1172 4615 1233 4670 '0
1267 4617 1346 4682 δὲ,
1396 4618 1559 4672 πέντε
1593 4620 1691 4673 καὶ
1727 4637 1926 4675 τεσσα-
1961 4625 2003 4681 D

356 4706 591 4776 ράκοντα
651 4706 1037 4778 πολιορκηθεὶς
1104 4707 1350 4778 ἡμέρας,
1420 4708 1615 4764 ἔλαθεν
1684 4711 1928 4783 ἀποδρὰς

358 4797 496 4866 μετά
555 4796 657 4866 τῆς
710 4797 1200 4869 ἐρρωμενεστέρας
1260 4797 1568 4869 δυνάμεως,
1597 4803 1930 4866 ἀποκτείνας

351 4893 479 4954 τοὺς
518 4891 830 4962 ἀχρήστους
866 4891 959 4943 καὶ
1001 4893 1130 4954 τοὺς
1156 4891 1471 4957 νοσοῦντας.
1502 4895 1844 4949 Καταλαϐὼν
1872 4899 1930 4952 δὲ

352 4985 514 5037 αὑτὸν
566 4986 695 5056 περὶ
749 4983 843 5037 τὸν
894 4984 1184 5056 Εὐφράτην
1241 4987 1270 5039 ὁ
1329 4987 1656 5057 Πομπήϊος,
1707 4991 1797 5044 ἵνα
1855 4992 1930 5064 μὴ

353 5077 534 5149 φθάσῃ
603 5077 850 5148 περάσας
903 5077 996 5130 τδν
1048 5077 1296 5148 ποταμὸν
1350 5080 1416 5132 ὲκ
1475 5081 1659 5150 μέσων
1716 5085 1927 5139 νυκτῶν

351 5171 527 5242 ἐπῆγε
582 5169 683 5242 τὴν
724 5169 1009 5240 στρατιάν.
1045 5165 1155 5222 Ἦν
1217 5164 1312 5223 οὖν
1364 5171 1582 5242 ἀνάγκη
1641 5172 1785 5246 ὑπὲρ
1830 5175 1926 5230 τοῦ

352 5266 596 5335 χάρακος
638 5262 928 5333 μάχεσθαι.
962 5259 1167 5332 Σελήνη
1229 5260 1274 5314 δ’
1296 5256 1365 5334 ἦν
1406 5259 1856 5337 καταφερομένη,
1897 5267 1926 5320 ὃ

351 5359 479 5423 τοὺς
506 5358 822 5429 βασιλικοὺς
845 5356 1073 5428 ἔσφηλε.
1100 5350 1261 5427 Εῐχον
1303 5357 1403 5427 μὲν
1443 5359 1549 5428 γάρ
1575 5358 1720 5413 κατά
1753 5360 1926 5415 νώτου

349 5452 454 5523 τὴν
501 5450 732 5521 σελήνην
769 5448 1062 5520 Ῥωμαῖον
1111 5448 1213 5521 ἢδη
1244 5448 1301 5502 δὲ
1349 5450 1481 5521 περὶ
1532 5450 1686 5505 δύσιν
1735 5451 1923 5525 οῦσης,

351 5545 410 5597 αἱ
462 5544 616 5596 σκιαὶ
660 5542 770 5596 τῶν
813 5541 1085 5610 σωμάτων
1139 5541 1380 5612 πρόσθεν
1431 5543 1725 5614 προϊοῦσαι
1786 5546 1926 5600 πολὺ

346 5636 576 5707 δόκησιν
643 5636 906 5705 παρεῖχον
970 5636 1082 5698 τοῖς
1158 5636 1442 5706 πολεμίοις
1502 5635 1746 5705 ἐγγίζειν
1805 5639 1930 5702 τοὺς

2108 2593 2197 2647 1V.
2227 2591 2325 2646 His
2350 2592 2541 2645 Romae
2569 2589 2860 2655 nuntiatis,
2890 2589 3125 2647 Manlius
3148 2592 3406 2649 tribunus
3437 2595 3620 2667 plebis

2035 2685 2379 2757 rogationem
2404 2682 2553 2746 tulit,
2614 2690 2677 2737 ut
2728 2681 3022 2753 Pompeius
3075 2683 3288 2740 Luculli
3332 2687 3619 2756 provincia

2035 2785 2311 2843 suscepta,
2340 2782 2397 2828 et
2420 2770 2672 2843 Bithynia
2713 2771 2992 2841 adjuncta.
3044 2773 3249 2829 bellum
3309 2775 3618 2833 Mithridati

2034 2874 2093 2921 et
2123 2863 2345 2937 Tigrani
2381 2864 2605 2935 regibus
2634 2863 2886 2930 inferret,
2924 2874 3138 2919 retenta
3158 2865 3334 2922 classe
3359 2875 3417 2923 et
3448 2870 3621 2926 maris

2036 2956 2290 3027 imperio.
2320 2955 2481 3023 Quod
2511 2970 2623 3011 non
2645 2954 2797 3011 aliud
2824 2964 2967 3021 erat,
2992 2956 3099 3010 nisi
3126 2956 3435 3015 Romanum
3460 2961 3619 3030 prin-

2035 3046 2279 3117 cipatum
2306 3048 2402 3103 uni
2423 3049 2664 3105 tradere.
2693 3048 2899 3104 Tamen
2918 3064 2983 3104 ea
3002 3049 3230 3120 rogatio,
3259 3050 3620 3120 optimatibus

2036 3147 2186 3193 metu
2247 3140 2437 3209 populi
2500 3139 2814 3195 tacentibus
2845 3147 2904 3195 et
2936 3139 3383 3210 conniventibus,
3423 3144 3617 3202 valuit.

2032 3231 2330 3303 Pompeius
2352 3248 2485 3289 vero
2538 3234 2741 3290 litteris
2793 3234 3058 3305 acceptis,
3107 3235 3282 3291 fertur
3317 3240 3620 3297 contractis

2035 3326 2353 3396 superciliis
2424 3342 2801 3399 percussoquc
2863 3326 3072 3383 femore
3104 3343 3218 3399 pra:
3272 3344 3332 3386 se
3400 3332 3615 3399 tulisse,

2036 3420 2199 3491 quasi
2230 3424 2474 3491 graviter
2510 3420 2853 3489 molesteque
2885 3419 3056 3475 ferret
3087 3421 3420 3491 imperium;
3452 3439 3621 3495 quam

2034 3513 2533 3570 dissimulationem
2578 3529 2650 3569 ne
2677 3514 2872 3569 amicis
2914 3514 3142 3583 quidem
3192 3517 3308 3573 suis
3338 3519 3617 3588 probavit.

2034 3602 2167 3660 Inde
2200 3604 2339 3658 mari
2368 3603 2510 3660 intra
2543 3601 2849 3683 Bosporum
2878 3611 2935 3659 et
2957 3604 3299 3662 Phoeniciam
3346 3609 3621 3679 praesidiis

2034 3705 2326 3767 occupato,
2366 3705 2559 3752 contra
2616 3694 2991 3753 Mithridatem
3043 3704 3132 3753 est
3177 3698 3490 3769 profectus;
3521 3703 3621 3773 qui

2033 3806 2161 3845 cum
2206 3798 2449 3846 montem
2502 3789 2986 3861 inexpugnabilem
3024 3776 3096 3847 ob
3138 3808 3296 3864 aqua:
3328 3797 3620 3866 penuriam

2033 3882 2397 3949 deseruisset,
2425 3881 2686 3938 eumdem
2715 3883 3011 3953 Pompeius
3057 3888 3370 3956 occupavit,
3427 3890 3619 3959 conje-

2032 3983 2190 4030 ctura
2224 3984 2342 4030 tum
2382 3990 2451 4029 ex
2484 3974 2739 4045 stirpium
2795 3982 3016 4041 natura,
3080 3985 3194 4031 tum
3242 3993 3313 4033 ex
3363 3978 3616 4037 locorum

2032 4066 2266 4123 ﬂexibus
2294 4076 2474 4137 capta,
2506 4066 2690 4122 locum
2716 4066 2873 4121 illum
2898 4065 3079 4123 fontes
3102 4067 3328 4125 habere.
3362 4069 3616 4145 Cumque

2031 4167 2231 4228 puteos
2258 4157 2425 4213 eﬂodi
2447 4158 2728 4229 iussisset,
2781 4166 2897 4213 tota
2944 4166 3127 4214 castra
3159 4160 3419 4219 celeriter
3470 4180 3619 4238 aqua

2032 4249 2406 4306 abundarunt.
2432 4247 2642 4304 Deinde
2670 4248 2873 4303 castris
2897 4247 3327 4320 circumpositis,
3360 4253 3508 4311 hosti
3526 4257 3615 4313 fu-

2033 4358 2154 4413 gam
2195 4340 2564 4397 interclude-re
2593 4339 2830 4396 studuit.
2868 4339 2977 4395 Sed
3016 4340 3122 4395 ille
3159 4341 3279 4397 dies
3317 4359 3417 4400 ην
3446 4346 3614 4419 477

2034 4435 2313 4497 obsessus,
2351 4430 2712 4487 nihilominus
2762 4446 2889 4487 cum
2932 4430 3247 4487 firmissima
3273 4446 3428 4505 parte
3455 4455 3617 4496 exer.

2034 4526 2179 4580 citus
2201 4524 2422 4594 elapsus
2444 4531 2551 4589 est,
2576 4521 2870 4579 inutilibus
2901 4531 2958 4577 et
3013 4524 3235 4594 trgrotis
3278 4525 3614 4588 interfectis.

2035 4620 2206 4686 Quem
2230 4616 2525 4688 Pompeius
2566 4616 2714 4671 circa
2743 4613 3052 4686 Euphatem
3080 4628 3385 4686 assecutus,
3419 4621 3637 4681 timens

2036 4725 2107 4765 ne
2136 4709 2341 4764 ﬂumen
2370 4709 2667 4779 trajicerct,
2698 4707 3028 4778 intempesta
3062 4719 3224 4765 nocte
3247 4710 3434 4768 eduxit
3460 4729 3619 4773 excr-

2032 4802 2227 4857 citum.
2263 4801 2339 4855 lbi
2372 4814 2598 4856 necesse
2626 4807 2746 4855 erat
2777 4815 2879 4870 pro
2910 4801 3057 4855 vallo
3093 4811 3329 4865 certare,
3361 4805 3615 4865 iuuaresc

2034 4912 2141 4966 que
2195 4894 2334 4949 radii
2383 4892 2683 4947 turbabant
2728 4890 2931 4963 regios.
2971 4892 3108 4947 Nam
3142 4893 3377 4952 Romani
3427 4899 3614 4957 lunam

2029 4990 2251 5062 jamjam
2278 4987 2566 5043 occiduam
2596 5002 2627 5042 a
2656 4995 2810 5058 tergo
2863 4986 3174 5055 habebant;
3219 4991 3365 5047 unde
3414 5009 3617 5066 corpo-

2039 5096 2159 5136 rum
2192 5079 2403 5135 umbra:
2435 5080 2595 5150 longe
2629 5088 2948 5134 antrorsum
2981 5081 3259 5151 proiectae,
3290 5084 3612 5154 opinionem

2039 5173 2293 5230 hostibus
2329 5160 2657 5239 aiferebant,
2698 5186 2797 5228 eos
2830 5172 2887 5227 in
2920 5174 3231 5245 propinquo
3260 5190 3403 5233 esse.
3466 5180 3615 5238 Telis

2036 5266 2210 5338 igitur
2234 5265 2512 5320 incassum
2533 5262 2772 5329 emissis,
2803 5263 3146 5335 attingebant
3169 5268 3467 5324 neminem.
3498 5256 3616 5337 llnc

2035 5359 2267 5416 Romani
2293 5357 2698 5423 animadverso,
2722 5357 2959 5412 clamore
2981 5356 3200 5412 sublato
3223 5372 3609 5428 accurreruut,

2036 5462 2093 5507 et
2123 5451 2267 5505 ultra
2296 5450 2487 5505 decem
2521 5448 2693 5503 millia
2721 5447 2776 5502 in
2805 5446 2929 5517 fuga
2969 5448 3312 5506 ceciderunt.
3345 5451 3467 5522 Ipse
3507 5456 3611 5511 Mi-

2035 5543 2306 5598 thridates
2337 5558 2461 5598 cum
2499 5539 2756 5612 pluribus
2789 5538 3003 5607 effugit.
3039 5539 3334 5611 Pompeius
3365 5560 3496 5600 vero
3552 5549 3607 5603 in

2034 5634 2351 5691 Armeniam
2374 5629 2796 5702 impressionem
2841 5630 2992 5698 fecit,
3037 5646 3069 5686 a
3117 5631 3355 5705 Tigrane
3393 5637 3612 5708 juiiiorc

1487 5759 1689 5821 Variae
1719 5758 2026 5822 lectiones
2068 5764 2130 5821 et
2166 5768 2358 5819 notae.

428 5863 543 5939 (6|)
578 5860 895 5931 Τηριδάτῃ.
921 5860 1013 5916 Sic
1037 5859 1148 5915 duo
1180 5861 1335 5931 Regii
1358 5864 1425 5918 'et
1457 5861 1708 5919 Colbert.
1753 5863 1823 5919 At
1849 5864 1926 5917 Μι

2034 5860 2158 5933 sam
2186 5857 2479 5932 legendum
2512 5855 2771 5913 observat
2800 5854 3055 5914 Wolﬁus.

645 5959 916 6020 PATROL.
947 5957 1065 6017 Gn.
1093 5956 1410 6019 CXXXW.

3202 5951 3279 6012 26
