4024 6452
331 406 441 472 813

1597 401 2005 464 ANNALIUM
2040 404 2188 464 LIB.
2228 404 2303 462 Χ.

3485 397 3593 461 8H

331 519 414 586 τῷ
454 516 714 588 θριάμϐῳ
759 518 1020 588 παρεῖχον
1069 515 1247 569 λαϐὼν
1297 514 1455 584 μόνα,
1489 515 1557 567 τά
1605 515 1767 567 λοιπά
1816 513 1917 582 τὴν

2056 522 2198 576 rant,
2224 512 2462 582 acceptis
2485 552 2500 576 ,
2532 511 2747 580 reliqua
2783 508 3130 564 Stratonicen
3183 509 3390 565 habere
3413 511 3600 582 jussit.

336 609 706 682 Στρατονίκην
759 609 903 680 ἔχειν
934 607 1210 661 ἐκέλευσε.
1250 607 1360 659 Καὶ
1387 605 1482 658 τοῦ
1540 605 1805 674 βασιλέως
1861 605 1918 657 δὲ

336 703 446 756 τῶν
493 703 723 772 Ἰϐήρων
765 702 999 770 κλίνην,
1053 701 1148 753 καὶ
1191 698 1497 769 τράπεζαν,
1554 699 1650 752 καὶ
1703 698 1916 768 θρόνον,

338 795 520 864 χρυσᾶ
562 793 742 845 πάντα
776 791 1096 861 πέμψαντος
1142 790 1313 860 αὐτῷ,
1347 791 1441 843 καὶ
1471 791 1644 843 ταῦτα
1672 791 1786 852 τοῖς
1818 806 1919 843 τα-

342 886 494 956 μίαις
529 885 610 946 είς
635 884 694 936 τὸ
723 884 987 953 δημόσιον
1023 882 1433 953 παραδέδωκεν.
1483 882 1570 946 Ὡς
1602 881 1659 934 δὲ
1690 881 1783 934 τὸν
1812 883 1920 936 Μι-

341 977 600 1047 θριδάτην
629 975 780 1045 ἐώρα
800 974 1074 1044 φεύγοντα
1104 972 1487 1045 χαλεπώτερον
1516 974 1548 1044 ἢ
1590 973 1921 1043 μαχόμενον,

340 1066 518 1137 τούτῳ
557 1066 654 1136 μὲν
691 1061 844 1119 εἶπεν
895 1067 1248 1136 ἰσχυρότερον
1296 1064 1491 1119 ἑαυτοῦ
1537 1063 1802 1131 πολέμιον
1831 1065 1924 1114 τὸν

342 1158 502 1226 λιμὸν
547 1155 890 1225 ἀπολείψειν,
928 1156 1090 1218 αὐτὸς
1124 1155 1181 1207 δέ
1229 1154 1444 1224 προῆγε
1508 1155 1607 1206 σὺν
1669 1153 1921 1223 στρατιᾷ.

343 1249 768 1317 Χειρωσάμενος
808 1248 866 1301 δὲ
905 1247 973 1300 δι’
1014 1246 1306 1317 Ἀφρανίου
1358 1246 1486 1309 τοὺς
1521 1244 1652 1313 περὶ
1691 1244 1927 1314 Ἀμανὸν

349 1340 594 1412 Ἀραϐας
613 1339 750 1412 (62),
771 1338 1018 1401 καταϐὰς
1038 1337 1117 1400 είς
1155 1337 1378 1408 Συρίαν,
1399 1337 1604 1406 ταύτην
1635 1335 1736 1406 μὲν
1760 1337 1930 1405 ἐπαρ-

346 1434 470 1505 χίαν
513 1433 608 1486 καὶ
645 1433 832 1502 κτῆμα
869 1430 1159 1501 Ῥωμαίων
1206 1431 1452 1498 ἀπέφηνε
1485 1445 1499 1460 ο
1537 1427 1635 1494 τὴν
1681 1427 1738 1480 δὲ
1797 1427 1928 1479 Ἰουο

346 1511 788 1592 δαίανύπέταξε,
817 1524 1024 1578 καὶτὸν
1053 1522 1284 1592 βασιλέα
1311 1522 1484 1590 αὐτῆς
1515 1518 1932 1590 Ἀριστόϐουλον

351 1618 664 1678 συνέλαϐεν,
717 1617 792 1678 ὡς
836 1617 895 1669 ἐν
932 1617 1044 1678 τοίς
1088 1613 1405 1676 Ἰουδαϊκοῖς
1457 1612 1562 1682 ’ήδη
1625 1611 1928 1681 ἱστόρηται·

354 1712 496 1781 μέγα
519 1708 565 1762 δ’
604 1703 674 1780 ἦν
710 1707 882 1777 ὄνομα
907 1705 1007 1776 τῆς
1057 1703 1225 1758 αὐτοῦ
1267 1703 1576 1773 δυνάμεως,
1613 1702 1710 1754 καὶ
1745 1700 1934 1772 μεῖζον

351 1805 450 1872 τῆς
499 1801 703 1872 ἀρετῆς
757 1801 852 1852 καὶ
901 1797 1236 1868 πραότητος.
1297 1796 1355 1848 Ὀ
1403 1794 1463 1847 δὲ
1505 1793 1617 1846 τῶν
1665 1796 1795 1864 περὶ
1836 1793 1935 1860 τὴν

354 1893 567 1962 Πέτραν
602 1889 850 1960 Ἀράϐων
883 1885 1138 1957 βασιλεὺς
1171 1885 1359 1946 δείσας
1408 1883 1617 1954 ἔγραψε
1661 1881 1937 1953 Πομπηΐῳ

357 1985 534 2036 πάντα
555 1979 861 2034 πείθεσθαι.
904 1978 1141 2047 Ἰιγγέλη
1177 1977 1364 2047 μέντοι
1400 1975 1551 2044 αὐτῷ
1580 1972 1813 2035 τεθνεὼς
1845 1971 1938 2025 καὶ

355 2077 384 2129 ὁ
434 2073 794 2145 Μιθριδάτης,
840 2072 1130 2142 Φαρνάκου
1176 2067 1274 2121 τοῦ
1327 2067 1446 2119 υίοῦ
1496 2063 1938 2136 διαχρησαμένου

357 2168 540 2223 αὐτόν.
598 2166 694 2228 Είς
763 2162 1016 2232 ’Ᾱμινσδν
1108 2159 1204 2215 οῦν
1273 2157 1594 2228 ἀφικομένῳ
1661 2155 1930 2225 Πομπηΐῳ

360 2261 532 2314 πολλά
569 2258 667 2330 μὲν
700 2256 850 2326 δῶρα
883 2253 1032 2325 παρά
1055 2254 1344 2324 Φαρνάκου
1395 2252 1715 2315 κεκόμιστο,
1763 2245 1940 2300 πολλά

357 2352 414 2404 δέ
447 2367 512 2418 γε
542 2347 887 2418 προσήνεκτο
915 2345 1167 2413 σώματα,
1199 2343 1292 2396 καὶ
1325 2342 1490 2403 αὐτὸς
1535 2341 1565 2392 ό
1600 2336 1939 2409 Μιθριδάτου

361 2442 573 2512 νεκρός.
609 2435 884 2491 Ἐπανιὼν
913 2436 968 2488 δέ
998 2437 1250 2505 λυπηρὰν
1281 2435 1382 2502 τὴν
1432 2431 1696 2485 ἐπάνοδον
1740 2432 1940 2501 ἔσχηκε

359 2532 449 2586 διὰ
487 2531 587 2602 τὴν
633 2529 869 2597 γυναῖκα
909 2526 1158 2580 Μουκίαν
1215 2523 1587 2593 ἐξυϐρίσασαν
1640 2521 1793 2591 παρά
1841 2519 1943 2589 τὴν

362 2619 674 2690 ἀποδημίαν
703 2613 870 2672 αὐτοῦ
897 2632 914 2650 ο
946 2617 1044 2670 καὶ
1096 2615 1406 2684 πλησιάσας
1429 2615 1494 2682 τῇ
1539 2612 1744 2681 Ἰταλίᾳ
1773 2610 1944 2679 ἔπεμ-

362 2712 464 2782 ψεν
515 2712 701 2783 ἐκείνῃ
751 2713 850 2783 τὴν
901 2709 1119 2779 ἄφεσιν.
1151 2709 1244 2772 Εἰς
1275 2707 1333 2760 δὲ
1383 2707 1483 2776 τὴν
1527 2704 1746 2775 Ῥώμην
1794 2705 1945 2770 λόγοι

363 2808 494 2879 περὶ
529 2805 695 2862 αὑτοῦ
735 2807 999 2873 ἐγίνοντο,
1047 2802 1144 2857 καὶ
1190 2801 1422 2872 θόρυϐος
1451 2796 1522 2871 ἦν
1555 2799 1631 2862 ὡς
1682 2798 1743 2851 τὸ
1782 2798 1946 2869 στρά-

365 2916 543 2969 τευμα
581 2900 650 2970 τῇ
697 2897 853 2951 πόλει
898 2894 1192 2960 έπάξοντός
1242 2909 1302 2945 τε
1341 2893 1437 2945 καὶ
1473 2893 1942 2961 μοναρχήσαντος·

364 2994 394 3046 ὁ
434 2991 492 3045 δέ
532 2991 632 3062 τῆς
685 2988 916 3051 Ἰταλίας
958 3005 1020 3040 τε
1061 2986 1180 3056 ἅμα
1220 2984 1418 3050 ἐπέϐη,
1447 2983 1546 3036 καὶ
1574 2982 1948 3051 ἐκκλησιάσας

367 3084 492 3147 τοὺς
540 3081 880 3153 στρατιώτας
912 3079 1200 3132 ἐκέλευσεν
1229 3076 1464 3129 ἕκαστον
1505 3075 1642 3142 πρὸς
1670 3074 1737 3127 τά
1768 3076 1946 3127 οἰκεῖα

2021 605 2156 658 ltcm
2187 605 2415 667 lectum,
2447 618 2718 666 mensam,
2751 601 2974 666 solium,
3008 617 3176 656 aurea
3209 603 3393 657 omnia
3419 601 3527 657 sibi
3571 618 3604 658 a

2026 709 2152 765 rege
2187 695 2405 749 Iberum
2428 694 2614 751 missa.
2646 692 3016 763 qumstoribus
3043 691 3216 757 dedit,
3254 692 3308 746 in
3347 694 3603 748 mrarium

2025 786 2335 840 referenda.
2351 786 2422 842 Ut
2445 785 2815 840 Mithridatem
2841 783 3102 854 fugiendo
3127 799 3290 854 quam
3311 786 3608 855 pugnando

2028 877 2401 932 molestiorem
2463 891 2584 932 esse
2623 876 2783 942 vidit,
2823 891 2882 930 se
2919 876 3132 930 hostem
3189 874 3265 928 illi
3292 875 3514 941 famem,
3548 890 3608 930 se

2028 969 2151 1039 ipso
2205 968 2538 1038 graviorem,
2578 968 2906 1022 relicturum
2966 982 3089 1026 esse
3143 966 3425 1032 minatus,
3482 982 3609 1021 cum

2029 1060 2278 1115 exercitu
2339 1075 2663 1132 progressus
2691 1069 2806 1126 est;
2839 1059 3176 1130 domitisque
3199 1074 3298 1128 per
3323 1058 3610 1114 Afranium

2031 1153 2328 1219 Arabibus,
2353 1155 2450 1224 qui
2481 1153 2550 1209 ad
2577 1152 2848 1209 Amanum
2875 1153 3151 1214 habitant,
3185 1153 3394 1224 Syriam
3425 1154 3614 1223 populi

2033 1246 2265 1300 Romani
2292 1246 2634 1315 provinciam
2664 1255 2720 1302 et
2737 1249 3142 1316 possessionem
3167 1246 3331 1313 fecit;
3369 1247 3615 1302 Judmam

2031 1340 2269 1411 subegit,
2297 1338 2616 1394 Aristobulo
2648 1354 2777 1410 rege
2831 1339 3259 1409 comprehenso,
3296 1349 3355 1394 ut
3402 1340 3516 1411 jam
3559 1341 3616 1395 in

2034 1432 2261 1489 historia
2293 1430 2518 1486 Judaica
2541 1439 2626 1486 est
2648 1430 2984 1500 expositum.
3017 1431 3152 1486 Cum
3180 1433 3426 1502 potentia
3456 1432 3619 1487 Pom-

2035 1524 2144 1594 peii
2184 1524 2442 1588 multum,
2476 1523 2658 1577 virtus
2689 1531 2746 1578 et
2772 1523 3068 1578 clementia
3099 1524 3271 1594 magis
3306 1523 3474 1579 etiam
3521 1539 3616 1580 ce-

2035 1616 2406 1680 lebrarentur,
2429 1615 2642 1670 Arabia:
2657 1617 2880 1671 Petraea:
2910 1631 3002 1670 rex
3032 1615 3280 1682 territus,
3299 1617 3350 1672 ei
3371 1616 3615 1688 scripsit,

2037 1722 2098 1764 se
2119 1707 2172 1761 in
2200 1708 2630 1779 ejusgpotestate
2663 1707 2804 1762 fore.
2844 1707 3112 1762 Nuntiato
3143 1708 3476 1766 Mithridatis
3531 1709 3620 1763 in-

2040 1799 2232 1864 teritu,
2274 1800 2560 1854 Aminsum
2613 1797 2917 1868 profectus,
2957 1813 2986 1852 a
3021 1799 3304 1853 Pharnace
3342 1799 3621 1870 parricida

2041 1890 2214 1944 multa
2245 1905 2476 1946 munera
2508 1891 2741 1960 accepit,
2776 1890 2979 1945 multos
3015 1891 3290 1955 homines,
3334 1900 3390 1946 et
3439 1891 3621 1962 ipsum

2039 1981 2375 2036 Mithridatis
2408 1981 2664 2037 cadaver.
2716 1981 2977 2036 Reditum
3012 1980 3065 2035 ei
3116 1973 3283 2053 479
3321 1983 3619 2038 molestum

2041 2073 2178 2130 fecit
2210 2074 2401 2129 uxoris
2462 2073 2648 2129 Mutite
2695 2087 2793 2143 per
2838 2071 3013 2142 ipsius
3062 2072 3371 2128 absentiam
3411 2073 3627 2128 adulte—

2042 2165 2222 2230 rium;
2249 2163 2379 2231 cui,
2426 2179 2552 2219 cum
2583 2163 2754 2218 Italiae
2793 2162 3318 2233 appropinquasset,
3376 2163 3626 2218 libellum

2043 2259 2260 2330 repudii
2296 2258 2468 2314 misit.
2520 2258 2711 2312 Romae
2760 2267 2947 2312 autem
3020 2272 3247 2312 rumore
3295 2268 3348 2313 et
3387 2258 3626 2313 tumultu

2044 2361 2188 2416 orto,
2229 2351 2387 2424 quasi
2411 2352 2719 2406 exercitum
2749 2351 2805 2407 in
2833 2351 3029 2406 urbem
3059 2350 3404 2407 adducturus
3442 2362 3499 2408 et
3544 2368 3631 2407 re-

2045 2460 2212 2516 gnum
2241 2451 2614 2514 occupaturus
2635 2450 2826 2509 esset;
2862 2441 3196 2512 simulatque
3253 2442 3461 2496 Italiam
3499 2434 3631 2497 atti~

2045 2539 2146 2608 git.
2171 2536 2437 2591 concione
2492 2521 2778 2599 advocata,
2818 2533 3024 2589 milites
3079 2535 3134 2588 in
3199 2549 3300 2589 sua
3352 2550 3631 2605 quemque

2049 2628 2252 2686 redire.
2287 2636 2451 2697 atque
2480 2627 2679 2680 iterum
2729 2625 2796 2680 ad
2835 2624 3176 2696 triumphum
3217 2635 3449 2696 praesto
3505 2642 3631 2682 esse

2043 2721 2229 2793 jussit.
2278 2718 2537 2774 Exercitu
2578 2717 2829 2781 dimisso,
2868 2717 3123 2773 civitates
3178 2733 3307 2773 eum
3363 2719 3630 2773 inermem

2049 2827 2174 2867 cum
2202 2810 2392 2882 paucis
2422 2810 2500 2865 ire
2526 2808 2794 2871 videntes,
2830 2807 3142 2878 prmlaetitia
3164 2808 3373 2872 effusa,
3399 2809 3631 2865 Romam

2051 2916 2176 2956 cum
2229 2901 2538 2973 majoribus
2591 2899 2769 2970 copiis
2811 2898 2975 2953 ofﬁcii
3010 2900 3183 2969 gratia
3228 2899 3632 2971 perduxerunt.

2054 2993 2197 3064 Lege
2226 3003 2411 3048 autem
2447 3008 2556 3047 non
2578 2991 2957 3063 permittente,
3014 3000 3075 3046 ut
3111 3001 3242 3048 ante
3290 2993 3632 3064 triumphum

2055 3087 2247 3140 urbem
2281 3084 2681 3155 ingrederetur,
2711 3100 2740 3138 a
2763 3094 2954 3140 senatu
2984 3085 3143 3154 petiit
3169 3087 3470 3142 utcomitia
3506 3104 3638 3145 con-

369 3176 686 3245 τρέπεσθαι,
712 3174 808 3226 καὶ
833 3168 989 3234 αὖθις
1021 3168 1386 3239 ἀθροισθῆναι
1414 3167 1503 3221 διά
1533 3167 1625 3220 τὸν
1654 3165 1943 3238 θρίαμϐον.

2055 3177 2261 3232 sularia
2301 3177 2690 3239 differrentur;
2736 3177 2834 3232 sed
2869 3175 2926 3230 id
2951 3174 3159 3232 Catone
3198 3179 3492 3235 adversato
3523 3196 3635 3234 non

371 3265 764 3336 Σκεδασοείσης
801 3263 846 3317 δ’
880 3261 1024 3316 οὕτω
1049 3261 1150 3332 τῆς
1179 3261 1468 3332 στρατιᾶς,
1500 3259 1729 3314 ἄνοπλον
1758 3261 1814 3312 αἱ
1847 3259 1949 3312 πό-

371 3355 484 3419 λεις
514 3355 715 3427 ὁρῶσαι
743 3355 1029 3424 Πομπήϊον
1061 3352 1159 3406 καὶ
1192 3353 1312 3421 μετ’
1341 3351 1539 3418 ὀλίγων
1565 3351 1823 3413 ἀπιόντα,
1857 3351 1949 3421 ὑφ’

374 3447 566 3520 ἡδονῆς
604 3447 931 3515 ἐκχεόμεναι
963 3443 1061 3497 καὶ
1095 3443 1552 3514 προπέμπουσαι,
1603 3443 1950 3512 συγκατῆγον

373 3542 453 3604 εἰς
495 3539 593 3610 τὴν
651 3537 872 3608 Ῥώμην
924 3536 1065 3608 μετά
1100 3536 1384 3606 δυνάμεως
1419 3534 1688 3598 πλείονος.
1736 3533 1844 3587 Τοῦ
1895 3535 1954 3588 δὲ

378 3634 543 3702 νόμου
593 3632 668 3702 μὴ
719 3629 1131 3701 συγχωροῦντος
1169 3630 1278 3700 πρὸ
1310 3628 1407 3682 τοῦ
1435 3628 1711 3700 θριάμϐου
1745 3627 1954 3698 παρελ-

379 3725 491 3779 θεῖν
527 3728 606 3787 είς
653 3724 752 3795 τὴν
779 3724 956 3788 πόλιν,
979 3721 1211 3793 ,πέμψας
1231 3721 1389 3792 ήξίου
1419 3722 1522 3792 τὴν
1565 3721 1765 3793 βουλὴν
1788 3721 1958 3791 ὑπερ-

381 3819 570 3872 θέσθαι
600 3817 699 3881 τὰς
727 3816 838 3869 τῶν
885 3815 1112 3869 ὑπάτων
1159 3813 1562 3886 ἀρχαιρεσίαςο
1613 3814 1872 3877 Κάτωνος
1911 3813 1958 3867 δ’

383 3908 808 3972 ἐναντιωθέντος
851 3907 951 3960 οὐκ
980 3906 1168 3976 ἔτυχε·
1213 3905 1297 3959 διὸ
1328 3906 1422 3959 καὶ⁸
1446 3903 1833 3959 οἰκειώσασθαι
1865 3903 1960 3958 τὸν

381 4003 548 4074 ἄνδρα
589 4001 845 4071 ἠθέλησε.
878 3999 1036 4051 Δυεῑν
1063 3992 1158 4051 οῦν
1181 3995 1486 4066 ἀδελφιδῶν
1512 3995 1690 4049 οὐσῶν
1739 3995 1958 4065 ἐκείνῳ,

381 4097 482 4166 τὴν
516 4093 614 4164 μὲν
645 4091 811 4154 αὐτὸς
845 4089 1030 4160 ἐζήτει
1058 4089 1264 4154 λαϐεῖν,
1285 4087 1383 4157 τὴν
1416 4075 1474 4141 δὲ
1505 4086 1581 4156 τῷ
1604 4085 1704 4157 υίῷ
1730 4087 1965 4140 συνοικί-

387 4202 496 4240 σαι·
525 4183 967 4256 παραιτουμένου
989 4181 1048 4236 δὲ
1072 4176 1172 4252 ¹τὴν
1199 4181 1522 4251 ἀγχιστείαν
1551 4179 1646 4231 τοῦ
1679 4178 1958 4242 Κάτωνος,

384 4277 457 4340 ὡς
483 4277 782 4346 διαφθορὰν
822 4273 1092 4343 ἐσομένην
1119 4269 1268 4340 αὐτῷ
1305 4268 1401 4323 τοῦ
1432 4270 1660 4340 τρόπον,
1687 4271 1721 4340 ή
1757 4269 1963 4338 ἀδελφὴ

387 4373 482 4422 καὶ
528 4371 562 4441 ή
617 4365 757 4438 γυνὴ
813 4365 1188 4436 ἐχαλέπαινον.
1257 4362 1534 4433 Ἀφρανίῳ
1567 4361 1624 4415 δὲ
1677 4362 1964 4432 Πομπηΐου

2056 3272 2394 3341 impetravit.
2436 3269 2618 3335 Quare
2644 3270 2826 3324 virum
2856 3285 2984 3326 eum
3031 3272 3329 3326 conciliare
3377 3273 3480 3328 sibi
3519 3281 3632 3328 stn-

2056 3361 2216 3427 dens,
2246 3377 2315 3416 ex
2344 3362 2561 3417 duabus
2615 3361 2764 3416 illius
2815 3362 3075 3432 neptibus
3117 3362 3346 3418 alteram
3386 3363 3505 3433 ipse
3537 3364 3640 3419 du-

2057 3469 2205 3518 cere,
2230 3453 2461 3508 alteram
2483 3452 2594 3508 tilio
2623 3467 2724 3508 suo
2746 3452 3092 3524 despondere
3124 3453 3332 3520 voluit;
3365 3469 3475 3524 qua
3524 3455 3639 3509 atii-

2057 3547 2230 3601 nitate
2261 3545 2421 3614 Cato,
2455 3554 2516 3600 ut
2549 3560 2674 3616 qua:
2715 3543 3137 3616 corrumpendae
3175 3559 3289 3600 suae
3336 3545 3638 3616 integritati

2059 3647 2226 3705 esset,
2268 3637 2931 3708 repudiata,etsororem
2973 3644 3032 3692 et
3072 3650 3301 3691 uxorem
3329 3635 3498 3694 iratas
3541 3639 3640 3694 ha-

2061 3727 2202 3782 buit.
2233 3728 2365 3782 Post
2393 3725 2656 3796 Pompeio
2685 3725 2759 3780 ob
2789 3726 3138 3780 consulatum
3166 3723 3396 3779 Afranio
3446 3737 3644 3796 peten-

2061 3819 2193 3874 dum
2253 3818 2490 3889 pecunia
2507 3833 2609 3888 per
2643 3817 2820 3872 tribus
2850 3817 3148 3871 distributa
3176 3816 3318 3871 male
3357 3816 3640 3883 audiente,

2061 3910 2249 3982 utqui
2291 3911 2592 3981 dignitates
2629 3908 2872 3980 indignis
2917 3909 3142 3964 venales
3217 3908 3464 3977 fecerat,
3507 3909 3645 3966 Cato

2061 3999 2536 4056 mulieribusdixit
2559 4014 2574 4052 :
2595 3995 2706 4054 Ista
2741 3999 2936 4068 probra
2963 3997 3112 4053 nobis
3142 4000 3441 4053 communia
3461 4012 3640 4062 erum,

2059 4097 2105 4149 si
2134 4093 2441 4163 afﬁnitatem
2473 4107 2592 4145 cum
2629 4090 2880 4160 Pompeio
2931 4091 3375 4145 contraxerim”.
3415 4090 3606 4145 Trium
3629 4124 3643 4134 -

2063 4186 2175 4256 pho
2206 4194 2434 4255 propter
2464 4183 2902 4254 magnitudinem
2932 4181 3103 4238 biduo
3146 4191 3402 4253 peracto,
3459 4193 3643 4239 tamen

2063 4293 2131 4332 ex
2153 4277 2430 4346 apparatis
2477 4275 2665 4338 rebus,
2730 4273 2998 4344 temporis
3067 4275 3305 4330 exclusa!
3371 4280 3648 4348 angustiis

2069 4369 2253 4424 multae
2278 4367 2514 4438 spectari
2558 4380 2668 4421 non
2711 4373 3052 4435 potuerunt;
3105 4375 3162 4420 et
3195 4367 3471 4437 scriptura
3504 4384 3649 4438 prac-

391 4465 654 4518 ὑπατείαν
706 4461 1007 4532 μετιόντος,
1048 4460 1142 4512 καὶ
1166 4457 1255 4511 δια
1295 4456 1453 4510 τοῦτο
1487 4457 1624 4526 πρὸς
1652 4456 1749 4518 τὰς
1793 4456 1946 4525 φυλὰς

2071 4461 2181 4515 lata
2210 4458 2578 4530 significatum
2603 4465 2710 4521 est,
2739 4455 2808 4512 de
2830 4455 3036 4526 quibus
3063 4457 3320 4527 gentibus
3343 4459 3649 4531 triumpha-

391 4558 652 4630 ἀργύριον
693 4553 1100 4617 ἀναλίσκοντος,
1148 4551 1245 4605 καὶ
1293 4549 1482 4612 κακῶς
1513 4547 1766 4603 ἐντεῦθεν
1800 4547 1946 4602 ἁκού-

2072 4563 2246 4610 retur.
2275 4555 2370 4610 lla:
2408 4562 2594 4610 autem
2646 4551 2893 4616 fuerunt,
2945 4551 3179 4618 Pontus,
3226 4553 3508 4611 Armenia.
3549 4557 3648 4611 Pa-

390 4669 542 4716 οντος
570 4651 647 4712 ὡς
677 4647 836 4701 ῶνιον
868 4645 969 4712 τὴν
997 4643 1174 4715 ἀρχὴν
1203 4643 1533 4715 ποιουμένου
1573 4643 1689 4704 τοῖς
1723 4642 1800 4712 μὴ
1831 4641 1968 4700 rati-,-

390 4761 489 4813 της
520 4742 717 4807 ἀξίοις,
747 4741 777 4793 ό
825 4739 1022 4792 Κάτων
1046 4737 1155 4806 ἔφη
1187 4734 1324 4804 πρὸς
1351 4733 1453 4797 τὰς
1479 4735 1750 4802 γυναῖκας
1776 4748 1789 4763 ·
1828 4736 1872 4787 Τ
1868 4734 1969 4788 οὐ·

390 4852 510 4891 των
571 4833 690 4888 τῶν
737 4829 986 4886 ὀνειδῶν
1050 4827 1450 4896 κοινωνητέον
1500 4827 1668 4896 ἡμῖν,
1724 4826 1969 4891 οἰκείοις

392 4929 740 4999 γενομένοις
767 4925 918 4994 πρὸς
944 4922 1052 4977 τὸν
1099 4921 1435 4990 Πομπήϊον.
1462 4918 1571 4972 Τοῦ
1603 4917 1876 4988 θριάμϐου
1911 4917 1972 4970 δὲ

393 5023 473 5092 τῷ
506 5021 725 5092 μεγέθει
765 5020 823 5072 ἐν
849 5017 970 5069 δυσὶ
997 5013 1348 5076 τελεσθέντος
1387 5013 1644 5081 ἡμέραις,
1673 5011 1774 5063 οὐκ
1810 5010 1975 5080 ἐξήρ-

394 5129 566 5166 κεσαν
615 5101 798 5175 αὗται,
848 5105 988 5160 ἀλλὰ
1035 5103 1147 5158 τῶν
1195 5099 1737 5173 παρεσκευασμένων
1800 5099 1974 5152 πολλὰ

397 5204 499 5272 τῆς
528 5202 656 5263 θέας
682 5199 909 5264 ἐξέπεσε
929 5213 943 5229 ο
975 5194 1272 5265 γράμμασι
1293 5192 1352 5245 δὲ
1387 5190 1824 5262 προηγουμένοις
1852 5189 1974 5256 ἐδη-

398 5295 556 5347 λοῦτο
581 5292 649 5344 τὰ
680 5292 836 5359 γένη,
864 5286 985 5340 καθ’
1013 5283 1088 5338 ὧν
1118 5282 1504 5363 ἐθριάμϐευεν.
1535 5277 1643 5332 Ἦν
1669 5281 1727 5333 δέ
1775 5279 1972 5333 ταῦτα⁹

403 5385 624 5445 Πόντος,
674 5379 954 5450 Ἀρμενία,
989 5374 1365 5445 Παφλαγονία,
1425 5372 1812 5435 Καππαδοκία,
1847 5373 1974 5442 Μη-

401 5478 512 5541 δία,
562 5474 784 5542 Κόλχοι,
840 5469 1083 5539 Ἴϐηρες,
1131 5465 1421 5530 Ἀλϐανοὶ,
1479 5464 1666 5534 Συρία,
1725 5463 1972 5528 Κιλικία,

2073 4645 2394 4718 phlagonia,
2430 4640 2801 4714 Cappadocia,
2835 4643 3033 4709 Media,
3068 4642 3274 4709 lberes,
3309 4644 3527 4710 Albani,
3550 4644 3651 4717 Sy-

2075 4735 2180 4800 ria,
2241 4733 2456 4799 Cilicia,
2509 4733 2921 4802 Mesopotamia,
2978 4732 3284 4796 thnicia,
3330 4733 3648 4796 Palaestina.

2075 4828 2284 4891 Juda’a,
2313 4825 2536 4891 Arabia,
2561 4824 2752 4895 piratae
2784 4835 2928 4881 terra
2965 4825 3213 4894 marique
3246 4823 3528 4880 debellati.
3567 4827 3656 4881 ln-

2078 4923 2165 4970 ter
2188 4916 2307 4968 haec
2343 4913 2568 4969 castella
2599 4913 2772 4978 mille,
2804 4927 2916 4967 non
2948 4915 3215 4982 pauciora
3271 4922 3453 4985 capta,
3485 4917 3654 4970 urbes

2075 5019 2216 5076 pene
2271 5012 2594 5074 nongenta;
2635 5018 2807 5059 naves
2859 5004 3105 5074 piratica:
3150 5004 3500 5077 octingentaa.
3553 5007 3654 5060 ho-

2077 5098 2246 5152 stium
2269 5094 2434 5166 regia:
2455 5094 2990 5165 undequadraginta.
3011 5095 3217 5150 Adhaac
3245 5096 3300 5150 in
3342 5095 3541 5150 litteris
3567 5113 3654 5150 re-

2073 5186 2381 5252 ferebatur,
2414 5201 2541 5240 cum
2591 5201 2658 5240 ex
2688 5186 3052 5256 vectigalibus
3099 5187 3394 5256 quinquies
3453 5189 3653 5242 millies

2080 5291 2312 5336 centena
2345 5279 2518 5333 millia
2543 5280 2598 5332 in
2629 5277 2887 5331 aerarium
2902 5278 3171 5343 redirent,
3191 5293 3248 5333 se
3267 5280 3450 5335 decies
3477 5283 3651 5336 octies

2080 5381 2137 5426 et
2155 5369 2504 5442 quingenties
2521 5377 2753 5424 centena
2778 5369 2947 5422 millia
2980 5369 3266 5439 adiecisse.
3304 5369 3361 5424 ln
3391 5373 3650 5427 aerarium

2083 5462 2277 5518 inferri
2307 5463 2532 5532 signatae
2561 5460 2811 5529 pecunia
2831 5467 2886 5512 et
2914 5459 3068 5513 aurei
3102 5467 3266 5527 atque
3287 5460 3529 5529 argentei
3559 5476 3652 5515 or-

1592 5623 1792 5685 Variao
1814 5620 2118 5682 lectiones
2142 5627 2203 5680 et
2233 5626 2424 5680 notae.

471 5757 584 5830 (ὃὲ)
625 5755 772 5821 Τοὺς
804 5752 979 5830 *περὶ*
1000 5751 1248 5830 ξΑμανόν
1287 5749 1557 5830 'Apab'qc.
1582 5746 1662 5800 lla
1691 5741 1946 5812 πιμελὴς

2051 5751 2070 5795 ι
2135 5740 2292 5796 Colb.
2349 5740 2440 5794 ubi
2476 5737 2703 5792 Wolﬁus
2738 5753 2752 5790 :
2822 5733 2961 5800 Quid
2989 5737 3034 5790 si
3087 5733 3308 5807 Ἴϐηρας
3337 5736 3608 5812 legendum
3638 5754 3660 5796 :

402 5819 525 5886 eain
553 5819 763 5882 Arabas
781 5819 979 5879 Amani
996 5819 1194 5877 incolas
1229 5819 1403 5873 nullo:
1428 5821 1554 5870 scio.
