4024 6410
339 392 445 456 815

1633 385 1875 445 ΙΟΑΝΝ
1892 386 1957 444 [S
1988 386 2178 446 ΖΟΝΑ
2191 387 2310 446 1le

3503 381 3613 446 816

337 511 500 558 natus
534 500 702 557 vicies
731 499 879 556 mille
907 498 1129 561 talenta.
1161 505 1360 568 przeter
1385 513 1449 552 ca
1486 511 1607 566 qua:
1652 496 1926 551 militibus

2034 497 2447 564 Μεσοποταμία,
2494 494 2562 548 τα
2602 495 2732 563 περὶ
2769 493 3028 560 Φοινίκην
3075 493 3167 543 καὶ
3214 492 3610 563 Παλαιστίνην.

338 597 540 650 donata
565 603 778 647 essent.
807 593 863 646 In
887 591 1167 659 triumpho
1192 591 1342 644 ducti
1355 599 1506 654 sunt,
1524 597 1725 659 prater
1742 589 1926 642 archi-

338 678 824 752 piratas,’l‘igranis
840 678 1081 732 Armenii
1103 677 1267 738 filius,
1287 692 1411 730 cum
1432 691 1600 730 uxore
1614 684 1668 728 et
1687 674 1922 736 filiabus,

339 774 623 842 ipsiusque
639 771 784 840 regis
800 769 1055 838 Tigranis
1074 783 1210 822 uxor
1223 767 1462 828 Zosiine,
1475 775 1529 820 et
1546 766 1927 837 ﬁsoludteo-

335 881 459 918 rum
488 880 581 919 rex
610 863 981 923 Aristobulus,
1001 869 1057 915 et
1084 861 1299 929 cognati
1328 859 1685 914 Mithridatis.
1721 860 1927 928 aliique

334 958 542 1028 plures.
576 953 713 1008 Illud
741 962 926 1007 autem
953 953 1006 1006 in
1037 952 1158 1021 ejus
1189 951 1358 1020 gloria
1409 951 1743 1020 praecipuum
1801 951 1927 1012 fuit,

335 1050 485 1121 quod
521 1059 633 1104 tres
661 1048 976 1118 triumphos
1005 1046 1192 1112 duxit;
1223 1050 1459 1116 primum
1495 1061 1561 1098 ex
1601 1044 1806 1106 Africa,
1844 1044 1927 1096 al-

338 1154 519 1196 terum
543 1157 611 1196 ex
643 1141 887 1209 Europa,
918 1147 1256 1208 postremum
1291 1154 1358 1190 ex
1397 1138 1554 1201 Asia;
1591 1147 1704 1190 tum
1753 1149 1928 1188 annos

337 1249 405 1286 ιι.
437 1244 620 1295 natus,
676 1231 923 1284 victoriis
980 1238 1153 1283 totum
1216 1246 1355 1299 pene
1417 1240 1685 1282 terrarum
1733 1229 1925 1280 orbem

337 1324 678 1392 complexus.
713 1323 864 1385 Post,
908 1321 1081 1375 Roma
1109 1321 1468 1389 finitimisque
1519 1320 1656 1374 locis
1694 1335 1927 1374 annona:

337 1415 570 1485 penuria
632 1414 1037 1480 laborantibus,
1132 1414 1186 1467 in
1257 1414 1467 1476 Sicilia,
1519 1412 1792 1476 Sardinia,
1872 1423 1930 1466 et

338 1510 523 1564 Africa
555 1509 795 1563 maxima
829 1509 1090 1564 frumenti
1124 1509 1283 1578 copia
1307 1517 1518 1571 coacta,
1551 1523 1675 1560 eum
1720 1507 1926 1576 guber-

337 1611 562 1656 natores
602 1600 674 1654 ob
713 1610 1006 1655 ventorum
1053 1599 1456 1654 vehementiam
1497 1600 1712 1653 solvere
1769 1614 1930 1652 recu-

339 1701 547 1756 sarent,
597 1692 810 1762 primus
859 1691 984 1746 navi
1023 1706 1347 1756 conscensa,
1394 1701 1450 1745 et
1483 1691 1701 1746 ancoris
1738 1691 1924 1746 revelli

2043 591 2296 656 Ἰουδαία,
2345 589 2598 660 ⁹Λραϐία,
2640 589 2701 640 τὸ
2744 586 3065 655 πειρατικὸν
3114 587 3261 639 ἅπαν
3305 587 3362 637 ἐν
3397 590 3465 657 γῇ
3511 589 3610 640 x11

2033 682 2270 754 θαλάττῃ
2307 677 2930 748 καταπεπολεμημένον.
2973 678 3058 729 Ἐν
3092 677 3148 729 δὲ
3172 677 3386 740 τούτοις
3435 679 3612 748 φρού-

2036 789 2128 842 ρια
2162 771 2260 842 μὲν
2292 772 2542 842 ἡλωκότα
2589 771 2778 842 χιλίων
2806 771 2907 822 οὐκ
2946 770 3178 836 ἐλάττω,
3237 771 3424 834 πόλεις
3453 771 3509 824 δὲ
3546 771 3612 824 οὐ

2032 864 2168 916 πολὺ
2199 863 2310 915 τῶν
2337 863 2669 916 ἐννακοσίων
2697 861 3048 925 ἀποδέουσαι,
3075 863 3170 914 καὶ
3202 864 3332 930 νῆες
3363 879 3616 931 πειρατι-

2032 953 2127 1004 καὶ
2151 952 2499 1014 ὀκτακόσιαι,
2529 954 2806 1006 κατοικίαι
2833 953 2890 1004 δὲ
2921 953 3133 1004 πόλεων
3157 953 3270 1022 (65)
3301 956 3430 1022 μιᾶς
3461 955 3618 1007 δέου-

2035 1061 2125 1096 σαι
2164 1047 2596 1114 τεσσαράκοντα.
2639 1047 2780 1114 Πρὸς
2809 1045 2864 1097 δέ
2900 1045 3116 1108 τούτοις
3151 1045 3355 1113 ἔφραζε
3384 1047 3471 1099 διὰ
3503 1049 3616 1099 τῶν

2029 1136 2379 1202 γραμμάτων
2411 1136 2492 1187 ὅτι
2519 1124 2958 1203 πεντακισχίλιαι
2993 1134 3093 1204 μὲν
3124 1135 3385 1203 μυριάδες
3411 1138 3474 1187 ἐκ
3505 1135 3616 1187 τῶν

2028 1229 2199 1280 τελῶν
2247 1229 2516 1297 ὑπῆρχον.
2551 1231 2615 1282 ἐκ
2660 1229 2714 1280 δὲ
2741 1223 2816 1284 ὧν
2856 1231 3020 1292 αὑτὸς
3054 1232 3468 1300 προσεκτήσατο
3509 1247 3617 1297 μυ-

2031 1320 2152 1391 ρίας
2185 1319 2598 1388 ὀκτακισχιλίας
2649 1321 3017 1382 πεντακοσίας
3085 1323 3345 1390 Ῥωμαῖοι
3398 1320 3616 1389 λαμϐά-

2028 1435 2230 1471 νιυσιν.
2273 1418 2628 1486 Ἀναφέρεται
2673 1418 2729 1470 δὲ
2762 1419 2843 1476 είς
2895 1417 2954 1470 τὸ
3001 1417 3260 1486 δημόσιον
3293 1419 3519 1486 ταμεῖον
3554 1417 3617 1468 ἐν

2028 1513 2332 1582 νομίσματι
2392 1515 2484 1565 καὶ
2515 1515 2887 1575 κατασκευκῖς
2918 1513 3186 1582 ἀργυρίου
3240 1512 3334 1565 καὶ
3384 1513 3617 1581 χρυσίου

2027 1602 2291 1674 δισμύρια
2363 1605 2603 1657 τάλαντα
2657 1606 2831 1672 πάρεξ
2888 1605 2998 1656 τῶν
3080 1607 3193 1666 τοῖς
3251 1604 3616 1674 στρατιώταις

2025 1697 2434 1766 νενεμημένων.
2492 1698 2843 1768 Αίχμάλωτοι
2890 1697 2947 1750 δὲ
2996 1696 3427 1766 ἐπομπεύθησαν
3480 1695 3612 1748 ἄνευ

299 1783 525 1854 jussis.
559 1781 887 1836 exclamavit
913 1798 927 1834 :
961 1781 1232 1852 Navigare
1263 1798 1465 1834 necesse
1489 1791 1586 1844 est,
1619 1784 1790 1836 vicere
1823 1799 1927 1836 non

2034 1786 2138 1838 τῶν
2194 1789 2610 1858 ἀρχιπειρατῶν
2690 1789 2804 1850 υίὸς
2853 1789 3125 1857 Τιγράνου
3166 1787 3262 1840 τοῦ
3326 1787 3614 1855 Ἀρμενίου

305 1882 414 1928 -εει
445 1888 672 1928 necesse.
711 1872 824 1927 llac
851 1872 1102 1938 audacia,
1133 1873 1488 1942 secundaque
1527 1873 1745 1928 fortuna
1771 1890 1926 1939 usus,

335 1977 533 2016 omnes
570 1972 849 2015 mercatus
891 1961 1192 2024 frumento,
1231 1964 1468 2017 navibus
1526 1979 1676 2017 mare
1731 1965 1928 2033 imple-

339 2051 441 2105 vit.
500 2052 544 2106 E
601 2067 661 2105 re
728 2067 898 2120 porro
935 2053 1060 2122 ejus
1101 2051 1316 2115 fuisset,
1352 2054 1398 2107 si
1454 2063 1566 2107 tum
1603 2055 1772 2109 vitam
1801 2071 1925 2109 cum

343 2151 521 2196 morte
569 2150 982 2196 eommutasset.
1032 2141 1347 2197 lnsecutum
1402 2145 1549 2198 enim
1612 2155 1829 2215 tempus
1877 2147 1926 2201 ei

341 2248 636 2288 successus
670 2234 972 2288 invidiosus
999 2242 1056 2287 ct
1076 2248 1237 2288 casus
1261 2235 1526 2288 exitiosus
1556 2237 1762 2291 attulit.
1790 2237 1925 2290 Nam

341 2341 469 2380 cum
506 2341 564 2380 sc
617 2341 742 2380 cum
772 2324 988 2381 Caesare
1051 2327 1452 2397 conjunxisset,
1523 2343 1763 2397 eumque
1827 2345 1924 2382 sua

341 2419 672 2473 auctoritate
699 2428 755 2473 et
783 2418 1028 2488 potentia
1061 2421 1378 2485 extulisset,
1402 2420 1470 2473 ah
1497 2419 1589 2474 illo
1617 2438 1843 2476 eversus
1873 2431 1929 2475 et

337 2511 701 2566 conculcatus
723 2519 826 2565 est.
859 2510 938 2565 Ne
978 2520 1163 2565 autem
1206 2511 1292 2565 bis
1347 2512 1544 2566 eadem
1591 2528 1927 2568 commemo-

345 2611 557 2668 rentur,
589 2618 710 2673 quae
737 2601 806 2659 de
831 2603 1092 2674 Pompeio
1117 2613 1345 2669 restant,
1389 2605 1443 2659 in
1489 2604 1722 2660 Casaris
1750 2606 1926 2662 histo-

343 2694 426 2747 ria
453 2693 529 2760 (in
560 2710 682 2749 eam
715 2696 865 2750 enim
901 2695 1176 2766 incidunt)
1213 2696 1542 2751 referentur.

2035 1878 2173 1947 μετὰ
2202 1880 2478 1945 γυναικῶν
2510 1887 2600 1932 καὶ
2651 1880 2972 1950 θυγατέρων
2999 1897 3013 1910 ο
3054 1877 3220 1932 αὑτοῦ
3249 1895 3305 1930 τε
3339 1879 3615 1946 Τιγράνου

2028 1971 2121 2023 τοῦ
2161 1971 2429 2039 βασιλέως
2455 1972 2592 2041 γυνὴ
2623 1973 2869 2042 Ζωσίμη,
2901 1972 2996 2024 καὶ
3046 1970 3304 2039 βασιλεὺς
3338 1968 3616 2020 Ἰουδαίων

2041 2061 2479 2131 Ἀριστόϐουλος,
2513 2064 2606 2115 καὶ
2643 2065 2932 2131 συγγενεῖς
2973 2061 3334 2130 Μιθρτδάτου,
3359 2059 3508 2113 ἄλλοι
3552 2076 3616 2110 τε

2030 2151 2271 2216 πλείους.
2308 2154 2582 2221 Μέγιστον
2612 2155 2668 2207 δὲ
2702 2155 2918 2224 ὑπῆρχε
2969 2154 3104 2226 πρὸς
3133 2153 3294 2217 δόξαν
3326 2151 3497 2221 αὐτῷ,
3531 2153 3617 2204 ὃτι

2027 2245 2150 2314 τρὶς
2200 2245 2679 2314 τεθριαμϐευκὼς,
2713 2247 2806 2300 τὸν
2849 2246 2949 2316 μὲν
2986 2245 3206 2316 πρῶτον
3259 2244 3323 2297 ἐκ
3380 2242 3614 2312 Λιϐύης,

2033 2333 2125 2384 τὸν
2151 2332 2206 2384 δέ
2235 2332 2491 2404 δεύτερον
2532 2335 2591 2399 ἐξ
2621 2335 2917 2407 Εὐρώπης,
2947 2335 3038 2388 τὸν
3065 2334 3119 2388 δὲ
3151 2334 3462 2386 τελευταῖον
3507 2331 3621 2384 ἀπὸ

2033 2425 2131 2489 τῆς
2183 2422 2372 2487 Ἀσίας
2421 2426 2702 2492 κατάγων,
2736 2428 2937 2496 τρόπον
2975 2427 3100 2478 τινὰ
3151 2423 3250 2494 τὴν
3283 2422 3619 2493 οἰκουμένην

2033 2515 2207 2568 ἐδόκει
2243 2520 2356 2580 τοῖς
2397 2519 2580 2586 τρισὶν
2631 2517 2868 2586 ἐπῆχθαι
2929 2516 3244 2586 θριάμϐοις⁹
3287 2512 3356 2585 ἦν
3384 2515 3441 2567 δὲ
3493 2515 3617 2566 τότε

2033 2603 2172 2657 ἐτῶν
2221 2607 2652 2676 τεσσαράκοντα.
2689 2607 2960 2669 Σιτοδείας
3008 2607 3064 2658 δὲ
3123 2605 3262 2675 μετά
3313 2603 3487 2657 ταῦτα
3517 2603 3621 2669 τὴν

2043 2695 2262 2766 Ῥώμην
2313 2698 2412 2749 καὶ
2452 2697 2519 2750 τὰ
2563 2700 2690 2766 περὶ
2719 2697 2887 2767 αὐτὴν
2921 2696 3326 2766 κατασχούσης,
3375 2694 3618 2753 πλεύσας

343 2787 424 2848 είς
458 2785 728 2849 Σικελίαν,
761 2787 856 2838 καὶ
887 2784 1097 2856 Σαρδὼ,
1133 2787 1229 2839 καὶ
1259 2785 1468 2855 Λιϐύην
1499 2785 1724 2855 ἠθροισε
1789 2787 1956 2838 σῖτον
1996 2786 2090 2837 καὶ
2129 2785 2428 2853 ἀνάγεσθαι
2483 2785 2720 2854 μέλλων,
2750 2785 2860 2837 τῶν
2893 2785 3244 2855 κυϐερνητῶν
3313 2783 3622 2846 ὀκνούντων

342 2878 431 2931 διὰ
462 2877 750 2946 πνεύματα
779 2877 950 2947 βίαια,
983 2877 1202 2946 πρῶτος
1235 2876 1397 2940 αὐτὸς
1424 2877 1601 2946 ἐμϐὰς
1628 2877 1726 2938 τὰς
1790 2875 2042 2946 ἀγκύρας
2080 2877 2256 2944 αἴρειν
2315 2875 2592 2939 ἐκέλευσε,
2661 2878 2759 2930 καὶ
2787 2876 3078 2946 ἀνεϐόησε·
3144 2875 3330 2929 Πλεῐν
3358 2873 3617 2942 ἀνάγκη»

319 2970 452 3042 ’ζῇν
483 2972 552 3026 δὲ
585 2975 695 3028 οὐκ
749 2971 1004 3042 ἀνάγκη.
1065 2971 1303 3042 Τοιαύτη
1337 2972 1395 3024 δὲ
1432 2972 1609 3042 τόλμῃ
1663 2971 1944 3042 χρώμενος
1978 2972 2072 3024 καὶ
2128 2970 2310 3041 ἀγαθῇ
2351 2969 2513 3042 τύχῃ,
2551 2971 2816 3040 ἐνέπλησε
2843 2979 2911 3024 τα
2939 2971 3184 3040 ἐμπόρια
3212 2971 3382 3035 σίτου,
3413 2969 3621 3021 πλοίων

342 3067 398 3119 δέ
434 3082 499 3133 γε
525 3066 626 3135 τὴν
657 3065 959 3118 Θάλασσαν.
987 3066 1094 3118 Καὶ
1127 3064 1305 3136 ῶνητο
1345 3063 1447 3136 μὲν
1477 3064 1544 3118 ἂν
1590 3065 1825 3118 ἐνταῦθα
1889 3067 1982 3118 τοῦ
2024 3064 2140 3134 βίου
2187 3065 2561 3134 παυσάμενος·
2591 3067 2620 3118 ό
2663 3065 2721 3117 δὲ
2755 3067 3014 3118 ἐπέκεινα
3075 3065 3267 3135 χρόνος
3323 3064 3474 3135 αὐτῷ
3516 3066 3620 3132 τὰς

347 3157 450 3229 μὲν
489 3155 746 3225 εὐτυχίας
780 3155 1016 3224 ἤνεγκεν
1055 3155 1405 3223 ἐπιφθόνους,
1435 3157 1714 3226 ἀνήκεστα
1748 3157 1806 3210 δέ
1862 3173 1926 3225 γε
1961 3157 2032 3210 τά
2092 3157 2511 3229 δυστυχήματα.
2584 3158 2916 3228 Προστεοεὶς
2949 3158 3059 3227 γὰρ
3094 3160 3357 3229 Καίσαρι,
3387 3159 3482 3212 καὶ
3529 3153 3620 3212 6.3K

343 3255 446 3324 τῆς
491 3251 701 3315 οἰκείας
733 3251 891 3319 δέξης
934 3268 994 3303 τε
1053 3248 1460 3318 καὶδυνάμεως
1495 3250 1696 3320 ἐξάρας
1742 3253 1930 3316 αὑτὸν,
1973 3253 2066 3306 ὑπ’
2126 3255 2340 3307 ἐκείνου
2395 3254 2776 3324 ἀνατέτραπτό
2838 3271 2896 3306 τε
2931 3255 3025 3307 καὶ
3065 3254 3460 3326 καταϐέϐλητο.
3499 3257 3619 3310 Ἵνα

345 3352 405 3404 δὲ
439 3348 517 3418 μὴ
545 3348 628 3410 δίς
655 3348 724 3399 τά
760 3347 902 3398 αὑτὰ
928 3345 1234 3416 ίστορῆται,
1263 3349 1320 3398 ἐν
1351 3349 1463 3412 τοῖς
1528 3349 1660 3420 περὶ
1725 3349 2006 3420 Καίσαρος
2047 3350 2112 3405 τὰ
2164 3351 2323 3404 λοιπὰ
2355 3351 2449 3405 τοῦ
2481 3353 2771 3422 Πομπηΐου
2802 3351 3109 3422 είρήσεται,
3139 3353 3208 3422 τῇ
3241 3356 3370 3422 περὶ
3401 3353 3618 3405 ἐκείνου

348 3461 473 3498 συνε
483 3442 796 3512 μπίπτοντα
819 3439 1050 3511 ἱστορίᾳ.

417 3538 506 3595 γι.
539 3535 671 3590 Fuit
691 3544 745 3590 et
772 3536 954 3589 tlmsar
983 3535 1040 3588 in
1064 3548 1124 3589 re
1153 3534 1375 3589 militari
1402 3534 1744 3600 fortunatus,
1776 3537 1922 3591 mul-

2100 3537 2190 3608 G'.
2230 3539 2479 3610 Εὐτυχὴς
2529 3540 2586 3592 δὲ
2623 3539 2652 3591 ὀ
2699 3539 2921 3606 Καῖσαρ
2956 3538 3014 3588 ἐν
3043 3539 3409 3607 στρατηγίαις
3455 3539 3616 3606 γενόο

345 3641 516 3699 taque
553 3627 696 3681 bella
729 3639 995 3696 prospere
1027 3625 1288 3680 confecit.
1325 3627 1459 3679 (Iuni
1485 3636 1669 3681 autem
1695 3628 1846 3682 cultu
1873 3637 1929 3683 et

347 3721 706 3777 observantia
744 3718 932 3788 populi
984 3731 1215 3786 regnum
1255 3715 1574 3781 aﬂcctaret,
1645 3717 1702 3770 in
1750 3732 1928 3786 eoque

349 3827 476 3867 cum
509 3811 742 3865 aliorum
781 3809 1220 3874 adversationes,
1255 3818 1374 3862 tum
1419 3823 1646 3878 magnas
1681 3809 1927 3878 Pompeii

349 3919 484 3974 opes
532 3903 639 3959 sibi
692 3903 918 3958 obstare
966 3911 1244 3967 cerneret,
1276 3902 1507 3957 Romam
1551 3918 1618 3957 ex
1668 3902 1927 3972 Hispania

351 3996 539 4051 rediit.
575 3995 634 4050 In
677 4009 843 4065 quam
889 3993 1234 4065 provinciam
1276 4003 1404 4048 ante
1457 3994 1513 4048 id
1563 4002 1778 4065 tempus
1825 3995 1930 4049 sibi

355 4087 634 4143 decretam
667 4101 792 4141 cum
826 4087 1067 4156 primum
1097 4084 1360 4152 venisset,
1396 4085 1679 4141 Lusitanis
1721 4095 1778 4140 et
1807 4086 1934 4142 Gal-

354 4180 506 4236 laecis
547 4180 796 4245 domitis,
830 4194 1002 4250 usque
1045 4177 1113 4234 ad
1146 4181 1387 4234 exterius
1432 4194 1582 4234 mare
1612 4180 1882 4249 processit
1915 4196 1930 4235 :

352 4286 557 4341 easque
597 4279 788 4342 gentes
839 4271 1096 4339 subegit,
1153 4286 1275 4341 quae
1323 4281 1451 4326 ante
1501 4272 1768 4328 Romanis
1821 4287 1932 4327 non

354 4372 682 4434 paruerunt.
716 4362 796 4417 Ex
835 4363 1118 4432 provincia
1158 4363 1414 4418 discessit
1432 4363 1605 4432 gloria
1641 4372 1699 4418 et
1736 4364 1935 4434 opibus

354 4463 574 4521 auctus,
621 4454 790 4510 etiam
848 4453 1120 4509 militibus
1163 4453 1373 4511 ditatis.
1427 4454 1930 4524 Triumphaturus,

351 4558 484 4598 cum
531 4543 596 4597 ad
638 4541 955 4598 consularia
993 4542 1217 4598 comitia
1253 4543 1524 4611 venisset,
1573 4552 1631 4600 et
1677 4544 1934 4600 consula-

351 4645 475 4688 tum
535 4633 811 4700 ambiret,
865 4634 920 4688 in
982 4635 1134 4705 leges
1187 4635 1498 4690 contrarias
1553 4635 1768 4691 incidit.
1824 4635 1938 4691 Mo-

360 4726 440 4780 ris
505 4726 654 4780 enim
722 4732 874 4788 erat,
933 4733 995 4779 ut
1065 4724 1458 4794 triumphaturi
1525 4735 1683 4780 extra
1742 4725 1934 4780 urbem

357 4823 647 4871 manerent
692 4831 707 4870 ;
750 4815 844 4886 qui
882 4830 1014 4870 vero
1073 4816 1420 4870 consulatum
1480 4817 1775 4884 ambirent,
1832 4816 1936 4886 ipsi

2031 3647 2192 3698 μενος
2251 3630 2348 3682 καὶ
2415 3628 2647 3691 πολλοὺς
2685 3626 3071 3697 κατωρθωκὼς
3126 3628 3428 3698 πολέμους,
3478 3647 3622 3701 μνη-
3723 3679 3728 3684 .

2031 3720 2354 3788 στευόμενος
2385 3720 2431 3773 δ’
2462 3720 2638 3790 ἐαυτῷ
2667 3719 2769 3790 τὴν
2805 3721 2868 3772 ἐκ
2899 3719 2994 3771 τοῦ
3017 3720 3194 3786 δήμου
3229 3721 3426 3789 ῥοπὴν,
3450 3721 3619 3774 αὑτὸν

2029 3813 2350 3882 ἐθεράπευεο
2385 3813 2478 3864 καὶ
2527 3811 2830 3881 μοναρχίας
2873 3811 3038 3881 ἐρῶν,
3082 3810 3204 3863 ἐπεὶ
3251 3810 3400 3881 ἐώρα
3458 3813 3619 3877 τινὰς

2032 3905 2484 3974 ἐναντιουμένους
2531 3905 2705 3974 αὐτῷ,
2764 3903 2858 3957 καί
2909 3902 3147 3974 μάλιστα
3189 3902 3280 3955 τὸν
3329 3905 3618 3974 Πομπήϊον

2029 3996 2150 4049 τότε
2186 3996 2329 4066 μέγα
2358 3995 2678 4064 δυνάμενον,
2713 3997 2779 4066 τῇ
2817 3994 3008 4066 Ῥώμῃ
3034 3993 3094 4060 ἐξ
3141 3995 3387 4064 Ἰϐηρίας
3433 3995 3620 4048 ἐπιδε-

2031 4089 2300 4159 δημηκεν.
2332 4089 2436 4141 Ἦν
2466 4087 2574 4158 πρὸ
2605 4086 2798 4140 τούτου
2837 4085 3040 4156 λαχὼν,
3065 4085 3143 4148 ῶς
3173 4085 3381 4155 ταύτης
3415 4086 3616 4157 ἐπέϐη,

2032 4181 2126 4233 ἐπὶ
2183 4180 2520 4241 Λυσιτανοὺς
2573 4179 2668 4231 καὶ
2717 4177 3034 4242 Καλαίκονς
3087 4178 3460 4248 ἐστράτευσε*
3519 4185 3620 4232 καὶ

2034 4275 2315 4345 κρατήσας
2343 4273 2553 4326 τούτων
2583 4271 2712 4342 ἄχρι
2747 4271 2844 4340 τῆς
2883 4269 2989 4338 ἔξω
3019 4271 3260 4342 προῆλθε
3311 4271 3615 4343 θαλάσσης,

2032 4367 2099 4418 τὰ
2135 4365 2209 4434 μὴ
2247 4365 2374 4434 πρὶν
2421 4364 2716 4416 ὑπείκοντα
2776 4363 3078 4433 Ῥωμαίοις
3125 4362 3254 4434 ἔθνη
3314 4381 3620 4433 καταστρε-

2035 4456 2290 4526 φόμενος.
2343 4454 2455 4508 Καὶ
2507 4453 2800 4523 ἀπηλλάγη
2829 4453 2932 4524 τῆς
2970 4453 3245 4523 ἐπαρχίας
3287 4453 3618 4524 εὐδοκιμῶν,

2035 4546 2200 4609 αὑτός
2230 4563 2291 4598 τε
2342 4543 2600 4608 πλούσιος
2647 4543 2893 4612 γεγονὼς
2943 4546 3040 4598 καὶ
3092 4546 3219 4609 τοὺς
3272 4545 3616 4614 στρατιώτας

2036 4637 2359 4708 ὠφεληκώς.
2414 4637 2600 4690 Θέλων
2653 4636 2702 4690 δ’
2739 4637 2833 4690 ἐπὶ
2898 4639 2966 4708 τῇ
3029 4636 3157 4707 νίκῃ
3220 4636 3614 4708 θριαμϐεῦσαι,

2037 4731 2176 4802 πρὸς
2214 4729 2385 4792 αὐτάς
2433 4745 2493 4780 τε
2535 4728 2634 4791 τὰς
2673 4726 2948 4790 ὑπατικὰς
2992 4726 3296 4796 ἀφιγμένος
3348 4727 3620 4797 ἀρχαιρε-

2041 4823 2181 4888 σίας,
2231 4823 2323 4874 καὶ
2360 4820 2643 4891 μνώμενος
2673 4819 2855 4890 ἐαυτῷ
2902 4818 3192 4883 ὑπατείαν,
3233 4818 3292 4870 ἐν
3324 4818 3619 4890 ἀντινομίᾳ

361 4909 606 4964 comitiis
661 4907 940 4964 candidati
1009 4893 1360 4964 interessent.
1435 4909 1764 4979 Contempto
1831 4910 1929 4981 igi-

2041 4915 2277 4984 ἐγένετο.
2311 4913 2451 4973 Τοὺς
2481 4911 2580 4982 μὲν
2617 4911 2728 4982 γὰρ
2764 4909 3124 4982 θριαμϐεύειν
3168 4907 3469 4976 μέλλοντας
3512 4906 3621 4973 ἔξω

359 5013 450 5057 tur
508 5003 791 5072 triumpho
853 5001 1046 5056 urbem
1096 5001 1398 5072 ingressus,
1449 5005 1796 5058 consulatum
1837 5018 1935 5072 pe-

360 5092 468 5146 tiit.
527 5091 810 5155 Crassum,
877 5091 1057 5144 virum
1108 5091 1165 5144 in
1219 5101 1414 5147 senatu
1463 5092 1932 5163 potentissimum,

357 5185 575 5256 sibique
623 5184 882 5248 amicum,
937 5191 995 5238 et
1059 5181 1402 5253 Pompeium,
1465 5185 1610 5240 inter
1648 5200 1770 5240 sese
1822 5183 1936 5240 dis-

357 5279 601 5334 sidentes
649 5287 814 5348 atque
871 5277 1108 5335 invicem
1173 5279 1562 5343 adversantes,
1620 5279 1939 5334 reconcilia-

355 5371 478 5426 vit:
523 5387 833 5442 eorumque
871 5381 1131 5443 tauquam
1182 5373 1483 5428 satellitum
1525 5386 1696 5442 opera
1741 5378 1936 5426 consul

357 5465 556 5530 factus,
589 5463 775 5519 statim
805 5462 967 5536 481
1011 5465 1160 5537 leges
1201 5465 1350 5532 tulit,
1385 5463 1589 5534 quibus
1621 5463 1726 5517 sibi
1760 5479 1938 5533 pepu-

2041 5007 2328 5074 νενόμιστο
2359 5005 2659 5074 διατρίϐειν
2701 5003 2803 5072 τῆς
2848 5003 3056 5064 πόλεως
3091 5038 3107 5066 ,
3133 5002 3259 5065 τοὺς
3285 4999 3342 5053 δὲ
3369 5003 3623 5070 μετιέναι

2043 5098 2300 5159 θέλοντας
2333 5096 2606 5149 ὑπατείαν
2635 5094 2704 5146 δι’
2735 5093 2945 5146 ἑαυτῶν
2974 5092 3135 5146 τοῦτο
3183 5093 3467 5163 πράττειν,
3506 5099 3624 5155 τοῖς

2041 5189 2560 5260 ἀρχαιρεσιάζουσιν
2593 5187 3045 5256 ἐντυγχάνοντας.
3065 5186 3413 5256 Καταφρονεϊ
3437 5185 3624 5240 τοίνυν

2041 5283 2136 5336 τοῦ
2162 5281 2457 5355 θριάμϐου,
2485 5283 2578 5334 καὶ
2612 5279 2898 5351 παρελθὼν
2923 5282 3003 5342 είς
3031 5280 3131 5350 τὴν
3160 5279 3316 5332 πόλιν
3356 5281 3437 5342 είς
3476 5280 3625 5332 ὐπα-

2041 5376 2196 5428 τείαν
2247 5373 2612 5443 παρήγγειλε.
2644 5374 2768 5426 Τῶν
2807 5372 2864 5426 δὲ
2902 5373 3046 5442 μέγα
3091 5371 3408 5441 δυναμένων
3459 5372 3518 5424 ἐν
3550 5375 3621 5442 τῇ

2044 5465 2206 5536 βουλῇ
2254 5466 2351 5518 καὶ
2368 5468 2395 5518 ὁ
2413 5467 2454 5516 Κ
2464 5467 2662 5535 ράσσος
2682 5464 2779 5527 ὢν,
2800 5463 2934 5534 πρὸς
2965 5462 3026 5516 ὃν
3048 5464 3075 5516 ὁ
3102 5463 3320 5532 Καῖσαρ
3347 5461 3621 5533 ᾠκείωτο,

1524 5575 1724 5636 Variae
1763 5575 2075 5638 lectiones
2119 5589 2181 5639 et
2218 5585 2409 5639 notae.

428 5699 540 5766 (65)
579 5700 982 5755 Κατοικίαιδὲ
1031 5701 1293 5759 πόλεων.
1347 5700 1441 5758 Sic
1490 5713 1625 5756 mss.
1679 5699 1843 5756 codd.
1883 5700 1929 5758 id

2034 5709 2064 5757 ιι
2126 5701 2332 5757 urbium
2397 5699 2652 5770 Coloni},
2706 5696 2938 5756 Wolilus
2991 5697 3264 5776 πολεμίων
3323 5695 3619 5762 legendum

359 5777 640 5832 censebat.
