4024 6350
341 427 445 491 817

1597 438 2008 502 ANNALIUM
2047 444 2198 506 LIB.
2238 432 2315 502 Χ.

3482 446 3589 510 818

341 542 882 616 ἀντιπολιτευόμενος
917 544 996 617 τῷ
1031 547 1609 622 Πομπηῖῳὲτύγχανε·
1632 554 1856 618 τούτους
1883 556 1912 609 6

2041 573 2129 631 um
2186 556 2510 610 devinciret.
2565 556 2839 611 Prmterea
2899 563 2958 611 ut
3007 556 3254 627 Pompeii
3288 561 3591 628 potentiam

343 638 561 708 Καῖσαρ
576 639 642 691 ἐκ
657 637 924 708 διαφορᾶς
939 639 1018 702 είς
1033 640 1218 707 φιλίαν
1238 642 1567 714 μετήνεγκε,
1586 648 1681 698 καὶ
1699 646 1790 699 ὑπ’
1808 649 1918 714 άμ-

343 731 466 797 φοῖν
499 728 690 801 ὥσπερ
717 731 1191 801 δορυφορούμενος
1222 734 1302 786 εἰς
1341 734 1610 788 ὑπατείαν
1643 738 1916 808 προήχθη,

344 817 438 868 καὶ
465 818 664 871 αὐτίκα
681 819 878 887 νόμους
907 821 1118 890 εἰσῆγε.
1137 822 1205 875 δι’
1223 815 1298 876 ὧν
1316 823 1582 893 ᾠκειοῦτο
1607 825 1699 878 τὸν
1722 827 1917 896 δῆμον.

347 908 469 960 Ἔτι
501 909 675 980 δὲτὴν
695 912 982 982 Πομπηΐου
1005 914 1159 984 ἰσχὺν
1181 916 1209 968 6
1239 917 1455 988 Καῖσαρ
1509 917 1688 988 ἑαυτῷ
1719 921 1921 990 προσά-

341 1015 516 1062 πτων,
536 1000 636 1071 τὴν
675 1000 881 1056 οίκείαν
923 1003 1198 1074 θυγατέρα
1235 1007 1462 1063 Ἰουλίαν
1519 1011 1667 1079 αὐτῷ
1706 1028 1917 1081 κατηγ-

341 1090 534 1161 γύησε.
567 1093 755 1164 Γήμας
783 1093 876 1148 οὖν
907 1096 1075 1168 αὐτὴν
1093 1100 1120 1152 ὁ
1143 1098 1640 1171 Πομπῆῖος,δπ)ων
1665 1103 1765 1173 τὴν
1788 1104 1919 1170 ἀγο-

343 1183 444 1252 ρὰν
503 1185 705 1242 αὐτίκα
759 1187 1046 1259 ἐνέπλησε,
1075 1191 1169 1245 καὶ
1197 1193 1326 1255 τούς
1351 1211 1410 1246 τε
1439 1195 1727 1264 νόμουςτῷ
1765 1195 1921 1264 δήμῳ

346 1276 745 1349 συνεπεκύρου,
777 1281 868 1333 καὶ
926 1282 1169 1355 Καίσαρι
1226 1284 1327 1355 τὴν
1367 1286 1516 1349 ἐντὸς
1541 1288 1922 1353 ’Λλπεων,καὶ

340 1367 441 1435 τὴν
469 1368 626 1432 ἐκτὸς
662 1370 885 1426 ἃπασαν
917 1375 1214 1447 Κελτικὴν,
1241 1378 1418 1432 καὶτὸ
1460 1379 1756 1449 Ἰλλυρικὸν
1785 1381 1922 1450 μετὰ

345 1460 642 1528 ταγμάτων
671 1463 950 1534 τεσσάρων
979 1469 1061 1530 εἰς
1088 1469 1415 1523 πενταετίαν
1439 1472 1761 1541 προσέθετο.
1799 1473 1922 1526 Τῶν

342 1547 388 1600 δ’
415 1550 781 1608 ἀντειπόντων
802 1558 866 1610 ὲκ
889 1560 990 1628 τῆς
1024 1558 1223 1630 βουλῆς
1251 1561 1390 1631 πρὸς
1423 1561 1598 1616 ταῦτα
1635 1564 1925 1634 περιυϐρι-

343 1639 600 1710 σθέντων,
637 1645 808 1714 ὀλίγοι
839 1649 1188 1705 παντάπασιν
1219 1653 1547 1708 ὑπατεύοντι
1573 1656 1651 1726 τῷ
1683 1657 1924 1729 Καίσαρι

345 1731 613 1804 συνῄεσαν
643 1737 724 1800 είς
754 1737 973 1811 βουλήν.
1021 1743 1286 1808 Εἰπόντος
1317 1745 1372 1800 δέ
1403 1764 1554 1812 τινος
1581 1748 1690 1802 τῶν
1720 1750 1926 1822 σφόδρα

348 1825 622 1895 γερόντων
640 1829 716 1894 ώς
748 1830 901 1902 φόϐῳ
937 1833 1050 1886 τῶν
1074 1835 1257 1889 ὅπλων
1292 1837 1388 1892 καὶ
1416 1839 1526 1891 τῶν
1574 1842 1925 1910 στρατιωτῶν

342 1914 407 1967 οὐ
451 1918 824 1989 συνέρχονται,
875 1901 943 1978 Τί
973 1920 1108 1992 οὖν,
1143 1926 1247 1998 ἔφη
1270 1930 1297 1982 6
1323 1931 1565 2002 Καῖσαρ,
1597 1901 1670 1987 ού
1695 1934 1797 1988 καὶ
1844 1935 1925 1988 σὺ
1955 1901 2002 1961 Β

345 2009 532 2063 ταῦτα
563 2011 770 2079 δεδιὼς
798 2016 1148 2086 οἰκουρεῖς-ς
1201 2021 1260 2074 Ὃ
1282 2022 1360 2086 δὲ,
1385 2023 1517 2078 Ὀτι
1545 2042 1620 2094 με
1657 2027 1821 2081 ποιεῖ
1841 2029 1926 2097 μὴ

345 2102 658 2169 φοϐεῖσθαι
687 2106 752 2158 τὸ
783 2107 994 2176 γῆρας,
1038 2110 1141 2182 ἔφη
1166 2128 1180 2142 ⁶
1214 2113 1553 2183 βράχιστος
1604 2117 1712 2186 γὰρ
1737 2121 1769 2172 ό
1787 2119 1932 2184 ,βίος

345 2191 416 2258 ὃς
445 2193 532 2248 ἔτι
564 2213 667 2264 μοι
691 2199 983 2255 λείπεται.
1043 2202 1185 2266 Τοὺς
1232 2205 1288 2258 δὲ
1333 2205 1634 2270 Κελτικοὺς
1660 2207 1932 2278 πολέμους

351 2285 678 2356 μαχόμενος,
717 2289 1025 2356 Ἐλῆετίους
1055 2295 1154 2363 μὲν
1194 2297 1288 2349 καὶ
1309 2297 1652 2368 Τιγυρηνοὺς
1691 2317 1931 2354 κατεπο-

349 2375 556 2446 λέμησε
592 2379 685 2432 καὶ
716 2382 979 2448 ὑπέταξε.
1015 2385 1324 2456 Γερμανοῖς
1368 2389 1426 2441 δὲ
1485 2389 1757 2460 συμμίξαι
1807 2392 1934 2463 μέλ-

354 2464 482 2533 λων,
509 2469 655 2538 ὀρῶν
684 2473 812 2535 τοὺς
846 2475 1122 2544 ἡγεμόνας
1148 2477 1598 2548 ἀποδειλιῶντας,
1641 2484 1738 2536 καὶ
1774 2483 1936 2552 μάλιο

354 2574 454 2610 στα
474 2560 588 2613 ὅσοι
623 2562 734 2616 τῶν
769 2565 1052 2633 ἐπιφανῶν
1112 2564 1258 2640 ἦσαν
1310 2571 1406 2624 καὶ
1430 2571 1589 2637 νέων,
1649 2573 1934 2629 ἐκέλευσεν

354 2649 574 2704 ἀπιέναι
597 2653 692 2705 καὶ
728 2654 802 2724 μὴ
826 2656 1166 2712 κινδυνεύειν
1206 2661 1361 2731 παρά
1393 2662 1625 2732 γνώμην
1651 2665 1935 2736 ἀνάνδρως

354 2739 448 2791 καὶ
483 2740 744 2810 μαλακῶς
770 2743 946 2811 οὕτως
973 2747 1216 2818 ἔχοντας.
1249 2752 1426 2816 Αὐτὸς
1460 2752 1517 2806 δὲ
1547 2753 1652 2822 ἔφη
1686 2755 1747 2808 τὺ
1769 2755 1936 2811 δέκα·

353 2845 445 2881 τον
469 2829 657 2901 τάγμα
682 2836 1025 2917 παρμλαὸὼν
1055 2840 1148 2892 ἐπὶ
1185 2841 1314 2905 τοὺς
1349 2841 1669 2914 βαρόάρους
1710 2844 1941 2914 πορεύε-

359 2921 507 2988 σθαι,
547 2924 689 2992 μήτε
748 2927 1330 3002 κρείττοσιΚίμὸρων
1389 2933 1603 3002 μέλλων
1670 2935 1942 3006 μάχεσθαι

357 3013 662 3084 πολεμίοις,
689 3017 830 3088 μήτε
850 3019 1014 3082 αὐτὸς
1031 3019 1247 3092 Μαρίου
1272 3023 1478 3095 χείρων
1497 3022 1572 3078 ὢν
1607 3026 1938 3097 στρατηγός.

369 3107 464 3158 Ἐκ
495 3107 691 3161 τούτου
727 3111 909 3181 ὁρμῆς
966 3114 1062 3166 καὶ
1102 3114 1416 3185 προθυμίας
1475 3117 1762 3188 γενόμενοι
1803 3118 1943 3186 πλή-

360 3213 472 3265 ρεις
507 3197 744 3263 ἅπαντες
763 3200 1110 3270 ἠκολούθουν,
1145 3206 1238 3259 καὶ
1271 3207 1646 3278 μαχεσάμενοι
1672 3208 1942 3282 λαμπρῶς

357 3291 484 3355 τοὺς
514 3293 793 3359 ἐναντίους
833 3295 1151 3366 ἐτρέψαντο,
1182 3297 1325 3352 ὥστε
1387 3300 1601 3370 νεκρῶν
1669 3303 1941 3372 μυριάδας

357 3379 502 3433 όκτὼ
527 3383 805 3450 γενέσθαι.
843 3386 902 3437 Ὁ
936 3385 992 3438 δὲ
1047 3386 1254 3440 τούτων
1314 3388 1568 3459 βασιλεὺς
1632 3391 1943 3462 ’Λριοῦστος

362 3473 576 3540 φθάσας
635 3477 752 3546 μετ’
789 3477 986 3544 ὀλίγων
1038 3478 1330 3549 διεπέρασε
1364 3481 1456 3533 τὸν
1507 3481 1720 3550 Ῥῆνον.
1758 3483 1945 3537 Ταῦτα

359 3565 796 3636 διαπραξάμενος
826 3570 904 3630 εἰς
941 3567 1041 3636 τὴν
1101 3568 1228 3637 περὶ
1284 3568 1456 3634 Πάδον
1507 3568 1774 3623 Γαλατίαν
1820 3587 1954 3623 κατ·

363 3656 483 3726 έὸη,
523 3657 652 3710 ἔνθα
688 3658 980 3727 διατρίϐων
1026 3658 1376 3727 ἐδημαγώγει
1414 3658 1625 3713 πολλῶν
1657 3661 1764 3713 ἀπὸ
1806 3660 1946 3715 Ῥώ-

367 3763 474 3826 μης
502 3747 638 3818 προς
669 3749 832 3802 αὐτὸν
859 3751 1233 3820 ἀφικομένων,
1263 3753 1376 3813 τοῖς
1416 3751 1526 3804 ἀπὸ
1547 3750 1658 3805 τῶν
1689 3752 1941 3823 πολέμων

364 3839 611 3908 χρήμασι
667 3842 796 3904 τοὺς
848 3841 1072 3904 πολίτας
1129 3840 1508 3912 χειρούμενος.
1572 3843 1817 3898 Ἐκεῖθεν
1885 3843 1944 3898 δὲ

365 3927 546 3991 ἄλλοις
615 3927 794 3982 ἔθνεσι
844 3929 1089 3983 ἐπελθὼν
1140 3934 1236 3983 καὶ
1306 3933 1539 4002 νικήσας
1604 3935 1941 4004 περιφανῶς,

367 4016 522 4079 αὖθις
547 4019 604 4072 ἐν
624 4020 738 4081 τοῖς
765 4037 830 4071 πε
841 4020 893 4090 pl.
929 4020 1102 4073 Πάδον
1121 4020 1345 4090 χωρίοις
1390 4021 1772 4090 διαχειμάσων
1803 4023 1941 4076 ὑπέ-

368 4108 590 4177 στρεψε,
623 4111 754 4172 τοὺς
795 4111 926 4181 περὶ
956 4113 1056 4181 τὴν
1097 4110 1318 4182 Ῥώμην
1347 4111 1542 4174 εὔνους
1591 4112 1770 4184 ἑαυτῷ
1804 4113 1949 4167 τιθέο

371 4215 531 4266 μενος
563 4200 861 4269 χρήμασιν,
897 4199 932 4253 ἂ
957 4201 1070 4262 τοῖς
1100 4200 1199 4261 τὰς
1238 4201 1412 4270 ἀρχὰς
1462 4201 1674 4262 ἑαυτοῖς
1730 4203 1948 4271 μνωμέ-

368 4306 479 4351 νοις
502 4291 754 4361 χορηγῶν
791 4293 1019 4357 ἐκεῖνος,
1055 4293 1145 4344 τὶν
1177 4292 1347 4360 δῆμον
1377 4291 1588 4355 τούτοις
1607 4292 1945 4361 διαφθείρειν

369 4385 562 4450 ἐποίει,
592 4387 686 4440 καὶ
712 4389 822 4450 τοῖς
858 4387 925 4439 τά
952 4388 1217 4458 χρήματα
1243 4385 1446 4440 διδοῦσι
1477 4386 1819 4455 ψηφίζεσθαι
1846 4390 1944 4450 τὰς

369 4477 562 4547 ἀρχάς.
627 4481 691 4533 Oi
731 4480 790 4533 δὲ
849 4461 956 4533 πᾶν
997 4479 1026 4532 ὃ
1075 4480 1172 4550 τὴν
1211 4479 1425 4532 ἐκείνου
1475 4479 1706 4548 δύναμιν
1761 4478 1946 4544 αὔξειν

2021 647 2125 701 sibi
2169 647 2518 716 adjuugerct,
2565 645 2767 700 Juliam
2817 648 2866 702 ei
2914 648 3080 701 tiliam
3127 648 3439 717 despondit.
3475 650 3593 716 Qua

2021 736 2188 790 ducta
2231 734 2550 805 Pompeius,
2589 736 2707 789 foro
2736 738 2963 790 annalis
2995 738 3241 806 impleto,
3281 747 3335 793 et
3369 741 3598 808 popula-

2023 830 2178 884 ribus
2226 829 2445 899 legibus
2474 828 2837 894 conﬁrmatis,
2876 828 3076 884 Caesari
3110 830 3338 888 Galliam
3359 831 3596 900 Cisalpi-

2023 938 2148 976 nam
2179 931 2235 976 et
2266 921 2685 991 Transalpinam
2727 937 2971 986 omnem,
3004 931 3060 976 et
3101 922 3412 993 Illyricum,
3459 933 3515 978 et
3549 940 3601 977 tv

2023 1013 2269 1082 legiones
2317 1011 2372 1066 in
2424 1013 2866 1082 quinquennium
2913 1013 3180 1069 decrevit.
3235 1016 3370 1070 Cum
3417 1025 3606 1070 autem

2024 1106 2378 1161 senatoribus
2419 1106 2513 1174 qui
2551 1105 2669 1160 istis
2723 1106 2890 1160 rebus
2934 1108 3211 1161 adversati
3243 1118 3432 1170 erant,
3467 1123 3602 1161 cou-

2025 1195 2316 1249 tumeliose
2352 1194 2622 1258 tractatis,
2658 1195 2979 1264 paucissimi
3010 1197 3074 1249 ad
3102 1196 3374 1251 Cmsarem
3409 1214 3607 1252 consu-

2025 1288 2132 1342 lem
2176 1287 2229 1340 in
2269 1285 2479 1341 curiam
2514 1288 2882 1341 convenirent
2914 1301 2927 1345 :
2977 1289 3217 1357 quodam
3247 1299 3377 1343 uatu
3411 1290 3604 1342 admo-

2024 1378 2156 1432 dum
2206 1379 2400 1449 grandi
2450 1379 2692 1442 dicentc,
2753 1364 3007 1434 senatum
3048 1395 3331 1433 armorum
3371 1388 3427 1434 et
3457 1382 3604 1434 mili-

2027 1480 2141 1526 tum
2173 1479 2322 1526 metu
2352 1485 2464 1524 non
2496 1471 2878 1540 frequentari,
2915 1471 3098 1526 Caesar
3132 1489 3145 1525 :
3187 1470 3296 1524 Cur
3325 1481 3375 1525 et
3401 1482 3454 1525 tu
3475 1511 3489 1534 ,
3524 1472 3608 1525 in-

2026 1563 2168 1632 quit,
2195 1579 2299 1616 non
2333 1563 2512 1616 eodeni
2555 1574 2696 1616 metu
2731 1563 2874 1616 domi
2906 1571 2954 1615 te
2995 1562 3273 1616 routines?
3305 1562 3405 1617 Cui
3440 1579 3608 1618 senex

2029 1653 2358 1721 respondit:
2399 1650 2582 1706 Δῖιαιε
2619 1668 2675 1705 se
2719 1652 2867 1705 reddi
2915 1652 3276 1717 audaciorem,
3317 1668 3436 1705 cum
3474 1654 3609 1706 sciat

2029 1743 2392 1798 brevissimum
2443 1744 2544 1798 sibi
2591 1746 2712 1798 vita?
2761 1753 2966 1814 tempus
3009 1759 3304 1814 superesse.
3360 1744 3500 1797 Dum
3553 1745 3612 1798 in

2029 1835 2221 1890 Galliis
2258 1835 2463 1891 bellum
2489 1837 2653 1906 gerit,
2686 1837 2968 1891 llelvetios
2991 1847 3046 1889 et
3071 1836 3373 1906 Tigurinos
3403 1836 3611 1891 devicit

2030 1937 2194 1997 atque
2227 1929 2464 1996 subegit.
2497 1926 2634 1984 Cum
2685 1926 2975 1983 Germanis
3019 1941 3446 1998 congressurus,
3481 1943 3608 1982 cum

2031 2017 2203 2072 duces
2243 2017 2521 2086 trepidare
2575 2017 2828 2081 videret,
2897 2017 3142 2072 illustres
3198 2018 3250 2070 in
3305 2018 3498 2088 primis
3558 2026 3615 2071 et

2034 2109 2442 2170 adolescentes.
2472 2124 2569 2163 eos
2603 2110 2756 2164 abire
2781 2111 2968 2179 jussit,
3001 2117 3168 2178 atque
3200 2109 3395 2163 abesse
3419 2125 3448 2163 a
3475 2125 3614 2178 prae-

2033 2201 2110 2256 lio
2136 2240 2152 2266 ,
2190 2217 2334 2271 quos
2368 2211 2568 2270 praater
2597 2200 2917 2270 Opinionem
2955 2215 3109 2254 suam
3155 2201 3293 2254 adeo
3337 2201 3530 2256 molles
3561 2211 3617 2254 et

2033 2294 2385 2349 eﬂ'eminatos
2432 2302 2706 2348 cerneret.
2745 2294 2817 2349 Se
2841 2309 2974 2347 vero
2998 2309 3121 2348 cum
3151 2294 3366 2349 decima
3399 2295 3616 2364 legione

2034 2385 2310 2441 Barbaros
2337 2385 2655 2439 invasurum
2679 2399 2801 2439 esse
2833 2384 2995 2447 dixit,
3029 2385 3175 2454 quod
3214 2399 3392 2453 neque
3424 2385 3616 2438 hostes

2036 2478 2301 2534 fortiores
2337 2476 2581 2532 Cimbris
2624 2475 2980 2546 Oppugnandi
3017 2485 3237 2537 essent,
3272 2490 3454 2544 neque
3497 2475 3617 2544 ipse

2037 2571 2341 2638 imperator
2383 2568 2557 2622 Mario
2599 2568 2863 2622 deterior.
2916 2565 3028 2620 Hac
3070 2567 3326 2621 oratione
3367 2566 3616 2620 omnium

2037 2659 2248 2714 animis
2271 2659 2337 2714 ad
2370 2658 2708 2712 alacritatem
2741 2666 2798 2712 et
2826 2655 3109 2712 audaciam
3141 2657 3414 2721 excitatis,
3439 2654 3618 2710 secuti

2037 2748 2245 2803 milites
2297 2747 2584 2802 victoriam
2639 2747 2911 2801 illustrem
2949 2747 3019 2800 ab
3057 2746 3308 2800 hostibus
3364 2754 3620 2816 reporta-

2039 2849 2204 2904 runt,
2240 2855 2376 2893 Lxxx
2424 2839 2670 2894 millibus
2717 2838 2894 2894 caesis.
2940 2839 3143 2892 Eorum
3183 2855 3279 2892 rex
3336 2838 3616 2902 Ariustus,

2040 2945 2166 2985 eum
2192 2930 2382 3000 paucis
2411 2930 2606 2984 Rheno
2634 2931 2863 3000 trajecto
2889 2970 2904 2994 ,
2941 2929 3164 2998 elapsus
3191 2939 3298 2984 est.
3329 2930 3425 2984 llis
3455 2931 3619 2984 rebus

2044 3021 2215 3096 gestis
2287 3025 2340 3078 in
2396 3023 2840 3092 Circumpadana
2886 3022 3063 3078 Gallia
3120 3022 3360 3093 degens,
3430 3022 3617 3092 populi

2044 3117 2228 3174 studia
2269 3128 2356 3172 εει.
2380 3127 2686 3186 aucupatus
2716 3135 2730 3172 :
2776 3125 2832 3171 et
2858 3117 3062 3171 multos
3103 3117 3168 3170 ad
3203 3131 3260 3170 se
3286 3114 3457 3169 Roma
3492 3129 3621 3182 pro-

1969 3207 2242 3305 cfectos,
2304 3207 2492 3261 hostili
2552 3207 2786 3276 pecunia
2839 3206 2944 3261 sibi
3011 3205 3280 3261 obnoxios
3352 3205 3618 3259 reddidit.

2046 3298 2181 3354 inde
2213 3298 2280 3353 ad
2309 3300 2446 3354 alias
2476 3307 2668 3367 gentes
2697 3299 3003 3353 domandas
3031 3297 3336 3366 profectus,
3390 3297 3619 3350 illustri-

2047 3389 2154 3443 bus
2187 3387 2442 3443 victoriis
2475 3388 2670 3456 partis,
2698 3388 2763 3442 ad
2789 3387 2998 3442 Padum
3033 3387 3089 3441 in
3144 3386 3378 3440 hiberna
3428 3385 3619 3447 rediit,

2050 3481 2332 3536 Romanos
2362 3479 2596 3549 pecunia
2636 3478 2742 3533 sibi
2781 3478 3086 3532 concilians
3126 3493 3140 3530 :
3188 3492 3352 3546 quam
3391 3475 3461 3528 iis
3493 3489 3625 3543 sup-

2050 3573 2336 3643 peditabat
2359 3611 2372 3632 ,
2405 3573 2501 3641 qui
2540 3573 2895 3642 magistratus
2925 3570 3272 3631 ambiebant,
3311 3584 3422 3638 quo
3452 3583 3627 3637 popu-

2050 3665 2139 3720 lus
2168 3680 2268 3734 per
2302 3679 2400 3718 eos
2427 3670 2900 3730 corrumperetur,
2944 3669 3006 3715 ut
3047 3660 3112 3715 iis
3155 3668 3366 3713 tantum
3394 3659 3486 3728 qui
3525 3673 3627 3709 nu.-

2055 3764 2361 3820 merarent,
2395 3755 2750 3824 magistratus
2783 3753 3133 3808 decerneret.
3169 3750 3254 3804 llli
3286 3750 3456 3819 igitur
3488 3749 3624 3803 nihil

2048 3861 2242 3902 eorum
2287 3847 2652 3906 omittebant,
2699 3845 2904 3915 quibus
2939 3845 3060 3915 ejus
3107 3843 3350 3912 potentia
3397 3855 3629 3907 augere-

2050 3947 2163 3994 tur.
2195 3938 2423 4008 lDeinde
2466 3938 2591 3991 aliis
2634 3936 2824 3992 Gallia:
2869 3935 3088 4006 papulis
3126 3934 3437 4002 superatis,
3479 3931 3628 3986 Rhe-

2049 4044 2180 4082 num
2221 4036 2385 4096 ponte
2417 4027 2672 4096 junctum
2727 4041 2853 4079 cum
2907 4025 3156 4080 exercitu
3206 4023 3443 4078 transiit.
3494 4021 3628 4076 Inde

2055 4130 2333 4176 reversus,
2384 4115 2506 4168 tiliae
2535 4114 2804 4183 Pompeio
2839 4125 3025 4182 nuptae
3069 4123 3246 4167 morte
3280 4127 3346 4167 ex
3392 4126 3631 4181 puerpe-

2054 4209 2139 4261 rio
2186 4207 2436 4276 cognita,
2491 4221 2664 4275 puero
2719 4205 2888 4258 etiam
2949 4204 3111 4273 paulo
3150 4215 3274 4273 post
3327 4203 3626 4264 defuncto,

2056 4297 2172 4366 ipse
2193 4297 2566 4366 etPompeius
2592 4297 2646 4350 in
2678 4296 2831 4350 luctu
2861 4295 3086 4349 fuerunt
3118 4313 3132 4349 :
3177 4311 3280 4350 nec
3323 4295 3486 4365 482
3517 4308 3628 4346 non

2055 4388 2345 4458 utriusque
2408 4387 2575 4443 amici
2635 4402 2823 4442 casum
2881 4401 3009 4440 eum
3071 4387 3309 4455 graviter
3361 4387 3628 4447 tulerunt,

2055 4479 2275 4533 vinculo
2303 4477 2730 4534 necessitudinis
2759 4492 2954 4532 eorum
2981 4477 3271 4532 dissoluto.

369 4573 593 4642 ἔμελλεν
626 4576 918 4646 ἔπραττον.
952 4573 1085 4628 Εἶτα
1115 4577 1208 4629 καὶ
1231 4576 1398 4646 ἕτερα
1461 4574 1708 4629 Κελτικά
1755 4577 1988 4645 νικήσας
2024 4574 2152 4644 ἔθνη
2212 4575 2308 4630 καὶ
2359 4575 2452 4628 τὸν
2519 4573 2714 4645 Ῥῆνον
2765 4573 3118 4642 γεφυρώσας.
3181 4570 3400 4642 στρατῷ
3451 4569 3628 4639 διέϐη·

384 4669 626 4724 Ἐκεῖθεν
675 4670 720 4724 δ’
755 4670 1152 4738 ὲπαναζεύξας,
1181 4672 1282 4740 τὴν
1346 4671 1446 4742 τῆς
1521 4671 1709 4734 παιδὸς
1784 4669 1949 4724 αὐτοῦ
1988 4670 2266 4740 τελευτὴν,
2335 4671 2369 4741 ἢ
2401 4669 2479 4740 τῷ
2544 4669 2816 4739 Πομπηΐῳ
2861 4668 3114 4738 συνῴκει,
3167 4666 3485 4737 μεμάθηκε*
3534 4665 3634 4718 καὶ

371 4762 457 4814 ὅτι
506 4763 766 4816 τίκτουσα
809 4764 1063 4834 τέθνηκε,
1103 4767 1198 4816 καὶ
1247 4765 1321 4826 ῶς
1356 4765 1472 4833 μετ’
1520 4763 1702 4832 ὀλίγον
1742 4763 1837 4816 καὶ
1874 4763 1938 4816 τὸ
1975 4765 2167 4834 τεχθὲν
2237 4763 2510 4834 ἐπανῆλθε
2539 4767 2606 4836 τῇ
2672 4762 2861 4833 μητρί.
2933 4762 2994 4814 '0
3023 4760 3120 4828 μὲν
3147 4759 3241 4812 οὖν
3273 4759 3492 4827 Καῖσαρ
3535 4756 3634 4809 καὶ

371 4858 399 4910 6
428 4856 712 4928 Πομπήϊος
776 4857 970 4920 πένθος
1024 4858 1183 4927 ἔσχον
1220 4860 1314 4910 ἐπι
1344 4861 1408 4928 τῇ
1441 4859 1716 4929 συμφορᾷ,
1757 4858 1850 4910 xui.
1889 4859 1936 4910 oi
1973 4857 2116 4928 φίλοι
2175 4860 2220 4914 δ’
2283 4861 2486 4928 ἀμφοῖν
2543 4857 2753 4929 βαρέως
2806 4854 2868 4908 τὸ
2921 4854 3093 4916 πάθος
3132 4852 3396 4923 ἤνεγκαν,
3431 4850 3506 4913 ὡς
3536 4848 3633 4903 τοῦ

376 4948 677 5018 συνδέσμου
697 4949 994 5019 λελυμένου
1017 4953 1112 5020 τῆς
1142 4951 1323 5003 αὐτῶν
1353 4950 1715 5021 οἰκειότητος.

446 5037 523 5094 Z'.
563 5041 705 5109 Ἤδη
753 5041 810 5094 δὲ
866 5043 1038 5110 μέγας
1072 5043 1100 5094 6
1130 5044 1352 5112 Καῖσαρ
1403 5043 1715 5111 γενόμενος,
1756 5043 1851 5095 καλ⁴
1879 5043 1938 5095 oi-

2132 5041 2248 5096 Vll.
2285 5039 2470 5094 Cmsar
2499 5039 2608 5108 jam
2644 5050 2875 5104 magnus
2927 5034 3137 5098 factus,
3176 5039 3231 5085 et
3269 5029 3434 5084 rebus
3468 5028 3635 5099 gestis

377 5131 535 5186 κείαν
572 5131 733 5196 δόξαν
778 5133 989 5202 ἐπάρας
1021 5135 1087 5187 ἐκ
1121 5135 1228 5186 τῶν
1288 5133 1759 5205 κατορθωμάτων,
1799 5135 1938 5187 αντα

2059 5141 2214 5202 parta
2243 5129 2413 5201 gloria
2439 5135 2691 5190 evectus,
2725 5123 3006 5178 adversari
3044 5122 3310 5190 Pompeio
3343 5119 3585 5173 instituit
3616 5137 3630 5173 :

377 5224 651 5294 γωνιστὴν
735 5224 1007 5296 Πομπηΐῳ
1083 5226 1279 5278 έαυτδν
1374 5225 1776 5294 κατεστήσατο.
1848 5227 1936 5278 Κα

2056 5233 2113 5278 ει
2142 5222 2341 5278 Crasso
2364 5235 2395 5274 a
2425 5217 2641 5273 Parthis
2671 5213 2986 5277 interfecto,
3019 5211 3112 5280 qui
3143 5209 3314 5263 veluti
3353 5207 3507 5277 pacis
3541 5222 3633 5262 se-

378 5314 638 5385 Κράσσου
665 5317 722 5368 ἐν
743 5314 978 5382 Πάρθοις
1025 5313 1389 5377 ἀπολωλότος,
1444 5314 1502 5377 ὃς
1545 5313 1769 5383 ἔφεδρος
1811 5313 1962 5383 αὐτῷ

379 5423 440 5458 τε
479 5405 576 5458 καὶ
605 5405 877 5476 Πομπηΐῳ
898 5405 1200 5469 ἐλέλειπτο,
1230 5404 1521 5458 καταλύειν
1560 5403 1793 5474 ἐμελέτα
1809 5405 1962 5472 Πομ-

379 5497 561 5566 πήϊον,
593 5499 846 5555 κάκεῖνος
869 5497 1027 5560 αὖθις
1045 5498 1134 5550 τὸν
1155 5498 1430 5566 Καίσαρα.
1457 5497 1567 5565 Τῆς
1596 5495 1651 5548 δὲ
1682 5493 1954 5557 πολιτείας

383 5588 670 5659 νοσούσης,
700 5588 796 5642 καὶ
822 5589 934 5641 τῶν
961 5588 1134 5659 ἀρχὰς
1168 5589 1462 5658 μετιόντων
1494 5581 1820 5656 ὠνουμένων
1852 5588 1954 5640 αὐ-

379 5679 504 5746 τάς,
529 5679 623 5734 τοῦ
653 5680 710 5734 δὲ
758 5681 932 5750 δήμου
971 5681 1109 5750 ὑπὲρ
1145 5679 1256 5733 τῶν
1304 5680 1614 5734 δεδωκότων
1648 5681 1707 5732 ού
1751 5680 1956 5750 ψήφοις

383 5774 709 5843 χρωμένων,
763 5771 879 5824 ἀλλ’
909 5771 1117 5838 ὅπλοις,
1151 5779 1246 5825 καὶ
1302 5771 1412 5839 τῆς
1447 5769 1658 5832 πόλεως
1707 5770 1784 5834 ὡς
1818 5771 1955 5824 ἀκυ-

391 5863 654 5934 ϐερνήτου
709 5863 894 5926 κακῶς
950 5862 1291 5934 φερομένης,
1339 5864 1454 5925 τοῖς
1519 5861 1954 5932 νουνεχεστέροις

2059 5321 2286 5384 quester
2309 5312 2455 5366 inter
2475 5323 2572 5364 eos
2601 5307 2803 5367 fuerat,
2823 5310 3079 5360 evertere
3102 5300 3452 5368 Pompeium,
3479 5299 3636 5352 Pom-

2060 5406 2218 5475 peius
2243 5402 2488 5458 vicissim
2518 5399 2789 5454 Cmsarem
2828 5403 2916 5448 est
2943 5401 3194 5448 conatus.
3223 5388 3530 5458 Republica
3559 5390 3637 5442 la-

2062 5496 2360 5557 befactata,
2397 5506 2522 5547 cum
2555 5487 2910 5556 magistratus
2954 5499 3052 5555 per
3079 5482 3347 5538 ambitum
3379 5489 3638 5547 peteren-

2062 5595 2172 5651 tur,
2217 5593 2274 5639 et
2321 5581 2556 5653 populus
2595 5591 2705 5632 non
2753 5575 3037 5645 suﬂragia,
3097 5572 3193 5628 sed
3223 5585 3374 5626 arma
3414 5586 3515 5640 pro
3567 5569 3635 5623 iis

2064 5679 2268 5739 ferret,
2297 5691 2325 5730 a
2356 5673 2561 5744 quibus
2591 5669 2883 5737 pecuniam
2912 5666 3243 5736 accipiebat,
3269 5675 3326 5719 et
3359 5663 3494 5718 urbs
3519 5662 3634 5716 vcl—

2063 5767 2142 5821 uli
2201 5763 2358 5818 navis
2380 5759 2893 5831 sinefgubernatore
2911 5756 3316 5826 periclitaretur
3349 5771 3362 5807 :
3391 5749 3636 5823 pruden-

2064 5855 2301 5913 tioribus
2333 5852 2463 5910 boni
2490 5849 2891 5907 consulendum
2918 5862 3043 5926 esse
3069 5848 3248 5905 visum
3288 5853 3391 5915 est,
3421 5842 3467 5898 si
3495 5840 3631 5896 civi-
