4024 6400
425 435 536 501 819

1727 436 2058 496 JOANNIS
2091 438 2410 497 ZONAIL’E

3563 439 3675 504 8L0

418 559 502 605 tas
538 565 607 604 ex
641 555 965 616 tempestate
997 544 1063 598 ad
1092 563 1321 616 regnum
1360 546 1588 611 rediret,
1629 545 1833 615 alioqui
1868 561 1978 610 grai

2101 547 2385 616 ἀγαπητὸν
2440 547 2610 600 ἐδόκει
2655 549 2703 600 εί
2753 549 2892 618 πρὸς
2949 549 3249 618 μοναρχίαν
3305 550 3369 603 ἐκ
3414 552 3676 606 τοσούτου

415 643 540 696 vius
600 640 898 694 allidenda.
976 640 1089 694 Nc;
1144 639 1292 693 enim
1357 653 1511 708 spem
1575 637 1769 692 salutis
1831 638 1994 690 aliaat

425 743 633 788 resmre
683 750 698 785 :
757 742 814 786 et
867 731 1141 786 medicum
1199 730 1550 785 mitissimum
1617 728 1993 784 adhibendum

2099 640 2367 702 κλύδωνος
2404 641 2498 693 καὶ
2527 642 2602 710 μή
2631 658 2680 694 τι
2699 644 2880 711 χεῖρον
2903 639 3192 710 περισταίη
3218 639 3280 692 τδ
3311 643 3408 710 τῆς
3450 644 3676 712 Ῥώμης

2099 731 2419 800 πολίτευμα,
2445 731 2709 800 manu;
2729 733 3001 800 ἀνήκεστα
3021 733 3205 798 σφίσιν
3259 727 3402 785 εῖναι
3441 732 3508 786 τά
3531 735 3677 803 πρά.-

418 839 562 887 esse,
609 824 702 893 qui
747 823 943 877 morbo
981 823 1056 875 illi
1107 822 1439 876 medicinam
1486 821 1740 875 faceret:
1792 820 1978 890 quibu:

2096 839 2317 890 γματα·
2354 823 2549 893 χρῆναι
2607 823 2663 876 δὲ
2699 822 2792 875 τοῦ
2829 822 3138 893 πραοτάτου
3171 821 3281 876 τῶν
3318 823 3517 894 ἰατρῶν
3541 824 3676 877 avt-

417 914 606 968 verbis
657 913 1003 969 subobscure
1055 915 1378 983 Pompeium
1429 913 1659 983 intelligi
1712 912 1990 966 volebant.

408 1005 515 1072 Qui
546 1006 650 1060 etsi
680 1006 865 1060 verbis
906 1007 1198 1076 imperium
1223 1021 1282 1060 se
1316 1005 1628 1060 detractare
1659 1003 1990 1068 simulabat,

415 1111 478 1150 re
517 1095 634 1166 ipsa
665 1105 848 1150 tamen
879 1096 933 1152 id
968 1098 1185 1166 agebat,
1215 1106 1275 1150 ut
1303 1096 1543 1151 dictator
1576 1095 1874 1150 diceretur.
1911 1096 1990 1150 Ne

407 1190 581 1259 igitur
627 1189 953 1244 dictaturam
1002 1205 1099 1259 per
1131 1190 1242 1243 vim
1286 1188 1610 1250 invaderet,
1653 1189 1806 1243 solus
1834 1204 1864 1242 a
1907 1204 1992 1242 se-

408 1289 542 1336 natu
572 1281 764 1336 consul
806 1289 893 1335 est
929 1280 1286 1351 designatus,
1331 1279 1672 1334 desiderium
1709 1281 1830 1351 ejus
1862 1280 1992 1334 soli-

407 1374 551 1428 tario
582 1373 818 1444 imperio
866 1373 1132 1428 leniente.
1179 1371 1263 1428 Ob
1309 1373 1416 1427 hoc
1449 1372 1629 1428 Caesar
1657 1382 1714 1428 et
1739 1373 1854 1442 ipse
1891 1388 1989 1441 per

404 1466 619 1535 legatos
671 1467 1021 1520 consulatum
1083 1465 1283 1535 petiit,
1343 1465 1468 1520 aliis
1525 1465 1986 1527 adversantibus,

403 1556 670 1626 Pompeio
713 1572 846 1612 vero
883 1565 1122 1610 tacente.
1153 1555 1224 1612 Ut
1253 1565 1436 1610 autem
1466 1554 1650 1610 Cmsar
1682 1553 1990 1625 largitioni-

402 1648 511 1703 bus
567 1648 773 1703 multos
825 1650 880 1702 in
937 1663 1064 1703 suas
1118 1657 1305 1717 partes
1355 1647 1637 1710 traduxit,
1695 1644 1990 1714 Pompeius

400 1755 526 1794 eam
573 1739 1046 1810 ennspirationem
1102 1738 1336 1802 veritus,
1387 1748 1578 1807 aperte
1631 1752 1729 1806 per
1770 1751 1895 1810 sese
1931 1747 1988 1792 et

401 1829 613 1885 amicos
666 1830 964 1899 imperium
1014 1829 1214 1884 Ctesari
1253 1843 1350 1897 per
1393 1829 1612 1883 decreta
1660 1827 1982 1896 abrogavit:

401 1923 606 1992 quibus
637 1923 727 1976 ille
761 1921 1028 1990 neglectis
1069 1920 1330 1990 petebat,
1381 1931 1442 1974 ut
1487 1933 1545 1974 et
1588 1921 1704 1989 ipse
1737 1931 1792 1974 et
1820 1920 1982 1975 Pom-

401 2015 563 2085 peius
590 2015 753 2068 simul
793 2013 965 2067 armis
1002 2012 1200 2082 positis
1237 2011 1436 2082 privati
1481 2027 1602 2067 esse
1627 2013 1978 2082 juberentur.

401 2108 501 2162 Sin
534 2107 642 2160 sibi
689 2105 1007 2174 eriperetur
1039 2105 1366 2173 imperium,
1416 2104 1491 2157 illi
1530 2120 1659 2158 vero
1690 2105 1981 2160 confirma-

401 2209 559 2254 retur
591 2214 606 2252 :
647 2197 882 2252 alterum
929 2205 1223 2267 tyrannum
1255 2196 1543 2251 constitui.
1579 2196 1776 2252 Fertur
1811 2197 1978 2250 etiam

400 2288 628 2358 quidam
666 2287 918 2342 centurio
953 2303 984 2341 a
1013 2286 1227 2342 thsare
1265 2287 1503 2352 missus,
1537 2302 1662 2342 eum
1695 2287 1980 2342 didicisset

399 2387 656 2434 senatum
710 2377 1000 2447 imperium
1030 2375 1232 2431 Caesari
1274 2393 1384 2430 nou
1420 2377 1631 2432 diutius
1662 2377 1816 2440 dare,
1856 2377 1978 2446 pul-

399 2475 523 2522 salo
553 2467 717 2538 gladii
754 2467 952 2537 capulo
980 2467 1183 2522 dixisse
1210 2485 1223 2518 :
1254 2467 1322 2522 At
1353 2469 1435 2521 hic
1464 2467 1630 2521 dabit.
1660 2468 1868 2523 Deinde
1899 2483 1979 2523 se-

399 2559 879 2614 natusconsultum
913 2559 1118 2612 factum
1155 2569 1260 2624 est,
1307 2557 1414 2613 nisi
1467 2558 1650 2615 Caesar
1687 2559 1828 2614 intra
1855 2575 1980 2615 cer-

401 2661 521 2705 tum
546 2651 690 2706 diem
716 2650 950 2719 imperio
979 2666 1037 2706 se
1067 2650 1400 2718 abdicasset,
1436 2651 1650 2707 hostem
1683 2668 1805 2709 esse
1831 2654 1980 2726 judi-

399 2743 662 2798 candum.
700 2743 903 2799 Verum
945 2744 1190 2798 Antonio
1229 2745 1558 2814 eacterisque
1581 2743 1814 2800 Caesaris
1854 2754 1975 2800 stu-

400 2835 578 2890 diosis
609 2836 1019 2906 postulantibus
1045 2879 1060 2900 ,
1097 2844 1159 2890 ut
1200 2844 1256 2891 et
1285 2835 1468 2892 Cesar
1493 2845 1549 2890 et
1577 2837 1874 2906 Pompeius
1903 2837 1979 2891 si-

401 2925 519 2980 mul
551 2927 967 2997 magistratibus
988 2927 1229 2992 abirent,
1262 2942 1383 2982 eam
1408 2929 1741 2984 sententiam
1778 2929 1978 2999 proba-

401 3027 537 3072 runt
582 3033 794 3074 omnes.
829 3018 937 3074 Sed
965 3035 1091 3073 cum
1133 3018 1314 3073 Caesar
1363 3034 1460 3088 per
1501 3019 1715 3074 litteras
1762 3021 1977 3076 eazteris

394 3108 662 3162 omnibus
695 3107 933 3171 cedens,
975 3108 1146 3161 solam
1177 3106 1508 3176 Cisalpinam
1546 3107 1882 3177 provinciam
1916 3117 1972 3162 et

2095 917 2287 984 χεσθαι
2308 916 2369 969 τὸ
2395 915 2566 978 πάθος
2591 916 2740 968 τουτὶ
2771 917 3240 985 φαρμακεύοντος,
3276 917 3677 985 ὑποδηλοῦντες

2093 1005 2158 1075 δὴ
2206 1006 2296 1057 τὸν
2362 1006 2666 1074 Πομπήϊον.
2715 1007 2984 1069 Κάκεῖνος
3012 1007 3219 1076 μέντοι,
3274 1006 3324 1059 εί
3374 1007 3469 1060 καὶ
3523 1007 3674 1077 λόγῳ

2097 1095 2488 1166 παραιτεῖσθαι
2517 1095 2615 1164 τὴν
2645 1095 2820 1165 ἀρχὴν
2870 1096 3218 1166 ὑπεκρίνετο,
3246 1095 3361 1151 ἀλλ’
3387 1090 3469 1158 οἷς
3494 1095 3676 1150 ἐποίει

2094 1188 2324 1241 ἔσπευδε
2369 1187 2644 1257 δικτάτωρ
2675 1187 3189 1258 ἀναδειχθὴσεσθαι.
3237 1189 3354 1242 Ἵνα
3404 1189 3536 1256 γοῦν
3591 1188 3676 1260 μὴ

2103 1278 2358 1348 βιάσαιτο
2386 1278 2726 1347 ψηφισθῆναι
2763 1279 3058 1348 δικτάτωρ,
3094 1277 3302 1332 ὕπατον
3321 1279 3485 1332 αὑτὸν
3505 1280 3677 1347 μόνον

2092 1373 2126 1441 η
2152 1369 2412 1440 γερουσία
2445 1369 2782 1439 προύϐάλετο
2806 1371 2872 1440 τῇ
2911 1370 3181 1441 μοναρχίᾳ
3203 1369 3672 1440 παρηγορουμένῃ

2089 1461 2281 1515 τούτου
2332 1460 2433 1530 τὴν
2479 1459 2687 1528 ἔφεσιν.
2729 1461 2823 1512 Ἐκ
2866 1459 3056 1513 τούτου
3123 1460 3413 1530 πέμπωνό
3448 1461 3674 1529 Καῖσαρ

2091 1554 2185 1605 καὶ
2209 1552 2371 1615 αὐτὸς
2402 1553 2494 1603 ἐπὶ
2532 1551 2800 1604 ὑπατείαν
2833 1548 3237 1621 παρήγγελλεν.
3285 1550 3677 1616 Ἐναντιουμέ-

2089 1661 2196 1698 νων
2219 1643 2263 1696 δ’
2294 1641 2524 1713 ἐτέρων,
2555 1640 2766 1694 ἐσιώπα
2815 1642 3126 1711 Πομπήϊος.
3182 1641 3270 1704 Ὠς
3295 1641 3351 1694 δὲ
3391 1642 3419 1693 ὁ
3447 1643 3670 1710 Καῖσαρ

2089 1735 2319 1797 πολλοὺς
2347 1734 2413 1786 τὰ
2446 1732 2610 1787 αὑτοῦ
2657 1735 2874 1802 φρονεῖν
2905 1733 3159 1788 ἀνέπεισε
3188 1734 3457 1804 χρήμασι,
3478 1732 3672 1796 δείσας

2089 1826 2187 1895 τὴν
2229 1825 2485 1880 σύστασιν
2512 1827 2538 1878 ὁ
2563 1828 2864 1895 Πομπήϊος,
2891 1825 3198 1892 ἀναφανδὸν
3248 1825 3318 1878 δι’
3353 1824 3550 1877 ἑαυτοῦ
3569 1825 3670 1878 καὶ

2083 1922 2192 1972 τῶν
2233 1917 2402 1987 φίλων
2439 1915 2891 1987 ἐπραγματεύετο
2951 1914 3237 1983 παυθῆναι
3281 1916 3376 1968 τὸν
3407 1915 3670 1985 Καίσαρα

2081 2011 2179 2078 τῆς
2243 2008 2420 2080 ἀρχῆς
2452 2049 2468 2074 ,
2517 2007 2894 2078 ψηφιζόμενος
2960 2000 3036 2060 ὧν
3089 2007 3299 2069 ἐκεῖνος
3363 2006 3476 2059 οὐδ’
3526 2005 3668 2070 ὅλως

2020 2111 2038 2126 ‘
2081 2097 2417 2168 ἐφρόντιζεν.
2487 2096 2665 2162 Ἢξίου
2698 2097 2756 2149 δὲ
2795 2099 2822 2148 ὁ
2847 2097 3068 2168 Καῖσαρ
3129 2095 3294 2148 αὐτόν
3327 2113 3386 2146 τε
3423 2095 3539 2162 ἅμα
3567 2096 3669 2148 καὶ

2081 2191 2172 2246 τὸν
2203 2190 2488 2258 Πομπήϊον
2526 2187 2938 2256 καταθεμένους
2958 2189 3026 2240 τά
3053 2187 3194 2240 ὅπλα
3223 2184 3530 2239 ἰδιωτεῦσαι
3567 2186 3668 2239 καὶ

2081 2285 2266 2352 ἄμφω.
2321 2284 2384 2335 Εἰ
2417 2281 2462 2334 δ’
2495 2281 2659 2336 αὑτὸν
2715 2282 2814 2350 μὲν
2870 2279 3240 2350 ἀφαιροῦνται
3290 2278 3390 2350 τὴν
3449 2277 3657 2349 ἀρχὴν,

2081 2375 2277 2445 δκείνῳ
2309 2375 2366 2428 δὲ
2429 2372 2736 2443 βεϐαιοῦσι,
2783 2373 2874 2424 τὸν
2926 2371 3118 2441 ἕτερον
3185 2370 3666 2435 κατασκευάζουσι

2080 2467 2363 2538 τύραννον.
2399 2467 2632 2535 Λέγεται
2665 2467 2722 2519 δέ
2748 2483 2870 2518 τινα
2894 2465 3000 2517 τῶν
3042 2464 3194 2534 παρὰ
3217 2464 3497 2534 Καίσαρος
3533 2481 3666 2517 στα-

2079 2560 2280 2615 λέντων
2307 2559 2640 2630 ταξιαρχῶν,
2695 2558 2938 2628 μαθόντα
2985 2559 3060 2628 μὴ
3101 2558 3304 2611 διδόναι
3328 2557 3426 2627 τὴν
3464 2574 3667 2625 γερουο

2083 2655 2204 2708 σίαν
2241 2655 2340 2720 τῆς
2389 2654 2563 2724 ἀρχῆς
2617 2653 2806 2722 χρόνον
2854 2651 2932 2720 τῷ
2967 2651 3228 2722 Καίσαρι,
3270 2651 3427 2704 Ἀλλ’
3478 2649 3661 2714 αὕτη,

2081 2747 2268 2813 φάναι,
2302 2743 2504 2805 δώσει.
2538 2744 2852 2814 κρούσαντα
2883 2746 2949 2813 τῇ
2985 2744 3132 2813 χειρὶ
3184 2743 3286 2810 τὴν
3323 2740 3418 2794 τοῦ
3477 2740 3664 2808 ξίφους

2081 2841 2276 2910 λαϐήν.
2330 2837 2465 2892 Εἶτα
2493 2840 2690 2907 γνώμη
2739 2841 3044 2908 εἰσήνεκτο,
3083 2839 3132 2890 εί
3167 2837 3242 2906 μὴ
3281 2839 3339 2890 ἰν
3373 2835 3661 2906 ὡρισμένῃ

2080 2933 2264 3004 ἡμέρᾳ
2298 2935 2517 3001 Καῖσαρ
2551 2930 2619 2984 τὰ
2670 2931 2812 2982 ὅπλα
2864 2930 3195 2997 κατάθηται,
3259 2929 3512 2998 ἡγεῖσθαι
3567 2927 3663 2979 τὸν

2079 3025 2249 3094 ἄνδρά
2283 3024 2564 3094 πολέμιον.
2609 3023 2901 3076 Ἀντωνίου
2931 3022 2988 3075 δὲ
3028 3022 3122 3075 καὶ
3152 3021 3259 3074 τῶν
3306 3019 3662 3090 πραττόντων

2078 3116 2147 3168 τὰ
2175 3115 2453 3184 Καίσαρος
2485 3111 2780 3177 ἀξιούντων
2811 3114 2905 3166 καὶ
2931 3112 3189 3180 Καίσαρα
3230 3112 3327 3164 καὶ
3368 3112 3662 3179 Πομπήῑον

400 3196 678 3268 lilyrieum
719 3210 886 3267 atque
924 3196 1060 3252 duas
1100 3197 1206 3251 sibi
1256 3196 1503 3266 legiones
1544 3197 1778 3267 relinqui
1823 3209 1974 3270 pete-

2081 3209 2176 3270 τὰς
2206 3206 2378 3276 ἀρχάς
2422 3203 2746 3269 ἀποθέσθαι,
2778 3206 2844 3275 τῇ
2881 3202 3076 3275 γνώμῃ
3108 3203 3309 3264 πάντες
3351 3202 3661 3255 συνέθεντο.

399 3299 484 3347 ret
531 3309 546 3343 :
588 3299 789 3347 caetera
825 3290 1050 3360 quidem
1086 3291 1138 3346 ei
1169 3290 1334 3362 483
1361 3293 1636 3348 concessit
1662 3293 1976 3363 Pompeius,

401 3383 608 3438 milites
648 3393 832 3436 autem
871 3382 1103 3438 ademit.
1143 3383 1384 3438 Senatus
1415 3400 1547 3439 vero
1577 3385 1879 3440 Antonium
1923 3396 1979 3442 et

399 3474 701 3528 factionem
738 3475 862 3542 ejus
888 3482 1081 3528 senatu
1118 3474 1302 3543 ejecit.
1345 3475 1535 3544 Itaque
1563 3478 1752 3532 servili
1787 3479 1976 3533 habitu

404 3579 474 3617 ex
516 3564 712 3618 timore
753 3574 995 3632 sumpto,
1043 3564 1408 3619 conducticiis
1442 3567 1583 3636 bigis
1620 3567 1792 3622 Roma
1830 3569 1978 3622 exie—

403 3662 558 3708 runt.
599 3653 729 3719 Quae
768 3669 856 3708 res
899 3654 1138 3708 militum
1179 3655 1608 3726 indignationem
1655 3660 1976 3724 commovit,

400 3760 530 3798 cum
571 3745 718 3800 viros
761 3745 940 3801 claros
972 3754 1028 3800 et
1057 3747 1338 3816 principes
1372 3750 1718 3806 contumeliis
1752 3752 1978 3806 allectos

400 3847 717 3893 cernerent.
775 3836 957 3893 Caesar
1012 3853 1146 3894 vero
1197 3839 1365 3894 variis
1421 3841 1732 3896 rationibus
1792 3843 1976 3897 animo

398 3926 642 3996 agitatis,
671 3942 738 3982 ac
763 3926 998 3983 subinde
1034 3926 1260 3982 mutatis
1291 3927 1562 3994 consiliis,
1597 3929 1816 3984 tandem
1855 3929 1977 3982 vul-

397 4018 512 4086 gari
545 4017 638 4071 illo
667 4017 1005 4086 dicto,j.acta
1037 4025 1112 4071 est
1143 4017 1286 4078 alea,
1316 4032 1468 4071 arma
1499 4017 1736 4087 sumpsit
1766 4035 1780 4072 :
1809 4033 1975 4087 supc-

395 4121 630 4180 ratoque
689 4111 975 4166 Rubicone
1034 4109 1303 4175 ﬂumine,
1357 4112 1668 4166 Ariminum
1721 4127 1974 4183 magnam

395 4202 587 4257 Galliae
631 4202 825 4258 urbem
874 4204 1184 4272 occupavit.
1236 4203 1436 4257 Fertur
1473 4203 1650 4272 pridie
1698 4207 1819 4276 ejus
1863 4205 1973 4260 diei

395 4303 565 4348 noctu
609 4293 665 4348 in
707 4294 918 4350 somnis
952 4294 1058 4349 sibi
1095 4309 1220 4349 cum
1254 4303 1428 4349 matre
1457 4311 1557 4364 per
1585 4295 1787 4351 fmdam
1826 4299 1974 4352 ince-

399 4393 653 4454 stamque
683 4385 974 4456 imaginem
1000 4385 1151 4441 coire
1171 4386 1323 4440 visus
1354 4401 1496 4440 esse.
1531 4388 1783 4442 Arimino
1811 4403 1975 4443 occu-

393 4483 548 4544 pato,
591 4476 764 4530 Roma
816 4486 1076 4546 tanquam
1129 4477 1354 4532 turbine
1413 4478 1654 4546 quodam
1701 4478 1970 4533 (luctuum

400 4566 568 4620 undis
613 4567 906 4635 exagitata,
936 4582 1079 4636 pene
1109 4568 1462 4637 semetipsam
1492 4567 1777 4624 demersit.
1835 4570 1969 4624 Nam

396 4666 454 4714 et
496 4658 754 4713 consules
795 4667 851 4712 et
881 4659 1118 4712 maxima
1145 4675 1275 4729 pars
1298 4667 1525 4714 senatus
1558 4660 1842 4730 fugerunt.
1873 4665 1973 4720 Est

397 4763 458 4809 et
496 4755 613 4823 ipse
653 4753 950 4822 Pompeius
981 4753 1232 4820 territus,
1258 4763 1316 4808 et
1341 4755 1410 4808 ab
1439 4755 1562 4810 aliis
1598 4755 1823 4812 aliunde
1855 4768 1974 4814 tur-

397 4846 584 4908 batus,
606 4843 970 4913 querentibus
989 4885 1003 4909 ,
1034 4859 1160 4898 eum
1190 4843 1422 4900 Caesaris
1450 4862 1584 4915 opes
1608 4861 1802 4904 contra
1846 4867 1970 4908 sese

395 4945 456 4993 et
497 4935 897 5005 rempublicam
938 4936 1202 4991 auxisse:
1253 4952 1432 5006 neque
1477 4939 1768 5010 quisquam
1813 4943 1967 4999 illum

395 5029 514 5085 suis
545 5027 624 5084 uti
653 5027 901 5083 consiliis
923 5028 1070 5082 sivit.
1102 5027 1278 5094 Quare
1298 5029 1437 5085 urbe
1464 5033 1677 5098 relicta,
1713 5045 1966 5092 senatum

394 5121 555 5192 sequi
585 5120 844 5191 sejussit,
887 5128 944 5176 et
969 5120 1220 5192 plerique
1254 5138 1380 5176 eum
1407 5124 1581 5178 secuti
1618 5135 1785 5194 sunt,
1824 5129 1968 5183 exsi-

393 5215 530 5269 lium
561 5229 663 5284 pro
695 5213 873 5283 patria
895 5212 1154 5283 amplexi,
1197 5224 1420 5285 propter
1450 5217 1774 5288 Pompeium
1813 5238 1825 5273 :
1859 5222 1971 5276 Ro-

392 5321 539 5360 mam
579 5320 710 5360 vero
745 5304 977 5374 perinde
1001 5314 1061 5359 ut
1091 5315 1269 5360 castra
1291 5306 1522 5364 Cmsaris
1551 5308 1844 5378 fugientes.
1878 5313 1967 5366 'Eo

391 5407 643 5466 tempore
673 5395 950 5450 Labienus
979 5397 1146 5451 etiam
1174 5395 1408 5452 Caesaris
1441 5398 1676 5457 amicus.
1704 5401 1794 5453 cui
1819 5409 1965 5456 stre-

390 5488 653 5542 nuam'in
699 5487 862 5542 bellis
895 5503 1118 5557 operam
1161 5500 1410 5554 navarat,
1463 5505 1529 5544 eo
1583 5491 1775 5545 relicto
1808 5493 1966 5546 Pom-

393 5571 574 5639 peium
597 5583 682 5629 est
706 5582 951 5630 secutus.
982 5575 1188 5631 Tamen
1212 5577 1395 5632 Caesar
1411 5577 1463 5632 ei
1501 5589 1558 5632 et
1582 5580 1873 5648 pecuniam
1907 5591 1964 5638 et

2094 3299 2249 3352 Ἐπεὶ
2273 3299 2329 3351 δὲ
2369 3298 2520 3366 παρὰ
2565 3296 2846 3366 Καίσαρος
2894 3290 3029 3366 ἧκον
3075 3291 3358 3346 ἐπιστολαὶ
3403 3292 3513 3344 τῶν
3559 3291 3662 3360 μὲν

2083 3390 2261 3445 ἄλλων
2292 3388 2674 3456 ἐξισταμένου,
2708 3388 2806 3458 τὴν
2831 3387 2875 3439 δ’
2907 3387 3060 3449 ἐντὸς
3104 3385 3356 3439 ’Ἄλπεων
3388 3384 3662 3452 ἐπαρχίαν

2081 3482 2177 3536 καὶ
2222 3481 2282 3533 τὸ
2344 3480 2639 3550 Ἰλλυρικὸν
2702 3477 2980 3544 ἀξιοῦντος
3035 3477 3185 3545 αὐτῷ
3237 3475 3458 3544 δοθῆναι
3515 3475 3661 3542 μετὰ

2080 3573 2226 3626 δυοῖν
2249 3571 2572 3641 ταγμάτων,
2595 3568 2765 3622 τάλλα
2802 3567 2903 3637 μὲν
2932 3567 3105 3619 ἐδίδου
3167 3567 3478 3636 Πομπήϊος,
3527 3565 3659 3628 τοὺς

2079 3666 2135 3718 δέ
2157 3681 2220 3731 γε
2251 3664 2588 3732 στρατιώτας
2612 3659 2836 3730 ἀφῄρει.
2870 3660 2933 3712 Ol
2955 3657 2999 3710 δ’
3031 3656 3402 3719 ὑπατεύοντες
3428 3655 3522 3708 καὶ
3551 3657 3658 3724 τῆς

2083 3756 2277 3825 βουλῆς
2304 3754 2574 3823 ἐξήλασαν
2611 3752 2700 3804 τὸν
2725 3749 3016 3804 ’Λντώνιον
3053 3751 3148 3801 καὶ
3179 3748 3304 3810 τοὺς
3337 3749 3435 3801 σὺν
3483 3746 3658 3816 αὐτῷ.

2080 3847 2143 3899 Οἱ
2176 3847 2229 3898 δὲ
2257 3844 2344 3897 διὰ
2372 3844 2536 3911 φόϐον
2565 3844 2622 3894 ἐν
2645 3841 2917 3903 δουλικαῖς
2939 3840 3131 3910 ἐσθῆσι
3152 3839 3657 3910 μετημφιασμένοι,

2079 3939 2174 3994 ἐπὶ
2198 3938 2408 4003 ζευγῶν
2451 3935 2682 4005 μισθίων
2712 3935 2812 4004 τῆς
2858 3934 3078 4004 Ῥώμης
3127 3933 3381 4004 ἐξῄεσαν.
3425 3934 3494 3985 Ὃ
3527 3933 3656 3994 τοὺς

2083 4031 2417 4103 στρατιώτας
2443 4029 2784 4098 παρώξυνεν,
2815 4028 3015 4098 ἄνδρας
3068 4027 3386 4096 ἐλλογίμους
3415 4027 3526 4096 (64)
3561 4027 3656 4079 καὶ

2063 4127 2347 4196 ’ἄρχοντας
2411 4124 2904 4194 περιυϐρισμένους
2972 4123 3234 4193 ὁρῶντας.
3297 4125 3514 4192 Καῖσαρ
3573 4122 3656 4190 δὲ,

2080 4219 2312 4281 πολλοὺς
2341 4217 2640 4286 λογισμοὺς
2672 4217 2902 4285 κινήσας
2945 4215 3041 4267 καὶ
3093 4215 3368 4286 διαφόρων
3417 4214 3656 4282 γνωμῶν

2078 4310 2348 4378 γεγονὼς,
2392 4309 2547 4372 τέλος
2572 4307 2732 4361 τοῦτο
2760 4308 2823 4377 δὴ
2853 4307 2914 4360 τὸ
2942 4306 3118 4360 κοινὸν
3155 4305 3421 4365 ὑπειπὼν,
3465 4306 3658 4374 Ἔρῤίο

2077 4403 2205 4468 φθω
2227 4399 2713 4470 κύϐος,ώρμησε.
2766 4399 2876 4452 Καὶ
2908 4397 2999 4451 τὸν
3070 4400 3315 4467 ποταμὸν
3370 4397 3658 4452 Ῥουϐίκον

2078 4492 2252 4562 διέϐη,
2289 4491 2382 4545 καὶ
2431 4491 2492 4542 τὸ
2535 4489 2820 4560 Ἀρίμινον
2881 4489 3138 4560 κατέσχε,
3196 4489 3441 4559 μεγάλην
3493 4489 3654 4543 πόλιν

2077 4584 2177 4652 τῆς
2234 4582 2526 4649 Κελτικῆς.
2557 4582 2791 4649 Λέγεται
2819 4581 2878 4634 δὲ
2928 4584 2994 4651 τῇ
3045 4581 3150 4652 πρὸ
3193 4582 3295 4650 τῆς
3350 4581 3656 4646 διαϐάσεως

2079 4672 2234 4725 νυκτὶ
2260 4674 2395 4742 ὄναρ
2431 4672 2560 4725 ἰδεῖν
2613 4672 2900 4740 ἔκθεσμον.
2972 4671 3177 4726 Ἐδόκει
3231 4675 3340 4742 γὰρ
3387 4673 3553 4734 αὑτὸς
3580 4676 3653 4746 τῇ

2078 4761 2274 4816 ἑαυτοῦ
2309 4763 2480 4832 μητρῖ¹
2507 4761 2804 4831 μίγνυσθαι
2830 4761 2930 4831 τὴν
2981 4763 3220 4832 ἄρρητον
3266 4761 3436 4830 μίξιν.
3498 4763 3656 4816 Ἐπεὶ

2080 4856 2137 4908 δὲ
2160 4856 2220 4908 τὸ
2265 4856 2546 4924 ’Δρίμινον
2597 4855 2935 4925 κατελήφθη,
2975 4853 3052 4916 ώς
3103 4854 3209 4906 ὑπὸ
3258 4855 3588 4926 πνευμάτων
3619 4857 3655 4927 ή

2089 4947 2276 5017 Ῥώμη
2335 4946 2700 5016 πιμπλαμένη
2757 4948 2921 5001 σάλου
2975 4947 3070 5001 καὶ
3117 4947 3406 5012 κλύδωνος,
3449 4946 3654 5018 μικροῦ

2077 5037 2217 5105 αὐτὴ
2251 5037 2342 5105 ὑφ’
2388 5039 2593 5106 εαυτῆς
2641 5038 3032 5108 ἀνετέτραπτο.
3077 5039 3145 5092 Οἵ
3179 5057 3240 5090 τε
3288 5038 3394 5110 γὰρ
3451 5036 3655 5092 ὕπατοι

2078 5128 2175 5180 καὶ
2205 5128 2254 5179 οῖ
2286 5127 2504 5190 πλείους
2537 5127 2647 5180 τῶν
2680 5127 2983 5196 βουλευτῶν
3005 5129 3256 5197 ἔφευγον,
3285 5131 3379 5183 καὶ
3408 5129 3571 5182 αὑτὸν
3591 5129 3654 5182 δὲ

2077 5219 2365 5288 Πομπήϊον
2397 5217 2662 5289 ἔκπληξις
2691 5217 2826 5289 εἶχε,
2860 5219 2954 5272 καὶ
3005 5219 3179 5282 ἄλλως
3211 5220 3507 5290 ἀλλαχόθεν
3557 5221 3654 5274 τδν

2077 5311 2247 5380 ἄνδρα
2274 5311 2595 5382 ἐτάραττον,
2639 5311 2953 5379 αἰτιώμενοι
2983 5311 3058 5374 ώς
3079 5312 3202 5364 καθ’
3230 5309 3422 5364 ἑαυτοῦ
3438 5311 3531 5363 καὶ
3547 5311 3653 5378 τῆς

2074 5397 2352 5460 πολιτείας
2385 5397 2698 5465 αὐξήσαντα
2731 5398 2989 5468 Καίσαρα
3010 5413 3023 5426 ·
3053 5399 3150 5452 καὶ
3177 5399 3353 5462 οὐδεὶς
3379 5398 3466 5451 εἴα
3481 5399 3650 5454 αὑτὸν

2074 5491 2188 5551 τοῖς
2223 5490 2444 5552 οἰκείοις
2470 5490 2778 5559 χρήσασθαι
2813 5492 3114 5558 λογισμοῖς.
3138 5493 3229 5544 Διὸ
3248 5492 3341 5545 καὶ
3369 5493 3466 5562 τὴν
3487 5491 3649 5547 πόλιν

2070 5581 2340 5648 ἐξέλιπεν,
2384 5583 2612 5637 ἕπεσθαι
2648 5581 2750 5654 τὴν
2771 5584 3067 5655 γερουσίαν
3096 5585 3381 5651 κελεύσας.
3410 5583 3647 5638 Εἴποντο

1569 5732 1767 5794 Varia:
1798 5734 2105 5798 lectiones
2149 5747 2211 5798 et
2249 5749 2439 5802 notas.

466 5868 578 5939 (θὶ)
615 5872 1029 5943 Ἐ.ί.ίογίμους.
1061 5873 1141 5973 ita
1168 5888 1296 5932 mss.
1322 5874 1554 5934 Wolﬁus
1595 5879 1842 5937 ediderat
1879 5881 2255 5954 ἑλλογισμοὺς,
2288 5883 2578 5941 manifesto
2609 5897 2821 5940 crrorc.
