4024 6398
397 400 500 467 8?]

1682 387 2088 449 ANNALIUM
2130 385 2277 446 LIB.
2316 383 2391 443 Χ.

3553 371 3675 435 θῖῒ

396 520 444 572 δ’
467 517 517 572 oi
546 514 764 578 πλείους
799 511 897 582 τὴν
932 510 1031 580 μὲν
1068 506 1249 578 φυγὴν
1283 506 1358 569 ὡς
1397 503 1635 575 πατρίδα
1660 500 1981 574 αἱρούμενοι

2117 497 2356 560 arcinas,
2390 508 2706 565 quanquam
2736 491 3034 560 desertori,
3061 491 3233 549 misit.
3267 489 3543 547 Domitius
3573 504 3674 543 ve-

397 611 487 666 διά
519 608 610 663 τὸν
669 606 975 675 Πομπήϊον,
1033 600 1135 672 τὴν
1183 599 1241 653 δὲ
1300 595 1524 668 Ῥώμην
1573 595 1651 658 ὡς
1705 592 1990 661 Καίσαρος

402 697 768 771 στρατόπεδον
838 694 1155 764 φεύγοντες.
1192 689 1325 743 Ὅτε
1373 687 1471 741 καὶ
1518 683 1793 755 Λαϐιηνὸς
1849 680 1991 751 ἀνὴρ

397 793 512 853 τοῖς
554 789 730 858 φίλοις
770 786 1051 855 Καίσαρος
1107 778 1534 852 ἀριθμούμενος,
1592 775 1689 829 καὶ
1741 789 1994 841 συνηγω-

401 879 655 949 νισμένος
707 878 765 930 ἐν
813 873 1074 945 πολέμοις
1123 869 1277 940 αύτῷ
1344 866 1760 940 προθυμότατα,
1829 862 1991 930 ἀφεὶς

401 970 611 1023 ἐκεῖνον
634 966 862 1036 ἀφίκετο
887 964 1025 1034 πρὸς
1051 961 1361 1033 Πομπήϊον.
1406 952 1478 1030 ’ᾩ
1503 957 1597 1011 καὶ
1624 951 1984 1009 καταλιπόντι

403 1058 567 1112 αὐτὸν
586 1059 614 1111 ό
646 1058 868 1127 Καῖσαρ
907 1053 977 1108 τά
1006 1070 1066 1106 τε
1089 1053 1357 1122 χρήματα
1387 1048 1482 1103 καὶ
1513 1045 1615 1109 τὰς
1660 1041 1983 1103 ἀποσκευὰς

406 1150 781 1216 ἐξαπέστειλε.
805 1147 1055 1219 Δομίτιος
1087 1144 1146 1199 δέ
1173 1144 1422 1213 κατέχων
1467 1136 1785 1209 Κορφίνιον,
1818 1133 1980 1186 ἐπελ-

2093 602 2179 652 ro,
2212 587 2307 656 qui
2327 584 2632 642 Corﬁnium
2657 584 2930 654 praesidiis
2956 583 3201 649 tenebat,
3228 582 3444 640 Caesare
3465 580 3676 637 adven-

2094 685 2247 731 tante
2277 674 2445 730 rebus
2483 673 2875 744 desesperatis,
2911 688 3188 729 venenum
3225 672 3384 736 bibit,
3417 682 3478 727 ut
3505 669 3649 725 mori

2093 773 2275 819 turns.
2332 762 2542 818 Deinde
2588 778 2714 818 cum
2756 762 3031 819 Caesarem
3078 761 3323 818 mirabili
3383 760 3699 817 clementia

2096 854 2174 909 uti
2200 869 2331 925 erga
2362 864 2557 925 captos
2582 855 2910 923 audivisset,
2946 855 3309 925 semetipsum
3342 853 3677 925 deploravit.

2092 946 2200 1003 Sed
2222 963 2253 1002 a
2278 947 2493 1029 medico
2523 948 2779 1014 edoctus,
2826 948 2883 1004 id
2922 947 3283 1020 pharmacum
3308 945 3680 1017 soporiferum

2088 1054 2233 1105 esse,
2267 1054 2380 1095 non
2411 1039 2759 1106 lethil‘erum,
2787 1040 3064 1098 Caesarem
3107 1039 3293 1096 adiit:
3346 1046 3687 1108 acceptaque

2089 1127 2347 1196 dextera,
2379 1146 2579 1188 rursus
2607 1131 2676 1187 ad
2708 1133 3035 1204 Pompeium
3057 1131 3258 1189 evasit.

406 1244 590 1308 θόντος
622 1242 769 1313 αὒτῷ
832 1240 1136 1311 Καίσαρος,
1193 1232 1467 1304 ἀπογνοὺς
1535 1230 1605 1286 τά
1663 1225 1787 1283 καθ’
1833 1222 2055 1290 ἐαυτὸν,
2100 1225 2391 1296 φάρμακον
2449 1224 2602 1281 ἔπιεν
2644 1224 2723 1289 ὡς
2793 1224 3147 1296 θανούμενος.
3203 1220 3338 1279 Εἶτα
3390 1225 3681 1299 θαυμαστῇ

405 1336 788 1410 φιλανθρωπίᾳ
838 1333 1026 1407 μαθὼν
1079 1334 1216 1405 πρὸς
1266 1331 1394 1393 τοὺς
1443 1324 1832 1395 ἁλισκομένους
1860 1320 1954 1374 τδν
2019 1319 2281 1390 Καίσαρα
2349 1324 2665 1396 χρώμενον,
2701 1324 2900 1379 ἐαυτὸν
2962 1322 3208 1394 ἐθρήνει.
3267 1321 3613 1377 ’Υπνωτικὸν
3635 1318 3684 1373 δ’

409 1432 554 1491 εἶναι
596 1434 657 1488 τὸ
687 1433 977 1503 φάρμακον
1041 1426 1141 1483 καὶ
1206 1426 1269 1479 οὑ
1304 1423 1607 1493 θανάσιμον
1658 1417 1910 1479 εἰπόντος
1962 1412 2056 1468 τοῦ
2100 1415 2312 1486 ίατροῦ,
2363 1419 2535 1492 ἀπῄει
2591 1419 2732 1492 πρὸς
2784 1418 3065 1489 Καίσαρα,
3132 1418 3228 1472 καὶ
3266 1417 3449 1471 λαϐὼν
3498 1417 3684 1483 δεξιάν

410 1527 569 1596 αὖθις
596 1528 881 1596 διεξέπεσε
918 1524 1055 1596 πρὸς
1082 1523 1391 1593 Πομπήϊον.

484 1623 570 1680 Η’.
601 1622 793 1690 Ταῦτα
826 1621 910 1683 είς
950 1620 1051 1689 τὴν
1084 1607 1305 1687 Ῥώμην
1350 1612 1818 1684 ἀπαγγελλόμενα
1863 1608 1993 1671 τοὺς

413 1714 735 1788 ἀνθρώπους
777 1713 957 1783 ἡδίους
1012 1710 1209 1774 ἐποίει,
1247 1707 1340 1762 καί
1383 1724 1529 1770 τινες
1563 1703 1993 1771 ἐπανέστρεφον.

414 1810 591 1871 Πολὺς
642 1808 699 1862 δέ
724 1804 967 1876 γεγονὼς
994 1805 1022 1858 ὁ
1057 1803 1276 1872 Καῖσαρ
1320 1801 1422 1872 ἤδη
1455 1798 1545 1854 ἐπ’
1582 1797 1749 1852 αὑτὸν
1789 1794 1993 1866 ἐχώρει

2175 1606 2309 1664 νιιι.
2351 1605 2477 1662 Haec
2497 1606 2689 1662 Romae
2713 1605 2969 1661 nuntiata
3004 1606 3158 1662 cives
3183 1604 3435 1660 nonnihil
3462 1619 3686 1659 recrea-

2102 1709 2256 1765 runt,
2303 1706 2363 1753 ut
2401 1698 2627 1769 quidam
2662 1699 2718 1753 in
2749 1699 2943 1754 urbem
2993 1697 3287 1754 redierint.
3323 1696 3507 1753 Caesar
3551 1712 3684 1751 vero

2100 1791 2280 1847 auctis
2302 1790 2534 1854 viribus,
2566 1791 2679 1861 jam
2712 1797 2903 1843 contra
2939 1788 3120 1859 ipsum
3150 1787 3475 1859 Pompeium
3514 1787 3684 1857 proth-

415 1901 724 1971 Πομπήϊον.
773 1896 835 1951 ‘0
861 1896 917 1949 δε
949 1895 1141 1966 φυγὼν
1175 1895 1256 1958 είς
1287 1891 1607 1964 Βρεντέσιον
1636 1889 1991 1958 ἐξέπλευσεν.

2117 1880 2336 1946 :iscens,
2359 1894 2486 1936 cum
2519 1879 2568 1934 is
2593 1878 2894 1934 Brundusii
2914 1893 3057 1933 nave
3084 1891 3389 1934 conscensa
3424 1877 3679 1933 abiissct:

427 1993 678 2065 ’Ampibv
704 1993 761 2046 δέ
791 1990 938 2063 νηῶν
967 1992 995 2043 ό
1026 1991 1245 2059 Καῖσαρ
1268 1990 1347 2052 εἰς
1370 1988 1468 2059 τὴν
1493 1985 1710 2058 Ῥώμην
1740 1984 1997 2054 ἀνέστρε-

414 2087 505 2156 ψε,
538 2088 635 2141 καὶ
690 2087 871 2156 πάσης
922 2086 1023 2152 τῆς
1054 2081 1292 2146 Ἰταλίας
1334 2081 1608 2150 ἀναιμωτὶ
1667 2080 1858 2148 κύριος
1898 2078 1997 2147 γέ-

418 2197 579 2248 γονεν
625 2178 865 2247 ἡμέραις
914 2173 1208 2245 ἐξήκοντα.
1242 2172 1433 2244 Εὑρὼν
1462 2174 1520 2227 δὲ
1563 2175 1658 2227 καὶ
1695 2172 1797 2241 τὴν
1842 2170 1999 2224 πόλιν

419 2268 799 2334 καθεστῶσαν,
843 2267 1072 2320 καὶτῶν
1117 2266 1228 2320 ἀπὸ
1276 2265 1378 2335 τῆς
1420 2264 1613 2335 βουλῆς
1661 2262 1889 2325 πολλοὺς
1940 2263 2001 2315 ἐν

423 2362 591 2433 αὐτῇ,
622 2358 838 2424 τούτοις
870 2359 1089 2429 ἐπιεικῆ
1136 2356 1412 2428 διελέχθη,
1441 2356 1608 2422 ἀξιῶν
1636 2355 1835 2419 αὐτοὺς
1861 2352 2002 2425 πρὸς

424 2455 716 2524 Πομπήϊον
755 2450 1111 2506 ἀποστέλλειν
1136 2450 1231 2503 ἐπὶ
1266 2448 1626 2518 συμϐάσεσιν.
1665 2447 1925 2517 Ἐπείσθη
1955 2446 2004 2500 δ’

419 2546 624 2607 οὐδείς.
661 2543 768 2597 Τοῦ
799 2544 855 2597 δὲ
885 2541 1170 2614 δημάρχου
1207 2540 1484 2595 Μετέλλου
1505 2536 1809 2601 κωλύοντος
1837 2538 2003 2594 αὑτὸν

424 2638 492 2690 ἐκ
524 2634 636 2689 τῶν
668 2634 955 2687 ἀποθέτων
982 2631 1287 2703 χρημάτων
1321 2630 1645 2699 λαμϐάνειν,
1677 2628 1771 2683 καὶ
1802 2629 2006 2697 νόμους

428 2724 849 2794 προσφέροντος,
881 2722 1011 2792 ἔφη’
1041 2722 1137 2789 Μὴ
1166 2722 1274 2776 τὸν
1310 2720 1500 2775 αὐτὸν
1538 2718 1748 2774 ὅπλων
1780 2716 1876 2771 καί
1903 2718 2005 2771 rd-

423 2833 555 2886 μων
585 2811 736 2870 εἶναι
764 2814 998 2883 καιρόνο
1031 2812 1117 2866 Σὺ
1139 2812 1208 2866 δὲ
1235 2812 1352 2866 νῦν
1375 2811 1492 2880 μὲν
1513 2809 1788 2865 ἐκποδὼν
1814 2809 2003 2864 ἄπιοι·

430 2907 773 2975 παῤῥησίας
797 2905 908 2974 γὰρ
941 2905 1015 2960 οὐ
1047 2902 1233 2957 δεῖται
1262 2905 1550 2973 πόλεμος.
1594 2901 1774 2954 Ὅταν
1827 2900 1896 2954 δὲ
1934 2899 2008 2954 τὰ

430 2999 592 3054 ὅπλα
614 2999 971 3066 κατάθωμαι,
992 2997 1127 3051 τότε
1155 2994 1631 3066 δημαγωγήσεις.
1660 2994 1767 3048 Καὶ
1798 2991 2005 3057 ταῦτα,

431 3089 560 3159 ἔφη,
583 3089 761 3159 λέγω,
781 3086 901 3142 τῶν
929 3087 1149 3142 ἑαυτοῦ
1178 3085 1426 3140 δικαίων
1446 3084 1790 3153 ὑφιέμενος.
1831 3082 2009 3151 Ἐμὸς

433 3180 546 3251 γὰρ
571 3176 632 3235 εἴ
666 3180 761 3234 καὶ
798 3178 881 3233 σὺ
933 3177 1035 3232 καί
1072 3176 1301 3243 πάντες
1336 3175 1526 3242 ὅσους
1555 3173 1676 3229 τῶν
1709 3172 1859 3242 πρὸς
1904 3172 2009 3243 ἐμὲ

2100 1974 2230 2046 quia
2273 1987 2445 2029 naves
2482 1972 2600 2043 ipse
2625 1986 2736 2027 non
2758 1970 3018 2037 habebat,
3044 1971 3278 2025 Romam
3299 1984 3568 2025 converso
3595 1970 3687 2023 iti-

2098 2080 2258 2130 nere,
2281 2062 2450 2119 totius
2472 2061 2643 2118 Italia:
2669 2060 2955 2116 dominatu
2974 2059 3112 2116 citra
3135 2059 3455 2131 sanguinem
3482 2075 3546 2113 ιι
3564 2059 3687 2115 dio-

2101 2160 2207 2215 bus
2238 2169 2325 2214 est
2349 2157 2580 2229 potitus.
2609 2155 2749 2212 Cum
2789 2163 2977 2211 autem
3016 2165 3075 2211 et
3104 2154 3300 2211 urbem
3332 2155 3687 2224 tranquillam

2102 2248 2423 2319 reperisset,
2438 2256 2497 2302 et
2515 2245 2717 2301 multos
2739 2246 2794 2300 in
2812 2261 2876 2301 ea
2897 2253 3205 2309 senatores,
3229 2243 3546 2299 humaniter
3562 2259 3696 2298 cum

2102 2341 2186 2396 eis
2227 2340 2361 2411 egit,
2410 2347 2470 2393 ut
2501 2338 2570 2394 ad
2615 2338 2939 2408 Pompeium
2965 2337 3178 2408 legatos
3206 2337 3276 2392 de
3306 2337 3691 2408 paciﬁcatione

2103 2431 2271 2505 5.84
2302 2431 2611 2487 mitterent.
2645 2431 2753 2487 Sed
2791 2446 2957 2487 nemo
2990 2431 3041 2485 ei
3072 2430 3279 2500 paruit.
3327 2431 3545 2485 Metello
3588 2431 3688 2484 tri.

2104 2525 2256 2580 buno
2294 2524 2646 2594 prohibente,
2677 2538 2747 2579 ne
2768 2522 2901 2593 quid
2934 2523 3183 2593 pecuniae
3210 2538 3276 2578 ex
3307 2522 3544 2592 publicis
3572 2523 3693 2576 the-

2105 2617 2287 2673 sauris
2324 2615 2660 2681 ell‘erret,et
2690 2614 2839 2683 leges
2859 2614 3151 2679 recitante,
3189 2609 3475 2681 respondit
3515 2629 3529 2665 :
3571 2611 3699 2667 Non

2105 2709 2248 2765 idem
2283 2707 2456 2778 legum
2489 2717 2538 2763 et
2569 2723 2843 2762 armorum
2871 2721 2982 2761 esse
3015 2713 3235 2777 tempus.
3270 2705 3345 2759 Tu
3373 2721 3495 2759 vero
3528 2720 3689 2768 nunc,

2107 2800 2319 2872 inquit,
2357 2801 2548 2853 aedito.
2576 2797 2795 2852 Bellum
2819 2798 2960 2852 enim
2995 2798 3276 2852 uerborum
3304 2797 3693 2850 contentionem

2110 2910 2216 2947 non
2264 2891 2524 2947 admittit.
2584 2890 2679 2947 Ubi
2722 2905 2847 2944 vero
2904 2905 3058 2943 arma
3098 2903 3323 2959 posuero
3362 2896 3474 2942 tum
3506 2897 3563 2942 tu
3592 2887 3696 2940 tri-

2110 2986 2280 3041 bunus
2312 2987 2415 3040 eris
2434 3001 2454 3039 :
2481 2992 2533 3038 et
2563 2985 2675 3037 hac
2697 2982 2836 3048 dico,
2864 2981 2927 3037 de
2956 2997 3070 3035 meo
3083 2981 3212 3052 jure
3235 2979 3694 3035 roncedens.Nam

2111 3085 2159 3130 et
2183 3084 2236 3128 tu
2269 3090 2413 3129 meus
2429 3089 2504 3137 es,
2528 3084 2576 3127 et
2599 3073 2638 3129 ii
2658 3088 2840 3127 omnes
2864 3085 2991 3137 quas
3015 3078 3201 3126 contra
3223 3086 3305 3124 me
3343 3068 3699 3125 tumultuatos

2112 3167 2247 3236 cepi.
2268 3167 2403 3220 Cum
2425 3173 2609 3219 autem
2642 3163 2825 3218 claves
2843 3177 2949 3216 non
2978 3159 3374 3229 reperirentur,
3399 3156 3694 3213 securibus

435 3272 910 3329 στασιασάντων
934 3269 1305 3325 συκέλαϐον.
1326 3268 1420 3338 Μὴ
1438 3267 1786 3337 φαινομένων
1816 3265 1872 3318 δὲ.
1901 3264 2010 3319 τῶν

2117 3257 2368 3313 aerarium
2399 3254 2605 3326 aperiri
2640 3253 2844 3325 jussit,
2885 3259 2944 3306 et
2980 3247 3202 3305 Metello
3236 3249 3397 3318 cuius
3434 3244 3694 3302 nonnulli

437 3365 667 3421 κλειδῶν
697 3363 985 3418 ἐκκόπτειν
1011 3361 1287 3415 ἐκέλευεν.
1324 3355 1492 3423 Αὖθις
1519 3358 1576 3410 δὲ
1604 3357 1702 3410 τοῦ
1733 3357 2013 3412 Μετέλλου

436 3456 763 3518 κωλύοντος,
801 3452 894 3506 καί
921 3469 1082 3505 τινων
1106 3448 1478 3503 ἐπαινούντων
1507 3490 1522 3514 ,
1547 3447 1844 3518 ἠπείλησεν
1881 3447 2016 3500 ἀπο-

434 3549 645 3605 κτενεῖν
665 3547 847 3610 αὑτὸν,
870 3547 918 3598 εί
944 3543 1019 3616 μὴ
1034 3542 1324 3603 παύσαιτο,
1341 3540 1530 3595 είπώνο
1554 3538 1896 3610 Μειράκιον,
1910 3540 2016 3609 ἀγ-

436 3639 598 3706 νοεῖς
630 3635 1188 3705 ὅτιδυσκολώτερόν
1211 3634 1346 3688 ἐστί
1363 3646 1465 3704 μοι
1490 3631 1732 3697 εἰπεῖν-ἣ
1753 3628 1972 3700 πρᾶξαι
1997 3648 2019 3697 ;

449 3730 809 3803 Ἐστράτευσε
842 3728 886 3781 δ’
940 3729 1020 3791 είς
1052 3725 1424 3797 Ἱϐηρίαν,καὶ
1443 3724 1543 3788 τὰς
1590 3725 1708 3779 ἐκεῖ
1736 3723 2019 3795 δυνάμεις,

441 3823 536 3877 καὶ
565 3821 665 3883 τὰς
690 3819 959 3890 ἐπαρχίας
980 3817 1072 3888 ὑφ’
1097 3817 1292 3875 ἑαυτὸν
1323 3817 1693 3888 ποιησάμενος
1727 3813 1901 3879 οὕτως
1928 3816 2022 3870 ἐπὶ

443 3915 725 3986 Πομπήϊον
772 3912 1027 3984 ἧλαυνεν.
1082 3908 1334 3982 Αίρεθεὶς
1376 3909 1433 3963 δὲ
1469 3908 1744 3981 δικτάτωρ
1786 3908 1892 3963 ὑπὸ
1920 3910 2022 3977 τῆς

446 4008 645 4078 βουλῆς
687 4005 938 4074 φυγάδας
973 4004 1260 4072 κατήγαγε
1298 4002 1395 4056 καὶ
1432 4001 1611 4055 ἄλλων
1643 4000 1823 4073 ἥψατο
1864 4000 2020 4055 πολι-

446 4094 756 4165 τευμάτων.
799 4092 886 4144 Ἑν
921 4092 1158 4162 ἡμέραις
1197 4090 1255 4143 δὲ
1297 4090 1494 4143 ἕνδεκα
1537 4090 1637 4159 τὴν
1681 4090 1779 4159 μὲν
1814 4105 2021 4160 μοναρ-

447 4189 571 4260 χίαν
629 4185 1029 4255 ἀπειπάμενος,
1091 4183 1297 4237 ὕπατον
1363 4182 1423 4236 δὲ
1470 4181 1751 4248 ἀναδείξας
1831 4181 2023 4236 ἑαυτὸν

449 4283 550 4337 καὶ
599 4278 913 4357 Σερουΐλιον
973 4278 1305 4350 Ἰσαυρικὸν,
1357 4277 1538 4347 εἴχετο
1566 4276 1667 4345 τῆς
1711 4275 2020 4345 στρατείας.

450 4373 563 4428 Καὶ
585 4371 777 4436 διαϐάς
822 4370 914 4423 τὸν
957 4369 1149 4423 Ἰόνιον
1197 4368 1454 4440 Νώρικον
1500 4367 1595 4421 καὶ
1657 4367 2024 4422 ’Λπολλωνίαν

448 4464 616 4536 αἱρεῖ.
653 4460 742 4526 Ἐξ
788 4459 1151 4523 Ἀπολλωνίας
1189 4460 1243 4514 δὲ
1277 4459 1463 4530 κρύφα
1494 4459 1714 4513 πάντων
1763 4458 1842 4523 είς
1872 4457 2024 4510 πλοῖ⁴

447 4573 508 4609 ον
574 4553 754 4625 ἐμϐὰς
809 4551 1273 4622 δωδεκάσκαλμον
1321 4552 1380 4604 ἐν
1446 4550 1638 4620 ἐσθῆτι
1689 4550 2024 4621 θεράποντος

452 4647 761 4719 ἀναχθῆναι
816 4646 957 4716 προς
1019 4644 1083 4698 τὸ
1118 4644 1445 4714 Βρεντέσιον
1494 4641 1877 4706 ἐϐουλεύσατο,
1930 4640 2024 4695 τοῦ

454 4742 729 4809 πελάγους
756 4739 864 4792 ὑπὸ
888 4739 997 4792 τῶν
1025 4736 1304 4806 πολεμίων
1360 4736 1758 4807 περιεχομένου
1816 4735 2024 4797 στόλοις

457 4831 739 4901 μεγάλοις.
770 4828 1055 4899 Χειμῶνος
1079 4826 1136 4882 δέ
1159 4826 1332 4891 ὄντος,
1354 4829 1380 4879 ὁ
1412 4825 1583 4889 πλοῦς
1623 4826 1832 4897 ἄπορος
1852 4826 2027 4878 ἐδόκει

453 4924 534 4997 τῷ
564 4922 905 4993 κυϐερνήτῃ,
942 4921 1039 4974 καὶ
1080 4919 1411 4990 μεταϐαλεῖν
1449 4920 1705 4972 ἐκέλευσε
1730 4920 1856 4982 τοὺς
1898 4917 2028 4971 ναύ-

456 5032 556 5078 τας
600 5013 677 5078 ὡς
706 5011 1068 5082 ἀποστρέψων
1099 5010 1161 5063 τὸ
1200 5012 1409 5065 πλοῖον.
1439 5013 1548 5065 Καὶ
1578 5014 1606 5065 ὁ
1638 5013 1859 5084 Καῖσαρ
1894 5012 2029 5064 ἀνα-

461 5107 736 5161 δείκνυσιν
768 5105 981 5158 ὲαυτόν.
1011 5103 1121 5156 Τοῦ
1148 5104 1205 5157 δὲ
1234 5104 1572 5175 κυϐερνήτου
1602 5104 1737 5172 πρὸς
1777 5103 1874 5172 τὴν
1908 5103 2033 5171 ὄψιν

457 5196 911 5265 ἐκπεπληγμένου
938 5211 953 5226 ·
989 5195 1185 5264 Τόλμα
1221 5193 1321 5248 καὶ
1376 5194 1462 5263 μὴ
1496 5193 1702 5255 δέδιθι.
1738 5194 1864 5264 ἔφη’
1904 5194 2033 5248 Κιτί-

459 5303 619 5357 σαρα
659 5290 756 5356 ςιέί
774 5303 881 5352 εις,
908 5286 1004 5340 καὶ
1030 5286 1143 5354 τὴν
1166 5290 1251 5340 1ιά
1265 5287 1462 5356 ’σαρος
1485 5284 2036 5355 τύχηνσυμπλέουο

460 5395 605 5435 σαν.
659 5378 1016 5433 Κατέπλευσε
1039 5378 1097 5430 δέ
1138 5379 1236 5431 καὶ
1274 5375 1562 5440 ’Δντὼνιος
1614 5376 1713 5441 τὰς
1774 5375 2035 5444 δυνάμεις

461 5471 635 5540 ἄγων.
674 5469 788 5524 Καὶ
811 5470 1090 5541 θαρρήσας
1118 5470 1337 5541 Καῖσαρ
1373 5467 1740 5536 προύκαλεῖτο
1771 5468 2035 5538 Πομπήϊ-

464 5579 548 5617 ον.
611 5561 725 5614 Ἀεὶ
774 5559 831 5613 δέ
878 5577 1024 5622 τινες
1071 5561 1203 5629 περὶ
1267 5563 1380 5624 τοῖς
1447 5559 1683 5630 ἐρύμασι
1741 5559 2030 5628 Πομπηΐου

467 5652 642 5724 μάχαι
712 5651 982 5722 σποράδες
1028 5652 1295 5719 ἐγίνοντο,
1365 5650 1462 5705 καὶ
1525 5651 1775 5723 περιῆνὸ
1822 5651 2038 5720 Καῖσαρ

470 5743 699 5811 πάσαις,
742 5741 885 5812 πλὴν
919 5743 1069 5812 μιᾶς,
1112 5743 1171 5795 ἐν
1278 5746 1486 5812 τροπῆς
1521 5743 1821 5813 γενομένης
1870 5740 2039 5812 μεγάο

471 5832 570 5904 λης
601 5832 943 5887 ἐκινδύνευσε
980 5833 1077 5903 μὶν
1103 5833 1362 5888 ἀπολέσει
1389 5833 1445 5886 τὸ
1495 5834 1855 5900 στρατόπεδον
1896 5850 1906 5862 ·
1946 5832 2039 5886 καὶ

2117 3346 2484 3404 constantiam
2522 3343 2856 3405 laudabant,
2901 3340 3089 3395 denuo
3135 3336 3426 3394 obsistenti
3458 3343 3694 3391 mortem

2116 3440 2502 3499 comminatus,
2533 3437 2635 3492 nisi
2654 3436 2953 3490 obturbare
2973 3433 3262 3489 desisteret
3290 3448 3304 3486 :
3331 3429 3465 3495 Hoc,
3490 3428 3705 3499 inquit,

2118 3534 2421 3589 adolescens
2450 3573 2466 3596 ,
2516 3532 2644 3585 mihi
2675 3530 2806 3584 scito
2862 3528 3004 3583 dictu
3041 3544 3202 3598 quam
3223 3528 3369 3597 factu
3394 3540 3504 3580 esse
3549 3524 3695 3593 difﬁ-

2117 3623 2290 3678 cilius.
2337 3621 2629 3677 Profectus
2670 3619 2725 3673 in
2780 3615 3096 3686 Hispaniam
3121 3655 3136 3681 ,
3177 3622 3234 3669 et
3271 3610 3582 3684 legionibus
3628 3609 3696 3663 il-

2118 3716 2190 3773 lis
2234 3726 2397 3784 atque
2438 3709 2739 3782 provinciis
2772 3706 2959 3763 ascitis
2983 3746 3001 3772 ,
3039 3703 3287 3775 Pompeii
3327 3700 3705 3773 persequendi:

2121 3808 2413 3863 consilum
2455 3802 2623 3873 cepit.
2681 3801 2928 3856 Dictator
2959 3813 2993 3853 a
3039 3804 3236 3852 senatu
3280 3794 3487 3860 dictus,
3525 3807 3692 3849 exsu-

2119 3900 2201 3956 les
2241 3895 2556 3959 revocavit,
2584 3901 2642 3949 et
2672 3892 2777 3947 alia
2815 3891 2872 3945 in
2904 3888 3191 3960 republica
3222 3885 3357 3957 egit.
3386 3884 3493 3940 Sed
3524 3884 3701 3939 dictae

2124 3985 2408 4043 turaintra
2436 3982 2555 4038 dies
2584 3998 2635 4035 xi
2663 3978 2937 4050 deposita,
2970 3993 3029 4033 se
3067 3977 3187 4047 ipso
3209 3985 3268 4031 et
3288 3974 3523 4030 Servilio
3546 3974 3698 4028 lsau-

2123 4080 2244 4134 rico
2271 4085 2467 4146 suapte
2495 4072 2827 4129 auctoritate
2862 4070 3191 4127 consulibus
3214 4068 3524 4139 designatis
3548 4108 3562 4131 ,
3599 4082 3698 4121 et-

2124 4169 2392 4243 peditioni
2441 4168 2707 4230 intentus,
2740 4173 3004 4236 superato
3037 4164 3193 4219 Ionio
3236 4161 3417 4227 mari:
3437 4159 3701 4215 Noricum

2126 4259 2553 4330 etApolloniam
2609 4256 2796 4327 capito
2867 4254 3175 4323 Apollonia:
3240 4252 3384 4308 clam
3442 4249 3704 4305 omnibus

2127 4352 2345 4422 navigio
2378 4349 2671 4405 duodecim
2700 4347 3037 4404 scalmorum
3072 4343 3312 4399 ministri
3346 4341 3540 4396 habitu
3567 4353 3701 4393 con-

2129 4459 2347 4509 scenso,
2402 4440 2775 4497 Brundusium
2827 4437 3090 4508 trajicere
3142 4434 3382 4491 statuit:
3450 4430 3706 4502 quamvis

2130 4549 2282 4588 mare
2345 4531 2560 4603 magnis
2615 4528 2859 4584 hostium
2918 4525 3193 4582 classibus
3241 4530 3545 4578 teneretur.
3594 4519 3705 4577 Sed

2131 4645 2257 4684 cum
2286 4628 2341 4682 in
2375 4629 2706 4694 tempestate
2737 4621 3073 4693 gubernator
3102 4616 3349 4688 navigari
3390 4631 3501 4671 non
3544 4627 3707 4683 posse

2129 4721 2403 4786 crederet,
2439 4728 2495 4773 et
2518 4725 2716 4771 nautas
2742 4723 2958 4769 mutare
2988 4727 3213 4768 cursum
3255 4725 3321 4765 ac
3352 4707 3557 4765 reverti
3582 4707 3705 4772 Ῑιιειτ

2128 4817 2314 4875 sisset,
2347 4827 2406 4867 se
2431 4807 2840 4880 agnoscendum
2886 4803 3123 4876 praebuit
3164 4814 3222 4858 et
3246 4797 3605 4872 gubernatori
3636 4795 3711 4851 ad

2131 4920 2293 4962 suum
2348 4908 2707 4976 conspectum
2766 4895 3214 4971 obstupefacto‘:
3264 4893 3437 4957 Bono,
3486 4890 3707 4961 inquit,

2132 4998 2312 5052 animo
2362 5003 2412 5049 et
2458 5008 2644 5047 securo
2695 4997 2826 5055 esto,
2870 4987 3138 5043 C(rsarem
3184 4987 3326 5040 cnim
3377 4995 3425 5038 et
3479 4982 3709 5037 Cwsaris

2133 5088 2405 5159 fortunent
2434 5083 2592 5137 vehis.
2634 5079 2859 5150 Appulit
2900 5085 2957 5132 et
2998 5075 3274 5130 Antonius
3311 5088 3437 5129 cum
3469 5070 3648 5141 copiis
3686 5088 3709 5145 ι,

2135 5178 2337 5250 quibus
2381 5174 2562 5233 Caesar
2618 5172 2817 5234 fretus,
2860 5168 3183 5238 Pompeium
3232 5164 3574 5236 provocavit.
3641 5163 3716 5225 Et

2135 5286 2261 5326 cum
2292 5266 2491 5324 crebro
2513 5273 2643 5319 ante
2673 5260 3018 5317 munitiones
3056 5256 3294 5328 sparsim
3324 5255 3709 5319 dimicaretur,

2136 5378 2354 5433 semper
2394 5357 2651 5429 superior
2700 5352 2897 5415 evasit,
2941 5366 3051 5405 una
3098 5364 3281 5420 pugna
3310 5356 3539 5417 excepta
3582 5364 3598 5401 :
3653 5348 3712 5403 in

2137 5468 2244 5523 qua
2278 5466 2405 5507 cum
2432 5461 2683 5518 magnam
2708 5443 2922 5514 plagam
2950 5440 3275 5509 accepisset,
3303 5452 3502 5508 parum
3534 5436 3717 5491 abfuit

2139 5545 2273 5614 quin
2315 5540 2511 5597 castris
2541 5546 2861 5598 exuerctur,
2910 5541 3077 5601 atque
3110 5531 3229 5600 ipse
3268 5528 3437 5585 etiam
3478 5530 3715 5584 caedere-

2141 5651 2251 5695 tur.
2281 5635 2419 5692 Nam
2451 5631 2536 5686 vir
2558 5626 2784 5699 quidam
2817 5640 3048 5695 magnus
3080 5631 3136 5678 et
3164 5622 3428 5677 robustus
3475 5620 3712 5691 fugiens.

2143 5744 2267 5785 cum
2295 5726 2362 5782 ab
2390 5738 2456 5780 eo
2490 5735 2653 5775 manu
2686 5716 2888 5783 injecta
2912 5728 3159 5779 manere,
3186 5721 3243 5768 ct
3267 5713 3332 5767 ad
3359 5713 3548 5767 hostes
3584 5726 3718 5771 con-

2143 5820 2282 5879 verti
2323 5818 2635 5892 iuberetur,
2703 5810 2863 5882 plane
2907 5807 3290 5879 perturbatus,
3344 5808 3513 5861 ictum
3544 5803 3595 5859 ei
3627 5803 3721 5858 ina
