  <div class='ocr_page' id='page_1' title='image "/cluster/home/n/w/nwhite01/storage/ocr_20150623/134:no.1/coo.31924054870393/419.png"; bbox 0 0 4024 6450; ppageno 0'>
   <div class='ocr_carea' id='block_1_1' title="bbox 320 357 428 421">
    <p class='ocr_par' dir='ltr' id='par_1_1' title="bbox 320 357 428 421">
     <span class='ocr_line' id='line_1_1' title="bbox 320 357 428 421; baseline -0.009 0"><span class='ocrx_word' id='word_1_1' title='bbox 320 357 428 421; x_wconf 79' lang='grc'><strong>823</strong></span> 
     </span>
    </p>
   </div>
   <div class='ocr_carea' id='block_1_2' title="bbox 1623 364 2300 425">
    <p class='ocr_par' dir='ltr' id='par_1_2' title="bbox 1623 364 2300 425">
     <span class='ocr_line' id='line_1_2' title="bbox 1623 364 2300 425; baseline 0.004 -3"><span class='ocrx_word' id='word_1_2' title='bbox 1623 364 1942 424; x_wconf 73' lang='lat' dir='ltr'><strong>JOANNIS</strong></span> <span class='ocrx_word' id='word_1_3' title='bbox 1979 365 2300 425; x_wconf 70' lang='lat' dir='ltr'><strong>ZONAR/E</strong></span> 
     </span>
    </p>
   </div>
   <div class='ocr_carea' id='block_1_3' title="bbox 3442 375 3550 438">
    <p class='ocr_par' dir='ltr' id='par_1_3' title="bbox 3442 375 3550 438">
     <span class='ocr_line' id='line_1_3' title="bbox 3442 375 3550 438; baseline 0.019 -2"><span class='ocrx_word' id='word_1_4' title='bbox 3442 375 3550 438; x_wconf 67' lang='grc' dir='ltr'><strong>εει</strong></span> 
     </span>
    </p>
   </div>
   <div class='ocr_carea' id='block_1_4' title="bbox 316 468 1875 553">
    <p class='ocr_par' dir='ltr' id='par_1_4' title="bbox 316 468 1875 542">
     <span class='ocr_line' id='line_1_4' title="bbox 316 468 1875 542; baseline 0.004 -19"><span class='ocrx_word' id='word_1_5' title='bbox 316 468 572 535; x_wconf 89' lang='lat' dir='ltr'><strong>tentavit,</strong></span> <span class='ocrx_word' id='word_1_6' title='bbox 631 485 696 525; x_wconf 89' lang='lat' dir='ltr'><strong>ac</strong></span> <span class='ocrx_word' id='word_1_7' title='bbox 743 471 1129 541; x_wconf 85' lang='lat' dir='ltr'><strong>percussisset,</strong></span> <span class='ocrx_word' id='word_1_8' title='bbox 1172 471 1279 528; x_wconf 84' lang='lat' dir='ltr'><strong>nisi</strong></span> <span class='ocrx_word' id='word_1_9' title='bbox 1321 472 1559 542; x_wconf 80' lang='lat' dir='ltr'><strong>armiger</strong></span> <span class='ocrx_word' id='word_1_10' title='bbox 1587 475 1708 542; x_wconf 81' lang='lat' dir='ltr'><strong>ejus</strong></span> <span class='ocrx_word' id='word_1_11' title='bbox 1777 474 1875 529; x_wconf 76' lang='lat' dir='ltr'><strong>liu-</strong></span> 
     </span>
    </p>
   </div>
   <div class='ocr_carea' id='block_1_5' title="bbox 1978 468 3549 553">
    <p class='ocr_par' dir='ltr' id='par_1_5' title="bbox 1985 475 3549 553">
     <span class='ocr_line' id='line_1_5' title="bbox 1985 475 3549 553; baseline 0.007 -25"><span class='ocrx_word' id='word_1_12' title='bbox 1985 475 2148 537; x_wconf 74' lang='grc' dir='ltr'>αὐτὸς</span> <span class='ocrx_word' id='word_1_13' title='bbox 2176 477 2234 529; x_wconf 75' lang='grc' dir='ltr'>δὲ</span> <span class='ocrx_word' id='word_1_14' title='bbox 2280 477 2430 548; x_wconf 79' lang='grc' dir='ltr'>παρᾶ</span> <span class='ocrx_word' id='word_1_15' title='bbox 2466 495 2660 549; x_wconf 85' lang='grc' dir='ltr'>μικρον</span> <span class='ocrx_word' id='word_1_16' title='bbox 2706 475 2869 549; x_wconf 83' lang='grc' dir='ltr'>ἦλθεν</span> <span class='ocrx_word' id='word_1_17' title='bbox 2908 483 3217 538; x_wconf 81' lang='grc' dir='ltr'>ἀποθανεῖν.</span> <span class='ocrx_word' id='word_1_18' title='bbox 3287 485 3549 553; x_wconf 79' lang='grc' dir='ltr'>Φεύγοντι</span> 
     </span>
    </p>
   </div>
   <div class='ocr_carea' id='block_1_6' title="bbox 315 562 1887 634">
    <p class='ocr_par' dir='ltr' id='par_1_6' title="bbox 315 562 1887 634">
     <span class='ocr_line' id='line_1_6' title="bbox 315 562 1887 634; baseline 0.003 -19"><span class='ocrx_word' id='word_1_19' title='bbox 315 575 530 616; x_wconf 88' lang='lat' dir='ltr'><strong>merum</strong></span> <span class='ocrx_word' id='word_1_20' title='bbox 576 562 727 617; x_wconf 89' lang='lat' dir='ltr'><strong>illius</strong></span> <span class='ocrx_word' id='word_1_21' title='bbox 764 569 1121 632; x_wconf 82' lang='lat' dir='ltr'><strong>amputasset.</strong></span> <span class='ocrx_word' id='word_1_22' title='bbox 1167 562 1304 618; x_wconf 88' lang='lat' dir='ltr'><strong>Cum</strong></span> <span class='ocrx_word' id='word_1_23' title='bbox 1354 572 1538 618; x_wconf 90' lang='lat' dir='ltr'><strong>autem</strong></span> <span class='ocrx_word' id='word_1_24' title='bbox 1586 564 1887 634; x_wconf 82' lang='lat' dir='ltr'><strong>Pompeius-</strong></span> 
     </span>
    </p>
   </div>
   <div class='ocr_carea' id='block_1_7' title="bbox 314 652 1882 724">
    <p class='ocr_par' dir='ltr' id='par_1_7' title="bbox 314 652 1882 724">
     <span class='ocr_line' id='line_1_7' title="bbox 314 652 1882 724; baseline 0.004 -19"><span class='ocrx_word' id='word_1_25' title='bbox 314 668 512 724; x_wconf 85' lang='lat' dir='ltr'><strong>magno</strong></span> <span class='ocrx_word' id='word_1_26' title='bbox 542 652 769 708; x_wconf 78' lang='lat' dir='ltr'><strong>facinori</strong></span> <span class='ocrx_word' id='word_1_27' title='bbox 802 652 1110 722; x_wconf 91' lang='lat' dir='ltr'><strong>colophone</strong></span> <span class='ocrx_word' id='word_1_28' title='bbox 1139 667 1251 707; x_wconf 91' lang='lat' dir='ltr'><strong>non</strong></span> <span class='ocrx_word' id='word_1_29' title='bbox 1279 654 1513 722; x_wconf 85' lang='lat' dir='ltr'><strong>adiecto,</strong></span> <span class='ocrx_word' id='word_1_30' title='bbox 1542 654 1882 724; x_wconf 80' lang='lat' dir='ltr'><strong>fugientibus</strong></span> 
     </span>
    </p>
   </div>
   <div class='ocr_carea' id='block_1_8' title="bbox 311 745 1880 814">
    <p class='ocr_par' dir='ltr' id='par_1_8' title="bbox 311 745 1880 814">
     <span class='ocr_line' id='line_1_8' title="bbox 311 745 1880 814; baseline 0.003 -16"><span class='ocrx_word' id='word_1_31' title='bbox 311 746 369 799; x_wconf 89' lang='lat' dir='ltr'><strong>in</strong></span> <span class='ocrx_word' id='word_1_32' title='bbox 402 746 604 800; x_wconf 80' lang='lat' dir='ltr'><strong>vallum</strong></span> <span class='ocrx_word' id='word_1_33' title='bbox 642 745 941 814; x_wconf 85' lang='lat' dir='ltr'><strong>compulsis</strong></span> <span class='ocrx_word' id='word_1_34' title='bbox 967 746 1309 810; x_wconf 85' lang='lat' dir='ltr'><strong>recessisset,</strong></span> <span class='ocrx_word' id='word_1_35' title='bbox 1338 745 1521 801; x_wconf 66' lang='lat' dir='ltr'><strong>Caesar</strong></span> <span class='ocrx_word' id='word_1_36' title='bbox 1573 748 1713 804; x_wconf 80' lang='lat' dir='ltr'><strong>dixit</strong></span> <span class='ocrx_word' id='word_1_37' title='bbox 1744 764 1761 803; x_wconf 89' lang='lat'><strong>:</strong></span> <span class='ocrx_word' id='word_1_38' title='bbox 1799 747 1880 802; x_wconf 85' lang='lat' dir='ltr'><strong>Eo</strong></span> 
     </span>
    </p>
   </div>
   <div class='ocr_carea' id='block_1_9' title="bbox 309 836 1878 906">
    <p class='ocr_par' dir='ltr' id='par_1_9' title="bbox 309 836 1878 906">
     <span class='ocr_line' id='line_1_9' title="bbox 309 836 1878 906; baseline 0.004 -19"><span class='ocrx_word' id='word_1_39' title='bbox 309 836 396 887; x_wconf 82' lang='lat' dir='ltr'><strong>die</strong></span> <span class='ocrx_word' id='word_1_40' title='bbox 419 837 690 889; x_wconf 68' lang='lat' dir='ltr'><strong>victoriam</strong></span> <span class='ocrx_word' id='word_1_41' title='bbox 717 851 871 904; x_wconf 79' lang='lat' dir='ltr'><strong>penes</strong></span> <span class='ocrx_word' id='word_1_42' title='bbox 897 837 1065 890; x_wconf 80' lang='lat' dir='ltr'><strong>hostes</strong></span> <span class='ocrx_word' id='word_1_43' title='bbox 1083 836 1264 905; x_wconf 81' lang='lat' dir='ltr'><strong>fuisse.</strong></span> <span class='ocrx_word' id='word_1_44' title='bbox 1286 840 1333 891; x_wconf 88' lang='lat' dir='ltr'><strong>si</strong></span> <span class='ocrx_word' id='word_1_45' title='bbox 1368 840 1537 892; x_wconf 84' lang='lat' dir='ltr'><strong>virum</strong></span> <span class='ocrx_word' id='word_1_46' title='bbox 1554 840 1878 906; x_wconf 77' lang='lat' dir='ltr'><strong>habuissent,</strong></span> 
     </span>
    </p>
   </div>
   <div class='ocr_carea' id='block_1_10' title="bbox 309 925 1879 999">
    <p class='ocr_par' dir='ltr' id='par_1_10' title="bbox 309 925 1879 999">
     <span class='ocr_line' id='line_1_10' title="bbox 309 925 1879 999; baseline 0.006 -21"><span class='ocrx_word' id='word_1_47' title='bbox 309 926 404 994; x_wconf 82' lang='lat' dir='ltr'><strong>qui</strong></span> <span class='ocrx_word' id='word_1_48' title='bbox 423 927 583 979; x_wconf 80' lang='lat' dir='ltr'><strong>sciret</strong></span> <span class='ocrx_word' id='word_1_49' title='bbox 620 925 784 997; x_wconf 60' lang='lat'><strong>5,85</strong></span> <span class='ocrx_word' id='word_1_50' title='bbox 813 929 1037 981; x_wconf 75' lang='lat' dir='ltr'><strong>vincere.</strong></span> <span class='ocrx_word' id='word_1_51' title='bbox 1065 928 1198 983; x_wconf 85' lang='lat' dir='ltr'><strong>Inde</strong></span> <span class='ocrx_word' id='word_1_52' title='bbox 1236 928 1538 999; x_wconf 81' lang='lat' dir='ltr'><strong>digressus,</strong></span> <span class='ocrx_word' id='word_1_53' title='bbox 1573 934 1879 988; x_wconf 79' lang='lat' dir='ltr'><strong>exercitum</strong></span> 
     </span>
    </p>
   </div>
   <div class='ocr_carea' id='block_1_11' title="bbox 309 1016 1877 1092">
    <p class='ocr_par' dir='ltr' id='par_1_11' title="bbox 309 1016 1877 1092">
     <span class='ocr_line' id='line_1_11' title="bbox 309 1016 1877 1092; baseline 0.008 -23"><span class='ocrx_word' id='word_1_54' title='bbox 309 1017 365 1069; x_wconf 90' lang='lat' dir='ltr'><strong>in</strong></span> <span class='ocrx_word' id='word_1_55' title='bbox 416 1016 791 1072; x_wconf 78' lang='lat' dir='ltr'><strong>Macedoniam</strong></span> <span class='ocrx_word' id='word_1_56' title='bbox 834 1027 1027 1073; x_wconf 90' lang='lat' dir='ltr'><strong>contra</strong></span> <span class='ocrx_word' id='word_1_57' title='bbox 1077 1017 1394 1089; x_wconf 89' lang='lat' dir='ltr'><strong>Scipionem</strong></span> <span class='ocrx_word' id='word_1_58' title='bbox 1449 1024 1749 1092; x_wconf 77' lang='lat' dir='ltr'><strong>promovit.</strong></span> <span class='ocrx_word' id='word_1_59' title='bbox 1801 1025 1877 1082; x_wconf 86' lang='lat' dir='ltr'><strong>Ea</strong></span> 
     </span>
    </p>
   </div>
   <div class='ocr_carea' id='block_1_12' title="bbox 308 1105 1879 1187">
    <p class='ocr_par' dir='ltr' id='par_1_12' title="bbox 308 1105 1879 1187">
     <span class='ocr_line' id='line_1_12' title="bbox 308 1105 1879 1187; baseline 0.008 -28"><span class='ocrx_word' id='word_1_60' title='bbox 308 1120 399 1161; x_wconf 90' lang='lat' dir='ltr'><strong>res</strong></span> <span class='ocrx_word' id='word_1_61' title='bbox 439 1105 685 1178; x_wconf 86' lang='lat' dir='ltr'><strong>Pompeii</strong></span> <span class='ocrx_word' id='word_1_62' title='bbox 711 1109 1019 1164; x_wconf 83' lang='lat' dir='ltr'><strong>exercitum</strong></span> <span class='ocrx_word' id='word_1_63' title='bbox 1049 1117 1105 1164; x_wconf 92' lang='lat' dir='ltr'><strong>et</strong></span> <span class='ocrx_word' id='word_1_64' title='bbox 1133 1111 1337 1165; x_wconf 87' lang='lat' dir='ltr'><strong>ducum</strong></span> <span class='ocrx_word' id='word_1_65' title='bbox 1372 1114 1588 1170; x_wconf 90' lang='lat' dir='ltr'><strong>animos</strong></span> <span class='ocrx_word' id='word_1_66' title='bbox 1616 1131 1754 1171; x_wconf 88' lang='lat' dir='ltr'><strong>vana</strong></span> <span class='ocrx_word' id='word_1_67' title='bbox 1780 1132 1879 1187; x_wconf 87' lang='lat' dir='ltr'><strong>spe</strong></span> 
     </span>
    </p>
   </div>
   <div class='ocr_carea' id='block_1_13' title="bbox 307 1194 1878 1276">
    <p class='ocr_par' dir='ltr' id='par_1_13' title="bbox 307 1194 1878 1276">
     <span class='ocr_line' id='line_1_13' title="bbox 307 1194 1878 1276; baseline 0.008 -28"><span class='ocrx_word' id='word_1_68' title='bbox 307 1194 540 1259; x_wconf 85' lang='lat' dir='ltr'><strong>inﬂavit,</strong></span> <span class='ocrx_word' id='word_1_69' title='bbox 587 1205 649 1251; x_wconf 91' lang='lat' dir='ltr'><strong>ut</strong></span> <span class='ocrx_word' id='word_1_70' title='bbox 685 1197 957 1253; x_wconf 69' lang='lat' dir='ltr'><strong>Caesarem</strong></span> <span class='ocrx_word' id='word_1_71' title='bbox 1013 1198 1169 1254; x_wconf 87' lang='lat' dir='ltr'><strong>velut</strong></span> <span class='ocrx_word' id='word_1_72' title='bbox 1210 1200 1417 1255; x_wconf 86' lang='lat' dir='ltr'><strong>victum</strong></span> <span class='ocrx_word' id='word_1_73' title='bbox 1463 1212 1520 1258; x_wconf 87' lang='lat' dir='ltr'><strong>et</strong></span> <span class='ocrx_word' id='word_1_74' title='bbox 1574 1203 1878 1276; x_wconf 74' lang='lat' dir='ltr'><strong>fugientem</strong></span> 
     </span>
    </p>
   </div>
   <div class='ocr_carea' id='block_1_14' title="bbox 307 1290 1879 1365">
    <p class='ocr_par' dir='ltr' id='par_1_14' title="bbox 307 1290 1879 1365">
     <span class='ocr_line' id='line_1_14' title="bbox 307 1290 1879 1365; baseline 0.01 -27"><span class='ocrx_word' id='word_1_75' title='bbox 307 1290 563 1357; x_wconf 85' lang='lat' dir='ltr'><strong>persequi</strong></span> <span class='ocrx_word' id='word_1_76' title='bbox 616 1298 906 1358; x_wconf 88' lang='lat' dir='ltr'><strong>cuperent.</strong></span> <span class='ocrx_word' id='word_1_77' title='bbox 947 1291 989 1345; x_wconf 84' lang='lat' dir='ltr'><strong>A</strong></span> <span class='ocrx_word' id='word_1_78' title='bbox 1018 1306 1128 1361; x_wconf 90' lang='lat' dir='ltr'><strong>quo</strong></span> <span class='ocrx_word' id='word_1_79' title='bbox 1156 1294 1392 1349; x_wconf 91' lang='lat' dir='ltr'><strong>consilio</strong></span> <span class='ocrx_word' id='word_1_80' title='bbox 1435 1295 1731 1365; x_wconf 81' lang='lat' dir='ltr'><strong>Pompeius</strong></span> <span class='ocrx_word' id='word_1_81' title='bbox 1779 1297 1879 1353; x_wconf 87' lang='lat' dir='ltr'><strong>ab—</strong></span> 
     </span>
    </p>
   </div>
   <div class='ocr_carea' id='block_1_15' title="bbox 305 1375 1883 1455">
    <p class='ocr_par' dir='ltr' id='par_1_15' title="bbox 305 1375 1883 1455">
     <span class='ocr_line' id='line_1_15' title="bbox 305 1375 1883 1455; baseline 0.012 -27"><span class='ocrx_word' id='word_1_82' title='bbox 305 1375 558 1441; x_wconf 87' lang='lat' dir='ltr'><strong>horrens,</strong></span> <span class='ocrx_word' id='word_1_83' title='bbox 601 1376 805 1433; x_wconf 89' lang='lat' dir='ltr'><strong>bellum</strong></span> <span class='ocrx_word' id='word_1_84' title='bbox 859 1379 1088 1445; x_wconf 89' lang='lat' dir='ltr'><strong>ducere,</strong></span> <span class='ocrx_word' id='word_1_85' title='bbox 1140 1392 1194 1437; x_wconf 89' lang='lat' dir='ltr'><strong>et</strong></span> <span class='ocrx_word' id='word_1_86' title='bbox 1229 1399 1383 1439; x_wconf 91' lang='lat' dir='ltr'><strong>mora</strong></span> <span class='ocrx_word' id='word_1_87' title='bbox 1428 1385 1545 1455; x_wconf 89' lang='lat' dir='ltr'><strong>ipsa</strong></span> <span class='ocrx_word' id='word_1_88' title='bbox 1579 1387 1724 1443; x_wconf 87' lang='lat' dir='ltr'><strong>vires</strong></span> <span class='ocrx_word' id='word_1_89' title='bbox 1780 1388 1883 1447; x_wconf 59' lang='lat' dir='ltr'><strong>hoc</strong></span> 
     </span>
    </p>
   </div>
   <div class='ocr_carea' id='block_1_16' title="bbox 1985 566 3549 646">
    <p class='ocr_par' dir='ltr' id='par_1_16' title="bbox 1985 566 3549 646">
     <span class='ocr_line' id='line_1_16' title="bbox 1985 566 3549 646; baseline 0.007 -27"><span class='ocrx_word' id='word_1_90' title='bbox 1985 566 2099 637; x_wconf 82' lang='grc' dir='ltr'><strong>γὰρ</strong></span> <span class='ocrx_word' id='word_1_91' title='bbox 2125 567 2282 639; x_wconf 79' lang='grc' dir='ltr'>ἀνδρὶ</span> <span class='ocrx_word' id='word_1_92' title='bbox 2312 569 2536 639; x_wconf 86' lang='grc' dir='ltr'>μεγάλῳ</span> <span class='ocrx_word' id='word_1_93' title='bbox 2574 572 2668 625; x_wconf 65' lang='grc' dir='ltr'>καὶ</span> <span class='ocrx_word' id='word_1_94' title='bbox 2707 574 2977 644; x_wconf 77' lang='grc' dir='ltr'><strong>ῥωμαλέῳ</strong></span> <span class='ocrx_word' id='word_1_95' title='bbox 3019 576 3118 645; x_wconf 82' lang='grc' dir='ltr'>τὴν</span> <span class='ocrx_word' id='word_1_96' title='bbox 3168 578 3326 646; x_wconf 86' lang='grc' dir='ltr'>χεῖρα</span> <span class='ocrx_word' id='word_1_97' title='bbox 3358 577 3549 630; x_wconf 73' lang='grc' dir='ltr'>ἐπιδα-</span> 
     </span>
    </p>
   </div>
   <div class='ocr_carea' id='block_1_17' title="bbox 1984 656 3546 734">
    <p class='ocr_par' dir='ltr' id='par_1_17' title="bbox 1984 656 3546 734">
     <span class='ocr_line' id='line_1_17' title="bbox 1984 656 3546 734; baseline 0.006 -24"><span class='ocrx_word' id='word_1_98' title='bbox 1984 656 2115 723; x_wconf 86' lang='grc' dir='ltr'>λὼν,</span> <span class='ocrx_word' id='word_1_99' title='bbox 2180 659 2364 730; x_wconf 88' lang='grc' dir='ltr'>μένειν</span> <span class='ocrx_word' id='word_1_100' title='bbox 2424 660 2646 714; x_wconf 86' lang='grc' dir='ltr'>ἐκέλευε</span> <span class='ocrx_word' id='word_1_101' title='bbox 2708 663 2805 717; x_wconf 76' lang='grc' dir='ltr'>καὶ</span> <span class='ocrx_word' id='word_1_102' title='bbox 2855 665 3185 734; x_wconf 81' lang='grc' dir='ltr'>στρέφεσθαι</span> <span class='ocrx_word' id='word_1_103' title='bbox 3231 667 3370 734; x_wconf 76' lang='grc' dir='ltr'>πρὸς</span> <span class='ocrx_word' id='word_1_104' title='bbox 3418 667 3546 731; x_wconf 84' lang='grc' dir='ltr'>τοὺς</span> 
     </span>
    </p>
   </div>
   <div class='ocr_carea' id='block_1_18' title="bbox 1984 749 3552 829">
    <p class='ocr_par' dir='ltr' id='par_1_18' title="bbox 1984 749 3552 829">
     <span class='ocr_line' id='line_1_18' title="bbox 1984 749 3552 829; baseline 0.004 -26"><span class='ocrx_word' id='word_1_105' title='bbox 1984 749 2303 829; x_wconf 82' lang='grc' dir='ltr'>πολεμίους.</span> <span class='ocrx_word' id='word_1_106' title='bbox 2365 751 2425 806; x_wconf 88' lang='lat' dir='ltr'><strong>&#39;O</strong></span> <span class='ocrx_word' id='word_1_107' title='bbox 2475 752 2533 806; x_wconf 87' lang='grc' dir='ltr'><strong>δέ</strong></span> <span class='ocrx_word' id='word_1_108' title='bbox 2585 754 2903 823; x_wconf 85' lang='grc' dir='ltr'>μεστὺς’ὣν</span> <span class='ocrx_word' id='word_1_109' title='bbox 2952 761 3197 827; x_wconf 77' lang='grc' dir='ltr'><strong>ταραχῆς</strong></span> <span class='ocrx_word' id='word_1_110' title='bbox 3240 759 3415 829; x_wconf 83' lang='grc' dir='ltr'>ἐπῆρε</span> <span class='ocrx_word' id='word_1_111' title='bbox 3446 760 3552 827; x_wconf 64' lang='grc' dir='ltr'>τὴν</span> 
     </span>
    </p>
   </div>
   <div class='ocr_carea' id='block_1_19' title="bbox 1983 826 3549 920">
    <p class='ocr_par' dir='ltr' id='par_1_19' title="bbox 1983 826 3549 920">
     <span class='ocr_line' id='line_1_19' title="bbox 1983 826 3549 920; baseline 0.006 -28"><span class='ocrx_word' id='word_1_112' title='bbox 1983 842 2145 910; x_wconf 84' lang='grc' dir='ltr'>χεῖρα</span> <span class='ocrx_word' id='word_1_113' title='bbox 2173 826 2497 913; x_wconf 66' lang='grc' dir='ltr'>ὼςῖπλήξων</span> <span class='ocrx_word' id='word_1_114' title='bbox 2553 843 2738 898; x_wconf 77' lang='grc' dir='ltr'>αὐτόν’</span> <span class='ocrx_word' id='word_1_115' title='bbox 2792 846 2886 899; x_wconf 78' lang='grc' dir='ltr'><strong>και</strong></span> <span class='ocrx_word' id='word_1_116' title='bbox 2935 846 3166 916; x_wconf 77' lang='grc' dir='ltr'>ἐπληζεν</span> <span class='ocrx_word' id='word_1_117' title='bbox 3206 848 3293 913; x_wconf 86' lang='grc' dir='ltr'>ἂν,</span> <span class='ocrx_word' id='word_1_118' title='bbox 3323 826 3372 901; x_wconf 59' lang='grc' dir='ltr'><strong>ει</strong></span> <span class='ocrx_word' id='word_1_119' title='bbox 3405 849 3480 920; x_wconf 82' lang='grc' dir='ltr'>μὴ</span> <span class='ocrx_word' id='word_1_120' title='bbox 3506 826 3549 902; x_wconf 81' lang='lat'><strong>6</strong></span> 
     </span>
    </p>
   </div>
   <div class='ocr_carea' id='block_1_20' title="bbox 1982 929 3548 1007">
    <p class='ocr_par' dir='ltr' id='par_1_20' title="bbox 1982 929 3548 1007">
     <span class='ocr_line' id='line_1_20' title="bbox 1982 929 3548 1007; baseline 0.006 -25"><span class='ocrx_word' id='word_1_121' title='bbox 1982 929 2080 983; x_wconf 82' lang='grc' dir='ltr'>τοῦ</span> <span class='ocrx_word' id='word_1_122' title='bbox 2110 930 2389 1001; x_wconf 85' lang='grc' dir='ltr'>Καίσαρος</span> <span class='ocrx_word' id='word_1_123' title='bbox 2421 934 2774 1004; x_wconf 77' lang='grc' dir='ltr'>ὑπασπιστὴς</span> <span class='ocrx_word' id='word_1_124' title='bbox 2799 935 2890 989; x_wconf 81' lang='grc' dir='ltr'>τὸν</span> <span class='ocrx_word' id='word_1_125' title='bbox 2918 930 3069 1006; x_wconf 79' lang='grc' dir='ltr'>ὦμον</span> <span class='ocrx_word' id='word_1_126' title='bbox 3096 939 3307 992; x_wconf 82' lang='grc' dir='ltr'>ἐκείνου</span> <span class='ocrx_word' id='word_1_127' title='bbox 3333 939 3548 1007; x_wconf 82' lang='grc' dir='ltr'>φθάσας</span> 
     </span>
    </p>
   </div>
   <div class='ocr_carea' id='block_1_21' title="bbox 1983 1018 3549 1096">
    <p class='ocr_par' dir='ltr' id='par_1_21' title="bbox 1983 1018 3549 1096">
     <span class='ocr_line' id='line_1_21' title="bbox 1983 1018 3549 1096; baseline 0.004 -23"><span class='ocrx_word' id='word_1_128' title='bbox 1983 1018 2284 1089; x_wconf 79' lang='grc' dir='ltr'><strong>ἀπέκοψεν.</strong></span> <span class='ocrx_word' id='word_1_129' title='bbox 2314 1019 2471 1076; x_wconf 82' lang='grc' dir='ltr'><strong>Οὕτω</strong></span> <span class='ocrx_word' id='word_1_130' title='bbox 2507 1022 2554 1075; x_wconf 89' lang='grc' dir='ltr'>δ’</span> <span class='ocrx_word' id='word_1_131' title='bbox 2595 1023 2820 1086; x_wconf 80' lang='grc' dir='ltr'><strong>ἀπέγνω</strong></span> <span class='ocrx_word' id='word_1_132' title='bbox 2863 1023 2985 1077; x_wconf 83' lang='grc' dir='ltr'>τότε</span> <span class='ocrx_word' id='word_1_133' title='bbox 3038 1027 3264 1096; x_wconf 80' lang='grc' dir='ltr'>Καῖσαρ</span> <span class='ocrx_word' id='word_1_134' title='bbox 3303 1027 3373 1080; x_wconf 84' lang='grc' dir='ltr'><strong>τὰ</strong></span> <span class='ocrx_word' id='word_1_135' title='bbox 3424 1028 3549 1080; x_wconf 84' lang='grc' dir='ltr'>καθ’</span> 
     </span>
    </p>
   </div>
   <div class='ocr_carea' id='block_1_22' title="bbox 1984 1109 3551 1189">
    <p class='ocr_par' dir='ltr' id='par_1_22' title="bbox 1984 1109 3551 1189">
     <span class='ocr_line' id='line_1_22' title="bbox 1984 1109 3551 1189; baseline 0.006 -27"><span class='ocrx_word' id='word_1_136' title='bbox 1984 1109 2200 1175; x_wconf 77' lang='grc' dir='ltr'>ἐαυτὸν,</span> <span class='ocrx_word' id='word_1_137' title='bbox 2255 1110 2399 1164; x_wconf 84' lang='grc' dir='ltr'>ὥστε</span> <span class='ocrx_word' id='word_1_138' title='bbox 2437 1111 2532 1165; x_wconf 82' lang='grc' dir='ltr'>τοῦ</span> <span class='ocrx_word' id='word_1_139' title='bbox 2604 1114 2896 1185; x_wconf 80' lang='grc' dir='ltr'>Πομπηΐου</span> <span class='ocrx_word' id='word_1_140' title='bbox 2967 1116 3116 1187; x_wconf 81' lang='grc' dir='ltr'>ἔργῳ</span> <span class='ocrx_word' id='word_1_141' title='bbox 3184 1119 3409 1189; x_wconf 74' lang='grc' dir='ltr'>μεγάλῳ</span> <span class='ocrx_word' id='word_1_142' title='bbox 3472 1119 3551 1189; x_wconf 82' lang='grc' dir='ltr'>μὴ</span> 
     </span>
    </p>
   </div>
   <div class='ocr_carea' id='block_1_23' title="bbox 1980 1201 3550 1280">
    <p class='ocr_par' dir='ltr' id='par_1_23' title="bbox 1980 1201 3550 1280">
     <span class='ocr_line' id='line_1_23' title="bbox 1980 1201 3550 1280; baseline 0.007 -27"><span class='ocrx_word' id='word_1_143' title='bbox 1980 1201 2268 1265; x_wconf 78' lang='grc' dir='ltr'><strong>ἐπιθέντος</strong></span> <span class='ocrx_word' id='word_1_144' title='bbox 2297 1202 2475 1269; x_wconf 83' lang='grc' dir='ltr'><strong>τέλος,</strong></span> <span class='ocrx_word' id='word_1_145' title='bbox 2514 1204 2652 1258; x_wconf 78' lang='grc' dir='ltr'>ἀλλὰ</span> <span class='ocrx_word' id='word_1_146' title='bbox 2678 1204 3066 1275; x_wconf 82' lang='grc' dir='ltr'>καθείρξαντος</span> <span class='ocrx_word' id='word_1_147' title='bbox 3094 1210 3220 1274; x_wconf 75' lang='grc' dir='ltr'>τοὺς</span> <span class='ocrx_word' id='word_1_148' title='bbox 3245 1210 3550 1280; x_wconf 83' lang='grc' dir='ltr'>φεύγοντας</span> 
     </span>
    </p>
   </div>
   <div class='ocr_carea' id='block_1_24' title="bbox 1982 1294 3550 1372">
    <p class='ocr_par' dir='ltr' id='par_1_24' title="bbox 1982 1294 3550 1372">
     <span class='ocr_line' id='line_1_24' title="bbox 1982 1294 3550 1372; baseline 0.006 -25"><span class='ocrx_word' id='word_1_149' title='bbox 1982 1296 2065 1357; x_wconf 82' lang='grc' dir='ltr'><strong>είς</strong></span> <span class='ocrx_word' id='word_1_150' title='bbox 2107 1294 2199 1347; x_wconf 74' lang='grc' dir='ltr'><strong>τὸν</strong></span> <span class='ocrx_word' id='word_1_151' title='bbox 2225 1295 2446 1366; x_wconf 80' lang='grc' dir='ltr'>χάρακα</span> <span class='ocrx_word' id='word_1_152' title='bbox 2475 1298 2571 1351; x_wconf 80' lang='grc' dir='ltr'>καὶ</span> <span class='ocrx_word' id='word_1_153' title='bbox 2602 1300 3082 1372; x_wconf 78' lang='grc' dir='ltr'><strong>ἀναχωρήσαντος,</strong></span> <span class='ocrx_word' id='word_1_154' title='bbox 3134 1299 3291 1356; x_wconf 73' lang='grc' dir='ltr'>εἶπεν</span> <span class='ocrx_word' id='word_1_155' title='bbox 3334 1306 3362 1357; x_wconf 98' lang='lat'><strong>6</strong></span> <span class='ocrx_word' id='word_1_156' title='bbox 3405 1307 3550 1358; x_wconf 86' lang='grc' dir='ltr'>Καῖ-</span> 
     </span>
    </p>
   </div>
   <div class='ocr_carea' id='block_1_25' title="bbox 1982 1385 3548 1463">
    <p class='ocr_par' dir='ltr' id='par_1_25' title="bbox 1982 1385 3548 1463">
     <span class='ocr_line' id='line_1_25' title="bbox 1982 1385 3548 1463; baseline 0.008 -26"><span class='ocrx_word' id='word_1_157' title='bbox 1982 1401 2107 1455; x_wconf 89' lang='grc' dir='ltr'>σαρ·</span> <span class='ocrx_word' id='word_1_158' title='bbox 2134 1385 2403 1454; x_wconf 77' lang='grc' dir='ltr'><strong>Σήμερον</strong></span> <span class='ocrx_word' id='word_1_159' title='bbox 2433 1389 2470 1456; x_wconf 78' lang='grc' dir='ltr'>ἡ</span> <span class='ocrx_word' id='word_1_160' title='bbox 2501 1390 2639 1456; x_wconf 74' lang='grc' dir='ltr'>νίκη</span> <span class='ocrx_word' id='word_1_161' title='bbox 2674 1391 2835 1457; x_wconf 69' lang='grc' dir='ltr'>παρὰ</span> <span class='ocrx_word' id='word_1_162' title='bbox 2886 1393 3014 1458; x_wconf 80' lang='grc' dir='ltr'>τοῖς</span> <span class='ocrx_word' id='word_1_163' title='bbox 3056 1395 3372 1462; x_wconf 72' lang='grc' dir='ltr'>πολεμίοις</span> <span class='ocrx_word' id='word_1_164' title='bbox 3416 1395 3548 1463; x_wconf 71' lang='grc' dir='ltr'>ἐγέ-</span> 
     </span>
    </p>
   </div>
   <div class='ocr_carea' id='block_1_26' title="bbox 302 1466 1875 1553">
    <p class='ocr_par' dir='ltr' id='par_1_26' title="bbox 302 1466 1875 1547">
     <span class='ocr_line' id='line_1_26' title="bbox 302 1466 1875 1547; baseline 0.01 -28"><span class='ocrx_word' id='word_1_165' title='bbox 302 1466 468 1520; x_wconf 89' lang='lat' dir='ltr'><strong>stium</strong></span> <span class='ocrx_word' id='word_1_166' title='bbox 511 1476 803 1524; x_wconf 86' lang='lat' dir='ltr'><strong>attenuare</strong></span> <span class='ocrx_word' id='word_1_167' title='bbox 848 1470 1159 1527; x_wconf 87' lang='lat' dir='ltr'><strong>consultius</strong></span> <span class='ocrx_word' id='word_1_168' title='bbox 1203 1489 1327 1529; x_wconf 89' lang='lat' dir='ltr'><strong>esse</strong></span> <span class='ocrx_word' id='word_1_169' title='bbox 1378 1474 1586 1531; x_wconf 80' lang='lat' dir='ltr'><strong>duxit:</strong></span> <span class='ocrx_word' id='word_1_170' title='bbox 1641 1492 1875 1547; x_wconf 81' lang='lat' dir='ltr'><strong>eamque</strong></span> 
     </span>
    </p>
   </div>
   <div class='ocr_carea' id='block_1_27' title="bbox 1978 1466 3548 1553">
    <p class='ocr_par' dir='ltr' id='par_1_27' title="bbox 1978 1476 3548 1553">
     <span class='ocr_line' id='line_1_27' title="bbox 1978 1476 3548 1553; baseline 0.004 -24"><span class='ocrx_word' id='word_1_171' title='bbox 1978 1492 2115 1530; x_wconf 80' lang='grc' dir='ltr'>νετο</span> <span class='ocrx_word' id='word_1_172' title='bbox 2148 1476 2246 1540; x_wconf 79' lang='grc' dir='ltr'><strong>ἂν,</strong></span> <span class='ocrx_word' id='word_1_173' title='bbox 2276 1480 2329 1531; x_wconf 81' lang='grc' dir='ltr'><strong>ει</strong></span> <span class='ocrx_word' id='word_1_174' title='bbox 2358 1478 2465 1531; x_wconf 74' lang='grc' dir='ltr'><strong>τὸν</strong></span> <span class='ocrx_word' id='word_1_175' title='bbox 2499 1479 2760 1534; x_wconf 77' lang='grc' dir='ltr'><strong>νικῶντα</strong></span> <span class='ocrx_word' id='word_1_176' title='bbox 2798 1479 2989 1550; x_wconf 77' lang='grc' dir='ltr'>εἶχον.</span> <span class='ocrx_word' id='word_1_177' title='bbox 3025 1483 3269 1536; x_wconf 85' lang='grc' dir='ltr'><strong>Ἐκεῖθεν</strong></span> <span class='ocrx_word' id='word_1_178' title='bbox 3290 1484 3345 1537; x_wconf 87' lang='grc' dir='ltr'>δὲ</span> <span class='ocrx_word' id='word_1_179' title='bbox 3376 1501 3548 1553; x_wconf 89' lang='grc' dir='ltr'>μετα-</span> 
     </span>
    </p>
   </div>
   <div class='ocr_carea' id='block_1_28' title="bbox 302 1558 1875 1643">
    <p class='ocr_par' dir='ltr' id='par_1_28' title="bbox 302 1558 1874 1638">
     <span class='ocr_line' id='line_1_28' title="bbox 302 1558 1874 1638; baseline 0.008 -28"><span class='ocrx_word' id='word_1_180' title='bbox 302 1558 630 1613; x_wconf 87' lang='lat' dir='ltr'><strong>scntentlam</strong></span> <span class='ocrx_word' id='word_1_181' title='bbox 671 1560 771 1614; x_wconf 80' lang='lat' dir='ltr'><strong>soli</strong></span> <span class='ocrx_word' id='word_1_182' title='bbox 813 1560 1007 1616; x_wconf 80' lang='lat' dir='ltr'><strong>Catoni</strong></span> <span class='ocrx_word' id='word_1_183' title='bbox 1058 1563 1349 1632; x_wconf 79' lang='lat' dir='ltr'><strong>probavit,</strong></span> <span class='ocrx_word' id='word_1_184' title='bbox 1393 1567 1610 1623; x_wconf 88' lang='lat' dir='ltr'><strong>civibus</strong></span> <span class='ocrx_word' id='word_1_185' title='bbox 1645 1584 1874 1638; x_wconf 85' lang='lat' dir='ltr'><strong>parcere</strong></span> 
     </span>
    </p>
   </div>
   <div class='ocr_carea' id='block_1_29' title="bbox 1978 1558 3548 1643">
    <p class='ocr_par' dir='ltr' id='par_1_29' title="bbox 1980 1566 3548 1643">
     <span class='ocr_line' id='line_1_29' title="bbox 1980 1566 3548 1643; baseline 0.004 -23"><span class='ocrx_word' id='word_1_186' title='bbox 1980 1567 2134 1630; x_wconf 76' lang='grc' dir='ltr'>στὰς,</span> <span class='ocrx_word' id='word_1_187' title='bbox 2158 1566 2248 1619; x_wconf 73' lang='grc' dir='ltr'><strong>τὸν</strong></span> <span class='ocrx_word' id='word_1_188' title='bbox 2277 1569 2509 1638; x_wconf 72' lang='grc' dir='ltr'>στρατὸν</span> <span class='ocrx_word' id='word_1_189' title='bbox 2538 1570 2620 1632; x_wconf 82' lang='grc' dir='ltr'>εἰς</span> <span class='ocrx_word' id='word_1_190' title='bbox 2649 1572 2993 1626; x_wconf 74' lang='grc' dir='ltr'>Μακεδονίαν</span> <span class='ocrx_word' id='word_1_191' title='bbox 3023 1575 3266 1643; x_wconf 78' lang='grc' dir='ltr'><strong>προῆγεν</strong></span> <span class='ocrx_word' id='word_1_192' title='bbox 3293 1577 3387 1627; x_wconf 81' lang='grc' dir='ltr'>ἐπὶ</span> <span class='ocrx_word' id='word_1_193' title='bbox 3413 1577 3548 1628; x_wconf 81' lang='grc' dir='ltr'>Σκι-</span> 
     </span>
    </p>
   </div>
   <div class='ocr_carea' id='block_1_30' title="bbox 301 1650 1875 1734">
    <p class='ocr_par' dir='ltr' id='par_1_30' title="bbox 301 1650 1875 1721">
     <span class='ocr_line' id='line_1_30' title="bbox 301 1650 1875 1721; baseline 0.007 -19"><span class='ocrx_word' id='word_1_194' title='bbox 301 1650 571 1720; x_wconf 84' lang='lat' dir='ltr'><strong>cupienti,</strong></span> <span class='ocrx_word' id='word_1_195' title='bbox 600 1652 694 1721; x_wconf 85' lang='lat' dir='ltr'><strong>qui</strong></span> <span class='ocrx_word' id='word_1_196' title='bbox 721 1667 847 1706; x_wconf 88' lang='lat' dir='ltr'><strong>cum</strong></span> <span class='ocrx_word' id='word_1_197' title='bbox 877 1652 1118 1707; x_wconf 80' lang='lat' dir='ltr'><strong>hostium</strong></span> <span class='ocrx_word' id='word_1_198' title='bbox 1147 1655 1372 1711; x_wconf 87' lang='lat' dir='ltr'><strong>circiter</strong></span> <span class='ocrx_word' id='word_1_199' title='bbox 1395 1658 1545 1713; x_wconf 90' lang='lat' dir='ltr'><strong>mille</strong></span> <span class='ocrx_word' id='word_1_200' title='bbox 1580 1675 1752 1715; x_wconf 77' lang='lat' dir='ltr'><strong>caesos</strong></span> <span class='ocrx_word' id='word_1_201' title='bbox 1790 1662 1875 1713; x_wconf 84' lang='lat' dir='ltr'><strong>vi-</strong></span> 
     </span>
    </p>
   </div>
   <div class='ocr_carea' id='block_1_31' title="bbox 1978 1650 3553 1734">
    <p class='ocr_par' dir='ltr' id='par_1_31' title="bbox 1978 1655 3553 1734">
     <span class='ocr_line' id='line_1_31' title="bbox 1978 1655 3553 1734; baseline 0.009 -28"><span class='ocrx_word' id='word_1_202' title='bbox 1978 1655 2174 1709; x_wconf 84' lang='grc' dir='ltr'>πίωνα.</span> <span class='ocrx_word' id='word_1_203' title='bbox 2210 1656 2381 1710; x_wconf 80' lang='grc' dir='ltr'>Τοῦτο</span> <span class='ocrx_word' id='word_1_204' title='bbox 2420 1657 2516 1727; x_wconf 80' lang='grc' dir='ltr'>τὴν</span> <span class='ocrx_word' id='word_1_205' title='bbox 2571 1659 2857 1728; x_wconf 75' lang='grc' dir='ltr'>Πομπηΐου</span> <span class='ocrx_word' id='word_1_206' title='bbox 2909 1664 3168 1732; x_wconf 85' lang='grc' dir='ltr'>στρατιὰν</span> <span class='ocrx_word' id='word_1_207' title='bbox 3212 1667 3385 1734; x_wconf 78' lang='grc' dir='ltr'>ἐπῆρε</span> <span class='ocrx_word' id='word_1_208' title='bbox 3453 1666 3553 1720; x_wconf 75' lang='grc' dir='ltr'>καὶ</span> 
     </span>
    </p>
   </div>
   <div class='ocr_carea' id='block_1_32' title="bbox 282 1734 1874 1817">
    <p class='ocr_par' dir='ltr' id='par_1_32' title="bbox 282 1734 1874 1817">
     <span class='ocr_line' id='line_1_32' title="bbox 282 1734 1874 1817; baseline 0.008 -24"><span class='ocrx_word' id='word_1_209' title='bbox 282 1734 497 1806; x_wconf 70' lang='grc' dir='ltr'>ἰΙίεεει,</span> <span class='ocrx_word' id='word_1_210' title='bbox 540 1742 799 1798; x_wconf 85' lang='lat' dir='ltr'><strong>obvoluta</strong></span> <span class='ocrx_word' id='word_1_211' title='bbox 846 1744 1022 1807; x_wconf 89' lang='lat' dir='ltr'><strong>facie,</strong></span> <span class='ocrx_word' id='word_1_212' title='bbox 1074 1744 1198 1800; x_wconf 89' lang='lat' dir='ltr'><strong>illos</strong></span> <span class='ocrx_word' id='word_1_213' title='bbox 1258 1746 1590 1817; x_wconf 84' lang='lat' dir='ltr'><strong>deploravit.</strong></span> <span class='ocrx_word' id='word_1_214' title='bbox 1645 1750 1874 1805; x_wconf 69' lang='lat' dir='ltr'><strong>Caeteris</strong></span> 
     </span>
    </p>
   </div>
   <div class='ocr_carea' id='block_1_33' title="bbox 301 1834 1875 1909">
    <p class='ocr_par' dir='ltr' id='par_1_33' title="bbox 301 1834 1875 1909">
     <span class='ocr_line' id='line_1_33' title="bbox 301 1834 1875 1909; baseline 0.008 -26"><span class='ocrx_word' id='word_1_215' title='bbox 301 1848 435 1889; x_wconf 89' lang='lat' dir='ltr'><strong>vero</strong></span> <span class='ocrx_word' id='word_1_216' title='bbox 477 1834 737 1889; x_wconf 90' lang='lat' dir='ltr'><strong>omnibus</strong></span> <span class='ocrx_word' id='word_1_217' title='bbox 779 1850 974 1905; x_wconf 85' lang='lat' dir='ltr'><strong>pugnae</strong></span> <span class='ocrx_word' id='word_1_218' title='bbox 1018 1835 1474 1893; x_wconf 84' lang='lat' dir='ltr'><strong>detrectationem</strong></span> <span class='ocrx_word' id='word_1_219' title='bbox 1510 1840 1875 1909; x_wconf 86' lang='lat' dir='ltr'><strong>vituperanti-</strong></span> 
     </span>
    </p>
   </div>
   <div class='ocr_carea' id='block_1_34' title="bbox 300 1922 1872 1999">
    <p class='ocr_par' dir='ltr' id='par_1_34' title="bbox 300 1922 1872 1999">
     <span class='ocr_line' id='line_1_34' title="bbox 300 1922 1872 1999; baseline 0.006 -22"><span class='ocrx_word' id='word_1_220' title='bbox 300 1922 426 1989; x_wconf 86' lang='lat' dir='ltr'><strong>hus,</strong></span> <span class='ocrx_word' id='word_1_221' title='bbox 446 1924 743 1995; x_wconf 87' lang='lat' dir='ltr'><strong>Pompeius</strong></span> <span class='ocrx_word' id='word_1_222' title='bbox 773 1925 858 1979; x_wconf 86' lang='lat' dir='ltr'><strong>vel</strong></span> <span class='ocrx_word' id='word_1_223' title='bbox 890 1926 1096 1981; x_wconf 90' lang='lat' dir='ltr'><strong>invitus</strong></span> <span class='ocrx_word' id='word_1_224' title='bbox 1129 1926 1397 1984; x_wconf 66' lang='lat' dir='ltr'><strong>Caesarem</strong></span> <span class='ocrx_word' id='word_1_225' title='bbox 1420 1938 1504 1983; x_wconf 92' lang='lat' dir='ltr'><strong>est</strong></span> <span class='ocrx_word' id='word_1_226' title='bbox 1527 1940 1872 1999; x_wconf 89' lang='lat' dir='ltr'><strong>persecutus.</strong></span> 
     </span>
    </p>
   </div>
   <div class='ocr_carea' id='block_1_35' title="bbox 303 2011 1873 2086">
    <p class='ocr_par' dir='ltr' id='par_1_35' title="bbox 303 2011 1873 2086">
     <span class='ocr_line' id='line_1_35' title="bbox 303 2011 1873 2086; baseline 0.002 -18"><span class='ocrx_word' id='word_1_227' title='bbox 303 2011 373 2068; x_wconf 86' lang='lat' dir='ltr'><strong>Ut</strong></span> <span class='ocrx_word' id='word_1_228' title='bbox 419 2030 554 2068; x_wconf 87' lang='lat' dir='ltr'><strong>vero</strong></span> <span class='ocrx_word' id='word_1_229' title='bbox 598 2014 761 2069; x_wconf 88' lang='lat' dir='ltr'><strong>ambo</strong></span> <span class='ocrx_word' id='word_1_230' title='bbox 806 2014 862 2069; x_wconf 91' lang='lat' dir='ltr'><strong>in</strong></span> <span class='ocrx_word' id='word_1_231' title='bbox 900 2015 1183 2069; x_wconf 87' lang='lat' dir='ltr'><strong>Pharsalia</strong></span> <span class='ocrx_word' id='word_1_232' title='bbox 1229 2026 1409 2070; x_wconf 84' lang='lat' dir='ltr'><strong>castra</strong></span> <span class='ocrx_word' id='word_1_233' title='bbox 1447 2028 1785 2086; x_wconf 87' lang='lat' dir='ltr'><strong>posuerunt.</strong></span> <span class='ocrx_word' id='word_1_234' title='bbox 1817 2018 1873 2071; x_wconf 91' lang='lat' dir='ltr'><strong>in</strong></span> 
     </span>
    </p>
   </div>
   <div class='ocr_carea' id='block_1_36' title="bbox 300 2105 1876 2177">
    <p class='ocr_par' dir='ltr' id='par_1_36' title="bbox 300 2105 1876 2177">
     <span class='ocr_line' id='line_1_36' title="bbox 300 2105 1876 2177; baseline 0.003 -19"><span class='ocrx_word' id='word_1_235' title='bbox 300 2105 535 2176; x_wconf 86' lang='lat' dir='ltr'><strong>pristina</strong></span> <span class='ocrx_word' id='word_1_236' title='bbox 567 2106 836 2161; x_wconf 83' lang='lat' dir='ltr'><strong>sententia</strong></span> <span class='ocrx_word' id='word_1_237' title='bbox 868 2107 1206 2175; x_wconf 84' lang='lat' dir='ltr'><strong>permansit,</strong></span> <span class='ocrx_word' id='word_1_238' title='bbox 1239 2107 1310 2162; x_wconf 89' lang='lat' dir='ltr'><strong>ob</strong></span> <span class='ocrx_word' id='word_1_239' title='bbox 1350 2107 1534 2162; x_wconf 86' lang='lat' dir='ltr'><strong>omina</strong></span> <span class='ocrx_word' id='word_1_240' title='bbox 1564 2124 1753 2177; x_wconf 89' lang='lat' dir='ltr'><strong>parum</strong></span> <span class='ocrx_word' id='word_1_241' title='bbox 1779 2125 1876 2162; x_wconf 91' lang='lat' dir='ltr'><strong>au-</strong></span> 
     </span>
    </p>
   </div>
   <div class='ocr_carea' id='block_1_37' title="bbox 297 2196 1874 2267">
    <p class='ocr_par' dir='ltr' id='par_1_37' title="bbox 297 2196 1874 2267">
     <span class='ocr_line' id='line_1_37' title="bbox 297 2196 1874 2267; baseline 0.001 -16"><span class='ocrx_word' id='word_1_242' title='bbox 297 2196 531 2267; x_wconf 80' lang='lat' dir='ltr'><strong>spicata,</strong></span> <span class='ocrx_word' id='word_1_243' title='bbox 570 2206 626 2252; x_wconf 90' lang='lat' dir='ltr'><strong>et</strong></span> <span class='ocrx_word' id='word_1_244' title='bbox 667 2199 847 2252; x_wconf 87' lang='lat' dir='ltr'><strong>visum</strong></span> <span class='ocrx_word' id='word_1_245' title='bbox 889 2208 1250 2255; x_wconf 90' lang='lat' dir='ltr'><strong>nocturnum.</strong></span> <span class='ocrx_word' id='word_1_246' title='bbox 1289 2215 1401 2267; x_wconf 88' lang='lat' dir='ltr'><strong>quo</strong></span> <span class='ocrx_word' id='word_1_247' title='bbox 1434 2201 1489 2254; x_wconf 93' lang='lat' dir='ltr'><strong>in</strong></span> <span class='ocrx_word' id='word_1_248' title='bbox 1527 2200 1742 2253; x_wconf 87' lang='lat' dir='ltr'><strong>theatro</strong></span> <span class='ocrx_word' id='word_1_249' title='bbox 1772 2214 1874 2253; x_wconf 92' lang='lat' dir='ltr'><strong>suo</strong></span> 
     </span>
    </p>
   </div>
   <div class='ocr_carea' id='block_1_38' title="bbox 298 2285 1874 2359">
    <p class='ocr_par' dir='ltr' id='par_1_38' title="bbox 298 2285 1874 2359">
     <span class='ocr_line' id='line_1_38' title="bbox 298 2285 1874 2359; baseline -0.001 -18"><span class='ocrx_word' id='word_1_250' title='bbox 298 2287 557 2355; x_wconf 89' lang='lat' dir='ltr'><strong>plausum</strong></span> <span class='ocrx_word' id='word_1_251' title='bbox 594 2285 717 2359; x_wconf 85' lang='lat' dir='ltr'><strong>dari</strong></span> <span class='ocrx_word' id='word_1_252' title='bbox 768 2288 876 2343; x_wconf 88' lang='lat' dir='ltr'><strong>sibi</strong></span> <span class='ocrx_word' id='word_1_253' title='bbox 920 2289 1170 2359; x_wconf 79' lang='lat' dir='ltr'><strong>putabat.</strong></span> <span class='ocrx_word' id='word_1_254' title='bbox 1228 2289 1362 2358; x_wconf 82' lang='lat' dir='ltr'><strong>Ejus</strong></span> <span class='ocrx_word' id='word_1_255' title='bbox 1398 2303 1531 2342; x_wconf 85' lang='lat' dir='ltr'><strong>vero</strong></span> <span class='ocrx_word' id='word_1_256' title='bbox 1576 2287 1874 2342; x_wconf 80' lang='lat' dir='ltr'><strong>familiares</strong></span> 
     </span>
    </p>
   </div>
   <div class='ocr_carea' id='block_1_39' title="bbox 299 2377 1873 2451">
    <p class='ocr_par' dir='ltr' id='par_1_39' title="bbox 299 2377 1873 2451">
     <span class='ocr_line' id='line_1_39' title="bbox 299 2377 1873 2451; baseline -0.001 -17"><span class='ocrx_word' id='word_1_257' title='bbox 299 2377 541 2435; x_wconf 84' lang='lat' dir='ltr'><strong>audaces</strong></span> <span class='ocrx_word' id='word_1_258' title='bbox 594 2387 792 2445; x_wconf 89' lang='lat' dir='ltr'><strong>erant,</strong></span> <span class='ocrx_word' id='word_1_259' title='bbox 850 2394 948 2449; x_wconf 88' lang='lat' dir='ltr'><strong>spe</strong></span> <span class='ocrx_word' id='word_1_260' title='bbox 1011 2380 1260 2435; x_wconf 68' lang='lat' dir='ltr'><strong>victoriae</strong></span> <span class='ocrx_word' id='word_1_261' title='bbox 1326 2388 1619 2451; x_wconf 75' lang='lat' dir='ltr'><strong>praecepta.</strong></span> <span class='ocrx_word' id='word_1_262' title='bbox 1689 2379 1873 2434; x_wconf 66' lang='lat' dir='ltr'><strong>Caesar</strong></span> 
     </span>
    </p>
   </div>
   <div class='ocr_carea' id='block_1_40' title="bbox 301 2470 1875 2542">
    <p class='ocr_par' dir='ltr' id='par_1_40' title="bbox 301 2470 1875 2542">
     <span class='ocr_line' id='line_1_40' title="bbox 301 2470 1875 2542; baseline -0.001 -16"><span class='ocrx_word' id='word_1_263' title='bbox 301 2485 429 2526; x_wconf 89' lang='lat' dir='ltr'><strong>cum</strong></span> <span class='ocrx_word' id='word_1_264' title='bbox 474 2485 609 2526; x_wconf 86' lang='lat' dir='ltr'><strong>suos</strong></span> <span class='ocrx_word' id='word_1_265' title='bbox 654 2472 864 2527; x_wconf 89' lang='lat' dir='ltr'><strong>milites</strong></span> <span class='ocrx_word' id='word_1_266' title='bbox 914 2480 1193 2542; x_wconf 85' lang='lat' dir='ltr'><strong>rogasset,</strong></span> <span class='ocrx_word' id='word_1_267' title='bbox 1238 2479 1426 2525; x_wconf 91' lang='lat' dir='ltr'><strong>utrum</strong></span> <span class='ocrx_word' id='word_1_268' title='bbox 1477 2470 1581 2525; x_wconf 88' lang='lat' dir='ltr'><strong>soli</strong></span> <span class='ocrx_word' id='word_1_269' title='bbox 1624 2486 1875 2541; x_wconf 86' lang='lat' dir='ltr'><strong>pugnare</strong></span> 
     </span>
    </p>
   </div>
   <div class='ocr_carea' id='block_1_41' title="bbox 300 2560 1877 2633">
    <p class='ocr_par' dir='ltr' id='par_1_41' title="bbox 300 2560 1877 2633">
     <span class='ocr_line' id='line_1_41' title="bbox 300 2560 1877 2633; baseline -0.001 -16"><span class='ocrx_word' id='word_1_270' title='bbox 300 2563 550 2625; x_wconf 85' lang='lat' dir='ltr'><strong>mallent,</strong></span> <span class='ocrx_word' id='word_1_271' title='bbox 584 2578 653 2617; x_wconf 90' lang='lat' dir='ltr'><strong>an</strong></span> <span class='ocrx_word' id='word_1_272' title='bbox 681 2563 928 2633; x_wconf 88' lang='lat' dir='ltr'><strong>reliquos</strong></span> <span class='ocrx_word' id='word_1_273' title='bbox 951 2573 1297 2631; x_wconf 79' lang='lat' dir='ltr'><strong>exspectare,</strong></span> <span class='ocrx_word' id='word_1_274' title='bbox 1338 2562 1433 2632; x_wconf 91' lang='lat' dir='ltr'><strong>qui</strong></span> <span class='ocrx_word' id='word_1_275' title='bbox 1469 2561 1524 2614; x_wconf 91' lang='lat' dir='ltr'><strong>in</strong></span> <span class='ocrx_word' id='word_1_276' title='bbox 1562 2560 1877 2631; x_wconf 88' lang='lat' dir='ltr'><strong>propinquo</strong></span> 
     </span>
    </p>
   </div>
   <div class='ocr_carea' id='block_1_42' title="bbox 293 2651 1876 2722">
    <p class='ocr_par' dir='ltr' id='par_1_42' title="bbox 293 2651 1876 2722">
     <span class='ocr_line' id='line_1_42' title="bbox 293 2651 1876 2722; baseline -0.003 -12"><span class='ocrx_word' id='word_1_277' title='bbox 293 2663 483 2710; x_wconf 83' lang='lat' dir='ltr'><strong>essent</strong></span> <span class='ocrx_word' id='word_1_278' title='bbox 501 2671 515 2707; x_wconf 91' lang='lat'><strong>:</strong></span> <span class='ocrx_word' id='word_1_279' title='bbox 535 2653 606 2708; x_wconf 91' lang='lat' dir='ltr'><strong>ab</strong></span> <span class='ocrx_word' id='word_1_280' title='bbox 626 2652 694 2709; x_wconf 84' lang='lat' dir='ltr'><strong>iis</strong></span> <span class='ocrx_word' id='word_1_281' title='bbox 717 2663 907 2710; x_wconf 90' lang='lat' dir='ltr'><strong>oratus</strong></span> <span class='ocrx_word' id='word_1_282' title='bbox 926 2663 1032 2716; x_wconf 87' lang='lat' dir='ltr'><strong>est,</strong></span> <span class='ocrx_word' id='word_1_283' title='bbox 1059 2667 1129 2707; x_wconf 90' lang='lat' dir='ltr'><strong>ne</strong></span> <span class='ocrx_word' id='word_1_284' title='bbox 1161 2660 1526 2722; x_wconf 79' lang='lat' dir='ltr'><strong>exspectaret.</strong></span> <span class='ocrx_word' id='word_1_285' title='bbox 1546 2651 1753 2706; x_wconf 81' lang='lat' dir='ltr'><strong>Hostiis</strong></span> <span class='ocrx_word' id='word_1_286' title='bbox 1774 2666 1876 2706; x_wconf 71' lang='lat' dir='ltr'><strong>ca:-</strong></span> 
     </span>
    </p>
   </div>
   <div class='ocr_carea' id='block_1_43' title="bbox 298 2743 1877 2815">
    <p class='ocr_par' dir='ltr' id='par_1_43' title="bbox 298 2743 1877 2815">
     <span class='ocr_line' id='line_1_43' title="bbox 298 2743 1877 2815; baseline -0.004 -13"><span class='ocrx_word' id='word_1_287' title='bbox 298 2747 378 2803; x_wconf 89' lang='lat' dir='ltr'><strong>sis</strong></span> <span class='ocrx_word' id='word_1_288' title='bbox 410 2759 643 2815; x_wconf 74' lang='lat' dir='ltr'><strong>aruspex</strong></span> <span class='ocrx_word' id='word_1_289' title='bbox 684 2744 845 2811; x_wconf 78' lang='lat' dir='ltr'><strong>dixit,</strong></span> <span class='ocrx_word' id='word_1_290' title='bbox 879 2743 1026 2799; x_wconf 89' lang='lat' dir='ltr'><strong>intra</strong></span> <span class='ocrx_word' id='word_1_291' title='bbox 1064 2743 1307 2798; x_wconf 91' lang='lat' dir='ltr'><strong>triduum</strong></span> <span class='ocrx_word' id='word_1_292' title='bbox 1337 2752 1711 2814; x_wconf 76' lang='lat' dir='ltr'><strong>pugnaturum</strong></span> <span class='ocrx_word' id='word_1_293' title='bbox 1750 2756 1877 2797; x_wconf 92' lang='lat' dir='ltr'><strong>cum</strong></span> 
     </span>
    </p>
   </div>
   <div class='ocr_carea' id='block_1_44' title="bbox 296 2833 1877 2905">
    <p class='ocr_par' dir='ltr' id='par_1_44' title="bbox 296 2833 1877 2905">
     <span class='ocr_line' id='line_1_44' title="bbox 296 2833 1877 2905; baseline -0.004 -12"><span class='ocrx_word' id='word_1_294' title='bbox 296 2837 571 2894; x_wconf 83' lang='lat' dir='ltr'><strong>hostibus.</strong></span> <span class='ocrx_word' id='word_1_295' title='bbox 593 2838 663 2893; x_wconf 89' lang='lat' dir='ltr'><strong>Et</strong></span> <span class='ocrx_word' id='word_1_296' title='bbox 706 2836 930 2902; x_wconf 58' lang='grc' dir='ltr'>απελτ-ἰ,</span> <span class='ocrx_word' id='word_1_297' title='bbox 958 2835 1177 2905; x_wconf 87' lang='lat' dir='ltr'><strong>qualem</strong></span> <span class='ocrx_word' id='word_1_298' title='bbox 1216 2849 1412 2905; x_wconf 71' lang='lat' dir='ltr'><strong>pugna:</strong></span> <span class='ocrx_word' id='word_1_299' title='bbox 1445 2833 1655 2889; x_wconf 81' lang='lat' dir='ltr'><strong>exitum</strong></span> <span class='ocrx_word' id='word_1_300' title='bbox 1681 2833 1877 2904; x_wconf 62' lang='grc' dir='ltr'>ιιι-αενί-</span> 
     </span>
    </p>
   </div>
   <div class='ocr_carea' id='block_1_45' title="bbox 297 2924 1878 3000">
    <p class='ocr_par' dir='ltr' id='par_1_45' title="bbox 297 2924 1878 3000">
     <span class='ocr_line' id='line_1_45' title="bbox 297 2924 1878 3000; baseline -0.006 -12"><span class='ocrx_word' id='word_1_301' title='bbox 297 2932 478 2995; x_wconf 85' lang='lat' dir='ltr'><strong>deret,</strong></span> <span class='ocrx_word' id='word_1_302' title='bbox 514 2928 864 3000; x_wconf 88' lang='lat' dir='ltr'><strong>percontanti</strong></span> <span class='ocrx_word' id='word_1_303' title='bbox 906 2926 1241 2997; x_wconf 83' lang='lat' dir='ltr'><strong>respondit:</strong></span> <span class='ocrx_word' id='word_1_304' title='bbox 1293 2925 1541 2996; x_wconf 82' lang='lat' dir='ltr'><strong>Magnam</strong></span> <span class='ocrx_word' id='word_1_305' title='bbox 1586 2924 1706 2979; x_wconf 87' lang='lat' dir='ltr'><strong>fore</strong></span> <span class='ocrx_word' id='word_1_306' title='bbox 1754 2939 1878 2978; x_wconf 81' lang='lat' dir='ltr'><strong>niu-</strong></span> 
     </span>
    </p>
   </div>
   <div class='ocr_carea' id='block_1_46' title="bbox 296 3017 1879 3090">
    <p class='ocr_par' dir='ltr' id='par_1_46' title="bbox 296 3017 1879 3090">
     <span class='ocr_line' id='line_1_46' title="bbox 296 3017 1879 3090; baseline -0.006 -10"><span class='ocrx_word' id='word_1_307' title='bbox 296 3026 565 3080; x_wconf 87' lang='lat' dir='ltr'><strong>tationem</strong></span> <span class='ocrx_word' id='word_1_308' title='bbox 597 3024 653 3078; x_wconf 91' lang='lat' dir='ltr'><strong>in</strong></span> <span class='ocrx_word' id='word_1_309' title='bbox 679 3022 1064 3079; x_wconf 87' lang='lat' dir='ltr'><strong>contrarium:</strong></span> <span class='ocrx_word' id='word_1_310' title='bbox 1094 3019 1241 3090; x_wconf 87' lang='lat' dir='ltr'><strong>quod</strong></span> <span class='ocrx_word' id='word_1_311' title='bbox 1268 3019 1312 3074; x_wconf 85' lang='lat' dir='ltr'><strong>si</strong></span> <span class='ocrx_word' id='word_1_312' title='bbox 1338 3020 1392 3072; x_wconf 91' lang='lat' dir='ltr'><strong>in</strong></span> <span class='ocrx_word' id='word_1_313' title='bbox 1419 3018 1710 3090; x_wconf 70' lang='lat' dir='ltr'><strong>prmsentia</strong></span> <span class='ocrx_word' id='word_1_314' title='bbox 1735 3017 1879 3072; x_wconf 86' lang='lat' dir='ltr'><strong>bene</strong></span> 
     </span>
    </p>
   </div>
   <div class='ocr_carea' id='block_1_47' title="bbox 293 3110 1871 3186">
    <p class='ocr_par' dir='ltr' id='par_1_47' title="bbox 293 3110 1871 3186">
     <span class='ocr_line' id='line_1_47' title="bbox 293 3110 1871 3186; baseline -0.006 -14"><span class='ocrx_word' id='word_1_315' title='bbox 293 3133 420 3171; x_wconf 90' lang='lat' dir='ltr'><strong>cum</strong></span> <span class='ocrx_word' id='word_1_316' title='bbox 467 3132 535 3172; x_wconf 91' lang='lat' dir='ltr'><strong>eo</strong></span> <span class='ocrx_word' id='word_1_317' title='bbox 571 3124 852 3186; x_wconf 80' lang='lat' dir='ltr'><strong>ageretur,</strong></span> <span class='ocrx_word' id='word_1_318' title='bbox 911 3111 1247 3168; x_wconf 82' lang='lat' dir='ltr'><strong>deteriorem</strong></span> <span class='ocrx_word' id='word_1_319' title='bbox 1289 3110 1570 3166; x_wconf 90' lang='lat' dir='ltr'><strong>fortunam</strong></span> <span class='ocrx_word' id='word_1_320' title='bbox 1613 3123 1734 3165; x_wconf 85' lang='lat' dir='ltr'><strong>esse</strong></span> <span class='ocrx_word' id='word_1_321' title='bbox 1770 3124 1871 3164; x_wconf 83' lang='lat' dir='ltr'><strong>ex-</strong></span> 
     </span>
    </p>
   </div>
   <div class='ocr_carea' id='block_1_48' title="bbox 293 3201 1349 3279">
    <p class='ocr_par' dir='ltr' id='par_1_48' title="bbox 293 3201 1349 3279">
     <span class='ocr_line' id='line_1_48' title="bbox 293 3201 1349 3279; baseline -0.009 -15"><span class='ocrx_word' id='word_1_322' title='bbox 293 3206 652 3279; x_wconf 87' lang='lat' dir='ltr'><strong>spectandam</strong></span> <span class='ocrx_word' id='word_1_323' title='bbox 677 3224 693 3273; x_wconf 87' lang='lat'><strong>;</strong></span> <span class='ocrx_word' id='word_1_324' title='bbox 723 3205 808 3261; x_wconf 89' lang='lat' dir='ltr'><strong>sin</strong></span> <span class='ocrx_word' id='word_1_325' title='bbox 839 3203 1005 3265; x_wconf 89' lang='lat' dir='ltr'><strong>male,</strong></span> <span class='ocrx_word' id='word_1_326' title='bbox 1039 3201 1349 3257; x_wconf 87' lang='lat' dir='ltr'><strong>meliorem.</strong></span> 
     </span>
    </p>
   </div>
   <div class='ocr_carea' id='block_1_49' title="bbox 1976 1747 3552 1823">
    <p class='ocr_par' dir='ltr' id='par_1_49' title="bbox 1976 1747 3552 1823">
     <span class='ocr_line' id='line_1_49' title="bbox 1976 1747 3552 1823; baseline 0.007 -25"><span class='ocrx_word' id='word_1_327' title='bbox 1976 1747 2103 1807; x_wconf 76' lang='grc' dir='ltr'>τοὺς</span> <span class='ocrx_word' id='word_1_328' title='bbox 2132 1747 2265 1816; x_wconf 79' lang='grc' dir='ltr'>περὶ</span> <span class='ocrx_word' id='word_1_329' title='bbox 2295 1747 2458 1800; x_wconf 69' lang='grc' dir='ltr'>αὐτὸν</span> <span class='ocrx_word' id='word_1_330' title='bbox 2486 1749 2780 1817; x_wconf 81' lang='grc' dir='ltr'>ἡγεμόνας,</span> <span class='ocrx_word' id='word_1_331' title='bbox 2815 1750 2890 1812; x_wconf 88' lang='grc' dir='ltr'><strong>ὡς</strong></span> <span class='ocrx_word' id='word_1_332' title='bbox 2919 1754 3229 1821; x_wconf 78' lang='grc' dir='ltr'><strong>ἡττημένου</strong></span> <span class='ocrx_word' id='word_1_333' title='bbox 3251 1758 3347 1807; x_wconf 75' lang='grc' dir='ltr'>καὶ</span> <span class='ocrx_word' id='word_1_334' title='bbox 3412 1756 3552 1823; x_wconf 84' lang='grc' dir='ltr'>φεύ-</span> 
     </span>
    </p>
   </div>
   <div class='ocr_carea' id='block_1_50' title="bbox 1977 1836 3550 1908">
    <p class='ocr_par' dir='ltr' id='par_1_50' title="bbox 1977 1836 3550 1908">
     <span class='ocr_line' id='line_1_50' title="bbox 1977 1836 3550 1908; baseline 0.004 -19"><span class='ocrx_word' id='word_1_335' title='bbox 1977 1838 2168 1904; x_wconf 81' lang='grc' dir='ltr'>γοντος</span> <span class='ocrx_word' id='word_1_336' title='bbox 2206 1836 2490 1906; x_wconf 83' lang='grc' dir='ltr'>Καίσαρος</span> <span class='ocrx_word' id='word_1_337' title='bbox 2548 1838 2843 1901; x_wconf 89' lang='grc' dir='ltr'>διώκοντας</span> <span class='ocrx_word' id='word_1_338' title='bbox 2896 1840 3150 1894; x_wconf 77' lang='grc' dir='ltr'>ἕπεσθαι.</span> <span class='ocrx_word' id='word_1_339' title='bbox 3209 1844 3471 1908; x_wconf 76' lang='grc' dir='ltr'>Εὐλαϐὦς</span> <span class='ocrx_word' id='word_1_340' title='bbox 3502 1848 3550 1900; x_wconf 87' lang='grc' dir='ltr'>δ’</span> 
     </span>
    </p>
   </div>
   <div class='ocr_carea' id='block_1_51' title="bbox 1976 1923 3549 2002">
    <p class='ocr_par' dir='ltr' id='par_1_51' title="bbox 1976 1923 3549 2002">
     <span class='ocr_line' id='line_1_51' title="bbox 1976 1923 3549 2002; baseline 0.006 -24"><span class='ocrx_word' id='word_1_341' title='bbox 1976 1923 2091 1998; x_wconf 81' lang='grc' dir='ltr'>εἶχε</span> <span class='ocrx_word' id='word_1_342' title='bbox 2120 1928 2258 1996; x_wconf 65' lang='grc' dir='ltr'>πρὸς</span> <span class='ocrx_word' id='word_1_343' title='bbox 2314 1929 2472 1981; x_wconf 85' lang='grc' dir='ltr'>τοῦτο</span> <span class='ocrx_word' id='word_1_344' title='bbox 2518 1928 2827 1998; x_wconf 77' lang='grc' dir='ltr'>Πομπήϊος,</span> <span class='ocrx_word' id='word_1_345' title='bbox 2860 1929 2954 1983; x_wconf 77' lang='grc' dir='ltr'>καὶ</span> <span class='ocrx_word' id='word_1_346' title='bbox 3002 1931 3154 2000; x_wconf 77' lang='grc' dir='ltr'>ἠξίου</span> <span class='ocrx_word' id='word_1_347' title='bbox 3207 1934 3416 2002; x_wconf 81' lang='grc' dir='ltr'>τρίϐειν</span> <span class='ocrx_word' id='word_1_348' title='bbox 3450 1940 3549 1992; x_wconf 70' lang='grc' dir='ltr'><strong>καὶ</strong></span> 
     </span>
    </p>
   </div>
   <div class='ocr_carea' id='block_1_52' title="bbox 1980 2016 3548 2093">
    <p class='ocr_par' dir='ltr' id='par_1_52' title="bbox 1980 2016 3548 2093">
     <span class='ocr_line' id='line_1_52' title="bbox 1980 2016 3548 2093; baseline 0.004 -24"><span class='ocrx_word' id='word_1_349' title='bbox 1980 2017 2267 2086; x_wconf 81' lang='grc' dir='ltr'>μαραίνειν</span> <span class='ocrx_word' id='word_1_350' title='bbox 2290 2016 2389 2087; x_wconf 85' lang='grc' dir='ltr'>τὴν</span> <span class='ocrx_word' id='word_1_351' title='bbox 2422 2018 2529 2069; x_wconf 87' lang='grc' dir='ltr'><strong>τῶν</strong></span> <span class='ocrx_word' id='word_1_352' title='bbox 2558 2018 2830 2084; x_wconf 84' lang='grc' dir='ltr'>πολεμίων</span> <span class='ocrx_word' id='word_1_353' title='bbox 2857 2020 3059 2087; x_wconf 80' lang='grc' dir='ltr'>ἀκμήν.</span> <span class='ocrx_word' id='word_1_354' title='bbox 3094 2020 3204 2089; x_wconf 82' lang='grc' dir='ltr'>Τὴν</span> <span class='ocrx_word' id='word_1_355' title='bbox 3225 2021 3281 2072; x_wconf 82' lang='grc' dir='ltr'>δὲ</span> <span class='ocrx_word' id='word_1_356' title='bbox 3310 2023 3548 2093; x_wconf 81' lang='grc' dir='ltr'>γνώμην</span> 
     </span>
    </p>
   </div>
   <div class='ocr_carea' id='block_1_53' title="bbox 1980 2104 3548 2174">
    <p class='ocr_par' dir='ltr' id='par_1_53' title="bbox 1980 2104 3548 2174">
     <span class='ocr_line' id='line_1_53' title="bbox 1980 2104 3548 2174; baseline 0.003 -17"><span class='ocrx_word' id='word_1_357' title='bbox 1980 2107 2138 2172; x_wconf 80' lang='grc' dir='ltr'>μόνος</span> <span class='ocrx_word' id='word_1_358' title='bbox 2163 2104 2348 2174; x_wconf 75' lang='grc' dir='ltr'>ἐπῄνει</span> <span class='ocrx_word' id='word_1_359' title='bbox 2373 2105 2566 2157; x_wconf 81' lang='grc' dir='ltr'>Κάτων</span> <span class='ocrx_word' id='word_1_360' title='bbox 2615 2105 2789 2174; x_wconf 81' lang='grc' dir='ltr'>φειδοῖ</span> <span class='ocrx_word' id='word_1_361' title='bbox 2815 2105 2922 2159; x_wconf 83' lang='grc' dir='ltr'><strong>τῶν</strong></span> <span class='ocrx_word' id='word_1_362' title='bbox 2952 2106 3202 2158; x_wconf 83' lang='grc' dir='ltr'>πολιτῶν.</span> <span class='ocrx_word' id='word_1_363' title='bbox 3231 2108 3328 2169; x_wconf 73' lang='grc' dir='ltr'>Ὃς</span> <span class='ocrx_word' id='word_1_364' title='bbox 3357 2125 3417 2174; x_wconf 84' lang='grc' dir='ltr'><strong>γε</strong></span> <span class='ocrx_word' id='word_1_365' title='bbox 3446 2112 3548 2163; x_wconf 75' lang='grc' dir='ltr'><strong>καὶ</strong></span> 
     </span>
    </p>
   </div>
   <div class='ocr_carea' id='block_1_54' title="bbox 1974 2195 3545 2267">
    <p class='ocr_par' dir='ltr' id='par_1_54' title="bbox 1974 2195 3545 2267">
     <span class='ocr_line' id='line_1_54' title="bbox 1974 2195 3545 2267; baseline 0.002 -19"><span class='ocrx_word' id='word_1_366' title='bbox 1974 2195 2102 2259; x_wconf 84' lang='grc' dir='ltr'>τοὺς</span> <span class='ocrx_word' id='word_1_367' title='bbox 2138 2196 2406 2259; x_wconf 82' lang='grc' dir='ltr'>πεσόντας</span> <span class='ocrx_word' id='word_1_368' title='bbox 2455 2196 2565 2248; x_wconf 83' lang='grc' dir='ltr'>τῶν</span> <span class='ocrx_word' id='word_1_369' title='bbox 2600 2195 2884 2266; x_wconf 86' lang='grc' dir='ltr'>πολεμίων</span> <span class='ocrx_word' id='word_1_370' title='bbox 2912 2196 2986 2259; x_wconf 84' lang='grc' dir='ltr'>ὼς</span> <span class='ocrx_word' id='word_1_371' title='bbox 3021 2195 3115 2260; x_wconf 76' lang='grc' dir='ltr'>εἰς’</span> <span class='ocrx_word' id='word_1_372' title='bbox 3136 2197 3341 2267; x_wconf 86' lang='grc' dir='ltr'>χιλίους</span> <span class='ocrx_word' id='word_1_373' title='bbox 3375 2200 3545 2263; x_wconf 72' lang='grc' dir='ltr'>ὄντας</span> 
     </span>
    </p>
   </div>
   <div class='ocr_carea' id='block_1_55' title="bbox 1980 2286 3542 2359">
    <p class='ocr_par' dir='ltr' id='par_1_55' title="bbox 1980 2286 3542 2359">
     <span class='ocr_line' id='line_1_55' title="bbox 1980 2286 3542 2359; baseline 0.003 -19"><span class='ocrx_word' id='word_1_374' title='bbox 1980 2286 2122 2349; x_wconf 85' lang='grc' dir='ltr'>ἰδὼν,</span> <span class='ocrx_word' id='word_1_375' title='bbox 2164 2286 2410 2359; x_wconf 79' lang='grc' dir='ltr'>ἀπῆλθεν</span> <span class='ocrx_word' id='word_1_376' title='bbox 2467 2286 2919 2357; x_wconf 74' lang='grc' dir='ltr'>ἐγκαλυψάμενος</span> <span class='ocrx_word' id='word_1_377' title='bbox 2966 2290 3060 2341; x_wconf 73' lang='grc' dir='ltr'><strong>καὶ</strong></span> <span class='ocrx_word' id='word_1_378' title='bbox 3093 2289 3542 2359; x_wconf 75' lang='grc' dir='ltr'>καταδακρύσας.</span> 
     </span>
    </p>
   </div>
   <div class='ocr_carea' id='block_1_56' title="bbox 1977 2376 3550 2448">
    <p class='ocr_par' dir='ltr' id='par_1_56' title="bbox 1977 2376 3550 2448">
     <span class='ocr_line' id='line_1_56' title="bbox 1977 2376 3550 2448; baseline -0.001 -17"><span class='ocrx_word' id='word_1_379' title='bbox 1977 2379 2039 2431; x_wconf 80' lang='grc' dir='ltr'>Οἱ</span> <span class='ocrx_word' id='word_1_380' title='bbox 2067 2378 2115 2430; x_wconf 85' lang='grc' dir='ltr'>δ’</span> <span class='ocrx_word' id='word_1_381' title='bbox 2137 2378 2288 2432; x_wconf 80' lang='grc' dir='ltr'>ἄλλοι</span> <span class='ocrx_word' id='word_1_382' title='bbox 2316 2378 2513 2440; x_wconf 88' lang='grc' dir='ltr'>πάντες</span> <span class='ocrx_word' id='word_1_383' title='bbox 2544 2376 2800 2440; x_wconf 76' lang='grc' dir='ltr'>ἐκάκιζον</span> <span class='ocrx_word' id='word_1_384' title='bbox 2832 2377 3256 2448; x_wconf 79' lang='grc' dir='ltr'>φυγομαχοῦντα</span> <span class='ocrx_word' id='word_1_385' title='bbox 3284 2380 3550 2448; x_wconf 76' lang='grc' dir='ltr'>Πομπήϊ-</span> 
     </span>
    </p>
   </div>
   <div class='ocr_carea' id='block_1_57' title="bbox 1976 2468 3551 2539">
    <p class='ocr_par' dir='ltr' id='par_1_57' title="bbox 1976 2468 3551 2539">
     <span class='ocr_line' id='line_1_57' title="bbox 1976 2468 3551 2539; baseline 0 -16"><span class='ocrx_word' id='word_1_386' title='bbox 1976 2487 2057 2523; x_wconf 88' lang='grc' dir='ltr'>ον·</span> <span class='ocrx_word' id='word_1_387' title='bbox 2095 2469 2347 2522; x_wconf 79' lang='grc' dir='ltr'>ἐντεῦθεν</span> <span class='ocrx_word' id='word_1_388' title='bbox 2382 2470 2475 2522; x_wconf 78' lang='grc' dir='ltr'>καὶ</span> <span class='ocrx_word' id='word_1_389' title='bbox 2511 2469 2661 2524; x_wconf 73' lang='grc' dir='ltr'>ἄκων</span> <span class='ocrx_word' id='word_1_390' title='bbox 2714 2470 2795 2533; x_wconf 87' lang='grc' dir='ltr'><strong>είς</strong></span> <span class='ocrx_word' id='word_1_391' title='bbox 2851 2470 3030 2539; x_wconf 84' lang='grc' dir='ltr'>μάχην</span> <span class='ocrx_word' id='word_1_392' title='bbox 3082 2468 3303 2539; x_wconf 77' lang='grc' dir='ltr'>ἐχώρει,</span> <span class='ocrx_word' id='word_1_393' title='bbox 3330 2470 3551 2523; x_wconf 82' lang='grc' dir='ltr'>διώκων</span> 
     </span>
    </p>
   </div>
   <div class='ocr_carea' id='block_1_58' title="bbox 1975 2560 3554 2632">
    <p class='ocr_par' dir='ltr' id='par_1_58' title="bbox 1975 2560 3554 2632">
     <span class='ocr_line' id='line_1_58' title="bbox 1975 2560 3554 2632; baseline -0.001 -18"><span class='ocrx_word' id='word_1_394' title='bbox 1975 2560 2068 2614; x_wconf 77' lang='grc' dir='ltr'>τὸν</span> <span class='ocrx_word' id='word_1_395' title='bbox 2096 2562 2372 2632; x_wconf 83' lang='grc' dir='ltr'>Καίσαρα.</span> <span class='ocrx_word' id='word_1_396' title='bbox 2421 2561 2508 2624; x_wconf 81' lang='grc' dir='ltr'>Ὧς</span> <span class='ocrx_word' id='word_1_397' title='bbox 2552 2561 2633 2627; x_wconf 77' lang='grc' dir='ltr'>δὲ,</span> <span class='ocrx_word' id='word_1_398' title='bbox 2663 2560 2743 2624; x_wconf 80' lang='grc' dir='ltr'>εις</span> <span class='ocrx_word' id='word_1_399' title='bbox 2773 2565 2873 2630; x_wconf 82' lang='grc' dir='ltr'><strong>τὴν</strong></span> <span class='ocrx_word' id='word_1_400' title='bbox 2908 2560 3217 2631; x_wconf 84' lang='grc' dir='ltr'>Φαρσαλίαν</span> <span class='ocrx_word' id='word_1_401' title='bbox 3276 2560 3554 2628; x_wconf 78' lang='grc' dir='ltr'>ἐμῧαλόν-</span> 
     </span>
    </p>
   </div>
   <div class='ocr_carea' id='block_1_59' title="bbox 1977 2650 3551 2723">
    <p class='ocr_par' dir='ltr' id='par_1_59' title="bbox 1977 2650 3551 2723">
     <span class='ocr_line' id='line_1_59' title="bbox 1977 2650 3551 2723; baseline 0.001 -20"><span class='ocrx_word' id='word_1_402' title='bbox 1977 2667 2090 2714; x_wconf 91' lang='grc' dir='ltr'>τες,</span> <span class='ocrx_word' id='word_1_403' title='bbox 2116 2651 2417 2722; x_wconf 81' lang='grc' dir='ltr'>ἀμφότεροι</span> <span class='ocrx_word' id='word_1_404' title='bbox 2463 2650 3048 2722; x_wconf 83' lang='grc' dir='ltr'>ἐστρατοπεδεύσαντο,</span> <span class='ocrx_word' id='word_1_405' title='bbox 3072 2653 3101 2704; x_wconf 89' lang='lat'><strong>6</strong></span> <span class='ocrx_word' id='word_1_406' title='bbox 3128 2651 3226 2719; x_wconf 83' lang='grc' dir='ltr'>μὲν</span> <span class='ocrx_word' id='word_1_407' title='bbox 3259 2652 3551 2723; x_wconf 78' lang='grc' dir='ltr'>Πομπήϊος</span> 
     </span>
    </p>
   </div>
   <div class='ocr_carea' id='block_1_60' title="bbox 1980 2725 3556 2813">
    <p class='ocr_par' dir='ltr' id='par_1_60' title="bbox 1980 2725 3556 2813">
     <span class='ocr_line' id='line_1_60' title="bbox 1980 2725 3556 2813; baseline 0.003 -18"><span class='ocrx_word' id='word_1_408' title='bbox 1980 2741 2138 2805; x_wconf 78' lang='grc' dir='ltr'>αὖθις</span> <span class='ocrx_word' id='word_1_409' title='bbox 2167 2742 2270 2811; x_wconf 80' lang='grc' dir='ltr'>τῆς</span> <span class='ocrx_word' id='word_1_410' title='bbox 2323 2742 2519 2813; x_wconf 86' lang='grc' dir='ltr'>πρώην</span> <span class='ocrx_word' id='word_1_411' title='bbox 2573 2744 2752 2812; x_wconf 74' lang='grc' dir='ltr'>εἴχετο</span> <span class='ocrx_word' id='word_1_412' title='bbox 2785 2742 3034 2813; x_wconf 89' lang='grc' dir='ltr'>γνώμης,</span> <span class='ocrx_word' id='word_1_413' title='bbox 3094 2725 3402 2811; x_wconf 73' lang='grc' dir='ltr'>φασμάτων</span> <span class='ocrx_word' id='word_1_414' title='bbox 3451 2746 3556 2799; x_wconf 80' lang='grc' dir='ltr'>οὐκ</span> 
     </span>
    </p>
   </div>
   <div class='ocr_carea' id='block_1_61' title="bbox 1977 2837 3555 2911">
    <p class='ocr_par' dir='ltr' id='par_1_61' title="bbox 1977 2837 3555 2911">
     <span class='ocr_line' id='line_1_61' title="bbox 1977 2837 3555 2911; baseline 0.003 -21"><span class='ocrx_word' id='word_1_415' title='bbox 1977 2838 2169 2892; x_wconf 75' lang='grc' dir='ltr'>αἰσίων</span> <span class='ocrx_word' id='word_1_416' title='bbox 2206 2837 2355 2909; x_wconf 85' lang='grc' dir='ltr'><strong>αὐτῷ</strong></span> <span class='ocrx_word' id='word_1_417' title='bbox 2383 2838 2710 2907; x_wconf 80' lang='grc' dir='ltr'>γενομένων,</span> <span class='ocrx_word' id='word_1_418' title='bbox 2743 2839 2837 2892; x_wconf 82' lang='grc' dir='ltr'><strong>καὶ</strong></span> <span class='ocrx_word' id='word_1_419' title='bbox 2862 2838 2982 2892; x_wconf 84' lang='grc' dir='ltr'>καθ’</span> <span class='ocrx_word' id='word_1_420' title='bbox 3010 2837 3177 2911; x_wconf 78' lang='grc' dir='ltr'>ὕπνον</span> <span class='ocrx_word' id='word_1_421' title='bbox 3209 2838 3385 2907; x_wconf 60' lang='grc' dir='ltr'>ὄψεώς</span> <span class='ocrx_word' id='word_1_422' title='bbox 3405 2858 3555 2906; x_wconf 77' lang='grc' dir='ltr'>τινος</span> 
     </span>
    </p>
   </div>
   <div class='ocr_carea' id='block_1_62' title="bbox 1982 2923 3558 3000">
    <p class='ocr_par' dir='ltr' id='par_1_62' title="bbox 1982 2923 3558 3000">
     <span class='ocr_line' id='line_1_62' title="bbox 1982 2923 3558 3000; baseline 0.003 -19"><span class='ocrx_word' id='word_1_423' title='bbox 1982 2929 2183 3000; x_wconf 86' lang='grc' dir='ltr'>(ἐδόκει</span> <span class='ocrx_word' id='word_1_424' title='bbox 2230 2929 2340 2997; x_wconf 83' lang='grc' dir='ltr'><strong>γάρ</strong></span> <span class='ocrx_word' id='word_1_425' title='bbox 2386 2928 2580 2981; x_wconf 76' lang='grc' dir='ltr'>ἑαυτὸν</span> <span class='ocrx_word' id='word_1_426' title='bbox 2625 2923 2756 2999; x_wconf 80' lang='grc' dir='ltr'>όρᾷν</span> <span class='ocrx_word' id='word_1_427' title='bbox 2787 2931 2844 2980; x_wconf 86' lang='grc' dir='ltr'><strong>ἐν</strong></span> <span class='ocrx_word' id='word_1_428' title='bbox 2897 2927 2974 2998; x_wconf 85' lang='grc' dir='ltr'><strong>τῷ</strong></span> <span class='ocrx_word' id='word_1_429' title='bbox 3003 2928 3218 2999; x_wconf 84' lang='grc' dir='ltr'>θεάτρῳ</span> <span class='ocrx_word' id='word_1_430' title='bbox 3266 2931 3373 2982; x_wconf 80' lang='grc' dir='ltr'><strong>ὑπὸ</strong></span> <span class='ocrx_word' id='word_1_431' title='bbox 3416 2932 3558 2986; x_wconf 84' lang='grc' dir='ltr'><strong>Ῥω⁹</strong></span> 
     </span>
    </p>
   </div>
   <div class='ocr_carea' id='block_1_63' title="bbox 1981 3003 3558 3091">
    <p class='ocr_par' dir='ltr' id='par_1_63' title="bbox 1981 3003 3558 3091">
     <span class='ocr_line' id='line_1_63' title="bbox 1981 3003 3558 3091; baseline 0.004 -20"><span class='ocrx_word' id='word_1_432' title='bbox 1981 3003 2159 3089; x_wconf 80' lang='grc' dir='ltr'>μαίων</span> <span class='ocrx_word' id='word_1_433' title='bbox 2208 3017 2633 3088; x_wconf 82' lang='grc' dir='ltr'>κροτούμενον)·</span> <span class='ocrx_word' id='word_1_434' title='bbox 2693 3020 2744 3070; x_wconf 82' lang='grc' dir='ltr'><strong>οί</strong></span> <span class='ocrx_word' id='word_1_435' title='bbox 2788 3017 2844 3071; x_wconf 84' lang='grc' dir='ltr'><strong>δέ</strong></span> <span class='ocrx_word' id='word_1_436' title='bbox 2903 3020 3029 3088; x_wconf 83' lang='grc' dir='ltr'>περὶ</span> <span class='ocrx_word' id='word_1_437' title='bbox 3085 3020 3249 3073; x_wconf 79' lang='grc' dir='ltr'>αὑτὸν</span> <span class='ocrx_word' id='word_1_438' title='bbox 3327 3022 3558 3091; x_wconf 78' lang='grc' dir='ltr'>θρασεῖς</span> 
     </span>
    </p>
   </div>
   <div class='ocr_carea' id='block_1_64' title="bbox 1977 3105 3557 3181">
    <p class='ocr_par' dir='ltr' id='par_1_64' title="bbox 1977 3105 3557 3181">
     <span class='ocr_line' id='line_1_64' title="bbox 1977 3105 3557 3181; baseline 0.005 -19"><span class='ocrx_word' id='word_1_439' title='bbox 1977 3105 2143 3180; x_wconf 80' lang='grc' dir='ltr'>ἦσαν,</span> <span class='ocrx_word' id='word_1_440' title='bbox 2192 3111 2288 3163; x_wconf 78' lang='grc' dir='ltr'>καὶ</span> <span class='ocrx_word' id='word_1_441' title='bbox 2317 3109 2416 3180; x_wconf 80' lang='grc' dir='ltr'>τὴν</span> <span class='ocrx_word' id='word_1_442' title='bbox 2452 3109 2611 3178; x_wconf 90' lang='grc' dir='ltr'>νίκην</span> <span class='ocrx_word' id='word_1_443' title='bbox 2658 3110 2779 3172; x_wconf 86' lang='grc' dir='ltr'>ταῖς</span> <span class='ocrx_word' id='word_1_444' title='bbox 2810 3109 2993 3163; x_wconf 82' lang='grc' dir='ltr'>ἐλπίσι</span> <span class='ocrx_word' id='word_1_445' title='bbox 3023 3112 3445 3181; x_wconf 81' lang='grc' dir='ltr'>προειληφότες.</span> <span class='ocrx_word' id='word_1_446' title='bbox 3495 3116 3557 3169; x_wconf 83' lang='lat'><strong>&#39;0</strong></span> 
     </span>
    </p>
   </div>
   <div class='ocr_carea' id='block_1_65' title="bbox 1983 3200 3556 3274">
    <p class='ocr_par' dir='ltr' id='par_1_65' title="bbox 1983 3200 3556 3274">
     <span class='ocr_line' id='line_1_65' title="bbox 1983 3200 3556 3274; baseline 0.006 -20"><span class='ocrx_word' id='word_1_447' title='bbox 1983 3202 2040 3254; x_wconf 83' lang='grc' dir='ltr'><strong>δέ</strong></span> <span class='ocrx_word' id='word_1_448' title='bbox 2069 3202 2286 3274; x_wconf 84' lang='grc' dir='ltr'>Καῖσαρ</span> <span class='ocrx_word' id='word_1_449' title='bbox 2321 3200 2510 3273; x_wconf 69' lang='grc' dir='ltr'>ἠρώτα</span> <span class='ocrx_word' id='word_1_450' title='bbox 2540 3203 2666 3266; x_wconf 85' lang='grc' dir='ltr'>τοὺς</span> <span class='ocrx_word' id='word_1_451' title='bbox 2698 3202 2931 3267; x_wconf 76' lang='grc' dir='ltr'>οἰκείους</span> <span class='ocrx_word' id='word_1_452' title='bbox 2959 3204 3319 3273; x_wconf 82' lang='grc' dir='ltr'>στρατιώτας,</span> <span class='ocrx_word' id='word_1_453' title='bbox 3356 3211 3403 3261; x_wconf 80' lang='grc' dir='ltr'>εἱ</span> <span class='ocrx_word' id='word_1_454' title='bbox 3428 3210 3556 3263; x_wconf 88' lang='grc' dir='ltr'>καθ’</span> 
     </span>
    </p>
   </div>
   <div class='ocr_carea' id='block_1_66' title="bbox 294 3289 3557 3376">
    <p class='ocr_par' dir='ltr' id='par_1_66' title="bbox 294 3289 3557 3376">
     <span class='ocr_line' id='line_1_66' title="bbox 294 3289 3557 3376; baseline -0.002 -21"><span class='ocrx_word' id='word_1_455' title='bbox 294 3302 522 3364; x_wconf 71' lang='grc' dir='ltr'>ἐαυωὺς</span> <span class='ocrx_word' id='word_1_456' title='bbox 562 3298 844 3368; x_wconf 76' lang='grc' dir='ltr'>αἱροῦνται</span> <span class='ocrx_word' id='word_1_457' title='bbox 898 3293 1243 3367; x_wconf 84' lang='grc' dir='ltr'>μαχέσασθαι</span> <span class='ocrx_word' id='word_1_458' title='bbox 1290 3292 1324 3362; x_wconf 73' lang='grc' dir='ltr'>ἢ</span> <span class='ocrx_word' id='word_1_459' title='bbox 1365 3291 1684 3360; x_wconf 86' lang='grc' dir='ltr'>περιμένειν</span> <span class='ocrx_word' id='word_1_460' title='bbox 1711 3289 1807 3343; x_wconf 72' lang='grc' dir='ltr'>καὶ</span> <span class='ocrx_word' id='word_1_461' title='bbox 1844 3291 2066 3361; x_wconf 83' lang='grc' dir='ltr'>ἐτέρους</span> <span class='ocrx_word' id='word_1_462' title='bbox 2114 3293 2213 3363; x_wconf 77' lang='grc' dir='ltr'><strong>ήδη</strong></span> <span class='ocrx_word' id='word_1_463' title='bbox 2257 3295 2424 3361; x_wconf 84' lang='grc' dir='ltr'>ἐγγὺς</span> <span class='ocrx_word' id='word_1_464' title='bbox 2461 3293 2656 3376; x_wconf 67' lang='grc' dir='ltr'><strong>ὄνταςι¹</strong></span> <span class='ocrx_word' id='word_1_465' title='bbox 2699 3297 2749 3348; x_wconf 87' lang='lat' dir='ltr'><strong>ol</strong></span> <span class='ocrx_word' id='word_1_466' title='bbox 2777 3296 2832 3349; x_wconf 84' lang='grc' dir='ltr'><strong>δέ</strong></span> <span class='ocrx_word' id='word_1_467' title='bbox 2865 3295 2940 3365; x_wconf 81' lang='grc' dir='ltr'><strong>μή</strong></span> <span class='ocrx_word' id='word_1_468' title='bbox 2969 3297 3289 3367; x_wconf 84' lang='grc' dir='ltr'>περιμένειν</span> <span class='ocrx_word' id='word_1_469' title='bbox 3319 3299 3557 3358; x_wconf 85' lang='grc' dir='ltr'>ἐδέοντο,</span> 
     </span>
    </p>
   </div>
   <div class='ocr_carea' id='block_1_67' title="bbox 296 3389 3558 3467">
    <p class='ocr_par' dir='ltr' id='par_1_67' title="bbox 296 3389 3558 3467">
     <span class='ocr_line' id='line_1_67' title="bbox 296 3389 3558 3467; baseline 0.001 -17"><span class='ocrx_word' id='word_1_470' title='bbox 296 3398 535 3452; x_wconf 84' lang='grc' dir='ltr'>Θύσαντι</span> <span class='ocrx_word' id='word_1_471' title='bbox 583 3396 642 3451; x_wconf 85' lang='grc' dir='ltr'>δὲ</span> <span class='ocrx_word' id='word_1_472' title='bbox 701 3396 780 3466; x_wconf 84' lang='grc' dir='ltr'>τῷ</span> <span class='ocrx_word' id='word_1_473' title='bbox 820 3394 1061 3462; x_wconf 81' lang='grc' dir='ltr'>Καίσαρι</span> <span class='ocrx_word' id='word_1_474' title='bbox 1087 3393 1116 3445; x_wconf 94' lang='lat'><strong>6</strong></span> <span class='ocrx_word' id='word_1_475' title='bbox 1151 3392 1347 3462; x_wconf 85' lang='grc' dir='ltr'>μάντις</span> <span class='ocrx_word' id='word_1_476' title='bbox 1404 3390 1667 3459; x_wconf 81' lang='grc' dir='ltr'>ἐσήμαινε</span> <span class='ocrx_word' id='word_1_477' title='bbox 1723 3389 1890 3458; x_wconf 85' lang='grc' dir='ltr'>τριῶν</span> <span class='ocrx_word' id='word_1_478' title='bbox 1931 3390 2151 3461; x_wconf 79' lang='grc' dir='ltr'>ἡμερῶν</span> <span class='ocrx_word' id='word_1_479' title='bbox 2180 3389 2320 3462; x_wconf 79' lang='grc' dir='ltr'>πρὸς</span> <span class='ocrx_word' id='word_1_480' title='bbox 2354 3392 2479 3455; x_wconf 82' lang='grc' dir='ltr'>τοὺς</span> <span class='ocrx_word' id='word_1_481' title='bbox 2517 3393 2805 3463; x_wconf 80' lang='grc' dir='ltr'>πολεμίους</span> <span class='ocrx_word' id='word_1_482' title='bbox 2833 3393 3207 3464; x_wconf 85' lang='grc' dir='ltr'>κριθήσεσθαι.</span> <span class='ocrx_word' id='word_1_483' title='bbox 3259 3396 3558 3467; x_wconf 74' lang='grc' dir='ltr'>Ἐρομένου</span> 
     </span>
    </p>
   </div>
   <div class='ocr_carea' id='block_1_68' title="bbox 294 3478 3559 3562">
    <p class='ocr_par' dir='ltr' id='par_1_68' title="bbox 294 3478 3559 3562">
     <span class='ocr_line' id='line_1_68' title="bbox 294 3478 3559 3562; baseline 0 -15"><span class='ocrx_word' id='word_1_484' title='bbox 294 3492 355 3547; x_wconf 82' lang='grc' dir='ltr'><strong>δέ</strong></span> <span class='ocrx_word' id='word_1_485' title='bbox 386 3491 665 3559; x_wconf 84' lang='grc' dir='ltr'>Καίσαρος</span> <span class='ocrx_word' id='word_1_486' title='bbox 706 3487 837 3558; x_wconf 75' lang='grc' dir='ltr'>περὶ</span> <span class='ocrx_word' id='word_1_487' title='bbox 866 3485 960 3539; x_wconf 82' lang='grc' dir='ltr'>τοῦ</span> <span class='ocrx_word' id='word_1_488' title='bbox 1010 3483 1199 3547; x_wconf 73' lang='grc' dir='ltr'>τέλους</span> <span class='ocrx_word' id='word_1_489' title='bbox 1238 3482 1294 3534; x_wconf 91' lang='grc' dir='ltr'><strong>τί</strong></span> <span class='ocrx_word' id='word_1_490' title='bbox 1339 3483 1576 3553; x_wconf 79' lang='grc' dir='ltr'>προορᾷ,</span> <span class='ocrx_word' id='word_1_491' title='bbox 1620 3480 1902 3551; x_wconf 83' lang='grc' dir='ltr'>Μεγάλην,</span> <span class='ocrx_word' id='word_1_492' title='bbox 1941 3478 2115 3546; x_wconf 79' lang='grc' dir='ltr'>εἶπεν,</span> <span class='ocrx_word' id='word_1_493' title='bbox 2150 3483 2242 3536; x_wconf 76' lang='grc' dir='ltr'>ἐπὶ</span> <span class='ocrx_word' id='word_1_494' title='bbox 2286 3485 2354 3538; x_wconf 81' lang='grc' dir='ltr'>τὰ</span> <span class='ocrx_word' id='word_1_495' title='bbox 2384 3485 2602 3539; x_wconf 79' lang='grc' dir='ltr'>ἐναντία</span> <span class='ocrx_word' id='word_1_496' title='bbox 2630 3486 2924 3556; x_wconf 75' lang='grc' dir='ltr'>δηλοῦσθαι</span> <span class='ocrx_word' id='word_1_497' title='bbox 2954 3488 3256 3560; x_wconf 76' lang='grc' dir='ltr'>μεταϐολὴν</span> <span class='ocrx_word' id='word_1_498' title='bbox 3324 3493 3421 3546; x_wconf 56' lang='grc' dir='ltr'><strong>καὶ⁵</strong></span> <span class='ocrx_word' id='word_1_499' title='bbox 3455 3510 3559 3562; x_wconf 80' lang='grc' dir='ltr'>με·</span> 
     </span>
    </p>
   </div>
   <div class='ocr_carea' id='block_1_69' title="bbox 291 3572 3555 3651">
    <p class='ocr_par' dir='ltr' id='par_1_69' title="bbox 291 3572 3555 3651">
     <span class='ocr_line' id='line_1_69' title="bbox 291 3572 3555 3651; baseline 0.001 -15"><span class='ocrx_word' id='word_1_500' title='bbox 291 3584 594 3637; x_wconf 85' lang='grc' dir='ltr'>τάπτωσιν.</span> <span class='ocrx_word' id='word_1_501' title='bbox 619 3579 683 3631; x_wconf 84' lang='grc' dir='ltr'>Εί</span> <span class='ocrx_word' id='word_1_502' title='bbox 720 3579 819 3648; x_wconf 89' lang='grc' dir='ltr'><strong>μέν</strong></span> <span class='ocrx_word' id='word_1_503' title='bbox 842 3572 941 3630; x_wconf 81' lang='grc' dir='ltr'>οὖν</span> <span class='ocrx_word' id='word_1_504' title='bbox 965 3572 1026 3628; x_wconf 81' lang='grc' dir='ltr'>εὖ</span> <span class='ocrx_word' id='word_1_505' title='bbox 1054 3574 1318 3645; x_wconf 87' lang='grc' dir='ltr'>πράττεις</span> <span class='ocrx_word' id='word_1_506' title='bbox 1351 3572 1412 3626; x_wconf 89' lang='grc' dir='ltr'><strong>ἐν</strong></span> <span class='ocrx_word' id='word_1_507' title='bbox 1441 3572 1519 3642; x_wconf 83' lang='grc' dir='ltr'>τῷ</span> <span class='ocrx_word' id='word_1_508' title='bbox 1540 3574 1789 3643; x_wconf 87' lang='grc' dir='ltr'>παρόντι,</span> <span class='ocrx_word' id='word_1_509' title='bbox 1810 3573 1926 3643; x_wconf 74' lang='grc' dir='ltr'><strong>Δτὴν</strong></span> <span class='ocrx_word' id='word_1_510' title='bbox 1942 3572 2158 3645; x_wconf 85' lang='grc' dir='ltr'>χείρονα</span> <span class='ocrx_word' id='word_1_511' title='bbox 2195 3577 2467 3646; x_wconf 88' lang='grc' dir='ltr'>προσδόκα</span> <span class='ocrx_word' id='word_1_512' title='bbox 2494 3578 2688 3648; x_wconf 82' lang='grc' dir='ltr'>τύχην,</span> <span class='ocrx_word' id='word_1_513' title='bbox 2734 3580 2783 3632; x_wconf 80' lang='grc' dir='ltr'><strong>εί</strong></span> <span class='ocrx_word' id='word_1_514' title='bbox 2811 3579 2868 3632; x_wconf 88' lang='grc' dir='ltr'><strong>δέ</strong></span> <span class='ocrx_word' id='word_1_515' title='bbox 2900 3579 3108 3647; x_wconf 83' lang='grc' dir='ltr'>κακῶς,</span> <span class='ocrx_word' id='word_1_516' title='bbox 3133 3579 3230 3650; x_wconf 80' lang='grc' dir='ltr'>τὴν</span> <span class='ocrx_word' id='word_1_517' title='bbox 3264 3582 3555 3651; x_wconf 86' lang='grc' dir='ltr'>ἀμείνονα.</span> 
     </span>
    </p>
   </div>
   <div class='ocr_carea' id='block_1_70' title="bbox 366 3666 1875 3745">
    <p class='ocr_par' dir='ltr' id='par_1_70' title="bbox 366 3666 1875 3744">
     <span class='ocr_line' id='line_1_70' title="bbox 366 3666 1875 3744; baseline -0.008 -10"><span class='ocrx_word' id='word_1_518' title='bbox 366 3678 462 3734; x_wconf 81' lang='lat' dir='ltr'><strong>1X.</strong></span> <span class='ocrx_word' id='word_1_519' title='bbox 510 3674 697 3732; x_wconf 84' lang='lat' dir='ltr'><strong>Pridie</strong></span> <span class='ocrx_word' id='word_1_520' title='bbox 721 3688 887 3744; x_wconf 84' lang='lat' dir='ltr'><strong>quam</strong></span> <span class='ocrx_word' id='word_1_521' title='bbox 912 3678 1216 3743; x_wconf 88' lang='lat' dir='ltr'><strong>pugnatum</strong></span> <span class='ocrx_word' id='word_1_522' title='bbox 1248 3677 1354 3733; x_wconf 91' lang='lat' dir='ltr'><strong>est,</strong></span> <span class='ocrx_word' id='word_1_523' title='bbox 1401 3683 1432 3723; x_wconf 92' lang='lat' dir='ltr'><strong>a</strong></span> <span class='ocrx_word' id='word_1_524' title='bbox 1461 3666 1680 3725; x_wconf 71' lang='lat' dir='ltr'><strong>Caasare</strong></span> <span class='ocrx_word' id='word_1_525' title='bbox 1708 3682 1875 3723; x_wconf 82' lang='lat' dir='ltr'><strong>excu-</strong></span> 
     </span>
    </p>
   </div>
   <div class='ocr_carea' id='block_1_71' title="bbox 1978 3666 3557 3745">
    <p class='ocr_par' dir='ltr' id='par_1_71' title="bbox 2050 3670 3557 3745">
     <span class='ocr_line' id='line_1_71' title="bbox 2050 3670 3557 3745; baseline 0.007 -23"><span class='ocrx_word' id='word_1_526' title='bbox 2050 3670 2128 3723; x_wconf 78' lang='lat'><strong>6’.</strong></span> <span class='ocrx_word' id='word_1_527' title='bbox 2158 3672 2240 3745; x_wconf 76' lang='grc' dir='ltr'><strong>Τῇ</strong></span> <span class='ocrx_word' id='word_1_528' title='bbox 2270 3672 2327 3727; x_wconf 89' lang='grc' dir='ltr'><strong>δέ</strong></span> <span class='ocrx_word' id='word_1_529' title='bbox 2360 3673 2467 3741; x_wconf 76' lang='grc' dir='ltr'>πρὸ</span> <span class='ocrx_word' id='word_1_530' title='bbox 2499 3675 2599 3744; x_wconf 80' lang='grc' dir='ltr'>τῆς</span> <span class='ocrx_word' id='word_1_531' title='bbox 2624 3675 2803 3745; x_wconf 86' lang='grc' dir='ltr'>μάχης</span> <span class='ocrx_word' id='word_1_532' title='bbox 2834 3674 2995 3728; x_wconf 73' lang='grc' dir='ltr'>νυκτὶ</span> <span class='ocrx_word' id='word_1_533' title='bbox 3022 3675 3121 3739; x_wconf 84' lang='grc' dir='ltr'><strong>τὰς</strong></span> <span class='ocrx_word' id='word_1_534' title='bbox 3154 3677 3406 3745; x_wconf 82' lang='grc' dir='ltr'>φυλακὰς</span> <span class='ocrx_word' id='word_1_535' title='bbox 3450 3696 3557 3733; x_wconf 84' lang='grc' dir='ltr'>πε-</span> 
     </span>
    </p>
   </div>
   <div class='ocr_carea' id='block_1_72' title="bbox 293 3758 1875 3844">
    <p class='ocr_par' dir='ltr' id='par_1_72' title="bbox 293 3758 1873 3828">
     <span class='ocr_line' id='line_1_72' title="bbox 293 3758 1873 3828; baseline -0.008 -5"><span class='ocrx_word' id='word_1_536' title='bbox 293 3769 416 3823; x_wconf 86' lang='lat' dir='ltr'><strong>bias</strong></span> <span class='ocrx_word' id='word_1_537' title='bbox 464 3765 571 3821; x_wconf 90' lang='lat' dir='ltr'><strong>sub</strong></span> <span class='ocrx_word' id='word_1_538' title='bbox 605 3764 844 3819; x_wconf 89' lang='lat' dir='ltr'><strong>mediam</strong></span> <span class='ocrx_word' id='word_1_539' title='bbox 883 3770 1105 3817; x_wconf 89' lang='lat' dir='ltr'><strong>noctem</strong></span> <span class='ocrx_word' id='word_1_540' title='bbox 1149 3758 1417 3822; x_wconf 90' lang='lat' dir='ltr'><strong>obeunte,</strong></span> <span class='ocrx_word' id='word_1_541' title='bbox 1447 3768 1742 3828; x_wconf 90' lang='lat' dir='ltr'><strong>conspecta</strong></span> <span class='ocrx_word' id='word_1_542' title='bbox 1786 3765 1873 3813; x_wconf 88' lang='lat' dir='ltr'><strong>est</strong></span> 
     </span>
    </p>
   </div>
   <div class='ocr_carea' id='block_1_73' title="bbox 1978 3758 3557 3844">
    <p class='ocr_par' dir='ltr' id='par_1_73' title="bbox 1979 3762 3557 3844">
     <span class='ocr_line' id='line_1_73' title="bbox 1979 3762 3557 3844; baseline 0.001 -27"><span class='ocrx_word' id='word_1_543' title='bbox 1979 3762 2211 3835; x_wconf 87' lang='grc' dir='ltr'>ριιόντος</span> <span class='ocrx_word' id='word_1_544' title='bbox 2240 3767 2370 3836; x_wconf 73' lang='grc' dir='ltr'>περὶ</span> <span class='ocrx_word' id='word_1_545' title='bbox 2400 3766 2459 3819; x_wconf 86' lang='grc' dir='ltr'>τὸ</span> <span class='ocrx_word' id='word_1_546' title='bbox 2496 3766 2852 3837; x_wconf 87' lang='grc' dir='ltr'>μεσονύκτιον</span> <span class='ocrx_word' id='word_1_547' title='bbox 2892 3767 3172 3839; x_wconf 82' lang='grc' dir='ltr'>Καίσαρος</span> <span class='ocrx_word' id='word_1_548' title='bbox 3210 3768 3369 3841; x_wconf 78' lang='grc' dir='ltr'>ὤφθη</span> <span class='ocrx_word' id='word_1_549' title='bbox 3407 3773 3557 3844; x_wconf 82' lang='grc' dir='ltr'>λαμ-</span> 
     </span>
    </p>
   </div>
   <div class='ocr_carea' id='block_1_74' title="bbox 292 3848 1869 3926">
    <p class='ocr_par' dir='ltr' id='par_1_74' title="bbox 292 3848 1869 3926">
     <span class='ocr_line' id='line_1_74' title="bbox 292 3848 1869 3926; baseline -0.01 -10"><span class='ocrx_word' id='word_1_550' title='bbox 292 3860 385 3915; x_wconf 81' lang='lat' dir='ltr'><strong>fax</strong></span> <span class='ocrx_word' id='word_1_551' title='bbox 416 3857 657 3916; x_wconf 73' lang='lat' dir='ltr'><strong>caelestis</strong></span> <span class='ocrx_word' id='word_1_552' title='bbox 695 3855 857 3926; x_wconf 88' lang='lat' dir='ltr'><strong>ignis,</strong></span> <span class='ocrx_word' id='word_1_553' title='bbox 884 3867 1048 3923; x_wconf 90' lang='lat' dir='ltr'><strong>quam</strong></span> <span class='ocrx_word' id='word_1_554' title='bbox 1082 3864 1249 3920; x_wconf 86' lang='lat' dir='ltr'><strong>supra</strong></span> <span class='ocrx_word' id='word_1_555' title='bbox 1274 3863 1374 3904; x_wconf 88' lang='lat' dir='ltr'><strong>sua</strong></span> <span class='ocrx_word' id='word_1_556' title='bbox 1404 3861 1586 3905; x_wconf 89' lang='lat' dir='ltr'><strong>castra</strong></span> <span class='ocrx_word' id='word_1_557' title='bbox 1608 3848 1869 3916; x_wconf 89' lang='lat' dir='ltr'><strong>delatam,</strong></span> 
     </span>
    </p>
   </div>
   <div class='ocr_carea' id='block_1_75' title="bbox 292 3939 1871 4022">
    <p class='ocr_par' dir='ltr' id='par_1_75' title="bbox 292 3939 1871 4022">
     <span class='ocr_line' id='line_1_75' title="bbox 292 3939 1871 4022; baseline -0.009 -14"><span class='ocrx_word' id='word_1_558' title='bbox 292 3950 742 4022; x_wconf 82' lang='lat' dir='ltr'><strong>reSplendentem</strong></span> <span class='ocrx_word' id='word_1_559' title='bbox 786 3956 845 4003; x_wconf 89' lang='lat' dir='ltr'><strong>et</strong></span> <span class='ocrx_word' id='word_1_560' title='bbox 889 3944 1267 4000; x_wconf 77' lang='lat' dir='ltr'><strong>flammantem</strong></span> <span class='ocrx_word' id='word_1_561' title='bbox 1300 3942 1356 3997; x_wconf 92' lang='lat' dir='ltr'><strong>in</strong></span> <span class='ocrx_word' id='word_1_562' title='bbox 1395 3950 1577 3996; x_wconf 90' lang='lat' dir='ltr'><strong>castra</strong></span> <span class='ocrx_word' id='word_1_563' title='bbox 1623 3939 1871 4011; x_wconf 89' lang='lat' dir='ltr'><strong>Pompeii</strong></span> 
     </span>
    </p>
   </div>
   <div class='ocr_carea' id='block_1_76' title="bbox 292 4033 1877 4113">
    <p class='ocr_par' dir='ltr' id='par_1_76' title="bbox 292 4033 1877 4113">
     <span class='ocr_line' id='line_1_76' title="bbox 292 4033 1877 4113; baseline -0.01 -12"><span class='ocrx_word' id='word_1_564' title='bbox 292 4044 493 4101; x_wconf 90' lang='lat' dir='ltr'><strong>cadere</strong></span> <span class='ocrx_word' id='word_1_565' title='bbox 537 4040 773 4113; x_wconf 85' lang='lat' dir='ltr'><strong>putavit.</strong></span> <span class='ocrx_word' id='word_1_566' title='bbox 816 4037 1073 4094; x_wconf 89' lang='lat' dir='ltr'><strong>Diluculo</strong></span> <span class='ocrx_word' id='word_1_567' title='bbox 1102 4050 1227 4091; x_wconf 89' lang='lat' dir='ltr'><strong>cum</strong></span> <span class='ocrx_word' id='word_1_568' title='bbox 1269 4033 1647 4104; x_wconf 90' lang='lat' dir='ltr'><strong>speculatores</strong></span> <span class='ocrx_word' id='word_1_569' title='bbox 1681 4047 1877 4087; x_wconf 89' lang='lat' dir='ltr'><strong>narra-</strong></span> 
     </span>
    </p>
   </div>
   <div class='ocr_carea' id='block_1_77' title="bbox 290 4123 1874 4202">
    <p class='ocr_par' dir='ltr' id='par_1_77' title="bbox 290 4123 1874 4202">
     <span class='ocr_line' id='line_1_77' title="bbox 290 4123 1874 4202; baseline -0.009 -11"><span class='ocrx_word' id='word_1_570' title='bbox 290 4141 443 4202; x_wconf 86' lang='lat' dir='ltr'><strong>rent,</strong></span> <span class='ocrx_word' id='word_1_571' title='bbox 491 4134 683 4190; x_wconf 87' lang='lat' dir='ltr'><strong>hostes</strong></span> <span class='ocrx_word' id='word_1_572' title='bbox 726 4131 795 4186; x_wconf 89' lang='lat' dir='ltr'><strong>ad</strong></span> <span class='ocrx_word' id='word_1_573' title='bbox 840 4143 1080 4201; x_wconf 87' lang='lat' dir='ltr'><strong>pugnam</strong></span> <span class='ocrx_word' id='word_1_574' title='bbox 1127 4125 1466 4182; x_wconf 87' lang='lat' dir='ltr'><strong>descendere</strong></span> <span class='ocrx_word' id='word_1_575' title='bbox 1499 4140 1514 4178; x_wconf 90' lang='lat'><strong>:</strong></span> <span class='ocrx_word' id='word_1_576' title='bbox 1544 4123 1738 4179; x_wconf 82' lang='lat' dir='ltr'><strong>laetitia</strong></span> <span class='ocrx_word' id='word_1_577' title='bbox 1774 4138 1874 4178; x_wconf 80' lang='lat' dir='ltr'><strong>ex-</strong></span> 
     </span>
    </p>
   </div>
   <div class='ocr_carea' id='block_1_78' title="bbox 290 4215 1874 4296">
    <p class='ocr_par' dir='ltr' id='par_1_78' title="bbox 290 4215 1874 4296">
     <span class='ocr_line' id='line_1_78' title="bbox 290 4215 1874 4296; baseline -0.011 -10"><span class='ocrx_word' id='word_1_578' title='bbox 290 4228 507 4286; x_wconf 83' lang='lat' dir='ltr'><strong>sultans</strong></span> <span class='ocrx_word' id='word_1_579' title='bbox 548 4223 802 4296; x_wconf 65' lang='lat' dir='ltr'><strong>prelium</strong></span> <span class='ocrx_word' id='word_1_580' title='bbox 853 4221 1002 4285; x_wconf 89' lang='lat' dir='ltr'><strong>iniit,</strong></span> <span class='ocrx_word' id='word_1_581' title='bbox 1050 4226 1109 4273; x_wconf 90' lang='lat' dir='ltr'><strong>et</strong></span> <span class='ocrx_word' id='word_1_582' title='bbox 1148 4216 1396 4286; x_wconf 83' lang='lat' dir='ltr'><strong>Pompeii</strong></span> <span class='ocrx_word' id='word_1_583' title='bbox 1435 4215 1744 4271; x_wconf 78' lang='lat' dir='ltr'><strong>exercitum</strong></span> <span class='ocrx_word' id='word_1_584' title='bbox 1783 4228 1874 4284; x_wconf 84' lang='lat' dir='ltr'><strong>pe-</strong></span> 
     </span>
    </p>
   </div>
   <div class='ocr_carea' id='block_1_79' title="bbox 289 4305 1873 4395">
    <p class='ocr_par' dir='ltr' id='par_1_79' title="bbox 289 4305 1873 4395">
     <span class='ocr_line' id='line_1_79' title="bbox 289 4305 1873 4395; baseline -0.013 -16"><span class='ocrx_word' id='word_1_585' title='bbox 289 4322 456 4395; x_wconf 90' lang='lat' dir='ltr'><strong>pulit.</strong></span> <span class='ocrx_word' id='word_1_586' title='bbox 488 4310 742 4387; x_wconf 77' lang='lat' dir='ltr'><strong>Quicum</strong></span> <span class='ocrx_word' id='word_1_587' title='bbox 784 4308 917 4371; x_wconf 84' lang='lat' dir='ltr'><strong>suos</strong></span> <span class='ocrx_word' id='word_1_588' title='bbox 950 4313 1169 4383; x_wconf 87' lang='lat' dir='ltr'><strong>equites</strong></span> <span class='ocrx_word' id='word_1_589' title='bbox 1204 4310 1331 4380; x_wconf 85' lang='lat' dir='ltr'><strong>fuga</strong></span> <span class='ocrx_word' id='word_1_590' title='bbox 1373 4308 1670 4377; x_wconf 83' lang='lat' dir='ltr'><strong>dissipatos</strong></span> <span class='ocrx_word' id='word_1_591' title='bbox 1699 4305 1873 4360; x_wconf 89' lang='lat' dir='ltr'><strong>vidis-</strong></span> 
     </span>
    </p>
   </div>
   <div class='ocr_carea' id='block_1_80' title="bbox 290 4403 1871 4487">
    <p class='ocr_par' dir='ltr' id='par_1_80' title="bbox 290 4403 1871 4487">
     <span class='ocr_line' id='line_1_80' title="bbox 290 4403 1871 4487; baseline -0.013 -11"><span class='ocrx_word' id='word_1_592' title='bbox 290 4429 397 4487; x_wconf 89' lang='lat' dir='ltr'><strong>set,</strong></span> <span class='ocrx_word' id='word_1_593' title='bbox 445 4433 560 4474; x_wconf 89' lang='lat' dir='ltr'><strong>non</strong></span> <span class='ocrx_word' id='word_1_594' title='bbox 600 4414 844 4485; x_wconf 91' lang='lat' dir='ltr'><strong>amplius</strong></span> <span class='ocrx_word' id='word_1_595' title='bbox 875 4411 1023 4467; x_wconf 91' lang='lat' dir='ltr'><strong>idem</strong></span> <span class='ocrx_word' id='word_1_596' title='bbox 1059 4408 1189 4474; x_wconf 87' lang='lat' dir='ltr'><strong>fuit,</strong></span> <span class='ocrx_word' id='word_1_597' title='bbox 1229 4420 1411 4477; x_wconf 89' lang='lat' dir='ltr'><strong>neque</strong></span> <span class='ocrx_word' id='word_1_598' title='bbox 1451 4420 1511 4460; x_wconf 87' lang='lat' dir='ltr'><strong>se</strong></span> <span class='ocrx_word' id='word_1_599' title='bbox 1546 4403 1871 4473; x_wconf 88' lang='lat' dir='ltr'><strong>Pompeium</strong></span> 
     </span>
    </p>
   </div>
   <div class='ocr_carea' id='block_1_81' title="bbox 289 4497 1873 4584">
    <p class='ocr_par' dir='ltr' id='par_1_81' title="bbox 289 4497 1873 4584">
     <span class='ocr_line' id='line_1_81' title="bbox 289 4497 1873 4584; baseline -0.013 -15"><span class='ocrx_word' id='word_1_600' title='bbox 289 4514 545 4584; x_wconf 82' lang='lat' dir='ltr'><strong>Magnum</strong></span> <span class='ocrx_word' id='word_1_601' title='bbox 571 4524 697 4564; x_wconf 87' lang='lat' dir='ltr'><strong>esse</strong></span> <span class='ocrx_word' id='word_1_602' title='bbox 730 4505 984 4562; x_wconf 87' lang='lat' dir='ltr'><strong>meminit</strong></span> <span class='ocrx_word' id='word_1_603' title='bbox 1008 4521 1022 4557; x_wconf 89' lang='lat'><strong>:</strong></span> <span class='ocrx_word' id='word_1_604' title='bbox 1054 4503 1151 4559; x_wconf 89' lang='lat' dir='ltr'><strong>sed</strong></span> <span class='ocrx_word' id='word_1_605' title='bbox 1175 4501 1417 4557; x_wconf 88' lang='lat' dir='ltr'><strong>attonito</strong></span> <span class='ocrx_word' id='word_1_606' title='bbox 1435 4497 1657 4561; x_wconf 88' lang='lat' dir='ltr'><strong>similis,</strong></span> <span class='ocrx_word' id='word_1_607' title='bbox 1683 4505 1873 4550; x_wconf 89' lang='lat' dir='ltr'><strong>mutus</strong></span> 
     </span>
    </p>
   </div>
   <div class='ocr_carea' id='block_1_82' title="bbox 291 4590 1876 4668">
    <p class='ocr_par' dir='ltr' id='par_1_82' title="bbox 291 4590 1876 4668">
     <span class='ocr_line' id='line_1_82' title="bbox 291 4590 1876 4668; baseline -0.013 -7"><span class='ocrx_word' id='word_1_608' title='bbox 291 4603 715 4661; x_wconf 88' lang='lat' dir='ltr'><strong>tabernaculum</strong></span> <span class='ocrx_word' id='word_1_609' title='bbox 741 4600 1042 4668; x_wconf 82' lang='lat' dir='ltr'><strong>ingressus,</strong></span> <span class='ocrx_word' id='word_1_610' title='bbox 1062 4602 1320 4650; x_wconf 84' lang='lat' dir='ltr'><strong>eventum</strong></span> <span class='ocrx_word' id='word_1_611' title='bbox 1353 4590 1556 4647; x_wconf 86' lang='lat' dir='ltr'><strong>sedens</strong></span> <span class='ocrx_word' id='word_1_612' title='bbox 1592 4597 1876 4657; x_wconf 78' lang='lat' dir='ltr'><strong>exspecta-</strong></span> 
     </span>
    </p>
   </div>
   <div class='ocr_carea' id='block_1_83' title="bbox 288 4678 1872 4751">
    <p class='ocr_par' dir='ltr' id='par_1_83' title="bbox 288 4678 1872 4751">
     <span class='ocr_line' id='line_1_83' title="bbox 288 4678 1872 4751; baseline -0.013 0"><span class='ocrx_word' id='word_1_613' title='bbox 288 4698 389 4751; x_wconf 81' lang='lat' dir='ltr'><strong>vit.</strong></span> <span class='ocrx_word' id='word_1_614' title='bbox 439 4691 706 4747; x_wconf 80' lang='lat' dir='ltr'><strong>Hostibus</strong></span> <span class='ocrx_word' id='word_1_615' title='bbox 742 4703 874 4742; x_wconf 84' lang='lat' dir='ltr'><strong>vero</strong></span> <span class='ocrx_word' id='word_1_616' title='bbox 926 4687 1131 4741; x_wconf 84' lang='lat' dir='ltr'><strong>vallum</strong></span> <span class='ocrx_word' id='word_1_617' title='bbox 1182 4682 1619 4744; x_wconf 88' lang='lat' dir='ltr'><strong>invadentibus,</strong></span> <span class='ocrx_word' id='word_1_618' title='bbox 1674 4678 1872 4732; x_wconf 86' lang='lat' dir='ltr'><strong>habitu</strong></span> 
     </span>
    </p>
   </div>
   <div class='ocr_carea' id='block_1_84' title="bbox 290 4769 1872 4857">
    <p class='ocr_par' dir='ltr' id='par_1_84' title="bbox 290 4769 1872 4857">
     <span class='ocr_line' id='line_1_84' title="bbox 290 4769 1872 4857; baseline -0.013 -16"><span class='ocrx_word' id='word_1_619' title='bbox 290 4784 527 4857; x_wconf 85' lang='lat' dir='ltr'><strong>fugienti</strong></span> <span class='ocrx_word' id='word_1_620' title='bbox 569 4790 698 4850; x_wconf 87' lang='lat' dir='ltr'><strong>apto</strong></span> <span class='ocrx_word' id='word_1_621' title='bbox 726 4787 970 4848; x_wconf 89' lang='lat' dir='ltr'><strong>sumpto,</strong></span> <span class='ocrx_word' id='word_1_622' title='bbox 1026 4791 1086 4831; x_wconf 92' lang='lat' dir='ltr'><strong>se</strong></span> <span class='ocrx_word' id='word_1_623' title='bbox 1118 4774 1405 4831; x_wconf 77' lang='lat' dir='ltr'><strong>subduxit.</strong></span> <span class='ocrx_word' id='word_1_624' title='bbox 1455 4770 1638 4827; x_wconf 72' lang='lat' dir='ltr'><strong>Cazsar</strong></span> <span class='ocrx_word' id='word_1_625' title='bbox 1705 4769 1872 4822; x_wconf 87' lang='lat' dir='ltr'><strong>etiam</strong></span> 
     </span>
    </p>
   </div>
   <div class='ocr_carea' id='block_1_85' title="bbox 291 4862 1874 4943">
    <p class='ocr_par' dir='ltr' id='par_1_85' title="bbox 291 4862 1874 4943">
     <span class='ocr_line' id='line_1_85' title="bbox 291 4862 1874 4943; baseline -0.013 -9"><span class='ocrx_word' id='word_1_626' title='bbox 291 4875 492 4935; x_wconf 88' lang='lat' dir='ltr'><strong>castris</strong></span> <span class='ocrx_word' id='word_1_627' title='bbox 522 4872 756 4943; x_wconf 89' lang='lat' dir='ltr'><strong>potitus,</strong></span> <span class='ocrx_word' id='word_1_628' title='bbox 792 4877 983 4936; x_wconf 85' lang='lat' dir='ltr'><strong>captos</strong></span> <span class='ocrx_word' id='word_1_629' title='bbox 1010 4869 1065 4921; x_wconf 93' lang='lat' dir='ltr'><strong>in</strong></span> <span class='ocrx_word' id='word_1_630' title='bbox 1098 4882 1224 4921; x_wconf 90' lang='lat' dir='ltr'><strong>suas</strong></span> <span class='ocrx_word' id='word_1_631' title='bbox 1253 4865 1502 4936; x_wconf 85' lang='lat' dir='ltr'><strong>legiones</strong></span> <span class='ocrx_word' id='word_1_632' title='bbox 1530 4862 1786 4925; x_wconf 90' lang='lat' dir='ltr'><strong>inseruit,</strong></span> <span class='ocrx_word' id='word_1_633' title='bbox 1817 4869 1874 4916; x_wconf 89' lang='lat' dir='ltr'><strong>et</strong></span> 
     </span>
    </p>
   </div>
   <div class='ocr_carea' id='block_1_86' title="bbox 1975 3855 3558 3935">
    <p class='ocr_par' dir='ltr' id='par_1_86' title="bbox 1975 3855 3558 3935">
     <span class='ocr_line' id='line_1_86' title="bbox 1975 3855 3558 3935; baseline 0.007 -26"><span class='ocrx_word' id='word_1_634' title='bbox 1975 3855 2086 3919; x_wconf 78' lang='grc' dir='ltr'>τιὰς</span> <span class='ocrx_word' id='word_1_635' title='bbox 2132 3856 2388 3928; x_wconf 86' lang='grc' dir='ltr'>οὐρανίου</span> <span class='ocrx_word' id='word_1_636' title='bbox 2438 3856 2631 3928; x_wconf 78' lang='grc' dir='ltr'>πυρὸς,</span> <span class='ocrx_word' id='word_1_637' title='bbox 2685 3859 2753 3930; x_wconf 74' lang='grc' dir='ltr'>ἣν</span> <span class='ocrx_word' id='word_1_638' title='bbox 2791 3858 2852 3913; x_wconf 78' lang='grc' dir='ltr'>τὸ</span> <span class='ocrx_word' id='word_1_639' title='bbox 2892 3858 3057 3913; x_wconf 82' lang='grc' dir='ltr'>αὑτοῦ</span> <span class='ocrx_word' id='word_1_640' title='bbox 3095 3860 3558 3935; x_wconf 80' lang='grc' dir='ltr'>ὑπερενεχθεῖσαν</span> 
     </span>
    </p>
   </div>
   <div class='ocr_carea' id='block_1_87' title="bbox 1975 3947 3556 4030">
    <p class='ocr_par' dir='ltr' id='par_1_87' title="bbox 1975 3947 3556 4030">
     <span class='ocr_line' id='line_1_87' title="bbox 1975 3947 3556 4030; baseline 0.008 -31"><span class='ocrx_word' id='word_1_641' title='bbox 1975 3948 2336 4019; x_wconf 83' lang='grc' dir='ltr'>στρατόπεδον</span> <span class='ocrx_word' id='word_1_642' title='bbox 2360 3947 2527 4015; x_wconf 61' lang='grc' dir='ltr'>ἔϊοξε,</span> <span class='ocrx_word' id='word_1_643' title='bbox 2555 3949 2817 4020; x_wconf 82' lang='grc' dir='ltr'>λαμπρὰν</span> <span class='ocrx_word' id='word_1_644' title='bbox 2844 3950 2937 4003; x_wconf 72' lang='grc' dir='ltr'>καὶ</span> <span class='ocrx_word' id='word_1_645' title='bbox 2960 3949 3206 4023; x_wconf 80' lang='grc' dir='ltr'>φλογώδη</span> <span class='ocrx_word' id='word_1_646' title='bbox 3230 3958 3556 4030; x_wconf 87' lang='grc' dir='ltr'>γενομένην,</span> 
     </span>
    </p>
   </div>
   <div class='ocr_carea' id='block_1_88' title="bbox 1974 4039 3557 4121">
    <p class='ocr_par' dir='ltr' id='par_1_88' title="bbox 1974 4039 3557 4121">
     <span class='ocr_line' id='line_1_88' title="bbox 1974 4039 3557 4121; baseline 0.001 -29"><span class='ocrx_word' id='word_1_647' title='bbox 1974 4040 2054 4102; x_wconf 84' lang='grc' dir='ltr'><strong>είς</strong></span> <span class='ocrx_word' id='word_1_648' title='bbox 2083 4039 2144 4093; x_wconf 85' lang='grc' dir='ltr'>τὸ</span> <span class='ocrx_word' id='word_1_649' title='bbox 2175 4040 2465 4112; x_wconf 75' lang='grc' dir='ltr'>Πομπηΐου</span> <span class='ocrx_word' id='word_1_650' title='bbox 2501 4043 2715 4097; x_wconf 82' lang='grc' dir='ltr'>πεσεῖν.</span> <span class='ocrx_word' id='word_1_651' title='bbox 2741 4042 2884 4113; x_wconf 83' lang='grc' dir='ltr'>Ἤδη</span> <span class='ocrx_word' id='word_1_652' title='bbox 2914 4041 2971 4095; x_wconf 85' lang='grc' dir='ltr'>δὲ</span> <span class='ocrx_word' id='word_1_653' title='bbox 3001 4043 3387 4117; x_wconf 72' lang='grc' dir='ltr'>διαλαμψάσης</span> <span class='ocrx_word' id='word_1_654' title='bbox 3416 4052 3557 4121; x_wconf 73' lang='grc' dir='ltr'><strong>ἡμέ-</strong></span> 
     </span>
    </p>
   </div>
   <div class='ocr_carea' id='block_1_89' title="bbox 1978 4132 3558 4215">
    <p class='ocr_par' dir='ltr' id='par_1_89' title="bbox 1978 4132 3558 4215">
     <span class='ocr_line' id='line_1_89' title="bbox 1978 4132 3558 4215; baseline -0.006 -26"><span class='ocrx_word' id='word_1_655' title='bbox 1978 4148 2101 4203; x_wconf 83' lang='grc' dir='ltr'>ρας,</span> <span class='ocrx_word' id='word_1_656' title='bbox 2146 4132 2198 4185; x_wconf 78' lang='grc' dir='ltr'>οἱ</span> <span class='ocrx_word' id='word_1_657' title='bbox 2247 4132 2443 4186; x_wconf 70' lang='grc' dir='ltr'>σκοποὶ</span> <span class='ocrx_word' id='word_1_658' title='bbox 2481 4132 2833 4186; x_wconf 78' lang='grc' dir='ltr'>καταὸαίνειν</span> <span class='ocrx_word' id='word_1_659' title='bbox 2863 4133 3204 4202; x_wconf 83' lang='grc' dir='ltr'>ἀπήγγελλον</span> <span class='ocrx_word' id='word_1_660' title='bbox 3268 4139 3360 4192; x_wconf 72' lang='grc' dir='ltr'><strong>ἐπὶ</strong></span> <span class='ocrx_word' id='word_1_661' title='bbox 3406 4143 3558 4215; x_wconf 71' lang='grc' dir='ltr'>μάχῃ</span> 
     </span>
    </p>
   </div>
   <div class='ocr_carea' id='block_1_90' title="bbox 1973 4222 3558 4301">
    <p class='ocr_par' dir='ltr' id='par_1_90' title="bbox 1973 4222 3558 4301">
     <span class='ocr_line' id='line_1_90' title="bbox 1973 4222 3558 4301; baseline 0.008 -26"><span class='ocrx_word' id='word_1_662' title='bbox 1973 4223 2100 4288; x_wconf 82' lang='grc' dir='ltr'>τοὺς</span> <span class='ocrx_word' id='word_1_663' title='bbox 2138 4223 2453 4294; x_wconf 85' lang='grc' dir='ltr'>πολεμίους.</span> <span class='ocrx_word' id='word_1_664' title='bbox 2502 4222 2813 4294; x_wconf 78' lang='grc' dir='ltr'>Περιχαρὴς</span> <span class='ocrx_word' id='word_1_665' title='bbox 2845 4223 2902 4278; x_wconf 85' lang='grc' dir='ltr'><strong>δέ</strong></span> <span class='ocrx_word' id='word_1_666' title='bbox 2941 4225 3233 4294; x_wconf 82' lang='grc' dir='ltr'>γενόμενος</span> <span class='ocrx_word' id='word_1_667' title='bbox 3291 4231 3558 4301; x_wconf 80' lang='grc' dir='ltr'>ὥρμησεν</span> 
     </span>
    </p>
   </div>
   <div class='ocr_carea' id='block_1_91' title="bbox 1973 4314 3557 4397">
    <p class='ocr_par' dir='ltr' id='par_1_91' title="bbox 1973 4314 3557 4397">
     <span class='ocr_line' id='line_1_91' title="bbox 1973 4314 3557 4397; baseline 0.002 -30"><span class='ocrx_word' id='word_1_668' title='bbox 1973 4316 2056 4378; x_wconf 81' lang='grc' dir='ltr'><strong>είς</strong></span> <span class='ocrx_word' id='word_1_669' title='bbox 2080 4315 2292 4388; x_wconf 82' lang='grc' dir='ltr'>-μάχην,</span> <span class='ocrx_word' id='word_1_670' title='bbox 2332 4315 2429 4369; x_wconf 80' lang='grc' dir='ltr'>καὶ</span> <span class='ocrx_word' id='word_1_671' title='bbox 2476 4314 2765 4386; x_wconf 79' lang='grc' dir='ltr'>συμϐαλὼν</span> <span class='ocrx_word' id='word_1_672' title='bbox 2798 4318 2910 4379; x_wconf 87' lang='grc' dir='ltr'>τοῖς</span> <span class='ocrx_word' id='word_1_673' title='bbox 2950 4317 3042 4371; x_wconf 85' lang='grc' dir='ltr'>τοῦ</span> <span class='ocrx_word' id='word_1_674' title='bbox 3091 4318 3382 4392; x_wconf 80' lang='grc' dir='ltr'>Πομπηΐου</span> <span class='ocrx_word' id='word_1_675' title='bbox 3431 4328 3557 4397; x_wconf 79' lang='grc' dir='ltr'>τρέ-</span> 
     </span>
    </p>
   </div>
   <div class='ocr_carea' id='block_1_92' title="bbox 1976 4406 3557 4484">
    <p class='ocr_par' dir='ltr' id='par_1_92' title="bbox 1976 4406 3557 4484">
     <span class='ocr_line' id='line_1_92' title="bbox 1976 4406 3557 4484; baseline 0.007 -24"><span class='ocrx_word' id='word_1_676' title='bbox 1976 4424 2137 4461; x_wconf 85' lang='grc' dir='ltr'>πεται</span> <span class='ocrx_word' id='word_1_677' title='bbox 2185 4407 2417 4470; x_wconf 82' lang='grc' dir='ltr'>τούτοις.</span> <span class='ocrx_word' id='word_1_678' title='bbox 2478 4407 2763 4477; x_wconf 84' lang='grc' dir='ltr'>Πομπήϊος</span> <span class='ocrx_word' id='word_1_679' title='bbox 2802 4406 2861 4460; x_wconf 82' lang='grc' dir='ltr'><strong>δέ</strong></span> <span class='ocrx_word' id='word_1_680' title='bbox 2911 4407 3146 4463; x_wconf 87' lang='grc' dir='ltr'>κατιδὼν</span> <span class='ocrx_word' id='word_1_681' title='bbox 3190 4413 3320 4477; x_wconf 74' lang='grc' dir='ltr'>τοὺς</span> <span class='ocrx_word' id='word_1_682' title='bbox 3368 4415 3557 4484; x_wconf 73' lang='grc' dir='ltr'>ἱππεῖς</span> 
     </span>
    </p>
   </div>
   <div class='ocr_carea' id='block_1_93' title="bbox 1975 4491 3558 4581">
    <p class='ocr_par' dir='ltr' id='par_1_93' title="bbox 1975 4491 3558 4581">
     <span class='ocr_line' id='line_1_93' title="bbox 1975 4491 3558 4581; baseline 0.003 -28"><span class='ocrx_word' id='word_1_683' title='bbox 1975 4502 2120 4571; x_wconf 80' lang='grc' dir='ltr'>φυγῇ</span> <span class='ocrx_word' id='word_1_684' title='bbox 2147 4499 2566 4563; x_wconf 86' lang='grc' dir='ltr'>σκεδασθέντας,</span> <span class='ocrx_word' id='word_1_685' title='bbox 2591 4498 2777 4552; x_wconf 85' lang='grc' dir='ltr'>οὐκέτι</span> <span class='ocrx_word' id='word_1_686' title='bbox 2800 4495 2864 4568; x_wconf 85' lang='grc' dir='ltr'>ἦν</span> <span class='ocrx_word' id='word_1_687' title='bbox 2882 4499 2909 4551; x_wconf 92' lang='lat'><strong>6</strong></span> <span class='ocrx_word' id='word_1_688' title='bbox 2934 4500 3118 4567; x_wconf 79' lang='grc' dir='ltr'>αὐτὸς,</span> <span class='ocrx_word' id='word_1_689' title='bbox 3137 4501 3249 4555; x_wconf 78' lang='grc' dir='ltr'>οὐδ’</span> <span class='ocrx_word' id='word_1_690' title='bbox 3275 4491 3558 4581; x_wconf 79' lang='grc' dir='ltr'>ἐμέμνητο</span> 
     </span>
    </p>
   </div>
   <div class='ocr_carea' id='block_1_94' title="bbox 1974 4588 3557 4669">
    <p class='ocr_par' dir='ltr' id='par_1_94' title="bbox 1974 4588 3557 4669">
     <span class='ocr_line' id='line_1_94' title="bbox 1974 4588 3557 4669; baseline 0.006 -26"><span class='ocrx_word' id='word_1_691' title='bbox 1974 4591 2260 4661; x_wconf 85' lang='grc' dir='ltr'>Πομπήϊος</span> <span class='ocrx_word' id='word_1_692' title='bbox 2289 4588 2364 4643; x_wconf 84' lang='grc' dir='ltr'>ὣν</span> <span class='ocrx_word' id='word_1_693' title='bbox 2398 4589 2643 4656; x_wconf 83' lang='grc' dir='ltr'>Μάγνος,</span> <span class='ocrx_word' id='word_1_694' title='bbox 2673 4588 2788 4641; x_wconf 85' lang='grc' dir='ltr'>ἀλλ’</span> <span class='ocrx_word' id='word_1_695' title='bbox 2823 4588 2898 4652; x_wconf 88' lang='grc' dir='ltr'>ὡς</span> <span class='ocrx_word' id='word_1_696' title='bbox 2933 4590 3040 4644; x_wconf 81' lang='grc' dir='ltr'><strong>ὑπὸ</strong></span> <span class='ocrx_word' id='word_1_697' title='bbox 3067 4591 3204 4648; x_wconf 82' lang='grc' dir='ltr'>Θεοῦ</span> <span class='ocrx_word' id='word_1_698' title='bbox 3242 4595 3557 4669; x_wconf 80' lang='grc' dir='ltr'>βλαπτόμε-</span> 
     </span>
    </p>
   </div>
   <div class='ocr_carea' id='block_1_95' title="bbox 1973 4679 3556 4766">
    <p class='ocr_par' dir='ltr' id='par_1_95' title="bbox 1973 4679 3556 4766">
     <span class='ocr_line' id='line_1_95' title="bbox 1973 4679 3556 4766; baseline 0.001 -31"><span class='ocrx_word' id='word_1_699' title='bbox 1973 4700 2063 4747; x_wconf 90' lang='grc' dir='ltr'><strong>νος</strong></span> <span class='ocrx_word' id='word_1_700' title='bbox 2094 4681 2288 4753; x_wconf 80' lang='grc' dir='ltr'>ῷχετο,</span> <span class='ocrx_word' id='word_1_701' title='bbox 2317 4681 2594 4750; x_wconf 78' lang='grc' dir='ltr'>ἄφθογγος</span> <span class='ocrx_word' id='word_1_702' title='bbox 2627 4679 2805 4734; x_wconf 86' lang='grc' dir='ltr'>ἀπιὼν</span> <span class='ocrx_word' id='word_1_703' title='bbox 2836 4682 2930 4735; x_wconf 70' lang='grc' dir='ltr'>ἐπὶ</span> <span class='ocrx_word' id='word_1_704' title='bbox 2971 4686 3200 4756; x_wconf 82' lang='grc' dir='ltr'>σκηνὴν,</span> <span class='ocrx_word' id='word_1_705' title='bbox 3248 4692 3345 4744; x_wconf 70' lang='grc' dir='ltr'>καὶ</span> <span class='ocrx_word' id='word_1_706' title='bbox 3374 4693 3556 4766; x_wconf 76' lang='grc' dir='ltr'>καθή-</span> 
     </span>
    </p>
   </div>
   <div class='ocr_carea' id='block_1_96' title="bbox 1977 4773 3557 4856">
    <p class='ocr_par' dir='ltr' id='par_1_96' title="bbox 1977 4773 3557 4856">
     <span class='ocr_line' id='line_1_96' title="bbox 1977 4773 3557 4856; baseline 0.009 -29"><span class='ocrx_word' id='word_1_707' title='bbox 1977 4792 2137 4845; x_wconf 86' lang='grc' dir='ltr'>μενος</span> <span class='ocrx_word' id='word_1_708' title='bbox 2179 4774 2506 4844; x_wconf 82' lang='grc' dir='ltr'>ἐκαραδόκει</span> <span class='ocrx_word' id='word_1_709' title='bbox 2557 4773 2617 4828; x_wconf 79' lang='grc' dir='ltr'>τὸ</span> <span class='ocrx_word' id='word_1_710' title='bbox 2673 4774 2893 4843; x_wconf 86' lang='grc' dir='ltr'>μέλλον.</span> <span class='ocrx_word' id='word_1_711' title='bbox 2958 4776 3045 4842; x_wconf 81' lang='grc' dir='ltr'>Ὠς</span> <span class='ocrx_word' id='word_1_712' title='bbox 3085 4779 3142 4832; x_wconf 86' lang='grc' dir='ltr'>δὲ</span> <span class='ocrx_word' id='word_1_713' title='bbox 3174 4781 3271 4835; x_wconf 85' lang='grc' dir='ltr'>τοῦ</span> <span class='ocrx_word' id='word_1_714' title='bbox 3312 4780 3557 4856; x_wconf 81' lang='grc' dir='ltr'>χάρακος</span> 
     </span>
    </p>
   </div>
   <div class='ocr_carea' id='block_1_97' title="bbox 1974 4864 3558 4949">
    <p class='ocr_par' dir='ltr' id='par_1_97' title="bbox 1974 4864 3558 4949">
     <span class='ocr_line' id='line_1_97' title="bbox 1974 4864 3558 4949; baseline 0.008 -30"><span class='ocrx_word' id='word_1_715' title='bbox 1974 4866 2264 4921; x_wconf 79' lang='grc' dir='ltr'>ἐπέϐαινον</span> <span class='ocrx_word' id='word_1_716' title='bbox 2301 4867 2351 4919; x_wconf 83' lang='grc' dir='ltr'><strong>οι</strong></span> <span class='ocrx_word' id='word_1_717' title='bbox 2388 4864 2665 4935; x_wconf 86' lang='grc' dir='ltr'>πολέμιοι,</span> <span class='ocrx_word' id='word_1_718' title='bbox 2698 4865 2957 4934; x_wconf 85' lang='grc' dir='ltr'>φεύγοντι</span> <span class='ocrx_word' id='word_1_719' title='bbox 2990 4869 3313 4940; x_wconf 77' lang='grc' dir='ltr'>πρέπουσαν</span> <span class='ocrx_word' id='word_1_720' title='bbox 3359 4878 3558 4949; x_wconf 81' lang='grc' dir='ltr'>στολὴν</span> 
     </span>
    </p>
   </div>
   <div class='ocr_carea' id='block_1_98' title="bbox 293 4957 1875 5061">
    <p class='ocr_par' dir='ltr' id='par_1_98' title="bbox 293 4966 1866 5036">
     <span class='ocr_line' id='line_1_98' title="bbox 293 4966 1866 5036; baseline -0.012 -4"><span class='ocrx_word' id='word_1_721' title='bbox 293 4973 487 5032; x_wconf 87' lang='lat' dir='ltr'><strong>multis</strong></span> <span class='ocrx_word' id='word_1_722' title='bbox 519 4971 683 5026; x_wconf 79' lang='lat' dir='ltr'><strong>claris</strong></span> <span class='ocrx_word' id='word_1_723' title='bbox 717 4966 854 5023; x_wconf 65' lang='lat' dir='ltr'><strong>viris</strong></span> <span class='ocrx_word' id='word_1_724' title='bbox 886 4967 1214 5036; x_wconf 86' lang='lat' dir='ltr'><strong>impunitate</strong></span> <span class='ocrx_word' id='word_1_725' title='bbox 1243 4978 1530 5031; x_wconf 84' lang='lat' dir='ltr'><strong>concessa,</strong></span> <span class='ocrx_word' id='word_1_726' title='bbox 1570 4978 1601 5018; x_wconf 91' lang='lat' dir='ltr'><strong>e</strong></span> <span class='ocrx_word' id='word_1_727' title='bbox 1628 4976 1866 5032; x_wconf 88' lang='lat' dir='ltr'><strong>quorum</strong></span> 
     </span>
    </p>
   </div>
   <div class='ocr_carea' id='block_1_99' title="bbox 1978 4957 3557 5061">
    <p class='ocr_par' dir='ltr' id='par_1_99' title="bbox 1978 4957 3557 5038">
     <span class='ocr_line' id='line_1_99' title="bbox 1978 4957 3557 5038; baseline 0.008 -26"><span class='ocrx_word' id='word_1_728' title='bbox 1978 4958 2149 5022; x_wconf 68' lang='grc' dir='ltr'>ἐνδὺς,</span> <span class='ocrx_word' id='word_1_729' title='bbox 2194 4957 2516 5028; x_wconf 79' lang='grc' dir='ltr'>ὑπεξῆλθεν.</span> <span class='ocrx_word' id='word_1_730' title='bbox 2565 4957 2623 5011; x_wconf 84' lang='grc' dir='ltr'><strong>Ὀ</strong></span> <span class='ocrx_word' id='word_1_731' title='bbox 2660 4957 2718 5011; x_wconf 83' lang='grc' dir='ltr'><strong>δέ</strong></span> <span class='ocrx_word' id='word_1_732' title='bbox 2772 4960 2993 5030; x_wconf 84' lang='grc' dir='ltr'>Καῖσαρ</span> <span class='ocrx_word' id='word_1_733' title='bbox 3029 4963 3125 5016; x_wconf 78' lang='grc' dir='ltr'><strong>καὶ</strong></span> <span class='ocrx_word' id='word_1_734' title='bbox 3163 4964 3260 5017; x_wconf 82' lang='grc' dir='ltr'><strong>τοῦ</strong></span> <span class='ocrx_word' id='word_1_735' title='bbox 3310 4968 3557 5038; x_wconf 88' lang='grc' dir='ltr'>χάρακος</span> 
     </span>
    </p>
   </div>
   <div class='ocr_carea' id='block_1_100' title="bbox 293 5051 1871 5129">
    <p class='ocr_par' dir='ltr' id='par_1_100' title="bbox 293 5051 1871 5129">
     <span class='ocr_line' id='line_1_100' title="bbox 293 5051 1871 5129; baseline -0.012 -7"><span class='ocrx_word' id='word_1_736' title='bbox 293 5079 531 5123; x_wconf 87' lang='lat' dir='ltr'><strong>numero</strong></span> <span class='ocrx_word' id='word_1_737' title='bbox 559 5063 760 5117; x_wconf 86' lang='lat' dir='ltr'><strong>Brutus</strong></span> <span class='ocrx_word' id='word_1_738' title='bbox 786 5073 1006 5129; x_wconf 87' lang='lat' dir='ltr'><strong>quoque</strong></span> <span class='ocrx_word' id='word_1_739' title='bbox 1038 5056 1165 5122; x_wconf 86' lang='lat' dir='ltr'><strong>fuit,</strong></span> <span class='ocrx_word' id='word_1_740' title='bbox 1203 5056 1298 5125; x_wconf 90' lang='lat' dir='ltr'><strong>qui</strong></span> <span class='ocrx_word' id='word_1_741' title='bbox 1332 5070 1460 5109; x_wconf 89' lang='lat' dir='ltr'><strong>cum</strong></span> <span class='ocrx_word' id='word_1_742' title='bbox 1485 5063 1608 5124; x_wconf 91' lang='lat' dir='ltr'><strong>post</strong></span> <span class='ocrx_word' id='word_1_743' title='bbox 1643 5051 1871 5117; x_wconf 88' lang='lat' dir='ltr'><strong>occidit,</strong></span> 
     </span>
    </p>
   </div>
   <div class='ocr_carea' id='block_1_101' title="bbox 291 5148 1874 5231">
    <p class='ocr_par' dir='ltr' id='par_1_101' title="bbox 291 5148 1874 5231">
     <span class='ocr_line' id='line_1_101' title="bbox 291 5148 1874 5231; baseline -0.012 -12"><span class='ocrx_word' id='word_1_744' title='bbox 291 5160 618 5231; x_wconf 86' lang='lat' dir='ltr'><strong>Pompeium</strong></span> <span class='ocrx_word' id='word_1_745' title='bbox 644 5165 729 5212; x_wconf 87' lang='lat' dir='ltr'><strong>est</strong></span> <span class='ocrx_word' id='word_1_746' title='bbox 750 5154 918 5227; x_wconf 69' lang='grc'><strong>486</strong></span> <span class='ocrx_word' id='word_1_747' title='bbox 945 5160 1287 5224; x_wconf 84' lang='lat' dir='ltr'><strong>persecutus.</strong></span> <span class='ocrx_word' id='word_1_748' title='bbox 1323 5150 1373 5203; x_wconf 87' lang='lat' dir='ltr'><strong>is</strong></span> <span class='ocrx_word' id='word_1_749' title='bbox 1406 5163 1540 5203; x_wconf 86' lang='lat' dir='ltr'><strong>vero</strong></span> <span class='ocrx_word' id='word_1_750' title='bbox 1575 5148 1704 5202; x_wconf 83' lang='lat' dir='ltr'><strong>navi</strong></span> <span class='ocrx_word' id='word_1_751' title='bbox 1740 5162 1874 5201; x_wconf 86' lang='lat' dir='ltr'><strong>one-</strong></span> 
     </span>
    </p>
   </div>
   <div class='ocr_carea' id='block_1_102' title="bbox 290 5239 1874 5316">
    <p class='ocr_par' dir='ltr' id='par_1_102' title="bbox 290 5239 1874 5316">
     <span class='ocr_line' id='line_1_102' title="bbox 290 5239 1874 5316; baseline -0.011 -7"><span class='ocrx_word' id='word_1_752' title='bbox 290 5254 438 5309; x_wconf 87' lang='lat' dir='ltr'><strong>raria</strong></span> <span class='ocrx_word' id='word_1_753' title='bbox 478 5262 782 5307; x_wconf 83' lang='lat' dir='ltr'><strong>conscensa</strong></span> <span class='ocrx_word' id='word_1_754' title='bbox 826 5242 1235 5316; x_wconf 87' lang='lat' dir='ltr'><strong>Amphipolim,</strong></span> <span class='ocrx_word' id='word_1_755' title='bbox 1278 5250 1444 5311; x_wconf 86' lang='lat' dir='ltr'><strong>atque</strong></span> <span class='ocrx_word' id='word_1_756' title='bbox 1490 5239 1617 5294; x_wconf 88' lang='lat' dir='ltr'><strong>inde</strong></span> <span class='ocrx_word' id='word_1_757' title='bbox 1661 5239 1874 5309; x_wconf 81' lang='lat' dir='ltr'><strong>Mityle-</strong></span> 
     </span>
    </p>
   </div>
   <div class='ocr_carea' id='block_1_103' title="bbox 295 5328 1919 5411">
    <p class='ocr_par' dir='ltr' id='par_1_103' title="bbox 295 5328 1919 5411">
     <span class='ocr_line' id='line_1_103' title="bbox 295 5328 1919 5411; baseline -0.009 -14"><span class='ocrx_word' id='word_1_758' title='bbox 295 5358 421 5398; x_wconf 90' lang='lat' dir='ltr'><strong>nem</strong></span> <span class='ocrx_word' id='word_1_759' title='bbox 461 5350 546 5397; x_wconf 89' lang='lat' dir='ltr'><strong>est</strong></span> <span class='ocrx_word' id='word_1_760' title='bbox 576 5338 883 5411; x_wconf 83' lang='lat' dir='ltr'><strong>profectus.</strong></span> <span class='ocrx_word' id='word_1_761' title='bbox 920 5344 981 5390; x_wconf 92' lang='lat' dir='ltr'><strong>ut</strong></span> <span class='ocrx_word' id='word_1_762' title='bbox 1015 5333 1186 5388; x_wconf 82' lang='lat' dir='ltr'><strong>lilium</strong></span> <span class='ocrx_word' id='word_1_763' title='bbox 1213 5341 1271 5386; x_wconf 90' lang='lat' dir='ltr'><strong>et</strong></span> <span class='ocrx_word' id='word_1_764' title='bbox 1299 5344 1526 5385; x_wconf 74' lang='lat' dir='ltr'><strong>uxorem</strong></span> <span class='ocrx_word' id='word_1_765' title='bbox 1555 5328 1869 5383; x_wconf 83' lang='lat' dir='ltr'><strong>Corneliam</strong></span> <span class='ocrx_word' id='word_1_766' title='bbox 1905 5334 1919 5341; x_wconf 71' lang='lat'><em>‘</em></span> 
     </span>
    </p>
   </div>
   <div class='ocr_carea' id='block_1_104' title="bbox 292 5421 1867 5502">
    <p class='ocr_par' dir='ltr' id='par_1_104' title="bbox 292 5421 1867 5502">
     <span class='ocr_line' id='line_1_104' title="bbox 292 5421 1867 5502; baseline -0.006 -15"><span class='ocrx_word' id='word_1_767' title='bbox 292 5432 571 5502; x_wconf 89' lang='lat' dir='ltr'><strong>Scipionis</strong></span> <span class='ocrx_word' id='word_1_768' title='bbox 609 5428 810 5485; x_wconf 86' lang='lat' dir='ltr'><strong>Melelli</strong></span> <span class='ocrx_word' id='word_1_769' title='bbox 860 5427 1058 5490; x_wconf 84' lang='lat' dir='ltr'><strong>ﬁliam,</strong></span> <span class='ocrx_word' id='word_1_770' title='bbox 1117 5423 1246 5479; x_wconf 90' lang='lat' dir='ltr'><strong>inde</strong></span> <span class='ocrx_word' id='word_1_771' title='bbox 1300 5437 1490 5478; x_wconf 87' lang='lat' dir='ltr'><strong>secum</strong></span> <span class='ocrx_word' id='word_1_772' title='bbox 1542 5421 1867 5478; x_wconf 88' lang='lat' dir='ltr'><strong>abduceret.</strong></span> 
     </span>
    </p>
   </div>
   <div class='ocr_carea' id='block_1_105' title="bbox 291 5512 1870 5592">
    <p class='ocr_par' dir='ltr' id='par_1_105' title="bbox 291 5512 1870 5592">
     <span class='ocr_line' id='line_1_105' title="bbox 291 5512 1870 5592; baseline -0.006 -14"><span class='ocrx_word' id='word_1_773' title='bbox 291 5524 423 5589; x_wconf 68' lang='lat' dir='ltr'><strong>Quae</strong></span> <span class='ocrx_word' id='word_1_774' title='bbox 454 5538 579 5578; x_wconf 87' lang='lat' dir='ltr'><strong>cum</strong></span> <span class='ocrx_word' id='word_1_775' title='bbox 605 5522 757 5592; x_wconf 89' lang='lat' dir='ltr'><strong>virgo</strong></span> <span class='ocrx_word' id='word_1_776' title='bbox 779 5520 978 5576; x_wconf 86' lang='lat' dir='ltr'><strong>Publio</strong></span> <span class='ocrx_word' id='word_1_777' title='bbox 1008 5516 1192 5574; x_wconf 88' lang='lat' dir='ltr'><strong>Crassi</strong></span> <span class='ocrx_word' id='word_1_778' title='bbox 1222 5514 1335 5570; x_wconf 81' lang='lat' dir='ltr'><strong>ﬁlio</strong></span> <span class='ocrx_word' id='word_1_779' title='bbox 1359 5524 1530 5584; x_wconf 89' lang='lat' dir='ltr'><strong>nupta</strong></span> <span class='ocrx_word' id='word_1_780' title='bbox 1563 5512 1779 5577; x_wconf 83' lang='lat' dir='ltr'><strong>fuisset,</strong></span> <span class='ocrx_word' id='word_1_781' title='bbox 1801 5528 1870 5569; x_wconf 88' lang='lat' dir='ltr'><strong>eo</strong></span> 
     </span>
    </p>
   </div>
   <div class='ocr_carea' id='block_1_106' title="bbox 295 5608 1869 5682">
    <p class='ocr_par' dir='ltr' id='par_1_106' title="bbox 295 5608 1869 5682">
     <span class='ocr_line' id='line_1_106' title="bbox 295 5608 1869 5682; baseline -0.003 -14"><span class='ocrx_word' id='word_1_782' title='bbox 295 5633 325 5669; x_wconf 86' lang='lat' dir='ltr'><strong>a</strong></span> <span class='ocrx_word' id='word_1_783' title='bbox 384 5617 599 5671; x_wconf 82' lang='lat' dir='ltr'><strong>Parthis</strong></span> <span class='ocrx_word' id='word_1_784' title='bbox 644 5615 957 5678; x_wconf 85' lang='lat' dir='ltr'><strong>interfecto,</strong></span> <span class='ocrx_word' id='word_1_785' title='bbox 1017 5611 1284 5682; x_wconf 85' lang='lat' dir='ltr'><strong>Pompeio</strong></span> <span class='ocrx_word' id='word_1_786' title='bbox 1331 5610 1602 5679; x_wconf 90' lang='lat' dir='ltr'><strong>desponsa</strong></span> <span class='ocrx_word' id='word_1_787' title='bbox 1666 5608 1869 5676; x_wconf 85' lang='lat' dir='ltr'><strong>fuerat,</strong></span> 
     </span>
    </p>
   </div>
   <div class='ocr_carea' id='block_1_107' title="bbox 291 5700 1870 5777">
    <p class='ocr_par' dir='ltr' id='par_1_107' title="bbox 291 5700 1870 5777">
     <span class='ocr_line' id='line_1_107' title="bbox 291 5700 1870 5777; baseline -0.001 -20"><span class='ocrx_word' id='word_1_788' title='bbox 291 5707 472 5773; x_wconf 85' lang='lat' dir='ltr'><strong>puella</strong></span> <span class='ocrx_word' id='word_1_789' title='bbox 502 5716 557 5762; x_wconf 91' lang='lat' dir='ltr'><strong>ct</strong></span> <span class='ocrx_word' id='word_1_790' title='bbox 594 5708 829 5777; x_wconf 82' lang='lat' dir='ltr'><strong>eleganti</strong></span> <span class='ocrx_word' id='word_1_791' title='bbox 859 5705 1058 5771; x_wconf 86' lang='lat' dir='ltr'><strong>forma,</strong></span> <span class='ocrx_word' id='word_1_792' title='bbox 1098 5716 1155 5760; x_wconf 90' lang='lat' dir='ltr'><strong>ct</strong></span> <span class='ocrx_word' id='word_1_793' title='bbox 1206 5703 1261 5757; x_wconf 91' lang='lat' dir='ltr'><strong>in</strong></span> <span class='ocrx_word' id='word_1_794' title='bbox 1304 5700 1508 5776; x_wconf 86' lang='lat' dir='ltr'><strong>litteris</strong></span> <span class='ocrx_word' id='word_1_795' title='bbox 1533 5702 1706 5773; x_wconf 91' lang='lat' dir='ltr'><strong>probe</strong></span> <span class='ocrx_word' id='word_1_796' title='bbox 1740 5718 1870 5757; x_wconf 88' lang='lat' dir='ltr'><strong>cru-</strong></span> 
     </span>
    </p>
   </div>
   <div class='ocr_carea' id='block_1_108' title="bbox 292 5794 1861 5871">
    <p class='ocr_par' dir='ltr' id='par_1_108' title="bbox 292 5794 1861 5871">
     <span class='ocr_line' id='line_1_108' title="bbox 292 5794 1861 5871; baseline 0.001 -22"><span class='ocrx_word' id='word_1_797' title='bbox 292 5795 426 5863; x_wconf 86' lang='lat' dir='ltr'><strong>dita,</strong></span> <span class='ocrx_word' id='word_1_798' title='bbox 454 5812 557 5855; x_wconf 86' lang='lat' dir='ltr'><strong>nec</strong></span> <span class='ocrx_word' id='word_1_799' title='bbox 576 5798 787 5867; x_wconf 78' lang='lat' dir='ltr'><strong>fidium,</strong></span> <span class='ocrx_word' id='word_1_800' title='bbox 818 5815 920 5857; x_wconf 84' lang='lat' dir='ltr'><strong>nec</strong></span> <span class='ocrx_word' id='word_1_801' title='bbox 942 5796 1258 5871; x_wconf 64' lang='lat' dir='ltr'><strong>geometriae</strong></span> <span class='ocrx_word' id='word_1_802' title='bbox 1294 5796 1503 5868; x_wconf 79' lang='lat' dir='ltr'><strong>ignara,</strong></span> <span class='ocrx_word' id='word_1_803' title='bbox 1526 5803 1588 5852; x_wconf 80' lang='grc' dir='ltr'><strong>ὀι</strong></span> <span class='ocrx_word' id='word_1_804' title='bbox 1621 5794 1861 5867; x_wconf 85' lang='lat' dir='ltr'><strong>philoso-</strong></span> 
     </span>
    </p>
   </div>
   <div class='ocr_carea' id='block_1_109' title="bbox 1979 5052 3556 5128">
    <p class='ocr_par' dir='ltr' id='par_1_109' title="bbox 1979 5052 3556 5128">
     <span class='ocr_line' id='line_1_109' title="bbox 1979 5052 3556 5128; baseline 0.011 -28"><span class='ocrx_word' id='word_1_805' title='bbox 1979 5054 2088 5106; x_wconf 76' lang='grc' dir='ltr'><strong>τῶν</strong></span> <span class='ocrx_word' id='word_1_806' title='bbox 2139 5052 2419 5122; x_wconf 84' lang='grc' dir='ltr'>πολεμίων</span> <span class='ocrx_word' id='word_1_807' title='bbox 2471 5052 2766 5122; x_wconf 82' lang='grc' dir='ltr'>ἐκράτησε,</span> <span class='ocrx_word' id='word_1_808' title='bbox 2811 5052 3064 5117; x_wconf 76' lang='grc' dir='ltr'>καὶτοὺς</span> <span class='ocrx_word' id='word_1_809' title='bbox 3121 5056 3353 5124; x_wconf 70' lang='grc' dir='ltr'>ἁλόντας</span> <span class='ocrx_word' id='word_1_810' title='bbox 3381 5061 3556 5128; x_wconf 79' lang='grc' dir='ltr'>ζωοὺς</span> 
     </span>
    </p>
   </div>
   <div class='ocr_carea' id='block_1_110' title="bbox 1980 5142 3556 5212">
    <p class='ocr_par' dir='ltr' id='par_1_110' title="bbox 1980 5142 3556 5212">
     <span class='ocr_line' id='line_1_110' title="bbox 1980 5142 3556 5212; baseline 0.006 -16"><span class='ocrx_word' id='word_1_811' title='bbox 1980 5146 2093 5207; x_wconf 76' lang='grc' dir='ltr'>τοῖς</span> <span class='ocrx_word' id='word_1_812' title='bbox 2136 5142 2334 5197; x_wconf 80' lang='grc' dir='ltr'>ἑαυτοῦ</span> <span class='ocrx_word' id='word_1_813' title='bbox 2369 5142 2627 5211; x_wconf 81' lang='grc' dir='ltr'>κατέμιξε</span> <span class='ocrx_word' id='word_1_814' title='bbox 2667 5143 2933 5212; x_wconf 84' lang='grc' dir='ltr'>τάγμασι.</span> <span class='ocrx_word' id='word_1_815' title='bbox 2965 5144 3191 5210; x_wconf 84' lang='grc' dir='ltr'>Πολλοῖς</span> <span class='ocrx_word' id='word_1_816' title='bbox 3228 5149 3286 5202; x_wconf 83' lang='grc' dir='ltr'>δὲ</span> <span class='ocrx_word' id='word_1_817' title='bbox 3318 5151 3411 5203; x_wconf 76' lang='grc' dir='ltr'><strong>καὶ</strong></span> <span class='ocrx_word' id='word_1_818' title='bbox 3445 5153 3556 5206; x_wconf 84' lang='grc' dir='ltr'><strong>τῶν</strong></span> 
     </span>
    </p>
   </div>
   <div class='ocr_carea' id='block_1_111' title="bbox 1979 5228 3555 5314">
    <p class='ocr_par' dir='ltr' id='par_1_111' title="bbox 1979 5228 3555 5314">
     <span class='ocr_line' id='line_1_111' title="bbox 1979 5228 3555 5314; baseline 0.003 -24"><span class='ocrx_word' id='word_1_819' title='bbox 1979 5236 2261 5305; x_wconf 78' lang='grc' dir='ltr'>ἐπιφανῶν</span> <span class='ocrx_word' id='word_1_820' title='bbox 2316 5235 2500 5290; x_wconf 85' lang='grc' dir='ltr'>ἄδειαν</span> <span class='ocrx_word' id='word_1_821' title='bbox 2556 5235 2775 5300; x_wconf 75' lang='grc' dir='ltr'>ἔδωκεν,</span> <span class='ocrx_word' id='word_1_822' title='bbox 2828 5228 2904 5289; x_wconf 82' lang='grc' dir='ltr'><strong>ὧν</strong></span> <span class='ocrx_word' id='word_1_823' title='bbox 2955 5236 3050 5290; x_wconf 75' lang='grc' dir='ltr'>καὶ</span> <span class='ocrx_word' id='word_1_824' title='bbox 3083 5241 3109 5290; x_wconf 85' lang='lat'><strong>6</strong></span> <span class='ocrx_word' id='word_1_825' title='bbox 3142 5240 3380 5311; x_wconf 78' lang='grc' dir='ltr'>Βροῦτος</span> <span class='ocrx_word' id='word_1_826' title='bbox 3410 5239 3480 5314; x_wconf 81' lang='grc' dir='ltr'>ἦν</span> <span class='ocrx_word' id='word_1_827' title='bbox 3527 5248 3555 5300; x_wconf 85' lang='grc' dir='ltr'><strong>ό</strong></span> 
     </span>
    </p>
   </div>
   <div class='ocr_carea' id='block_1_112' title="bbox 1979 5325 3546 5405">
    <p class='ocr_par' dir='ltr' id='par_1_112' title="bbox 1979 5325 3546 5405">
     <span class='ocr_line' id='line_1_112' title="bbox 1979 5325 3546 5405; baseline 0.006 -23"><span class='ocrx_word' id='word_1_828' title='bbox 1979 5329 2195 5393; x_wconf 86' lang='grc' dir='ltr'>κτείνας</span> <span class='ocrx_word' id='word_1_829' title='bbox 2222 5327 2390 5382; x_wconf 86' lang='grc' dir='ltr'>αὑτὸν</span> <span class='ocrx_word' id='word_1_830' title='bbox 2417 5326 2666 5396; x_wconf 81' lang='grc' dir='ltr'>ὕστερον.</span> <span class='ocrx_word' id='word_1_831' title='bbox 2719 5325 2942 5381; x_wconf 85' lang='grc' dir='ltr'>Ἑδίωκε</span> <span class='ocrx_word' id='word_1_832' title='bbox 2988 5328 3047 5382; x_wconf 86' lang='grc' dir='ltr'><strong>δέ</strong></span> <span class='ocrx_word' id='word_1_833' title='bbox 3077 5330 3171 5385; x_wconf 77' lang='grc' dir='ltr'><strong>τὸν</strong></span> <span class='ocrx_word' id='word_1_834' title='bbox 3228 5334 3546 5405; x_wconf 84' lang='grc' dir='ltr'>Πομπήϊον.</span> 
     </span>
    </p>
   </div>
   <div class='ocr_carea' id='block_1_113' title="bbox 1987 5410 3553 5493">
    <p class='ocr_par' dir='ltr' id='par_1_113' title="bbox 1987 5410 3553 5493">
     <span class='ocr_line' id='line_1_113' title="bbox 1987 5410 3553 5493; baseline 0.004 -20"><span class='ocrx_word' id='word_1_835' title='bbox 1987 5421 2051 5478; x_wconf 85' lang='grc'><strong>’0</strong></span> <span class='ocrx_word' id='word_1_836' title='bbox 2079 5421 2162 5490; x_wconf 89' lang='grc' dir='ltr'><strong>δέ,</strong></span> <span class='ocrx_word' id='word_1_837' title='bbox 2188 5419 2376 5474; x_wconf 82' lang='grc' dir='ltr'>πλοίου</span> <span class='ocrx_word' id='word_1_838' title='bbox 2412 5419 2609 5482; x_wconf 75' lang='grc' dir='ltr'>ἐπιϐὰς</span> <span class='ocrx_word' id='word_1_839' title='bbox 2665 5417 2940 5489; x_wconf 83' lang='grc' dir='ltr'>φορτηγοῦ</span> <span class='ocrx_word' id='word_1_840' title='bbox 2998 5421 3095 5473; x_wconf 74' lang='grc' dir='ltr'><strong>καὶ</strong></span> <span class='ocrx_word' id='word_1_841' title='bbox 3156 5410 3553 5493; x_wconf 83' lang='grc' dir='ltr'>παραπλεύσας</span> 
     </span>
    </p>
   </div>
   <div class='ocr_carea' id='block_1_114' title="bbox 1979 5509 3546 5587">
    <p class='ocr_par' dir='ltr' id='par_1_114' title="bbox 1979 5509 3546 5587">
     <span class='ocr_line' id='line_1_114' title="bbox 1979 5509 3546 5587; baseline -0.004 -20"><span class='ocrx_word' id='word_1_842' title='bbox 1979 5513 2068 5567; x_wconf 81' lang='grc' dir='ltr'>ἐπ’</span> <span class='ocrx_word' id='word_1_843' title='bbox 2115 5512 2524 5582; x_wconf 77' lang='grc' dir='ltr'>Ἀμφιπόλεως,</span> <span class='ocrx_word' id='word_1_844' title='bbox 2564 5511 2643 5572; x_wconf 85' lang='grc' dir='ltr'><strong>εἰς</strong></span> <span class='ocrx_word' id='word_1_845' title='bbox 2665 5509 2981 5582; x_wconf 86' lang='grc' dir='ltr'>Μιτυλήνην</span> <span class='ocrx_word' id='word_1_846' title='bbox 3040 5514 3316 5587; x_wconf 79' lang='grc' dir='ltr'>κατήχθη,</span> <span class='ocrx_word' id='word_1_847' title='bbox 3359 5514 3546 5586; x_wconf 77' lang='grc' dir='ltr'>βουλό.</span> 
     </span>
    </p>
   </div>
   <div class='ocr_carea' id='block_1_115' title="bbox 1979 5603 3551 5677">
    <p class='ocr_par' dir='ltr' id='par_1_115' title="bbox 1979 5603 3551 5677">
     <span class='ocr_line' id='line_1_115' title="bbox 1979 5603 3551 5677; baseline 0.003 -16"><span class='ocrx_word' id='word_1_848' title='bbox 1979 5624 2140 5677; x_wconf 87' lang='grc' dir='ltr'>μενος</span> <span class='ocrx_word' id='word_1_849' title='bbox 2164 5605 2263 5675; x_wconf 84' lang='grc' dir='ltr'>τὴν</span> <span class='ocrx_word' id='word_1_850' title='bbox 2290 5606 2523 5674; x_wconf 86' lang='grc' dir='ltr'>γυναῖκα</span> <span class='ocrx_word' id='word_1_851' title='bbox 2561 5603 2870 5676; x_wconf 87' lang='grc' dir='ltr'>Κορνηλίαν</span> <span class='ocrx_word' id='word_1_852' title='bbox 2899 5605 3212 5675; x_wconf 74' lang='grc' dir='ltr'>ἀναλαϐεῖν,</span> <span class='ocrx_word' id='word_1_853' title='bbox 3247 5611 3344 5663; x_wconf 75' lang='grc' dir='ltr'>καὶ</span> <span class='ocrx_word' id='word_1_854' title='bbox 3364 5609 3421 5664; x_wconf 89' lang='grc' dir='ltr'><strong>δέ</strong></span> <span class='ocrx_word' id='word_1_855' title='bbox 3461 5610 3551 5665; x_wconf 83' lang='grc' dir='ltr'>τὸν</span> 
     </span>
    </p>
   </div>
   <div class='ocr_carea' id='block_1_116' title="bbox 1974 5694 3549 5770">
    <p class='ocr_par' dir='ltr' id='par_1_116' title="bbox 1974 5694 3549 5770">
     <span class='ocr_line' id='line_1_116' title="bbox 1974 5694 3549 5770; baseline 0.001 -16"><span class='ocrx_word' id='word_1_856' title='bbox 1974 5700 2110 5755; x_wconf 81' lang='grc' dir='ltr'>υἱόν.</span> <span class='ocrx_word' id='word_1_857' title='bbox 2154 5700 2225 5753; x_wconf 85' lang='grc' dir='ltr'><strong>Ἢ</strong></span> <span class='ocrx_word' id='word_1_858' title='bbox 2259 5694 2327 5770; x_wconf 80' lang='grc' dir='ltr'>ἦν</span> <span class='ocrx_word' id='word_1_859' title='bbox 2372 5696 2620 5766; x_wconf 85' lang='grc' dir='ltr'>θυγάτηρ</span> <span class='ocrx_word' id='word_1_860' title='bbox 2667 5696 2940 5750; x_wconf 84' lang='grc' dir='ltr'>Μετέλλου</span> <span class='ocrx_word' id='word_1_861' title='bbox 2984 5697 3311 5764; x_wconf 85' lang='grc' dir='ltr'>Σκιπίωνος,</span> <span class='ocrx_word' id='word_1_862' title='bbox 3368 5718 3549 5755; x_wconf 85' lang='grc' dir='ltr'>συνοι-</span> 
     </span>
    </p>
   </div>
   <div class='ocr_carea' id='block_1_117' title="bbox 1971 5788 3546 5867">
    <p class='ocr_par' dir='ltr' id='par_1_117' title="bbox 1971 5788 3546 5867">
     <span class='ocr_line' id='line_1_117' title="bbox 1971 5788 3546 5867; baseline 0.004 -24"><span class='ocrx_word' id='word_1_863' title='bbox 1971 5796 2189 5867; x_wconf 64' lang='grc' dir='ltr'>ςςξσασα</span> <span class='ocrx_word' id='word_1_864' title='bbox 2246 5791 2345 5864; x_wconf 83' lang='grc' dir='ltr'>μὲν</span> <span class='ocrx_word' id='word_1_865' title='bbox 2386 5793 2448 5846; x_wconf 83' lang='grc' dir='ltr'>ὲκ</span> <span class='ocrx_word' id='word_1_866' title='bbox 2506 5788 2803 5861; x_wconf 80' lang='grc' dir='ltr'>παρθενίας</span> <span class='ocrx_word' id='word_1_867' title='bbox 2868 5789 3125 5864; x_wconf 80' lang='grc' dir='ltr'>Πουπλίῳ</span> <span class='ocrx_word' id='word_1_868' title='bbox 3161 5791 3243 5863; x_wconf 85' lang='grc' dir='ltr'>τῷ</span> <span class='ocrx_word' id='word_1_869' title='bbox 3288 5794 3546 5866; x_wconf 82' lang='grc' dir='ltr'>Κράσσου</span> 
     </span>
    </p>
   </div>
  </div>
