4024 6406
470 418 576 484 827

1757 413 2081 475 JOANNIS
2115 415 2440 476 ZONARE

3625 412 3738 481 828

471 527 724 600 cymbam
753 526 1038 597 ingressus
1064 531 1170 579 est.
1203 521 1270 576 Et
1300 534 1425 576 cum
1451 535 1480 574 a
1510 525 1656 574 terra
1687 521 1848 590 longe
1879 519 2061 576 adhuc

2173 525 2345 578 Ταῦτα
2383 524 2760 595 φθεγξάμενος
2785 523 2971 596 ἐνέϐη.
2998 523 3108 577 Καὶ
3137 520 3333 592 συχνοῦ
3361 521 3742 591 διαστήματος

474 622 714 683 abesset,
769 616 1078 671 orationem
1125 627 1294 683 quam
1342 612 1398 666 in
1441 626 1610 680 parvo
1649 611 1834 665 libello
1862 611 2053 666 Graece

475 711 795 778 scripserat,
833 715 895 760 ut
939 719 1060 759 eam
1091 702 1237 772 apud
1276 717 1457 772 regem
1509 701 1758 765 haberet,
1794 701 1952 770 legit.
1983 701 2055 757 Ut

474 801 544 856 ad
577 810 776 855 terram
811 797 1160 866 appulerant,
1182 793 1438 849 Cornelia
1467 802 1524 847 et
1555 792 1717 846 amici
1747 808 1778 847 e
1811 792 2053 856 triremi,

473 890 609 960 quid
632 889 882 943 futurum
909 895 1074 950 esset,
1098 884 1320 940 solliciti
1351 883 1802 953 speculabantur.
1835 883 2055 940 interea

475 981 818 1050 Pompeium,
850 977 944 1048 qui
975 975 1212 1046 Philippi
1260 976 1422 1029 amici
1483 990 1704 1029 manum
1745 975 2057 1044 prehende-

475 1080 582 1133 rat,
617 1049 683 1124 ut
716 1049 989 1139 surgeret,
1024 1066 1324 1138 Septimius
1344 1067 1606 1136 primusa
1632 1076 1783 1136 tergo
1815 1065 2056 1137 trajicit:

475 1163 680 1218 deinde
734 1161 1002 1227 Achillas,
1061 1169 1119 1216 et
1169 1159 1377 1215 caeteri.
1407 1158 1478 1214 At
1509 1159 1598 1214 ille
1633 1168 1755 1230 toga
1785 1159 1924 1213 facie
1955 1156 2058 1212 ob-

475 1257 664 1318 ducta,
705 1263 917 1310 tantum
950 1252 1258 1324 ingemuit:
1294 1267 1474 1322 neque
1503 1253 1804 1322 quidquam
1831 1267 1892 1306 se
1916 1249 2062 1306 indi-

477 1362 648 1419 gnum
697 1347 940 1410 locutus,
978 1362 1046 1402 ex
1091 1344 1414 1400 vulneribus
1460 1353 1709 1398 mortuus
1750 1351 1858 1406 est,
1913 1357 2061 1396 anno

475 1439 656 1493 mtatis
685 1437 1195 1508 undesexagesimo.
1225 1437 1329 1502 Qui
1355 1436 1408 1490 in
1441 1436 1675 1491 navibus
1703 1444 1882 1499 erant,
1910 1435 2060 1490 cmde

472 1529 598 1600 ejus
627 1528 767 1595 visa,
801 1543 928 1583 cum
958 1535 1113 1582 tanto
1165 1527 1374 1598 ejulatu
1408 1535 1470 1580 ut
1502 1526 1559 1579 in
1590 1536 1736 1581 terra
1767 1525 2061 1580 exaudire-

476 1627 590 1684 tur,
630 1619 916 1690 fugerunt.
951 1619 1130 1676 Caedis
1169 1633 1301 1674 vero
1353 1619 1596 1673 ministri
1637 1618 1818 1686 capite
1867 1631 2064 1684 ampu-

483 1720 619 1777 tato,
670 1721 931 1768 truncum
982 1711 1193 1766 nudum
1241 1725 1274 1765 e
1311 1709 1502 1780 cymba
1556 1709 1610 1762 in
1647 1708 1804 1762 littus
1847 1707 2064 1776 abjece-

475 1811 628 1866 runt,
656 1813 718 1857 ut
761 1803 1077 1873 spectaculo
1112 1801 1402 1870 quibusvis
1446 1807 1615 1854 esset.
1646 1799 1765 1862 Quo
1793 1804 1924 1851 dum
1957 1811 2060 1865 po-

2156 618 2309 679 δντος
2343 617 2436 670 ἐπὶ
2471 615 2570 686 τὴν
2615 615 2742 684 γῆν,
2777 618 2806 668 ὁ
2837 616 3123 685 Πομπήϊος
3155 613 3295 684 ἔχων
3336 615 3394 666 ἐν
3421 612 3615 681 βιϐλίῳ
3649 631 3741 678 μισ

2159 709 2280 778 κρῷ
2324 708 2481 774 λόγον
2529 707 2621 760 ὑπ’
2660 705 2823 760 αὐτοῦ
2873 707 3262 776 γεγραμμένον
3309 705 3645 775 Ἑλληνικὴν,
3695 697 3745 773 ᾦ

2157 798 2574 868 παρεσκεύαστο
2599 797 2905 869 χρήσασθαι
2936 796 3072 866 πρὸς
3102 796 3195 849 τὸν
3227 795 3583 864 Πτολεμαῖον,
3613 796 3744 848 ἁνε-

2157 890 2447 957 γίνωσκεν.
2489 889 2578 951 Ὠς
2617 889 2672 942 δὲ
2717 891 2783 958 τῇ
2814 890 2884 957 γῇ
2920 885 3352 954 προσεπέλαζον,
3391 887 3423 958 ἠ
3467 886 3566 955 μὲν
3596 887 3746 953 Κορ-

2157 981 2320 1051 νηλία
2359 980 2497 1050 μετὰ
2541 981 2650 1034 τῶν
2696 980 2869 1050 φίλων
2909 981 2975 1032 ὲκ
2997 978 3096 1047 τῆς
3128 978 3389 1049 τριήρους
3424 976 3747 1047 περιπαθὴς

2157 1070 2294 1129 οὖσα
2328 1073 2389 1127 τὸ
2447 1073 2640 1145 μέλλον
2673 1073 3003 1126 ἀπεσκόπει.
3046 1069 3136 1124 Ἐν
3175 1069 3351 1140 τούτῳ
3380 1070 3437 1123 δὲ
3467 1069 3556 1123 τὸν
3593 1069 3750 1138 Πομ-

2163 1169 2324 1237 πήϊον
2362 1170 2463 1238 τῆς
2497 1168 2592 1221 τοῦ
2621 1166 2776 1237 φίλου
2804 1165 3071 1219 Φιλίππου
3104 1163 3408 1232 λαϐόμενον
3455 1160 3638 1234 χειρὸς
3667 1161 3750 1223 ὡς

2161 1258 2516 1329 ἐξανασταίη,
2549 1259 2843 1328 Σεπτίμιος
2883 1255 3112 1310 δπισθεν
3158 1254 3237 1324 τῷ
3279 1253 3421 1323 ξίφει
3474 1251 3752 1307 διελαύνει

2163 1347 2410 1417 πρῶτος·
2440 1341 2561 1400 εἶτα
2617 1347 2714 1401 καὶ
2757 1345 3026 1416 Ἀχιλλᾶς,
3058 1344 3153 1398 καὶ
3195 1344 3396 1415 ἕτεροι.
3435 1343 3494 1396 ’0
3522 1342 3579 1397 δὲ
3617 1345 3754 1404 ταῖς

2164 1438 2325 1509 χερσὶ
2348 1439 2446 1508 τὴν
2472 1438 2729 1508 τήϐεννον
2762 1438 3206 1509 ἐφελκυσάμενος
3237 1437 3378 1489 κατὰ
3409 1435 3502 1489 τοῦ
3533 1433 3753 1506 προσώ-

2162 1545 2289 1595 που,
2327 1529 2487 1596 μόνον
2514 1531 2796 1595 στενάξας,
2833 1531 2998 1599 μηδὲν
3022 1529 3067 1583 δ’
3090 1528 3260 1582 εἰπὼν
3283 1528 3502 1594 ἀνάξιον
3525 1526 3751 1586 ἑαυτοῦ,

2162 1620 2562 1689 ἐνεκαρτέρησε
2611 1622 2734 1682 ταῖς
2780 1621 3042 1690 πληγαῖς,
3079 1620 3348 1691 ἐξήκοντα
3388 1619 3506 1683 ἑνὸς
3559 1619 3757 1671 δέοντα

2165 1709 2445 1781 βεϐιωκὼς
2478 1711 2596 1778 ἔτη.
2619 1712 2682 1762 Οἱ
2705 1711 2750 1763 δ’
2776 1712 2886 1764 άπὸ
2911 1711 3021 1764 τῶν
3039 1712 3206 1778 νεῶν,
3243 1711 3318 1775 ὼς
3344 1711 3635 1766 ἐθεάσαντο
3653 1709 3756 1780 τὴν

2165 1798 2400 1867 σφαγὴν,
2435 1799 2635 1868 θρῆνον
2667 1800 2993 1865 ἐξάκουστον
3043 1801 3171 1870 ἄχρι
3198 1804 3297 1872 τῆς
3327 1802 3428 1871 γῆς
3458 1802 3754 1871 ἐκχέαντες

477 1863 644 1962 pulus
669 1863 986 1957 satiaretur,
1017 1863 1304 1959 Philippus
1335 1889 1409 1944 ibi
1431 1889 1653 1942 mansit.
1679 1888 1888 1942 Deinde
1919 1863 2058 1940 mari

2173 1890 2379 1958 ἔφυγον.
2410 1887 2516 1941 Τοῦ
2563 1889 2620 1941 δὲ
2658 1891 2945 1960 Πομπηΐου
2987 1892 3087 1958 τὴν
3129 1891 3230 1958 μὲν
3271 1893 3521 1961 κεφαλὴν
3545 1893 3756 1946 ἀποτέο

476 1980 729 2037 ablutum
757 1993 982 2048 corpus,
1019 1989 1076 2032 et
1107 1993 1203 2031 sua
1237 1978 1478 2031 tunicula
1510 1977 1841 2043 involutum,
1880 1991 2062 2046 parva:

478 2067 692 2137 cymba:
731 2067 982 2136 reliquiis
1031 2067 1330 2121 cremavit:
1371 2076 1429 2122 et
1482 2081 1614 2121 sene
1661 2066 1899 2137 quodam
1948 2067 2063 2122 Ro-

482 2172 670 2222 mano,
714 2158 810 2226 qui
859 2158 1037 2228 prima
1074 2158 1351 2224 stipendia
1398 2159 1502 2213 sub
1565 2159 1826 2228 Pompeio
1875 2157 2066 2214 adole-

477 2257 665 2302 scente
698 2259 1001 2315 meruerat,
1031 2250 1308 2320 adjutore,
1335 2251 1572 2320 sepeliit.
1604 2249 1706 2306 Cui
1749 2251 2065 2321 Philippus,

478 2349 827 2410 percontato,
856 2345 970 2411 quis
994 2353 1147 2407 esset,
1177 2343 1267 2412 qui
1297 2343 1606 2413 Pompeium
1635 2342 1893 2413 Magnum
1917 2359 2066 2413 sepe-

480 2430 579 2484 lire
627 2432 976 2488 institueret?
1018 2433 1322 2502 respondit,
1363 2434 1432 2488 Se
1481 2434 1722 2487 libertum
1752 2435 1898 2488 illius
1929 2449 2062 2488 esse.

482 2522 623 2576 Tum
671 2538 880 2578 senex:
942 2523 1118 2592 Istud,
1177 2526 1378 2596 inquit,
1429 2527 1585 2580 decus
1636 2543 1740 2580 non
1788 2529 1866 2581 tui
1911 2529 2067 2580 unius

478 2613 600 2668 erit.
643 2612 730 2667 Me
761 2632 965 2686 quoque
995 2627 1105 2670 tam
1147 2618 1220 2686 pii
1271 2617 1423 2686 o/ﬁcii
1455 2619 1650 2672 socium
1693 2619 1982 2681 admittite,
2011 2629 2066 2671 ut

481 2705 611 2758 meis
636 2714 685 2758 et
717 2707 826 2775 ipse
856 2709 1098 2762 manibus
1133 2717 1375 2778 tangam,
1404 2718 1455 2761 et
1493 2725 1670 2763 ornem
1706 2709 2067 2763 Romanorum

480 2799 860 2866 imperatorem
894 2803 1208 2855 maximum.
1242 2799 1334 2855 lla:
1365 2801 1611 2872 Pompeii
1655 2801 1886 2858 fuerunt
1910 2817 2066 2858 exse-

484 2902 651 2955 quite.

2163 1996 2374 2050 μνουσι,
2403 1981 2464 2033 τὸ
2495 1981 2551 2033 δὲ
2581 1981 2709 2035 ἄλλο
2741 1982 2902 2051 σῶμα
2936 1983 3145 2052 γυμνὴν
3181 1983 3505 2046 ἐκϐαλόντες
3525 1984 3632 2035 ἀπὸ
3649 1985 3755 2051 τῆς

2161 2068 2402 2136 ἁλιάδος,
2433 2073 2546 2133 τοῖς
2573 2070 2846 2140 δεομένοις
2876 2073 3146 2125 ἀπέλιπον
3181 2072 3427 2126 τοιούτου
3452 2071 3753 2140 θεάματος.

2165 2161 2476 2231 Παρέμεινε
2501 2163 2557 2215 δὲ
2582 2162 2731 2232 αύτῷ
2752 2163 3017 2227 Φίλιππος
3043 2163 3146 2225 ἕως
3167 2165 3415 2232 ἐγένοντο
3437 2163 3623 2232 μεστοὶ
3646 2163 3756 2226 τῆς

2165 2248 2363 2318 ὅψεως.
2398 2245 2532 2303 Εἶτα
2567 2250 2898 2322 περιλούσας
2945 2257 3012 2322 τῇ
3062 2252 3310 2324 Θαλάσσῃ
3347 2253 3408 2304 τὸ
3453 2251 3610 2320 σῶμα
3652 2251 3755 2302 καὶ

2167 2341 2405 2410 χιτωνίῳ
2438 2340 2546 2393 τινὶ
2572 2341 2681 2394 τῶν
2714 2342 2913 2395 ἑαυτοῦ
2947 2343 3325 2414 περιστείλας,
3363 2343 3565 2412 μικρᾶς
3599 2341 3759 2392 ἁλιά-

2165 2433 2253 2495 δος
2284 2431 2462 2503 εὑρὼν
2494 2432 2747 2502 λείψανα,
2781 2434 2992 2498 τούτοις
3017 2435 3149 2486 αὐτὸ
3176 2435 3508 2497 κατέκαυσε,
3541 2432 3637 2485 καί
3669 2449 3759 2482 τι-

2166 2541 2257 2588 νος
2297 2525 2491 2594 ἀνδρὸς
2530 2525 2806 2594 Ῥωμαίου
2838 2529 3077 2596 γηραιοῦ
3127 2526 3249 2598 ἤδη,
3292 2525 3392 2589 τὰς
3429 2525 3487 2577 δὲ
3530 2523 3762 2593 πρώτας

2169 2617 2459 2686 στρατείας
2484 2617 2565 2669 ἔτι
2594 2617 2702 2686 νέῳ
2729 2617 3000 2688 Πομπηΐῳ
3030 2615 3598 2688 συστρατευσαμένου,
3631 2631 3765 2664 συν-

2171 2709 2572 2779 επιλαϐομένου
2598 2709 2768 2777 αὐτῷ.
2806 2701 2901 2773 Ὃς
2933 2712 3163 2774 ἐπιστὰς
3188 2710 3266 2779 τῷ
3288 2709 3538 2777 Φιλίππῳ
3563 2703 3717 2760 εἶπεν
3742 2720 3759 2732 ο

2178 2800 2274 2862 Τίς
2333 2798 2441 2864 ὢν,
2495 2797 2544 2856 ὦ
2600 2800 2895 2869 ἄνθρωπε,
2957 2802 3206 2856 θάπτειν
3249 2799 3465 2868 διανοῇ
3513 2799 3769 2868 Μάγνον

2173 2892 2489 2960 Πομπήϊον
2507 2909 2526 2956 ;
2578 2891 2820 2944 Ἐκείνου
2850 2892 2907 2944 δὲ
2945 2893 3219 2963 φήσαντος
3284 2895 3364 2960 ὡς
3423 2893 3766 2947 ἀπελεύθε-

478 2997 615 3050 ρος·
659 2981 821 3036 Ἀλλ’
851 2985 924 3038 οὐ
953 2985 1119 3054 μόνῳ
1147 2983 1269 3047 σοι,
1292 2984 1421 3053 ἔφη,
1457 2986 1635 3039 τοῦτο
1661 2983 1728 3038 τὸ
1755 2983 1950 3038 καλὸν
1980 2981 2258 3049 ὑπάρξει,
2318 2981 2472 3051 κάμὲ
2525 2982 2596 3035 δὲ
2627 2983 2964 3051 εὑρήματος
3020 2985 3316 3051 εὐσεϐοῦς
3350 2984 3518 3051 δέξαι
3547 3001 3766 3037 κοινω-

486 3072 619 3137 νὸν,
676 3072 951 3142 ἅψασθαι
981 3075 1080 3127 καὶ
1145 3073 1514 3142 περιστεηαι
1547 3073 1676 3140 ταῖς
1719 3073 1892 3143 ἐμαῖς
1964 3071 2139 3141 χερσί
2179 3072 2288 3124 τὸν
2333 3070 2628 3142 μέγιστον
2657 3073 3070 3144 αὐτοκράτορα
3101 3073 3428 3146 Ῥωμαίων.
3467 3076 3626 3131 Οὖτω
3659 3075 3767 3147 μὲν

486 3164 760 3234 ἐκηδεύθη
782 3165 1090 3234 Πομπήϊος.

558 3254 628 3308 Χ.
665 3254 849 3309 Caesar
886 3265 1070 3308 autem
1113 3270 1225 3310 non
1282 3254 1456 3311 multo
1506 3263 1632 3324 post
1680 3255 1734 3308 in
1776 3253 2069 3324 Egyptum

2249 3252 2306 3308 I'.
2345 3251 2418 3304 Ού
2457 3251 2638 3322 πολλῷ
2661 3252 2704 3304 δ’
2736 3251 2964 3324 ὕστερον
2991 3253 3235 3326 Καῖσαρ,
3273 3254 3447 3308 ἐλθὼν
3471 3258 3551 3319 εἰς
3584 3256 3763 3325 Δῖγυ-

489 3362 616 3404 eum
647 3347 908 3410 venisset,
943 3361 1071 3400 eum
1101 3362 1130 3400 a
1172 3361 1282 3415 quo
1315 3347 1367 3400 ei
1399 3355 1565 3415 caput
1593 3345 1840 3415 Pompeii
1866 3347 2068 3400 affere-

493 3439 680 3498 batnr,
722 3447 983 3505 tanquam
1036 3435 1363 3505 parricidam
1409 3444 1494 3490 est
1526 3435 1696 3506 488
1741 3445 2068 3490 aversatus:

490 3541 550 3584 et
575 3528 783 3584 annulo
821 3529 943 3597 ejus
974 3536 1223 3596 accepto,
1272 3526 1675 3598 illaerymavit:
1713 3527 1984 3581 Achillam
2015 3536 2073 3580 et

491 3620 791 3677 l‘hotinum
835 3618 1133 3673 interfecit.
1190 3617 1313 3686 ipse
1361 3633 1458 3671 rex
1507 3618 1834 3672 Ptolemaeus
1881 3617 2072 3687 praelio

494 3720 709 3781 captus,
746 3719 803 3766 et
840 3711 908 3764 ad
947 3708 1149 3763 flumen
1183 3707 1434 3762 sublatus
1461 3715 1564 3762 est.
1596 3707 1916 3762 Theodotus
1943 3723 2074 3762 vero

492 3804 712 3870 rhetor,
749 3813 865 3858 tum
894 3801 1118 3872 quidem
1149 3799 1381 3856 Caesaris
1404 3801 1674 3855 ultionem
1702 3802 1898 3867 evasit,
1930 3801 2069 3857 clam

491 3911 564 3951 ex
601 3893 840 3964 AZgypto
869 3893 1113 3962 elapsus,
1150 3899 1207 3947 et
1247 3891 1301 3944 in
1335 3890 1533 3945 humili
1583 3890 1806 3946 fortuna
1861 3892 2074 3948 invisus

493 3987 775 4044 omnibus.
804 3983 912 4041 Sed
943 3993 1068 4054 post
1098 3999 1129 4039 a
1172 3983 1245 4039 Μ.
1279 3983 1449 4038 Bruto
1480 3982 1712 4038 Caesaris
1747 3998 2074 4053 percussore

493 4080 554 4136 in
585 4079 713 4133 Asia
757 4076 1212 4147 comprehensus,
1245 4084 1303 4131 et
1339 4077 1490 4130 omni
1552 4075 1950 4145 suppliciorum
1980 4091 2076 4146 ge-

493 4185 630 4227 nere
661 4169 1006 4224 exeruciatus
1029 4167 1261 4222 interiit.
1305 4167 1590 4237 Quotquot
1622 4176 1807 4222 autem
1829 4167 2076 4238 Pompeii

495 4262 660 4316 amici
691 4261 760 4315 ab
783 4259 999 4332 Egypti
1043 4269 1275 4332 tyranno
1311 4262 1459 4330 capti
1485 4259 1728 4325 fuerant,
1755 4275 1851 4316 eos
1884 4275 2078 4316 omnes

498 4351 682 4406 Ctesar
725 4352 1009 4406 beneficiis
1040 4352 1144 4406 sibi
1179 4351 1471 4423 adjunxit:
1511 4361 1566 4407 et
1597 4352 1672 4406 ibi
1702 4368 1925 4422 quoque
1954 4353 2076 4407 bel-

497 4440 612 4495 lmn
647 4441 837 4510 gessit,
887 4441 1179 4510 Cleopatra
1223 4455 1291 4494 ex
1338 4441 1561 4510 regione
1606 4441 1747 4494 clam
1785 4441 2075 4503 accersita,

497 4545 621 4599 quae
653 4545 684 4584 a
737 4530 972 4584 Photino
1032 4529 1289 4584 eunucho
1344 4539 1401 4584 et
1450 4545 1619 4600 regno
1662 4541 1719 4584 et
1763 4530 1900 4584 urbe
1963 4530 2074 4600 jam

497 4621 674 4692 ejecta
703 4630 843 4674 erat.
881 4618 1012 4685 Quae
1043 4634 1169 4674 cum
1203 4620 1323 4674 solo
1389 4619 1729 4689 Apollodoro
1762 4619 1951 4674 Siculo
1979 4634 2076 4674 co-

500 4712 634 4766 mite
663 4726 826 4780 parva
858 4714 1053 4781 cymba
1080 4726 1383 4766 conscensa
1406 4711 1475 4764 ad
1512 4711 1716 4780 regiam
1751 4710 2076 4779 appulisset,

498 4811 557 4856 et
583 4801 828 4855 involuta
878 4789 1120 4870 stragulo
1153 4817 1319 4870 quam
1364 4801 1525 4871 longa
1555 4811 1694 4864 erat,
1743 4811 1799 4856 ct
1827 4801 2080 4870 colligata

501 4891 572 4944 ab
591 4889 783 4944 eodem
813 4906 910 4959 per
937 4890 1086 4944 fores
1113 4891 1181 4944 ad
1208 4890 1478 4946 Caesarem
1508 4891 1714 4959 perlata
1741 4899 1889 4945 esset
1913 4908 1928 4945 :
1965 4899 2080 4945 tum

503 4981 650 5036 illius
699 4985 998 5034 commenti
1042 4981 1323 5036 solertiam
1370 4982 1697 5045 admiratus,
1739 4993 1852 5036 tum
1897 4983 2081 5037 suavi-

505 5081 616 5128 tate
649 5087 863 5126 morum
913 5081 969 5126 et
1008 5072 1194 5141 lepore
1241 5073 1360 5144 ejus
1411 5083 1624 5143 captus,
1683 5089 1805 5129 eam
1837 5083 1895 5128 ut
1921 5075 2080 5145 regni

503 5172 650 5218 esset
677 5164 972 5232 particeps,
1005 5178 1130 5217 cum
1169 5161 1339 5218 fratre
1382 5165 1782 5220 reconciliavit.
1815 5165 1951 5221 Cum
1982 5181 2083 5220 au-

505 5266 617 5311 tem
654 5255 710 5309 in
741 5255 995 5309 convivio
1017 5265 1242 5325 propter
1274 5255 1781 5311 reconciliationem
1836 5273 1958 5312 eam
1997 5259 2080 5312 in-

505 5347 721 5409 stituto,
753 5346 822 5399 ab
853 5347 1062 5400 Achilla
1087 5347 1228 5402 duce
1257 5349 1534 5403 exercitus
1560 5358 1616 5402 et
1644 5347 1878 5404 Pbotino
1903 5366 2084 5404 ennu-

505 5438 612 5491 cho
639 5437 868 5492 insidias
896 5438 1000 5492 sibi
1028 5439 1208 5507 parari
1239 5438 1745 5506 animadvertisset,
1783 5441 2081 5496 Photinum

509 5527 822 5582 interfecit:
882 5528 1122 5583 Achillas
1167 5545 1294 5584 vero
1333 5529 1461 5600 fuga
1492 5530 1736 5599 elapsus,
1772 5547 1934 5602 grave
1969 5531 2086 5586 bel-

510 5619 624 5672 lum
673 5621 725 5672 ei
774 5621 978 5675 intulit.
1034 5620 1153 5685 Quo
1202 5630 1446 5691 tempore
1499 5636 1624 5676 eum
1678 5622 1858 5677 Caesar
1905 5623 2084 5692 ignem

516 5708 674 5762 classi
724 5710 1020 5778 injecissct,
1075 5727 1268 5782 magna
1319 5729 1540 5783 quoque
1591 5714 1681 5766 illa
1746 5713 2087 5768 Bibliotheca

523 5800 891 5872 conflagravit.
938 5802 1241 5859 Commisso
1294 5805 1500 5874 przclio,
1531 5805 1600 5860 ab
1631 5819 1826 5874 aggere
1859 5806 1918 5862 in
1949 5805 2083 5860 lem-

2173 3360 2326 3410 πτον,
2342 3343 2435 3398 τὸν
2459 3344 2557 3412 μὲν
2585 3344 2962 3415 προσφέροντα
2992 3343 3092 3416 τὴν
3110 3346 3354 3416 κεφαλὴν
3380 3349 3663 3418 Πομπηῖου
3683 3350 3766 3412 ὡς

2173 3437 2519 3506 παλαμναῖον
2560 3435 2926 3505 ἀπεστράφηο
2960 3436 3059 3506 τὴν
3095 3437 3153 3490 δὲ
3201 3440 3479 3507 σφραγῖδα
3519 3439 3613 3492 τοῦ
3653 3442 3760 3493 άν-

2174 3528 2300 3600 δρὸς
2335 3526 2657 3596 δεξάμενος,
2687 3527 2990 3596 ἐδάκρυσεν
3017 3544 3033 3560 ο
3079 3528 3331 3599 Ἀχιλλᾶν
3359 3529 3414 3581 δὲ
3446 3531 3535 3583 καὶ
3568 3530 3770 3585 Ποθει-

2176 3621 2268 3674 νὸν
2299 3620 2564 3673 ἔκτεινεν.
2594 3619 2763 3682 Αὐτὸς
2788 3619 2844 3672 δὲ
2869 3619 2897 3671 ὁ
2927 3620 3184 3689 βασιλεὺς
3221 3619 3582 3688 Πτολεμαῖος,
3608 3623 3769 3694 μάχῃ

2175 3711 2425 3779 ληφθεὶς,
2457 3709 2607 3780 παρὰ
2633 3709 2724 3762 τὸν
2749 3709 2994 3780 ποταμὸν
3024 3709 3323 3778 ἠφανίσθη.
3353 3710 3609 3772 Θεόδοτος
3646 3710 3710 3763 δὲ
3739 3715 3770 3765 ὁ

2178 3802 2440 3874 σοφιστὴς
2492 3802 2593 3873 τὴν
2659 3801 2760 3872 μὲν
2815 3803 2882 3855 ὲκ
2932 3802 3216 3873 Καίσαρος
3263 3802 3422 3873 δίκην
3475 3803 3769 3873 διέφυγεν,

2177 3893 2489 3960 ὑπεξελθὼν
2522 3894 2801 3963 Αἴγυπτον
2844 3893 2941 3946 καὶ
2972 3893 3210 3947 ταπεινὰ
3243 3895 3499 3965 πράττων
3533 3893 3628 3947 καὶ
3665 3913 3768 3965 μισ

2181 3986 2442 4057 σούμενος
2467 4002 2481 4015 ·
2515 3985 2738 4056 Βρούτῳ
2757 3985 2815 4038 δὲ
2845 3985 3060 4056 Μάρκῳ
3089 3984 3167 4054 τῷ
3195 3985 3451 4056 Καίσαρα
3483 3985 3770 4041 κτείναντι

2179 4076 2499 4149 περιπεσὼν
2545 4077 2603 4130 ὲν
2643 4075 2822 4147 ’Δσίᾳ,
2855 4078 2951 4130 καὶ
2996 4077 3177 4129 πᾶσαν
3223 4077 3411 4130 αἰκίαν
3451 4077 3548 4130 ὑπ’
3593 4077 3770 4131 αὑτοῦ

2179 4172 2471 4234 αἰκισθεὶς,
2497 4169 2836 4239 ἀπεκτάνθη.
2865 4171 3019 4222 Ὅσοι
3051 4169 3109 4222 δὲ
3136 4170 3246 4223 τῶν
3271 4171 3561 4240 Πομπηΐου
3587 4171 3771 4238 φίλων

2180 4268 2491 4322 ἑαλώκεσαν
2515 4267 2619 4318 ὑπὸ
2649 4263 2744 4318 τοῦ
2776 4264 2876 4331 τῆς
2914 4262 3195 4332 Αἰγύπτου
3226 4264 3586 4334 κρατοῦντος,
3617 4264 3767 4318 πάν-

2179 4377 2277 4422 τας
2309 4357 2680 4429 είηργέτησεν
2713 4355 2741 4406 ὀ
2773 4356 2994 4423 Καῖσαρ
3025 4354 3121 4407 καὶ
3147 4353 3557 4424 προσηγάγετο.
3587 4356 3770 4409 Κάκεῖ

2180 4449 2236 4501 δὲ
2263 4447 2498 4516 πόλεμον
2523 4445 2916 4514 συνεστήσατο,
2945 4443 3038 4496 καὶ
3065 4443 3250 4510 κρύφα
3274 4443 3374 4514 τὴν
3395 4442 3767 4516 Κλεοπάτραν

2182 4533 2290 4586 ἀπὺ
2321 4532 2422 4602 τῆς
2452 4533 2637 4602 χώρας
2676 4531 3084 4602 μετεπέμπετο,
3132 4531 3496 4602 ἐκϐληθεῖσαν
3527 4533 3627 4603 ἤδη
3665 4536 3768 4605 τῆς

2182 4619 2460 4689 βασιλείας
2484 4635 2544 4672 τε
2574 4620 2666 4671 καὶ
2695 4619 2795 4688 τῆς
2828 4617 3037 4682 πόλεως
3068 4620 3219 4691 παρὰ
3249 4624 3341 4675 τοῦ
3373 4622 3634 4692 εὐνούχου
3660 4624 3768 4677 Πο-

2180 4710 2381 4766 θεινοῦ.
2417 4713 2510 4779 Ἦ,
2547 4713 2644 4765 σὺν
2665 4712 2810 4781 μόνῳ
2826 4711 2906 4781 τῷ
2931 4713 3231 4785 Σικελιώτῃ
3265 4713 3656 4786 Ἀπολλοδώρῳ
3685 4718 3766 4780 είς

2182 4805 2410 4858 ἀκάτιον
2447 4803 2643 4874 μικρὸν
2691 4803 2934 4872 ἐμϐᾶσα,
2973 4806 3085 4869 τοῖς
3127 4804 3420 4875 βασιλείοις
3465 4809 3763 4878 προσέσχε,

2183 4896 2279 4949 καὶ
2309 4897 2391 4958 είς
2432 4895 2926 4965 στρωματόδεσμον
2957 4895 3178 4959 ἐνδῦσα,
3215 4897 3494 4968 προτείνει
3540 4901 3764 4970 μακρὰν

2183 4989 2403 5057 ἑαυτήν.
2461 4986 2522 5039 ’0
2577 4985 2636 5038 δὲ
2702 4986 3123 5057 Ἀπολλόδωρος,
3147 4988 3333 5058 ἱμάντι
3381 4991 3655 5061 συνδήσας
3701 4992 3764 5046 τὺ

2185 5078 2704 5148 στρωματόδεσμον,
2748 5077 3054 5149 εἰσκομίζει
3115 5079 3208 5133 διὰ
3259 5079 3444 5150 θυρῶν
3487 5082 3626 5152 πρὸς
3670 5085 3764 5137 τὸν

2184 5165 2463 5236 Καίσαρα.
2490 5165 2600 5220 Καὶ
2623 5164 2713 5219 διὰ
2732 5165 2893 5219 τοῦτο
2916 5167 2978 5220 τὺ
3001 5168 3250 5238 τέχνημα
3283 5169 3537 5242 λαμυρᾶς
3575 5174 3762 5241 φανεί-

2190 5273 2311 5325 σης,
2353 5257 2448 5309 καὶ
2479 5257 2578 5324 τῆς
2615 5256 2783 5326 ἄλλης
2811 5257 3028 5326 ὁμιλίας
3063 5260 3157 5311 καὶ
3191 5261 3413 5330 χάριτος
3457 5263 3632 5329 αὐτῆς
3663 5267 3760 5332 ἠτ-

2187 5347 2398 5416 τηθεὶς,
2429 5346 2677 5417 διήλλαξε
2721 5347 2858 5417 πρὸς
2891 5347 2983 5400 τὸν
3011 5349 3239 5417 ἀδελφὸν
3279 5350 3355 5413 ὡς
3393 5352 3763 5421 συμϐασιλεύ-

2193 5456 2416 5493 σουσαν.
2499 5437 2882 5507 Ἐστιωμένων
2952 5440 2998 5493 δ’
3080 5442 3176 5496 ἐπὶ
3259 5444 3376 5506 ταῖς
3426 5443 3759 5513 διαλλαγαῖς,

2192 5528 2492 5598 ἐπιϐουλὴν
2551 5528 2815 5598 φωράσας
2865 5531 2894 5582 ὁ
2953 5532 3173 5604 Καῖσαρ
3234 5533 3617 5604 τυρευομένην
3671 5532 3762 5586 ὑπ’

2205 5621 2423 5691 Ἀχιλλᾶ
2452 5620 2544 5672 τοῦ
2579 5618 2888 5688 στρατηγοῦ
2916 5622 3010 5674 καὶ
3053 5621 3311 5675 Ποθεινοῦ
3343 5623 3438 5676 τοῦ
3471 5623 3756 5693 εὐνούχου,

2193 5713 2284 5766 τὸν
2320 5713 2421 5782 μὲν
2447 5710 2702 5765 Ποθεινὸν
2731 5711 2965 5766 ἀνεῖλενο
3008 5713 3259 5783 Ἀχιλλᾶς
3284 5714 3340 5766 δὲ
3368 5717 3557 5785 φυγὼν
3587 5717 3668 5776 είς
3703 5713 3764 5765 τὸ

2197 5803 2562 5874 στρατόπεδον
2607 5801 2777 5872 βαρὺν
2804 5803 2956 5873 αύτῷ
2988 5805 3301 5876 περιίστησι
3336 5805 3596 5875 πόλεμον.
3629 5805 3757 5858 Ὅτε
