4024 6398
324 422 430 486 8ἓ9

1588 417 1984 480 ANNALIUM
2030 422 2176 482 LIB.
2222 424 2297 482 Χ.

3457 418 3564 484 830

316 532 429 603 πῦρ
481 529 815 602 ἐμϐαλόντος
860 529 938 601 τῷ
976 526 1145 598 στόλῳ
1173 526 1306 597 (67),
1343 529 1435 580 καὶ
1484 527 1516 598 ἡ
1559 526 1770 597 μεγάλη
1805 525 1888 596 βι-

2021 545 2124 582 tum
2161 531 2404 587 desiluit.
2442 533 2547 589 Sed
2581 549 2704 589 eum
2732 534 2799 588 ab
2838 531 3107 604 Egyptiis
3141 532 3371 588 navibus
3399 533 3564 586 undi-

317 622 580 692 ϐλιοοήκη
613 621 998 689 ὲμπέπρηστο.
1025 618 1219 688 Μάχης
1249 617 1305 670 δὲ
1342 617 1710 686 συνεστώσης,
1734 632 1897 668 κατε-

320 716 532 786 πήδησε
577 713 679 782 μὲν
736 713 848 766 άπὸ
897 710 992 763 τοῦ
1041 709 1298 779 χώματος
1332 709 1412 768 εἰς
1454 708 1700 762 ἀκάτιον.
1745 707 1897 759 Ἐπι-

317 803 592 857 πλεόντων
614 803 668 854 δὲ
693 798 1027 870 πολλαχόθεν
1050 797 1202 867 αὐτῷ
1226 798 1336 850 τῶν
1369 797 1702 866 Αἰγυπτίων,
1735 795 1897 866 ῥίψας

320 895 514 948 ἑαυτὸν
543 895 625 956 εἰς
648 893 744 961 τὴν
767 891 1066 955 θάλασσαν,
1097 888 1405 958 ἀπενήξατο
1434 889 1608 958 μόλις.
1646 888 1776 940 Ὅτε
1811 886 1900 940 λέ-

320 1003 477 1055 γεται
508 985 606 1038 καὶ
643 983 876 1054 βιϐλίδια
907 981 1126 1052 κρατῶν
1162 979 1334 1033 πολλὰ
1399 980 1472 1049 μὴ
1509 978 1770 1048 προέσθαι
1803 993 1898 1046 νη-

324 1080 575 1148 χόμενος,
603 1074 715 1128 ἀλλ’
753 1073 972 1142 ἀνέχειν
1016 1070 1156 1125 αὐτὰ
1203 1070 1344 1140 ὑπὲρ
1372 1071 1471 1138 τῆς
1507 1067 1787 1136 Θαλάσσης
1828 1068 1897 1137 τῇ

325 1169 493 1238 ἑτέρα
528 1168 693 1238 χειρὶ,
746 1165 843 1218 καὶ
881 1162 1058 1217 ταῦτα
1105 1161 1457 1232 βαλλόμενος.
1483 1159 1649 1222 Τέλος
1680 1158 1761 1222 δὲ,
1801 1156 1900 1209 τοῦ

331 1259 598 1331 βασιλέως
656 1257 794 1326 πρὸς
857 1238 987 1316 τοὺς
1046 1253 1346 1322 πολεμίους
1415 1249 1900 1320 ἀποχωρήσαντος,

327 1349 575 1403 ἐπελθὼν
607 1348 705 1401 καὶ
733 1345 974 1415 συνάψας
1005 1343 1246 1411 πόλεμον
1284 1339 1528 1410 ἐνίκησε,
1560 1337 1774 1391 πολλῶν
1803 1353 1902 1389 πε-

329 1442 535 1494 σόντων
562 1439 656 1492 καὶ
682 1437 777 1490 τοῦ
809 1429 1076 1505 βασιλέως
1102 1432 1345 1502 ἀφανοῦς
1374 1430 1694 1500 γενομένου.
1725 1428 1904 1480 Κατα-

326 1527 502 1583 λιπὼν
545 1528 602 1581 δὲ
634 1528 735 1596 τὴν
777 1525 1136 1596 Κλεοπάτραν
1177 1519 1573 1593 βασιλεύουσαν
1599 1516 1900 1585 Αἰγύπτου.

331 1621 430 1675 καὶ
487 1619 687 1690 μικρὸν
748 1617 980 1689 ὕστερον
1027 1615 1089 1680 ἐξ
1147 1612 1315 1667 αὐτοῦ
1361 1610 1631 1666 τεκοῦσαν
1673 1609 1811 1674 υἱὸν,
1845 1607 1905 1661 ὃν

341 1712 713 1784 Ἀλεξανδρεῖς
762 1710 1155 1781 Καισαρείωνα
1199 1707 1451 1772 ἐκάλουν,
1499 1704 1761 1776 ὥρμησεν
1811 1701 1907 1756 ἐπὶ

329 1805 530 1875 Συρίαν
585 1804 681 1857 καὶ
705 1803 968 1874 Φαρνάκῃ
1003 1801 1080 1870 τῷ
1111 1799 1448 1869 Μιθριδάτου
1480 1797 1632 1849 παιδὶ
1661 1794 1906 1864 πολεμή-

331 1913 454 1962 σας,
485 1894 648 1948 αὐτὸν
685 1895 783 1964 μὲν
811 1893 906 1946 τοῦ
953 1893 1156 1946 Πόντου
1189 1891 1434 1958 ἐξέϐαλε,
1498 1890 1600 1959 τὴν
1647 1889 1704 1942 δὲ
1738 1905 1908 1959 στρα-

329 1988 453 2041 τιὰν
485 1986 654 2057 ἄρδην
679 1988 882 2041 ἀνεῖλε.
915 1986 1026 2040 Καὶ
1054 1985 1154 2054 τῆς
1191 1985 1371 2055 μάχης
1413 1982 1618 2053 ταύτης
1653 1981 1716 2035 τὸ
1740 1981 1906 2051 τάχος

333 2079 427 2133 καὶ
448 2079 548 2150 τὴν
573 2077 810 2150 ὀξύτητα
836 2077 1010 2148 δηλῶν
1041 2079 1153 2142 τοῖς
1187 2079 1245 2130 ὲν
1277 2076 1489 2146 Ῥώμῃ,
1519 2073 1728 2146 ἔγραψε
1757 2075 1910 2146 τρεῖς

331 2170 542 2235 λέξας’
599 2167 854 2234 ⁷Ηλθον,
911 2166 1096 2231 εἶδον,
1160 2169 1437 2237 ἐνίκησα.
1494 2165 1778 2221 Ἐντεῦθεν
1828 2167 1911 2229 είς

344 2263 580 2316 Ἰταλίαν
638 2262 892 2317 ἀπελθὼν
956 2263 1036 2325 εἰς
1079 2260 1303 2332 Ῥώμην
1353 2259 1628 2322 ἀνέϐαινε,
1667 2258 1762 2312 τοῦ
1811 2256 1911 2328 μὲν

332 2353 584 2408 ἐνιαυτοῦ
618 2354 1117 2423 καταστρέφοντος,
1145 2354 1224 2415 εἰς
1253 2351 1312 2404 ὂν
1353 2352 1526 2423 ᾕρητο
1547 2349 1822 2419 δικτάτωρ
1851 2348 1912 2402 τὸ

335 2444 615 2515 δεύτερον,
646 2445 906 2498 οὐδέποτε
941 2445 1209 2514 πρότερον
1232 2443 1334 2512 τῆς
1365 2444 1542 2513 ἀρχῆς
1583 2441 1790 2511 ταύτης
1822 2455 1914 2506 γε-

336 2538 571 2608 νομένης
602 2537 873 2590 ἐνιαυσίου
896 2553 910 2569 ·
940 2539 1022 2599 εἰς
1041 2537 1098 2590 δὲ
1127 2537 1188 2588 τὸ
1215 2535 1366 2588 ἐπιὸν
1401 2534 1520 2596 ἔτος
1554 2533 1766 2595 ὕπατος
1791 2533 1914 2584 ἁνε-

337 2628 550 2699 δείχθη.
593 2629 716 2681 Τῶν
749 2629 806 2681 δὲ
844 2628 973 2698 περὶ
1016 2628 1256 2682 Κάτωνα
1300 2624 1396 2678 καὶ
1442 2625 1720 2678 Σκιπίωνα
1777 2622 1916 2692 μετὰ

338 2720 438 2788 τὴν
497 2723 556 2774 ἐν
601 2721 870 2791 Φαρσάλῳ
919 2719 1098 2790 μάχην
1141 2720 1221 2781 εἰς
1253 2717 1462 2786 Λιϐύην
1498 2716 1786 2786 φυγόντων
1823 2714 1917 2768 καὶ

341 2813 598 2883 δυνάμεις
639 2813 979 2883 ἡθροικότων
1011 2811 1351 2878 ἀξιολόγους,
1379 2809 1467 2863 ἐπ’
1496 2808 1693 2872 αὐτοὺς
1719 2809 1748 2861 ό
1779 2809 1920 2860 Καῖ-

1997 639 2105 692 quc
2134 625 2470 691 cingeretur,
2515 625 2650 679 mari
2688 640 2745 679 se
2779 625 3070 692 commisit,
3124 633 3180 678 et
3210 640 3354 694 mgrc
3377 634 3570 678 enata-

1994 717 2096 772 vit.
2130 715 2328 772 Fertur
2357 725 2540 770 autem
2574 716 2789 770 libellos
2841 716 3044 770 multos
3085 731 3249 768 manu
3300 715 3445 768 inter
3472 729 3571 766 na—

1997 809 2224 865 tandum
2248 807 2303 862 in
2333 807 2563 863 sublime
2586 807 2781 872 elatos,
2809 821 2918 860 non
2941 805 3230 877 abjecisse,
3255 818 3569 873 quanquam

1997 901 2122 956 telis
2170 909 2472 970 peteretur.
2504 897 2748 952 Tandem
2798 911 2923 952 cum
2957 911 3050 949 rex
3081 896 3148 950 ad
3180 895 3369 949 hostes
3408 893 3574 947 abiis-

1999 1003 2103 1057 set,
2137 1005 2415 1052 reversus,
2448 989 2743 1043 commisso
2768 987 2955 1057 praelio
2988 986 3141 1049 vicit,
3173 985 3361 1040 multis
3393 983 3573 1044 ezesis,

2000 1083 2233 1152 ipsoque
2264 1096 2391 1151 rege
2421 1078 2753 1144 desiderato,
2788 1092 2853 1132 ac
2880 1077 3186 1147 Cleopatrae
3215 1073 3436 1145 zEgypti
3485 1088 3576 1125 re-

2000 1188 2107 1244 gno
2137 1173 2332 1227 relicto
2358 1189 2372 1224 :
2412 1185 2533 1237 quae
2564 1184 2676 1223 non
2711 1169 2886 1222 multo
2920 1179 3042 1237 post
3065 1166 3237 1221 ﬁlium
3261 1165 3313 1220 ei
3339 1162 3576 1235 peperit,

2000 1265 2071 1320 ab
2106 1263 2377 1335 Egyptiis
2403 1262 2765 1319 Caesarionem
2810 1270 3090 1322 vocatum,
3143 1258 3309 1327 inque
3363 1254 3576 1326 Syriam

2002 1358 2321 1414 contendit:
2379 1366 2436 1412 et
2489 1356 2771 1412 Pharnace
2823 1352 3155 1408 Mithridatis
3230 1349 3343 1404 [ilio
3399 1348 3577 1402 Ponto

2003 1443 2201 1522 ejecto,
2237 1451 2358 1521 ejus
2389 1462 2521 1503 vero
2577 1447 2824 1502 exercitu
2860 1458 3087 1514 prorsus
3118 1441 3320 1505 deleto,
3354 1453 3414 1493 ut
3448 1436 3581 1492 belli

2005 1540 2241 1597 confecti
2271 1539 2608 1596 celeritatem
2659 1537 3084 1598 demonstraret,
3137 1533 3238 1588 tria
3272 1530 3438 1585 verba
3471 1529 3582 1582 Ro-

2005 1647 2148 1686 mam
2176 1629 2399 1700 scripsit
2427 1646 2441 1683 :
2477 1629 2627 1692 Veni,
2654 1629 2786 1690 vidi,
2816 1627 2938 1682 vici.
2967 1625 3099 1680 Inde
3129 1624 3184 1679 in
3219 1624 3425 1678 Italiam
3457 1636 3582 1690 pro-

2005 1722 2203 1786 fectus,
2237 1723 2465 1777 Romam
2505 1721 2750 1775 ascendit
2779 1719 2882 1774 sub
2915 1717 3044 1773 anni
3085 1716 3314 1779 exitum,
3347 1729 3458 1783 quo
3496 1727 3583 1766 se-

2008 1813 2251 1870 cundum
2292 1812 2530 1867 dictator
2561 1820 2781 1865 creatus
2812 1809 3011 1874 fuerat,
3072 1823 3198 1863 cum
3237 1821 3302 1860 ea
3337 1811 3582 1874 potestas

2005 1911 2167 1958 antea
2210 1917 2491 1970 nunquam
2525 1899 2693 1972 489
2731 1913 2914 1952 annua
2961 1895 3181 1951 fuisset.
3236 1894 3291 1947 In
3341 1906 3583 1959 sequen-

2006 2009 2118 2052 tem
2149 2009 2354 2048 annum
2383 1993 2576 2048 consul
2603 2000 2689 2046 est
2719 1989 3049 2045 declaratus.
3079 1986 3216 2043 Cum
3242 1993 3426 2038 autem
3447 1982 3585 2036 Cato

2008 2095 2066 2143 et
2093 2086 2278 2156 Scipio
2306 2093 2432 2155 post
2459 2083 2834 2139 Pharsalicam
2869 2080 3082 2136 cladem
3122 2079 3176 2132 in
3209 2075 3385 2131 Africa
3412 2075 3590 2145 justas

2009 2179 2199 2250 copias
2229 2178 2559 2249 coegissent,
2593 2175 2778 2232 Caesar
2812 2181 3003 2230 contra
3024 2185 3119 2226 eos
3147 2169 3448 2240 profectus,
3477 2165 3592 2217 exi-

2009 2286 2117 2342 gua
2170 2269 2338 2323 unius
2375 2267 2485 2323 diei
2520 2275 2672 2336 parte
2707 2274 2820 2319 tres
2849 2263 3128 2316 exercitus
3159 2255 3442 2327 superavit
3471 2271 3485 2307 :
3534 2261 3592 2307 et

2013 2341 2046 2415 ί.
2076 2358 2321 2412 millibus
2354 2356 2597 2410 hostium
2654 2353 2874 2417 occisis,
2918 2364 3147 2406 suorum
3179 2364 3288 2402 non
3323 2363 3353 2400 ι.
3384 2341 3588 2398 amisit.

2012 2452 2129 2509 Viri
2163 2450 2480 2505 consulares
2518 2456 2574 2502 et
2602 2446 2842 2514 praetorii
2880 2448 2974 2514 qui
3000 2459 3031 2498 e
3069 2455 3251 2512 pugna
3280 2443 3588 2494 evaserant,

2014 2557 2139 2598 eum
2171 2548 2521 2610 caperentur,
2555 2537 2752 2608 partim
2791 2535 2894 2605 ipsi
2933 2547 3128 2590 necem
3165 2529 3271 2585 sibi
3303 2525 3593 2582 conscive-

2015 2641 2168 2694 runt,
2201 2630 2399 2701 partim
2441 2637 2631 2697 captos
2674 2626 2857 2682 Caesar
2903 2621 3191 2692 suppliciis
3233 2617 3437 2672 aﬂ'ecit.
3490 2612 3594 2668 Ca-

2019 2721 2168 2778 tonis
2193 2734 2406 2786 necem,
2435 2717 2527 2788 qui
2559 2715 2663 2772 sibi
2713 2716 2830 2784 ipse
2879 2727 3075 2766 manus
3101 2707 3381 2772 attulerat,
3415 2703 3595 2774 palam

2018 2829 2160 2885 aegre
2199 2813 2361 2866 tulit:
2403 2826 2502 2866 cur
2531 2818 2738 2872 autem,
2797 2807 3070 2860 incertum
3123 2811 3230 2857 est.
3281 2797 3421 2853 illud
3467 2793 3596 2864 qui-

345 2920 451 2973 σαρ
501 2904 873 2973 ἐστράτευσε,
927 2904 1022 2956 καὶ
1086 2900 1272 2973 μικρῷ
1326 2900 1484 2970 μέρει
1531 2901 1662 2968 μιᾶς
1701 2899 1917 2968 ἡμέρας

2021 2905 2146 2960 dem
2178 2903 2351 2958 dixit:
2393 2901 2608 2956 Invideo
2639 2898 2730 2952 tibi
2782 2905 3005 2950 mortem
3061 2894 3239 2956 istam,
3271 2889 3424 2949 Cato,
3469 2901 3601 2956 quo-

344 2996 514 3066 τριῶν
549 2997 927 3066 στρατοπέδων
957 2996 1232 3066 ἐκράτησε
1253 3009 1270 3024 °
1301 2993 1398 3046 καὶ
1421 2989 1917 3059 πεντακισμυρίους

2024 3001 2169 3051 nium
2201 3005 2256 3049 tu
2291 2994 2418 3048 mihi
2461 2991 2687 3046 salutem
2721 2987 2978 3044 invidisti.
3018 2984 3094 3039 Ex
3141 2983 3326 3038 Africa
3366 2980 3595 3034 Romam

345 3089 454 3146 τῶν
479 3087 756 3158 πολεμίων
782 3087 1096 3159 ἀνῃρηκὼς,
1129 3086 1252 3139 οὐδὲ
1275 3084 1617 3153 πεντήκοντα
1643 3082 1752 3135 τῶν
1779 3082 1917 3136 ἰδίων

2025 3100 2304 3150 reversus,
2337 3081 2722 3152 triumphavit,
2751 3088 2808 3134 et
2827 3075 3140 3147 spectacula
3170 3070 3377 3128 navalis
3405 3081 3601 3139 pugna:

347 3180 616 3234 ἀπέϐαλε.
652 3180 771 3234 Τῶν
800 3181 856 3233 δὲ
925 3178 1280 3246 πεφευγότων
1306 3178 1372 3229 ἐκ
1392 3176 1490 3244 τῆς
1514 3175 1696 3245 μάχης
1727 3175 1917 3227 ὑπατι-

2025 3189 2082 3236 et
2125 3178 2493 3250 gladiatorum
2544 3172 2739 3230 edidit.
2787 3171 2924 3226 Cum
2967 3183 3167 3225 census
3218 3174 3493 3234 ageretur,
3539 3173 3602 3213 et.

352 3273 466 3325 κῶν
496 3272 592 3326 καὶ
619 3271 1002 3342 στρατηγικῶν
1060 3269 1271 3340 ἀνδρῶν
1304 3268 1355 3320 ot
1400 3267 1499 3336 μὲν
1539 3266 1769 3329 ἑαυτοὺς
1814 3265 1917 3318 διέ-

2028 3273 2200 3327 millia
2231 3270 2460 3336 civium,
2513 3268 2580 3324 de
2611 3282 2778 3323 cccxx
2832 3262 3081 3318 millibus
3135 3273 3258 3329 qua:
3287 3265 3412 3310 ante
3439 3265 3602 3308 censa

351 3365 586 3433 φθειραν
618 3364 989 3433 ἁλισκόμενοι,
1051 3361 1280 3430 συχνοὺς
1335 3359 1394 3412 δὲ
1442 3359 1662 3428 Καῖσαρ
1697 3355 1917 3418 ἁλόντας

2027 3366 2267 3429 fuerant,
2299 3371 2430 3418 sunt
2463 3362 2705 3416 inventa.
2733 3358 2964 3412 Tantam
2997 3351 3184 3425 populi
3221 3358 3456 3418 stragem
3489 3342 3607 3397 bel-

351 3457 664 3510 ἁπέκτεινε.
695 3456 947 3518 Κάτωνος
973 3453 1030 3507 δὲ
1063 3449 1740 3520 ὲαυτδνήδιεργασαμένου,
1768 3447 1917 3517 δῆλος

2030 3456 2145 3510 lum
2181 3453 2342 3508 civile
2380 3451 2658 3506 attulerat.
2717 3446 2927 3503 Deinde
2981 3451 3238 3513 quartum
3272 3435 3463 3494 consul
3492 3434 3608 3488 fae-

352 3544 420 3618 ἧν
463 3547 683 3619 δηχθείς
709 3565 724 3578 ·
767 3542 828 3601 οὗ
856 3545 902 3600 δ’
942 3545 1104 3600 ἓνεκα
1133 3543 1406 3612 λελύπητο
1437 3541 1653 3612 ἄδηλον.
1703 3535 1841 3593 Εῐπε
1881 3539 1917 3591 δ’

2035 3555 2146 3610 tus,
2175 3545 2230 3598 in
2263 3541 2580 3613 Hispaniam
2613 3537 2748 3594 abiit
2780 3545 2970 3592 contra
3003 3530 3248 3601 Pompeii
3289 3527 3451 3591 ﬁlios,
3479 3523 3610 3577 ado-

354 3635 468 3690 οὓνο
499 3633 565 3689 Ὦ
603 3635 830 3700 Κάτων,
861 3632 1062 3704 φθονῶ
1107 3633 1215 3687 τοῦ
1244 3631 1528 3688 θανάτου·
1562 3631 1661 3683 καὶ
1690 3631 1800 3699 γὰρ
1845 3628 1917 3683 σύ

2032 3639 2310 3693 lescentes
2344 3633 2570 3704 quidem
2617 3631 2741 3687 illos
2786 3628 2990 3689 adhuc,
3025 3623 3121 3679 sed
3147 3616 3376 3676 audacia
3406 3612 3612 3686 princi-

350 3746 454 3796 μοι
506 3727 615 3793 τῆς
675 3726 979 3796 σωτηρίας
1025 3724 1371 3794 ἐφθόνησας
1421 3722 1557 3792 (68).
1620 3722 1783 3777 Ἀλλά
1820 3723 1917 3792 γὰρ

2036 3741 2167 3800 patu
2216 3726 2381 3796 digna
2429 3722 2733 3793 praeditos:
2784 3717 2878 3773 ubi
2931 3717 2987 3770 in
3019 3721 3252 3768 .tantum
3305 3705 3611 3778 periculum

358 3794 669 3874 επανελθὼν
691 3820 771 3881 εἰς
808 3794 1030 3888 Ῥώμην
1059 3816 1168 3869 άπὸ
1196 3815 1404 3886 Λιϐύης
1428 3814 1731 3885 Θριάμϐους
1760 3815 1917 3884 κατή·

2035 3819 2210 3883 venit,
2270 3794 2331 3871 ut
2368 3830 2466 3885 per
2513 3811 2685 3867 aciem
2737 3809 3077 3870 discurrens,
3133 3799 3478 3857 clamitaret:
3535 3794 3613 3846 An

357 3929 524 3981 γαγε,
553 3911 648 3964 καὶ
687 3909 816 3972 θέας
858 3910 1070 3962 ἑτέλευε
1111 3909 1406 3978 ναυμάχων
1461 3908 1559 3960 καὶ
1603 3906 1934 3976 μονομάχων

359 4003 592 4072 ἀνδρῶν.
623 4001 914 4069 Τιμήσεων
946 3998 1002 4053 δὲ
1029 3999 1338 4066 γενομένων
1370 3997 1492 4049 ἀντὶ
1519 3996 1626 4047 τῶν
1651 3995 1936 4064 προτέρων

359 4093 506 4146 δυεῖν
533 4094 628 4144 καὶ
655 4082 952 4160 τριὸκοντα
989 4089 1270 4158 μυριάδων
1297 4090 1353 4139 αἱ
1387 4088 1559 4140 πᾶσαι
1589 4085 1937 4139 πεντεκαίδε-

361 4199 436 4235 κα
461 4180 856 4252 περισωθεῖσαι
883 4179 1186 4248 εὑρέθησαν
1206 4193 1219 4205 '
1250 4175 1590 4246 τηλικαύτην
1613 4175 1818 4246 φθοράν
1842 4174 1937 4227 τοῦ

361 4275 536 4345 δήμου
581 4274 610 4325 ὁ
649 4272 915 4343 ἐμφύλιος
953 4271 1250 4342 εἰργάσατο
1279 4270 1538 4338 πόλεμος.
1577 4265 1708 4320 Εῐτα
1730 4267 1938 4330 ὕπατος

362 4366 424 4420 τὸ
441 4368 700 4436 τέταρτον
741 4364 1005 4434 αἱρεθεὶς,
1046 4362 1126 4424 εἰς
1155 4360 1400 4430 Ἰϐηρίαν
1437 4358 1809 4428 ἐστράτευσεν
1842 4359 1938 4410 ἐπὶ

2040 3911 2232 3965 milites
2263 3923 2368 3960 non
2403 3905 2638 3976 puderet,
2673 3915 2729 3954 se
2758 3908 2969 3967 captum
3001 3894 3174 3966 pueris
3202 3892 3258 3944 in
3289 3903 3478 3944 manus
3501 3893 3606 3938 tra-

2040 3999 2204 4054 dere?
2241 3998 2371 4052 Post
2401 3973 2636 4065 pugnam
2667 3999 2851 4043 autem
2880 3985 3073 4040 amicis
3108 3981 3284 4036 dixit:
3351 3975 3421 4031 Se
3445 3975 3509 4028 de
3539 3973 3616 4025 οἱα

2041 4091 2207 4146 ctoria
2235 4103 2394 4156 saepe,
2437 4098 2549 4138 tum
2577 4097 2697 4136 vero
2726 4081 2958 4148 primum
2978 4077 3042 4130 de
3067 4076 3173 4129 vita
3204 4079 3451 4127 certasse.
3495 4065 3616 4120 Cm-

2041 4193 2165 4234 sare
2213 4177 2448 4239 victore,
2483 4172 2670 4244 junior
2705 4168 2949 4237 Pompeii
2999 4165 3147 4219 [ilius
3204 4162 3330 4231 fuga
3377 4167 3464 4212 est
3503 4157 3617 4210 ela-

2040 4284 2174 4338 psus
2205 4285 2218 4321 :
2259 4273 2384 4337 post
2418 4265 2536 4320 dies
2565 4262 2796 4333 aliquot,
2823 4267 2954 4313 natu
2983 4253 3205 4326 majoris
3234 4246 3617 4322 caputCaesari

2044 4359 2294 4412 allatum.

366 4465 494 4527 τοὺς
529 4432 818 4530 Πομπηΐαν
855 4457 1025 4518 υἱοὺς.
1065 4454 1220 4517 νέους
1265 4455 1364 4523 μὲν
1403 4453 1568 4516 ὄντας
1597 4452 1700 4518 ἔτι,
1731 4453 1940 4523 τόλμαν
1979 4455 2024 4508 δ’
2057 4449 2541 4520 ἐπιδεικνυμένους
2573 4447 2872 4518 ἀξιόχρεων
2935 4443 3074 4513 πρὸς
3138 4437 3459 4510 ἡγεμονίαν.
3488 4432 3622 4486 Ὅτε
3709 4449 3711 4451 ·

367 4561 463 4615 καὶ
493 4561 573 4619 εἰς
604 4527 849 4610 κίνδυνον
878 4548 1164 4621 περιέστη,
1192 4548 1267 4611 ὡς
1291 4548 1420 4618 βοᾷν
1456 4546 1545 4602 διὰ
1573 4547 1684 4600 τῶν
1723 4547 1933 4614 τάξεων
1974 4546 2246 4618 περιθέων
2313 4545 2425 4597 τῶν
2487 4541 2703 4598 ἑαυτοῦ·
2736 4541 2808 4594 Ei
2839 4536 2928 4606 μὴ
2971 4534 3280 4590 αἰδοῦνται
3321 4527 3622 4590 λαϐόντας

367 4652 554 4707 αὐτὸν
584 4651 912 4720 ἐγχειρίσαι
946 4619 1073 4717 τοῖς
1105 4647 1443 4715 παιδαρίοις
1465 4659 1488 4710 ;
1529 4644 1674 4714 Πρὸς
1713 4644 1771 4697 δὲ
1814 4645 1942 4707 τοὺς
1982 4644 2171 4714 φίλους
2213 4642 2351 4711 μετὰ.
2391 4641 2493 4710 τὴν
2568 4639 2750 4708 μάχην
2797 4632 2972 4698 εἶπεν,
3019 4633 3105 4696 Ως
3145 4625 3442 4690 πολλάκις
3505 4619 3624 4692 μὲν

369 4711 896 4814 ἀγωνίσαιτο-περὶ
927 4711 1125 4811 νίκης,
1161 4711 1380 4796 νῦννδὲ
1413 4711 1650 4806 πρῶτον
1697 4737 1831 4803 περὶ
1862 4711 2094 4806 ψυχῆς.
2159 4736 2505 4804 Νικήσαντος
2568 4731 2627 4784 δὲ
2695 4728 2995 4796 Καίσαρός,
3031 4724 3060 4775 ό
3094 4721 3194 4792 μὲν
3219 4719 3484 4786 νεώτερος
3511 4711 3623 4765 τῶν

372 4809 663 4907 Πομπηΐου
692 4809 1094 4905 υίῶνάπέδρα·
1116 4831 1319 4904 ἠνέχθη
1347 4831 1393 4885 δ’
1413 4829 1566 4902 αὐτῷ
1626 4828 1747 4900 μεθ’
1804 4828 2023 4901 ἡμέρας
2060 4827 2154 4880 τοῦ
2183 4825 2553 4898 πρεσϐυτέρου
2579 4824 2614 4892 ἡ
2646 4819 2880 4890 κεφαλή.
2917 4815 3119 4870 Τοῦτον
3152 4813 3380 4884 ἔσχατον
3407 4809 3625 4877 Καῖσαρ

372 4931 678 5001 ἐπολέμησε
709 4927 966 4996 πόλεμον.
2319 4933 2323 4936 ·

1567 5062 1765 5124 Varias
1796 5059 2106 5123 lectiones
2129 5061 2190 5120 et
2209 5061 2400 5118 notae.

2056 5183 2223 5252 telligi
2259 5180 2454 5252 possit,
2481 5176 2746 5252 catonem
2775 5185 2886 5226 non
2910 5166 3233 5252 dignitatern
3264 5153 3627 5252 tantum,

2055 5231 2289 5308 ἐξιϊιίῗὲηῖ
2303 5231 2745 5304 vei'i—amCmsaris
2779 5231 3123 5311 oppugnasse
3145 5274 3160 5297 ,
3199 5231 3229 5299 ,(
3251 5243 3459 5311 neque
3481 5231 3628 5311 enim

2780 5292 2902 5386 ἁδύ,
2931 5292 2989 5360 ἷξε
3041 5292 3281 5386 ipsathe
3315 5292 3632 5386 sique-

2054 5361 2296 5460 irrt‘elliléi’
2321 5361 2638 5460 ﬁsigs'ﬁ'iié
2654 5361 2940 5460 sententia
2971 5361 3219 5460 qlu‘idem‘
3232 5361 3630 5460 repugnante.)

2054 5437 2470 5522 subdit
2488 5437 2601 5513 ille.
2638 5445 2962 5522 particulam
2977 5437 3014 5519 ς(
3037 5452 3185 5493 tuam
3204 5437 3502 5522 )‘o‘mitte‘re
3521 5469 3540 5522 ,
3552 5437 3632 5522 ι131.

2057 5511 2335 5583 Simalio
2360 5526 2528 5579 etiam
2555 5511 2808 5574 sermone
2843 5511 3105 5583 ambigua
3139 5513 3289 5562 esset
3327 5511 3626 5583 sentenlra,

2053 5580 2238 5652 ἧὶτῖιῆι
2275 5596 2456 5649 Cazsar
2501 5586 2808 5644 clementia:
2848 5580 3072 5652 laudem
3099 5593 3167 5631 ex
3208 5580 3631 5652 conservatione

2053 5643 2567 5730 ὃᾶιῦὶῖίέᾶῐρὶξπες,
2597 5673 2670 5730 an_
2702 5668 2836 5708 vero
2865 5664 3023 5730 suam
3062 5649 3120 5730 in
3149 5661 3217 5730 eo
3249 5643 3478 5730 explere
3513 5643 3628 5730 ira-

2052 5711 2594 5795 EEha'iihfi'aidéai,
2626 5725 2674 5781 si
2710 5737 2840 5780 eum
2867 5721 2922 5776 in
2945 5725 3273 5790 potestatem
3296 5711 3625 5783 redegisset.

445 5203 559 5273 (6'1)
590 5200 730 5273 έρτε
759 5195 880 5261 πῦρ
917 5193 1285 5273 ἐμϐαλόντος
1306 5189 1388 5254 τῷ
1405 5189 1632 5273 στόλῳ.
1666 5188 1941 5273 incertum

376 5259 560 5326 utrum
591 5259 990 5335 KaicapocLa'n
1030 5262 1256 5335 ξΑχιλλᾶ
1276 5275 1306 5335 ;_
1325 5260 1420 5335 sed
1445 5259 1949 5335 Pl_u_larch_u.s_scru-

393 5342 564 5395 mlum
613 5336 755 5392 tollit
775 5327 840 5387 'in
869 5331 986 5386 Vita
1017 5327 1270 5390 Caesaris,
1292 5327 1380 5382 bis
1403 5329 1587 5382 verbis
1623 5344 1636 5379 :
1684 5327 1948 5388 Δεύτερον

408 5412 432 5463 ὲ
462 5405 930 5478 περικοπτόμενος
949 5403 1052 5478 *τὸν
1075 5401 1279 5478 στρον,
1314 5397 1639 5468 ἠναγκάσθη
1660 5395 1748 5449 διά
1780 5395 1952 5467 πυρὸς

377 5468 702 5533 ἀπώσασθαι
727 5468 820 5526 τόν
855 5471 1120 5525 κίνδυνον.
1149 5468 1238 5525 W.

453 5546 561 5617 (68)
599 5544 707 5600 Kal
729 5542 954 5617 frigori
992 5557 1093 5617 μοι
1119 5540 1465 5617 ἐφθόνησας
1489 5535 1948 5617 τῆς-σωτηρίας.

380 5605 658 5684 Plerique,
696 5605 776 5684 ait
797 5605 1555 5684 ινοιηιείεηιιητει-ρι-ειὲηιω..ί
1578 5605 1668 5684 ‘Tu
1695 5605 1837 5684 mihi
1855 5621 1948 5657 δα,

383 5673 559 5740 ιιιιεηί
582 5673 728 5738 tuam
759 5677 1012 5734 invidisti.
1043 5677 1150 5736 Sed
1183 5673 1307 5731 eum
1357 5675 1683 5732 Plutarchus
1711 5673 1938 5737 scribat,

385 5758 680 5810 obscurum
707 5750 896 5812 fuisse,
936 5764 1034 5802 cur
1055 5747 1236 5801 Caesar
1260 5744 1486 5800 Catonis
1513 5745 1794 5799 interitum
1835 5743 1936 5796 do-

387 5826 572 5891 luerit,
629 5833 685 5879 et
713 5819 1013 5889 ὲφΟόνησάς
1045 5833 1136 5887 μοι
1169 5815 1267 5885 τῆς
1314 5815 1605 5882 σωτηρίας,
1649 5813 1814 5868 etiam
1845 5812 1931 5867 in-
