4024 6448
392 434 495 501 831

1680 432 2004 497 JOANNIS
2044 430 2365 493 ΖΟΝΛΒιΕ

3474 408 3650 486 ⁷822

453 553 549 610 XI.
589 552 853 610 Extremo
897 531 1201 614 boebello
1253 565 1409 627 gesto
1443 556 1672 611 Romam
1708 566 1966 610 reversus

2137 547 2241 605 IA'.
2278 541 2623 601 Ἐπανελθὼν
2660 542 2709 597 δ’
2738 542 2818 605 εἰς
2854 538 3073 610 Ῥώμην
3097 536 3381 608 δικτάτωρ
3406 535 3495 590 διὰ
3523 536 3652 607 βίου

383 645 591 709 Caesar,
621 645 862 701 dictator
888 656 1193 716 perpetuus
1221 656 1308 702 est
1336 655 1558 702 creatus
1585 664 1599 700 :
1641 662 1764 717 quae
1789 647 1968 700 mani-

386 731 527 788 festa
576 733 828 803 tyrannis
879 732 1004 798 fuit,
1062 743 1260 804 praeter
1307 736 1641 790 monarchia:
1693 751 1966 790 summam

385 831 718 891 potestatem
751 836 1074 878 successore
1102 838 1321 893 quoque
1347 839 1560 879 carens.
1591 825 1751 881 Solus
1778 841 1965 881 rerum

386 912 619 981 potitus,
654 912 860 968 multos
889 914 983 982 qui
1021 930 1174 970 arma
1220 924 1414 970 contra
1456 918 1721 976 tulerant.
1778 917 1967 972 absol-

382 997 483 1049 vit.
516 997 808 1053 Nonnullis
838 1001 1191 1071 magistratus
1219 1012 1274 1059 et
1328 1004 1568 1061 honores
1600 1007 1754 1061 dedit
1779 1006 1972 1078 :‘quo-

387 1099 510 1138 rum
541 1101 572 1139 e
606 1102 840 1142 numero
874 1088 1101 1145 fuerunt
1128 1090 1331 1145 Brutus
1357 1102 1414 1147 et
1441 1093 1686 1150 Cassius.
1718 1094 1968 1164 Pompeii

388 1186 605 1232 statuas
654 1179 898 1250 dejectas
951 1182 1216 1239 restituit.
1263 1185 1502 1240 Monitus
1553 1186 1622 1241 ab
1664 1186 1878 1247 amicis.
1910 1195 1972 1242 ut

386 1268 658 1324 satellites
692 1270 760 1324 ad
809 1273 1120 1327 custodiam
1152 1277 1405 1345 corporis
1463 1278 1775 1343 adhiberet,
1806 1294 1970 1333 recu-

387 1357 529 1411 savit
557 1378 571 1414 :
616 1359 809 1415 Melius
840 1365 979 1418 enim
1008 1380 1119 1419 esse
1147 1376 1369 1421 mortem
1398 1369 1560 1423 semel
1592 1380 1857 1441 oppetere,
1889 1369 1974 1424 di-

385 1463 539 1513 cens,
569 1466 730 1519 quam
758 1464 1008 1524 perpetuo
1041 1458 1353 1526 formidare.
1385 1458 1444 1514 ln
1486 1461 1755 1530 majorum
1784 1476 1969 1515 rerum

386 1539 575 1594 studio
600 1549 657 1595 et
683 1558 839 1599 nova:
864 1543 1052 1614 gloriae
1078 1550 1438 1617 appetitione,
1474 1549 1529 1603 in
1567 1551 1753 1605 animo
1777 1550 1972 1604 habuit

390 1630 608 1686 Parthis
638 1632 844 1690 inferre
877 1636 1106 1703 bellum,
1142 1648 1200 1693 et
1232 1656 1331 1710 per
1369 1639 1695 1711 Hyrcaniam
1750 1642 1804 1695 in
1839 1641 1972 1713 Scy-

389 1720 564 1775 thiam
595 1722 778 1780 facere
808 1725 1251 1797 impressionem.
1285 1728 1484 1785 Odium
1515 1732 1702 1800 populi
1733 1729 1968 1785 Romani

390 1827 518 1866 cum
567 1814 691 1870 aliis
745 1816 815 1871 de
848 1819 1054 1883 causis,
1108 1828 1225 1873 tum
1275 1820 1348 1875 ob
1403 1822 1555 1891 regni
1587 1836 1834 1876 amorem
1882 1822 1968 1876 vel

389 1902 559 1976 490
589 1906 826 1963 maxime
875 1909 1140 1978 suscepit.
1170 1911 1325 1967 Unde
1372 1911 1672 1967 familiares
1725 1913 1846 1981 ejus
1875 1928 1968 1965 ru-

389 2009 602 2051 morem
642 1998 699 2052 in
728 1998 929 2069 vulgus
960 2011 1305 2070 sparserunt,
1337 2001 1618 2074 Sibyllinis
1646 2004 1808 2059 libris
1838 2019 1973 2060 con-

389 2088 577 2151 tineri.
603 2092 835 2148 Parthos
859 2109 970 2149 non
999 2094 1106 2149 nisi
1129 2110 1257 2166 rege
1284 2096 1428 2151 duce
1462 2112 1493 2151 a
1520 2097 1782 2151 Romanis
1810 2112 1971 2166 posse

388 2179 559 2233 vinci.
589 2179 656 2233 Et
686 2179 825 2236 Alba
858 2182 1087 2237 Romam
1141 2185 1517 2254 proﬁciscens,
1563 2202 1594 2240 a
1640 2188 1970 2256 quibusdam

390 2281 488 2320 rex
534 2270 859 2337 appellatus,
912 2287 1038 2327 cum
1072 2288 1137 2329 ea
1188 2290 1246 2330 re
1289 2276 1550 2344 populum
1586 2278 1971 2347 perturbatum

388 2356 641 2425 vidisset,
713 2375 771 2416 se
802 2377 912 2417 non
950 2379 1158 2435 regem,
1209 2366 1307 2422 sed
1338 2366 1608 2423 Caesarem
1659 2384 1782 2424 esse
1811 2369 1969 2426 dixit.

389 2446 624 2504 Caesaris
670 2460 857 2507 autem
892 2470 1094 2510 nomen
1138 2457 1224 2525 (ut
1260 2457 1487 2527 quidam
1524 2460 1844 2530 opinantur)
1876 2461 1976 2517 ha-

393 2536 535 2605 buit,
586 2542 732 2611 quod
785 2554 960 2601 matre
1011 2558 1230 2603 mortua
1276 2564 1345 2604 ex
1379 2559 1539 2605 utero
1581 2566 1757 2606 caesus
1784 2563 1971 2615 esset;

392 2633 542 2700 quod
588 2631 783 2689 falsum
817 2646 945 2692 est:
988 2648 1223 2698 matrem
1271 2642 1421 2697 enim
1455 2642 1522 2698 ad
1552 2643 1766 2698 virilem
1801 2659 1975 2715 usque

390 2730 610 2778 aetatem
642 2724 901 2784 habuisse
940 2730 1223 2787 scribitur.
1251 2732 1466 2803 Aliquis
1494 2742 1678 2789 autem
1708 2749 1775 2789 ex
1806 2735 1977 2806 majo-

391 2814 550 2870 ribus
577 2816 698 2887 ejus
729 2834 798 2874 eo
833 2820 998 2876 modo
1030 2832 1218 2889 natus,
1267 2835 1698 2895 cognomentum
1731 2826 1785 2881 id
1815 2828 1871 2882 in
1896 2826 1978 2882 ia-

393 2908 604 2963 miliam
652 2915 994 2985 prapagavit.
1049 2916 1185 2971 Cum
1238 2917 1530 2988 aliquando
1571 2919 1893 2976 consulibus
1919 2929 1976 2977 et

393 3001 727 3069 praetoribus
752 3004 821 3059 ad
855 3020 915 3061 se
943 3007 1358 3076 accedentibus,
1405 3018 1521 3066 toto
1545 3020 1741 3067 senatu
1797 3014 1978 3068 comi-

396 3098 567 3155 tante,
604 3107 713 3148 non
747 3098 1163 3164 assurrexisset,
1188 3116 1299 3155 non
1322 3111 1577 3157 senatum
1607 3111 1845 3169 tantum,
1876 3105 1972 3161 sed

2067 640 2360 711 ἐψήφιστο,
2396 637 2426 690 δ
2452 636 2712 708 τυραννὶς
2756 632 3056 703 ἐτύγχανεν
3084 630 3378 701 ἄντικρυς,
3409 628 3490 699 τῷ
3510 632 3650 684 ἀνυ-

2068 731 2322 799 πευθύνῳ
2352 731 2451 798 τῆς
2478 727 2778 799 μοναρχίας
2804 723 3195 798 προσλαϐοῦσα
3245 722 3306 775 τὸ
3336 721 3652 790 άδιάδοχονε.

2058 806 2225 875 Ὀύτω
2246 820 2304 874 δὲ
2339 818 2618 883 καταστάς
2664 821 2745 881 είς
2785 816 3111 888 μοναρχίαν,
3180 814 3418 877 πολλοὺς
3458 812 3648 881 ἀφῆκε

2067 912 2177 965 τῶν
2208 910 2675 981 πεπολεμηκότων
2697 908 2867 979 αὐτῷ.
2902 907 3096 967 Ἐνίοις
3122 905 3179 958 δὲ
3214 904 3308 958 καὶ
3342 904 3519 974 ἀρχὰς
3547 904 3653 956 καὶ

2067 1002 2233 1073 τιμὴς
2259 1001 2483 1066 ἔδωκεν,
2515 995 2589 1055 ὧν
2636 996 2777 1069 ἦσαν
2808 999 2904 1052 καὶ
2941 995 3181 1069 Βροῦτος
3228 996 3327 1049 καὶ
3376 995 3650 1056 Κάσσιος.

2070 1095 2181 1148 Kal
2210 1094 2309 1157 τὰς
2336 1093 2629 1163 Πομπηΐου
2666 1093 2724 1145 δὲ
2755 1094 2958 1161 στήλας
2988 1088 3486 1157 καταϐεϐλημένας
3517 1087 3655 1140 άνέ-

2074 1200 2293 1253 στησεν.
2343 1182 2665 1247 Ἀξιούντων
2728 1182 2785 1235 δὲ
2846 1181 2958 1235 τῶν
2990 1180 3164 1250 φίλων
3224 1176 3654 1249 δορυφορεῖσθαι

2072 1277 2657 1346 αὖτδν,παρῃτήσατο,
2709 1273 2960 1327 Βέλτιόν
2995 1271 3188 1334 ἐστιν,
3237 1269 3433 1334 εἰπὼν,
3480 1267 3651 1330 ἅπαξ

2070 1366 2419 1429 ἀποθανεῖν,
2449 1365 2489 1433 ἢ
2527 1365 2623 1420 ἀεὶ
2681 1360 3053 1433 προσδοκᾷν.
3098 1360 3383 1424 Μειζόνων
3426 1359 3471 1411 δ’
3504 1358 3654 1429 ἐρῶν

2072 1457 2419 1529 πραγμάτων
2438 1457 2532 1509 καὶ
2549 1456 2874 1527 καινοτέρας
2889 1452 3070 1524 δόξης,
3091 1451 3320 1522 γνώμην
3340 1453 3468 1523 ἔσχε
3491 1467 3654 1520 στρα-

2069 1551 2252 1604 τεύειν
2272 1551 2364 1601 ἐπὶ
2388 1548 2661 1617 Πάρθους,
2689 1548 2785 1601 καὶ
2817 1547 2887 1602 δι’
2925 1544 3225 1615 Ὑρκανίας
3256 1547 3335 1608 εἰς
3373 1545 3473 1613 τὴν
3502 1544 3651 1596 Σκυ-

2071 1641 2230 1709 θικὴν
2258 1637 2539 1707 ἐμϐαλεῖν.
2569 1638 2743 1698 Mica;
2776 1635 2967 1704 μέντοι
3016 1636 3131 1696 τοῖς
3163 1631 3480 1701 ἀνθρώποις
3524 1631 3655 1685 κατ’

2069 1728 2240 1783 αὐτοῦ
2272 1728 2370 1782 καὶ
2401 1727 2567 1797 ἕτερα
2597 1727 2953 1795 ἐνεποίησαν,
2982 1725 3045 1778 τὸ
3069 1724 3128 1778 δέ
3151 1739 3216 1792 γε
3276 1723 3465 1793 μεῖζον
3493 1724 3522 1775 6
3550 1722 3649 1793 τῆς

2072 1820 2354 1890 βασιλείας
2383 1818 2524 1889 ἔρως
2556 1818 2877 1888 εἰργάσατο,
2918 1815 2987 1870 δι’
3016 1817 3077 1870 ὃν
3116 1817 3167 1868 oi
3193 1817 3325 1884 περὶ
3354 1816 3521 1869 αὐτὸν
3550 1816 3650 1871 καὶ

2070 1915 2229 1982 λόγον
2257 1914 2395 1985 πρὸς
2427 1913 2522 1966 τὸν
2554 1912 2726 1981 δῆμον
2772 1910 3123 1980 ὲνέσπειραν,
3162 1909 3239 1972 ὡς
3268 1910 3335 1962 ὲκ
3382 1907 3655 1986 γραμμάέ

2070 2027 2177 2062 των
2206 2004 2536 2060 Σιϐυλλείων
2566 2004 2835 2072 φαίνοιτο,
2874 2001 2950 2073 μὴ
2970 2001 3148 2064 άλλως
3164 1999 3391 2053 ἔσεσθαι
3417 2001 3486 2053 τὰ
3512 2001 3656 2070 Πάρι

2072 2105 2180 2156 θων
2229 2100 2526 2169 Ῥωμαίοις
2552 2097 2829 2165 ἁλώσιμα,
2858 2098 2908 2149 εἰ
2944 2094 3019 2166 μὴ
3044 2093 3299 2164 βασιλεὺς
3326 2093 3509 2154 αὐτοῖς
3559 2111 3654 2146 cu-

2074 2193 2486 2262 στρατεύσαιτο.
2520 2189 2633 2244 Kal
2662 2190 2726 2241 ὲκ
2764 2185 2868 2256 τῆς
2900 2185 3106 2255 ’Δλϐης
3143 2184 3200 2238 δὲ
3245 2185 3385 2255 πρὸς
3422 2184 3649 2254 Ῥώμην

2076 2284 2225 2338 ἰόντα
2251 2287 2342 2335 τὸν
2362 2282 2619 2350 Καίσαρα
2648 2277 2965 2348 ἐτόλμησάν
3006 2294 3153 2339 τινες
3191 2278 3514 2346 προσειπεῖν
3548 2276 3651 2344 βα-

2076 2374 2251 2428 σιλέα.
2292 2374 2401 2426 Τοῦ
2431 2371 2489 2425 δὲ
2517 2370 2695 2440 δήμου
2751 2366 3174 2438 θορυϐηθέντος,
3216 2369 3426 2429 ἐκεῖνος
3455 2367 3653 2435 ούιβα-

2074 2466 2257 2529 σιλεὺς
2276 2464 2413 2517 ἀλλά
2446 2464 2664 2532 Καῖσαρ
2686 2459 2790 2531 ἔφη
2823 2459 3133 2513 καλεῖσθαι.
3158 2459 3410 2526 Ἐλέγετο
3431 2458 3488 2509 δὲ
3516 2459 3656 2510 Καῖ-

2076 2575 2184 2628 σαρ
2215 2556 2311 2625 (ὥς
2340 2572 2485 2618 τινες
2514 2551 2743 2622 οἴονται)
2769 2547 2857 2605 οἷα
2882 2550 2948 2622 δὴ
2974 2551 3117 2619 τάχα
3162 2550 3265 2620 τῆς
3316 2549 3525 2619 μητρὸς
3555 2550 3656 2601 αὖ·

2073 2648 2173 2702 τοῦ
2203 2650 2263 2700 ἐν
2298 2646 2379 2716 τῷ
2406 2645 2611 2699 τίκτειν
2631 2641 2924 2711 θανούσης,
2947 2640 3045 2694 καὶ
3078 2640 3246 2693 αὐτοῦ
3277 2640 3344 2694 δι’
3375 2639 3661 2708 ἀνατομῆς

2076 2738 2445 2811 προαχθέντος
2472 2737 2553 2798 είς
2588 2735 2723 2804 φῶς.
2744 2733 2860 2787 Οὐκ
2884 2732 3085 2805 ἀληθὲς
3112 2732 3169 2785 δέ
3192 2731 3350 2784 τοῦτό
3373 2733 3512 2784 ἐστι.
3542 2731 3656 2802 Τὴν

2074 2832 2185 2902 γὰρ
2214 2831 2425 2903 μητέρα
2442 2825 2609 2884 αὐτοῦ
2655 2825 2757 2896 ζῇν
2790 2826 2843 2877 οἱ
2910 2826 3041 2894 περὶ
3079 2824 3246 2878 αὐτού
3309 2825 3659 2894 γεγράφασιν

2078 2924 2468 2993 ἱστορήσαντες
2504 2919 2598 2972 καὶ
2647 2917 2816 2971 αὐτοῦ
2845 2916 3237 2986 ἀνδρωθέντος.
3261 2917 3336 2969 Τὸ
3361 2916 3407 2969 δ’
3437 2916 3497 2980 ἐξ
3526 2917 3661 2970 ἀνα-

2074 3016 2258 3088 τομῆς
2287 3012 2582 3084 παρελθεῖν
2606 3012 2687 3074 είς
2712 3010 2806 3063 τὸν
2840 3009 2955 3079 βίον
2980 3008 3081 3063 οὒκ
3111 3008 3199 3061 ἐπ’
3232 3008 3381 3076 αύτῷ
3406 3009 3651 3076 γέγονεν,

2076 3107 2193 3162 ἀλλ’
2220 3105 2318 3158 ent
2345 3121 2455 3157 τινι
2487 3101 2596 3156 τῶν
2655 3100 2942 3170 προγόνων
2995 3096 3189 3164 αὑτοῦ,
3222 3097 3316 3152 καὶ
3351 3096 3412 3162 ἐξ
3442 3098 3655 3150 ἐκείνου

396 3185 662 3251 populum
695 3187 858 3242 etiam
894 3188 1161 3247 offendit:
1204 3195 1357 3262 quasi
1390 3210 1490 3264 per
1515 3208 1767 3252 senatum
1808 3206 1978 3254 totam

2080 3197 2180 3268 τὴν
2209 3195 2402 3265 κλῆσιν
2433 3192 2592 3264 ἔσχον
2625 3193 2675 3245 oi
2725 3192 2941 3245 ἐκείνου
2984 3191 3271 3259 ἀπόγονοι.
3311 3191 3659 3264 Προσιόντων

398 3278 793 3346 rempublicam
846 3280 1089 3337 ludibrio
1120 3282 1368 3351 haberet,
1414 3300 1479 3340 ac
1507 3286 1757 3357 plerique
1789 3289 1975 3346 statim

397 3368 582 3420 mmsti
632 3379 1004 3426 recesserunt.
1059 3372 1142 3428 Ad
1178 3373 1279 3428 has
1319 3374 1560 3432 offensas
1604 3379 1772 3433 etiam
1804 3379 1980 3435 tribu-

396 3472 595 3511 norum
643 3458 820 3527 plebis
868 3464 1102 3517 accessit
1157 3466 1517 3524 contumelia.
1564 3468 1716 3547 Nam.
1758 3485 1882 3526 cum
1922 3472 1978 3528 in

400 3545 564 3611 festo,
599 3547 652 3601 in
674 3549 806 3603 sella
830 3566 995 3606 aurea
1029 3553 1349 3625 triumphali
1376 3556 1569 3613 habitu
1598 3545 1835 3626 sederet,
1865 3562 1981 3618 An-

400 3637 591 3693 tonius
618 3641 809 3694 consul
843 3641 895 3695 in
927 3643 1106 3698 forum
1154 3645 1375 3717 irrupit,
1415 3649 1666 3707 diadema
1695 3653 1854 3709 lauro
1881 3654 1983 3709 im-

399 3731 621 3799 plexum
653 3733 854 3790 Caesari
884 3736 1143 3796 oﬂ'ercns.
1176 3739 1257 3797 0b
1287 3757 1407 3798 eam
1436 3760 1550 3798 rem
1577 3746 1802 3816 plausus
1831 3749 1977 3805 haud

402 3836 536 3875 sane
564 3822 795 3879 illustris
838 3826 998 3881 datus
1039 3838 1143 3896 est,
1177 3846 1207 3887 a
1241 3832 1558 3890 subornatis
1618 3837 1978 3896 hominibus:

400 3910 497 3965 sed
526 3928 651 3967 cum
678 3915 731 3969 id
756 3915 937 3971 Caesar
964 3932 1294 3989 recusasset,
1325 3926 1493 3981 totius
1517 3928 1704 3999 populi
1728 3929 1977 3998 plausum

401 4001 551 4058 tulit.
581 4005 660 4060 lta
691 4006 775 4062 bis
808 4011 999 4079 populi
1032 4016 1248 4069 animos
1277 4025 1560 4085 expertus,
1599 4024 1865 4079 surrexit.
1896 4025 1978 4080 Ad

403 4092 522 4150 haec
571 4099 748 4169 regias
785 4100 991 4159 facsias
1017 4105 1215 4161 statuis
1263 4107 1385 4178 ejus
1432 4107 1722 4180 impositas
1772 4115 1979 4171 tribuni

402 4187 582 4257 plebis
615 4190 997 4264 detraxerunt,
1026 4207 1083 4253 et
1112 4215 1209 4255 eos
1239 4200 1333 4271 qui
1380 4217 1564 4272 regem
1598 4205 1751 4261 illum
1777 4209 1985 4264 saluta-

403 4289 551 4342 rant,
592 4281 647 4337 in
679 4300 957 4342 carcerem
996 4288 1313 4350 duxerunt:
1355 4295 1721 4364 applaudente
1754 4302 1979 4370 populo,

403 4378 462 4425 et
490 4371 691 4429 Brutos
716 4392 811 4433 eos
839 4381 1166 4450 appellante.
1198 4384 1288 4441 'Ut
1320 4385 1468 4440 enim
1499 4403 1665 4454 supra
1697 4400 1786 4446 est
1812 4407 1982 4463 expo-

403 4461 597 4531 situm,
627 4466 828 4525 Brutus
864 4472 1051 4541 pulsis
1081 4474 1398 4545 Tarquiniis
1434 4481 1767 4537 monarchia:
1826 4461 1983 4553 pote-

405 4561 605 4610 statem
638 4560 704 4612 ad
737 4539 1001 4632 populum
1031 4539 1333 4623 transtulit.
1375 4568 1586 4636 Quibus
1607 4573 1777 4629 rebus
1801 4539 1983 4631 ἀπεοι-
2013 4539 2057 4595 D

405 4643 677 4712 irritatus,
706 4653 960 4709 tribunos
978 4664 1249 4724 potestate
1270 4659 1543 4728 privavit:
1577 4672 1633 4718 et
1658 4664 1725 4720 iis
1744 4668 1986 4734 graviter

406 4737 718 4808 increpitis,
760 4748 1024 4816 populum
1068 4751 1232 4805 etiam
1257 4768 1355 4822 per
1373 4757 1761 4812 contumeliam
1784 4759 1984 4817 Brutos

406 4831 722 4898 appellavit.
765 4836 843 4890 Ex
865 4853 932 4893 eo
952 4841 1184 4910 populus
1212 4844 1279 4897 ad
1314 4845 1385 4899 Μ.
1426 4846 1652 4902 Brutum
1690 4852 1983 4920 spectavit,
2012 4910 2015 4913 ,

409 4920 506 4988 qui
535 4937 564 4975 a
592 4933 775 4981 vetere
800 4927 968 4984 Brqu
988 4947 1163 5001 genus
1195 4933 1398 4991 ducere
1425 4938 1755 5005 putabatur:
1797 4941 1868 4997 ab
1891 4958 1985 4998 eo-

412 5027 522 5082 que
538 5015 655 5070 solo
672 5018 757 5073 vel
782 5019 958 5088 primo
978 5023 1312 5092 pendebant,
1334 5028 1428 5097 qui
1452 5031 1811 5087 mutationem
1834 5034 1981 5090 desi-

413 5103 702 5162 derabant.
730 5108 867 5176 Quia
885 5126 1019 5167 vero
1054 5114 1233 5183 ipsum
1280 5117 1483 5187 alloqui
1533 5135 1645 5175 non
1679 5112 1979 5191 audebant,

411 5203 580 5251 noctu
622 5198 837 5256 litteras
858 5203 1005 5259 circa
1037 5205 1272 5262 tribunal
1307 5217 1360 5264 et
1385 5211 1600 5277 sellam,
1638 5212 1693 5268 in
1717 5229 1822 5284 qua
1844 5231 1982 5286 prae-

412 5294 502 5341 tor
522 5288 615 5359 jus
638 5291 879 5361 dicebat,
910 5297 1268 5365 spargebant:
1310 5300 1365 5353 in
1394 5300 1595 5370 quibus
1623 5304 1891 5374 scriptum
1923 5322 1982 5363 e-

413 5385 522 5443 rat,
553 5378 735 5449 Brute,
763 5384 961 5440 dormis
984 5388 1009 5440 Σ)
1039 5397 1114 5454 et,
1148 5389 1268 5443 Non
1306 5407 1359 5445 es
1380 5390 1573 5446 Brutus
1592 5394 1619 5447 .9
1648 5393 1984 5453 lncitabatur

2076 3289 2135 3343 δέ
2157 3304 2287 3343 ποτε
2309 3286 2420 3339 τῶν
2452 3284 2680 3338 ὑπάτων
2734 3281 2886 3352 αὐτῷ
2908 3281 3003 3334 καὶ
3040 3283 3149 3335 τῶν
3198 3282 3522 3352 στρατηγῶν
3557 3282 3658 3335 καὶ

2077 3378 2177 3449 τῆς
2210 3375 2408 3447 βουλῆς
2435 3374 2652 3445 ἁπάσης
2685 3374 2983 3441 ἑπομένης,
3011 3372 3097 3426 ὅτι
3151 3372 3226 3442 μὴ
3259 3372 3525 3443 ἐξανέστη
3551 3390 3661 3425 κα-

2082 3468 2340 3539 θήμενος,
2371 3466 2433 3519 οὐ
2468 3466 2628 3534 μόνον
2653 3462 2892 3531 ἐλύπησε
2912 3461 3012 3532 τὴν
3036 3461 3255 3531 βουλὴν,
3286 3462 3425 3516 ἀλλὰ
3452 3464 3544 3515 καὶ
3566 3462 3660 3515 τὸν

2079 3559 2276 3630 δῆμον,
2304 3558 2379 3621 ὡς
2409 3559 2469 3609 ὲν
2501 3559 2568 3626 τῇ
2608 3555 2772 3626 βουλῇ
2832 3553 3393 3625 προπηλακιζομένης
3421 3557 3524 3625 τῆς
3557 3557 3659 3611 πό-

2078 3651 2239 3714 λεως,
2284 3649 2379 3703 καὶ
2408 3647 2547 3719 μετὰ
2575 3647 2884 3717 κατηφείας
2938 3648 2988 3700 oi
3019 3645 3240 3709 πλείους
3294 3647 3539 3719 ἀπῆλθον
3563 3649 3660 3702 εύ-

2080 3740 2200 3803 θύς.
2244 3739 2587 3806 Ἐπιγίνεται
2616 3738 2674 3791 δὲ
2699 3739 2813 3800 τοῖς
2838 3738 3300 3808 προσκρούσμασι
3320 3742 3534 3801 τούτοις
3562 3741 3660 3793 καὶ

2078 3835 2109 3888 6
2131 3833 2240 3886 τῶν
2269 3832 2571 3902 δημάρχων
2599 3829 3083 3899 προπηλακισμός.
3125 3831 3391 3885 Ἐτελεῖτο
3425 3829 3526 3901 μὲν
3547 3831 3659 3902 γάρ

2079 3927 2147 3995 τῇ
2181 3923 2334 3978 πόλει
2364 3923 2548 3992 ἑορτή·
2592 3923 2815 3992 Καῖσαρ
2845 3922 2893 3974 δ’
2920 3923 3016 3976 ἐπὶ
3039 3923 3235 3994 δίφρου
3272 3922 3531 3994 χρυσέου·
3551 3940 3658 3977 κα-

2083 4016 2341 4087 θήμενος,
2384 4013 2577 4084 κόσμῳ
2631 4015 3027 4082 κατεκοσμεῖτο
3068 4013 3407 4083 θριαμϐικῷ.
3457 4013 3662 4068 Ἀντώ-

2082 4125 2195 4172 νιος
2221 4107 2279 4160 δὲ
2297 4105 2581 4161 ὐπατεύων
2611 4108 2694 4168 είς
2713 4105 2919 4174 ἀγοράν
2948 4104 3192 4171 ἐνέϐαλε,
3212 4106 3395 4188 φέρων
3417 4105 3659 4176 διάδημα

2084 4203 2336 4271 στεφάνῳ
2363 4197 2574 4268 δάφνης
2608 4196 3149 4267 περιπεπλεγμένον,
3199 4197 3297 4251 καὶ
3355 4196 3528 4250 ὲδίδου
3577 4197 3658 4266 τῷ

2083 4291 2344 4361 Καίσαρι,
2379 4289 2476 4342 καὶ
2507 4286 2720 4354 γίνεται
2768 4286 2963 4355 κρότος
2991 4287 3054 4340 ού
3073 4278 3332 4355 λαμπρὸς
3357 4289 3422 4341 ὲκ
3475 4303 3661 4358 παρα-

2086 4381 2313 4451 σκευῆς.
2358 4378 2750 4449 Ἀπωσαμένου
2797 4379 2857 4431 δὲ
2914 4379 3011 4432 τοῦ
3062 4379 3365 4450 Καίσαρος,
3425 4381 3574 4444 διπας
3629 4381 3661 4433 6

2082 4476 2256 4547 δῆμος
2284 4474 2622 4542 ἀνεκρότησε
2656 4487 2670 4503 ο
2737 4472 2833 4524 καὶ
2868 4470 3063 4525 τούτου
3129 4471 3213 4536 δἰς
3259 4473 3571 4542 γεγονότος,
3622 4476 3657 4546 ἡ

2086 4569 2253 4637 πεῖρα
2278 4566 2604 4634 ἐξηλέγχετο
2632 4562 2772 4633 (69),
2796 4563 2890 4616 καὶ
2925 4565 2953 4616 6
2979 4564 3200 4645 Καῖσαρ
3250 4564 3474 4636 ἀνέστη.
3503 4566 3661 4621 Ἐπεὶ

2083 4659 2142 4713 δὲ
2171 4658 2267 4711 καὶ
2300 4652 2828 4726 ἀνδριάντεςοαύτοῦ
2852 4653 3181 4724 διαδήμασιν
3229 4654 3491 4726 ὤφθησαν
3523 4658 3660 4711 ἀνα-

2083 4746 2361 4818 δεδεμένοι
2385 4745 2709 4816 βασιλικοῖς,
2740 4744 3067 4799 ἀπέσπασαν
3084 4745 3263 4799 ταῦτα
3282 4746 3331 4798 οῖ
3354 4746 3657 4817 δήμαρχοι,

2089 4838 2185 4896 καὶ
2206 4840 2337 4902 τοὺς
2371 4836 2776 4906 προσειπόντας
2831 4835 2998 4891 αὐτὸν
3042 4835 3271 4907 βασιλέα
3321 4837 3538 4907 ἀπῆγον
3575 4839 3660 4901 είς

2085 4932 2480 5003 δεσμωτήριον.
2508 4928 2618 4981 Kal
2645 4929 2672 4980 6
2690 4918 2862 4997 δῆμος
2902 4927 2996 4981 ἐπὶ
3020 4927 3236 4992 τούτοις
3280 4929 3518 4999 ἐκρότει,
3555 4930 3658 4985 καὶ

2084 5022 2357 5095 Βρούτους
2385 5018 2571 5074 ὲκάλει
2607 5018 2735 5083 τοὺς
2778 5018 2998 5088 ἄνδρας.
3029 5018 3267 5090 Βροῦτος
3316 5020 3425 5090 γὰρ
3456 5015 3548 5092 ἦν,
3579 5020 3659 5085 ὡς

2084 5115 2374 5185 ἱστόρηται
2423 5110 2616 5176 άνωθι,
2657 5110 2688 5162 6
2729 5108 3044 5173 καταλύσας
3094 5111 3406 5182 Ταρκύνιον
3470 5110 3658 5165 καὶτὸ

2084 5209 2289 5279 κράτος
2321 5206 2401 5269 είς
2443 5204 2507 5258 τὸ
2557 5200 2738 5256 κοινὸν
2803 5203 3147 5274 περιστήσας
3195 5206 3262 5257 ὲκ
3326 5205 3652 5276 μοναρχίας.
3748 5274 3751 5277 ἢ

2095 5303 2219 5356 Ἐπὶ
2252 5298 2462 5360 τούτοις
2495 5298 2524 5349 ὁ
2547 5296 2765 5364 Καῖσαρ
2796 5292 3178 5365 παροξυνθεὶς,
3211 5297 3312 5368 τὴν
3342 5298 3439 5367 μὲν
3478 5296 3656 5369 ἀρχὴν

2087 5396 2215 5460 τοὺς
2244 5390 2560 5464 δημάρχους
2589 5386 2841 5457 ἀφείλετο
2862 5399 2877 5416 ·
2902 5386 2962 5441 ὲν
2991 5386 3049 5441 δὲ
3083 5386 3163 5459 τῷ
3195 5392 3524 5461 κατηγορεῖν
3553 5391 3656 5444 αὐ·-

1557 5509 1759 5572 Variaa
1785 5511 2091 5577 lectiones
2133 5522 2193 5574 et
2238 5515 2429 5571 notua.

494 5618 612 5687 (69)
641 5620 753 5701 [ἰαὶ
784 5625 1004 5701 τούτου
1036 5625 1132 5701 δὶς
1154 5630 1472 5701 γεγονότος
1495 5631 1533 5698 ἡ
1556 5630 1735 5701 ,πεῖρα
1753 5631 1996 5701 ἐξηλέγ-

421 5704 584 5771 χετο.
636 5689 924 5773 Converti,
976 5689 1174 5773 inquit:
1215 5689 1493 5773 “follius:
1519 5689 1629 5773 ἰτα
1653 5689 1766 5756 ’ωε
1798 5689 1995 5773 ’μοριὶίί

421 5759 1216 5841 animosnexpertusLsarrexit.
1390 5770 1484 5841 τὸ,
1514 5770 1611 5841 τὴν
1643 5759 1839 5841 πεῖραν
1878 5759 1995 5838 ἒξε-

427 5823 744 5897 λέγχεσθαι,
780 5823 1013 5904 intelligi
1042 5845 1244 5906 potest,
1271 5838 1358 5894 vel
1381 5823 1828 5898 animadversum
1854 5823 1998 5905 alii.

2091 5636 2362 5689 Caesarem
2428 5625 2729 5698 periclitari
2787 5625 3032 5681 voluisse
3064 5627 3402 5698 _popu|um,
3469 5634 3654 5683 utrum

2094 5702 2269 5773 aequis
2305 5695 2506 5777 animis
2543 5695 2753 5777 regium
2786 5707 3049 5777 ornatum
3064 5696 3276 5751 laturus
3307 5708 3455 5751 esset
3488 5713 3502 5750 :
3529 5699 3654 5777 _vel,

2098 5766 2366 5828 CaEsarem
2394 5766 2866 5827 animadvertisse,
2894 5774 3151 5819 conatum
3185 5782 3344 5819 suum
3369 5781 3492 5822 esse
3528 5766 3653 5821 irri-

2102 5854 2244 5909 tum,
2280 5839 2486 5909 populo
2517 5852 2548 5891 a
2583 5835 2728 5907 regia
2761 5850 2959 5906 pompa
2993 5835 3346 5892 abhorrente.
