4024 6412
259 394 368 459 833

1520 392 1864 455 ANNALIU
1880 394 1927 451 Μ
1976 392 2052 452 LI
2070 397 2131 453 Β.
2168 394 2243 454 Χ.

3424 399 3533 464 834

254 507 366 563 τῶν
422 507 539 581 ἅμα
572 507 668 561 καὶ
685 507 776 562 τὸν
804 507 978 579 δῆμον
1000 506 1333 577 ἐφυϐρίζων,
1370 506 1632 570 πολλάκις
1664 506 1837 579 Βρού-

1945 503 2087 559 idem
2112 504 2281 559 etiam
2307 520 2338 561 a
2361 505 2571 564 Cassio.
2593 508 2698 566 Sed
2721 509 2923 566 Caesari
2946 511 3129 567 futura
3154 512 3332 570 cades
3356 514 3533 584 pluri-

253 616 382 663 τους
402 599 673 654 ἀπεκάλει
703 600 833 663 τοὺς
858 599 1079 669 ἄνδρας.
1119 597 1407 652 Ἐντεῦθεν
1430 599 1569 670 πρὸς
1613 600 1843 668 Μάρκον

256 686 495 757 Βροῦτον
527 689 825 760 τρέπονται
850 691 898 743 οί
924 689 1135 752 πολλοὶ,
1168 690 1233 742 ἐκ
1266 689 1506 761 Βρούτου
1537 691 1633 744 τοῦ
1672 690 1843 744 πάλαι

256 778 517 832 δοκοῦντα
547 780 607 833 τὸ
634 779 791 848 γένος
833 780 1038 844 ἕλκειν,
1073 781 1165 833 καὶ
1195 780 1333 851 πρὸς
1371 781 1541 851 μόνον
1569 783 1781 834 ἐκεῖνον
1806 780 1840 851 ἦ

259 871 476 942 πρῶτον
507 873 557 925 οῖ
588 872 900 942 μεταϐολῆς
932 871 1216 943 ἐφιέμενοι
1238 872 1667 938 ἀποϐλέποντες,
1690 871 1843 944 αὐτῷ

263 964 364 1034 μὲν
416 963 518 1017 οὐκ
576 964 821 1034 ἐτόλμων
872 964 1230 1035 προσομιλεῖν
1258 980 1273 996 ·
1302 964 1520 1034 νύκτωρ
1569 965 1626 1020 δὲ
1660 967 1843 1037 γράμσ-

258 1072 408 1125 ματα
432 1056 565 1126 περὶ
588 1056 652 1109 τὸ
686 1056 839 1127 βῆμα
865 1058 962 1112 καὶ
988 1058 1083 1111 τὸν
1119 1058 1310 1128 δίφρον
1353 1058 1638 1131 ἔρριπτον,
1666 1061 1753 1129 ἐφ’
1778 1053 1841 1114 οὒ

256 1148 584 1219 στρατηγῶν
647 1150 1011 1220 ἐχρημάτιζε,
1068 1151 1337 1219 λέγοντα·
1398 1151 1744 1217 Καθεύδεις,
1794 1148 1843 1206 ὦ

254 1239 514 1306 Βροῦτε;
541 1240 659 1308 καὶ,
696 1243 818 1295 Οὐκ
832 1238 892 1297 εἴ
915 1242 1213 1311 Βροῦτος;
1246 1245 1341 1298 καὶ
1370 1245 1610 1308 Κάσσιος
1640 1244 1699 1298 δέ
1734 1262 1840 1299 πα-

258 1329 498 1401 ρώξυνεν
530 1332 713 1387 αὐτόν.
744 1335 856 1388 Καὶ
896 1335 975 1404 τῷ
1011 1335 1259 1406 Καίσαρι
1293 1336 1352 1389 δέ
1391 1337 1563 1390 πολλὰ
1615 1338 1839 1405 λέγεται

257 1425 460 1493 σημεῖα
488 1416 747 1492 γενέσθαι
797 1425 1064 1497 δηλοῦντα
1103 1428 1196 1481 τὸν
1248 1427 1497 1500 ὄλεθρον,
1533 1422 1607 1482 ὧν
1648 1428 1706 1483 ἓν
1743 1430 1839 1483 καὶ

228 1514 413 1574 ,τοῦτό
440 1518 582 1573 ἐστι.
617 1517 907 1588 Περιαύων
941 1518 1055 1589 (70)
1114 1522 1181 1591 τῇ
1214 1521 1463 1588 γυναικὶ,
1493 1521 1677 1590 φωνὰς
1704 1522 1841 1573 ἀσα-

256 1607 377 1675 φεῖς
417 1607 515 1661 καὶ
560 1611 906 1681 στεναγμοὺς
952 1612 1266 1683 ἀνάρθρους
1317 1612 1539 1684 ἐκείνην
1588 1614 1838 1683 ἀναπέμ-

259 1713 470 1753 πουσαν
502 1700 721 1771 ᾔσθετο.
776 1703 981 1757 Ἐδόκει
1011 1704 1068 1757 δὲ
1105 1705 1315 1758 κλαίειν
1334 1706 1565 1771 ἐκεῖνον,
1596 1707 1689 1758 ἐπὶ
1717 1708 1839 1767 ταῖς

254 1790 528 1857 ἀγκάλαις
561 1792 763 1863 ἔχουσα
794 1796 1286 1868 κατεσφαγμένον·
1320 1796 1356 1867 ἢ
1405 1798 1501 1850 καὶ
1529 1796 1651 1867 μεθ’
1700 1798 1837 1867 ήμέ-

258 1898 357 1951 ραν
386 1883 557 1937 ἐδεῖτο
584 1887 680 1939 τοῦ
706 1888 902 1959 ἀνδρὸς
933 1888 1010 1961 μὴ
1041 1890 1329 1961 προελθεῖν
1360 1892 1442 1955 είς
1462 1891 1564 1962 τὴν
1593 1889 1839 1961 σύγκλη-

252 1994 365 2031 τον.
406 1978 496 2042 Ὠς
524 1977 582 2031 δέ
608 1980 705 2032 καὶ
746 1980 1013 2046 θύσαντες
1050 1984 1101 2035 oi.
1147 1984 1378 2053 μάντεις
1404 1982 1679 2052 δυσιερεῖν
1713 1984 1839 2037 ἐλε-

250 2087 372 2138 γον,
400 2070 544 2140 ἐγνω
579 2073 806 2143 πέμψας
822 2073 1115 2129 ’Λντώνιον
1131 2077 1356 2143 ἀφεῖναι
1382 2074 1484 2146 τὴν
1507 2076 1834 2149 σύγκλητον.

251 2160 493 2232 Βροῦτος
549 2164 737 2233 μέντοι
804 2163 1071 2229 Ἀλϐῖνος,
1125 2166 1524 2237 πιστευόμενος
1575 2168 1676 2239 μέν
1732 2170 1840 2222 ὑπὸ

253 2253 554 2326 Καίσαρος,
590 2259 702 2320 τοῖς
734 2256 792 2310 δὲ
844 2257 973 2327 περὶ
1027 2258 1261 2329 Μάρκον
1289 2258 1527 2330 Βροῦτον
1558 2262 1653 2313 καὶ
1686 2260 1841 2313 Κάσ-

252 2357 368 2395 σιον
395 2344 642 2413 μετέχων
673 2346 774 2412 τῆς
808 2348 1181 2416 συνωμοσίας,
1220 2347 1350 2412 τούς
1395 2364 1457 2401 τε
1505 2348 1738 2419 μάντεις
1788 2352 1842 2403 ἐ-

250 2433 511 2502 χλεύαζε,
570 2439 667 2490 καὶ
718 2437 1035 2509 καθήπτετο
1087 2439 1393 2510 Καίσαρος,
1450 2441 1529 2504 ώς
1582 2440 1840 2508 διαϐολάς

252 2526 429 2596 ἐαυτῷ
450 2529 879 2599 προστρίϐοντος
912 2534 1384 2603 καταφρονήσεως
1422 2535 1561 2604 πρὸς
1577 2535 1677 2608 τὴν
1707 2536 1840 2605 σύγ-

252 2618 475 2688 κλητον.
508 2621 706 2675 Ἥκειν
726 2623 835 2693 γὰρ
860 2624 1035 2695 αὐτὴν
1065 2624 1280 2679 ἐκείνου
1319 2626 1707 2696 κελεύσαντος,
1741 2632 1840 2683 καὶ

252 2709 468 2772 πάντας
499 2713 764 2782 ἑτοίμους
798 2710 938 2769 εἶναι
967 2715 1323 2788 ψηφίζεσθαι,
1349 2717 1491 2773 ὥστε
1532 2719 1644 2773 τῶν
1679 2721 1840 2785 ἐκτὸς

253 2800 483 2868 Ἰταλίας
511 2806 792 2876 ἐπαρχιῶν
823 2807 1259 2880 ἀναγορεύεσθαι
1308 2808 1561 2880 βασιλέα,
1593 2812 1689 2866 καὶ
1735 2813 1838 2883 τὴν

254 2894 419 2966 ἀλλην
449 2898 677 2952 ἐπιόντα
703 2901 809 2971 γῆν
832 2918 892 2955 τε
929 2901 1027 2956 καὶ
1076 2902 1354 2958 θάλασσαν
1391 2904 1572 2976 ἐαυτῷ
1621 2922 1838 2978 περιτι-

254 2985 404 3042 θέναι
424 2988 683 3061 διάδημα.
716 2992 885 3047 Ταῦθ’
918 2994 1040 3065 ἅμα
1065 2995 1242 3064 λέγων
1262 2997 1290 3049 ό
1325 2996 1583 3067 Βροῦτος,
1616 2993 1720 3070 ἦγε
1746 2998 1841 3053 τὸν

255 3078 509 3151 Καίσαρα
537 3081 837 3152 λαϐόμενος
874 3086 974 3156 τῆς
1018 3088 1223 3158 χειρός.
1262 3088 1502 3159 Οίκὲτης
1526 3087 1585 3140 δέ
1636 3106 1720 3152 τις
1745 3088 1840 3143 άλ-

1946 594 2051 650 bus
2075 596 2344 666 prodigiis
2367 597 2693 656 denuntiata
2720 617 2842 657 esse
2869 602 3065 669 fertur,
3090 619 3120 659 c
3140 606 3343 675 quibus
3366 608 3533 661 etiam

1947 687 2080 743 illud
2111 697 2216 743 est.
2243 689 2480 746 Uxorem
2502 694 2863 748 accubantem
2890 710 3057 750 voces
3080 695 3241 767 49],
3267 698 3535 754 obscuras

1944 786 2000 833 et
2016 793 2119 833 con
2136 778 2288 835 fusas
2310 781 2479 838 edere
2506 784 2918 841 animadvertit.
2946 788 3022 842 Ea
3041 803 3173 843 vero
3190 790 3294 844 sibi
3316 790 3533 846 lanien-

1946 870 2049 925 tari
2079 871 2197 927 visa
2221 882 2361 940 erat,
2396 884 2453 929 et
2476 891 2603 930 eum
2655 877 2899 933 occisum
2934 880 2987 933 in
3022 880 3170 935 ulnis
3197 889 3430 937 tenere:
3478 890 3535 938 et

1944 977 2105 1019 mane
2136 967 2335 1031 oravit,
2385 982 2456 1022 ne
2502 968 2558 1022 in
2600 979 2857 1024 senatum
2906 972 3139 1027 veniret.
3193 972 3332 1028 Cum
3362 975 3533 1029 etiam

1944 1067 2183 1122 augures
2224 1070 2381 1111 sacra
2437 1073 2631 1126 parum
2684 1061 2966 1130 auspicata
3027 1062 3199 1118 fuisse
3256 1064 3532 1129 dicerent,

1943 1145 2222 1203 abstinere
2259 1150 2411 1205 curia
2458 1153 2672 1216 statuit,
2712 1162 2765 1207 et
2817 1169 2915 1223 per
2943 1154 3244 1210 Antonium
3277 1169 3533 1213 senatum

1943 1239 2251 1299 dimittere.
2307 1242 2414 1298 Sed
2470 1243 2674 1300 Brutus
2717 1245 2973 1311 Albinus,
3031 1249 3120 1303 cui
3154 1248 3337 1305 Caesar
3366 1251 3532 1307 ﬁdem

1944 1328 2203 1397 habebat,
2256 1334 2658 1404 conjurationis
2708 1351 2836 1391 cum
2886 1337 2957 1395 M.
3017 1338 3189 1394 Bruto
3243 1350 3300 1395 et
3342 1341 3536 1397 Cassio

1943 1423 2223 1497 particeps
2253 1434 2306 1479 et
2341 1441 2581 1495 augures
2612 1427 2918 1493 deridebat,
2952 1439 3009 1484 et
3042 1430 3315 1486 Cmsarem
3346 1448 3537 1502 repre-

1940 1513 2239 1582 hendebat,
2276 1526 2337 1571 ut
2383 1520 2478 1588 qui
2524 1521 2734 1574 crimen
2766 1523 3071 1593 contempti
3120 1536 3346 1578 senatus
3381 1526 3435 1579 in
3474 1541 3536 1581 se

1941 1605 2301 1663 admitteret:
2362 1611 2458 1680 qui
2502 1612 2615 1683 jam
2666 1613 2861 1668 aderat
2909 1615 3036 1685 ejus
3083 1616 3264 1688 jussu.
3303 1617 3535 1673 Paratos

1941 1697 2107 1752 etiam
2139 1714 2261 1755 esse
2286 1715 2479 1756 omnes
2506 1700 2829 1769 decernere,
2870 1716 2929 1761 ut
2957 1708 3204 1762 omnium
3239 1718 3394 1763 extra
3423 1711 3533 1765 Ita-

1942 1791 2073 1847 liam
2112 1795 2527 1862 provinciarum
2576 1812 2672 1853 rcx
2728 1800 3124 1870 appellaretur,
3186 1810 3355 1871 utque
3404 1818 3533 1857 cum

1948 1882 2205 1938 nationes
2241 1894 2464 1941 exteras
2497 1899 2838 1957 peragraret,
2889 1900 2986 1945 aut
3040 1907 3190 1947 mare
3228 1893 3533 1963 trajicerct,

1947 1974 2200 2031 diadema
2238 1987 2501 2047 gestaret.
2560 1980 2686 2037 llaac
2740 1982 2933 2039 dicens
2992 1971 3219 2051 Brﬁtus,
3258 1984 3537 2041 Caesarem

1947 2081 2114 2122 manu
2144 2070 2483 2138 prehensum
2510 2071 2770 2128 ducebat.
2798 2074 3135 2141 Abeuntem,
3169 2092 3368 2131 servus
3400 2078 3538 2132 alic-

1946 2175 2054 2215 nus
2089 2161 2211 2233 ejus
2239 2162 2558 2234 alloquendi
2586 2166 2844 2235 cupidus,
2900 2182 3027 2223 cum
3088 2168 3389 2224 convenire
3423 2185 3537 2225 non

1946 2262 2154 2323 posset,
2218 2268 2279 2310 se
2314 2256 2474 2310 uxori
2501 2258 2623 2328 ejus
2648 2259 3075 2314 custodiendum
3112 2261 3358 2325 tradidit,
3388 2263 3539 2332 quod

1946 2360 2172 2415 magnas
2199 2361 2292 2401 res
2342 2347 2575 2403 haberet
2644 2364 2869 2405 reverso
2917 2349 3120 2406 Caasari
3178 2353 3537 2408 nuntiandas.

1944 2438 2334 2495 Artemidorus
2363 2439 2495 2496 item
2528 2440 2719 2497 rhetor
2742 2442 2975 2498 Cnidius
3028 2443 3273 2499 libellum
3300 2445 3368 2499 dc
3398 2461 3538 2500 con-

1942 2532 2223 2603 juratione
2252 2548 2285 2588 a
2317 2548 2377 2589 se
2407 2534 2677 2603 scriptum
2723 2533 2773 2589 ei
2817 2535 3070 2604 porrexit
3124 2543 3202 2599 et,
3236 2534 3416 2600 Hunc,
3452 2537 3541 2591 in-

1945 2623 2085 2693 quit,
2127 2620 2331 2689 Caesar,
2384 2624 2539 2679 solus
2606 2634 2664 2679 et
2708 2624 2964 2679 celeriter
3014 2624 3223 2695 legito;
3263 2641 3350 2680 res
3388 2628 3538 2682 enim

1947 2728 2173 2784 magnas
2218 2714 2319 2770 tibi
2365 2715 2692 2781 declarabit,
2724 2731 2960 2787 quaeque
3004 2715 3306 2771 intersunt.
3347 2717 3539 2773 Libel-

1944 2808 2060 2863 lum
2088 2818 2380 2878 acceptum
2404 2807 2589 2864 Caesar
2636 2808 2907 2875 lecturus,
2944 2823 3068 2863 cum
3103 2823 3134 2864 a
3166 2809 3541 2866 salutantibus

1946 2899 2341 2970 impediretur,
2401 2915 2570 2956 manu
2600 2900 2799 2967 tenuit,
2839 2901 3027 2971 itaque
3069 2902 3123 2955 in
3159 2913 3411 2956 senatum
3439 2919 3537 2958 vc-

1945 2993 2051 3048 nit.
2080 2992 2185 3059 Qui
2215 3007 2341 3047 cum
2375 2993 2426 3048 ei
2460 2993 2879 3059 assurrexisset,
2914 2993 3070 3050 Bruti
3102 2995 3376 3066 conjurati
3411 3013 3540 3066 par-

1948 3086 2047 3142 tim
2079 3100 2111 3140 a
2145 3096 2299 3157 tergo
2355 3087 2545 3142 sellam
2590 3088 2713 3159 ejus
2764 3087 3276 3153 circumsteterunt,
3336 3090 3537 3159 partim

254 3170 463 3243 λότριος
509 3176 755 3246 ἐντυχεῖν
798 3177 949 3251 αὐτῷ
1005 3179 1459 3251 προθυμούμενος
1493 3181 1733 3248 ἀπιόντι,
1761 3181 1837 3254 μὴ

1947 3176 2014 3230 ad
2060 3192 2187 3232 eum
2234 3186 2615 3244 accesserunt,
2666 3187 2927 3249 tanquam
2954 3177 3132 3233 exsuli
3166 3178 3389 3234 cuidam
3436 3196 3539 3236 ve-

253 3262 521 3341 δυνηθεὶς,
556 3269 884 3335 παρέδωκεν
933 3271 1131 3325 ἐαυτὸν
1178 3275 1247 3344 τῇ
1286 3271 1383 3325 τοῦ
1414 3272 1701 3345 Καίσαρος
1739 3290 1839 3342 γυ-

1952 3265 2099 3322 niam
2150 3268 2399 3338 petituri.
2451 3267 2758 3324 Antonium
2800 3283 2934 3324 vero
2966 3269 3171 3325 Caesari
3215 3270 3432 3324 lidclcm
3480 3279 3540 3325 et

253 3357 398 3409 ναικῖ
422 3358 738 3427 φυλάττειν,
762 3360 935 3416 εἰπὼν
964 3363 1113 3433 ἔχειν
1136 3361 1349 3433 μεγάλα
1373 3362 1676 3435 πράγματα
1696 3367 1837 3419 ἐπα-

253 3449 421 3502 νιόντι
477 3451 817 3521 ἀπαγγεῖλαι
869 3453 948 3523 τῷ
1009 3455 1275 3527 Καίσαρι.
1329 3457 1601 3528 Σοφιστὴς
1659 3457 1716 3512 δέ
1751 3476 1837 3523 τις

253 3539 656 3614 Ἀρτεμίδωρος
676 3545 892 3609 Κνίδιος
910 3588 927 3615 ,
964 3546 1172 3618 βιϐλίον
1212 3548 1341 3619 περὶ
1367 3548 1467 3619 τῆς
1490 3548 1835 3619 συνωμοσίας

252 3632 491 3703 γράψας,
526 3637 624 3690 καὶ
657 3638 889 3707 ἐγγίσας
934 3640 1108 3710 αὐτῷ,
1175 3638 1371 3704 Τοῦτο,
1421 3641 1551 3712 ἔφη,
1589 3642 1834 3711 Καῖσαρ,

255 3724 426 3795 μόνος⁸
444 3728 536 3781 καὶ
561 3730 773 3801 ταχέως
804 3730 1106 3801 ἀνάγνωθιο
1142 3732 1356 3803 μεγάλα
1379 3732 1489 3804 γάρ
1513 3748 1595 3784 σοι
1623 3747 1835 3800 καταγ-

255 3818 404 3886 γελεῖ
448 3821 545 3875 καί
615 3840 702 3876 σοι
755 3824 1117 3897 διαφέροντα.
1158 3828 1227 3881 Ὀ
1266 3826 1564 3897 δεξάμενος
1602 3825 1837 3889 ἐκεῖνος,

251 3909 483 3983 ὥρμησε
513 3913 614 3984 μέν
647 3916 981 3985 ἀναγνῶναι,
1000 3901 1289 3989 μὴ’μέντοι
1310 3917 1561 3990 δυνηθεὶς
1596 3917 1706 3972 ὑπὸ
1726 3915 1839 3970 τῶν

254 4002 719 4073 ἐντυγχανόντων,
783 4008 1008 4077 κατεῖχε
1051 4010 1118 4079 τῇ
1172 4008 1342 4079 χειρὶ,
1402 4006 1503 4060 καὶ
1554 4005 1838 4077 παρῆλθεν

252 4091 397 4147 οὕτω
421 4095 562 4165 πρὸς
597 4095 697 4167 τὴν
726 4097 1055 4169 σύγκλητον.
1100 4099 1166 4152 Ἦ
1209 4099 1269 4153 δέ
1300 4099 1672 4170 ὑπεξανέστη.
1714 4097 1838 4153 Τῶν

251 4181 315 4234 δὲ
342 4182 476 4254 περὶ
506 4183 747 4254 Βροῦτον
774 4189 824 4241 oi
860 4187 961 4258 μὲν
982 4186 1271 4255 ἐξόπισθεν
1298 4188 1396 4243 τοῦ
1429 4189 1628 4259 δίφρου
1665 4186 1835 4242 αὐτοῦ

1948 3359 2242 3414 robustum
2307 3358 2511 3412 Brutus
2540 3358 2769 3413 Albinus
2799 3357 2933 3413 foris
2973 3357 3171 3414 tenuit.
3203 3358 3306 3413 Ubi
3345 3374 3542 3413 conse-

1945 3451 2027 3506 dit
2056 3450 2261 3518 Czesar,
2300 3459 2358 3505 et
2387 3450 2821 3506 intercessiones
2855 3450 3070 3520 rejecit,
3108 3450 3323 3519 primus
3368 3449 3540 3505 Casca

1941 3543 2194 3614 jugulum
2220 3542 2270 3597 ei
2299 3541 2426 3598 ferit
2450 3541 2561 3598 ictu
2587 3558 2698 3598 non
2722 3541 3002 3598 lethil‘ero.
3035 3542 3104 3599 Ut
3128 3550 3315 3597 autem
3342 3557 3538 3597 omnes

1950 3634 2222 3704 conjurati
2254 3633 2525 3705 pugiones
2561 3633 2929 3699 strinxerunt,
2965 3642 3158 3687 contra
3197 3644 3428 3689 caeteros
3478 3647 3540 3687 se

1948 3723 2264 3779 defendisse
2318 3722 2497 3777 fertur
2527 3734 2681 3778 veste
2733 3723 3051 3784 convoluta,
3096 3730 3154 3776 et
3186 3721 3495 3777 vociferans
3523 3736 3553 3775 :7

1948 3814 2045 3869 scd
2075 3829 2201 3869 cum
2236 3828 2266 3867 a
2312 3812 2487 3867 Bruto
2514 3812 2681 3867 etiam
2716 3812 2913 3868 stricto
2942 3827 3079 3868 ense
3111 3812 3223 3882 peti
3272 3828 3331 3867 se
3366 3813 3535 3866 vidis.

1947 3916 2055 3968 set,
2095 3914 2219 3975 toga
2270 3904 2454 3975 capite
2496 3903 2781 3972 obvoluto,
2835 3919 2944 3959 non
2974 3903 3212 3974 amplius
3241 3904 3534 3959 restitisse.

1945 3998 2026 4053 lta
2048 3997 2227 4051 tribus
2245 4004 2303 4051 et
2326 3996 2524 4066 viginti
2558 3996 2882 4052 vulneribus
2913 3996 3225 4060 confossus,
3258 3995 3325 4050 ad
3361 3995 3540 4050 basim

1946 4100 2142 4147 statuae
2188 4089 2440 4160 Pompeii
2483 4089 2766 4157 concidit,
2815 4103 3048 4160 eamque
3089 4088 3422 4155 cruentaxit,
3478 4096 3538 4143 ut

1946 4188 2065 4258 ipse
2091 4185 2392 4255 Pompeius
2418 4184 2553 4240 caadi
2588 4183 2803 4239 inimici
2838 4192 3022 4239 astare
3059 4182 3364 4238 videretur.
3438 4240 3447 4250 ,

253 4276 648 4350 περιέστησαν,
681 4282 731 4334 ot
760 4280 816 4333 δέ
849 4282 1180 4353 ἀπήντησαν
1218 4282 1295 4346 ώς
1325 4282 1456 4350 περί
1488 4299 1636 4346 τινος
1689 4280 1936 4352 φυγάδος
1993 4281 2263 4350 δεόμενοι.
2327 4278 2434 4332 Τδν
2496 4278 2555 4331 δέ
2586 4277 2878 4333 ’Λντώνιον
2912 4277 3104 4332 πιστὸν
3142 4278 3271 4331 ὄντα
3296 4279 3539 4351 Καίσαρι

256 4368 355 4424 καὶ
383 4369 670 4440 ῥωμαλέον
730 4370 839 4439 ἔξω
866 4375 1249 4445 παρακατεῖχε
1288 4374 1528 4444 Βροῦτος
1560 4374 1831 4439 Ἀλϐῖνος.
1876 4373 2051 4437 Ὦςδέ
2101 4372 2340 4436 καθίσας
2387 4373 2416 4426 ό
2458 4372 2686 4441 Καῖσαρ
2750 4369 3074 4442 διεκρούετο
3122 4370 3224 4434 τὰς
3298 4372 3534 4445 δεήσεις,

255 4464 402 4533 ξίφει
428 4465 584 4538 παρὰ
605 4467 702 4521 τοῦ
734 4470 933 4524 Κάσκα
955 4470 1177 4542 πρώτου
1229 4471 1542 4545 πλήττεται
1591 4473 1687 4526 τὸν
1762 4471 1991 4542 αὐχένα,
2058 4468 2279 4541 πληγὴν
2344 4469 2407 4522 οὐ
2440 4466 2845 4538 θανατηφόρον.
2886 4467 2976 4530 Ὦς
3019 4466 3077 4520 δὲ
3120 4468 3217 4521 καὶ
3254 4469 3363 4521 τῶν
3410 4487 3540 4531 συν,

257 4556 487 4628 ωμοτῶν
509 4558 740 4625 ἕκαστος
765 4564 827 4617 τὸ
854 4562 1009 4633 ξίφος
1038 4565 1352 4635 ἐγύμνωσε,
1382 4564 1610 4633 λέγεται
1654 4564 1791 4637 πρὸς
1832 4564 1933 4636 μὲν
1992 4565 2122 4629 τοὺς
2180 4563 2405 4626 λοιποὺς
2448 4559 2836 4632 ἀπομάχεσθαι
2892 4558 3269 4631 ἐνειλούμενος
3311 4562 3406 4615 καὶ
3439 4579 3538 4616 κε-

256 4656 516 4725 κραγώςθ
549 4658 640 4711 ὅτε
666 4658 724 4711 δὲ
749 4660 846 4714 καὶ
878 4659 1117 4732 Βροῦτον
1171 4657 1317 4716 εἶδεν
1365 4661 1720 4733 ἐσπασμένον
1773 4660 1839 4715 τὸ
1878 4659 2056 4730 ξίφος,
2131 4657 2543 4731 ἐφελκύσασθαι
2583 4659 2728 4713 κατά
2786 4656 2890 4727 τῆς
2919 4656 3167 4727 κεφαλῆς
3195 4654 3256 4710 τὸ
3295 4656 3536 4728 ἱμάτιον,

258 4754 466 4825 μηκέτι
488 4756 941 4828 ἀπομαχόμενος.
968 4759 1159 4813 Εῐκοσι
1234 4758 1421 4831 μέντοι
1498 4759 1598 4813 καὶ
1677 4758 1809 4830 τρία
1870 4757 2057 4812 λαϐὼν
2106 4756 2430 4829 τραύματα,
2476 4755 2801 4827 ἀνδριάντος
2843 4755 3000 4818 ὄντος
3047 4756 3169 4809 ἐκεῖ
3216 4755 3537 4826 Πομπηΐου,

256 4850 388 4916 περὶ
405 4852 506 4921 τὴν
544 4853 703 4923 βάσιν
754 4853 953 4926 εὑρέθη
1002 4854 1286 4926 κείμενος,
1326 4856 1424 4911 καὶ
1476 4855 1830 4924 καθαιμάξας
1868 4856 2065 4922 αὑτὸν,
2121 4855 2197 4919 ώς
2256 4855 2437 4911 δοκεῖν
2495 4853 2663 4909 αὐτὸν
2684 4854 2981 4923 ἐφεστάναι
3001 4852 3080 4925 τῷ
3115 4853 3263 4924 φόνῳ
3293 4852 3390 4907 τοῦ
3441 4871 3537 4908 πο·

255 4945 448 5018 λεμίου
490 4949 799 5020 Πομπήϊον.

330 5043 433 5099 IB’.
480 5044 542 5097 '0
587 5044 689 5113 μὲν
746 5038 842 5097 οὖν
880 5042 1040 5107 Γάϊος
1101 5042 1324 5110 Ἰούλιος
1382 5047 1603 5115 Καῖσαρ
1659 5043 1839 5108 οὕτως

2020 5041 2136 5098 Xll.
2175 5040 2267 5098 Sic
2302 5038 2485 5097 Caesar
2510 5055 2578 5096 ex
2605 5039 2910 5097 ambitione
2932 5049 2990 5097 et
3011 5041 3350 5112 appetitione
3381 5043 3543 5113 prin-'

257 5139 366 5195 ὑπὸ
391 5135 709 5209 φιλοτιμίας
741 5135 839 5190 καὶ
873 5135 1170 5209 φιλαρχίας
1198 5135 1474 5192 ἀπώλετο.
1500 5137 1695 5207 Οίγάρ
1729 5136 1839 5190 θω-

1948 5136 2166 5206 cipatus
2204 5133 2437 5190 interiit.
2471 5132 2805 5189 Adulatores
2827 5134 2977 5190 enim
3008 5135 3129 5206 ejus
3153 5135 3445 5191 ambitioni
3474 5149 3533 5195 et

257 5230 520 5293 πεύοντες
541 5228 727 5296 αὑτὸν,
761 5227 822 5283 rb
854 5230 1201 5302 φιλόπρωτον
1235 5230 1402 5284 αὐτοῦ
1437 5232 1532 5284 καὶ
1561 5229 1839 5296 φιλόδοξον

1946 5228 2190 5300 gloriola:
2222 5226 2411 5282 studio
2460 5226 2862 5293 inservientes,
2911 5227 3052 5282 alios
3095 5235 3261 5298 atque
3313 5229 3449 5285 alios
3477 5231 3530 5286 ei

257 5319 683 5389 κατανοοῦντες,
712 5322 814 5375 οὐκ
851 5320 1122 5377 ἐπαύοντο
1151 5321 1286 5376 ἄλλα
1327 5321 1417 5374 ἐπ’
1448 5320 1632 5384 ἄλλοις
1688 5317 1839 5390 αύτῷ

1949 5320 2193 5375 honores
2262 5318 2568 5375 decernere
2612 5317 2779 5391 492
2826 5334 2937 5373 non
2982 5319 3320 5374 destiterunt
3380 5340 3394 5375 :
3434 5325 3531 5393 qui

257 5413 655 5487 ψηφιζόμενοι·
680 5408 823 5485 ἦσαν
874 5413 935 5467 δὲ
967 5413 1199 5468 τοιαῦτα
1236 5412 1275 5468 ἃ
1319 5411 1688 5485 ἐψηφίζοντοο
1737 5410 1838 5483 τὴν

1945 5410 2267 5483 hujusmodi
2298 5409 2547 5473 fuerunt,
2591 5420 2653 5464 ut
2684 5410 3080 5479 triumphalem
3135 5420 3349 5467 vestem
3402 5431 3529 5484 per-

256 5509 526 5562 ἐπινίκιον
556 5506 751 5578 στολὴν
780 5506 868 5561 ἀεὶ
890 5507 1103 5577 φορεῖν,
1148 5506 1245 5559 καὶ
1297 5505 1394 5560 ἐπὶ
1452 5502 1548 5558 τοῦ
1599 5501 1835 5574 ἀρχικοῦ

1945 5513 2115 5573 petuo
2144 5500 2339 5566 ferret,
2362 5509 2420 5556 et
2448 5500 2504 5554 in
2524 5496 2667 5556 'sella
2690 5500 2870 5554 curuli
2897 5500 3119 5556 sederet
3150 5518 3165 5555 :
3199 5512 3260 5558 ut
3285 5503 3527 5562 fascibus

253 5598 448 5671 δίφρου
477 5597 857 5664 καθέζεσθαι·
900 5600 1017 5663 τοῖς
1062 5613 1124 5651 τε
1176 5596 1504 5668 ῥαϐδούχοις
1549 5593 1834 5665 δαφνηφοο

1945 5594 2212 5650 laureatis
2264 5602 2540 5665 perpetuo
2577 5599 2854 5659 uteretur,
2886 5600 2944 5648 et
2975 5593 3140 5649 Pater
3190 5597 3385 5667 patria:
3425 5615 3530 5670 ap-

1450 5711 1656 5776 Varias
1680 5710 1993 5774 lectiones
2042 5718 2105 5775 et
2138 5716 2333 5774 nom.

332 5842 442 5917 (70)
473 5842 800 5914 Περιαύων.
860 5841 941 5900 Ita
978 5854 1112 5898 mss.
1155 5839 1391 5901 Wolﬁus
1417 5837 1705 5914 παριαύων
1739 5836 2013 5897 ediderat.
