4024 6400
441 395 550 462 835

1745 387 2073 452 ΙΟΛΝΝΙΞ
2114 387 2436 446 ΖΗΝᾹΩΕ

3600 376 3712 446 836

441 504 744 573 pellarctur
777 520 791 556 :
825 511 884 558 ut
919 503 1039 574 cjus
1075 503 1252 572 imago
1284 501 1338 555 in
1385 500 1628 555 nummis
1664 499 2018 566 exsculpere-

2139 495 2309 548 )o-Bsw
2334 497 2421 548 ἀεὶ
2454 495 2801 567 κεχρῆσθαι,
2836 494 3049 566 πατέρα
3097 513 3154 548 τε
3197 493 3358 547 αύτὺν
3380 496 3477 564 τῆς
3511 497 3713 568 πατρί-

445 603 560 656 tur,
603 601 660 646 et
695 593 894 647 natalis
927 592 1146 661 publice
1173 591 1558 644 celebraretur
1588 607 1602 643 :
1637 598 1698 644 ut
1727 593 1782 641 in
1817 588 2020 640 Roma-

446 684 534 738 nis
569 684 714 737 fanis
773 693 829 738 et
867 683 1126 736 omnibus
1149 683 1383 738 urbibus
1407 684 1528 753 ejus
1556 691 1754 738 statua:
1782 681 2023 735 colloca-

447 783 668 828 rentur.
728 775 834 827 Pro
885 777 1007 844 ejus
1072 785 1252 828 autem
1307 775 1571 829 tribunali
1627 773 1766 828 duas
1817 782 2027 828 statuas

445 867 793 923 collocarunt
834 884 848 921 :
883 868 1113 921 alteram
1145 869 1216 922 ob
1262 870 1415 922 cives
1464 878 1736 932 servatos,
1789 866 2023 920 alteram

447 960 522 1013 ob
556 957 748 1012 urbem
780 957 1070 1013 obsidione
1121 959 1436 1023 liberatam,
1495 973 1700 1013 corona
1749 957 1923 1011 civica
1971 965 2029 1010 et

447 1048 784 1103 obsidionali
835 1056 1081 1104 ornatas.
1141 1050 1208 1104 Et
1256 1065 1456 1105 novam
1504 1050 1713 1105 curiam
1764 1048 2028 1104 aedificari

444 1142 754 1212 jusserunt,
786 1157 907 1211 quae
928 1141 1146 1196 Juliana
1172 1142 1240 1196 de
1270 1143 1443 1212 ipsius
1470 1143 1696 1197 nomine
1723 1142 2028 1196 diceretur.

447 1233 859 1304 Censoremque
898 1249 1023 1288 eum
1056 1235 1236 1288 solum
1267 1242 1325 1289 et
1365 1245 1694 1304 perpetuum
1722 1243 1984 1289 crearunt
2012 1250 2027 1298 ;

450 1326 741 1397 privilegia
772 1326 1122 1380 tribunorum
1153 1327 1205 1380 ei
1249 1326 1530 1381 dederunt
1560 1344 1575 1393 ;
1606 1327 1653 1381 si
1685 1341 1714 1380 a
1749 1341 2030 1395 quoquam

449 1417 600 1471 dicto
630 1417 844 1470 factove
881 1417 1131 1471 otl‘cnsus
1161 1426 1327 1482 esset,
1369 1428 1429 1472 ut
1455 1429 1625 1488 caput
1654 1420 1777 1490 ejus
1807 1434 2028 1474 sacrum

451 1518 602 1562 esset
642 1521 706 1560 ac
742 1508 962 1574 piaculo
997 1509 1320 1580 obligatum.
1382 1509 1524 1576 Quid
1577 1519 1763 1564 autem
1809 1525 2028 1565 sacrum

451 1615 574 1653 esse
603 1600 904 1667 signiﬁcet,
935 1601 1046 1670 jam
1078 1611 1164 1656 est
1195 1618 1221 1652 a
1263 1617 1348 1655 me
1374 1602 1714 1670 expositum.
1749 1601 1868 1656 Jam
1899 1603 2028 1670 quia

453 1691 655 1745 talibus
679 1706 808 1744 eum
843 1691 1010 1745 rebus
1036 1691 1282 1761 gaudere
1315 1691 1645 1754 cernebant,
1693 1701 1942 1745 auratam
1976 1692 2028 1746 ei

452 1781 646 1838 sellam
692 1791 1114 1843 concesserunt,
1161 1789 1218 1834 et
1252 1794 1460 1836 vestem
1515 1797 1624 1850 qua
1692 1782 1825 1834 olim
1872 1796 2029 1850 reges

2123 584 2210 646 δος
2243 585 2630 655 ὀνομάζεσθαι,
2663 587 2758 638 καὶ
2791 586 2850 648 ἐς
2873 585 2932 638 τὸ
2953 585 3206 654 νόμισμα
3244 584 3707 653 ἐγχαράττεσθαι,

2123 675 2364 745 δημοσία
2400 693 2461 728 τε
2503 677 2790 744 ἑορτάζειν
2839 675 3007 728 αὑτοῦ
3045 675 3113 729 τὰ
3151 677 3403 744 γενέθλια
3431 692 3442 706 ’
3504 675 3561 726 ἐν
3588 678 3712 739 τοῖς

2126 768 2276 828 ναοῖς
2299 784 2358 819 τε
2397 768 2498 836 τῆς
2545 767 2769 836 Ῥώμης
2821 769 2917 819 καὶ
2958 769 3016 820 ἐν
3076 770 3283 830 πάσαις
3319 770 3439 830 ταῖς
3478 767 3711 822 πόλεσιν

2127 857 2449 926 ἀνδριάντας
2476 857 2642 910 αὑτοῦ
2673 858 2950 913 ἵστασθαι.
2993 859 3117 912 Ἐπὶ
3154 860 3211 912 δέ
3241 875 3303 926 γε
3340 859 3434 912 τοῦ
3462 859 3710 930 βήματος

2127 949 2221 1002 δύο
2249 949 2416 1002 αὑτοῦ
2443 951 2771 1022 ἁνδριᾲντας
2807 951 3122 1019 ἱδρύσαντο,
3190 951 3282 1002 τδν
3321 950 3420 1019 μὲν
3451 950 3528 1013 ὡς
3573 952 3714 1013 τοὺς

2129 1038 2352 1102 πολίτας
2387 1039 2714 1102 σεσωκότας,
2755 1038 2848 1092 τὸν
2877 1039 2924 1091 δ’
2955 1039 3030 1102 ὡς
3061 1039 3125 1091 ἐκ
3158 1036 3483 1104 πολιορκίας
3530 1040 3714 1106 ῥυσαο

2134 1130 2296 1200 μένου
2330 1129 2429 1200 τὴν
2454 1131 2630 1185 πόλιν.
2674 1130 3085 1200 Ἐστεφάνωντο
3108 1129 3165 1183 δέ
3186 1129 3279 1181 καὶ
3306 1128 3476 1198 ἄμφω
3502 1130 3714 1199 στεφά-

2130 1239 2245 1285 νοις
2273 1225 2385 1285 τοῖς
2407 1224 2499 1276 ἐπὶ
2530 1223 2798 1286 τοιούτοις
2833 1223 3272 1292 νενομισμένοις.
3305 1220 3714 1290 Βουλευτήριόι

2131 1330 2192 1366 τε
2227 1313 2417 1366 καινὸν
2465 1312 2902 1383 οἰκοδομηθῆναι
2954 1312 3253 1377 ἐπέταξαν,
3309 1311 3375 1364 ἵν’
3417 1311 3718 1364 Ἰουλιανδν

2133 1407 2226 1458 ἐπὶ
2249 1405 2327 1476 τῷ
2353 1405 2519 1459 αὐτοῦ
2575 1406 2800 1476 κληθείη
2854 1407 3101 1473 ὀνόματι.
3133 1403 3386 1473 Τιμητήν
3414 1420 3473 1456 τε
3501 1402 3598 1456 καὶ
3622 1401 3717 1456 διὰ

2135 1493 2254 1563 βίου
2286 1496 2382 1548 καὶ
2408 1496 2569 1566 μόνον
2590 1495 2752 1548 αὐτὸν
2785 1493 3122 1564 ἐψηφίσαντο
3145 1491 3287 1546 εἶναι
3313 1509 3328 1525 ·
3363 1492 3509 1561 ἔχειν
3533 1492 3590 1546 δὲ
3615 1491 3718 1545 καὶ

2133 1587 2202 1637 τὰ
2231 1585 2338 1636 τῶν
2367 1585 2668 1655 δημάρχων
2697 1587 2973 1656 προνόμια
2997 1603 3012 1618 ·
3037 1589 3134 1641 καὶ
3164 1587 3219 1639 εἴ
3245 1604 3329 1650 τις
3373 1585 3538 1639 αὐτὸν
3567 1585 3718 1655 ἔργῳ

2133 1675 2336 1746 ἢλόγῳ
2362 1678 2659 1747 ὑϐρίσειεν,
2717 1678 2862 1748 ἱερὸν
2926 1673 3069 1731 εἶναι
3120 1679 3442 1743 ἐθέσπισαν,
3500 1680 3594 1733 καὶ
3631 1676 3714 1747 τῷ

2133 1770 2255 1837 ἄγει
2288 1771 2594 1840 ἐνέχεσθαι.
2631 1772 2697 1825 Τί
2731 1773 2786 1824 δὲ
2817 1773 2878 1825 τὸ
2911 1774 3058 1842 ἱερὸν
3091 1769 3235 1827 εἶναι
3268 1775 3578 1844 νενόμιστο,
3605 1775 3709 1846 ἤδη

455 1874 541 1928 usi
576 1874 816 1936 fuerant,
862 1881 917 1926 et
947 1872 1252 1926 custodiam
1291 1887 1358 1925 ex
1388 1873 1633 1939 equestri
1667 1881 1722 1926 et
1751 1873 2030 1925 senatorio

2139 1876 2230 1928 μοι
2271 1863 2685 1930 προαφήγηται.
2723 1862 2998 1930 Χαίροντα
3031 1863 3087 1915 δὲ
3125 1863 3338 1926 τούτοις
3358 1865 3596 1934 ὁρῶντες
3621 1865 3720 1917 αὐ-

453 1966 670 2027 ordine,
706 1975 874 2032 utque
898 1963 1120 2031 publice
1151 1977 1250 2031 pro
1267 1977 1332 2016 eo
1349 1961 1782 2032 supplicationes
1811 1965 2028 2028 fierent,

453 2067 511 2112 et
547 2073 646 2126 per
679 2056 804 2125 ejus
837 2056 1118 2109 fortunam
1145 2056 1452 2124 juraretur,
1502 2064 1560 2110 et
1591 2065 1714 2110 acta
1756 2057 1877 2126 ejus
1912 2066 2031 2111 rata

455 2156 666 2210 essent,
694 2153 1022 2210 sanxerunt,
1050 2155 1108 2201 et
1132 2145 1394 2211 Quintilis
1414 2147 1624 2203 mensis
1658 2148 1728 2201 ab
1759 2164 1826 2202 eo
1854 2148 2033 2204 Julius

461 2239 860 2308 appellaretur.
897 2239 1026 2292 Haec
1057 2246 1114 2292 et
1144 2236 1250 2291 alia
1283 2237 1464 2305 plura,
1503 2253 1571 2293 ne
1611 2239 1847 2309 singulis
1882 2255 2034 2294 com-

457 2329 836 2384 memorandis
893 2328 1157 2384 lectorem
1215 2329 1614 2392 oblundamus,
1665 2331 1717 2384 ei
1773 2331 2033 2386 decreve-

456 2428 610 2472 runt.
644 2417 862 2483 Quibus
884 2418 1052 2473 rebus
1085 2417 1348 2473 invidiam
1375 2419 1687 2483 hominum,
1725 2419 1810 2474 vel
1847 2421 2034 2490 potius

456 2512 596 2567 iram
627 2511 860 2566 deorum
885 2511 1153 2581 suscepit,
1179 2512 1492 2582 multosque
1515 2512 1572 2566 in
1607 2527 1666 2568 se
1692 2514 2032 2582 provocavit,

456 2604 637 2659 donec
667 2619 794 2658 eum
834 2603 1046 2658 exitum
1099 2619 1212 2673 quo
1243 2614 1471 2674 repente
1496 2605 1761 2667 concidit,
1793 2615 1880 2661 est
1917 2621 2038 2661 sor-

458 2695 618 2749 titus.
653 2693 793 2750 Cum
827 2695 904 2750 ita
935 2695 1264 2752 interfectus
1318 2697 1547 2768 jaceret,
1591 2714 1786 2754 omnes
1833 2701 1928 2769 qui
1959 2699 2033 2754 ibi

457 2784 712 2848 aderant,
749 2787 980 2851 turbati,
1025 2797 1084 2842 et
1113 2787 1334 2842 consilii
1386 2805 1781 2859 percussorum
1835 2791 2035 2862 ignari,

456 2876 616 2946 quasi
642 2883 699 2928 et
735 2874 838 2943 ipsi
868 2875 1117 2944 periculo
1148 2877 1389 2946 proximi
1423 2878 1704 2949 fugerunt,
1737 2886 1793 2934 et
1819 2887 2037 2933 terren-

459 2966 548 3020 dis
577 2965 759 3020 obviis
793 2966 989 3020 urbem
1025 2967 1178 3021 luctu
1238 2967 1630 3038 impleverunt.
1687 2969 1924 3023 Civitate
1957 2969 2040 3024 sic

455 3051 675 3116 allecta,
697 3068 1050 3121 percussores
1073 3054 1183 3109 vim
1209 3056 1488 3121 timentes,
1515 3058 1725 3113 strictis
1748 3067 1804 3112 et
1834 3074 2039 3112 cruen-

459 3144 532 3197 tis
566 3143 765 3212 gladiis
798 3159 898 3213 per
935 3145 1117 3199 forum
1146 3147 1202 3200 in
1253 3146 1586 3217 Capitolium
1648 3158 2036 3213 accurrerunt,

456 3233 645 3300 ibique
677 3233 826 3286 diem
868 3243 925 3288 et
952 3245 1175 3290 noctem
1219 3245 1550 3304 exegerunt.
1597 3237 1668 3292 At
1699 3237 1940 3306 Lepidus
1969 3253 2036 3292 eo

455 3324 703 3379 facinore
729 3326 784 3380 in
821 3328 1022 3382 castris
1049 3327 1265 3395 audito,
1297 3329 1435 3384 urbe
1467 3345 1593 3383 cum
1631 3330 1907 3384 militibus
1935 3345 2035 3384 oc-

458 3425 679 3482 cupata,
717 3429 818 3482 pro
855 3417 1130 3471 concione
1164 3418 1218 3470 in
1255 3433 1615 3485 percussores
1647 3430 1734 3476 est
1761 3421 2035 3478 invectus.

458 3503 734 3559 Antonius
765 3515 948 3560 autem
978 3524 1090 3578 pra:
1119 3518 1271 3564 metu
1321 3511 1565 3578 latitans,
1601 3528 1729 3568 eum
1762 3513 1912 3569 illius
1938 3515 2037 3570 ad-

457 3604 626 3649 ventu
662 3597 906 3666 cognito,
932 3609 987 3652 et
1018 3615 1411 3669 percussorum
1448 3601 1572 3672 fuga
1597 3605 1651 3657 in
1679 3603 2034 3674 Capitolium,

458 3698 739 3757 resumpta
775 3688 976 3745 fiducia
1019 3692 1341 3761 prodiisset,
1397 3704 1454 3749 et
1491 3704 1685 3750 senatu
1734 3705 2038 3751 convocato

460 3779 767 3832 sententias
813 3791 1034 3851 rogaret
1069 3799 1082 3835 :
1123 3782 1318 3839 Cicero
1349 3786 1610 3840 omnibus
1663 3795 1860 3841 auctor
1907 3787 2033 3854 fuit,

462 3878 524 3923 ut
565 3869 776 3924 mutuis
808 3871 953 3926 odiis
981 3872 1240 3939 abolitis,
1273 3876 1554 3944 utrinque,
1595 3876 1639 3930 si
1666 3876 1799 3946 quid
1837 3893 2033 3948 pecca-

463 3971 581 4015 tum
610 3972 780 4030 esset,
816 3964 1220 4032 condonarent,
1267 3981 1337 4021 ne
1390 3969 1554 4022 civile
1611 3969 1819 4024 bellum
1873 3969 2037 4042 493

459 4053 899 4120 reerudeseeret,
926 4066 983 4110 et
1015 4057 1169 4112 cives
1214 4072 1244 4110 a
1273 4058 1492 4114 civibus
1523 4060 1818 4117 interirent
1844 4078 1859 4116 :
1899 4078 2036 4118 con-

459 4147 739 4202 sentirent
788 4149 998 4217 potius,
1035 4159 1094 4204 ut
1135 4150 1430 4220 populares
1481 4162 1538 4207 et
1580 4155 1732 4209 cives
1787 4155 2035 4211 deceret.

458 4239 678 4309 Adjccit
712 4240 906 4304 etiam,
952 4255 1070 4297 acta
1107 4245 1362 4311 Caesaris,
1417 4245 1536 4302 sive
1582 4247 1651 4302 ad
1687 4247 2036 4314 donationes,

460 4331 578 4386 sive
609 4333 676 4386 ad
703 4333 969 4400 honores,
1021 4335 1136 4390 sive
1184 4336 1253 4390 ad
1283 4339 1638 4409 magistratus
1665 4343 2033 4410 pertinerent,

462 4434 578 4479 rata
615 4440 740 4480 esse
778 4437 1059 4496 oportere,
1111 4443 1216 4485 nec
1247 4431 1574 4501 exagitanda
1609 4433 1910 4500 curiosius,
1942 4443 2039 4489 aut

2135 1951 2249 2016 τὸν,
2275 1951 2580 2022 ἐπίχρυσόν
2608 1970 2668 2006 τε
2703 1953 2894 2024 δίφρον
2933 1954 3083 2024 αὐτῷ
3115 1949 3324 2020 ἔδοσαν,
3368 1957 3464 2008 καὶ
3519 1955 3718 2026 στολήν1

2136 2036 2169 2117 ᾖ
2199 2043 2364 2097 πάλαι
2392 2044 2630 2114 ἐχρῶντο
2660 2045 2709 2097 οί
2743 2043 3196 2114 βασιλεύσαντες,
3233 2045 3326 2098 καὶ
3357 2047 3607 2114 φρουρὰν
3647 2047 3716 2098 ὲκ

2134 2133 2245 2185 τῶν
2282 2133 2493 2197 ίππέων
2522 2135 2616 2187 καὶ
2644 2137 2709 2189 ἐκ
2746 2136 2853 2189 τῶν
2883 2136 3207 2206 βουλευτῶν,
3241 2135 3498 2205 εὔχεσθαί
3537 2151 3597 2187 τε
3620 2136 3718 2205 δη·
3753 2145 3766 2147 “

2140 2224 2306 2296 μοσίᾳ
2362 2225 2503 2296 ὑπὲρ
2550 2226 2743 2290 αὐτοῦ,
2807 2228 2904 2280 καὶ
2948 2227 3048 2297 τὴν
3102 2230 3274 2297 τύχην
3323 2226 3490 2279 αὑτοῦ
3541 2225 3718 2296 ὀμνύο

2136 2335 2224 2371 ναι
2265 2318 2399 2387 (710),
2435 2320 2530 2371 καὶ
2566 2320 2635 2371 τὰ
2666 2318 3102 2389 πραχθησόμενα
3159 2320 3292 2389 παρ’
3326 2319 3494 2372 αὐτοῦ
3546 2318 3718 2386 κύρια

2135 2412 2434 2481 τυγχάνειν
2468 2411 2902 2483 ἐνομοθέτησαν,
2931 2413 3023 2466 διά
3053 2430 3114 2466 τε
3145 2411 3309 2466 αὑτὸν
3345 2412 3570 2465 Ἰούλιον
3594 2409 3712 2480 (72)

2137 2505 2614 2574 προσηγόρευσαν,
2667 2504 2765 2558 καὶ
2815 2504 2953 2559 ἄλλα
3009 2503 3232 2557 πλείονα
3265 2504 3375 2574 (ἵνα
3399 2503 3457 2556 δὲ
3504 2503 3562 2555 τὸ
3593 2501 3720 2555 καθ’

2135 2595 2367 2649 ἕκαστον
2395 2594 2836 2666 ἀπαριθμοῦντες
2861 2596 2954 2649 τὸν
2979 2596 3261 2666 ἀκροατὴν
3293 2596 3368 2664 μὴ
3395 2595 3715 2648 ἀποκναίω-

2140 2686 2262 2756 μεν)
2300 2686 2451 2757 αύτῷ
2497 2685 2861 2757 ἐψηφίσαντο.
2901 2686 2993 2752 Ἐξ
3017 2682 3091 2740 ὧν
3131 2687 3420 2754 ἐπίφθονος
3471 2685 3651 2750 ἔδοξεν
3684 2684 3719 2754 ἢ

2142 2779 2347 2848 μᾶλλον
2377 2781 2706 2849 νεμεσητὸς,
2740 2782 2834 2834 καὶ
2858 2781 2980 2832 καθ’
3013 2779 3211 2834 ἑαυτοῦ
3247 2779 3480 2841 πολλοὺς
3531 2779 3720 2848 διηρέ-

2140 2873 2280 2936 θισε,
2316 2873 2513 2944 μέχρις
2564 2873 2632 2927 ἂν
2682 2875 2765 2934 εἰς
2817 2871 2880 2924 τὸ
2928 2872 3156 2925 ἐπελθὸν
3204 2870 3353 2940 αὐτῷ
3385 2871 3721 2939 κατηντὴκει

2138 2967 2313 3028 τέλος.
2347 2967 2456 3020 Καὶ
2480 2968 2509 3019 ὁ
2558 2967 2658 3036 μὲν
2689 2965 2834 3018 οὕτω
2870 2966 3106 3034 σφαγεὶς
3159 2964 3362 3019 ἔκειτο.
3415 2965 3481 3020 Ol
3516 2965 3572 3017 δὲ
3604 2964 3724 3017 ἐκεῖ

2139 3059 2408 3127 παρόντες
2433 3058 2716 3128 ἄνθρωποι
2753 3059 3000 3123 ἅπαντες
3059 3060 3442 3129 ἐταράττοντο,
3480 3059 3578 3124 τὴν
3610 3057 3724 3110 τῶν

2143 3152 2397 3219 σφαγέων
2420 3151 2744 3220 ἀγνοοῦντες
2761 3151 3031 3218 διάνοιαν,
3061 3153 3156 3204 καὶ
3184 3151 3262 3216 ὡς
3307 3152 3509 3205 αὐτίκα
3537 3151 3723 3203 κινδυ-

2139 3242 2424 3308 νεύσοντες
2454 3244 2714 3314 ἔφευγον,
2747 3245 2844 3298 καὶ
2875 3246 3003 3308 τοὺς
3040 3244 3425 3307 συναντῶντας
3449 3243 3724 3314 ἐξέπλησε-

2140 3353 2256 3400 σον,
2294 3339 2391 3390 καὶ
2426 3337 2643 3409 θρήνων
2693 3338 2793 3408 τὴν
2842 3337 3003 3390 πόλιν
3051 3337 3347 3408 ἐπλήρουν.
3386 3339 3497 3391 Καὶ
3544 3339 3577 3407 ή
3619 3338 3728 3406 μὲν

2139 3426 2294 3490 πόλις
2324 3425 2468 3480 οὕτω
2497 3427 2752 3492 διέκειτο,
2785 3428 2835 3481 ὀί
2858 3427 2916 3480 δὲ
2956 3431 3206 3496 σφαγεῖς,
3253 3427 3488 3492 δεδιότες
3531 3429 3605 3497 μή
3633 3445 3724 3490 τις

2141 3519 2328 3586 σφίσιν
2377 3519 2660 3589 ἐπίθηται,
2720 3522 2950 3590 γυμνοῖς
2983 3522 3076 3573 καὶ
3109 3521 3454 3592 ῄμαγμένοις
3495 3525 3610 3584 τοῖς
3643 3521 3728 3585 ξί-

2141 3629 2268 3681 φεσι
2301 3612 2392 3665 διὰ
2435 3613 2540 3681 τῆς
2599 3614 2808 3684 ἀγορᾶς
2850 3613 3158 3676 διελθόντες
3209 3614 3522 3684 ἀνέδραμον
3551 3614 3634 3676 είς
3662 3615 3730 3667 τὸ

2139 3705 2508 3769 Καπιτώλιον,
2571 3707 2690 3760 ἐκεῖ
2745 3723 2804 3758 τε
2845 3705 2944 3776 τὴν
2989 3705 3207 3775 ἡμέραν
3253 3710 3346 3760 καὶ
3407 3706 3508 3776 τὴν
3549 3705 3728 3761 νύκτα

2137 3795 2419 3866 διήγαγον.
2470 3797 2528 3850 '0
2557 3796 2615 3850 δὲ
2644 3795 2900 3862 Λέπιδος,
2935 3797 2992 3849 ἐν
3021 3796 3100 3867 τῷ
3145 3798 3497 3867 στρατοπέδῳ
3531 3797 3728 3866 μαθὼν

2137 3889 2208 3942 τὰ
2237 3888 2606 3959 γεγενημένα,
2634 3888 2831 3952 νυκτδς
2864 3890 2962 3943 σὺν
2988 3891 3104 3952 τοῖς
3133 3890 3502 3960 στρατιώταις
3557 3890 3729 3943 κατέ-

2137 3981 2295 4046 λαϐε,
2322 3981 2583 4036 καὶκατὰ
2611 3979 2723 4032 τῶν
2757 3981 3016 4050 σφαγέων
3041 3981 3401 4052 ἐδημηγόρει.
3438 3982 3729 4046 Ἀντώνιος

2137 4073 2329 4138 δὲ,τοῢ
2350 4073 2630 4144 Καίσαρος
2657 4073 3058 4144 ἀναιρεθέντος,
3079 4074 3342 4143 φοϐηθεὶς
3370 4073 3604 4145 ἐκρύϐη·
3632 4076 3730 4128 τδν

2139 4167 2196 4221 δὲ
2211 4166 2440 4220 Λέπιδον
2459 4165 2684 4220 ἐλθόντα
2713 4166 2902 4236 μαθὼν
2931 4167 3022 4220 καὶ
3045 4167 3174 4230 τοὺς
3204 4169 3388 4236 φονεῖς
3412 4169 3495 4233 είς
3515 4172 3576 4222 τὸ
3603 4171 3726 4223 Κα-

2139 4258 2397 4312 πιτώλιον
2417 4259 2600 4324 ὄντας,
2622 4257 2908 4328 θαρρήσας
2928 4258 3145 4328 ἐξῆλθε,
3179 4261 3271 4313 καὶ
3298 4261 3401 4331 τὴν
3421 4263 3731 4332 ’γερουσίαν

2139 4353 2406 4424 ἀθροίσας
2433 4353 2632 4424 ὡμίλει
2677 4355 2839 4424 αὐτῇ,
2863 4356 2958 4407 καὶ
2980 4353 3208 4424 γνώμας
3240 4355 3433 4426 εἰσῆγε
3477 4359 3614 4427 πρὸς
3648 4360 3724 4412 τὰ

2139 4448 2432 4518 γενόμενα.
2477 4448 2537 4501 Ὀ
2558 4447 2616 4501 δὲ
2649 4449 2906 4517 Κικέρων
2930 4449 3333 4519 δημηγορήσας
3377 4450 3567 4505 ἔπεισε
3591 4451 3735 4504 πάν-

460 4516 848 4572 rescindcnda.
880 4520 975 4574 llis
1010 4521 1328 4576 rationibus
1355 4523 1868 4588 adducti,omnium
1893 4526 2034 4596 inju-

2141 4557 2241 4604 τας
2275 4516 2355 4610 μὴ
2381 4540 2750 4609 μνησικακεῖν
2775 4516 3223 4607 ἀλλήλοίξ,’ἀλλά
3243 4541 3347 4594 κᾶν
3371 4559 3520 4595 τισιν
3545 4545 3733 4615 ήμάρ-

461 4607 671 4662 riarum
699 4609 1036 4665 oblivionem
1073 4613 1465 4669 decreverunt.
1503 4617 1869 4674 Percussorcs
1899 4635 2030 4675 vero

462 4697 532 4750 de
563 4698 836 4768 Capitolio
882 4703 1053 4757 verba
1105 4703 1396 4771 facientes,
1454 4708 1726 4765 militibus
1778 4713 2045 4779 promise.

463 4796 616 4853 runt,
649 4804 708 4843 se
734 4791 883 4846 nulla
911 4791 1150 4849 Caesaris
1181 4806 1302 4851 acta
1343 4800 1696 4865 rescissuros,
1719 4817 1900 4873 neque
1921 4805 2044 4859 cui-

464 4893 630 4947 quam
678 4881 978 4949 quidquam
1031 4885 1101 4939 ab
1152 4887 1249 4940 illo
1284 4888 1474 4942 datum
1512 4901 1823 4961 erepturus.
1885 4895 2045 4950 Sedi-

466 4971 617 5023 tione
648 4971 752 5025 hoc
787 4973 950 5029 modo
986 4978 1316 5044 composita,
1369 4994 1479 5032 non
1518 4981 1670 5050 prius
1705 4997 1736 5037 e
1769 4983 2045 5052 Capitolio

463 5063 892 5130 descenderunt,
922 5081 1084 5136 quam
1119 5068 1292 5122 tilium
1324 5069 1516 5139 Lepidi
1541 5082 1598 5126 et
1634 5074 1856 5130 Antonii
1887 5077 2041 5132 obsi-

464 5153 566 5208 des
595 5154 958 5224 accepissent.
991 5157 1204 5215 Deinde
1249 5176 1376 5215 cum
1416 5163 1560 5216 lecto
1591 5165 1823 5221 Caesaris
1870 5177 2040 5224 testa-

467 5253 674 5299 mento
731 5250 971 5318 populus
1037 5252 1432 5321 cognovisset,
1491 5254 1780 5310 Octavium
1845 5259 1916 5312 ab
1973 5275 2042 5314 eo

466 5336 782 5407 adoptatum
816 5356 958 5406 esse,
993 5352 1051 5397 et
1083 5344 1400 5412 reipublicm
1429 5361 1678 5410 munera,
1731 5358 1788 5403 et
1824 5350 2035 5406 viritim

2141 4633 2302 4702 τηταί
2332 4648 2407 4696 τι,
2436 4631 2783 4701 παρόψεσθαι
2822 4630 3007 4694 τοῦτο,
3035 4631 3124 4686 ἵνα
3153 4631 3228 4704 μή
3283 4633 3547 4702 ἐμφύλιος
3572 4631 3734 4699 αὖθις

2141 4723 2370 4792 γένηται
2406 4720 2644 4790 πόλεμος
2689 4721 2784 4773 καὶ
2821 4719 2932 4773 τῶν
2967 4721 3201 4776 πολιτῶν
3231 4721 3456 4792 ὄλεθρος
3503 4724 3596 4778 ὑπ’
3625 4726 3728 4779 ἁλ-

2143 4811 2325 4882 λήλων
2384 4809 2717 4880 ὀλλυμένων,
2745 4811 3046 4881 ὁμονοῆσαι
3107 4812 3164 4865 δὲ
3212 4813 3520 4884 ὁμοφύλους
3565 4813 3734 4879 ὄντας

2148 4903 2244 4956 καὶ
2278 4904 2584 4970 συγγενεῖς.
2614 4902 2723 4955 Καὶ
2753 4901 3051 4972 προσέθετο
3089 4903 3200 4956 δεῖν
3229 4906 3325 4958 καὶ
3352 4905 3421 4957 τὰ
3449 4909 3600 4975 παρὰ
3632 4908 3732 4960 τοῦ

2148 4994 2430 5064 Καίσαρος
2490 4994 2804 5066 πραχθέντα
2831 4993 2944 5046 εἴτε
2977 4996 3034 5047 ἐν
3071 4995 3302 5065 δωρεαῖς
3335 4997 3368 5068 ἢ
3401 4999 3588 5066 τιμαῖς
3619 4993 3734 5050 εἷεν

2149 5086 2183 5156 ἦ
2207 5088 2266 5140 ἐν
2291 5087 2486 5157 ἀρχαῖς
2536 5087 2786 5155 φυλάξαι,
2813 5087 2908 5140 καὶ
2935 5089 3010 5158 μή
3035 5106 3087 5142 τι
3112 5088 3318 5141 τούτων
3342 5089 3735 5160 πολυπραγμο-

2149 5180 2312 5247 νήσαι
2371 5178 2402 5247 ἢ
2455 5179 2780 5248 ἀνατρέψαι.
2823 5180 3144 5244 [Ιεισθέντες
3192 5179 3287 5233 οὖν
3332 5179 3482 5252 αὐτῷ
3540 5179 3734 5248 μηδενὶ

2154 5267 2520 5336 μνησικακεῖν
2572 5268 2930 5336 ἐψηφίσαντο.
2987 5269 3099 5322 Καὶ
3153 5271 3202 5321 οί
3260 5272 3490 5339 σφαγεῖς
3520 5270 3577 5322 δὲ
3617 5273 3735 5333 τοῖς

2150 5353 2508 5425 στρατιώταις
2563 5356 2880 5425 ὁμιλοῦντες
2929 5357 2993 5410 ἐκ
3031 5358 3124 5412 τοῦ
3167 5361 3520 5415 Καπιτωλίου
3563 5351 3733 5431 μηδὲν

1614 5461 1820 5525 Varias
1863 5465 2172 5531 lectiones
2217 5477 2278 5530 et
2324 5478 2516 5530 nota).

541 5571 1032 5654 (7|).T1‘lf'raixnr
1085 5578 1274 5654 αὺτοῦ
1299 5581 1574 5654 ὀμνύναι.
1637 5583 1740 5638 Per
1768 5586 2040 5654 fortunam

469 5643 718 5727 Caesaris.
754 5643 986 5727 )Voltius
1016 5648 1179 5701 vertit
1211 5668 1232 5727 :_
1282 5643 1481 5727 intelius
1511 5653 1651 5708 forte
1684 5643 1779 5720 per.
1812 5643 2048 5727 genium,

472 5710 541 5791 de
589 5725 699 5791 qua
755 5713 995 5791 formula
1042 5721 1417 5791 consulendus
1480 5739 1590 5791 prae
1623 5710 1837 5780 ueteri;
1883 5710 2041 5782 ιυέιηὶ

477 5777 632 5846 Βαρῑί.
657 5781 1036 5839 Ηιυιεειιὶιιεὶιι
1064 5788 1162 5842 lib.
1200 5789 1277 5842 De
1314 5777 1848 5861 jurejurando,icap.

2224 5589 2337 5655 (7‘2)
2368 5587 2470 5641 Διά
2515 5605 2580 5643 τε
2624 5589 2812 5643 αὐτόν
2873 5592 3149 5649 Ἰούλιον.
3184 5595 3274 5652 Sic
3320 5613 3453 5654 mss.
3496 5599 3735 5656 Wolfius

2154 5657 2448 5726 legendum
2488 5669 2696 5721 censet,
2729 5661 2820 5712 διά
2844 5679 2902 5714 τε
2938 5665 3099 5716 αὑτὸν
3147 5667 3238 5718 τὸν
3269 5669 3608 5724 Κουϊντίλιον
3641 5678 3735 5724 τὸν

2159 5730 2302 5795 μηνα
2339 5728 2558 5780 Ἰούλιον
2589 5731 3061 5800 προσηγόρευσαν.
3087 5735 3264 5804 Atque
3297 5739 3370 5793 ita
3399 5745 3582 5795 vertit.
