4024 6394
293 360 403 426 837

1566 364 1979 424 ANNALIUM
2018 363 2166 425 LIB.
2212 364 2286 424 X.

3456 369 3567 436 838

297 475 408 526 τῶν
442 472 517 544 τῷ
555 473 799 544 Καίσαρι
836 471 1198 544 πραχθέντων
1230 471 1517 542 ἀκυρῶσαι
1561 474 1880 540 ὑπέσχοντο,

1998 471 2071 523 vel
2105 467 2365 536 tricenas,
2396 478 2458 526 ut
2487 468 2771 539 Octavius,
2807 472 2893 529 vel
2928 481 3227 544 octogenas
3250 477 3471 547 quinas,
3508 488 3568 533 ut
3640 516 3647 525 υ

298 564 429 634 μήτ’
458 563 860 632 ἀφαιρήσεσθαί
886 579 1012 615 τινα
1059 562 1227 632 μηδὲν
1267 561 1379 614 τῶν
1414 562 1631 632 ἑκάστῳ
1662 559 1879 629 δεδομέ-

294 670 407 705 νων
429 666 443 681 °
481 653 578 704 καὶ
614 650 789 714 οὕτως
824 655 882 714 ἐς
916 651 1265 718 καταλλαγὰς
1304 644 1461 720 ἧκον.
1501 651 1575 703 Οὐ
1612 651 1880 719 πρότερον

294 746 356 798 δὲ
385 746 434 796 οί
472 745 528 795 ὲν
553 743 631 811 τῷ
664 743 998 814 Καπιτωλίῳ
1029 745 1340 813 κατέδησαν
1369 742 1403 814 ἢ
1434 744 1526 795 τόν
1554 761 1612 795 τε
1646 742 1741 796 τοῦ
1773 743 1880 794 Asc

295 836 453 888 πίδου
483 838 649 889 παῖδα
700 836 795 888 καὶ
819 834 911 887 τὸν
942 835 1036 887 τοῦ
1080 836 1367 889 Ἀντωνίου
1399 838 1641 906 ὁμήρους
1669 836 1876 890 λαϐεῖν.

296 929 452 982 Μετὰ
476 927 652 980 ταῦτα
670 927 769 995 τῆς
793 925 1063 997 διαθήκης
1087 927 1181 980 τοῦ
1210 928 1488 997 Καίσαρος
1513 927 1882 997 ἀναγνωσθεί-

300 1037 402 1090 σης
436 1017 626 1090 μαθὼν
675 1020 704 1072 δ
747 1019 918 1088 δῆμος
956 1020 1035 1073 ὅτι
1073 1020 1188 1075 υίδν
1231 1020 1523 1090 πεποίηται
1560 1020 1653 1074 τὸν
1687 1020 1881 1076 Ὀκτά-

298 1111 442 1177 ϐιον,
481 1113 578 1164 καὶ
607 1111 690 1164 ὅτι
717 1112 785 1180 τῇ
814 1129 875 1165 τε
901 1111 1051 1165 πόλει
1091 1112 1301 1183 δωρεὰς
1334 1113 1430 1167 καὶ
1465 1114 1681 1184 ἑκάστῳ
1711 1113 1881 1183 δραχ-

304 1204 436 1273 μὰς.
485 1203 562 1266 ὡς
621 1202 719 1273 μὲν
748 1202 1038 1267 Ὀκτάϐιος
1090 1204 1332 1275 γράφει,
1376 1204 1693 1272 τριάκοντα,
1726 1204 1802 1266 ὡς
1834 1203 1880 1256 δ’

301 1297 505 1366 ἕτεροι,
543 1296 708 1349 πέντε
750 1296 847 1348 καὶ
892 1295 1269 1365 ἑϐδομήκοντα
1311 1296 1720 1361 καταλέλοιπεν,
1757 1297 1882 1348 ἑτα-

304 1388 606 1460 ράχθησαν.
650 1388 762 1441 Kal
786 1390 816 1441 ὀ
850 1388 1137 1450 Ἀντώνιος
1159 1389 1249 1441 τὸν
1277 1389 1472 1460 νεκρὸν
1504 1390 1583 1451 είς
1620 1388 1720 1457 τὴν
1752 1387 1882 1454 άγοο

1988 563 2083 615 alii
2111 562 2357 627 tradunt,
2384 563 2682 620 drachmas
2707 564 2950 626 relictas,
2999 567 3254 624 turbatus
3281 581 3384 624 est.
3426 570 3569 626 Cum

1988 660 2173 706 autem
2208 652 2487 708 Antonius
2530 653 2800 710 cadavere
2838 656 2961 726 ejus
3011 657 3195 712 adhuc
3242 670 3475 716 cruento
3510 663 3566 718 in

1986 743 2108 797 foro
2133 744 2439 813 proposito,
2478 746 2787 801 orationem
2815 746 2882 800 ad
2906 747 3153 803 defuncti
3181 750 3395 814 laudes,
3416 762 3472 807 et
3496 754 3566 808 ad

1986 836 2150 892 caedis
2202 838 2745 893 commiserationem
2816 839 3185 909 pertinentem
3257 843 3567 911 habuisset,

1989 930 2290 984 multitudo
2320 930 2597 984 concitata
2628 942 2736 986 est.
2784 932 2994 986 Deinde
3024 933 3281 988 recitatis
3336 936 3568 991 honori-

1986 1021 2093 1076 bus
2126 1023 2221 1092 qui
2270 1022 2321 1077 ei
2359 1023 2567 1077 decreti
2605 1023 2847 1088 fuerant,
2906 1024 3143 1094 subjecit
3185 1045 3199 1080 :
3237 1025 3344 1081 Sed
3395 1037 3570 1098 pater,

1988 1114 2248 1184 pontifex,
2300 1124 2696 1179 sacrosanctus,
2755 1117 2932 1181 heros,
2988 1119 3114 1172 deus
3149 1126 3386 1172 mortuus
3437 1131 3513 1175 est
3548 1136 3569 1175 .'

1986 1183 2071 1258 Ifei
2099 1206 2245 1269 milii,
2279 1222 2385 1259 non
2410 1207 2612 1273 morbo,
2650 1224 2756 1261 non
2784 1209 2930 1263 senio
2959 1210 3268 1273 exstinctus,
3303 1227 3409 1266 non
3438 1212 3571 1281 foris

1984 1298 2042 1350 in
2068 1296 2203 1351 bello
2234 1297 2567 1362 uulneratus,
2594 1315 2689 1353 nec
2719 1300 2937 1369 fortuito
2966 1300 3146 1371 aliqua
3173 1319 3305 1357 casu
3338 1312 3524 1373 raptus
3548 1318 3569 1357 :

1986 1389 2078 1442 sed
2110 1390 2193 1442 hic
2226 1390 2373 1443 intra
2407 1392 2601 1444 muenia
2637 1406 2731 1461 per
2763 1392 2984 1446 insidias
3014 1410 3179 1448 ctcsus
3211 1401 3308 1448 est.
3345 1393 3451 1459 Qui
3495 1393 3571 1447 ci-

308 1481 411 1553 ράν
438 1479 776 1553 προθέμενος
807 1479 1195 1551 ᾑματωμένον,
1230 1479 1325 1533 καὶ
1352 1479 1509 1546 λόγον
1536 1479 1628 1531 ἐπὶ
1654 1477 1732 1546 τῷ
1764 1493 1882 1530 κει-

1998 1488 2075 1535 tra
2102 1481 2391 1547 perieulum
2419 1484 2475 1536 in
2500 1482 2841 1538 Britanniam
2871 1488 3192 1555 penetrauit,
3226 1487 3284 1540 in
3321 1487 3450 1541 urbe
3475 1503 3572 1557 per

308 1573 458 1645 μένῳ
487 1573 679 1640 εἰπὼν,
701 1573 763 1627 τὸ
798 1572 1004 1642 πλῆθος
1036 1571 1328 1643 παρώξυνε
1356 1572 1493 1643 πρὸς
1522 1572 1715 1641 ὀργήν.
1747 1566 1881 1623 Elite

1998 1572 2172 1628 dolum
2209 1573 2471 1627 occubuit.
2515 1573 2621 1639 Qui
2677 1578 2991 1645 pomarium
3025 1578 3251 1632 civitatis
3281 1581 3570 1648 promovit,

304 1665 413 1736 γὰρ
452 1666 626 1719 πολλὰ
656 1665 756 1736 μὲν
798 1667 935 1736 πρὸς
968 1664 1190 1717 ἔπαινον
1219 1663 1314 1717 τοῦ
1362 1662 1575 1733 ἀνδρὸς,
1618 1662 1715 1715 καὶ
1746 1662 1883 1733 πρὸς

1998 1665 2135 1718 intra
2169 1666 2379 1719 curiam
2413 1676 2489 1720 est
2524 1668 2825 1722 trucidatus
2864 1684 2883 1723 :
2922 1669 3159 1735 inermis,
3211 1671 3294 1724 uir
3346 1670 3568 1726 bellico-

305 1759 457 1811 ἔλεον
502 1758 598 1812 τοῦ
633 1758 843 1822 πάθους
879 1760 1007 1822 τοὺς
1046 1757 1323 1829 ἀκροατὰς
1367 1753 1703 1826 ὲρεθίζςντα.
1753 1750 1884 1806 Εῐτα

1998 1772 2079 1809 sus
2115 1771 2134 1809 :
2165 1756 2363 1821 nudus;
2389 1759 2470 1811 uir
2508 1759 2761 1827 pacificus
2808 1776 2827 1813 :
2868 1760 2940 1813 ad
2972 1763 3253 1831 prietoria,
3317 1774 3515 1833 prator
3550 1780 3573 1818 :

306 1853 401 1905 καὶ
423 1854 488 1903 τὰ
517 1850 862 1921 ψηφισθέντα
891 1850 1042 1920 αὐτῷ
1071 1848 1379 1913 καταλέξας
1392 1847 1656 1917 ὀνόματα,
1680 1846 1883 1916 ὲπήγα·

1998 1850 2136 1916 apud
2167 1853 2538 1919 magistratus,
2588 1852 2908 1921 magistratu
2947 1853 3202 1920 prwditus
3230 1868 3250 1908 :
3283 1871 3317 1908 α
3351 1855 3570 1918 civibus,

306 1960 430 2011 γενο
478 1944 632 1998 Ἀλλ’
664 1940 845 2009 οὗτος
878 1947 912 1998 ὁ
941 1942 1160 2011 πατὴρ,
1186 1938 1367 2008 οὗτος
1409 1944 1443 1995 ὁ
1485 1940 1819 2011 ἀρχιερεὺς,
1856 1940 1890 1992 ὁ

1998 1958 2147 2012 quem
2174 1954 2323 1995 nemo
2358 1942 2585 1996 hostium
2623 1942 2704 1995 vel
2735 1944 2791 1996 in
2822 1943 2961 1996 mari
3006 1950 3284 1997 natantem
3335 1947 3575 1999 accidere

305 2036 560 2103 ἄσυλος,
590 2038 623 2089 ὁ
650 2036 828 2105 ἣρως,
859 2038 892 2089 ό
932 2037 1065 2103 θεὸς
1090 2033 1398 2103 τέθνηκεν,
1432 2033 1610 2101 οἴμοι,
1634 2033 1705 2087 οὺ
1728 2032 1892 2097 νόσῳ

298 2129 603 2195 βςασθείς,
627 2128 770 2182 οὐδὲ
794 2128 945 2198 γήρα
971 2127 1322 2197 μαρανθείς,
1343 2126 1489 2180 οὐδὲ
1518 2126 1638 2191 ἐξω
1673 2142 1791 2178 που
1822 2126 1892 2177 ἐν

306 2221 550 2287 πολέμῳ
569 2220 835 2287 τρωθείς,
853 2218 997 2273 οὐδὲ
1014 2219 1083 2273 ἐκ
1105 2218 1418 2290 δαιμονίου
1446 2219 1610 2284 τινὸς
1630 2215 1891 2286 αὐτομά-

306 2328 421 2378 τως
451 2312 785 2380 ἁρπασθείς
808 2327 824 2345 ο
859 2311 999 2366 ἀλλ’
1020 2312 1281 2366 ἐνταῦθα
1304 2311 1411 2366 τοῦ
1449 2312 1689 2379 τείχους
1715 2310 1891 2374 ἐντὸς

304 2401 792 2466 ἐπιϐουλευθείςσ
843 2403 876 2453 ὁ
923 2400 1022 2454 καὶ
1070 2401 1158 2466 εἰς
1197 2401 1564 2468 Βρεττανίαν
1597 2398 1891 2467 ἀσφαλῶς

304 2490 707 2556 στρατεύσας,
744 2488 815 2542 ἐν
853 2487 927 2558 τῇ
956 2492 1133 2543 πόλει
1170 2489 1546 2556 ὲνεδρευθείς
1565 2505 1579 2519 ο
1601 2490 1633 2543 ὀ
1659 2489 1727 2542 τὸ
1759 2506 1882 2542 πω-

298 2583 521 2650 μεήριον
567 2581 760 2647 αὐτῆς
808 2579 1186 2647 ἐπαιιξήσας,
1239 2581 1311 2634 ἐν
1353 2578 1435 2645 τῷ
1464 2580 1890 2647 βουλευτηρίῳ

304 2673 745 2742 κατασφαγείς·
778 2672 1009 2739 ἄοπλος
1044 2676 1074 2726 ό
1102 2672 1468 2742 εὐπόλεμος,
1500 2672 1728 2742 γυμνὸς
1750 2675 1782 2725 ό
1805 2674 1890 2725 εί·

297 2765 646 2834 ρηνοποιὸς,
675 2781 733 2832 πε
758 2765 827 2831 ὸς
877 2764 1006 2829 τοῖς
1050 2763 1467 2832 δικαστηρίοις
1501 2768 1535 2819 ό
1568 2763 1889 2832 δικαστὴς,

1992 2036 2162 2104 potuit
2196 2046 2215 2087 :
2258 2051 2291 2088 a
2324 2033 2709 2104 familiaribus,
2741 2048 2969 2103 quorum
3002 2048 3145 2103 saepe
3177 2035 3422 2089 misertus
3449 2036 3573 2106 fuit.

1996 2125 2089 2180 Ubi
2138 2134 2231 2178 tua
2285 2132 2361 2178 est
2415 2126 2748 2190 humanitas,
2810 2124 3050 2178 Caesar?
3088 2123 3179 2179 ubi
3231 2136 3577 2181 sacrosancta

1990 2218 2280 2271 auctoritas
2306 2216 2331 2269 .’
2367 2216 2456 2270 ubi
2486 2214 2623 2287 leges
2647 2219 2672 2272 ?
2699 2215 2775 2270 Tu
2826 2216 3039 2287 quidem
3071 2225 3320 2273 accurate
3340 2221 3576 2289 prouidi-

1989 2308 2079 2372 sti,
2107 2323 2172 2360 ne
2206 2310 2321 2377 quis
2348 2307 2411 2360 ab
2440 2308 2667 2361 inimicis
2698 2307 2991 2362 caderetur
3015 2324 3035 2363 :
3063 2317 3114 2362 te
3142 2325 3263 2364 vero
3289 2310 3580 2364 crudeliter

1991 2401 2149 2455 amici
2173 2400 2496 2466 occiderunt,
2527 2409 2577 2453 et
2603 2416 2741 2454 nunc
2767 2402 2821 2455 in
2848 2401 2963 2470 foro
2980 2402 3133 2472 jaces
3151 2402 3481 2472 interfectus.
3508 2402 3578 2456 In

1988 2499 2227 2561 suggesta
2270 2491 2429 2561 jaces
2491 2492 2794 2546 vulneribus
2851 2492 3141 2562 confectus,
3188 2495 3328 2546 unde
3382 2493 3580 2548 multas

1990 2582 2260 2636 conciones
2290 2581 2541 2636 habuisti.
2584 2580 2700 2635 Heu
2748 2597 2910 2637 canos
2954 2583 3219 2652 sanguine
3259 2594 3525 2638 concretos
3558 2597 3578 2638 :

1989 2672 2092 2725 heu
2138 2680 2328 2726 restem
2380 2671 2700 2738 laceratam,
2729 2688 2891 2743 quam
2927 2689 2986 2727 eo
3011 2673 3205 2727 scilicet
3245 2675 3481 2741 induisti,
3522 2682 3581 2727 ut

1993 2764 2050 2818 in
2094 2780 2157 2817 ea
2182 2762 2542 2834 jugulareris.
2578 2765 2677 2819 His
2718 2765 2905 2820 verbis
2955 2765 3195 2835 populus
3249 2776 3581 2829 commotus,

304 2859 454 2925 πρὸς
480 2858 610 2925 ταῖς
634 2857 849 2926 ἀρχαῖς
874 2860 907 2912 ὁ
933 2856 1156 2927 ἄρχων,
1182 2857 1301 2911 ὑπὸ
1334 2857 1455 2911 τῶν
1490 2857 1775 2925 πολιτῶν,
1811 2856 1885 2911 ὃν

1998 2870 2366 2924 percussores
2404 2853 2743 2925 quaeritavit,
2781 2865 3004 2926 raptum
3069 2854 3307 2911 cadaver
3349 2856 3583 2911 Caesaris

305 2950 514 3019 μηδείς
568 2950 691 3005 τῶν
733 2951 1057 3020 πολεμίων,
1090 2949 1234 3020 μηδ’
1267 2951 1356 3016 εις
1402 2949 1520 3017 τὴν
1567 2948 1890 3004 θάλασσαν

1998 2948 2048 3002 in
2090 2946 2211 3001 foro
2240 2946 2525 3011 cremavit,
2559 2946 2627 3001 ad
2678 2946 2829 3002 ardes
2884 2963 3277 3019 percussorum
3326 2949 3581 3014 tetendit,

296 3043 644 3097 ἐκπεσόντα
676 3042 901 3096 κτεῖναι
939 3041 1265 3109 δεδύνητω
1296 3041 1418 3096 ὑπὸ
1465 3040 1586 3095 τῶν
1613 3041 1887 3108 ἑταίρων,

1998 3054 2054 3094 ac
2078 3038 2333 3094 llelvium
2355 3037 2522 3111 494
2542 3037 2775 3094 Cinnam
2800 3038 3082 3095 tribunum
3113 3039 3289 3109 plebis
3317 3054 3414 3109 per
3427 3054 3586 3094 erro-

305 3137 339 3188 ὀ
396 3133 699 3199 πολλάκις
749 3134 977 3200 αὐτοὺς
1035 3132 1333 3202 ἐλεήσας.
1387 3133 1513 3187 Ποῦ
1556 3131 1712 3201 δῆτὰ
1763 3148 1885 3198 σοι,

1998 3147 2111 3185 rem
2140 3131 2384 3187 nominis
2411 3132 2637 3187 occidit.
2675 3133 2869 3203 Neque
2896 3133 3046 3188 enim
3074 3133 3121 3188 is
3140 3132 3345 3188 Czesari
3377 3132 3586 3188 fecerat

306 3221 561 3292 Καῖσαρ,
604 3223 643 3292 ἠ
685 3224 1135 3293 φιλανθρωπία;
1164 3223 1285 3278 ποῦ
1323 3223 1377 3277 δ’
1404 3223 1443 3292 ἡ
1476 3225 1744 3288 devita;
1775 3223 1890 3276 ποῦ

2001 3224 2250 3289 insidias,
2286 3223 2382 3278 sed
2431 3223 2726 3280 Cornelius
2749 3224 2925 3280 Cinna
2959 3235 3185 3296 prator.
3217 3226 3338 3293 Quo
3369 3226 3423 3280 in
3458 3226 3584 3281 locis

304 3316 357 3368 δ’
397 3318 453 3369 οί
488 3317 698 3385 rapat;
730 3315 919 3371 Ἀλλὰ
966 3314 1050 3370 σὺ
1081 3315 1226 3384 μὲν,
1258 3314 1421 3380 ὅπως
1448 3315 1590 3384 μηδ’
1627 3314 1747 3371 ὑπὸ
1779 3312 1890 3368 τῶν

1999 3313 2184 3369 Caesar
2216 3323 2497 3369 crematus
2520 3324 2628 3381 est,
2660 3315 2820 3383 plebs
2843 3332 2996 3370 aram
3029 3316 3231 3381 erexit,
3273 3316 3327 3371 in
3356 3331 3465 3386 qua
3499 3316 3582 3370 illi

305 3404 536 3475 ἐχθρῶν
557 3422 646 3472 τις
668 3406 998 3475 φονεύηται
1019 3444 1035 3469 ,
1082 3404 1283 3459 πολλὰ
1319 3405 1786 3475 ἐνομοθέτησας,
1820 3402 1890 3458 σὲ

2001 3410 2062 3457 ιιι
2089 3403 2194 3457 deo
2227 3402 2587 3458 sacriﬁcaret.
2624 3403 2733 3459 Sed
2768 3419 2891 3459 eam
2917 3406 3179 3459 consules
3229 3416 3583 3470 everterunt,

305 3497 375 3550 δὲ
404 3500 593 3564 οὕτως
630 3497 880 3566 οἰκτρῶς
919 3497 1283 3552 ἀπέκτειναν
1313 3500 1369 3552 al
1404 3497 1596 3567 φίλοι.
1634 3498 1742 3551 Kal
1776 3496 1890 3551 νῦν

1998 3494 2117 3564 lege
2146 3495 2277 3559 lata,
2313 3510 2383 3550 ne
2418 3498 2545 3564 quis
2574 3494 2843 3566 deinceps
2876 3495 3124 3551 dictator
3147 3510 3455 3553 crearetur.
3479 3497 3587 3563 Qui

306 3589 376 3642 ἐν
402 3588 476 3657 τῇ
510 3587 699 3658 ἀγορᾷ
731 3591 1051 3658 πρόκεισαι
1080 3588 1488 3659 ἐσφαγμένος,
1522 3589 1598 3643 δι’
1632 3584 1707 3660 ἧς
1739 3591 1890 3643 πολ-

1998 3598 2183 3643 autem
2210 3588 2545 3643 dictaturam
2570 3588 2658 3644 vel
2684 3587 3049 3653 decrevisset,
3103 3590 3192 3644 vel
3253 3591 3586 3660 accepisset,

305 3681 485 3746 λάκις
507 3682 900 3751 ἐπόμπευσας
937 3682 1435 3751 ἐστεφανωμένος
1462 3697 1476 3710 ·
1526 3683 1621 3735 καὶ
1657 3683 1756 3735 ἐπὶ
1788 3682 1890 3737 τοῦ

2002 3691 2062 3738 ut
2091 3682 2269 3753 capite
2290 3682 2650 3752 plecteretur.
2678 3681 2954 3739 Antonius
2985 3692 3100 3738 tum
3136 3698 3236 3753 pro
3262 3684 3593 3738 auctoritate

306 3774 581 3844 ,βήματος
609 3776 850 3844 ἓρῤιψαι
878 3776 1418 3845 κατατετρωμένος,
1445 3774 1547 3844 ἀφ’
1569 3771 1642 3831 οὗ
1670 3774 1890 3829 πολλάι

2001 3777 2175 3828 multa
2200 3774 2335 3844 egit,
2362 3774 2561 3828 dandis
2596 3775 3036 3844 magistratibus,
3062 3776 3382 3843 provinciis,
3420 3775 3590 3829 liber-

310 3884 405 3933 κις
430 3867 915 3937 ἐδημηγόρησας.
971 3868 1141 3938 Οιμοι
1187 3866 1418 3920 πολιῶν
1449 3867 1890 3936 ᾐματωμένωνί

2006 3875 2140 3929 tate,
2176 3865 2548 3931 immunitate,
2582 3876 2748 3936 atque
2778 3866 3067 3922 exsulibus
3098 3865 3447 3931 revocandis,
3478 3880 3591 3920 non

307 3958 357 4012 ὢ
384 3958 617 4028 στολῆς
655 3957 1149 4028 ἑσπαραγμένης,
1187 3956 1271 4026 ἢν
1307 3957 1406 4011 ἐπὶ
1442 3958 1632 4022 τούτῳ
1679 3964 1890 4027 μόνον,

2008 3973 2174 4013 secus
2204 3971 2268 4011 ac
2295 3956 2340 4011 si
2378 3965 2703 4026 potentatus
2756 3956 2995 4012 Caesaris
3057 3972 3345 4012 successor
3396 3964 3587 4011 esset:

306 4050 391 4117 ὡς
443 4051 663 4116 ἔοικεν,
708 4050 948 4114 ἔλαϐες,
974 4050 1076 4102 ἵνα
1108 4049 1180 4103 ἐν
1221 4049 1409 4117 ταύτῃ
1440 4048 1682 4118 σφαγῆς
1709 4051 1730 4103 .'
1774 4049 1890 4102 Ἐπὶ

2006 4049 2188 4118 iisque
2215 4047 2383 4102 rebus
2415 4062 2665 4117 magnam
2696 4048 2986 4117 pecuniam
3022 4049 3224 4119 coegit.

308 4145 520 4208 τούτοις
565 4147 593 4199 ὁ
623 4146 795 4215 δῆμος
826 4142 1168 4213 ἐξοργισθεὶς
1196 4146 1327 4208 τοὺς
1389 4140 1767 4213 μὲνβφαγεῖς
1813 4140 1997 4213 ἐζήτει
2025 4181 2044 4208 ,
2086 4139 2151 4194 τὸ
2208 4139 2268 4193 δὲ
2334 4137 2495 4210 σῶμα
2541 4139 2638 4192 τοῦ
2686 4140 2965 4212 Καίσαρος
3025 4141 3373 4213 ἁρπάσαντες
3416 4142 3477 4193 ἐν
3517 4145 3587 4213 τῆ
3624 4218 3629 4223 ⁵

311 4244 492 4314 ἀγορᾷ
517 4240 782 4293 ἔκαυσαν.
814 4239 926 4292 Καὶ
959 4239 1052 4293 ἐπὶ
1077 4241 1177 4305 τὰς
1198 4240 1308 4294 τῶν
1336 4241 1546 4309 φονέων
1606 4238 1788 4301 οίκίας
1852 4235 2147 4307 ὥρμησαν,
2217 4233 2315 4287 καὶΙ
2353 4232 2576 4286 ’Έλσιον
2646 4233 2852 4287 Κίνναν
2898 4233 3287 4305 δημαρχοῦντα
3339 4233 3594 4305 διεχειρὰ

317 4351 501 4399 σαντο,
530 4334 902 4404 πλανηθέντες
929 4335 996 4404 τῇ
1027 4330 1342 4404 ὁμωνυμίᾳο
1374 4333 1434 4386 οὐ
1469 4333 1581 4403 γὰρ
1615 4324 1771 4394 οὗτος
1851 4328 1932 4399 τῷ
1972 4327 2215 4398 Καίσαρι
2240 4322 2659 4389 ἐπεϐούλευσεν,
2685 4324 2714 4376 δ
2747 4325 3056 4394 στρατηγὸς
3080 4326 3139 4378 δὲ
3174 4326 3380 4389 Κίννας
3447 4327 3593 4393 Κορ-

313 4429 519 4499 νήλιος.
548 4427 741 4495 Βωμὸν
768 4424 825 4477 δὲ
853 4424 982 4478 ἔνθα
1003 4424 1314 4479 κατέκαυσε
1344 4423 1405 4478 τὸ
1437 4423 1597 4495 σῶμα
1634 4421 1730 4478 τοῦ
1797 4421 2101 4492 Καίσαρος,
2171 4418 2367 4489 ἧγειρε
2433 4414 2496 4469 τὸ
2539 4415 2767 4486 πλῆθος.
2812 4415 2879 4472 ἶν’
2914 4418 3002 4471 ἐπ’
3046 4416 3215 4471 αὐτοῦ
3248 4416 3425 4471 θύοιεν
3513 4415 3594 4480 ὡς

318 4526 425 4595 θεῷ
447 4521 527 4593 τῷ
559 4520 824 4590 Καίσαρι.
855 4519 920 4572 Ol
944 4517 990 4570 δ’
1015 4516 1212 4573 ὕπατοι
1240 4519 1406 4575 αὐτὸν
1429 4518 1759 4592 ἀνέτρεψαν,
1823 4515 1921 4570 καὶ
1957 4514 2125 4584 νόμον
2156 4511 2485 4581 εἰσήνεγκαν
2564 4510 2770 4581 μηδένα
2839 4509 2995 4575 αὖθις
3036 4511 3290 4580 γενέσθαι
3319 4508 3593 4564 δικτάτω·

319 4639 410 4694 ρα,
440 4617 673 4672 θάνατον
706 4613 893 4677 θέντες
933 4612 992 4667 τὺ
1015 4613 1318 4685 ἐπιτίμιον,
1346 4613 1512 4679 εἴτις
1576 4610 1933 4683 είσηγήσεται
1969 4604 2150 4671 τοῦτο,
2198 4602 2297 4657 καὶ
2346 4600 2402 4655 εί
2439 4601 2525 4667 τίς
2572 4619 2679 4656 που
2726 4603 2961 4670 δέξεται.
3045 4602 3331 4667 ’Δντώνιος
3372 4602 3431 4656 δὲ
3469 4603 3594 4656 τότε

317 4713 491 4767 πολλὰ
528 4711 876 4767 ιναυθεντῶν
909 4711 1263 4783 διεπράξατο,
1287 4708 1464 4781 ἀρχάς
1505 4725 1568 4762 τε
1633 4706 1812 4770 διδοὺς
1873 4701 1970 4758 καὶ
2007 4701 2217 4774 χώρας,
2249 4703 2347 4755 καὶ
2390 4699 2727 4770 ἐλευθερίαν,
2760 4699 2854 4752 καὶ
2891 4695 3172 4764 ἀτέλειαν,
3220 4696 3320 4751 καὶ
3352 4695 3596 4766 φυγάδας

318 4806 598 4876 κατάγων,
648 4807 722 4872 ὡς
771 4809 872 4878 τῆς
918 4805 1243 4871 δυναστείας
1293 4805 1390 4860 τοῦ
1436 4804 1719 4876 Καίσαρος
1756 4802 1900 4872 τάχα
1935 4798 2206 4871 διάδοχος,
2275 4797 2375 4852 καὶ
2438 4795 2619 4852 πολλὰ
2663 4797 2731 4850 ἐκ
2757 4793 2967 4851 τούτων
3015 4792 3428 4866 ἠργυρολόγησε
3461 4792 3597 4863 χρή-

323 4915 469 4971 ματα
480 4940 491 4953 .

394 4993 492 5050 1Γ’.
529 4992 811 5056 Ὀκτάϐιος
836 4992 895 5046 δὲ
937 4991 1129 5056 Γάϊος,
1158 4988 1218 5053 δς
1249 4989 1345 5043 καὶ
1375 4987 1512 5052 Πίας
1539 4985 1653 5059 (75)
1685 4987 1908 5056 ὠνομα-

326 5106 444 5154 στο,
497 5086 737 5156 ἀδελφῆς
786 5085 881 5139 τοῦ
942 5084 1222 5155 Καίσαρος
1263 5078 1334 5153 ἦν
1381 5081 1500 5144 υίὸς
1552 5078 1909 5147 συνοικούσης

337 5180 608 5250 Ὀκταϐίῳ
652 5178 731 5249 τῷ
766 5179 833 5231 ἐκ
875 5174 1151 5246 Βελιτρῶν
1185 5174 1297 5227 τῶν
1332 5170 1740 5227 υῦολουσκίδων
1770 5170 1907 5241 (74),

326 5273 540 5345 ἐτράφη
588 5270 647 5325 δὲ
698 5269 851 5339 παρὰ
890 5270 959 5339 τῇ
1003 5268 1175 5338 μητρὶ⁴
1218 5264 1607 5334 καταλειφθεὶς
1648 5263 1907 5334 ὀρφανός.

326 5363 596 5434 Αὑξηθεὶς
618 5360 675 5415 δὲ
703 5360 861 5431 διῆγε
882 5360 1033 5428 παρὰ
1058 5357 1136 5428 τῷ
1166 5355 1406 5427 Καίσαρι
1428 5354 1617 5410 ἄπαιδι
1648 5355 1786 5407 ὄντι.
1819 5353 1909 5406 Διὸ

327 5458 424 5511 καὶ
456 5457 685 5524 ἔστεργε
728 5452 821 5506 τὸν
851 5447 1194 5520 ἀδελφιδοῦν,
1240 5448 1337 5503 καὶ
1368 5447 1614 5516 μεγάλας
1643 5440 1789 5516 εἶχεν
1820 5441 1906 5497 ἐπ’

2085 4980 2231 5037 Χιιι.
2254 4978 2318 5035 C.
2360 4994 2493 5035 vero
2521 4978 2799 5043 Octavius,
2835 4978 2933 5049 qui
2972 4984 3030 5032 et
3063 4976 3216 5042 Pius,
3243 4974 3453 5031 sororis
3480 4972 3598 5029 Cae-

2015 5072 2157 5127 saris
2193 5070 2365 5135 (ilius,
2415 5077 2604 5140 nupta:
2634 5069 2865 5124 Octavio
2896 5068 3179 5123 Veliterno
3211 5068 3369 5134 (sunt
3410 5074 3596 5118 autem

2017 5166 2241 5220 Velitrm
2266 5163 2593 5217 Volscorum
2638 5159 3040 5231 municipium)
3073 5157 3317 5228 pupillus
3345 5154 3595 5214 relictus,

2016 5258 2161 5330 apud
2192 5266 2425 5311 matrem
2456 5255 2726 5319 educatus
2755 5263 2861 5308 est.
2895 5251 3032 5307 Cum
3059 5249 3413 5309 adolevisset,
3442 5242 3593 5313 apud

2016 5350 2286 5406 Caesarem
2341 5347 2456 5416 egit
2506 5345 2705 5401 orbum
2765 5344 3003 5398 liberis:
3052 5340 3146 5409 qui
3203 5353 3330 5393 eum
3367 5337 3591 5398 amavit,

2020 5456 2219 5511 magna
2251 5437 2320 5494 de
2346 5454 2415 5494 eo
2445 5451 2543 5508 spe
2576 5443 2869 5505 concepta.
2902 5432 3038 5487 Nam
3073 5430 3240 5486 Aecia
3278 5436 3452 5483 mater
3472 5427 3593 5498 ejus

1531 5585 1733 5651 Variae
1778 5582 2086 5646 lectiones
2125 5588 2188 5642 et
2230 5586 2426 5641 notae.

399 5725 512 5795 (73)
541 5726 648 5792 ’⁸ος
673 5724 772 5779 καί
801 5722 971 5795 Hinc.
1000 5721 1100 5795 Ita
1118 5719 1262 5776 alter
1291 5734 1324 5776 e
1348 5716 1538 5793 Regiis
1584 5721 1644 5772 et
1677 5712 1901 5770 Colbcr.

330 5789 450 5854 τρυε
487 5789 505 5850 ξ
527 5789 665 5852 alter
688 5796 820 5865 Reg.
844 5789 1005 5859 Πίους
1036 5789 1189 5846 Pius.

2089 5704 2202 5774 (74)
2243 5700 2729 5774 οὺολουσκζδων.
2766 5698 2859 5774 ξίσ
2892 5712 3024 5753 mss.
3072 5696 3205 5768 Reg.
3260 5705 3314 5751 et
3343 5692 3588 5750 Colbert.

2025 5770 2280 5842 “follius,
2304 5772 2691 5836 Οὑολισκίδων,
2718 5770 2991 5825 ediderat.
