4024 6432
391 437 502 507 839

1683 435 2005 499 JOANNIS
2045 433 2367 495 ZONAllrE

3538 424 3651 487 840

393 570 691 629 prtegnans
735 553 1030 609 somniavit
1058 552 1318 609 intestina
1346 566 1446 609 sua
1481 550 1611 606 ferri
1642 549 1712 604 ad
1740 547 1967 611 caelum,
1995 596 1997 604 λ

2104 548 2224 617 ηὑτῷ
2249 550 2348 611 τὰς
2386 547 2630 610 ἐλπίδας.
2688 547 2734 599 ﬂ
2765 562 2823 599 τε
2862 543 2971 615 γὰρ
3016 543 3203 613 μήτηρ
3222 538 3387 595 αὑτοῦ
3424 539 3649 606 Ἄττεα,

394 648 769 718 explicarique
799 662 900 717 per
930 662 1149 701 omnem
1184 654 1455 701 terrarum
1479 644 1771 699 ambitum.
1802 640 1970 695 Som-

396 737 572 790 niavit
599 744 653 790 et
681 744 839 804 pater
870 733 1127 790 Octavius
1161 734 1352 790 eadem
1386 742 1575 797 nocte,
1603 740 1764 786 utero
1790 729 1971 785 Accize

391 827 559 898 jubar
587 826 721 881 solis
766 835 1041 881 exortum.
1084 824 1194 892 Qui
1249 841 1372 879 cum
1407 825 1478 880 ob
1512 825 1699 879 uxoris
1738 837 1974 893 puerpe-

397 919 543 970 rium
565 917 741 972 serius
767 916 821 970 in
860 917 1068 971 curiam
1111 918 1374 980 venisset,
1420 918 1482 970 Ρ.
1522 914 1775 985 Nigidius
1815 913 1973 984 Figu-

399 1011 488 1064 lus
526 1020 767 1073 senator,
806 1007 900 1079 qui
946 1009 1302 1063 astronomiae
1331 1008 1698 1078 peritissimus
1731 1006 1975 1061 habeba-

402 1113 512 1161 tur,
545 1110 826 1169 comperta
885 1099 1094 1155 Octavii
1141 1116 1310 1155 morte
1352 1115 1537 1166 causa,
1594 1099 1922 1153 exclamavit
1957 1116 1974 1153 :

401 1190 475 1244 Tu
513 1190 659 1243 nobis
683 1191 957 1243 dominum
996 1191 1247 1261 genuisti.
1273 1190 1412 1244 Cum
1446 1205 1585 1259 puer
1630 1191 1747 1244 ruri
1773 1190 1979 1245 educa-

371 1289 575 1341 .retur,
609 1279 793 1345 aquila
826 1294 964 1349 pane
988 1296 1052 1333 ex
1080 1280 1341 1334 manibus
1386 1281 1509 1350 ejus
1538 1288 1696 1348 rapto
1729 1279 1980 1333 subvola-

400 1371 505 1435 vit,
541 1387 604 1425 ac
632 1371 854 1440 delapsa
904 1386 1100 1427 rursus
1132 1372 1392 1427 eumdem
1430 1373 1697 1427 restituit.
1747 1372 1975 1431 Deinde.

401 1476 527 1515 cum
561 1461 1013 1515 adolescentulus
1060 1463 1113 1514 in
1167 1462 1309 1517 urbe
1370 1461 1616 1532 degeret,
1684 1461 1982 1515 somniavit

403 1555 599 1609 Cicero
627 1569 685 1607 se
718 1554 910 1609 videre
946 1555 1099 1609 illum
1186 1555 1400 1610 catenis
1454 1556 1640 1610 aureis
1668 1570 1698 1610 e
1729 1554 1873 1610 cmlo
1911 1554 1980 1608 ad

403 1645 736 1715 Capitolium
774 1645 1013 1706 demitti,
1039 1655 1096 1701 et
1124 1662 1154 1700 a
1176 1646 1311 1702 Jove
1340 1646 1528 1718 ﬂagris
1566 1647 1723 1703 caedi.
1751 1646 1985 1703 Catulus

406 1754 539 1792 vero
564 1749 620 1793 et
648 1738 764 1807 ipse
798 1738 851 1792 in
880 1739 1091 1792 somnis
1142 1738 1302 1803 vidit,
1332 1740 1521 1794 Jovem
1553 1740 1742 1815 Romae
1795 1738 1988 1808 imagi-

2070 639 2452 709 ἐγκυμονοῦσα
2508 638 2692 705 αὐτὸν,
2738 635 2885 702 ἔδοξε
2937 637 3059 690 κατ’
3088 635 3220 705 ὄναρ
3260 631 3329 686 τὰ
3361 632 3653 702 σπλάγχνα

2072 731 2246 800 αὐτῆς
2287 732 2368 793 είς
2397 730 2489 784 τὸν
2519 729 2746 801 οὐρανὸν
2787 727 3182 798 ἀναφέρεσθαι,
3218 726 3314 779 καὶ
3342 724 3437 777 ἐπὶ
3466 725 3655 778 πᾶσαν

2072 821 2400 877 ἐκτετάσθαι
2445 821 2545 892 τὴν
2574 821 2703 891 γῆν.
2745 820 2855 873 Καὶ
2890 822 2918 872 ὁ
2950 818 3169 887 ἐκείνης
3200 815 3337 885 ἀνὴρ
3384 812 3528 867 κατά
3553 815 3657 880 τὴν

2073 914 2245 985 αὐτὴν
2267 913 2437 967 νύκτα
2472 913 2649 966 ἐδόκει
2680 912 2814 984 ὀρᾷν
2845 909 2997 981 ἥλιον
3029 911 3092 961 ἐκ
3122 908 3226 975 τῆς
3251 904 3445 975 νηδύος
3480 903 3659 970 αὐτῆς

2075 1006 2457 1064 ἀνατέλλοντα.
2485 1006 2648 1077 ’Ἄρτι
2666 1004 2724 1058 δὲ
2751 1003 2846 1056 τοῦ
2871 1001 3057 1063 παιδὸς
3081 1000 3387 1069 τεχθέντος,
3416 993 3660 1062 Νιγίδιος

2076 1101 2335 1165 Φίκουλος
2359 1100 2470 1171 (75)
2498 1098 2812 1170 βουλευτὴς,
2838 1092 3218 1164 διαγινώσκειν
3237 1090 3335 1153 τὰς
3368 1089 3475 1142 τῶν
3498 1087 3665 1141 ἁστέ-

2083 1210 2194 1263 ρων
2246 1191 2491 1259 κινήσεις
2521 1188 2723 1257 ἄριστα
2766 1183 3177 1253 πιστευόμενος,
3214 1177 3543 1250 βραδύτερον
3579 1175 3663 1238 εἰς

2078 1284 2141 1337 τὸ
2178 1281 2456 1351 συνέδριον
2489 1278 2584 1333 τοῦ
2620 1277 2910 1332 Ὀκταϐίου
2943 1272 3344 1344 ἀπηντηκότας,
3374 1270 3538 1340 ἤρετο
3564 1266 3664 1319 αὐτ

2079 1378 2172 1431 τὶν
2202 1378 2299 1446 τὴν
2328 1374 2512 1429 αἰτίαν
2539 1374 2638 1444 τῆς
2674 1371 3027 1444 βραδύτητος.
3095 1368 3181 1429 Ὠς
3212 1366 3269 1419 δὲ
3308 1364 3396 1417 διὰ
3440 1361 3529 1416 τὸν
3562 1361 3660 1412 τοῦ

2083 1471 2273 1535 παιδὸς
2291 1470 2469 1534 τόκον,
2501 1469 2705 1529 ἐκεῖνος
2731 1466 2857 1535 ἔφη,
2886 1463 3185 1533 ἀνεϐόησεν
3238 1460 3321 1512 ὅτι
3350 1454 3664 1521 Δεσπότην

2083 1562 2232 1631 ἡμῖν
2286 1560 2648 1630 ἐγέννησας.
2704 1555 3056 1629 Τρεφομένου
3102 1554 3162 1607 δὲ
3212 1552 3306 1605 τοῦ
3361 1548 3551 1611 παιδὸς
3606 1548 3667 1599 ἐν

2084 1653 2261 1725 ἀγρῷ,
2280 1652 2456 1718 ἀετὸς,
2481 1652 2547 1705 ἐκ
2574 1652 2684 1703 τῶν
2713 1648 2912 1721 χειρῶν
2939 1645 3104 1699 αὐτοῦ
3134 1643 3449 1723 ἐξαρπάσας
3479 1641 3666 1712 ἄρτον,

2086 1748 2183 1801 καὶ
2214 1742 2630 1816 μετεωρισθεὶς,
2663 1740 2820 1802 αὖθις
2848 1738 3131 1792 ἀπέδωκεν
3163 1736 3328 1789 αὑτὸν
3356 1731 3666 1794 καταπτὰς.

406 1845 533 1883 nem
568 1830 619 1882 in
650 1828 831 1884 sinum
874 1830 970 1884 iilii
1016 1830 1253 1895 Octavii,
1309 1831 1469 1901 pueri
1532 1830 1737 1892 adhuc,
1787 1829 1990 1883 demit-

2104 1838 2386 1892 Παιδίσκου
2425 1852 2486 1890 τε
2520 1833 2688 1888 αὐτοῦ
2718 1832 2872 1895 ὄντος
2917 1829 3014 1883 καὶ
3041 1831 3098 1882 ὲν
3139 1828 3327 1899 Ῥώμῃ
3360 1825 3670 1896 διατρίϐον-

410 1935 549 1978 tere.
586 1922 681 1976 llis
708 1922 777 1976 de
803 1923 985 1978 causis
1016 1938 1143 1977 eum
1180 1922 1388 1985 Czrsar,
1429 1923 1483 1975 in
1516 1920 1853 1990 amplissima
1887 1936 1985 1990 Spe

410 2016 752 2083 adoptatum.
782 2014 1055 2069 hmredem
1091 2015 1352 2078 instituit,
1387 2030 1452 2069 ac
1480 2012 1899 2083 diligentissime
1930 2013 1984 2067 in

411 2112 530 2159 arte
561 2104 779 2160 (licrndi
813 2104 999 2159 Graece
1034 2104 1340 2176 Latineque
1363 2104 1728 2159 erudiendum
1751 2102 1985 2157 curavit.

412 2193 679 2248 Exereuit
706 2203 762 2248 et
789 2195 844 2248 in
875 2192 932 2249 re
968 2196 1215 2262 militari,
1240 2205 1297 2250 et
1336 2197 1402 2249 ad
1429 2194 1775 2263 negotiorum
1809 2193 1995 2263 reipu-

413 2286 573 2340 lilica:
612 2297 776 2356 atque
810 2289 1027 2357 imperii
1091 2287 1627 2343 administrationem
1673 2285 1989 2341 assuefecit.

416 2376 518 2432 llic
546 2377 713 2448 igitur
760 2378 1044 2444 Octavius,
1104 2377 1409 2449 Apollonia:
1463 2376 1773 2431 studiorum
1825 2390 1992 2432 causa

414 2469 642 2539 degens,
681 2469 913 2524 interitu
941 2470 1173 2525 Caesaris
1203 2469 1416 2534 audito,
1457 2468 1838 2523 Brundusium
1873 2476 1991 2522 tra-

410 2561 544 2631 jecit
572 2578 585 2615 :
617 2562 950 2633 cognitoque
982 2561 1246 2616 avunculi
1273 2569 1607 2616 testamento
1659 2572 1717 2614 et
1750 2562 1990 2616 tumultu

418 2652 645 2722 populi,
719 2651 953 2708 Caesaris
1016 2667 1218 2707 nomen
1269 2652 1435 2725 £95
1481 2652 1587 2708 sibi
1635 2652 1937 2709 vindicavit
1978 2672 1992 2710 :

418 2745 680 2816 aditaque
738 2745 1081 2810 hmreditate,
1128 2746 1298 2801 rebus
1337 2746 1595 2818 gerendis
1628 2748 1873 2801 animum
1906 2747 1996 2801 in-

2089 1945 2199 1992 τος,
2231 1925 2410 1990 ἔδοξεν
2440 1926 2468 1978 ὁ
2492 1924 2747 1992 Κικέρων
2781 1920 2905 1974 καθ’
2936 1920 3139 1981 ὕπνους
3165 1919 3299 1987 ὁρᾷν
3330 1917 3494 1970 αὐτὸν
3534 1913 3670 1968 ἀλύ-

2093 2034 2211 2072 σεσι
2263 2015 2495 2086 χρυσαῖς
2544 2013 2611 2065 ἐκ
2655 2008 2750 2079 τοῦ
2801 2008 2965 2062 πόλου
3015 2005 3154 2077 πρὸς
3218 2007 3278 2058 τὸ
3327 2003 3675 2058 Καπιτώλιον

2091 2106 2481 2178 καθιμώμενον
2512 2103 2608 2159 καὶ
2644 2102 2795 2172 παρά
2830 2100 2926 2154 τοῦ
2958 2099 3079 2162 Διὸς
3109 2096 3507 2169 μαστιζόμενον
3532 2093 3670 2167 (76).

2093 2201 2371 2264 Κάτουλος
2420 2200 2477 2253 δέ
2502 2199 2596 2252 καὶ
2627 2197 2794 2260 αὐτὸς
2830 2194 2953 2249 καθ’
2987 2193 3189 2253 ὕπνους
3224 2191 3397 2243 ἐδόκει
3428 2188 3520 2240 τὸν
3571 2187 3673 2240 Δία

2094 2296 2193 2364 τῆς
2223 2295 2446 2364 Ῥώμης
2469 2292 2651 2345 εἰκόνα
2674 2293 2752 2352 εἰς
2777 2289 2869 2342 τὸν
2895 2288 3093 2341 κόλπον
3116 2284 3209 2339 τοῦ
3231 2280 3515 2336 Ὀκταϐίου
3542 2296 3675 2332 παι-

2095 2387 2182 2450 δὸς
2230 2386 2309 2438 ἔτι
2357 2383 2511 2446 ὄντος
2562 2380 2986 2450 ἐμϐεϐληκέναι.
3045 2375 3142 2429 Ἐκ
3175 2374 3378 2427 τούτων
3419 2374 3604 2424 τοίνυν
3647 2369 3677 2419 ὁ

2095 2481 2315 2548 Καῖσαρ
2354 2475 2567 2547 μεγάλα
2613 2470 2872 2541 ἐπάὐτῷ
2914 2468 3141 2531 ἐλπίσας
3188 2461 3572 2533 είσεποιήσατό
3618 2476 3679 2512 τε

2098 2572 2191 2624 τὶν
2222 2553 2408 2634 παῖδα,
2442 2567 2535 2620 καὶ
2571 2563 2911 2635 κληρονόμον
2955 2559 3241 2622 κατέλιπε,
3279 2555 3375 2609 καὶ
3403 2553 3680 2624 ἐπιμελῶς

2101 2662 2356 2716 ἐπαίδευε
2378 2660 2560 2728 λόγοις
2585 2656 2918 2729 ῥητορικοῖς,
2935 2656 3002 2725 τῇ
3017 2669 3077 2706 τε
3096 2652 3205 2705 τῶν
3225 2649 3472 2703 Λατίνων
3494 2647 3588 2700 καὶ
3613 2646 3679 2713 τῇ

2111 2756 2380 2826 Ἑλληνίδι
2401 2755 2578 2823 φωνῇ.
2606 2750 2701 2805 καὶ
2728 2751 2887 2821 ἤσκει
2917 2747 3058 2819 πρός
3077 2763 3135 2800 τε
3156 2745 3255 2807 τὰς
3279 2741 3566 2811 στρατείας
3585 2744 3685 2794 καὶ

419 2839 619 2903 tendit,
663 2853 840 2895 annos
872 2840 1176 2896 octodecim
1220 2850 1407 2896 natus.
1440 2840 1521 2897 Eo
1563 2840 1759 2897 urbem
1813 2842 1997 2912 ingre-

2104 2847 2241 2918 πρὸς
2281 2844 2628 2915 πραγμάτων
2661 2841 2933 2909 διοίκησιν
2964 2828 3263 2890 πολιτικῶν
3300 2850 3361 2886 τε
3394 2833 3488 2886 καὶ
3517 2833 3682 2900 ἀρχι-

419 2927 631 2992 dieute,
662 2944 895 3001 magnus
935 2928 1197 2998 circulus,
1242 2939 1300 2987 et
1327 2931 1504 2987 instar
1556 2932 1799 2988 caalestis
1836 2947 1997 2988 arcus

2104 2939 2237 2995 κῶν.
2267 2932 2435 2998 Οὗτος
2461 2930 2555 2988 οὖν
2575 2930 2909 2993 όὈκτάϐιος
2954 2929 3044 2983 ὅτε
3065 2931 3092 2982 ὁ
3116 2929 3335 2998 Καῖσαρ
3357 2925 3595 2993 ἐσφάγη,
3625 2928 3684 2976 ἐν

416 3020 630 3088 varius,
662 3021 856 3077 orbem
894 3022 1030 3078 solis
1069 3023 1300 3089 ambiit,
1341 3023 1518 3079 futuri
1554 3025 1826 3079 tumultus
1860 3039 1997 3093 prae-

2116 3028 2455 3099 Ἀπολλωνίᾳ⁵
2494 3027 2690 3096 ἔτυχεν
2717 3022 2817 3089 ὧν,
2850 3023 2946 3077 ἐπὶ
2983 3021 3204 3092 παιδείᾳ
3245 3018 3483 3080 σταλείς.
3518 3017 3687 3068 Ἔνθα

419 3114 678 3167 nuntius.
709 3112 1103 3181 Tribunatum,
1133 3115 1390 3186 quamvis
1426 3114 1499 3169 ab
1530 3115 1775 3170 Antonio
1806 3114 1997 3186 probi.

2110 3121 2299 3192 μαθὼν
2331 3120 2393 3173 τὸ
2427 3115 2781 3188 συμϐεϐηκὸς
2819 3111 3141 3185 ἐπεραιώθη
3176 3110 3313 3180 πρὸς
3355 3107 3417 3163 τδ
3463 3105 3691 3178 Βρεντέ-

420 3202 674 3269 beretur,
718 3204 934 3261 ambire
959 3218 1073 3260 non
1098 3206 1319 3262 destitit
1354 3224 1368 3261 :
1401 3205 1498 3261 sed
1528 3207 1756 3261 tribuno
1814 3208 1973 3262 conci

2108 3229 2247 3269 σιον.
2278 3210 2390 3265 Καὶ
2413 3208 2513 3272 τάς
2542 3225 2601 3261 τε
2633 3205 2902 3277 διαθήκας
2935 3204 3030 3257 τοῦ
3060 3200 3345 3271 Καίσαρος
3374 3199 3560 3268 γνοὺς,
3592 3197 3692 3249 καὶ

418 3295 556 3351 liato
617 3294 761 3360 sibi,
822 3296 881 3351 in
937 3296 1121 3351 forum
1193 3297 1519 3368 perductus,
1578 3311 1682 3367 pro
1734 3300 1997 3354 concione

2107 3306 2181 3370 ὼς
2209 3307 2237 3359 ὁ
2264 3305 2439 3375 δῆμος
2489 3302 2850 3372 τετάρακται,
2878 3297 2939 3351 τὸ
2966 3294 3144 3365 ὄνομά
3182 3311 3243 3350 τε
3273 3293 3368 3347 τοῦ
3409 3292 3692 3362 Καίσαρος

421 3386 702 3456 promisit,
729 3402 789 3443 se
822 3388 1021 3459 legata,
1048 3389 1225 3456 patris
1272 3397 1604 3443 testamento
1634 3389 1852 3457 relicta,
1885 3395 2004 3446 sta-

422 3477 521 3532 tim
553 3478 863 3559 soluturum
899 3496 915 3537 :
953 3486 1010 3534 et
1039 3478 1277 3535 aliorum
1302 3480 1808 3537 emolumentorum
1854 3482 2006 3553 plebi

421 3583 577 3640 spem
597 3568 752 3625 fecit.
769 3568 942 3641 Cujus
958 3569 1143 3626 studia
1158 3586 1283 3627 cum
1311 3572 1418 3629 sibi
1442 3574 1799 3646 adiunxisset,
1814 3584 2006 3633 exorta

426 3663 589 3717 stella
640 3677 765 3732 quae
790 3678 822 3718 a
863 3664 1245 3735 septentrione
1278 3682 1474 3723 versus
1504 3684 1762 3724 occasum
1810 3670 2007 3726 tende-

425 3753 542 3820 bat,
569 3768 735 3823 quam
768 3754 860 3810 alii
895 3766 1169 3812 cometam
1206 3760 1491 3828 dicebant,
1544 3776 1608 3817 ea
1667 3763 2008 3833 portenden-

425 3855 562 3912 tem,
587 3862 711 3916 quae
738 3846 879 3903 solet
902 3848 957 3903 id
980 3864 1155 3919 genus
1183 3850 1613 3922 impressionum
1649 3871 1665 3909 :
1689 3854 1783 3910 alii
1805 3854 2008 3911 Caesari

424 3937 782 4005 dedicabant,
809 3940 863 3996 in
892 3941 1179 3998 stellarum
1196 3958 1489 3999 numerum
1508 3956 1733 4016 recepto
1750 3947 1965 4003 scilicet
1990 3963 2006 4002 :

426 4045 538 4083 non
574 4029 854 4086 dubitavit
886 4032 1105 4103 pridem
1160 4033 1446 4102 Octavius,
1498 4042 1615 4091 tum
1639 4038 1847 4105 Caesar,
1884 4048 2010 4109 post

427 4122 598 4175 etiam
652 4122 958 4194 Augustus,
1008 4141 1222 4182 aeneam
1284 4137 1523 4184 statuam
1572 4128 1823 4196 Caesaris,
1882 4146 2008 4186 cum

426 4213 587 4268 stella
623 4229 787 4285 supra
811 4225 1001 4288 caput,
1041 4218 1097 4273 in
1119 4218 1239 4275 uade
1270 4219 1504 4277 Veneris
1532 4220 1815 4279 dedicare.
1851 4223 2011 4290 Quod

427 4319 555 4359 cum
589 4308 777 4377 populi
809 4320 959 4364 metu
1002 4325 1166 4366 nemo
1215 4313 1562 4382 prohiberet,
1606 4315 1774 4370 etiam
1814 4317 1921 4373 alia
1953 4317 2010 4373 in

426 4395 669 4454 Caesaris
719 4400 992 4457 honorem
1024 4403 1178 4460 fecit.
1217 4405 1494 4462 Antonius
1537 4423 1692 4473 vero,
1736 4411 1829 4479 qui
1883 4425 2013 4465 eum

426 4492 782 4550 contumeliis
808 4504 865 4550 et
890 4496 1115 4567 injuriis
1139 4499 1399 4570 agitabat.
1426 4499 1588 4570 plebe
1607 4516 1753 4572 :egre
1772 4502 2008 4565 ferente.

2105 3395 2428 3468 ᾠκειώσατο
2466 3393 2564 3448 καὶ
2598 3392 2689 3446 τὸν
2757 3390 2962 3463 κλῆρον
3009 3388 3247 3455 ἐδέξατο,
3278 3387 3371 3442 καὶ
3408 3386 3517 3440 τῶν
3551 3400 3696 3455 πρα-

2106 3491 2339 3559 γμάτων
2384 3489 2580 3559 εἴχετο,
2660 3482 3125 3552 ὀκτωκαιδεκέτης
3160 3482 3256 3535 ὦ).
3311 3481 3586 3543 Εἰσιόντος
3633 3478 3697 3531 δὲ

2110 3580 2275 3637 αὐτοῦ
2303 3580 2382 3644 είς
2413 3582 2513 3651 τὴν
2544 3577 2791 3648 Ῥώμην,
2824 3571 2940 3647 ἶρις
2969 3576 3148 3629 πάντα
3177 3574 3269 3627 τὸν
3289 3572 3442 3641 ἥλιον
3467 3570 3696 3640 ποικίλη

2109 3678 2206 3731 καὶ
2240 3674 2409 3744 πολλὴ
2436 3672 2747 3743 περιέσχεν,
2780 3669 2816 3743 ἢ
2852 3668 3189 3738 προσεόήλου
3228 3672 3329 3737 τὴν
3388 3665 3697 3736 μέλλουσαν

2110 3767 2336 3822 ἔσεσθαι
2387 3763 2658 3835 ταραχήν.
2717 3759 2993 3815 Εἰσελθὼν
3050 3759 3130 3824 δὲ,
3175 3760 3535 3830 δημαρχῆσαι
3595 3758 3699 3829 μὲν

2111 3860 2474 3931 ἐπεχείρησεν
2510 3854 2648 3926 (77),
2680 3853 2794 3909 ἀλλ’
2822 3851 3075 3922 ἐκωλύθη
3103 3851 3210 3905 ὐπδ
3256 3851 3365 3905 τῶν
3424 3852 3551 3922 περὶ
3603 3849 3700 3901 τὸν

2123 3949 2432 4007 Ἀντώνιον.
2487 3947 2541 3999 '0
2579 3945 2608 3999 δ
2661 3945 2762 4016 οὐχ
2812 3943 3109 4016 ἡσύχασεν,
3131 3941 3268 4010 ἀλλὰ
3300 3941 3390 3996 τὸν
3415 3942 3701 4012 δήμαρχον

2113 4043 2362 4099 ὑπελθὼν
2390 4041 2486 4095 καὶ
2516 4038 2649 4108 παρ’
2673 4037 2838 4093 αὑτοῦ
2869 4038 2927 4101 ἐς
2956 4036 3047 4090 τὸν
3069 4035 3242 4106 δῆμον
3274 4033 3547 4106 εἰσαχθεὶς
3580 4033 3704 4103 ἐδη-

2115 4140 2424 4213 μηγόρησε,
2462 4136 2561 4190 καὶ
2594 4132 2692 4204 τὴν
2726 4129 3189 4198 καταλειφθεῖσαν
3230 4127 3337 4181 ὑπὸ
3365 4127 3459 4180 τοῦ
3489 4126 3704 4181 Καίσα-

2114 4247 2208 4303 ρος
2233 4228 2443 4300 δωρεὰν
2473 4225 2636 4287 εὐθὺς
2665 4224 2904 4276 ἐκτίσειν
2936 4220 3224 4290 ὑπέσχετο,
3246 4217 3423 4273 ἄλλων
3443 4218 3503 4271 τέ
3537 4234 3700 4271 τινων

2113 4325 2296 4386 αὐτοῖς
2337 4321 2559 4386 ἐλπίδας
2593 4320 2866 4374 ὑπέτεινε.
2901 4315 3013 4369 Καὶ
3043 4314 3186 4367 οὕτω
3219 4313 3310 4366 τὸν
3338 4311 3511 4382 δῆμον
3546 4309 3704 4380 ἐφελ-

2114 4418 2444 4487 κυσάμενος,
2476 4416 2602 4469 ἐπεί
2637 4431 2722 4477 τις
2755 4412 2931 4483 ἀστὴρ
2986 4409 3109 4464 τότε
3162 4408 3339 4478 ἐφάνη
3376 4408 3437 4472 ἐξ
3494 4406 3700 4477 ἄρκτου

2118 4507 2255 4578 πρὸς
2310 4507 2577 4577 ἑσπέραν,
2608 4504 2668 4557 ὃν
2711 4505 2760 4557 oi
2794 4502 2895 4573 μὲν
2960 4501 3210 4571 κομήτην
3254 4499 3462 4567 ἔλεγον,
3498 4514 3708 4567 προση-

429 4598 498 4637 ac
563 4600 706 4654 pene
749 4589 1011 4644 omnibus
1074 4568 1517 4661 indignantibus,
1574 4568 1681 4649 sibi
1735 4602 1990 4649 metuens

2126 4568 2387 4672 μαίνοντα
2419 4568 2512 4653 aid
2559 4568 2662 4651 που
2693 4568 2908 4661 εἴωθεν,
2947 4595 2995 4646 oi
3024 4568 3193 4662 bis-ei?)
3255 4592 3493 4662 Καίσαρι
3544 4591 3707 4643 αὑτὸν

430 4689 560 4729 cum
595 4692 663 4732 eo
695 4679 1010 4737 collocutus
1037 4693 1123 4738 est
1155 4701 1169 4738 :
1212 4693 1271 4739 et
1314 4700 1441 4741 cum
1477 4687 1819 4743 reconciliati
1860 4689 2017 4744 vide-

431 4778 647 4834 rentur,
673 4787 741 4827 ex
772 4776 1087 4844 suspicione
1111 4778 1347 4847 quadam
1382 4780 1686 4837 inimicitiae
1716 4782 2018 4838 recrudue-

435 4873 587 4917 runt.
620 4864 689 4919 Et
722 4866 855 4936 quia
885 4866 1125 4925 Caesaris
1150 4885 1284 4939 opes
1316 4885 1570 4929 crescere
1598 4873 1842 4938 videbat,
1871 4875 2016 4929 mul-

438 4955 737 5011 titudinem
792 4959 1182 5030 largitionibus
1214 4972 1270 5017 et
1293 4964 1580 5034 obsequiis
1609 4966 1677 5020 ad
1701 4981 1761 5021 se
1793 4967 2018 5022 allicere

434 5046 653 5101 studuit
681 5064 695 5102 :
726 5049 893 5119 idque
926 5050 1088 5107 facile
1114 5065 1530 5111 consecuturus
1555 5057 1868 5123 videbatur,
1897 5073 2021 5113 cum

435 5140 555 5210 ipse
580 5140 795 5206 consul,
829 5140 1005 5197 frater
1034 5143 1239 5200 Lucius
1279 5146 1544 5202 tribunus
1600 5149 1801 5218 plebis,
1848 5148 2015 5206 Caius

2123 4690 2462 4756 ἀνετίθεσαν,
2494 4689 2569 4753 ὡς
2599 4691 2658 4752 ἐς
2696 4687 2757 4741 τὸ
2789 4687 2897 4741 τῶν
2928 4687 3174 4755 ἀστέρων
3201 4683 3435 4755 ἀριθμὸν
3459 4685 3710 4751 ἐγκατει-

2123 4784 2400 4855 λεγμένῳ,
2429 4782 2708 4854 θαρσήσας
2732 4782 2760 4834 ὁ
2794 4780 2989 4864 πρώην
3026 4778 3125 4848 μὲν
3178 4776 3486 4843 Ὀκτάϐιος,
3522 4774 3621 4846 ἤδη
3650 4774 3708 4827 δὲ

2123 4880 2334 4949 Καῖσαρ
2360 4875 2603 4946 κληθεὶς,
2635 4874 2775 4946 μετά
2801 4872 2973 4927 ταῦτα
3007 4871 3194 4940 μέντοι
3237 4870 3332 4923 καὶ
3369 4868 3704 4936 Αὐγοῦστος,

2125 4968 2361 5041 χάλκεον
2388 4964 2682 5036 ἀνδριάντα
2716 4963 2811 5017 τοῦ
2845 4962 3147 5031 Καίσαρος,
3200 4960 3411 5030 ἀστέρα
3469 4955 3709 5028 φέροντα

2124 5060 2264 5131 ὑῖέἐρ
2307 5058 2572 5129 κεφαλῆς,
2616 5059 2697 5121 είς
2727 5056 2788 5109 τὸ
2825 5054 3172 5126 Ἀφροδίσιον
3218 5052 3467 5123 ἔστησεν.
3534 5050 3620 5112 Ὠς
3652 5049 3709 5101 δὲ

2127 5150 2261 5224 παρ’
2286 5149 2501 5215 οὐδενὸς
2541 5147 2700 5202 τοῦτο
2731 5144 3030 5213 κεκώλυτο,
3073 5143 3225 5216 φόϐῳ
3249 5142 3347 5197 τοῦ
3380 5141 3580 5212 δήμου,
3612 5146 3712 5192 καὶ

1660 5305 1856 5367 Variae
1902 5308 2208 5373 lectiones
2248 5315 2311 5370 et
2349 5313 2542 5369 noue.

510 5449 621 5524 (3-5)
655 5452 973 5518 φίλουλος,
1003 5452 1119 5509 nuo
1157 5452 1313 5524 Regii
1346 5461 1410 5524 et
1435 5453 1685 5510 Colbcrt.
1735 5454 2016 5520 Φίϐουλοςρ

511 5520 823 5592 (7.6)ψΠαρὰ
853 5523 960 5578 τοῦ
983 5525 1118 5589 Διὸς
1144 5520 1598 5592 μαόντιζόμενον.
1630 5525 1721 5581 Sic
1746 5525 1838 5580 ubi
1863 5527 2020 5581 Wol-

436 5587 543 5643 ﬁus
575 5609 589 5642 :
617 5587 899 5647 Suetonius
931 5587 1153 5667 puerum
1188 5596 1324 5667 facie
1355 5587 1564 5667 liberali
1585 5595 1869 5650 demissum
1895 5596 2023 5651 cazlo

433 5669 627 5736 catena
662 5678 853 5736 aureo,
909 5665 981 5718 ad
1030 5664 1471 5736 fores'Cepitolii
1526 5667 1842 5729 constitisse,
1876 5667 2024 5733 eique

432 5727 621 5781 Jovem
638 5732 921 5807 ﬂagellum
942 5727 1229 5807 tradidisse
1258 5727 1423 5789 :iu'nc
1456 5737 1695 5807 suspicor
1744 5727 2023 5807 legendum

2196 5456 2310 5525 ('77)
2341 5454 2731 5523 Δημαρχῆσαε
2753 5453 2879 5525 μὲν
2898 5454 3317 5525 ἐπεχειρησεν.
3353 5451 3467 5525 lta_
3491 5465 3623 5525 mss.
3654 5460 3713 5505 at

2122 5522 2357 5581 Wbllius
2381 5522 2673 5594 legendum
2701 5524 2963 5579 censebat
2994 5522 3404 5595 δημηγορῆσαι.
3439 5522 3712 5595 Sequitur

2122 5598 2272 5651 enim
2301 5611 2316 5647 :
2342 5598 2421 5657 εἰς
2452 5597 2541 5647 τὸν
2563 5596 2733 5664 δῆμον
2757 5594 3034 5664 εἰσαχθεὶς
3070 5594 3453 5664 ἐδημηγόρησε
3477 5611 3557 5652 τε.
3594 5601 3710 5664 etc.

2127 5666 2309 5733 Quare
2343 5680 2442 5735 pro
2467 5664 2553 5719 bis
2578 5662 2806 5735 verbis:
2839 5662 3188 5717 Tribunatum
3239 5662 3441 5717 ambire
3487 5678 3592 5735 non
3621 5662 3716 5713 de-

2128 5742 2284 5799 stitit,
2316 5735 2664 5797 vertendum,
2690 5734 3164 5804 urbemingressus,
3191 5736 3489 5788 concionem
3518 5734 3589 5785 ad
3620 5746 3718 5804 po-

439 5812 545 5887 ξομ
560 5803 984 5887 μαστιςόμενονι,
1025 5805 1123 5886 sed.
1161 5805 1405 5887 μάηστιγα
1430 5803 1904 5880 ἐγχειριζόμενον,
1924 5808 1997 5864 nit

2129 5805 2563 5887 p‘uiumjmbere.
2584 5805 2811 5858 instituit
2833 5821 2851 5858 :
2882 5803 3076 5887 neque
3106 5804 3327 5887 destitit,
3375 5807 3614 5887 quorum
3636 5803 3716 5887 Aab

436 5864 579 5929 forte
606 5864 888 5939 μαστίζειν
920 5874 1055 5929 idem
1077 5864 1356 5947 signiﬁcet;

2132 5874 2363 5932 Antonio
2390 5874 2775 5945 prohiberetur,
2801 5876 2892 5929 sed
2922 5874 3131 5931 tribuno
3165 5877 3260 5931 sibi
3282 5874 3718 5939 conciliato,ctC.
