  <div class='ocr_page' id='page_1' title='image "/cluster/home/n/w/nwhite01/storage/ocr_20150623/134:no.1/coo.31924054870393/428.png"; bbox 0 0 4024 6410; ppageno 0'>
   <div class='ocr_carea' id='block_1_1' title="bbox 357 379 459 445">
    <p class='ocr_par' dir='ltr' id='par_1_1' title="bbox 357 379 459 445">
     <span class='ocr_line' id='line_1_1' title="bbox 357 379 459 445; baseline 0.02 -2"><span class='ocrx_word' id='word_1_1' title='bbox 357 379 459 445; x_wconf 70' lang='grc'>841</span> 
     </span>
    </p>
   </div>
   <div class='ocr_carea' id='block_1_2' title="bbox 1638 383 2350 447">
    <p class='ocr_par' dir='ltr' id='par_1_2' title="bbox 1638 383 2350 447">
     <span class='ocr_line' id='line_1_2' title="bbox 1638 383 2350 447; baseline 0.007 -5"><span class='ocrx_word' id='word_1_2' title='bbox 1638 383 1839 443; x_wconf 80' lang='lat' dir='ltr'><strong>ANNA</strong></span> <span class='ocrx_word' id='word_1_3' title='bbox 1855 384 2048 443; x_wconf 83' lang='lat' dir='ltr'><strong>[.lUM</strong></span> <span class='ocrx_word' id='word_1_4' title='bbox 2084 386 2230 446; x_wconf 80' lang='lat' dir='ltr'><strong>LIB.</strong></span> <span class='ocrx_word' id='word_1_5' title='bbox 2278 387 2350 447; x_wconf 89' lang='lat' dir='ltr'><strong>X.</strong></span> 
     </span>
    </p>
   </div>
   <div class='ocr_carea' id='block_1_3' title="bbox 3520 403 3631 464">
    <p class='ocr_par' dir='ltr' id='par_1_3' title="bbox 3520 403 3631 464">
     <span class='ocr_line' id='line_1_3' title="bbox 3520 403 3631 464; baseline 0 0"><span class='ocrx_word' id='word_1_6' title='bbox 3520 403 3631 464; x_wconf 75' lang='lat' dir='ltr'><strong>8-i2</strong></span> 
     </span>
    </p>
   </div>
   <div class='ocr_carea' id='block_1_4' title="bbox 359 490 1919 581">
    <p class='ocr_par' dir='ltr' id='par_1_4' title="bbox 359 490 1909 566">
     <span class='ocr_line' id='line_1_4' title="bbox 359 490 1909 566; baseline -0.004 -18"><span class='ocrx_word' id='word_1_7' title='bbox 359 494 499 550; x_wconf 80' lang='grc' dir='ltr'>ἄλλα</span> <span class='ocrx_word' id='word_1_8' title='bbox 529 494 654 549; x_wconf 79' lang='grc' dir='ltr'>τινὰ</span> <span class='ocrx_word' id='word_1_9' title='bbox 685 496 765 559; x_wconf 80' lang='grc' dir='ltr'>εἰς</span> <span class='ocrx_word' id='word_1_10' title='bbox 791 495 956 566; x_wconf 74' lang='grc' dir='ltr'>τιμὴν</span> <span class='ocrx_word' id='word_1_11' title='bbox 988 493 1084 548; x_wconf 79' lang='grc' dir='ltr'>τοῦ</span> <span class='ocrx_word' id='word_1_12' title='bbox 1109 493 1388 563; x_wconf 79' lang='grc' dir='ltr'>Καίσαρος</span> <span class='ocrx_word' id='word_1_13' title='bbox 1423 490 1774 561; x_wconf 72' lang='grc' dir='ltr'>διεπράξατο.</span> <span class='ocrx_word' id='word_1_14' title='bbox 1817 490 1909 545; x_wconf 79' lang='grc' dir='ltr'>Ἀν</span> 
     </span>
    </p>
   </div>
   <div class='ocr_carea' id='block_1_5' title="bbox 2019 490 3633 581">
    <p class='ocr_par' dir='ltr' id='par_1_5' title="bbox 2053 496 3633 581">
     <span class='ocr_line' id='line_1_5' title="bbox 2053 496 3633 581; baseline 0.015 -37"><span class='ocrx_word' id='word_1_15' title='bbox 2053 506 2184 545; x_wconf 87' lang='lat' dir='ltr'><strong>vero</strong></span> <span class='ocrx_word' id='word_1_16' title='bbox 2216 503 2421 562; x_wconf 79' lang='lat' dir='ltr'><strong>praetor</strong></span> <span class='ocrx_word' id='word_1_17' title='bbox 2444 509 2612 553; x_wconf 88' lang='lat' dir='ltr'><strong>esset.</strong></span> <span class='ocrx_word' id='word_1_18' title='bbox 2640 496 2697 552; x_wconf 84' lang='lat' dir='ltr'>in</span> <span class='ocrx_word' id='word_1_19' title='bbox 2731 508 2882 581; x_wconf 81' lang='lat' dir='ltr'><strong>tanto</strong></span> <span class='ocrx_word' id='word_1_20' title='bbox 2912 518 3094 581; x_wconf 81' lang='lat' dir='ltr'><strong>rerum</strong></span> <span class='ocrx_word' id='word_1_21' title='bbox 3126 510 3299 573; x_wconf 85' lang='lat' dir='ltr'><strong>moui,</strong></span> <span class='ocrx_word' id='word_1_22' title='bbox 3325 520 3380 564; x_wconf 89' lang='lat' dir='ltr'>et</span> <span class='ocrx_word' id='word_1_23' title='bbox 3407 509 3633 567; x_wconf 76' lang='lat' dir='ltr'>Antonii</span> 
     </span>
    </p>
   </div>
   <div class='ocr_carea' id='block_1_6' title="bbox 358 582 1948 656">
    <p class='ocr_par' dir='ltr' id='par_1_6' title="bbox 358 582 1948 656">
     <span class='ocr_line' id='line_1_6' title="bbox 358 582 1948 656; baseline -0.004 -17"><span class='ocrx_word' id='word_1_24' title='bbox 358 583 550 649; x_wconf 80' lang='grc' dir='ltr'>τώνιος</span> <span class='ocrx_word' id='word_1_25' title='bbox 579 587 638 640; x_wconf 85' lang='grc' dir='ltr'>δέ</span> <span class='ocrx_word' id='word_1_26' title='bbox 662 587 756 642; x_wconf 74' lang='grc' dir='ltr'>τὸν</span> <span class='ocrx_word' id='word_1_27' title='bbox 785 590 909 641; x_wconf 82' lang='grc' dir='ltr'>νέον</span> <span class='ocrx_word' id='word_1_28' title='bbox 944 588 1202 656; x_wconf 85' lang='grc' dir='ltr'>Καίσαρα</span> <span class='ocrx_word' id='word_1_29' title='bbox 1256 586 1449 638; x_wconf 83' lang='grc' dir='ltr'>τοῦτον</span> <span class='ocrx_word' id='word_1_30' title='bbox 1498 582 1828 654; x_wconf 77' lang='grc' dir='ltr'>περιύϐριζέ</span> <span class='ocrx_word' id='word_1_31' title='bbox 1888 599 1948 634; x_wconf 88' lang='grc' dir='ltr'>τε</span> 
     </span>
    </p>
   </div>
   <div class='ocr_carea' id='block_1_7' title="bbox 362 673 1948 749">
    <p class='ocr_par' dir='ltr' id='par_1_7' title="bbox 362 673 1948 749">
     <span class='ocr_line' id='line_1_7' title="bbox 362 673 1948 749; baseline -0.001 -22"><span class='ocrx_word' id='word_1_32' title='bbox 362 675 458 728; x_wconf 78' lang='grc' dir='ltr'>καὶ</span> <span class='ocrx_word' id='word_1_33' title='bbox 499 676 702 730; x_wconf 84' lang='grc' dir='ltr'>ἀδικῶν</span> <span class='ocrx_word' id='word_1_34' title='bbox 731 673 821 749; x_wconf 79' lang='grc' dir='ltr'>ἦν,</span> <span class='ocrx_word' id='word_1_35' title='bbox 848 679 917 731; x_wconf 87' lang='grc' dir='ltr'>δι’</span> <span class='ocrx_word' id='word_1_36' title='bbox 945 679 981 733; x_wconf 84' lang='grc' dir='ltr'>ἂ</span> <span class='ocrx_word' id='word_1_37' title='bbox 1022 678 1155 732; x_wconf 84' lang='grc' dir='ltr'>ποτὲ</span> <span class='ocrx_word' id='word_1_38' title='bbox 1191 676 1356 748; x_wconf 82' lang='grc' dir='ltr'>θροῦς</span> <span class='ocrx_word' id='word_1_39' title='bbox 1385 677 1524 748; x_wconf 74' lang='grc' dir='ltr'>πρὸς</span> <span class='ocrx_word' id='word_1_40' title='bbox 1554 675 1650 729; x_wconf 77' lang='grc' dir='ltr'>τοῦ</span> <span class='ocrx_word' id='word_1_41' title='bbox 1707 674 1948 746; x_wconf 77' lang='grc' dir='ltr'>πλήθους</span> 
     </span>
    </p>
   </div>
   <div class='ocr_carea' id='block_1_8' title="bbox 360 764 1945 837">
    <p class='ocr_par' dir='ltr' id='par_1_8' title="bbox 360 764 1945 837">
     <span class='ocr_line' id='line_1_8' title="bbox 360 764 1945 837; baseline 0.003 -23"><span class='ocrx_word' id='word_1_42' title='bbox 360 764 600 832; x_wconf 81' lang='grc' dir='ltr'>ἐγένετο,</span> <span class='ocrx_word' id='word_1_43' title='bbox 634 768 731 822; x_wconf 71' lang='grc' dir='ltr'>καὶ</span> <span class='ocrx_word' id='word_1_44' title='bbox 785 768 987 837; x_wconf 83' lang='grc' dir='ltr'>σφόδρα</span> <span class='ocrx_word' id='word_1_45' title='bbox 1023 770 1226 830; x_wconf 82' lang='grc' dir='ltr'>πάντες</span> <span class='ocrx_word' id='word_1_46' title='bbox 1276 766 1462 837; x_wconf 78' lang='grc' dir='ltr'>σχεδὸν</span> <span class='ocrx_word' id='word_1_47' title='bbox 1519 765 1945 836; x_wconf 63' lang='grc' dir='ltr'>ἠγανάκτησαν.</span> 
     </span>
    </p>
   </div>
   <div class='ocr_carea' id='block_1_9' title="bbox 359 853 1934 928">
    <p class='ocr_par' dir='ltr' id='par_1_9' title="bbox 359 853 1934 928">
     <span class='ocr_line' id='line_1_9' title="bbox 359 853 1934 928; baseline 0.001 -21"><span class='ocrx_word' id='word_1_48' title='bbox 359 854 628 925; x_wconf 71' lang='grc' dir='ltr'>Φοϐηθεὶς</span> <span class='ocrx_word' id='word_1_49' title='bbox 653 859 746 912; x_wconf 74' lang='grc' dir='ltr'>οὖν</span> <span class='ocrx_word' id='word_1_50' title='bbox 774 862 802 912; x_wconf 86' lang='lat'>6</span> <span class='ocrx_word' id='word_1_51' title='bbox 833 854 1140 922; x_wconf 77' lang='grc' dir='ltr'>Ἀντώνιος,</span> <span class='ocrx_word' id='word_1_52' title='bbox 1200 858 1282 922; x_wconf 82' lang='grc' dir='ltr'>είς</span> <span class='ocrx_word' id='word_1_53' title='bbox 1331 858 1524 925; x_wconf 78' lang='grc' dir='ltr'>λόγους</span> <span class='ocrx_word' id='word_1_54' title='bbox 1569 853 1732 928; x_wconf 82' lang='grc' dir='ltr'>ἦλθεν</span> <span class='ocrx_word' id='word_1_55' title='bbox 1767 856 1934 925; x_wconf 76' lang='grc' dir='ltr'>αύτῷ,</span> 
     </span>
    </p>
   </div>
   <div class='ocr_carea' id='block_1_10' title="bbox 361 946 1946 1020">
    <p class='ocr_par' dir='ltr' id='par_1_10' title="bbox 361 946 1946 1020">
     <span class='ocr_line' id='line_1_10' title="bbox 361 946 1946 1020; baseline 0.001 -20"><span class='ocrx_word' id='word_1_56' title='bbox 361 948 455 1001; x_wconf 76' lang='grc' dir='ltr'>καὶ</span> <span class='ocrx_word' id='word_1_57' title='bbox 521 948 713 1013; x_wconf 76' lang='grc' dir='ltr'>ἔδοξαν</span> <span class='ocrx_word' id='word_1_58' title='bbox 774 950 1167 1020; x_wconf 80' lang='grc' dir='ltr'>κατηλλάχθαι,</span> <span class='ocrx_word' id='word_1_59' title='bbox 1221 949 1338 1003; x_wconf 84' lang='grc' dir='ltr'>ἀλλ’</span> <span class='ocrx_word' id='word_1_60' title='bbox 1379 948 1537 1012; x_wconf 80' lang='grc' dir='ltr'>αὖθις</span> <span class='ocrx_word' id='word_1_61' title='bbox 1596 948 1658 1012; x_wconf 64' lang='grc' dir='ltr'>ἒξ</span> <span class='ocrx_word' id='word_1_62' title='bbox 1708 946 1946 1017; x_wconf 71' lang='grc' dir='ltr'>ὑποψίας</span> 
     </span>
    </p>
   </div>
   <div class='ocr_carea' id='block_1_11' title="bbox 2051 593 3635 672">
    <p class='ocr_par' dir='ltr' id='par_1_11' title="bbox 2051 593 3635 672">
     <span class='ocr_line' id='line_1_11' title="bbox 2051 593 3635 672; baseline 0.015 -34"><span class='ocrx_word' id='word_1_63' title='bbox 2051 598 2264 639; x_wconf 74' lang='lat' dir='ltr'><strong>Summa</strong></span> <span class='ocrx_word' id='word_1_64' title='bbox 2290 597 2518 657; x_wconf 87' lang='lat' dir='ltr'><strong>propter</strong></span> <span class='ocrx_word' id='word_1_65' title='bbox 2542 593 2893 647; x_wconf 63' lang='lat' dir='ltr'><strong>consulatum</strong></span> <span class='ocrx_word' id='word_1_66' title='bbox 2946 599 3220 666; x_wconf 88' lang='lat' dir='ltr'><strong>potentia,</strong></span> <span class='ocrx_word' id='word_1_67' title='bbox 3278 605 3517 672; x_wconf 84' lang='lat' dir='ltr'><strong>pepnlus</strong></span> <span class='ocrx_word' id='word_1_68' title='bbox 3549 615 3635 659; x_wconf 88' lang='lat' dir='ltr'><strong>ta-</strong></span> 
     </span>
    </p>
   </div>
   <div class='ocr_carea' id='block_1_12' title="bbox 2054 670 3632 765">
    <p class='ocr_par' dir='ltr' id='par_1_12' title="bbox 2054 670 3632 765">
     <span class='ocr_line' id='line_1_12' title="bbox 2054 670 3632 765; baseline 0.015 -36"><span class='ocrx_word' id='word_1_69' title='bbox 2054 691 2181 731; x_wconf 86' lang='lat' dir='ltr'>men</span> <span class='ocrx_word' id='word_1_70' title='bbox 2212 670 2413 733; x_wconf 64' lang='lat' dir='ltr'><strong>Caesari</strong></span> <span class='ocrx_word' id='word_1_71' title='bbox 2447 681 2685 737; x_wconf 77' lang='lat' dir='ltr'><strong>maxime</strong></span> <span class='ocrx_word' id='word_1_72' title='bbox 2719 675 2961 753; x_wconf 73' lang='lat' dir='ltr'><strong>studuit,</strong></span> <span class='ocrx_word' id='word_1_73' title='bbox 2991 705 3116 744; x_wconf 87' lang='lat' dir='ltr'>cum</span> <span class='ocrx_word' id='word_1_74' title='bbox 3180 704 3410 763; x_wconf 78' lang='lat' dir='ltr'>propter</span> <span class='ocrx_word' id='word_1_75' title='bbox 3457 696 3632 765; x_wconf 77' lang='lat' dir='ltr'>patris</span> 
     </span>
    </p>
   </div>
   <div class='ocr_carea' id='block_1_13' title="bbox 2054 766 3631 850">
    <p class='ocr_par' dir='ltr' id='par_1_13' title="bbox 2054 766 3631 850">
     <span class='ocr_line' id='line_1_13' title="bbox 2054 766 3631 850; baseline 0.018 -35"><span class='ocrx_word' id='word_1_76' title='bbox 2054 766 2405 831; x_wconf 72' lang='lat' dir='ltr'><strong>mermoriam,</strong></span> <span class='ocrx_word' id='word_1_77' title='bbox 2435 779 2550 822; x_wconf 90' lang='lat' dir='ltr'>tum</span> <span class='ocrx_word' id='word_1_78' title='bbox 2580 773 2650 825; x_wconf 92' lang='lat' dir='ltr'>ob</span> <span class='ocrx_word' id='word_1_79' title='bbox 2679 772 2853 847; x_wconf 87' lang='lat' dir='ltr'><strong>ipsius</strong></span> <span class='ocrx_word' id='word_1_80' title='bbox 2904 778 3371 850; x_wconf 79' lang='lat' dir='ltr'>pollicitationes;</span> <span class='ocrx_word' id='word_1_81' title='bbox 3429 786 3524 840; x_wconf 87' lang='lat' dir='ltr'>sed</span> <span class='ocrx_word' id='word_1_82' title='bbox 3559 789 3631 843; x_wconf 92' lang='lat' dir='ltr'>ob</span> 
     </span>
    </p>
   </div>
   <div class='ocr_carea' id='block_1_14' title="bbox 2052 853 3631 948">
    <p class='ocr_par' dir='ltr' id='par_1_14' title="bbox 2052 853 3631 948">
     <span class='ocr_line' id='line_1_14' title="bbox 2052 853 3631 948; baseline 0.017 -41"><span class='ocrx_word' id='word_1_83' title='bbox 2052 853 2188 909; x_wconf 88' lang='lat' dir='ltr'><strong>illud</strong></span> <span class='ocrx_word' id='word_1_84' title='bbox 2222 856 2276 911; x_wconf 92' lang='lat' dir='ltr'>in</span> <span class='ocrx_word' id='word_1_85' title='bbox 2309 859 2526 927; x_wconf 88' lang='lat' dir='ltr'><strong>primis,</strong></span> <span class='ocrx_word' id='word_1_86' title='bbox 2555 872 2617 916; x_wconf 89' lang='lat' dir='ltr'>ut</span> <span class='ocrx_word' id='word_1_87' title='bbox 2643 864 2975 945; x_wconf 52' lang='lat' dir='ltr'><strong>Antonium,</strong></span> <span class='ocrx_word' id='word_1_88' title='bbox 3007 873 3168 943; x_wconf 86' lang='lat' dir='ltr'>cujus</span> <span class='ocrx_word' id='word_1_89' title='bbox 3202 876 3350 931; x_wconf 89' lang='lat' dir='ltr'><strong>vires</strong></span> <span class='ocrx_word' id='word_1_90' title='bbox 3375 892 3520 948; x_wconf 75' lang='lat' dir='ltr'><strong>:egre</strong></span> <span class='ocrx_word' id='word_1_91' title='bbox 3549 878 3631 934; x_wconf 82' lang='lat' dir='ltr'><strong>fe-</strong></span> 
     </span>
    </p>
   </div>
   <div class='ocr_carea' id='block_1_15' title="bbox 2051 935 2949 1025">
    <p class='ocr_par' dir='ltr' id='par_1_15' title="bbox 2051 935 2949 1025">
     <span class='ocr_line' id='line_1_15' title="bbox 2051 935 2949 1025; baseline 0.013 -25"><span class='ocrx_word' id='word_1_92' title='bbox 2051 947 2270 1011; x_wconf 86' lang='lat' dir='ltr'><strong>rebant,</strong></span> <span class='ocrx_word' id='word_1_93' title='bbox 2302 963 2637 1025; x_wconf 75' lang='lat' dir='ltr'><strong>premerent.</strong></span> <span class='ocrx_word' id='word_1_94' title='bbox 2672 935 2685 945; x_wconf 58' lang='grc'><strong>’</strong></span> <span class='ocrx_word' id='word_1_95' title='bbox 2946 952 2949 953; x_wconf 18' lang='grc' dir='ltr'><em>ν</em></span> 
     </span>
    </p>
   </div>
   <div class='ocr_carea' id='block_1_16' title="bbox 358 1036 3622 1141">
    <p class='ocr_par' dir='ltr' id='par_1_16' title="bbox 358 1036 3622 1141">
     <span class='ocr_line' id='line_1_16' title="bbox 358 1036 3622 1141; baseline 0.008 -48"><span class='ocrx_word' id='word_1_96' title='bbox 358 1041 506 1104; x_wconf 79' lang='grc' dir='ltr'>τινὸς</span> <span class='ocrx_word' id='word_1_97' title='bbox 539 1042 926 1114; x_wconf 80' lang='grc' dir='ltr'>διηνέχθησαν.</span> <span class='ocrx_word' id='word_1_98' title='bbox 974 1036 1147 1114; x_wconf 83' lang='grc' dir='ltr'>Ὀρῶν</span> <span class='ocrx_word' id='word_1_99' title='bbox 1175 1042 1269 1096; x_wconf 78' lang='grc' dir='ltr'>οὖν</span> <span class='ocrx_word' id='word_1_100' title='bbox 1292 1044 1319 1096; x_wconf 88' lang='grc' dir='ltr'>ὁ</span> <span class='ocrx_word' id='word_1_101' title='bbox 1365 1043 1656 1105; x_wconf 85' lang='grc' dir='ltr'>Ἀντώνιος</span> <span class='ocrx_word' id='word_1_102' title='bbox 1728 1040 1821 1094; x_wconf 77' lang='grc' dir='ltr'>τὸν</span> <span class='ocrx_word' id='word_1_103' title='bbox 1883 1039 2143 1108; x_wconf 78' lang='grc' dir='ltr'>Καίσαρα</span> <span class='ocrx_word' id='word_1_104' title='bbox 2206 1041 2595 1127; x_wconf 75' lang='grc' dir='ltr'>αὐξανόμενον,</span> <span class='ocrx_word' id='word_1_105' title='bbox 2624 1050 2986 1141; x_wconf 44' lang='grc' dir='ltr'>ἐπεχείρησεν</span> <span class='ocrx_word' id='word_1_106' title='bbox 3052 1058 3131 1119; x_wconf 84' lang='grc' dir='ltr'>εἰς</span> <span class='ocrx_word' id='word_1_107' title='bbox 3168 1060 3361 1113; x_wconf 67' lang='grc' dir='ltr'>ἐαυτσν</span> <span class='ocrx_word' id='word_1_108' title='bbox 3394 1062 3483 1115; x_wconf 72' lang='grc' dir='ltr'>τὸν</span> <span class='ocrx_word' id='word_1_109' title='bbox 3508 1065 3622 1134; x_wconf 80' lang='grc' dir='ltr'>ὅμι-</span> 
     </span>
    </p>
   </div>
   <div class='ocr_carea' id='block_1_17' title="bbox 356 1113 3632 1229">
    <p class='ocr_par' dir='ltr' id='par_1_17' title="bbox 356 1113 3632 1229">
     <span class='ocr_line' id='line_1_17' title="bbox 2588 1113 3600 1134; baseline 0.011 -7"><span class='ocrx_word' id='word_1_110' title='bbox 2588 1122 2591 1127; x_wconf 46' lang='grc' dir='ltr'><strong><em>λ</em></strong></span> <span class='ocrx_word' id='word_1_111' title='bbox 2728 1113 2738 1119; x_wconf 85' lang='grc'><strong>-</strong></span> <span class='ocrx_word' id='word_1_112' title='bbox 2818 1113 2827 1131; x_wconf 66' lang='grc' dir='ltr'><strong><em>τ</em></strong></span> <span class='ocrx_word' id='word_1_113' title='bbox 2874 1113 2884 1123; x_wconf 97' lang='grc'><strong>-</strong></span> <span class='ocrx_word' id='word_1_114' title='bbox 3111 1113 3126 1119; x_wconf 72' lang='grc' dir='ltr'>ν</span> <span class='ocrx_word' id='word_1_115' title='bbox 3513 1113 3600 1134; x_wconf 78' lang='grc' dir='ltr'><strong><em>-ι--·</em></strong></span> 
     </span>
     <span class='ocr_line' id='line_1_18' title="bbox 356 1113 3632 1229; baseline 0.012 -60"><span class='ocrx_word' id='word_1_116' title='bbox 356 1133 447 1186; x_wconf 81' lang='grc' dir='ltr'>λον</span> <span class='ocrx_word' id='word_1_117' title='bbox 471 1113 1044 1203; x_wconf 46' lang='grc' dir='ltr'>ἐπίσπάξασθαινζτινά</span> <span class='ocrx_word' id='word_1_118' title='bbox 1065 1138 1252 1200; x_wconf 71' lang='grc' dir='ltr'>αὐτοῖς</span> <span class='ocrx_word' id='word_1_119' title='bbox 1272 1135 1654 1207; x_wconf 72' lang='grc' dir='ltr'>χαριζόμενος.</span> <span class='ocrx_word' id='word_1_120' title='bbox 1692 1133 1952 1189; x_wconf 85' lang='grc' dir='ltr'>Ἦδύνατο</span> <span class='ocrx_word' id='word_1_121' title='bbox 1990 1133 2101 1204; x_wconf 84' lang='grc' dir='ltr'>γὰρ</span> <span class='ocrx_word' id='word_1_122' title='bbox 2165 1134 2327 1216; x_wconf 79' lang='grc' dir='ltr'>αὑτὸς</span> <span class='ocrx_word' id='word_1_123' title='bbox 2360 1137 2671 1203; x_wconf 80' lang='grc' dir='ltr'>ὑπατεύων,</span> <span class='ocrx_word' id='word_1_124' title='bbox 2737 1113 2971 1221; x_wconf 77' lang='grc' dir='ltr'>θατέρου</span> <span class='ocrx_word' id='word_1_125' title='bbox 3014 1149 3125 1225; x_wconf 81' lang='grc' dir='ltr'>τῶν</span> <span class='ocrx_word' id='word_1_126' title='bbox 3176 1151 3427 1229; x_wconf 81' lang='grc' dir='ltr'>ἀδελφῶν</span> <span class='ocrx_word' id='word_1_127' title='bbox 3467 1156 3632 1209; x_wconf 80' lang='grc' dir='ltr'>αύιοῦ</span> 
     </span>
    </p>
   </div>
   <div class='ocr_carea' id='block_1_18' title="bbox 354 1224 3633 1319">
    <p class='ocr_par' dir='ltr' id='par_1_18' title="bbox 354 1224 3633 1319">
     <span class='ocr_line' id='line_1_19' title="bbox 354 1224 3633 1319; baseline 0.008 -45"><span class='ocrx_word' id='word_1_128' title='bbox 354 1224 791 1319; x_wconf 51' lang='grc' dir='ltr'>δημαρχούντος,</span> <span class='ocrx_word' id='word_1_129' title='bbox 811 1229 905 1283; x_wconf 82' lang='grc' dir='ltr'>τοῦ</span> <span class='ocrx_word' id='word_1_130' title='bbox 937 1229 1170 1283; x_wconf 70' lang='grc' dir='ltr'>Λουκίου</span> <span class='ocrx_word' id='word_1_131' title='bbox 1201 1228 1425 1300; x_wconf 82' lang='grc' dir='ltr'>δηλαδὴ,</span> <span class='ocrx_word' id='word_1_132' title='bbox 1460 1228 1555 1280; x_wconf 82' lang='grc' dir='ltr'>τοῦ</span> <span class='ocrx_word' id='word_1_133' title='bbox 1577 1226 1635 1280; x_wconf 85' lang='grc' dir='ltr'>δέ</span> <span class='ocrx_word' id='word_1_134' title='bbox 1661 1243 1725 1294; x_wconf 91' lang='grc' dir='ltr'>γε</span> <span class='ocrx_word' id='word_1_135' title='bbox 1787 1224 1987 1319; x_wconf 71' lang='grc' dir='ltr'>λοιπού</span> <span class='ocrx_word' id='word_1_136' title='bbox 2016 1225 2109 1279; x_wconf 80' lang='grc' dir='ltr'>τοῦ</span> <span class='ocrx_word' id='word_1_137' title='bbox 2147 1226 2307 1300; x_wconf 74' lang='grc' dir='ltr'>Γαΐου</span> <span class='ocrx_word' id='word_1_138' title='bbox 2382 1234 2839 1309; x_wconf 71' lang='grc' dir='ltr'>στρατηγοῦντος.</span> <span class='ocrx_word' id='word_1_139' title='bbox 2877 1239 2956 1291; x_wconf 78' lang='grc' dir='ltr'>Τὰ</span> <span class='ocrx_word' id='word_1_140' title='bbox 2988 1224 3059 1311; x_wconf 74' lang='grc' dir='ltr'>δέ⁴</span> <span class='ocrx_word' id='word_1_141' title='bbox 3075 1258 3137 1309; x_wconf 87' lang='grc' dir='ltr'>γε</span> <span class='ocrx_word' id='word_1_142' title='bbox 3184 1224 3284 1315; x_wconf 69' lang='grc' dir='ltr'>τῆς</span> <span class='ocrx_word' id='word_1_143' title='bbox 3326 1224 3545 1311; x_wconf 80' lang='grc' dir='ltr'>πόλεως</span> <span class='ocrx_word' id='word_1_144' title='bbox 3576 1251 3633 1301; x_wconf 80' lang='grc' dir='ltr'>ἐν</span> 
     </span>
    </p>
   </div>
   <div class='ocr_carea' id='block_1_19' title="bbox 354 1313 2258 1392">
    <p class='ocr_par' dir='ltr' id='par_1_19' title="bbox 354 1313 2258 1392">
     <span class='ocr_line' id='line_1_20' title="bbox 354 1313 2258 1392; baseline 0.003 -24"><span class='ocrx_word' id='word_1_145' title='bbox 354 1313 736 1392; x_wconf 71' lang='grc' dir='ltr'>ἀκαταστασία</span> <span class='ocrx_word' id='word_1_146' title='bbox 797 1317 959 1392; x_wconf 77' lang='grc' dir='ltr'>ἦσαν.</span> <span class='ocrx_word' id='word_1_147' title='bbox 998 1322 1205 1376; x_wconf 85' lang='grc' dir='ltr'>Ἐδόκει</span> <span class='ocrx_word' id='word_1_148' title='bbox 1269 1322 1325 1376; x_wconf 83' lang='grc' dir='ltr'>δὲ</span> <span class='ocrx_word' id='word_1_149' title='bbox 1380 1324 1409 1375; x_wconf 97' lang='lat'>6</span> <span class='ocrx_word' id='word_1_150' title='bbox 1459 1323 1766 1382; x_wconf 82' lang='grc' dir='ltr'>Ἀντώνιος,</span> <span class='ocrx_word' id='word_1_151' title='bbox 1815 1319 1912 1373; x_wconf 78' lang='grc' dir='ltr'>ἆτε</span> <span class='ocrx_word' id='word_1_152' title='bbox 1969 1318 2258 1374; x_wconf 86' lang='grc' dir='ltr'>ὑπατεύων</span> 
     </span>
    </p>
   </div>
   <div class='ocr_carea' id='block_1_20' title="bbox 2364 1323 3630 1416">
    <p class='ocr_par' dir='ltr' id='par_1_20' title="bbox 2364 1323 3630 1416">
     <span class='ocr_line' id='line_1_21' title="bbox 2364 1323 3630 1416; baseline 0.017 -43"><span class='ocrx_word' id='word_1_153' title='bbox 2364 1323 2730 1405; x_wconf 84' lang='grc' dir='ltr'>πλεονεκτεῖν.</span> <span class='ocrx_word' id='word_1_154' title='bbox 2779 1329 2837 1382; x_wconf 86' lang='grc' dir='ltr'><strong>Ὀ</strong></span> <span class='ocrx_word' id='word_1_155' title='bbox 2891 1331 2947 1385; x_wconf 82' lang='grc' dir='ltr'>δὲ</span> <span class='ocrx_word' id='word_1_156' title='bbox 2975 1334 3195 1416; x_wconf 80' lang='grc' dir='ltr'>Καῖσαρ</span> <span class='ocrx_word' id='word_1_157' title='bbox 3230 1338 3333 1391; x_wconf 72' lang='grc' dir='ltr'>ὑπὸ</span> <span class='ocrx_word' id='word_1_158' title='bbox 3369 1341 3464 1393; x_wconf 82' lang='grc' dir='ltr'>τοῦ</span> <span class='ocrx_word' id='word_1_159' title='bbox 3491 1344 3630 1415; x_wconf 75' lang='grc' dir='ltr'>πλή-</span> 
     </span>
    </p>
   </div>
   <div class='ocr_carea' id='block_1_21' title="bbox 354 1408 3628 1511">
    <p class='ocr_par' dir='ltr' id='par_1_21' title="bbox 354 1408 3628 1511">
     <span class='ocr_line' id='line_1_22' title="bbox 354 1408 3628 1511; baseline 0.009 -51"><span class='ocrx_word' id='word_1_160' title='bbox 354 1408 479 1472; x_wconf 86' lang='grc' dir='ltr'>θους</span> <span class='ocrx_word' id='word_1_161' title='bbox 512 1412 747 1481; x_wconf 82' lang='grc' dir='ltr'>μάλιστα</span> <span class='ocrx_word' id='word_1_162' title='bbox 783 1415 1167 1482; x_wconf 76' lang='grc' dir='ltr'>ἐσπουδάζετο,</span> <span class='ocrx_word' id='word_1_163' title='bbox 1195 1417 1291 1469; x_wconf 78' lang='grc' dir='ltr'>καὶ</span> <span class='ocrx_word' id='word_1_164' title='bbox 1316 1414 1407 1469; x_wconf 80' lang='grc' dir='ltr'>διὰ</span> <span class='ocrx_word' id='word_1_165' title='bbox 1453 1415 1545 1468; x_wconf 85' lang='grc' dir='ltr'>τὸν</span> <span class='ocrx_word' id='word_1_166' title='bbox 1607 1414 1821 1484; x_wconf 82' lang='grc' dir='ltr'>πατέρα</span> <span class='ocrx_word' id='word_1_167' title='bbox 1882 1412 1981 1466; x_wconf 69' lang='grc' dir='ltr'>καὶ</span> <span class='ocrx_word' id='word_1_168' title='bbox 2017 1410 2104 1492; x_wconf 65' lang='grc' dir='ltr'>διᾲ</span> <span class='ocrx_word' id='word_1_169' title='bbox 2137 1414 2235 1475; x_wconf 87' lang='grc' dir='ltr'>τάς</span> <span class='ocrx_word' id='word_1_170' title='bbox 2296 1415 2620 1511; x_wconf 75' lang='grc' dir='ltr'>ὑποσχέσεις</span> <span class='ocrx_word' id='word_1_171' title='bbox 2682 1420 2748 1485; x_wconf 76' lang='grc' dir='ltr'>ἃς</span> <span class='ocrx_word' id='word_1_172' title='bbox 2779 1424 3052 1501; x_wconf 77' lang='grc' dir='ltr'>ἐποιεῖτοο</span> <span class='ocrx_word' id='word_1_173' title='bbox 3108 1408 3258 1511; x_wconf 61' lang='grc' dir='ltr'>τὸδέ</span> <span class='ocrx_word' id='word_1_174' title='bbox 3309 1434 3496 1503; x_wconf 79' lang='grc' dir='ltr'>μεῖζον</span> <span class='ocrx_word' id='word_1_175' title='bbox 3548 1408 3628 1491; x_wconf 72' lang='grc' dir='ltr'>ὅτι</span> 
     </span>
    </p>
   </div>
   <div class='ocr_carea' id='block_1_22' title="bbox 356 1503 2500 1578">
    <p class='ocr_par' dir='ltr' id='par_1_22' title="bbox 356 1503 2500 1578">
     <span class='ocr_line' id='line_1_23' title="bbox 356 1503 2500 1578; baseline 0.002 -19"><span class='ocrx_word' id='word_1_176' title='bbox 356 1506 491 1559; x_wconf 74' lang='grc' dir='ltr'>πολὺ</span> <span class='ocrx_word' id='word_1_177' title='bbox 514 1504 798 1575; x_wconf 83' lang='grc' dir='ltr'>δυναμένῳ</span> <span class='ocrx_word' id='word_1_178' title='bbox 820 1506 897 1575; x_wconf 82' lang='grc' dir='ltr'>τῷ</span> <span class='ocrx_word' id='word_1_179' title='bbox 934 1506 1212 1577; x_wconf 78' lang='grc' dir='ltr'>Ἀντωνίῳ</span> <span class='ocrx_word' id='word_1_180' title='bbox 1240 1508 1491 1578; x_wconf 73' lang='grc' dir='ltr'>ἤχθοντο,</span> <span class='ocrx_word' id='word_1_181' title='bbox 1523 1507 1619 1560; x_wconf 78' lang='grc' dir='ltr'>καὶ</span> <span class='ocrx_word' id='word_1_182' title='bbox 1640 1503 1980 1560; x_wconf 80' lang='grc' dir='ltr'>ταπεινῶσαι</span> <span class='ocrx_word' id='word_1_183' title='bbox 2004 1504 2168 1558; x_wconf 79' lang='grc' dir='ltr'>αὑτὸν</span> <span class='ocrx_word' id='word_1_184' title='bbox 2196 1506 2500 1564; x_wconf 76' lang='grc' dir='ltr'>ἐϐούλοντο.</span> 
     </span>
    </p>
   </div>
   <div class='ocr_carea' id='block_1_23' title="bbox 426 1595 1937 1668">
    <p class='ocr_par' dir='ltr' id='par_1_23' title="bbox 426 1595 1937 1668">
     <span class='ocr_line' id='line_1_24' title="bbox 426 1595 1937 1668; baseline -0.005 -15"><span class='ocrx_word' id='word_1_185' title='bbox 426 1597 527 1654; x_wconf 87' lang='grc' dir='ltr'>1Ε’.</span> <span class='ocrx_word' id='word_1_186' title='bbox 574 1595 867 1651; x_wconf 77' lang='grc' dir='ltr'>Ἀντωνίου</span> <span class='ocrx_word' id='word_1_187' title='bbox 892 1597 948 1651; x_wconf 79' lang='grc' dir='ltr'>δὲ</span> <span class='ocrx_word' id='word_1_188' title='bbox 1001 1597 1079 1661; x_wconf 88' lang='grc' dir='ltr'>εἰς</span> <span class='ocrx_word' id='word_1_189' title='bbox 1132 1598 1193 1651; x_wconf 76' lang='grc' dir='ltr'>τὸ</span> <span class='ocrx_word' id='word_1_190' title='bbox 1228 1598 1549 1668; x_wconf 76' lang='grc' dir='ltr'>Βρεντέσιον</span> <span class='ocrx_word' id='word_1_191' title='bbox 1606 1595 1937 1657; x_wconf 74' lang='grc' dir='ltr'>ἀπελθόντος</span> 
     </span>
    </p>
   </div>
   <div class='ocr_carea' id='block_1_24' title="bbox 352 1685 1935 1763">
    <p class='ocr_par' dir='ltr' id='par_1_24' title="bbox 352 1685 1935 1763">
     <span class='ocr_line' id='line_1_25' title="bbox 352 1685 1935 1763; baseline -0.004 -19"><span class='ocrx_word' id='word_1_192' title='bbox 352 1691 487 1760; x_wconf 74' lang='grc' dir='ltr'>πρὸς</span> <span class='ocrx_word' id='word_1_193' title='bbox 510 1690 636 1753; x_wconf 79' lang='grc' dir='ltr'>τοὺς</span> <span class='ocrx_word' id='word_1_194' title='bbox 651 1690 728 1741; x_wconf 71' lang='grc' dir='ltr'>’ἐκ</span> <span class='ocrx_word' id='word_1_195' title='bbox 760 1688 1114 1753; x_wconf 75' lang='grc' dir='ltr'>Μακεδονίας</span> <span class='ocrx_word' id='word_1_196' title='bbox 1138 1687 1546 1758; x_wconf 75' lang='grc' dir='ltr'>περαιωθέντας</span> <span class='ocrx_word' id='word_1_197' title='bbox 1575 1685 1935 1763; x_wconf 77' lang='grc' dir='ltr'>στρατιώτας,</span> 
     </span>
    </p>
   </div>
   <div class='ocr_carea' id='block_1_25' title="bbox 349 1775 1934 1852">
    <p class='ocr_par' dir='ltr' id='par_1_25' title="bbox 349 1775 1934 1852">
     <span class='ocr_line' id='line_1_26' title="bbox 349 1775 1934 1852; baseline -0.004 -19"><span class='ocrx_word' id='word_1_198' title='bbox 349 1784 377 1833; x_wconf 92' lang='lat'>6</span> <span class='ocrx_word' id='word_1_199' title='bbox 414 1784 631 1852; x_wconf 81' lang='grc' dir='ltr'>Καῖσαρ</span> <span class='ocrx_word' id='word_1_200' title='bbox 682 1782 800 1834; x_wconf 87' lang='grc' dir='ltr'>ἐκεῖ</span> <span class='ocrx_word' id='word_1_201' title='bbox 852 1781 950 1850; x_wconf 83' lang='grc' dir='ltr'>μὲν</span> <span class='ocrx_word' id='word_1_202' title='bbox 1024 1780 1214 1851; x_wconf 88' lang='grc' dir='ltr'>φίλους</span> <span class='ocrx_word' id='word_1_203' title='bbox 1282 1779 1430 1850; x_wconf 78' lang='grc' dir='ltr'>μετὰ</span> <span class='ocrx_word' id='word_1_204' title='bbox 1493 1779 1817 1850; x_wconf 84' lang='grc' dir='ltr'>χρημάτων,</span> <span class='ocrx_word' id='word_1_205' title='bbox 1847 1775 1934 1828; x_wconf 85' lang='grc' dir='ltr'>ίνα</span> 
     </span>
    </p>
   </div>
   <div class='ocr_carea' id='block_1_26' title="bbox 2116 1594 3616 1690">
    <p class='ocr_par' dir='ltr' id='par_1_26' title="bbox 2116 1594 3616 1690">
     <span class='ocr_line' id='line_1_27' title="bbox 2116 1594 3616 1690; baseline 0.018 -43"><span class='ocrx_word' id='word_1_206' title='bbox 2116 1594 2253 1651; x_wconf 79' lang='lat' dir='ltr'><strong>XIV.</strong></span> <span class='ocrx_word' id='word_1_207' title='bbox 2290 1598 2535 1654; x_wconf 86' lang='lat' dir='ltr'><strong>Antonio</strong></span> <span class='ocrx_word' id='word_1_208' title='bbox 2567 1600 2942 1684; x_wconf 76' lang='lat' dir='ltr'><strong>Brundusium</strong></span> <span class='ocrx_word' id='word_1_209' title='bbox 2970 1606 3038 1690; x_wconf 74' lang='lat' dir='ltr'>ad</span> <span class='ocrx_word' id='word_1_210' title='bbox 3074 1607 3325 1688; x_wconf 80' lang='lat' dir='ltr'><strong>legiones</strong></span> <span class='ocrx_word' id='word_1_211' title='bbox 3371 1613 3616 1673; x_wconf 78' lang='lat' dir='ltr'><strong>Macedo-</strong></span> 
     </span>
    </p>
   </div>
   <div class='ocr_carea' id='block_1_27' title="bbox 2045 1680 3625 1781">
    <p class='ocr_par' dir='ltr' id='par_1_27' title="bbox 2045 1680 3625 1781">
     <span class='ocr_line' id='line_1_28' title="bbox 2045 1680 3625 1781; baseline 0.019 -42"><span class='ocrx_word' id='word_1_212' title='bbox 2045 1686 2197 1769; x_wconf 75' lang='lat' dir='ltr'><strong>nicas</strong></span> <span class='ocrx_word' id='word_1_213' title='bbox 2224 1690 2490 1758; x_wconf 81' lang='lat' dir='ltr'><strong>profecto,</strong></span> <span class='ocrx_word' id='word_1_214' title='bbox 2521 1692 2704 1750; x_wconf 65' lang='lat' dir='ltr'><strong>Caesar</strong></span> <span class='ocrx_word' id='word_1_215' title='bbox 2729 1680 2922 1775; x_wconf 81' lang='lat' dir='ltr'><strong>amicis</strong></span> <span class='ocrx_word' id='word_1_216' title='bbox 2957 1680 3022 1756; x_wconf 80' lang='lat' dir='ltr'>eo</span> <span class='ocrx_word' id='word_1_217' title='bbox 3057 1717 3181 1758; x_wconf 90' lang='lat' dir='ltr'>cum</span> <span class='ocrx_word' id='word_1_218' title='bbox 3214 1710 3448 1774; x_wconf 80' lang='lat' dir='ltr'><strong>pecunia</strong></span> <span class='ocrx_word' id='word_1_219' title='bbox 3482 1728 3625 1781; x_wconf 79' lang='lat' dir='ltr'><strong>pra:-</strong></span> 
     </span>
    </p>
   </div>
   <div class='ocr_carea' id='block_1_28' title="bbox 2047 1762 3622 1861">
    <p class='ocr_par' dir='ltr' id='par_1_28' title="bbox 2047 1762 3622 1861">
     <span class='ocr_line' id='line_1_29' title="bbox 2047 1762 3622 1861; baseline 0.018 -31"><span class='ocrx_word' id='word_1_220' title='bbox 2047 1762 2255 1843; x_wconf 79' lang='lat' dir='ltr'><strong>missis,</strong></span> <span class='ocrx_word' id='word_1_221' title='bbox 2308 1780 2365 1861; x_wconf 85' lang='lat' dir='ltr'>in</span> <span class='ocrx_word' id='word_1_222' title='bbox 2411 1772 2766 1861; x_wconf 67' lang='lat' dir='ltr'><strong>Campaniam</strong></span> <span class='ocrx_word' id='word_1_223' title='bbox 2810 1769 3161 1861; x_wconf 79' lang='lat' dir='ltr'><strong>progressus,</strong></span> <span class='ocrx_word' id='word_1_224' title='bbox 3207 1799 3510 1856; x_wconf 83' lang='lat' dir='ltr'><strong>exercitum</strong></span> <span class='ocrx_word' id='word_1_225' title='bbox 3556 1818 3622 1858; x_wconf 79' lang='lat' dir='ltr'><strong>ex</strong></span> 
     </span>
    </p>
   </div>
   <div class='ocr_carea' id='block_1_29' title="bbox 350 1859 1919 1963">
    <p class='ocr_par' dir='ltr' id='par_1_29' title="bbox 350 1860 1916 1963">
     <span class='ocr_line' id='line_1_30' title="bbox 350 1860 1916 1963; baseline -0.002 -39"><span class='ocrx_word' id='word_1_226' title='bbox 350 1874 493 1943; x_wconf 80' lang='grc' dir='ltr'>σφᾶς</span> <span class='ocrx_word' id='word_1_227' title='bbox 525 1872 988 1941; x_wconf 84' lang='grc' dir='ltr'>σφετερίσωνται,</span> <span class='ocrx_word' id='word_1_228' title='bbox 1020 1860 1477 1945; x_wconf 75' lang='grc' dir='ltr'>προαπέστειλενο</span> <span class='ocrx_word' id='word_1_229' title='bbox 1508 1868 1751 1963; x_wconf 29' lang='grc' dir='ltr'>αὑτὸς-δέ</span> 
     </span>
    </p>
   </div>
   <div class='ocr_carea' id='block_1_30' title="bbox 2019 1859 3620 1963">
    <p class='ocr_par' dir='ltr' id='par_1_30' title="bbox 2045 1859 3620 1963">
     <span class='ocr_line' id='line_1_31' title="bbox 2045 1859 3620 1963; baseline 0.019 -41"><span class='ocrx_word' id='word_1_230' title='bbox 2045 1868 2280 1941; x_wconf 82' lang='lat' dir='ltr'><strong>diversis</strong></span> <span class='ocrx_word' id='word_1_231' title='bbox 2313 1859 2618 1941; x_wconf 76' lang='lat' dir='ltr'><strong>provinciis</strong></span> <span class='ocrx_word' id='word_1_232' title='bbox 2679 1882 2885 1952; x_wconf 78' lang='lat' dir='ltr'><strong>coegit,</strong></span> <span class='ocrx_word' id='word_1_233' title='bbox 2921 1886 3091 1954; x_wconf 85' lang='lat' dir='ltr'><strong>patris</strong></span> <span class='ocrx_word' id='word_1_234' title='bbox 3150 1904 3341 1945; x_wconf 87' lang='lat' dir='ltr'><strong>necem</strong></span> <span class='ocrx_word' id='word_1_235' title='bbox 3381 1894 3620 1963; x_wconf 88' lang='lat' dir='ltr'><strong>ulturus,</strong></span> 
     </span>
    </p>
   </div>
   <div class='ocr_carea' id='block_1_31' title="bbox 355 1960 1935 2053">
    <p class='ocr_par' dir='ltr' id='par_1_31' title="bbox 355 1960 1935 2053">
     <span class='ocr_line' id='line_1_32' title="bbox 355 1960 1935 2053; baseline -0.003 -35"><span class='ocrx_word' id='word_1_236' title='bbox 355 1964 698 2035; x_wconf 79' lang='grc' dir='ltr'>Καμπανίας</span> <span class='ocrx_word' id='word_1_237' title='bbox 752 1962 948 2030; x_wconf 86' lang='grc' dir='ltr'>ἐλθὼν,</span> <span class='ocrx_word' id='word_1_238' title='bbox 1008 1964 1214 2034; x_wconf 83' lang='grc' dir='ltr'>πλῆθος</span> <span class='ocrx_word' id='word_1_239' title='bbox 1234 1963 1528 2028; x_wconf 77' lang='grc' dir='ltr'>συνέλεξεν</span> <span class='ocrx_word' id='word_1_240' title='bbox 1550 1964 1616 2016; x_wconf 88' lang='grc' dir='ltr'>ἐκ</span> <span class='ocrx_word' id='word_1_241' title='bbox 1662 1960 1935 2053; x_wconf 75' lang='grc' dir='ltr'>διαφόρων</span> 
     </span>
    </p>
   </div>
   <div class='ocr_carea' id='block_1_32' title="bbox 348 2053 1928 2127">
    <p class='ocr_par' dir='ltr' id='par_1_32' title="bbox 348 2053 1928 2127">
     <span class='ocr_line' id='line_1_33' title="bbox 348 2053 1928 2127; baseline -0.001 -18"><span class='ocrx_word' id='word_1_242' title='bbox 348 2056 544 2127; x_wconf 85' lang='grc' dir='ltr'>χωρῶν</span> <span class='ocrx_word' id='word_1_243' title='bbox 578 2055 656 2127; x_wconf 82' lang='grc' dir='ltr'>τῷ</span> <span class='ocrx_word' id='word_1_244' title='bbox 695 2056 867 2127; x_wconf 74' lang='grc' dir='ltr'>πατρὶ</span> <span class='ocrx_word' id='word_1_245' title='bbox 892 2059 1161 2126; x_wconf 82' lang='grc' dir='ltr'>τιμωρεῖν</span> <span class='ocrx_word' id='word_1_246' title='bbox 1184 2056 1381 2125; x_wconf 88' lang='grc' dir='ltr'>λέγων,</span> <span class='ocrx_word' id='word_1_247' title='bbox 1424 2056 1688 2127; x_wconf 80' lang='grc' dir='ltr'>χρήματα</span> <span class='ocrx_word' id='word_1_248' title='bbox 1728 2053 1796 2108; x_wconf 76' lang='grc' dir='ltr'>τὰ</span> <span class='ocrx_word' id='word_1_249' title='bbox 1830 2053 1928 2125; x_wconf 81' lang='grc' dir='ltr'>μὲν</span> 
     </span>
    </p>
   </div>
   <div class='ocr_carea' id='block_1_33' title="bbox 346 2143 1936 2217">
    <p class='ocr_par' dir='ltr' id='par_1_33' title="bbox 346 2143 1936 2217">
     <span class='ocr_line' id='line_1_34' title="bbox 346 2143 1936 2217; baseline -0.001 -19"><span class='ocrx_word' id='word_1_250' title='bbox 346 2147 550 2212; x_wconf 78' lang='grc' dir='ltr'>διδοὺς,</span> <span class='ocrx_word' id='word_1_251' title='bbox 577 2147 647 2199; x_wconf 86' lang='grc' dir='ltr'>τά</span> <span class='ocrx_word' id='word_1_252' title='bbox 677 2147 735 2199; x_wconf 84' lang='grc' dir='ltr'>δέ</span> <span class='ocrx_word' id='word_1_253' title='bbox 771 2147 1222 2217; x_wconf 84' lang='grc' dir='ltr'>ὑπισχνούμενος.</span> <span class='ocrx_word' id='word_1_254' title='bbox 1256 2147 1365 2199; x_wconf 75' lang='grc' dir='ltr'>Καὶ</span> <span class='ocrx_word' id='word_1_255' title='bbox 1399 2149 1498 2199; x_wconf 76' lang='grc' dir='ltr'>σὺν</span> <span class='ocrx_word' id='word_1_256' title='bbox 1521 2146 1707 2208; x_wconf 79' lang='grc' dir='ltr'>αὐτοῖς</span> <span class='ocrx_word' id='word_1_257' title='bbox 1735 2148 1814 2206; x_wconf 76' lang='grc' dir='ltr'>είς</span> <span class='ocrx_word' id='word_1_258' title='bbox 1834 2143 1936 2216; x_wconf 84' lang='grc' dir='ltr'>τὴν</span> 
     </span>
    </p>
   </div>
   <div class='ocr_carea' id='block_1_34' title="bbox 330 2238 1931 2311">
    <p class='ocr_par' dir='ltr' id='par_1_34' title="bbox 330 2238 1931 2311">
     <span class='ocr_line' id='line_1_35' title="bbox 330 2238 1931 2311; baseline -0.001 -21"><span class='ocrx_word' id='word_1_259' title='bbox 330 2238 580 2309; x_wconf 51' lang='grc' dir='ltr'>Ῥώμην</span> <span class='ocrx_word' id='word_1_260' title='bbox 631 2238 894 2310; x_wconf 72' lang='grc' dir='ltr'>ἠπείχθη,</span> <span class='ocrx_word' id='word_1_261' title='bbox 937 2240 1065 2310; x_wconf 80' lang='grc' dir='ltr'>πρὶν</span> <span class='ocrx_word' id='word_1_262' title='bbox 1116 2238 1433 2292; x_wconf 82' lang='grc' dir='ltr'>ἐπανελθεῖν</span> <span class='ocrx_word' id='word_1_263' title='bbox 1476 2238 1569 2290; x_wconf 77' lang='grc' dir='ltr'>τὸν</span> <span class='ocrx_word' id='word_1_264' title='bbox 1623 2238 1931 2311; x_wconf 82' lang='grc' dir='ltr'>Ἀντώνιον.</span> 
     </span>
    </p>
   </div>
   <div class='ocr_carea' id='block_1_35' title="bbox 346 2328 1930 2411">
    <p class='ocr_par' dir='ltr' id='par_1_35' title="bbox 346 2328 1930 2411">
     <span class='ocr_line' id='line_1_36' title="bbox 346 2328 1930 2411; baseline -0.001 -27"><span class='ocrx_word' id='word_1_265' title='bbox 346 2331 457 2384; x_wconf 76' lang='grc' dir='ltr'>Καὶ</span> <span class='ocrx_word' id='word_1_266' title='bbox 482 2331 558 2400; x_wconf 83' lang='grc' dir='ltr'>τῷ</span> <span class='ocrx_word' id='word_1_267' title='bbox 588 2330 747 2402; x_wconf 83' lang='grc' dir='ltr'>δήμῳ</span> <span class='ocrx_word' id='word_1_268' title='bbox 792 2332 1083 2401; x_wconf 77' lang='grc' dir='ltr'>ὁμιλήσας,</span> <span class='ocrx_word' id='word_1_269' title='bbox 1146 2330 1388 2385; x_wconf 79' lang='grc' dir='ltr'>ἐπαίνων</span> <span class='ocrx_word' id='word_1_270' title='bbox 1438 2330 1601 2411; x_wconf 79' lang='grc' dir='ltr'>ἔτυχε</span> <span class='ocrx_word' id='word_1_271' title='bbox 1644 2331 1740 2385; x_wconf 78' lang='grc' dir='ltr'>καὶ</span> <span class='ocrx_word' id='word_1_272' title='bbox 1771 2328 1930 2395; x_wconf 72' lang='grc' dir='ltr'>αὖθις</span> 
     </span>
    </p>
   </div>
   <div class='ocr_carea' id='block_1_36' title="bbox 343 2419 1929 2505">
    <p class='ocr_par' dir='ltr' id='par_1_36' title="bbox 343 2419 1929 2505">
     <span class='ocr_line' id='line_1_37' title="bbox 343 2419 1929 2505; baseline 0.004 -34"><span class='ocrx_word' id='word_1_273' title='bbox 343 2419 667 2490; x_wconf 83' lang='grc' dir='ltr'>ἀπεδήμησε</span> <span class='ocrx_word' id='word_1_274' title='bbox 693 2419 923 2491; x_wconf 87' lang='grc' dir='ltr'>δύναμιν</span> <span class='ocrx_word' id='word_1_275' title='bbox 952 2421 1244 2493; x_wconf 84' lang='grc' dir='ltr'>ἀθροίσων.</span> <span class='ocrx_word' id='word_1_276' title='bbox 1279 2419 1566 2475; x_wconf 88' lang='grc' dir='ltr'>Ἀντώνιον</span> <span class='ocrx_word' id='word_1_277' title='bbox 1588 2421 1644 2474; x_wconf 87' lang='grc' dir='ltr'>δέ</span> <span class='ocrx_word' id='word_1_278' title='bbox 1673 2423 1732 2475; x_wconf 84' lang='grc' dir='ltr'>ἐν</span> <span class='ocrx_word' id='word_1_279' title='bbox 1759 2425 1929 2505; x_wconf 75' lang='grc' dir='ltr'>Βρενο</span> 
     </span>
    </p>
   </div>
   <div class='ocr_carea' id='block_1_37' title="bbox 344 2505 1930 2585">
    <p class='ocr_par' dir='ltr' id='par_1_37' title="bbox 344 2505 1930 2585">
     <span class='ocr_line' id='line_1_38' title="bbox 344 2505 1930 2585; baseline 0.002 -25"><span class='ocrx_word' id='word_1_280' title='bbox 344 2508 514 2580; x_wconf 75' lang='grc' dir='ltr'>τεσῖῳ</span> <span class='ocrx_word' id='word_1_281' title='bbox 549 2510 599 2561; x_wconf 89' lang='grc' dir='ltr'>οί</span> <span class='ocrx_word' id='word_1_282' title='bbox 628 2509 967 2580; x_wconf 83' lang='grc' dir='ltr'>στρατιῶται</span> <span class='ocrx_word' id='word_1_283' title='bbox 999 2510 1340 2581; x_wconf 79' lang='grc' dir='ltr'>φιλοφρόνως</span> <span class='ocrx_word' id='word_1_284' title='bbox 1374 2511 1643 2574; x_wconf 77' lang='grc' dir='ltr'>ἐδέξαντο.</span> <span class='ocrx_word' id='word_1_285' title='bbox 1670 2505 1805 2563; x_wconf 74' lang='grc' dir='ltr'>Εἶτα</span> <span class='ocrx_word' id='word_1_286' title='bbox 1839 2525 1930 2585; x_wconf 82' lang='grc' dir='ltr'>πι-</span> 
     </span>
    </p>
   </div>
   <div class='ocr_carea' id='block_1_38' title="bbox 347 2599 1929 2672">
    <p class='ocr_par' dir='ltr' id='par_1_38' title="bbox 347 2599 1929 2672">
     <span class='ocr_line' id='line_1_39' title="bbox 347 2599 1929 2672; baseline -0.001 -19"><span class='ocrx_word' id='word_1_287' title='bbox 347 2599 498 2668; x_wconf 86' lang='grc' dir='ltr'>κρῶς</span> <span class='ocrx_word' id='word_1_288' title='bbox 547 2601 736 2663; x_wconf 82' lang='grc' dir='ltr'>αὐτοῖς</span> <span class='ocrx_word' id='word_1_289' title='bbox 759 2601 1233 2672; x_wconf 79' lang='grc' dir='ltr'>προσφερομένου,</span> <span class='ocrx_word' id='word_1_290' title='bbox 1267 2602 1340 2663; x_wconf 84' lang='grc' dir='ltr'>ὡς</span> <span class='ocrx_word' id='word_1_291' title='bbox 1364 2604 1459 2653; x_wconf 77' lang='grc' dir='ltr'>καὶ</span> <span class='ocrx_word' id='word_1_292' title='bbox 1500 2600 1729 2666; x_wconf 84' lang='grc' dir='ltr'>πολλοὺς</span> <span class='ocrx_word' id='word_1_293' title='bbox 1746 2600 1929 2659; x_wconf 84' lang='grc' dir='ltr'>αύτῶν</span> 
     </span>
    </p>
   </div>
   <div class='ocr_carea' id='block_1_39' title="bbox 344 2692 1928 2763">
    <p class='ocr_par' dir='ltr' id='par_1_39' title="bbox 344 2692 1928 2763">
     <span class='ocr_line' id='line_1_40' title="bbox 344 2692 1928 2763; baseline 0 -19"><span class='ocrx_word' id='word_1_294' title='bbox 344 2692 709 2756; x_wconf 85' lang='grc' dir='ltr'>ἀποκτεῖναι,</span> <span class='ocrx_word' id='word_1_295' title='bbox 758 2693 1147 2763; x_wconf 79' lang='grc' dir='ltr'>ἐνεωτέρισαν,</span> <span class='ocrx_word' id='word_1_296' title='bbox 1202 2694 1299 2745; x_wconf 73' lang='grc' dir='ltr'>καὶ</span> <span class='ocrx_word' id='word_1_297' title='bbox 1345 2694 1532 2761; x_wconf 79' lang='grc' dir='ltr'>συχνοὶ</span> <span class='ocrx_word' id='word_1_298' title='bbox 1585 2695 1928 2763; x_wconf 78' lang='grc' dir='ltr'>μετέστησαν</span> 
     </span>
    </p>
   </div>
   <div class='ocr_carea' id='block_1_40' title="bbox 345 2780 1928 2855">
    <p class='ocr_par' dir='ltr' id='par_1_40' title="bbox 345 2780 1928 2855">
     <span class='ocr_line' id='line_1_41' title="bbox 345 2780 1928 2855; baseline 0 -20"><span class='ocrx_word' id='word_1_299' title='bbox 345 2782 483 2854; x_wconf 73' lang='grc' dir='ltr'>πρὸς</span> <span class='ocrx_word' id='word_1_300' title='bbox 511 2783 603 2835; x_wconf 79' lang='grc' dir='ltr'>τὸν</span> <span class='ocrx_word' id='word_1_301' title='bbox 642 2783 924 2855; x_wconf 79' lang='grc' dir='ltr'>Καίσαρα.</span> <span class='ocrx_word' id='word_1_302' title='bbox 1005 2782 1288 2846; x_wconf 82' lang='grc' dir='ltr'>’Λντώνιος</span> <span class='ocrx_word' id='word_1_303' title='bbox 1340 2783 1396 2835; x_wconf 85' lang='grc' dir='ltr'>δὲ</span> <span class='ocrx_word' id='word_1_304' title='bbox 1437 2785 1501 2836; x_wconf 86' lang='grc' dir='ltr'>ἐκ</span> <span class='ocrx_word' id='word_1_305' title='bbox 1549 2783 1649 2852; x_wconf 83' lang='grc' dir='ltr'>τῆς</span> <span class='ocrx_word' id='word_1_306' title='bbox 1709 2780 1928 2854; x_wconf 83' lang='grc' dir='ltr'>Ῥώμης</span> 
     </span>
    </p>
   </div>
   <div class='ocr_carea' id='block_1_41' title="bbox 343 2873 1925 2946">
    <p class='ocr_par' dir='ltr' id='par_1_41' title="bbox 343 2873 1925 2946">
     <span class='ocr_line' id='line_1_42' title="bbox 343 2873 1925 2946; baseline 0.001 -19"><span class='ocrx_word' id='word_1_307' title='bbox 343 2876 422 2937; x_wconf 78' lang='grc' dir='ltr'>εἰς</span> <span class='ocrx_word' id='word_1_308' title='bbox 454 2875 553 2946; x_wconf 82' lang='grc' dir='ltr'>τὴν</span> <span class='ocrx_word' id='word_1_309' title='bbox 577 2875 848 2928; x_wconf 88' lang='grc' dir='ltr'>Γαλατίαν</span> <span class='ocrx_word' id='word_1_310' title='bbox 911 2874 1227 2946; x_wconf 78' lang='grc' dir='ltr'>ἐξώρμησε,</span> <span class='ocrx_word' id='word_1_311' title='bbox 1274 2875 1537 2944; x_wconf 77' lang='grc' dir='ltr'>φοϐηθεὶς</span> <span class='ocrx_word' id='word_1_312' title='bbox 1589 2873 1666 2944; x_wconf 81' lang='grc' dir='ltr'>μὴ</span> <span class='ocrx_word' id='word_1_313' title='bbox 1705 2875 1843 2944; x_wconf 82' lang='grc' dir='ltr'>αύτή</span> <span class='ocrx_word' id='word_1_314' title='bbox 1873 2893 1925 2929; x_wconf 88' lang='grc' dir='ltr'>τι</span> 
     </span>
    </p>
   </div>
   <div class='ocr_carea' id='block_1_42' title="bbox 342 2961 1924 3039">
    <p class='ocr_par' dir='ltr' id='par_1_42' title="bbox 342 2961 1924 3039">
     <span class='ocr_line' id='line_1_43' title="bbox 342 2961 1924 3039; baseline -0.003 -15"><span class='ocrx_word' id='word_1_315' title='bbox 342 2967 648 3039; x_wconf 73' lang='grc' dir='ltr'>νεοχμώσῃ,</span> <span class='ocrx_word' id='word_1_316' title='bbox 711 2967 807 3022; x_wconf 77' lang='grc' dir='ltr'>καὶ</span> <span class='ocrx_word' id='word_1_317' title='bbox 828 2970 854 3022; x_wconf 88' lang='lat'>6</span> <span class='ocrx_word' id='word_1_318' title='bbox 887 2969 1107 3038; x_wconf 77' lang='grc' dir='ltr'>Καῖσαρ</span> <span class='ocrx_word' id='word_1_319' title='bbox 1142 2967 1188 3020; x_wconf 87' lang='grc' dir='ltr'>δ’</span> <span class='ocrx_word' id='word_1_320' title='bbox 1212 2967 1680 3039; x_wconf 78' lang='grc' dir='ltr'>ἐπηκολούθησεν.</span> <span class='ocrx_word' id='word_1_321' title='bbox 1739 2961 1924 3037; x_wconf 81' lang='grc' dir='ltr'>Ἶίρχε</span> 
     </span>
    </p>
   </div>
   <div class='ocr_carea' id='block_1_43' title="bbox 342 3056 1924 3131">
    <p class='ocr_par' dir='ltr' id='par_1_43' title="bbox 342 3056 1924 3131">
     <span class='ocr_line' id='line_1_44' title="bbox 342 3056 1924 3131; baseline 0 -20"><span class='ocrx_word' id='word_1_322' title='bbox 342 3057 401 3111; x_wconf 83' lang='grc' dir='ltr'>δὲ</span> <span class='ocrx_word' id='word_1_323' title='bbox 423 3061 546 3112; x_wconf 81' lang='grc' dir='ltr'>τότε</span> <span class='ocrx_word' id='word_1_324' title='bbox 576 3056 676 3129; x_wconf 70' lang='grc' dir='ltr'>τῆς</span> <span class='ocrx_word' id='word_1_325' title='bbox 712 3060 980 3124; x_wconf 81' lang='grc' dir='ltr'>Γαλατίας</span> <span class='ocrx_word' id='word_1_326' title='bbox 1004 3063 1032 3114; x_wconf 89' lang='grc' dir='ltr'>ὁ</span> <span class='ocrx_word' id='word_1_327' title='bbox 1064 3059 1301 3131; x_wconf 83' lang='grc' dir='ltr'>Βροῦτος</span> <span class='ocrx_word' id='word_1_328' title='bbox 1323 3062 1351 3114; x_wconf 90' lang='lat'>6</span> <span class='ocrx_word' id='word_1_329' title='bbox 1379 3060 1637 3130; x_wconf 85' lang='grc' dir='ltr'>Δέκιμος,</span> <span class='ocrx_word' id='word_1_330' title='bbox 1686 3058 1768 3124; x_wconf 78' lang='grc' dir='ltr'>εἷς</span> <span class='ocrx_word' id='word_1_331' title='bbox 1815 3062 1924 3113; x_wconf 85' lang='grc' dir='ltr'>τῶν</span> 
     </span>
    </p>
   </div>
   <div class='ocr_carea' id='block_1_44' title="bbox 344 3152 1922 3223">
    <p class='ocr_par' dir='ltr' id='par_1_44' title="bbox 344 3152 1922 3223">
     <span class='ocr_line' id='line_1_45' title="bbox 344 3152 1922 3223; baseline 0 -18"><span class='ocrx_word' id='word_1_332' title='bbox 344 3152 763 3222; x_wconf 84' lang='grc' dir='ltr'>συνομοσάντων</span> <span class='ocrx_word' id='word_1_333' title='bbox 804 3153 948 3209; x_wconf 84' lang='grc' dir='ltr'>κατὰ</span> <span class='ocrx_word' id='word_1_334' title='bbox 981 3153 1074 3206; x_wconf 75' lang='grc' dir='ltr'>τοῦ</span> <span class='ocrx_word' id='word_1_335' title='bbox 1106 3153 1432 3223; x_wconf 77' lang='grc' dir='ltr'>Καίσαρο;,.</span> <span class='ocrx_word' id='word_1_336' title='bbox 1453 3155 1550 3206; x_wconf 78' lang='grc' dir='ltr'>καὶ</span> <span class='ocrx_word' id='word_1_337' title='bbox 1572 3153 1632 3217; x_wconf 81' lang='grc' dir='ltr'>ὃς</span> <span class='ocrx_word' id='word_1_338' title='bbox 1669 3153 1818 3222; x_wconf 84' lang='grc' dir='ltr'>μίσει</span> <span class='ocrx_word' id='word_1_339' title='bbox 1844 3152 1922 3223; x_wconf 85' lang='grc' dir='ltr'>τῷ</span> 
     </span>
    </p>
   </div>
   <div class='ocr_carea' id='block_1_45' title="bbox 345 3227 1996 3318">
    <p class='ocr_par' dir='ltr' id='par_1_45' title="bbox 345 3227 1996 3318">
     <span class='ocr_line' id='line_1_46' title="bbox 345 3227 1996 3318; baseline 0.001 -21"><span class='ocrx_word' id='word_1_340' title='bbox 345 3244 478 3311; x_wconf 79' lang='grc' dir='ltr'>πρὸς</span> <span class='ocrx_word' id='word_1_341' title='bbox 520 3245 810 3299; x_wconf 82' lang='grc' dir='ltr'>’Λντώνιον</span> <span class='ocrx_word' id='word_1_342' title='bbox 837 3246 937 3318; x_wconf 84' lang='grc' dir='ltr'>οὐχ</span> <span class='ocrx_word' id='word_1_343' title='bbox 989 3246 1210 3313; x_wconf 77' lang='grc' dir='ltr'>ὑπεῖξεν</span> <span class='ocrx_word' id='word_1_344' title='bbox 1243 3245 1415 3316; x_wconf 84' lang='grc' dir='ltr'>αὐτῷ.</span> <span class='ocrx_word' id='word_1_345' title='bbox 1482 3246 1655 3301; x_wconf 80' lang='grc' dir='ltr'>Τοῦτο</span> <span class='ocrx_word' id='word_1_346' title='bbox 1689 3245 1877 3317; x_wconf 86' lang='grc' dir='ltr'>μαθὼν</span> <span class='ocrx_word' id='word_1_347' title='bbox 1899 3248 1926 3298; x_wconf 89' lang='lat'>6</span> <span class='ocrx_word' id='word_1_348' title='bbox 1954 3227 1996 3285; x_wconf 67' lang='grc' dir='ltr'><strong>(ἶ</strong></span> 
     </span>
    </p>
   </div>
   <div class='ocr_carea' id='block_1_46' title="bbox 344 3336 1922 3413">
    <p class='ocr_par' dir='ltr' id='par_1_46' title="bbox 344 3336 1922 3413">
     <span class='ocr_line' id='line_1_47' title="bbox 344 3336 1922 3413; baseline 0.003 -25"><span class='ocrx_word' id='word_1_349' title='bbox 344 3336 583 3408; x_wconf 81' lang='grc' dir='ltr'>Καῖσαρ,</span> <span class='ocrx_word' id='word_1_350' title='bbox 615 3338 706 3391; x_wconf 80' lang='grc' dir='ltr'>τὸν</span> <span class='ocrx_word' id='word_1_351' title='bbox 753 3339 990 3410; x_wconf 81' lang='grc' dir='ltr'>Βροῦτον</span> <span class='ocrx_word' id='word_1_352' title='bbox 1062 3342 1573 3413; x_wconf 65' lang='grc' dir='ltr'>προσηταιρίσατω</span> <span class='ocrx_word' id='word_1_353' title='bbox 1626 3339 1780 3394; x_wconf 75' lang='grc' dir='ltr'>οθπω</span> <span class='ocrx_word' id='word_1_354' title='bbox 1813 3339 1922 3411; x_wconf 73' lang='grc' dir='ltr'>γὰρ</span> 
     </span>
    </p>
   </div>
   <div class='ocr_carea' id='block_1_47' title="bbox 341 3427 1920 3503">
    <p class='ocr_par' dir='ltr' id='par_1_47' title="bbox 341 3427 1920 3503">
     <span class='ocr_line' id='line_1_48' title="bbox 341 3427 1920 3503; baseline 0.004 -25"><span class='ocrx_word' id='word_1_355' title='bbox 341 3427 489 3497; x_wconf 82' lang='grc' dir='ltr'>ἑώρα</span> <span class='ocrx_word' id='word_1_356' title='bbox 523 3430 719 3499; x_wconf 76' lang='grc' dir='ltr'>καιρὸν</span> <span class='ocrx_word' id='word_1_357' title='bbox 771 3429 868 3485; x_wconf 84' lang='grc' dir='ltr'>τοῦ</span> <span class='ocrx_word' id='word_1_358' title='bbox 915 3432 1347 3503; x_wconf 83' lang='grc' dir='ltr'>τιμωρήσασθαι</span> <span class='ocrx_word' id='word_1_359' title='bbox 1402 3431 1533 3497; x_wconf 83' lang='grc' dir='ltr'>τοὺς</span> <span class='ocrx_word' id='word_1_360' title='bbox 1596 3435 1778 3501; x_wconf 82' lang='grc' dir='ltr'>φονεῖς</span> <span class='ocrx_word' id='word_1_361' title='bbox 1825 3431 1920 3485; x_wconf 80' lang='grc' dir='ltr'>τοῦ</span> 
     </span>
    </p>
   </div>
   <div class='ocr_carea' id='block_1_48' title="bbox 342 3523 1921 3605">
    <p class='ocr_par' dir='ltr' id='par_1_48' title="bbox 342 3523 1921 3605">
     <span class='ocr_line' id='line_1_49' title="bbox 342 3523 1921 3605; baseline 0.004 -33"><span class='ocrx_word' id='word_1_362' title='bbox 342 3523 569 3593; x_wconf 80' lang='grc' dir='ltr'>πατρὸ;.</span> <span class='ocrx_word' id='word_1_363' title='bbox 618 3524 705 3576; x_wconf 87' lang='grc' dir='ltr'>Ἐν</span> <span class='ocrx_word' id='word_1_364' title='bbox 744 3523 801 3576; x_wconf 84' lang='grc' dir='ltr'>δὲ</span> <span class='ocrx_word' id='word_1_365' title='bbox 833 3526 899 3597; x_wconf 82' lang='grc' dir='ltr'>τῇ</span> <span class='ocrx_word' id='word_1_366' title='bbox 940 3524 1131 3598; x_wconf 80' lang='grc' dir='ltr'>Ῥώμῃ</span> <span class='ocrx_word' id='word_1_367' title='bbox 1165 3526 1198 3596; x_wconf 80' lang='grc' dir='ltr'><strong>ἡ</strong></span> <span class='ocrx_word' id='word_1_368' title='bbox 1236 3524 1549 3605; x_wconf 80' lang='grc' dir='ltr'>σύγκλητος</span> <span class='ocrx_word' id='word_1_369' title='bbox 1578 3526 1921 3591; x_wconf 78' lang='grc' dir='ltr'>ἐϐουλεύετο,</span> 
     </span>
    </p>
   </div>
   <div class='ocr_carea' id='block_1_49' title="bbox 341 3610 1922 3695">
    <p class='ocr_par' dir='ltr' id='par_1_49' title="bbox 341 3610 1922 3695">
     <span class='ocr_line' id='line_1_50' title="bbox 341 3610 1922 3695; baseline 0.004 -31"><span class='ocrx_word' id='word_1_370' title='bbox 341 3610 723 3685; x_wconf 79' lang='grc' dir='ltr'>θορυὸουμένη</span> <span class='ocrx_word' id='word_1_371' title='bbox 748 3615 834 3671; x_wconf 77' lang='grc' dir='ltr'>διὰ</span> <span class='ocrx_word' id='word_1_372' title='bbox 862 3616 952 3670; x_wconf 87' lang='grc' dir='ltr'>τὸν</span> <span class='ocrx_word' id='word_1_373' title='bbox 983 3617 1246 3686; x_wconf 86' lang='grc' dir='ltr'>πόλεμον.</span> <span class='ocrx_word' id='word_1_374' title='bbox 1299 3616 1410 3671; x_wconf 76' lang='grc' dir='ltr'>Καὶ</span> <span class='ocrx_word' id='word_1_375' title='bbox 1436 3616 1628 3695; x_wconf 72' lang='grc' dir='ltr'>πολλοὶ</span> <span class='ocrx_word' id='word_1_376' title='bbox 1654 3618 1754 3687; x_wconf 87' lang='grc' dir='ltr'>μὲν</span> <span class='ocrx_word' id='word_1_377' title='bbox 1783 3618 1922 3686; x_wconf 88' lang='grc' dir='ltr'>γνώ-</span> 
     </span>
    </p>
   </div>
   <div class='ocr_carea' id='block_1_50' title="bbox 342 3706 1920 3791">
    <p class='ocr_par' dir='ltr' id='par_1_50' title="bbox 342 3706 1920 3791">
     <span class='ocr_line' id='line_1_51' title="bbox 342 3706 1920 3791; baseline 0.004 -34"><span class='ocrx_word' id='word_1_378' title='bbox 342 3720 448 3771; x_wconf 87' lang='grc' dir='ltr'>μας</span> <span class='ocrx_word' id='word_1_379' title='bbox 495 3706 660 3769; x_wconf 80' lang='grc' dir='ltr'>ἄλλας</span> <span class='ocrx_word' id='word_1_380' title='bbox 714 3708 1066 3779; x_wconf 84' lang='grc' dir='ltr'>εἰσήνεγκαν.</span> <span class='ocrx_word' id='word_1_381' title='bbox 1130 3710 1387 3781; x_wconf 77' lang='grc' dir='ltr'>Κικέρων</span> <span class='ocrx_word' id='word_1_382' title='bbox 1418 3709 1475 3762; x_wconf 83' lang='grc' dir='ltr'>δέ</span> <span class='ocrx_word' id='word_1_383' title='bbox 1523 3710 1781 3791; x_wconf 82' lang='grc' dir='ltr'>πολέμιον</span> <span class='ocrx_word' id='word_1_384' title='bbox 1807 3710 1920 3764; x_wconf 81' lang='grc' dir='ltr'>δεῖν</span> 
     </span>
    </p>
   </div>
   <div class='ocr_carea' id='block_1_51' title="bbox 338 3791 1918 3873">
    <p class='ocr_par' dir='ltr' id='par_1_51' title="bbox 338 3791 1918 3873">
     <span class='ocr_line' id='line_1_52' title="bbox 338 3791 1918 3873; baseline 0.005 -25"><span class='ocrx_word' id='word_1_385' title='bbox 338 3791 457 3872; x_wconf 74' lang='grc' dir='ltr'>εἷπε</span> <span class='ocrx_word' id='word_1_386' title='bbox 480 3797 827 3869; x_wconf 78' lang='grc' dir='ltr'>ψηφίσασθαι</span> <span class='ocrx_word' id='word_1_387' title='bbox 854 3799 945 3854; x_wconf 83' lang='grc' dir='ltr'>τὸν</span> <span class='ocrx_word' id='word_1_388' title='bbox 988 3800 1290 3873; x_wconf 65' lang='grc' dir='ltr'>Ἄντώνιον.</span> <span class='ocrx_word' id='word_1_389' title='bbox 1325 3801 1417 3855; x_wconf 84' lang='grc' dir='ltr'>τὸν</span> <span class='ocrx_word' id='word_1_390' title='bbox 1450 3802 1708 3872; x_wconf 82' lang='grc' dir='ltr'>Καίσαρα</span> <span class='ocrx_word' id='word_1_391' title='bbox 1736 3804 1918 3873; x_wconf 88' lang='grc' dir='ltr'>μέντοι</span> 
     </span>
    </p>
   </div>
   <div class='ocr_carea' id='block_1_52' title="bbox 339 3887 1915 3963">
    <p class='ocr_par' dir='ltr' id='par_1_52' title="bbox 339 3887 1915 3963">
     <span class='ocr_line' id='line_1_53' title="bbox 339 3887 1915 3963; baseline 0.004 -24"><span class='ocrx_word' id='word_1_392' title='bbox 339 3887 551 3941; x_wconf 77' lang='grc' dir='ltr'>καὶτὸν</span> <span class='ocrx_word' id='word_1_393' title='bbox 577 3888 815 3959; x_wconf 83' lang='grc' dir='ltr'>Βροῦτον</span> <span class='ocrx_word' id='word_1_394' title='bbox 845 3889 939 3943; x_wconf 86' lang='grc' dir='ltr'>τὸν</span> <span class='ocrx_word' id='word_1_395' title='bbox 986 3891 1225 3963; x_wconf 82' lang='grc' dir='ltr'>Δέκιμον</span> <span class='ocrx_word' id='word_1_396' title='bbox 1259 3891 1408 3962; x_wconf 83' lang='grc' dir='ltr'>αύτῷ</span> <span class='ocrx_word' id='word_1_397' title='bbox 1463 3894 1915 3962; x_wconf 75' lang='grc' dir='ltr'>ἐναντιουμένους</span> 
     </span>
    </p>
   </div>
   <div class='ocr_carea' id='block_1_53' title="bbox 335 3975 1911 4060">
    <p class='ocr_par' dir='ltr' id='par_1_53' title="bbox 335 3975 1911 4060">
     <span class='ocr_line' id='line_1_54' title="bbox 335 3975 1911 4060; baseline 0.006 -32"><span class='ocrx_word' id='word_1_398' title='bbox 335 3976 642 4045; x_wconf 81' lang='grc' dir='ltr'>ἐπαινέσαι,</span> <span class='ocrx_word' id='word_1_399' title='bbox 674 3979 762 4048; x_wconf 84' lang='grc' dir='ltr'>ἐφ’</span> <span class='ocrx_word' id='word_1_400' title='bbox 806 3975 890 4044; x_wconf 74' lang='grc' dir='ltr'>οἷς</span> <span class='ocrx_word' id='word_1_401' title='bbox 949 3978 1507 4052; x_wconf 78' lang='grc' dir='ltr'>ίδιογνωμονήσοίντες</span> <span class='ocrx_word' id='word_1_402' title='bbox 1551 3986 1911 4060; x_wconf 87' lang='grc' dir='ltr'>πεποιήκασι,</span> 
     </span>
    </p>
   </div>
   <div class='ocr_carea' id='block_1_54' title="bbox 334 4066 1912 4157">
    <p class='ocr_par' dir='ltr' id='par_1_54' title="bbox 334 4066 1912 4157">
     <span class='ocr_line' id='line_1_55' title="bbox 334 4066 1912 4157; baseline 0.004 -36"><span class='ocrx_word' id='word_1_403' title='bbox 334 4070 429 4122; x_wconf 76' lang='grc' dir='ltr'>καὶ</span> <span class='ocrx_word' id='word_1_404' title='bbox 451 4066 820 4142; x_wconf 77' lang='grc' dir='ltr'>ἐπικουρῆσαι</span> <span class='ocrx_word' id='word_1_405' title='bbox 868 4072 1075 4135; x_wconf 82' lang='grc' dir='ltr'>αὐτοῖς,</span> <span class='ocrx_word' id='word_1_406' title='bbox 1128 4074 1225 4125; x_wconf 77' lang='grc' dir='ltr'>καὶ</span> <span class='ocrx_word' id='word_1_407' title='bbox 1254 4073 1508 4157; x_wconf 79' lang='grc' dir='ltr'>ἐξουσίαν</span> <span class='ocrx_word' id='word_1_408' title='bbox 1560 4074 1748 4145; x_wconf 83' lang='grc' dir='ltr'>νεῖμαι</span> <span class='ocrx_word' id='word_1_409' title='bbox 1776 4078 1912 4157; x_wconf 53' lang='grc' dir='ltr'>προς</span> 
     </span>
    </p>
   </div>
   <div class='ocr_carea' id='block_1_55' title="bbox 332 4156 1914 4237">
    <p class='ocr_par' dir='ltr' id='par_1_55' title="bbox 332 4156 1914 4237">
     <span class='ocr_line' id='line_1_56' title="bbox 332 4156 1914 4237; baseline 0.006 -26"><span class='ocrx_word' id='word_1_410' title='bbox 332 4159 394 4211; x_wconf 73' lang='grc' dir='ltr'>τὸ</span> <span class='ocrx_word' id='word_1_411' title='bbox 420 4158 634 4230; x_wconf 87' lang='grc' dir='ltr'>μέλλον,</span> <span class='ocrx_word' id='word_1_412' title='bbox 673 4162 922 4225; x_wconf 76' lang='grc' dir='ltr'>καὶτοὺς</span> <span class='ocrx_word' id='word_1_413' title='bbox 962 4163 1206 4226; x_wconf 79' lang='grc' dir='ltr'>ὑπάτους</span> <span class='ocrx_word' id='word_1_414' title='bbox 1242 4156 1360 4233; x_wconf 75' lang='grc' dir='ltr'>ἅμα</span> <span class='ocrx_word' id='word_1_415' title='bbox 1392 4165 1561 4234; x_wconf 80' lang='grc' dir='ltr'>ἄμφω</span> <span class='ocrx_word' id='word_1_416' title='bbox 1621 4169 1760 4237; x_wconf 80' lang='grc' dir='ltr'>πρὸς</span> <span class='ocrx_word' id='word_1_417' title='bbox 1821 4156 1914 4222; x_wconf 77' lang='grc' dir='ltr'>τὸν</span> 
     </span>
    </p>
   </div>
   <div class='ocr_carea' id='block_1_56' title="bbox 333 4252 1914 4341">
    <p class='ocr_par' dir='ltr' id='par_1_56' title="bbox 333 4252 1914 4341">
     <span class='ocr_line' id='line_1_57' title="bbox 333 4252 1914 4341; baseline 0.006 -38"><span class='ocrx_word' id='word_1_418' title='bbox 333 4252 570 4322; x_wconf 86' lang='grc' dir='ltr'>πόλεμον</span> <span class='ocrx_word' id='word_1_419' title='bbox 597 4254 969 4325; x_wconf 83' lang='grc' dir='ltr'>πεπομφέναι,</span> <span class='ocrx_word' id='word_1_420' title='bbox 1001 4255 1097 4309; x_wconf 73' lang='grc' dir='ltr'>καὶ</span> <span class='ocrx_word' id='word_1_421' title='bbox 1121 4254 1433 4325; x_wconf 86' lang='grc' dir='ltr'>πολεμῆσαι</span> <span class='ocrx_word' id='word_1_422' title='bbox 1454 4258 1606 4327; x_wconf 79' lang='grc' dir='ltr'>αὐτῷ</span> <span class='ocrx_word' id='word_1_423' title='bbox 1632 4259 1768 4331; x_wconf 87' lang='grc' dir='ltr'>μηδέ</span> <span class='ocrx_word' id='word_1_424' title='bbox 1796 4260 1914 4341; x_wconf 68' lang='grc' dir='ltr'>δια-</span> 
     </span>
    </p>
   </div>
   <div class='ocr_carea' id='block_1_57' title="bbox 330 4344 1913 4434">
    <p class='ocr_par' dir='ltr' id='par_1_57' title="bbox 330 4344 1913 4434">
     <span class='ocr_line' id='line_1_58' title="bbox 330 4344 1913 4434; baseline 0.006 -36"><span class='ocrx_word' id='word_1_425' title='bbox 330 4344 543 4413; x_wconf 78' lang='grc' dir='ltr'>τρίϐειν</span> <span class='ocrx_word' id='word_1_426' title='bbox 569 4347 665 4400; x_wconf 76' lang='grc' dir='ltr'>καὶ</span> <span class='ocrx_word' id='word_1_427' title='bbox 694 4348 930 4417; x_wconf 87' lang='grc' dir='ltr'>μέλλειν.</span> <span class='ocrx_word' id='word_1_428' title='bbox 968 4348 1155 4427; x_wconf 81' lang='grc' dir='ltr'>Ταῦτα</span> <span class='ocrx_word' id='word_1_429' title='bbox 1178 4347 1273 4403; x_wconf 80' lang='grc' dir='ltr'>τοῦ</span> <span class='ocrx_word' id='word_1_430' title='bbox 1308 4349 1625 4421; x_wconf 81' lang='grc' dir='ltr'>Κικέρωνος</span> <span class='ocrx_word' id='word_1_431' title='bbox 1672 4354 1913 4434; x_wconf 78' lang='grc' dir='ltr'>συμϐουο</span> 
     </span>
    </p>
   </div>
   <div class='ocr_carea' id='block_1_58' title="bbox 330 4422 1908 4519">
    <p class='ocr_par' dir='ltr' id='par_1_58' title="bbox 330 4422 1908 4519">
     <span class='ocr_line' id='line_1_59' title="bbox 330 4422 1908 4519; baseline 0.009 -33"><span class='ocrx_word' id='word_1_432' title='bbox 330 4433 642 4502; x_wconf 83' lang='grc' dir='ltr'>λεύσαντος,</span> <span class='ocrx_word' id='word_1_433' title='bbox 665 4439 692 4491; x_wconf 86' lang='lat'>6</span> <span class='ocrx_word' id='word_1_434' title='bbox 723 4437 975 4510; x_wconf 81' lang='grc' dir='ltr'>Καληνὸς</span> <span class='ocrx_word' id='word_1_435' title='bbox 1000 4422 1031 4493; x_wconf 83' lang='lat'>6</span> <span class='ocrx_word' id='word_1_436' title='bbox 1052 4439 1292 4519; x_wconf 76' lang='grc' dir='ltr'>Κύῖντος</span> <span class='ocrx_word' id='word_1_437' title='bbox 1318 4424 1730 4517; x_wconf 76' lang='grc' dir='ltr'>ἐναντιούμενος</span> <span class='ocrx_word' id='word_1_438' title='bbox 1744 4422 1908 4517; x_wconf 28' lang='grc' dir='ltr'>ῖαὺτῷ</span> 
     </span>
    </p>
   </div>
   <div class='ocr_carea' id='block_1_59' title="bbox 2004 1950 3619 2053">
    <p class='ocr_par' dir='ltr' id='par_1_59' title="bbox 2004 1950 3619 2053">
     <span class='ocr_line' id='line_1_60' title="bbox 2004 1950 3619 2053; baseline 0.019 -40"><span class='ocrx_word' id='word_1_439' title='bbox 2004 1950 2016 1959; x_wconf 81' lang='grc'><strong>’</strong></span> <span class='ocrx_word' id='word_1_440' title='bbox 2042 1963 2280 2053; x_wconf 79' lang='lat' dir='ltr'><strong>pecunia</strong></span> <span class='ocrx_word' id='word_1_441' title='bbox 2311 1967 2511 2035; x_wconf 74' lang='lat' dir='ltr'><strong>part’m</strong></span> <span class='ocrx_word' id='word_1_442' title='bbox 2558 1983 2870 2040; x_wconf 90' lang='lat' dir='ltr'><strong>numerata,</strong></span> <span class='ocrx_word' id='word_1_443' title='bbox 2910 1978 3109 2046; x_wconf 90' lang='lat' dir='ltr'><strong>partim</strong></span> <span class='ocrx_word' id='word_1_444' title='bbox 3143 1984 3419 2051; x_wconf 91' lang='lat' dir='ltr'><strong>promissa</strong></span> <span class='ocrx_word' id='word_1_445' title='bbox 3448 2004 3462 2041; x_wconf 88' lang='lat'><strong>:</strong></span> <span class='ocrx_word' id='word_1_446' title='bbox 3493 2003 3619 2043; x_wconf 89' lang='lat' dir='ltr'>cum</span> 
     </span>
    </p>
   </div>
   <div class='ocr_carea' id='block_1_60' title="bbox 2038 2062 3619 2145">
    <p class='ocr_par' dir='ltr' id='par_1_60' title="bbox 2038 2062 3619 2145">
     <span class='ocr_line' id='line_1_61' title="bbox 2038 2062 3619 2145; baseline 0.019 -37"><span class='ocrx_word' id='word_1_447' title='bbox 2038 2069 2220 2126; x_wconf 88' lang='lat' dir='ltr'><strong>eoque</strong></span> <span class='ocrx_word' id='word_1_448' title='bbox 2262 2069 2391 2115; x_wconf 86' lang='lat' dir='ltr'><strong>ante</strong></span> <span class='ocrx_word' id='word_1_449' title='bbox 2447 2062 2685 2118; x_wconf 87' lang='lat' dir='ltr'><strong>reditum</strong></span> <span class='ocrx_word' id='word_1_450' title='bbox 2741 2068 2965 2125; x_wconf 85' lang='lat' dir='ltr'><strong>Antonii</strong></span> <span class='ocrx_word' id='word_1_451' title='bbox 3026 2087 3262 2145; x_wconf 87' lang='lat' dir='ltr'><strong>propere</strong></span> <span class='ocrx_word' id='word_1_452' title='bbox 3310 2077 3364 2132; x_wconf 91' lang='lat' dir='ltr'>in</span> <span class='ocrx_word' id='word_1_453' title='bbox 3426 2082 3619 2138; x_wconf 86' lang='lat' dir='ltr'><strong>urbem</strong></span> 
     </span>
    </p>
   </div>
   <div class='ocr_carea' id='block_1_61' title="bbox 2039 2155 3620 2232">
    <p class='ocr_par' dir='ltr' id='par_1_61' title="bbox 2039 2155 3620 2232">
     <span class='ocr_line' id='line_1_62' title="bbox 2039 2155 3620 2232; baseline 0.018 -30"><span class='ocrx_word' id='word_1_454' title='bbox 2039 2164 2322 2214; x_wconf 87' lang='lat' dir='ltr'><strong>reversus.</strong></span> <span class='ocrx_word' id='word_1_455' title='bbox 2379 2155 2632 2212; x_wconf 87' lang='lat' dir='ltr'><strong>oratione</strong></span> <span class='ocrx_word' id='word_1_456' title='bbox 2690 2159 2757 2213; x_wconf 89' lang='lat' dir='ltr'>ad</span> <span class='ocrx_word' id='word_1_457' title='bbox 2796 2163 3060 2232; x_wconf 88' lang='lat' dir='ltr'><strong>populum</strong></span> <span class='ocrx_word' id='word_1_458' title='bbox 3119 2167 3306 2225; x_wconf 86' lang='lat' dir='ltr'><strong>habita</strong></span> <span class='ocrx_word' id='word_1_459' title='bbox 3362 2172 3620 2231; x_wconf 84' lang='lat' dir='ltr'><strong>laudatus</strong></span> 
     </span>
    </p>
   </div>
   <div class='ocr_carea' id='block_1_62' title="bbox 2036 2244 3613 2323">
    <p class='ocr_par' dir='ltr' id='par_1_62' title="bbox 2036 2244 3613 2323">
     <span class='ocr_line' id='line_1_63' title="bbox 2036 2244 3613 2323; baseline 0.02 -31"><span class='ocrx_word' id='word_1_460' title='bbox 2036 2248 2142 2303; x_wconf 82' lang='lat' dir='ltr'><strong>est,</strong></span> <span class='ocrx_word' id='word_1_461' title='bbox 2169 2250 2334 2311; x_wconf 90' lang='lat' dir='ltr'><strong>atque</strong></span> <span class='ocrx_word' id='word_1_462' title='bbox 2366 2244 2570 2302; x_wconf 87' lang='lat' dir='ltr'><strong>iterum</strong></span> <span class='ocrx_word' id='word_1_463' title='bbox 2614 2249 2682 2303; x_wconf 88' lang='lat' dir='ltr'>ad</span> <span class='ocrx_word' id='word_1_464' title='bbox 2712 2250 2963 2310; x_wconf 87' lang='lat' dir='ltr'><strong>delectus</strong></span> <span class='ocrx_word' id='word_1_465' title='bbox 3002 2256 3088 2312; x_wconf 85' lang='lat' dir='ltr'>ha&#39;</span> <span class='ocrx_word' id='word_1_466' title='bbox 3112 2260 3285 2316; x_wconf 90' lang='lat' dir='ltr'><strong>endos</strong></span> <span class='ocrx_word' id='word_1_467' title='bbox 3314 2263 3468 2321; x_wconf 78' lang='lat' dir='ltr'><strong>abiit.</strong></span> <span class='ocrx_word' id='word_1_468' title='bbox 3502 2268 3613 2323; x_wconf 84' lang='lat' dir='ltr'>An-</span> 
     </span>
    </p>
   </div>
   <div class='ocr_carea' id='block_1_63' title="bbox 2037 2331 3616 2428">
    <p class='ocr_par' dir='ltr' id='par_1_63' title="bbox 2037 2331 3616 2428">
     <span class='ocr_line' id='line_1_64' title="bbox 2037 2331 3616 2428; baseline 0.02 -43"><span class='ocrx_word' id='word_1_469' title='bbox 2037 2331 2251 2387; x_wconf 90' lang='lat' dir='ltr'><strong>tonium</strong></span> <span class='ocrx_word' id='word_1_470' title='bbox 2276 2351 2407 2390; x_wconf 78' lang='lat' dir='ltr'><strong>vero</strong></span> <span class='ocrx_word' id='word_1_471' title='bbox 2436 2338 2639 2395; x_wconf 88' lang='lat' dir='ltr'><strong>milites</strong></span> <span class='ocrx_word' id='word_1_472' title='bbox 2663 2341 2896 2414; x_wconf 80' lang='lat' dir='ltr'><strong>benigne</strong></span> <span class='ocrx_word' id='word_1_473' title='bbox 2925 2346 3223 2407; x_wconf 89' lang='lat' dir='ltr'><strong>Brundusii</strong></span> <span class='ocrx_word' id='word_1_474' title='bbox 3253 2354 3421 2428; x_wconf 72' lang='grc'>496</span> <span class='ocrx_word' id='word_1_475' title='bbox 3454 2375 3616 2416; x_wconf 87' lang='lat' dir='ltr'><strong>accc-</strong></span> 
     </span>
    </p>
   </div>
   <div class='ocr_carea' id='block_1_64' title="bbox 2036 2426 3614 2517">
    <p class='ocr_par' dir='ltr' id='par_1_64' title="bbox 2036 2426 3614 2517">
     <span class='ocr_line' id='line_1_65' title="bbox 2036 2426 3614 2517; baseline 0.02 -41"><span class='ocrx_word' id='word_1_476' title='bbox 2036 2435 2260 2493; x_wconf 89' lang='lat' dir='ltr'><strong>perunt.</strong></span> <span class='ocrx_word' id='word_1_477' title='bbox 2307 2426 2520 2505; x_wconf 85' lang='lat' dir='ltr'><strong>Deinde</strong></span> <span class='ocrx_word' id='word_1_478' title='bbox 2549 2448 2672 2505; x_wconf 88' lang='lat' dir='ltr'>cum</span> <span class='ocrx_word' id='word_1_479' title='bbox 2698 2435 2767 2489; x_wconf 90' lang='lat' dir='ltr'>ab</span> <span class='ocrx_word' id='word_1_480' title='bbox 2803 2452 2891 2504; x_wconf 92' lang='lat' dir='ltr'>eo,</span> <span class='ocrx_word' id='word_1_481' title='bbox 2943 2444 3230 2517; x_wconf 78' lang='lat' dir='ltr'><strong>nonnullis</strong></span> <span class='ocrx_word' id='word_1_482' title='bbox 3282 2426 3614 2515; x_wconf 76' lang='lat' dir='ltr'><strong>interfectis,</strong></span> 
     </span>
    </p>
   </div>
   <div class='ocr_carea' id='block_1_65' title="bbox 2034 2517 3612 2615">
    <p class='ocr_par' dir='ltr' id='par_1_65' title="bbox 2034 2517 3612 2615">
     <span class='ocr_line' id='line_1_66' title="bbox 2034 2517 3612 2615; baseline 0.019 -46"><span class='ocrx_word' id='word_1_483' title='bbox 2034 2517 2338 2597; x_wconf 83' lang='lat' dir='ltr'><strong>crudeliter</strong></span> <span class='ocrx_word' id='word_1_484' title='bbox 2384 2530 2780 2609; x_wconf 79' lang='lat' dir='ltr'><strong>tractarentur,</strong></span> <span class='ocrx_word' id='word_1_485' title='bbox 2817 2522 3136 2590; x_wconf 84' lang='lat' dir='ltr'><strong>tumultuati</strong></span> <span class='ocrx_word' id='word_1_486' title='bbox 3169 2518 3319 2615; x_wconf 70' lang='lat' dir='ltr'><strong>sunt,</strong></span> <span class='ocrx_word' id='word_1_487' title='bbox 3351 2557 3415 2596; x_wconf 90' lang='lat' dir='ltr'>ac</span> <span class='ocrx_word' id='word_1_488' title='bbox 3449 2546 3612 2599; x_wconf 86' lang='lat' dir='ltr'><strong>multi</strong></span> 
     </span>
    </p>
   </div>
   <div class='ocr_carea' id='block_1_66' title="bbox 2033 2602 3614 2694">
    <p class='ocr_par' dir='ltr' id='par_1_66' title="bbox 2033 2602 3614 2694">
     <span class='ocr_line' id='line_1_67' title="bbox 2033 2602 3614 2694; baseline 0.02 -33"><span class='ocrx_word' id='word_1_489' title='bbox 2033 2608 2103 2689; x_wconf 81' lang='lat' dir='ltr'>ad</span> <span class='ocrx_word' id='word_1_490' title='bbox 2131 2609 2404 2689; x_wconf 67' lang='lat' dir='ltr'><strong>Cmsarem</strong></span> <span class='ocrx_word' id='word_1_491' title='bbox 2440 2602 2787 2673; x_wconf 72' lang='lat' dir='ltr'><strong>defecerunt.</strong></span> <span class='ocrx_word' id='word_1_492' title='bbox 2832 2621 3108 2682; x_wconf 87' lang='lat' dir='ltr'><strong>Antonius</strong></span> <span class='ocrx_word' id='word_1_493' title='bbox 3139 2606 3358 2686; x_wconf 29' lang='lat' dir='ltr'><strong>verolin</strong></span> <span class='ocrx_word' id='word_1_494' title='bbox 3408 2633 3614 2694; x_wconf 84' lang='lat' dir='ltr'><strong>Gallias</strong></span> 
     </span>
    </p>
   </div>
   <div class='ocr_carea' id='block_1_67' title="bbox 2031 2708 3608 2787">
    <p class='ocr_par' dir='ltr' id='par_1_67' title="bbox 2031 2708 3608 2787">
     <span class='ocr_line' id='line_1_68' title="bbox 2031 2708 3608 2787; baseline 0.019 -31"><span class='ocrx_word' id='word_1_495' title='bbox 2031 2708 2368 2773; x_wconf 85' lang='lat' dir='ltr'><strong>preperavit,</strong></span> <span class='ocrx_word' id='word_1_496' title='bbox 2429 2709 2639 2765; x_wconf 85' lang='lat' dir='ltr'><strong>veritus</strong></span> <span class='ocrx_word' id='word_1_497' title='bbox 2698 2728 2767 2767; x_wconf 89' lang='lat' dir='ltr'>ne</span> <span class='ocrx_word' id='word_1_498' title='bbox 2825 2716 2993 2772; x_wconf 88' lang='lat' dir='ltr'><strong>rebus</strong></span> <span class='ocrx_word' id='word_1_499' title='bbox 3051 2721 3211 2777; x_wconf 79' lang='lat' dir='ltr'><strong>novis</strong></span> <span class='ocrx_word' id='word_1_500' title='bbox 3267 2725 3608 2787; x_wconf 86' lang='lat' dir='ltr'><strong>studerent:</strong></span> 
     </span>
    </p>
   </div>
   <div class='ocr_carea' id='block_1_68' title="bbox 2028 2795 3612 2887">
    <p class='ocr_par' dir='ltr' id='par_1_68' title="bbox 2028 2795 3612 2887">
     <span class='ocr_line' id='line_1_69' title="bbox 2028 2795 3612 2887; baseline 0.02 -41"><span class='ocrx_word' id='word_1_501' title='bbox 2028 2809 2269 2865; x_wconf 89' lang='lat' dir='ltr'><strong>eumque</strong></span> <span class='ocrx_word' id='word_1_502' title='bbox 2315 2795 2500 2853; x_wconf 67' lang='lat' dir='ltr'><strong>Cwsar</strong></span> <span class='ocrx_word' id='word_1_503' title='bbox 2534 2810 2778 2870; x_wconf 87' lang='lat' dir='ltr'><strong>secutus,</strong></span> <span class='ocrx_word' id='word_1_504' title='bbox 2813 2804 2875 2859; x_wconf 93' lang='lat' dir='ltr'>D.</span> <span class='ocrx_word' id='word_1_505' title='bbox 2918 2806 3148 2865; x_wconf 86' lang='lat' dir='ltr'><strong>Brutum</strong></span> <span class='ocrx_word' id='word_1_506' title='bbox 3207 2817 3612 2887; x_wconf 88' lang='lat' dir='ltr'><strong>conjurationis</strong></span> 
     </span>
    </p>
   </div>
   <div class='ocr_carea' id='block_1_69' title="bbox 2029 2889 3611 2995">
    <p class='ocr_par' dir='ltr' id='par_1_69' title="bbox 2029 2889 3611 2995">
     <span class='ocr_line' id='line_1_70' title="bbox 2029 2889 3611 2995; baseline 0.02 -54"><span class='ocrx_word' id='word_1_507' title='bbox 2029 2901 2217 2943; x_wconf 87' lang='lat' dir='ltr'><strong>contra</strong></span> <span class='ocrx_word' id='word_1_508' title='bbox 2249 2889 2518 2948; x_wconf 76' lang='lat' dir='ltr'><strong>Caesarem</strong></span> <span class='ocrx_word' id='word_1_509' title='bbox 2550 2898 2898 2969; x_wconf 90' lang='lat' dir='ltr'><strong>participem,</strong></span> <span class='ocrx_word' id='word_1_510' title='bbox 2935 2905 3029 2973; x_wconf 90' lang='lat' dir='ltr'><strong>qui</strong></span> <span class='ocrx_word' id='word_1_511' title='bbox 3059 2906 3108 2960; x_wconf 90' lang='lat' dir='ltr'>ei</span> <span class='ocrx_word' id='word_1_512' title='bbox 3140 2910 3443 2995; x_wconf 68' lang='lat' dir='ltr'><strong>provinciae</strong></span> <span class='ocrx_word' id='word_1_513' title='bbox 3469 2932 3611 2987; x_wconf 80' lang='lat' dir='ltr'><strong>pra:-</strong></span> 
     </span>
    </p>
   </div>
   <div class='ocr_carea' id='block_1_70' title="bbox 2028 2981 3606 3067">
    <p class='ocr_par' dir='ltr' id='par_1_70' title="bbox 2028 2981 3606 3067">
     <span class='ocr_line' id='line_1_71' title="bbox 2028 2981 3606 3067; baseline 0.018 -32"><span class='ocrx_word' id='word_1_514' title='bbox 2028 2991 2169 3047; x_wconf 88' lang='lat' dir='ltr'><strong>erat,</strong></span> <span class='ocrx_word' id='word_1_515' title='bbox 2199 2981 2431 3039; x_wconf 83' lang='lat' dir='ltr'><strong>Antonii</strong></span> <span class='ocrx_word' id='word_1_516' title='bbox 2471 2985 2785 3058; x_wconf 88' lang='lat' dir='ltr'><strong>inimicum,</strong></span> <span class='ocrx_word' id='word_1_517' title='bbox 2814 2994 2916 3049; x_wconf 83' lang='lat' dir='ltr'><strong>sibi</strong></span> <span class='ocrx_word' id='word_1_518' title='bbox 2946 2994 3129 3052; x_wconf 65' lang='lat' dir='ltr'><strong>Caesar</strong></span> <span class='ocrx_word' id='word_1_519' title='bbox 3157 2981 3437 3067; x_wconf 69' lang='lat' dir='ltr'><strong>conciliat.</strong></span> <span class='ocrx_word' id='word_1_520' title='bbox 3470 3007 3606 3062; x_wconf 83' lang='lat' dir='ltr'>Nam</span> 
     </span>
    </p>
   </div>
   <div class='ocr_carea' id='block_1_71' title="bbox 2030 3076 3604 3156">
    <p class='ocr_par' dir='ltr' id='par_1_71' title="bbox 2030 3076 3604 3156">
     <span class='ocr_line' id='line_1_72' title="bbox 2030 3076 3604 3156; baseline 0.019 -30"><span class='ocrx_word' id='word_1_521' title='bbox 2030 3081 2248 3144; x_wconf 88' lang='lat' dir='ltr'><strong>tempus</strong></span> <span class='ocrx_word' id='word_1_522' title='bbox 2278 3076 2597 3136; x_wconf 83' lang='lat' dir='ltr'><strong>vindicandi</strong></span> <span class='ocrx_word' id='word_1_523' title='bbox 2627 3083 2802 3151; x_wconf 89' lang='lat' dir='ltr'><strong>patris</strong></span> <span class='ocrx_word' id='word_1_524' title='bbox 2827 3088 3072 3144; x_wconf 89' lang='lat' dir='ltr'><strong>nondum</strong></span> <span class='ocrx_word' id='word_1_525' title='bbox 3104 3077 3295 3150; x_wconf 83' lang='lat' dir='ltr'><strong>adesse</strong></span> <span class='ocrx_word' id='word_1_526' title='bbox 3320 3080 3604 3156; x_wconf 82' lang='lat' dir='ltr'><strong>cernebat.</strong></span> 
     </span>
    </p>
   </div>
   <div class='ocr_carea' id='block_1_72' title="bbox 2031 3166 3612 3254">
    <p class='ocr_par' dir='ltr' id='par_1_72' title="bbox 2031 3166 3612 3254">
     <span class='ocr_line' id='line_1_73' title="bbox 2031 3166 3612 3254; baseline 0.018 -35"><span class='ocrx_word' id='word_1_527' title='bbox 2031 3166 2219 3222; x_wconf 76' lang='lat' dir='ltr'><strong>nonne</strong></span> <span class='ocrx_word' id='word_1_528' title='bbox 2263 3182 2457 3226; x_wconf 89' lang='lat' dir='ltr'><strong>senatu</strong></span> <span class='ocrx_word' id='word_1_529' title='bbox 2507 3173 2877 3245; x_wconf 88' lang='lat' dir='ltr'><strong>deliberante,</strong></span> <span class='ocrx_word' id='word_1_530' title='bbox 2907 3189 2963 3236; x_wconf 92' lang='lat' dir='ltr'>et</span> <span class='ocrx_word' id='word_1_531' title='bbox 2991 3168 3218 3254; x_wconf 82' lang='lat' dir='ltr'><strong>propter</strong></span> <span class='ocrx_word' id='word_1_532' title='bbox 3252 3186 3458 3244; x_wconf 88' lang='lat' dir='ltr'><strong>bellum</strong></span> <span class='ocrx_word' id='word_1_533' title='bbox 3497 3201 3612 3247; x_wconf 55' lang='lat' dir='ltr'><strong>ter-</strong></span> 
     </span>
    </p>
   </div>
   <div class='ocr_carea' id='block_1_73' title="bbox 2023 3255 3605 3339">
    <p class='ocr_par' dir='ltr' id='par_1_73' title="bbox 2023 3255 3605 3339">
     <span class='ocr_line' id='line_1_74' title="bbox 2023 3255 3605 3339; baseline 0.018 -28"><span class='ocrx_word' id='word_1_534' title='bbox 2023 3258 2160 3329; x_wconf 65' lang='lat' dir='ltr'><strong>rito.</strong></span> <span class='ocrx_word' id='word_1_535' title='bbox 2213 3261 2301 3315; x_wconf 87' lang='lat' dir='ltr'><strong>alii</strong></span> <span class='ocrx_word' id='word_1_536' title='bbox 2335 3262 2470 3319; x_wconf 88' lang='lat' dir='ltr'><strong>alias</strong></span> <span class='ocrx_word' id='word_1_537' title='bbox 2499 3255 2803 3325; x_wconf 87' lang='lat' dir='ltr'><strong>sententias</strong></span> <span class='ocrx_word' id='word_1_538' title='bbox 2843 3260 3107 3329; x_wconf 81' lang='lat' dir='ltr'><strong>dixerunt</strong></span> <span class='ocrx_word' id='word_1_539' title='bbox 3142 3293 3156 3330; x_wconf 90' lang='lat'>:</span> <span class='ocrx_word' id='word_1_540' title='bbox 3190 3277 3384 3335; x_wconf 88' lang='lat' dir='ltr'><strong>Cicero</strong></span> <span class='ocrx_word' id='word_1_541' title='bbox 3420 3293 3605 3339; x_wconf 89' lang='lat' dir='ltr'><strong>autem</strong></span> 
     </span>
    </p>
   </div>
   <div class='ocr_carea' id='block_1_74' title="bbox 2027 3342 3602 3433">
    <p class='ocr_par' dir='ltr' id='par_1_74' title="bbox 2027 3342 3602 3433">
     <span class='ocr_line' id='line_1_75' title="bbox 2027 3342 3602 3433; baseline 0.017 -32"><span class='ocrx_word' id='word_1_542' title='bbox 2027 3351 2330 3407; x_wconf 84' lang='lat' dir='ltr'><strong>Antonium</strong></span> <span class='ocrx_word' id='word_1_543' title='bbox 2363 3342 2579 3433; x_wconf 87' lang='lat' dir='ltr'><strong>hostem</strong></span> <span class='ocrx_word' id='word_1_544' title='bbox 2605 3351 2994 3431; x_wconf 81' lang='lat' dir='ltr'><strong>judicanduin,</strong></span> <span class='ocrx_word' id='word_1_545' title='bbox 3034 3377 3090 3421; x_wconf 88' lang='lat' dir='ltr'>et</span> <span class='ocrx_word' id='word_1_546' title='bbox 3125 3368 3396 3427; x_wconf 84' lang='lat' dir='ltr'><strong>Caesarem</strong></span> <span class='ocrx_word' id='word_1_547' title='bbox 3443 3390 3508 3429; x_wconf 85' lang='lat' dir='ltr'>ac</span> <span class='ocrx_word' id='word_1_548' title='bbox 3540 3376 3602 3430; x_wconf 91' lang='lat' dir='ltr'>D.</span> 
     </span>
    </p>
   </div>
   <div class='ocr_carea' id='block_1_75' title="bbox 2025 3432 3604 3537">
    <p class='ocr_par' dir='ltr' id='par_1_75' title="bbox 2025 3432 3604 3537">
     <span class='ocr_line' id='line_1_76' title="bbox 2025 3432 3604 3537; baseline 0.019 -44"><span class='ocrx_word' id='word_1_549' title='bbox 2025 3440 2255 3520; x_wconf 86' lang='lat' dir='ltr'><strong>Brutum</strong></span> <span class='ocrx_word' id='word_1_550' title='bbox 2303 3432 2529 3514; x_wconf 75' lang='lat' dir='ltr'><strong>privata</strong></span> <span class='ocrx_word' id='word_1_551' title='bbox 2590 3454 2923 3529; x_wconf 77' lang='lat' dir='ltr'><strong>auctoritate</strong></span> <span class='ocrx_word' id='word_1_552' title='bbox 2957 3473 3081 3513; x_wconf 92' lang='lat' dir='ltr'>enm</span> <span class='ocrx_word' id='word_1_553' title='bbox 3140 3460 3232 3514; x_wconf 90' lang='lat' dir='ltr'><strong>illo</strong></span> <span class='ocrx_word' id='word_1_554' title='bbox 3272 3463 3474 3519; x_wconf 76' lang='lat' dir='ltr'><strong>bellum</strong></span> <span class='ocrx_word' id='word_1_555' title='bbox 3509 3483 3604 3537; x_wconf 79' lang='lat' dir='ltr'>ge-</span> 
     </span>
    </p>
   </div>
   <div class='ocr_carea' id='block_1_76' title="bbox 2025 3525 3601 3615">
    <p class='ocr_par' dir='ltr' id='par_1_76' title="bbox 2025 3525 3601 3615">
     <span class='ocr_line' id='line_1_77' title="bbox 2025 3525 3601 3615; baseline 0.02 -31"><span class='ocrx_word' id='word_1_556' title='bbox 2025 3544 2230 3612; x_wconf 74' lang='lat' dir='ltr'><strong>rentes,</strong></span> <span class='ocrx_word' id='word_1_557' title='bbox 2256 3536 2562 3594; x_wconf 84' lang='lat' dir='ltr'><strong>laudandos</strong></span> <span class='ocrx_word' id='word_1_558' title='bbox 2584 3525 2637 3596; x_wconf 86' lang='lat' dir='ltr'>et</span> <span class='ocrx_word' id='word_1_559' title='bbox 2667 3543 3010 3613; x_wconf 87' lang='lat' dir='ltr'><strong>adjuvandos</strong></span> <span class='ocrx_word' id='word_1_560' title='bbox 3039 3565 3160 3606; x_wconf 86' lang='lat' dir='ltr'><strong>esse</strong></span> <span class='ocrx_word' id='word_1_561' title='bbox 3189 3556 3403 3610; x_wconf 89' lang='lat' dir='ltr'><strong>censuit</strong></span> <span class='ocrx_word' id='word_1_562' title='bbox 3435 3575 3446 3610; x_wconf 90' lang='lat'>:</span> <span class='ocrx_word' id='word_1_563' title='bbox 3475 3559 3601 3615; x_wconf 87' lang='lat' dir='ltr'><strong>data</strong></span> 
     </span>
    </p>
   </div>
   <div class='ocr_carea' id='block_1_77' title="bbox 2023 3626 3604 3706">
    <p class='ocr_par' dir='ltr' id='par_1_77' title="bbox 2023 3626 3604 3706">
     <span class='ocr_line' id='line_1_78' title="bbox 2023 3626 3604 3706; baseline 0.017 -27"><span class='ocrx_word' id='word_1_564' title='bbox 2023 3626 2188 3681; x_wconf 88' lang='lat' dir='ltr'><strong>etiam</strong></span> <span class='ocrx_word' id='word_1_565' title='bbox 2221 3628 2274 3681; x_wconf 92' lang='lat' dir='ltr'>in</span> <span class='ocrx_word' id='word_1_566' title='bbox 2310 3639 2591 3699; x_wconf 87' lang='lat' dir='ltr'><strong>postcrmn</strong></span> <span class='ocrx_word' id='word_1_567' title='bbox 2643 3638 2992 3703; x_wconf 88' lang='lat' dir='ltr'><strong>auctoritate,</strong></span> <span class='ocrx_word' id='word_1_568' title='bbox 3025 3650 3081 3695; x_wconf 93' lang='lat' dir='ltr'>ct</span> <span class='ocrx_word' id='word_1_569' title='bbox 3111 3644 3304 3698; x_wconf 81' lang='lat' dir='ltr'><strong>ambus</strong></span> <span class='ocrx_word' id='word_1_570' title='bbox 3348 3651 3604 3706; x_wconf 76' lang='lat' dir='ltr'><strong>consules</strong></span> 
     </span>
    </p>
   </div>
   <div class='ocr_carea' id='block_1_78' title="bbox 2021 3719 3599 3795">
    <p class='ocr_par' dir='ltr' id='par_1_78' title="bbox 2021 3719 3599 3795">
     <span class='ocr_line' id='line_1_79' title="bbox 2021 3719 3599 3795; baseline 0.015 -23"><span class='ocrx_word' id='word_1_571' title='bbox 2021 3719 2143 3774; x_wconf 89' lang='lat' dir='ltr'><strong>sine</strong></span> <span class='ocrx_word' id='word_1_572' title='bbox 2185 3721 2293 3776; x_wconf 91' lang='lat' dir='ltr'><strong>ulla</strong></span> <span class='ocrx_word' id='word_1_573' title='bbox 2338 3725 2696 3781; x_wconf 85' lang='lat' dir='ltr'><strong>cunctatione</strong></span> <span class='ocrx_word' id='word_1_574' title='bbox 2750 3730 2817 3783; x_wconf 90' lang='lat' dir='ltr'>ad</span> <span class='ocrx_word' id='word_1_575' title='bbox 2877 3732 3078 3786; x_wconf 86' lang='lat' dir='ltr'><strong>bellum</strong></span> <span class='ocrx_word' id='word_1_576' title='bbox 3139 3737 3189 3788; x_wconf 87' lang='lat' dir='ltr'>ei</span> <span class='ocrx_word' id='word_1_577' title='bbox 3249 3737 3599 3795; x_wconf 81' lang='lat' dir='ltr'><strong>inferendum</strong></span> 
     </span>
    </p>
   </div>
   <div class='ocr_carea' id='block_1_79' title="bbox 2021 3811 3600 3901">
    <p class='ocr_par' dir='ltr' id='par_1_79' title="bbox 2021 3811 3600 3901">
     <span class='ocr_line' id='line_1_80' title="bbox 2021 3811 3600 3901; baseline 0.016 -39"><span class='ocrx_word' id='word_1_578' title='bbox 2021 3811 2340 3868; x_wconf 89' lang='lat' dir='ltr'><strong>mittendos.</strong></span> <span class='ocrx_word' id='word_1_579' title='bbox 2378 3815 2439 3881; x_wconf 85' lang='lat' dir='ltr'><strong>Q.</strong></span> <span class='ocrx_word' id='word_1_580' title='bbox 2478 3815 2717 3873; x_wconf 87' lang='lat' dir='ltr'><strong>Calenus</strong></span> <span class='ocrx_word' id='word_1_581' title='bbox 2755 3830 2972 3889; x_wconf 90' lang='lat' dir='ltr'><strong>contra,</strong></span> <span class='ocrx_word' id='word_1_582' title='bbox 3022 3824 3230 3901; x_wconf 81' lang='lat' dir='ltr'><strong>legatos</strong></span> <span class='ocrx_word' id='word_1_583' title='bbox 3287 3830 3355 3897; x_wconf 79' lang='lat' dir='ltr'>ad</span> <span class='ocrx_word' id='word_1_584' title='bbox 3404 3847 3600 3888; x_wconf 87' lang='lat' dir='ltr'><strong>omnes</strong></span> 
     </span>
    </p>
   </div>
   <div class='ocr_carea' id='block_1_80' title="bbox 2026 3901 3598 3991">
    <p class='ocr_par' dir='ltr' id='par_1_80' title="bbox 2026 3901 3598 3991">
     <span class='ocr_line' id='line_1_81' title="bbox 2026 3901 3598 3991; baseline 0.015 -36"><span class='ocrx_word' id='word_1_585' title='bbox 2026 3901 2331 3960; x_wconf 74' lang='lat' dir='ltr'><strong>mittendos</strong></span> <span class='ocrx_word' id='word_1_586' title='bbox 2360 3921 2502 3973; x_wconf 85' lang='lat' dir='ltr'><strong>esse,</strong></span> <span class='ocrx_word' id='word_1_587' title='bbox 2536 3910 2630 3977; x_wconf 87' lang='lat' dir='ltr'>qui</span> <span class='ocrx_word' id='word_1_588' title='bbox 2669 3924 2766 3965; x_wconf 87' lang='lat' dir='ltr'>eos</span> <span class='ocrx_word' id='word_1_589' title='bbox 2801 3915 2972 3968; x_wconf 91' lang='lat' dir='ltr'><strong>armis</strong></span> <span class='ocrx_word' id='word_1_590' title='bbox 2995 3906 3215 3989; x_wconf 58' lang='lat' dir='ltr'><strong>possitis,</strong></span> <span class='ocrx_word' id='word_1_591' title='bbox 3271 3907 3598 3991; x_wconf 78' lang='lat' dir='ltr'><strong>semetipsos</strong></span> 
     </span>
    </p>
   </div>
   <div class='ocr_carea' id='block_1_81' title="bbox 2017 3993 3596 4080">
    <p class='ocr_par' dir='ltr' id='par_1_81' title="bbox 2017 3993 3596 4080">
     <span class='ocr_line' id='line_1_82' title="bbox 2017 3993 3596 4080; baseline 0.014 -35"><span class='ocrx_word' id='word_1_592' title='bbox 2017 4001 2075 4046; x_wconf 82' lang='lat' dir='ltr'>et</span> <span class='ocrx_word' id='word_1_593' title='bbox 2104 3993 2353 4063; x_wconf 84' lang='lat' dir='ltr'><strong>legiones</strong></span> <span class='ocrx_word' id='word_1_594' title='bbox 2391 4000 2714 4071; x_wconf 82' lang='lat' dir='ltr'><strong>auctoritati</strong></span> <span class='ocrx_word' id='word_1_595' title='bbox 2768 3996 3008 4059; x_wconf 79' lang='lat' dir='ltr'><strong>scnatus&#39;</strong></span> <span class='ocrx_word' id='word_1_596' title='bbox 3044 3996 3368 4074; x_wconf 82' lang='lat' dir='ltr'><strong>permittere</strong></span> <span class='ocrx_word' id='word_1_597' title='bbox 3426 4013 3596 4080; x_wconf 82' lang='lat' dir='ltr'><strong>jube-</strong></span> 
     </span>
    </p>
   </div>
   <div class='ocr_carea' id='block_1_82' title="bbox 2018 4079 3595 4170">
    <p class='ocr_par' dir='ltr' id='par_1_82' title="bbox 2018 4079 3595 4170">
     <span class='ocr_line' id='line_1_83' title="bbox 2018 4079 3595 4170; baseline 0.016 -35"><span class='ocrx_word' id='word_1_598' title='bbox 2018 4091 2166 4138; x_wconf 86' lang='lat' dir='ltr'><strong>rent.</strong></span> <span class='ocrx_word' id='word_1_599' title='bbox 2202 4084 2359 4153; x_wconf 86' lang='lat' dir='ltr'><strong>Qnod</strong></span> <span class='ocrx_word' id='word_1_600' title='bbox 2408 4088 2452 4142; x_wconf 93' lang='lat' dir='ltr'>si</span> <span class='ocrx_word' id='word_1_601' title='bbox 2499 4079 2931 4170; x_wconf 73' lang='lat' dir='ltr'><strong>auscultassent,</strong></span> <span class='ocrx_word' id='word_1_602' title='bbox 2990 4090 3295 4154; x_wconf 85' lang='lat' dir='ltr'><strong>laudandos</strong></span> <span class='ocrx_word' id='word_1_603' title='bbox 3321 4116 3475 4170; x_wconf 85' lang='lat' dir='ltr'><strong>esse;</strong></span> <span class='ocrx_word' id='word_1_604' title='bbox 3508 4104 3595 4160; x_wconf 72' lang='lat' dir='ltr'>sin</span> 
     </span>
    </p>
   </div>
   <div class='ocr_carea' id='block_1_83' title="bbox 2016 4162 3587 4251">
    <p class='ocr_par' dir='ltr' id='par_1_83' title="bbox 2016 4162 3587 4251">
     <span class='ocr_line' id='line_1_84' title="bbox 2016 4162 3587 4251; baseline 0.016 -26"><span class='ocrx_word' id='word_1_605' title='bbox 2016 4162 2233 4240; x_wconf 52' lang='lat' dir='ltr'><strong>minus:</strong></span> <span class='ocrx_word' id='word_1_606' title='bbox 2249 4176 2453 4232; x_wconf 90' lang='lat' dir='ltr'><strong>bellum</strong></span> <span class='ocrx_word' id='word_1_607' title='bbox 2490 4164 2813 4239; x_wconf 81' lang='lat' dir='ltr'><strong>consulibus</strong></span> <span class='ocrx_word' id='word_1_608' title='bbox 2837 4170 3031 4240; x_wconf 86' lang='lat' dir='ltr'><strong>contra</strong></span> <span class='ocrx_word' id='word_1_609' title='bbox 3059 4202 3157 4243; x_wconf 90' lang='lat' dir='ltr'>eos</span> <span class='ocrx_word' id='word_1_610' title='bbox 3189 4173 3587 4251; x_wconf 84' lang='lat' dir='ltr'><strong>mandandum.</strong></span> 
     </span>
    </p>
   </div>
   <div class='ocr_carea' id='block_1_84' title="bbox 2014 4265 3588 4353">
    <p class='ocr_par' dir='ltr' id='par_1_84' title="bbox 2014 4265 3588 4353">
     <span class='ocr_line' id='line_1_85' title="bbox 2014 4265 3588 4353; baseline 0.015 -33"><span class='ocrx_word' id='word_1_611' title='bbox 2014 4265 2222 4345; x_wconf 58' lang='lat' dir='ltr'><strong>Verum</strong></span> <span class='ocrx_word' id='word_1_612' title='bbox 2252 4270 2566 4327; x_wconf 85' lang='lat' dir='ltr'><strong>Caesariana</strong></span> <span class='ocrx_word' id='word_1_613' title='bbox 2598 4273 2841 4333; x_wconf 77' lang='lat' dir='ltr'><strong>factione</strong></span> <span class='ocrx_word' id='word_1_614' title='bbox 2875 4280 3231 4347; x_wconf 68' lang='lat' dir='ltr'><strong>prmvalente,</strong></span> <span class='ocrx_word' id='word_1_615' title='bbox 3268 4285 3490 4353; x_wconf 86' lang='lat' dir='ltr'><strong>quidam</strong></span> <span class='ocrx_word' id='word_1_616' title='bbox 3523 4303 3588 4343; x_wconf 83' lang='lat' dir='ltr'><strong>ex</strong></span> 
     </span>
    </p>
   </div>
   <div class='ocr_carea' id='block_1_85' title="bbox 2010 4363 3594 4440">
    <p class='ocr_par' dir='ltr' id='par_1_85' title="bbox 2010 4363 3594 4440">
     <span class='ocr_line' id='line_1_86' title="bbox 2010 4363 3594 4440; baseline 0.015 -28"><span class='ocrx_word' id='word_1_617' title='bbox 2010 4367 2204 4437; x_wconf 77' lang='lat' dir='ltr'><strong>senatu</strong></span> <span class='ocrx_word' id='word_1_618' title='bbox 2231 4363 2296 4416; x_wconf 90' lang='lat' dir='ltr'>ad</span> <span class='ocrx_word' id='word_1_619' title='bbox 2324 4364 2625 4419; x_wconf 85' lang='lat' dir='ltr'><strong>Antonium</strong></span> <span class='ocrx_word' id='word_1_620' title='bbox 2658 4366 2834 4433; x_wconf 87' lang='lat' dir='ltr'><strong>missi,</strong></span> <span class='ocrx_word' id='word_1_621' title='bbox 2860 4370 2952 4439; x_wconf 91' lang='lat' dir='ltr'><strong>qui</strong></span> <span class='ocrx_word' id='word_1_622' title='bbox 2982 4385 3132 4440; x_wconf 89' lang='lat' dir='ltr'><strong>eum,</strong></span> <span class='ocrx_word' id='word_1_623' title='bbox 3152 4376 3503 4433; x_wconf 82' lang='lat' dir='ltr'><strong>exercitibus</strong></span> <span class='ocrx_word' id='word_1_624' title='bbox 3536 4390 3594 4436; x_wconf 89' lang='lat' dir='ltr'>et</span> 
     </span>
    </p>
   </div>
   <div class='ocr_carea' id='block_1_86' title="bbox 2010 4451 3591 4547">
    <p class='ocr_par' dir='ltr' id='par_1_86' title="bbox 2010 4451 3591 4547">
     <span class='ocr_line' id='line_1_87' title="bbox 2010 4451 3591 4547; baseline 0.013 -40"><span class='ocrx_word' id='word_1_625' title='bbox 2010 4451 2200 4509; x_wconf 87' lang='lat' dir='ltr'><strong>Galliis</strong></span> <span class='ocrx_word' id='word_1_626' title='bbox 2227 4456 2467 4521; x_wconf 86' lang='lat' dir='ltr'><strong>omissis,</strong></span> <span class='ocrx_word' id='word_1_627' title='bbox 2501 4457 2555 4511; x_wconf 90' lang='lat' dir='ltr'>in</span> <span class='ocrx_word' id='word_1_628' title='bbox 2594 4458 2970 4516; x_wconf 75' lang='lat' dir='ltr'><strong>Macedoniam</strong></span> <span class='ocrx_word' id='word_1_629' title='bbox 3008 4463 3110 4547; x_wconf 75' lang='lat' dir='ltr'><strong>ire,</strong></span> <span class='ocrx_word' id='word_1_630' title='bbox 3177 4467 3295 4538; x_wconf 88' lang='lat' dir='ltr'><strong>ejus</strong></span> <span class='ocrx_word' id='word_1_631' title='bbox 3320 4468 3447 4525; x_wconf 89' lang='lat' dir='ltr'><strong>item</strong></span> <span class='ocrx_word' id='word_1_632' title='bbox 3486 4474 3591 4527; x_wconf 89' lang='lat' dir='ltr'><strong>mi-</strong></span> 
     </span>
    </p>
   </div>
   <div class='ocr_carea' id='block_1_87' title="bbox 330 4518 1919 4631">
    <p class='ocr_par' dir='ltr' id='par_1_87' title="bbox 330 4518 1902 4631">
     <span class='ocr_line' id='line_1_88' title="bbox 330 4518 1902 4631; baseline -0.003 -47"><span class='ocrx_word' id='word_1_633' title='bbox 330 4532 685 4588; x_wconf 80' lang='grc' dir='ltr'>συνεϐούλευε</span> <span class='ocrx_word' id='word_1_634' title='bbox 731 4534 945 4615; x_wconf 70' lang='grc' dir='ltr'>πέμψαι</span> <span class='ocrx_word' id='word_1_635' title='bbox 987 4536 1122 4605; x_wconf 67' lang='grc' dir='ltr'>πρὸς</span> <span class='ocrx_word' id='word_1_636' title='bbox 1154 4518 1407 4600; x_wconf 68' lang='grc' dir='ltr'>ἅπαντας</span> <span class='ocrx_word' id='word_1_637' title='bbox 1434 4537 1537 4609; x_wconf 78' lang='grc' dir='ltr'>τὴν</span> <span class='ocrx_word' id='word_1_638' title='bbox 1580 4518 1783 4631; x_wconf 72' lang='grc' dir='ltr'>βουλὴν</span> <span class='ocrx_word' id='word_1_639' title='bbox 1808 4558 1902 4595; x_wconf 86' lang='grc' dir='ltr'>κε-</span> 
     </span>
    </p>
   </div>
   <div class='ocr_carea' id='block_1_88' title="bbox 2019 4518 3587 4631">
    <p class='ocr_par' dir='ltr' id='par_1_88' title="bbox 2019 4518 3587 4631">
     <span class='ocr_line' id='line_1_89' title="bbox 2019 4518 3587 4631; baseline 0.012 -32"><span class='ocrx_word' id='word_1_640' title='bbox 2019 4543 2139 4601; x_wconf 90' lang='lat' dir='ltr'><strong>lites</strong></span> <span class='ocrx_word' id='word_1_641' title='bbox 2173 4546 2317 4602; x_wconf 90' lang='lat' dir='ltr'><strong>intra</strong></span> <span class='ocrx_word' id='word_1_642' title='bbox 2360 4556 2565 4631; x_wconf 83' lang='lat' dir='ltr'><strong>statum</strong></span> <span class='ocrx_word' id='word_1_643' title='bbox 2618 4552 2765 4606; x_wconf 84' lang='lat' dir='ltr'><strong>diem</strong></span> <span class='ocrx_word' id='word_1_644' title='bbox 2817 4553 3039 4631; x_wconf 84' lang='lat' dir='ltr'><strong>domum</strong></span> <span class='ocrx_word' id='word_1_645' title='bbox 3097 4518 3277 4614; x_wconf 71' lang='lat' dir='ltr'><strong>redire</strong></span> <span class='ocrx_word' id='word_1_646' title='bbox 3304 4560 3587 4631; x_wconf 89' lang='lat' dir='ltr'><strong>juberent,</strong></span> 
     </span>
    </p>
   </div>
   <div class='ocr_carea' id='block_1_89' title="bbox 325 4623 1907 4709">
    <p class='ocr_par' dir='ltr' id='par_1_89' title="bbox 325 4623 1907 4709">
     <span class='ocr_line' id='line_1_90' title="bbox 325 4623 1907 4709; baseline 0.008 -33"><span class='ocrx_word' id='word_1_647' title='bbox 325 4623 592 4681; x_wconf 83' lang='grc' dir='ltr'>λεύουσαν</span> <span class='ocrx_word' id='word_1_648' title='bbox 619 4627 822 4707; x_wconf 76' lang='grc' dir='ltr'>ὁμοίως</span> <span class='ocrx_word' id='word_1_649' title='bbox 862 4627 1061 4703; x_wconf 73' lang='grc' dir='ltr'>αὐτοῖς</span> <span class='ocrx_word' id='word_1_650' title='bbox 1109 4629 1449 4708; x_wconf 85' lang='grc' dir='ltr'>καταθέσθαι</span> <span class='ocrx_word' id='word_1_651' title='bbox 1503 4626 1585 4685; x_wconf 63' lang='grc' dir='ltr'>τὰ</span> <span class='ocrx_word' id='word_1_652' title='bbox 1614 4632 1775 4698; x_wconf 82' lang='grc' dir='ltr'>ὅπλα,</span> <span class='ocrx_word' id='word_1_653' title='bbox 1809 4634 1907 4709; x_wconf 76' lang='grc' dir='ltr'>καὶ</span> 
     </span>
    </p>
   </div>
   <div class='ocr_carea' id='block_1_90' title="bbox 323 4717 1908 4803">
    <p class='ocr_par' dir='ltr' id='par_1_90' title="bbox 323 4717 1908 4803">
     <span class='ocr_line' id='line_1_91' title="bbox 323 4717 1908 4803; baseline 0.007 -35"><span class='ocrx_word' id='word_1_654' title='bbox 323 4717 413 4768; x_wconf 84' lang='grc' dir='ltr'>ἐπ’</span> <span class='ocrx_word' id='word_1_655' title='bbox 446 4718 700 4790; x_wconf 48' lang='lat' dir='ltr'><strong>aurci-xui</strong></span> <span class='ocrx_word' id='word_1_656' title='bbox 734 4721 963 4787; x_wconf 73' lang='grc' dir='ltr'>ἑαυτοὺς</span> <span class='ocrx_word' id='word_1_657' title='bbox 987 4721 1083 4775; x_wconf 73' lang='grc' dir='ltr'>καὶ</span> <span class='ocrx_word' id='word_1_658' title='bbox 1132 4723 1259 4785; x_wconf 81' lang='grc' dir='ltr'>τοὺς</span> <span class='ocrx_word' id='word_1_659' title='bbox 1298 4723 1641 4803; x_wconf 77' lang='grc' dir='ltr'>στρατιώτας</span> <span class='ocrx_word' id='word_1_660' title='bbox 1677 4729 1908 4797; x_wconf 85' lang='grc' dir='ltr'>ποιήσα-</span> 
     </span>
    </p>
   </div>
   <div class='ocr_carea' id='block_1_91' title="bbox 324 4805 1903 4891">
    <p class='ocr_par' dir='ltr' id='par_1_91' title="bbox 324 4805 1903 4891">
     <span class='ocr_line' id='line_1_92' title="bbox 324 4805 1903 4891; baseline 0.009 -33"><span class='ocrx_word' id='word_1_661' title='bbox 324 4805 472 4862; x_wconf 87' lang='grc' dir='ltr'>σθαι.</span> <span class='ocrx_word' id='word_1_662' title='bbox 498 4809 611 4869; x_wconf 80' lang='grc' dir='ltr'>Καὶ</span> <span class='ocrx_word' id='word_1_663' title='bbox 646 4811 971 4874; x_wconf 80' lang='grc' dir='ltr'>πεισθέντας</span> <span class='ocrx_word' id='word_1_664' title='bbox 1009 4813 1107 4881; x_wconf 84' lang='grc' dir='ltr'>μὲν</span> <span class='ocrx_word' id='word_1_665' title='bbox 1141 4813 1432 4867; x_wconf 86' lang='grc' dir='ltr'>ἐπαινέσαι</span> <span class='ocrx_word' id='word_1_666' title='bbox 1457 4829 1474 4846; x_wconf 86' lang='grc'>⁶</span> <span class='ocrx_word' id='word_1_667' title='bbox 1506 4815 1556 4868; x_wconf 87' lang='grc' dir='ltr'>εἰ</span> <span class='ocrx_word' id='word_1_668' title='bbox 1589 4816 1636 4868; x_wconf 81' lang='grc' dir='ltr'>δ’</span> <span class='ocrx_word' id='word_1_669' title='bbox 1667 4809 1903 4891; x_wconf 83' lang='grc' dir='ltr'>ἀπειθή-</span> 
     </span>
    </p>
   </div>
   <div class='ocr_carea' id='block_1_92' title="bbox 322 4900 1904 4988">
    <p class='ocr_par' dir='ltr' id='par_1_92' title="bbox 322 4900 1904 4988">
     <span class='ocr_line' id='line_1_93' title="bbox 322 4900 1904 4988; baseline 0.007 -39"><span class='ocrx_word' id='word_1_670' title='bbox 322 4913 476 4977; x_wconf 75' lang='grc' dir='ltr'>σουσι</span> <span class='ocrx_word' id='word_1_671' title='bbox 544 4900 877 4977; x_wconf 83' lang='grc' dir='ltr'>πολεμῆσαι,</span> <span class='ocrx_word' id='word_1_672' title='bbox 943 4902 1035 4956; x_wconf 83' lang='grc' dir='ltr'>τὸν</span> <span class='ocrx_word' id='word_1_673' title='bbox 1112 4902 1351 4973; x_wconf 88' lang='grc' dir='ltr'>πόλεμον</span> <span class='ocrx_word' id='word_1_674' title='bbox 1401 4904 1458 4959; x_wconf 85' lang='grc' dir='ltr'>δὲ</span> <span class='ocrx_word' id='word_1_675' title='bbox 1501 4908 1613 4970; x_wconf 81' lang='grc' dir='ltr'>τοῖς</span> <span class='ocrx_word' id='word_1_676' title='bbox 1675 4908 1904 4988; x_wconf 77' lang='grc' dir='ltr'>ὑπάτοις</span> 
     </span>
    </p>
   </div>
   <div class='ocr_carea' id='block_1_93' title="bbox 321 4972 1902 5091">
    <p class='ocr_par' dir='ltr' id='par_1_93' title="bbox 321 4972 1902 5091">
     <span class='ocr_line' id='line_1_94' title="bbox 321 4972 1902 5091; baseline 0.008 -51"><span class='ocrx_word' id='word_1_677' title='bbox 321 4972 744 5049; x_wconf 62' lang='grc' dir='ltr'>πιστεύσασθαι.</span> <span class='ocrx_word' id='word_1_678' title='bbox 789 4992 849 5046; x_wconf 66' lang='lat' dir='ltr'>3O</span> <span class='ocrx_word' id='word_1_679' title='bbox 878 4992 979 5064; x_wconf 79' lang='grc' dir='ltr'>μὲν</span> <span class='ocrx_word' id='word_1_680' title='bbox 1000 4989 1095 5048; x_wconf 75' lang='grc' dir='ltr'>οὖν</span> <span class='ocrx_word' id='word_1_681' title='bbox 1122 4991 1243 5049; x_wconf 84' lang='grc' dir='ltr'>εἷπε</span> <span class='ocrx_word' id='word_1_682' title='bbox 1265 4996 1457 5049; x_wconf 70' lang='grc' dir='ltr'>ταῦτα*</span> <span class='ocrx_word' id='word_1_683' title='bbox 1491 4999 1541 5051; x_wconf 80' lang='lat' dir='ltr'>oi</span> <span class='ocrx_word' id='word_1_684' title='bbox 1570 4999 1902 5091; x_wconf 75' lang='grc' dir='ltr'>πράττοντες</span> 
     </span>
    </p>
   </div>
   <div class='ocr_carea' id='block_1_94' title="bbox 319 5082 1899 5165">
    <p class='ocr_par' dir='ltr' id='par_1_94' title="bbox 319 5082 1899 5165">
     <span class='ocr_line' id='line_1_95' title="bbox 319 5082 1899 5165; baseline 0.006 -30"><span class='ocrx_word' id='word_1_685' title='bbox 319 5082 374 5135; x_wconf 83' lang='grc' dir='ltr'>δὲ</span> <span class='ocrx_word' id='word_1_686' title='bbox 400 5084 468 5136; x_wconf 91' lang='grc' dir='ltr'>τά</span> <span class='ocrx_word' id='word_1_687' title='bbox 484 5082 578 5157; x_wconf 73' lang='grc' dir='ltr'>τού</span> <span class='ocrx_word' id='word_1_688' title='bbox 603 5086 881 5155; x_wconf 69' lang='grc' dir='ltr'>καίσαρος</span> <span class='ocrx_word' id='word_1_689' title='bbox 907 5087 1319 5165; x_wconf 80' lang='grc' dir='ltr'>ἐπεκράτησαν.</span> <span class='ocrx_word' id='word_1_690' title='bbox 1348 5090 1458 5143; x_wconf 80' lang='grc' dir='ltr'>Καί</span> <span class='ocrx_word' id='word_1_691' title='bbox 1478 5108 1624 5154; x_wconf 86' lang='grc' dir='ltr'>τινες</span> <span class='ocrx_word' id='word_1_692' title='bbox 1648 5092 1786 5165; x_wconf 82' lang='grc' dir='ltr'>πρὸς</span> <span class='ocrx_word' id='word_1_693' title='bbox 1809 5082 1899 5145; x_wconf 77' lang='grc' dir='ltr'>τὸν</span> 
     </span>
    </p>
   </div>
   <div class='ocr_carea' id='block_1_95' title="bbox 328 5174 1896 5259">
    <p class='ocr_par' dir='ltr' id='par_1_95' title="bbox 328 5174 1896 5259">
     <span class='ocr_line' id='line_1_96' title="bbox 328 5174 1896 5259; baseline 0.006 -32"><span class='ocrx_word' id='word_1_694' title='bbox 328 5174 614 5252; x_wconf 65' lang='grc' dir='ltr'>Ἄντώνιον</span> <span class='ocrx_word' id='word_1_695' title='bbox 640 5179 706 5231; x_wconf 86' lang='grc' dir='ltr'>ἐκ</span> <span class='ocrx_word' id='word_1_696' title='bbox 738 5178 834 5247; x_wconf 84' lang='grc' dir='ltr'>τῆς</span> <span class='ocrx_word' id='word_1_697' title='bbox 865 5177 1065 5248; x_wconf 84' lang='grc' dir='ltr'>βουλῆς</span> <span class='ocrx_word' id='word_1_698' title='bbox 1104 5180 1514 5259; x_wconf 80' lang='grc' dir='ltr'>ἀπεστάλησαν,</span> <span class='ocrx_word' id='word_1_699' title='bbox 1569 5182 1896 5255; x_wconf 80' lang='grc' dir='ltr'>κελευούσης</span> 
     </span>
    </p>
   </div>
   <div class='ocr_carea' id='block_1_96' title="bbox 315 5245 1896 5353">
    <p class='ocr_par' dir='ltr' id='par_1_96' title="bbox 315 5245 1896 5353">
     <span class='ocr_line' id='line_1_97' title="bbox 315 5245 1896 5353; baseline 0.007 -35"><span class='ocrx_word' id='word_1_700' title='bbox 315 5265 469 5337; x_wconf 82' lang='grc' dir='ltr'>αύτῷ</span> <span class='ocrx_word' id='word_1_701' title='bbox 502 5267 573 5334; x_wconf 75' lang='grc' dir='ltr'>τά</span> <span class='ocrx_word' id='word_1_702' title='bbox 596 5245 673 5320; x_wconf 44' lang='grc' dir='ltr'>’τε</span> <span class='ocrx_word' id='word_1_703' title='bbox 720 5245 1062 5339; x_wconf 71' lang='grc' dir='ltr'>στρατόπεδα</span> <span class='ocrx_word' id='word_1_704' title='bbox 1092 5273 1190 5325; x_wconf 74' lang='grc' dir='ltr'>καὶ</span> <span class='ocrx_word' id='word_1_705' title='bbox 1218 5270 1319 5342; x_wconf 82' lang='grc' dir='ltr'>τὴν</span> <span class='ocrx_word' id='word_1_706' title='bbox 1359 5245 1631 5353; x_wconf 55' lang='lat' dir='ltr'><strong>falas-[av</strong></span> <span class='ocrx_word' id='word_1_707' title='bbox 1676 5245 1896 5344; x_wconf 67' lang='grc' dir='ltr'>ἀφεῖναι</span> 
     </span>
    </p>
   </div>
   <div class='ocr_carea' id='block_1_97' title="bbox 321 5357 1895 5439">
    <p class='ocr_par' dir='ltr' id='par_1_97' title="bbox 321 5357 1895 5439">
     <span class='ocr_line' id='line_1_98' title="bbox 321 5357 1895 5439; baseline 0.009 -30"><span class='ocrx_word' id='word_1_708' title='bbox 321 5357 418 5410; x_wconf 67' lang='grc' dir='ltr'>καὶ</span> <span class='ocrx_word' id='word_1_709' title='bbox 446 5361 706 5417; x_wconf 77' lang='grc' dir='ltr'>ἀπελθεῖν</span> <span class='ocrx_word' id='word_1_710' title='bbox 726 5364 807 5426; x_wconf 83' lang='grc' dir='ltr'>εἰς</span> <span class='ocrx_word' id='word_1_711' title='bbox 829 5364 1198 5433; x_wconf 84' lang='grc' dir='ltr'>Μακεδονίαν,</span> <span class='ocrx_word' id='word_1_712' title='bbox 1244 5367 1358 5430; x_wconf 84' lang='grc' dir='ltr'>τοῖς</span> <span class='ocrx_word' id='word_1_713' title='bbox 1401 5367 1548 5438; x_wconf 78' lang='grc' dir='ltr'>αὐτῷ</span> <span class='ocrx_word' id='word_1_714' title='bbox 1570 5385 1629 5421; x_wconf 86' lang='grc' dir='ltr'>τε</span> <span class='ocrx_word' id='word_1_715' title='bbox 1660 5387 1895 5439; x_wconf 83' lang='grc' dir='ltr'>συστρα-</span> 
     </span>
    </p>
   </div>
   <div class='ocr_carea' id='block_1_98' title="bbox 316 5451 1893 5536">
    <p class='ocr_par' dir='ltr' id='par_1_98' title="bbox 316 5451 1893 5536">
     <span class='ocr_line' id='line_1_99' title="bbox 316 5451 1893 5536; baseline 0.01 -35"><span class='ocrx_word' id='word_1_716' title='bbox 316 5451 635 5520; x_wconf 84' lang='grc' dir='ltr'>τευομένοις</span> <span class='ocrx_word' id='word_1_717' title='bbox 662 5454 1110 5524; x_wconf 85' lang='grc' dir='ltr'>προσταττούσης</span> <span class='ocrx_word' id='word_1_718' title='bbox 1132 5458 1316 5511; x_wconf 74' lang='grc' dir='ltr'>οἴκαδε</span> <span class='ocrx_word' id='word_1_719' title='bbox 1333 5460 1689 5536; x_wconf 78' lang='grc' dir='ltr'>ἀναχωρῆσαι</span> <span class='ocrx_word' id='word_1_720' title='bbox 1720 5465 1893 5535; x_wconf 80' lang='grc' dir='ltr'>ῥητῆς</span> 
     </span>
    </p>
   </div>
   <div class='ocr_carea' id='block_1_99' title="bbox 319 5542 1891 5627">
    <p class='ocr_par' dir='ltr' id='par_1_99' title="bbox 319 5542 1891 5627">
     <span class='ocr_line' id='line_1_100' title="bbox 319 5542 1891 5627; baseline 0.011 -34"><span class='ocrx_word' id='word_1_721' title='bbox 319 5542 536 5611; x_wconf 82' lang='grc' dir='ltr'>ἡμέρας</span> <span class='ocrx_word' id='word_1_722' title='bbox 582 5545 756 5610; x_wconf 82' lang='grc' dir='ltr'>ἐντὸς,</span> <span class='ocrx_word' id='word_1_723' title='bbox 799 5547 833 5618; x_wconf 77' lang='grc' dir='ltr'><strong>ἢ</strong></span> <span class='ocrx_word' id='word_1_724' title='bbox 869 5549 1162 5616; x_wconf 84' lang='grc' dir='ltr'>γινώσκειν</span> <span class='ocrx_word' id='word_1_725' title='bbox 1196 5549 1270 5614; x_wconf 84' lang='grc' dir='ltr'>ὡς</span> <span class='ocrx_word' id='word_1_726' title='bbox 1312 5553 1369 5605; x_wconf 89' lang='grc' dir='ltr'>ἐν</span> <span class='ocrx_word' id='word_1_727' title='bbox 1407 5553 1573 5625; x_wconf 79' lang='grc' dir='ltr'>μοίρᾳ</span> <span class='ocrx_word' id='word_1_728' title='bbox 1615 5557 1891 5627; x_wconf 82' lang='grc' dir='ltr'>πολεμίων</span> 
     </span>
    </p>
   </div>
   <div class='ocr_carea' id='block_1_100' title="bbox 317 5635 1889 5721">
    <p class='ocr_par' dir='ltr' id='par_1_100' title="bbox 317 5635 1889 5721">
     <span class='ocr_line' id='line_1_101' title="bbox 317 5635 1889 5721; baseline 0.012 -35"><span class='ocrx_word' id='word_1_729' title='bbox 317 5635 502 5697; x_wconf 83' lang='grc' dir='ltr'>αὐτοῖς</span> <span class='ocrx_word' id='word_1_730' title='bbox 520 5635 965 5707; x_wconf 78' lang='grc' dir='ltr'>λογισθήσονται.</span> <span class='ocrx_word' id='word_1_731' title='bbox 1000 5641 1114 5709; x_wconf 84' lang='grc' dir='ltr'>Πρὸ</span> <span class='ocrx_word' id='word_1_732' title='bbox 1149 5643 1206 5694; x_wconf 86' lang='grc' dir='ltr'>δὲ</span> <span class='ocrx_word' id='word_1_733' title='bbox 1263 5644 1357 5697; x_wconf 78' lang='grc' dir='ltr'>τοῦ</span> <span class='ocrx_word' id='word_1_734' title='bbox 1401 5648 1501 5715; x_wconf 79' lang='grc' dir='ltr'>τὴν</span> <span class='ocrx_word' id='word_1_735' title='bbox 1532 5647 1762 5721; x_wconf 81' lang='grc' dir='ltr'>γνώμην</span> <span class='ocrx_word' id='word_1_736' title='bbox 1793 5652 1889 5706; x_wconf 81' lang='grc' dir='ltr'>τοῦ</span> 
     </span>
    </p>
   </div>
   <div class='ocr_carea' id='block_1_101' title="bbox 330 5724 1889 5809">
    <p class='ocr_par' dir='ltr' id='par_1_101' title="bbox 330 5724 1889 5809">
     <span class='ocr_line' id='line_1_102' title="bbox 330 5724 1889 5809; baseline 0.012 -32"><span class='ocrx_word' id='word_1_737' title='bbox 330 5724 620 5780; x_wconf 78' lang='grc' dir='ltr'>Ἀντωνίου</span> <span class='ocrx_word' id='word_1_738' title='bbox 652 5728 842 5796; x_wconf 85' lang='grc' dir='ltr'>μαθεῖν</span> <span class='ocrx_word' id='word_1_739' title='bbox 872 5731 965 5783; x_wconf 80' lang='grc' dir='ltr'>τὸν</span> <span class='ocrx_word' id='word_1_740' title='bbox 990 5733 1127 5804; x_wconf 82' lang='grc' dir='ltr'>πρὸς</span> <span class='ocrx_word' id='word_1_741' title='bbox 1149 5734 1313 5809; x_wconf 80' lang='grc' dir='ltr'>αὑτὸν</span> <span class='ocrx_word' id='word_1_742' title='bbox 1350 5735 1591 5807; x_wconf 86' lang='grc' dir='ltr'>πόλεμον</span> <span class='ocrx_word' id='word_1_743' title='bbox 1613 5743 1725 5801; x_wconf 75' lang='grc' dir='ltr'>τοῖς</span> <span class='ocrx_word' id='word_1_744' title='bbox 1748 5743 1889 5797; x_wconf 73' lang='grc' dir='ltr'>ὑπά-</span> 
     </span>
    </p>
   </div>
   <div class='ocr_carea' id='block_1_102' title="bbox 313 5818 1883 5903">
    <p class='ocr_par' dir='ltr' id='par_1_102' title="bbox 313 5818 1883 5903">
     <span class='ocr_line' id='line_1_103' title="bbox 313 5818 1883 5903; baseline 0.011 -31"><span class='ocrx_word' id='word_1_745' title='bbox 313 5833 430 5882; x_wconf 70' lang='grc' dir='ltr'>τοις</span> <span class='ocrx_word' id='word_1_746' title='bbox 456 5818 552 5872; x_wconf 78' lang='grc' dir='ltr'>καὶ</span> <span class='ocrx_word' id='word_1_747' title='bbox 579 5818 655 5889; x_wconf 83' lang='grc' dir='ltr'>τῷ</span> <span class='ocrx_word' id='word_1_748' title='bbox 682 5821 943 5894; x_wconf 85' lang='grc' dir='ltr'>Καίσαρι,</span> <span class='ocrx_word' id='word_1_749' title='bbox 969 5825 1145 5896; x_wconf 81' lang='grc' dir='ltr'>ἀρχὴν</span> <span class='ocrx_word' id='word_1_750' title='bbox 1161 5826 1309 5898; x_wconf 69' lang='grc' dir='ltr'>αὐτῷ</span> <span class='ocrx_word' id='word_1_751' title='bbox 1342 5831 1653 5902; x_wconf 79' lang='grc' dir='ltr'>στρατηγοῦ</span> <span class='ocrx_word' id='word_1_752' title='bbox 1678 5831 1883 5903; x_wconf 71' lang='grc' dir='ltr'>δόντες,</span> 
     </span>
    </p>
   </div>
   <div class='ocr_carea' id='block_1_103' title="bbox 551 5912 1383 5983">
    <p class='ocr_par' dir='ltr' id='par_1_103' title="bbox 551 5912 1383 5983">
     <span class='ocr_line' id='line_1_104' title="bbox 551 5912 1383 5983; baseline 0.012 -12"><span class='ocrx_word' id='word_1_753' title='bbox 551 5912 828 5978; x_wconf 54' lang='lat' dir='ltr'><strong>Parnm“</strong></span> <span class='ocrx_word' id='word_1_754' title='bbox 878 5918 996 5980; x_wconf 85' lang='lat' dir='ltr'><strong>Gn.</strong></span> <span class='ocrx_word' id='word_1_755' title='bbox 1037 5914 1383 5983; x_wconf 74' lang='lat' dir='ltr'>CXXXIV.</span> 
     </span>
    </p>
   </div>
   <div class='ocr_carea' id='block_1_104' title="bbox 2010 4628 3582 4726">
    <p class='ocr_par' dir='ltr' id='par_1_104' title="bbox 2010 4628 3582 4726">
     <span class='ocr_line' id='line_1_105' title="bbox 2010 4628 3582 4726; baseline 0.013 -36"><span class='ocrx_word' id='word_1_756' title='bbox 2010 4637 2218 4708; x_wconf 90' lang='lat' dir='ltr'><strong>alioqui</strong></span> <span class='ocrx_word' id='word_1_757' title='bbox 2250 4628 2493 4694; x_wconf 85' lang='lat' dir='ltr'><strong>hostium</strong></span> <span class='ocrx_word' id='word_1_758' title='bbox 2517 4640 2639 4723; x_wconf 79' lang='lat' dir='ltr'><strong>loco</strong></span> <span class='ocrx_word' id='word_1_759' title='bbox 2661 4628 2947 4726; x_wconf 76' lang='lat' dir='ltr'><strong>habendos</strong></span> <span class='ocrx_word' id='word_1_760' title='bbox 2975 4662 3120 4704; x_wconf 87' lang='lat' dir='ltr'><strong>esse.</strong></span> <span class='ocrx_word' id='word_1_761' title='bbox 3159 4649 3228 4706; x_wconf 85' lang='lat' dir='ltr'><strong>Et</strong></span> <span class='ocrx_word' id='word_1_762' title='bbox 3258 4628 3582 4726; x_wconf 82' lang='lat' dir='ltr'><strong>priusquam</strong></span> 
     </span>
    </p>
   </div>
   <div class='ocr_carea' id='block_1_105' title="bbox 1958 4713 3587 4821">
    <p class='ocr_par' dir='ltr' id='par_1_105' title="bbox 1958 4713 3587 4821">
     <span class='ocr_line' id='line_1_106' title="bbox 1958 4713 3587 4821; baseline 0.014 -41"><span class='ocrx_word' id='word_1_763' title='bbox 1958 4737 2199 4799; x_wconf 87' lang='lat' dir='ltr'><strong>_nosset</strong></span> <span class='ocrx_word' id='word_1_764' title='bbox 2256 4713 2784 4821; x_wconf 23' lang='lat' dir='ltr'><strong>animum&#39;én‘tonii&#39;</strong></span> <span class='ocrx_word' id='word_1_765' title='bbox 2823 4747 3071 4807; x_wconf 87' lang='lat' dir='ltr'><strong>senatus,</strong></span> <span class='ocrx_word' id='word_1_766' title='bbox 3136 4741 3342 4798; x_wconf 85' lang='lat' dir='ltr'><strong>bellum</strong></span> <span class='ocrx_word' id='word_1_767' title='bbox 3394 4757 3587 4804; x_wconf 91' lang='lat' dir='ltr'><strong>contra</strong></span> 
     </span>
    </p>
   </div>
   <div class='ocr_carea' id='block_1_106' title="bbox 2004 4801 3588 4909">
    <p class='ocr_par' dir='ltr' id='par_1_106' title="bbox 2004 4801 3588 4909">
     <span class='ocr_line' id='line_1_107' title="bbox 2004 4801 3588 4909; baseline 0.014 -35"><span class='ocrx_word' id='word_1_768' title='bbox 2004 4836 2132 4875; x_wconf 90' lang='lat' dir='ltr'>eum</span> <span class='ocrx_word' id='word_1_769' title='bbox 2187 4801 2791 4909; x_wconf 46' lang='lat' dir='ltr'><strong>consrilibus,&quot;Ctesari</strong></span> <span class='ocrx_word' id='word_1_770' title='bbox 2848 4839 3176 4900; x_wconf 75' lang='lat' dir='ltr'><strong>potestatem</strong></span> <span class='ocrx_word' id='word_1_771' title='bbox 3236 4837 3588 4909; x_wconf 86' lang='lat' dir='ltr'><strong>imperatoris</strong></span> 
     </span>
    </p>
   </div>
   <div class='ocr_carea' id='block_1_107' title="bbox 2003 4899 3586 5003">
    <p class='ocr_par' dir='ltr' id='par_1_107' title="bbox 2003 4899 3586 5003">
     <span class='ocr_line' id='line_1_108' title="bbox 2003 4899 3586 5003; baseline 0.015 -38"><span class='ocrx_word' id='word_1_772' title='bbox 2003 4914 2304 4988; x_wconf 74' lang='lat' dir='ltr'><strong>mandavit.</strong></span> <span class='ocrx_word' id='word_1_773' title='bbox 2341 4899 2553 4981; x_wconf 76' lang='lat' dir='ltr'><strong>Quibus</strong></span> <span class='ocrx_word' id='word_1_774' title='bbox 2586 4920 2754 4976; x_wconf 90' lang='lat' dir='ltr'><strong>rebus</strong></span> <span class='ocrx_word' id='word_1_775' title='bbox 2781 4899 3057 4982; x_wconf 78' lang='lat' dir='ltr'><strong>Atitonius</strong></span> <span class='ocrx_word' id='word_1_776' title='bbox 3098 4930 3357 4999; x_wconf 81' lang='lat' dir='ltr'><strong>cognitis,</strong></span> <span class='ocrx_word' id='word_1_777' title='bbox 3392 4933 3586 5003; x_wconf 81' lang='lat' dir='ltr'><strong>legatis</strong></span> 
     </span>
    </p>
   </div>
   <div class='ocr_carea' id='block_1_108' title="bbox 2006 4996 3580 5093">
    <p class='ocr_par' dir='ltr' id='par_1_108' title="bbox 2006 4996 3580 5093">
     <span class='ocr_line' id='line_1_109' title="bbox 2006 4996 3580 5093; baseline 0.011 -33"><span class='ocrx_word' id='word_1_778' title='bbox 2006 4996 2239 5088; x_wconf 65' lang='lat' dir='ltr'><strong>seruatus</strong></span> <span class='ocrx_word' id='word_1_779' title='bbox 2296 4997 2701 5067; x_wconf 65' lang='lat' dir='ltr'><strong>co&#39;nlunzeliose</strong></span> <span class='ocrx_word' id='word_1_780' title='bbox 2751 5016 3024 5081; x_wconf 88' lang='lat' dir='ltr'><strong>tractatis,</strong></span> <span class='ocrx_word' id='word_1_781' title='bbox 3072 5034 3170 5088; x_wconf 90' lang='lat' dir='ltr'>per</span> <span class='ocrx_word' id='word_1_782' title='bbox 3203 5036 3332 5075; x_wconf 91' lang='lat' dir='ltr'><strong>suos</strong></span> <span class='ocrx_word' id='word_1_783' title='bbox 3353 5022 3580 5093; x_wconf 73' lang='lat' dir='ltr'><strong>legatos,</strong></span> 
     </span>
    </p>
   </div>
   <div class='ocr_carea' id='block_1_109' title="bbox 2000 5076 3580 5181">
    <p class='ocr_par' dir='ltr' id='par_1_109' title="bbox 2000 5076 3580 5181">
     <span class='ocr_line' id='line_1_110' title="bbox 2000 5076 3580 5181; baseline 0.013 -31"><span class='ocrx_word' id='word_1_784' title='bbox 2000 5076 2223 5168; x_wconf 66' lang='lat' dir='ltr'><strong>causam</strong></span> <span class='ocrx_word' id='word_1_785' title='bbox 2260 5115 2383 5169; x_wconf 79' lang='lat' dir='ltr'><strong>qua:</strong></span> <span class='ocrx_word' id='word_1_786' title='bbox 2427 5100 2574 5156; x_wconf 91' lang='lat' dir='ltr'><strong>bello</strong></span> <span class='ocrx_word' id='word_1_787' title='bbox 2606 5108 3036 5174; x_wconf 61' lang='lat' dir='ltr'><strong>praetexebatur,</strong></span> <span class='ocrx_word' id='word_1_788' title='bbox 3085 5110 3140 5164; x_wconf 92' lang='lat' dir='ltr'>in</span> <span class='ocrx_word' id='word_1_789' title='bbox 3180 5111 3329 5181; x_wconf 81' lang='lat' dir='ltr'><strong>ipsos</strong></span> <span class='ocrx_word' id='word_1_790' title='bbox 3369 5114 3580 5171; x_wconf 89' lang='lat' dir='ltr'><strong>decreti</strong></span> 
     </span>
    </p>
   </div>
   <div class='ocr_carea' id='block_1_110' title="bbox 1999 5193 3579 5274">
    <p class='ocr_par' dir='ltr' id='par_1_110' title="bbox 1999 5193 3579 5274">
     <span class='ocr_line' id='line_1_111' title="bbox 1999 5193 3579 5274; baseline 0.013 -32"><span class='ocrx_word' id='word_1_791' title='bbox 1999 5199 2260 5246; x_wconf 80' lang='lat' dir='ltr'><strong>auctores</strong></span> <span class='ocrx_word' id='word_1_792' title='bbox 2282 5194 2527 5248; x_wconf 90' lang='lat' dir='ltr'><strong>retorsit.</strong></span> <span class='ocrx_word' id='word_1_793' title='bbox 2557 5193 2930 5260; x_wconf 87' lang='lat' dir='ltr'><strong>Quamobrem</strong></span> <span class='ocrx_word' id='word_1_794' title='bbox 2960 5200 3147 5256; x_wconf 90' lang='lat' dir='ltr'><strong>denuo</strong></span> <span class='ocrx_word' id='word_1_795' title='bbox 3174 5214 3230 5258; x_wconf 92' lang='lat' dir='ltr'>et</span> <span class='ocrx_word' id='word_1_796' title='bbox 3259 5205 3377 5274; x_wconf 83' lang='lat' dir='ltr'><strong>ipso</strong></span> <span class='ocrx_word' id='word_1_797' title='bbox 3400 5205 3579 5263; x_wconf 87' lang='lat' dir='ltr'><strong>hostis</strong></span> 
     </span>
    </p>
   </div>
   <div class='ocr_carea' id='block_1_111' title="bbox 1993 5281 3575 5367">
    <p class='ocr_par' dir='ltr' id='par_1_111' title="bbox 1993 5281 3575 5367">
     <span class='ocr_line' id='line_1_112' title="bbox 1993 5281 3575 5367; baseline 0.014 -35"><span class='ocrx_word' id='word_1_798' title='bbox 1993 5281 2279 5350; x_wconf 88' lang='lat' dir='ltr'><strong>judicatus</strong></span> <span class='ocrx_word' id='word_1_799' title='bbox 2314 5292 2401 5339; x_wconf 87' lang='lat' dir='ltr'>est</span> <span class='ocrx_word' id='word_1_800' title='bbox 2434 5301 2449 5343; x_wconf 90' lang='lat'><strong>:</strong></span> <span class='ocrx_word' id='word_1_801' title='bbox 2486 5297 2543 5340; x_wconf 89' lang='lat' dir='ltr'>et</span> <span class='ocrx_word' id='word_1_802' title='bbox 2591 5289 2820 5355; x_wconf 89' lang='lat' dir='ltr'><strong>milites,</strong></span> <span class='ocrx_word' id='word_1_803' title='bbox 2877 5290 2935 5345; x_wconf 89' lang='lat' dir='ltr'>ni</span> <span class='ocrx_word' id='word_1_804' title='bbox 2990 5292 3143 5348; x_wconf 92' lang='lat' dir='ltr'><strong>illum</strong></span> <span class='ocrx_word' id='word_1_805' title='bbox 3196 5296 3575 5367; x_wconf 88' lang='lat' dir='ltr'><strong>reliquissent,</strong></span> 
     </span>
    </p>
   </div>
   <div class='ocr_carea' id='block_1_112' title="bbox 1995 5371 3578 5445">
    <p class='ocr_par' dir='ltr' id='par_1_112' title="bbox 1995 5371 3578 5445">
     <span class='ocr_line' id='line_1_113' title="bbox 1995 5371 3578 5445; baseline 0.012 -19"><span class='ocrx_word' id='word_1_806' title='bbox 1995 5372 2105 5427; x_wconf 92' lang='lat' dir='ltr'><strong>alio</strong></span> <span class='ocrx_word' id='word_1_807' title='bbox 2124 5373 2211 5428; x_wconf 89' lang='lat' dir='ltr'>die</span> <span class='ocrx_word' id='word_1_808' title='bbox 2243 5377 2528 5442; x_wconf 68' lang='lat' dir='ltr'><strong>praztinito.</strong></span> <span class='ocrx_word' id='word_1_809' title='bbox 2566 5378 2662 5433; x_wconf 87' lang='lat' dir='ltr'><strong>Ille</strong></span> <span class='ocrx_word' id='word_1_810' title='bbox 2696 5396 2828 5435; x_wconf 89' lang='lat' dir='ltr'><strong>vero</strong></span> <span class='ocrx_word' id='word_1_811' title='bbox 2860 5381 3082 5438; x_wconf 77' lang='lat' dir='ltr'><strong>Mutina:</strong></span> <span class='ocrx_word' id='word_1_812' title='bbox 3107 5371 3395 5443; x_wconf 84' lang='lat' dir='ltr'><strong>Decimum</strong></span> <span class='ocrx_word' id='word_1_813' title='bbox 3422 5391 3578 5445; x_wconf 84' lang='lat' dir='ltr'><strong>obsi-</strong></span> 
     </span>
    </p>
   </div>
   <div class='ocr_carea' id='block_1_113' title="bbox 1995 5466 3575 5557">
    <p class='ocr_par' dir='ltr' id='par_1_113' title="bbox 1995 5466 3575 5557">
     <span class='ocr_line' id='line_1_114' title="bbox 1995 5466 3575 5557; baseline 0.009 -36"><span class='ocrx_word' id='word_1_814' title='bbox 1995 5466 2155 5532; x_wconf 85' lang='lat' dir='ltr'><strong>dens,</strong></span> <span class='ocrx_word' id='word_1_815' title='bbox 2189 5467 2325 5523; x_wconf 80' lang='lat' dir='ltr'><strong>nihil</strong></span> <span class='ocrx_word' id='word_1_816' title='bbox 2370 5471 2540 5539; x_wconf 77' lang='lat' dir='ltr'><strong>gessit</strong></span> <span class='ocrx_word' id='word_1_817' title='bbox 2570 5474 2953 5531; x_wconf 89' lang='lat' dir='ltr'><strong>memorabilc.</strong></span> <span class='ocrx_word' id='word_1_818' title='bbox 2994 5473 3253 5557; x_wconf 79' lang='lat' dir='ltr'><strong>Decimus</strong></span> <span class='ocrx_word' id='word_1_819' title='bbox 3299 5497 3430 5537; x_wconf 90' lang='lat' dir='ltr'><strong>vero</strong></span> <span class='ocrx_word' id='word_1_820' title='bbox 3460 5485 3575 5552; x_wconf 83' lang='lat' dir='ltr'><strong>pri-</strong></span> 
     </span>
    </p>
   </div>
   <div class='ocr_carea' id='block_1_114' title="bbox 1995 5556 3576 5644">
    <p class='ocr_par' dir='ltr' id='par_1_114' title="bbox 1995 5556 3576 5644">
     <span class='ocr_line' id='line_1_115' title="bbox 1995 5556 3576 5644; baseline 0.011 -32"><span class='ocrx_word' id='word_1_821' title='bbox 1995 5575 2147 5615; x_wconf 87' lang='lat' dir='ltr'>mum</span> <span class='ocrx_word' id='word_1_822' title='bbox 2182 5563 2403 5631; x_wconf 80' lang='lat' dir='ltr'><strong>egregie</strong></span> <span class='ocrx_word' id='word_1_823' title='bbox 2448 5578 2508 5617; x_wconf 90' lang='lat' dir='ltr'>se</span> <span class='ocrx_word' id='word_1_824' title='bbox 2540 5557 2811 5644; x_wconf 71' lang='lat' dir='ltr'><strong>defendit.</strong></span> <span class='ocrx_word' id='word_1_825' title='bbox 2876 5556 3101 5625; x_wconf 78' lang='lat' dir='ltr'><strong>Deinde&#39;</strong></span> <span class='ocrx_word' id='word_1_826' title='bbox 3132 5556 3255 5644; x_wconf 71' lang='lat' dir='ltr'>cum</span> <span class='ocrx_word' id='word_1_827' title='bbox 3313 5557 3576 5642; x_wconf 82' lang='lat' dir='ltr'><strong>operibus</strong></span> 
     </span>
    </p>
   </div>
   <div class='ocr_carea' id='block_1_115' title="bbox 1992 5642 3570 5756">
    <p class='ocr_par' dir='ltr' id='par_1_115' title="bbox 1992 5642 3570 5756">
     <span class='ocr_line' id='line_1_116' title="bbox 1992 5642 3570 5756; baseline 0.007 -49"><span class='ocrx_word' id='word_1_828' title='bbox 1992 5655 2237 5724; x_wconf 88' lang='lat' dir='ltr'><strong>undique</strong></span> <span class='ocrx_word' id='word_1_829' title='bbox 2262 5656 2476 5710; x_wconf 87' lang='lat' dir='ltr'><strong>cinctus</strong></span> <span class='ocrx_word' id='word_1_830' title='bbox 2503 5665 2671 5744; x_wconf 61' lang='lat' dir='ltr'><strong>esset,</strong></span> <span class='ocrx_word' id='word_1_831' title='bbox 2696 5642 2904 5713; x_wconf 84' lang='lat' dir='ltr'><strong>veritus</strong></span> <span class='ocrx_word' id='word_1_832' title='bbox 2925 5645 3128 5743; x_wconf 52' lang='lat' dir='ltr'><strong>aesar,</strong></span> <span class='ocrx_word' id='word_1_833' title='bbox 3156 5648 3226 5717; x_wconf 81' lang='lat' dir='ltr'>ne</span> <span class='ocrx_word' id='word_1_834' title='bbox 3255 5658 3570 5756; x_wconf 62' lang='lat' dir='ltr'><strong>caperetur,</strong></span> 
     </span>
    </p>
   </div>
   <div class='ocr_carea' id='block_1_116' title="bbox 1991 5747 3569 5815">
    <p class='ocr_par' dir='ltr' id='par_1_116' title="bbox 1991 5747 3569 5815">
     <span class='ocr_line' id='line_1_117' title="bbox 1991 5747 3569 5815; baseline 0.01 -16"><span class='ocrx_word' id='word_1_835' title='bbox 1991 5755 2085 5799; x_wconf 91' lang='lat' dir='ltr'>aut</span> <span class='ocrx_word' id='word_1_836' title='bbox 2116 5747 2348 5815; x_wconf 90' lang='lat' dir='ltr'><strong>penuria</strong></span> <span class='ocrx_word' id='word_1_837' title='bbox 2376 5759 2720 5804; x_wconf 78' lang='lat' dir='ltr'><strong>commeatus</strong></span> <span class='ocrx_word' id='word_1_838' title='bbox 2762 5750 3104 5807; x_wconf 85' lang='lat' dir='ltr'><strong>deditionem</strong></span> <span class='ocrx_word' id='word_1_839' title='bbox 3159 5754 3365 5810; x_wconf 77' lang='lat' dir='ltr'><strong>faceret</strong></span> <span class='ocrx_word' id='word_1_840' title='bbox 3394 5772 3407 5809; x_wconf 86' lang='lat'><strong>:</strong></span> <span class='ocrx_word' id='word_1_841' title='bbox 3443 5747 3569 5815; x_wconf 72' lang='lat' dir='ltr'><strong>cuni</strong></span> 
     </span>
    </p>
   </div>
   <div class='ocr_carea' id='block_1_117' title="bbox 1991 5823 3572 5931">
    <p class='ocr_par' dir='ltr' id='par_1_117' title="bbox 1991 5823 3572 5931">
     <span class='ocr_line' id='line_1_118' title="bbox 1991 5823 3572 5931; baseline 0.009 -42"><span class='ocrx_word' id='word_1_842' title='bbox 1991 5834 2172 5916; x_wconf 81' lang='lat' dir='ltr'><strong>llirtio</strong></span> <span class='ocrx_word' id='word_1_843' title='bbox 2240 5823 2550 5894; x_wconf 29' lang='lat' dir='ltr'><strong>exercitum.</strong></span> <span class='ocrx_word' id='word_1_844' title='bbox 2577 5854 2772 5915; x_wconf 81' lang='lat' dir='ltr'><strong>versus</strong></span> <span class='ocrx_word' id='word_1_845' title='bbox 2807 5826 3070 5914; x_wconf 72' lang='lat' dir='ltr'><strong>Mutinam</strong></span> <span class='ocrx_word' id='word_1_846' title='bbox 3103 5844 3279 5902; x_wconf 85' lang='lat' dir='ltr'><strong>duxit.</strong></span> <span class='ocrx_word' id='word_1_847' title='bbox 3314 5845 3422 5904; x_wconf 82' lang='lat' dir='ltr'><strong>Sed</strong></span> <span class='ocrx_word' id='word_1_848' title='bbox 3444 5840 3572 5931; x_wconf 66' lang='lat' dir='ltr'>cum</span> 
     </span>
    </p>
   </div>
   <div class='ocr_carea' id='block_1_118' title="bbox 3131 5938 3210 6031">
    <p class='ocr_par' dir='ltr' id='par_1_118' title="bbox 3131 5938 3210 6031">
     <span class='ocr_line' id='line_1_119' title="bbox 3131 5938 3210 6031; baseline 0.013 -1"><span class='ocrx_word' id='word_1_849' title='bbox 3131 5938 3210 6031; x_wconf 64' lang='lat'>27</span> 
     </span>
    </p>
   </div>
  </div>
