4024 6402
463 350 570 414 843

1729 348 2052 413 JOANNIS
2091 347 2412 410 ZONARIE

3613 349 3730 412 8M

455 479 672 522 amnem
708 464 1173 536 praeterﬂuentem
1205 472 1435 536 propter
1465 463 1753 520 custodias
1781 464 2035 532 trajicere

2143 462 2652 532 ἐμπεπιστεύκασι.
2711 463 2900 518 Ταῦτα
2948 463 3137 533 μαθὼν
3168 464 3197 515 δ
3243 464 3533 528 Ἀντώνιος
3596 465 3734 528 τοὺς

457 575 563 612 nun
587 564 836 628 possent,
867 564 925 611 et
960 556 1030 610 de
1061 571 1159 610 sua
1197 555 1491 626 praesentia
1547 570 1672 610 eum
1733 555 2029 610 certiorem

455 650 659 706 factum
699 656 992 719 cuperent,
1023 664 1093 704 ex
1122 648 1411 703 altissimis
1457 647 1756 712 arboribus
1782 648 1836 720 ei
1875 649 2030 719 signa

453 741 746 802 dederunt,
773 737 936 810 497
959 737 1180 794 ﬂamma
1207 739 1351 794 elata
1395 756 1408 792 :
1444 753 1566 808 quae
1601 753 1728 793 cum
1783 755 1892 793 non
1944 739 2032 793 in-

455 832 750 904 telligeret,
785 832 1004 887 laminae
1031 830 1243 902 plumbi
1279 831 1596 886 tenuissimi
1644 831 1778 902 quid
1827 831 2036 887 vellent

451 924 875 994 inscripserunt,
903 939 1138 994 eamque
1179 923 1389 979 chartae
1443 922 1621 978 instar
1675 925 2029 979 convolutam

450 1014 690 1070 nataturi
724 1013 1116 1085 perferendam
1143 1013 1442 1070 dederunt.
1483 1013 1576 1072 Sic
1600 1015 2034 1086 Decimusprm-

450 1107 626 1162 scntia
653 1122 848 1162 eorum
875 1107 1119 1178 cognita,
1158 1107 1354 1164 eodem
1386 1107 1498 1164 illis
1519 1111 1681 1164 modo
1716 1108 2030 1180 rescripsit.

447 1197 622 1264 Quem
661 1213 789 1253 cum
831 1199 1106 1255 Antonius
1148 1198 1286 1252 nihil
1329 1198 1528 1256 cedere
1577 1199 1812 1267 videret,
1857 1200 2032 1257 Lucio

449 1289 620 1346 fratre
644 1289 713 1346 ad
749 1291 1098 1348 obsidionem
1161 1291 1378 1357 relicto,
1439 1301 1636 1348 ροιιιτε
1665 1292 1940 1349 Caesarem
1973 1303 2032 1348 et

449 1379 690 1437 Hirtium
746 1390 832 1438 est
883 1381 1184 1454 profectus.
1231 1382 1308 1438 Ac
1358 1384 1597 1454 primum
1651 1399 1810 1454 aequo
1857 1383 2031 1442 Marte

447 1483 722 1531 certatum
745 1483 830 1530 est
857 1493 872 1531 :
903 1475 1122 1532 tandem
1157 1476 1336 1532 victor
1364 1476 1661 1541 Antonius,
1692 1484 1860 1533 noctu
1888 1475 2028 1532 clam

448 1575 642 1623 contra
674 1567 902 1624 Iunium
937 1584 1102 1639 quem
1128 1571 1580 1640 apprOpinquare
1614 1576 1894 1631 senserat,
1923 1566 2030 1621 du-

433 1657 552 1726 'cit,
583 1673 824 1730 eumque
851 1673 952 1730 per
983 1659 1216 1714 insidias
1263 1660 1538 1723 vulnerat,
1583 1658 1878 1714 maximam
1910 1657 2032 1729 ejus

448 1753 688 1808 militum
709 1762 922 1824 partem
958 1752 1142 1819 caedit,
1179 1752 1424 1822 reliquos
1472 1752 1525 1806 in
1559 1751 1708 1807 vallo
1757 1749 1979 1806 obsidet
2011 1765 2026 1805 :

2147 555 2246 622 μὲν
2271 555 2410 624 πρὸς
2445 554 2610 608 αὐτὸν
2642 555 2945 618 σταλέντας
2978 553 3343 621 ἐξωνείδισενο
3383 558 3735 622 ἁντιστεί).ας

2142 647 2172 701 δ
2186 649 2200 669 ’
2221 647 2440 718 ἐτέρους
2457 646 2554 720 τήν
2571 648 2755 703 αἰτίαν
2774 648 2868 704 τοῦ
2888 648 3124 720 πολέμου
3159 649 3230 702 δι’
3259 643 3336 712 ὧν
3358 647 3734 720 προετείνετο,

2144 739 2224 802 είς
2262 741 2391 804 τοὺς
2445 739 2570 794 κατ’
2609 739 2778 794 αὑτοῦ
2832 739 3254 812 ψηφισαμένους
3313 741 3732 812 άντιπεριίστα.

2143 835 2205 888 Οί
2239 833 2286 887 δ’
2314 836 2374 886 ἐν
2396 836 2464 904 τῇ
2509 832 2702 908 Ῥώμῃ
2747 833 3012 905 πολέμιον
3073 829 3234 899 αὖθις
3286 835 3380 888 τδν
3441 835 3738 890 ’Λντώνιον

2140 921 2494 992 ἐψηφίσαντο,
2557 923 2652 976 καὶ
2697 921 2826 985 τοὺς
2871 922 3024 988 αύτῷ
3070 921 3635 992 συστρατευομένους,
3678 924 3736 974 εἰ

2144 1013 2220 1085 μὴ
2260 1014 2423 1068 αὐτὸν
2465 1015 2840 1080 καταλίποιεν,
2900 1015 3096 1086 ἑτέραν
3168 1015 3383 1087 ἡμέραν
3435 1017 3516 1078 είς
3567 1013 3738 1068 τοῦτο

2141 1105 2325 1168 αὐτοῖς
2351 1106 2697 1176 ὁρισάμενοι.
2739 1107 2798 1161 '0
2839 1105 2899 1158 δέ
2923 1105 3234 1178 ἐπολιόρκει
3281 1105 3372 1160 τὸν
3413 1106 3652 1176 Δέκιμον
3671 1106 3741 1156 ἐν

2139 1195 2206 1263 τῇ
2234 1195 2500 1266 Μουτίνῃ,
2528 1195 2590 1247 οὐ
2625 1195 2816 1266 μέντοι
2851 1195 3015 1264 λόγου
3044 1212 3102 1248 τι
3127 1195 3508 1268 κατώρθωσεν
3551 1195 3733 1262 άξιον.

2153 1285 2211 1338 '0
2239 1286 2474 1357 Δέκιμος
2519 1285 2576 1339 δὲ
2609 1286 2828 1356 πρῶτον
2891 1287 2991 1358 μὲν
3054 1287 3293 1360 ἰσχυρῶς
3350 1287 3589 1358 ήμύνετο
3635 1286 3736 1340 τὸν

2153 1377 2460 1443 Ἀντώνιον,
2513 1376 2710 1434 ἔπειτα
2785 1378 3066 1442 παντελῶς
3126 1378 3509 1450 ἀπετειχίσοη.
3535 1377 3736 1441 Δείσας

2138 1463 2232 1523 οὖν
2255 1469 2284 1522 ὁ
2315 1469 2534 1540 Καῖσαρ
2571 1469 2646 1539 μὴ
2675 1470 2708 1538 ἢ
2733 1469 2884 1542 ἁλῴη
2923 1471 2956 1540 ἢ
2989 1470 3194 1543 ἀπορίᾳ
3235 1471 3346 1524 τῶν
3406 1469 3735 1541 ἐπιτηδείων

2137 1559 2336 1631 ἐνδοίη,
2376 1559 2474 1613 σύν
2497 1576 2560 1628 γε
2588 1560 2668 1631 τῷ
2703 1559 2882 1632 Ἱρτίῳ
2905 1563 3321 1632 ἐπεστράτευσε
3353 1562 3492 1632 πρὸς
3521 1561 3737 1616 Μουτί-

2137 1670 2262 1722 νην.
2297 1653 2404 1704 Τδν
2440 1652 2498 1706 δέ
2531 1651 2672 1723 πρὸς
2720 1653 2861 1724 αὐτῇ
2920 1654 3165 1724 ποταμὸν
3205 1653 3586 1726 περαιωθῆναι
3623 1653 3736 1706 οὐκ

2137 1744 2486 1815 ἠδυνήθησαν
2519 1743 2609 1797 διὰ
2631 1743 2732 1814 τὴν
2773 1745 2834 1798 ἐν
2863 1743 3015 1815 αὐτῷ
3064 1747 3336 1818 φρουράν.
3389 1745 3736 1807 Σπεύδοντες

446 1854 504 1900 et
538 1853 730 1901 contra
757 1844 1054 1912 Caesarem,
1087 1844 1352 1910 Hirtium,
1387 1854 1444 1899 et
1480 1851 1714 1899 caeteros
1747 1840 2030 1896 converti-

2142 1835 2189 1891 Βέ
2214 1836 2315 1904 τὴν
2345 1836 2558 1890 ἑαυτῶν
2592 1835 2904 1906 παρουσίαν
2926 1836 3006 1908 τῷ
3031 1838 3253 1908 Δεκίμῳ
3293 1839 3582 1908 γνωρίσαι,
3614 1833 3736 1888 ἀπὸ

449 1945 559 1990 tur.
611 1936 816 1992 Verum
871 1935 1088 1991 Hirtius
1137 1949 1265 1991 eum
1292 1942 1350 1988 ct
1379 1934 1448 1988 de
1475 1934 1562 1987 via
1597 1939 1654 1988 et
1685 1947 1868 2002 pugna
1915 1929 2028 1989 fes-

2142 1928 2239 1982 ιῶν
2287 1927 2646 2000 ὑψηλοτάτων
2708 1929 2946 1998 δένδρων
3006 1928 3412 1998 ἐφρυκτώρουν.
3469 1930 3557 1992 Ὠς
3585 1929 3632 1981 δ’
3661 1927 3732 1980 οὐ

447 2041 592 2092 sum,
625 2043 690 2084 ex
722 2029 1021 2100 improviso
1063 2041 1376 2100 aggressus,
1408 2026 1608 2081 illustri
1661 2023 1894 2080 victoria
1928 2039 2024 2078 su-

2142 2019 2324 2080 συνίει.
2364 2020 2621 2090 μολίϐδου
2686 2021 2882 2074 λεπτὸν
2938 2021 3080 2090 ἄγαν
3114 2022 3446 2090 ποιήσαντες
3485 2021 3730 2091 ἔλασμα,

445 2122 682 2192 peravit.
2129 2113 2382 2184 ἔγραψαν
2408 2115 2466 2165 ἐν
2497 2111 2671 2184 αὐτῷ,
2714 2114 2808 2168 καὶ
2836 2113 2911 2178 ὡς
2972 2113 3181 2186 χάρτην
3210 2111 3370 2168 τοῦτο
3423 2112 3729 2178 ἐλίξαντες,

446 2216 767 2288 magna;
797 2216 1100 2288 διενεγκεῖν
1123 2216 1357 2272 ἔδωκαν.
1401 2215 1515 2268 Καὶ
1541 2211 1769 2276 οὓτωςὸ
1840 2212 2075 2282 Δέκιμος
2110 2209 2211 2281 τὴν
2279 2209 2586 2279 παρουσίαν
2635 2209 2818 2264 αὐτῶν
2850 2207 3062 2280 μαθὼν,
3115 2208 3495 2264 ἀντεπέστειλε
3569 2206 3730 2277 σφίσι

446 2312 536 2365 τὸν
566 2311 730 2366 αὐτὸν
757 2313 980 2383 τρόπον.
1025 2313 1086 2367 '0
1117 2311 1213 2367 οὖν
1260 2309 1545 2373 Ἀντώνιος
1618 2308 1762 2380 ὁρῶν
1817 2307 1919 2361 οὐκ
1988 2305 2268 2375 ἐνδιδόντα
2339 2305 2432 2359 τὸν
2489 2307 2745 2378 Δέκιμον,
2799 2307 2998 2376 ἐκείνῳ
3051 2305 3144 2362 τὸν
3175 2307 3404 2377 ἀδελφὸν
3459 2305 3729 2362 κατέλιπε

448 2401 705 2470 Λούκιον,
737 2407 901 2472 αὐτὸς
931 2407 978 2461 δ’
1008 2406 1102 2460 ἐπὶ
1133 2407 1225 2460 τὸν
1256 2404 1517 2477 Καίσαρα
1559 2405 1656 2455 καὶ
1700 2402 1794 2454 τὸν
1825 2403 2028 2473 Ἵρτιον
2067 2402 2317 2473 ὥρμησε.
2380 2403 2493 2456 Καὶ
2565 2401 2834 2473 πρότερον
2889 2400 2988 2472 μέν
3021 2401 3296 2464 ίσοπαλείς
3343 2401 3584 2468 ἐγίνοντο
3615 2398 3729 2469 μά-

448 2517 564 2572 χαι,
615 2501 889 2574 ὑπερέσχε
941 2503 986 2556 δ’
1050 2501 1282 2572 ὕστερον
1337 2503 1366 2556 ὁ
1451 2499 1768 2564 Ἀντώνιοςο
1833 2499 1929 2553 καὶ
1979 2496 2071 2550 τὸν
2128 2496 2347 2552 Ἰούνιον
2418 2497 2744 2568 αἰσθόμενος
2822 2495 3216 2568 πλησιάζοντα,
3273 2495 3459 2566 ἀπῆρε
3545 2495 3733 2554 λαθὼν

448 2596 641 2658 νυκτος
675 2597 764 2648 ἐπ’
797 2595 984 2660 αὐτὸν,
1021 2595 1117 2649 καὶ
1175 2593 1503 2666 ἐνεδρεύσας
1554 2593 1721 2647 αὐτόν
1768 2609 1830 2646 τε
1919 2588 2234 2660 κατέτρωσε
2297 2589 2392 2642 καὶ
2453 2589 2560 2642 τῶν
2623 2590 2976 2660 στρατιωτῶν
3007 2590 3132 2652 τοὺς
3155 2587 3373 2653 πλείους
3397 2589 3725 2644 ἀπέκτεινεο

447 2692 574 2753 τοὺς
610 2691 667 2744 δέ
731 2706 795 2758 γε
849 2689 1071 2752 λοιποὺς
1127 2686 1482 2741 κατέκλεισεν
1525 2687 1604 2749 είς
1633 2685 1695 2738 τὸ
1721 2685 2038 2754 τάφρευμα,
2079 2681 2173 2735 καὶ
2241 2681 2380 2752 πρὸς
2441 2684 2530 2734 τὸν
2569 2683 2822 2752 Καίσαρα
2863 2679 3120 2749 καὶιτοὺς
3189 2679 3385 2744 ἄλλους
3436 2682 3728 2753 ἐτράπετο.

448 2783 690 2838 Καίοὶὁ
731 2782 934 2856 Ἵρτιος
987 2783 1100 2834 κάκ
1160 2783 1258 2848 τῆς
1309 2779 1535 2850 πορείας
1590 2777 1686 2832 καὶ
1736 2776 1833 2846 τῆς
1885 2775 2067 2846 μάχης
2138 2773 2475 2844 πεπονηκότι
2548 2772 2896 2836 ἀνελπίστως
2965 2773 3290 2845 ἀπαντήσας
3357 2773 3493 2828 πολὺ
3561 2776 3729 2847 ἐκρα-

446 2892 604 2946 τησε.

521 2971 635 3029 XV.
653 2973 730 3028 Ea
745 2971 902 3038 clade
921 2968 1145 3025 Antonii
1174 2968 1414 3038 cognita,
1439 2974 1666 3022 senatus
1687 2974 1744 3018 et
1766 2962 2028 3024 Hirtium,

450 3079 508 3126 et
563 3066 816 3130 Iunium,
874 3073 930 3118 et
961 3061 1236 3118 Caesarem
1291 3057 1656 3128 imperatores
1707 3053 2026 3126 appellavit,

449 3157 704 3233 quamvis
735 3157 936 3214 Junius
985 3166 1102 3207 rem
1157 3148 1298 3204 male
1349 3149 1632 3219 gessisset,
1669 3145 1848 3201 Caesar
1897 3156 2028 3197 vero
2061 3185 2104 3242 ο

448 3270 561 3314 non
587 3255 907 3322 pugnasset,
943 3244 1013 3299 ab
1047 3241 1225 3297 Hirtio
1263 3241 1332 3296 ad
1381 3250 1689 3295 castrorum
1717 3235 2028 3291 custodiam

452 3345 700 3402 relictus.
737 3339 828 3394 Sic
850 3336 1124 3392 Antonius
1147 3331 1462 3389 succubuit.
1495 3329 1602 3386 Sed
1638 3335 1695 3382 et
1735 3327 1800 3382 T.
1839 3326 2031 3381 Muna-

453 3439 566 3492 tius
617 3435 854 3489 Plancus
903 3428 1154 3498 ejusdem
1207 3422 1492 3486 factionis,
1523 3437 1552 3475 a
1581 3421 1778 3475 l‘ontio
1833 3418 2032 3488 Aquila

449 3527 661 3585 Decimi
695 3527 876 3595 legato
927 3523 1108 3574 victus
1139 3527 1245 3573 est.
1281 3515 1558 3571 Antonius
1612 3513 1870 3568 alienatis
1907 3527 1940 3566 a
1971 3526 2032 3566 se

450 3619 694 3674 militum
725 3611 954 3677 animis,
986 3619 1042 3666 et
1092 3608 1312 3680 pepulis
1345 3603 1681 3676 quibusdam
1737 3603 1840 3658 sibi
1880 3603 2035 3673 prius

450 3709 689 3766 addictis
721 3701 1214 3766 tumultuantibus,
1242 3698 1493 3761 territus,
1527 3695 1596 3750 ad
1625 3706 1846 3766 tempus
1873 3694 2033 3764 quie-

450 3806 529 3860 rit
561 3821 575 3859 a
609 3803 705 3863 sed
740 3798 1022 3855 nonnullis
1060 3812 1091 3851 a
1120 3793 1330 3864 Lepido
1365 3789 1544 3860 copiis
1571 3796 1790 3854 auctus,
1823 3786 2034 3856 recepit

451 3899 736 3956 animum,
802 3891 1100 3960 subitaque
1157 3885 1453 3956 eruptione
1503 3881 1670 3946 facta,
1723 3888 1782 3934 et
1845 3877 2035 3934 multis

453 3991 714 4060 utrinque
757 3983 935 4048 caesis,
987 3978 1330 4053 proﬂigatus.
1381 3976 1565 4046 fugam
1619 3972 1786 4043 cepit.
1843 3971 2034 4043 Itaque

451 4090 680 4138 senatus
708 4079 858 4132 illius
881 4075 1036 4130 clade
1061 4074 1242 4136 laetus,
1275 4083 1472 4126 omnes
1506 4065 1600 4138 qui
1629 4079 1756 4120 cum
1785 4079 1852 4119 eo
1881 4061 2034 4120 fece-

453 4181 598 4236 rant,
641 4170 834 4224 hostes
856 4161 1150 4239 judicat'it,
1183 4171 1295 4216 tam
1323 4161 1566 4228 ipsorum
1599 4167 1767 4226 quam
1801 4150 2032 4210 Antonii

455 4264 616 4320 bonis
637 4259 957 4334 publicatis.
989 4255 1265 4312 Caesarem
1315 4263 1449 4306 vero
1475 4262 1580 4304 nec
1607 4245 1812 4317 insigni
1847 4244 2034 4314 aliquo

429 4360 666 4415 honore
733 4354 1065 4412 affecerunt,
1133 4355 1191 4402 et
1241 4357 1498 4416 premere
1538 4349 1670 4397 sunt
1719 4337 1926 4403 conati,
1967 4336 2038 4392 iis

454 4448 718 4505 omnibus
753 4461 876 4516 quae
915 4457 974 4498 se
1004 4446 1370 4512 accepturum
1427 4433 1711 4506 sperabat,
1771 4431 1826 4485 iu
1877 4427 2036 4485 Deci-

2214 2957 2315 3011 lE'.
2339 2956 2452 3025 Τὴν
2483 2955 2530 3008 δ’
2560 2951 2732 3025 ἧτταν
2759 2952 2855 3006 τοῦ
2893 2953 3181 3009 Ἀντωνίου
3219 2954 3527 3026 μαθοῦσαὴ
3557 2955 3727 3030 βουλή

2137 3047 2550 3120 αὐτοκράτορας
2597 3047 2688 3100 τόν
2729 3063 2790 3099 τε
2841 3045 3048 3117 Ἵρτιον
3081 3045 3179 3100 καὶ
3221 3047 3315 3100 τὸν
3358 3047 3577 3102 Ἰούνιον
3627 3051 3728 3104 καὶ

2135 3142 2228 3198 τὸν
2280 3141 2539 3210 Καίσαρα
2587 3138 2904 3206 ὠνόμασαν,
2965 3137 3146 3192 καίτοι
3188 3137 3284 3192 τοῦ
3335 3139 3436 3209 μὲν
3501 3139 3726 3194 Ἰουνίου

2138 3233 2324 3296 κακῶς
2349 3230 2785 3296 άπαλλάξαντος,
2819 3229 3102 3300 Καίσαρος
3138 3230 3198 3284 δὲ
3230 3229 3368 3302 μηδέ
3407 3232 3730 3303 μαχεσαμέ-

2135 3344 2250 3380 νου.
2307 3325 2434 3380 Ἑπὶ
2482 3323 2593 3392 γὰρ
2621 3323 2688 3393 τῇ
2719 3319 2815 3374 τοῦ
2845 3319 3217 3391 στρατοπέδου
3266 3319 3564 3390 κατέμεινε
3621 3338 3726 3391 φυ-

2136 3419 2300 3490 λακῇ,
2333 3415 2429 3471 τοῦ
2471 3415 2672 3487 Ἱρτίου
2699 3413 2843 3468 κατὰ
2883 3413 2980 3466 τοῦ
3033 3412 3326 3467 Ἀντωνίου
3359 3413 3727 3484 ὁρμήσαντος.

2135 3509 2298 3566 Οὕτω
2353 3510 2452 3582 μὲν
2507 3507 2602 3562 οὖν
2652 3510 2680 3561 ὁ
2718 3506 3004 3568 Ἀντώνιος
3033 3505 3260 3576 ἥττητο.
3295 3507 3407 3560 Καὶ
3459 3507 3620 3569 Τίτος
3667 3505 3730 3560 δὲ

2134 3601 2444 3664 Μουνάτιος
2479 3599 2728 3666 Πλάγκος
2754 3597 2864 3651 τῶν
2929 3596 3225 3650 ’Δντωνίου
3270 3595 3346 3650 ὢν
3382 3595 3477 3650 καὶ
3518 3596 3732 3667 Ποντίῳ

2149 3694 2356 3765 ’Δκύλᾳ
2379 3691 2458 3763 τῷ
2496 3691 2720 3761 Δεκίμῳ
2752 3686 3262 3759 ὑποστρατηγοῦντι
3296 3687 3726 3759 προσπολεμῶν,

2137 3785 2386 3857 ἐνικήθη.
2420 3781 2734 3841 Κάντεῦθεν
2764 3781 2902 3836 οἵτε
2931 3779 3028 3833 τοῦ
3077 3779 3365 3834 ’Δντωνίου
3391 3780 3730 3852 στρατιῶται

2135 3879 2236 3948 οὐχ
2260 3877 2336 3941 ώς
2360 3875 2555 3947 πρώην
2599 3874 2869 3928 διέκειντο
2904 3871 3041 3945 πρὸς
3081 3872 3268 3938 αὐτὸν,
3313 3871 3410 3927 καί
3445 3889 3590 3936 τινες
3617 3873 3730 3927 τῶν

2137 3969 2290 4041 αὐτῷ
2341 3967 2759 4040 προσκειμένων
2813 3965 3008 4037 δήμων
3048 3965 3317 4037 πρότερον
3375 3964 3726 4029 ἐστασίαζον.

2147 4062 2208 4113 '0
2230 4061 2288 4114 δὲ
2316 4061 2454 4124 τέως
2489 4059 2589 4128 μὲν
2625 4059 3050 4130 κατεπέπληκτο
3081 4057 3177 4112 καὶ
3207 4055 3480 4130 ἡσύχαζεν
3506 4073 3522 4090 ⁸
3554 4057 3630 4122 ὡς
3665 4055 3730 4110 δέ

2135 4168 2220 4214 τις
2249 4153 2315 4206 ἐκ
2340 4151 2437 4206 τοῦ
2472 4150 2709 4206 Λεπίδου
2754 4150 2988 4220 δύναμις
3027 4149 3179 4221 αὐτῷ
3231 4151 3585 4222 παρεγένετο,
3627 4151 3728 4205 καὶ

2135 4243 2512 4316 ἀνεθάρσησεν
2532 4243 2628 4298 καὶ
2671 4241 2947 4311 αίφνιδίαν
2987 4242 3340 4314 ἐπεκδρομήν
3387 4245 3725 4315 ἐποιήσατο·

2139 4335 2304 4404 φόνου
2348 4333 2406 4388 δὲ
2457 4333 2517 4400 ἐξ
2566 4333 2774 4404 ἀμφοῖν
2821 4333 2932 4386 τῶν
2967 4334 3396 4405 στρατευμάτων
3426 4337 3724 4404 γενομένου

2139 4425 2360 4494 πολλοῦ,
2397 4425 2628 4496 τραπεὶς
2671 4422 2896 4492 ἔφυγεν.
2940 4423 3007 4480 Ἦ
3045 4425 3104 4494 δὲ
3136 4428 3428 4496 γερουσία,
3477 4428 3544 4480 τὰ
3582 4443 3725 4498 πρα-

457 4554 605 4595 mum
627 4535 865 4592 collatis.
899 4533 975 4590 Ac
1011 4545 1081 4586 ne
1117 4525 1448 4584 malefaccre
1483 4530 1696 4594 posset,
1743 4519 2032 4590 magistra-

2142 4519 2338 4590 χθέντα
2365 4516 2632 4588 μαθοῦσα,
2667 4517 2734 4587 τῇ
2770 4517 2868 4586 μὲν
2897 4517 3034 4588 ἥττῃ
3064 4516 3160 4572 τοῦ
3200 4519 3486 4579 Ἀντωνίου
3513 4519 3724 4592 ἔχαιρε,

458 4643 546 4686 tus
613 4628 859 4684 inimicis
924 4624 1047 4694 ejus
1105 4621 1498 4676 decreverunt.
1555 4612 1724 4668 Sexto
1772 4608 2036 4682 Pompeio

459 4721 652 4778 classis
679 4718 942 4790 praefecto
995 4713 1303 4783 designato,
1365 4709 1437 4764 Μ.
1488 4707 1658 4760 Bruto
1693 4701 2036 4768 Macedonia,

457 4813 650 4870 Cassio
693 4811 850 4884 Syria
885 4817 943 4863 et
973 4805 1120 4860 bello
1151 4811 1346 4858 contra
1379 4797 1720 4855 Dolabellam
1750 4793 2036 4848 mandato.

460 4907 530 4962 Ut
562 4912 748 4960 autem
779 4899 1014 4954 Caesaris
1043 4895 1247 4950 milites
1271 4893 1417 4947 inter
1445 4903 1570 4944 sese
1595 4889 2034 4947 committerent,

457 4999 600 5054 alios
642 4992 968 5055 laudarunt,
1009 4985 1264 5059 pecuniis
1291 4990 1349 5038 et
1379 4979 1604 5037 coronis
1637 4975 1909 5048 oleaginis
1937 4975 2040 5031 da-

459 5091 582 5152 tis_,._:
625 5085 750 5142 aliis
779 5081 918 5138 nihil
955 5078 1296 5134 tribuerunt.
1347 5073 1549 5128 Verum
1583 5070 1817 5126 Caesaris
1876 5067 2040 5122 indu-

459 5147 594 5233 stria
612 5177 842 5240 factum,
869 5180 928 5226 ut
953 5166 1320 5224 nihilominus
1347 5165 1490 5218 inter
1529 5176 1589 5216 se
1620 5158 2032 5215 consentirent.

458 5273 581 5336 Quo
609 5267 795 5322 Romae
827 5261 1073 5333 cognito,
1130 5271 1201 5312 ne
1253 5255 1336 5312 sic
1379 5252 1606 5324 quidem
1660 5250 2036 5312 consulatum,

457 5362 555 5418 sed
589 5361 726 5416 alios
751 5357 803 5412 ei
839 5355 1084 5410 honores
1115 5349 1508 5405 decreverunt.
1551 5342 1702 5410 Quos
1729 5353 2040 5411 aspernan-

459 5466 593 5518 tem,
635 5460 930 5526 praetorem
981 5443 1152 5520 498
1197 5440 1462 5512 primum,
1498 5433 1701 5491 deinde
1750 5431 2034 5488 consulem

456 5550 732 5604 fecerunt.
764 5545 842 5600 Ac
871 5542 951 5598 illi
999 5539 1226 5611 quidem
1277 5533 1554 5590 Caesarem
1601 5543 1704 5600 pro
1754 5542 1928 5598 puero
1983 5534 2042 5580 et

457 5637 897 5704 adolescentulo,
937 5635 1102 5689 sicuti
1159 5629 1323 5698 vulgo
1374 5623 1783 5696 appellabatur,
1829 5627 2036 5675 tracta-

455 5730 594 5786 bant
623 5747 636 5783 :
671 5729 761 5783 ille
787 5741 916 5782 vero
941 5737 1067 5782 cum
1101 5730 1324 5784 caetera,
1356 5726 1473 5770 tum
1505 5713 1668 5786 pueri
1705 5710 2038 5782 appellatio-

453 5837 582 5879 nem
601 5836 744 5893 acgrc
771 5819 978 5882 ferens,
1002 5813 1070 5870 ad
1094 5827 1245 5868 arma
1278 5822 1605 5871 conversus,
1631 5804 1770 5863 clam
1799 5803 1867 5858 de
1897 5816 2034 5874 pace

2139 4611 2265 4674 τοὺς
2297 4610 2353 4662 δὲ
2389 4607 2540 4678 αὖτῷ
2590 4608 3080 4675 συνεξετασθέντας
3131 4609 3427 4680 πολεμίους
3470 4613 3726 4683 ἀπέφηνε

2142 4700 2372 4766 πάντας,
2397 4700 2492 4756 καὶ
2517 4698 2616 4762 τὰς
2640 4697 2828 4761 οὐσίας
2855 4699 3036 4752 αὐτῶν
3067 4701 3162 4752 καὶ
3192 4703 3293 4770 τὴν
3317 4703 3529 4759 ἐκείνου
3561 4703 3726 4773 ἀφείς

2139 4788 2283 4843 λετο.
2317 4789 2422 4842 Τὸν
2459 4788 2518 4842 δέ
2557 4787 2815 4860 Καίσαρα
2845 4787 2968 4842 οὔτε
3015 4789 3160 4852 τινὸς
3196 4789 3436 4859 μεγάλου
3481 4792 3725 4860 ἠξίωσαν

2143 4883 2240 4936 καὶ
2271 4881 2568 4936 καταλύειν
2601 4881 3140 4952 προσεπεχείρησαν,
3179 4882 3354 4937 πάντα
3391 4885 3492 4938 ὃσα
3515 4887 3725 4946 ἐκεῖνος

2141 4973 2336 5046 ήλπιζε
2393 4973 2660 5044 λήψεσθαι
2717 4973 2796 5044 τῷ
2847 4973 3068 5045 Δεκίμῳ
3113 4975 3316 5039 δόντες.
3377 4975 3493 5032 ’Ίνα
3537 4977 3594 5032 δὲ
3645 4976 3725 5048 μὴ

2139 5066 2344 5138 δυνηθῇ
2399 5085 2450 5120 τι
2501 5067 2698 5138 δρᾶσαι
2751 5067 2946 5133 κακὸν,
2993 5067 3124 5131 τοὺς
3183 5067 3416 5138 ἐχθροὺς
3459 5067 3610 5138 αύτῷ
3663 5069 3724 5129 ἐς

2141 5159 2316 5229 ἀρχὰς
2371 5159 2754 5228 ἐψηφίσαντο,
2812 5158 2888 5228 τῷ
2950 5157 3053 5228 μὲν
3111 5159 3384 5230 Πομπηΐῳ
3429 5159 3608 5228 Σέξτῳ
3663 5161 3725 5212 τὸ

2143 5250 2394 5303 ναυτικὸν
2423 5249 2770 5320 ἀναθέμενοι,
2801 5249 2878 5322 τῷ
2910 5249 2967 5303 δέ
3005 5249 3227 5321 Βρούτῳ
3266 5251 3346 5320 τῷ
3378 5250 3593 5322 Μάρκῳ
3621 5257 3725 5322 τὴν

2141 5341 2503 5409 Μακεδονίαν,
2549 5343 2776 5412 Κασσίῳ
2823 5342 2880 5396 δὲ
2919 5342 3019 5414 τὴν
3054 5343 3259 5414 Συρίαν
3305 5343 3400 5398 καὶ⁸
3442 5343 3533 5396 τὸν
3585 5339 3719 5409 cap)»;

2143 5433 2473 5488 Δολοϐέλλαν
2532 5434 2770 5504 πόλεμον
2830 5433 3250 5504 ἐπιτρέψαντες.
3315 5435 3452 5496 Τοὺς
3509 5431 3570 5484 δὲ
3622 5431 3720 5485 τοῦ

2145 5526 2424 5596 Καίσαρος
2453 5524 2794 5596 στρατιώτας
2830 5527 3194 5598 συγκρούσειν
3237 5525 3492 5598 ἀλλήλοις
3519 5523 3720 5587 αὐτοὺς

2147 5615 2558 5687 μηχανώμενοι,
2589 5617 2718 5680 τοὺς
2750 5618 2849 5688 μέν
2878 5617 3156 5690 ἐπῄνεσαν
3203 5618 3298 5675 καὶ
3336 5613 3594 5686 χρήματα
3626 5614 3724 5668 καὶ

2145 5705 2440 5775 στεφάνους
2464 5705 2649 5768 αὐτοῖς
2682 5705 2960 5777 παρέσχον
2991 5706 3053 5770 ἐξ
3075 5705 3296 5772 ἐλαιῶν,
3323 5708 3438 5768 τοῖς
3479 5703 3527 5757 δ’
3564 5705 3724 5758 οὐδὲν

2143 5799 2498 5869 ἐψηφίσαντο.
2537 5797 2678 5851 Ἀλλ’
2709 5799 2904 5852 ἐκεῖνοι
2943 5799 3038 5853 καὶ
3085 5795 3256 5860 οὕτως
3294 5796 3592 5868 ὡμονᾶουν,
3623 5797 3725 5851 τοῦ
