4024 6402
503 384 605 446 847
1781 376 2098 440 JOANNIS
2142 377 2459 436 ZONAILE
3652 373 3756 437 848

502 498 647 562 λόγῳ
711 494 810 564 μὲν
862 492 1095 556 οἴκοθεν,
1153 489 1302 561 ἔργῳ
1335 491 1378 544 δ’
1433 491 1497 544 ὲκ
1545 490 1655 543 τῶν
1706 488 1920 549 κοινῶν,
1976 487 2066 538 καὶ
2106 488 2317 550 τούτοις
2376 491 2535 560 χάριν
2570 489 2862 559 ὡμολόγει.
2912 491 3072 562 Παρᾶ
3117 491 3171 544 δὲ
3217 491 3316 559 τῆς
3383 488 3575 560 βουλῆς
3606 489 3757 558 αύτῷ

505 586 674 645 πολλά
703 585 839 656 πρὸς
885 585 1052 654 τιμὴν
1091 583 1491 653 ἐψηφίσθησαν,
1537 581 1756 649 δοκήσει
1825 579 1924 647 μὲν
1986 576 2242 648 ἑκούσης,
2311 582 2378 650 τῇ
2435 582 2481 635 δ’
2523 582 2754 654 ἀληθείᾳ
2802 582 2954 653 φόϐῳ
2997 583 3350 654 βιαζομένης.
3383 584 3526 653 Προς
3563 581 3619 636 δὲ
3646 584 3759 645 τοῖς

501 680 681 741 ἄλλοις
714 676 809 731 καὶ
836 677 915 739 είς
958 675 1020 728 τὸ
1057 673 1154 727 τοῦ
1205 674 1481 743 Καίσαρος
1533 671 1688 738 γένος
1755 669 1899 722 κατά
1951 667 2029 720 τὰ
2090 668 2423 738 νομιζόμενα
2493 673 2837 743 εἰσεποιήθη,
2891 675 2986 725 καὶ
3014 673 3114 742 τὴν
3162 672 3451 741 ἐπίκλησιν
3507 671 3752 739 εἴληφεν,

510 769 774 840 Ὠνόμαζε
802 768 900 838 μὲν
937 769 1046 836 γὰρ
1077 765 1170 818 καὶ
1213 763 1477 834 πρότερον
1525 759 1687 822 αύτ“.ς
1715 758 1908 812 ἑαυτὸν
1940 757 2213 827 Καίσαρα,
2287 758 2362 821 ὡς
2436 763 2575 830 μετά
2649 762 2742 816 τοῦ
2790 764 2992 833 κλήρου
3075 763 3171 816 καὶ
3224 763 3323 833 τὴν
3381 763 3761 832 προσηγορίαν

497 846 896 927 διαδεξάμενος,
939 855 1000 908 οὐ
1048 854 1233 924 μέντοι
1286 851 1518 922 βεϐαίως
1568 849 1740 920 αὐτὴν
1801 843 1915 919 εἶχε
1967 848 2071 918 πρὸ
2107 847 2202 900 τοῦ
2267 849 2472 918 ταύτην
2541 853 2684 906 κατά
2716 854 2784 907 τά
2815 856 3021 924 πάτρια
3072 852 3761 924 βεϐαιώσασθαι.Ἔκτοτε

497 955 554 1008 δὲ
611 954 772 1016 Γάϊος
832 950 1050 1013 Ἰούλιος
1095 950 1310 1018 Καῖσαρ
1361 943 1712 1007 Ὀκταϐιανὸς
1767 943 2071 1012 ἐπεκλήθη.
2110 943 2442 1015 Νενόμισται
2503 947 2616 1018 γὰρ
2677 951 2806 1012 τοὺς
2839 949 3308 1020 υἱοθετουμένους,
3339 947 3436 1018 τὴν
3471 949 3569 1018 μὲν
3592 951 3762 1021 ἄλλην

485 1046 804 1119 ,πρόσρησιν
835 1042 942 1098 ἀπὸ
967 1039 1061 1096 τοῦ
1095 1037 1550 1109 εἰσποιησαμένου
1580 1035 1903 1107 λαμϐάνειν,
1929 1035 1986 1089 ἓν
2013 1035 2070 1089 δέ
2102 1051 2153 1088 τι
2176 1037 2282 1089 τῶν
2317 1041 2604 1111 προτέρων
2633 1041 2911 1112 ὀνομάτων
2940 1046 3147 1114 τηρεῖν.

567 1142 711 1199 XVI.
760 1140 1026 1196 Militibus
1076 1136 1386 1193 conciliatis
1433 1142 1739 1204 senatuque
1785 1147 2074 1204 oppresso,
2105 1134 2151 1194 Α

469 1245 724 1308 φίλιοι-ηε
751 1235 929 1304 legata
961 1231 1164 1303 populo
1199 1228 1507 1294 distribuit,
1533 1236 1592 1282 ut
1625 1243 1751 1283 eum
1771 1227 1938 1281 etiam
1965 1226 2070 1280 sibi

496 1326 830 1390 devinciret,
856 1339 961 1378 nec
995 1323 1050 1376 in
1088 1320 1422 1375 ulciscendis
1444 1319 1619 1388 patris
1650 1317 2073 1389 percussoribus

498 1415 878 1475 adversarium
917 1413 1168 1468 haberet.
1214 1412 1293 1466 Ne
1328 1411 1460 1481 quid
1496 1419 1680 1466 autem
1725 1425 1824 1481 per
1848 1409 1958 1463 vim
1990 1407 2071 1462 fa-

474 1523 626 1565 cere
653 1507 962 1572 videretur,
995 1503 1203 1576 judicia
1235 1504 1412 1574 coegit
1443 1521 1456 1556 :
1491 1503 1746 1574 quamvis
1786 1502 1865 1557 rei
1907 1501 2073 1570 pleri—

474 1617 609 1674 -que
659 1603 938 1665 abessent,
970 1596 1222 1651 nonnulli
1269 1597 1438 1651 etiam
1489 1594 1802 1666 provincias
1857 1592 2075 1647 obtine-

500 1703 645 1751 rent.
679 1692 739 1750 Si
775 1689 869 1762 qui
909 1703 1042 1744 vero
1074 1687 1326 1755 aderant,
1357 1686 1397 1741 ii
1425 1701 1484 1741 se
1509 1701 1621 1756 prae
1657 1695 1800 1740 metu
1833 1684 1972 1738 clam
2005 1697 2072 1736 ex

500 1787 640 1843 urbe
675 1781 1074 1855 proripiebant.
1111 1779 1292 1847 Quare
1339 1777 1547 1833 indicta
1585 1791 1751 1832 causa
1792 1789 1900 1829 non
1944 1789 2071 1842 per-

499 1892 764 1937 cussores
805 1885 1018 1931 tantum
1063 1881 1122 1928 et
1168 1869 1472 1942 coniurati,
1524 1867 1622 1924 sed
1686 1866 1842 1921 multi
1901 1864 2068 1920 etiam

498 1971 594 2029 alii
647 1969 698 2024 ei
745 1965 966 2023 crimini
1020 1978 1128 2019 non
1183 1961 1405 2024 amnes,
1467 1958 1690 2029 quidam
1749 1956 1917 2012 etiam
1973 1953 2070 2024 qui

501 2073 617 2118 tum
659 2059 798 2115 urbe
837 2056 1150 2118 abluerant,
1202 2061 1264 2107 ut
1309 2051 1367 2106 S.
1412 2049 1730 2118 Pompeius,
1777 2055 1905 2102 sunt
1946 2060 2074 2100 con-

499 2152 775 2216 demnati,
807 2159 864 2206 et
893 2163 1035 2219 aqua
1075 2155 1241 2216 atque
1273 2142 1383 2215 igni
1424 2139 1726 2205 interdicti,
1764 2153 2070 2209 eorumque

501 2249 645 2304 bona
687 2245 990 2316 publicata.
1041 2239 1138 2296 His
1163 2237 1435 2310 peractis,
1470 2246 1665 2292 contra
1705 2233 1972 2304 Lepidum
2011 2243 2068 2287 et

498 2337 800 2394 Antonium
845 2333 1060 2392 scilicet
1116 2338 1203 2387 est
1253 2327 1536 2399 profectus
1579 2345 1594 2381 :
1643 2326 1742 2380 sed
1790 2324 1931 2379 nihil
1986 2323 2068 2378 rei

501 2430 694 2501 gessit,
725 2442 838 2482 non
872 2425 1020 2496 quod
1055 2438 1180 2479 cum
1214 2420 1456 2476 Antonio
1487 2419 1627 2473 clam
1669 2415 1919 2488 quaadam
1946 2429 2070 2485 ege-

505 2532 611 2590 rat,
638 2530 695 2578 et
724 2535 824 2592 per
856 2519 1014 2574 illum
1067 2530 1193 2571 cum
1233 2513 1465 2583 Lepido,
1505 2512 1601 2568 sed
1647 2509 1797 2581 quod
1833 2524 1928 2566 eos
1979 2507 2071 2562 ﬁr-

505 2630 624 2672 mos
671 2622 727 2670 et
778 2610 1086 2669 concordes
1142 2622 1263 2663 esse
1314 2605 1560 2669 videbat,
1619 2617 1888 2672 spemque
1976 2600 2073 2655 ba-

503 2707 669 2762 bebat
697 2717 888 2760 eorum
916 2715 1019 2771 ope
1044 2700 1270 2756 Brutum
1303 2704 1358 2751 et
1393 2694 1664 2759 Cassium,
1699 2707 1934 2763 quorum
1963 2692 2076 2762 jam

506 2811 712 2868 magna:
764 2794 910 2848 vires
957 2795 1190 2853 essent,
1251 2785 1602 2850 debellandi,
1657 2799 1722 2840 ac
1763 2791 1954 2854 postea
2007 2782 2073 2835 il-

506 2889 590 2945 los
615 2885 780 2940 (tiam
824 2883 972 2938 inter
998 2895 1056 2937 se
1095 2879 1419 2935 commissos
1464 2873 1834 2947 opprimendi.
1878 2873 1976 2928 His
2010 2872 2078 2926 de

505 2977 690 3033 causis
755 2974 843 3028 vel
899 2971 1105 3027 invitus
1169 2975 1326 3039 pacta
1371 2973 1614 3022 servavnt
1665 2979 1680 3018 :
1742 2976 2079 3033 operamque

497 3070 659 3126 .dedit
733 3075 792 3120 ut
873 3061 1089 3120 senatui
1154 3059 1470 3130 populoque
1541 3055 2077 3118 reconciliarentur,

495 3177 617 3218 .non
673 3175 768 3229 per
813 3173 903 3220 se,
971 3153 1267 3225 quominus
1311 3155 1564 3220 suspecta
1619 3162 1707 3204 res
1751 3154 1926 3211 esset,
1983 3145 2076 3200 sed

497 3254 572 3320 ρ.
658 3249 824 3305 Pedio
903 3248 1022 3316 eius
1093 3242 1380 3299 sententiae
1456 3249 1684 3296 auctore
1756 3239 2078 3293 subornato.

507 3345 628 3414 Ipse
679 3354 810 3397 vero
878 3352 944 3393 ea
998 3335 1067 3390 de
1133 3349 1194 3390 re
1268 3332 1555 3388 consultus
1591 3345 1622 3384 a
1669 3327 1884 3383 civibus
1922 3367 1937 3392 ,
1995 3328 2082 3381 in-

510 3437 681 3490 vitum
761 3447 820 3487 se
909 3439 964 3485 ct
1053 3435 1301 3483 coactum
1363 3424 1524 3494 500
1564 3438 1592 3476 a
1641 3421 1910 3476 militibus
1995 3435 2081 3474 as-

510 3524 704 3581 sentiri
768 3520 1067 3577 simulavit.
1152 3518 1230 3571 llli
1285 3532 1416 3571 vero
1475 3517 1761 3583 impetrata
1835 3513 2084 3567 reconci-

511 3619 775 3678 liatione,
838 3611 1001 3667 ambo
1045 3616 1239 3664 contra
1284 3606 1549 3662 Caesarem
1618 3602 1958 3673 potissimam
2021 3618 2085 3658 ac

511 3709 802 3765 maximam
847 3703 1131 3774 c0piarum
1195 3708 1405 3770 partem
1467 3695 1815 3750 adduxerunt
1870 3711 1885 3750 :
1960 3710 2084 3749 cum

2249 1134 2369 1200 ια’.
2415 1137 2569 1190 Ἐπεὶ
2600 1136 2694 1191 οὖν
2733 1139 2862 1199 τοὺς
2910 1140 3248 1210 στρατιώτας
3296 1143 3632 1214 ᾠκειώσατο,
3667 1121 3764 1195 καὶ

2179 1224 2278 1291 τὴν
2304 1223 2498 1296 βουλὴν
2529 1225 2885 1291 ἐδουλώσατο,
2919 1230 3017 1297 τὴν
3047 1229 3155 1282 τῶν
3184 1231 3658 1299 καταλειφθέντων
3683 1224 3766 1296 τῷ

2177 1316 2334 1386 δήμῳ
2381 1317 2646 1390 διανομὴν
2696 1317 2852 1391 παρᾶ
2892 1322 2986 1375 τοῦ
3033 1326 3238 1395 πατρὸς
3296 1327 3613 1394 ἐποιήσατο,
3673 1324 3766 1378 ἵνα

2178 1405 2274 1456 καὶ
2305 1405 2528 1470 τούτους
2563 1408 2648 1476 ἐφ’
2692 1410 2885 1462 ἑαυτὸν
2919 1412 3324 1482 ἐπισπάσηται,
3361 1415 3453 1467 καὶ
3497 1414 3573 1484 μὴ
3606 1417 3766 1467 ἐναν-

2177 1496 2495 1564 τιουμένους
2528 1496 2663 1562 ἕξει,
2712 1500 2845 1568 πρὸς
2887 1501 2986 1572 τὴν
3024 1504 3132 1557 τῶν
3181 1507 3387 1574 φονέων
3421 1507 3514 1557 τοῦ
3555 1505 3766 1574 πατρὸς

2177 1589 2453 1659 τιμωρίαν
2478 1593 2848 1662 τραπόμενος.
2883 1597 3222 1668 Δικαστήρια
3250 1599 3346 1668 μὲν
3368 1594 3458 1652 οὖν
3482 1598 3763 1663 ἐκάθισεν,

2177 1679 2264 1732 ἵνα
2303 1681 2377 1752 μὴ
2427 1681 2558 1752 δοκῇ
2619 1682 2813 1751 βιαίως
2868 1702 2921 1737 τι
2984 1673 3289 1756 πράττειν,
3323 1691 3418 1742 καὶ
3447 1689 3621 1741 ταῦτα
3648 1689 3764 1740 τῶν

2176 1771 2441 1826 πλειόνων
2472 1774 2750 1840 ἀπόντων,
2779 1777 2944 1830 τινῶν
2976 1778 3032 1830 δὲ
3077 1780 3172 1832 καὶ
3203 1781 3498 1850 ἡγεμονίας
3531 1782 3770 1852 ἐχόντων

2173 1859 2364 1914 ἐθνῶν.
2400 1862 2462 1914 Εἰ
2509 1863 2567 1915 δέ
2615 1880 2762 1926 τινες
2806 1867 2903 1919 καὶ
2947 1868 3226 1937 παρῆσαν,
3280 1869 3403 1922 οὒτε
3439 1871 3767 1942 ἀπήντησαν

2171 1949 2423 2015 δεδιότες,
2455 1951 2589 2006 ἀλλά
2622 1954 2714 2006 καὶ
2746 1953 2921 2025 λάθρα
2955 1973 3058 2008 που
3099 1957 3468 2028 ἐξεχώρησαν.
3517 1959 3644 2030 Ἑρή
3655 1973 3771 2028 μην

2174 2035 2267 2094 οὖν
2306 2043 2403 2113 οὐχ
2463 2045 2511 2096 οί
2547 2045 2866 2118 αὐτόχειρες
2905 2047 3015 2101 οὐδ’
3061 2049 3110 2100 οί
3151 2049 3552 2119 συνομόσαντες
3603 2052 3778 2119 μόνον

2173 2132 2414 2202 ἥλωσαν,
2468 2135 2606 2190 ἀλλὰ
2661 2138 2757 2191 καὶ
2803 2139 2988 2206 συχνοὶ
3027 2137 3208 2210 ἕτεροι
3267 2138 3343 2209 μὴ
3395 2141 3772 2208 μετασχόντες

2173 2227 2270 2295 τῆς
2303 2227 2618 2298 ἐπιϐουλῆς,
2673 2228 2817 2291 τινὲς
2851 2230 2906 2282 δὲ
2949 2231 3069 2302 μηδ’
3122 2231 3482 2302 ἐνδημοῦντες
3528 2232 3647 2284 τότε
3689 2234 3766 2298 τῇ

2179 2325 2358 2386 πόλει,
2391 2315 2466 2374 ὧν
2496 2316 2575 2384 εἷς
2612 2317 2680 2394 ἦν
2721 2322 2819 2375 καὶ
2866 2323 2893 2374 ό
2927 2324 3213 2394 Πομπήϊος
3253 2324 3467 2389 Σέξτος,
3504 2324 3553 2376 οἳ
3587 2321 3769 2392 πυρός

2176 2433 2236 2468 τε
2277 2415 2371 2469 καὶ
2422 2413 2613 2472 ὓδατος
2661 2414 2977 2484 εἴρχθησαν,
3011 2416 3105 2467 καὶ
3137 2417 3191 2468 αἱ
3227 2416 3405 2469 οὐσίαι
3445 2413 3596 2484 σφῶν
3639 2411 3772 2483 ἐδη-

2185 2507 2486 2579 μεύθησαν.
2531 2505 2718 2558 Ταῦτα
2750 2507 2928 2558 τοίνυν
2960 2507 3174 2575 πράξας
3215 2509 3242 2559 ὁ
3274 2509 3513 2576 Καῖσαρ,
3551 2506 3643 2558 ἐπί
3673 2506 3772 2558 τὸν

2179 2599 2410 2656 Λέπιδον
2453 2599 2546 2651 καὶ
2575 2600 2666 2650 τὸν
2724 2598 3011 2651 Ἀντώνιον
3049 2598 3211 2668 δῆθεν
3256 2599 3640 2667 ὲστράτευσενο
3671 2596 3768 2668 ἔρ-

2179 2709 2275 2759 γον
2300 2692 2344 2744 δ’
2384 2690 2536 2743 οὐδὲν
2564 2689 2821 2758 ἔπραξεν,
2850 2690 2948 2760 ούχ
2985 2691 3068 2745 ὅτι
3096 2689 3173 2760 τῷ
3217 2690 3486 2757 Ἀντωνίῳ
3519 2704 3768 2742 κεκοινο-

2179 2784 2399 2853 λόγητο,
2437 2782 2533 2835 καὶ
2572 2781 2640 2834 δι’
2696 2781 2908 2835 ἐκείνου
2975 2783 3069 2834 καὶ
3125 2781 3206 2852 τῷ
3254 2781 3493 2850 Λεπίδῳ,
3535 2778 3650 2834 ἀλλ’
3681 2780 3768 2834 ὅτι

2183 2873 2436 2944 ἰσχυροὺς
2467 2872 2662 2934 αύτούς
2691 2871 2840 2942 ἐώρα
2863 2873 2956 2925 καὶ
2992 2871 3409 2942 ὁμογνώμονας,
3439 2873 3534 2925 καὶ
3563 2873 3768 2942 ήλπισε

2179 2967 2246 3018 δι’
2284 2966 2463 3019 αὐτῶν
2517 2964 2610 3018 τόν
2662 2980 2724 3017 τε
2782 2965 3024 3016 Κάσσιον
3081 2965 3172 3017 καὶ
3223 2965 3318 3018 τὸν
3352 2964 3584 3035 Βροῦτον
3623 2965 3770 3034 μέγα

2178 3057 2506 3127 δυνηθέντας
2559 3056 2662 3128 ἤδη
2716 3056 3202 3125 καταγωνίσασθαι
3260 3057 3354 3110 καὶ
3415 3059 3553 3128 μετὰ
3605 3059 3769 3110 τοῦτο

2181 3147 2470 3210 κάκείνους
2509 3145 2576 3200 δι’
2608 3146 2856 3230 ἀλλήλων
2879 3146 3269 3216 χειρώσασθαι.
3317 3149 3418 3201 Δ.ἀ
3445 3148 3620 3202 ταῦτα
3665 3149 3767 3210 τὰς

2185 3237 2459 3308 συνθήκας
2496 3238 2527 3290 ό
2561 3239 2781 3307 Καῖσαρ
2820 3240 2917 3292 καὶ
2975 3238 3123 3292 ἄκων
3172 3240 3383 3311 ἐτήρει,
3426 3241 3521 3294 καὶ
3565 3241 3768 3293 καταλ-

2182 3329 2353 3397 λαγὰς
2377 3328 2562 3390 αὐτοῖς
2591 3328 2730 3398 πρὸς
2761 3328 2859 3398 τὴν
2902 3326 3100 3396 βουλὴν
3143 3329 3236 3382 καὶ
3277 3330 3412 3400 πρὸς
3451 3329 3542 3382 τὸν
3577 3331 3769 3399 ὅμιλον

2184 3420 2606 3489 ὲπρυτάνευσεν,
2635 3420 2736 3472 οὐκ
2777 3420 2938 3482 αὐτὸς
2962 3421 3166 3484 ταύτας
3209 3421 3646 3492 εἰσηγησάμενος
3679 3421 3771 3473 διὰ

2183 3512 2242 3564 τὸ
2274 3512 2603 3575 ἀνύποπτον,
2627 3511 2762 3564 ἀλλὰ
2782 3512 2874 3564 τὸν
2899 3511 3130 3564 Κύῖντον
3165 3514 3325 3566 τοῦτο
3360 3513 3767 3583 συμϐουλεῦσαι

2185 3605 2638 3673 παρασκευάσας.
2676 3604 2845 3666 Λύτος
2875 3603 2931 3656 δὲ
2966 3603 3074 3656 τῶν
3118 3606 3175 3656 ἐν
3209 3607 3274 3674 τῇ
3306 3606 3458 3658 πόλει
3492 3623 3764 3658 κοινωσα-

2189 3695 2364 3764 μένων
2417 3693 2566 3764 αύτῷ
2609 3695 2737 3765 περὶ
2789 3697 3005 3763 τούτου,
3061 3695 3210 3748 ἄκων
3257 3700 3640 3767 προσεποεῖτο
3699 3699 3766 3767 τῇ

512 3797 661 3869 quod
701 3795 752 3850 ei
792 3793 951 3848 [idem
984 3791 1147 3861 plane
1189 3803 1300 3842 non
1348 3785 1660 3850 habebant,
1699 3793 1813 3840 tum
1845 3783 1990 3854 quod
2021 3784 2081 3837 il-

2190 3786 2386 3856 πράξει
2452 3785 2972 3854 συγκατατίθεσθαι,
3031 3788 3184 3854 παρά
3251 3788 3360 3841 τῶν
3419 3789 3771 3856 στρατιωτῶν

510 3891 620 3944 lius
651 3885 946 3945 autoritate
997 3881 1236 3938 revocati
1280 3894 1403 3934 esse
1448 3877 1624 3933 videri
1674 3875 2075 3940 nolebant,sed

511 3993 610 4049 per
639 3991 697 4033 se
725 3984 782 4032 et
815 3974 933 4030 suis
960 3971 1170 4030 viribus
1195 3987 1208 4024 :
1237 3979 1348 4024 tum
1381 3969 1527 4039 quod
1549 3968 1863 4037 sperabant,
1894 3983 1952 4024 se
1982 3983 2079 4038 per

510 4069 753 4141 legiones
784 4082 848 4122 ea
883 4079 1004 4135 qua:
1044 4063 1248 4120 vellent
1299 4069 1668 4118 assecuturos.
1715 4060 1896 4114 Caesar
1950 4060 2081 4114 item

513 4162 596 4218 eis
625 4175 750 4216 cum
784 4171 979 4228 magna
1005 4170 1168 4210 manu
1200 4153 1414 4207 obviam
1447 4151 1734 4222 processit.
1769 4150 2081 4221 Congressi,

513 4261 570 4309 et
621 4258 839 4308 secreto
881 4249 1128 4318 quaedam
1183 4243 1466 4305 collocuti.
1516 4242 1585 4297 de
1623 4242 1952 4298 stabilienda
1984 4257 2082 4296 sua

515 4345 762 4417 potentia
811 4351 868 4397 et
918 4339 1250 4396 ulciscendis
1296 4337 1534 4393 inimicis
1575 4338 1950 4406 cuujurarunt.
2006 4335 2084 4389 Ac

516 4436 740 4509 publice
779 4432 1034 4506 professi,
1095 4445 1154 4486 se
1217 4427 1538 4484 triumviros
1597 4436 1652 4481 et
1705 4441 2082 4488 rerumeura-

518 4541 669 4587 tores
733 4527 851 4581 fore
915 4524 968 4578 in
1019 4521 1458 4592 quinquennium
1513 4534 1581 4574 ne
1641 4519 1957 4588 uligarcbim
1986 4533 2085 4572 cu-

516 4615 629 4687 pidi
664 4613 1018 4668 viderentur:
1065 4610 1320 4680 privatim
1365 4617 1422 4662 et
1473 4608 1786 4677 provincias
1825 4609 1972 4662 inter
2025 4625 2084 4664 se

517 4705 704 4776 partiti
750 4711 898 4767 sunt,
945 4715 1014 4754 ne
1065 4707 1241 4753 totum
1298 4696 1592 4767 imperium
1638 4698 1739 4752 sibi
1795 4699 2084 4754 vendicarc

518 4781 862 4856 viderentur,
914 4801 970 4845 et
998 4789 1176 4844 caedes
1215 4787 1564 4842 inimicorum
1601 4787 1835 4842 invicem
1880 4789 2086 4842 condo-

519 4893 744 4944 narunt.
785 4879 993 4950 Lepido
1027 4880 1214 4932 Rome
1239 4885 1401 4946 atque
1448 4876 1616 4930 Italiae
1647 4879 1894 4933 custodia
1929 4879 2085 4932 attri-

519 4977 654 5052 buta
697 4979 802 5027 est.
831 4972 1011 5025 Caesar
1034 4982 1163 5022 vero
1199 4977 1254 5020 et
1286 4967 1560 5022 Antonius
1597 4983 1654 5022 sc
1690 4969 1890 5025 bellum
1937 4985 2090 5025 com-

513 5067 676 5125 muni
705 5079 808 5135 ope
843 5062 912 5116 ll.
942 5061 1111 5115 Bruto
1137 5069 1194 5115 et
1219 5057 1410 5114 Cassio
1437 5058 1707 5126 illaturos,
1731 5061 2088 5132 jurejurando

2194 3876 2532 3946 βιαζόμενος.
2559 3877 2940 3946 Ψηφισθείσης
2971 3877 3028 3930 δὲ
3054 3880 3153 3946 τῆς
3177 3879 3525 3948 καταλλαγῆς
3559 3880 3766 3944 αὐτοῖς,

2192 3967 2459 4038 ὥρμησαν
2494 3967 2589 4021 καὶ
2627 3968 2795 4038 ἄμφω
2839 3969 2932 4022 ἐπὶ
2966 3970 3052 4022 τὸν
3100 3969 3376 4039 Καίσαρα,
3410 3971 3471 4022 τὸ
3517 3972 3769 4023 πλεῖστον

2194 4059 2288 4111 καὶ
2343 4059 2404 4111 τὸ
2454 4061 2745 4129 κράτιστον
2793 4061 2887 4113 τοῦ
2927 4061 3156 4131 στρατοῦ
3212 4063 3568 4132 ἐπαγόμενοι.
3628 4064 3767 4117 Οίιτε

2193 4152 2304 4223 γὰρ
2339 4141 2572 4222 βεϐαίως
2611 4151 2894 4205 ἐπίστευον
2935 4153 3104 4223 αὐτῷ,
3148 4151 3271 4205 οὒτε
3301 4154 3368 4205 δι’
3401 4155 3608 4206 ἐκεῖνον
3641 4155 3769 4225 ἠθε-

2193 4245 2285 4298 λον
2334 4246 2510 4298 δοκεῖν
2543 4245 2642 4313 τὴν
2670 4245 2853 4299 ἄδειαν
2884 4245 3220 4314 ψηφισθῆναι
3272 4246 3453 4306 αὐτοῖς
3502 4247 3594 4298 καὶ
3673 4249 3770 4316 τὴν

2197 4336 2446 4398 κάθοδον,
2481 4335 2549 4387 δι’
2593 4337 2818 4397 ἑαυτοὺς
2873 4336 2928 4387 δὲ
2993 4337 3087 4390 καὶ
3131 4338 3227 4406 τὴν
3259 4325 3529 4406 σφετέραν
3589 4340 3765 4406 ἰσχὺν,

2197 4429 2291 4480 καὶ
2317 4427 2500 4496 τυχεῖν
2527 4425 2752 4495 ἤλπιζον
2778 4419 2852 4478 ὧν
2875 4425 3157 4479 ἐϐούλοντο
3187 4426 3274 4480 διά
3303 4428 3370 4479 τὰ
3406 4428 3764 4497 στρατόπεδα.

2197 4520 2306 4573 Καὶ
2353 4519 2381 4569 ὁ
2413 4519 2632 4587 Καῖσαρ
2663 4517 2706 4568 δ’
2737 4518 2920 4580 αὐτοῖς
2955 4518 3090 4586 μετά
3136 4519 3372 4588 πλήθους
3418 4523 3767 4592 στρατιωτῶν

2199 4611 2620 4683 προσυπήντησε
2647 4623 2660 4637 ·
2709 4609 2802 4659 καὶ
2833 4608 3090 4678 συνῆλθον
3128 4611 3207 4674 είς
3239 4611 3478 4681 ὁμιλίαν,
3523 4613 3764 4680 διαλεξά.

2201 4698 2349 4771 μενοί
2397 4698 2456 4749 τέ
2515 4712 2638 4753 τινα
2672 4697 2866 4766 ἡσυχῆ.
2899 4697 2974 4749 Τὸ
3026 4698 3125 4767 μὲν
3174 4699 3394 4769 σύμπαν
3449 4703 3541 4755 ἐπί
3594 4721 3651 4755 τε
3701 4706 3762 4771 τῇ

2194 4787 2487 4857 δυναστείᾳ
2521 4787 2614 4839 καὶ
2647 4787 2790 4837 κατὰ
2828 4785 2938 4838 τῶν
2987 4788 3196 4858 ἐχθρῶν
3251 4791 3596 4861 συνώμοσαν,
3627 4796 3685 4856 ἐς
3714 4795 3766 4846 δὲ

2199 4884 2258 4934 το
2287 4879 2519 4948 φανερὸν
2573 4877 3056 4948 διωμολογήσαντο
3102 4884 3252 4952 κοινῇ
3287 4883 3413 4946 τοὺς
3459 4887 3609 4954 τρεῖς
3648 4887 3766 4938 ἐπι-

2203 4970 2442 5043 μελητὰς
2500 4967 2596 5022 κοιλ¹
2647 4968 2928 5040 διοικητὰς
2963 4970 3072 5025 τῶν
3131 4975 3474 5044 πραγμάτων
3515 4977 3763 5046 γενέσθαι

2201 5067 2291 5119 ἐπὶ
2321 5061 2634 5132 πενταετίᾳ,
2673 5062 2760 5114 ἵνα
2793 5063 2866 5130 μὴ
2897 5063 3211 5135 ὀλιγαρχίας
3237 5069 3468 5125 δοκῶσιν
3497 5073 3764 5141 ἐφίεσθαι.

523 5157 849 5228 interposito
900 5154 1245 5225 pepigerunt,
1292 5151 1496 5206 milites
1543 5160 1604 5206 ut
1647 5169 1733 5208 res
1777 5154 2081 5223 postulabat

2201 5157 2331 5228 ἰδίᾳ
2349 5155 2405 5208 δὲ
2435 5154 2527 5208 καὶ
2553 5154 2726 5224 ἀρχὰς
2759 5154 2930 5208 ἐθνῶν
2957 5157 3169 5221 ἑαυτοῖς
3200 5162 3654 5232 προσενείμαντο,
3683 5164 3765 5215 ἵνα

525 5247 988 5308 allocuti.Verum
1033 5242 1254 5306 milites,
1299 5242 1524 5297 Antonii
1569 5244 1851 5309 instinctu,
1901 5260 1930 5298 a
1976 5244 2093 5299 Cae-

524 5357 644 5400 sare
694 5340 1008 5412 petierunt,
1063 5347 1124 5392 ut
1161 5335 1367 5390 Fulviae
1410 5344 1466 5389 et
1496 5335 1643 5390 Sexti
1674 5334 1850 5389 Clodii
1893 5335 2091 5402 ﬁliam,

526 5434 754 5492 Antonii
846 5430 1195 5503 privignam,
1299 5427 1547 5482 duceret.
1616 5425 1734 5479 Non
1819 5428 2096 5481 recusavit

519 5524 728 5589 Caasar,
775 5534 1091 5593 quanquam
1151 5517 1257 5571 alia
1315 5519 1365 5571 ei
1425 5515 1696 5585 desponsa
1766 5527 1904 5570 erat.
1961 5518 2092 5572 Inde

526 5618 654 5671 dum
698 5615 926 5670 Romam
974 5616 1297 5681 prOperant,
1351 5609 1590 5662 Antonio
1636 5617 1693 5663 et.
1750 5607 1954 5678 Lepido
1995 5625 2092 5679 pa-

521 5721 647 5762 rum
703 5709 982 5775 auspicata
1027 5702 1213 5756 omina
1279 5700 1644 5755 obvenerunt.
1715 5701 1944 5757 Cazsaris
1991 5719 2091 5756 au-

505 5809 635 5855 ,tcm
683 5794 1035 5852 tabernaculo
1075 5793 1253 5864 aquila
1299 5792 1502 5848 insedit
1534 5833 1547 5859 ,
1606 5809 1726 5867 qua:
1780 5794 1918 5854 ducs
1968 5811 2092 5850 eur-

2203 5248 2278 5319 μὴ
2335 5249 2512 5301 πᾶσαν
2561 5245 2658 5316 τὴν
2712 5246 2884 5317 ἀρχὴν
2938 5249 3266 5318 νομίζωνται
3331 5253 3763 5324 σφετερίζεσθαι,

2197 5341 2293 5395 καί⁵
2321 5339 2427 5391 τῶν
2461 5336 2672 5408 ἐχθρῶν
2721 5339 2936 5406 σφαγὰς
2993 5339 3244 5411 ἀλλήλοις
3299 5345 3610 5399 ἀντέδοσαν.
3661 5343 3763 5397 Καὶ

2197 5431 2414 5497 Λεπίδῳ
2469 5428 2568 5498 μὲν
2595 5427 2696 5496 τῆς
2739 5445 2800 5480 τε
2853 5429 3072 5501 Ῥώμης
3125 5433 3224 5502 τὴν
3277 5434 3521 5505 φυλακήν
3553 5435 3643 5488 καὶ
3671 5435 3763 5503 τῆς

2196 5522 2386 5591 λοιπῆς
2431 5518 2655 5579 Ἰταλίας
2684 5519 2968 5574 ἀνέθεσαν.
3001 5524 3216 5595 Καῖσαρ
3242 5525 3297 5577 δὲ
3349 5528 3443 5578 καὶ
3487 5526 3764 5585 Ἀντώνεος

2195 5613 2290 5664 ἐπὶ
2329 5612 2418 5662 τὸν
2461 5607 2688 5676 Μάρκον
2733 5607 2964 5678 Βροῦτον
3012 5613 3450 5682 στρατεύσασθαι
3485 5615 3764 5666 συνέθεντο

2195 5702 2288 5755 καὶ
2340 5701 2431 5752 τὸν
2485 5697 2750 5763 Κάσσιον,
2800 5701 2892 5752 καὶ
2920 5701 3104 5770 ὅρκοις
3131 5706 3198 5755 τά
3244 5703 3468 5767 δόξαντα
3525 5703 3758 5756 ἐπιστώ-

2197 5809 2392 5852 σαντο·
2441 5789 2533 5842 καὶ
2573 5791 2697 5852 τοὺς
2733 5795 3066 5861 στρατιώτας
3099 5796 3531 5864 συγκαλέσαντες
3556 5797 3755 5866 ἐδημης
