4024 6388
307 377 414 444 849

1573 375 1973 437 ANNALIUM
2012 376 2157 438 LIB.
2198 377 2272 439 X.

3459 353 3571 438 ssc

308 498 551 567 γόρησαν
573 494 675 548 ὅσα
710 494 802 547 ἐπὶ
829 492 1047 555 τούτοις
1076 492 1243 555 εἰκός.
1283 491 1347 546 Θί
1383 490 1439 545 δὲ
1470 489 1562 544 τοῦ
1606 492 1889 545 ’Λντιυνίου

1998 507 2096 547 vos
2132 492 2411 548 irruentes
2440 502 2495 549 et
2523 507 2731 562 pennas
2767 493 2976 562 aliquot
3002 492 3053 548 ci
3094 494 3331 551 evellere
3358 512 3567 553 conan-

309 588 642 657 στρατιῶται
671 584 734 651 ἐξ
777 585 1064 655 ὑποθήκης
1114 583 1280 637 αὑτοῦ
1341 583 1440 653 τὴν
1486 583 1761 652 θυγατέρα
1790 582 1890 653 τῆς

308 679 563 747 γυναικὸς
632 676 919 733 Ἀντωνίου
979 675 1284 740 Φουλϐίας,
1343 676 1411 745 ἢν
1467 670 1614 744 εἶχεν
1668 674 1734 725 ὲκ
1791 673 1886 725 τοῦ

306 772 577 836 Κλωδίου,
623 771 811 825 λαϐεῖν
841 770 1028 841 ἠξίουν
1064 769 1154 823 τὸν
1189 768 1470 837 Καίσαρα.
1516 768 1783 830 Κάκεῖνος
1826 766 1887 819 οὐ

307 866 688 938 παρῃτήσατο,
719 863 899 917 καίτοι
928 863 1121 932 ἑτέρας
1166 860 1316 932 αύτῷ
1345 856 1887 931 προμεμνηστευμέ-

304 973 423 1027 νης.
466 952 755 1009 Ἐντεῦθεν
787 956 868 1016 είς
914 955 1016 1022 τὴν
1071 951 1292 1024 Ῥώμην
1316 950 1614 1022 ἠπείγοντο
1640 966 1656 982 ο
1689 952 1892 1020 σημεῖα

305 1048 362 1101 δέ
389 1064 511 1101 τινα
563 1045 643 1116 τῷ
691 1063 749 1099 τε
806 1044 1077 1115 Ἀντωνίῳ
1126 1043 1220 1098 καὶ
1275 1042 1355 1113 τῷ
1404 1041 1617 1110 Λεπίδῳ
1651 1041 1890 1095 ἀπαίσια

310 1135 714 1206 συμϐεϐήκασι.
749 1135 840 1205 Τῷ
871 1135 1116 1207 Καίσαρι
1152 1134 1210 1188 δὲ
1247 1133 1404 1197 ἀετὸς
1443 1132 1587 1203 ὑπὲρ
1627 1132 1726 1201 τῆς
1757 1149 1891 1202 σκη-

306 1228 403 1297 νῆς
467 1226 703 1298 ἱδρυθεὶς
744 1226 838 1280 δύο
884 1226 1126 1297 κόρακας
1166 1224 1575 1296 προσπεσόντας
1620 1223 1768 1293 αὐτῷ
1797 1223 1891 1277 καὶ

306 1318 507 1373 τίλλειν
550 1317 673 1372 τινά
720 1318 829 1371 τᾶν
865 1315 1084 1387 πτερῶν
1126 1316 1294 1370 αὑτοῦ
1328 1316 1711 1386 ’πειρωμένους
1758 1316 1891 1368 ἀπέε-

309 1427 540 1475 ιιτεινεν,
568 1410 596 1462 δ
624 1408 723 1480 τὴν
750 1409 909 1478 νίκην
938 1410 1057 1463 κατ’
1090 1409 1424 1479 ἀμφοτέρων
1454 1409 1563 1462 τῶν
1601 1408 1890 1461 συνιόντων

302 1502 450 1572 αὑτῷ
483 1502 884 1572 προεσήμαινε.
927 1502 1035 1553 Καὶ
1072 1504 1119 1553 oi
1156 1502 1254 1570 μὲν
1294 1500 1466 1562 οὕτως
1502 1503 1580 1562 είς
1620 1500 1717 1569 τὴν
1755 1499 1891 1551 Ῥῶ-

307 1612 415 1663 μην
445 1592 684 1665 ήλθοσαν
722 1593 862 1663 μετά
900 1592 1010 1646 τῶν
1040 1594 1473 1664 στρατευμάτων
1499 1608 1515 1623 ο
1566 1592 1662 1645 καὶ
1704 1607 1890 1660 παρα-

304 1688 493 1755 χρῆμα
556 1685 626 1738 τὰ
685 1687 838 1755 σφίσι
889 1684 1125 1749 δόξαντα
1176 1684 1467 1754 ἔπραττον,
1525 1682 1620 1736 καὶ
1684 1681 1890 1750 σφαγαὶ

306 1776 518 1829 πολλῶν
571 1775 912 1846 ἐποιήθησαν
940 1815 957 1841 ,
1015 1776 1093 1838 ὼς
1153 1773 1512 1844 πληρωθῆναι
1571 1773 1671 1841 τὴν
1729 1770 1888 1824 πόλιν

1992 593 2078 638 tes
2134 584 2341 639 occidit
2391 602 2405 639 :
2458 599 2570 655 quo
2626 585 2859 655 augurio
2909 583 3137 639 victoria
3193 594 3385 640 contra
3430 588 3569 642 duos

1991 676 2229 745 collegas
2266 677 2313 730 ei
2345 675 2800 746 portendebatur.
2837 676 3065 730 Romam
3102 691 3225 731 cum
3258 678 3569 746 legionibus

1993 767 2249 837 ingressi,
2276 768 2466 823 statim
2495 767 2678 823 fecere
2717 783 2839 836 quae
2864 768 3191 830 voluerunt,
3235 778 3315 823 tot
3356 771 3570 825 civibus

1991 859 2214 924 occisis,
2253 872 2314 914 ut
2349 859 2481 914 nrhs
2504 860 2869 915 cadaveribus
2908 859 3255 929 impleretur.
3300 861 3434 915 Nam
3477 864 3569 918 alii

1990 950 2048 1005 in
2092 950 2335 1014 aedibus,
2363 948 2460 1004 alii
2511 949 2564 1003 in
2617 949 2744 1013 viis,
2784 950 2889 1003 alii
2913 949 2965 1002 in
3004 949 3124 1004 l'oro
3162 958 3229 1025 et
3269 951 3337 1004 ad
3372 952 3568 1020 templa

1991 1040 2223 1096 deorum
2280 1040 2674 1095 immortalium
2734 1040 3176 1098 trucidabantur.
3222 1041 3571 1111 Proscripti)-

1991 1149 2114 1189 rum
2174 1135 2353 1204 capita
2413 1133 2718 1189 triumviris
2776 1135 2830 1189 in
2887 1135 3096 1190 curiam
3169 1134 3567 1196 afferebantur,

1994 1227 2176 1281 trunci
2207 1240 2503 1296 corporum
2536 1227 2735 1297 partim
2773 1235 2979 1282 temere
3025 1226 3449 1295 abjieiebantur.
3479 1243 3571 1280 ca-

1989 1318 2154 1374 nibus
2186 1333 2312 1373 csca
2360 1326 2417 1373 et
2458 1318 2717 1382 alitibus,
2757 1304 3057 1387 partim'in
3095 1317 3341 1372 Tiberim
3380 1317 3570 1386 prreci-

1993 1410 2338 1482 pitabantur.
2364 1411 2478 1467 Nec
2509 1411 2717 1466 inimici
2745 1411 3033 1474 duntaxat,
3064 1411 3157 1465 sed
3182 1411 3341 1465 amici
3370 1426 3566 1465 corn."

1989 1503 2159 1557 etiam
2201 1503 2637 1574 perhnebantur.
2677 1503 2812 1558 Nam
2858 1517 2955 1557 eos
2990 1519 3184 1558 omnes
3223 1504 3315 1573 qui
3359 1504 3451 1558 uni
3503 1519 3567 1558 ex

1992 1592 2300 1647 triumviris
2347 1608 2507 1663 opem
2555 1594 2817 1657 tulerant,
2870 1602 2964 1648 aut
3006 1594 3284 1657 Srﬂ'ragati
3327 1594 3565 1655 fuerant.

1995 1685 2190 1755 reliqui
2223 1685 2334 1740 duo
2370 1686 2556 1741 hostes
2573 1686 2915 1755 judicabant.
2944 1687 3024 1741 Ita
3060 1686 3243 1750 fiebat,
3283 1695 3343 1741 ut
3402 1687 3566 1742 iidem

1991 1789 2182 1829 eorum
2218 1775 2382 1830 alicui
2422 1776 2583 1831 amici
2608 1817 2621 1839 ,
2661 1786 2718 1832 et
2755 1778 2967 1833 eaeteris
3014 1778 3200 1833 hostes
3237 1789 3461 1834 essent:
3512 1789 3570 1836 et

303 1868 535 1938 νεκρῶν.
578 1868 650 1920 Ol
695 1870 794 1937 μὲν
842 1868 953 1938 γὰρ
992 1869 1050 1920 ἐν
1090 1868 1213 1930 ταῖς
1258 1865 1481 1929 οἰκίαις,
1516 1865 1565 1918 οἱ
1591 1865 1646 1917 δὲ
1683 1864 1740 1917 έν
1769 1866 1889 1927 ταῖς

1992 1866 2122 1923 dum
2189 1870 2426 1940 quisque
2489 1868 2843 1926 insidiatores
2905 1870 3307 1936 ulcisceretur,
3375 1872 3567 1927 eadem

301 1957 443 2020 ὁδοῖς
480 1959 582 2011 κάν
627 1960 749 2022 ταῖς
802 1958 1032 2028 ἀγοραῖς
1077 1956 1343 2027 καὶπρὸς
1373 1958 1488 2020 τοῖς
1542 1957 1707 2026 ἱεροῖς
1747 1957 1888 2009 ἁπεο

1992 1975 2161 2031 O‘pera
2206 1977 2337 2017 suos
2361 1962 2729 2018 amicissimos
2768 1963 3042 2033 perderet.
3080 1964 3192 2019 Nec
3235 1965 3391 2037 501
3418 1967 3568 2021 enim

302 2047 606 2110 κτίννυντο,
654 2050 745 2100 καὶ
783 2048 840 2100 αἱ
888 2046 989 2116 μὲν
1034 2045 1273 2114 κεφαλαὶ
1318 2043 1498 2098 αὐτῶν
1523 2044 1616 2096 ἐπὶ
1648 2043 1708 2096 τὸ
1739 2041 1889 2113 βῆμα

1993 2054 2139 2108 ullus
2170 2053 2458 2109 inimicum
2514 2069 2698 2121 suum,
2750 2056 2795 2112 si
2848 2056 3078 2112 alterius
3130 2058 3340 2114 amicus
3397 2065 3567 2122 esset.

304 2140 489 2202 αὐτοῖς
544 2139 879 2205 ἀνετίθεντο,
929 2140 1000 2193 τὰ
1057 2137 1115 2191 δὲ
1162 2138 1325 2192 λοιπά
1383 2135 1614 2206 σώματα
1664 2136 1733 2189 τά
1785 2136 1886 2205 μὲν

1992 2144 2095 2198 nisi
2154 2145 2322 2199 alium
2382 2146 2502 2218 ejus
2536 2147 2667 2202 loco
2712 2146 2976 2215 dedisset,
3030 2148 3124 2220 qui
3164 2149 3336 2220 ipsius
3359 2151 3571 2207 amicus

301 2230 467 2283 αὑτοῦ
495 2247 598 2282 που
651 2231 968 2301 ὲρῤιπτεῖτο
1018 2228 1150 2299 βορά
1192 2228 1319 2281 κυσί
1370 2244 1428 2279 τε
1475 2226 1571 2281 καὶ
1597 2226 1793 2295 ὄρνισι,
1822 2227 1889 2279 τά

1992 2233 2316 2301 haberetur,
2366 2246 2462 2292 aut
2500 2236 2689 2306 plures
2715 2238 2880 2292 etiam
2906 2279 2921 2303 ,
2958 2238 3001 2293 si
3036 2238 3080 2294 is
3112 2241 3205 2309 qui
3244 2239 3314 2296 ad
3363 2241 3568 2297 eaedem

300 2320 358 2372 δὲ
387 2322 467 2383 εἰς
506 2321 600 2372 τὸν
640 2320 884 2387 ποταμὸν
925 2319 1265 2373 ὲνεϐἀλλετο.
1320 2319 1430 2372 Καὶ
1474 2319 1572 2387 οὐχ
1618 2318 1665 2371 οί
1700 2317 1889 2387 ἐχθροὶ

1994 2326 2397 2395 postulabatur,
2456 2328 2575 2383 sive
2616 2329 2858 2393 virtute,
2912 2331 3029 2385 sive
3083 2333 3391 2399 nobilitate,
3454 2335 3570 2390 sive

303 2413 509 2478 αὐτῶν,
537 2414 672 2466 ἀλλά
701 2413 798 2467 καὶ
851 2415 900 2469 οί
948 2413 1093 2482 φίλοι
1154 2413 1490 2468 ἀπώλλυντο.
1536 2413 1748 2475 Πάντας
1779 2412 1885 2480 γὰρ

1994 2416 2262 2486 dignitate
2301 2418 2620 2483 excelleret,
2654 2434 2686 2475 e
2717 2420 2901 2475 medio
2934 2422 3126 2477 tollere
3156 2432 3393 2493 poterat.
3420 2425 3569 2481 Divi-

305 2505 434 2567 τοὺς
483 2506 699 2572 ἑκάστῳ
751 2506 858 2559 τῶν
909 2506 1079 2577 τριῶν
1130 2505 1600 2577 συναραμένουςῆ
1632 2504 1882 2573 συμπρά-

1995 2513 2077 2559 tes
2104 2521 2236 2561 vero
2257 2508 2341 2563 vel
2380 2507 2713 2565 innocentes
2731 2509 2785 2564 in
2817 2510 3249 2581 proscriptorum
3275 2510 3567 2567 numerum

306 2592 504 2656 ξυντας
555 2595 613 2646 ὲν
655 2595 930 2663 πολεμίων
975 2595 1142 2666 μοίρᾳ
1199 2596 1248 2647 oi
1289 2594 1440 2648 ἄλλοι
1483 2593 1740 2647 ἐτίθεντο.
1781 2594 1888 2647 Καὶ

1993 2597 2349 2660 referebant.
2393 2600 2539 2669 quod
2582 2600 2788 2673 ingenti
2832 2602 3067 2673 pecunia
3120 2612 3267 2659 esset
3309 2619 3450 2674 opus
3499 2604 3569 2659 ad

301 2686 443 2738 οὕτω
472 2686 753 2741 συνέϐαινε
817 2692 944 2749 τοὺς
976 2688 1177 2750 αὐτοὺς
1208 2687 1300 2741 καὶ
1325 2686 1511 2756 φίλους
1544 2688 1655 2739 τινὶ
1679 2685 1883 2745 αὐτῶν,

1992 2689 2327 2759 explendum
2366 2691 2601 2747 militum
2632 2693 2987 2763 cupiditates.
3310 2692 3315 2697 ’

303 2782 396 2833 καὶ
454 2782 684 2853 ἐχθροὺς
727 2786 839 2847 τοῖς
897 2785 1102 2854 ἑτέροις
1165 2779 1348 2837 εἶναι’
1417 2782 1559 2836 ὥστε
1615 2783 1677 2835 ὲν
1728 2775 1773 2850 ᾧ
1818 2782 1924 2854 ἰδίᾳ.
1972 2784 2207 2850 ἕκαστος
2254 2787 2380 2851 τοὺς
2446 2788 2939 2852 ἐπιϐουλεύσαντας
2999 2789 3147 2860 αὐτῷ
3172 2789 3433 2860 ἠμύνετο,
3479 2788 3570 2841 καὶ

303 2874 428 2937 τοὺς
478 2874 769 2942 φιλτάτους
824 2879 979 2945 κοινῇ
1039 2874 1491 2929 συναπώλλυσαν.
1576 2876 1650 2929 Ού
1721 2877 1829 2947 γάρ
1876 2894 1961 2939 τις
1998 2877 2091 2931 τὸν
2150 2880 2348 2933 ἑαυτοῦ
2416 2880 2611 2952 ἐχθρὸν
2671 2881 3093 2953 τιμωρήσασθαι
3172 2882 3324 2951 φίλον
3381 2883 3570 2952 ἐτέρου

302 2963 431 3019 εντα
485 2967 742 3034 ἠδύνατο,
807 2967 881 3039 μὴ
932 2967 1180 3030 ἀντιδοὺς
1238 2967 1427 3038 ἕτερον
1475 2966 1628 3036 φίλον
1677 2965 1877 3020 ἑαυτοῦ
1916 2969 2293 3041 νομιζόμενον,
2374 2971 2408 3043 ἢ
2457 2972 2555 3027 καὶ
2638 2971 2880 3037 πλείους,
2932 2974 2982 3026 εί
3034 2974 3063 3028 ὁ
3119 2974 3442 3045 αἰτούμενος
3489 2974 3571 3036 είς

304 3057 517 3129 σφαγὴν
546 3058 761 3130 ἔντιμος
782 3055 857 3135 κῆν
888 3058 949 3124 ἐξ
978 3058 1239 3130 ἀρετῆςῆ
1269 3057 1461 3127 γένους
1524 3059 1557 3129 ἢ
1622 3057 1955 3130 ἀξιώματος.
2001 3062 2110 3115 Καὶ
2160 3061 2289 3126 τοὺς
2337 3062 2632 3123 πλουσίους
2687 3064 2763 3127 δὲ,
2814 3064 2921 3119 κᾶν
2983 3064 3149 3137 μηδὲν
3192 3061 3338 3137 εἶχον
3388 3065 3569 3129 αὐτοῖς

305 3153 578 3221 ἐγκαλεῖν,
637 3151 1088 3225 προσαπώλλυον,
1142 3152 1358 3208 πολλῶν
1412 3152 1717 3225 χρημάτων
1759 3152 2005 3224 δεόμενοι
2068 3154 2157 3210 ῐνα
2208 3155 2308 3222 τάς
2390 3156 2690 3230 ἐπιθυμίας
2777 3160 2890 3215 τῶν
2981 3161 3333 3232 στρατιωτῶν
3429 3163 3567 3216 ἀπο-

308 3246 582 3317 πλήσωσι.

374 3339 472 3395 lZ'.
508 3341 695 3396 Ταῦτα
738 3341 935 3417 δὲιὺπο
966 3341 1061 3397 τοῦ
1088 3342 1324 3397 Λεπίδου
1355 3343 1449 3397 καὶ
1462 3343 1562 3398 τοῦ
1593 3345 1881 3398 Ἀντωνίου

2056 3345 2226 3403 XVII.
2269 3347 2396 3404 "me
2423 3361 2453 3403 a
2484 3340 2691 3418 Lepido
2712 3356 2769 3403 et
2803 3346 3043 3404 Antonio
3067 3347 3412 3418 potissimum
3441 3362 3571 3419 age-

307 3432 613 3502 ἐπράττετο
644 3432 905 3503 μάλιστα.
957 3435 1300 3503 Τιμηθέντες
1337 3437 1445 3505 γὰρ
1496 3436 1601 3489 ὑπὸ
1628 3435 1721 3489 τοῦ
1752 3454 1885 3505 προ-

307 3525 470 3596 τέρου
532 3528 837 3597 Καίσαρος,
894 3527 990 3581 καὶ
1028 3526 1123 3579 ἐπὶ
1172 3526 1429 3579 πλεῖστον
1473 3526 1746 3597 ἄρξαντες
1791 3529 1887 3581 καὶ

307 3616 794 3686 ήγεμονεύσαντες,
831 3619 927 3672 καὶ
959 3617 1249 3682 πλείστους
1289 3614 1437 3688 εἶχον
1463 3618 1714 3690 ἐχθρούς.
1734 3617 1885 3672 Ἐδό-

307 3727 395 3762 κει
424 3709 482 3763 δὲ
520 3712 614 3764 καὶ
641 3710 746 3763 ὑπὸ
773 3710 868 3765 τοῦ
895 3710 1022 3764 νέου
1074 3711 1364 3780 Καίσαρος
1394 3710 1647 3780 γίνεσθαι
1677 3710 1764 3764 διὰ
1785 3709 1887 3781 τὴν

307 3804 409 3873 τῆς
451 3806 773 3869 δυναστείας
826 3809 1134 3862 κοινωνίαν.
1185 3808 1356 3871 Αὐτὸς
1390 3808 1499 3878 γὰρ
1546 3806 1608 3860 οὐ
1650 3807 1880 3876 συχνοὺς

307 3898 620 3960 ἀπέκτεινε,
654 3898 815 3967 φύσει
849 3915 911 3953 τε
938 3901 1045 3953 ὀὐκ
1069 3899 1216 3968 ὠμὸς
1245 3899 1342 3962 ὣν,
1378 3901 1473 3952 καὶ
1495 3898 1885 3969 τεθραμμένος

308 3993 422 4055 τοῖς
451 3992 607 4062 ἦθεσι
643 3993 737 4046 τοῦ
761 3993 995 4062 πατρὸς,
1028 3993 1123 4047 καὶ
1160 3993 1296 4062 μήτε
1323 3993 1541 4055 πολλοῖς
1576 3995 1730 4062 μῖσος
1760 3992 1886 4061 τρέ-

313 4101 429 4152 φων
457 4084 707 4155 σφοδρὸν,
760 4086 855 4137 καὶ
887 4084 1167 4153 φιλεῖσθαι
1195 4083 1742 4155 πραγματευόμενος.
1778 4083 1890 4135 Καὶ

311 4175 372 4226 οὐ
427 4175 585 4243 μόνον
647 4176 708 4228 οὐ
762 4175 994 4237 πολλοὺς
1055 4173 1332 4243 ἔφθειρεν,
1391 4173 1529 4227 ἀλλά
1567 4174 1664 4227 καὶ
1713 4173 1888 4226 ἔσωσε

313 4265 621 4330 πλείστους·
671 4268 765 4319 καὶ
816 4269 930 4329 τοῖς
975 4264 1220 4335 κρύψασί
1276 4282 1430 4327 τινας
1495 4264 1888 4318 ἐπιεικέστατα

313 4358 600 4426 ἐχρήσατο,
644 4359 768 4411 ἐπεὶ
831 4358 1066 4420 θάνατος
1133 4357 1231 4410 καὶ
1300 4356 1518 4421 τούτοις
1570 4357 1887 4428 προείρητο.

327 4449 386 4499 't)
418 4451 478 4503 δὲ
523 4451 756 4513 Λέπιδος
809 4451 1186 4521 ἀπαραίτητος
1237 4446 1326 4519 ἦν’
1377 4450 1472 4504 καὶ
1529 4449 1558 4501 ὁ
1606 4450 1891 4515 Ἀντώνιος

312 4540 478 4608 ὠμῶς
529 4542 621 4594 καὶ
655 4540 900 4610 ἀνηλεῶς
950 4541 1157 4594 ἔκτεινε
1216 4541 1314 4594 καὶ
1351 4542 1480 4603 τοὺς
1520 4541 1891 4611 ἐπικουρῆσαι

1993 3438 2197 3493 bantur
2222 3457 2234 3493 :
2276 3454 2507 3509 quorum
2539 3439 2685 3509 quod
2720 3439 2823 3494 sub
2850 3439 3040 3509 majori
3070 3437 3285 3495 Caesare
3314 3437 3570 3494 honorati

1987 3530 2244 3597 fuissent,
2275 3538 2331 3586 et
2364 3530 2718 3600 amplissimis
2762 3530 3174 3602 magistratibus
3199 3540 3363 3600 atque
3393 3529 3569 3599 impc-

1989 3623 2085 3678 riis
2117 3624 2319 3687 ornati,
2340 3622 2506 3679 etiam
2549 3622 2848 3678 inimicitiae
2872 3622 3137 3679 latissime
3162 3621 3436 3692 patebant.
3461 3621 3568 3676 Sed

1988 3717 2180 3772 eadem
2217 3730 2247 3771 a
2277 3715 2492 3771 Cresare
2528 3730 2749 3786 quoque
2797 3715 2917 3771 fieri
2968 3715 3309 3786 putabantur
3341 3722 3569 3784 propter

1990 3818 2308 3880 potentatus
2359 3810 2705 3865 societatem.
2748 3809 2961 3864 Paucos
2995 3808 3140 3863 enim
3199 3806 3315 3876 ipse
3344 3805 3567 3861 occide-

1990 3900 2107 3966 bat,
2147 3915 2251 3956 nec
2283 3907 2478 3954 natura
2509 3898 2772 3962 crudelis,
2804 3908 2860 3953 et
2892 3896 3143 3952 moribus
3168 3896 3339 3965 patris
3366 3897 3570 3950 educa-

1992 4000 2099 4057 tus,
2141 4001 2198 4047 et
2244 3990 2434 4059 paucis
2483 3991 2726 4060 graviter
2775 3988 3045 4057 infensus,
3073 3987 3277 4059 quique
3319 3985 3472 4056 diligi
3508 4001 3567 4041 se

1991 4098 2156 4152 quam
2187 4082 2364 4137 timeri
2400 4082 2608 4137 mallet.
2660 4081 2773 4137 Nec
2805 4089 3014 4137 tantum
3044 4095 3156 4134 non
3187 4079 3387 4133 multos
3417 4078 3567 4133 occi-

1964 4204 1967 4207 »
1992 4174 2091 4234 dit.
2123 4174 2218 4227 sed
2253 4174 2520 4243 plurimos
2550 4173 2715 4228 etiam
2747 4171 3115 4235 conservavit,
3141 4179 3196 4225 et
3226 4184 3322 4225 eos
3342 4168 3436 4240 qui
3464 4169 3567 4225 ali-

1991 4262 2131 4335 quos
2166 4266 2535 4330 occultarant,
2591 4262 2987 4318 humanissime
3022 4261 3316 4317 tractavit:
3357 4276 3481 4314 nam
3513 4259 3566 4314 id

1992 4374 2214 4429 quoque
2260 4357 2493 4428 capitale
2544 4367 2684 4413 erat.
2742 4355 2991 4425 Lepidus
3043 4370 3171 4409 vero
3215 4352 3570 4408 inexorabilis

1996 4453 2091 4508 fuit
2120 4470 2135 4520 ;
2165 4452 2439 4507 Antonius
2465 4451 2596 4506 item
2630 4466 2823 4510 saevus,
2855 4447 2947 4518 qui
2979 4447 3407 4517 proscrip'orum
3434 4462 3571 4516 quo-

1995 4561 2101 4615 que
2124 4544 2440 4600 defensores
2463 4542 2760 4598 crudeliter
2786 4539 3119 4601 trucidabat,
3147 4539 3569 4608 occisorumque

313 4632 424 4694 τοῖς
457 4631 827 4700 κτεινομένοις
882 4632 1319 4703 ἐπιχειροῦντας,
1374 4633 1470 4686 καὶ
1514 4633 1613 4696 τὰς
1648 4632 1889 4703 κεφαλὰς

1995 4638 2176 4707 capita
2203 4637 2289 4692 vel
2320 4635 2462 4690 inter
2499 4635 2690 4705 epulas
2727 4633 2968 4690 intuens.
3007 4632 3217 4686 nefario
3249 4631 3569 4701 spectaculo

312 4722 423 4775 τῶν
470 4725 861 4792 σφαττομένων
911 4724 1006 4776 καὶ
1056 4724 1381 4793 σιτούμενος
1432 4726 1757 4789 ἐπεσκόπει,
1796 4728 1893 4780 καὶ

315 4814 411 4880 τῆς
440 4814 656 4866 ἀνοσίου
707 4814 843 4876 θέας
880 4814 1059 4867 αὐτῶν
1103 4814 1499 4883 ἐνεπίμπλατο.
1540 4817 1657 4870 ’Καὶ
1688 4818 1721 4885 ἡ
1753 4818 1891 4888 γυνὴ

311 4903 480 4957 αὐτοῦ
517 4906 550 4974 ἡ
574 4905 809 4958 Φουλϐία
842 4904 1074 4970 πολλοὺς
1118 4905 1214 4958 καὶ
1243 4905 1381 4976 αὑτὴ
1427 4906 1527 4960 ικαὶ
1556 4905 1626 4959 δι’
1672 4907 1882 4977 ἔχθραν

314 4998 409 5049 καὶ
456 4996 544 5051 διὰ
590 4998 853 5067 χρήματα
900 4996 1265 5061 ἐθανάτωσεν,
1317 4998 1435 5052 ἐστι
1497 4998 1544 5053 δ’
1602 4998 1698 5063 οὓς
1765 5001 1888 5053 οὐδὲ

314 5091 756 5159 γινωσκομένους
791 5089 897 5143 ὑπὸ
952 5087 1047 5142 τοῦ
1102 5089 1297 5160 ἀνδρὸς
1343 5091 1539 5159 αὐτῆς.
1578 5093 1716 5146 Ποτὲ
1757 5091 1890 5161 γοῦν

314 5183 411 5235 καὶ
448 5182 546 5251 τῆς
584 5182 678 5236 τοῦ
712 5182 1025 5254 Κικέρωνος
1059 5182 1303 5253 κεφαλῆς
1338 5184 1699 5253 κομισθείσης
1737 5184 1889 5255 (φεύ-

315 5291 431 5342 γων
471 5275 583 5346 γὰρ
609 5275 926 5346 κατελήφθη
958 5276 1054 5328 καὶ
1087 5275 1327 5345 ἐσφάγη)
1354 5278 1382 5328 ὁ
1443 5277 1542 5345 μὲν
1600 5275 1890 5337 Ἀντώνιος

316 5365 491 5419 cro/Mt
518 5367 681 5420 aiath
716 5367 1121 5437 βλασφημήσας
1156 5367 1449 5421 ἐκέλευσεν
1477 5366 1649 5438 αὐτὴν
1708 5371 1886 5436 ἐκφα-

316 5458 573 5528 νέστερον
610 5459 720 5511 τῶν
748 5459 926 5512 ἄλλων
954 5458 1011 5510 ὲν
1054 5457 1133 5529 τῷ
1167 5457 1372 5528 βήματι
1420 5460 1772 5529 προτεθῆναι,
1826 5461 1894 5514 ἵν’

325 5550 454 5604 ὅθεν
488 5549 724 5620 ἠκούετο
751 5549 1088 5619 δημηγορῶν
1118 5550 1242 5601 κατ’
1275 5550 1464 5614 αὑτοῦ,
1492 5553 1608 5604 ἐκεῖ
1634 5551 1774 5618 μετά
1792 5554 1892 5621 τῆς

320 5643 502 5713 χειρὸς
545 5643 641 5710 τῆς
675 5640 852 5706 δεξιᾶς
892 5630 1088 5711 ὁρῷτο.
1125 5642 1311 5706 Οὕτως
1366 5643 1474 5713 γὰρ
1505 5644 1879 5711 ἀπετέτμητο.
1906 5682 1923 5691 -

333 5734 398 5787 ἸΙ
434 5735 491 5788 δὲ
519 5735 585 5805 δὴ
625 5734 859 5787 Φουλϐία
901 5734 958 5796 ἐς
1009 5750 1070 5785 τε
1108 5734 1208 5795 τὰς
1260 5737 1445 5803 χεῖρας
1473 5734 1645 5802 αὐτὴν
1706 5734 1890 5799 ἔλαϐε,

323 5824 421 5878 καὶ
457 5824 873 5896 ὲπικραναμένη
908 5826 1000 5877 καὶ
1052 5823 1379 5895 ἐμπτύσασα
1434 5825 1525 5877 ἐπὶ
1571 5826 1639 5877 τὰ
1688 5825 1893 5892 γόνατα

1994 4731 2061 4785 ad
2094 4729 2403 4785 satietatem
2466 4726 2879 4797 perfruebatur.
2940 4725 3088 4780 Uxor
3123 4724 3253 4778 item
3287 4725 3409 4795 ejus
3442 4724 3570 4778 Ful-

1997 4821 2080 4874 via
2136 4821 2339 4873 multos
2386 4835 2452 4873 ex
2496 4818 2644 4881 odio,
2681 4818 2884 4871 multos
2922 4817 3172 4886 pecunia:
3202 4832 3391 4874 causa.
3432 4831 3569 4868 non-

1993 4912 2176 4965 nullos
2201 4911 2367 4966 etiam
2404 4909 2601 4964 marito
2638 4910 2795 4978 plane
2846 4909 3063 4978 ignotos
3096 4908 3426 4963 lrucidabat.
3481 4906 3601 4973 Ci-_

1993 5003 2213 5059 coronis
2240 5013 2423 5056 autem
2458 5009 2621 5071 caput
2658 5000 2806 5069 (nam
2836 5000 2883 5053 is
2916 5016 3136 5070 quoque
3165 5000 3219 5053 in
3260 4999 3379 5067 fuga
3405 4999 3569 5067 jugu-

1995 5099 2140 5153 latus
2172 5097 2372 5165 fuerat)
2403 5095 2673 5150 Antonius
2701 5094 2767 5148 ad
2801 5108 2860 5148 se
2894 5094 3117 5148 allatum
3154 5092 3459 5146 maledictis
3492 5091 3571 5141 in-

1999 5198 2263 5251 sectatus,
2314 5188 2602 5243 iliustriuri
2656 5188 2860 5241 inloco
2896 5202 2995 5255 pro
3051 5185 3267 5246 rostris,
3311 5198 3416 5235 una
3445 5197 3569 5235 cum

1996 5284 2189 5336 dextra
2221 5282 2341 5351 ejus
2369 5296 2557 5343 manu,
2611 5279 2757 5332 unde
2799 5277 3160 5332 coneionatus
3192 5274 3391 5335 fuerat,
3427 5272 3570 5340 aﬂigi

1992 5374 2175 5446 jussit.
2210 5372 2396 5427 Fulvia
2428 5387 2559 5425 vero
2590 5371 2642 5424 id
2669 5372 2908 5439 primum
2943 5369 2997 5422 in
3043 5382 3237 5421 manus
3266 5374 3569 5433 sumptum,

2001 5467 2080 5519 ira
2120 5464 2328 5534 percita
2362 5460 2638 5531 conspuit.
2700 5458 2906 5513 Deinde
2940 5458 3173 5527 genibus
3225 5455 3568 5523 impositum.

1999 5568 2206 5621 orcque
2255 5552 2500 5610 diducto.
2559 5550 2797 5617 linguam
2838 5556 3138 5601 extracmm
3168 5546 3402 5607 acubus,
3449 5549 3574 5615 qui-

2002 5645 2106 5697 bus
2137 5643 2203 5696 ad
2232 5651 2555 5695 ornamenta
2607 5639 2805 5707 capitis
2855 5637 3412 5707 ttlcbatur,~pupttgit,
3445 5653 3571 5692 cum

2005 5731 2192 5786 multis
2222 5729 2447 5783 nefariis
2481 5728 2746 5781 dicta-riis.
2804 5727 2986 5780 Multis
3029 5726 3408 5795 pereuntibus,
3451 5729 3573 5796 qui-

2002 5824 2128 5878 dam
2159 5827 2473 5876 evaserunt.
2524 5817 2679 5873 Servi
2729 5819 2875 5875 enim
2931 5817 3281 5873 dominorum
3328 5818 3574 5881 vestibus
