4024 6402
335 347 445 415 853

1633 350 2041 414 ANN-ALIUM
2084 352 2227 411 LIB.
2273 352 2349 413 X.

3506 348 3613 410 854

339 458 435 515 καὶ
462 457 745 528 γυναικός.
779 457 943 530 Λόγῳ
975 458 1081 530 μέν
1110 458 1223 532 γάρ
1254 458 1314 513 τὸ
1343 458 1573 514 δέκατον
1604 460 1705 530 τῆς
1736 458 1929 520 οὐσίας

2054 456 2185 512 iliud
2217 458 2610 529 excogitatum.
2659 456 2850 514 Cuivis
2904 460 3335 524 concedebatur,
3370 462 3414 514 si
3450 460 3616 516 bonis

339 548 473 618 παρ’
505 548 737 603 ἑκάστου
766 549 919 621 σφῶν
952 549 1319 623 είσεπράχθη,
1351 550 1499 622 ἔργῳ
1535 551 1638 619 μέν
1673 568 1758 603 τοι
1805 548 1931 603 οὐδὲ

340 640 403 695 τδ
432 639 663 695 δέκατον
690 641 1024 713 κατελείφθη
1051 642 1180 702 τινί,
1242 643 1355 696 Καὶ
1388 642 1578 714 ἕτερον
1612 641 1671 696 δέ
1703 659 1756 695 τι
1805 642 1929 694 ἐπι-

346 731 592 803 νενόητο.
650 730 742 802 Τῷ
795 732 906 804 γάρ
960 732 1279 806 βουλομένῳ
1331 733 1555 803 ἐνεδόθη
1591 733 1773 802 πάσης
1832 733 1933 803 τῆς

340 824 533 888 οὐσίας
562 823 819 879 ἐκστάντι
845 825 906 880 τὸ
933 826 1123 899 τρίτον
1156 828 1295 896 μετά
1330 825 1509 881 ταῦτα
1564 824 1723 889 αὖθις
1763 828 1929 880 άπαι-

345 918 511 989 τῆσαι
566 918 763 988 αὐτῆς,
794 918 1042 974 τουτέστι
1083 920 1222 992 μήτε
1253 919 1463 985 λαϐεῖν,
1497 920 1594 973 καὶ
1624 919 1932 989 πράγματα

344 1013 512 1082 σχεῖν.
533 1012 597 1065 Οἱ
616 1012 726 1083 γὰρ
749 1012 843 1085 βίᾳ
872 1012 942 1067 τά
964 1013 1059 1068 δύο
1093 1016 1235 1086 μέρη
1264 1012 1571 1085 συλώμενοι
1604 1010 1930 1085 προσρανῶςο

344 1102 460 1166 πῶς
487 1101 556 1155 ἃν
594 1101 658 1156 τὸ
692 1102 878 1171 τρίτον
912 1103 1195 1160 ἀπέλαϐον
1223 1121 1240 1172 ;
1286 1103 1385 1157 καὶ
1417 1102 1554 1158 ἄλλα
1590 1101 1650 1155 δὲ
1700 1101 1932 1155 πλείστα

344 1194 459 1257 τοῖς
501 1191 819 1263 ἀνθρώποις
845 1194 972 1248 τότε
1022 1195 1160 1266 πρὸς
1197 1194 1389 1248 πενίαν
1418 1195 1622 1258 αὐτοὺς
1668 1191 1933 1247 συνελαύ-

346 1299 507 1337 νοντα
566 1286 902 1354 ἐπενήνεκτο
928 1301 944 1319 ο
1003 1287 1157 1357 μόνοι
1211 1285 1268 1341 δέ
1306 1288 1357 1340 oi
1407 1273 1477 1340 τά
1518 1286 1659 1340 ὅπλα
1720 1285 1935 1355 ἔχοντες

345 1373 855 1442 ὑπερεπλούτησαν.
912 1374 1102 1439 Οὕτως
1136 1376 1189 1430 oi
1218 1375 1415 1446 ἄνδρες
1449 1376 1498 1429 οί
1530 1378 1682 1445 τρεῖς
1733 1375 1933 1427 ἐκεῖνοι

346 1463 587 1530 ἐποίουν,
620 1468 715 1519 καὶ
746 1465 866 1537 ἅμα
888 1467 983 1520 τὸν
1017 1468 1277 1538 Καίσαρα
1306 1466 1631 1521 ἐκεῖνοντὸν
1660 1466 1933 1537 πρότερον

344 1555 737 1625 άπεσέμνυνον,
774 1558 869 1611 καὶ
917 1559 1087 1628 τιμάς
1144 1560 1408 1622 ποικίλας
1458 1577 1518 1612 τε
1572 1560 1669 1613 καὶ
1723 1558 1935 1619 πολὶάς

349 1650 498 1719 αὐτῷ
529 1649 891 1720 ἐψηφίσαντο.
927 1651 1245 1721 Πράξαντες
1281 1652 1337 1706 δὲ
1370 1650 1545 1705 ταῦτα
1571 1649 1806 1711 Λέπιδος
1836 1649 1936 1719 μὲν

349 1743 406 1794 ἐν
447 1740 634 1815 Ῥώμῃ
679 1742 786 1813 τήν
839 1758 899 1796 τε
956 1744 1114 1796 πόλιν
1166 1745 1264 1798 καὶ
1320 1744 1420 1815 τὴν
1472 1743 1641 1814 ἄλλην
1701 1743 1937 1796 Ἰταλίαν

349 1833 548 1898 διάξων
597 1834 1182 1908 ὑπέμεινενΚαίσαρ
1224 1836 1282 1889 δέ
1313 1835 1412 1889 καλ⁸
1459 1836 1747 1899 ’Δντώνιος
1792 1837 1937 1891 κατὰ

357 1926 451 1980 τοῦ
482 1927 722 1999 Βρούτου
756 1930 851 1982 καὶ
878 1929 976 1983 τοῦ
1010 1930 1258 1983 Κασσίου
1288 1932 1689 2001 ἐστράτευσαν.
1707 1930 1937 1984 Ἐκεῖνοι

351 2020 483 2088 γὰρ,
545 2019 643 2073 τὸν
698 2020 955 2091 Καίσαρα
1004 2019 1096 2073 τὸν
1154 2020 1442 2074 Ὀκτάϐιον
1497 2018 1770 2090 μαθόντες
1827 2019 1938 2074 τῶν

353 2113 702 2183 πραγμάτων
756 2111 1286 2182 ἀντιλαμϐάνεσθαι,
1339 2111 1550 2166 καὶτὸν
1579 2112 1770 2184 ὅμιλον
1806 2130 1937 2181 σφε-

351 2196 680 2273 τερίζεσθαι,
704 2202 805 2274 τήν
832 2220 890 2256 τε
914 2204 1293 2275 δημοκρατίαν
1320 2205 1579 2273 άπὲγνων
1607 2207 1707 2258 καὶ
1729 2206 1941 2257 ἐκεῖνον

357 2296 690 2366 φοϐηθέντες
716 2297 776 2349 ἐν
827 2296 1084 2367 ’Δθήναις
1109 2298 1383 2365 ἐγένοντο.
1417 2298 1528 2352 Καὶ
1563 2299 1614 2350 oi
1661 2296 1942 2367 Ἀθηναῖοι

360 2386 501 2455 σςᾶς
560 2387 832 2458 λαμπρῶς
896 2387 1247 2454 ὑπεδέξαντο,
1310 2389 1406 2443 καὶ
1466 2390 1682 2454 εἰκόνας
1734 2391 1945 2460 χαλκᾶς

348 2481 545 2544 ἀὐτοῖς
575 2479 933 2551 ἐψηφίσαντο,
949 2480 1023 2544 ὡς
1043 2482 1170 2544 τοὺς
1205 2479 1337 2552 παρ’
1366 2481 1554 2544 αὐτοῖς
1577 2483 1943 2551 τυραννοκτό-

361 2587 488 2634 νους
532 2570 832 2641 ζηλώσασι,
880 2571 973 2624 τὸν
1025 2572 1314 2644 Ἁρμόδιον
1345 2572 1491 2641 λέγω
1532 2574 1624 2625 καὶ
1654 2574 1744 2625 τὸν
1797 2573 1944 2643 Ἀρι·

363 2663 699 2727 στογείτονα.
763 2658 897 2716 Εἶτα
942 2664 1244 2734 πυθόμενοι
1281 2666 1374 2717 ἐπὶ
1427 2663 1613 2731 μεῖζον
1655 2664 1747 2716 τὸν
1802 2665 1943 2718 Καί-

364 2769 509 2823 σαρα
561 2752 837 2824 αίρεσθαι,
869 2754 899 2807 ό
952 2754 1055 2825 μὲν
1085 2755 1329 2817 Κάσσιος
1372 2753 1512 2825 πρὸς
1562 2753 1684 2816 τοὺς
1739 2753 1947 2823 Σύρους

363 2842 595 2914 ὥρμησε
634 2833 886 2914 συνήθεις
935 2843 1100 2908 ὄντας
1154 2843 1328 2914 αὐτῷ’
1388 2842 1629 2913 Βροῦτος
1664 2842 1721 2895 δέ
1748 2844 1852 2913 τήν
1886 2860 1946 2897 τε

376 2933 608 2990 Ἐλλάδα
645 2937 744 2990 καὶ⁵
774 2935 873 3008 τὴν
903 2936 1252 2991 Μακεδονίαν
1294 2935 1547 3004 συνίστη,
1602 2936 1699 2988 καὶ
1732 2938 1951 3001 προσεῖ-

366 3045 462 3098 χον
501 3028 655 3100 αὒτῷ
685 3029 751 3083 ἐκ
789 3046 852 3083 τε
903 3030 1002 3100 τῆς
1040 3030 1202 3100 δόξης
1251 3029 1360 3083 τῶν
1390 3030 1825 3100 πεπραγμένων.
1857 3030 1949 3082 καὶ

2034 551 2294 607 omnibus
2341 551 2623 615 cessisset,
2667 561 2727 606 ut
2789 551 3005 606 tertiam
3039 562 3249 621 partem
3308 561 3610 622 repeteret,

2036 644 2142 699 hoc
2171 656 2276 706 est,
2314 651 2374 696 ut
2425 643 2562 697 nihil
2606 642 2901 712 reciperet.
2954 654 3009 696 et
3045 643 3323 710 negotium
3366 644 3470 698 sibi
3509 642 3614 713 ipsi

2035 735 2358 791 lacesseret.
2396 734 2530 789 Nam
2572 735 2663 804 qui
2699 732 2857 805 503
2899 733 3115 788 duabus
3141 734 3390 803 partibus
3416 735 3470 789 vi
3503 751 3615 790 ma-

2035 818 2233 884 nifesta
2265 829 2671 898 spoliabantur,
2706 827 2926 881 tertiam
2965 841 3077 896 quo
3108 835 3268 896 pacto
3299 842 3620 896 recuperas-

2035 922 2204 979 sent?
2242 921 2362 977 Alia
2392 921 2635 991 denique
2667 921 2903 991 plurima
2942 929 3080 987 tum,
3130 920 3353 991 quibus
3384 919 3449 973 ad
3487 936 3616 986 ege-

2035 1023 2235 1070 Statem
2274 1013 2682 1083 redigerentur.
2735 1012 3057 1067 hominibus
3123 1018 3255 1066 sunt
3315 1010 3569 1079 imposita
3603 1029 3620 1061 ι

2034 1107 2168 1162 solis
2219 1108 2286 1161 iis
2312 1106 2404 1175 qui
2455 1121 2607 1160 arma
2659 1115 2933 1171 tenerent,
2956 1106 3165 1160 divitiis
3186 1103 3618 1158 abundantibus.

2035 1199 2173 1253 Dum
2209 1200 2323 1254 lucc
2354 1199 2628 1254 triumviri
2663 1199 2894 1268 agitant,
2923 1198 3116 1253 eadem
3152 1213 3318 1268 opera
3349 1196 3617 1252 Cmsarcm

2036 1282 2356 1347 defunctum
2393 1299 2619 1356 ornant,
2657 1290 2844 1345 multis
2870 1291 2921 1346 ei
2955 1291 3232 1361 variisque
3261 1289 3500 1345 decretis
3529 1288 3625 1342 bo-

2036 1384 2288 1439 noribus.
2354 1385 2450 1439 llis
2503 1385 2669 1440 rebus
2726 1383 3015 1446 confectis,
3073 1383 3308 1452 Lepidus
3367 1382 3421 1436 in
3482 1382 3621 1435 urbe

2039 1476 2259 1539 mansit,
2310 1485 2370 1531 ut
2421 1476 2652 1531 Romam
2683 1485 2739 1531 et
2776 1476 2985 1530 Italiam
3021 1475 3399 1544 gubernaret:
3439 1473 3623 1529 Caesar

2038 1579 2093 1622 et
2123 1568 2397 1623 Antonius
2446 1576 2642 1623 contra
2676 1567 2906 1622 Brutum
2936 1578 2991 1623 et
3027 1566 3279 1622 Cassium
3328 1573 3460 1620 sunt
3496 1580 3623 1634 pro-

2040 1662 2186 1716 fecti.
2221 1660 2481 1728 Quicum
2528 1661 2799 1717 Cresarem
2842 1660 3133 1716 Octavium
3184 1674 3368 1713 rerum
3432 1657 3617 1725 potiri,

2039 1760 2094 1805 et
2126 1751 2339 1821 plebem
2377 1750 2483 1806 sibi
2516 1750 2799 1805 devincire
2832 1750 2973 1804 velle
3023 1747 3409 1803 audivissent:
3448 1747 3617 1801 liber-

2046 1850 2152 1896 tate
2201 1840 2392 1910 patrim
2444 1839 2756 1910 desperata,
2807 1848 2953 1893 metu
3010 1837 3158 1891 illius
3208 1833 3439 1890 Athenis
3471 1822 3659 1888 vixe-'

2044 1942 2214 1987 runt:
2280 1922 2682 2002 splendideque
2730 1931 2798 1985 ab
2847 1927 3280 1984 Atheniensibus
3332 1934 3464 1981 sunt
3524 1939 3623 1979 cx-

2041 2023 2210 2094 cepti,
2260 2023 2422 2079 aereis
2472 2023 2672 2079 statuis
2717 2020 2981 2083 decretis,
3040 2027 3101 2073 ut
3149 2014 3544 2087 Aristogitonis
3569 2021 3627 2069 et

2043 2115 2328 2172 Harmodii
2402 2114 2874 2188 tyrannicidarum
2944 2109 3339 2166 imitatoribus.
3418 2105 3627 2162 Deinde

2044 2215 2325 2263 crescente
2352 2207 2594 2277 potentia
2624 2204 2878 2270 Caesaris,
2930 2202 3158 2260 Cassius
3190 2200 3257 2256 ad
3289 2200 3476 2270 Syros.
3505 2197 3630 2267 qui-

2046 2301 2277 2354 buscum
2314 2299 2661 2353 familiaritas
2685 2298 2735 2352 ei
2769 2296 3170 2356 intercedebat,
3198 2303 3283 2349 est
3307 2291 3626 2362 profectus;

2045 2392 2248 2446 Brutus
2300 2390 2518 2446 Graecos
2570 2399 2626 2443 et
2675 2387 3003 2442 Macedones
3038 2384 3140 2440 sibi
3174 2382 3449 2454 adjunxit,
3487 2395 3629 2450 quos
3660 2440 3663 2443 ἰ

2051 2498 2164 2538 tum
2201 2485 2272 2538 ob
2307 2498 2489 2538 rerum
2518 2492 2799 2553 gestarum
2843 2480 3096 2551 gloriam,
3151 2487 3267 2532 tum
3304 2476 3374 2530 ob
3401 2474 3626 2539 milites,

2049 2576 2142 2647 qui
2173 2576 2367 2644 partim
2395 2590 2423 2628 a
2457 2574 2769 2630 Pharsalica
2805 2589 2983 2643 pugna
3015 2572 3088 2626 ibi
3118 2570 3476 2632 oberrabant,
3503 2582 3632 2637 par-

2050 2669 2147 2723 tim
2180 2684 2247 2723 ex
2279 2667 2573 2723 Dolabellae
2607 2665 2857 2736 reliquiis
2880 2666 3103 2728 ascitos,
3138 2661 3337 2732 partim
3365 2661 3435 2715 ob
3466 2674 3630 2730 pecu-

2049 2761 2197 2815 niam
2240 2776 2272 2816 a
2303 2759 2580 2817 Trebonio
2607 2774 2671 2814 ex
2701 2758 2829 2814 Asia
2871 2758 3120 2822 missam,
3154 2756 3302 2811 dicto
3339 2754 3633 2811 audientes

2052 2850 2265 2904 habuit.
2329 2848 2539 2904 Graecia
2595 2850 2735 2904 citra
2781 2850 3027 2904 laborem
3084 2848 3366 2919 adjuncta.
3430 2843 3632 2900 deinde

2051 2942 2371 2999 Macedonia
2404 2958 2626 3012 quoque
2654 2941 2804 2996 omni
2835 2951 2891 2996 et
2917 2942 3086 3011 Epiro
3116 2938 3308 2994 ascitis
3334 2957 3345 2991 :
3385 2946 3507 2991 acta
3534 2950 3631 2989 sua

2051 3038 2118 3092 ad
2151 3048 2403 3093 senatum
2438 3038 2782 3108 perscripsit.
2814 3036 2918 3103 Qui
2947 3052 3071 3091 cum
3103 3034 3376 3090 Caesarem
3408 3045 3635 3099 suspec-

365 3119 447 3174 ὅτι
483 3121 576 3175 καὶ⁸
615 3121 963 3193 στρατιώτας
1006 3124 1238 3193 συχνοὺς
1268 3124 1397 3187 τοὺς
1432 3122 1530 3191 μέν
1564 3124 1628 3175 ἐκ
1656 3121 1758 3188 τῆς
1809 3123 1949 3191 πρὸς

2055 3140 2170 3185 tum
2215 3130 2465 3189 haberet.
2526 3145 2653 3183 eum
2706 3126 3065 3191 collaudavit,
3100 3136 3149 3178 et
3183 3125 3301 3178 loca
3337 3122 3426 3176 illa
3451 3119 3634 3175 omnia

367 3214 635 3285 Φαρσάλῳ
674 3216 851 3285 μάχης
882 3217 999 3269 ἐκεῖ
1022 3233 1124 3269 που
1153 3214 1707 3285 περιπλανωμένους,
1738 3215 1861 3278 τοὺς
1894 3214 1949 3267 δὲ

369 3305 464 3359 καί
496 3307 561 3360 ἐκ
617 3307 728 3360 τῶν
774 3306 854 3378 τῷ
915 3307 1218 3378 Δολοϐέλλᾳ
1259 3306 1691 3373 συνεξελθόντων
1738 3306 1953 3360 ὑπολει-

368 3398 601 3467 φθέντας
624 3398 950 3471 προσλαϐὼν
974 3396 1112 3470 εἶχε,
1145 3401 1242 3454 καὶ
1279 3402 1543 3471 χρήματα
1576 3400 1634 3453 δέ
1663 3400 1712 3453 οἱ
1745 3401 1808 3452 ἐκ
1853 3400 1953 3468 τῆς

383 3490 566 3554 Ἀσίας
632 3490 787 3561 παρά
832 3491 927 3544 τοῦ
980 3491 1297 3560 Τρεϐωνίου
1340 3490 1673 3548 ἀπέσταλτο.
1720 3491 1795 3543 Τὸ
1855 3489 1954 3558 μὲν

369 3582 466 3637 οὖν
532 3582 850 3653 Ἑλληνικὸν
900 3585 1124 3648 ἀπόνως
1175 3584 1644 3656 προσεποιήσατο,
1702 3583 1801 3636 καὶ
1858 3581 1955 3650 τὴν

372 3674 718 3729 Μακεδονίαν
754 3675 812 3729 δέ
843 3676 984 3746 μετὰ
1014 3676 1175 3731 τοῦτο
1216 3678 1397 3731 πᾶσαν
1430 3677 1526 3730 καὶ
1552 3676 1652 3745 τὴν
1686 3675 1956 3743 Ἤπειρον

375 3765 701 3836 προσλαϐὼν
731 3769 799 3837 τῇ
839 3768 1105 3839 γερουσίᾳ
1148 3767 1456 3830 ἐπέστειλε,
1482 3768 1549 3820 τά
1589 3764 1957 3837 πεπραγμένα

373 3858 574 3928 δηλῶν.
606 3860 670 3912 Οἱ
704 3859 761 3912 δέ
797 3859 1017 3931 (ἔτυχον
1063 3860 1175 3929 γὰρ
1218 3859 1342 3913 τότε
1389 3860 1647 3923 ὑπόπτως
1690 3858 1827 3930 πρὸς
1864 3857 1957 3910 τὸν

378 3950 638 4021 Καίσαρα
675 3950 917 4022 ἔχοντες)
948 3953 1044 4006 καὶ
1083 3951 1359 4022 ἐπῄνεσαν
1390 3952 1581 4015 αὑτὸν,
1609 3950 1707 4005 καὶ
1736 3951 1959 4005 πάντων

376 4042 567 4113 ἄρχειν
593 4043 703 4095 τῶν
740 4044 922 4096 ἐκεῖσε
964 4044 1282 4098 ἐκέλευσαν-
1338 4044 1656 4099 Κάντεῦοεν
1690 4045 1860 4118 αὐτός
1899 4062 1958 4098 τε

377 4133 570 4201 γέγονε
622 4134 1058 4205 προθυμότερος,
1110 4136 1207 4189 καὶ
1257 4136 1486 4190 ὑπεῖκον
1530 4137 1959 4206 ἀπροφασίστως

381 4223 582 4295 ἔσχηκε
636 4226 697 4279 τὸ
759 4227 1028 4296 ὑπήκοον.
1082 4226 1241 4281 Ἐπεὶ
1306 4227 1365 4281 δὲ
1420 4231 1448 4282 ὁ
1513 4229 1733 4299 Καῖσαρ
1789 4232 1847 4283 ἐν
1892 4233 1958 4302 τῇ

393 4316 584 4389 Ῥώμῃ
625 4335 689 4372 τε
737 4320 1102 4390 ἐηυοέντησε
1157 4320 1251 4374 καὶ
1294 4321 1425 4385 τοὺς
1457 4319 1553 4374 τοῦ
1598 4322 1804 4390 πατρὸς
1847 4323 1960 4374 ἐτι-

388 4412 625 4478 μωρεῖτο
685 4414 918 4479 σφαγεῖς
979 4411 1254 4482 φανερῶς,
1335 4411 1559 4465 ἐσκόπει
1624 4412 1739 4481 ὅπη
1799 4412 1963 4465 αὑτὸν

2054 3233 2244 3279 tenere
2292 3224 2475 3293 jussit.
2511 3222 2666 3278 Unde
2693 3233 2746 3276 et
2788 3221 2906 3289 ipse
2939 3219 3116 3273 factus
3163 3226 3248 3270 est
3290 3213 3545 3271 alacrior.
3580 3219 3636 3264 et

2054 3316 2304 3371 subditos
2333 3316 2469 3370 citra
2506 3314 2889 3383 exceptionem
2939 3308 3211 3365 obnoxios
3267 3305 3459 3361 habuit
3519 3302 3638 3358 Cae-

2055 3423 2178 3463 sare
2206 3417 2390 3462 autem
2435 3408 2621 3461 Romae.
2666 3405 2777 3476 jam
2835 3403 3177 3463 dominante,
3225 3409 3275 3452 et
3311 3394 3480 3466 patris
3510 3409 3639 3463 per-

2057 3515 2312 3555 cussores
2342 3507 2531 3567 aperte
2559 3498 2859 3551 ulciscente
2894 3514 2906 3548 :
2950 3508 3061 3563 quo
3093 3500 3252 3561 pacto
3288 3488 3436 3542 illius
3466 3486 3641 3553 impe-

2056 3600 2171 3647 tum
2202 3592 2551 3663 propulsaret
2577 3588 2847 3660 cogitans,
2887 3585 3109 3641 evitatis
3148 3581 3362 3637 insidiis
3388 3578 3493 3634 sibi
3529 3577 3642 3631 fac-

2060 3685 2150 3750 tis,
2205 3686 2261 3740 in
2312 3684 2657 3754 superiorem
2716 3679 3091 3737 Macedoniam
3126 3691 3252 3732 cum
3296 3671 3638 3728 validissima

2061 3784 2215 3846 parte
2243 3776 2525 3845 copiarum
2557 3771 2852 3834 concessit,
2882 3779 3048 3839 atque
3080 3765 3208 3821 inde
3243 3766 3297 3820 in
3328 3764 3513 3819 Asiam
3544 3776 3642 3812 na-

2059 3867 2286 3937 vigavit,
2314 3883 2382 3921 ne
2418 3865 2656 3919 militum
2693 3863 2828 3917 lides
2858 3862 3234 3916 Romanarum
3266 3869 3451 3909 rerum
3497 3851 3640 3904 fama

2060 3960 2128 4014 ad
2163 3966 2432 4013 terrorem
2464 3955 2793 4026 ampliﬁcata
2827 3961 3161 4007 mutaretur.
3216 3949 3412 4003 Postea
3448 3946 3499 3997 in
3529 3943 3642 3997 Eu-

2061 4063 2253 4119 ropam
2286 4047 2472 4107 rediit.
2517 4059 2786 4101 novarum
2829 4057 3015 4097 rerum
3049 4049 3215 4094 metu.
3252 4037 3458 4091 Eodem
3506 4043 3645 4088 tem-

2062 4154 2195 4208 pore
2220 4136 2442 4193 Cassius
2473 4150 2692 4206 quoque
2727 4133 2794 4187 ad
2833 4131 3173 4187 Trebonium
3225 4129 3280 4183 in
3328 4127 3510 4181 Asiam
3542 4134 3644 4177 tra-

2058 4231 2213 4301 jecit,
2244 4245 2273 4284 a
2306 4245 2417 4300 quo
2447 4228 2705 4299 pecunia,
2738 4226 2929 4281 multis
2957 4224 3259 4294 equitibus,
3293 4232 3347 4277 et
3376 4220 3644 4273 militibus

2064 4336 2132 4377 ex
2160 4321 2351 4377 Cicilia
2398 4329 2453 4375 et
2485 4319 2613 4374 Asia
2665 4317 2933 4387 acceptis,
2993 4315 3294 4368 Tarsenses
3324 4310 3409 4365 vel
3440 4309 3645 4362 invitos

2068 4415 2121 4468 in
2148 4428 2301 4470 suam
2333 4413 2654 4468 societatem
2684 4410 2969 4481 pertraxit.
3007 4405 3136 4461 Inde
3176 4405 3230 4458 in
3269 4402 3483 4474 Syriam
3520 4416 3648 4469 pro.

383 4501 604 4554 ἐπιόντα
641 4501 932 4569 ἀμύναιτο,
968 4503 1244 4565 καί-τινας
1278 4502 1571 4566 ἐπιϐουλὰς
1603 4503 1743 4573 πρός
1795 4519 1950 4556 τινων

2068 4503 2266 4570 fectus,
2298 4517 2493 4557 omnes
2528 4501 2780 4572 populos,
2811 4512 3005 4553 omnes
3051 4494 3294 4565 legiones
3321 4493 3458 4546 citra
3486 4490 3649 4543 dimi-

384 4592 533 4661 αὑτῷ
591 4594 894 4664 γενομένας
951 4594 1361 4665 ἀπεκρούσατο.
1431 4598 1543 4650 Καὶ
1596 4598 1653 4658 ἐς
1700 4597 1800 4665 τὴν
1850 4598 1965 4651 άνω

385 4685 724 4739 Μακεδονίαν
772 4686 1308 4759 ἁνεχώρησεν,ἐχων
1345 4689 1407 4742 τὸ
1462 4689 1815 4762 ἰσχυρότατον
1869 4689 1964 4743 τοῦ

388 4776 649 4846 στρατοῦ,
680 4779 938 4832 κάκεῖθεν
965 4780 1047 4842 είς
1077 4780 1176 4850 τὴν
1218 4779 1405 4835 Ἀσίαν
1441 4781 1730 4843 ἔπλευσεν.
1774 4781 1862 4835 ίνα
1887 4781 1963 4853 μὴ

387 4869 456 4921 τά
488 4872 547 4922 ἐν
595 4872 659 4941 τῇ
720 4870 910 4945 Ῥώμῃ
936 4872 1292 4943 πραττόμενα
1344 4874 1441 4927 ἐπὶ
1472 4874 1534 4927 τὸ
1589 4872 1968 4944 φοϐερώτερον

388 4961 763 5031 ἀγγελλόμενα
786 4958 1049 5032 μαθόντες
1071 4965 1121 5017 οί
1170 4965 1500 5036 στρατιῶται
1531 4965 1964 5033 μεταϐάλωνται.

388 5051 500 5107 Εἶτ’
556 5053 710 5118 αὖθις
762 5058 842 5119 εἰς
887 5057 988 5125 τὴν
1038 5056 1311 5130 Εὐρώπην
1344 5057 1606 5129 ἠπείχθη,
1667 5058 1851 5120 δείσας
1887 5061 1961 5129 μὴ

388 5163 442 5198 τι
484 5147 844 5217 νεωτερισθῇ.
880 5150 1034 5202 Κατὰ
1090 5150 1183 5202 τὸν
1235 5151 1398 5204 αὐτὸν
1428 5149 1485 5203 δέ
1532 5150 1746 5220 καιρὸν,
1802 5151 1896 5204 καὶ
1942 5151 1970 5203 ὁ

392 5240 636 5304 Κάσσιος
678 5242 761 5304 είς
807 5241 905 5311 τὴν
971 5242 1158 5295 Ἀσίαν
1190 5241 1506 5313 ἐπεραιώθη
1540 5243 1677 5314 πρὸς
1703 5244 1796 5297 τὸν
1828 5243 1967 5315 Τρε-

394 5331 609 5399 ϐώνιον,
646 5336 739 5388 καὶ
768 5334 952 5388 λαϐὼν
983 5337 1113 5407 παρ’
1143 5335 1311 5389 αὐτοῦ
1349 5337 1609 5408 χρήματα
1639 5334 1736 5388 καὶ
1765 5336 1969 5395 ἱππέας

395 5428 649 5496 συχνοὺς,
706 5428 802 5481 καὶ
835 5427 1059 5499 ἐτέρους
1096 5426 1329 5492 πολλοὺς
1372 5428 1482 5481 τῶν
1510 5445 1570 5481 τε
1601 5427 1846 5481 Κιλίκων
1877 5428 1972 5480 καὶ

393 5518 507 5572 τῶν
553 5517 838 5585 ’Δσιανῶν,
873 5521 1001 5582 τοὺς
1054 5519 1311 5590 Ταρσέας
1365 5519 1463 5573 καὶ⁵
1496 5518 1731 5582 ἄκοντας
1778 5519 1860 5582 είς
1910 5521 1973 5571 τὸ

398 5608 748 5681 συμμαχικὸν
779 5609 1181 5679 προσηγάγετο.
1212 5609 1319 5663 Καὶ
1340 5613 1421 5673 εἰς
1439 5608 1537 5680 τὴν
1560 5610 1763 5680 Συρίαν
1781 5609 1971 5676 ἐλθὼν,

399 5702 610 5776 ἀμαχεὶ
645 5702 824 5757 πάντα
853 5703 924 5758 τά
955 5719 1014 5757 τε
1044 5702 1155 5756 τῶν
1210 5704 1401 5774 δήμων
1433 5704 1528 5758 καὶ
1571 5705 1641 5757 τὰ
1670 5702 1778 5756 τῶν
1809 5719 1975 5772 στρα-

400 5796 688 5866 τευμάτων
719 5792 1180 5864 προσεποιήσατο.
1227 5792 1565 5865 Παραλαϐὼν
1596 5793 1689 5848 οὖν
1732 5793 1832 5863 τὴν
1872 5794 1975 5844 Συο

2069 4596 2343 4650 nationem
2391 4594 2494 4649 sibi
2541 4593 2811 4663 adiunxit.
2865 4589 3020 4661 Syria
3072 4599 3347 4656 suscep'a.
3390 4581 3552 4654 504
3587 4582 3641 4636 in

2066 4686 2310 4742 Judasam
2360 4684 2698 4755 properavit,
2744 4681 2937 4736 audito
2987 4678 3248 4743 militum,
3289 4691 3429 4747 quos
3469 4674 3649 4729 Caesar

2073 4779 2127 4833 in
2156 4778 2390 4850 [Egypto
2425 4777 2749 4847 reliquerat,
2779 4788 3007 4829 accessu
3036 4792 3047 4826 :
3091 4785 3231 4840 quos
3257 4783 3363 4824 una
3398 4782 3524 4821 cum
3553 4764 3650 4821 Ju-

2070 4873 2204 4928 daeis
2252 4871 2413 4926 facile
2465 4870 2533 4924 ad
2589 4870 2928 4925 deditionem
2982 4864 3272 4937 compulit.
3327 4862 3402 4917 lta
3428 4859 3651 4917 Cassius

2070 4979 2291 5034 quoque
2318 4962 2530 5017 viribus
2572 4960 2831 5016 celeriter
2885 4958 3082 5021 auctis,
3124 4955 3318 5012 eodem
3352 4953 3515 5007 modo
3542 4966 3651 5021 quo

2071 5048 2293 5122 Brutus,
2347 5055 2413 5110 ad
2467 5064 2718 5110 senatum
2761 5051 3023 5121 scripsit:
3064 5065 3092 5103 a
3141 5063 3250 5118 quo
3278 5046 3489 5117 Syriam
3525 5058 3650 5112 pro.

2071 5149 2310 5203 vinciam
2348 5147 2625 5209 obtinere,
2663 5154 2717 5200 et
2750 5144 2954 5199 bellum
2982 5155 3175 5212 gerere
3210 5154 3333 5193 cum
3367 5133 3648 5189 Dolabella

2068 5241 2256 5312 jussus
2280 5248 2385 5295 est.
2414 5237 2515 5304 Qui
2545 5252 2669 5292 cum
2698 5237 2750 5291 ei
2779 5235 2935 5307 Syria
2965 5232 3219 5286 mandata
3242 5240 3410 5291 esset,
3439 5227 3491 5279 in
3523 5225 3648 5278 Asia

2075 5347 2284 5387 moram
2340 5331 2583 5394 trahens,
2635 5323 3114 5384 senatusconsulto
3146 5321 3388 5390 cognito.
3426 5321 3481 5370 in
3526 5332 3655 5401 pr."-

2077 5423 2311 5477 vinciam
2341 5437 2450 5477 non
2477 5419 2634 5485 abiit,
2691 5417 2785 5473 sed
2825 5416 3026 5471 ibidem
3057 5414 3281 5482 degens,
3317 5408 3651 5463 Trebonium

2077 5514 2203 5568 dolo
2234 5512 2480 5584 Smyrnae
2502 5510 2766 5565 sustulit:
2809 5517 3029 5576 totaque
3058 5504 3183 5559 Asia
3215 5501 3419 5572 potitus
3463 5499 3567 5555 Cas
3602 5501 3653 5552 io

2080 5606 2135 5660 in
2172 5603 2459 5661 Palzestina
2494 5610 2710 5671 agente,
2738 5599 2795 5653 in
2818 5597 3066 5654 Ciliciam
3085 5595 3254 5659 venit,
3281 5603 3333 5647 et
3353 5608 3380 5645 a
3420 5592 3656 5646 Tarsmt-

2080 5699 2236 5753 sibus
2288 5695 2434 5751 ultro
2482 5704 2566 5749 est
2618 5680 2897 5761 receptus.
2943 5687 3118 5744 Cassii
3172 5684 3451 5757 prazsidio,
3508 5682 3655 5752 quod

2079 5787 2229 5860 {Egis
2253 5795 2396 5852 erat,
2422 5793 2702 5857 superato,
2735 5781 3151 5853 impressionem
3176 5777 3230 5833 in
3264 5775 3474 5849 Syriam
3504 5772 3655 5827 fecit.
