4024 6394
375 332 480 401 857

1642 336 2042 399 ANNALIUM
2080 338 2228 402 LIB.
2271 345 2337 405 X.

3507 341 3613 406 858

375 456 549 529 λακὴν
574 457 670 527 τῆς
705 456 937 519 Ἰταλίας
969 457 1285 520 κατέλιπον,
1324 454 1402 525 τῷ
1440 455 1496 509 δὲ
1531 454 1740 507 πλείονι
1773 453 1939 519 ἐπερ-

2044 456 2299 519 tendens,
2329 472 2453 512 cum
2489 457 2738 513 hostibus
2785 458 2839 513 in
2894 457 3318 515 frumentatione
3348 460 3613 516 collocas-

376 550 655 619 αιὼθησαν
682 550 774 604 τὸν
812 549 1034 603 Ἰώνων.
1060 550 1167 601 Καὶ
1197 550 1418 616 Καῖσαρ
1473 547 1571 616 μὲν
1616 548 1851 613 νοσήσας
1876 543 1934 594 ὲν

379 642 661 714 Δυρραχίῳ
694 641 1040 710 κατέμεινενο
1086 636 1367 701 Ἀντώνιος
1403 639 1459 690 δὲ
1516 636 1614 690 ἐπὶ
1644 635 1945 697 Φιλίππους

376 736 567 803 ἤλασε,
597 733 690 786 καί
727 751 875 795 τινας
904 733 1012 786 τῶν
1041 735 1302 787 ἐναντίων
1350 732 1673 801 ἐνεδρεύσας
1710 744 1944 795 σιταγω-

377 826 609 893 γοῦντας
650 823 883 894 ἐσφάλη.
932 826 990 879 '0
1013 825 1070 878 δὲ
1120 828 1337 892 Καῖσαρ
1370 826 1494 878 καθ’
1540 823 1804 890 ἑκάτερον
1834 820 1945 872 δεί-

380 931 494 976 σας,
528 914 638 966 εἴτε
664 932 717 967 τι
760 914 1095 985 ἐλαττωθείη
1127 917 1445 985 καταμόνας
1495 910 1788 982 συμϐαλὼν
1826 911 1945 963 Ἀνο

378 1004 589 1068 τώνιος,
614 1005 724 1059 εἴτε
754 1006 851 1060 καὶ
873 1009 1137 1076 κρατήσει
1166 1009 1253 1077 (ἐκ
1290 1008 1389 1076 μὲν
1417 1006 1524 1075 γὰρ
1542 1005 1634 1058 τοῦ
1658 1003 1747 1056 τὸν
1776 1001 1946 1068 Βροῦ-

378 1094 471 1147 τόν
523 1113 582 1148 τε
616 1096 711 1149 καὶ
762 1096 854 1149 τὸν
911 1097 1176 1162 Κάσσιον,
1206 1099 1269 1150 ἐκ
1300 1097 1356 1150 δὲ
1392 1095 1487 1149 τοῦ
1540 1095 1630 1149 τὸν
1655 1078 1944 1147 Ἄντώνιον

378 1186 600 1249 πάντως
646 1186 731 1256 ἐφ’
791 1187 985 1240 ἑαυτὸν
1043 1189 1291 1259 ίσχύσειν
1345 1180 1941 1258 ἐνόμισεν),’ὴπείχθη

376 1281 469 1333 καὶ
503 1280 583 1333 ἐτι
612 1281 936 1351 ἀρρωστῶν,
978 1283 1071 1335 καὶ
1102 1284 1151 1336 οἱ
1189 1282 1318 1351 περὶ
1366 1282 1460 1333 τὸν
1488 1279 1772 1334 Ἀντώνιον
1816 1280 1944 1333 ἁνεο

377 1372 682 1441 θάρσησαν.
712 1374 1200 1443 Ἀντικαθημένων
1226 1374 1272 1427 δ’
1302 1373 1551 1443 ἀλλήλοις
1581 1373 1688 1425 τῶν
1715 1373 1944 1425 ἀντιπο-

376 1462 581 1531 λέμων,
644 1462 914 1533 ἐκδρομαὶ
958 1463 1059 1533 μὲν
1114 1462 1250 1534 παρ’
1305 1462 1632 1534 ἀμφοτέρων
1672 1461 1942 1529 ἐγίνοντο,

380 1553 528 1622 μάχη
573 1552 630 1606 δέ
684 1554 911 1622 οὐδεμία
983 1556 1050 1608 ἐκ
1096 1556 1474 1626 παρατάξεως,
1505 1554 1682 1607 καίτοι
1738 1553 1831 1606 τοῦ
1884 1568 1976 1629 τε..

377 1641 655 1711 Καίσαρος
685 1642 780 1696 καὶ
805 1643 898 1697 τοῦ
930 1645 1222 1700 Ἀντωνίου
1254 1644 1556 1715 συμϐαλεῖν
1608 1643 1940 1708 σπουδαζόν-

2047 558 2128 604 set
2160 550 2405 617 insidias,
2455 551 2701 622 impegit.
2749 550 2818 605 At
2844 550 3022 606 Caesar
3062 560 3354 622 utrumque
3393 554 3609 617 timens,

2044 646 2089 700 si
2119 645 2390 700 Antonius
2436 646 2667 700 seorsim
2715 645 2801 699 vel
2849 646 3112 707 vinceret,
3154 646 3238 699 vel
3269 646 3609 708 vinceretur,

2044 738 2189 807 quod
2221 747 2315 790 aut
2347 736 2412 800 is,
2460 744 2555 791 aut
2597 736 2801 790 Brutus
2846 744 2901 790 et
2951 736 3172 791 Cassius
3215 751 3279 790 ea
3312 737 3522 790 ratione
3554 753 3613 790 se

2046 828 2270 882 omnino
2298 826 2611 897 superiores
2642 825 2811 881 futuri
2843 833 3027 881 essent
3058 844 3071 879 :
3114 826 3328 881 tametsi
3360 826 3614 881 infirmus

2044 917 2304 976 accurrit,
2360 916 2709 986 adventuque
2760 931 2859 970 suo
2926 914 3267 969 Antonianos
3322 915 3611 970 recreavit.

2045 1010 2179 1062 Cum
2210 1008 2371 1062 ambo
2398 1007 2673 1063 exercitus
2701 1023 2767 1063 ex
2817 1006 3050 1061 adverso
3085 1005 3486 1068 constitissent,
3515 1020 3612 1060 ex-

2044 1101 2328 1155 cursiones
2363 1098 2620 1167 utrinque
2652 1097 2804 1153 factae
2829 1105 2992 1153 sunt:
3035 1095 3132 1152 sed
3164 1112 3444 1165 nunquam
3469 1096 3615 1164 justa

2044 1190 2161 1246 acie
2207 1190 2526 1245 dimicatum
2576 1196 2680 1253 est,
2728 1189 2978 1257 quamvis
3027 1189 3211 1243 Caesar
3262 1196 3317 1241 et
3344 1184 3616 1240 Antonius

2044 1298 2238 1353 pugna:
2282 1282 2464 1351 cupidi
2500 1290 2705 1336 essent.
2750 1279 2974 1335 Cassius
3002 1280 3148 1333 enim
3181 1288 3237 1333 et
3282 1278 3484 1332 Brutus
3516 1287 3615 1345 pu-

2044 1390 2203 1447 gnam
2253 1388 2364 1428 non
2412 1383 2557 1428 metu
2612 1372 2978 1437 dill'erebant,
3017 1371 3111 1426 sed
3172 1369 3513 1440 spectabant,
3543 1384 3613 1425 an

2046 1466 2185 1521 citra
2225 1464 2532 1533 periculum
2584 1473 2641 1519 et
2686 1479 2934 1533 magnam
2972 1463 3175 1518 cmdem
3226 1470 3455 1531 possent
3490 1460 3615 1515 viu-

2046 1573 2193 1613 cere.
2234 1557 2305 1613 Ut
2330 1572 2459 1610 vero
2490 1555 2642 1609 Bruti
2671 1555 2917 1625 legiones
2942 1562 2998 1609 et
3022 1568 3231 1608 moram
3257 1568 3397 1623 :egre
3433 1552 3616 1607 feren-

2049 1661 2149 1710 tes,
2180 1658 2236 1705 et
2282 1649 2466 1703 hostes
2487 1646 2556 1702 ob
2582 1645 2825 1700 lustralia
2865 1660 3018 1700 sacra
3050 1653 3176 1699 ante
3208 1658 3441 1714 pugnam
3497 1642 3613 1697 ﬁeri

377 1753 504 1789 των.
548 1736 606 1788 '0
630 1736 686 1789 δὲ
711 1736 776 1807 δὴ
809 1739 1046 1801 Κάσσιος
1074 1740 1171 1793 καὶ
1212 1739 1240 1791 ὁ
1269 1738 1505 1809 Βροῦτος
1565 1737 1938 1802 ἀνεϐάλλοντο,

2049 1734 2227 1805 solita,
2291 1739 2361 1794 ab
2389 1726 2713 1794 Antonianis
2740 1746 2796 1793 et
2840 1737 3164 1793 Cresarianis
3213 1737 3352 1790 intra
3410 1735 3611 1789 vallum

377 1826 479 1879 οὐκ
507 1826 797 1891 ὀκνοῦντες
828 1829 930 1898 τὴν
967 1831 1171 1899 μάχην,
1207 1828 1324 1885 ἀλλ’
1356 1829 1411 1882 εί
1435 1845 1553 1893 πως
1579 1827 1711 1882 ἄνευ
1762 1824 1944 1879 κινδύ-

378 1934 485 1971 νων
529 1918 624 1971 καὶ
669 1918 870 1989 φθόρου
930 1919 1095 1974 τινῶν
1159 1921 1619 1992 ἐπικρατήσειαν.
1659 1919 1747 1981 Ὠς
1784 1917 1842 1970 δὲ
1874 1916 1945 1971 τὰ

378 2011 762 2083 στρατεύματα
791 2015 856 2084 τῇ
884 2030 945 2067 τε
974 2013 1132 2085 τριόῇ
1167 2013 1534 2087 βαρυνόμενα,
1563 2011 1655 2065 καὶ
1690 2012 1800 2064 τῶν
1844 2011 1940 2063 ἀνα

376 2104 705 2175 τικειμένων
735 2107 1258 2176 καταφρονήσαντα,
1286 2108 1371 2160 ὅτι
1399 2105 1460 2158 τὸ
1492 2104 1795 2175 καθάρσιον
1831 2101 1944 2173 πρὸ

376 2196 486 2249 τῶν
543 2197 769 2266 ἀγώνων
830 2200 1114 2267 γινόμενον
1163 2199 1315 2262 ἐντὸς
1369 2197 1462 2251 τοῦ
1523 2198 1799 2267 ἐρύματος
1868 2194 1944 2259 ὡς

377 2285 610 2348 δεδιότες
666 2288 997 2358 ἐποιήσαντο
1044 2289 1258 2359 οἱπερὶ
1306 2290 1563 2359 Καίσαρα
1616 2289 1712 2340 καὶ
1743 2284 1944 2339 ’Λντώ-

380 2396 516 2442 νιον,
544 2380 626 2442 εἰς
647 2378 747 2451 τὴν
779 2379 961 2449 μάχην
987 2378 1258 2450 ὥρμησαν
1280 2380 1329 2432 ot
1361 2379 1620 2451 Βρούτου·
1641 2380 1735 2431 καὶ
1760 2378 1944 2432 διελά-

377 2469 502 2523 λουν
521 2471 626 2534 ὅτι,
658 2469 724 2523 ἂν
755 2471 1010 2524 ἐπιπλέον
1035 2470 1325 2543 ὑπερτιθῇ,
1346 2471 1664 2533 ἐκλιπόντες
1690 2469 1749 2523 τὸ
1774 2486 1943 2541 στρα-

379 2561 606 2614 τόπεδον
641 2560 1122 2634 σκεδασθήσονται,
1142 2561 1283 2616 οὕτω
1306 2562 1371 2632 δὴ
1403 2563 1496 2615 καὶ
1524 2564 1751 2624 ἄκοντες
1783 2560 1942 2613 συνέ-

382 2652 563 2721 μιξαν.
618 2654 892 2722 Μέγιστος
948 2654 1005 2708 δὲ
1063 2653 1358 2723 Ῥωμαίοις
1410 2653 1687 2723 διαφανῶς
1734 2656 1761 2709 ὁ
1793 2653 1943 2723 ἁγὼν

378 2737 532 2806 οὗτος
566 2744 808 2811 ἐγένετο.
837 2746 1009 2798 Τοῦτο
1041 2744 1095 2797 δὲ
1128 2745 1221 2798 καὶ
1254 2747 1317 2799 ἐκ
1346 2745 1454 2815 τῶν
1478 2745 1782 2812 γεγονότων
1837 2761 1940 2813 ση-

380 2831 550 2902 μείων
583 2832 641 2885 ἐν
666 2848 726 2885 τε
761 2836 829 2903 τῇ
876 2831 1067 2906 Ῥώμῃ
1095 2835 1187 2887 καὶ
1214 2835 1269 2887 ἐν
1304 2837 1370 2905 τῇ
1402 2834 1712 2906 Μακεδονίᾳ
1736 2835 1943 2905 τεκμή-

381 2922 531 2993 ραιτό
563 2939 670 2986 τις.
701 2924 788 2976 Ἐν
820 2926 931 2993 γὰρ
955 2924 1033 2996 τῷ
1060 2924 1214 2979 ἄστει
1242 2926 1271 2977 ὁ
1306 2926 1455 2996 ἥλιος
1484 2926 1603 2979 τοτέ
1643 2926 1739 2996 μὲν
1763 2926 1934 2994 ἠλατ-

378 3013 558 3080 τοῦτο,
597 3015 719 3067 τοτὲ
749 3015 807 3069 δὲ
846 3015 1017 3087 μέγας
1073 3015 1343 3087 ἐφαίνετοο
1385 3016 1655 3087 ἐξέλαμψε
1719 3016 1777 3070 δέ
1811 3034 1941 3069 ποτε

2048 1841 2284 1903 peracta,
2318 1831 2545 1902 ignavia:
2592 1830 2934 1893 damnantes,
2983 1830 3126 1884 inter
3181 1843 3300 1884 sese
3338 1827 3614 1897 colloque-

2045 1927 2267 1988 bantur,
2317 1924 2363 1979 si
2391 1937 2570 1993 pugna
2601 1922 2807 1976 diutius
2836 1920 3178 1983 dilIerrelur,
3213 1935 3271 1973 se
3298 1919 3494 1974 castris
3518 1919 3616 1973 tte--

2046 2018 2209 2073 sertis
2237 2015 2551 2084 dilapsuros
2574 2028 2696 2068 esse
2724 2031 2738 2067 :
2772 2012 2859 2067 vel
2888 2010 3044 2065 inviti
3073 2010 3129 2063 in
3178 2010 3349 2063 aciem
3386 2009 3616 2063 descen-

2045 2108 2264 2165 derunt.
2306 2106 2597 2161 Maximum
2630 2105 2683 2159 id
2711 2112 2991 2159 certamen
3036 2101 3298 2156 Romanis
3320 2100 3454 2155 citra
3480 2114 3616 2155 con-

2046 2198 2369 2254 troversiam
2402 2197 2542 2252 t'uit:
2588 2197 2753 2265 idque
2786 2202 3000 2250 ostenta
3030 2202 3086 2248 et
3114 2191 3301 2247 Roma:
3329 2202 3385 2246 et
3419 2190 3471 2245 in
3503 2189 3617 2244 Ma-

2045 2289 2273 2357 cedonia
2310 2296 2600 2358 conspecta
2633 2286 2930 2341 declarant.
2963 2284 3097 2339 Nam
3127 2284 3180 2338 in
3214 2283 3349 2338 urbe
3376 2282 3453 2336 sol
3483 2281 3618 2336 alias

2044 2380 2256 2451 augeri,
2284 2381 2423 2434 alias
2447 2378 2696 2433 imminui
2720 2378 2893 2442 visus,
2921 2375 3217 2445 aliquando
3246 2376 3410 2430 etiam
3452 2384 3614 2429 noctu

2043 2470 2308 2526 emicuit:
2345 2469 2493 2524 faces
2522 2468 2630 2521 alio
2660 2475 2825 2537 atque
2875 2467 2984 2521 alio
3030 2466 3230 2520 saltare
3262 2466 3426 2520 visae:
3470 2465 3620 2518 clan-

2042 2578 2142 2632 gor
2174 2562 2449 2626 tubarum,
2493 2561 2706 2616 sonitus
2753 2575 3055 2623 armorum,
3116 2559 3381 2614 clamores
3407 2558 3619 2613 exerci-

2044 2660 2198 2707 tuum
2230 2667 2295 2706 ex
2328 2650 2523 2705 vicinis
2549 2650 2696 2705 inter
2732 2665 2792 2705 se
2817 2649 3050 2706 Carsaris
3085 2658 3141 2705 et
3168 2648 3394 2704 Antonii
3428 2648 3496 2702 ad
3526 2638 3617 2702 Ti-

2043 2743 2217 2798 berim
2246 2742 2453 2796 :edibus
2477 2741 2742 2797 exauditi.
2778 2741 2920 2796 Puer
2958 2740 3115 2795 denis
3145 2755 3402 2794 manuum
3431 2738 3617 2808 digitis

2044 2846 2227 2889 natus.
2281 2834 2424 2887 Mula
2483 2830 2787 2888 monstrum
2842 2831 3096 2901 peperit:
3152 2828 3413 2885 anteriori
3461 2838 3615 2898 parte

2042 2941 2206 2991 eqno,
2257 2934 2455 2980 ca‘tera
2510 2923 2659 2978 mulo
2714 2923 2915 2979 simile.
2964 2922 3022 2976 In
3067 2906 3384 2976 Macedonia
3432 2920 3615 2974 multa:

2045 3019 2205 3090 506
2225 3034 2356 3087 apes
2380 3016 2551 3073 Cassii
2580 3024 2761 3072 castra
2795 3015 3316 3083 circumdederunt:
3349 3015 3406 3069 in
3440 3013 3614 3069 sacris

377 3109 471 3161 καὶ
503 3109 725 3174 νυκτὸς,
758 3108 1044 3179 λαμπάδες
1075 3127 1136 3163 τε
1166 3110 1359 3164 ἄλλοσέ
1385 3127 1460 3182 πη
1497 3113 1591 3164 καὶ
1620 3110 1812 3164 ἄλλοσε
1842 3109 1910 3182 ᾇτ

2044 3107 2383 3172 lustralibus,
2434 3107 2597 3162 lictor
2643 3105 2694 3162 ei
2741 3120 3001 3161 coronam
3062 3105 3333 3160 inversam
3384 3105 3610 3159 attulit:

376 3188 497 3253 τειν
528 3200 771 3263 ἐδόκουν,
808 3202 902 3253 κα)⁸
956 3200 1277 3270 σαλπίγγων
1309 3201 1444 3271 ἠνχαὶ.
1466 3203 1564 3255 καὶ
1599 3201 1778 3254 ὃπλων
1806 3199 1938 3254 κτύ-

380 3308 472 3344 ποι
505 3290 600 3345 καὶ
633 3291 756 3361 βοαὶ
793 3291 1174 3363 στρατοπέδων
1207 3290 1318 3362 (81)
1352 3292 1545 3356 νυκτὸς
1577 3292 1642 3345 ἐκ
1684 3292 1792 3346 τῶν
1826 3292 1920 3345 τοῦ

380 3380 660 3451 Καίσαρος
693 3382 789 3435 καὶ
825 3382 933 3435 τῶν
960 3382 1054 3435 τοῦ
1076 3381 1364 3437 Ἀντωνίου
1397 3382 1746 3455 ὁμορούντων
1774 3383 1939 3454 ἀλλή-

377 3470 486 3534 λοις
516 3470 626 3541 (82)
655 3472 806 3543 παρᾶ
834 3470 914 3542 τῷ
947 3472 1189 3544 Τιϐερίδι
1218 3473 1560 3544 ἐξηκούοντο.
1589 3473 1699 3527 Καί
1728 3489 1780 3527 τι
1812 3489 1941 3527 παι-

376 3562 563 3630 δάριον
597 3562 1037 3628 δεκαδακτύλους
1066 3567 1254 3636 χεῖρας
1280 3565 1404 3637 ἔχον
1456 3567 1748 3637 ἐγγενήθη,
1780 3566 1943 3636 ἡμίοο

378 3657 464 3719 νός
495 3673 555 3709 τε
596 3653 751 3710 ἔτεκε
777 3657 941 3728 τέρας
968 3657 1112 3731 (85)·
1149 3659 1218 3711 τὰ
1251 3659 1349 3730 μέν
1383 3660 1486 3731 γὰρ
1513 3658 1747 3731 πρόσθια
1766 3659 1940 3731 ἵππῳ,

376 3747 444 3801 τὰ
484 3747 541 3801 δὲ
582 3748 746 3802 λοιπὰ
794 3749 1014 3820 ἡμιόνῳ
1042 3749 1226 3821 ἐῴκει.
1260 3750 1353 3803 Ἐν
1385 3751 1482 3821 μὲν
1512 3750 1607 3805 οῦν
1640 3753 1707 3821 τῇ
1749 3750 1938 3821 Ῥώμῃ

375 3839 551 3893 ταῦτά
608 3857 668 3894 τε
718 3839 815 3894 καὶ
864 3840 1002 3895 ἄλλα
1048 3842 1285 3910 ἐγένετο.
1318 3841 1410 3895 Ἐν
1445 3842 1502 3895 δὲ
1527 3844 1592 3914 τῇ
1629 3842 1941 3913 Μακεδονίᾳ

381 3931 509 4002 πιρὶ
542 3932 602 3986 τὸ
626 3932 991 4002 στρατόπεδον
1016 3932 1108 3985 τοῦ
1145 3934 1390 3987 Κασσίου
1425 3932 1681 4003 μέλισσαί
1715 3950 1774 3985 τε
1814 3933 1941 3986 πολ-

377 4025 469 4078 λαί
498 4025 632 4080 αὐτὸ
673 4025 988 4097 περιέσχον,
1015 4025 1113 4080 καὶ
1174 4028 1233 4080 ἐν
1268 4025 1345 4095 τῷ
1381 4026 1670 4097 καθαρσίῳ
1702 4026 1793 4080 τὸν
1825 4026 1942 4078 στέ-

376 4130 544 4183 φανον
571 4113 720 4184 αύτῷ
756 4113 1248 4185 κατεστραμμένον
1319 4117 1347 4169 ὁ
1382 4115 1681 4187 ῥαϐδοῦχος
1734 4117 1939 4187 προσή·

375 4220 555 4271 νεγκε·
588 4203 682 4257 καὶ
709 4206 766 4257 ἐν
800 4207 993 4277 πομπῇ
1024 4221 1130 4259 τινι
1155 4206 1285 4269 παῖς
1309 4205 1672 4277 νίκηνξφέρων
1700 4207 1936 4278 χρυσῆν,

374 4295 664 4365 ὀλισθήσας
688 4297 879 4349 ἐπεσε-
910 4299 1006 4351 καὶ
1030 4296 1203 4366 γῦπες
1251 4298 1439 4353 πολλοὶ
1470 4300 1565 4353 καὶ
1593 4299 1745 4355 ἄλλοι
1787 4300 1938 4371 ὅρνι-

376 4388 468 4453 θες
521 4389 853 4459 νεκροφάγοι
881 4390 962 4454 εἰς
997 4389 1065 4444 τὰ
1094 4391 1322 4444 ἐκείνων
1369 4391 1659 4462 διεφοίτων
1710 4394 1938 4463 στρατό-

374 4485 530 4548 πεδα,
576 4484 804 4550 ἔκλαζόν
841 4502 901 4539 τε
941 4486 1213 4555 φρικῶδές
1257 4504 1311 4539 τι
1340 4489 1440 4541 καὶ
1490 4488 1687 4545 δεινόν.
1727 4490 1835 4543 Τοῦ
1881 4490 1939 4544 δὲ

374 4576 497 4629 νέου
525 4576 802 4646 Καίσαρος
832 4578 1010 4646 ἰατρὸς
1050 4578 1193 4644 ἔδοξε
1224 4580 1322 4650 τὴν
1348 4580 1584 4650 Ἀθηνᾶν
1626 4582 1683 4634 ἐν
1749 4580 1937 4646 ὕπνοις

373 4666 549 4735 λέγειν
573 4666 742 4736 αὐτῷ,
769 4668 832 4718 ἐκ
869 4668 969 4736 τῆς
993 4670 1196 4739 σκηνῆς
1222 4669 1313 4722 τὸν
1341 4670 1603 4743 Καίσαρα
1642 4670 1937 4739 ἐξαγαγεῖν

373 4759 466 4812 καὶ⁷
504 4758 851 4827 καταστῆσαι
890 4760 972 4822 είς
1009 4760 1109 4830 τὴν
1143 4760 1474 4831 παράταξιν,
1505 4763 1682 4816 καίτοι
1711 4762 1793 4816 ἔτι
1832 4781 1936 4817 κα-

374 4850 484 4912 κῶς
532 4849 941 4922 ἀρρωστοῦντα·
1004 4849 1157 4905 ὂκαὶ
1222 4852 1561 4924 περιέσωσεν
1625 4853 1811 4919 αὐτὸν,
1861 4853 1937 4918 ὡς

370 4944 671 5015 εἰρήσεται.
725 4942 834 5013 Τὴν
894 4945 991 5014 μὲν
1041 4939 1136 4998 οῦν
1202 4946 1412 5017 ἡμέραν
1455 4946 1556 5016 τῆς
1607 4947 1786 5017 μάχης
1844 4948 1942 5018 οὐχ

371 5034 660 5105 ὡρίσαντο.
696 5036 908 5108 Ὠσπερ
932 5036 990 5090 δὲ
1034 5037 1143 5091 ἀπὸ
1179 5037 1539 5108 συγκειμένου
1581 5039 1726 5100 τινὸς
1800 5042 1889 5107 ego
1912 5070 1937 5084 ο

270 5138 273 5141 ⁷
368 5125 697 5195 πλισάμενοι
731 5126 901 5181 ἔωθεν
940 5127 1230 5199 προῆλθον,
1261 5127 1356 5181 καὶ
1388 5131 1446 5183 ἐν
1480 5129 1669 5200 κόσμῳ
1692 5131 1783 5184 καὶ
1805 5134 1937 5198 ἠσυ-

366 5220 440 5289 χῆ
499 5220 903 5289 παρετάξαντο,
950 5218 1068 5275 εἶτα
1140 5220 1515 5292 συμμίξαντες
1587 5220 1773 5292 πολλῷ
1837 5224 1935 5294 μὲν

1970 4454 2018 4510 D

2045 3198 2100 3253 in
2132 3213 2325 3269 pompa
2361 3198 2596 3268 quadam
2626 3213 2766 3269 puer
2795 3212 3019 3251 auream
3048 3195 3334 3252 victoriam
3370 3204 3611 3266 gestans,

2044 3305 2111 3344 ex
2153 3292 2303 3361 lapsu
2345 3288 2627 3345 concidit:
2678 3289 2836 3345 multi
2892 3289 3158 3355 vultures,
3191 3288 3391 3358 aliique
3430 3289 3614 3342 cami-

2043 3382 2165 3437 vori
2201 3380 2360 3437 alites
2388 3391 2565 3437 castra
2599 3381 2816 3436 illorum
2852 3398 2976 3437 cum
3009 3381 3291 3437 horrendo
3338 3389 3394 3436 et
3441 3381 3613 3438 atroci

2045 3488 2183 3529 sono
2216 3473 2656 3543 frequentarunt.
2687 3456 2921 3531 Caesaris
2951 3489 3085 3530 vero
3110 3473 3474 3529 adolescentis
3506 3489 3617 3528 me-

2045 3566 2219 3629 dicus,
2258 3581 2316 3622 se
2357 3580 2386 3620 a
2415 3566 2655 3622 Minerva
2697 3565 2984 3624 admoaeri
3029 3565 3343 3632 somniavit,
3382 3574 3442 3620 ut
3488 3582 3614 3621 eum

2044 3675 2110 3715 ex
2140 3660 2497 3715 tabernaculo
2529 3659 2586 3715 in
2626 3658 2800 3715 aciem
2852 3658 3189 3730 deportaret,
3221 3658 3471 3729 quamvis
3492 3675 3615 3730 gra-

2042 3754 2186 3807 viter
2229 3761 2625 3823 azgrotantem:
2676 3750 2844 3821 idque
2889 3750 2943 3806 ei
2989 3750 3152 3806 saluti
3183 3750 3310 3815 fuit,
3340 3761 3400 3806 ttt
3428 3750 3613 3805 statim

2043 3845 2277 3900 dicetur.
2325 3842 2405 3900 Ac
2446 3858 2642 3913 pugna:
2690 3841 2839 3898 diem
2893 3857 3003 3898 non
3049 3842 3476 3906 constituerunt,
3518 3842 3613 3898 sed

2045 3936 2195 3991 velut
2220 3950 2288 3990 ex
2318 3934 2622 4005 composito
2661 3948 2822 3988 mane
2863 3932 2920 3988 in
2974 3932 3145 3987 armis
3172 3931 3467 4002 progressi,
3499 3946 3616 3986 nio-

2044 4028 2200 4084 deste
2249 4027 2525 4097 taciteque
2575 4024 2723 4081 acies
2766 4025 3163 4081 instruxerunt.
3222 4021 3430 4077 Deinde
3478 4037 3614 4076 ροη-

2045 4119 2239 4193 gressi,
2265 4134 2459 4191 magna
2487 4117 2869 4189 impressione,
2923 4131 3115 4188 magna
3144 4106 3529 4185 digladiatione
3558 4123 3615 4169 et

2043 4211 2328 4267 alacritate
2354 4210 2599 4282 utrique,
2643 4210 2830 4265 neutri
2863 4223 2993 4264 vero
3048 4221 3269 4262 recessu
3296 4214 3389 4261 aut
3425 4221 3613 4275 perse-

2044 4301 2362 4357 cutionibus
2391 4300 2497 4367 usi,
2537 4298 2634 4356 sed
2667 4298 2783 4355 suis
2820 4297 3028 4369 quique
3078 4296 3324 4367 vestigiis
3354 4297 3616 4352 insisten-

2045 4402 2148 4458 tes,
2200 4393 2518 4456 vulnerant,
2569 4390 2975 4444 vulnerantur:
3028 4387 3268 4450 czedunt,
3302 4388 3608 4442 catduntur.

2042 4488 2121 4544 Ac
2151 4486 2352 4540 Brutus
2382 4483 2722 4540 Caesarianos
2770 4481 2922 4547 vicit,
2976 4479 3197 4536 Cassius
3226 4479 3294 4535 ab
3345 4478 3610 4533 Antonia-

2044 4579 2131 4634 nis
2162 4579 2340 4633 victus
2383 4584 2487 4641 est,
2547 4575 2743 4631 castris
2769 4575 3026 4644 utrinque
3053 4573 3245 4644 captis.
3296 4570 3402 4627 Sed
3433 4585 3612 4641 neque

2043 4672 2172 4726 victi
2228 4670 2529 4724 amicorum
2564 4667 2871 4732 victoriam,
2929 4680 3115 4735 neque.
3137 4664 3374 4719 victores
3403 4663 3610 4718 cladem

2041 4778 2266 4818 suorum
2297 4769 2521 4815 norant.
2574 4759 2709 4815 Nam
2754 4767 2810 4813 et
2838 4765 3017 4812 castra
3048 4756 3277 4811 multum
3312 4756 3609 4827 distabant,

2039 4863 2096 4908 et
2130 4854 2397 4908 immenso
2429 4853 2654 4921 pulvere
2686 4851 2925 4907 excitato
2951 4859 3206 4905 eventum
3234 4863 3425 4919 pugna:
3456 4847 3611 4919 igno-

2040 4947 2253 5001 rabant.
2290 4944 2514 4998 Interim
2549 4952 2729 4997 tamen
2777 4950 2835 4998 et
2885 4941 3115 4998 Caesaris
3151 4940 3373 5007 vallum,
3408 4948 3464 4994 et
3498 4939 3610 4993 An-

2043 5037 2175 5093 tonii
2214 5047 2296 5091 est
2322 5044 2628 5091 vastatum:
2670 5043 2725 5090 et
2759 5049 2884 5105 quae
2913 5034 2968 5088 in
2999 5034 3065 5088 iis
3096 5040 3277 5094 erant,
3311 5038 3467 5100 capta
3496 5043 3610 5081 om-

2041 5131 2151 5184 nia.
2204 5128 2383 5195 Quare
2438 5128 2543 5183 nisi
2597 5127 2778 5183 Cazsar
2823 5126 3035 5183 somnio
3088 5123 3283 5179 medici
3316 5120 3606 5190 paruisset,

2038 5230 2229 5292 captus
2256 5220 2309 5274 in
2340 5220 2588 5290 periculo
2617 5219 2827 5274 fuisset.
2856 5217 3079 5274 Cassius
3100 5232 3130 5272 e
3157 5230 3337 5286 pugna
3365 5212 3605 5281 elapsus,

1537 5386 1732 5448 Variae
1771 5385 2072 5449 lectiones
2119 5390 2181 5446 et
2226 5394 2417 5447 noue.

442 5539 552 5603 (81)
590 5538 692 5591 Kal
717 5535 857 5608 ,θοαί
889 5537 1328 5608 στρατοπέδων.
1352 5537 1427 5590 ita
1461 5536 1513 5608 in
1552 5536 1768 5591 duobus
1795 5539 1926 5608 Reg.

370 5608 582 5663 Absunt
613 5624 744 5660 vero
790 5607 903 5660 lucc
942 5607 1104 5660 verba
1138 5607 1190 5660 in
1221 5608 1363 5669 aliis,
1396 5617 1452 5660 et
1477 5607 1528 5661 in
1559 5607 1800 5662 Colbert.

442 5680 551 5756 (ii?)
594 5676 727 5756 Keil.
753 5676 869 5756 τῷν
901 5675 1363 5756 τοῡ“ἰὶντ‹υνίου
1411 5678 1782 5756 ὁμιῖρούῂτων
1820 5678 1931 5756 ἁβ-

2038 5535 2440 5605 στρατοπέδων,
2464 5550 2529 5589 ex
2559 5532 2755 5587 vicinis
2816 5532 2959 5585 inter
3018 5543 3076 5583 se
3102 5526 3314 5582 aedibus
3367 5531 3458 5576 aut
3516 5530 3607 5574 ca-

2038 5620 2219 5745 ειῖξῗέ)
2255 5678 2459 5745 Ἐτεκε
2479 5672 2670 5745 τέρας.
2698 5667 3254 5745 Supplevimnsltanc
3277 5667 3603 5745 postremam

372 5735 603 5815 λάλοις.
662 5747 890 5802 Ψυιίίυε
944 5764 954 5797 ε
998 5745 1178 5799 Dc'cssc
1230 5735 1578 5799 ridetur'si’t'e
1605 5748 1937 5801 simi-msice
2032 5735 2217 5801 vocem
2252 5754 2317 5799 ex
2352 5743 2509 5796 codd.
2540 5735 2653 5795 tnss
2685 5783 2697 5804 ,
2734 5735 2853 5811 quae
2878 5740 3061 5794 deerat
3094 5738 3149 5792 in
3193 5735 3493 5790 Woltianis.
3583 5794 3593 5807 γ
