  <div class='ocr_page' id='page_1' title='image "/cluster/home/n/w/nwhite01/storage/ocr_20150623/134:no.1/coo.31924054870393/437.png"; bbox 0 0 4024 6388; ppageno 0'>
   <div class='ocr_carea' id='block_1_1' title="bbox 445 348 3700 419">
    <p class='ocr_par' dir='ltr' id='par_1_1' title="bbox 445 348 3700 419">
     <span class='ocr_line' id='line_1_1' title="bbox 445 348 3700 419; baseline -0.001 -2"><span class='ocrx_word' id='word_1_1' title='bbox 445 348 561 419; x_wconf 70' lang='grc'>859</span> <span class='ocrx_word' id='word_1_2' title='bbox 1710 348 2037 416; x_wconf 75' lang='lat' dir='ltr'>JOANNIS</span> <span class='ocrx_word' id='word_1_3' title='bbox 2076 353 2399 416; x_wconf 71' lang='lat' dir='ltr'>ZONAR/E</span> <span class='ocrx_word' id='word_1_4' title='bbox 3580 350 3700 416; x_wconf 82' lang='lat'>860</span> 
     </span>
    </p>
   </div>
   <div class='ocr_carea' id='block_1_2' title="bbox 443 463 2022 539">
    <p class='ocr_par' dir='ltr' id='par_1_2' title="bbox 443 463 2022 535">
     <span class='ocr_line' id='line_1_2' title="bbox 443 463 2022 535; baseline -0.001 -16"><span class='ocrx_word' id='word_1_5' title='bbox 443 479 544 519; x_wconf 88' lang='lat' dir='ltr'>sua</span> <span class='ocrx_word' id='word_1_6' title='bbox 576 470 793 535; x_wconf 74' lang='lat' dir='ltr'><strong>quoque</strong></span> <span class='ocrx_word' id='word_1_7' title='bbox 833 463 1142 521; x_wconf 81' lang='lat' dir='ltr'><strong>munitione</strong></span> <span class='ocrx_word' id='word_1_8' title='bbox 1198 474 1404 520; x_wconf 83' lang='lat' dir='ltr'><strong>vastata</strong></span> <span class='ocrx_word' id='word_1_9' title='bbox 1448 463 1728 520; x_wconf 82' lang='lat' dir='ltr'><strong>tumulum</strong></span> <span class='ocrx_word' id='word_1_10' title='bbox 1765 480 2022 522; x_wconf 89' lang='lat' dir='ltr'><strong>conscen-</strong></span> 
     </span>
    </p>
   </div>
   <div class='ocr_carea' id='block_1_3' title="bbox 2128 463 3717 539">
    <p class='ocr_par' dir='ltr' id='par_1_3' title="bbox 2135 466 3717 539">
     <span class='ocr_line' id='line_1_3' title="bbox 2135 466 3717 539; baseline 0.003 -22"><span class='ocrx_word' id='word_1_11' title='bbox 2135 468 2438 537; x_wconf 77' lang='grc' dir='ltr'>ἐχρήσαντο</span> <span class='ocrx_word' id='word_1_12' title='bbox 2467 466 2718 538; x_wconf 82' lang='grc' dir='ltr'>ὠθισμῷ,</span> <span class='ocrx_word' id='word_1_13' title='bbox 2753 466 2936 539; x_wconf 85' lang='grc' dir='ltr'>πολλῷ</span> <span class='ocrx_word' id='word_1_14' title='bbox 2979 466 3038 522; x_wconf 85' lang='grc' dir='ltr'>δὲ</span> <span class='ocrx_word' id='word_1_15' title='bbox 3075 467 3339 539; x_wconf 78' lang='grc' dir='ltr'>ξιφισμῷ,</span> <span class='ocrx_word' id='word_1_16' title='bbox 3384 469 3474 522; x_wconf 74' lang='grc' dir='ltr'>καὶ</span> <span class='ocrx_word' id='word_1_17' title='bbox 3507 469 3717 536; x_wconf 71' lang='grc' dir='ltr'>προθυο</span> 
     </span>
    </p>
   </div>
   <div class='ocr_carea' id='block_1_4' title="bbox 443 555 2022 629">
    <p class='ocr_par' dir='ltr' id='par_1_4' title="bbox 443 555 2022 628">
     <span class='ocr_line' id='line_1_4' title="bbox 443 555 2022 628; baseline 0.001 -19"><span class='ocrx_word' id='word_1_18' title='bbox 443 555 548 619; x_wconf 87' lang='lat' dir='ltr'><strong>dit,</strong></span> <span class='ocrx_word' id='word_1_19' title='bbox 581 557 727 611; x_wconf 84' lang='lat' dir='ltr'><strong>unde</strong></span> <span class='ocrx_word' id='word_1_20' title='bbox 760 565 1083 628; x_wconf 77' lang='lat' dir='ltr'><strong>prospeCtus</strong></span> <span class='ocrx_word' id='word_1_21' title='bbox 1111 557 1164 611; x_wconf 93' lang='lat' dir='ltr'>in</span> <span class='ocrx_word' id='word_1_22' title='bbox 1198 558 1479 628; x_wconf 78' lang='lat' dir='ltr'><strong>planitiem</strong></span> <span class='ocrx_word' id='word_1_23' title='bbox 1512 557 1732 626; x_wconf 82' lang='lat' dir='ltr'><strong>patebat</strong></span> <span class='ocrx_word' id='word_1_24' title='bbox 1763 577 1775 613; x_wconf 91' lang='lat'><strong>:</strong></span> <span class='ocrx_word' id='word_1_25' title='bbox 1812 566 1869 614; x_wconf 92' lang='lat' dir='ltr'>et</span> <span class='ocrx_word' id='word_1_26' title='bbox 1892 558 2022 611; x_wconf 30' lang='lat' dir='ltr'><strong>Brut</strong></span> 
     </span>
    </p>
   </div>
   <div class='ocr_carea' id='block_1_5' title="bbox 2128 555 3711 629">
    <p class='ocr_par' dir='ltr' id='par_1_5' title="bbox 2132 557 3711 629">
     <span class='ocr_line' id='line_1_5' title="bbox 2132 557 3711 629; baseline 0.001 -19"><span class='ocrx_word' id='word_1_27' title='bbox 2132 558 2235 628; x_wconf 76' lang='grc' dir='ltr'>μία</span> <span class='ocrx_word' id='word_1_28' title='bbox 2268 559 2460 629; x_wconf 79' lang='grc' dir='ltr'>πολλῇ·</span> <span class='ocrx_word' id='word_1_29' title='bbox 2507 559 2605 613; x_wconf 72' lang='grc' dir='ltr'>καὶ</span> <span class='ocrx_word' id='word_1_30' title='bbox 2636 557 2750 612; x_wconf 78' lang='grc' dir='ltr'>οὔθ’</span> <span class='ocrx_word' id='word_1_31' title='bbox 2784 558 3113 627; x_wconf 83' lang='grc' dir='ltr'>ὑπαγωγαῖς</span> <span class='ocrx_word' id='word_1_32' title='bbox 3142 558 3272 612; x_wconf 74' lang='grc' dir='ltr'>οὕτε</span> <span class='ocrx_word' id='word_1_33' title='bbox 3327 559 3583 623; x_wconf 82' lang='grc' dir='ltr'>διώξεσιν</span> <span class='ocrx_word' id='word_1_34' title='bbox 3611 559 3711 612; x_wconf 65' lang='grc' dir='ltr'>οὐδ</span> 
     </span>
    </p>
   </div>
   <div class='ocr_carea' id='block_1_6' title="bbox 392 644 2022 721">
    <p class='ocr_par' dir='ltr' id='par_1_6' title="bbox 392 648 2022 718">
     <span class='ocr_line' id='line_1_6' title="bbox 392 648 2022 718; baseline 0.001 -18"><span class='ocrx_word' id='word_1_35' title='bbox 392 696 403 709; x_wconf 69' lang='grc'>,</span> <span class='ocrx_word' id='word_1_36' title='bbox 446 654 563 700; x_wconf 91' lang='lat' dir='ltr'>tum</span> <span class='ocrx_word' id='word_1_37' title='bbox 596 661 817 718; x_wconf 89' lang='lat' dir='ltr'><strong>quoque</strong></span> <span class='ocrx_word' id='word_1_38' title='bbox 848 649 1053 702; x_wconf 91' lang='lat' dir='ltr'><strong>victum</strong></span> <span class='ocrx_word' id='word_1_39' title='bbox 1080 663 1201 705; x_wconf 87' lang='lat' dir='ltr'><strong>esse</strong></span> <span class='ocrx_word' id='word_1_40' title='bbox 1229 660 1406 713; x_wconf 89' lang='lat' dir='ltr'><strong>ratus,</strong></span> <span class='ocrx_word' id='word_1_41' title='bbox 1461 651 1842 705; x_wconf 87' lang='lat' dir='ltr'><strong>centurionem</strong></span> <span class='ocrx_word' id='word_1_42' title='bbox 1880 648 2022 702; x_wconf 90' lang='lat' dir='ltr'><strong>misit</strong></span> 
     </span>
    </p>
   </div>
   <div class='ocr_carea' id='block_1_7' title="bbox 2128 644 3711 721">
    <p class='ocr_par' dir='ltr' id='par_1_7' title="bbox 2128 644 3711 721">
     <span class='ocr_line' id='line_1_7' title="bbox 2128 644 3711 721; baseline 0.003 -24"><span class='ocrx_word' id='word_1_43' title='bbox 2128 644 2281 712; x_wconf 85' lang='grc' dir='ltr'>δένες</span> <span class='ocrx_word' id='word_1_44' title='bbox 2317 649 2648 719; x_wconf 79' lang='grc' dir='ltr'>ἐχρήσαντο,</span> <span class='ocrx_word' id='word_1_45' title='bbox 2680 649 2798 704; x_wconf 82' lang='grc' dir='ltr'>ἀλλ’</span> <span class='ocrx_word' id='word_1_46' title='bbox 2832 648 3004 703; x_wconf 80' lang='grc' dir='ltr'>αὐτοῦ</span> <span class='ocrx_word' id='word_1_47' title='bbox 3031 648 3230 721; x_wconf 82' lang='grc' dir='ltr'>ὥσπερ</span> <span class='ocrx_word' id='word_1_48' title='bbox 3266 646 3417 720; x_wconf 81' lang='grc' dir='ltr'>εἶχον</span> <span class='ocrx_word' id='word_1_49' title='bbox 3472 649 3711 719; x_wconf 87' lang='grc' dir='ltr'>ἐτίτρω-</span> 
     </span>
    </p>
   </div>
   <div class='ocr_carea' id='block_1_8' title="bbox 448 724 2022 812">
    <p class='ocr_par' dir='ltr' id='par_1_8' title="bbox 448 733 2022 809">
     <span class='ocr_line' id='line_1_8' title="bbox 448 733 2022 809; baseline 0.003 -21"><span class='ocrx_word' id='word_1_50' title='bbox 448 733 546 803; x_wconf 90' lang='lat' dir='ltr'>qui</span> <span class='ocrx_word' id='word_1_51' title='bbox 574 749 690 789; x_wconf 87' lang='lat' dir='ltr'>rem</span> <span class='ocrx_word' id='word_1_52' title='bbox 721 736 1054 806; x_wconf 81' lang='lat' dir='ltr'><strong>exploraret,</strong></span> <span class='ocrx_word' id='word_1_53' title='bbox 1104 737 1323 809; x_wconf 84' lang='lat' dir='ltr'><strong>sibique</strong></span> <span class='ocrx_word' id='word_1_54' title='bbox 1376 739 1470 793; x_wconf 91' lang='lat' dir='ltr'>ubi</span> <span class='ocrx_word' id='word_1_55' title='bbox 1516 748 1663 795; x_wconf 87' lang='lat' dir='ltr'><strong>esset</strong></span> <span class='ocrx_word' id='word_1_56' title='bbox 1693 740 1919 803; x_wconf 88' lang='lat' dir='ltr'><strong>Brutus,</strong></span> <span class='ocrx_word' id='word_1_57' title='bbox 1971 746 2022 793; x_wconf 91' lang='lat' dir='ltr'>el</span> 
     </span>
    </p>
   </div>
   <div class='ocr_carea' id='block_1_9' title="bbox 2128 724 3717 812">
    <p class='ocr_par' dir='ltr' id='par_1_9' title="bbox 2133 724 3717 812">
     <span class='ocr_line' id='line_1_9' title="bbox 2133 724 3717 812; baseline 0 -20"><span class='ocrx_word' id='word_1_58' title='bbox 2133 755 2290 805; x_wconf 90' lang='grc' dir='ltr'>σκον,</span> <span class='ocrx_word' id='word_1_59' title='bbox 2328 724 2742 812; x_wconf 85' lang='grc' dir='ltr'>ἐτιτρώσκοντο,</span> <span class='ocrx_word' id='word_1_60' title='bbox 2782 742 3060 811; x_wconf 85' lang='grc' dir='ltr'>ἐφόνευον,</span> <span class='ocrx_word' id='word_1_61' title='bbox 3122 741 3464 812; x_wconf 80' lang='grc' dir='ltr'>ἐφονεύοντο.</span> <span class='ocrx_word' id='word_1_62' title='bbox 3519 741 3634 793; x_wconf 82' lang='grc' dir='ltr'>Καὶ</span> <span class='ocrx_word' id='word_1_63' title='bbox 3682 742 3717 793; x_wconf 90' lang='lat'>6</span> 
     </span>
    </p>
   </div>
   <div class='ocr_carea' id='block_1_10' title="bbox 444 826 2031 899">
    <p class='ocr_par' dir='ltr' id='par_1_10' title="bbox 444 826 2031 899">
     <span class='ocr_line' id='line_1_10' title="bbox 444 826 2031 899; baseline 0.002 -19"><span class='ocrx_word' id='word_1_64' title='bbox 444 826 581 896; x_wconf 87' lang='lat' dir='ltr'><strong>quid</strong></span> <span class='ocrx_word' id='word_1_65' title='bbox 606 837 812 897; x_wconf 74' lang='lat' dir='ltr'><strong>ageret,</strong></span> <span class='ocrx_word' id='word_1_66' title='bbox 845 829 1210 886; x_wconf 71' lang='lat' dir='ltr'>renuntiaret.</span> <span class='ocrx_word' id='word_1_67' title='bbox 1243 830 1347 885; x_wconf 97' lang='lat' dir='ltr'>Sed</span> <span class='ocrx_word' id='word_1_68' title='bbox 1380 846 1507 887; x_wconf 90' lang='lat' dir='ltr'>cum</span> <span class='ocrx_word' id='word_1_69' title='bbox 1538 831 1584 886; x_wconf 90' lang='lat' dir='ltr'>is</span> <span class='ocrx_word' id='word_1_70' title='bbox 1609 831 1665 885; x_wconf 92' lang='lat' dir='ltr'>in</span> <span class='ocrx_word' id='word_1_71' title='bbox 1691 830 1845 884; x_wconf 84' lang='lat' dir='ltr'><strong>Bruti</strong></span> <span class='ocrx_word' id='word_1_72' title='bbox 1874 829 2031 899; x_wconf 89' lang='lat' dir='ltr'><strong>equi-</strong></span> 
     </span>
    </p>
   </div>
   <div class='ocr_carea' id='block_1_11' title="bbox 442 918 2027 994">
    <p class='ocr_par' dir='ltr' id='par_1_11' title="bbox 442 918 2027 994">
     <span class='ocr_line' id='line_1_11' title="bbox 442 918 2027 994; baseline 0 -21"><span class='ocrx_word' id='word_1_73' title='bbox 442 926 529 973; x_wconf 87' lang='lat' dir='ltr'><strong>tes</strong></span> <span class='ocrx_word' id='word_1_74' title='bbox 554 918 865 986; x_wconf 87' lang='lat' dir='ltr'><strong>incidisset,</strong></span> <span class='ocrx_word' id='word_1_75' title='bbox 900 920 994 991; x_wconf 89' lang='lat' dir='ltr'><strong>qui</strong></span> <span class='ocrx_word' id='word_1_76' title='bbox 1023 931 1085 976; x_wconf 93' lang='lat' dir='ltr'>ut</span> <span class='ocrx_word' id='word_1_77' title='bbox 1111 936 1236 977; x_wconf 90' lang='lat' dir='ltr'>cum</span> <span class='ocrx_word' id='word_1_78' title='bbox 1275 921 1467 978; x_wconf 89' lang='lat' dir='ltr'><strong>Cassio</strong></span> <span class='ocrx_word' id='word_1_79' title='bbox 1510 932 1786 994; x_wconf 76' lang='lat' dir='ltr'><strong>ageretur,</strong></span> <span class='ocrx_word' id='word_1_80' title='bbox 1833 921 2027 990; x_wconf 78' lang='lat' dir='ltr'><strong>explo-</strong></span> 
     </span>
    </p>
   </div>
   <div class='ocr_carea' id='block_1_12' title="bbox 450 1010 2028 1085">
    <p class='ocr_par' dir='ltr' id='par_1_12' title="bbox 450 1010 2028 1085">
     <span class='ocr_line' id='line_1_12' title="bbox 450 1010 2028 1085; baseline 0.001 -21"><span class='ocrx_word' id='word_1_81' title='bbox 450 1017 661 1075; x_wconf 86' lang='lat' dir='ltr'><strong>rarent,</strong></span> <span class='ocrx_word' id='word_1_82' title='bbox 716 1010 784 1066; x_wconf 90' lang='lat' dir='ltr'>ab</span> <span class='ocrx_word' id='word_1_83' title='bbox 817 1010 996 1081; x_wconf 83' lang='lat' dir='ltr'><strong>iisque</strong></span> <span class='ocrx_word' id='word_1_84' title='bbox 1047 1013 1423 1068; x_wconf 89' lang='lat' dir='ltr'><strong>circumdatus</strong></span> <span class='ocrx_word' id='word_1_85' title='bbox 1467 1015 1735 1085; x_wconf 78' lang='lat' dir='ltr'><strong>porrectis</strong></span> <span class='ocrx_word' id='word_1_86' title='bbox 1789 1012 2028 1067; x_wconf 83' lang='lat' dir='ltr'><strong>dexteris</strong></span> 
     </span>
    </p>
   </div>
   <div class='ocr_carea' id='block_1_13' title="bbox 442 1098 2027 1175">
    <p class='ocr_par' dir='ltr' id='par_1_13' title="bbox 442 1098 2027 1175">
     <span class='ocr_line' id='line_1_13' title="bbox 442 1098 2027 1175; baseline 0.004 -23"><span class='ocrx_word' id='word_1_87' title='bbox 442 1098 816 1156; x_wconf 82' lang='lat' dir='ltr'><strong>salutaretur:</strong></span> <span class='ocrx_word' id='word_1_88' title='bbox 875 1100 1100 1158; x_wconf 87' lang='lat' dir='ltr'><strong>Cassius</strong></span> <span class='ocrx_word' id='word_1_89' title='bbox 1149 1104 1411 1158; x_wconf 83' lang='lat' dir='ltr'><strong>accedere</strong></span> <span class='ocrx_word' id='word_1_90' title='bbox 1462 1103 1649 1159; x_wconf 80' lang='lat' dir='ltr'><strong>hostes</strong></span> <span class='ocrx_word' id='word_1_91' title='bbox 1701 1112 1921 1175; x_wconf 88' lang='lat' dir='ltr'><strong>putans.</strong></span> <span class='ocrx_word' id='word_1_92' title='bbox 1957 1102 2027 1158; x_wconf 89' lang='lat' dir='ltr'>ab</span> 
     </span>
    </p>
   </div>
   <div class='ocr_carea' id='block_1_14' title="bbox 443 1187 2027 1260">
    <p class='ocr_par' dir='ltr' id='par_1_14' title="bbox 443 1187 2027 1260">
     <span class='ocr_line' id='line_1_14' title="bbox 443 1187 2027 1260; baseline 0.005 -19"><span class='ocrx_word' id='word_1_93' title='bbox 443 1187 623 1258; x_wconf 88' lang='lat' dir='ltr'><strong>iisque</strong></span> <span class='ocrx_word' id='word_1_94' title='bbox 648 1200 868 1260; x_wconf 89' lang='lat' dir='ltr'><strong>captum</strong></span> <span class='ocrx_word' id='word_1_95' title='bbox 897 1206 1021 1247; x_wconf 90' lang='lat' dir='ltr'><strong>esse</strong></span> <span class='ocrx_word' id='word_1_96' title='bbox 1046 1194 1454 1257; x_wconf 69' lang='lat' dir='ltr'><strong>centurionem,</strong></span> <span class='ocrx_word' id='word_1_97' title='bbox 1496 1210 1527 1249; x_wconf 90' lang='lat' dir='ltr'>a</span> <span class='ocrx_word' id='word_1_98' title='bbox 1552 1194 1792 1250; x_wconf 87' lang='lat' dir='ltr'><strong>Pindaro</strong></span> <span class='ocrx_word' id='word_1_99' title='bbox 1819 1194 2027 1250; x_wconf 90' lang='lat' dir='ltr'><strong>liberto</strong></span> 
     </span>
    </p>
   </div>
   <div class='ocr_carea' id='block_1_15' title="bbox 442 1280 2027 1350">
    <p class='ocr_par' dir='ltr' id='par_1_15' title="bbox 442 1280 2027 1350">
     <span class='ocr_line' id='line_1_15' title="bbox 442 1280 2027 1350; baseline 0.004 -17"><span class='ocrx_word' id='word_1_100' title='bbox 442 1282 503 1335; x_wconf 75' lang='lat' dir='ltr'>se</span> <span class='ocrx_word' id='word_1_101' title='bbox 554 1280 731 1336; x_wconf 90' lang='lat' dir='ltr'><strong>occidi</strong></span> <span class='ocrx_word' id='word_1_102' title='bbox 778 1282 963 1350; x_wconf 88' lang='lat' dir='ltr'><strong>jussit.</strong></span> <span class='ocrx_word' id='word_1_103' title='bbox 1008 1284 1108 1340; x_wconf 84' lang='lat' dir='ltr'>Hic</span> <span class='ocrx_word' id='word_1_104' title='bbox 1155 1286 1306 1340; x_wconf 89' lang='lat' dir='ltr'><strong>illius</strong></span> <span class='ocrx_word' id='word_1_105' title='bbox 1354 1285 1457 1341; x_wconf 81' lang='lat' dir='ltr'><strong>fuit</strong></span> <span class='ocrx_word' id='word_1_106' title='bbox 1499 1286 1702 1342; x_wconf 80' lang='lat' dir='ltr'><strong>exitus.</strong></span> <span class='ocrx_word' id='word_1_107' title='bbox 1761 1284 2027 1342; x_wconf 81' lang='lat' dir='ltr'><strong>Centurio</strong></span> 
     </span>
    </p>
   </div>
   <div class='ocr_carea' id='block_1_16' title="bbox 439 1377 2026 1445">
    <p class='ocr_par' dir='ltr' id='par_1_16' title="bbox 439 1377 2026 1445">
     <span class='ocr_line' id='line_1_16' title="bbox 439 1377 2026 1445; baseline 0.006 -21"><span class='ocrx_word' id='word_1_108' title='bbox 439 1384 576 1427; x_wconf 80' lang='lat' dir='ltr'><strong>vero</strong></span> <span class='ocrx_word' id='word_1_109' title='bbox 599 1388 873 1440; x_wconf 88' lang='lat' dir='ltr'><strong>reversus,</strong></span> <span class='ocrx_word' id='word_1_110' title='bbox 906 1392 973 1431; x_wconf 93' lang='lat' dir='ltr'>co</span> <span class='ocrx_word' id='word_1_111' title='bbox 1004 1377 1249 1433; x_wconf 84' lang='lat' dir='ltr'><strong>facinore</strong></span> <span class='ocrx_word' id='word_1_112' title='bbox 1276 1388 1607 1445; x_wconf 88' lang='lat' dir='ltr'><strong>commotus,</strong></span> <span class='ocrx_word' id='word_1_113' title='bbox 1631 1394 1842 1433; x_wconf 89' lang='lat' dir='ltr'><strong>moram</strong></span> <span class='ocrx_word' id='word_1_114' title='bbox 1868 1394 2026 1434; x_wconf 90' lang='lat' dir='ltr'><strong>suam</strong></span> 
     </span>
    </p>
   </div>
   <div class='ocr_carea' id='block_1_17' title="bbox 439 1463 2025 1540">
    <p class='ocr_par' dir='ltr' id='par_1_17' title="bbox 439 1463 2025 1540">
     <span class='ocr_line' id='line_1_17' title="bbox 439 1463 2025 1540; baseline 0.006 -22"><span class='ocrx_word' id='word_1_115' title='bbox 439 1463 753 1536; x_wconf 88' lang='lat' dir='ltr'><strong>increpans,</strong></span> <span class='ocrx_word' id='word_1_116' title='bbox 790 1468 905 1537; x_wconf 87' lang='lat' dir='ltr'><strong>ipse</strong></span> <span class='ocrx_word' id='word_1_117' title='bbox 937 1484 1155 1540; x_wconf 89' lang='lat' dir='ltr'><strong>quoque</strong></span> <span class='ocrx_word' id='word_1_118' title='bbox 1190 1486 1248 1527; x_wconf 86' lang='lat' dir='ltr'>se</span> <span class='ocrx_word' id='word_1_119' title='bbox 1285 1471 1580 1528; x_wconf 81' lang='lat' dir='ltr'><strong>interfeCit.</strong></span> <span class='ocrx_word' id='word_1_120' title='bbox 1618 1472 1821 1527; x_wconf 90' lang='lat' dir='ltr'><strong>Brutus</strong></span> <span class='ocrx_word' id='word_1_121' title='bbox 1846 1471 2025 1529; x_wconf 80' lang='lat' dir='ltr'><strong>Cassii</strong></span> 
     </span>
    </p>
   </div>
   <div class='ocr_carea' id='block_1_18' title="bbox 439 1554 2024 1637">
    <p class='ocr_par' dir='ltr' id='par_1_18' title="bbox 439 1554 2024 1637">
     <span class='ocr_line' id='line_1_18' title="bbox 439 1554 2024 1637; baseline 0.006 -27"><span class='ocrx_word' id='word_1_122' title='bbox 439 1554 594 1611; x_wconf 78' lang='lat' dir='ltr'><strong>Clade</strong></span> <span class='ocrx_word' id='word_1_123' title='bbox 617 1567 781 1628; x_wconf 83' lang='lat' dir='ltr'><strong>atque</strong></span> <span class='ocrx_word' id='word_1_124' title='bbox 823 1560 1052 1617; x_wconf 86' lang='lat' dir='ltr'><strong>interitu</strong></span> <span class='ocrx_word' id='word_1_125' title='bbox 1084 1566 1327 1634; x_wconf 86' lang='lat' dir='ltr'><strong>cognito,</strong></span> <span class='ocrx_word' id='word_1_126' title='bbox 1358 1566 1758 1637; x_wconf 86' lang='lat' dir='ltr'><strong>illacrymavit:</strong></span> <span class='ocrx_word' id='word_1_127' title='bbox 1787 1565 2024 1620; x_wconf 79' lang='lat' dir='ltr'><strong>militum</strong></span> 
     </span>
    </p>
   </div>
   <div class='ocr_carea' id='block_1_19' title="bbox 439 1649 2024 1727">
    <p class='ocr_par' dir='ltr' id='par_1_19' title="bbox 439 1649 2024 1727">
     <span class='ocr_line' id='line_1_19' title="bbox 439 1649 2024 1727; baseline 0.004 -24"><span class='ocrx_word' id='word_1_128' title='bbox 439 1663 573 1703; x_wconf 84' lang='lat' dir='ltr'><strong>vero</strong></span> <span class='ocrx_word' id='word_1_129' title='bbox 603 1649 751 1705; x_wconf 90' lang='lat' dir='ltr'><strong>illius</strong></span> <span class='ocrx_word' id='word_1_130' title='bbox 784 1652 1048 1722; x_wconf 84' lang='lat' dir='ltr'><strong>reliquias</strong></span> <span class='ocrx_word' id='word_1_131' title='bbox 1075 1664 1132 1711; x_wconf 91' lang='lat' dir='ltr'>et</span> <span class='ocrx_word' id='word_1_132' title='bbox 1164 1656 1351 1712; x_wconf 81' lang='lat' dir='ltr'><strong>verbis</strong></span> <span class='ocrx_word' id='word_1_133' title='bbox 1373 1666 1429 1712; x_wconf 83' lang='lat' dir='ltr'>et</span> <span class='ocrx_word' id='word_1_134' title='bbox 1462 1656 1698 1727; x_wconf 74' lang='lat' dir='ltr'><strong>pecunia</strong></span> <span class='ocrx_word' id='word_1_135' title='bbox 1727 1655 1853 1710; x_wconf 86' lang='lat' dir='ltr'><strong>data</strong></span> <span class='ocrx_word' id='word_1_136' title='bbox 1884 1669 2024 1712; x_wconf 87' lang='lat' dir='ltr'><strong>con-</strong></span> 
     </span>
    </p>
   </div>
   <div class='ocr_carea' id='block_1_20' title="bbox 438 1741 2025 1821">
    <p class='ocr_par' dir='ltr' id='par_1_20' title="bbox 438 1741 2025 1821">
     <span class='ocr_line' id='line_1_20' title="bbox 438 1741 2025 1821; baseline 0.003 -24"><span class='ocrx_word' id='word_1_137' title='bbox 438 1741 646 1797; x_wconf 85' lang='lat' dir='ltr'><strong>solatus</strong></span> <span class='ocrx_word' id='word_1_138' title='bbox 665 1752 770 1799; x_wconf 87' lang='lat' dir='ltr'><strong>est.</strong></span> <span class='ocrx_word' id='word_1_139' title='bbox 797 1744 1134 1802; x_wconf 88' lang='lat' dir='ltr'><strong>Ceciderunt</strong></span> <span class='ocrx_word' id='word_1_140' title='bbox 1160 1748 1215 1803; x_wconf 91' lang='lat' dir='ltr'>in</span> <span class='ocrx_word' id='word_1_141' title='bbox 1251 1764 1316 1804; x_wconf 89' lang='lat' dir='ltr'>ea</span> <span class='ocrx_word' id='word_1_142' title='bbox 1347 1760 1526 1821; x_wconf 84' lang='lat' dir='ltr'><strong>pugna</strong></span> <span class='ocrx_word' id='word_1_143' title='bbox 1549 1760 1614 1804; x_wconf 81' lang='lat' dir='ltr'><strong>cx</strong></span> <span class='ocrx_word' id='word_1_144' title='bbox 1640 1749 1838 1805; x_wconf 90' lang='lat' dir='ltr'><strong>borum</strong></span> <span class='ocrx_word' id='word_1_145' title='bbox 1866 1756 2025 1804; x_wconf 83' lang='lat' dir='ltr'><strong>exer-</strong></span> 
     </span>
    </p>
   </div>
   <div class='ocr_carea' id='block_1_21' title="bbox 437 1832 2026 1906">
    <p class='ocr_par' dir='ltr' id='par_1_21' title="bbox 437 1832 2026 1906">
     <span class='ocr_line' id='line_1_21' title="bbox 437 1832 2026 1906; baseline 0.004 -18"><span class='ocrx_word' id='word_1_146' title='bbox 437 1832 553 1888; x_wconf 90' lang='lat' dir='ltr'><strong>citu</strong></span> <span class='ocrx_word' id='word_1_147' title='bbox 587 1836 813 1891; x_wconf 87' lang='lat' dir='ltr'><strong>circiter</strong></span> <span class='ocrx_word' id='word_1_148' title='bbox 840 1846 967 1893; x_wconf 93' lang='lat' dir='ltr'><strong>octo</strong></span> <span class='ocrx_word' id='word_1_149' title='bbox 994 1840 1188 1906; x_wconf 90' lang='lat' dir='ltr'><strong>millia,</strong></span> <span class='ocrx_word' id='word_1_150' title='bbox 1227 1856 1295 1896; x_wconf 80' lang='lat' dir='ltr'><strong>ex</strong></span> <span class='ocrx_word' id='word_1_151' title='bbox 1321 1842 1652 1897; x_wconf 81' lang='lat' dir='ltr'><strong>Antonianis</strong></span> <span class='ocrx_word' id='word_1_152' title='bbox 1680 1851 1737 1897; x_wconf 92' lang='lat' dir='ltr'>et</span> <span class='ocrx_word' id='word_1_153' title='bbox 1764 1839 2026 1897; x_wconf 70' lang='lat' dir='ltr'><strong>Caesarie-</strong></span> 
     </span>
    </p>
   </div>
   <div class='ocr_carea' id='block_1_22' title="bbox 436 1925 2025 2001">
    <p class='ocr_par' dir='ltr' id='par_1_22' title="bbox 436 1925 2025 2001">
     <span class='ocr_line' id='line_1_22' title="bbox 436 1925 2025 2001; baseline 0.006 -22"><span class='ocrx_word' id='word_1_154' title='bbox 436 1925 528 1982; x_wconf 85' lang='lat' dir='ltr'>nis</span> <span class='ocrx_word' id='word_1_155' title='bbox 579 1927 815 1998; x_wconf 87' lang='lat' dir='ltr'><strong>amplius</strong></span> <span class='ocrx_word' id='word_1_156' title='bbox 865 1944 1030 2000; x_wconf 89' lang='lat' dir='ltr'><strong>quam</strong></span> <span class='ocrx_word' id='word_1_157' title='bbox 1081 1930 1168 1987; x_wconf 89' lang='lat' dir='ltr'>bis</span> <span class='ocrx_word' id='word_1_158' title='bbox 1210 1933 1466 1989; x_wconf 87' lang='lat' dir='ltr'><strong>totidem.</strong></span> <span class='ocrx_word' id='word_1_159' title='bbox 1524 1933 1889 2001; x_wconf 85' lang='lat' dir='ltr'><strong>Quamobrem</strong></span> <span class='ocrx_word' id='word_1_160' title='bbox 1948 1934 2025 1988; x_wconf 90' lang='lat' dir='ltr'><strong>illi</strong></span> 
     </span>
    </p>
   </div>
   <div class='ocr_carea' id='block_1_23' title="bbox 440 2013 2027 2091">
    <p class='ocr_par' dir='ltr' id='par_1_23' title="bbox 440 2013 2027 2091">
     <span class='ocr_line' id='line_1_23' title="bbox 440 2013 2027 2091; baseline 0.005 -21"><span class='ocrx_word' id='word_1_161' title='bbox 440 2013 602 2084; x_wconf 78' lang='lat'>507</span> <span class='ocrx_word' id='word_1_162' title='bbox 659 2018 846 2072; x_wconf 86' lang='lat' dir='ltr'><strong>tristes</strong></span> <span class='ocrx_word' id='word_1_163' title='bbox 899 2018 1075 2084; x_wconf 81' lang='lat' dir='ltr'><strong>fuere,</strong></span> <span class='ocrx_word' id='word_1_164' title='bbox 1113 2021 1434 2091; x_wconf 85' lang='lat' dir='ltr'><strong>priusquam</strong></span> <span class='ocrx_word' id='word_1_165' title='bbox 1488 2022 1802 2081; x_wconf 86' lang='lat' dir='ltr'><strong>Demetrius</strong></span> <span class='ocrx_word' id='word_1_166' title='bbox 1854 2023 2027 2079; x_wconf 87' lang='lat' dir='ltr'><strong>Cassii</strong></span> 
     </span>
    </p>
   </div>
   <div class='ocr_carea' id='block_1_24' title="bbox 439 2106 2027 2182">
    <p class='ocr_par' dir='ltr' id='par_1_24' title="bbox 439 2106 2027 2182">
     <span class='ocr_line' id='line_1_24' title="bbox 439 2106 2027 2182; baseline 0.006 -22"><span class='ocrx_word' id='word_1_167' title='bbox 439 2106 697 2162; x_wconf 87' lang='lat' dir='ltr'><strong>minister</strong></span> <span class='ocrx_word' id='word_1_168' title='bbox 722 2108 1043 2181; x_wconf 83' lang='lat' dir='ltr'><strong>chlamydes</strong></span> <span class='ocrx_word' id='word_1_169' title='bbox 1095 2119 1152 2166; x_wconf 91' lang='lat' dir='ltr'>et</span> <span class='ocrx_word' id='word_1_170' title='bbox 1186 2128 1374 2168; x_wconf 90' lang='lat' dir='ltr'><strong>ensem</strong></span> <span class='ocrx_word' id='word_1_171' title='bbox 1406 2115 1554 2170; x_wconf 84' lang='lat' dir='ltr'><strong>illius</strong></span> <span class='ocrx_word' id='word_1_172' title='bbox 1581 2116 1785 2171; x_wconf 86' lang='lat' dir='ltr'><strong>attulit.</strong></span> <span class='ocrx_word' id='word_1_173' title='bbox 1813 2113 2027 2182; x_wconf 80' lang='lat' dir='ltr'><strong>Quibus</strong></span> 
     </span>
    </p>
   </div>
   <div class='ocr_carea' id='block_1_25' title="bbox 439 2197 2025 2270">
    <p class='ocr_par' dir='ltr' id='par_1_25' title="bbox 439 2197 2025 2270">
     <span class='ocr_line' id='line_1_25' title="bbox 439 2197 2025 2270; baseline 0.009 -23"><span class='ocrx_word' id='word_1_174' title='bbox 439 2197 684 2264; x_wconf 82' lang='lat' dir='ltr'><strong>acceptis</strong></span> <span class='ocrx_word' id='word_1_175' title='bbox 713 2197 787 2253; x_wconf 87' lang='lat' dir='ltr'>ita</span> <span class='ocrx_word' id='word_1_176' title='bbox 837 2213 1163 2270; x_wconf 87' lang='lat' dir='ltr'><strong>receperunt</strong></span> <span class='ocrx_word' id='word_1_177' title='bbox 1200 2204 1436 2270; x_wconf 88' lang='lat' dir='ltr'><strong>animos,</strong></span> <span class='ocrx_word' id='word_1_178' title='bbox 1478 2214 1540 2262; x_wconf 91' lang='lat' dir='ltr'>ut</span> <span class='ocrx_word' id='word_1_179' title='bbox 1560 2207 1865 2261; x_wconf 83' lang='lat' dir='ltr'><strong>exercitum</strong></span> <span class='ocrx_word' id='word_1_180' title='bbox 1899 2216 2025 2261; x_wconf 88' lang='lat' dir='ltr'><strong>ante</strong></span> 
     </span>
    </p>
   </div>
   <div class='ocr_carea' id='block_1_26' title="bbox 438 2284 2023 2367">
    <p class='ocr_par' dir='ltr' id='par_1_26' title="bbox 438 2284 2023 2367">
     <span class='ocr_line' id='line_1_26' title="bbox 438 2284 2023 2367; baseline 0.008 -29"><span class='ocrx_word' id='word_1_181' title='bbox 438 2284 750 2343; x_wconf 90' lang='lat' dir='ltr'><strong>diluculum</strong></span> <span class='ocrx_word' id='word_1_182' title='bbox 802 2305 1075 2349; x_wconf 79' lang='lat' dir='ltr'><strong>armatum</strong></span> <span class='ocrx_word' id='word_1_183' title='bbox 1132 2295 1201 2349; x_wconf 90' lang='lat' dir='ltr'>ad</span> <span class='ocrx_word' id='word_1_184' title='bbox 1253 2311 1490 2367; x_wconf 84' lang='lat' dir='ltr'><strong>pugnam</strong></span> <span class='ocrx_word' id='word_1_185' title='bbox 1535 2296 1860 2352; x_wconf 86' lang='lat' dir='ltr'><strong>educerent.</strong></span> <span class='ocrx_word' id='word_1_186' title='bbox 1918 2296 2023 2351; x_wconf 89' lang='lat' dir='ltr'><strong>Sed</strong></span> 
     </span>
    </p>
   </div>
   <div class='ocr_carea' id='block_1_27' title="bbox 436 2374 2021 2453">
    <p class='ocr_par' dir='ltr' id='par_1_27' title="bbox 436 2374 2021 2453">
     <span class='ocr_line' id='line_1_27' title="bbox 436 2374 2021 2453; baseline 0.01 -23"><span class='ocrx_word' id='word_1_187' title='bbox 436 2374 641 2434; x_wconf 88' lang='lat' dir='ltr'><strong>Brutus</strong></span> <span class='ocrx_word' id='word_1_188' title='bbox 667 2380 783 2437; x_wconf 90' lang='lat' dir='ltr'><strong>acie</strong></span> <span class='ocrx_word' id='word_1_189' title='bbox 809 2381 1111 2440; x_wconf 87' lang='lat' dir='ltr'><strong>decernere</strong></span> <span class='ocrx_word' id='word_1_190' title='bbox 1136 2387 1351 2453; x_wconf 90' lang='lat' dir='ltr'><strong>nolens,</strong></span> <span class='ocrx_word' id='word_1_191' title='bbox 1386 2388 1572 2444; x_wconf 88' lang='lat' dir='ltr'><strong>hostes</strong></span> <span class='ocrx_word' id='word_1_192' title='bbox 1603 2390 1826 2445; x_wconf 86' lang='lat' dir='ltr'><strong>turbare</strong></span> <span class='ocrx_word' id='word_1_193' title='bbox 1853 2401 2021 2446; x_wconf 87' lang='lat' dir='ltr'><strong>noctu</strong></span> 
     </span>
    </p>
   </div>
   <div class='ocr_carea' id='block_1_28' title="bbox 441 2467 2025 2552">
    <p class='ocr_par' dir='ltr' id='par_1_28' title="bbox 441 2467 2025 2552">
     <span class='ocr_line' id='line_1_28' title="bbox 441 2467 2025 2552; baseline 0.009 -31"><span class='ocrx_word' id='word_1_194' title='bbox 441 2467 705 2533; x_wconf 87' lang='lat' dir='ltr'><strong>instituit,</strong></span> <span class='ocrx_word' id='word_1_195' title='bbox 738 2481 793 2526; x_wconf 92' lang='lat' dir='ltr'>et</span> <span class='ocrx_word' id='word_1_196' title='bbox 825 2474 1122 2544; x_wconf 88' lang='lat' dir='ltr'><strong>aliquando</strong></span> <span class='ocrx_word' id='word_1_197' title='bbox 1174 2476 1344 2533; x_wconf 83' lang='lat' dir='ltr'><strong>ﬂuvio</strong></span> <span class='ocrx_word' id='word_1_198' title='bbox 1383 2494 1578 2535; x_wconf 82' lang='lat' dir='ltr'><strong>averso</strong></span> <span class='ocrx_word' id='word_1_199' title='bbox 1611 2497 1858 2552; x_wconf 81' lang='lat' dir='ltr'><strong>magnam</strong></span> <span class='ocrx_word' id='word_1_200' title='bbox 1895 2499 2025 2552; x_wconf 81' lang='lat' dir='ltr'><strong>par-</strong></span> 
     </span>
    </p>
   </div>
   <div class='ocr_carea' id='block_1_29' title="bbox 436 2563 2024 2641">
    <p class='ocr_par' dir='ltr' id='par_1_29' title="bbox 436 2563 2024 2641">
     <span class='ocr_line' id='line_1_29' title="bbox 436 2563 2024 2641; baseline 0.009 -27"><span class='ocrx_word' id='word_1_201' title='bbox 436 2569 545 2615; x_wconf 88' lang='lat' dir='ltr'>tem</span> <span class='ocrx_word' id='word_1_202' title='bbox 609 2563 737 2617; x_wconf 87' lang='lat' dir='ltr'><strong>valli</strong></span> <span class='ocrx_word' id='word_1_203' title='bbox 775 2579 968 2620; x_wconf 88' lang='lat' dir='ltr'><strong>eorum</strong></span> <span class='ocrx_word' id='word_1_204' title='bbox 1026 2568 1314 2625; x_wconf 89' lang='lat' dir='ltr'><strong>demersit.</strong></span> <span class='ocrx_word' id='word_1_205' title='bbox 1376 2570 1483 2625; x_wconf 87' lang='lat' dir='ltr'><strong>Sed</strong></span> <span class='ocrx_word' id='word_1_206' title='bbox 1540 2573 1669 2641; x_wconf 87' lang='lat' dir='ltr'><strong>quia</strong></span> <span class='ocrx_word' id='word_1_207' title='bbox 1725 2574 2024 2628; x_wconf 91' lang='lat' dir='ltr'><strong>nonnullos</strong></span> 
     </span>
    </p>
   </div>
   <div class='ocr_carea' id='block_1_30' title="bbox 443 2651 2024 2725">
    <p class='ocr_par' dir='ltr' id='par_1_30' title="bbox 443 2651 2024 2725">
     <span class='ocr_line' id='line_1_30' title="bbox 443 2651 2024 2725; baseline 0.008 -21"><span class='ocrx_word' id='word_1_208' title='bbox 443 2651 801 2722; x_wconf 77' lang='lat' dir='ltr'><strong>transfugisse</strong></span> <span class='ocrx_word' id='word_1_209' title='bbox 859 2666 1146 2725; x_wconf 81' lang='lat' dir='ltr'><strong>cognorat,</strong></span> <span class='ocrx_word' id='word_1_210' title='bbox 1182 2660 1391 2715; x_wconf 82' lang='lat' dir='ltr'><strong>veritus</strong></span> <span class='ocrx_word' id='word_1_211' title='bbox 1425 2676 1494 2716; x_wconf 90' lang='lat' dir='ltr'>ne</span> <span class='ocrx_word' id='word_1_212' title='bbox 1531 2660 1585 2714; x_wconf 91' lang='lat' dir='ltr'>id</span> <span class='ocrx_word' id='word_1_213' title='bbox 1618 2661 1822 2715; x_wconf 92' lang='lat' dir='ltr'><strong>malum</strong></span> <span class='ocrx_word' id='word_1_214' title='bbox 1858 2660 2024 2716; x_wconf 88' lang='lat' dir='ltr'><strong>latius</strong></span> 
     </span>
    </p>
   </div>
   <div class='ocr_carea' id='block_1_31' title="bbox 442 2748 2027 2819">
    <p class='ocr_par' dir='ltr' id='par_1_31' title="bbox 442 2748 2027 2819">
     <span class='ocr_line' id='line_1_31' title="bbox 442 2748 2027 2819; baseline 0.006 -24"><span class='ocrx_word' id='word_1_215' title='bbox 442 2750 715 2811; x_wconf 80' lang='lat' dir='ltr'><strong>serperet,</strong></span> <span class='ocrx_word' id='word_1_216' title='bbox 746 2759 988 2815; x_wconf 83' lang='lat' dir='ltr'><strong>pugnare</strong></span> <span class='ocrx_word' id='word_1_217' title='bbox 1027 2749 1238 2802; x_wconf 88' lang='lat' dir='ltr'><strong>statuit.</strong></span> <span class='ocrx_word' id='word_1_218' title='bbox 1292 2748 1358 2804; x_wconf 81' lang='lat' dir='ltr'><strong>Et</strong></span> <span class='ocrx_word' id='word_1_219' title='bbox 1384 2750 1514 2819; x_wconf 87' lang='lat' dir='ltr'><strong>quia</strong></span> <span class='ocrx_word' id='word_1_220' title='bbox 1546 2749 1750 2803; x_wconf 90' lang='lat' dir='ltr'><strong>multos</strong></span> <span class='ocrx_word' id='word_1_221' title='bbox 1780 2748 2027 2819; x_wconf 85' lang='lat' dir='ltr'><strong>captivos</strong></span> 
     </span>
    </p>
   </div>
   <div class='ocr_carea' id='block_1_32' title="bbox 440 2830 2026 2912">
    <p class='ocr_par' dir='ltr' id='par_1_32' title="bbox 440 2830 2026 2912">
     <span class='ocr_line' id='line_1_32' title="bbox 440 2830 2026 2912; baseline 0.006 -26"><span class='ocrx_word' id='word_1_222' title='bbox 440 2830 499 2886; x_wconf 92' lang='lat' dir='ltr'>in</span> <span class='ocrx_word' id='word_1_223' title='bbox 530 2834 725 2889; x_wconf 87' lang='lat' dir='ltr'><strong>castris</strong></span> <span class='ocrx_word' id='word_1_224' title='bbox 756 2835 1015 2905; x_wconf 89' lang='lat' dir='ltr'><strong>habebat,</strong></span> <span class='ocrx_word' id='word_1_225' title='bbox 1068 2855 1248 2910; x_wconf 88' lang='lat' dir='ltr'><strong>neque</strong></span> <span class='ocrx_word' id='word_1_226' title='bbox 1306 2841 1515 2897; x_wconf 82' lang='lat' dir='ltr'><strong>sciebat</strong></span> <span class='ocrx_word' id='word_1_227' title='bbox 1548 2856 1660 2912; x_wconf 93' lang='lat' dir='ltr'>quo</span> <span class='ocrx_word' id='word_1_228' title='bbox 1693 2851 1854 2912; x_wconf 89' lang='lat' dir='ltr'><strong>pacto</strong></span> <span class='ocrx_word' id='word_1_229' title='bbox 1899 2855 2026 2896; x_wconf 89' lang='lat' dir='ltr'>cum</span> 
     </span>
    </p>
   </div>
   <div class='ocr_carea' id='block_1_33' title="bbox 434 2923 2021 3002">
    <p class='ocr_par' dir='ltr' id='par_1_33' title="bbox 434 2923 2021 3002">
     <span class='ocr_line' id='line_1_33' title="bbox 434 2923 2021 3002; baseline 0.006 -25"><span class='ocrx_word' id='word_1_230' title='bbox 434 2923 521 2978; x_wconf 89' lang='lat' dir='ltr'>eis</span> <span class='ocrx_word' id='word_1_231' title='bbox 574 2940 770 2996; x_wconf 66' lang='lat' dir='ltr'><strong>pugnae</strong></span> <span class='ocrx_word' id='word_1_232' title='bbox 809 2938 1057 2999; x_wconf 87' lang='lat' dir='ltr'><strong>tempore</strong></span> <span class='ocrx_word' id='word_1_233' title='bbox 1096 2941 1325 3002; x_wconf 84' lang='lat' dir='ltr'><strong>ageret:</strong></span> <span class='ocrx_word' id='word_1_234' title='bbox 1384 2933 1639 2988; x_wconf 86' lang='lat' dir='ltr'><strong>servilem</strong></span> <span class='ocrx_word' id='word_1_235' title='bbox 1677 2932 1894 2989; x_wconf 91' lang='lat' dir='ltr'><strong>turbam</strong></span> <span class='ocrx_word' id='word_1_236' title='bbox 1926 2948 2021 2987; x_wconf 83' lang='lat' dir='ltr'><strong>oe-</strong></span> 
     </span>
    </p>
   </div>
   <div class='ocr_carea' id='block_1_34' title="bbox 436 3016 2022 3096">
    <p class='ocr_par' dir='ltr' id='par_1_34' title="bbox 436 3016 2022 3096">
     <span class='ocr_line' id='line_1_34' title="bbox 436 3016 2022 3096; baseline 0.007 -26"><span class='ocrx_word' id='word_1_237' title='bbox 436 3016 547 3071; x_wconf 89' lang='lat' dir='ltr'><strong>cidi</strong></span> <span class='ocrx_word' id='word_1_238' title='bbox 576 3018 761 3089; x_wconf 88' lang='lat' dir='ltr'><strong>jussit,</strong></span> <span class='ocrx_word' id='word_1_239' title='bbox 812 3037 878 3075; x_wconf 81' lang='lat' dir='ltr'><strong>ex</strong></span> <span class='ocrx_word' id='word_1_240' title='bbox 930 3023 1189 3094; x_wconf 89' lang='lat' dir='ltr'><strong>ingenuis</strong></span> <span class='ocrx_word' id='word_1_241' title='bbox 1222 3040 1357 3080; x_wconf 88' lang='lat' dir='ltr'><strong>vero</strong></span> <span class='ocrx_word' id='word_1_242' title='bbox 1389 3025 1528 3081; x_wconf 90' lang='lat' dir='ltr'><strong>alios</strong></span> <span class='ocrx_word' id='word_1_243' title='bbox 1567 3034 1760 3096; x_wconf 89' lang='lat' dir='ltr'><strong>aperte</strong></span> <span class='ocrx_word' id='word_1_244' title='bbox 1791 3025 2022 3092; x_wconf 75' lang='lat' dir='ltr'><strong>dimisit,</strong></span> 
     </span>
    </p>
   </div>
   <div class='ocr_carea' id='block_1_35' title="bbox 2133 831 3717 904">
    <p class='ocr_par' dir='ltr' id='par_1_35' title="bbox 2133 831 3717 904">
     <span class='ocr_line' id='line_1_35' title="bbox 2133 831 3717 904; baseline 0.001 -19"><span class='ocrx_word' id='word_1_245' title='bbox 2133 831 2232 902; x_wconf 79' lang='grc' dir='ltr'>μὲν</span> <span class='ocrx_word' id='word_1_246' title='bbox 2272 832 2507 902; x_wconf 81' lang='grc' dir='ltr'>Βροῦτος</span> <span class='ocrx_word' id='word_1_247' title='bbox 2532 834 2647 896; x_wconf 78' lang='grc' dir='ltr'>τοῖς</span> <span class='ocrx_word' id='word_1_248' title='bbox 2675 832 2809 904; x_wconf 81' lang='grc' dir='ltr'>περὶ</span> <span class='ocrx_word' id='word_1_249' title='bbox 2848 834 2942 887; x_wconf 78' lang='grc' dir='ltr'>τὸν</span> <span class='ocrx_word' id='word_1_250' title='bbox 2980 833 3240 902; x_wconf 83' lang='grc' dir='ltr'>Καίσαρα</span> <span class='ocrx_word' id='word_1_251' title='bbox 3266 832 3717 903; x_wconf 85' lang='grc' dir='ltr'>ἀντιμαχόμενον</span> 
     </span>
    </p>
   </div>
   <div class='ocr_carea' id='block_1_36' title="bbox 2127 922 3719 993">
    <p class='ocr_par' dir='ltr' id='par_1_36' title="bbox 2127 922 3719 993">
     <span class='ocr_line' id='line_1_36' title="bbox 2127 922 3719 993; baseline 0.003 -21"><span class='ocrx_word' id='word_1_252' title='bbox 2127 922 2372 992; x_wconf 71' lang='grc' dir='ltr'>ἐκράτει*</span> <span class='ocrx_word' id='word_1_253' title='bbox 2400 922 2645 986; x_wconf 83' lang='grc' dir='ltr'>Κάσσιος</span> <span class='ocrx_word' id='word_1_254' title='bbox 2672 922 2729 976; x_wconf 74' lang='grc' dir='ltr'>δέ</span> <span class='ocrx_word' id='word_1_255' title='bbox 2761 923 3223 992; x_wconf 79' lang='grc' dir='ltr'>ἀντιτεταγμένος</span> <span class='ocrx_word' id='word_1_256' title='bbox 3266 925 3380 987; x_wconf 86' lang='grc' dir='ltr'>τοῖς</span> <span class='ocrx_word' id='word_1_257' title='bbox 3431 922 3562 993; x_wconf 79' lang='grc' dir='ltr'>περὶ</span> <span class='ocrx_word' id='word_1_258' title='bbox 3616 922 3719 977; x_wconf 78' lang='grc' dir='ltr'>τὸν</span> 
     </span>
    </p>
   </div>
   <div class='ocr_carea' id='block_1_37' title="bbox 2141 1012 3719 1085">
    <p class='ocr_par' dir='ltr' id='par_1_37' title="bbox 2141 1012 3719 1085">
     <span class='ocr_line' id='line_1_37' title="bbox 2141 1012 3719 1085; baseline -0.001 -19"><span class='ocrx_word' id='word_1_259' title='bbox 2141 1012 2430 1075; x_wconf 66' lang='grc' dir='ltr'>’Λντώνιον</span> <span class='ocrx_word' id='word_1_260' title='bbox 2455 1013 2685 1083; x_wconf 79' lang='grc' dir='ltr'>ἦττητο,</span> <span class='ocrx_word' id='word_1_261' title='bbox 2737 1014 2932 1069; x_wconf 81' lang='grc' dir='ltr'>καὶτὰ</span> <span class='ocrx_word' id='word_1_262' title='bbox 2976 1015 3325 1085; x_wconf 85' lang='grc' dir='ltr'>στρατόπεδα</span> <span class='ocrx_word' id='word_1_263' title='bbox 3375 1014 3719 1083; x_wconf 80' lang='grc' dir='ltr'>ἀμφοτέρω-</span> 
     </span>
    </p>
   </div>
   <div class='ocr_carea' id='block_1_38' title="bbox 2128 1104 3721 1176">
    <p class='ocr_par' dir='ltr' id='par_1_38' title="bbox 2128 1104 3721 1176">
     <span class='ocr_line' id='line_1_38' title="bbox 2128 1104 3721 1176; baseline 0.001 -18"><span class='ocrx_word' id='word_1_264' title='bbox 2128 1104 2223 1158; x_wconf 82' lang='grc' dir='ltr'>θεν</span> <span class='ocrx_word' id='word_1_265' title='bbox 2267 1104 2433 1161; x_wconf 88' lang='grc' dir='ltr'>ἑάλω.</span> <span class='ocrx_word' id='word_1_266' title='bbox 2485 1106 2601 1159; x_wconf 82' lang='grc' dir='ltr'>οὐκ</span> <span class='ocrx_word' id='word_1_267' title='bbox 2636 1106 2811 1176; x_wconf 77' lang='grc' dir='ltr'>ἔγνων</span> <span class='ocrx_word' id='word_1_268' title='bbox 2867 1106 3055 1176; x_wconf 79' lang='grc' dir='ltr'>μέντοι</span> <span class='ocrx_word' id='word_1_269' title='bbox 3085 1104 3213 1160; x_wconf 78' lang='grc' dir='ltr'>οὔτε</span> <span class='ocrx_word' id='word_1_270' title='bbox 3258 1107 3359 1176; x_wconf 83' lang='grc' dir='ltr'>τὴν</span> <span class='ocrx_word' id='word_1_271' title='bbox 3389 1106 3550 1174; x_wconf 85' lang='grc' dir='ltr'>νίκην</span> <span class='ocrx_word' id='word_1_272' title='bbox 3597 1106 3721 1159; x_wconf 78' lang='grc' dir='ltr'>τῶν</span> 
     </span>
    </p>
   </div>
   <div class='ocr_carea' id='block_1_39' title="bbox 2127 1193 3720 1271">
    <p class='ocr_par' dir='ltr' id='par_1_39' title="bbox 2127 1193 3720 1271">
     <span class='ocr_line' id='line_1_39' title="bbox 2127 1193 3720 1271; baseline 0.001 -22"><span class='ocrx_word' id='word_1_273' title='bbox 2127 1196 2363 1268; x_wconf 79' lang='grc' dir='ltr'>ἑταίρων</span> <span class='ocrx_word' id='word_1_274' title='bbox 2386 1199 2437 1252; x_wconf 80' lang='lat' dir='ltr'>oi</span> <span class='ocrx_word' id='word_1_275' title='bbox 2476 1198 2793 1268; x_wconf 73' lang='grc' dir='ltr'>ἡττημένοι,</span> <span class='ocrx_word' id='word_1_276' title='bbox 2826 1197 2951 1252; x_wconf 76' lang='grc' dir='ltr'>οὔτε</span> <span class='ocrx_word' id='word_1_277' title='bbox 2977 1198 3082 1270; x_wconf 53' lang='grc' dir='ltr'>ἢν</span> <span class='ocrx_word' id='word_1_278' title='bbox 3115 1193 3291 1271; x_wconf 85' lang='grc' dir='ltr'>ἦτταν</span> <span class='ocrx_word' id='word_1_279' title='bbox 3338 1199 3389 1251; x_wconf 73' lang='grc' dir='ltr'>οἳ</span> <span class='ocrx_word' id='word_1_280' title='bbox 3419 1200 3720 1265; x_wconf 82' lang='grc' dir='ltr'>νενικηκὸ-</span> 
     </span>
    </p>
   </div>
   <div class='ocr_carea' id='block_1_40' title="bbox 2127 1290 3715 1363">
    <p class='ocr_par' dir='ltr' id='par_1_40' title="bbox 2127 1290 3715 1363">
     <span class='ocr_line' id='line_1_40' title="bbox 2127 1290 3715 1363; baseline -0.002 -19"><span class='ocrx_word' id='word_1_281' title='bbox 2127 1306 2240 1352; x_wconf 84' lang='grc' dir='ltr'>τες.</span> <span class='ocrx_word' id='word_1_282' title='bbox 2289 1290 2373 1344; x_wconf 89' lang='grc' dir='ltr'>Τά</span> <span class='ocrx_word' id='word_1_283' title='bbox 2418 1307 2479 1344; x_wconf 89' lang='grc' dir='ltr'>τε</span> <span class='ocrx_word' id='word_1_284' title='bbox 2503 1291 2613 1363; x_wconf 81' lang='grc' dir='ltr'>γὰρ</span> <span class='ocrx_word' id='word_1_285' title='bbox 2646 1290 2991 1363; x_wconf 82' lang='grc' dir='ltr'>στρατόπεδα</span> <span class='ocrx_word' id='word_1_286' title='bbox 3025 1291 3163 1346; x_wconf 74' lang='grc' dir='ltr'>πολὺ</span> <span class='ocrx_word' id='word_1_287' title='bbox 3198 1291 3715 1362; x_wconf 63' lang='grc' dir='ltr'>ἀφεστήκασι,“καὶ</span> 
     </span>
    </p>
   </div>
   <div class='ocr_carea' id='block_1_41' title="bbox 2128 1381 3718 1455">
    <p class='ocr_par' dir='ltr' id='par_1_41' title="bbox 2128 1381 3718 1455">
     <span class='ocr_line' id='line_1_41' title="bbox 2128 1381 3718 1455; baseline -0.001 -20"><span class='ocrx_word' id='word_1_288' title='bbox 2128 1381 2368 1436; x_wconf 77' lang='grc' dir='ltr'>ἀπλέτου</span> <span class='ocrx_word' id='word_1_289' title='bbox 2402 1382 2686 1452; x_wconf 71' lang='grc' dir='ltr'>κονιορτοῦ</span> <span class='ocrx_word' id='word_1_290' title='bbox 2744 1384 3070 1453; x_wconf 70' lang='grc' dir='ltr'>γενομένου,</span> <span class='ocrx_word' id='word_1_291' title='bbox 3121 1384 3404 1455; x_wconf 75' lang='grc' dir='ltr'>ἠγνόησαν</span> <span class='ocrx_word' id='word_1_292' title='bbox 3441 1383 3505 1436; x_wconf 82' lang='grc' dir='ltr'>τὸ</span> <span class='ocrx_word' id='word_1_293' title='bbox 3553 1382 3718 1443; x_wconf 75' lang='grc' dir='ltr'>τέλος</span> 
     </span>
    </p>
   </div>
   <div class='ocr_carea' id='block_1_42' title="bbox 2129 1466 3721 1542">
    <p class='ocr_par' dir='ltr' id='par_1_42' title="bbox 2129 1466 3721 1542">
     <span class='ocr_line' id='line_1_42' title="bbox 2129 1466 3721 1542; baseline 0.001 -18"><span class='ocrx_word' id='word_1_294' title='bbox 2129 1472 2227 1540; x_wconf 82' lang='grc' dir='ltr'>τῆς</span> <span class='ocrx_word' id='word_1_295' title='bbox 2276 1471 2479 1541; x_wconf 87' lang='grc' dir='ltr'>μάχης.</span> <span class='ocrx_word' id='word_1_296' title='bbox 2511 1472 2663 1535; x_wconf 84' lang='grc' dir='ltr'>Τέως</span> <span class='ocrx_word' id='word_1_297' title='bbox 2688 1471 2743 1526; x_wconf 83' lang='grc' dir='ltr'>δέ</span> <span class='ocrx_word' id='word_1_298' title='bbox 2771 1466 2832 1525; x_wconf 87' lang='grc' dir='ltr'>τό</span> <span class='ocrx_word' id='word_1_299' title='bbox 2863 1489 2924 1525; x_wconf 84' lang='grc' dir='ltr'>τε</span> <span class='ocrx_word' id='word_1_300' title='bbox 2970 1471 3067 1526; x_wconf 83' lang='grc' dir='ltr'>τοῦ</span> <span class='ocrx_word' id='word_1_301' title='bbox 3094 1472 3377 1542; x_wconf 85' lang='grc' dir='ltr'>Καίσαρος</span> <span class='ocrx_word' id='word_1_302' title='bbox 3409 1472 3721 1540; x_wconf 82' lang='grc' dir='ltr'>τάφρευμα</span> 
     </span>
    </p>
   </div>
   <div class='ocr_carea' id='block_1_43' title="bbox 2126 1561 3718 1634">
    <p class='ocr_par' dir='ltr' id='par_1_43' title="bbox 2126 1561 3718 1634">
     <span class='ocr_line' id='line_1_43' title="bbox 2126 1561 3718 1634; baseline -0.002 -19"><span class='ocrx_word' id='word_1_303' title='bbox 2126 1563 2226 1616; x_wconf 79' lang='grc' dir='ltr'>καὶ</span> <span class='ocrx_word' id='word_1_304' title='bbox 2257 1561 2319 1615; x_wconf 86' lang='grc' dir='ltr'>τδ</span> <span class='ocrx_word' id='word_1_305' title='bbox 2364 1562 2459 1616; x_wconf 84' lang='grc' dir='ltr'>τοῦ</span> <span class='ocrx_word' id='word_1_306' title='bbox 2492 1562 2785 1616; x_wconf 81' lang='grc' dir='ltr'>Ἀντωνίου</span> <span class='ocrx_word' id='word_1_307' title='bbox 2836 1562 3141 1634; x_wconf 86' lang='grc' dir='ltr'>ἐπορθήθη,</span> <span class='ocrx_word' id='word_1_308' title='bbox 3194 1564 3290 1615; x_wconf 76' lang='grc' dir='ltr'>καὶ</span> <span class='ocrx_word' id='word_1_309' title='bbox 3325 1562 3394 1616; x_wconf 75' lang='grc' dir='ltr'>τὰ</span> <span class='ocrx_word' id='word_1_310' title='bbox 3448 1564 3507 1615; x_wconf 78' lang='grc' dir='ltr'>ἐν</span> <span class='ocrx_word' id='word_1_311' title='bbox 3555 1562 3718 1630; x_wconf 78' lang='grc' dir='ltr'>αὐτῷ</span> 
     </span>
    </p>
   </div>
   <div class='ocr_carea' id='block_1_44' title="bbox 2127 1652 3715 1724">
    <p class='ocr_par' dir='ltr' id='par_1_44' title="bbox 2127 1652 3715 1724">
     <span class='ocr_line' id='line_1_44' title="bbox 2127 1652 3715 1724; baseline -0.001 -19"><span class='ocrx_word' id='word_1_312' title='bbox 2127 1655 2306 1708; x_wconf 75' lang='grc' dir='ltr'>πάντα</span> <span class='ocrx_word' id='word_1_313' title='bbox 2342 1654 2505 1721; x_wconf 86' lang='grc' dir='ltr'>ἑάλω,</span> <span class='ocrx_word' id='word_1_314' title='bbox 2539 1653 2671 1707; x_wconf 85' lang='grc' dir='ltr'>ὥστ’</span> <span class='ocrx_word' id='word_1_315' title='bbox 2716 1656 2767 1707; x_wconf 85' lang='lat' dir='ltr'>sl</span> <span class='ocrx_word' id='word_1_316' title='bbox 2834 1654 2909 1724; x_wconf 82' lang='grc' dir='ltr'>μὴ</span> <span class='ocrx_word' id='word_1_317' title='bbox 2946 1654 3090 1709; x_wconf 83' lang='grc' dir='ltr'>κατά</span> <span class='ocrx_word' id='word_1_318' title='bbox 3131 1653 3192 1706; x_wconf 87' lang='grc' dir='ltr'>τδ</span> <span class='ocrx_word' id='word_1_319' title='bbox 3224 1653 3357 1723; x_wconf 73' lang='grc' dir='ltr'>ὄναρ</span> <span class='ocrx_word' id='word_1_320' title='bbox 3379 1652 3475 1707; x_wconf 82' lang='grc' dir='ltr'>τοῦ</span> <span class='ocrx_word' id='word_1_321' title='bbox 3512 1652 3715 1722; x_wconf 78' lang='grc' dir='ltr'>ίατροῦ</span> 
     </span>
    </p>
   </div>
   <div class='ocr_carea' id='block_1_45' title="bbox 2129 1742 3717 1817">
    <p class='ocr_par' dir='ltr' id='par_1_45' title="bbox 2129 1742 3717 1817">
     <span class='ocr_line' id='line_1_45' title="bbox 2129 1742 3717 1817; baseline 0.001 -22"><span class='ocrx_word' id='word_1_322' title='bbox 2129 1742 2428 1812; x_wconf 79' lang='grc' dir='ltr'>ὑπεξῆλθεν</span> <span class='ocrx_word' id='word_1_323' title='bbox 2457 1747 2486 1798; x_wconf 97' lang='lat'>6</span> <span class='ocrx_word' id='word_1_324' title='bbox 2511 1746 2733 1816; x_wconf 81' lang='grc' dir='ltr'>Καῖσαρ</span> <span class='ocrx_word' id='word_1_325' title='bbox 2759 1744 2855 1798; x_wconf 81' lang='grc' dir='ltr'>τοῦ</span> <span class='ocrx_word' id='word_1_326' title='bbox 2892 1744 3315 1817; x_wconf 81' lang='grc' dir='ltr'>χαρακώματος,</span> <span class='ocrx_word' id='word_1_327' title='bbox 3344 1745 3404 1798; x_wconf 88' lang='grc' dir='ltr'>ἐν</span> <span class='ocrx_word' id='word_1_328' title='bbox 3434 1744 3585 1813; x_wconf 81' lang='grc' dir='ltr'>αὐτῷ</span> <span class='ocrx_word' id='word_1_329' title='bbox 3645 1744 3717 1797; x_wconf 79' lang='grc' dir='ltr'>ἂν</span> 
     </span>
    </p>
   </div>
   <div class='ocr_carea' id='block_1_46' title="bbox 2129 1833 3717 1904">
    <p class='ocr_par' dir='ltr' id='par_1_46' title="bbox 2129 1833 3717 1904">
     <span class='ocr_line' id='line_1_46' title="bbox 2129 1833 3717 1904; baseline 0 -18"><span class='ocrx_word' id='word_1_330' title='bbox 2129 1833 2447 1904; x_wconf 77' lang='grc' dir='ltr'>κατελήφθη</span> <span class='ocrx_word' id='word_1_331' title='bbox 2496 1835 2594 1888; x_wconf 76' lang='grc' dir='ltr'>καὶ</span> <span class='ocrx_word' id='word_1_332' title='bbox 2653 1833 3094 1888; x_wconf 81' lang='grc' dir='ltr'>κεκινδύνευκεν.</span> <span class='ocrx_word' id='word_1_333' title='bbox 3152 1834 3307 1888; x_wconf 82' lang='grc' dir='ltr'>’0δέ</span> <span class='ocrx_word' id='word_1_334' title='bbox 3341 1835 3584 1897; x_wconf 80' lang='grc' dir='ltr'>Κάσσιος</span> <span class='ocrx_word' id='word_1_335' title='bbox 3647 1835 3717 1886; x_wconf 89' lang='grc' dir='ltr'>ἐκ</span> 
     </span>
    </p>
   </div>
   <div class='ocr_carea' id='block_1_47' title="bbox 2132 1924 3716 1997">
    <p class='ocr_par' dir='ltr' id='par_1_47' title="bbox 2132 1924 3716 1997">
     <span class='ocr_line' id='line_1_47' title="bbox 2132 1924 3716 1997; baseline 0 -19"><span class='ocrx_word' id='word_1_336' title='bbox 2132 1924 2231 1994; x_wconf 73' lang='grc' dir='ltr'>μὲν</span> <span class='ocrx_word' id='word_1_337' title='bbox 2270 1925 2373 1994; x_wconf 85' lang='grc' dir='ltr'>τῆς</span> <span class='ocrx_word' id='word_1_338' title='bbox 2407 1925 2586 1995; x_wconf 77' lang='grc' dir='ltr'>μάχης</span> <span class='ocrx_word' id='word_1_339' title='bbox 2614 1926 2818 1990; x_wconf 86' lang='grc' dir='ltr'>ἐσώθη,</span> <span class='ocrx_word' id='word_1_340' title='bbox 2851 1924 2946 1979; x_wconf 80' lang='grc' dir='ltr'>τοῦ</span> <span class='ocrx_word' id='word_1_341' title='bbox 2975 1925 3030 1979; x_wconf 90' lang='grc' dir='ltr'>δέ</span> <span class='ocrx_word' id='word_1_342' title='bbox 3072 1924 3349 1997; x_wconf 88' lang='grc' dir='ltr'>ἐρύματος</span> <span class='ocrx_word' id='word_1_343' title='bbox 3385 1925 3481 1979; x_wconf 83' lang='grc' dir='ltr'>καὶ</span> <span class='ocrx_word' id='word_1_344' title='bbox 3540 1925 3716 1979; x_wconf 81' lang='grc' dir='ltr'>αὑτοῦ</span> 
     </span>
    </p>
   </div>
   <div class='ocr_carea' id='block_1_48' title="bbox 2132 2013 3717 2087">
    <p class='ocr_par' dir='ltr' id='par_1_48' title="bbox 2132 2013 3717 2087">
     <span class='ocr_line' id='line_1_48' title="bbox 2132 2013 3717 2087; baseline 0.001 -19"><span class='ocrx_word' id='word_1_345' title='bbox 2132 2014 2504 2086; x_wconf 74' lang='grc' dir='ltr'>πορθηθέντος</span> <span class='ocrx_word' id='word_1_346' title='bbox 2538 2017 2630 2068; x_wconf 80' lang='grc' dir='ltr'>ἐπὶ</span> <span class='ocrx_word' id='word_1_347' title='bbox 2658 2016 2822 2086; x_wconf 83' lang='grc' dir='ltr'>λόφον</span> <span class='ocrx_word' id='word_1_348' title='bbox 2853 2013 3209 2087; x_wconf 79' lang='grc' dir='ltr'>ἀνεχώρησεν</span> <span class='ocrx_word' id='word_1_349' title='bbox 3233 2015 3427 2086; x_wconf 76' lang='grc' dir='ltr'>ἔχοντα</span> <span class='ocrx_word' id='word_1_350' title='bbox 3457 2015 3593 2085; x_wconf 78' lang='grc' dir='ltr'>πρὸς</span> <span class='ocrx_word' id='word_1_351' title='bbox 3648 2017 3717 2069; x_wconf 82' lang='grc' dir='ltr'>τὺ</span> 
     </span>
    </p>
   </div>
   <div class='ocr_carea' id='block_1_49' title="bbox 2133 2105 3718 2179">
    <p class='ocr_par' dir='ltr' id='par_1_49' title="bbox 2133 2105 3718 2179">
     <span class='ocr_line' id='line_1_49' title="bbox 2133 2105 3718 2179; baseline 0.001 -19"><span class='ocrx_word' id='word_1_352' title='bbox 2133 2106 2318 2160; x_wconf 81' lang='grc' dir='ltr'>πεδίον</span> <span class='ocrx_word' id='word_1_353' title='bbox 2377 2108 2611 2171; x_wconf 87' lang='grc' dir='ltr'>σκοπάς.</span> <span class='ocrx_word' id='word_1_354' title='bbox 2662 2107 3057 2179; x_wconf 77' lang='grc' dir='ltr'>’Υποτοπήσας</span> <span class='ocrx_word' id='word_1_355' title='bbox 3093 2107 3152 2161; x_wconf 87' lang='grc' dir='ltr'>δέ</span> <span class='ocrx_word' id='word_1_356' title='bbox 3200 2109 3295 2161; x_wconf 75' lang='grc' dir='ltr'>καὶ</span> <span class='ocrx_word' id='word_1_357' title='bbox 3344 2105 3438 2160; x_wconf 79' lang='grc' dir='ltr'>τὸν</span> <span class='ocrx_word' id='word_1_358' title='bbox 3468 2106 3718 2177; x_wconf 81' lang='grc' dir='ltr'>Βροῦτον</span> 
     </span>
    </p>
   </div>
   <div class='ocr_carea' id='block_1_50' title="bbox 2127 2199 3714 2271">
    <p class='ocr_par' dir='ltr' id='par_1_50' title="bbox 2127 2199 3714 2271">
     <span class='ocr_line' id='line_1_50' title="bbox 2127 2199 3714 2271; baseline -0.001 -18"><span class='ocrx_word' id='word_1_359' title='bbox 2127 2199 2419 2267; x_wconf 83' lang='grc' dir='ltr'>ἐσφάλθαι,</span> <span class='ocrx_word' id='word_1_360' title='bbox 2453 2199 2703 2269; x_wconf 81' lang='grc' dir='ltr'>ἐπεμψεν</span> <span class='ocrx_word' id='word_1_361' title='bbox 2752 2200 3162 2271; x_wconf 77' lang='grc' dir='ltr'>ἑκατόνταρχον</span> <span class='ocrx_word' id='word_1_362' title='bbox 3216 2199 3714 2269; x_wconf 84' lang='grc' dir='ltr'>κατασκεψόμενον</span> 
     </span>
    </p>
   </div>
   <div class='ocr_carea' id='block_1_51' title="bbox 2128 2288 3716 2362">
    <p class='ocr_par' dir='ltr' id='par_1_51' title="bbox 2128 2288 3716 2362">
     <span class='ocr_line' id='line_1_51' title="bbox 2128 2288 3716 2362; baseline 0.001 -18"><span class='ocrx_word' id='word_1_363' title='bbox 2128 2291 2221 2344; x_wconf 77' lang='grc' dir='ltr'>καὶ</span> <span class='ocrx_word' id='word_1_364' title='bbox 2266 2290 2608 2359; x_wconf 78' lang='grc' dir='ltr'>ἀγγελοῦντα</span> <span class='ocrx_word' id='word_1_365' title='bbox 2643 2290 2795 2361; x_wconf 79' lang='grc' dir='ltr'>αὐτῷ</span> <span class='ocrx_word' id='word_1_366' title='bbox 2821 2292 2956 2346; x_wconf 82' lang='grc' dir='ltr'>ὅπου</span> <span class='ocrx_word' id='word_1_367' title='bbox 2989 2308 3047 2345; x_wconf 88' lang='grc' dir='ltr'>τε</span> <span class='ocrx_word' id='word_1_368' title='bbox 3094 2293 3125 2345; x_wconf 90' lang='lat'>6</span> <span class='ocrx_word' id='word_1_369' title='bbox 3148 2288 3387 2362; x_wconf 82' lang='grc' dir='ltr'>Βροῦτος</span> <span class='ocrx_word' id='word_1_370' title='bbox 3418 2291 3506 2361; x_wconf 76' lang='grc' dir='ltr'>εἴη</span> <span class='ocrx_word' id='word_1_371' title='bbox 3554 2292 3658 2345; x_wconf 75' lang='grc' dir='ltr'>καὶ</span> <span class='ocrx_word' id='word_1_372' title='bbox 3685 2293 3716 2345; x_wconf 83' lang='grc' dir='ltr'><strong>ὅ</strong></span> 
     </span>
    </p>
   </div>
   <div class='ocr_carea' id='block_1_52' title="bbox 2126 2380 3717 2453">
    <p class='ocr_par' dir='ltr' id='par_1_52' title="bbox 2126 2380 3717 2453">
     <span class='ocr_line' id='line_1_52' title="bbox 2126 2380 3717 2453; baseline -0.001 -19"><span class='ocrx_word' id='word_1_373' title='bbox 2126 2399 2181 2434; x_wconf 90' lang='grc' dir='ltr'>τι</span> <span class='ocrx_word' id='word_1_374' title='bbox 2214 2382 2469 2453; x_wconf 82' lang='grc' dir='ltr'>πράττοι.</span> <span class='ocrx_word' id='word_1_375' title='bbox 2514 2382 2669 2435; x_wconf 72' lang='lat' dir='ltr'><strong>&#39;Ene‘.</strong></span> <span class='ocrx_word' id='word_1_376' title='bbox 2716 2382 2772 2436; x_wconf 76' lang='grc' dir='ltr'>δὲ</span> <span class='ocrx_word' id='word_1_377' title='bbox 2803 2385 2831 2436; x_wconf 87' lang='grc' dir='ltr'><strong>ὁ</strong></span> <span class='ocrx_word' id='word_1_378' title='bbox 2862 2381 3081 2444; x_wconf 76' lang='grc' dir='ltr'>σταλεὶς</span> <span class='ocrx_word' id='word_1_379' title='bbox 3130 2382 3474 2452; x_wconf 84' lang='grc' dir='ltr'>συναντήσας</span> <span class='ocrx_word' id='word_1_380' title='bbox 3508 2380 3717 2435; x_wconf 76' lang='grc' dir='ltr'>ἱππεῦ-</span> 
     </span>
    </p>
   </div>
   <div class='ocr_carea' id='block_1_53' title="bbox 2129 2471 3716 2547">
    <p class='ocr_par' dir='ltr' id='par_1_53' title="bbox 2129 2471 3716 2547">
     <span class='ocr_line' id='line_1_53' title="bbox 2129 2471 3716 2547; baseline -0.001 -21"><span class='ocrx_word' id='word_1_381' title='bbox 2129 2491 2235 2537; x_wconf 89' lang='grc' dir='ltr'>σιν,</span> <span class='ocrx_word' id='word_1_382' title='bbox 2263 2473 2363 2535; x_wconf 80' lang='grc' dir='ltr'>οὓς</span> <span class='ocrx_word' id='word_1_383' title='bbox 2393 2473 2730 2527; x_wconf 78' lang='grc' dir='ltr'>ἀπεστάλκει</span> <span class='ocrx_word' id='word_1_384' title='bbox 2772 2476 2801 2526; x_wconf 81' lang='grc' dir='ltr'>ό</span> <span class='ocrx_word' id='word_1_385' title='bbox 2837 2472 3072 2547; x_wconf 79' lang='grc' dir='ltr'>Βροῦτος</span> <span class='ocrx_word' id='word_1_386' title='bbox 3112 2472 3531 2544; x_wconf 78' lang='grc' dir='ltr'>μαθησομένους</span> <span class='ocrx_word' id='word_1_387' title='bbox 3576 2471 3716 2543; x_wconf 73' lang='grc' dir='ltr'>περὶ</span> 
     </span>
    </p>
   </div>
   <div class='ocr_carea' id='block_1_54' title="bbox 2125 2562 3711 2635">
    <p class='ocr_par' dir='ltr' id='par_1_54' title="bbox 2125 2562 3711 2635">
     <span class='ocr_line' id='line_1_54' title="bbox 2125 2562 3711 2635; baseline -0.001 -16"><span class='ocrx_word' id='word_1_388' title='bbox 2125 2565 2234 2619; x_wconf 84' lang='grc' dir='ltr'>τῶν</span> <span class='ocrx_word' id='word_1_389' title='bbox 2264 2565 2407 2619; x_wconf 73' lang='grc' dir='ltr'>κατὰ</span> <span class='ocrx_word' id='word_1_390' title='bbox 2440 2566 2699 2629; x_wconf 78' lang='grc' dir='ltr'>Κάσσιον,</span> <span class='ocrx_word' id='word_1_391' title='bbox 2736 2566 2867 2635; x_wconf 77' lang='grc' dir='ltr'>παρ’</span> <span class='ocrx_word' id='word_1_392' title='bbox 2910 2565 3093 2618; x_wconf 80' lang='grc' dir='ltr'>αὐτῶν</span> <span class='ocrx_word' id='word_1_393' title='bbox 3135 2563 3426 2634; x_wconf 85' lang='grc' dir='ltr'>ἐκυκλώθη</span> <span class='ocrx_word' id='word_1_394' title='bbox 3456 2562 3711 2629; x_wconf 74' lang='grc' dir='ltr'>ἀσπαζοο</span> 
     </span>
    </p>
   </div>
   <div class='ocr_carea' id='block_1_55' title="bbox 2129 2654 3714 2726">
    <p class='ocr_par' dir='ltr' id='par_1_55' title="bbox 2129 2654 3714 2726">
     <span class='ocr_line' id='line_1_55' title="bbox 2129 2654 3714 2726; baseline -0.001 -16"><span class='ocrx_word' id='word_1_395' title='bbox 2129 2656 2310 2725; x_wconf 84' lang='grc' dir='ltr'>μένων</span> <span class='ocrx_word' id='word_1_396' title='bbox 2358 2657 2524 2710; x_wconf 68' lang='grc' dir='ltr'>αὐτὸν</span> <span class='ocrx_word' id='word_1_397' title='bbox 2573 2659 2666 2712; x_wconf 66' lang='grc' dir='ltr'>καὶ⁵</span> <span class='ocrx_word' id='word_1_398' title='bbox 2729 2657 3116 2726; x_wconf 81' lang='grc' dir='ltr'>δεξιουμένων,</span> <span class='ocrx_word' id='word_1_399' title='bbox 3183 2655 3365 2721; x_wconf 74' lang='grc' dir='ltr'>ἔδοξεν</span> <span class='ocrx_word' id='word_1_400' title='bbox 3405 2655 3435 2708; x_wconf 86' lang='grc' dir='ltr'>ὁ</span> <span class='ocrx_word' id='word_1_401' title='bbox 3466 2654 3714 2719; x_wconf 85' lang='grc' dir='ltr'>Κάσσιος</span> 
     </span>
    </p>
   </div>
   <div class='ocr_carea' id='block_1_56' title="bbox 2132 2744 3715 2821">
    <p class='ocr_par' dir='ltr' id='par_1_56' title="bbox 2132 2744 3715 2821">
     <span class='ocr_line' id='line_1_56' title="bbox 2132 2744 3715 2821; baseline 0.001 -20"><span class='ocrx_word' id='word_1_402' title='bbox 2132 2750 2433 2820; x_wconf 85' lang='grc' dir='ltr'>πολεμίους</span> <span class='ocrx_word' id='word_1_403' title='bbox 2484 2744 2627 2804; x_wconf 77' lang='grc' dir='ltr'>εἶναι</span> <span class='ocrx_word' id='word_1_404' title='bbox 2672 2749 2801 2814; x_wconf 76' lang='grc' dir='ltr'>τοὺς</span> <span class='ocrx_word' id='word_1_405' title='bbox 2850 2750 3201 2821; x_wconf 81' lang='grc' dir='ltr'>προσιόντας,</span> <span class='ocrx_word' id='word_1_406' title='bbox 3248 2749 3348 2803; x_wconf 71' lang='grc' dir='ltr'>καὶ</span> <span class='ocrx_word' id='word_1_407' title='bbox 3398 2749 3490 2802; x_wconf 78' lang='grc' dir='ltr'>ὑπ’</span> <span class='ocrx_word' id='word_1_408' title='bbox 3522 2747 3715 2802; x_wconf 82' lang='grc' dir='ltr'>αὐτῶν</span> 
     </span>
    </p>
   </div>
   <div class='ocr_carea' id='block_1_57' title="bbox 2127 2840 3715 2914">
    <p class='ocr_par' dir='ltr' id='par_1_57' title="bbox 2127 2840 3715 2914">
     <span class='ocr_line' id='line_1_57' title="bbox 2127 2840 3715 2914; baseline -0.001 -19"><span class='ocrx_word' id='word_1_409' title='bbox 2127 2842 2449 2913; x_wconf 78' lang='grc' dir='ltr'>ἐνσχεθῆναι</span> <span class='ocrx_word' id='word_1_410' title='bbox 2501 2844 2592 2896; x_wconf 83' lang='grc' dir='ltr'>τὸν</span> <span class='ocrx_word' id='word_1_411' title='bbox 2647 2843 3067 2914; x_wconf 85' lang='grc' dir='ltr'>ἑκατόνταρχον,</span> <span class='ocrx_word' id='word_1_412' title='bbox 3144 2842 3241 2896; x_wconf 85' lang='grc' dir='ltr'>καί</span> <span class='ocrx_word' id='word_1_413' title='bbox 3295 2858 3404 2896; x_wconf 88' lang='grc' dir='ltr'>τινι</span> <span class='ocrx_word' id='word_1_414' title='bbox 3449 2840 3715 2913; x_wconf 81' lang='grc' dir='ltr'>Πινδάρῳ</span> 
     </span>
    </p>
   </div>
   <div class='ocr_carea' id='block_1_58' title="bbox 2129 2932 3713 3007">
    <p class='ocr_par' dir='ltr' id='par_1_58' title="bbox 2129 2932 3713 3007">
     <span class='ocr_line' id='line_1_58' title="bbox 2129 2932 3713 3007; baseline -0.002 -18"><span class='ocrx_word' id='word_1_415' title='bbox 2129 2934 2468 3007; x_wconf 83' lang='grc' dir='ltr'>ἐξελευθέρῳ</span> <span class='ocrx_word' id='word_1_416' title='bbox 2493 2936 2586 2989; x_wconf 79' lang='grc' dir='ltr'>τὸν</span> <span class='ocrx_word' id='word_1_417' title='bbox 2610 2936 2806 2991; x_wconf 80' lang='grc' dir='ltr'>ἑαυτοῦ</span> <span class='ocrx_word' id='word_1_418' title='bbox 2837 2936 3000 3003; x_wconf 87' lang='grc' dir='ltr'>φόνον</span> <span class='ocrx_word' id='word_1_419' title='bbox 3033 2935 3366 3007; x_wconf 80' lang='grc' dir='ltr'>προσέταξε.</span> <span class='ocrx_word' id='word_1_420' title='bbox 3413 2934 3527 2989; x_wconf 61' lang='grc' dir='ltr'>Καὶ⁸</span> <span class='ocrx_word' id='word_1_421' title='bbox 3545 2934 3574 2987; x_wconf 85' lang='grc' dir='ltr'><strong>ὁ</strong></span> <span class='ocrx_word' id='word_1_422' title='bbox 3601 2932 3713 3004; x_wconf 65' lang='grc' dir='ltr'>μὲν</span> 
     </span>
    </p>
   </div>
   <div class='ocr_carea' id='block_1_59' title="bbox 2129 3024 3713 3098">
    <p class='ocr_par' dir='ltr' id='par_1_59' title="bbox 2129 3024 3713 3098">
     <span class='ocr_line' id='line_1_59' title="bbox 2129 3024 3713 3098; baseline -0.003 -17"><span class='ocrx_word' id='word_1_423' title='bbox 2129 3027 2376 3083; x_wconf 81' lang='grc' dir='ltr'>τοιοῦτον</span> <span class='ocrx_word' id='word_1_424' title='bbox 2429 3028 2556 3098; x_wconf 76' lang='grc' dir='ltr'>ἔσχε</span> <span class='ocrx_word' id='word_1_425' title='bbox 2611 3028 2792 3090; x_wconf 73' lang='grc' dir='ltr'>τέλοςο</span> <span class='ocrx_word' id='word_1_426' title='bbox 2832 3029 2927 3081; x_wconf 70' lang='grc' dir='ltr'>καὶ</span> <span class='ocrx_word' id='word_1_427' title='bbox 2956 3029 2985 3082; x_wconf 84' lang='grc' dir='ltr'>ό</span> <span class='ocrx_word' id='word_1_428' title='bbox 3020 3027 3430 3096; x_wconf 80' lang='grc' dir='ltr'>ἑκατόνταρχος</span> <span class='ocrx_word' id='word_1_429' title='bbox 3474 3024 3713 3079; x_wconf 80' lang='grc' dir='ltr'>ἐπανελ-</span> 
     </span>
    </p>
   </div>
   <div class='ocr_carea' id='block_1_60' title="bbox 437 3108 2022 3197">
    <p class='ocr_par' dir='ltr' id='par_1_60' title="bbox 437 3108 2021 3190">
     <span class='ocr_line' id='line_1_60' title="bbox 437 3108 2021 3190; baseline 0.008 -29"><span class='ocrx_word' id='word_1_430' title='bbox 437 3108 575 3162; x_wconf 89' lang='lat' dir='ltr'><strong>alios</strong></span> <span class='ocrx_word' id='word_1_431' title='bbox 633 3112 968 3169; x_wconf 90' lang='lat' dir='ltr'><strong>occultando</strong></span> <span class='ocrx_word' id='word_1_432' title='bbox 1017 3126 1074 3172; x_wconf 91' lang='lat' dir='ltr'>et</span> <span class='ocrx_word' id='word_1_433' title='bbox 1127 3117 1453 3173; x_wconf 89' lang='lat' dir='ltr'><strong>deducendo</strong></span> <span class='ocrx_word' id='word_1_434' title='bbox 1499 3118 1572 3174; x_wconf 91' lang='lat' dir='ltr'>ob</span> <span class='ocrx_word' id='word_1_435' title='bbox 1622 3119 2021 3190; x_wconf 82' lang='lat' dir='ltr'><strong>implacabilem</strong></span> 
     </span>
    </p>
   </div>
   <div class='ocr_carea' id='block_1_61' title="bbox 2128 3108 3711 3197">
    <p class='ocr_par' dir='ltr' id='par_1_61' title="bbox 2131 3114 3711 3190">
     <span class='ocr_line' id='line_1_61' title="bbox 2131 3114 3711 3190; baseline -0.004 -17"><span class='ocrx_word' id='word_1_436' title='bbox 2131 3119 2262 3184; x_wconf 86' lang='grc' dir='ltr'>θὼν,</span> <span class='ocrx_word' id='word_1_437' title='bbox 2297 3120 2390 3173; x_wconf 79' lang='grc' dir='ltr'>καὶ</span> <span class='ocrx_word' id='word_1_438' title='bbox 2423 3120 2589 3187; x_wconf 81' lang='grc' dir='ltr'>γνοὺς</span> <span class='ocrx_word' id='word_1_439' title='bbox 2619 3119 2680 3172; x_wconf 80' lang='grc' dir='ltr'>τὸ</span> <span class='ocrx_word' id='word_1_440' title='bbox 2707 3119 2914 3190; x_wconf 81' lang='grc' dir='ltr'>δρᾶμα,</span> <span class='ocrx_word' id='word_1_441' title='bbox 2948 3118 3183 3181; x_wconf 69' lang='grc' dir='ltr'>κακίσας</span> <span class='ocrx_word' id='word_1_442' title='bbox 3236 3135 3296 3171; x_wconf 81' lang='grc' dir='ltr'>τε</span> <span class='ocrx_word' id='word_1_443' title='bbox 3321 3117 3409 3171; x_wconf 80' lang='grc' dir='ltr'>διὰ</span> <span class='ocrx_word' id='word_1_444' title='bbox 3441 3118 3540 3188; x_wconf 82' lang='grc' dir='ltr'>τὴν</span> <span class='ocrx_word' id='word_1_445' title='bbox 3571 3114 3711 3187; x_wconf 66' lang='lat' dir='ltr'><strong>ppa-</strong></span> 
     </span>
    </p>
   </div>
   <div class='ocr_carea' id='block_1_62' title="bbox 433 3200 2019 3281">
    <p class='ocr_par' dir='ltr' id='par_1_62' title="bbox 433 3200 2019 3281">
     <span class='ocr_line' id='line_1_62' title="bbox 433 3200 2019 3281; baseline 0.007 -27"><span class='ocrx_word' id='word_1_446' title='bbox 433 3200 638 3256; x_wconf 88' lang='lat' dir='ltr'><strong>ducum</strong></span> <span class='ocrx_word' id='word_1_447' title='bbox 696 3204 1041 3262; x_wconf 87' lang='lat' dir='ltr'><strong>iracundiam</strong></span> <span class='ocrx_word' id='word_1_448' title='bbox 1086 3212 1456 3277; x_wconf 85' lang='lat' dir='ltr'><strong>conservavit,</strong></span> <span class='ocrx_word' id='word_1_449' title='bbox 1518 3211 1771 3281; x_wconf 89' lang='lat' dir='ltr'><strong>quamvis</strong></span> <span class='ocrx_word' id='word_1_450' title='bbox 1812 3210 2019 3279; x_wconf 82' lang='lat' dir='ltr'><strong>hostes,</strong></span> 
     </span>
    </p>
   </div>
   <div class='ocr_carea' id='block_1_63' title="bbox 437 3292 1733 3371">
    <p class='ocr_par' dir='ltr' id='par_1_63' title="bbox 437 3292 1733 3371">
     <span class='ocr_line' id='line_1_63' title="bbox 437 3292 1733 3371; baseline 0.009 -26"><span class='ocrx_word' id='word_1_451' title='bbox 437 3292 614 3362; x_wconf 82' lang='lat' dir='ltr'><strong>ipsius</strong></span> <span class='ocrx_word' id='word_1_452' title='bbox 643 3296 848 3353; x_wconf 90' lang='lat' dir='ltr'><strong>milites</strong></span> <span class='ocrx_word' id='word_1_453' title='bbox 875 3314 1015 3369; x_wconf 91' lang='lat' dir='ltr'><strong>quos</strong></span> <span class='ocrx_word' id='word_1_454' title='bbox 1064 3311 1345 3371; x_wconf 87' lang='lat' dir='ltr'><strong>ceperant,</strong></span> <span class='ocrx_word' id='word_1_455' title='bbox 1381 3304 1733 3359; x_wconf 78' lang='lat' dir='ltr'><strong>occidissent.</strong></span> 
     </span>
    </p>
   </div>
   <div class='ocr_carea' id='block_1_64' title="bbox 2127 3208 3714 3281">
    <p class='ocr_par' dir='ltr' id='par_1_64' title="bbox 2127 3208 3714 3281">
     <span class='ocr_line' id='line_1_64' title="bbox 2127 3208 3714 3281; baseline -0.003 -16"><span class='ocrx_word' id='word_1_456' title='bbox 2127 3211 2333 3281; x_wconf 85' lang='grc' dir='ltr'>δυτῆτα</span> <span class='ocrx_word' id='word_1_457' title='bbox 2369 3212 2560 3264; x_wconf 81' lang='grc' dir='ltr'>ἑαυτὸν</span> <span class='ocrx_word' id='word_1_458' title='bbox 2585 3211 3005 3281; x_wconf 87' lang='grc' dir='ltr'>ἐπαπέκτεινεν.</span> <span class='ocrx_word' id='word_1_459' title='bbox 3052 3209 3110 3265; x_wconf 86' lang='lat'><strong>&#39;0</strong></span> <span class='ocrx_word' id='word_1_460' title='bbox 3143 3210 3200 3263; x_wconf 87' lang='grc' dir='ltr'>δέ</span> <span class='ocrx_word' id='word_1_461' title='bbox 3230 3226 3295 3278; x_wconf 86' lang='grc' dir='ltr'>γε</span> <span class='ocrx_word' id='word_1_462' title='bbox 3327 3208 3560 3279; x_wconf 81' lang='grc' dir='ltr'>Βροῦτος</span> <span class='ocrx_word' id='word_1_463' title='bbox 3605 3209 3714 3276; x_wconf 84' lang='grc' dir='ltr'>τήν</span> 
     </span>
    </p>
   </div>
   <div class='ocr_carea' id='block_1_65' title="bbox 2128 3278 3714 3375">
    <p class='ocr_par' dir='ltr' id='par_1_65' title="bbox 2128 3278 3714 3375">
     <span class='ocr_line' id='line_1_65' title="bbox 2128 3278 3714 3375; baseline -0.005 -18"><span class='ocrx_word' id='word_1_464' title='bbox 2128 3320 2188 3357; x_wconf 87' lang='grc' dir='ltr'>τε</span> <span class='ocrx_word' id='word_1_465' title='bbox 2227 3278 2402 3375; x_wconf 60' lang='grc' dir='ltr'>ἧτταν</span> <span class='ocrx_word' id='word_1_466' title='bbox 2435 3301 2530 3354; x_wconf 75' lang='grc' dir='ltr'>τοῦ</span> <span class='ocrx_word' id='word_1_467' title='bbox 2565 3300 2809 3354; x_wconf 81' lang='grc' dir='ltr'>Κασσίου</span> <span class='ocrx_word' id='word_1_468' title='bbox 2845 3278 3035 3371; x_wconf 77' lang='grc' dir='ltr'>μαθὼν</span> <span class='ocrx_word' id='word_1_469' title='bbox 3066 3300 3159 3354; x_wconf 77' lang='grc' dir='ltr'>καὶ</span> <span class='ocrx_word' id='word_1_470' title='bbox 3181 3300 3275 3353; x_wconf 85' lang='grc' dir='ltr'>τδν</span> <span class='ocrx_word' id='word_1_471' title='bbox 3303 3278 3533 3355; x_wconf 82' lang='grc' dir='ltr'>θάνατον</span> <span class='ocrx_word' id='word_1_472' title='bbox 3581 3298 3714 3350; x_wconf 84' lang='grc' dir='ltr'>ἐπε-</span> 
     </span>
    </p>
   </div>
   <div class='ocr_carea' id='block_1_66' title="bbox 436 3384 3712 3465">
    <p class='ocr_par' dir='ltr' id='par_1_66' title="bbox 436 3384 3712 3465">
     <span class='ocr_line' id='line_1_66' title="bbox 436 3384 3712 3465; baseline 0.008 -27"><span class='ocrx_word' id='word_1_473' title='bbox 436 3384 699 3458; x_wconf 83' lang='grc' dir='ltr'>δάκρυσε,</span> <span class='ocrx_word' id='word_1_474' title='bbox 727 3389 855 3451; x_wconf 81' lang='grc' dir='ltr'>τοὺς</span> <span class='ocrx_word' id='word_1_475' title='bbox 898 3391 955 3444; x_wconf 86' lang='grc' dir='ltr'>δέ</span> <span class='ocrx_word' id='word_1_476' title='bbox 991 3393 1404 3462; x_wconf 84' lang='grc' dir='ltr'>περισωθέντας</span> <span class='ocrx_word' id='word_1_477' title='bbox 1441 3395 1550 3449; x_wconf 88' lang='grc' dir='ltr'>τῶν</span> <span class='ocrx_word' id='word_1_478' title='bbox 1599 3396 1812 3449; x_wconf 80' lang='grc' dir='ltr'>ἐκείνου</span> <span class='ocrx_word' id='word_1_479' title='bbox 1881 3394 2238 3465; x_wconf 80' lang='grc' dir='ltr'>στρατιωτῶν</span> <span class='ocrx_word' id='word_1_480' title='bbox 2283 3391 2614 3462; x_wconf 84' lang='grc' dir='ltr'>συναγαγὼν</span> <span class='ocrx_word' id='word_1_481' title='bbox 2690 3394 2785 3447; x_wconf 76' lang='grc' dir='ltr'>καὶ</span> <span class='ocrx_word' id='word_1_482' title='bbox 2845 3392 3030 3459; x_wconf 84' lang='grc' dir='ltr'>λόγοις</span> <span class='ocrx_word' id='word_1_483' title='bbox 3067 3394 3164 3446; x_wconf 69' lang='grc' dir='ltr'>καὶ</span> <span class='ocrx_word' id='word_1_484' title='bbox 3225 3391 3373 3445; x_wconf 75' lang='grc' dir='ltr'>δόσει</span> <span class='ocrx_word' id='word_1_485' title='bbox 3400 3391 3712 3463; x_wconf 77' lang='grc' dir='ltr'>Χρημάτων</span> 
     </span>
    </p>
   </div>
   <div class='ocr_carea' id='block_1_67' title="bbox 444 3480 3714 3560">
    <p class='ocr_par' dir='ltr' id='par_1_67' title="bbox 444 3480 3714 3560">
     <span class='ocr_line' id='line_1_67' title="bbox 444 3480 3714 3560; baseline 0.001 -27"><span class='ocrx_word' id='word_1_486' title='bbox 444 3480 907 3550; x_wconf 72' lang='grc' dir='ltr'>παρεμυθήσατο.</span> <span class='ocrx_word' id='word_1_487' title='bbox 980 3483 1218 3539; x_wconf 79' lang='grc' dir='ltr'>Ἔπεσον</span> <span class='ocrx_word' id='word_1_488' title='bbox 1269 3484 1316 3539; x_wconf 85' lang='grc' dir='ltr'>δ’</span> <span class='ocrx_word' id='word_1_489' title='bbox 1346 3487 1407 3539; x_wconf 88' lang='grc' dir='ltr'>ἐν</span> <span class='ocrx_word' id='word_1_490' title='bbox 1455 3488 1523 3557; x_wconf 82' lang='grc' dir='ltr'>τῇ</span> <span class='ocrx_word' id='word_1_491' title='bbox 1594 3487 1746 3560; x_wconf 81' lang='grc' dir='ltr'>μάχῃ</span> <span class='ocrx_word' id='word_1_492' title='bbox 1805 3487 2013 3540; x_wconf 87' lang='grc' dir='ltr'>τούτων</span> <span class='ocrx_word' id='word_1_493' title='bbox 2055 3486 2158 3556; x_wconf 77' lang='grc' dir='ltr'>μὲν</span> <span class='ocrx_word' id='word_1_494' title='bbox 2218 3485 2351 3557; x_wconf 71' lang='grc' dir='ltr'>περὶ</span> <span class='ocrx_word' id='word_1_495' title='bbox 2411 3484 2881 3554; x_wconf 84' lang='grc' dir='ltr'>ὀκτακισχιλίους,</span> <span class='ocrx_word' id='word_1_496' title='bbox 2914 3484 3026 3537; x_wconf 87' lang='grc' dir='ltr'>τῶν</span> <span class='ocrx_word' id='word_1_497' title='bbox 3059 3482 3116 3537; x_wconf 85' lang='grc' dir='ltr'>δέ</span> <span class='ocrx_word' id='word_1_498' title='bbox 3145 3483 3276 3553; x_wconf 76' lang='grc' dir='ltr'>περὶ</span> <span class='ocrx_word' id='word_1_499' title='bbox 3304 3483 3587 3553; x_wconf 68' lang='grc' dir='ltr'>ιΚαίσαρα</span> <span class='ocrx_word' id='word_1_500' title='bbox 3614 3485 3714 3537; x_wconf 81' lang='grc' dir='ltr'>καὶ</span> 
     </span>
    </p>
   </div>
   <div class='ocr_carea' id='block_1_68' title="bbox 452 3563 3713 3648">
    <p class='ocr_par' dir='ltr' id='par_1_68' title="bbox 452 3563 3713 3648">
     <span class='ocr_line' id='line_1_68' title="bbox 452 3563 3713 3648; baseline 0.001 -24"><span class='ocrx_word' id='word_1_501' title='bbox 452 3563 741 3624; x_wconf 70' lang='grc' dir='ltr'>Ἄντώνιον</span> <span class='ocrx_word' id='word_1_502' title='bbox 804 3573 1025 3639; x_wconf 81' lang='grc' dir='ltr'>πλείους</span> <span class='ocrx_word' id='word_1_503' title='bbox 1079 3574 1442 3648; x_wconf 80' lang='grc' dir='ltr'>ἥδιπλάσιοι.</span> <span class='ocrx_word' id='word_1_504' title='bbox 1479 3579 1571 3632; x_wconf 71' lang='grc' dir='ltr'>Διὸ</span> <span class='ocrx_word' id='word_1_505' title='bbox 1614 3580 1711 3632; x_wconf 72' lang='grc' dir='ltr'>καὶ</span> <span class='ocrx_word' id='word_1_506' title='bbox 1758 3579 2004 3648; x_wconf 70' lang='grc' dir='ltr'>ἠθύμουν</span> <span class='ocrx_word' id='word_1_507' title='bbox 2044 3580 2265 3643; x_wconf 81' lang='grc' dir='ltr'>ἐκεῖνοι,</span> <span class='ocrx_word' id='word_1_508' title='bbox 2296 3576 2465 3647; x_wconf 84' lang='grc' dir='ltr'>πρινὴ</span> <span class='ocrx_word' id='word_1_509' title='bbox 2542 3577 2857 3646; x_wconf 79' lang='grc' dir='ltr'>Δημήτριος</span> <span class='ocrx_word' id='word_1_510' title='bbox 2882 3591 2964 3637; x_wconf 89' lang='grc' dir='ltr'>τις</span> <span class='ocrx_word' id='word_1_511' title='bbox 2992 3575 3236 3628; x_wconf 73' lang='grc' dir='ltr'>Κασσίου</span> <span class='ocrx_word' id='word_1_512' title='bbox 3306 3574 3570 3646; x_wconf 83' lang='grc' dir='ltr'>Θεράπων</span> <span class='ocrx_word' id='word_1_513' title='bbox 3626 3576 3713 3629; x_wconf 80' lang='grc' dir='ltr'>ἐσο</span> 
     </span>
    </p>
   </div>
   <div class='ocr_carea' id='block_1_69' title="bbox 446 3660 3713 3740">
    <p class='ocr_par' dir='ltr' id='par_1_69' title="bbox 446 3660 3713 3740">
     <span class='ocr_line' id='line_1_69' title="bbox 446 3660 3713 3740; baseline 0.001 -25"><span class='ocrx_word' id='word_1_514' title='bbox 446 3663 624 3734; x_wconf 82' lang='grc' dir='ltr'>πέρας</span> <span class='ocrx_word' id='word_1_515' title='bbox 666 3665 900 3734; x_wconf 78' lang='grc' dir='ltr'>ἀφίκετο</span> <span class='ocrx_word' id='word_1_516' title='bbox 928 3667 1066 3737; x_wconf 76' lang='grc' dir='ltr'>πρὸς</span> <span class='ocrx_word' id='word_1_517' title='bbox 1109 3668 1420 3738; x_wconf 70' lang='grc' dir='ltr'>Ἄντώνιον,</span> <span class='ocrx_word' id='word_1_518' title='bbox 1450 3670 1554 3733; x_wconf 68' lang='grc' dir='ltr'>τὰς</span> <span class='ocrx_word' id='word_1_519' title='bbox 1593 3669 1876 3740; x_wconf 81' lang='grc' dir='ltr'>χλαμύδας</span> <span class='ocrx_word' id='word_1_520' title='bbox 1930 3672 2022 3723; x_wconf 68' lang='grc' dir='ltr'>καὶ</span> <span class='ocrx_word' id='word_1_521' title='bbox 2054 3670 2117 3722; x_wconf 73' lang='grc' dir='ltr'>τὸ</span> <span class='ocrx_word' id='word_1_522' title='bbox 2184 3669 2339 3738; x_wconf 80' lang='grc' dir='ltr'>ξίφος</span> <span class='ocrx_word' id='word_1_523' title='bbox 2383 3667 2597 3720; x_wconf 83' lang='grc' dir='ltr'>ἐκείνου</span> <span class='ocrx_word' id='word_1_524' title='bbox 2657 3667 2866 3736; x_wconf 80' lang='grc' dir='ltr'>φέρων.</span> <span class='ocrx_word' id='word_1_525' title='bbox 2922 3660 3023 3721; x_wconf 82' lang='grc' dir='ltr'>Ὧν</span> <span class='ocrx_word' id='word_1_526' title='bbox 3093 3664 3469 3732; x_wconf 80' lang='grc' dir='ltr'>κομισθέντων</span> <span class='ocrx_word' id='word_1_527' title='bbox 3534 3666 3713 3732; x_wconf 76' lang='grc' dir='ltr'>οὕτως</span> 
     </span>
    </p>
   </div>
   <div class='ocr_carea' id='block_1_70' title="bbox 437 3754 3711 3835">
    <p class='ocr_par' dir='ltr' id='par_1_70' title="bbox 437 3754 3711 3835">
     <span class='ocr_line' id='line_1_70' title="bbox 437 3754 3711 3835; baseline 0.002 -29"><span class='ocrx_word' id='word_1_528' title='bbox 437 3754 844 3827; x_wconf 85' lang='grc' dir='ltr'>ἀνεθάρσησαν,</span> <span class='ocrx_word' id='word_1_529' title='bbox 887 3758 1028 3812; x_wconf 83' lang='grc' dir='ltr'>ὥστε</span> <span class='ocrx_word' id='word_1_530' title='bbox 1063 3760 1158 3831; x_wconf 79' lang='grc' dir='ltr'>ἅμ’</span> <span class='ocrx_word' id='word_1_531' title='bbox 1192 3761 1378 3835; x_wconf 75' lang='grc' dir='ltr'>ἡμέρᾳ</span> <span class='ocrx_word' id='word_1_532' title='bbox 1427 3763 1694 3834; x_wconf 63' lang='grc' dir='ltr'>προάγειν</span> <span class='ocrx_word' id='word_1_533' title='bbox 1745 3762 2102 3835; x_wconf 78' lang='grc' dir='ltr'>ὡπλισμένην</span> <span class='ocrx_word' id='word_1_534' title='bbox 2169 3762 2263 3815; x_wconf 74' lang='grc' dir='ltr'>ἐπὶ</span> <span class='ocrx_word' id='word_1_535' title='bbox 2334 3761 2485 3833; x_wconf 81' lang='grc' dir='ltr'>μάχῃ</span> <span class='ocrx_word' id='word_1_536' title='bbox 2542 3760 2643 3831; x_wconf 79' lang='grc' dir='ltr'>τὴν</span> <span class='ocrx_word' id='word_1_537' title='bbox 2673 3760 2925 3830; x_wconf 87' lang='grc' dir='ltr'>δύναμιν.</span> <span class='ocrx_word' id='word_1_538' title='bbox 2957 3758 3197 3831; x_wconf 83' lang='grc' dir='ltr'>Βροῦτος</span> <span class='ocrx_word' id='word_1_539' title='bbox 3249 3759 3295 3813; x_wconf 81' lang='grc' dir='ltr'>δ’</span> <span class='ocrx_word' id='word_1_540' title='bbox 3345 3762 3410 3814; x_wconf 88' lang='grc' dir='ltr'>ἐκ</span> <span class='ocrx_word' id='word_1_541' title='bbox 3443 3760 3711 3831; x_wconf 84' lang='grc' dir='ltr'>παρατά-</span> 
     </span>
    </p>
   </div>
   <div class='ocr_carea' id='block_1_71' title="bbox 438 3840 3712 3926">
    <p class='ocr_par' dir='ltr' id='par_1_71' title="bbox 438 3840 3712 3926">
     <span class='ocr_line' id='line_1_71' title="bbox 438 3840 3712 3926; baseline 0.003 -28"><span class='ocrx_word' id='word_1_542' title='bbox 438 3843 576 3910; x_wconf 83' lang='grc' dir='ltr'>ξεως</span> <span class='ocrx_word' id='word_1_543' title='bbox 605 3846 954 3919; x_wconf 79' lang='grc' dir='ltr'>μαχέσασθαι</span> <span class='ocrx_word' id='word_1_544' title='bbox 1001 3851 1102 3906; x_wconf 83' lang='grc' dir='ltr'>οὐκ</span> <span class='ocrx_word' id='word_1_545' title='bbox 1157 3852 1434 3918; x_wconf 89' lang='grc' dir='ltr'>ἐϐούλετο,</span> <span class='ocrx_word' id='word_1_546' title='bbox 1486 3853 1740 3926; x_wconf 82' lang='grc' dir='ltr'>θορυϐεῖν</span> <span class='ocrx_word' id='word_1_547' title='bbox 1790 3853 1849 3907; x_wconf 88' lang='grc' dir='ltr'>δέ</span> <span class='ocrx_word' id='word_1_548' title='bbox 1908 3854 2003 3907; x_wconf 77' lang='grc' dir='ltr'>καὶ</span> <span class='ocrx_word' id='word_1_549' title='bbox 2075 3852 2367 3924; x_wconf 81' lang='grc' dir='ltr'>ταράττειν</span> <span class='ocrx_word' id='word_1_550' title='bbox 2421 3850 2639 3922; x_wconf 87' lang='grc' dir='ltr'>νύκτωρ</span> <span class='ocrx_word' id='word_1_551' title='bbox 2681 3852 2944 3923; x_wconf 77' lang='grc' dir='ltr'>ἐπειρᾶτο</span> <span class='ocrx_word' id='word_1_552' title='bbox 3026 3852 3155 3914; x_wconf 84' lang='grc' dir='ltr'>τοὺς</span> <span class='ocrx_word' id='word_1_553' title='bbox 3222 3850 3539 3921; x_wconf 89' lang='grc' dir='ltr'>πολεμίους.</span> <span class='ocrx_word' id='word_1_554' title='bbox 3597 3840 3712 3907; x_wconf 72' lang='grc' dir='ltr'>Καε</span> 
     </span>
    </p>
   </div>
   <div class='ocr_carea' id='block_1_72' title="bbox 435 3945 3710 4023">
    <p class='ocr_par' dir='ltr' id='par_1_72' title="bbox 435 3945 3710 4023">
     <span class='ocr_line' id='line_1_72' title="bbox 435 3945 3710 4023; baseline 0.001 -25"><span class='ocrx_word' id='word_1_555' title='bbox 435 3961 568 3999; x_wconf 78' lang='grc' dir='ltr'>ποτε</span> <span class='ocrx_word' id='word_1_556' title='bbox 614 3946 833 4001; x_wconf 75' lang='grc' dir='ltr'>καὶτὸν</span> <span class='ocrx_word' id='word_1_557' title='bbox 882 3948 1131 4020; x_wconf 79' lang='grc' dir='ltr'>ποταμὸν</span> <span class='ocrx_word' id='word_1_558' title='bbox 1170 3949 1537 4023; x_wconf 78' lang='grc' dir='ltr'>παρατρέψας</span> <span class='ocrx_word' id='word_1_559' title='bbox 1590 3949 1727 4003; x_wconf 77' lang='grc' dir='ltr'>πολὺ</span> <span class='ocrx_word' id='word_1_560' title='bbox 1770 3949 1865 4003; x_wconf 84' lang='grc' dir='ltr'>τοῦ</span> <span class='ocrx_word' id='word_1_561' title='bbox 1919 3948 2195 4021; x_wconf 89' lang='grc' dir='ltr'>ἐρύματος</span> <span class='ocrx_word' id='word_1_562' title='bbox 2264 3947 2449 4001; x_wconf 81' lang='grc' dir='ltr'>αὐτῶν</span> <span class='ocrx_word' id='word_1_563' title='bbox 2515 3947 2876 4001; x_wconf 87' lang='grc' dir='ltr'>κατέκλυσεν.</span> <span class='ocrx_word' id='word_1_564' title='bbox 2922 3947 3076 4000; x_wconf 76' lang='grc' dir='ltr'>Ἐπεὶ</span> <span class='ocrx_word' id='word_1_565' title='bbox 3119 3945 3167 3999; x_wconf 82' lang='grc' dir='ltr'>δ’</span> <span class='ocrx_word' id='word_1_566' title='bbox 3213 3945 3357 4014; x_wconf 83' lang='grc' dir='ltr'>ἐγνω</span> <span class='ocrx_word' id='word_1_567' title='bbox 3400 3948 3557 4010; x_wconf 84' lang='grc' dir='ltr'>τινὰς</span> <span class='ocrx_word' id='word_1_568' title='bbox 3612 3948 3710 4001; x_wconf 83' lang='grc' dir='ltr'>αὐ-</span> 
     </span>
    </p>
   </div>
   <div class='ocr_carea' id='block_1_73' title="bbox 437 4036 3711 4112">
    <p class='ocr_par' dir='ltr' id='par_1_73' title="bbox 437 4036 3711 4112">
     <span class='ocr_line' id='line_1_73' title="bbox 437 4036 3711 4112; baseline 0 -21"><span class='ocrx_word' id='word_1_569' title='bbox 437 4037 805 4108; x_wconf 83' lang='grc' dir='ltr'>τομολοῦντας</span> <span class='ocrx_word' id='word_1_570' title='bbox 828 4040 939 4094; x_wconf 85' lang='grc' dir='ltr'>τῶν</span> <span class='ocrx_word' id='word_1_571' title='bbox 963 4040 1132 4096; x_wconf 78' lang='grc' dir='ltr'>αὐτοῦ</span> <span class='ocrx_word' id='word_1_572' title='bbox 1178 4041 1315 4112; x_wconf 88' lang='grc' dir='ltr'>πρὸς</span> <span class='ocrx_word' id='word_1_573' title='bbox 1346 4041 1473 4104; x_wconf 76' lang='grc' dir='ltr'>τοὺς</span> <span class='ocrx_word' id='word_1_574' title='bbox 1503 4040 1807 4107; x_wconf 87' lang='grc' dir='ltr'>ἐναντίους,</span> <span class='ocrx_word' id='word_1_575' title='bbox 1875 4039 2059 4103; x_wconf 84' lang='grc' dir='ltr'>δείσας</span> <span class='ocrx_word' id='word_1_576' title='bbox 2099 4039 2174 4111; x_wconf 80' lang='grc' dir='ltr'>μὴ</span> <span class='ocrx_word' id='word_1_577' title='bbox 2239 4038 2333 4092; x_wconf 64' lang='grc' dir='ltr'>καὶ</span> <span class='ocrx_word' id='word_1_578' title='bbox 2360 4036 2522 4091; x_wconf 81' lang='grc' dir='ltr'>πλέον</span> <span class='ocrx_word' id='word_1_579' title='bbox 2575 4054 2629 4089; x_wconf 89' lang='grc' dir='ltr'>τι</span> <span class='ocrx_word' id='word_1_580' title='bbox 2671 4037 3039 4107; x_wconf 75' lang='grc' dir='ltr'>νεωτερισθῇ,</span> <span class='ocrx_word' id='word_1_581' title='bbox 3091 4036 3362 4107; x_wconf 80' lang='grc' dir='ltr'>συμμίξαι</span> <span class='ocrx_word' id='word_1_582' title='bbox 3399 4036 3541 4105; x_wconf 84' lang='grc' dir='ltr'>ἐγνω</span> <span class='ocrx_word' id='word_1_583' title='bbox 3604 4040 3711 4094; x_wconf 77' lang='grc' dir='ltr'>αύ-</span> 
     </span>
    </p>
   </div>
   <div class='ocr_carea' id='block_1_74' title="bbox 435 4127 3707 4204">
    <p class='ocr_par' dir='ltr' id='par_1_74' title="bbox 435 4127 3707 4204">
     <span class='ocr_line' id='line_1_74' title="bbox 435 4127 3707 4204; baseline -0 -19"><span class='ocrx_word' id='word_1_584' title='bbox 435 4133 573 4194; x_wconf 79' lang='grc' dir='ltr'>τοῖς.</span> <span class='ocrx_word' id='word_1_585' title='bbox 606 4131 828 4186; x_wconf 84' lang='grc' dir='ltr'>Πολλῶν</span> <span class='ocrx_word' id='word_1_586' title='bbox 857 4131 906 4185; x_wconf 85' lang='grc' dir='ltr'>δ’</span> <span class='ocrx_word' id='word_1_587' title='bbox 940 4132 1321 4204; x_wconf 85' lang='grc' dir='ltr'>αἰχμαλώτων</span> <span class='ocrx_word' id='word_1_588' title='bbox 1349 4132 1512 4201; x_wconf 86' lang='grc' dir='ltr'>ἐντῷ</span> <span class='ocrx_word' id='word_1_589' title='bbox 1569 4133 1926 4203; x_wconf 86' lang='grc' dir='ltr'>στρατοπεδῳ</span> <span class='ocrx_word' id='word_1_590' title='bbox 1989 4130 2158 4185; x_wconf 80' lang='grc' dir='ltr'>αὐτοῦ</span> <span class='ocrx_word' id='word_1_591' title='bbox 2215 4130 2407 4193; x_wconf 76' lang='grc' dir='ltr'>ὄντων,</span> <span class='ocrx_word' id='word_1_592' title='bbox 2476 4127 2552 4201; x_wconf 83' lang='grc' dir='ltr'>μὴ</span> <span class='ocrx_word' id='word_1_593' title='bbox 2596 4128 2735 4199; x_wconf 76' lang='grc' dir='ltr'>ἔχων</span> <span class='ocrx_word' id='word_1_594' title='bbox 2786 4130 2936 4189; x_wconf 83' lang='grc' dir='ltr'>ὅπως</span> <span class='ocrx_word' id='word_1_595' title='bbox 2970 4127 3171 4191; x_wconf 81' lang='grc' dir='ltr'>αὐτοὺς</span> <span class='ocrx_word' id='word_1_596' title='bbox 3247 4128 3505 4201; x_wconf 82' lang='grc' dir='ltr'>διάθηται</span> <span class='ocrx_word' id='word_1_597' title='bbox 3556 4132 3707 4185; x_wconf 84' lang='grc' dir='ltr'>κατὰ</span> 
     </span>
    </p>
   </div>
   <div class='ocr_carea' id='block_1_75' title="bbox 436 4220 3710 4297">
    <p class='ocr_par' dir='ltr' id='par_1_75' title="bbox 436 4220 3710 4297">
     <span class='ocr_line' id='line_1_75' title="bbox 436 4220 3710 4297; baseline 0 -20"><span class='ocrx_word' id='word_1_598' title='bbox 436 4225 529 4277; x_wconf 77' lang='grc' dir='ltr'>τὸν</span> <span class='ocrx_word' id='word_1_599' title='bbox 581 4225 682 4297; x_wconf 82' lang='grc' dir='ltr'>τῆς</span> <span class='ocrx_word' id='word_1_600' title='bbox 728 4224 909 4295; x_wconf 84' lang='grc' dir='ltr'>μάχης</span> <span class='ocrx_word' id='word_1_601' title='bbox 963 4224 1180 4296; x_wconf 75' lang='grc' dir='ltr'>καιρὸν,</span> <span class='ocrx_word' id='word_1_602' title='bbox 1235 4225 1298 4277; x_wconf 85' lang='grc' dir='ltr'>τὸ</span> <span class='ocrx_word' id='word_1_603' title='bbox 1344 4224 1446 4295; x_wconf 89' lang='grc' dir='ltr'>μέν</span> <span class='ocrx_word' id='word_1_604' title='bbox 1490 4224 1745 4279; x_wconf 75' lang='grc' dir='ltr'>δουλικὸν</span> <span class='ocrx_word' id='word_1_605' title='bbox 1802 4224 2011 4294; x_wconf 82' lang='grc' dir='ltr'>πλῆθος</span> <span class='ocrx_word' id='word_1_606' title='bbox 2050 4221 2408 4294; x_wconf 84' lang='grc' dir='ltr'>ἀναιρεθῆναι</span> <span class='ocrx_word' id='word_1_607' title='bbox 2446 4220 2765 4286; x_wconf 80' lang='grc' dir='ltr'>κεκέλευκε,</span> <span class='ocrx_word' id='word_1_608' title='bbox 2833 4221 2945 4276; x_wconf 85' lang='grc' dir='ltr'>τῶν</span> <span class='ocrx_word' id='word_1_609' title='bbox 2977 4221 3024 4275; x_wconf 85' lang='grc' dir='ltr'>δ’</span> <span class='ocrx_word' id='word_1_610' title='bbox 3088 4220 3394 4292; x_wconf 87' lang='grc' dir='ltr'>ἐλευθέρων</span> <span class='ocrx_word' id='word_1_611' title='bbox 3420 4224 3550 4286; x_wconf 78' lang='grc' dir='ltr'>τοὺς</span> <span class='ocrx_word' id='word_1_612' title='bbox 3606 4224 3710 4294; x_wconf 75' lang='grc' dir='ltr'>μὲν</span> 
     </span>
    </p>
   </div>
   <div class='ocr_carea' id='block_1_76' title="bbox 438 4312 3712 4387">
    <p class='ocr_par' dir='ltr' id='par_1_76' title="bbox 438 4312 3712 4387">
     <span class='ocr_line' id='line_1_76' title="bbox 438 4312 3712 4387; baseline 0 -19"><span class='ocrx_word' id='word_1_613' title='bbox 438 4319 692 4386; x_wconf 72' lang='grc' dir='ltr'>φανερῶς</span> <span class='ocrx_word' id='word_1_614' title='bbox 727 4317 991 4382; x_wconf 87' lang='grc' dir='ltr'>ἀπέλυσε,</span> <span class='ocrx_word' id='word_1_615' title='bbox 1052 4318 1180 4378; x_wconf 76' lang='grc' dir='ltr'>τοὺς</span> <span class='ocrx_word' id='word_1_616' title='bbox 1242 4315 1299 4368; x_wconf 75' lang='grc' dir='ltr'>δὲ</span> <span class='ocrx_word' id='word_1_617' title='bbox 1369 4314 1632 4386; x_wconf 87' lang='grc' dir='ltr'>κρύπτων</span> <span class='ocrx_word' id='word_1_618' title='bbox 1698 4318 1796 4371; x_wconf 79' lang='grc' dir='ltr'>καὶ</span> <span class='ocrx_word' id='word_1_619' title='bbox 1855 4316 2254 4387; x_wconf 86' lang='grc' dir='ltr'>συνεκπέμπων</span> <span class='ocrx_word' id='word_1_620' title='bbox 2309 4315 2535 4381; x_wconf 77' lang='grc' dir='ltr'>ἔσωζεν,</span> <span class='ocrx_word' id='word_1_621' title='bbox 2591 4313 2739 4384; x_wconf 84' lang='grc' dir='ltr'>ὁρῶν</span> <span class='ocrx_word' id='word_1_622' title='bbox 2793 4313 2921 4376; x_wconf 78' lang='grc' dir='ltr'>τοὺς</span> <span class='ocrx_word' id='word_1_623' title='bbox 2992 4312 3266 4382; x_wconf 79' lang='grc' dir='ltr'>ἡγεμόνας</span> <span class='ocrx_word' id='word_1_624' title='bbox 3329 4314 3712 4379; x_wconf 83' lang='grc' dir='ltr'>ἀδιαλλάκτως</span> 
     </span>
    </p>
   </div>
   <div class='ocr_carea' id='block_1_77' title="bbox 434 4405 3242 4481">
    <p class='ocr_par' dir='ltr' id='par_1_77' title="bbox 434 4405 3242 4481">
     <span class='ocr_line' id='line_1_77' title="bbox 434 4405 3242 4481; baseline -0.001 -20"><span class='ocrx_word' id='word_1_625' title='bbox 434 4409 682 4480; x_wconf 76' lang='grc' dir='ltr'>ἔχοντας,</span> <span class='ocrx_word' id='word_1_626' title='bbox 748 4407 930 4460; x_wconf 81' lang='grc' dir='ltr'>καίτοι</span> <span class='ocrx_word' id='word_1_627' title='bbox 984 4406 1093 4460; x_wconf 84' lang='grc' dir='ltr'>τῶν</span> <span class='ocrx_word' id='word_1_628' title='bbox 1151 4410 1413 4465; x_wconf 78' lang='grc' dir='ltr'>ἐναντίων</span> <span class='ocrx_word' id='word_1_629' title='bbox 1464 4411 1591 4474; x_wconf 78' lang='grc' dir='ltr'>τοὺς</span> <span class='ocrx_word' id='word_1_630' title='bbox 1624 4409 2015 4481; x_wconf 82' lang='grc' dir='ltr'>ζωγρηθέντας</span> <span class='ocrx_word' id='word_1_631' title='bbox 2051 4408 2161 4460; x_wconf 80' lang='grc' dir='ltr'>τῶν</span> <span class='ocrx_word' id='word_1_632' title='bbox 2194 4407 2362 4461; x_wconf 79' lang='grc' dir='ltr'>αὐτοῦ</span> <span class='ocrx_word' id='word_1_633' title='bbox 2395 4406 2748 4477; x_wconf 83' lang='grc' dir='ltr'>στρατιωτῶν</span> <span class='ocrx_word' id='word_1_634' title='bbox 2775 4405 3242 4460; x_wconf 85' lang='grc' dir='ltr'>ἀποκτεινάντων.</span> 
     </span>
    </p>
   </div>
   <div class='ocr_carea' id='block_1_78' title="bbox 502 4491 2022 4572">
    <p class='ocr_par' dir='ltr' id='par_1_78' title="bbox 502 4491 2017 4572">
     <span class='ocr_line' id='line_1_78' title="bbox 502 4491 2017 4572; baseline 0.003 -21"><span class='ocrx_word' id='word_1_635' title='bbox 502 4491 619 4552; x_wconf 77' lang='lat' dir='ltr'>XX.</span> <span class='ocrx_word' id='word_1_636' title='bbox 660 4497 844 4553; x_wconf 78' lang='lat' dir='ltr'><strong>Pridie</strong></span> <span class='ocrx_word' id='word_1_637' title='bbox 881 4498 1003 4569; x_wconf 87' lang='lat' dir='ltr'><strong>ejus</strong></span> <span class='ocrx_word' id='word_1_638' title='bbox 1032 4497 1144 4554; x_wconf 87' lang='lat' dir='ltr'><strong>diei</strong></span> <span class='ocrx_word' id='word_1_639' title='bbox 1175 4515 1286 4570; x_wconf 92' lang='lat' dir='ltr'>quo</span> <span class='ocrx_word' id='word_1_640' title='bbox 1333 4512 1633 4572; x_wconf 87' lang='lat' dir='ltr'><strong>pugnatum</strong></span> <span class='ocrx_word' id='word_1_641' title='bbox 1681 4509 1813 4565; x_wconf 90' lang='lat' dir='ltr'><strong>est,</strong></span> <span class='ocrx_word' id='word_1_642' title='bbox 1858 4515 2017 4570; x_wconf 87' lang='lat' dir='ltr'><strong>spec-</strong></span> 
     </span>
    </p>
   </div>
   <div class='ocr_carea' id='block_1_79' title="bbox 2128 4491 3710 4572">
    <p class='ocr_par' dir='ltr' id='par_1_79' title="bbox 2194 4496 3710 4569">
     <span class='ocr_line' id='line_1_79' title="bbox 2194 4496 3710 4569; baseline -0.003 -17"><span class='ocrx_word' id='word_1_643' title='bbox 2194 4500 2278 4552; x_wconf 82' lang='lat' dir='ltr'>K&#39;.</span> <span class='ocrx_word' id='word_1_644' title='bbox 2306 4496 2467 4552; x_wconf 81' lang='grc' dir='ltr'>Κατά</span> <span class='ocrx_word' id='word_1_645' title='bbox 2489 4497 2547 4552; x_wconf 82' lang='grc' dir='ltr'>δὲ</span> <span class='ocrx_word' id='word_1_646' title='bbox 2570 4498 2671 4569; x_wconf 79' lang='grc' dir='ltr'>τὴν</span> <span class='ocrx_word' id='word_1_647' title='bbox 2694 4498 2959 4566; x_wconf 81' lang='grc' dir='ltr'>ἑσπέραν,</span> <span class='ocrx_word' id='word_1_648' title='bbox 3000 4497 3090 4550; x_wconf 83' lang='grc' dir='ltr'>ὅτε</span> <span class='ocrx_word' id='word_1_649' title='bbox 3117 4499 3183 4568; x_wconf 79' lang='grc' dir='ltr'>τῇ</span> <span class='ocrx_word' id='word_1_650' title='bbox 3215 4497 3445 4569; x_wconf 81' lang='grc' dir='ltr'>ἐπιούσῃ</span> <span class='ocrx_word' id='word_1_651' title='bbox 3477 4497 3710 4567; x_wconf 78' lang='grc' dir='ltr'>ἔμελλον</span> 
     </span>
    </p>
   </div>
   <div class='ocr_carea' id='block_1_80' title="bbox 430 4578 2022 4664">
    <p class='ocr_par' dir='ltr' id='par_1_80' title="bbox 430 4590 2013 4664">
     <span class='ocr_line' id='line_1_80' title="bbox 430 4590 2013 4664; baseline 0.004 -22"><span class='ocrx_word' id='word_1_652' title='bbox 430 4596 577 4642; x_wconf 87' lang='lat' dir='ltr'><strong>trum</strong></span> <span class='ocrx_word' id='word_1_653' title='bbox 645 4590 776 4644; x_wconf 88' lang='lat' dir='ltr'><strong>illud</strong></span> <span class='ocrx_word' id='word_1_654' title='bbox 828 4590 998 4646; x_wconf 87' lang='lat' dir='ltr'><strong>Bruto</strong></span> <span class='ocrx_word' id='word_1_655' title='bbox 1044 4592 1261 4663; x_wconf 86' lang='lat' dir='ltr'><strong>vesperi</strong></span> <span class='ocrx_word' id='word_1_656' title='bbox 1311 4593 1602 4664; x_wconf 87' lang='lat' dir='ltr'><strong>apparuit,</strong></span> <span class='ocrx_word' id='word_1_657' title='bbox 1661 4592 1810 4663; x_wconf 92' lang='lat' dir='ltr'><strong>quod</strong></span> <span class='ocrx_word' id='word_1_658' title='bbox 1857 4591 2013 4663; x_wconf 86' lang='lat' dir='ltr'><strong>prius</strong></span> 
     </span>
    </p>
   </div>
   <div class='ocr_carea' id='block_1_81' title="bbox 2128 4578 3711 4664">
    <p class='ocr_par' dir='ltr' id='par_1_81' title="bbox 2128 4588 3711 4663">
     <span class='ocr_line' id='line_1_81' title="bbox 2128 4588 3711 4663; baseline -0.001 -17"><span class='ocrx_word' id='word_1_659' title='bbox 2128 4591 2486 4663; x_wconf 77' lang='grc' dir='ltr'>μαχέσασθαι,</span> <span class='ocrx_word' id='word_1_660' title='bbox 2510 4592 2572 4645; x_wconf 84' lang='grc' dir='ltr'>τὸ</span> <span class='ocrx_word' id='word_1_661' title='bbox 2593 4592 2783 4662; x_wconf 86' lang='grc' dir='ltr'>φάσμα</span> <span class='ocrx_word' id='word_1_662' title='bbox 2808 4590 2981 4660; x_wconf 85' lang='grc' dir='ltr'>ἐφάνη</span> <span class='ocrx_word' id='word_1_663' title='bbox 3008 4588 3084 4659; x_wconf 83' lang='grc' dir='ltr'>τῷ</span> <span class='ocrx_word' id='word_1_664' title='bbox 3117 4588 3361 4662; x_wconf 85' lang='grc' dir='ltr'>Βρούτῳ,</span> <span class='ocrx_word' id='word_1_665' title='bbox 3389 4590 3417 4643; x_wconf 84' lang='grc' dir='ltr'><strong>ὃ</strong></span> <span class='ocrx_word' id='word_1_666' title='bbox 3440 4591 3534 4644; x_wconf 70' lang='grc' dir='ltr'>καὶ</span> <span class='ocrx_word' id='word_1_667' title='bbox 3555 4595 3711 4663; x_wconf 86' lang='grc' dir='ltr'>πρώ-</span> 
     </span>
    </p>
   </div>
   <div class='ocr_carea' id='block_1_82' title="bbox 431 4670 2022 4755">
    <p class='ocr_par' dir='ltr' id='par_1_82' title="bbox 431 4670 2016 4750">
     <span class='ocr_line' id='line_1_82' title="bbox 431 4670 2016 4750; baseline 0.002 -18"><span class='ocrx_word' id='word_1_668' title='bbox 431 4679 623 4743; x_wconf 87' lang='lat' dir='ltr'><strong>etiam,</strong></span> <span class='ocrx_word' id='word_1_669' title='bbox 657 4692 722 4733; x_wconf 82' lang='lat' dir='ltr'><strong>ex</strong></span> <span class='ocrx_word' id='word_1_670' title='bbox 751 4679 879 4733; x_wconf 83' lang='lat' dir='ltr'><strong>Asia</strong></span> <span class='ocrx_word' id='word_1_671' title='bbox 912 4679 1192 4750; x_wconf 82' lang='lat' dir='ltr'><strong>trajiciens</strong></span> <span class='ocrx_word' id='word_1_672' title='bbox 1218 4720 1234 4747; x_wconf 88' lang='lat'>,</span> <span class='ocrx_word' id='word_1_673' title='bbox 1280 4670 1450 4736; x_wconf 65' lang='lat' dir='ltr'><strong>noctu</strong></span> <span class='ocrx_word' id='word_1_674' title='bbox 1497 4682 1734 4738; x_wconf 90' lang='lat' dir='ltr'><strong>viderat.</strong></span> <span class='ocrx_word' id='word_1_675' title='bbox 1790 4682 1849 4737; x_wconf 92' lang='lat' dir='ltr'>ld</span> <span class='ocrx_word' id='word_1_676' title='bbox 1893 4689 2016 4737; x_wconf 87' lang='lat' dir='ltr'><strong>erat</strong></span> 
     </span>
    </p>
   </div>
   <div class='ocr_carea' id='block_1_83' title="bbox 2128 4670 3697 4755">
    <p class='ocr_par' dir='ltr' id='par_1_83' title="bbox 2128 4678 3697 4755">
     <span class='ocr_line' id='line_1_83' title="bbox 2128 4678 3697 4755; baseline 0 -16"><span class='ocrx_word' id='word_1_677' title='bbox 2128 4702 2189 4755; x_wconf 90' lang='grc' dir='ltr'>ην</span> <span class='ocrx_word' id='word_1_678' title='bbox 2228 4682 2488 4748; x_wconf 80' lang='grc' dir='ltr'>ἑξἈσίας</span> <span class='ocrx_word' id='word_1_679' title='bbox 2509 4682 2803 4736; x_wconf 86' lang='grc' dir='ltr'>διαϐαίνων</span> <span class='ocrx_word' id='word_1_680' title='bbox 2831 4682 3022 4746; x_wconf 68' lang='grc' dir='ltr'>νυκτὸς</span> <span class='ocrx_word' id='word_1_681' title='bbox 3040 4681 3328 4735; x_wconf 79' lang='grc' dir='ltr'>ἐθεάσατο.</span> <span class='ocrx_word' id='word_1_682' title='bbox 3357 4678 3467 4734; x_wconf 86' lang='grc' dir='ltr'>Ἦν</span> <span class='ocrx_word' id='word_1_683' title='bbox 3488 4682 3546 4734; x_wconf 77' lang='grc' dir='ltr'>δὲ</span> <span class='ocrx_word' id='word_1_684' title='bbox 3573 4701 3697 4739; x_wconf 81' lang='grc' dir='ltr'>τοι·</span> 
     </span>
    </p>
   </div>
   <div class='ocr_carea' id='block_1_84' title="bbox 433 4770 2012 4845">
    <p class='ocr_par' dir='ltr' id='par_1_84' title="bbox 433 4770 2012 4845">
     <span class='ocr_line' id='line_1_84' title="bbox 433 4770 2012 4845; baseline 0.003 -22"><span class='ocrx_word' id='word_1_685' title='bbox 433 4770 770 4840; x_wconf 85' lang='lat' dir='ltr'><strong>hujusmodi.</strong></span> <span class='ocrx_word' id='word_1_686' title='bbox 816 4772 937 4826; x_wconf 86' lang='lat' dir='ltr'><strong>Alta</strong></span> <span class='ocrx_word' id='word_1_687' title='bbox 990 4784 1153 4829; x_wconf 89' lang='lat' dir='ltr'><strong>nocte</strong></span> <span class='ocrx_word' id='word_1_688' title='bbox 1194 4789 1322 4830; x_wconf 91' lang='lat' dir='ltr'>cum</span> <span class='ocrx_word' id='word_1_689' title='bbox 1360 4774 1428 4829; x_wconf 87' lang='lat' dir='ltr'>ad</span> <span class='ocrx_word' id='word_1_690' title='bbox 1471 4774 1773 4830; x_wconf 84' lang='lat' dir='ltr'><strong>obscurum</strong></span> <span class='ocrx_word' id='word_1_691' title='bbox 1829 4775 2012 4845; x_wconf 85' lang='lat' dir='ltr'><strong>ignem</strong></span> 
     </span>
    </p>
   </div>
   <div class='ocr_carea' id='block_1_85' title="bbox 433 4864 2016 4937">
    <p class='ocr_par' dir='ltr' id='par_1_85' title="bbox 433 4864 2016 4937">
     <span class='ocr_line' id='line_1_85' title="bbox 433 4864 2016 4937; baseline 0.002 -21"><span class='ocrx_word' id='word_1_692' title='bbox 433 4864 771 4924; x_wconf 85' lang='lat' dir='ltr'><strong>lucubraret.</strong></span> <span class='ocrx_word' id='word_1_693' title='bbox 800 4864 1050 4934; x_wconf 85' lang='lat' dir='ltr'><strong>cogitans</strong></span> <span class='ocrx_word' id='word_1_694' title='bbox 1084 4875 1252 4937; x_wconf 89' lang='lat' dir='ltr'><strong>atque</strong></span> <span class='ocrx_word' id='word_1_695' title='bbox 1295 4866 1568 4921; x_wconf 91' lang='lat' dir='ltr'><strong>meditans</strong></span> <span class='ocrx_word' id='word_1_696' title='bbox 1621 4865 1829 4936; x_wconf 88' lang='lat' dir='ltr'><strong>aliquid</strong></span> <span class='ocrx_word' id='word_1_697' title='bbox 1860 4907 1876 4931; x_wconf 96' lang='lat'>,</span> <span class='ocrx_word' id='word_1_698' title='bbox 1909 4881 2016 4936; x_wconf 87' lang='lat' dir='ltr'><strong>pu-</strong></span> 
     </span>
    </p>
   </div>
   <div class='ocr_carea' id='block_1_86' title="bbox 435 4958 2015 5030">
    <p class='ocr_par' dir='ltr' id='par_1_86' title="bbox 435 4958 2015 5030">
     <span class='ocr_line' id='line_1_86' title="bbox 435 4958 2015 5030; baseline 0.001 -18"><span class='ocrx_word' id='word_1_699' title='bbox 435 4958 570 5013; x_wconf 71' lang='lat' dir='ltr'><strong>tavit</strong></span> <span class='ocrx_word' id='word_1_700' title='bbox 595 4958 834 5030; x_wconf 87' lang='lat' dir='ltr'><strong>aliquem</strong></span> <span class='ocrx_word' id='word_1_701' title='bbox 866 4959 1282 5015; x_wconf 85' lang='lat' dir='ltr'><strong>tabernaculum</strong></span> <span class='ocrx_word' id='word_1_702' title='bbox 1341 4959 1577 5030; x_wconf 79' lang='lat' dir='ltr'><strong>ingredi.</strong></span> <span class='ocrx_word' id='word_1_703' title='bbox 1622 4961 1759 5017; x_wconf 88' lang='lat' dir='ltr'>Cum</span> <span class='ocrx_word' id='word_1_704' title='bbox 1805 4959 1873 5015; x_wconf 89' lang='lat' dir='ltr'>ad</span> <span class='ocrx_word' id='word_1_705' title='bbox 1929 4961 2015 5014; x_wconf 77' lang='lat' dir='ltr'><strong>in-</strong></span> 
     </span>
    </p>
   </div>
   <div class='ocr_carea' id='block_1_87' title="bbox 433 5050 2016 5122">
    <p class='ocr_par' dir='ltr' id='par_1_87' title="bbox 433 5050 2016 5122">
     <span class='ocr_line' id='line_1_87' title="bbox 433 5050 2016 5122; baseline 0.001 -18"><span class='ocrx_word' id='word_1_706' title='bbox 433 5067 685 5122; x_wconf 88' lang='lat' dir='ltr'><strong>gressum</strong></span> <span class='ocrx_word' id='word_1_707' title='bbox 720 5050 1087 5122; x_wconf 76' lang='lat' dir='ltr'><strong>respexisset,</strong></span> <span class='ocrx_word' id='word_1_708' title='bbox 1119 5051 1261 5106; x_wconf 89' lang='lat' dir='ltr'><strong>vidit</strong></span> <span class='ocrx_word' id='word_1_709' title='bbox 1291 5052 1539 5122; x_wconf 77' lang='lat' dir='ltr'><strong>ignotum</strong></span> <span class='ocrx_word' id='word_1_710' title='bbox 1572 5051 1855 5106; x_wconf 86' lang='lat' dir='ltr'><strong>hominem</strong></span> <span class='ocrx_word' id='word_1_711' title='bbox 1888 5051 2016 5105; x_wconf 91' lang='lat' dir='ltr'><strong>bor-</strong></span> 
     </span>
    </p>
   </div>
   <div class='ocr_carea' id='block_1_88' title="bbox 434 5143 2015 5214">
    <p class='ocr_par' dir='ltr' id='par_1_88' title="bbox 434 5143 2015 5214">
     <span class='ocr_line' id='line_1_88' title="bbox 434 5143 2015 5214; baseline -0.001 -15"><span class='ocrx_word' id='word_1_712' title='bbox 434 5144 607 5200; x_wconf 82' lang='lat' dir='ltr'><strong>reudo</strong></span> <span class='ocrx_word' id='word_1_713' title='bbox 661 5152 717 5199; x_wconf 91' lang='lat' dir='ltr'>et</span> <span class='ocrx_word' id='word_1_714' title='bbox 772 5144 913 5198; x_wconf 86' lang='lat' dir='ltr'><strong>miro</strong></span> <span class='ocrx_word' id='word_1_715' title='bbox 962 5154 1186 5214; x_wconf 81' lang='lat' dir='ltr'><strong>aSpectu</strong></span> <span class='ocrx_word' id='word_1_716' title='bbox 1246 5143 1415 5200; x_wconf 85' lang='lat' dir='ltr'><strong>tacite</strong></span> <span class='ocrx_word' id='word_1_717' title='bbox 1470 5144 1574 5198; x_wconf 88' lang='lat' dir='ltr'><strong>sibi</strong></span> <span class='ocrx_word' id='word_1_718' title='bbox 1634 5153 1860 5200; x_wconf 86' lang='lat' dir='ltr'><strong>astare:</strong></span> <span class='ocrx_word' id='word_1_719' title='bbox 1921 5143 2015 5212; x_wconf 87' lang='lat' dir='ltr'>qui</span> 
     </span>
    </p>
   </div>
   <div class='ocr_carea' id='block_1_89' title="bbox 436 5237 2014 5312">
    <p class='ocr_par' dir='ltr' id='par_1_89' title="bbox 436 5237 2014 5312">
     <span class='ocr_line' id='line_1_89' title="bbox 436 5237 2014 5312; baseline -0.002 -20"><span class='ocrx_word' id='word_1_720' title='bbox 436 5242 806 5312; x_wconf 76' lang='lat' dir='ltr'><strong>percontanti,</strong></span> <span class='ocrx_word' id='word_1_721' title='bbox 845 5242 971 5311; x_wconf 87' lang='lat' dir='ltr'><strong>quis</strong></span> <span class='ocrx_word' id='word_1_722' title='bbox 1004 5252 1173 5307; x_wconf 89' lang='lat' dir='ltr'><strong>esset,</strong></span> <span class='ocrx_word' id='word_1_723' title='bbox 1202 5249 1258 5297; x_wconf 89' lang='lat' dir='ltr'>et</span> <span class='ocrx_word' id='word_1_724' title='bbox 1301 5240 1436 5312; x_wconf 86' lang='lat' dir='ltr'><strong>quid</strong></span> <span class='ocrx_word' id='word_1_725' title='bbox 1467 5238 1675 5294; x_wconf 87' lang='lat' dir='ltr'><strong>vellet?</strong></span> <span class='ocrx_word' id='word_1_726' title='bbox 1705 5237 2014 5307; x_wconf 80' lang='lat' dir='ltr'><strong>respondit:</strong></span> 
     </span>
    </p>
   </div>
   <div class='ocr_carea' id='block_1_90' title="bbox 437 5331 2018 5405">
    <p class='ocr_par' dir='ltr' id='par_1_90' title="bbox 437 5331 2018 5405">
     <span class='ocr_line' id='line_1_90' title="bbox 437 5331 2018 5405; baseline -0.004 -18"><span class='ocrx_word' id='word_1_727' title='bbox 437 5336 503 5388; x_wconf 77' lang='lat' dir='ltr'>Se</span> <span class='ocrx_word' id='word_1_728' title='bbox 541 5333 738 5387; x_wconf 85' lang='lat' dir='ltr'><strong>malum</strong></span> <span class='ocrx_word' id='word_1_729' title='bbox 766 5335 878 5403; x_wconf 80' lang='lat' dir='ltr'><strong>ejus</strong></span> <span class='ocrx_word' id='word_1_730' title='bbox 906 5350 1013 5388; x_wconf 82' lang='lat' dir='ltr'><strong>esse</strong></span> <span class='ocrx_word' id='word_1_731' title='bbox 1042 5335 1277 5405; x_wconf 85' lang='lat' dir='ltr'><strong>genium,</strong></span> <span class='ocrx_word' id='word_1_732' title='bbox 1304 5349 1458 5404; x_wconf 84' lang='lat' dir='ltr'><strong>quem</strong></span> <span class='ocrx_word' id='word_1_733' title='bbox 1497 5331 1756 5401; x_wconf 73' lang='lat' dir='ltr'><strong>Philippis</strong></span> <span class='ocrx_word' id='word_1_734' title='bbox 1814 5332 2018 5384; x_wconf 81' lang='lat' dir='ltr'><strong>visurus</strong></span> 
     </span>
    </p>
   </div>
   <div class='ocr_carea' id='block_1_91' title="bbox 436 5423 2022 5497">
    <p class='ocr_par' dir='ltr' id='par_1_91' title="bbox 436 5423 2022 5497">
     <span class='ocr_line' id='line_1_91' title="bbox 436 5423 2022 5497; baseline -0.003 -16"><span class='ocrx_word' id='word_1_735' title='bbox 436 5436 590 5482; x_wconf 76' lang='lat' dir='ltr'><strong>esset.</strong></span> <span class='ocrx_word' id='word_1_736' title='bbox 631 5427 732 5482; x_wconf 90' lang='lat' dir='ltr'>Cui</span> <span class='ocrx_word' id='word_1_737' title='bbox 762 5428 962 5483; x_wconf 89' lang='lat' dir='ltr'><strong>Brutus</strong></span> <span class='ocrx_word' id='word_1_738' title='bbox 986 5426 1261 5497; x_wconf 89' lang='lat' dir='ltr'><strong>intrepide</strong></span> <span class='ocrx_word' id='word_1_739' title='bbox 1291 5426 1615 5496; x_wconf 87' lang='lat' dir='ltr'><strong>respondit,</strong></span> <span class='ocrx_word' id='word_1_740' title='bbox 1658 5423 1727 5479; x_wconf 90' lang='lat' dir='ltr'>Se</span> <span class='ocrx_word' id='word_1_741' title='bbox 1775 5440 1893 5478; x_wconf 86' lang='lat' dir='ltr'>eum</span> <span class='ocrx_word' id='word_1_742' title='bbox 1943 5425 2022 5478; x_wconf 83' lang='lat' dir='ltr'>vi-</span> 
     </span>
    </p>
   </div>
   <div class='ocr_carea' id='block_1_92' title="bbox 438 5512 2019 5587">
    <p class='ocr_par' dir='ltr' id='par_1_92' title="bbox 438 5512 2019 5587">
     <span class='ocr_line' id='line_1_92' title="bbox 438 5512 2019 5587; baseline -0.004 -16"><span class='ocrx_word' id='word_1_743' title='bbox 438 5534 622 5571; x_wconf 62' lang='lat' dir='ltr'><strong>surum</strong></span> <span class='ocrx_word' id='word_1_744' title='bbox 653 5533 780 5571; x_wconf 79' lang='lat' dir='ltr'><strong>esse.</strong></span> <span class='ocrx_word' id='word_1_745' title='bbox 810 5516 871 5572; x_wconf 71' lang='grc' dir='ltr'>ιιι</span> <span class='ocrx_word' id='word_1_746' title='bbox 919 5527 1215 5587; x_wconf 73' lang='grc' dir='ltr'>εροοιτιιιη</span> <span class='ocrx_word' id='word_1_747' title='bbox 1249 5517 1444 5572; x_wconf 88' lang='lat' dir='ltr'><strong>eodem</strong></span> <span class='ocrx_word' id='word_1_748' title='bbox 1495 5516 1651 5570; x_wconf 89' lang='lat' dir='ltr'><strong>vultu</strong></span> <span class='ocrx_word' id='word_1_749' title='bbox 1702 5513 1887 5570; x_wconf 85' lang='lat' dir='ltr'><strong>denuo</strong></span> <span class='ocrx_word' id='word_1_750' title='bbox 1937 5512 2019 5566; x_wconf 89' lang='lat' dir='ltr'><strong>illi</strong></span> 
     </span>
    </p>
   </div>
   <div class='ocr_carea' id='block_1_93' title="bbox 440 5606 2021 5677">
    <p class='ocr_par' dir='ltr' id='par_1_93' title="bbox 440 5606 2021 5677">
     <span class='ocr_line' id='line_1_93' title="bbox 440 5606 2021 5677; baseline -0.003 -14"><span class='ocrx_word' id='word_1_751' title='bbox 440 5618 794 5677; x_wconf 69' lang='grc' dir='ltr'>ιὐηψροιιιιη</span> <span class='ocrx_word' id='word_1_752' title='bbox 825 5622 930 5672; x_wconf 79' lang='lat' dir='ltr'><strong>est,</strong></span> <span class='ocrx_word' id='word_1_753' title='bbox 963 5609 1060 5664; x_wconf 88' lang='lat' dir='ltr'>sed</span> <span class='ocrx_word' id='word_1_754' title='bbox 1105 5608 1238 5664; x_wconf 71' lang='lat' dir='ltr'><strong>nihil</strong></span> <span class='ocrx_word' id='word_1_755' title='bbox 1295 5609 1542 5663; x_wconf 90' lang='lat' dir='ltr'><strong>locutum</strong></span> <span class='ocrx_word' id='word_1_756' title='bbox 1596 5607 1755 5661; x_wconf 90' lang='lat' dir='ltr'><strong>abiit.</strong></span> <span class='ocrx_word' id='word_1_757' title='bbox 1814 5606 2021 5660; x_wconf 86' lang='lat' dir='ltr'><strong>Ferunt</strong></span> 
     </span>
    </p>
   </div>
   <div class='ocr_carea' id='block_1_94' title="bbox 446 5698 2021 5771">
    <p class='ocr_par' dir='ltr' id='par_1_94' title="bbox 446 5698 2021 5771">
     <span class='ocr_line' id='line_1_94' title="bbox 446 5698 2021 5771; baseline -0.002 -18"><span class='ocrx_word' id='word_1_758' title='bbox 446 5702 613 5753; x_wconf 87' lang='lat' dir='ltr'><strong>etiam</strong></span> <span class='ocrx_word' id='word_1_759' title='bbox 640 5701 776 5755; x_wconf 89' lang='lat' dir='ltr'><strong>duas</strong></span> <span class='ocrx_word' id='word_1_760' title='bbox 807 5702 1023 5769; x_wconf 87' lang='lat' dir='ltr'><strong>aquilas</strong></span> <span class='ocrx_word' id='word_1_761' title='bbox 1059 5702 1115 5756; x_wconf 90' lang='lat' dir='ltr'>in</span> <span class='ocrx_word' id='word_1_762' title='bbox 1151 5716 1219 5757; x_wconf 91' lang='lat' dir='ltr'>eo</span> <span class='ocrx_word' id='word_1_763' title='bbox 1253 5701 1433 5771; x_wconf 87' lang='lat' dir='ltr'><strong>spatio</strong></span> <span class='ocrx_word' id='word_1_764' title='bbox 1457 5742 1472 5767; x_wconf 91' lang='lat'>,</span> <span class='ocrx_word' id='word_1_765' title='bbox 1516 5700 1662 5770; x_wconf 85' lang='lat' dir='ltr'><strong>quod</strong></span> <span class='ocrx_word' id='word_1_766' title='bbox 1706 5707 1826 5754; x_wconf 90' lang='lat' dir='ltr'><strong>erat</strong></span> <span class='ocrx_word' id='word_1_767' title='bbox 1878 5698 2021 5751; x_wconf 90' lang='lat' dir='ltr'><strong>inter</strong></span> 
     </span>
    </p>
   </div>
   <div class='ocr_carea' id='block_1_95' title="bbox 448 5782 2020 5864">
    <p class='ocr_par' dir='ltr' id='par_1_95' title="bbox 448 5782 2020 5864">
     <span class='ocr_line' id='line_1_95' title="bbox 448 5782 2020 5864; baseline 0 -19"><span class='ocrx_word' id='word_1_768' title='bbox 448 5801 737 5862; x_wconf 83' lang='lat' dir='ltr'><strong>utramque</strong></span> <span class='ocrx_word' id='word_1_769' title='bbox 768 5793 966 5859; x_wconf 86' lang='lat' dir='ltr'><strong>aciem,</strong></span> <span class='ocrx_word' id='word_1_770' title='bbox 1006 5794 1151 5850; x_wconf 84' lang='lat' dir='ltr'><strong>inter</strong></span> <span class='ocrx_word' id='word_1_771' title='bbox 1184 5782 1243 5850; x_wconf 80' lang='lat' dir='ltr'>se</span> <span class='ocrx_word' id='word_1_772' title='bbox 1272 5808 1543 5864; x_wconf 78' lang='lat' dir='ltr'><strong>pugnasse</strong></span> <span class='ocrx_word' id='word_1_773' title='bbox 1584 5811 1596 5848; x_wconf 92' lang='lat'><strong>:</strong></span> <span class='ocrx_word' id='word_1_774' title='bbox 1637 5803 1693 5847; x_wconf 92' lang='lat' dir='ltr'>et</span> <span class='ocrx_word' id='word_1_775' title='bbox 1729 5807 1849 5846; x_wconf 85' lang='lat' dir='ltr'>eam</span> <span class='ocrx_word' id='word_1_776' title='bbox 1897 5805 2020 5861; x_wconf 73' lang='lat' dir='ltr'><strong>quae</strong></span> 
     </span>
    </p>
   </div>
   <div class='ocr_carea' id='block_1_96' title="bbox 2121 4769 3709 4845">
    <p class='ocr_par' dir='ltr' id='par_1_96' title="bbox 2121 4769 3709 4845">
     <span class='ocr_line' id='line_1_96' title="bbox 2121 4769 3709 4845; baseline -0.001 -14"><span class='ocrx_word' id='word_1_777' title='bbox 2121 4776 2300 4831; x_wconf 84' lang='grc' dir='ltr'>οὖτον.</span> <span class='ocrx_word' id='word_1_778' title='bbox 2336 4775 2453 4840; x_wconf 81' lang='grc' dir='ltr'>Νὺξ</span> <span class='ocrx_word' id='word_1_779' title='bbox 2487 4769 2556 4844; x_wconf 78' lang='grc' dir='ltr'>ἦν</span> <span class='ocrx_word' id='word_1_780' title='bbox 2616 4772 2827 4844; x_wconf 78' lang='grc' dir='ltr'>βαθεῖα,</span> <span class='ocrx_word' id='word_1_781' title='bbox 2853 4776 2947 4826; x_wconf 80' lang='grc' dir='ltr'>καὶ</span> <span class='ocrx_word' id='word_1_782' title='bbox 2980 4774 3097 4843; x_wconf 85' lang='grc' dir='ltr'>φῶς</span> <span class='ocrx_word' id='word_1_783' title='bbox 3119 4773 3180 4826; x_wconf 85' lang='grc' dir='ltr'>οὐ</span> <span class='ocrx_word' id='word_1_784' title='bbox 3212 4772 3354 4827; x_wconf 88' lang='grc' dir='ltr'>πάνυ</span> <span class='ocrx_word' id='word_1_785' title='bbox 3374 4774 3625 4845; x_wconf 79' lang='grc' dir='ltr'>λαμπρὸν</span> <span class='ocrx_word' id='word_1_786' title='bbox 3649 4778 3709 4829; x_wconf 79' lang='grc' dir='ltr'>ἐν</span> 
     </span>
    </p>
   </div>
   <div class='ocr_carea' id='block_1_97' title="bbox 2122 4864 3710 4938">
    <p class='ocr_par' dir='ltr' id='par_1_97' title="bbox 2122 4864 3710 4938">
     <span class='ocr_line' id='line_1_97' title="bbox 2122 4864 3710 4938; baseline -0.001 -17"><span class='ocrx_word' id='word_1_787' title='bbox 2122 4871 2190 4938; x_wconf 80' lang='grc' dir='ltr'>τῇ</span> <span class='ocrx_word' id='word_1_788' title='bbox 2231 4869 2405 4938; x_wconf 83' lang='grc' dir='ltr'>σκηνῇ</span> <span class='ocrx_word' id='word_1_789' title='bbox 2442 4866 2613 4921; x_wconf 79' lang='grc' dir='ltr'>αὐτοῦ</span> <span class='ocrx_word' id='word_1_790' title='bbox 2644 4866 2953 4934; x_wconf 78' lang='grc' dir='ltr'>ὑπανῆπτο.</span> <span class='ocrx_word' id='word_1_791' title='bbox 3003 4865 3063 4917; x_wconf 87' lang='lat'>&#39;0</span> <span class='ocrx_word' id='word_1_792' title='bbox 3086 4864 3132 4918; x_wconf 82' lang='grc' dir='ltr'>δ’</span> <span class='ocrx_word' id='word_1_793' title='bbox 3154 4864 3429 4936; x_wconf 80' lang='grc' dir='ltr'>ἡγρύπνει</span> <span class='ocrx_word' id='word_1_794' title='bbox 3482 4865 3710 4919; x_wconf 86' lang='grc' dir='ltr'>σκοπῶν</span> 
     </span>
    </p>
   </div>
   <div class='ocr_carea' id='block_1_98' title="bbox 2123 4957 3709 5030">
    <p class='ocr_par' dir='ltr' id='par_1_98' title="bbox 2123 4957 3709 5030">
     <span class='ocr_line' id='line_1_98' title="bbox 2123 4957 3709 5030; baseline -0.005 -14"><span class='ocrx_word' id='word_1_795' title='bbox 2123 4978 2178 5016; x_wconf 86' lang='grc' dir='ltr'>τι</span> <span class='ocrx_word' id='word_1_796' title='bbox 2203 4962 2301 5016; x_wconf 75' lang='grc' dir='ltr'>καὶ</span> <span class='ocrx_word' id='word_1_797' title='bbox 2335 4957 2713 5030; x_wconf 56' lang='grc' dir='ltr'>λογιζόμενος</span> <span class='ocrx_word' id='word_1_798' title='bbox 2764 4958 2946 5023; x_wconf 78' lang='grc' dir='ltr'>ἔδοξεν</span> <span class='ocrx_word' id='word_1_799' title='bbox 3007 4957 3102 5011; x_wconf 77' lang='grc' dir='ltr'>οὖν</span> <span class='ocrx_word' id='word_1_800' title='bbox 3165 4959 3397 5011; x_wconf 75' lang='grc' dir='ltr'>εἰσιέναι</span> <span class='ocrx_word' id='word_1_801' title='bbox 3432 4958 3558 5011; x_wconf 82' lang='grc' dir='ltr'>τινὰ</span> <span class='ocrx_word' id='word_1_802' title='bbox 3603 4958 3709 5029; x_wconf 84' lang='grc' dir='ltr'>τὴν</span> 
     </span>
    </p>
   </div>
   <div class='ocr_carea' id='block_1_99' title="bbox 2128 5048 3710 5125">
    <p class='ocr_par' dir='ltr' id='par_1_99' title="bbox 2128 5048 3710 5125">
     <span class='ocr_line' id='line_1_99' title="bbox 2128 5048 3710 5125; baseline -0.005 -18"><span class='ocrx_word' id='word_1_803' title='bbox 2128 5052 2359 5125; x_wconf 77' lang='grc' dir='ltr'>σκηνὴν,</span> <span class='ocrx_word' id='word_1_804' title='bbox 2397 5051 2492 5107; x_wconf 75' lang='grc' dir='ltr'>καὶ</span> <span class='ocrx_word' id='word_1_805' title='bbox 2522 5048 2737 5105; x_wconf 84' lang='grc' dir='ltr'>ἀπιδὼν</span> <span class='ocrx_word' id='word_1_806' title='bbox 2782 5050 2923 5121; x_wconf 73' lang='grc' dir='ltr'>πρὸς</span> <span class='ocrx_word' id='word_1_807' title='bbox 2976 5050 3075 5120; x_wconf 81' lang='grc' dir='ltr'>τὴν</span> <span class='ocrx_word' id='word_1_808' title='bbox 3104 5049 3334 5113; x_wconf 74' lang='grc' dir='ltr'>εἴσοδον,</span> <span class='ocrx_word' id='word_1_809' title='bbox 3384 5050 3487 5119; x_wconf 79' lang='grc' dir='ltr'>ὁρᾷ</span> <span class='ocrx_word' id='word_1_810' title='bbox 3524 5049 3710 5119; x_wconf 74' lang='grc' dir='ltr'>δεινὴν</span> 
     </span>
    </p>
   </div>
   <div class='ocr_carea' id='block_1_100' title="bbox 2128 5140 3710 5213">
    <p class='ocr_par' dir='ltr' id='par_1_100' title="bbox 2128 5140 3710 5213">
     <span class='ocr_line' id='line_1_100' title="bbox 2128 5140 3710 5213; baseline -0.006 -13"><span class='ocrx_word' id='word_1_811' title='bbox 2128 5148 2223 5200; x_wconf 77' lang='grc' dir='ltr'>καὶ</span> <span class='ocrx_word' id='word_1_812' title='bbox 2256 5144 2544 5198; x_wconf 79' lang='grc' dir='ltr'>ἀλλόκοτον</span> <span class='ocrx_word' id='word_1_813' title='bbox 2566 5143 2696 5213; x_wconf 78' lang='grc' dir='ltr'>ὄψιν</span> <span class='ocrx_word' id='word_1_814' title='bbox 2717 5142 2957 5211; x_wconf 85' lang='grc' dir='ltr'>ἐκφύλου</span> <span class='ocrx_word' id='word_1_815' title='bbox 2987 5140 3239 5211; x_wconf 84' lang='grc' dir='ltr'>σώματος</span> <span class='ocrx_word' id='word_1_816' title='bbox 3271 5145 3450 5211; x_wconf 69' lang='grc' dir='ltr'>σιωπῇ</span> <span class='ocrx_word' id='word_1_817' title='bbox 3500 5157 3710 5208; x_wconf 86' lang='grc' dir='ltr'>παρεσ-</span> 
     </span>
    </p>
   </div>
   <div class='ocr_carea' id='block_1_101' title="bbox 2126 5231 3708 5307">
    <p class='ocr_par' dir='ltr' id='par_1_101' title="bbox 2126 5231 3708 5307">
     <span class='ocr_line' id='line_1_101' title="bbox 2126 5231 3708 5307; baseline -0.006 -15"><span class='ocrx_word' id='word_1_818' title='bbox 2126 5238 2300 5300; x_wconf 80' lang='grc' dir='ltr'>τῶτος</span> <span class='ocrx_word' id='word_1_819' title='bbox 2328 5235 2499 5307; x_wconf 80' lang='grc' dir='ltr'>αὐτῷ.</span> <span class='ocrx_word' id='word_1_820' title='bbox 2539 5237 2827 5306; x_wconf 84' lang='grc' dir='ltr'>Ἑρόμενος</span> <span class='ocrx_word' id='word_1_821' title='bbox 2858 5235 2936 5300; x_wconf 81' lang='grc' dir='ltr'>δέ,</span> <span class='ocrx_word' id='word_1_822' title='bbox 2972 5233 3065 5297; x_wconf 87' lang='grc' dir='ltr'>Τίς</span> <span class='ocrx_word' id='word_1_823' title='bbox 3091 5234 3212 5286; x_wconf 86' lang='grc' dir='ltr'>ποτ’</span> <span class='ocrx_word' id='word_1_824' title='bbox 3234 5231 3332 5299; x_wconf 85' lang='grc' dir='ltr'>ὢν,</span> <span class='ocrx_word' id='word_1_825' title='bbox 3361 5232 3394 5302; x_wconf 79' lang='grc' dir='ltr'>ἢ</span> <span class='ocrx_word' id='word_1_826' title='bbox 3432 5232 3484 5284; x_wconf 92' lang='grc' dir='ltr'>τί</span> <span class='ocrx_word' id='word_1_827' title='bbox 3511 5231 3708 5300; x_wconf 78' lang='grc' dir='ltr'>βουλό·</span> 
     </span>
    </p>
   </div>
   <div class='ocr_carea' id='block_1_102' title="bbox 2129 5324 3704 5398">
    <p class='ocr_par' dir='ltr' id='par_1_102' title="bbox 2129 5324 3704 5398">
     <span class='ocr_line' id='line_1_102' title="bbox 2129 5324 3704 5398; baseline -0.007 -16"><span class='ocrx_word' id='word_1_828' title='bbox 2129 5345 2289 5398; x_wconf 85' lang='grc' dir='ltr'>μενος</span> <span class='ocrx_word' id='word_1_829' title='bbox 2338 5328 2495 5398; x_wconf 74' lang='grc' dir='ltr'>ἥκεις</span> <span class='ocrx_word' id='word_1_830' title='bbox 2532 5345 2547 5393; x_wconf 86' lang='lat'><strong>;</strong></span> <span class='ocrx_word' id='word_1_831' title='bbox 2585 5329 2818 5397; x_wconf 78' lang='grc' dir='ltr'>ἡκουσεν</span> <span class='ocrx_word' id='word_1_832' title='bbox 2877 5328 2937 5391; x_wconf 83' lang='grc' dir='ltr'>ἐξ</span> <span class='ocrx_word' id='word_1_833' title='bbox 2993 5325 3206 5379; x_wconf 88' lang='grc' dir='ltr'>ἐκείνου</span> <span class='ocrx_word' id='word_1_834' title='bbox 3239 5341 3255 5357; x_wconf 79' lang='grc' dir='ltr'><strong>ο</strong></span> <span class='ocrx_word' id='word_1_835' title='bbox 3299 5324 3359 5377; x_wconf 89' lang='grc' dir='ltr'><strong>Ὀ</strong></span> <span class='ocrx_word' id='word_1_836' title='bbox 3391 5326 3504 5388; x_wconf 52' lang='grc' dir='ltr'>σίητς</span> <span class='ocrx_word' id='word_1_837' title='bbox 3564 5324 3704 5389; x_wconf 73' lang='grc' dir='ltr'>εἰμι,</span> 
     </span>
    </p>
   </div>
   <div class='ocr_carea' id='block_1_103' title="bbox 2128 5414 3707 5488">
    <p class='ocr_par' dir='ltr' id='par_1_103' title="bbox 2128 5414 3707 5488">
     <span class='ocr_line' id='line_1_103' title="bbox 2128 5414 3707 5488; baseline -0.006 -15"><span class='ocrx_word' id='word_1_838' title='bbox 2128 5419 2374 5486; x_wconf 74' lang='grc' dir='ltr'>Βροῦτε,</span> <span class='ocrx_word' id='word_1_839' title='bbox 2417 5419 2649 5488; x_wconf 79' lang='grc' dir='ltr'>δαίμων</span> <span class='ocrx_word' id='word_1_840' title='bbox 2682 5419 2890 5485; x_wconf 83' lang='grc' dir='ltr'>κακός·</span> <span class='ocrx_word' id='word_1_841' title='bbox 2923 5419 3061 5487; x_wconf 71' lang='grc' dir='ltr'>ὄψει</span> <span class='ocrx_word' id='word_1_842' title='bbox 3102 5417 3171 5471; x_wconf 78' lang='grc' dir='ltr'>δέ</span> <span class='ocrx_word' id='word_1_843' title='bbox 3209 5433 3286 5486; x_wconf 88' lang='grc' dir='ltr'>με</span> <span class='ocrx_word' id='word_1_844' title='bbox 3330 5417 3464 5482; x_wconf 68' lang='grc' dir='ltr'>περὶ</span> <span class='ocrx_word' id='word_1_845' title='bbox 3494 5414 3707 5466; x_wconf 49' lang='lat' dir='ltr'>(tum-</span> 
     </span>
    </p>
   </div>
   <div class='ocr_carea' id='block_1_104' title="bbox 2127 5499 3707 5582">
    <p class='ocr_par' dir='ltr' id='par_1_104' title="bbox 2127 5499 3707 5582">
     <span class='ocr_line' id='line_1_104' title="bbox 2127 5499 3707 5582; baseline -0.008 -14"><span class='ocrx_word' id='word_1_846' title='bbox 2127 5531 2305 5581; x_wconf 81' lang='grc' dir='ltr'>πους.</span> <span class='ocrx_word' id='word_1_847' title='bbox 2358 5514 2471 5567; x_wconf 85' lang='grc' dir='ltr'>Καὶ</span> <span class='ocrx_word' id='word_1_848' title='bbox 2527 5513 2554 5565; x_wconf 85' lang='grc' dir='ltr'><strong>ὁ</strong></span> <span class='ocrx_word' id='word_1_849' title='bbox 2581 5513 2814 5582; x_wconf 76' lang='grc' dir='ltr'>Βροῦτος</span> <span class='ocrx_word' id='word_1_850' title='bbox 2854 5512 3166 5581; x_wconf 67' lang='grc' dir='ltr'>ἀπτοὴτωςθ</span> <span class='ocrx_word' id='word_1_851' title='bbox 3228 5510 3514 5575; x_wconf 66' lang='grc' dir='ltr'>Ὀψομαι,</span> <span class='ocrx_word' id='word_1_852' title='bbox 3557 5499 3707 5560; x_wconf 76' lang='grc' dir='ltr'>εἶπε.</span> 
     </span>
    </p>
   </div>
   <div class='ocr_carea' id='block_1_105' title="bbox 2129 5596 3709 5673">
    <p class='ocr_par' dir='ltr' id='par_1_105' title="bbox 2129 5596 3709 5673">
     <span class='ocr_line' id='line_1_105' title="bbox 2129 5596 3709 5673; baseline -0.006 -16"><span class='ocrx_word' id='word_1_853' title='bbox 2129 5602 2414 5658; x_wconf 74' lang='grc' dir='ltr'>Τοῦτοοῦν</span> <span class='ocrx_word' id='word_1_854' title='bbox 2436 5600 2596 5667; x_wconf 71' lang='grc' dir='ltr'>αὖθις</span> <span class='ocrx_word' id='word_1_855' title='bbox 2627 5603 2687 5656; x_wconf 84' lang='grc' dir='ltr'>τὸ</span> <span class='ocrx_word' id='word_1_856' title='bbox 2719 5604 2910 5673; x_wconf 88' lang='grc' dir='ltr'>φάσμα</span> <span class='ocrx_word' id='word_1_857' title='bbox 2938 5601 3152 5670; x_wconf 85' lang='grc' dir='ltr'>ἑώρακε</span> <span class='ocrx_word' id='word_1_858' title='bbox 3180 5599 3281 5671; x_wconf 81' lang='grc' dir='ltr'>τὴν</span> <span class='ocrx_word' id='word_1_859' title='bbox 3311 5599 3481 5669; x_wconf 76' lang='grc' dir='ltr'>αὐτὴν</span> <span class='ocrx_word' id='word_1_860' title='bbox 3502 5596 3709 5651; x_wconf 81' lang='grc' dir='ltr'>ἐπιδει-</span> 
     </span>
    </p>
   </div>
   <div class='ocr_carea' id='block_1_106' title="bbox 2133 5686 3706 5766">
    <p class='ocr_par' dir='ltr' id='par_1_106' title="bbox 2133 5686 3706 5766">
     <span class='ocr_line' id='line_1_106' title="bbox 2133 5686 3706 5766; baseline 0.001 -17"><span class='ocrx_word' id='word_1_861' title='bbox 2133 5695 2368 5766; x_wconf 71' lang='grc' dir='ltr'>ξάμενον</span> <span class='ocrx_word' id='word_1_862' title='bbox 2391 5694 2539 5764; x_wconf 72' lang='grc' dir='ltr'>ὃψιν,</span> <span class='ocrx_word' id='word_1_863' title='bbox 2575 5695 2731 5748; x_wconf 83' lang='grc' dir='ltr'>οὐδὲν</span> <span class='ocrx_word' id='word_1_864' title='bbox 2757 5695 2944 5764; x_wconf 81' lang='grc' dir='ltr'>μέντοι</span> <span class='ocrx_word' id='word_1_865' title='bbox 2978 5693 3380 5762; x_wconf 76' lang='grc' dir='ltr'>φθεγξάμενον,</span> <span class='ocrx_word' id='word_1_866' title='bbox 3422 5688 3535 5743; x_wconf 81' lang='grc' dir='ltr'>ἀλλ’</span> <span class='ocrx_word' id='word_1_867' title='bbox 3562 5686 3706 5751; x_wconf 66' lang='grc' dir='ltr'>οἰχδ⁸</span> 
     </span>
    </p>
   </div>
   <div class='ocr_carea' id='block_1_107' title="bbox 2132 5778 3707 5857">
    <p class='ocr_par' dir='ltr' id='par_1_107' title="bbox 2132 5778 3707 5857">
     <span class='ocr_line' id='line_1_107' title="bbox 2132 5778 3707 5857; baseline -0.005 -17"><span class='ocrx_word' id='word_1_868' title='bbox 2132 5804 2316 5856; x_wconf 85' lang='grc' dir='ltr'>μενον.</span> <span class='ocrx_word' id='word_1_869' title='bbox 2352 5788 2462 5843; x_wconf 78' lang='grc' dir='ltr'>Καὶ</span> <span class='ocrx_word' id='word_1_870' title='bbox 2510 5789 2704 5851; x_wconf 73' lang='grc' dir='ltr'>ἀετοὺς</span> <span class='ocrx_word' id='word_1_871' title='bbox 2760 5786 2856 5841; x_wconf 80' lang='grc' dir='ltr'>δύο</span> <span class='ocrx_word' id='word_1_872' title='bbox 2912 5786 3080 5857; x_wconf 67' lang='grc' dir='ltr'>φασὶν</span> <span class='ocrx_word' id='word_1_873' title='bbox 3131 5786 3190 5838; x_wconf 80' lang='grc' dir='ltr'>ἐν</span> <span class='ocrx_word' id='word_1_874' title='bbox 3229 5780 3544 5854; x_wconf 73' lang='grc' dir='ltr'>μεταιχμίῳ</span> <span class='ocrx_word' id='word_1_875' title='bbox 3599 5778 3707 5832; x_wconf 82' lang='grc' dir='ltr'>τῶν</span> 
     </span>
    </p>
   </div>
  </div>
