4024 6408
370 361 476 428 863

1634 363 1954 424 IOANNIS
1991 365 2312 426 ZONAILE

3521 373 3656 426 bl);

367 491 561 540 erach
587 474 805 530 dolores
837 513 852 537 ,
889 485 947 531 et
999 476 1324 548 periculOsa;
1377 476 1558 531 febres
1629 486 1938 530 consecutae

2059 477 2304 546 Ξιρρἡτων
2332 479 2566 548 ἀνήρετο
2597 477 2724 549 πρὶν
2751 476 3001 548 ῆολαεεϊν
3049 477 3345 548 διάπειραν
3393 477 3649 547 ἑαυτῆς.

367 569 496 620 sint.
533 567 812 634 Brutoque
843 567 1104 628 sollicito,
1135 566 1190 620 in
1219 581 1435 622 summo
1481 565 1673 620 dolore
1701 565 1942 620 dixisse:

369 655 480 722 Ego
509 657 602 709 tibi
631 697 646 720 ,
687 654 848 709 Brute
869 695 884 718 ,
923 656 1052 709 data
1080 672 1197 709 sum
1223 695 1238 720 ,
1295 671 1400 709 non
1445 663 1501 708 ut
1541 653 1740 724 pellicis
1770 656 1946 707 instar

367 747 560 800 victum
599 754 648 798 et
682 745 873 799 lectum
904 745 1167 798 duntaxat
1199 759 1527 798 communem
1574 751 1746 796 tecum
1788 742 1947 796 liabe-

369 854 503 903 rem,
539 838 630 890 sed
655 845 710 890 ut
753 838 982 906 fortuna:
1013 837 1254 890 secundae
1275 836 1609 903 adventuque
1655 835 1794 888 socio
1851 834 1946 886 tibi

369 945 556 982 essent.
597 929 668 982 Ac
695 937 750 981 tu
789 929 999 999 quidem
1039 928 1202 982 talem
1233 937 1282 982 te
1313 929 1565 981 maritum
1601 927 1800 993 prmbes
1825 966 1838 988 ,
1883 931 1948 979 de

369 1037 472 1090 quo
506 1020 637 1074 nihil
667 1023 816 1090 queri
842 1023 1033 1091 possim
1092 1021 1204 1091 Ego
1236 1037 1356 1075 vero
1400 1036 1502 1090 quo
1541 1028 1700 1090 pacto
1733 1027 1946 1090 gratum

369 1116 608 1166 animum
641 1111 942 1178 declarabo,
965 1112 1012 1166 si
1045 1128 1211 1182 neque
1247 1110 1508 1165 occultum
1543 1111 1811 1174 dolorem,
1854 1126 1948 1164 ne-

369 1219 470 1274 que
496 1203 902 1258 sollicitudinem
943 1221 1060 1275 quia
1085 1205 1247 1270 ﬁdem
1281 1203 1517 1274 postulat
1543 1241 1560 1263 ,
1618 1211 1787 1256 tecum
1837 1219 1948 1256 una

371 1294 580 1351 tulero?
609 1293 861 1365 Equidem
881 1297 986 1350 scio
1010 1313 1170 1366 quam
1188 1295 1448 1350 imbecilla
1478 1297 1543 1349 sit
1569 1303 1764 1349 natura
1786 1294 1950 1365 509

373 1385 640 1440 muliebris
681 1389 752 1440 ad
789 1386 1012 1441 celanda
1056 1405 1278 1442 arcana.
1333 1385 1436 1441 Sed
1483 1397 1638 1440 recta:
1685 1386 1950 1440 educatio-

369 1477 454 1531 nis
485 1488 533 1532 et
562 1479 790 1534 honesta:
814 1481 1214 1534 consuetudinis
1244 1477 1440 1548 aliqua:
1465 1479 1598 1532 vires
1636 1486 1780 1532 sunt.
1822 1478 1950 1534 Mihi

369 1584 490 1622 vero
521 1572 759 1640 contigit,
791 1580 850 1625 ut
888 1580 935 1625 et
967 1571 1182 1627 Catonis
1226 1571 1364 1640 ﬁlia,
1401 1581 1450 1624 et
1504 1571 1660 1626 Bruti
1702 1587 1838 1626 uxor
1869 1587 1950 1626 es-

366 1675 474 1713 sem
503 1675 521 1713 :
557 1661 742 1730 quibus
786 1663 940 1718 rebus
969 1664 1171 1716 dudum
1205 1665 1380 1717 minus
1411 1665 1583 1734 freta,
1620 1679 1760 1718 nunc
1808 1679 1888 1717 me
1915 1680 1948 1717 α

368 1749 548 1805 labore
575 1753 828 1808 invictam
857 1770 966 1808 esse
997 1756 1230 1824 cognati.
1264 1753 1361 1810 llis
1395 1754 1580 1818 dictis,
1605 1755 1657 1809 ei
1701 1754 1905 1810 vulnus
1928 1793 1946 1820 ,

368 1859 531 1900 causa
561 1845 711 1902 illius
741 1846 1013 1916 exposita,
1052 1847 1312 1900 ostendit.
1348 1846 1399 1901 Is
1425 1861 1556 1900 vero
1614 1844 1947 1916 obstupefa-

369 1946 514 2003 ctus,
545 1937 681 1994 deos
711 1949 967 2009 precatus
994 1947 1100 1998 cst.
1133 1946 1194 1991 ut
1237 1954 1300 1992 rc
1333 1938 1472 1994 bene
1521 1949 1670 2008 gesta
1719 1937 1944 2009 dignum

370 2027 566 2082 Porcia
595 2030 856 2084 maritum
880 2045 940 2085 se
972 2029 1263 2100 pra-heret.

2046 568 2304 622 Λαὸοὗσα
2335 569 2463 638 γὰρ,
2501 570 2657 639 φασὶ,
2696 570 3016 640 μαχαίριον,
3044 569 3218 642 τομὴν
3269 570 3500 640 βαθεῖαν
3535 571 3652 623 λά-

2048 659 2154 729 θρα
2207 662 2478 729 ἐπήνεγκε
2527 660 2606 731 τῷ
2644 661 2826 732 μηρῷ,
2859 661 2934 725 ὡς
2987 661 3128 731 μετὰ
3182 661 3379 730 μικρὸν
3431 661 3654 724 ὀδύνας

2047 752 2400 820 ἐπιγενέσθαι
2455 754 2732 815 νεανικὰς,
2799 754 2894 806 καὶ
2956 753 3248 823 φρικώδεις
3315 755 3652 823 ἀναφθῆναι

2049 845 2320 914 πυρετοὺς
2370 846 2433 898 ὲκ
2487 844 2579 898 τοῦ
2615 846 2951 915 τραύματος.
3018 847 3390 915 Ἀγωνιῶντος
3424 849 3484 902 δὲ
3542 849 3650 900 τοῦ

2049 935 2310 1004 Βρούτου,
2359 937 2416 988 ὲν
2447 937 2600 1006 ἀκμῇ
2645 939 2744 1008 τῆς
2788 937 3077 1008 ἀλγηδόνος
3111 934 3246 991 οὖσα
3291 940 3393 1009 ἔφη
3457 941 3644 1009 αὐτῷ’

2059 1027 2227 1095 Ἐγὼ.
2258 1027 2502 1096 Βροῦτε,
2533 1031 2647 1098 οὐχ
2687 1029 2768 1094 ὡς
2797 1030 2860 1081 αἱ
2911 1031 3442 1097 παλλακευόμεναι
3499 1033 3646 1084 κοι-

2051 1136 2159 1184 της
2197 1119 2544 1188 μεθέξουσα
2567 1121 2665 1174 καὶ
2697 1119 2986 1188 τραπέζης
3011 1122 3209 1189 μόνον
3242 1121 3466 1185 ἐδόθην
3503 1139 3646 1184 σοι,

2047 1209 2208 1264 ἀλλὰ
2259 1211 2550 1277 κοινωνὸς
2594 1206 2752 1263 εἶναι
2799 1210 2894 1265 καὶ
2923 1209 3171 1280 ἀγαθῶν
3197 1211 3296 1264 καὶ
3341 1213 3642 1278 ἀνιαρῶν.

2053 1300 2128 1354 Τὰ
2161 1297 2280 1369 μὲν
2343 1296 2457 1356 οὖν
2508 1301 2592 1354 σὰ
2651 1301 2849 1354 πάντα
2893 1303 3025 1370 περὶ
3076 1303 3184 1355 τὸν
3215 1301 3414 1370 τάμον
3447 1303 3642 1370 (ipsa-

2047 1405 2167 1444 πτα
2185 1406 2200 1421 ·
2226 1391 2346 1444 τῶν
2367 1391 2436 1444 δὲ
2464 1392 2600 1459 παρ’
2633 1390 2783 1458 ἐμοῦ
2818 1391 2908 1458 τίς
2933 1391 3237 1458 ἀπόδειξις
3263 1393 3302 1460 ἢ
3337 1392 3538 1459 χάρις,
3584 1396 3644 1446 ει

2045 1482 2200 1550 μήτε
2265 1481 2460 1547 πάθος
2509 1482 2856 1551 ἁπιὶὁγῖητον
2907 1482 3239 1536 συνδιοίσω
3299 1499 3424 1547 σοι,
3475 1486 3645 1550 μήτε

2047 1571 2334 1641 φροντίδα
2362 1574 2620 1640 πίστεως
2659 1575 2956 1644 δεομένην
2980 1591 2999 1638 ;
3026 1571 3148 1628 016‘
3186 1575 3274 1627 ἔτι
3319 1578 3648 1644 γυναικεία

2049 1665 2236 1733 φύσις
2263 1665 2530 1734 ἀσθενὴς
2560 1666 2730 1720 δοκεῖ
2748 1669 2941 1735 λόγον
2965 1665 3234 1735 ἐιιεγκεῖν
3257 1666 3643 1734 ἀπόρρητον·

2056 1759 2196 1812 ἀλλ’
2229 1758 2362 1812 ἐστι
2410 1775 2502 1824 τις
2555 1759 2653 1812 καὶ
2702 1757 2927 1828 τροφῆς
2957 1756 3186 1828 ἀγαθῆς
3241 1758 3342 1811 καὶ
3388 1759 3650 1826 ὁμιλίας

2053 1847 2327 1918 χρηστῆς
2350 1852 2438 1915 εὶς
2460 1846 2607 1920 ἦθος
2670 1853 2870 1920 ίσχύς.
2933 1851 3094 1919 Ἐμοὶ
3139 1851 3214 1904 es
3254 1851 3320 1904 τὸ
3359 1851 3652 1913 Κάτωνος

2049 1936 2202 1994 εἶναι
2229 1942 2524 2010 θυγατέρα
2548 1944 2644 1996 καὶ
2681 1945 2753 1996 τὸ
2776 1944 3046 2010 Βρούτου
3090 1941 3350 2012 γυναῖκα
3389 1944 3625 2009 πρόσε-

2050 2047 2212 2088 στιν.
2249 2029 2349 2098 Οἷς
2373 2035 2794 2104 πρότερον-μὲν
2819 2031 3003 2105 ἧττον
3029 2035 3398 2100 ἐπεποίθειν,
3423 2033 3545 2088 νῦν
3571 2033 3650 2087 δ’

369 2118 642 2188 ἐμαυτὴν
709 2121 942 2191 ἔγνωκα
993 2122 1087 2176 καὶ
1128 2123 1279 2188 πρὸς
1363 2123 1558 2176 πόνον
1596 2121 1899 2192 ἀήττητον
1937 2120 2119 2179 εἶναι.
2169 2126 2334 2180 Ταῦτ’
2401 2127 2652 2190 εἰποῦσα,
2722 2127 2995 2182 δείκνυσιν
3056 2128 3206 2197 αὑτῷ
3261 2129 3321 2181 τὸ
3377 2126 3644 2198 τραῦμα,

371 2212 465 2263 καὶ
495 2211 762 2282 διηγεῖται
791 2211 888 2282 τὴν
913 2215 1128 2284 πεῖραν.
1155 2213 1218 2268 '0
1248 2215 1292 2268 δ’
1325 2215 1622 2283 ἐκπλαγεὶς
1675 2216 1972 2287 ἐπηύξατο,
2015 2217 2200 2272 δοῦναι
2271 2220 2400 2285 τοὺς
2429 2219 2586 2284 θεοὺς
2639 2219 3009 2292 κατορθοῦντα
3071 2221 3170 2292 τήν
3211 2220 3411 2292 πρᾶξιν
3461 2219 3652 2289 ἄνδρα.

375 2301 618 2371 Πορκίας
658 2303 806 2366 ἄξιον
833 2305 1095 2374 φανῆναι.

444 2390 586 2449 XXI.
641 2391 810 2450 Bruto
865 2397 932 2451 ad
993 2397 1138 2452 hunc
1199 2397 1423 2453 modum
1473 2397 1780 2464 defuncto,
1844 2399 1950 2455 viri

2133 2395 2264 2452 ΚΝ.
2301 2396 2392 2468 Τῷ
2432 2397 2530 2467 μὲν
2560 2395 2658 2451 οὖν
2691 2397 2914 2470 Βρούτῳ
2936 2395 2996 2450 ὃν
3023 2397 3238 2468 είρηται
3263 2395 3465 2466 τρόπον
3502 2396 3649 2448 ἐπέ-

374 2483 504 2538 clari
543 2484 785 2554 quicum
812 2487 984 2541 secuti
1028 2485 1294 2548 fuerant,
1345 2489 1592 2558 plerique
1637 2489 1821 2544 statim
1869 2504 1956 2544 εει

2059 2490 2181 2544 λιτιε
2226 2489 2287 2542 τὸ
2346 2487 2631 2560 βιώσιμον.
2685 2489 2808 2542 Τῶν
2857 2488 2916 2543 δὲ
2963 2489 3086 2558 μετ’
3115 2487 3284 2541 αὑτοῦ
3322 2489 3648 2558 γενομένων

375 2577 638 2646 ωοιὲρεος
668 2585 764 2632 aut
790 2577 1133 2644 occiderunt,
1166 2589 1261 2634 aut
1288 2580 1432 2649 capti
1485 2581 1791 2650 perierunt.
1835 2581 1955 2638 (ζεο-

2059 2583 2348 2652 ὲπιισήμων
2400 2582 2610 2653 ἀνδρῶν
2649 2583 2698 2635 ol
2749 2581 2848 2650 μὲν
2883 2581 3104 2644 πλείους
3149 2581 3378 2644 ἑαυτοὺς
3430 2581 3644 2634 αὐτίκα

379 2667 482 2721 teri
521 2668 764 2738 periculo
794 2676 907 2723 tum
957 2669 1082 2741 fuga
1125 2671 1192 2724 ad
1239 2683 1388 2727 mare
1431 2674 1658 2736 evitato,
1703 2683 1840 2742 post
1881 2673 1948 2728 ad

2059 2673 2400 2740 ἀπέκτειναν,
2435 2675 2468 2745 ἢ
2508 2675 2728 2736 ἁλόντες
2749 2671 3066 2743 ἐφθάρησαν
3089 2686 3102 2702 ·
3137 2672 3186 2725 oi
3215 2671 3272 2724 δὲ
3301 2670 3480 2724 λοιποὶ
3510 2673 3642 2724 τότε

373 2759 604 2814 Sextum
670 2774 728 2816 se
789 2763 1169 2818 contulerunt.
1220 2762 1356 2818 Cum
1396 2763 1598 2819 Brutus
1633 2775 1690 2819 et
1729 2764 1951 2821 (‘assius

2059 2767 2409 2835 διαφυγόντες
2435 2768 2528 2819 ἐπὶ
2553 2767 2653 2836 τὴν
2669 2765 2966 2830 θάλασσαν,
3001 2764 3141 2836 μετὰ
3163 2763 3321 2819 τοῦτο
3350 2764 3426 2835 τῷ
3453 2764 3642 2837 Σέξτῳ

379 2851 573 2906 iisdem
613 2852 839 2908 ensibus
874 2855 1078 2923 quibus
1101 2853 1374 2910 Ctesarem
1407 2855 1772 2922 trucidarunt,
1827 2873 1954 2928 per-

2059 2859 2407 2928 προσέθεντο.
2443 2859 2552 2911 Καὶ
2577 2860 2606 2911 6
2637 2859 2735 2928 μὲν
2758 2857 2992 2928 Βροῦτος
3023 2858 3118 2910 καὶ
3149 2859 3176 2910 6
3203 2856 3440 2919 Κάσσιος
3459 2857 3642 2920 οὕτως

377 2941 588 3011 iisscnt,
623 2941 804 2998 Caesar
835 2953 890 2998 et
935 2945 1206 2999 Antonius
1251 2945 1435 2999 statim
1488 2944 1792 3000 diviserunt
1845 2947 1948 3000 imo

2060 2949 2362 3017 ἀπώλοντο,
2405 2951 2517 3013 τοῖς
2547 2948 2726 3019 ξίφεσι
2761 2949 3088 3018 σφαγέντες,
3133 2943 3215 3010 οἷς
3245 2947 3338 3002 τὸν
3376 2949 3638 3020 Καίσαρα

378 3035 591 3102 perium
625 3054 638 3090 :
668 3034 745 3090 illi
779 3035 1044 3106 Hispania
1087 3049 1144 3092 et
1173 3037 1427 3092 Numidia
1471 3038 1735 3092 attributa
1757 3079 1771 3101 ,
1825 3038 1953 3093 huic

2059 3041 2442 3111 διεχρήσαντο.
2474 3042 2698 3112 Καῖσαρ
2741 3041 2798 3094 δὲ
2828 3040 2925 3096 καὶ
2979 3039 3266 3104 Ἀντώνιος
3305 3041 3506 3096 αὐτίκα
3535 3042 3639 3111 τὴν

379 3125 548 3180 Gallia
574 3136 629 3180 et
656 3125 836 3180 Africa
871 3145 885 3182 :
919 3127 1063 3195 pacti
1097 3127 1243 3182 inter
1269 3143 1390 3183 sese
1417 3167 1432 3192 ,
1479 3129 1524 3182 si
1553 3127 1800 3197 Lepidus
1830 3143 1950 3181 eam

2060 3131 2236 3203 ἀρχὴν
2265 3131 2618 3198 ἀνεδύσσντο,
2673 3132 2771 3186 καὶ
2811 3130 2892 3202 τῷ
2941 3131 3041 3199 μὲν
3070 3131 3105 3203 ἦ
3133 3149 3193 3185 τε
3235 3131 3446 3204 Ἰϐηρία
3474 3133 3571 3186 καὶ
3600 3135 3634 3202 ἡ

381 3216 737 3291 partitionem
801 3217 991 3294 iniquo
1036 3218 1205 3273 ferret
1254 3219 1478 3283 animo,
1537 3234 1596 3274 se
1653 3219 1727 3272 illi
1773 3219 1954 3274 Africa

2059 3224 2348 3294 Νουμηδία
2379 3224 2896 3294 προσεκεκλήρωτο,
2932 3224 3204 3294 Ἀντωνίῳ
3233 3225 3292 3279 δὲ
3329 3227 3362 3294 ἡ
3395 3225 3636 3280 Γαλατία

380 3327 654 3367 cessuros.
701 3313 856 3368 Solas
889 3324 1071 3369 autem
1122 3310 1220 3368 has
1264 3309 1576 3384 provincias
1626 3309 1952 3373 diviserunt,

2059 3333 2113 3369 τε
2174 3318 2269 3371 καὶ
2327 3319 2361 3386 ή
2410 3318 2668 3387 Ἀφρική,
2720 3316 3099 3386 συνθεμένοις,
3169 3319 3219 3370 εἰ
3275 3319 3370 3370 ἐπὶ
3417 3319 3638 3380 τούτοις

380 3404 525 3472 quod
563 3403 864 3460 Sard-niam
892 3417 947 3459 et
970 3404 1211 3462 Siciliam
1241 3405 1441 3460 Sextus
1487 3400 1775 3459 obtinebat
1804 3418 1819 3462 :
1853 3417 1956 3459 cac-

386 3504 553 3559 tcraa,
588 3503 788 3563 praeter
841 3484 1084 3560 Italiam,
1141 3496 1322 3552 adhuc
1362 3495 1418 3550 in
1479 3495 1719 3550 tumultu
1775 3505 1954 3552 erant.

382 3585 622 3640 Proinde
658 3587 928 3642 Antonius
959 3587 1012 3642 in
1053 3587 1232 3644 Asiam
1277 3587 1347 3644 ad
1397 3589 1672 3660 pacandos
1716 3603 1816 3644 eos
1859 3588 1956 3658 qui

387 3692 538 3733 arma
571 3687 765 3733 contra
801 3679 1062 3743 tulerant.
1093 3689 1144 3735 ct
1173 3681 1240 3736 ad
1273 3682 1559 3752 pecuniam
1611 3681 1955 3752 exigendam,

383 3767 540 3822 abiit.
563 3767 745 3823 Caesar
765 3768 818 3822 in
847 3769 1063 3823 Italiam
1081 3771 1399 3841 preparavit
1421 3812 1436 3838 ,
1477 3781 1538 3825 ut
1567 3770 1836 3840 Lepidum
1865 3810 1880 3834 ,
1912 3770 1956 3824 si

387 3857 520 3928 quid
555 3859 842 3926 movisset,
905 3864 1221 3926 coerceret,
1271 3870 1327 3916 et
1375 3876 1500 3916 cum
1539 3861 1705 3918 Sexto
1754 3861 1957 3916 bellum

386 3958 620 4019 gereret.
657 3948 763 4005 Sed
799 3966 866 4006 ex
896 3951 1090 4007 morbo
1129 3953 1338 4009 tardius
1384 3953 1746 4024 progrediens
1772 3993 1788 4016 ,
1846 3954 1961 4008 Ro-

390 4055 533 4094 mam
563 4041 736 4106 venit,
768 4043 1115 4113 peractisque
1143 4045 1387 4100 victoriae
1441 4045 1814 4108 solemnibus,
1874 4058 1962 4098 re-

391 4147 513 4186 rum
541 4133 1074 4190 administrationem
1102 4137 1360 4205 capessit.
1389 4135 1628 4206 Lepidus
1655 4136 1803 4190 enim
1845 4150 1962 4204 prae

391 4234 537 4279 metu
565 4233 620 4280 et
650 4226 903 4282 socordia
953 4228 1324 4296 quiescebat:
1369 4229 1591 4283 Antonii
1642 4245 1774 4283 vero
1826 4244 1964 4283 uxor

390 4312 598 4382 Fulvia,
645 4325 702 4370 et
741 4316 803 4370 L.
867 4319 1140 4374 Antonius
1184 4319 1416 4383 consul.,
1465 4329 1722 4388 suscepta
1775 4335 1962 4374 rerum

389 4423 557 4471 cura,
609 4407 810 4464 Caesari
860 4410 1314 4466 adversabantur.
1368 4411 1558 4482 Itaque
1606 4412 1652 4466 is
1699 4411 1962 4467 allinitatc

2056 3406 2434 3476 ἀγανακτήσει
2461 3408 2488 3459 ὁ
2523 3407 2777 3474 Λέπιδος,
2807 3407 3072 3477 ἐκστῆναί
3115 3411 3165 3460 οἱ
3203 3409 3302 3476 τῆς
3341 3410 3636 3477 Ἀφρικῆς.

2059 3495 2246 3557 Ταῦτα
2277 3496 2336 3555 δὲ
2375 3499 2514 3571 μόνα
2553 3498 2835 3565 ἐδάσαντο,
2881 3497 2961 3556 ὅτι
2992 3497 3180 3572 Σαρδὼ
3214 3497 3313 3572 μὲν
3355 3498 3446 3556 καὶ
3475 3499 3640 3555 Σικε-

2059 3590 2179 3646 λίαν
2233 3593 2426 3657 Σέξτος
2470 3595 2718 3664 κατεῖχε,
2750 3593 2819 3647 τὰ
2869 3593 2928 3646 δὲ
2981 3591 3088 3658 ἔξω
3138 3593 3240 3664 τῆς
3293 3590 3524 3656 Ἰταλίας
3574 3596 3636 3648 ἐν

2059 3687 2273 3756 ταραχῇ
2307 3680 2396 3755 ἦν.
2431 3685 2541 3739 Καὶ
2581 3688 2672 3738 ἐπὶ
2699 3684 2915 3749 τούτοις
2959 3685 3254 3750 Ἀντώνιος
3295 3685 3395 3756 μὲν
3431 3684 3514 3750 εἰς
3535 3686 3641 3757 τήν

2071 3772 2284 3838 Ἀσίαν,
2317 3777 2684 3845 καταστήσων
2713 3775 2842 3840 τοὺς
2871 3777 3055 3840 αὐτοῖς
3088 3776 3640 3848 ἀντιπολεμήσαντας

2059 3867 2155 3918 καὶ
2181 3867 2640 3938 ἀργυρολογήσων
2677 3865 2866 3940 ἀπῇει·
2905 3870 3123 3940 Καῖσαρ
3151 3869 3206 3924 δὲ
3227 3871 3305 3933 εἰς
3351 3871 3450 3940 τὴν
3491 3873 3637 3924 Ἰταο

2059 3955 2176 4008 λίλν
2203 3956 2462 4026 ὡρμήθη,
2487 3958 2577 4011 τὸν
2605 3958 2836 4011 Λέπιδον
2865 3959 3129 4013 κωλύσων
3159 3959 3225 4014 ἄν
3247 3978 3301 4014 τι
3330 3965 3637 4032 παρακινῇ,

2063 4050 2156 4100 καὶ
2199 4047 2276 4117 τῷ
2325 4047 2504 4119 Σέξτῳ
2568 4049 3013 4118 ἀντιταξόμενος.
3083 4051 3277 4105 Νοσῶν
3307 4052 3364 4105 δὲ
3405 4053 3502 4106 καὶ
3547 4053 3640 4108 διὰ

2060 4137 2218 4191 τοῦτο
2252 4137 2582 4210 βραδύτερον
2614 4140 2715 4194 ἰὼν
2744 4143 2826 4206 είς
2855 4142 2952 4212 τὴν
3001 4141 3220 4214 Ῥώμην
3256 4145 3510 4214 ἀφίκετο,
3544 4149 3644 4200 καὶ

2060 4228 2129 4279 τὰ
2163 4229 2527 4298 νενομισμένα
2560 4231 2655 4282 ἐπὶ
2703 4231 2768 4300 τῇ
2800 4229 2925 4301 νίκῃ
2978 4231 3206 4293 τελέσας
3233 4232 3368 4301 πρὸς
3400 4233 3500 4298 τὴν
3529 4233 3643 4286 τῶν

2063 4317 2408 4388 πραγμάτων
2434 4319 2649 4391 ὲτρᾶπη
2685 4321 2975 4388 διοίκησιν.
3019 4318 3087 4375 Ὃ
3117 4323 3227 4393 γὰρ
3270 4324 3505 4387 Λέπιδος
3551 4328 3646 4380 καὶ

2065 4409 2218 4479 φόϐῳ
2276 4411 2370 4464 καὶ
2417 4411 2619 4482 νωθείᾳ
2649 4413 2964 4482 ἡσύχασεν·
3014 4414 3046 4482 ή
3098 4414 3156 4466 δὲ
3204 4413 3301 4467 τοῦ
3353 4415 3644 4469 Ἀντωνίαν

390 4500 696 4569 repudiata,
735 4500 898 4556 ﬁliam
925 4503 1135 4558 remisit
1173 4503 1371 4558 Fulviae
1404 4519 1418 4557 :
1449 4518 1625 4574 eaque
1673 4506 1738 4558 de
1771 4519 1956 4567 causa,

2064 4502 2202 4571 γυνὴ
2251 4497 2494 4556 Φούλϐία
2552 4503 2647 4557 καὶ
2695 4505 2722 4556 ὁ
2754 4503 2980 4566 Λούκιος
3022 4503 3310 4568 ’Ἀντώνιος
3357 4506 3646 4561 ὑπατεύων

386 4599 443 4644 et
485 4601 709 4662 propter
763 4592 961 4649 famem
1013 4595 1293 4650 Romanos
1353 4604 1730 4664 prementem,
1775 4597 1962 4650 animo

385 4684 566 4740 Caesar
593 4688 880 4743 aestuabat.
907 4689 1042 4745 Nam
1075 4705 1224 4744 mare
1276 4690 1523 4745 Siculum
1556 4707 1584 4744 a
1617 4691 1783 4746 Sexto
1812 4700 1963 4746 tene-

393 4777 552 4831 batur
591 4795 605 4830 :
643 4779 800 4834 sinus
828 4780 1010 4834 Ionius
1036 4797 1065 4835 a
1087 4779 1187 4836 Cn.
1223 4781 1482 4846 Domitio,
1515 4784 1607 4853 qui
1644 4799 1709 4838 ex
1731 4781 1962 4838 Caesaris

391 4868 810 4936 percussoribus
844 4886 988 4926 unus
1017 4913 1031 4936 ,
1066 4887 1097 4925 e
1129 4888 1309 4941 pugna
1357 4874 1658 4944 Philippica
1704 4875 1922 4945 elapsus
1944 4913 1962 4940 ,

389 4959 564 5014 classe
588 4971 900 5029 comparata
942 4961 1291 5019 adversarios
1339 4963 1656 5022 infestabat.
1701 4967 1784 5023 0b
1841 4983 1964 5022 eam

394 5049 557 5120 igitur
586 5049 785 5105 famem
816 5061 873 5107 et
905 5051 1030 5106 aliis
1061 5055 1127 5108 de
1165 5055 1348 5110 causis
1393 5056 1666 5112 seditione
1715 5066 1834 5113 orta
1881 5057 1966 5112 in-

393 5155 478 5196 ter
532 5142 752 5212 plebem
802 5152 859 5199 et
914 5144 1160 5210 milites,
1207 5147 1275 5201 ad
1321 5163 1518 5204 manus
1557 5157 1784 5203 ventum
1832 5158 1961 5204 est:

382 5233 647 5304 utrinque
675 5235 884 5306 aliquot
923 5237 1191 5292 vulnerati
1223 5248 1280 5292 et
1323 5239 1496 5302 czesii,
1552 5247 1608 5295 et
1653 5241 1966 5308 complures

390 5325 535 5380 aedes
564 5326 817 5382 incensae.
850 5327 944 5382 llis
973 5330 1135 5384 rebus
1161 5331 1388 5384 territus
1415 5330 1596 5385 C:esar
1624 5371 1639 5396 ,
1670 5347 1795 5385 cum
1840 5331 1934 5384 Ful
1953 5361 1968 5375 -

393 5416 481 5470 via
532 5427 590 5471 et
639 5415 810 5472 Lucio
843 5420 1068 5474 consule
1114 5419 1170 5475 in
1218 5420 1447 5491 gratiam
1494 5421 1673 5476 redire
1731 5422 1962 5476 studuit.

394 5504 500 5560 Sed
565 5509 1009 5564 reconciliatione
1062 5527 1158 5580 per
1204 5500 1406 5565 multos
1452 5511 1588 5566 alios
1641 5521 1698 5568 et
1765 5513 1966 5566 milites

393 5595 596 5651 frustra
637 5604 860 5666 tentata,
893 5601 1055 5671 510
1081 5612 1361 5658 senatores
1407 5604 1596 5659 misit:
1629 5620 1834 5674 eosque
1868 5621 1966 5674 pa-

398 5685 501 5738 ctis
522 5723 538 5746 .
591 5700 712 5754 quae
741 5703 862 5742 cum
906 5692 1144 5746 Antonio
1178 5693 1384 5747 fecerat
1409 5734 1424 5758 ,
1452 5695 1714 5763 expositis
1747 5703 1967 5748 contro-

398 5775 702 5828 versiarum
725 5777 934 5846 iudices
969 5783 1218 5852 sumpsit.
1249 5782 1349 5850 Qui
1387 5799 1509 5838 cum
1537 5801 1638 5839 nee
1673 5783 1773 5852 ipsi
1809 5781 1968 5854 quid-

2067 4593 2176 4645 τῶν
2223 4595 2568 4664 πραγμάτων
2617 4595 3089 4664 ἀντελαμϐάνοντο
3135 4593 3230 4650 καὶ
3270 4595 3350 4664 τῷ
3403 4598 3647 4668 Καίσαρι

2068 4685 2450 4755 διηνέχθησαν,
2481 4686 2621 4740 ὥστε
2678 4687 2767 4740 τὸν
2801 4689 3058 4756 Καίσαρα
3109 4688 3208 4752 τὴν
3253 4687 3354 4756 τῆς
3384 4689 3646 4753 Φουλϐίας

2071 4777 2350 4846 θυγατέρα
2373 4777 2592 4846 πέμψαι
2624 4777 2789 4848 αὐτῇ,
2812 4777 2911 4846 τὴν
2942 4780 3006 4830 ὲκ
3048 4777 3148 4846 τῆς
3179 4779 3484 4849 ἐπιγαμίας
3516 4797 3650 4848 συγ-

2071 4869 2290 4938 γένειαν
2353 4869 2632 4924 λύσαντα·
2667 4873 2764 4924 καὶ
2811 4870 2902 4924 διὰ
2937 4869 3112 4924 ταῦτα
3156 4867 3272 4934 οὖν,
3310 4875 3405 4926 καὶ
3429 4873 3517 4926 διὰ
3555 4875 3650 4926 τὸν

2070 4959 2251 5030 λιμὸν,
2305 4959 2364 5023 ὃς
2412 4961 2533 5013 τζτε
2593 4961 2719 5026 τοὺς
2759 4961 3070 5031 Ῥωμαίους
3092 4961 3338 5028 ἐπίεζεν,
3372 4966 3400 5017 6
3429 4965 3649 5036 Καῖσαρ

2070 5052 2129 5102 ὲν
2183 5051 2464 5122 ἀμηχανίᾳ
2513 5051 2752 5119 ἐγένετο.
2801 5052 2867 5104 Ἣ
2921 5053 3019 5122 μὲν
3061 5058 3168 5124 γὰρ
3203 5055 3342 5108 κατὰ
3385 5054 3650 5111 Σικελίαν

2071 5140 2316 5195 θάλασσα
2365 5141 2471 5194 ὑπὸ
2518 5140 2612 5194 τοῦ
2652 5141 2854 5207 Σέξτου
2913 5144 3218 5212 κατείχετο,
3273 5147 3302 5198 6
3363 5145 3408 5198 δ’
3447 5146 3649 5210 Ἱὼνιος

2071 5234 2273 5298 κόλπος
2305 5235 2410 5288 ὑπὸ
2469 5231 2728 5304 Ἀομιτίου
2759 5229 2987 5302 Τναύου,
3016 5236 3075 5298 ὃς
3106 5235 3214 5288 τῶν
3244 5237 3344 5306 μὲν
3394 5239 3650 5304 σφαγέων

2072 5325 2166 5378 τοῦ
2223 5328 2504 5396 Καίσαρος
2556 5323 2646 5398 ἦν,
2688 5329 2752 5380 ἐκ
2800 5328 2856 5380 δὲ
2903 5330 3004 5396 τῆς
3046 5330 3103 5380 ὲν
3127 5327 3420 5392 Φιλίπποις
3469 5329 3650 5398 μάχης

2072 5418 2354 5486 διαφυγὼν
2378 5420 2634 5473 ναυτικὸν
2665 5420 3052 5489 συνεκρότησε,
3091 5419 3184 5471 καὶ
3224 5419 3318 5472 τοῦ
3351 5437 3411 5472 τε
3447 5421 3648 5475 κόλπον

2072 5511 2268 5581 χρόνον
2307 5512 2431 5564 τινὰ
2481 5511 2754 5582 ἐκράτησε
2788 5513 2882 5564 καὶ
2925 5512 3052 5572 τοὺς
3097 5511 3373 5575 ἐναντίους
3402 5513 3645 5582 ἔφθειρε.

2073 5604 2174 5656 Διά
2209 5602 2340 5670 γοῦν
2395 5603 2488 5656 τὸν
2543 5603 2703 5671 λιμὸν
2731 5603 2943 5671 τοῦτον,
2976 5604 3070 5656 καὶ
3110 5603 3176 5657 δι’
3219 5605 3398 5666 αἰτίας
3433 5605 3645 5672 ἑτέρας,

2074 5695 2168 5745 καὶ
2202 5691 2533 5744 ἐστασίασαν
2582 5693 2717 5762 πρδς
2770 5692 3030 5762 ἀλλήλους
3075 5692 3103 5744 ὃ
3139 5709 3196 5744 τε
3218 5693 3388 5764 δῆμος
3444 5694 3540 5747 καὶ
3590 5695 3648 5746 τὸ

2079 5781 2500 5850 στρατιωτικὸν,
2545 5785 2640 5836 καὶ
2687 5786 2766 5844 ετς
2823 5785 3002 5852 μάχας
3047 5784 3078 5853 ἡ
3126 5782 3314 5846 στάσις
3353 5783 3640 5853 περιέστη,
