4024 6408
399 370 507 433 865

1683 367 2089 429 ANNALIUM
2130 367 2267 425 UB.
2322 367 2390 426 Χ.

3564 369 3667 433 δὸϐ

403 488 547 542 ὥστε
566 486 663 542 καὶ
692 484 1092 558 τιτρώσκεσθαι
1120 484 1216 539 καὶ
1253 484 1511 553 θνήσκειν
1540 483 1600 547 ἐξ
1625 484 1975 552 ἀμφοτέρων.

2086 496 2246 547 quam
2281 480 2688 547 impetrassent,
2729 495 2920 535 rursus
2974 482 3039 535 ad
3099 484 3301 536 milites
3355 485 3665 541 inclinavit.

401 583 496 635 καὶ
530 582 708 643 οίκίας
734 578 1195 650 καταπρησθῆναι
1217 577 1438 646 συχνὰς.
1481 577 1766 629 Ἐντεῦθεν
1799 577 1982 638 δείσας

402 674 428 724 ό
485 674 745 743 Καῖσαρ,
805 670 1214 738 καταλλαγῆναι
1246 670 1310 739 τῇ
1356 684 1419 721 τε
1468 667 1704 739 Φουλϐία
1758 668 1853 719 καὶ
1906 666 1983 736 τῷ

404 764 598 834 ὑπάτῳ
659 763 737 834 τῷ
800 763 1018 830 Λουκίῳ
1048 761 1332 830 ἠθέλησεν.
1374 761 1528 815 Ἐπεὶ
1563 761 1617 813 δὲ
1648 759 1735 812 διὰ
1770 758 1982 811 πολλῶν

402 854 579 908 ἄλλων
607 855 697 907 καὶ
726 853 835 911 τῶν
863 853 1316 923 ἐστρατευμένων
1345 852 1820 922 πρεσϐευσάμενος
1845 852 1981 919 πρὸς

403 945 600 1007 αὐτοὺς
636 945 786 998 οὐδὲν
814 945 998 1014 ἤνυεν,
1029 943 1325 1013 βουλευτὰς
1365 942 1598 1010 ἔστειλε,
1640 944 1737 1007 τάς
1762 962 1819 996 τε
1854 962 1982 996 συν-

404 1036 576 1107 θήκας
602 1036 700 1099 τὰς
732 1035 867 1105 πρὸς
893 1035 984 1088 τὸν
1002 1036 1290 1090 Ἀντώνιον
1309 1035 1458 1105 αύτῷ
1490 1035 1787 1104 γενομένας
1816 1036 1983 1103 ἐκφή-

404 1145 500 1190 νας
535 1127 704 1195 σφίσι,
735 1128 830 1180 καὶ
861 1127 1118 1190 δικαστὰς
1150 1127 1258 1178 τῶν
1280 1127 1554 1194 διαφορῶν
1589 1127 1786 1188 αὐτοὺς
1820 1127 1981 1194 ποιή-

405 1237 524 1282 σις.
563 1220 650 1282 Ὠς
685 1220 730 1272 δ’
769 1219 922 1272 οὐδὲν
958 1219 1068 1272 οὐδ’
1123 1212 1269 1273 οῦτοι
1318 1219 1524 1288 πρᾶξαι
1556 1220 1805 1287 ἴσχυσαν,
1841 1219 1976 1290 πρὸς

399 1315 461 1366 τὸ
497 1313 891 1382 στρατιωτικὸν
922 1309 1076 1375 αὖθις
1121 1311 1405 1366 ἀπέκλινε.
1442 1313 1548 1364 Καὶ
1597 1315 1675 1374 εἰς
1705 1312 1805 1382 τὴν
1842 1311 1977 1364 Ῥὼο

403 1420 512 1474 μην
558 1407 607 1457 οἱ
643 1404 998 1473 στρατιῶται,
1032 1403 1107 1466 ὡς
1135 1404 1231 1456 καὶ
1276 1402 1354 1471 τῷ
1389 1402 1546 1473 δήμῳ
1574 1405 1667 1456 καὶ
1702 1406 1766 1474 τῇ
1808 1402 1974 1474 βουλῇ

399 1496 789 1565 κοινωσόμενοί
814 1515 867 1549 τι
896 1494 1279 1559 συνελθόντες,
1311 1495 1519 1547 τούτων
1537 1495 1632 1561 μέν
1660 1496 1761 1548 οὐκ
1784 1497 1978 1566 ἐφρόν-

398 1606 588 1649 τισανο
617 1592 674 1655 ἐς
729 1589 786 1643 δὲ
836 1589 896 1649 τὸ
941 1586 1291 1642 Καπιτώλιον
1335 1587 1741 1657 ἀθροισθέντες,
1781 1588 1880 1650 τάς
1913 1605 1972 1640 τε

401 1681 674 1750 συνθήκας
732 1679 798 1742 ἃς
853 1681 880 1732 ὁ
945 1677 1234 1741 Ἀντώνιος
1279 1680 1376 1731 καὶ
1424 1679 1453 1730 6
1519 1681 1732 1749 Καῖσαρ
1790 1679 1976 1732 ἔθεντο

399 1768 815 1838 ἀναγνωσθῆναι
845 1768 1028 1836 σφίσιν
1052 1768 1364 1832 ἐκέλευσαν,
1396 1768 1491 1822 καὶ
1515 1767 1730 1830 ἐκείνας
1758 1784 1818 1821 τε
1840 1770 1971 1821 ἐπε-

2095 568 2158 622 lli
2190 585 2321 622 vero
2362 570 2589 623 Romam
2621 571 2849 639 ingressi
2874 610 2888 634 ,
2924 583 2983 626 ut
3006 589 3129 626 eum
3186 586 3380 630 senatu
3434 579 3666 646 populo-

2090 674 2198 727 que
2235 662 2411 713 acturi
2464 662 2694 729 aliquid,
2775 664 2840 716 iis
2909 664 3213 732 neglectis,
3276 666 3329 719 in
3394 666 3669 737 Capitolio

2091 760 2488 817 convenerunt,
2523 763 2577 805 et
2613 754 2789 822 pactis
2820 771 2941 824 qua:
2970 757 3187 809 recitari
3222 759 3323 811 sibi
3354 759 3667 828 jnsserant,

2090 845 2431 899 confirmatis
2458 885 2471 906 ,
2510 847 2843 915 semetipsos
2895 851 3399 902 controversiarum
3447 853 3667 921 judires

2088 940 2522 993 constituerunt.
2555 939 2633 992 Ac
2668 940 2878 994 (Σίνδοι-ε
2908 940 2974 993 ad
3007 941 3152 994 diem
3209 953 3409 997 statum
3444 958 3665 1003 causam

2089 1028 2273 1082 dicere
2305 1038 2518 1098 parato,
2553 1030 2799 1084 Fulviam
2856 1041 2910 1085 et
2962 1034 3245 1087 cmisulem
3302 1035 3555 1091 absentes
3606 1046 3669 1091 ut

2087 1119 2320 1189 injurios
2375 1122 2854 1185 condemnarunt,
2906 1122 3136 1178 Caesaris
3191 1142 3355 1179 causa
3407 1128 3661 1195 probata.

2084 1211 2217 1265 lude
2251 1226 2428 1280 pugna
2460 1212 2604 1267 inter
2639 1213 3028 1269 dissentientes
3054 1227 3171 1269 orta
3196 1256 3211 1282 ,
3264 1219 3315 1269 in
3349 1234 3453 1286 qua
3508 1220 3668 1274 multi

2085 1315 2369 1358 senatores
2421 1302 2585 1373 atque
2615 1305 2830 1373 equites
2858 1308 2976 1360 «tesi
3017 1317 3145 1360 sunt
3180 1324 3195 1360 :
3231 1311 3456 1362 victoria
3502 1326 3668 1378 penes

2083 1394 2351 1449 Caesarem
2383 1393 2508 1459 fuit,
2542 1394 2711 1448 Lucio
2751 1396 2976 1450 consule
3025 1405 3186 1465 capto
3214 1438 3228 1462 ,
3278 1399 3374 1451 sed
3414 1400 3663 1453 dimisso.

2083 1486 2271 1539 Fulvia
2327 1502 2457 1541 vero
2497 1502 2619 1540 cum
2680 1487 2870 1541 liberis
2924 1488 2988 1540 ad
3040 1488 3341 1542 Antonium
3401 1492 3661 1561 profugit.

2080 1577 2259 1632 Czesar
2290 1578 2443 1631 Italia
2480 1580 2729 1641 subacta,
2771 1590 2826 1632 et
2861 1580 3015 1633 lanio
3047 1582 3169 1633 sinu
3201 1583 3435 1635 liberato
3501 1591 3660 1651 (nam

2085 1671 2371 1735 Domitius,
2403 1671 2710 1740 chperatis
2736 1671 2923 1736 rebus,
2951 1672 3020 1725 ad
3075 1672 3374 1727 Antonium
3419 1689 3477 1729 se
3523 1690 3663 1728 eon-

2085 1761 2342 1831 tulerat),
2369 1774 2559 1817 contra
2598 1762 2835 1817 Sextum
2864 1778 2922 1818 se
2978 1766 3219 1832 parabat.
3253 1763 3359 1819 Sed
3387 1766 3505 1836 ejus
3561 1782 3661 1836 po-

398 1834 674 1931 κύρωσαν,
696 1834 790 1914 καὶ
819 1834 948 1930 περὶ
978 1853 1054 1914 ὧν
1078 1860 1411 1929 διεφέροντο,
1435 1859 1665 1922 ἑαυτοὺς
1712 1859 1975 1913 ἐκάθισαν

2083 1857 2305 1909 tentiam
2339 1867 2611 1921 metuens,
2681 1866 2755 1917 et,
2794 1858 3057 1925 quoniam
3090 1859 3135 1911 is
3158 1873 3255 1927 per
3280 1868 3507 1913 matrem
3535 1874 3659 1914 cum

394 1951 678 2016 δικαστάς.
705 1954 815 2009 Καὶ
838 1951 1027 2022 ἐπειδὴ
1051 1951 1080 2003 6
1103 1951 1201 2021 μὲν
1235 1953 1451 2021 Καῖσαρ
1473 1951 1688 2021 ἕτοιμος
1719 1952 1977 2020 eamea-

396 2059 487 2097 ναι
517 2043 658 2097 κατὰ
684 2043 784 2113 τὴν
803 2042 1118 2112 ὡρισμένην
1144 2041 1357 2112 ἡμέραν
1410 2041 1650 2119 ἐγένετο,
1684 2044 1717 2112 ή
1740 2044 1979 2096 Φουλϐία

395 2135 454 2193 δὲ
483 2135 578 2190 καὶ
624 2137 654 2189 6
687 2135 893 2196 ὓπατος
926 2135 988 2186 οὐ
1020 2135 1231 2205 παρῆν,
1275 2134 1350 2198 ὡς
1383 2135 1712 2190 ἀδικούντων
1751 2139 1978 2190 ἐκείνων

396 2227 863 2298 κατεψηφίσαντο,
904 2229 1096 2281 καὶτὰ
1120 2227 1215 2280 τοῦ
1256 2228 1544 2299 Καίσαρος
1578 2229 1975 2297 ἐπρέσϐευσαν.

396 2319 509 2373 Καὶ
567 2319 715 2388 μάχη
770 2318 975 2387 μεταξὺ
1027 2317 1210 2371 αὐτῶν
1281 2319 1715 2389 συγκεκρότητο,
1755 2321 1877 2373 καθ’
1911 2323 1978 2391 ήν

397 2407 704 2478 ὑπερέσχεν
732 2408 760 2459 6
792 2409 1037 2480 Καῖσαρ,
1071 2408 1212 2462 ὥστε
1247 2408 1474 2472 πολλοὺς
1515 2410 1626 2465 τῶν
1668 2428 1725 2464 τε
1756 2411 1977 2481 βουλευ-

396 2501 507 2558 τῶν
541 2502 633 2553 καὶ
682 2498 792 2554 τῶν
854 2501 1064 2553 ἱππέων
1118 2500 1417 2572 φθαρῆναι,
1480 2502 1575 2554 καὶ
1627 2505 1718 2554 τὸν
1771 2503 1977 2556 ὕπατον

397 2591 604 2653 ἁλῶναι
627 2592 717 2646 τὸν
746 2592 999 2655 Λούκιον,
1049 2592 1388 2661 ἀπολυθῆναι
1433 2593 1512 2647 δέ.
1551 2593 1615 2646 Ἦ
1648 2594 1703 2646 δὲ
1743 2596 1978 2650 Φουλϐία

400 2687 541 2758 μετὰ
568 2683 677 2735 τῶν
704 2683 911 2736 τέκνων
942 2683 1154 2753 ἀπέδρα
1185 2683 1321 2753 πρὸς
1370 2682 1459 2736 τὸν
1506 2686 1809 2739 Ἄντώνιον.
1844 2689 1980 2740 Καῖ-

398 2788 503 2843 σαρ
520 2773 575 2826 δὲ
610 2774 678 2827 τά
698 2791 755 2826 τε
788 2776 845 2827 ἐν
867 2777 934 2845 τῇ
977 2773 1178 2845 Ἰταλίᾳ
1213 2776 1724 2845 κατεργασάμενος,
1752 2780 1849 2831 καὶ
1881 2783 1975 2832 τοῦ

411 2862 615 2923 Ἰωνίαν
691 2865 898 2927 κόλπου
956 2864 1410 2935 ἠλευθερωμένου
1468 2868 1514 2935 (6
1561 2866 1670 2936 γὰρ
1725 2871 1978 2939 Δομίτιος

397 2953 670 3023 ἀπογνοὺς
689 2956 1003 3019 ἀπέπλευσε
1032 2957 1169 3027 πρὸς
1201 2957 1506 3026 Ἀντώνιον)
1537 2963 1978 3031 παρεσκευάζετο

397 3046 472 3109 ὡς
529 3048 671 3117 πρὸς
712 3048 804 3102 τὸν
850 3048 1044 3116 Σέξτον
1076 3050 1360 3121 ὁρμήσων.
1395 3052 1493 3105 Διὰ
1530 3052 1586 3105 δὲ
1614 3053 1713 3124 τὴν
1747 3053 1977 3123 δύναμιν

395 3137 587 3202 αὑτοῦ,
615 3142 710 3191 καὶ
741 3141 820 3192 ὅτι
848 3140 926 3210 τῷ
966 3139 1237 3211 Ἀντωνίῳ
1266 3140 1352 3203 διὰ
1386 3144 1485 3212 τῆς
1538 3144 1742 3214 μητρὸς
1771 3146 1978 3198 ἐκοινο-

395 3227 692 3297 λογήσατο,
718 3230 889 3282 ἔδεισε
924 3230 998 3300 μὴ
1029 3232 1125 3285 καὶ
1157 3235 1361 3300 ἀμφοῖν
1386 3234 1501 3302 ἅμα
1526 3234 1811 3308 πολεμήσας,
1832 3252 1845 3265 ·
1877 3240 1972 3288 καὶ

392 3321 485 3373 τὸν
509 3322 701 3387 Σέξτον
738 3326 1107 3394 προτιμήσας,
1136 3323 1232 3377 an;
1248 3324 1343 3377 τοῦ
1388 3326 1678 3384 Ἀντωνίου
1719 3329 1972 3380 πιστότε-

395 3412 490 3482 ρόν
528 3430 588 3465 τε
630 3415 726 3465 καὶ
787 3415 1158 3485 ἰσχυρότερον,
1217 3417 1318 3485 τήν
1369 3433 1428 3468 τε
1476 3418 1689 3487 μητέρα
1724 3419 1972 3475 Μουκίαν

394 3508 545 3578 αύτῷ
572 3507 805 3578 έπεμψε,
841 3511 937 3564 καὶ
974 3511 1073 3580 τὴν
1107 3512 1202 3564 τοῦ
1237 3511 1504 3582 πενθεροῦ
1532 3513 1702 3566 αὑτοῦ
1738 3516 1972 3569 Λουκίου

393 3599 731 3670 Σκριϐωνίου
755 3602 994 3667 Λίϐωνος
1021 3603 1259 3674 ἀδελφὴν
1290 3603 1518 3674 ἔγημεν,
1550 3605 1604 3657 εἴ
1632 3622 1746 3671 πως
1776 3609 1838 3661 ἐκ
1876 3612 1971 3676 τῆς

392 3692 712 3764 εὐεργεσίας
731 3695 938 3765 καὶτῆς
963 3697 1283 3764 συγγενείας
1304 3698 1456 3767 φίλον
1474 3699 1640 3751 αὐτὸν
1665 3702 1973 3770 ποιήσαιτο,

403 3783 465 3838 Ὅ
492 3786 602 3855 γὰρ
648 3788 843 3855 Σέξτος
893 3788 991 3858 τῆς
1028 3790 1205 3859 ἀρχῆς
1244 3784 1311 3860 ἦς
1342 3785 1509 3861 εἶχεν,
1541 3792 1646 3845 ὑπὸ
1685 3794 1972 3863 Καίσαρος

394 3877 588 3948 πρώην
610 3880 966 3949 παραλυθεὶς,
998 3880 1095 3934 τοῦ
1115 3881 1170 3934 δὲ
1187 3882 1447 3936 ναυτικοῦ
1475 3885 1855 3954 ἀντεχόμενος,
1877 3890 1972 3938 ατε

394 3968 473 4040 μὴ
523 3971 618 4024 τοῦ
678 3973 843 4041 φόνου
865 3971 960 4025 τοῦ
998 3973 1276 4043 Καίσαρος
1334 3975 1546 4026 ἐκείνου
1596 3975 1970 4046 μετεσχηκὼς,

393 4061 591 4131 ῆλπιζε
619 4065 713 4116 καὶ
745 4064 1187 4137 καταχθήσεσθαι
1216 4066 1354 4134 πρὸς
1392 4065 1487 4118 τοῦ
1519 4068 1640 4119 νέου
1669 4068 1969 4137 Καίσαρος.

2079 1948 2318 2001 Antonio
2342 1947 2409 2001 de
2440 1947 2821 2015 pacificatione
2859 1956 3069 2017 egerat,
3130 1964 3197 2002 ne
3248 1964 3381 2002 cum
3431 1959 3662 2018 utroque

2081 2040 2432 2108 pugnandum
2466 2048 2611 2093 esset
2646 2040 2875 2101 veritus,
2911 2039 3136 2094 Sextum
3195 2048 3254 2094 ut
3294 2048 3350 2095 et
3390 2043 3665 2109 potentio-

2080 2145 2194 2183 rem
2225 2140 2279 2185 et
2310 2129 2608 2184 ﬁdeliorem
2640 2129 2884 2184 Antonio
2908 2130 3169 2200 praetulit,
3201 2132 3367 2185 missa
3400 2135 3447 2184 ei
3480 2142 3657 2185 matre

2079 2222 2270 2284 Illutia,
2310 2231 2365 2274 et
2408 2222 2581 2276 soceri
2648 2222 2771 2291 ejus
2826 2221 2888 2274 L.
2940 2220 3216 2275 Scribouii
3267 2221 3499 2276 Libonis
3551 2223 3659 2276 lilia

2079 2314 2266 2378 ducta,
2303 2329 2369 2367 eo
2396 2312 2666 2369 beneficio
2696 2324 2753 2367 et
2779 2313 3041 2368 afﬁnitate
3073 2314 3126 2367 in
3175 2314 3473 2368 amicitiam
3511 2314 3662 2369 illius

2078 2421 2138 2460 se
2175 2406 2457 2461 insinuare
2497 2405 2747 2459 studens.
2782 2403 2982 2458 Sextus
3002 2405 3149 2457 enim
3173 2444 3187 2469 ,
3240 2404 3503 2475 adempto
3555 2405 3659 2459 sibi

2079 2498 2295 2567 pridem
2341 2512 2373 2550 a
2419 2496 2632 2555 Caesare.
2671 2497 2905 2565 imperio
2963 2496 3107 2565 quod
3156 2503 3444 2563 tenuerat,
3489 2498 3663 2553 classe

2080 2590 2402 2644 nitebatur:
2441 2596 2497 2643 et
2546 2589 2674 2657 quia
2721 2589 2889 2643 caedis
2938 2587 3169 2644 Caesaris
3222 2591 3502 2660 particeps
3548 2606 3660 2646 non

2078 2681 2277 2745 fuerat,
2317 2694 2470 2748 spem
2500 2676 2743 2743 fovebat,
2772 2677 2888 2732 fore
2923 2687 2982 2732 ut
3010 2678 3081 2734 ab
3127 2679 3480 2735 adolescente
3535 2679 3659 2736 Ca;-

2078 2786 2200 2826 sare
2242 2760 2725 2825 revocaretur.’l}t
2754 2784 2886 2824 vero
2916 2769 3175 2839 cognovit
3216 2785 3274 2825 se
3310 2786 3532 2840 quoque
3584 2772 3657 2826 ob

2079 2863 2283 2918 caedem
2310 2863 2463 2918 illius
2499 2862 2867 2932 proscriptum
2894 2878 3016 2918 esse
3039 2902 3054 2927 ,
3079 2863 3371 2933 desperato
3417 2864 3601 2919 reditu
3635 2905 3652 2929 ,

2083 2955 2398 3009 triremibus
2429 2953 2812 3017 aadificaudis,
2866 2962 2923 3007 et
2981 2953 3279 3024 transfugis
3326 2956 3661 3024 recipiendis

2079 3051 2145 3103 ad
2179 3048 2385 3102 bellum
2429 3062 2488 3101 se
2521 3047 2768 3117 parabat.
2803 3047 3000 3102 Piratis
3045 3048 3213 3103 etiam
3269 3046 3505 3112 aseitis',
3547 3050 3659 3103 exi-

2079 3155 2297 3210 guoque
2357 3148 2605 3209 tempore
2654 3140 2867 3208 magnis
2918 3138 3130 3193 viribus
3188 3139 3410 3204 nitens,
3468 3139 3657 3195 italico

2080 3236 2213 3288 mari
2250 3232 2481 3302 petitus,
2512 3247 2775 3300 prospero
2805 3232 3040 3286 fortuna:
3088 3230 3214 3285 ﬂatu
3264 3230 3507 3287 Siciliam
3560 3247 3657 3287 oc-

2080 3326 2320 3396 cupavit,
2378 3325 2566 3394 ibique
2618 3332 2780 3378 aucto
2821 3325 3069 3379 exercitu
3121 3326 3353 3379 classem
3407 3323 3661 3380 firmissi-

2080 3435 2223 3474 mam
2259 3419 2621 3487 comparavit.
2657 3417 2750 3472 His
2796 3418 2960 3484 igitur
2987 3418 3054 3472 de
3078 3417 3300 3480 causis»,
3331 3429 3385 3474 et
3432 3433 3500 3472 ne
3530 3431 3659 3473 cum

2078 3510 2317 3565 Antonio
2346 3510 2510 3565 iniret
2541 3511 2860 3568 amicitiam.
2895 3524 3017 3563 cum
3067 3524 3135 3563 eo
3186 3509 3368 3564 redire
3422 3508 3475 3563 in
3530 3524 3659 3578 gra-

2082 3604 2212 3658 tiam
2253 3602 2438 3658 Czesar
2485 3603 2843 3657 desideravit.
2896 3603 3001 3657 Sed
3048 3604 3225 3672 impos
3271 3603 3384 3657 voti
3444 3602 3657 3665 factus,

2083 3697 2153 3751 Μ.
2191 3697 2428 3766 Agrippa
2482 3707 2673 3749 contra
2724 3696 2877 3749 illum
2931 3695 3145 3759 misso,
3192 3695 3307 3764 ipse
3364 3695 3417 3747 in
3456 3693 3660 3749 Gallias

2079 3790 2234 3845 ab’it.
2269 3790 2389 3855 Quo
2425 3788 2622 3844 Sextus
2648 3788 2866 3857 cognito
2900 3790 2951 3840 in
3001 3787 3215 3842 Italiam
3277 3786 3524 3856 appulit,
3593 3799 3659 3838 ex

2078 3897 2253 3951 caque
2278 3881 2485 3950 praedas
2518 3881 2649 3949 egit.
2684 3880 2866 3934 (λι-ειη·
2896 3880 3088 3934 Galliis
3119 3880 3348 3949 potitus,
3384 3877 3654 3947 Lepidum

2080 3976 2137 4028 in
2160 3974 2399 4028 AfriCam
2431 3973 2722 4041 ablegavit,
2758 3981 2811 4023 ut
2836 3973 2938 4027 sibi
2979 3974 3095 4037 uni,
3135 3986 3242 4025 non
3286 3971 3451 4026 etiam
3481 3969 3657 4024 Anto-

2081 4069 2174 4123 nio
2205 4067 2435 4137 gratiam
2464 4066 2608 4118 illam
2631 4064 2881 4117 deberet.

404 4155 494 4218 Ὠς
519 4156 562 4207 δ’
598 4156 739 4225 ἔγνω
771 4158 867 4210 καὶ
894 4160 979 4209 ἐπ’
1009 4157 1158 4227 αύτῷ
1180 4157 1272 4210 τὸν
1298 4157 1507 4210 ἐκείνου
1540 4159 1703 4225 φόνον
1735 4161 2271 4233 ἐπικεκηρυγμένον,
2307 4159 2532 4226 ἀπέγνω
2565 4159 2659 4210 καὶ
2699 4157 2833 4227 πρὸς
2860 4156 3092 4225 πόλεμον
3124 4155 3474 4225 ἡτοιμάζετο,
3519 4172 3653 4208 ναυ-

392 4253 586 4322 πηγῶν
615 4256 858 4324 τριήρεις
895 4255 1131 4316 καὶτοὺς
1156 4254 1591 4324 αὐτομολοῦντας
1624 4255 1913 4326 δεχόμενος
1947 4260 2042 4312 καὶ
2066 4262 2191 4321 τοῦς
2212 4255 2647 4317 καταποντιστὰς
2670 4251 3244 4323 προσεταιριζόμενος.
3264 4253 3369 4304 Καὶ
3391 4254 3448 4305 ἐν
3481 4252 3649 4323 ὀλίγῳ

392 4346 608 4411 ἐγένετο
644 4342 861 4413 ἰσχυρὸς
911 4345 1002 4395 καὶ
1034 4344 1134 4413 τῆς
1165 4343 1298 4411 πρὸς
1325 4346 1391 4413 τῇ
1433 4343 1633 4414 Ἰταλίᾳ
1657 4345 1933 4417 θαλάσσης
1957 4350 2251 4418 ἐκράτησε.
2293 4347 2729 4416 Προχωρούντων
2762 4346 2802 4397 δ’
2836 4344 2983 4413 αὐτῷ
3045 4344 3156 4396 τῶν
3195 4343 3558 4413 πραγμάτων,
3595 4346 3656 4398 ἐς

391 4435 642 4497 Σικελίαν
666 4434 914 4498 ἔπλευσε,
951 4436 1045 4486 καὶ
1069 4434 1273 4505 ταύτην
1295 4436 1548 4504 κατέσχε,
1591 4441 1682 4491 καὶ
1712 4442 1973 4510 στρατιὰν
2007 4442 2216 4493 ἐκεῖθεν
2261 4441 2452 4501 πλείω,
2486 4439 2576 4492 καὶ
2628 4438 2880 4489 velutth
2925 4438 3231 4506 συνήγαγεν
3275 4435 3649 4505 ίσχυρότατον.

391 4525 486 4587 Διὰ
534 4523 711 4587 ταῦτά
749 4541 807 4575 τε
843 4524 938 4581 καὶ
969 4524 1056 4581 ἵνα
1085 4523 1160 4593 μὴ
1191 4524 1270 4593 τῷ
1312 4526 1585 4596 Ἀντωνίῳ
1619 4528 1874 4599 φιλιωοῇ,
1920 4532 2332 4600 καταλλαγῆναι
2373 4531 2424 4583 oi
2454 4532 2482 4582 ὁ
2522 4531 2736 4598 Καῖσαρ
2776 4528 3034 4598 ἱμείρετο.
3063 4528 3391 4598 Διαμαρτὼν
3432 4528 3488 4581 δὲ
3528 4527 3652 4581 τού⁶

390 4640 511 4690 του,
542 4622 737 4690 ἐκείνῳ
771 4621 870 4690 μὲν
896 4619 1125 4689 Μάρκον
1180 4621 1490 4690 Ἀγρίππαν
1534 4621 1913 4694 πολεμήσοντα
1959 4626 2228 4695 ἔπεμψεν,
2283 4627 2447 4690 αὐτὸς
2479 4626 2524 4680 δ’
2562 4629 2617 4689 ἐς
2659 4624 2928 4677 Γαλατίαν
2981 4624 3186 4693 ἀπῆρε.
3243 4624 3447 4679 Μαθὼν
3484 4620 3577 4678 οῦν
3623 4626 3653 4677 6

392 4711 584 4779 Σέξτος
610 4709 803 4775 ταῦτα,
833 4712 890 4772 ἐς
927 4710 1026 4780 τὴν
1080 4710 1309 4767 Ἰταλίαν
1339 4711 1641 4767 ἀνέπλευσε
1667 4716 1759 4767 καὶ
1785 4717 2062 4785 ἐνέμεινεν
2091 4720 2262 4789 αὐτὴν
2291 4718 2633 4789 ληϊζόμενος.
2691 4716 2751 4770 '0
2785 4715 2841 4769 δέ
2871 4715 2937 4787 δὴ
2999 4718 3218 4786 Καῖσαρ
3248 4716 3345 4784 τὴν
3380 4715 3649 4769 Γαλατίαν

393 4805 651 4873 κατέσχε,
676 4802 767 4858 τὸν
799 4802 987 4873 μέντοι
1027 4800 1260 4854 Λέπιδον
1287 4804 1344 4866 ἐς
1373 4805 1475 4875 τὴν
1516 4805 1796 4877 Ἀφρικὴν
1832 4808 2102 4878 ἐπεμψεν,
2146 4810 2213 4865 ἵν’
2238 4811 2312 4874 ὡς
2346 4810 2478 4881 παρ’
2506 4808 2667 4863 αὐτοῦ
2701 4808 2911 4878 ταύτην
2973 4806 3175 4873 λαϐὼν,
3223 4811 3317 4860 καὶ
3344 4807 3464 4878 οὐχὶ
3502 4808 3650 4878 παρὰ

393 4895 486 4957 τοῦ
549 4892 860 4958 Ἀντωνίου,
895 4889 1043 4964 αὐτῷ
1066 4892 1214 4965 μόνῳ
1239 4892 1338 4963 τὴν
1368 4894 1529 4964 χάριν
1568 4896 1827 4967 ὁμολογῇ.

465 5037 595 5092 KB'.
639 5032 925 5098 Ἀντώνιος
960 5034 1015 5089 δὲ
1050 5035 1277 5109 Μάρκος
1310 5035 1390 5101 εἰς
1419 5035 1519 5107 τὴν
1556 5036 1742 5099 Ἀσίαν
1776 5037 1968 5105 ἐλθὼν,

2145 5037 2302 5108 511
2339 5033 2504 5090 XXII.
2570 5033 2638 5086 Μ.
2682 5048 2812 5088 vero
2868 5034 3140 5088 Antonius
3189 5032 3241 5087 in
3282 5033 3408 5087 Asia
3453 5034 3649 5102 partim

391 5130 463 5183 τὰ
498 5129 596 5199 μὲν
632 5126 797 5190 αὐτὸς
828 5125 1081 5197 περιιὼν,
1120 5130 1172 5191 ἐς
1207 5128 1261 5181 δέ
1298 5145 1422 5182 τινα
1453 5128 1691 5183 στέλλων
1719 5130 1966 5200 ἐτέρους,

2081 5146 2207 5199 ipse,
2242 5126 2438 5198 partim
2460 5141 2555 5195 per
2589 5125 2730 5179 alios
2748 5124 3033 5194 pecuniam
3068 5139 3096 5178 a
3122 5122 3440 5178 civitatibus
3472 5124 3655 5192 exige,-

390 5222 490 5284 τάς
521 5237 581 5272 τε
611 5218 795 5282 πόλεις
819 5219 1183 5290 ἠργυρολόγει
1216 5221 1310 5274 καὶ
1351 5221 1451 5283 τὰς
1492 5220 1818 5285 δυναστείας
1849 5222 1971 5275 ἐπί-

2081 5222 2187 5286 bat,
2206 5228 2261 5275 et
2278 5218 2634 5290 praefecturas
2661 5216 2958 5270 vendebat.
2980 5214 3051 5271 Ut
3080 5223 3262 5268 autem
3280 5212 3570 5282 Cleopatra
3593 5214 3647 5267 in

391 5327 631 5381 πρασκε.
665 5310 776 5379 Τῆς
807 5309 863 5362 δέ
891 5327 954 5377 γε
987 5311 1349 5381 Κλεοπάτρας
1386 5313 1443 5364 ἐν
1468 5311 1693 5382 Κιλικίᾳ
1719 5312 1974 5381 όφθείσης

2081 5312 2261 5369 Cilicia
2307 5311 2424 5365 visa
2456 5350 2470 5373 ,
2511 5307 2762 5362 mulieris
2812 5322 3001 5361 amore
3071 5314 3263 5373 captus
3315 5311 3419 5366 est,
3468 5306 3649 5359 omnis

391 5403 562 5472 αὐτῷ,
597 5401 760 5472 ἐρωτι
789 5400 890 5470 τῆς
919 5402 1179 5469 γυνα;κὺς
1203 5402 1389 5455 οὐκέτ’
1419 5402 1678 5471 οὐδεμίαν
1722 5406 1977 5474 φροντίδα

392 5495 491 5549 τοῦ
516 5492 683 5548 καλοῦ
716 5492 1014 5562 ἐποιήσατο
1035 5533 1048 5554 .
1083 5492 1222 5547 ἀλλὰ
1260 5496 1326 5563 τῇ
1358 5494 1639 5564 Αἰγυπτίᾳ
1679 5494 1926 5547 ἐδούλευε
1954 5534 1996 5560 ,.

394 5585 492 5640 καὶ
539 5584 675 5639 ἄλλα
722 5583 780 5638 δέ
832 5581 921 5636 διὰ
961 5581 1120 5636 τοῦτο
1180 5582 1418 5653 ἔπραξεν
1475 5583 1655 5638 ἄτοπα
1703 5585 1800 5638 καὶ
1843 5588 1970 5650 τοὺς

393 5676 661 5745 ἀδελφοὺς
719 5674 890 5744 αὐτῆς
950 5675 1263 5739 ἀπέκτεινε,
1312 5677 1405 5727 καὶ
1444 5675 1597 5739 τέλος
1640 5676 1856 5746 ἀπῆρεν
1888 5680 1966 5739 είς

392 5769 686 5837 Αιγυπτον.
725 5765 915 5847 Ὅθεν-
942 5766 992 5819 oi
1057 5766 1287 5836 Πάρθοι,
1339 5766 1436 5849 καὶ
1472 5769 1600 5837 πρὶν
1631 5767 1963 5839 κινούμενοι,

2075 5403 2384 5460 honestatis
2426 5401 2638 5470 abjecta
2682 5414 2847 5464 cura,
2887 5396 3152 5468 [Egyptian
3185 5395 3399 5457 seri-iit,
3445 5395 3500 5449 in
3528 5396 3649 5465 ejus

2078 5495 2307 5566 gratiam
2388 5499 2590 5561 praeter
2646 5490 2751 5542 alia
2814 5487 3095 5549 indecora,
3164 5484 3429 5539 fratribus
3502 5476 3691 5539 illius'

2077 5585 2298 5648 occisis,
2338 5582 2579 5649 denique
2627 5580 2678 5632 in
2716 5578 3006 5649 Egyptnm
3052 5576 3326 5631 discessit.
3376 5576 3526 5631 Unde
3571 5574 3648 5629 fa-

2075 5685 2227 5728 ctum
2261 5681 2362 5735 est,
2410 5676 2470 5722 ut
2513 5668 2723 5730 Parthi,
2760 5670 2853 5737 qui
2881 5669 2989 5735 jam
3026 5675 3153 5720 ante
3194 5664 3249 5720 iu
3288 5673 3438 5720 motu
3467 5676 3646 5729 erant,

2075 5776 2187 5819 tum
2235 5761 2407 5831 magis
2447 5758 2613 5814 etiam
2670 5758 2946 5812 Romanos
2988 5767 3269 5827 versarent,
3322 5773 3352 5812 a
3408 5757 3649 5826 Labieno
