4024 6412
379 376 484 451 86⁸1
1643 365 1961 429 JOANNIS

2066 361 2318 436 )NARIE
3516 359 3632 424 868

371 487 596 548 irritati.
633 486 738 555 Qui
785 502 910 543 cum
945 501 974 542 a
1008 486 1184 544 Bruto
1234 494 1292 541 et
1323 483 1512 540 Cassio
1545 484 1763 538 Parthis
1793 487 1951 538 anxi-

2066 483 2180 536 τότε
2209 480 2274 551 δὴ
2321 481 2418 534 καὶ
2471 478 2676 549 μᾶλλον
2733 478 2846 542 τοῖς
2887 477 3182 547 Ῥωμαίοις
3223 477 3504 540 ἐπέθεντο,
3535 479 3638 531 τοῦ

369 581 445 636 Iio
471 581 674 638 missus
707 589 875 645 esset,
908 579 1099 633 audito
1133 593 1326 632 eorum
1365 577 1590 630 interitu
1632 574 1775 644 apud
1817 575 1947 629 bar-

2066 572 2331 644 \a6t'qvoﬁ
2395 570 2536 642 πρὸς
2585 571 2746 623 τοῦτο
2799 571 2942 639 σφᾶς
2986 571 3370 639 ἐρεθίσαντος,
3439 572 3498 635 ὃς
3554 574 3640 642 τῷ

372 673 538 726 baros
589 672 879 734 remansit,
919 683 1104 738 .seque
1149 667 1279 722 belli
1322 669 1518 722 ducem
1555 664 1840 736 professus
1891 671 1948 717 et

2066 666 2272 736 Βρούτῳ
2315 665 2412 736 μὲν
2435 665 2531 718 καὶ
2560 663 2640 733 τῷ
2692 663 2921 733 Κασσίῳ
2966 664 3429 735 συνεστρατεύετο
3461 680 3474 694 ·
3495 683 3646 734 πεμ-

373 763 578 818 multas
626 772 821 832 gentes
845 760 910 814 ad
940 759 1308 814 defectionem
1339 756 1706 825 impulsurum
1741 752 1950 822 pollici-

379 865 490 919 tus,
547 853 760 923 magnis
791 853 965 922 copiis
1007 851 1076 905 ab
1104 850 1287 904 Orode
1335 849 1665 903 Parthorum
1706 861 1833 914 rege
1864 860 1951 895 ac-

377 945 576 1014 ceptis,
608 959 732 999 eum
764 944 885 1013 ejus
917 942 1032 995 [ilio
1056 942 1264 995 Pacoro
1288 950 1373 993 est
1395 939 1702 1008 ablegatus,
1731 935 1824 1004 qui
1849 935 1951 1003 Sy-

377 1038 536 1103 riam,
575 1036 720 1107 Tyro
745 1043 998 1104 excepta,
1026 1033 1266 1102 subegit,
1301 1041 1352 1086 et
1381 1033 1434 1084 in
1464 1029 1809 1085 Palaestinam
1850 1028 1952 1080 im-

377 1113 724 1196 pressionem
764 1127 916 1181 fecit.
955 1124 1234 1178 Labienus
1267 1138 1400 1178 vero
1439 1121 1684 1176 Ciliciam
1717 1132 1953 1186 occupa-

376 1221 478 1282 vit,
527 1229 584 1274 et
639 1218 806 1272 urbes
844 1216 990 1271 Asia:
1029 1215 1482 1270 mediterraneas.
1522 1212 1818 1266 Enimvero
1844 1216 1954 1262 An—

379 1310 586 1374 tonius,
626 1309 884 1378 quamvis
940 1318 998 1363 et
1049 1308 1166 1362 haec
1208 1316 1266 1361 et
1296 1315 1492 1360 cetera
1536 1319 1658 1373 qua:
1703 1303 1758 1355 in
1798 1301 1952 1354 Italia

387 1403 752 1472 gerebantur,
810 1401 1080 1456 audiret:
1129 1409 1312 1454 tamen
1370 1413 1558 1451 amore
1602 1405 1660 1450 et
1689 1393 1953 1448 ebrietate

379 1493 735 1562 priepeditns,
778 1507 955 1560 neque
985 1493 1138 1545 cives
1167 1506 1347 1560 neque
1370 1489 1552 1543 socios
1583 1487 1834 1550 curabat,
1859 1484 1952 1539 sed

379 1565 503 1642 cum
528 1582 821 1652 Cleopatra
846 1591 902 1637 et
923 1581 1194 1653 Egyptiis
1219 1581 1381 1651 genio
1410 1578 1750 1647 indulgebat,
1780 1577 1957 1629 donec

379 1676 631 1730 Innditus
662 1684 1031 1730 everteretur.
1074 1676 1151 1726 Ac
1178 1674 1266 1725 vix
1301 1671 1521 1725 tandem
1557 1677 1946 1736 experrectus,

379 1765 580 1835 Tyrum
605 1765 878 1835 navigavit
904 1763 1031 1818 :sed
1049 1779 1113 1816 ea
1137 1778 1236 1831 per
1254 1777 1474 1815 causam
1498 1761 1766 1813 bellicum
1792 1757 1956 1830 St-xto

2050 756 2207 824 φθεὶς
2253 757 2312 808 δὲ
2368 755 2499 827 παρ’
2558 753 2782 808 ἐκείνων
2856 757 2939 816 είς
3011 754 3645 826 Πάρθουςοσυμμαχίαν

2052 850 2416 918 αίτουμένων,
2445 848 2520 910 ὡς
2546 847 2646 918 τὴν
2681 846 2908 900 ἐκείνων
2933 841 3105 916 ἧτταν
3143 846 3306 915 ἔγνω,
3339 850 3639 917 κατέμεινε

2053 942 2206 1010 παρὰ
2239 943 2350 1003 τοῖς
2393 940 2720 1011 βαρϐάροις,
2747 941 2840 993 καὶ
2862 939 2984 992 τότε
3017 939 3112 992 τοῦ
3145 939 3384 1010 πολέμου
3406 941 3641 1011 ἡγεμὼν

2053 1033 2308 1101 γενέσθαι
2385 1032 2677 1102 ὑπέσχετο,
2731 1034 2825 1084 καὶ
2884 1031 3057 1084 πολλὰ
3100 1032 3466 1100 μεταστήσειν
3518 1031 3641 1083 τῶν

2055 1125 2226 1178 ἐθνῶν
2253 1124 2641 1193 ἐπηγγείλατο.
2672 1123 2841 1175 Ὅθεν
2869 1124 2963 1175 καὶ
2998 1122 3231 1190 δύναμιν
3265 1123 3465 1193 πολλὴν
3495 1122 3642 1194 πρὸς

2053 1217 2150 1268 τοῦ
2171 1217 2279 1269 τῶν
2297 1215 2531 1284 Πάρθων
2556 1214 2820 1283 βασιλέως
2851 1214 3088 1285 Ὀρώδου
3111 1214 3288 1278 ἔλαϐε,
3313 1215 3409 1268 καὶ
3435 1216 3511 1284 τῷ
3530 1217 3644 1284 υἱῷ

2054 1309 2220 1362 αὐτοῦ
2252 1308 2328 1375 τῷ
2361 1307 2593 1377 Πακόρῳ
2615 1306 3018 1373 συναπεστάλη.
3048 1306 3155 1359 Καὶ
3189 1307 3217 1357 ὁ
3249 1309 3346 1373 μὲν
3383 1309 3642 1377 Πάκορος

2054 1401 2152 1469 τὴν
2180 1399 2382 1467 Συρίαν
2412 1397 2746 1467 ἐχειρώσατο
2789 1397 2929 1468 πλὴν
2955 1397 3155 1468 Τύρου,
3183 1401 3275 1450 καὶ
3315 1400 3395 1460 είς
3427 1399 3645 1453 Παλαι-

2056 1490 2244 1558 στίνην
2308 1489 2593 1542 εἰσέϐαλεν
2629 1499 2644 1520 ⁸
2681 1491 2708 1541 ὁ
2753 1488 2810 1541 δὲ
2857 1488 3132 1558 Λαϐιηνὸς
3160 1491 3257 1560 τήν
3287 1508 3344 1543 τε
3379 1491 3644 1543 Κιλικίαν

2057 1582 2314 1649 κατέσχε,
2344 1582 2569 1651 καὶτῆς
2621 1581 2806 1643 Ἀσίας
2859 1583 2956 1644 τὰς
3003 1582 3376 1652 ἠπειρώτιδας
3415 1585 3635 1646 πόλεις.

2070 1673 2355 1737 ’Δντώνιος
2385 1673 2441 1726 δὲ
2477 1674 2810 1727 ἐπυνθάνετο
2845 1674 2944 1743 μὲν
2975 1675 3071 1727 καὶ
3119 1673 3317 1738 ταῦτα,
3351 1675 3539 1745 ὥσπερ
3571 1675 3645 1746 δὴ

2059 1767 2155 1820 καὶ
2181 1766 2350 1819 τᾶλλα
2373 1765 2444 1820 τὰ.
2470 1768 2537 1837 τῇ
2587 1765 2787 1836 Ἰταλίᾳ
2803 1765 3080 1834 δρώμενα,
3100 1767 3205 1819 ὑπὸ
3233 1766 3290 1818 δὲ
3313 1766 3408 1818 τοῦ
3432 1767 3646 1836 ἔρωτος

378 1856 602 1926 gerendi
631 1858 949 1924 relicta,per
965 1855 1338 1910 continentem
1366 1853 1418 1906 in
1437 1853 1618 1906 Asiam
1637 1865 1809 1919 usque
1832 1863 1956 1916 pro—

2066 1854 2154 1907 καὶ
2192 1855 2295 1924 τῆς
2327 1857 2500 1925 μέθης
2525 1855 2648 1910 οὔτε
2673 1857 2782 1910 τῶν
2807 1858 3063 1924 πολιτῶν,
3103 1858 3229 1911 οὔτε
3267 1859 3376 1910 τῶν
3419 1862 3648 1929 συμμά-

379 1949 582 2010 fectus,
614 1949 666 2000 in
712 1947 978 2001 Craciam
1006 1944 1351 2000 transiit.Ubi
1379 1957 1503 1997 cum
1522 1953 1694 1996 matre
1720 1952 1959 1994 etuxore

378 2039 943 2110 congressus,C-.esare
967 2038 1122 2092 hoste
1143 2037 1567 2101 declarato,cum
1596 2034 1760 2088 Sexto
1773 2046 1958 2103 pacem

379 2130 531 2184 fecit.
562 2129 765 2184 Deinde
796 2130 851 2183 in
871 2129 1081 2184 Italiam
1111 2130 1344 2200 trajecit,
1372 2129 1462 2181 ubi
1492 2127 1757 2197 quasdam
1795 2127 1960 2178 m-hes

382 2222 690 2291 occupavit,
713 2220 982 2288 quasdam
1001 2219 1550 2290 Oppugnavit.Coegit
1565 2230 1620 2272 et
1641 2217 1818 2272 Caesar
1834 2231 1961 2269 suas

399 2317 610 2385 copias.
647 2315 803 2370 Bello
842 2316 988 2370 inter
1023 2330 1120 2370 eos
1150 2323 1276 2368 orto
1299 2353 1316 2380 ,
1353 2329 1479 2367 cum
1512 2321 1624 2366 tota
1646 2311 1819 2374 Italia,
1847 2320 1960 2363 tum

384 2410 557 2463 Itonia
597 2409 815 2464 turbata
848 2408 974 2463 fuit.
1015 2407 1228 2462 Interea
1273 2407 1480 2460 Fulviae
1515 2415 1692 2458 morte
1726 2404 1960 2473 Sicyone

381 2501 666 2568 nuntiata,
725 2500 890 2554 ambo
930 2500 1104 2554 armis
1150 2497 1345 2570 positis
1389 2498 1444 2550 in
1485 2496 1719 2566 gratiam
1781 2493 1962 2546 redie-

385 2600 556 2656 runt;
594 2607 659 2646 ac
704 2591 888 2646 Caesar
934 2590 1247 2645 Sardiniam
1274 2631 1289 2654 ,
1354 2588 1712 2651 Dalmatiam,
1770 2586 1962 2654 Hispa-

381 2681 530 2736 niam
566 2689 621 2734 et
652 2680 880 2735 Galliam
915 2690 1000 2735 est
1027 2679 1256 2734 sortitus
1291 2695 1304 2732 :
1341 2677 1585 2731 Antonio
1615 2687 1818 2730 cetera
1843 2692 1960 2727 om-

382 2772 496 2840 nia,
540 2786 661 2840 qute
710 2771 854 2827 ultra
889 2770 1073 2824 sinum
1111 2769 1324 2823 Ionium
1375 2769 1430 2821 in
1478 2768 1696 2835 Europa
1735 2777 1792 2819 et
1833 2767 1960 2819 Asia

383 2862 649 2936 Romanis
704 2865 1006 2933 patebant.
1055 2863 1427 2917 obvenerunt.
1489 2860 1721 2930 Libycas
1771 2869 1961 2928 gentes

384 2955 647 3026 Lepiilus,
699 2957 945 3010 Siciliam
975 2956 1176 3010 Sextus
1210 2956 1414 3009 tenuit.
1447 2952 1746 3022 Imperium
1783 2954 1862 3004 sic
1893 2951 1962 3004 de

384 3049 596 3116 integro
636 3047 863 3115 partiti,
920 3046 1125 3100 bellum
1181 3060 1307 3100 eum
1363 3046 1529 3098 Sexto
1573 3041 1963 3097 communibus

384 3139 582 3208 opibus
627 3137 933 3209 gerendum
984 3137 1375 3192 decreverunt.
1427 3133 1802 3188 Reconciliata
1837 3146 1960 3200 gra-

388 3233 462 3286 tia
487 3274 501 3298 ,
541 3248 600 3287 se
640 3241 831 3286 mutuo
860 3231 916 3285 in
942 3229 1140 3285 castris
1165 3227 1534 3283 Brundusinis
1569 3226 1841 3282 conviviis
1867 3239 1960 3278 ex-

386 3335 676 3393 ceperunt,
720 3322 902 3379 Caasar
967 3323 1218 3377 Romano
1253 3330 1312 3376 et
1360 3319 1586 3374 militari
1639 3333 1792 3372 more
1842 3318 1960 3394 sine

386 3416 674 3488 Iautieiis,
731 3416 1002 3470 Antonius
1041 3414 1204 3484 512
1271 3412 1478 3467 Asiane
1537 3420 1596 3466 et
1643 3409 1962 3480 ASgyptiaco

387 3506 542 3577 luxu.
577 3506 714 3561 Cum
758 3511 902 3560 inter
940 3520 1062 3561 sese
1105 3504 1445 3560 reconciliati
1475 3503 1817 3568 viderentur,
1847 3499 1964 3563 Cae-

388 3598 594 3652 sariani
635 3597 1129 3652 circumsteterunt
1169 3595 1505 3659 Antonium,
1559 3595 1630 3667 ab
1683 3609 1752 3650 eo
1796 3609 1965 3665 pecu-

389 3689 538 3762 niam
590 3689 646 3742 in
694 3704 876 3758 pugna
901 3689 1208 3759 Philippica
1251 3687 1578 3759 promissam
1612 3685 1960 3760 ﬂagitantes:

343 3780 353 3793 '
391 3797 556 3853 quam
595 3792 655 3837 ut
697 3783 904 3838 aﬂ‘atim
943 3783 1198 3845 aﬂ‘erret,
1237 3783 1295 3836 in
1327 3782 1512 3860 asiam
1555 3783 1839 3852 profectus
1875 3796 1965 3836 es-

392 3884 501 3930 set.
545 3874 652 3930 Sed
695 3889 822 3928 cum
873 3875 1013 3929 nihil
1063 3873 1252 3947 daret,
1294 3873 1436 3929 male
1471 3875 1540 3928 ab
1578 3873 1660 3928 eis
1699 3881 1966 3928 tractatus

387 3976 557 4031 esset,
605 3967 711 4022 nisi
740 3982 836 4022 eos
866 3967 1050 4023 Caesar
1087 3965 1424 4036 amplissime
1453 3965 1786 4034 pollicendo,
1813 3978 1965 4018 com-

390 4058 717 4140 pescuissct.
752 4057 960 4112 Deinde
994 4057 1200 4133 bellum
1222 4056 1488 4111 adversus
1511 4055 1738 4110 Sextum
1762 4069 1966 4126 geren-

392 4155 523 4205 dum
558 4160 949 4226 susceperunt,
981 4151 1090 4208 Sed
1129 4152 1366 4221 p0pnlus
1391 4151 1692 4216 Romanus,
1727 4167 1852 4206 cum
1893 4151 1966 4206 ob

392 4247 544 4317 illum
605 4233 740 4302 mari
781 4247 1198 4313 dominantem,
1261 4251 1402 4301 tame
1456 4255 1514 4301 et
1568 4247 1967 4316 multiplicibus

394 4338 621 4408 tributis
654 4349 1024 4408 premeretur,
1071 4337 1500 4407 indignabatur:
1530 4353 1711 4408 neque
1744 4353 1804 4392 se
1834 4352 1968 4392 con-

393 4429 573 4500 tmere
607 4415 848 4497 poterat,
888 4430 1020 4498 quin
1077 4440 1138 4484 nt
1183 4445 1375 4499 pacem
1415 4445 1539 4484 cum
1583 4445 1652 4485 eo
1693 4429 1963 4496 facerent,

2061 1962 2172 2013 χων
2225 1948 2536 2015 ἐφρόντιζε,
2596 1951 2663 2020 τῇ
2713 1949 3044 2020 Κλεοπάτρα
3086 1949 3143 2002 δὲ
3185 1951 3280 2004 καὶ
3319 1954 3430 2014 τοῖς
3467 1953 3645 2020 Λίγυ-

2061 2038 2236 2101 πτίοις
2306 2039 2646 2110 συνετρύφα,
2679 2041 2872 2110 μέχρις
2915 2033 2976 2094 οὗ
3009 2041 3293 2105 παντελῶς
3334 2044 3644 2114 κατελύθη.

2074 2132 2202 2199 Ὀψὲ
2243 2131 2287 2184 δ’
2318 2129 2413 2186 οὖν
2451 2149 2583 2184 ποτε
2623 2133 2948 2199 ἐξαναστὰς,
3006 2133 3272 2188 ἔπλευσεν
3319 2137 3399 2198 είς
3439 2136 3640 2205 Τύρον.

2063 2223 2166 2274 Τὸν
2203 2222 2259 2274 δὲ
2290 2222 2384 2275 τοῦ
2411 2222 2609 2288 Σέξτου
2633 2226 3121 2295 προφασισάμενος
3153 2228 3409 2296 πόλεμον,
3442 2230 3645 2280 ἀπέλι-

2061 2331 2165 2366 πεν
2216 2315 2434 2377 αὐτούς.
2503 2316 2616 2368 Καὶ
2669 2315 2825 2388 παρὰ
2892 2317 2994 2388 τὴν
3052 2319 3283 2389 ἠπειρον
3328 2320 3489 2389 μέχρι
3537 2321 3647 2389 τῆς

2075 2408 2263 2470 Ἀσίας
2320 2407 2768 2478 παρακομισθεὶς
2813 2409 2896 2472 είς
2964 2409 3064 2479 τὴν
3129 2411 3360 2465 Ἑλλάδα
3400 2412 3642 2479 διῆλθεν.

2067 2498 2235 2551 Ἔνθα
2273 2502 2341 2568 τῇ
2371 2515 2432 2551 τε
2485 2500 2656 2569 μητρὶ
2683 2500 2777 2552 καὶ
2805 2502 2872 2570 τῇ
2899 2503 3120 2568 γυναικὶ
3165 2502 3425 2577 ἐντυχών,
3462 2505 3552 2557 τόν
3581 2521 3644 2558 τε

2066 2591 2326 2660 Καίσαρα
2355 2591 2622 2660 πολέμιον
2655 2593 2975 2662 ἐποιήσατο,
2999 2593 3092 2668 καὶ
3128 2595 3204 2664 τῷ
3237 2595 3421 2667 Σέξτῳ
3452 2597 3646 2649 ἐσπεί-

2066 2697 2216 2735 σατο.
2276 2677 2410 2734 Εἶτα
2463 2681 2544 2744 είς
2583 2683 2684 2749 τὴν
2720 2682 2954 2736 Ἰταλίαν
2999 2683 3355 2752 περαιωθεὶς,
3389 2689 3506 2740 τινα
3543 2687 3647 2756 μὲν

2063 2772 2271 2840 ταύτης
2304 2773 2564 2841 κατέσχε,
2591 2772 2716 2826 τινὰ
2760 2774 2808 2826 δ’
2841 2774 3182 2849 ἐπολιόρκει·
3219 2778 3314 2829 καὶ
3362 2777 3390 2828 ὁ
3422 2779 3646 2850 Καῖσαρ

2063 2862 2159 2925 τὰς
2192 2863 2454 2932 δυνάμεις
2485 2862 2830 2942 συνήθροιζε.
2875 2865 3312 2936 Συνερῤωγότων
3341 2867 3434 2920 οὖν
3459 2868 3649 2922 αὐτῶν

2065 2957 2122 3019 ἐς
2156 2956 2248 3008 τὸν
2307 2957 2571 3026 πόλεμον,
2617 2955 2651 3024 ἥ
2681 2941 2740 3009 τε
2773 2957 2910 3027 ἄλλη
2961 2957 3162 3011 Ἰταλία
3191 2961 3517 3029 τετάρακτο,
3547 2962 3648 3014 καὶ

2064 3050 2098 3118 ἡ
2136 3049 2322 3119 Ῥώμη
2390 3049 2447 3102 δὲ
2505 3050 2765 3118 μάλιστα.
2824 3050 2914 3103 Ἐν
2959 3050 3172 3114 τούτοις
3220 3055 3253 3121 ἡ
3301 3053 3536 3107 Φουλϐία
3582 3056 3647 3107 ἐν

2066 3141 2319 3193 Σικυῶνι
2355 3140 2623 3206 διάγουσα
2667 3140 3048 3212 ἐτελεύτησεν.
3121 3143 3211 3207 Ὠς
3251 3143 3308 3197 δὲ
3343 3145 3503 3198 τοῦτο
3536 3145 3645 3214 ἠγ-

2065 3231 2253 3302 γέλθη,
2279 3235 2347 3285 τὰ
2372 3217 2516 3290 ὅπλα
2546 3231 2843 3286 κατέθεντο
2871 3233 3038 3302 ἄμφω
3067 3233 3165 3286 καὶ
3195 3236 3646 3306 συνηλλάγησαν.

2066 3325 2178 3379 Καὶ
2210 3327 2426 3395 Καῖσαρ
2461 3325 2561 3395 μὲν
2619 3324 2808 3396 Σαρδώ
2859 3343 2919 3378 τε
2945 3327 3037 3380 καὶ
3065 3329 3401 3399 Δαλματίαν,
3449 3332 3552 3400 τήν
3580 3347 3646 3384 τε

2076 3416 2317 3488 Ἰϐηρίαν
2350 3418 2445 3472 καὶ⁵
2476 3417 2572 3487 τὴν
2600 3416 2870 3470 Γαλατίαν
2917 3417 3273 3489 ἐκληρώσατο
3298 3436 3313 3452 ο
3367 3420 3645 3492 Ἀντωνίῳ

2063 3511 2123 3565 δὲ
2161 3511 2338 3563 πάντα
2366 3509 2434 3563 τὰ
2460 3508 2600 3563 ἄλλα
2619 3509 2761 3579 ὑπὲρ
2787 3509 2880 3562 τὸν
2921 3510 3146 3578 Ἰώνων,
3169 3513 3238 3566 τά
3268 3529 3326 3564 τε
3351 3515 3410 3565 ἐν
3429 3516 3496 3585 τῇ
3533 3515 3646 3583 Eti-

2067 3603 2247 3674 ρώπη.
2283 3604 2378 3656 καὶ
2409 3603 2477 3654 τὰ
2507 3603 2566 3654 ἐν
2599 3604 2666 3672 τῇ
2711 3601 2869 3672 Ἀσίᾳ
2909 3601 3203 3671 Ῥωμαίοις
3232 3604 3360 3656 ὄντα
3383 3607 3645 3676 ἐπέλαχε.

2063 3693 2150 3746 Τὰ
2175 3693 2220 3745 δ’
2247 3694 2306 3745 ἐν
2340 3694 2404 3761 τῇ
2436 3690 2614 3761 Λιϐύῃ
2648 3690 2776 3759 ἐθνη
2805 3691 3057 3756 Λέπιδος,
3085 3692 3181 3745 καὶ
3209 3692 3309 3764 τὴν
3337 3694 3589 3749 Σικελίαν
3614 3698 3646 3750 ὁ

2065 3784 2262 3850 Σέξτος
2286 3779 2453 3854 εἶχον.
2477 3783 2590 3852 Τὴν
2617 3783 2720 3853 μὲν
2748 3781 2842 3835 οὖν
2887 3783 3068 3854 ἀρχὴν
3118 3785 3292 3849 οὕτως
3318 3783 3475 3850 αὖθις
3521 3771 3648 3846 ἐδάξ

2067 3893 2251 3943 σαντο,
2279 3875 2371 3929 τὸν
2396 3875 2451 3927 δέ
2479 3875 2617 3943 πρὸς
2641 3873 2733 3927 τὸν
2757 3873 2952 3938 Σέξτον
2978 3875 3220 3946 πόλεμον
3248 3877 3610 3960 ἐκοινώσαντο
3626 3895 3643 3910 ·

2066 3968 2162 4022 καὶ
2212 3967 2306 4020 ἐπὶ
2342 3969 2464 4029 ταῖς
2525 3966 2898 4036 καταλλαγαϊς
2944 3967 3231 4044 είστίασαν
3265 3969 3530 4041 ἀλλήλους
3585 3974 3646 4028 ἐν

2064 4062 2178 4122 τοῖς
2217 4059 2348 4127 περὶ
2375 4059 2437 4111 τὸ
2490 4058 2814 4129 Βρεντέσιον
2847 4060 3258 4130 στρατοπέδοις,
3291 4063 3510 4134 Καῖσαρ
3542 4065 3647 4147 μὲν

2086 4149 2420 4219 Ῥωμαῖκῶς
2466 4166 2526 4202 τε
2582 4151 2680 4202 καὶ
2737 4152 3184 4220 στρατιωτικῶς,
3250 4154 3534 4223 Ἀντώνιος
3587 4157 3646 4211 δὲ

2079 4242 2341 4306 ’Λσιανῶς
2369 4259 2430 4294 τε
2465 4243 2562 4296 καὶ
2592 4241 2928 4322 ᾼίγυπτίως.
2960 4231 3520 4315 Κατηλλαγμένωνδ⁸
3542 4249 3647 4301 αὑ·-

2066 4333 2175 4386 τῶν
2203 4331 2277 4396 ὡς
2308 4333 2552 4396 ἐδόκουν,
2588 4317 2950 4403 περιστάντες
2977 4333 3070 4386 τὸν
3119 4334 3405 4408 Ἀντώνιον
3442 4339 3492 4392 oi
3523 4342 3647 4393 τότε

2071 4425 2322 4486 συνόντες
2352 4422 2430 4494 τῷ
2460 4421 2723 4501 Καίσαρι,
2748 4421 2996 4492 ἀπῄτουν
3029 4422 3162 4492 παρ’
3192 4423 3360 4476 αὑτοῦ
3413 4427 3482 4478 τὰ
3514 4431 3650 4498 χρή-

391 4519 716 4603 postularet.
759 4519 879 4588 Quo
923 4537 1034 4577 non
1064 4521 1392 4592 impetrato,
1433 4523 1502 4576 ad
1540 4521 1767 4577 Sextum
1811 4523 1961 4578 defe-

2082 4533 2225 4586 ματα
2253 4514 2288 4569 ἃ
2314 4507 2422 4568 ἀπὸ
2446 4513 2550 4584 τῆς
2582 4515 2766 4583 μάχης
2787 4515 2885 4584 τῆς
2916 4519 2976 4567 ἐν
3009 4514 3297 4581 Φιλίπποις
3347 4517 3650 4589 ὑπέσχοντο

390 4611 502 4679 _cit,
535 4620 590 4666 et
616 4612 974 4682 magistratus
1003 4613 1282 4682 lapidibus
1308 4615 1430 4668 toro
1463 4614 1644 4684 exegit
1669 4630 1683 4667 :
1705 4623 1763 4668 et
1784 4612 1966 4670 Caesa-

392 4704 472 4775 ris
526 4713 692 4771 atque
723 4704 946 4758 Antonii
981 4705 1180 4760 statuis
1213 4705 1424 4775 eversis
1445 4746 1458 4769 ,
1511 4705 1579 4760 ad
1639 4705 1789 4774 ipsos
1820 4706 1970 4775 occi-

390 4795 608 4868 dendos
641 4797 956 4869 concitatus
999 4806 1106 4855 est.
1159 4796 1342 4872 Quare
1400 4798 1486 4852 vel
1533 4798 1692 4852 inviti
1729 4797 1798 4854 de
1835 4813 1969 4868 pace

391 4903 522 4960 cum
580 4887 746 4944 Sexto
799 4905 964 4960 agere
1019 4897 1150 4944 sunt
1180 4877 1394 4944 'coacti.
1443 4889 1522 4946 Ac
1573 4891 1816 4960 primum
1871 4907 1970 4960 per

392 4981 605 5054 amicos
637 4997 762 5035 cum
799 4998 866 5036 eo
901 4990 1210 5037 tractarunt
1239 5000 1252 5034 :
1306 4981 1508 5036 deinde
1553 4982 1656 5051 ipsi
1709 4983 1765 5036 in
1801 4983 1971 5038 collo-

392 5072 587 5146 quium
621 5080 1032 5146 convenerunt,
1081 5080 1137 5125 et
1178 5071 1264 5125 his
1308 5071 1726 5127 conditionibus
1777 5085 1968 5142 pacem

393 5161 704 5228 [eceruntz
750 5177 943 5217 servos
997 5161 1302 5231 transfugas
1355 5162 1612 5216 libertate
1661 5162 1968 5226 donandus,

395 5254 612 5308 exsules
646 5253 1087 5323 (percussoribus
1112 5252 1380 5324 exceptis)
1408 5253 1747 5308 revocandos
1769 5262 1972 5317 esse,et

395 5344 723 5412 quihusdam
755 5360 968 5407 eorum,
1006 5343 1338 5405 tribunatus,
1375 5350 1660 5411 praeturas,
1691 5352 1746 5395 et
1781 5357 1966 5395 sacer-

343 5495 364 5518 .
395 5434 543 5487 dotia
593 5434 778 5488 statim
817 5431 1134 5486 tribuenda.
1177 5432 1359 5503 Ipsum
1411 5433 1638 5486 Sextum
1687 5432 1968 5485 consulem

395 5525 816 5594 designandum,
860 5534 914 5578 et
942 5539 1203 5594 augurem
1246 5523 1546 5578 creandum
1577 5538 1722 5578 esse.
1766 5522 1840 5577 De
1872 5539 1970 5592 pa-

398 5618 570 5669 ternis
613 5617 811 5684 Opibus
861 5616 1011 5668 mille
1054 5615 1384 5684 quingentas
1417 5615 1811 5683 quinquaginta
1856 5631 1973 5684 my-

397 5709 579 5760 rtadas
631 5707 1022 5760 drachmarum
1073 5705 1444 5760 restituendas
1491 5719 1660 5760 esse:
1705 5705 1970 5774 Siciliam,

395 5798 707 5865 Sardiniam
774 5794 1076 5867 Achaiam,
1142 5798 1582 5868 quinquennium
1669 5799 1969 5868 tenendas,

2072 4606 2249 4677 σφίσι,
2285 4606 2352 4658 δι’
2383 4603 2419 4658 ἂ
2445 4606 2540 4657 καὶ
2569 4606 2627 4669 ἐς
2651 4602 2752 4674 τὴν
2787 4603 2994 4674 Ἀσίαν,
3025 4605 3172 4668 ὅπως
3205 4607 3432 4660 πλεῖστα
3463 4609 3650 4679 ἀθροί-

2071 4716 2216 4753 σειεν
2248 4697 2497 4752 ἔσταλτο.
2535 4696 2658 4750 Κᾶν
2685 4681 3078 4766 ἐξειργάσαντό
3110 4715 3160 4750 τι
3183 4699 3348 4751 αὑτὸν
3369 4701 3536 4768 μηδὲν
3569 4702 3652 4754 δι.-

2070 4790 2252 4857 δὸντα,
2289 4791 2337 4841 εἰ
2363 4789 2438 4858 μὴ
2469 4789 2610 4858 σφᾶς
2632 4787 2659 4838 ὁ
2681 4789 2895 4857 Καῖσαρ
2915 4788 3204 4857 κατέσχεν,
3227 4788 3412 4841 ἐλπίσι
3438 4807 3651 4859 μετεω-

2075 4884 2230 4954 ρίσας
2286 4881 2508 4944 αὐτούς.
2540 4882 2650 4934 Καὶ
2673 4879 2814 4951 μετὰ
2839 4881 2998 4934 τοῦτο
3037 4881 3130 4934 τοῦ
3166 4883 3303 4953 πρὸς
3334 4884 3424 4936 τὸν
3449 4873 3648 4948 Σέξτον

2073 4971 2315 5041 πολέμου
2355 4971 2612 5041 ἥπτοντο.
2650 4969 2831 5038 Λιμοῦ
2857 4970 2912 5022 δὲ
2947 4973 3073 5034 τοὺς
3100 4972 3159 5023 ἐν
3203 4975 3270 5045 τῇ
3309 4971 3499 5047 Ῥώμῃ
3549 4975 3648 5028 τοῦ

2072 5063 2269 5128 Σέξτου
2335 5061 2910 5132 θαλασσοκρατούντος
2963 5060 3289 5128 πιέζοντος,
3371 5064 3541 5117 τελῶν
3587 5080 3650 5116 τε

2072 5139 2282 5207 πολλῶν
2313 5153 2409 5206 καὶ
2462 5153 2734 5206 παντοίων
2791 5153 3236 5222 ἐπιτασσομένων
3291 5152 3501 5219 αὐτοῖς,
3543 5153 3654 5207 δει-

2073 5246 2180 5309 νῶς
2217 5244 2511 5315 ἧσχαλλον,
2551 5243 2644 5296 καὶ
2667 5241 2849 5296 οὐκέθ’
2880 5240 3176 5312 ἡσύχαζον,
3228 5241 3369 5296 ἀλλὰ
3400 5245 3650 5314 παρεκαο

2074 5337 2198 5388 λουν
2239 5335 2379 5402 σφᾶς
2411 5331 2834 5400 σπείσασθαιτῷ
2862 5331 3061 5403 Σέξτῳ.
3093 5332 3178 5398 Ὠς
3205 5332 3252 5386 δ’
3278 5333 3379 5387 οὐκ
3408 5333 3650 5402 ἔπειθον,

2075 5429 2211 5497 πρὸς
2240 5427 2330 5478 τὸν
2357 5424 2552 5490 Σέξτον
2581 5424 2903 5491 ἀπέκλιναν,
2935 5432 3029 5478 καὶ
3061 5425 3189 5489 τοὺς
3211 5427 3269 5477 ἐν
3301 5428 3422 5490 ταῖς
3455 5428 3653 5498 ἀρχαῖς

2073 5523 2234 5583 ὂντας
2267 5519 2436 5582 λίθοις
2476 5519 2750 5588 ἐξήλασαν
2801 5518 2866 5569 ἐκ
2919 5519 3017 5586 τῆς
3067 5517 3294 5585 ἀγορᾶς,
3333 5517 3430 5580 τάς
3457 5535 3518 5570 τε
3554 5517 3650 5570 τοῦ

2076 5614 2354 5684 Καίσαρος
2415 5610 2648 5665 καὶτοῦ
2710 5610 3000 5663 Ἀντωνίου
3060 5612 3277 5673 εἰκόνας
3325 5608 3654 5676 κατέϐαλον,

2076 5707 2173 5758 καὶ
2201 5704 2288 5755 ἐπ’
2319 5703 2516 5764 αὐτοὺς
2569 5703 2645 5763 ὡς
2689 5701 3120 5764 ἀποκτενοῦντες
3159 5702 3298 5770 σφᾶς
3356 5699 3649 5770 ὥρμησαν.

2077 5798 2242 5850 Ὀυεν
2296 5796 2726 5864 ἡναγκάσθησαν
2757 5795 2834 5866 τῷ
2863 5794 3042 5864 Σέξτῳ
3070 5797 3164 5848 καὶ
3194 5797 3419 5857 ἄκοντες
3445 5795 3652 5864 ἐπικηη
