4024 6406
372 345 480 408 869
1661 354 1961 414 ANNALli

2038 353 2064 410 ui
2105 353 2249 413 LIB.
2291 355 2362 412 Χ.
3520 352 3627 420 8Ἱο

374 455 779 524 ρυκεύσασθαι·
844 455 938 509 καὶ
978 455 1196 525 πρῶτον
1256 457 1359 527 μὲν
1411 457 1502 510 διὰ
1551 457 1660 510 τῶν
1712 455 1946 524 ἑταίρων

2054 452 2364 521 transfugas
2391 453 2572 508 nullos
2599 454 3004 525 suscipiendos,
3051 456 3210 512 classi
3241 459 3425 520 nullas
3461 474 3629 516 naves

375 545 525 614 αὐτῷ
573 546 952 617 διελέχθησαν,
1015 547 1207 601 ἔπειτα
1262 548 1354 600 καὶ
1414 548 1570 600 αὐτοὶ
1643 549 1701 608 ὲς
1754 545 1946 612 λόγους

2055 544 2448 613 adjungendas,
2502 547 2650 598 nulla
2698 546 2751 599 in
2804 548 2956 601 [talia
3005 549 3259 616 pratsidia
3323 551 3626 606 habenda:

371 631 556 704 ἦλθον,
609 639 701 690 καὶ
759 639 1083 692 ἐσπείσαντο
1135 641 1229 691 ἐπὶ
1277 640 1598 709 συνθήκαις,
1627 637 1769 690 ὥστε
1819 636 1950 692 τοὺς

2053 637 2146 688 sed
2177 645 2232 689 et
2270 653 2416 690 mare
2454 638 2778 706 pacandum,
2810 647 2865 692 ct
2905 651 3114 694 certum
3144 640 3404 697 frumenti
3431 657 3622 696 nume-

373 729 854 799 αὐτομολήσαντας
901 730 1010 782 τῶν
1046 730 1247 783 δούλων
1297 730 1616 799 ἐλευθέρους
1661 724 1822 792 εἶναι,
1857 728 1951 779 καὶ

2053 743 2171 780 rum
2205 728 2256 780 in
2285 728 2473 782 urbem
2515 730 2842 783 mittendum
2869 746 3008 784 esse.
3039 730 3145 786 llas
3169 733 3516 788 conditiones
3549 743 3627 787 ta-

374 820 504 881 τοὺς
555 820 891 882 ἐκπεσόντας
920 820 1061 890 πλὴν
1092 821 1200 872 τῶν
1229 822 1483 887 σιραγέων
1508 819 1809 882 κατελθεῖν,
1859 817 1950 871 καί

2051 818 2196 872 bulis
2246 819 2540 888 inscriptas
2593 821 2732 888 apud
2778 821 3024 882 Vestales
3069 822 3311 892 virgines
3362 823 3631 894 deposue-

373 926 515 962 τισιν
569 911 748 963 αὐτῶν
808 911 1118 980 δημαρχίας
1175 929 1234 962 τε
1290 911 1384 962 καὶ
1434 910 1801 979 στρατηγίας.
1856 910 1951 962 καὶ

2052 917 2200 973 runt,
2234 912 2616 979 porrectisque
2661 913 2904 967 demeris
2943 915 3083 966 inter
3111 930 3170 968 se
3196 915 3430 969 osculati
3479 924 3627 970 sunt.

374 1001 671 1069 ἱερωσύνας
734 1002 898 1064 εὐθὺς
945 1002 1195 1072 δοθῆναι.
1259 1002 1432 1054 Αὑτὸν
1489 1001 1547 1054 δὲ
1609 1003 1701 1053 τὸν
1749 1000 1949 1064 Σέξτον

2051 999 2184 1054 lude
2209 1003 2417 1055 clamor
2442 1001 2638 1071 ingens
2673 1013 2780 1056 tam
2814 1004 2866 1057 in
2901 1007 3219 1059 continente
3251 1021 3414 1076 quam
3445 1007 3497 1060 in
3534 1021 3633 1060 na-

373 1092 581 1146 ὕπατόν
631 1110 688 1144 τε
724 1094 1010 1162 αἱρεθῆναι
1062 1097 1156 1146 καὶ
1209 1092 1492 1162 οίωνιστὴν
1538 1092 1950 1162 ἀποδειχθῆναι,

2050 1093 2211 1146 vibus
2245 1102 2329 1146 est
2364 1093 2634 1160 sublatus,
2689 1105 2748 1150 ut
2789 1107 3003 1150 montes
3043 1107 3388 1152 resonarent.
3436 1099 3627 1153 Postea

370 1186 477 1236 κάκ
505 1187 602 1253 τῆς
642 1185 899 1254 πατρῴας
927 1185 1114 1247 οὐσίας
1148 1185 1323 1254 χιλίας
1359 1185 1717 1244 πεντακοσίας
1751 1185 1949 1254 πεντή-

2053 1197 2177 1235 cum
2208 1182 2298 1235 alii
2338 1184 2589 1238 convivia
2637 1185 2781 1238 inter
2818 1200 2878 1239 se
2911 1185 3210 1253 agitavere,
3242 1195 3354 1239 tum
3385 1187 3460 1252 illi
3499 1187 3625 1255 ipsi,

371 1292 535 1326 κοντα
568 1277 835 1345 μυριάδας
868 1277 1133 1346 δραχμῶν
1167 1277 1520 1346 κομίσασθαι,
1571 1276 1665 1328 καὶ
1694 1274 1948 1337 Σικελίας

2051 1289 2113 1329 ac
2137 1275 2373 1344 primum
2405 1275 2604 1331 Sextus
2633 1277 2686 1330 in
2724 1277 2871 1336 navi.
2919 1287 3104 1345 postea
3145 1277 3327 1334 Caesar
3357 1290 3414 1333 et
3449 1281 3628 1334 Anto-

371 1370 466 1420 καὶ
521 1369 761 1438 Σαρδοῦς
794 1369 893 1439 τῆξ
918 1386 979 1421 τε
1025 1369 1248 1437 Ἀχαΐας
1291 1369 1383 1419 ἐπὶ
1431 1368 1591 1420 πέντε
1639 1366 1733 1433 ἔτη
1764 1365 1948 1434 ἄρξαι,

2052 1366 2180 1420 nius
2221 1367 2277 1419 in
2327 1366 2535 1420 litt0re.
2583 1366 2688 1422 Ubi
2737 1381 2860 1420 cum
2905 1376 3204 1436 utrumque
3251 1368 3451 1430 Sextus
3500 1384 3625 1424 cum

375 1462 448 1528 μὴ
483 1462 820 1530 αὐτομόλους
875 1461 1186 1530 δεχόμενον,
1237 1459 1312 1530 μὴ
1367 1458 1498 1520 ναῦς
1552 1456 1948 1527 ἐπικτώμενον,

2049 1461 2241 1528 paucis
2300 1458 2470 1513 Mense
2518 1459 2700 1514 liberti
2764 1475 2933 1514 suasu
2991 1460 3247 1515 occidere
3321 1464 3627 1531 potuisset.

373 1552 597 1619 μήτινα
653 1553 710 1604 ἐν
749 1554 817 1622 τῇ
866 1550 1068 1620 Ἰταλίᾳ
1100 1549 1295 1619 ἔχοντα
1335 1548 1572 1619 φρούρια
1602 1565 1614 1578 ·
1666 1547 1804 1601 ἀλλά
1851 1546 1950 1616 τήν

2050 1551 2165 1620 qui.
2197 1552 2240 1606 si
2276 1552 2473 1614 vellct,
2506 1567 2564 1606 se
2605 1551 2933 1604 rudentibus
2965 1552 3195 1606 resectis
3240 1554 3623 1623 navigaturum

370 1659 424 1693 τε
463 1644 690 1715 εἰρήνην
722 1642 820 1712 τὴν
850 1647 906 1696 ὲν
929 1645 995 1712 τῇ
1033 1641 1283 1712 Θαλάσσῃ
1314 1640 1456 1707 αὐτῇ
1503 1635 1942 1708 πρυτανεύοντα,

2053 1638 2310 1693 dicebat:
2350 1639 2544 1704 noluit,
2581 1640 2675 1694 sed
2710 1638 2879 1694 ﬁliam
2923 1655 3073 1694 suam
3111 1641 3180 1695 Μ.
3224 1641 3476 1696 Marcello
3507 1643 3629 1698 Cte-

372 1736 466 1785 καὶ
522 1736 666 1787 σῖτον
717 1737 830 1798 τοῖς
880 1736 938 1788 ὲν
966 1737 1034 1804 τῇ
1077 1733 1229 1786 πόλει
1267 1733 1464 1783 τακτὸν
1491 1729 1802 1798 πέμποντα.
1835 1728 1946 1788 Τὰς

1317 1733 1464 1783 ικτὸν
1491 1729 1802 1798 πέμποντα.
1835 1728 1946 1788 Τὰς
2053 1729 2195 1782 saris
2228 1728 2565 1782 consobrino
2588 1729 2906 1808 despondit.

371 1831 504 1899 γοῦν
566 1831 844 1901 συνθήκας
915 1829 1122 1892 ταύτας
1192 1825 1668 1896 συγγραψάμενοι,
1727 1825 1822 1876 καὶ
1880 1823 1947 1875 τὰ
1989 1826 2349 1894 γραμματεῖα
2384 1827 2497 1888 ταῖς
2535 1827 2761 1896 ἱερείαις
2793 1831 2910 1892 ταῖς
2976 1829 3361 1900 ἀειπαρθένοις
3389 1827 3634 1900 παραθέ-

377 1943 550 1995 μενοι,
585 1923 764 1989 δεξιάς
792 1941 849 1976 τε
884 1923 1069 1992 σφίσιν
1099 1922 1287 1975 ἔδοσαν
1319 1921 1416 1974 καὶ
1454 1919 1714 1988 ἀλλήλους
1751 1917 2017 1986 ἐφίλησαν
2043 1933 2056 1946 ·
2130 1919 2224 1970 καὶ
2256 1919 2349 1970 ἐπὶ
2411 1919 2622 1982 τούτοις
2673 1919 2909 1983 ἄπλετος
2952 1923 3160 1994 ἠγέρθη
3236 1923 3332 1993 βοὴ
3360 1927 3470 1977 κάκ
3538 1926 3632 1993 τῆς

371 2020 603 2088 ἠπείρου
641 2019 748 2070 κάκ
773 2017 880 2071 τῶν
910 2017 1070 2082 νεῶν,
1100 2015 1242 2068 ὥστε
1269 2016 1360 2068 καὶ
1388 2015 1457 2066 τὰ
1484 2014 1584 2084 ὅρη
1621 2011 1942 2080 συνηχῆσαι.
1985 2013 2139 2065 Μετὰ
2205 2011 2376 2067 ταῦτα
2412 2015 2596 2082 μέντοι
2627 2015 2681 2068 οἴ
2706 2032 2766 2068 τε
2796 2015 2946 2069 ἄλλοι
2977 2016 3304 2086 ὑπεδέχοντο
3363 2015 3632 2087 ἀλλήλους

372 2114 466 2165 καὶ
499 2110 838 2175 ἀνθειστίων,
872 2109 967 2161 καὶ
1018 2107 1173 2160 αὐτοὶ
1224 2107 1448 2172 ἐκεῖνοι,
1483 2105 1748 2176 πρότερος
1781 2101 1886 2170 μὲν
1924 2104 1951 2154 6
1991 2102 2186 2166 Σέξτος
2229 2107 2285 2158 ὲν
2351 2110 2416 2176 τῇ
2487 2107 2597 2176 νηῒ,
2634 2108 2824 2164 ἔπειτα
2851 2107 2947 2161 καὶ
2983 2107 3011 2160 6
3047 2109 3266 2177 Καῖσαρ
3291 2109 3319 2161 ὅ
3344 2125 3402 2160 τε
3439 2109 3634 2163 ’Λντώ-

372 2223 481 2266 νιος
507 2206 563 2257 ὲν
591 2205 655 2272 τῇ
689 2201 922 2271 ἠπείρῳ.
950 2198 1208 2268 Δυνηθε“ις
1237 2199 1294 2250 δὲ
1322 2201 1349 2251 6
1379 2197 1571 2263 Σέξτος
1600 2197 1766 2264 ἄμφω
1788 2195 1844 2246 ὲν
1868 2192 1946 2263 τῷ
1990 2193 2186 2262 σκάφει
2255 2197 2350 2250 σὺν
2377 2198 2577 2267 ὀλίγοις
2603 2200 2764 2266 ὄντας
2797 2204 3050 2267 κτανεῖν,
3083 2203 3158 2264 ὡς
3200 2203 3294 2253 καὶ
3357 2201 3387 2253 ὁ
3415 2201 3632 2265 ἐξελεύ-

373 2297 528 2366 θερος
568 2293 716 2361 αύτῷ
741 2292 933 2361 Μηνᾶς
966 2287 1372 2354 συνεϐούλευσε,
1407 2289 1625 2358 Τεμεῖν,
1667 2285 1858 2346 εἰπὼν,
1898 2284 1946 2335 εί
1987 2282 2228 2352 βούλοιτο
2283 2289 2343 2340 τὸ
2393 2294 2760 2361 πρυμνήσιον,
2791 2294 2886 2347 καὶ
2931 2293 3302 2361 ἀποπλεῦσαι,
3343 2295 3446 2349 οὐκ
3504 2295 3634 2364 ἠθέ-

371 2390 560 2456 λησεν,
618 2383 753 2438 ἀλλά
799 2384 892 2436 καὶ
938 2384 1039 2452 τὴν
1106 2382 1386 2454 θυγατέρα
1455 2381 1670 2449 Μάρκῳ
1725 2374 2036 2448 Μαρκέλλῳ
2074 2378 2149 2448 τῷ
2198 2379 2293 2433 τοῦ
2348 2382 2627 2454 Καίσαρος
2676 2386 2945 2457 ἀδελφιδῷ
2989 2387 3315 2458 ὲνηγγύησε.
3355 2390 3461 2454 Καὶ
3492 2388 3636 2443 οὕτω

382 2480 479 2549 μὲν
511 2480 537 2528 6
570 2475 804 2545 πόλεμος
838 2473 1192 2543 ἀνεὸἐϐλητο.

454 2567 579 2623 Kl".
621 2569 709 2630 Ἐς
758 2566 857 2636 τὴν
912 2565 1140 2619 Ἐλλάδα
1196 2565 1252 2616 δὲ
1307 2565 1335 2616 6
1373 2561 1659 2624 Ἀντώνιος
1704 2562 1814 2614 ἀπὸ
1853 2561 1949 2630 τῆς
1979 2564 2027 2623 Β

2124 2557 2316 2612 XXIII.
2371 2560 2449 2614 Eo
2483 2559 2628 2615 bello
2664 2561 2859 2626 dila'o,
2918 2563 3193 2618 Antonius
3237 2579 3304 2619 ex
3356 2565 3510 2618 ltalia
3578 2569 3633 2622 in

387 2660 623 2720 Ἰταλίας
658 2655 970 2710 επανελθὼν
1001 2657 1092 2706 ἐπὶ
1110 2655 1363 2708 πλεῖστον
1393 2655 1450 2706 ὲν
1476 2651 1648 2722 ταύτῃ
1680 2651 1947 2720 διέτριψε,

2061 2651 2324 2707 Graeciam
2364 2667 2654 2715 reversus,
2707 2652 2867 2724 513
2925 2655 3249 2725 longissimo
3287 2664 3530 2725 tempore
3558 2657 3634 2712 ibi

379 2752 480 2814 τάς
519 2768 578 2802 τε
608 2748 906 2818 ἐπιθυμίας
933 2745 1325 2816 ἀποπιμπλὰς,
1363 2745 1577 2809 καὶτὰς
1631 2747 1815 2808 πόλεις
1850 2761 1951 2797 κα-

2060 2753 2112 2798 ct
2142 2744 2305 2813 genio
2343 2742 2591 2809 indulsit,
2635 2745 2964 2800 etcivitatcs
2999 2744 3213 2809 afﬂixit,
3262 2757 3323 2801 ut
3358 2763 3521 2817 quam
3547 2747 3635 2803 in-

377 2844 513 2907 κῶν,
547 2842 621 2903 ὼς
647 2841 1040 2894 ἁσθενέσταται
1073 2839 1151 2908 τῷ
1202 2839 1384 2908 Σέξτῳ
1436 2837 1784 2906 παραδοθῶσι
1819 2852 1834 2868 ’
1861 2837 1954 2890 καὶ

2064 2833 2389 2889 lirmissimae
2468 2835 2633 2890 Sexto
2712 2836 3110 2890 traderentur:
3155 2846 3211 2891 et
3284 2849 3479 2908 praeter
3532 2841 3635 2894 alia

377 2936 512 2987 ἄλλα
556 2933 612 2986 δὲ
642 2931 819 2985 πολλὰ
877 2931 1198 3002 ὲξεδιῃτήθη
1261 2929 1415 2998 παρὰ
1461 2932 1530 2982 τὰ
1585 2930 1825 3000 πάτρια*
1863 2930 1955 2981 καὶ

2065 2923 2234 2976 multa
2265 2939 2293 2975 a
2325 2923 2519 2991 patriis
2563 2924 2812 2978 moribus
2857 2925 3234 2993 abhorrentia,
3271 2942 3331 2982 se
3358 2928 3633 2983 Bacchum

381 3026 635 3087 Διόνυσον
659 3025 779 3077 νέον
809 3024 1000 3077 ἑαυτὸν
1031 3023 1215 3075 ἐκάλει
1267 3024 1362 3075 καὶ
1405 3022 1558 3092 παρά
1615 3023 1720 3074 τῶν
1781 3021 1956 3075 ἄλλων

2057 3013 2335 3083 juniorem
2362 3014 2704 3082 nominabat,
2737 3025 2795 3072 et
2826 3016 2896 3070 ab
2925 3017 3050 3072 aliis
3082 3019 3346 3088 appellari
3383 3020 3632 3090 iubebat.

382 3114 746 3183 ὀνομάζεσθαι
777 3113 958 3182 ἦθελε.
1006 3112 1118 3165 Καὶ
1163 3110 1461 3180 Ἀθηναίων
1500 3109 1587 3162 διὰ
1625 3108 1800 3161 ταῦτα
1856 3112 1956 3176 τὴν

2062 3106 2178 3167 Oua
2224 3106 2291 3160 de
2328 3121 2492 3164 causa
2523 3122 2646 3161 cum
2693 3109 2744 3162 ei
2787 3109 3153 3166 Athenienses
3188 3111 3490 3166 Minervam
3537 3113 3637 3167 de-

379 3207 616 3275 ’Λθηνᾶν
645 3202 795 3274 αὐτῷ
821 3202 1321 3272 κατεγγυωμένων,
1350 3200 1607 3269 δέχεσθαί
1633 3217 1692 3252 τε
1739 3199 1830 3252 τὸν
1858 3199 1957 3265 γά-

2062 3196 2432 3266 spondcrent,
2477 3199 2732 3270 accipere
2780 3216 2840 3256 se
2869 3201 3243 3258 conditionem
3279 3204 3428 3258 illam
3461 3205 3631 3271 dixit,

381 3315 481 3368 μον
531 3297 660 3366 ἔφη,
717 3294 814 3348 καὶ
856 3296 1058 3361 προῖκα
1110 3293 1377 3362 μυριάδας
1435 3291 1630 3344 ἑκατὸν
1680 3289 1957 3360 ἐπράξατο

2062 3298 2119 3344 et
2141 3289 2208 3343 ab
2238 3290 2321 3345 eis
2343 3291 2487 3346 dotis
2515 3293 2737 3349 nomine
2767 3293 2952 3350 decies
2982 3305 3214 3350 centena
3235 3297 3406 3351 millia
3435 3297 3635 3351 drach-

379 3385 508 3456 παρ⁹
535 3384 736 3438 αὐτῶν.
775 3384 1044 3445 Κάκεῖνος
1078 3381 1178 3452 μὲν
1210 3381 1339 3448 περὶ
1373 3379 1546 3432 ταῦτα
1580 3376 1716 3449 εἶχε,
1764 3380 1854 3431 τὸν
1901 3378 1957 3431 δὲ

2065 3397 2280 3435 marum
2315 3385 2515 3454 exegit.
2541 3384 2639 3440 His
2667 3385 2834 3442 rebus
2867 3396 3189 3457 occupatus.
3222 3389 3281 3442 Ρ.
3312 3389 3631 3444 Ventidium

379 3475 648 3528 Βεντίδιον
674 3476 765 3528 τὸν
819 3472 1090 3525 Πούπλιον
1118 3473 1196 3531 είς
1226 3470 1326 3541 τὴν
1359 3470 1546 3523 Ἀσίαν
1579 3469 1954 3540 προέπεμψεν,

2065 3471 2120 3526 in
2157 3471 2340 3528 Asiam
2367 3474 2630 3542 praemisit
2658 3491 2672 3528 :
2715 3477 2807 3544 qui
2848 3476 3075 3532 Labieni
3110 3479 3386 3534 Romanas
3415 3489 3470 3533 et
3502 3481 3631 3534 Par-

377 3566 436 3629 ὃς
459 3565 536 3630 τῷ
564 3563 822 3634 Λαϐιηνῷ
861 3562 1140 3633 συμμίξας
1178 3562 1318 3630 μετᾶ
1359 3577 1419 3612 τε
1457 3561 1567 3613 τῶν
1616 3561 1746 3631 περὶ
1795 3558 1958 3612 αὑτὸν

2066 3563 2240 3618 thicas
2279 3564 2465 3634 copias
2495 3566 2612 3619 acie
2642 3565 2773 3621 vicit
2801 3579 2815 3623 :
2846 3582 2910 3621 ac
2934 3569 3121 3623 Parthi
3157 3571 3313 3623 multi
3352 3571 3422 3624 ab
3457 3570 3634 3630 Ιιο-ιίτ

392 3657 678 3726 Ῥωμαίων
695 3657 790 3711 καὶ
818 3656 925 3708 τῶν
954 3654 1186 3724 Πάρθων
1217 3651 1666 3723 παραταξαμένῳ
1689 3654 1956 3722 τρέπεται

2068 3655 2166 3710 bus
2203 3656 2326 3710 caesi
2373 3665 2526 3719 sunt,
2575 3658 2756 3727 plures
2790 3675 2820 3713 a
2853 3673 2911 3714 se
2942 3660 3178 3715 invicem
3227 3663 3279 3714 in
3331 3666 3454 3732 ruga
3502 3680 3639 3723 con-,-

381 3749 628 3810 τούτους.
682 3749 792 3801 Καὶ
831 3746 1017 3800 πολλοὶ
1066 3748 1164 3814 μὲν
1221 3746 1329 3798 τῶν
1387 3744 1618 3814 Πάρθων
1652 3743 1804 3814 παρά
1849 3741 1958 3794 τῶν

2063 3744 2301 3806 culcati,
2369 3747 2567 3815 reliqui
2621 3749 2676 3802 in
2738 3748 2988 3805 Ciliciam
3054 3752 3330 3822 fugerunt.
3393 3755 3636 3809 Labieno

381 3838 656 3908 πολεμίων
682 3839 1024 3906 ἐσφάγησαν,
1045 3835 1262 3896 πλείους
1293 3836 1348 3888 δὲ
1391 3834 1483 3890 ὑπ’
1503 3835 1750 3911 ἀλλήλων
1781 3835 1956 3903 ἐφθά-

2064 3834 2316 3901 praclium
2375 3836 2846 3908 redintegratum,
2903 3854 3028 3895 cum
3087 3841 3379 3898 Ventidius
3432 3845 3638 3910 milites

382 3947 553 4002 ρησαν
619 3931 674 3982 ὲν
709 3931 772 3999 τῇ
809 3930 955 3998 φυγῇ
1013 3926 1489 3996 συμπατούμενοι,
1522 3929 1575 3981 οἶ
1620 3944 1681 3980 τε
1720 3928 1962 3998 περιλει-

2063 3927 2184 3995 ejus
2219 3927 2292 3980 ob
2331 3926 2523 3997 fugam
2575 3927 2940 3985 barbarorum
2985 3931 3170 3987 minus
3200 3933 3427 4001 alacres,
3471 3945 3635 3998 noctu

381 4023 608 4092 φθέντες
639 4025 719 4084 είς
745 4022 1003 4075 Κιλικίαν
1037 4020 1259 4087 ἔφυγον,
1308 4021 1367 4072 '0
1393 4020 1665 4090 Λαδιηνὸς
1701 4020 1760 4074 δὲ
1803 4020 1958 4083 αὖθις

2066 4017 2327 4086 aufugero
2367 4019 2506 4074 velle
2559 4036 2626 4076 ex
2663 4020 2946 4090 transfuga
2987 4025 3373 4094 cognovisset,
3431 4028 3638 4088 multos

380 4114 713 4188 ἡτοιμάζετο
746 4113 898 4183 ἥξειν
932 4112 990 4174 ἐς
1013 4113 1211 4182 χεῖρας
1233 4111 1402 4180 αὐτῷ.
1443 4111 1508 4163 Ut
1541 4111 1598 4164 δὲ
1626 4111 1958 4181 στρατιῶται

2066 4107 2122 4162 ἰιι
2155 4109 2402 4168 discessu
2434 4125 2533 4178 per
2563 4111 2792 4168 insidias
2832 4122 3093 4183 exceptos
3137 4115 3372 4181 occidit,
3407 4126 3639 4189 caeteros

382 4201 720 4270 ἀθυμοῦντες
753 4200 840 4253 διὰ
873 4201 971 4269 τὴν
1001 4199 1109 4250 τῶν
1155 4197 1457 4268 βαρϐαρων
1487 4199 1686 4266 φυγὴν,
1719 4198 1956 4269 ἀποδρᾶ-

2065 4200 2133 4253 ad
2173 4215 2231 4254 sc
2277 4201 2534 4255 attraxit:
2581 4217 2646 4256 ac
2681 4212 2795 4259 tum
2841 4203 3064 4274 quidem
3115 4205 3394 4265 Labienus
3437 4210 3635 4273 evasit,

380 4311 467 4345 ναι
501 4291 690 4353 νυκτὸς
735 4288 1123 4359 ἐπεχείρησαν.
1177 4289 1288 4342 Καὶ
1347 4286 1504 4340 τοῦῖο
1564 4286 1623 4352 ἐξ
1658 4288 1957 4358 αὐτομόλου

2066 4290 2159 4345 sed
2191 4299 2314 4360 post
2348 4308 2379 4346 a
2413 4293 2688 4350 Demetrio
2729 4294 2964 4352 Caesaris
3003 4298 3176 4368 patris
3210 4299 3432 4365 liberto,
3466 4316 3634 4373 quem

381 4389 542 4457 γνοὺς
569 4388 596 4439 6
626 4385 919 4448 Βεντίδιος,
965 4383 1192 4446 πολλοὺς
1227 4383 1325 4451 μὲν
1380 4383 1438 4434 ἐν
1487 4384 1554 4452 τῇ
1605 4383 1957 4454 ἀποχωρήσει

2069 4393 2182 4436 tum
2251 4384 2523 4447 Antonius
2579 4385 2634 4439 in
2680 4386 2918 4458 Cyprum
2985 4389 3230 4454 miserat,
3275 4400 3471 4462 captus
3529 4402 3633 4465 est.

382 4481 618 4550 λοχήσας
646 4477 959 4540 ἀπέκτεινε,
991 4476 1117 4539 τοὺς
1141 4475 1198 4528 δὲ
1225 4474 1445 4538 λοιποὺς
1477 4477 1554 4538 εἰς
1588 4476 1781 4528 ἑαυτὸν
1827 4478 1957 4529 επε-

2067 4473 2355 4528 Venlidius
2379 4474 2568 4529 Cilicia
2603 4487 2860 4546 recepta,
2905 4476 3148 4533 Silonem
3190 4494 3315 4534 cum
3355 4481 3639 4551 equitibus

387 4572 665 4623 σπάσατο·
705 4569 911 4628 ἐκεῖνος
946 4565 1001 4618 δὲ
1027 4565 1149 4616 τότε
1187 4564 1285 4633 μὲν
1339 4561 1622 4631 διέφυγεν,
1653 4561 1958 4632 ὕστερονδὲ

2067 4564 2133 4618 ad
2180 4565 2448 4622 Amanum
2475 4568 2762 4636 praemisit,
2791 4578 3032 4625 montem
3073 4571 3128 4625 in
3153 4570 3391 4636 conﬁnio
3431 4573 3638 4644 Cilicia;

385 4665 488 4717 ὑπὸ
518 4663 610 4715 τοῦ
644 4661 960 4731 Δημητρίου
995 4660 1158 4722 ἑάλω,
1191 4659 1249 4722 ὃς
1280 4659 1374 4712 τοῦ
1415 4662 1682 4729 προτέρου
1743 4660 1958 4711 Καίσαι

2069 4666 2123 4710 et
2156 4655 2325 4727 Syriae
2358 4658 2547 4723 situm,
2580 4660 2738 4730 cujus
2776 4663 3096 4732 perangusti
3133 4673 3266 4718 sunt
3300 4663 3503 4719 aditus.
3534 4664 3636 4737 Ubi

387 4773 479 4824 ρος
521 4754 862 4823 ἐξελεύθερος
901 4751 997 4818 ὢν,
1039 4753 1160 4804 τότε
1189 4751 1342 4820 παρὰ
1395 4751 1489 4804 τοῦ
1533 4751 1824 4804 Ἀντωνίου
1883 4751 1961 4812 εἰς

2068 4748 2367 4804 discrimen
2397 4749 2626 4805 adiisset
2656 4767 2687 4804 a
2717 4751 2935 4808 Parthis
2962 4768 3102 4824 quos
3131 4755 3372 4810 Pacorus
3398 4755 3636 4826 praesidii

386 4845 613 4910 Κύπρον
647 4841 978 4895 ἀπέσταλτο.
1007 4839 1275 4903 Βεντίδιος
1303 4839 1361 4894 δὲ
1384 4837 1482 4907 τὴν
1522 4838 1776 4890 Κιλικίαν
1837 4840 1960 4889 ἐκο-

2068 4853 2230 4890 causa
2293 4836 2365 4890 ibi
2421 4838 2750 4908 reliquerat,
2799 4841 2904 4896 nisi
2939 4841 2994 4902 ei
3041 4843 3305 4913 pugnanti
3356 4842 3638 4908 Ventidius

393 4935 587 5004 μίσατο
621 4935 713 4988 καὶ
760 4934 970 4988 Σίλωνα
1021 4931 1140 5004 μεθ’
1193 4933 1405 4986 ἱππέων
1452 4931 1532 4994 είς
1594 4929 1688 4982 τὸν
1727 4929 1961 4998 Ἀμανὸν

2067 4927 2294 4982 fortuito
2333 4938 2667 4998 superventu
2715 4945 2876 5000 opem
2917 4932 3152 4988 tulisset.
3205 4932 3298 4989 Sic
3337 4934 3501 4988 etiam
3541 4933 3636 5004 Sy-.

389 5026 743 5100 προέπεμψεν
782 5026 928 5096 (ὅρος
952 5023 1007 5077 δὲ
1036 5021 1193 5084 τοῦτό
1221 5023 1371 5076 ἐστιν
1401 5024 1460 5076 έν
1492 5019 1734 5091 μεθορίῳ
1768 5020 1954 5090 κείμε-

2071 5021 2205 5074 riam
2257 5021 2486 5090 recepit,
2533 5031 2735 5092 prater
2789 5023 3047 5081 Aradios.
3094 5026 3305 5080 Deinde
3355 5027 3636 5083 Palaestina

394 5137 482 5172 νον
520 5117 718 5187 Συρίας
750 5117 845 5172 καὶ
871 5116 1146 5182 Κιλικίας,
1191 5115 1389 5185 κομιδῆ
1444 5115 1637 5184 στενὴν
1700 5113 1823 5182 ἕχον
1866 5112 1963 5182 τὴν

2069 5125 2290 5181 quoque
2333 5114 2539 5181 potitus
2565 5123 2671 5169 est.
2711 5114 2888 5186 Appio
2921 5116 3152 5173 Claudio
3181 5127 3236 5172 et
3267 5117 3329 5171 C.
3375 5117 3634 5182 Norbano

393 5210 616 5280 δίοδον),
643 5209 772 5262 ἔνθα
795 5209 890 5264 καὶ
920 5208 1293 5262 ἐκινδύνευσεν
1313 5207 1378 5260 ἂν
1411 5206 1514 5258 ὑπὸ
1540 5205 1649 5258 τῶν
1677 5205 1826 5273 παρά
1867 5205 1959 5256 τοῦ

2071 5202 2389 5256 consulibus
2420 5205 2734 5271 multitudo,
2788 5209 3209 5276 publicanorum
3257 5209 3635 5264 exactionibus

391 5265 645 5369 Πακόρου
679 5298 1034 5368 τεταγμένων
1080 5295 1368 5362 φυλάττειν
1389 5293 1540 5358 αὐτὸ,
1570 5295 1618 5345 εί
1678 5265 1773 5363 μὴ.
1821 5294 1964 5346 κατά

2069 5302 2318 5358 onerata,
2350 5310 2446 5364 per
2465 5295 2803 5351 sedi-tionem
2836 5314 2960 5353 cum
2991 5299 3103 5366 eis,
3144 5300 3413 5354 ministris
3453 5307 3508 5353 et
3541 5299 3637 5353 mis

391 5389 560 5459 τύχην
600 5390 628 5441 ὁ
663 5389 927 5453 Βεντίδιος
977 5387 1267 5460 μαχομένῳ
1307 5385 1456 5454 αὐτῷ
1517 5385 1744 5447 ἐπιστὰς
1803 5384 1962 5454 ἐϐοή-

2070 5384 2260 5439 litibus
2290 5400 2503 5451 corum,
2546 5388 2898 5456 vectigalium
2938 5391 3327 5460 exigendorum
3372 5390 3636 5459 adjutori:

394 5479 545 5549 θησε.
578 5479 688 5533 Καὶ
709 5479 850 5533 οὕτω
883 5482 984 5551 τήν
1041 5497 1100 5533 τε
1132 5479 1333 5551 Συρίαν
1359 5477 1501 5548 πλὴν
1561 5477 1669 5532 τῶν
1696 5476 1962 5546 Ἀραδίων

2071 5476 2176 5530 bus
2222 5475 2522 5530 dimicavit.
2570 5476 2750 5532 Caesar
2787 5479 3018 5545 Liviam,
3062 5480 3200 5534 Livii
3246 5480 3399 5535 Drusi
3445 5480 3634 5552 ﬁliam,

393 5570 724 5640 παρέλαϐεν,
764 5565 882 5623 εἶτα
938 5571 1033 5623 καλ⁸
1088 5571 1187 5639 τὴν
1245 5567 1612 5638 Παλαιστίνην
1673 5568 1960 5636 κατέσχεν.

2070 5567 2164 5633 qui
2217 5574 2338 5634 post
2374 5579 2610 5633 pugnam
2651 5565 3015 5634 Philippicam
3051 5568 3154 5622 sibi
3193 5581 3388 5620 manus
3436 5566 3636 5618 attule-

393 5662 627 5716 ’Λππίου
656 5662 712 5715 δὲ
746 5661 1012 5715 Κλαυδίου
1051 5662 1146 5715 καὶ
1195 5662 1355 5715 Γαΐου
1389 5659 1670 5730 Νορϐανοῦ
1720 5659 1962 5711 ὑπατευ-

2070 5666 2176 5721 rat,
2220 5653 2423 5709 Neroni
2469 5661 2716 5722 nuptam,
2748 5671 2972 5711 uxorem
3008 5657 3184 5712 duxit.
3223 5656 3352 5722 Qua:
3399 5671 3524 5710 cum
3573 5670 3635 5708 cx

393 5756 561 5810 όντων
594 5756 656 5807 τὸ
685 5755 887 5825 πλῆθος
941 5755 1075 5828 πρὸς
1103 5755 1232 5818 τοὺς
1279 5754 1522 5817 τελώνας
1595 5752 1965 5823 βαρυνόμενον

2067 5747 2254 5818 priore
2291 5741 2486 5796 marito
2524 5746 2863 5816 scxtumjam
2900 5762 3143 5804 mensem
3168 5751 3334 5802 ferret
3385 5756 3633 5812 uterum,
