4024 6406
443 376 548 445 s71
604 337 616 348 ’
1753 363 2078 429 JOANNIS
2118 361 2436 422 ZONAILE
3503 377 3513 384 .
3585 360 3720 425 δῖε

443 487 703 555 dubitans
733 501 804 542 an
838 485 944 541 rite
975 482 1182 554 nuptia:
1218 481 1411 536 tierent
1444 496 1473 535 a
1504 477 1880 550 pontiﬁcibus,
1909 475 2006 530 hoc

2113 475 2234 536 ταῖς
2257 472 2611 544 εἰσπράξεσιν
2641 471 2955 537 ἐστασίασε,
2983 471 3256 536 κάκείνοις
3295 474 3390 527 καὶ
3412 476 3522 536 τοῖς
3547 475 3720 545 ὑπη-

441 592 767 648 responsuui
790 576 950 631 tulit:
988 574 1042 630 Si
1069 583 1366 642 conceptus
1400 572 1688 640 ambiguus
1722 577 1886 629 esset,
1920 579 2006 620 eas

2119 566 2302 635 ρέταις
2344 568 2456 628 τοῖς
2514 581 2573 617 τε
2613 563 2975 634 στρατιώταις
3023 566 3136 627 τοῖς
3193 564 3717 636 συνεισπράττουσι

440 665 612 722 fuisse
664 663 1002 720 diﬂ‘erendas
1034 680 1048 716 :
1100 661 1195 716 sed
1232 677 1356 715 cum
1402 660 1470 715 de
1500 675 1568 715 eo
1605 667 1839 720 constet,
1876 654 2006 708 nihil

2117 655 2364 719 σφίσιυτὰ
2389 657 2648 726 χρήματα
2676 657 2732 718 ἐς
2793 657 2978 726 χεῖρας
3015 655 3206 727 ᾔεσαν.
3253 655 3311 710 ’0
3367 657 3424 710 δὲ
3471 659 3720 728 Κοίταρ

441 756 664 812 obstare
701 756 1002 826 quominus
1040 754 1191 808 fiant.
1226 751 1382 820 Quod
1416 751 1559 804 haud
1599 749 1715 803 scio
1746 763 1813 800 an
1850 747 1930 800 sic
1957 745 2012 796 in

441 845 598 902 libris
631 847 744 901 suis
779 847 1043 916 scriptum
1083 843 1415 907 invenerint,
1448 857 1512 894 an
1549 841 1602 894 iii
1635 837 1865 894 Caesaris
1893 851 2015 905 gra-

443 937 577 992 tiam
631 938 713 992 sic
762 937 1188 1006 pronuntiarint.
1237 934 1484 988 Elocavit
1527 939 1706 985 autem
1735 944 1856 983 eam
1900 928 2014 994 ipse

443 1029 704 1095 maritus,
757 1039 1017 1098 tanquam
1050 1037 1223 1096 pater.
1254 1026 1372 1081 Jam
1411 1024 1642 1078 Caesaris
1673 1017 2009 1075 materfami-

442 1123 545 1176 lias
600 1121 682 1176 Cl.
740 1122 977 1176 Drusum
1029 1121 1300 1174 Neronem
1359 1117 1501 1186 parit
1559 1113 1786 1176 mulier,
1849 1107 2016 1180 514

442 1229 606 1284 quem
657 1215 836 1269 Caesar
877 1213 1016 1283 patri
1051 1213 1218 1266 misit.
1277 1210 1328 1265 ls
1369 1210 1531 1278 longo
1589 1217 1836 1275 tempore
1891 1211 2015 1272 post

441 1305 704 1370 moriens,
742 1315 798 1360 et
838 1306 966 1358 huic
999 1313 1055 1358 et
1085 1302 1306 1376 Tiberio
1347 1302 1522 1370 ipsum
1560 1299 1826 1352 Ciesarcm
1864 1303 2010 1348 tuto-

441 1411 557 1451 rem
607 1395 848 1465 relquit.
894 1395 1109 1448 lntert-a
1160 1392 1341 1447 Caesar
1388 1401 1442 1446 et
1488 1391 1704 1451 Sextus,
1751 1386 1844 1456 qni
1901 1399 2012 1438 non

441 1495 654 1557 sponte,
676 1487 770 1540 sed
799 1472 972 1540 coacti
1009 1483 1152 1538 inter
1179 1498 1300 1538 sese
1333 1482 1674 1552 pepigerant,
1711 1486 1870 1557 rupto
1911 1477 2012 1531 lce-

441 1556 570 1630 dere
599 1575 802 1630 bellum
840 1581 1168 1645 gesserunt:
1214 1573 1281 1627 ad
1334 1571 1480 1642 quod
1524 1570 1668 1624 ultro
1705 1556 2008 1638 propensi,

439 1667 666 1734 praebita
695 1665 1006 1727 occasione,
1063 1664 1225 1718 facile
1256 1663 1612 1718 inclinarunt.
1649 1659 1834 1714 Menas
1861 1657 2009 1711 enim

440 1755 588 1810 Sexti
616 1755 866 1819 libertus,
891 1753 948 1808 in
983 1753 1233 1808 Sardinia
1259 1767 1444 1823 agens,
1474 1765 1598 1805 cum
1633 1749 1705 1804 ob
1735 1749 1861 1811 alia,
1892 1754 2006 1800 tum

435 1847 508 1902 ob
537 1846 756 1911 habitos
789 1862 914 1907 cum
950 1845 1164 1900 Caesare
1205 1858 1490 1900 sermones
1517 1848 1806 1910 suspectus
1830 1878 1845 1903 ,
1879 1851 2005 1890 cum

434 1954 466 1994 a
515 1939 682 1994 Sexto
711 1938 868 2009 quasi
918 1938 986 1992 ad
1035 1937 1366 1992 reddendam
1392 1945 1554 2005 gesta:
1587 1929 1881 2003 provincia:
1918 1943 2010 1982 ra-

439 2029 646 2083 tionem
685 2038 1102 2092 accerseretur,
1157 2025 1350 2094 legatis
1384 2023 1603 2087 occisis,
1637 2021 1899 2084 insulam,
1931 2021 2011 2074 le—

437 2123 652 2192 giones,
686 2121 958 2186 classem,
1034 2119 1386 2187 semetipsum
1433 2113 1634 2179 Caesari
1687 2113 1932 2177 tradidit,
1978 2126 2007 2165 a

437 2228 550 2283 quo
600 2213 813 2282 magnis
867 2209 1168 2282 honoribus
1215 2219 1482 2272 ornatus,
1537 2220 1735 2260 aureos
1775 2203 2011 2258 annnlos

436 2303 651 2374 accepit
682 2321 696 2359 :
727 2318 866 2374 quos
900 2303 1029 2356 olim
1057 2302 1243 2356 Roma:
1273 2315 1374 2354 nec
1398 2299 1632 2364 libertis,
1669 2311 1768 2351 nec
1793 2296 2008 2360 liberis,

439 2395 544 2449 nisi
592 2394 888 2462 imperator
933 2391 1305 2462 permisisset,
1366 2397 1582 2458 gestare
1631 2387 1860 2450 licebat,
1911 2385 2007 2441 sed

437 2481 784 2537 senatoribus
810 2490 862 2536 et
890 2479 1174 2550 equitibus
1199 2479 1482 2533 duntaxat.
1514 2476 1670 2532 llunc
1697 2477 1863 2547 igitur
1883 2490 2007 2530 cum

439 2575 565 2641 dedi
590 2573 696 2643 sibi
727 2571 930 2629 Sextus
969 2573 1330 2644 postulasset,
1363 2571 1545 2626 Caesar
1572 2580 1755 2626 autem
1787 2586 1896 2625 non
1913 2571 2010 2626 de-

435 2666 624 2730 disset,
667 2663 912 2718 vicissim
941 2672 1193 2731 questus,
1231 2663 1385 2716 illum
1427 2672 1484 2716 et
1521 2662 1831 2732 transfugas
1865 2662 2009 2716 reci-

433 2772 586 2828 pere,
624 2763 681 2811 et
708 2758 960 2812 triremes
984 2753 1278 2820 aedificare,
1317 2761 1372 2807 ct
1397 2753 1503 2808 alia
1541 2763 1740 2821 praeter
1771 2762 1927 2821 pacta
1952 2760 2010 2806 et

431 2857 703 2904 conventa
740 2848 919 2903 facere
946 2865 960 2902 :
994 2855 1109 2901 tum
1139 2857 1362 2916 propter
1390 2844 1627 2910 Menam,
1663 2852 1778 2898 tum
1809 2842 1880 2897 ob
1903 2839 2009 2896 aha

434 2936 699 2998 crimina,
751 2939 934 2992 missis
971 2936 1242 2989 militibus
1281 2933 1633 3004 Campaniam
1671 2932 1832 3003 longe
1876 2931 2012 2986 late-

431 3045 540 3100 que
573 3027 823 3084 vastavit.
860 3028 980 3095 Quo
1001 3027 1185 3082 Czesar
1219 3027 1462 3096 cognito,
1491 3024 1761 3095 Lepidum
1805 3034 1862 3079 et
1899 3025 2008 3078 An-

2113 750 2214 819 τὴν
2237 749 2430 802 Λιϐίαν
2453 747 2663 817 ἔγημεν
2683 763 2698 776 ·
2738 743 2806 817 ἦν
2830 746 2873 800 δ’
2903 746 3044 818 αὕτη
3074 747 3320 816 θυγάτηρ
3358 749 3456 818 μὲν
3500 749 3718 802 Λιϐίου

2115 839 2377 910 Δρούσου,
2407 839 2466 904 ὃς
2499 839 2697 894 ἑαυτὸν
2730 839 2867 908 μετὰ
2911 841 3009 910 τὴν
3052 841 3110 892 ἐν
3159 839 3469 911 Μακεδονίᾳ
3523 835 3720 910 ἧτταν

2115 934 2495 1003 διεχειρίσατο,
2529 933 2666 1004 γυνὴ
2693 932 2751 987 δὲ
2791 931 2885 985 τοῦ
2925 932 3196 1002 Νέρωνος.
3239 932 3334 985 καὶ⁵
3383 931 3576 999 ἔγκυος
3631 927 3717 1002 ἦν

2115 1025 2175 1088 ἐξ
2205 1025 2414 1078 ἐκείνου
2457 1026 2601 1094 μῆνα
2624 1026 2802 1078 ἕκτον.
2830 1025 3192 1090 Διστὰζοντος
3220 1023 3276 1076 δὲ
3302 1024 3389 1076 δια
3417 1024 3574 1074 τοῦτο
3601 1021 3715 1075 τοῦ

2116 1114 2394 1182 Καίσαρος
2421 1113 2725 1181 ἀγαγέσθαι
2758 1113 2928 1184 αὐτὴν
2967 1115 3027 1165 ὲν
3076 1111 3278 1181 γαστρὶ
3338 1113 3587 1180 ἔχουσαν,
3653 1111 3717 1162 οἱ

2117 1207 2281 1277 ἱερεῖς
2327 1207 2376 1258 oi
2409 1206 2744 1275 ποντίφικες,
2778 1207 2826 1259 εί
2871 1205 2946 1277 μὴ
2971 1205 3188 1260 ἀνόσιον
3219 1203 3306 1274 εἴη
3332 1203 3516 1264 τοῦτο,
3553 1205 3716 1272 ἐρωο

2114 1298 2393 1368 τηθέντες,
2426 1294 2579 1350 εἷπον
2604 1297 2682 1369 ώς
2714 1300 2764 1351 ei
2813 1298 2913 1368 μὲν
2965 1301 3024 1351 ἐν
3053 1297 3339 1368 ἀμφιϐὑλῳ
3394 1299 3454 1350 τὸ
3503 1296 3715 1366 κύημα

2112 1385 2200 1459 ἦν,
2235 1389 2598 1460 ὑπερτεθῆναι
2646 1390 2737 1443 τὸν
2786 1391 2964 1460 γάμον
3021 1391 3214 1461 ἐχρῆν⁸
3249 1388 3714 1458 ὁμολογουμένου

2112 1483 2168 1536 δέ
2207 1481 2395 1550 αὐτοῦ,
2431 1482 2584 1552 aestv
2622 1481 2822 1534 κωλύει
2889 1481 3052 1536 αὐτὸν
3111 1481 3386 1550 γενέσθαι,
3419 1481 3559 1550 τάχα
3594 1481 3715 1549 μὲν

2112 1575 2284 1638 οὕτως
2309 1577 2402 1644 καὶ
2443 1578 2501 1630 ἐν
2533 1578 2644 1638 τοῖς
2676 1575 2927 1645 πατρίοις
2952 1574 3114 1629 τοῦτο
3139 1576 3410 1646 εὑρόντες,
3440 1577 3489 1627 εἰ
3513 1575 3571 1628 δὲ
3599 1575 3713 1628 καὶ

2116 1666 2191 1737 μὴ
2220 1661 2402 1737 εὗρον,
2453 1667 2626 1731 οὕτως
2667 1667 2799 1721 αὐτὸ
2831 1668 3080 1733 εἰπόντες
3129 1667 3216 1721 διὰ
3253 1668 3346 1720 τὸν
3413 1667 3712 1735 Καίσαρα.

2118 1756 2380 1824 Ἐξέδωκε
2418 1759 2474 1813 δέ
2504 1760 2674 1829 αὐτὴν
2701 1759 2863 1824 αὐτὸς
2893 1761 2920 1813 ὁ
2945 1761 3084 1832 ἀνὴρ
3117 1759 3307 1829 ὥσπερ
3350 1776 3433 1824 τις
3486 1761 3709 1828 πατήρ.

2124 1848 2456 1903 Συνοικοῠσα
2479 1849 2535 1903 δέ
2567 1850 2666 1920 ἤδη
2691 1851 2723 1920 ἡ
2747 1852 2883 1920 γυνὴ
2908 1851 2986 1918 τῷ
3027 1850 3286 1920 Καίσαρί,
3321 1849 3494 1924 τίκτει
3518 1848 3712 1925 ﬁla-.5-

2110 1937 2223 1990 διον
2255 1937 2494 2008 Δροῦσον
2525 1938 2778 2009 Νέρωνα,
2817 1941 2910 1993 καὶ
2931 1940 3096 1994 αὑτὸν
3117 1942 3144 1992 ὁ
3169 1941 3386 2009 Καῖσαρ
3419 1938 3496 2006 τῷ
3522 1939 3712 2007 πατρὶ

2112 2025 2382 2096 ἐπεμψεν*
2417 2025 2479 2090 ὃς
2509 2026 2774 2081 τελευτῶν
2805 2027 2988 2098 πολλῷ
3037 2026 3266 2098 ὕστερον
3294 2026 3470 2096 τούτῳ
3499 2042 3557 2078 τε
3603 2027 3711 2078 καὶ

2110 2117 2189 2188 τῷ
2218 2117 2458 2189 Τιϐερίῳ
2491 2118 2791 2188 ἐπίτροπον
2825 2120 2988 2172 αὑτὸν
3042 2119 3134 2173 τὸν
3171 2118 3424 2188 Καίσαρα
3456 2117 3709 2172 καταλέ-

2110 2209 2318 2264 λοιπεν.
2355 2211 2442 2263 Ἐν
2471 2208 2526 2262 δὲ
2551 2209 2728 2280 τούτῳ
2765 2211 2793 2262 ὁ
2829 2211 3045 2281 Καίτάρ
3073 2227 3132 2263 τε
3156 2211 3250 2264 καὶ
3289 2213 3315 2262 ὁ
3347 2209 3537 2272 Σέξτος
3562 2209 3707 2262 ἐπο-

2111 2298 2380 2370 λέμησαν.
2428 2299 2502 2352 Οὐ
2537 2300 2648 2370 γὰρ
2687 2300 2966 2352 ἐθελονταὶ
3020 2299 3136 2353 ἀλλι
3192 2299 3532 2366 ἀναγκαστοὶ
3595 2298 3706 2367 τὴν

2109 2392 2402 2460 ὁμολογίαν
2481 2393 2863 2462 πεποιημένοι,
2943 2391 3052 2444 οὐδ’
3143 2391 3429 2460 ἐνέμειναν
3493 2391 3700 2462 ταύτῃ.

2115 2483 2391 2553 Ἐμελλον
2420 2484 2519 2554 μὲν
2539 2484 2668 2554 γὰρ,
2699 2486 2749 2536 εί
2785 2485 2877 2537 καὶ
2909 2483 2984 2554 μὴ
3017 2482 3219 2552 σκῆψις
3243 2484 3425 2546 αὐτοῖς
3450 2484 3699 2550 ἐγένετο,
3739 2525 3758 2537 .

2114 2575 2477 2645 μαχέσασθαι.
2526 2575 2677 2638 Τέως
2715 2575 2760 2628 δ’
2806 2574 2897 2629 οὖν
2933 2574 3026 2628 καί
3083 2591 3228 2636 τινες
3281 2576 3464 2636 αὐτοῖς
3520 2573 3700 2645 αἰτίαι

2109 2667 2279 2729 λαϐὰς
2310 2667 2406 2735 τῆς
2446 2667 2627 2738 μάχης
2661 2665 2948 2720 δεδώκασι.
2983 2667 3175 2736 Μηνᾶς
3203 2666 3310 2734 γὰρ
3345 2664 3698 2738 ἐξελεύθερος

2109 2757 2186 2812 ὢν
2206 2758 2299 2812 τοῦ
2326 2759 2542 2823 Σέξτου,
2574 2760 2668 2811 καὶ
2707 2760 2766 2810 ἐν
2793 2760 2858 2828 τῇ
2902 2758 3094 2826 Σαρῗοῖ
3122 2760 3188 2828 τῇ
3222 2759 3372 2828 νήσῳ
3400 2757 3697 2826 τυγχάνων

2111 2849 2448 2921 ὑπωπτεύθη
2489 2849 2557 2902 δι’
2597 2848 2735 2902 ἄλλα
2774 2864 2832 2900 τε
2871 2848 2962 2901 καὶ
2993 2847 3168 2916 ὅτιτῷ
3199 2849 3438 2914 Καίσαρι
3466 2849 3692 2898 ἐκεκοιο

2111 2943 2394 3012 νολόγητο,
2437 2941 2530 2993 καὶ
2564 2939 2982 3010 μεταπεμφθεὶς
3017 2940 3122 3004 ὑπὸ
3154 2938 3349 3004 Σέξτου
3379 2937 3454 3000 ὡς
3497 2937 3696 3005 λόγους

2110 3035 2300 3088 δώσων
2327 3035 2454 3104 περὶ
2487 3029 2562 3086 ὧν
2589 3033 2874 3102 διῳκήκει,
2893 3033 3018 3094 τοὺς
3037 3032 3138 3101 μὲν
3167 3030 3518 3100 πεμφθέντας
3549 3031 3694 3083 ἁπέ-

435 3124 649 3178 tonium
683 3123 994 3178 accersivit.
1035 3121 1117 3176 Ac
1159 3120 1402 3190 Lepidus
1429 3120 1652 3189 quidem
1683 3133 1794 3172 non
1823 3119 2006 3173 statim

2113 3141 2319 3190 κτεινε,
2376 3123 2476 3194 τὴν
2502 3122 2556 3176 δὲ
2581 3123 2745 3193 νῆσον
2769 3122 2848 3194 τῷ
2889 3122 3150 3192 Καίσαρι,
3189 3124 3280 3174 καὶ
3309 3122 3372 3174 τὸ
3411 3123 3692 3188 ναυτικὸν,

430 3213 830 3284 obtemperavit
860 3229 873 3266 :
912 3211 1186 3266 Antonius
1213 3210 1315 3266 etsi
1351 3225 1382 3263 e
1405 3207 1612 3264 Graecia
1637 3208 2005 3262 Brundusium

433 3307 606 3371 venit,
659 3318 839 3362 tamen
869 3308 1190 3377 priusquam
1224 3316 1350 3358 cum
1379 3303 1596 3357 Caesare
1641 3303 2008 3371 congredere-

433 3404 546 3460 tur,
582 3396 697 3466 lupi
734 3397 787 3450 in
812 3396 1128 3466 pra-torium
1163 3409 1325 3448 suum
1369 3395 1638 3464 ingressu,
1679 3396 1771 3462 qui
1805 3393 2008 3446 milites

433 3486 644 3558 aliquot
681 3486 756 3540 ibi
792 3486 1164 3549 interfecerat,
1198 3485 1456 3548 territus,
1493 3499 1591 3552 per
1625 3499 1844 3537 causam
1877 3483 2004 3536 belii

433 3578 674 3632 Parthici
707 3592 818 3647 quo
853 3586 1169 3647 urgeretur,
1215 3575 1272 3630 in
1306 3573 1568 3628 Graeciam
1595 3574 1780 3628 rediit.
1813 3575 2008 3628 Sextus

432 3669 612 3724 factus
663 3669 920 3734 alacrior,
968 3668 1144 3722 classe
1183 3666 1392 3720 Italiam
1437 3681 1756 3738 aggressus,
1809 3666 2006 3719 inultas

434 3760 618 3815 clades
647 3767 703 3814 et
732 3758 1004 3814 inferebat
1035 3766 1090 3812 et
1115 3757 1451 3828 accipiebat,
1507 3758 1566 3812 in
1595 3755 1885 3811 navalibus
1933 3763 2008 3808 ta-

433 3865 557 3904 men
585 3850 782 3921 pugnis
811 3851 1065 3920 superior
1093 3867 1108 3904 :
1150 3859 1211 3903 ut
1230 3849 1412 3904 Cesar
1441 3851 1676 3906 navibus
1701 3847 2002 3918 compluri-

431 3945 538 3998 bus
567 3954 676 3997 tam
709 3943 851 3998 bello
889 3958 1054 4014 quam
1089 3941 1142 3996 vi
1178 3950 1562 4011 tempestatum
1599 3941 1817 3996 amissis
1840 3981 1854 4007 ,
1905 3940 2003 3996 de-

429 4045 646 4104 sperata
699 4036 906 4102 Sicilia,
955 4035 1096 4090 bene
1146 4047 1332 4090 secum
1363 4033 1446 4103 agi
1479 4041 1717 4103 putaret,
1762 4033 1809 4088 si
1849 4046 2002 4086 oram

431 4125 758 4182 maritimam
833 4137 1104 4182 tueretur.
1175 4125 1356 4191 Quare
1402 4125 1600 4182 Sextus
1639 4125 1834 4180 elatior
1891 4124 2004 4179 lta-

429 4218 559 4272 liam
599 4219 848 4272 vexabat.
879 4217 1262 4288 Apollophane
1295 4220 1352 4272 in
1379 4218 1619 4272 Africam
1653 4218 1848 4284 misso,
1885 4217 2004 4274 Cae-

431 4323 522 4362 sar
552 4315 606 4362 et
648 4309 886 4364 navibus
939 4309 1128 4364 multis
1167 4309 1490 4374 fabricatis,
1534 4318 1590 4362 et
1634 4310 1935 4380 remigibus
1973 4325 2004 4364 a

430 4401 813 4466 senatoribus,
853 4402 1135 4470 equitibus
1183 4409 1242 4455 et
1292 4400 1525 4470 plebeiis
1559 4401 1893 4470 corrogatis,
1944 4409 2002 4456 et

2114 3217 2208 3270 zai
2239 3216 2301 3270 τὸ
2322 3215 2508 3269 λοιπὸν
2527 3217 2864 3286 στράτευμα,
2889 3216 2982 3268 καὶ
3035 3215 3228 3267 ἑαυτὸν
3285 3213 3690 3285 παραδεδώκει.

2123 3307 2181 3362 Ὀ
2212 3309 2272 3362 δὲ
2304 3307 2466 3362 αὑτὸν
2499 3307 2752 3379 μεγάλως
2788 3307 3053 3381 τετίμηκε
3082 3323 3096 3338 ο
3130 3307 3436 3371 δακτυλίοις
3470 3323 3530 3358 τε
3575 3308 3692 3376 γὰρ

2107 3403 2330 3472 χρυσοῖς
2363 3399 2664 3475 ἐκόσμησε,
2715 3400 2810 3452 καὶ
2866 3401 2979 3461 τοῖς
3041 3399 3264 3451 ίππεῦσι
3317 3398 3694 3467 συγκατηρίθ-

2111 3485 2274 3565 μησε.
2300 3493 2374 3546 Τὸ
2401 3493 2460 3546 δὲ
2496 3493 2606 3545 τῶν
2659 3491 2960 3564 δακτυλίων
2995 3491 3238 3546 τοιοῦτόν
3272 3493 3440 3544 ἐστιν.
3499 3491 3695 3544 Οὐδενὶ

2105 3588 2214 3640 τῶν
2240 3586 2408 3640 πάλαι
2477 3585 2787 3656 Ῥωμαίων,
2829 3585 2928 3654 οὐχ
2991 3585 3072 3638 ὄτι
3114 3585 3222 3638 τῶν
3274 3583 3691 3652 ἀπελευθέρων,

2112 3679 2368 3734 ἁλλόὐδὲ
2395 3679 2502 3731 τῶν
2520 3678 2844 3748 ἐλευθέρων,
2881 3676 3022 3748 πλὴν
3085 3679 3191 3732 τῶν
3241 3676 3545 3748 βουλευτῶν
3596 3679 3693 3726 καὶ

2110 3771 2347 3836 ἱππέων,
2394 3770 2705 3834 δακτυλίοις
2736 3771 2959 3840 χρυσοῖς
2991 3769 3300 3840 κεχρῆσθαι
3340 3767 3488 3838 ἐξῆν,
3521 3769 3568 3820 εί
3613 3768 3694 3837 μὴ

2103 3865 2132 3916 ὁ
2159 3863 2219 3914 τὸ
2247 3863 2452 3930 κράτος
2483 3861 2625 3930 ἔχων
2659 3861 2821 3914 τοῦτο
2860 3861 3149 3931 ἐπέτρεψε.
3189 3858 3394 3912 Τοῦτον
3454 3855 3546 3912 οὖν
3591 3861 3692 3912 τοῦ

2103 3951 2304 4018 Σέξτου
2343 3953 2638 4022 ἐκδοθῆναι
2665 3953 2714 4005 οἱ
2751 3953 3093 4022 αἰτήσαντος,
3140 3955 3168 4004 ὁ
3199 3954 3414 4022 Καῖσαρ
3449 3951 3549 4003 οὐκ
3569 3946 3695 4017 ἐξέ-

2105 4044 2300 4106 δωκεν,
2351 4043 2707 4110 ἀντεγκαλῶν
2736 4042 2814 4111 τῷ
2843 4042 3022 4112 Σέξτῳ
3066 4041 3126 4094 τὸ
3171 4043 3300 4102 τοὺς
3355 4041 3692 4110 αὐτομόλους

2105 4153 2166 4190 τε
2199 4135 2586 4205 ὑποδέχεσθαι,
2616 4135 2712 4186 καὶ
2769 4135 3072 4202 ναυπηγεῖν
3123 4135 3368 4202 τριήρεις
3415 4133 3567 4202 παρὰ
3620 4134 3695 4186 τὰ

2103 4229 2526 4300 ὡμολογημένα,
2553 4227 2648 4283 καὶ
2685 4226 2869 4296 ἕτερα.
2907 4225 2966 4276 '0
2992 4225 3047 4278 δὲ
3077 4225 3140 4295 δὴ
3175 4225 3365 4291 Σέξτος
3388 4224 3476 4278 διά
3513 4241 3570 4278 τε
3598 4225 3693 4276 τὸν

2104 4320 2320 4390 Μηνᾶν,
2359 4320 2454 4372 καὶ
2481 4315 2548 4368 δι’
2571 4315 2709 4370 ἄλλα
2729 4315 2819 4368 τὸν
2855 4315 3112 4384 Καίσαρα
3139 4315 3480 4384 αἰτιώμενος,
3535 4315 3681 4381 πέμ-

2104 4411 2212 4483 ψας
2236 4409 2406 4464 πολλὰ
2435 4407 2534 4476 τῆς
2564 4405 2895 4475 Καμπανίας
2931 4405 3222 4476 ἐπόρθησε.
3268 4407 3372 4458 Καὶ
3397 4407 3426 4460 ὁ
3457 4406 3675 4476 Καῖσαρ

433 4491 698 4547 militibus
731 4493 969 4562 scriptis.
1005 4502 1060 4548 et
1087 4493 1317 4563 pecunia
1341 4493 1586 4562 undique
1615 4501 1821 4557 coacta,
1849 4493 1996 4548 ordi-

2110 4500 2260 4554 τοῦτο
2285 4496 2473 4568 μαθὼν
2500 4494 2592 4549 τὸν
2627 4493 2864 4547 Λέπιδον
2887 4493 2985 4546 καὶ
3025 4493 3118 4547 τὸν
3172 4493 3459 4568 Ἀντώνιον
3520 4510 3680 4562 μετε-

429 4583 612 4638 nanda
649 4583 802 4638 italia
840 4595 896 4638 et
923 4583 1098 4640 Gallia
1148 4593 1484 4654 occupatus,
1528 4584 1781 4654 Agrippae
1824 4599 1994 4638 nava-

429 4673 539 4727 lem
599 4674 1021 4730 instructionem
1087 4675 1448 4730 exercendam
1506 4682 1564 4729 et
1624 4676 1996 4730 exornandam

432 4765 677 4820 tradidit.
706 4766 758 4820 ls
787 4775 844 4820 et
869 4766 1104 4822 navibus
1141 4777 1199 4822 et
1234 4767 1536 4837 remigibus
1571 4767 1625 4820 in
1651 4781 1818 4820 unum
1861 4781 2000 4822 con-

431 4856 636 4922 ductis,
671 4857 794 4911 illas
821 4856 1036 4922 refecit,
1073 4858 1176 4912 hos
1207 4867 1269 4912 nt
1295 4859 1351 4913 in
1379 4858 1637 4914 tabulatis
1667 4859 2000 4931 remigarent

434 4951 704 5002 exercuit.
765 4947 898 5012 Quae
962 4949 1092 5003 dum
1131 4949 1347 5014 fierent,
1395 4950 1625 5004 Romani
1679 4961 1734 5004 et
1789 4933 2001 5020 princi-

433 5056 563 5112 pum
619 5039 912 5096 discordiis
957 5049 1014 5095 et
1075 5042 1340 5112 prodigiis
1402 5042 1785 5107 terrebantur,
1836 5041 1998 5116 515

433 5145 500 5185 eo
542 5144 612 5198 po
663 5130 970 5198 tissimum,
1035 5131 1182 5200 quod
1247 5131 1426 5185 albam
1489 5132 1744 5202 gallinam
1788 5114 1999 5187 ramum

436 5223 577 5276 lauri
614 5238 738 5278 cum
788 5222 973 5279 baecis
1029 5224 1318 5288 ferentem,
1363 5209 1546 5294 aquila
1593 5236 1901 5294 correptam
1945 5225 1998 5278 in

435 5313 601 5368 Livia:
649 5316 918 5384 gremium
976 5316 1170 5388 dejecit
1205 5333 1218 5370 :
1257 5317 1314 5371 id
1376 5317 1520 5387 quod
1586 5318 1803 5387 signum
1857 5316 2004 5390 haud

436 5409 694 5478 exiguum
796 5409 1108 5465 videbatur.
1191 5409 1484 5465 Enimvero
1575 5409 1729 5464 Livia
1806 5410 2006 5478 gallina

437 5499 710 5564 curanda,
773 5507 830 5554 et
889 5501 1047 5554 lauro
1132 5499 1464 5571 plantanda,
1537 5516 1660 5570 quae
1729 5500 2009 5554 radicibus

436 5591 574 5644 actis
611 5591 816 5658 crevit,
874 5595 1066 5663 utique
1143 5593 1375 5650 Cmsaris
1429 5595 1726 5665 potentiam
1801 5594 2009 5664 gremio

436 5685 923 5752 complectebatur,
979 5689 1234 5742 omnibus
1299 5691 1352 5742 in
1403 5671 1570 5744 rebus
1620 5689 1739 5758 ejus
1781 5687 2000 5743 domina

435 5768 640 5830 futura.

2100 4590 2374 4661 πέμψατο.
2405 4589 2516 4642 Καὶ
2553 4589 2581 4640 ὁ
2615 4587 2713 4657 μὲν
2755 4586 2990 4650 Λέπιδος
3018 4585 3120 4638 οὐκ
3149 4585 3311 4648 εὐθὺς
3347 4577 3682 4663 ῥπήκουσενο

2096 4680 2390 4741 ’Δντώνιος
2420 4677 2476 4730 δὲ
2505 4671 2638 4748 ἦλθε
2672 4675 2770 4746 μὲν
2792 4675 2857 4729 ἐκ
2880 4675 2980 4746 τῆς
3017 4673 3271 4746 Ἑλλάδος
3301 4677 3383 4744 είς
3407 4676 3470 4728 τὸ
3519 4677 3692 4746 Βρεν-

2100 4774 2300 4846 τέσιον,
2338 4771 2468 4842 πρὶν
2488 4770 2547 4822 δὲ
2578 4769 2656 4840 τῷ
2687 4767 2930 4844 Καίσαρι
2991 4767 3296 4832 συνελθεῖν,
3355 4768 3563 4834 δείσας,
3602 4770 3686 4822 ὃτι

2099 4864 2264 4925 λύκος
2304 4864 2385 4926 εἰς
2416 4864 2476 4915 τδ
2510 4861 2840 4935 στρατήγιον
2873 4857 3044 4932 αυτοῦ
3102 4857 3343 4929 εἰσῆλθε,
3382 4861 3476 4912 καὶ
3520 4877 3688 4930 στρα-

2105 4956 2303 5019 τιώτας
2330 4955 2604 5026 ἔφθειρεν,
2625 4946 2708 5016 εις
2739 4953 2840 5025 τὴν
2879 4953 3108 5026 Ἐλλάδα
3153 4953 3332 5033 πάλιν.
3356 4953 3683 5026 ἀνέστρεψε,

2108 5040 2592 5120 προφασισάμενος
2615 5051 2683 5100 τὰ
2731 5037 2841 5100 τῶν
2891 5046 3122 5117 Πάρθων
3153 5044 3228 5119 ώς
3259 5048 3682 5120 κατεπείγοντα.

2119 5116 2178 5192 ’ὁ
2204 5116 2258 5190 δέ
2283 5137 2478 5203 Σέξτος
2511 5136 2924 5223 προθυμότερον
2956 5116 3162 5223 ηπτετο
3189 5137 3298 5211 τῶν
3319 5116 3684 5208 πραγμάτων,

2111 5231 2205 5284 καὶ
2235 5232 2302 5300 τῇ
2338 5228 2542 5301 Ἰταλίᾳ
2570 5227 2825 5303 ἐπέπλει,
2857 5231 2952 5280 καὶ
2981 5228 3150 5281 πολλὰ
3211 5230 3310 5298 μὲν
3339 5229 3563 5293 ἐκάκου,
3621 5228 3684 5282 οὐ

2105 5321 2242 5393 μείω
2275 5321 2331 5374 δὲ
2358 5321 2452 5373 καὶ
2495 5315 2824 5391 ἀντέπασχε.
2862 5322 2972 5374 Καὶ
3009 5322 3333 5390 ναυμαχιῶν
3388 5319 3686 5390 γεγονυιῶν

2102 5414 2154 5467 oi
2181 5413 2276 5466 τοῦ
2307 5411 2502 5482 Σέξτου
2537 5410 2736 5482 μᾶλλον
2775 5411 3064 5481 ἐκράτουν,
3115 5411 3330 5464 πολλῶν
3387 5411 3489 5482 μὲν
3537 5413 3685 5482 νηῶν

2103 5504 2198 5560 τοῦ
2223 5505 2504 5575 Καίσαρος
2537 5504 2632 5557 καὶ
2679 5505 2738 5556 ἐν
2787 5506 2909 5566 ταῖς
2957 5503 3288 5573 ναυμαχίαις
3348 5504 3685 5574 φθαρεισῶν,

2109 5597 2322 5651 πολλῶν
2350 5597 2407 5649 δὲ
2435 5595 2527 5648 καὶ
2559 5595 2664 5648 ὑπὸ
2705 5594 2895 5664 βιαίων
2946 5597 3277 5664 πνευμάτων
3335 5596 3687 5649 κινδυνευσά-

2117 5689 2246 5756 σῶν,
2287 5687 2428 5742 ὥστε
2465 5686 2558 5739 τὸν
2616 5685 2872 5756 Καίσαρα
2927 5685 3250 5756 βουλόμενον
3300 5691 3382 5752 εἰς
3434 5688 3690 5742 Σικελίαν

2119 5781 2395 5852 ἐμϐαλεῖν,
2427 5779 2584 5832 τοῦτο
2619 5777 2719 5848 μὲν
2751 5780 3085 5847 ἀπογνῶναι,
3115 5782 3212 5852 τῆς
3247 5782 3302 5836 δὲ
3331 5783 3691 5851 παραθαλαοτ
