4024 6402
404 338 510 438 813
1716 360 2134 427 ANNALIUM
2175 361 2324 422 LIB.
2379 363 2451 422 x.
3578 354 3685 416 374

406 489 532 554 σίας
558 485 793 560 ήπείρου
825 483 926 557 τὴν
950 481 1202 555 φυλακήν
1251 460 1521 535 ποιεῖσθαι
1543 476 1864 548 ἀγαπητῶς.
1926 473 1985 526 '0
2024 471 2219 538 Σέξτος
2275 473 2320 528 δ’
2382 473 2465 526 ἐτι
2503 471 2706 543 μᾶλλον
2736 471 2902 542 ήρθη,
2940 473 3033 526 καὶ
3061 472 3226 534 αὐτὸς
3261 470 3360 540 μὲν
3406 468 3504 538 τὴν
3535 467 3680 521 Ἰτα-

400 581 524 637 λίαν
549 581 775 644 ἐκάκου,
813 580 893 643 είς
927 577 986 632 δὲ
1035 576 1136 646 τὴν
1179 573 1390 644 Λιϐύην
1427 572 1523 625 τὸν
1581 567 1994 636 Ἀπολλοφάνην
2035 563 2349 620 ἀπέστειλε.
2427 565 2646 634 Καῖσαρ
2683 563 2869 634 μέντοι
2925 564 3087 618 πλοῖά
3119 580 3176 616 τε
3227 562 3398 616 πολλᾶ
3439 561 3685 631 ἐναυπήο

411 693 525 745 γει,
556 674 654 728 καὶ
680 673 876 744 ἐρέτας
916 669 1068 737 παρά
1094 684 1159 722 τε
1211 666 1323 721 τῶν
1378 661 1684 735 βουλευτῶν
1713 661 1809 716 καὶ
1857 658 1968 713 τῶν
2005 657 2216 710 ἱππέων
2248 658 2341 710 καὶ
2370 657 2479 710 τῶν
2499 653 2752 726 δημοτῶν
2784 656 3097 724 συνέλεγεν.
3142 654 3404 738 Ὁπλίτας
3453 671 3512 708 τε
3547 669 3686 707 κατ-

399 736 626 841 ελέγετο
691 736 788 823 καὶ
827 767 1090 837 χρήματα
1121 762 1466 834 πανταχόθεν
1544 755 1888 830 συνήθροιζε·
1936 755 2029 809 καὶ
2068 753 2233 818 αὐτὸς
2260 751 2362 823 μὲν
2400 753 2468 806 τά
2497 768 2556 804 τε
2595 752 2654 804 ἐν
2686 753 2752 822 τῇ
2801 751 3005 824 Ἰταλίᾳ
3052 752 3146 806 καὶ
3185 736 3259 822 ’τῇ
3302 751 3536 822 Γαλατία
3579 750 3692 805 διέ-

399 884 588 932 ταττε,
614 864 694 935 τῷ
723 863 782 916 δὲ
807 859 1091 932 ’Λγρίππᾳ
1119 860 1218 929 τὴν
1241 855 1336 911 τοῦ
1379 853 1640 910 ναυτικοῦ
1701 849 2056 922 παρασκευὴν
2098 844 2442 918 ἐγχειρίσας,
2478 846 2776 916 ἐκπονῆσαι
2830 845 2927 898 καὶ
2975 845 3279 914 ἐξασκῆσαι
3342 843 3503 896 τοῦτο
3551 845 3681 897 ἐκέ-

399 963 588 1016 λευσε.
629 959 742 1015 Kal
758 957 818 1020 6;
857 955 958 1016 τάς
977 971 1038 1007 τε
1064 952 1198 1016 ναῦς
1232 949 1328 1005 καὶ
1358 950 1486 1012 τοὺς
1512 946 1705 1017 ἐρέτας
1739 945 1990 1014 ήθροισε,
2033 940 2129 994 καὶ
2191 939 2290 1004 τάς
2323 938 2424 1009 μὲν
2465 939 2837 1012 κατέφραττε,
2870 941 2997 1002 τοὺς
3049 937 3094 990 δ’
3114 938 3200 990 ἐπ’
3230 938 3420 1010 ἰκρίων
3443 936 3686 1007 ἐρέττειν

401 1057 587 1127 ήσκει.
630 1053 693 1106 Οί
737 1049 782 1104 δ’
805 1050 862 1103 ἐν
898 1050 964 1120 τῇ
1011 1045 1203 1117 Ῥώμῃ
1226 1043 1590 1114 ἐταράττοντο
1623 1037 1722 1108 μὲν
1761 1035 1858 1090 καὶ
1881 1035 2005 1097 ταῖς
2043 1031 2154 1087 τῶν
2183 1033 2468 1103 ἀρχόντων
2532 1032 2670 1104 πρὸς
2732 1032 2997 1104 ἀλλήλους
3035 1032 3311 1097 στάσεσιν,
3343 1030 3602 1101 έθραττον
3627 1029 3683 1082 δὲ

402 1149 604 1214 αὐτοὺς
649 1149 744 1202 καὶ
776 1145 982 1218 σημεῖα
1037 1141 1174 1197 ἄλλα
1223 1156 1284 1193 τε
1343 1137 1440 1191 καὶ
1501 1137 1585 1190 ὅτι
1633 1131 1832 1202 λευκὴν
1881 1129 2036 1199 ὄρνιν
2074 1127 2308 1182 κλωνίον
2335 1128 2545 1199 δάφνης
2566 1127 2851 1197 ἐγκάρπου
2892 1127 3168 1199 φέρουσαν
3202 1127 3360 1191 ἀετὸς
3425 1127 3686 1198 ἁρπάσας

401 1245 485 1307 είς
508 1241 604 1295 τὸν
643 1215 844 1292 κόλπον
911 1236 1016 1305 τῆς
1066 1231 1264 1294 Λιϐίας
1319 1227 1596 1282 ἐνέϐαλενο
1655 1223 1684 1277 6
1723 1222 1787 1276 οὐ
1868 1219 2068 1290 μικρὸν
2103 1221 2336 1289 σημεῖον
2402 1219 2603 1273 ἐδόκει.
2644 1219 2708 1272 Ἦ
2754 1218 2810 1272 δὲ
2847 1219 2949 1288 τῆς
2985 1233 3044 1270 τε
3106 1217 3321 1287 ὄρνιθος
3367 1215 3688 1286 ἐπεμελήθη

402 1338 499 1391 καὶ
517 1335 618 1406 τήν
641 1332 850 1402 δάφνην
874 1326 1165 1398 ἐφύτευσε,
1197 1324 1292 1377 καλ⁸
1321 1323 1353 1392 ή
1379 1321 1477 1393 μὲν
1506 1317 1805 1389 ριζωθεῖσα
1831 1310 2097 1383 ηὔξησεν,
2135 1311 2168 1380 ή
2236 1310 2294 1364 δέ
2361 1311 2526 1364 Λιϐία
2579 1308 3038 1378 ἐγκολπώσασθαι
3105 1308 3201 1380 τήν
3255 1309 3350 1362 τοῦ
3407 1309 3695 1378 Κιῖίσαρος

406 1429 583 1499 ίσχὺν,
613 1424 710 1479 καὶ
753 1425 812 1477 ἐν
842 1423 1008 1475 πᾶσιν
1040 1415 1208 1474 αὐτοῦ
1235 1415 1534 1487 κρατήσειν
1571 1409 1818 1481 ἔμελλεν.

473 1541 604 1600 ΚΔ’.
630 1539 722 1594 Ἐν
748 1538 806 1592 δὲ
833 1534 1010 1606 τούτῳ
1039 1532 1119 1603 τῷ
1145 1531 1324 1604 χρόνῳ
1356 1525 1492 1601 ἦλθε
1525 1526 1623 1598 μέν
1653 1527 1681 1580 6
1713 1521 2005 1582 ’Λντώνιος

2185 1517 2376 1574 XXIV.
2415 1517 2633 1572 Interea
2679 1517 2942 1586 temporis
2987 1513 3258 1570 Antonius
3311 1529 3379 1568 cx
3431 1486 3586 1584 Syria
3641 1513 3696 1568 in

403 1639 469 1691 ἐκ
493 1635 593 1706 τῆς
622 1629 824 1704 Συρίας
847 1629 928 1683 είς
955 1625 1212 1688 Ἰταλίαν,
1265 1622 1340 1686 ὡς
1382 1621 1461 1688 τῷ
1496 1617 1742 1686 Καίσαρι
1801 1614 1892 1668 διὰ
1936 1613 2006 1666 τά

406 1705 798 1800 συμϐεϐηκότα
844 1718 996 1788 αὐτῷ
1037 1717 1133 1771 τοῦ
1184 1714 1325 1786 πρὸς
1384 1713 1478 1766 τὸν
1517 1709 1714 1800 Σέξτον
1761 1705 2004 1779 μεθέξων

405 1797 670 1891 πολέμου,
699 1813 762 1869 οὐ
795 1812 983 1886 μέντοι
1006 1808 1350 1880 παρέμεινεν
1370 1821 1384 1836 ·
1427 1803 1566 1858 ἀλλά
1593 1799 1730 1865 ναῦς
1757 1799 1880 1863 δοὺς
1910 1797 2008 1851 αὐ-

403 1914 483 1984 τῷ
512 1914 607 1968 καὶ
637 1909 834 1982 ἐτέρας
857 1904 1098 1977 πέμψειν
1123 1899 1626 1971 ἐπαγγειλάμενος,
1658 1891 2004 1962 στρατιώτας

405 1983 756 2074 ἀντείληφεν.
791 1998 1052 2062 Αὐτὸς-δὲ
1077 1995 1153 2060 ὡς
1194 1995 1292 2048 ἐπὶ
1345 1991 1597 2062 Πάρθους
1653 1983 2004 2059 στρατεύσων

407 2096 613 2166 ἀπῆρε.
668 2090 806 2165 Πρὶν
844 2090 902 2145 δὲ
931 2087 1158 2142 ἀπιέναι
1181 2086 1344 2139 αύτδν
1373 2081 1673 2154 ᾐτιάσαντο
1709 2078 2000 2149 ἀλλήλους·

407 2186 528 2246 εἶτα
552 2189 646 2243 καὶ
667 2184 1063 2257 διηλλάγησαν,
1111 2183 1210 2252 τῆς
1253 2176 1550 2238 Ὀκταϐίας
1576 2175 1677 2238 τὰς
1705 2169 2004 2238 διαλλαγὰς

409 2276 786 2352 πραττούσης.
823 2273 893 2326 Ἠ
924 2271 982 2325 δὲ
1021 2267 1294 2323 Ὀκταϐία
1327 2266 1422 2320 τοῦ
1451 2265 1734 2332 Καίσαρος
1752 2257 1821 2332 ἦν
1847 2259 2004 2313 ἀδελ-

408 2370 508 2440 φὴ,
538 2368 573 2438 ἢ
611 2366 751 2437 μετὰ
781 2363 1013 2417 θάνατον
1035 2363 1137 2431 τῆς
1166 2357 1434 2420 Φουλϐίας
1464 2355 1543 2427 τῷ
1577 2354 1853 2440 Ἀντωνίῳ
1880 2368 2004 2404 συν-

408 2438 556 2532 ήφθη
583 2459 736 2530 παρά
763 2453 860 2510 τοῦ
892 2451 1149 2523 ἀδελφοῦ,
1177 2449 1274 2505 τοῦ
1299 2448 1494 2519 ἀνδρὸς
1548 2445 1721 2515 αὐτῆς
1756 2438 1801 2512 ᾧ
1833 2441 2006 2514 συνῴο

409 2548 780 2620 κειπρότερον
794 2545 1248 2615 τελευτήσαντος.
1277 2538 1389 2596 Kal
1419 2536 1606 2607 ἐπειδὴ
1633 2534 1789 2589 οῦπω
1818 2532 2006 2604 παρῆ-

411 2660 508 2699 κεν
538 2643 566 2695 6
598 2640 865 2710 πένθιμος
898 2637 1114 2709 χρόνος,
1145 2634 1312 2706 ψήφῳ
1341 2631 1441 2704 τῆς
1492 2627 1801 2700 συγκλήτου
1836 2624 2002 2697 ἐλύθη

409 2738 471 2790 τὸ
502 2735 807 2805 ἐπιτίμιον.
839 2731 951 2786 Kal
969 2731 1092 2784 τότε
1136 2728 1214 2794 δὲ,
1275 2726 1362 2780 ἴνα
1420 2723 1625 2777 πλείων
1695 2721 1880 2784 αὐτοῖς
1938 2720 2005 2772 ἐκ

414 2827 738 2898 συγγενείας
801 2823 1102 2893 σύνδεσμος
1152 2820 1386 2890 γένοιτο,
1463 2814 1708 2886 ’Δντύλῳ
1756 2812 1837 2883 τῷ
1892 2810 2001 2864 -τοῦ

423 2919 712 2974 ’Λντωνίου
742 2915 845 2988 υἱῷ
877 2915 978 2987 τὴν
1011 2913 1286 2985 θυγατέρα
1326 2911 1355 2964 6
1391 2910 1612 2979 Καῖσαρ
1656 2902 1998 2976 τὴνοέαυτοῦ

411 3009 822 3083 κατηγγύησεν.
841 3007 1208 3061 Ἐπλάττοντο
1237 3005 1294 3058 δὲ
1320 3002 1497 3057 ταῦτα
1523 3001 1618 3056 καὶ
1645 2997 2006 3068 ὑπεκρίνοντο

411 3106 500 3160 διὰ
526 3107 596 3158 τά
627 3104 750 3157 τότε
787 3101 972 3172 σφίσιν
1029 3099 1350 3170 ὑπάρχοντα
1407 3094 1733 3168 πράγματα.
1787 3091 1892 3145 Τὸν
1945 3090 2005 3144 δέ

419 3201 614 3266 Σέξτον
640 3199 738 3270 τῆς
765 3215 828 3251 τε
863 3195 1167 3268 ἱερωσύνης
1188 3193 1438 3248 ἔπαυσαν
1470 3191 1680 3262 καὶτῆς
1710 3187 2004 3256 ὑπατείας,

416 3297 636 3357 ἑαυτοῖς
669 3292 726 3347 δέ
760 3291 859 3363 τήν
894 3289 1193 3360 ἡγεμονίαν
1219 3289 1301 3350 είς
1335 3285 1503 3356 ἄλλην
1525 3281 1852 3336 πενταετίαν
1879 3279 2006 3333 ἐπέ-

415 3387 641 3457 τρεψαψ
679 3386 711 3455 ή
750 3382 860 3453 γὰρ
902 3380 1147 3452 προτέρα
1170 3377 1554 3449 ἐκμεμέτρητο
1584 3374 1708 3446 ήδη.
1741 3373 1853 3427 Καὶ
1881 3372 2006 3425 Ἀν-

417 3479 610 3542 τώνιος
640 3477 740 3548 μὲν
769 3477 848 3538 είς
878 3473 1083 3545 Συρίαν
1115 3471 1398 3542 ἠπείγετο,
1434 3469 1660 3536 Καῖσαρ
1698 3464 1754 3518 δέ
1783 3464 1866 3527 είς
1914 3462 2006 3516 τὸν

419 3571 556 3644 πρὸς
583 3568 779 3636 Σέξτον
814 3570 1053 3639 πόλεμον
1073 3563 1428 3638 ἡτοιμάζετο.
1463 3561 1524 3614 '0
1566 3558 1624 3612 δέ
1650 3558 1844 3627 Μηνᾶς
1869 3553 2008 3626 πρὸς

417 3667 510 3720 τὸν
549 3662 742 3730 Σέξτον
774 3661 932 3726 αὖθις
977 3655 1458 3731 ἀπηυτομόλησεν,
1491 3652 1720 3715 ἄπιστος
1751 3647 1849 3713 ὢν,
1913 3645 2009 3698 καί⁸

419 3755 739 3830 θεραπεύων
769 3755 856 3808 ἀεὶ
885 3753 954 3807 τά
975 3750 1069 3804 τοῦ
1097 3749 1430 3820 κρείττονος.
1491 3745 1714 3812 Καῖσαρ
1778 3738 1826 3793 δ’
1877 3738 2006 3792 ἐπι-

423 3852 651 3914 στάντος
688 3849 784 3904 τοῦ
805 3849 968 3920 ἐαρος
1001 3845 1234 3918 ὥρμησε
1262 3840 1406 3895 κατὰ
1433 3838 1534 3909 τῆς
1565 3833 1848 3901 Σικελίας,
1907 3848 2006 3885 πε-

426 3946 634 4016 ρισχεῖν
665 3940 896 4006 ἐλπίσας
928 3938 1004 4009 τῷ
1033 3937 1209 4008 στόλῳ
1245 3933 1442 4005 αὐτὴν,
1480 3932 1574 3985 καὶ
1592 3929 1674 4000 τῷ
1703 3943 1766 3982 τε
1808 3925 2009 3997 πλήθει

419 4037 780 4111 τεθαρρηκὼς
801 4037 910 4091 τῶν
935 4033 1164 4104 σκαφῶν
1224 4031 1321 4086 καὶ
1346 4028 1425 4100 τῷ
1455 4026 1700 4098 μεγέθει,
1745 4022 1843 4077 καὶ
1894 4023 2009 4085 τοῖς

420 4131 654 4203 πύργοις
681 4129 775 4193 οὒς
802 4129 1022 4200 ἔφερον,
1062 4127 1130 4178 ἵν’
1163 4123 1224 4190 ἐξ
1257 4121 1440 4177 αὐτῶν
1470 4120 1548 4184 ὡς
1574 4119 1684 4173 ἀπὸ
1708 4116 1921 4187 τείχους
1948 4113 2008 4180 ἐξ

2108 1610 2322 1665 ltaliam
2361 1608 2646 1679 profectus
2669 1650 2684 1675 ,
2734 1619 2794 1663 ut
2831 1607 3031 1663 Caesari
3063 1623 3257 1677 parum
3302 1605 3538 1660 feliciter
3571 1621 3697 1661 cum

2108 1697 2274 1754 Sexto
2305 1698 2652 1769 belligeranti
2677 1713 2837 1768 opem
2870 1698 3058 1763 ferret,
3082 1712 3194 1751 non
3226 1697 3567 1766 permansit:
3600 1697 3696 1751 sed

2106 1790 2344 1845 navibus
2375 1789 2577 1860 partim
2617 1789 2668 1845 ei
2698 1789 2870 1854 datis,
2917 1789 3120 1860 partim
3153 1789 3468 1859 promissis,
3495 1789 3698 1843 milites

2108 1880 2352 1936 vicissim
2419 1879 2656 1950 accepit.
2729 1879 3058 1951 Priusquam
3125 1889 3310 1934 autem
3373 1883 3438 1934 ad
3489 1879 3696 1934 bellum

2106 1973 2430 2030 Parthicum
2450 1980 2850 2032 reverteretur.
2873 1973 3254 2028 controversia
3272 1973 3418 2027 inter
3441 1987 3536 2027 eos
3552 1981 3696 2034 orta,

2107 2085 2208 2140 per
2239 2067 2524 2124 Octaviam
2552 2065 2787 2122 Caesaris
2810 2079 3058 2120 sororem
3094 2064 3398 2135 composita
3425 2072 3542 2128 εει,
3575 2079 3697 2133 qua:

2107 2177 2234 2215 cum
2272 2160 2515 2216 Antonio
2559 2167 2681 2229 post
2725 2158 2930 2214 Fulviae
2965 2157 3178 2213 obitum
3201 2197 3217 2224 ,
3249 2157 3401 2212 luctu
3435 2156 3507 2210 ob
3546 2156 3700 2227 prio-

2108 2267 2225 2307 rem
2253 2251 2514 2306 maritum
2550 2250 2796 2306 nondum
2847 2249 3024 2315 ﬁnito,
3071 2248 3354 2319 nupsisset
3387 2268 3402 2302 ι
3437 2249 3700 2304 Senatus-

2107 2345 2364 2400 consulto
2395 2345 2568 2400 multa
2602 2344 2696 2398 illa
2734 2343 2948 2399 sublala
2992 2352 3098 2398 est.
3128 2343 3268 2398 Tum
3293 2342 3482 2408 etiam,
3513 2350 3574 2397 ut
3603 2358 3704 2413 per

2107 2438 2428 2494 amnitatcm
2480 2437 2721 2494 arctiore
2762 2437 3197 2493 necessitudinis
3241 2437 3465 2492 vinculo
3499 2437 3703 2492 astrin-

2117 2538 2404 2601 gerentur,
2450 2530 2673 2601 Antyllo
2717 2529 2900 2584 Cwsar
2938 2529 3160 2583 Antonii
3196 2527 3308 2583 ﬁlio
3341 2544 3496 2583 suam
3533 2527 3698 2583 ﬁliam

2107 2621 2426 2692 despondit.
2474 2620 2600 2676 llaec
2625 2631 2934 2691 temporum
2965 2635 3129 2676 causa
3168 2631 3402 2691 uterque
3428 2622 3657 2692 [iu-gebat
3682 2664 3698 2687 ,

2107 2724 2165 2770 et
2208 2713 2510 2770 simulabat
2558 2713 2765 2769 omnia.
2815 2713 2985 2770 Sexto
3026 2721 3212 2768 autem
3241 2721 3299 2768 et
3343 2715 3697 2768 consulatum

2107 2816 2165 2866 et
2203 2817 2532 2877 auguratum
2581 2808 2930 2878 eripuerunt,
2973 2805 3192 2876 sibique
3232 2806 3602 2876 principatum
3641 2807 3698 2862 in

2107 2899 2710 2976 aliudquinquennium
2729 2897 3102 2966 vindicarunt,
3122 2897 3305 2968 priore
3322 2898 3705 2969 quinquennio

2102 3002 2214 3073 jam
2252 3001 2463 3070 elapso.
2502 2993 2751 3049 Antonio
2783 2994 2837 3048 in
2871 2992 3084 3065 Syriam
3120 3001 3484 3062 properante,
3520 2991 3704 3048 Caesar

2105 3092 2252 3149 bello
2267 3107 2392 3149 cum
2413 3093 2580 3148 Sexto
2602 3085 2866 3160 gerendo,
2889 3085 2955 3139 ad
2980 3098 3141 3154 quem
3168 3083 3354 3138 Menas
3379 3083 3546 3138 homo
3572 3099 3704 3153 per-

2109 3183 2276 3249 ﬁdus.
2313 3197 2643 3256 semperque
2667 3180 3010 3252 potentiores
3060 3175 3242 3231 colere
3263 3176 3482 3242 solitus,
3518 3177 3703 3232 denuo

2109 3275 2765 3347 transfugerat,intentus
2797 3271 2978 3342 primo
3024 3282 3154 3323 vere
3180 3268 3236 3322 in
3269 3267 3511 3323 Siciliam
3539 3267 3703 3339 traje-

2108 3369 2205 3432 cit,
2227 3377 2282 3423 ct
2315 3365 2670 3422 multitudine
2697 3379 2764 3420 ac
2799 3362 3180 3435 magnitudine
3222 3361 3445 3415 navium
3492 3359 3697 3424 fretus,

2109 3460 2360 3516 turribus
2376 3458 2685 3530 praesertim
2709 3471 2848 3528 quas
2869 3457 3156 3528 gerebant,
3176 3454 3320 3509 unde
3341 3463 3596 3522 tanquam
3635 3453 3705 3508 de

2112 3566 2272 3606 muro
2296 3567 2364 3606 ex
2395 3550 2685 3621 superiore
2710 3549 2831 3604 loco
2862 3559 3360 3619 pugnarenl,spcm
3379 3555 3707 3614 conceperat

2111 3644 2304 3700 insulae
2326 3643 2500 3699 classe
2522 3642 2876 3712 occupandae.
2903 3639 3009 3696 Sed
3040 3640 3184 3694 inter
3224 3637 3468 3693 eundum
3497 3639 3708 3706 gravis-

2111 3740 2249 3794 sima
2287 3745 2610 3807 tempestate
2640 3734 2958 3804 complures
2996 3747 3164 3787 naves
3197 3731 3400 3793 amisit.
3435 3741 3490 3785 et
3518 3730 3706 3785 Menas

2114 3831 2169 3885 in
2197 3830 2438 3900 reliquas
2454 3829 2705 3883 turbatas
2732 3825 3008 3889 invectus,
3029 3824 3233 3878 multas
3263 3822 3549 3886 cremavit,
3569 3838 3704 3876 non-

2114 3923 2298 3999 nullas
2336 3922 2590 3978 attraxit.
2629 3920 2708 3974 Ac
2742 3919 2847 3974 nisi
2891 3933 3086 3973 rursus
3132 3915 3199 3970 ad
3231 3914 3499 3970 Caesarem
3548 3913 3704 3968 defc-

2113 4017 2302 4082 cisset,
2325 4021 2383 4068 et
2413 4013 2644 4068 classem
2679 4011 2754 4065 illi
2785 4025 2942 4064 suam
2982 4007 3343 4062 tradidisset:
3385 4017 3498 4061 tum
3535 4005 3702 4061 etiam

2115 4107 2273 4163 irrita
2336 4104 2535 4160 fuisset
2603 4103 2755 4158 illius
2817 4101 3126 4172 expeditio.
3178 4100 3352 4156 Mena:
3412 4097 3703 4169 transfugii

422 4192 759 4297 ὑπερδεξίων
791 4192 1296 4291 ἀνταγωνιζωνται.
1319 4213 1563 4269 Ἀπιόντι
1585 4211 1641 4266 δέ
1659 4207 1867 4281 χειμὼν
1887 4224 2008 4260 συν-

2115 4214 2283 4256 causa
2313 4197 2438 4263 fuit,
2471 4196 2566 4268 qui
2602 4196 2658 4250 in
2686 4195 2946 4250 omnibus
2968 4202 3289 4264 suspectum
3324 4208 3382 4248 se
3407 4207 3527 4247 esse
3551 4192 3707 4246 vide-

422 4321 522 4388 έϐη
553 4319 854 4391 βαρύτατος
877 4316 972 4370 καὶ
1001 4313 1202 4374 πολλὰς
1263 4309 1482 4380 ἔφθειρε
1516 4304 1626 4358 τῶν
1660 4301 1819 4368 νεῶν,
1859 4301 1956 4354 καὶ
1984 4299 2013 4352 6

423 4413 619 4486 Μηνᾶς
643 4411 763 4473 ταῖς
787 4408 1006 4470 λοιπαῖς
1036 4401 1482 4474 τεταραγμέναις
1514 4394 1853 4466 ἐπενεχθεὶς,
1896 4408 2016 4486 *συ-

426 4481 563 4578 χνάς
598 4504 699 4574 μὲν
727 4503 950 4566 ἔκαυσε,
981 4499 1083 4562 τὰς
1115 4496 1161 4550 δ’
1186 4494 1503 4565 ἀνεδήσατο.
1538 4489 1646 4544 Kal
1668 4490 1716 4542 εί
1750 4487 1831 4578 μή
1858 4481 2014 4578 αὖθις

424 4571 502 4669 τῷ
535 4571 777 4667 καίσαρι
807 4591 1207 4665 προσεχώρησε
1240 4587 1336 4642 καὶ
1365 4585 1430 4639 τδ
1472 4581 1729 4637 ναυτικὸν
1772 4571 1834 4633 οὗ
1871 4574 2012 4650 ἦρχε

425 4691 764 4761 παρέδωκεν,
792 4689 874 4749 είς
902 4685 1058 4739 κενὸν
1092 4683 1157 4736 ἂν
1189 4679 1286 4735 καὶ
1310 4679 1436 4732 τότε
1459 4675 1538 4746 τῷ
1561 4674 1805 4744 Καίσαρι
1829 4675 1856 4726 6
1889 4671 2013 4724 ἐπί-

425 4784 593 4846 πλους
626 4782 864 4849 ἐγένετο.
910 4775 1266 4846 Ηύτομόλησε
1299 4771 1346 4825 δ’
1374 4773 1402 4824 6
1449 4769 1645 4840 Μηνᾶς
1681 4767 1820 4838 πρὸς
1865 4763 2013 4819 ἅπαν

425 4874 578 4946 παρὰ
607 4870 704 4925 τοῦ
727 4868 922 4934 Σέξτου
953 4865 1396 4935 ὑποπτευόμενος
1431 4875 1448 4893 ·
1507 4859 1624 4914 ἀλλ’
1655 4857 1766 4911 οὐδ’
1808 4859 1837 4910 6
1877 4858 2016 4910 Καῖ-

426 4945 533 5038 σαρ
568 4966 650 5018 ἐτι
677 4961 828 5032 αὐτῷ
865 4960 1176 5014 ἐπίστευεν.
1216 4955 1374 5009 Ἐπεὶ⁵
1401 4953 1458 5007 δὲ
1486 4953 1579 5006 τὸν
1630 4950 1816 5004 στόλον
1856 4945 2013 5012 αὖθις

423 5061 453 5113 6
491 5061 711 5126 Καῖσαρ
738 5055 1102 5125 ἀνεκτήσατο,
1132 5050 1214 5114 είς
1245 5047 1345 5122 τήν
1372 5048 1603 5120 ἤπειρον
1652 5041 2012 5114 ἀνεκομίσθη,

328 5214 330 5216 _
423 5151 498 5216 ὡς
529 5151 590 5202 τδ
620 5148 784 5214 πεζὸν
811 5145 907 5200 τοῦ
946 5141 1358 5214 στρατεύματος
1389 5140 1467 5201 είς
1481 5138 1582 5208 τὴν
1603 5136 1879 5202 Σικελίαν,
1924 5135 2015 5188 ὅτε

425 5243 640 5314 καιρὸς,
704 5238 1052 5312 περαιώσων.
1099 5237 1159 5290 '0
1195 5235 1256 5303 δὲ
1313 5233 1505 5298 Σέξτος
1557 5231 1614 5283 ἐν
1657 5229 1884 5298 Μεσήνῃ
1921 5226 2015 5280 τὸν

425 5335 592 5390 αὐτοῦ
621 5333 878 5388 διάπλουν
924 5333 1132 5402 ἐτήρει.
1162 5327 1252 5398 Τῷ
1272 5326 1315 5380 δ’
1344 5324 1629 5396 Ἀγρίππα
1652 5323 1733 5386 εἰς
1761 5320 2016 5390 Λιπάραν

426 5431 523 5483 σὺν
553 5427 714 5481 ναυσὶ
742 5422 1167 5492 καταλειφθέντι
1200 5418 1352 5489 παρά
1388 5415 1483 5470 τοῦ
1551 5416 1858 5486 Καίσαρος.
1911 5416 2018 5485 Δη-

2121 4297 2212 4349 bat
2246 4293 2435 4348 Sexto.
2465 4290 2574 4346 Sed
2611 4306 2679 4345 ne
2714 4288 2897 4344 Caesar
2924 4287 3147 4359 quidem
3183 4287 3420 4354 amplius
3455 4285 3504 4340 ei
3539 4285 3705 4339 ﬁdem

2118 4387 2336 4455 habuit,
2366 4393 2423 4442 et
2462 4385 2637 4439 classe
2691 4388 2916 4451 recepta
2966 4381 3022 4435 in
3070 4379 3448 4434 continentem
3515 4378 3702 4443 rediit,

2116 4479 2422 4551 peditatum
2449 4491 2547 4547 per
2577 4473 2927 4530 occasionem
2969 4479 3471 4540 transportaturus.
3501 4469 3704 4525 Sextus

2116 4585 2252 4626 vero
2296 4570 2416 4641 ejus
2469 4567 2760 4637 trajectum
2817 4563 3081 4619 Messanae
3126 4562 3466 4626 observans,
3542 4562 3709 4632 516

2116 4663 2515 4718 Democharem
2561 4660 2617 4714 in
2653 4658 2814 4730 Mylis
2874 4666 3068 4714 contra
3104 4657 3439 4728 Agrippam,
3503 4671 3532 4709 a
3584 4656 3705 4711 Cae-

2117 4772 2239 4812 sare
2278 4770 2404 4811 cum
2459 4753 2700 4808 navibus
2727 4752 2940 4822 Liparae
2982 4751 3260 4814 relictum,
3310 4751 3364 4804 in
3409 4751 3702 4819 procinctu

2116 4864 2238 4904 esse
2275 4847 2460 4918 jussit.
2519 4845 2622 4902 Ubi
2667 4859 2795 4900 cum
2855 4844 3067 4898 diutius
3121 4842 3448 4898 commorati
3495 4849 3702 4903 essent,

2121 4941 2342 4996 tandem
2395 4939 2638 5011 Agrippa
2675 4953 2801 4992 cum
2837 4937 3064 5008 Optimis
3113 4937 3348 4992 navibus
3392 4935 3462 4991 ad
3509 4952 3704 5006 specu-

2117 5030 2341 5087 landam
2382 5029 2643 5084 hostilem
2690 5030 2922 5083 classem
2970 5026 3279 5098 profectus,
3306 5042 3432 5082 cum
3459 5039 3563 5080 nec
3588 5041 3704 5080 om-

2117 5139 2246 5182 nem
2283 5123 2686 5194 conspexisset.
2735 5131 2794 5177 ct
2835 5137 2999 5177 nemo
3030 5131 3222 5176 contra
3252 5121 3386 5180 iret.
3421 5133 3704 5178 reversus,

2119 5236 2178 5276 se
2235 5233 2297 5274 ut
2346 5217 2585 5289 postidie
2624 5215 2993 5271 dimicaturus
3041 5213 3276 5284 paravit.
3319 5211 3468 5266 Idem
3507 5218 3565 5266 et
3601 5210 3704 5265 De-

2118 5310 2371 5366 mochari
2411 5307 2640 5371 accidit,
2670 5307 2767 5377 qui
2803 5316 2861 5362 ct
2889 5307 3028 5376 ipse,
3064 5314 3124 5359 ut
3164 5303 3218 5356 in
3254 5302 3469 5356 hostem
3500 5315 3709 5370 pugna-

2120 5414 2304 5470 turus,
2360 5402 2589 5458 Sextum
2628 5399 2942 5455 accersivit.
2987 5397 3242 5452 Dilucqu
3282 5393 3459 5449 ambae
3501 5394 3709 5448 classes

428 5521 663 5590 μόχαριν
697 5487 1031 5586 ἀνθορμίσαι
1075 5513 1134 5564 ἐν
1170 5487 1383 5571 Μύλαις
1422 5506 1702 5572 ἐκέλευσε,
1747 5507 1844 5558 καὶ
1898 5503 2008 5557 διέ-

2119 5499 2402 5568 productae
2429 5536 2444 5556 .
2490 5493 2818 5564 longissimo
2851 5500 3099 5560 tempore
3135 5504 3292 5557 aquo
3330 5496 3506 5542 marte
3537 5487 3704 5542 dimi-

644 5565 856 5662 ssui-over
873 5565 1070 5675 χρόνον
1093 5565 1418 5672 ὑπόσυχνον.
1453 5597 1617 5660 Τέλος
1640 5565 1699 5650 δέ
1731 5600 1759 5650 6
1781 5595 2008 5668 Ἀγρίπ-

2122 5598 2359 5645 carunt:
2407 5586 2630 5641 tandem
2671 5585 2775 5638 sub
2816 5593 3034 5637 noctem
3085 5581 3383 5638 Caesariani
3431 5581 3707 5645 vicerunt,

426 5716 535 5767 πας
562 5702 659 5755 σὺν
679 5702 801 5764 ταῖς
827 5698 1080 5768 ἀρίσταις
1103 5694 1213 5748 τῶν
1240 5695 1376 5746 νεῶν
1400 5692 1495 5746 ἐπὶ
1517 5689 1876 5761 κατασκοπὴν
1901 5689 2013 5742 τῶν

426 5793 687 5850 ἐναντίων
725 5787 1058 5862 ἀπελήλυθε.
1109 5786 1221 5841 Kal
1245 5785 1320 5848 ὡς
1351 5782 1476 5836 οὔτε
1504 5783 1711 5847 πάντας
1742 5781 2010 5850 κατεῖδεν,

651 5885 929 5947 ΡΑΤιιοι..
967 5881 1086 5944 Gn.
1141 5877 1494 5942 CXXXIV.

2123 5683 2217 5739 sed
2244 5683 2422 5736 victos
2461 5695 2568 5734 non
2603 5675 2882 5748 persecuti
2929 5683 3077 5730 sunt.
3113 5674 3317 5741 Caesar,
3353 5691 3478 5730 cum
3511 5675 3710 5730 Sextus

2124 5786 2353 5850 promer
2411 5772 2660 5828 navalem
2715 5783 2952 5840 pugnam
3021 5768 3268 5825 Messana
3339 5769 3708 5834 decessisset,

3305 5861 3382 5925 28
