4024 6438
325 389 428 450 375

1558 390 1887 453 JOANNIS
1926 391 2249 455 ZONAR/E

3494 397 3621 465 876

323 504 462 558 citra
514 503 823 574 perieulum
880 502 1307 559 Taurominium
1370 506 1607 575 trajecit.
1675 505 1906 561 Peracto

2016 506 2121 562 οὔτ’
2147 509 2451 581 ἀναχθῆναι
2494 528 2579 575 τις
2614 510 2904 583 ἠθέλησεν,
2940 511 3238 583 ἐπανῆλθε,
3287 512 3384 568 καὶ
3425 530 3627 583 παρε-

323 595 514 665 prmlio
558 594 759 651 Sextus
818 595 1125 651 Messanam
1169 596 1429 653 celeriter
1485 612 1762 663 reversus,
1815 612 1910 652 co-

322 687 477 757 gnito
502 686 731 744 Casaris
767 689 997 759 trajectu
1027 728 1043 755 ,
1078 697 1226 744 terra
1274 705 1401 745 eum
1431 705 1725 761 aggressus
1770 702 1853 747 est
1891 708 1905 743 :

324 779 419 850 qni
469 780 666 835 classis
706 782 945 836 maxima
1004 790 1161 852 parte
1221 784 1442 849 amissa,
1502 784 1908 852 prepemodum

326 870 446 940 ipse
479 886 702 940 quoque
756 871 1051 941 periisset,
1106 869 1203 926 sed
1269 879 1387 926 tum
1433 880 1587 926 terra
1659 873 1839 927 evasit
1891 886 1908 926 :

323 976 582 1032 aegreque
609 962 792 1017 ferens
825 964 1131 1018 exercitum
1163 963 1220 1016 in
1255 962 1438 1018 insula
1469 963 1908 1018 circumventum

326 1067 471 1120 csse,
543 1069 656 1108 non
712 1055 873 1125 prius
916 1055 1126 1125 recepit
1194 1055 1462 1120 animum,
1521 1070 1685 1124 quam
1743 1054 1910 1124 piscis

328 1147 470 1201 saltu
505 1160 537 1201 e
571 1147 710 1201 mari
758 1146 814 1200 in
866 1156 1067 1202 terram
1103 1146 1285 1214 facto,
1330 1155 1526 1216 sponte
1570 1153 1699 1201 ante
1744 1145 1912 1215 pedes

328 1236 453 1305 ejus
502 1236 771 1292 concidit.
829 1238 889 1292 Id
956 1240 1106 1292 enim
1159 1245 1314 1291 vates
1373 1236 1910 1307 interpretabantur,

329 1329 447 1383 l'ore
480 1338 541 1382 ut
572 1331 707 1384 mari
737 1331 1032 1401 potiretur.
1069 1330 1201 1401 Ejus
1232 1347 1365 1385 vero
1393 1330 1674 1384 exercitus
1697 1344 1823 1383 cum
1855 1336 1912 1381 et

327 1421 699 1490 obsideretur,
757 1432 815 1477 et
863 1422 1124 1477 alimenta
1178 1438 1287 1476 non
1343 1422 1596 1487 haberet,
1642 1429 1699 1475 et
1743 1434 1903 1489 opem

328 1514 501 1570 ferret
530 1530 694 1569 nemo
715 1556 729 1581 ,
763 1515 1087 1570 Corniﬁcius
1120 1515 1230 1570 dux
1264 1515 1385 1585 ejus
1419 1514 1652 1569 navibus
1673 1528 1704 1568 e
1730 1527 1910 1582 pugna

322 1606 553 1676 reliquis
590 1607 820 1671 exustis,
850 1606 965 1677 ipse
994 1622 1217 1677 quoque
1248 1607 1315 1661 ad
1344 1605 1509 1676 Mylas
1539 1604 1774 1659 abduxit
1800 1619 1893 1658 eo.

324 1698 467 1769 pias,
499 1713 564 1754 ac
590 1698 646 1753 in
675 1699 874 1754 itinere
910 1701 1113 1755 multas
1141 1699 1325 1755 clades
1350 1697 1595 1767 accepit,
1638 1697 1694 1751 in
1726 1694 1909 1750 llmni-

318 1806 455 1844 .num
510 1793 747 1847 transitu
796 1793 1167 1862 potissimum,
1210 1791 1465 1846 hostibus
1514 1799 1672 1861 tergo
1728 1788 1905 1842 inhae-

2014 598 2316 663 σκευάζετο
2352 599 2429 664 ὡς
2475 600 2807 671 πολεμήσων
2838 603 2903 671 τῇ
2959 601 3214 671 ἐπιούσῃ.
3247 601 3327 655 Τά
3367 600 3409 655 δ’
3463 603 3628 657 αὐτὰ

2011 689 2108 741 καὶ
2145 687 2224 758 τῷ
2253 689 2567 760 Δημοχάρει
2610 688 2954 758 συμϐέϐηκε,
2994 688 3089 741 καὶ
3120 690 3453 760 ἡτοιμάζετο
3505 695 3624 745 κάο

2012 781 2210 845 κεῖνος,
2244 779 2319 845 ὡς
2348 782 2461 843 τοῖς
2504 780 2790 851 πολεμίοις
2849 779 3309 850 ἐπελευσόμενος,
3364 783 3464 837 καὶ
3516 783 3625 835 τὸν

2012 868 2209 934 Σέξτον
2241 870 2298 924 δὲ
2323 868 2738 941 μετεπέμψατο.
2791 869 3010 941 Ἡμέρα
3036 886 3098 922 τε
3129 868 3229 939 ήδη
3285 869 3618 941 ὑπέλαμπε,

2013 959 2110 1013 καὶ
2155 958 2324 1031 ἄμφω
2358 960 2429 1013 τά
2457 963 2688 1014 ναυτικὰ
2720 960 2811 1014 ἐπ’
2853 960 3061 1030 ἀλληλα
3106 959 3323 1025 ἔπλεον,
3359 963 3456 1014 καλ⁸
3503 960 3623 1029 τῆς

2013 1051 2322 1122 ναυμαχίας
2357 1053 2700 1125 ἀπήρξαντο,
2734 1054 2831 1106 καὶ
2858 1053 2954 1105 ἐπὶ
2984 1052 3239 1106 πλεῖστον
3280 1052 3384 1122 μέν
3416 1054 3622 1123 ἀγχω-

2018 1144 2207 1212 μάλως
2237 1146 2599 1214 ἠγωνίσαντο.
2644 1145 2772 1216 Ὀψὲ
2790 1147 2835 1199 δ’
2857 1141 2953 1199 οὗν
2971 1161 3103 1199 ποτε
3139 1146 3235 1199 καὶ
3266 1146 3404 1216 πρὸς
3428 1145 3536 1198 νύκ
3572 1162 3616 1198 α

2012 1236 2117 1307 ήδη
2150 1237 2200 1288 oi
2232 1235 2323 1289 τοῦ
2356 1238 2634 1307 Καίσαρος
2674 1238 3010 1309 ἐκράτησαν,
3042 1238 3106 1291 οὐ
3140 1236 3325 1306 μέντοι
3357 1245 3455 1290 καὶ
3478 1240 3621 1288 ἐπε-

2012 1326 2229 1393 δίωξαν.
2259 1330 2477 1400 Καῖσαρ
2514 1329 2602 1394 δὲ,
2635 1329 2731 1382 τοῦ
2760 1329 2956 1396 Σέξτου
2981 1330 3045 1382 ἐκ
3075 1329 3175 1399 τῆς
3199 1329 3459 1398 Μεσήνης
3517 1328 3615 1380 διὰ

2012 1418 2113 1490 τὴν
2168 1420 2479 1490 ναυμαχίαν
2528 1421 2869 1490 ἀπάραντος,
2919 1420 3224 1484 ἀκινδύνως
3287 1420 3611 1488 ἐπεραιώθη

2016 1511 2151 1578 προς
2178 1510 2573 1581 Ταυρομένιον.
2615 1510 2757 1581 Ἤδη
2791 1510 2850 1565 δὲ
2893 1510 2995 1579 τῆς
3029 1510 3343 1579 ναυμαχίας
3377 1508 3615 1563 παυυεί-

2017 1616 2117 1669 σης
2151 1600 2356 1671 σπουδῇ
2387 1601 2525 1671 πρὸς
2555 1600 2654 1673 τὴν
2671 1603 2931 1674 Μεσήνην
2961 1604 2990 1656 ὁ
3013 1602 3205 1668 Σέξτος
3227 1602 3479 1670 ἀφίκετο,
3507 1603 3614 1656 καί⁵

2019 1691 2205 1763 μαθὼν
2242 1693 2621 1764 περαιωθέντα
2655 1694 2747 1748 τὸν
2776 1695 3057 1768 Καίσαρα,
3089 1693 3424 1764 προσέμιξεν
3453 1695 3612 1767 αὐτῷ

2017 1786 2157 1841 κατά
2203 1787 2324 1857 γῆν.
2352 1787 2462 1840 Καὶ
2488 1788 2517 1840 ὁ
2558 1789 2781 1860 Καῖσαρ
2815 1788 2910 1841 τοῦ
2944 1807 3003 1841 τε
3036 1789 3299 1844 ναυτικοῦ
3328 1788 3388 1841 τὸ
3418 1787 3611 1842 πλεῖον

324 1883 624 1938 rentibus:
663 1885 831 1955 idque
879 1901 979 1955 per
1040 1884 1285 1939 triduum
1344 1883 1586 1938 duravit.
1649 1881 1910 1935 Extremo

2016 1878 2251 1932 ἀπέϐαλε
2282 1879 2379 1933 καὶ
2424 1880 2586 1944 αὐτὸς
2634 1881 2815 1949 ὀλίγου
2854 1881 3310 1953 προσδιεφθάρη·
3364 1881 3505 1944 τέως
3563 1878 3611 1933 δ’

320 1989 460 2030 vero
513 1977 601 2031 die
638 1991 762 2032 eum
810 1976 1009 2033 Sextus
1046 1977 1213 2032 etiam
1255 1975 1593 2038 advenisset,
1648 1972 1901 2042 undique

324 2066 508 2121 vexati
556 2082 753 2124 omnes
806 2069 1138 2139 periissent,
1197 2068 1303 2123 nisi
1346 2066 1671 2138 Pompeiani
1735 2064 1914 2121 coacti

316 2167 514 2212 essent
566 2160 934 2215 retrocedere.
981 2160 1218 2231 Aggripa
1280 2160 1429 2215 enim
1487 2159 1669 2214 navali
1729 2173 1912 2231 pugna

326 2249 528 2310 victor,
562 2249 808 2305 Siciliam
843 2252 1126 2322 ingressus
1146 2292 1161 2319 ,
1192 2252 1461 2307 exercitui
1487 2250 1829 2306 frumentum
1858 2258 1915 2304 et

320 2340 528 2395 auxilia
574 2342 729 2396 misit
779 2359 794 2396 :
852 2345 1011 2415 cujus
1056 2343 1352 2398 adventum
1400 2351 1654 2397 metuens
1695 2340 1915 2406 Sextus,

319 2443 476 2488 tanta
517 2435 873 2493 festinatione
907 2438 1161 2503 recessit,
1215 2445 1274 2492 ut
1324 2435 1722 2507 impedimenta
1767 2450 1915 2505 qua:-

324 2524 451 2579 dam
509 2535 566 2579 et
638 2537 1008 2583 commeatum
1056 2529 1110 2582 in
1182 2528 1492 2583 munitione
1556 2527 1915 2597 relinqueret,

323 2620 801 2684 quo‘sustentati
861 2620 1248 2685 Cornifieiani,
1304 2620 1399 2677 ubi
1479 2620 1547 2674 ad
1613 2620 1912 2690 Agrippam

323 2721 723 2775 pervenerunt,
760 2725 792 2765 a
820 2710 1034 2768 Caesare
1065 2711 1322 2769 laudibus
1357 2721 1415 2768 et
1459 2712 1783 2768 muneribus
1818 2724 1907 2766 re-

323 2800 493 2853 creati
530 2808 683 2856 sunt.

2011 1967 2109 2026 οὖν
2144 1974 2226 2035 είς
2274 1973 2374 2044 τὴν
2433 1974 2666 2044 ἧπειρον
2713 1974 3088 2028 διασέσωστο·
3146 1975 3345 2045 mem
3393 1974 3451 2027 δὲ
3508 1974 3610 2027 τοῦ

2013 2062 2425 2134 στρατεύματος
2455 2066 2513 2117 ἐν
2542 2067 2607 2136 τῇ
2636 2066 2785 2136 νήσῳ
2807 2066 3251 2138 ἀπειλημμένου,
3280 2073 3373 2119 καὶ
3387 2068 3449 2119 οὐ
3475 2068 3612 2136 πρὶν

2012 2153 2393 2225 ἀνεθάρσησεν
2417 2153 2521 2218 ἕως
2550 2154 2704 2225 ἰχθὺς
2743 2154 3032 2226 ἀναθορὼν
3067 2157 3132 2209 ἐκ
3162 2156 3264 2226 τῆς
3323 2156 3613 2222 θαλάσσης

2014 2246 2331 2317 αὐτόματος
2392 2246 2530 2318 πρὸς
2557 2247 2686 2312 τοὺς
2709 2248 2878 2312 πόδας
2899 2248 3066 2302 αὐτοῦ
3089 2248 3272 2305 ἔπεσε.
3299 2248 3472 2302 Τοῦτο
3496 2247 3609 2319 γὰρ

2015 2342 2065 2395 οί
2101 2340 2328 2411 μάντεις
2351 2340 2551 2411 δηλοῦν
2584 2340 2950 2411 ἐξηγήσαντο,
2986 2342 3070 2394 ὅτι
3116 2340 3450 2395 δουλώσεται
3505 2342 3611 2409 τὴν

2011 2430 2311 2486 θάλασσαν.
2333 2431 2398 2485 Ἦ
2419 2431 2475 2485 δὲ
2506 2430 2602 2485 τοῦ
2623 2432 2903 2503 Καίσαρος
2935 2430 3168 2502 στρατιά
3206 2431 3610 2500 ἐπολιορκεῖτο,

2011 2527 2109 2578 καὶ
2136 2525 2259 2577 ἐπεὶ⁵
2287 2524 2357 2578 τά
2398 2525 2688 2595 ἐπιτήδεια
2716 2525 2981 2579 ἐπέλιπον
3030 2527 3193 2595 σφᾶς,
3230 2527 3325 2579 καὶ
3349 2528 3377 2580 ὁ
3404 2525 3611 2597 βοηθή-

2022 2634 2135 2670 σων
2168 2616 2269 2669 οὐκ
2301 2612 2391 2686 ἦν,
2449 2617 2478 2668 ὁ
2528 2614 2737 2689 ταύτης
2788 2617 2976 2687 ἄρχων
3024 2618 3423 2689 Κουρνοφίκιος
3448 2616 3520 2669 τά
3552 2632 3616 2667 τε

2005 2710 2191 2781 σκάφη
2215 2710 2318 2763 ὅσα
2340 2711 2403 2764 ἐκ
2432 2709 2531 2780 τῆς
2554 2710 3257 2781 ναυμαχίαςπερισέσωστο
3288 2708 3491 2763 ἔκαυσε
3513 2709 3613 2761 καὶ

2005 2801 2169 2864 αὐτὸς
2205 2800 2343 2872 πρὸς
2378 2800 2477 2865 τὰς
2538 2802 2733 2866 Μύλας
2798 2802 2982 2871 ἀπῆγε
3014 2803 3117 2870 τὴν
3164 2800 3449 2873 στρατιάν·
3517 2803 3614 2853 καὶ

322 2891 491 2946 πολλὰ
516 2892 877 2966 ἐκακώθησαν
908 2898 1061 2967 παρά
1089 2895 1196 2949 τῶν
1230 2895 1491 2949 ἐναντίων
1544 2894 1901 2964 ἐφεπομένων
1942 2892 2133 2953 αὐτοῖς
2193 2893 2250 2946 ἐν
2282 2910 2342 2946 τε
2372 2894 2439 2963 τῇ
2505 2892 2642 2965 ἄλλῃ
2669 2894 2868 2965 πορείᾳ
2896 2895 2992 2948 καὶ
3031 2893 3236 2965 μᾶλλον
3261 2893 3318 2946 ἐν
3350 2894 3469 2955 ταῖς
3501 2892 3613 2945 τῶν

323 2990 585 3061 ποταμῶν
618 2991 926 3061 διαδάσεσι,
971 2995 1067 3047 καὶ
1100 2993 1194 3046 ἐπὶ
1230 2994 1379 3063 τρεῖς
1421 2991 1640 3063 ἡμέρας
1705 2991 1948 3061 ἔπασχον
2010 2989 2207 3053 οὕτως.
2243 2990 2323 3059 Τῇ
2366 2990 2423 3043 δέ
2456 3006 2521 3059 γε
2566 2990 2856 3061 τελευταίᾳ
2886 2992 3066 3060 πάντη
3099 2991 3299 3052 αὐτοὺς
3325 2991 3615 3042 ἐκάκωσαν

322 3083 762 3153 προσγενομένου
810 3083 996 3148 αὐτοῖς
1028 3084 1122 3137 καὶ
1162 3083 1255 3137 τοῦ
1304 3082 1519 3148 Σέξτου.
1560 3082 1670 3137 Καί
1708 3082 1914 3145 πάντες
1956 3081 2024 3134 ἂν
2090 3078 2491 3150 διεφθάρησαν,
2526 3079 2575 3132 εί
2604 3081 2681 3150 μὴ
2736 3080 2887 3150 σφῶν
2919 3079 3015 3133 καὶ¹
3044 3080 3272 3141 ἄκοντες
3304 3079 3615 3149 ἀπέσχοντο

322 3174 374 3228 οἱ
407 3173 681 3243 πολέμιοι.
734 3174 798 3229 ’0
855 3174 964 3244 γὰρ
1017 3174 1335 3244 Ἀγρίππας
1386 3175 1620 3243 νικήσας
1679 3174 1779 3245 τὴν
1835 3172 2171 3244 ναυμαχίαν,
2239 3172 2296 3236 ἐς
2370 3171 2625 3225 Σικελίαν
2689 3171 3030 3243 ἐπεραιώθη,
3079 3171 3176 3225 καὶ
3221 3172 3368 3224 οῖῖόν
3427 3188 3485 3224 τε
3533 3173 3614 3244 τῷ

326 3264 544 3335 στρατῷ
573 3265 671 3317 καὶ
694 3263 958 3335 βοήθειαν
991 3264 1230 3336 έπεμψε.
1279 3266 1392 3319 Καὶ
1430 3265 1459 3317 ὁ
1513 3262 1732 3330 Σέξτος,
1759 3263 1923 3317 αὑτὸν
1964 3263 2056 3316 τὺν
2122 3261 2440 3333 Ἀγρίππαν
2468 3261 2621 3333 ἥξειν
2646 3262 2766 3315 ἐκεῖ
2787 3262 3172 3332 προσδοκήσας
3195 3262 3290 3315 καὶ
3326 3262 3610 3332 magna;

326 3356 530 3427 σπουδῇ
560 3356 934 3427 ἀνεχώρησεν,
964 3356 1107 3409 ὥστε
1143 3357 1314 3428 σκεύη
1352 3357 1476 3411 τινὰ
1506 3359 1602 3411 καὶ
1628 3358 1916 3428 ἐπιτήδεια
1952 3354 2284 3423 καταλεῖψαι
2318 3357 2376 3408 ἐν
2432 3355 2509 3425 τῷ
2534 3355 2793 3427 ἐρύματι,
2831 3354 2890 3419 ἐξ
2918 3349 2993 3408 ὧν
3025 3358 3327 3428 τραφέντες
3362 3357 3409 3408 οἱ
3483 3372 3617 3427 περὶ

322 3451 416 3503 τὸν
446 3449 847 3520 Κουρνοφίκιον
873 3450 1012 3519 πρὸς
1063 3450 1155 3503 τὶν
1179 3451 1496 3519 Ἀγρίππαν
1521 3452 1793 3524 ἀπῄεσαν
1825 3450 1918 3514 οὒς
1958 3451 1987 3503 ὁ
2023 3452 2244 3520 Καῖσαρ
2274 3449 2522 3514 ἐπαίνοις
2545 3453 2642 3503 καὶ
2670 3451 2907 3521 δωρεαῖς
2933 3448 3296 3521 ἀνεκτήσατο.

399 3543 568 3599 XXV.
609 3544 741 3599 Post
777 3543 895 3599 haec
921 3559 1047 3600 cum
1074 3544 1274 3601 Sextus
1297 3546 1352 3601 in
1378 3546 1621 3602 Siciliam
1650 3548 1913 3610 venisset,

2095 3542 2225 3599 KE'.
2263 3545 2419 3599 Μετὰ
2445 3542 2607 3597 τοῦτο
2635 3544 2681 3597 δ’
2710 3546 2766 3608 ἐς
2797 3544 3051 3598 Σικελίαν
3086 3544 3294 3598 ἐλθόντι
3345 3545 3423 3617 τῷ
3470 3546 3614 3599 Καί-

329 3630 395 3685 ad
419 3630 777 3684 Artemisium
805 3640 987 3686 castra
1017 3634 1201 3702 posuit
1231 3650 1247 3688 :
1282 3635 1375 3689 ubi
1404 3650 1528 3689 cum
1556 3636 1701 3691 inter
1724 3650 1783 3690 se
1816 3651 1913 3689 ve-

2020 3652 2147 3707 σαρι
2207 3637 2337 3708 περὶ
2362 3638 2794 3708 τὸἊρτεμίσιον
2850 3637 2878 3689 ὁ
2924 3635 3118 3701 Σέξτος
3169 3638 3613 3705 ἀντεστρατοπε-

325 3726 641 3788 litarentur,
674 3724 867 3781 Gallus
898 3740 1028 3781 suas
1069 3728 1257 3798 copias
1284 3743 1409 3783 cum
1436 3728 1603 3784 Sexto
1623 3771 1637 3795 ,
1673 3728 1913 3799 Lepidus

2016 3729 2266 3784 δεύσατο.
2301 3729 2784 3801 ’Δντικαθημένων
2807 3726 2851 3780 δ’
2883 3727 3138 3799 ἀλλήλοις
3179 3731 3275 3782 καὶ
3318 3728 3616 3800 ἀκροϐολι-

328 3832 454 3872 eum
518 3816 735 3873 Caesare
790 3818 1121 3889 conjunxit;
1176 3836 1240 3874 ae
1280 3820 1369 3875 ille
1411 3821 1633 3891 quidem
1686 3821 1912 3876 Sextum

2018 3820 2266 3891 ζομένων
2298 3822 2377 3888 τῷ
2404 3823 2504 3892 μὲν
2532 3822 2713 3894 Σέξτῳ
2762 3825 2789 3877 ὁ
2841 3824 3066 3886 Γάλλος,
3121 3822 3199 3892 τῷ
3258 3823 3315 3876 δὲ
3370 3824 3617 3895 Καίσαρι

318 3909 696 3974 conﬁrmavit,
734 3910 826 3965 hic
857 3920 1042 3966 autem
1072 3926 1196 3967 cum
1228 3911 1441 3967 Caesare
1474 3911 1637 3983 517
1682 3922 1918 3967 conten-

326 4003 450 4069 dit;
485 4018 610 4057 nam
634 4018 699 4057 ex
736 4018 895 4073 atque
926 4019 1052 4059 eum
1086 4019 1154 4059 eo
1177 4004 1570 4060 administrare
1599 4005 1774 4060 voluit
1799 4021 1917 4060 om-

325 4095 451 4161 nia;
475 4093 657 4151 Caasar
677 4110 808 4149 vero
831 4110 897 4150 eo
918 4111 1019 4166 pro
1041 4095 1221 4166 legato
1249 4096 1301 4149 in
1322 4096 1578 4151 omnibus
1605 4096 1681 4150 uti
1702 4096 1876 4151 voluit
1900 4114 1914 4151 :

318 4202 500 4257 quare
566 4186 637 4241 ad
686 4186 912 4242 Sextum
963 4188 1267 4254 inclinavit,
1331 4195 1388 4243 et
1451 4189 1591 4243 clam
1652 4204 1778 4243 cum
1849 4202 1917 4243 eo

325 4279 492 4335 verba
550 4280 822 4345 contulit;
883 4294 994 4350 quo
1043 4279 1219 4335 C:esar
1270 4280 1689 4345 animadverso,
1739 4279 1918 4351 primo

328 4385 550 4441 quoque
576 4379 821 4441 tempore
853 4373 1176 4440 priusquam
1224 4371 1432 4442 aliquid
1463 4381 1783 4438 novaretur,
1817 4370 1916 4425 de-

326 4475 558 4515 cernere
593 4476 717 4515 cum
746 4461 913 4516 Sexto
946 4461 1200 4515 instituit.
1232 4461 1369 4516 Cum
1403 4462 1654 4532 praelium
1692 4461 1746 4515 in
1778 4460 1915 4515 mari

327 4553 685 4607 commissum
726 4552 1049 4623 longissimo
1078 4563 1353 4622 tempore,
1386 4554 1623 4607 victoria
1661 4562 1916 4606 neutram

333 4642 393 4697 in
438 4653 651 4713 partem
684 4643 989 4701 inclinante
1031 4644 1281 4709 duraret,
1343 4647 1566 4714 utrique
1630 4644 1916 4715 pedestres

331 4736 612 4790 exercitus
641 4734 696 4790 in
744 4736 1030 4807 procinctu
1070 4745 1215 4790 terra
1247 4744 1478 4802 stantes,
1519 4745 1779 4791 eventum
1814 4735 1918 4789 sol-

331 4827 527 4882 licitati
563 4830 1010 4898 speculabantur.
1041 4828 1211 4883 Sexto
1248 4828 1469 4883 tandem
1500 4828 1809 4900 proﬂigato,
1840 4829 1917 4882 al-

306 4920 439 4974 -teri
492 4934 721 4989 paeanes
759 4921 1054 4985 canebant,
1098 4922 1257 4975 alteri
1312 4921 1758 4975 lamentabantur
1799 4938 1813 4974 :
1855 4936 1917 4975 ac

306 5011 484 5069 -Sexti
516 5012 738 5083 pedites
770 5050 785 5076 ,
815 5016 973 5083 quasi
1010 5023 1070 5069 et
1101 5014 1205 5083 ipsi
1249 5028 1355 5067 una
1397 5029 1522 5068 cum
1566 5015 1742 5069 classe
1786 5014 1918 5068 victi

331 5111 540 5165 essent,
596 5102 905 5157 Messanam
961 5102 1283 5158 tendebaut.
1329 5102 1512 5159 Caesar
1562 5121 1692 5159 vero
1743 5105 1918 5157 victos

332 5192 430 5263 qui
460 5194 515 5248 in
540 5202 743 5248 terram
768 5195 1091 5258 enatabant,
1124 5194 1442 5264 excipiebat
1468 5213 1483 5254 ;
1518 5204 1573 5248 et
1602 5210 1769 5249 naves
1796 5210 1918 5264 quae

335 5295 498 5340 terra:
539 5286 937 5351 allidebantur,
976 5286 1335 5341 incendebat.
1368 5286 1585 5341 Interea
1618 5287 1921 5340 Democha—

332 5392 420 5432 res
457 5376 563 5431 sibi
600 5377 702 5448 ipsi
736 5393 930 5432 manus
957 5378 1145 5432 attulit
1179 5393 1194 5431 :
1242 5376 1614 5447 Apollodorus
1643 5377 1708 5431 ad
1743 5376 1921 5431 Caesa-

332 5485 448 5524 rem
489 5469 714 5525 defecit.
756 5469 904 5525 ldem
942 5480 1147 5541 praeter
1179 5470 1317 5524 alios
1351 5478 1407 5525 et
1447 5469 1673 5535 Gallus,
1710 5480 1767 5524 et
1792 5471 1914 5541 ejus

331 5561 548 5632 equites
593 5577 830 5628 omnes,
879 5570 936 5617 et
966 5563 1187 5633 quidem
1234 5560 1451 5631 pedites
1502 5560 1700 5615 imitati
1764 5569 1916 5614 sunt.

332 5653 525 5721 Itaque
571 5652 794 5717 Sextus,
843 5654 1152 5723 desperatis
1187 5653 1354 5707 rebus
1383 5651 1491 5706 ﬁlia
1529 5669 1655 5707 cum
1694 5653 1818 5706 aliis
1862 5661 1920 5706 et

334 5742 572 5813 pecunia
622 5753 680 5795 et
733 5744 1155 5811 pretiosissimis
1221 5744 1540 5814 quibusque
1597 5744 1768 5799 rebus
1831 5743 1923 5795 lir-

336 5833 599 5888 missimis
640 5835 876 5888 navibus
918 5835 1231 5903 impositis,
1280 5845 1449 5891 noctu
1494 5835 1674 5903 abiit,
1729 5851 1924 5906 persc-

2015 3914 2045 3966 ὁ
2066 3912 2298 3978 Λέπιδος
2319 3914 2415 3967 σὺν
2448 3917 2571 3978 ταῖς
2600 3914 2869 3985 δυνάμεσι
2899 3917 3274 3986 προσήνωντο.
3317 3916 3426 3968 Καὶ
3447 3917 3477 3968 ὁ
3505 3915 3614 3985 μὲν

2017 4004 2223 4068 Γάλλος
2257 4006 2545 4078 ἐπέρρωσε
2568 4005 2660 4059 τὸν
2693 4006 2909 4072 Σέξτον,
2943 4008 2970 4059 ὁ
2996 4006 3052 4058 δέ
3082 4004 3314 4069 Λέπιδος
3347 4004 3614 4076 διηνέχθη

2018 4096 2098 4166 τῷ
2133 4097 2403 4168 Καίσαρι,
2428 4098 2592 4161 αὐτὸς
2634 4099 2733 4170 μὲν
2764 4100 2829 4152 ἐκ
2860 4116 2957 4151 του
3002 4100 3121 4155 ἴσου
3163 4098 3487 4150 συνδιοικεῖν
3515 4098 3619 4148 αύ-

2020 4187 2100 4257 τῷ
2134 4188 2203 4241 τά
2228 4190 2410 4243 πάντα
2441 4188 2788 4259 βουλόμενος,
2812 4190 3026 4244 ἐκείνου
3085 4189 3143 4244 δὲ
3203 4189 3278 4251 ὡς
3325 4188 3611 4259 ὑποστρα-

2019 4282 2175 4353 τήγῳ
2211 4282 2360 4353 αὐτῷ
2395 4282 2683 4352 χρωμένου
2730 4285 2788 4336 ἐν
2826 4285 3019 4337 ἅπασι.
3086 4284 3178 4335 Διὸ
3219 4283 3312 4336 καὶ
3348 4280 3487 4353 πρὸς
3517 4282 3620 4334 τὸν

2022 4374 2216 4441 Σέξτον
2250 4374 2535 4439 ἀπέκλινε,
2570 4376 2666 4427 καὶ
2711 4374 3108 4444 ἐκοινολογεῖτο
3166 4376 3234 4428 δι’
3280 4374 3618 4444 ἀπορρήτων

2019 4465 2193 4535 αὐτῷ.
2259 4466 2324 4519 Ὃ
2376 4466 2687 4536 ὑπονοήσας
2726 4466 2756 4517 ὁ
2808 4468 3031 4537 Καῖσαρ
3084 4465 3323 4519 ἔσπευσε
3378 4462 3510 4534 πρίν
3560 4480 3619 4515 τι

2019 4556 2405 4628 νεοχμωθῆναι
2437 4556 2525 4610 διὰ
2568 4557 2758 4628 μάχης
2821 4557 2899 4628 τῷ
2954 4558 3138 4629 Σέξτῳ
3186 4560 3459 4628 χωρῆσαι.
3504 4555 3621 4608 Καὶ

2021 4649 2330 4720 ναυμαχίας
2357 4666 2416 4701 τε
2447 4650 2591 4702 κατὰ
2622 4650 2903 4704 θάλασσαν
2935 4650 3330 4721 συρῤαγείσης,
3363 4648 3455 4701 καὶ
3472 4647 3619 4700 κατὰ

2020 4740 2125 4810 γῆν
2154 4739 2264 4791 τῶν
2303 4739 2487 4804 πεζῶν
2525 4742 2730 4811 ἀμφοῖν
2764 4742 3276 4813 παρατεταγμένων
3323 4741 3416 4793 ἐπὶ
3472 4742 3612 4793 πολὺ

2024 4835 2124 4902 τῆς
2146 4833 2461 4902 ναυμαχίας
2492 4834 2791 4904 γινομένης
2827 4834 3135 4905 ίσορρόπου
3166 4851 3223 4887 τε
3259 4833 3354 4887 καὶ
3420 4833 3617 4884 ἰσοπα-

1958 4904 2000 4959 D
2027 4920 2175 4985 λοῦς,
2212 4921 2281 4974 τὰ
2309 4922 2452 4985 πεζά
2481 4922 2577 4975 καὶ
2604 4922 2774 4992 ἄμφω
2802 4904 3199 4993 στρατεύματα
3255 4921 3491 4976 ἐθεῶντο
3520 4921 3621 4974 καὶ

2028 5012 2302 5080 ἠγωνίων.
2347 5013 2508 5066 Ἐπεὶ
2535 5013 2581 5066 δ’
2606 5014 2658 5065 οί
2701 5013 2799 5067 τοῦ
2832 5012 3028 5079 Σέξτου
3052 5015 3375 5086 ἐτράποντο,
3402 5015 3452 5065 οἱ
3511 5012 3618 5082 μέν

2026 5106 2381 5168 ἐπαιάνισαν,
2418 5107 2465 5159 οί
2489 5105 2536 5158 δ’
2571 5106 2934 5176 ὠλοφύροντο.
2980 5107 3091 5160 Καὶ
3130 5108 3179 5160 οἱ
3222 5107 3325 5176 μὲν
3350 5105 3446 5159 τοῦ
3472 5103 3610 5170 Σέξ-

2026 5216 2121 5251 του
2191 5200 2352 5263 πεζοὶ
2400 5202 2537 5272 πρὸς
2577 5203 2677 5271 τὴν
2734 5203 2996 5273 Μεσήνην
3048 5201 3316 5273 ἐχώρουν,
3380 5202 3475 5256 ἅτε
3518 5201 3617 5254 καὶ

2035 5292 2194 5343 αὐτοὶ
2256 5291 2685 5364 συνηττηθέντες
2731 5293 2813 5364 τῷ
2864 5294 3129 5365 ναυτικῷ.
3194 5292 3252 5348 '0
3284 5294 3341 5347 δέ
3395 5294 3614 5363 Καῖσαρ

2026 5385 2157 5448 τοὺς
2186 5386 2557 5448 ἐκπίπτοντας
2587 5385 2699 5439 τῶν
2727 5387 3061 5457 ἡττωμένων
3089 5387 3171 5448 εἰς
3195 5385 3295 5453 τὴν
3333 5384 3439 5454 γῆν
3494 5381 3617 5448 ἐξε-

2022 5474 2212 5545 δέχετο
2239 5475 2332 5527 καὶ
2355 5474 2465 5527 τῶν
2486 5475 2715 5544 σκαφῶν
2738 5476 2839 5530 ὅσα
2864 5474 3240 5547 προσώκειλον
3267 5475 3610 5544 ἐνεπίμπρα.

2030 5567 2151 5621 Κάν
2187 5565 2365 5634 τούτῳ
2400 5568 2427 5618 ὁ
2452 5565 2553 5636 μὲν
2581 5566 2897 5637 Δημόχαρις
2943 5567 3136 5619 ἐαυτὸν
3195 5565 3537 5634 ἀπέσφαξεν,
3587 5564 3616 5614 ὁ

2027 5657 2073 5710 δ’
2115 5656 2520 5728 Ἀπολλόδωρος
2561 5657 2640 5728 τῷ
2677 5658 2921 5730 Καίσαρι
2968 5658 3389 5730 προσεχώρησε.
3441 5656 3618 5710 Τοῦτ)

2031 5747 2090 5799 δὲ
2130 5747 2282 5801 ἄλλοι
2309 5763 2369 5799 τε
2403 5746 2499 5799 καὶ
2527 5748 2555 5799 ὁ
2582 5746 2785 5810 Γάλλος
2812 5749 2906 5801 καὶ
2938 5749 2988 5801 οί
3017 5750 3203 5813 ἱππεῖς
3234 5749 3283 5800 οἱ
3311 5748 3409 5801 σὺν
3459 5746 3616 5816 αὖτῷ

2033 5839 2232 5899 πάντες
2266 5837 2360 5891 καί
2405 5853 2550 5899 τινες
2596 5838 2704 5893 τῶν
2736 5839 2920 5903 πεζῶν
2952 5818 3351 5910 ⁸πεποιήκασιν.
3393 5836 3450 5891 '0
3480 5837 3615 5902 Σέξ-
