4024 6402
490 386 595 449 877

1771 380 2178 443 ANNALIUM
2212 374 2366 439 Lm.
2412 377 2482 445 Χ.
2520 366 2525 377 '

3616 355 3747 446 ars

489 518 579 564 τος
630 499 677 555 δ’
709 496 959 554 ὲντ-ὕθεν
1011 497 1282 568 ἀπογνοὺς
1335 495 1431 550 καὶ
1480 494 1579 568 τὴν
1634 495 1914 566 θυγατέρα
1971 510 2068 547 και

2174 503 2379 563 quente
2434 493 2694 558 nemine,
2745 500 2862 548 tum
2915 493 3067 565 quod
3115 494 3258 550 clam
3318 497 3580 565 siverat,
3630 510 3744 554 tum

489 592 689 655 ἄλλους
731 590 1066 665 παραλαϐὼν
1097 591 1166 646 τά
1197 606 1256 642 τε
1292 588 1557 660 χρήματα
1586 587 1681 642 καὶ
1730 587 1842 641 τῶν
1888 584 2065 640 ἄλλων

487 681 556 733 τὰ
585 678 889 752 τιμιώτερα
919 681 997 743 είς
1026 680 1125 743 τὰς
1168 679 1302 743 ναῦς
1341 677 1438 740 τὶς
1483 675 1765 747 κρείττους
1801 675 1910 729 τῶν
1956 691 2059 727 σωο

488 773 688 827 θεισῶν
711 773 1002 841 ἐνθέμενος
1028 775 1212 844 ἀπῆρε
1245 771 1462 835 νυκτὸς,
1508 770 1619 824 οὐδ’
1671 767 1932 840 ἐπεδίωξε
1980 785 2066 833 τις

487 864 674 930 αὑτὸν,
708 866 792 919 ὅτι
818 882 878 919 τε
905 865 1086 936 λάθρα
1115 863 1418 930 ἐξέπλευσε
1451 863 1547 916 καὶ
1577 864 1604 916 ό
1632 864 1853 933 Καῖσαρ
1880 861 1938 913 ἐν
1969 876 2064 930 με-

486 958 628 1029 γάλῃ
652 958 847 1028 γέγονε
868 961 1110 1031 ταραχῇ.
1164 959 1222 1011 ’0
1267 957 1379 1027 γὰρ
1426 955 1659 1019 Λέπιδος
1714 956 1782 1025 τῇ
1837 953 2064 1023 Μεσήνῖι

486 1052 735 1106 ἐπελθὼν
763 1052 861 1105 καὶ
887 1051 1190 1123 είσδεχθεὶς
1219 1052 1301 1115 είς
1330 1049 1526 1119 αὑτὴν,
1562 1045 1632 1102 τὰ
1672 1045 1773 1116 μὲν
1832 1047 2063 1112 ἐνεπίμο

485 1159 625 1214 πρα,
651 1147 721 1196 τὰ
758 1143 806 1196 δ’
831 1142 1107 1216 ἥρπαζεν.
1138 1137 1276 1197 Εἶτα
1315 1140 1578 1212 φοϐηθεὶς
1624 1136 1928 1193 ἐπελθόντα
1971 1136 2064 1190 τὸν

486 1233 744 1305 Καίσαρα
775 1234 869 1287 ἐπὶ
908 1233 1071 1303 λόφον
1118 1235 1390 1305 καρτερὸν
1429 1226 2061 1300 στρατοπεδευσάμενος,

488 1326 666 1380 πάντα
680 1343 741 1378 τε
758 1327 859 1379 ὃσα
881 1325 1110 1379 ἐλαττοῦ
1120 1325 1243 1379 σθαι
1260 1322 1513 1394 ἐνόμιζεν
1544 1319 1868 1376 ἐπενεκάλει
1889 1317 2060 1388 αὐτῷ,

484 1418 579 1472 καὶ
611 1417 811 1489 ἀπῄτει
843 1418 946 1473 ὅσα
981 1417 1132 1489 αὑτῷ
1156 1416 1299 1472 κατὰ
1322 1416 1422 1488 τὴν
1454 1413 1681 1488 πρώτην
1717 1410 2063 1482 συνωμοσίαν

483 1511 720 1575 ἐδέδοτο,
768 1512 863 1564 καὶ
920 1511 1021 1582 τῆς
1078 1510 1334 1572 Σικελίας
1375 1508 1723 1563 ἀντεποιεῖτο
1772 1504 1851 1568 ώς
1890 1502 2065 1573 αὑτὴν

484 1604 1040 1675 καταστρεψάμενος,
1076 1605 1171 1658 καὶ
1196 1601 1373 1656 ταῦτα
1404 1601 1641 1671 πέμπων
1665 1598 1821 1661 τινὰς
1862 1596 2063 1666 ὡμίλει

490 1698 569 1766 τῷ
608 1698 871 1768 Καίσαρι,
912 1698 1054 1768 ἔχων
1089 1695 1154 1760 ἃς
1177 1697 1227 1748 τ’
1262 1696 1328 1749 ἐκ
1358 1696 1460 1766 τῆς
1499 1691 1710 1762 Λιϐύης
1741 1690 1952 1760 ἐπῆκτο
1973 1688 2065 1740 δυ-

483 1791 679 1860 νὰμεις
709 1789 963 1853 καὶτοὺς
996 1789 1054 1841 ἐν
1104 1790 1172 1859 τῇ
1232 1787 1465 1858 Μεσήνῃ
1527 1781 2065 1854 ἐγκαταλειφθέντας

2172 582 2320 652 quod
2350 581 2534 637 Caesar
2581 582 2964 653 pertimuerat.
2992 583 3234 655 Lepidus
3259 585 3407 640 enim
3439 587 3747 644 Messanam

2170 687 2486 742 aggressus,
2517 681 2575 727 et
2614 674 2893 730 manibus
2919 683 3199 744 receptus,
3240 676 3349 731 alia
3395 675 3748 745 incendebat,

2173 764 2280 819 alia
2345 764 2618 835 rapiebat.
2666 766 2877 822 Deinde
2916 764 3150 823 Caesaris
3199 767 3447 823 adventu
3495 770 3747 834 territus,

2173 855 2370 910 castris
2408 856 2461 909 in
2495 856 2924 912 munitissimum
2970 859 3241 913 tumulum
3288 854 3590 925 tradslatis,
3621 877 3747 917 cum

2172 964 2240 1001 eo
2282 948 2350 1003 de
2410 948 2575 1004 rebus
2615 950 2875 1005 omnibus
2915 950 2971 1004 in
3023 951 3226 1021 quibus
3252 951 3309 1006 in
3349 950 3606 1023 injuriam
3643 953 3749 1008 sibi

2173 1040 2291 1094 ﬁeri
2338 1040 2589 1110 putabat,
2629 1040 3017 1111 expostulavit,
3066 1051 3126 1097 et
3166 1058 3231 1097 ea
3289 1045 3474 1099 omnia
3525 1060 3647 1115 quas
3693 1046 3750 1100 in

2172 1137 2348 1214 prima
2379 1135 2763 1207 conjuratione
2787 1136 2894 1191 sibi
2929 1150 3192 1192 concessa
3218 1149 3411 1194 essent
3439 1136 3707 1209 ﬂagitavit
3729 1179 3748 1204 ,

2169 1234 2226 1279 et
2274 1226 2519 1280 Siciliam
2556 1228 2704 1297 quod
2734 1241 2857 1281 eam
2907 1226 3221 1298 subegisset
3275 1228 3383 1284 sibi
3425 1230 3745 1286 vindicavit.

2171 1317 2304 1384 Quae
2332 1332 2458 1372 cum
2499 1332 2598 1389 per
2621 1318 2834 1387 legatos
2856 1327 3063 1390 ageret,
3112 1320 3287 1390 capiis
3314 1336 3453 1392 quas
3474 1339 3538 1376 ex
3566 1321 3748 1378 Africa

2169 1409 2479 1464 adduxerat
2541 1409 2829 1476 munitus,
2869 1418 2927 1465 et
2978 1410 3046 1465 iis
3084 1411 3183 1480 qui
3253 1411 3516 1475 Messanae
3570 1414 3749 1469 relicti

2170 1509 2334 1557 erant
2389 1502 2582 1557 ascitis
2637 1502 2897 1557 omnibus
2939 1501 3123 1558 (Σίνδοι
3168 1504 3339 1559 armis
3382 1502 3557 1560 frctus
3620 1521 3747 1560 cum

2170 1592 2363 1664 paucis
2396 1593 2463 1648 ad
2509 1608 2637 1649 eum
2678 1594 2781 1649 ivit
2818 1612 2830 1647 :
2868 1602 2925 1650 et
2963 1595 3092 1665 quia
3136 1605 3364 1666 propter
3410 1597 3746 1666 paucitatem

2171 1684 2557 1740 comitantium
2590 1684 2659 1740 de
2685 1700 2819 1756 pace
2851 1694 3078 1742 acturus
3115 1688 3433 1757 putabatur,
3481 1688 3536 1743 in
3567 1699 3747 1746 castra

2169 1786 2257 1832 est
2285 1785 2566 1847 receptus.
2610 1778 2721 1833 Sed
2764 1794 2890 1833 eum
2932 1777 3070 1832 nihil
3119 1779 3186 1833 ad
3239 1780 3746 1836 reconciliationem

486 1883 718 1946 πάντας.
765 1879 824 1935 '0
852 1881 910 1935 δὲ
951 1881 1172 1949 Καῖσαρ
1234 1881 1349 1942 τοῖς
1404 1876 1591 1940 ὅπλοις
1647 1873 1871 1946 θαρρῶν
1902 1872 2064 1935 εὐθὺς

2174 1868 2518 1938 loqueretur,
2567 1868 2764 1940 Lepidi
2814 1868 3019 1925 milites
3070 1868 3303 1935 irritati,
3355 1870 3623 1941 quosdam
3679 1888 3750 1928 ex

485 1977 571 2028 ἐπ’
596 1974 762 2029 αὑτὸν
796 1972 915 2045 μετ’
946 1973 1146 2042 ὀλίγων
1184 1971 1345 2025 τινῶν
1376 1970 1633 2043 ὥρμησε.
1673 1969 1843 2034 Δόξας
1887 1968 1946 2022 δὲ
1975 1967 2064 2022 διὰ

2174 1961 2288 2031 ejus
2319 1961 2584 2016 comitatu
2610 1960 2934 2016 occiderunt
2958 1978 2973 2028 ;
3004 1960 3122 2031 ipse
3148 1970 3429 2030 protectus
3458 1979 3486 2017 a
3513 1963 3739 2033 quibus-

483 2067 584 2138 τῆν
631 2065 741 2119 τῶν
806 2064 1198 2133 συνεπομένων
1257 2062 1612 2134 ὀλιγανδρίαν
1678 2060 1958 2132 εἰρηνικόν
2011 2077 2065 2113 τι

487 2159 740 2229 πράξειν,
771 2158 827 2220 ἐς
849 2157 910 2210 τὸ
944 2155 1310 2227 στρατόπεδιν
1344 2153 1650 2225 εἰσεδέχθη.
1695 2153 1783 2217 Ὧς
1816 2153 1862 2206 δ’
1902 2152 2058 2206 οὐδὲν

487 2250 623 2318 πρὸς
660 2247 757 2317 τὴν
784 2247 1139 2317 καταλλαγὴν
1164 2245 1350 2316 ἔλεγε,
1382 2244 1823 2317 παρωξύνθησαν
1860 2245 1910 2298 oi
1967 2242 2063 2297 τοῦ

489 2340 750 2405 Λεπίδου,
777 2339 871 2393 καί
894 2356 1048 2405 τινας
1076 2339 1188 2393 τῶν
1226 2338 1441 2393 ἐκείνου
1498 2339 1853 2404 ἀπέκτειναν,
1902 2338 2067 2400 αὑτὸς

486 2432 531 2485 δ’
565 2431 743 2503 ἐσώθη
771 2432 1029 2503 βοηθείας
1061 2432 1266 2503 τυχών.
1328 2432 1440 2485 Kal.
1506 2430 1647 2503 μετὰ
1696 2430 1859 2485 τοῦτο
1907 2426 2067 2494 αὖθις

490 2521 727 2592 ἐπῆλθεν
754 2522 943 2587 αὑτοῖς
997 2524 1099 2576 σὺν
1159 2523 1328 2578 παντὶ
1378 2521 1456 2592 τῷ
1519 2521 1916 2593 στρατεύματι,
1974 2523 2069 2575 καὶ

491 2615 806 2684 ἐπολιόρκει
832 2614 1202 2680 κατακλείσας
1237 2617 1378 2686 σφᾶς
1409 2618 1490 2682 είς
1510 2616 1571 2670 τὺ
1602 2617 1919 2687 τάφρευμα.
1962 2616 2064 2669 Φο-

490 2706 749 2775 ϐηθέντες
770 2706 864 2761 οὑν
894 2707 994 2779 τὴν
1029 2707 1234 2772 ἅλωσιν
1262 2710 1453 2781 ἀθρόοι
1519 2709 1621 2780 μὲν
1642 2707 1956 2780 αἰδούμενοι
1976 2709 2069 2764 τδν

489 2794 725 2847 Λέπιδον
768 2795 829 2847 οὑ
883 2795 1232 2866 μετέστησαν
1292 2800 1430 2869 πρὸς
1476 2800 1567 2853 τὶν
1620 2792 1901 2871 Καίσαρα,
1945 2799 2068 2853 κατ’

486 2884 705 2952 ὀλίγους
737 2885 795 2939 δὲ
828 2887 1220 2959 προσεχώρουν
1261 2888 1432 2961 αὐτῷ.
1484 2890 1595 2943 Καὶ
1622 2888 1767 2944 οὑτω
1816 2891 2071 2954 κάκεῖνος

488 2976 775 3049 ἐθελοντὴς
810 2977 971 3048 δῆθεν
998 2982 1054 3035 ἐν
1086 2979 1277 3051 ἐσθῆτι
1314 2981 1448 3052 φαιᾷ
1489 2980 1675 3052 ἱκέτης
1713 2981 1865 3051 αὑτῷ
1893 2999 2070 3054 προσο

489 3067 742 3140 ελήλυθε.
772 3071 883 3124 Kal.
935 3072 964 3125 ὁ
999 3072 1100 3142 μὲν
1135 3073 1233 3143 τῆς
1261 3072 1514 3140 ἐξουσίας
1539 3090 1599 3127 τε
1624 3073 1910 3146 παρελύθη
1975 3074 2071 3127 καὶ

488 3163 549 3212 ἐν
578 3164 644 3232 τῇ
686 3161 891 3233 Ἰταλίᾳ
920 3163 1135 3218 δίαιταν
1173 3164 1474 3235 ἐπεποίητο
1497 3165 1812 3238 ἔμφρουρον
1834 3183 1850 3198 ·
1887 3165 1992 3219 τῶν
2015 3166 2071 3219 δέ
2099 3202 2139 3259 C

490 3252 558 3304 τὰ
613 3250 707 3306 τοῦ
763 3253 961 3320 Σέξτου
1022 3255 1353 3325 πραξάντων
1410 3257 1563 3320 τινὰς
1623 3257 1726 3327 μὲν
1784 3256 2066 3323 ἐκόλασεν,

490 3346 669 3410 ἐνίους
700 3345 744 3399 δ’
773 3345 980 3417 ἀφῆκε·
1020 3347 1248 3401 καὶτῶν
1293 3347 1503 3402 πόλεων
1534 3350 1634 3406 τὰς
1662 3348 1761 3418 μὲν
1807 3350 2070 3412 ἑκουσίως

491 3441 971 3511 προσχωρησάσας
1027 3439 1178 3511 αὑτῷ
1244 3440 1577 3510 συγγνώμης
1606 3440 1829 3511 ἠξίωσε,
1873 3441 1973 3505 τὰς
2026 3441 2070 3495 δ’

488 3534 822 3595 ἀντιστάσας
876 3530 1027 3602 αὑτῷ
1084 3532 1428 3588 ἐδικαίωσεν.
1488 3533 1554 3584 Οί
1632 3532 1963 3605 στρατιῶται
2014 3532 2071 3584 δὲ

488 3624 824 3680 ἐστασίασαν
865 3642 927 3680 τε
976 3623 1074 3678 καὶ
1121 3625 1510 3697 ἐθρασύνοντο,
1559 3625 1654 3680 καὶ⁸
1682 3624 2071 3694 συλλεγόμεκοι

462 3780 465 3783 _
489 3717 654 3790 ᾔτουν
681 3717 917 3782 ἕκαστος
944 3716 973 3771 ὃ
1007 3718 1218 3774 ἐπόθει.
1252 3719 1360 3773 Τοῦ
1385 3718 1442 3772 δὲ
1468 3718 1748 3792 Καίσαρος
1785 3719 1844 3772 ἐν
1873 3718 2068 3787 ὀλιγω-

491 3812 587 3882 ρίᾳ
621 3813 764 3881 σφᾶς
791 3810 1147 3882 ποιουμένου,
1189 3811 1265 3874 ώς
1314 3815 1389 3883 μή
1439 3828 1586 3876 τινος
1623 3811 1885 3883 πολεμίου
1924 3827 2072 3883 παρ·

489 3904 664 3969 όντος,
722 3903 1076 3971 ἐπηπείλουν.
1113 3900 1203 3966 Ὧς
1235 3902 1281 3956 δ’
1322 3903 1478 3958 οὐδὲν
1525 3904 1710 3974 ῆνυον,
1762 3906 1860 3975 τῆς
1910 3921 2076 3975 στρα-

488 3991 637 4053 τείας
668 3992 934 4063 ἀφεθῆναι
975 3989 1165 4061 ἠξίουν
1198 3990 1359 4062 θυμῷ
1386 3991 1481 4044 καὶ
1509 3990 1631 4061 βοῇ.
1656 3988 1941 4060 Λήψεσθαι
1964 3994 2071 4058 γὰρ

492 4085 732 4154 ῆλπισαν
770 4084 807 4139 ἃ.
839 4083 1085 4156 ἀπῄτουν
1109 4084 1200 4138 διὰ
1239 4086 1339 4147 τὴν
1369 4084 1602 4155 ἀπειλὴν
1626 4084 1727 4155 τῆς
1752 4082 2074 4152 ἐγκαταλεί-

486 4179 657 4249 ψεως.
710 4176 770 4232 Ὀ
799 4179 856 4230 δέ
887 4180 1107 4247 Καῖσαρ
1151 4176 1226 4247 μὴ
1256 4176 1368 4252 δεῖν
1399 4174 1640 4245 νομίζων
1674 4176 1766 4229 τὸν
1821 4175 2061 4245 ἄρχοντα

491 4272 552 4338 ἐξ
580 4271 828 4342 ἀνάγκης
860 4271 974 4335 τοῖς
1000 4270 1262 4340 ὑπηκόοις
1284 4268 1553 4333 ὑπείκειν,
1576 4266 1773 4335 εὑλογά
1789 4283 1846 4319 τε
1876 4264 2073 4327 αὑτοὺς

491 4364 679 4430 ἀξιοῦν
748 4364 879 4434 ἔφη,
936 4361 1034 4417 καλ.
1084 4361 1240 4433 διῆκε
1302 4359 1525 4429 πρῶτον
1562 4360 1661 4430 μὲν
1688 4358 1814 4422 τοὺς
1847 4358 1944 4411 ἐπὶ
1982 4356 2074 4410 τὸν

501 4455 788 4509 Ἀντώνιον
807 4452 957 4524 αὑτῷ
985 4451 1511 4522 συστρατεύσανταςο
1534 4449 1610 4512 ώς
1642 4448 1698 4502 δέ
1724 4448 1819 4502 καὶ
1846 4449 1897 4500 oi
1926 4447 2075 4501 ἄλλοι

2169 2051 2294 2106 dam
2337 2051 2535 2108 evasit.
2586 2053 2796 2108 Deinde
2818 2063 2939 2109 toto
2971 2054 3215 2109 exercitu
3243 2068 3435 2110 rursus
3463 2055 3707 2111 adducto
3732 2097 3747 2117 .

2168 2158 2267 2199 eos
2303 2147 2359 2199 in
2391 2145 2533 2200 vallo
2558 2145 2780 2201 obsedit
2808 2163 2822 2200 :
2872 2146 3033 2217 cujus
3063 2147 3526 2216 expugnationem
3558 2149 3744 2214 veriti,

2170 2236 2362 2308 Lepidi
2404 2237 2734 2293 verecundia
2766 2237 3011 2294 universi
3045 2237 3115 2294 ad
3146 2237 3416 2294 Caesarem
3454 2255 3564 2295 non
3596 2240 3749 2297 defe-

2169 2339 2387 2397 cerunt,
2422 2330 2518 2385 sed
2556 2332 2819 2400 paulatim
2851 2332 2947 2387 alii
2988 2341 3114 2403 post
3141 2332 3279 2388 alios
3310 2334 3378 2390 ad
3416 2350 3544 2390 eum
3572 2344 3750 2393 trans-

2172 2421 2377 2476 ierunt.
2426 2420 2657 2479 Demum
2736 2432 2795 2476 et
2841 2422 2960 2493 ipse
3007 2421 3251 2493 Lepidus
3317 2426 3463 2480 ultro
3531 2427 3750 2484 scilicet

2171 2513 2337 2583 518
2367 2512 2515 2583 pulla
2555 2522 2707 2569 veste
2735 2515 2962 2585 supplev
3001 2530 3127 2571 eum
3162 2516 3342 2573 adiit:
3385 2518 3750 2591 ademptaque

2171 2612 2445 2674 potestate
2478 2607 2531 2659 in
2557 2604 2737 2669 Italia,
2775 2607 2881 2662 sub
2913 2608 3169 2665 custodia
3202 2610 3387 2666 vivere
3421 2612 3611 2683 jussus
3638 2622 3749 2668 est.

2170 2696 2279 2753 Eos
2298 2698 2391 2768 qui
2439 2712 2469 2752 a
2501 2697 2668 2755 Sexto
2706 2709 3006 2765 steterant,
3042 2699 3226 2757 Caesar
3251 2703 3449 2773 partim
3476 2705 3752 2775 supplicio

2172 2790 2377 2857 aﬂ'ccit,
2428 2793 2626 2862 partim
2658 2791 2887 2848 dimisit.
2934 2793 3179 2849 Urbibus
3206 2809 3330 2866 qum
3354 2805 3550 2866 sponte
3590 2798 3751 2853 dedi-

2173 2880 2380 2936 tionem
2415 2882 2689 2946 fecerunt,
2741 2885 2961 2940 veniam
2995 2885 3146 2941 dedit
3176 2902 3191 2941 :
3240 2902 3335 2944 eas
3365 2904 3489 2958 quaa
3529 2890 3752 2946 restite-

2174 2980 2323 3037 runt,
2366 2973 2639 3028 multavit.
2674 2974 2878 3031 Milites
2911 2991 3044 3031 vero
3073 2993 3172 3048 per
3214 2978 3547 3036 seditionem
3578 2992 3635 3037 et
3666 2992 3755 3037 tu-

2174 3069 2407 3122 multum
2446 3068 2750 3139 congressi,
2785 3071 2932 3140 quod
2969 3070 3198 3142 t-uisque
3225 3073 3402 3128 visum
3432 3084 3534 3141 est,
3559 3083 3753 3146 postis-

2174 3158 2382 3213 larunt.
2413 3157 2551 3213 Cum
2587 3168 2774 3214 autem
2808 3176 2839 3214 a
2863 3159 3080 3216 Caesare
3114 3163 3547 3235 negligerentur,
3592 3168 3752 3237 quasi

2177 3250 2368 3304 nullus
2417 3249 2596 3307 hostis
2622 3261 2978 3322 superesset,
3031 3256 3308 3326 minisque
3338 3258 3479 3314 nihil
3521 3260 3756 3328 proﬁce-

2174 3351 2318 3406 rent,
2357 3357 2482 3397 cum
2532 3341 2911 3414 indignatione
2944 3355 3000 3401 et
3031 3347 3373 3405 clamoribus
3432 3349 3752 3407 missionem

2174 3428 2513 3497 ﬂagitarunt,
2552 3447 2619 3487 eo
2650 3448 2813 3503 paeto
2842 3448 2902 3489 se
2924 3451 3048 3505 qua:
3083 3445 3334 3507 peterent
3359 3438 3755 3510 impetraturos

2175 3531 2484 3591 sperantes.
2545 3523 2732 3579 Caesar
2760 3542 2887 3599 .non
2935 3527 3135 3584 decere
3175 3540 3357 3598 ratus,
3390 3542 3453 3587 ut
3496 3533 3756 3604 princeps

2175 3612 2511 3670 necessitate
2582 3624 2813 3672 coactus
2867 3617 3110 3675 subditis
3166 3620 3367 3678 cedere
3447 3624 3752 3689 videretur,
3810 3674 3816 3679 .

2171 3717 2390 3772 aequum
2426 3718 2526 3759 eos
2566 3707 2850 3775 postulare
2880 3708 3041 3765 dixit.
3078 3711 3157 3766 Ac
3182 3713 3423 3782 primum
3461 3730 3559 3772 eos
3585 3717 3754 3772 dirui-

2174 3794 2269 3860 sit,
2303 3795 2397 3864 qui
2431 3811 2620 3851 secum
2657 3809 2852 3854 contra
2885 3800 3188 3857 Antonium
3214 3805 3558 3861 militarant:
3594 3820 3744 3865 caete-

2176 3886 2252 3939 ris
2306 3901 2532 3956 quoque
2582 3892 2933 3961 urgentibus,
2994 3908 3093 3949 eos
3137 3895 3303 3951 etiam
3347 3897 3599 3964 dimisit,
3657 3902 3751 3971 qui

2174 3992 2379 4031 annum
2405 3979 2682 4035 decimum
2709 3982 3038 4049 militarant,
3080 4000 3251 4056 seque
3286 3987 3398 4041 ullo
3425 4003 3619 4045 eorum
3644 4032 3659 4058 ,
3694 4002 3756 4049 ut

2175 4068 2410 4124 maxime
2434 4071 2659 4136 vellent,
2694 4089 2923 4129 usurum
2956 4090 3078 4132 esse
3115 4079 3352 4149 negavit.
3383 4079 3504 4148 Quo
3539 4083 3751 4150 audito,

2176 4157 2316 4210 nihil
2366 4160 2605 4229 amplius
2658 4162 2850 4230 locuti,
2882 4164 2933 4219 ei
2984 4181 3178 4235 parere
3223 4180 3511 4238 ceperunt.
3558 4173 3755 4231 Postea

2177 4249 2382 4306 Sicilia:
2427 4253 2600 4308 rebus
2641 4256 2984 4326 compositis,
3043 4268 3103 4314 et
3160 4269 3396 4331 utraque
3441 4262 3612 4337 Libya
3655 4283 3755 4338 per

2175 4342 2384 4414 legatos
2425 4346 2563 4401 citra
2596 4363 2834 4418 pugnam
2877 4360 3122 4420 recepta,
3171 4351 3403 4410 Romani
3459 4358 3663 4416 multos
3703 4362 3753 4417 ei

2177 4436 2419 4491 honores
2469 4436 2857 4495 decreverunt.
2911 4441 3111 4500 Sextus
3159 4460 3292 4500 vero
3334 4461 3459 4502 cum
3507 4449 3757 4510 Messana

491 4548 790 4610 ἐνέκειντο,
828 4544 1080 4608 καὶτοὺς
1124 4544 1350 4598 δέκατον
1381 4541 1501 4606 ἔτος
1549 4540 2060 4613 στρατευσαμένους

2175 4527 2452 4595 solvisset,
2489 4530 2704 4586 hostem
2739 4533 2977 4604 insequi,
3012 4547 3109 4590 aut
3138 4553 3168 4591 a
3211 4539 3329 4594 suis
3371 4541 3651 4611 proditum
3686 4547 3755 4604 iri

491 4639 783 4708 διαφῆκεν,
852 4634 1025 4689 εἰπὼν
1078 4635 1155 4699 ὡς
1208 4634 1387 4688 οὑδενὶ
1446 4633 1521 4687 ἔτ’
1589 4632 1771 4685 αὑτῶν
1827 4631 1940 4686 οὐδ’
2003 4630 2070 4684 ἂν

491 4730 561 4783 τὰ
636 4729 873 4801 μάλιστα
959 4728 1259 4798 ἐθελήσωσι
1334 4726 1623 4799 χρήσεται.
1685 4728 1752 4779 Ὃ
1806 4725 2074 4779 ἀκούσαν-

494 4840 589 4886 τες
678 4822 832 4876 οὐδὲν
918 4821 999 4874 ἔτι
1093 4820 1452 4891 ἐφθέγξαντο,
1535 4820 1676 4873 ἀλλὰ
1774 4818 2070 4890 προσέχειν

499 4910 654 4984 αὺτῷ
713 4913 972 4983 ἤρξαντο.
1034 4912 1145 4966 Καὶ
1200 4913 1323 4965 τότε
1363 4912 1467 4984 μὲν
1531 4914 1600 4965 τά
1656 4912 1715 4963 ἐν
1782 4913 1849 4982 τῇ
1911 4911 2072 4963 Σικε-

491 5005 582 5074 λία
600 5004 835 5077 διῴκησε
874 5004 970 5058 καὶ
997 5003 1098 5074 τὴν
1124 5003 1335 5075 Λιϐύην
1362 5004 1633 5074 ἑκατέραν
1667 5003 1892 5073 πέμψας
1924 5003 2072 5074 ἀμα-

494 5100 583 5168 χεὶ
618 5098 1031 5168 παρεστήσατο,
1060 5097 1155 5150 καὶ
1180 5097 1232 5150 οἱ
1275 5096 1336 5150 ἐν
1360 5098 1428 5167 τῇ
1467 5094 1659 5169 Ῥώμῃ
1690 5095 1895 5159 πολλὰς
1918 5093 2072 5166 αὑτῷ

490 5189 660 5259 τιμὰς
687 5178 1045 5261 ἐψηφίσαντο.
1074 5187 1273 5255 Σέξτος
1299 5187 1356 5240 δὲ
1384 5189 1450 5241 ἐκ
1480 5188 1578 5259 τῆς
1625 5188 1886 5259 Μεσήνης
1937 5188 2073 5242 ἀνα-

493 5281 666 5353 χθεὶς,
702 5281 1058 5352 ὑποτοπήσας
1089 5280 1146 5334 δὲ
1176 5278 1474 5351 διωχθῆναι
1506 5281 1538 5351 ῆ
1584 5280 1682 5335 καὶ
1739 5280 2071 5352 προδοθῆναι

494 5373 601 5427 ὑπὸ
631 5373 738 5427 τῶν
789 5374 1085 5441 συνόντων,
1124 5375 1355 5443 προεῖπε
1400 5372 1500 5442 μὲν
1533 5371 1623 5425 διὰ
1667 5370 1763 5425 τοῦ
1799 5370 2073 5440 πελάγους

494 5462 776 5516 πλεύσειψ
805 5461 1126 5526 ἀποσϐέσας
1151 5461 1209 5515 δὲ
1238 5462 1330 5514 τὸν
1374 5461 1582 5532 πυρσὸν
1613 5461 1674 5515 ὃν
1711 5462 1768 5514 αί
1834 5477 2075 5532 στρατη-

494 5554 641 5623 γὶδες
664 5555 920 5627 τριήρεις
938 5555 1014 5618 ώς
1041 5555 1137 5608 καὶ
1175 5554 1231 5608 ai
1271 5554 1461 5608 λοιπαὶ
1505 5553 1702 5618 αὑταῖς
1750 5554 2074 5621 ἐφέπωνται

496 5646 802 5716 φαίνουσιν,
836 5648 916 5711 είς
949 5645 1303 5718 Κεφαληνίαν
1326 5644 1726 5700 κατέπλευσενο
1782 5645 1915 5699 ἔνθα
1978 5647 2075 5699 καὶ

496 5742 546 5794 οἱ
573 5740 754 5794 λοιποὶ
785 5740 929 5795 κατὰ
954 5738 1127 5810 τύχην
1155 5739 1262 5793 ὑπὸ
1294 5737 1563 5810 χειμῶνος
1600 5740 1949 5801 εἰσπεσόντες
1974 5734 2076 5792 αὖ·

458 5818 465 5823 ³
496 5833 583 5898 θις
609 5832 762 5905 αὑτῷ
790 5831 1165 5901 συνεγένοντο.
1197 5829 1554 5901 Συγκαλέσας
1584 5829 1680 5884 οὖν
1710 5828 1934 5894 αὑτοὺς,
1979 5830 2077 5885 καὶ

2177 4635 2238 4674 se
2274 4631 2547 4689 metuens,
2591 4625 2818 4696 pelagus
2848 4629 3210 4699 traiecturum
3255 4646 3378 4689 esse
3429 4635 3611 4692 dixit:
3658 4655 3755 4695 ex-

2178 4712 2492 4786 stinctoque
2525 4717 2635 4788 igni
2663 4734 2774 4788 quo
2801 4722 3075 4788 praetorim
3118 4724 3374 4782 triremes
3399 4732 3759 4799 sequentibus

2180 4809 2418 4863 navibus
2437 4811 2757 4880 pralucent,
2788 4813 2842 4869 in
2861 4814 3252 4887 Cephaleniam
3284 4822 3520 4891 appulit,
3540 4838 3652 4894 quo
3673 4841 3765 4881 re—

2179 4899 2343 4969 Ιίσμιειι
2359 4918 2580 4972 quoque
2600 4903 2741 4961 forte
2780 4906 3001 4963 fortuna
3032 4918 3357 4981 tempestate
3374 4916 3670 4985 compulsa:
3686 4920 3756 4974 ad

2180 5006 2307 5047 eum
2336 4993 2640 5051 redierunt.
2690 4997 2763 5054 Iis
2804 4999 2973 5069 igitur
3014 5005 3366 5071 convocatis,
3399 5006 3756 5076 imperatoria

2182 5093 2335 5140 veste
2384 5088 2589 5155 posita,
2645 5105 2772 5145 cum
2801 5092 2907 5147 alia
2946 5093 3105 5161 dixit,
3157 5103 3273 5150 tum
3311 5096 3496 5151 illud:
3551 5098 3606 5154 Si
3650 5117 3757 5156 una

2181 5186 2490 5240 manerent,
2531 5193 2588 5232 se
2632 5179 2806 5237 latere
2846 5199 2956 5237 non
2999 5200 3205 5253 posse:
3239 5186 3325 5240 sin
3366 5187 3759 5261 dispergeren-

2182 5277 2294 5335 tur,
2344 5270 2565 5327 facilius
2601 5273 2950 5344 eﬂ‘ugituros.
2990 5276 3123 5331 Inde
3161 5278 3287 5333 aliis
3327 5279 3437 5334 alio
3475 5281 3757 5352 digressis,

2182 5362 2376 5433 ipsein
2409 5364 2591 5418 Asiam
2624 5365 2862 5435 trajecit,
2889 5382 2958 5422 eo
2985 5369 3220 5423 consilio
3269 5379 3330 5424 ut
3355 5371 3423 5425 ad
3456 5374 3759 5430 Antonium

2181 5470 2242 5510 se
2277 5454 2576 5510 conferret.
2603 5454 2711 5510 Sed
2746 5472 2872 5511 cum
2904 5457 3066 5513 Lesbi
3094 5459 3405 5528 didicisset,
3434 5465 3588 5521 illum
3623 5481 3766 5523 cor:-

2184 5556 2268 5602 tra
2299 5547 2486 5603 Medos
2515 5550 2826 5618 profectum
2875 5567 3022 5616 esse,
3057 5551 3330 5610 Cmsarem
3356 5572 3490 5613 vero
3517 5565 3576 5613 et
3599 5557 3765 5630 Lepi-

2182 5636 2315 5693 dum
2357 5638 2504 5692 inter
2537 5654 2659 5695 sese
2714 5655 2961 5711 pugnare
2995 5657 3137 5712 :spe
3181 5655 3448 5715 concepta
3488 5648 3762 5719 principa-

2184 5738 2299 5785 tum
2333 5730 2558 5787 Antonii
2582 5733 2897 5801 obtinendi,
2929 5735 3180 5791 habitum
3220 5738 3638 5809 imperatorium
3674 5758 3767 5796 re-

2185 5821 2470 5893 sumpsit,
2511 5833 2569 5881 ct
2620 5825 2696 5881 ita
2744 5842 2803 5884 se
2842 5829 3057 5900 paravit
3085 5871 3101 5897 ,
3142 5830 3301 5902 quasi
3370 5840 3767 5889 transmarinas
