4024 6444
236 405 348 468 8ῗ9

1509 395 1832 460 JOANNIS
1870 395 2190 461 ZONARE

3390 395 3505 460 880

229 521 541 591 provincras
571 528 967 592 occupaturus.
1017 518 1138 586 Quo
1180 522 1381 573 conatu
1425 512 1700 568 Antonius
1728 525 1818 564 co-

1933 513 1983 566 r6
2019 510 2388 584 στρατηγικὸν
2415 511 2832 584 ἀποδυσάμενος
2854 510 2974 566 ἐνδυ
2984 528 3081 584 μα,
3112 509 3249 568 ἄλλα
3283 527 3343 564 τε
3368 506 3495 564 εἷπε

229 617 406 684 gnito,
457 630 584 669 cum
635 615 690 670 ei
733 623 788 670 et
838 614 1224 684 impunitatem
1266 619 1320 662 et
1370 605 1812 662 benevolentiam

230 723 385 761 suam
419 709 810 778 promisisset,
853 707 898 761 si
945 720 1094 759 arma
1131 710 1411 774 poneret:
1467 698 1664 753 annuit
1722 696 1813 749 ille

231 799 481 869 quidem,
525 800 620 854 sed
667 814 770 854 nec
806 815 870 852 ea
896 813 1018 867 quze
1058 795 1388 866 promiserat
1437 789 1715 860 praestitit,
1759 795 1815 840 et

233 893 400 946 rebus
434 892 695 962 gerendis
727 907 883 961 azque
921 901 980 945 ut
1025 892 1176 959 prius
1207 888 1488 948 intentus,
1526 898 1623 952 per
1644 881 1815 935 eadu-

233 992 480 1037 eeatores
526 980 859 1037 Parthorum
904 981 1202 1035 amicitiam
1263 977 1442 1048 petiit.
1499 973 1662 1044 519
1709 971 1814 1026 Sed

234 1088 360 1126 eum
399 1073 673 1129 Antonius
708 1073 780 1128 Μ.
813 1073 1021 1126 Titium
1066 1086 1192 1126 cum
1241 1070 1416 1125 classe
1451 1074 1646 1120 contra
1686 1079 1814 1118 eum

236 1163 496 1226 misisset,
533 1163 780 1229 territus,
825 1178 923 1232 per
959 1161 1166 1231 legatos
1206 1157 1274 1212 ab
1305 1155 1549 1212 Antonio
1597 1154 1814 1208 veniam

239 1256 442 1308 oravit.
494 1253 599 1320 Qui
644 1270 770 1308 cum
825 1268 1014 1323 pacem
1057 1251 1457 1313 detrectasset,
1491 1247 1599 1301 nisi
1645 1260 1816 1300 naves

239 1346 359 1414 ejus
410 1355 747 1412 eaeterasque
778 1343 965 1412 copias
1011 1339 1356 1409 accepisset:
1403 1334 1817 1408 impedimentis

238 1436 590 1503 gravioribus
645 1436 696 1488 in
750 1448 918 1488 naves
968 1431 1256 1502 conjectis,
1295 1437 1353 1482 et
1401 1427 1537 1498 ipsis
1582 1425 1819 1480 navibus

241 1526 522 1589 crematis,
579 1526 634 1579 in
687 1524 1092 1578 mediterranea
1145 1536 1205 1576 se
1249 1519 1505 1574 contulit.
1543 1516 1816 1573 Cancrum

241 1617 568 1672 Antonianis
615 1616 954 1687 persecutis,
991 1615 1148 1670 vivus
1179 1615 1233 1669 in
1259 1620 1592 1684 potestatem
1624 1626 1819 1665 eorum

241 1714 412 1770 venit.
461 1713 599 1766 Eum
631 1711 908 1766 Antonius
948 1710 1028 1764 ira
1061 1707 1305 1778 percitus
1348 1706 1534 1762 statim
1583 1720 1683 1774 per
1726 1704 1820 1758 lit-

245 1813 392 1857 teras
447 1801 649 1870 oecidi,
695 1810 821 1871 post
870 1804 1080 1853 mutata
1137 1795 1412 1850 sententia
1441 1835 1455 1859 ,
1500 1789 1821 1846 conservari

239 1896 425 1964 jussit.
467 1893 574 1950 Sed
607 1909 732 1948 eum
761 1891 902 1946 alter
925 1887 1245 1945 tabellarius
1275 1883 1449 1956 priori
1481 1891 1644 1937 antev
1658 1883 1821 1946 ertis-

242 1997 349 2052 set,
400 1986 447 2040 is
478 1986 572 2056 qui
605 2000 732 2040 eum
770 1988 1008 2053 ceperat,
1047 1979 1257 2033 litteras
1304 1976 1372 2030 de
1407 1989 1472 2029 eo
1513 1972 1818 2028 occidendo

235 2083 518 2151 posterius
559 2088 833 2148 acceptas,
877 2089 977 2132 seu
1015 2087 1145 2127 vere
1177 2069 1513 2142 posteriores
1557 2081 1679 2124 esse
1731 2082 1822 2122 ra-

244 2185 354 2239 tus,
411 2188 510 2228 seu
561 2169 810 2226 veritatis
852 2164 1162 2239 ignorantia
1223 2161 1523 2228 simulata,
1588 2159 1816 2216 Sextum

230 2267 568 2336 .Pompeium
593 2263 828 2320 necavit.

1915 608 2010 660 καὶ
2039 608 2121 660 ὅτι
2155 607 2346 677 ἀθρόοι
2371 607 2474 677 μὲν
2510 606 2662 671 δντες
2691 607 2751 662 οὐ
2796 605 3048 676 λήσουσιο
3106 604 3501 677 σκεδασθέντες

1915 700 1974 752 δὲ
2011 701 2128 770 ράῳ
2166 700 2490 768 ποιήσονται
2513 699 2615 768 τὴν
2643 698 2951 768 διάφευξιν.
2989 697 3301 752 Κάντεῦθεν
3325 695 3502 750 ἄλλων

1915 793 2108 846 ἄλλοσε
2137 791 2618 863 ἀποχωρησάντων
2657 792 2824 856 αὐτὸς
2849 793 2905 854 ἐς
2955 791 3056 862 τὴν
3125 789 3313 845 Ἀσίαν
3367 791 3498 842 ἐπε-

1921 883 2149 954 ραιώθη,
2173 883 2398 954 γνώμης
2421 882 2498 936 ὢν
2523 884 2764 955 ὁρμῆσαι
2799 884 2936 956 πρὸς
2953 883 3045 936 τὸν
3081 881 3388 936 Ἀντώνιον.
3409 881 3500 934 Ἐν

1916 975 2109 1042 Λέσϐῳ
2161 974 2220 1027 δὲ
2261 974 2448 1045 μαθὼν
2480 975 2690 1031 ἐκεῖνον
2734 975 2833 1046 μὲν
2861 979 2918 1040 ἐς
2961 976 3181 1046 Μήδους
3226 973 3499 1046 στρατεῦ-

1919 1055 2034 1130 σαι,
2061 1066 2267 1118 πεπολε
2277 1067 2494 1136 μῶσθαι
2518 1067 2577 1121 δέ
2603 1067 2696 1122 τὸν
2721 1067 2979 1138 Καίσαρα
3015 1067 3218 1120 καὶτὸν
3239 1065 3497 1129 Λέπιδον,

1919 1159 2014 1209 καὶ
2037 1158 2264 1222 ἐλπίσας
2294 1158 2392 1230 τὴν
2417 1157 2513 1212 τοῦ
2564 1159 2855 1212 Ἀντωνίου
2895 1158 3075 1231 ἀρχὴν
3123 1157 3499 1222 διαδέξασθαι,

1918 1250 1980 1303 τό
2009 1267 2067 1302 τε
2107 1251 2480 1321 στρατηγικὸν
2508 1250 2742 1306 ἀνέλαϐε
2775 1251 2982 1321 σχῆμα,
3009 1250 3106 1304 καὶ
3149 1251 3501 1322 παρεσκευά-

1920 1342 2043 1406 ζετο
2064 1342 2140 1404 ῶς
2170 1343 2267 1396 καὶ
2315 1342 2417 1414 τὴν
2451 1341 2691 1413 περαίαν
2723 1343 3196 1412 καταληψόμενςς.
3252 1341 3503 1395 Κάντεῦ-

1920 1432 2011 1486 θεν
2035 1433 2127 1485 τοῦ
2167 1433 2458 1486 Ἀντωνίου
2490 1433 2558 1488 τὰ
2594 1435 2948 1504 πραττόμενα
2981 1435 3072 1488 ὑπ’
3121 1435 3288 1489 αὑτοῦ
3347 1434 3507 1503 γνόν-

1918 1541 2032 1590 τος,
2059 1525 2246 1578 άδειάν
2274 1543 2333 1579 τε
2359 1527 2508 1597 αὺτῷ
2545 1529 2640 1580 καὶ
2673 1526 2917 1592 εὔνοιαν,
2942 1528 3009 1581 ἄν
3041 1526 3109 1581 τά
3141 1527 3283 1581 ὅπλα
3327 1527 3505 1581 κατά·

1922 1614 2109 1685 θηται,
2144 1617 2548 1687 ὑποσχομένου,
2581 1619 2881 1673 κατένευσε
2913 1621 3034 1689 μὲν,
3061 1620 3162 1673 οὐκ
3195 1620 3423 1689 ἐποίησε
3442 1619 3504 1671 δέ

1921 1722 1983 1774 γε
2016 1705 2090 1770 ὡς
2121 1708 2514 1776 ἐπηγγείλατο,
2542 1707 2678 1762 άλλά
2710 1712 2804 1764 καὶ
2867 1711 2974 1764 τῶν
3034 1711 3382 1782 πραγμάτων
3428 1709 3506 1773 ὡς

1924 1798 2119 1870 πρώην
2165 1800 2368 1870 εἴχετο,
2398 1801 2496 1854 καὶ
2525 1802 2664 1873 πρὸς
2693 1804 2820 1866 τοὺς
2857 1802 3107 1874 Πάρθους
3137 1801 3504 1873 διεκηρυκεύ-

1927 1907 2079 1944 σατοο
2112 1891 2287 1945 ταῦτα
2325 1891 2516 1962 μαθὼν
2551 1895 2579 1946 6
2622 1894 2929 1960 Ἀντώνιος,
2979 1895 3041 1949 τὸ
3071 1895 3327 1949 ναυτικὸν
3365 1894 3507 1964 μετὰ

1926 1980 2156 2052 Μάρκου
2184 1981 2370 2036 Τιτίου
2408 1983 2497 2037 ἐπ’
2525 1983 2689 2039 αὑτὸν
2713 1984 2953 2055 έπεμψε,
2998 1990 3094 2040 καὶ
3129 1985 3190 2050 δς
3245 1985 3509 2057 φοϐηθεὶς

1925 2073 2399 2145 διεπρεσϐεύσατο
2433 2077 2572 2144 πρὸς
2613 2076 2928 2132 Ἀντώνιον.
2971 2078 3056 2141 Ὤ,
3085 2077 3129 2132 δ’
3155 2079 3364 2143 ἐκεῖνος
3405 2078 3510 2130 οὐκ

1929 2165 2033 2237 ἐφη
2056 2167 2403 2234 σπείσασθαι,
2430 2170 2479 2222 εἰ
2500 2171 2576 2241 μὴ
2602 2171 2699 2235 τάς
2719 2187 2777 2223 τε
2805 2170 2936 2236 ναῦς
2961 2171 3056 2225 καλ⁸
3073 2172 3171 2242 τὴν
3188 2171 3380 2242 λοιπὴν
3408 2171 3509 2224 αὐ-

1926 2260 2021 2312 τοῦ
2053 2261 2434 2332 παραλήψοιτο
2471 2261 2728 2333 δύναμιν,
2755 2264 2822 2318 τά
2852 2263 3133 2335 βαρύτερα
3157 2264 3267 2317 τῶν
3295 2263 3510 2317 σκευῶν

244 2370 326 2431 εἰς
347 2370 446 2430 τάς
475 2364 609 2428 ναῦς
636 2360 893 2435 ἐμϐαλὼν
920 2359 1093 2424 αὑτάς
1131 2376 1190 2414 τε
1217 2359 1554 2423 κατέκαυσε,
1601 2355 1700 2411 καὶ
1741 2356 1822 2420 είς
1861 2355 1964 2427 τὴν
2002 2358 2293 2427 μεσόγειον
2356 2358 2609 2430 ὥρμησε,
2643 2359 2740 2412 καὶ
2801 2359 2852 2412 οἱ
2882 2358 2980 2412 τοῦ
3047 2359 3343 2414 Ἀντωνίου
3387 2362 3511 2412 ἐπι-

244 2459 538 2525 διώξαντες
565 2457 730 2512 αὐτὸν
763 2452 1066 2510 κατέλαϐον
1097 2453 1192 2505 καὶ
1255 2450 1603 2522 ἐζώγρησαν.
1671 2449 1738 2502 Ὃ
1797 2447 1986 2518 μαθὼν
2050 2451 2079 2502 6
2123 2448 2412 2514 Ἀντώνιος
2484 2451 2648 2515 εὐθὺς
2706 2451 2808 2522 μὲν
2861 2452 2953 2504 ὑπ’
3013 2451 3183 2522 ὀργῆς
3228 2447 3511 2504 ἐπέστειλε

247 2549 753 2622 κτανθῇναιαύτόν·
789 2547 1017 2618 ὕστερον
1045 2545 1103 2598 δέ
1163 2544 1566 2616 μεταμεληθεὶς
1614 2539 1825 2612 ἔγραψε
1902 2540 2144 2612 σωθῆναι
2183 2545 2368 2598 αὐτόν.
2434 2543 2540 2597 Τοῦ
2589 2540 2682 2597 οὗν
2721 2543 2975 2615 δευτέρου
3036 2545 3512 2617 γραμματοφόρου

246 2651 338 2704 τὸν
369 2649 586 2720 πρῶτον
617 2645 1059 2716 προςθάσαντος,
1099 2640 1329 2712 ὕστερον
1357 2640 1426 2693 τά
1449 2639 1582 2710 περὶ
1649 2636 1744 2691 τοῦ
1803 2636 1988 2693 θανεῖν
2022 2637 2081 2691 ’ὁ
2144 2641 2396 2709 κατέχων
2428 2638 2593 2693 αὑτὸν
2623 2641 3015 2709 κομισάμενος,
3047 2641 3142 2692 καὶ
3169 2641 3398 2708 νομίσας
3423 2642 3515 2694 δν-

247 2760 355 2807 τως
386 2741 616 2810 δεύτερα
649 2732 813 2802 εἶναι,
850 2736 886 2807 ἢ
948 2736 1173 2804 ἄγνοιαν
1204 2733 1302 2787 τοῦ
1335 2733 1489 2794 ὄντος
1550 2729 2016 2800 ὑποκρινάμενος,
2074 2730 2167 2785 τὸν
2243 2732 2444 2797 Σέξτον
2504 2731 2597 2786 τὸν
2657 2733 2944 2804 Πομπήῐον
2998 2731 3334 2786 ἐθανάτωσε.
3400 2733 3514 2786 Καὶ

247 2836 326 2908 τῷ
369 2836 467 2906 μὲν
494 2833 740 2887 τοιοῦτον
770 2832 832 2884 τὸ
857 2829 1011 2893 τέλος
1045 2829 1287 2898 ἐγένετο.

320 2927 506 2984 XXVI.
563 2926 640 2980 Eo
682 2923 832 2980 hunc
875 2923 1086 2977 exitum
1139 2919 1358 2988 sortito,
1405 2917 1680 2974 Antonius
1726 2933 1826 2988 per

249 3021 564 3080 Ventidium
605 3017 838 3074 Parthos
867 3015 1021 3070 vicit.
1049 3013 1186 3088 Nam
1215 3022 1272 3069 et
1298 3028 1396 3068 rex
1425 3027 1616 3067 eorum
1649 3012 1822 3067 Paco-

250 3129 346 3168 rus
374 3112 428 3166 in
460 3109 603 3166 bello
635 3105 834 3163 cecidit
860 3123 876 3172 ;
920 3113 977 3160 et
1009 3101 1258 3158 barbaris
1305 3099 1503 3170 partim
1552 3099 1608 3153 in
1638 3097 1826 3168 praelio

2005 2913 2152 2980 κεῖ.
2181 2910 2466 2976 Ἀντώνιος
2493 2912 2549 2966 δέ
2577 2912 2664 2967 διὰ
2689 2913 2784 2968 τοῦ
2808 2914 3082 2969 Βεντιδίου
3105 2916 3230 2980 τοὺς
3261 2918 3514 2990 Πάρθους

1931 3004 2212 3075 ἐνίκησεν.
2240 3004 2310 3057 'U
2339 3022 2396 3058 τε
2429 3006 2538 3076 γὰρ
2596 3005 2856 3076 βασιλεὺς
2912 3008 3139 3062 ἐκείνων
3185 3011 3214 3063 6
3261 3011 3513 3082 Πάκορος

1931 3099 1990 3152 ἐν
2025 3097 2103 3168 τῷ
2133 3098 2356 3168 πολέμῳ
2385 3098 2572 3163 ἔπεσε,
2607 3102 2701 3151 καὶ
2732 3099 2782 3152 οἱ
2807 3098 3074 3171 βάρϐαροι
3108 3101 3158 3154 οἱ
3188 3102 3286 3172 μὲν
3320 3103 3516 3156 ἐκτάν-

253 3205 429 3268 caesis,
460 3200 662 3273 partim
691 3198 912 3269 fugatis,
942 3195 1230 3252 Ventidius
1255 3193 1510 3265 Syriacas
1546 3191 1710 3246 urbes
1735 3205 1824 3244 re-

1933 3192 2106 3263 θησαν
2141 3192 2201 3244 ἐν
2229 3195 2296 3264 τῇ
2335 3191 2506 3263 μάχῃ,
2531 3192 2580 3244 οἱ
2615 3191 2671 3245 δὲ
2700 3191 2921 3263 ἔφυγον,
2949 3195 3042 3246 καὶ
3073 3194 3285 3264 τάς-τῆς
3309 3193 3515 3264 Συρίας

253 3299 420 3368 cepit.
462 3292 669 3349 Deinde
697 3289 974 3346 Antiocho
1014 3287 1356 3358 Comagenes
1392 3285 1506 3356 regi
1544 3299 1696 3338 arma
1747 3282 1834 3336 in-

255 3395 399 3450 tnlit.
427 3391 532 3448 Ubi
557 3386 829 3445 Antonius
873 3400 940 3440 ex
991 3381 1291 3452 improviso
1323 3396 1446 3435 eum
1479 3393 1546 3434 eo
1572 3390 1832 3448 congres-

254 3500 373 3548 sus.
399 3498 511 3538 non
538 3481 701 3536 modo
725 3477 1076 3534 successibus
1100 3475 1219 3546 ejus
1246 3473 1548 3542 gratulatus
1584 3486 1695 3525 non
1725 3476 1830 3534 est,

256 3576 353 3632 sed
380 3575 548 3630 etiam
590 3587 660 3626 ex
707 3569 911 3624 invidia
962 3567 1284 3638 magistratu
1317 3565 1368 3620 ei
1401 3563 1686 3634 abrogato,
1715 3561 1834 3630 ipse

258 3681 383 3720 eum
431 3660 703 3717 Antiocho
759 3671 1110 3728 congressus,
1142 3654 1424 3710 Samosata
1464 3664 1646 3721 regem
1683 3663 1836 3704 com-

252 3757 421 3828 pulit.
464 3755 570 3809 Sed
623 3767 748 3807 cum
803 3748 1095 3804 obsidione
1145 3745 1283 3801 nihil
1337 3743 1652 3816 proﬁceret,
1699 3753 1834 3810 pace

259 3851 424 3911 tacta,
475 3847 530 3899 in
574 3844 785 3900 Italiam
837 3852 922 3896 est
980 3839 1287 3910 profectus.
1317 3834 1527 3892 Orodes
1556 3847 1686 3888 vero
1710 3831 1836 3885 Par-

251 3943 483 3996 thorum
533 3953 635 3992 rex
683 3935 908 4006 grandis
941 3931 1236 3988 admodum
1296 3940 1452 3997 natu,
1510 3927 1581 3982 ob
1622 3927 1834 3981 luctum

242 4035 452 4090 .Pacori
505 4032 756 4088 abdicato
808 4027 1058 4098 imperio,
1106 4025 1327 4079 Phraati
1377 4037 1408 4078 e
1452 4020 1668 4076 exteris
1708 4017 1836 4073 ﬁliis

242 4137 392 4183 .natu
426 4125 664 4180 maximo
720 4137 950 4193 regnum
983 4119 1247 4174 tradidit:
1287 4117 1382 4187 qui
1426 4133 1522 4187 per
1555 4128 1834 4170 summum

261 4219 441 4275 scelus
473 4217 668 4271 fratres
716 4215 842 4270 dolo
893 4213 1135 4278 sustulit,
1192 4211 1482 4282 ipsumque
1527 4217 1736 4278 patrem
1767 4208 1838 4262 ob

236 4355 239 4357 .
263 4310 468 4365 exdem
503 4306 1145 4376 illorumindignantem,
1171 4313 1233 4358 et
1253 4318 1325 4357 ex
1348 4301 1562 4357 caeteris
1593 4301 1837 4370 optimos

251 4415 508 4471 “quosque
559 4397 874 4453 trucidavit.
924 4394 1210 4451 Antonius
1245 4393 1438 4463 legatis
1485 4392 1554 4445 ad
1605 4391 1838 4444 Parthos

260 4500 329 4550 de
365 4509 496 4564 pace
531 4494 733 4554 missis,
766 4491 986 4546 interim
1026 4489 1170 4544 bello
1199 4502 1260 4542 se
1295 4490 1527 4556 paravit,
1558 4494 1617 4539 ut
1649 4498 1744 4538 eos
1767 4483 1838 4538 ob

1933 3284 2121 3348 πόλεις
2151 3286 2178 3338 6
2209 3284 2473 3349 Βεντίδιος
2500 3285 2840 3354 ὑπηγάγετο.
2875 3282 3010 3338 Εἶτα
3055 3286 3200 3340 κατὰ
3246 3285 3341 3339 τοῦ
3397 3287 3516 3339 Ἀν-

1932 3377 2115 3446 τιόχου
2141 3377 2234 3430 τοῦ
2265 3379 2365 3448 τῆς
2414 3378 2756 3449 Κομαγηνῆς
2802 3377 3190 3448 βασιλεύοντος
3240 3381 3512 3448 ἐπεστράο

1931 3486 2148 3526 τευσεν.
2185 3471 2454 3526 Ἐνταῦθα
2492 3473 2550 3526 δέ
2581 3473 2697 3526 δντι
2748 3472 2948 3544 ἀθρόον
2979 3474 3008 3527 6
3073 3473 3360 3537 Ἀντώνιος
3392 3475 3519 3526 ἐπι·

1935 3564 2067 3626 στὰς
2106 3563 2165 3616 ού
2202 3563 2364 3634 μόνον
2393 3566 2486 3617 ἐπὶ
2543 3566 2660 3628 τοῖς
2703 3564 3126 3637 κατορθώμασιν
3189 3567 3288 3636 οὐχ
3345 3566 3516 3637 ἥσθη,

1932 3658 2189 3712 ἀλλὰκαὶ
2221 3658 2492 3730 ἐφθόνησε
2531 3660 2629 3713 καὶ
2660 3662 2761 3730 τῆς
2804 3661 2981 3730 ἀρχῆς
3037 3659 3200 3713 αὑτὸν
3251 3661 3514 3713 ἔπαυσεν.

1932 3751 2106 3814 Αὐτὸς
2131 3750 2188 3835 δὲ
2209 3751 2288 3821 τῷ
2339 3751 2599 3824 Ἀντιόχῳ
2650 3753 2982 3824 προσέϐαλε,
3020 3755 3117 3807 καὶ
3157 3753 3518 3806 κατέκλεισεν

1935 3843 2104 3896 αὐτὸν
2128 3843 2208 3906 είς
2243 3843 2564 3913 Σαμόσατα.
2610 3844 2700 3909 Ὠς
2729 3845 2776 3898 δ’
2824 3845 2979 3899 οὐδὲν
3031 3845 3162 3916 ῆνυε
3209 3845 3517 3915 πολιορκῶν

1936 3935 2124 4002 αὐτὸν,
2201 3936 2479 4006 συνθήκας
2530 3938 2778 3992 σπονδῶν
2828 3941 3126 4011 ἐποιήσατο
3180 3939 3368 4001 καὶείς
3416 3939 3518 4007 τὴν

1948 4029 2186 4083 Ἰταλίαν
2219 4028 2582 4101 ἀφώρμησεν.
2662 4029 2904 4101 ὐρώδης
2958 4031 3144 4100 μέντοι
3197 4032 3226 4084 6
3280 4029 3516 4099 Πάρθων

1938 4121 2193 4191 βασιλεὺς
2220 4122 2552 4194 ὑπέργηρως
2582 4120 2826 4191 γεγονὼς
2849 4123 2946 4177 καὶ
2989 4122 3068 4195 τῷ
3115 4123 3210 4178 τοῦ
3265 4125 3518 4196 Πακόρου

1939 4213 2126 4268 πένθει
2181 4215 2280 4287 τὴν
2343 4215 2624 4287 βασιλείαν
2683 4215 3097 4286 ἀπαγορεύσας,
3163 4219 3386 4290 Φραάτῃ
3437 4219 3520 4288 τῷ

1937 4307 2304 4379 πρεσϐυτέρῳ
2331 4307 2438 4360 τῶν
2464 4306 2670 4360 λοιπῶν
2695 4306 2865 4360 αὐτοῦ
2919 4308 3127 4363 παίδων
3187 4310 3288 4380 τὴν
3337 4310 3518 4382 ἀρχὴν

1938 4399 2288 4471 ἐνεχείρισεν.
2309 4401 2366 4454 '0
2397 4399 2476 4466 δέ,
2507 4401 2872 4465 ἀνοσιώτατος
2907 4401 3170 4469 γεγονὼς,
3193 4403 3320 4467 τοὺς
3361 4403 3521 4456 ἁδελ-

1941 4493 2075 4562 φοὺς
2111 4491 2280 4546 αὑτοῦ
2311 4491 2688 4562 ἐδολοφόνησε,
2713 4494 2808 4547 καὶ
2833 4492 2998 4547 αὑτὸν
3019 4493 3112 4548 τὸν
3157 4496 3374 4564 πατέρα
3391 4495 3522 4549 δυσ-

259 4603 412 4658 spem
463 4586 853 4663 transai-tionis
907 4583 1207 4651 imparatos
1253 4578 1662 4650 aggrederetur.
1726 4574 1830 4629 Sed

1941 4583 2342 4654 ανασχετοῦντα
2399 4585 2467 4639 δι’
2526 4585 2772 4650 ἐκείνους
2820 4584 3134 4652 ἀπέκτεινε,
3169 4586 3396 4640 καὶτῶν
3421 4587 3521 4643 άλ-

260 4699 384 4737 eum
414 4670 629 4736 Medum
661 4681 866 4734 auxilio
891 4679 1079 4734 venire
1109 4675 1309 4730 Partho
1337 4673 1640 4733 didicisset,
1669 4669 1838 4737 impe-

260 4775 524 4828 dimentis
546 4783 601 4827 et
635 4787 830 4840 magna
861 4770 1134 4824 exercitus
1184 4775 1338 4836 parte
1371 4765 1646 4820 Stratiano
1711 4759 1839 4815 reli-

260 4868 382 4928 ctis,
418 4875 478 4918 ut
500 4875 823 4933 sequeretur
853 4878 864 4914 :
900 4861 1014 4929 ipse
1040 4855 1467 4926 cumequitibus
1496 4862 1552 4908 et
1581 4853 1838 4924 expedito

264 4958 508 5028 peditatu
566 4953 901 5024 properavit,
953 4953 1111 5022 quasi
1165 4948 1350 5002 Medos
1399 4948 1583 5001 statim
1612 4959 1838 5014 supera-

261 5060 422 5104 turus
473 5057 642 5101 esset.
676 5045 947 5100 Caeterum
1003 5041 1236 5096 Parthus
1292 5048 1348 5095 et
1386 5040 1574 5094 Medus
1605 5038 1838 5093 Stratia-

263 5157 395 5196 num
426 5141 608 5195 Subito
638 5140 997 5200 adoru,-cum
1031 5134 1182 5189 omni
1212 5115 1460 5187 exercitu
1496 5131 1835 5185 ceciderunt.

261 5235 396 5290 Nam
453 5232 724 5287 Antonius
772 5227 1050 5298 suppetias
1094 5226 1175 5280 eis
1203 5225 1416 5279 laturus
1453 5223 1631 5277 serius
1669 5223 1836 5287 venit,

263 5340 440 5395 neque
463 5306 762 5394 quidquam
793 5330 989 5391 praeter
1020 5317 1287 5373 cadavera
1321 5331 1545 5370 suorum
1583 5312 1795 5368 invenit
1821 5325 1836 5364 :

265 5435 367 5473 nec
397 5419 570 5472 multo
611 5425 732 5486 post
767 5416 1028 5469 barbaros
1068 5411 1400 5482 proﬂigavit,
1434 5408 1528 5463 Sed
1563 5423 1672 5461 non
1701 5405 1840 5458 mul-

267 5519 382 5565 tum
415 5511 497 5565 eis
539 5510 754 5564 nocuit.
806 5508 1054 5577 Dumque
1116 5504 1321 5575 regiam
1357 5502 1519 5572 520
1555 5499 1838 5556 Medorum
1891 5510 1896 5515 ‘

267 5603 505 5667 obsidet,
558 5602 728 5671 magis
777 5601 894 5670 ipse
946 5598 1255 5661 obsidetur,
1309 5601 1556 5650 exercitu
1610 5593 1842 5664 penuria

267 5700 605 5746 commeatus
643 5693 967 5745 laborante:
1025 5706 1188 5760 quem
1242 5688 1371 5741 dum
1425 5703 1492 5740 ex
1524 5686 1668 5756 agris
1691 5696 1844 5756 pete-

265 5792 433 5840 ret,.a
473 5781 689 5834 Parthis
715 5796 781 5834 ex
816 5780 1033 5836 insidiis
1061 5781 1486 5850 erumpentibus
1522 5781 1662 5834 male
1697 5780 1846 5833 acci-

265 5871 544 5936 piebatur.
580 5871 694 5925 [loc
723 5871 946 5928 Antonii
975 5881 1120 5928 statu
1170 5874 1408 5931 Parthus
1437 5889 1536 5944 per
1567 5874 1840 5931 suborna-

1945 4677 2051 4730 λων
2080 4679 2207 4741 τοὺς
2234 4677 2492 4748 ἀρίστους
2514 4677 2844 4748 διέφθειρεν.
2864 4675 3152 4743 Ἀντώνιος
3179 4679 3235 4732 δέ
3260 4680 3521 4750 πρέσϐεις

1944 4769 2045 4837 μὲν
2077 4768 2216 4839 πρὸς
2243 4770 2368 4832 τοὺς
2404 4769 2656 4841 Πάρθους
2710 4769 2842 4840 περὶ
2896 4770 3125 4840 εἰρήνης
3165 4771 3519 4840 ἐκπέπομφε,

1943 4860 2079 4930 πρὸς
2111 4860 2168 4912 δέ
2194 4861 2288 4913 τὸν
2319 4862 2557 4931 πόλεμον
2589 4861 2940 4932 ἡτοιμάζετο,
2989 4863 3079 4916 ἵνα
3108 4863 3522 4934 ἀπαρασκεύοις

1942 4951 2128 5014 αύτοῖς
2159 4951 2360 5023 ἐντύχῃ
2386 4953 2474 5008 διὰ
2494 4953 2592 5023 τὴν
2622 4952 2816 5006 ἐλπίδα
2845 4954 2946 5024 τῆς
2997 4954 3345 5024 συμϐάσεως.
3409 4957 3522 5009 Καὶ

1944 5045 2135 5115 μαθὼν
2165 5045 2258 5099 τδν
2282 5047 2466 5115 Μῆδον
2489 5048 2583 5100 ἐπὶ
2614 5049 2946 5118 συμμαχίαν
2998 5046 3094 5102 τοῦ
3135 5047 3353 5117 Πάρθου
3411 5065 3523 5118 χω-

1945 5136 2210 5206 ρήσαντα,
2251 5137 2322 5190 τά
2359 5139 2458 5207 μέν
2489 5141 2799 5210 σκευοφόρα
2827 5138 2924 5192 καὶ
2949 5137 3084 5192 πολὺ
3132 5138 3232 5207 τῆς
3259 5139 3522 5206 στρατιᾶς

1941 5229 2272 5284 ὑπελείπετο
2308 5233 2447 5301 μετά
2481 5231 2576 5286 τοῦ
2609 5232 2947 5304 Στρατιανοῦ
2979 5231 3047 5285 ἵν’
3080 5231 3329 5285 ἕποιντο·
3359 5231 3522 5294 αὐτὸς

1940 5323 1997 5375 δὲ
2028 5324 2125 5376 σὺν
2149 5327 2264 5386 τοῖς
2298 5322 2525 5376 ἱππεῦσι
2574 5325 2667 5380 καὶ
2697 5324 2805 5378 τῶν
2859 5325 3041 5389 πεζῶν
3088 5325 3202 5387 τοῖς
3261 5323 3523 5388 εὐζώνοις

1943 5415 2208 5484 ἠπείγετο
2247 5415 2323 5478 ὼς
2362 5415 2565 5469 αὐτίκα
2598 5417 2669 5469 τὰ
2726 5414 2836 5469 τῶν
2892 5414 3093 5485 Μήδων
3146 5413 3526 5482 καταστρεψό-

1946 5523 2130 5575 μενος.
2177 5505 2237 5558 '0
2272 5507 2460 5575 μέντοι
2499 5507 2713 5578 Πάρθος
2744 5506 2839 5559 καὶ
2896 5507 2925 5558 6
2976 5505 3160 5575 Μῆδος
3208 5505 3287 5574 τῷ
3347 5505 3520 5575 Στρα-

1943 5597 2116 5669 τιανῷ
2148 5600 2578 5670 ἀπροσδοκήτως
2611 5600 2968 5663 ἐπιπεσόντες
3005 5599 3100 5654 καὶ
3150 5601 3216 5671 τῇ
3259 5598 3377 5669 μετ’
3423 5598 3523 5651 αύ-

1942 5691 2037 5744 τοῦ
2099 5694 2350 5763 στρατιᾷ,
2416 5695 2626 5756 πάντας
2681 5695 3004 5762 ἐφόνευσαν,
3068 5691 3164 5746 τοῦ
3231 5690 3520 5745 Ἀντωνίου

1947 5783 2286 5847 σπεύσαντος
2317 5784 2416 5853 μὲν
2455 5782 2722 5854 βοηθῆσαι
2761 5784 2972 5848 αὐτοῖς,
3008 5782 3148 5853 πλὴν
3195 5781 3521 5851 ύστερίσαν-

1947 5879 2179 5944 τος,-κα³ν
2223 5877 2420 5949 μόνους
2478 5877 2606 5942 τοὺς
2666 5877 2895 5949 νεκροὺς
2937 5875 3256 5948 εὑρηκότος.
3308 5876 3402 5938 ⁸ος
3455 5874 3520 5926 οὐ
