4024 6402
437 416 540 481 8ἳί
1699 409 2040 471 ANNALIU

2149 408 2215 469 ιι
2230 408 2291 468 Β.
2335 407 2407 466 Χ.
2952 406 2957 411 “
3594 385 3705 451 882

443 529 628 602 πολλῷ
664 525 895 600 ὕστερον
926 523 1225 596 συμϐαλὼν
1256 527 1371 590 τοῖς
1409 524 1730 598 βαρϐάροις,
1754 524 2024 596 ἐτρέψατο

2152 538 2214 577 os
2242 520 2509 591 quosdam
2556 518 2607 574 ei
2660 513 2960 587 persuasit,
3015 520 3071 567 ut
3119 496 3307 582 pacem
3342 514 3596 580 peteret:
3638 521 3707 560 ac

450 626 550 693 μὲν
570 622 792 684 αὐτοὺς,
819 619 880 673 ού
914 619 1098 689 μέντοι
1130 616 1274 689 μέγα
1303 635 1357 671 τι
1384 617 1605 688 ἔϐλαψε.
1632 615 1946 686 Πολιορκῶν
1968 615 2025 669 δὲ

2149 615 2320 685 cgatis
2346 620 2470 685 post
2493 611 2665 666 multa
2697 607 3000 680 opprobria
3032 604 3313 673 respondit
3362 618 3420 658 sc
3442 602 3547 656 alia
3572 613 3707 655 con—

440 716 510 768 τὰ
539 711 633 768 τοῦ
673 711 862 783 Μήδου
893 709 1166 781 βασίλεια,
1199 710 1579 781 ἐπολιορκεῖτο
1620 707 1827 780 μᾶλλον
1859 707 2026 771 αὐτὸς

445 803 810 860 ἐπιλιπόντων
863 805 929 875 τῇ
982 803 1151 858 αὐτοῦ
1218 803 1452 873 στρατιᾷ
1506 801 1617 856 τῶν
1674 800 2024 870 ἐπιτηδείων,

446 898 541 951 καὶ
574 894 668 949 ἐπὶ
706 892 1033 964 συναγωγὴν
1070 892 1253 948 αὐτῶν
1283 892 1558 960 ’ἐξιόντων
1607 889 1818 959 σφόδρα
1873 885 2029 956 παρά

446 987 556 1040 τῶν
607 984 902 1057 βαρϐάρων
948 983 1337 1055 καμουμένων,
1380 979 1775 1052 ἐνεδρευόντων
1821 978 2026 1039 αὐτοῖς.

463 1078 551 1133 Ἑν
574 1081 790 1142 τούτοις
820 1078 976 1142 ὄντος
1001 1076 1098 1132 τοῦ
1145 1075 1433 1130 Ἀντωνίου
1468 1076 1498 1129 ό
1521 1074 1802 1145 Φραάτης,
1822 1071 2031 1126 ὑποϐα-

449 1171 559 1227 λών
579 1188 756 1237 τινας,
782 1170 972 1224 ἔπεισε
993 1170 1062 1224 δι’
1090 1170 1319 1224 ἐκείνων
1375 1166 1543 1222 αὐτὸν
1574 1162 2026 1236 ἐπικηρυκεύσα-

453 1265 578 1319 σθαι
607 1262 937 1335 συμϐάσεων
969 1262 1178 1317 ἕνεκεν·
1218 1263 1314 1316 καὶ
1356 1261 1386 1313 ό
1413 1261 1627 1333 Πάρθος
1681 1260 1813 1315 τοὺς
1883 1275 2030 1326 πεμ-

455 1359 691 1427 φθὲντας
710 1356 1042 1426 ὲξονειδίσας
1066 1355 1259 1420 πολλὰ,
1292 1354 1370 1426 μὴ
1400 1353 1577 1417 ἄλλως
1596 1350 1929 1407 σπείσασθαι
1954 1346 2033 1403 εῖ-

455 1468 556 1504 πεν
587 1451 746 1521 είμὴ
803 1448 1008 1505 αὐτίκα
1068 1446 1784 1521 ἀποστρατοπεδεύσωνται.
1847 1444 1959 1500 Kal.
2006 1444 2035 1498 ό

465 1540 755 1604 Ἀντώνιος
780 1537 1088 1609 ἀπανέστη.
1121 1537 1571 1611 Προσδεχομένου
1624 1535 1670 1589 δ’
1716 1534 1884 1588 αὐτοῦ
1932 1535 2034 1598 τάς

457 1632 714 1699 σπονδὰς,
747 1633 799 1687 οἱ
833 1630 1010 1703 Μῆδοι
1049 1631 1152 1696 τάς
1184 1648 1246 1685 τε
1274 1628 1706 1701 πολιορκητικὰς
1758 1625 2035 1682 κατέκαυ-

458 1741 560 1778 σαν
595 1724 866 1796 μηχανὰς,
900 1724 997 1779 καὶ
1024 1724 1095 1779 τά
1115 1722 1352 1796 χώματα
1381 1721 1761 1777 διεσκέδασαν.
1793 1721 1855 1775 οι
1885 1719 1942 1773 δέ
1971 1734 2037 1789 γε

459 1816 670 1888 Πάρθοι
701 1816 872 1872 πολλά
898 1818 993 1870 καὶ
1024 1814 1177 1871 δεινά
1200 1815 1468 1886 αίφνίδιον
1497 1813 1902 1887 προσπεσόντες
1921 1813 2038 1883 είρ-

458 1870 722 1978 γάέαντο.
767 1909 857 1974 Ὠς
886 1907 981 1964 οὖν
1011 1907 1157 1980 ἔγνω
1189 1870 1287 1963 ὅτι⁸
1317 1870 1624 1978 ὴπάτηται,
1655 1909 1714 1972 ἔς
1742 1907 1843 1978 τήν
1881 1870 2037 1977 ’Ἃρ-
2068 1870 2115 1931 Β

2126 705 2339 762 ditione
2389 718 2581 775 pacem
2629 699 2763 757 non‘
2798 700 3096 763 facturum,
3151 696 3258 752 nisi
3294 694 3476 749 statim
3524 700 3706 747 castra

2128 806 2440 852 moverent.
2477 794 2720 851 Antonio
2754 793 3025 864 digresso,
3073 798 3130 845 et
3161 789 3309 860 pacis
3357 786 3708 843 conditiones

2126 896 2503 959 exspectante,
2539 884 2979 941 obsidionalibus
3036 880 3307 937 machinis
3355 877 3612 933 crematis
3653 882 3712 929 et

2128 979 2422 1054 aggeribus
2459 979 2705 1051 disjectis
2735 993 2764 1032 a
2800 977 2993 1041 Medis,
3035 972 3224 1030 Parthi
3280 970 3566 1040 repentina
3604 969 3712 1022 im-

2129 1073 2416 1146 pressione
2460 1071 2602 1128 facta
2645 1071 2923 1126 Romanos
2955 1066 3198 1138 graviter
3236 1062 3569 1118 afﬂixerunt.
3602 1056 3714 1112 An-

2131 1166 2321 1222 tonius
2355 1163 2523 1236 igitur
2564 1178 2624 1218 se
2670 1162 2963 1230 deceptum
3002 1172 3125 1213 esse
3179 1155 3394 1216 videns,
3441 1151 3495 1205 in
3525 1151 3717 1204 Arme-

2133 1258 2282 1314 niam
2314 1256 2466 1312 abire
2498 1255 2734 1311 statuit:
2770 1262 2825 1307 et
2850 1267 2950 1322 per
2980 1250 3099 1305 loca
3131 1248 3314 1319 ignota
3348 1245 3456 1300 iter
3484 1243 3716 1303 faciens.

2135 1351 2190 1406 iu
2220 1355 2398 1406 tantas
2428 1346 2777 1402 difﬁcultates
2803 1343 3018 1403 incidit.
3057 1349 3117 1395 ut
3149 1339 3428 1394 exercitus
3474 1336 3594 1404 ejus
3633 1332 3722 1386 in-

2137 1440 2454 1500 ternecione
2506 1438 2721 1494 deletus
2769 1443 2914 1490 esset
2972 1434 3024 1487 in
3058 1431 3290 1486 insidias
3321 1426 3719 1498 prtccipitatus,

2136 1533 2230 1591 ubi
2262 1532 2473 1589 crebris
2496 1529 2708 1601 sagittis
2734 1526 3092 1588 obruebatur,
3136 1523 3240 1578 nisi
3269 1517 3580 1591 conglobati
3635 1523 3722 1570 te-

2137 1626 2417 1683 studinem
2470 1623 2750 1678 fecissent.
2780 1621 2855 1674 Ea
2888 1618 2947 1672 fit
2974 1622 3079 1672 hoc
3113 1613 3298 1669 modo.
3332 1609 3725 1680 Impedimenta

2139 1725 2198 1774 et
2225 1715 2420 1770 velites
2451 1713 2504 1767 in
2538 1711 2781 1766 medium
2804 1724 2996 1780 agmen
3026 1704 3457 1775 compelluntur.
3489 1694 3724 1759 Armati,

2140 1809 2238 1883 qui
2269 1809 2538 1878 oblongos
2578 1813 2635 1860 et
2682 1817 2847 1859 cavos
2900 1802 3126 1871 clypeos
3149 1803 3367 1869 gerunt,
3395 1793 3451 1847 in
3482 1800 3727 1846 extrema

2142 1901 2262 1958 acie
2293 1896 2570 1959 collocati.
2618 1906 2677 1952 et
2725 1894 2870 1950 hosti
2919 1890 3134 1947 obversi
3190 1886 3361 1942 armis
3389 1888 3728 1940 ca>terostc—

465 1972 657 2068 μενίαν
689 1972 952 2053 ἀπελθεῖν
981 1972 1594 2072 ἔπεχείρησείΚαὶ-διά
1621 1972 1839 2069 χωρίων
1862 1972 2043 2051 ἀπιών

2149 2003 2300 2067 gunt.
2363 1992 2466 2060 Qui
2522 2004 2655 2045 vero
2705 1987 2834 2043 latis
2888 1983 3095 2058 clypeis
3134 1989 3388 2043 utuntur,
3445 1977 3501 2031 in
3543 1972 3731 2029 medio

461 2067 783 2161 ἀγνώστων,
811 2093 1039 2157 πολλαῖς
1068 2067 1414 2165 δυσχερείαις
1470 2067 1712 2162 ἐνέτυχε.
1773 2089 1886 2145 Καὶ
1936 2091 2043 2145 κάν

2149 2088 2478 2161 conglobati.
2513 2101 2613 2142 eos
2660 2098 2828 2154 supra
2855 2080 3185 2148 semetipsos
3226 2086 3279 2130 et
3312 2081 3542 2130 caeteros
3566 2067 3734 2125 susti-

463 2186 748 2240 ἀπώλοντο
775 2185 827 2241 oi
861 2187 980 2257 μετ’
1014 2185 1183 2240 αὐτοῦ
1214 2185 1557 2255 ξύμπαντες,
1578 2186 1659 2248 είς
1690 2184 1913 2259 ἐνέδραν
1940 2183 2045 2253 ὲμο

2149 2189 2303 2246 nent,
2335 2188 2395 2234 ut
2427 2178 2481 2234 in
2512 2186 2622 2233 tota
2651 2174 2922 2248 phalange
2955 2169 3094 2226 nihil
3133 2176 3334 2240 praeter
3360 2165 3580 2236 clypeos
3607 2175 3731 2214 cer-

464 2281 754 2342 πεσόντες,
784 2253 881 2333 κοιλ⁸
908 2279 1136 2341 πυκνοῖς
1169 2253 1491 2349 βαλλόμενοι
1525 2278 1643 2339 τοῖς
1683 2253 2042 2345 τοξεύμασιν,

2149 2282 2336 2336 natur,
2382 2282 2440 2328 et
2472 2284 2666 2326 omnes
2713 2278 2944 2339 propter
2973 2263 3110 2321 aciei
3167 2261 3497 2317 densitatem
3549 2271 3579 2309 a
3607 2253 3737 2310 tclis

466 2373 515 2425 εί
550 2370 627 2441 μὴ
651 2370 752 2443 τὴν
785 2370 1030 2442 χελώνην
1070 2370 1339 2441 ἐποίησαν
1379 2368 1842 2434 συνασπίσαντες.
1887 2367 1954 2421 Ἦ
1987 2366 2047 2421 δὲ

2149 2365 2558 2429 defendamur;
2596 2378 2718 2433 qua:
2768 2360 2993 2431 quidem
3044 2357 3119 2412 ita
3172 2354 3508 2410 condensata
3538 2357 3644 2408 est.
3675 2355 3737 2400 ut

468 2436 683 2533 χελώνη
708 2436 927 2531 γίνεται
961 2459 1159 2524 οὕτως’
1216 2436 1288 2515 τὰ
1346 2459 1448 2530 μὲν
1486 2459 1797 2528 σκευοφόρα
1848 2459 1945 2512 καὶ
1997 2458 2049 2511 οἱ

2150 2471 2318 2527 super
2341 2471 2407 2510 ea
2456 2452 2668 2524 ingredi
2725 2450 2925 2522 possis.
2988 2447 3152 2502 Acies
3202 2444 3374 2515 igitur
3404 2450 3459 2495 ct
3486 2438 3558 2493 ob
3593 2436 3739 2491 hanc
3822 2438 3827 2443 '

466 2553 618 2623 ψιλοὶ
650 2556 708 2607 ἔν
751 2553 904 2626 μέσῳ
949 2551 1046 2606 τοῦ
1082 2550 1499 2624 στρατεύματος
1529 2551 1814 2613 τέτακται,
1849 2549 1959 2603 τῶν
2001 2547 2046 2602 δ’

466 2645 705 2700 ὁπλιτῶν
724 2648 774 2702 οί
802 2645 903 2718 μὲν
931 2648 1054 2710 ταῖς
1083 2644 1434 2717 προμήκεσιν
1457 2639 1652 2699 ἀσπίσι
1682 2644 1803 2707 ταῖς
1837 2641 2050 2705 κοίλαις

2150 2548 2404 2612 formam,
2453 2556 2509 2602 et
2557 2544 2628 2601 ob
2663 2542 2855 2606 robur,
2885 2551 2941 2598 et
2996 2539 3067 2595 ob
3101 2534 3522 2607 protectionetu,
3563 2538 3737 2585 testu—

2151 2640 2298 2696 dinis
2322 2655 2523 2695 nomen
2559 2636 2791 2707 accepit.
2828 2635 3018 2703 anue
3045 2629 3296 2685 bifariam
3331 2633 3584 2688 utuntur,
3613 2620 3735 2675 sivo

470 2737 746 2808 χρώμενοι
767 2712 899 2811 περὶ
928 2736 997 2792 τά
1017 2712 1223 2808 ἔσχατα
1249 2712 1542 2791 τάσσονται
1568 2734 1667 2789 καὶ
1697 2735 1826 2798 τοὺς
1852 2732 2049 2798 ἄλλους

2153 2731 2376 2786 castella
2402 2738 2459 2786 et
2480 2729 2679 2785 muenia
2702 2722 3095 2798 oppugnaturi,
3120 2722 3236 2777 sive
3254 2735 3285 2774 a
3310 2714 3608 2788 sagittariis
3631 2712 3742 2768 cir-

566 2801 709 2886 ὅπλα
767 2801 1230 2902 περιϐεϐλημένοι
1259 2828 1364 2895 ἔξω
1412 2846 1474 2883 τε
1523 2829 1814 2900 βλέποντες
1867 2830 2051 2900 περιέ-

2153 2821 2455 2880 cumventi.
2487 2821 2553 2876 Et
2589 2817 2883 2889 aliquando
2914 2816 2983 2870 ita
3017 2829 3077 2869 se
3122 2812 3413 2873 inclinant,
3445 2815 3502 2861 ut
3525 2801 3739 2874 fatigati

471 2940 661 2993 χουσιν
689 2939 705 2956 ο
733 2923 782 2978 οί
807 2923 864 2978 δὲ
893 2921 994 2988 τάς
1025 2923 1288 2987 πλατείας
1335 2922 1572 2986 ἀσπίδας
1603 2920 1863 2992 φέροντες
1895 2921 1953 2975 ἐν
1974 2919 2051 2990 τῷ

2154 2933 2276 2975 esse
2304 2917 2638 2972 videantur:
2687 2911 2782 2968 scd
2811 2910 3025 2965 hostem
3060 2905 3616 2977 appropinquantem,
3643 2912 3739 2952 su-
3848 2942 3851 2947 λ

477 3014 628 3085 μέσῳ
660 3013 1093 3086 συσπειρῶνται,
1116 3013 1383 3078 κάκείνας
1417 3012 1533 3069 ἄνω
1565 3012 1781 3067 ἑαυτῶν
1833 3030 1894 3067 τε
1961 3013 2051 3067 καὶ

2156 3013 2275 3069 bito
2303 3008 2649 3080 exsurgondo
2671 3004 2981 3078 perccllnnt
3001 3011 3055 3059 et
3084 3000 3328 3055 turbant.
3355 2997 3413 3053 ld
3449 2992 3594 3065 quod
3623 3001 3739 3046 tum

472 3083 586 3156 τῶν
601 3083 817 3157 λοιπῶν
836 3083 1251 3176 ὑπεραίρουσιν,
1279 3101 1420 3156 ὥστε
1441 3102 1608 3176 μηδὲν
1621 3102 1809 3175 ἔτερον
1832 3103 1866 3176 ἦ
1892 3103 2051 3159 ἀσπί-

2158 3121 2382 3178 quoque
2430 3102 2651 3159 accidit.
2681 3100 2815 3156 Cum
2846 3097 3018 3155 enim.
3065 3105 3123 3148 ut
3155 3092 3363 3148 dictum
3391 3096 3495 3150 est,
3530 3083 3744 3141 crebris

472 3194 571 3259 δας
600 3194 834 3267 δρᾶσθαι
866 3196 957 3252 διὰ
979 3197 1166 3267 πάσης
1194 3196 1300 3267 τῆς
1333 3196 1640 3266 φάλαγγος,
1664 3197 1761 3250 καὶ
1787 3197 1846 3249 ὲν
1875 3197 2051 3271 σκέπῃ

2159 3200 2374 3271 sagittis
2433 3197 2754 3260 ferirentur,
2803 3188 3136 3248 testudinem
3186 3185 3461 3241 fet-erunt.
3515 3178 3746 3234 sinistro

477 3288 541 3340 ὲκ
563 3286 676 3341 τῶν
708 3286 880 3358 βελῶν
903 3286 1114 3352 πάντας
1140 3283 1283 3345 εἶναι
1313 3288 1512 3351 αὐτοὺς
1534 3290 1602 3343 ἔκ
1633 3288 1736 3359 τῆς
1781 3289 2058 3362 πυκνότη-

476 3396 571 3443 τος
598 3380 698 3452 τῆς
726 3381 1057 3448 συντάξεως.
1097 3383 1257 3438 Οὕτω
1291 3383 1401 3455 γάρ
1433 3400 1517 3438 τοι
1567 3384 1951 3447 πεπύκνωται,
1985 3385 2063 3450 ὼς

479 3471 578 3526 καὶ
607 3472 852 3544 βαδίζειν
880 3474 1035 3539 τινὰς
1073 3476 1259 3532 ἐπάνω
1294 3475 1467 3544 αὐτῆς
1504 3474 1792 3530 δύνασθαι.
1825 3477 1900 3529 Τὸ
1961 3477 2063 3547 μὲν

477 3563 574 3622 οὖν
609 3568 800 3641 σχῆμα
826 3567 928 3641 τῆς
953 3568 1165 3636 τάξεως
1192 3569 1402 3642 ταύτης
1427 3569 1670 3624 τοιοῦτόν
1696 3570 1835 3637 ἐστι,
1860 3570 1956 3626 καὶ
1975 3569 2065 3625 διά

482 3658 644 3714 τοῦτο
679 3660 774 3716 καὶ
806 3661 909 3734 τὴν
960 3660 1209 3735 χελώνην
1274 3662 1438 3734 ἔλαχε
1489 3662 1686 3732 κλῆσιν
1735 3662 1826 3717 διά
1883 3679 1945 3716 τε
2000 3664 2063 3716 τὸ

483 3754 707 3828 ἰσχυρὸν
744 3755 917 3828 αὐτῆς
943 3756 1039 3811 καὶ
1086 3757 1149 3812 τὸ
1179 3757 1471 3823 εύσκεπές.
1518 3759 1776 3831 Χρῶνται
1803 3756 1862 3812 δὲ
1920 3757 2061 3829 αὐτῇ

464 3847 607 3920 διχῆ
631 3865 647 3881 ο
673 3848 709 3920 ἦ
739 3849 843 3922 γὰρ
874 3848 1013 3922 πρὸς
1042 3850 1303 3924 φρούριόν
1330 3869 1384 3906 τι
1418 3850 1861 3923 προσμίσγοντες
1891 3867 2065 3923 προσ-

483 3941 809 4015 πορεύονται
856 3945 953 3999 καὶ
990 3943 1416 4016 τειχομαχοῦσιν
1441 3944 1513 4017 ’ἦ
1555 3944 1663 3999 ύπδ
1697 3943 1934 4010 τοξοτῶν
1967 3961 2068 3999 πε-

485 4037 946 4109 ριστοιχισθέντες
972 4038 1103 4092 ποτε
1134 4039 1510 4103 κυπτάζουσιν
1542 4037 1687 4092 οὕτω
1734 4038 1958 4104 πάντες,
1987 4037 2066 4102 ὡς

480 4127 662 4183 δοκεῖν
692 4128 776 4181 ὅτι
811 4127 1152 4199 κεκμήκασιο
1181 4126 1537 4182 πιλασάντων
1567 4128 1625 4182 δὲ
1656 4127 1768 4180 τῶν
1801 4126 2067 4182 ἐναντίων

483 4216 747 4291 ἐξαίφνης
788 4218 1120 4288 ἐγείρονται,
1160 4217 1462 4272 κάντεῦθεν
1514 4219 1655 4287 σφᾶς
1698 4216 2066 4288 ἐκπλήττουσι

484 4313 582 4365 καὶ
608 4312 994 4382 ταράττουσιν.
1025 4314 1094 4369 ὐ
1120 4312 1212 4366 καὶ
1263 4312 1388 4366 τότε
1437 4311 1783 4384 συμϐέϐηκε.
1842 4304 2067 4375 Πολλοῖς

484 4403 617 4475 γὰρ,
647 4404 721 4467 ώς
755 4402 995 4475 εἴρηται,
1021 4403 1342 4476 βαλλόμενοι
1393 4404 1596 4477 βέλεσι,
1656 4405 1752 4460 τόν
1792 4422 1853 4459 τε
1903 4419 2070 4458 συνα·

486 4497 728 4566 σπισμδν
765 4496 866 4568 τῆς
913 4496 1156 4569 χελώνης
1205 4499 1512 4568 ἐποίησαν,
1578 4500 1676 4551 καὶ
1730 4496 1804 4553 τὰ
1862 4497 2068 4569 γόνατα

2165 3266 2310 3367 genu
2346 3289 2498 3345 humi
2531 3288 2815 3342 nitentes:
2857 3281 3003 3336 unde
3048 3275 3266 3333 barbari
3317 3289 3414 3329 eos
3461 3284 3573 3341 pra:
3619 3266 3745 3321 vul-

2164 3384 2394 3440 neribus
2417 3378 2724 3437 concidisse
2748 3373 2873 3440 rati,
2898 3370 3095 3444 positis
3127 3367 3369 3423 arcubus
3398 3361 3606 3419 strictis
3628 3358 3744 3429 gla-

2165 3477 2273 3533 diis
2303 3475 2369 3530 ad
2397 3488 2495 3529 eos
2555 3468 2890 3526 occidendos
2934 3465 3238 3520 irruerunt.
3292 3459 3495 3513 Verum
3542 3451 3745 3507 milites

2132 3618 2146 3629 .
2164 3569 2337 3627 erecti
2362 3567 2569 3637 impetu
2598 3565 2652 3620 in
2678 3562 2800 3618 illos
2823 3559 2990 3624 facto,
3016 3555 3192 3612 nudos
3209 3550 3414 3623 clypeis
3443 3547 3594 3608 tecti,
3628 3544 3750 3597 ino-

2165 3666 2423 3737 pinantes
2446 3663 2643 3733 parati,
2677 3654 2994 3729 sagittarios
3033 3647 3255 3711 armati,
3289 3641 3523 3700 Romani
3551 3639 3751 3694 barba--

2165 3733 2258 3815 ros
2286 3757 2630 3813 deleverunt.
2656 3748 2852 3806 Hostili
2893 3755 3038 3801 metu
3071 3744 3340 3799 liberatus
3391 3733 3688 3798 Antonius,
3721 3746 3750 3784 a

2166 3852 2375 3923 frigore
2421 3856 2506 3905 est
2556 3844 2811 3901 afﬂictus.
2844 3842 2981 3898 Nam
3004 3838 3184 3893 hiems
3221 3841 3360 3896 erat,
3393 3838 3450 3886 et
3477 3824 3752 3884 Armenite

2166 3950 2427 4001 montana
2454 3953 2675 4008 semper
2711 3933 2999 4004 congelata
3028 3938 3202 3986 sunt:
3254 3924 3401 3978 unde
3439 3919 3752 3988 complures

2165 4047 2396 4093 suorum
2449 4030 2608 4101 521
2665 4023 2970 4081 amittebat.
3009 4021 3126 4087 Qua
3179 4033 3237 4072 re
3273 4012 3533 4070 Armenio
3565 4009 3752 4064 fucum

2165 4125 2320 4189 fecit,
2361 4130 2528 4193 atque
2571 4118 2828 4174 adulatus
2855 4121 2961 4179 est,
2995 4108 3246 4182 quamvis
3290 4104 3341 4161 ei
3392 4103 3644 4159 infensus
3668 4114 3755 4173 cs-

2167 4228 2291 4278 set:
2331 4224 2389 4272 et
2420 4191 2672 4283 reliquiis
2707 4207 2988 4264 exercitus
3040 4199 3451 4273 pecuniaodata,
3488 4195 3542 4248 in
3586 4191 3756 4263 Egy-

2165 4319 2321 4383 ptum
2344 4307 2410 4363 ad
2435 4304 2779 4375 Cleopatram
2803 4298 2960 4362 abiit,
2990 4296 3062 4351 ob
3087 4308 3249 4366 quam
3267 4308 3298 4347 a
3326 4288 3541 4344 civibus
3582 4283 3757 4354 pessi-

2167 4381 2257 4458 me
2289 4397 2568 4459 audiebat,
2598 4393 2744 4466 quod
2769 4400 2826 4448 et
2856 4391 3061 4445 liberos
3091 4402 3158 4442 ex
3187 4401 3252 4440 ea
3284 4381 3643 4450 suscepisset,
3697 4383 3755 4431 et

2169 4492 2374 4550 multas
2405 4489 2460 4545 ei
2493 4485 2806 4559 provincias
2852 4481 3134 4537 donasset.
3182 4474 3353 4545 Cujus
3385 4472 3667 4528 amoribus
3696 4476 3755 4523 et

488 4560 752 4662 πρὸς-τὴν
778 4560 884 4659 τήν
915 4560 1150 4661 ήρεισαν
1179 4590 1250 4644 τὰ
1275 4560 1555 4660 εὐώνυμα·
1589 4560 1918 4660 νομίσαντές
1969 4581 2051 4641 odi

2168 4581 2461 4656 prastigiis
2482 4580 2554 4634 ita
2576 4575 2826 4632 irretitus
2857 4572 2984 4631 fuit.
3009 4578 3070 4624 ut
3089 4567 3369 4625 Octaviam
3394 4578 3620 4618 uxorem
3646 4560 3755 4614 Ro-

487 4681 689 4746 αὐτοὺς
709 4684 759 4737 oi
800 4681 1072 4755 βάρϐαροι
1098 4682 1205 4737 ὑπὸ
1253 4681 1364 4737 τῶν
1419 4682 1760 4753 τραυμάτων
1818 4695 2068 4735 καταπε-

491 4777 631 4839 σεῖν,
658 4774 730 4830 τά
762 4775 864 4848 μὶν
897 4775 1032 4841 τόξα
1061 4775 1352 4841 ἀπέθεντο,
1386 4774 1458 4830 τά
1478 4774 1538 4828 δὲ
1563 4773 1694 4845 ξίφη
1723 4772 2070 4843 σπασάμενοι

2175 4691 2265 4732 ma
2294 4651 2448 4728 adise
2475 4670 2811 4731 venientem,
2854 4665 3289 4733 inconspectum
3330 4672 3491 4713 suum
3525 4670 3634 4709 non
3664 4651 3758 4707 ad.

2176 4767 2422 4833 missam,
2456 4765 2679 4819 domum
2710 4759 2889 4816 redire
2912 4757 3151 4828 iuberet.

487 4864 563 4928 ὡς
588 4832 1226 4937 συγκόξινοντεςψὲπῆλθον
1257 4832 1466 4929 αὐτοῖς.
1537 4832 1965 4930 ’ἐξαναστάντες
2009 4858 2067 4915 δὲ
2104 4856 2156 4911 οἱ
2230 4855 2500 4923 Ῥωμαῖοι
2532 4853 2625 4904 καὶ
2690 4850 2875 4911 αὐτοῖς
2905 4841 3338 4916 προσπεσόντες,
3380 4835 3469 4893 οἷα
3517 4832 3760 4905 γυμνοὺς

489 4927 850 5036 ὡπλισμένοι,
881 4927 1331 5037 ἀπροσδοκήτους
1401 4927 1940 5034 παρεσκευασμένοι,
1996 4952 2223 5019 τοξότας
2278 4950 2522 5012 ὁπλῖται,
2565 4942 2879 5017 βαρϐάρους
2943 4930 3214 5009 Ῥωμαῖοι
3261 4930 3588 5000 κατέκοψαν.
3631 4927 3757 4978 ’Λν-

488 5021 689 5122 τώνιος
713 5061 815 5131 μὲν
836 5021 938 5115 οὖν
960 5021 1065 5114 ύπὸ
1098 5021 1209 5115 τῶν
1234 5021 1511 5127 πολεμίων
1571 5021 1777 5108 οὐκέτι.
1823 5021 1998 5104 δεινὸν
2046 5046 2200 5101 οὐδὲν
2260 5042 2484 5106 ἔπαθεν,
2527 5038 2633 5094 ὑπὸ
2696 5037 2754 5091 δὲ
2788 5035 2997 5108 ψύχους
3023 5026 3493 5097 τεταλαιπώρητο.
3533 5021 3761 5090 Χειμὼν

492 5155 605 5225 γάρ
760 5156 978 5225 καὶτῆς
1012 5154 1308 5224 Ἀρμενίας
1338 5118 1408 5206 τά
1436 5151 1702 5222 πρόσορα,
1734 5147 1804 5203 δι’
1863 5138 1941 5199 ὧν
2003 5141 2321 5214 ἐπορεύετο,
2388 5133 2781 5209 κρυσταλλώδη
2808 5131 2896 5185 ἀεί
2923 5131 3065 5184 εἰσιν
3088 5144 3101 5158 °
3128 5125 3251 5180 ὅθεν
3314 5120 3501 5192 συχνοὶ
3528 5118 3637 5173 τῶν
3667 5119 3764 5174 αὖε

494 5211 591 5303 τού
621 5211 1014 5321 διειρθείροντο.
1227 5211 1437 5315 ὑπῆλθε
1481 5211 1626 5297 “cev.
1671 5242 1984 5314 Ἀρμένιον,
2044 5211 2142 5291 καὶ
2178 5234 2484 5297 ἐθώπευσε,
2539 5228 2718 5283 καίτοι
2769 5225 2840 5279 δι’
2895 5224 3067 5295 ὀργῆς
3137 5218 3348 5271 ἐκεῖνον
3412 5211 3757 5280 ποιούμενος.

495 5307 772 5414 Χρήματα
792 5307 850 5395 δέ
883 5343 997 5406 τοῖς
1040 5307 1441 5413 περιλειφθέἰσι
1471 5307 1760 5408 διανείμας
1777 5307 1888 5405 ⁷τῆς
1933 5333 2218 5405 στρατιᾶς,
2298 5329 2516 5398 ἀπῆρεν
2585 5326 2666 5387 εἰς
2724 5321 3000 5389 Αἴγυπτον
3037 5314 3175 5387 πρδς
3217 5311 3316 5381 τὴν
3373 5307 3767 5377 Κλεοπάτρανιν

499 5398 567 5489 δέ
597 5398 667 5507 ἦν
694 5436 949 5508 μεγάλως
976 5398 1234 5488 ύπὺ·ιτῶν
1259 5398 1540 5503 όμογενῶν
1595 5398 1934 5499 διεϐέϐλητο,
1990 5398 2075 5482 δτι
2114 5442 2175 5478 τε
2243 5424 2442 5484 παῖδας
2504 5420 2564 5484 ἐξ
2598 5416 2769 5487 αὐτῆς
2805 5414 2933 5484 ἔσχε
2966 5411 3062 5464 καὶ
3096 5409 3179 5460 ὅτι
3222 5404 3406 5475 χώρας
3453 5403 3592 5472 αὐτῇ
3631 5398 3762 5452 πολ-

498 5532 597 5596 λὰς
620 5496 942 5601 ἔχαρίσατο.
970 5530 1158 5593 Οὕτως
1194 5496 1305 5599 γὰρ
1334 5496 1411 5598 τῶ
1438 5527 1603 5598 ἔρωτι
1664 5496 1846 5594 αὐτῆς*
1893 5524 1990 5578 καὶ
2032 5523 2153 5582 ταῖς
2189 5519 2467 5591 γοητείαις
2518 5513 2858 5574 ἐδούλευσεν,
2897 5509 2970 5570 ώς
3017 5505 3112 5559 καὶ
3161 5504 3261 5575 τὴν
3312 5501 3551 5570 γυναῖκα
3595 5496 3761 5553 αὐτοῦ

499 5593 600 5695 τὴν
639 5593 934 5678 ’ὀκταϐίαν
963 5622 1100 5691 πρὸς
1122 5593 1288 5677 αὑτὸν
1321 5593 1395 5675 ὲκ⁷
1421 5593 1641 5690 Ῥώμης
1664 5593 2075 5688 ἀφικνουμένην
2113 5610 2434 5669 ἐπανελθεῖν
2478 5606 2762 5668 κελεῦσαι,
2798 5602 2892 5657 καὶ
2925 5600 3000 5671 μὴ
3033 5598 3185 5669 αὐτῷ
3219 5593 3560 5667 προσελθεῖν.

575 5717 701 5774 KZ'.
746 5718 806 5771 'o
826 5717 883 5772 δὲ
909 5687 1127 5788 Καισαρ
1172 5712 1307 5788 ἦλθε
1349 5716 1451 5788 μὲν
1513 5687 1606 5780 εις
1643 5715 1743 5786 τήν
1797 5712 2051 5766 Σικελίαν

2252 5705 2463 5762 XXVII.
2499 5703 2682 5759 Caesar
2711 5714 2865 5764 vero,
2884 5712 3034 5764 cum,
3069 5703 3298 5767 propter
3327 5693 3563 5748 hiemem
3591 5687 3643 5743 in
3677 5687 3766 5743 Si-

499 5808 761 5881 γρονίσας
782 5807 828 5862 δ’
852 5810 909 5864 ὲν
951 5782 1210 5880 αὐτῇ-διά
1234 5808 1326 5862 τὸν
1350 5782 1627 5878 χειμῶνα,
1658 5782 1756 5859 καὶ
1791 5803 1977 5880 μαθὼν
2001 5802 2046 5856 ὦ

2184 5801 2311 5857 cilia
2342 5798 2553 5853 diutius
2605 5805 2874 5856 moratus,
2927 5791 3192 5864 quasdam
3241 5789 3504 5845 Romana:
3533 5782 3767 5842 ditionis

503 5919 624 5959 τινα
651 5902 762 5962 τῶν
791 5902 962 5961 ἐθνῶν
989 5902 1097 5959 τῶν
1139 5904 1429 5972 Ῥωμαίοις
1462 5899 1841 5968 ὑποκειμένων
1872 5897 1960 5954 διὰ
1982 5898 2047 5965 τὶ,

1098 5988 1121 6009 .

2187 5905 2379 5963 gentes
2406 5908 2501 5961 per
2530 5889 2836 5948 absentiam
2880 5902 3035 5945 suam
3068 5885 3336 5943 defecisse
3381 5868 3764 5947 cognovisset:
