4048 6406
396 360 500 421 9δῖ

1701 359 2028 422 JOANNIS
2069 359 2394 422 ΖΟΝΑΡυΕ

3586 360 3684 424 888

394 483 581 528 mente
614 480 808 542 captus
842 471 1161 543 putabatur.
1202 472 1395 543 Neque
1440 487 1574 528 vero
1607 488 1735 529 eum
1777 474 1976 539 solum,

2098 473 2382 544 εἰσεφοίτα,
2408 470 2504 526 καὶ
2520 472 2618 536 τὰς
2640 469 2978 541 πανηγύρεις
3001 470 3402 532 συνδιετίθετο.
3428 469 3526 536 τὰς
3542 472 3684 539 δίκας

396 566 491 620 sed
523 574 579 620 et
611 578 872 634 proceres
901 564 1023 635 ejus
1053 578 1122 619 eo
1147 563 1358 634 redegit
1392 565 1718 634 imposturis
1755 565 1893 628 suis,
1922 573 1985 619 ut

2098 583 2144 619 re
2173 560 2525 632 συνεξήταζε,
2571 565 2668 617 καὶ
2709 563 3036 628 συνίππευε,
3093 563 3198 616 καὶ
3234 565 3298 618 ἐν
3328 567 3452 628 ταῖς
3479 565 3686 621 πόλεσιν

399 657 665 712 Romanis
694 655 930 726 quisque
957 671 1018 710 se
1047 655 1446 725 imperaturum
1479 665 1767 725 speraret:
1808 665 1866 712 et
1926 657 1982 711 in

395 750 668 818 Capitolio
693 750 786 820 jus
820 748 1030 815 dicere,
1087 759 1278 804 votum
1308 748 1773 820 etjusjnrandum
1807 749 1983 804 maxi-

396 858 547 897 tnum
587 841 841 895 duceret.
882 839 1158 894 Antonius
1193 855 1328 893 vero
1373 837 1672 908 aliquando
1695 839 1980 892 acinacem

397 933 740 1003 accingebat,
788 943 844 988 et
899 932 1192 1003 peregrina
1240 940 1394 986 veste
1426 931 1707 985 utebatur.
1742 929 1900 996 Quod
1935 931 1982 984 si

398 1025 498 1090 illi,
532 1025 910 1080 Romanorum
957 1024 1173 1079 consuli
1207 1031 1265 1079 et
1300 1023 1450 1085 duci,
1503 1021 1720 1076 crimini
1748 1022 1984 1076 dabatur

399 1133 692 1188 peregrina
716 1116 919 1172 vestis:
945 1117 1118 1170 nostri
1151 1117 1412 1184 temporis
1434 1114 1598 1186 525
1625 1115 1985 1185 imperatores

401 1211 530 1278 quis
559 1208 992 1278 reprehensione
1022 1209 1245 1275 eximat,
1272 1209 1364 1278 qui
1393 1223 1422 1261 a
1456 1207 1635 1276 patrio
1662 1207 1863 1262 vestitu
1894 1221 1982 1262 re-

399 1303 627 1366 cedunt,
679 1311 736 1358 et
777 1318 890 1357 non
940 1303 1244 1369 interdum,
1293 1302 1386 1357 sed
1419 1301 1654 1356 subinde
1688 1301 1982 1356 barbarica

401 1406 556 1451 vcstc
607 1397 886 1450 utuntur?
935 1394 1051 1450 Hoc
1100 1412 1283 1450 rerum
1315 1406 1458 1451 statu
1510 1394 1693 1451 Cazsar
1722 1403 1778 1448 et
1817 1397 1986 1448 Anto-

403 1488 530 1543 nius
563 1487 628 1542 ad
680 1488 882 1542 bellum
913 1503 972 1543 se
1013 1487 1298 1558 parabant,
1327 1496 1557 1556 uterque
1607 1486 1797 1540 multis
1819 1485 1986 1539 sociis

404 1583 690 1636 munitus:
723 1596 788 1636 ac
822 1581 993 1636 multa
1023 1581 1188 1651 vulgo
1212 1579 1588 1649 jactabantur,
1621 1588 1677 1632 et
1699 1577 1854 1647 signa
1889 1576 1986 1632 ﬁe-

406 1675 557 1729 lzant.
590 1673 721 1728 Nam
756 1674 810 1728 iu
844 1671 1118 1728 sacriﬁcio
1144 1671 1381 1741 quodam
1421 1669 1618 1725 simius
1654 1669 1841 1722 fanum
1876 1667 1982 1724 Ce-

2097 659 2281 728 ἐκείνη
2339 657 2437 728 μὲν
2469 658 2526 710 ἐν
2547 656 2724 726 δίφρῳ
2780 655 3038 728 ἐφέρετο,
3079 656 3108 708 ό
3135 656 3184 710 δ’
3233 657 3530 722 Ἀντώνιος
3558 659 3683 728 πεζῇ

2093 751 2238 821 μετὰ
2270 751 2379 802 τῶν
2409 749 2684 819 εὐνούχων
2724 749 2903 817 αὐτῆς
2930 748 3250 819 ἠκολούθειο
3322 750 3686 820 συνεγράφετό

2087 855 2147 893 τε
2176 840 2340 909 αὐτῇ,
2384 839 2474 892 καὶ
2513 837 2938 901 συνεπλάττετο,
2975 838 3144 900 αύτδς
3187 839 3417 910 Ὄσιρις
3451 840 3548 893 καὶ
3575 842 3688 896 Διόο

2089 949 2250 996 νυσος
2283 931 2599 1001 λεγόμενος,
2641 930 2826 1000 ἐκείνη
2860 929 2918 983 δέ
2949 929 3159 1002 Σελήνη
3239 931 3342 984 καὶ
3388 926 3553 996 Ἶσις,
3599 933 3690 987 ὀ.

2087 1024 2179 1078 θεν
2209 1024 2431 1096 ἐκφρων
2461 1024 2554 1076 ὑπ’
2580 1023 2752 1093 αὐτῆς
2796 1023 2862 1076 ἐκ
2945 1023 3298 1093 μαγγανείας
3350 1023 3503 1092 ἔδοξε
3542 1043 3690 1094 γεγο-

2086 1117 2258 1176 νέναι.
2291 1118 2400 1171 Καὶ
2435 1118 2538 1171 ούκ
2589 1117 2794 1171 ἐκεῖνον
2837 1117 3025 1187 μόνον,
3073 1117 3219 1171 ἀλλὰ
3257 1118 3360 1171 καὶ
3408 1119 3536 1181 τοὺς
3567 1119 3689 1188 παρ’

2091 1209 2240 1278 αὐτῷ
2285 1209 2622 1279 δυναμένους
2658 1211 3064 1281 κατεγοήτευσε
3120 1211 3224 1265 καὶ
3258 1210 3586 1282 κατέδησεν,
3622 1211 3691 1274 ὡς

2089 1302 2310 1356 ἐλπίσαι
2349 1301 2572 1355 καὶτῶν
2617 1301 2906 1372 Ῥωμαίων
2931 1302 3142 1373 ἄρξειν,
3198 1303 3380 1374 εὐχήν
3414 1320 3474 1356 τε
3526 1304 3690 1356 ποιεῖ’

2091 1392 2217 1447 σθαι
2248 1393 2514 1464 μεγίστην
2544 1393 2641 1448 καὶ
2673 1395 2838 1465 ὅρκον
2871 1393 2931 1448 τὸ
2960 1395 3019 1447 ἐν
3039 1393 3120 1464 τῷ
3171 1395 3521 1463 Καπιτωλίῳ
3550 1395 3690 1449 δικά-

2089 1501 2203 1539 σαι.
2233 1487 2294 1540 ’0
2311 1485 2367 1540 δὲ
2395 1485 2680 1550 ’Δντὼνιος
2704 1487 2974 1558 ἀκινάκην
2995 1504 3055 1540 τε
3078 1487 3261 1541 ἐνίοτε
3287 1487 3686 1559 παρεζώννυτο,

2090 1577 2188 1631 καὶ
2216 1576 2404 1648 ἐσθῆτι
2438 1579 2638 1650 ἐχρῆτο
2675 1578 2826 1650 παρὰ
2851 1579 2922 1633 τὰ
2947 1579 3179 1650 πάτρια.
3249 1580 3452 1651 Τούτῳ
3482 1580 3578 1650 μὲν
3607 1577 3690 1632 οὖν

2103 1670 2296 1740 ὑπάτῳ
2337 1670 2453 1724 όντι
2514 1671 2610 1725 καὶ
2673 1671 2967 1743 στρατηγῷ
3012 1672 3314 1743 Ῥωμαίων
3359 1673 3444 1735 είς
3472 1672 3690 1740 αἰτίαμα

404 1767 545 1822 reris
588 1766 889 1837 ingressus,
937 1763 1294 1820 conturbavit
1347 1763 1554 1817 omnia.
1615 1761 1769 1816 Multi
1822 1760 1980 1831 pueri

2098 1764 2350 1834 ἐλογίσθη
2401 1765 2435 1835 ἡ
2468 1763 2574 1830 ἔξω
2610 1762 2720 1816 τῶν
2755 1763 3004 1836 πατρίων
3060 1763 3227 1836 στολή
3257 1781 3272 1795 ο
3345 1766 3476 1828 τοὺς
3511 1764 3567 1818 δέ
3607 1764 3692 1818 νῦν

404 1857 590 1911 Roma:
615 1856 953 1927 congregati,
994 1863 1052 1909 et
1094 1855 1148 1909 in
1189 1853 1486 1909 factionem
1527 1852 1893 1907 Antonianam
1926 1860 1984 1907 et

2098 1856 2328 1925 Βασιλεῖς
2363 1855 2654 1928 Ῥωμαίων
2704 1855 2864 1926 (85“)
2921 1855 3041 1920 πῶς
3109 1857 3180 1913 ἄν
3227 1873 3321 1922 τις
3349 1856 3690 1928 ἐξαιρήσαιτο

402 1947 770 2002 Cmsarianam
802 1947 990 2006 divisi.
1047 1945 1269 1999 nemine
1298 1944 1529 2016 jubente
1563 1943 1705 1996 inter
1738 1958 1858 1998 sese
1885 1942 1989 1998 de-

405 2047 722 2093 cortarunt:
778 2047 834 2093 et
885 2038 980 2108 qui
1043 2037 1269 2092 Antonii
1332 2052 1530 2090 nomen
1595 2035 1984 2104 praeferebant,

406 2131 539 2186 victi
591 2140 740 2185 sunt.
798 2128 1057 2200 Ejusdem
1115 2139 1292 2182 statua
1361 2145 1666 2182 marmorea
1723 2129 1987 2199 sanguine

411 2222 677 2277 manavit.
733 2217 1100 2292 Ignis'fanum
1138 2220 1360 2276 Cereris
1411 2231 1467 2275 et
1505 2221 1630 2291 Spei
1658 2219 1986 2292 absumpsit.

408 2314 748 2369 Acciderunt
800 2321 856 2369 et
909 2313 1047 2368 alias
1108 2311 1273 2384 hujus
1301 2313 1541 2383 generis,
1587 2328 1822 2382 quorum
1857 2313 1988 2368 nihil

409 2422 508 2463 eos
542 2407 756 2462 terruit.
795 2407 1068 2461 Antonius
1100 2406 1247 2460 enim
1298 2405 1600 2470 festinavit,
1639 2415 1698 2460 ut
1727 2421 1824 2461 eos
1871 2407 1991 2461 lno-

412 2500 666 2570 pinantes
698 2500 753 2555 in
812 2500 965 2555 Italia
1015 2499 1374 2568 opprimeret.
1405 2497 1509 2552 Sed
1540 2513 1665 2552 cum
1695 2498 1989 2570 Corcyram

410 2591 732 2660 appulisset,
758 2600 924 2661 atque
957 2589 1083 2644 inde
1116 2589 1169 2643 in
1195 2589 1633 2658 Peloponnesum
1663 2589 1992 2660 navigasset,

413 2683 592 2738 Patris
640 2681 975 2745 hibernavit,
1031 2688 1086 2737 ct
1145 2681 1350 2735 milites
1404 2683 1607 2750 passim
1666 2681 1993 2739 distribuit:

411 2772 594 2826 Caesar
641 2786 771 2826 vero
807 2770 1124 2825 Brundusio
1157 2770 1399 2834 solvens,
1435 2780 1766 2842 tempestate
1799 2771 1999 2844 fatiga-

414 2875 506 2919 tus
543 2863 794 2919 recessit.

2097 1947 2304 2020 μώμων
2358 1947 2456 2001 καὶ
2517 1947 2832 2012 αίτιάσεως,
2886 1949 3494 2019 μεταμφιεννυμένους
3555 1949 3692 2017 παρὰ

2090 2041 2159 2094 τά
2175 2041 2402 2110 πάτρια,
2431 2041 2528 2094 καὶ
2552 2040 2650 2093 οὐκ
2680 2039 2874 2103 ἐνίοτε,
2900 2040 2990 2094 ἀεὶ
3018 2039 3076 2094 δὲ
3110 2041 3506 2112 κεχρημένους
3522 2039 3690 2108 ἐσθῆτι

2096 2131 2439 2202 βαρϐαρικῇς
2472 2129 2630 2184 Οὕτω
2683 2130 2782 2200 μὲν
2809 2129 2908 2184 οὖν
2959 2129 3040 2199 τῷ
3091 2147 3152 2183 τε
3229 2130 3486 2200 Καίσαρι
3514 2125 3692 2197 καὶτῷ

2105 2221 2376 2292 ’Δντωνίῳ
2411 2221 2716 2293 συνηνέχθη
2737 2223 2806 2274 τὰ
2832 2221 3160 2292 πράγματα.
3183 2221 3250 2274 Ol
3279 2219 3339 2274 δέ
3359 2217 3688 2290 παρεσκευά-

2094 2314 2250 2380 ζοντο
2284 2313 2422 2386 πρὸς
2463 2315 2556 2367 τὸν
2593 2313 2855 2384 πόλεμον,
2905 2313 3144 2376 ἕκαστος
3202 2313 3450 2375 πολλοὺς
3484 2306 3688 2379 συμμά-

2093 2425 2222 2478 χους
2260 2407 2644 2478 προσειληφώς
2664 2422 2680 2438 ο
2719 2407 2814 2460 καὶ
2847 2406 3023 2461 πολλὰ
3060 2407 3217 2477 παρὰ
3251 2405 3368 2461 τῶν
3399 2403 3687 2474 ἀνθρώπων

2094 2499 2425 2571 ἐθρυλλείτο,
2463 2499 2635 2553 πολλὰ
2681 2499 2738 2553 δὲ
2801 2498 2899 2553 καὶ
2942 2501 3149 2570 σημεῖα
3192 2497 3481 2569 γεγόνασι.
3536 2494 3690 2562 Πίθη·

2102 2593 2197 2656 κός
2221 2608 2281 2645 τε
2305 2592 2415 2662 γὰρ
2453 2593 2512 2656 ἐς
2545 2590 2604 2645 τδ
2625 2592 2944 2663 Δημήτριον
2970 2592 3027 2646 ἐν
3072 2592 3375 2664 ἱερουργία
3397 2590 3504 2644 τινὶ
3533 2586 3691 2642 είσελο

2105 2683 2241 2748 θὼν,
2274 2682 2454 2737 πάντα
2518 2683 2587 2736 τὰ
2635 2683 2783 2736 ἐνδον
2832 2682 3080 2754 συνέχεε.
3138 2683 3256 2737 Kal.
3321 2682 3516 2744 παῖδες
3548 2680 3603 2733 ἐν
3631 2677 3688 2744 τῇ

2121 2775 2312 2848 Ῥώμη
2343 2774 2533 2829 πολλοὶ
2563 2775 2972 2847 ἀθροισθέντες,
3027 2774 3405 2838 κελεύσαντος
3461 2767 3688 2844 μηδενὸς.

2123 2867 2420 2936 συνέμιξαν
2450 2869 2720 2941 ἀλλήλοις,
2741 2869 2790 2921 οί
2826 2868 2925 2939 μὲν
2963 2867 3040 2932 ὡς
3075 2868 3440 2938 Καισάρειοι,
3473 2865 3522 2917 οί
3545 2861 3598 2916 δέ
3625 2858 3692 2920 ὡς

412 2955 508 3010 τοῦ
572 2957 862 3011 Ἀντωνίου
911 2957 1232 3028 μαχόμενοι,
1278 2957 1369 3012 καὶ
1401 2959 1714 3029 ἡττήθησαν
1751 2959 1801 3012 οἱ
1834 2960 1895 3013 τὸ
1930 2959 2024 3013 τοῦ
2071 2960 2358 3018 ’Δντωνίου
2409 2963 2584 3034 ὄνομα
2631 2965 2910 3036 φέροντες.
2961 2961 3142 3017 Είκών
3185 2979 3251 3015 τε
3309 2956 3479 3039 αὑτοῦ
3531 2952 3692 3026 λιθίνη

413 3044 554 3119 αἷμα
576 3049 764 3118 ἀνῆκε,
791 3049 883 3102 καὶ
917 3049 1024 3120 πῦρ
1053 3049 1114 3102 τό
1139 3066 1200 3102 τε
1241 3050 1559 3121 Δημήτριον
1587 3051 1680 3103 καὶ
1744 3050 1872 3104 ναδν
1937 3050 2132 3124 ἕτερον
2209 3053 2458 3119 Ἐλπίδος
2485 3054 2784 3126 διέφθειρε,
2816 3054 2910 3108 καὶ
2973 3052 3110 3108 ἄλλα
3158 3051 3396 3107 τοιαῦτα
3430 3043 3694 3118 συμδέὸη-

415 3165 534 3200 κεν.
565 3148 730 3201 Οὐδὲν
762 3147 818 3201 δὲ
857 3146 1064 3201 τούτων
1095 3145 1293 3210 αὐτοὺς
1338 3146 1641 3216 ἐφόϐησενο
1693 3146 1810 3201 ἀλλ’
1838 3149 1867 3201 ό
1940 3147 2042 3218 μὲν
2086 3148 2370 3216 ⁹Αντώνιος
2429 3150 2714 3224 ὥρμησεν,
2773 3150 2852 3216 ὡς
2896 3150 2956 3204 ἐν
3009 3151 3078 3222 τῇ
3150 3147 3362 3218 Ἰταλίᾳ
3437 3141 3694 3210 ἀδοκήτως

413 3241 598 3303 αὐτοῖς
651 3239 743 3294 τὶν
796 3238 1036 3308 πόλεμον
1095 3237 1479 3308 ποιησόμενος.
1523 3237 1726 3292 Ἐλθὼν
1779 3238 1838 3292 δέ
1891 3240 1972 3304 είς
2012 3239 2310 3314 Κέρκυραν
2348 3243 2604 3298 κάκεῖθεν
2631 3245 2710 3309 είς
2743 3243 2842 3314 τὴν
2900 3241 3286 3313 Πελοπόνησον
3319 3235 3694 3295 ἀναπλεύσας.

415 3337 579 3401 αὐτὸς
621 3335 719 3407 μὲν
754 3335 813 3387 ἐν
865 3335 1109 3404 Πάτραις
1142 3333 1546 3406 παρεχείμασε,
1599 3335 1727 3397 τοὺς
1791 3333 1850 3387 δὲ
1913 3336 2254 3406 στρατιώτας
2294 3339 2603 3411 πανταχόσε
2655 3337 2977 3410 διέπεμψενο
3045 3337 3075 3391 ό
3102 3335 3161 3392 δὲ
3217 3337 3444 3407 Καῖσαρ
3497 3324 3692 3411 ἀνήχθη

419 3433 518 3501 μὲν
565 3431 630 3482 ἐκ
676 3427 769 3482 τοῦ
801 3429 1142 3499 Βρεντεσίου,
1187 3427 1499 3498 χειμῶνιδέ
1533 3425 1849 3498 περιπεσὼν
1887 3429 1984 3482 καὶ
2025 3430 2284 3502 πονηθεὶς
2308 3433 2684 3504 ἀνεχώρησεν.

487 3521 680 3577 XXIX.
719 3521 860 3576 Vere
891 3519 1188 3590 incipiente
1218 3521 1492 3575 Antonius
1513 3535 1573 3574 se
1602 3535 1710 3574 non
1749 3535 1990 3576 commo-

2173 3525 2304 3578 Κθί.
2368 3523 2683 3596 Ἦργμένου
2735 3523 2792 3578 δὲ
2848 3522 3012 3594 ἔαρος
3048 3523 3077 3576 ό
3119 3519 3224 3593 μὲν
3297 3514 3579 3576 Ἀντώνιος
3604 3509 3690 3563 οὐ·

417 3615 517 3670 vit.
541 3613 678 3670 Nam
708 3612 828 3684 ejus
861 3611 1130 3666 classiarii
1163 3628 1230 3667 ex
1280 3611 1517 3668 diversis
1543 3611 1802 3680 gentibus
1830 3613 1990 3668 colle-

2102 3611 2252 3685 δαμῆ
2303 3614 2552 3685 ἐκινήθη.
2624 3613 2934 3685 Σύμμικτοι
2972 3611 3083 3683 γὰρ
3140 3613 3205 3666 ἐκ
3264 3607 3479 3664 πολλῶν
3527 3599 3683 3656 ἐθνῶν

419 3709 516 3772 cli,
565 3721 688 3760 cum
739 3705 935 3775 procul
991 3703 1060 3758 ab
1105 3719 1174 3760 co
1227 3705 1624 3760 hibernarent:
1669 3720 1848 3776 neque
1881 3719 1990 3762 sese

2103 3705 2256 3771 ὄντες
2279 3707 2328 3760 οί
2365 3709 2650 3777 τριηρῖται
2698 3704 2868 3759 αὑτοῦ
2929 3705 3025 3759 καὶ
3089 3704 3287 3776 πόρρω
3348 3699 3692 3773 χειμάζοντες

419 3798 772 3862 exercebant,
806 3808 862 3853 et
895 3797 1090 3852 morbo
1125 3813 1190 3854 ac
1218 3798 1538 3868 transfugiis
1587 3797 1990 3854 minuebantur.

2103 3795 2199 3850 ἀπ’
2217 3795 2410 3863 αὑτοῦ,
2429 3796 2542 3850 οὔτ’
2563 3798 2660 3866 ἐγυ
2670 3794 2958 3866 μνάζοντο,
2978 3793 3073 3850 καὶ
3088 3795 3230 3865 νόσῳ
3246 3792 3344 3849 καὶ
3363 3783 3692 3858 αὐτομολίαις

419 3889 660 3960 Agrippa
715 3903 936 3958 quoque
986 3887 1240 3944 Methone
1287 3891 1498 3957 impetu
1539 3899 1721 3959 capta,
1777 3890 2002 3945 navium

421 3980 804 4035 onerariarum
829 3979 1095 4049 appulsus
1122 3979 1492 4045 observando,
1516 3989 1574 4035 et
1600 3981 1654 4035 in
1689 3981 1812 4036 aliis
1839 3989 2005 4051 atque

421 4072 545 4127 aliis
572 4071 794 4128 Grteciae
830 4071 968 4126 locis
997 4087 1298 4129 exscensus
1355 4072 1644 4138 faciendo,
1705 4073 2004 4129 admodum

423 4177 551 4217 eum
582 4162 959 4232 perturbabat.
1001 4162 1183 4218 Caesar
1216 4179 1348 4218 vero
1379 4179 1572 4219 omnes
1606 4165 1829 4230 milites,
1887 4180 2008 4220 om-

424 4263 521 4304 nes
552 4257 860 4314 senatores,
897 4265 1093 4305 omnes
1144 4252 1381 4321 equites,
1417 4267 1652 4322 quorum
1679 4243 1860 4322 aliqua
1890 4261 2011 4308 erat

425 4341 762 4406 auctoritas,
827 4343 1122 4399 Brundusii
1193 4347 1491 4402 convenire
1559 4347 1766 4416 jussit,
1828 4349 2008 4411 alios,

2103 3888 2434 3957 ὴλάττωντο.
2463 3888 2572 3942 Καὶ
2596 3892 2622 3943 ὁ
2657 3888 2970 3959 Ἀγρίππας
3003 3889 3102 3959 τὴν
3121 3887 3395 3957 Μεθώνην
3421 3873 3691 3947 κατασχὼν

2105 3977 2166 4042 ἐξ
2193 3977 2408 4048 ἐφόδου,
2437 3978 2532 4032 καὶ
2553 3978 2651 4042 τὰς
2683 3978 2987 4049 κατάρσεις
3009 3978 3120 4032 τῶν
3145 3978 3391 4033 ὁλκάδων
3411 3964 3690 4040 ἐπιτηρῶν.

2106 4071 2202 4124 καὶ
2237 4070 2538 4134 ἁποὸάσεις
2567 4070 2757 4126 ἄλλοτε
2781 4069 2920 4141 ἄλλῃ
2942 4070 3041 4140 τῆς
3082 4069 3338 4132 Ἑλλάδος
3365 4061 3690 4132 ποιούμενος.

2111 4159 2348 4232 ίσχυρῶς
2385 4159 2550 4214 αὐτὸν
2579 4159 2852 4231 ἐθορύϐει.
2909 4160 2967 4214 '0
2990 4159 3047 4213 δὲ
3082 4162 3304 4231 Καῖσαρ
3341 4160 3550 4215 πάντας
3602 4143 3692 4218 μὲν

2107 4253 2235 4317 τοὺς
2266 4250 2628 4321 στρατιώτας,
2661 4251 2874 4315 πάντας
2897 4252 2955 4307 δὲ
2990 4252 3118 4316 τοὺς
3153 4251 3488 4322 δυναμένους
3518 4261 3568 4295 τι
3594 4237 3694 4292 τῶν

2113 4341 2422 4414 βουλευτῶν
2454 4342 2552 4397 καὶ
2583 4344 2796 4396 ίππὲων
2837 4344 2918 4406 είς
2951 4341 3011 4395 τὸ
3039 4341 3358 4413 Βρεντέσιον
3408 4335 3692 4403 συνήγαγεν

426 4440 488 4486 ιιι
536 4432 741 4503 aliquid
783 4433 1136 4504 adiutarent,
1192 4438 1373 4503 alios,
1433 4455 1503 4493 ne
1567 4440 1990 4495 seorsim-rebu:

2111 4435 2239 4499 τοὺς
2292 4434 2395 4503 μέν
2419 4436 2571 4501 ὅπως
2614 4433 2766 4504 αύτῷ
2798 4452 2852 4490 τι
2887 4434 3277 4504 συμπράξωσι,
3311 4431 3440 4493 τοὺς
3468 4427 3512 4481 δ’
3555 4425 3692 4483 ὃπφῖ

425 4522 583 4579 novis
652 4524 940 4580 studerent
991 4543 1006 4580 :
1061 4537 1230 4597 utque
1276 4529 1596 4585 ostenderet
1651 4546 1710 4584 se
1763 4530 1990 4585 maxima

2117 4527 2195 4598 μὴ
2232 4527 2567 4596 μονωθέντες
2608 4544 2661 4580 τι
2690 4526 3078 4598 νεοχμώσωσι·
3131 4526 3228 4580 καὶ
3269 4525 3340 4580 ἰν*
3386 4516 3682 4582 ἐνδείξηται

427 4615 1004 4686 prtestantissitnmque
1065 4620 1237 4686 partis
1298 4621 1673 4677 Romanorum
1741 4637 1990 4676 consensi

2116 4619 2199 4673 ὅτι
2227 4619 2289 4672 τὸ
2323 4619 2574 4671 πλεῖστον
2609 4618 2705 4673 καὶ
2733 4617 3094 4691 κρατιστεῦον
3121 4618 3230 4671 τῶν
3259 4611 3549 4684 Ῥωμαίων
3573 4599 3692 4670 δμδ⁸

427 4706 554 4760 niti.
608 4707 745 4762 Cum
804 4709 1190 4778 iisque‘lonio
1255 4715 1600 4776 transmisso,
1645 4724 1702 4768 et
1756 4713 1990 4784 Corcyra

2119 4729 2337 4784 γνωμον
2375 4713 2641 4783 κέκτηται
2661 4729 2678 4745 ο
2711 4714 2809 4766 καὶ
2831 4712 2931 4765 σὺν
2965 4711 3150 4776 αὐτοῖς
3177 4711 3270 4764 τὸν
3309 4707 3494 4763 Ἰόνιον
3514 4692 3687 4784 διαδέ-

428 4811 595 4864 quam
655 4797 982 4866 praesidiarii
1036 4802 1412 4870 reliquerant,
1471 4813 1670 4873 capta,
1734 4803 1789 4858 in
1848 4783 1990 4874 portt

2121 4783 2284 4876 δηκε,
2349 4804 2446 4858 καὶ
2496 4803 2596 4876 τὴν
2641 4803 2937 4875 Κέρκυραν
2991 4802 3374 4872 ἐκλειφθεῖσαν
3437 4791 3538 4848 ὑπὸ
3591 4783 3691 4838 τῶν

429 4885 596 4956 Glyce
645 4888 895 4957 appulit,
952 4890 1046 4960 qui
1113 4907 1144 4946 a
1196 4891 1484 4949 dulcedine
1567 4893 1718 4949 ﬂuvii
1773 4895 1826 4950 in
1883 4910 1990 4950 eun

2123 4896 2504 4968 φρουρούντων
2525 4895 2726 4963 λαθὼν,
2759 4897 2840 4962 εἰς
2859 4895 2950 4950 τὺν
2989 4895 3186 4966 λιμένα
3208 4894 3302 4948 τὸν
3331 4886 3538 4946 Γλυκὺν
3567 4889 3690 4974 κατὶ

436 4980 723 5039 inﬂuentis
753 4999 954 5041 nomen
997 4987 1205 5043 habet:
1266 4989 1394 5045 inde
1440 4991 1659 5046 Actium
1714 4992 1990 5063 navigavit

2125 4989 2246 5060 ἦρε·
2305 4989 2571 5045 ι¹ἶιιλεῗται
2621 4988 2678 5044 δὲ
2739 4987 2914 5053 οὓτως
2957 4989 3041 5044 ὅτι
3092 4989 3160 5042 ἐκ
3199 4987 3294 5042 τοῦ
3332 4974 3574 5050 ποταμοῦ
3605 4981 3687 5023 του

1627 5104 1827 5167 νει-ξω
1881 5105 2193 5168 lectiones
2237 5111 2301 5167 et
2339 5112 2532 5168 notae.

505 5202 660 5272 (85")
703 5201 847 5276 Τοὺς
873 5201 962 5276 -δὲ
1018 5202 1164 5276 νῦν.
1197 5203 1480 5271 βασιλεῖς
1543 5204 1863 5276 Ῥωμαίων.
1917 5205 1990 5258 Ηί‹

2128 5213 2278 5276 rent.
2327 5205 2477 5276 Idem
2511 5204 2610 5259 lib.
2655 5220 2708 5276 xt
2739 5212 2906 5276 extr.
2929 5218 3057 5276 eum
3089 5201 3257 5276 etiam
3306 5207 3510 5276 morem
3547 5190 3686 5276 inve:

433 5258 600 5349 porro
645 5258 1124 5349 ἐ’-ιιι·-ρίί-ΖοιιίιιπτιιιιΔ
1158 5258 1520 5349 imperatores
1556 5285 1618 5349 _et
1649 5258 1889 5349 "Graecos
1933 5258 2018 5329 sui
2124 5258 2294 5330 luisse
2326 5258 2630 5349 tra_dit;sub
2663 5258 2982 5349 Andronico
3015 5273 3320 5339 Palaeologo
3343 5258 3686 5349 Juniquegdljf

435 5336 557 5401 invi.
598 5345 689 5412 qui
722 5336 957 5418 dimisso
985 5344 1165 5418 patrio
1189 5336 1420 5418 vestitu,
1452 5343 1761 5418 barbarico
1787 5358 1893 5399 seu'
1919 5361 2019 5398 ex-
2125 5361 2322 5400 omnes
2368 5345 2650 5418 simulset
2673 5345 3054 5418 adolescentes
3081 5351 3138 5397 et
3179 5336 3338 5418 senes
3376 5336 3686 5418 pileis’tljfz

437 5403 632 5484 traneo
659 5414 734 5467 uti
775 5403 1052 5467 amabant.
1083 5413 1292 5468 Scribit
1336 5403 1680 5484 Nicephorus
1723 5413 2018 5484 Gregoras,
2126 5423 2341 5478 rentur,
2376 5431 2485 5469 non
2515 5403 2699 5469 minus
2725 5415 2778 5468 in
2814 5415 3016 5481 palatio
3047 5428 3211 5482 quam
3236 5403 3487 5484 inag'ris,
3523 5403 3684 5484 iis'qtle

437 5465 536 5536 lib.
577 5465 622 5538 ii
662 5465 927 5539 mas"...
977 5465 2023 5554 vma..r..saip.'zas“margins:
2125 5465 3009 5554 g.a"iﬁga'.s;;.".at.iiiiaessit;si
3034 5465 3387 5554 peregrinis
3417 5465 3681 5554 cumulati:

439 5568 629 5625 manas
659 5538 956 5625 divitiasin
994 5538 1314 5625 peregrinas
1343 5538 1402 5608 et
1431 5538 1785 5624 sumptuosus
1813 5563 2018 5617 vestes,
2127 5538 2258 5625 tinis
2291 5555 2418 5625 alii,
2450 5538 2762 5625 aliiﬁMysiis
2789 5564 2847 5611 et
2896 5538 3214 5625 Triballicis
3237 5592 3251 5613 ,
3297 5538 3388 5625 alii
3432 5538 3684 5625 δγτὶξῇξξ

444 5604 1832 5694 gerulas;assesaeis'miigs;'aiq.‘.‘.'i(.i;e:s;
1856 5604 2022 5676 an};
2125 5604 2426 5680 alienati;
2451 5604 2766 5684 iterasti;
2794 5604 3328 5694 ingeniisque
3366 5619 3420 5672 in
3455 5604 3683 5694 vestistis

441 5707 502 5766 ac
533 5671 718 5745 solerti
771 5671 1846 5766 aFtiﬁcio‘con’fectas.effundirellicta
1891 5708 2022 5766 san-
2125 5671 3681 5766 Bttéél'éaséej'a'JéES—ul“ﬁltiteﬁtiores’novitategigljj

441 5760 622 5817 xisse.
675 5775 742 5834 ne
780 5761 903 5826 quis
950 5762 1301 5834 subditorum
1358 5764 1428 5817 iis
1486 5751 1755 5826 uteretur,
1808 5762 2022 5834 sedAiis
2125 5774 2375 5834 quamet
2416 5751 2631 5833 imperii
2675 5751 3108 5819 destructionem
3136 5803 3150 5827 ,
3188 5761 3284 5834 sed
3324 5766 3377 5812 et
3419 5751 3680 5834 instituto-

445 5829 690 5885 contenti
738 5839 944 5898 essent,
976 5846 1112 5900 quas
1156 5833 1414 5892 Romana:
1467 5835 1765 5903 provincia:
1810 5831 2023 5904 praehe-
2127 5829 2250 5893 rum
2283 5833 2450 5894 ﬁnem
2491 5829 2552 5894 ac
2582 5850 2802 5894 morum
2834 5834 2961 5893 inde
2990 5835 3132 5893 male
3162 5832 3553 5892 ominarentur-
