4048 6456
353 451 459 514 889

1646 451 2052 514 ANNALIUM
2091 452 2243 518 LIB.
2282 454 2355 518 Χ.

3503 463 3614 528 890

356 560 436 622 εἰς
467 557 629 613 αύτδν
659 558 1023 630 ἐμϐάλλοντος
1068 557 1441 628 γλυκαίνεται.
1469 557 1740 613 Κάκεῖθεν
1769 559 1849 623 είς
1877 559 1939 612 16

2041 557 2179 614 Cum
2210 575 2374 618 nemo
2411 569 2602 618 contra
2650 563 2878 619 classem
2913 565 3194 636 educeret,
3228 585 3409 642 neque
3457 574 3620 644 quid-

361 653 582 707 ’Δκτιον
611 652 784 707 ἔπλει.
834 651 920 714 Ὠς
947 652 994 704 δ’
1033 651 1206 715 οὐδεὶς
1237 649 1360 704 οὔτε
1409 651 1684 715 ἁντέπλει,
1717 649 1840 704 οὔτε
1871 653 1928 716 ἐς

358 747 548 816 λόγους
585 745 674 817 ᾔει
729 745 902 815 αὐτῷ,
938 745 970 817 ἢ
1002 746 1138 815 πρδς
1171 744 1352 814 μάχην
1381 743 1414 814 ἢ
1447 742 1586 814 πρὸς
1634 742 1928 814 ὁμολογίαν

357 838 748 908 ἐκκαλουμένῳ
777 837 902 900 τοὺς
963 836 1262 899 ἐναντίους,
1311 834 1577 888 κατέλαϐε
1627 836 1688 889 τὸ
1730 835 1931 905 χωρίον

356 933 514 986 τοῦτο
546 933 604 984 ἐν
634 925 677 999 ᾧ
709 927 805 983 νῦν
826 934 972 983 ἐστιν
1001 932 1035 1000 ή
1077 929 1397 993 Νικόπολις,
1432 929 1542 981 κάκ
1570 927 1764 980 τούτου
1793 927 1930 996 ἐφή-

356 1025 516 1095 δρευε
543 1023 621 1094 τῷ
663 1022 865 1094 Ἀκτίῳ
896 1022 1039 1075 κατὰ
1069 1024 1174 1092 γῆν
1201 1037 1262 1075 τε
1292 1021 1388 1074 καὶ
1427 1019 1726 1073 θάλασσαν.
1779 1019 1851 1071 Τὸ
1875 1017 1934 1070 δὲ

359 1117 578 1169 Ἄκτιον
628 1116 678 1168 οί
749 1113 845 1168 τοῦ
917 1113 1215 1167 ’Δντωνίου
1281 1110 1792 1184 προκατελάϐοντο,
1841 1109 1935 1162 καὶ

356 1207 588 1278 πύργοις
637 1207 940 1278 ὠχύρωσαν
979 1204 1340 1275 ἑκατέρωθεν.
1401 1203 1558 1258 Ἐπεὶ
1598 1203 1655 1255 δὲ
1711 1202 1810 1273 τὴν
1839 1202 1934 1256 τοῦ

356 1299 636 1367 Καίσαρος
695 1296 878 1366 ἄφιξιν
933 1295 1166 1350 ἐπύθετο
1219 1297 1248 1350 6
1315 1296 1638 1360 Ἀντώνιος,
1693 1293 1934 1364 ἠπείχθη

359 1389 498 1460 μετὰ
545 1390 655 1442 τῶν
691 1388 818 1460 περὶ
855 1388 1023 1442 αὑτὸν
1077 1389 1158 1452 είς
1188 1387 1250 1441 16
1305 1387 1563 1440 ’Λκτιονο
1627 1386 1728 1439 οὐκ
1775 1385 1940 1448 εὐθὺς

358 1481 541 1551 μέντοι
570 1482 665 1535 καὶ
697 1480 1027 1550 ἠγωνίσατο,
1067 1479 1248 1534 καίτοι
1306 1477 1401 1533 τοῦ
1449 1477 1728 1547 Καίσαρος
1775 1475 1939 1528 παντὶ

353 1573 504 1643 τόπῳ
531 1576 610 1636 είς
640 1573 827 1642 ἀγῶνα
851 1571 1040 1626 τοῦτον
1067 1570 1370 1640 ἐνάγοντος
1389 1584 1402 1601 ⁸
1451 1567 1870 1641 ἀκροϐολισμοῖς
1893 1565 1939 1619 δ’

354 1668 446 1720 ἐπὶ
478 1668 696 1731 πλείους
721 1667 935 1740 ἡμέρας
961 1667 1272 1738 ἐχρήσατο,
1307 1665 1471 1735 μέχρι
1518 1662 1841 1733 συνήθροισε
1874 1661 1942 1713 τά

357 1759 761 1831 στρατεύματα.
801 1760 858 1813 '0
891 1760 948 1813 δὲ
976 1761 1194 1828 Καῖσαρ
1235 1760 1316 1820 είς
1347 1757 1449 1826 τὴν
1485 1754 1714 1809 Ἐλλάδα
1746 1755 1848 1824 τήν
1880 1769 1939 1806 τε

356 1852 695 1906 Μακεδονίαν
748 1852 966 1924 ἔπεμψε
1005 1851 1293 1923 στρατιὰν,
1349 1851 1502 1913 ὅπως
1558 1847 1697 1920 πρὸς
1755 1847 1942 1900 ἐκεῖνα

2041 667 2208 723 quam
2244 655 2327 708 vel
2385 656 2451 710 ad
2499 670 2738 726 pugnam
2795 659 2880 713 vel
2932 660 3000 715 ad
3057 660 3394 718 deditionem
3430 664 3617 724 hostes
3731 693 3734 698 -

2037 745 2364 813 provocanti
2412 747 2854 816 responderent:
2895 765 3022 804 eum
3074 754 3365 824 occupavit
3405 756 3614 824 locum,

2034 835 2089 889 in
2127 852 2238 906 quo
2291 852 2439 893 nunc
2489 847 2576 894 est
2619 839 2915 911 Nic0polis,
2971 842 3159 913 ibique
3201 844 3349 901 circa
3395 847 3614 904 Actium

2035 934 2184 980 terra
2213 929 2460 998 marique
2486 930 2752 985 stationes
2776 932 2989 988 habuit.
3022 934 3161 989 Nam
3189 935 3364 1006 ipsum
3396 937 3614 995 Actium

1999 1011 2003 1024 ’
2033 1018 2334 1075 Antoniani
2363 1033 2803 1092 praeoccupatum
2837 1026 3085 1081 turribus
3110 1028 3370 1098 utrinque
3401 1030 3620 1086 munie-

2037 1119 2182 1165 rant.
2219 1113 2492 1170 Antonius
2523 1114 2766 1170 adventu
2803 1115 3036 1174 Caesaris
3063 1120 3304 1190 cognito,
3339 1135 3464 1176 cum
3502 1123 3620 1180 suis

2035 1204 2253 1259 Actium
2287 1207 2642 1276 properavit:
2701 1206 2861 1278 525
2896 1210 2991 1266 scd
3027 1226 3136 1265 non
3167 1212 3354 1266 statim
3409 1229 3624 1285 pugna-

2041 1295 2138 1361 vit,
2175 1297 2427 1366 quamvis
2473 1312 2502 1351 a
2546 1297 2758 1354 Caesare
2794 1301 2973 1357 modis
3024 1303 3284 1360 omnibus
3315 1304 3621 1363 lacessere-

2039 1394 2168 1446 tur;
2211 1388 2585 1444 tumultuariis
2617 1400 2800 1446 tamen
2851 1395 3052 1462 pugnis
3089 1409 3188 1464 per
3217 1395 3338 1451 dies
3370 1398 3623 1468 complu-

2039 1493 2132 1534 res
2157 1481 2412 1544 certavit,
2446 1480 2628 1537 donec
2666 1483 3024 1539 conduxisset
3055 1500 3186 1540 suos
3218 1487 3517 1542 exercitus.
3550 1488 3622 1543 At

2039 1569 2222 1626 Caasar
2251 1572 2306 1625 in
2336 1571 2599 1628 Graeciam
2634 1585 2689 1629 et
2721 1573 3097 1630 Macedoniam
3125 1576 3277 1632 misit
3323 1579 3533 1647 copias,
3561 1587 3623 1633 ut

2041 1663 2342 1719 Antonium
2378 1665 2464 1720 vel
2497 1665 2728 1720 invitum
2781 1667 2912 1721 illuc
2959 1668 3325 1737 pertraheret.
3379 1669 3623 1742 Agrippa

2043 1753 2228 1810 subito
2267 1771 2490 1810 accessu
2515 1755 2768 1812 Leucade
2800 1765 2857 1812 et
2880 1758 3114 1813 navibus
3164 1758 3314 1816 illius
3342 1760 3450 1816 loci
3483 1763 3628 1832 poti-

2047 1851 2138 1901 tus
2161 1855 2266 1907 cst,
2321 1846 2513 1902 Patras
2565 1847 2734 1916 cepit,
2785 1847 3116 1904 Corinthum
3165 1851 3233 1906 ad
3286 1851 3623 1908 deditionem

358 1943 662 2016 μενετέγκῃ
694 1943 789 1998 καὶ
815 1944 1022 1998 ἄκοντα
1043 1944 1136 1999 τὸν
1157 1943 1469 1997 Ἀντώνιον.
1501 1940 1612 1995 Kal
1649 1939 1678 1992 6
1703 1938 1941 2008 Ἀγρίπ-

2045 1937 2332 2007 compulit.
2367 1937 2526 1994 Titus
2571 1939 2786 2014 Marcus
2831 1949 2888 1996 et
2917 1941 3131 1998 Taurus
3160 1941 3428 2011 Statilius,
3466 1945 3624 2014 equi-

355 2051 464 2097 πας
486 2034 588 2104 τῆς
617 2052 675 2087 τε
697 2036 969 2098 Λευκάδος
999 2036 1094 2089 καὶ
1120 2035 1230 2088 τῶν
1259 2036 1320 2089 ἐν
1367 2033 1542 2104 ταύτῃ
1587 2031 1815 2100 σκαφῶν
1851 2031 1937 2084 αἰ-

355 2127 578 2193 φνιδίως
603 2127 940 2190 ἐπιπλεύσας
969 2126 1264 2198 ἐκράτησε,
1303 2126 1400 2189 καὶ
1428 2127 1652 2195 Πάτρας
1697 2117 1811 2177 είλε
1845 2123 1943 2177 καὶ

353 2217 452 2282 τὴν
487 2217 749 2288 Κόρινθον
783 2221 1186 2288 παρεστήσατο.
1220 2219 1332 2270 Kal
1364 2217 1392 2268 6
1435 2216 1601 2280 Τῖτος
1635 2217 1661 2269 6
1692 2216 1940 2287 Μάρκος,

356 2307 570 2378 Ταῦρός
628 2327 687 2362 τε
717 2311 746 2362 6
774 2309 1054 2370 Στατίλιος
1111 2309 1174 2362 16
1221 2309 1450 2362 ἱππικὸν
1493 2307 1590 2361 τοῦ
1654 2306 1940 2360 Ἀντωνίου

355 2399 552 2468 ἀθρόον
591 2398 958 2469 ἐκδραμόντες
992 2399 1274 2469 συνέσχον,
1307 2401 1402 2453 καὶ
1425 2399 1754 2468 Φιλάδελφον
1784 2398 1943 2469 βασι-

357 2490 456 2543 λέα
485 2491 870 2562 Παφλαγονίας
897 2492 1391 2562 προσεποιήσαντο.
1427 2491 1540 2544 Kal
1565 2493 1593 2544 6
1621 2489 1876 2560 Δομίτιος
1910 2488 1940 2541 6

358 2583 547 2647 Γναῖος
569 2587 659 2638 καὶ
690 2584 842 2638 ἄλλοι
864 2583 944 2654 τῷ
987 2584 1228 2654 Καίσαρι
1258 2581 1716 2654 προσεχώρησαν.
1765 2579 1943 2649 Φοϐη-

359 2672 473 2739 θεὶς
501 2675 596 2730 οὖν
624 2678 652 2729 6
683 2677 996 2744 Ἀντώνιος,
1032 2676 1106 2749 μὴ
1160 2678 1273 2730 ὅσοι
1329 2678 1388 2740 ἐς
1440 2675 1542 2746 τὴν
1600 2672 1943 2728 Μακεδονίαν

361 2767 457 2820 καὶ
479 2766 577 2839 τὴν
591 2767 809 2840 Θρᾴκην
843 2769 1204 2840 ἐπέμφθησαν
1227 2767 1360 2838 παρ’
1389 2765 1578 2834 αὑτοῦ,
1606 2765 1682 2836 τῷ
1703 2764 1944 2834 Καίσαρι

362 2859 728 2932 πρόσθωνται,
755 2862 985 2933 ὥρμησε
1019 2861 1157 2933 πρὸς
1189 2859 1421 2923 αὐτούς.
1471 2859 1590 2911 Κάν
1611 2856 1790 2928 τούτῳ
1816 2872 1947 2909 ναυ-

363 2951 535 3023 μαχία
563 2970 646 3016 τις
680 2953 937 3022 συνέστη,
983 2954 1081 3006 καὶ
1129 2953 1282 3022 παρὰ
1311 2950 1410 3021 μὲν
1439 2952 1506 3021 τῇ
1546 2946 1742 3019 πρώτῃ
1777 2963 1947 3017 προσ·

359 3043 488 3117 ϐολῇ
532 3045 830 3117 ἐτρέψαντο
872 3046 922 3098 οί
964 3044 1056 3098 τοῦ
1125 3043 1416 3097 Ἀντωνίου
1483 3043 1610 3106 τοὺς
1661 3039 1944 3109 Καίσαρος

359 3135 579 3204 ὀλίγους
639 3135 822 3198 ὄντας.
879 3134 990 3189 Τοῦ
1047 3135 1105 3190 δὲ
1149 3135 1484 3207 Ἀγρίππου,
1533 3125 1578 3202 ᾧ
1613 3134 1722 3186 πᾶν
1763 3132 1946 3186 ἀνεῖτο

360 3229 424 3282 16
445 3227 544 3282 τοῦ
576 3228 852 3298 Καίσαρος
887 3228 1160 3296 ναυτικὸν,
1204 3227 1348 3283 κατὰ
1371 3231 1545 3299 τύχην
1568 3226 1944 3298 ἐπιδημήσαν-
1970 3268 2012 3327 c

245 3371 254 3378 ,
356 3331 470 3380 τος.
495 3318 554 3372 οὐ
581 3319 739 3388 μόνον
762 3318 914 3372 οὐδὲν
938 3320 1040 3390 τῆς
1059 3319 1218 3392 νίκης
1245 3320 1295 3372 οί
1321 3319 1417 3374 τοῦ
1459 3319 1750 3374 Ἀντωνίου
1781 3317 1939 3373 ἀπώ-

358 3425 540 3477 ναντο,
567 3409 701 3465 ἀλλὰ
738 3413 833 3466 καὶ
853 3411 1155 3466 ἀπώλοντο.
1194 3413 1304 3466 Καὶ
1326 3411 1414 3466 διὰ
1442 3412 1603 3467 τοῦτο
1628 3410 1942 3466 ἐπανελθὼν

359 3498 388 3553 6
427 3498 712 3564 Ἀντώνιος
747 3501 1064 3573 ἱππομαχίᾳ
1095 3503 1206 3555 τινὶ
1225 3503 1366 3575 πρὸς
1398 3503 1500 3574 τὴν
1530 3502 1627 3556 τοῦ
1657 3503 1944 3574 Καίσαρος

358 3587 715 3660 προφυλακὴν
743 3589 978 3660 ἡττήθη.
1010 3589 1121 3643 Kal
1155 3591 1282 3643 ἐπεὶ
1320 3589 1388 3643 τά
1438 3588 1730 3660 ἐπιτήδεια
1778 3588 1942 3642 αὐτὸν

357 3679 598 3749 ἤρξαντο
619 3680 944 3745 ἐπιλείπειν,
972 3681 1174 3754 βουλὴν
1197 3682 1504 3753 ἐποιήσατο
1540 3680 1771 3752 πότερον
1797 3678 1944 3733 κατὰ

357 3771 544 3844 χώραν
579 3773 868 3843 μείναντες
897 3773 1456 3842 διακινδυνεύσουσιν,
1499 3771 1533 3843 ἢ
1574 3771 1943 3843 μεταστάντες

357 3868 535 3939 χρόνῳ
558 3867 652 3922 16v
691 3867 930 3940 πόλεμον
953 3868 1298 3937 διενέγκωσι.
1334 3867 1448 3922 Kal
1474 3865 1632 3922 ἄλλοι
1668 3866 1769 3937 μὲν
1803 3865 1942 3920 ἄλλα

357 3957 807 4026 συνεϐούλευσαν,
859 3961 894 4032 ή
928 3960 987 4014 δέ
1031 3977 1096 4028 γε
1140 3959 1493 4031 Κλεοπάτρα,
1526 3957 1598 4012 τὰ
1649 3955 1942 4028 ἐπικαιρό-

355 4069 494 4108 τατα
529 4051 640 4107 τῶν
671 4051 886 4124 χωρίων
917 4053 1185 4122 φρουραῖς
1256 4049 1656 4122 παραδοθῆναι,
1689 4051 1785 4104 καὶ
1816 4048 1944 4112 τοὺς

355 4141 577 4206 λοιποὺς
606 4142 916 4211 συναπᾶραι
944 4142 1130 4204 αὐτοῖς
1157 4143 1238 4205 είς
1269 4140 1374 4211 τὴν
1398 4141 1676 4208 Αἴγυπτον
1704 4138 1942 4209 συμϐου-

357 4235 623 4304 λεύσασα,
650 4236 924 4306 ἐνίκησε.·
951 4235 1045 4300 Εἰς
1079 4233 1137 4286 δὲ
1164 4233 1370 4304 ταύτην
1401 4226 1535 4298 ἦλθε
1563 4232 1664 4302 τὴν
1714 4231 1944 4301 γνώμην

357 4329 466 4384 ὑπὸ
495 4329 741 4400 σημείων
791 4325 1180 4399 θορυϐηθεῖσα,
1207 4324 1302 4380 καὶ
1329 4325 1395 4379 ἐκ
1426 4323 1528 4393 τῆς
1555 4323 1650 4376 τοῦ
1681 4321 1943 4393 στρατεύ-

356 4441 526 4494 ματος
549 4421 790 4494 ἀθυμίας
833 4421 932 4475 καὶ
959 4418 1276 4492 ἀρρωστίας
1300 4417 1547 4483 δείσασα,
1569 4418 1664 4471 καὶ
1689 4414 1781 4468 16v
1821 4414 1942 4468 'Av-

354 4516 547 4571 τώνιον
599 4515 952 4584 ἐξεφόϐησεν.
999 4513 1074 4566 Οὐ
1137 4511 1324 4582 μέντοι
1379 4508 1580 4580 λάθρα,
1649 4506 1771 4562 οὐδὲ
1832 4505 1941 4577 μὴν

2045 2034 2217 2081 tatum
2245 2029 2472 2083 Antonii
2521 2029 2705 2086 subita
2732 2033 3063 2088 excursione
3099 2045 3386 2104 ceperunt,
3419 2046 3473 2091 et
3497 2036 3624 2092 Phi-

2043 2119 2360 2190 ladelphum
2396 2120 2779 2193 Paphlagoniae
2817 2137 3002 2194 regem
3050 2123 3103 2180 in
3135 2139 3262 2181 suas
3298 2133 3481 2195 partes
3512 2133 3625 2182 tra-

2043 2211 2342 2266 duxerunt.
2373 2211 2476 2268 Cn.
2509 2215 2640 2269 item
2667 2215 2940 2271 Domitius
2969 2224 3026 2272 et
3055 2216 3145 2271 alii
3171 2215 3238 2272 ad
3271 2216 3541 2274 Caesarem
3565 2233 3625 2273 se

2042 2305 2419 2361 contulerunt.
2469 2306 2694 2362 Veritus
2741 2306 2912 2378 igitur
2959 2308 3254 2376 Antonius,
3311 2325 3382 2364 ne
3416 2310 3453 2364 ii
3483 2325 3626 2379 quos

2045 2395 2102 2450 in
2149 2396 2521 2452 Macedoniam
2566 2406 2623 2453 et
2667 2398 2961 2454 Thraciam
3003 2399 3264 2462 misisset,
3302 2398 3448 2454 idem
3475 2399 3624 2456 face-

2043 2496 2188 2554 rent,
2216 2488 2285 2544 ad
2314 2503 2412 2544 eos
2436 2491 2774 2560 properavit.
2807 2491 3025 2546 Interea
3063 2491 3358 2547 conflictus
3396 2492 3624 2562 quidam

2045 2583 2182 2638 mari
2230 2583 2408 2640 factus
2441 2592 2529 2640 est
2556 2601 2570 2638 :
2619 2591 2676 2639 et
2704 2583 3028 2651 Caesariani,
3077 2585 3239 2654 pauci
3271 2599 3525 2649 numero,
3555 2583 3625 2638 ab

2042 2671 2373 2728 Antonianis
2419 2672 2695 2743 principio
2735 2673 2900 2742 pulsi.
2952 2672 3058 2729 Sed
3113 2673 3346 2729 fortuito
3372 2674 3626 2744 Agrippa:

2043 2774 2405 2834 superventu.
2440 2764 2532 2834 qui
2560 2766 2657 2819 toti
2685 2763 3008 2821 Caesarianae
3033 2766 3193 2822 classi
3229 2775 3484 2837 praeerat,
3550 2764 3630 2820 fa-

2045 2865 2192 2912 ctum
2211 2865 2316 2921 est,
2341 2865 2399 2910 ut
2428 2856 2506 2911 illi
2537 2871 2644 2911 non
2678 2855 2842 2911 modo
2873 2857 3087 2911 nullum
3121 2857 3361 2914 victoriae
3387 2856 3626 2913 fructum

2044 2958 2327 3018 caperent,
2353 2947 2448 3003 sed
2473 2948 2640 3003 etiam
2671 2947 2986 3004 interirent.
3014 2949 3132 3015 Qua
3161 2947 3230 3003 de
3251 2963 3418 3004 causa
3439 2962 3628 3002 rever-

2045 3055 2138 3096 sus
2169 3039 2462 3106 Antonius,
2492 3039 2733 3110 equestri
2777 3039 3080 3096 certamine
3120 3055 3247 3096 cum
3287 3039 3482 3110 primis
3505 3036 3628 3095 Ca2-

2045 3135 2184 3190 saris
2209 3135 2458 3191 excubiis
2483 3150 2830 3207 congressus,
2861 3135 3174 3191 succubuit.
3216 3133 3284 3188 Et
3319 3138 3447 3204 quia
3471 3148 3628 3189 com-

2047 3235 2258 3283 meatus
2301 3228 2535 3297 penuria
2594 3227 2846 3283 laborare
2899 3226 3215 3298 incipiebat,
3263 3224 3498 3280 concilio
3539 3225 3627 3279 in-

2045 3322 2214 3378 ducto
2257 3322 2605 3386 deliberavit,
2661 3337 2733 3376 an
2787 3319 3147 3387 manendum,
3201 3327 3258 3375 et
3289 3317 3478 3374 martis
3507 3316 3626 3372 alea

2044 3413 2446 3483 periclitanda:
2499 3428 2568 3468 an
2619 3427 2753 3467 vero
2798 3411 2908 3467 alio
2959 3410 3301 3477 abeundum,
3330 3419 3388 3465 et
3416 3408 3623 3464 bellum

2045 3504 2356 3560 ducendum
2387 3513 2553 3561 esset.
2606 3504 2745 3560 Aliis
2771 3503 2924 3560 aliud
2975 3501 3351 3566 censentibus,
3389 3501 3624 3572 Cleopa-

2045 3604 2142 3650 trae
2181 3596 2454 3654 sententia
2497 3595 2650 3660 vicit,
2687 3604 2749 3651 ut
2794 3592 3283 3666 opportunissimis
3309 3592 3446 3649 locis
3478 3607 3624 3663 pra:-

2045 3687 2184 3744 sidia
2217 3689 2658 3759 imponerentur,
2685 3687 2870 3744 caeteri
2897 3702 3088 3743 secum
3117 3687 3172 3741 in
3201 3683 3494 3756 Egyptum
3522 3699 3628 3738 na-

2045 3781 2317 3851 vigarent.
2345 3780 2405 3835 ld
2433 3789 2616 3835 autem
2651 3779 2870 3835 consilii
2905 3779 3073 3849 cepit,
3109 3786 3225 3832 tum
3254 3777 3402 3847 quod
3435 3774 3627 3846 prodi-

2042 3873 2148 3943 giis
2174 3872 2507 3944 quibusdam
2538 3871 2873 3936 terrebatur,
2897 3879 3012 3926 tum
3039 3870 3168 3941 quia
3217 3868 3496 3925 exercitus
3521 3868 3623 3923 de-

2045 3965 2420 4035 sperationem
2453 3973 2510 4019 et
2540 3963 2794 4019 morbum
2825 3963 3052 4020 timebat
3078 3979 3092 4016 :
3128 3960 3372 4016 Antonio
3401 3975 3623 4030 quoque

2045 4064 2315 4112 terrorem
2367 4055 2621 4111 incussit.
2675 4054 2783 4110 Sed
2814 4055 2944 4124 quia
2993 4067 3174 4123 neque
3220 4051 3386 4115 clam,
3443 4065 3624 4121 neque

2042 4147 2210 4202 etiam
2244 4154 2434 4216 aperte
2460 4155 2721 4217 tanquam
2755 4145 3029 4217 fugientes
3057 4144 3209 4200 abire
3237 4143 3517 4208 volebant,
3553 4157 3623 4197 ne

2043 4239 2214 4296 sociis
2248 4246 2519 4294 terrorem
2566 4238 2904 4305 incuterent,
2954 4237 3053 4292 sed
3111 4244 3374 4306 tanquam
3417 4235 3484 4288 ad
3518 4250 3622 4305 pu-

2042 4347 2204 4402 gnam
2261 4331 2439 4402 parati
2493 4330 2728 4386 navibus
2785 4329 3012 4400 optimis
3059 4327 3322 4392 delectis.
3379 4335 3437 4382 et
3491 4325 3622 4395 quia

2043 4423 2241 4480 morbo
2273 4435 2330 4480 et
2363 4423 2678 4495 transfugiis
2698 4423 2968 4493 remigum
3002 4420 3328 4476 imminutus
3361 4428 3480 4474 erat
3514 4435 3621 4474 nu-

2045 4525 2255 4582 mel‘us,
2308 4516 2540 4587 reliquis
2590 4514 2870 4581 crematis,
2924 4523 2979 4569 et
3007 4523 3172 4568 noctu
3205 4510 3624 4583 pretiosissimis

361 4609 611 4681 φανερῶς
636 4607 938 4662 ἐκπλεῦσαι
969 4604 1046 4668 ὡς
1078 4603 1374 4674 φεύγοντες
1411 4599 1828 4664 ἐϐουλεύσαντο,
1849 4597 1939 4650 ἵνα

2045 4609 2362 4681 quibusque
2415 4609 2585 4664 rebus
2629 4608 2768 4663 clam
2823 4605 3011 4671 illatis,
3065 4606 3131 4660 ad
3171 4605 3536 4674 navigandum
3564 4617 3623 4659 se

360 4704 437 4775 μὴ
464 4705 546 4767 είς
599 4701 717 4766 δέος
769 4701 898 4763 τοὺς
946 4697 1273 4769 συμμάχους
1316 4692 1671 4766 ἐμϐάλωσινο
1707 4689 1823 4744 ἀλλ’
1861 4689 1939 4751 ώς

354 4797 447 4851 ἐπὶ
500 4793 810 4865 ναυμαχίαν
873 4788 1442 4862 παρασκευαζόμενοι,
1509 4782 1805 4841 κάντεῦθεν
1870 4780 1940 4836 τά

351 4891 550 4960 ἄριστα
579 4886 688 4940 τῶν
710 4885 934 4954 σκαφῶν
955 4881 1330 4952 ἐκλεξάμενοι,
1357 4879 1438 4933 ὅτι
1483 4879 1547 4930 ἐκ
1597 4876 1698 4945 τῆς
1731 4873 1941 4944 φθορᾶς

352 4999 413 5035 τε
446 4984 542 5038 καὶ
569 4982 668 5052 τῆς
692 4977 1024 5049 αὐτομολίας
1067 4978 1116 5031 oi
1164 4975 1352 5044 ἐρέται
1385 4967 1722 5042 ήλάττωντο,
1769 4965 1932 5020 κατέ-

360 5089 585 5145 πρησαν
612 5071 680 5126 τά
703 5069 889 5135 λοιπὰ,
920 5069 1016 5123 καὶ
1053 5065 1272 5138 νύκτωρ
1312 5064 1492 5119 πάντα
1523 5062 1592 5117 τά
1625 5059 1941 5132 τιμιώτατα

351 5167 632 5239 λαθραίως
671 5165 1007 5236 ἐμϐαλόντες
1070 5162 1279 5224 αὐτοῖς,
1337 5157 1536 5226 ἕτοιμα
1593 5157 1671 5217 είς
1704 5152 1939 5206 ἔκπλουν

245 5249 250 5258 ’
353 5260 644 5330 ἐποίησαν.
672 5257 782 5310 Kal
811 5255 938 5319 τοὺς
985 5250 1325 5324 στρατιώτας
1378 5246 1763 5318 παρεθάρρυνε
1801 5242 1940 5314 πρὸς

351 5355 454 5423 τὴν
478 5349 814 5420 ναυμαχίαν,
845 5346 1158 5417 διαλεχθεὶς
1194 5345 1376 5407 αὐτοῖς
1414 5342 1443 5394 6
1484 5338 1796 5402 Ἀντώνιος.
1828 5339 1941 5392 Kal

351 5438 769 5504 οὕτως’πάντας
798 5437 899 5508 μὲν
919 5436 1047 5498 τοὺς
1074 5435 1326 5505 πρώτους
1356 5432 1465 5487 τῶν
1496 5430 1766 5484 συνόντων
1789 5426 1940 5500 αὐτῷ

351 5530 431 5594 είς
455 5529 556 5593 τὰς
583 5526 715 5592 ναῦς
740 5525 1079 5588 ἐνεϐίϐασεν,
1105 5524 1192 5578 ἵνα
1223 5524 1294 5594 μή
1320 5541 1372 5577 τι
1401 5522 1828 5593 νεωτερίσωσιν,
1855 5521 1935 5584 ῶς

351 5624 380 5678 6
417 5622 634 5686 Δέλλιος
660 5623 756 5676 καὶ
778 5619 929 5675 ἄλλοι
962 5618 1106 5682 τινές
1136 5616 1613 5686 αὐτομολήσαντες
1637 5632 1651 5647 ·
1674 5615 1940 5683 παμπλη-

352 5716 466 5780 θεῖς
497 5714 554 5769 δέ
584 5715 680 5769 καὶ
728 5712 954 5778 τοξότας
996 5712 1093 5765 καὶ
1143 5708 1515 5780 σφενδονήτας
1561 5707 1657 5763 καὶ
1707 5706 1938 5771 ὁπλίτας

351 5805 660 5862 ἐνεϐίϐασε.
727 5803 988 5875 Τριήρεις
1049 5800 1152 5872 μὲν
1204 5799 1315 5872 γὰρ
1350 5799 1538 5868 ὀλίγας
1575 5793 1742 5870 εἶχεν,
1792 5798 1850 5852 αί
1879 5797 1939 5851 δὲ

351 5896 538 5972 λοιπαὶ
567 5898 855 5972 τετρήρεις
888 5895 982 5950 καὶ
1011 5893 1267 5966 δεκήρεις
1299 5887 1443 5966 ἦσαν
1476 5891 1648 5963 αύτῷ.
1713 5892 1936 5962 Καίσαρ

2047 4697 2451 4753 instruxerunt.
2502 4696 2776 4751 Antonius
2821 4695 3028 4750 milites
3076 4710 3177 4764 pro
3237 4695 3502 4750 concione
3552 4691 3622 4749 ad

2042 4805 2283 4862 pugnam
2313 4789 2586 4855 incitavit,
2619 4797 2780 4859 atque
2825 4785 2900 4842 ita
2934 4786 3206 4857 primores
3237 4803 3431 4843 omnes
3459 4786 3622 4842 fami-

2041 4884 2264 4940 liarium
2303 4896 2532 4939 suorum
2580 4881 2636 4936 in
2687 4895 2858 4936 naves
2889 4881 3173 4950 imposuit,
3208 4895 3278 4935 ne
3317 4879 3451 4950 quid
3489 4878 3621 4933 novi

2042 4974 2410 5030 molirentur:
2453 4981 2516 5027 ut
2557 4971 2766 5028 Dellius
2797 4979 2853 5026 et
2900 4971 2993 5026 alii
3028 4971 3321 5041 transfugae
3355 4971 3620 5026 fecerant.

2041 5065 2214 5133 Quam
2245 5065 2518 5136 plurimos
2543 5063 2708 5120 etiam
2744 5062 3074 5128 funditores,
3105 5063 3421 5134 sagittarios
3453 5069 3508 5116 et
3531 5077 3620 5114 ar-

2041 5164 2220 5211 matos
2265 5153 2552 5224 imposuit.
2605 5149 2888 5208 Triremes
2913 5150 3076 5222 526
3101 5151 3248 5206 enim
3285 5164 3486 5220 paucas
3517 5149 3619 5202 ha-

2041 5245 2228 5310 bebat,
2283 5252 2497 5300 caetera:
2547 5242 2932 5312 quadriremes
2974 5248 3031 5294 et
3086 5239 3391 5294 deciremes
3437 5245 3618 5292 erant.

2039 5334 2222 5392 Caesar
2246 5349 2440 5390 eorum
2476 5332 2844 5387 instructione
2870 5331 3007 5392 visa.
3036 5339 3229 5384 contra
3261 5342 3319 5384 se
3351 5327 3618 5397 parabat:

2039 5426 2136 5482 sed
2166 5441 2359 5483 eorum
2389 5424 2624 5480 consilio
2654 5433 2766 5478 tum
2798 5437 2866 5476 ex
2896 5421 3040 5489 aliis,
3073 5428 3190 5474 tum
3221 5434 3286 5473 ex
3316 5417 3489 5471 Dellio
3523 5430 3621 5470 co-

2039 5521 2214 5592 gnito,
2249 5517 2555 5574 exercitum
2607 5512 2973 5570 convocavit:
3031 5525 3194 5582 quem
3249 5509 3380 5563 dum
3411 5507 3478 5563 ad
3513 5523 3620 5577 puo

2039 5599 2581 5682 gnam‘cohortatur,
2617 5605 2825 5676 ingenti
2857 5603 3020 5658 imbri
3053 5611 3110 5657 et
3139 5600 3358 5657 turbine
3391 5600 3444 5654 in
3475 5599 3619 5655 clas-

2036 5720 2154 5761 sem
2201 5702 2426 5760 Antonli
2492 5701 2665 5764 illato,
2702 5705 2981 5768 resumpta
3013 5694 3238 5755 ﬁducia.
3273 5707 3466 5750 eorum
3500 5691 3622 5748 abi-

2040 5805 2156 5853 tum
2209 5791 2539 5850 observavit.
2595 5789 2846 5859 Cumque
2892 5785 3189 5842 Antoniani
3233 5784 3288 5839 in
3328 5781 3618 5854 procinctu

2041 5893 2274 5956 starent,
2315 5899 2418 5943 nec
2463 5891 2643 5940 tamen
2690 5879 2998 5952 prodirent,
3054 5877 3110 5934 in
3160 5875 3348 5934 animo
3396 5872 3615 5938 habuit,
