  <div class='ocr_page' id='page_1' title='image "/cluster/home/n/w/nwhite01/storage/ocr_20150623/134:no.1/coo.31924054870393/454.png"; bbox 0 0 4048 6434; ppageno 0'>
   <div class='ocr_carea' id='block_1_1' title="bbox 263 436 370 498">
    <p class='ocr_par' dir='ltr' id='par_1_1' title="bbox 263 436 370 498">
     <span class='ocr_line' id='line_1_1' title="bbox 263 436 370 498; baseline 0.009 -1"><span class='ocrx_word' id='word_1_1' title='bbox 263 436 370 498; x_wconf 79' lang='lat'><strong>893</strong></span> 
     </span>
    </p>
   </div>
   <div class='ocr_carea' id='block_1_2' title="bbox 1518 433 2230 501">
    <p class='ocr_par' dir='ltr' id='par_1_2' title="bbox 1518 433 2230 501">
     <span class='ocr_line' id='line_1_2' title="bbox 1518 433 2230 501; baseline 0.003 -7"><span class='ocrx_word' id='word_1_2' title='bbox 1518 433 1929 496; x_wconf 81' lang='lat' dir='ltr'><strong>ANNALIUM</strong></span> <span class='ocrx_word' id='word_1_3' title='bbox 1968 437 2040 496; x_wconf 86' lang='lat' dir='ltr'><strong>Ll</strong></span> <span class='ocrx_word' id='word_1_4' title='bbox 2054 436 2117 501; x_wconf 89' lang='grc' dir='ltr'>Β.</span> <span class='ocrx_word' id='word_1_5' title='bbox 2153 437 2230 497; x_wconf 84' lang='grc' dir='ltr'>Χ.</span> 
     </span>
    </p>
   </div>
   <div class='ocr_carea' id='block_1_3' title="bbox 3408 382 3631 500">
    <p class='ocr_par' dir='ltr' id='par_1_3' title="bbox 3408 382 3631 500">
     <span class='ocr_line' id='line_1_3' title="bbox 3408 382 3631 500; baseline -0.004 0"><span class='ocrx_word' id='word_1_6' title='bbox 3408 436 3515 500; x_wconf 66' lang='grc'><strong>894</strong></span> <span class='ocrx_word' id='word_1_7' title='bbox 3624 382 3631 389; x_wconf 27' lang='grc'><strong><em>⁸</em></strong></span> 
     </span>
    </p>
   </div>
   <div class='ocr_carea' id='block_1_4' title="bbox 257 547 1844 622">
    <p class='ocr_par' dir='ltr' id='par_1_4' title="bbox 257 547 1834 622">
     <span class='ocr_line' id='line_1_4' title="bbox 257 547 1834 622; baseline 0.01 -23"><span class='ocrx_word' id='word_1_8' title='bbox 257 552 389 621; x_wconf 58' lang='grc' dir='ltr'>προς</span> <span class='ocrx_word' id='word_1_9' title='bbox 418 547 669 620; x_wconf 77' lang='grc' dir='ltr'>Καίσαρα</span> <span class='ocrx_word' id='word_1_10' title='bbox 692 548 887 619; x_wconf 76' lang='grc' dir='ltr'>λόγους</span> <span class='ocrx_word' id='word_1_11' title='bbox 914 548 1054 621; x_wconf 76' lang='grc' dir='ltr'>ὑπὲρ</span> <span class='ocrx_word' id='word_1_12' title='bbox 1089 550 1319 622; x_wconf 76' lang='grc' dir='ltr'><strong>εἰρήνης</strong></span> <span class='ocrx_word' id='word_1_13' title='bbox 1350 548 1698 620; x_wconf 75' lang='grc' dir='ltr'><strong>κομίζοντας,</strong></span> <span class='ocrx_word' id='word_1_14' title='bbox 1723 551 1834 613; x_wconf 67' lang='grc' dir='ltr'>τοῖς</span> 
     </span>
    </p>
   </div>
   <div class='ocr_carea' id='block_1_5' title="bbox 1947 547 3514 622">
    <p class='ocr_par' dir='ltr' id='par_1_5' title="bbox 1947 548 3514 621">
     <span class='ocr_line' id='line_1_5' title="bbox 1947 548 3514 621; baseline 0.001 -16"><span class='ocrx_word' id='word_1_15' title='bbox 1947 550 2092 606; x_wconf 70' lang='lat' dir='ltr'><strong>teriae</strong></span> <span class='ocrx_word' id='word_1_16' title='bbox 2120 565 2401 616; x_wconf 89' lang='lat' dir='ltr'><strong>coronam,</strong></span> <span class='ocrx_word' id='word_1_17' title='bbox 2439 560 2497 607; x_wconf 92' lang='lat' dir='ltr'><strong>et</strong></span> <span class='ocrx_word' id='word_1_18' title='bbox 2541 551 2730 607; x_wconf 82' lang='lat' dir='ltr'><strong>sellam</strong></span> <span class='ocrx_word' id='word_1_19' title='bbox 2775 550 2981 621; x_wconf 86' lang='lat' dir='ltr'><strong>regiam</strong></span> <span class='ocrx_word' id='word_1_20' title='bbox 3031 548 3200 616; x_wconf 87' lang='lat' dir='ltr'><strong>misit,</strong></span> <span class='ocrx_word' id='word_1_21' title='bbox 3253 556 3514 621; x_wconf 78' lang='lat' dir='ltr'><strong>tanquam</strong></span> 
     </span>
    </p>
   </div>
   <div class='ocr_carea' id='block_1_6' title="bbox 252 638 1832 711">
    <p class='ocr_par' dir='ltr' id='par_1_6' title="bbox 252 638 1832 711">
     <span class='ocr_line' id='line_1_6' title="bbox 252 638 1832 711; baseline -0.001 -16"><span class='ocrx_word' id='word_1_22' title='bbox 252 642 307 695; x_wconf 75' lang='grc' dir='ltr'>δὲ</span> <span class='ocrx_word' id='word_1_23' title='bbox 332 640 583 695; x_wconf 80' lang='grc' dir='ltr'><strong>συνοῦσιν</strong></span> <span class='ocrx_word' id='word_1_24' title='bbox 613 640 763 711; x_wconf 78' lang='grc' dir='ltr'>αὐτῷ</span> <span class='ocrx_word' id='word_1_25' title='bbox 784 640 1046 711; x_wconf 84' lang='grc' dir='ltr'>χρήματα</span> <span class='ocrx_word' id='word_1_26' title='bbox 1065 656 1079 671; x_wconf 78' lang='grc'><strong><em>⁸</em></strong></span> <span class='ocrx_word' id='word_1_27' title='bbox 1105 641 1202 695; x_wconf 79' lang='grc' dir='ltr'><strong>καὶ</strong></span> <span class='ocrx_word' id='word_1_28' title='bbox 1223 642 1256 711; x_wconf 87' lang='grc' dir='ltr'><strong>ή</strong></span> <span class='ocrx_word' id='word_1_29' title='bbox 1276 638 1606 710; x_wconf 80' lang='grc' dir='ltr'>Κλεοπάτρα</span> <span class='ocrx_word' id='word_1_30' title='bbox 1641 640 1832 708; x_wconf 80' lang='grc' dir='ltr'>κρύφα</span> 
     </span>
    </p>
   </div>
   <div class='ocr_carea' id='block_1_7' title="bbox 251 731 1838 806">
    <p class='ocr_par' dir='ltr' id='par_1_7' title="bbox 251 731 1838 806">
     <span class='ocr_line' id='line_1_7' title="bbox 251 731 1838 806; baseline -0.001 -20"><span class='ocrx_word' id='word_1_31' title='bbox 251 734 347 788; x_wconf 84' lang='grc' dir='ltr'><strong>τοῦ</strong></span> <span class='ocrx_word' id='word_1_32' title='bbox 388 732 676 787; x_wconf 84' lang='grc' dir='ltr'>Ἀντωνίου</span> <span class='ocrx_word' id='word_1_33' title='bbox 711 733 991 803; x_wconf 78' lang='grc' dir='ltr'>σκῆπτρον</span> <span class='ocrx_word' id='word_1_34' title='bbox 1027 732 1178 804; x_wconf 88' lang='grc' dir='ltr'>αὐτῷ</span> <span class='ocrx_word' id='word_1_35' title='bbox 1226 732 1473 806; x_wconf 81' lang='grc' dir='ltr'><strong>χρυσοῦν</strong></span> <span class='ocrx_word' id='word_1_36' title='bbox 1512 732 1610 786; x_wconf 77' lang='grc' dir='ltr'>καὶ</span> <span class='ocrx_word' id='word_1_37' title='bbox 1636 731 1838 800; x_wconf 85' lang='grc' dir='ltr'>στέφα-</span> 
     </span>
    </p>
   </div>
   <div class='ocr_carea' id='block_1_8' title="bbox 251 823 1838 895">
    <p class='ocr_par' dir='ltr' id='par_1_8' title="bbox 251 823 1838 895">
     <span class='ocr_line' id='line_1_8' title="bbox 251 823 1838 895; baseline -0.002 -17"><span class='ocrx_word' id='word_1_38' title='bbox 251 842 340 878; x_wconf 85' lang='grc' dir='ltr'><strong>νον</strong></span> <span class='ocrx_word' id='word_1_39' title='bbox 372 826 560 895; x_wconf 85' lang='grc' dir='ltr'>ὅμοιον</span> <span class='ocrx_word' id='word_1_40' title='bbox 618 825 714 878; x_wconf 76' lang='grc' dir='ltr'><strong>καὶ</strong></span> <span class='ocrx_word' id='word_1_41' title='bbox 759 824 951 895; x_wconf 77' lang='grc' dir='ltr'>δίφρον</span> <span class='ocrx_word' id='word_1_42' title='bbox 987 825 1264 895; x_wconf 86' lang='grc' dir='ltr'>βασίλειον</span> <span class='ocrx_word' id='word_1_43' title='bbox 1308 825 1582 894; x_wconf 79' lang='grc' dir='ltr'>ἔπεμψεν,</span> <span class='ocrx_word' id='word_1_44' title='bbox 1632 823 1710 889; x_wconf 83' lang='grc' dir='ltr'>ὡς</span> <span class='ocrx_word' id='word_1_45' title='bbox 1741 824 1838 876; x_wconf 76' lang='grc' dir='ltr'><strong>καὶ</strong></span> 
     </span>
    </p>
   </div>
   <div class='ocr_carea' id='block_1_9' title="bbox 249 915 1838 988">
    <p class='ocr_par' dir='ltr' id='par_1_9' title="bbox 249 915 1838 988">
     <span class='ocr_line' id='line_1_9' title="bbox 249 915 1838 988; baseline -0.003 -18"><span class='ocrx_word' id='word_1_46' title='bbox 249 917 351 987; x_wconf 77' lang='grc' dir='ltr'>τὴν</span> <span class='ocrx_word' id='word_1_47' title='bbox 384 915 558 988; x_wconf 79' lang='grc' dir='ltr'>ἀρχὴν</span> <span class='ocrx_word' id='word_1_48' title='bbox 601 916 751 986; x_wconf 77' lang='grc' dir='ltr'>αὐτῷ</span> <span class='ocrx_word' id='word_1_49' title='bbox 801 917 868 970; x_wconf 87' lang='grc' dir='ltr'>δι’</span> <span class='ocrx_word' id='word_1_50' title='bbox 919 916 1102 972; x_wconf 84' lang='grc' dir='ltr'>αὐτῶν</span> <span class='ocrx_word' id='word_1_51' title='bbox 1148 917 1389 972; x_wconf 85' lang='grc' dir='ltr'>διδοῦσα.</span> <span class='ocrx_word' id='word_1_52' title='bbox 1464 918 1526 971; x_wconf 81' lang='grc' dir='ltr'>Ὀ</span> <span class='ocrx_word' id='word_1_53' title='bbox 1556 916 1612 971; x_wconf 71' lang='grc' dir='ltr'>δὲ</span> <span class='ocrx_word' id='word_1_54' title='bbox 1641 916 1708 970; x_wconf 88' lang='grc' dir='ltr'><strong>τά</strong></span> <span class='ocrx_word' id='word_1_55' title='bbox 1739 915 1838 986; x_wconf 76' lang='grc' dir='ltr'>μὲν</span> 
     </span>
    </p>
   </div>
   <div class='ocr_carea' id='block_1_10' title="bbox 249 1008 1839 1080">
    <p class='ocr_par' dir='ltr' id='par_1_10' title="bbox 249 1008 1839 1080">
     <span class='ocr_line' id='line_1_10' title="bbox 249 1008 1839 1080; baseline -0.002 -17"><span class='ocrx_word' id='word_1_56' title='bbox 249 1008 396 1079; x_wconf 82' lang='grc' dir='ltr'>δῶρα</span> <span class='ocrx_word' id='word_1_57' title='bbox 424 1008 638 1072; x_wconf 76' lang='grc' dir='ltr'>ἔλαϐεν,</span> <span class='ocrx_word' id='word_1_58' title='bbox 665 1008 857 1062; x_wconf 77' lang='grc' dir='ltr'>οἰωνὸν</span> <span class='ocrx_word' id='word_1_59' title='bbox 888 1009 1028 1063; x_wconf 82' lang='grc' dir='ltr'><strong>αύτὰ</strong></span> <span class='ocrx_word' id='word_1_60' title='bbox 1061 1010 1458 1080; x_wconf 83' lang='grc' dir='ltr'><strong>ποιησάμενος,</strong></span> <span class='ocrx_word' id='word_1_61' title='bbox 1501 1008 1839 1075; x_wconf 84' lang='grc' dir='ltr'>ἀπεκρίνατο</span> 
     </span>
    </p>
   </div>
   <div class='ocr_carea' id='block_1_11' title="bbox 247 1097 1838 1169">
    <p class='ocr_par' dir='ltr' id='par_1_11' title="bbox 247 1097 1838 1169">
     <span class='ocr_line' id='line_1_11' title="bbox 247 1097 1838 1169; baseline -0.003 -17"><span class='ocrx_word' id='word_1_62' title='bbox 247 1099 304 1152; x_wconf 79' lang='grc' dir='ltr'><strong>δὲ</strong></span> <span class='ocrx_word' id='word_1_63' title='bbox 330 1097 406 1169; x_wconf 85' lang='grc' dir='ltr'>τῷ</span> <span class='ocrx_word' id='word_1_64' title='bbox 436 1097 536 1166; x_wconf 86' lang='grc' dir='ltr'>μὲν</span> <span class='ocrx_word' id='word_1_65' title='bbox 570 1098 841 1168; x_wconf 75' lang='grc' dir='ltr'><strong>Ἀντωνίῳ</strong></span> <span class='ocrx_word' id='word_1_66' title='bbox 881 1098 1068 1163; x_wconf 81' lang='grc' dir='ltr'>οὐδὲν,</span> <span class='ocrx_word' id='word_1_67' title='bbox 1108 1097 1439 1169; x_wconf 80' lang='grc' dir='ltr'>Κλεοπάτρᾳ</span> <span class='ocrx_word' id='word_1_68' title='bbox 1485 1097 1542 1150; x_wconf 84' lang='grc' dir='ltr'><strong>δὲ</strong></span> <span class='ocrx_word' id='word_1_69' title='bbox 1588 1097 1671 1150; x_wconf 80' lang='grc' dir='ltr'>ὅτι</span> <span class='ocrx_word' id='word_1_70' title='bbox 1704 1097 1838 1148; x_wconf 69' lang='grc' dir='ltr'>ἀπο-</span> 
     </span>
    </p>
   </div>
   <div class='ocr_carea' id='block_1_12' title="bbox 249 1188 1835 1261">
    <p class='ocr_par' dir='ltr' id='par_1_12' title="bbox 249 1188 1835 1261">
     <span class='ocr_line' id='line_1_12' title="bbox 249 1188 1835 1261; baseline -0.004 -18"><span class='ocrx_word' id='word_1_71' title='bbox 249 1189 510 1261; x_wconf 79' lang='grc' dir='ltr'>κτεινάσῃ</span> <span class='ocrx_word' id='word_1_72' title='bbox 540 1189 633 1243; x_wconf 87' lang='grc' dir='ltr'><strong>τδν</strong></span> <span class='ocrx_word' id='word_1_73' title='bbox 693 1189 1003 1254; x_wconf 81' lang='grc' dir='ltr'>Ἀντώνιον,</span> <span class='ocrx_word' id='word_1_74' title='bbox 1053 1189 1086 1258; x_wconf 85' lang='grc' dir='ltr'>ἣ</span> <span class='ocrx_word' id='word_1_75' title='bbox 1119 1188 1436 1261; x_wconf 80' lang='grc' dir='ltr'>ὲκϐαλούσῃ</span> <span class='ocrx_word' id='word_1_76' title='bbox 1468 1188 1656 1242; x_wconf 82' lang='grc' dir='ltr'>ἄδειαν</span> <span class='ocrx_word' id='word_1_77' title='bbox 1696 1188 1835 1255; x_wconf 81' lang='grc' dir='ltr'>αὐτῇ</span> 
     </span>
    </p>
   </div>
   <div class='ocr_carea' id='block_1_13' title="bbox 247 1277 1838 1352">
    <p class='ocr_par' dir='ltr' id='par_1_13' title="bbox 247 1277 1838 1352">
     <span class='ocr_line' id='line_1_13' title="bbox 247 1277 1838 1352; baseline -0.003 -18"><span class='ocrx_word' id='word_1_78' title='bbox 247 1279 430 1345; x_wconf 87' lang='grc' dir='ltr'>δώσει,</span> <span class='ocrx_word' id='word_1_79' title='bbox 484 1282 580 1334; x_wconf 72' lang='grc' dir='ltr'><strong>καὶ</strong></span> <span class='ocrx_word' id='word_1_80' title='bbox 631 1281 732 1351; x_wconf 76' lang='grc' dir='ltr'><strong>τὴν</strong></span> <span class='ocrx_word' id='word_1_81' title='bbox 784 1280 962 1351; x_wconf 80' lang='grc' dir='ltr'>ἀρχὴν</span> <span class='ocrx_word' id='word_1_82' title='bbox 1016 1281 1168 1334; x_wconf 74' lang='grc' dir='ltr'>ἐάσει</span> <span class='ocrx_word' id='word_1_83' title='bbox 1194 1279 1702 1352; x_wconf 84' lang='grc' dir='ltr'>ἀπαρεγχείρητον.</span> <span class='ocrx_word' id='word_1_84' title='bbox 1737 1277 1838 1339; x_wconf 59' lang='grc' dir='ltr'>,Ἑν</span> 
     </span>
    </p>
   </div>
   <div class='ocr_carea' id='block_1_14' title="bbox 246 1369 1837 1442">
    <p class='ocr_par' dir='ltr' id='par_1_14' title="bbox 246 1369 1837 1442">
     <span class='ocr_line' id='line_1_14' title="bbox 246 1369 1837 1442; baseline -0.003 -18"><span class='ocrx_word' id='word_1_85' title='bbox 246 1372 486 1442; x_wconf 72' lang='grc' dir='ltr'>τοτούτῳ</span> <span class='ocrx_word' id='word_1_86' title='bbox 510 1370 564 1423; x_wconf 78' lang='grc' dir='ltr'>δὲ</span> <span class='ocrx_word' id='word_1_87' title='bbox 590 1369 688 1434; x_wconf 78' lang='grc' dir='ltr'>τὰς</span> <span class='ocrx_word' id='word_1_88' title='bbox 722 1373 778 1423; x_wconf 80' lang='grc' dir='ltr'>ἐν</span> <span class='ocrx_word' id='word_1_89' title='bbox 806 1371 884 1441; x_wconf 84' lang='grc' dir='ltr'><strong>τῷ</strong></span> <span class='ocrx_word' id='word_1_90' title='bbox 908 1370 1191 1441; x_wconf 78' lang='grc' dir='ltr'>Ἄραϐικῷ</span> <span class='ocrx_word' id='word_1_91' title='bbox 1244 1371 1428 1442; x_wconf 86' lang='grc' dir='ltr'>κόλπῳ</span> <span class='ocrx_word' id='word_1_92' title='bbox 1456 1371 1837 1439; x_wconf 79' lang='grc' dir='ltr'>ναυπηγηθεί-</span> 
     </span>
    </p>
   </div>
   <div class='ocr_carea' id='block_1_15' title="bbox 251 1459 1840 1536">
    <p class='ocr_par' dir='ltr' id='par_1_15' title="bbox 251 1459 1840 1536">
     <span class='ocr_line' id='line_1_15' title="bbox 251 1459 1840 1536; baseline -0.001 -20"><span class='ocrx_word' id='word_1_93' title='bbox 251 1480 352 1528; x_wconf 81' lang='grc' dir='ltr'><strong>σας</strong></span> <span class='ocrx_word' id='word_1_94' title='bbox 412 1466 477 1535; x_wconf 79' lang='grc' dir='ltr'>τῇ</span> <span class='ocrx_word' id='word_1_95' title='bbox 515 1463 845 1535; x_wconf 83' lang='grc' dir='ltr'><strong>Κλεοπάτρᾳ</strong></span> <span class='ocrx_word' id='word_1_96' title='bbox 898 1465 1148 1536; x_wconf 80' lang='grc' dir='ltr'><strong>τριήρεις</strong></span> <span class='ocrx_word' id='word_1_97' title='bbox 1199 1463 1550 1516; x_wconf 74' lang='grc' dir='ltr'><strong>κατέκαυσαν</strong></span> <span class='ocrx_word' id='word_1_98' title='bbox 1576 1461 1626 1513; x_wconf 85' lang='grc' dir='ltr'><strong>οί</strong></span> <span class='ocrx_word' id='word_1_99' title='bbox 1672 1459 1840 1531; x_wconf 80' lang='grc' dir='ltr'>Ἀρά-</span> 
     </span>
    </p>
   </div>
   <div class='ocr_carea' id='block_1_16' title="bbox 247 1551 1839 1626">
    <p class='ocr_par' dir='ltr' id='par_1_16' title="bbox 247 1551 1839 1626">
     <span class='ocr_line' id='line_1_16' title="bbox 247 1551 1839 1626; baseline -0.003 -18"><span class='ocrx_word' id='word_1_100' title='bbox 247 1556 374 1621; x_wconf 87' lang='grc' dir='ltr'>ϐιοι,</span> <span class='ocrx_word' id='word_1_101' title='bbox 399 1554 496 1608; x_wconf 74' lang='grc' dir='ltr'>καὶ</span> <span class='ocrx_word' id='word_1_102' title='bbox 528 1557 627 1618; x_wconf 72' lang='grc' dir='ltr'>τὰς</span> <span class='ocrx_word' id='word_1_103' title='bbox 652 1555 983 1626; x_wconf 75' lang='grc' dir='ltr'>ἐπικουρίας</span> <span class='ocrx_word' id='word_1_104' title='bbox 1038 1556 1091 1609; x_wconf 86' lang='grc' dir='ltr'>οἱ</span> <span class='ocrx_word' id='word_1_105' title='bbox 1129 1555 1296 1625; x_wconf 78' lang='grc' dir='ltr'>δῆμοι</span> <span class='ocrx_word' id='word_1_106' title='bbox 1330 1553 1426 1607; x_wconf 77' lang='grc' dir='ltr'>καὶ</span> <span class='ocrx_word' id='word_1_107' title='bbox 1478 1553 1526 1606; x_wconf 80' lang='grc' dir='ltr'>οἱ</span> <span class='ocrx_word' id='word_1_108' title='bbox 1579 1551 1839 1606; x_wconf 80' lang='grc' dir='ltr'>δυνάσται</span> 
     </span>
    </p>
   </div>
   <div class='ocr_carea' id='block_1_17' title="bbox 248 1642 1840 1718">
    <p class='ocr_par' dir='ltr' id='par_1_17' title="bbox 248 1642 1840 1718">
     <span class='ocr_line' id='line_1_17' title="bbox 248 1642 1840 1718; baseline -0.003 -19"><span class='ocrx_word' id='word_1_109' title='bbox 248 1646 565 1718; x_wconf 79' lang='grc' dir='ltr'>ξύμπαντες</span> <span class='ocrx_word' id='word_1_110' title='bbox 597 1646 1013 1718; x_wconf 86' lang='grc' dir='ltr'>ἀπηρνήσαντο.</span> <span class='ocrx_word' id='word_1_111' title='bbox 1049 1645 1344 1710; x_wconf 83' lang='grc' dir='ltr'>Ἀντώνιος</span> <span class='ocrx_word' id='word_1_112' title='bbox 1380 1644 1437 1697; x_wconf 81' lang='grc' dir='ltr'>δὲ</span> <span class='ocrx_word' id='word_1_113' title='bbox 1466 1642 1562 1698; x_wconf 79' lang='grc' dir='ltr'>καὶ</span> <span class='ocrx_word' id='word_1_114' title='bbox 1600 1644 1634 1715; x_wconf 86' lang='grc' dir='ltr'><strong>ή</strong></span> <span class='ocrx_word' id='word_1_115' title='bbox 1671 1642 1840 1695; x_wconf 86' lang='grc' dir='ltr'>Κλεο-</span> 
     </span>
    </p>
   </div>
   <div class='ocr_carea' id='block_1_18' title="bbox 249 1734 1840 1811">
    <p class='ocr_par' dir='ltr' id='par_1_18' title="bbox 249 1734 1840 1811">
     <span class='ocr_line' id='line_1_18' title="bbox 249 1734 1840 1811; baseline -0.004 -19"><span class='ocrx_word' id='word_1_116' title='bbox 249 1738 450 1810; x_wconf 81' lang='grc' dir='ltr'>πάτρα,</span> <span class='ocrx_word' id='word_1_117' title='bbox 483 1737 819 1804; x_wconf 85' lang='grc' dir='ltr'>ἀκούσαντες</span> <span class='ocrx_word' id='word_1_118' title='bbox 869 1739 939 1794; x_wconf 71' lang='grc' dir='ltr'><strong>τά</strong></span> <span class='ocrx_word' id='word_1_119' title='bbox 970 1739 1122 1811; x_wconf 77' lang='grc' dir='ltr'>παρὰ</span> <span class='ocrx_word' id='word_1_120' title='bbox 1169 1737 1265 1792; x_wconf 89' lang='grc' dir='ltr'><strong>τοῦ</strong></span> <span class='ocrx_word' id='word_1_121' title='bbox 1316 1736 1599 1807; x_wconf 85' lang='grc' dir='ltr'>Καίσαρος</span> <span class='ocrx_word' id='word_1_122' title='bbox 1654 1734 1840 1796; x_wconf 81' lang='grc' dir='ltr'>αὐτοῖς</span> 
     </span>
    </p>
   </div>
   <div class='ocr_carea' id='block_1_19' title="bbox 247 1825 1840 1904">
    <p class='ocr_par' dir='ltr' id='par_1_19' title="bbox 247 1825 1840 1904">
     <span class='ocr_line' id='line_1_19' title="bbox 247 1825 1840 1904; baseline -0.005 -19"><span class='ocrx_word' id='word_1_123' title='bbox 247 1832 626 1903; x_wconf 76' lang='grc' dir='ltr'>ἐπεσταλμένα</span> <span class='ocrx_word' id='word_1_124' title='bbox 655 1832 911 1904; x_wconf 70' lang='grc' dir='ltr'>ἔπεμψαν</span> <span class='ocrx_word' id='word_1_125' title='bbox 940 1832 1125 1897; x_wconf 72' lang='grc' dir='ltr'>αὖθις,</span> <span class='ocrx_word' id='word_1_126' title='bbox 1171 1833 1205 1903; x_wconf 83' lang='grc' dir='ltr'><strong>ή</strong></span> <span class='ocrx_word' id='word_1_127' title='bbox 1261 1831 1359 1901; x_wconf 83' lang='grc' dir='ltr'>μὲν</span> <span class='ocrx_word' id='word_1_128' title='bbox 1397 1831 1659 1901; x_wconf 84' lang='grc' dir='ltr'>χρήματα</span> <span class='ocrx_word' id='word_1_129' title='bbox 1691 1825 1840 1896; x_wconf 73' lang='grc' dir='ltr'><strong>αὑτῷ</strong></span> 
     </span>
    </p>
   </div>
   <div class='ocr_carea' id='block_1_20' title="bbox 250 1921 1840 1998">
    <p class='ocr_par' dir='ltr' id='par_1_20' title="bbox 250 1921 1840 1998">
     <span class='ocr_line' id='line_1_20' title="bbox 250 1921 1840 1998; baseline -0.004 -19"><span class='ocrx_word' id='word_1_130' title='bbox 250 1924 421 1979; x_wconf 80' lang='grc' dir='ltr'>πολλά</span> <span class='ocrx_word' id='word_1_131' title='bbox 454 1924 651 1979; x_wconf 86' lang='grc' dir='ltr'>δώσειν</span> <span class='ocrx_word' id='word_1_132' title='bbox 672 1926 1107 1998; x_wconf 78' lang='grc' dir='ltr'>ὑπισχνουμένη,</span> <span class='ocrx_word' id='word_1_133' title='bbox 1161 1928 1189 1980; x_wconf 83' lang='grc' dir='ltr'>ὁ</span> <span class='ocrx_word' id='word_1_134' title='bbox 1216 1926 1277 1979; x_wconf 80' lang='grc' dir='ltr'><strong>δὲ</strong></span> <span class='ocrx_word' id='word_1_135' title='bbox 1306 1925 1410 1993; x_wconf 82' lang='grc' dir='ltr'>τῆς</span> <span class='ocrx_word' id='word_1_136' title='bbox 1442 1941 1500 1978; x_wconf 88' lang='grc' dir='ltr'><strong>τε</strong></span> <span class='ocrx_word' id='word_1_137' title='bbox 1529 1921 1714 1992; x_wconf 78' lang='grc' dir='ltr'>φιλίας</span> <span class='ocrx_word' id='word_1_138' title='bbox 1745 1921 1840 1974; x_wconf 73' lang='grc' dir='ltr'><strong>καὶ</strong></span> 
     </span>
    </p>
   </div>
   <div class='ocr_carea' id='block_1_21' title="bbox 247 2014 1839 2089">
    <p class='ocr_par' dir='ltr' id='par_1_21' title="bbox 247 2014 1839 2089">
     <span class='ocr_line' id='line_1_21' title="bbox 247 2014 1839 2089; baseline -0.001 -20"><span class='ocrx_word' id='word_1_139' title='bbox 247 2020 345 2085; x_wconf 62' lang='grc' dir='ltr'>τῆς</span> <span class='ocrx_word' id='word_1_140' title='bbox 377 2017 699 2087; x_wconf 74' lang='grc' dir='ltr'>συγγενείας</span> <span class='ocrx_word' id='word_1_141' title='bbox 753 2017 916 2072; x_wconf 75' lang='grc' dir='ltr'>αὐτὸν</span> <span class='ocrx_word' id='word_1_142' title='bbox 962 2017 1444 2089; x_wconf 85' lang='grc' dir='ltr'>ἀναμιμνήσκων·</span> <span class='ocrx_word' id='word_1_143' title='bbox 1498 2015 1592 2069; x_wconf 80' lang='grc' dir='ltr'>καὶ</span> <span class='ocrx_word' id='word_1_144' title='bbox 1646 2014 1839 2067; x_wconf 76' lang='grc' dir='ltr'>ἑαυτὸν</span> 
     </span>
    </p>
   </div>
   <div class='ocr_carea' id='block_1_22' title="bbox 246 2106 1838 2182">
    <p class='ocr_par' dir='ltr' id='par_1_22' title="bbox 246 2106 1838 2182">
     <span class='ocr_line' id='line_1_22' title="bbox 246 2106 1838 2182; baseline -0.002 -20"><span class='ocrx_word' id='word_1_145' title='bbox 246 2109 683 2181; x_wconf 75' lang='grc' dir='ltr'>διαχειρίσασθαι</span> <span class='ocrx_word' id='word_1_146' title='bbox 706 2111 1104 2182; x_wconf 77' lang='grc' dir='ltr'><strong>ἐπηγγέλλετο,</strong></span> <span class='ocrx_word' id='word_1_147' title='bbox 1134 2110 1200 2165; x_wconf 85' lang='grc' dir='ltr'><strong>ἂν</strong></span> <span class='ocrx_word' id='word_1_148' title='bbox 1228 2109 1318 2163; x_wconf 81' lang='grc' dir='ltr'>διὰ</span> <span class='ocrx_word' id='word_1_149' title='bbox 1341 2107 1500 2162; x_wconf 90' lang='grc' dir='ltr'>τοῦτο</span> <span class='ocrx_word' id='word_1_150' title='bbox 1529 2110 1561 2178; x_wconf 83' lang='grc' dir='ltr'><strong>ἡ</strong></span> <span class='ocrx_word' id='word_1_151' title='bbox 1587 2106 1838 2161; x_wconf 86' lang='grc' dir='ltr'>Κλεοπά-</span> 
     </span>
    </p>
   </div>
   <div class='ocr_carea' id='block_1_23' title="bbox 246 2198 1839 2274">
    <p class='ocr_par' dir='ltr' id='par_1_23' title="bbox 246 2198 1839 2274">
     <span class='ocr_line' id='line_1_23' title="bbox 246 2198 1839 2274; baseline -0.003 -19"><span class='ocrx_word' id='word_1_152' title='bbox 246 2219 353 2272; x_wconf 89' lang='grc' dir='ltr'><strong>τρα</strong></span> <span class='ocrx_word' id='word_1_153' title='bbox 377 2202 546 2274; x_wconf 80' lang='grc' dir='ltr'>σωθῇ.</span> <span class='ocrx_word' id='word_1_154' title='bbox 577 2203 747 2257; x_wconf 81' lang='grc' dir='ltr'>Οὐδὲν</span> <span class='ocrx_word' id='word_1_155' title='bbox 779 2204 965 2273; x_wconf 88' lang='grc' dir='ltr'>μέντοι</span> <span class='ocrx_word' id='word_1_156' title='bbox 992 2203 1116 2256; x_wconf 78' lang='grc' dir='ltr'>οὐδὲ</span> <span class='ocrx_word' id='word_1_157' title='bbox 1143 2203 1266 2256; x_wconf 84' lang='grc' dir='ltr'>τότε</span> <span class='ocrx_word' id='word_1_158' title='bbox 1303 2201 1576 2271; x_wconf 82' lang='grc' dir='ltr'>Ἀντωνίῳ</span> <span class='ocrx_word' id='word_1_159' title='bbox 1602 2198 1839 2270; x_wconf 83' lang='grc' dir='ltr'>ἀπεκρί-</span> 
     </span>
    </p>
   </div>
   <div class='ocr_carea' id='block_1_24' title="bbox 248 2292 1840 2366">
    <p class='ocr_par' dir='ltr' id='par_1_24' title="bbox 248 2292 1840 2366">
     <span class='ocr_line' id='line_1_24' title="bbox 248 2292 1840 2366; baseline 0 -20"><span class='ocrx_word' id='word_1_160' title='bbox 248 2292 317 2364; x_wconf 91' lang='grc' dir='ltr'><strong>θη</strong></span> <span class='ocrx_word' id='word_1_161' title='bbox 343 2310 359 2326; x_wconf 77' lang='grc'><em>’</em></span> <span class='ocrx_word' id='word_1_162' title='bbox 390 2297 458 2366; x_wconf 81' lang='grc' dir='ltr'>τῇ</span> <span class='ocrx_word' id='word_1_163' title='bbox 482 2294 538 2347; x_wconf 80' lang='grc' dir='ltr'>δὲ</span> <span class='ocrx_word' id='word_1_164' title='bbox 569 2294 902 2366; x_wconf 74' lang='grc' dir='ltr'>Κλεοπάτρᾳ</span> <span class='ocrx_word' id='word_1_165' title='bbox 932 2295 1106 2348; x_wconf 86' lang='grc' dir='ltr'>πολλά</span> <span class='ocrx_word' id='word_1_166' title='bbox 1141 2295 1235 2348; x_wconf 69' lang='grc' dir='ltr'><strong>καὶ</strong></span> <span class='ocrx_word' id='word_1_167' title='bbox 1266 2295 1388 2348; x_wconf 69' lang='grc' dir='ltr'>τότε</span> <span class='ocrx_word' id='word_1_168' title='bbox 1418 2293 1687 2366; x_wconf 78' lang='grc' dir='ltr'>ἠπείλησε</span> <span class='ocrx_word' id='word_1_169' title='bbox 1744 2292 1840 2347; x_wconf 70' lang='grc' dir='ltr'>καὶ</span> 
     </span>
    </p>
   </div>
   <div class='ocr_carea' id='block_1_25' title="bbox 248 2385 1839 2459">
    <p class='ocr_par' dir='ltr' id='par_1_25' title="bbox 248 2385 1839 2459">
     <span class='ocr_line' id='line_1_25' title="bbox 248 2385 1839 2459; baseline -0.002 -19"><span class='ocrx_word' id='word_1_170' title='bbox 248 2386 540 2457; x_wconf 82' lang='grc' dir='ltr'>ὑπέσχετο.</span> <span class='ocrx_word' id='word_1_171' title='bbox 573 2386 843 2457; x_wconf 71' lang='grc' dir='ltr'>Φοϐηθεὶς</span> <span class='ocrx_word' id='word_1_172' title='bbox 869 2386 928 2441; x_wconf 79' lang='grc' dir='ltr'>δὲ</span> <span class='ocrx_word' id='word_1_173' title='bbox 987 2385 1063 2458; x_wconf 79' lang='grc' dir='ltr'>μὴ</span> <span class='ocrx_word' id='word_1_174' title='bbox 1116 2387 1186 2439; x_wconf 81' lang='grc' dir='ltr'>τὰ</span> <span class='ocrx_word' id='word_1_175' title='bbox 1215 2390 1477 2459; x_wconf 77' lang='grc' dir='ltr'>χρήματα</span> <span class='ocrx_word' id='word_1_176' title='bbox 1528 2385 1839 2457; x_wconf 79' lang='grc' dir='ltr'>παμπληθῆ</span> 
     </span>
    </p>
   </div>
   <div class='ocr_carea' id='block_1_26' title="bbox 247 2475 1841 2550">
    <p class='ocr_par' dir='ltr' id='par_1_26' title="bbox 247 2475 1841 2550">
     <span class='ocr_line' id='line_1_26' title="bbox 247 2475 1841 2550; baseline 0.001 -21"><span class='ocrx_word' id='word_1_177' title='bbox 247 2477 380 2532; x_wconf 75' lang='grc' dir='ltr'>ὄντα</span> <span class='ocrx_word' id='word_1_178' title='bbox 398 2478 688 2550; x_wconf 81' lang='grc' dir='ltr'>διαφθείρῃ</span> <span class='ocrx_word' id='word_1_179' title='bbox 720 2481 753 2547; x_wconf 87' lang='grc' dir='ltr'><strong>ή</strong></span> <span class='ocrx_word' id='word_1_180' title='bbox 784 2478 1143 2548; x_wconf 78' lang='grc' dir='ltr'>Κλεοπάτρα,</span> <span class='ocrx_word' id='word_1_181' title='bbox 1170 2475 1206 2532; x_wconf 78' lang='grc' dir='ltr'><strong>ἀ</strong></span> <span class='ocrx_word' id='word_1_182' title='bbox 1227 2479 1307 2542; x_wconf 83' lang='grc' dir='ltr'><strong>είς</strong></span> <span class='ocrx_word' id='word_1_183' title='bbox 1330 2477 1390 2531; x_wconf 80' lang='grc' dir='ltr'>τὸ</span> <span class='ocrx_word' id='word_1_184' title='bbox 1421 2479 1710 2548; x_wconf 84' lang='grc' dir='ltr'>μνημεῖον,</span> <span class='ocrx_word' id='word_1_185' title='bbox 1732 2476 1761 2530; x_wconf 80' lang='grc' dir='ltr'>ὅ</span> <span class='ocrx_word' id='word_1_186' title='bbox 1782 2477 1841 2531; x_wconf 83' lang='grc' dir='ltr'>ὲν</span> 
     </span>
    </p>
   </div>
   <div class='ocr_carea' id='block_1_27' title="bbox 245 2566 1841 2644">
    <p class='ocr_par' dir='ltr' id='par_1_27' title="bbox 245 2566 1841 2644">
     <span class='ocr_line' id='line_1_27' title="bbox 245 2566 1841 2644; baseline 0.003 -23"><span class='ocrx_word' id='word_1_187' title='bbox 245 2566 364 2634; x_wconf 63' lang='grc' dir='ltr'>τοῖς</span> <span class='ocrx_word' id='word_1_188' title='bbox 420 2570 722 2643; x_wconf 83' lang='grc' dir='ltr'>βασιλείοις</span> <span class='ocrx_word' id='word_1_189' title='bbox 774 2573 1213 2637; x_wconf 73' lang='grc' dir='ltr'>κατεσκεύασεν,</span> <span class='ocrx_word' id='word_1_190' title='bbox 1270 2572 1495 2644; x_wconf 78' lang='grc' dir='ltr'>ήθροισε</span> <span class='ocrx_word' id='word_1_191' title='bbox 1548 2571 1684 2643; x_wconf 76' lang='grc' dir='ltr'>(καὶ</span> <span class='ocrx_word' id='word_1_192' title='bbox 1731 2572 1841 2644; x_wconf 79' lang='grc' dir='ltr'>γὰρ</span> 
     </span>
    </p>
   </div>
   <div class='ocr_carea' id='block_1_28' title="bbox 249 2660 1840 2735">
    <p class='ocr_par' dir='ltr' id='par_1_28' title="bbox 249 2660 1840 2735">
     <span class='ocr_line' id='line_1_28' title="bbox 249 2660 1840 2735; baseline 0.003 -21"><span class='ocrx_word' id='word_1_193' title='bbox 249 2663 430 2716; x_wconf 82' lang='grc' dir='ltr'>πάντα</span> <span class='ocrx_word' id='word_1_194' title='bbox 478 2664 848 2718; x_wconf 84' lang='grc' dir='ltr'>κατακαύσειν</span> <span class='ocrx_word' id='word_1_195' title='bbox 872 2665 1089 2734; x_wconf 80' lang='grc' dir='ltr'>ήπείλει</span> <span class='ocrx_word' id='word_1_196' title='bbox 1124 2665 1244 2735; x_wconf 87' lang='grc' dir='ltr'>μεθ’</span> <span class='ocrx_word' id='word_1_197' title='bbox 1284 2664 1509 2734; x_wconf 82' lang='grc' dir='ltr'>ἑαυτῆς,</span> <span class='ocrx_word' id='word_1_198' title='bbox 1537 2667 1586 2718; x_wconf 87' lang='grc' dir='ltr'>εἱ</span> <span class='ocrx_word' id='word_1_199' title='bbox 1611 2660 1686 2718; x_wconf 85' lang='grc' dir='ltr'>ὧν</span> <span class='ocrx_word' id='word_1_200' title='bbox 1711 2663 1840 2734; x_wconf 82' lang='grc' dir='ltr'>βού-</span> 
     </span>
    </p>
   </div>
   <div class='ocr_carea' id='block_1_29' title="bbox 246 2752 1842 2833">
    <p class='ocr_par' dir='ltr' id='par_1_29' title="bbox 246 2752 1842 2833">
     <span class='ocr_line' id='line_1_29' title="bbox 246 2752 1842 2833; baseline 0.003 -25"><span class='ocrx_word' id='word_1_201' title='bbox 246 2756 398 2811; x_wconf 78' lang='grc' dir='ltr'>λοιτο</span> <span class='ocrx_word' id='word_1_202' title='bbox 455 2756 796 2833; x_wconf 79' lang='grc' dir='ltr'>διαμάρτῃ),</span> <span class='ocrx_word' id='word_1_203' title='bbox 850 2758 1064 2831; x_wconf 87' lang='grc' dir='ltr'>Θύρσον</span> <span class='ocrx_word' id='word_1_204' title='bbox 1102 2760 1304 2813; x_wconf 76' lang='grc' dir='ltr'>οἰκεῖον</span> <span class='ocrx_word' id='word_1_205' title='bbox 1338 2752 1587 2829; x_wconf 71' lang='grc' dir='ltr'>ἔπεμψεν</span> <span class='ocrx_word' id='word_1_206' title='bbox 1622 2758 1842 2826; x_wconf 81' lang='grc' dir='ltr'>ἐξελεύ-</span> 
     </span>
    </p>
   </div>
   <div class='ocr_carea' id='block_1_30' title="bbox 250 2850 1841 2924">
    <p class='ocr_par' dir='ltr' id='par_1_30' title="bbox 250 2850 1841 2924">
     <span class='ocr_line' id='line_1_30' title="bbox 250 2850 1841 2924; baseline 0 -20"><span class='ocrx_word' id='word_1_207' title='bbox 250 2850 412 2920; x_wconf 81' lang='grc' dir='ltr'>θερον</span> <span class='ocrx_word' id='word_1_208' title='bbox 470 2850 642 2905; x_wconf 80' lang='grc' dir='ltr'>πολλὰ</span> <span class='ocrx_word' id='word_1_209' title='bbox 688 2850 922 2921; x_wconf 75' lang='grc' dir='ltr'>ἐροῦντα</span> <span class='ocrx_word' id='word_1_210' title='bbox 975 2853 1113 2923; x_wconf 80' lang='grc' dir='ltr'>αὐτῇ</span> <span class='ocrx_word' id='word_1_211' title='bbox 1172 2851 1559 2924; x_wconf 78' lang='grc' dir='ltr'>φιλάνθρωπα,</span> <span class='ocrx_word' id='word_1_212' title='bbox 1609 2851 1706 2905; x_wconf 74' lang='grc' dir='ltr'><strong>καὶ</strong></span> <span class='ocrx_word' id='word_1_213' title='bbox 1758 2852 1841 2905; x_wconf 84' lang='grc' dir='ltr'>ὅτι</span> 
     </span>
    </p>
   </div>
   <div class='ocr_carea' id='block_1_31' title="bbox 246 2941 1844 3015">
    <p class='ocr_par' dir='ltr' id='par_1_31' title="bbox 246 2941 1844 3015">
     <span class='ocr_line' id='line_1_31' title="bbox 246 2941 1844 3015; baseline 0 -21"><span class='ocrx_word' id='word_1_214' title='bbox 246 2941 432 3013; x_wconf 78' lang='grc' dir='ltr'>ἔρωτα</span> <span class='ocrx_word' id='word_1_215' title='bbox 456 2943 647 3012; x_wconf 75' lang='grc' dir='ltr'>τρέφει</span> <span class='ocrx_word' id='word_1_216' title='bbox 681 2941 708 2996; x_wconf 79' lang='grc' dir='ltr'><strong>ὀ</strong></span> <span class='ocrx_word' id='word_1_217' title='bbox 738 2943 956 3015; x_wconf 82' lang='grc' dir='ltr'>Καῖσαρ</span> <span class='ocrx_word' id='word_1_218' title='bbox 990 2943 1185 3012; x_wconf 80' lang='grc' dir='ltr'>αὐτῆς.</span> <span class='ocrx_word' id='word_1_219' title='bbox 1218 2942 1387 2996; x_wconf 86' lang='grc' dir='ltr'>Ὅθεν</span> <span class='ocrx_word' id='word_1_220' title='bbox 1414 2942 1512 2996; x_wconf 69' lang='grc' dir='ltr'><strong>καὶ</strong></span> <span class='ocrx_word' id='word_1_221' title='bbox 1536 2941 1597 2996; x_wconf 86' lang='grc' dir='ltr'><strong>τδ</strong></span> <span class='ocrx_word' id='word_1_222' title='bbox 1630 2941 1844 3013; x_wconf 84' lang='grc' dir='ltr'>Πηλού-</span> 
     </span>
    </p>
   </div>
   <div class='ocr_carea' id='block_1_32' title="bbox 250 3034 1840 3108">
    <p class='ocr_par' dir='ltr' id='par_1_32' title="bbox 250 3034 1840 3108">
     <span class='ocr_line' id='line_1_32' title="bbox 250 3034 1840 3108; baseline 0.001 -22"><span class='ocrx_word' id='word_1_223' title='bbox 250 3051 371 3087; x_wconf 90' lang='grc' dir='ltr'>σιον</span> <span class='ocrx_word' id='word_1_224' title='bbox 396 3034 662 3106; x_wconf 80' lang='grc' dir='ltr'>κατέσχεν</span> <span class='ocrx_word' id='word_1_225' title='bbox 699 3037 727 3089; x_wconf 85' lang='grc' dir='ltr'><strong>ὀ</strong></span> <span class='ocrx_word' id='word_1_226' title='bbox 755 3037 997 3108; x_wconf 88' lang='grc' dir='ltr'>Καῖσαρ,</span> <span class='ocrx_word' id='word_1_227' title='bbox 1023 3035 1255 3106; x_wconf 87' lang='grc' dir='ltr'>δυνάμει</span> <span class='ocrx_word' id='word_1_228' title='bbox 1286 3034 1384 3106; x_wconf 85' lang='grc' dir='ltr'>μὲν</span> <span class='ocrx_word' id='word_1_229' title='bbox 1406 3034 1467 3088; x_wconf 81' lang='grc' dir='ltr'>τὸ</span> <span class='ocrx_word' id='word_1_230' title='bbox 1489 3034 1840 3105; x_wconf 81' lang='grc' dir='ltr'>φαινόμενον,</span> 
     </span>
    </p>
   </div>
   <div class='ocr_carea' id='block_1_33' title="bbox 246 3127 1841 3201">
    <p class='ocr_par' dir='ltr' id='par_1_33' title="bbox 246 3127 1841 3201">
     <span class='ocr_line' id='line_1_33' title="bbox 246 3127 1841 3201; baseline 0.001 -21"><span class='ocrx_word' id='word_1_231' title='bbox 246 3127 431 3200; x_wconf 76' lang='grc' dir='ltr'>λάθρα</span> <span class='ocrx_word' id='word_1_232' title='bbox 452 3129 508 3183; x_wconf 81' lang='grc' dir='ltr'>δὲ</span> <span class='ocrx_word' id='word_1_233' title='bbox 531 3128 795 3200; x_wconf 84' lang='grc' dir='ltr'>προδοθὲν</span> <span class='ocrx_word' id='word_1_234' title='bbox 826 3128 935 3184; x_wconf 81' lang='grc' dir='ltr'>ὑπὸ</span> <span class='ocrx_word' id='word_1_235' title='bbox 967 3128 1354 3199; x_wconf 84' lang='grc' dir='ltr'>Κλεοπάτρας.</span> <span class='ocrx_word' id='word_1_236' title='bbox 1405 3128 1572 3201; x_wconf 78' lang='grc' dir='ltr'>Ἐρᾷν</span> <span class='ocrx_word' id='word_1_237' title='bbox 1605 3128 1715 3200; x_wconf 86' lang='grc' dir='ltr'>γὰρ</span> <span class='ocrx_word' id='word_1_238' title='bbox 1744 3128 1841 3182; x_wconf 85' lang='grc' dir='ltr'>αύ-</span> 
     </span>
    </p>
   </div>
   <div class='ocr_carea' id='block_1_34' title="bbox 1940 639 3518 712">
    <p class='ocr_par' dir='ltr' id='par_1_34' title="bbox 1940 639 3518 712">
     <span class='ocr_line' id='line_1_34' title="bbox 1940 639 3518 712; baseline -0.001 -16"><span class='ocrx_word' id='word_1_239' title='bbox 1940 656 2048 696; x_wconf 90' lang='lat' dir='ltr'><strong>una</strong></span> <span class='ocrx_word' id='word_1_240' title='bbox 2081 655 2206 697; x_wconf 91' lang='lat' dir='ltr'><strong>cum</strong></span> <span class='ocrx_word' id='word_1_241' title='bbox 2257 640 2346 695; x_wconf 86' lang='lat' dir='ltr'><strong>bis</strong></span> <span class='ocrx_word' id='word_1_242' title='bbox 2395 640 2686 712; x_wconf 88' lang='lat' dir='ltr'><strong>imperium</strong></span> <span class='ocrx_word' id='word_1_243' title='bbox 2735 640 2901 695; x_wconf 85' lang='lat' dir='ltr'><strong>etiam</strong></span> <span class='ocrx_word' id='word_1_244' title='bbox 2951 639 3002 694; x_wconf 91' lang='lat' dir='ltr'><strong>ei</strong></span> <span class='ocrx_word' id='word_1_245' title='bbox 3040 639 3299 695; x_wconf 87' lang='lat' dir='ltr'><strong>traderet.</strong></span> <span class='ocrx_word' id='word_1_246' title='bbox 3334 639 3518 696; x_wconf 66' lang='lat' dir='ltr'><strong>Caesar</strong></span> 
     </span>
    </p>
   </div>
   <div class='ocr_carea' id='block_1_35' title="bbox 1937 732 3518 802">
    <p class='ocr_par' dir='ltr' id='par_1_35' title="bbox 1937 732 3518 802">
     <span class='ocr_line' id='line_1_35' title="bbox 1937 732 3518 802; baseline -0.002 -13"><span class='ocrx_word' id='word_1_247' title='bbox 1937 734 2266 790; x_wconf 86' lang='lat' dir='ltr'><strong>muneribus</strong></span> <span class='ocrx_word' id='word_1_248' title='bbox 2316 733 2447 790; x_wconf 91' lang='lat' dir='ltr'><strong>boni</strong></span> <span class='ocrx_word' id='word_1_249' title='bbox 2502 734 2702 791; x_wconf 91' lang='lat' dir='ltr'><strong>ominis</strong></span> <span class='ocrx_word' id='word_1_250' title='bbox 2748 749 2914 789; x_wconf 88' lang='lat' dir='ltr'><strong>causa</strong></span> <span class='ocrx_word' id='word_1_251' title='bbox 2963 732 3225 802; x_wconf 79' lang='lat' dir='ltr'><strong>acceptis,</strong></span> <span class='ocrx_word' id='word_1_252' title='bbox 3278 732 3518 787; x_wconf 88' lang='lat' dir='ltr'><strong>Antonio</strong></span> 
     </span>
    </p>
   </div>
   <div class='ocr_carea' id='block_1_36' title="bbox 1939 825 3519 898">
    <p class='ocr_par' dir='ltr' id='par_1_36' title="bbox 1939 825 3519 898">
     <span class='ocr_line' id='line_1_36' title="bbox 1939 825 3519 898; baseline -0.002 -16"><span class='ocrx_word' id='word_1_253' title='bbox 1939 827 2074 882; x_wconf 83' lang='lat' dir='ltr'><strong>nihil</strong></span> <span class='ocrx_word' id='word_1_254' title='bbox 2111 828 2437 898; x_wconf 75' lang='lat' dir='ltr'><strong>respondit:</strong></span> <span class='ocrx_word' id='word_1_255' title='bbox 2474 827 2779 897; x_wconf 74' lang='lat' dir='ltr'><strong>Cleopatrae</strong></span> <span class='ocrx_word' id='word_1_256' title='bbox 2813 826 3061 881; x_wconf 88' lang='lat' dir='ltr'><strong>nuntiari</strong></span> <span class='ocrx_word' id='word_1_257' title='bbox 3093 827 3282 897; x_wconf 84' lang='lat' dir='ltr'><strong>jussit,</strong></span> <span class='ocrx_word' id='word_1_258' title='bbox 3324 826 3369 879; x_wconf 90' lang='lat' dir='ltr'><strong>si</strong></span> <span class='ocrx_word' id='word_1_259' title='bbox 3403 825 3519 879; x_wconf 80' lang='lat' dir='ltr'><strong>An~</strong></span> 
     </span>
    </p>
   </div>
   <div class='ocr_carea' id='block_1_37' title="bbox 1940 915 3522 990">
    <p class='ocr_par' dir='ltr' id='par_1_37' title="bbox 1940 915 3522 990">
     <span class='ocr_line' id='line_1_37' title="bbox 1940 915 3522 990; baseline -0.005 -14"><span class='ocrx_word' id='word_1_260' title='bbox 1940 920 2153 976; x_wconf 89' lang='lat' dir='ltr'><strong>tonium</strong></span> <span class='ocrx_word' id='word_1_261' title='bbox 2201 920 2288 975; x_wconf 86' lang='lat' dir='ltr'><strong>vel</strong></span> <span class='ocrx_word' id='word_1_262' title='bbox 2335 920 2655 984; x_wconf 87' lang='lat' dir='ltr'><strong>occidisset,</strong></span> <span class='ocrx_word' id='word_1_263' title='bbox 2686 920 2774 974; x_wconf 85' lang='lat' dir='ltr'><strong>vel</strong></span> <span class='ocrx_word' id='word_1_264' title='bbox 2807 915 3077 990; x_wconf 80' lang='lat' dir='ltr'><strong>ejecissc‘t,</strong></span> <span class='ocrx_word' id='word_1_265' title='bbox 3110 932 3170 972; x_wconf 91' lang='lat' dir='ltr'><strong>se</strong></span> <span class='ocrx_word' id='word_1_266' title='bbox 3224 915 3522 987; x_wconf 90' lang='lat' dir='ltr'><strong>impunita-</strong></span> 
     </span>
    </p>
   </div>
   <div class='ocr_carea' id='block_1_38' title="bbox 1941 1008 3518 1083">
    <p class='ocr_par' dir='ltr' id='par_1_38' title="bbox 1941 1008 3518 1083">
     <span class='ocr_line' id='line_1_38' title="bbox 1941 1008 3518 1083; baseline -0.004 -16"><span class='ocrx_word' id='word_1_267' title='bbox 1941 1021 2049 1068; x_wconf 89' lang='lat' dir='ltr'><strong>tem</strong></span> <span class='ocrx_word' id='word_1_268' title='bbox 2077 1015 2126 1068; x_wconf 89' lang='lat' dir='ltr'><strong>ci</strong></span> <span class='ocrx_word' id='word_1_269' title='bbox 2162 1014 2446 1079; x_wconf 87' lang='lat' dir='ltr'><strong>daturum,</strong></span> <span class='ocrx_word' id='word_1_270' title='bbox 2473 1024 2529 1067; x_wconf 87' lang='lat' dir='ltr'><strong>et</strong></span> <span class='ocrx_word' id='word_1_271' title='bbox 2555 1027 2784 1083; x_wconf 77' lang='lat' dir='ltr'><strong>regnum</strong></span> <span class='ocrx_word' id='word_1_272' title='bbox 2819 1011 3141 1065; x_wconf 82' lang='lat' dir='ltr'><strong>inviolatum</strong></span> <span class='ocrx_word' id='word_1_273' title='bbox 3172 1008 3518 1064; x_wconf 87' lang='lat' dir='ltr'><strong>relicturum.</strong></span> 
     </span>
    </p>
   </div>
   <div class='ocr_carea' id='block_1_39' title="bbox 1938 1100 3520 1174">
    <p class='ocr_par' dir='ltr' id='par_1_39' title="bbox 1938 1100 3520 1174">
     <span class='ocr_line' id='line_1_39' title="bbox 1938 1100 3520 1174; baseline -0.006 -14"><span class='ocrx_word' id='word_1_274' title='bbox 1938 1103 2151 1161; x_wconf 88' lang='lat' dir='ltr'><strong>Interea</strong></span> <span class='ocrx_word' id='word_1_275' title='bbox 2178 1105 2476 1162; x_wconf 68' lang='lat' dir='ltr'><strong>mdilicatas</strong></span> <span class='ocrx_word' id='word_1_276' title='bbox 2496 1105 2799 1174; x_wconf 80' lang='lat' dir='ltr'><strong>Cleopatrae</strong></span> <span class='ocrx_word' id='word_1_277' title='bbox 2821 1103 2877 1158; x_wconf 92' lang='lat' dir='ltr'><strong>in</strong></span> <span class='ocrx_word' id='word_1_278' title='bbox 2908 1103 3031 1157; x_wconf 89' lang='lat' dir='ltr'><strong>sinu</strong></span> <span class='ocrx_word' id='word_1_279' title='bbox 3063 1100 3302 1156; x_wconf 87' lang='lat' dir='ltr'><strong>Arabico</strong></span> <span class='ocrx_word' id='word_1_280' title='bbox 3327 1111 3520 1162; x_wconf 86' lang='lat' dir='ltr'><strong>naves,</strong></span> 
     </span>
    </p>
   </div>
   <div class='ocr_carea' id='block_1_40' title="bbox 1938 1192 3527 1265">
    <p class='ocr_par' dir='ltr' id='par_1_40' title="bbox 1938 1192 3527 1265">
     <span class='ocr_line' id='line_1_40' title="bbox 1938 1192 3527 1265; baseline -0.005 -15"><span class='ocrx_word' id='word_1_281' title='bbox 1938 1197 2152 1252; x_wconf 83' lang='lat' dir='ltr'><strong>Arabes</strong></span> <span class='ocrx_word' id='word_1_282' title='bbox 2212 1205 2622 1261; x_wconf 74' lang='lat' dir='ltr'><strong>cremaverunt,</strong></span> <span class='ocrx_word' id='word_1_283' title='bbox 2674 1194 2876 1249; x_wconf 86' lang='lat' dir='ltr'><strong>auxilia</strong></span> <span class='ocrx_word' id='word_1_284' title='bbox 2929 1193 3115 1265; x_wconf 89' lang='lat' dir='ltr'><strong>populi</strong></span> <span class='ocrx_word' id='word_1_285' title='bbox 3168 1192 3527 1261; x_wconf 66' lang='lat' dir='ltr'><strong>dynastmque</strong></span> 
     </span>
    </p>
   </div>
   <div class='ocr_carea' id='block_1_41' title="bbox 1939 1278 3525 1359">
    <p class='ocr_par' dir='ltr' id='par_1_41' title="bbox 1939 1278 3525 1359">
     <span class='ocr_line' id='line_1_41' title="bbox 1939 1278 3525 1359; baseline -0.007 -16"><span class='ocrx_word' id='word_1_286' title='bbox 1939 1304 2131 1344; x_wconf 90' lang='lat' dir='ltr'><strong>omnes</strong></span> <span class='ocrx_word' id='word_1_287' title='bbox 2154 1296 2514 1359; x_wconf 83' lang='lat' dir='ltr'><strong>negaverunt.</strong></span> <span class='ocrx_word' id='word_1_288' title='bbox 2576 1286 2818 1356; x_wconf 78' lang='lat' dir='ltr'><strong>Accepto</strong></span> <span class='ocrx_word' id='word_1_289' title='bbox 2846 1284 3079 1341; x_wconf 71' lang='lat' dir='ltr'><strong>Caesaris</strong></span> <span class='ocrx_word' id='word_1_290' title='bbox 3107 1295 3392 1351; x_wconf 89' lang='lat' dir='ltr'><strong>responso,</strong></span> <span class='ocrx_word' id='word_1_291' title='bbox 3426 1278 3525 1334; x_wconf 89' lang='lat' dir='ltr'><strong>de-</strong></span> 
     </span>
    </p>
   </div>
   <div class='ocr_carea' id='block_1_42' title="bbox 1938 1379 3526 1451">
    <p class='ocr_par' dir='ltr' id='par_1_42' title="bbox 1938 1379 3526 1451">
     <span class='ocr_line' id='line_1_42' title="bbox 1938 1379 3526 1451; baseline -0.008 -13"><span class='ocrx_word' id='word_1_292' title='bbox 1938 1399 2052 1438; x_wconf 90' lang='lat' dir='ltr'><strong>nuo</strong></span> <span class='ocrx_word' id='word_1_293' title='bbox 2087 1383 2298 1451; x_wconf 79' lang='lat' dir='ltr'><strong>legatos</strong></span> <span class='ocrx_word' id='word_1_294' title='bbox 2350 1381 2660 1436; x_wconf 88' lang='lat' dir='ltr'><strong>miserunt:</strong></span> <span class='ocrx_word' id='word_1_295' title='bbox 2709 1379 3000 1449; x_wconf 83' lang='lat' dir='ltr'><strong>Cleopatra</strong></span> <span class='ocrx_word' id='word_1_296' title='bbox 3061 1389 3312 1445; x_wconf 82' lang='lat' dir='ltr'><strong>magnam</strong></span> <span class='ocrx_word' id='word_1_297' title='bbox 3351 1387 3526 1443; x_wconf 82' lang='lat' dir='ltr'><strong>pecu-</strong></span> 
     </span>
    </p>
   </div>
   <div class='ocr_carea' id='block_1_43' title="bbox 1940 1463 3523 1545">
    <p class='ocr_par' dir='ltr' id='par_1_43' title="bbox 1940 1463 3523 1545">
     <span class='ocr_line' id='line_1_43' title="bbox 1940 1463 3523 1545; baseline -0.008 -15"><span class='ocrx_word' id='word_1_298' title='bbox 1940 1475 2089 1530; x_wconf 84' lang='lat' dir='ltr'><strong>niam</strong></span> <span class='ocrx_word' id='word_1_299' title='bbox 2125 1473 2415 1545; x_wconf 83' lang='lat' dir='ltr'><strong>pollicens,</strong></span> <span class='ocrx_word' id='word_1_300' title='bbox 2464 1472 2741 1528; x_wconf 78' lang='lat' dir='ltr'><strong>Antonius</strong></span> <span class='ocrx_word' id='word_1_301' title='bbox 2783 1468 3130 1541; x_wconf 84' lang='lat' dir='ltr'><strong>cognationis</strong></span> <span class='ocrx_word' id='word_1_302' title='bbox 3183 1475 3239 1521; x_wconf 92' lang='lat' dir='ltr'><strong>et</strong></span> <span class='ocrx_word' id='word_1_303' title='bbox 3268 1463 3523 1518; x_wconf 80' lang='lat' dir='ltr'><strong>amicitiae</strong></span> 
     </span>
    </p>
   </div>
   <div class='ocr_carea' id='block_1_44' title="bbox 1941 1557 3521 1633">
    <p class='ocr_par' dir='ltr' id='par_1_44' title="bbox 1941 1557 3521 1633">
     <span class='ocr_line' id='line_1_44' title="bbox 1941 1557 3521 1633; baseline -0.01 -10"><span class='ocrx_word' id='word_1_304' title='bbox 1941 1582 2067 1623; x_wconf 91' lang='lat' dir='ltr'><strong>eum</strong></span> <span class='ocrx_word' id='word_1_305' title='bbox 2104 1564 2627 1628; x_wconf 78' lang='lat' dir='ltr'><strong>commonefacieus,</strong></span> <span class='ocrx_word' id='word_1_306' title='bbox 2668 1578 2837 1633; x_wconf 88' lang='lat' dir='ltr'><strong>seque</strong></span> <span class='ocrx_word' id='word_1_307' title='bbox 2872 1561 2976 1617; x_wconf 91' lang='lat' dir='ltr'><strong>sibi</strong></span> <span class='ocrx_word' id='word_1_308' title='bbox 3007 1574 3204 1614; x_wconf 90' lang='lat' dir='ltr'><strong>manus</strong></span> <span class='ocrx_word' id='word_1_309' title='bbox 3224 1557 3521 1613; x_wconf 87' lang='lat' dir='ltr'><strong>allaturum</strong></span> 
     </span>
    </p>
   </div>
   <div class='ocr_carea' id='block_1_45' title="bbox 1941 1648 3525 1723">
    <p class='ocr_par' dir='ltr' id='par_1_45' title="bbox 1941 1648 3525 1723">
     <span class='ocr_line' id='line_1_45' title="bbox 1941 1648 3525 1723; baseline -0.009 -9"><span class='ocrx_word' id='word_1_310' title='bbox 1941 1659 2245 1721; x_wconf 82' lang='lat' dir='ltr'><strong>allirmans,</strong></span> <span class='ocrx_word' id='word_1_311' title='bbox 2268 1659 2314 1713; x_wconf 90' lang='lat' dir='ltr'><strong>si</strong></span> <span class='ocrx_word' id='word_1_312' title='bbox 2345 1672 2479 1712; x_wconf 91' lang='lat' dir='ltr'><strong>suus</strong></span> <span class='ocrx_word' id='word_1_313' title='bbox 2509 1655 2769 1711; x_wconf 88' lang='lat' dir='ltr'><strong>interitus</strong></span> <span class='ocrx_word' id='word_1_314' title='bbox 2793 1655 3099 1723; x_wconf 69' lang='lat' dir='ltr'><strong>CleOpatrte</strong></span> <span class='ocrx_word' id='word_1_315' title='bbox 3133 1652 3367 1705; x_wconf 87' lang='lat' dir='ltr'><strong>salutem</strong></span> <span class='ocrx_word' id='word_1_316' title='bbox 3393 1648 3525 1702; x_wconf 88' lang='lat' dir='ltr'><strong>alla-</strong></span> 
     </span>
    </p>
   </div>
   <div class='ocr_carea' id='block_1_46' title="bbox 1944 1737 3525 1813">
    <p class='ocr_par' dir='ltr' id='par_1_46' title="bbox 1944 1737 3525 1813">
     <span class='ocr_line' id='line_1_46' title="bbox 1944 1737 3525 1813; baseline -0.009 -8"><span class='ocrx_word' id='word_1_317' title='bbox 1944 1759 2102 1805; x_wconf 88' lang='lat' dir='ltr'><strong>turus</strong></span> <span class='ocrx_word' id='word_1_318' title='bbox 2136 1760 2301 1805; x_wconf 81' lang='lat' dir='ltr'><strong>esset.</strong></span> <span class='ocrx_word' id='word_1_319' title='bbox 2338 1748 2520 1804; x_wconf 80' lang='lat' dir='ltr'><strong>Caesar</strong></span> <span class='ocrx_word' id='word_1_320' title='bbox 2552 1762 2686 1802; x_wconf 92' lang='lat' dir='ltr'><strong>vero</strong></span> <span class='ocrx_word' id='word_1_321' title='bbox 2727 1762 2796 1801; x_wconf 90' lang='lat' dir='ltr'><strong>ne</strong></span> <span class='ocrx_word' id='word_1_322' title='bbox 2848 1756 2965 1799; x_wconf 89' lang='lat' dir='ltr'><strong>tum</strong></span> <span class='ocrx_word' id='word_1_323' title='bbox 3011 1742 3234 1813; x_wconf 83' lang='lat' dir='ltr'><strong>quidem</strong></span> <span class='ocrx_word' id='word_1_324' title='bbox 3286 1737 3525 1795; x_wconf 90' lang='lat' dir='ltr'><strong>Antonio</strong></span> 
     </span>
    </p>
   </div>
   <div class='ocr_carea' id='block_1_47' title="bbox 1945 1835 3523 1914">
    <p class='ocr_par' dir='ltr' id='par_1_47' title="bbox 1945 1835 3523 1914">
     <span class='ocr_line' id='line_1_47' title="bbox 1945 1835 3523 1914; baseline -0.01 -16"><span class='ocrx_word' id='word_1_325' title='bbox 1945 1843 2248 1914; x_wconf 88' lang='lat' dir='ltr'><strong>quidquam</strong></span> <span class='ocrx_word' id='word_1_326' title='bbox 2279 1840 2585 1911; x_wconf 85' lang='lat' dir='ltr'><strong>respondit,</strong></span> <span class='ocrx_word' id='word_1_327' title='bbox 2616 1838 2918 1909; x_wconf 81' lang='lat' dir='ltr'><strong>Cleopatrae</strong></span> <span class='ocrx_word' id='word_1_328' title='bbox 2940 1850 3073 1891; x_wconf 85' lang='lat' dir='ltr'><strong>vero</strong></span> <span class='ocrx_word' id='word_1_329' title='bbox 3103 1835 3276 1888; x_wconf 89' lang='lat' dir='ltr'><strong>multa</strong></span> <span class='ocrx_word' id='word_1_330' title='bbox 3295 1842 3353 1887; x_wconf 87' lang='lat' dir='ltr'><strong>et</strong></span> <span class='ocrx_word' id='word_1_331' title='bbox 3376 1846 3523 1887; x_wconf 87' lang='lat' dir='ltr'><strong>com-</strong></span> 
     </span>
    </p>
   </div>
   <div class='ocr_carea' id='block_1_48' title="bbox 1944 1925 3530 2004">
    <p class='ocr_par' dir='ltr' id='par_1_48' title="bbox 1944 1925 3530 2004">
     <span class='ocr_line' id='line_1_48' title="bbox 1944 1925 3530 2004; baseline -0.009 -14"><span class='ocrx_word' id='word_1_332' title='bbox 1944 1937 2188 1991; x_wconf 86' lang='lat' dir='ltr'><strong>minatus</strong></span> <span class='ocrx_word' id='word_1_333' title='bbox 2233 1944 2288 1989; x_wconf 90' lang='lat' dir='ltr'><strong>et</strong></span> <span class='ocrx_word' id='word_1_334' title='bbox 2337 1933 2620 2004; x_wconf 88' lang='lat' dir='ltr'><strong>pollicitus</strong></span> <span class='ocrx_word' id='word_1_335' title='bbox 2671 1939 2795 1987; x_wconf 91' lang='lat' dir='ltr'><strong>est:</strong></span> <span class='ocrx_word' id='word_1_336' title='bbox 2847 1937 2904 1985; x_wconf 88' lang='lat' dir='ltr'><strong>et</strong></span> <span class='ocrx_word' id='word_1_337' title='bbox 2954 1928 3083 1998; x_wconf 87' lang='lat' dir='ltr'><strong>quia</strong></span> <span class='ocrx_word' id='word_1_338' title='bbox 3112 1925 3418 1988; x_wconf 84' lang='lat' dir='ltr'><strong>metuebat,</strong></span> <span class='ocrx_word' id='word_1_339' title='bbox 3455 1937 3530 1977; x_wconf 86' lang='lat' dir='ltr'><strong>ne</strong></span> 
     </span>
    </p>
   </div>
   <div class='ocr_carea' id='block_1_49' title="bbox 1941 2019 3529 2098">
    <p class='ocr_par' dir='ltr' id='par_1_49' title="bbox 1941 2019 3529 2098">
     <span class='ocr_line' id='line_1_49' title="bbox 1941 2019 3529 2098; baseline -0.01 -14"><span class='ocrx_word' id='word_1_340' title='bbox 1941 2028 2143 2084; x_wconf 85' lang='lat' dir='ltr'><strong>mulier</strong></span> <span class='ocrx_word' id='word_1_341' title='bbox 2177 2027 2457 2098; x_wconf 80' lang='lat' dir='ltr'><strong>ingentem</strong></span> <span class='ocrx_word' id='word_1_342' title='bbox 2515 2025 2829 2095; x_wconf 89' lang='lat' dir='ltr'><strong>pecuniam,</strong></span> <span class='ocrx_word' id='word_1_343' title='bbox 2881 2035 3044 2091; x_wconf 91' lang='lat' dir='ltr'><strong>quam</strong></span> <span class='ocrx_word' id='word_1_344' title='bbox 3095 2019 3151 2073; x_wconf 92' lang='lat' dir='ltr'><strong>in</strong></span> <span class='ocrx_word' id='word_1_345' title='bbox 3199 2030 3529 2073; x_wconf 88' lang='lat' dir='ltr'><strong>monumen-</strong></span> 
     </span>
    </p>
   </div>
   <div class='ocr_carea' id='block_1_50' title="bbox 1943 2108 3533 2187">
    <p class='ocr_par' dir='ltr' id='par_1_50' title="bbox 1943 2108 3533 2187">
     <span class='ocr_line' id='line_1_50' title="bbox 1943 2108 3533 2187; baseline -0.009 -12"><span class='ocrx_word' id='word_1_346' title='bbox 1943 2129 2059 2176; x_wconf 89' lang='lat' dir='ltr'><strong>tum</strong></span> <span class='ocrx_word' id='word_1_347' title='bbox 2091 2118 2146 2173; x_wconf 91' lang='lat' dir='ltr'><strong>in</strong></span> <span class='ocrx_word' id='word_1_348' title='bbox 2178 2118 2326 2187; x_wconf 79' lang='lat' dir='ltr'><strong>regia</strong></span> <span class='ocrx_word' id='word_1_349' title='bbox 2355 2126 2606 2187; x_wconf 83' lang='lat' dir='ltr'><strong>paratqu</strong></span> <span class='ocrx_word' id='word_1_350' title='bbox 2654 2113 2939 2177; x_wconf 88' lang='lat' dir='ltr'><strong>intulerat,</strong></span> <span class='ocrx_word' id='word_1_351' title='bbox 2992 2110 3242 2166; x_wconf 87' lang='lat' dir='ltr'><strong>aboleret</strong></span> <span class='ocrx_word' id='word_1_352' title='bbox 3299 2108 3533 2178; x_wconf 87' lang='lat' dir='ltr'><strong>(minata</strong></span> 
     </span>
    </p>
   </div>
   <div class='ocr_carea' id='block_1_51' title="bbox 1940 2202 3533 2274">
    <p class='ocr_par' dir='ltr' id='par_1_51' title="bbox 1940 2202 3533 2274">
     <span class='ocr_line' id='line_1_51' title="bbox 1940 2202 3533 2274; baseline -0.008 -6"><span class='ocrx_word' id='word_1_353' title='bbox 1940 2212 2088 2268; x_wconf 91' lang='lat' dir='ltr'><strong>enim</strong></span> <span class='ocrx_word' id='word_1_354' title='bbox 2133 2218 2275 2274; x_wconf 85' lang='lat' dir='ltr'><strong>erat,</strong></span> <span class='ocrx_word' id='word_1_355' title='bbox 2316 2210 2422 2264; x_wconf 87' lang='lat' dir='ltr'><strong>nisi</strong></span> <span class='ocrx_word' id='word_1_356' title='bbox 2479 2218 2734 2263; x_wconf 81' lang='lat' dir='ltr'><strong>votorum</strong></span> <span class='ocrx_word' id='word_1_357' title='bbox 2794 2219 3023 2273; x_wconf 88' lang='lat' dir='ltr'><strong>compos</strong></span> <span class='ocrx_word' id='word_1_358' title='bbox 3084 2202 3264 2267; x_wconf 80' lang='lat' dir='ltr'><strong>ﬂeret,</strong></span> <span class='ocrx_word' id='word_1_359' title='bbox 3317 2216 3438 2257; x_wconf 90' lang='lat' dir='ltr'><strong>eam</strong></span> <span class='ocrx_word' id='word_1_360' title='bbox 3471 2216 3533 2255; x_wconf 85' lang='lat' dir='ltr'><strong>se</strong></span> 
     </span>
    </p>
   </div>
   <div class='ocr_carea' id='block_1_52' title="bbox 1942 2292 3531 2370">
    <p class='ocr_par' dir='ltr' id='par_1_52' title="bbox 1942 2292 3531 2370">
     <span class='ocr_line' id='line_1_52' title="bbox 1942 2292 3531 2370; baseline -0.008 -11"><span class='ocrx_word' id='word_1_361' title='bbox 1942 2321 2052 2360; x_wconf 89' lang='lat' dir='ltr'><strong>una</strong></span> <span class='ocrx_word' id='word_1_362' title='bbox 2105 2318 2294 2359; x_wconf 87' lang='lat' dir='ltr'><strong>secum</strong></span> <span class='ocrx_word' id='word_1_363' title='bbox 2351 2301 2767 2368; x_wconf 89' lang='lat' dir='ltr'><strong>crematuram)</strong></span> <span class='ocrx_word' id='word_1_364' title='bbox 2817 2299 3092 2370; x_wconf 83' lang='lat' dir='ltr'><strong>Thyrsum</strong></span> <span class='ocrx_word' id='word_1_365' title='bbox 3144 2296 3407 2351; x_wconf 89' lang='lat' dir='ltr'><strong>libertum</strong></span> <span class='ocrx_word' id='word_1_366' title='bbox 3461 2292 3531 2347; x_wconf 88' lang='lat' dir='ltr'><strong>ad</strong></span> 
     </span>
    </p>
   </div>
   <div class='ocr_carea' id='block_1_53' title="bbox 1941 2383 3536 2474">
    <p class='ocr_par' dir='ltr' id='par_1_53' title="bbox 1941 2383 3536 2474">
     <span class='ocr_line' id='line_1_53' title="bbox 1941 2383 3536 2474; baseline -0.01 -22"><span class='ocrx_word' id='word_1_367' title='bbox 1941 2411 2063 2453; x_wconf 89' lang='lat' dir='ltr'><strong>eam</strong></span> <span class='ocrx_word' id='word_1_368' title='bbox 2103 2394 2273 2459; x_wconf 82' lang='lat' dir='ltr'><strong>misit,</strong></span> <span class='ocrx_word' id='word_1_369' title='bbox 2311 2392 2407 2463; x_wconf 90' lang='lat' dir='ltr'><strong>qui</strong></span> <span class='ocrx_word' id='word_1_370' title='bbox 2442 2391 2789 2474; x_wconf 36' lang='lat' dir='ltr'><strong>prazter’alia</strong></span> <span class='ocrx_word' id='word_1_371' title='bbox 2822 2386 3185 2445; x_wconf 88' lang='lat' dir='ltr'><strong>humanitatis</strong></span> <span class='ocrx_word' id='word_1_372' title='bbox 3235 2387 3420 2456; x_wconf 88' lang='lat' dir='ltr'><strong>plena,</strong></span> <span class='ocrx_word' id='word_1_373' title='bbox 3468 2383 3536 2437; x_wconf 89' lang='lat' dir='ltr'><strong>il-</strong></span> 
     </span>
    </p>
   </div>
   <div class='ocr_carea' id='block_1_54' title="bbox 1942 2478 3535 2550">
    <p class='ocr_par' dir='ltr' id='par_1_54' title="bbox 1942 2478 3535 2550">
     <span class='ocr_line' id='line_1_54' title="bbox 1942 2478 3535 2550; baseline -0.009 -6"><span class='ocrx_word' id='word_1_374' title='bbox 1942 2488 2231 2545; x_wconf 84' lang='lat' dir='ltr'><strong>ludctiam</strong></span> <span class='ocrx_word' id='word_1_375' title='bbox 2266 2487 2319 2542; x_wconf 86' lang='lat' dir='ltr'><strong>ei</strong></span> <span class='ocrx_word' id='word_1_376' title='bbox 2377 2485 2610 2550; x_wconf 89' lang='lat' dir='ltr'><strong>diceret,</strong></span> <span class='ocrx_word' id='word_1_377' title='bbox 2656 2483 2928 2539; x_wconf 76' lang='lat' dir='ltr'><strong>Caesarem</strong></span> <span class='ocrx_word' id='word_1_378' title='bbox 2980 2495 3169 2537; x_wconf 90' lang='lat' dir='ltr'><strong>amore</strong></span> <span class='ocrx_word' id='word_1_379' title='bbox 3215 2478 3365 2533; x_wconf 88' lang='lat' dir='ltr'><strong>illius</strong></span> <span class='ocrx_word' id='word_1_380' title='bbox 3409 2489 3535 2532; x_wconf 83' lang='lat' dir='ltr'><strong>esse</strong></span> 
     </span>
    </p>
   </div>
   <div class='ocr_carea' id='block_1_55' title="bbox 1944 2567 3538 2651">
    <p class='ocr_par' dir='ltr' id='par_1_55' title="bbox 1944 2567 3538 2651">
     <span class='ocr_line' id='line_1_55' title="bbox 1944 2567 3538 2651; baseline -0.009 -15"><span class='ocrx_word' id='word_1_381' title='bbox 1944 2588 2188 2651; x_wconf 86' lang='lat' dir='ltr'><strong>captum.</strong></span> <span class='ocrx_word' id='word_1_382' title='bbox 2218 2577 2309 2634; x_wconf 90' lang='lat' dir='ltr'><strong>Sic</strong></span> <span class='ocrx_word' id='word_1_383' title='bbox 2337 2576 2558 2633; x_wconf 89' lang='lat' dir='ltr'><strong>Pelusio</strong></span> <span class='ocrx_word' id='word_1_384' title='bbox 2585 2576 2796 2647; x_wconf 85' lang='lat' dir='ltr'><strong>potitus</strong></span> <span class='ocrx_word' id='word_1_385' title='bbox 2823 2582 2929 2639; x_wconf 91' lang='lat' dir='ltr'><strong>est,</strong></span> <span class='ocrx_word' id='word_1_386' title='bbox 2954 2573 3112 2643; x_wconf 90' lang='lat' dir='ltr'><strong>quasi</strong></span> <span class='ocrx_word' id='word_1_387' title='bbox 3146 2570 3341 2625; x_wconf 90' lang='lat' dir='ltr'><strong>urbem</strong></span> <span class='ocrx_word' id='word_1_388' title='bbox 3369 2567 3538 2639; x_wconf 76' lang='lat'><strong>528</strong></span> 
     </span>
    </p>
   </div>
   <div class='ocr_carea' id='block_1_56' title="bbox 1942 2659 3535 2743">
    <p class='ocr_par' dir='ltr' id='par_1_56' title="bbox 1942 2659 3535 2743">
     <span class='ocr_line' id='line_1_56' title="bbox 1942 2659 3535 2743; baseline -0.008 -16"><span class='ocrx_word' id='word_1_389' title='bbox 1942 2674 1997 2730; x_wconf 87' lang='lat' dir='ltr'><strong>vi</strong></span> <span class='ocrx_word' id='word_1_390' title='bbox 2031 2678 2422 2743; x_wconf 82' lang='lat' dir='ltr'><strong>expugnasset,</strong></span> <span class='ocrx_word' id='word_1_391' title='bbox 2475 2683 2602 2725; x_wconf 90' lang='lat' dir='ltr'><strong>cum</strong></span> <span class='ocrx_word' id='word_1_392' title='bbox 2637 2682 2831 2722; x_wconf 86' lang='lat' dir='ltr'><strong>revera</strong></span> <span class='ocrx_word' id='word_1_393' title='bbox 2865 2666 3085 2737; x_wconf 87' lang='lat' dir='ltr'><strong>prodita</strong></span> <span class='ocrx_word' id='word_1_394' title='bbox 3138 2671 3287 2719; x_wconf 88' lang='lat' dir='ltr'><strong>esset</strong></span> <span class='ocrx_word' id='word_1_395' title='bbox 3313 2677 3343 2717; x_wconf 91' lang='lat' dir='ltr'><strong>a</strong></span> <span class='ocrx_word' id='word_1_396' title='bbox 3370 2659 3535 2718; x_wconf 90' lang='lat' dir='ltr'><strong>Cleo-</strong></span> 
     </span>
    </p>
   </div>
   <div class='ocr_carea' id='block_1_57' title="bbox 1944 2756 3539 2837">
    <p class='ocr_par' dir='ltr' id='par_1_57' title="bbox 1944 2756 3539 2837">
     <span class='ocr_line' id='line_1_57' title="bbox 1944 2756 3539 2837; baseline -0.008 -17"><span class='ocrx_word' id='word_1_397' title='bbox 1944 2774 2123 2837; x_wconf 90' lang='lat' dir='ltr'><strong>patra.</strong></span> <span class='ocrx_word' id='word_1_398' title='bbox 2160 2763 2297 2819; x_wconf 80' lang='lat' dir='ltr'><strong>Nam</strong></span> <span class='ocrx_word' id='word_1_399' title='bbox 2327 2776 2453 2819; x_wconf 91' lang='lat' dir='ltr'><strong>cum</strong></span> <span class='ocrx_word' id='word_1_400' title='bbox 2506 2778 2565 2817; x_wconf 90' lang='lat' dir='ltr'><strong>se</strong></span> <span class='ocrx_word' id='word_1_401' title='bbox 2606 2761 2675 2816; x_wconf 91' lang='lat' dir='ltr'><strong>ab</strong></span> <span class='ocrx_word' id='word_1_402' title='bbox 2711 2759 2810 2815; x_wconf 88' lang='lat' dir='ltr'><strong>illo</strong></span> <span class='ocrx_word' id='word_1_403' title='bbox 2858 2757 3033 2813; x_wconf 89' lang='lat' dir='ltr'><strong>amari</strong></span> <span class='ocrx_word' id='word_1_404' title='bbox 3065 2756 3332 2821; x_wconf 87' lang='lat' dir='ltr'><strong>audisset,</strong></span> <span class='ocrx_word' id='word_1_405' title='bbox 3366 2761 3539 2825; x_wconf 85' lang='lat' dir='ltr'><strong>atque</strong></span> 
     </span>
    </p>
   </div>
   <div class='ocr_carea' id='block_1_58' title="bbox 1942 2844 3531 2932">
    <p class='ocr_par' dir='ltr' id='par_1_58' title="bbox 1942 2844 3531 2932">
     <span class='ocr_line' id='line_1_58' title="bbox 1942 2844 3531 2932; baseline -0.01 -17"><span class='ocrx_word' id='word_1_406' title='bbox 1942 2861 2065 2932; x_wconf 88' lang='lat' dir='ltr'><strong>ejus</strong></span> <span class='ocrx_word' id='word_1_407' title='bbox 2090 2856 2371 2915; x_wconf 84' lang='lat' dir='ltr'><strong>desiderio</strong></span> <span class='ocrx_word' id='word_1_408' title='bbox 2402 2862 2714 2920; x_wconf 88' lang='lat' dir='ltr'><strong>teneretur,</strong></span> <span class='ocrx_word' id='word_1_409' title='bbox 2751 2851 2937 2909; x_wconf 90' lang='lat' dir='ltr'><strong>statim</strong></span> <span class='ocrx_word' id='word_1_410' title='bbox 2964 2849 3015 2906; x_wconf 91' lang='lat' dir='ltr'><strong>ei</strong></span> <span class='ocrx_word' id='word_1_411' title='bbox 3050 2848 3329 2906; x_wconf 83' lang='lat' dir='ltr'><strong>Pelusium</strong></span> <span class='ocrx_word' id='word_1_412' title='bbox 3368 2844 3531 2901; x_wconf 83' lang='lat' dir='ltr'><strong>dedi-</strong></span> 
     </span>
    </p>
   </div>
   <div class='ocr_carea' id='block_1_59' title="bbox 1943 2937 3535 3019">
    <p class='ocr_par' dir='ltr' id='par_1_59' title="bbox 1943 2937 3535 3019">
     <span class='ocr_line' id='line_1_59' title="bbox 1943 2937 3535 3019; baseline -0.011 -10"><span class='ocrx_word' id='word_1_413' title='bbox 1943 2952 2045 3009; x_wconf 91' lang='lat' dir='ltr'><strong>dit.</strong></span> <span class='ocrx_word' id='word_1_414' title='bbox 2095 2950 2369 3006; x_wconf 85' lang='lat' dir='ltr'><strong>Antonius</strong></span> <span class='ocrx_word' id='word_1_415' title='bbox 2433 2948 2602 3019; x_wconf 80' lang='lat' dir='ltr'><strong>igitur</strong></span> <span class='ocrx_word' id='word_1_416' title='bbox 2652 2945 2874 3011; x_wconf 88' lang='lat' dir='ltr'><strong>absens,</strong></span> <span class='ocrx_word' id='word_1_417' title='bbox 2931 2941 3136 2999; x_wconf 89' lang='lat' dir='ltr'><strong>Pelusii</strong></span> <span class='ocrx_word' id='word_1_418' title='bbox 3166 2937 3535 3008; x_wconf 85' lang='lat' dir='ltr'><strong>occupatione</strong></span> 
     </span>
    </p>
   </div>
   <div class='ocr_carea' id='block_1_60' title="bbox 1944 3027 3531 3116">
    <p class='ocr_par' dir='ltr' id='par_1_60' title="bbox 1944 3027 3531 3116">
     <span class='ocr_line' id='line_1_60' title="bbox 1944 3027 3531 3116; baseline -0.012 -15"><span class='ocrx_word' id='word_1_419' title='bbox 1944 3044 2185 3116; x_wconf 83' lang='lat' dir='ltr'><strong>cognita,</strong></span> <span class='ocrx_word' id='word_1_420' title='bbox 2215 3043 2270 3098; x_wconf 89' lang='lat' dir='ltr'><strong>in</strong></span> <span class='ocrx_word' id='word_1_421' title='bbox 2294 3041 2474 3097; x_wconf 87' lang='lat' dir='ltr'><strong>reditu</strong></span> <span class='ocrx_word' id='word_1_422' title='bbox 2506 3048 2633 3096; x_wconf 86' lang='lat' dir='ltr'><strong>ante</strong></span> <span class='ocrx_word' id='word_1_423' title='bbox 2656 3036 3046 3094; x_wconf 85' lang='lat' dir='ltr'><strong>Alexandriam</strong></span> <span class='ocrx_word' id='word_1_424' title='bbox 3075 3032 3381 3104; x_wconf 84' lang='lat' dir='ltr'><strong>equitatum</strong></span> <span class='ocrx_word' id='word_1_425' title='bbox 3410 3027 3531 3083; x_wconf 71' lang='lat' dir='ltr'><strong>Cae-</strong></span> 
     </span>
    </p>
   </div>
   <div class='ocr_carea' id='block_1_61' title="bbox 1944 3120 3531 3202">
    <p class='ocr_par' dir='ltr' id='par_1_61' title="bbox 1944 3120 3531 3202">
     <span class='ocr_line' id='line_1_61' title="bbox 1944 3120 3531 3202; baseline -0.01 -9"><span class='ocrx_word' id='word_1_426' title='bbox 1944 3138 2086 3194; x_wconf 88' lang='lat' dir='ltr'><strong>saris</strong></span> <span class='ocrx_word' id='word_1_427' title='bbox 2120 3136 2320 3191; x_wconf 87' lang='lat' dir='ltr'><strong>itinere</strong></span> <span class='ocrx_word' id='word_1_428' title='bbox 2355 3133 2642 3202; x_wconf 77' lang='lat' dir='ltr'><strong>fatigatum</strong></span> <span class='ocrx_word' id='word_1_429' title='bbox 2674 3130 2828 3187; x_wconf 90' lang='lat' dir='ltr'><strong>vicit.</strong></span> <span class='ocrx_word' id='word_1_430' title='bbox 2876 3128 3010 3184; x_wconf 89' lang='lat' dir='ltr'><strong>Inde</strong></span> <span class='ocrx_word' id='word_1_431' title='bbox 3040 3125 3281 3195; x_wconf 86' lang='lat' dir='ltr'><strong>receptis</strong></span> <span class='ocrx_word' id='word_1_432' title='bbox 3305 3120 3531 3187; x_wconf 83' lang='lat' dir='ltr'><strong>animis,</strong></span> 
     </span>
    </p>
   </div>
   <div class='ocr_carea' id='block_1_62' title="bbox 246 3216 1844 3298">
    <p class='ocr_par' dir='ltr' id='par_1_62' title="bbox 246 3221 1841 3295">
     <span class='ocr_line' id='line_1_62' title="bbox 246 3221 1841 3295; baseline 0 -19"><span class='ocrx_word' id='word_1_433' title='bbox 246 3223 356 3294; x_wconf 83' lang='grc' dir='ltr'>τῆς</span> <span class='ocrx_word' id='word_1_434' title='bbox 385 3223 592 3276; x_wconf 77' lang='grc' dir='ltr'>ἐκεῖνον</span> <span class='ocrx_word' id='word_1_435' title='bbox 616 3221 922 3289; x_wconf 84' lang='grc' dir='ltr'>ἀκούσασα,</span> <span class='ocrx_word' id='word_1_436' title='bbox 954 3224 1051 3277; x_wconf 78' lang='grc' dir='ltr'><strong>καὶ</strong></span> <span class='ocrx_word' id='word_1_437' title='bbox 1093 3224 1287 3276; x_wconf 85' lang='grc' dir='ltr'>τούτου</span> <span class='ocrx_word' id='word_1_438' title='bbox 1339 3223 1629 3295; x_wconf 81' lang='grc' dir='ltr'>ὲφιεμένη,</span> <span class='ocrx_word' id='word_1_439' title='bbox 1676 3222 1841 3287; x_wconf 72' lang='grc' dir='ltr'>εὐθὺς</span> 
     </span>
    </p>
   </div>
   <div class='ocr_carea' id='block_1_63' title="bbox 1947 3216 3536 3298">
    <p class='ocr_par' dir='ltr' id='par_1_63' title="bbox 1947 3216 3536 3297">
     <span class='ocr_line' id='line_1_63' title="bbox 1947 3216 3536 3297; baseline -0.011 -11"><span class='ocrx_word' id='word_1_440' title='bbox 1947 3238 2001 3286; x_wconf 89' lang='lat' dir='ltr'><strong>et</strong></span> <span class='ocrx_word' id='word_1_441' title='bbox 2033 3245 2102 3285; x_wconf 88' lang='lat' dir='ltr'><strong>eo</strong></span> <span class='ocrx_word' id='word_1_442' title='bbox 2127 3230 2324 3293; x_wconf 76' lang='lat' dir='ltr'><strong>fretus,</strong></span> <span class='ocrx_word' id='word_1_443' title='bbox 2360 3224 2508 3297; x_wconf 88' lang='lat' dir='ltr'><strong>quod</strong></span> <span class='ocrx_word' id='word_1_444' title='bbox 2543 3225 2758 3282; x_wconf 87' lang='lat' dir='ltr'><strong>litteras</strong></span> <span class='ocrx_word' id='word_1_445' title='bbox 2782 3221 2994 3294; x_wconf 81' lang='lat' dir='ltr'><strong>sagittis</strong></span> <span class='ocrx_word' id='word_1_446' title='bbox 3026 3232 3296 3290; x_wconf 87' lang='lat' dir='ltr'><strong>appensas</strong></span> <span class='ocrx_word' id='word_1_447' title='bbox 3336 3216 3393 3270; x_wconf 90' lang='lat' dir='ltr'><strong>in</strong></span> <span class='ocrx_word' id='word_1_448' title='bbox 3440 3227 3536 3269; x_wconf 85' lang='lat' dir='ltr'><strong>ca-</strong></span> 
     </span>
    </p>
   </div>
   <div class='ocr_carea' id='block_1_64' title="bbox 250 3311 1844 3385">
    <p class='ocr_par' dir='ltr' id='par_1_64' title="bbox 250 3311 1844 3385">
     <span class='ocr_line' id='line_1_64' title="bbox 250 3311 1844 3385; baseline -0.001 -17"><span class='ocrx_word' id='word_1_449' title='bbox 250 3311 408 3383; x_wconf 87' lang='grc' dir='ltr'>οιύτῷ</span> <span class='ocrx_word' id='word_1_450' title='bbox 438 3315 721 3384; x_wconf 84' lang='grc' dir='ltr'>προήκατο</span> <span class='ocrx_word' id='word_1_451' title='bbox 753 3313 815 3367; x_wconf 85' lang='grc' dir='ltr'><strong>τδ</strong></span> <span class='ocrx_word' id='word_1_452' title='bbox 846 3313 1172 3385; x_wconf 81' lang='grc' dir='ltr'>Πηλούσιον.</span> <span class='ocrx_word' id='word_1_453' title='bbox 1233 3313 1296 3367; x_wconf 87' lang='lat'><strong>&#39;0</strong></span> <span class='ocrx_word' id='word_1_454' title='bbox 1331 3313 1376 3368; x_wconf 87' lang='grc' dir='ltr'>δ’</span> <span class='ocrx_word' id='word_1_455' title='bbox 1407 3313 1502 3369; x_wconf 81' lang='grc' dir='ltr'>οὖν</span> <span class='ocrx_word' id='word_1_456' title='bbox 1555 3313 1844 3379; x_wconf 78' lang='grc' dir='ltr'>Ἀντώνιος</span> 
     </span>
    </p>
   </div>
   <div class='ocr_carea' id='block_1_65' title="bbox 247 3403 1840 3477">
    <p class='ocr_par' dir='ltr' id='par_1_65' title="bbox 247 3403 1840 3477">
     <span class='ocr_line' id='line_1_65' title="bbox 247 3403 1840 3477; baseline 0.001 -18"><span class='ocrx_word' id='word_1_457' title='bbox 247 3403 436 3469; x_wconf 82' lang='grc' dir='ltr'>ἀπὼν,</span> <span class='ocrx_word' id='word_1_458' title='bbox 494 3404 591 3457; x_wconf 77' lang='grc' dir='ltr'>καὶ</span> <span class='ocrx_word' id='word_1_459' title='bbox 640 3404 742 3476; x_wconf 82' lang='grc' dir='ltr'>τὴν</span> <span class='ocrx_word' id='word_1_460' title='bbox 792 3403 888 3459; x_wconf 88' lang='grc' dir='ltr'><strong>τοῦ</strong></span> <span class='ocrx_word' id='word_1_461' title='bbox 941 3404 1245 3475; x_wconf 87' lang='grc' dir='ltr'>Πηλουσίου</span> <span class='ocrx_word' id='word_1_462' title='bbox 1299 3404 1608 3477; x_wconf 77' lang='grc' dir='ltr'>κατάληψιν</span> <span class='ocrx_word' id='word_1_463' title='bbox 1657 3407 1840 3475; x_wconf 73' lang='grc' dir='ltr'>γνοὺς,</span> 
     </span>
    </p>
   </div>
   <div class='ocr_carea' id='block_1_66' title="bbox 247 3496 1845 3573">
    <p class='ocr_par' dir='ltr' id='par_1_66' title="bbox 247 3496 1845 3573">
     <span class='ocr_line' id='line_1_66' title="bbox 247 3496 1845 3573; baseline 0.002 -21"><span class='ocrx_word' id='word_1_464' title='bbox 247 3496 569 3554; x_wconf 72' lang='grc' dir='ltr'>ἐπανελθὼν</span> <span class='ocrx_word' id='word_1_465' title='bbox 591 3497 696 3570; x_wconf 70' lang='grc' dir='ltr'>πρὸ</span> <span class='ocrx_word' id='word_1_466' title='bbox 713 3498 814 3569; x_wconf 83' lang='grc' dir='ltr'><strong>τῆς</strong></span> <span class='ocrx_word' id='word_1_467' title='bbox 839 3498 956 3552; x_wconf 85' lang='grc' dir='ltr'>Ἀλε</span> <span class='ocrx_word' id='word_1_468' title='bbox 966 3497 1249 3570; x_wconf 78' lang='grc' dir='ltr'>ξανδρείας</span> <span class='ocrx_word' id='word_1_469' title='bbox 1269 3499 1348 3571; x_wconf 83' lang='grc' dir='ltr'>τῷ</span> <span class='ocrx_word' id='word_1_470' title='bbox 1367 3501 1609 3570; x_wconf 88' lang='grc' dir='ltr'>Καίσαρι</span> <span class='ocrx_word' id='word_1_471' title='bbox 1626 3503 1845 3573; x_wconf 84' lang='grc' dir='ltr'>προῦπ-</span> 
     </span>
    </p>
   </div>
   <div class='ocr_carea' id='block_1_67' title="bbox 246 3590 1844 3665">
    <p class='ocr_par' dir='ltr' id='par_1_67' title="bbox 246 3590 1844 3665">
     <span class='ocr_line' id='line_1_67' title="bbox 246 3590 1844 3665; baseline 0.001 -21"><span class='ocrx_word' id='word_1_472' title='bbox 246 3595 480 3663; x_wconf 83' lang='grc' dir='ltr'>ήντησε,</span> <span class='ocrx_word' id='word_1_473' title='bbox 517 3592 613 3646; x_wconf 72' lang='grc' dir='ltr'>καὶ</span> <span class='ocrx_word' id='word_1_474' title='bbox 659 3591 956 3662; x_wconf 81' lang='grc' dir='ltr'>συμϐαλὼν</span> <span class='ocrx_word' id='word_1_475' title='bbox 1010 3595 1123 3658; x_wconf 79' lang='grc' dir='ltr'>τοῖς</span> <span class='ocrx_word' id='word_1_476' title='bbox 1149 3590 1376 3647; x_wconf 81' lang='grc' dir='ltr'>ἱππεῦσι</span> <span class='ocrx_word' id='word_1_477' title='bbox 1407 3593 1749 3665; x_wconf 79' lang='grc' dir='ltr'>κεκμηκόσιν</span> <span class='ocrx_word' id='word_1_478' title='bbox 1779 3594 1844 3646; x_wconf 77' lang='grc' dir='ltr'>ἐκ</span> 
     </span>
    </p>
   </div>
   <div class='ocr_carea' id='block_1_68' title="bbox 244 3682 1844 3757">
    <p class='ocr_par' dir='ltr' id='par_1_68' title="bbox 244 3682 1844 3757">
     <span class='ocr_line' id='line_1_68' title="bbox 244 3682 1844 3757; baseline 0.003 -21"><span class='ocrx_word' id='word_1_479' title='bbox 244 3682 360 3752; x_wconf 80' lang='grc' dir='ltr'>τῆς</span> <span class='ocrx_word' id='word_1_480' title='bbox 404 3682 732 3755; x_wconf 73' lang='grc' dir='ltr'>ὁδοιπορίας,</span> <span class='ocrx_word' id='word_1_481' title='bbox 764 3683 1005 3756; x_wconf 81' lang='grc' dir='ltr'>ἐνίκησε.</span> <span class='ocrx_word' id='word_1_482' title='bbox 1040 3685 1166 3739; x_wconf 77' lang='grc' dir='ltr'><strong>Κάκ</strong></span> <span class='ocrx_word' id='word_1_483' title='bbox 1194 3684 1385 3740; x_wconf 85' lang='grc' dir='ltr'>τούτου</span> <span class='ocrx_word' id='word_1_484' title='bbox 1428 3684 1844 3757; x_wconf 84' lang='grc' dir='ltr'>ἀναθαρσήσας,</span> 
     </span>
    </p>
   </div>
   <div class='ocr_carea' id='block_1_69' title="bbox 247 3776 1847 3849">
    <p class='ocr_par' dir='ltr' id='par_1_69' title="bbox 247 3776 1847 3849">
     <span class='ocr_line' id='line_1_69' title="bbox 247 3776 1847 3849; baseline 0 -18"><span class='ocrx_word' id='word_1_485' title='bbox 247 3778 356 3831; x_wconf 74' lang='grc' dir='ltr'>καὶ</span> <span class='ocrx_word' id='word_1_486' title='bbox 383 3776 465 3830; x_wconf 84' lang='grc' dir='ltr'>ὅτι</span> <span class='ocrx_word' id='word_1_487' title='bbox 486 3776 821 3847; x_wconf 81' lang='grc' dir='ltr'>τοξεύμασιν</span> <span class='ocrx_word' id='word_1_488' title='bbox 856 3779 914 3838; x_wconf 76' lang='grc' dir='ltr'>ἐς</span> <span class='ocrx_word' id='word_1_489' title='bbox 945 3777 1005 3832; x_wconf 79' lang='grc' dir='ltr'><strong>τὸ</strong></span> <span class='ocrx_word' id='word_1_490' title='bbox 1031 3778 1398 3848; x_wconf 87' lang='grc' dir='ltr'>στρατόπεδον</span> <span class='ocrx_word' id='word_1_491' title='bbox 1422 3778 1519 3833; x_wconf 88' lang='grc' dir='ltr'><strong>τοῦ</strong></span> <span class='ocrx_word' id='word_1_492' title='bbox 1564 3778 1847 3849; x_wconf 88' lang='grc' dir='ltr'>Καίσαρος</span> 
     </span>
    </p>
   </div>
   <div class='ocr_carea' id='block_1_70' title="bbox 246 3869 1850 3943">
    <p class='ocr_par' dir='ltr' id='par_1_70' title="bbox 246 3869 1850 3943">
     <span class='ocr_line' id='line_1_70' title="bbox 246 3869 1850 3943; baseline 0.003 -21"><span class='ocrx_word' id='word_1_493' title='bbox 246 3869 590 3941; x_wconf 83' lang='grc' dir='ltr'>γραμμάτια</span> <span class='ocrx_word' id='word_1_494' title='bbox 617 3869 857 3941; x_wconf 77' lang='grc' dir='ltr'>ἔπεμψε,</span> <span class='ocrx_word' id='word_1_495' title='bbox 910 3870 1084 3924; x_wconf 81' lang='grc' dir='ltr'>πολλά</span> <span class='ocrx_word' id='word_1_496' title='bbox 1121 3873 1383 3943; x_wconf 83' lang='grc' dir='ltr'>χρήματα</span> <span class='ocrx_word' id='word_1_497' title='bbox 1429 3874 1544 3937; x_wconf 86' lang='grc' dir='ltr'>τοῖς</span> <span class='ocrx_word' id='word_1_498' title='bbox 1580 3872 1850 3943; x_wconf 86' lang='grc' dir='ltr'>στρατιώ-</span> 
     </span>
    </p>
   </div>
   <div class='ocr_carea' id='block_1_71' title="bbox 245 3959 1848 4033">
    <p class='ocr_par' dir='ltr' id='par_1_71' title="bbox 245 3959 1848 4033">
     <span class='ocr_line' id='line_1_71' title="bbox 245 3959 1848 4033; baseline 0.001 -17"><span class='ocrx_word' id='word_1_499' title='bbox 245 3978 384 4025; x_wconf 82' lang='grc' dir='ltr'>ταις</span> <span class='ocrx_word' id='word_1_500' title='bbox 411 3959 907 4032; x_wconf 71' lang='grc' dir='ltr'>ἐπαγγελλόμενος,</span> <span class='ocrx_word' id='word_1_501' title='bbox 941 3962 1242 4033; x_wconf 81' lang='grc' dir='ltr'>προσέμιξε</span> <span class='ocrx_word' id='word_1_502' title='bbox 1284 3964 1382 4017; x_wconf 76' lang='grc' dir='ltr'><strong>καὶ</strong></span> <span class='ocrx_word' id='word_1_503' title='bbox 1410 3963 1489 4032; x_wconf 86' lang='grc' dir='ltr'><strong>τῷ</strong></span> <span class='ocrx_word' id='word_1_504' title='bbox 1526 3962 1701 4033; x_wconf 81' lang='grc' dir='ltr'>πεζῷ,</span> <span class='ocrx_word' id='word_1_505' title='bbox 1750 3962 1848 4017; x_wconf 73' lang='grc' dir='ltr'><strong>καὶ</strong></span> 
     </span>
    </p>
   </div>
   <div class='ocr_carea' id='block_1_72' title="bbox 248 4053 1848 4128">
    <p class='ocr_par' dir='ltr' id='par_1_72' title="bbox 248 4053 1848 4128">
     <span class='ocr_line' id='line_1_72' title="bbox 248 4053 1848 4128; baseline 0.001 -20"><span class='ocrx_word' id='word_1_506' title='bbox 248 4053 492 4128; x_wconf 77' lang='grc' dir='ltr'>ἡττήθη.</span> <span class='ocrx_word' id='word_1_507' title='bbox 537 4055 649 4109; x_wconf 75' lang='grc' dir='ltr'>Καὶ</span> <span class='ocrx_word' id='word_1_508' title='bbox 692 4056 721 4109; x_wconf 85' lang='grc' dir='ltr'>ὁ</span> <span class='ocrx_word' id='word_1_509' title='bbox 780 4054 880 4125; x_wconf 80' lang='grc' dir='ltr'><strong>μὲν</strong></span> <span class='ocrx_word' id='word_1_510' title='bbox 934 4054 1265 4119; x_wconf 72' lang='grc' dir='ltr'>ἐλαττωθεὶς</span> <span class='ocrx_word' id='word_1_511' title='bbox 1320 4056 1582 4111; x_wconf 83' lang='grc' dir='ltr'>ἀπέκλινε</span> <span class='ocrx_word' id='word_1_512' title='bbox 1615 4057 1753 4128; x_wconf 83' lang='grc' dir='ltr'>πρὸς</span> <span class='ocrx_word' id='word_1_513' title='bbox 1785 4057 1848 4111; x_wconf 84' lang='grc' dir='ltr'><strong>τὸ</strong></span> 
     </span>
    </p>
   </div>
   <div class='ocr_carea' id='block_1_73' title="bbox 248 4144 1850 4219">
    <p class='ocr_par' dir='ltr' id='par_1_73' title="bbox 248 4144 1850 4219">
     <span class='ocr_line' id='line_1_73' title="bbox 248 4144 1850 4219; baseline -0.001 -18"><span class='ocrx_word' id='word_1_514' title='bbox 248 4145 516 4201; x_wconf 79' lang='grc' dir='ltr'>ναυτικὸν</span> <span class='ocrx_word' id='word_1_515' title='bbox 547 4146 642 4199; x_wconf 75' lang='grc' dir='ltr'>καὶ</span> <span class='ocrx_word' id='word_1_516' title='bbox 667 4144 743 4207; x_wconf 83' lang='grc' dir='ltr'><strong>ὡς</strong></span> <span class='ocrx_word' id='word_1_517' title='bbox 774 4148 1150 4217; x_wconf 85' lang='grc' dir='ltr'>ναυμαχήσων</span> <span class='ocrx_word' id='word_1_518' title='bbox 1181 4146 1628 4218; x_wconf 75' lang='grc' dir='ltr'>παρεσκευάζετο</span> <span class='ocrx_word' id='word_1_519' title='bbox 1652 4147 1684 4219; x_wconf 86' lang='grc' dir='ltr'><strong>ἧ</strong></span> <span class='ocrx_word' id='word_1_520' title='bbox 1710 4147 1850 4218; x_wconf 83' lang='grc' dir='ltr'>πρὸς</span> 
     </span>
    </p>
   </div>
   <div class='ocr_carea' id='block_1_74' title="bbox 248 4235 1847 4312">
    <p class='ocr_par' dir='ltr' id='par_1_74' title="bbox 248 4235 1847 4312">
     <span class='ocr_line' id='line_1_74' title="bbox 248 4235 1847 4312; baseline 0 -19"><span class='ocrx_word' id='word_1_521' title='bbox 248 4235 505 4308; x_wconf 82' lang='grc' dir='ltr'>Ἰϐηρίαν</span> <span class='ocrx_word' id='word_1_522' title='bbox 534 4235 966 4308; x_wconf 80' lang='grc' dir='ltr'>πλευσούμενος.</span> <span class='ocrx_word' id='word_1_523' title='bbox 998 4238 1212 4292; x_wconf 88' lang='grc' dir='ltr'>Γνοῦσα</span> <span class='ocrx_word' id='word_1_524' title='bbox 1240 4238 1298 4292; x_wconf 80' lang='grc' dir='ltr'>δὲ</span> <span class='ocrx_word' id='word_1_525' title='bbox 1347 4238 1507 4294; x_wconf 86' lang='grc' dir='ltr'>τοῦτο</span> <span class='ocrx_word' id='word_1_526' title='bbox 1532 4240 1565 4312; x_wconf 80' lang='grc' dir='ltr'><strong>ἡ</strong></span> <span class='ocrx_word' id='word_1_527' title='bbox 1592 4238 1847 4293; x_wconf 85' lang='grc' dir='ltr'>Κλεοπά-</span> 
     </span>
    </p>
   </div>
   <div class='ocr_carea' id='block_1_75' title="bbox 250 4326 1849 4405">
    <p class='ocr_par' dir='ltr' id='par_1_75' title="bbox 250 4326 1849 4405">
     <span class='ocr_line' id='line_1_75' title="bbox 250 4326 1849 4405; baseline 0.001 -21"><span class='ocrx_word' id='word_1_528' title='bbox 250 4345 370 4399; x_wconf 84' lang='grc' dir='ltr'><strong>τρα</strong></span> <span class='ocrx_word' id='word_1_529' title='bbox 420 4326 520 4392; x_wconf 86' lang='grc' dir='ltr'>τὰς</span> <span class='ocrx_word' id='word_1_530' title='bbox 574 4329 675 4399; x_wconf 85' lang='grc' dir='ltr'>μὲν</span> <span class='ocrx_word' id='word_1_531' title='bbox 720 4328 854 4393; x_wconf 89' lang='grc' dir='ltr'>ναῦς</span> <span class='ocrx_word' id='word_1_532' title='bbox 887 4329 1266 4400; x_wconf 80' lang='grc' dir='ltr'>αὐτομολῆσαι</span> <span class='ocrx_word' id='word_1_533' title='bbox 1310 4330 1593 4402; x_wconf 80' lang='grc' dir='ltr'>ἐποίησεν,</span> <span class='ocrx_word' id='word_1_534' title='bbox 1627 4331 1763 4405; x_wconf 80' lang='grc' dir='ltr'>αὑτὴ</span> <span class='ocrx_word' id='word_1_535' title='bbox 1789 4332 1849 4387; x_wconf 82' lang='grc' dir='ltr'>δὲ</span> 
     </span>
    </p>
   </div>
   <div class='ocr_carea' id='block_1_76' title="bbox 251 4420 1852 4494">
    <p class='ocr_par' dir='ltr' id='par_1_76' title="bbox 251 4420 1852 4494">
     <span class='ocr_line' id='line_1_76' title="bbox 251 4420 1852 4494; baseline 0.002 -18"><span class='ocrx_word' id='word_1_536' title='bbox 251 4421 344 4485; x_wconf 80' lang='grc' dir='ltr'><strong>είς</strong></span> <span class='ocrx_word' id='word_1_537' title='bbox 360 4421 422 4474; x_wconf 74' lang='grc' dir='ltr'><strong>τδ</strong></span> <span class='ocrx_word' id='word_1_538' title='bbox 447 4420 602 4492; x_wconf 77' lang='grc' dir='ltr'>ἠρίον</span> <span class='ocrx_word' id='word_1_539' title='bbox 627 4420 808 4475; x_wconf 81' lang='grc' dir='ltr'>είσέδυ</span> <span class='ocrx_word' id='word_1_540' title='bbox 834 4422 1129 4492; x_wconf 74' lang='grc' dir='ltr'>αἰφνίδιον,</span> <span class='ocrx_word' id='word_1_541' title='bbox 1157 4422 1234 4486; x_wconf 79' lang='grc' dir='ltr'><strong>ώς</strong></span> <span class='ocrx_word' id='word_1_542' title='bbox 1260 4422 1405 4494; x_wconf 84' lang='grc' dir='ltr'>τάχα</span> <span class='ocrx_word' id='word_1_543' title='bbox 1427 4422 1525 4477; x_wconf 80' lang='grc' dir='ltr'><strong>τὸν</strong></span> <span class='ocrx_word' id='word_1_544' title='bbox 1561 4424 1852 4480; x_wconf 80' lang='grc' dir='ltr'>’Λντώνιον</span> 
     </span>
    </p>
   </div>
   <div class='ocr_carea' id='block_1_77' title="bbox 252 4511 1852 4587">
    <p class='ocr_par' dir='ltr' id='par_1_77' title="bbox 252 4511 1852 4587">
     <span class='ocr_line' id='line_1_77' title="bbox 252 4511 1852 4587; baseline 0.003 -22"><span class='ocrx_word' id='word_1_545' title='bbox 252 4511 576 4584; x_wconf 81' lang='grc' dir='ltr'>φοϐουμένη</span> <span class='ocrx_word' id='word_1_546' title='bbox 611 4512 953 4587; x_wconf 81' lang='grc' dir='ltr'>ὑπειληφότα</span> <span class='ocrx_word' id='word_1_547' title='bbox 982 4514 1334 4585; x_wconf 84' lang='grc' dir='ltr'>προδίδοσθαι</span> <span class='ocrx_word' id='word_1_548' title='bbox 1360 4516 1493 4587; x_wconf 87' lang='grc' dir='ltr'>παρ’</span> <span class='ocrx_word' id='word_1_549' title='bbox 1520 4515 1852 4586; x_wconf 79' lang='grc' dir='ltr'>αὑτῆς.Δύω</span> 
     </span>
    </p>
   </div>
   <div class='ocr_carea' id='block_1_78' title="bbox 1950 3313 3534 3391">
    <p class='ocr_par' dir='ltr' id='par_1_78' title="bbox 1950 3313 3534 3391">
     <span class='ocr_line' id='line_1_78' title="bbox 1950 3313 3534 3391; baseline -0.012 -12"><span class='ocrx_word' id='word_1_550' title='bbox 1950 3334 2064 3379; x_wconf 87' lang='lat' dir='ltr'><strong>stra</strong></span> <span class='ocrx_word' id='word_1_551' title='bbox 2087 3320 2318 3391; x_wconf 75' lang='lat' dir='ltr'><strong>Caesaris</strong></span> <span class='ocrx_word' id='word_1_552' title='bbox 2335 3318 2640 3391; x_wconf 88' lang='lat' dir='ltr'><strong>ejaculatus</strong></span> <span class='ocrx_word' id='word_1_553' title='bbox 2665 3323 2835 3381; x_wconf 86' lang='lat' dir='ltr'><strong>esset,</strong></span> <span class='ocrx_word' id='word_1_554' title='bbox 2863 3313 3065 3385; x_wconf 91' lang='lat' dir='ltr'><strong>quibus</strong></span> <span class='ocrx_word' id='word_1_555' title='bbox 3087 3322 3339 3381; x_wconf 78' lang='lat' dir='ltr'><strong>magnam</strong></span> <span class='ocrx_word' id='word_1_556' title='bbox 3364 3321 3534 3378; x_wconf 88' lang='lat' dir='ltr'><strong>pecu-</strong></span> 
     </span>
    </p>
   </div>
   <div class='ocr_carea' id='block_1_79' title="bbox 1947 3402 3543 3482">
    <p class='ocr_par' dir='ltr' id='par_1_79' title="bbox 1947 3402 3543 3482">
     <span class='ocr_line' id='line_1_79' title="bbox 1947 3402 3543 3482; baseline -0.011 -12"><span class='ocrx_word' id='word_1_557' title='bbox 1947 3414 2099 3470; x_wconf 86' lang='lat' dir='ltr'><strong>niam</strong></span> <span class='ocrx_word' id='word_1_558' title='bbox 2132 3412 2405 3468; x_wconf 87' lang='lat' dir='ltr'><strong>militi-bus</strong></span> <span class='ocrx_word' id='word_1_559' title='bbox 2431 3408 2801 3482; x_wconf 88' lang='lat' dir='ltr'><strong>pollicebatur</strong></span> <span class='ocrx_word' id='word_1_560' title='bbox 2827 3425 2840 3462; x_wconf 92' lang='lat'><strong>:</strong></span> <span class='ocrx_word' id='word_1_561' title='bbox 2882 3405 3052 3462; x_wconf 85' lang='lat' dir='ltr'><strong>etiam</strong></span> <span class='ocrx_word' id='word_1_562' title='bbox 3076 3402 3290 3475; x_wconf 84' lang='lat' dir='ltr'><strong>pedites</strong></span> <span class='ocrx_word' id='word_1_563' title='bbox 3320 3412 3543 3471; x_wconf 80' lang='lat' dir='ltr'><strong>aggres-</strong></span> 
     </span>
    </p>
   </div>
   <div class='ocr_carea' id='block_1_80' title="bbox 1948 3495 3537 3574">
    <p class='ocr_par' dir='ltr' id='par_1_80' title="bbox 1948 3495 3537 3574">
     <span class='ocr_line' id='line_1_80' title="bbox 1948 3495 3537 3574; baseline -0.013 -10"><span class='ocrx_word' id='word_1_564' title='bbox 1948 3522 2064 3572; x_wconf 86' lang='lat' dir='ltr'><strong>sus,</strong></span> <span class='ocrx_word' id='word_1_565' title='bbox 2098 3514 2157 3562; x_wconf 84' lang='lat' dir='ltr'><strong>et</strong></span> <span class='ocrx_word' id='word_1_566' title='bbox 2181 3505 2383 3569; x_wconf 88' lang='lat' dir='ltr'><strong>victus,</strong></span> <span class='ocrx_word' id='word_1_567' title='bbox 2441 3518 2537 3574; x_wconf 89' lang='lat' dir='ltr'><strong>spe</strong></span> <span class='ocrx_word' id='word_1_568' title='bbox 2583 3502 2641 3558; x_wconf 89' lang='lat' dir='ltr'><strong>in</strong></span> <span class='ocrx_word' id='word_1_569' title='bbox 2676 3502 2906 3556; x_wconf 71' lang='lat' dir='ltr'><strong>classem</strong></span> <span class='ocrx_word' id='word_1_570' title='bbox 2932 3498 3152 3557; x_wconf 85' lang='lat' dir='ltr'><strong>collata,</strong></span> <span class='ocrx_word' id='word_1_571' title='bbox 3190 3495 3264 3549; x_wconf 89' lang='lat' dir='ltr'><strong>ita</strong></span> <span class='ocrx_word' id='word_1_572' title='bbox 3288 3508 3349 3549; x_wconf 88' lang='lat' dir='ltr'><strong>se</strong></span> <span class='ocrx_word' id='word_1_573' title='bbox 3376 3505 3537 3563; x_wconf 89' lang='lat' dir='ltr'><strong>para-</strong></span> 
     </span>
    </p>
   </div>
   <div class='ocr_carea' id='block_1_81' title="bbox 1948 3585 3538 3671">
    <p class='ocr_par' dir='ltr' id='par_1_81' title="bbox 1948 3585 3538 3671">
     <span class='ocr_line' id='line_1_81' title="bbox 1948 3585 3538 3671; baseline -0.011 -15"><span class='ocrx_word' id='word_1_574' title='bbox 1948 3600 2052 3665; x_wconf 76' lang='lat' dir='ltr'><strong>vit,</strong></span> <span class='ocrx_word' id='word_1_575' title='bbox 2083 3597 2241 3671; x_wconf 87' lang='lat' dir='ltr'><strong>quasi</strong></span> <span class='ocrx_word' id='word_1_576' title='bbox 2272 3608 2368 3654; x_wconf 91' lang='lat' dir='ltr'><strong>aut</strong></span> <span class='ocrx_word' id='word_1_577' title='bbox 2412 3597 2550 3652; x_wconf 90' lang='lat' dir='ltr'><strong>mari</strong></span> <span class='ocrx_word' id='word_1_578' title='bbox 2579 3604 2946 3667; x_wconf 84' lang='lat' dir='ltr'><strong>pugnaturus,</strong></span> <span class='ocrx_word' id='word_1_579' title='bbox 2977 3598 3074 3646; x_wconf 90' lang='lat' dir='ltr'><strong>aut</strong></span> <span class='ocrx_word' id='word_1_580' title='bbox 3124 3589 3182 3644; x_wconf 91' lang='lat' dir='ltr'><strong>in</strong></span> <span class='ocrx_word' id='word_1_581' title='bbox 3215 3585 3538 3657; x_wconf 82' lang='lat' dir='ltr'><strong>Hispaniam</strong></span> 
     </span>
    </p>
   </div>
   <div class='ocr_carea' id='block_1_82' title="bbox 1948 3679 3539 3759">
    <p class='ocr_par' dir='ltr' id='par_1_82' title="bbox 1948 3679 3539 3759">
     <span class='ocr_line' id='line_1_82' title="bbox 1948 3679 3539 3759; baseline -0.011 -10"><span class='ocrx_word' id='word_1_582' title='bbox 1948 3693 2222 3749; x_wconf 88' lang='lat' dir='ltr'><strong>abiturus.</strong></span> <span class='ocrx_word' id='word_1_583' title='bbox 2258 3691 2339 3746; x_wconf 87' lang='lat' dir='ltr'><strong>Eo</strong></span> <span class='ocrx_word' id='word_1_584' title='bbox 2373 3688 2669 3759; x_wconf 88' lang='lat' dir='ltr'><strong>Cleopatra</strong></span> <span class='ocrx_word' id='word_1_585' title='bbox 2718 3683 2959 3757; x_wconf 83' lang='lat' dir='ltr'><strong>cognito,</strong></span> <span class='ocrx_word' id='word_1_586' title='bbox 3008 3679 3226 3738; x_wconf 85' lang='lat' dir='ltr'><strong>curavit</strong></span> <span class='ocrx_word' id='word_1_587' title='bbox 3278 3686 3341 3733; x_wconf 92' lang='lat' dir='ltr'><strong>ut</strong></span> <span class='ocrx_word' id='word_1_588' title='bbox 3369 3690 3539 3731; x_wconf 85' lang='lat' dir='ltr'><strong>naves</strong></span> 
     </span>
    </p>
   </div>
   <div class='ocr_carea' id='block_1_83' title="bbox 1949 3777 3538 3849">
    <p class='ocr_par' dir='ltr' id='par_1_83' title="bbox 1949 3777 3538 3849">
     <span class='ocr_line' id='line_1_83' title="bbox 1949 3777 3538 3849; baseline -0.013 -7"><span class='ocrx_word' id='word_1_589' title='bbox 1949 3785 2018 3842; x_wconf 89' lang='lat' dir='ltr'><strong>ad</strong></span> <span class='ocrx_word' id='word_1_590' title='bbox 2044 3784 2318 3840; x_wconf 63' lang='lat' dir='ltr'><strong>Caesarem</strong></span> <span class='ocrx_word' id='word_1_591' title='bbox 2349 3782 2672 3844; x_wconf 88' lang='lat' dir='ltr'><strong>transirent,</strong></span> <span class='ocrx_word' id='word_1_592' title='bbox 2701 3779 2817 3849; x_wconf 89' lang='lat' dir='ltr'><strong>ipsa</strong></span> <span class='ocrx_word' id='word_1_593' title='bbox 2851 3783 3272 3832; x_wconf 88' lang='lat' dir='ltr'><strong>monumentum</strong></span> <span class='ocrx_word' id='word_1_594' title='bbox 3308 3777 3538 3840; x_wconf 86' lang='lat' dir='ltr'><strong>repente</strong></span> 
     </span>
    </p>
   </div>
   <div class='ocr_carea' id='block_1_84' title="bbox 1948 3858 3539 3932">
    <p class='ocr_par' dir='ltr' id='par_1_84' title="bbox 1948 3858 3539 3932">
     <span class='ocr_line' id='line_1_84' title="bbox 1948 3858 3539 3932; baseline -0.012 0"><span class='ocrx_word' id='word_1_595' title='bbox 1948 3892 2076 3932; x_wconf 90' lang='lat' dir='ltr'><strong>cum</strong></span> <span class='ocrx_word' id='word_1_596' title='bbox 2106 3875 2323 3931; x_wconf 88' lang='lat' dir='ltr'><strong>duabus</strong></span> <span class='ocrx_word' id='word_1_597' title='bbox 2349 3871 2568 3929; x_wconf 88' lang='lat' dir='ltr'><strong>ancillis</strong></span> <span class='ocrx_word' id='word_1_598' title='bbox 2619 3878 2677 3924; x_wconf 92' lang='lat' dir='ltr'><strong>et</strong></span> <span class='ocrx_word' id='word_1_599' title='bbox 2708 3884 2819 3924; x_wconf 92' lang='lat' dir='ltr'><strong>uno</strong></span> <span class='ocrx_word' id='word_1_600' title='bbox 2866 3865 3124 3923; x_wconf 86' lang='lat' dir='ltr'><strong>eunucho</strong></span> <span class='ocrx_word' id='word_1_601' title='bbox 3152 3860 3343 3923; x_wconf 83' lang='lat' dir='ltr'><strong>subiit,</strong></span> <span class='ocrx_word' id='word_1_602' title='bbox 3380 3858 3539 3931; x_wconf 89' lang='lat' dir='ltr'><strong>quasi</strong></span> 
     </span>
    </p>
   </div>
   <div class='ocr_carea' id='block_1_85' title="bbox 1949 3955 3535 4035">
    <p class='ocr_par' dir='ltr' id='par_1_85' title="bbox 1949 3955 3535 4035">
     <span class='ocr_line' id='line_1_85' title="bbox 1949 3955 3535 4035; baseline -0.011 -10"><span class='ocrx_word' id='word_1_603' title='bbox 1949 3969 2252 4025; x_wconf 87' lang='lat' dir='ltr'><strong>Antonium</strong></span> <span class='ocrx_word' id='word_1_604' title='bbox 2284 3967 2527 4030; x_wconf 91' lang='lat' dir='ltr'><strong>timeret,</strong></span> <span class='ocrx_word' id='word_1_605' title='bbox 2575 3962 2671 4035; x_wconf 91' lang='lat' dir='ltr'><strong>qui</strong></span> <span class='ocrx_word' id='word_1_606' title='bbox 2703 3976 2764 4018; x_wconf 88' lang='lat' dir='ltr'><strong>se</strong></span> <span class='ocrx_word' id='word_1_607' title='bbox 2799 3961 2868 4016; x_wconf 91' lang='lat' dir='ltr'><strong>ab</strong></span> <span class='ocrx_word' id='word_1_608' title='bbox 2910 3962 3027 4031; x_wconf 89' lang='lat' dir='ltr'><strong>ipsa</strong></span> <span class='ocrx_word' id='word_1_609' title='bbox 3084 3955 3243 4028; x_wconf 91' lang='lat' dir='ltr'><strong>prodi</strong></span> <span class='ocrx_word' id='word_1_610' title='bbox 3277 3961 3535 4024; x_wconf 87' lang='lat' dir='ltr'><strong>putaret:</strong></span> 
     </span>
    </p>
   </div>
   <div class='ocr_carea' id='block_1_86' title="bbox 1949 4044 3539 4132">
    <p class='ocr_par' dir='ltr' id='par_1_86' title="bbox 1949 4044 3539 4132">
     <span class='ocr_line' id='line_1_86' title="bbox 1949 4044 3539 4132; baseline -0.012 -14"><span class='ocrx_word' id='word_1_611' title='bbox 1949 4072 2004 4118; x_wconf 91' lang='lat' dir='ltr'><strong>et</strong></span> <span class='ocrx_word' id='word_1_612' title='bbox 2031 4062 2202 4132; x_wconf 88' lang='lat' dir='ltr'><strong>janua</strong></span> <span class='ocrx_word' id='word_1_613' title='bbox 2232 4059 2529 4130; x_wconf 81' lang='lat' dir='ltr'><strong>diligenter</strong></span> <span class='ocrx_word' id='word_1_614' title='bbox 2558 4057 2767 4118; x_wconf 88' lang='lat' dir='ltr'><strong>clausa,</strong></span> <span class='ocrx_word' id='word_1_615' title='bbox 2822 4053 2891 4109; x_wconf 91' lang='lat' dir='ltr'><strong>ad</strong></span> <span class='ocrx_word' id='word_1_616' title='bbox 2948 4052 3103 4107; x_wconf 89' lang='lat' dir='ltr'><strong>illum</strong></span> <span class='ocrx_word' id='word_1_617' title='bbox 3152 4049 3322 4113; x_wconf 92' lang='lat' dir='ltr'><strong>misit,</strong></span> <span class='ocrx_word' id='word_1_618' title='bbox 3351 4045 3446 4116; x_wconf 90' lang='lat' dir='ltr'><strong>qui</strong></span> <span class='ocrx_word' id='word_1_619' title='bbox 3484 4044 3539 4100; x_wconf 89' lang='lat' dir='ltr'><strong>ei</strong></span> 
     </span>
    </p>
   </div>
   <div class='ocr_carea' id='block_1_87' title="bbox 1951 4141 3538 4221">
    <p class='ocr_par' dir='ltr' id='par_1_87' title="bbox 1951 4141 3538 4221">
     <span class='ocr_line' id='line_1_87' title="bbox 1951 4141 3538 4221; baseline -0.011 -12"><span class='ocrx_word' id='word_1_620' title='bbox 1951 4153 2277 4209; x_wconf 90' lang='lat' dir='ltr'><strong>nuntiarent</strong></span> <span class='ocrx_word' id='word_1_621' title='bbox 2326 4150 2503 4221; x_wconf 89' lang='lat' dir='ltr'><strong>ipsam</strong></span> <span class='ocrx_word' id='word_1_622' title='bbox 2565 4162 2688 4205; x_wconf 89' lang='lat' dir='ltr'><strong>esse</strong></span> <span class='ocrx_word' id='word_1_623' title='bbox 2722 4157 3021 4201; x_wconf 88' lang='lat' dir='ltr'><strong>mortuam.</strong></span> <span class='ocrx_word' id='word_1_624' title='bbox 3059 4141 3217 4209; x_wconf 84' lang='lat' dir='ltr'><strong>Quod</strong></span> <span class='ocrx_word' id='word_1_625' title='bbox 3252 4154 3379 4194; x_wconf 92' lang='lat' dir='ltr'><strong>cum</strong></span> <span class='ocrx_word' id='word_1_626' title='bbox 3409 4152 3538 4193; x_wconf 90' lang='lat' dir='ltr'><strong>cre-</strong></span> 
     </span>
    </p>
   </div>
   <div class='ocr_carea' id='block_1_88' title="bbox 1951 4229 3540 4309">
    <p class='ocr_par' dir='ltr' id='par_1_88' title="bbox 1951 4229 3540 4309">
     <span class='ocr_line' id='line_1_88' title="bbox 1951 4229 3540 4309; baseline -0.013 -7"><span class='ocrx_word' id='word_1_627' title='bbox 1951 4245 2112 4302; x_wconf 87' lang='lat' dir='ltr'><strong>deret</strong></span> <span class='ocrx_word' id='word_1_628' title='bbox 2140 4242 2438 4307; x_wconf 85' lang='lat' dir='ltr'><strong>Antonius,</strong></span> <span class='ocrx_word' id='word_1_629' title='bbox 2471 4255 2529 4296; x_wconf 90' lang='lat' dir='ltr'><strong>se</strong></span> <span class='ocrx_word' id='word_1_630' title='bbox 2563 4257 2594 4295; x_wconf 90' lang='lat' dir='ltr'><strong>a</strong></span> <span class='ocrx_word' id='word_1_631' title='bbox 2619 4239 2859 4309; x_wconf 88' lang='lat' dir='ltr'><strong>quodam</strong></span> <span class='ocrx_word' id='word_1_632' title='bbox 2891 4234 3069 4292; x_wconf 92' lang='lat' dir='ltr'><strong>occidi</strong></span> <span class='ocrx_word' id='word_1_633' title='bbox 3090 4232 3275 4304; x_wconf 89' lang='lat' dir='ltr'><strong>jussit.</strong></span> <span class='ocrx_word' id='word_1_634' title='bbox 3308 4229 3378 4286; x_wconf 93' lang='lat' dir='ltr'><strong>Ut</strong></span> <span class='ocrx_word' id='word_1_635' title='bbox 3408 4242 3540 4284; x_wconf 87' lang='lat' dir='ltr'><strong>vero</strong></span> 
     </span>
    </p>
   </div>
   <div class='ocr_carea' id='block_1_89' title="bbox 1952 4322 3539 4408">
    <p class='ocr_par' dir='ltr' id='par_1_89' title="bbox 1952 4322 3539 4408">
     <span class='ocr_line' id='line_1_89' title="bbox 1952 4322 3539 4408; baseline -0.013 -13"><span class='ocrx_word' id='word_1_636' title='bbox 1952 4339 2046 4396; x_wconf 90' lang='lat' dir='ltr'><strong>ille</strong></span> <span class='ocrx_word' id='word_1_637' title='bbox 2098 4338 2295 4394; x_wconf 92' lang='lat' dir='ltr'><strong>stricto</strong></span> <span class='ocrx_word' id='word_1_638' title='bbox 2354 4334 2538 4408; x_wconf 87' lang='lat' dir='ltr'><strong>gladio</strong></span> <span class='ocrx_word' id='word_1_639' title='bbox 2589 4333 2950 4402; x_wconf 88' lang='lat' dir='ltr'><strong>semetipsum</strong></span> <span class='ocrx_word' id='word_1_640' title='bbox 2997 4324 3333 4383; x_wconf 79' lang='lat' dir='ltr'><strong>interiecit:</strong></span> <span class='ocrx_word' id='word_1_641' title='bbox 3383 4322 3539 4377; x_wconf 79' lang='lat' dir='ltr'><strong>Recte</strong></span> 
     </span>
    </p>
   </div>
   <div class='ocr_carea' id='block_1_90' title="bbox 1952 4419 3539 4500">
    <p class='ocr_par' dir='ltr' id='par_1_90' title="bbox 1952 4419 3539 4500">
     <span class='ocr_line' id='line_1_90' title="bbox 1952 4419 3539 4500; baseline -0.013 -13"><span class='ocrx_word' id='word_1_642' title='bbox 1952 4446 2097 4495; x_wconf 76' lang='lat' dir='ltr'><strong>vero,</strong></span> <span class='ocrx_word' id='word_1_643' title='bbox 2143 4428 2346 4500; x_wconf 88' lang='lat' dir='ltr'><strong>inquit,</strong></span> <span class='ocrx_word' id='word_1_644' title='bbox 2393 4427 2532 4481; x_wconf 80' lang='lat' dir='ltr'><strong>Eros</strong></span> <span class='ocrx_word' id='word_1_645' title='bbox 2588 4423 2667 4499; x_wconf 86' lang='lat' dir='ltr'><strong>(id</strong></span> <span class='ocrx_word' id='word_1_646' title='bbox 2714 4423 2863 4479; x_wconf 90' lang='lat' dir='ltr'><strong>enim</strong></span> <span class='ocrx_word' id='word_1_647' title='bbox 2917 4419 3127 4476; x_wconf 88' lang='lat' dir='ltr'><strong>homini</strong></span> <span class='ocrx_word' id='word_1_648' title='bbox 3161 4427 3284 4473; x_wconf 89' lang='lat' dir='ltr'><strong>erat</strong></span> <span class='ocrx_word' id='word_1_649' title='bbox 3311 4430 3539 4478; x_wconf 88' lang='lat' dir='ltr'><strong>nomen,</strong></span> 
     </span>
    </p>
   </div>
   <div class='ocr_carea' id='block_1_91' title="bbox 1955 4506 3537 4598">
    <p class='ocr_par' dir='ltr' id='par_1_91' title="bbox 1955 4506 3537 4598">
     <span class='ocr_line' id='line_1_91' title="bbox 1955 4506 3537 4598; baseline -0.014 -16"><span class='ocrx_word' id='word_1_650' title='bbox 1955 4524 2102 4598; x_wconf 86' lang='lat' dir='ltr'><strong>quod</strong></span> <span class='ocrx_word' id='word_1_651' title='bbox 2153 4521 2367 4580; x_wconf 83' lang='lat' dir='ltr'><strong>Latinis</strong></span> <span class='ocrx_word' id='word_1_652' title='bbox 2419 4520 2679 4576; x_wconf 86' lang='lat' dir='ltr'><strong>Amorem</strong></span> <span class='ocrx_word' id='word_1_653' title='bbox 2725 4516 2844 4572; x_wconf 85' lang='lat' dir='ltr'><strong>sive</strong></span> <span class='ocrx_word' id='word_1_654' title='bbox 2883 4512 3211 4585; x_wconf 88' lang='lat' dir='ltr'><strong>Cupidinem</strong></span> <span class='ocrx_word' id='word_1_655' title='bbox 3240 4506 3537 4581; x_wconf 79' lang='lat' dir='ltr'><strong>signiﬁcat)</strong></span> 
     </span>
    </p>
   </div>
   <div class='ocr_carea' id='block_1_92' title="bbox 250 4600 1844 4691">
    <p class='ocr_par' dir='ltr' id='par_1_92' title="bbox 250 4600 1844 4683">
     <span class='ocr_line' id='line_1_92' title="bbox 250 4600 1844 4683; baseline 0.004 -24"><span class='ocrx_word' id='word_1_656' title='bbox 250 4608 320 4662; x_wconf 77' lang='grc' dir='ltr'>δὲ</span> <span class='ocrx_word' id='word_1_657' title='bbox 354 4600 495 4675; x_wconf 78' lang='grc' dir='ltr'>ἦσαν</span> <span class='ocrx_word' id='word_1_658' title='bbox 527 4607 647 4660; x_wconf 73' lang='grc' dir='ltr'>ἐκεῖ</span> <span class='ocrx_word' id='word_1_659' title='bbox 666 4608 764 4660; x_wconf 76' lang='grc' dir='ltr'><strong>σὺν</strong></span> <span class='ocrx_word' id='word_1_660' title='bbox 797 4607 935 4677; x_wconf 72' lang='grc' dir='ltr'>αὐτῇ</span> <span class='ocrx_word' id='word_1_661' title='bbox 971 4606 1301 4679; x_wconf 83' lang='grc' dir='ltr'>θεράπαιναι</span> <span class='ocrx_word' id='word_1_662' title='bbox 1328 4610 1425 4664; x_wconf 77' lang='grc' dir='ltr'>καὶ</span> <span class='ocrx_word' id='word_1_663' title='bbox 1455 4610 1710 4683; x_wconf 84' lang='grc' dir='ltr'>εὐνοῦχος</span> <span class='ocrx_word' id='word_1_664' title='bbox 1743 4606 1844 4672; x_wconf 76' lang='grc' dir='ltr'>εἷς.</span> 
     </span>
    </p>
   </div>
   <div class='ocr_carea' id='block_1_93' title="bbox 1947 4600 3539 4691">
    <p class='ocr_par' dir='ltr' id='par_1_93' title="bbox 1953 4604 3539 4691">
     <span class='ocr_line' id='line_1_93' title="bbox 1953 4604 3539 4691; baseline -0.013 -17"><span class='ocrx_word' id='word_1_665' title='bbox 1953 4618 2080 4691; x_wconf 84' lang='lat' dir='ltr'><strong>quid</strong></span> <span class='ocrx_word' id='word_1_666' title='bbox 2127 4617 2198 4672; x_wconf 80' lang='lat' dir='ltr'><strong>sit</strong></span> <span class='ocrx_word' id='word_1_667' title='bbox 2244 4613 2511 4687; x_wconf 85' lang='lat' dir='ltr'><strong>agendum</strong></span> <span class='ocrx_word' id='word_1_668' title='bbox 2546 4627 2629 4666; x_wconf 84' lang='lat' dir='ltr'><strong>me</strong></span> <span class='ocrx_word' id='word_1_669' title='bbox 2669 4610 2863 4665; x_wconf 78' lang='lat' dir='ltr'><strong>doces:</strong></span> <span class='ocrx_word' id='word_1_670' title='bbox 2894 4607 3159 4676; x_wconf 88' lang='lat' dir='ltr'><strong>illatoque</strong></span> <span class='ocrx_word' id='word_1_671' title='bbox 3202 4604 3259 4658; x_wconf 89' lang='lat' dir='ltr'><strong>in</strong></span> <span class='ocrx_word' id='word_1_672' title='bbox 3290 4612 3539 4657; x_wconf 88' lang='lat' dir='ltr'><strong>ventrem</strong></span> 
     </span>
    </p>
   </div>
   <div class='ocr_carea' id='block_1_94' title="bbox 254 4695 1852 4773">
    <p class='ocr_par' dir='ltr' id='par_1_94' title="bbox 254 4695 1852 4773">
     <span class='ocr_line' id='line_1_94' title="bbox 254 4695 1852 4773; baseline 0.008 -26"><span class='ocrx_word' id='word_1_673' title='bbox 254 4695 599 4754; x_wconf 74' lang='grc' dir='ltr'>Εἰσελθοῦσα</span> <span class='ocrx_word' id='word_1_674' title='bbox 635 4696 691 4750; x_wconf 86' lang='grc' dir='ltr'>δὲ</span> <span class='ocrx_word' id='word_1_675' title='bbox 715 4696 813 4761; x_wconf 89' lang='grc' dir='ltr'><strong>τάς</strong></span> <span class='ocrx_word' id='word_1_676' title='bbox 838 4698 946 4768; x_wconf 81' lang='grc' dir='ltr'><strong>μὲν</strong></span> <span class='ocrx_word' id='word_1_677' title='bbox 969 4699 1142 4770; x_wconf 81' lang='grc' dir='ltr'>θύρας</span> <span class='ocrx_word' id='word_1_678' title='bbox 1173 4700 1531 4757; x_wconf 85' lang='grc' dir='ltr'>κατέκλεισεν</span> <span class='ocrx_word' id='word_1_679' title='bbox 1566 4703 1852 4773; x_wconf 80' lang='grc' dir='ltr'>ἀσφαλῶς,</span> 
     </span>
    </p>
   </div>
   <div class='ocr_carea' id='block_1_95' title="bbox 256 4788 1854 4869">
    <p class='ocr_par' dir='ltr' id='par_1_95' title="bbox 256 4788 1854 4869">
     <span class='ocr_line' id='line_1_95' title="bbox 256 4788 1854 4869; baseline 0.004 -25"><span class='ocrx_word' id='word_1_680' title='bbox 256 4788 406 4861; x_wconf 73' lang='grc' dir='ltr'>πρὸς</span> <span class='ocrx_word' id='word_1_681' title='bbox 431 4788 486 4842; x_wconf 82' lang='grc' dir='ltr'><strong>δὲ</strong></span> <span class='ocrx_word' id='word_1_682' title='bbox 514 4789 606 4842; x_wconf 80' lang='grc' dir='ltr'>τὸν</span> <span class='ocrx_word' id='word_1_683' title='bbox 632 4789 921 4845; x_wconf 76' lang='grc' dir='ltr'>’Λντώνιον</span> <span class='ocrx_word' id='word_1_684' title='bbox 950 4794 1072 4855; x_wconf 82' lang='grc' dir='ltr'>τοὺς</span> <span class='ocrx_word' id='word_1_685' title='bbox 1112 4794 1565 4864; x_wconf 85' lang='grc' dir='ltr'>ἀπαγγελοῦντας</span> <span class='ocrx_word' id='word_1_686' title='bbox 1604 4795 1854 4869; x_wconf 75' lang='grc' dir='ltr'>ἐπεμψεν</span> 
     </span>
    </p>
   </div>
   <div class='ocr_carea' id='block_1_96' title="bbox 254 4881 1855 4962">
    <p class='ocr_par' dir='ltr' id='par_1_96' title="bbox 254 4881 1855 4962">
     <span class='ocr_line' id='line_1_96' title="bbox 254 4881 1855 4962; baseline 0.004 -23"><span class='ocrx_word' id='word_1_687' title='bbox 254 4885 354 4939; x_wconf 77' lang='grc' dir='ltr'>ὅτι</span> <span class='ocrx_word' id='word_1_688' title='bbox 388 4881 671 4948; x_wconf 83' lang='grc' dir='ltr'>τέθνηκεν.</span> <span class='ocrx_word' id='word_1_689' title='bbox 695 4884 1004 4950; x_wconf 81' lang='grc' dir='ltr'>Πιστεύσας</span> <span class='ocrx_word' id='word_1_690' title='bbox 1024 4884 1070 4937; x_wconf 79' lang='grc' dir='ltr'>δ’</span> <span class='ocrx_word' id='word_1_691' title='bbox 1098 4888 1330 4955; x_wconf 73' lang='grc' dir='ltr'>ἐκεῖνος,</span> <span class='ocrx_word' id='word_1_692' title='bbox 1365 4889 1474 4943; x_wconf 83' lang='grc' dir='ltr'>τινὶ</span> <span class='ocrx_word' id='word_1_693' title='bbox 1510 4889 1620 4944; x_wconf 85' lang='grc' dir='ltr'>τῶν</span> <span class='ocrx_word' id='word_1_694' title='bbox 1645 4890 1855 4962; x_wconf 80' lang='grc' dir='ltr'>παρόν-</span> 
     </span>
    </p>
   </div>
   <div class='ocr_carea' id='block_1_97' title="bbox 255 4975 1855 5048">
    <p class='ocr_par' dir='ltr' id='par_1_97' title="bbox 255 4975 1855 5048">
     <span class='ocr_line' id='line_1_97' title="bbox 255 4975 1855 5048; baseline 0.004 -18"><span class='ocrx_word' id='word_1_695' title='bbox 255 4991 380 5030; x_wconf 84' lang='grc' dir='ltr'><strong>των</strong></span> <span class='ocrx_word' id='word_1_696' title='bbox 431 4975 733 5045; x_wconf 77' lang='grc' dir='ltr'>ἐπέτρεψεν</span> <span class='ocrx_word' id='word_1_697' title='bbox 794 4978 1121 5033; x_wconf 82' lang='grc' dir='ltr'>ἀποκτεῖναι</span> <span class='ocrx_word' id='word_1_698' title='bbox 1171 4979 1361 5036; x_wconf 75' lang='grc' dir='ltr'>αὐτόν.</span> <span class='ocrx_word' id='word_1_699' title='bbox 1426 4981 1516 5048; x_wconf 81' lang='grc' dir='ltr'>Ὠς</span> <span class='ocrx_word' id='word_1_700' title='bbox 1546 4984 1594 5036; x_wconf 78' lang='grc' dir='ltr'>δ’</span> <span class='ocrx_word' id='word_1_701' title='bbox 1644 4984 1855 5047; x_wconf 78' lang='grc' dir='ltr'>ἐκεῖνος</span> 
     </span>
    </p>
   </div>
   <div class='ocr_carea' id='block_1_98' title="bbox 259 5061 1851 5144">
    <p class='ocr_par' dir='ltr' id='par_1_98' title="bbox 259 5061 1851 5144">
     <span class='ocr_line' id='line_1_98' title="bbox 259 5061 1851 5144; baseline 0.008 -27"><span class='ocrx_word' id='word_1_702' title='bbox 259 5061 625 5132; x_wconf 81' lang='grc' dir='ltr'>σπασάμενος</span> <span class='ocrx_word' id='word_1_703' title='bbox 652 5065 713 5118; x_wconf 84' lang='grc' dir='ltr'><strong>τδ</strong></span> <span class='ocrx_word' id='word_1_704' title='bbox 754 5065 911 5135; x_wconf 77' lang='grc' dir='ltr'>ξίφος</span> <span class='ocrx_word' id='word_1_705' title='bbox 961 5067 1159 5122; x_wconf 78' lang='grc' dir='ltr'>ἑαυτὸν</span> <span class='ocrx_word' id='word_1_706' title='bbox 1183 5072 1618 5143; x_wconf 84' lang='grc' dir='ltr'>κατειργάσατο,</span> <span class='ocrx_word' id='word_1_707' title='bbox 1667 5070 1851 5144; x_wconf 80' lang='grc' dir='ltr'>Εὖγε,</span> 
     </span>
    </p>
   </div>
   <div class='ocr_carea' id='block_1_99' title="bbox 257 5148 1852 5237">
    <p class='ocr_par' dir='ltr' id='par_1_99' title="bbox 257 5148 1852 5237">
     <span class='ocr_line' id='line_1_99' title="bbox 257 5148 1852 5237; baseline 0.006 -25"><span class='ocrx_word' id='word_1_708' title='bbox 257 5152 447 5221; x_wconf 71' lang='grc' dir='ltr'>εἶπεν,</span> <span class='ocrx_word' id='word_1_709' title='bbox 467 5148 514 5209; x_wconf 83' lang='grc' dir='ltr'>ὦ</span> <span class='ocrx_word' id='word_1_710' title='bbox 543 5157 754 5224; x_wconf 81' lang='grc' dir='ltr'>Ἔρως,</span> <span class='ocrx_word' id='word_1_711' title='bbox 790 5158 982 5231; x_wconf 85' lang='grc' dir='ltr'>(τοῦτο</span> <span class='ocrx_word' id='word_1_712' title='bbox 1005 5159 1116 5229; x_wconf 84' lang='grc' dir='ltr'>γὰρ</span> <span class='ocrx_word' id='word_1_713' title='bbox 1138 5155 1206 5231; x_wconf 83' lang='grc' dir='ltr'>ἦν</span> <span class='ocrx_word' id='word_1_714' title='bbox 1229 5161 1402 5233; x_wconf 76' lang='grc' dir='ltr'>ὄνομα</span> <span class='ocrx_word' id='word_1_715' title='bbox 1430 5164 1511 5236; x_wconf 83' lang='grc' dir='ltr'>τῷ</span> <span class='ocrx_word' id='word_1_716' title='bbox 1540 5165 1852 5237; x_wconf 81' lang='grc' dir='ltr'>ἀνθρώπῳ)</span> 
     </span>
    </p>
   </div>
   <div class='ocr_carea' id='block_1_100' title="bbox 257 5248 1855 5328">
    <p class='ocr_par' dir='ltr' id='par_1_100' title="bbox 257 5248 1855 5328">
     <span class='ocr_line' id='line_1_100' title="bbox 257 5248 1855 5328; baseline 0.008 -29"><span class='ocrx_word' id='word_1_717' title='bbox 257 5251 365 5306; x_wconf 79' lang='grc' dir='ltr'><strong>ὅτι</strong></span> <span class='ocrx_word' id='word_1_718' title='bbox 380 5264 456 5317; x_wconf 81' lang='grc' dir='ltr'><strong>με</strong></span> <span class='ocrx_word' id='word_1_719' title='bbox 485 5248 539 5303; x_wconf 83' lang='grc' dir='ltr'><strong>τί</strong></span> <span class='ocrx_word' id='word_1_720' title='bbox 562 5250 677 5319; x_wconf 84' lang='grc' dir='ltr'>χρὴ</span> <span class='ocrx_word' id='word_1_721' title='bbox 706 5251 901 5306; x_wconf 80' lang='grc' dir='ltr'>ποιεῖν</span> <span class='ocrx_word' id='word_1_722' title='bbox 926 5250 1240 5320; x_wconf 82' lang='grc' dir='ltr'>διδάσκεις</span> <span class='ocrx_word' id='word_1_723' title='bbox 1258 5271 1274 5287; x_wconf 76' lang='grc' dir='ltr'><strong><em>ο</em></strong></span> <span class='ocrx_word' id='word_1_724' title='bbox 1300 5254 1398 5309; x_wconf 78' lang='grc' dir='ltr'>καὶ</span> <span class='ocrx_word' id='word_1_725' title='bbox 1418 5256 1631 5328; x_wconf 79' lang='grc' dir='ltr'>πλήξας</span> <span class='ocrx_word' id='word_1_726' title='bbox 1659 5258 1855 5317; x_wconf 78' lang='grc' dir='ltr'>ἑαυτὸν</span> 
     </span>
    </p>
   </div>
   <div class='ocr_carea' id='block_1_101' title="bbox 256 5341 1855 5419">
    <p class='ocr_par' dir='ltr' id='par_1_101' title="bbox 256 5341 1855 5419">
     <span class='ocr_line' id='line_1_101' title="bbox 256 5341 1855 5419; baseline 0.003 -20"><span class='ocrx_word' id='word_1_727' title='bbox 256 5342 360 5399; x_wconf 84' lang='grc' dir='ltr'><strong>διά</strong></span> <span class='ocrx_word' id='word_1_728' title='bbox 388 5341 490 5412; x_wconf 79' lang='grc' dir='ltr'>τῆς</span> <span class='ocrx_word' id='word_1_729' title='bbox 533 5343 743 5406; x_wconf 87' lang='grc' dir='ltr'>κοιλίας</span> <span class='ocrx_word' id='word_1_730' title='bbox 774 5347 856 5409; x_wconf 80' lang='grc' dir='ltr'>εἰς</span> <span class='ocrx_word' id='word_1_731' title='bbox 882 5346 982 5415; x_wconf 82' lang='grc' dir='ltr'>τὴν</span> <span class='ocrx_word' id='word_1_732' title='bbox 1032 5344 1222 5418; x_wconf 87' lang='grc' dir='ltr'>κλίνην</span> <span class='ocrx_word' id='word_1_733' title='bbox 1249 5348 1484 5419; x_wconf 81' lang='grc' dir='ltr'>ἀφῆκεν.</span> <span class='ocrx_word' id='word_1_734' title='bbox 1511 5346 1621 5403; x_wconf 85' lang='grc' dir='ltr'><strong>Ἦν</strong></span> <span class='ocrx_word' id='word_1_735' title='bbox 1650 5351 1709 5405; x_wconf 78' lang='grc' dir='ltr'>δὲ</span> <span class='ocrx_word' id='word_1_736' title='bbox 1753 5351 1855 5404; x_wconf 74' lang='grc' dir='ltr'>οὐκ</span> 
     </span>
    </p>
   </div>
   <div class='ocr_carea' id='block_1_102' title="bbox 258 5432 1855 5513">
    <p class='ocr_par' dir='ltr' id='par_1_102' title="bbox 258 5432 1855 5513">
     <span class='ocr_line' id='line_1_102' title="bbox 258 5432 1855 5513; baseline 0.003 -23"><span class='ocrx_word' id='word_1_737' title='bbox 258 5432 638 5498; x_wconf 79' lang='grc' dir='ltr'>εὐθυθάνατος</span> <span class='ocrx_word' id='word_1_738' title='bbox 662 5437 696 5507; x_wconf 87' lang='grc' dir='ltr'><strong>ή</strong></span> <span class='ocrx_word' id='word_1_739' title='bbox 726 5437 933 5509; x_wconf 87' lang='grc' dir='ltr'>πληγή.</span> <span class='ocrx_word' id='word_1_740' title='bbox 955 5437 1199 5510; x_wconf 87' lang='grc' dir='ltr'>Θορύϐου</span> <span class='ocrx_word' id='word_1_741' title='bbox 1219 5438 1276 5493; x_wconf 84' lang='grc' dir='ltr'>δὲ</span> <span class='ocrx_word' id='word_1_742' title='bbox 1307 5440 1629 5511; x_wconf 85' lang='grc' dir='ltr'>γενομένου,</span> <span class='ocrx_word' id='word_1_743' title='bbox 1648 5443 1855 5513; x_wconf 79' lang='grc' dir='ltr'>ήσθετο</span> 
     </span>
    </p>
   </div>
   <div class='ocr_carea' id='block_1_103' title="bbox 258 5525 1856 5604">
    <p class='ocr_par' dir='ltr' id='par_1_103' title="bbox 258 5525 1856 5604">
     <span class='ocr_line' id='line_1_103' title="bbox 258 5525 1856 5604; baseline 0.004 -24"><span class='ocrx_word' id='word_1_744' title='bbox 258 5532 296 5600; x_wconf 88' lang='grc' dir='ltr'><strong>ή</strong></span> <span class='ocrx_word' id='word_1_745' title='bbox 339 5525 692 5598; x_wconf 85' lang='grc' dir='ltr'>Κλεοπάτρα,</span> <span class='ocrx_word' id='word_1_746' title='bbox 726 5529 822 5583; x_wconf 73' lang='grc' dir='ltr'><strong>καὶ</strong></span> <span class='ocrx_word' id='word_1_747' title='bbox 856 5528 955 5592; x_wconf 83' lang='grc' dir='ltr'>τὰς</span> <span class='ocrx_word' id='word_1_748' title='bbox 979 5528 1077 5598; x_wconf 82' lang='grc' dir='ltr'><strong>μὲν</strong></span> <span class='ocrx_word' id='word_1_749' title='bbox 1101 5528 1274 5600; x_wconf 86' lang='grc' dir='ltr'>θύρας</span> <span class='ocrx_word' id='word_1_750' title='bbox 1296 5532 1400 5586; x_wconf 83' lang='grc' dir='ltr'><strong>οὐκ</strong></span> <span class='ocrx_word' id='word_1_751' title='bbox 1424 5533 1680 5604; x_wconf 80' lang='grc' dir='ltr'>ἀνέῳξεν,</span> <span class='ocrx_word' id='word_1_752' title='bbox 1714 5533 1856 5587; x_wconf 83' lang='grc' dir='ltr'>ἀνω-</span> 
     </span>
    </p>
   </div>
   <div class='ocr_carea' id='block_1_104' title="bbox 261 5617 1856 5697">
    <p class='ocr_par' dir='ltr' id='par_1_104' title="bbox 261 5617 1856 5697">
     <span class='ocr_line' id='line_1_104' title="bbox 261 5617 1856 5697; baseline 0.003 -22"><span class='ocrx_word' id='word_1_753' title='bbox 261 5621 366 5675; x_wconf 85' lang='grc' dir='ltr'><strong>θεν</strong></span> <span class='ocrx_word' id='word_1_754' title='bbox 380 5617 434 5671; x_wconf 66' lang='lat' dir='ltr'><strong>se</strong></span> <span class='ocrx_word' id='word_1_755' title='bbox 460 5619 786 5690; x_wconf 77' lang='grc' dir='ltr'>προκύψασα</span> <span class='ocrx_word' id='word_1_756' title='bbox 812 5620 988 5691; x_wconf 83' lang='grc' dir='ltr'>(οῦπω</span> <span class='ocrx_word' id='word_1_757' title='bbox 1014 5622 1122 5694; x_wconf 83' lang='grc' dir='ltr'><strong>γὰρ</strong></span> <span class='ocrx_word' id='word_1_758' title='bbox 1144 5622 1214 5677; x_wconf 77' lang='grc' dir='ltr'>τὰ</span> <span class='ocrx_word' id='word_1_759' title='bbox 1238 5623 1375 5695; x_wconf 82' lang='grc' dir='ltr'>πρὸς</span> <span class='ocrx_word' id='word_1_760' title='bbox 1393 5627 1461 5696; x_wconf 84' lang='grc' dir='ltr'>τῇ</span> <span class='ocrx_word' id='word_1_761' title='bbox 1487 5627 1659 5697; x_wconf 78' lang='grc' dir='ltr'>ὀροφῇ</span> <span class='ocrx_word' id='word_1_762' title='bbox 1678 5625 1856 5697; x_wconf 77' lang='grc' dir='ltr'>ἐξείρ-</span> 
     </span>
    </p>
   </div>
   <div class='ocr_carea' id='block_1_105' title="bbox 263 5709 1853 5784">
    <p class='ocr_par' dir='ltr' id='par_1_105' title="bbox 263 5709 1853 5784">
     <span class='ocr_line' id='line_1_105' title="bbox 263 5709 1853 5784; baseline 0.005 -20"><span class='ocrx_word' id='word_1_763' title='bbox 263 5709 465 5781; x_wconf 86' lang='grc' dir='ltr'>γαστο)</span> <span class='ocrx_word' id='word_1_764' title='bbox 500 5710 595 5766; x_wconf 69' lang='grc' dir='ltr'>καὶ</span> <span class='ocrx_word' id='word_1_765' title='bbox 632 5711 882 5782; x_wconf 86' lang='grc' dir='ltr'>μαθοῦσα</span> <span class='ocrx_word' id='word_1_766' title='bbox 924 5712 987 5767; x_wconf 79' lang='grc' dir='ltr'><strong>τὸ</strong></span> <span class='ocrx_word' id='word_1_767' title='bbox 1015 5714 1262 5782; x_wconf 78' lang='grc' dir='ltr'>γεγονὸς,</span> <span class='ocrx_word' id='word_1_768' title='bbox 1310 5716 1561 5784; x_wconf 78' lang='grc' dir='ltr'>κομίζειν</span> <span class='ocrx_word' id='word_1_769' title='bbox 1591 5719 1755 5771; x_wconf 72' lang='grc' dir='ltr'>αὑτὸν</span> <span class='ocrx_word' id='word_1_770' title='bbox 1793 5719 1853 5782; x_wconf 73' lang='grc' dir='ltr'>ἐς</span> 
     </span>
    </p>
   </div>
   <div class='ocr_carea' id='block_1_106' title="bbox 263 5800 1851 5874">
    <p class='ocr_par' dir='ltr' id='par_1_106' title="bbox 263 5800 1851 5874">
     <span class='ocr_line' id='line_1_106' title="bbox 263 5800 1851 5874; baseline 0.003 -17"><span class='ocrx_word' id='word_1_771' title='bbox 263 5801 367 5857; x_wconf 69' lang='grc' dir='ltr'><strong>τὸν</strong></span> <span class='ocrx_word' id='word_1_772' title='bbox 408 5800 578 5874; x_wconf 71' lang='grc' dir='ltr'>τάφον</span> <span class='ocrx_word' id='word_1_773' title='bbox 627 5803 901 5860; x_wconf 67' lang='grc' dir='ltr'>ἐκέλευσε.</span> <span class='ocrx_word' id='word_1_774' title='bbox 948 5803 1118 5870; x_wconf 80' lang='grc' dir='ltr'>Γνοὺς</span> <span class='ocrx_word' id='word_1_775' title='bbox 1158 5804 1217 5859; x_wconf 79' lang='grc' dir='ltr'>δὲ</span> <span class='ocrx_word' id='word_1_776' title='bbox 1261 5803 1514 5874; x_wconf 75' lang='grc' dir='ltr'>κάκεῖνος</span> <span class='ocrx_word' id='word_1_777' title='bbox 1559 5807 1638 5862; x_wconf 87' lang='grc' dir='ltr'><strong>έτι</strong></span> <span class='ocrx_word' id='word_1_778' title='bbox 1668 5808 1851 5873; x_wconf 80' lang='grc' dir='ltr'>ζῶσαν</span> 
     </span>
    </p>
   </div>
   <div class='ocr_carea' id='block_1_107' title="bbox 1959 4690 3542 4773">
    <p class='ocr_par' dir='ltr' id='par_1_107' title="bbox 1959 4690 3542 4773">
     <span class='ocr_line' id='line_1_107' title="bbox 1959 4690 3542 4773; baseline -0.012 -10"><span class='ocrx_word' id='word_1_779' title='bbox 1959 4690 2095 4773; x_wconf 88' lang='lat' dir='ltr'><strong>ictu,</strong></span> <span class='ocrx_word' id='word_1_780' title='bbox 2143 4720 2254 4761; x_wconf 89' lang='lat' dir='ltr'><strong>non</strong></span> <span class='ocrx_word' id='word_1_781' title='bbox 2286 4703 2473 4759; x_wconf 89' lang='lat' dir='ltr'><strong>statim</strong></span> <span class='ocrx_word' id='word_1_782' title='bbox 2520 4700 2798 4764; x_wconf 83' lang='lat' dir='ltr'><strong>letbifero,</strong></span> <span class='ocrx_word' id='word_1_783' title='bbox 2850 4696 3058 4752; x_wconf 86' lang='lat' dir='ltr'><strong>lectulo</strong></span> <span class='ocrx_word' id='word_1_784' title='bbox 3108 4692 3382 4773; x_wconf 84' lang='lat' dir='ltr'><strong>incubuit.</strong></span> <span class='ocrx_word' id='word_1_785' title='bbox 3430 4690 3542 4745; x_wconf 81' lang='lat' dir='ltr'><strong>Tu-</strong></span> 
     </span>
    </p>
   </div>
   <div class='ocr_carea' id='block_1_108' title="bbox 1957 4782 3549 4864">
    <p class='ocr_par' dir='ltr' id='par_1_108' title="bbox 1957 4782 3549 4864">
     <span class='ocr_line' id='line_1_108' title="bbox 1957 4782 3549 4864; baseline -0.012 -9"><span class='ocrx_word' id='word_1_786' title='bbox 1957 4799 2137 4854; x_wconf 89' lang='lat' dir='ltr'><strong>multu</strong></span> <span class='ocrx_word' id='word_1_787' title='bbox 2169 4805 2312 4862; x_wconf 92' lang='lat' dir='ltr'><strong>orto,</strong></span> <span class='ocrx_word' id='word_1_788' title='bbox 2362 4794 2654 4864; x_wconf 86' lang='lat' dir='ltr'><strong>Cleopatra</strong></span> <span class='ocrx_word' id='word_1_789' title='bbox 2700 4793 2848 4846; x_wconf 81' lang='lat' dir='ltr'><strong>fores</strong></span> <span class='ocrx_word' id='word_1_790' title='bbox 2899 4803 3009 4844; x_wconf 88' lang='lat' dir='ltr'><strong>non</strong></span> <span class='ocrx_word' id='word_1_791' title='bbox 3055 4787 3295 4858; x_wconf 87' lang='lat' dir='ltr'><strong>aperuit,</strong></span> <span class='ocrx_word' id='word_1_792' title='bbox 3320 4782 3416 4839; x_wconf 90' lang='lat' dir='ltr'><strong>sed</strong></span> <span class='ocrx_word' id='word_1_793' title='bbox 3447 4798 3549 4838; x_wconf 83' lang='lat' dir='ltr'><strong>su-</strong></span> 
     </span>
    </p>
   </div>
   <div class='ocr_carea' id='block_1_109' title="bbox 1957 4875 3543 4965">
    <p class='ocr_par' dir='ltr' id='par_1_109' title="bbox 1957 4875 3543 4965">
     <span class='ocr_line' id='line_1_109' title="bbox 1957 4875 3543 4965; baseline -0.013 -16"><span class='ocrx_word' id='word_1_794' title='bbox 1957 4906 2129 4965; x_wconf 89' lang='lat' dir='ltr'><strong>perne</strong></span> <span class='ocrx_word' id='word_1_795' title='bbox 2155 4898 2519 4961; x_wconf 87' lang='lat' dir='ltr'><strong>prospectans</strong></span> <span class='ocrx_word' id='word_1_796' title='bbox 2560 4884 2820 4953; x_wconf 88' lang='lat' dir='ltr'><strong>(necdum</strong></span> <span class='ocrx_word' id='word_1_797' title='bbox 2855 4882 3004 4938; x_wconf 87' lang='lat' dir='ltr'><strong>enim</strong></span> <span class='ocrx_word' id='word_1_798' title='bbox 3056 4889 3263 4936; x_wconf 88' lang='lat' dir='ltr'><strong>tectum</strong></span> <span class='ocrx_word' id='word_1_799' title='bbox 3313 4875 3543 4932; x_wconf 86' lang='lat' dir='ltr'><strong>absolu-</strong></span> 
     </span>
    </p>
   </div>
   <div class='ocr_carea' id='block_1_110' title="bbox 1958 4972 3543 5053">
    <p class='ocr_par' dir='ltr' id='par_1_110' title="bbox 1958 4972 3543 5053">
     <span class='ocr_line' id='line_1_110' title="bbox 1958 4972 3543 5053; baseline -0.012 -13"><span class='ocrx_word' id='word_1_800' title='bbox 1958 4994 2078 5040; x_wconf 91' lang='lat' dir='ltr'><strong>tum</strong></span> <span class='ocrx_word' id='word_1_801' title='bbox 2105 4980 2246 5053; x_wconf 90' lang='lat' dir='ltr'><strong>erat)</strong></span> <span class='ocrx_word' id='word_1_802' title='bbox 2277 4996 2344 5037; x_wconf 92' lang='lat' dir='ltr'><strong>eo</strong></span> <span class='ocrx_word' id='word_1_803' title='bbox 2374 4979 2621 5035; x_wconf 80' lang='lat' dir='ltr'><strong>facinore</strong></span> <span class='ocrx_word' id='word_1_804' title='bbox 2652 4976 2895 5047; x_wconf 85' lang='lat' dir='ltr'><strong>cognito,</strong></span> <span class='ocrx_word' id='word_1_805' title='bbox 2931 4974 3085 5029; x_wconf 90' lang='lat' dir='ltr'><strong>illum</strong></span> <span class='ocrx_word' id='word_1_806' title='bbox 3117 4972 3175 5027; x_wconf 90' lang='lat' dir='ltr'><strong>in</strong></span> <span class='ocrx_word' id='word_1_807' title='bbox 3212 4982 3543 5026; x_wconf 87' lang='lat' dir='ltr'><strong>monumen-</strong></span> 
     </span>
    </p>
   </div>
   <div class='ocr_carea' id='block_1_111' title="bbox 1957 5057 3554 5142">
    <p class='ocr_par' dir='ltr' id='par_1_111' title="bbox 1957 5057 3554 5142">
     <span class='ocr_line' id='line_1_111' title="bbox 1957 5057 3554 5142; baseline -0.012 -11"><span class='ocrx_word' id='word_1_808' title='bbox 1957 5084 2075 5132; x_wconf 86' lang='lat' dir='ltr'><strong>tnm</strong></span> <span class='ocrx_word' id='word_1_809' title='bbox 2105 5070 2297 5128; x_wconf 85' lang='lat' dir='ltr'><strong>inferri</strong></span> <span class='ocrx_word' id='word_1_810' title='bbox 2321 5070 2530 5142; x_wconf 90' lang='lat' dir='ltr'><strong>jussit:</strong></span> <span class='ocrx_word' id='word_1_811' title='bbox 2566 5068 2662 5139; x_wconf 90' lang='lat' dir='ltr'><strong>qui</strong></span> <span class='ocrx_word' id='word_1_812' title='bbox 2711 5081 2838 5122; x_wconf 91' lang='lat' dir='ltr'><strong>cum</strong></span> <span class='ocrx_word' id='word_1_813' title='bbox 2876 5079 2996 5121; x_wconf 90' lang='lat' dir='ltr'><strong>eam</strong></span> <span class='ocrx_word' id='word_1_814' title='bbox 3028 5062 3216 5118; x_wconf 87' lang='lat' dir='ltr'><strong>vivere</strong></span> <span class='ocrx_word' id='word_1_815' title='bbox 3256 5057 3554 5130; x_wconf 38' lang='lat' dir='ltr'><strong>cognovis‘</strong></span> 
     </span>
    </p>
   </div>
   <div class='ocr_carea' id='block_1_112' title="bbox 1958 5153 3541 5241">
    <p class='ocr_par' dir='ltr' id='par_1_112' title="bbox 1958 5153 3541 5241">
     <span class='ocr_line' id='line_1_112' title="bbox 1958 5153 3541 5241; baseline -0.015 -16"><span class='ocrx_word' id='word_1_816' title='bbox 1958 5176 2066 5231; x_wconf 90' lang='lat' dir='ltr'><strong>set,</strong></span> <span class='ocrx_word' id='word_1_817' title='bbox 2096 5174 2157 5222; x_wconf 90' lang='lat' dir='ltr'><strong>ut</strong></span> <span class='ocrx_word' id='word_1_818' title='bbox 2179 5164 2245 5220; x_wconf 89' lang='lat' dir='ltr'><strong>ad</strong></span> <span class='ocrx_word' id='word_1_819' title='bbox 2282 5178 2404 5241; x_wconf 84' lang='lat' dir='ltr'><strong>eam</strong></span> <span class='ocrx_word' id='word_1_820' title='bbox 2432 5169 2768 5233; x_wconf 85' lang='lat' dir='ltr'><strong>portaretur,</strong></span> <span class='ocrx_word' id='word_1_821' title='bbox 2808 5156 3005 5214; x_wconf 86' lang='lat' dir='ltr'><strong>oravit.</strong></span> <span class='ocrx_word' id='word_1_822' title='bbox 3036 5154 3172 5211; x_wconf 91' lang='lat' dir='ltr'><strong>Cum</strong></span> <span class='ocrx_word' id='word_1_823' title='bbox 3222 5153 3421 5208; x_wconf 88' lang='lat' dir='ltr'><strong>allatus</strong></span> <span class='ocrx_word' id='word_1_824' title='bbox 3455 5164 3541 5204; x_wconf 89' lang='lat' dir='ltr'><strong>es-</strong></span> 
     </span>
    </p>
   </div>
   <div class='ocr_carea' id='block_1_113' title="bbox 1959 5239 3553 5323">
    <p class='ocr_par' dir='ltr' id='par_1_113' title="bbox 1959 5239 3553 5323">
     <span class='ocr_line' id='line_1_113' title="bbox 1959 5239 3553 5323; baseline -0.011 -9"><span class='ocrx_word' id='word_1_825' title='bbox 1959 5266 2066 5323; x_wconf 88' lang='lat' dir='ltr'><strong>set,</strong></span> <span class='ocrx_word' id='word_1_826' title='bbox 2096 5239 2320 5312; x_wconf 87' lang='lat' dir='ltr'><strong>catenis</strong></span> <span class='ocrx_word' id='word_1_827' title='bbox 2361 5261 2419 5310; x_wconf 89' lang='lat' dir='ltr'><strong>et</strong></span> <span class='ocrx_word' id='word_1_828' title='bbox 2464 5251 2692 5307; x_wconf 84' lang='lat' dir='ltr'><strong>funibus</strong></span> <span class='ocrx_word' id='word_1_829' title='bbox 2725 5249 2793 5305; x_wconf 90' lang='lat' dir='ltr'><strong>ab</strong></span> <span class='ocrx_word' id='word_1_830' title='bbox 2823 5264 2885 5304; x_wconf 84' lang='lat' dir='ltr'><strong>ea</strong></span> <span class='ocrx_word' id='word_1_831' title='bbox 2916 5256 2972 5303; x_wconf 92' lang='lat' dir='ltr'><strong>et</strong></span> <span class='ocrx_word' id='word_1_832' title='bbox 3019 5245 3289 5301; x_wconf 89' lang='lat' dir='ltr'><strong>ambabus</strong></span> <span class='ocrx_word' id='word_1_833' title='bbox 3322 5239 3553 5296; x_wconf 71' lang='lat' dir='ltr'><strong>ancillis.</strong></span> 
     </span>
    </p>
   </div>
   <div class='ocr_carea' id='block_1_114' title="bbox 1957 5332 3541 5413">
    <p class='ocr_par' dir='ltr' id='par_1_114' title="bbox 1957 5332 3541 5413">
     <span class='ocr_line' id='line_1_114' title="bbox 1957 5332 3541 5413; baseline -0.014 -6"><span class='ocrx_word' id='word_1_834' title='bbox 1957 5347 2356 5407; x_wconf 88' lang='lat' dir='ltr'><strong>attrahebatur.</strong></span> <span class='ocrx_word' id='word_1_835' title='bbox 2407 5343 2581 5413; x_wconf 86' lang='lat' dir='ltr'><strong>Quem</strong></span> <span class='ocrx_word' id='word_1_836' title='bbox 2624 5341 2720 5397; x_wconf 90' lang='lat' dir='ltr'><strong>ubi</strong></span> <span class='ocrx_word' id='word_1_837' title='bbox 2755 5347 3106 5396; x_wconf 86' lang='lat' dir='ltr'><strong>cruentatum</strong></span> <span class='ocrx_word' id='word_1_838' title='bbox 3158 5344 3216 5391; x_wconf 92' lang='lat' dir='ltr'><strong>et</strong></span> <span class='ocrx_word' id='word_1_839' title='bbox 3248 5332 3541 5389; x_wconf 82' lang='lat' dir='ltr'><strong>moribun-</strong></span> 
     </span>
    </p>
   </div>
   <div class='ocr_carea' id='block_1_115' title="bbox 1957 5424 3553 5508">
    <p class='ocr_par' dir='ltr' id='par_1_115' title="bbox 1957 5424 3553 5508">
     <span class='ocr_line' id='line_1_115' title="bbox 1957 5424 3553 5508; baseline -0.011 -12"><span class='ocrx_word' id='word_1_840' title='bbox 1957 5442 2087 5496; x_wconf 86' lang='lat' dir='ltr'><strong>dum</strong></span> <span class='ocrx_word' id='word_1_841' title='bbox 2114 5437 2351 5508; x_wconf 87' lang='lat' dir='ltr'><strong>accepit,</strong></span> <span class='ocrx_word' id='word_1_842' title='bbox 2379 5443 2564 5491; x_wconf 88' lang='lat' dir='ltr'><strong>vestes</strong></span> <span class='ocrx_word' id='word_1_843' title='bbox 2594 5449 2722 5489; x_wconf 91' lang='lat' dir='ltr'><strong>suas</strong></span> <span class='ocrx_word' id='word_1_844' title='bbox 2756 5432 2943 5495; x_wconf 85' lang='lat' dir='ltr'><strong>scidit,</strong></span> <span class='ocrx_word' id='word_1_845' title='bbox 2972 5438 3029 5485; x_wconf 91' lang='lat' dir='ltr'><strong>et</strong></span> <span class='ocrx_word' id='word_1_846' title='bbox 3059 5436 3254 5500; x_wconf 88' lang='lat' dir='ltr'><strong>pectus</strong></span> <span class='ocrx_word' id='word_1_847' title='bbox 3278 5424 3553 5480; x_wconf 81' lang='lat' dir='ltr'><strong>manibus.</strong></span> 
     </span>
    </p>
   </div>
   <div class='ocr_carea' id='block_1_116' title="bbox 1956 5519 3541 5604">
    <p class='ocr_par' dir='ltr' id='par_1_116' title="bbox 1956 5519 3541 5604">
     <span class='ocr_line' id='line_1_116' title="bbox 1956 5519 3541 5604; baseline -0.009 -17"><span class='ocrx_word' id='word_1_848' title='bbox 1956 5531 2192 5604; x_wconf 81' lang='lat' dir='ltr'><strong>planxit,</strong></span> <span class='ocrx_word' id='word_1_849' title='bbox 2248 5544 2315 5585; x_wconf 89' lang='lat' dir='ltr'><strong>ac</strong></span> <span class='ocrx_word' id='word_1_850' title='bbox 2358 5543 2419 5584; x_wconf 88' lang='lat' dir='ltr'><strong>se</strong></span> <span class='ocrx_word' id='word_1_851' title='bbox 2475 5527 2761 5582; x_wconf 86' lang='lat' dir='ltr'><strong>laceravit.</strong></span> <span class='ocrx_word' id='word_1_852' title='bbox 2804 5523 2875 5578; x_wconf 91' lang='lat' dir='ltr'><strong>At</strong></span> <span class='ocrx_word' id='word_1_853' title='bbox 2924 5523 3017 5578; x_wconf 91' lang='lat' dir='ltr'><strong>ille</strong></span> <span class='ocrx_word' id='word_1_854' title='bbox 3069 5522 3199 5577; x_wconf 87' lang='lat' dir='ltr'><strong>vino</strong></span> <span class='ocrx_word' id='word_1_855' title='bbox 3234 5519 3541 5590; x_wconf 70' lang='lat' dir='ltr'><strong>postulato,</strong></span> 
     </span>
    </p>
   </div>
   <div class='ocr_carea' id='block_1_117' title="bbox 1957 5614 3536 5694">
    <p class='ocr_par' dir='ltr' id='par_1_117' title="bbox 1957 5614 3536 5694">
     <span class='ocr_line' id='line_1_117' title="bbox 1957 5614 3536 5694; baseline -0.01 -13"><span class='ocrx_word' id='word_1_856' title='bbox 1957 5626 2288 5694; x_wconf 88' lang='lat' dir='ltr'><strong>haustoqne,</strong></span> <span class='ocrx_word' id='word_1_857' title='bbox 2333 5619 2599 5675; x_wconf 90' lang='lat' dir='ltr'><strong>nonnulla</strong></span> <span class='ocrx_word' id='word_1_858' title='bbox 2657 5631 2784 5673; x_wconf 90' lang='lat' dir='ltr'><strong>cum</strong></span> <span class='ocrx_word' id='word_1_859' title='bbox 2818 5616 3051 5671; x_wconf 88' lang='lat' dir='ltr'><strong>muliere</strong></span> <span class='ocrx_word' id='word_1_860' title='bbox 3083 5614 3411 5675; x_wconf 89' lang='lat' dir='ltr'><strong>collocutus,</strong></span> <span class='ocrx_word' id='word_1_861' title='bbox 3438 5626 3536 5665; x_wconf 88' lang='lat' dir='ltr'><strong>ex-</strong></span> 
     </span>
    </p>
   </div>
   <div class='ocr_carea' id='block_1_118' title="bbox 1956 5703 3607 5787">
    <p class='ocr_par' dir='ltr' id='par_1_118' title="bbox 1956 5703 3607 5787">
     <span class='ocr_line' id='line_1_118' title="bbox 1956 5703 3607 5787; baseline -0.01 -17"><span class='ocrx_word' id='word_1_862' title='bbox 1956 5713 2207 5787; x_wconf 87' lang='lat' dir='ltr'><strong>spiravit.</strong></span> <span class='ocrx_word' id='word_1_863' title='bbox 2250 5713 2456 5775; x_wconf 62' lang='lat' dir='ltr'><strong>(Imsar,</strong></span> <span class='ocrx_word' id='word_1_864' title='bbox 2499 5707 2729 5764; x_wconf 84' lang='lat' dir='ltr'><strong>Antonii</strong></span> <span class='ocrx_word' id='word_1_865' title='bbox 2780 5716 2957 5762; x_wconf 89' lang='lat' dir='ltr'><strong>morte</strong></span> <span class='ocrx_word' id='word_1_866' title='bbox 2978 5704 3251 5768; x_wconf 90' lang='lat' dir='ltr'><strong>nuntiata,</strong></span> <span class='ocrx_word' id='word_1_867' title='bbox 3306 5703 3549 5773; x_wconf 76' lang='lat' dir='ltr'><strong>illacry-</strong></span> <span class='ocrx_word' id='word_1_868' title='bbox 3602 5772 3607 5773; x_wconf 14' lang='grc' dir='ltr'>ί</span> 
     </span>
    </p>
   </div>
   <div class='ocr_carea' id='block_1_119' title="bbox 1958 5794 3551 5870">
    <p class='ocr_par' dir='ltr' id='par_1_119' title="bbox 1958 5794 3551 5870">
     <span class='ocr_line' id='line_1_119' title="bbox 1958 5794 3551 5870; baseline -0.01 -7"><span class='ocrx_word' id='word_1_869' title='bbox 1958 5807 2127 5863; x_wconf 84' lang='lat' dir='ltr'><strong>mavit</strong></span> <span class='ocrx_word' id='word_1_870' title='bbox 2159 5822 2174 5867; x_wconf 89' lang='lat'><strong>:</strong></span> <span class='ocrx_word' id='word_1_871' title='bbox 2225 5813 2284 5863; x_wconf 88' lang='lat' dir='ltr'><strong>et</strong></span> <span class='ocrx_word' id='word_1_872' title='bbox 2329 5804 2547 5859; x_wconf 89' lang='lat' dir='ltr'><strong>litteras</strong></span> <span class='ocrx_word' id='word_1_873' title='bbox 2586 5800 2709 5870; x_wconf 88' lang='lat' dir='ltr'><strong>ejus</strong></span> <span class='ocrx_word' id='word_1_874' title='bbox 2758 5798 2952 5856; x_wconf 84' lang='lat' dir='ltr'><strong>amicis</strong></span> <span class='ocrx_word' id='word_1_875' title='bbox 2987 5796 3248 5864; x_wconf 87' lang='lat' dir='ltr'><strong>recitans,</strong></span> <span class='ocrx_word' id='word_1_876' title='bbox 3284 5794 3551 5867; x_wconf 77' lang='lat' dir='ltr'><strong>seipsum.</strong></span> 
     </span>
    </p>
   </div>
  </div>
