4048 6452
496 433 605 498 895
1773 433 2098 499 JOANNIS
2136 433 2458 496 ZONARE
3649 434 3768 494 896

495 554 797 620 damnavit,
827 554 974 626 quod
1011 555 1088 612 illi
1118 571 1274 628 aequa
1309 555 1527 627 etjusta
1567 554 1894 626 postulanti,
1919 571 2067 612 arro-

2176 554 2372 625 αὑτήν,
2418 550 2720 620 παρεκάλει
2771 548 3102 622 κομισθῆναί
3148 550 3288 614 ἐκεῖ,
3329 546 3424 602 καὶ
3468 545 3767 618 κομισθεὶς

494 659 692 719 ganter
715 657 771 704 et
807 649 1048 720 superbe
1077 664 1402 721 responsum
1433 656 1710 720 negasset.

2176 647 2388 717 σειραῖς
2419 645 2513 699 καὶ
2538 643 2824 708 καλωδίοις
2855 643 3136 697 άνείλκετο
3166 641 3298 712 παρ’
3327 641 3498 711 αὑτῆς
3520 641 3616 694 καὶ
3645 638 3766 691 τῶν

494 740 897 812 θσραπαινίδων
951 744 1177 813 ἀμφοῖν.
1223 741 1506 812 Δεξαμένη
1553 739 1612 795 δὲ
1658 741 1825 796 αὑτὸν
1874 741 2072 812 αἵματι
2107 739 2465 810 πεφυρμένον
2527 736 2625 791 καὶ
2681 733 3144 799 δυσθανατοῦντα,
3177 733 3308 797 τοὺς
3356 730 3601 794 πέπλους
3653 747 3768 784 πε-

498 837 826 908 ριερρήξατο
856 840 946 893 ἐπ’
983 838 1156 908 αὑτῷ,
1189 839 1286 892 καῖ
1337 837 1410 892 τά
1443 837 1644 910 στέρνα
1681 837 1914 891 ἔτυπτε·
1975 837 2070 891 καὶ
2107 835 2528 907 κατεσπάραττε
2594 835 2715 898 ταῖς
2776 833 2984 904 χερσίν.
3033 832 3092 885 Ὀ
3119 831 3177 885 δέ
3201 828 3343 884 οἶνον
3377 831 3525 883 πιεῖν
3557 827 3770 902 ᾔτησε,

494 936 590 985 καὶ
623 933 764 986 πιὼν
786 934 880 989 καί
915 953 1036 989 τινα
1066 935 1340 1008 ὁμιλήσας
1369 937 1437 1007 τῇ
1503 933 1835 1006 Κλεοπάτρᾳ
1870 933 2109 1001 ἐξέλιπε.
2147 931 2362 1004 Καῖσαρ
2419 931 2476 986 δέ
2508 929 2869 1000 ἀγγελθέντος
2898 927 3049 998 αὑτῷ
3097 927 3192 982 τοῦ
3229 925 3464 983 Θανάτου
3506 925 3600 977 τοῦ
3636 923 3770 976 Ἀν-

493 1029 708 1096 τωνίου,
745 1031 1132 1105 ἀπεδάκρυσε,
1167 1033 1387 1098 καὶτὰς
1411 1032 1703 1096 ἐπιστολὰς
1739 1031 1951 1086 ἐκείνου
1989 1032 2106 1096 τοῖς
2142 1031 2316 1100 φίλοις
2369 1026 2765 1098 ἀναγινώσκων
2810 1025 3222 1096 κατεγίνωσκεν
3273 1023 3493 1088 ἐαυτοῦ,
3525 1023 3602 1086 ὼς
3675 1023 3773 1076 εὑ-

493 1125 753 1194 γνώμονα
800 1129 1080 1191 αἰτοῦντος
1139 1129 1351 1184 ἐκείνου
1413 1131 1511 1185 καὶ
1559 1129 1765 1196 δίκαια,
1810 1126 1979 1184 αὑτοῦ
2046 1127 2104 1182 δε
2148 1126 2426 1201 φορτικῶς
2451 1127 2549 1181 καὶ
2605 1123 2976 1196 ὑπερηφάνως
3010 1122 3264 1195 πρδςτάς
3294 1122 3621 1194 ἀποκρίσεις
3643 1121 3776 1174 δια-

494 1219 771 1286 κειμένου.

564 1310 756 1368 ΧΧΧΙ.
786 1312 1133 1369 Proculeium
1170 1324 1353 1370 autem
1377 1315 1444 1372 ad
1471 1315 1820 1388 Cleopatram
1845 1317 2071 1388 capien-

493 1401 642 1468 dam,
691 1413 749 1459 et
801 1403 855 1458 in
898 1403 1010 1460 vita
1051 1406 1396 1462 retinendam
1441 1407 1806 1479 misitzquod
1859 1423 2072 1480 magna:

493 1493 600 1547 sibi
633 1495 818 1563 gloriae
856 1495 977 1552 fore
1011 1497 1257 1566 putabat,
1303 1497 1350 1553 si
1398 1514 1521 1554 eam
1565 1500 1620 1554 in
1653 1499 1936 1570 triumpho
1964 1499 2072 1554 du-

494 1593 662 1640 ceret.
698 1582 792 1640 llla
829 1601 962 1642 vero
995 1586 1143 1643 intra
1186 1587 1336 1644 fores
1374 1588 1596 1645 fortiter
1637 1591 1854 1646 clausas
1895 1602 2070 1656 stans,

493 1695 617 1735 cum
659 1697 726 1736 eo
766 1682 1037 1738 collocuta
1071 1692 1176 1740 est.
1210 1683 1394 1741 Caesar
1428 1686 1652 1757 cognito
1689 1685 1813 1743 loco
1862 1686 1919 1741 in
1962 1700 2073 1756 quo

490 1784 661 1838 esset,
691 1774 909 1831 Gallum
935 1778 1088 1834 misit
1110 1780 1205 1850 qui
1231 1795 1358 1835 cum
1394 1795 1460 1836 ea
1487 1787 1694 1853 ageret.
1735 1780 1856 1848 Quo
1887 1781 1957 1836 de
1987 1781 2073 1835 in-

490 1867 702 1922 dustria
738 1884 1052 1926 sermonem
1084 1872 1152 1927 ad
1179 1871 1343 1944 529
1368 1872 1518 1929 fores
1546 1874 1800 1931 trahente
1821 1916 1835 1940 ,
1867 1874 2073 1931 Procu-

2253 1316 2382 1370 ΔΝ.
2415 1311 2596 1377 Ense
2649 1311 2752 1383 τήν
2785 1310 3148 1380 Κλεοπάτραν
3196 1306 3413 1378 έπεμψε
3470 1306 3564 1361 τδν
3620 1307 3777 1380 Προο

2178 1407 2389 1479 κλήῖον,
2425 1403 2609 1475 ζώσης
2652 1401 2825 1473 αὐτῆς
2877 1403 3152 1475 κρατῆσαι
3181 1400 3374 1465 θέλων,
3445 1401 3591 1471 μέγα
3626 1402 3777 1474 πρὸς

2168 1499 2332 1564 δόξαν
2363 1498 2670 1568 ἡγούμενος
2699 1497 2990 1566 διαγαγεῖν
3025 1494 3198 1565 αὑτήν
3227 1494 3309 1556 εἰς
3333 1493 3427 1548 τὸν
3464 1492 3772 1565 θρίαμϐον.

2180 1589 2246 1645 Ἤ
2275 1590 2333 1644 δέ
2380 1590 2532 1654 ἐντὸς
2597 1590 2782 1660 θυρῶν
2831 1588 3240 1659 κεκλεισμένων
3298 1586 3538 1659 ίσχυρῶς
3591 1589 3775 1641 στᾶσα

2167 1680 2419 1751 διελέχθη
2471 1679 2642 1751 αὐτῷ.
2681 1680 2770 1742 Ὦς
2801 1678 2862 1732 δέ
2891 1674 3230 1748 καταμαθὼν
3263 1675 3354 1729 τὸν
3389 1675 3556 1728 τόπον
3581 1675 3764 1747 ἀπήγ-

2170 1772 2319 1842 γειλε
2352 1773 2618 1844 Καίσαρι,
2653 1771 2857 1835 Γάλλος
2886 1771 2989 1842 μὲν
3022 1768 3284 1840 ἐπέμφθη
3334 1769 3474 1840 αὑτῇ
3509 1768 3774 1833 ἐντευξό-

2176 1882 2360 1936 μενος,
2391 1865 2450 1929 ὃς
2487 1864 2734 1934 ἐμήκυνε
2781 1863 2922 1934 πρὸς
2958 1864 3081 1926 ταῖς
3111 1863 3307 1931 θύραις
3328 1860 3422 1914 τδν
3451 1860 3612 1930 λόγον
3639 1862 3774 1914 ἐπί-

489 1957 633 2014 leius
683 1975 808 2015 cum
862 1961 1077 2018 duobus
1116 1929 1386 2020 mingﬁis
1441 1966 1588 2022 scala
1639 1929 2067 2038 perfenestram

2173 1929 2355 2028 τηδες,
2390 1929 2696 2028 Προκλήϊος
2745 1955 2802 2008 δέ
2829 1929 2843 1934 ⁷
2865 1954 3099 2026 κλίμακι
3149 1929 3241 2008 διά
3295 1951 3514 2025 θυρίδος
3542 1953 3774 2022 εἰσῆλθε

489 2051 633 2104 clam
681 2051 918 2109 scandit.
961 2051 1102 2108 Cum
1157 2069 1294 2109 vero
1339 2056 1511 2112 altera
1563 2071 1633 2112 ex
1678 2073 1787 2112 una
1841 2058 2071 2116 inclusis

491 2141 819 2198 mulieribus
844 2144 1234 2201 exclamasset:
1260 2145 1457 2202 Misera
1486 2147 1796 2219 Cleopatra,
1825 2152 1943 2204 viva
1982 2168 2073 2206 ca-

491 2234 651 2302 peris,
709 2235 948 2304 pugione
987 2252 1098 2306 quo
1129 2238 1377 2294 accincta
1411 2251 1561 2306 erat,
1598 2257 1658 2296 se
1701 2241 1866 2297 ferire
1906 2243 2070 2298 insti-

493 2325 619 2380 tuit.
674 2325 782 2381 Sed
840 2328 1164 2386 Proculeius
1221 2332 1476 2387 celeriter
1525 2335 1787 2398 accurrit,
1835 2350 2069 2407 eamque

490 2417 770 2473 continuit
805 2437 821 2474 :
850 2432 1157 2492 ereptoque
1210 2425 1468 2495 pugione,
1498 2425 1785 2496 inquisivit
1813 2442 1883 2482 ne
1917 2427 2068 2498 quod

491 2523 763 2564 venenum
815 2513 1139 2568 occultaret.
1191 2515 1375 2570 Caesar
1433 2516 1818 2587 Epaphrodito
1866 2518 2068 2574 liberto

490 2600 766 2656 mandavit
801 2611 862 2656 ut
919 2619 1041 2659 eam
1071 2606 1222 2660 omni
1258 2607 1547 2678 diligentia
1575 2609 1854 2666 viventem
1885 2625 2069 2666 asser-

489 2701 666 2751 varet.
697 2704 861 2763 atque
903 2696 1020 2766 ipse
1052 2698 1244 2752 urbem
1286 2699 1571 2770 ingressus
1609 2708 1715 2757 est.
1760 2701 2004 2758 Antonio
2036 2717 2068 2758 ι

487 2782 778 2854 Cleopatra
823 2788 1115 2858 magnifico
1162 2799 1217 2845 et
1259 2791 1413 2862 regio
1455 2803 1718 2862 apparatu
1773 2795 2069 2863 tumulato,

488 2887 615 2928 cum
646 2874 800 2930 febre
828 2877 1108 2933 laboraret
1143 2879 1289 2950 (nam
1321 2891 1516 2950 pectus
1538 2882 1660 2952 ejus
1683 2883 2065 2938 exulceratum

487 2972 609 3019 erat
629 2975 686 3020 et
715 2965 1134 3040 inﬂammatum)
1153 2969 1333 3026 inedia
1367 2970 1472 3026 sibi
1501 2986 1694 3027 necem
1725 2973 2069 3028 consciscere

489 3055 750 3113 instituit.
776 3058 896 3126 Quo
917 3059 1100 3116 Caesar
1123 3062 1531 3128 animadverso,
1565 3063 1734 3119 minis
1762 3073 1819 3120 et
1855 3073 2067 3119 terrore

488 3145 558 3201 de
587 3147 781 3204 liberis
825 3149 1051 3222 injecto,
1105 3167 1226 3206 eam
1288 3152 1461 3207 veluti
1517 3151 1793 3208 machinis
1827 3150 2067 3207 admotis

486 3241 845 3310 expugnavit,
893 3251 956 3298 ut
999 3244 1186 3300 cibum
1229 3254 1287 3300 et
1333 3245 1680 3301 curationem
1724 3243 2066 3312 admitteret,
2095 3273 2139 3331 ο

488 3346 553 3385 ac
583 3332 745 3400 paulo
777 3341 900 3402 post
925 3334 1042 3404 ipse
1072 3336 1140 3390 ad
1174 3351 1295 3391 eam
1335 3337 1721 3408 alloquendam
1750 3338 1924 3394 venit.
1966 3337 2065 3394 Illa

487 3437 620 3478 vero
660 3423 716 3477 in
759 3426 912 3480 tenui
963 3429 1210 3497 stragulo
1242 3429 1418 3484 instar
1451 3431 1796 3500 paupercula
1838 3430 2067 3487 decum-

488 3513 646 3578 bens,
682 3516 887 3572 exsiliit
910 3535 923 3571 :
943 3527 1001 3574 et
1031 3533 1156 3574 cum
1179 3520 1248 3574 ad
1271 3524 1390 3593 ejus
1411 3538 1590 3594 genua
1625 3523 1940 3593 provoluta,
1973 3537 2066 3580 re-

490 3605 752 3662 cumbere
787 3607 942 3677 jussa
984 3618 1152 3674 esset,
1195 3626 1320 3666 eum
1353 3627 1488 3668 voce
1528 3613 1762 3668 tremula
1804 3620 1862 3668 et
1890 3613 2068 3670 oculis

491 3694 622 3750 ﬂetu
668 3698 938 3754 confectis
991 3701 1328 3757 assidentem
1377 3703 1610 3774 perinde
1653 3705 1852 3770 oravit,
1903 3718 1970 3760 ac
2019 3703 2066 3760 si

489 3787 618 3844 vitae
652 3790 1007 3860 cupidissima
1037 3801 1204 3860 esset,
1245 3805 1527 3865 postremo
1575 3797 1825 3868 pecunia
1856 3796 2068 3856 descri-

490 3881 734 3950 ptionem
764 3883 816 3937 ei
847 3883 1072 3940 obtulit.
1111 3885 1298 3941 Caesar
1326 3903 1448 3942 eam
1474 3888 1600 3944 vitae
1641 3891 1898 3956 cupidam
1943 3907 2065 3951 esse

490 3981 662 4037 ratus,
696 3977 916 4045 gavisus
944 3985 1030 4032 est
1058 3994 1160 4035 :ac
1202 3994 1261 4034 se
1288 3981 1438 4035 omni
1485 3997 1582 4052 spe
1621 3982 1771 4038 illam
1821 3986 2067 4055 splendi-

486 4064 616 4120 dius
640 4075 1004 4123 tractaturum
1036 4071 1350 4139 pollicendo
1379 4071 1666 4144 decepisse
1695 4083 1915 4145 putans,
1947 4079 2066 4149 ipse

490 4160 663 4230 magis
709 4172 796 4217 est
847 4161 1131 4234 deceptus.
1180 4163 1319 4222 Cum
1371 4168 1519 4223 enim
1574 4170 1667 4225 illa
1719 4173 2067 4242 cognovisset

487 4265 616 4304 eum
663 4259 812 4307 terra
863 4269 964 4323 per
1009 4256 1223 4327 Syriam
1254 4258 1484 4322 iturum,
1533 4260 1708 4330 ipsam
1752 4278 1887 4317 vero
1942 4271 2066 4334 post

491 4340 735 4396 triduum
782 4343 1016 4399 Romam
1057 4347 1356 4402 missurum
1409 4367 1423 4404 :
1472 4352 1672 4417 oravit,
1719 4361 1781 4407 ut
1825 4351 2065 4410 Antonio

490 4443 783 4503 parentare
813 4437 1030 4494 liceret.
1063 4439 1184 4507 Quo
1214 4441 1507 4511 permisso,
1541 4444 1609 4498 ad
1643 4455 2063 4502 monumentum

488 4526 719 4594 perlata,
766 4543 963 4598 magno
1007 4529 1159 4586 luctu
1200 4531 1373 4598 edito,
1419 4533 1713 4605 loculoque
1757 4538 1978 4593 coronis
2010 4547 2066 4594 et

491 4618 706 4676 inferiis
758 4633 975 4690 ornato,
1039 4624 1299 4682 balneum
1345 4627 1450 4683 sibi
1483 4632 1662 4699 parari
1691 4632 1874 4702 jussit.
1921 4633 2060 4688 Dum

485 4711 600 4768 lota
630 4714 928 4780 accumbit,
972 4717 1376 4790 splendideque
1410 4721 1644 4791 prandet
1678 4701 1953 4794 :vquidam
1995 4741 2063 4781 ex

488 4817 622 4872 agro
667 4820 765 4859 vas
814 4807 1040 4877 plenum
1091 4808 1306 4865 ficubus
1350 4819 1610 4880 portans,
1657 4830 1688 4869 a
1736 4816 2063 4872 custodibus

486 4896 620 4964 quid
651 4896 820 4953 ferret
845 4908 1090 4968 rogatus,
1135 4903 1376 4959 ostensis
1399 4903 1616 4960 ficubus
1646 4904 1856 4976 ingredi
1872 4908 2062 4978 jussus

437 5025 442 5030 .
492 4995 590 5042 est.
638 4987 773 5043 Post
817 4989 1109 5058 prandium
1161 4991 1456 5064 Cleopatra
1499 4993 1714 5052 litteras
1747 4996 2063 5068 obsignatas

493 5077 689 5134 Cmsari
723 5081 894 5148 misit,
921 5082 1124 5152 quibus
1149 5086 1345 5141 orabat
1391 5095 1451 5141 ut
1474 5103 1599 5142 cum
1627 5088 1868 5142 Antonio
1899 5103 2060 5158 sepe-

486 5169 705 5228 liretur.
737 5169 895 5227 Unde
927 5173 1019 5228 ille
1051 5177 1236 5231 statim
1271 5177 1543 5232 intellexit
1597 5179 1731 5248 quid
1758 5187 1943 5234 actum
1969 5195 2060 5236 es-

488 5272 592 5327 set,
616 5278 681 5318 ac
712 5279 824 5319 rem
860 5265 1140 5335 explorari
1168 5269 1356 5340 jussit.
1388 5269 1495 5337 Qui
1533 5272 1688 5328 missi
1719 5282 1901 5337 erant,
1934 5289 2058 5328 cum

487 5369 723 5424 propere
751 5359 1145 5424 accurrissent,
1177 5369 1450 5415 mortuam
1490 5377 1612 5418 eam
1645 5364 1697 5417 in
1729 5379 1899 5420 aureo
1917 5365 2061 5419 lecto

488 5447 746 5516 regaliter
783 5459 1030 5505 ornatam
1074 5453 1438 5518 invenerunt,
1487 5455 1661 5509 altera
1703 5457 1827 5524 ejus
1859 5458 2062 5513 ancilla

485 5537 643 5593 lrade
682 5540 750 5594 ad
783 5541 952 5610 pedes
977 5543 1124 5599 illius
1154 5544 1492 5616 exspirantc,
1525 5547 1695 5603 altera
1721 5547 2060 5605 Charmonio

483 5646 550 5684 ex
581 5632 876 5701 gravedine
916 5635 1115 5704 capitis
1143 5636 1259 5706 jam
1302 5637 1654 5704 labescente,
1704 5648 1760 5693 et
1806 5640 2059 5696 diadema

485 5721 792 5791 Cleopatrae
830 5737 1157 5784 exornante.
1205 5728 1305 5785 Cui
1355 5745 1479 5785 cum
1509 5730 1734 5800 quidam
1776 5730 2007 5787 dixisset
2040 5749 2055 5787 :

493 5808 722 5866 Pulchra
757 5829 877 5868 vero
919 5816 1023 5870 ista
1064 5825 1210 5884 sunt,
1259 5818 1420 5889 530
1453 5819 1878 5876 Charmonium?
1923 5821 2056 5876 illa:

493 5899 884 5974 Pulcherrima,
913 5905 1113 5977 inquit,
1142 5918 1190 5963 ct
1227 5910 1417 5967 decora
1445 5919 1521 5966 tot
1555 5911 1765 5983 regibus
1793 5913 2056 5970 oriunda'.

2173 2047 2354 2104 λαθὼν
2381 2048 2521 2118 μετά
2548 2047 2659 2102 δύω
2691 2045 3007 2118 ὑπηρετῶν.
3063 2047 3178 2116 Τῆς
3228 2045 3286 2101 δέ
3319 2046 3452 2116 μιᾶς
3481 2045 3594 2098 τῶν
3623 2045 3773 2117 αὑτῇ

2176 2135 2702 2207 συγκαθειργμέιων
2731 2135 3012 2205 γυναικῶν
3030 2135 3475 2206 ἀνακραγούσης,
3504 2134 3774 2190 Τάλαινα

2173 2230 2548 2299 Κλεοπάτρα,
2584 2227 2795 2299 ζωῃοῇ,
2851 2228 3084 2298 ὥρμησε
3128 2231 3229 2299 μὲν
3286 2229 3488 2298 ἑαυτὴν
3521 2228 3774 2294 πατάξαι

2172 2323 2535 2394 (παρέζωστο
2558 2324 2666 2394 γάρ
2691 2339 2744 2375 τι
2769 2321 3036 2392 ξιφίδιον)
3073 2321 3446 2390 προσδραμὼν
3470 2322 3527 2376 δὲ
3557 2323 3701 2392 αὑτῇ
3745 2325 3775 2376 ὁ

2171 2418 2498 2487 Προκλήϊος,
2516 2415 2777 2484 συνέσχεν
2800 2415 2990 2487 αὑτήν,
3014 2416 3107 2468 καὶ
3133 2413 3388 2482 ἀφείλετο
3409 2413 3470 2467 τδ
3507 2412 3770 2482 ξιφίδιον,

2171 2512 2268 2565 καὶ
2301 2511 2374 2582 μή
2409 2527 2461 2564 τι
2493 2507 2712 2582 κρύπτῃ
2739 2509 3033 2578 φάρμακον
3077 2506 3465 2578 ἐξηρεύνησεν.
3503 2508 3570 2560 Ἐ
3586 2509 3774 2578 πέμψε

2171 2604 2228 2658 δε
2290 2605 2509 2672 Καῖσαρ
2574 2601 2975 2673 Ἐπαφρόδιτον
3047 2599 3439 2670 ἀπελεύθερον,
3499 2598 3772 2664 κελεύσας

2172 2694 2358 2759 ζῶσαν
2392 2695 2580 2765 τηρεῖν
2607 2693 2747 2746 πάνυ
2773 2690 3231 2762 ἐπιμελούμενον,
3259 2690 3424 2753 αὐτὸς
3451 2689 3508 2744 δὲ
3541 2691 3772 2760 Καῖσαρ

2170 2787 2463 2858 εἰσήλασεν
2493 2786 2575 2848 είς
2595 2785 2697 2854 τὴν
2723 2784 2898 2838 πόλιν.
2937 2784 3048 2838 Καὶ
3068 2785 3096 2838 ὁ
3136 2783 3429 2847 Ἀντώνιος
3463 2786 3619 2854 παρά
3658 2787 3770 2854 τῆς

2170 2878 2534 2949 Κλεοπάτρας
2569 2877 2746 2945 ἐτάφη
2797 2875 3110 2941 πολυτελῶς
3165 2877 3262 2930 καὶ
3295 2875 3612 2946 βασιλικῶς.
3652 2878 3771 2930 Πυ-

2173 2969 2348 3042 ρετῶν
2371 2969 2427 3024 δὲ
2459 2969 2600 3040 αὑτῇ
2626 2969 2940 3040 γενομένων
2977 2968 2996 3040 (
3019 2967 3332 3040 ἐφλέγμηνε
3354 2971 3463 3042 γὰρ
3495 2970 3672 3039 αὑτῆς
3698 2971 3767 3025 τά

2173 3061 2372 3134 στέρνα
2404 3060 2502 3115 καί¹
2548 3059 2796 3132 ἥλκωτο)
2821 3061 3032 3131 τροφῆς
3075 3059 3360 3131 ἀπείχετο,
3396 3061 3472 3124 ὡς
3505 3061 3768 3116 ἐντεῦθεν

2170 3153 2517 3226 λυθησομένη
2550 3152 2646 3206 τοῦ
2685 3151 2808 3224 ζῇν.
2847 3153 2913 3205 Ὃ
2934 3151 3244 3222 ὑπονοήσας
3279 3152 3308 3205 ὁ
3342 3153 3565 3222 Καῖσαρ
3593 3153 3764 3206 ἀπει-

2170 3240 2272 3306 λὰς
2301 3241 2439 3311 αὑτῇ
2463 3240 2560 3295 καὶ
2595 3240 2796 3311 φόϐους
2828 3241 2959 3312 περὶ
2992 3241 3104 3294 τῶν
3132 3240 3343 3295 τέκνων
3387 3241 3761 3311 προσέϐαλεν,

2169 3328 2252 3399 οἷς
2300 3335 2484 3406 ἐκείνη
2542 3332 2800 3404 καθάπερ
2849 3334 3246 3404 μηχανήμασιν
3269 3335 3624 3404 ὑπερείπετο,
3660 3340 3767 3392 καὶ

2164 3427 2377 3498 τροφήν
2417 3443 2479 3480 τε
2535 3425 2631 3480 καὶ
2671 3425 2978 3496 θεραπείαν
3010 3425 3297 3497 προσίετο.
3340 3419 3484 3480 Ἦκε
3513 3427 3570 3481 δὲ
3635 3431 3763 3499 μετ’

2163 3517 2346 3588 ὀλίγον
2368 3519 2463 3572 καὶ
2491 3517 2520 3572 ὁ
2547 3518 2766 3590 Καῖσαρ
2783 3517 2920 3590 αὑτῇ
2951 3519 3361 3589 ἐντευξόμενος.
3385 3518 3452 3572 Ἦ
3477 3520 3561 3588 δὲ,
3589 3520 3766 3587 λιτῶς

2165 3610 2225 3665 ἐν
2253 3609 2464 3664 στιϐάδι
2487 3611 2868 3681 κατακειμένη
2892 3611 3086 3682 ὥσπερ
3115 3613 3438 3683 μονοχίτων,
3466 3613 3764 3688 άναπηδήο

2167 3719 2311 3758 σασα
2366 3704 2705 3775 προσπίπτει
2761 3703 2932 3776 αὑτῷ,
2988 3705 3300 3776 ὑπότρομος
3329 3709 3397 3777 τῇ
3455 3709 3632 3778 φωνῇ,
3664 3712 3764 3762 καὶ

2167 3798 2530 3866 συντετηκυῖα
2557 3799 2681 3860 ταῖς
2711 3795 2890 3867 ὄψεσι.
2924 3797 3300 3863 Κελεύσαντος
3325 3798 3380 3852 δὲ
3410 3799 3506 3853 τοῦ
3540 3800 3764 3855 Καίσα-

2167 3903 2263 3959 ρος
2285 3886 2648 3957 ἀνακλιθῆναι
2683 3889 2780 3944 καὶ
2803 3889 2973 3943 αὑτοῦ
2997 3891 3554 3963 παρακαθισαμένου,
3582 3893 3766 3950 ἐδεῖτο

2165 3975 2331 4031 αὑτοῦ
2362 3977 2438 4044 ώς
2495 3979 2736 4047 μάλιστα
2791 3979 2888 4034 τοῦ
2916 3979 3017 4052 ζῇν
3067 3983 3465 4052 περιεχομένη·
3518 3983 3674 4048 τέλος
3695 3986 3764 4040 δὲ

2162 4058 2272 4122 τῶν
2299 4071 2602 4141 χρημάτων
2638 4071 2967 4143 ἀναγραφὴν
2997 4073 3148 4144 αὑτῷ
3203 4075 3558 4146 ἐνεχείρισεν.
3602 4077 3665 4131 ’0
3694 4077 3763 4133 δὲ

2165 4160 2484 4231 φιλοψυχεῖν
2514 4161 2688 4232 αὑτήν
2715 4160 2963 4228 οἰόμενος
2989 4161 3173 4233 ἥδετο,
3207 4164 3301 4215 καὶ
3326 4161 3501 4217 είπὼν
3529 4164 3612 4217 ὅτι
3651 4165 3764 4220 πά-

2166 4270 2268 4324 σης
2299 4252 2514 4316 ἐλπίδος
2539 4253 2677 4324 αὑτῇ
2705 4253 3088 4324 λαμπρότερον
3120 4253 3411 4325 χρήσεται,
3459 4257 3758 4326 ήπατηκέ-

2163 4366 2252 4403 ναι
2303 4349 2405 4420 μὲν
2443 4349 2616 4421 αὐτὴν
2670 4349 2839 4421 ᾧετο’
2878 4348 3080 4420 μᾶλλον
3126 4349 3173 4403 δ’
3215 4351 3381 4415 αὑτδς
3413 4351 3756 4422 ἐξηπάτητο.

2161 4441 2426 4496 Μαθοῦσα
2461 4443 2571 4512 γὰρ
2601 4443 2676 4505 ὡς
2723 4444 2753 4496 δ
2785 4445 3005 4515 Καῖσαρ
3043 4445 3144 4516 μέν
3199 4443 3342 4515 πεζῇ
3405 4445 3494 4498 διά
3546 4445 3760 4514 Συρίας

2165 4534 2404 4603 ἔγνωκεν
2463 4537 2708 4602 ἀπιέναι,
2764 4536 2936 4606 αὑτὴν
2968 4537 3014 4590 δ’
3043 4537 3101 4600 ἐς
3129 4536 3229 4606 τὴν
3270 4535 3492 4606 Ῥώμην
3537 4537 3758 4590 στέλλει

2097 4619 2144 4677 D
2175 4625 2313 4695 μετά
2337 4625 2530 4696 τρίτην
2557 4625 2793 4697 ἡμέραν,
2823 4625 3022 4698 ἐδεήθη
3047 4626 3332 4696 Καίσαρος
3364 4627 3512 4689 ὅπως
3547 4627 3756 4699 ἐνέγκῃ

2163 4717 2244 4788 τῷ
2273 4716 2545 4788 Ἀντωνίῳ
2565 4715 2716 4788 χοάς.
2747 4717 2859 4772 Καὶ
2878 4716 3306 4788 ἐπιτρέψαντος,
3338 4716 3434 4770 ἐπὶ
3464 4717 3553 4769 τὸν
3576 4718 3756 4787 τάφον

2167 4809 2491 4880 κομισθεῖσα
2541 4809 2717 4863 πολλά
2769 4808 3117 4880 ὠλοφύρατο,
3174 4805 3296 4863 εῒτα
3351 4809 3594 4879 στέψασα
3654 4815 3756 4866 καὶ

2165 4901 2642 4973 κατασπασαμένη
2681 4901 2783 4971 τήν
2815 4905 2998 4972 σορὸν,
3025 4901 3320 4955 ἐκέλευσεν
3351 4902 3490 4971 αὐτῇ
3518 4901 3753 4971 λουτρὸν

2164 4993 2440 5062 γενέσθαι.
2475 4992 2807 5064 Λουσαμένη
2835 4992 2893 5046 δέ
2922 4992 3019 5047 καὶ
3047 4991 3470 5057 κατακλιθεῖσα,
3520 4992 3752 5062 ἄριστον

2163 5085 2365 5157 ήρίστα
2409 5085 2687 5156 λαμπρόν.
2751 5084 2865 5139 Καί
2893 5102 2977 5148 τις
3001 5080 3136 5158 ἧκεν
3163 5084 3261 5137 ἀπ’
3296 5083 3468 5154 ἀγροῦ
3500 5082 3750 5153 κομίζων

2162 5180 2384 5248 ἀγγεῖον
2409 5177 2593 5232 σύκων
2622 5178 2843 5247 μεστόν.
2902 5177 3025 5230 Τῶν
3070 5177 3128 5230 δὲ
3181 5176 3443 5246 φυλάκων
3472 5177 3524 5229 τί
3582 5177 3746 5246 φέροι

2161 5271 2587 5343 ἀνακρινόντων,
2660 5271 2869 5334 ἐκεῖνος
2913 5270 2984 5322 τὰ
3039 5270 3183 5324 σῦκα
3242 5268 3549 5336 ὑπέδειξεν
3606 5270 3744 5322 οίδὲ

2163 5363 2405 5432 εἰσάγειν
2429 5362 2701 5416 ἐκέλευον.
2727 5361 2882 5417 Μετά
2906 5359 2964 5415 δὲ
2992 5361 3052 5414 τὸ
3079 5362 3304 5431 ἄριστον
3338 5362 3370 5430 ή
3413 5359 3746 5428 Κλεοπάτρα

2161 5453 2342 5507 δέλτον
2371 5450 2951 5522 κατασεσημασμένην
2979 5449 3058 5520 τῷ
3081 5449 3321 5521 Καίσαρι
3351 5449 3583 5502 ἔστειλε.
3605 5450 3748 5502 Καῖ-

2163 5563 2270 5618 σαρ
2296 5545 2375 5612 δὲ,
2409 5544 2485 5608 ὡς
2518 5545 2743 5614 ἐνέτυχε
2768 5542 2944 5607 λιταῖς
2973 5543 3234 5614 δεομένης
3267 5542 3438 5611 αὐτῆς
3465 5541 3746 5612 συνταφῆ-

2159 5654 2248 5691 ναι
2275 5635 2355 5707 τῷ
2387 5635 2680 5707 Ἀντωνίῳ,
2709 5637 2846 5705 ταχὺ
2875 5637 3078 5705 συνῆκε
3105 5635 3167 5688 τὸ
3199 5633 3618 5704 πεπραγμένον,
3641 5638 3744 5688 καὶ

2161 5727 2300 5783 κατά
2317 5728 2482 5798 τάχος
2500 5729 2628 5792 τοὺς
2660 5727 3034 5799 σκεψομένους
3053 5726 3114 5780 τὸ
3134 5726 3432 5797 γενόμενον
3464 5725 3740 5796 ἐπεμψεν.

2161 5820 2225 5876 0!
2247 5821 2435 5892 δρόμῳ
2465 5820 2871 5883 καταλαϐόντες
2926 5813 3086 5892 εὗρον
3113 5819 3286 5890 αὑτὴν
3309 5819 3642 5890 τεθνηκυῖαν
3677 5822 3742 5875 ἐν

2159 5916 2334 5988 χρυσῇ
2367 5915 2523 5988 κλίνῃ
2555 5912 2986 5987 κεκοσμημένην
3003 5911 3322 5989 βασιλικῶς.
3353 5912 3478 5969 Τῶν
3499 5911 3557 5969 δέ
3577 5910 3739 5984 θερα.
