4048 6454
274 415 377 481 897

1533 414 1945 480 ANNALIUM
1981 418 2131 481 LIB.
2172 419 2246 479 Χ.

3440 425 3547 485 898

272 528 486 587 παινῶν
519 528 553 602 ή
589 527 689 601 μὲν
713 525 884 601 Εἰρὰς
916 525 1058 600 πρὸς
1090 528 1206 595 τοῖς
1226 529 1389 587 ποσὶν
1420 533 1796 606 ἀπέθνησκεν,
1829 535 1865 606 ή

1971 531 2064 589 His
2086 532 2275 601 dictis,
2308 540 2365 589 et
2395 532 2513 604 ipsa
2536 531 2695 606 juxta
2730 533 2940 591 lectum
2972 534 3246 592 exanimis
3273 537 3544 594 concidit.

269 627 329 680 δὲ
363 622 677 695 Χαρμόνιον
728 620 831 694 ήδη
895 622 1300 696 καρηϐαροῦσα
1355 627 1451 680 καὶ
1510 627 1865 700 σφαλλομένη

271 714 610 782 κατεκόσμει
637 713 699 766 τὸ
733 712 865 782 περὶ
912 714 1159 783 κεφαλὴν
1194 714 1409 791 ἐκείνης
1442 717 1705 788 διάδημα.
1768 719 1865 772 Εί-

280 806 470 868 πόντος
497 804 555 857 δέ
590 821 757 868 τινος,
784 805 956 859 Καλὰ
991 806 1200 872 ταῦτα,
1230 806 1569 877 Χαξομόνιον
1594 828 1615 876 ;
1646 810 1866 865 Κάλλι-

270 913 392 951 στα
436 896 556 965 μὲν
603 892 740 959 οὖν,
799 895 929 968 ἐφη,
975 898 1072 952 καί
1111 898 1422 967 πρέποντα
1446 900 1521 969 τῇ
1556 904 1865 956 τοσούτων

270 989 556 1059 ἀπογόνῳ
580 985 921 1053 βασιλέων.
950 990 1063 1042 Καὶ
1089 990 1264 1044 ταῦτα
1296 991 1530 1045 εἰποῦσα
1576 994 1732 1062 παρὰ
1764 992 1865 1064 τήν

273 1083 466 1150 κλίνην
497 1080 661 1133 ἔπεσε
692 1079 786 1132 καὶ
816 1080 977 1152 αὐτή.
1009 1082 1243 1149 Λέγεται
1274 1083 1334 1139 ,δὲ
1367 1085 1593 1149 ἀσπίδος
1622 1085 1863 1156 δήγματι

275 1176 459 1228 θανεῖν
498 1172 860 1245 κομισθείσης
891 1175 1031 1243 μετὰ
1055 1172 1163 1227 τῶν
1193 1174 1397 1230 σύκων.
1441 1177 1505 1230 Oi
1535 1177 1580 1230 δ’
1612 1180 1670 1230 ἐν
1703 1178 1864 1251 ὑδρίᾳ

272 1268 566 1339 τηρεῖσθαι
596 1267 696 1335 τὴν
727 1266 930 1319 ἀσπίδα
960 1267 1146 1337 φασὶν,
1177 1267 1431 1341 ἠλακάτῃ
1454 1269 1510 1322 δέ
1554 1273 1729 1343 χρυσῇ
1763 1275 1862 1343 τῆς

276 1360 639 1427 Κλεοπάτρας
667 1359 1091 1432 ἐκκαλουμένης
1123 1360 1297 1431 αὐτὴν
1342 1362 1437 1414 καὶ
1471 1362 1861 1433 ἀγριαινούσης

272 1452 603 1522 ὁρμήσασαν
635 1451 877 1522 ἐμφῦναι
914 1452 1085 1521 αὐτῆς
1117 1452 1195 1523 τῷ
1227 1454 1494 1525 βραχίονι.
1539 1456 1775 1524 Λέγεται
1803 1456 1860 1510 δὲ

275 1546 372 1597 καὶ
400 1544 697 1615 φάρμακον
751 1545 923 1613 αὐτὴν
975 1544 1122 1615 ἔχειν
1173 1546 1233 1598 ἐν
1274 1547 1522 1616 κνήστιδι
1556 1548 1732 1619 κοίλῃ,
1768 1549 1863 1601 καὶ

275 1634 374 1704 τήν
404 1634 667 1705 κνήστιδα
697 1634 964 1704 κρύπτειν
987 1637 1052 1705 τῇ
1086 1635 1254 1705 κόμῃ.
1293 1635 1351 1688 Ὅ
1377 1636 1433 1689 δὲ
1478 1636 1616 1689 Δίων
1639 1637 1863 1707 βελόνην

276 1725 449 1796 αὐτὴν
476 1720 619 1778 εἷναί
652 1742 841 1795 φησιν,
936 1727 1035 1790 τὰς
1064 1727 1258 1797 τρίχας
1283 1728 1519 1798 ἀνεῖρεν,
1551 1728 1615 1798 ίῷ
1638 1746 1703 1782 πε
1716 1746 1862 1800 ρικε-

276 1817 609 1887 χρισμένην,
662 1816 895 1887 δύναμιν
922 1816 1122 1887 ἔχοντι,
1155 1816 1221 1870 ἂν
1271 1817 1505 1888 αἵματος
1532 1818 1763 1889 ἅψηται,
1786 1820 1862 1883 ὡς

1965 625 2164 681 Fertur
2208 636 2393 681 autem
2435 626 2730 696 Cle0patra
2770 643 2958 684 morsu
3010 629 3219 699 aspidis
3270 632 3548 700 serpentis

1964 717 2234 788 periisse,
2270 733 2379 772 una
2429 734 2554 773 cum
2599 718 2817 776 licubus
2861 720 3070 775 allata:
3104 721 3199 781 alii
3250 723 3302 776 in
3352 722 3546 793 hydria

1964 816 2298 863 asservatam
2328 808 2557 865 tradunt
2593 810 2868 880 aspidem,
2897 820 2953 866 et
2980 811 3106 866 colu
3131 827 3298 866 aurea
3325 811 3550 868 lacessi-

1964 908 2074 954 tam
2109 910 2166 954 et
2222 900 2496 956 irritatam
2561 902 2681 973 ejus
2728 903 3017 957 brachium
3068 894 3350 959 mordicus
3405 907 3546 960 arri-

1963 988 2172 1058 puisse.
2218 988 2433 1045 Dicitur
2474 1000 2531 1046 et
2572 1006 2847 1047 venenum
2904 994 2960 1047 in
2998 994 3223 1049 cultello
3268 1008 3405 1051 cavo
3451 995 3549 1049 ha-

1962 1079 2174 1146 buisse,
2207 1096 2371 1150 quem
2404 1084 2604 1153 capillo
2638 1085 3022 1140 occultaverit.
3061 1086 3201 1141 Dion
3241 1096 3426 1141 autem
3459 1103 3544 1141 rc-

1961 1170 2068 1226 fert
2115 1187 2273 1227 acum
2326 1190 2434 1244 qua
2481 1175 2741 1246 capillum
2797 1177 3257 1243 discriminaret,
3330 1193 3549 1235 veneno

1963 1261 2246 1318 inunctam
2276 1263 2446 1320 fuisse
2470 1283 2484 1320 :
2512 1268 2671 1337 cujus
2702 1268 2900 1321 veneni
2927 1283 2992 1322 ea
3016 1270 3101 1323 vis
3127 1278 3297 1334 esset,
3332 1277 3391 1323 ut
3417 1284 3543 1326 cum

1962 1356 2285 1426 sanguinem
2333 1358 2640 1429 attigisset,
2695 1359 2987 1415 celerrime
3033 1370 3089 1415 et
3143 1360 3370 1415 minima
3416 1376 3542 1415 cum

1962 1446 2215 1502 molestia
2247 1448 2475 1503 exitium
2502 1450 2746 1505 aﬂ‘erret.
2772 1452 3065 1522 Utcunque
3089 1452 3179 1517 sit,
3206 1452 3297 1506 illa
3320 1452 3487 1521 periit
3524 1468 3540 1505 :

1962 1539 2168 1595 veritas
2208 1540 2515 1610 ignoratur,
2562 1544 2668 1597 nisi
2703 1545 2849 1614 quod
2888 1546 2942 1599 in
2994 1545 3114 1617 ejus
3162 1544 3389 1600 brachio
3419 1544 3544 1600 duae

1963 1630 2174 1685 vibices
2203 1640 2396 1688 tenues
2429 1642 2485 1687 et
2524 1635 2772 1690 obscura:
2799 1644 3192 1707 apparuerunt,
3228 1637 3283 1691 in
3307 1651 3541 1706 corpore

1964 1721 2116 1775 nulla
2176 1722 2375 1776 veneni
2434 1722 2638 1778 indicia
2691 1735 2817 1779 sunt
2874 1724 3254 1780 animadversa
3298 1742 3313 1779 :
3360 1739 3541 1795 neque

1966 1825 2196 1880 serpens
2227 1811 2342 1881 ipse
2376 1825 2632 1884 repertus
2664 1824 2772 1881 est,
2802 1817 2907 1871 nisi
2934 1817 3081 1887 quod
3107 1816 3365 1871 'nonnulli
3394 1816 3545 1871 dixe-

274 1911 509 1982 τάχιστα
535 1911 633 1965 καὶ
659 1909 980 1965 ἀλυπότατα
1015 1910 1285 1982 φθείρειν.
1362 1912 1429 1965 Ἠ
1466 1913 1564 1983 μὲν
1590 1910 1684 1967 οὖν
1707 1913 1862 1967 ἀπώ-

1971 1911 2115 1967 runt,
2155 1917 2212 1957 se
2255 1912 2463 1960 tractus
2510 1906 2659 1962 illius
2687 1909 2957 1978 quosdam
3006 1908 3160 1980 juxta
3208 1922 3381 1972 mare,
3431 1922 3546 1975 quo

274 2001 432 2055 λετο’
498 2001 562 2054 τὸ
619 2000 664 2054 δ’
715 2001 915 2073 ἀληθὲς
969 2002 1071 2055 οὐκ
1100 2002 1375 2073 ἐγνώσθη,
1424 2002 1572 2074 nam
1609 2006 1738 2075 περὶ
1770 2006 1862 2059 τὸν

275 2095 493 2165 ἐκείνης
524 2094 785 2167 βραχίονα
811 2095 907 2148 δύο
934 2095 1145 2165 νυγμαὶ
1171 2094 1438 2167 ὤφθησαν
1470 2096 1668 2151 λεπταί
1688 2115 1745 2151 τε
1769 2098 1864 2151 καὶ

273 2187 541 2258 ἀμυδραὶ,
572 2187 696 2240 οὐδὲ
722 2186 778 2240 δέ
798 2187 1095 2258 φαρμάκου
1127 2205 1177 2241 τι
1203 2191 1433 2257 σημεῖον
1454 2189 1586 2260 περὶ
1615 2190 1675 2243 τὸ
1700 2190 1863 2261 σῶμα

273 2279 493 2349 ἐκείνης
554 2278 873 2350 ἐξήνθησεν,
927 2278 1052 2332 οὔτε
1092 2280 1155 2333 τὸ
1185 2278 1374 2350 θηρίον
1436 2281 1659 2353 εὑρέθη,
1709 2284 1758 2336 εί
1786 2284 1860 2355 μή

273 2389 431 2437 τινας
470 2374 715 2444 συρμοὺς
737 2371 906 2427 αὐτοῦ
933 2373 1086 2444 παρά
1113 2373 1416 2440 θάλασσαν,
1499 2375 1559 2428 τὸ
1588 2376 1863 2446 δωμάτιον

276 2464 509 2536 ἀφεώρα
541 2470 637 2518 καὶ
672 2463 890 2535 θυρίδες
923 2460 1095 2536 ἦσαν,
1141 2465 1269 2519 ίδεῖν
1300 2467 1561 2534 ἔφασκον.
1595 2468 1862 2523 Εἴκασται

276 2556 337 2610 δὲ
360 2557 418 2623 ἐξ
439 2556 665 2616 ἀσπίδος
689 2556 859 2628 αὐτὴν
882 2557 1090 2621 θανεῖν,
1122 2558 1204 2611 ὅτι
1234 2558 1409 2613 πολλά
1443 2560 1635 2630 πρώην
1664 2561 1862 2631 συνῆγε

277 2646 562 2717 θανάσιμα
596 2648 896 2718 φάρμακα,
927 2648 1022 2701 καὶ
1056 2647 1232 2701 ταῦτα
1271 2651 1387 2711 τοῖς
1437 2650 1863 2721 κατεψηφισμέ-

274 2751 393 2800 νοις
423 2735 657 2790 θάνατον
686 2735 1027 2808 προῦϐαλλε·
1059 2739 1155 2790 καὶ
1189 2737 1258 2791 τὰ
1297 2738 1396 2808 μὲν
1427 2737 1694 2810 ὠκύμορα
1726 2757 1864 2794 κατε

279 2825 615 2897 ελάμϐανεν,
671 2827 930 2897 ὀδυνηρὸν
975 2827 1020 2881 δ’
1086 2829 1364 2896 ἐπάγοντα
1414 2829 1669 2895 θάνατον,
1717 2834 1786 2884 τὰ
1805 2830 1865 2884 δὲ

277 2921 565 2989 πραότερα
623 2918 745 2988 μὲν,
799 2919 889 2972 διὰ
936 2921 1128 2991 χρόνον
1180 2919 1237 2973 δέ
1272 2937 1337 2989 γε
1376 2922 1864 2994 κατεργαζόμενα·

282 3012 447 3082 μόνον
473 3012 517 3065 δ’
537 3010 760 3083 εὕρισκε
785 3012 843 3065 τὸ
867 3012 1053 3084 δῆγμα
1081 3013 1178 3083 τῆς
1204 3013 1429 3076 ἀσπίδος
1452 3014 1581 3068 ἄνευ
1608 3014 1865 3087 σπασμοῦ

278 3105 454 3175 κάρον
489 3104 710 3175 ὑπνώδη
737 3105 1105 3175 ἐφελκόμενον
1135 3105 1322 3177 ἱδρῶτι
1358 3106 1606 3178 μαλακῷ,
1632 3107 1729 3162 καὶ
1757 3107 1867 3161 τῶν

279 3194 660 3266 αἰσθητηρίων
687 3193 1018 3265 ἀμαυρώσει
1054 3195 1256 3266 ῥᾳδίως
1288 3196 1866 3268 ἀπονεκροῦν.Ἀκού-

280 3304 384 3351 σας
407 3249 461 3340 δέ
482 3249 768 3358 ὁηΚαῖσαρ,
787 3249 886 3359 τὴιν
921 3249 1179 3358 τελεῦτὴν
1209 3249 1402 3358 αὐτῆς,
1434 3249 1864 3359 ἐξεπλάγηῖνκαὶ
1894 3249 1939 3311 C

278 3381 562 3450 φάρμακα
585 3378 664 3448 τῷ
718 3377 933 3449 σώματι
970 3379 1066 3431 καὶ
1093 3378 1327 3449 ψύλλοὺς
1350 3381 1675 3451 ἐπήνεγκεν.
1708 3383 1772 3435 Ol
1806 3383 1863 3435 δὲ

277 3472 473 3541 ψύλλοι
513 3472 706 3544 ἀνδρες
741 3473 848 3526 εἰσὶ
880 3474 1055 3544 (γυνή
1091 3473 1201 3545 γὰρ
1231 3476 1331 3546 τὴν
1378 3473 1609 3545 δύναμιν
1656 3475 1865 3546 ταύτην

280 3566 517 3635 ἔχεινοὺ
548 3566 846 3636 πέφυκεν),
906 3567 1239 3620 δύνανταιδέ
1298 3565 1481 3621 πάντα
1535 3569 1614 3622 ίὸν
1662 3570 1865 3634 παντὸς

282 3656 545 3729 ἑρπετοῦ,
580 3659 710 3727 πρὶν
734 3659 917 3711 θανεῖν
941 3657 1032 3711 τὸν
1060 3657 1392 3729 δεδηγμένον
1427 3658 1460 3729 ἢ
1496 3651 1864 3731 τετρωμένον,

284 3750 562 3823 ἐκμυξᾷν,
587 3752 684 3804 καὶ
715 3750 873 3804 αὐτοί
906 3766 967 3803 τε
1003 3749 1078 3823 μὴ
1111 3750 1471 3822 βλάπτεσθαι,
1500 3754 1597 3805 καὶ
1649 3753 1741 3805 τὸν
1764 3769 1867 3805 πε-

284 3843 688 3915 φαρμαγμένον
735 3842 1088 3913 θεραπεύειν.
1123 3842 1354 3899 Φύονται
1382 3844 1442 3898 δέ
1490 3843 1551 3909 ἐξ
1593 3842 1864 3915 ἀλλήλων,

284 3935 387 3989 καὶ⁵
424 3933 776 4006 δοκιμάζουσι
810 3935 881 3988 τὰ
909 3934 1269 4007 γεννηθέντα,
1302 3935 1336 4008 ή
1372 3934 1513 4006 μετά
1549 3934 1728 4006 ὀφεων
1767 3940 1870 4007 ιμ-

159 4020 177 4031 ’
286 4027 582 4098 ϐληθέντα,
619 4027 654 4097 ἢ
683 4027 780 4081 καὶ
830 4026 941 4080 τῶν
968 4026 1306 4099 σπαργάνων
1334 4028 1515 4081 αὐτῶν
1543 4026 1868 4098 ἐπιϐληθέν-

284 4140 400 4177 των
437 4120 666 4181 ίοϐόλοις
694 4120 869 4174 τισίνο
901 4118 1025 4174 οὔτε
1059 4121 1169 4193 γὰρ
1206 4118 1284 4189 τῷ
1313 4119 1464 4173 παιδὶ
1487 4117 1865 4189 λυμαίνονται,

287 4214 387 4270 καὶ
438 4214 544 4268 ὑπὸ
588 4214 689 4284 τῆς
741 4213 968 4284 ἐσθῆτος
996 4212 1164 4267 αὐτοῦ
1226 4212 1522 4283 ναρκῶσιν.
1555 4211 1615 4265 '0
1648 4211 1747 4282 μὲν
1773 4207 1869 4265 οὖν

287 4309 512 4378 Καῖσαρ
543 4304 636 4361 ἐπὶ
662 4308 728 4377 τῇ
755 4304 857 4375 τῆς
891 4304 1150 4375 γυναικὸς
1177 4303 1408 4375 τελευτῇ
1472 4302 1739 4374 ἠχθέσθη,
1772 4303 1871 4357 καὶ

289 4400 395 4470 τὴν
425 4398 642 4468 ἐκείνης
665 4395 948 4465 εὐγένειαν
973 4392 1276 4464 ἐθαύμαζε,
1302 4394 1398 4446 καὶ
1422 4392 1762 4463 συνταφῆναι
1792 4391 1870 4460 τῷ

304 4489 582 4560 Ἀντωνίῳ
607 4487 869 4541 ἐκέλευσε
898 4485 1210 4559 πολυτελῶς
1233 4484 1329 4539 καὶ
1352 4484 1668 4556 βασιλικῶς.
1699 4484 1874 4539 Ἐντί-

1965 1999 2233 2053 conclave
2299 1998 2658 2067 aspectabat,
2716 2008 2773 2053 et
2827 1998 3087 2055 fenestrae
3143 2006 3341 2065 erant,
3406 2014 3543 2056 con-

1965 2092 2232 2161 spexisse.
2269 2091 2541 2148 Cancrum
2586 2094 2906 2163 conjectura
2957 2093 3082 2160 fuit,
3138 2111 3260 2153 eam
3333 2099 3545 2171 aspidis

1966 2199 2154 2239 morsu
2187 2185 2442 2255 periisse,
2467 2184 2615 2255 quod
2644 2185 2815 2240 multa
2840 2186 3066 2243 lethalia
3091 2205 3300 2246 venena
3325 2192 3543 2262 pridem

1966 2275 2310 2346 collegerat,
2365 2292 2543 2347 eaque
2591 2277 2866 2333 damnatis
2910 2279 3109 2350 capitis
3160 2285 3543 2354 proponebat,

1965 2380 2203 2436 quorum
2230 2367 2338 2423 alia
2374 2375 2609 2423 mortem
2640 2369 2879 2423 celerem
2908 2385 3033 2425 cum
3065 2386 3268 2443 magno
3292 2374 3543 2430 cruciatu

1967 2457 2271 2525 atl‘errent,
2328 2458 2437 2515 alia
2487 2460 2708 2516 mitiora
2746 2462 3069 2521 tardiorem.
3124 2463 3312 2520 Solum
3360 2476 3543 2522 autem

1966 2564 2212 2605 morsum
2243 2549 2450 2619 aspidis
2475 2549 2821 2619 observarat,
2849 2561 3141 2609 veternum
3172 2555 3543 2624 soporiferum

1968 2656 2094 2697 cum
2128 2641 2278 2697 molli
2311 2642 2515 2699 sudore
2543 2641 2685 2698 citra
2720 2644 3142 2701 convulsionem
3177 2647 3461 2712 inducere,
3486 2659 3544 2703 et

1968 2732 2228 2788 sensibus
2260 2732 2537 2788 hebetatis
2567 2733 2767 2789 leviter
2793 2734 3167 2804 exstinguere.
3202 2734 3385 2792 Caesar
3423 2739 3546 2809 ejus

1969 2822 2198 2878 interitu
2231 2823 2423 2878 audito
2456 2824 2763 2893 obstupuit,
2797 2834 2853 2881 et
2893 2825 3150 2881 cadaveri
3202 2828 3445 2884 remedia
3489 2839 3547 2885 et

1967 2912 2173 2982 psyllos
2204 2913 2476 2970 adhibuit.
2505 2914 2669 2986 Psylli
2698 2924 2881 2971 autem
2908 2916 3014 2971 viri
3038 2925 3171 2973 sunt
3197 2919 3369 2989 (nulla
3391 2922 3541 2975 enim

1969 3003 2170 3057 mulier
2200 3018 2268 3058 ea
2311 3003 2365 3058 vi
2409 3005 2639 3075 praedita
2690 3006 2796 3074 est)
2841 3007 2938 3076 qui
2985 3008 3223 3078 quodvis
3268 3026 3541 3066 venenum

1968 3096 2214 3165 cujusvis
2264 3097 2564 3167 serpentis,
2599 3098 2921 3169 priusquam
2971 3100 3018 3154 is
3063 3100 3157 3171 qui
3201 3116 3417 3157 morsus
3449 3113 3545 3158 aut
3656 3174 3657 3177 η

1974 3189 2293 3246 vulneratus
2325 3199 2431 3258 est,
2462 3190 2749 3256 moriatur,
2784 3193 3121 3264 exsugendo,
3165 3210 3267 3251 nec
3310 3197 3410 3266 ipsi
3444 3198 3541 3252 la:-

1971 3280 2202 3347 duntur,
2239 3290 2295 3337 et
2318 3283 2549 3339 venenis
2578 3283 2784 3340 infecto
2817 3286 3052 3341 salutem
3100 3286 3364 3343 afferunt.
3410 3290 3549 3344 Pro-

1970 3384 2241 3444 pagantur
2288 3375 2378 3431 alii
2422 3390 2489 3430 ex
2523 3376 2667 3441 aliis,
2711 3386 2770 3431 et
2814 3378 2980 3433 foetus
3013 3379 3321 3449 explorant,
3361 3382 3447 3436 vel
3490 3382 3544 3436 in

1971 3475 2261 3536 serpentes
2290 3468 2595 3539 conjectos,
2628 3470 2713 3525 vel
2748 3486 2943 3526 eorum
2971 3471 3155 3528 fasciis
3196 3474 3549 3544 serpentibus

1973 3559 2195 3628 injectis
2228 3578 2242 3615 :
2279 3562 2374 3631 qui
2404 3578 2509 3617 nec
2541 3578 2774 3633 puerum
2808 3564 3033 3628 lazdunt,
3079 3574 3135 3621 et
3184 3567 3430 3623 vestibus
3480 3568 3547 3624 il-

1971 3649 2081 3705 lius
2112 3652 2243 3709 tecti
2277 3662 2621 3724 torpescunt.
2653 3656 2840 3712 Cazsar
2864 3658 3033 3730 igitur
3062 3658 3366 3729 Cleopatrae
3388 3661 3549 3717 obitu

1972 3742 2169 3810 doluit,
2201 3761 2528 3817 generosam
2553 3749 2672 3820 ejus
2694 3750 2936 3806 indolem
2963 3752 3289 3821 admiratus,
3315 3768 3548 3826 eamque

1972 3836 2264 3907 magniﬁce
2290 3840 2660 3910 regaliterque
2685 3858 2810 3901 cum
2834 3842 3074 3899 Antonio
3103 3847 3327 3915 sepeliri
3358 3848 3547 3917 jussit.

1973 3930 2115 3987 Sunt
2135 3939 2193 3987 et
2217 3933 2431 3988 ancilla:
2453 3934 2610 4003 jussu
2638 3933 2787 3989 illius
2814 3934 3175 3992 honorificam
3204 3938 3547 4007 sepulturam

1972 4030 2259 4079 assecuta.
2305 4023 2458 4080 Obiit
2485 4022 2776 4095 Cieopatra
2816 4041 2992 4082 annos
3021 4028 3165 4084 unde
3213 4044 3281 4083 ιι.
3323 4040 3472 4099 nata,
3514 4045 3550 4087 ο

1973 4113 2178 4183 quibus
2203 4130 2244 4169 ιι
2270 4124 2323 4169 et
2351 4131 2420 4169 xx
2472 4116 2745 4187 regnavit,
2780 4118 3019 4188 amplius
3046 4135 3134 4174 xiv
3157 4135 3282 4175 cum
3306 4122 3551 4178 Antonio

1974 4205 2290 4277 imperavit.
2312 4210 2618 4265 Antonium
2644 4226 2777 4267 vero
2799 4211 2892 4267 alii
2918 4226 3003 4277 ιιι,
3026 4213 3119 4267 alii
3146 4229 3197 4267 vt
3214 4224 3272 4269 et
3292 4229 3325 4269 ι.
3346 4215 3551 4271 vixisse

1975 4313 2151 4354 annos
2181 4301 2425 4355 tradunt.
2457 4300 2613 4372 531
2647 4302 2779 4374 Ejus
2800 4318 2867 4359 ex
2895 4303 3084 4359 Fulvia
3127 4305 3301 4360 lilium
3351 4306 3551 4379 Antyl-

1975 4387 2113 4456 lum,
2138 4400 2196 4446 et
2233 4390 2540 4461 CleOpatraa
2590 4392 2762 4448 illium
2797 4392 3191 4459 Caesarionem,
3238 4393 3423 4450 Caesar
3467 4397 3555 4451 in-

1977 4481 2214 4538 terfecit.
2249 4481 2539 4555 Cleopatra
2570 4494 2739 4556 atque
2769 4486 3009 4541 Antonio
3042 4488 3109 4543 ad
3140 4488 3289 4543 hunc
3325 4489 3550 4543 modum

294 4594 399 4649 μου
445 4576 502 4630 δὲ
550 4575 645 4629 καὶ
694 4575 750 4629 αἱ
804 4575 1139 4645 θεράπαιναι
1188 4575 1368 4645 ταφῆς
1422 4573 1636 4645 ἔτυχον,
1661 4575 1870 4629 ἐκείνου

1978 4573 2232 4638 Sublatis,
2265 4575 2561 4632 Alexandri
2608 4580 2753 4648 regis
2781 4592 2983 4648 corpus
3025 4578 3162 4632 vidit
3204 4587 3259 4633 et
3289 4588 3553 4634 attrecta-

292 4670 726 4741 προστάξαντος.
749 4664 1112 4737 Ἐτελεύτησε
1161 4664 1218 4720 δέ
1254 4665 1584 4737 Κλεοπάτρα
1632 4667 1732 4738 μὲν
1754 4685 1877 4722 τεσ-

297 4760 747 4831 σαρακοντοῦτις,
778 4758 897 4822 ἐνὸς
926 4758 1163 4823 δέοντος,
1192 4756 1400 4811 τούτων
1450 4757 1548 4811 δύο
1575 4757 1673 4812 καὶ
1702 4759 1880 4815 εῐκοσι

298 4852 695 4926 βασιλεύσασα,
721 4850 893 4904 πλείω
921 4849 980 4904 δὲ
1008 4850 1118 4904 τῶν
1149 4849 1573 4922 δεκατεσσάρων
1606 4850 1881 4924 Ἀντωνίῳ

300 4945 635 5016 συνάρξασα.
696 4939 987 4998 Ἀντώνιον
1042 4941 1101 4994 δέ
1148 4941 1334 5011 οἱμὲν
1382 4940 1464 5009 ἐξ,
1515 4942 1565 4995 οἱ
1614 4942 1670 4995 δὲ
1699 4944 1881 5013 τρισὶν

300 5036 634 5106 ὑπερϐαλεῖν
656 5050 793 5105 φασι
827 5035 896 5088 τά
927 5036 1290 5104 πεντήκοντα.
1324 5033 1429 5086 Τδν
1458 5032 1514 5087 δὲ
1544 5032 1638 5087 τοῦ
1678 5032 1882 5087 Ἀντω-

297 5134 418 5189 νίου
448 5133 563 5186 υἱὸν
589 5130 850 5185 Ἀντυλον
873 5129 965 5183 τὸν
993 5132 1058 5182 ἐκ
1082 5129 1182 5198 τῆς
1207 5127 1497 5194 Φουλϐίας,
1528 5129 1624 5182 καὶ
1665 5129 1757 5183 τὸν
1780 5129 1884 5199 τῆς

304 5226 671 5296 Κλεοπάτρας
703 5225 794 5277 τὸν
817 5222 1172 5294 Καισαρίωνα
1213 5222 1242 5274 ὁ
1280 5222 1499 5293 Καῖσαρ
1538 5222 1881 5277 ἀπέκτεινεν.

301 5322 590 5384 Ἀντώνιος
618 5319 717 5390 μὲν
738 5313 831 5372 οὖν
854 5316 951 5370 καὶ
975 5316 1309 5387 Κλεοπάτρα
1340 5314 1517 5380 οὕτως
1540 5314 1880 5387 ἀπήλλαξαν.

304 5416 530 5485 Καῖσαρ
560 5413 619 5465 δέ
647 5411 739 5465 τὸν
764 5409 859 5463 τοῦ
890 5408 1243 5480 Ἀλεξάνδρου
1277 5408 1371 5462 τοῦ
1401 5406 1668 5479 βασιλέως
1692 5407 1885 5478 νεκρὸν

305 5507 418 5564 εἶδε
465 5507 559 5561 καὶ
604 5501 928 5576 προσήψατο
956 5501 1146 5554 αὑτοῦ.
1183 5499 1264 5553 Τά
1311 5499 1368 5553 δὲ
1397 5499 1505 5553 τῶν
1530 5499 1885 5570 Πτολεμαίων

309 5601 566 5672 σώματα,
614 5598 792 5651 καίτοι
845 5594 954 5648 τῶν
991 5591 1390 5663 Ἀλεξανδρέων
1457 5590 1632 5658 δεῖξαί
1693 5592 1743 5645 oi
1789 5591 1886 5647 καὶ

308 5697 487 5751 ταῦτα
516 5690 910 5763 βουληθέντων,
945 5688 1072 5741 ἰδεῖν
1093 5687 1194 5739 οὐκ
1226 5685 1516 5755 ἠθέλησεν,
1578 5687 1748 5739 είπων
1803 5686 1887 5738 ὅτι

308 5785 599 5851 Βασιλέα,
627 5780 763 5837 ἀλλ’
786 5781 859 5833 οὐ
888 5776 1145 5845 νεκροὺς
1167 5774 1316 5830 ἰδεῖν
1340 5774 1711 5844 ἐπεθύμησα.
1750 5775 1887 5829 Οὐδέ

308 5877 389 5949 τῷ
416 5876 600 5931 ’Ἄπιδι
628 5876 874 5946 ἐντυχεῖν
902 5870 1154 5943 ἐπείσθη,
1194 5869 1369 5941 λέγων
1415 5871 1498 5925 ὃτι
1526 5869 1717 5941 Θεοὺς,
1769 5870 1889 5927 ἀλλ’

1980 4665 2079 4718 vit.
2128 4665 2552 4721 Ptolemaeorum
2608 4668 2775 4721 etiam
2818 4668 3207 4723 Alexandrinis
3256 4670 3554 4724 ostendere

1978 4756 2312 4824 volentibus,
2343 4759 2617 4814 recusavit
2643 4776 2658 4813 :
2683 4756 2751 4813 Se
2777 4761 2920 4815 enim
2972 4776 3147 4832 regem
3198 4760 3373 4815 videre
3410 4761 3557 4829 cupi-

1980 4848 2137 4913 visse,
2166 4865 2273 4903 non
2322 4850 2601 4905 cadavera.
2636 4850 2826 4921 Neque
2869 4852 3102 4922 Apidem
3134 4851 3286 4907 adire
3337 4853 3552 4907 voluit:

1981 4939 2128 5008 quod
2163 4940 2318 5008 deos,
2362 4957 2474 4996 non
2516 4942 2686 4999 boves
2722 4944 2956 5000 adorare
2981 4944 3553 5016 consuevissctJigy-

1979 5040 2137 5102 ptum
2174 5034 2520 5090 tributariam
2542 5033 2689 5101 fecit,
2720 5044 2778 5092 et
2801 5036 3090 5106 pecuniam
3118 5052 3358 5100 omnem,
3392 5051 3546 5105 quant

1982 5124 2060 5179 ibi
2110 5125 2405 5181 maximam
2460 5129 2689 5199 reperit,
2741 5143 2930 5183 secum
2992 5129 3195 5183 avexit.
3256 5127 3443 5182 Rebus
3499 5127 3555 5181 in

1980 5213 2213 5288 Egypto
2260 5233 2361 5273 suo
2410 5218 2681 5274 arbitratu
2743 5219 3032 5286 ordinatis,
3084 5234 3186 5287 per
3239 5218 3450 5289 Syriam
3499 5218 3556 5271 in

1982 5308 2167 5364 Asiam
2218 5308 2376 5375 abiit,
2423 5310 2608 5381 ibique
2655 5310 2994 5366 hibernavit.
3040 5309 3275 5365 Romani
3322 5323 3453 5364 vero
3499 5317 3558 5365 et

1989 5409 2125 5467 tum,
2157 5410 2215 5456 et
2256 5403 2414 5473 prius
2457 5405 2647 5468 etiam,
2687 5402 2966 5459 Actiacam
3011 5402 3298 5458 victoriam
3354 5400 3559 5471 adepto

1985 5493 2255 5562 plurimos
2308 5493 2547 5550 honores
2584 5494 2970 5549 decreverunt.
3032 5493 3147 5549 Sub
3204 5501 3446 5547 aestatem
3499 5493 3558 5548 in

1984 5581 2249 5639 Graeciam
2279 5594 2336 5639 et
2364 5585 2574 5639 Italiam
2612 5585 2846 5657 trajecit.
2894 5584 2973 5639 Eo
3012 5584 3240 5638 Romam
3283 5582 3556 5653 ingresso,

1985 5677 2225 5745 populus
2259 5677 2622 5741 sacriﬁcavit,
2655 5686 2711 5730 et
2739 5676 2932 5731 consul
2960 5676 3158 5731 bovem
3200 5673 3507 5729 immolavit
3537 5691 3554 5730 :

1986 5767 2137 5838 quod
2180 5766 2316 5821 nulli
2365 5768 2515 5837 prius
2562 5768 2860 5823 acciderat.
2902 5766 3268 5837 Triumphum
3318 5781 3416 5836 per
3460 5767 3561 5820 tri-

1988 5861 2160 5919 duum
2200 5861 2332 5934 egit,
2379 5877 2593 5934 pompa:
2626 5877 2819 5920 omnes
2850 5864 3093 5919 illustres
3128 5861 3354 5919 fuerunt
3384 5878 3397 5917 :
3434 5868 3560 5915 tan-
