4048 6400
513 403 622 469 899
1766 392 2088 457 JOANNIS
2121 389 2441 455 ZONARA!
3661 392 3786 452 ους)

516 530 748 590 tumque
780 516 1165 573 manubiarum
1190 513 1391 581 adfuit,
1419 518 1479 568 ut
1501 512 1570 568 iis
1593 510 1852 567 omnibus
1876 508 2095 565 sullice-

2216 510 2319 580 ιὺχὶ
2352 509 2479 581 βοῦς
2534 512 2864 581 προσκυνεῖν
2922 510 3192 582 ετθισμαι.
3234 508 3347 580 Τὴν
3403 506 3449 562 δ’
3502 508 3794 578 Αἴγυπτον

512 620 658 667 rent.
691 610 790 665 Est
835 618 893 665 et
933 606 1236 677 Cleopatra:
1284 616 1465 661 statua
1511 605 1568 659 in
1623 603 1769 659 lecto
1813 604 2087 667 traducta,

2221 602 2425 673 ποτελῆ
2461 604 2713 675 εποίησε,
2763 604 3027 676 χρήματα
3072 621 3133 658 τε
3165 603 3469 673 πάμπολλα
3527 597 3656 674 εὗρε
3683 605 3795 658 καὶ

509 702 635 773 ejus
663 699 893 756 brachio
911 699 1102 769 aspide
1127 698 1454 751 inhaerente.
1478 695 1628 749 lnter
1657 694 1794 747 alios
1820 692 2090 761 captivos,

2216 696 2364 748 ςᾶντα
2385 696 2666 766 ἀφείλετο.
2706 697 2819 751 Καὶ
2859 696 2931 751 τὰ
2962 699 3081 752 ἐκεῖ
3112 697 3189 762 ὡς
3209 696 3379 785 ,αὐτῷ
3440 696 3619 750 ὲδοκει
3649 696 3795 750 διοι-

513 795 636 863 ejus
694 806 915 863 quoque
975 790 1138 847 liberi
1170 806 1183 845 :
1214 789 1542 852 Alexander,
1599 786 1695 857 qui
1750 794 1807 840 et
1859 784 1950 841 Sol
1986 800 1999 837 :
2035 791 2093 838 et

2216 786 2531 857 ιησέψενος,
2566 788 2646 852 είς
2684 788 2784 861 τὴν
2827 789 3016 844 Ἀσίαν
3051 788 3141 843 διὰ
3171 784 3269 861 τῆς
3320 788 3522 858 Συρίας
3544 787 3795 857 ἀπῆλθε,

514 882 827 954 Cleopatra,
878 899 1001 954 qua:
1047 892 1104 937 et
1130 881 1283 935 Luna
1333 880 1644 942 dicebatur,
1705 878 1758 932 in
1810 876 2092 945 triumpho

2216 878 2286 931 ιαὶ
2307 881 2430 931 ὲκεί
2458 879 2889 951 παρεχείμασεν.
2921 882 2985 934 Oi
3011 880 3069 935 δὲ
3110 882 3377 952 Ῥωμαῖοι
3412 881 3510 934 καὶ
3538 877 3664 932 τότε
3686 881 3792 932 καὶ

518 968 672 1025 ducti
697 979 848 1024 sunt.
883 969 1014 1026 Post
1048 971 1236 1023 omnia
1268 968 1450 1024 Caesar
1473 966 1748 1034 invectus,
1780 965 2093 1036 spectacula

2216 969 2481 1039 πρότερον,
2540 970 2631 1023 ὅτε
2685 973 2784 1041 τὴν
2833 971 3148 1041 ναυμαχίαν
3202 970 3448 1039 ἐνίκησε,
3508 966 3684 1022 πολλὰ
3727 968 3796 1028 ὲς

517 1074 619 1129 per
649 1063 847 1115 multos
872 1061 991 1116 dies
1020 1062 1214 1115 edidit.

2216 1061 2365 1131 τιμὴν
2398 1060 2547 1131 αὐτῷ
2581 1061 2943 1133 ἐψηφίσαντο.
3000 1063 3159 1117 Κατὰ
3198 1062 3257 1116 δὲ
3288 1062 3381 1116 τὸν
3433 1058 3531 1113 τοῦ
3590 1058 3800 1129 θέρους

516 1155 709 1225 καιρὸν
744 1156 801 1218 ὲς
830 1154 930 1225 τὴν
974 1150 1325 1207 Ἐλλάδαλκαὶ
1351 1152 1407 1215 ἐς
1436 1150 1534 1222 τὴν
1558 1149 1789 1204 Ἰταλίαν
1823 1148 2162 1221 ἐπεραιώθη.
2235 1154 2347 1206 Καὶ
2376 1152 2543 1207 αὐτοῦ
2616 1132 2698 1219 είς
2725 1154 2824 1225 τὴν
2886 1154 3045 1209 πόλιν
3094 1155 3433 1217 εἰσελθόντος
3481 1153 3690 1208 ἔθυσαν
3741 1132 3798 1204 οΞ

528 1247 816 1315 Ῥωμαῖοι,
850 1249 944 1300 καὶ
972 1248 1001 1299 6
1039 1246 1245 1307 ὕπατος
1268 1242 1653 1313 ἐϐουθύτησεν,
1676 1241 1705 1295 6
1730 1244 1899 1313 μήπω
1966 1244 2235 1313 πρότερον
2296 1244 2385 1298 ἐπ’
2444 1245 2590 1316 ἄλλῳ
2642 1246 2881 1315 ἐγένετο.
2926 1246 3205 1317 Ἐώρτασε
3233 1247 3289 1300 δὲ
3320 1247 3416 1300 καὶ
3464 1246 3558 1299 ἐπὶ
3606 1244 3802 1316 τρισὶν

517 1341 755 1410 ἡμέραις
803 1340 872 1393 τὰ
923 1339 1239 1408 νικητήρια,
1280 1336 1375 1391 καὶ
1409 1337 1697 1404 ἐπιφανεῖς
1757 1335 1816 1387 αἱ
1875 1335 2099 1405 πομπαὶ
2139 1337 2313 1390 πᾶσαι
2374 1337 2660 1406 γεγόνασι.
2698 1337 2953 1392 Τοσαῦτα
2978 1338 3088 1409 γὰρ
3144 1329 3525 1409 ςἡθροίσθησαν
3571 1335 3804 1403 λάφυρα

518 1431 662 1485 ὥστε
696 1432 894 1493 πάσαις
924 1434 1255 1502 ἐπαρκέσαι.
1289 1426 1678 1500 Παρεκομίσθη
1714 1426 1774 1481 δὲ
1835 1428 1932 1481 καὶ
1999 1427 2169 1498 στήλη
2205 1430 2304 1499 τῆς
2357 1430 2719 1501 Κλεοπάτρας
2777 1432 2872 1484 ἐπὶ
2906 1430 3120 1501 κ’λίνης,
3154 1432 3360 1485 ἀσπίδα
3398 1429 3802 1501 ἐμπεφυκυῖαν

518 1526 718 1593 ἔχουσα
740 1524 817 1593 τῷ
850 1524 1119 1595 βραχίονι.
1170 1524 1277 1576 Καὶ
1308 1522 1447 1592 μετά
1470 1520 1580 1574 τῶν
1609 1520 1784 1573 ἄλλων
1814 1519 2182 1590 αἰχμαλώτων
2237 1522 2334 1576 καὶ
2387 1524 2439 1577 oi
2497 1524 2716 1595 ἐκείνης
2739 1524 2953 1589 παῖδες,
2979 1524 3007 1577 ὃ
3031 1541 3087 1577 τε
3117 1523 3473 1595 Ἀλέξανδρος
3493 1523 3522 1573 6
3575 1521 3801 1582 Ἥλιο)

518 1622 616 1675 καὶ
652 1620 979 1688 Κλεοπάτρα
1011 1621 1045 1688 ἡ
1076 1619 1171 1670 καὶ
1199 1616 1425 1687 Σελήνη.
1486 1612 1605 1683 Ἐφ’
1642 1613 1816 1668 ἅπασι
1831 1614 1875 1667 δ’
1903 1616 1932 1667 6
1961 1615 2178 1684 Καῖσαρ
2249 1615 2493 1687 ἐπήλασε
2517 1657 2532 1683 ,
2601 1618 2694 1671 καὶ
2744 1615 2971 1689 θεωρίαι
3002 1618 3097 1671 ἐπὶ
3142 1616 3339 1680 πολλὰς
3398 1616 3614 1689 ἡμέρας
3675 1613 3803 1685 ἐγε-

519 1730 811 1863 νοέἶζίχιι.
864 1801 979 1857 Sub
1011 1801 1129 1859 haec
1159 1810 1410 1871 tempora
1443 1799 1513 1855 Μ.
1545 1797 1781 1856 Crassus
1828 1798 1883 1853 in
1917 1797 2097 1852 Mace-

2278 1795 2401 1852 AB'.
2432 1797 2543 1851 Καὶ
2574 1798 2602 1850 6
2630 1796 2887 1868 Κράσσος
2915 1798 2942 1850 6
2974 1797 3204 1868 Μάρκος
3232 1797 3375 1852 κατά
3406 1797 3634 1863 τούτους
3660 1800 3803 1853 τοὶς

519 1900 766 1962 doniam,
823 1895 1111 1949 Thraciam
1155 1903 1213 1948 et
1262 1893 1529 1949 Graeciam
1591 1891 1815 1956 missus,
1865 1897 1924 1944 et
1970 1903 2096 1943 cum

2216 1890 2430 1961 (ρόνους
2475 1890 2557 1953 είς
2610 1887 2711 1960 τὴν
2757 1889 3125 1957 Μακεδονίαν,
3167 1890 3261 1943 καὶ
3292 1891 3372 1951 ei;
3406 1889 3507 1961 τὴν
3539 1889 3798 1962 Θρᾴκην,

523 1990 715 2047 multis
750 1987 1011 2058 gentibus
1044 1985 1185 2040 bella
1221 2000 1442 2056 gerens,
1491 1983 1630 2039 alias
1660 1983 1812 2047 vicit,
1857 1982 1996 2037 alias
2044 1981 2103 2035 in

523 2082 808 2139 deditione
833 2079 1071 2149 accepit.
1112 2078 1204 2134 Ere
1254 2086 1449 2148 gentes
1489 2078 1622 2133 olim
1674 2076 1812 2148 Mysi
1855 2084 1912 2131 et
1954 2075 2104 2131 Geta:

524 2173 891 2235 vocabantur,
925 2184 1145 2224 omnem
1191 2183 1317 2223 eum
1354 2176 1590 2223 tractum
1640 2167 1738 2237 qui
1783 2166 1929 2221 intra
1981 2165 2105 2219 llae-

526 2280 678 2319 mum
708 2274 764 2318 et
797 2262 1000 2317 lstrum
1035 2268 1140 2326 est,
1180 2260 1505 2315 incolentes.
1559 2260 1863 2330 Progressa
1896 2269 2107 2332 tempo—

530 2359 608 2413 ris
652 2366 860 2421 autem,
913 2352 1162 2424 quaedam
1208 2367 1396 2407 earum
1447 2352 1571 2407 aliis
1615 2352 1936 2408 nominibus
1978 2361 2108 2408 sunt

527 2449 835 2519 appellatae.
874 2445 1081 2500 Deinde
1111 2445 1298 2499 omnia
1328 2460 1394 2500 ea
1425 2459 1549 2514 quae
1596 2443 1773 2499 Savus
1805 2442 2009 2500 ﬂuvius
2050 2445 2107 2499 in

528 2541 728 2596 istrum
761 2536 1016 2603 inﬂuens,
1050 2551 1214 2606 supra
1242 2535 1591 2601 Dalmatiam,
1634 2535 2010 2590 Macedoniam
2053 2545 2108 2591 et

526 2632 819 2688 Thraciam
849 2645 878 2685 a
912 2630 1196 2685 Pannonia
1233 2628 1607 2693 disterminat,
1646 2627 1829 2699 Mysiae
1859 2628 2108 2699 appella-

536 2725 749 2797 tionem
786 2722 1101 2779 subierunt.
1148 2720 1298 2776 Inter
1326 2735 1442 2783 eos,
1488 2727 1687 2789 praeter
1716 2720 1854 2775 alias
1903 2720 2109 2776 multas

529 2826 721 2889 gentes
750 2823 883 2870 sunt
926 2812 1152 2868 Triballi
1192 2819 1249 2867 et
1284 2811 1568 2866 Dardanii.
1614 2808 1741 2866 Haec
1784 2811 1952 2882 igitur
1997 2811 2110 2866 llo-

532 2909 677 2963 mani
708 2907 811 2962 sub
842 2905 1066 2977 regibus
1097 2919 1163 2959 ac
1195 2903 1250 2958 in
1282 2903 1463 2958 libera
1507 2902 1819 2974 republica,
1860 2910 1918 2958 et
1947 2918 1979 2958 a
2010 2917 2111 2972 po-

533 2998 779 3055 tentibus
809 3011 1097 3068 oppressa,
1141 2993 1302 3049 annis
1333 3009 1439 3048 xxv
1466 3003 1524 3049 et
1568 3009 1665 3049 nec
1695 3003 1751 3049 et
1790 3002 2106 3064 gesserunt,

531 3099 589 3147 et
631 3090 999 3162 pertulerunt.
1048 3088 1320 3157 Deinceps
1372 3085 1519 3141 haud
1574 3086 1745 3141 dubie
1795 3086 1900 3142 sub
1941 3089 2109 3142 unius

535 3190 864 3253 potestatem
892 3178 1234 3235 reciderunt.
1268 3177 1404 3233 Nam
1444 3192 1570 3233 eum
1606 3176 1791 3232 Caesar
1820 3177 1877 3232 in
1922 3176 2108 3232 animo

535 3273 784 3334 haberet,
820 3273 990 3328 armis
1029 3270 1248 3342 positis,
1299 3269 1592 3342 imperium
1625 3270 1843 3326 senatui
1879 3270 2112 3343 populo-

535 3379 642 3434 que
683 3365 1002 3429 restituere,
1040 3363 1208 3433 idque
1262 3363 1554 3417 consilium
1593 3362 1851 3434 Agrippae
1900 3374 1955 3421 et
1987 3363 2116 3419 Maz-

533 3460 741 3521 cenati,
775 3455 937 3527 532
990 3455 1197 3525 quibus
1247 3469 1451 3509 arcana
1500 3470 1598 3510 sua
1652 3456 1938 3521 credebat,
1984 3471 2116 3528 ape-

537 3548 741 3603 ruisset
772 3565 787 3601 :
818 3547 1060 3618 Agrippa
1111 3546 1452 3615 deponenda:
1499 3548 1793 3617 potestatis
1823 3557 2017 3603 auctor
2060 3548 2113 3603 ei

534 3639 665 3703 fuit,
695 3639 962 3694 Maecenas
995 3639 1333 3695 contrarium
1356 3639 1582 3695 omnino
1604 3640 1799 3697 suasit.
1825 3639 1961 3695 Nam
1986 3656 2115 3696 cum

536 3730 703 3801 longo
727 3731 841 3802 jam
874 3738 1122 3800 tempore
1152 3745 1337 3785 rerum
1364 3729 1577 3802 potitus
1599 3739 1770 3797 esset,
1807 3740 1902 3786 aut
1928 3735 2115 3801 {pote-

533 3832 738 3878 statem
768 3824 819 3878 ei
872 3822 1237 3886 retinendam,
1299 3831 1397 3879 aut
1442 3839 1508 3879 ea
1540 3826 1718 3895 posita
1769 3823 2115 3894 pereundum

537 3931 664 3971 esse
700 3916 1007 3971 afﬁrmabat
1040 3934 1054 3970 :
1087 3915 1238 3986 quod
1267 3917 1362 3987 qui
1395 3916 1568 3972 semel
1596 3916 1942 3987 imperat-int,
1994 3924 2115 3972 tuto

535 4009 705 4063 vitam
742 4009 1010 4078 privatam
1043 4023 1205 4079 agere
1231 4008 1386 4064 nullo
1412 4008 1578 4065 modo
1611 4017 1860 4079 possent.
1893 4007 2115 4079 Longa.—

528 4117 649 4172 que
700 4103 955 4157 oratione
1005 4102 1244 4168 monuit,
1298 4102 1505 4173 quibus
1534 4102 1848 4158 rationibus
1892 4110 2013 4158 tuto
2057 4108 2116 4158 et

525 4194 705 4263 juste,
739 4203 905 4263 atque
931 4195 1110 4249 etiam.
1146 4195 1287 4249 citra
1319 4194 1527 4250 civium
1575 4194 1889 4250 molestiam
1940 4194 2117 4264 impe-

539 4298 665 4337 rare
699 4294 906 4354 posset,
937 4285 1041 4340 bac
1069 4285 1256 4341 addita
1298 4286 1544 4342 clausula
1598 4308 1612 4344 :
1656 4285 1718 4342 Si
1741 4302 1826 4351 ea,
1862 4300 1980 4357 qua!
2006 4286 2117 4341 alio

532 4377 834 4446 imperante
866 4378 957 4430 tibi
1001 4375 1120 4445 ﬁeri
1147 4374 1329 4438 uelles.
1373 4378 1487 4447 ipse
1534 4375 1677 4431 ultro
1737 4378 1923 4447 feceris
1969 4376 2116 4442 aliis,

530 4481 709 4533 neque
732 4465 966 4533 peccabis
991 4467 1305 4537 quidquam,
1351 4476 1398 4520 et
1445 4468 1626 4520 omnia
1670 4466 1895 4537 feliciter
1942 4466 2116 4521 admi-

2205 1982 2301 2035 καὶ
2333 1983 2412 2044 είς
2435 1980 2533 2050 τὴν
2579 1979 2804 2035 Ἑλλάδα
2849 1982 3143 2051 πεμφθεὶς,
3179 1980 3404 2044 πολλοῖς
3444 1980 3799 2054 ἐπολέμησεν

2204 2071 2403 2138 ἔθνεσι,
2434 2075 2526 2126 καὶ
2556 2072 2624 2126 τὰ
2663 2074 2761 2144 μὲν
2793 2072 3038 2143 ἐνίκησε,
3083 2073 3151 2126 τὰ
3188 2072 3246 2126 δὲ
3272 2073 3685 2143 προσηγάγετο.
3720 2074 3805 2128 Τὰ

2203 2160 2249 2214 δ’
2286 2161 2414 2232 ἔθνη
2453 2160 2629 2214 ταῦτα
2682 2161 2853 2214 πάλαι
2905 2162 3005 2231 μὲν
3038 2163 3218 2216 Μυσοί
3244 2178 3304 2215 τε
3332 2164 3428 2216 καὶ
3458 2163 3621 2217 Γέται
3661 2166 3795 2218 ἐκέ-

2206 2251 2439 2323 κληντο·
2476 2254 2662 2307 πᾶσαν
2698 2254 2809 2324 γὰρ
2859 2253 3065 2324 μεταξὺ
3093 2253 3190 2308 τοῦ
3242 2272 3303 2309 τε
3344 2255 3522 2326 Αἵμου
3557 2258 3654 2310 καὶ
3696 2256 3797 2311 τοῦ

2211 2345 2428 2416 Ἴστρου
2474 2342 2640 2399 οὖσαν
2672 2346 2966 2417 νεμόμενοι
2988 2362 3000 2375 ·
3042 2347 3328 2419 προϊόντος
3370 2348 3427 2402 δὲ
3459 2347 3557 2401 τοῦ
3591 2349 3797 2419 χρόνου

2209 2439 2356 2503 τινὲς
2387 2439 2568 2493 αὐτῶν
2600 2442 2693 2493 καὶ
2719 2441 2903 2505 ἄλλοις
2935 2442 3204 2510 ὀνόμασιν
3233 2441 3647 2513 ἐπεκλήθησαν.
3684 2444 3806 2497 Καὶ

2215 2534 2355 2604 μετά
2408 2534 2585 2587 ταῦτα
2632 2532 2793 2587 πάνθ’
2833 2533 2935 2588 ὅσα
2968 2534 2997 2587 6
3031 2534 3277 2604 ποταμὸς
3313 2536 3342 2588 6
3371 2535 3544 2600 Σαῢος
3582 2539 3665 2599 είς
3706 2536 3806 2589 τὸν

2213 2626 2428 2696 Ἴστρον
2482 2625 2771 2695 ἐμϐάλλων
2826 2626 2970 2697 ὑπὲρ
3019 2627 3119 2697 τῆς
3174 2627 3491 2696 Δαλματίας
3544 2628 3642 2680 καὶ
3694 2629 3803 2699 τῆς

2208 2714 2545 2779 Μακεδονίας
2608 2714 2710 2786 τῆς
2761 2732 2822 2769 τε
2876 2715 3103 2788 Θρᾴκης
3163 2716 3274 2773 ἀπὸ
3332 2719 3434 2789 τῆς
3492 2718 3802 2781 Παννονίας

2208 2805 2482 2878 ἀφορίζει,
2512 2808 2592 2870 είς
2633 2807 2696 2860 τὸ
2724 2806 2824 2878 τῆς
2860 2808 3080 2872 Μυσίας
3128 2808 3563 2882 προκεχώρηκεν
3594 2808 3801 2879 ὄνομα,

2212 2901 2306 2953 καὶ
2337 2900 2395 2953 ἐν
2422 2900 2607 2962 αὐτοῖς
2632 2899 2768 2954 ἄλλα
2807 2917 2867 2953 τε
2902 2900 3074 2955 πολλὰ
3102 2902 3244 2955 είσιν
3280 2901 3409 2973 ἔθνη
3452 2901 3549 2955 καὶ
3579 2903 3630 2955 ot
3665 2902 3805 2973 Τρι-

2211 2989 2400 3045 ϐαλλοὶ
2429 2992 2988 3063 προσαγορευθέντες,
3014 2992 3069 3046 οῖ
3102 3010 3161 3046 τε
3212 2992 3550 3062 κεκλημένοι
3584 2993 3801 3063 Δαρδά-

2212 3098 2337 3136 νιοι.
2400 3082 2589 3137 Ταῦτα
2640 3083 2741 3152 μὲν
2798 3082 2892 3138 οὖν
2941 3083 3000 3139 ἐν
3044 3101 3103 3139 τε
3151 3087 3217 3156 τῇ
3270 3084 3526 3157 βασιλείᾳ
3580 3087 3682 3139 καὶ
3729 3088 3799 3158 τῇ

2213 3174 2557 3246 δημοκρατίᾳ
2579 3176 2677 3229 καὶ
2696 3178 2814 3240 ταῖς
2845 3177 3186 3242 δυναστείαις
3205 3178 3366 3231 πέντε
3392 3179 3486 3232 καὶ
3499 3177 3675 3232 εἴκοσι
3706 3179 3805 3233 καὶ

2217 3266 2584 3332 ἑπτακοσίοις
2631 3267 2815 3323 ἐτεσιν
2846 3268 3093 3341 ἔπραξάν
3135 3287 3195 3324 τε
3234 3271 3504 3342 Ῥωμαῖοι
3534 3272 3632 3325 καὶ
3669 3271 3808 3326 ἐπα-

2216 3360 2330 3415 θον.
2370 3360 2466 3414 Ἐκ
2523 3361 2580 3415 δὲ
2634 3362 2832 3416 τούτου
2901 3363 3294 3434 μοναρχεῖσθαι
3341 3363 3499 3429 αὖθις
3551 3365 3809 3437 ἀκριϐῶς

2216 3451 2474 3523 ἤρξαντο,
2520 3453 2702 3507 καίτοι
2736 3451 2830 3507 τοῦ
2879 3452 3165 3526 Καίσαρος
3225 3454 3293 3509 τά
3339 3472 3400 3508 τε
3437 3454 3580 3509 ὅπλα
3625 3471 3809 3511 κατα-

2217 3543 2405 3598 θέσθαι
2431 3542 2844 3615 βουλευομένου,
2867 3545 2962 3598 καὶ
2989 3547 3056 3616 τῇ
3084 3546 3350 3618 γερουσίᾳ
3387 3545 3483 3600 καὶ
3512 3544 3594 3618 τῷ
3634 3546 3806 3618 δήμῳ

2217 3634 2512 3706 ἐπιτρέψαι
2557 3634 2628 3690 τὰ
2681 3637 3006 3708 πράγματα.
3043 3635 3153 3710 Τὴν
3205 3638 3391 3709 μέντοι
3433 3638 3664 3711 γνώμην
3722 3639 3807 3710 τῷ

2228 3726 2512 3800 Ἀγρίππᾳ
2540 3727 2637 3781 καὶ
2664 3729 2742 3799 τῷ
2765 3712 3051 3801 Μαικήνᾳ,
3069 3714 3162 3793 οἷς
3196 3729 3489 3785 ἐπίστευσε
3519 3730 3592 3785 τὰ
3622 3731 3811 3804 c1366-

2218 3823 2379 3892 ρητα,
2414 3812 2843 3893 κοινωσάμενος,
2885 3823 2985 3894 τὴν
3036 3825 3138 3895 μὲν
3199 3825 3512 3896 Ἀγρίππου
3564 3825 3809 3896 γνώμην

2217 3910 2638 3982 ἀποτρέπουσαν
2666 3904 2832 3965 αὑτὸν
2879 3911 2982 3981 τῆς
3024 3912 3326 3983 μοναρχίας
3356 3911 3595 3984 εὕρηκεν
3619 3927 3636 3943 ο
3677 3914 3705 3966 6
3745 3912 3812 3966 δὲ

2219 4004 2516 4073 Μαικήνας
2591 4003 2904 4059 τούναντίον
2962 4004 3354 4059 συνεϐούλευεν
3407 4003 3580 4069 ἅπαν,
3630 4002 3815 4058 είπιῖιν

2217 4098 2319 4169 ήδη
2354 4098 2455 4169 τὴν
2488 4096 2793 4169 μοναρχίαν
2832 4098 2925 4151 ἐπὶ
2959 4097 3096 4151 πολὺ
3138 4096 3418 4169 διοικῆσαι
3464 4097 3656 4163 αὐτὸν,
3705 4098 3813 4152 καὶ

2217 4191 2523 4261 ἀναγκαῖον
2568 4186 2709 4245 εἶναι
2761 4189 2912 4245 δυεῖν
2958 4189 3209 4260 θάτερον,
3249 4191 3282 4263 ἢ
3332 4190 3515 4261 μεῖναι
3553 4191 3649 4244 ἐπὶ
3690 4190 3809 4244 τῶν

2219 4280 2486 4354 αὐτῶν,ἢ
2540 4280 2847 4336 ἀπολέσθαι
2901 4280 3076 4336 ταῦτα
3133 4282 3462 4353 προέμενον.
3514 4282 3642 4345 Τοῖς
3691 4284 3809 4355 γὰρ

2221 4373 2372 4439 ἅπαξ
2449 4375 2863 4445 μοναρχήσασιν
2935 4372 3198 4445 ἀσφαλῶς
3273 4373 3583 4429 ἰδιωτεῦσαι
3658 4369 3867 4429 εἶναι’

2219 4466 2503 4522 ἀδύνατον.
2551 4466 2819 4521 ’Υπέθετο
2876 4467 2934 4522 δὲ
2970 4467 3065 4522 καὶ
3095 4468 3245 4532 ὅπως
3296 4468 3557 4538 ἀσφαλῶς
3597 4468 3696 4523 καὶ
3723 4469 3813 4523 δι-

534 4556 814 4620 .nistrabis,
852 4566 902 4611 et
937 4560 1255 4612 suavissime
1305 4557 1553 4626 nulloque
1579 4574 1699 4611 cum
1736 4556 1969 4628 periculo
1997 4570 2111 4614 teta-

2224 4557 2399 4620 καίως
2439 4556 2604 4629 ἄρξῃ,
2635 4556 2770 4628 πρὸς
2800 4556 2860 4611 δὲ
2908 4558 3003 4612 καὶ
3048 4558 3399 4630 ἀνεπαχθῶς,
3430 4559 3600 4613 πολὺν
3632 4575 3813 4613 κατα-

530 4654 647 4703 iam
688 4648 861 4718 deges.
912 4646 1009 4703 llis
1039 4648 1287 4704 consiliis
1326 4649 1557 4713 auditis,
1606 4659 1842 4719 utroque
1879 4650 2115 4720 probato

532 4747 598 4791 et
626 4738 959 4805 collaudato,
1000 4741 1317 4797 Maecenatis
1356 4743 1689 4797 sententiam
1715 4752 1803 4799 est
1848 4754 2113 4802 secutus:

537 4836 598 4881 ct
625 4830 944 4887 monarcbia
986 4847 1097 4887 non
1132 4833 1406 4903 deposita,
1457 4843 1887 4905 cognomentum
1936 4838 2115 4909 inspe-

536 4918 744 4974 ratoris
769 4919 875 4975 sibi
914 4922 1134 4989 ascivit,
1181 4938 1292 4978 non
1336 4925 1469 4981 illud
1514 4926 1664 4996 quod
1707 4926 2017 4998 antiquitus
2044 4929 2115 4985 ob

539 5009 832 5065 victoriam
858 5010 1029 5066 tribui
1054 5012 1286 5079 solebat,
1323 5014 1420 5070 sed
1451 5014 1505 5070 id
1533 5030 1647 5086 quo
1681 5017 1830 5089 regia
1868 5026 2117 5089 potestas

534 5102 985 5172 signiﬁcabatur.
1022 5106 1182 5162 Anno
1224 5109 1475 5178 sequenti
1532 5120 1746 5166 sextum
1795 5112 1986 5167 consul
2031 5112 2115 5166 fa-

535 5204 687 5260 ctus,
712 5195 953 5269 Agrippa
981 5198 1210 5268 collega,
1247 5215 1412 5270 quem
1444 5201 1645 5272 insigni
1677 5201 1891 5259 honore
1927 5218 2113 5274 prose-

538 5287 836 5358 quebatur,
867 5288 1140 5359 desponsa
1166 5293 1330 5346 etiam
1363 5307 1556 5348 sorore
1585 5292 1832 5358 Octavia,
1860 5304 1917 5350 et
1958 5297 2114 5365 prin-

536 5394 672 5449 ceps
726 5390 953 5437 senatus
1003 5384 1428 5452 cognominatus
1474 5395 1581 5452 est,
1629 5394 1691 5440 ut
1728 5387 1786 5441 in
1825 5387 2115 5443 liberrima

538 5471 766 5527 civitate
811 5487 1098 5544 receptum
1148 5475 1349 5532 fuerat.
1395 5476 1457 5532 In
1515 5478 1783 5534 honorem
1825 5480 2014 5535 Roma:
2059 5487 2117 5534 et

538 5562 740 5618 civium
785 5574 900 5619 tum
945 5567 1053 5621 alia
1096 5567 1253 5631 fecit.
1296 5577 1413 5624 tum
1459 5569 1662 5625 multos
1708 5571 1777 5626 ad
1815 5580 2112 5642 egestatem

540 5654 796 5711 redactos
838 5656 1145 5715 liberaliter
1175 5660 1404 5715 donavit
1440 5676 1455 5714 :
1485 5671 1601 5717 tum
1648 5669 1867 5718 veteres
1898 5662 2116 5719 tabulas

537 5758 734 5799 eorum
764 5748 857 5816 qui
894 5748 945 5802 in
975 5751 1203 5806 aerarios
1233 5752 1389 5807 relati
1422 5751 1668 5817 fuerant,
1700 5754 1911 5809 exussit
1941 5771 1956 5809 :
2001 5765 2112 5809 tum

537 5849 658 5901 qua:
691 5838 794 5893 sub
827 5840 1066 5898 Antonio
1096 5852 1153 5898 et
1179 5843 1388 5913 Lepido
1414 5861 1513 5916 per
1540 5847 1803 5917 injuriam
1828 5856 1947 5903 acta
1989 5846 2112 5904 fuc-

2220 4647 2403 4711 τείνας
2424 4648 2586 4717 λόγον
2637 4649 2767 4719 περὶ
2821 4650 2922 4719 τῆς
2976 4649 3316 4717 ὑποθέσεως,
3377 4651 3474 4705 καὶ
3522 4653 3619 4705 ἐπὶ
3667 4653 3813 4706 πᾶσι

2222 4740 2398 4795 ταῦτα
2422 4742 2723 4812 ἐπήγαγενο
2748 4744 2819 4797 Ei
2842 4742 2960 4798 ὅσα
2987 4742 3196 4812 ἕτερόν
3228 4760 3365 4798 τινα
3388 4743 3657 4812 ἇρξαντά
3685 4759 3811 4801 σου

2220 4834 2417 4889 ποιεῖν
2474 4834 2767 4901 ἐϐούλου,
2824 4834 3011 4890 ταῦτα
3071 4835 3258 4903 αὐτὸς
3318 4835 3812 4906 αὐτεπάγγελτος

2219 4929 2520 4999 πράττεις,
2547 4930 2690 4984 οὔτε
2737 4946 2792 4983 τι
2841 4930 3231 5000 ἁμαρτήσας,
3261 4932 3363 4986 καί
3403 4931 3604 4986 πάντα
3647 4950 3801 4987 κατ-

2217 5019 2520 5089 ορθώσεις,
2544 5019 2766 5088 ἥδιστά
2797 5037 2862 5075 τε
2900 5021 3001 5076 καί
3024 5021 3468 5078 ἀκινδυνότατα
3491 5023 3712 5092 ζήσεις.
3737 5028 3807 5081 ΟΞ

2221 5112 2322 5183 μὲν
2358 5107 2453 5166 οὖν
2492 5112 2671 5167 ταῦτα
2716 5115 2797 5184 τῷ
2850 5114 3094 5187 Καίσαρι
3142 5116 3611 5172 συνεϐούλευσαν·
3667 5121 3697 5172 6
3743 5120 3806 5173 δὲ

2216 5206 2385 5275 ἄμφω
2430 5205 2530 5276 μὲν
2573 5206 2671 5260 καὶ
2712 5205 2997 5277 ἐθαύμασε
3042 5207 3139 5261 καὶ⁵
3187 5208 3482 5280 ἐπῄνεσεν,
3524 5209 3704 5264 εἵλετο
3741 5212 3805 5265 δὲ

2216 5299 2310 5352 τοῦ
2340 5299 2627 5371 Μαικήνου
2653 5300 2753 5371 τὴν
2792 5299 3124 5373 συμϐουλὴν,
3167 5302 3261 5355 καὶ
3290 5301 3416 5356 οὔτε
3451 5302 3553 5376 τὴν
3585 5321 3801 5375 μοναρ-

2215 5390 2341 5460 χίαν
2363 5389 2596 5445 ἀπέθετο
2626 5391 2720 5445 καὶ
2742 5391 2842 5463 τὴν
2869 5391 2963 5445 τοῦ
2993 5394 3400 5464 αὐτοκράτορος
3430 5395 3798 5469 προσειλήφει

2216 5483 2528 5553 ἐπίκλησιν,
2561 5484 2624 5537 οὐ
2650 5482 2752 5553 τὴν
2782 5484 2875 5536 ἐπὶ
2918 5483 3098 5548 νίκαις
3129 5484 3273 5540 κατὰ
3299 5485 3361 5538 τὸ
3387 5486 3619 5557 ἀρχαῖον
3652 5487 3803 5541 διδο-

2222 5575 2393 5646 μένην
2436 5574 2570 5639 τισὶ,
2621 5575 2828 5645 ταύτην
2859 5577 2968 5645 γὰρ
3019 5576 3282 5640 πολλάκις
3329 5578 3633 5650 ἐπεκλήθη,
3667 5580 3806 5633 ἀλλὰ

2215 5668 2317 5733 τὴν
2364 5667 2427 5721 τὺ
2463 5666 2667 5738 κράτος
2719 5667 3094 5738 σημαίνουσαν
3138 5669 3202 5722 τὸ
3254 5668 3554 5739 βασίλειον.
3614 5669 3704 5741 Τῷ
3759 5674 3805 5725 δ’

2218 5759 2344 5830 ἑξῆς
2373 5760 2485 5813 ἔτει
2518 5759 2679 5813 ἕκτον
2723 5759 3051 5824 ὑπάτευσεν,
3074 5759 3364 5831 Ἀγρίππα
3406 5762 3455 5815 οἱ
3503 5762 3805 5834 συνάρχον-

2218 5868 2327 5919 τος,
2392 5850 2453 5904 ὃν
2500 5850 2951 5922 ὑπερϐαλλόντως
3013 5851 3197 5922 ἐτίμα,
3250 5853 3346 5905 καὶ
3401 5851 3501 5923 τὴν
3560 5852 3805 5923 ἀδελφὴν
