4048 6466
340 447 448 513 ‘30!

1590 442 1993 508 ANNALIUM
2030 441 2175 501 LIB.
2220 441 2295 503 X.

3500 447 3607 512 902

346 560 493 632 αὑτῷ
535 561 638 631 τὴν
680 558 977 614 Ὀκταϐίαν
1014 557 1309 630 συνῴκισε.
1344 558 1457 613 Καὶ
1486 559 1586 629 τῆς
1624 560 1922 628 γερουσίας

2026 561 2171 619 rant,
2225 567 2338 608 uno
2384 551 2610 608 decreto
2662 534 2904 609 abolevit
2956 555 3159 612 omnia.
3198 558 3346 625 Quas
3391 559 3465 617 ob
3514 579 3605 620 res

344 654 639 725 πρόκριτος
688 652 966 722 ἐπεκλήθη
1020 651 1049 703 ὁ
1087 651 1327 722 Καῖσαρ,
1360 650 1436 715 ὡς
1483 652 1540 704 ἐν
1589 654 1655 723 τῇ
1706 650 1929 721 ἀκριϐεῖ

343 745 693 816 δημοκρατίᾳ
738 745 1064 814 νενόμιστο,
1100 744 1238 798 ἄλλα
1292 762 1354 797 τε
1399 744 1571 798 πολλά
1614 744 1927 814 ,πεποίηκεν

342 839 423 902 είς
450 838 617 906 τιμὴν
658 836 762 905 τῆς
806 835 1024 906 Ῥώμης
1058 836 1153 889 καὶ
1196 836 1305 889 τῶν
1351 835 1607 900 πολιτῶν,
1644 837 1738 888 καὶ
1786 836 1924 905 χρή-

347 945 495 997 ματα
556 926 774 990 πολλοῖς
840 928 952 979 τῶν
1011 926 1245 980 πολιτῶν
1297 927 1589 997 ἐχαρίσατο
1654 925 1925 997 λαμπρῶς

346 1019 739 1090 πενητεύσασι,
770 1020 840 1073 τά
882 1036 941 1071 τε
997 1019 1205 1072 παλαιὰ
1256 1019 1564 1087 συμϐόλαια
1594 1018 1703 1071 τῶν
1733 1019 1811 1080 είς
1864 1017 1926 1070 τὸ

344 1112 524 1166 κοινὸν
558 1112 888 1180 ὀφειλόντων
926 1110 1236 1164 κατέκαυσε
1263 1127 1277 1142 ·
1310 1113 1408 1164 καὶ
1437 1112 1536 1163 ὅσα
1563 1111 1656 1164 ἐπὶ
1683 1109 1921 1162 Λεπίδου

345 1205 439 1258 καὶ
485 1201 774 1257 Ἀντωνίου
829 1202 1031 1265 ἀδίκως
1064 1202 1338 1270 ἐγένοντο,
1371 1201 1441 1255 δι’
1483 1201 1602 1264 ἑνὸς
1633 1200 1927 1273 προγράμ-

348 1311 518 1366 ματος
569 1294 865 1348 κατέλυσεν
911 1293 1148 1348 ἀπαντα.
1184 1294 1296 1348 Καὶ
1338 1296 1430 1348 ἐπὶ
1470 1295 1682 1358 τούτοις
1721 1293 1926 1363 ὑμνού-

346 1402 532 1455 μενος,
569 1384 658 1438 ἵνα
696 1385 902 1456 μᾶλλον
936 1385 1223 1455 τιμηθείη,
1267 1386 1362 1438 καὶ
1398 1385 1531 1455 παρ’
1560 1386 1798 1439 ἑκόντων
1826 1385 1925 1454 τὴν

344 1477 651 1548 μοναρχίαν
721 1477 909 1531 λαῦεῖν
983 1477 1359 1549 ἐπεθύμησεν.
1429 1478 1518 1541 Ὠς
1594 1478 1667 1550 μὴ
1736 1476 1922 1548 δοκοίη

342 1569 587 1622 ἀκόντων
616 1570 831 1640 ἄρχειν,
851 1571 951 1624 καῖ
976 1572 1103 1633 τοὺς
1130 1570 1279 1641 αὐτῷ
1312 1570 1549 1640 μάλιστα
1572 1571 1921 1640 ἐπιτηδείους

341 1663 802 1731 παρασκευάσας,
838 1663 920 1723 είς
948 1661 1045 1731 τὴν
1084 1662 1378 1730 γερουσίαν
1415 1662 1667 1731 εἰσῆλθεν
1692 1662 1925 1731 ἕϐδομον

341 1753 658 1819 ὐπατεύων,
690 1753 785 1805 καὶ
815 1754 1233 1823 παραιτεῖσθαι,
1276 1753 1452 1821 λέγων
1482 1753 1582 1822 τὴν
1620 1755 1923 1824 μοναρχίαν

337 1843 438 1895 καὶ
470 1846 646 1896 πάντα
682 1840 785 1893 ὑπὸ
828 1845 942 1904 τοῖς
973 1842 1223 1911 ἀρίστοις
1266 1846 1461 1908 ποιεῖν,
1495 1844 1672 1896 ἐδέετο
1715 1845 1923 1896 τούτων

2030 659 2157 699 cum
2192 645 2451 701 laudibus
2487 649 2539 699 in
2573 647 2774 702 cmlum
2805 648 3120 716 eﬁ‘erretur,
3164 653 3390 725 majoris
3437 658 3603 712 etiam

2027 735 2260 791 honoris
2286 737 2565 791 desiderio
2600 738 2894 808 imperium
2929 756 2960 795 a
2992 742 3306 799 volentibus
3351 749 3602 818 accipere

2030 831 2386 896 desideravit,
2422 849 2486 888 ac
2510 849 2581 888 ne
2604 835 2790 891 invitis
2837 836 3109 907 imperare
3136 841 3439 909 inderetur,
3471 845 3606 900 sub-

2027 924 2238 978 ornatis
2295 923 2506 978 intimis
2556 926 2694 988 suis,
2754 929 3049 997 septimum
3097 932 3291 986 consul
3342 933 3397 987 in
3446 936 3600 990 curia

2025 1013 2360 1083 deprecatus
2389 1025 2469 1071 est
2504 1016 2798 1087 imperium
2830 1039 2842 1073 :
2884 1028 2941 1075 et
2970 1037 3184 1077 summa
3214 1039 3401 1079 rerum
3452 1028 3598 1097 opti-

2025 1105 2295 1171 matibus,
2315 1107 2667 1174 demandata,
2697 1125 2794 1164 eos
2841 1113 3078 1182 rogavit,
3127 1123 3187 1168 ut
3229 1130 3389 1186 aequo
3416 1119 3602 1172 animo

2026 1209 2087 1249 se
2113 1196 2384 1265 privatam
2422 1199 2589 1253 vitam
2622 1216 2789 1271 agere
2815 1213 3166 1272 paterentur.
3216 1208 3288 1263 At
3323 1219 3604 1265 senatores

2023 1287 2146 1357 ejus
2180 1291 2513 1345 sententiam
2544 1294 2741 1362 partim
2784 1296 3046 1363 scientes,
3082 1301 3284 1367 partim
3315 1304 3606 1373 suspican-

2027 1386 2132 1444 tes,
2158 1380 2249 1433 alii
2287 1396 2518 1452 arguere
2547 1385 2831 1450 nolebant,
2874 1388 2968 1443 alii
3002 1389 3288 1446 timebant.
3324 1392 3462 1449 Cum
3500 1396 3600 1467 igi-

2024 1478 2114 1523 tur
2147 1472 2196 1525 ei
2228 1468 2457 1528 credere
2486 1476 2576 1528 alii
2605 1476 2891 1546 ﬁngerent,
2924 1479 3018 1534 alii
3048 1497 3276 1540 necesse
3309 1485 3600 1557 haberent,

2024 1561 2318 1632 imperium
2368 1567 2610 1621 retinere
2663 1580 2889 1625 coactus
2938 1580 3024 1627 est
3072 1575 3304 1632 scilicet.
3352 1578 3473 1646 Quo
3534 1588 3600 1637 ad

2025 1654 2175 1711 hunc
2207 1656 2427 1711 modum
2463 1673 2493 1712 a
2528 1672 2723 1715 senatu
2752 1663 3066 1733 populoque
3107 1665 3346 1731 ﬁrmato,
3383 1685 3600 1727 omnem

2028 1747 2348 1814 reipubliczn
2386 1764 2575 1803 curam
2615 1750 2670 1806 in
2708 1767 2766 1807 se
2800 1756 3063 1825 suscepit.
3096 1757 3417 1815 Prorincias
3452 1762 3606 1817 inﬁr-

1962 1898 1989 1904 Δ,
2029 1838 2254 1904 miores,
2285 1849 2345 1893 ut
2378 1852 2603 1910 pacatas
2637 1851 2693 1898 et
2745 1844 3018 1911 imbelles,
3054 1852 3311 1906 attribuit
3341 1856 3557 1910 senatui
3588 1874 3601 1910 :

334 1934 598 2000 δέξασθαι
625 1936 790 1988 αὐτοῦ
834 1937 933 2007 τὴν
967 1936 1068 2006 τῆς
1111 1935 1415 2006 μοναρχίας
1453 1936 1737 1990 ἀπόθεσιν.
1773 1938 1836 1989 Οἱ
1865 1939 1920 1989 δὲ

2030 1928 2330 1995 ﬁrmiores,
2366 1941 2427 1987 ut
2451 1935 2792 2002 periculosas
2822 1947 2876 1991 et
2911 1953 3106 2007 parum
3136 1949 3304 2010 tutas,
3356 1943 3472 2013 ipse
3512 1961 3602 2001 re-

335 2029 440 2098 τῆς
473 2026 696 2096 βουλῆς,
734 2028 783 2080 οἱ
815 2027 916 2097 μὲν
950 2027 1153 2090 εἰδότες
1182 2028 1282 2098 τὴν
1311 2026 1541 2098 γνώμην
1572 2028 1763 2092 αὐτοῦ,
1798 2029 1848 2081 οί
1878 2029 1924 2081 δ’

335 2118 769 2185 ὑποπτεύοντες,
804 2121 852 2173 οἱ
885 2119 985 2190 μὲν
1013 2118 1231 2188 ἐλέγξαι
1273 2120 1439 2172 αύτδν
1483 2120 1584 2173 ούκ
1614 2120 1924 2187 ἐϐούλοντο,

334 2211 390 2263 οἱ
426 2209 474 2263 δ’
504 2210 870 2266 ἐδεδοίκεσαν.
905 2211 1067 2263 Ὅθεν
1115 2212 1209 2264 καὶ
1262 2211 1537 2265 πιστεύειν
1566 2211 1718 2283 αύτῷ
1747 2213 1796 2265 oi
1824 2212 1926 2282 μὲν

336 2305 693 2369 ὲπλάττοντο,
728 2306 777 2356 οἱ
818 2303 875 2356 δὲ
926 2303 1321 2372 ἠναγκάζοντο.
1358 2304 1455 2357 καὶ
1505 2304 1731 2359 ὲὸίασαν
1764 2304 1927 2375 δῆθεν

336 2396 507 2450 αὐτὸν
557 2396 875 2466 αὐταρκεῖν.
912 2398 1021 2449 Καὶ
1071 2397 1171 2465 τὴν
1230 2397 1332 2465 μὲν
1392 2397 1695 2466 ἡγεμονίαν
1747 2396 1927 2460 οὕτως

337 2488 497 2559 παρά
532 2504 590 2540 τε
621 2488 719 2557 τῆς
754 2487 1047 2558 γερουσίας
1082 2485 1295 2539 καὶτοῦ
1323 2486 1498 2555 δήμου
1523 2485 1922 2550 ἐϐεϐαιώσατο,

337 2579 440 2631 καὶ
475 2579 576 2646 τὴν
635 2577 898 2648 φροντίδα
957 2579 1138 2629 πᾶσαν
1195 2575 1305 2628 τῶν
1357 2574 1552 2628 κοινῶν
1603 2576 1921 2642 ὑπεδέξατο.

338 2669 467 2724 Τῶν
498 2669 545 2724 δ’
572 2669 743 2723 ἐθνῶν
786 2670 854 2723 τὰ
895 2669 995 2739 μὲν
1032 2669 1401 2738 ἀσθενέστερα
1442 2668 1518 2731 ὡς
1555 2670 1814 2740 εἰρηναῖα
1860 2687 1919 2722 τε

335 2763 438 2816 καὶ
483 2761 738 2830 άπόλεμα
794 2760 1130 2830 προσένειμε
1164 2761 1231 2829 τῇ
1274 2758 1479 2830 βουλῇ·
1513 2757 1581 2811 τά
1620 2758 1667 2812 δ’
1709 2760 1928 2830 ἰσχυρό-

333 2870 479 2923 τερα
535 2851 611 2915 ὡς
641 2849 961 2905 ἐπικίνδυνα
1016 2849 1160 2920 τάχα
1218 2849 1312 2902 καὶ
1370 2848 1619 2918 σφαλερὰ
1650 2850 1923 2918 κατέσχεν

339 2944 537 3007 αὐτὸς,
574 2943 798 3012 δοκήσει
851 2942 949 3012 μὲν
985 2941 1136 3004 ὅπως
1158 2941 1209 3019 ,ἡ
1257 2941 1523 3012 γερουσία
1554 2941 1624 2993 τὰ
1658 2940 1924 2994 κάλλιστα

336 3033 446 3102 τῆς
475 3032 653 3103 ἀρχῆς
684 3029 970 3099 καρπῷτο,
1020 3028 1167 3099 αὐτῷ
1212 3027 1258 3080 δ’
1302 3029 1353 3081 οἱ
1406 3030 1557 3082 πόνοι
1598 3029 1925 3094 ἐπίκεινται,

335 3127 409 3195 τῇ
464 3123 510 3176 δ’
571 3121 826 3194 ἀληθείᾳ,
876 3122 964 3175 ἵνα
1018 3124 1224 3176 ἐκεῖνοι
1279 3121 1380 3194 μὲν
1436 3123 1534 3175 καὶ
1589 3121 1783 3176 ἄοπλοι
1833 3123 1928 3175 καὶ

336 3219 548 3288 ἄμαχοι
578 3209 731 3278 ὦσιν,
750 3216 915 3278 αὐτὸς
941 3215 997 3268 δὲ
1027 3217 1119 3268 καὶ
1146 3215 1288 3268 ὅπλα
1310 3215 1413 3286 ἔχῃ
1445 3217 1541 3268 καὶ
1578 3215 1925 3285 στρατιώτας

335 3310 541 3380 τρέφῃ.
572 3308 688 3360 Ἵνα
712 3308 768 3360 δὲ
804 3308 880 3379 μή
918 3325 971 3361 τι
1007 3308 1340 3377 μοναρχικὲν
1384 3305 1569 3377 δοκοίη
1598 3309 1836 3377 φρονεῖν,
1869 3311 1927 3371 ές

337 3403 480 3455 δέκα
509 3400 605 3470 ἐτη
647 3401 746 3472 τὴν
780 3401 954 3471 ἀρχὴν
981 3400 1089 3454 τῶν
1117 3399 1580 3470 ἀπονεμηθὲν-των
1609 3399 1759 3469 αὶτῷ
1788 3415 1925 3451 κατ-

340 3493 587 3557 εδέξατο.
636 3492 892 3562 Τοσούτῳ
944 3494 1055 3563 γὰρ
1127 3492 1306 3563 χρόνῳ
1367 3492 1511 3545 αύτά
1562 3491 1928 3561 καταστήσειν

344 3587 638 3656 ὑπέσχετο,
678 3584 823 3654 λόγῳ
870 3584 1043 3639 ταῦτα
1101 3582 1600 3652 ἐπαγγελλόμενος.
1652 3582 1764 3650 Τῆς
1818 3582 1926 3652 γὰρ

330 3678 628 3741 δεκαετίας
654 3676 1019 3748 περανθείσης
1050 3675 1214 3747 ἕτερα
1242 3675 1408 3728 πέντε
1450 3673 1545 3745 ἔτη
1579 3713 1594 3740 ,
1626 3669 1727 3726 εἴτ’
1768 3672 1927 3737 αὖθις

338 3771 531 3836 πέντε,
562 3771 658 3823 καὶ
699 3769 837 3840 μετὰ
866 3769 1028 3821 τοῦτο
1070 3768 1207 3821 δέκα
1253 3768 1350 3820 καὶ
1392 3767 1559 3837 ἕτερα
1595 3766 1760 3820 πάλιν
1795 3784 1925 3820 πεν-

331 3863 506 3926 πάκις
556 3860 668 3932 (86)
716 3859 866 3928 αύτῷ
897 3859 1197 3929 ἐψηφίσθη,
1231 3858 1374 3911 ὥστε
1417 3861 1483 3928 τῃ
1528 3858 1636 3911 τῶν
1667 3858 1930 3927 δεκαετη-

338 3954 513 4026 ρίδων
554 3952 773 4023 διαδοχῇ
825 3951 915 4005 διὰ
969 3952 1087 4022 βίου
1149 3944 1736 4022 μοναρχῆσαιάὐτόν.
1782 3952 1931 4002 Κάν-

331 4045 539 4099 τεῦθεν
585 4044 680 4097 καὶ
714 4045 766 4097 ei
818 4042 936 4115 μετ’
968 4044 1133 4096 αὐτὸν
1155 4042 1584 4112 αὐτοκράτορες,
1620 4041 1802 4094 καίτοι
1836 4041 1927 4094 διὰ

337 4136 464 4209 βίου
500 4135 984 4204 ἀποδεικνύμενοι,
1035 4134 1189 4205 ὅμως
1237 4132 1327 4186 διὰ
1366 4131 1476 4184 τῶν
1509 4131 1816 4197 δέκαηὲτῶν
1838 4132 1928 4184 ἀεὶ

334 4227 642 4300 ἑώρταζον,
672 4229 750 4291 ὼς
782 4223 939 4287 αὖθις
973 4226 1097 4278 τότε
1126 4223 1225 4294 τὴν
1253 4222 1558 4295 ἡγεμονίαν
1587 4220 1925 4291 ἀνανεούμε-

336 4337 449 4375 νοι.
483 4320 663 4373 Πολλὰ
695 4319 752 4371 δὲ
778 4318 874 4371 καὶ
897 4317 1020 4370 τότε
1045 4318 1125 4379 είς
1170 4315 1337 4385 τιμὴν
1366 4311 1645 4383 ἐψηφίσθη
1686 4310 1766 4383 τῷ
1792 4311 1930 4364 Καί-

337 4430 497 4485 σαρι,
531 4414 627 4465 καὶ⁵
674 4411 989 4480 Αὔγουστος
1033 4409 1338 4479 ἐπεκλήθη.
1400 4405 1617 4475 Ἐφίετο
1665 4406 1764 4475 μὲν
1818 4406 1927 4475 γὰρ

352 4503 640 4573 Ῥωμύλος
666 4502 1056 4573 ὀνομασθῆναι,
1081 4500 1404 4570 αίσθόμενος
1427 4498 1483 4552 δὲ
1522 4495 1928 4551 ὑποπτεύεσθαι

2032 2019 2213 2075 tinuit.
2253 2020 2308 2076 ld
2337 2039 2405 2076 eo
2439 2025 2775 2094 pertinebat,
2811 2027 2969 2099 533
3002 2038 3063 2084 ut
3089 2042 3316 2088 senatus
3350 2036 3602 2105 pulcher-

2030 2112 2187 2167 rimis
2216 2114 2431 2184 imperii
2466 2118 2720 2185 partibus
2748 2119 2876 2181 frui.
2920 2122 3036 2192 ipse
3068 2123 3287 2181 labores
3332 2126 3605 2185 sustinere

2029 2203 2361 2259 videretur:
2395 2220 2523 2260 cum
2571 2207 2624 2261 id
2679 2209 2799 2279 ejus
2840 2212 3135 2267 consilium
3191 2224 3357 2282 esset,
3420 2226 3479 2272 ut
3527 2219 3604 2273 illi

2027 2295 2272 2351 inermes
2306 2306 2363 2352 et
2402 2297 2654 2355 imbelles
2684 2312 2906 2367 essent,
2944 2303 3060 2373 ipse
3091 2322 3242 2361 arma
3269 2317 3517 2375 teneret,
3550 2320 3605 2365 et

2028 2386 2234 2441 milites
2262 2388 2449 2443 aleret.
2486 2389 2565 2443 Ac
2594 2405 2665 2443 ne
2691 2391 2823 2460 quid
2856 2393 3064 2464 regium
3107 2412 3216 2465 pra:
3242 2414 3299 2452 se
3320 2398 3515 2465 ferret,
3550 2401 3603 2454 in

2024 2478 2344 2547 provincias
2371 2480 2478 2535 sibi
2507 2483 2803 2539 attributas
2838 2484 3132 2554 imperium
3168 2488 3235 2542 ad
3267 2489 3599 2546 decennium

2025 2572 2263 2641 accepit,
2295 2570 2504 2642 quanto
2550 2564 2798 2645 tempore
2834 2592 2892 2630 se
2922 2578 3043 2634 illas
3080 2590 3406 2647 pacaturum
3442 2585 3602 2654 polli-

2025 2661 2279 2716 cebatur.
2312 2662 2417 2718 Sed
2451 2679 2515 2719 ea
2548 2665 2809 2721 nimirum
2841 2667 3006 2722 verba
3033 2681 3211 2725 erant.
3248 2670 3427 2727 Finito
3453 2674 3599 2728 enim

2026 2754 2322 2817 dccmmio,
2379 2756 2867 2827 quinquennium:
2906 2758 3105 2814 deinde
3157 2760 3389 2816 alterum
3439 2764 3603 2832 quin-

2025 2846 2353 2915 quennium,
2398 2857 2522 2917 post
2571 2849 2900 2904 decennium
2942 2867 2957 2906 :
2994 2867 3119 2906 mox
3155 2853 3263 2907 alia
3305 2854 3605 2925 quinquies

2026 2939 2076 2993 ei
2112 2939 2333 2994 decreta
2381 2950 2532 3006 sunt,
2573 2951 2637 2995 ut
2683 2942 3078 2998 decenniorum
3112 2947 3465 3001 successione
3505 2961 3607 3017 per

2030 3046 2248 3086 omnem
2287 3044 2501 3089 aetatem
2534 3037 2684 3090 solus
2731 3051 2917 3090 rerum
2966 3036 3259 3107 potiretur.
3326 3037 3487 3094 Unde
3526 3039 3609 3092 fa-

2030 3132 2179 3177 ctum
2196 3133 2301 3186 est,
2322 3132 2382 3178 ut
2412 3124 2776 3195 imperatores
2796 3127 2888 3196 qui
2919 3128 3072 3181 illum
3099 3128 3274 3183 secuti
3302 3136 3453 3195 sunt,
3478 3145 3606 3185 cum

2034 3214 2091 3268 in
2143 3229 2359 3270 omnem
2416 3225 2632 3272 aetatem
2688 3229 3033 3286 crearentur,
3096 3228 3280 3276 tamen
3329 3220 3606 3277 decimum

2031 3320 2306 3375 quemque
2337 3320 2542 3360 annum
2590 3307 2788 3362 festum
2825 3319 3070 3380 agerent,
3124 3312 3417 3380 imperium
3453 3311 3612 3382 quasi

2032 3408 2383 3451 renovantes.
2443 3398 2583 3451 Tum
2636 3410 2837 3468 praeter
2890 3403 3097 3456 multos
3147 3402 3288 3457 alios
3346 3403 3612 3466 honores,

2029 3488 2194 3541 etiam
2231 3490 2512 3557 Augustus
2538 3498 2624 3544 est
2654 3491 3097 3560 cognominatus.
3143 3492 3281 3546 Nam
3328 3507 3455 3547 cum
3506 3493 3616 3548 Ro-

2031 3582 2214 3635 mulus
2258 3582 2364 3635 ιίἱοί
2416 3593 2669 3651 cuperet,
2697 3592 2753 3637 et
2805 3591 2987 3638 tamen
3035 3584 3411 3654 suspicionem
3458 3586 3613 3655 regni

2029 3673 2312 3742 concupiti
2343 3673 2543 3728 vitaret
2567 3675 2822 3744 (Romani
2850 3676 2997 3731 enim
3022 3692 3147 3731 eum
3176 3676 3354 3747 ipsum
3380 3692 3612 3747 regnum

2029 3772 2371 3834 paterentur,
2407 3780 2607 3819 nomen
2643 3766 2794 3836 regni
2827 3765 3253 3835 aversabantur)
3287 3780 3350 3821 ea
3383 3766 3609 3837 quidem

2030 3855 2398 3924 appellatione
2429 3857 2727 3924 abstinuit;
2758 3859 3063 3928 Augustum
3095 3866 3281 3912 autem
3325 3872 3383 3912 se
3421 3859 3612 3928 appel-

2029 3944 2131 3998 lari
2184 3947 2383 4014 voluit,
2422 3956 2484 4001 ut
2523 3947 2761 4002 humana
2813 3948 3134 4002 conditione
3181 3949 3464 4019 majorem.
3516 3946 3613 4004 Sic

2028 4037 2178 4090 enim
2230 4036 2577 4091 sanctissima
2616 4051 2846 4106 qumque
2876 4046 2933 4092 et
2959 4053 3190 4093 summae
3237 4038 3608 4095 venerationis

2029 4130 2314 4185 dicuntur.
2353 4130 2754 4199 Imperatorum
2805 4131 3149 4185 domicilium
3197 4130 3461 4201 palatium
3515 4147 3610 4186 vo-

2031 4232 2211 4286 catur,
2243 4222 2390 4291 quod
2418 4222 2474 4276 in
2509 4230 2696 4275 monte
2735 4222 2985 4276 Palatino
3019 4222 3222 4286 Cmsar,
3254 4231 3315 4277 ut
3356 4230 3413 4278 et
3474 4222 3607 4277 Fau-

2028 4312 2206 4368 stulus
2248 4312 2469 4367 Romuli
2501 4312 2787 4375 nutritius,
2826 4311 3133 4375 habitabat,
3179 4312 3368 4382 ibique
3410 4320 3611 4383 praeto-

2029 4406 2173 4459 rium
2229 4404 2491 4459 habebat.
2547 4403 2916 4469 Quamobrem
2960 4403 3065 4457 etsi
3118 4403 3421 4474 imperator
3475 4396 3609 4459 alibi

2030 4496 2342 4559 diverterit,
2378 4503 2561 4549 tamen
2583 4495 2704 4565 ejus
2728 4494 3029 4563 hospitium
3059 4494 3112 4549 id
3138 4511 3338 4551 nomen
3370 4495 3607 4552 obtinet.

339 4602 411 4651 ἐκ
464 4596 657 4650 τούτου
710 4597 808 4666 τῆς
860 4593 1139 4665 βασιλείας
1188 4591 1504 4662 ἐπιθυμεῖν,
1539 4590 1609 4662 (οἱ
1639 4592 1748 4660 γὰρ
1791 4590 1925 4643 Ῥω-

2033 4587 2223 4643 Omnis
2250 4596 2433 4642 autem
2470 4594 2738 4656 potestas,
2763 4602 2886 4657 quae
2915 4588 3230 4651 consulum,
3255 4588 3606 4659 tribunorum

344 4694 502 4763 μαίοι
533 4691 821 4761 πράγματι
866 4689 965 4758 μὲν
994 4689 1063 4739 τὰ
1088 4685 1201 4738 τῶν
1243 4684 1692 4754 βασιλευομένων
1723 4681 1930 4752 ὑπέμε-

2031 4677 2233 4748 plebis,
2300 4692 2618 4741 censorum,
2675 4687 3003 4731 caeterorum
3065 4678 3307 4749 denique
3361 4683 3610 4734 omnium

338 4799 457 4847 νον,
486 4781 564 4852 τῷ
587 4781 631 4833 δ’
671 4781 897 4849 ὀνόματι
930 4774 1183 4847 ἤχθοντο)
1211 4773 1483 4844 ἀπέσχετο
1510 4772 1604 4826 τοῦ
1654 4772 1925 4841 Ῥωμύλος

2030 4770 2161 4826 οΙίιιι
2215 4769 2416 4835 fuerat,
2472 4768 2528 4823 in
2582 4768 2948 4839 imperatores
2978 4781 3064 4825 est
3107 4771 3390 4827 translata.
3427 4771 3609 4843 Atque

343 4873 732 4943 ἐπικληθῆναι,
780 4870 872 4923 καὶ
923 4868 1235 4937 Αὕγουστος
1290 4864 1581 4919 καλεῖσθαι
1632 4864 1926 4934 ⁴ἠθέλησεν,

344 4968 426 5029 ὡς
481 4965 574 5018 καὶΙ
631 4963 818 5017 πλεῖόν
866 4978 921 5015 τι
973 4961 1006 5033 ἣ
1062 4959 1207 5014 κατὰ
1259 4956 1588 5027 ἀνθρώπους
1640 4954 1928 5026 ὑπάρχων.

2031 4862 2169 4917 illud
2213 4862 2380 4916 etiam
2431 4861 2511 4915 eis
2545 4859 2756 4924 datum,
2798 4869 2860 4915 ut
2910 4860 3126 4933 legibus
3175 4863 3346 4919 soluti
3399 4873 3611 4929 essent,

2028 4970 2136 5010 nec
2167 4953 2279 5008 ullo
2311 4953 2634 5025 praescripto
2674 4960 3017 5008 tenerentur.

356 5059 545 5114 Πάντα
586 5060 696 5129 γὰρ
743 5060 813 5111 τὰ
872 5056 1144 5128 ἱερώτατα
1184 5052 1280 5106 καὶ
1328 5049 1607 5120 σεϐάσμια
1648 5048 1937 5117 Αὕγουστα
1970 5046 2478 5120 προσαγορεύεται·
2542 5044 2604 5110 ἐξ
2642 5038 2814 5116 οὗπερ
2846 5045 2939 5098 καὶ
2981 5044 3255 5099 Σέὄαστον
3315 5048 3612 5117 προσεῖπον

352 5156 520 5208 αὐτὸν
574 5153 681 5207 ἀπὸ
727 5150 823 5206 τοῦ
894 5146 1246 5213 σεῦἀζεσθαι,
1300 5141 1744 5211 ὲξελληνίζοντές
1804 5159 1920 5206 πως
1958 5142 2149 5211 ὥσπερ
2197 5140 2326 5192 τινὰ
2380 5138 2602 5192 σεπτόν.
2642 5136 2793 5191 Ἡδὲ
2840 5136 2952 5191 τῶν
2991 5135 3414 5207 αὐτοκρατόρων
3471 5152 3609 5188 κατ-

342 5249 497 5303 οικία
551 5246 812 5300 παλάτιον
863 5242 1180 5314 ὠνομάσθη,
1213 5242 1294 5293 ὅτι
1327 5238 1385 5290 έν
1450 5253 1511 5287 τε
1559 5233 1637 5304 τῷ
1670 5233 1917 5305 παλατίῳ
1958 5234 2241 5306 λεγομένῳ
2309 5232 2451 5305 ὄρει,
2520 5233 2577 5283 έν
2686 5229 3025 5291 Φαυστοῦλος
3068 5228 3223 5298 ᾤκει,
3259 5229 3353 5281 καὶ
3395 5229 3513 5281 ἐκεῖ
3542 5229 3609 5284 τὸ

352 5341 682 5410 στρατήγιον
732 5332 870 5406 εἶχε,
907 5314 1005 5387 καὶ
1060 5333 1147 5385 διὰ
1199 5328 1382 5391 τοῦτο,
1413 5328 1516 5381 κᾶν
1566 5326 1753 5380 ἄλλοθί
1794 5343 1897 5378 που
1951 5330 1980 5380 ὁ
2021 5325 2381 5396 αὐτοκράτωρ
2429 5323 2698 5395 καταλύῃ,
2736 5322 2838 5394 τὴν
2904 5320 3000 5374 τοῦ
3045 5318 3308 5399 παλατίου
3354 5319 3608 5391 κλῆσινή

350 5437 653 5506 καταγωγὴ
687 5433 854 5488 αὐτοῦ
912 5429 1050 5499 ἔχει.
1079 5427 1237 5481 Πᾶσα
1266 5425 1322 5477 δὲ
1357 5419 1577 5489 ἐξουσία
1618 5420 1653 5490 ἦ
1704 5435 1765 5473 τε
1808 5423 1921 5483 τοῖς
1960 5422 2188 5482 ὑπάτοις
2255 5418 2317 5471 τὸ
2383 5416 2618 5472 παλαιὸν
2660 5414 2913 5483 διδομένη
2951 5412 3044 5465 καὶ
3143 5411 3607 5506 τοῖς-δημᾷρχξὶις

352 5533 445 5587 καὶ
575 5502 689 5589 τοῖς
726 5525 987 5596 τιμηταῖς
1042 5521 1136 5574 καὶ
1177 5520 1292 5580 τοῖς
1336 5516 1518 5576 ἄλλοις
1573 5512 1746 5565 ἅπασι
1788 5515 1904 5578 τοῖς
1970 5513 2372 5583 αὐτοκράτορσι
2422 5509 2652 5566 δέδοται,
2723 5506 2834 5560 Καὶ
2919 5503 3145 5575 προσέτι
3200 5503 3297 5556 καὶ
3352 5502 3607 5560 λελύσθαι

1546 5677 1750 5741 Variis
1771 5675 2084 5740 lectiones
2123 5681 2185 5737 et
2224 5681 2444 5759 notm._

425 5819 534 5891 {86)
577 5816 680 5870 Kal
709 5814 881 5883 ἕτερα
904 5811 1093 5891 πάλιν
1118 5805 1424 5871 πεντάκις.
1454 5802 1533 5857 ita
1561 5802 1673 5857 duo
1706 5801 1843 5867 Reg.
1908 5814 1925 5854 ε

2026 5797 2245 5853 Iollicrt.
2316 5792 2544 5850 Wolﬁus
2595 5791 2755 5846 πέντε
2795 5788 3067 5845 ediderat.
3115 5788 3272 5844 Alter
3330 5786 3464 5854 Reg.
3518 5781 3612 5835 καὶ

350 5885 703 5942 meum)“
739 5892 833 5939 καὶ
860 5885 1141 5944 πεντάκις.
