4048 6442
461 395 570 460 903

1731 389 2059 454 JOANNIS
2099 391 2424 454 ΖΟΝᾹΒΕ

3611 401 3726 465 904

453 511 565 566 τῶν
598 509 778 580 νόμων
806 506 966 577 ἐδόθη
996 506 1207 574 αὐτοῖς,
1246 503 1529 561 τουτέστιν
1563 503 1890 574 ἐλευθέρους
1949 500 2060 556 ἀπὸ
2098 501 2280 574 πάσης
2340 501 2449 557 τῶν
2477 501 2662 574 νᾶμων
2693 499 2944 575 ἀνάγκης
2965 498 3130 572 εῖναι,
3155 503 3253 561 καὶ
3287 505 3480 580 μηδενὶ
3509 510 3726 567 τούτων

456 605 762 676 ἐνέχεσθαι.

522 689 768 753 XXXIII.
809 694 931 762 Quo
962 694 1054 750 die
1087 692 1271 750 Caesar
1300 691 1584 763 Augustus
1613 689 2019 771 cognominatu:

2215 683 2340 738 AI".
2385 682 2517 736 Ὅτε
2567 682 2624 736 δέ
2680 681 2997 752 Αὔγουστος
3053 684 3338 759 ἐπεκλήθη
3397 690 3426 744 ὁ
3482 691 3728 763 Καῖσαρ,

453 801 562 857 est,
623 799 790 845 noctu
845 804 1104 860 magnum
1168 786 1484 857 prodigium
1523 785 1758 840 exstitit.
1816 783 2034 838 Tiberis

453 883 604 939 enim
631 882 815 936 omnia
845 881 1101 935 Romana:
1133 878 1286 934 urbis
1317 877 1479 948 plana
1513 876 1630 931 loca
1667 875 1746 932 sic
1788 876 2035 930 inunda-

452 973 555 1039 vit,
594 980 653 1028 ut
682 971 1092 1042 navigarentur.
1127 969 1249 1038 Quo
1284 979 1438 1024 vates
1489 968 1743 1038 portendi
1797 967 2035 1022 aﬂirma-

452 1072 584 1119 runt
642 1065 757 1118 fore
821 1072 881 1117 ut
935 1051 1130 1116 urbem
1188 1060 1573 1130 ampliﬁcaret,
1639 1069 1695 1113 et
1756 1067 1926 1112 totam
1976 1057 2032 1111 in

445 1163 725 1224 potestate
755 1169 852 1208 sua
897 1152 1149 1206 haberet.
1181 1150 1232 1205 Is
1260 1164 1389 1204 vero
1422 1164 1546 1203 cum
1592 1147 1698 1202 alia
1741 1147 1809 1200 ad
1859 1146 2034 1215 impe-

454 1247 601 1300 rium
662 1244 1012 1315 pertinentia,
1077 1249 1140 1296 ut
1195 1240 1290 1313 qui
1347 1239 1661 1296 volentibus
1709 1239 2029 1309 imperaret,

451 1338 689 1392 alacrius
745 1335 1153 1391 administravit
1207 1349 1223 1386 :
1279 1342 1394 1388 tum
1462 1331 1618 1403 leges
1674 1331 1875 1396 sanxit,
1927 1344 2032 1384 nec

452 1437 636 1482 tamen
668 1435 859 1495 suapte
887 1424 1216 1480 auctoritate
1243 1437 1436 1478 omnes
1458 1462 1473 1487 ,
1526 1421 1622 1478 sed
1659 1421 1924 1490 quasdam
1959 1419 2030 1474 ad

453 1519 718 1589 populum
747 1517 897 1580 tulit,
934 1527 995 1570 ut
1026 1531 1146 1585 quae
1172 1513 1550 1584 displicerent,
1579 1529 1644 1569 ea
1675 1513 1975 1582 corrigeret
2011 1527 2025 1565 :

452 1609 677 1662 hortans
717 1622 930 1672 omnes,
980 1614 1044 1661 ut
1084 1605 1246 1677 535
1292 1607 1336 1660 si
1370 1604 1505 1675 quid
1554 1604 1752 1660 melius
1797 1603 2026 1670 scirent,

451 1707 760 1754 monerent.
786 1697 1055 1754 Consules
1081 1697 1210 1752 item
1239 1706 1295 1752 et
1322 1712 1352 1752 e
1379 1698 1594 1753 caeteris
1619 1699 2029 1768 magistratibus

449 1791 729 1862 singulos,
762 1800 820 1846 et
850 1806 880 1845 e
912 1799 1226 1844 senatorum
1264 1804 1497 1844 numero
1530 1806 1598 1843 xv
1648 1790 1717 1844 ad
1761 1800 2027 1847 semestre

450 1881 504 1934 in
530 1880 824 1934 consilium
852 1879 1126 1944 adhibuit,
1156 1888 1218 1934 ut
1248 1894 1346 1948 per
1375 1893 1472 1933 eos
1496 1878 1752 1934 omnibus
1777 1894 1840 1934 ea
1871 1894 2026 1934 com-

451 1972 785 2034 muniearet,
848 1987 972 2041 qua:
1030 1969 1384 2025 deliberanda
1445 1977 1672 2036 essent,
1745 1970 2022 2025 interdum

449 2063 617 2117 etiam
643 2063 735 2132 jus
763 2077 887 2116 cum
915 2063 996 2116 eis
1022 2061 1176 2116 dixit.
1202 2062 1338 2117 Nam
1365 2071 1590 2117 senatus
1628 2061 1794 2116 etiam
1834 2077 1933 2132 per
1965 2079 2024 2119 se

451 2153 708 2223 suffragia
769 2153 980 2208 ferebat
1015 2171 1030 2208 :
1072 2155 1264 2230 legatis
1320 2170 1540 2225 quoque
1586 2163 1643 2210 et
1696 2155 2025 2211 caduceato-

452 2243 610 2298 ribus
644 2244 946 2313 respondit.
977 2245 1224 2314 Populus
1251 2245 1500 2314 quamvis
1525 2245 1592 2300 ad
1637 2246 1855 2302 comitia
1887 2262 2024 2302 con-

451 2335 688 2399 veniret,
720 2335 860 2390 nihil
896 2345 1076 2391 tamen
1110 2339 1424 2405 gerebatur,
1455 2336 1600 2407 quod
1651 2338 1728 2392 illi
1761 2338 2023 2409 displice-

451 2434 557 2480 ret.
617 2425 964 2496 Magistratus
1019 2426 1218 2497 partim
1277 2428 1393 2497 ipse
1444 2427 1776 2498 designavit,
1822 2432 2023 2501 partim

452 2517 687 2571 arbitrio
725 2519 914 2588 p0puli
967 2519 1336 2590 designandos
1385 2521 1638 2590 permisit
1687 2522 1791 2577 :in
1829 2523 1884 2577 id
1939 2524 2026 2578 in-

450 2615 656 2672 tentus,
694 2623 764 2662 ne
800 2607 995 2678 inepti,
1021 2624 1159 2664 neve
1191 2624 1290 2678 per
1319 2610 1587 2666 ambitum
1623 2618 1680 2665 et
1707 2611 2024 2683 largitiones

448 2696 618 2765 aliqui
660 2706 1004 2752 crearentur.
1049 2697 1253 2754 Gentes
1297 2700 1559 2768 quasdam
1611 2717 1710 2772 per
1758 2705 2022 2774 semetip-

446 2799 591 2853 sum,
632 2790 829 2856 partim
868 2803 968 2858 per
1011 2789 1149 2844 alios
1196 2789 1444 2846 Romano
1491 2793 1721 2862 imperio
1761 2795 2020 2865 subjecit.

447 2877 516 2929 At
541 2875 754 2948 Egypti
783 2888 983 2949 prator
1003 2880 1182 2935 [Elius
1206 2880 1393 2937 Gallus
1417 2883 1769 2952 expeditione
1801 2885 1856 2940 in
1887 2888 2023 2940 Ara-

446 2968 589 3021 biam
629 2969 889 3034 Felicem,
923 2971 1013 3025 cui
1053 2970 1224 3027 Sabas
1256 2973 1580 3043 imperabat,
1611 2986 1886 3048 suscepta,
1917 2978 2022 3034 etsi

446 3061 498 3115 ei
535 3061 829 3116 resistebat
861 3078 1048 3126 nemo,
1081 3080 1189 3118 non
1225 3073 1410 3121 tamen
1447 3067 1587 3123 citra
1608 3083 1914 3124 aerumnam
1939 3080 2024 3127 est

447 3168 794 3222 progressus.
828 3152 961 3208 Nam
995 3163 1052 3209 et
1080 3156 1398 3222 solitudine,
1431 3167 1488 3214 et
1531 3159 1663 3214 solis
1695 3161 1915 3228 ardore,
1966 3171 2023 3218 et

445 3260 588 3314 aqua
647 3246 917 3300 insalubri
973 3248 1178 3304 milites
1241 3251 1484 3320 graviter
1536 3261 1664 3307 sunt
1715 3253 1922 3321 amicti,
1962 3263 2023 3310 ut

2139 781 2369 851 σημεῖον
2423 778 2484 832 οὐ
2546 779 2748 848 μικρὸν
2800 780 2921 833 τότε
2979 781 3123 835 κατὰ
3152 782 3252 854 τὴν
3297 783 3472 840 νύκτα
3503 789 3730 858 ἐκείνην

2134 873 2377 941 ἐγένετο.
2438 870 2499 924 '0
2554 871 2662 942 γάρ
2717 871 2965 943 Τίϐερις,
3009 874 3336 945 πελαγίσας,
3390 881 3571 933 πᾶσαν
3622 884 3730 953 τὴν

2134 963 2360 1018 πεδιάδα
2390 962 2490 1034 τῆς
2520 961 2740 1035 Ῥώμης
2771 965 3074 1020 κατέλαϐεν
3102 966 3246 1022 ὥστε
3283 970 3538 1026 πλεῖσθαι
3561 988 3577 1004 ⁸
3622 977 3730 1031 καὶ

2131 1054 2180 1106 oi
2213 1053 2438 1122 μάντεις
2475 1053 2558 1105 ὅτι
2591 1069 2651 1105 τε
2691 1053 2784 1105 ἐπὶ
2818 1054 2963 1123 μέγα
2991 1052 3242 1125 αὐξήσει,
3282 1061 3376 1109 καὶ
3403 1057 3492 1110 ὅτι
3532 1060 3727 1114 πᾶσαν

2129 1144 2231 1215 τὴν
2287 1144 2447 1197 πόλιν
2506 1143 2832 1214 ύποχειρίαν
2884 1145 3021 1212 ἔξει,
3060 1147 3124 1201 ἐκ
3185 1149 3380 1202 τούτου
3423 1154 3727 1221 προεῖπον.

2143 1235 2204 1288 '0
2233 1235 2289 1289 δέ
2327 1237 2396 1290 τά
2433 1253 2491 1288 τε
2522 1234 2660 1290 ἄλλα
2687 1236 2756 1290 τά
2799 1238 2866 1307 τῇ
2918 1239 3060 1309 ἀρχῇ
3113 1241 3468 1310 προσήκοντα
3512 1244 3730 1316 προθυο

2135 1326 2366 1398 μότερον
2411 1327 2708 1397 ἔπραττεν,
2757 1327 2834 1391 ὡς
2884 1328 3178 1384 ἐθελόντων
3211 1323 3417 1404 ἄρχων,
3453 1335 3549 1388 καὶ
3603 1338 3730 1392 ἐνο-

2135 1419 2478 1488 μοθέτει·ού
2532 1420 2715 1490 μέντοι
2782 1421 2961 1474 πάντα
3000 1421 3453 1492 ἑθελογνωμονῶν
3518 1427 3724 1497 ἑνομοο

2133 1507 2302 1573 θέτει,
2331 1507 2448 1562 ἀλλ’
2481 1508 2630 1562 ἐστιν
2673 1508 2708 1562 ἀ
2757 1508 2854 1562 καὶ
2903 1509 2962 1572 ἐς
2992 1509 3055 1563 τὸ
3098 1511 3363 1582 δημόσιον
3411 1515 3726 1584 προετίθει,

2128 1600 2277 1663 ὅπως
2313 1600 2378 1653 άν
2397 1617 2451 1653 τι
2484 1599 2560 1671 μὴ
2595 1600 2790 1670 ἀρέσῃ,
2811 1601 3194 1674 ἐπανορθώσῃ,
3225 1606 3321 1657 καὶ
3345 1607 3729 1678 προετρέπετο

2135 1691 2320 1745 πάντα
2371 1689 2766 1761 συμϐουλεύειν
2814 1690 2963 1763 αὐτῷ
2999 1692 3053 1745 εῐ
3079 1691 3164 1757 τίς
3194 1711 3249 1747 τι
3279 1693 3504 1766 ἄμεινον
3551 1699 3722 1769 γνοίη

2129 1783 2319 1837 αὐτοῦ.
2376 1784 2486 1836 Καὶ
2526 1782 2655 1847 τοὺς
2710 1783 2952 1848 ὑπάτους
3001 1787 3098 1838 καὶ
3139 1786 3206 1839 ἐκ
3245 1787 3356 1842 τῶν
3394 1789 3572 1843 ἄλλων
3614 1792 3725 1860 ἀρ-

2127 1876 2334 1947 χόντων
2362 1874 2461 1930 ἐνα
2487 1877 2620 1947 παρ’
2650 1877 2928 1942 ἑκάστων,
2969 1879 3066 1932 καὶ⁹
3103 1879 3168 1932 ἐκ
3210 1879 3305 1933 τοῦ
3346 1880 3456 1934 τῶν
3484 1881 3724 1952 βουλευ-

2128 1966 2239 2020 τῶν
2272 1966 2519 2036 πλήθους
2549 1967 2950 2022 πεντεκαίδεκα
2983 1968 3324 2040 συμϐούλους
3353 1973 3409 2035 ἐς
3438 1973 3722 2045 ἑξάμηνον

2129 2057 2578 2129 παρελάμϐανεν,
2599 2056 2742 2111 ὥστε
2772 2059 2841 2112 δι’
2872 2059 3056 2112 αὐτῶν
3086 2062 3181 2116 καὶ
3218 2063 3353 2115 πᾶσι
3391 2065 3720 2122 κοινοῦσθαι

2126 2150 2196 2204 τά
2233 2149 2621 2220 βουλευόμενα.
2657 2150 2814 2202 Ἔστι
2859 2149 2906 2204 δ’
2951 2151 3040 2204 ὅτε
3071 2152 3166 2205 καὶ
3195 2151 3413 2217 ἐδίκαζε
3447 2154 3567 2223 μετ’
3609 2157 3720 2209 αὐ-

2125 2239 2256 2294 τῶν.
2293 2239 2520 2310 Ἐκρινε
2579 2238 2681 2309 μὲν
2735 2238 2844 2310 γάρ
2891 2239 2987 2293 καὶ
3046 2240 3172 2295 καθ’
3217 2242 3483 2315 ἐαυτήνή
3519 2245 3714 2318 βουλή.

2136 2331 2247 2383 Καὶ
2273 2329 2598 2400 πρεσϐείαις
2628 2330 2725 2382 καὶ
2755 2329 3080 2402 κηρυκείαις
3115 2333 3508 2403 ἐχρημάτιζεν.
3542 2336 3612 2390 '0
3647 2354 3715 2390 τε

2123 2421 2296 2491 δῆμος
2347 2422 2428 2485 είς
2467 2421 2566 2484 τάς
2614 2421 2975 2492 ἀρχαιρεσίας
3024 2423 3370 2492 συνελέγετο,
3406 2427 3466 2480 οὐ
3520 2427 3714 2496 μέντοι

2125 2512 2430 2584 ἐπράττετό
2462 2530 2516 2566 τι
2550 2513 2578 2566 ὃ
2617 2513 2692 2584 μή
2739 2514 2939 2582 ἐκείνῳ
2998 2512 3228 2584 ήρεσκε.
3285 2516 3394 2569 Καὶ
3436 2518 3564 2581 τοὺς
3603 2520 3714 2590 ἄρ·-

2126 2605 2320 2671 ξοντας
2354 2604 2480 2668 τούς
2533 2603 2633 2674 μὲν
2661 2605 2827 2668 αὐτὸς
2858 2604 3258 2676 προεϐάλλετο,
3292 2608 3420 2672 τοὺς
3447 2609 3505 2662 δέ
3545 2611 3603 2671 ἐς
3638 2610 3708 2664 τδ

2125 2699 2304 2754 κοινὸν
2348 2699 2611 2763 ἐποιεῖτο,
2650 2698 3084 2768 ἐπιμελούμενος
3128 2699 3271 2753 ὥστε
3330 2699 3458 2770 μήτ’
3505 2702 3707 2756 ἀνεπι-

2122 2791 2324 2862 τήδειοι
2361 2789 2487 2862 μήτ’
2513 2791 2577 2844 ἐκ
2619 2789 3144 2863 παρακελεύσεωςῆ
3180 2793 3275 2845 καὶ
3319 2793 3386 2846 ἐκ
3422 2793 3707 2866 δεκασμοῦ

2124 2879 2568 2935 ἀποδείκνυνται.
2615 2882 2725 2934 Καὶ
2754 2880 2881 2953 ἐθνη
2911 2880 2982 2934 τά
3015 2882 3116 2952 μὲν
3166 2881 3236 2935 δι’
3259 2883 3482 2950 ἑαυτοῦ,
3531 2885 3602 2939 τά
3646 2886 3708 2939 δέ

2123 2969 2189 3023 δι’
2219 2971 2423 3041 ἐτέρων
2466 2973 2534 3041 τῇ
2573 2970 2866 3042 Ῥωμαίων
2899 2971 3173 3043 ἡγεμονίᾳ
3215 2973 3509 3041 ὑπέταξεν.
3555 2975 3614 3029 '0
3643 2976 3708 3030 δέ

2122 3059 2225 3131 τῆς
2263 3059 2544 3128 Αἰγύπτου
2591 3060 2778 3132 άρχων
2813 3061 2996 3126 Αἴλιος
3039 3063 3244 3128 Γάλλος
3287 3065 3380 3116 ἐπὶ
3435 3067 3701 3136 Ἀραϐίαν

2124 3151 2229 3222 τὴν
2275 3151 2604 3221 Εὐδαίμονα,
2648 3149 2718 3228 ἧς
2765 3154 2938 3218 Σάϐος
2978 3155 3320 3222 ἐϐασίλευεν,
3370 3160 3703 3229 ἐστράτευσε

2121 3245 2265 3308 τότε,
2301 3244 2398 3298 καὶ
2425 3246 2601 3306 οὐδεὶς
2635 3246 2736 3316 μὲν
2764 3246 3001 3302 ἐνώπιον
3027 3249 3194 3303 αὶτοῦ
3236 3251 3370 3320 έστη
3399 3254 3511 3306 τῶν
3542 3256 3703 3308 πολε-

445 3335 680 3389 maxima
717 3352 843 3406 pars
871 3339 1144 3395 exercitus
1171 3357 1239 3394 ex
1272 3342 1468 3397 morbo
1495 3358 1606 3413 quo
1634 3346 1814 3418 capita
1844 3347 2018 3402 exsic-

2127 3334 2286 3405 μὶων,
2314 3335 2377 3387 οὐ
2411 3334 2519 3406 μὴν
2561 3334 2781 3400 ἀπόνως
2814 3336 3129 3408 προύχώρει
3155 3355 3170 3370 ·
3201 3340 3235 3411 ἦ
3267 3357 3325 3394 τε
3352 3343 3463 3413 γὰρ
3489 3346 3704 3416 ἐρημία

444 3426 740 3494 eabantur,
792 3429 1064 3484 interiret.
1118 3432 1169 3487 Is
1221 3435 1426 3490 multos
1467 3437 1650 3493 statim
1694 3440 2016 3508 perimebat.

448 3518 505 3573 Si
537 3520 632 3589 qui
668 3536 796 3576 vere
823 3523 1150 3588 evadebant,
1186 3527 1242 3579 in
1275 3541 1468 3582 eorum
1497 3530 1698 3598 pedes,
1731 3539 1844 3586 tom
1891 3533 2021 3588 reli-

445 3625 557 3679 quo
589 3626 821 3681 corpore
852 3613 1135 3683 incolumi,
1174 3617 1478 3686 desidcbat,
1503 3637 1708 3692 eosque
1743 3624 2016 3680 vexabat:

433 3685 550 3755 ‘nec
588 3703 761 3756 ullum
791 3713 911 3758 erat
943 3707 1248 3763 remedium
1283 3709 1453 3777 aliud,
1485 3711 1592 3767 nisi
1641 3722 1700 3768 ut
1724 3714 1846 3772 oleo
1889 3716 2017 3772 vino

444 3798 749 3862 temperato
795 3795 1209 3868 inungerentur.
1255 3800 1315 3856 id
1357 3817 1491 3858 vero
1539 3807 1836 3874 perpaucis
1881 3824 2018 3880 sup-

445 3884 665 3952 petebat
696 3902 712 3941 ι
745 3901 871 3941 nam
903 3902 968 3942 ea
1013 3891 1165 3961 regio
1204 3902 1460 3949 neutrum
1490 3896 1684 3966 gignit,
1731 3913 1907 3970 neque
1938 3901 2016 3956 illi

443 3987 696 4042 magnam
737 3977 950 4046 copiam
992 3990 1384 4050 praepararant.
1428 3981 1488 4038 In
1537 4000 1602 4040 ea
1650 3986 1742 4042 lue
1796 3988 2014 4046 barbari

443 4077 686 4134 quoque,
721 4067 959 4138 receptis
985 4070 1124 4128 locis
1149 4087 1272 4143 qua
1302 4073 1626 4144 amiserant,
1663 4093 1854 4136 eorum
1874 4081 2018 4138 reli-

445 4155 602 4223 quias
629 4159 852 4228 regione
878 4161 1228 4230 expulerunt.
1261 4165 1542 4236 Augustus
1565 4184 1699 4224 vero
1724 4171 2016 4230 undecimo

445 4250 728 4302 consulatu
759 4249 877 4306 sine
915 4251 1025 4306 ulla
1055 4266 1151 4322 spe
1182 4254 1375 4311 salutis
1397 4267 1705 4326 aegrotans,
1746 4269 1807 4316 ut
1842 4264 2014 4319 mori-

442 4345 600 4392 turus
647 4347 1038 4396 testamentum
1076 4342 1243 4410 fecit,
1284 4360 1386 4401 nec
1429 4346 1648 4418 imperii
1697 4365 2016 4410 successore

441 4427 555 4483 ullo
588 4428 782 4484 relicto
814 4447 829 4485 :
859 4430 1107 4486 libellum
1137 4435 1193 4487 in
1227 4450 1337 4504 quo
1386 4435 1630 4506 legiones
1664 4448 1720 4495 et
1768 4442 2015 4510 publicos

439 4513 652 4570 reditus
677 4517 1097 4588 perscripserat,
1132 4521 1318 4577 Pisoni
1351 4525 1596 4592 tradidit,
1630 4529 1886 4601 Agrippae
1917 4549 2016 4589 an-

441 4603 635 4657 nulum
672 4609 939 4674 porrexit.
985 4608 1092 4664 Sed
1134 4611 1204 4666 ab
1231 4612 1472 4671 Antonio
1517 4617 1668 4674 Musa
1715 4621 2015 4681 lotionibus

2122 3425 2217 3478 καὶ
2243 3424 2272 3476 ὁ
2296 3424 2448 3496 ἥλιος
2477 3424 2550 3479 τά
2589 3441 2649 3478 τε
2673 3425 2865 3492 ὕδατα,
2897 3426 3061 3496 φύσιν
3088 3430 3298 3485 ἀτοπον
3326 3430 3536 3503 ἔχοντα,
3566 3438 3702 3504 σφό-

2117 3515 2222 3586 δρα
2270 3515 2472 3579 αὐτούς
2513 3516 2988 3588 ἐταλαιπώρησεν,
3021 3519 3161 3573 ὥστε
3207 3522 3271 3575 τὸ
3315 3526 3504 3579 πλεῖον
3555 3528 3700 3597 φθα-

2123 3607 2282 3678 ρῆναι
2342 3607 2443 3678 τῆς
2485 3609 2781 3677 στρατιᾶς·
2838 3609 2902 3663 τὸ
2953 3611 3011 3664 δὲ
3064 3613 3304 3684 νόσημα,
3363 3619 3428 3688 τῇ
3473 3619 3700 3692 ,κεφαλῇ

2119 3697 2450 3768 ἑνσκῆπτον,
2475 3699 2766 3773 ἐξήραινεν
2799 3702 2996 3776 αὐτὴν,
3027 3707 3124 3760 καὶ
3171 3707 3403 3772 πολλοὺς
3451 3711 3551 3781 μὲν
3594 3713 3700 3766 αὐ-

2116 3791 2246 3844 τίκα
2275 3793 2565 3847 ἀπώλλυε·
2599 3795 2708 3849 τῶν
2739 3794 2796 3849 δέ
2839 3801 3282 3870 περιγενομένων
3325 3804 3385 3868 ές
3415 3805 3484 3858 τά
3527 3807 3700 3878 σκέλη

2117 3881 2336 3953 κατῄει,
2365 3882 2515 3938 ἀπαν
2543 3883 2608 3938 τὸ
2646 3885 2855 3954 μεταξύ
2910 3887 3006 3942 τοῦ
3043 3889 3298 3961 σώματος
3338 3893 3699 3964 ὐπερϐαἰνον,

2118 3975 2214 4030 καὶ
2243 3976 2429 4041 αὐτοῖς
2483 3975 2812 4050 ἐλυμαίνετο
2837 3994 2852 4010 ⁸
2889 3979 3030 4051 ἵσμά
3068 3999 3130 4036 τε
3172 3984 3325 4040 οὐδὲν
3357 3982 3425 4060 ἦν
3456 3987 3489 4059 ἢ
3531 3990 3700 4058 εἴτις

2117 4067 2297 4123 ἔλαιον
2326 4072 2455 4140 οῐνῳ
2487 4073 2832 4144 μεμιγμένον
2862 4073 3141 4146 ἠλείψατο.
3174 4079 3253 4132 Τά
3297 4079 3358 4133 δέ
3406 4083 3548 4136 πάνυ
3582 4085 3700 4139 ὀλί-

2116 4178 2236 4233 γοις
2264 4158 2356 4236 ἦν.
2391 4161 2467 4217 Ἥ
2512 4181 2571 4218 τε
2617 4168 2728 4236 γὰρ
2771 4165 2926 4238 χώρα
2959 4169 3247 4242 οὐδε-,τερον
3283 4173 3469 4228 αὐτῶν
3515 4176 3697 4248 φέρει,

2117 4254 2394 4320 κάκείνοις
2423 4257 2522 4311 οὐκ
2544 4259 2756 4329 ἄφθονα
2788 4261 2964 4317 ταῦτα
2997 4269 3546 4337 προπαρεσκεύαστο.
3578 4275 3699 4328 Κάν

2111 4345 2194 4416 ,τῷ
2227 4347 2372 4419 πόνῳ
2401 4347 2578 4421 τούτῳ
2607 4352 2702 4405 καὶ
2721 4353 2772 4405 οί
2798 4351 3067 4426 βάρϐαροι
3114 4357 3299 4426 σφίσιν
3322 4363 3698 4434 ἐπιτιθέμενοι

2114 4437 2184 4490 τά
2210 4451 2274 4488 τε
2312 4437 2490 4507 χωρία
2523 4437 2560 4492 ἀ
2589 4442 2718 4510 πρὶν
2744 4443 3029 4515 ἀφῄρηντο
3060 4449 3414 4520 ἐκομίσαντο,
3440 4455 3534 4508 καὶ
3566 4459 3698 4518 τοὺς

2116 4528 2576 4598 περιλειφθέντας
2630 4533 2695 4586 ἐκ
2753 4535 2854 4604 τῆς
2923 4536 3112 4608 χώρας
3180 4541 3475 4612 ἐξήλασαν.
3544 4545 3605 4600 '0
3651 4549 3695 4601 δ’

2115 4616 2432 4687 Αὔγουστος
2491 4621 2780 4678 ἑνδέκατον
2837 4627 3150 4693 ὑπατεύσας
3213 4634 3491 4705 ἐνόσησεν,
3550 4637 3694 4692 ὥστε

438 4701 498 4746 et
536 4695 851 4762 potionibus
881 4698 1093 4770 frigidis
1120 4711 1206 4758 est
1235 4716 1535 4765 recreatus.
1579 4709 1696 4778 Qua
1734 4713 1803 4768 de
1850 4729 2014 4771 causa

2122 4710 2244 4780 μηδ’
2295 4711 2492 4767 ἐλπίδα
2531 4718 2682 4786 σχεῖν
2732 4718 3032 4790 σωτηρίας,
3086 4722 3180 4774 καὶ
3223 4722 3300 4787 ώς
3347 4695 3697 4799 τελευτήσων

439 4785 691 4842 medicus
733 4796 791 4843 et
845 4790 914 4845 ab
951 4792 1046 4846 illo
1074 4801 1130 4849 et
1167 4811 1198 4849 a
1229 4809 1425 4854 senatu
1471 4805 1786 4872 pecuniam,
1831 4816 1889 4862 et
1920 4809 2013 4879 jus

439 4880 593 4931 aurei
623 4880 834 4946 annuli,
870 4886 1124 4952 quamvis
1157 4887 1484 4959 libertinus,
1518 4896 1731 4966 accepit
1765 4916 1778 4952 :
1808 4897 2012 4955 immu-

437 4967 610 5022 nitate
634 4977 692 5024 et
719 4971 822 5040 ipsi
851 4981 906 5028 et
932 4975 1163 5032 medicis
1193 4981 1452 5038 omnibus
1475 4993 1531 5039 et
1569 4993 1680 5040 tum
1705 4997 1761 5043 et
1817 4989 1873 5044 in
1911 5007 2012 5061 po-

437 5067 645 5114 sterum
673 5062 818 5117 data.
851 5065 928 5121 lla
958 5079 1338 5135 conservatus,
1373 5082 1754 5133 testamentum
1793 5080 1848 5135 in
1880 5096 2014 5138 con-

436 5149 623 5205 cilium
671 5153 882 5210 illatum
954 5160 1174 5215 recitari
1217 5163 1406 5233 jussit,
1459 5175 1522 5221 ut
1573 5171 1891 5227 ostenderet
1951 5190 2010 5232 se

435 5243 650 5298 nullum
686 5261 1059 5305 successorem
1109 5256 1400 5325 scripsisse
1434 5275 1448 5312 :
1479 5259 1575 5314 sed
1603 5261 1656 5315 id
1705 5278 1738 5318 a
1787 5267 2010 5322 nemine

435 5333 640 5389 lectum
668 5348 771 5392 est.
800 5341 959 5396 Anno
991 5348 1244 5414 sequenti
1277 5364 1402 5403 cum
1435 5362 1590 5421 peste
1641 5365 1698 5409 et
1743 5355 1888 5414 fame
1911 5375 2011 5430 per

439 5436 604 5481 totam
638 5429 846 5486 italiam
881 5434 1246 5504 laboraretur,
1289 5440 1519 5498 Romani
1561 5446 1852 5515 opinantes
1895 5429 2008 5507 non

435 5517 594 5572 aliam
643 5519 802 5592 535
831 5540 1022 5580 eorum
1071 5531 1338 5587 malorum
1377 5548 1501 5590 esse
1546 5553 1788 5607 causam,
1836 5557 2003 5612 quam

434 5611 583 5676 quod
622 5613 900 5682 Augustus
951 5628 1064 5673 tum
1118 5638 1338 5694 quoque
1386 5629 1576 5684 consul
1628 5647 1740 5688 non
1787 5611 2004 5693 creatus

434 5709 612 5766 esset,
644 5702 967 5783 dictatorem
1005 5726 1131 5766 eum
1166 5715 1348 5771 dicere
1379 5719 1672 5778 voluerunt
1701 5743 1714 5778 :
1747 5734 1802 5780 et
1840 5743 2004 5783 sena-

435 5793 552 5842 tum
580 5788 636 5844 in
664 5794 819 5850 curia
850 5799 1168 5858 conclusum
1199 5805 1304 5862 hoc
1341 5807 1640 5870 decernere
1677 5829 2000 5887 coegerunt,

2106 4801 2346 4869 διέθετο,
2403 4805 2498 4859 καὶ
2565 4806 2815 4880 διάδοχον
2866 4811 2968 4880 μὲν
3021 4812 3217 4868 οὐδένα
3273 4817 3550 4885 ἀπέδειξε,
3613 4821 3694 4892 τῷ

2121 4896 2359 4952 Πείσωνι
2403 4898 2462 4952 δέ
2499 4900 2599 4964 τάς
2628 4918 2687 4954 τε
2729 4903 2994 4975 δυνάμεις
3020 4907 3240 4972 καὶτὰς
3285 4911 3475 4975 κοινὰς
3519 4929 3696 4984 προσ-

2115 4989 2272 5054 όδους
2328 4993 2410 5054 είς
2465 4991 2675 5062 βιϐλίον
2719 4996 2941 5066 γράψας
2979 4997 3174 5063 ἔδωκε,
3211 5001 3291 5068 τῷ
3319 5001 3365 5054 δ’
3407 5003 3697 5076 Ἀγρίππᾳ

2111 5084 2204 5136 τὶν
2231 5083 2520 5138 δακτύλιον
2548 5087 2902 5158 ἐνεχείρισεν.
2940 5089 3231 5156 Ἀντώνιος
3259 5092 3316 5145 δέ
3343 5111 3428 5156 τις
3463 5097 3695 5161 Μούσας

2116 5174 2261 5230 οὕτω
2301 5178 2491 5242 κακῶς
2523 5179 2688 5232 αὐτὸν
2733 5180 3088 5253 διακείμενον
3125 5183 3556 5256 ψυχρολουσίαις
3600 5192 3700 5245 καὶ

2115 5269 2514 5339 ψυχροποσίαις
2578 5271 2884 5341 ἀνέρρωσε.
2937 5273 3030 5326 Διὸ
3082 5276 3177 5328 καὶ
3241 5277 3505 5347 χρήματα
3560 5281 3700 5350 παρ’

2115 5359 2285 5412 αὐτοῦ
2323 5377 2382 5412 τε
2419 5362 2518 5413 καὶ
2545 5361 2702 5432 παρά
2747 5361 2848 5432 τῆς
2901 5363 3100 5436 βουλῆς
3144 5364 3327 5432 έλαϐε,
3370 5369 3465 5422 καὶ
3497 5370 3698 5424 δακτυ-

2114 5452 2249 5515 λίοις
2301 5454 2545 5522 χρυσοῖς,
2598 5452 2969 5526 ἀπελεύθερος
3018 5454 3113 5523 ὢν,
3151 5458 3440 5530 ἐπετράπη
3491 5462 3696 5532 κεχρῆο

2116 5545 2265 5608 σθαι,
2313 5544 2568 5599 ἀτέλειὰν
2605 5561 2666 5598 τε
2713 5547 2865 5615 αὐτῷ
2919 5549 3156 5612 καὶτοῖς
3207 5551 3524 5621 ὁμοτέχνοις
3578 5555 3694 5616 τοῖς

2113 5637 2231 5692 οὖσι
2259 5637 2357 5691 καὶ
2389 5640 2498 5700 τοῖς
2529 5639 2810 5710 ἐσομένοις
2834 5641 3200 5711 παρέσχοντο.
3229 5643 3386 5698 Οὕτω
3413 5644 3472 5698 δὲ
3497 5645 3695 5710 σωθεὶς

2112 5731 2194 5792 είς
2226 5729 2291 5784 τὸ
2327 5729 2605 5801 συνέδριον
2647 5733 2751 5796 τὰς
2782 5731 3056 5802 διαθήκας
3079 5735 3397 5804 εἰσήνεγκε,
3428 5737 3525 5788 καὶ
3557 5736 3692 5790 ἀνα-

2113 5821 2434 5893 γνωσθῆναι
2456 5822 2782 5896 ἐπέτρεπεν,
2815 5825 3232 5900 ἐνδεικνύμενος
3257 5827 3340 5881 ὅτι
3372 5827 3567 5882 οὐδένα
3591 5828 3691 5900 τῆς
