4048 6416
336 413 341 419 .
390 356 497 419 905

1687 366 2092 426 ANNALIUM
2126 369 2271 429 LIB.
2319 370 2389 437 Χ,

3550 378 3654 443 906

386 469 563 538 αρχῆς
594 467 839 540 διάδοχον
870 470 1265 524 καταλέλοιπεν
1285 488 1296 499 ⁸
1321 471 1382 523 οὐ
1414 470 1601 540 μέντοι
1632 473 1725 523 καὶ
1753 474 1968 539 ἀνέγνω

2077 490 2314 545 emnque
2347 485 2576 531 orarunt
2609 488 2668 534 ut
2698 489 2753 535 et
2785 481 3108 538 dictatorem
3150 495 3204 541 et
3236 488 3316 542 rei
3347 488 3649 545 frumcnta-

386 562 559 623 αυτάς
589 576 691 623 τις.
719 561 894 631 Λιμοῦ
918 563 975 615 δὲ
1016 561 1094 632 τῷ
1128 563 1260 633 ἑξῆς
1300 563 1412 616 ἔτει
1446 564 1540 615 καὶ
1583 562 1775 632 λοιμοῦ
1809 580 1967 631 γενο-

391 649 556 716 μένου
584 649 644 701 ἐν
686 649 837 722 πάσῃ
867 655 932 722 τῇ
984 652 1212 722 Ἰταλία,
1251 653 1581 722 νομίσαντες
1615 652 1667 703 οί
1701 651 1969 721 Ῥωμαῖοι

387 741 489 792 οὐκ
519 739 699 805 ἄλλως
744 741 918 795 ταῦτα
952 743 1387 814 συμϐεϐηκέναι,
1414 745 1448 814 ἢ
1485 745 1567 796 ὅτι
1601 743 1678 813 μὴ
1719 743 1814 795 καὶ
1846 743 1969 795 τότε

388 816 729 886 ὑπατεῦοντα
765 834 858 887 τὸν
886 834 1221 902 Αὔγουστον,
1268 835 1432 905 ἔσχον
1461 835 1759 903 δικτάτορα
1807 836 1969 887 αὑτὸν

385 926 662 997 ἠθέλησαν
696 928 1179 998 προχειρίσασθαι,
1207 931 1302 981 καὶ
1346 932 1446 997 τὴν
1507 928 1708 999 βουλὴν
1769 929 1851 991 είς
1908 928 1970 981 τὸ

388 1016 667 1085 συνέδριον
711 1004 1176 1084 κατακλείσαντες
1225 1020 1551 1090 ἠνάγκασαν
1594 1019 1755 1072 τοῦτο
1796 1017 1966 1088 ψηφί-

390 1109 620 1166 σασθαιο
681 1115 793 1166 καὶ-
826 1112 975 1182 αὐτῷ
1036 1112 1348 1184 προσῆλθον
1403 1112 1650 1181 δεόμενοι
1706 1111 1967 1181 λεχθῆναι

385 1201 677 1276 δικτάτορα
707 1204 921 1275 καὶτῆς
946 1206 1039 1257 τοῦ
1068 1206 1217 1258 σίτου
1248 1205 1572 1273 συναγωγῆς
1601 1202 1967 1274 ἐπιμελητήν.

389 1295 499 1347 Καὶ
534 1295 593 1358 ὃς
638 1296 736 1366 τὴν
780 1295 881 1364 μὲν
935 1294 1031 1348 τοῦ
1080 1295 1230 1349 σίτου
1276 1296 1536 1367 φροντίδα
1587 1294 1826 1360 ἐδέξατο,
1869 1295 1969 1363 τὴν

2085 566 2182 620 riae
2225 574 2641 636 procuratorem
2696 585 2755 624 se
2803 573 2910 626 dici
2961 582 3258 641 pateretur.
3292 575 3343 631 Is
3375 592 3508 631 vero
3552 595 3656 633 an-

2081 669 2239 708 nonae
2271 655 2615 709 curationem
2649 660 2914 728 suscepit,
2942 661 3266 716 dictaturam
3301 666 3611 734 repudiavit
3639 687 3652 723 :

2080 757 2135 800 et
2183 760 2307 799 cum
2348 761 2530 816 neque
2572 748 2966 810 dissuadendo.
2994 769 3172 823 neque
3222 758 3463 826 rogando
3491 761 3648 828 quid~

2079 851 2242 903 quam
2297 837 2611 904 proliceret,
2662 852 2869 895 vestem
2920 859 3075 896 suam
3148 845 3451 912 laceravit,
3508 864 3656 904 recte

2080 928 2491 999 prudenterque
2532 932 2702 986 vitato
2734 933 2913 988 inviso
2946 948 3000 989 et
3029 935 3222 991 odioso
3256 940 3500 1004 nomine,
3531 957 3654 996 cum

2075 1019 2401 1088 dignitatem
2467 1028 2522 1075 et
2578 1030 2908 1091 potestatem
2968 1025 3244 1081 dictatura
3316 1030 3655 1099 superiorem

2072 1109 2377 1165 obtineret.
2424 1110 2681 1177 Quidam,
2731 1114 2826 1184 qui
2863 1115 3093 1172 insidias
3144 1119 3196 1172 ei
3246 1130 3655 1193 compararant,

2072 1200 2282 1255 indicta
2313 1215 2478 1255 causa
2513 1203 2708 1257 exsilio
2736 1206 2991 1270 multati,
3038 1224 3140 1264 nec
3170 1212 3345 1267 multo
3390 1223 3517 1284 post
3547 1232 3659 1270 una

2074 1304 2202 1345 cum
2236 1289 2543 1359 conjuratis
2580 1290 2861 1349 interiecti
2898 1306 3049 1351 sunt.

386 1386 733 1457 δικτατορίαν
755 1387 812 1440 δὲ
843 1388 904 1441 οὐ
935 1390 1271 1459 προσήκατο.
1301 1386 1442 1440 Ἀλλ’
1473 1388 1597 1440 ἐπεὶ
1660 1388 1800 1459 μήτε
1860 1385 2245 1454 διαλεγόμενος
2282 1382 2490 1447 αὐτοῖς,
2544 1383 2680 1453 μήτε
2719 1385 2975 1456 δεόμενος
3013 1387 3223 1452 ἔπειθε.
3288 1393 3391 1462 τὴν
3453 1395 3657 1467 ἐσθῆτα

393 1476 708 1551 διέρρηξεν.
758 1478 965 1550 Ὀρθᾷς
1017 1479 1126 1548 γὰρ
1185 1479 1280 1532 καὶ
1327 1478 1570 1541 συνετῶς
1623 1477 1685 1531 τὸ
1743 1475 1974 1547 μισητὸν
2013 1474 2112 1542 τῆς
2176 1473 2519 1542 ἐπικλήσεως
2544 1473 2848 1541 ἐφυλάξατο
2901 1477 2996 1529 καὶ
3022 1479 3332 1547 ἐπίφθονον,
3366 1481 3508 1553 ὑπὲρ
3528 1488 3656 1546 τοὺς

389 1568 711 1637 δικτάτορας
733 1568 876 1640 ἔχων
909 1571 1009 1640 τὴν
1038 1570 1291 1636 ἐξουσίαν
1358 1570 1455 1623 καὶ
1516 1572 1615 1640 τὴν
1679 1574 1867 1639 τιμήν.
1939 1564 2264 1632 Ἐπιϐουλὴν
2311 1563 2368 1616 δὲ
2417 1566 2542 1616 κατ’
2587 1567 2753 1619 αὑτοῦ
2797 1573 3227 1637 συστησαμένων
3273 1575 3455 1643 τινῶν,
3499 1576 3657 1642 αὐτοι

389 1675 444 1712 τε
477 1660 574 1712 καὶ
597 1661 645 1712 οῖ
679 1660 990 1730 συνωμόται
1018 1661 1234 1731 ἐρήμην
1262 1661 1480 1732 ἥλωσαν
1511 1661 1588 1724 ὡς
1622 1659 1968 1728 φευξόμενοι,
2007 1656 2067 1708 οὐ
2110 1651 2292 1721 πολλῷ
2323 1651 2366 1705 δ’
2409 1651 2638 1724 ὔστερον
2666 1657 3089 1729 ἀπεσφάγησαν.

456 1754 579 1806 ΛΔ’.
610 1753 765 1806 Μετὰ
788 1753 959 1807 ταῦτα
988 1753 1031 1805 δ’
1057 1756 1137 1817 εἰς
1195 1755 1451 1806 Σικελίαν
1477 1750 1632 1823 ἦλθε.
1677 1755 1854 1807 Κάκεῖ
1887 1751 1976 1804 ὗν-

2157 1743 2399 1799 XXXIV.
2429 1746 2635 1801 Deinde
2664 1763 2786 1801 cum
2814 1750 2869 1802 iu
2911 1750 3096 1805 Sicilia
3123 1753 3361 1822 abesset,
3399 1757 3453 1811 in
3481 1761 3656 1816 comi-

388 1860 477 1907 τος
507 1845 535 1897 ὁ
564 1843 740 1914 δῆμος
768 1844 877 1897 τῶν
923 1844 1216 1911 Ῥωμαίων
1268 1847 1396 1908 τοὺς
1450 1845 1692 1909 ὑπάτους
1731 1860 1972 1916 χειροτο-

2085 1832 2179 1886 tiis
2210 1836 2594 1889 consularibus
2635 1838 2836 1891 si-ditio
2889 1848 3007 1894 orta
3065 1853 3192 1897 est:
3224 1854 3285 1899 ut
3337 1848 3421 1901 vel
3473 1864 3542 1904 ex
3587 1867 3657 1906 eo

389 1935 494 1988 νῶν
525 1938 874 2002 ἐστασίασεν,
901 1936 977 2000 ὡς
1013 1937 1307 1990 κάντεῦθεν
1364 1939 1642 2006 δειχθῆναι
1706 1939 1789 1991 ὅτι
1839 1938 1971 1990 ἁδύ-

388 2043 550 2080 νατον
581 2025 648 2098 ἦν
674 2030 1234 2100 δημοκρατουμένους
1267 2030 1469 2091 αὐτοὺς
1514 2029 1775 2098 σωθῆναι.
1820 2026 1978 2081 Οὕτω

388 2119 499 2189 γὰρ
529 2117 875 2189 ἐθορύϐησαν
927 2120 1023 2172 καὶ
1087 2119 1307 2174 ἅπαντα
1377 2118 1777 2191 συνετάραξαν,
1835 2117 1976 2171 ὥστε

390 2211 488 2265 καὶ
519 2211 610 2264 τὸν
634 2210 946 2280 Αὔγουστον
974 2213 1078 2265 ὑπὸ
1107 2213 1216 2266 τῶν
1249 2212 1541 2282 ἐμφρόνων
1577 2211 1974 2280 ἀνακληθῆναι.

388 2302 810 2373 Ἀγανακτήσας
837 2303 882 2357 δ’
909 2304 1001 2357 ἐπὶ
1055 2303 1231 2375 τούτῳ
1259 2306 1287 2357 ὁ
1312 2303 1626 2373 Αὔγουστος
1645 2344 1657 2366 ,
1714 2304 1808 2357 καὶ
1841 2303 1976 2372 μήτε

391 2396 478 2449 ἀεὶ
494 2399 562 2467 τῇ
601 2396 791 2467 Ῥώμῃ
819 2397 1103 2468 σχολάζειν
1128 2397 1450 2467 δυνάμενος,
1492 2398 1565 2467 μή
1578 2396 1620 2449 τ’
1645 2395 1713 2451 αὖ
1742 2398 1976 2467 ἄναρχον

388 2484 562 2556 αὐτὴν
600 2486 955 2540 καταλείπειν
983 2484 1221 2557 τολμῶν,
1254 2488 1439 2557 ἐζήτει
1479 2488 1616 2559 αὐτῇ
1684 2487 1976 2555 ἐπιστῆσαί

388 2593 532 2630 τινα.
581 2578 690 2629 Καὶ
735 2576 918 2647 ἔκρινε
952 2578 1053 2648 μὲν
1113 2581 1206 2633 τὸν
1262 2580 1581 2650 Ἀγρίππαν
1643 2581 1782 2651 πρὸς
1844 2581 1977 2633 αὐτὸ

390 2666 852 2736 ἐπιτηδειότατον,
900 2668 1185 2740 βουληθεὶς
1208 2670 1264 2723 δὲ
1296 2671 1392 2731 καὶ
1419 2671 1606 2741 μεῖζον
1642 2671 1792 2741 αὐτῷ
1824 2689 1979 2741 περι-

390 2758 562 2811 θεῖναι
591 2759 830 2830 ἀξίωμα,
859 2760 946 2815 ἵνα
973 2763 1037 2814 ἐκ
1067 2762 1258 2816 τούτου
1290 2763 1421 2834 ῥᾷον
1447 2761 1627 2816 αὐτῶν
1651 2763 1816 2835 ἄρχῃ,
1843 2781 1976 2816 κατε

387 2851 704 2919 ηνάγκασεν
764 2852 929 2906 αὐτὸν
967 2856 1067 2925 τὴν
1123 2859 1357 2922 γυναῖκα
1418 2855 1644 2925 ἀφέντα,
1702 2858 1768 2926 τῇ
1814 2854 1975 2908 αὑτοῦ

392 2941 626 3011 θυγατρὶ
659 2944 983 3013 συνοικῆσαι
1011 2948 1077 3015 τῇ
1110 2944 1329 3017 Ἰουλίᾳ,
1371 2948 1464 2999 καὶ
1495 2949 1554 3008 ἐς
1608 2945 1706 3015 τὴν
1756 2945 1975 3014 Ῥώμην

390 3035 590 3087 αὐτίκα
613 3034 706 3087 ἐπί
731 3053 789 3088 τε
824 3037 903 3105 τῷ
930 3038 1096 3107 γάμῳ
1129 3040 1220 3091 καὶ
1244 3040 1336 3091 ἐπὶ
1377 3042 1445 3109 τῇ
1479 3039 1852 3110 μεταχειρίσει
1875 3038 1976 3107 τῆς

388 3125 599 3187 πόλεως
621 3125 859 3196 ἔπεμψε,
881 3128 971 3180 διά
998 3144 1059 3182 τε
1089 3128 1258 3182 τᾶλλα
1290 3131 1386 3184 καὶ
1409 3131 1491 3184 ὅτι
1540 3131 1827 3201 Μαικήνας
1855 3124 1975 3182 εἷπε

387 3214 466 3285 τῷ
531 3216 794 3288 Καίσαρι,
842 3219 916 3281 ὡς
977 3220 1342 3286 Τηλικοῦτον
1406 3221 1596 3276 αὑτὸν
1642 3221 1976 3288 πεποίηκας

394 3306 554 3362 ὥστε
583 3308 621 3378 ἣ
653 3313 916 3379 γαμϐρόν
945 3328 1063 3366 σου
1096 3313 1372 3381 γενέσθαι
1409 3314 1645 3383 χρῆναι,
1694 3313 1732 3381 ἢ
1761 3330 1977 3382 φονευ-

388 3399 593 3469 θῆναι.
638 3401 956 3473 Ἀγρίππας
994 3404 1086 3457 οὖν
1118 3405 1364 3458 οἰδοῦντα
1394 3405 1571 3476 εὑρὼν
1597 3407 1654 3458 ἐν
1682 3408 1749 3476 τῇ
1790 3403 1979 3477 Ῥώμῃ

388 3491 460 3546 τὰ
481 3495 784 3563 πράγματα
807 3498 1202 3567 κατεστήσατο.
1267 3495 1325 3550 '0
1374 3497 1416 3550 δ’
1464 3496 1779 3565 Αὔγουστος
1807 3495 1879 3550 τὰ
1916 3500 1976 3550 ἐν

387 3587 456 3656 τῇ
494 3585 718 3656 Σικελίᾳ
749 3586 1054 3658 διοικήσας,
1081 3591 1159 3652 είς
1181 3588 1282 3659 τὴν
1348 3589 1579 3643 Ἐλλάδα
1625 3588 1972 3660 ἐπεραιώθη,

389 3676 563 3730 καὶτὸ
604 3677 913 3750 Ἑλληνικὸν
935 3679 1214 3749 διαγαγὼν
1247 3682 1329 3744 είς
1368 3680 1466 3751 τὴν
1498 3680 1680 3751 Σάμον
1714 3680 1972 3733 ἔπλευσε.

390 3770 572 3822 Κάκεῖ
590 3771 887 3840 χειμάσας,
905 3773 985 3834 είς
1009 3772 1110 3842 τὴν
1138 3771 1328 3824 Ἀσίαν
1355 3775 1412 3825 ἐν
1443 3773 1519 3842 τῷ
1544 3773 1664 3842 ἔαρι
1682 3771 1971 3842 ἐκομίσθη,

390 3862 487 3913 καὶ
522 3860 591 3912 τά
617 3862 735 3914 ἐκεῖ
760 3863 856 3915 καὶ
883 3862 953 3914 τὰ
990 3865 1048 3915 ἐν
1079 3866 1143 3935 τῇ
1181 3862 1408 3934 Βιθυνίᾳ.
1431 3862 1644 3927 διέταξε
1692 3866 1815 3917 καὶ,
1846 3862 1975 3926 τοὺς

391 3949 735 4021 Κυζικηνοὺς
773 3950 1132 4017 ἐδουλώσατο,
1163 3954 1244 4006 ὅτι
1302 3954 1606 4024 Ῥωμαίους
1639 3952 1794 4015 τινὰς
1866 3968 1971 4020 μα-

393 4041 760 4107 στιγώσαντες
782 4042 1056 4097 ἔκτειναν.
1089 4043 1163 4096 Τὸ
1185 4045 1317 4097 αὐτὸ
1345 4046 1401 4097 δὲ
1439 4046 1532 4097 καὶ
1577 4047 1691 4108 τοῖς
1753 4044 1974 4114 Τυρίοις

393 4132 621 4195 καὶτοῖς
651 4133 928 4197 Σιδωνίοις
960 4136 1241 4207 ἐποίησεν,
1268 4139 1325 4190 ἐν
1352 4139 1419 4208 τῇ
1450 4137 1623 4207 Συρία
1660 4138 1977 4207 γενόμενος.

406 4221 469 4274 Ἢ
507 4222 702 4275 Ἰουλία
728 4224 786 4277 δὲ
829 4225 924 4277 τὸν
958 4227 1119 4281 Γάϊον
1148 4229 1320 4280 ἔτεκε.
1355 4228 1463 4280 Καὶ
1494 4228 1522 4280 ό
1548 4225 1857 4295 Αὔγουστος
1880 4226 1973 4279 ἐθ-

389 4312 498 4364 νῶν
528 4313 827 4383 ἡγεμονίας
857 4318 965 4367 τισὶ
987 4316 1236 4379 δεδωκὼς
1264 4317 1571 4387 ἐπανῆλθεν
1620 4318 1702 4380 είς
1763 4318 1968 4388 Σάμονο

390 4405 555 4456 κάκεῖ
576 4405 670 4457 καὶ
687 4404 846 4467 αὖθις
872 4407 1131 4478 ἐχείμασε
1158 4411 1250 4461 καὶ
1299 4409 1468 4461 πολλὰ
1515 4409 1808 4480 διῴκησεν.
1839 4410 1972 4479 Ἀφ-

2080 1926 2433 1995 perspicuum
2465 1936 2633 1994 esset,
2689 1929 2966 1987 Romanos
3015 1933 3186 1989 libera
3241 1939 3520 2005 republica
3572 1942 3661 1995 in-

2080 2019 2328 2072 columes
2353 2035 2472 2073 esse
2502 2035 2610 2073 non
2652 2036 2832 2090 posse.
2868 2023 2943 2077 Ita
2974 2024 3121 2077 enim
3150 2029 3467 2085 tumultuati
3500 2041 3653 2096 sunt.

2081 2108 2154 2162 ita
2190 2110 2483 2166 turbarunt
2505 2113 2710 2179 omnia,
2744 2124 2802 2169 ut
2826 2116 3107 2187 Augustus
3145 2136 3174 2174 a
3206 2124 3658 2191 prudentioribus

2079 2210 2478 2257 accerseretur.
2519 2203 2574 2258 ld
2617 2206 2809 2275 iniquo
2838 2209 3020 2263 ferens
3064 2214 3271 2279 animo,
3317 2230 3442 2271 cum
3475 2234 3657 2287 neque

2080 2288 2268 2344 Romae
2314 2306 2533 2362 semper
2572 2310 2767 2350 vacare
2797 2309 3018 2367 posset,
3068 2318 3248 2373 neque
3297 2307 3487 2363 urbem
3537 2310 3657 2366 sine

2080 2382 2403 2452 magistratu
2473 2384 2790 2455 relinquere
2861 2390 3143 2461 auderet,
3181 2397 3249 2450 de
3296 2397 3504 2468 aliquo,
3564 2404 3656 2459 cui

2079 2486 2349 2526 summam
2384 2489 2568 2528 rerum
2620 2478 2926 2544 mandaret,
2956 2481 3250 2553 deligendo
3305 2489 3651 2548 deliberavit.

2078 2563 2249 2628 Quam
2282 2563 2350 2618 ad
2383 2579 2497 2619 rem
2525 2580 2650 2620 cum
2701 2568 3020 2637 aptissimus
3066 2574 3305 2645 Agrippa
3346 2579 3652 2647 videretur,

2078 2664 2133 2707 ct
2165 2669 2275 2723 quo
2321 2656 2511 2726 majori
2554 2667 2702 2713 esset
2751 2663 3102 2730 auctoritate,
3139 2665 3459 2736 dignitatem
3506 2674 3655 2731 illius

2078 2760 2279 2814 augere
2334 2747 2519 2814 vellet,
2551 2764 2677 2804 eum
2728 2752 2927 2822 coegit,
2980 2757 3169 2813 relicta
3207 2775 3403 2827 uxore,
3447 2763 3650 2820 Juliam

2080 2840 2246 2894 filiam
2279 2841 2500 2906 ducere,
2533 2859 2595 2898 ac
2622 2845 2808 2899 statim
2837 2847 3062 2903 Romam
3087 2860 3145 2906 et
3175 2853 3241 2907 ad
3275 2857 3494 2925 nuptias
3524 2874 3656 2913 con-

2083 2935 2398 3001 trahendas,
2422 2946 2479 2991 et
2509 2937 2577 2991 ad
2606 2939 2984 3009 magistratum
3012 2942 3338 3009 ineundum,
3360 2948 3506 3020 (cum
3531 2951 3656 3005 aliis

2080 3027 2147 3079 de
2179 3028 2382 3090 causis,
2423 3036 2537 3082 tum
2565 3030 2711 3099 quod
2745 3029 3009 3089 Maecenas
3035 3035 3271 3100 dixerat,
3305 3053 3424 3092 eum
3444 3049 3653 3094 tantum

2079 3133 2188 3170 esse
2215 3117 2415 3186 factum
2439 3119 2503 3172 ab
2534 3121 2646 3186 ipso
2678 3119 2914 3187 Cwsare,
2945 3132 3005 3177 ut
3042 3134 3135 3178 aut
3164 3144 3414 3195 generum
3468 3131 3651 3202 deligi,

2082 3215 2177 3260 aut
2211 3209 2379 3262 occidi
2409 3218 2696 3278 aporteret,
2728 3212 3019 3283 ablegavit.
3052 3217 3294 3286 Agrippa
3326 3218 3492 3288 igitur
3533 3236 3649 3276 rem

2076 3299 2375 3353 Romanam
2412 3301 2764 3357 ﬂuctuantem
2794 3307 3123 3375 composuit,
3149 3308 3425 3380 Augustus
3457 3311 3652 3368 Sicilia

2076 3393 2327 3448 ordinata
2372 3395 2428 3449 in
2489 3396 2753 3451 Graeciam
2817 3400 3035 3469 trajecit
3091 3418 3105 3455 :
3157 3418 3264 3473 qua
3333 3406 3654 3471 constituta,

2077 3486 2298 3542 Samum
2350 3489 2650 3558 navigavit.
2714 3491 2903 3561 Ibique
2967 3494 3151 3550 hieme
3199 3508 3412 3561 exacta,
3482 3515 3653 3555 verno

2079 3587 2327 3649 tempore
2362 3582 2416 3635 in
2450 3581 2634 3636 Asiam
2669 3586 2969 3653 profectus,
3007 3603 3131 3642 cum
3158 3604 3279 3643 eam
3311 3591 3650 3661 provinciam

2077 3677 2133 3723 et
2166 3669 2477 3739 Bithyniam
2519 3673 2849 3738 ordinasset,
2896 3675 3197 3746 Cyzicenos
3244 3679 3299 3732 in
3331 3681 3652 3735 servitutem

2077 3758 2311 3830 redegit.
2347 3762 2491 3830 quod
2518 3763 2795 3820 Romanos
2820 3766 2968 3821 cives
3000 3767 3184 3838 ﬂagris
3221 3785 3390 3826 caesos
3430 3773 3638 3827 occide.

2078 3864 2223 3909 rant.
2269 3855 2475 3910 Eodem
2528 3857 2692 3912 modo
2740 3858 2936 3929 Tyrios
2994 3869 3050 3915 et
3100 3861 3378 3926 Sidonios,
3420 3879 3546 3919 cum
3594 3869 3652 3921 in

2078 3945 2291 4019 Syriam
2345 3949 2608 4011 venisset,
2655 3952 2930 4006 tractavit.
2958 4011 2965 4019 ,
2993 3952 3207 4007 Interea
3255 3955 3399 4009 Julia
3458 3955 3651 4011 Caium

2076 4037 2294 4107 peperit
2331 4055 2343 4089 :
2375 4044 2654 4108 Augustus
2679 4078 2692 4102 ,
2729 4039 2821 4094 ubi
2857 4047 3037 4095 certos
3067 4041 3321 4097 homines
3355 4046 3604 4112 provinci
3629 4062 3657 4100 s

2076 4124 2347 4194 praefecit,
2385 4125 2570 4180 denuo
2622 4125 2769 4181 Sami
2821 4128 3153 4196 hibernavit,
3219 4130 3408 4201 ibique
3467 4135 3655 4190 multis

2078 4217 2313 4286 negotiis
2342 4224 2399 4271 et
2448 4218 2702 4288 plurimis
2733 4219 3105 4290 legationibus
3150 4222 3441 4280 audiendis
3488 4240 3654 4282 occu—

2078 4316 2239 4378 patus
2273 4307 2395 4362 fuit.
2429 4309 2568 4363 Tum
2615 4310 2729 4365 ludi
2776 4310 3074 4366 amicitiam
3109 4327 3235 4367 cum
3279 4328 3347 4369 eo
3376 4315 3649 4382 fecerunt,

2082 4398 2375 4468 tigridibus
2433 4400 2578 4480 dono
2625 4400 2812 4455 datis:
2847 4415 2986 4470 quas
3038 4401 3270 4457 Romani
3323 4411 3440 4460 tum
3492 4406 3655 4480 536

393 4493 569 4549 ίκοντο
601 4498 712 4567 γὰρ
732 4476 970 4551 ἐνταῦθα
998 4476 1287 4570 πρεσϐεῖαι
1313 4476 1701 4553 πλεῖσταιο-καλ
1729 4502 1779 4554 οἱ
1805 4476 1965 4556 Ἰνδοὶ

2079 4489 2318 4558 primum
2354 4476 2631 4544 viderunt.
2683 4492 2869 4546 Romae
2910 4501 3094 4547 autem
3124 4493 3306 4548 denuo
3349 4476 3653 4552 tumultua:-

387 4584 508 4636 τότε
539 4586 721 4652 φιλίαν
752 4588 1101 4657 ἐποιήσαντο,
1137 4587 1285 4658 δῶρα
1304 4589 1621 4659 πέμψαντες
1638 4589 1773 4642 ἄλλα
1792 4607 1850 4642 τε
1875 4593 1970 4644 καὶ

387 4676 622 4746 τίγρεις,
655 4678 872 4748 πρῶτον
897 4679 1019 4732 τότε
1067 4678 1362 4751 Ῥωμαίοις
1393 4680 1676 4748 ὀφθείσας.
1716 4680 1882 4744 Αὖθίς
1911 4699 1970 4735 τε

391 4768 579 4831 στάσις
610 4772 667 4821 ἐν
690 4772 756 4841 τῇ
795 4768 985 4843 Ῥώμῃ
1011 4772 1233 4840 συνέϐη,
1265 4773 1359 4826 καὶ
1383 4774 1591 4840 σφαγαὶ
1607 4774 1862 4842 γεγόνασι
1883 4775 1973 4828 διὰ

388 4860 487 4922 τὰς
507 4862 618 4913 τῶν
657 4862 879 4915 ὑπάτων
914 4864 1299 4933 ἀρχαιρεσίας.
1344 4863 1550 4919 Μαθὼν
1603 4860 1696 4918 οὖν
1749 4865 1902 4919 ταῦθ’
1942 4869 1970 4919 ό

392 4951 633 5020 Καῖσαρ,
668 4953 764 5005 καὶ
801 4952 1033 5007 συνιδὼν
1055 4953 1139 5006 ὅτι
1171 4953 1322 5005 οὐδὲν
1355 4954 1528 5024 πέρας
1557 4956 1848 5025 γενήσεται
1874 4955 1970 5008 τοῦ

393 5041 589 5108 κακοῦ,
617 5043 696 5106 είς
717 5045 816 5115 τὴν
853 5045 1072 5114 Ῥώμην
1101 5045 1338 5116 ἠπείχθη
1371 5047 1464 5099 καὶ
1503 5046 1665 5109 αὐτὸς
1689 5047 1971 5111 ἀπέδειξεν

396 5135 631 5191 ὕπατον.
659 5138 812 5191 Ἐπεὶ
843 5138 899 5192 δὲ
921 5139 1229 5209 ὑπαντῆσαι
1253 5139 1402 5210 αὐτῴ
1435 5139 1635 5202 πάντες
1659 5157 1971 5209 παρεσκευ-

392 5229 606 5293 ἀζοντο,
632 5229 852 5301 νύκτωρ
882 5233 960 5296 είς
992 5232 1090 5304 τὴν
1142 5232 1300 5285 πόλιν
1353 5232 1729 5302 ἀνεκομίσθη*
1791 5232 1819 5285 ὃ
1875 5233 1972 5286 καὶ

391 5320 652 5384 πολλάκις
692 5322 939 5392 ἐποίησε,
976 5325 1070 5376 καὶ
1104 5323 1265 5389 ἐξιὼν
1294 5322 1387 5375 τοῦ
1426 5323 1619 5387 ἄστεος
1650 5325 1744 5376 καὶ
1802 5326 1971 5377 ἐπαν-

394 5409 508 5475 ιὼν,
539 5413 627 5465 ἵνα
679 5413 871 5484 μηδενὶ
892 5414 1121 5485 ὀχληρὸς
1145 5416 1254 5485 εἴη.
1297 5411 1432 5466 Εἶτα
1458 5415 1565 5467 τῶν
1602 5416 1820 5485 τρόπων
1850 5417 1972 5469 ἐπι-

394 5502 634 5573 μελητὴς
676 5506 770 5557 καὶ
814 5505 1050 5575 τιμητὴς
1090 5507 1170 5569 εἰς
1226 5505 1556 5559 πενταετίαν
1593 5505 1970 5575 παρακληθεὶς

389 5594 813 5664 ἐχειροτονήθη·
850 5596 948 5666 τὴν
983 5595 1040 5648 δὲ
1067 5597 1175 5648 τῶν
1227 5597 1450 5649 ὑπάτων
1507 5595 1672 5667 τιμὴν
1715 5595 1803 5648 διὰ
1851 5595 1966 5665 βίου

390 5683 572 5737 ἔλαϐε.
626 5685 803 5739 Τινῶν
828 5685 874 5738 δ’
906 5686 1088 5749 αἰτίας
1125 5686 1364 5756 σχόντων
1414 5686 1791 5739 ἐπιϐουλεύειν
1818 5686 1970 5755 αὐτῷ

391 5777 484 5829 καὶ
509 5776 586 5847 τῷ
614 5776 927 5848 Ἀγρίππα,
956 5777 1151 5841 ἄλλους
1178 5776 1277 5845 μέν
1309 5793 1460 5839 τινας
1517 5776 1805 5832 ἐδικαίωσε
1825 5792 1840 5810 ·
1873 5777 1967 5833 τὸν

712 5877 984 5936 l’nnOL.
1031 5874 1119 5934 Gn
1135 5920 1149 5936 .
1181 5875 1529 5941 (XXXle.

2078 4590 2192 4635 tum
2239 4591 2324 4636 est
2371 4583 2441 4637 ob
2476 4582 2698 4636 comitia
2747 4584 3079 4647 consularia,
3129 4594 3186 4639 et
3239 4585 3416 4641 caedes
3471 4588 3647 4644 factae.

2073 4673 2193 4740 Quo
2218 4674 2438 4744 cognito
2472 4674 2691 4740 Caesar,
2724 4677 2850 4746 quia
2893 4677 3101 4731 nullum
3142 4678 3269 4731 mali
3319 4677 3484 4734 ﬁnem
3532 4682 3651 4737 fore

2074 4764 2442 4834 providebat,‘
2476 4765 2707 4820 Romam
2767 4783 2999 4837 propere
3046 4769 3373 4836 contendit,
3426 4780 3484 4826 et
3535 4773 3652 4843 ipse

2073 4857 2362 4910 consulem
2395 4856 2722 4926 designavit.
2759 4860 2823 4912 Et
2863 4860 2990 4929 quia
3026 4875 3084 4915 se
3132 4876 3325 4916 omnes
3357 4874 3414 4915 ut
3455 4878 3653 4933 proce-

2072 4945 2267 5000 derent
2313 4948 2530 5001 obviam
2597 4949 2884 5015 parabant,
2934 4960 3098 5005 noctu
3161 4952 3440 5022 ingressus
3497 4966 3584 5009 est
3633 4972 3650 5008 :

2072 5047 2236 5107 atque
2274 5039 2324 5094 id
2362 5050 2468 5093 Iam
2506 5040 2563 5094 in
2604 5056 2832 5111 egressu
2864 5058 3026 5111 quam
3070 5044 3314 5113 ingressu
3353 5044 3508 5099 urbis
3546 5060 3651 5099 sre-

2073 5132 2198 5200 pius
2228 5132 2379 5200 fecit,
2412 5150 2481 5189 ne
2510 5136 2768 5205 cuiquam
2813 5143 2961 5189 esset
2986 5138 3185 5204 gravis.
3225 5135 3433 5189 Deinde
3466 5138 3650 5203 preci-

2072 5220 2177 5277 bus
2205 5222 2275 5276 ab
2320 5238 2387 5278 eo
2419 5223 2769 5292 impetratum
2801 5233 2906 5287 est,
2961 5234 3021 5277 ut
3065 5239 3279 5277 morum
3329 5226 3647 5293 magistrum

2072 5322 2130 5369 et
2158 5330 2444 5369 censorem
2480 5315 2534 5368 in
2562 5314 2998 5385 quinquennium
3031 5330 3088 5368 se
3118 5314 3290 5367 creari
3317 5324 3599 5383 pateretur
3630 5332 3646 5369 :

2072 5406 2417 5461 consularem
2470 5422 2601 5461 vero
2665 5406 2986 5476 dignitatem
3045 5406 3101 5458 in
3155 5420 3374 5459 onmem
3432 5417 3647 5461 aetatem

2072 5501 2305 5568 accepit.
2348 5498 2487 5554 Cum
2521 5498 2743 5568 quidam
2777 5498 2847 5552 ob
2893 5497 3141 5559 insidias,
3172 5513 3311 5566 quas
3355 5507 3413 5553 et
3457 5498 3560 5568 ipsi
3593 5509 3650 5554 et

2074 5590 2324 5660 Agrippae
2350 5590 2633 5654 fecissent,
2679 5588 2923 5643 accusati
2967 5598 3174 5652 essent,
3210 5589 3347 5644 alios
3380 5590 3647 5659 quosdam

2074 5681 2348 5750 supplicio
2402 5680 2587 5735 aﬂ‘ecit
2622 5698 2635 5734 :
2673 5679 2942 5748 Lepidum
3003 5688 3187 5733 autem
3235 5696 3359 5734 cum
3409 5681 3530 5735 alis
3578 5682 3648 5736 de

2072 5773 2278 5840 causis,
2322 5782 2437 5827 tum
2486 5772 2556 5827 ob
2606 5772 2835 5826 insidias
2884 5788 2915 5825 a
2964 5771 3077 5827 lilio
3129 5772 3277 5827 illius
3324 5772 3430 5827 sibi
3475 5774 3648 5826 lactes

3241 5864 3319 5926 '29
