  <div class='ocr_page' id='page_1' title='image "/cluster/home/n/w/nwhite01/storage/ocr_20150623/134:no.1/coo.31924054870393/461.png"; bbox 0 0 4048 6394; ppageno 0'>
   <div class='ocr_carea' id='block_1_1' title="bbox 493 362 599 426">
    <p class='ocr_par' dir='ltr' id='par_1_1' title="bbox 493 362 599 426">
     <span class='ocr_line' id='line_1_1' title="bbox 493 362 599 426; baseline -0.038 0"><span class='ocrx_word' id='word_1_1' title='bbox 493 362 599 426; x_wconf 76' lang='lat'><strong>907</strong></span> 
     </span>
    </p>
   </div>
   <div class='ocr_carea' id='block_1_2' title="bbox 1752 352 2437 412">
    <p class='ocr_par' dir='ltr' id='par_1_2' title="bbox 1752 352 2437 412">
     <span class='ocr_line' id='line_1_2' title="bbox 1752 352 2437 412; baseline -0.003 0"><span class='ocrx_word' id='word_1_2' title='bbox 1752 352 2080 412; x_wconf 75' lang='lat' dir='ltr'><strong>JOANNlS</strong></span> <span class='ocrx_word' id='word_1_3' title='bbox 2115 352 2437 410; x_wconf 57' lang='lat' dir='ltr'><strong>ZONARJE</strong></span> 
     </span>
    </p>
   </div>
   <div class='ocr_carea' id='block_1_3' title="bbox 3656 364 3749 423">
    <p class='ocr_par' dir='ltr' id='par_1_3' title="bbox 3656 364 3749 423">
     <span class='ocr_line' id='line_1_3' title="bbox 3656 364 3749 423; baseline 0 -1"><span class='ocrx_word' id='word_1_4' title='bbox 3656 364 3749 423; x_wconf 70' lang='lat'><strong>908</strong></span> 
     </span>
    </p>
   </div>
   <div class='ocr_carea' id='block_1_4' title="bbox 486 462 2072 539">
    <p class='ocr_par' dir='ltr' id='par_1_4' title="bbox 486 464 2060 532">
     <span class='ocr_line' id='line_1_4' title="bbox 486 464 2060 532; baseline -0.008 -4"><span class='ocrx_word' id='word_1_5' title='bbox 486 474 746 532; x_wconf 82' lang='lat' dir='ltr'><strong>invisum.</strong></span> <span class='ocrx_word' id='word_1_6' title='bbox 794 485 901 524; x_wconf 87' lang='lat' dir='ltr'><strong>non</strong></span> <span class='ocrx_word' id='word_1_7' title='bbox 951 469 1171 532; x_wconf 84' lang='lat' dir='ltr'><strong>occidit,</strong></span> <span class='ocrx_word' id='word_1_8' title='bbox 1212 467 1305 524; x_wconf 84' lang='lat' dir='ltr'><strong>scd</strong></span> <span class='ocrx_word' id='word_1_9' title='bbox 1339 469 1475 523; x_wconf 84' lang='lat' dir='ltr'><strong>alias</strong></span> <span class='ocrx_word' id='word_1_10' title='bbox 1521 466 1679 520; x_wconf 68' lang='lat' dir='ltr'><strong>aliter</strong></span> <span class='ocrx_word' id='word_1_11' title='bbox 1716 464 1958 518; x_wconf 88' lang='lat' dir='ltr'><strong>ludibrio</strong></span> <span class='ocrx_word' id='word_1_12' title='bbox 2007 470 2060 517; x_wconf 88' lang='lat' dir='ltr'><strong>ct</strong></span> 
     </span>
    </p>
   </div>
   <div class='ocr_carea' id='block_1_5' title="bbox 2173 462 3748 539">
    <p class='ocr_par' dir='ltr' id='par_1_5' title="bbox 2173 462 3748 539">
     <span class='ocr_line' id='line_1_5' title="bbox 2173 462 3748 539; baseline 0.007 -24"><span class='ocrx_word' id='word_1_13' title='bbox 2173 463 2221 515; x_wconf 73' lang='grc' dir='ltr'><strong>δὲ</strong></span> <span class='ocrx_word' id='word_1_14' title='bbox 2247 463 2477 516; x_wconf 77' lang='grc' dir='ltr'><strong>Λέπιδον</strong></span> <span class='ocrx_word' id='word_1_15' title='bbox 2507 462 2688 532; x_wconf 76' lang='grc' dir='ltr'><strong>ἐμίσει</strong></span> <span class='ocrx_word' id='word_1_16' title='bbox 2720 462 2818 532; x_wconf 84' lang='grc' dir='ltr'><strong>μὲν</strong></span> <span class='ocrx_word' id='word_1_17' title='bbox 2847 466 2940 517; x_wconf 79' lang='grc' dir='ltr'><strong>καὶ</strong></span> <span class='ocrx_word' id='word_1_18' title='bbox 2969 465 3036 517; x_wconf 77' lang='grc' dir='ltr'><strong>δι’</strong></span> <span class='ocrx_word' id='word_1_19' title='bbox 3082 465 3236 531; x_wconf 73' lang='grc' dir='ltr'><strong>ἄλλα,</strong></span> <span class='ocrx_word' id='word_1_20' title='bbox 3281 466 3381 518; x_wconf 83' lang='grc' dir='ltr'><strong>καί</strong></span> <span class='ocrx_word' id='word_1_21' title='bbox 3438 468 3524 522; x_wconf 74' lang='grc' dir='ltr'><strong>ὅτι</strong></span> <span class='ocrx_word' id='word_1_22' title='bbox 3572 470 3600 521; x_wconf 91' lang='grc' dir='ltr'>ὁ</span> <span class='ocrx_word' id='word_1_23' title='bbox 3647 473 3748 539; x_wconf 82' lang='grc' dir='ltr'><strong>υἱὸς</strong></span> 
     </span>
    </p>
   </div>
   <div class='ocr_carea' id='block_1_6' title="bbox 485 559 2063 633">
    <p class='ocr_par' dir='ltr' id='par_1_6' title="bbox 485 559 2063 633">
     <span class='ocr_line' id='line_1_6' title="bbox 485 559 2063 633; baseline -0.008 -13"><span class='ocrx_word' id='word_1_24' title='bbox 485 565 827 633; x_wconf 86' lang='lat' dir='ltr'><strong>contemptui</strong></span> <span class='ocrx_word' id='word_1_25' title='bbox 876 563 1090 619; x_wconf 99' lang='lat' dir='ltr'><strong>habuit.</strong></span> <span class='ocrx_word' id='word_1_26' title='bbox 1126 564 1332 617; x_wconf 70' lang='lat' dir='ltr'><strong>Prancr</strong></span> <span class='ocrx_word' id='word_1_27' title='bbox 1364 564 1512 632; x_wconf 79' lang='lat' dir='ltr'><strong>leges</strong></span> <span class='ocrx_word' id='word_1_28' title='bbox 1553 562 1709 621; x_wconf 77' lang='lat' dir='ltr'><strong>alias,</strong></span> <span class='ocrx_word' id='word_1_29' title='bbox 1744 559 1890 613; x_wconf 86' lang='lat' dir='ltr'><strong>illam</strong></span> <span class='ocrx_word' id='word_1_30' title='bbox 1925 570 2063 626; x_wconf 89' lang='lat' dir='ltr'><strong>quo-</strong></span> 
     </span>
    </p>
   </div>
   <div class='ocr_carea' id='block_1_7' title="bbox 487 650 2063 725">
    <p class='ocr_par' dir='ltr' id='par_1_7' title="bbox 487 650 2063 725">
     <span class='ocr_line' id='line_1_7' title="bbox 487 650 2063 725; baseline -0.005 -17"><span class='ocrx_word' id='word_1_31' title='bbox 487 671 593 725; x_wconf 88' lang='lat' dir='ltr'><strong>que</strong></span> <span class='ocrx_word' id='word_1_32' title='bbox 625 657 773 719; x_wconf 92' lang='lat' dir='ltr'><strong>tulit,</strong></span> <span class='ocrx_word' id='word_1_33' title='bbox 808 665 867 708; x_wconf 90' lang='lat' dir='ltr'><strong>ut</strong></span> <span class='ocrx_word' id='word_1_34' title='bbox 894 654 986 724; x_wconf 85' lang='lat' dir='ltr'><strong>qui</strong></span> <span class='ocrx_word' id='word_1_35' title='bbox 1017 654 1070 707; x_wconf 90' lang='lat' dir='ltr'><strong>in</strong></span> <span class='ocrx_word' id='word_1_36' title='bbox 1103 654 1343 708; x_wconf 76' lang='lat' dir='ltr'><strong>comitiis</strong></span> <span class='ocrx_word' id='word_1_37' title='bbox 1376 650 1635 720; x_wconf 80' lang='lat' dir='ltr'><strong>suﬂ&#39;ragia</strong></span> <span class='ocrx_word' id='word_1_38' title='bbox 1665 651 2063 715; x_wconf 77' lang='lat' dir='ltr'><strong>corrupissent,</strong></span> 
     </span>
    </p>
   </div>
   <div class='ocr_carea' id='block_1_8' title="bbox 492 738 2067 817">
    <p class='ocr_par' dir='ltr' id='par_1_8' title="bbox 492 738 2067 817">
     <span class='ocr_line' id='line_1_8' title="bbox 492 738 2067 817; baseline -0.007 -16"><span class='ocrx_word' id='word_1_39' title='bbox 492 747 905 817; x_wconf 80' lang='lat' dir='ltr'><strong>magistratibus</strong></span> <span class='ocrx_word' id='word_1_40' title='bbox 942 745 1385 817; x_wconf 82' lang='lat' dir='ltr'><strong>quinquennium</strong></span> <span class='ocrx_word' id='word_1_41' title='bbox 1431 742 1882 798; x_wconf 73' lang='lat' dir='ltr'><strong>excluderentur.</strong></span> <span class='ocrx_word' id='word_1_42' title='bbox 1934 738 2067 791; x_wconf 62' lang='lat' dir='ltr'><strong>Vitae</strong></span> 
     </span>
    </p>
   </div>
   <div class='ocr_carea' id='block_1_9' title="bbox 491 836 2067 908">
    <p class='ocr_par' dir='ltr' id='par_1_9' title="bbox 491 836 2067 908">
     <span class='ocr_line' id='line_1_9' title="bbox 491 836 2067 908; baseline -0.007 -15"><span class='ocrx_word' id='word_1_43' title='bbox 491 840 666 893; x_wconf 62' lang='lat' dir='ltr'><strong>caelibi</strong></span> <span class='ocrx_word' id='word_1_44' title='bbox 693 850 802 894; x_wconf 87' lang='lat' dir='ltr'><strong>tam</strong></span> <span class='ocrx_word' id='word_1_45' title='bbox 837 838 1081 893; x_wconf 88' lang='lat' dir='ltr'><strong>virorum</strong></span> <span class='ocrx_word' id='word_1_46' title='bbox 1125 853 1289 908; x_wconf 88' lang='lat' dir='ltr'><strong>quam</strong></span> <span class='ocrx_word' id='word_1_47' title='bbox 1335 836 1628 891; x_wconf 84' lang='lat' dir='ltr'><strong>mulierum</strong></span> <span class='ocrx_word' id='word_1_48' title='bbox 1661 847 1879 903; x_wconf 73' lang='lat' dir='ltr'><strong>pmnas,</strong></span> <span class='ocrx_word' id='word_1_49' title='bbox 1931 845 2067 884; x_wconf 82' lang='lat' dir='ltr'><strong>eun-</strong></span> 
     </span>
    </p>
   </div>
   <div class='ocr_carea' id='block_1_10' title="bbox 485 923 2062 1000">
    <p class='ocr_par' dir='ltr' id='par_1_10' title="bbox 485 923 2062 1000">
     <span class='ocr_line' id='line_1_10' title="bbox 485 923 2062 1000; baseline -0.008 -15"><span class='ocrx_word' id='word_1_50' title='bbox 485 932 639 997; x_wconf 72' lang='lat' dir='ltr'><strong>jugio</strong></span> <span class='ocrx_word' id='word_1_51' title='bbox 665 939 722 985; x_wconf 92' lang='lat' dir='ltr'><strong>et</strong></span> <span class='ocrx_word' id='word_1_52' title='bbox 746 931 1114 1000; x_wconf 64' lang='lat' dir='ltr'><strong>procredioni</strong></span> <span class='ocrx_word' id='word_1_53' title='bbox 1141 931 1443 985; x_wconf 90' lang='lat' dir='ltr'><strong>liberorum</strong></span> <span class='ocrx_word' id='word_1_54' title='bbox 1474 928 1696 998; x_wconf 63' lang='lat' dir='ltr'><strong>praemia</strong></span> <span class='ocrx_word' id='word_1_55' title='bbox 1730 923 2019 994; x_wconf 76' lang='lat' dir='ltr'><strong>proposuit</strong></span> <span class='ocrx_word' id='word_1_56' title='bbox 2049 937 2062 973; x_wconf 88' lang='lat'><strong>:</strong></span> 
     </span>
    </p>
   </div>
   <div class='ocr_carea' id='block_1_11' title="bbox 489 1011 2063 1087">
    <p class='ocr_par' dir='ltr' id='par_1_11' title="bbox 489 1011 2063 1087">
     <span class='ocr_line' id='line_1_11' title="bbox 489 1011 2063 1087; baseline -0.004 -15"><span class='ocrx_word' id='word_1_57' title='bbox 489 1028 547 1072; x_wconf 91' lang='lat' dir='ltr'><strong>et</strong></span> <span class='ocrx_word' id='word_1_58' title='bbox 575 1019 702 1087; x_wconf 87' lang='lat' dir='ltr'><strong>quia</strong></span> <span class='ocrx_word' id='word_1_59' title='bbox 745 1019 930 1086; x_wconf 80' lang='lat' dir='ltr'><strong>plures</strong></span> <span class='ocrx_word' id='word_1_60' title='bbox 960 1030 1116 1072; x_wconf 90' lang='lat' dir='ltr'><strong>erant</strong></span> <span class='ocrx_word' id='word_1_61' title='bbox 1146 1016 1363 1087; x_wconf 75' lang='lat' dir='ltr'><strong>patricii</strong></span> <span class='ocrx_word' id='word_1_62' title='bbox 1398 1031 1576 1071; x_wconf 89' lang='lat' dir='ltr'><strong>mares</strong></span> <span class='ocrx_word' id='word_1_63' title='bbox 1612 1030 1774 1085; x_wconf 86' lang='lat' dir='ltr'><strong>quam</strong></span> <span class='ocrx_word' id='word_1_64' title='bbox 1809 1011 2063 1077; x_wconf 65' lang='lat' dir='ltr'><strong>femellas,</strong></span> 
     </span>
    </p>
   </div>
   <div class='ocr_carea' id='block_1_12' title="bbox 490 1102 2064 1177">
    <p class='ocr_par' dir='ltr' id='par_1_12' title="bbox 490 1102 2064 1177">
     <span class='ocr_line' id='line_1_12' title="bbox 490 1102 2064 1177; baseline -0.004 -17"><span class='ocrx_word' id='word_1_65' title='bbox 490 1106 744 1177; x_wconf 88' lang='lat' dir='ltr'><strong>permisit</strong></span> <span class='ocrx_word' id='word_1_66' title='bbox 791 1106 956 1160; x_wconf 86' lang='lat' dir='ltr'><strong>etiam</strong></span> <span class='ocrx_word' id='word_1_67' title='bbox 1012 1107 1297 1161; x_wconf 87' lang='lat' dir='ltr'><strong>libertinas</strong></span> <span class='ocrx_word' id='word_1_68' title='bbox 1344 1105 1552 1161; x_wconf 91' lang='lat' dir='ltr'><strong>ducere</strong></span> <span class='ocrx_word' id='word_1_69' title='bbox 1601 1104 1647 1159; x_wconf 88' lang='lat' dir='ltr'><strong>si</strong></span> <span class='ocrx_word' id='word_1_70' title='bbox 1688 1104 1783 1174; x_wconf 89' lang='lat' dir='ltr'><strong>qui</strong></span> <span class='ocrx_word' id='word_1_71' title='bbox 1838 1102 2064 1167; x_wconf 84' lang='lat' dir='ltr'><strong>vellent,</strong></span> 
     </span>
    </p>
   </div>
   <div class='ocr_carea' id='block_1_13' title="bbox 492 1193 2069 1267">
    <p class='ocr_par' dir='ltr' id='par_1_13' title="bbox 492 1193 2069 1267">
     <span class='ocr_line' id='line_1_13' title="bbox 492 1193 2069 1267; baseline -0.003 -15"><span class='ocrx_word' id='word_1_72' title='bbox 492 1198 840 1253; x_wconf 87' lang='lat' dir='ltr'><strong>senatoribus</strong></span> <span class='ocrx_word' id='word_1_73' title='bbox 881 1199 1148 1267; x_wconf 80' lang='lat' dir='ltr'><strong>exceptis.</strong></span> <span class='ocrx_word' id='word_1_74' title='bbox 1184 1212 1488 1267; x_wconf 89' lang='lat' dir='ltr'><strong>eorumque</strong></span> <span class='ocrx_word' id='word_1_75' title='bbox 1530 1195 1853 1267; x_wconf 77' lang='lat' dir='ltr'><strong>progeniem</strong></span> <span class='ocrx_word' id='word_1_76' title='bbox 1886 1193 2069 1263; x_wconf 83' lang='lat' dir='ltr'><strong>legiti-</strong></span> 
     </span>
    </p>
   </div>
   <div class='ocr_carea' id='block_1_14' title="bbox 492 1284 2068 1359">
    <p class='ocr_par' dir='ltr' id='par_1_14' title="bbox 492 1284 2068 1359">
     <span class='ocr_line' id='line_1_14' title="bbox 492 1284 2068 1359; baseline -0.003 -17"><span class='ocrx_word' id='word_1_77' title='bbox 492 1304 635 1342; x_wconf 88' lang='lat' dir='ltr'><strong>matn</strong></span> <span class='ocrx_word' id='word_1_78' title='bbox 667 1303 787 1343; x_wconf 92' lang='lat' dir='ltr'><strong>esse</strong></span> <span class='ocrx_word' id='word_1_79' title='bbox 818 1290 1000 1359; x_wconf 83' lang='lat' dir='ltr'><strong>jussit.</strong></span> <span class='ocrx_word' id='word_1_80' title='bbox 1028 1288 1147 1343; x_wconf 84' lang='lat' dir='ltr'><strong>Jam</strong></span> <span class='ocrx_word' id='word_1_81' title='bbox 1176 1292 1304 1358; x_wconf 88' lang='lat' dir='ltr'><strong>quia</strong></span> <span class='ocrx_word' id='word_1_82' title='bbox 1334 1289 1585 1343; x_wconf 93' lang='lat' dir='ltr'><strong>nonnulli</strong></span> <span class='ocrx_word' id='word_1_83' title='bbox 1625 1285 1927 1341; x_wconf 81' lang='lat' dir='ltr'><strong>infantibus</strong></span> <span class='ocrx_word' id='word_1_84' title='bbox 1961 1284 2068 1339; x_wconf 85' lang='lat' dir='ltr'><strong>sibi</strong></span> 
     </span>
    </p>
   </div>
   <div class='ocr_carea' id='block_1_15' title="bbox 492 1377 2068 1452">
    <p class='ocr_par' dir='ltr' id='par_1_15' title="bbox 492 1377 2068 1452">
     <span class='ocr_line' id='line_1_15' title="bbox 492 1377 2068 1452; baseline -0.004 -17"><span class='ocrx_word' id='word_1_85' title='bbox 492 1382 798 1450; x_wconf 90' lang='lat' dir='ltr'><strong>desponsis,</strong></span> <span class='ocrx_word' id='word_1_86' title='bbox 847 1396 972 1436; x_wconf 91' lang='lat' dir='ltr'><strong>eum</strong></span> <span class='ocrx_word' id='word_1_87' title='bbox 1027 1382 1276 1436; x_wconf 79' lang='lat' dir='ltr'><strong>fraudem</strong></span> <span class='ocrx_word' id='word_1_88' title='bbox 1325 1382 1428 1452; x_wconf 80' lang='lat' dir='ltr'><strong>legi</strong></span> <span class='ocrx_word' id='word_1_89' title='bbox 1481 1381 1769 1443; x_wconf 82' lang='lat' dir='ltr'><strong>facerent,</strong></span> <span class='ocrx_word' id='word_1_90' title='bbox 1827 1377 2068 1448; x_wconf 62' lang='lat' dir='ltr'><strong>praemiis</strong></span> 
     </span>
    </p>
   </div>
   <div class='ocr_carea' id='block_1_16' title="bbox 493 1469 2069 1543">
    <p class='ocr_par' dir='ltr' id='par_1_16' title="bbox 493 1469 2069 1543">
     <span class='ocr_line' id='line_1_16' title="bbox 493 1469 2069 1543; baseline -0.003 -16"><span class='ocrx_word' id='word_1_91' title='bbox 493 1475 785 1543; x_wconf 87' lang='lat' dir='ltr'><strong>conjugum</strong></span> <span class='ocrx_word' id='word_1_92' title='bbox 803 1472 1161 1528; x_wconf 77' lang='lat' dir='ltr'><strong>fruebantur:</strong></span> <span class='ocrx_word' id='word_1_93' title='bbox 1192 1474 1393 1535; x_wconf 81' lang='lat' dir='ltr'><strong>sanxit,</strong></span> <span class='ocrx_word' id='word_1_94' title='bbox 1428 1488 1495 1527; x_wconf 88' lang='lat' dir='ltr'><strong>ne</strong></span> <span class='ocrx_word' id='word_1_95' title='bbox 1521 1488 1628 1542; x_wconf 90' lang='lat' dir='ltr'><strong>qua</strong></span> <span class='ocrx_word' id='word_1_96' title='bbox 1653 1469 1929 1540; x_wconf 80' lang='lat' dir='ltr'><strong>sponsalia</strong></span> <span class='ocrx_word' id='word_1_97' title='bbox 1981 1483 2069 1522; x_wconf 85' lang='lat' dir='ltr'><strong>ra-</strong></span> 
     </span>
    </p>
   </div>
   <div class='ocr_carea' id='block_1_17' title="bbox 495 1562 2068 1634">
    <p class='ocr_par' dir='ltr' id='par_1_17' title="bbox 495 1562 2068 1634">
     <span class='ocr_line' id='line_1_17' title="bbox 495 1562 2068 1634; baseline -0.003 -16"><span class='ocrx_word' id='word_1_98' title='bbox 495 1576 545 1619; x_wconf 91' lang='lat' dir='ltr'><strong>ta</strong></span> <span class='ocrx_word' id='word_1_99' title='bbox 584 1573 790 1630; x_wconf 86' lang='lat' dir='ltr'><strong>essent,</strong></span> <span class='ocrx_word' id='word_1_100' title='bbox 833 1565 942 1619; x_wconf 89' lang='lat' dir='ltr'><strong>nisi</strong></span> <span class='ocrx_word' id='word_1_101' title='bbox 987 1575 1109 1634; x_wconf 90' lang='lat' dir='ltr'><strong>post</strong></span> <span class='ocrx_word' id='word_1_102' title='bbox 1157 1564 1443 1619; x_wconf 87' lang='lat' dir='ltr'><strong>biennium</strong></span> <span class='ocrx_word' id='word_1_103' title='bbox 1479 1566 1685 1633; x_wconf 63' lang='lat' dir='ltr'><strong>nuptiae</strong></span> <span class='ocrx_word' id='word_1_104' title='bbox 1717 1562 2068 1617; x_wconf 85' lang='lat' dir='ltr'><strong>celebraren-</strong></span> 
     </span>
    </p>
   </div>
   <div class='ocr_carea' id='block_1_18' title="bbox 494 1651 2068 1725">
    <p class='ocr_par' dir='ltr' id='par_1_18' title="bbox 494 1651 2068 1725">
     <span class='ocr_line' id='line_1_18' title="bbox 494 1651 2068 1725; baseline -0.003 -16"><span class='ocrx_word' id='word_1_105' title='bbox 494 1665 581 1709; x_wconf 91' lang='lat' dir='ltr'><strong>tur</strong></span> <span class='ocrx_word' id='word_1_106' title='bbox 618 1674 631 1709; x_wconf 88' lang='lat'><strong>:</strong></span> <span class='ocrx_word' id='word_1_107' title='bbox 663 1656 769 1711; x_wconf 90' lang='lat' dir='ltr'><strong>hoc</strong></span> <span class='ocrx_word' id='word_1_108' title='bbox 797 1664 903 1720; x_wconf 90' lang='lat' dir='ltr'><strong>est,</strong></span> <span class='ocrx_word' id='word_1_109' title='bbox 936 1664 996 1710; x_wconf 94' lang='lat' dir='ltr'><strong>ut</strong></span> <span class='ocrx_word' id='word_1_110' title='bbox 1025 1657 1224 1725; x_wconf 66' lang='lat' dir='ltr'><strong>puella:</strong></span> <span class='ocrx_word' id='word_1_111' title='bbox 1253 1672 1365 1710; x_wconf 92' lang='lat' dir='ltr'><strong>non</strong></span> <span class='ocrx_word' id='word_1_112' title='bbox 1419 1657 1664 1709; x_wconf 89' lang='lat' dir='ltr'><strong>minores</strong></span> <span class='ocrx_word' id='word_1_113' title='bbox 1707 1669 1739 1707; x_wconf 83' lang='lat' dir='ltr'><strong>x</strong></span> <span class='ocrx_word' id='word_1_114' title='bbox 1770 1652 1929 1707; x_wconf 86' lang='lat' dir='ltr'><strong>annis</strong></span> <span class='ocrx_word' id='word_1_115' title='bbox 1967 1651 2068 1706; x_wconf 88' lang='lat' dir='ltr'><strong>de-</strong></span> 
     </span>
    </p>
   </div>
   <div class='ocr_carea' id='block_1_19' title="bbox 493 1747 2068 1821">
    <p class='ocr_par' dir='ltr' id='par_1_19' title="bbox 493 1747 2068 1821">
     <span class='ocr_line' id='line_1_19' title="bbox 493 1747 2068 1821; baseline -0.001 -18"><span class='ocrx_word' id='word_1_116' title='bbox 493 1750 1193 1821; x_wconf 86' lang='lat' dir='ltr'><strong>sponderentur,quarum</strong></span> <span class='ocrx_word' id='word_1_117' title='bbox 1242 1765 1421 1805; x_wconf 83' lang='lat' dir='ltr'><strong>anuus</strong></span> <span class='ocrx_word' id='word_1_118' title='bbox 1476 1749 1651 1804; x_wconf 62' lang='lat' dir='ltr'><strong>aetatis</strong></span> <span class='ocrx_word' id='word_1_119' title='bbox 1703 1747 2068 1802; x_wconf 86' lang='lat' dir='ltr'><strong>duodecimus</strong></span> 
     </span>
    </p>
   </div>
   <div class='ocr_carea' id='block_1_20' title="bbox 494 1820 2143 1913">
    <p class='ocr_par' dir='ltr' id='par_1_20' title="bbox 494 1820 2143 1913">
     <span class='ocr_line' id='line_1_20' title="bbox 494 1820 2143 1913; baseline -0.002 -18"><span class='ocrx_word' id='word_1_120' title='bbox 494 1820 745 1898; x_wconf 81' lang='lat' dir='ltr'><strong>maturus</strong></span> <span class='ocrx_word' id='word_1_121' title='bbox 780 1842 1041 1913; x_wconf 85' lang='lat' dir='ltr'><strong>conjugio</strong></span> <span class='ocrx_word' id='word_1_122' title='bbox 1100 1841 1429 1897; x_wconf 87' lang='lat' dir='ltr'><strong>habebatur.</strong></span> <span class='ocrx_word' id='word_1_123' title='bbox 1479 1840 1716 1911; x_wconf 77' lang='lat' dir='ltr'><strong>Agrippa</strong></span> <span class='ocrx_word' id='word_1_124' title='bbox 1764 1839 1935 1892; x_wconf 82' lang='lat' dir='ltr'><strong>lilium</strong></span> <span class='ocrx_word' id='word_1_125' title='bbox 1981 1838 2064 1892; x_wconf 85' lang='lat' dir='ltr'><strong>al—</strong></span> <span class='ocrx_word' id='word_1_126' title='bbox 2101 1820 2143 1874; x_wconf 75' lang='grc' dir='ltr'><strong>Β</strong></span> 
     </span>
    </p>
   </div>
   <div class='ocr_carea' id='block_1_21' title="bbox 496 1932 2067 2001">
    <p class='ocr_par' dir='ltr' id='par_1_21' title="bbox 496 1932 2067 2001">
     <span class='ocr_line' id='line_1_21' title="bbox 496 1932 2067 2001; baseline -0.002 -15"><span class='ocrx_word' id='word_1_127' title='bbox 496 1946 674 1987; x_wconf 90' lang='lat' dir='ltr'><strong>terum</strong></span> <span class='ocrx_word' id='word_1_128' title='bbox 701 1948 767 1986; x_wconf 82' lang='lat' dir='ltr'><strong>ex</strong></span> <span class='ocrx_word' id='word_1_129' title='bbox 803 1932 944 1988; x_wconf 88' lang='lat' dir='ltr'><strong>Julia</strong></span> <span class='ocrx_word' id='word_1_130' title='bbox 973 1932 1249 2001; x_wconf 87' lang='lat' dir='ltr'><strong>suscepit,</strong></span> <span class='ocrx_word' id='word_1_131' title='bbox 1284 1932 1514 1986; x_wconf 84' lang='lat' dir='ltr'><strong>Lucium</strong></span> <span class='ocrx_word' id='word_1_132' title='bbox 1535 1971 1548 1995; x_wconf 92' lang='lat'><strong>,</strong></span> <span class='ocrx_word' id='word_1_133' title='bbox 1575 1945 1740 2001; x_wconf 90' lang='lat' dir='ltr'><strong>quem</strong></span> <span class='ocrx_word' id='word_1_134' title='bbox 1787 1945 1894 1989; x_wconf 83' lang='lat' dir='ltr'><strong>una</strong></span> <span class='ocrx_word' id='word_1_135' title='bbox 1940 1944 2067 1985; x_wconf 91' lang='lat' dir='ltr'><strong>cum</strong></span> 
     </span>
    </p>
   </div>
   <div class='ocr_carea' id='block_1_22' title="bbox 493 2023 2070 2096">
    <p class='ocr_par' dir='ltr' id='par_1_22' title="bbox 493 2023 2070 2096">
     <span class='ocr_line' id='line_1_22' title="bbox 493 2023 2070 2096; baseline -0.003 -15"><span class='ocrx_word' id='word_1_136' title='bbox 493 2026 626 2081; x_wconf 72' lang='lat' dir='ltr'><strong>Caio</strong></span> <span class='ocrx_word' id='word_1_137' title='bbox 644 2028 921 2096; x_wconf 82' lang='lat' dir='ltr'><strong>Angustus</strong></span> <span class='ocrx_word' id='word_1_138' title='bbox 946 2024 1235 2094; x_wconf 88' lang='lat' dir='ltr'><strong>adoptatos</strong></span> <span class='ocrx_word' id='word_1_139' title='bbox 1260 2025 1447 2079; x_wconf 84' lang='lat' dir='ltr'><strong>statim</strong></span> <span class='ocrx_word' id='word_1_140' title='bbox 1475 2023 1688 2093; x_wconf 86' lang='lat' dir='ltr'><strong>imperii</strong></span> <span class='ocrx_word' id='word_1_141' title='bbox 1719 2038 2070 2077; x_wconf 78' lang='lat' dir='ltr'><strong>successores</strong></span> 
     </span>
    </p>
   </div>
   <div class='ocr_carea' id='block_1_23' title="bbox 494 2116 2068 2188">
    <p class='ocr_par' dir='ltr' id='par_1_23' title="bbox 494 2116 2068 2188">
     <span class='ocr_line' id='line_1_23' title="bbox 494 2116 2068 2188; baseline -0.001 -18"><span class='ocrx_word' id='word_1_142' title='bbox 494 2118 826 2188; x_wconf 79' lang='lat' dir='ltr'><strong>designavit,</strong></span> <span class='ocrx_word' id='word_1_143' title='bbox 888 2126 951 2170; x_wconf 86' lang='lat' dir='ltr'><strong>ut</strong></span> <span class='ocrx_word' id='word_1_144' title='bbox 1000 2116 1185 2171; x_wconf 89' lang='lat' dir='ltr'><strong>minus</strong></span> <span class='ocrx_word' id='word_1_145' title='bbox 1225 2116 1441 2172; x_wconf 87' lang='lat' dir='ltr'><strong>insidiis</strong></span> <span class='ocrx_word' id='word_1_146' title='bbox 1500 2124 1872 2187; x_wconf 88' lang='lat' dir='ltr'><strong>appeteretur.</strong></span> <span class='ocrx_word' id='word_1_147' title='bbox 1929 2117 2068 2171; x_wconf 88' lang='lat' dir='ltr'><strong>Cum</strong></span> 
     </span>
    </p>
   </div>
   <div class='ocr_carea' id='block_1_24' title="bbox 495 2210 2067 2281">
    <p class='ocr_par' dir='ltr' id='par_1_24' title="bbox 495 2210 2067 2281">
     <span class='ocr_line' id='line_1_24' title="bbox 495 2210 2067 2281; baseline -0.001 -17"><span class='ocrx_word' id='word_1_148' title='bbox 495 2212 791 2281; x_wconf 81' lang='lat' dir='ltr'><strong>aliquando</strong></span> <span class='ocrx_word' id='word_1_149' title='bbox 838 2210 1121 2265; x_wconf 88' lang='lat' dir='ltr'><strong>Pollionis.</strong></span> <span class='ocrx_word' id='word_1_150' title='bbox 1157 2210 1398 2265; x_wconf 88' lang='lat' dir='ltr'><strong>hominis</strong></span> <span class='ocrx_word' id='word_1_151' title='bbox 1430 2210 1743 2279; x_wconf 85' lang='lat' dir='ltr'><strong>locupletis,</strong></span> <span class='ocrx_word' id='word_1_152' title='bbox 1797 2210 1892 2265; x_wconf 85' lang='lat' dir='ltr'><strong>sed</strong></span> <span class='ocrx_word' id='word_1_153' title='bbox 1940 2210 2067 2265; x_wconf 65' lang='grc' dir='ltr'><strong>εωνί</strong></span> 
     </span>
    </p>
   </div>
   <div class='ocr_carea' id='block_1_25' title="bbox 494 2302 2071 2372">
    <p class='ocr_par' dir='ltr' id='par_1_25' title="bbox 494 2302 2071 2372">
     <span class='ocr_line' id='line_1_25' title="bbox 494 2302 2071 2372; baseline 0.001 -15"><span class='ocrx_word' id='word_1_154' title='bbox 494 2314 551 2358; x_wconf 89' lang='lat' dir='ltr'><strong>et</strong></span> <span class='ocrx_word' id='word_1_155' title='bbox 606 2303 868 2365; x_wconf 87' lang='lat' dir='ltr'><strong>crudelis,</strong></span> <span class='ocrx_word' id='word_1_156' title='bbox 930 2302 1160 2356; x_wconf 83' lang='lat' dir='ltr'><strong>conviva</strong></span> <span class='ocrx_word' id='word_1_157' title='bbox 1207 2311 1376 2367; x_wconf 88' lang='lat' dir='ltr'><strong>esset,</strong></span> <span class='ocrx_word' id='word_1_158' title='bbox 1430 2312 1486 2357; x_wconf 92' lang='lat' dir='ltr'><strong>et</strong></span> <span class='ocrx_word' id='word_1_159' title='bbox 1540 2302 1588 2357; x_wconf 85' lang='lat' dir='ltr'><strong>is</strong></span> <span class='ocrx_word' id='word_1_160' title='bbox 1636 2303 1952 2372; x_wconf 72' lang='lat' dir='ltr'><strong>pint-eruam</strong></span> <span class='ocrx_word' id='word_1_161' title='bbox 2000 2304 2071 2359; x_wconf 90' lang='lat' dir='ltr'><strong>ob</strong></span> 
     </span>
    </p>
   </div>
   <div class='ocr_carea' id='block_1_26' title="bbox 496 2396 2068 2468">
    <p class='ocr_par' dir='ltr' id='par_1_26' title="bbox 496 2396 2068 2468">
     <span class='ocr_line' id='line_1_26' title="bbox 496 2396 2068 2468; baseline 0 -16"><span class='ocrx_word' id='word_1_162' title='bbox 496 2397 725 2452; x_wconf 89' lang='lat' dir='ltr'><strong>calicem</strong></span> <span class='ocrx_word' id='word_1_163' title='bbox 775 2397 1152 2467; x_wconf 86' lang='lat' dir='ltr'><strong>crystallinum</strong></span> <span class='ocrx_word' id='word_1_164' title='bbox 1198 2396 1433 2451; x_wconf 81' lang='lat' dir='ltr'><strong>fractum</strong></span> <span class='ocrx_word' id='word_1_165' title='bbox 1486 2397 1766 2461; x_wconf 67' lang='lat' dir='ltr'><strong>muraenis,</strong></span> <span class='ocrx_word' id='word_1_166' title='bbox 1827 2412 1965 2468; x_wconf 85' lang='lat' dir='ltr'><strong>quas</strong></span> <span class='ocrx_word' id='word_1_167' title='bbox 2015 2399 2068 2453; x_wconf 90' lang='lat' dir='ltr'><strong>in</strong></span> 
     </span>
    </p>
   </div>
   <div class='ocr_carea' id='block_1_27' title="bbox 499 2485 2068 2557">
    <p class='ocr_par' dir='ltr' id='par_1_27' title="bbox 499 2485 2068 2557">
     <span class='ocr_line' id='line_1_27' title="bbox 499 2485 2068 2557; baseline 0.001 -17"><span class='ocrx_word' id='word_1_168' title='bbox 499 2487 726 2557; x_wconf 82' lang='lat' dir='ltr'><strong>piscinis</strong></span> <span class='ocrx_word' id='word_1_169' title='bbox 755 2487 937 2541; x_wconf 87' lang='lat' dir='ltr'><strong>alebat</strong></span> <span class='ocrx_word' id='word_1_170' title='bbox 960 2486 1027 2541; x_wconf 88' lang='lat' dir='ltr'><strong>ad</strong></span> <span class='ocrx_word' id='word_1_171' title='bbox 1057 2485 1405 2541; x_wconf 85' lang='lat' dir='ltr'><strong>devorandos</strong></span> <span class='ocrx_word' id='word_1_172' title='bbox 1431 2485 1683 2541; x_wconf 87' lang='lat' dir='ltr'><strong>homines</strong></span> <span class='ocrx_word' id='word_1_173' title='bbox 1709 2486 2068 2551; x_wconf 82' lang='lat' dir='ltr'><strong>assuefactas,</strong></span> 
     </span>
    </p>
   </div>
   <div class='ocr_carea' id='block_1_28' title="bbox 497 2577 2075 2650">
    <p class='ocr_par' dir='ltr' id='par_1_28' title="bbox 497 2577 2075 2650">
     <span class='ocr_line' id='line_1_28' title="bbox 497 2577 2075 2650; baseline -0.001 -17"><span class='ocrx_word' id='word_1_174' title='bbox 497 2579 661 2650; x_wconf 81' lang='lat' dir='ltr'><strong>objici</strong></span> <span class='ocrx_word' id='word_1_175' title='bbox 686 2580 941 2650; x_wconf 88' lang='lat' dir='ltr'><strong>jussisset</strong></span> <span class='ocrx_word' id='word_1_176' title='bbox 986 2578 1064 2649; x_wconf 90' lang='lat' dir='ltr'><strong>(id</strong></span> <span class='ocrx_word' id='word_1_177' title='bbox 1109 2577 1255 2632; x_wconf 92' lang='lat' dir='ltr'><strong>enim</strong></span> <span class='ocrx_word' id='word_1_178' title='bbox 1302 2577 1636 2648; x_wconf 89' lang='lat' dir='ltr'><strong>supplicium</strong></span> <span class='ocrx_word' id='word_1_179' title='bbox 1690 2578 1888 2642; x_wconf 84' lang='lat' dir='ltr'><strong>servis,</strong></span> <span class='ocrx_word' id='word_1_180' title='bbox 1936 2592 2075 2648; x_wconf 88' lang='lat' dir='ltr'><strong>quos</strong></span> 
     </span>
    </p>
   </div>
   <div class='ocr_carea' id='block_1_29' title="bbox 496 2669 2074 2741">
    <p class='ocr_par' dir='ltr' id='par_1_29' title="bbox 496 2669 2074 2741">
     <span class='ocr_line' id='line_1_29' title="bbox 496 2669 2074 2741; baseline -0.001 -15"><span class='ocrx_word' id='word_1_181' title='bbox 496 2672 802 2737; x_wconf 87' lang='lat' dir='ltr'><strong>occidebat,</strong></span> <span class='ocrx_word' id='word_1_182' title='bbox 860 2671 1269 2741; x_wconf 82' lang='lat' dir='ltr'><strong>constituerat),</strong></span> <span class='ocrx_word' id='word_1_183' title='bbox 1299 2686 1516 2741; x_wconf 70' lang='lat' dir='ltr'><strong>pmnam</strong></span> <span class='ocrx_word' id='word_1_184' title='bbox 1570 2674 1849 2741; x_wconf 62' lang='lat' dir='ltr'><strong>pineernae</strong></span> <span class='ocrx_word' id='word_1_185' title='bbox 1892 2669 2074 2726; x_wconf 71' lang='lat' dir='ltr'><strong>Ctesar</strong></span> 
     </span>
    </p>
   </div>
   <div class='ocr_carea' id='block_1_30' title="bbox 498 2762 2072 2834">
    <p class='ocr_par' dir='ltr' id='par_1_30' title="bbox 498 2762 2072 2834">
     <span class='ocr_line' id='line_1_30' title="bbox 498 2762 2072 2834; baseline -0.001 -16"><span class='ocrx_word' id='word_1_186' title='bbox 498 2766 829 2834; x_wconf 85' lang='lat' dir='ltr'><strong>deprecatus</strong></span> <span class='ocrx_word' id='word_1_187' title='bbox 850 2773 935 2818; x_wconf 86' lang='lat' dir='ltr'><strong>est</strong></span> <span class='ocrx_word' id='word_1_188' title='bbox 965 2780 978 2816; x_wconf 91' lang='lat'>:</span> <span class='ocrx_word' id='word_1_189' title='bbox 1008 2777 1135 2817; x_wconf 87' lang='lat' dir='ltr'><strong>cum</strong></span> <span class='ocrx_word' id='word_1_190' title='bbox 1172 2763 1310 2817; x_wconf 86' lang='lat' dir='ltr'><strong>nihil</strong></span> <span class='ocrx_word' id='word_1_191' title='bbox 1347 2763 1715 2833; x_wconf 83' lang='lat' dir='ltr'><strong>impetrasset,</strong></span> <span class='ocrx_word' id='word_1_192' title='bbox 1772 2762 2072 2817; x_wconf 86' lang='lat' dir='ltr'><strong>Pollionem</strong></span> 
     </span>
    </p>
   </div>
   <div class='ocr_carea' id='block_1_31' title="bbox 498 2853 2072 2923">
    <p class='ocr_par' dir='ltr' id='par_1_31' title="bbox 498 2853 2072 2923">
     <span class='ocr_line' id='line_1_31' title="bbox 498 2853 2072 2923; baseline -0.001 -13"><span class='ocrx_word' id='word_1_193' title='bbox 498 2857 667 2910; x_wconf 84' lang='lat' dir='ltr'><strong>etiam</strong></span> <span class='ocrx_word' id='word_1_194' title='bbox 722 2856 826 2909; x_wconf 79' lang='lat' dir='ltr'><strong>alia</strong></span> <span class='ocrx_word' id='word_1_195' title='bbox 876 2854 1123 2922; x_wconf 86' lang='lat' dir='ltr'><strong>ejusdem</strong></span> <span class='ocrx_word' id='word_1_196' title='bbox 1183 2854 1428 2908; x_wconf 75' lang='lat' dir='ltr'><strong>materia:</strong></span> <span class='ocrx_word' id='word_1_197' title='bbox 1477 2853 1709 2923; x_wconf 78' lang='lat' dir='ltr'><strong>pocula,</strong></span> <span class='ocrx_word' id='word_1_198' title='bbox 1762 2861 1819 2907; x_wconf 81' lang='lat' dir='ltr'><strong>et</strong></span> <span class='ocrx_word' id='word_1_199' title='bbox 1869 2855 1913 2908; x_wconf 91' lang='lat' dir='ltr'><strong>si</strong></span> <span class='ocrx_word' id='word_1_200' title='bbox 1965 2868 2072 2923; x_wconf 90' lang='lat' dir='ltr'><strong>qua</strong></span> 
     </span>
    </p>
   </div>
   <div class='ocr_carea' id='block_1_32' title="bbox 496 2944 2072 3019">
    <p class='ocr_par' dir='ltr' id='par_1_32' title="bbox 496 2944 2072 3019">
     <span class='ocr_line' id='line_1_32' title="bbox 496 2944 2072 3019; baseline -0.003 -16"><span class='ocrx_word' id='word_1_201' title='bbox 496 2956 762 3019; x_wconf 56' lang='lat' dir='ltr'><strong>praeterea</strong></span> <span class='ocrx_word' id='word_1_202' title='bbox 790 2946 1033 3017; x_wconf 83' lang='lat' dir='ltr'><strong>pretiosa</strong></span> <span class='ocrx_word' id='word_1_203' title='bbox 1062 2945 1313 3011; x_wconf 89' lang='lat' dir='ltr'><strong>haberet,</strong></span> <span class='ocrx_word' id='word_1_204' title='bbox 1346 2957 1405 2998; x_wconf 86' lang='lat' dir='ltr'><strong>ut</strong></span> <span class='ocrx_word' id='word_1_205' title='bbox 1436 2946 1520 3000; x_wconf 86' lang='lat' dir='ltr'><strong>eis</strong></span> <span class='ocrx_word' id='word_1_206' title='bbox 1562 2953 1815 2999; x_wconf 87' lang='lat' dir='ltr'><strong>uteretur</strong></span> <span class='ocrx_word' id='word_1_207' title='bbox 1836 2983 1851 3008; x_wconf 92' lang='lat'><strong>,</strong></span> <span class='ocrx_word' id='word_1_208' title='bbox 1887 2944 2072 2999; x_wconf 80' lang='lat' dir='ltr'><strong>aﬂ’erri</strong></span> 
     </span>
    </p>
   </div>
   <div class='ocr_carea' id='block_1_33' title="bbox 495 3035 2071 3111">
    <p class='ocr_par' dir='ltr' id='par_1_33' title="bbox 495 3035 2071 3111">
     <span class='ocr_line' id='line_1_33' title="bbox 495 3035 2071 3111; baseline -0.004 -16"><span class='ocrx_word' id='word_1_209' title='bbox 495 3042 678 3111; x_wconf 90' lang='lat' dir='ltr'><strong>jussit,</strong></span> <span class='ocrx_word' id='word_1_210' title='bbox 708 3040 867 3095; x_wconf 85' lang='lat' dir='ltr'><strong>allata</strong></span> <span class='ocrx_word' id='word_1_211' title='bbox 895 3036 1168 3109; x_wconf 76' lang='lat' dir='ltr'><strong>confregit</strong></span> <span class='ocrx_word' id='word_1_212' title='bbox 1193 3057 1207 3093; x_wconf 90' lang='lat'><strong>:</strong></span> <span class='ocrx_word' id='word_1_213' title='bbox 1236 3037 1396 3107; x_wconf 78' lang='grc'><strong>537</strong></span> <span class='ocrx_word' id='word_1_214' title='bbox 1430 3035 1514 3090; x_wconf 81' lang='lat' dir='ltr'><strong>Ne</strong></span> <span class='ocrx_word' id='word_1_215' title='bbox 1542 3044 1845 3107; x_wconf 79' lang='lat' dir='ltr'><strong>prapterea.</strong></span> <span class='ocrx_word' id='word_1_216' title='bbox 1871 3036 2071 3107; x_wconf 91' lang='lat' dir='ltr'><strong>inquit,</strong></span> 
     </span>
    </p>
   </div>
   <div class='ocr_carea' id='block_1_34' title="bbox 2170 554 3748 627">
    <p class='ocr_par' dir='ltr' id='par_1_34' title="bbox 2170 554 3748 627">
     <span class='ocr_line' id='line_1_34' title="bbox 2170 554 3748 627; baseline 0.008 -20"><span class='ocrx_word' id='word_1_217' title='bbox 2170 555 2338 608; x_wconf 78' lang='grc' dir='ltr'><strong>αὐτοῦ</strong></span> <span class='ocrx_word' id='word_1_218' title='bbox 2375 554 2773 607; x_wconf 75' lang='grc' dir='ltr'><strong>ἐπεϐούλευσεν</strong></span> <span class='ocrx_word' id='word_1_219' title='bbox 2801 556 2975 621; x_wconf 81' lang='grc' dir='ltr'><strong>αὐτῷ,</strong></span> <span class='ocrx_word' id='word_1_220' title='bbox 3007 557 3069 609; x_wconf 73' lang='grc' dir='ltr'><strong>οὗ</strong></span> <span class='ocrx_word' id='word_1_221' title='bbox 3106 559 3295 627; x_wconf 83' lang='grc' dir='ltr'><strong>μέντοι</strong></span> <span class='ocrx_word' id='word_1_222' title='bbox 3322 559 3420 612; x_wconf 77' lang='grc' dir='ltr'><strong>καὶ</strong></span> <span class='ocrx_word' id='word_1_223' title='bbox 3446 560 3748 620; x_wconf 79' lang='grc' dir='ltr'><strong>ἀποκτεῖναι</strong></span> 
     </span>
    </p>
   </div>
   <div class='ocr_carea' id='block_1_35' title="bbox 2164 647 3749 722">
    <p class='ocr_par' dir='ltr' id='par_1_35' title="bbox 2164 647 3749 722">
     <span class='ocr_line' id='line_1_35' title="bbox 2164 647 3749 722; baseline 0.005 -23"><span class='ocrx_word' id='word_1_224' title='bbox 2164 647 2446 719; x_wconf 75' lang='grc' dir='ltr'><strong>ἠθέλησεν,</strong></span> <span class='ocrx_word' id='word_1_225' title='bbox 2465 648 2581 701; x_wconf 78' lang='grc' dir='ltr'><strong>ἀλλ’</strong></span> <span class='ocrx_word' id='word_1_226' title='bbox 2598 647 2787 702; x_wconf 78' lang='grc' dir='ltr'><strong>ἄλλοτε</strong></span> <span class='ocrx_word' id='word_1_227' title='bbox 2813 648 2988 705; x_wconf 67' lang='grc' dir='ltr'><strong>ἄλλως</strong></span> <span class='ocrx_word' id='word_1_228' title='bbox 3018 649 3439 720; x_wconf 79' lang='grc' dir='ltr'><strong>προεπηλάκιζε</strong></span> <span class='ocrx_word' id='word_1_229' title='bbox 3462 653 3555 704; x_wconf 74' lang='grc' dir='ltr'><strong>καὶ</strong></span> <span class='ocrx_word' id='word_1_230' title='bbox 3581 654 3749 722; x_wconf 80' lang='grc' dir='ltr'><strong>ἐχλεύ-</strong></span> 
     </span>
    </p>
   </div>
   <div class='ocr_carea' id='block_1_36' title="bbox 2166 739 3748 811">
    <p class='ocr_par' dir='ltr' id='par_1_36' title="bbox 2166 739 3748 811">
     <span class='ocr_line' id='line_1_36' title="bbox 2166 739 3748 811; baseline 0.004 -18"><span class='ocrx_word' id='word_1_231' title='bbox 2166 743 2316 804; x_wconf 73' lang='grc' dir='ltr'><strong>αζεν.</strong></span> <span class='ocrx_word' id='word_1_232' title='bbox 2362 739 2555 793; x_wconf 83' lang='grc' dir='ltr'><strong>Ἕθετό</strong></span> <span class='ocrx_word' id='word_1_233' title='bbox 2608 757 2665 793; x_wconf 83' lang='grc' dir='ltr'><strong>τε</strong></span> <span class='ocrx_word' id='word_1_234' title='bbox 2724 740 2819 793; x_wconf 72' lang='grc' dir='ltr'><strong>καὶ</strong></span> <span class='ocrx_word' id='word_1_235' title='bbox 2878 740 3073 803; x_wconf 79' lang='grc' dir='ltr'><strong>ἄλλους</strong></span> <span class='ocrx_word' id='word_1_236' title='bbox 3123 742 3350 811; x_wconf 86' lang='grc' dir='ltr'><strong>νόμους,</strong></span> <span class='ocrx_word' id='word_1_237' title='bbox 3389 743 3485 796; x_wconf 73' lang='grc' dir='ltr'><strong>καὶ</strong></span> <span class='ocrx_word' id='word_1_238' title='bbox 3540 745 3598 797; x_wconf 75' lang='grc' dir='ltr'><strong>τὸ</strong></span> <span class='ocrx_word' id='word_1_239' title='bbox 3633 748 3748 810; x_wconf 79' lang='grc' dir='ltr'><strong>τοὺς</strong></span> 
     </span>
    </p>
   </div>
   <div class='ocr_carea' id='block_1_37' title="bbox 2164 833 3747 907">
    <p class='ocr_par' dir='ltr' id='par_1_37' title="bbox 2164 833 3747 907">
     <span class='ocr_line' id='line_1_37' title="bbox 2164 833 3747 907; baseline 0.002 -21"><span class='ocrx_word' id='word_1_240' title='bbox 2164 833 2511 896; x_wconf 66' lang='grc' dir='ltr'><strong>δεκάσαντάς</strong></span> <span class='ocrx_word' id='word_1_241' title='bbox 2534 850 2691 896; x_wconf 85' lang='grc' dir='ltr'><strong>τινας</strong></span> <span class='ocrx_word' id='word_1_242' title='bbox 2720 834 2817 886; x_wconf 77' lang='grc' dir='ltr'><strong>ἐπὶ</strong></span> <span class='ocrx_word' id='word_1_243' title='bbox 2863 836 2985 897; x_wconf 84' lang='grc' dir='ltr'><strong>ταῖς</strong></span> <span class='ocrx_word' id='word_1_244' title='bbox 3037 834 3252 904; x_wconf 82' lang='grc' dir='ltr'><strong>άρχαῖς,</strong></span> <span class='ocrx_word' id='word_1_245' title='bbox 3321 835 3383 898; x_wconf 84' lang='grc' dir='ltr'><strong>ἐς</strong></span> <span class='ocrx_word' id='word_1_246' title='bbox 3438 835 3602 887; x_wconf 77' lang='grc' dir='ltr'><strong>πέντε</strong></span> <span class='ocrx_word' id='word_1_247' title='bbox 3663 838 3747 907; x_wconf 77' lang='grc' dir='ltr'><strong>ἔτη</strong></span> 
     </span>
    </p>
   </div>
   <div class='ocr_carea' id='block_1_38' title="bbox 2166 921 3748 997">
    <p class='ocr_par' dir='ltr' id='par_1_38' title="bbox 2166 921 3748 997">
     <span class='ocr_line' id='line_1_38' title="bbox 2166 921 3748 997; baseline 0.003 -20"><span class='ocrx_word' id='word_1_248' title='bbox 2166 924 2349 977; x_wconf 72' lang='grc' dir='ltr'><strong>αὐτῶν</strong></span> <span class='ocrx_word' id='word_1_249' title='bbox 2370 921 2654 994; x_wconf 82' lang='grc' dir='ltr'><strong>είργεσθαι</strong></span> <span class='ocrx_word' id='word_1_250' title='bbox 2674 938 2689 954; x_wconf 78' lang='grc' dir='ltr'><strong>ο</strong></span> <span class='ocrx_word' id='word_1_251' title='bbox 2719 927 2832 987; x_wconf 87' lang='grc' dir='ltr'><strong>τοῖς</strong></span> <span class='ocrx_word' id='word_1_252' title='bbox 2848 940 2907 977; x_wconf 88' lang='grc' dir='ltr'><strong>τε</strong></span> <span class='ocrx_word' id='word_1_253' title='bbox 2927 925 3164 994; x_wconf 79' lang='grc' dir='ltr'><strong>ἀγάμοις</strong></span> <span class='ocrx_word' id='word_1_254' title='bbox 3193 926 3287 979; x_wconf 83' lang='grc' dir='ltr'><strong>καὶ</strong></span> <span class='ocrx_word' id='word_1_255' title='bbox 3317 928 3446 995; x_wconf 73' lang='grc' dir='ltr'><strong>ταῖς</strong></span> <span class='ocrx_word' id='word_1_256' title='bbox 3479 927 3748 997; x_wconf 77' lang='grc' dir='ltr'><strong>ἀνάνδροις</strong></span> 
     </span>
    </p>
   </div>
   <div class='ocr_carea' id='block_1_39' title="bbox 2166 1015 3745 1086">
    <p class='ocr_par' dir='ltr' id='par_1_39' title="bbox 2166 1015 3745 1086">
     <span class='ocr_line' id='line_1_39' title="bbox 2166 1015 3745 1086; baseline 0.002 -20"><span class='ocrx_word' id='word_1_257' title='bbox 2166 1016 2418 1086; x_wconf 80' lang='grc' dir='ltr'><strong>ἐπιτίμια</strong></span> <span class='ocrx_word' id='word_1_258' title='bbox 2449 1015 2629 1081; x_wconf 78' lang='grc' dir='ltr'><strong>ἔταξε,</strong></span> <span class='ocrx_word' id='word_1_259' title='bbox 2655 1016 2752 1069; x_wconf 83' lang='grc' dir='ltr'><strong>τοῦ</strong></span> <span class='ocrx_word' id='word_1_260' title='bbox 2775 1015 2831 1068; x_wconf 85' lang='grc' dir='ltr'><strong>δὲ</strong></span> <span class='ocrx_word' id='word_1_261' title='bbox 2872 1019 3053 1084; x_wconf 80' lang='grc' dir='ltr'><strong>γάμου</strong></span> <span class='ocrx_word' id='word_1_262' title='bbox 3118 1016 3214 1070; x_wconf 70' lang='grc' dir='ltr'><strong>καὶ</strong></span> <span class='ocrx_word' id='word_1_263' title='bbox 3269 1016 3377 1086; x_wconf 78' lang='grc' dir='ltr'><strong>τῆς</strong></span> <span class='ocrx_word' id='word_1_264' title='bbox 3411 1018 3745 1080; x_wconf 66' lang='grc' dir='ltr'><strong>παιδοποιίας</strong></span> 
     </span>
    </p>
   </div>
   <div class='ocr_carea' id='block_1_40' title="bbox 2166 1104 3747 1181">
    <p class='ocr_par' dir='ltr' id='par_1_40' title="bbox 2166 1104 3747 1181">
     <span class='ocr_line' id='line_1_40' title="bbox 2166 1104 3747 1181; baseline -0.001 -19"><span class='ocrx_word' id='word_1_265' title='bbox 2166 1104 2305 1163; x_wconf 82' lang='grc' dir='ltr'><strong>ἆθλα</strong></span> <span class='ocrx_word' id='word_1_266' title='bbox 2345 1108 2530 1180; x_wconf 71' lang='grc' dir='ltr'><strong>ἔθηκε.</strong></span> <span class='ocrx_word' id='word_1_267' title='bbox 2561 1108 2814 1180; x_wconf 54' lang='lat' dir='ltr'><strong>xamen</strong></span> <span class='ocrx_word' id='word_1_268' title='bbox 2843 1108 2981 1162; x_wconf 82' lang='grc' dir='ltr'><strong>πολὺ</strong></span> <span class='ocrx_word' id='word_1_269' title='bbox 3011 1107 3197 1162; x_wconf 83' lang='grc' dir='ltr'><strong>πλεῖον</strong></span> <span class='ocrx_word' id='word_1_270' title='bbox 3221 1109 3289 1162; x_wconf 76' lang='grc' dir='ltr'><strong>τὸ</strong></span> <span class='ocrx_word' id='word_1_271' title='bbox 3320 1109 3496 1181; x_wconf 78' lang='grc' dir='ltr'><strong>άρῤεν</strong></span> <span class='ocrx_word' id='word_1_272' title='bbox 3525 1108 3618 1162; x_wconf 83' lang='grc' dir='ltr'><strong>τοῦ</strong></span> <span class='ocrx_word' id='word_1_273' title='bbox 3663 1109 3747 1181; x_wconf 76' lang='grc' dir='ltr'><strong>θή-</strong></span> 
     </span>
    </p>
   </div>
   <div class='ocr_carea' id='block_1_41' title="bbox 2166 1197 3748 1272">
    <p class='ocr_par' dir='ltr' id='par_1_41' title="bbox 2166 1197 3748 1272">
     <span class='ocr_line' id='line_1_41' title="bbox 2166 1197 3748 1272; baseline 0.001 -19"><span class='ocrx_word' id='word_1_274' title='bbox 2166 1202 2289 1265; x_wconf 89' lang='grc' dir='ltr'><strong>λεος</strong></span> <span class='ocrx_word' id='word_1_275' title='bbox 2318 1201 2415 1254; x_wconf 80' lang='grc' dir='ltr'><strong>τοῦ</strong></span> <span class='ocrx_word' id='word_1_276' title='bbox 2470 1200 2723 1269; x_wconf 73' lang='grc' dir='ltr'><strong>εὐγενοῦς</strong></span> <span class='ocrx_word' id='word_1_277' title='bbox 2753 1197 2843 1272; x_wconf 79' lang='grc' dir='ltr'><strong>ἦν,</strong></span> <span class='ocrx_word' id='word_1_278' title='bbox 2897 1200 3169 1271; x_wconf 74' lang='grc' dir='ltr'><strong>ἐπέτρεψε</strong></span> <span class='ocrx_word' id='word_1_279' title='bbox 3227 1202 3329 1255; x_wconf 65' lang='grc' dir='ltr'><strong>καὶ</strong></span> <span class='ocrx_word' id='word_1_280' title='bbox 3391 1200 3748 1271; x_wconf 69' lang='grc' dir='ltr'><strong>ἀπελευθέρας</strong></span> 
     </span>
    </p>
   </div>
   <div class='ocr_carea' id='block_1_42' title="bbox 2166 1292 3744 1364">
    <p class='ocr_par' dir='ltr' id='par_1_42' title="bbox 2166 1292 3744 1364">
     <span class='ocr_line' id='line_1_42' title="bbox 2166 1292 3744 1364; baseline -0.001 -18"><span class='ocrx_word' id='word_1_281' title='bbox 2166 1295 2279 1357; x_wconf 81' lang='grc' dir='ltr'><strong>τοῖς</strong></span> <span class='ocrx_word' id='word_1_282' title='bbox 2308 1293 2555 1346; x_wconf 74' lang='grc' dir='ltr'><strong>ἐθέλουσι</strong></span> <span class='ocrx_word' id='word_1_283' title='bbox 2589 1293 2730 1363; x_wconf 82' lang='grc' dir='ltr'><strong>πλὴν</strong></span> <span class='ocrx_word' id='word_1_284' title='bbox 2760 1293 2869 1346; x_wconf 85' lang='grc' dir='ltr'><strong>τῶν</strong></span> <span class='ocrx_word' id='word_1_285' title='bbox 2897 1292 3206 1363; x_wconf 80' lang='grc' dir='ltr'><strong>βουλευτῶν</strong></span> <span class='ocrx_word' id='word_1_286' title='bbox 3235 1293 3506 1362; x_wconf 78' lang='grc' dir='ltr'><strong>ἄγεσθαι,</strong></span> <span class='ocrx_word' id='word_1_287' title='bbox 3532 1294 3744 1364; x_wconf 75' lang='grc' dir='ltr'><strong>ἔννομον</strong></span> 
     </span>
    </p>
   </div>
   <div class='ocr_carea' id='block_1_43' title="bbox 2168 1382 3747 1455">
    <p class='ocr_par' dir='ltr' id='par_1_43' title="bbox 2168 1382 3747 1455">
     <span class='ocr_line' id='line_1_43' title="bbox 2168 1382 3747 1455; baseline 0 -19"><span class='ocrx_word' id='word_1_288' title='bbox 2168 1384 2274 1455; x_wconf 78' lang='grc' dir='ltr'><strong>τὴν</strong></span> <span class='ocrx_word' id='word_1_289' title='bbox 2329 1385 2678 1438; x_wconf 78' lang='grc' dir='ltr'><strong>τεκνοποιίαν</strong></span> <span class='ocrx_word' id='word_1_290' title='bbox 2735 1385 2920 1438; x_wconf 80' lang='grc' dir='ltr'><strong>αὐτῶν</strong></span> <span class='ocrx_word' id='word_1_291' title='bbox 2970 1382 3111 1438; x_wconf 77' lang='grc' dir='ltr'><strong>εἶναι</strong></span> <span class='ocrx_word' id='word_1_292' title='bbox 3168 1383 3466 1449; x_wconf 82' lang='grc' dir='ltr'><strong>κελεύσας.</strong></span> <span class='ocrx_word' id='word_1_293' title='bbox 3515 1385 3665 1438; x_wconf 72' lang='grc' dir='ltr'><strong>Ἐπεὶ</strong></span> <span class='ocrx_word' id='word_1_294' title='bbox 3696 1385 3747 1437; x_wconf 83' lang='grc' dir='ltr'><strong>δὲ</strong></span> 
     </span>
    </p>
   </div>
   <div class='ocr_carea' id='block_1_44' title="bbox 2170 1475 3746 1548">
    <p class='ocr_par' dir='ltr' id='par_1_44' title="bbox 2170 1475 3746 1548">
     <span class='ocr_line' id='line_1_44' title="bbox 2170 1475 3746 1548; baseline 0.001 -20"><span class='ocrx_word' id='word_1_295' title='bbox 2170 1475 2346 1546; x_wconf 80' lang='grc' dir='ltr'><strong>βρέφη</strong></span> <span class='ocrx_word' id='word_1_296' title='bbox 2401 1478 2547 1540; x_wconf 85' lang='grc' dir='ltr'><strong>τινὲς</strong></span> <span class='ocrx_word' id='word_1_297' title='bbox 2578 1477 3008 1547; x_wconf 76' lang='grc' dir='ltr'><strong>μνηστευόμενοι</strong></span> <span class='ocrx_word' id='word_1_298' title='bbox 3043 1477 3141 1540; x_wconf 84' lang='grc' dir='ltr'><strong>τὰς</strong></span> <span class='ocrx_word' id='word_1_299' title='bbox 3175 1478 3275 1547; x_wconf 87' lang='grc' dir='ltr'><strong>μὲν</strong></span> <span class='ocrx_word' id='word_1_300' title='bbox 3300 1478 3417 1531; x_wconf 83' lang='grc' dir='ltr'><strong>τῶν</strong></span> <span class='ocrx_word' id='word_1_301' title='bbox 3449 1479 3746 1548; x_wconf 81' lang='grc' dir='ltr'><strong>γεγαμηκό-</strong></span> 
     </span>
    </p>
   </div>
   <div class='ocr_carea' id='block_1_45' title="bbox 2167 1565 3745 1639">
    <p class='ocr_par' dir='ltr' id='par_1_45' title="bbox 2167 1565 3745 1639">
     <span class='ocr_line' id='line_1_45' title="bbox 2167 1565 3745 1639; baseline 0.002 -23"><span class='ocrx_word' id='word_1_302' title='bbox 2167 1581 2278 1617; x_wconf 86' lang='grc' dir='ltr'><strong>των</strong></span> <span class='ocrx_word' id='word_1_303' title='bbox 2314 1565 2662 1635; x_wconf 77' lang='grc' dir='ltr'><strong>ἐκαρποῦντο</strong></span> <span class='ocrx_word' id='word_1_304' title='bbox 2694 1567 2885 1636; x_wconf 85' lang='grc' dir='ltr'><strong>τιμάς,</strong></span> <span class='ocrx_word' id='word_1_305' title='bbox 2915 1568 2977 1620; x_wconf 86' lang='grc' dir='ltr'><strong>τὸ</strong></span> <span class='ocrx_word' id='word_1_306' title='bbox 3004 1567 3051 1621; x_wconf 75' lang='grc' dir='ltr'><strong>δ’</strong></span> <span class='ocrx_word' id='word_1_307' title='bbox 3077 1568 3239 1639; x_wconf 81' lang='grc' dir='ltr'>ἔργον</span> <span class='ocrx_word' id='word_1_308' title='bbox 3267 1569 3456 1622; x_wconf 82' lang='grc' dir='ltr'><strong>αὐτῶν</strong></span> <span class='ocrx_word' id='word_1_309' title='bbox 3488 1570 3549 1622; x_wconf 72' lang='grc' dir='ltr'><strong>οὗ</strong></span> <span class='ocrx_word' id='word_1_310' title='bbox 3574 1569 3745 1639; x_wconf 74' lang='grc' dir='ltr'><strong>παρεί-</strong></span> 
     </span>
    </p>
   </div>
   <div class='ocr_carea' id='block_1_46' title="bbox 2169 1658 3746 1732">
    <p class='ocr_par' dir='ltr' id='par_1_46' title="bbox 2169 1658 3746 1732">
     <span class='ocr_line' id='line_1_46' title="bbox 2169 1658 3746 1732; baseline 0.001 -23"><span class='ocrx_word' id='word_1_311' title='bbox 2169 1675 2347 1727; x_wconf 88' lang='grc' dir='ltr'><strong>χοντο,</strong></span> <span class='ocrx_word' id='word_1_312' title='bbox 2384 1658 2688 1728; x_wconf 82' lang='grc' dir='ltr'><strong>προσέταξε</strong></span> <span class='ocrx_word' id='word_1_313' title='bbox 2719 1660 2991 1730; x_wconf 86' lang='grc' dir='ltr'><strong>μηδεμίαν</strong></span> <span class='ocrx_word' id='word_1_314' title='bbox 3017 1659 3223 1729; x_wconf 79' lang='grc' dir='ltr'><strong>ἰσχύειν</strong></span> <span class='ocrx_word' id='word_1_315' title='bbox 3255 1661 3582 1732; x_wconf 76' lang='grc' dir='ltr'><strong>μνηστείαν,</strong></span> <span class='ocrx_word' id='word_1_316' title='bbox 3639 1658 3746 1729; x_wconf 90' lang='grc' dir='ltr'><strong>μεθ’</strong></span> 
     </span>
    </p>
   </div>
   <div class='ocr_carea' id='block_1_47' title="bbox 2169 1749 3743 1822">
    <p class='ocr_par' dir='ltr' id='par_1_47' title="bbox 2169 1749 3743 1822">
     <span class='ocr_line' id='line_1_47' title="bbox 2169 1749 3743 1822; baseline 0.001 -21"><span class='ocrx_word' id='word_1_317' title='bbox 2169 1750 2237 1821; x_wconf 86' lang='grc' dir='ltr'><strong>ῆν</strong></span> <span class='ocrx_word' id='word_1_318' title='bbox 2266 1750 2328 1802; x_wconf 83' lang='grc' dir='ltr'><strong>οὐ</strong></span> <span class='ocrx_word' id='word_1_319' title='bbox 2352 1749 2445 1803; x_wconf 88' lang='grc' dir='ltr'><strong>δύο</strong></span> <span class='ocrx_word' id='word_1_320' title='bbox 2476 1750 2796 1804; x_wconf 83' lang='grc' dir='ltr'><strong>διελθόντων</strong></span> <span class='ocrx_word' id='word_1_321' title='bbox 2820 1750 2959 1804; x_wconf 70' lang='grc' dir='ltr'><strong>ἑτῶν</strong></span> <span class='ocrx_word' id='word_1_322' title='bbox 2989 1752 3152 1814; x_wconf 83' lang='grc' dir='ltr'><strong>εὐθὺς</strong></span> <span class='ocrx_word' id='word_1_323' title='bbox 3177 1753 3428 1822; x_wconf 76' lang='grc' dir='ltr'><strong>γαμήσει</strong></span> <span class='ocrx_word' id='word_1_324' title='bbox 3461 1768 3566 1815; x_wconf 87' lang='grc' dir='ltr'><strong>τις,</strong></span> <span class='ocrx_word' id='word_1_325' title='bbox 3599 1766 3743 1803; x_wconf 89' lang='grc' dir='ltr'><strong>τουτ-</strong></span> 
     </span>
    </p>
   </div>
   <div class='ocr_carea' id='block_1_48' title="bbox 2170 1838 3745 1911">
    <p class='ocr_par' dir='ltr' id='par_1_48' title="bbox 2170 1838 3745 1911">
     <span class='ocr_line' id='line_1_48' title="bbox 2170 1838 3745 1911; baseline 0.001 -19"><span class='ocrx_word' id='word_1_326' title='bbox 2170 1840 2286 1894; x_wconf 80' lang='grc' dir='ltr'><strong>έστι</strong></span> <span class='ocrx_word' id='word_1_327' title='bbox 2338 1838 2549 1895; x_wconf 85' lang='grc' dir='ltr'><strong>δεκέτιν</strong></span> <span class='ocrx_word' id='word_1_328' title='bbox 2598 1843 2815 1906; x_wconf 87' lang='grc' dir='ltr'><strong>πάντως</strong></span> <span class='ocrx_word' id='word_1_329' title='bbox 2847 1842 3173 1911; x_wconf 77' lang='grc' dir='ltr'><strong>ἐγγυᾶσθαι,</strong></span> <span class='ocrx_word' id='word_1_330' title='bbox 3192 1841 3410 1895; x_wconf 86' lang='grc' dir='ltr'><strong>δώδεκα</strong></span> <span class='ocrx_word' id='word_1_331' title='bbox 3449 1843 3506 1895; x_wconf 82' lang='grc' dir='ltr'><strong>δὲ</strong></span> <span class='ocrx_word' id='word_1_332' title='bbox 3527 1842 3644 1904; x_wconf 82' lang='grc' dir='ltr'><strong>ταῖς</strong></span> <span class='ocrx_word' id='word_1_333' title='bbox 3667 1840 3745 1894; x_wconf 84' lang='grc' dir='ltr'><strong>κό-</strong></span> 
     </span>
    </p>
   </div>
   <div class='ocr_carea' id='block_1_49' title="bbox 2172 1932 3741 2005">
    <p class='ocr_par' dir='ltr' id='par_1_49' title="bbox 2172 1932 3741 2005">
     <span class='ocr_line' id='line_1_49' title="bbox 2172 1932 3741 2005; baseline 0.001 -21"><span class='ocrx_word' id='word_1_334' title='bbox 2172 1948 2299 2002; x_wconf 83' lang='grc' dir='ltr'><strong>ραις</strong></span> <span class='ocrx_word' id='word_1_335' title='bbox 2331 1932 2428 2002; x_wconf 72' lang='grc' dir='ltr'><strong>ἐτη</strong></span> <span class='ocrx_word' id='word_1_336' title='bbox 2452 1934 2536 1996; x_wconf 88' lang='grc' dir='ltr'><strong>είς</strong></span> <span class='ocrx_word' id='word_1_337' title='bbox 2587 1932 2689 2003; x_wconf 84' lang='grc' dir='ltr'><strong>τὴν</strong></span> <span class='ocrx_word' id='word_1_338' title='bbox 2718 1934 2813 1988; x_wconf 83' lang='grc' dir='ltr'><strong>τοῦ</strong></span> <span class='ocrx_word' id='word_1_339' title='bbox 2850 1935 3032 2004; x_wconf 83' lang='grc' dir='ltr'><strong>γάμου</strong></span> <span class='ocrx_word' id='word_1_340' title='bbox 3067 1932 3219 2004; x_wconf 85' lang='grc' dir='ltr'><strong>ὥραν</strong></span> <span class='ocrx_word' id='word_1_341' title='bbox 3245 1934 3435 2005; x_wconf 82' lang='grc' dir='ltr'>πλήρη</span> <span class='ocrx_word' id='word_1_342' title='bbox 3458 1934 3741 2004; x_wconf 78' lang='grc' dir='ltr'><strong>νομίζεται.</strong></span> 
     </span>
    </p>
   </div>
   <div class='ocr_carea' id='block_1_50' title="bbox 2182 2023 3744 2096">
    <p class='ocr_par' dir='ltr' id='par_1_50' title="bbox 2182 2023 3744 2096">
     <span class='ocr_line' id='line_1_50' title="bbox 2182 2023 3744 2096; baseline -0.001 -18"><span class='ocrx_word' id='word_1_343' title='bbox 2182 2024 2243 2078; x_wconf 86' lang='grc' dir='ltr'><strong>Ὀ</strong></span> <span class='ocrx_word' id='word_1_344' title='bbox 2269 2023 2324 2076; x_wconf 77' lang='grc' dir='ltr'><strong>δὲ</strong></span> <span class='ocrx_word' id='word_1_345' title='bbox 2364 2025 2682 2092; x_wconf 83' lang='grc' dir='ltr'><strong>Ἀγρίππας</strong></span> <span class='ocrx_word' id='word_1_346' title='bbox 2710 2026 2808 2080; x_wconf 76' lang='grc' dir='ltr'><strong>καὶ</strong></span> <span class='ocrx_word' id='word_1_347' title='bbox 2834 2025 3026 2096; x_wconf 71' lang='grc' dir='ltr'><strong>ἕτερον</strong></span> <span class='ocrx_word' id='word_1_348' title='bbox 3075 2026 3194 2080; x_wconf 79' lang='grc' dir='ltr'><strong>υίδν</strong></span> <span class='ocrx_word' id='word_1_349' title='bbox 3259 2026 3327 2080; x_wconf 77' lang='grc' dir='ltr'><strong>ἐκ</strong></span> <span class='ocrx_word' id='word_1_350' title='bbox 3379 2026 3482 2096; x_wconf 82' lang='grc' dir='ltr'><strong>τῆς</strong></span> <span class='ocrx_word' id='word_1_351' title='bbox 3539 2026 3744 2085; x_wconf 75' lang='grc' dir='ltr'><strong>Ἰουλίας</strong></span> 
     </span>
    </p>
   </div>
   <div class='ocr_carea' id='block_1_51' title="bbox 2169 2115 3744 2188">
    <p class='ocr_par' dir='ltr' id='par_1_51' title="bbox 2169 2115 3744 2188">
     <span class='ocr_line' id='line_1_51' title="bbox 2169 2115 3744 2188; baseline -0.001 -19"><span class='ocrx_word' id='word_1_352' title='bbox 2169 2118 2444 2185; x_wconf 76' lang='grc' dir='ltr'><strong>ἐγείνατο,</strong></span> <span class='ocrx_word' id='word_1_353' title='bbox 2485 2119 2718 2172; x_wconf 80' lang='grc' dir='ltr'><strong>Λούκιον</strong></span> <span class='ocrx_word' id='word_1_354' title='bbox 2747 2119 3141 2188; x_wconf 82' lang='grc' dir='ltr'><strong>ὀνομασθέντα,</strong></span> <span class='ocrx_word' id='word_1_355' title='bbox 3192 2118 3254 2172; x_wconf 80' lang='grc' dir='ltr'><strong>ὃν</strong></span> <span class='ocrx_word' id='word_1_356' title='bbox 3306 2117 3615 2187; x_wconf 72' lang='grc' dir='ltr'><strong>Αὔγουστος</strong></span> <span class='ocrx_word' id='word_1_357' title='bbox 3662 2115 3744 2169; x_wconf 65' lang='grc' dir='ltr'><strong>καὶ</strong></span> 
     </span>
    </p>
   </div>
   <div class='ocr_carea' id='block_1_52' title="bbox 2169 2209 3745 2289">
    <p class='ocr_par' dir='ltr' id='par_1_52' title="bbox 2169 2209 3745 2289">
     <span class='ocr_line' id='line_1_52' title="bbox 2169 2209 3745 2289; baseline -0.001 -28"><span class='ocrx_word' id='word_1_358' title='bbox 2169 2209 2261 2261; x_wconf 79' lang='grc' dir='ltr'><strong>τὸν</strong></span> <span class='ocrx_word' id='word_1_359' title='bbox 2291 2210 2522 2277; x_wconf 80' lang='grc' dir='ltr'><strong>ἀδελφὺν</strong></span> <span class='ocrx_word' id='word_1_360' title='bbox 2563 2209 2730 2263; x_wconf 80' lang='grc' dir='ltr'><strong>αὑτοῦ</strong></span> <span class='ocrx_word' id='word_1_361' title='bbox 2758 2209 2852 2263; x_wconf 80' lang='grc' dir='ltr'><strong>τὸν</strong></span> <span class='ocrx_word' id='word_1_362' title='bbox 2890 2210 3049 2264; x_wconf 83' lang='grc' dir='ltr'><strong>Γάϊον</strong></span> <span class='ocrx_word' id='word_1_363' title='bbox 3079 2212 3494 2289; x_wconf 73' lang='grc' dir='ltr'><strong>είσεπειήσατο,</strong></span> <span class='ocrx_word' id='word_1_364' title='bbox 3537 2212 3624 2263; x_wconf 81' lang='grc' dir='ltr'><strong>καὶ</strong></span> <span class='ocrx_word' id='word_1_365' title='bbox 3645 2209 3745 2262; x_wconf 87' lang='grc' dir='ltr'><strong>δια-</strong></span> 
     </span>
    </p>
   </div>
   <div class='ocr_carea' id='block_1_53' title="bbox 2169 2301 3744 2376">
    <p class='ocr_par' dir='ltr' id='par_1_53' title="bbox 2169 2301 3744 2376">
     <span class='ocr_line' id='line_1_53' title="bbox 2169 2301 3744 2376; baseline 0 -22"><span class='ocrx_word' id='word_1_366' title='bbox 2169 2301 2359 2371; x_wconf 78' lang='grc' dir='ltr'><strong>δόχους</strong></span> <span class='ocrx_word' id='word_1_367' title='bbox 2394 2303 2494 2370; x_wconf 75' lang='grc' dir='ltr'><strong>τῆς</strong></span> <span class='ocrx_word' id='word_1_368' title='bbox 2527 2303 2704 2373; x_wconf 78' lang='grc' dir='ltr'><strong>ἀρχῆς</strong></span> <span class='ocrx_word' id='word_1_369' title='bbox 2734 2304 2964 2357; x_wconf 83' lang='grc' dir='ltr'><strong>αὐτόθεν</strong></span> <span class='ocrx_word' id='word_1_370' title='bbox 2991 2303 3303 2371; x_wconf 75' lang='grc' dir='ltr'><strong>ἀπέδειξεν,</strong></span> <span class='ocrx_word' id='word_1_371' title='bbox 3339 2305 3408 2358; x_wconf 74' lang='grc' dir='ltr'><strong>ἵν’</strong></span> <span class='ocrx_word' id='word_1_372' title='bbox 3445 2301 3603 2376; x_wconf 78' lang='grc' dir='ltr'><strong>ἦττον</strong></span> <span class='ocrx_word' id='word_1_373' title='bbox 3633 2302 3744 2354; x_wconf 83' lang='grc' dir='ltr'><strong>ὲπι-</strong></span> 
     </span>
    </p>
   </div>
   <div class='ocr_carea' id='block_1_54' title="bbox 2172 2393 3738 2469">
    <p class='ocr_par' dir='ltr' id='par_1_54' title="bbox 2172 2393 3738 2469">
     <span class='ocr_line' id='line_1_54' title="bbox 2172 2393 3738 2469; baseline 0.004 -25"><span class='ocrx_word' id='word_1_374' title='bbox 2172 2393 2519 2464; x_wconf 77' lang='grc' dir='ltr'><strong>δουλεύηται.</strong></span> <span class='ocrx_word' id='word_1_375' title='bbox 2564 2394 2925 2466; x_wconf 85' lang='grc' dir='ltr'><strong>Ἑστιὼμενος</strong></span> <span class='ocrx_word' id='word_1_376' title='bbox 2959 2396 3016 2448; x_wconf 86' lang='grc' dir='ltr'><strong>δέ</strong></span> <span class='ocrx_word' id='word_1_377' title='bbox 3071 2412 3201 2449; x_wconf 88' lang='grc' dir='ltr'><strong>ποτε</strong></span> <span class='ocrx_word' id='word_1_378' title='bbox 3271 2399 3425 2469; x_wconf 75' lang='grc' dir='ltr'><strong>παρὰ</strong></span> <span class='ocrx_word' id='word_1_379' title='bbox 3494 2394 3738 2451; x_wconf 77' lang='grc' dir='ltr'><strong>Πωλίωνι.</strong></span> 
     </span>
    </p>
   </div>
   <div class='ocr_carea' id='block_1_55' title="bbox 2173 2484 3737 2559">
    <p class='ocr_par' dir='ltr' id='par_1_55' title="bbox 2173 2484 3737 2559">
     <span class='ocr_line' id='line_1_55' title="bbox 2173 2484 3737 2559; baseline 0.004 -20"><span class='ocrx_word' id='word_1_380' title='bbox 2173 2485 2327 2557; x_wconf 67' lang='grc' dir='ltr'><strong>ἀνδρὶ</strong></span> <span class='ocrx_word' id='word_1_381' title='bbox 2365 2486 2608 2554; x_wconf 82' lang='grc' dir='ltr'><strong>πλουσίῳ</strong></span> <span class='ocrx_word' id='word_1_382' title='bbox 2643 2487 2743 2556; x_wconf 74' lang='grc' dir='ltr'><strong>μὲν</strong></span> <span class='ocrx_word' id='word_1_383' title='bbox 2775 2487 2981 2559; x_wconf 86' lang='grc' dir='ltr'><strong>σφόδρα</strong></span> <span class='ocrx_word' id='word_1_384' title='bbox 3015 2487 3151 2557; x_wconf 80' lang='grc' dir='ltr'><strong>ὼμῷ</strong></span> <span class='ocrx_word' id='word_1_385' title='bbox 3177 2487 3235 2541; x_wconf 80' lang='grc' dir='ltr'><strong>δὲ</strong></span> <span class='ocrx_word' id='word_1_386' title='bbox 3262 2489 3387 2541; x_wconf 84' lang='grc' dir='ltr'><strong>λίαν</strong></span> <span class='ocrx_word' id='word_1_387' title='bbox 3414 2488 3511 2541; x_wconf 75' lang='grc' dir='ltr'><strong>καὶ</strong></span> <span class='ocrx_word' id='word_1_388' title='bbox 3539 2484 3737 2553; x_wconf 74' lang='grc' dir='ltr'><strong>ἀπηνεῖ.</strong></span> 
     </span>
    </p>
   </div>
   <div class='ocr_carea' id='block_1_56' title="bbox 2175 2574 3737 2649">
    <p class='ocr_par' dir='ltr' id='par_1_56' title="bbox 2175 2574 3737 2649">
     <span class='ocr_line' id='line_1_56' title="bbox 2175 2574 3737 2649; baseline -0.001 -19"><span class='ocrx_word' id='word_1_389' title='bbox 2175 2579 2298 2631; x_wconf 76' lang='grc' dir='ltr'><strong>ἐπεὶ</strong></span> <span class='ocrx_word' id='word_1_390' title='bbox 2320 2579 2347 2633; x_wconf 84' lang='grc' dir='ltr'><strong>ό</strong></span> <span class='ocrx_word' id='word_1_391' title='bbox 2366 2579 2601 2648; x_wconf 69' lang='grc' dir='ltr'><strong>οἰνοχέος</strong></span> <span class='ocrx_word' id='word_1_392' title='bbox 2638 2578 2846 2632; x_wconf 76' lang='grc' dir='ltr'><strong>ἐκείνου</strong></span> <span class='ocrx_word' id='word_1_393' title='bbox 2874 2578 3072 2633; x_wconf 83' lang='grc' dir='ltr'><strong>κύλικα</strong></span> <span class='ocrx_word' id='word_1_394' title='bbox 3105 2580 3479 2649; x_wconf 85' lang='grc' dir='ltr'><strong>κρυσταλίνην</strong></span> <span class='ocrx_word' id='word_1_395' title='bbox 3506 2574 3737 2640; x_wconf 72' lang='grc' dir='ltr'><strong>κατέαξε,</strong></span> 
     </span>
    </p>
   </div>
   <div class='ocr_carea' id='block_1_57' title="bbox 2174 2667 3737 2741">
    <p class='ocr_par' dir='ltr' id='par_1_57' title="bbox 2174 2667 3737 2741">
     <span class='ocr_line' id='line_1_57' title="bbox 2174 2667 3737 2741; baseline -0.006 -17"><span class='ocrx_word' id='word_1_396' title='bbox 2174 2669 2270 2724; x_wconf 82' lang='grc' dir='ltr'><strong>καί</strong></span> <span class='ocrx_word' id='word_1_397' title='bbox 2322 2671 2379 2731; x_wconf 76' lang='grc' dir='ltr'><strong>ἐς</strong></span> <span class='ocrx_word' id='word_1_398' title='bbox 2416 2671 2513 2731; x_wconf 85' lang='grc' dir='ltr'><strong>τὰς</strong></span> <span class='ocrx_word' id='word_1_399' title='bbox 2555 2670 2826 2739; x_wconf 80' lang='grc' dir='ltr'><strong>μυραίνας</strong></span> <span class='ocrx_word' id='word_1_400' title='bbox 2890 2669 3097 2741; x_wconf 82' lang='grc' dir='ltr'><strong>ὡρίσθη</strong></span> <span class='ocrx_word' id='word_1_401' title='bbox 3162 2671 3320 2740; x_wconf 74' lang='grc' dir='ltr'><strong>παρὰ</strong></span> <span class='ocrx_word' id='word_1_402' title='bbox 3346 2669 3440 2722; x_wconf 82' lang='grc' dir='ltr'><strong>τοῦ</strong></span> <span class='ocrx_word' id='word_1_403' title='bbox 3502 2667 3737 2721; x_wconf 83' lang='grc' dir='ltr'><strong>δεσπότου</strong></span> 
     </span>
    </p>
   </div>
   <div class='ocr_carea' id='block_1_58' title="bbox 2174 2758 3737 2832">
    <p class='ocr_par' dir='ltr' id='par_1_58' title="bbox 2174 2758 3737 2832">
     <span class='ocr_line' id='line_1_58' title="bbox 2174 2758 3737 2832; baseline -0.003 -19"><span class='ocrx_word' id='word_1_404' title='bbox 2174 2760 2512 2832; x_wconf 74' lang='grc' dir='ltr'><strong>ἐμϐληθῆναι</strong></span> <span class='ocrx_word' id='word_1_405' title='bbox 2572 2760 2791 2828; x_wconf 72' lang='grc' dir='ltr'><strong>(ἔτρεφε</strong></span> <span class='ocrx_word' id='word_1_406' title='bbox 2837 2761 2943 2832; x_wconf 86' lang='grc' dir='ltr'><strong>γὰρ</strong></span> <span class='ocrx_word' id='word_1_407' title='bbox 2996 2763 3054 2813; x_wconf 85' lang='grc' dir='ltr'><strong>ὲν</strong></span> <span class='ocrx_word' id='word_1_408' title='bbox 3098 2761 3430 2831; x_wconf 80' lang='grc' dir='ltr'><strong>δεξαμεναίς</strong></span> <span class='ocrx_word' id='word_1_409' title='bbox 3480 2758 3737 2820; x_wconf 81' lang='grc' dir='ltr'><strong>τοιαύτας,</strong></span> 
     </span>
    </p>
   </div>
   <div class='ocr_carea' id='block_1_59' title="bbox 2174 2850 3737 2922">
    <p class='ocr_par' dir='ltr' id='par_1_59' title="bbox 2174 2850 3737 2922">
     <span class='ocr_line' id='line_1_59' title="bbox 2174 2850 3737 2922; baseline 0.006 -20"><span class='ocrx_word' id='word_1_410' title='bbox 2174 2850 2497 2922; x_wconf 74' lang='grc' dir='ltr'><strong>ἀνθρώπους</strong></span> <span class='ocrx_word' id='word_1_411' title='bbox 2526 2850 2917 2921; x_wconf 84' lang='grc' dir='ltr'><strong>δεδιδαγμένας</strong></span> <span class='ocrx_word' id='word_1_412' title='bbox 2968 2854 3193 2921; x_wconf 79' lang='grc' dir='ltr'><strong>ἐσθίειν,</strong></span> <span class='ocrx_word' id='word_1_413' title='bbox 3231 2858 3329 2910; x_wconf 71' lang='grc' dir='ltr'><strong>καὶ</strong></span> <span class='ocrx_word' id='word_1_414' title='bbox 3364 2857 3489 2918; x_wconf 70' lang='grc' dir='ltr'><strong>τοὺς</strong></span> <span class='ocrx_word' id='word_1_415' title='bbox 3539 2852 3737 2911; x_wconf 68' lang='grc' dir='ltr'><strong>δούλοις</strong></span> 
     </span>
    </p>
   </div>
   <div class='ocr_carea' id='block_1_60' title="bbox 2177 2939 3737 3015">
    <p class='ocr_par' dir='ltr' id='par_1_60' title="bbox 2177 2939 3737 3015">
     <span class='ocr_line' id='line_1_60' title="bbox 2177 2939 3737 3015; baseline -0.004 -20"><span class='ocrx_word' id='word_1_416' title='bbox 2177 2942 2369 3003; x_wconf 77' lang='grc' dir='ltr'><strong>αὐταῖς</strong></span> <span class='ocrx_word' id='word_1_417' title='bbox 2397 2941 2490 3003; x_wconf 70' lang='grc' dir='ltr'><strong>οὓς</strong></span> <span class='ocrx_word' id='word_1_418' title='bbox 2518 2942 2783 2996; x_wconf 84' lang='grc' dir='ltr'><strong>ὲθανάτου</strong></span> <span class='ocrx_word' id='word_1_419' title='bbox 2816 2943 3176 3015; x_wconf 78' lang='grc' dir='ltr'><strong>παρέϐαλλε),</strong></span> <span class='ocrx_word' id='word_1_420' title='bbox 3210 2946 3515 3015; x_wconf 80' lang='grc' dir='ltr'><strong>παρῃτεῖτο</strong></span> <span class='ocrx_word' id='word_1_421' title='bbox 3550 2939 3642 3010; x_wconf 80' lang='grc' dir='ltr'><strong>τὴν</strong></span> <span class='ocrx_word' id='word_1_422' title='bbox 3663 2953 3737 2989; x_wconf 83' lang='grc' dir='ltr'><strong>τι·</strong></span> 
     </span>
    </p>
   </div>
   <div class='ocr_carea' id='block_1_61' title="bbox 2178 3024 3734 3104">
    <p class='ocr_par' dir='ltr' id='par_1_61' title="bbox 2178 3024 3734 3104">
     <span class='ocr_line' id='line_1_61' title="bbox 2178 3024 3734 3104; baseline -0.004 -24"><span class='ocrx_word' id='word_1_423' title='bbox 2178 3030 2441 3099; x_wconf 84' lang='grc' dir='ltr'><strong>μωρίανό</strong></span> <span class='ocrx_word' id='word_1_424' title='bbox 2473 3033 2693 3100; x_wconf 68' lang='grc' dir='ltr'><strong>Καῖσαρ</strong></span> <span class='ocrx_word' id='word_1_425' title='bbox 2720 3030 2815 3083; x_wconf 82' lang='grc' dir='ltr'><strong>τοῦ</strong></span> <span class='ocrx_word' id='word_1_426' title='bbox 2850 3033 3115 3104; x_wconf 71' lang='grc' dir='ltr'><strong>Οἰνοχόνυ.</strong></span> <span class='ocrx_word' id='word_1_427' title='bbox 3173 3033 3265 3097; x_wconf 84' lang='grc' dir='ltr'><strong>Ὠς</strong></span> <span class='ocrx_word' id='word_1_428' title='bbox 3321 3032 3369 3087; x_wconf 82' lang='grc' dir='ltr'><strong>δ’</strong></span> <span class='ocrx_word' id='word_1_429' title='bbox 3419 3033 3518 3084; x_wconf 83' lang='grc' dir='ltr'><strong>οὐκ</strong></span> <span class='ocrx_word' id='word_1_430' title='bbox 3571 3024 3734 3081; x_wconf 75' lang='grc' dir='ltr'><strong>ἔπειθε</strong></span> 
     </span>
    </p>
   </div>
   <div class='ocr_carea' id='block_1_62' title="bbox 499 3114 2072 3214">
    <p class='ocr_par' dir='ltr' id='par_1_62' title="bbox 499 3125 2072 3197">
     <span class='ocr_line' id='line_1_62' title="bbox 499 3125 2072 3197; baseline -0.004 -12"><span class='ocrx_word' id='word_1_431' title='bbox 499 3132 732 3185; x_wconf 73' lang='lat' dir='ltr'><strong>homines</strong></span> <span class='ocrx_word' id='word_1_432' title='bbox 759 3128 1026 3183; x_wconf 82' lang='lat' dir='ltr'><strong>occidant.</strong></span> <span class='ocrx_word' id='word_1_433' title='bbox 1060 3126 1153 3182; x_wconf 89' lang='lat' dir='ltr'><strong>Sic</strong></span> <span class='ocrx_word' id='word_1_434' title='bbox 1198 3128 1372 3181; x_wconf 88' lang='lat' dir='ltr'><strong>Pollio</strong></span> <span class='ocrx_word' id='word_1_435' title='bbox 1407 3135 1635 3197; x_wconf 90' lang='lat' dir='ltr'><strong>propter</strong></span> <span class='ocrx_word' id='word_1_436' title='bbox 1663 3125 2072 3179; x_wconf 88' lang='lat' dir='ltr'><strong>multitudinem</strong></span> 
     </span>
    </p>
   </div>
   <div class='ocr_carea' id='block_1_63' title="bbox 2173 3114 3734 3214">
    <p class='ocr_par' dir='ltr' id='par_1_63' title="bbox 2175 3114 3734 3193">
     <span class='ocr_line' id='line_1_63' title="bbox 2175 3114 3734 3193; baseline -0.003 -20"><span class='ocrx_word' id='word_1_437' title='bbox 2175 3123 2268 3174; x_wconf 83' lang='grc' dir='ltr'><strong>τὸν</strong></span> <span class='ocrx_word' id='word_1_438' title='bbox 2305 3122 2590 3188; x_wconf 84' lang='grc' dir='ltr'><strong>Πωλίωνα,</strong></span> <span class='ocrx_word' id='word_1_439' title='bbox 2623 3123 2783 3193; x_wconf 76' lang='grc' dir='ltr'><strong>Φέρε,</strong></span> <span class='ocrx_word' id='word_1_440' title='bbox 2818 3124 3008 3193; x_wconf 77' lang='grc' dir='ltr'><strong>φησὶν,</strong></span> <span class='ocrx_word' id='word_1_441' title='bbox 3030 3125 3131 3178; x_wconf 82' lang='grc' dir='ltr'><strong>ὅσα</strong></span> <span class='ocrx_word' id='word_1_442' title='bbox 3152 3124 3384 3179; x_wconf 83' lang='grc' dir='ltr'><strong>τοιαῦτα</strong></span> <span class='ocrx_word' id='word_1_443' title='bbox 3407 3124 3546 3193; x_wconf 80' lang='grc' dir='ltr'><strong>ἔχεις</strong></span> <span class='ocrx_word' id='word_1_444' title='bbox 3577 3114 3734 3171; x_wconf 78' lang='grc' dir='ltr'><strong>ἐκπώ-</strong></span> 
     </span>
    </p>
   </div>
   <div class='ocr_carea' id='block_1_64' title="bbox 499 3217 2072 3289">
    <p class='ocr_par' dir='ltr' id='par_1_64' title="bbox 499 3217 2072 3289">
     <span class='ocr_line' id='line_1_64' title="bbox 499 3217 2072 3289; baseline -0.001 -14"><span class='ocrx_word' id='word_1_445' title='bbox 499 3222 907 3276; x_wconf 85' lang='lat' dir='ltr'><strong>conl‘ractorum</strong></span> <span class='ocrx_word' id='word_1_446' title='bbox 943 3220 1013 3274; x_wconf 90' lang='lat' dir='ltr'><strong>ab</strong></span> <span class='ocrx_word' id='word_1_447' title='bbox 1056 3219 1303 3289; x_wconf 88' lang='lat' dir='ltr'><strong>Augusto</strong></span> <span class='ocrx_word' id='word_1_448' title='bbox 1348 3218 1605 3284; x_wconf 83' lang='lat' dir='ltr'><strong>calicum,</strong></span> <span class='ocrx_word' id='word_1_449' title='bbox 1655 3217 1825 3271; x_wconf 91' lang='lat' dir='ltr'><strong>unius</strong></span> <span class='ocrx_word' id='word_1_450' title='bbox 1846 3217 2072 3282; x_wconf 84' lang='lat' dir='ltr'><strong>oblitus,</strong></span> 
     </span>
    </p>
   </div>
   <div class='ocr_carea' id='block_1_65' title="bbox 499 3309 2075 3380">
    <p class='ocr_par' dir='ltr' id='par_1_65' title="bbox 499 3309 2075 3380">
     <span class='ocr_line' id='line_1_65' title="bbox 499 3309 2075 3380; baseline -0.003 -11"><span class='ocrx_word' id='word_1_451' title='bbox 499 3329 625 3370; x_wconf 86' lang='lat' dir='ltr'><strong>eum</strong></span> <span class='ocrx_word' id='word_1_452' title='bbox 685 3314 1004 3380; x_wconf 87' lang='lat' dir='ltr'><strong>pineernam</strong></span> <span class='ocrx_word' id='word_1_453' title='bbox 1053 3312 1252 3380; x_wconf 88' lang='lat' dir='ltr'><strong>punire</strong></span> <span class='ocrx_word' id='word_1_454' title='bbox 1307 3325 1415 3364; x_wconf 91' lang='lat' dir='ltr'><strong>non</strong></span> <span class='ocrx_word' id='word_1_455' title='bbox 1464 3319 1671 3380; x_wconf 83' lang='lat' dir='ltr'><strong>posset,</strong></span> <span class='ocrx_word' id='word_1_456' title='bbox 1716 3309 1805 3365; x_wconf 89' lang='lat' dir='ltr'><strong>vel</strong></span> <span class='ocrx_word' id='word_1_457' title='bbox 1865 3309 2075 3365; x_wconf 86' lang='lat' dir='ltr'><strong>invitus</strong></span> 
     </span>
    </p>
   </div>
   <div class='ocr_carea' id='block_1_66' title="bbox 502 3399 2076 3471">
    <p class='ocr_par' dir='ltr' id='par_1_66' title="bbox 502 3399 2076 3471">
     <span class='ocr_line' id='line_1_66' title="bbox 502 3399 2076 3471; baseline -0.003 -13"><span class='ocrx_word' id='word_1_458' title='bbox 502 3405 712 3458; x_wconf 81' lang='grc' dir='ltr'><strong>ιιοιιιίιιί</strong></span> <span class='ocrx_word' id='word_1_459' title='bbox 743 3403 1012 3471; x_wconf 89' lang='lat' dir='ltr'><strong>pepercit.</strong></span> <span class='ocrx_word' id='word_1_460' title='bbox 1051 3400 1289 3469; x_wconf 83' lang='lat' dir='ltr'><strong>Agrippa</strong></span> <span class='ocrx_word' id='word_1_461' title='bbox 1338 3399 1394 3453; x_wconf 91' lang='lat' dir='ltr'><strong>in</strong></span> <span class='ocrx_word' id='word_1_462' title='bbox 1447 3399 1746 3470; x_wconf 84' lang='lat' dir='ltr'><strong>Campania</strong></span> <span class='ocrx_word' id='word_1_463' title='bbox 1782 3415 1851 3454; x_wconf 80' lang='lat' dir='ltr'><strong>ex</strong></span> <span class='ocrx_word' id='word_1_464' title='bbox 1882 3400 2076 3455; x_wconf 90' lang='lat' dir='ltr'><strong>morbo</strong></span> 
     </span>
    </p>
   </div>
   <div class='ocr_carea' id='block_1_67' title="bbox 502 3491 2075 3561">
    <p class='ocr_par' dir='ltr' id='par_1_67' title="bbox 502 3491 2075 3561">
     <span class='ocr_line' id='line_1_67' title="bbox 502 3491 2075 3561; baseline -0.002 -12"><span class='ocrx_word' id='word_1_465' title='bbox 502 3497 783 3558; x_wconf 80' lang='lat' dir='ltr'><strong>defuncto,</strong></span> <span class='ocrx_word' id='word_1_466' title='bbox 834 3492 1018 3548; x_wconf 69' lang='lat' dir='ltr'><strong>Cal-sar</strong></span> <span class='ocrx_word' id='word_1_467' title='bbox 1043 3506 1110 3546; x_wconf 90' lang='lat' dir='ltr'><strong>eo</strong></span> <span class='ocrx_word' id='word_1_468' title='bbox 1141 3491 1444 3560; x_wconf 80' lang='lat' dir='ltr'><strong>profectus,</strong></span> <span class='ocrx_word' id='word_1_469' title='bbox 1467 3506 1669 3561; x_wconf 91' lang='lat' dir='ltr'><strong>corpus</strong></span> <span class='ocrx_word' id='word_1_470' title='bbox 1692 3492 1813 3560; x_wconf 87' lang='lat' dir='ltr'><strong>ejus</strong></span> <span class='ocrx_word' id='word_1_471' title='bbox 1845 3491 2075 3546; x_wconf 85' lang='lat' dir='ltr'><strong>Romam</strong></span> 
     </span>
    </p>
   </div>
   <div class='ocr_carea' id='block_1_68' title="bbox 501 3583 2078 3654">
    <p class='ocr_par' dir='ltr' id='par_1_68' title="bbox 501 3583 2078 3654">
     <span class='ocr_line' id='line_1_68' title="bbox 501 3583 2078 3654; baseline -0.003 -11"><span class='ocrx_word' id='word_1_472' title='bbox 501 3589 758 3651; x_wconf 81' lang='lat' dir='ltr'><strong>advexit;</strong></span> <span class='ocrx_word' id='word_1_473' title='bbox 790 3600 969 3654; x_wconf 90' lang='lat' dir='ltr'><strong>eoque</strong></span> <span class='ocrx_word' id='word_1_474' title='bbox 999 3585 1055 3638; x_wconf 90' lang='lat' dir='ltr'><strong>in</strong></span> <span class='ocrx_word' id='word_1_475' title='bbox 1084 3584 1258 3638; x_wconf 82' lang='lat' dir='ltr'><strong>forum</strong></span> <span class='ocrx_word' id='word_1_476' title='bbox 1289 3583 1456 3638; x_wconf 90' lang='lat' dir='ltr'><strong>allato</strong></span> <span class='ocrx_word' id='word_1_477' title='bbox 1479 3621 1493 3642; x_wconf 90' lang='lat'><strong>.</strong></span> <span class='ocrx_word' id='word_1_478' title='bbox 1529 3585 1834 3639; x_wconf 89' lang='lat' dir='ltr'><strong>orationem</strong></span> <span class='ocrx_word' id='word_1_479' title='bbox 1879 3583 2078 3639; x_wconf 90' lang='lat' dir='ltr'><strong>recita-</strong></span> 
     </span>
    </p>
   </div>
   <div class='ocr_carea' id='block_1_69' title="bbox 503 3664 2074 3745">
    <p class='ocr_par' dir='ltr' id='par_1_69' title="bbox 503 3664 2074 3745">
     <span class='ocr_line' id='line_1_69' title="bbox 503 3664 2074 3745; baseline -0.003 -12"><span class='ocrx_word' id='word_1_480' title='bbox 503 3680 579 3733; x_wconf 85' lang='lat' dir='ltr'><strong>vit</strong></span> <span class='ocrx_word' id='word_1_481' title='bbox 611 3695 625 3732; x_wconf 87' lang='lat'><strong>:</strong></span> <span class='ocrx_word' id='word_1_482' title='bbox 659 3664 913 3745; x_wconf 75' lang='lat' dir='ltr'><strong>factoque</strong></span> <span class='ocrx_word' id='word_1_483' title='bbox 944 3674 1235 3745; x_wconf 81' lang='lat' dir='ltr'><strong>magniﬁco</strong></span> <span class='ocrx_word' id='word_1_484' title='bbox 1262 3676 1478 3742; x_wconf 80' lang='lat' dir='ltr'><strong>funere,</strong></span> <span class='ocrx_word' id='word_1_485' title='bbox 1512 3689 1636 3730; x_wconf 91' lang='lat' dir='ltr'><strong>ossa</strong></span> <span class='ocrx_word' id='word_1_486' title='bbox 1670 3675 1726 3729; x_wconf 93' lang='lat' dir='ltr'><strong>in</strong></span> <span class='ocrx_word' id='word_1_487' title='bbox 1762 3691 1924 3730; x_wconf 83' lang='lat' dir='ltr'><strong>suum</strong></span> <span class='ocrx_word' id='word_1_488' title='bbox 1956 3690 2074 3729; x_wconf 90' lang='lat' dir='ltr'><strong>mo-</strong></span> 
     </span>
    </p>
   </div>
   <div class='ocr_carea' id='block_1_70' title="bbox 502 3764 2079 3835">
    <p class='ocr_par' dir='ltr' id='par_1_70' title="bbox 502 3764 2079 3835">
     <span class='ocr_line' id='line_1_70' title="bbox 502 3764 2079 3835; baseline -0.003 -11"><span class='ocrx_word' id='word_1_489' title='bbox 502 3777 827 3823; x_wconf 87' lang='lat' dir='ltr'><strong>numentum</strong></span> <span class='ocrx_word' id='word_1_490' title='bbox 861 3765 1066 3820; x_wconf 90' lang='lat' dir='ltr'><strong>intulit.</strong></span> <span class='ocrx_word' id='word_1_491' title='bbox 1107 3765 1360 3835; x_wconf 79' lang='lat' dir='ltr'><strong>Agrippae</strong></span> <span class='ocrx_word' id='word_1_492' title='bbox 1387 3780 1538 3820; x_wconf 90' lang='lat' dir='ltr'><strong>mors</strong></span> <span class='ocrx_word' id='word_1_493' title='bbox 1564 3764 1849 3835; x_wconf 86' lang='lat' dir='ltr'><strong>publicum</strong></span> <span class='ocrx_word' id='word_1_494' title='bbox 1878 3766 2079 3820; x_wconf 81' lang='lat' dir='ltr'><strong>Roma-</strong></span> 
     </span>
    </p>
   </div>
   <div class='ocr_carea' id='block_1_71' title="bbox 502 3856 2078 3915">
    <p class='ocr_par' dir='ltr' id='par_1_71' title="bbox 502 3856 2078 3915">
     <span class='ocr_line' id='line_1_71' title="bbox 502 3856 2078 3915; baseline -0.002 -1"><span class='ocrx_word' id='word_1_495' title='bbox 502 3861 588 3915; x_wconf 86' lang='lat' dir='ltr'><strong>nis</strong></span> <span class='ocrx_word' id='word_1_496' title='bbox 622 3861 831 3913; x_wconf 79' lang='lat' dir='ltr'><strong>luctum</strong></span> <span class='ocrx_word' id='word_1_497' title='bbox 868 3858 1074 3913; x_wconf 89' lang='lat' dir='ltr'><strong>attulit.</strong></span> <span class='ocrx_word' id='word_1_498' title='bbox 1105 3856 1240 3911; x_wconf 89' lang='lat' dir='ltr'><strong>Nam</strong></span> <span class='ocrx_word' id='word_1_499' title='bbox 1268 3872 1394 3911; x_wconf 86' lang='lat' dir='ltr'><strong>cum</strong></span> <span class='ocrx_word' id='word_1_500' title='bbox 1427 3865 1623 3911; x_wconf 72' lang='lat' dir='ltr'><strong>ca2tera</strong></span> <span class='ocrx_word' id='word_1_501' title='bbox 1655 3857 1740 3910; x_wconf 84' lang='lat' dir='ltr'><strong>vir</strong></span> <span class='ocrx_word' id='word_1_502' title='bbox 1767 3872 1878 3912; x_wconf 72' lang='lat' dir='ltr'><strong>sua:</strong></span> <span class='ocrx_word' id='word_1_503' title='bbox 1901 3857 2078 3911; x_wconf 80' lang='lat' dir='ltr'><strong>aetatis</strong></span> 
     </span>
    </p>
   </div>
   <div class='ocr_carea' id='block_1_72' title="bbox 503 3947 2079 4020">
    <p class='ocr_par' dir='ltr' id='par_1_72' title="bbox 503 3947 2079 4020">
     <span class='ocr_line' id='line_1_72' title="bbox 503 3947 2079 4020; baseline -0.001 -17"><span class='ocrx_word' id='word_1_504' title='bbox 503 3955 745 4020; x_wconf 82' lang='lat' dir='ltr'><strong>optimus</strong></span> <span class='ocrx_word' id='word_1_505' title='bbox 794 3950 918 4011; x_wconf 82' lang='lat' dir='ltr'><strong>fuit,</strong></span> <span class='ocrx_word' id='word_1_506' title='bbox 976 3956 1090 4002; x_wconf 78' lang='lat' dir='ltr'><strong>turn</strong></span> <span class='ocrx_word' id='word_1_507' title='bbox 1140 3948 1372 4018; x_wconf 76' lang='lat' dir='ltr'><strong>Augusti</strong></span> <span class='ocrx_word' id='word_1_508' title='bbox 1423 3947 1667 4003; x_wconf 79' lang='lat' dir='ltr'><strong>amicitia</strong></span> <span class='ocrx_word' id='word_1_509' title='bbox 1711 3947 1779 4001; x_wconf 88' lang='lat' dir='ltr'><strong>ad</strong></span> <span class='ocrx_word' id='word_1_510' title='bbox 1819 3947 1994 4017; x_wconf 89' lang='lat' dir='ltr'><strong>ipsius</strong></span> <span class='ocrx_word' id='word_1_511' title='bbox 2022 3956 2079 4003; x_wconf 90' lang='lat' dir='ltr'><strong>et</strong></span> 
     </span>
    </p>
   </div>
   <div class='ocr_carea' id='block_1_73' title="bbox 507 4038 2079 4112">
    <p class='ocr_par' dir='ltr' id='par_1_73' title="bbox 507 4038 2079 4112">
     <span class='ocr_line' id='line_1_73' title="bbox 507 4038 2079 4112; baseline -0.001 -17"><span class='ocrx_word' id='word_1_512' title='bbox 507 4043 821 4112; x_wconf 75' lang='lat' dir='ltr'><strong>reipublicae</strong></span> <span class='ocrx_word' id='word_1_513' title='bbox 861 4040 1150 4095; x_wconf 89' lang='lat' dir='ltr'><strong>utilitatem</strong></span> <span class='ocrx_word' id='word_1_514' title='bbox 1199 4055 1333 4094; x_wconf 89' lang='lat' dir='ltr'><strong>usus</strong></span> <span class='ocrx_word' id='word_1_515' title='bbox 1374 4049 1479 4104; x_wconf 83' lang='lat' dir='ltr'><strong>est,</strong></span> <span class='ocrx_word' id='word_1_516' title='bbox 1530 4054 1797 4108; x_wconf 84' lang='lat' dir='ltr'><strong>suamque</strong></span> <span class='ocrx_word' id='word_1_517' title='bbox 1838 4038 2079 4109; x_wconf 84' lang='lat' dir='ltr'><strong>pruden-</strong></span> 
     </span>
    </p>
   </div>
   <div class='ocr_carea' id='block_1_74' title="bbox 507 4128 2080 4186">
    <p class='ocr_par' dir='ltr' id='par_1_74' title="bbox 507 4128 2080 4186">
     <span class='ocr_line' id='line_1_74' title="bbox 507 4128 2080 4186; baseline -0.001 -1"><span class='ocrx_word' id='word_1_518' title='bbox 507 4145 636 4186; x_wconf 62' lang='lat' dir='ltr'><strong>liam</strong></span> <span class='ocrx_word' id='word_1_519' title='bbox 665 4142 723 4185; x_wconf 89' lang='lat' dir='ltr'><strong>et</strong></span> <span class='ocrx_word' id='word_1_520' title='bbox 752 4130 1131 4185; x_wconf 79' lang='lat' dir='ltr'><strong>fortitudinem</strong></span> <span class='ocrx_word' id='word_1_521' title='bbox 1174 4144 1392 4185; x_wconf 88' lang='lat' dir='ltr'><strong>omnem</strong></span> <span class='ocrx_word' id='word_1_522' title='bbox 1429 4129 1486 4183; x_wconf 89' lang='lat' dir='ltr'><strong>in</strong></span> <span class='ocrx_word' id='word_1_523' title='bbox 1530 4143 1621 4184; x_wconf 84' lang='lat' dir='ltr'><strong>res</strong></span> <span class='ocrx_word' id='word_1_524' title='bbox 1661 4128 1865 4185; x_wconf 68' lang='lat' dir='ltr'><strong>Caesari</strong></span> <span class='ocrx_word' id='word_1_525' title='bbox 1901 4129 2080 4183; x_wconf 89' lang='lat' dir='ltr'><strong>utilis-</strong></span> 
     </span>
    </p>
   </div>
   <div class='ocr_carea' id='block_1_75' title="bbox 504 4219 2078 4291">
    <p class='ocr_par' dir='ltr' id='par_1_75' title="bbox 504 4219 2078 4291">
     <span class='ocr_line' id='line_1_75' title="bbox 504 4219 2078 4291; baseline -0.003 -12"><span class='ocrx_word' id='word_1_526' title='bbox 504 4225 674 4279; x_wconf 86' lang='lat' dir='ltr'><strong>simas</strong></span> <span class='ocrx_word' id='word_1_527' title='bbox 705 4222 960 4284; x_wconf 87' lang='lat' dir='ltr'><strong>contulit,</strong></span> <span class='ocrx_word' id='word_1_528' title='bbox 989 4219 1393 4290; x_wconf 89' lang='lat' dir='ltr'><strong>omnipotentia</strong></span> <span class='ocrx_word' id='word_1_529' title='bbox 1418 4228 1476 4275; x_wconf 92' lang='lat' dir='ltr'><strong>et</strong></span> <span class='ocrx_word' id='word_1_530' title='bbox 1508 4219 1740 4287; x_wconf 88' lang='lat' dir='ltr'><strong>honore,</strong></span> <span class='ocrx_word' id='word_1_531' title='bbox 1777 4220 1981 4291; x_wconf 87' lang='lat' dir='ltr'><strong>quibus</strong></span> <span class='ocrx_word' id='word_1_532' title='bbox 2009 4221 2078 4274; x_wconf 92' lang='lat' dir='ltr'><strong>ab</strong></span> 
     </span>
    </p>
   </div>
   <div class='ocr_carea' id='block_1_76' title="bbox 506 4312 2080 4378">
    <p class='ocr_par' dir='ltr' id='par_1_76' title="bbox 506 4312 2080 4378">
     <span class='ocr_line' id='line_1_76' title="bbox 506 4312 2080 4378; baseline -0.001 -9"><span class='ocrx_word' id='word_1_533' title='bbox 506 4318 599 4370; x_wconf 89' lang='lat' dir='ltr'><strong>illo</strong></span> <span class='ocrx_word' id='word_1_534' title='bbox 625 4322 852 4370; x_wconf 86' lang='lat' dir='ltr'><strong>ornatus</strong></span> <span class='ocrx_word' id='word_1_535' title='bbox 879 4323 1019 4378; x_wconf 85' lang='lat' dir='ltr'><strong>erat,</strong></span> <span class='ocrx_word' id='word_1_536' title='bbox 1043 4313 1107 4366; x_wconf 90' lang='lat' dir='ltr'><strong>ad</strong></span> <span class='ocrx_word' id='word_1_537' title='bbox 1137 4312 1554 4367; x_wconf 76' lang='lat' dir='ltr'><strong>beneficentiam</strong></span> <span class='ocrx_word' id='word_1_538' title='bbox 1584 4326 1868 4367; x_wconf 81' lang='lat' dir='ltr'><strong>conversa.</strong></span> <span class='ocrx_word' id='word_1_539' title='bbox 1898 4312 2080 4378; x_wconf 86' lang='lat' dir='ltr'><strong>Quare</strong></span> 
     </span>
    </p>
   </div>
   <div class='ocr_carea' id='block_1_77' title="bbox 505 4397 2075 4471">
    <p class='ocr_par' dir='ltr' id='par_1_77' title="bbox 505 4397 2075 4471">
     <span class='ocr_line' id='line_1_77' title="bbox 505 4397 2075 4471; baseline -0.003 -14"><span class='ocrx_word' id='word_1_540' title='bbox 505 4418 608 4457; x_wconf 89' lang='lat' dir='ltr'><strong>nec</strong></span> <span class='ocrx_word' id='word_1_541' title='bbox 656 4402 901 4469; x_wconf 81' lang='lat' dir='ltr'><strong>Augusto</strong></span> <span class='ocrx_word' id='word_1_542' title='bbox 936 4399 1139 4471; x_wconf 85' lang='lat' dir='ltr'><strong>gravis,</strong></span> <span class='ocrx_word' id='word_1_543' title='bbox 1184 4413 1289 4454; x_wconf 90' lang='lat' dir='ltr'><strong>nec</strong></span> <span class='ocrx_word' id='word_1_544' title='bbox 1331 4398 1547 4453; x_wconf 80' lang='lat' dir='ltr'><strong>caeteris</strong></span> <span class='ocrx_word' id='word_1_545' title='bbox 1597 4397 1905 4453; x_wconf 88' lang='lat' dir='ltr'><strong>invidiosus</strong></span> <span class='ocrx_word' id='word_1_546' title='bbox 1951 4398 2075 4453; x_wconf 82' lang='lat' dir='ltr'><strong>fuit.</strong></span> 
     </span>
    </p>
   </div>
   <div class='ocr_carea' id='block_1_78' title="bbox 2180 3212 3731 3284">
    <p class='ocr_par' dir='ltr' id='par_1_78' title="bbox 2180 3212 3731 3284">
     <span class='ocr_line' id='line_1_78' title="bbox 2180 3212 3731 3284; baseline -0.003 -19"><span class='ocrx_word' id='word_1_547' title='bbox 2180 3228 2348 3282; x_wconf 88' lang='grc' dir='ltr'><strong>ματα,</strong></span> <span class='ocrx_word' id='word_1_548' title='bbox 2383 3212 2416 3284; x_wconf 76' lang='grc' dir='ltr'>ἢ</span> <span class='ocrx_word' id='word_1_549' title='bbox 2460 3218 2557 3266; x_wconf 77' lang='grc' dir='ltr'><strong>καὶ</strong></span> <span class='ocrx_word' id='word_1_550' title='bbox 2588 3213 2753 3282; x_wconf 58' lang='grc' dir='ltr'><strong>ἔτερα</strong></span> <span class='ocrx_word' id='word_1_551' title='bbox 2784 3215 3027 3283; x_wconf 66' lang='grc' dir='ltr'><strong>ἔντιμα,</strong></span> <span class='ocrx_word' id='word_1_552' title='bbox 3081 3214 3150 3269; x_wconf 83' lang='grc' dir='ltr'><strong>ἵν’</strong></span> <span class='ocrx_word' id='word_1_553' title='bbox 3204 3217 3394 3278; x_wconf 85' lang='grc' dir='ltr'><strong>αὐτοῖς</strong></span> <span class='ocrx_word' id='word_1_554' title='bbox 3450 3213 3731 3283; x_wconf 73' lang='grc' dir='ltr'><strong>χρήσωμαι.</strong></span> 
     </span>
    </p>
   </div>
   <div class='ocr_carea' id='block_1_79' title="bbox 2178 3299 3735 3381">
    <p class='ocr_par' dir='ltr' id='par_1_79' title="bbox 2178 3299 3735 3381">
     <span class='ocr_line' id='line_1_79' title="bbox 2178 3299 3735 3381; baseline -0.003 -21"><span class='ocrx_word' id='word_1_555' title='bbox 2178 3306 2522 3377; x_wconf 81' lang='grc' dir='ltr'><strong>Κομισθέντα</strong></span> <span class='ocrx_word' id='word_1_556' title='bbox 2546 3308 2603 3363; x_wconf 85' lang='grc' dir='ltr'><strong>δὲ</strong></span> <span class='ocrx_word' id='word_1_557' title='bbox 2637 3308 2977 3381; x_wconf 72' lang='grc' dir='ltr'><strong>συνέτριψεν,</strong></span> <span class='ocrx_word' id='word_1_558' title='bbox 3013 3311 3203 3377; x_wconf 76' lang='grc' dir='ltr'><strong>εἰπὼν,</strong></span> <span class='ocrx_word' id='word_1_559' title='bbox 3244 3310 3381 3366; x_wconf 83' lang='grc' dir='ltr'><strong>Ἵνα</strong></span> <span class='ocrx_word' id='word_1_560' title='bbox 3399 3307 3597 3379; x_wconf 79' lang='grc' dir='ltr'><strong>μὴιδιὰ</strong></span> <span class='ocrx_word' id='word_1_561' title='bbox 3616 3299 3735 3355; x_wconf 74' lang='grc' dir='ltr'><strong>τάύ⁸</strong></span> 
     </span>
    </p>
   </div>
   <div class='ocr_carea' id='block_1_80' title="bbox 2175 3386 3734 3466">
    <p class='ocr_par' dir='ltr' id='par_1_80' title="bbox 2175 3386 3734 3466">
     <span class='ocr_line' id='line_1_80' title="bbox 2175 3386 3734 3466; baseline 0.003 -18"><span class='ocrx_word' id='word_1_562' title='bbox 2175 3410 2285 3461; x_wconf 82' lang='grc' dir='ltr'><strong>τας</strong></span> <span class='ocrx_word' id='word_1_563' title='bbox 2324 3394 2672 3457; x_wconf 76' lang='grc' dir='ltr'><strong>κολάζοιντο</strong></span> <span class='ocrx_word' id='word_1_564' title='bbox 2697 3397 3015 3466; x_wconf 80' lang='grc' dir='ltr'><strong>ἅνθρωποι.</strong></span> <span class='ocrx_word' id='word_1_565' title='bbox 3062 3399 3119 3451; x_wconf 86' lang='grc' dir='ltr'><strong>Ὀ</strong></span> <span class='ocrx_word' id='word_1_566' title='bbox 3148 3400 3202 3452; x_wconf 84' lang='grc' dir='ltr'><strong>δὲ</strong></span> <span class='ocrx_word' id='word_1_567' title='bbox 3235 3400 3465 3452; x_wconf 84' lang='grc' dir='ltr'><strong>Πωλίων</strong></span> <span class='ocrx_word' id='word_1_568' title='bbox 3512 3393 3638 3465; x_wconf 64' lang='grc' dir='ltr'><strong>πρὸς</strong></span> <span class='ocrx_word' id='word_1_569' title='bbox 3681 3386 3734 3436; x_wconf 72' lang='grc' dir='ltr'><strong>τδ</strong></span> 
     </span>
    </p>
   </div>
   <div class='ocr_carea' id='block_1_81' title="bbox 2182 3484 3732 3560">
    <p class='ocr_par' dir='ltr' id='par_1_81' title="bbox 2182 3484 3732 3560">
     <span class='ocr_line' id='line_1_81' title="bbox 2182 3484 3732 3560; baseline -0.001 -20"><span class='ocrx_word' id='word_1_570' title='bbox 2182 3485 2390 3554; x_wconf 76' lang='grc' dir='ltr'><strong>πλῆθος</strong></span> <span class='ocrx_word' id='word_1_571' title='bbox 2406 3487 2515 3543; x_wconf 85' lang='grc' dir='ltr'><strong>τῶν</strong></span> <span class='ocrx_word' id='word_1_572' title='bbox 2536 3488 2893 3543; x_wconf 84' lang='grc' dir='ltr'><strong>ἀπολωλότων</strong></span> <span class='ocrx_word' id='word_1_573' title='bbox 2909 3490 3008 3560; x_wconf 80' lang='grc' dir='ltr'><strong>τῆς</strong></span> <span class='ocrx_word' id='word_1_574' title='bbox 3034 3491 3161 3558; x_wconf 83' lang='grc' dir='ltr'><strong>μιᾶς</strong></span> <span class='ocrx_word' id='word_1_575' title='bbox 3184 3490 3485 3543; x_wconf 76' lang='grc' dir='ltr'><strong>ἐπελάθετο</strong></span> <span class='ocrx_word' id='word_1_576' title='bbox 3516 3484 3732 3538; x_wconf 74' lang='grc' dir='ltr'><strong>κύλικος,</strong></span> 
     </span>
    </p>
   </div>
   <div class='ocr_carea' id='block_1_82' title="bbox 2179 3571 3734 3652">
    <p class='ocr_par' dir='ltr' id='par_1_82' title="bbox 2179 3571 3734 3652">
     <span class='ocr_line' id='line_1_82' title="bbox 2179 3571 3734 3652; baseline 0.002 -22"><span class='ocrx_word' id='word_1_577' title='bbox 2179 3578 2394 3632; x_wconf 76' lang='grc' dir='ltr'><strong>καὶτὸν</strong></span> <span class='ocrx_word' id='word_1_578' title='bbox 2423 3581 2665 3651; x_wconf 77' lang='grc' dir='ltr'><strong>οἰνοχόον</strong></span> <span class='ocrx_word' id='word_1_579' title='bbox 2719 3581 3140 3652; x_wconf 75' lang='grc' dir='ltr'><strong>τιμωρήσασθαι</strong></span> <span class='ocrx_word' id='word_1_580' title='bbox 3179 3582 3255 3650; x_wconf 83' lang='grc' dir='ltr'><strong>μὴ</strong></span> <span class='ocrx_word' id='word_1_581' title='bbox 3312 3580 3624 3649; x_wconf 75' lang='grc' dir='ltr'><strong>δυνάμενος,</strong></span> <span class='ocrx_word' id='word_1_582' title='bbox 3663 3571 3734 3623; x_wconf 77' lang='grc' dir='ltr'><strong>ὅτι</strong></span> 
     </span>
    </p>
   </div>
   <div class='ocr_carea' id='block_1_83' title="bbox 2180 3659 3737 3743">
    <p class='ocr_par' dir='ltr' id='par_1_83' title="bbox 2180 3659 3737 3743">
     <span class='ocr_line' id='line_1_83' title="bbox 2180 3659 3737 3743; baseline 0.001 -22"><span class='ocrx_word' id='word_1_583' title='bbox 2180 3670 2273 3722; x_wconf 75' lang='grc' dir='ltr'><strong>ἐπὶ</strong></span> <span class='ocrx_word' id='word_1_584' title='bbox 2308 3670 2523 3735; x_wconf 80' lang='grc' dir='ltr'><strong>πολλοῖς</strong></span> <span class='ocrx_word' id='word_1_585' title='bbox 2548 3671 2609 3725; x_wconf 83' lang='grc' dir='ltr'><strong>τὸ</strong></span> <span class='ocrx_word' id='word_1_586' title='bbox 2649 3672 2782 3725; x_wconf 83' lang='grc' dir='ltr'><strong>αὐτὸ</strong></span> <span class='ocrx_word' id='word_1_587' title='bbox 2813 3675 3144 3743; x_wconf 81' lang='grc' dir='ltr'><strong>ἐπεποιήκει</strong></span> <span class='ocrx_word' id='word_1_588' title='bbox 3176 3675 3205 3726; x_wconf 89' lang='grc' dir='ltr'><strong>ό</strong></span> <span class='ocrx_word' id='word_1_589' title='bbox 3273 3674 3600 3743; x_wconf 75' lang='grc' dir='ltr'><strong>Αὔγουστος,</strong></span> <span class='ocrx_word' id='word_1_590' title='bbox 3652 3659 3737 3716; x_wconf 69' lang='grc' dir='ltr'><strong>καὶ</strong></span> 
     </span>
    </p>
   </div>
   <div class='ocr_carea' id='block_1_84' title="bbox 2178 3750 3733 3834">
    <p class='ocr_par' dir='ltr' id='par_1_84' title="bbox 2178 3750 3733 3834">
     <span class='ocr_line' id='line_1_84' title="bbox 2178 3750 3733 3834; baseline 0.006 -23"><span class='ocrx_word' id='word_1_591' title='bbox 2178 3759 2329 3814; x_wconf 85' lang='grc' dir='ltr'><strong>άκων</strong></span> <span class='ocrx_word' id='word_1_592' title='bbox 2353 3761 2653 3831; x_wconf 81' lang='grc' dir='ltr'><strong>ἡσύχασεν.</strong></span> <span class='ocrx_word' id='word_1_593' title='bbox 2671 3763 2987 3833; x_wconf 80' lang='grc' dir='ltr'><strong>’Δγρίππας</strong></span> <span class='ocrx_word' id='word_1_594' title='bbox 3011 3765 3070 3817; x_wconf 80' lang='grc' dir='ltr'><strong>δὲ</strong></span> <span class='ocrx_word' id='word_1_595' title='bbox 3108 3765 3347 3834; x_wconf 86' lang='grc' dir='ltr'><strong>νοσήσας</strong></span> <span class='ocrx_word' id='word_1_596' title='bbox 3370 3767 3428 3818; x_wconf 82' lang='grc' dir='ltr'><strong>ἐν</strong></span> <span class='ocrx_word' id='word_1_597' title='bbox 3458 3750 3733 3827; x_wconf 62' lang='grc' dir='ltr'><strong>Καμπανίᾳ</strong></span> 
     </span>
    </p>
   </div>
   <div class='ocr_carea' id='block_1_85' title="bbox 2179 3844 3732 3923">
    <p class='ocr_par' dir='ltr' id='par_1_85' title="bbox 2179 3844 3732 3923">
     <span class='ocr_line' id='line_1_85' title="bbox 2179 3844 3732 3923; baseline 0.004 -19"><span class='ocrx_word' id='word_1_598' title='bbox 2179 3849 2470 3917; x_wconf 85' lang='grc' dir='ltr'><strong>ἀπέθανεν,</strong></span> <span class='ocrx_word' id='word_1_599' title='bbox 2504 3844 2565 3906; x_wconf 74' lang='grc' dir='ltr'>οὗ</span> <span class='ocrx_word' id='word_1_600' title='bbox 2594 3853 2622 3905; x_wconf 90' lang='grc' dir='ltr'><strong>ό</strong></span> <span class='ocrx_word' id='word_1_601' title='bbox 2650 3852 2873 3923; x_wconf 81' lang='grc' dir='ltr'><strong>Καῖσαρ</strong></span> <span class='ocrx_word' id='word_1_602' title='bbox 2902 3855 3349 3923; x_wconf 85' lang='grc' dir='ltr'><strong>παραγενόμενος</strong></span> <span class='ocrx_word' id='word_1_603' title='bbox 3381 3852 3441 3905; x_wconf 79' lang='grc' dir='ltr'><strong>τό</strong></span> <span class='ocrx_word' id='word_1_604' title='bbox 3489 3867 3547 3902; x_wconf 90' lang='grc' dir='ltr'><strong>τε</strong></span> <span class='ocrx_word' id='word_1_605' title='bbox 3592 3844 3732 3910; x_wconf 54' lang='lat' dir='ltr'><strong>“BP-1</strong></span> 
     </span>
    </p>
   </div>
   <div class='ocr_carea' id='block_1_86' title="bbox 2178 3931 3735 4015">
    <p class='ocr_par' dir='ltr' id='par_1_86' title="bbox 2178 3931 3735 4015">
     <span class='ocr_line' id='line_1_86' title="bbox 2178 3931 3735 4015; baseline 0.004 -22"><span class='ocrx_word' id='word_1_606' title='bbox 2178 3940 2346 3994; x_wconf 80' lang='grc' dir='ltr'><strong>αὐτοῦ</strong></span> <span class='ocrx_word' id='word_1_607' title='bbox 2379 3942 2460 4005; x_wconf 86' lang='grc' dir='ltr'><strong>είς</strong></span> <span class='ocrx_word' id='word_1_608' title='bbox 2506 3942 2607 4013; x_wconf 80' lang='grc' dir='ltr'><strong>τὴν</strong></span> <span class='ocrx_word' id='word_1_609' title='bbox 2666 3943 2888 4014; x_wconf 84' lang='grc' dir='ltr'><strong>Ῥώμην</strong></span> <span class='ocrx_word' id='word_1_610' title='bbox 2928 3946 3177 4015; x_wconf 72' lang='grc' dir='ltr'><strong>ἐκόμισε,</strong></span> <span class='ocrx_word' id='word_1_611' title='bbox 3212 3948 3309 3999; x_wconf 77' lang='grc' dir='ltr'><strong>καὶ</strong></span> <span class='ocrx_word' id='word_1_612' title='bbox 3350 3947 3408 3997; x_wconf 80' lang='grc' dir='ltr'><strong>ἐν</strong></span> <span class='ocrx_word' id='word_1_613' title='bbox 3466 3942 3529 4011; x_wconf 75' lang='grc' dir='ltr'><strong>τῇ</strong></span> <span class='ocrx_word' id='word_1_614' title='bbox 3577 3931 3735 4004; x_wconf 77' lang='grc' dir='ltr'><strong>ἀγορᾷ</strong></span> 
     </span>
    </p>
   </div>
   <div class='ocr_carea' id='block_1_87' title="bbox 2180 4022 3734 4107">
    <p class='ocr_par' dir='ltr' id='par_1_87' title="bbox 2180 4022 3734 4107">
     <span class='ocr_line' id='line_1_87' title="bbox 2180 4022 3734 4107; baseline -0.002 -18"><span class='ocrx_word' id='word_1_615' title='bbox 2180 4035 2521 4106; x_wconf 77' lang='grc' dir='ltr'><strong>προθέμενος</strong></span> <span class='ocrx_word' id='word_1_616' title='bbox 2551 4036 2709 4103; x_wconf 87' lang='grc' dir='ltr'><strong>λόγον</strong></span> <span class='ocrx_word' id='word_1_617' title='bbox 2742 4035 2830 4088; x_wconf 77' lang='grc' dir='ltr'><strong>ἐπ’</strong></span> <span class='ocrx_word' id='word_1_618' title='bbox 2865 4037 3013 4107; x_wconf 84' lang='grc' dir='ltr'><strong>αὐτῷ</strong></span> <span class='ocrx_word' id='word_1_619' title='bbox 3038 4038 3251 4103; x_wconf 76' lang='grc' dir='ltr'><strong>ἀνέγνω</strong></span> <span class='ocrx_word' id='word_1_620' title='bbox 3278 4037 3374 4091; x_wconf 78' lang='grc' dir='ltr'><strong>καὶ</strong></span> <span class='ocrx_word' id='word_1_621' title='bbox 3395 4034 3490 4106; x_wconf 76' lang='grc' dir='ltr'><strong>τὴν</strong></span> <span class='ocrx_word' id='word_1_622' title='bbox 3516 4022 3734 4096; x_wconf 73' lang='grc' dir='ltr'><strong>ἐκφορὰν</strong></span> 
     </span>
    </p>
   </div>
   <div class='ocr_carea' id='block_1_88' title="bbox 2180 4118 3735 4197">
    <p class='ocr_par' dir='ltr' id='par_1_88' title="bbox 2180 4118 3735 4197">
     <span class='ocr_line' id='line_1_88' title="bbox 2180 4118 3735 4197; baseline 0.001 -20"><span class='ocrx_word' id='word_1_623' title='bbox 2180 4124 2346 4178; x_wconf 84' lang='grc' dir='ltr'><strong>αὑτοῦ</strong></span> <span class='ocrx_word' id='word_1_624' title='bbox 2380 4124 2645 4197; x_wconf 85' lang='grc' dir='ltr'><strong>πολυτελῆ</strong></span> <span class='ocrx_word' id='word_1_625' title='bbox 2688 4127 2981 4197; x_wconf 75' lang='grc' dir='ltr'><strong>ἐποιήσατο</strong></span> <span class='ocrx_word' id='word_1_626' title='bbox 3034 4128 3126 4180; x_wconf 81' lang='grc' dir='ltr'><strong>καὶ</strong></span> <span class='ocrx_word' id='word_1_627' title='bbox 3158 4130 3217 4181; x_wconf 79' lang='grc' dir='ltr'><strong>ὲν</strong></span> <span class='ocrx_word' id='word_1_628' title='bbox 3256 4128 3336 4197; x_wconf 84' lang='grc' dir='ltr'><strong>τῷ</strong></span> <span class='ocrx_word' id='word_1_629' title='bbox 3375 4118 3566 4178; x_wconf 82' lang='grc' dir='ltr'><strong>ἑαυτοῦ</strong></span> <span class='ocrx_word' id='word_1_630' title='bbox 3612 4127 3735 4185; x_wconf 84' lang='grc' dir='ltr'><strong>μνη-</strong></span> 
     </span>
    </p>
   </div>
   <div class='ocr_carea' id='block_1_89' title="bbox 2184 4201 3734 4288">
    <p class='ocr_par' dir='ltr' id='par_1_89' title="bbox 2184 4201 3734 4288">
     <span class='ocr_line' id='line_1_89' title="bbox 2184 4201 3734 4288; baseline -0.022 -3"><span class='ocrx_word' id='word_1_631' title='bbox 2184 4214 2322 4285; x_wconf 70' lang='grc' dir='ltr'><strong>μείῳ</strong></span> <span class='ocrx_word' id='word_1_632' title='bbox 2346 4216 2568 4286; x_wconf 73' lang='grc' dir='ltr'><strong>ἔθαψεν.</strong></span> <span class='ocrx_word' id='word_1_633' title='bbox 2609 4217 2668 4271; x_wconf 86' lang='lat'><strong>&#39;0</strong></span> <span class='ocrx_word' id='word_1_634' title='bbox 2693 4218 2750 4271; x_wconf 68' lang='grc' dir='ltr'><strong>δὲ</strong></span> <span class='ocrx_word' id='word_1_635' title='bbox 2784 4217 2881 4271; x_wconf 83' lang='grc' dir='ltr'><strong>τοῦ</strong></span> <span class='ocrx_word' id='word_1_636' title='bbox 2925 4218 3230 4288; x_wconf 82' lang='grc' dir='ltr'><strong>Ἀγρίππου</strong></span> <span class='ocrx_word' id='word_1_637' title='bbox 3292 4218 3516 4274; x_wconf 83' lang='grc' dir='ltr'><strong>θάνατος</strong></span> <span class='ocrx_word' id='word_1_638' title='bbox 3574 4201 3734 4261; x_wconf 82' lang='grc' dir='ltr'><strong>κοινόν</strong></span> 
     </span>
    </p>
   </div>
   <div class='ocr_carea' id='block_1_90' title="bbox 2180 4293 3731 4379">
    <p class='ocr_par' dir='ltr' id='par_1_90' title="bbox 2180 4293 3731 4379">
     <span class='ocr_line' id='line_1_90' title="bbox 2180 4293 3731 4379; baseline -0.006 -18"><span class='ocrx_word' id='word_1_639' title='bbox 2180 4325 2234 4361; x_wconf 89' lang='grc' dir='ltr'><strong>τι</strong></span> <span class='ocrx_word' id='word_1_640' title='bbox 2261 4311 2376 4373; x_wconf 77' lang='grc' dir='ltr'><strong>τοῖς</strong></span> <span class='ocrx_word' id='word_1_641' title='bbox 2412 4306 2706 4379; x_wconf 83' lang='grc' dir='ltr'><strong>Ῥωμαίοις</strong></span> <span class='ocrx_word' id='word_1_642' title='bbox 2753 4310 2949 4374; x_wconf 69' lang='grc' dir='ltr'><strong>πένθος</strong></span> <span class='ocrx_word' id='word_1_643' title='bbox 2985 4310 3221 4379; x_wconf 77' lang='grc' dir='ltr'><strong>ἐγένετο.</strong></span> <span class='ocrx_word' id='word_1_644' title='bbox 3271 4311 3353 4364; x_wconf 90' lang='grc' dir='ltr'><strong>Τά</strong></span> <span class='ocrx_word' id='word_1_645' title='bbox 3404 4323 3462 4359; x_wconf 88' lang='grc' dir='ltr'><strong>τε</strong></span> <span class='ocrx_word' id='word_1_646' title='bbox 3484 4302 3586 4372; x_wconf 81' lang='grc' dir='ltr'><strong>γάρ</strong></span> <span class='ocrx_word' id='word_1_647' title='bbox 3611 4293 3731 4350; x_wconf 77' lang='grc' dir='ltr'><strong>ἄλλα</strong></span> 
     </span>
    </p>
   </div>
   <div class='ocr_carea' id='block_1_91' title="bbox 2181 4382 3729 4471">
    <p class='ocr_par' dir='ltr' id='par_1_91' title="bbox 2181 4382 3729 4471">
     <span class='ocr_line' id='line_1_91' title="bbox 2181 4382 3729 4471; baseline -0.006 -18"><span class='ocrx_word' id='word_1_648' title='bbox 2181 4401 2402 4469; x_wconf 74' lang='grc' dir='ltr'><strong>ἀριστος</strong></span> <span class='ocrx_word' id='word_1_649' title='bbox 2424 4400 2535 4454; x_wconf 86' lang='grc' dir='ltr'><strong>τῶν</strong></span> <span class='ocrx_word' id='word_1_650' title='bbox 2568 4400 2690 4454; x_wconf 85' lang='grc' dir='ltr'><strong>καθ’</strong></span> <span class='ocrx_word' id='word_1_651' title='bbox 2710 4402 2903 4454; x_wconf 79' lang='grc' dir='ltr'><strong>ἑαυτὸν</strong></span> <span class='ocrx_word' id='word_1_652' title='bbox 2930 4400 3237 4471; x_wconf 80' lang='grc' dir='ltr'><strong>ἀνθρώπων</strong></span> <span class='ocrx_word' id='word_1_653' title='bbox 3283 4400 3518 4465; x_wconf 70' lang='grc' dir='ltr'><strong>ἐγένετο,</strong></span> <span class='ocrx_word' id='word_1_654' title='bbox 3560 4388 3647 4444; x_wconf 79' lang='grc' dir='ltr'><strong>καὶ</strong></span> 
     </span>
    </p>
   </div>
   <div class='ocr_carea' id='block_1_92' title="bbox 505 4469 2072 4570">
    <p class='ocr_par' dir='ltr' id='par_1_92' title="bbox 505 4469 2072 4558">
     <span class='ocr_line' id='line_1_92' title="bbox 505 4469 2072 4558; baseline -0.001 -11"><span class='ocrx_word' id='word_1_655' title='bbox 505 4494 585 4547; x_wconf 85' lang='grc' dir='ltr'><strong>Εο</strong></span> <span class='ocrx_word' id='word_1_656' title='bbox 612 4493 893 4555; x_wconf 79' lang='lat' dir='ltr'><strong>defuncto,</strong></span> <span class='ocrx_word' id='word_1_657' title='bbox 924 4469 1048 4542; x_wconf 79' lang='lat' dir='ltr'><strong>cum</strong></span> <span class='ocrx_word' id='word_1_658' title='bbox 1078 4503 1260 4542; x_wconf 88' lang='lat' dir='ltr'><strong>rerum</strong></span> <span class='ocrx_word' id='word_1_659' title='bbox 1300 4487 1670 4558; x_wconf 87' lang='lat' dir='ltr'><strong>gerendarum</strong></span> <span class='ocrx_word' id='word_1_660' title='bbox 1699 4489 1851 4543; x_wconf 88' lang='lat' dir='ltr'><strong>socio</strong></span> <span class='ocrx_word' id='word_1_661' title='bbox 1885 4504 2072 4546; x_wconf 87' lang='lat' dir='ltr'><strong>carere</strong></span> 
     </span>
    </p>
   </div>
   <div class='ocr_carea' id='block_1_93' title="bbox 2173 4469 3732 4570">
    <p class='ocr_par' dir='ltr' id='par_1_93' title="bbox 2181 4469 3732 4570">
     <span class='ocr_line' id='line_1_93' title="bbox 2181 4469 3732 4570; baseline -0.006 -27"><span class='ocrx_word' id='word_1_662' title='bbox 2181 4489 2274 4543; x_wconf 83' lang='grc' dir='ltr'><strong>τοῦ</strong></span> <span class='ocrx_word' id='word_1_663' title='bbox 2303 4489 2615 4558; x_wconf 77' lang='grc' dir='ltr'><strong>Αὐγούστου</strong></span> <span class='ocrx_word' id='word_1_664' title='bbox 2650 4491 2804 4563; x_wconf 80' lang='grc' dir='ltr'><strong>φιλίᾳ.</strong></span> <span class='ocrx_word' id='word_1_665' title='bbox 2834 4491 2972 4562; x_wconf 74' lang='grc' dir='ltr'><strong>πρὸς</strong></span> <span class='ocrx_word' id='word_1_666' title='bbox 3004 4469 3064 4545; x_wconf 67' lang='grc' dir='ltr'><strong>τό</strong></span> <span class='ocrx_word' id='word_1_667' title='bbox 3093 4492 3305 4545; x_wconf 73' lang='grc' dir='ltr'><strong>ἐκείνου</strong></span> <span class='ocrx_word' id='word_1_668' title='bbox 3366 4488 3457 4543; x_wconf 80' lang='grc' dir='ltr'><strong>καὶ</strong></span> <span class='ocrx_word' id='word_1_669' title='bbox 3514 4482 3638 4550; x_wconf 72' lang='grc' dir='ltr'><strong>πρὸς</strong></span> <span class='ocrx_word' id='word_1_670' title='bbox 3678 4469 3732 4570; x_wconf 51' lang='grc' dir='ltr'><strong>τί)</strong></span> 
     </span>
    </p>
   </div>
   <div class='ocr_carea' id='block_1_94' title="bbox 506 4573 2072 4653">
    <p class='ocr_par' dir='ltr' id='par_1_94' title="bbox 506 4579 2072 4652">
     <span class='ocr_line' id='line_1_94' title="bbox 506 4579 2072 4652; baseline -0.004 -12"><span class='ocrx_word' id='word_1_671' title='bbox 506 4600 618 4639; x_wconf 92' lang='lat' dir='ltr'><strong>non</strong></span> <span class='ocrx_word' id='word_1_672' title='bbox 668 4591 875 4652; x_wconf 87' lang='lat' dir='ltr'><strong>posset,</strong></span> <span class='ocrx_word' id='word_1_673' title='bbox 928 4579 1213 4634; x_wconf 89' lang='lat' dir='ltr'><strong>Tiberium</strong></span> <span class='ocrx_word' id='word_1_674' title='bbox 1267 4579 1353 4634; x_wconf 89' lang='lat' dir='ltr'><strong>vel</strong></span> <span class='ocrx_word' id='word_1_675' title='bbox 1409 4580 1616 4636; x_wconf 87' lang='lat' dir='ltr'><strong>invitus</strong></span> <span class='ocrx_word' id='word_1_676' title='bbox 1670 4580 1866 4635; x_wconf 88' lang='lat' dir='ltr'><strong>ascivit</strong></span> <span class='ocrx_word' id='word_1_677' title='bbox 1914 4581 2072 4651; x_wconf 88' lang='lat' dir='ltr'><strong>(nam</strong></span> 
     </span>
    </p>
   </div>
   <div class='ocr_carea' id='block_1_95' title="bbox 2173 4573 3729 4653">
    <p class='ocr_par' dir='ltr' id='par_1_95' title="bbox 2186 4573 3729 4653">
     <span class='ocr_line' id='line_1_95' title="bbox 2186 4573 3729 4653; baseline -0.017 -12"><span class='ocrx_word' id='word_1_678' title='bbox 2186 4585 2340 4652; x_wconf 82' lang='grc' dir='ltr'><strong>κοινῇ</strong></span> <span class='ocrx_word' id='word_1_679' title='bbox 2395 4583 2676 4652; x_wconf 80' lang='grc' dir='ltr'><strong>συμφέρον</strong></span> <span class='ocrx_word' id='word_1_680' title='bbox 2727 4583 3013 4653; x_wconf 75' lang='grc' dir='ltr'><strong>ἐκέχρητο,</strong></span> <span class='ocrx_word' id='word_1_681' title='bbox 3060 4584 3155 4636; x_wconf 76' lang='grc' dir='ltr'><strong>καὶ</strong></span> <span class='ocrx_word' id='word_1_682' title='bbox 3190 4585 3371 4636; x_wconf 82' lang='grc' dir='ltr'><strong>πᾶσαν</strong></span> <span class='ocrx_word' id='word_1_683' title='bbox 3420 4578 3515 4648; x_wconf 81' lang='grc' dir='ltr'><strong>τὴν</strong></span> <span class='ocrx_word' id='word_1_684' title='bbox 3555 4573 3729 4623; x_wconf 80' lang='grc' dir='ltr'><strong>ἑαυτου</strong></span> 
     </span>
    </p>
   </div>
   <div class='ocr_carea' id='block_1_96' title="bbox 510 4659 2072 4747">
    <p class='ocr_par' dir='ltr' id='par_1_96' title="bbox 510 4671 2072 4747">
     <span class='ocr_line' id='line_1_96' title="bbox 510 4671 2072 4747; baseline -0.001 -18"><span class='ocrx_word' id='word_1_685' title='bbox 510 4677 761 4747; x_wconf 63' lang='lat' dir='ltr'><strong>Agrippae</strong></span> <span class='ocrx_word' id='word_1_686' title='bbox 784 4673 903 4736; x_wconf 82' lang='lat' dir='ltr'><strong>lilii,</strong></span> <span class='ocrx_word' id='word_1_687' title='bbox 955 4678 1187 4741; x_wconf 89' lang='lat' dir='ltr'><strong>nepotes</strong></span> <span class='ocrx_word' id='word_1_688' title='bbox 1221 4671 1418 4741; x_wconf 91' lang='lat' dir='ltr'><strong>ipsius,</strong></span> <span class='ocrx_word' id='word_1_689' title='bbox 1463 4672 1621 4741; x_wconf 89' lang='lat' dir='ltr'><strong>pueri</strong></span> <span class='ocrx_word' id='word_1_690' title='bbox 1666 4672 1849 4727; x_wconf 90' lang='lat' dir='ltr'><strong>adhuc</strong></span> <span class='ocrx_word' id='word_1_691' title='bbox 1893 4671 2072 4743; x_wconf 84' lang='lat' dir='ltr'><strong>erant)</strong></span> 
     </span>
    </p>
   </div>
   <div class='ocr_carea' id='block_1_97' title="bbox 2173 4659 3730 4747">
    <p class='ocr_par' dir='ltr' id='par_1_97' title="bbox 2186 4659 3730 4747">
     <span class='ocr_line' id='line_1_97' title="bbox 2186 4659 3730 4747; baseline 0 -22"><span class='ocrx_word' id='word_1_692' title='bbox 2186 4674 2380 4742; x_wconf 71' lang='grc' dir='ltr'><strong>σοφίαν</strong></span> <span class='ocrx_word' id='word_1_693' title='bbox 2412 4674 2507 4726; x_wconf 74' lang='grc' dir='ltr'><strong>καὶ</strong></span> <span class='ocrx_word' id='word_1_694' title='bbox 2562 4673 2787 4745; x_wconf 81' lang='grc' dir='ltr'><strong>ἀνδρίαν</strong></span> <span class='ocrx_word' id='word_1_695' title='bbox 2815 4674 2895 4737; x_wconf 88' lang='grc' dir='ltr'><strong>είς</strong></span> <span class='ocrx_word' id='word_1_696' title='bbox 2924 4675 2993 4727; x_wconf 88' lang='grc' dir='ltr'><strong>τά</strong></span> <span class='ocrx_word' id='word_1_697' title='bbox 3023 4674 3443 4727; x_wconf 81' lang='grc' dir='ltr'><strong>λυσιτελέστατα</strong></span> <span class='ocrx_word' id='word_1_698' title='bbox 3498 4659 3730 4747; x_wconf 63' lang='grc' dir='ltr'><strong>παρέχωγ</strong></span> 
     </span>
    </p>
   </div>
   <div class='ocr_carea' id='block_1_98' title="bbox 506 4742 2072 4840">
    <p class='ocr_par' dir='ltr' id='par_1_98' title="bbox 506 4742 2072 4840">
     <span class='ocr_line' id='line_1_98' title="bbox 506 4742 2072 4840; baseline -0.005 -13"><span class='ocrx_word' id='word_1_699' title='bbox 506 4742 812 4840; x_wconf 66' lang='lat' dir='ltr'><strong>ereptaque</strong></span> <span class='ocrx_word' id='word_1_700' title='bbox 857 4782 1050 4831; x_wconf 83' lang='lat' dir='ltr'><strong>uxore,</strong></span> <span class='ocrx_word' id='word_1_701' title='bbox 1090 4765 1345 4836; x_wconf 68' lang='lat' dir='ltr'><strong>Agrippae</strong></span> <span class='ocrx_word' id='word_1_702' title='bbox 1389 4780 1459 4820; x_wconf 78' lang='lat' dir='ltr'><strong>ex</strong></span> <span class='ocrx_word' id='word_1_703' title='bbox 1505 4765 1611 4819; x_wconf 88' lang='lat' dir='ltr'><strong>alia</strong></span> <span class='ocrx_word' id='word_1_704' title='bbox 1659 4766 1892 4836; x_wconf 76' lang='lat' dir='ltr'><strong>conjuge</strong></span> <span class='ocrx_word' id='word_1_705' title='bbox 1941 4742 2072 4835; x_wconf 78' lang='lat' dir='ltr'><strong>ﬁlia,</strong></span> 
     </span>
    </p>
   </div>
   <div class='ocr_carea' id='block_1_99' title="bbox 2173 4742 3729 4840">
    <p class='ocr_par' dir='ltr' id='par_1_99' title="bbox 2183 4742 3729 4840">
     <span class='ocr_line' id='line_1_99' title="bbox 2183 4742 3729 4840; baseline -0.007 -23"><span class='ocrx_word' id='word_1_706' title='bbox 2183 4764 2262 4831; x_wconf 85' lang='grc' dir='ltr'><strong>τῷ</strong></span> <span class='ocrx_word' id='word_1_707' title='bbox 2291 4765 2549 4833; x_wconf 82' lang='grc' dir='ltr'><strong>Καίσαρι,</strong></span> <span class='ocrx_word' id='word_1_708' title='bbox 2592 4742 2774 4819; x_wconf 66' lang='grc' dir='ltr'><strong>πᾶσαν</strong></span> <span class='ocrx_word' id='word_1_709' title='bbox 2811 4764 2913 4837; x_wconf 81' lang='grc' dir='ltr'><strong>τὴν</strong></span> <span class='ocrx_word' id='word_1_710' title='bbox 2942 4764 3074 4836; x_wconf 83' lang='grc' dir='ltr'><strong>παρ’</strong></span> <span class='ocrx_word' id='word_1_711' title='bbox 3122 4766 3332 4818; x_wconf 74' lang='grc' dir='ltr'><strong>ἐκείνου</strong></span> <span class='ocrx_word' id='word_1_712' title='bbox 3395 4758 3613 4826; x_wconf 84' lang='grc' dir='ltr'><strong>δύναμιν</strong></span> <span class='ocrx_word' id='word_1_713' title='bbox 3645 4742 3729 4840; x_wconf 50' lang='grc' dir='ltr'><strong>διαὶ</strong></span> 
     </span>
    </p>
   </div>
   <div class='ocr_carea' id='block_1_100' title="bbox 504 4837 2072 4926">
    <p class='ocr_par' dir='ltr' id='par_1_100' title="bbox 504 4837 2072 4926">
     <span class='ocr_line' id='line_1_100' title="bbox 504 4837 2072 4926; baseline -0.006 -8"><span class='ocrx_word' id='word_1_714' title='bbox 504 4837 703 4918; x_wconf 76' lang='lat' dir='ltr'><strong>Juliam</strong></span> <span class='ocrx_word' id='word_1_715' title='bbox 725 4837 782 4913; x_wconf 74' lang='lat' dir='ltr'><strong>ei</strong></span> <span class='ocrx_word' id='word_1_716' title='bbox 801 4846 1128 4926; x_wconf 81' lang='lat' dir='ltr'><strong>despondit.</strong></span> <span class='ocrx_word' id='word_1_717' title='bbox 1167 4855 1378 4911; x_wconf 88' lang='lat' dir='ltr'><strong>Deinde</strong></span> <span class='ocrx_word' id='word_1_718' title='bbox 1404 4871 1501 4926; x_wconf 85' lang='lat' dir='ltr'><strong>per</strong></span> <span class='ocrx_word' id='word_1_719' title='bbox 1532 4870 1681 4920; x_wconf 91' lang='lat' dir='ltr'><strong>eum,</strong></span> <span class='ocrx_word' id='word_1_720' title='bbox 1711 4864 1768 4910; x_wconf 89' lang='lat' dir='ltr'><strong>et</strong></span> <span class='ocrx_word' id='word_1_721' title='bbox 1813 4856 2072 4923; x_wconf 88' lang='lat' dir='ltr'><strong>Drusum,</strong></span> 
     </span>
    </p>
   </div>
   <div class='ocr_carea' id='block_1_101' title="bbox 2173 4837 3728 4926">
    <p class='ocr_par' dir='ltr' id='par_1_101' title="bbox 2184 4837 3728 4925">
     <span class='ocr_line' id='line_1_101' title="bbox 2184 4837 3728 4925; baseline -0.017 -2"><span class='ocrx_word' id='word_1_722' title='bbox 2184 4855 2351 4925; x_wconf 77' lang='grc' dir='ltr'><strong>τιμὴν</strong></span> <span class='ocrx_word' id='word_1_723' title='bbox 2385 4857 2464 4919; x_wconf 66' lang='grc' dir='ltr'><strong>εἷς</strong></span> <span class='ocrx_word' id='word_1_724' title='bbox 2485 4857 2547 4909; x_wconf 82' lang='grc' dir='ltr'><strong>τὺ</strong></span> <span class='ocrx_word' id='word_1_725' title='bbox 2570 4855 2695 4920; x_wconf 79' lang='grc' dir='ltr'><strong>τοὺς</strong></span> <span class='ocrx_word' id='word_1_726' title='bbox 2715 4855 2910 4920; x_wconf 72' lang='grc' dir='ltr'><strong>ἄλλους</strong></span> <span class='ocrx_word' id='word_1_727' title='bbox 2934 4857 3246 4924; x_wconf 82' lang='grc' dir='ltr'><strong>εὐεργετεῖν</strong></span> <span class='ocrx_word' id='word_1_728' title='bbox 3267 4854 3565 4925; x_wconf 66' lang='grc' dir='ltr'><strong>ἀνήλισκεν.</strong></span> <span class='ocrx_word' id='word_1_729' title='bbox 3587 4837 3728 4892; x_wconf 85' lang='grc' dir='ltr'><strong>Ὅθεν</strong></span> 
     </span>
    </p>
   </div>
   <div class='ocr_carea' id='block_1_102' title="bbox 505 4935 2072 5020">
    <p class='ocr_par' dir='ltr' id='par_1_102' title="bbox 505 4950 2072 5020">
     <span class='ocr_line' id='line_1_102' title="bbox 505 4950 2072 5020; baseline -0.004 -11"><span class='ocrx_word' id='word_1_730' title='bbox 505 4965 561 5009; x_wconf 84' lang='lat' dir='ltr'><strong>ct</strong></span> <span class='ocrx_word' id='word_1_731' title='bbox 592 4953 822 5008; x_wconf 85' lang='lat' dir='ltr'><strong>Lucium</strong></span> <span class='ocrx_word' id='word_1_732' title='bbox 869 4952 1148 5014; x_wconf 88' lang='lat' dir='ltr'><strong>Pisonem,</strong></span> <span class='ocrx_word' id='word_1_733' title='bbox 1180 4950 1382 5004; x_wconf 87' lang='lat' dir='ltr'><strong>multas</strong></span> <span class='ocrx_word' id='word_1_734' title='bbox 1408 4952 1659 5004; x_wconf 86' lang='lat' dir='ltr'><strong>nationes</strong></span> <span class='ocrx_word' id='word_1_735' title='bbox 1687 4950 1926 5020; x_wconf 78' lang='lat' dir='ltr'><strong>subegit.</strong></span> <span class='ocrx_word' id='word_1_736' title='bbox 1974 4950 2072 5004; x_wconf 89' lang='lat' dir='ltr'><strong>Pe-</strong></span> 
     </span>
    </p>
   </div>
   <div class='ocr_carea' id='block_1_103' title="bbox 2173 4935 3727 5020">
    <p class='ocr_par' dir='ltr' id='par_1_103' title="bbox 2184 4935 3727 5020">
     <span class='ocr_line' id='line_1_103' title="bbox 2184 4935 3727 5020; baseline 0.002 -23"><span class='ocrx_word' id='word_1_737' title='bbox 2184 4945 2295 4997; x_wconf 81' lang='grc' dir='ltr'><strong>οὔτ⁹</strong></span> <span class='ocrx_word' id='word_1_738' title='bbox 2317 4947 2466 5016; x_wconf 84' lang='grc' dir='ltr'><strong>αὑτῷ</strong></span> <span class='ocrx_word' id='word_1_739' title='bbox 2496 4946 2760 5017; x_wconf 67' lang='grc' dir='ltr'><strong>ἐπαχθὴς,</strong></span> <span class='ocrx_word' id='word_1_740' title='bbox 2785 4946 2908 5000; x_wconf 77' lang='grc' dir='ltr'><strong>οὔτε</strong></span> <span class='ocrx_word' id='word_1_741' title='bbox 2940 4951 3056 5011; x_wconf 81' lang='grc' dir='ltr'><strong>τοῖς</strong></span> <span class='ocrx_word' id='word_1_742' title='bbox 3075 4946 3254 5011; x_wconf 84' lang='grc' dir='ltr'><strong>ἄλλοις</strong></span> <span class='ocrx_word' id='word_1_743' title='bbox 3283 4941 3561 5011; x_wconf 74' lang='grc' dir='ltr'><strong>ἐπίφθονος</strong></span> <span class='ocrx_word' id='word_1_744' title='bbox 3580 4935 3727 5020; x_wconf 51' lang='grc' dir='ltr'><strong>ἒΧΡῘΓ</strong></span> 
     </span>
    </p>
   </div>
   <div class='ocr_carea' id='block_1_104' title="bbox 507 5016 2072 5111">
    <p class='ocr_par' dir='ltr' id='par_1_104' title="bbox 507 5039 2072 5111">
     <span class='ocr_line' id='line_1_104' title="bbox 507 5039 2072 5111; baseline -0.002 -13"><span class='ocrx_word' id='word_1_745' title='bbox 507 5044 670 5099; x_wconf 87' lang='lat' dir='ltr'><strong>cunia</strong></span> <span class='ocrx_word' id='word_1_746' title='bbox 697 5058 727 5097; x_wconf 89' lang='lat' dir='ltr'><strong>a</strong></span> <span class='ocrx_word' id='word_1_747' title='bbox 759 5050 953 5097; x_wconf 83' lang='lat' dir='ltr'><strong>senatu</strong></span> <span class='ocrx_word' id='word_1_748' title='bbox 985 5048 1042 5095; x_wconf 89' lang='lat' dir='ltr'><strong>et</strong></span> <span class='ocrx_word' id='word_1_749' title='bbox 1075 5040 1281 5110; x_wconf 89' lang='lat' dir='ltr'><strong>populo</strong></span> <span class='ocrx_word' id='word_1_750' title='bbox 1316 5039 1383 5093; x_wconf 89' lang='lat' dir='ltr'><strong>ad</strong></span> <span class='ocrx_word' id='word_1_751' title='bbox 1410 5040 1531 5110; x_wconf 91' lang='lat' dir='ltr'><strong>ejus</strong></span> <span class='ocrx_word' id='word_1_752' title='bbox 1571 5040 1838 5111; x_wconf 79' lang='lat' dir='ltr'><strong>imagines</strong></span> <span class='ocrx_word' id='word_1_753' title='bbox 1873 5042 2072 5095; x_wconf 74' lang='lat' dir='ltr'><strong>facien-</strong></span> 
     </span>
    </p>
   </div>
   <div class='ocr_carea' id='block_1_105' title="bbox 2173 5016 3727 5111">
    <p class='ocr_par' dir='ltr' id='par_1_105' title="bbox 2187 5016 3727 5108">
     <span class='ocr_line' id='line_1_105' title="bbox 2187 5016 3727 5108; baseline -0.003 -18"><span class='ocrx_word' id='word_1_754' title='bbox 2187 5042 2405 5106; x_wconf 78' lang='grc' dir='ltr'><strong>μάτισε.</strong></span> <span class='ocrx_word' id='word_1_755' title='bbox 2446 5016 2649 5092; x_wconf 88' lang='grc' dir='ltr'><strong>Τούτου</strong></span> <span class='ocrx_word' id='word_1_756' title='bbox 2681 5016 3140 5108; x_wconf 82' lang='grc' dir='ltr'><strong>μεταλλάξαντος,</strong></span> <span class='ocrx_word' id='word_1_757' title='bbox 3175 5042 3297 5091; x_wconf 67' lang='grc' dir='ltr'><strong>ἐπεὶ</strong></span> <span class='ocrx_word' id='word_1_758' title='bbox 3328 5025 3577 5101; x_wconf 75' lang='grc' dir='ltr'><strong>συνεργοῦ</strong></span> <span class='ocrx_word' id='word_1_759' title='bbox 3607 5016 3727 5087; x_wconf 69' lang='grc' dir='ltr'><strong>’πρὸς</strong></span> 
     </span>
    </p>
   </div>
   <div class='ocr_carea' id='block_1_106' title="bbox 507 5122 2072 5207">
    <p class='ocr_par' dir='ltr' id='par_1_106' title="bbox 507 5122 2072 5201">
     <span class='ocr_line' id='line_1_106' title="bbox 507 5122 2072 5201; baseline -0.003 -10"><span class='ocrx_word' id='word_1_760' title='bbox 507 5137 605 5191; x_wconf 89' lang='lat' dir='ltr'><strong>das</strong></span> <span class='ocrx_word' id='word_1_761' title='bbox 647 5133 870 5197; x_wconf 89' lang='lat' dir='ltr'><strong>collata,</strong></span> <span class='ocrx_word' id='word_1_762' title='bbox 923 5132 1006 5185; x_wconf 86' lang='lat' dir='ltr'><strong>sui</strong></span> <span class='ocrx_word' id='word_1_763' title='bbox 1068 5122 1276 5186; x_wconf 87' lang='lat' dir='ltr'><strong>nullam</strong></span> <span class='ocrx_word' id='word_1_764' title='bbox 1337 5130 1632 5201; x_wconf 78' lang='lat' dir='ltr'><strong>imaginem</strong></span> <span class='ocrx_word' id='word_1_765' title='bbox 1708 5132 1924 5197; x_wconf 83' lang='lat' dir='ltr'><strong>erexit,</strong></span> <span class='ocrx_word' id='word_1_766' title='bbox 1981 5132 2072 5187; x_wconf 80' lang='lat' dir='ltr'><strong>sed</strong></span> 
     </span>
    </p>
   </div>
   <div class='ocr_carea' id='block_1_107' title="bbox 2173 5122 3725 5207">
    <p class='ocr_par' dir='ltr' id='par_1_107' title="bbox 2185 5122 3725 5207">
     <span class='ocr_line' id='line_1_107' title="bbox 2185 5122 3725 5207; baseline 0 -26"><span class='ocrx_word' id='word_1_767' title='bbox 2185 5129 2255 5183; x_wconf 84' lang='grc' dir='ltr'><strong>τὰ</strong></span> <span class='ocrx_word' id='word_1_768' title='bbox 2287 5130 2590 5201; x_wconf 85' lang='grc' dir='ltr'><strong>πράγματα</strong></span> <span class='ocrx_word' id='word_1_769' title='bbox 2617 5132 2811 5194; x_wconf 79' lang='grc' dir='ltr'><strong>ἐδεῖτο,</strong></span> <span class='ocrx_word' id='word_1_770' title='bbox 2853 5133 2945 5184; x_wconf 87' lang='grc' dir='ltr'><strong>τὸν</strong></span> <span class='ocrx_word' id='word_1_771' title='bbox 2971 5132 3223 5201; x_wconf 79' lang='grc' dir='ltr'><strong>Τιϐέριον</strong></span> <span class='ocrx_word' id='word_1_772' title='bbox 3275 5130 3366 5182; x_wconf 78' lang='grc' dir='ltr'><strong>καὶ</strong></span> <span class='ocrx_word' id='word_1_773' title='bbox 3404 5128 3546 5179; x_wconf 79' lang='grc' dir='ltr'><strong>ἄκων</strong></span> <span class='ocrx_word' id='word_1_774' title='bbox 3573 5122 3725 5207; x_wconf 45' lang='grc' dir='ltr'><strong>προῖξ</strong></span> 
     </span>
    </p>
   </div>
   <div class='ocr_carea' id='block_1_108' title="bbox 509 5206 2072 5303">
    <p class='ocr_par' dir='ltr' id='par_1_108' title="bbox 509 5222 2072 5296">
     <span class='ocr_line' id='line_1_108' title="bbox 509 5222 2072 5296; baseline -0.004 -14"><span class='ocrx_word' id='word_1_775' title='bbox 509 5226 743 5296; x_wconf 78' lang='lat' dir='ltr'><strong>publicae</strong></span> <span class='ocrx_word' id='word_1_776' title='bbox 781 5224 1012 5287; x_wconf 83' lang='lat' dir='ltr'><strong>Salutis,</strong></span> <span class='ocrx_word' id='word_1_777' title='bbox 1041 5222 1364 5278; x_wconf 81' lang='lat' dir='ltr'><strong>Concordiae</strong></span> <span class='ocrx_word' id='word_1_778' title='bbox 1396 5229 1451 5277; x_wconf 90' lang='lat' dir='ltr'><strong>et</strong></span> <span class='ocrx_word' id='word_1_779' title='bbox 1482 5222 1643 5277; x_wconf 89' lang='lat' dir='ltr'><strong>Pacis</strong></span> <span class='ocrx_word' id='word_1_780' title='bbox 1673 5234 1883 5277; x_wconf 89' lang='lat' dir='ltr'><strong>statuas</strong></span> <span class='ocrx_word' id='word_1_781' title='bbox 1925 5223 2072 5278; x_wconf 82' lang='lat' dir='ltr'><strong>fecit.</strong></span> 
     </span>
    </p>
   </div>
   <div class='ocr_carea' id='block_1_109' title="bbox 2173 5206 3721 5303">
    <p class='ocr_par' dir='ltr' id='par_1_109' title="bbox 2187 5206 3721 5303">
     <span class='ocr_line' id='line_1_109' title="bbox 2187 5206 3721 5303; baseline -0.014 -29"><span class='ocrx_word' id='word_1_782' title='bbox 2187 5221 2364 5274; x_wconf 86' lang='grc' dir='ltr'><strong>είλετο</strong></span> <span class='ocrx_word' id='word_1_783' title='bbox 2386 5223 2456 5293; x_wconf 83' lang='grc' dir='ltr'><strong>(οἱ</strong></span> <span class='ocrx_word' id='word_1_784' title='bbox 2477 5223 2589 5294; x_wconf 84' lang='grc' dir='ltr'><strong>γάρ</strong></span> <span class='ocrx_word' id='word_1_785' title='bbox 2616 5225 2713 5277; x_wconf 82' lang='grc' dir='ltr'><strong>τοῦ</strong></span> <span class='ocrx_word' id='word_1_786' title='bbox 2742 5224 3052 5293; x_wconf 80' lang='grc' dir='ltr'><strong>Ἀγρίππου</strong></span> <span class='ocrx_word' id='word_1_787' title='bbox 3088 5224 3214 5285; x_wconf 72' lang='grc' dir='ltr'><strong>υἱοὶ,</strong></span> <span class='ocrx_word' id='word_1_788' title='bbox 3244 5224 3452 5290; x_wconf 79' lang='grc' dir='ltr'><strong>ἔγγονοι</strong></span> <span class='ocrx_word' id='word_1_789' title='bbox 3488 5210 3531 5264; x_wconf 88' lang='grc' dir='ltr'><strong>δ’</strong></span> <span class='ocrx_word' id='word_1_790' title='bbox 3554 5206 3721 5303; x_wconf 46' lang='lat' dir='ltr'><strong>abeat},</strong></span> 
     </span>
    </p>
   </div>
   <div class='ocr_carea' id='block_1_110' title="bbox 511 5299 2072 5384">
    <p class='ocr_par' dir='ltr' id='par_1_110' title="bbox 511 5311 2072 5383">
     <span class='ocr_line' id='line_1_110' title="bbox 511 5311 2072 5383; baseline -0.001 -14"><span class='ocrx_word' id='word_1_791' title='bbox 511 5317 695 5371; x_wconf 87' lang='lat' dir='ltr'><strong>Primo</strong></span> <span class='ocrx_word' id='word_1_792' title='bbox 722 5313 851 5368; x_wconf 89' lang='lat' dir='ltr'><strong>anni</strong></span> <span class='ocrx_word' id='word_1_793' title='bbox 882 5314 970 5366; x_wconf 85' lang='lat' dir='ltr'><strong>die</strong></span> <span class='ocrx_word' id='word_1_794' title='bbox 1012 5328 1138 5366; x_wconf 90' lang='lat' dir='ltr'><strong>eum</strong></span> <span class='ocrx_word' id='word_1_795' title='bbox 1175 5311 1402 5366; x_wconf 85' lang='lat' dir='ltr'><strong>adibant</strong></span> <span class='ocrx_word' id='word_1_796' title='bbox 1451 5311 1727 5380; x_wconf 89' lang='lat' dir='ltr'><strong>homines,</strong></span> <span class='ocrx_word' id='word_1_797' title='bbox 1777 5324 1941 5383; x_wconf 90' lang='lat' dir='ltr'><strong>atque</strong></span> <span class='ocrx_word' id='word_1_798' title='bbox 1987 5314 2072 5368; x_wconf 90' lang='lat' dir='ltr'><strong>alii</strong></span> 
     </span>
    </p>
   </div>
   <div class='ocr_carea' id='block_1_111' title="bbox 2173 5299 3725 5384">
    <p class='ocr_par' dir='ltr' id='par_1_111' title="bbox 2186 5299 3725 5384">
     <span class='ocr_line' id='line_1_111' title="bbox 2186 5299 3725 5384; baseline -0.008 -17"><span class='ocrx_word' id='word_1_799' title='bbox 2186 5317 2245 5367; x_wconf 81' lang='grc' dir='ltr'><strong>ὲν</strong></span> <span class='ocrx_word' id='word_1_800' title='bbox 2274 5314 2587 5381; x_wconf 68' lang='grc' dir='ltr'><strong>παισὶν,ἔτι</strong></span> <span class='ocrx_word' id='word_1_801' title='bbox 2618 5316 2879 5384; x_wconf 80' lang='grc' dir='ltr'><strong>ὲτέλουν)·</strong></span> <span class='ocrx_word' id='word_1_802' title='bbox 2913 5318 3007 5370; x_wconf 79' lang='grc' dir='ltr'><strong>καὶ</strong></span> <span class='ocrx_word' id='word_1_803' title='bbox 3046 5317 3375 5373; x_wconf 77' lang='grc' dir='ltr'><strong>ἀποσπάσας</strong></span> <span class='ocrx_word' id='word_1_804' title='bbox 3414 5304 3610 5360; x_wconf 81' lang='grc' dir='ltr'><strong>ἐκείνου</strong></span> <span class='ocrx_word' id='word_1_805' title='bbox 3641 5299 3725 5355; x_wconf 80' lang='grc' dir='ltr'><strong>την</strong></span> 
     </span>
    </p>
   </div>
   <div class='ocr_carea' id='block_1_112' title="bbox 510 5396 2072 5487">
    <p class='ocr_par' dir='ltr' id='par_1_112' title="bbox 510 5401 2072 5475">
     <span class='ocr_line' id='line_1_112' title="bbox 510 5401 2072 5475; baseline 0.002 -20"><span class='ocrx_word' id='word_1_806' title='bbox 510 5407 652 5473; x_wconf 90' lang='lat' dir='ltr'><strong>plus,</strong></span> <span class='ocrx_word' id='word_1_807' title='bbox 688 5406 782 5459; x_wconf 88' lang='lat' dir='ltr'><strong>alii</strong></span> <span class='ocrx_word' id='word_1_808' title='bbox 822 5404 1005 5458; x_wconf 89' lang='lat' dir='ltr'><strong>minus</strong></span> <span class='ocrx_word' id='word_1_809' title='bbox 1043 5401 1351 5457; x_wconf 75' lang='lat' dir='ltr'><strong>oﬂ‘erebant</strong></span> <span class='ocrx_word' id='word_1_810' title='bbox 1386 5419 1400 5456; x_wconf 89' lang='lat'><strong>:</strong></span> <span class='ocrx_word' id='word_1_811' title='bbox 1434 5403 1641 5472; x_wconf 73' lang='lat' dir='ltr'><strong>quibus</strong></span> <span class='ocrx_word' id='word_1_812' title='bbox 1684 5403 1801 5473; x_wconf 91' lang='lat' dir='ltr'><strong>ipse</strong></span> <span class='ocrx_word' id='word_1_813' title='bbox 1850 5404 2072 5475; x_wconf 88' lang='lat' dir='ltr'><strong>duplum</strong></span> 
     </span>
    </p>
   </div>
   <div class='ocr_carea' id='block_1_113' title="bbox 2173 5396 3725 5487">
    <p class='ocr_par' dir='ltr' id='par_1_113' title="bbox 2188 5396 3725 5487">
     <span class='ocr_line' id='line_1_113' title="bbox 2188 5396 3725 5487; baseline -0.003 -27"><span class='ocrx_word' id='word_1_814' title='bbox 2188 5410 2442 5476; x_wconf 69' lang='grc' dir='ltr'><strong>γυναῖκα,</strong></span> <span class='ocrx_word' id='word_1_815' title='bbox 2472 5408 2750 5480; x_wconf 78' lang='grc' dir='ltr'><strong>θυγατέρα</strong></span> <span class='ocrx_word' id='word_1_816' title='bbox 2769 5406 2936 5462; x_wconf 81' lang='grc' dir='ltr'><strong>οὖσαν</strong></span> <span class='ocrx_word' id='word_1_817' title='bbox 2957 5410 3267 5478; x_wconf 87' lang='grc' dir='ltr'><strong>Ἀγρίππου</strong></span> <span class='ocrx_word' id='word_1_818' title='bbox 3301 5407 3358 5472; x_wconf 74' lang='grc' dir='ltr'>ἐξ</span> <span class='ocrx_word' id='word_1_819' title='bbox 3390 5401 3546 5465; x_wconf 78' lang='grc' dir='ltr'><strong>ἄλλης</strong></span> <span class='ocrx_word' id='word_1_820' title='bbox 3575 5396 3725 5487; x_wconf 65' lang='grc' dir='ltr'><strong>γαμξ’</strong></span> 
     </span>
    </p>
   </div>
   <div class='ocr_carea' id='block_1_114' title="bbox 509 5487 2072 5571">
    <p class='ocr_par' dir='ltr' id='par_1_114' title="bbox 509 5494 2072 5565">
     <span class='ocr_line' id='line_1_114' title="bbox 509 5494 2072 5565; baseline 0.001 -16"><span class='ocrx_word' id='word_1_821' title='bbox 509 5505 605 5549; x_wconf 87' lang='lat' dir='ltr'><strong>aut</strong></span> <span class='ocrx_word' id='word_1_822' title='bbox 641 5496 877 5565; x_wconf 85' lang='lat' dir='ltr'><strong>amplius</strong></span> <span class='ocrx_word' id='word_1_823' title='bbox 924 5494 1207 5559; x_wconf 81' lang='lat' dir='ltr'><strong>reddebat,</strong></span> <span class='ocrx_word' id='word_1_824' title='bbox 1238 5509 1352 5549; x_wconf 87' lang='lat' dir='ltr'><strong>non</strong></span> <span class='ocrx_word' id='word_1_825' title='bbox 1401 5496 1746 5551; x_wconf 82' lang='lat' dir='ltr'><strong>senatoribus</strong></span> <span class='ocrx_word' id='word_1_826' title='bbox 1793 5496 2072 5563; x_wconf 75' lang='lat' dir='ltr'><strong>duntaxat,</strong></span> 
     </span>
    </p>
   </div>
   <div class='ocr_carea' id='block_1_115' title="bbox 2173 5487 3725 5571">
    <p class='ocr_par' dir='ltr' id='par_1_115' title="bbox 2179 5487 3725 5571">
     <span class='ocr_line' id='line_1_115' title="bbox 2179 5487 3725 5571; baseline -0.02 -22"><span class='ocrx_word' id='word_1_827' title='bbox 2179 5500 2303 5570; x_wconf 82' lang='grc' dir='ltr'><strong>τῆς,</strong></span> <span class='ocrx_word' id='word_1_828' title='bbox 2334 5501 2435 5569; x_wconf 72' lang='grc' dir='ltr'><strong>τὴν</strong></span> <span class='ocrx_word' id='word_1_829' title='bbox 2472 5499 2700 5554; x_wconf 86' lang='grc' dir='ltr'><strong>Ἰουλίαν</strong></span> <span class='ocrx_word' id='word_1_830' title='bbox 2722 5501 2872 5570; x_wconf 84' lang='grc' dir='ltr'><strong>αὐτῷ</strong></span> <span class='ocrx_word' id='word_1_831' title='bbox 2896 5501 3256 5571; x_wconf 76' lang='grc' dir='ltr'><strong>ὲνηγγύησεν,</strong></span> <span class='ocrx_word' id='word_1_832' title='bbox 3286 5494 3414 5551; x_wconf 75' lang='grc' dir='ltr'><strong>Εἶτα</strong></span> <span class='ocrx_word' id='word_1_833' title='bbox 3443 5487 3527 5542; x_wconf 76' lang='grc' dir='ltr'><strong>διά</strong></span> <span class='ocrx_word' id='word_1_834' title='bbox 3544 5498 3598 5535; x_wconf 87' lang='grc' dir='ltr'><strong>τε</strong></span> <span class='ocrx_word' id='word_1_835' title='bbox 3619 5489 3725 5571; x_wconf 76' lang='grc' dir='ltr'><strong>του-</strong></span> 
     </span>
    </p>
   </div>
   <div class='ocr_carea' id='block_1_116' title="bbox 511 5565 2072 5663">
    <p class='ocr_par' dir='ltr' id='par_1_116' title="bbox 511 5587 2072 5645">
     <span class='ocr_line' id='line_1_116' title="bbox 511 5587 2072 5645; baseline 0.003 -5"><span class='ocrx_word' id='word_1_836' title='bbox 511 5588 608 5641; x_wconf 87' lang='lat' dir='ltr'><strong>sed</strong></span> <span class='ocrx_word' id='word_1_837' title='bbox 645 5588 768 5642; x_wconf 83' lang='lat' dir='ltr'><strong>aliis</strong></span> <span class='ocrx_word' id='word_1_838' title='bbox 796 5588 985 5642; x_wconf 89' lang='lat' dir='ltr'><strong>etiam.</strong></span> <span class='ocrx_word' id='word_1_839' title='bbox 1035 5587 1318 5642; x_wconf 69' lang='lat' dir='ltr'><strong>Octaviam</strong></span> <span class='ocrx_word' id='word_1_840' title='bbox 1359 5601 1607 5643; x_wconf 88' lang='lat' dir='ltr'><strong>sororem</strong></span> <span class='ocrx_word' id='word_1_841' title='bbox 1646 5599 1758 5644; x_wconf 89' lang='lat' dir='ltr'><strong>tum</strong></span> <span class='ocrx_word' id='word_1_842' title='bbox 1807 5600 2072 5645; x_wconf 89' lang='lat' dir='ltr'><strong>mortuam</strong></span> 
     </span>
    </p>
   </div>
   <div class='ocr_carea' id='block_1_117' title="bbox 2173 5565 3721 5663">
    <p class='ocr_par' dir='ltr' id='par_1_117' title="bbox 2178 5565 3721 5663">
     <span class='ocr_line' id='line_1_117' title="bbox 2178 5565 3721 5663; baseline -0.014 -19"><span class='ocrx_word' id='word_1_843' title='bbox 2178 5607 2273 5642; x_wconf 85' lang='grc' dir='ltr'><strong>του</strong></span> <span class='ocrx_word' id='word_1_844' title='bbox 2309 5592 2403 5644; x_wconf 76' lang='grc' dir='ltr'><strong>καὶ</strong></span> <span class='ocrx_word' id='word_1_845' title='bbox 2435 5590 2522 5644; x_wconf 82' lang='grc' dir='ltr'><strong>διὰ</strong></span> <span class='ocrx_word' id='word_1_846' title='bbox 2541 5591 2635 5644; x_wconf 82' lang='grc' dir='ltr'><strong>τοῦ</strong></span> <span class='ocrx_word' id='word_1_847' title='bbox 2668 5590 2932 5663; x_wconf 86' lang='grc' dir='ltr'><strong>Δρούσου,</strong></span> <span class='ocrx_word' id='word_1_848' title='bbox 2972 5590 3175 5643; x_wconf 77' lang='grc' dir='ltr'><strong>καὶδιὰ</strong></span> <span class='ocrx_word' id='word_1_849' title='bbox 3208 5588 3469 5642; x_wconf 82' lang='grc' dir='ltr'><strong>Πείσωνος</strong></span> <span class='ocrx_word' id='word_1_850' title='bbox 3496 5565 3721 5629; x_wconf 61' lang='grc' dir='ltr'><strong>Λουκίου,</strong></span> 
     </span>
    </p>
   </div>
   <div class='ocr_carea' id='block_1_118' title="bbox 442 5662 2072 5754">
    <p class='ocr_par' dir='ltr' id='par_1_118' title="bbox 442 5677 2072 5753">
     <span class='ocr_line' id='line_1_118' title="bbox 442 5677 2072 5753; baseline 0.006 -27"><span class='ocrx_word' id='word_1_851' title='bbox 442 5750 445 5753; x_wconf 84' lang='lat'><em>_</em></span> <span class='ocrx_word' id='word_1_852' title='bbox 512 5677 731 5744; x_wconf 81' lang='lat' dir='ltr'><strong>publice</strong></span> <span class='ocrx_word' id='word_1_853' title='bbox 763 5678 1071 5746; x_wconf 87' lang='lat' dir='ltr'><strong>proposuit,</strong></span> <span class='ocrx_word' id='word_1_854' title='bbox 1109 5687 1163 5732; x_wconf 91' lang='lat' dir='ltr'><strong>ct</strong></span> <span class='ocrx_word' id='word_1_855' title='bbox 1209 5677 1495 5734; x_wconf 77' lang='lat' dir='ltr'><strong>futiebrem</strong></span> <span class='ocrx_word' id='word_1_856' title='bbox 1548 5678 1616 5735; x_wconf 91' lang='lat' dir='ltr'><strong>de</strong></span> <span class='ocrx_word' id='word_1_857' title='bbox 1659 5694 1725 5736; x_wconf 90' lang='lat' dir='ltr'><strong>ea</strong></span> <span class='ocrx_word' id='word_1_858' title='bbox 1772 5681 2072 5738; x_wconf 89' lang='lat' dir='ltr'><strong>orationem</strong></span> 
     </span>
    </p>
   </div>
   <div class='ocr_carea' id='block_1_119' title="bbox 2173 5662 3719 5754">
    <p class='ocr_par' dir='ltr' id='par_1_119' title="bbox 2180 5662 3719 5754">
     <span class='ocr_line' id='line_1_119' title="bbox 2180 5662 3719 5754; baseline -0.016 -15"><span class='ocrx_word' id='word_1_859' title='bbox 2180 5684 2356 5738; x_wconf 80' lang='grc' dir='ltr'><strong>πολλὰ</strong></span> <span class='ocrx_word' id='word_1_860' title='bbox 2381 5683 2492 5738; x_wconf 85' lang='grc' dir='ltr'><strong>τῶν</strong></span> <span class='ocrx_word' id='word_1_861' title='bbox 2525 5662 3066 5754; x_wconf 76' lang='grc' dir='ltr'><strong>ἐθνῶνύπηγάγετο.</strong></span> <span class='ocrx_word' id='word_1_862' title='bbox 3103 5681 3389 5751; x_wconf 84' lang='grc' dir='ltr'><strong>Ἀργύριον</strong></span> <span class='ocrx_word' id='word_1_863' title='bbox 3439 5668 3493 5723; x_wconf 74' lang='grc' dir='ltr'><strong>δὲ</strong></span> <span class='ocrx_word' id='word_1_864' title='bbox 3538 5662 3623 5729; x_wconf 81' lang='grc' dir='ltr'><strong>τῆς</strong></span> <span class='ocrx_word' id='word_1_865' title='bbox 3670 5664 3719 5701; x_wconf 83' lang='grc' dir='ltr'><strong>τε</strong></span> 
     </span>
    </p>
   </div>
  </div>
