4048 6430
389 379 498 442 909

1652 377 2054 438 ANNALIUM
2101 377 2245 436 LIB.
2289 379 2358 436 Χ.

3535 381 3643 445 910

379 489 574 557 βουλῆς
609 487 701 541 καὶ
727 487 822 540 τοῦ
854 489 1030 557 δήμου
1064 490 1144 552 εἰς
1177 487 1397 550 εἰκόνας
1430 486 1578 556 αὐτῷ
1610 487 1958 553 συνενεγκόν-

2087 487 2280 540 tabuit.
2315 487 2525 540 Drusus
2550 497 2604 542 et
2647 498 2871 542 senatus
2912 497 3094 544 vestes
3140 489 3401 560 lugubres
3447 490 3642 547 indue-

374 596 504 643 των,
523 579 720 631 ἑαυτοῦ
745 578 844 646 μὲν
860 579 1116 647 οὐδεμίαν
1141 577 1389 647 ἔστησεν
1412 577 1600 641 ὑγείας
1633 576 1687 627 δὲ
1707 575 1971 645 δημοσίας

2080 586 2230 644 runt,
2268 577 2407 632 utin
2443 578 2593 632 luctu
2629 579 2870 648 publico.

377 676 471 726 καὶ
498 673 785 743 Ὀμονοίας
807 674 903 726 καὶ
930 674 1166 744 Εἰρήνης
1187 673 1402 736 εἰκόνας
1452 674 1770 740 εἰργάσατο.
1836 671 1944 722 Καὶ
1975 671 2032 721 ἐν
2072 672 2208 741 αὐτῇ
2242 675 2302 742 τῇ
2341 671 2531 743 πρώτῃ
2568 673 2660 726 τοῦ
2691 674 2844 737 ἔτους
2871 675 3054 745 ἡμέρα
3079 676 3228 745 αύτῷ
3253 678 3443 748 ἐκείνῳ
3470 695 3643 748 προσ-

378 768 568 828 ιόντες,
601 765 651 816 οί
690 769 789 834 μὲν
815 765 997 818 πλεῖον
1041 766 1092 817 οἱ
1140 764 1183 817 δ’
1226 759 1389 835 ἦττον
1438 764 1710 826 ἐδίδοσαν,
1754 764 1849 816 καὶ
1908 763 1967 825 ὃς
2008 764 2320 834 προστιθεὶς
2383 765 2571 837 ἕτερον
2635 767 2893 820 τοσοῦτον
2924 769 2955 837 ἢ
2989 769 3083 820 καὶ
3134 770 3295 822 πλέον
3347 773 3643 835 ἀντεδίδου,

376 859 438 910 ού
477 859 662 928 μόνοις
682 861 796 921 τοῖς
822 859 1159 928 βουλευταῖς,
1197 859 1334 911 ἀλλὰ
1367 859 1464 912 καὶ
1506 861 1617 920 τοῖς
1664 857 1862 918 ἄλλοις.
1930 854 2174 924 Τέθνηκε
2241 857 2298 910 δὲ
2333 859 2453 910 τότε
2510 860 2604 911 καὶ
2647 861 2681 929 ἠ
2747 859 2949 928 ἀδελφὴ
3001 860 3168 914 αὐτοῦ
3219 862 3498 921 Ὀκταϐζα.
3551 866 3646 918 καὶ

379 951 539 1013 αὐτός
572 968 633 1003 τε
668 951 755 1002 ἐπ’
803 953 944 1021 αὐτῇ
991 950 1228 1021 δημοσίᾳ
1287 949 1614 1020 προτεθείσῃ
1669 947 1956 1014 ἐπιτάφιον
1996 941 2139 999 εἷπε.
2179 948 2596 1018 ΚαὶὸΔροῦσος
2630 951 2723 1002 καὶ
2783 951 2832 1002 oi
2897 950 3181 1019 βουλευταῖ
3219 953 3514 1022 πενθὴρεις
3561 973 3643 1024 χι-

377 1045 554 1106 τῶνας
581 1042 797 1107 ἔλαϐον,
837 1044 1074 1118 δημοσίᾳ
1108 1047 1168 1098 τὸ
1205 1042 1398 1106 πένθος
1431 1043 1777 1112 ποιήσαντες.

448 1138 574 1192 Λιγ.
597 1139 686 1207 Τῷ
709 1139 753 1192 δ’
777 1141 1022 1210 ἐχομένῳ
1081 1140 1190 1194 ἔτει
1249 1141 1276 1192 ὁ
1339 1139 1577 1209 Δροῦσος
1623 1134 1956 1196 ὑπατεύσας.

382 1247 484 1282 κατ
531 1229 702 1282 ἐθνῶν
730 1246 894 1282 τινων
923 1230 1344 1298 ἐξεστράτευσε.
1405 1229 1511 1281 Καί
1537 1245 1657 1280 τινα
1689 1225 1958 1296 χειρωσά-

385 1338 546 1391 μενος
573 1321 908 1392 προσωτέρω
957 1323 1158 1391 χωρεῖν
1186 1321 1511 1390 ἐπεχείρησε
1533 1334 1545 1346 ·
1581 1319 1672 1371 καί
1701 1336 1809 1370 τινι
1859 1333 1960 1385 γυ-

383 1414 534 1465 ναικὶ
573 1411 781 1480 μείζονι
827 1411 860 1481 ἢ
921 1412 1063 1465 κατὰ
1105 1411 1393 1481 ἀνθρώπου
1431 1412 1588 1481 φύσιν
1654 1413 1964 1482 ἀπήντησεν

383 1501 581 1565 ἀπιὼν,
615 1500 677 1567 ἢ,
701 1502 814 1555 Ποῖ
847 1501 998 1570 δῆτα
1026 1505 1256 1572 ἐπείγῃ,
1284 1504 1510 1571 Δροῦσε
1535 1505 1842 1571 ἀκόρεστε,
1875 1502 1963 1555 λέ-

383 1613 502 1662 γειν
532 1594 684 1664 αὐτῷ
708 1596 907 1661 ἔδοξεν.
935 1598 1019 1650 Οὐ
1057 1597 1256 1651 πάντα
1299 1612 1397 1649 σοι
1426 1594 1612 1649 ταῦτα
1646 1595 1796 1649 ίδεῒν
1861 1595 1964 1648 πέ-

382 1705 627 1756 πρωται.
658 1689 820 1742 Ἀλλ’
852 1689 1019 1744 ἄπιθι
1048 1705 1061 1720 ο
1092 1689 1208 1758 ἤδη
1241 1689 1350 1758 γάρ
1375 1705 1474 1742 σοι
1496 1689 1595 1742 καὶ
1624 1689 1663 1755 ἢ
1704 1688 1809 1742 τοῦ
1835 1690 1967 1759 βίου

383 1754 487 1835 καὶ
517 1783 553 1849 ἡ
582 1783 702 1834 τῶν
730 1781 918 1848 ἔργων
945 1754 1204 1851 πάρεάτί
1228 1754 1500 1847 τεάευτή.
1540 1754 1968 1850 ’Υποστρέεροντι
1996 1754 2043 1813 Β

382 1875 429 1925 δ’
463 1874 672 1926 ἐκεῖθεν
709 1867 858 1940 αύτῷ
892 1877 1045 1936 νόσος
1067 1873 1390 1941 ἐνέσκηψεν,
1424 1874 1483 1938 ἐξ
1507 1867 1575 1945 ἦς
1624 1871 1965 1937 ἐτελεύτησε.

389 1964 698 2034 Πυθόμενος
732 1962 778 2015 δ’
805 1964 834 2015 ὁ
869 1964 1231 2034 αὐτοκράτωρ
1258 1963 1340 2016 ὅτι
1369 1964 1535 2027 νοσεῖ,
1575 1961 1668 2016 τὸν
1719 1961 1972 2032 Τιϐέριον

384 2053 530 2105 κατὰ
557 2053 720 2123 τάχος
756 2051 1026 2122 ἔπεμψεν,
1059 2052 1118 2114 ὃς
1151 2052 1394 2120 ἔμπνουν
1428 2069 1487 2104 τε
1514 2051 1675 2106 αὑτὸν
1703 2045 1831 2123 εὗρε
1877 2053 1973 2105 καὶ

383 2142 623 2195 θανόντα
652 2144 708 2207 ἐς
737 2145 836 2214 τὴν
871 2143 1088 2213 Ῥώμην
1114 2145 1359 2212 ἐκόμισε,
1419 2143 1532 2196 Καὶ
1563 2144 1622 2195 ὲν
1674 2144 1741 2212 τῇ
1797 2143 1977 2213 ἀγορᾷ

388 2233 744 2304 προτεθέντα,
777 2236 804 2288 ὃ
843 2252 900 2287 τε
929 2233 1235 2302 Αὔγουστος
1273 2235 1366 2286 καὶ
1410 2234 1440 2284 ὁ
1469 2233 1738 2303 Τιϐέριος
1781 2235 1974 2287 ὲπιτα-

387 2327 536 2395 φίοις
559 2327 851 2397 ἐπῄνεσαν.
891 2327 1106 2394 Νόμους
1163 2326 1220 2378 δὲ
1261 2325 1398 2396 μετὰ
1439 2324 1616 2378 ταῦτα
1667 2326 1696 2376 ὁ
1759 2324 1974 2394 Καῖσαρ

383 2418 702 2486 εἰσήνεγκε,
735 2419 952 2480 καὶτοῖς
985 2417 1298 2487 βουλευταῖς
1325 2417 1522 2478 αὐτοὺς
1548 2414 1974 2485 ἀναγνῶναι(87)

387 2506 719 2578 ἐπέτρεψεν,
750 2507 920 2572 ὅπως,
974 2509 1023 2560 εί
1066 2511 1140 2578 μή
1177 2525 1230 2560 τι
1284 2509 1510 2578 ἀρέσκει
1551 2506 1583 2576 ἢ
1643 2506 1866 2576 ἄμεινόν
1923 2523 1976 2558 τι

387 2601 672 2670 νοήσουσι,
699 2600 946 2654 εἴπωσιν.
989 2600 1154 2670 Οὕτω
1210 2600 1319 2669 γὰρ
1364 2598 1769 2668 δημοκρατικὸς
1823 2596 1975 2666 ἠξίου

386 2687 556 2756 εἶναι,
599 2691 738 2744 ὥστε
775 2691 920 2754 τινὸς
952 2692 1061 2744 τῶν
1087 2689 1648 2762 συστρατευσαμένων
1674 2687 1824 2757 αὑτῷ
1855 2704 1980 2740 συν-

385 2785 755 2854 ηγορήματος
807 2785 940 2856 παρ’
967 2783 1134 2837 αὐτοῦ
1151 2783 1459 2853 δεηθέντος,
1490 2781 1600 2834 τῶν
1627 2780 1797 2849 φίλων
1827 2777 1979 2854 αὐτῷ

390 2879 676 2930 συνειπεῖν
706 2894 830 2930 τινα
861 2877 1130 2947 ἔπεμπεν,
1190 2876 1265 2938 ὡς
1306 2875 1467 2937 αὐτὸς
1500 2875 1602 2926 οὐκ
1647 2874 1796 2939 ἄγων
1852 2888 1977 2941 σχο-

390 2969 516 3038 λήν.
557 2967 712 3020 Ἐπεὶ
739 2968 795 3021 δὲ
832 2970 860 3022 ὁ
893 2969 992 3038 τῆς
1019 2968 1347 3037 συνηγορίας
1378 2966 1634 3034 δεόμενος
1690 2963 1979 3033 ἀχθεσθεὶς

390 3061 525 3129 ἔφη·
577 3058 726 3128 Ἐγὼ
762 3060 814 3112 δ’
881 3059 1092 3123 ὁσάκις
1159 3060 1505 3125 ἐπικουρίας
1549 3057 1820 3124 segnem,
1871 3057 2050 3144 oimc

390 3151 598 3206 ἄλλον
637 3151 767 3205 ἀντ’
821 3151 1081 3221 ἐμαυτοῦ
1152 3151 1414 3222 ἔπεμψα,
1469 3150 1606 3203 ἀλλ’
1662 3149 1980 3214 αὐτόςσου

391 3242 954 3310 προεκινδύνευσα·
996 3244 1076 3304 είς
1097 3242 1157 3295 τὸ
1196 3242 1552 3310 δικαστήριόν
1604 3257 1664 3293 τε
1724 3239 1982 3308 ὲφοίτησε

395 3335 498 3386 καὶ
529 3333 681 3404 αύτῷ
716 3335 1112 3406 συνηγόρησεν.
1143 3333 1506 3386 Αἱτιαθέντων
1558 3332 1619 3385 δέ
1675 3347 1836 3385 τινων
1880 3332 1983 3399 ἀρ-

396 3427 609 3499 χόντων
632 3427 706 3489 ὡς
735 3429 800 3480 ἐκ
827 3425 1104 3496 δεκασμοῦ
1144 3426 1241 3488 τὰς
1290 3425 1466 3494 ἀρχὰς
1523 3423 1822 3486 λαϐόντων,
1872 3420 1983 3474 οὔτ’

397 3519 681 3589 ἐξήλεγξε,
718 3523 813 3573 καὶ
859 3519 1322 3590 προσεποιήσατο,
1352 3516 1485 3586 μηδὲ
1541 3514 1744 3583 γνῶναι
1804 3512 1982 3568 τοῦτο.

396 3607 543 3662 Οὔτε
567 3611 674 3678 γὰρ
702 3611 929 3662 κολάσαι
963 3609 1115 3672 τινὰς
1158 3608 1247 3661 διὰ
1279 3609 1461 3675 τοῦτο,
1514 3606 1635 3660 οὔτε
1676 3609 1985 3676 συγγνῶναι

399 3699 742 3770 ἐλεγχθεῖσιν
770 3697 1019 3768 ἠθέλησε.
1069 3697 1177 3766 Τὴν
1215 3697 1259 3749 δ’
1295 3697 1589 3766 ἠγεμονίαν
1636 3698 1860 3765 καίπερ,
1911 3697 1987 3760 ὼς

399 3793 615 3858 ἔλεγεν,
651 3791 857 3859 ἀφιεὶς,
879 3789 1068 3857 ἐπειδὴ
1090 3790 1185 3841 καὶ
1217 3789 1286 3842 τὰ
1307 3789 1538 3858 δεύτερα
1567 3788 1700 3841 δέκα
1729 3789 1826 3857 ἔτη
1842 3805 1983 3858 παρ-

402 3884 590 3953 ῆλθον,
625 3884 774 3937 ἄκων
801 3883 963 3952 δῆθεν
993 3879 1150 3944 αὖθις
1185 3881 1423 3946 ἐδέξατο,
1459 3882 1533 3942 ὡς
1577 3882 1672 3934 ἐπὶ
1700 3882 1827 3945 τοὺς
1851 3880 1989 3934 Κελ-

402 3978 533 4038 τοὺς
564 3973 938 4045 στρατεύσων.
970 3973 1078 4025 Καὶ
1110 3972 1272 4035 αὐτὸς
1315 3973 1415 4041 μὲν
1451 3973 1588 4024 οἴκοι
1643 3973 1986 4040 κατέμεινεν,

406 4068 498 4120 ἐπ’
529 4068 778 4129 ἐκείνους
806 4065 862 4118 δὲ
886 4065 976 4118 τὸν
999 4064 1252 4132 Τιϐέριον
1294 4063 1559 4132 ἔπεμψεν.
1617 4065 1715 4115 ’ον
1768 4062 1993 4116 ἐπανελ-

408 4161 573 4214 θόντα
611 4161 836 4214 ἀνεῖπεν
872 4158 1275 4227 αὐτοκράτορα,
1300 4158 1393 4209 καὶ
1452 4155 1659 4209 ὕπατον
1702 4154 1858 4218 αὖθις
1885 4157 1993 4208 ἀπ-

406 4253 585 4316 έδειξε
619 4257 716 4306 καὶ
774 4253 891 4312 τοῖς
926 4251 1219 4312 ἐπινικίοις
1257 4251 1570 4316 ἐσέμνυνεν.
1607 4247 1780 4310 Αὐτὸς
1811 4247 1866 4300 δὲ
1899 4246 1992 4300 τὸν

409 4345 688 4409 Σεξτίλιον
713 4344 1052 4414 καλούμενον
1087 4342 1232 4412 μῆνα
1274 4339 1583 4407 Αὔγουστον
1617 4341 1988 4409 ἁντωνόμασε.

2138 1127 2354 1185 XXXV.
2395 1129 2555 1183 Anno
2611 1131 2862 1200 sequenti
2922 1132 3134 1186 Drusus
3188 1134 3380 1187 consul
3445 1135 3646 1200 lactus,

2067 1219 2324 1290 gentibus
2356 1221 2684 1289 quibusdam
2719 1223 2923 1276 bellum
2953 1224 3140 1279 itttulit
3172 1243 3184 1278 :
3213 1238 3299 1287 ct,
3333 1243 3458 1280 cum
3505 1244 3650 1282 non-

2075 1311 2242 1364 nullis
2269 1311 2514 1365 subactis
2550 1313 2783 1366 ulterius
2812 1314 3069 1384 progredi
3099 1315 3417 1380 statuisset,
3453 1320 3653 1372 mulier

2072 1402 2122 1455 ei
2164 1410 2355 1455 natura
2393 1402 2631 1457 humana
2678 1405 2853 1474 major
2891 1404 3088 1470 obvia,
3121 1405 3306 1461 dicere
3355 1409 3470 1462 visa
3512 1419 3597 1463 cst
3633 1427 3648 1464 :

2075 1493 2316 1559 Quonam
2351 1511 2629 1565 properas,
2661 1495 2829 1549 Druse
2868 1497 3231 1552 insatiabilis?
3275 1499 3393 1553 Non
3439 1503 3493 1554 in
3525 1483 3675 1571 falis-

2073 1597 2172 1653 est,
2203 1598 2260 1641 ut
2282 1590 2386 1643 ista
2411 1591 2588 1644 omnia
2615 1592 2811 1645 videas.
2853 1591 3043 1645 l’erum
3079 1594 3218 1646 abito
3246 1609 3265 1647 :
3284 1595 3404 1663 jam
3436 1597 3572 1650 enim
3601 1608 3650 1650 et

2075 1684 2194 1736 vita:
2236 1692 2285 1736 et
2329 1699 2547 1754 Operam
2592 1686 2684 1738 tibi
2727 1684 2850 1752 ﬁnis
2898 1689 3081 1740 instat.
3132 1687 3262 1740 Inde
3317 1688 3536 1743 rediens
3596 1691 3652 1743 in

2074 1775 2327 1829 morbum
2395 1776 2610 1840 incidit,
2677 1791 2742 1831 ex
2795 1793 2905 1845 quo
2956 1778 3213 1832 decessit.
3273 1780 3403 1850 Ejus
3454 1783 3652 1837 morbo

2074 1871 2375 1942 imperator
2422 1871 2632 1937 audito,
2688 1871 2969 1926 Tiberium
3027 1872 3355 1927 festinanter
3405 1875 3473 1929 ad
3519 1892 3647 1930 eum

2075 1965 2225 2019 misit
2259 1982 2272 2018 :
2309 1964 2402 2034 qui
2437 1973 2492 2018 ct
2523 1971 2879 2033 aegrotantem
2910 1963 3064 2017 illum
3096 1964 3254 2029 vidit,
3279 1975 3336 2020 et
3375 1976 3649 2022 mortuum

2077 2056 2305 2110 Romam
2340 2056 2628 2111 advectum
2657 2056 2711 2108 in
2752 2053 2872 2108 foro
2908 2056 3217 2124 proposuit,
3259 2066 3423 2126 atque
3455 2057 3508 2112 in
3552 2059 3652 2113 de-

2076 2145 2256 2200 functi
2290 2146 2512 2201 laudem
2545 2154 2603 2199 et
2644 2145 2927 2216 Augustus
2971 2155 3027 2200 et
3072 2147 3327 2204 Tiberius
3374 2151 3654 2206 orationes

2079 2237 2242 2308 538
2270 2238 2603 2292 habuerunt.
2630 2238 2761 2292 lnde
2783 2237 2850 2292 ad
2875 2238 3026 2309 leges
3052 2237 3306 2295 ferendas
3328 2255 3654 2309 conversus,

2078 2346 2173 2384 eas
2215 2329 2564 2384 senatoribus
2595 2330 2853 2400 legendas
2884 2329 3061 2394 dedit,
3096 2339 3156 2384 ut
3181 2332 3225 2385 si
3257 2333 3388 2400 quid
3416 2333 3500 2388 vel
3550 2334 3656 2387 im-

2081 2420 2401 2490 probarent,
2458 2420 2540 2474 vel
2598 2419 2796 2474 melius
2841 2429 3104 2485 nossent,
3157 2420 3425 2476 dicerent.
3505 2424 3659 2479 Adeo

2079 2511 2227 2566 enim
2262 2511 2581 2580 popularem
2617 2525 2675 2564 se
2707 2509 3006 2579 praebebat,
3041 2521 3102 2566 ut
3131 2527 3257 2565 cum
3287 2530 3352 2566 ex
3383 2515 3658 2569 commili-

2082 2599 2303 2654 tonibus
2324 2599 2548 2668 quidam
2581 2615 2706 2653 eum
2744 2597 3070 2653 advocatum
3103 2611 3330 2666 orasset,
3372 2602 3487 2671 ipse
3523 2620 3659 2659 vero

2081 2696 2303 2757 propter
2347 2689 2738 2758 occupationes
2782 2688 3020 2742 amicum
3075 2703 3177 2744 suo
3225 2675 3658 2761 loco'misisset,

2083 2778 2246 2848 idque
2281 2778 2371 2833 ille
2403 2781 2631 2834 moleste
2663 2780 2865 2847 ferens,
2898 2781 3127 2836 dixisset
3159 2799 3174 2836 :
3204 2782 3274 2836 At
3300 2799 3415 2854 ego.
3453 2789 3658 2854 quoties

2083 2870 2175 2923 tibi
2202 2869 2402 2923 auxilio
2439 2869 2538 2940 fuit
2581 2887 2732 2939 opus,
2777 2889 2881 2925 non
2911 2873 3079 2927 alium
3121 2892 3217 2944 pro
3269 2893 3350 2930 me
3394 2880 3533 2943 misi,
3571 2881 3661 2933 sed

2083 2962 2196 3030 ipse
2224 2978 2320 3032 pro
2354 2972 2404 3016 te
2437 2963 2712 3016 discrimen
2738 2965 2868 3026 adii,
2903 2965 2956 3018 in
3006 2965 3186 3020 forum
3221 2970 3390 3032 venit,
3440 2978 3497 3024 et
3545 2971 3663 3042 ipse

2084 3055 2132 3109 ei
2162 3054 2540 3124 patrocinatus
2571 3063 2674 3109 est.
2706 3054 2843 3110 Cum
2881 3057 3125 3126 quidam,
3159 3068 3218 3113 ut
3266 3077 3361 3129 per
3390 3063 3663 3119 ambitum

2085 3156 2142 3200 et
2189 3145 2532 3216 corruptelas
2582 3148 2934 3216 magistratus
2985 3151 3193 3218 adepti,
3249 3163 3662 3222 arguerentur:

2085 3251 2199 3289 rem
2234 3250 2414 3305 neque
2441 3236 2763 3304 exploravit,
2801 3247 2858 3292 et
2888 3238 3290 3305 dissimulavit,
3321 3245 3467 3312 quod
3499 3261 3562 3300 ca
3595 3247 3664 3301 de

2085 3341 2246 3380 causa
2277 3341 2455 3395 neque
2486 3329 2719 3382 multare
2756 3343 3088 3399 quemquam
3112 3371 3127 3394 ,
3191 3347 3369 3402 neque
3397 3339 3666 3392 convictis

2086 3419 2303 3470 veniam
2341 3417 2473 3472 dare
2512 3419 2750 3474 volebat.
2785 3420 3160 3490 Principatum
3183 3463 3198 3487 ,
3232 3425 3337 3478 etsi
3380 3425 3667 3495 depositu-

2087 3523 2208 3560 rum
2242 3523 2352 3576 prae
2378 3523 2436 3562 se
2468 3509 2680 3564 ferebat
2705 3527 2718 3563 :
2747 3518 2930 3565 tamen
2962 3512 3138 3566 altero
3163 3513 3433 3570 decennio
3454 3519 3664 3589 elapso,

2089 3599 2293 3653 invitus
2323 3599 2564 3663 scilicet,
2601 3601 2782 3654 denuo
2827 3602 3102 3672 suscepit,
3139 3613 3198 3658 ut
3247 3605 3416 3663 Gallis
3461 3610 3664 3667 bellum

2088 3691 2338 3748 inferret.
2369 3693 2640 3748 Caeterum
2671 3696 2788 3764 ipse
2827 3697 2972 3751 domi
3016 3701 3260 3768 mansit,
3292 3713 3348 3758 et
3381 3703 3662 3762 Tiberium

2088 3795 2281 3840 contra
2325 3785 2446 3840 illos
2483 3785 2634 3840 misit
2665 3804 2678 3840 :
2709 3803 3025 3854 reversum,
3062 3790 3451 3861 imperatorem
3481 3798 3666 3853 declav

2089 3877 2253 3939 ravit,
2305 3886 2360 3931 et
2410 3879 2694 3933 consulem
2770 3881 2937 3947 fecit,
2991 3891 3048 3936 et
3097 3885 3374 3954 triumpho
3429 3883 3688 3948 ornavit.-

2091 3967 2332 4023 Mensem
2371 3969 2630 4024 Sextilem
2657 3969 2725 4024 de
2754 3987 2856 4024 suo
2891 3974 3113 4028 nomine
3143 3975 3449 4044 Augustum
3483 3983 3667 4049 appel-

2091 4059 2225 4113 lavit
2255 4076 2269 4113 :
2312 4059 2631 4114 Maecenatis
2659 4061 2872 4115 obitum
2907 4077 3048 4129 aegre
3083 4065 3232 4132 tulit,
3265 4067 3358 4135 qui
3387 4083 3511 4123 cum
3544 4072 3668 4127 aliis

2091 4151 2148 4204 in
2180 4151 2346 4205 rebus
2369 4150 2418 4204 ei
2459 4150 2562 4205 [uit
2598 4152 2770 4216 utilis,
2810 4161 2924 4207 tum
2958 4153 3036 4207 ira
3070 4155 3519 4214 eﬂ'ervescenlem
3557 4163 3668 4230 pla-

2091 4257 2220 4297 care
2247 4241 2462 4307 solitus,
2494 4251 2549 4297 et
2584 4242 2651 4296 ad
2686 4243 3122 4299 moderationem
3155 4247 3463 4302 traducere.
3500 4250 3671 4321 Cujus

2095 4338 2230 4394 illud
2266 4348 2652 4409 argumentum
2684 4347 2790 4395 est.
2837 4339 2975 4395 Cum
3027 4341 3328 4411 aliquando
3363 4360 3463 4413 pro
3497 4347 3674 4401 tribu-

411 4435 522 4489 Τοῦ
561 4436 620 4489 δὲ
641 4435 931 4503 Μαικήνου
960 4431 1412 4500 τελευτήσαντος,
1443 4427 1854 4499 ἧλγησεᾘολλὰ
1889 4428 1984 4496 μὲν

2095 4430 2204 4484 nali
2251 4429 2454 4484 multos
2500 4429 2700 4499 capitis
2751 4431 3190 4498 condemnasset,
3249 4432 3542 4498 Maecenas,
3573 4453 3671 4506 per

411 4527 522 4598 γὰρ
546 4525 642 4576 καὶ
670 4522 804 4577 ἄλλα
837 4521 929 4574 ὑπ’
951 4517 1117 4574 αὐτοῦ
1138 4518 1338 4587 ὤνητο,
1361 4516 1593 4586 μάλιστα
1607 4515 1663 4568 δὲ
1684 4513 1782 4582 τῆς
1793 4513 1986 4583 ὀργῆς,

409 4618 504 4670 ὅτε
551 4615 956 4686 ἀκρατέστερον
1012 4611 1148 4679 αὐτῇ
1209 4609 1495 4678 ἐκέχρητο,
1549 4603 1854 4676 παρελύετο
1897 4603 1991 4656 καὶ

417 4711 718 4780 μετήνεκτο
741 4706 878 4778 πρὸς
897 4705 958 4756 τὸ
986 4701 1315 4772 ἠπιώτερον.
1352 4699 1665 4768 Τεκμήριον
1721 4695 1800 4761 δὲ,
1835 4694 1989 4747 δικά-

413 4800 599 4865 ζοντος
625 4815 754 4852 ποτε
781 4800 876 4849 καὶ
906 4795 1108 4857 πολλὰς
1135 4791 1557 4860 ἀποφηναμένου
1578 4788 1794 4856 ψήφους
1823 4787 1990 4839 θανα-

415 4893 596 4956 τικὰς,
631 4890 956 4959 ἐπεχείρησε
991 4887 1090 4955 μὲν
1126 4889 1154 4938 ὁ
1188 4885 1477 4952 Μαικήνας
1510 4880 1807 4935 διώσασθαι
1863 4879 1990 4942 τοὺς

416 4983 789 5055 περιεστῶτας
820 4983 912 5036 καὶ
935 4983 1098 5049 ἐγγὺς
1134 4978 1284 5050 αύτῷ
1328 4975 1646 5046 προσελθεῖν
1671 4991 1686 5005 ο
1727 4972 1802 5043 μὴ
1833 4973 1994 5041 δυνη-

417 5079 529 5140 θεὶς
563 5077 619 5129 δὲ
647 5075 886 5144 ἔγραψεν
915 5073 974 5126 ὲν
1011 5072 1188 5142 χάρτῃ
1215 5068 1417 5138 μικρῷ·
1457 5064 1744 5127 Ἀνάστα,
1783 5061 1958 5130 δήμιε
1978 5076 1991 5090 ·

417 5171 512 5221 καὶ
539 5168 670 5220 αὐτὸ
697 5170 775 5228 εἰς
809 5167 901 5220 τον
948 5166 1150 5219 κόλπον
1179 5160 1344 5216 αὐτοῦ
1377 5160 1624 5231 ἔρριψεν,
1669 5155 1697 5207 ὃ
1751 5155 1993 5208 ἐπελθὼν

418 5264 648 5324 ἐκεῖνος,
669 5258 831 5320 εὐθὺς
858 5258 1082 5326 ἀνέστη,
1125 5254 1220 5307 καὶ
1253 5254 1354 5313 τὰς
1375 5253 1592 5321 ψήφους
1618 5249 1906 5317 ἠκύρωσεν
1927 5243 1995 5307 ἃς

418 5351 719 5423 τηνικαῦτα
750 5348 818 5422 ἦν
837 5347 1241 5417 ψηφισάμενος.
1272 5345 1345 5397 Οᾶ
1381 5344 1490 5412 γὰρ
1514 5339 1816 5409 ἠγανάκτει
1850 5338 1996 5408 διορ⁶

2099 4519 2314 4573 turbam
2348 4518 2535 4588 populi
2571 4519 2638 4574 ad
2675 4535 2801 4575 eum
2851 4529 3143 4590 penetrare
3184 4520 3389 4578 [rustra
3419 4537 3672 4592 conatus,

2097 4610 2361 4665 chartula:
2409 4610 2712 4680 inscripsit,
2756 4610 2963 4682 Surge,
3012 4614 3288 4683 carnifex,
3342 4630 3576 4686 eamque
3618 4601 3704 4672 int

2098 4701 2366 4771 gremium
2399 4701 2520 4771 ejus
2554 4702 2793 4772 conjecit
2821 4719 2835 4755 :
2862 4718 2970 4772 qua
3004 4702 3165 4769 lecta,
3200 4707 3441 4760 surrexit
3467 4705 3674 4772 Caesar,

2097 4801 2153 4846 et
2201 4791 2504 4845 sententias
2553 4792 2861 4861 abrogavit,
2905 4808 3043 4861 quas
3097 4803 3210 4848 tum
3268 4797 3676 4864 pronuntiarat.

2099 4884 2234 4938 Nam
2268 4899 2327 4938 se
2356 4885 2422 4938 ab
2449 4883 2643 4939 amicis
2668 4884 2945 4954 castigari,
2972 4885 3112 4939 adeo
3140 4901 3247 4940 non
3275 4904 3418 4957 aegre
3442 4889 3674 4956 ferebat,

2099 4985 2160 5028 ut
2190 4975 2475 5045 gauderet.
2503 4975 2826 5030 Maecenatis
2851 4991 3018 5045 porro
3047 4978 3306 5032 virtutem
3335 4979 3466 5032 illud
3498 4980 3678 5033 decla—

2097 5077 2183 5120 rat
2211 5067 2471 5130 maxime,
2503 5067 2650 5135 quod
2693 5082 2818 5121 cum
2866 5068 3266 5136 cupiditatibus
3307 5072 3533 5138 Augusti
3589 5086 3678 5124 re-

2097 5156 2422 5226 fragaretur,
2455 5155 2819 5209 nihilominus
2859 5156 2909 5209 ei
2945 5155 3148 5210 cltarus
3176 5165 3324 5218 erat,
3359 5166 3413 5208 et
3461 5158 3678 5209 caeteris

2097 5248 2359 5302 onmibus
2405 5249 2656 5316 placebat
2693 5264 2708 5300 :
2764 5256 2819 5301 et
2865 5247 3118 5316 quamvis
3167 5258 3314 5301 tanta
3366 5249 3487 5317 ejus
3529 5259 3678 5302 esset

2099 5340 2421 5403 auctoritas,
2457 5346 2516 5393 ut
2545 5339 2735 5392 multis
2763 5337 3005 5391 honores
3038 5347 3094 5391 et
3121 5339 3468 5406 magistratus
3510 5337 3677 5408 largi-

1599 5455 1798 5516 Variae
1862 5453 2170 5516 lectiones
2205 5461 2265 5515 et
2313 5461 2505 5515 notas.

491 5597 600 5667 (87)
652 5590 1035 5667 ’Atfotrrt'brgu.
1082 5589 1200 5643 Huc
1246 5587 1439 5642 referri
1490 5597 1668 5655 potest
1711 5584 1804 5652 qui
1830 5581 1990 5667 ‘apud

422 5654 641 5719 nostros
689 5654 871 5717 adhuc
921 5662 1133 5714 obtinet
1184 5674 1338 5720 mos,
1395 5654 1504 5726 quo
1542 5673 1736 5727 regum
1778 5654 1994 5714 edicta,

2103 5582 2415 5658 rejerantur
2451 5600 2463 5634 :
2506 5579 2652 5649 quod
2696 5579 2742 5634 si
2773 5577 3056 5658 quidpiam
3096 5576 3155 5658 in
3205 5578 3271 5658 iis
3298 5586 3556 5658 occurrat
3584 5580 3676 5634 cui

2098 5648 2425 5705 sententiam
2459 5648 2614 5704 suam
2642 5666 2750 5703 non
2789 5648 3188 5711 accom'modet,
3223 5651 3290 5702 de
3326 5665 3392 5704 eo
3420 5649 3678 5719 princeps

421 5737 740 5803 priusquam
773 5733 879 5785 vim
924 5732 1201 5803 habeant,_
1223 5730 1291 5782 ad
1328 5721 1579 5803 senatum
1608 5721 2002 5803 'parlamenta-
2102 5721 2432 5775 admonetur
2465 5736 2530 5774 ac
2562 5729 2804 5791 rogatur.

421 5796 569 5859 i'iutn
595 5796 751 5858 'mitti
789 5803 969 5857 solent
998 5810 1057 5856 ut
1087 5799 1412 5868 probentur,
1450 5813 1514 5852 ac
1544 5796 1746 5851 deinde
1787 5797 1842 5847 in
1882 5800 2003 5845 acta
