4048 6398
466 341 565 406 9H

1729 339 2056 401 JOANNIS
2093 339 2425 400 ZONARIE

3625 345 3720 408 912

466 467 639 516 retur,
707 453 822 522 ipse
876 452 929 506 in
981 451 1176 507 ordine
1225 453 1469 522 equestri
1539 467 1758 506 omnem
1834 462 2032 508 zelaten

2157 453 2423 521 θούμενος
2446 451 2553 505 ὑπὸ
2570 450 2679 507 τῶν
2704 451 2898 522 φίλων,
2921 451 3063 506 ἀλλὰ
3112 450 3326 523 ἔχαιρε.
3363 451 3628 522 Μέγιστον
3669 457 3720 510 δέ

461 563 619 618 a-quo
651 547 834 601 animo
883 545 1086 616 exegit.
1122 546 1401 615 Augustus
1437 561 1564 600 cum
1601 545 1791 601 Caiqu
1823 557 1880 602 et
1932 546 2046 600 Lu-

463 638 609 692 cium
668 647 930 705 nepotes,
998 637 1332 706 eosdemque
1387 636 1528 692 ﬁlios
1570 635 1881 706 adoptivos,
1935 651 2044 690 non

463 746 598 784 suos
627 729 830 783 imitari
868 743 1050 782 mores
1087 727 1298 782 videret
1354 727 1477 798 (nec
1510 730 1655 782 enim
1705 727 2046 782 luxuriosius

461 821 726 876 duntaxat
747 863 762 886 ,
794 821 886 875 sed
938 821 1174 875 ferocius
1197 822 1362 876 etiam
1399 837 1458 875 se
1491 820 1803 892 gerebant),
1836 835 2044 891 eosque

411 950 417 956 -
462 924 524 968 ut
567 913 830 982 privatos,
880 913 1243 967 modestiores
1299 911 1532 966 reddere
1590 913 1873 966 statuisset
1904 929 1917 965 :
1947 911 2045 966 tri-

461 1008 731 1062 bunitiam
801 1016 1124 1077 potestatem
1178 1007 1233 1060 in
1307 1005 1749 1074 quinquennium
1818 1004 2042 1058 Tiberio

462 1100 732 1165 decrevit,
763 1111 821 1154 et
849 1099 1164 1154 Armeniam
1192 1097 1354 1168 539
1380 1107 1502 1166 post
1536 1097 1790 1167 Tigranis
1825 1096 2039 1152 obitum

461 1194 756 1248 alienatam
810 1192 1086 1246 attribuit.
1141 1192 1340 1245 Verum
1379 1206 1442 1245 ea
1492 1205 1552 1244 re
1593 1190 1732 1243 nihil
1785 1189 2037 1258 profecit.

458 1287 596 1342 Nam
625 1295 681 1341 et
707 1284 864 1356 pueri
892 1299 1017 1339 cum
1057 1299 1118 1339 se
1161 1282 1361 1353 negligi
1409 1291 1690 1352 putarent,
1723 1281 1772 1336 ei
1806 1295 2040 1336 succen-

409 1389 424 1396 ·
457 1378 654 1434 sebaut
685 1395 699 1432 :
733 1388 790 1432 et
823 1376 1079 1432 Tiberius
1128 1375 1346 1430 illorum
1387 1375 1522 1428 iram
1553 1373 1762 1428 veritus
1783 1416 1796 1437 .
1845 1375 1898 1428 in
1934 1373 2040 1428 Ar-

457 1472 696 1526 meniam
758 1483 869 1523 non
921 1468 1079 1533 abiit,
1132 1467 1225 1522 sed
1291 1467 1548 1522 Rhodum
1603 1475 1688 1520 est
1740 1465 2035 1534 profectus.

457 1565 736 1633 Augustus
769 1575 901 1615 vero
937 1575 1082 1613 anno
1112 1559 1363 1628 sequenti
1395 1559 1786 1612 duodecimum
1821 1556 2036 1618 consul,

455 1655 652 1710 Caium
687 1661 812 1724 toga
839 1652 986 1707 virili
1017 1651 1144 1706 data
1189 1652 1243 1706 in
1272 1651 1482 1706 curiam
1513 1650 1835 1713 adductum,
1881 1648 2037 1718 prin-

457 1745 633 1813 ripem
677 1743 986 1808 iuventutis
1014 1739 1358 1810 designavit,
1392 1749 1450 1794 et
1496 1739 1817 1809 praefectum
1861 1738 2038 1792 tribus

2153 547 2252 616 τῆς
2285 544 2486 616 ἀρετῆς
2508 543 2602 597 τοῦ
2633 543 2922 613 Μαικήνου
2959 545 3182 614 δεῖγμα,
3211 545 3396 617 ὅτιτῷ
3425 562 3486 600 τε
3533 547 3722 616 Αὐγού-

2155 654 2266 706 στῳ
2297 638 2434 706 πρὶς
2469 635 2567 700 τὰς
2597 636 2778 706 ὁρμάς
2822 636 2989 690 αὑτοῦ
3036 638 3440 708 ἀνθιστάμενος
3471 639 3720 710 ᾠκείωτο,

2153 731 2391 794 καὶτοῖς
2424 728 2608 794 ἄλλοις
2661 730 2868 784 ἅπασιν
2923 731 3154 801 ἤρεσκε,
3216 735 3316 788 καὶ
3355 733 3441 786 ὅτι
3496 733 3722 787 πλεῖστον

2151 820 2284 889 παρ’
2316 818 2465 888 αὐτῷ
2496 819 2770 891 δυνηθεὶς,
2792 823 2868 883 ὠς
2895 821 3170 891 καὶτιμὰς
3202 823 3424 886 πολλοῖς
3449 825 3542 876 καὶ
3566 824 3722 895 ἀρχὰς

2148 909 2358 974 δοῦναι,
2387 913 2552 974 αὐτὸς
2583 914 2642 966 ἐν
2670 911 2747 982 τῷ
2773 912 2881 964 τῶν
2933 915 3150 968 ἱππέων
3179 914 3322 968 τέλει
3367 915 3604 970 κατεϐἕω
3639 918 3724 971 καὶ

2148 1004 2244 1074 οὐχ
2294 1005 2762 1076 ὑπερεφρόνησεν.
2820 1007 2996 1078 Ὁρῶν
3029 1007 3086 1061 δὲ
3116 1010 3144 1061 ὁ
3184 1007 3496 1076 Αὔγουστος
3534 1009 3622 1062 τόν
3669 1026 3723 1062 τε

2149 1093 2318 1148 Γάϊον
2350 1097 2444 1148 καὶ
2467 1095 2557 1150 τὸν
2584 1097 2816 1152 Λούκιον
2839 1098 2962 1160 τοὺς
3003 1099 3264 1166 ἐγγόνους
3287 1099 3476 1164 αὐτοῦ,
3517 1098 3606 1162 οὓς
3637 1099 3722 1152 καὶ

2149 1187 2523 1257 υἱοθετήσατο,
2553 1188 2628 1259 μὴ
2653 1191 2720 1244 τὰ
2775 1190 2882 1262 ἢθη
2933 1191 3234 1262 ζηλοῦντας
3284 1191 3455 1245 αὑτοῦ
3507 1191 3585 1262 (οὐ
3622 1193 3718 1262 γὰρ

2145 1279 2340 1348 ἁϐρότε
2352 1296 2444 1347 ρον
2470 1281 2657 1350 διῆγον
2685 1282 2870 1350 μόνον,
2904 1281 3042 1335 άλλά
3067 1283 3159 1336 καὶ
3197 1281 3603 1352 ἐθρασύνοντο),
3636 1283 3722 1334 καὶ

2147 1367 2428 1441 βουληθεὶς
2451 1371 2650 1434 αὐτοὺς
2669 1376 3142 1444 σωφρονεστέρους
3164 1374 3378 1434 θέσθαι.
3398 1373 3476 1437 ὡς
3500 1373 3717 1438 ἰδιώτας,

2144 1460 2222 1528 τῷ
2248 1460 2483 1532 Τιδερίῳ
2505 1463 2583 1525 εἷς
2617 1462 2778 1516 πέντε
2806 1463 2899 1533 ἐτη
2952 1463 3054 1534 τὴν
3102 1464 3458 1536 δημαρχικὴν
3491 1462 3720 1527 ἐξουσίαν

2143 1549 2429 1619 ἀπένειμε,
2463 1551 2557 1604 καὶ
2599 1553 2698 1622 τὴν
2738 1551 3032 1623 ’Δρμενίαν
3087 1552 3551 1626 ἀλλοτρεουμένην
3593 1550 3720 1620 μετὰ

2143 1642 2238 1710 τὸν
2259 1642 2355 1696 τοῦ
2386 1643 2658 1712 Τιγράνου
2702 1644 2934 1700 θάνατον
2964 1646 3246 1716 προσεκλὴ
3259 1663 3454 1716 ρωσεν.
3485 1644 3644 1701 Οὐδὲν
3676 1642 3718 1696 δ’

2145 1732 2209 1785 ἐκ
2228 1733 2422 1785 τούτου
2445 1733 2724 1788 ἀπώνατο.
2764 1737 2828 1788 Ui
2864 1736 2964 1806 μὲν
2997 1736 3105 1808 γὰρ
3144 1739 3342 1798 παῖδες
3383 1733 3715 1806 παρορᾶσθαι

455 1848 578 1886 esse
609 1833 794 1901 jussit,
824 1846 1084 1899 annoque
1122 1839 1244 1898 post
1282 1828 1454 1884 Lucio
1483 1831 1606 1898 ejus
1629 1828 1785 1883 fratri
1815 1828 2035 1883 eosdem

2147 1823 2399 1889 δόξαντες
2434 1825 2686 1895 ἤχθοντο.
2732 1828 2790 1880 '0
2817 1829 2871 1882 δέ
2909 1830 3163 1899 Τιϐέριος
3197 1829 3299 1900 τὴν
3341 1830 3514 1899 ὀργὴν
3552 1826 3716 1880 αὐτῶν

457 1925 698 1978 honores
728 1923 901 1978 dedit.
941 1921 1149 1990 Populo
1178 1930 1534 1990 congregato,
1560 1928 1618 1974 et
1644 1920 1892 1990 quaedam
1917 1936 2040 1974 cor-

459 2015 556 2082 rigi
595 2013 928 2082 postulante,
961 2027 1026 2065 ea
1059 2011 1126 2064 de
1161 2027 1322 2065 causa
1367 2011 1605 2064 tribunis
1635 2011 1700 2064 ad
1731 2011 2036 2081 Augustum

458 2099 663 2160 missis,
697 2099 812 2167 ipse
843 2099 1024 2162 venit,
1057 2107 1111 2152 et
1146 2113 1268 2166 quae
1313 2097 1592 2168 petebant,
1630 2115 1736 2152 una
1787 2116 1912 2155 eum
1957 2101 2040 2156 eis

457 2189 828 2243 consideravit
869 2208 882 2244 :
914 2205 1022 2259 qua
1043 2206 1107 2244 re
1141 2204 1334 2245 omnes
1367 2200 1498 2244 sunt
1522 2190 1802 2247 delectati.
1834 2192 2034 2248 Juliam

459 2284 651 2348 filiam,
682 2282 963 2336 lasciviam
996 2284 1118 2350 ejus
1140 2281 1425 2353 aagerrime
1460 2282 1644 2338 ferens
1668 2323 1683 2348 ,
1715 2283 1770 2338 in
1807 2284 2040 2340 insulam

459 2377 725 2445 relegavit
762 2394 775 2430 :
819 2391 943 2430 cum
997 2390 1172 2444 eaque
1217 2384 1394 2431 mater
1453 2375 1742 2432 Scribonia
1786 2377 1930 2432 ultro
1985 2378 2038 2432 in

455 2466 709 2520 exsilium
741 2465 896 2519 abiit.
948 2465 1024 2518 Ex
1060 2463 1400 2520 amatoribus
1443 2467 1564 2536 ejus
1608 2465 1815 2521 Julium
1865 2467 2041 2523 Anto-

455 2557 632 2620 nium,
665 2565 718 2610 et
767 2555 906 2610 alios
947 2555 1124 2610 claros
1160 2557 1306 2612 viros
1343 2566 1404 2611 ut
1444 2573 1672 2629 regnum
1715 2557 2042 2616 aﬂ‘eetantes

457 2647 756 2712 interfecit,
789 2655 1016 2702 caeteros
1055 2647 1112 2701 in
1149 2647 1360 2703 insulas
1394 2649 1680 2720 relegavit.

2142 1917 2410 1988 ἐφοϐήθη,
2437 1917 2517 1972 διὸ
2541 1917 2655 1973 οὔτ’
2680 1921 2760 1982 εἰς
2791 1920 3092 1991 Ἀρμενίαν
3119 1922 3478 1995 ἀπεληλύθει,
3505 1921 3616 1976 ἀλλ’
3643 1921 3714 1981 εἰς

2155 2008 2337 2061 Ῥόδον
2358 2009 2606 2078 ἀφίκετο.
2663 2009 2758 2082 Τῷ
2791 2013 2836 2066 δ’
2864 2013 3062 2082 ἐφεξῆς
3084 2013 3201 2068 ἐτει
3247 2014 3548 2068 δωδέκατον
3583 2012 3712 2064 ὑπα-

2139 2099 2319 2152 τεύων
2372 2103 2401 2154 ὁ
2461 2100 2796 2170 Αὔγουστος,
2861 2107 2943 2168 είς
2995 2107 3122 2170 τοὺς
3173 2106 3416 2176 ἐφήϐους
3451 2105 3534 2158 τὸν
3566 2103 3711 2156 Γάϊον

2141 2192 2324 2260 ἔταξε,
2354 2195 2447 2248 καὶ
2475 2197 2531 2258 ἐς
2556 2197 2616 2249 τὸ
2645 2195 3031 2268 βουλευτήριον
3061 2199 3178 2268 ἅμα
3198 2201 3466 2269 είσήγαγε
3498 2197 3586 2250 καὶ
3603 2193 3714 2263 πρό-

2139 2297 2328 2352 κριτον
2361 2283 2611 2354 ἀπέφηνε
2632 2285 2730 2356 τῆς
2755 2287 3031 2356 νεότητος,
3072 2287 3296 2360 ἵλαρχόν
3330 2305 3390 2342 τε
3418 2289 3585 2356 φυλῆς
3612 2283 3709 2350 (88)

2143 2373 2409 2441 γενέσθαι
2433 2375 2728 2448 ἐπέτρεψε,
2755 2379 2852 2431 καὶ
2883 2379 3004 2450 μετ’
3034 2379 3289 2434 ἐνιαυτὸν
3319 2381 3413 2434 καὶ
3441 2380 3471 2432 ὀ
3499 2376 3710 2436 Λούκιος

2137 2464 2238 2527 τὰς
2267 2467 2436 2536 τιμὰς
2458 2467 2582 2521 ὅσαι
2612 2469 2692 2539 τῷ
2720 2469 2868 2540 Γαΐῳ
2898 2471 2978 2541 τῷ
3004 2471 3222 2544 ἀδελφῷ
3274 2471 3441 2526 αὐτοῦ
3476 2468 3706 2528 ἐδίδοντο,

2139 2558 2353 2613 ἐλαϐεν.
2402 2558 2812 2632 Ἀθροισθέντος
2843 2563 2899 2616 δὲ
2925 2563 3020 2616 τοῦ
3049 2563 3247 2638 δήμου,
3283 2569 3380 2618 καὶ
3413 2559 3708 2630 ἐπανορθω-

2139 2650 2302 2721 θῆναι
2324 2668 2479 2715 τινας
2502 2651 2806 2720 ἀξιοῦντος,
2831 2655 2928 2708 καὶ
2955 2655 3084 2718 τοὺς
3115 2655 3434 2728 δημάρχους
3458 2654 3542 2708 διὰ
3565 2649 3708 2706 τοῦτο

457 2745 596 2808 πρὸς
616 2742 707 2794 τὸν
729 2739 1047 2810 Αὔγουστον
1079 2740 1422 2812 πέμψαντος,
1454 2737 1620 2813 ἦλθεν
1669 2743 1904 2808 ἐκεῖνος,
1945 2743 2040 2798 καὶ
2074 2745 2205 2813 περὶ
2265 2740 2344 2802 ὧν
2393 2743 2606 2798 ἐδέοντο
2636 2745 2791 2814 σφίσι
2821 2747 3273 2818 συνδιεσκὲψατο.
3307 2749 3418 2803 Καὶ
3438 2748 3526 2800 ἐπὶ
3548 2743 3706 2808 τούτῳ

453 2835 704 2906 ἥσθησαν
733 2833 993 2896 ἅπαντες.
1041 2833 1238 2905 Τὴνδέ
1293 2833 1572 2905 θυγατέρα
1605 2835 1834 2888 Ἰουλίαν
1884 2837 2320 2905 ἀσελγαίνουσαν
2395 2837 2664 2908 φωράσας
2729 2840 3144 2911 ὑπερωργίσθψ
3189 2842 3290 2894 καὶ
3359 2839 3568 2908 ἐκείνην
3617 2833 3704 2902 μὲν

454 2929 534 2991 εἰς
566 2926 728 2994 νῆσον
747 2926 1041 2995 ἀπήγαγεν
1085 2925 1404 2996 ὑπερόριον,
1542 2925 1638 2979 καὶ
1692 2926 1725 2994 ἡ
1780 2927 1966 3000 μήτηρ
2013 2928 2048 2996 ή
2087 2925 2397 2997 Σκριϐωνία
2467 2926 2671 2981 ἑκοῦσα
2719 2928 3134 2992 συνεξέπλευσε.
3176 2930 3304 2982 Τῶν
3353 2929 3410 2982 δὲ
3447 2923 3707 2998 ᾕρησαμέ·

454 3041 560 3076 νων
593 3021 731 3092 αὐτῇ
763 3021 853 3074 τὸν
879 3019 980 3090 μὲν
1008 3016 1230 3070 Ἰούλιον
1257 3017 1550 3070 Ἀντώνιον
1578 3017 1820 3071 ἔκτεινεν
1842 3017 2036 3082 ἄλλους
2081 3018 2143 3071 τέ
2166 3035 2320 3082 τινας
2339 3017 2647 3088 “ἐπιφανεῖς
2678 3019 2902 3085 ἄνδρας,
2923 3020 3000 3084 ὡς
3033 3021 3133 3090 τῆς
3177 3019 3482 3092 μοναρχίας
3505 3013 3704 3084 ἐφιεμέ-

453 3132 600 3178 νους,
633 3115 758 3176 τοὺς
785 3113 840 3165 δὲ
886 3111 1108 3174 λοιποὺς
1139 3111 1218 3173 είς
1249 3111 1448 3180 νήσους
1477 3110 1629 3174 τινὰς
1675 3110 2016 3183 ὑπερώρισε.

526 3207 767 3265 XXXVI.
805 3205 942 3262 Cum
979 3204 1227 3260 Armenii
1283 3203 1638 3266 defecissent,
1666 3215 1724 3260 et
1755 3221 1786 3260 a
1813 3205 2035 3260 Parthis

2215 3202 2358 3272 ΑΕΓ.
2385 3203 2508 3258 Τῶν
2530 3205 2836 3277 Ἀρμενίων
2861 3205 2922 3259 δέ
2973 3208 3444 3277 νεωτερισάντων,
3471 3203 3561 3258 καὶ
3606 3199 3702 3254 τῶν

452 3307 822 3393 iuvarentur;
865 3311 928 3350 ea
968 3310 1027 3349 re
1056 3294 1270 3358 dolens,
1323 3295 1457 3364 quid
1491 3306 1676 3367 ageret
1707 3297 2035 3369 ambigebat.

2151 3299 2386 3369 Πάρθων
2411 3301 2593 3362 αὐτοῖς
2623 3298 3054 3371 συνεργούντων,
3094 3302 3282 3370 ἀλγῶν
3315 3303 3410 3354 ἐπὶ
3451 3297 3648 3357 τούτοις
3677 3293 3703 3343 ὁ

467 3391 580 3445 Nec
604 3389 754 3442 enim
804 3389 922 3454 ipse
974 3394 1199 3452 pr0pter
1253 3395 1597 3438 senectutem
1623 3385 1824 3440 bellum
1855 3402 2035 3458 gerere

2147 3389 2477 3459 Αὔγουστος,
2496 3394 2693 3462 ἠπόρει
2715 3393 2766 3445 τί
2789 3393 2856 3448 ἂν
2876 3395 3078 3467 πράξῃ.
3107 3394 3243 3448 Οὔτε
3261 3396 3373 3464 γὰρ
3387 3394 3539 3454 αὐτος
3555 3403 3702 3457 στρα-

457 3489 719 3552 poterat:
783 3489 839 3532 et
861 3476 1140 3540 Tiberius,
1177 3485 1237 3528 ut
1282 3475 1490 3530 dictum
1528 3487 1634 3542 est,
1665 3478 1776 3547 jam
1803 3494 2035 3547 secesse-

2145 3485 2335 3537 τεῦσαι
2389 3481 2504 3548 οἷός
2559 3501 2618 3536 τε
2654 3481 2722 3554 ἦν
2781 3484 2872 3538 διὰ
2907 3487 3110 3556 γῆρας,
3145 3487 3174 3540 ὃ
3203 3504 3262 3539 τε
3320 3485 3588 3555 Τιϐέριος.
3634 3475 3701 3538 ὡς

455 3582 561 3637 rat,
605 3585 707 3624 nec
751 3570 919 3622 alium
966 3581 1033 3620 ex
1067 3566 1474 3636 potentioribus
1510 3567 1730 3624 mittere
1777 3570 2035 3626 audebat.

2145 3573 2385 3645 εἴρηται,
2429 3576 2668 3646 μετέστη
2696 3576 3011 3648 eameam
3063 3578 3121 3631 δέ
3178 3595 3306 3632 τινα
3353 3575 3562 3646 πέμψαι
3603 3567 3700 3622 τῶν

453 3664 621 3716 Caius
654 3673 786 3713 vero
819 3666 875 3712 et
907 3656 1114 3712 Lucius
1151 3656 1554 3721 adolescentes,
1606 3668 1664 3714 et
1708 3675 1896 3715 rerum
1932 3661 2035 3716 im-

2141 3662 2388 3719 δυνατῶν
2420 3667 2522 3720 οὐκ
2545 3667 2771 3737 ἐτόλμα.
2816 3669 2876 3722 '0
2908 3669 3073 3734 Γάϊος
3094 3669 3153 3724 δὲ
3187 3673 3286 3724 καὶ
3312 3673 3339 3725 ὁ
3364 3667 3586 3726 Λούκιος
3601 3661 3697 3712 νέοι

455 3755 616 3824 periti
639 3761 823 3807 erant.
856 3751 1054 3806 Verum
1081 3759 1312 3818 urgente
1340 3750 1692 3816 necessitate,
1722 3751 1916 3808 Caium
1941 3753 2035 3809 de-

2141 3758 2236 3813 καὶ
2257 3759 2602 3828 πραγμάτων
2630 3761 2930 3831 ἐτύγχανον
2954 3761 3199 3834 ἄπειροι.
3228 3763 3500 3831 Ἀνάγκης
3526 3757 3568 3810 δ’
3587 3755 3699 3806 ἐπιρ

454 3847 608 3917 legit,
644 3853 914 3915 potestate
965 3841 1347 3913 proconsulari
1381 3853 1438 3898 et
1469 3859 1644 3900 uxore
1672 3843 1824 3911 data,
1879 3856 2036 3903 utea

453 3954 675 4009 quoque
711 3953 772 3992 re
805 3936 1045 4007 dignitas
1091 3936 1214 4006 ejus
1253 3945 1570 4007 augeretur,
1603 3946 1659 3992 et
1703 3938 2036 3994 consiliariis

452 4029 751 4100 adjunctis.
803 4028 854 4082 ls
903 4029 1008 4082 iter
1039 4027 1339 4098 ingressus,
1369 4027 1440 4082 ab
1484 4029 1744 4085 omnibus
1774 4038 1834 4084 ut
1865 4033 2037 4100 impe—

453 4122 654 4176 ratoris
683 4136 876 4190 nepos,
917 4135 982 4174 ac
1012 4117 1402 4194 potiustilius,
1437 4121 1743 4176 honoriﬁce
1769 4131 2036 4193 exceptus

451 4222 556 4266 est.
589 4212 846 4266 Tiberius
888 4211 1056 4265 etiam
1103 4208 1302 4264 Chium
1341 4211 1581 4281 trajecit,
1623 4222 1679 4267 et
1713 4214 2034 4269 adolescen-

455 4314 562 4358 tem
598 4303 790 4366 coluit,
819 4303 1107 4372 purgando
1139 4301 1508 4370 suspiciones,
1540 4313 1597 4358 et
1625 4304 1899 4361 submisse
1929 4307 2033 4361 hu-

451 4395 767 4464 militerque
792 4409 851 4449 se
881 4393 1147 4464 gerendo.
1186 4391 1324 4448 Cum
1359 4395 1414 4448 in
1449 4394 1661 4466 Syriam
1688 4397 1947 4464 venisset,
1975 4407 2032 4453 et

449 4485 587 4541 nihil
647 4483 899 4554 prmclari
958 4485 1261 4554 gessisset,
1319 4485 1519 4540 vulnus
1575 4488 1813 4556 accepit.
1871 4488 2030 4545 Addo

2140 3850 2403 3918 κειμένης
2430 3850 2522 3902 τὸν
2541 3851 2702 3905 Γάϊον
2721 3853 2918 3920 εἵλετο,
2953 3855 3044 3909 καὶ
3071 3856 3172 3926 τήν
3193 3873 3254 3909 τε
3291 3852 3539 3921 ἐξουσίαν
3564 3841 3698 3912 αὑτῷ

2138 3941 2238 4012 τὴν
2267 3942 2583 3996 ἀνθύπατον
2613 3945 2710 3998 καὶ
2737 3947 2975 4014 γυναῖκα.
3005 3946 3232 4012 ἔδωκεν,
3265 3948 3354 4002 ἵνα
3387 3947 3496 4001 κὰκ
3521 3939 3696 3994 τούτου

2135 4049 2191 4086 τι
2231 4035 2519 4108 προσλάϐῃ
2544 4035 2787 4106 ἀξίωμα,
2809 4041 2906 4093 καί
2933 4041 2984 4093 oi
3015 4041 3360 4109 συμϐούλους
3390 4029 3696 4110 προσέταξεο

2144 4125 2255 4178 Καὶ
2285 4126 2314 4178 ὁ
2341 4125 2443 4194 μὲν
2473 4128 2790 4197 ἀφωρμήθη
2821 4130 3061 4198 ἐντίμως
3088 4133 3248 4202 παρὰ
3276 4133 3494 4186 πάντων
3529 4118 3698 4177 ὑποδε-

2135 4215 2390 4286 χόμενος,
2419 4210 2511 4271 οἵα
2555 4217 2652 4271 τοῦ
2677 4219 3082 4293 αὐτοκράτορος
3106 4223 3353 4292 ἔγγονος,
3386 4220 3419 4290 ἢ
3447 4214 3538 4272 καὶ
3579 4209 3696 4268 παῖς

2135 4305 2512 4376 νομιζόμενος.
2544 4308 2654 4363 Kal.
2672 4310 2702 4362 ὁ
2730 4308 2986 4380 Τιδέριος
3002 4311 3048 4364 δ’
3085 4313 3145 4375 ἐς
3167 4311 3304 4367 Χίον
3337 4308 3525 4372 ἐλθὼν,
3549 4297 3696 4356 αὐτὸν

2133 4396 2490 4468 ἐθεράπευσε,
2529 4398 2629 4462 τὰς
2684 4401 2922 4470 ὑποψίας
2984 4403 3419 4474 ἀποτριϐόμενος
3451 4439 3466 4464 ,
3501 4385 3686 4474 ὕποπίῆ

2133 4502 2285 4540 πτων
2327 4505 2388 4540 τε
2421 4487 2510 4542 διὰ
2547 4488 2707 4542 τοῦτο
2755 4491 2855 4544 καὶ
2883 4471 3336 4563 ταπεινούμενος.
3363 4478 3628 4544 ’Δπελθὼν
3644 4471 3695 4524 δὲ

448 4576 620 4638 enim,
647 4574 740 4642 qui
787 4573 1038 4642 Artagira
1072 4571 1312 4638 tenebat,
1342 4587 1468 4626 eum
1525 4573 1591 4627 ad
1624 4573 1824 4628 mmnia
1862 4575 2032 4644 pelle-

2141 4578 2220 4640 είς
2251 4579 2352 4648 τὴν
2379 4579 2582 4650 Συρίαν
2615 4582 2712 4634 καὶ
2749 4583 2916 4652 μηδὲν
2943 4585 3090 4653 μέγα
3124 4579 3508 4656 κατωρθωκὼς
3535 4565 3695 4638 ἐτρώ-

450 4676 621 4724 etum,
651 4674 908 4732 tanquam
938 4661 1124 4716 arcani
1150 4661 1358 4732 aliquid
1375 4662 1646 4728 dicturus,
1681 4664 2025 4720 vulneravit:

448 4771 514 4812 ac
555 4757 600 4810 is
629 4754 850 4824 quidem
881 4752 1019 4806 urbe
1043 4765 1352 4822 expugnata
1382 4763 1578 4821 captus
1601 4764 1708 4810 est.
1735 4753 1902 4811 Caius
1925 4771 2028 4810 au-

452 4859 584 4912 tem,
629 4855 685 4899 et
730 4845 842 4914 jam
895 4843 1101 4912 alioqui
1139 4858 1334 4912 parum
1391 4843 1546 4898 ﬁrma
1599 4845 1936 4912 valetudine,
1971 4854 2029 4902 et

449 4937 804 4993 dissolutiore
859 4934 1106 5002 ingenio,
1161 4949 1228 4990 ex
1290 4934 1520 4990 vulnere
1572 4939 1902 5007 azgrotavit:
1971 4947 2028 4993 et

449 5030 626 5082 multo
657 5025 912 5082 hebetior
941 5024 1143 5091 factus,
1173 5026 1472 5095 postulavit
1525 5037 1585 5082 ut
1613 5028 1886 5098 privatam
1919 5029 2026 5085 sibi

449 5122 616 5176 vitam
655 5120 844 5174 liceret
871 5134 1054 5188 agere.
1087 5117 1144 5172 id
1193 5117 1473 5188 Augustus
1503 5121 1788 5191 aegerrime
1822 5120 2028 5189 ferens,

450 5231 575 5268 cum
629 5214 882 5267 hortatus
936 5219 1021 5264 est
1077 5221 1158 5274 ut,
1215 5214 1270 5264 in
1321 5212 1532 5266 Italiam
1567 5227 1844 5279 reversus,
1883 5215 2032 5282 quod

2139 4667 2230 4738 θη.
2266 4671 2472 4726 Ἀδδων
2528 4673 2638 4744 γάρ
2690 4691 2776 4738 τις
2826 4675 2896 4728 τὰ
2936 4677 3270 4747 Ἀρτάγειρα
3317 4671 3556 4740 κατέχων
3607 4659 3698 4711 ὑπ’

2135 4761 2376 4829 ηγάγετο
2421 4765 2576 4834 παρὰ
2625 4763 2688 4818 τὺ
2733 4767 2911 4838 τεῖχος
2937 4767 3030 4820 τὸν
3073 4767 3256 4832 Γάϊον,
3283 4767 3356 4826 ὦς
3388 4779 3443 4816 τι
3490 4749 3695 4826 φράσων

2137 4853 2594 4924 ἀπόρρητον,’καὶ
2616 4855 2781 4909 αὑτὸν
2809 4856 3069 4928 ἔτρωσεν.
3109 4859 3168 4911 '0
3203 4858 3304 4928 μὲν
3336 4853 3449 4915 οὖν,
3484 4843 3691 4904 πολιορ-

2139 4947 2350 5014 κηθεὶς,
2381 4947 2520 5016 ἥλω.
2563 4947 2624 5002 ’0
2651 4949 2709 5002 δὲ
2740 4949 2905 5014 Γάϊος
2934 4950 3196 5020 ἐνόσησεν
3223 4953 3289 5004 ἐκ
3340 4944 3436 5001 τοῦ
3464 4933 3693 5032 τρα-ύμξιῇ

2137 5054 2254 5101 τος,
2285 5038 2379 5090 καὶ
2402 5038 2578 5101 ἄλλως
2616 5040 2804 5108 μέντοι
2832 5040 2910 5112 μὴ
2936 5041 3014 5094 ὣν
3051 5042 3312 5106 ὑγιεινός.
3357 5035 3446 5090 Διὸ
3493 5026 3580 5082 καὶ
3603 5026 3693 5112 ’ξῆν

2138 5128 2383 5182 διάνοιαν
2411 5129 2721 5196 ἐξελέλυτο,
2743 5109 2845 5186 και
2877 5109 3058 5203 πολλῷ
3085 5134 3285 5204 μᾶλλον
3314 5109 3685 5204 umectata.

2141 5218 2239 5270 καὶ
2274 5218 2571 5274 ἰδιωτεύειν
2593 5219 2772 5290 ἡξίοψ
2803 5221 2947 5275 ὥστε
2996 5199 3096 5277 τον.
3121 5221 3450 5294 Αὔγουστον,
3480 5199 3690 5274 περιαλ’

1639 5365 1837 5427 νοτία)
1871 5366 2176 5431 lectiones
2205 5377 2265 5432 et
2290 5380 2482 5433 nota).
2509 5444 2515 5453 ι

519 5495 632 5566 (88)
677 5496 964 5566 ’ξΙλαρχίν
991 5511 1055 5548 τε
1083 5495 1309 5564 φυλῆς.
1345 5495 1663 5566 Pra’fectum
1701 5498 1866 5552 tribus
1898 5516 2023 5552 ver-

449 5561 776 5621 tit‘W'ollius
813 5581 825 5614 :
857 5561 1098 5634 Sevirum
1142 5561 1329 5619 turmis
1377 5561 1613 5634 equitum
1661 5578 1877 5624 vertere
1923 5571 2024 5631 ὼ-

451 5633 948 5706 ιιιιὶεεο-οοιιιεηιίίι
984 5634 1234 5706 Valesius
1278 5635 1357 5706 ad
1391 5633 1661 5706 Exterpta
1699 5639 1890 5694 Dionis
1913 5679 1926 5696 .
1958 5655 2024 5692 ex

448 5703 758 5772 Lapitolino
787 5702 842 5754 in
866 5704 1072 5772 rlllarco
1105 5721 1118 5757 :
1159 5704 1438 5758 Conantem
1471 5702 1657 5761 Serum
1702 5708 1824 5762 Pius
1874 5707 2028 5762 Mar-

453 5771 573 5825 cum
604 5771 930 5836 designavit,
967 5781 1015 5825 ει
1051 5771 1278 5829 Cwsaris
1303 5775 1660 5843 apvcflutione
1699 5779 1946 5846 donarit,
1980 5788 2028 5834 et

2129 5501 2369 5556 Sevirum
2402 5504 2587 5558 turmis
2628 5507 2866 5574 equitum
2915 5505 3066 5562 Rom.
3111 5508 3229 5570 iam
3267 5501 3528 5563 consulem

2131 5581 2356 5642 gnatum
2391 5557 2609 5646 creavit.
2636 5557 3066 5646 il'Jilliriuq—uit,‘
3269 5557 3490 5646 ’ἧὸιῃθη

2131 5631 2354 5697 indetur
2405 5643 2574 5698 fuisse
2601 5684 2616 5704 .
2663 5631 2855 5700 eui'et
2899 5631 3154 5702 ludorum
3193 5631 3516 5704 VS—eviralium
3567 5631 3686 5681 cum

2133 5713 2506 5783 eompetcbat,
2549 5724 2688 5770 teste
2719 5716 2914 5773 eodem
2937 5718 3271 5788 Capitolino.
