4048 6428
433 454 537 518 913

1679 442 2083 504 ANNAIJUM
2128 443 2271 501 LIB.
2305 445 2375 501 X.

3592 448 3699 515 ιιι

431 568 703 635 γήςαντα,
735 559 1151 631 προτρέψασθαι
1200 557 1370 626 αυτῷ,
1421 559 1477 620 ἐς
1508 555 1608 626 τὴν
1646 552 1878 608 Ἰταλίαν
1923 549 1992 602 ὲλι

2098 554 2285 608 vellet
2333 567 2539 625 ageret.
2597 558 2688 612 lllc
2720 571 2852 612 vero
2886 573 3022 614 nave
3064 560 3313 615 oneraria
3372 560 3426 615 in
3473 559 3693 632 Lyciam

430 659 616 721 θόντα,
660 654 925 724 πράττειν
959 651 988 703 ὃ
1033 649 1303 716 βούλοιτο.
1363 649 1423 701 '0
1483 648 1541 700 δὲ
1589 648 1646 708 ἐς
1682 644 1894 699 Λυκίαν
1951 644 2009 694 ἐν

427 749 615 803 ὁλκάδι
658 746 1059 817 παρέπλευσεν,
1106 742 1238 796 ἔνθα.
1284 743 1349 812 δὴ
1397 742 1493 794 καὶ
1549 740 1905 810 μετήλλαξεν.
1948 737 2007 788 '0

426 842 485 893 δὲ
524 840 755 902 Λούκιος
786 841 813 891 6
854 837 1085 905 ἁδελφὸς
1136 835 1300 889 αὑτοῦ
1333 833 1679 904 προαπέσϐη,
1744 830 2007 899 ἐξαίφνης

431 934 574 1002 νόσῳ
604 931 917 985 ἀποθανών.
951 929 1039 981 "II'
1073 946 1132 980 τε
1164 922 1259 980 οὖν
1321 925 1483 979 Λιϐία
1520 925 1613 977 ἐπὶ
1653 923 1731 993 τῷ
1788 923 2006 991 θανάτῳ

424 1024 636 1076 τούτων
682 1019 1042 1089 ὑπωπτεύθη,
1075 1021 1171 1071 καὶ
1208 1021 1237 1071 6
1267 1016 1522 1087 Τιϐέριος
1549 1017 1609 1069 οὑ
1661 1014 1843 1086 πολλῷ
1871 1015 2005 1083 πρὸ·

428 1134 591 1188 τερον
616 1119 682 1170 ἐκ
724 1115 836 1184 τῆς
878 1114 1065 1167 Ῥόδου
1107 1113 1242 1180 πρὸς
1306 1111 1404 1180 τὴν
1452 1108 1674 1178 Ῥώμην
1708 1109 2006 1175 ὑπονοστή-

436 1229 557 1272 σας.
600 1209 773 1269 Λύτός
818 1226 876 1261 τε
905 1207 1016 1277 γὰρ
1048 1207 1145 1275 τῆς
1174 1203 1262 1257 διὰ
1295 1203 1405 1257 τῶν
1450 1202 1671 1274 ἄστρων
1731 1200 2003 1270 μαντικῆς

421 1298 818 1375 ἐμπειρότατος
856 1296 947 1372 ἦν,
991 1300 1087 1353 καὶ
1149 1297 1430 1369 Θράσυλον
1494 1292 1644 1366 εἶχεν
1690 1294 1862 1365 ἄνδρα
1902 1295 2003 1362 τὴν

421 1395 792 1467 ἀστρολογίαν
823 1394 1146 1464 ἀκρότατον’
1204 1390 1328 1444 ὅθεν
1358 1392 1452 1444 καὶ
1492 1390 1563 1443 τὰ
1595 1387 1778 1458 ἐαυτῷ
1809 1387 1899 1441 καὶ
1931 1386 2001 1440 τὰ

420 1487 655 1548 ἐκείνοις
697 1484 960 1555 μέλλοντα
1028 1482 1352 1554 συμϐαίνειν
1409 1481 1699 1549 ἠπίστατο.
1766 1478 2002 1545 Λέγεται

418 1578 551 1646 γοῦν
583 1579 687 1644 ὅτι,
721 1575 1006 1648 βουληθείς
1052 1593 1184 1628 ποτε
1238 1575 1268 1626 6
1314 1573 1570 1642 Τιϐέριος
1626 1573 1682 1624 ἐν
1715 1573 1782 1640 τῇ
1821 1570 1992 1639 Ῥόδῳ

417 1671 511 1724 τὸν
565 1668 852 1739 Θράσυλον
910 1667 1022 1721 ἀπὸ
1078 1665 1172 1720 τοῦ
1220 1666 1436 1735 τείχους
1488 1661 1675 1726 ὤσειν,
1707 1661 1783 1723 ὡς
1837 1659 1999 1731 μόνον

418 1762 703 1816 συνειδότα
743 1762 957 1830 ὅσαπερ
992 1761 1219 1824 ἐνενόει,
1256 1755 1740 1828 σκυθρωπάσαντόι
1770 1771 1830 1806 τε
1875 1749 2000 1806 ἰδὼν

416 1854 602 1917 αὑτὸν,
634 1854 797 1924 ἤρετο
824 1853 903 1905 διό
929 1869 983 1905 τι
1012 1851 1279 1918 συνένηφε
1313 1867 1329 1917 ;
1364 1848 1471 1902 Τοῦ
1505 1848 1562 1901 δὲ
1603 1846 1852 1900 κίνδυνόν
1878 1861 2000 1898 τινα

2116 644 2381 701 advectus
2410 649 2572 712 obiit,
2614 647 2786 704 Lucio
2836 653 3007 708 fratre
3059 651 3221 724 5&0
3252 653 3374 722 ejus
3401 652 3696 721 repentino

2117 738 2313 793 morbo
2335 741 2490 808 prius
2511 745 2805 800 exstincto.
2841 746 2997 803 Unde
3031 745 3185 799 Livia
3210 754 3267 799 et
3291 744 3549 798 Tiberius
3582 759 3692 797 non

2114 832 2289 886 multo
2323 843 2450 888 ante
2479 837 2673 892 Rhodo
2705 853 2957 894 reversus
3007 839 3326 907 suspicione
3356 851 3466 890 non
3498 851 3694 890 carue-

2114 931 2266 980 runt.
2318 924 2454 979 Nam
2503 942 2628 981 cum
2679 939 2734 983 et
2767 930 2883 998 ipse
2923 929 3284 984 divinationis
3321 943 3386 982 ex
3416 927 3696 982 sideribus

2112 1017 2485 1084 peritissimus
2506 1031 2676 1085 esset,
2719 1030 2778 1079 et
2802 1024 3150 1096 Thrasyllum
3194 1025 3374 1078 virum
3430 1023 3485 1077 in
3516 1033 3693 1077 astro-

2110 1107 2254 1179 logia
2284 1124 2559 1167 summum
2594 1130 2781 1170 secum
2817 1116 3087 1171 haberet:
3119 1116 3251 1186 quid
3285 1125 3341 1171 et
3368 1115 3472 1171 sibi
3499 1124 3558 1171 et
3590 1116 3696 1168 illis

2109 1210 2438 1256 eventurum
2485 1214 2654 1270 esset,
2705 1207 3051 1276 prmsciebat.
3111 1209 3248 1263 Illud
3284 1219 3437 1263 certe
3469 1206 3692 1276 quidem

2106 1290 2284 1347 fertur
2309 1313 2324 1351 :
2366 1310 2489 1349 cum
2519 1298 2817 1367 aliquando
2842 1301 3023 1356 Rhodi
3052 1302 3400 1372 Thrasyllum
3443 1302 3512 1355 de
3535 1314 3694 1354 muro

2107 1383 2455 1455 praecipitare
2490 1386 2544 1440 in
2579 1389 2765 1443 animo
2800 1391 3049 1452 haberet,
3078 1400 3138 1446 ut
3189 1391 3369 1460 solum
3403 1392 3693 1462 cogitatio-

2108 1490 2239 1528 num
2287 1491 2511 1531 suarum
2564 1481 2871 1547 conscium,
2919 1491 2976 1536 et
3034 1499 3160 1537 eum
3196 1483 3409 1537 tristem
3441 1482 3689 1544 vidisset.

2110 1567 2349 1623 triStitiae
2393 1584 2616 1625 causam
2653 1587 2918 1644 rogasse:
2962 1575 3055 1643 qui
3114 1589 3240 1628 cum
3290 1574 3691 1643 respondisset.

2108 1673 2362 1729 magnum
2389 1660 2494 1715 sibi
2531 1662 2842 1730 periculum
2898 1664 3213 1728 imminere,
3272 1664 3557 1719 Tiberium
3589 1664 3694 1719 ad—

2106 1751 2406 1809 miratione
2465 1754 2733 1818 scientiae,
2768 1765 2824 1811 et
2859 1769 3087 1827 propter
3133 1773 3286 1828 spem
3342 1757 3694 1828 principatus

2106 1842 2248 1912 apud
2299 1858 2359 1898 se
2416 1844 2734 1901 retinuisse.
2785 1845 2892 1902 Sed
2926 1848 3039 1901 [uec
3088 1849 3376 1903 hactenus.
3408 1850 3693 1919 Augustus

415 1907 1123 2014 προορξὶνηὲπηρωτημένον
1316 1907 1942 2008 ξήσαντοςῴθαύμασεν
1973 1938 1992 1989 ἐ

2109 1950 2241 1989 vero
2282 1950 2408 1991 cum
2440 1937 2658 1991 Domini
2693 1939 3117 2008 appellationem
3144 1956 3176 1995 a
3207 1943 3411 2010 populo
3439 1940 3692 1995 Romano

415 2038 693 2110 Τιϐέριος,
725 2040 823 2093 καὶ
853 2039 1087 2106 φυλάξαι
1129 2038 1295 2090 αὑτὸν
1315 2034 1495 2106 ἑαυτῷ
1524 2035 1615 2088 διὰ
1643 2037 1743 2095 τὰς
1775 2032 2004 2095 ἐλπίδας

413 2131 700 2199 ἠθέλησεν.
734 2130 896 2183 Ἀλλὰ
931 2130 1105 2183 ταῦτα
1137 2129 1234 2198 μὲν
1260 2127 1423 2182 οὕτω.
1469 2128 1529 2180 '0
1563 2128 1620 2181 δὲ
1671 2125 2002 2195 Λύγουστος,

409 2219 683 2291 δεσπότης
719 2220 822 2272 ὑπὸ
853 2219 948 2272 τοῦ
1002 2218 1174 2288 δήμου
1227 2217 1570 2288 ὀνομασθείς,
1626 2219 1721 2272 καὶ
1764 2217 2001 2271 ἀπειπά-

415 2329 575 2382 μενος
635 2311 841 2382 μηδένα
883 2311 1021 2382 πρδς
1065 2310 1227 2363 αὑτὸν
1276 2310 1585 2381 κεχρῆσθαι
1616 2311 1791 2381 τούτῳ
1821 2311 1885 2381 δὴ
1915 2311 1995 2382 τῷ

411 2405 793 2475 προσρήματι,
834 2404 1015 2474 χιλίας
1059 2421 1121 2457 τε
1155 2403 1254 2457 καὶ
1301 2404 1670 2468 πεντακοσίας
1724 2403 2003 2472 μυριάδας

408 2497 664 2568 δραχμῶν
697 2496 925 2558 ἀτόκους
954 2497 1069 2560 τοῖς
1116 2494 1396 2566 δεομένοις
1445 2494 1701 2557 δανείσας
1755 2495 1843 2548 ἐπ’
1903 2495 1997 2566 ἔτη

407 2590 555 2660 τρῗα,
586 2590 840 2658 ἐπῃνεῖτο
883 2587 1036 2658 παρὰ
1061 2587 1296 2652 πάντων,
1320 2586 1413 2641 καὶ
1439 2586 1780 2657 ἐσεμνύνετο.
1805 2586 2003 2641 Δύναν-

407 2698 498 2734 ται
531 2681 588 2735 δέ
650 2680 798 2751 παρὰ
839 2679 1138 2748 Ῥωμαίοις
1162 2680 1219 2733 αἱ
1255 2682 1430 2733 εἴκοσι
1449 2681 1542 2733 καὶ
1566 2679 1727 2733 πέντε
1759 2680 2000 2750 δραχμαὶ

410 2772 648 2844 χρυσοῦν
680 2775 922 2843 νόμισμα
957 2772 1035 2837 ἒν,
1065 2773 1213 2843 παρὰ
1265 2772 1323 2825 δὲ
1354 2775 1467 2835 τοῖς
1513 2772 1778 2839 Ἕλλησιν
1824 2772 1999 2826 εἴκοσι

399 2866 678 2937 δραχμῶν
712 2867 741 2918 6
784 2868 924 2919 Δίων
952 2865 1090 2936 φησὶ
1119 2866 1179 2918 τὸ
1213 2865 1450 2936 χρυσοῦν
1483 2864 1858 2919 ἀλλάσσεσθαι
1902 2867 1995 2918 νό-

414 2974 617 3025 μισμα.
652 2957 810 3011 Μετὰ
845 2957 902 3009 δὲ
948 2956 1124 3009 ταῦτα
1166 2953 1439 3008 Κελτικοῦ
1492 2954 1733 3023 πολέμου
1774 2971 1997 3026 κεκινη-

410 3050 595 3116 μένου,
624 3050 719 3103 καὶ
742 3049 907 3112 αὐτὸς
939 3048 1046 3101 ὑπό
1094 3064 1155 3101 τε
1187 3047 1376 3118 γήρως
1405 3048 1500 3100 καὶ
1526 3047 1680 3099 νόσου
1714 3046 1996 3118 κεκμηκὸς

406 3144 545 3211 ἔχων
565 3143 624 3194 τὸ
661 3141 819 3210 σῶμα
846 3141 941 3194 καὶ
967 3139 1367 3210 ἐκστρατεῦσαι
1402 3139 1478 3210 μὴ
1517 3134 1629 3203 οἷός
1668 3157 1730 3192 τε
1761 3137 1862 3202 ὢν,
1903 3139 1997 3192 τὸν

2107 2025 2216 2081 sibi
2252 2026 2512 2081 tributam
2562 2030 2911 2097 repudiasset
2944 2071 2959 2096 ,
2989 2032 3367 2102 vctuissetque
3401 2046 3471 2086 ne
3500 2046 3531 2086 a
3560 2047 3695 2101 quo-

2106 2132 2270 2186 quam
2329 2119 2401 2172 ita
2462 2121 2909 2189 compellaretur,
2968 2133 3022 2177 et
3076 2123 3451 2194 indigentibus
3508 2124 3693 2178 decies

2105 2210 2406 2280 quinquies
2435 2220 2671 2267 centena
2713 2214 2882 2268 millia
2928 2214 3319 2270 drachmarum
3362 2216 3485 2270 sine
3522 2230 3699 2269 usura-

2107 2301 2162 2355 in
2195 2301 2494 2357 triennium
2523 2311 2831 2359 mutuasset
2858 2321 2871 2360 :
2896 2305 2966 2358 ab
2993 2306 3251 2362 omnibus
3279 2305 3610 2361 laudabatur
3637 2317 3694 2359 et

2104 2394 2511 2450 celebrabatur.
2548 2396 2744 2452 Valent
2787 2407 2971 2453 autem
3018 2398 3165 2469 apud
3222 2400 3500 2456 Romanos
3529 2401 3694 2471 quin-

2104 2485 2260 2541 dena:
2307 2485 2590 2543 drachma:
2649 2503 2820 2543 unum
2873 2506 3103 2547 aureum
3158 2507 3491 2547 nummum:
3545 2492 3691 2563 apud

2102 2578 2322 2634 Graecos
2347 2591 2528 2636 autem
2574 2584 2786 2640 vicenis
2828 2585 3106 2639 drachmis
3136 2600 3366 2639 aureum
3397 2600 3690 2638 nununum

2103 2673 2431 2740 pcrmutari,
2469 2674 2667 2729 scribit
2708 2677 2870 2731 Dion.
2923 2677 3053 2732 Post
3102 2676 3218 2732 haec
3265 2676 3476 2733 Gallico
3539 2678 3690 2732 bello

2101 2773 2246 2826 orto,
2307 2780 2433 2819 cum
2463 2766 2534 2821 ob
2572 2783 2777 2838 corpus
2829 2779 2884 2825 et
2914 2769 3071 2825 senio
3123 2778 3180 2825 et
3228 2771 3424 2825 morbo
3456 2770 3683 2827 fessum.

2100 2855 2219 2925 ipse
2243 2855 2447 2915 ducere
2492 2862 2798 2917 exercitum
2863 2877 2969 2916 non
3003 2873 3210 2933 posset,
3245 2863 3528 2917 Tiberium
3563 2878 3683 2930 pan

2099 2949 2196 3003 tim
2234 2951 2367 3021 ipsis
2415 2953 2582 3009 rebus
2618 2955 2965 3026 urgentibus,
3015 2955 3213 3026 partim
3246 2955 3407 3011 Julize
3439 2956 3680 3025 impulsu
3739 2962 3745 2968 '

2100 3038 2229 3112 (jam
2280 3043 2427 3097 enim
2477 3044 2546 3098 ab
2584 3046 2782 3100 exsilio
2832 3055 3092 3099 revocata
3139 3045 3280 3117 erat)
3340 3044 3683 3115 adoptatum,

2099 3142 2288 3188 contra
2320 3132 2504 3190 Gallos
2534 3136 2703 3190 misit.
2755 3136 2977 3192 Veritus
3023 3145 3209 3192 autem
3270 3152 3340 3191 ne
3385 3136 3433 3190 is
3461 3152 3559 3206 per
3591 3151 3685 3191 su-

408 3232 665 3303 Τιὸἐριον
695 3234 770 3303 πῆ
807 3233 906 3303 μὲν
945 3232 1049 3289 ὑπὸ
1088 3232 1198 3286 τῶν
1226 3235 1573 3304 πραγμάτιον
1590 3232 1986 3298 ἀναγκασθεὶς,

2099 3226 2345 3296 perbiam
2393 3228 2521 3281 novi
2569 3229 2781 3299 aliquid
2829 3230 3143 3295 moliretur,
3196 3231 3360 3286 etiam
3384 3229 3684 3285 Germani-

405 3327 485 3397 πῆ
520 3327 565 3380 δ’
599 3327 702 3380 ὑπὸ
732 3330 832 3395 τῆς
878 3325 1110 3390 Ἰουλίας
1137 3325 1494 3388 ἀναπεισθεὶς
1526 3327 1543 3393 (
1569 3324 1669 3396 ήδη
1702 3325 1815 3395 γὰρ
1846 3322 1987 3393 αὕτη

404 3418 470 3472 ἐκ
516 3418 613 3486 τῆς
656 3417 950 3488 ὑπερορίας
1007 3415 1319 3485 κατήχθη),
1350 3415 1728 3486 υίοθετήσατο.
1764 3415 1860 3468 καὶ
1891 3414 1992 3484 τὴν

403 3508 498 3562 ἐπὶ
524 3512 650 3571 τοὺς
678 3508 920 3572 Κελτοὺς
944 3509 1304 3577 ἐκστρατείαν
1337 3506 1656 3577 ἐπέτρεψεν.
1690 3506 1995 3560 Ὑποπτεύ-

406 3620 506 3666 σας
553 3602 609 3654 δὲ
645 3602 717 3672 μή
750 3618 801 3653 τι
839 3599 1133 3672 νεοχμώσῃ
1178 3601 1206 3652 6
1237 3599 1491 3671 Τιϐέριος
1530 3600 1987 3670 ὑπερφρονήσας,

407 3693 504 3746 καὶ
530 3693 623 3746 τὸν
668 3691 1015 3761 Γερμανικὸν
1054 3690 1147 3742 τὸν
1201 3688 1443 3760 Δρούσου
1488 3688 1655 3743 παῖδα
1706 3690 1991 3759 εἰσεποιή-

406 3801 560 3837 σατο.
613 3783 922 3853 Πράσσοντι
963 3781 1022 3834 δὲ
1054 3779 1249 3845 ταῦτα,
1300 3781 1452 3834 ἄλλοι
1505 3797 1567 3833 τε
1633 3780 1730 3833 καὶ
1792 3780 1985 3842 Γναῖος

404 3879 704 3950 Κορνήλιος
736 3878 831 3930 τοῦ
866 3876 1102 3947 μεγάλου
1136 3877 1426 3949 Πομπηῖου
1492 3876 1850 3947 θυγατριδοῦς
1893 3877 1993 3929 ἐπ-

402 3971 754 4029 εϐούλευσαν.
780 3970 924 4042 Μήτ’
949 3970 1044 4025 οῦν
1076 3972 1396 4024 ἀποκτεῖναι
1421 3971 1562 4038 σφᾶς
1592 3969 1791 4023 ἐθέλων
1809 3968 1990 4039 (οὐδὲν

402 4064 512 4132 γὰρ
541 4064 606 4116 ἐκ
634 4063 744 4115 τῶν
777 4061 1169 4131 ἀπολλυμένων
1204 4059 1354 4131 ἐώρα
1380 4060 1519 4130 πρὸς
1553 4058 1857 4128 ἀσφάλειαν
1888 4060 1989 4114 αὑ-

400 4155 479 4226 τῷ
514 4153 995 4224 κατορθούμενον),
1031 4153 1155 4223 μήτ’
1187 4150 1454 4206 ἀπολῦσαι
1493 4150 1735 4224 θαρρῶν,
1779 4151 1867 4207 ἵνα
1904 4151 1981 4224 μὴ

402 4251 494 4302 καὶ
520 4248 717 4322 ἄλλους
759 4250 824 4302 ἐκ
848 4246 1044 4300 τούτου
1086 4247 1173 4312 ἐφ’
1198 4246 1393 4299 ἐαυτὸν
1436 4245 1831 4315 ἐπισπάσηται,
1866 4244 1984 4299 οὔθ’

401 4345 617 4413 ἡμέρας
651 4341 1057 4410 ἀφροντιστεῖν,
1090 4337 1213 4393 οὔτε
1239 4338 1435 4402 νυκτὸς
1469 4337 1702 4407 ἠδύνατο
1721 4340 1975 4410 ἠρεμεῖν.

400 4433 566 4487 Ταῦθ’
598 4434 632 4501 ἠ
659 4430 822 4485 Λιϐία
874 4430 1083 4500 ὁρῶσα,
1136 4430 1304 4500 ἥρετο
1364 4427 1553 4490 αὐτὸν.
1586 4429 1639 4481 τί
1671 4428 1755 4481 ὅτι
1786 4429 1849 4482 οὑ
1884 4445 1984 4482 κα-

399 4529 574 4582 θεύδει
603 4544 619 4593 ;
662 4525 723 4578 '0
744 4525 823 4591 δὲ,
861 4524 957 4588 Τίς
985 4522 1084 4587 ἂν,
1114 4519 1291 4588 εἶπεν,
1335 4517 1382 4576 ὦ
1420 4523 1620 4589 γύναι,
1655 4519 1780 4576 κᾶν
1843 4522 1984 4577 ἐλά-

2099 3334 2225 3373 cum
2258 3319 2416 3373 Drusi
2457 3319 2628 3375 lilium
2665 3321 2969 3391 adoptavit.
3001 3322 3126 3376 llatc
3155 3320 3363 3390 agenti,
3402 3336 3528 3376 cum
3565 3322 3681 3384 alii,

2099 3424 2215 3465 tum
2251 3410 2355 3466 Cn.
2395 3410 2687 3469 Cornelius
2750 3413 2998 3483 Pompeii
3036 3412 3214 3484 Magni
3253 3428 3317 3467 ex
3352 3413 3461 3469 lilia
3489 3430 3682 3485 nepos,

2095 3515 2227 3558 sunt
2256 3504 2525 3560 insidiati.
2560 3504 2711 3572 Quos
2744 3520 2871 3561 cum
2906 3522 3009 3561 nec
3042 3506 3300 3561 occidere
3355 3508 3516 3562 vellet
3561 3507 3686 3578 (ne-

2095 3613 2205 3668 que
2236 3597 2386 3653 enim
2417 3600 2706 3655 securitati
2737 3616 2853 3655 sua:
2885 3599 3112 3655 interitu
3136 3600 3356 3654 illorum
3381 3600 3682 3670 quidquam

2094 3691 2309 3746 consuli
2335 3691 2579 3763 videbat)
2606 3707 2709 3747 nec
2740 3692 3031 3749 absolvere
3060 3693 3316 3758 auderet,
3344 3708 3415 3763 ne
3439 3693 3680 3764 plurium

2092 3799 2156 3837 ea
2181 3784 2408 3839 lenitate
2440 3796 2633 3839 contra
2658 3800 2716 3839 sc
2739 3785 2969 3840 audacia
2994 3785 3428 3840 conﬁrmaretur
3454 3805 3467 3840 :
3502 3801 3684 3855 neque

2091 3874 2330 3930 interdiu
2386 3891 2636 3939 securus,
2689 3893 2870 3946 neque
2915 3887 3081 3932 noctu
3113 3878 3337 3947 quietus
3368 3894 3492 3934 esse
3519 3887 3678 3948 pote-

2092 3975 2196 4019 rat.
2228 3965 2361 4032 Quae
2386 3982 2511 4020 cum
2544 3965 2698 4019 Livia
2729 3967 2961 4025 videret.
3002 3968 3229 4037 rogabat
3264 3983 3369 4037 qua
3420 3968 3490 4023 de
3512 3982 3682 4024 causa

2090 4066 2259 4111 noctu
2290 4072 2400 4111 non
2433 4057 2725 4112 dormiret.
2801 4058 2903 4113 Cui
2960 4059 3091 4113 ille:
3143 4057 3424 4124 Quisnam,
3475 4059 3679 4129 inquit,

2091 4145 2302 4212 mulier,
2344 4146 2486 4200 inter
2520 4153 2594 4200 tot
2642 4147 2814 4201 hostes
2860 4147 2945 4201 vel
2992 4146 3275 4202 minimam
3323 4149 3501 4217 capiat
3531 4150 3682 4219 quie-

2089 4248 2213 4304 tem,
2245 4246 2294 4292 et
2324 4239 2379 4292 in
2409 4248 2522 4292 tam
2554 4238 2911 4311 frequentibus
2930 4239 3135 4294 insidiis
3161 4241 3185 4293 ?
3215 4239 3354 4293 Tum
3385 4240 3496 4301 illa,
3535 4241 3677 4295 mu-l-

2091 4332 2161 4387 tis
2198 4347 2262 4385 ea
2309 4331 2379 4386 de
2416 4347 2474 4387 re
2517 4330 2708 4386 verbis
2741 4331 2924 4397 factis,
2976 4332 3218 4402 denique
3251 4333 3552 4398 consuluit,
3607 4349 3678 4387 ne

2089 4440 2252 4496 quem
2282 4424 2663 4479 insidiatorem
2688 4423 2987 4487 occideret,
3018 4424 3116 4480 sed
3144 4425 3254 4480 alio
3282 4426 3480 4495 quovis
3514 4427 3677 4481 modo

2088 4531 2186 4573 eos
2217 4519 2534 4587 castigaret,
2570 4531 2640 4572 ne
2666 4515 2801 4586 quid
2857 4516 3129 4587 ejusmodi
3178 4518 3444 4589 deinceps
3512 4534 3680 4575 cona-

397 4636 613 4692 χιστον
662 4617 1033 4687 ἀτρεμήσειε,
1071 4616 1401 4682 τοσούτους
1433 4614 1590 4685 ἔχων
1617 4615 1870 4684 ἐχθροὺς
1898 4617 1992 4671 καί

2104 4620 2318 4674 rentur,
2384 4608 2541 4681 541
2592 4610 2754 4664 venia
2808 4611 2863 4664 in
2915 4610 3110 4680 primis
3165 4621 3221 4666 et
3259 4610 3675 4668 benefaciendo.

398 4712 554 4765 οὕτω
592 4707 873 4776 συνεχῶς
925 4705 1530 4773 ἐπιϐουλευόμενος;
1578 4704 1646 4757 Ἦ
1703 4705 1761 4757 δὲ
1813 4705 1985 4759 πολλὰ

401 4800 500 4866 μὲν
536 4798 665 4867 περὶ
692 4796 884 4849 τούτου
932 4792 1185 4862 διελέχθη
1214 4790 1387 4860 αὐτῷ,
1420 4790 1735 4847 τελευταῖον
1759 4792 1816 4845 δὲ
1843 4793 1983 4862 γνώ-

403 4908 512 4960 μην
536 4888 710 4942 ἒδωκε
771 4886 989 4952 θανάτῳ
1023 4888 1129 4954 μὲν
1162 4883 1372 4954 μηδένα
1395 4883 1505 4937 τῶν
1533 4883 1793 4938 τοιούτων
1822 4885 1983 4938 κολά-

396 4978 533 5043 ζειν,
574 4979 777 5049 ἐτέρω;
804 4976 862 5031 δέ
904 4993 1019 5035 πως
1043 4975 1242 5036 αὐτοὺς
1270 4977 1650 5047 σωφρονίζειν,
1679 4976 1821 5029 ὥστε
1870 4994 1980 5047 μη-

396 5074 517 5126 κέτι
548 5071 795 5125 τοιοῦτόν
835 5089 888 5124 τι
922 5071 1282 5141 ἐξαμαρτεῖν,
1312 5068 1407 5122 καὶ
1459 5067 1697 5137 μάλιστα
1732 5067 1980 5137 συγγνώ-

403 5178 479 5232 μῃ
536 5160 632 5212 καὶ
670 5160 969 5223 ε’ὑποιίαις.
1001 5161 1085 5214 Οὐ
1113 5160 1225 5228 γὰρ
1266 5158 1498 5211 πείθειν
1530 5156 1568 5226 ἢ
1600 5157 1978 5227 ἀναγκάζειν,

394 5250 524 5322 ἔφη,
553 5249 762 5321 φιλεῖν
789 5250 857 5304 τὸ
891 5251 1069 5320 ξίφος
1109 5249 1245 5304 τινὰ
1272 5249 1617 5318 δεδύνηται,
1667 5250 1834 5305 ἀλλὰ
1871 5250 1981 5304 τόν

387 5341 508 5412 μὲν
561 5341 972 5415 κολαζόμενον
1004 5344 1335 5409 ἀπόλλυσι,
1369 5343 1477 5407 τὰς
1503 5342 1573 5395 δὲ
1603 5341 1680 5410 δὴ
1709 5342 1830 5396 τῶν
1867 5343 1980 5398 ἄλο

395 5439 525 5489 λων
572 5437 786 5506 ψυχὰς
841 5436 1160 5504 ἀλλοτριοῖ
1201 5435 1308 5490 τοῦ
1368 5434 1754 5501 κολάζοντος.
1816 5436 1975 5490 Ἐπεὶ

387 5529 547 5597 μηδὲ
598 5530 904 5597 φιλοῦσιν,
939 5529 1030 5583 ὅτι
1085 5528 1524 5596 ἐδικαιὼϐησαν
1571 5528 1781 5598 ἕτεροι,
1838 5530 1976 5584 ἀλλ’

391 5622 839 5692 ἀπεχθάνονται
864 5621 1252 5692 μᾶλλονπὸτι
1283 5624 1469 5691 φόϐος
1504 5623 1601 5676 καί
1644 5622 1852 5689 αὐτοῖς
1889 5623 1981 5676 ἐν·

2090 4704 2376 4773 Nunquam
2396 4702 2556 4766 enim,
2586 4700 2789 4770 inquit,
2819 4701 3029 4772 gladius
3054 4704 3309 4774 cuiquam
3326 4705 3409 4758 sui
3441 4721 3676 4758 amorem

2089 4792 2410 4865 persuadere
2441 4800 2535 4845 aut
2570 4801 2881 4863 extorquere
2935 4795 3103 4864 potuit
3129 4810 3148 4847 :
3181 4797 3275 4848 sed
3316 4812 3437 4849 eum
3465 4800 3555 4867 qui
3582 4813 3680 4868 pu-

2087 4889 2232 4941 nitur
2265 4886 2459 4956 perdit,
2507 4893 2819 4939 caalerorum
2853 4887 3060 4941 animos
3111 4887 3176 4942 ab
3231 4904 3290 4943 eo
3337 4892 3428 4960 qui
3486 4907 3671 4960 paruas

2088 4980 2271 5044 sumit,
2306 4978 2531 5032 alienat.
2565 4976 2749 5050 Neque
2774 4981 2913 5034 enim
2935 4982 3168 5052 profecto
3197 4986 3258 5036 ob
3290 4984 3519 5037 aliorum
3550 5000 3678 5053 sup-

2088 5070 2247 5141 plicia
2278 5086 2467 5123 amare
2498 5071 2778 5137 incipiunt,
2808 5071 2899 5125 sed
2924 5073 3154 5126 oderunt
3190 5076 3373 5144 mugis-
3392 5076 3452 5128 ab
3478 5084 3675 5128 metum

2085 5164 2184 5218 sibi
2211 5177 2415 5234 quoque
2438 5162 2849 5232 impendentem.
2878 5162 3008 5218 Haec
3037 5176 3093 5219 et
3124 5166 3177 5219 id
3209 5182 3385 5235 genus
3421 5166 3527 5220 alia
3561 5168 3675 5220 dis-

2086 5258 2294 5312 serenti
2325 5257 2495 5313 Livia:
2520 5258 2929 5329 obtemperavit
2959 5259 3263 5331 Augustus,
3303 5270 3359 5315 et
3392 5277 3517 5316 reos
3548 5278 3636 5314 om
3657 5292 3670 5303 -
3744 5308 3747 5311 ,

2089 5362 2187 5403 nes
2239 5348 2426 5403 verbis
2474 5349 2768 5418 castigatos
2824 5348 3076 5403 dimisit:
3128 5347 3446 5403 Cornelium
3500 5349 3668 5403 etiam

2085 5440 2368 5495 consulem
2397 5440 2726 5510 designavit,
2780 5455 2905 5495 cum
2953 5442 3238 5509 superstiti
3269 5457 3337 5495 ex
3374 5441 3519 5497 Julia
3558 5442 3669 5497 tilia

2086 5542 2141 5585 et
2172 5532 2407 5602 Agrippa
2442 5533 2655 5600 nepoti,
2695 5548 2860 5602 quem
2892 5533 3187 5604 Agrippam
3220 5535 3549 5602 nominavit,
3586 5545 3671 5591 to-

2088 5640 2210 5694 gam
2247 5622 2461 5677 virilem
2497 5622 2762 5677 dedisset.

392 5716 606 5770 τεῦθεν
631 5715 982 5786 ἐπήρτηται.
1033 5716 1271 5770 Τοιαῦτα
1319 5715 1489 5771 πολλὰ
1550 5718 1650 5785 τῆς
1722 5717 1915 5782 Λιϐίας
1978 5718 2267 5786 εἰπούσης,
2324 5717 2353 5768 ὁ
2409 5715 2721 5783 Αὔγουστος
2771 5715 3003 5787 ἐπείσθη
3058 5720 3237 5790 αὐτῇ,
3310 5722 3408 5774 καὶ
3460 5722 3669 5786 πάντας

390 5811 570 5878 ἀφῆκε
604 5811 732 5872 τοὺς
792 5811 1102 5877 ὑπαιτίους,
1131 5809 1312 5879 λόγοις
1348 5808 1685 5880 νουθετήσας
1741 5810 1960 5876 αὐτοὺς,
2002 5812 2094 5864 τὶν
2152 5809 2209 5862 δέ
2278 5824 2341 5877 γε
2377 5807 2683 5880 Κορνήλιον
2714 5810 2808 5864 καὶ
2836 5809 3044 5865 ὕπατον
3073 5813 3492 5884 προσαπέδειξε.
3557 5813 3670 5870 Καὶ
