4048 6396
438 394 544 457 9ὶὸ

1608 466 1621 471 ν
1719 400 2044 464 JOANNIS
2082 402 2407 465 ZONARE

3616 410 3718 473 916

437 508 467 558 6
506 504 691 570 λοιπδς
733 505 792 559 δὲ
828 504 921 560 τοῦ
947 505 1270 578 Αὐγούστου
1330 506 1717 580 θυγατριδοῦς,
1761 512 1789 563 6
1852 510 1918 564 ἐκ
1955 510 2055 581 τῆς
2094 509 2326 576 Ἰουλίας
2376 512 2457 584 τῷ
2516 514 2800 589 Ἀγρίππᾳ
2840 512 3082 587 τεχθεὶς,
3129 514 3190 569 ὃν
3250 514 3358 569 καὶ
3401 515 3723 587 Ἀγρίππαν

436 600 721 661 ἐκάλεσεν,
753 601 833 663 εἰς
864 602 1108 672 ἐφήϐους
1137 603 1379 674 ἐγράφη.

504 690 773 746 XXXVII.
803 691 1089 759 Tiberius,
1135 711 1250 752 rem
1289 697 1542 752 bellicam
1604 696 2018 763 administrans,

2194 696 2319 752 AZ'.
2363 697 2422 751 '0
2454 697 2512 751 δέ
2559 713 2622 766 γε
2677 696 2929 768 Τιϐέριος
2956 694 3027 749 τά
3055 712 3114 747 τε
3144 693 3260 747 τῶν
3296 693 3572 765 πολέμων
3604 694 3722 767 διῴο

433 785 664 840 Romam
716 784 915 839 crebro
970 786 1145 851 venit,
1196 801 1453 844 metuens
1509 804 1578 845 ne
1606 790 1709 845 sibi
1738 791 2020 859 Augustus

436 889 535 942 per
564 875 874 930 absentiam
918 892 1073 932 suam
1103 878 1269 934 alium
1300 879 1621 936 anteferret.
1680 879 1786 936 Sed
1832 881 2014 943 Dacis,

433 964 799 1032 Sauromatis,
840 967 1075 1038 aliisque
1107 968 1444 1025 Pannonicis
1476 969 1736 1040 gentibus
1765 969 2016 1025 concita-

436 1057 527 1143 tis,
558 1071 628 1111 ex
657 1056 848 1113 Galliis
899 1058 967 1112 ad
1016 1074 1111 1114 eas
1159 1059 1324 1115 rediit
1353 1077 1367 1116 :
1398 1060 1705 1131 eodemque
1736 1059 2019 1131 Augustus

433 1146 820 1204 Germanicum
856 1150 1027 1215 misit,
1059 1167 1185 1207 cum
1218 1152 1455 1209 fortasse
1496 1152 1756 1209 Tiberius
1784 1169 1878 1209 eas
1920 1169 2017 1209 ce-

433 1240 626 1295 leriter
654 1240 879 1296 vincere
912 1253 1121 1313 posset,
1160 1259 1227 1299 ac
1257 1257 1475 1316 tempus
1509 1248 1579 1301 de
1618 1244 1892 1301 industria
1930 1255 2015 1300 te-

434 1340 607 1396 reret,
641 1340 701 1387 ut
731 1344 961 1403 prepter
986 1334 1191 1392 bellum
1228 1337 1282 1392 iu
1312 1338 1484 1392 armis
1512 1346 1677 1393 esset.
1733 1336 1882 1392 Misit
1913 1353 2017 1393 au-

432 1433 545 1478 tem
580 1423 991 1492 Germanicum,
1042 1428 1191 1498 quod
1223 1428 1465 1501 Agrippa
1497 1439 1726 1501 propter
1765 1429 2015 1500 pertina-

431 1530 552 1570 cem
584 1532 798 1572 morum
865 1518 1277 1589 improbitatem
1312 1521 1593 1587 abdicato,
1630 1523 1753 1591 ejus
1781 1521 2017 1592 pecunia

433 1604 490 1659 in
522 1607 780 1661 aerarium
828 1608 1003 1664 relata
1056 1610 1318 1678 militare,
1354 1612 1470 1682 ipse
1506 1613 1563 1667 in
1599 1611 1835 1668 insulam
1872 1612 2017 1668 rele-

432 1706 592 1765 gatus
626 1708 765 1756 erat.
801 1700 907 1758 Eas
949 1714 1143 1774 gentes
1185 1704 1418 1760 Romani
1445 1714 1571 1775 post
1600 1705 1801 1762 multas
1831 1705 2018 1761 clades

433 1790 634 1855 illatas,
664 1807 767 1848 nec
795 1795 1093 1864 pauciores
1124 1806 1403 1867 acceptas,
1440 1796 1663 1853 tandem
1711 1797 1911 1869 partim
1946 1796 2015 1853 ad

432 1881 775 1939 deditionem
843 1890 1260 1957 compulerunt,
1324 1889 1528 1960 partim
1577 1890 1698 1945 acie
1741 1890 2017 1945 vicerunt.

433 1971 697 2029 Tiberius
741 1976 970 2032 Romam
1020 1993 1281 2036 reversus
1331 1980 1401 2035 ab
1431 1981 1682 2052 Augusto
1710 1980 1764 2036 in
1796 1981 2018 2038 Dalma-

2126 804 2211 842 κει
2242 790 2336 842 καὶ
2359 789 2442 851 είς
2472 789 2573 858 τὴν
2617 788 2838 864 Ῥώμην
2875 788 3121 857 συνεχῶς
3167 786 3496 855 εἰσεφοίτα,
3531 788 3725 856 φοϐούε-

2128 894 2290 947 μενος
2339 878 2414 951 μὴ
2450 880 2477 931 6
2508 877 2822 946 Αὔγουστος
2879 877 3040 945 ᾷλλον
3090 879 3214 931 τινὰ
3267 879 3524 943 ἀπόντος
3562 880 3724 934 αὐτοῦ

2122 972 2463 1042 προτιμήσῃ.
2496 970 2850 1041 Κινηθέντων
2891 970 2949 1022 δὲ
2975 969 3087 1023 τῶν
3121 971 3325 1023 Δακῶν
3364 972 3465 1025 καὶ
3524 972 3723 1044 Σαυρο-

2126 1062 2315 1132 ματῶν
2366 1064 2461 1116 καὶ
2514 1062 2693 1116 ἄλλων
2746 1062 3097 1116 Πανωνικῶν
3147 1061 3359 1129 ἐθνῶν,
3386 1066 3417 1116 6
3475 1063 3725 1135 Τιϐέριος

2124 1153 2264 1224 πρὸς
2299 1153 2500 1217 αὐτοὺς
2524 1154 2879 1226 ἀνέστρεψεν,
2917 1156 2981 1207 ἐκ
3011 1154 3109 1225 τῆς
3135 1155 3455 1227 Κελτικῆς.
3491 1156 3605 1210 Καὶ
3636 1158 3723 1209 τὸν

2123 1246 2467 1316 Γερμανικὸν
2493 1246 2547 1300 δὲ
2579 1249 2608 1300 6
2637 1245 2949 1315 Αὔγουστος
2981 1248 3100 1301 ἐκεῖ
3126 1247 3415 1319 ἐπεμψεν,
3446 1249 3528 1309 ὡς
3580 1249 3724 1319 τάχα

2122 1336 2215 1391 τοῦ
2256 1337 2513 1406 Τιϐερίου
2548 1337 2762 1407 ταχέως
2786 1337 2968 1392 αὐτῶν
3004 1338 3292 1409 κρατῆσαι
3321 1339 3719 1410 δεδυνημένου,

2122 1428 2389 1493 ἑκουσίως
2416 1428 2473 1481 δὲ
2500 1428 2592 1481 τὸν
2619 1429 2811 1499 καιρὸν
2845 1427 3148 1500 τρίϐοντος,
3181 1429 3253 1483 ἶν’
3292 1431 3357 1482 ἐν
3398 1431 3517 1493 τοῖς
3544 1428 3723 1492 ὅπλοις

2123 1520 2212 1591 εἴη
2236 1519 2329 1573 διὰ
2369 1520 2460 1573 τὸν
2492 1519 2754 1591 πόλεμον.
2792 1519 3049 1590 Ἐπεμψε
3098 1520 3157 1573 δέ
3204 1519 3303 1573 τὸν
3346 1519 3721 1591 Γερμανικὸν,

2121 1612 2205 1665 ὅτι
2236 1611 2265 1664 6
2331 1610 2640 1681 Ἀγρίππας
2675 1609 3039 1681 ἀπεκηρύχθη
3072 1610 3149 1673 ὡς
3186 1609 3267 1679 μὴ
3304 1607 3724 1679 σωφρονιζόμε-

2124 1718 2236 1769 νος,
2266 1702 2360 1755 καὶ
2387 1703 2422 1773 ἦ
2467 1718 2525 1755 τε
2554 1702 2715 1755 οὐσία
2753 1702 2920 1755 αὐτοῦ
2970 1700 3050 1771 τῷ
3084 1701 3485 1771 στρατιωτικῷ
3514 1702 3721 1771 ταμείῳ

2121 1794 2467 1865 ἀπενεμήθη,
2498 1795 2755 1857 κάκεῖνος
2795 1794 2877 1857 είς
2925 1792 3090 1863 νῆσον
3122 1793 3513 1865 περιωρίσθη.
3551 1791 3723 1846 Πολλὰ

2131 1886 2318 1957 μέντοι
2371 1886 2467 1939 καὶ
2530 1886 2864 1955 ποιήσαντες
2922 1886 2972 1937 οἱ
3037 1883 3313 1955 Ῥωμαῖοι
3372 1885 3436 1938 ἐν
3469 1887 3584 1948 τοῖς
3620 1883 3722 1938 τῶν

2122 1977 2296 2032 ἐθνῶν
2331 1976 2539 2031 τούτων
2579 1976 2863 2045 πολέμοις,
2915 1976 2976 2028 οὐ
3013 1976 3152 2044 μείω
3204 1974 3264 2029 δέ
3299 1976 3402 2028 καὶ⁵
3434 1974 3720 2037 παθόντες,

432 2064 568 2119 tiam
615 2078 807 2123 contra
858 2070 1127 2139 quosdam
1191 2073 1596 2129 tumultuantes
1644 2074 1861 2130 missus
1894 2084 2015 2131 est:

2127 2070 2276 2135 τέλος
2328 2071 2400 2125 τὰ
2432 2070 2533 2142 μὲν
2562 2069 2827 2140 ὁμολογίᾳ
2875 2069 3255 2135 ὑπηγάγοντο,
3289 2067 3364 2120 τὰ
3414 2067 3474 2121 δὲ
3523 2067 3718 2138 μάχαις

432 2171 579 2224 quos
606 2173 749 2228 a‘gre
782 2159 873 2215 ille
905 2161 1157 2231 quidem,
1190 2172 1248 2218 et
1298 2180 1422 2220 cum
1453 2165 1724 2236 periculo,
1758 2167 1853 2221 sed
1884 2167 2020 2223 vicit

435 2256 619 2304 tamen
653 2267 668 2316 ;
701 2250 834 2306 vicit
866 2261 923 2309 et
959 2253 1322 2312 Germanicus
1356 2258 1514 2313 alios.
1580 2258 1733 2313 Bello
1772 2259 1851 2315 sic
1879 2274 2017 2315 con-

434 2338 601 2404 iecto,
646 2343 876 2399 nuntius
921 2360 985 2401 ex
1033 2345 1325 2403 Germania
1378 2349 1579 2405 allatus
1630 2351 1846 2405 obstitit
1878 2365 2019 2421 quo-

436 2433 624 2488 minus
672 2434 1134 2506 triumpharetur.
1191 2440 1327 2495 Nam
1390 2442 1443 2496 in
1508 2441 1682 2498 Gallia
1721 2446 2018 2503 noanullas

434 2523 557 2593 ejus
586 2536 774 2595 partes
822 2527 1057 2585 Romani
1093 2541 1455 2602 occuparant,
1512 2550 1624 2590 non
1653 2536 1851 2592 eodem
1884 2537 2019 2593 sitas

434 2615 579 2682 loco,
604 2617 701 2673 sed
729 2620 964 2689 sparsim
999 2639 1100 2693 pro
1130 2634 1379 2697 tempore
1410 2628 1688 2685 subactas.
1746 2629 1917 2685 Erant
1960 2631 2017 2685 in

435 2722 500 2762 ea
527 2708 795 2780 legiones,
844 2722 900 2767 et
945 2714 1116 2771 urbes
1171 2718 1570 2782 condebantur,
1603 2729 1660 2776 et
1686 2719 1912 2776 Barbari
1948 2722 2016 2777 ad

434 2795 946 2858 Romanos'mores
979 2815 1036 2861 et
1071 2805 1396 2864 civilitatem
1430 2810 1882 2875 traducebantur.
1912 2813 2020 2880 Qui

436 2889 568 2944 dum
596 2891 861 2960 paulatim
893 2904 951 2951 et
975 2898 1192 2954 ratione
1236 2902 1472 2971 quadam
1504 2919 1532 2956 υ
1559 2904 1754 2973 patriis
1797 2905 2021 2962 institu-

436 2978 510 3033 tis
547 2983 947 3051 avocabantur,
1002 2988 1130 3044 vitae
1188 2992 1551 3049 mutationem
1606 2995 1753 3050 haud
1812 2995 2023 3067 iniquis

436 3070 636 3129 animis
692 3076 1072 3144 patiebantur.
1131 3079 1239 3138 Sed
1297 3098 1424 3139 cum
1478 3084 1780 3151 Quintilius
1846 3088 2024 3145 Varus

438 3161 746 3221 Germaniae
796 3172 1125 3239 praepositus
1196 3189 1296 3231 eos
1343 3175 1534 3232 subito
1574 3191 1639 3232 ac
1689 3179 1912 3248 penitus
1949 3181 2021 3237 ab

439 3255 746 3313 inveterata
775 3264 1181 3321 consuetudine
1206 3268 1445 3324 avellere
1478 3271 1892 3341 aggrederetur,
1923 3291 2021 3331 su-

439 3347 726 3420 perbeque
754 3361 811 3408 et
837 3369 1001 3411 avare
1030 3364 1094 3413 ut
1127 3360 1420 3432 mancipiis
1449 3362 1814 3433 imperitaret,
1871 3366 2019 3424 ferre

439 3456 552 3496 non
587 3453 887 3512 potuerunt
912 3465 927 3503 :
959 3449 1056 3505 sed
1078 3464 1206 3506 eum
1232 3462 1541 3523 recnptum,
1572 3463 1834 3526 tanquam
1862 3458 2023 3532 542

441 3535 713 3606 imperata
753 3538 977 3605 facturi,
1010 3541 1138 3598 data
1193 3543 1301 3599 fide
1342 3560 1402 3600 se
1449 3546 1586 3601 citra
1632 3548 1840 3606 milites
1880 3550 2026 3607 ultro

441 3624 772 3694 servituros,
829 3628 993 3702 longe
1036 3647 1068 3687 a
1115 3631 1311 3690 Rheno
1358 3636 1729 3692 abduxerunt.
1765 3637 2023 3705 Quicum

442 3717 523 3773 eis
549 3720 822 3787 crederet,
852 3738 1033 3794 neque
1056 3724 1281 3791 milites.
1306 3737 1363 3782 ut
1398 3728 1451 3783 in
1478 3728 1665 3785 hostili
1700 3746 1854 3802 agro,
1888 3747 2026 3788 cou-

435 3812 667 3883 junctos
700 3815 952 3884 haberet,
1008 3828 1067 3874 et
1114 3818 1254 3875 alios
1278 3820 1386 3875 alio
1437 3822 1782 3879 dimisisset:
1826 3839 2026 3881 securo

441 3906 564 3969 illo.
600 3923 704 3964 nec
736 3909 906 3964 ullum
957 3911 1267 3981 periculum
1326 3916 1629 3979 metuente,
1662 3927 2026 3987 consurgunt,

441 4008 501 4054 et
529 3999 730 4055 occisis
761 4000 855 4071 qui
904 4003 1049 4073 apud
1107 4003 1259 4075 ipsos
1303 4015 1465 4062 erant
1522 4007 1813 4073 militibus,
1866 4009 2024 4064 illum

443 4106 569 4146 cum
609 4091 727 4149 suis
769 4092 1083 4165 legionibus
1126 4095 1183 4151 in
1228 4096 1416 4154 densis
1461 4106 1519 4154 et
1566 4099 1851 4170 impeditis
1874 4101 2030 4159 silvis

441 4193 783 4248 versantem.
816 4201 885 4243 ex
908 4187 1211 4258 improviso
1254 4205 1355 4260 pro
1385 4191 1578 4247 notitia
1610 4192 1887 4257 locorum,
1917 4209 2028 4265 qua

443 4278 671 4334 minime
702 4279 927 4349 patebat
961 4282 1168 4349 exitus,
1196 4283 1709 4348 circumvenerunt,
1745 4298 1812 4340 ac
1839 4287 2025 4355 saepis-

442 4370 583 4427 sime
608 4368 887 4428 Romanos
917 4373 1214 4443 plurimum
1245 4374 1583 4431 amiserunt.
1610 4376 1714 4442 Qui
1742 4391 1868 4432 cum
1903 4384 2029 4431 tan-

444 4461 571 4520 dem
627 4464 834 4519 multos
882 4479 1112 4521 suorum
1170 4467 1513 4531 amisissent,
1574 4466 1834 4524 Barbarie
1893 4482 2028 4523 vero

445 4556 683 4612 subinde
729 4573 799 4612 ex
848 4557 1207 4628 popularibus
1253 4573 1411 4616 nova:
1456 4558 1604 4615 vires
1650 4559 2030 4627 accederent,

445 4650 666 4706 facilius
697 4651 1028 4706 circumdati
1059 4649 1439 4707 cadebantur.
1501 4652 1693 4723 Itaque
1747 4652 1926 4710 Varus
1973 4663 2031 4709 et

445 4928 857 4984 consciverunt.
892 4927 1012 4995 Quo
1057 4929 1240 4984 caeteri
1288 4934 1535 5000 cegnito,
1582 4930 1781 5000 partim
1829 4931 2027 4987 ducem

447 5025 646 5078 imitati
674 5031 827 5087 sunt,
862 5021 1064 5092 partim
1089 5020 1320 5089 abiectis
1350 5024 1521 5078 armis
1570 5023 1753 5078 cuivis
1778 5039 1838 5079 se
1864 5024 2030 5096 jugu-

446 5115 640 5170 landos
672 5115 1047 5185 praebuerunt.
1089 5113 1199 5169 Eos
1226 5114 1395 5186 igitur
1416 5114 1644 5170 Barbari
1675 5115 1900 5185 impune
1931 5131 2029 5171 oc—

445 5207 744 5263 ciderunt:
776 5216 833 5262 et
863 5206 1270 5263 munitionibus
1318 5205 1599 5269 omnibus,
1632 5221 1738 5261 una
1772 5216 2028 5278 excepta,

444 5311 577 5355 sunt
610 5300 787 5368 potiti.
821 5299 996 5366 Quam
1022 5300 1152 5357 dum
1187 5308 1527 5370 oppugnant.
1563 5315 1743 5368 neque
1773 5298 2024 5353 Rhenum

449 5392 804 5461 trajecerant,
834 5406 1015 5461 neque
1046 5391 1099 5445 in
1122 5389 1350 5446 Galliam
1406 5388 1825 5463 impressionem
1881 5388 2029 5444 fece-

446 5495 597 5545 runt.
630 5499 696 5539 ac
724 5498 792 5537 ne
822 5484 1106 5540 castellum
1144 5483 1367 5550 quidem
1408 5482 1542 5538 illud
1588 5498 1901 5552 expugnare
1927 5500 2026 5552 po-

447 5586 673 5629 tuerunt
701 5590 766 5628 ex
801 5574 1153 5630 obsidionum
1189 5573 1486 5644 imperitia,
1535 5582 1593 5628 et
1618 5576 2025 5644 sagittariorum

449 5664 654 5733 quibus
691 5663 924 5718 Romani
957 5665 1273 5730 utebantur,
1328 5665 1682 5719 multitudine
1713 5680 1727 5718 :
1761 5679 1790 5717 a
1825 5663 2027 5733 quibus

454 5754 887 5820 repellebantur,
936 5764 992 5810 et
1049 5755 1271 5825 plurimi
1326 5755 1748 5811 occidebantur.
1820 5757 2027 5811 Deinde

454 5856 573 5895 cum
620 5839 890 5907 pransidiis
937 5847 1190 5900 Rhenum
1241 5847 1441 5913 teneri,
1475 5857 1529 5903 et
1575 5847 1859 5904 Tiberium
1899 5866 2025 5907 cum

2125 2164 2411 2235 ἐνίκησαν.
2481 2161 2542 2217 Ὀ
2573 2163 2629 2216 δὲ
2656 2161 2909 2233 Τιϐέριος
2950 2163 3006 2223 ἐς
3037 2159 3136 2228 τὴν
3182 2159 3422 2230 Ῥώμην
3448 2157 3714 2226 ἐπανελή-

2123 2254 2280 2317 λυθε,
2313 2254 2407 2307 καὶ
2437 2248 2593 2315 αὖθις
2624 2252 2777 2322 παρὰ
2810 2248 2904 2303 τοῦ
2938 2247 3254 2316 Αὐγούστου
3291 2251 3377 2309 είς
3403 2244 3715 2316 Δαλματίαν

2137 2346 2343 2416 ἐστάλη
2377 2344 2750 2414 ἀνταιρόντων
2778 2343 2896 2394 ἐκεῖ
2927 2358 3115 2394 τινων·
3157 2337 3257 2405 οὓς
3298 2339 3460 2410 μόλις
3496 2338 3595 2409 μὲν
3626 2334 3713 2389 καὶ

2132 2439 2231 2492 σὺν
2279 2437 2572 2502 κινδύνοις,
2605 2435 2744 2498 τέως
2777 2434 2822 2487 δ’
2856 2432 2949 2486 οὖν
2981 2431 3352 2503 ἐχειρώσατο.
3390 2431 3489 2484 καὶ
3524 2431 3552 2483 6
3586 2427 3712 2496 Γερ-

2128 2526 2356 2598 μανικὸς
2406 2526 2610 2597 ὁμοίως
2639 2525 2883 2594 ἐτέρους.
2921 2523 3033 2577 Καὶ
3079 2524 3108 2574 6
3139 2522 3243 2593 μὲν
3292 2521 3540 2589 πόλεμος
3571 2510 3714 2577 οὗτος

2123 2621 2286 2676 τοῦτο
2318 2620 2521 2691 ἔσχηκε
2551 2618 2725 2682 τέλος.
2767 2617 2861 2671 Ἐκ
2889 2617 2944 2670 δὲ
2975 2615 3293 2687 Γερμαιίας
3328 2612 3569 2682 ἀγγελία
3619 2624 3706 2661 κο-

2130 2714 2406 2788 μισθεῖσα,
2442 2714 2702 2783 ἑορτάσαι
2733 2713 2803 2765 τὰ
2836 2712 3132 2782 νικητήρια
3164 2710 3297 2773 τοὺς
3327 2710 3387 2762 ἐν
3420 2710 3488 2778 τῇ
3529 2703 3712 2772 Ῥώμῃ

2126 2808 2424 2862 ἐκώλυσεν.
2477 2806 2567 2858 Ἐν
2599 2805 2707 2875 γάρ
2744 2806 2812 2875 τῇ
2843 2804 3083 2873 Κελτικῇ
3118 2797 3270 2872 εἶχον
3301 2801 3480 2870 αὐτῆς
3518 2812 3636 2849 τινα
3662 2793 3711 2844 οἱ

2137 2901 2431 2971 Ῥωμαῖοι,
2464 2897 2563 2967 οὐχ
2611 2894 2747 2966 ὁμοῦ
2798 2897 3156 2965 συγκείμενα,
3224 2893 3369 2946 ἀλλὰ
3421 2887 3707 2959 σποράδην,

2127 2994 2202 3057 ὡς
2228 2992 2384 3063 ἔτυχε
2436 2988 2798 3062 χειρωθέντα.
2851 2987 2962 3041 Καὶ
3009 2984 3351 3059 στρατιῶται
3386 2980 3529 3054 ἦσαν
3578 2977 3708 3036 ἐκεῖ,

2126 3089 2224 3141 καὶ
2258 3086 2443 3150 πόλεις
2477 3082 2868 3155 συνῳκίζοντο,
2905 3080 3004 3134 καὶ
3031 3081 3081 3132 oi.
3118 3078 3404 3150 Βάρϐαροι
3434 3074 3573 3147 πρὸς
3618 3069 3706 3136 ἔθη

2139 3175 2432 3247 Ῥωμαϊκὰ
2487 3176 2586 3229 καὶ
2640 3171 2943 3243 εὐκοσμίαν
2982 3169 3520 3242 μετερρύθμίζσντο.
3571 3161 3707 3222 Ἕως
3746 3166 3751 3169 ’

2135 3268 2237 3340 μέν
2273 3267 2368 3322 οὖν
2421 3267 2565 3322 κατὰ
2608 3264 2782 3340 βραχὺ
2816 3264 2908 3317 καὶ
2935 3261 3039 3331 ίδῷ
3068 3278 3178 3315 τινι
3229 3262 3298 3315 ἐκ
3329 3260 3442 3315 τῶν
3472 3255 3708 3326 πατρίων

2132 3360 2459 3430 μετήγοντο,
2520 3357 2623 3410 οὐκ
2684 3353 2914 3425 ήχθοντο
2960 3354 3027 3421 τῇ
3083 3348 3178 3402 τοῦ
3243 3348 3369 3420 βίου
3421 3340 3703 3430 μεταϐολῇ.

2051 3423 2096 3483 c
2133 3423 2301 3504 ζΕτιεί
2325 3448 2369 3502 δ’
2400 3449 2429 3502 6
2454 3445 2665 3515 Οὔαρος
2697 3423 3058 3503 δΚυντίλιος
3134 3441 3237 3510 τὴν
3275 3435 3586 3511 ἡγεμονίαν
3612 3429 3705 3498 τῆς

2128 3542 2437 3614 Γερμανίας
2478 3538 2658 3594 λαϐὼν
2694 3538 2963 3590 ἔσπευσεν
3023 3534 3226 3597 αὐτοὺς
3290 3532 3492 3604 ἁθρόον
3545 3539 3702 3614 μεταξ

2131 3613 2353 3706 στῆσαι,
2411 3635 2508 3688 καὶ
2551 3634 2628 3695 ὡς
2687 3629 3003 3684 δουλεύουσι
3053 3628 3241 3696 σφίσιν
3277 3628 3568 3683 ἐπέταττε,
3616 3613 3707 3671 κιὶ

2128 3732 2388 3801 χρήματα
2416 3725 2706 3797 ἔπραττεν·
2749 3724 2851 3776 οὐκ
2883 3721 3196 3792 ἠνέσχοντο,
3232 3719 3375 3772 ἀλλὰ
3421 3713 3701 3801 δεξάμενοι

2126 3823 2217 3877 τὸν
2254 3819 2487 3891 Οὔαρον,
2522 3818 2598 3882 ὡς
2624 3819 2691 3871 τὰ
2724 3816 3079 3887 πραττόμενα
3124 3813 3476 3884 ποιήσοντες,
3522 3800 3701 3874 πόρῤω

2126 3913 2222 3967 τοῦ
2264 3911 2455 3981 Ῥήνου
2485 3910 2825 3981 προήγαγον,
2860 3906 2957 3959 καὶ
2991 3905 3177 3956 πίστιν
3228 3901 3387 3973 αὐτῷ
3414 3896 3701 3967 παρέσχον,

2127 4006 2203 4069 ὡς
2250 4003 2349 4059 καὶ
2399 4006 2530 4058 ἄνευ
2591 3999 2949 4071 στρατιωτῶν
2997 3992 3406 4056 δουλεύσοντες.
3444 3990 3504 4042 ὐ
3538 3984 3593 4038 δέ
3621 3996 3703 4033 m-

2132 4095 2365 4160 στεύσας
2393 4094 2517 4148 οὔτε
2558 4094 2625 4147 τὰ
2656 4090 3045 4165 στρατεύματα
3076 4091 3152 4155 ὡς
3181 4092 3239 4142 ἐν
3265 4082 3506 4155 πολεμίᾳ
3532 4073 3699 4165 συνεί·

2127 4205 2215 4260 Χεν
2249 4188 2342 4241 καὶ
2375 4186 2570 4248 ἄλλους
2598 4162 2832 4254 ἀλλαξχοῦ
2887 4182 3124 4253 ἔπεμπε.
3171 4178 3516 4253 Θαρῤοὖντος
3541 4169 3584 4223 δ’
3611 4162 3701 4220 αὑ-

2127 4279 2223 4335 τοῦ
2243 4270 2358 4334 ’καὶ
2389 4262 2463 4349 μὴ
2507 4295 2559 4331 τι
2609 4277 2783 4330 δεινὸν
2834 4273 3237 4335 ὑποπτεύοντπ
3290 4266 3695 4349 ἐπανίστανται,

2128 4372 2226 4427 καὶ
2283 4368 2715 4431 ἀποκτείναντες
2771 4367 2900 4430 τοὺς
2947 4364 3100 4434 παρὰ
3158 4363 3312 4433 σφίσι
3370 4347 3697 4430 στρατιώτας

2128 4462 2365 4535 ἐπῆλθον
2393 4461 2542 4532 αὐτῷ
2590 4461 2648 4515 ἐν
2687 4458 2843 4521 ὕλαις
2885 4455 3240 4520 δυσεκϐάτοις
3282 4453 3400 4507 ὄντι
3431 4444 3569 4541 μετά
3604 4438 3694 4541 τῇς

2128 4558 2259 4628 περὶ
2317 4556 2486 4609 αὐτὸν
2537 4553 2822 4623 στρατιᾶς,
2874 4550 2969 4602 καὶ
3012 4549 3247 4613 ἐξάπινα
3298 4543 3443 4614 σφᾶς
3479 4537 3565 4593 διὰ
3595 4537 3694 4628 τῷν

2135 4621 2625 4722 λολμωδεστάτων,
2666 4644 2926 4715 ἔμπειροι
2960 4640 3168 4694 τούτων
3201 4639 3360 4700 ὅντες
3394 4621 3693 4702 περιεστοί-

340 4742 349 4755 ’
444 4742 711 4813 przecipui
769 4743 977 4813 quique
1015 4743 1312 4810 vulnerati,
1360 4752 1675 4801 metuentes
1700 4762 1770 4802 ne
1810 4747 1921 4803 vivi
1971 4747 2022 4801 in

2135 4761 2315 4815 χισαν,
2347 4743 2443 4795 καὶ
2470 4740 2698 4793 πλεῖστα
2740 4738 2840 4809 μὲν
2892 4737 2989 4791 καὶ
3023 4732 3347 4795 πλειστάκις
3389 4726 3689 4826 satiatos?-

334 4898 339 4901 _
444 4812 687 4890 hostium
742 4812 1075 4904 potestatem
1137 4834 1414 4903 venirent,
1473 4837 1618 4893 ultro
1672 4837 1780 4893 sibi
1833 4854 2022 4894 necem

2127 4812 2295 4900 Τέλος
2319 4836 2376 4890 δέ
2401 4833 2510 4887 τῶν
2556 4833 2661 4904 μὲν
2707 4830 2996 4901 Ῥωμαίων
3026 4825 3419 4882 ἀποϐαλόντων
3450 4812 3688 4871 πολλοὺς.

2126 4933 2241 4993 τοῖς
2281 4928 2339 4982 δέ
2378 4926 2695 5002 Βαρϐάροις
2730 4924 2817 4977 ἀεὶ
2855 4921 3302 4993 προστιθεμένων
3336 4904 3687 5002 ἐτέρων-δμφ

2126 5017 2322 5088 γενῶν,
2371 5018 2502 5090 ρᾷον
2539 5018 2589 5069 οἱ
2635 5016 2905 5086 Ῥωμαῖοι
2947 5012 3312 5083 κυκλούμενοι
3359 4997 3683 5090 ἐφονεύοντο,

2127 5087 2269 5166 ὥστε
2293 5087 2390 5163 καλ
2418 5087 2512 5164 τὸν
2558 5107 2776 5180 Οὔαρον
2817 5108 2916 5160 καὶ
2970 5107 3099 5168 τοὺς
3147 5102 3366 5163 λοιποὺς
3402 5094 3533 5191 τοὺς
3550 5087 3686 5191 ἔστί·

2130 5203 2413 5274 μωτάτους
2440 5201 2735 5273 τρωθῆναι·
2774 5198 2824 5254 οἳ
2854 5197 3184 5269 φοϐηθέντες
3221 5196 3297 5267 μὴ
3321 5182 3684 5274 ζωγρηθῶξίινυ

2136 5269 2295 5350 αὐτοὶ
2322 5269 2555 5358 ἑαυτοὺς
2585 5269 2818 5347 ἀνεῖλον.
2848 5291 3021 5345 Τοῦτο
3051 5289 3109 5343 δὲ
3144 5289 3363 5358 γνόντες
3392 5278 3485 5334 καὶ
3512 5273 3558 5325 οἱ
3588 5269 3685 5358 λοι-

2136 5389 2252 5450 ποὶ,
2285 5388 2336 5439 οἱ
2365 5385 2465 5456 μὲν
2500 5354 2591 5438 τδν
2620 5384 2864 5454 ἄρχοντα
2887 5354 3255 5453 ἐμιμήσαντο·
3285 5378 3334 5430 οἱ
3362 5372 3440 5437 δὲζ
3461 5366 3536 5464 τὰ.
3558 5354 3685 5464 ὅτξλξι

2132 5482 2397 5544 τιθέντες,
2434 5480 2736 5551 ἐπέτρεπον
2767 5477 2848 5549 τῷ
2878 5476 3192 5547 βουλομένῳ
3216 5468 3461 5543 φονεύειν
3482 5458 3680 5515 αύτοῠςο

2150 5576 2474 5629 Ἐκόπτοντο
2510 5571 2607 5628 οὖν
2631 5571 2826 5636 άδεῶς,
2854 5572 2947 5625 καὶ
2972 5570 3040 5623 τὰ
3067 5568 3316 5640 ἐρύματα
3349 5563 3520 5615 πάντα
3567 5558 3681 5619 καῖ’

2137 5669 2295 5737 έσχον
2334 5668 2384 5719 oi
2416 5665 2693 5737 Βάρϐαροι
2724 5665 2858 5736 ἄτερ
2885 5656 3004 5725 ἐνδς
3025 5680 3037 5693 ·
3074 5661 3204 5732 περὶ
3228 5660 3256 5713 ὃ
3291 5641 3676 5737 ἀσχοληθέντξῇ

2135 5728 2259 5812 οὔτε
2287 5758 2381 5811 τὸν
2420 5728 2918 5827 Ῥήνου-διέϐησαν,
2939 5754 3053 5808 οὔτ’
3084 5728 3270 5818 ἐςντὴν
3288 5740 3546 5827 Γαλατίαν
3573 5728 3676 5781 εἰσ·

2137 5849 2351 5907 ἐσαλον.
2409 5826 2549 5905 Ἀλλ’
2583 5848 2693 5904 οὐδ’
2729 5848 2908 5902 ἐκεῖνο
2934 5843 3309 5914 χειοώσασθαι
3337 5826 3669 5908 ἠδυνήθησαν»
