4048 6426
457 366 559 425 917

1716 357 2126 415 ANNALIUM
2166 357 2315 418 LIB.
2353 358 2425 416 Χ.

3611 359 3713 423 913

447 481 573 534 ἐπεὶ
608 478 747 546 μήτε
782 476 1094 547 πολιορκεῖν
1145 478 1465 547 ἠπίσταντο.
1526 474 1635 525 Καὶ
1686 470 1932 536 τοξόταις
1982 472 2031 524 οἱ

2140 474 2353 543 magnis
2385 471 2562 539 copiis
2610 470 2909 526 adventare
2959 470 3322 534 audivissent.
3375 473 3620 544 plerique
3680 492 3709 530 a

420 565 423 568 ’
461 573 728 641 Ῥωμαῖοι
767 571 984 639 συχνοῖς
1019 569 1281 639 ἐχρῶντο,
1314 567 1374 631 ἐξ
1402 561 1477 619 ὧν
1514 566 1610 618 καὶ
1645 564 2030 623 ἁνεκὸπτοντο,

451 667 542 718 καὶ
594 664 833 718 πλεῖστοι
856 661 1219 736 άπώλλυντο.
1249 661 1406 715 Μετὰ
1446 659 1500 712 δὲ
1534 658 1692 713 τοῦτο
1745 656 2039 726 πυθόμενοι

450 757 700 826 φυλακὴν
738 755 832 808 τοῦ
903 754 1092 823 Ῥήνου
1149 752 1276 816 τοὺς
1325 751 1628 821 Ῥωμαίους
1676 747 2037 819 ποιήσασθαι,

454 845 547 897 καὶ
596 845 687 897 τὸν
716 844 968 914 Τιϐέριον
1000 844 1097 897 σὺν
1141 842 1299 913 βαρεῖ
1329 839 1723 912 προσελαύνειν
1758 839 2019 909 στρατεύσ

463 952 617 1004 ματι,
668 936 718 987 oi
775 935 873 1005 μὲν
938 935 1127 987 πολλοὶ
1169 934 1556 1002 ἀπανέστησαν
1603 931 1698 984 τοῦ
1738 931 2035 1001 ἐρύματος·

456 1029 507 1079 οἱ
535 1027 582 1079 δ’
613 1024 1035 1095 ὑπολειφθέντες
1062 1024 1405 1088 ἀποστάντες
1435 1022 1626 1089 αὐτοῦ,
1660 1021 1802 1075 ὥστε
1832 1020 1908 1092 μὴ
1941 1022 2032 1073 αἱ·

461 1117 694 1185 φνιδέαις
754 1116 1137 1181 ἐπεξελεύσεσι
1183 1116 1293 1170 τῶν
1343 1116 1496 1178 ἐντὸς
1551 1113 1877 1176 κακοῦσθαι,
1937 1113 2040 1176 τὰς

459 1211 615 1272 ὁδοὺς
645 1210 900 1278 ἐτήρουν,
951 1209 1147 1265 σπάνει
1196 1208 1383 1262 σιτίων
1437 1206 1693 1276 αἱρήσειν
1744 1203 2039 1275 ἠλπικότες

464 1298 686 1362 αὐτούς.
722 1300 786 1353 Οί
840 1301 887 1353 δ’
923 1301 1074 1364 ἐντὸς
1113 1300 1264 1362 ὄντες
1308 1298 1597 1369 Ῥωμαῖοι,
1667 1297 1771 1362 ἕως
1818 1298 1917 1364 μὲν
1949 1297 2039 1350 εὐ-

457 1389 662 1461 πόρουν
678 1391 908 1461 τροφῆς,
942 1390 1084 1443 κατὰ
1114 1389 1295 1460 χώραν
1335 1387 1552 1458 έμενον,
1583 1386 1838 1458 βοήθειαν
1868 1401 2037 1456 προσ-

453 1481 755 1550 δεχόμενοι·
791 1481 866 1543 ώς
909 1480 954 1533 δ’
992 1479 1118 1535 οὔτε
1192 1498 1276 1543 τις
1324 1478 1614 1547 ἐπεκούρει
1655 1477 1864 1542 αὐτοῖς,
1942 1477 2038 1529 καὶ

455 1570 605 1641 λιμῷ
646 1571 983 1642 συνείχοντο,
1033 1572 1280 1642 ἐξῆλθον,
1327 1569 1502 1623 νύκτα
1541 1570 1887 1641 τηρήσαντες
1922 1585 2037 1639 χει-

458 1664 649 1732 μέριον
682 1659 842 1732 (ἦσαν
872 1663 929 1716 δὲ
968 1664 1300 1734 στρατιῶται
1347 1663 1446 1732 μὲν
1500 1661 1695 1731 όλίγοι,
1724 1660 1924 1717 ἄοπλοι
1979 1660 2037 1714 δὲ

457 1752 669 1825 πολλοὶ)
698 1754 791 1806 καὶ
815 1754 878 1806 τὸ
914 1753 1014 1824 μὲν
1071 1752 1290 1825 πρῶτον
1325 1753 1419 1808 καὶ
1450 1751 1706 1822 δεύτερον
1755 1751 2037 1823 φυλακτή-

2141 562 2369 618 castello
2412 570 2783 617 recesserunt.
2835 562 3074 631 Reliqui,
3133 580 3200 618 ne
3240 564 3440 619 subitis
3467 565 3708 620 hostium

2140 655 2563 710 excursionibus
2594 654 3005 720 infestarentur,
3048 656 3262 725 longius
3315 656 3563 727 digressi,
3594 658 3713 711 vias

2139 747 2496 809 obsederunt,
2546 754 2607 800 ut
2656 747 2885 816 penuria
2916 760 3252 803 commeatus
3301 764 3396 804 cos
3430 766 3713 819 expugna-

2141 847 2285 891 rent.
2318 836 2549 891 Romani
2580 852 2714 891 vero
2763 843 2891 893 dum
2923 838 3131 895 cibaria
3181 839 3563 909 suppetebant,
3624 855 3717 894 ex-

2139 929 2482 997 spectatione
2527 930 2758 993 auailii,
2826 931 3169 987 obsidionem
3222 932 3551 987 tolerabant.
3604 930 3713 985 Sed

2137 1037 2263 1077 cum
2298 1039 2460 1079 nemo
2486 1038 2644 1092 Opem
2675 1022 2865 1091 ferret,
2900 1033 2958 1079 et
3003 1024 3147 1079 fame
3178 1034 3531 1095 urgerentur,
3576 1034 3713 1079 tem-

2139 1124 2399 1185 pestuosa
2426 1125 2590 1171 nocte
2620 1126 2832 1187 captata
2869 1118 3075 1188 egressi
3113 1119 3295 1185 (erant
3339 1129 3521 1174 autem
3554 1118 3713 1188 pauci

2137 1206 2363 1271 milites,
2411 1208 2576 1261 multi
2632 1206 2892 1277 inermes)
2932 1208 3138 1277 primas
3167 1223 3233 1263 ac
3281 1208 3554 1265 secundas
3586 1209 3718 1262 Bar-

2136 1299 2396 1354 barorum
2425 1299 2689 1354 excubias
2713 1298 3027 1355 fefellerunt
3053 1318 3065 1354 :
3099 1301 3242 1370 apud
3277 1301 3471 1356 tertias
3490 1301 3713 1357 demum

2136 1391 2493 1461 deprehensi.
2533 1405 2730 1446 omnes
2777 1400 2874 1446 aut
2904 1391 3027 1446 caesi
3057 1401 3154 1446 aut
3182 1392 3325 1461 capti
3360 1401 3565 1456 essent,
3609 1392 3715 1448 nisi

2136 1483 2363 1538 Barbari
2398 1484 2467 1539 ad
2501 1483 2868 1553 direptionem
2899 1483 3097 1554 praeda:
3133 1485 3388 1540 conversi
3414 1495 3626 1547 essent,
3658 1495 3715 1540 et

2138 1575 2416 1631 tubicines
2456 1574 2684 1630 incitato
2714 1574 2975 1646 clangore
3004 1574 3322 1644 Opinionem
3361 1576 3470 1632 illis
3492 1577 3713 1631 attulis-

2136 1677 2283 1732 sent,
2332 1666 2488 1736 quasi
2544 1665 2745 1720 auxilia
2798 1667 3083 1722 venissent
3139 1667 3408 1734 obsessis,
3439 1683 3561 1737 quae
3595 1677 3718 1723 tan-

2138 1759 2263 1814 dem
2299 1773 2489 1813 revera
2524 1758 2884 1814 advenerunt.
2924 1758 3181 1814 Tiberius
3211 1768 3396 1813 autem
3453 1761 3717 1817 Rhenum

461 1861 579 1915 ριον
611 1821 721 1899 τῶν
759 1821 1065 1917 Βαρϐάρων
1118 1821 1422 1915 παρῆλθον,
1456 1845 1594 1916 πρὸς
1617 1821 1699 1898 δὲ
1751 1843 1831 1914 τῷ
1861 1821 2031 1914 τρίτῲ

2138 1850 2243 1907 sibi
2277 1850 2678 1905 transeundum
2715 1865 2824 1903 non
2860 1850 3095 1910 censuit.
3124 1850 3219 1905 sed
3250 1851 3472 1921 quietus
3495 1865 3554 1907 se
3580 1867 3718 1907 con-

458 1936 745 2006 γενόμενοι
774 1937 1166 2007 ἐφωράθησαν,
1200 1935 1299 1990 καὶ
1344 1936 1545 1999 πάντες
1576 1935 1643 1989 ἂν
1690 1932 1969 1988 ἀπώλοντο
2001 1933 2035 2003 ἢ

2138 1942 2324 2008 tinuit,
2377 1942 2697 2005 observans,
2757 1956 2824 1996 an
2875 1942 2929 1996 id
2977 1942 3193 1997 Barbari
3269 1941 3470 1998 facturi
3503 1952 3710 1998 essent.

459 2027 553 2080 καὶ
580 2027 850 2095 ἑάλωσαν,
904 2030 954 2081 εί
1004 2028 1080 2099 μὴ
1136 2030 1185 2082 οἱ
1220 2029 1497 2100 Βάρϐαροι
1552 2026 1683 2094 περὶ
1719 2027 1820 2096 τήν
1861 2026 2041 2096 ἁρπα-

462 2121 568 2188 γὴν
618 2120 719 2189 τῆς
765 2120 920 2185 λείας
963 2121 1286 2192 ἐτράποντο,
1327 2121 1422 2174 καὶ
1454 2120 1503 2173 οἱ
1539 2119 1882 2185 σαλπιγκταὶ
1914 2135 2046 2188 τρο-

459 2208 612 2278 χιιῖὁν
644 2227 700 2262 τι
747 2210 1156 2281 συμϐοήσαντε;
1188 2210 1346 2277 δόξαν
1375 2211 1651 2281 παρέσχον
1691 2211 1766 2274 ώς
1818 2212 2042 2262 ἐπικου-

462 2301 553 2367 ρίαι
583 2302 693 2364 τοῖς
725 2302 1203 2372 πολιορκουμένοις
1230 2303 1513 2374 ἐλήλυθεν,
1540 2300 1659 2355 εἶτα
1684 2302 1780 2355 καὶ
1806 2301 1882 2364 ώς
1904 2300 2042 2371 άλη-

462 2391 568 2454 θιῦς
594 2392 1072 2465 ὲπεκουρήθησαν.
1116 2395 1176 2448 '0
1230 2394 1288 2448 δέ
1337 2395 1596 2465 Τιϐέριος
1640 2393 1898 2462 διαϐῆναι
1950 2393 2043 2447 τον

473 2482 665 2551 Ῥῆνον
698 2484 798 2538 οὐκ
829 2486 1064 2555 ἔκρινεν,
1121 2485 1237 2540 ἀλλ’
1269 2487 1588 2558 ήτρέμιζεν,
1624 2486 1904 2555 ἐπιτηρῶν
1965 2486 2041 2556 μὴ

462 2577 512 2626 οἱ
546 2576 826 2648 Βάρϐαροι
858 2579 1019 2631 τοῦτο
1085 2579 1407 2651 ποιήσωσιν.
1476 2578 1618 2632 Ἀλλ’
1675 2578 1784 2631 οὐδ’
1841 2578 2042 2630 ἐκεῖνοι

460 2663 714 2737 διιϐῆναι
762 2668 1094 2739 ἐτόλμησαν,
1142 2669 1360 2738 γνόντες
1394 2669 1556 2723 αὑτὸν
1592 2669 1858 2740 παρόντα.
1889 2669 2044 2722 Μετὰ

464 2756 641 2811 ταῦτα
670 2757 728 2811 δὲ
755 2761 919 2824 αὐτὸς
952 2761 1049 2816 καὶ
1086 2764 1114 2814 ὁ
1150 2762 1491 2832 Γερμανικὸς
1526 2760 1809 2814 εἰσέϐαλον
1833 2762 1915 2824 εἰς
1941 2761 2040 2830 τήν

2133 2034 2294 2108 543
2324 2035 2528 2091 Verum
2544 2049 2647 2090 nec
2672 2034 2768 2095 illi.
2794 2035 3082 2104 praesentia
3112 2034 3234 2105 ejus
3265 2034 3505 2103 cognita,
3534 2042 3712 2090 trans~

2137 2129 2220 2182 ire
2281 2127 2401 2182 ausi
2439 2127 2684 2183 fuerunt.
2717 2126 2848 2182 Post
2893 2128 3008 2183 haec
3039 2128 3154 2198 ipse
3184 2139 3240 2183 et
3268 2128 3629 2184 Germanicus
3659 2131 3716 2183 in

2135 2212 2403 2270 Celticam
2454 2213 2820 2285 impressione
2867 2214 3032 2275 facta.
3082 2216 3348 2287 quasdam
3384 2220 3504 2289 ejus
3533 2229 3719 2289 partes

2138 2307 2495 2361 incursarunt
2522 2323 2535 2360 :
2576 2322 2751 2377 neque
2783 2316 2964 2369 tamen
2993 2308 3078 2363 vel
3108 2309 3299 2378 prmlio
3328 2309 3604 2378 vicerunt,
3631 2312 3719 2367 vel

2137 2407 2358 2466 gentem
2381 2396 2624 2467 aliquam
2653 2397 3014 2467 subegerunt,
3043 2411 3333 2469 propterea
3384 2404 3528 2472 quod
3560 2417 3720 2458 nemo

2136 2488 2206 2543 ad
2239 2502 2434 2543 manus
2472 2490 2766 2543 veniebat:
2810 2501 2912 2543 nec
2958 2488 3062 2557 ipsi
3093 2504 3122 2542 a
3165 2490 3363 2544 Rheno
3391 2491 3554 2561 longe
3588 2506 3716 2561 pro-

2138 2590 2449 2643 cesserunt,
2484 2580 2649 2637 veriti
2677 2595 2747 2635 ne
2775 2580 2961 2651 denuo
2991 2582 3203 2637 cladem
3249 2583 3587 2652 acciperent,
3622 2582 3719 2638 sed

2138 2670 2215 2725 ibi
2244 2683 2419 2739 usque
2450 2668 2504 2722 in
2531 2679 2862 2725 autumnum
2892 2671 3245 2736 commorati,
3277 2671 3503 2727 domum
3534 2672 3718 2728 redie-

2140 2768 2297 2816 runt-

463 2851 735 2924 Κελτικὴν
762 2853 852 2908 καί
882 2871 1006 2908 τινα
1055 2854 1262 2927 ταύτης
1309 2854 1677 2926 κατέδραμον,
1738 2854 1800 2907 οὐ
1856 2851 2041 2923 μέντοι
2080 2853 2178 2906 καὶ
2241 2853 2392 2926 μάχῃ
2428 2852 2864 2926 ἐνίκησαν,οὖτε
2897 2852 3050 2917 ἔθνος
3098 2872 3151 2907 τι
3213 2855 3587 2924 ὑπηγάγοντο,
3639 2854 3734 2909 ὅτι⁴

467 2944 593 3014 μηδ’
644 2946 734 3017 ᾔει
784 2964 868 3009 τις
899 2949 957 3011 ἐς
990 2951 1184 3019 χεῖρας
1238 2951 1449 3018 αὐτοῖς,
1484 2953 1581 3005 καὶ
1604 2948 1715 3004 οὐδ’
1752 2948 1910 3004 αὐτοὶ
1970 2946 2064 3000 τοῦ
2117 2946 2310 3019 Ῥήνου
2363 2948 2553 3021 πόρῥω
2600 2947 2971 3019 προήλθοσαν,
3021 2949 3255 3013 δεδιότες
3335 2950 3408 3021 μὴ
3448 2952 3541 3009 καὶ
3567 2946 3729 3019 αὖθις

462 3038 760 3108 σφαλῶσιν,
799 3039 915 3094 ἀλλ’
942 3041 1108 3095 αὑτοῦ
1145 3059 1245 3095 που
1286 3040 1449 3113 μέχρι
1503 3041 1597 3095 τοῦ
1638 3039 1955 3113 μετοπώρου
1986 3036 2365 3111 διατρίψαντες
2395 3037 2719 3105 ἐπανῆλθον.

533 3129 664 3182 AII'.
707 3127 767 3180 Ὀ
798 3120 1110 3197 Αὔγουστος
1137 3130 1194 3184 δὲ
1230 3130 1300 3184 τά
1331 3130 1435 3200 τῆς
1465 3129 1767 3201 μοναρχίας
1794 3127 2035 3191 διοικῶν,

2209 3126 2499 3184 XXXVIII.
2535 3126 2815 3197 Augustus
2842 3142 2998 3195 vero,
3029 3143 3154 3183 cum
3183 3127 3237 3183 in
3268 3129 3503 3198 imperio
3534 3130 3703 3187 admo

463 3217 559 3271 καὶ
590 3218 919 3289 ὑπέργηρως
951 3218 1047 3289 ήδη
1095 3218 1525 3288 γενόμενος,.τδν
1579 3217 1676 3289 μὲν
1701 3216 2044 3288 Γερμανικὸν

462 3307 845 3364 ὑπατεύσαντα
875 3311 981 3381 πρδ
1009 3309 1103 3363 τοῦ
1139 3315 1548 3384 στρατηγῆσαι,
1581 3311 1933 3380 παρεκάθετο
1973 3311 2040 3381 τῇ

465 3403 652 3473 βουλῇ,
687 3404 787 3472 τὴν
815 3402 975 3473 δέτῷ
1027 3403 1287 3473 Τιϐερίῳ.
1331 3403 1724 3477 Ἰπποδρομίας
1767 3403 1826 3458 δὲ
1854 3402 2046 3457 τελου-

467 3494 634 3563 μένης
666 3495 725 3547 ἐν
762 3496 875 3557 τοῖς
911 3493 1215 3563 γενεθλίοις
1260 3491 1428 3547 αὑτοῦ
1470 3494 1724 3565 ἐμμανής
1769 3509 1855 3556 τις
1903 3493 2044 3563 ἀνὴρ

462 3587 719 3641 ἐκάθισεν
744 3588 801 3652 ἐς
829 3587 921 3641 τὸν
951 3587 1145 3654 δίφρον
1177 3585 1270 3642 τὸν
1293 3587 1371 3656 τῷ
1410 3586 1618 3657 Ἰουλίῳ
1645 3588 1886 3659 Καίσαρι
1910 3589 2043 3641 ἀνα-

465 3681 741 3750 κείμενον,
778 3680 871 3733 καὶ
907 3679 1002 3733 τὸν
1024 3679 1236 3733 ἐκείνου
1293 3680 1555 3747 στέφανον
1609 3678 1913 3750 περιέθετο.
1976 3679 2043 3733 Ὃ

465 3772 678 3834 πάντας
720 3770 988 3841 ἐτάραξεν
1022 3770 1098 3832 ώς
1146 3771 1227 3834 είς
1284 3770 1378 3824 τὸν
1411 3768 1720 3837 Αΰγουστόν
1748 3785 1803 3823 τι
1838 3770 2042 3838 σημαῖ-

463 3880 572 3917 νον.
610 3861 773 3915 Ἀλλὰ
811 3862 905 3915 καὶ
934 3860 1140 3932 τέρατα
1176 3859 1312 3931 πρὸς
1359 3859 1519 3913 τοῦτο
1575 3860 1811 3930 φέροντα
1867 3874 2039 3929 προσ-

462 3953 626 4007 έπεσε
688 3951 932 4009 πλείονα.
968 3954 1036 4007 ⁵0
1084 3970 1144 4006 τε
1176 3952 1285 4023 γὰρ
1324 3951 1474 4022 ἥλιος
1501 3950 1650 4014 ἄπας
1678 3949 1916 4014 ἐξέλιπε,
1947 3950 2042 4002 καὶ

463 4049 557 4101 τοῦ
607 4046 838 4116 οὐρανοῦ
896 4046 1032 4100 πολὺ
1085 4046 1336 4116 πυρῶδες
1401 4045 1727 4115 φαινόμενον
1790 4042 2040 4096 καίεσθαι

462 4141 633 4206 εδοξε,
679 4141 776 4195 καὶ
800 4142 1032 4211 ἀστέρες
1063 4139 1307 4210 κομῆται
1348 4138 1443 4193 καὶ
1474 4136 1806 4207 αἱματώδεις
1848 4134 2037 4205 ώςρθη-

464 4249 585 4286 σαν.
626 4231 833 4300 Βουλῆς
862 4248 923 4285 τε
953 4230 1045 4284 ἐπὶ
1073 4232 1139 4301 τῇ
1192 4229 1335 4299 νόσῳ
1374 4227 1541 4281 αὐτοῦ
1577 4226 2035 4309 ἐπαγγελθείσης.

462 4321 529 4374 ἶν’
555 4322 722 4391 εὐχὰς
753 4322 1115 4393 ποιήσωνται,
1140 4319 1529 4388 κεκλεισμένον
1560 4315 1762 4388 εὖρητο
1814 4316 1875 4369 τὸ
1907 4333 2036 4370 συνο

2142 3219 2273 3274 dum
2305 3220 2579 3276 senuisset
2602 3259 2617 3285 ,
2652 3217 3039 3275 Germanicum
3092 3227 3218 3273 ante
3247 3228 3541 3287 praeturam
3586 3235 3720 3276 con-

2141 3311 2323 3368 sulatu
2356 3310 2611 3367 functum
2638 3311 2877 3376 senatui,
2907 3320 3159 3366 senatum
3183 3310 3408 3365 Tiberio
3440 3326 3727 3366 commen-

2141 3403 2313 3460 davit.
2363 3402 2537 3458 Ludis
2575 3400 2951 3466 Circensibus,
3001 3402 3174 3457 natali
3215 3404 3356 3473 ejus,
3396 3403 3564 3458 homo
3598 3405 3721 3473 qui-

2140 3496 2267 3552 dam
2311 3498 2541 3553 insanus
2581 3496 2768 3551 sellam
2815 3495 2962 3552 Julio
2985 3493 3187 3550 Caesari
3217 3495 3528 3551 dedicatam
3556 3510 3718 3549 occu-

2140 3588 2317 3659 pavit,
2357 3588 2618 3658 illiusque
2665 3602 2927 3643 coronam
2974 3601 3078 3642 suo
3110 3588 3276 3654 capiti
3338 3587 3625 3657 imposuit.
3661 3586 3719 3641 Id

2142 3680 2387 3734 turbavit
2413 3694 2628 3743 omnes,
2684 3678 2933 3750 Augusto
2977 3679 3189 3737 sinistri
3220 3681 3429 3750 aliquid
3462 3679 3719 3750 portendi

2140 3770 2539 3828 existimantes.
2583 3771 2789 3827 Eodem
2843 3770 3087 3842 prodigia
3160 3772 3439 3837 complura
3468 3785 3719 3827 accessa--

2142 3876 2292 3920 runt.
2336 3864 2473 3919 Nam
2520 3872 2575 3917 et
2629 3863 2711 3918 sol
2743 3873 2890 3919 totus
2915 3862 3141 3929 defecit,
3166 3875 3221 3918 et
3248 3863 3448 3919 caelum
3484 3864 3593 3919 late
3624 3879 3716 3917 ar-

2140 3957 2274 4012 dere
2303 3956 2507 4022 visum,
2528 3962 2586 4008 et
2614 3955 2792 4011 stella:
2825 3955 3040 4010 crinitae
3062 3955 3368 4024 sanguineo
3400 3955 3586 4010 colore
3615 3971 3717 4023 ap-

2141 4053 2466 4117 paruerunt.
2518 4043 2841 4115 Iudictoque
2891 4053 3120 4116 propter
3165 4042 3417 4098 morbum
3469 4044 3589 4114 ejus
3629 4057 3718 4098 se-

2139 4151 2294 4200 natu,
2327 4147 2392 4193 ut
2420 4152 2520 4207 pro
2543 4137 2722 4193 salute
2744 4138 2868 4209 ejus
2901 4145 3025 4192 vota
3050 4146 3527 4206 nuncuparentur,
3560 4136 3717 4190 curia

2138 4232 2326 4286 clausa
2353 4239 2436 4286 est
2471 4230 2737 4285 inventa:
2770 4236 2828 4284 et
2856 4228 3064 4284 fulmen
3099 4229 3153 4281 in
3184 4236 3424 4282 statuam
3472 4228 3594 4297 ejus
3620 4226 3719 4280 dc-

2140 4322 2332 4383 latum.
2369 4321 2601 4391 primam
2632 4320 2874 4376 litteram
2921 4319 3168 4373 nominis
3219 4318 3452 4374 Caesaris
3483 4318 3713 4372 delevit.

462 4413 660 4482 έδριον’
693 4413 787 4466 καὶ
818 4412 1077 4484 κεραυνὸς
1101 4412 1184 4475 είς
1227 4410 1411 4464 εἰκόνα
1458 4406 1624 4464 αὑτοῦ
1672 4408 1949 4480 ἐμπεσὼν,
1976 4404 2038 4461 τὸ

2145 4414 2269 4468 Haec
2324 4428 2392 4468 eo
2435 4413 2619 4467 adhuc
2668 4411 2967 4480 superstite
3015 4410 3356 4465 acciderunt.
3416 4408 3539 4478 Ipse
3582 4423 3719 4464 vero

464 4477 680 4573 πρῶτον
696 4477 932 4576 γράμμα
952 4502 1045 4558 τοῦ
1075 4503 1336 4573 ὀνόματος
1354 4502 1448 4554 τοῦ
1482 4477 1756 4571 Καίσαρος
1779 4499 2032 4571 ἠφάνισε.

2138 4505 2292 4561 Noltc
2329 4520 2397 4559 ex
2442 4504 2635 4559 morbo
2683 4477 2941 4566 decessit,
2974 4500 3196 4555 decimo
3245 4510 3444 4570 quarto
3484 4499 3712 4554 Kalend.

463 4596 651 4651 Ταῦτα
700 4597 800 4667 μὲν
834 4590 928 4650 οὖν
950 4594 1153 4661 ζῶντος
1196 4595 1278 4646 ἔτι
1305 4592 1471 4646 αὑτοῦ
1508 4593 1818 4663 προεφάνη.
1886 4592 1946 4644 '0
1980 4591 2037 4644 δὲ

463 4690 697 4758 νοσήσας
743 4689 801 4740 ἐν
821 4685 985 4758 Νώλῃ
1023 4684 1326 4756 μετήλλαξε
1356 4687 1424 4753 τῇ
1460 4682 1922 4754 ἐννεακαιδεκάτῃ
1942 4682 2036 4752 τοῦ

462 4777 773 4846 Αὐγούστου
809 4775 976 4847 μηνὸς
1000 4815 1016 4840 ,
1070 4775 1242 4846 ζήσας
1271 4774 1330 4840 ἓξ
1369 4775 1464 4846 ἔτη
1500 4774 1594 4827 καὶ
1640 4772 2036 4844 ἐϐδομήκοντα,

461 4871 756 4941 τριάκοντα
788 4870 883 4923 καὶ
904 4867 1188 4939 τεσσάρων
1209 4867 1503 4920 ἐνδεουσῶν
1532 4866 1757 4935 ἡμερῶν
1779 4881 1794 4895 ο
1833 4880 2037 4935 μοναρ-

462 4964 635 5033 χήσας
673 4961 730 5015 δέ
756 4960 851 5030 ἀφ’
895 4952 957 5027 οὗ
997 4960 1136 5030 πρὸς
1181 4957 1261 5028 τῷ
1299 4958 1499 5027 ’Λκτίῳ
1547 4958 1802 5017 ἐνίκησεν
1855 4957 2038 5010 ἐνιαυ-

378 5058 384 5063 ’
462 5056 591 5117 τοὺς
649 5052 788 5124 πρὸς
853 5050 1116 5121 τέσσαρσι
1174 5051 1606 5119 τεσσαράκοντα.
1667 5047 2036 5116 Ὑπωπτεύθη

469 5145 658 5214 μέντοι
685 5144 778 5197 ἐπὶ
800 5144 878 5212 τῷ
909 5143 1128 5213 θανάτῳ
1157 5140 1324 5196 αὑτοῦ
1352 5142 1386 5210 ή
1411 5140 1599 5204 Λιϐία,
1626 5139 1710 5194 ὅτι
1756 5139 1894 5211 πρὸς
1943 5137 2036 5191 τὸν

474 5230 784 5301 Ἀγρίππαν
811 5232 839 5284 ὁ
883 5228 1194 5299 Αΰγουστος
1241 5227 1417 5300 λάθρα
1468 5231 1531 5293 ἐς
1581 5227 1681 5299 τὴν
1727 5229 1892 5297 νῆσον
1959 5227 2038 5280 δι-

466 5322 752 5389 έπλευσεν,
783 5320 912 5375 ἔνθα
941 5320 1080 5391 μετὰ
1107 5320 1207 5388 τῆς
1248 5318 1472 5382 Ἰουλίας
1497 5318 1597 5389 τῆς
1631 5319 1839 5390 μητρὸς
1858 5335 2038 5387 πεφυ-

471 5414 710 5482 γάδευτο.
744 5413 980 5467 Δείσασα
1025 5412 1136 5481 γὰρ
1168 5411 1243 5483 μὴ
1290 5410 1653 5478 καταλλαγεὶς
1689 5411 1782 5464 ἐπὶ
1818 5413 1885 5481 τῇ
1916 5425 2037 5478 μον-

466 5507 628 5579 ιρχίᾳ
674 5504 834 5559 αὐτὸν
884 5504 1201 5575 καταγάγῃ,
1253 5503 1396 5558 σῦκά
1462 5519 1585 5557 τινα
1642 5494 1743 5558 ἐπὶν
1793 5503 2038 5573 δένδροις

465 5593 545 5649 ἐτι
595 5595 746 5662 ὄντα,
799 5595 858 5662 ἐξ
897 5587 973 5651 ὧν
1000 5596 1028 5648 ὁ
1056 5593 1371 5664 Αὗγουστος
1404 5593 1725 5665 αὐτοχειρίᾳ
1771 5594 2036 5656 συκάζειν

466 5685 669 5752 εἰώθει,
714 5685 1006 5757 φαρμάξαι
1044 5686 1287 5754 λέγεται,
1321 5686 1417 5740 καὶ
1453 5685 1591 5755 αὐτὴ
1625 5685 1723 5754 μὲν
1751 5684 1819 5738 τὰ
1857 5683 2036 5754 ἀφάρ-

468 5792 650 5841 μακτα
677 5776 886 5844 ήτθιεν,
922 5775 1125 5846 ἐκείνῳ¹
1157 5775 1214 5829 δὲ
1255 5776 1323 5830 τὰ
1356 5775 1815 5846 πεφαρμαγμένα
1866 5792 2035 5846 προσ-

2139 4596 2384 4668 Scptem.
2437 4610 2539 4649 ιιι
2583 4603 2640 4649 et
2682 4611 2736 4648 vn
2792 4593 2969 4649 aetatis
2998 4608 3166 4652 anno.
3198 4590 3393 4646 diebus
3441 4605 3491 4646 tv
3523 4598 3580 4645 et
3611 4606 3712 4643 xxx

2138 4689 2323 4743 minus
2351 4725 2367 4750 ,
2420 4686 2638 4756 imperii
2670 4695 2790 4754 post
2834 4684 3112 4739 Actiacam
3147 4682 3430 4737 victoriam
3463 4698 3514 4737 IV
3539 4688 3596 4736 et
3627 4697 3713 4735 XL.

2137 4772 2216 4830 De
2249 4776 2370 4845 ejus
2399 4780 2578 4828 morte
2605 4780 2859 4842 suspecta
2889 4771 2993 4825 fuit
3043 4770 3218 4836 Livia,
3243 4770 3389 4840 quod
3436 4772 3716 4840 Augustus

2137 4867 2203 4921 ad
2235 4866 2529 4936 Agrippam
2576 4863 2632 4918 in
2664 4862 2924 4929 insulam,
2971 4861 3026 4917 in
3072 4877 3182 4932 qua
3209 4878 3334 4917 cum
3365 4870 3539 4916 matre
3569 4860 3712 4917 Julia

2137 4957 2443 5022 exsulabat,
2473 4957 2614 5011 clam
2652 4956 2964 5025 trajecerat.
2995 4954 3182 5010 Verita
3211 4954 3359 5009 enim
3389 4969 3481 5018 ne,
3516 4968 3708 5007 recon—

2137 5047 2321 5103 ciliata
2351 5046 2550 5116 gratia,
2601 5059 2728 5098 eum
2777 5043 2845 5097 ab
2879 5042 3075 5098 exsilio
3114 5051 3427 5098 revocatum
3476 5042 3712 5110 impera-

2138 5146 2314 5193 torem
2359 5135 2718 5209 designaret,
2772 5133 2910 5191 licus
2944 5133 3207 5204 quasdam
3255 5133 3439 5188 adhuc
3469 5132 3524 5187 in
3550 5131 3715 5188 arbo-

2137 5231 2293 5286 ribus
2315 5231 2646 5301 pendentes,
2672 5228 2819 5284 unde
2844 5242 2938 5284 eas
2974 5228 3091 5296 ipse
3116 5227 3435 5297 decerpere
3477 5225 3712 5292 solebat,

2137 5319 2394 5375 infecisse
2423 5318 2633 5374 dicitur
2658 5336 2672 5372 :
2705 5333 2769 5372 ac
2802 5318 3059 5373 salubres
3089 5318 3204 5386 ipsa
3236 5319 3441 5383 edisse,
3470 5332 3714 5373 venena-

2135 5419 2222 5467 tas
2249 5412 2328 5467 illi
2355 5412 2668 5481 reliquisse.
2703 5410 2832 5465 Sive
2864 5410 3030 5479 igitur
3058 5425 3144 5472 ea,
3178 5409 3293 5464 sive
3313 5410 3419 5464 alia
3446 5409 3515 5464 de
3543 5424 3709 5465 causa

2135 5503 2332 5557 morbo
2358 5501 2614 5565 allectus,
2652 5500 2861 5553 amicos
2908 5500 3251 5562 convocavit,
3290 5509 3491 5569 etquae
3514 5499 3710 5556 volue-

2135 5601 2220 5647 rat
2249 5591 2576 5655 collocutus,
2604 5591 2842 5657 denique
2866 5589 3005 5644 dixit
3030 5608 3042 5642 :
3081 5587 3271 5643 Urbem
3306 5589 3597 5644 lateritiam
3624 5608 3710 5644 re-

2136 5686 2267 5755 peri,
2303 5700 2661 5738 marmoream
2686 5683 2828 5737 vobis
2851 5681 3115 5748 relinquo.
3147 5682 3360 5749 Quibus
3385 5685 3571 5740 verbis
3599 5697 3709 5741 sta-

2136 5776 2352 5831 bilitum
2383 5790 2504 5831 esse
2536 5790 2567 5828 a
2599 5790 2657 5830 sc
2684 5773 2974 5844 imperium
3006 5772 3295 5831 innuebat.
3330 5776 3557 5833 Mortem
3586 5778 3713 5849 ejus
