4048 6424
413 382 522 445 919

1714 375 2041 437 JOANNIS
2083 377 2405 437 ZONAR/E

3577 382 3683 445 99.0

407 491 557 547 Livia
587 505 692 546 non
744 489 926 544 statim
973 490 1210 559 aperuit.
1242 487 1415 542 verita
1474 502 1542 541 ne
1568 487 1699 557 quid
1750 488 1981 543 absente

2089 488 2301 549 έϐαλεν.
2326 488 2440 542 Εἶτ’
2463 483 2557 542 οὖν
2578 486 2774 552 οὕτως,
2808 486 2912 543 εἴτ’
2943 490 3118 555 ἄλλως
3139 493 3553 566 ἀρρωστήσας,
3580 496 3700 550 τότε

408 584 465 636 in
500 580 767 636 Dalmatia
795 579 1019 633 Tiberio
1053 588 1372 643 novaretur,
1417 578 1512 633 sed
1556 577 1612 632 in
1662 579 1783 648 ejus
1806 593 1981 646 usque

412 674 651 729 redilum
680 674 895 728 celavit.
938 673 1219 727 Cazlavere
1256 673 1483 726 Romam
1513 672 1741 740 perlato,
1775 673 1984 726 Drusus

407 774 795 821 testamentum
827 767 947 831 ejus
1000 780 1029 817 a
1061 764 1371 819 Vestalibus
1411 763 1739 833 virginibus,
1771 779 1893 834 qua:
1929 763 1983 816 id

404 854 788 918 asservahant,
844 853 1011 925 544
1048 865 1334 923 acceptum
1390 854 1441 907 in
1520 854 1729 908 curiam
1776 854 1981 908 attulit.

405 944 462 997 ld
509 944 704 1014 sigillis
735 944 805 999 ab
840 944 906 999 iis
959 945 1053 1013 qui
1106 959 1169 998 ea
1222 945 1619 1014 impresserant
1665 944 1983 1014 recognitis.

405 1023 669 1089 audiente
719 1044 911 1089 senatu
964 1035 1254 1089 recitatum
1301 1044 1406 1089 est.
1466 1035 1606 1089 Sunt
1647 1044 1704 1090 et
1750 1044 1989 1104 quatuor

406 1128 528 1198 ejus
559 1126 732 1189 libelli
764 1126 819 1181 in
855 1126 1065 1182 curiam
1118 1127 1267 1181 allati
1297 1143 1311 1180 :
1345 1142 1584 1196 quorum
1616 1143 1760 1181 unus
1798 1127 1987 1197 sepul-

408 1228 546 1273 turae
571 1219 840 1273 rationem
876 1218 1291 1288 praescribebat,
1344 1219 1486 1272 alter
1518 1227 1638 1273 acta
1666 1219 1786 1289 ejus
1814 1219 1993 1273 conti-

412 1312 598 1369 nebat.
627 1312 686 1367 ln
724 1313 886 1367 tertio
932 1311 1160 1373 milites,
1189 1309 1400 1365 reditus
1426 1321 1482 1365 et
1508 1310 1789 1380 impensas
1820 1311 1991 1380 publi-

412 1415 505 1455 cas
555 1401 978 1470 perscripserat,
1032 1409 1088 1454 et
1144 1400 1393 1469 pecuniae
1439 1415 1734 1454 numerum
1764 1416 1888 1470 qua:
1933 1400 1990 1455 in

414 1492 692 1547 thesauris
715 1501 883 1547 esset.
908 1491 1149 1558 Quartus
1199 1492 1457 1546 mandata
1489 1492 1557 1546 ad
1608 1492 1896 1547 Tiberium
1938 1502 1993 1547 cl.

412 1582 675 1653 populum
708 1582 1046 1637 continebat.
1102 1581 1198 1637 His
1228 1583 1410 1647 lectis,
1459 1583 1627 1638 funus
1650 1584 1851 1638 elatum
1886 1594 1991 1650 est,

407 1676 691 1731 orationes
754 1675 1016 1731 funebres
1051 1693 1082 1731 a
1138 1676 1316 1732 Druso
1366 1686 1422 1732 et
1486 1676 1711 1731 Tiberio
1768 1677 1991 1731 habitm.

410 1766 614 1821 Deinde
649 1781 850 1836 corpus
893 1768 1014 1838 ejus
1072 1778 1379 1822 crematum
1437 1777 1560 1823 est:
1614 1783 1678 1823 ac
1730 1776 1845 1822 tum
1882 1783 1993 1822 non

2089 580 2219 641 τοὺς
2242 580 2491 644 ἑταίρους
2508 580 2827 651 συνήθροισε
2844 582 2937 634 καὶ
2954 582 2988 636 ἃ
3007 583 3272 651 ἠϐούλετο
3296 586 3515 651 τούτοις
3531 589 3701 641 διαλε-

2084 671 2262 739 χθεὶς,
2294 672 2445 735 τέλος
2476 673 2601 741 ἔφη,
2623 672 2704 725 ὅτι
2728 671 2854 739 Τὴν
2880 673 3117 743 Ῥώμην
3141 678 3433 744 πηλίκην
3445 684 3696 747 παραλαι

2086 764 2225 827 ϐὼγ,
2247 765 2489 831 .ItOb'nr
2515 763 2659 833 ὑμῖν
2678 766 3041 832 καταλείπω,
3060 767 3237 838 τὸτῆς
3268 770 3455 840 ἀρχῆς
3483 772 3701 841 ἰσχυρὸν

2092 854 2187 906 τοῦ
2244 854 2407 921 λόγου
2460 856 2897 924 ἐνδεικνυμένου.
2951 859 3025 911 Οὐ
3062 860 3250 929 μέντοι
3305 861 3406 913 τὸν
3466 862 3697 918 θάνατον

2092 945 2257 999 αὐτοῦ
2306 946 2567 1015 αὑτίκαὴ
2610 948 2777 1001 Λιϐία
2811 948 3065 1017 ἐξέφηνε,
3120 951 3465 1018 φοϐηθεῖσα,
3530 955 3605 1024 μή
3645 972 3695 1007 τι

2088 1038 2443 1109 νεωτερισθῇ,
2494 1042 2552 1092 ἐν
2603 1040 2889 1111 Δαλματίςι
2926 1040 3021 1094 τοῦ
3077 1042 3343 1109 Τιϐερίου
3392 1044 3694 1112 διάγοντος,

2088 1129 2226 1182 ἀλλὰ
2249 1129 2587 1200 συνέκρυψεν
2611 1131 2776 1184 αὑτὸν
2807 1134 3001 1202 μέχρις
3033 1133 3244 1197 ἐκεῖνος
3289 1134 3552 1204 ἀφίκετο.
3605 1138 3694 1189 ’A-

2093 1223 2523 1290 νακομισθέντος
2547 1223 2603 1275 δὲ
2635 1222 2729 1275 τοῦ
2765 1221 3014 1293 σώματος
3053 1224 3221 1279 αὐτοῦ
3269 1226 3359 1288 είς
3410 1226 3516 1296 τὴν
3562 1226 3694 1280 Ῥώ-

2095 1330 2224 1383 μην,
2268 1314 2367 1375 τὰς
2413 1313 2682 1384 διαθήκας
2719 1316 2887 1368 αὑτοῦ
2918 1318 2946 1369 ό
2984 1316 3224 1386 Δροῦσος
3282 1319 3352 1372 ἐκ
3431 1319 3544 1371 τῶν
3585 1319 3696 1371 ἀει-

2100 1404 2389 1474 παρθένων
2444 1404 2554 1458 τῶν
2607 1407 2705 1475 τῆς
2765 1406 2984 1470 Ἑστίας
3041 1409 3261 1479 ἱερειῶν
3309 1407 3407 1471 αἷς
3461 1410 3697 1479 παρετέ-

2094 1496 2276 1549 θειντο
2306 1496 2546 1567 εἰληφὼς
2580 1499 2660 1560 είς
2693 1497 2753 1551 τὸ
2780 1498 3059 1569 συνέδριον
3099 1500 3426 1570 εἰσήνεγκε,
3456 1502 3556 1553 καὶ
3595 1500 3693 1563 τὰς

2095 1588 2398 1660 σφραγῖδας
2446 1591 2495 1643 οἱ
2541 1590 3067 1660 κατασημηνάμενοι
3139 1592 3555 1663 ἐπεσκέψαντο,
3605 1591 3696 1644 καὶ

2094 1678 2517 1749 ἀνεγνώσθησαν
2561 1682 2619 1732 ἐν
2646 1681 2868 1751 ἐπηκόῳ
2899 1681 2995 1734 τοῦ
3028 1683 3334 1752 συνεδρίου.
3388 1682 3691 1754 Ἐκομίσθη

2094 1768 2242 1832 δἐίς
2274 1769 2334 1822 τὸ
2383 1770 2662 1839 συνέδριον
2707 1770 2804 1822 καὶ
2845 1769 3027 1840 βιϐλία
3075 1771 3244 1824 αὑτοῦ
3293 1772 3572 1841 τέσσαρα·
3620 1765 3690 1823 ὧν

410 1858 590 1921 multi,
625 1867 748 1928 post
784 1874 980 1915 omnes
1005 1860 1286 1925 luxerunt,
1317 1859 1615 1921 recordati,
1649 1875 1777 1914 eum
1811 1860 1984 1914 omni-

2095 1861 2154 1913 τὸ
2197 1861 2297 1929 μὲν
2325 1859 2384 1912 ἓν
2417 1861 2487 1914 τὰ
2514 1862 2644 1931 περὶ
2671 1861 2770 1931 τῆς
2794 1862 2973 1931 ταφῆς
3012 1861 3352 1928 διετάττετο,
3394 1861 3459 1915 τὸ
3485 1862 3531 1914 δ’
3575 1861 3689 1914 ἐτε-

406 1951 513 2006 bus
537 1965 761 2006 accessu
782 1951 1020 2018 facilem,
1058 1952 1246 2006 multis
1266 1953 1558 2022 pecuniam
1581 1953 1989 2022 suppeditasse,

406 2042 601 2098 amicis
634 2057 912 2098 summum
945 2042 1213 2098 honorem
1258 2044 1537 2107 habuisse,
1571 2045 1774 2115 gratias
1812 2045 1992 2115 egisse

409 2132 475 2187 tis
524 2147 554 2186 a
599 2132 806 2202 quibus
858 2131 1034 2202 ipsius
1089 2140 1272 2187 errata
1328 2134 1787 2202 COI‘l‘igt'reiilur,
1839 2143 1897 2186 ut
1936 2141 1993 2187 et

405 2222 764 2277 Athenodoro
808 2223 928 2277 viro
977 2224 1237 2293 sapienti,
1291 2224 1381 2279 tali
1418 2224 1485 2279 de
1538 2240 1721 2279 causa.
1775 2225 1991 2279 Pronus

406 2320 526 2367 erat
553 2313 610 2369 in
636 2314 931 2379 Venerem,
955 2325 1012 2369 et
1041 2316 1301 2371 mulieres
1332 2316 1399 2371 ad
1430 2332 1555 2372 eum
1584 2333 1722 2386 quas
1746 2318 1987 2381 volebat,

408 2408 465 2461 in
491 2407 649 2463 tectis
691 2407 905 2463 lecticis
930 2407 1129 2471 allatae,
1168 2408 1223 2463 in
1261 2409 1380 2479 ejus
1410 2410 1709 2463 thalamum
1742 2409 1987 2464 adduce-

411 2501 633 2565 bantur,
664 2500 871 2571 quibus
905 2501 974 2555 ad
1001 2500 1289 2556 libidinem
1314 2500 1665 2556 abutebatur.
1695 2501 1866 2572 Igitur
1887 2500 1988 2554 ali-

407 2592 629 2662 quando
670 2594 978 2659 mulierem,
1010 2595 1168 2665 cujus
1188 2610 1376 2650 amore
1407 2603 1602 2665 captus
1628 2601 1766 2657 erat,
1803 2607 1990 2649 accer-

407 2684 554 2747 sivit,
589 2685 747 2756 cujus
772 2685 1031 2740 maritum
1058 2685 1448 2741 Athenodorus
1481 2701 1584 2756 pro
1615 2685 1987 2741 familiaritate

409 2775 712 2843 invisurus,
747 2791 873 2832 cum
924 2786 981 2833 et
1028 2778 1205 2847 ipsum
1251 2787 1308 2834 et
1361 2793 1587 2833 uxorem
1640 2778 1989 2850 indignantes

408 2869 711 2924 invenisset
738 2870 863 2939 (nec
894 2870 1043 2925 enim
1075 2870 1338 2927 resistere
1383 2870 1684 2941 poterant),
1729 2871 1987 2926 maeroris

405 2976 572 3017 causa
620 2963 861 3033 cognita,
898 2978 995 3017 eos
1035 2963 1336 3033 tranquillo
1382 2963 1569 3018 animo
1621 2978 1742 3019 esse
1780 2961 1982 3032 jussit:

405 3066 465 3107 se
500 3052 649 3107 enim
677 3053 857 3123 ipsum
890 3052 1197 3125 Augustum
1223 3068 1600 3117 accessurum,
1632 3063 1691 3108 et
1737 3054 1858 3123 ejus
1879 3052 1986 3106 im-

407 3153 591 3213 petum
641 3161 1054 3217 repressurum.
1096 3148 1273 3201 Allata
1306 3145 1524 3213 lectica,
1563 3146 1982 3209 Athenodorus,

407 3237 590 3305 gladio
618 3248 846 3308 accepto
882 3255 983 3309 pro
1010 3239 1266 3303 muliere,
1298 3239 1570 3294 inscendit
1600 3256 1613 3295 :
1649 3254 1823 3307 eaque
1855 3238 1984 3292 dili-

407 3338 600 3399 genter
624 3330 731 3398 tegi
777 3331 953 3402 jussa,
1008 3333 1075 3385 ad
1104 3331 1330 3402 Augusti
1362 3331 1662 3385 thalamum
1689 3340 1773 3385 est
1802 3330 1984 3401 perla-

409 3431 517 3478 tus.
554 3421 657 3488 Qui
696 3437 821 3477 cum
864 3424 1012 3478 illam
1056 3423 1380 3489 aperuisset,
1440 3422 1530 3477 ille
1573 3422 1768 3477 stricto
1802 3420 1984 3491 gladio

403 3514 705 3571 exsiliens:
739 3512 917 3577 Itane.
944 3515 1141 3585 inquit,
1177 3531 1283 3568 non
1314 3516 1466 3568 times
1528 3530 1593 3567 ne
1625 3521 1674 3566 te
1705 3513 1896 3583 aliquis
1910 3515 1984 3567 sic

402 3602 667 3673 ingressus
688 3605 889 3659 occidat
905 3604 932 3658 2’
957 3604 1012 3658 Id
1040 3604 1239 3659 factum
1262 3603 1538 3673 Augustus
1562 3619 1670 3658 non
1695 3604 1856 3658 modo
1876 3618 1985 3657 non

400 3707 544 3761 aegre
569 3692 717 3757 tulit,
742 3709 842 3749 nec
860 3693 1275 3749 Athenodorum
1298 3696 1606 3765 obiurgamt
1631 3712 1645 3751 ;
1670 3696 1762 3749 sed
1781 3704 1839 3749 et
1866 3709 1989 3764 gra-

405 3782 511 3838 ‘ias
536 3786 586 3839 ei
622 3785 755 3857 egit,
805 3795 861 3842 et
888 3787 1189 3842 modestior
1244 3787 1422 3843 factus
1463 3794 1567 3842 est.
1625 3787 1761 3841 Eum
1791 3786 1981 3857 igitur,

402 3892 527 3932 cum
561 3878 631 3933 ob
663 3879 799 3944 haec,
824 3886 937 3933 tum
967 3878 1039 3932 ob
1092 3879 1198 3933 alia
1226 3880 1408 3949 plura,
1432 3877 1655 3949 etquod
1695 3877 1979 3932 Tiberinum

401 3983 777 4027 successorem
799 3973 939 4043 ejus,
972 3973 1141 4027 alium
1164 3981 1294 4027 sunt
1316 3972 1550 4044 experti,
1574 3971 1985 4028 desiderarunt.

2098 1969 2192 2023 ρον
2227 1955 2326 2015 τὰς
2380 1952 2610 2023 πράξεις
2643 1952 2710 2015 ἃς
2738 1953 2998 2025 εἴργαστο
3030 1953 3262 2024 διεξῄει⁸
3309 1953 3392 2024 τῷ
3421 1953 3483 2006 δέ
3529 1954 3689 2024 τρίτῳ

2094 2049 2164 2099 τὰ
2200 2046 2307 2098 τῶν
2338 2048 2687 2116 στρατιωτῶν
2713 2052 2808 2099 καὶ
2832 2048 2901 2099 τὰ
2959 2047 3069 2099 τῶν
3126 2046 3424 2117 προσόδων
3481 2045 3576 2099 καὶ
3624 2045 3687 2097 τὰ

2089 2137 2200 2191 τῶν
2254 2137 2629 2207 ἀναλωμάτων
2681 2138 2792 2191 τῶν
2844 2137 3123 2207 δημοσίων
3173 2137 3448 2204 συνέταξε
3502 2137 3593 2190 καὶ
3630 2135 3688 2188 τὸ

2094 2227 2300 2298 πλῆθος
2330 2229 2439 2281 τῶν
2474 2231 2532 2281 ἐν
2558 2229 2669 2287 τοῖς
2715 2226 3013 2299 θησαυροῖς
3046 2227 3377 2297 χρημάτωνο
3419 2226 3479 2279 τὸ
3511 2225 3566 2278 δέ
3603 2224 3684 2277 τέ-

2096 2336 2295 2389 ταρτον
2338 2318 2558 2381 ἐντολὰς
2591 2322 2834 2389 περιεῖχε
2860 2319 2937 2390 τῷ
2962 2318 3222 2389 Τιϐερίῳ,
3256 2320 3355 2373 καὶ
3388 2317 3472 2389 τῷ
3521 2316 3679 2383 κοινῷ

2090 2412 2437 2481 ἐπισκήψεις.
2500 2412 2717 2465 Τούτων
2781 2412 2825 2465 δ’
2876 2412 3349 2480 ἀναγνωσθέντων
3399 2412 3432 2482 ή
3474 2409 3681 2479 ἐκφορά

2088 2504 2302 2572 γέγονε,
2351 2502 2450 2557 καὶ
2479 2503 2759 2571 ἐπιτάφιοι
2784 2503 3098 2574 ἐρρήθησαν
3128 2503 3287 2571 παρά
3319 2501 3418 2556 τοῦ
3450 2501 3681 2572 Δρούσου

2088 2595 2364 2664 καὶ’παρὰ
2409 2593 2505 2647 τοῦ
2565 2593 2842 2663 Τιϐερίου.
2880 2588 3014 2647 Εἶτα
3058 2593 3273 2664 ἐκαύθη
3303 2593 3368 2646 τδ
3403 2594 3561 2663 σῶμα
3588 2588 3669 2644 αύ·

2085 2686 2204 2740 τοῦθ
2265 2690 2360 2740 καὶ
2412 2686 2604 2751 πένθος
2662 2686 2787 2739 τότε
2842 2685 2942 2756 μὲν
2990 2686 3051 2738 οὑ
3106 2685 3324 2751 πολλοὶ,
3362 2684 3597 2753 ὓστερον
3623 2681 3676 2733 δὲ

2088 2780 2287 2843 πάντες
2344 2778 2525 2850 ἔσχον,
2567 2778 2931 2849 μεμνημένοι,
2981 2778 3064 2831 ὅτι
3095 2795 3154 2830 τε
3205 2782 3383 2831 πᾶσιν
3453 2774 3675 2845 εὐπρόσ-

2086 2871 2205 2933 οδος
2239 2865 2328 2941 ἦν,
2359 2872 2453 2924 καὶ
2503 2869 2719 2932 πολλοῖς
2776 2870 3009 2939 ἐπήρκει
3049 2871 3106 2933 ἐς
3144 2871 3437 2941 χρήματα,
3472 2869 3563 2920 καὶ
3598 2868 3674 2918 ὅτι

2089 2957 2210 3010 λίαν
2275 2958 2443 3027 ἐτίμα
2493 2958 2621 3021 τοὺς
2678 2958 2889 3029 φίλους,
2942 2959 3038 3013 καὶ
3113 2960 3352 3029 χάριτας
3409 2957 3671 3027 ὡμολόγει

2088 3051 2202 3112 τοῖς
2227 3048 2395 3101 αὑτὸν
2428 3048 2833 3119 διορθουμένοις
2862 3051 2944 3118 ἐφ’
2996 3043 3079 3113 οἷς
3116 3050 3426 3118 ἐσφάλλετο
3450 3066 3462 3079 ·
3489 3047 3669 3115 ὥσπερ

2089 3141 2185 3194 καὶ
2208 3140 2286 3210 τῷ
2336 3140 2691 3211 Ἀθηνοδώρῳ
2719 3141 2877 3212 ἀνδρὶ
2931 3140 3082 3211 σοφῷ
3124 3141 3219 3194 ἐπὶ
3268 3141 3454 3212 τοιᾷδε
3509 3137 3669 3207 αίτίᾳ.

2088 3232 2481 3302 Εὔκατάφορος
2516 3234 2653 3302 πρδς
2694 3235 2761 3285 τὰ
2788 3233 3081 3303 ἀφροδίσια
3113 3228 3204 3303 ἦν,
3262 3234 3363 3287 καί
3402 3233 3452 3285 oi
3486 3231 3670 3299 γυναῖ-

2090 3343 2184 3389 κες
2239 3325 2565 3391 ἐκομίζοντο
2609 3325 2675 3389 ἂς
2706 3325 2960 3379 ἐϐούλετο
2989 3327 3049 3379 ἐν
3082 3312 3456 3394 καταστέγοις
3489 3322 3666 3394 φορεί-

2087 3435 2191 3485 οις,
2223 3421 2318 3471 καὶ
2345 3419 2521 3481 οὕτως
2564 3419 2647 3483 είς
2697 3420 2787 3473 τὸν
2836 3419 3003 3473 αὐτοῦ
3055 3420 3351 3489 είσήγοντο
3410 3417 3663 3485 θάλαμον.

2099 3510 2343 3572 Ἐκεῖνος
2390 3510 2445 3564 δὲ
2484 3513 2688 3573 ταύτας
2735 3510 2897 3580 ὲξῆγέ
2928 3528 2988 3565 τε
3040 3513 3135 3564 καὶ
3170 3511 3464 3582 ἐκέχρητο.
3506 3505 3666 3576 Ἢρά·

2094 3602 2197 3671 σθη
2225 3602 2355 3670 γοῦν
2387 3617 2519 3655 ποτε
2551 3602 2808 3670 γυναικὸς
2845 3603 2937 3655 καὶ
2987 3603 3200 3672 έπεμψε
3235 3603 3431 3658 λαϐεῖν
3479 3600 3660 3664 αὑτήν.

2103 3693 2191 3745 Ἐν
2214 3690 2390 3762 τούτῳ
2418 3692 2475 3745 δέ
2510 3692 2540 3745 ὁ
2578 3692 2965 3762 Ἀθηνόδωρος,
3001 3693 3078 3763 τῷ
3110 3695 3207 3760 τῆς
3238 3693 3504 3761 γυναικὸς
3531 3688 3664 3740 ἐκεί-

2090 3801 2187 3853 νης
2221 3783 2378 3854 ἀνδρὶ
2425 3783 2664 3853 συνήθης
2708 3781 2788 3835 ῶν
2837 3783 3027 3854 ἔτυχεν
3068 3786 3324 3839 ἀπελθὼν
3371 3784 3463 3838 τὸν
3508 3779 3657 3851 φίλον

2090 3874 2382 3946 ὀψόμενος,
2409 3876 2506 3928 καὶ
2538 3876 2878 3946 ἀσχάλλοντα
2907 3875 3086 3947 εὑρὼν
3127 3879 3389 3931 κάκεῖνον
3442 3876 3533 3929 καὶ
3568 3870 3663 3938 τὴν

2091 3969 2328 4036 γυναῖκα
2361 3966 2445 4034 (οὐ
2494 3967 2606 4037 γὰρ
2658 3966 2924 4036 ἠδύναντο
2955 3967 3308 4040 ἀντιστῆναι)
3338 3969 3438 4038 τὴν
3486 3962 3658 4018 αἰτίαν

398 4060 500 4134 τῆς
534 4062 709 4137 λύπης
741 4066 993 4121 ἐπύθετο.
1052 4065 1162 4120 Καὶ
1214 4065 1423 4136 μαθὼν,
1482 4067 1713 4138 ἠρεμεῖν
1758 4064 1955 4126 αὐτοὺς
2018 4061 2326 4115 ἐκέλευσεν.
2367 4057 2541 4122 Αὐτός
2596 4058 2707 4129 γὰρ
2770 4059 3031 4113 ἀπελθεῖν
3093 4060 3220 4130 ἔφη,
3257 4063 3395 4128 πρδς
3424 4060 3514 4111 τὸν
3550 4051 3656 4107 Αὕ-

398 4172 653 4226 γουστον,
710 4161 806 4215 καὶ
844 4160 943 4232 τὴν
992 4161 1157 4215 αὑτοῦ
1215 4161 1555 4231 ἀποστρέψαι
1608 4159 1807 4230 ὁρμήν.
1843 4157 1955 4211 Καὶ
1993 4154 2349 4227 κομισθέντος
2389 4152 2483 4205 τοῦ
2510 4153 2852 4220 καταστέγου
2892 4150 3105 4222 δίφρου,
3158 4153 3233 4213 ὡς
3271 4154 3376 4222 τῆς
3408 4145 3652 4221 γυναικὶ,

397 4250 456 4302 ἐν
491 4251 641 4321 αύτῴ
693 4253 1168 4325 είσελευσομένης,
1221 4253 1534 4323 είσῆλθενό
1570 4251 1964 4322 Ἀθηνόδωρος,
2000 4251 2095 4303 καὶ
2163 4248 2318 4316 ξίφος
2386 4245 2569 4299 λαϐὼν
2627 4246 2723 4299 καὶ
2779 4244 3278 4314 κατακαλυφθῆναι
3329 4246 3421 4297 τὸν
3471 4242 3655 4308 δίφρον

398 4343 646 4413 ἀκριϐῶς
676 4344 943 4410 ἐπιτάξας
1007 4344 1152 4400 οὕτω
1204 4346 1341 4417 προς
1373 4347 1464 4400 τὸν
1518 4345 1615 4399 τοῦ
1658 4344 1972 4413 Αὐγούστου
2009 4340 2309 4408 κεκόμιστο
2364 4338 2632 4408 θάλαμον.
2697 4335 2943 4391 Ἑκείνου
3013 4336 3073 4391 δέ
3148 4337 3241 4390 τὸν
3300 4336 3492 4405 δίφρον
3521 4333 3650 4384 ἀποο

396 4435 768 4501 καλύπτοντος
820 4436 1059 4508 ξιφήρης
1115 4438 1523 4509 ἐκπεπήδηκεν,
1586 4437 1757 4491 εἰπών
1789 4431 1968 4489 Ἐἶτα
2005 4437 2077 4488 οὐ
2144 4430 2321 4502 φοϐῇ,
2355 4429 2441 4500 μή
2474 4432 2567 4497 τίς
2604 4446 2679 4485 σε
2709 4430 2898 4497 οὕτως
2938 4433 3234 4486 ασελθὼν
3275 4427 3642 4490 ἀποκτείνῃῖ

408 4528 468 4581 '0
500 4526 546 4580 δ’
574 4527 894 4597 Αὔγουστος
922 4530 983 4583 ού
1031 4529 1195 4601 μόνον
1239 4530 1342 4583 οὐκ
1379 4528 1653 4602 ὠργίσθη,
1723 4528 1835 4582 οὐδ’
1909 4526 2141 4581 ἐκάκισε
2198 4524 2292 4577 τὸν
2359 4521 2756 4593 Ἀθηνόδωρον,
2780 4522 2918 4576 ἀλλὰ
2948 4522 3043 4576 καὶ
3087 4523 3247 4594 χάριν
3305 4523 3446 4591 ἔγνω
3487 4514 3647 4584 αὐτῷ.

403 4618 499 4671 καὶ
549 4622 998 4694 σωφρονέστερος
1038 4622 1255 4690 γέγονε.
1289 4622 1389 4675 Διά
1412 4622 1588 4676 ταῦτα
1640 4624 1841 4689 τοίνυν,
1873 4622 1968 4676 καὶ
2003 4619 2142 4675 ἄλλα
2212 4617 2271 4672 δέ
2334 4616 2508 4671 πλείω
2542 4617 2775 4670 ἐπόθουν
2806 4617 2993 4682 αὐτὸν,
3026 4617 3121 4671 καὶ
3161 4617 3244 4670 ὅτι
3280 4615 3375 4669 τοῦ
3406 4608 3647 4679 Τιϐερίου

401 4712 519 4783 μετ’
544 4712 708 4766 αὑτὸν
741 4714 1182 4786 μοναρχήσαντος
1212 4713 1310 4784 οὐχ
1360 4714 1549 4784 ὁμοίου
1574 4716 1970 4787 ἐπειράθησαν.
2069 4726 2080 4752 ι

467 4802 717 4857 XXXIX.
765 4804 923 4859 Anno
976 4805 1195 4875 imperii
1224 4807 1454 4878 Augusti
1487 4823 1618 4874 χιιι,
1647 4807 1814 4862 homo
1885 4808 1969 4862 fa-

2149 4798 2279 4856 ΛΘ’.
2327 4800 2417 4853 Ἔν
2445 4799 2502 4853 δὲ
2530 4797 2612 4869 τῷ
2638 4798 3063 4870 τεσσαρακοστῷ
3091 4797 3330 4868 δευτέρῳ
3386 4794 3494 4847 ἔτει
3544 4789 3638 4857 τῆς

396 4903 521 4949 ctus
548 4903 606 4950 et
634 4901 798 4950 natus
830 4904 915 4950 est
963 4895 1230 4951 Dominus
1280 4908 1473 4953 noster
1519 4908 1577 4954 et
1633 4899 1777 4954 Deus
1816 4897 1978 4954 Jesus

2087 4894 2388 4964 Αὐγούστου
2427 4891 2730 4962 μοναρχίας
2776 4890 2976 4961 ἐτέχθη
3013 4888 3444 4960 ἐνανθρωπήσας
3467 4885 3494 4936 ό
3529 4881 3641 4935 Κύ-

396 4983 675 5047 Christus.
706 4993 932 5041 auctore
973 4985 1215 5041 Eusebio
1265 4989 1574 5060 Pamphilo.
1633 4991 1728 5062 qui
1764 5006 1892 5046 eum
1917 4990 1975 5046 in

2087 5003 2186 5050 οιος
2243 4984 2530 5055 ἡμῶνκαὶ
2565 4983 2699 5047 Θεὸς
2754 4981 2968 5055 Ἰησοῦς
3025 4983 3282 5053 Χριστὸς,
3354 4977 3494 5034 κατὰ
3548 4971 3634 5025 τὸν

397 5073 775 5131 Ecclesiastica
822 5077 1051 5133 historia
1100 5094 1208 5133 Lvn
1247 5095 1423 5135 annos
1448 5082 1625 5137 solum
1659 5098 1845 5136 rerum
1877 5097 1977 5151 po-

395 5167 573 5221 titum'
612 5181 733 5222 esse
779 5166 972 5233 refert,
1024 5183 1148 5223 cum
1180 5169 1272 5223 alii
1314 5186 1436 5224 xuv
1470 5172 1733 5226 duntaxat
1772 5188 1973 5227 nume-

394 5268 539 5317 rent.
586 5261 789 5316 Verum
837 5261 1111 5317 dissensio
1160 5263 1285 5318 inde
1330 5265 1567 5331 exsistit,
1590 5264 1736 5334 quod
1781 5265 1871 5320 alii
1900 5264 1970 5320 ab

395 5352 616 5407 Actiaca
652 5351 874 5407 demum
925 5352 1156 5407 victoria
1212 5369 1505 5409 numerare
1535 5355 1828 5423 incipiunt,
1860 5370 1970 5424 quo

395 5453 646 5513 tempore
687 5458 818 5499 vere
873 5444 1141 5513 imperare
1179 5443 1338 5516 545
1368 5445 1555 5513 ccepit,
1601 5445 1972 5499 Romanarum

395 5531 675 5600 legionum
728 5534 880 5588 solus
921 5535 1097 5589 factus
1127 5535 1405 5589 dominus.
1458 5535 1730 5590 Eusebius
1766 5550 1892 5589 vero
1920 5535 1974 5589 id

397 5636 615 5687 quoque
648 5631 861 5691 tempus
896 5635 1242 5689 annumerat,
1282 5641 1391 5694 quo
1424 5641 1548 5679 cum
1582 5625 1822 5680 Antonio
1855 5642 1976 5696 ges-

399 5707 472 5760 sit
516 5709 845 5777 imperium:
887 5715 1033 5782 quod
1072 5723 1184 5768 tum
1233 5732 1452 5786 quoque
1504 5717 1596 5770 illo
1652 5717 1708 5770 in
1738 5716 1973 5787 {Egypto

397 5800 570 5853 otium
618 5812 832 5872 agente,
875 5816 933 5860 et
982 5809 1265 5864 amoribus
1318 5809 1623 5880 Cleopatrae
1673 5811 1970 5878 serviente,

2070 5078 2358 5149 Παμφίλου
2381 5076 2661 5140 Εὑσέϐιον,
2694 5075 2753 5138 ὃς
2781 5076 2839 5127 ἐν
2854 5077 2921 5145 τῇ
2953 5069 3467 5143 Ἔκκλησιαστικῇ
3487 5070 3639 5121 ιστο-

2061 5171 2166 5240 ρίᾳ
2205 5172 2298 5223 καὶ
2356 5168 2698 5238 πεντήκοντα
2751 5165 2845 5220 καὶ
2899 5165 3041 5219 ἑπτὰ
3093 5166 3192 5234 ἐτη
3228 5165 3390 5219 αὐτὸν
3443 5153 3638 5225 ἱστορεῖ

2082 5263 2446 5332 μοναρχῆσαι,
2478 5258 2586 5313 τῶν
2616 5259 2792 5313 ἄλλων
2821 5259 3066 5329 τέσσαρα
3096 5258 3192 5311 ἐπὶ
3240 5252 3631 5324 τεσσαράκοντα

2077 5352 2148 5406 τὰ
2178 5354 2279 5421 τῆς
2313 5352 2617 5422 μοναρχίας
2647 5347 2815 5404 αὑτοῦ
2861 5350 3245 5420 ἀριθμούντων
3282 5350 3395 5418 ἐτη.
3431 5345 3629 5399 Γίνεται

2071 5444 2130 5497 δὲ
2159 5445 2191 5514 ἡ
2218 5444 2486 5512 διαφωνία
2511 5442 2784 5507 ἐντεῦθεν,
2812 5442 2894 5495 ὅτι
2918 5442 2968 5496 οἱ
2998 5441 3098 5513 μὲν
3124 5441 3272 5495 ἄλλοι
3301 5440 3399 5511 τὴν
3429 5445 3617 5508 μοναρ’

2071 5536 2193 5605 χίαν
2245 5535 2324 5605 τῷ
2355 5536 2591 5606 Καίσαρι
2629 5534 2967 5602 ἐλογίσαντο,
3014 5533 3201 5600 ἐξότου
3249 5526 3514 5602 ναυμαχίᾳ
3562 5521 3616 5572 ὲν

2085 5628 2287 5698 Ἀκτίῳ
2326 5627 2544 5698 ἐνίκησε
2574 5627 2664 5680 τὸν
2710 5626 3021 5689 Ἀντώνιον.
3050 5628 3141 5681 ὅτε
3173 5627 3269 5681 καὶ
3294 5625 3367 5688 ὡς
3419 5612 3618 5685 ἀληθῶς

2070 5722 2440 5790 ἐμονὰρχησε,
2500 5719 2663 5789 μόνος
2708 5719 2821 5772 τῶν
2867 5718 3192 5788 Ῥωμαϊκῶν
3212 5714 3499 5788 ταγμάτων
3534 5719 3619 5773 γε·

2067 5813 2292 5883 νόμενος
2348 5811 2556 5883 κύριος’
2606 5812 2632 5864 ό
2682 5811 2945 5875 Εὐσέϐιος
2981 5811 3041 5867 δὲ
3071 5811 3165 5868 καὶ
3222 5810 3315 5866 τὸν
3340 5804 3524 5880 χρόνον
3564 5791 3620 5846 ὃν
