4048 6400
394 365 493 430 921

1675 372 2089 433 ANNALIUM
2130 373 2274 430 LIB.
2315 373 2424 432 XI.

2412 264 2441 276 ν⁴

3553 377 3661 441 922

395 477 631 547 συνῆρξε
687 475 767 546 τῷ
821 478 1095 549 Ἀντωνίῳ
1136 482 1200 551 τῇ
1261 481 1533 553 μοναρχίᾳ
1592 484 1969 556 ’προστίθησιν1

2082 500 2205 554 quae
2236 485 2314 539 illi
2351 498 2515 541 causa
2542 484 2800 540 interitus
2829 485 2955 551 fuit,
2993 502 3153 557 reque
3184 489 3376 544 iecerit
3412 506 3533 560 quae
3562 505 3663 546 v.0-
3736 544 3744 565 Α

389 570 466 633 ὡς
493 571 587 622 καὶ
611 570 733 623 τότε
754 570 849 623 τοῦ
871 570 1186 640 Αὐγούστου
1216 573 1315 627 ὅσα
1345 574 1598 629 ἐϐούλετο
1622 577 1974 646 πράττοντος,

387 662 598 716 ἐκείνου
629 667 696 734 τῇ
724 665 988 735 Αἰγύπτῳ
1023 667 1383 735 σχολάζοντος
1415 669 1513 720 καί⁵
1548 667 1624 739 τῷ
1655 671 1757 740 τῆς
1791 670 1969 722 Κλεοο

389 756 604 823 πάτρας
635 754 981 820 δουλεύοντος
1012 756 1200 828 ἔρωτι,
1234 758 1304 811 δι’
1333 758 1393 812 ὃν
1423 762 1520 813 καὶ
1557 760 1828 814 ἀπώλετο.
1870 760 1978 814 Οὐ-

388 864 496 909 τως
521 847 615 901 οὗν
641 847 736 901 καὶ
767 847 825 901 ἰν
853 848 930 919 τῷ
956 850 1381 922 τεσσαρακοστῷ
1428 851 1680 922 δευτέρῳ
1726 854 1837 907 ἔτει
1874 853 1975 923 τῆς

389 938 694 1007 μοναρχίας
743 939 842 991 τοῦ
878 940 1158 1011 Καίσαρος
1196 943 1488 1012 ἱστόρησεν
1539 945 1566 996 ὁ
1595 944 1856 1004 Εὐσέϐιος
1881 944 1975 998 τὸν

386 1027 626 1096 Χριστὸν
657 1030 986 1100 γεννηθῆναι
1015 1031 1076 1083 τὸ
1115 1032 1258 1085 κατὰ
1293 1032 1497 1103 σάρκα*
1531 1035 1580 1085 εί
1611 1034 1721 1104 γὰρ
1779 1050 1973 1087 τεσσα-

391 1120 627 1189 ράκοντα
656 1122 749 1174 καὶ¹
780 1123 1059 1193 τέσσαρας
1090 1124 1334 1195 φαίημεν
1362 1126 1490 1186 τοὺς
1514 1124 1616 1192 τῆς
1665 1126 1973 1196 μοναρχίας

386 1212 671 1277 ἐνιαυτοὺς
715 1214 970 1281 γενέσθαι
1002 1216 1098 1269 τοῦ
1134 1217 1437 1288 Καίσαρος,
1487 1219 1548 1271 οὐ
1580 1218 1727 1272 κατὰ
1756 1218 1817 1272 τὸ
1847 1235 1972 1271 τεσ-

387 1303 732 1371 σαρακοστὸν
762 1303 1017 1372 δεύτερον
1074 1306 1194 1370 έτος
1248 1308 1281 1377 ἡ
1321 1307 1615 1375 ἐπιφάνεια
1644 1308 1835 1377 γέγονε
1872 1306 1969 1361 τοῦ

387 1393 597 1464 Κυρίου
631 1397 724 1448 καὶ
755 1396 1007 1466 Σωτῆρος
1031 1398 1211 1469 ήμῶν,
1246 1398 1387 1452 ἀλλὰ
1435 1396 1579 1452 κατὰ
1628 1398 1688 1451 τὸ
1725 1399 1970 1463 εἰκοστὸν

385 1482 607 1537 ἔννατον
658 1484 780 1548 ἔτος
826 1487 1122 1557 συμϐαίνει
1166 1489 1428 1558 τεχθῆναι
1477 1488 1570 1541 τὸν
1610 1487 1838 1558 Κύριον.
1881 1488 1972 1550 Ὠς

385 1576 495 1644 γέρ
533 1577 560 1628 ὁ
594 1573 883 1641 θεσπέσιος
933 1579 1326 1649 εὐαγγελιστὴς
1385 1579 1594 1649 ἱστορεῖ
1637 1580 1875 1643 Λουκᾶς,
1911 1579 1970 1632 ἐν

381 1665 490 1718 ἔτει
518 1669 995 1741 πεντεκαιδεκάτῳ
1022 1670 1122 1739 τῆς
1169 1670 1466 1740 ἡγεμονίας
1514 1669 1770 1740 Τιϐερίου
1830 1669 1967 1721 Καί-

383 1771 548 1825 σαρος
576 1757 670 1810 τὸν
700 1760 938 1828 Χριστὸν
968 1763 996 1814 δ
1039 1761 1292 1831 Ἰωάννης
1319 1761 1604 1823 ἑϐάπτισε,
1657 1760 1965 1831 τριάκοντα

2082 576 2271 630 luerit.
2300 576 2392 630 Sic
2426 575 2593 645 igitur
2624 592 2772 631 anno
2805 594 2912 632 x1."
2952 579 3169 648 imperii
3203 582 3433 637 Ca’saris
3464 598 3661 637 narra-

2081 669 2162 723 vit
2188 668 2462 723 Eusebius
2497 669 2781 723 Christum
2809 671 3115 726 secundum
3158 689 3380 727 carnem
3407 689 3529 728 esse
3560 689 3650 727 na<

2079 767 2219 813 tum.
2272 759 2407 813 Nam
2452 759 2498 813 si
2552 758 2765 828 imperii
2812 762 2932 830 ejus
2969 778 3143 817 annos
3175 779 3300 817 κων
3334 772 3659 827 statuamus,

2077 847 2351 903 adventus
2393 858 2450 903 et
2497 850 2760 904 nativitas
2788 851 3003 906 Domini
3030 862 3085 907 et
3120 853 3428 911 Servatoris
3464 858 3660 924 nostri,

2075 956 2184 995 non
2220 942 2274 995 in
2301 956 2507 996 annum
2544 958 2676 1004 XLII,
2713 943 2809 997 sed
2846 944 2903 997 in
2936 960 3141 999 nonum
3187 954 3246 1001 et
3297 963 3366 1000 xx
3397 948 3563 1003 cadit.
3594 950 3666 1005 Ut

2072 1032 2218 1085 enim
2292 1042 2515 1088 sanctus
2548 1033 2728 1089 Lucas
2778 1037 3112 1105 evangelista
3164 1049 3373 1103 narrat,
3421 1040 3664 1096 Joannes

2073 1122 2360 1179 Christum
2388 1139 2535 1180 anno
2562 1141 2629 1180 xv
2664 1126 2881 1196 imperii
2913 1126 3120 1181 Tiberii
3166 1129 3469 1198 baptizavit
3496 1148 3509 1184 :
3552 1146 3665 1201 quo

2075 1224 2320 1284 tempore
2354 1230 2550 1281 annos,
2579 1217 2775 1271 eodem
2796 1226 3052 1282 auctore,
3080 1218 3333 1275 Christus
3362 1236 3467 1274 xxx
3494 1232 3663 1278 natus

2074 1305 2198 1368 fuit,
2235 1315 2296 1360 ut
2317 1307 2428 1374 jam
2460 1323 2529 1361 xv
2558 1309 2687 1361 anni
2718 1308 2786 1363 de
2820 1325 2923 1363 xxx
2964 1326 3033 1364 ex
3068 1310 3301 1379 imperio
3327 1311 3560 1377 Tiberii,
3592 1329 3663 1367 xv

2072 1396 2269 1465 reliqui
2296 1397 2364 1451 de
2395 1413 2517 1453 xuv
2543 1401 2703 1453 annis
2724 1399 2956 1470 Augusti
2988 1411 3298 1456 sumantur.
3337 1402 3494 1459 Unde
3523 1418 3661 1458 con-

2070 1495 2197 1549 stat,
2231 1486 2299 1541 de
2337 1486 2406 1542 iis
2433 1496 2648 1544 restare
2679 1504 2854 1545 annos
2886 1507 3033 1545 xxix.
3065 1490 3303 1547 Proinde
3331 1508 3478 1548 anno
3505 1495 3661 1549 vice-

2071 1580 2213 1632 simo
2241 1592 2387 1632 nono
2415 1578 2724 1635 conﬁrmati
2757 1580 2976 1651 imperii
3009 1582 3240 1639 Caesaris
3284 1584 3540 1655 Augusti,
3574 1601 3664 1641 se-

2071 1670 2312 1725 cundum
2365 1687 2612 1735 carnem,
2673 1687 2741 1726 ex
2798 1688 3019 1742 semper
3068 1674 3312 1745 Virgine,
3367 1684 3423 1729 et
3471 1687 3661 1732 sancta

2071 1761 2240 1816 Maria
2301 1763 2534 1834 Deipara
2585 1773 2778 1819 natum
2834 1779 2959 1820 esse
3005 1766 3298 1821 Dominum
3349 1766 3660 1837 deprehen-

378 1845 423 1896 δ’
456 1842 523 1915 ἦν
559 1849 698 1902 ἐτῶν
737 1852 826 1903 ὅτε
879 1852 1213 1923 ἐϐαπτίσθη,
1257 1852 1403 1906 κατὰ
1437 1853 1531 1906 τὸν
1581 1851 1746 1905 αὐτὸν
1796 1852 1966 1921 εὐαγ-
2002 1846 2042 1898 Β
2073 1855 2250 1910 ditur.
3465 1864 3476 1877 '

378 1941 659 2014 γελιστήν.
690 1943 855 1998 ’Ὠστε
885 1944 1072 2001 λοιπὸν
1095 1948 1224 2011 τοὺς
1269 1948 1368 2017 μὲν
1414 1947 1818 2002 πεντεκαίδεκα
1881 1948 1992 2001 τῶν
2025 1948 2324 2019 τριάκοντα
2395 1950 2662 2005 ἐνιαυτῶν
2695 1953 2760 2005 ἐκ
2788 1952 2898 2005 τῶν
2947 1952 3045 2022 τῆς
3092 1952 3394 2024 αὐταρχίας
3423 1950 3521 2005 τοῦ
3564 1952 3664 2006 Τι-

379 2037 563 2107 ϐερίου
596 2040 804 2109 χρόνων
832 2040 1229 2112 λαμϐάνεσθαι,
1281 2042 1406 2105 τοὺς
1440 2042 1498 2095 δέ
1526 2056 1591 2110 γε
1623 2042 1846 2105 λοιποὺς
1897 2044 2291 2098 πεντεκαίδεκα
2324 2048 2388 2098 ἐκ
2423 2046 2531 2099 τῶν
2585 2046 2681 2099 τοῦ
2730 2047 3044 2116 Αὐγούστου
3102 2048 3511 2119 τεσσαράκοντα
3568 2048 3662 2103 καὶ

377 2136 661 2207 τεσσάρων
713 2136 1190 2207 καταλογίζεσθαι.
1251 2138 1552 2209 Συμϐαίνει
1600 2139 1782 2192 τοίνυν
1827 2139 1955 2201 τοὺς
1996 2137 2055 2203 ἐξ
2118 2140 2302 2195 αὐτῶν
2374 2141 2952 2212 περιλιμπανομένους
2981 2144 3140 2198 ἐννέα
3184 2140 3324 2197 εἶναι
3381 2145 3476 2197 καὶ
3520 2143 3661 2197 εῐκο·

384 2240 492 2279 σιν.
541 2227 631 2280 Ἑν
687 2228 821 2296 γοῦν
880 2230 960 2302 τῷ
1013 2229 1246 2299 εἰκοστῷ
1296 2231 1513 2301 ὲννάτῳ
1556 2232 1657 2295 τῆς
1736 2230 2000 2301 ἀκριϐοῦς
2047 2232 2351 2303 μοναρχίας
2392 2232 2488 2286 τοῦ
2560 2234 2837 2304 Καίσαρος
2889 2236 3231 2304 Αὐγούστου,
3294 2235 3661 2305 καταλαμϐά-

378 2338 528 2374 νεται
572 2322 835 2393 τεχθῆναι
858 2323 920 2376 τὸ
944 2324 1086 2378 κατὰ
1137 2325 1320 2396 σάρκα
1352 2326 1416 2377 ἐκ
1455 2324 1557 2395 τῆς
1589 2323 1958 2395 ἁειπαρθένου
1994 2325 2091 2377 καὶ
2141 2326 2305 2392 ἁγίας
2360 2328 2583 2396 Μαρίας
2605 2328 2872 2381 Θεοτόκου
2907 2327 3000 2381 τὸν
3028 2328 3257 2392 Κύριον.

1376 2642 1779 2730 LIBER
1863 2642 2598 2732 UNDECIMUS.

447 2837 527 2892 Δ.
568 2834 631 2889 Ὀ
677 2835 778 2907 μὲν
830 2833 925 2889 οὖν
971 2832 1280 2904 Αὔγουστος
1312 2833 1550 2900 ἀπεϐίω,
1592 2834 1668 2897 ὡς
1699 2835 1952 2903 εἴρηται·

2138 2834 2181 2888 i.
2217 2834 2467 2904 Augusto
2495 2833 2561 2889 ad
2603 2832 2751 2888 hunc
2780 2834 3029 2897 modum,
3054 2850 3162 2903 quo
3195 2836 3507 2905 expositum
3541 2848 3651 2900 est,

376 2929 479 2998 τὴν
530 2927 588 2981 δέ
644 2927 952 2998 μοναρχίαν
986 2928 1015 2980 ὁ
1050 2927 1301 2999 Τιϐέριος
1353 2924 1649 2992 διεδέξατο,
1680 2926 1739 2989 ὃς
1788 2925 1957 2978 εὐπα-

2070 2927 2348 2992 defuncto,
2398 2927 2691 2997 imperium
2739 2927 2998 2982 Tiberius
3047 2930 3315 2998 suscepit.
3368 2946 3437 2985 ex
3492 2942 3659 3001 gente

376 3019 569 3090 τρίδης
618 3020 717 3090 μὲν
760 3015 855 3092 ἦν,
900 3021 997 3075 καὶ
1038 3018 1394 3091 πεπαίδευτο,
1424 3018 1524 3088 τὴν
1550 3018 1608 3072 δὲ
1633 3016 1865 3089 γνώμην
1894 3011 1965 3087 ἦν

2070 3017 2324 3086 patricia,
2370 3018 2571 3071 litteris
2632 3020 2908 3083 eruditus,
2963 3019 3060 3073 sed
3111 3019 3332 3088 ingenio
3391 3037 3657 3091 perquam

378 3110 801 3176 ποικιλώτατος,
842 3111 1122 3175 ἐναντίους
1156 3114 1222 3182 τῇ
1253 3112 1579 3183 προαιρέσει
1616 3112 1743 3175 τοὺς
1769 3111 1966 3178 λόγους

2070 3108 2242 3171 vario,
2291 3108 2442 3162 aliud
2491 3108 2641 3178 loqui
2669 3108 2816 3163 aliud
2861 3109 3072 3165 sentire
3111 3111 3335 3177 solitus,
3365 3122 3590 3181 pectore
3624 3130 3659 3168 a

380 3205 732 3275 ποιούμενος.
777 3197 881 3258 Ὧν
923 3205 1034 3277 γὰρ
1088 3204 1361 3271 ἐϐούλετο,
1428 3206 1692 3259 τάναντία
1753 3204 1964 3272 ἔλεγεν,

2070 3200 2254 3270 lingua
2285 3199 2700 3256 dissentiente:
2760 3217 2886 3256 cum
2936 3218 3047 3265 non
3093 3203 3458 3270 irascebatur,
3516 3205 3656 3259 iram

378 3296 514 3353 ἄλλα
558 3297 660 3368 μὲν
711 3294 922 3351 κεύθων
961 3296 1073 3367 (89)
1093 3296 1175 3349 ἐνὶ
1212 3296 1430 3367 φρεσὶν,
1488 3297 1625 3350 ἄλλα
1673 3296 1729 3349 δὲ
1754 3295 1961 3364 λέγων’

380 3391 479 3446 καὶ
533 3370 854 3462 ὀργίζεσθᾶι
902 3389 1399 3461 προσποιούμενος,
1432 3390 1492 3444 ἐν
1538 3385 1619 3454 οἷς
1652 3390 1753 3442 οὐκ
1792 3388 1965 3457 ὠργί-

379 3482 534 3549 ζετοο
564 3481 661 3534 καὶ
708 3482 769 3534 ἐν
814 3473 898 3543 οἷς
944 3478 1240 3550 ἐθυμοῦτο,
1294 3479 1769 3551 σχηματιζόμενος
1794 3479 1967 3533 ἐπιεί-

380 3590 540 3629 κειαν
562 3591 577 3607 ·
623 3575 719 3627 καὶ
761 3572 840 3636 ὡς
881 3572 1219 3627 οἰκειότατον
1250 3573 1401 3642 ἐώρα
1439 3573 1531 3626 τὸν
1560 3573 1834 3644 ἔχθιστον,
1866 3575 1967 3629 καὶ

376 3668 457 3731 ὡς
510 3667 929 3739 ἀλλοτριωτάτῳ
978 3667 1357 3738 προσεφέρετο
1408 3666 1486 3739 τῷ
1540 3668 1806 3741 φιλτάτῳ.
1851 3670 1966 3723 Καὶ

378 3761 481 3814 οὐκ
537 3760 695 3831 ἠξίου
745 3762 860 3823 τοῖς
893 3759 1079 3822 ἄλλοις
1129 3759 1289 3825 δῆλον
1342 3756 1484 3814 εἶναί
1519 3762 1653 3815 οίτὸ
1684 3762 1963 3832 φρόνημα,

377 3851 540 3905 τοῦτο
585 3852 892 3924 προσήκειν
925 3850 1004 3921 τῷ
1059 3851 1424 3922 αὐταρχούντι
1471 3853 1710 3923 φρονῶν.
1749 3855 1859 3907 Καὶ
1887 3854 1963 3907 εἵ-

379 3961 440 3996 τε
467 3961 552 4008 τις
577 3945 893 4015 ἠναντιοῦτο
920 3940 1003 4007 οἷς
1035 3943 1243 4013 ἔλεγεν,
1276 3944 1397 3998 εἴτε
1452 3944 1557 4015 μὴν
1591 3946 1687 3999 καὶ
1717 3946 1961 4016 συνῄνει,

383 4035 676 4108 μεμίσητο.
711 4035 862 4098 Τέως
905 4036 950 4089 δ’
990 4034 1085 4089 οὖν
1123 4036 1206 4099 είς
1251 4037 1323 4088 τὰ
1357 4036 1703 4105 στρατόπεδα
1741 4038 1838 4090 καὶ
1877 4039 1962 4100 είς

377 4127 449 4180 τὰ
480 4126 610 4197 ἔθνη
644 4125 827 4180 πάντα
858 4124 936 4189 ὡς
986 4124 1350 4197 αὐτοκράτωρ
1398 4125 1598 4179 αὐτίκα
1649 4125 1960 4192 ἐπέστειλε,

385 4220 462 4290 μὴ
503 4220 680 4286 λέγων
725 4216 1090 4287 αὐτοκράτωρ
1132 4215 1294 4272 εἶναι.
1338 4217 1631 4288 Ψηφισθέν
1664 4216 1774 4288 γὰρ
1809 4216 1959 4288 αὐτῷ
1993 4251 2039 4306 D

379 4309 479 4362 καὶ
514 4308 674 4363 τοῦτο
710 4308 850 4380 μετὰ
880 4308 990 4362 τῶν
1021 4308 1198 4363 ἄλλων
1241 4308 1525 4378 ὀνομάτων
1565 4310 1669 4362 οὐκ
1718 4308 1958 4375 ἐδέξατο,

382 4401 481 4457 καὶ
530 4403 597 4455 τὰ
637 4401 736 4471 τῆς
784 4402 963 4472 ἀρχῆς
1006 4399 1228 4453 διοικῶν
1269 4399 1510 4464 ἅπαντα,
1561 4400 1729 4471 μηδὲν
1776 4402 1963 4464 αὐτοῖς

382 4493 593 4548 δεῖσθαι
627 4492 805 4562 ἔλεγε.
843 4493 955 4547 Καὶ
983 4491 1192 4563 ταύτης
1231 4491 1557 4557 ἐξίστασθαι
1594 4492 1964 4589 ὲκτγμψεύετο,

382 4589 481 4642 καὶ
508 4587 598 4641 διὰ
642 4588 743 4658 τὴν
776 4586 998 4657 ἡλικίαν
1034 4586 1116 4658 (ἓξ
1147 4586 1256 4657 γὰρ
1298 4588 1394 4640 καὶ
1435 4586 1781 4660 πεντήκοντα
1822 4590 1962 4641 ἐτῶν

383 4676 475 4751 ἦν)
510 4679 607 4734 καὶ
655 4679 723 4732 δι’
763 4678 1124 4749 ἀμϐλυωπίαν
1150 4695 1166 4711 ο
1219 4680 1473 4734 πλεῖστον
1529 4680 1638 4752 γὰρ
1682 4683 1739 4735 ἐν
1783 4683 1966 4737 σκότει

387 4771 622 4841 βλέπων,
648 4771 904 4839 ἐλάχιστα
933 4771 1032 4839 τὴν
1064 4770 1281 4839 ἡμέραν
1311 4767 1479 4836 ἐώρα.
1505 4764 1638 4822 Εἶτα
1667 4769 1965 4834 κοινωνοὺς

388 4865 507 4937 ᾔτει
564 4866 665 4935 τῆς
713 4862 893 4933 ἀρχῆς
944 4864 1039 4915 καὶ
1102 4861 1496 4932 συνάρχοντας,
1549 4862 1703 4915 οὐδὲν
1759 4865 1967 4917 τούτων

387 4955 616 5025 ποιῆσαι
666 4953 897 5023 μέλλων,
944 4948 1064 5005 ἀλλ’
1102 4950 1188 5003 ὅτι
1241 4966 1304 5003 τε
1334 4947 1570 5003 ὕπουλον
1616 4945 1764 5019 εῖχεν
1810 4945 1965 5021 ἦθος,

388 5047 486 5102 καὶ
511 5047 594 5100 ὅτι
625 5045 722 5099 καὶ
768 5044 840 5096 τὰ
871 5041 1265 5113 στρατεύματα
1292 5040 1363 5094 τά
1392 5058 1452 5095 τε
1481 5044 1540 5094 ἐν
1570 5041 1840 5114 Παννονίᾳ
1873 5045 1969 5096 καὶ

389 5140 450 5194 ἐν
470 5136 753 5209 Γερμανίᾳ
782 5134 1098 5198 ὑπώπτευε,
1130 5133 1229 5188 καὶ
1259 5133 1352 5186 τὸν
1378 5133 1722 5205 Γερμανικὸν
1753 5134 1967 5202 ἐδεδίει,

388 5234 490 5301 τῆς
524 5227 835 5300 Γερμανίας
864 5226 1105 5297 ἄρχοντα
1141 5224 1287 5292 τότε,
1327 5226 1425 5278 καὶ
1458 5227 1573 5288 τοῖς
1606 5226 1971 5297 στρατιώταις

390 5322 740 5393 φιλούμενον.
788 5318 900 5372 Καὶ
942 5319 1032 5372 διὰ
1075 5316 1249 5372 ταῦτα
1295 5317 1447 5371 οὐδὲν
1490 5316 1566 5382 ὡς
1606 5318 1970 5390 αὐτοκράτωρ

391 5418 631 5486 ἔπραττε
678 5412 955 5484 φανερῶς,
985 5410 1123 5465 ἀλλὰ
1155 5411 1252 5465 καὶ
1283 5413 1463 5467 νοσεῖν
1491 5411 1970 5481 προσποιούμενος

392 5507 665 5578 οἰκουρῶν
738 5500 844 5577 ἦν,
889 5504 983 5558 καὶ
1031 5503 1333 5575 διέμελλεν,
1399 5503 1465 5557 ἵν’
1517 5504 1578 5557 ἐν
1636 5503 1815 5558 ἑλπίδι
1873 5504 1971 5558 τοῦ

2066 3292 2377 3347 simulans:
2429 3310 2553 3347 cum
2601 3302 2913 3349 commotus
2942 3305 3082 3359 erat,
3134 3295 3420 3351 lenitatem
3456 3313 3566 3367 pra:
3597 3313 3663 3353 se

2063 3384 2289 3440 ferens:
2344 3385 2790 3441 inimicissimum
2853 3388 2927 3441 ita
2972 3387 3216 3451 ,intuens
3268 3398 3330 3442 ut
3378 3390 3656 3443 amicissi-

2067 3494 2260 3532 mum:
2315 3490 2371 3533 et
2432 3480 2857 3544 amicissimum,
2908 3488 2967 3534 ut
3009 3479 3431 3536 alienissimum.
3466 3481 3659 3551 Neque

2065 3566 2214 3621 enim
2243 3552 2512 3637 principis
2544 3570 2789 3623 animum
2839 3569 2963 3624 aliis
3015 3584 3139 3625 esse
3173 3571 3454 3640 cognitum
3487 3586 3657 3640 opor-

2089 3675 2185 3714 ere
2234 3661 2639 3733 arbitrabatur,
2667 3661 2907 3716 Proinde
2958 3662 3074 3717 sive
3125 3662 3507 3729 adversarere,
3539 3662 3658 3717 sive

2065 3753 2401 3808 assentirere
2430 3754 2580 3809 illius
2606 3754 2868 3818 orationi,
2895 3754 3083 3808 odium
3113 3755 3450 3810 incurreres.
3486 3756 3565 3809 Ac
3586 3755 3658 3808 ad

2064 3842 2312 3911 legiones
2338 3852 2391 3897 et
2426 3858 2620 3898 omnes
2670 3853 2864 3914 gentes
2915 3845 3103 3898 statim
3147 3854 3204 3900 ut
3241 3845 3544 3915 imperator
3575 3844 3659 3898 le-

2067 3943 2222 4002 gatos
2248 3934 2420 3997 misit,
2452 3934 2802 3990 dissimulato
2833 3936 3188 4005 imperatoris
3219 3939 3470 4002 nomine,
3504 3936 3653 4007 quod

2069 4044 2176 4083 una
2209 4043 2334 4083 cum
2369 4026 2585 4082 caeteris
2613 4026 2719 4082 sibi
2745 4027 3031 4082 decretum
3065 4027 3397 4098 repudiavit.
3429 4028 3498 4082 Et
3525 4044 3651 4082 cum

2066 4126 2244 4173 totum
2282 4118 2579 4187 imperium
2602 4116 3038 4185 administraret,
3067 4118 3204 4172 nihil
3234 4118 3339 4173 sibi
3367 4134 3510 4188 opus
3531 4134 3655 4173 esse

2066 4210 2207 4266 dixit
2240 4209 2474 4280 imperio
2503 4226 2519 4263 :
2553 4223 2731 4279 coque
2759 4223 2818 4264 se
2844 4224 3130 4265 cessurum
3163 4224 3285 4266 esse
3312 4249 3327 4276 ,
3361 4219 3478 4264 tum
3535 4223 3660 4279 pro-

2067 4313 2191 4375 pter
2230 4313 2447 4359 :etatem
2480 4304 2676 4377 (annos
2706 4305 2857 4360 enim
2885 4320 2938 4358 vr
2992 4313 3049 4360 et
3082 4320 3113 4358 ι.
3141 4312 3302 4360 natus
3351 4304 3515 4375 erat),
3538 4314 3652 4359 tum

2070 4405 2294 4465 propter
2325 4396 2501 4451 aciem
2527 4396 2816 4452 oculorum
2844 4397 3209 4464 obtusiorem,
3237 4397 3484 4469 iactavit.
3515 4397 3654 4451 Nam

2066 4489 2124 4544 in
2152 4490 2400 4545 tenebris
2430 4490 2757 4561 plurimum,
2787 4491 2844 4545 in
2874 4491 2999 4546 luce
3031 4491 3321 4545 minimum
3357 4491 3644 4546 cernebat.

2066 4583 2276 4638 Deinde
2304 4584 2485 4639 socios
2513 4593 2570 4639 et
2602 4585 2843 4655 collegas
2876 4583 3093 4654 imperii
3132 4583 3296 4656 546
3328 4584 3655 4653 postulavit.

2066 4675 2215 4739 Haec,
2249 4681 2503 4747 quamvis
2544 4686 2805 4732 neutrum
2840 4678 2894 4733 in
2937 4677 3126 4732 animo
3152 4678 3401 4742 haberet,
3455 4678 3655 4748 partim

2067 4781 2298 4840 propter
2342 4770 2620 4826 occultum
2656 4769 2961 4840 ingenium,
3022 4770 3222 4840 partim
3250 4770 3335 4825 ~01)
3364 4770 3657 4826 Germani-

2069 4873 2162 4912 cas
2195 4866 2252 4913 et
2298 4858 2647 4914 Pannonicas
2692 4859 2941 4930 legiones
2993 4876 3131 4930 quas
3160 4872 3446 4930 suspectas
3487 4862 3657 4916 hahe-

2069 4950 2184 5015 bat,
2208 4958 2264 5004 et
2293 4950 2606 5006 Germanici
2642 4961 2793 5006 metu
2844 4950 3104 5019 faciebat,
3138 4954 3233 5024 qui
3270 4963 3384 5008 tum
3432 4954 3657 5010 Germa-

2069 5043 2175 5097 niae
2213 5057 2433 5111 praeses,
2483 5043 2688 5098 charus
2740 5054 2870 5112 erat,
2927 5045 3218 5101 militibus.
3256 5046 3352 5100 liis
3391 5046 3559 5116 igitur
3589 5048 3657 5101 de

2070 5134 2276 5197 causis,
2318 5134 2458 5189 nihil
2494 5145 2685 5206 aperte
2729 5151 2829 5206 pro
2864 5136 3098 5208 imperio
3146 5134 3423 5191 faciebat:
3462 5138 3557 5191 sed
3600 5151 3657 5193 ct

2072 5227 2328 5282 morbum
2381 5228 2648 5284 simulans
2692 5227 2844 5283 domi
2891 5244 2950 5284 se
2997 5228 3339 5290 continebat,
3386 5238 3443 5282 et
3471 5243 3657 5281 moras

2073 5322 2349 5387 nectebat,
2374 5330 2437 5376 ut
2467 5338 2736 5377 novarum
2765 5337 2951 5377 rerum
2976 5320 3188 5393 cupidi,
3219 5329 3507 5389 sperantes
3527 5336 3654 5374 eum

2076 5415 2225 5469 ultro
2269 5414 2649 5484 depositurum
2697 5415 3013 5484 imperium,
3045 5411 3420 5481 quiescerent,
3479 5410 3657 5466 donec

2078 5507 2444 5577 principatum
2495 5507 2564 5562 ab
2610 5507 2760 5563 omni
2814 5517 2968 5576 parte
3022 5505 3313 5558 lirmassct.
3358 5500 3496 5557 Tum
3526 5518 3658 5560 vero

1586 5667 1782 5732 Varia)
1826 5668 2135 5734 lectiones
2177 5674 2240 5735 et
2274 5681 2466 5735 nota).

466 5793 578 5862 (89)
611 5793 868 5849 Κεύθων.
905 5794 980 5848 Ex
1013 5794 1247 5849 llumero
1273 5792 1432 5850 Iliad.
1472 5811 1511 5858 ι.
1534 5810 1584 5851 v.
1630 5794 1716 5852 15.
