4048 6442
409 394 514 453 923
1743 390 2066 454 JOANNlS
2104 389 2427 450 ZONARE
3607 385 3709 448 92$

407 503 704 571 Agrippam
757 502 987 572 Augusti
1037 518 1104 556 ex
1155 501 1300 558 Julia
1339 510 1620 572 nepotem,
1649 501 1902 572 Agrippae
1933 501 2000 555 li-

2119 500 2303 554 ὲκόντα
2352 501 2451 574 τὴν
2506 501 2684 574 ἀρχὴν
2742 503 2978 572 ἀφήσειν
3032 499 3218 564 αὐτὸν,
3288 499 3376 570 μή
3444 497 3506 552 τί
3571 516 3713 562 τινες

407 592 565 655 lium,
603 591 784 647 occidi
828 593 1014 663 jussit.
1074 593 1467 648 Germanicum
1517 607 1652 648 vero
1700 591 2000 647 admodum

408 682 616 740 timuit.
663 682 806 739 Sunt
855 693 914 740 et
969 684 1306 740 Pannonica:
1334 684 1582 755 legiones
1612 693 1806 740 contra
1835 698 1998 738 suum

410 773 612 830 ducem
643 775 1016 832 tumultuatat.
1062 775 1168 832 Sed
1203 775 1598 831 audacioribus
1625 786 1680 830 et
1713 767 2018 830 seditionis

409 866 607 936 primis
631 867 962 931 auctoribus
984 867 1258 938 supplicio
1295 866 1528 930 affectis,
1555 867 1736 922 caeteri
1772 868 2001 935 quieve-

411 970 569 1017 runt.
595 959 940 1016 Germanica:
974 975 1106 1016 vero
1142 959 1390 1031 legiones
1440 959 1666 1015 Tiberio
1697 959 2001 1014 maledixe.

413 1065 566 1121 runt,
597 1066 655 1112 et
689 1055 1078 1113 Germanicum
1111 1056 1500 1126 imperatorem
1531 1055 1864 1110 salutaruut.
1897 1054 2002 1122 Qui

414 1165 542 1205 cum
572 1149 816 1222 gladium
868 1150 1204 1212 strinxisset,
1236 1149 1392 1219 quasi
1421 1150 1662 1218 seipsum
1691 1149 2003 1212 occisurus,

417 1243 582 1298 miles
600 1243 828 1314 quidam
859 1258 960 1297 suo
985 1257 1119 1297 ense
1147 1240 1364 1296 sublato
1389 1258 1403 1294 :
1436 1240 1608 1299 Hunc.
1643 1241 1844 1310 inquit.
1873 1255 2005 1310 cape

418 1342 508 1388 tuo
545 1335 857 1389 acutiorem.
892 1333 1082 1403 ltaque
1111 1350 1142 1387 a
1171 1332 1255 1387 sui
1281 1327 1428 1388 Caede
1462 1332 1756 1394 abstinuit,
1792 1346 1861 1386 ne
1889 1347 2005 1386 ma-

415 1425 500 1496 gis
535 1426 1047 1481 tumultuarentur:
1099 1425 1198 1481 sed
1248 1425 1500 1480 conlictis
1529 1425 1634 1480 sub
1665 1423 1873 1479 Tiberii
1908 1441 2008 1478 no-

415 1518 566 1573 mine
617 1517 820 1574 litteris
866 1517 1072 1588 quibus
1102 1517 1211 1573 illis
1261 1533 1492 1572 muuera
1521 1527 1580 1572 et
1612 1517 1718 1572 alia
1755 1515 2003 1586 quaedam

416 1610 902 1678 promittebantur,
926 1618 1041 1664 tum
1060 1608 1391 1664 seditionem
1411 1609 1772 1679 compescuit.
1799 1607 2005 1664 Deinde

417 1703 616 1772 legatis
671 1718 702 1759 a
749 1702 974 1757 Tiberio
1019 1701 1224 1769 missis,
1249 1701 1562 1757 Germanici
1619 1700 1856 1756 artificio
1906 1715 2003 1756 co-

419 1794 594 1864 guito,
651 1792 916 1863 suspicati
956 1793 1080 1848 illos
1111 1793 1304 1848 adesse
1340 1801 1401 1847 ut
1433 1793 1562 1864 ejus
1589 1791 1864 1863 promissa
1899 1791 2004 1846 tol-

419 1885 623 1950 lerent,
677 1885 862 1940 denuo
900 1885 1219 1939 tumultuati
1257 1894 1411 1950 sunt,
1458 1895 1516 1939 et
1567 1894 1760 1940 contra
1793 1885 2007 1955 legatos

419 1977 709 2040 concitati,
731 1987 788 2031 et
810 1975 1126 2030 Germanici
1153 1992 1381 2030 uxorem
1409 1975 1782 2046 Agrippinam,
1813 1975 2012 2047 Agrip-

421 2085 504 2141 pa:
531 2077 589 2122 et
617 2068 775 2123 Julia:
804 2067 998 2132 ﬁliam,
1054 2077 1112 2123 et
1165 2067 1338 2122 filium
1385 2068 1504 2137 ejus
1532 2067 1724 2122 Caium
1754 2084 2010 2139 compre—

425 2157 780 2232 hend_erunt:
823 2172 888 2212 ac
943 2171 1170 2212 uxorem
1221 2167 1592 2228 praegnantem
1641 2158 1692 2212 ei
1749 2159 2010 2214 restitue-

425 2257 579 2312 runt,
633 2249 744 2303 filio
775 2257 1015 2303 retento.
1074 2249 1274 2304 Verum
1309 2265 1432 2304 cum
1465 2250 1602 2304 nihil
1655 2249 2010 2321 proficerent,

427 2349 486 2394 et
514 2339 617 2409 ipsi
669 2339 1026 2408 quieverunt.
1067 2339 1160 2396 Sic
1201 2341 1292 2396 ille
1341 2341 1632 2410 imperium
1683 2358 1808 2397 cum
1848 2358 2016 2398 occu-

426 2443 558 2498 pare
599 2437 805 2498 posset.
855 2439 1182 2499 aspernatus
1230 2441 1337 2486 est.
1368 2431 1483 2498 Qua
1518 2432 1585 2486 de
1617 2447 1783 2487 causa
1829 2434 2010 2504 palam

425 2535 552 2575 eum
587 2518 846 2574 Tiberius
889 2519 1033 2588 apud
1083 2529 1336 2574 senatum
1385 2521 1683 2576 laudabat:
1739 2523 1834 2576 sed
1865 2521 2012 2592 apud

427 2626 550 2666 sese
577 2611 875 2665 admodum
905 2622 1221 2681 suspectum
1268 2611 1525 2677 habebat,
1553 2623 1609 2669 et
1637 2623 1699 2668 ut
1731 2615 2008 2670 munitum

426 2703 739 2774 legionibus
778 2703 1084 2758 metuebat.
1116 2701 1390 2758 Carterum
1425 2719 1550 2759 cum
1581 2705 1744 2760 nulla:
1769 2706 2012 2776 amplius

429 2796 606 2850 turba:
638 2797 1052 2862 nuntiarentur,
1079 2796 1282 2850 omissa
1313 2797 1772 2862 dissimulatione,
1801 2799 2013 2868 princi-

432 2899 619 2956 patum
650 2887 899 2943 admisit.
956 2887 1034 2944 Ac
1065 2887 1311 2958 quandiu
1342 2887 1706 2944 Germanicus
1732 2881 2016 2960 superstes

432 2979 556 3045 fuit,
591 2980 730 3035 nihil
763 2992 958 3050 suapte
987 2982 1318 3036 auctoritate
1352 2981 1484 3051 egit,
1525 2979 1622 3036 sed
1663 2981 1730 3036 ad
1759 2993 2012 3037 senatqu

435 3067 622 3122 retulit
647 3070 854 3132 omnia,
886 3084 1066 3138 neque
1092 3070 1162 3124 ab
1195 3069 1309 3123 ullo
1343 3069 1449 3124 nisi
1480 3085 1511 3124 a
1543 3069 1816 3124 militibus
1839 3071 2014 3139 impe-

2103 591 2484 664 νεοχμώσωσι,
2518 594 2714 664 μέχρις
2738 589 2800 648 οὗ
2825 594 2925 663 τῆς
2955 592 3256 662 ἡγεμονίας
3281 589 3588 661 ἐγκρατὴς
3619 591 3710 643 διά

2103 685 2324 740 πάντων
2374 685 2618 754 ἐγένετο.
2659 686 2767 740 Τδν
2821 687 2922 755 μὲν
2970 685 3067 740 οὖν
3119 685 3458 753 Ἀγρίππαν
3511 683 3712 736 αὐτίκα

2103 777 2330 848 πέμψας
2396 778 2711 844 ἀπέκτεινε,
2775 778 2869 832 τοῦ
2929 777 3268 846 Αὐγούστου,
3319 777 3406 838 ὡς
3467 776 3712 846 εἴρηται,

2103 867 2236 921 ὅντα
2285 867 2647 940 θυγατριδοῦν
2695 869 2756 934 ἐξ
2793 869 3020 931 Ἰουλίας
3067 869 3160 924 καὶ
3209 867 3309 922 τοῦ
3365 867 3708 938 Ἀγρίππου.

2105 962 2212 1014 Τὺν
2257 961 2317 1016 δὲ
2374 963 2719 1034 Γερμανικὸν
2771 963 2894 1018 λίαν
2941 964 3213 1034 ἐφοϐεῖτο.
3257 963 3618 1035 Ἐθορύϐησε
3656 964 3711 1018 δὲ

2105 1056 2200 1110 καὶ
2224 1055 2289 1108 τὸ
2319 1057 2377 1108 ἐν
2401 1058 2468 1128 τῇ
2507 1056 2778 1128 Παννονίᾳ
2805 1058 3158 1126 στράτευμα,
3179 1057 3256 1120 ὡς
3289 1057 3396 1110 καὶ
3434 1057 3590 1110 κατὰ
3617 1055 3708 1109 τοῦ

2105 1145 2366 1215 ἄρχοντος
2399 1146 2582 1200 αὐτῶν
2609 1148 2878 1218 ὁρμῆσαι.
2907 1143 3040 1202 Εἶτα
3071 1147 3304 1202 καὶτῶν
3336 1147 3706 1218 θρασυτέρων

2106 1237 2202 1290 καὶ
2237 1239 2584 1309 πρωταιτίων
2615 1239 3013 1302 κολασθέντων,
3043 1240 3412 1310 κατέστησαν
3435 1240 3493 1291 οἱ
3516 1237 3709 1293 λοιποί.

2106 1331 2170 1384 Ol
2198 1330 2256 1385 δὲ
2291 1333 2350 1384 ἐν
2375 1333 2441 1402 τῇ
2473 1331 2757 1403 Γερμανίᾳ
2781 1331 2872 1385 τόν
2896 1349 2956 1385 τε
2988 1331 3248 1401 Τιϐέριον
3278 1331 3706 1402 κατηγόρησαν,

2108 1426 2200 1476 καὶ
2259 1422 2354 1478 τὸν
2436 1424 2780 1494 Γερμανικὸν
2866 1425 3210 1479 ἐπεκάλεσαν
3293 1426 3707 1496 αὐτοκράτορα.

2121 1514 2364 1568 Ἐκείνου
2395 1515 2452 1569 δὲ
2484 1514 2548 1568 τὸ
2594 1514 2747 1584 ξίφος
2782 1517 3166 1585 σπασαμένου,
3200 1515 3280 1578 ὡς
3312 1517 3521 1570 ἐαυτὸν
3555 1519 3706 1570 ἀναι-

2113 1607 2392 1678 ρήσοντος,
2425 1601 2507 1670 εἷς
2550 1623 2636 1670 τις
2665 1607 2775 1660 τῶν
2818 1607 3171 1677 στρατιωτῶν
3201 1607 3262 1660 τὸ
3307 1607 3519 1662 ἐαυτοῦ
3562 1607 3707 1674 ξίφος

2107 1699 2420 1764 ἀνατείνας,
2461 1697 2662 1764 Τοῦτο,
2690 1697 2818 1770 ἔφη,
2850 1699 3018 1762 λάϐε,
3044 1701 3345 1770 ὀξύτερον
3373 1701 3493 1769 γάρ
3522 1703 3704 1756 ἐστιν.

2121 1791 2182 1844 '0
2210 1789 2303 1844 οὖν
2333 1791 2676 1861 Γερμανικὸς
2701 1790 2798 1844 τοῦ
2849 1793 3060 1845 κτεῖναι
3094 1793 3194 1861 μὲν
3224 1793 3435 1865 ἐαυτὸν
3471 1792 3702 1861 ἀπέσχε-

2111 1903 2193 1949 το,
2223 1886 2311 1938 ῐνα
2354 1886 2430 1954 μὴ
2467 1885 2668 1954 μᾶλλον
2702 1886 3066 1941 στασιάσωσι.
3104 1886 3434 1956 Γράμματα
3467 1886 3525 1940 δὲ
3555 1887 3629 1945 ὡς
3647 1888 3705 1939 ἐκ

2107 1976 2204 2030 τοῦ
2229 1975 2484 2048 Τιϐερίου
2518 1975 2838 2046 πεμφθέντα
2864 1977 3237 2047 πλασάμενος,
3276 1977 3504 2047 δωρεὰς
3526 1977 3704 2038 αὐτοῖς

2107 2069 2318 2122 διδόντι
2367 2068 2465 2122 καὶ
2505 2068 2640 2123 ἀλλα
2689 2069 2812 2121 τινὰ
2871 2068 3289 2139 ὑπισχνούμενοι
3348 2069 3455 2140 τὴν
3514 2068 3697 2122 στάσιν

2107 2161 2232 2212 τότε
2281 2161 2654 2215 κατέπαυσεν.
2703 2159 2974 2230 Ὕστερον
3018 2160 3073 2214 δὲ
3123 2161 3499 2232 πρεσϐευτῶν
3560 2159 3704 2228 παρὰ

2111 2251 2205 2304 τοῦ
2249 2251 2504 2324 Τιϐερίου
2541 2251 2933 2322 πεμφθέντων,
2960 2253 3186 2320 γνόντες
3237 2251 3302 2306 τὸ
3353 2253 3454 2306 τοῦ
3493 2252 3696 2322 Γερμα·

2111 2343 2266 2396 νικοῦ
2291 2344 2791 2414 στρατήγημα,καὶ
2817 2344 3265 2408 ὑποπτεύσαντες
3285 2346 3423 2408 τοὺς
3451 2345 3702 2416 πρέσϐεις

2115 2435 2528 2506 ἀνατρέψοντας
2572 2437 2730 2506 ἥκειν
2779 2437 2848 2490 τὰ
2891 2436 2984 2490 ὑπ’
3019 2437 3239 2490 ἐκείνου
3288 2435 3697 2508 ἐπηγγελμένα.

2114 2524 2461 2596 ἐθορύϐησαν
2505 2521 2684 2589 αὖθις,
2715 2529 2811 2580 καὶ
2843 2524 2988 2579 κατὰ
3014 2527 3125 2580 τῶν
3171 2526 3476 2598 πρέσϐεων
3513 2525 3698 2596 ὥρμη-

2116 2634 2216 2671 σαν
2237 2633 2250 2647 ⁸
2293 2617 2388 2672 καὶ
2417 2617 2516 2689 τὴν
2543 2617 2636 2671 τοῦ
2680 2616 3025 2687 Γερμανικοῦ
3053 2620 3300 2685 γυναῖκα
3339 2619 3444 2688 τὴν
3485 2617 3698 2686 ’Δγριπ-

2111 2710 2298 2772 «inv,
2331 2708 2433 2777 τῆς
2484 2707 2580 2760 τοῦ
2630 2707 2912 2776 Καίσαρος
2963 2706 3237 2776 θυγατρὸς
3293 2693 3438 2778 τῆς
3477 2705 3698 2766 Ἰουλίας

2117 2798 2330 2852 καὶτοῦ
2377 2797 2685 2867 Ἀγρίππου
2718 2797 2882 2851 παῖδα
2908 2800 3221 2867 γεγονυῖαν,
3252 2797 3580 2862 συνέλαϐον,
3613 2795 3696 2847 καὶ

2114 2890 2208 2944 τὸν
2259 2889 2374 2944 υίδν
2424 2889 2592 2942 αὐτοῦ
2645 2889 2844 2943 Γάϊον⁸
2891 2889 2988 2942 καὶ
3037 2890 3138 2960 τὴν
3190 2891 3294 2959 μὲν
3339 2888 3704 2962 Ἀγριππίναν

2117 2981 2398 3052 ἐγκύμονα
2445 2978 2614 3036 οὖσαν
2659 2982 2880 3051 ἀφῆκαν
2939 2981 3113 3050 αὐτῷ,
3194 2987 3462 3052 κατεῖχον
3511 2981 3568 3034 δὲ
3615 2980 3694 3032 τὸν

2119 3073 2256 3127 υἱόν.
2300 3073 2388 3137 Ὠς
2433 3073 2480 3128 δ’
2526 3073 2680 3127 οὐδὲν
2721 3074 2904 3143 ἤνυον,
2933 3073 3216 3144 ἡσύχασαν
3251 3077 3350 3128 καί
3385 3073 3565 3127 αὐτοί.
3598 3070 3698 3124 Kal

433 3167 676 3214 ratorem
705 3175 764 3215 se
791 3161 1052 3230 appellari
1079 3161 1273 3216 voluit.
1325 3159 1509 3216 Caesar
1557 3171 1770 3216 tantum
1799 3172 1854 3218 et
1881 3161 2015 3218 Ger-

2119 3167 2146 3218 6
2183 3164 2284 3235 μέν
2323 3163 2623 3234 δυνάμενος
2674 3164 2774 3235 τὴν
2831 3163 3208 3234 αὐτοκράτορα
3269 3165 3465 3218 λαϐεῖν
3508 3161 3700 3234 ἀρχὴν,

433 3252 708 3315 manicus,
753 3261 810 3306 et
856 3252 1114 3323 princeps
1137 3261 1364 3308 senatus
1394 3253 1789 3309 nominabatur
1819 3273 1834 3310 :
1865 3263 1922 3308 et
1955 3265 2015 3311 ut

2124 3255 2226 3308 οὐκ
2270 3254 2538 3326 ἠθέλησεν
2563 3271 2580 3288 ο
2621 3257 2650 3309 ὁ
2683 3255 2736 3308 δὲ
2789 3253 3043 3325 Τιϐέριος
3083 3255 3226 3308 κατὰ
3279 3256 3382 3326 μὲν
3413 3256 3474 3308 τὸ
3521 3252 3696 3322 φαινό-

433 3346 704 3414 tantisper
727 3356 785 3400 et
812 3347 1022 3402 viveret
1044 3355 1102 3402 et
1131 3347 1427 3416 imperaret
1456 3346 1700 3410 optabat,
1732 3346 1862 3402 dum
1890 3363 2018 3417 pro-

433 3439 618 3494 desset
664 3438 826 3510 847
875 3439 1212 3510 reipublicae.
1273 3441 1332 3494 lu
1363 3439 1529 3494 rebus
1558 3439 1816 3494 omnibus
1847 3455 2020 3509 popu-

433 3531 569 3586 laris
609 3545 734 3587 esse
757 3533 1054 3592 studebat:
1095 3542 1148 3586 et
1187 3533 1518 3603 paucissima
1551 3533 1606 3587 in
1657 3533 2016 3603 semetipsum

435 3623 745 3689 insumens,
775 3641 1003 3695 magnos
1044 3635 1298 3696 sumptus
1325 3625 1546 3696 publice
1588 3625 1846 3681 faciebat.
1883 3626 2020 3682 Rui-

437 3732 571 3772 nosa
599 3717 832 3774 aedilicia
888 3719 1232 3774 instaurabat
1262 3728 1318 3775 et
1347 3719 1670 3785 adornabat,
1711 3720 2018 3792 primorum

437 3811 789 3866 conditorum
845 3813 1163 3868 nominibus
1209 3813 1514 3883 inscriptis,
1580 3813 1902 3870 civitatibus
1961 3825 2020 3871 et

442 3904 680 3973 privatis
705 3904 1024 3960 hominibus
1046 3919 1204 3975 opem
1232 3904 1466 3969 ferebat,
1500 3917 1556 3962 et
1581 3906 1784 3962 multos
1807 3905 2022 3962 ordinis

438 3995 703 4050 senatorii
725 3997 791 4051 ad
815 4007 1114 4067 egestatem
1140 3997 1390 4054 redactos
1408 3999 1783 4069 locupletabat
1803 4014 2021 4068 :eaeque

439 4087 759 4156 largitiones
805 4089 994 4145 statim
1039 4090 1158 4162 ipso
1202 4091 1429 4147 vidente
1457 4091 1915 4156 numerabantur,
1951 4106 2020 4146 ne

440 4179 572 4248 quid
611 4179 760 4244 inde,
794 4189 856 4234 ut
883 4181 988 4236 sub
1016 4182 1264 4253 Augusto
1295 4181 1501 4238 factum
1533 4183 1883 4246 meminerat,
1923 4197 2022 4252 per

441 4270 856 4340 dispensatores
883 4273 1336 4330 subtraheretur.
1370 4273 1626 4329 Pecuniae
1651 4289 1818 4328 causa
1848 4273 2024 4344 nenti-

441 4377 569 4416 nem
609 4363 902 4419 occidebat
947 4379 1127 4434 neque
1155 4365 1298 4419 bona
1335 4373 1450 4420 tum
1485 4366 1812 4435 cujusquam
1844 4363 2024 4434 publi-

443 4455 626 4522 rabat,
671 4472 850 4526 neque
909 4458 1053 4513 ultra
1109 4457 1471 4512 constitutum
1505 4457 1806 4528 quidquam
1840 4456 2024 4526 exige-

2128 3363 2289 3418 μενον
2329 3347 2522 3419 ἐπῄνει
2553 3347 2719 3402 αὑτὸν
2767 3346 2920 3417 παρά
2947 3349 3012 3418 τῇ
3042 3347 3229 3421 βουλῇ.
3264 3345 3403 3419 παρ’
3441 3344 3616 3416 ἐαυτῷ
3641 3342 3692 3396 δὲ

2125 3440 2222 3494 καὶ
2275 3439 2398 3494 λίαν
2445 3439 2761 3503 ὑπώπτευε,
2823 3441 2920 3494 καὶ
2961 3441 3152 3495 ἐδεδίει
3208 3441 3381 3496 αὐτὸν
3432 3443 3509 3504 ὡς
3551 3439 3694 3507 ἐγκε-

2125 3531 2472 3602 χειρισμένον
2504 3533 2916 3600 στρατεύματα.
2947 3532 3036 3596 Ὠς
3065 3532 3110 3586 δ’
3136 3533 3290 3588 οὐδὲν
3326 3534 3411 3588 ἔτι
3443 3531 3701 3600 νεώτερον

2127 3624 2464 3692 ἠγγέλλετο,
2500 3624 2601 3697 τὴν
2661 3624 2836 3696 ἀρχὴν
2885 3625 3070 3679 οὐκέτι
3119 3627 3551 3696 εἰρωνευόμενος
3599 3621 3695 3674 ὑπ-

2127 3717 2370 3783 εδέξατο.
2396 3718 2506 3772 Kal
2539 3718 2732 3790 μέχρις
2757 3721 2786 3772 ὀ
2813 3719 3150 3790 Γερμανικὸς
3168 3723 3394 3792 περιῆν,
3414 3719 3560 3772 οὐδὲν
3585 3709 3696 3768 καθ’

2127 3810 2322 3865 ἐαυτὸν
2371 3809 2666 3882 ἔπραττεν,
2700 3811 2836 3864 ἀλλά
2885 3812 3067 3866 πάντα
3121 3814 3203 3876 εἰς
3252 3815 3358 3884 τὴν
3413 3808 3693 3882 γερουσίαν

2127 3903 2406 3974 εἰσέφερε,
2432 3901 2532 3956 καὶ
2556 3901 2679 3955 οὐδὲ
2706 3902 3075 3974 αὐτοκράτωρ
3097 3905 3390 3958 καλεῖσθαι
3423 3900 3575 3972 παρά
3608 3913 3692 3948 του

2127 3993 2366 4063 ἥμόνων
2423 3991 2535 4046 τῶν
2591 3993 2944 4064 στρατιωτῶν
3001 3993 3178 4064 ἠξίου.
3228 3995 3451 4064 Καῖσαρ
3501 3990 3556 4044 δὲ
3609 3987 3692 4040 καὶ

2129 4085 2466 4158 Γερμανικὸς
2516 4086 2614 4140 καὶ
2645 4085 2945 4157 πρόκριτος
2993 4089 3090 4157 τῆς
3143 4089 3444 4156 γερουσίας
3490 4079 3694 4151 ὠνομά-

2129 4177 2274 4242 ζετο,
2301 4175 2501 4248 ηὔχετό
2530 4193 2590 4232 τε
2617 4179 2876 4232 τοσοῦτον
2901 4177 2994 4233 καὶ
3023 4179 3189 4249 ἄρξαι
3230 4183 3329 4234 καὶ
3369 4178 3532 4247 ζῆσαι
3565 4171 3686 4243 χρό-

2128 4287 2236 4332 νον,
2273 4269 2398 4333 ὅσος
2436 4269 2505 4324 ἂν
2542 4269 2621 4341 τῷ
2666 4269 2914 4342 δημοσίῳ
2962 4275 3220 4343 συμφέρῃ
3249 4287 3264 4302 ·
3317 4270 3410 4324 καὶ
3445 4268 3530 4322 διὰ
3567 4263 3688 4318 πάνυ

2128 4378 2236 4413 των
2291 4360 2587 4432 δημοτικὸς
2632 4361 2813 4415 δοκεῖν
2868 4360 3124 4429 ἔσπευδε,
3176 4363 3272 4416 καὶ
3310 4362 3568 4430 ἐλάχιστα
3614 4353 3686 4413 είς

2131 4452 2325 4505 ἑαυτὸν
2373 4451 2653 4517 δαπανῶν,
2700 4452 2932 4506 πλεῖστα
2989 4455 3048 4518 ἐς
3099 4455 3160 4507 τὸ
3195 4454 3381 4508 κοινὸν
3424 4449 3685 4520 ἀνήλισκε·

443 4547 560 4603 hat.
599 4546 824 4604 (Emilio
861 4560 1036 4612 certe.
1064 4549 1159 4620 qui
1203 4551 1330 4620 plus
1373 4550 1623 4619 pecunia:
1675 4564 1838 4618 quam
1872 4547 2015 4603 ordi-

2131 4545 2211 4598 1's
2251 4542 2604 4613 πεπονηκότα
2650 4560 2709 4597 τε
2757 4545 3006 4614 ἀνορθῶν
3061 4546 3160 4599 καὶ
3213 4543 3550 4616 ἐπικοσμῶν,
3594 4536 3682 4596 τὰς

443 4649 636 4696 natum
657 4649 798 4702 erat,
834 4641 1082 4704 miserat.
1130 4641 1438 4712 rescripsit,
1487 4656 1547 4696 se
1574 4657 1706 4698 oves
1732 4657 1861 4698 suas
1896 4651 2023 4696 ton-

445 4733 566 4789 deri
610 4735 774 4800 velle,
826 4750 936 4790 non
989 4735 1234 4805 deglubi.
1289 4735 1424 4790 Erat
1462 4743 1518 4790 et
1547 4735 1702 4790 aditu
1734 4735 1934 4794 facilis.
1967 4741 2024 4790 et

445 4825 724 4886 affabilis:
773 4828 1126 4896 magistratus
1183 4836 1443 4898 tanquam
1504 4827 1558 4882 in
1594 4826 1769 4882 libera
1803 4826 2024 4882 civitate

445 4918 686 4983 colebat,
746 4919 1070 4976 consuiibus
1121 4919 1482 4990 assurgebat:
1533 4919 1839 4974 amicorum
1886 4933 2026 4973 con-

445 5009 770 5075 suetudine,
823 5026 979 5080 aeque
1029 5019 1092 5066 ut
1139 5011 1386 5080 privatus
1430 5010 1678 5076 fecerat,
1725 5009 2024 5064 utebatur:

447 5109 776 5168 aegrotantes
819 5100 1116 5178 invisebat,
1168 5101 1322 5157 nullo
1378 5101 1676 5157 satellitum
1733 5099 2023 5154 comitatu.

449 5193 516 5248 Et
553 5193 792 5262 quodam
823 5207 888 5249 ex
937 5193 1020 5249 eis
1069 5193 1356 5258 defuncto,
1400 5191 1686 5248 funebrem
1720 5191 2025 5246 orationem

449 5286 568 5356 ipse
599 5287 875 5342 recitavit.
937 5287 1164 5344 Matrem
1201 5287 1411 5342 Liviam
1451 5303 1578 5357 erga
1606 5299 1801 5340 omnes
1831 5282 2028 5338 eodem

447 5396 508 5435 se
541 5396 734 5451 gerere
778 5381 943 5436 modo
980 5381 1165 5452 jussit.
1219 5380 1314 5434 Illa
1352 5394 1484 5434 vero
1516 5391 1776 5448 maguum
1825 5375 2027 5430 fastum

451 5488 566 5542 prae
594 5487 653 5528 se
681 5472 889 5537 ferens,
925 5471 978 5528 in
1007 5472 1215 5529 Tiberii
1247 5470 1498 5542 epistolis
1518 5469 1586 5524 ad
1621 5479 1838 5536 tempus
1862 5467 2034 5520 ascri-

453 5563 712 5629 bebatur,
754 5574 920 5635 atque
973 5565 1112 5621 adeo
1155 5579 1258 5634 pro
1313 5562 1550 5633 imperio
1598 5576 1657 5616 se
1689 5559 1938 5630 gerebat,
1971 5567 2034 5613 ut

456 5670 566 5706 non
595 5669 664 5708 ex
696 5669 854 5724 aequo
883 5671 1010 5711 cum
1044 5657 1138 5710 illo
1169 5655 1466 5724 imperare,
1506 5653 1602 5709 sed
1637 5650 1866 5707 meliore
1895 5663 2032 5706 con-

457 5743 670 5796 ditione
712 5757 834 5800 esse
876 5747 1080 5801 vellet:
1116 5760 1177 5800 se
1210 5745 1365 5800 illum
1400 5743 1598 5800 fecisse
1643 5742 2031 5810 imperatorem

461 5835 724 5890 elorians.
749 5833 906 5898 Quod
929 5837 1188 5894 Tiberius
1210 5836 1486 5901 principio
1502 5851 1641 5901 aegre
1665 5834 1807 5902 tulit,
1835 5832 2034 5890 deinde

2124 4633 2236 4688 τῶν
2293 4634 2534 4704 ἀρχῆθεν
2601 4635 3077 4706 οἰκοδομησάντων
3133 4637 3275 4694 αὐτὰ
3333 4639 3550 4706 κλήσεις
3598 4630 3685 4680 ἑπ-

2126 4727 2336 4798 έγραφε
2373 4729 2549 4795 σφίσι,
2587 4728 2686 4780 καὶ
2729 4727 2918 4780 πόλεσι
2951 4731 3044 4782 καὶ
3064 4729 3302 4793 ἰδιώταις
3330 4731 3574 4796 ἐπήρκει,
3603 4715 3684 4770 καὶ

2125 4819 2234 4872 τῶν
2264 4817 2572 4890 βουλευτῶν
2607 4819 2840 4888 συχνοὺς
2891 4823 3229 4890 πενομένους
3260 4818 3566 4878 ἐπλούτισε,
3599 4805 3683 4861 καί

2126 4909 2194 4962 τὰ
2218 4907 2543 4980 δωρούμενα
2569 4909 2734 4972 εὐθὺς
2773 4910 3009 4981 ὁρῶντος
3059 4912 3226 4967 αὑτοῦ
3271 4909 3572 4983 ἠριθμεῖτο,
3601 4899 3678 4952 ἵνα

2133 5001 2209 5070 μὴ
2248 5001 2298 5053 οί
2332 4999 2560 5072 δοτῆρες
2595 5001 2966 5072 νοσφίζωνταί
3010 5020 3064 5058 τι
3109 5003 3310 5066 αὐτῶν,
3343 4998 3499 5062 εἰδὼς
3543 4989 3682 5046 τοῦτο

2128 5093 2222 5145 ἐπὶ⁸
2251 5092 2348 5144 τοῦ
2388 5092 2706 5160 Αὐγούστου
2743 5095 3056 5164 γινόμενον.
3084 5097 3197 5150 Καὶ
3248 5094 3375 5151 οὔτε
3405 5075 3674 5146 ἀπέκτεινέ

2128 5202 2250 5238 τινα
2276 5183 2366 5239 διὰ
2387 5185 2670 5257 χρήματα,
2694 5185 2810 5241 οὔτ’
2834 5188 3024 5242 οὐσίαν
3057 5189 3180 5243 τότε
3230 5190 3522 5261 ἐδήμευσεν
3570 5170 3678 5229 οὖδ-

2135 5275 2280 5338 ενὺς,
2315 5275 2426 5329 οὐδ’
2445 5276 2550 5342 ἔξω
2579 5294 2632 5330 τι
2661 5278 2770 5332 τῶν
2803 5280 3211 5350 νενομισμένων
3245 5272 3672 5352 ἠργυρολόγησεγ·

2129 5366 2364 5438 Αἰμιλίῳ
2392 5367 2525 5436 γοῦν
2568 5371 2674 5440 χρή
2687 5387 2833 5438 ματα
2865 5349 3041 5426 πλείω
3079 5371 3233 5444 παρὰ
3345 5349 3674 5424 διατεταγμέ-

2132 5479 2221 5514 νον
2283 5461 2564 5531 πέμψαντι
2619 5462 3056 5526 ἀντεπέστειλεν,
3111 5465 3194 5517 ὅτι
3247 5451 3535 5532 Κείρεσθαί
3583 5454 3670 5532 μοιβ

2132 5553 2202 5605 τὰ
2225 5528 2502 5622 πρόϐατα.
2539 5551 2659 5605 ἀλλ’
2697 5554 2803 5606 οὐκ
2858 5553 3240 5625 ἀποξυρᾶσθαι
3281 5528 3551 5626 βούλομαι.
3580 5528 3674 5588 Καὶ

2135 5644 2462 5716 εὐπρόσοδος
2499 5645 2594 5698 καὶ
2625 5646 3036 5716 εὐπροσήγορος
3065 5641 3154 5718 ἦν.
3191 5647 3330 5708 Τούς
3353 5658 3410 5697 τε
3433 5632 3669 5705 ἄρχοντας

2136 5738 2212 5799 ὡς
2259 5739 2317 5790 ἐν
2369 5737 2718 5807 δημοκρατίᾳ
2766 5737 2954 5808 ἐτίμα,
2987 5739 3082 5793 καὶ
3115 5742 3228 5804 τοῖς
3252 5737 3468 5794 ὑπάτοις
3523 5723 3670 5817 “fw

2142 5831 2345 5886 ίστατο.
2390 5830 2498 5884 Kal
2547 5831 2656 5893 τοῖς
2701 5830 2938 5901 ἑταίροις
2985 5833 3060 5896 ὠς
3127 5834 3183 5888 ἐν
3251 5823 3477 5888 ίδιωτεία
3505 5817 3662 5871 CIMW-

3951 3159 3960 3192 i
