4048 6440
379 397 503 458 925

1672 407 2077 468 ANNALIUM
2122 412 2267 472 LIB.
2305 414 2410 474 Xl.

3569 424 3674 486 936

377 509 706 574 Νοσοῦντάς
778 529 840 564 τε
901 512 1301 578 ἐπεσκέπτετο,
1383 516 1660 586 μηδεμίαν
1733 519 1970 590 φρουράκ

2086 535 2206 575 eam
2234 539 2263 576 ιι
2299 524 2619 594 reipublicae
2645 525 3222 583 administrationibus
3250 541 3543 593 remotam,
3574 533 3674 587 do-

292 676 299 681 .
376 603 760 673 ἐπαγόμενος.
794 604 906 657 Καὶ
951 604 1046 658 ἐπί
1087 622 1197 659 τινι
1237 607 1421 661 αὐτῶν
1448 609 1837 681 τελευτήσαντι
1880 613 1981 665 αὐ-

377 698 485 761 τὸς
532 699 747 767 ἀνέγνω
797 700 889 754 τὸν
933 702 1269 772 ἐπιτάφιον·
1321 704 1416 756 καί⁵
1466 704 1569 772 τὴν
1619 705 1837 776 μητέρα
1878 707 1979 774 τὴν

374 789 588 843 Λιϐίαν
614 790 817 856 ὁμοίως
847 782 1254 865 προσφέρεσθαι
1289 796 1459 849 πᾶσιν
1491 794 1767 853 ἐκέλευεν.
1821 798 1887 851 Ἦ
1914 798 1972 850 δὲ

372 880 532 934 πάνυ
555 878 806 948 ώγκωτο,
832 883 927 935 καὶ
956 883 1013 936 αἱ
1048 883 1142 937 τοῦ
1176 884 1432 954 Τιϐερίου
1464 885 1749 938 ἐπιστολαὶ
1779 886 1971 957 χρόνον

380 971 513 1026 τινὰ
541 974 635 1026 καὶ
673 971 736 1026 τὸ
777 974 996 1043 ἐκείνης
1021 975 1192 1045 ὄνομα
1222 972 1390 1046 εἶχον,
1422 977 1489 1030 τά
1522 992 1580 1029 τε
1611 976 1747 1030 ἄλλα
1794 980 1975 1032 πάντα

372 1064 466 1130 ὡς
509 1066 859 1139 αὐταρχοῦσα
902 1068 1127 1122 διοικεῖν
1154 1068 1461 1141 ἐπεχείρειο
1503 1069 1598 1123 καὶ
1640 1071 1742 1124 οὐκ
1772 1070 1832 1136 ἐξ
1860 1071 1977 1124 ῖσου

375 1157 603 1227 ἄρχειν,
659 1160 796 1214 ἀλλά
845 1160 937 1213 καὶ
968 1159 1296 1230 πρεσϐεύειν
1341 1160 1507 1215 αὑτοῦ
1565 1160 1777 1232 ἤθελεν,
1824 1164 1967 1235 αὑτὴ

375 1250 613 1320 ποιῆσαι
657 1250 901 1321 αύχοῦσα
927 1251 1093 1305 αὐτὸν
1139 1252 1543 1323 αὐτοκράτορα.
1583 1251 1643 1307 '0
1673 1253 1731 1307 δέ
1772 1255 1972 1326 ἦχθετο

373 1339 605 1403 πρῶτον
631 1342 792 1413 αὐτῇ,
816 1339 934 1397 εἶτα
960 1342 1070 1396 τῶν
1099 1342 1200 1413 μὲν
1231 1344 1510 1415 δημοσίων
1537 1344 1711 1415 αὐτὴν
1739 1345 1970 1411 ἔπαυσε,

2089 616 2315 670 mestica
2367 618 2582 688 negotia
2617 633 2815 674 curare
2861 620 3009 674 sivit.
3046 621 3117 675 Ut
3148 638 3280 675 vero
3320 623 3374 677 in
3405 624 3473 678 iis
3502 625 3669 679 etiam

2087 708 2319 762 molesta
2352 719 2494 773 crat,
2542 725 2773 780 peregre
2816 712 2972 778 abiit,
3028 723 3088 768 ut
3126 714 3194 768 ab
3222 730 3286 768 ea
3314 714 3553 770 abesset.
3586 715 3667 770 Ad

2088 806 2306 867 tempus
2343 801 2753 857 modestissime
2802 804 2961 865 vixit,
3016 813 3073 859 et
3106 806 3338 859 aliormn
3400 807 3672 861 immode-

2086 889 2247 944 stiam
2314 892 2496 960 pmnis
2540 894 2805 950 coercuit.
2847 895 3082 950 Drusum
3108 913 3328 967 quoque
3382 898 3554 951 [ilium
3603 914 3670 952 ex

2086 981 2272 1048 priore
2305 997 2477 1037 uxore
2526 982 2827 1053 Agrippina
2878 998 3221 1055 susceptum,
3273 988 3344 1041 ob
3377 988 3644 1042 crudelita

2085 1080 2193 1125 tem
2227 1080 2283 1126 et
2327 1073 2607 1128 lasciviam
2653 1076 2983 1146 objurgavit,
3021 1087 3078 1132 et
3137 1081 3266 1133 odio
3306 1080 3539 1135 habuit:
3578 1081 3669 1137 cui

2083 1164 2380 1234 aliquando
2412 1166 2590 1221 dixit:
2661 1167 2746 1221 Me
2776 1171 2890 1223 vivo
2924 1186 3088 1240 neque
3121 1187 3216 1239 per
3244 1174 3347 1227 vim
3385 1190 3550 1243 neque
3576 1191 3669 1244 per

2083 1254 2461 1315 contumeliam
2510 1257 2803 1326 quidquam
2844 1260 3050 1328 feceris.
3103 1259 3198 1315 Sin
3252 1262 3456 1331 feceris,
3490 1279 3554 1316 ue
3578 1264 3670 1317 de-

2082 1346 2262 1416 functo
2296 1344 2507 1415 quidem
2551 1362 2631 1400 me
2657 1347 2893 1416 facturus
2927 1366 3000 1403 es.

370 1430 453 1484 τὰ
498 1430 545 1484 δ’
588 1431 729 1488 οῖκοι
775 1435 1000 1488 διοικεῖν
1027 1435 1261 1505 ἀφῆκεν.
1313 1434 1484 1499 Ὦςδέ
1519 1441 1622 1491 κάν
1687 1438 1902 1502 τούτοις
1967 1433 2035 1507 ἦν
2075 1438 2345 1509 ἐπαχθὴς,
2396 1440 2690 1512 ἀπεδήμει,
2735 1445 2829 1495 καὶ
2886 1442 3059 1512 αὐτῆς
3118 1444 3391 1507 ἐξίστατο.
3454 1461 3668 1518 σωφρο·

371 1525 616 1579 νέστατά
657 1543 716 1580 τε
751 1527 941 1597 χρόνον
970 1529 1093 1584 τινά
1138 1529 1318 1598 διῆγε,
1349 1531 1445 1584 καὶ
1507 1530 1704 1592 ἄλλους
1770 1528 1816 1583 δ’
1880 1529 2140 1594 ἐκόλαζεν
2184 1530 2635 1600 ἀσελγαίνοντας.
2683 1534 2796 1589 Καὶ
2833 1535 2912 1604 τῷ
2972 1533 3197 1606 Δρούσῳ
3233 1537 3290 1590 δὲ
3327 1536 3407 1607 τῷ
3442 1539 3569 1608 υίῷ,
3604 1539 3666 1593 ὃν

374 1617 448 1682 ἐξ
523 1617 891 1687 Ἀγριππίνης
957 1620 1059 1690 τῆς
1132 1621 1404 1693 προτέρας
1473 1621 1640 1676 αὐτοῦ
1708 1622 1970 1690 γυναικὸς
2008 1623 2232 1695 ἔσχηκε,
2278 1626 2373 1678 καὶ
2418 1625 2641 1695 ἀσελγεῖ
2705 1629 3027 1700 τυγχάνοντι
3077 1630 3174 1683 καὶ⁵
3203 1630 3363 1699 ὠμῷ,
3424 1632 3664 1699 ἐπετίμα

375 1715 481 1767 καὶ
535 1716 753 1787 ἥχθετο.
810 1718 918 1770 Καί
978 1735 1109 1772 ποτε
1165 1717 1317 1788 αὐτῷ
1356 1714 1537 1785 εἶπεν,
1594 1719 1677 1772 ὅτι
1733 1718 1967 1783 Ζῶντος
2038 1718 2185 1787 ἐμοῦ
2241 1720 2380 1774 οὔτε
2435 1721 2644 1786 ,βίαιον
2701 1720 2828 1776 οὔθ’
2883 1723 3232 1790 ὑϐριστικόν
3283 1741 3338 1777 τι
3390 1724 3659 1792 πράξεις.

379 1808 507 1864 “Ar
528 1809 596 1863 δέ
616 1827 673 1863 τι
698 1809 796 1865 καὶ
827 1809 1153 1880 τολμήσῃς,
1197 1810 1341 1865 οὐδὲ
1370 1810 1878 1878 τελευτήσαντος.

455 1903 532 1957 B'.
579 1901 737 1956 Οὕτω
775 1905 951 1958 ταῦτα
996 1907 1093 1958 καὶ
1138 1905 1310 1959 τᾶλλα
1346 1906 1541 1977 μέχρις
1570 1906 1597 1957 ὁ
1626 1904 1969 1975 Γερμανικὸς

2142 1903 2207 1957 ll.
2272 1901 2397 1956 llaec
2455 1910 2511 1956 et
2562 1902 2647 1957 bis
2697 1903 2899 1957 similia
2940 1943 2955 1967 ,
3008 1905 3252 1972 quandiu
3301 1904 3661 1960 Germanicus

373 1995 480 2066 ἔζη
513 1996 708 2050 ἐποίει.
740 1998 897 2051 Μετὰ
927 1999 983 2051 δὲ
1008 1998 1170 2051 τοῦτο
1196 1998 1370 2068 συχνὰ
1398 1997 1606 2052 τούτων
1636 1996 1963 2070 μετήλλαξε.

371 2089 567 2158 Μήπω
595 2088 705 2159 γὰρ
734 2088 844 2141 τῶν
877 2089 1028 2158 παρὰ
1069 2089 1166 2142 τοῦ
1210 2089 1525 2159 Αὐγούστου
1568 2089 1646 2160 τῷ
1677 2089 1837 2160 δήμῳ
1867 2107 1968 2143 κα-

368 2179 820 2250 ταλελίιγμένων
849 2182 1137 2245 δοθέντων,
1171 2183 1296 2236 ἐπεὶ
1344 2183 1539 2255 νεκρὸς
1571 2181 1661 2236 διὰ
1692 2182 1793 2250 τῆς
1832 2183 1961 2249 ἁγο-

374 2271 488 2340 ρᾶς
516 2269 831 2341 ἐξεφέρετο,
862 2275 954 2326 καὶ
986 2273 1304 2344 προσελθών
1336 2291 1422 2338 τις
1471 2277 1551 2338 είς
1598 2273 1661 2326 τὸ
1693 2272 1786 2336 οὓς
1818 2273 1967 2343 αὐτῷ

370 2360 689 2432 ἐψιθύρισε,
711 2363 804 2417 καὶ
831 2364 1131 2434 ἐρωτηθεὶς
1156 2364 1184 2416 ὅ
1210 2381 1265 2418 τι
1292 2366 1537 2435 εἴρηκεν,
1557 2365 1966 2427 Ἐντετὰλθαι,

371 2454 488 2524 ἔφη
519 2452 599 2520 τῷ
622 2455 949 2524 Αὐγούστῳ
985 2457 1179 2511 εἰπεῖν
1207 2457 1298 2511 ὅτι
1332 2456 1567 2512 οὐδέπω
1615 2456 1799 2511 οὐδὲν
1833 2457 1968 2511 ἐκο-

365 2547 646 2616 μίσαντο
668 2564 684 2579 ·
710 2548 803 2601 τὸν
840 2548 938 2615 μὲν
979 2549 1180 2613 αὐτίκα
1230 2549 1546 2616 ἀπέκτεινε,
1580 2550 1676 2603 καὶ
1708 2545 1865 2603 εἶπεν
1891 2550 1968 2612 ob;

258 2693 263 2699 ,
373 2637 779 2705 ἐπισκώπτων,
819 2637 935 2693 Ἰν’
976 2639 1347 2711 αὐτάγγελος
1368 2639 1529 2706 αὐτῷ
1560 2640 1822 2711 γένηταιο
1853 2642 1968 2703 τοῖς

373 2729 429 2783 δ’
460 2727 646 2793 ἄλλοις
672 2731 741 2783 τά
769 2730 1252 2801 καταλελειμμένα
1290 2732 1560 2802 διένειμε.
1602 2731 1708 2784 Τοῦ
1735 2732 1781 2785 δ’
1807 2733 1968 2799 ἐγγό-

376 2838 479 2875 vos
507 2821 696 2889 αὑτοῦ,
723 2822 783 2875 ὃν
813 2825 877 2876 ἐκ
926 2823 1020 2877 τοῦ
1069 2823 1307 2895 Δρούσου
1335 2819 1472 2893 εἶχε,
1504 2823 1783 2888 θανόντος,
1816 2826 1969 2879 οὔδε-

378 2915 519 2985 μιᾶς
545 2917 655 2967 τῶν
683 2914 936 2985 συνήθων
987 2916 1259 2985 ἀπέσχετο
1303 2915 1582 2987 πράξεως,
1616 2916 1692 2987 μὴ
1725 2917 1838 2971 δεῖν
1876 2917 1967 2973 διὰ

374 3007 512 3070 τοὺς
545 3007 860 3077 οἰχομένους
887 3011 959 3060 τά
991 3006 1101 3060 τῶν
1131 3007 1373 3073 ζώντων,
1415 3008 1616 3077 λέγων,
1655 3008 1968 3080 προΐεσθαι.
2003 3016 2009 3033 ⁸

376 3098 621 3171 Κλήμης
651 3098 712 3151 δέ
741 3116 829 3163 τις
867 3099 962 3153 τοῦ
1013 3100 1320 3172 Ἀγρίππου
1354 3101 1597 3170 γεγονὼς
1634 3102 1841 3167 δοῦλος,
1875 3105 1971 3159 καὶ

377 3191 735 3265 προσεοικὼς
765 3192 917 3264 αὐτῷ
948 3193 1226 3247 ἐπλάσατο
1252 3194 1419 3260 αὐτὸς
1464 3196 1775 3266 ’Δγρίππας
1804 3193 1967 3250 εἶναι·

376 3286 482 3340 καὶ
526 3287 608 3350 είς
632 3286 734 3358 τὴν
791 3286 1064 3340 Γαλατίαν
1125 3286 1333 3351 ἐλθὼν,
1387 3288 1618 3353 πολλοὺς
1673 3291 1795 3360 μὲν
1825 3292 1967 3358 ἐκεῖ,

375 3379 615 3443 πολλοὺς
639 3379 697 3433 δέ
730 3382 789 3434 ἐν
820 3382 888 3449 τῇ
933 3379 1139 3450 Ἰταλίᾳ
1167 3381 1635 3451 προσεποιήσατο,
1678 3384 1775 3436 καὶ
1809 3383 1970 3449 τέλος

376 3472 481 3526 ἐπὶ
516 3472 619 3543 τὴν
675 3470 897 3540 Ῥώμην
939 3469 1199 3542 ὥρμησεν
1255 3471 1331 3536 ὡς
1364 3472 1463 3543 τὴν
1518 3472 1806 3545 παππῴαν
1841 3493 1970 3545 μον-

378 3563 587 3635 αρχίαν
682 3563 1119 3634 ἀποληψόμενος.
1207 3564 1629 3635 Χειρωσάμενος
1698 3566 1744 3619 δ’
1820 3567 1972 3637 ὅμως

380 3651 554 3707 αὑτὸν
582 3653 609 3705 ὁ
638 3649 894 3723 Τιϐέριος
918 3653 1008 3707 διά
1034 3670 1198 3706 τινων
1223 3654 1292 3706 τά
1317 3654 1532 3709 ἐκείνου
1580 3671 1968 3729 προσποιησα-

391 3744 573 3817 μένων
600 3750 845 3814 φρονεῖν,
875 3747 970 3800 καὶ
1015 3747 1316 3817 βασανίσας
1351 3746 1439 3801 ἵνα
1475 3747 1606 3816 περὶ
1638 3749 1971 3817 συνιστόρων

379 3857 439 3892 τι
471 3838 640 3911 μάθῃ,
672 3839 793 3892 ἐπεὶ
827 3839 996 3909 μηδὲν
1037 3839 1388 3909 ἐξελάλησεν,
1419 3841 1588 3911 ἦρετο
1628 3840 1814 3904 αὐτὸν,
1847 3841 1971 3904 Πῶς

395 3932 714 4001 Ἀγρίππας
764 3931 983 3999 ἐγένους
1021 3933 1111 3985 καὶ
1161 3931 1216 3994 ὃς
1261 3931 1599 4000 ἀπεκρίνατο
1637 3932 1726 3986 ὅτι
1768 3932 1972 3998 Οὕτως

383 4024 469 4089 ὡς
509 4021 606 4076 καὶ
657 4021 760 4086 σὺ,
792 4019 1048 4090 Καῖσαρ.
1080 4021 1191 4091 Τὴν
1221 4020 1278 4074 δέ
1314 4023 1551 4088 γυναῖκα
1586 4020 1815 4076 Ἰουλίαν
1843 4020 1970 4076 οὔτε

384 4115 742 4186 ἐπανήγαγεν
769 4115 834 4168 ἐκ
864 4116 964 4183 τῆς
989 4115 1289 4185 ὑπερορίας
1322 4116 1388 4186 ῆν
1423 4114 1576 4186 παρὰ
1627 4113 1721 4169 τοῦ
1760 4118 1971 4185 πατρὸς

388 4208 565 4277 αὐτῆς
606 4206 700 4261 τοῦ
745 4205 1060 4274 Αὐγούστου
1120 4206 1487 4277 κατεδικάσθη
1530 4206 1601 4260 δι’
1651 4207 1966 4287 ἀσέλγειαν,

388 4300 530 4355 ἀλλά
586 4299 680 4353 καὶ
730 4297 1084 4352 κατέκλεισεν
1131 4297 1323 4368 αὐτὴν,
1355 4297 1490 4352 ὥσθ’
1519 4298 1624 4352 ὑπὸ
1665 4300 1968 4370 κακουχίας

388 4395 488 4451 καὶ
537 4392 701 4463 λιμοῦ
733 4393 1026 4464 φθαρῆναι.
1063 4392 1285 4446 Πολλῶν
1338 4409 1399 4446 τε
1443 4393 1624 4446 αὐτῶν
1670 4392 1969 4458 ἀξιούντων

387 4487 484 4538 τὸν
533 4483 838 4555 Νοέμϐριον
902 4483 1070 4554 μῆνα,
1114 4477 1177 4537 οὖ
1209 4485 1274 4553 τῇ
1309 4483 1445 4554 ἕκτῃ
1478 4485 1571 4536 sui.
1619 4484 1823 4556 δεκάτῃ
1871 4501 1963 4554 γε-

2073 1993 2129 2047 in
2168 1995 2309 2049 vivis
2339 1995 2465 2056 fuit.
2497 1997 2623 2065 egit.
2660 1996 2791 2050 Post
2826 1995 2977 2049 illius
3016 1995 3228 2049 obitum
3267 1996 3441 2051 multa
3473 2012 3541 2051 ex
3575 1995 3662 2051 his

2074 2084 2409 2141 immolavit.
2456 2087 2587 2141 Nam
2633 2102 2758 2142 cum
2791 2086 2993 2155 populo
3025 2086 3256 2156 Augusti
3291 2086 3469 2158 legata
3514 2103 3659 2142 non-

2071 2175 2203 2230 dum
2259 2177 2386 2232 data
2439 2187 2646 2244 essent,
2678 2187 2734 2233 et
2763 2180 2988 2248 quidam
3024 2192 3247 2235 mortuo
3291 2181 3385 2250 qui
3426 2197 3525 2250 per
3574 2181 3661 2236 fo-

2071 2282 2194 2321 rum
2225 2267 2507 2323 ferebatur
2540 2270 2594 2323 in
2635 2284 2828 2323 aurem
2872 2270 3082 2340 aliquid
3114 2274 3547 2337 insusurrasset,
3598 2287 3663 2325 ac

2071 2370 2296 2430 rogatus
2327 2360 2458 2430 quid
2495 2362 2745 2426 dixisset,
2782 2362 3176 2431 respondisset:
3211 2363 3280 2419 Se
3306 2365 3354 2416 ei
3381 2364 3664 2418 mandasse

2071 2462 2131 2506 ut
2163 2454 2401 2524 Augusto
2432 2453 2598 2526 548
2622 2455 2851 2520 diceret,
2889 2455 3146 2525 populum
3182 2456 3483 2511 Romanum
3526 2472 3662 2510 non-

2071 2544 2194 2599 dum
2237 2546 2527 2617 quidquam
2568 2548 2871 2617 accepisse;
2911 2548 3118 2605 occidit
3158 2549 3442 2604 hominem
3469 2591 3484 2615 ,
3548 2549 3657 2603 hoc

2070 2637 2261 2693 addito
2304 2638 2448 2702 loco,
2483 2639 2546 2696 Ut
2573 2640 2628 2692 id
2660 2641 2771 2710 ipse
2793 2641 2878 2697 illi
2921 2645 3234 2696 nuntiaret:
3280 2642 3497 2697 ceteris
3526 2657 3657 2695 vero

2069 2731 2247 2802 legata
2288 2731 2595 2788 distribuit.
2635 2734 2846 2803 Nepote
2896 2751 2965 2790 ex
3027 2738 3206 2792 Druso
3253 2736 3368 2790 ﬁlio
3415 2744 3656 2800 mortuo,

2070 2824 2222 2879 nulla
2251 2840 2323 2903 .re
2351 2836 2616 2881 consueta
2658 2827 2949 2894 abstinuit,
2996 2844 3203 2898 negans
3252 2835 3480 2897 propter
3506 2841 3657 2881 mor-

2073 2922 2199 2970 tuos
2240 2916 2542 2971 viventium
2599 2916 2775 2972 oliicia
2831 2932 2953 2973 esse
3001 2916 3332 2973 deserenda.
3399 2917 3656 2977 Clemens

2072 3006 2321 3076 quidam,
2359 3006 2457 3076 qui
2491 3007 2742 3077 Aggripm
2777 3024 2974 3063 servus
3007 3008 3218 3075 fuerat,
3258 3009 3399 3063 hero
3433 3007 3652 3071 similis,

2072 3110 2131 3151 se
2153 3095 2444 3166 Aggripam
2476 3113 2599 3152 esse
2639 3098 2928 3163 simulans,
2961 3099 3015 3152 in
3044 3097 3218 3153 Gallia
3241 3102 3298 3153 et
3328 3097 3484 3152 Italia
3512 3097 3655 3151 mul-

2077 3193 2162 3240 tos
2191 3185 2300 3240 sibi
2330 3187 2528 3241 ascivit
2562 3203 2577 3243 :
2619 3203 2684 3242 ac
2714 3188 2938 3242 tandem
2979 3186 3205 3242 Romam
3250 3186 3557 3250 contendit,
3585 3186 3655 3241 ad

1996 3253 2042 3313 δ
2074 3278 2281 3334 avitum
2338 3279 2636 3349 imperium
2685 3280 3090 3350 recipiendum.
3154 3279 3326 3346 Quem
3378 3294 3504 3335 cum
3557 3293 3657 3348 per

2072 3372 2341 3444 quosdam
2373 3387 2433 3429 se
2478 3372 2628 3429 illius
2653 3388 2775 3428 esse
2814 3373 3076 3429 factionis
3125 3373 3453 3427 simulantes
3485 3371 3651 3426 sube-

2073 3464 2262 3536 gisset,
2294 3480 2358 3520 ac
2389 3465 2724 3536 quaestiones
2757 3465 2826 3519 de
2869 3478 2937 3519 eo
2972 3462 3277 3524 habuisset.
3316 3472 3376 3516 ut
3400 3461 3658 3518 conscios

2071 3555 2333 3625 proderet
2364 3573 2379 3611 :
2415 3556 2511 3610 illo
2543 3555 2823 3611 neminem
2866 3556 3213 3621 nominante,
3257 3554 3508 3625 rogavit,
3543 3569 3656 3623 quo

2072 3656 2233 3717 pacto
2264 3647 2506 3718 Agrippa
2539 3647 2723 3703 factus
2755 3648 2948 3703 esset?
2980 3648 3265 3716 respondit
3296 3649 3461 3701 homo
3483 3687 3498 3709 ,
3542 3646 3651 3701 Εο-

2071 3740 2190 3794 dem
2217 3739 2377 3811 plane
2432 3738 2585 3793 modo
2613 3754 2716 3810 quo
2753 3749 2809 3793 tu
2843 3737 3043 3794 Cwsar.
3098 3738 3340 3795 Uxorem
3391 3736 3591 3794 Iuliam
3621 3751 3654 3792 a
3760 3802 3770 3811 Ι

2072 3843 2227 3903 patre
2270 3832 2521 3904 Augusto
2559 3832 2632 3887 ob
2669 3831 2951 3886 lasciviam
2985 3832 3042 3885 in
3084 3831 3342 3887 exsilium
3404 3830 3652 3898 missam,

2071 3925 2209 3980 adeo
2240 3941 2350 3979 non
2394 3925 2697 3988 revocavit,
2749 3932 2812 3977 ut
2858 3924 3023 3978 etiam
3057 3922 3364 3986 incluserit,
3417 3930 3479 3976 ut
3535 3936 3648 3991 pra:

2070 4031 2316 4072 aerumna
2360 4025 2418 4070 et
2446 4016 2593 4071 fame
2624 4014 2899 4070 interiret.
2934 4014 3276 4081 Quibusdam
3320 4014 3651 4084 postulanti-

2074 4105 2178 4159 bus
2210 4115 2267 4159 ut
2299 4119 2544 4159 mensem
2575 4102 2966 4165 Novembrem,
3021 4104 3180 4173 cujus
3222 4104 3314 4158 die
3347 4119 3434 4157 xvr
3494 4112 3652 4157 natus

2072 4205 2242 4262 esset,
2291 4211 2324 4251 a
2351 4210 2412 4250 se
2458 4194 2745 4250 Tiberium
2776 4195 3080 4263 appellaret
3113 4211 3129 4249 :
3161 4196 3230 4249 Et
3257 4195 3402 4265 quid,
3432 4194 3649 4264 inquit,

2073 4286 2386 4357 facietis,si
2417 4299 2516 4341 xm
2567 4284 2805 4359 Caesares
2863 4283 3113 4351 fuerint?
3158 4284 3372 4341 Interea
3419 4284 3649 4341 Germa-

2074 4379 2240 4434 nicus
2265 4379 2407 4433 obiit
2438 4374 2771 4435 Antiochiae.
2805 4375 3235 4432 incantamentis
3286 4384 3344 4433 et
3384 4376 3659 4434 veneﬁcio

2073 4469 2309 4525 Pisonis.
2344 4468 2483 4524 Nam
2515 4476 2576 4524 et
2602 4479 2727 4522 ossa
2755 4473 3127 4527 mortuorum,
3161 4467 3216 4521 in
3249 4467 3455 4536 quibus
3488 4467 3650 4522 habi-

391 4575 646 4644 γέννητο,
676 4572 930 4641 Τιϐέριον
962 4571 1020 4637 ἐξ
1062 4568 1228 4623 αὐτοῦ
1261 4569 1569 4635 καλεῖσθαι,
1600 4570 1704 4624 Καὶ
1725 4570 1805 4636 τί,
1835 4569 1965 4641 ἔφη,

2078 4562 2229 4617 tabat
2249 4561 2477 4627 adibus,
2501 4560 2717 4618 defossa
2740 4569 2957 4633 reperta
2984 4568 3144 4615 sunt:
3175 4569 3233 4614 et
3270 4558 3541 4629 plumbeae
3568 4558 3657 4613 la-

388 4666 679 4733 ποιήσετε
724 4664 802 4720 ἂν
828 4663 1136 4732 δεκατρεῖς
1182 4664 1484 4732 Καίσαρες
1515 4663 1846 4732 rer-torrat;
1880 4663 1974 4718 Ἐν

390 4758 606 4823 τούτοις
651 4760 679 4812 ὀ
722 4757 1063 4830 Γερμανικὸς
1118 4755 1478 4825 ἐτελεύτησεν
1532 4757 1590 4808 ἐν
1638 4756 1970 4826 Ἀντιοχείᾳ,

390 4850 854 4922 καταγοητευθείς
886 4867 944 4904 τε
993 4851 1088 4903 καὶ
1135 4848 1488 4919 φαρμαχθεὶς
1525 4848 1633 4903 ὑπὸ
1673 4848 1969 4912 Πείσωνος.

404 4946 571 4999 Ὀστᾶ
625 4960 687 4998 τε
731 4944 841 5014 γάρ
884 4942 1084 5014 εὑρέθη
1141 4943 1462 5013 ἀνθρώπεια
1493 4941 1972 5013 κατορωρυγμένα

392 5037 451 5089 ἐν
478 5037 547 5106 τῇ
577 5035 726 5106 οίκίᾳ
754 5036 812 5087 ἐν
923 5030 1190 5103 κατῴκει,
1234 5033 1327 5085 καὶ
1384 5030 1683 5102 μολίϐδινοι
1742 5030 1973 5101 ἐλασμοὶ

392 5126 532 5198 ἀράς
556 5142 710 5191 τινας
743 5125 885 5194 μετὰ
915 5122 1015 5176 τοῦ
1053 5124 1318 5193 ὀνόματος
1365 5123 1535 5176 αὐτοῦ
1576 5122 1815 5193 ἔχοντες.
1845 5123 1971 5176 Ὅτι

364 5220 449 5285 ,δὲ
489 5221 585 5273 καὶ
614 5220 892 5290 φαρμάκῳ
929 5219 1140 5289 ἐφθάρη
1191 5219 1251 5272 τὸ
1293 5219 1453 5286 σῶμα
1495 5218 1658 5270 αὐτοῦ
1701 5217 1969 5286 ἐξέφηνεν

392 5311 472 5372 είς
509 5308 609 5378 τὴν
640 5309 846 5378 ἀγοράν
874 5309 1157 5378 κομισθὲν,
1190 5308 1288 5360 καὶ
1325 5310 1437 5370 τοῖς
1469 5307 1706 5378 παροῦσι
1733 5306 1971 5377 δειχθέν.

395 5399 664 5460 Θανόντος
692 5399 748 5451 δὲ
777 5399 806 5452 ό
843 5399 940 5467 μὲν
974 5399 1225 5466 Τιϐέριος
1267 5398 1363 5452 καὶ
1414 5399 1447 5468 ἠ
1480 5398 1645 5451 Λιϐία
1691 5398 1967 5468 ἥσθησαν,

390 5492 440 5543 οἱ
469 5491 514 5542 δ’
546 5490 694 5544 ἄλλοι
728 5491 1074 5561 σφοδρότατα
1094 5490 1359 5563 ῆλγησαν.
1387 5491 1691 5552 Κάλλιστος
1724 5490 1828 5560 μὲν
1858 5492 1969 5562 γάρ

394 5582 456 5634 τὸ
487 5582 668 5650 σῶμα,
692 5580 913 5651 ἀριστος
946 5582 1006 5635 δέ
1033 5583 1134 5652 τὴν
1166 5583 1345 5653 ψυχὴν
1364 5582 1486 5651 ἔφυ.
1520 5581 1746 5652 Παιδείᾳ
1769 5598 1828 5634 τε
1852 5582 1971 5652 ἄμα

392 5673 488 5726 καὶ
526 5672 755 5742 ἀνδρείᾳ
814 5673 874 5727 ἐν
931 5672 1192 5743 πολέμοις
1235 5671 1563 5743 εὐδοκιμῶν,
1630 5672 1969 5743 ἡμερώτατα

393 5768 501 5826 τοῖς
543 5765 636 5818 ὑπ’
690 5765 854 5818 αὑτὸν
908 5768 1283 5837 προσεφέρετο
1307 5782 1323 5798 ο
1365 5765 1462 5820 καὶ⁹
1491 5766 1635 5836 μέγα
1664 5758 1969 5835 δυνάμενος

393 5855 488 5908 ἆτε
524 5859 742 5929 Καῖσαρ
769 5855 827 5923 ἐξ
863 5857 977 5910 ἴσον
1021 5858 1131 5920 τοῖς
1165 5854 1583 5919 ἀσθενεστάτοις
1624 5856 1922 5927 ἐσωφρόνει
1955 5873 1968 5890 ο

2077 4653 2261 4716 minae,
2296 4651 2351 4707 in
2403 4652 2605 4723 quibus
2634 4652 2960 4708 devotiones
2994 4667 3120 4706 cum
3155 4650 3377 4706 nomine
3406 4650 3526 4721 ejus
3562 4652 3651 4706 in—

2074 4745 2295 4814 scripta:
2317 4753 2497 4799 erant.
2539 4744 2767 4801 Veneno
2807 4754 2990 4800 autem
3025 4744 3304 4799 sublatum
3336 4758 3456 4799 esse
3477 4783 3491 4805 .
3523 4758 3651 4798 cor-

2076 4852 2180 4907 pus
2227 4837 2349 4906 ejus
2396 4836 2641 4892 ostendit
2685 4838 2741 4892 in
2785 4837 2967 4891 forum
2999 4836 3295 4906 perlatum,
3349 4843 3406 4890 et
3449 4835 3662 4905 populo

2073 4939 2381 4987 ostensum.
2438 4928 2574 4996 Ejus
2624 4928 2784 4983 obitu
2840 4928 3099 4985 Tiberius
3152 4938 3203 4983 et
3266 4927 3422 4982 Livia
3472 4926 3649 4997 gavisi

2076 5032 2239 5086 sunt,
2274 5022 2368 5077 alii
2398 5023 2885 5078 vehementissime
2916 5024 3236 5079 doluerunt.
3275 5023 3406 5076 Nam
3437 5034 3493 5077 et
3523 5037 3657 5078 cor-

2073 5130 2209 5183 pore
2241 5114 2638 5184 pnlcherrimo,
2678 5124 2736 5170 et
2769 5116 2955 5170 animo
2981 5117 3193 5189 optigno
3228 5116 3489 5185 praeditus
3521 5114 3645 5179 fuit,

2072 5216 2129 5264 et
2173 5207 2491 5263 eruditione
2520 5217 2576 5262 et
2604 5208 2826 5263 militari
2858 5207 3186 5263 fortitudine
3216 5207 3452 5277 insignis
3491 5224 3505 5257 :
3540 5207 3648 5261 bu-

2076 5300 2456 5355 manissimmn
2519 5299 2757 5355 subditis
2814 5300 2932 5355 suis
2985 5315 3047 5355 se
3093 5298 3347 5369 praebuit.
3390 5298 3458 5353 Et
3499 5314 3626 5353 cum

2073 5395 2214 5465 ejus,
2261 5402 2323 5447 ut
2354 5392 2607 5459 Caesaris,
2638 5406 2848 5460 magnae
2878 5406 3011 5461 opes
3036 5400 3242 5455 essent,
3282 5392 3646 5460 temperantia

2074 5486 2292 5542 intimos
2337 5485 2591 5554 aequavit.
2636 5482 2827 5552 Neque
2871 5491 3065 5537 contra
3116 5482 3354 5537 Drusum
3402 5483 3643 5538 invidio-

2072 5594 2134 5635 se
2176 5619 2192 5643 ,
2264 5591 2442 5647 neque
2518 5584 2709 5631 contra
2784 5575 3067 5631 Tiberium
3129 5574 3395 5632 insidiose
3474 5576 3642 5647 quid-

2073 5687 2237 5742 quam
2274 5670 2426 5725 fecit.
2477 5668 2775 5738 Imperium
2813 5685 2845 5725 a
2890 5668 3164 5725 militibus
3202 5678 3259 5724 et
3314 5678 3507 5725 senatu
3544 5684 3644 5740 po—

2070 5765 2311 5835 puloque
2371 5763 2518 5817 ultro
2565 5764 2810 5817 delatum
2871 5778 2987 5817 non
3043 5764 3277 5834 accepit.
3328 5764 3454 5818 Piso
3512 5778 3642 5819 vero

2074 5856 2355 5929 aliquanto
2386 5864 2507 5926 post
2528 5855 2770 5933 Romani
2808 5870 3085 5925 reversus,
3134 5866 3191 5912 et
3222 5856 3289 5913 ab
3320 5857 3438 5931 ipso
3476 5856 3633 5917 Tibe-
