4048 6422
441 398 545 459 927

1718 391 2044 452 JOANNIS
2083 391 2424 451 ΖΟΝΑΒᾸΞ.

3641 396 3741 457 923

442 512 565 575 rio,
626 507 999 576 suspicionem
1060 507 1216 562 necis
1273 505 1586 562 Germanici
1635 503 1864 558 abolere
1929 519 2025 558 cu-

2129 501 2222 554 καὶ
2250 500 2374 554 οὔτε
2401 518 2456 554 τι
2482 501 2618 573 πρὺς
2641 502 2734 555 τὸν
2772 499 3014 572 Δροῦσον
3055 502 3398 573 ἐπίφθονον,
3438 502 3573 558 οὕτε
3609 509 3739 574 πρὸς

445 603 656 671 piente,
686 603 740 655 in
789 610 1043 655 senatum
1067 599 1358 664 adductus,
1393 614 1543 652 mora
1569 597 1738 667 petita
1763 637 1779 662 ,
1820 605 2023 652 semet-

446 695 627 764 ipsum
663 694 966 748 interfecit.
1026 693 1388 748 Germanicus
1436 701 1552 745 tres
1587 690 1817 759 reliquit
1856 689 2020 752 ﬁlios,

444 801 585 854 quos
607 786 888 854 Augustus
917 785 970 838 in
1001 793 1336 838 testamento
1369 799 1468 836 suo
1499 782 1746 838 Catsares
1777 782 2024 850 appella-

449 875 546 929 vit.
590 875 798 929 Eorum
857 887 989 930 natu
1039 875 1314 928 maximus
1348 875 1492 928 Nero
1534 887 1650 928 tum
1687 875 1905 928 virilem
1941 883 2025 924 to-

449 981 570 1036 gatn
609 968 864 1036 sumpsit.
896 969 972 1022 Ac
1013 966 1079 1020 ad
1117 967 1222 1021 hoc
1264 982 1439 1036 usque
1483 974 1698 1036 tempus
1743 965 1906 1036 549
1933 965 2026 1018 Ti-

454 1059 644 1113 berius
667 1060 903 1128 plurima
936 1074 1084 1112 reete
1117 1057 1268 1119 iecit,
1295 1059 1347 1112 in
1374 1059 1565 1128 paucis
1597 1058 1851 1127 deliquit.
1887 1057 2026 1110 Ger-

451 1151 670 1205 manico
700 1166 833 1206 vero
859 1167 889 1205 e
931 1151 1112 1204 medio
1147 1151 1384 1212 sublato,
1417 1149 1678 1218 paulatim
1713 1162 1894 1200 mores
1927 1147 2028 1198 im-

451 1243 702 1296 mulavit.
749 1243 886 1297 Nam
923 1252 1267 1297 cumczctera
1313 1258 1509 1310 aspere
1547 1241 1857 1310 imperavit,
1911 1247 2024 1291 tum

448 1352 547 1390 eos
577 1353 606 1391 a
637 1336 840 1406 quibus
876 1337 959 1388 vel
991 1336 1108 1404 ipse
1145 1335 1231 1389 vel
1264 1334 1442 1396 Livia,
1475 1333 1562 1388 vel
1596 1332 1882 1402 Augustus
1906 1331 2027 1386 sive

451 1430 602 1483 dicto
633 1430 752 1483 sive
787 1428 932 1482 facto
966 1427 1154 1482 violati
1186 1438 1396 1489 essent,
1437 1434 1694 1493 tanquam
1728 1422 2028 1492 impietatis

451 1537 576 1576 reos
605 1521 906 1576 crudeliter
939 1520 1212 1574 tractavit
1246 1537 1262 1573 :
1317 1527 1510 1573 contra
1549 1517 1879 1571 insidiarum
1932 1531 2029 1570 suo

447 1624 668 1682 spectes
696 1612 1074 1676 inexorabilis,
1105 1610 1350 1666 Tandem
1401 1609 1706 1665 ostendens
1746 1608 2026 1678 aliquibus

449 1721 507 1760 se
536 1706 678 1760 velle
701 1705 840 1758 mori
863 1705 1100 1774 aliquos,
1129 1703 1356 1758 illorum
1385 1719 1553 1773 opera
1577 1702 1680 1756 hos
1705 1701 2022 1756 occidebat:

451 1799 614 1868 idque
630 1814 739 1852 non
761 1797 1436 1864 dissimulantcrl‘aciebat.
1457 1798 1748 1852 Potentum
1775 1796 2024 1850 omnium

449 1891 594 1946 diem
651 1900 707 1946 et
767 1891 958 1945 horam
1001 1889 1240 1944 natalem
1291 1889 1648 1958 inquirebat,
1695 1887 2026 1956 itaqueifata

449 1987 718 2056 cujusque
758 1984 1072 2054 indagabat.
1101 1983 1340 2040 Proinde
1367 1983 1552 2037 Galbzr
1579 1981 1672 2051 qui
1699 1989 1824 2052 post
1849 1979 2027 2049 impe~

451 2076 614 2141 ravit,
643 2077 862 2130 obviam
903 2075 1099 2137 factus,
1142 2074 1283 2128 dixit
1311 2091 1325 2127 :
1367 2074 1435 2128 Et
1473 2083 1530 2128 tu
1557 2075 1848 2143 aliquando
1874 2075 2026 2142 prin-

450 2170 689 2236 cipatum
719 2167 1040 2238 degustabis.
1083 2166 1341 2236 Pepercit
1374 2175 1558 2221 autem
1611 2167 1684 2229 ei,
1721 2167 1848 2236 quia
1877 2167 2029 2220 dice-

451 2261 567 2324 bat,
589 2276 716 2316 eum
742 2259 797 2314 in
826 2267 1132 2322 senectute,
1168 2268 1223 2313 et
1253 2259 1416 2327 longe
1446 2269 1571 2327 post
1606 2275 1768 2312 suum
1812 2258 2028 2313 obitum

451 2351 877 2420 imperaturum.
911 2348 1120 2403 Deinde
1155 2365 1280 2403 cum
1312 2349 1488 2402 Druso
1515 2349 1868 2402 consulatum
1902 2365 2030 2419 ges-

449 2443 544 2504 sit,
573 2441 718 2496 unde
750 2441 906 2496 multi
947 2441 1104 2497 Drusi
1145 2441 1432 2494 interitum
1475 2440 1818 2495 divinarunt.
1856 2441 2030 2495 Nemo

449 2534 600 2588 enim
651 2533 860 2588 Tiberii
901 2533 955 2586 in
999 2533 1285 2586 consulatu
1317 2533 1522 2601 collega
1551 2533 1848 2587 violentam
1881 2548 2032 2587 mor-

451 2637 559 2682 tem
585 2625 819 2680 evitarat
839 2644 853 2677 :
877 2625 1162 2694 postenim
1195 2641 1405 2680 veneno
1437 2625 1620 2695 periit.
1643 2625 1778 2679 Nam
1799 2625 2031 2682 Seianus

449 2716 696 2786 quidam,
726 2715 891 2770 homo
914 2718 1054 2785 apud
1086 2716 1367 2770 Tiberium
1401 2727 1595 2784 potens
1627 2725 1684 2771 et
1717 2717 2028 2786 superbus,

447 2822 575 2862 cum
607 2807 782 2861 Druso
809 2807 1108 2876 aliquando
1139 2808 1354 2874 alapam
1417 2807 1706 2871 dedisset,
1750 2824 1927 2884 eaque
1963 2809 2032 2864 de

448 2913 613 2954 causa
659 2908 718 2954 et
759 2899 938 2968 ipsum
984 2909 1040 2954 et
1091 2900 1376 2955 Tiberium
1409 2911 1703 2966 metueret,
1756 2903 2032 2974 simulque

449 3002 722 3064 speraret,
769 2993 947 3048 Druso
982 2992 1223 3054 sublato,
1259 2991 1545 3047 Tiberium
1591 2993 1696 3048 sibi
1731 2993 1903 3064 magis
1930 3009 2030 3063 op-

448 3093 749 3154 portunum
796 3082 962 3137 fore:
1011 3097 1114 3152 per
1149 3082 1418 3151 quosdam
1452 3083 1744 3138 ministros
1790 3094 1846 3138 et
1893 3099 2031 3139 uxo-

449 3191 603 3242 rem,
658 3176 775 3231 sive
811 3175 1013 3231 Jnliam
1049 3175 1165 3230 sive
1197 3175 1408 3230 Liviam
1445 3178 1595 3241 (nam
1635 3179 1938 3248 scriptores
1973 3179 2028 3233 in
2060 3203 2097 3248 ιλ

449 3267 676 3322 nomine
701 3265 942 3331 variant)
975 3276 1169 3335 stupro
1199 3265 1307 3320 sibi
1335 3266 1640 3336 cognitam,
1673 3283 1949 3322 venenum
1974 3269 2027 3323 ei

448 3355 786 3427 prepinavit.
847 3355 981 3426 Ejus
1020 3355 1101 3410 sic
1150 3357 1328 3410 necati
1375 3368 1608 3412 mortem
1661 3358 1918 3413 Tiberius
1969 3359 2025 3414 in

449 3445 606 3502 curia
634 3445 984 3515 deploravit,
1030 3454 1087 3500 et
1121 3445 1396 3501 Neronem
1421 3462 1488 3502 ac
1523 3449 1758 3503 Drusum
1795 3448 2026 3505 Germa-

449 3539 558 3594 nici
609 3539 819 3594 liberes
842 3537 1061 3592 senatui
1108 3537 1537 3592 conmendavit.
1583 3541 1820 3594 Drusum
1857 3541 2026 3596 cada-

445 3645 577 3686 vere
603 3631 722 3700 ejns
757 3645 858 3698 pro
896 3629 1092 3683 rostris
1121 3631 1432 3698 proposito,
1457 3631 1602 3686 Nero
1639 3648 1809 3701 gener
1834 3632 2028 3690 lauda-

443 3720 543 3774 vit.
573 3719 846 3786 therum
879 3719 1000 3789 ejus
1043 3719 1305 3774 interitus
1347 3721 1536 3776 multis
1581 3739 1749 3778 causa
1796 3724 1903 3778 fuit
1945 3725 2028 3778 in-

445 3812 664 3874 teritus,
716 3811 863 3880 quod
916 3811 1036 3878 ejus
1092 3827 1227 3867 nece
1284 3812 1450 3866 laetati
1495 3830 1619 3869 esse
1674 3816 2023 3876 viderentur.

442 3902 576 3958 Nam
629 3917 830 3974 praeter
861 3905 1000 3959 alios
1045 3906 1288 3972 multos,
1341 3907 1508 3962 etiam
1559 3908 1855 3980 Agrippina
1898 3929 2023 3968 cum

441 3994 655 4057 liberis,
697 3995 808 4049 ﬁlio
837 4003 970 4049 natu
1007 3995 1238 4050 minimo
1279 4007 1534 4067 excepto,
1566 3999 1776 4054 interiit
1809 4021 1823 4056 :
1865 4003 2025 4059 Tibe-

442 4087 527 4141 rio
578 4097 773 4142 contra
826 4089 1006 4159 ipsum
1056 4089 1422 4144 vehementer
1461 4091 1676 4146 irritato
1714 4109 1742 4146 a
1799 4095 2020 4162 Seiano,

439 4179 534 4249 qui
567 4179 660 4234 illa
694 4195 819 4234 cum
845 4181 1037 4236 liberis
1072 4181 1288 4236 sublata
1311 4223 1328 4248 ,
1360 4196 1518 4252 spem
1545 4185 1784 4256 conjugii
1828 4187 2021 4254 Liviae,

437 4271 618 4325 vidum
655 4272 854 4334 Drusi,
885 4288 1050 4343 quam
1093 4273 1407 4339 adamabat,
1465 4281 1524 4328 et
1562 4275 1779 4344 imperii
1819 4277 2021 4344 alebat,

437 4376 562 4418 cum
605 4361 866 4418 Tiberius
912 4363 1124 4418 nullum
1163 4379 1544 4420 successorem
1578 4364 1830 4420 haberet.
1881 4367 2019 4422 Nam

439 4463 692 4524 nepotem
728 4469 796 4509 ex
838 4454 970 4520 lilio,
1003 4463 1062 4510 ut
1091 4456 1466 4511 adulterinum
1505 4456 1699 4512 oderat
1729 4475 1746 4515 :
1797 4467 1854 4514 et
1884 4460 2023 4516 alios

2121 593 2212 646 τὸν
2246 593 2501 662 Τιϐέριον
2531 595 2707 646 ἐποίει
2731 594 3024 649 ἐπίϐουλον
3053 613 3068 628 ο
3099 595 3200 648 καὶ
3232 596 3566 665 δυνάμενος
3589 600 3740 666 παρὰ

2123 699 2183 735 τε
2209 683 2318 735 τῶν
2352 685 2704 753 στρατιωτῶν
2735 686 2977 740 ἑκόντων
3009 688 3105 739 καὶ
3132 687 3241 756 τῆς
3273 685 3493 756 βουλῆς
3521 689 3621 740 καὶ
3647 687 3736 740 τοῦ

2122 774 2294 842 δήμου
2345 773 2445 846 τὴν
2492 776 2668 845 ἀρχὴν
2707 775 2805 849 τὴν
2860 778 3252 849 αὐτοκράτορα
3296 778 3610 849 λήψεσθαι,
3641 780 3738 833 οὐκ

2122 868 2408 938 ἠθέλησεν.
2453 869 2513 922 '0
2542 870 2598 922 δέ
2623 871 2834 923 Πείσων
2864 872 3042 943 χρόνῳ
3073 871 3202 924 ύστε
3215 889 3318 940 ρον
3348 874 3437 936 είς
3463 874 3568 944 τὴν
3602 871 3737 925 Ῥὡε-

2127 976 2235 1029 μην
2271 960 2684 1028 ἀνακομισθεὶς,
2720 963 2816 1015 καὶ
2871 965 2965 1017 ἐπὶ
3019 963 3100 1034 τῷ
3132 965 3292 1036 φόνῳ
3353 963 3458 1016 τοῦ
3523 965 3738 1034 Γερμα-

2123 1051 2276 1103 νικοῦ
2316 1053 2397 1113 είς
2435 1055 2496 1106 τὸ
2529 1051 2914 1126 βουλευτήριον
2944 1056 3038 1109 ὑπ’
3081 1055 3258 1110 αὑτοῦ
3324 1056 3428 1109 τοῦ
3479 1056 3736 1127 Τιϐερίου

2125 1140 2418 1210 εἰσαχθεὶς,
2447 1143 2877 1213 διακρουομένου
2931 1145 3031 1215 τὴν
3062 1145 3316 1215 ὑποψίαν
3375 1147 3483 1216 τὴν
3530 1145 3626 1197 ἐπὶ
3671 1149 3734 1216 τῇ

2125 1233 2303 1302 φθορᾷ
2359 1235 2452 1286 τοῦ
2507 1235 2875 1306 Γερμανικοῦ,
2938 1237 3034 1290 καὶ⁵
3097 1237 3394 1308 ἀναϐολὴν
3467 1237 3736 1306 αἰτήσας,

2127 1324 2321 1378 ἑαυτὸν
2351 1329 2756 1398 κατεχρήσατο.
2808 1328 2936 1382 Ἐπὶ
2967 1329 3116 1400 τρισὶ
3136 1328 3182 1382 δ’
3239 1330 3433 1381 υἱέσιν
3467 1331 3496 1382 6
3525 1329 3738 1398 Γερμα-

2127 1419 2276 1478 νικὸς
2302 1417 2676 1490 ἐτελεύτησεν,
2691 1418 2786 1484 οὓς
2805 1422 2834 1474 6
2850 1420 3164 1490 Αὔγουστος
3185 1424 3252 1476 ἐν
3283 1425 3417 1484 ταῖς
3448 1421 3736 1490 διαθήκαις

2128 1509 2294 1563 αὐτοῦ
2371 1510 2626 1579 ὠνόμασε
2701 1511 3018 1580 Καίσαρας.
3080 1513 3312 1565 Τούτων
3389 1514 3420 1567 6
3499 1509 3735 1583 πρεσϐύ-

2127 1617 2286 1664 τατος
2335 1601 2528 1670 Νέρων
2571 1600 2712 1653 κατά
2767 1603 2859 1654 τὸν
2908 1603 3100 1672 χρόνον
3155 1604 3385 1654 ἐκεῖνον
3435 1603 3552 1662 τοῖς
3609 1601 3734 1670 ἐφή·

2129 1693 2246 1756 ὄοις
2310 1691 2728 1762 κατηριθμήθη.
2781 1693 2962 1765 Μέχρι
3037 1693 3140 1762 μὲν
3199 1694 3306 1747 οὖν
3375 1693 3478 1747 τοῦ
3543 1694 3729 1763 χρόνου

2127 1785 2319 1836 τούτου
2359 1785 2588 1839 πλεῖστα
2615 1786 2874 1857 χρηστὰό
2907 1785 3158 1857 Τιϐέριος
3196 1787 3447 1856 ἔπραξε,
3483 1787 3580 1839 καὶ
3605 1787 3726 1857 βρα·

2132 1877 2230 1945 χέα
2265 1875 2598 1946 ἐξήμαρτεν.
2644 1877 2797 1930 Ἐπεὶ
2833 1877 2880 1930 δ’
2921 1881 2951 1932 6
2996 1879 3352 1951 Γερμανικὸς
3397 1881 3646 1934 ἐκποδῶν
3681 1881 3726 1933 οί

2130 1969 2370 2035 ἐγένετο,
2425 1970 2543 2022 κατ’
2595 1968 2778 2038 ὀλίγον
2827 1969 3108 2040 ἠλλοίωτο.
3170 1973 3256 2026 Τοὶ
3309 1990 3376 2027 τε
3442 1974 3556 2044 γὰρ
3605 1972 3727 2024 ἄλλα

2131 2059 2339 2126 ἀγρίως
2373 2054 2532 2130 ἦρχε,
2564 2062 2658 2114 καὶ
2688 2066 2800 2126 τοῖς
2822 2063 2902 2126 εἰς
2931 2063 3098 2116 αὐτὸν
3132 2063 3166 2134 ἢ
3195 2064 3302 2134 τὴν
3332 2067 3556 2135 μητέρα
3585 2066 3618 2136 ἢ
3645 2065 3726 2117 τὸν

2131 2149 2442 2219 Αὔγουστον
2505 2153 2742 2224 πράξασί
2799 2171 2854 2207 τι
2913 2155 2948 2223 ἢ
3003 2155 3260 2210 εἰποῦσιν
3332 2157 3726 2227 ἀνεπιτήδειον,

2131 2244 2358 2313 ἀπηνῶς
2407 2243 2484 2308 ὡς
2535 2247 2839 2317 ἀσεϐήσασι
2894 2249 3298 2318 προσεφέρετο,
3339 2253 3438 2304 καὶ
3486 2253 3570 2313 εἰς
3609 2249 3723 2311 τοὺς

2133 2336 2538 2406 ύτιονοηθέντας
2597 2339 2975 2394 ἐπιϐουλεύειν
3013 2340 3162 2410 αύτῷ
3203 2343 3598 2413 ἀπαραίτητος
3641 2337 3720 2410 ἦν.

2136 2428 2276 2500 ’Ἤδη
2308 2429 2363 2482 δὲ
2390 2430 2486 2482 καὶ
2513 2429 2926 2502 ἐνδεικνύμενος
2955 2450 3102 2486 τισιν
3131 2434 3218 2487 ὅτι
3254 2434 3517 2504 βούλεται
3545 2433 3725 2486 τεθνέ-

2133 2536 2220 2572 ναι
2275 2522 2450 2584 τινὰς,
2480 2521 2549 2574 δι’
2597 2523 2822 2594 ἐκείνων
2883 2526 3029 2594 σφᾶς
3081 2514 3450 2594 ἀπεκτίννυε,
3489 2528 3585 2581 καὶ
3631 2528 3723 2578 ούκ

2135 2609 2394 2665 ἐλάνθανε
2445 2612 2620 2666 ταῦτα
2677 2613 2866 2670 ποιῶν.
2909 2615 3173 2688 Ἐξήταξέ
3222 2636 3284 2671 τε
3325 2620 3438 2672 τῶν
3487 2617 3718 2671 δυνατῶν

2133 2702 2368 2756 ἑκάστου
2400 2703 2499 2774 τὴν
2525 2705 2741 2776 ήμέραν
2775 2705 2871 2760 καὶ
2911 2706 3010 2777 τὴν
3043 2708 3194 2778 ὥραν
3225 2711 3290 2762 ἐν
3417 2710 3718 2778 γεγέννητο,

2135 2795 2231 2847 καί
2265 2793 2410 2848 οὕτω
2457 2795 2518 2848 τὺ
2566 2797 2936 2866 πεπρωμένον
2981 2800 3197 2872 ἑκάστῳ
3236 2803 3548 2872 ἐξηρεύναν
3587 2801 3715 2854 ὥστε

2137 2890 2234 2943 καὶ
2261 2889 2338 2960 τῷ
2361 2891 2398 2942 Γ
2403 2889 2543 2962 άλϐᾳ
2563 2889 2642 2962 τῷ
2669 2893 2807 2962 μετὰ
2833 2893 3460 2972 ταῦταιαύταρχήσαντι
3487 2896 3718 2962 ἀπαντή-

2137 3001 2258 3048 σας,
2295 2983 2424 3054 ἔφη,
2478 2985 2588 3038 Καὶ
2636 2985 2718 3040 σύ
2774 3002 2920 3040 ποτε
2971 2985 3084 3054 τῆς
3128 2989 3466 3058 ἡγεμονίας
3515 2989 3710 3056 γεύσῃ.

2146 3074 2433 3145 Ὲφείσατο
2473 3075 2529 3130 δὲ
2574 3076 2764 3144 αὑτοῦ,
2803 3077 2977 3147 λέγων
3010 3080 3094 3133 ὅτι
3133 3081 3192 3133 ἐν
3240 3082 3426 3152 γήρᾳ,
3464 3081 3558 3133 καὶ
3590 3078 3714 3147 μετά

2133 3171 2271 3224 πολὺ
2336 3173 2438 3242 τῆς
2498 3171 2754 3240 τελευτῆς
2811 3173 2977 3228 αὑτοῦ
3035 3173 3215 3246 ἄρξει.
3273 3171 3411 3230 Εἶτα
3453 3175 3590 3244 μετᾶ
3629 3168 3714 3223 τοῦ

2134 3265 2372 3333 Δρούσου
2407 3264 2712 3318 ὑπάτευσεν
2744 3267 2772 3318 6
2793 3266 3068 3338 Τιϐέριος,
3101 3267 3227 3321 ὅθεν
3266 3268 3460 3322 πολλοὶ
3488 3268 3580 3320 τὸν
3609 3263 3713 3318 ὄλε-

2135 3350 2264 3424 θρον
2297 3355 2360 3405 ἐκ
2409 3353 2603 3406 τούτου
2641 3352 2734 3407 τοῦ
2772 3355 3014 3426 Δρούσου
3057 3357 3578 3427 προεμαντεύσαντο
3643 3351 3708 3406 Οὐ

2134 3444 2245 3514 γάρ
2303 3445 2452 3498 ἐστιν
2505 3446 2655 3509 ὅστις
2705 3446 2817 3499 τῶν
2869 3452 3409 3506 συνυπατευσάντων
3460 3447 3607 3517 αύτῷ
3655 3443 3708 3496 οὐ

2136 3534 2328 3604 βιαίως
2353 3537 2596 3590 ἀπέθανε
2617 3551 2632 3568 ⁸
2661 3537 2800 3607 μετά
2830 3538 3003 3593 ταῦτα
3035 3542 3145 3612 γὰρ
3169 3543 3457 3616 φαρμάκῳ
3482 3539 3703 3594 διώλετο.

2133 3625 2356 3688 Σεϊανὺς
2395 3626 2506 3697 γάρ
2550 3644 2636 3691 τις
2675 3629 2822 3697 μέγα
2855 3633 3009 3700 παρά
3051 3633 3128 3704 τῷ
3167 3634 3415 3707 Τιϐερίῳ
3451 3630 3705 3704 δυνηθεὶς,

2134 3716 2228 3768 καὶ
2273 3716 2579 3784 ὑπέρογκος
2619 3719 2873 3788 γεγονὼς,
2913 3723 3023 3788 πὺξ
3066 3725 3218 3796 αὐτῷ
3257 3744 3391 3780 ποτε
3456 3722 3702 3784 ἐντείνας,

2135 3809 2242 3859 κάκ
2269 3808 2462 3862 τούτου
2502 3810 2686 3874 δείσας
2730 3813 2986 3867 κάκεῖνον
3029 3817 3251 3870 καὶτὸν
3285 3818 3556 3888 Τιϐέριον,
3599 3815 3706 3881 ἅμα

2133 3900 2226 3952 καὶ
2255 3901 2635 3970 προσδοκήσας
2661 3903 2728 3957 ἂν
2752 3903 2844 3958 τὸν
2863 3905 3100 3974 Δροῦσον
3126 3910 3559 3980 κατεργάσηται.
3585 3905 3704 3975 ῥᾷον

2135 3989 2621 4062 μεταχειρίσασθαι
2656 3995 2750 4049 τὸν
2785 3997 3058 4070 Τιϐέριον,
3112 4001 3412 4072 φάρμακόν
3465 4019 3516 4054 τι
3566 3993 3702 4062 αὐτῷ

2131 4083 2220 4135 διά
2269 4100 2433 4138 τινων
2482 4085 2838 4158 θεραπόντων
2883 4091 2978 4143 καὶ
3022 4091 3114 4146 διὰ
3167 4094 3270 4163 τῆς
3323 4091 3594 4162 γυναικὸς,
3641 4087 3699 4155 ἢν

2144 4175 2391 4241 Ἰουλίαν,
2413 4179 2592 4249 ἕτεροι
2631 4180 2687 4232 δὲ
2729 4181 2927 4236 Λιϐίαν
2957 4185 3232 4254 γράφουσι
3274 4187 3390 4254 (καὶ
3421 4185 3526 4253 γὰρ
3560 4176 3698 4250 ἐμοί-

2132 4285 2293 4337 χευεν
2317 4271 2515 4342 αὐτὴν)
2544 4273 2765 4327 ἔδωκεν.
2814 4272 2868 4328 Ὀ
2900 4277 3001 4344 μὲν
3027 4275 3121 4331 οὖν
3143 4277 3318 4342 οὕτως
3351 4275 3608 4331 ἀπώλετο.
3646 4267 3694 4318 ’0

2131 4359 2188 4412 δέ
2219 4377 2282 4428 γε
2307 4361 2562 4433 Τιϐέριος
2589 4365 2671 4428 είς
2706 4364 2766 4418 τὸ
2798 4367 3078 4438 συνέδριον
3107 4371 3462 4440 ἀφικόμενος,
3503 4358 3693 4418 ἐκεῖνόν

2129 4465 2190 4502 τε
2221 4451 2571 4522 ἀπωδύρατο,
2604 4455 2698 4506 καὶ
2730 4455 2822 4508 τὸν
2847 4456 3082 4527 Νέρωνα
3112 4457 3205 4512 τόν
3241 4476 3302 4512 τε
3329 4457 3561 4527 Δροῦσον
3576 4449 3690 4510 τοὺς

439 4545 644 4600 multos
693 4545 816 4599 aliis
863 4555 1026 4614 atque
1059 4546 1183 4602 aliis
1225 4546 1295 4601 de
1325 4547 1542 4614 causis,
1595 4547 1692 4602 sed
1738 4549 2022 4619 plerisque

2129 4541 2226 4594 τοῦ
2261 4543 2602 4614 Γερμανικοῦ
2635 4546 2834 4610 παῖδας
2874 4551 2941 4618 τῇ
2973 4551 3241 4622 γερουσία
3273 4543 3686 4622 παρακατέθετο,

440 4636 714 4695 conlictis.
751 4636 838 4690 vel
887 4635 942 4690 in
991 4637 1244 4692 exsilium
1284 4637 1559 4702 mittebat,
1587 4639 1674 4694 vel
1717 4639 2023 4695 occidebat.

437 4726 740 4793 Quemdam
781 4728 876 4798 qui
914 4727 1144 4783 Caesaris
1196 4737 1253 4784 et
1294 4728 1529 4800 Augusti
1567 4747 1650 4786 res
1682 4741 1888 4802 gestas,
1922 4749 2023 4788 ne-

439 4835 548 4888 que
581 4819 886 4888 quidquam
933 4828 1116 4874 tamen
1148 4831 1342 4876 contra
1384 4837 1482 4878 eos
1529 4823 1854 4895 scripserat,
1890 4841 2024 4894 sup-

439 4910 607 4979 plicio
637 4909 861 4966 atl‘ecit:
897 4919 954 4965 et
983 4911 1164 4980 ipsum
1195 4912 1358 4982 550
1386 4915 1676 4984 scriptum,
1701 4918 2022 4988 ubicunque

437 5003 686 5070 reperire
723 5001 928 5072 potuit,
963 5003 1197 5061 exussit.
1247 5007 1396 5075 quod
1435 5007 1561 5062 illas
1597 5025 1703 5064 non
1739 5021 2016 5068 ornasset.

437 5093 740 5162 Plerosque
774 5093 934 5163 quasi
964 5094 1072 5149 sibi
1111 5096 1550 5160 maledixissent.
1589 5103 1872 5157 interiecit
1907 5119 1921 5156 :
1961 5113 2019 5158 et

440 5185 682 5240 Sabinus
732 5186 960 5257 quidam
1014 5187 1086 5242 ob
1137 5189 1452 5260 hujusmodi
1481 5192 1691 5248 crimen
1727 5194 1782 5249 in
1832 5209 2016 5250 carce-

435 5293 552 5330 rem
599 5279 884 5350 conjectus
915 5288 973 5334 et
1003 5283 1224 5336 occisus
1275 5292 1380 5348 est,
1412 5293 1469 5340 et
1515 5285 1755 5340 cadaver
1787 5288 1908 5356 ejus
1960 5289 2016 5342 in

434 5368 680 5423 Tiberim
731 5370 1032 5441 abjectum.
1068 5373 1126 5426 ld
1168 5373 1384 5430 facinus
1429 5391 1555 5431 cum
1604 5393 1702 5446 per
1753 5393 1812 5432 se
1857 5391 2014 5434 atrox

431 5461 636 5522 visum,
679 5473 795 5516 tum
827 5479 924 5532 per
963 5464 1155 5520 Sabini
1187 5481 1382 5521 eanem
1416 5470 1660 5524 atrocius
1699 5469 1925 5526 factum.
1965 5474 2015 5529 Is

433 5551 580 5606 enim
624 5569 750 5608 cum
785 5554 924 5610 hero
947 5571 1048 5610 suo
1079 5573 1360 5612 carcerem
1391 5559 1674 5630 ingressus
1707 5571 1814 5623 est,
1848 5573 1904 5618 et
1929 5565 2016 5618 in-

434 5641 666 5696 terl‘ecto
709 5645 938 5710 assedit,
981 5657 1038 5700 et
1067 5663 1134 5702 eo
1163 5649 1216 5701 in
1253 5649 1616 5718 proﬂuentem
1654 5653 1872 5724 abjeeto
1895 5655 2011 5719 ipse

435 5743 657 5796 quoque
687 5744 748 5784 se
780 5731 1120 5802 praecipitem
1148 5734 1325 5792 dedit.
1367 5738 1491 5793 Haec
1521 5756 1692 5808 pauca
1713 5747 1781 5797 tle
1821 5744 2011 5800 multis

437 5829 868 5876 commemorata
893 5833 1043 5880 sunt.
1073 5823 1228 5881 Livia
1266 5841 1452 5886 autem
1486 5848 1632 5888 anno
1664 5834 1841 5892 :ctatis
1865 5852 1918 5890 γι
1951 5847 2009 5894 ct

2129 4635 2222 4688 καὶ
2253 4635 2315 4688 τὸ
2355 4636 2519 4706 σῶμα
2556 4636 2650 4691 τοῦ
2685 4639 2930 4708 Δρούσου
2961 4643 3240 4715 προύτέθη
3278 4645 3374 4698 ἐπὶ
3409 4639 3500 4694 τοῦ
3525 4639 3688 4708 βήμα-

2125 4743 2216 4790 τος
2241 4743 2256 4760 ⁶
2287 4727 2386 4780 καὶ
2413 4729 2442 4782 ὁ
2472 4729 2668 4800 Νέρων
2707 4731 2957 4803 γαμϐρὸς
2985 4733 3152 4787 αὐτοῦ
3190 4735 3267 4788 ὣν
3301 4733 3554 4791 ἐπαίνους
3607 4719 3685 4776 ἐπ’

2123 4819 2275 4890 αὐτῷ
2303 4816 2484 4876 εἶπεν.
2521 4821 2580 4874 '0
2616 4822 2672 4875 δὲ
2713 4823 2780 4893 δὴ
2826 4824 3058 4889 θάνατος
3085 4827 3251 4880 αὐτοῦ
3285 4826 3500 4886 πολλοῖς
3527 4817 3684 4876 αἴτιος

2127 4912 2358 4967 θανάτου
2385 4914 2626 4983 ἐγένετο,
2665 4915 2741 4978 ὡς
2795 4918 3086 4987 ἐφησθεῖσι
3131 4923 3196 4993 τῇ
3229 4919 3472 4989 ἀπωλείᾳ
3509 4907 3678 4969 αὐτοῦ.

2125 5005 2320 5058 Πολλοί
2346 5022 2407 5058 τε
2438 5006 2548 5077 γὰρ
2586 5008 2682 5062 καὶ
2727 5008 2876 5062 ἄλλοι
2924 5011 3202 5074 διώλοντο,
3245 5014 3340 5068 καὶ
3373 5001 3676 5078 Ἀγριππίνα

2126 5097 2264 5166 μετά
2288 5096 2396 5150 τῶν
2416 5099 2624 5152 παίδων
2659 5099 2856 5170 αὐτῆς,
2885 5101 2982 5154 τοῦ
3015 5104 3286 5158 νεωτάτου
3315 5102 3496 5174 χωρίς.
3517 5088 3674 5149 Πολλά

2123 5187 2232 5256 γὰρ
2274 5188 2397 5241 κατ’
2427 5190 2596 5259 αὐτῆς
2627 5191 2656 5244 ὃ
2689 5193 2911 5256 Σεῖανδς
2955 5195 3247 5265 παρώξυνε
3287 5197 3378 5250 τὸν
3427 5190 3668 5256 Τιϐέριον,

2123 5279 2510 5350 προσδοκήσας
2541 5281 2762 5350 ἐκείνης
2801 5286 2941 5354 μετᾶ
2970 5286 3080 5338 τῶν
3105 5288 3316 5343 τέκνων
3349 5277 3668 5350 ἀπολομένης

2120 5375 2186 5441 τῇ
2219 5389 2278 5424 τε
2311 5373 2480 5444 Λιϐίᾳ
2507 5376 2852 5445 συνοικήσειν
2875 5379 2940 5448 τῇ
2966 5379 3060 5431 τοῦ
3092 5380 3330 5452 Δρούσου
3357 5372 3581 5449 γυναικὶ,
3607 5359 3666 5434 ἧς

2116 5465 2247 5535 ἦρα,
2280 5467 2376 5518 καὶ
2411 5465 2474 5518 τὸ
2503 5467 2704 5537 κράτος
2730 5467 2894 5533 ἕξειν,
2926 5471 3154 5541 μηδενὸς
3185 5473 3263 5545 τῷ
3295 5467 3518 5540 Τιϐερίῳ
3545 5473 3660 5525 τυΫ

2117 5558 2374 5625 χάνοντος
2408 5555 2674 5628 διαδόχου.
2710 5561 2814 5613 Τὸν
2861 5561 2968 5631 γὰρ
3017 5563 3196 5618 ὑῖδοῦν
3247 5565 3425 5635 ἐμίσει
3471 5559 3542 5617 ὡς
3581 5547 3660 5603 καὶ

2118 5647 2403 5716 μοιχίδιον,
2429 5651 2521 5701 καὶ
2550 5652 2744 5714 ἄλλους
2773 5653 2831 5706 δὲ
2867 5654 3096 5718 πολλοὺς
3125 5657 3220 5710 ἐπὶ
3253 5656 3432 5716 ἄλλαις
3465 5647 3549 5702 καὶ
3573 5640 3650 5694 ἄλ⁴

2115 5743 2236 5807 λαις
2283 5745 2510 5812 αἰτίαις,
2539 5749 2663 5811 ταῖς
2689 5749 2746 5800 δέ
2778 5765 2840 5815 γε
2875 5751 3087 5804 πλείοσι
3131 5748 3546 5816 πεπλασμέναιῇ
3570 5729 3651 5787 καὶ

2112 5835 2470 5904 ἐφυγάδευσε,
2496 5838 2588 5891 καὶ
2615 5839 2908 5910 δι’φθειρε.
2941 5843 3048 5896 Καί
3072 5861 3214 5910 τινα,
3243 5844 3322 5898 ὅτι
3349 5839 3408 5894 τὰ
3429 5831 3513 5888 τοῦ
3535 5818 3652 5880 K1“
