4048 6406
440 345 547 406 9'29

1680 354 1723 408 A
1743 349 2095 411 NNALIUM
2136 355 2280 414 LIB.
2325 356 2433 416 XI.

3594 368 3703 430 930

440 476 607 528 σαρος
655 458 750 510 καὶ
806 457 874 510 τὰ
920 457 1015 510 τοῦ
1053 458 1368 526 Αὐγούστου
1410 461 1686 531 ἱστόρησε,
1717 464 1894 516 καίτοι
1949 468 2009 534 μὶ

2130 464 2269 523 LXXX
2300 471 2540 527 decessit
2569 490 2580 526 :
2609 489 2774 542 quam
2811 474 3069 535 Tiberius
3105 497 3208 536 nec
3231 494 3591 554 aegrotantem
3616 490 3704 542 iu-

436 549 558 599 κατ’
593 547 824 600 ἐκείιων
861 550 1308 618 συγγεγραφότα,
1347 551 1596 617 ἐκόλασε,
1637 554 1733 607 καὶ
1787 554 1846 607 τὸ
1892 555 2023 621 σύγ-

433 657 673 711 γραμμα
727 640 864 692 ὅπου
908 640 970 710 δὴ
1027 640 1123 693 καὶ
1159 642 1357 713 εὑρέθη
1414 644 1778 707 κατέκαυσεν,
1813 645 1895 698 ὅτι
1944 646 2020 717 μὴ

433 730 681 793 δκείνους
726 732 1307 799 ἐσέμνυνε.σῐιλείονας
1351 734 1409 786 δὲ
1455 734 1530 798 ὡς
1564 736 1729 788 αὐτὸν
1771 736 2015 808 βλασφηο

439 821 682 892 μοῦντας
731 821 1027 892 διέτοειρε.
1075 823 1184 877 Καί
1223 841 1310 888 τις
1358 826 1590 888 Σαϐῖνος
1650 828 1741 881 ἐπὶ
1790 830 2018 900 τοιαύτῃ

434 915 837 983 κατηγορηθεὶς
873 915 1045 984 αἰτίᾳ,
1084 918 1162 980 είς
1196 916 1258 969 τὸ
1292 916 1670 988 δεσμωτήριον
1691 919 2016 991 καθείρχθη,

432 999 554 1056 εἶτα
587 1007 679 1057 καὶ
715 1005 1007 1074 ἐφονεύθη,
1036 1006 1130 1058 καὶ
1164 1006 1224 1059 τὺ
1250 1008 1410 1076 σῶμα
1437 1008 1606 1062 αὐτοῦ
1628 1011 1710 1072 εἰς
1733 1010 1825 1064 τὸν
1852 1029 2019 1064 ποτα-

437 1097 537 1165 μὸν
593 1098 794 1167 ἐρρίφη
845 1098 955 1151 Καὶ
1005 1098 1177 1151 δεινὸν
1230 1100 1329 1166 μὲν
1359 1099 1517 1152 τοῦτο
1559 1103 1653 1155 καὶ
1688 1102 1809 1193 καθ’
1854 1103 2017 1157 ἑαυτὸ

434 1187 640 1241 ἆπασιν
670 1184 773 1258 ἦν’
806 1189 1058 1241 ἐδείνωσε
1094 1188 1139 1241 δ’
1183 1189 1316 1243 αὐτὸ
1358 1189 1453 1242 ἐπὶ
1501 1190 1689 1246 πλεῖον
1711 1184 1885 1246 ’κύων
1931 1210 2017 1256 τις

432 1279 527 1331 τοῦ
561 1279 815 1345 Σαϐίνου,
849 1279 1209 1332 συνεισελθὼν
1252 1297 1309 1333 τε
1345 1281 1494 1353 αὑτῷ
1524 1283 1606 1345 είς
1634 1282 1695 1336 τδ
1731 1283 2019 1357 δεσμωτή-

438 1386 575 1439 ριον,
607 1370 701 1421 καὶ
730 1370 1062 1423 ἀποθανόντι
1100 1372 1470 1442 παραμείνας,
1503 1373 1599 1425 καὶ
1624 1375 1704 1436 είς
1730 1374 1820 1427 τὸν
1850 1393 2019 1428 ποτα-

437 1460 536 1528 μὸν
562 1461 774 1531 ριφέντι
798 1463 1195 1519 συνεισπεσὼν.
1229 1463 1417 1517 Ταῦτα
1450 1464 1622 1535 ταύτῃ
1652 1466 1893 1533 ἐγένετο,
1920 1469 2015 1520 καὶ

434 1552 499 1604 ἐκ
524 1552 633 1603 τῶν
673 1552 888 1606 πολλῶν
920 1553 1077 1622 ὀλίγα
1109 1555 1413 1625 ἱστόρηται.
1462 1557 1528 1609 Ἦ
1565 1556 1622 1608 δὲ
1648 1557 1811 1610 Λιϐία
1847 1558 2016 1629 ὑπέρ-

431 1661 617 1714 γηρως
676 1648 936 1712 γεγονυῖα
992 1646 1343 1714 μετήλλαξεν,
1394 1647 1452 1715 ἐξ
1502 1647 1717 1717 ζήσασα
1762 1650 1858 1717 ἔτη
1919 1651 2015 1705 καὶ

434 1735 788 1803 ὀγδοήκοντα.
838 1738 947 1789 Καὶ
1003 1741 1128 1790 οὒτε
1167 1739 1441 1792 νοσοῦσαν
1474 1740 1646 1809 αὐτὴν
1700 1743 1728 1792 6
1765 1742 2014 1811 Τιϐέριος

2122 555 2277 620 visit,
2315 574 2417 612 nec
2451 571 2724 613 mortuam
2773 563 3086 629 honoravit,
3128 569 3231 622 nisi
3282 571 3476 626 funere
3504 584 3561 627 et
3590 584 3704 627 str-

2122 650 2232 703 tuis
2262 651 2617 718 quibusdam.
2650 656 2887 710 Senatus
2910 666 3094 713 autem
3127 662 3450 718 traducendi
3483 666 3699 721 Tiberii

2120 756 2306 803 causa,
2352 743 2562 798 luctum
2618 745 2786 800 totius
2830 752 2961 802 anni
3004 754 3270 807 matronis
3310 757 3507 811 indixit
3552 759 3699 827 quod

2120 840 2176 885 et
2216 833 2424 888 multos
2470 850 2539 889 ex
2571 850 2639 889 eo
2686 837 2885 891 ordine
2933 853 3331 908 conservasset,
3392 856 3448 901 et
3494 848 3703 904 liberos

2119 925 2419 979 multorum
2459 927 2715 990 aluisset,
2760 938 2817 983 et
2856 928 2996 985 ﬁlias
3029 935 3333 990 multorum
3384 938 3696 995 eloeasset:

2118 1031 2332 1071 necnon
2366 1018 2504 1074 alios
2536 1020 2779 1076 honores
2813 1023 2862 1076 ei
2897 1024 3113 1081 habuit.
3155 1026 3264 1083 Sed
3303 1029 3563 1087 Tiberius
3610 1051 3703 1089 nc-

2119 1108 2253 1161 miui
2285 1110 2584 1179 quidquam
2622 1111 2799 1171 dedit.
2831 1117 2979 1183 quod
3016 1117 3104 1172 illa
3144 1119 3372 1190 legarat.
3400 1124 3701 1181 Enimvero

2116 1202 2260 1255 dicta
2294 1218 2513 1272 quoque
2551 1203 2721 1259 Liviae
2755 1208 3018 1263 nonnulla
3057 1211 3346 1268 referenda
3375 1227 3523 1272 sunt.
3560 1218 3700 1273 Cum

2116 1288 2414 1357 aliquando
2470 1291 2572 1344 viri
2618 1293 2871 1361 aliquot,
2926 1308 3219 1367 propterea
3265 1305 3412 1372 quod
3462 1309 3594 1362 nudi
3646 1309 3700 1363 ei

2116 1380 2511 1440 occurrissent.
2564 1384 2855 1440 occidendi
2910 1402 3116 1456 essent,
3168 1397 3409 1451 servavit
3469 1414 3584 1463 eos,
3643 1411 3700 1455 et

2115 1469 2287 1525 dixit:
2330 1471 2479 1526 Tales
2508 1475 2639 1528 nihil
2678 1477 2888 1549 differre
2926 1498 2958 1534 a
3003 1485 3218 1549 statuis,
3270 1489 3317 1541 ei
3353 1505 3472 1559 qua
3502 1494 3698 1561 pudica

2115 1563 2205 1615 sit.
2236 1562 2275 1615 A
2304 1568 2543 1631 quodam
2589 1567 2947 1640 interrogata,
2985 1588 3091 1642 qua
3140 1578 3355 1633 ratione
3388 1582 3695 1653 Augustum

2116 1653 2397 1707 vicisset?
2470 1659 2758 1720 respondit
2797 1699 2812 1722 ,
2888 1661 3146 1735 Custjtate
3225 1680 3470 1723 accurate
3540 1681 3695 1727 tuen-

2117 1746 2226 1807 da,
2289 1755 2336 1799 et
2381 1750 2637 1819 quidquid
2704 1752 2792 1806 ille
2848 1755 3011 1809 voluit
3052 1796 3067 1820 ,
3120 1758 3374 1833 alacriter
3419 1765 3693 1833 faciendo.

435 1825 803 1894 ἐπεσκέψατο,
830 1825 940 1879 οὔτ’
968 1829 1345 1909 ἀποθανρῦπαν
1369 1830 1621 1901 ἐτίμησε,
1647 1831 1789 1900 πλὴν
1829 1833 1997 1901 μόνης

2117 1846 2165 1890 et
2228 1840 2401 1893 itu/fus
2443 1857 2523 1893 res
2585 1843 2698 1912 ejus
2765 1848 2968 1900 curiose
3028 1852 3375 1919 vestigando;
3439 1863 3489 1907 et
3550 1854 3697 1912 lusus

431 1919 672 1986 ἐκφορᾶς
699 1922 792 1971 καὶ
821 1919 1047 1972 εἰκόνων
1074 1921 1235 1973 τινῶν
1294 1922 1455 1974 Ἀλλὰ
1484 1922 1618 1992 πρὸς
1638 1923 1894 1989 διαϐολὴν
1915 1925 2010 1978 τοῦ

431 2007 683 2076 Τιϐερίου
738 2007 928 2071 πένθος
983 2013 1102 2072 ταῖς
1151 2011 1395 2079 γυναιξὶν
1440 2014 1473 2082 ἡ
1516 2012 1678 2083 βουλὴ
1721 2015 1851 2086 παρ’
1891 2016 2012 2069 ὅλον

430 2099 680 2152 ἐνιαυτὸν
732 2100 821 2153 ἐπ’
863 2102 1000 2171 αὑτῇ
1044 2099 1370 2172 ἐψηφίσατο,
1419 2105 1514 2158 καὶ
1561 2105 1644 2157 ὅτι
1683 2105 1740 2158 δὲ
1783 2106 2013 2170 πολλοὺς

429 2193 608 2245 αὐτῶν
641 2192 906 2247 ὲσεσώκει
963 2196 1056 2248 καὶ
1085 2196 1284 2260 παῖδας
1324 2196 1538 2249 πολλῶν
1588 2197 1865 2269 ἐτετρόςρει
1914 2198 2003 2251 κό-

432 2300 530 2353 ρας
557 2301 614 2336 τε
648 2285 891 2337 πλείοσιν
920 2284 1256 2354 ἐξεδεδὼκει,
1298 2288 1395 2342 καὶ
1422 2287 1587 2350 ἄλλας
1621 2288 1788 2357 τιμὰς
1826 2289 2010 2357 ἐκείνῃ

428 2378 756 2448 ἀπένειμαν.
790 2379 956 2432 Οὐδὲν
997 2380 1054 2433 δὲ
1091 2380 1201 2433 τῶν
1243 2398 1352 2435 τισι
1406 2381 1879 2451 καταλειφθέντων
1919 2383 2013 2435 ὑπ’

429 2469 641 2538 ἐκείνης
676 2470 911 2524 δέδωκεν
966 2473 994 2524 ὁ
1048 2472 1089 2525 Τ
1097 2473 1324 2545 ιϐέριος.
1372 2474 1913 2543 Ἀπομνημονευτέον
1955 2473 2011 2526 δὲ

430 2563 523 2613 καὶ
550 2564 658 2614 τῶν
683 2562 814 2632 παρ’
849 2565 1070 2633 ἐκείνης
1101 2565 1413 2635 εἰρημένων
1443 2565 1620 2618 ἐνίων.
1658 2565 1892 2631 Λέγεται
1921 2564 2006 2619 ὅτι

408 2666 671 2737 ,γυμνούς
706 2673 836 2708 ποτε
870 2657 1068 2728 ἄνδρας
1101 2658 1238 2727 αὐτῇ
1269 2657 1712 2725 ἀπαντήσαντας,
1744 2656 1839 2708 καὶ
1876 2654 2007 2724 μέλ-

2120 1929 2234 1996 ejus
2277 1946 2539 1991 venereae,
2595 1935 2811 2000 perinde
2845 1953 2907 1990 ac
2944 1939 2989 1991 si
3030 1955 3166 1994 circa
3202 1952 3251 1994 et
3301 1944 3470 1997 surda
3502 1962 3691 2011 essem,

2119 2018 2528 2075 dissimulando.
2588 2021 2855 2094 Sejanum
2901 2027 3156 2083 Tiberius
3201 2032 3267 2085 ad
3315 2049 3564 2103 magnam
3593 2052 3696 2090 att-

2121 2111 2435 2165 ctoritatem
2462 2126 2736 2179 evectum,
2778 2116 3163 2189 desponsaque
3188 2121 3331 2177 Julia
3365 2125 3525 2180 Drusi
3560 2125 3691 2190 (ilia,

2115 2203 2331 2258 curavit
2378 2219 2409 2258 a
2436 2216 2630 2260 senatu
2668 2210 2865 2277 capitis
2905 2212 3414 2282 condemnandum,
3463 2220 3696 2290 ejusque

2117 2293 2373 2348 cadaveri
2410 2311 2509 2365 per
2539 2298 2783 2353 triduum
2821 2303 3090 2373 projeeto,
3142 2307 3337 2377 vulgus
3389 2309 3692 2367 insultavit.

2116 2384 2323 2440 Deinde
2358 2386 2415 2439 id
2457 2388 2510 2440 in
2559 2388 2841 2444 Tiberium
2883 2396 3140 2470 projecit.
3185 2397 3327 2452 Sunt
3368 2401 3490 2471 ejus
3534 2403 3693 2458 liberi

2114 2480 2599 2532 Senatusconsuito
2641 2480 2938 2539 interfecti.
3000 2486 3149 2541 Uxor
3188 2489 3309 2554 ejus
3346 2490 3462 2560 ipsa
3500 2508 3695 2552 manus

2117 2566 2224 2621 sibi
2272 2567 2482 2622 attulit.
2524 2569 2701 2623 Etiam
2733 2573 2826 2627 alii
2861 2575 2980 2644 ejus
3014 2592 3176 2631 causa
3202 2581 3510 2649 perierunt,
3563 2602 3693 2656 par-

2126 2655 2222 2710 tim
2257 2670 2287 2709 a
2315 2671 2458 2720 sese,
2491 2660 2691 2726 partim
2721 2662 2788 2714 ab
2820 2663 2946 2717 aliis
2968 2666 3162 2721 occisi.

430 2754 620 2811 λτιντας
643 2750 732 2803 διὰ
757 2750 918 2804 τοῦτο
945 2751 1346 2820 θανατωθῆναι,
1369 2750 1594 2817 ἔσωσεν,
1625 2751 1874 2813 εἰποῦσα,
1935 2752 2016 2804 ὅτι
2083 2750 2276 2807 Οὐδὲν
2311 2751 2683 2819 ἀνδριάντων
2720 2756 2847 2822 ταῖς
2897 2762 3356 2831 σωφρονούσαις
3402 2768 3457 2821 οι
3496 2769 3695 2822 τοιοῦ-

426 2856 515 2893 τοι
563 2839 973 2909 διαφέρουσιν.
1031 2841 1322 2910 Ἐρομένου
1368 2841 1427 2893 δέ
1477 2857 1622 2904 τινος
1650 2839 1840 2911 αὐτὴν,
1873 2841 1995 2904 ηὼς
2036 2846 2132 2894 καὶ
2196 2841 2249 2893 τί
2276 2840 2458 2909 δρῶσα
2522 2840 2613 2893 τοῦ
2679 2845 2993 2911 Αὐγούστου
3060 2853 3516 2923 κατεκράτησας;
3553 2858 3692 2910 ἀπε-

429 2937 678 3001 κρίνατο,
713 2935 796 2987 ὅτι
842 2934 1005 3002 Αὐτὴ
1046 2952 1112 2987 τε
1149 2932 1406 3001 ἀκριϐῶς
1445 2936 1868 3002 σωφρονοῦσα.
1907 2934 2006 2988 καὶ
2043 2935 2243 2988 πάντα
2298 2937 2372 2988 τὰ
2430 2934 2731 2991 δοκοῦντα
2755 2938 2914 3005 αὐτῷ
2944 2939 3130 3008 ἡδέως
3152 2944 3432 3011 ποιοῦσα,
3461 2950 3558 3003 καί
3579 2963 3693 3016 [nr

427 3025 536 3078 δὲν
602 3026 720 3079 τῶν
768 3028 1007 3081 ἐκείνου
1072 3027 1707 3095 πολυπραγμονοῦσα.
1774 3024 1874 3080 καὶ
1931 3026 2007 3078 τὰ
2044 3025 2369 3094 ἀφροδίσια
2414 3028 2602 3083 αὑτοῦ
2683 3029 2989 3097 ἀθύρματα
3042 3034 3182 3101 μήτ’
3220 3036 3469 3091 ἀκούειν
3549 3042 3691 3112 μήτ’

426 3122 822 3177 αἰσθάνεσθαι
845 3122 1364 3192 προσποιουμένη.
1397 3123 1505 3175 Τὸν
1532 3123 1588 3176 δὲ
1651 3123 1874 3176 Σεϊανὸν
1939 3124 1967 3176 6
2029 3122 2281 3192 Τιϐέριος
2362 3123 2452 3175 ἐπὶ
2505 3124 2648 3193 μέγα
2705 3125 2863 3197 δόξης
2913 3129 3146 3199 ἐπάρας,
3178 3132 3272 3183 καὶ
3302 3132 3573 3204 κηδεστὴν
3598 3138 3690 3194 ἐπὶ

439 3215 636 3287 ,Ιουλία
663 3219 728 3288 τῇ
756 3216 856 3269 τοῦ
884 3215 1127 3285 Δρούσου
1158 3214 1390 3285 θυγατρὶ
1424 3214 1818 3285 ποιησάμενος,
1875 3212 2114 3303 Ιῦστερον
2184 3216 2416 3278 ἔκτεινε,
2483 3218 2581 3285 τῆς
2612 3221 2920 3299 γερουσίας.
2951 3220 3184 3277 θάνατον
3213 3225 3380 3279 αὐτοῦ
3446 3230 3693 3298 καταψη-

428 3314 742 3383 φισαμένης
768 3313 974 3381 σπουδῇ
1013 3310 1204 3374 αὐτοῦ,
1244 3313 1335 3363 καὶ
1395 3310 1473 3380 τῷ
1505 3311 1720 3380 σώματι
1785 3310 1952 3364 αὐτοῦ
1989 3311 2083 3363 ἐπὶ
2120 3313 2301 3380 τρισὶν
2356 3311 2595 3382 ἡμέραις
2645 3314 2965 3386 ἐρριμμένῳ
3017 3319 3081 3370 τὸ
3130 3319 3334 3391 πλῆθος
3382 3323 3690 3392 ἐνύϐρισεν,

428 3405 549 3463 εἶτα
577 3412 658 3473 είς
690 3409 779 3462 τὸν
819 3408 1064 3477 ποταμδν
1110 3406 1360 3460 ἐνέϐαλε.
1399 3408 1480 3460 Τά
1547 3424 1610 3459 τε
1650 3406 1838 3461 παιδία
1914 3407 2082 3461 αὐτοῦ
2122 3407 2267 3461 κατὰ
2327 3407 2506 3477 δόγμα
2561 3409 2833 3477 ἀπέθανε,
2886 3413 2983 3466 καὶ
3044 3416 3077 3484 ἡ
3141 3417 3279 3485 γυνὴ
3332 3420 3501 3473 αὐτοῦ
3562 3422 3692 3475 ἑαυο

426 3503 524 3572 τὴν
556 3502 902 3572 διεχρήσατο.
928 3500 1037 3553 Καὶ
1070 3498 1219 3552 ἄλλοι
1253 3500 1321 3554 δι’
1361 3501 1571 3553 ἐκεῖνον
1601 3500 1905 3568 ἀπώλοντο,
1944 3502 1993 3555 οἱ
2029 3500 2128 3571 μὲν
2166 3500 2394 3564 ἑαυτοὺς
2417 3501 2723 3572 ἀνελόντες,
2757 3505 2806 3558 οί
2838 3505 2895 3559 δὲ
2928 3506 3017 3577 ὑφ’
3044 3508 3248 3579 ἑτέρων
3286 3511 3689 3583 ἀναιρεθέντες.

498 3618 575 3670 Γ’.
627 3615 881 3685 Τιϐέριος
939 3613 996 3666 δὲ
1059 3617 1197 3683 πρὸς
1245 3614 1359 3675 τοῖς
1393 3613 1578 3675 ἄλλοις
1620 3619 1711 3667 καὶ
1752 3613 1841 3667 διὰ
1879 3615 2004 3676 τοὺς
2035 3623 2076 3680 c

427 3709 655 3776 ἔρωτας.
709 3702 790 3766 οἷς
835 3704 1080 3771 ἀσελγῶς
1119 3721 1176 3756 τε
1222 3706 1316 3758 καὶ
1366 3706 1596 3767 ἀναιδῶς
1652 3707 1851 3777 ἐχρῆτο
1896 3709 2007 3759 τῶν

428 3798 839 3865 εὐγενεστάτων
874 3797 967 3850 καὶ
1004 3797 1252 3868 ἀρρένων
1282 3798 1376 3850 καί
1402 3798 1633 3867 θηλειῶν
1660 3798 2003 3852 διεϐάλλετοο

430 3896 523 3947 καὶ
557 3894 644 3946 διὰ
683 3893 774 3945 τὸν
804 3895 903 3963 τῆς
943 3891 1313 3962 ’Λγριππίνης
1342 3892 1435 3944 τοῦ
1467 3910 1526 3945 τε
1558 3891 1799 3962 Δρούσου
1840 3893 2009 3946 θάνα-

426 4003 519 4039 τον
557 3989 613 4048 ἐς
652 3985 917 4053 ὠμότητα
960 3984 1299 4053 ἐλοιδορεῖτο.
1335 3984 1631 4046 Δοκοῦντες
1674 3985 1782 4051 γὰρ
1819 3985 1869 4036 οί
1907 3986 2003 4038 ἄν·

427 4078 633 4149 θρωποι
662 4079 766 4130 ὑπὸ
799 4078 891 4130 τοῦ
920 4076 1145 4131 Σεῖανοῧ
1173 4076 1352 4129 πάντα
1382 4076 1448 4128 τὰ
1481 4077 1602 4129 κατ’
1633 4076 1857 4129 ἐκείνων
1880 4077 2008 4147 πρό-

425 4186 583 4238 τερον
604 4167 874 4236 γίνεσθαι,
899 4168 972 4228 ὡς
1007 4169 1293 4229 κάκείνους
1319 4168 1612 4236 κτανθῆναι
1636 4166 1840 4235 ἔμαθον
1865 4169 2000 4235 μετὰ

424 4259 522 4326 τὴν
548 4259 761 4310 ἐκείνου
798 4256 1031 4328 φθορὰν,
1075 4256 1487 4327 ὑπερήλγησαν.
1519 4256 1624 4308 Τὸν
1650 4256 1708 4309 δὲ
1746 4257 1809 4327 δὴ
1845 4258 2003 4311 Γάϊον

424 4351 515 4402 τὸν
544 4348 811 4418 νεώτερον
859 4350 967 4402 τῶν
1014 4347 1112 4401 τοῦ
1154 4347 1498 4419 Γερμανικοῦ
1542 4348 1751 4404 παίδων
1796 4349 2004 4417 ταμίαν

426 4441 704 4506 ἀπέδειξε·
730 4445 824 4494 τὸν
844 4441 953 4510 γὰρ
995 4440 1219 4509 ἔγγονον
1253 4439 1343 4492 τὸν
1377 4439 1647 4509 Τιϐέριον,
1673 4441 1755 4494 ὅτι
1781 4457 1840 4492 τε
1872 4456 2001 4494 παι-

425 4536 535 4588 δῖον
585 4531 675 4605 ἢν,
708 4534 806 4586 καὶ
854 4535 936 4587 ὅτι
991 4534 1066 4603 μὴ
1120 4531 1260 4585 εἶναι
1309 4531 1403 4585 τοῦ
1441 4531 1699 4601 ,Δρούσου
1733 4534 1864 4594 παῖς
1902 4531 2005 4583 ὑπ-

424 4625 724 4690 ωπτεύετο,
767 4624 1052 4695 παρεώρα.
1089 4623 1179 4693 Τῷ
1210 4624 1355 4693 Γαΐῳ
1388 4622 1442 4674 δὲ
1471 4622 1544 4685 ὡς
1579 4625 1672 4675 καὶ
1722 4621 2003 4692 μοναρχή-

424 4735 572 4770 σοντι
610 4719 923 4787 προσεῖχεν.
972 4716 1188 4784 Ἠγνόει
1227 4718 1335 4783 γὰρ
1390 4713 1543 4767 οὐδὲν
1591 4713 1700 4764 τῶν
1739 4715 1881 4766 κατὰ
1909 4713 2002 4765 τὸν

424 4809 604 4873 Γάϊον,
630 4808 767 4861 ἀλλὰ
806 4808 902 4860 καὶ
945 4806 1051 4876 ἔφη
1087 4806 1218 4859 ποτὲ
1258 4804 1408 4873 αὐτῷ
1451 4803 1834 4874 διαφερομένῳ
1865 4803 2001 4874 πρὸς

421 4901 512 4952 τὸν
543 4901 795 4970 Τιϐέριον
842 4902 923 4975 ξτι
973 4900 1058 4953 Σύ
1122 4915 1187 4951 τε
1233 4897 1449 4951 τοῦτον
1475 4894 1847 4961 ἀποκτενεῖς,
1902 4894 1999 4950 καὶ

2182 3614 2276 3668 Ill.
2304 3614 2527 3669 Tiberio
2562 3627 2761 3685 praeter
2785 3618 2891 3672 alia
2923 3617 3148 3690 ﬂagitia,
3180 3623 3346 3677 etiam
3371 3634 3559 3694 stupra
3591 3641 3693 3681 no-

2113 3703 2400 3761 bilissimis
2434 3710 2721 3779 utriusque
2748 3726 2912 3765 sexus
2955 3716 3393 3783 intemperanter
3416 3727 3474 3771 et
3510 3718 3691 3789 impu-

2111 3795 2308 3852 denter
2340 3799 2513 3863 illata,
2550 3804 2757 3871 probro
2786 3806 2913 3860 data
2945 3817 3075 3862 sunt
3110 3825 3125 3863 :
3167 3820 3224 3865 et
3250 3822 3476 3881 propter
3495 3811 3691 3884 Agrip-

2109 3889 2253 3958 pinm
2283 3901 2340 3945 et
2361 3892 2522 3948 Drusi
2550 3911 2743 3950 necem
2778 3898 3123 3956 crudelitatis
3155 3904 3381 3958 nomine
3423 3909 3565 3964 male
3590 3925 3689 3964 au~

2109 3980 2274 4034 divit.
2305 3982 2443 4037 Nam
2476 4000 2601 4039 cum
2648 3987 2803 4055 prius
2833 3999 3094 4058 putarent
3140 3993 3395 4050 homines
3423 4013 3452 4051 a
3484 3998 3688 4068 Sejano

2108 4077 2301 4124 contra
2327 4071 2449 4128 illos
2477 4074 2663 4128 omnia
2696 4075 2838 4143 fieri,
2868 4094 2992 4133 cum
3022 4095 3120 4136 eos
3153 4082 3320 4138 etiam
3344 4098 3468 4155 post
3496 4088 3685 4160 Seiani

2114 4158 2402 4216 interitum
2451 4165 2665 4220 occisos
2712 4182 2837 4222 esse
2877 4174 3287 4241 cognovissent,
3324 4158 3686 4237 vehementer

2106 4248 2428 4305 doluerunt.
2460 4250 2656 4309 Caium
2699 4270 2769 4309 ex
2810 4255 3124 4315 Germanici
3167 4261 3324 4333 551
3384 4266 3512 4322 ﬁliis
3546 4282 3682 4325 natu

2105 4340 2418 4407 minimum,
2461 4353 2801 4413 quaestorem
2832 4348 3158 4420 designavit.
3208 4356 3343 4410 Nam
3398 4357 3680 4416 Tiberium

2105 4439 2365 4501 nepotem
2401 4442 2513 4489 tum
2563 4436 2635 4491 ob
2694 4441 3013 4508 pueritiam,
3071 4452 3187 4499 tum
3234 4448 3365 4516 quia
3438 4452 3683 4521 suspicio

2105 4534 2224 4580 erat
2270 4542 2302 4581 e
2353 4526 2531 4583 Druso
2594 4545 2706 4585 non
2753 4548 2875 4588 esse
2923 4542 3112 4590 natum
3145 4576 3160 4599 ,
3219 4539 3494 4608 despexit.
3540 4545 3680 4616 Erga

2104 4617 2295 4673 Caium
2322 4635 2453 4676 vero
2483 4622 2556 4678 ita
2581 4638 2641 4679 se
2663 4626 3017 4697 gessit.quasi
3050 4630 3097 4685 is
3127 4630 3495 4702 imperaturus
3511 4650 3681 4696 esset.

2106 4710 2251 4767 Nihil
2280 4716 2429 4769 enim
2456 4730 2640 4769 rerum
2677 4717 2800 4788 ejus
2829 4721 3110 4789 ignorans,
3139 4727 3307 4780 semel
3345 4727 3398 4781 ei
3431 4745 3555 4784 cum
3589 4732 3680 4786 Tia

2106 4800 2266 4857 berio
2304 4815 2506 4872 nepote
2542 4806 2782 4871 rixanti,
2833 4810 3017 4865 dixit:
3074 4812 3142 4867 Et
3173 4823 3230 4869 tu
3257 4818 3414 4871 istum
3457 4823 3680 4885 occides,

2108 4901 2158 4946 et
2181 4894 2279 4949 alii
2332 4904 2402 4949 te.
2437 4896 2505 4951 Et
2528 4901 2781 4968 quamvis
2812 4904 2982 4957 sciret
3027 4920 3155 4959 eum
3200 4905 3317 4964 fore
3357 4913 3680 4979 pessimum,

422 4992 611 5061 ἕτεροι
638 4993 730 5047 σέ.
767 4991 906 5045 Οὔτε
950 4992 1008 5044 δὲ
1055 4990 1242 5060 ἕτερόν
1271 5007 1391 5042 τινα
1421 4989 1623 5058 ὁμοίως
1654 4990 2000 5058 προσήκοντα

2543 4955 2562 4968 _
2854 4955 2864 4956 ,
2936 4955 2977 4957 η
3200 4955 3315 4964 --.ν
3375 4955 3680 4977 ,υ-.,.........,

2112 4990 2290 5037 tamen
2328 4984 2624 5055 imperium
2652 4988 2894 5044 libenter
2926 4992 2978 5045 ei
3008 4992 3163 5047 dedit
3190 5035 3205 5060 ,
3241 4955 3371 5051 tum.
3393 5000 3538 5068 quod
3580 5017 3680 5055 ne-

424 5087 605 5155 ὲαιιτῷ
639 5086 800 5157 ἔχων,
849 5087 943 5139 καὶ
974 5088 1181 5138 ἐκεῖνον
1214 5085 1371 5146 εἰδὼς
1412 5083 1673 5153 ἐσόμενον
1718 5082 1998 5145 κάκιστον,

425 5181 676 5248 ἁσμένως
706 5178 803 5248 τὴν
836 5179 1034 5248 ἀρχὴν,
1077 5176 1151 5239 ὥς
1180 5192 1335 5244 φασι,
1367 5174 1599 5226 δέδωκεν
1643 5173 1816 5242 αὐτῷ,
1851 5173 1999 5235 ὅπως

424 5274 488 5341 τῇ
532 5269 625 5322 τοῦ
662 5270 823 5322 Γαΐου
858 5271 953 5340 τῆς
993 5268 1192 5330 κακίας
1226 5264 1502 5336 ὑπερϐολῇ
1538 5264 1608 5317 τὰ
1631 5261 1831 5315 ἑαυτοῦ
1863 5280 2000 5333 κρυ-

423 5363 607 5433 φθείη,
641 5363 734 5415 καὶ
758 5362 818 5415 τὸ
854 5362 1104 5414 πλεῖστον
1128 5361 1222 5413 καὶ
1253 5359 1640 5427 εὐγενέστατον
1671 5357 1773 5425 τῆς
1805 5355 2000 5425 βουλῆς

424 5456 605 5526 φθαρῇ
640 5454 1004 5525 παρελθόντος
1030 5450 1219 5506 αὐτοῦ.
1260 5452 1494 5519 Λέγεται
1525 5449 1581 5502 δὲ
1618 5450 1711 5501 καὶ
1736 5447 1995 5512 πολλάκις

421 5548 865 5615 ἀναφθέγξασθαι
889 5545 1046 5599 τοῦτο
1074 5544 1138 5616 δὴ
1172 5544 1232 5596 τὸ
1262 5545 1489 5615 ἀρχαῖον
1512 5558 1529 5574 ⁸

647 5661 825 5731 Ἐμοῦ
851 5663 1143 5725 θανόντος
1168 5658 1304 5727 γαῖα
1325 5657 1592 5727 μιχθήτω
1621 5654 1792 5723 πυρὶ,

423 5783 520 5838 καὶ
569 5782 659 5835 τὸν
710 5779 958 5852 Πρίαμον
1012 5777 1339 5851 μακαρίζειν
1370 5776 1453 5831 ὅτι
1498 5775 1668 5849 ἄρδην
1702 5776 1842 5844 μετὰ
1890 5774 1989 5844 τῆς

2106 5073 2312 5129 minem
2371 5091 2528 5145 atque
2575 5080 2947 5149 prOpinquum
2995 5083 3254 5151 habebat,
3298 5096 3410 5142 tum
3460 5097 3519 5142 ut
3561 5091 3682 5161 ejus

2102 5164 2304 5235 insigni
2358 5166 2713 5238 improbitate
2768 5186 2866 5224 sua
2943 5173 3077 5227 vitia
3128 5176 3565 5239 oceultarentur,
3621 5189 3680 5232 et

2103 5260 2339 5312 maxima
2367 5269 2425 5314 et
2452 5262 2798 5317 nobilissima
2838 5271 3068 5317 senatus
3106 5280 3234 5334 pars
3260 5267 3533 5323 interiret.
3576 5269 3680 5326 Ve-

2109 5357 2287 5405 terum
2318 5351 2472 5407 illum
2495 5354 2850 5414 versiculum,

2334 5649 2424 5703 ille
2470 5660 2678 5705 mortuo
2717 5654 3005 5722 conﬂagret
3033 5661 3173 5709 terra
3194 5657 3462 5722 incendio,

2100 5772 2156 5826 in
2176 5786 2271 5827 ore
2290 5770 2571 5837 habuisse,
2596 5780 2650 5825 et
2682 5771 2884 5826 Priami
2916 5770 3168 5831 fortunas
3196 5774 3447 5832 laudasse
3474 5774 3673 5845 fertur,
