4048 6420
464 364 569 431 931

1730 348 2059 412 JOANNIS
2096 348 2417 411 ZONAR/E

3623 344 3721 408 93.9.

464 469 609 539 quod
627 465 874 521 funditus
891 479 1017 521 cum
1034 464 1212 535 patria
1231 472 1287 517 et
1304 474 1471 532 regno
1495 457 1797 513 interisset.
1813 454 2048 511 Senato-

2163 456 2408 527 πατρίδος
2456 456 2552 510 καὶ
2595 456 2694 526 τῆς
2728 453 3010 525 βασιλείας
3054 451 3323 506 ἀπώλετο.
3369 450 3639 507 Τοσοῦτον
3668 449 3721 507 δι

468 576 589 615 rum
603 568 755 614 certe
782 557 1007 628 quidem
1028 566 1085 610 et
1108 555 1342 609 aliorum
1365 561 1519 607 tanta
1550 548 1849 604 multitudo
1872 547 2044 601 inter-

467 654 607 708 tecta
627 661 735 717 est,
761 661 823 705 ut
841 664 949 703 non
970 657 1159 703 essent
1186 644 1283 716 qui
1302 643 1706 715 provinciarum
1721 637 2048 711 pnesidibus

468 758 823 800 successores
866 741 989 795 dari
1036 747 1283 815 passent.
1324 738 1403 791 Ae
1435 735 1529 790 alii
1574 734 1712 788 alias
1753 732 1825 787 ob
1855 743 2050 784 causas

473 848 579 892 tam
606 837 771 892 falsas
796 851 961 905 quam
989 849 1149 889 veras
1179 830 1601 887 occidebantur.
1632 825 1891 881 Aimilius
1919 836 2051 877 vero

472 930 714 985 Scaurus
760 928 832 982 ob
862 926 1088 981 Atreum
1128 923 1471 994 tragwdiam,
1529 920 1585 973 in
1635 933 1744 988 qua
1792 914 2052 969 monebat

473 1021 769 1092 quemdam
799 1027 857 1072 ut
884 1018 1151 1087 principis
1179 1014 1548 1068 temeritatem
1597 1010 1789 1071 ferret,
1823 1002 2052 1061 interfe-

473 1119 598 1166 ctus
637 1119 740 1164 est.
770 1108 906 1162 Nam
942 1106 1196 1160 Tiberius
1221 1105 1311 1157 iila
1354 1110 1542 1157 contra
1582 1115 1640 1155 se
1673 1097 1906 1154 conﬁcta
1931 1096 2050 1151 exi-

476 1203 730 1264 stimans,
750 1198 919 1253 dixit:
944 1200 1056 1267 Ego
1083 1212 1202 1250 vero
1234 1194 1389 1249 illum
1408 1193 1623 1262 Ajacem
1647 1190 1865 1259 faciam.
1898 1199 2053 1240 eum-

476 1308 583 1362 que
637 1291 741 1345 sibi
778 1304 975 1343 manus
1017 1288 1215 1342 atl'erre
1261 1285 1459 1354 coegit.
1503 1284 1650 1338 Inter
1708 1280 1826 1334 haec
1861 1277 2054 1332 adole-

475 1396 638 1437 scens
667 1379 886 1449 quidam
907 1379 959 1432 in
976 1376 1181 1430 Graecia
1211 1384 1268 1429 et
1295 1374 1443 1428 lo'uia
1477 1387 1536 1426 se
1566 1373 1802 1425 Drusum
1826 1382 1949 1423 esse
1972 1381 2055 1437 ja-

478 1479 661 1529 etans,
692 1467 893 1538 cupide
936 1481 966 1519 a
1006 1463 1322 1520 civitatibus
1369 1474 1454 1517 est
1498 1468 1792 1529 susceptus
1829 1474 1843 1510 :
1887 1471 1953 1511 ac
1998 1456 2053 1511 in

480 1560 693 1631 Syriam
723 1538 899 1627 usque
940 1570 1288 1626 progressus,
1320 1555 1567 1624 legiones
1610 1555 1776 1607 etiam
1809 1551 2054 1619 accepis-

478 1663 584 1717 set,
610 1651 717 1705 nisi
743 1652 961 1720 agnitus
994 1665 1025 1703 a
1054 1648 1293 1718 quodam
1332 1656 1389 1702 et
1419 1655 1636 1716 captus.
1668 1646 1737 1699 ad
1765 1643 2052 1699 Tiberium

474 1742 592 1798 Caii
625 1742 848 1811 nuptias
863 1741 1013 1795 Antii
1035 1741 1406 1794 celebrantem
1453 1739 1753 1808 perductus
1783 1744 1948 1791 esset.
1979 1734 2056 1789 Eo

478 1849 623 1886 anno
654 1832 873 1886 Tiberis
899 1831 1068 1884 multa
1102 1830 1259 1883 urbis
1292 1831 1409 1882 loca
1435 1804 1844 1892 sicinundavit,
1872 1834 1932 1878 ut
1958 1838 2054 1879 na-
2084 1804 2128 1861 Β

482 1923 814 1991 vigarentur,
852 1930 909 1975 et
943 1920 1052 1989 igni
1086 1920 1323 1988 plurima
1348 1916 1577 1971 :ediﬁcia
1602 1923 1731 1970 sunt
1749 1920 2051 1982 assumpta.

477 2012 636 2079 Quod
691 2011 736 2065 si
767 2010 899 2080 quid
945 2009 1268 2080 Egyptiaca
1317 2007 1385 2061 ad
1428 2008 1704 2061 Romanos
1753 2004 2054 2074 pertinent,

482 2103 708 2175 phoenix
738 2118 806 2156 eo
839 2115 985 2154 anno
1017 2110 1348 2169 conspectus
1390 2107 1477 2153 est
1506 2115 1519 2153 :
1567 2112 1690 2166 qua:
1726 2111 1815 2150 res
1847 2093 2054 2149 Tiberii

489 2205 721 2249 mortem
780 2191 1115 2263 portendere
1162 2190 1513 2246 videbantur.
1556 2189 1661 2256 Qui
1704 2203 1829 2243 cum
1882 2186 2056 2241 multo

484 2298 612 2341 ante
650 2294 982 2356 aegrotaret,
1016 2299 1196 2354 neque
1229 2284 1408 2338 victus
1452 2282 1720 2336 rationem
1773 2278 2057 2344 mutabat,

480 2394 663 2449 neque
683 2378 913 2431 medicis
952 2378 1209 2431 utebatur
1253 2384 1483 2446 propter
1516 2371 1807 2442 Thrasyllii
1838 2369 2006 2425 verba
2040 2386 2054 2422 :

482 2471 572 2540 qui
619 2486 744 2524 cum
793 2479 851 2523 et
896 2468 1041 2522 diem
1071 2477 1127 2523 et
1158 2469 1345 2521 horam
1383 2466 1576 2521 mortis
1631 2465 1752 2534 ejus
1785 2461 2059 2532 exquisite

483 2570 689 2625 nosset,
736 2562 783 2613 ci
817 2560 1033 2614 dixerat
1067 2560 1396 2613 decennium
1443 2556 1625 2611 adhuc
1654 2556 1955 2618 victurum,
1999 2560 2060 2607 ut

483 2670 578 2723 spe
602 2651 969 2707 diuturnioris
1003 2651 1128 2705 vitae
1166 2649 1350 2704 minus
1389 2649 1592 2702 multos
1624 2645 1926 2701 occideret.
1963 2640 2057 2699 Uti

482 2758 665 2803 autem
712 2748 773 2801 tit
822 2749 877 2801 in
908 2746 1064 2801 senio
1106 2754 1163 2800 et
1204 2744 1411 2799 morbo
1431 2759 1539 2798 non
1572 2751 1760 2809 acuto,
1794 2742 1931 2796 alias
1964 2740 2061 2795 de-

481 2840 802 2904 cumhebat,
836 2839 972 2893 alias
1006 2838 1445 2892 convalescebat.
1486 2834 1642 2892 Unde
1664 2832 1832 2890 Caius
1867 2841 1925 2887 et
1963 2830 2060 2885 alii

484 2947 634 2986 nunc
660 2941 721 2986 ut
753 2946 820 2985 eo
842 2930 1112 2985 morituro
1161 2928 1516 2993 laetabantur,
1553 2939 1700 2979 nunc
1727 2932 1789 2979 ut
1820 2936 2059 2979 evasuro

486 3021 814 3077 maerebant.
850 3022 928 3075 Ac
958 3018 1171 3074 veritus
1192 3018 1379 3079 Caius,
1403 3031 1470 3070 ne
1491 3013 1866 3069 valetudinem
1897 3012 2059 3084 553

494 3120 872 3181 recuperaret,
896 3124 999 3165 nec
1029 3109 1214 3163 cibum
1258 3106 1468 3176 petenti
1503 3106 1690 3167 dabat,
1719 3105 1876 3174 quasi
1904 3104 1949 3159 is
1976 3103 2061 3157 in-

481 3203 935 3260 commodaturus
980 3201 1032 3256 ei
1080 3209 1247 3263 esset,
1276 3209 1330 3254 et
1362 3199 1552 3253 multis
1587 3212 1653 3251 ac
1681 3194 1870 3250 densis
1912 3203 2057 3250 stra-

482 3295 629 3365 gulis
673 3294 913 3363 injectis,
965 3294 1121 3363 quasi
1165 3291 1527 3347 calefactione
1557 3303 1697 3358 opus
1722 3294 1894 3354 esset,
1931 3301 2059 3342 eum

481 3385 797 3449 suﬂ'ocavit,
858 3398 1032 3437 annos
1074 3398 1148 3435 vu
1182 3391 1237 3436 et
1277 3395 1378 3433 Lxx
1418 3387 1631 3441 natum,
1662 3390 1881 3431 menses
1918 3383 2065 3440 tv,et

484 3476 609 3530 dies
668 3492 745 3531 IX.
791 3488 1029 3543 quorum
1086 3488 1123 3525 ιι
1184 3481 1240 3525 ει
1287 3486 1357 3524 xx
1416 3468 1728 3538 imperavit,
1788 3483 1853 3523 ac
1907 3482 2063 3521 men-

485 3584 576 3623 ses
605 3578 661 3620 et
692 3568 814 3621 dies
856 3582 952 3627 vn,
988 3562 1143 3619 Obiit
1184 3579 1282 3617 xm
1333 3563 1450 3618 Kal.
1487 3562 1710 3631 Aprilis.
1753 3561 1913 3616 Auno
1945 3562 2065 3631 ejus

490 3661 709 3730 imperii
738 3675 808 3713 xv
852 3658 1119 3712 Dominus
1146 3665 1334 3711 uoster
1354 3655 1513 3710 Jesus
1545 3654 1798 3709 Christus
1823 3652 2069 3722 baptiza-

493 3763 579 3807 tus
609 3761 730 3816 est;
799 3766 952 3815 xvm,
988 3749 1226 3803 traditus
1272 3758 1327 3802 et
1352 3746 1686 3812 cruciﬁxus,
1733 3745 2065 3801 resurrexit.

490 3845 687 3899 Narrat
732 3842 1027 3901 Eusebius,
1074 3841 1313 3895 Pilatum
1358 3837 1559 3903 Judmaa
1590 3847 1704 3892 tum
1742 3836 2055 3906 praesidem,

492 3935 703 3989 Domini
732 3944 854 3988 acta
895 3934 962 3987 ad
1009 3932 1299 3987 Tiberium
1349 3931 1638 3999 scripsisse
1669 3969 1686 3995 ,
1732 3944 1859 3984 cum
1887 3928 2059 3983 moris

489 4036 674 4091 esst-t,
714 4035 774 4079 ut
808 4025 1220 4093 provinciarum
1254 4020 1518 4090 praefecti,
1553 4019 1599 4074 si
1629 4017 1762 4089 quid
1801 4017 1931 4073 novi
1968 4034 2063 4074 ac—

486 4117 734 4181 cidisset,
801 4116 853 4170 id
904 4113 1142 4184 principi
1185 4113 1580 4183 signiﬁcarent,
1636 4125 1708 4165 ne
1753 4110 1922 4164 ullius
1983 4110 2064 4164 rei

489 4223 612 4279 quae
648 4206 791 4276 apud
831 4216 1063 4274 exteros;
1093 4195 1420 4275 gereretur,
1471 4205 1696 4273 ignarus
1728 4212 1894 4258 esset.
1926 4200 2065 4257 Cum

489 4301 662 4363 enim,
696 4297 894 4367 inquit,
920 4296 1236 4352 Servatoris
1268 4296 1446 4350 nostri
1478 4309 1509 4349 e
1558 4295 1794 4349 mortuis
1818 4306 2068 4349 resurre-

486 4390 603 4445 ctio
650 4404 748 4458 per
774 4396 943 4443 totam
977 4387 1322 4443 Palaestinam
1357 4385 1637 4442 celebrata
1672 4395 1839 4451 esset,
1857 4385 2067 4441 Pilatus

2148 547 2357 618 πλῆθος
2384 548 2497 602 τῶν
2525 564 2586 602 τε
2613 545 2917 618 βουλευτῶν
2944 545 3039 598 καὶ
3066 543 3177 596 τῶν
3203 542 3381 597 ἄλλων
3413 545 3720 616 διέφθαρτο,

2148 638 2292 693 ὥστε
2326 640 2454 703 τοὺς
2487 639 2587 703 τὰς
2631 638 2933 709 ἡγεμονίας
2978 636 3088 690 τῶν
3127 636 3297 689 ἐθνῶν
3333 636 3562 708 ἔχοντας
3592 642 3723 692 ἀπο-

2152 733 2245 803 ρίᾳ
2293 731 2402 784 τῶν
2442 731 2643 793 αὐτοὺς
2670 729 3069 800 διαδεξομένων
3100 727 3424 797 ἀδιαδόχους
3456 724 3616 783 εἶναι.
3663 731 3721 783 Οί

2154 824 2253 893 μὲν
2280 819 2377 878 οῦν
2406 822 2559 878 ἄλλοι
2587 823 2657 876 δι’
2684 821 2854 884 ἄλλας
2883 821 3071 884 αίτίας
3095 820 3190 873 καὶ
3219 819 3440 888 ψευδεῖς
3467 820 3573 897 ,καὶ
3600 819 3725 891 ἁλη-

2151 914 2266 978 θεῖς
2312 913 2684 969 ἑκτιννύοντο.
2717 912 2970 983 Αἰμίλιος
3005 912 3063 964 δὲ
3113 910 3361 983 Σκαῦρος
3390 911 3484 966 διὰ
3513 927 3722 982 τραγῳ-

2151 1006 2269 1060 δίαν
2314 1006 2610 1062 ἀπέθανεν.
2666 1006 2894 1077 ’Δτρεὺς
2940 1004 3042 1074 μὲν
3096 1004 3206 1073 γὰρ
3257 1005 3323 1059 τὸ
3379 1003 3594 1076 ποίημα
3641 1000 3725 1075 ἦν,

2153 1097 2391 1169 παρῄνει
2424 1097 2480 1152 δὲ
2512 1097 2621 1151 τῶν
2654 1095 2980 1167 ἀρχομένων
3004 1096 3130 1163 τινὶ,
3156 1095 3256 1166 τὴν
3281 1099 3380 1151 τοῦ
3405 1095 3725 1170 κρατοῦντος

2154 1191 2413 1244 ἀϐουλίαν
2443 1190 2655 1259 φέρειν.
2688 1185 2895 1243 Μαθὼν
2928 1182 3023 1241 οὖν
3049 1187 3225 1241 ταῦτα
3277 1188 3307 1240 6
3346 1187 3621 1260 Τιϐέριος,
3644 1187 3725 1239 ἔπ’

2155 1282 2317 1337 αὑτὸν
2353 1281 2685 1351 πεποιῆσθαι
2711 1279 2773 1332 τὸ
2801 1279 2934 1343 ἔπος
2954 1279 3201 1349 ινόμισε,
3237 1282 3333 1333 καὶ
3362 1275 3485 1333 εἷπε
3505 1295 3522 1313 ο
3563 1278 3725 1349 Κάγὼ

2154 1368 2269 1429 οὖν
2298 1372 2526 1427 Αἴαντα
2566 1369 2754 1424 αὐτὸν
2784 1368 3042 1434 ποιήσω,
3092 1369 3188 1422 καὶ
3227 1369 3494 1440 αύθεντίᾳ
3540 1368 3723 1422 άπολέ·

2157 1465 2283 1520 σθαι
2317 1463 2480 1517 αὑτὸν
2525 1462 2859 1532 ἠνάγκασεν.
2904 1461 2996 1514 Ἐν
3045 1461 3257 1525 τούτοις
3306 1464 3594 1525 νεανίσκος
3645 1476 3721 1527 τις

2155 1557 2394 1627 Δροῦσος
2424 1553 2572 1609 εἶναι
2603 1555 2798 1620 λέγων,
2827 1555 2958 1627 περί
2984 1572 3043 1607 τε
3075 1553 3175 1624 τὴν
3211 1553 3447 1608 Ἐλλάδα
3494 1554 3586 1608 καὶ
3631 1554 3719 1623 τὴν

2170 1648 2381 1702 Ἰωνίαν
2405 1646 2585 1717 ὤφθη.
2617 1647 2727 1701 Καὶ
2776 1647 3028 1712 ἐδέξαντο
3060 1647 3223 1700 αὑτὸν
3259 1647 3522 1715 ἁσμένως
3560 1647 3614 1699 αί
3637 1646 3720 1699 πό-

2156 1741 2294 1804 λεις,
2326 1739 2419 1793 καὶ
2458 1739 2562 1792 κᾶν
2594 1739 2652 1802 ές
2686 1738 2786 1808 τὴν
2835 1738 3039 1808 Συρίαν
3093 1740 3467 1809 προχωρήσας
3504 1738 3718 1805 κατέσχε

2157 1831 2223 1884 τὰ
2268 1830 2629 1900 στρατόπεδα,
2668 1831 2717 1883 εί
2750 1831 2826 1900 μή
2862 1846 2949 1893 τις
2988 1831 3245 1898 ἐπιγνοὺς
3276 1830 3442 1884 αὐτὸν
3478 1829 3716 1884 συνέλαϐε

2158 1922 2252 1975 καί⁵
2281 1923 2419 1991 προς
2445 1921 2537 1974 τὸν
2569 1920 2823 1993 Τιϐέριον
2854 1922 3065 1991 ἢγαγεν
3090 1938 3105 1954 ο
3135 1923 3164 1975 6
3189 1921 3248 1975 δὲ
3284 1924 3346 1975 ὲν
3383 1922 3578 1992 Ἀντίῳ
3606 1922 3719 1982 τοὺς

2157 2011 2252 2065 τοῦ
2294 2012 2457 2066 Γαΐου
2504 2011 2721 2082 γάμους
2770 2011 3070 2083 ἑώρταζεν.
3119 2011 3178 2067 '0
3229 2011 3460 2080 Τίϐερις
3505 2012 3561 2065 δὲ
3612 2011 3717 2063 τότε

2159 2102 2335 2158 πολλὰ
2387 2104 2489 2175 τῆς
2532 2105 2757 2175 Ῥώμης
2804 2105 3129 2171 ὲπέκλυσεν,
3177 2105 3323 2159 ὥστε
3380 2103 3716 2173 πλευσθῆναι,

2160 2200 2255 2252 καὶ
2286 2198 2422 2270 πυρὶ
2460 2198 2633 2269 μυρία
2681 2198 2918 2268 ἐφθάρη.
2956 2198 3017 2251 Et
3043 2198 3102 2252 δέ
3128 2215 3183 2250 τι
3230 2200 3329 2252 καὶ
3359 2197 3429 2252 τὰ
3467 2195 3719 2265 Αἰγύπτια
3776 2214 3783 2231 κ

2161 2290 2298 2363 πρὸς
2333 2292 2461 2353 τοὺς
2504 2290 2810 2360 Ῥωμαίους
2837 2291 3131 2361 προσήκει,
3157 2292 3187 2343 6
3215 2290 3401 2359 φοῖνιξ
3441 2289 3627 2357 έκείνῳ
3651 2285 3719 2355 τῷ

2162 2383 2273 2437 έτει
2308 2382 2488 2453 ὦφθηο
2518 2384 2613 2436 καὶ
2633 2382 2782 2448 ἔδοξε
2814 2382 2991 2438 ταῦτα
3019 2383 3114 2436 τὸν
3145 2382 3385 2437 θάνατον
3408 2381 3486 2453 τῷ
3505 2379 3720 2450 Τιϐερίῳ

2163 2475 2584 2545 προσημαίνειν.
2619 2474 2721 2538 Ὃς
2767 2474 2992 2544 ἐνόσησε
3030 2474 3127 2543 μὲν
3179 2472 3287 2544 πρὸ
3336 2471 3575 2534 πλείονος
3604 2469 3719 2541 χρόα

2163 2581 2280 2631 νου,
2336 2564 2460 2618 οὔτε
2511 2565 2570 2618 δὲ
2623 2565 2723 2636 τὴν
2772 2564 2987 2618 δίαιταν
3037 2564 3417 2635 παρήλλαξεν,
3451 2561 3573 2617 οὔτε
3619 2562 3719 2621 τοῖς

2165 2658 2372 2728 ίατροίς
2420 2656 2716 2730 ἐκέχρητο,
2764 2656 2853 2711 διὰ
2882 2656 2974 2711 τὸν
3002 2657 3096 2710 τοῦ
3128 2656 3423 2728 Θρασύλου
3466 2656 3638 2722 λόγον,
3667 2652 3716 2714 6;

2163 2749 2306 2801 πάνυ
2361 2747 2460 2820 μὲν
2509 2746 2759 2817 ἀκριϐῶς
2806 2747 2924 2817 ᾔδει
2963 2746 3058 2801 καὶ
3094 2747 3195 2816 τὴν
3245 2746 3466 2818 ἡμέραν
3506 2749 3599 2800 καὶ
3631 2741 3716 2811 τὴν

2163 2840 2314 2913 ὤραν
2382 2838 2506 2894 καθ’
2547 2839 2615 2910 ἢν
2668 2837 3020 2909 τεθνήξεσθαι
3080 2837 3312 2908 ἔμελλεν
3366 2839 3428 2892 6.
3467 2836 3715 2906 Τιϐέριος.

2163 2932 2357 3003 ικείνῳ
2406 2931 2463 2985 δὲ
2492 2930 2626 2985 δέκα
2665 2931 2947 2993 ἐνιαυτοὺς
2977 2929 3058 2983 ἔτι
3086 2929 3387 3000 βιώσεσθαι
3430 2930 3631 2998 ἔλεγεν,
3661 2925 3718 2979 ἶν’

2165 3026 2240 3085 ὡς
2293 3024 2387 3077 ἐπὶ
2431 3023 2771 3094 μακρότερον
2830 3020 3035 3091 ξήσων,
3099 3022 3175 3091 μὴ
3224 3022 3459 3093 ἐπειχθῇ
3514 3018 3720 3079 πολλοὺς

2086 3149 2132 3209 c
2166 3115 2506 3169 ἀποκτείναι.
2537 3110 2640 3168 Οἷα
2663 3113 2709 3166 δ’
2741 3114 2799 3165 ὲν
2826 3114 2975 3184 γήρᾳ
3013 3112 3108 3167 καὶ
3134 3112 3277 3184 νόσῳ
3307 3118 3382 3186 μὴ
3411 3112 3581 3183 ὀξείᾳ,
3610 3106 3718 3161 τοτὲ

2168 3207 2267 3277 μὲν
2305 3207 2688 3273 κατεπονεῖτο,
2723 3203 2845 3259 τοτὲ
2878 3204 2937 3257 δὲ
2985 3200 3397 3275 ἀνερῥώννυτο.
3431 3198 3719 3258 Κὰντεῦθεν

2166 3297 2336 3352 ἐνίοτε
2374 3298 2473 3368 μὲν
2509 3297 2704 3369 ἥδοντο
2748 3295 2803 3348 οῖ
2847 3312 2909 3348 τε
2947 3295 3151 3361 λοιποὶ,
3210 3296 3312 3349 καὶ
3359 3299 3388 3349 6
3445 3296 3614 3355 Γάϊος,
3651 3289 3716 3348 ὡς

2162 3389 2603 3461 τελευτήσοντος.
2650 3386 2853 3441 Ἐνίοτε
2890 3387 2947 3440 δὲ
2978 3386 3054 3451 ὡς
3086 3389 3184 3440 καὶ
3217 3386 3525 3457 ζησομένου
3568 3380 3716 3448 πεφό·

2168 3482 2356 3552 6ηντο.
2389 3481 2585 3545 Δείσας
2617 3480 2711 3535 οῦν
2756 3482 2784 3533 ὁ
2821 3481 2981 3545 Γάϊος
3032 3481 3107 3551 μὴ
3157 3482 3250 3535 καὶ
3290 3478 3568 3548 ἀνασωθῇ,
3609 3474 3716 3527 οὔτε

2168 3577 2363 3643 φαγεῖν
2411 3574 2698 3645 αἰτήσαντι
2744 3572 2966 3638 ἔδωκεν,
3003 3572 3077 3634 ὡς
3119 3572 3261 3642 τάχα
3326 3567 3714 3643 βλαϐησομένῳτ

2166 3664 2264 3715 καὶ
2294 3663 2485 3734 ἱμάτια
2515 3663 2687 3717 πολλὰ
2714 3665 2809 3716 καὶ
2849 3664 3029 3732 παχέα
3066 3663 3138 3727 ὼς
3169 3663 3474 3734 θερμασίας
3503 3657 3720 3725 δεομένῳ

2169 3754 2476 3825 προσέϐαλε
2500 3769 2514 3784 ’
2571 3755 2665 3808 καὶ
2696 3753 2872 3817 οῦτως
2905 3753 3208 3817 ἀπέπνιξεν
3261 3755 3448 3813 αὑτὸν.
3498 3752 3717 3821 ζήσαντα

2168 3848 2264 3916 ἔτη
2295 3846 2437 3900 ἑπτὰ
2463 3845 2601 3916 πρὸς
2635 3847 2756 3907 τοῖς
2787 3843 3165 3915 ἐϐδομήκοντα
3204 3844 3300 3898 καὶ
3343 3845 3515 3917 μῆνας
3545 3839 3719 3892 τέσσα-

2170 3956 2291 4010 ρας,
2340 3938 2437 3992 καὶ
2492 3938 2705 4008 ἡμέρας
2754 3938 2931 4001 ὲννέα,
2988 3935 3086 4005 ἀρ’
3116 3929 3192 3991 ὧν
3244 3937 3358 3990 δύω
3410 3937 3501 3988 καὶ
3535 3933 3720 3984 εἴκοσιν

2169 4029 2452 4091 ἐνιαυτοὺς
2503 4027 2854 4097 ὲμονάρχησε
2897 4026 2992 4078 καὶ
3038 4026 3214 4096 μῆνας
3242 4014 3382 4080 ετξτά
3410 4026 3502 4079 καὶ
3529 4019 3717 4092 ἡμέρας

2169 4120 2310 4175 ἑπτά
2332 4136 2345 4150 ·
2381 4117 2683 4190 μετήλλαξε
2718 4116 2775 4171 δὲ
2806 4120 2873 4189 τῇ
2905 4118 3128 4188 είκοστῇ
3157 4117 3249 4170 τοῦ
3275 4111 3715 4187 Μαρτίουεήμέρᾳ.

2170 4211 2373 4265 Τούτου
2402 4209 2479 4280 τῷ
2512 4208 2987 4278 πεντεκαιδεκάτῳ
3018 4208 3129 4261 ἐτει
3156 4208 3463 4278 ἐϐαπτίσθη
3485 4206 3512 4258 6
3539 4202 3719 4271 Κύριος

2167 4303 2327 4374 ἡμῶν
2371 4301 2578 4373 Ἰησοῦς
2628 4301 2904 4372 Χριστός·
2961 4301 3021 4355 ὲν
3068 4300 3124 4354 δὲ
3178 4299 3259 4371 τῷ
3290 4292 3718 4358 ὀκτωκαιδεκάτῳ

2170 4394 2441 4466 παρεδόθη
2488 4395 2584 4447 καὶ
2629 4392 2953 4465 ἐσταυρώθη
2986 4394 3080 4446 καὶ
3112 4393 3334 4464 ἀνέστη.
3378 4389 3596 4459 Ἱστορεῖ
3626 4381 3718 4437 δὲὸ

488 4497 610 4537 eam
642 4496 760 4536 rem
797 4480 1023 4536 Tiberio
1063 4479 1390 4550 imperatori
1422 4479 1858 4534 communicavit
1890 4494 1905 4532 :
1968 4477 2060 4548 qui

2172 4487 2431 4549 Εὐσέϐιος
2464 4527 2479 4553 ,
2530 4486 2624 4540 τὸν
2669 4483 2905 4539 Πιλάτον
2960 4485 3060 4553 τῆς
3125 4484 3388 4546 Ἰουδαίας
3446 4472 3717 4550 τηνικαῦτα

486 4586 617 4627 eum
668 4571 881 4626 caeteris
920 4571 1044 4639 ejus
1113 4570 1398 4626 miraculis
1440 4568 1687 4632 auditis,
1747 4577 1862 4623 tum
1914 4568 2060 4638 quod

386 4738 391 4743 1
491 4671 617 4732 post
639 4664 1106 4717 resurrectionem
1130 4676 1162 4715 e
1189 4661 1422 4715 mortuis
1446 4676 1474 4714 a
1514 4660 1765 4730 plurimis
1800 4660 1946 4714 Deus
1977 4674 2064 4714 es-

488 4768 551 4807 se
585 4752 931 4816 crederetur,
958 4752 1026 4807 ad
1068 4759 1320 4808 senatum
1338 4752 1407 4806 de
1435 4766 1504 4806 eo
1531 4752 1737 4806 retulit.
1761 4750 1810 4807 Is
1831 4765 1964 4805 vero
1979 4766 2066 4805 re-

490 4848 737 4917 fragatus
784 4854 892 4908 est,
941 4843 1090 4914 quod
1135 4845 1255 4914 ipse
1301 4843 1354 4898 id
1392 4859 1503 4898 non
1553 4845 1710 4914 prius
1754 4843 2061 4914 probasset.

466 4938 625 5005 Nam
654 4936 828 4990 veteri
859 4937 980 5006 lege
1006 4934 1280 4990 sancitum
1306 4943 1445 4999 erat,
1492 4950 1561 4990 ne
1584 4935 1710 5005 quis
1738 4936 1899 4990 aliter
1921 4934 2064 5005 apud

492 5031 769 5085 Romanos
821 5028 878 5081 in
929 5027 1159 5081 deorum
1194 5041 1487 5081 numerum
1527 5026 1850 5089 referretur,
1883 5027 1938 5079 ni
1980 5040 2067 5080 se-

494 5129 658 5175 natus
694 5119 949 5190 jussisset
978 5132 1044 5172 ac
1064 5118 1419 5173 decrevisset.
1442 5117 1580 5173 Cum
1618 5126 1799 5171 autem
1830 5115 2065 5172 Romani

490 5211 834 5283 rogationem
873 5210 941 5265 de
962 5209 1255 5266 Servatore
1286 5220 1477 5265 nostro
1510 5210 1938 5280 improbassent,
1970 5211 2066 5263 Ti-

495 5306 709 5360 berium
749 5305 803 5358 in
839 5302 1070 5372 pristina
1112 5303 1180 5358 de
1223 5318 1291 5357 eo
1333 5302 1604 5358 sententia
1630 5314 2064 5371 permanentem,

492 5397 631 5451 nihil
680 5397 903 5467 gravius
956 5395 1015 5450 in
1070 5395 1377 5450 doctrinam
1431 5394 1800 5449 Christianam
1858 5396 2066 5451 consti-

493 5488 666 5542 tuisse
702 5508 713 5542 :
747 5500 812 5542 ac
844 5495 1041 5542 testem
1066 5486 1254 5541 laudat
1280 5485 1717 5548 Tertullianum,
1758 5485 2068 5543 Romanum

492 5580 823 5648 scriptorem
877 5586 934 5633 et
957 5578 1165 5633 clarum
1188 5578 1394 5642 virum,
1421 5578 1581 5647 cujus
1631 5577 1749 5635 haec
1796 5594 1861 5635 ea
1896 5580 1964 5636 de
2009 5597 2070 5638 re

493 5674 661 5723 verba
705 5674 973 5726 exstant:
1037 5669 1194 5725 Vetus
1246 5677 1507 5724 statutum
1542 5672 1664 5741 fuit,
1716 5689 1782 5727 ne
1831 5676 1946 5744 quis
2003 5677 2067 5730 ab

496 5757 607 5812 ullo
649 5759 774 5811 deus
798 5769 1217 5825 consecraretur,
1244 5763 1552 5826 priusquam
1574 5763 1630 5818 id
1656 5780 1687 5819 a
1718 5774 1907 5821 senatu
1942 5783 2068 5822 oro-

2170 4578 2622 4649 ἐπιτροπεύοντα,
2652 4580 2862 4647 γράψαι
2894 4575 2966 4629 τὰ
3008 4575 3140 4647 περὶ
3185 4576 3280 4629 τοῦ
3311 4572 3507 4644 Κυρίου
3537 4567 3610 4636 τῷ
3636 4564 3717 4617 Τι-

2168 4670 2359 4739 ϐερίῳ,
2385 4668 2539 4733 ἔθους
2562 4668 2716 4731 θντος
2766 4669 2878 4731 τοῖς
2906 4667 3017 4720 τῶν
3041 4668 3215 4721 ἐθνῶν
3241 4668 3469 4739 ἄρχουσι
3495 4661 3559 4715 τά
3582 4651 3714 4727 παρὰ

2171 4758 2324 4827 σφίσι
2379 4756 2851 4827 καινοτομούμενα
2900 4756 3094 4827 δηλοῦν
3142 4757 3222 4828 τῷ
3286 4759 3387 4828 τὴν
3439 4747 3713 4825 μοναρχίαν

2177 4847 2427 4913 ίθύνοντι,
2462 4847 2529 4901 ἶν’
2561 4847 2711 4919 αὐτῷ
2752 4848 2919 4919 μηδὲν
2974 4848 3240 4918 ἀγνοῆται
3293 4848 3400 4902 τῶν
3451 4840 3575 4909 παρ’
3604 4835 3714 4891 ἑκά·

2175 4954 2319 5003 στοις
2365 4938 2477 4992 τῶν
2512 4939 2681 4993 ἐθνῶν
2717 4942 3040 5008 γινομένων.
3078 4942 3218 5012 Ἤδη
3267 4939 3397 5011 γὰρ,
3451 4933 3598 5004 φησὶ,
3626 4925 3711 4994 τῆς

2175 5035 2240 5085 ἐκ
2307 5032 2520 5103 νεκρῶν
2582 5033 2933 5094 ἀναστάσεως
2988 5032 3080 5085 τοῦ
3140 5032 3391 5100 Σωτῆρος
3446 5023 3593 5097 ήμῶν
3642 5016 3711 5103 εἰς

2176 5100 2425 5187 ἅπαντας
2461 5125 2518 5177 ὲν
2551 5124 2703 5194 πάσῃ
2732 5126 2798 5193 τῇ
2834 5122 3161 5193 Παλαιστίνῃ
3193 5114 3628 5186 διαϐεϐοημένης»
3651 5100 3709 5194 τὰ

2174 5217 2305 5286 περὶ
2348 5216 2517 5283 αὐτῆς
2566 5216 2594 5268 6
2637 5214 2867 5276 Πιλᾶτος
2901 5211 3228 5265 ἐκοινώσατο
3263 5208 3494 5277 Τιϐερίῳ
3530 5198 3601 5266 τῷ
3628 5193 3711 5247 αὐ’

2175 5309 2468 5378 τοκράτορι
2510 5306 2567 5368 ὅς
2597 5307 2663 5360 τὰ
2707 5306 2874 5359 λοιπά
2906 5322 2964 5358 τε
3009 5306 3176 5358 αὑτοῦ
3210 5296 3563 5373 ὴνωτισμένος
3594 5289 3707 5378 θαξ¹⁸

2179 5375 2373 5468 μάσια,
2419 5375 2516 5452 καὶ
2561 5398 2637 5460 ὠς
2672 5398 2814 5467 μετὰ
2861 5398 3092 5451 θάνατον
3140 5397 3206 5449 ὲκ
3255 5394 3459 5461 νεκρῶν
3496 5375 3708 5468 ἀναστὰς

2175 5466 2308 5553 Θεὸς
2354 5484 2493 5542 εἶναι
2536 5466 2690 5557 παρὰ
2739 5487 3016 5551 πλείστοις
3066 5487 3165 5560 ἤδη
3236 5484 3595 5539 πεπίστευται,
3625 5466 3704 5519 ἀν·

2177 5581 2381 5652 ἤνεγκε
2419 5583 2486 5651 τῇ
2519 5578 2807 5651 συγκλήτῳ
2852 5578 3044 5633 ταῦτα.
3091 5578 3304 5647 Ἐκείνη
3345 5573 3401 5628 δὲ
3445 5570 3531 5622 τὸν
3572 5560 3705 5623 λόγον

2178 5674 2460 5736 ἀπώσατο,
2513 5673 2597 5725 ὅτι
2635 5672 2711 5741 μὴ
2747 5670 3014 5741 πρότερον
3046 5671 3185 5741 αύτὴ
3215 5669 3370 5723 τοῦτο
3396 5654 3702 5741 δοκιμάσασσ

2174 5762 2266 5836 ἦν,
2317 5731 2549 5820 παλαιοῦ
2598 5731 2767 5835 νέμον
2794 5731 3080 5836 κειμένου,
3122 5731 3202 5839 μί)
3228 5762 3401 5822 ἄλλως
3428 5747 3545 5808 τινὰ
3570 5731 3699 5807 παρὰ
