4048 6400
438 337 543 401 933
1290 374 1299 381 ί
1704 350 1802 410 ΛΝ
1814 351 2014 411 NALll

2155 354 2301 415 LIB.
2345 355 2445 416 Χῐ.
2482 415 2490 423 ,
3605 356 3711 419 934

446 453 744 523 ἰ’ωμαίοις
782 454 1172 519 θεοποιεῖσθαι,
1219 461 1294 528 μὴ
1346 460 1469 529 οὐχὶ
1520 461 1688 534 φήσω
1737 464 1836 535 τῆς
1885 482 2014 532 συγ-

2120 466 2303 520 butum
2334 476 2488 522 esset.
2523 466 2781 521 Tiberius
2813 466 3000 537 igitur,
3042 481 3167 521 cum
3206 482 3406 522 nomen
3437 466 3707 524 Cbristia«

434 545 637 616 κλήτου
690 548 787 599 καὶ
841 546 1097 618 δόγματι.
1142 550 1362 621 Ταύτης
1414 552 1459 605 δ’
1492 551 1591 604 οὖν
1644 556 2014 625 ἀπωσαμένης

2123 571 2324 610 norunt
2366 556 2422 609 in
2464 557 2731 610 mundum
2763 557 3070 627 ingressum
3114 568 3296 623 esset,
3332 558 3383 612 id
3419 558 3707 612 decretum

433 637 526 690 τὸν
558 637 808 710 περὶτοῦ
847 639 1099 710 Σωτῆρος
1126 642 1287 711 ήμῶν
1315 643 1497 711 λόγον,
1529 645 1621 698 τὸν
1668 646 1925 717 Τιϐέριον
1955 648 2014 718 ἧι

2121 664 2189 703 ex
2216 650 2530 716 Palaestina,
2558 642 2652 706 ubi
2685 651 2924 722 primum
2952 660 3134 705 ortum
3165 660 3307 716 erat,
3345 652 3449 705 sibi
3486 651 3714 704 nuntia-

434 728 531 781 καὶ
566 728 759 800 πρώην
810 726 927 801 εἶχε
961 733 1190 803 γνώμην
1225 736 1571 806 τηρήσαντα,
1610 738 1781 809 μηδὲν
1821 739 2014 793 ἄτοποι

2126 748 2266 807 tum,
2293 756 2418 795 cum
2457 751 2650 794 senatu
2693 741 3129 795 communicavit
3172 782 3188 807 ,
3248 740 3392 793 haud
3449 739 3712 794 dissimu-

435 820 580 873 κατά
616 820 717 890 τῆς
745 822 987 892 Χριστοῦ
1016 824 1371 890 διδασκαλίας
1403 829 1712 899 ἐπινοῆσαι.
1747 832 2020 902 Μάρτυρα

432 912 477 965 δ’
502 912 595 964 ἐπὶ
624 913 833 976 τούτοις
874 916 1114 986 παράγει
1134 918 1529 988 Τερτουλιανὸν
1561 924 1587 975 6
1617 922 1901 989 Εὐσέϐιος,
1930 923 2028 977 άν-

438 1003 541 1074 δρα
582 1004 857 1075 Ῥωμαῖον
889 1009 986 1060 καὶ
1016 1008 1115 1062 ἕνα
1144 1009 1255 1063 τῶν
1301 1011 1363 1063 ἐν
1403 1014 1470 1083 τῇ
1512 1012 1700 1083 Ῥώμῃ
1731 1013 2022 1084 λαμπρῶν,

434 1098 493 1149 ὲν
537 1102 834 1171 συγγραφῇ
877 1117 984 1153 τινι
1027 1103 1160 1171 παρ’
1195 1102 1362 1157 αὐτοῦ
1409 1103 1695 1176 ἐκτεθείσῃ
1733 1105 2021 1178 Ῥωμαϊκῇ

435 1189 729 1260 διαλέκτῳ,
782 1193 1188 1268 μεταϐληθείσῃ
1219 1196 1266 1249 δ’
1296 1200 1375 1259 εἰς
1409 1198 1507 1265 τὴν
1550 1198 1781 1252 Ἐλλάδα
1818 1202 2024 1268 φωνὴν,

435 1281 663 1347 λέγοντα
689 1283 862 1337 ταῦτα
888 1303 901 1316 ·
937 1288 1208 1340 Παλαιὸν
1238 1283 1317 1357 ἦν
1360 1291 1572 1357 δόγμα,
1602 1289 1837 1357 μηδένα
1874 1290 2025 1344 Θεὸν

433 1374 556 1425 ὑπό
597 1390 703 1427 του
737 1376 1175 1444 καθιεροῦσθαι,
1202 1381 1346 1446 πρὶν
1371 1379 1490 1434 ὑπὸ
1521 1379 1632 1449 τῆς
1667 1382 2038 1450 συγκλήτου.

2122 830 2267 893 laus,
2336 831 2562 902 probari
2595 831 2699 887 sibi
2738 832 2789 885 id
2826 832 3189 902 praeconium.
3232 832 3351 898 Quo
3401 846 3432 885 a
3487 840 3706 895 senatu,

2125 920 2388 989 quoniam
2423 922 2477 975 id
2511 922 2629 991 ipse
2660 937 2772 975 non
2814 921 3129 991 probasset,
3160 921 3473 990 repudiato,
3508 920 3713 973 nihilo-

2123 1012 2311 1066 minus
2342 1014 2396 1067 in
2431 1013 2625 1068 eadem
2688 1014 2961 1069 sententia
3013 1013 3340 1084 permansit,
3372 1010 3713 1066 Christiano-

2126 1120 2249 1159 rum
2286 1106 2711 1160 accusatoribus
2748 1116 2982 1161 mortem
3023 1105 3415 1160 comminatus.
3450 1102 3576 1158 Haec
3617 1102 3713 1156 Τί-

2124 1196 2339 1251 berium
2387 1197 2586 1252 fecisse
2612 1197 2911 1262 Eusebius,
2948 1196 3240 1251 divinitate
3270 1194 3581 1250 Servatoris
3613 1206 3715 1246 nov

2125 1290 2223 1345 stri
2281 1298 2337 1343 et
2380 1290 2791 1344 resurrectione
2849 1305 2917 1345 ex
2947 1290 3183 1343 mortuis
3215 1289 3458 1359 cognita,
3507 1301 3538 1341 e
3573 1285 3709 1340 Ter.-

2128 1380 2344 1434 tulliani
2376 1381 2602 1450 scriptis
2636 1391 3060 1436 counttcn‘torat.

433 1465 796 1537 δοκιμασθῇ.
854 1468 913 1524 Ὀ
948 1471 1198 1541 Τιϐέριος
1274 1470 1389 1541 οὖν,
1458 1474 1545 1545 ἐφ’
1607 1466 1668 1528 οὗ
1715 1477 1777 1529 τὸ
1821 1477 1930 1530 τῶν
1985 1474 2330 1546 Χριστιανῶν
2380 1474 2551 1542 ὄνομα
2586 1476 2666 1538 εἰς
2713 1475 2805 1527 τὸν
2854 1474 3061 1543 κόσμον
3106 1471 3466 1541 εἰσεληλύθει,
3507 1472 3712 1539 ἀγγελι-

434 1556 621 1622 θέντος
665 1559 810 1630 αύτρ
862 1562 929 1615 ὲκ
979 1563 1353 1634 Παλαιστίνης
1393 1566 1486 1620 τοῦ
1531 1566 1802 1639 δόγματος
1859 1566 2049 1620 τούτου
2092 1565 2220 1617 ἔνθα
2271 1564 2485 1636 πρῶτον
2534 1565 2757 1636 ἤρξατο,
2828 1567 2893 1636 τῇ
2944 1564 3233 1634 συγκλήτῳ
3282 1562 3709 1643 ἀνεκοινώσατο,

433 1647 590 1718 δῆλος
620 1650 695 1703 ὢν
746 1650 979 1715 ἐκείνοις
1009 1653 1084 1717 ὡς
1117 1654 1416 1723 ἀρέσκεται
1481 1657 1560 1728 τῷ
1601 1656 1940 1729 κηρύγματι.
2030 1654 2095 1708 Ἦ
2133 1654 2191 1709 δὲ
2246 1653 2550 1725 σύγκλητος
2603 1654 2727 1706 ἐπεὶ
2782 1654 2882 1707 ούκ
2944 1653 3080 1725 αὐτὴ
3136 1644 3487 1720 δεδοκιμάκει
3546 1653 3710 1705 τοῦτο

434 1744 713 1798 ἀπώσατο.
763 1744 821 1797 '0
864 1744 922 1798 δέ
947 1734 1007 1798 ὲθ
1038 1748 1104 1817 τῇ
1137 1748 1274 1818 αὐτῇ
1308 1747 1504 1820 γνώμῃ
1547 1749 1766 1819 ἔμεινεν
1823 1748 2129 1817 ἀπειλήσας
2196 1747 2426 1801 θάνατον
2484 1749 2599 1810 τοῖς
2650 1747 2760 1799 τῶν
2792 1747 3132 1817 Χριστιανῶν
3155 1745 3502 1814 κατηγόροιςο
3533 1744 3706 1798 ταῦτα

433 1835 463 1888 6
517 1835 774 1899 Εὐσέϐιος
810 1838 1033 1906 ποιῆσαι
1076 1839 1168 1891 τὸν
1204 1840 1455 1910 Τιϐέριον
1500 1833 1727 1913 ἰστορεί,
1773 1841 2015 1913 μαθόντα
2055 1842 2186 1912 περὶ
2259 1841 2359 1910 τῆς
2405 1838 2662 1910 θεότητος
2708 1839 2803 1893 τοῦ
2871 1839 3123 1909 Σωτῆρος
3168 1841 3329 1911 ἡμῶν
3375 1839 3468 1892 καὶ
3513 1841 3613 1912 τῆς
3641 1842 3707 1894 ἐκ

432 1930 644 2001 νεκρῶν
680 1930 850 1984 αὐτοῦ
881 1934 1255 2001 ἀναστάσεως,
1283 1936 1349 1988 ὲκ
1380 1936 1481 2007 τῆς
1510 1936 1605 1990 τοῦ
1655 1936 2017 2008 Τερτυλιανοῦ
2059 1937 2388 2006 συγγραφῆς
2421 1938 2559 1991 αύτά
2583 1936 2961 2005 ἐκλεξάμενος.

506 2025 580 2076 A'.
610 2023 717 2075 Kal.
744 2026 771 2075 6
808 2022 907 2092 μὲν
944 2024 1196 2097 Τιϐέριος
1240 2025 1415 2092 οὕτως
1461 2028 1696 2083 ἀπεϐίω.
1746 2027 2014 2094 Διεδέξατι

2203 2027 2293 2084 ιν.
2338 2028 2566 2083 Tiberio
2605 2028 2674 2082 ad
2735 2028 2883 2083 hunc
2942 2028 3166 2082 modum
3214 2028 3495 2096 defuncto,
3541 2028 3707 2086 Caius

433 2116 494 2169 δὲ
525 2116 690 2170 αὐτὸν
724 2118 751 2169 6
784 2117 945 2180 Γάῖος
974 2119 1002 2170 ὁ
1030 2117 1125 2171 τοῦ
1160 2119 1506 2190 Γερμανικοῦ
1549 2122 1642 2175 καὶ
1663 2124 1761 2193 τῆς
1792 2122 2014 2191 Ἀγριπ-

2120 2116 2431 2173 Germanici
2457 2127 2510 2173 et
2533 2118 2851 2189 Agrippina:
2872 2117 3037 2181 ﬁlius,
3057 2118 3149 2187 qui
3182 2117 3621 2175 etGermanicus
3649 2130 3707 2174 et

436 2209 596 2277 πίνης
653 2211 808 2272 παῖς,
865 2208 926 2260 ὃν
982 2210 1078 2262 καὶ
1134 2210 1477 2281 Γερμανικὸν
1536 2213 1630 2267 καὶ
1674 2212 2014 2281 Καλλιγόλαν

2122 2209 2285 2280 553
2328 2210 2553 2280 Calgula
2596 2211 3051 2280 cognominatur,
3079 2212 3368 2265 successit.
3411 2211 3523 2265 Etsi
3557 2211 3706 2266 enim

435 2299 809 2371 ἑπωνόμαζον.
854 2301 915 2352 Et
972 2300 1081 2373 γὰρ
1134 2304 1229 2355 καὶ
1283 2305 1309 2355 6
1351 2304 1605 2375 Τιϐέριος
1653 2307 1748 2359 καὶ
1777 2306 1856 2377 τῷ
1901 2305 2014 2377 ἰδίῳ

2122 2300 2407 2368 Tiberius,
2440 2301 2608 2355 etiam
2651 2300 2878 2355 Tiberio
2932 2302 3118 2371 nepoti
3170 2302 3473 2371 reliquerat
3532 2303 3706 2372 impe-

436 2393 646 2462 ὲγγόνῳ
674 2391 752 2462 τῷ
784 2392 1024 2463 Τιϐερίῳ
1060 2391 1159 2466 τὴν
1197 2394 1502 2466 αὐταρχὶαν
1547 2396 1861 2463 κατέλιπεν,
1897 2397 2016 2450 ἀλλ’

432 2487 461 2537 ὁ
492 2486 651 2550 Γάϊος
687 2486 787 2546 τὰς
823 2485 1091 2557 διαθήκας
1136 2487 1302 2541 αὑτοῦ
1342 2490 1421 2553 εἰς
1455 2488 1515 2542 τὸ
1556 2489 1832 2561 συνέδριον
1878 2488 2018 2560 πέμ-

433 2578 561 2646 ψας,
586 2576 829 2647 ἀκύρους
879 2577 1260 2647 παρεσκεύασε
1304 2578 1577 2648 γενέσθαι,
1614 2579 1691 2642 ὡς
1725 2596 2017 2650 παραφρο-

434 2670 735 2741 νήσαντος.
784 2664 872 2723 οἷα
916 2668 1074 2723 παιδὶ
1112 2664 1157 2737 ᾦ
1198 2670 1323 2740 μηδ’
1353 2670 1617 2726 εἰσελθεῖν
1663 2671 1791 2741 ἐξῆν
1841 2672 1920 2735 εἰς
1956 2671 2018 2724 τὸ

436 2764 841 2834 βουλευτήριον,
885 2764 1078 2833 ἄρχειν
1106 2763 1217 2817 τῶν
1259 2763 1548 2833 Ῥωμαίων
1599 2763 2013 2835 ἐπιτρέψαντος.

439 2856 547 2924 Τῆς
596 2854 695 2923 μὲν
739 2850 833 2908 οὖν
876 2856 1053 2924 ἀρχῆς
1082 2855 1246 2908 αὑτὸν
1278 2853 1451 2920 οὕτως
1480 2856 1678 2909 αὐτίκα
1712 2856 2014 2928 παρέλυσε,

435 2947 528 2998 καὶ
579 2944 722 3015 μετὰ
758 2945 918 2999 τοῦτο
961 2947 1425 3017 εἰσποιησάμενος
1458 2948 1800 3010 ἀπέκτεινεν,
1826 2948 1901 3009 ὡς
1927 2966 2014 3000 τε-

434 3035 693 3104 λευτῆσαι
721 3034 886 3091 αὐτὸν
920 3035 1246 3106 εὐξάμενον.
1285 3037 1564 3109 Χρήματα
1593 3038 1650 3091 δὲ
1679 3037 1852 3092 πολλά
1900 3042 2015 3103 τοῖς

436 3124 801 3195 στρατιώταις
836 3127 931 3180 καὶ
967 3125 1048 3197 τῷ
1096 3126 1257 3199 δήμῳ
1288 3128 1551 3199 διένειμε,
1588 3130 1654 3183 τά
1690 3129 1793 3197 μὲν
1823 3132 1885 3184 ὲκ
1907 3130 2017 3185 τῶν

435 3218 687 3287 Τιϐερίου
741 3218 1037 3288 διαθηκῶν,
1082 3221 1151 3272 τὰ
1180 3221 1334 3274 δὲέκ
1382 3222 1490 3275 τῶν
1520 3222 1618 3292 τῆς
1661 3222 1874 3289 Λιϐίας,
1907 3223 1943 3277 ἃ
1988 3227 2017 3278 6

436 3311 688 3381 Τιϐέριος
714 3310 776 3363 ού
807 3313 1073 3382 παρέσχε.
1108 3314 1218 3367 Καὶ
1248 3314 1410 3384 εἰπερ
1441 3316 1535 3368 καὶ
1564 3316 1632 3369 τὰ
1659 3315 1824 3369 λοιπά
1869 3316 2016 3370 δεόν-

432 3419 538 3465 τως
597 3402 876 3472 ἀνήλισκε,
931 3404 1265 3473 μεγαλόνους
1314 3406 1382 3459 ἂν
1434 3407 1528 3459 καὶ
1582 3408 2011 3479 μεγαλοπρεπής

433 3492 599 3557 ἔδοξε.
638 3492 755 3547 Νῦν
803 3495 861 3548 δὲ
921 3496 1014 3549 καὶ
1065 3496 1144 3556 εἰς
1196 3497 1474 3567 ὀρχηστὰς
1530 3498 1623 3551 καί⁵
1663 3498 1864 3563 ἵππους
1915 3499 2011 3553 καὶ

436 3587 799 3656 μονομάχους,
831 3588 924 3639 καὶ
953 3580 1361 3660 τοιουτότροπα(
1383 3590 1545 3659 ἕτερα
1584 3591 1876 3659 ἀπλήστως
1914 3590 2009 3644 δα-

316 3731 328 3740 ,
434 3678 640 3744 πανῶν,
672 3678 767 3730 καὶ
796 3678 921 3741 τοὺς
947 3678 1258 3750 θησαυροὺς
1301 3682 1573 3750 μεγάλους
1604 3684 1894 3750 γεγονότας
1920 3683 2010 3738 διὰ

434 3771 683 3840 βρειιχέος⁵
712 3770 1035 3838 ἐξεκένωσε,
1071 3775 1166 3827 καὶ
1212 3774 1405 3828 ἑαυτὸν
1434 3775 1885 3846 προσεξήλεγξεν,
1928 3778 2011 3831 ὅτι

433 3861 687 3932 εὐχερείᾳ
717 3864 815 3914 καὶ
858 3863 1087 3934 ἀκρισίᾳ
1139 3865 1371 3917 κάκεῖνα
1421 3866 1714 3933 πεποίηκε.
1748 3869 1859 3921 Καὶ
1900 3869 2014 3923 οὐδ’

433 3955 490 4015 ἐς
527 3951 712 4023 τρίτον
736 3953 857 4016 ἔτος
894 3955 1060 4025 μέρος
1095 3955 1274 4008 αὐτῶν
1306 3972 1361 4009 τι
1394 3955 1675 4021 διέσωσεν,
1703 3958 1816 4011 ἀλλ’
1847 3960 2011 4025 εὐθὺς

433 4043 768 4113 παμπόλλων
803 4045 1170 4116 προσεδεήθη.
1198 4045 1288 4114 Τῷ
1319 4046 1365 4099 δ’
1391 4046 1542 4116 αὐτῷ
1578 4049 1769 4119 τρόπῳ
1817 4052 1912 4103 καὶ
1950 4053 2010 4115 ἐς

431 4136 500 4190 ⁸ιά
534 4136 669 4191 ἄλλα
718 4138 1009 4208 ἐκέχρητο.
1061 4138 1476 4208 Μοιχικώτατός
1528 4156 1590 4191 τε
1637 4141 1751 4211 γάρ
1794 4142 2007 4212 ἀνδρῶν

431 4227 744 4299 γενόμενος,
795 4230 891 4283 καὶ
922 4232 1161 4297 γυναῖκα
1198 4228 1327 4299 μίαν
1381 4229 1481 4299 μὲν
1512 4231 1767 4300 ἀρπάσας
1807 4234 2011 4287 ἐκδιδο-

436 4319 609 4389 μένην
655 4320 833 4389 ἀνδρὶ,
870 4320 1036 4383 ἄλλας
1087 4320 1143 4373 δὲ
1176 4320 1279 4392 ἤδη
1308 4322 1667 4392 ὲκδεδομένας
1698 4325 1794 4376 καὶ
1835 4341 2013 4377 συνοι-

435 4412 637 4473 κούσας
692 4414 838 4465 τισὶν
897 4412 1260 4478 ἀποσπάσας,
1313 4412 1454 4483 πλὴν
1512 4398 1641 4484 μιᾶς
1690 4413 1791 4479 τὰς
1841 4415 2009 4481 ἄλλοις

433 4503 665 4573 ἐμίσησε
685 4518 700 4533 ⁸
755 4505 975 4566 πάντως
1007 4505 1120 4576 (90)
1150 4504 1195 4556 δ’
1223 4505 1290 4560 ἂν
1340 4507 1601 4577 κάκείνην
1631 4508 1917 4579 ἐμίσησεν,
1957 4512 2008 4563 εἰ

431 4595 524 4647 ἐπὶ
572 4595 733 4649 πλέον
777 4594 1083 4650 ἐϐεϐιὼκει.
1111 4597 1220 4649 Καὶ
1253 4598 1312 4661 ἐς
1343 4598 1440 4667 τήν
1500 4598 1736 4670 μητέρα,
1769 4603 1864 4654 καὶ
1905 4602 2006 4664 τὰς

2119 2394 2284 2458 rium,
2336 2402 2519 2448 tamen
2571 2393 2739 2447 Caius
2794 2403 3125 2449 testamento
3175 2395 3299 2460 ejus
3346 2402 3407 2448 ut
3457 2394 3615 2449 deliri
3649 2395 3704 2449 in

2120 2485 2331 2539 curiam
2371 2486 2562 2550 misso,
2593 2485 2799 2551 eﬂ‘ecit,
2854 2496 2914 2541 ut
2947 2486 3287 2550 aboleretur,
3328 2487 3474 2557 quod
3506 2502 3704 2557 puero,

2117 2577 2206 2631 cui
2237 2592 2337 2647 per
2362 2584 2579 2631 attatem
2608 2577 2845 2630 necdum
2880 2576 3093 2646 ingredi
3126 2576 3337 2631 curiam
3365 2577 3708 2647 liceret,||lo-

2119 2684 2341 2723 manum
2377 2669 2669 2740 imperium
2706 2670 3039 2739 reliquisset.
3074 2671 3256 2740 Atque
3310 2670 3384 2724 ita
3418 2670 3704 2741 principa~

2118 2771 2233 2816 tum
2265 2761 2316 2816 ei
2346 2760 2530 2815 statim
2554 2754 2780 2816 ademit.
2814 2763 2963 2827 Post,
2993 2763 3313 2833 adoptatum
3366 2762 3649 2818 interfecit
3679 2805 3695 2829 ,

2118 2866 2178 2908 ut
2204 2853 2297 2923 qui
2330 2852 2506 2922 ipsum
2540 2853 2680 2907 mori
2714 2863 2978 2924 optasset.
3027 2855 3273 2925 Magnam
3323 2855 3615 2925 pecuniam
3646 2869 3704 2912 et

2119 2944 2385 2998 militibus
2416 2952 2471 2996 et
2503 2943 2727 3013 populo,
2764 2947 2963 3014 partim
2996 2962 3062 3000 ex
3100 2945 3333 3009 Tiberii,
3376 2950 3574 3015 partim
3628 2962 3699 3001 ex

2118 3036 2285 3090 Livia:
2316 3028 2646 3090 testamento
2678 3037 2924 3090 nondum
2970 3051 2999 3090 a
3030 3035 3256 3091 Tiberio
3305 3044 3650 3090 numeratam
3682 3076 3702 3101 ,

2118 3128 2423 3184 distribuxt.
2464 3126 2624 3197 Quod
2655 3128 2700 3182 si
2736 3128 3003 3197 reliquam
3039 3127 3206 3181 etiam
3239 3166 3254 3191 ,
3314 3125 3390 3180 ita
3415 3135 3476 3180 ut
3532 3127 3701 3181 dece-

2119 3220 2232 3283 bat,
2269 3221 2673 3294 insumpsisset,
2711 3220 3091 3290 magnanimus
3138 3228 3194 3273 et
3243 3219 3569 3288 magniﬁcus
3607 3235 3700 3273 es-

2117 3320 2203 3367 set
2242 3312 2481 3372 habitus.
2511 3314 2668 3369 Nunc
2696 3311 2928 3366 inﬁnitis
2975 3310 3240 3380 impensis
3275 3311 3329 3365 in
3364 3311 3654 3366 saltatores
3682 3352 3697 3376 ,

2121 3419 2316 3473 equos,
2344 3404 2700 3475 gladiatores,
2736 3412 2793 3458 et
2831 3403 2887 3457 id
2914 3417 3086 3473 genus
3114 3402 3220 3457 alia
3250 3401 3410 3456 factis
3440 3443 3454 3469 ,
3492 3410 3548 3458 et
3584 3404 3701 3457 the-

2122 3511 2319 3551 sauros
2353 3497 2622 3551 maximos
2650 3495 2924 3559 exhausit,
2954 3503 3011 3549 et
3039 3495 3131 3549 illa
3172 3511 3389 3565 quoque
3422 3512 3481 3552 se
3527 3504 3700 3552 teme-

2124 3588 2287 3643 ritate
2314 3597 2371 3643 et
2408 3590 2628 3643 levitate
2659 3586 2897 3658 quadam
2934 3586 3131 3640 fecisse
3187 3585 3509 3642 declaravit.
3562 3586 3699 3641 Nam

2120 3681 2353 3750 publica:
2386 3680 2635 3751 pecuniae
2680 3695 2783 3736 nec
2834 3680 2890 3733 in
2942 3677 3168 3733 tertium
3221 3694 3428 3733 annum
3490 3691 3703 3748 partem

2123 3773 2291 3828 ullam
2326 3773 2579 3839 retinuit,
2613 3773 2709 3828 sed
2740 3772 2922 3827 statim
2949 3771 3136 3825 multis
3161 3785 3324 3840 egere
3383 3772 3570 3841 coepit.
3604 3772 3691 3828 lis-

2119 3862 2245 3917 dem
2286 3862 2533 3917 moribus
2581 3861 2747 3915 etiam
2796 3860 2920 3914 aliis
2969 3858 3026 3913 in
3081 3858 3248 3914 rebus
3275 3899 3290 3925 ,
3331 3867 3387 3913 et
3430 3860 3704 3916 maiimus

2116 3954 2335 4009 adulter
2399 3953 2548 4009 fuit:
2595 3960 2653 4007 et
2699 3967 2825 4008 cum
2881 3949 3171 4005 mulierem
3221 3949 3517 4021 quamdam
3576 3953 3698 4007 viro

2117 4044 2446 4114 deSpousam
2500 4044 2818 4112 rapuisset,
2880 4042 3015 4097 alias
3068 4042 3182 4112 jam
3236 4041 3474 4097 elocatas
3519 4051 3577 4098 et
3637 4044 3695 4098 in

2116 4136 2372 4207 conjugio
2410 4137 2660 4191 viventes
2710 4150 2742 4190 a
2792 4135 3006 4189 maritis
3032 4133 3393 4189 abstraxisset
3422 4174 3438 4199 ,
3469 4146 3698 4190 caeteras

2116 4240 2311 4280 omnes
2334 4224 2462 4279 odio
2497 4233 2825 4293 prosecutus
2872 4232 2995 4286 est,
3040 4236 3148 4275 una
3196 4231 3467 4292 excepta:
3524 4239 3692 4293 quam

2114 4327 2172 4374 et
2200 4319 2370 4388 ipsam
2425 4318 2616 4387 utique
2658 4331 2861 4372 osurus
2904 4315 3043 4381 fuit,
3097 4318 3143 4371 si
3199 4314 3409 4371 diutius
3442 4316 3694 4373 vixisset.

2115 4411 2256 4481 Erga
2287 4419 2537 4473 matrem,
2567 4422 2786 4462 sorores
2830 4413 2888 4461 et
2944 4406 3125 4460 aviam
3173 4404 3470 4461 Antoniam
3520 4407 3692 4461 multa

2115 4502 2205 4574 pie
2242 4500 2373 4556 fecit
2409 4523 2420 4555 :
2455 4508 2599 4568 post,
2628 4499 2806 4553 aviam
2847 4514 2877 4553 a
2909 4508 3017 4569 qua
3056 4497 3383 4569 obiurgatus
3418 4506 3539 4553 erat
3562 4539 3577 4563 ,
3615 4500 3688 4552 ad

2115 4607 2309 4649 necem
2345 4590 2710 4646 voluntariam
2743 4590 3028 4660 compulit.
3069 4588 3306 4644 Sorores
3329 4602 3527 4644 omnes
3559 4604 3690 4644 cor-

433 4686 691 4757 ἀδελφάς,
723 4692 822 4758 τήν
865 4705 923 4741 τε
958 4687 1129 4759 τήθην
1175 4688 1277 4759 τὴν
1313 4691 1603 4745 Ἀντωνίαν
1652 4692 1827 4746 πολλά
1853 4695 2012 4747 εύσε-

2118 4685 2285 4755 rupit,
2314 4693 2371 4739 et
2409 4685 2543 4738 tluas
2596 4682 2650 4737 in
2690 4682 2929 4738 insulam
2983 4683 3247 4753 relegavit
3282 4699 3296 4735 :
3341 4697 3467 4736 nam
3523 4683 3691 4737 tertia

432 4779 541 4843 ϐῶς
571 4780 948 4850 ἐνδειξάμενος
973 4797 987 4811 ’
1034 4782 1176 4850 μετά
1208 4781 1383 4836 ταῦτα
1414 4782 1513 4851 τὴν
1557 4785 1657 4854 μὲν
1685 4786 1857 4856 τήθην
1884 4788 2008 4840 ἐπι-

2112 4780 2268 4849 prius
2307 4777 2545 4832 obierat.
2580 4776 2660 4831 Ac
2691 4777 2861 4831 multa
2900 4776 2952 4829 id
2979 4791 3153 4846 genus
3197 4774 3349 4830 fecit.
3404 4774 3540 4830 Cum
3595 4774 3696 4830 Ti-

429 4874 743 4942 τιμήσασάν
792 4889 844 4926 τι
889 4872 1037 4941 αὐτῷ
1081 4876 1163 4937 εἰς
1205 4874 1454 4945 ἀνάγκην
1491 4876 1744 4929 ἑκουσίου
1775 4875 2008 4931 θανάτου

2118 4869 2323 4925 berium
2357 4879 2415 4923 ut
2446 4862 2787 4923 luturiosum
2812 4879 2869 4923 et
2903 4868 3236 4922 homicidam
3269 4867 3690 4931 criminaretur,

432 4965 759 5033 κατέστησε.
813 4963 925 5027 Τὰς
979 4963 1218 5033 ἀδελφὰς
1263 4964 1322 5018 δὲ
1376 4967 1606 5037 φθείρας
1640 4967 1878 5033 ἁπάσας,
1927 4969 2010 5032 εἰς

432 5055 597 5124 νῆσον
627 5056 726 5118 τὰς
759 5052 871 5107 δύω
903 5055 1278 5108 κατέκλεισεν·
1329 5058 1361 5127 ή
1410 5060 1520 5127 γὰρ
1561 5060 1720 5129 τρίτη
1775 5076 2008 5129 προετε-

2108 4962 2201 5016 alii
2228 4977 2449 5031 quoque
2502 4976 2562 5015 se
2596 4961 2672 5015 illi
2708 4973 2921 5032 gratum
2957 4962 3204 5016 facturos
3254 4961 3402 5028 rati,
3460 4961 3694 5016 liberius

2111 5055 2166 5109 in
2192 5070 2317 5108 cum
2355 5064 2483 5108 sunt
2511 5053 2734 5109 invecti.
2774 5055 2986 5109 Deinde
3018 5056 3278 5110 eumdem
3331 5054 3578 5108 laudavit
3635 5062 3694 5108 et

431 5147 646 5216 θνήκει,
695 5146 789 5199 καὶ
829 5146 966 5200 ἄλλα
1013 5145 1187 5200 πολλά
1233 5146 1464 5201 τοιαῦτα
1500 5149 1748 5217 ἐποίησε.
1779 5150 1890 5203 Καὶ
1916 5149 2009 5205 τὸν

2118 5146 2427 5210 celebravit,
2461 5156 2517 5200 et
2543 5161 2732 5216 ptenas
2770 5146 2839 5200 de
2870 5146 2937 5200 iis
2961 5147 3198 5215 sumpsit
3246 5146 3338 5215 qui
3388 5145 3468 5198 illi
3522 5145 3680 5198 male-

432 5240 685 5303 Τιϐέριον
723 5239 798 5301 ὡς
836 5237 1044 5308 ἀσελγῆ
1091 5240 1187 5292 καὶ
1216 5240 1504 5310 μιαιφόνον
1534 5239 1836 5305 διέϐαλλεν,
1865 5240 2008 5296 ὥστε

2118 5237 2388 5293 dixerant.
2429 5237 2564 5293 Male
2603 5238 2670 5292 de
2704 5253 2771 5291 eo
2808 5240 3100 5306 loquentes
3135 5234 3486 5305 vituperabat
3513 5276 3527 5298 ,
3560 5235 3685 5288 lau-

433 5334 530 5386 καὶ
556 5332 750 5395 ἄλλους
772 5332 837 5384 ἐκ
867 5332 1063 5384 τούτου
1091 5330 1404 5401 χαριεῖσθαί
1432 5332 1481 5385 οἰ
1510 5333 1841 5403 νομίσαντας
1868 5351 2007 5405 προ-

433 5424 739 5493 πετεστέριτ⁴
765 5424 1053 5496 παρρησίᾳ
1078 5422 1410 5494 χρήσασθαι.
1441 5418 1576 5478 Εἶτα
1596 5426 1788 5497 ἐπῄνει
1822 5442 1883 5478 τε
1916 5430 2009 5479 καὶ

433 5517 752 5586 ἐσέμνυνεν.
776 5513 918 5568 ὣστε
954 5517 1049 5568 καὶ
1072 5516 1298 5566 κολάσαι
1322 5513 1474 5576 τινὰς
1508 5514 1593 5582 ἐφ’
1616 5510 1697 5578 οἷς
1726 5515 1847 5568 κατ’
1868 5516 2012 5569 ὲκεί-

2112 5330 2307 5384 dautes
2331 5329 2562 5393 oderat,
2604 5338 2665 5383 ut
2694 5330 2904 5383 amicos
2947 5328 3118 5381 illius.
3171 5327 3416 5397 Magnam
3472 5326 3687 5381 turbam

2110 5436 2303 5476 eorum
2345 5422 2440 5490 qui
2484 5421 2768 5475 Tiberium
2821 5429 3011 5475 contra
3042 5430 3253 5488 patrem
3281 5458 3297 5483 ,
3350 5427 3581 5472 matrem
3631 5429 3689 5474 et

2113 5511 2312 5567 fratres
2330 5514 2451 5583 ejus
2477 5512 2781 5577 irritarant,
2808 5510 3010 5566 occidit
3033 5527 3045 5564 :
3066 5509 3315 5580 quamvis
3339 5523 3397 5565 se
3410 5509 3688 5579 placatum

1620 5669 1820 5732 Varias
1847 5668 2155 5731 lectiones
2199 5676 2260 5730 et
2294 5677 2480 5730 unite.

505 5787 615 5858 (90)
647 5787 908 5856 Πάντως.
939 5789 1015 5844 Ita
1065 5806 1195 5846 mss.
1242 5790 1403 5846 codd.
1434 5789 1667 5846 Wolﬁus
1701 5791 1907 5856 πάντας
1936 5789 2206 5850 ediderat.
