4048 6440
444 370 548 437 931

1710 352 2038 417 JOANNIS
2075 352 2398 416 ZONARIE

3618 347 3725 410 932

443 474 589 545 quod
607 470 853 527 funditus
870 485 996 527 cum
1013 469 1191 540 patria
1210 477 1266 523 et
1284 480 1450 537 regno
1475 462 1777 518 interisset.
1793 460 2028 517 Senato-

2143 461 2388 532 τατρίδος
2436 461 2532 515 καὶ
2575 461 2673 530 τῆς
2708 458 2989 530 βασιλείας
3034 455 3303 510 ἀπώλετο.
3347 454 3636 510 Τοσοῦτον
3668 452 3726 510 δι

448 582 568 621 rum
583 574 734 620 certe
761 563 986 633 quidem
1008 571 1064 615 et
1088 560 1321 615 aliorum
1345 566 1499 612 tanta
1529 552 1828 609 multitudo
1852 552 2024 606 inter-

447 660 586 714 fecta
607 666 714 722 est,
740 666 802 711 ιιι
820 669 928 708 non
949 662 1138 708 essent
1166 649 1261 722 qui
1281 648 1685 720 provinciarum
1700 642 2028 715 praesidibus

448 763 802 806 successores
846 745 968 801 dari
1015 752 1263 819 possent.
1303 743 1383 796 Ac
1414 740 1509 795 alii
1555 739 1691 793 alias
1732 736 1805 792 ob
1835 748 2030 789 causas

452 853 559 898 tam
585 843 751 897 falsas
776 855 941 910 quam
968 854 1128 893 veras
1158 835 1581 892 occidebantur.
1612 830 1871 886 Aﬂmilius
1899 841 2030 882 vero

450 936 694 991 Scaurus
740 933 812 987 ob
841 931 1068 986 Atreum
1107 927 1451 999 tragaediam,
1509 925 1565 978 in
1614 938 1724 993 qua
1772 919 2032 974 monebat

453 1026 749 1097 quemdam
779 1032 837 1077 ut
864 1023 1130 1092 principis
1158 1020 1528 1074 temeritatem
1578 1014 1769 1076 l‘erret,
1803 1008 2032 1065 interfe-

453 1125 577 1171 ctus
616 1124 720 1169 est.
749 1113 885 1167 Nam
922 1111 1176 1165 Tiberius
1200 1110 1291 1162 iila
1333 1116 1521 1161 contra
1562 1120 1620 1159 se
1653 1102 1886 1159 conﬁcta
1911 1100 2031 1156 exi-

455 1208 710 1269 stimans,
730 1203 898 1258 dixit:
923 1205 1035 1272 Ego
1063 1217 1182 1254 vero
1215 1199 1368 1253 illum
1388 1198 1602 1267 Ajacem
1627 1194 1845 1264 faciam,
1877 1205 2033 1245 eum-

456 1313 563 1367 que
616 1296 721 1351 sibi
758 1309 956 1349 manus
997 1292 1195 1346 alIerre
1240 1290 1439 1359 coegit.
1483 1289 1630 1343 Inter
1688 1286 1806 1339 haec
1842 1281 2034 1337 adole-

455 1401 618 1442 scens
646 1384 865 1454 quidam
887 1384 939 1437 in
956 1380 1161 1436 Gracia
1190 1389 1247 1434 et
1275 1379 1423 1433 lo'nia
1457 1392 1516 1431 se
1546 1378 1783 1430 Drusum
1806 1386 1928 1428 esse
1952 1386 2035 1441 1a-

458 1484 641 1535 etans,
672 1471 872 1565 cupide
916 1486 947 1524 a
986 1468 1302 1525 civitatibus
1349 1478 1433 1522 est
1478 1472 1772 1535 susceptus
1809 1478 1823 1515 :
1867 1476 1933 1516 ac
1978 1461 2034 1516 in

459 1565 673 1636 Syriam
704 1556 879 1632 usque
919 1574 1269 1631 progressus,
1300 1560 1546 1629 legiones
1590 1560 1757 1612 etiam
1788 1556 2034 1624 accepis-

458 1668 564 1722 set,
590 1656 698 1711 nisi
722 1656 941 1726 agnitus
974 1670 1004 1708 a
1034 1653 1273 1723 quodam
1311 1661 1368 1707 et
1399 1660 1616 1721 captus.
1647 1651 1717 1703 ad
1745 1648 2032 1703 Tiberium

453 1747 572 1803 Caii
604 1747 827 1817 nuptias
842 1746 993 1800 Antii
1015 1746 1386 1799 celebrantem
1433 1744 1734 1813 perductus
1763 1748 1928 1796 esset.
1959 1739 2036 1794 Eo

458 1854 604 1891 anno
634 1837 853 1891 Tiberis
879 1836 1048 1889 multa
1082 1835 1239 1888 urbis
1272 1836 1389 1887 loca
1415 1809 1824 1897 sicinundavit,
1852 1838 1912 1883 ut
1938 1842 2035 1884 na-
2065 1809 2107 1865 Β

462 1928 794 1997 vigarentur,
832 1935 889 1980 et
923 1925 1032 1994 igni
1067 1924 1302 1993 plurima
1328 1921 1557 1976 aediﬁcia
1581 1928 1710 1975 sunt
1729 1925 2031 1987 assumpta.

457 2017 616 2083 Quod
671 2016 716 2071 si
747 2015 879 2085 quid
924 2014 1248 2086 Egyptiaea
1296 2012 1364 2067 ad
1408 2013 1684 2066 Romanos
1733 2009 2034 2078 pertinent,

462 2108 688 2180 phoenix
718 2122 787 2161 eo
819 2119 965 2159 anno
996 2114 1328 2174 conspectus
1370 2112 1457 2158 est
1485 2120 1499 2157 :
1547 2117 1670 2172 qua:
1706 2116 1795 2155 res
1827 2098 2034 2153 Tiberii

469 2209 701 2253 mortem
761 2196 1094 2268 portendere
1142 2195 1493 2251 videbantur.
1536 2193 1641 2261 Qui
1684 2208 1809 2247 cum
1863 2191 2037 2245 multo

465 2303 592 2347 ante
631 2299 962 2361 aegrotaret,
996 2304 1176 2358 neque
1209 2289 1388 2343 victus
1431 2287 1700 2341 rationem
1753 2283 2037 2349 mutabat,

460 2399 643 2454 neque
663 2383 893 2437 medicis
932 2382 1189 2436 utebatur
1234 2389 1463 2450 propter
1496 2375 1788 2446 Thrasyllii
1818 2374 1986 2429 verba
2021 2391 2034 2427 :

461 2477 553 2546 qui
599 2491 725 2529 cum
774 2484 831 2528 et
876 2474 1021 2527 diem
1051 2482 1108 2527 et
1138 2474 1325 2526 horam
1363 2471 1556 2525 mortis
1612 2470 1732 2539 ejus
1765 2465 2040 2537 exquisite

463 2575 669 2630 nosset,
717 2568 764 2618 ei
798 2565 1013 2619 dixerat
1047 2564 1377 2618 decennium
1423 2561 1606 2616 adhuc
1634 2561 1936 2623 victurum,
1979 2565 2041 2612 ut

463 2675 558 2728 spe
582 2656 949 2712 diuturnioris
984 2656 1109 2710 vita:
1147 2654 1331 2709 minus
1370 2654 1573 2707 multos
1604 2650 1907 2706 occideret.
1943 2645 2038 2704 Uti

463 2764 645 2808 autem
693 2753 753 2806 ﬁt
803 2754 857 2806 in
888 2751 1045 2806 senio
1087 2758 1143 2805 et
1185 2749 1391 2803 morbo
1411 2764 1520 2803 non
1553 2756 1740 2814 acuto,
1775 2747 1912 2801 alias
1944 2745 2041 2800 de-

461 2845 782 2909 emnhebat,
816 2843 953 2898 alias
986 2842 1426 2898 convalescebat.
1467 2839 1623 2897 Unde
1645 2837 1813 2895 Caius
1848 2846 1906 2892 et
1943 2835 2040 2891 alii

465 2952 613 2991 nunc
642 2946 701 2991 ut
733 2951 800 2990 eo
822 2935 1093 2989 morituro
1141 2933 1496 2998 laetabantur,
1533 2944 1680 2984 nunc
1708 2937 1769 2983 ut
1800 2941 2040 2984 evasnro

466 3026 794 3082 mmrebant.
830 3027 908 3080 Ac
939 3023 1152 3079 veritus
1173 3023 1359 3083 Caius,
1383 3036 1451 3075 ne
1471 3018 1847 3074 valetudinem
1878 3016 2039 3088 552

474 3125 853 3186 recuperaret,
877 3130 979 3170 nec
1008 3114 1194 3168 cibum
1238 3112 1449 3181 petenti
1483 3111 1670 3172 dabat.
1699 3110 1857 3179 quasi
1885 3109 1930 3163 is
1956 3108 2042 3162 in-

461 3209 916 3265 commodaturus
960 3206 1012 3261 ei
1060 3213 1227 3269 esset,
1257 3214 1310 3260 et
1342 3204 1532 3258 multis
1568 3217 1633 3256 ac
1662 3200 1850 3256 densis
1893 3208 2037 3255 stra-

462 3300 609 3371 gulis
654 3299 894 3369 injectis,
945 3299 1101 3369 quasi
1145 3295 1507 3352 calefactioue
1537 3308 1677 3363 opus
1702 3300 1874 3359 esset,
1912 3305 2040 3346 eum

462 3390 777 3454 suﬁ‘oeavit,
839 3403 1013 3442 annos
1054 3403 1129 3440 vu
1162 3396 1218 3441 et
1258 3401 1358 3439 Lxx
1398 3392 1611 3447 natum,
1642 3396 1861 3437 menses
1899 3387 2046 3445 tv,et

464 3481 589 3535 dies
649 3497 725 3536 ix.
771 3493 1009 3548 quorum
1066 3493 1102 3530 ιι
1164 3486 1221 3530 et
1268 3492 1337 3529 xx
1396 3474 1709 3544 imperavit,
1768 3488 1834 3528 ac
1887 3486 2044 3526 men-

466 3590 556 3629 ses
586 3583 642 3625 et
673 3574 794 3626 dies
837 3587 932 3633 vn,
968 3568 1122 3624 Obiit
1164 3584 1262 3622 xm
1313 3568 1430 3623 Kal.
1468 3567 1691 3637 Aprilis.
1734 3566 1893 3620 Anno
1925 3566 2046 3636 ejus

470 3666 689 3735 imperii
719 3680 787 3718 xv
832 3663 1099 3717 Dominus
1126 3671 1315 3717 uoster
1334 3661 1493 3715 Jesus
1526 3659 1779 3714 Christus
1804 3656 2049 3727 baptiza-

473 3768 560 3812 tus
589 3766 711 3822 est;
778 3771 932 3821 xvnt,
969 3755 1207 3808 traditus
1253 3763 1308 3808 et
1333 3752 1667 3817 cruciﬁxus,
1714 3749 2046 3805 resurrexit.

471 3850 668 3905 Narrat
712 3847 1007 3907 Eusebius.
1054 3846 1294 3901 Pilatum
1339 3843 1540 3899 Judaeze
1571 3851 1685 3897 tum
1723 3841 2036 3911 praesidem,

473 3940 685 3995 Domini
713 3949 834 3993 acta
876 3940 944 3993 ad
990 3938 1279 3993 Tiberium
1331 3934 1619 4004 scripsisse
1650 3974 1666 4000 ,
1713 3948 1840 3988 cum
1869 3932 2040 3987 moris

470 4041 655 4097 esset,
696 4040 754 4084 ut
790 4030 1201 4099 provinciarum
1235 4025 1500 4095 praefecti,
1535 4023 1579 4078 si
1610 4022 1744 4093 quid
1782 4022 1912 4077 novi
1949 4038 2043 4079 ac—

468 4122 716 4186 cidisset,
781 4122 835 4175 id
885 4119 1123 4190 principi
1166 4118 1562 4188 signiﬁcarent,
1618 4129 1689 4169 ne
1734 4113 1903 4168 ullius
1964 4114 2045 4169 rei

471 4229 593 4284 quae
629 4212 772 4282 apud
813 4221 1045 4279 exteros;
1074 4202 1401 4280 gereretur,
1452 4209 1677 4277 ignarus
1709 4216 1875 4262 esset.
1907 4205 2046 4261 Cum

472 4305 644 4368 enim,
678 4303 876 4372 inquit,
902 4300 1217 4357 Servatoris
1251 4300 1428 4354 nostri
1459 4313 1490 4353 e
1540 4299 1774 4354 mortuis
1799 4310 2049 4354 resurre-

468 4393 585 4450 ctio
632 4409 730 4463 per
756 4401 925 4448 totam
959 4390 1304 4448 Palaestinam
1338 4389 1618 4446 celebrata
1653 4400 1820 4456 esset,
1839 4390 2048 4446 Pilatus

2128 552 2336 623 πλῆθος
2363 553 2478 607 τῶν
2505 569 2566 606 τε
2593 549 2897 623 βουλευτῶν
2924 550 3018 602 καὶ
3046 548 3157 601 τῶν
3183 547 3357 601 ἄλλων
3390 548 3725 619 διέφθαρτο,

2129 644 2272 698 ὥστε
2306 645 2434 708 τοὺς
2467 644 2567 707 τάς
2611 643 2913 714 ἡγεμονίας
2958 640 3067 695 τῶν
3107 640 3278 694 ἐθνῶν
3313 640 3551 712 ἔχοντας
3584 645 3728 696 ἀπο-

2132 738 2225 807 ρίᾳ
2273 735 2382 789 τῶν
2421 736 2623 798 αὐτοὺς
2650 733 3048 804 διαδεξομένων
3079 732 3402 802 ἀδιαδόχους
3437 728 3610 787 εἶναι.
3662 734 3726 787 Ol

2134 829 2233 898 μὲν
2260 824 2356 882 οὖν
2386 827 2539 883 ἄλλοι
2567 827 2636 881 δι’
2664 825 2833 889 ἄλλας
2864 825 3049 889 αίτίας
3075 825 3169 877 καὶ
3199 823 3420 893 ψευδεῖς
3450 824 3564 901 ,καὶ
3593 823 3729 894 ἀλη-

2132 919 2245 984 θεῖς
2291 917 2664 974 ἐκτιννύοντο.
2697 917 2949 987 Αἰμίλιος
2984 916 3042 969 δὲ
3092 914 3338 988 Σκαῦρος
3367 916 3468 970 διά
3498 932 3726 986 τραγῳ-

2130 1011 2250 1065 δίαν
2294 1011 2590 1067 ἀπέθανεν.
2646 1011 2874 1081 Ἀτρεὺς
2920 1008 3022 1079 μὲν
3075 1009 3186 1077 γὰρ
3236 1009 3303 1063 τὸ
3356 1008 3587 1080 ποίημα
3638 1004 3730 1079 ἦν,

2133 1102 2371 1174 παρῄνει
2404 1102 2461 1156 δὲ
2492 1102 2601 1155 τῶν
2634 1100 2960 1171 ἀρχομένων
2984 1100 3110 1167 τινὶ,
3136 1099 3235 1170 τὴν
3261 1103 3356 1155 τοῦ
3383 1098 3729 1174 κρατοῦντος

2134 1196 2393 1248 ἀϐουλίαν
2423 1195 2635 1264 φέρειν.
2668 1190 2875 1248 Μαθὼν
2907 1186 3003 1245 οὖν
3029 1191 3204 1245 ταῦτα
3257 1192 3286 1244 6
3324 1191 3616 1264 Τιϐέριος.
3642 1190 3729 1243 ἐπ’

2135 1287 2297 1343 αύτδν
2332 1284 2665 1355 πεποιῆσθαι
2691 1283 2753 1337 τὸ
2782 1283 2914 1347 ἔπος
2934 1284 3181 1354 ἐνόμισε,
3216 1286 3311 1337 καὶ
3339 1279 3469 1337 εἷπε
3490 1300 3509 1317 °
3552 1282 3729 1353 Κάγὼ

2134 1373 2249 1433 οὖν
2279 1376 2506 1431 Αἴαντα
2546 1373 2735 1428 αὑτὸν
2765 1372 3021 1438 ποιήσω,
3072 1374 3167 1427 καὶ
3206 1373 3478 1444 αὑθεντίᾳ
3528 1372 3727 1427 ἀπολέ·

2138 1470 2262 1524 σθαι
2297 1467 2460 1522 αὐτὸν
2505 1468 2839 1537 ἠνάγκασεν.
2884 1465 2977 1518 Ἐν
3024 1466 3236 1529 τούτοις
3285 1468 3588 1530 νεανίσκος
3642 1481 3726 1531 τις

2135 1562 2375 1632 Δροῦσος
2404 1557 2551 1613 εἶναι
2583 1559 2778 1625 λέγων,
2808 1559 2938 1631 περί
2964 1576 3022 1612 τε
3056 1557 3154 1629 τὴν
3190 1557 3429 1613 Ἐλλάδα
3479 1559 3579 1612 καὶ
3627 1559 3722 1627 τὴν

2149 1653 2361 1707 Ἰωνίαν
2385 1650 2565 1722 ὤφθη.
2597 1651 2707 1705 Καὶ
2756 1650 3008 1716 ἐδέξαντο
3040 1650 3203 1704 αὑτὸν
3239 1651 3509 1719 ἀσμένως
3550 1651 3609 1704 αί
3634 1650 3724 1703 1:6-

2136 1746 2274 1809 λεις,
2307 1744 2399 1798 καὶ
2438 1743 2543 1796 κᾶν
2574 1744 2633 1806 ἐς
2666 1743 2767 1812 τὴν
2815 1742 3019 1812 Συρίαν
3073 1744 3450 1813 προχωρήσας
3490 1742 3722 1810 κατέσχε

2138 1835 2203 1888 τά
2247 1834 2609 1904 στρατόπεδα,
2647 1836 2696 1887 εί
2729 1835 2806 1904 μή
2842 1850 2929 1897 τις
2969 1834 3224 1902 ἐπιγνοὺς
3256 1834 3424 1888 αὐτὸν
3462 1834 3719 1888 συνέλαϐε

2138 1927 2233 1980 καὶ
2261 1927 2399 1997 πρὸς
2424 1925 2518 1979 τὸν
2549 1926 2803 1997 Τιϐέριον
2834 1927 3046 1996 ήγαγεν
3069 1942 3085 1958 ⁸
3115 1927 3144 1979 ὁ
3169 1925 3228 1979 δέ
3264 1928 3323 1979 ἐν
3360 1925 3570 1997 Ἀντίῳ
3600 1926 3722 1988 τοὺς

2137 2016 2232 2069 τοῦ
2274 2016 2438 2070 Γαΐου
2484 2015 2701 2086 γάμους
2749 2016 3050 2087 ἑώρταζεν.
3099 2015 3158 2071 '0
3209 2016 3442 2085 Τίϐερις
3490 2016 3551 2070 δὲ
3606 2016 3721 2068 τότε

2139 2108 2315 2163 πολλά
2368 2109 2469 2180 τῆς
2512 2109 2737 2180 Ῥώμης
2784 2110 3110 2175 ἐπέκλυσεν,
3157 2109 3298 2163 ὥστε
3354 2107 3719 2178 πλευσθῆναι,

2140 2205 2235 2257 καὶ
2267 2202 2402 2275 πυρὶ
2441 2202 2613 2274 μυρία
2661 2203 2898 2273 ἐφθάρη.
2936 2202 2998 2256 Et
3023 2202 3083 2256 δέ
3109 2219 3163 2254 τι
3210 2202 3411 2257 καὶτὰ
3450 2200 3722 2271 Αἰγύπτια
3784 2218 3795 2237 κ

2142 2295 2278 2367 πρὸς
2313 2296 2440 2358 τοὺς
2484 2294 2791 2365 Ῥωμαίους
2817 2295 3111 2365 προσήκει,
3138 2296 3167 2347 6
3195 2294 3379 2363 φοῖνιξ
3422 2294 3621 2363 ἐκείνῳ
3647 2292 3720 2361 τῷ

2143 2388 2253 2441 ἔτει
2288 2386 2469 2458 ὤφθη·
2498 2388 2592 2441 καὶ
2614 2386 2762 2452 ἔδοξε
2794 2387 2972 2442 ταῦτα
3000 2387 3095 2440 τὸν
3125 2386 3359 2440 θάνατον
3385 2385 3468 2457 τῷ
3488 2385 3720 2456 Τιϐερίῳ

2144 2480 2564 2550 προσημαίνειν.
2600 2478 2700 2542 ’ος
2747 2478 2972 2548 ἐνόσησε
3011 2478 3107 2548 μὲν
3160 2477 3267 2548 πρὸ
3311 2477 3563 2539 πλείονος
3594 2474 3720 2547 χρό-

2144 2586 2261 2636 νου,
2316 2568 2441 2623 οὕτε
2492 2569 2550 2623 δέ
2603 2570 2704 2640 τὴν
2752 2569 2967 2622 δίαιταν
3017 2568 3396 2640 παρήλλαξεν,
3434 2566 3563 2622 οὔτε
3612 2568 3721 2627 τοῖς

2146 2663 2352 2733 ίατροῖς
2400 2661 2696 2734 ἐκέχρητο,
2745 2660 2833 2715 διὰ
2862 2660 2954 2715 τὸν
2983 2661 3076 2714 τοῦ
3109 2661 3404 2732 Θρααύλου
3450 2662 3632 2728 λόγον,
3664 2657 3718 2721 ὃς

2143 2753 2286 2806 πάνυ
2341 2752 2440 2825 μὲν
2490 2750 2739 2821 ἀκριϐῶς
2786 2751 2905 2822 ᾔδει
2943 2751 3039 2805 καὶ
3075 2752 3176 2821 τὴν
3224 2750 3449 2823 ἡμέραν
3493 2755 3591 2805 καὶ
3624 2747 3717 2818 τὴν

2144 2846 2295 2918 ὥραν
2362 2842 2486 2899 καθ’
2527 2842 2596 2915 ἢν
2648 2842 3001 2913 τεθνήξεσθαι
3061 2841 3288 2912 ἔμελλεν
3344 2844 3376 2897 6
3450 2841 3716 2912 Τιϐέριος.

2144 2937 2338 3007 ἐκείνῳ
2386 2936 2443 2989 δέ
2473 2935 2607 2989 δέκα
2645 2935 2928 2997 ἐνιαυτοὺς
2957 2933 3038 2987 ἔτι
3067 2933 3367 3005 βιώσεσθαι
3412 2935 3624 3003 ἔλεγεν,
3657 2932 3720 2986 ίν’

2145 3031 2221 3091 ὡς
2273 3029 2367 3082 ἐπὶ
2412 3027 2751 3098 μακρότερον
2810 3024 3015 3095 ζήσων,
3079 3026 3155 3095 μὴ
3205 3026 3442 3097 ἐπειχθῇ
3500 3023 3721 3086 πολλοὺς

2067 3153 2113 3213 c
2146 3120 2487 3173 ἀποκτεῖναι.
2518 3114 2620 3172 Οἷα
2644 3117 2690 3170 δ’
2721 3119 2779 3169 ἐν
2806 3119 2956 3189 γήρᾳ
2993 3116 3089 3171 καὶ
3115 3116 3256 3188 νόσῳ
3283 3121 3362 3191 μὴ
3392 3117 3571 3188 ὀξείᾳ,
3603 3113 3719 3168 τοτὲ

2149 3212 2248 3281 μὲν
2286 3211 2668 3277 κατεπονεῖτο,
2703 3208 2826 3263 τοτὲ
2859 3209 2917 3261 δὲ
2966 3207 3374 3279 ἀνεῤῥώννυτο.
3414 3204 3719 3262 Κάντεῦθεν

2145 3301 2317 3356 ἐνίοτε
2355 3301 2453 3372 μὲν
2490 3300 2684 3373 ἥδοντο
2729 3300 2783 3352 οἶ
2827 3317 2889 3353 τε
2926 3299 3132 3365 λοιποὶ,
3191 3299 3289 3352 καὶ
3336 3303 3368 3353 6
3428 3301 3606 3361 Γαῖος,
3646 3296 3715 3356 ὡς

2144 3393 2584 3465 τελευτήσοντος.
2630 3390 2833 3445 Ἐνίοτε
2870 3392 2927 3444 δὲ
2959 3390 3034 3456 ὡς
3067 3392 3164 3445 καὶ
3198 3390 3512 3461 ζησομένου
3558 3387 3716 3455 πεφό-

2148 3487 2336 3556 ϐηντο.
2369 3485 2567 3549 Δείσας
2598 3484 2691 3539 οὖν
2736 3486 2765 3537 6
2801 3485 2962 3549 Γάϊος
3013 3485 3088 3556 μὴ
3137 3486 3231 3539 καὶ
3268 3485 3558 3554 ἀνασωθῇ,
3601 3480 3715 3534 οὔτε

2148 3580 2343 3647 φαγεῖν
2391 3578 2679 3650 αἰτήσαντι
2724 3577 2947 3643 ἔδωκεν,
2984 3577 3057 3638 di;
3099 3576 3241 3645 τάχα
3304 3575 3713 3646 βλαϐησομένῳ,

2147 3668 2245 3720 καὶ
2274 3668 2465 3738 ίμάτια
2496 3668 2667 3721 πολλὰ
2694 3669 2790 3721 καὶ
2830 3668 3010 3736 παχέα
3047 3667 3119 3731 ib;
3149 3667 3459 3738 θερμασίας
3489 3664 3719 3732 δεομένῳ

2149 3758 2495 3829 προσέϐαλε*
2551 3760 2644 3813 καὶ
2676 3757 2852 3821 οὕτως
2886 3757 3189 3822 ἀπέπνιξεν
3241 3759 3431 3819 αὑτὸν,
3484 3758 3715 3828 ζήσαντα

2149 3852 2245 3920 ἐτη
2276 3851 2418 3905 ἐπτά
2444 3849 2581 3921 πρὸς
2616 3850 2736 3911 τοῖς
2766 3848 3146 3918 ἐϐδομήκοντα
3185 3848 3279 3903 καὶ
3322 3850 3502 3920 μῆνας
3533 3846 3717 3899 τέσσα-

2152 3961 2272 4014 ρας,
2320 3943 2417 3996 καὶ
2473 3942 2686 4012 ἡμέρας
2734 3943 2911 4005 ἐννέα,
2969 3940 3066 4008 ἀρ’
3096 3934 3172 3995 ὧν
3225 3941 3336 3994 δύω
3393 3943 3487 3994 καὶ
3523 3939 3717 3991 εἴκοσιν

2150 4033 2433 4096 ἐνιαυτοὺς
2483 4032 2834 4101 ἐμονάρχησε
2878 4031 2972 4083 καὶ
3019 4031 3196 4101 μῆνας
3224 4018 3363 4085 ιτετά
3392 4032 3489 4085 καὶ
3516 4027 3714 4099 ἡμέρας

2150 4125 2290 4179 ἑπτά
2314 4141 2327 4155 ο
2362 4122 2664 4195 μετήλλαξε
2699 4121 2755 4175 δέ
2786 4124 2853 4193 τῇ
2885 4122 3108 4192 εἰκοστῇ
3138 4122 3229 4174 τοῦ
3256 4119 3712 4193 Μαρτίουιὴμέρᾳ.

2151 4216 2353 4270 Τούτου
2383 4214 2460 4285 τῷ
2492 4212 2967 4283 πεντεκαιδεκάτῳ
2998 4212 3109 4265 ἔτει
3136 4213 3447 4284 ἐϐαπτίσθη
3470 4214 3498 4265 6
3526 4210 3716 4279 Κύριος

2148 4308 2308 4378 ήμῶν
2351 4306 2559 4378 Ἰησοῦς
2609 4305 2885 4376 Χριστός·
2942 4305 3002 4358 ἐν
3049 4304 3105 4358 δὲ
3159 4303 3239 4376 τῷ
3270 4300 3714 4367 ὀκτωκαιδεκάτῳ

2151 4399 2422 4470 παρεδόθη
2469 4399 2564 4451 καὶ
2609 4396 2934 4468 ἐσταυρώθη
2966 4398 3061 4450 καὶ
3093 4396 3315 4467 ἀνέστη.
3359 4397 3585 4466 Ἱστορεῖ
3617 4390 3715 4446 δέὁ

469 4502 593 4542 eam
625 4501 743 4541 rem
779 4485 1006 4539 Tiberio
1045 4483 1372 4553 imperatori
1403 4483 1839 4538 communicavit
1871 4500 1885 4537 :
1949 4482 2041 4553 qui

2153 4491 2411 4554 Εὐσέϐιος
2444 4532 2460 4558 ,
2511 4490 2604 4543 τὸν
2650 4488 2886 4543 Πιλάτον
2940 4489 3041 4558 τῆς
3106 4489 3370 4552 Ἰουδαίας
3429 4481 3713 4558 τηνικαῦτα

468 4591 599 4633 cum
650 4576 863 4630 caeteris
902 4576 1026 4644 ejus
1095 4574 1378 4630 miraculis
1421 4574 1668 4637 auditis,
1729 4582 1843 4627 tum
1895 4573 2042 4643 quod

367 4743 373 4748 .
472 4676 599 4738 post
621 4668 1087 4721 resurrectionem
1113 4681 1144 4720 e
1171 4666 1403 4721 mortuis
1427 4681 1456 4719 a
1495 4665 1747 4735 plurimis
1781 4665 1927 4719 Deus
1958 4680 2045 4719 es-

470 4772 534 4812 se
568 4757 912 4821 crederetur,
939 4756 1008 4812 ad
1049 4766 1301 4813 senatum
1319 4758 1388 4812 de
1415 4772 1485 4812 eo
1512 4758 1719 4811 retulit.
1742 4756 1791 4811 Is
1813 4770 1945 4810 vero
1961 4771 2047 4811 re-

471 4853 719 4921 lragatus
766 4859 873 4914 est,
922 4849 1071 4920 quod
1116 4849 1235 4920 ipse
1281 4850 1335 4904 id
1372 4864 1484 4904 non
1534 4850 1691 4920 prius
1734 4848 2042 4919 probasset.

471 4944 607 5000 Nam
635 4942 809 4996 veteri
841 4942 961 5012 lege
987 4940 1261 4996 sancitum
1287 4948 1426 5005 erat,
1473 4955 1543 4995 ne
1565 4940 1692 5010 quis
1720 4940 1880 4994 aliter
1902 4938 2045 5009 apud

473 5036 750 5090 Romanos
803 5034 860 5087 in
910 5033 1139 5088 deorum
1175 5047 1468 5086 numerum
1509 5031 1831 5094 referretur,
1864 5032 1919 5084 ni
1961 5045 2049 5085 se-

475 5134 640 5179 natus
676 5125 930 5196 jussisset
958 5138 1025 5178 ac
1045 5124 1400 5179 decrevisset.
1424 5121 1561 5178 Cum
1599 5132 1781 5176 autem
1812 5120 2046 5177 Romani

472 5216 816 5288 rogationem
854 5216 922 5270 de
943 5215 1237 5271 Servatore
1268 5225 1459 5270 nostro
1492 5215 1919 5285 improbassent.
1951 5216 2047 5267 Ti-

476 5311 691 5367 berium
730 5311 784 5364 in
819 5309 1051 5378 pristina
1092 5308 1161 5363 de
1204 5323 1273 5362 eo
1314 5306 1586 5363 sententia
1613 5318 2046 5376 permanentem,

472 5403 613 5457 nihil
661 5403 883 5472 gravius
938 5401 997 5455 in
1051 5400 1359 5455 doctrinam
1412 5398 1782 5453 Christianam
1838 5400 2047 5456 consti-

474 5494 647 5548 tuisse
683 5513 694 5547 ε
728 5506 793 5547 ac
826 5501 1022 5547 testem
1047 5491 1236 5546 laudat
1262 5489 1698 5553 Tertullianum.
1740 5490 2049 5548 Romanum

473 5585 804 5653 scriptorem
859 5592 915 5637 et
938 5583 1147 5638 clarum
1169 5583 1376 5647 virum,
1403 5582 1563 5651 cujus
1613 5583 1731 5639 hac
1778 5598 1843 5640 ea
1878 5584 1946 5640 de
1991 5602 2051 5643 re

474 5679 643 5729 verba
687 5680 955 5730 exstant:
1019 5674 1176 5729 Vetus
1228 5682 1489 5729 statutum
1525 5676 1646 5745 fuit,
1698 5693 1764 5731 ne
1813 5680 1928 5749 quis
1985 5682 2049 5735 ab

477 5763 589 5817 ullo
630 5765 756 5816 deus
779 5774 1198 5831 consecraretur,
1226 5767 1534 5830 priusquam
1556 5767 1613 5822 id
1638 5785 1670 5824 a
1700 5778 1889 5825 senatu
1924 5787 2050 5826 oro-

2152 4582 2603 4654 ἐπιτροπεύοντα,
2632 4584 2843 4651 γράψαι
2875 4579 2946 4633 τά
2989 4579 3121 4650 περὶ
3166 4580 3260 4633 τοῦ
3291 4580 3492 4651 Κυρίου
3525 4575 3600 4645 τῷ
3627 4574 3713 4625 Τι-

2150 4674 2340 4743 ϐερίῳ,
2366 4673 2520 4737 έθους
2543 4671 2697 4734 ὄντος
2747 4672 2860 4735 τοῖς
2887 4671 2998 4724 τῶν
3022 4672 3196 4725 ἐθνῶν
3222 4672 3454 4743 ἄρχουσι
3480 4669 3546 4723 τά
3571 4660 3710 4735 παρὶ

2152 4763 2305 4831 σφίσι
2360 4759 2832 4830 καινοτομούμενα
2881 4759 3075 4831 δηλοῦν
3122 4761 3202 4831 τῷ
3267 4764 3369 4833 τὴν
3422 4756 3708 4832 μοναρχίαν

2158 4852 2409 4918 ίθύνοντι,
2443 4851 2511 4905 ἶν’
2542 4850 2692 4923 αὐτῷ
2733 4852 2900 4923 μηδὲν
2955 4852 3221 4921 ἀγνοῆται
3274 4854 3382 4907 τῶν
3435 4849 3564 4917 παρ’
3592 4844 3709 4900 ἑκά·

2156 4959 2301 5006 στοις
2346 4942 2458 4996 τῶν
2493 4943 2663 4997 ἐθνῶν
2698 4945 3021 5013 γινομένων.
3058 4945 3198 5015 Ἤδη
3248 4943 3379 5016 γάρ,
3434 4940 3586 5012 φησὶ,
3616 4934 3705 5004 τῆς

2156 5039 2222 5089 ἐκ
2288 5037 2500 5107 νεκρῶν
2564 5036 2913 5097 ἀναστάσεως
2968 5035 3061 5088 τοῦ
3120 5036 3374 5106 Σωτῆρος
3429 5031 3582 5105 ἡμῶν
3633 5026 3706 5085 εἷς

2157 5130 2407 5191 ἅπαντας
2442 5129 2500 5180 ἐν
2532 5128 2684 5199 πάσῃ
2714 5129 2778 5197 τῇ
2815 5125 3142 5196 Παλαιστίνῃ
3173 5122 3617 5194 διαϐεϐοημένης.
3642 5110 3704 5164 τά

2157 5221 2286 5290 περὶ
2330 5220 2498 5287 αὐτῆς
2548 5220 2576 5272 ὁ
2618 5217 2849 5280 Πιλάτος
2882 5215 3209 5269 ἐκοινώσατο
3245 5216 3480 5284 Τιϐερίῳ
3516 5207 3589 5275 τῷ
3618 5203 3706 5257 αὖ·

2157 5313 2449 5382 τοκράτορι
2492 5310 2548 5373 ὃς
2579 5311 2644 5364 τὰ
2688 5310 2855 5363 λοιπά
2887 5325 2945 5361 τε
2990 5309 3156 5361 αὐτοῦ
3191 5304 3550 5377 ἠνωτισμένος
3582 5299 3701 5350 θαυ⁸

2161 5402 2354 5472 μάσια,
2403 5403 2497 5456 καὶ
2542 5402 2618 5465 ώς
2654 5402 2795 5471 μετὰ
2843 5402 3073 5454 θάνατον
3121 5401 3186 5453 ἐκ
3236 5402 3443 5467 νεκρῶν
3482 5385 3701 5449 ἀναστὰς

2157 5492 2290 5558 Θεὸς
2335 5488 2474 5546 εἶναι
2518 5491 2671 5562 παρά
2721 5491 2997 5554 πλείστοις
3047 5490 3146 5563 ήδη
3218 5491 3583 5545 πεπίστευται,
3614 5476 3697 5529 ἀνι

2159 5585 2362 5657 ήνεγκε
2400 5587 2468 5655 τῇ
2501 5583 2788 5654 συγκλήτῳ
2833 5581 3026 5637 ταῦτα.
3072 5582 3287 5652 Ἐκείνη
3328 5581 3385 5636 δέ
3429 5578 3518 5631 τὸν
3559 5570 3699 5633 λόγον

2160 5679 2442 5741 ἀπώσατο,
2495 5678 2580 5729 ὅτι
2617 5676 2693 5746 μὴ
2728 5675 2996 5745 πρότερον
3028 5675 3166 5744 αὐτὴ
3196 5675 3354 5729 τοῦτο
3381 5663 3695 5746 δοκιμάσεισά

2156 5766 2248 5840 ἦν,
2299 5768 2531 5824 παλαιοῦ
2777 5742 3061 5841 κειμένου,
3103 5742 3183 5842 μή
3209 5767 3385 5830 άλλως
3412 5757 3532 5817 τινὰ
3557 5742 3692 5817 παΡά
