  <div class='ocr_page' id='page_1' title='image "/cluster/home/n/w/nwhite01/storage/ocr_20150623/134:no.1/coo.31924054870393/476.png"; bbox 0 0 4048 6422; ppageno 0'>
   <div class='ocr_carea' id='block_1_1' title="bbox 415 356 2013 443">
    <p class='ocr_par' dir='ltr' id='par_1_1' title="bbox 415 356 2013 431">
     <span class='ocr_line' id='line_1_1' title="bbox 415 356 2013 431; baseline 0.008 -13"><span class='ocrx_word' id='word_1_1' title='bbox 415 356 521 419; x_wconf 67' lang='lat'><strong>933</strong></span> <span class='ocrx_word' id='word_1_2' title='bbox 1268 392 1277 401; x_wconf 63' lang='grc' dir='ltr'><em>ν</em></span> <span class='ocrx_word' id='word_1_3' title='bbox 1683 369 1780 428; x_wconf 83' lang='grc' dir='ltr'><strong>ΛΝ</strong></span> <span class='ocrx_word' id='word_1_4' title='bbox 1792 370 2013 431; x_wconf 71' lang='grc' dir='ltr'><strong>ΝΑΜῐ</strong></span> 
     </span>
    </p>
   </div>
   <div class='ocr_carea' id='block_1_2' title="bbox 2089 356 3687 443">
    <p class='ocr_par' dir='ltr' id='par_1_2' title="bbox 2089 374 3687 443">
     <span class='ocr_line' id='line_1_2' title="bbox 2089 374 3687 443; baseline 0.005 -13"><span class='ocrx_word' id='word_1_5' title='bbox 2089 425 2093 430; x_wconf 73' lang='grc'><strong>,</strong></span> <span class='ocrx_word' id='word_1_6' title='bbox 2132 374 2279 434; x_wconf 85' lang='lat' dir='ltr'><strong>LIB.</strong></span> <span class='ocrx_word' id='word_1_7' title='bbox 2322 375 2423 436; x_wconf 80' lang='lat' dir='ltr'><strong>Xl.</strong></span> <span class='ocrx_word' id='word_1_8' title='bbox 2460 434 2469 443; x_wconf 93' lang='grc'><strong>,</strong></span> <span class='ocrx_word' id='word_1_9' title='bbox 3584 376 3687 439; x_wconf 75' lang='grc'><strong>934</strong></span> 
     </span>
    </p>
   </div>
   <div class='ocr_carea' id='block_1_3' title="bbox 424 471 2022 557">
    <p class='ocr_par' dir='ltr' id='par_1_3' title="bbox 424 471 1993 554">
     <span class='ocr_line' id='line_1_3' title="bbox 424 471 1993 554; baseline 0.01 -32"><span class='ocrx_word' id='word_1_10' title='bbox 424 471 722 540; x_wconf 73' lang='grc' dir='ltr'>Ῥωμαίοις</span> <span class='ocrx_word' id='word_1_11' title='bbox 760 472 1150 537; x_wconf 79' lang='grc' dir='ltr'>θεοποιεῖσθαι,</span> <span class='ocrx_word' id='word_1_12' title='bbox 1196 479 1273 547; x_wconf 65' lang='grc' dir='ltr'>μὴ</span> <span class='ocrx_word' id='word_1_13' title='bbox 1324 480 1447 548; x_wconf 77' lang='grc' dir='ltr'>οὐχὶ</span> <span class='ocrx_word' id='word_1_14' title='bbox 1498 480 1666 553; x_wconf 57' lang='grc' dir='ltr'>ψήφῳ</span> <span class='ocrx_word' id='word_1_15' title='bbox 1715 484 1815 554; x_wconf 87' lang='grc' dir='ltr'>τῆς</span> <span class='ocrx_word' id='word_1_16' title='bbox 1863 501 1993 551; x_wconf 85' lang='grc' dir='ltr'>συγ-</span> 
     </span>
    </p>
   </div>
   <div class='ocr_carea' id='block_1_4' title="bbox 2086 471 3684 557">
    <p class='ocr_par' dir='ltr' id='par_1_4' title="bbox 2098 485 3684 557">
     <span class='ocr_line' id='line_1_4' title="bbox 2098 485 3684 557; baseline 0.004 -19"><span class='ocrx_word' id='word_1_17' title='bbox 2098 485 2281 539; x_wconf 85' lang='lat' dir='ltr'><strong>balum</strong></span> <span class='ocrx_word' id='word_1_18' title='bbox 2313 495 2466 541; x_wconf 78' lang='lat' dir='ltr'><strong>esset.</strong></span> <span class='ocrx_word' id='word_1_19' title='bbox 2501 486 2759 542; x_wconf 92' lang='lat' dir='ltr'><strong>Tiberius</strong></span> <span class='ocrx_word' id='word_1_20' title='bbox 2791 486 2978 557; x_wconf 77' lang='lat' dir='ltr'><strong>igitur,</strong></span> <span class='ocrx_word' id='word_1_21' title='bbox 3020 501 3145 541; x_wconf 85' lang='lat' dir='ltr'><strong>eum</strong></span> <span class='ocrx_word' id='word_1_22' title='bbox 3183 501 3383 542; x_wconf 87' lang='lat' dir='ltr'><strong>nomen</strong></span> <span class='ocrx_word' id='word_1_23' title='bbox 3415 486 3684 544; x_wconf 81' lang='lat' dir='ltr'><strong>Christia-</strong></span> 
     </span>
    </p>
   </div>
   <div class='ocr_carea' id='block_1_5' title="bbox 412 563 2010 647">
    <p class='ocr_par' dir='ltr' id='par_1_5' title="bbox 412 563 2004 645">
     <span class='ocr_line' id='line_1_5' title="bbox 412 563 2004 645; baseline 0.009 -31"><span class='ocrx_word' id='word_1_24' title='bbox 412 563 615 634; x_wconf 87' lang='grc' dir='ltr'>κλήτου</span> <span class='ocrx_word' id='word_1_25' title='bbox 668 565 765 618; x_wconf 80' lang='grc' dir='ltr'><strong>καὶ</strong></span> <span class='ocrx_word' id='word_1_26' title='bbox 819 565 1075 637; x_wconf 86' lang='grc' dir='ltr'>δόγματι.</span> <span class='ocrx_word' id='word_1_27' title='bbox 1120 568 1340 640; x_wconf 83' lang='grc' dir='ltr'><strong>Ταύτης</strong></span> <span class='ocrx_word' id='word_1_28' title='bbox 1393 571 1437 623; x_wconf 82' lang='grc' dir='ltr'>δ’</span> <span class='ocrx_word' id='word_1_29' title='bbox 1470 570 1571 623; x_wconf 72' lang='grc' dir='ltr'>οὖν</span> <span class='ocrx_word' id='word_1_30' title='bbox 1623 575 2004 645; x_wconf 82' lang='grc' dir='ltr'><strong>ἀπωσαμένης</strong></span> 
     </span>
    </p>
   </div>
   <div class='ocr_carea' id='block_1_6' title="bbox 2086 563 3684 647">
    <p class='ocr_par' dir='ltr' id='par_1_6' title="bbox 2102 575 3684 647">
     <span class='ocr_line' id='line_1_6' title="bbox 2102 575 3684 647; baseline 0.002 -19"><span class='ocrx_word' id='word_1_31' title='bbox 2102 590 2302 629; x_wconf 90' lang='lat' dir='ltr'><strong>norum</strong></span> <span class='ocrx_word' id='word_1_32' title='bbox 2344 575 2400 629; x_wconf 90' lang='lat' dir='ltr'><strong>in</strong></span> <span class='ocrx_word' id='word_1_33' title='bbox 2442 576 2709 630; x_wconf 92' lang='lat' dir='ltr'><strong>mundum</strong></span> <span class='ocrx_word' id='word_1_34' title='bbox 2741 576 3048 647; x_wconf 77' lang='lat' dir='ltr'><strong>ingressum</strong></span> <span class='ocrx_word' id='word_1_35' title='bbox 3092 588 3274 643; x_wconf 88' lang='lat' dir='ltr'><strong>esset,</strong></span> <span class='ocrx_word' id='word_1_36' title='bbox 3310 578 3361 632; x_wconf 89' lang='lat' dir='ltr'><strong>id</strong></span> <span class='ocrx_word' id='word_1_37' title='bbox 3397 578 3684 632; x_wconf 89' lang='lat' dir='ltr'><strong>decretum</strong></span> 
     </span>
    </p>
   </div>
   <div class='ocr_carea' id='block_1_7' title="bbox 412 655 2010 741">
    <p class='ocr_par' dir='ltr' id='par_1_7' title="bbox 412 655 2003 737">
     <span class='ocr_line' id='line_1_7' title="bbox 412 655 2003 737; baseline 0.008 -31"><span class='ocrx_word' id='word_1_38' title='bbox 412 655 505 708; x_wconf 81' lang='grc' dir='ltr'>τὸν</span> <span class='ocrx_word' id='word_1_39' title='bbox 536 655 667 731; x_wconf 63' lang='grc' dir='ltr'>περὶ.</span> <span class='ocrx_word' id='word_1_40' title='bbox 690 655 786 709; x_wconf 85' lang='grc' dir='ltr'>τοῦ</span> <span class='ocrx_word' id='word_1_41' title='bbox 824 658 1078 727; x_wconf 75' lang='grc' dir='ltr'><strong>Σωτῆρος</strong></span> <span class='ocrx_word' id='word_1_42' title='bbox 1104 660 1264 730; x_wconf 75' lang='grc' dir='ltr'>ἡμῶν</span> <span class='ocrx_word' id='word_1_43' title='bbox 1293 662 1475 730; x_wconf 87' lang='grc' dir='ltr'>λόγον,</span> <span class='ocrx_word' id='word_1_44' title='bbox 1507 664 1600 717; x_wconf 70' lang='grc' dir='ltr'><strong>τὸν</strong></span> <span class='ocrx_word' id='word_1_45' title='bbox 1647 664 1903 736; x_wconf 86' lang='grc' dir='ltr'>Τιϐέριον</span> <span class='ocrx_word' id='word_1_46' title='bbox 1934 667 2003 737; x_wconf 84' lang='grc' dir='ltr'><strong>ἢν</strong></span> 
     </span>
    </p>
   </div>
   <div class='ocr_carea' id='block_1_8' title="bbox 2091 655 3689 741">
    <p class='ocr_par' dir='ltr' id='par_1_8' title="bbox 2099 661 3689 741">
     <span class='ocr_line' id='line_1_8' title="bbox 2099 661 3689 741; baseline 0.001 -19"><span class='ocrx_word' id='word_1_47' title='bbox 2099 683 2167 722; x_wconf 79' lang='lat' dir='ltr'><strong>ex</strong></span> <span class='ocrx_word' id='word_1_48' title='bbox 2193 670 2509 735; x_wconf 62' lang='lat' dir='ltr'><strong>Palaestina,</strong></span> <span class='ocrx_word' id='word_1_49' title='bbox 2536 661 2630 726; x_wconf 48' lang='lat' dir='ltr'><strong>ubi</strong></span> <span class='ocrx_word' id='word_1_50' title='bbox 2663 671 2902 741; x_wconf 86' lang='lat' dir='ltr'><strong>primum</strong></span> <span class='ocrx_word' id='word_1_51' title='bbox 2930 680 3111 725; x_wconf 87' lang='lat' dir='ltr'><strong>ortum</strong></span> <span class='ocrx_word' id='word_1_52' title='bbox 3143 681 3285 735; x_wconf 83' lang='lat' dir='ltr'><strong>eral,</strong></span> <span class='ocrx_word' id='word_1_53' title='bbox 3323 671 3427 725; x_wconf 86' lang='lat' dir='ltr'><strong>sibi</strong></span> <span class='ocrx_word' id='word_1_54' title='bbox 3464 671 3689 724; x_wconf 74' lang='lat' dir='ltr'><strong>numiu-</strong></span> 
     </span>
    </p>
   </div>
   <div class='ocr_carea' id='block_1_9' title="bbox 412 744 2010 828">
    <p class='ocr_par' dir='ltr' id='par_1_9' title="bbox 412 744 2003 828">
     <span class='ocr_line' id='line_1_9' title="bbox 412 744 2003 828; baseline 0.009 -30"><span class='ocrx_word' id='word_1_55' title='bbox 412 746 509 799; x_wconf 83' lang='grc' dir='ltr'>καὶ</span> <span class='ocrx_word' id='word_1_56' title='bbox 544 747 737 818; x_wconf 84' lang='grc' dir='ltr'>πρώην</span> <span class='ocrx_word' id='word_1_57' title='bbox 789 744 905 819; x_wconf 87' lang='grc' dir='ltr'>εἷχε</span> <span class='ocrx_word' id='word_1_58' title='bbox 939 752 1168 822; x_wconf 81' lang='grc' dir='ltr'><strong>γνώμην</strong></span> <span class='ocrx_word' id='word_1_59' title='bbox 1203 755 1548 825; x_wconf 78' lang='grc' dir='ltr'><strong>τηρήσαντα,</strong></span> <span class='ocrx_word' id='word_1_60' title='bbox 1588 757 1758 828; x_wconf 83' lang='grc' dir='ltr'>μηδὲν</span> <span class='ocrx_word' id='word_1_61' title='bbox 1798 758 2003 812; x_wconf 84' lang='grc' dir='ltr'>ἄτοπον</span> 
     </span>
    </p>
   </div>
   <div class='ocr_carea' id='block_1_10' title="bbox 2090 744 3688 828">
    <p class='ocr_par' dir='ltr' id='par_1_10' title="bbox 2103 760 3688 827">
     <span class='ocr_line' id='line_1_10' title="bbox 2103 760 3688 827; baseline 0 -14"><span class='ocrx_word' id='word_1_62' title='bbox 2103 768 2244 826; x_wconf 87' lang='lat' dir='ltr'><strong>tum,</strong></span> <span class='ocrx_word' id='word_1_63' title='bbox 2271 775 2396 815; x_wconf 82' lang='lat' dir='ltr'><strong>eum</strong></span> <span class='ocrx_word' id='word_1_64' title='bbox 2435 770 2628 814; x_wconf 89' lang='lat' dir='ltr'><strong>senatu</strong></span> <span class='ocrx_word' id='word_1_65' title='bbox 2671 760 3107 815; x_wconf 88' lang='lat' dir='ltr'><strong>communicavit</strong></span> <span class='ocrx_word' id='word_1_66' title='bbox 3150 802 3167 827; x_wconf 90' lang='lat'><strong>,</strong></span> <span class='ocrx_word' id='word_1_67' title='bbox 3225 760 3371 813; x_wconf 85' lang='lat' dir='ltr'><strong>haud</strong></span> <span class='ocrx_word' id='word_1_68' title='bbox 3426 760 3688 815; x_wconf 89' lang='lat' dir='ltr'><strong>dissimu-</strong></span> 
     </span>
    </p>
   </div>
   <div class='ocr_carea' id='block_1_11' title="bbox 413 834 2011 921">
    <p class='ocr_par' dir='ltr' id='par_1_11' title="bbox 413 839 1998 921">
     <span class='ocr_line' id='line_1_11' title="bbox 413 839 1998 921; baseline 0.009 -31"><span class='ocrx_word' id='word_1_69' title='bbox 413 839 558 891; x_wconf 89' lang='grc' dir='ltr'><strong>κατά</strong></span> <span class='ocrx_word' id='word_1_70' title='bbox 594 839 695 908; x_wconf 88' lang='grc' dir='ltr'>τῆς</span> <span class='ocrx_word' id='word_1_71' title='bbox 724 840 964 911; x_wconf 85' lang='grc' dir='ltr'><strong>Χριστοῦ</strong></span> <span class='ocrx_word' id='word_1_72' title='bbox 994 842 1349 909; x_wconf 81' lang='grc' dir='ltr'><strong>διδασκαλίας</strong></span> <span class='ocrx_word' id='word_1_73' title='bbox 1381 848 1691 918; x_wconf 75' lang='grc' dir='ltr'><strong>ἐπινοῆσαι.</strong></span> <span class='ocrx_word' id='word_1_74' title='bbox 1724 851 1998 921; x_wconf 85' lang='grc' dir='ltr'>Μάρτυρα</span> 
     </span>
    </p>
   </div>
   <div class='ocr_carea' id='block_1_12' title="bbox 2085 834 3683 921">
    <p class='ocr_par' dir='ltr' id='par_1_12' title="bbox 2100 834 3683 921">
     <span class='ocr_line' id='line_1_12' title="bbox 2100 834 3683 921; baseline 0.001 -19"><span class='ocrx_word' id='word_1_75' title='bbox 2100 849 2245 912; x_wconf 88' lang='lat' dir='ltr'><strong>laus.</strong></span> <span class='ocrx_word' id='word_1_76' title='bbox 2314 850 2540 921; x_wconf 89' lang='lat' dir='ltr'><strong>probari</strong></span> <span class='ocrx_word' id='word_1_77' title='bbox 2572 851 2677 906; x_wconf 86' lang='lat' dir='ltr'><strong>sibi</strong></span> <span class='ocrx_word' id='word_1_78' title='bbox 2715 851 2767 904; x_wconf 91' lang='lat' dir='ltr'><strong>id</strong></span> <span class='ocrx_word' id='word_1_79' title='bbox 2804 834 3166 921; x_wconf 68' lang='lat' dir='ltr'><strong>prmconium.</strong></span> <span class='ocrx_word' id='word_1_80' title='bbox 3210 851 3330 917; x_wconf 88' lang='lat' dir='ltr'><strong>Quo</strong></span> <span class='ocrx_word' id='word_1_81' title='bbox 3380 866 3410 904; x_wconf 92' lang='lat' dir='ltr'><strong>a</strong></span> <span class='ocrx_word' id='word_1_82' title='bbox 3464 860 3683 915; x_wconf 90' lang='lat' dir='ltr'><strong>senatu,</strong></span> 
     </span>
    </p>
   </div>
   <div class='ocr_carea' id='block_1_13' title="bbox 410 930 2008 1011">
    <p class='ocr_par' dir='ltr' id='par_1_13' title="bbox 410 930 2005 1008">
     <span class='ocr_line' id='line_1_13' title="bbox 410 930 2005 1008; baseline 0.008 -25"><span class='ocrx_word' id='word_1_83' title='bbox 410 930 455 983; x_wconf 86' lang='grc' dir='ltr'>δ’</span> <span class='ocrx_word' id='word_1_84' title='bbox 480 931 573 982; x_wconf 77' lang='grc' dir='ltr'><strong>ἐπὶ</strong></span> <span class='ocrx_word' id='word_1_85' title='bbox 601 931 811 994; x_wconf 83' lang='grc' dir='ltr'><strong>τούτοις</strong></span> <span class='ocrx_word' id='word_1_86' title='bbox 852 934 1092 1004; x_wconf 82' lang='grc' dir='ltr'><strong>παράγει</strong></span> <span class='ocrx_word' id='word_1_87' title='bbox 1112 937 1507 1007; x_wconf 83' lang='grc' dir='ltr'>Τερτουλιανὸν</span> <span class='ocrx_word' id='word_1_88' title='bbox 1539 943 1566 994; x_wconf 90' lang='lat'><strong>6</strong></span> <span class='ocrx_word' id='word_1_89' title='bbox 1596 941 1878 1008; x_wconf 83' lang='grc' dir='ltr'>Εὐσέϐιος,</span> <span class='ocrx_word' id='word_1_90' title='bbox 1909 943 2005 996; x_wconf 82' lang='grc' dir='ltr'><strong>ἀν-</strong></span> 
     </span>
    </p>
   </div>
   <div class='ocr_carea' id='block_1_14' title="bbox 2092 930 3690 1011">
    <p class='ocr_par' dir='ltr' id='par_1_14' title="bbox 2103 939 3690 1011">
     <span class='ocr_line' id='line_1_14' title="bbox 2103 939 3690 1011; baseline 0.001 -19"><span class='ocrx_word' id='word_1_91' title='bbox 2103 939 2365 1008; x_wconf 85' lang='lat' dir='ltr'><strong>quoniam</strong></span> <span class='ocrx_word' id='word_1_92' title='bbox 2401 941 2455 995; x_wconf 91' lang='lat' dir='ltr'><strong>id</strong></span> <span class='ocrx_word' id='word_1_93' title='bbox 2489 942 2607 1010; x_wconf 88' lang='lat' dir='ltr'><strong>ipse</strong></span> <span class='ocrx_word' id='word_1_94' title='bbox 2638 956 2750 995; x_wconf 91' lang='lat' dir='ltr'><strong>non</strong></span> <span class='ocrx_word' id='word_1_95' title='bbox 2791 941 3107 1011; x_wconf 88' lang='lat' dir='ltr'><strong>probasset,</strong></span> <span class='ocrx_word' id='word_1_96' title='bbox 3138 940 3450 1010; x_wconf 81' lang='lat' dir='ltr'><strong>repudiato,</strong></span> <span class='ocrx_word' id='word_1_97' title='bbox 3485 940 3690 993; x_wconf 89' lang='lat' dir='ltr'><strong>nihilo—</strong></span> 
     </span>
    </p>
   </div>
   <div class='ocr_carea' id='block_1_15' title="bbox 415 1021 2013 1104">
    <p class='ocr_par' dir='ltr' id='par_1_15' title="bbox 415 1021 2000 1103">
     <span class='ocr_line' id='line_1_15' title="bbox 415 1021 2000 1103; baseline 0.008 -29"><span class='ocrx_word' id='word_1_98' title='bbox 415 1021 519 1092; x_wconf 84' lang='grc' dir='ltr'><strong>δρα</strong></span> <span class='ocrx_word' id='word_1_99' title='bbox 560 1023 835 1094; x_wconf 84' lang='grc' dir='ltr'>Ῥωμαῖον</span> <span class='ocrx_word' id='word_1_100' title='bbox 867 1027 964 1079; x_wconf 80' lang='grc' dir='ltr'>καὶ</span> <span class='ocrx_word' id='word_1_101' title='bbox 994 1027 1093 1080; x_wconf 75' lang='grc' dir='ltr'><strong>ἕνα</strong></span> <span class='ocrx_word' id='word_1_102' title='bbox 1122 1028 1233 1081; x_wconf 87' lang='grc' dir='ltr'><strong>τῶν</strong></span> <span class='ocrx_word' id='word_1_103' title='bbox 1279 1029 1340 1082; x_wconf 84' lang='grc' dir='ltr'><strong>ὲν</strong></span> <span class='ocrx_word' id='word_1_104' title='bbox 1380 1033 1448 1102; x_wconf 79' lang='grc' dir='ltr'>τῇ</span> <span class='ocrx_word' id='word_1_105' title='bbox 1491 1031 1678 1102; x_wconf 78' lang='grc' dir='ltr'>Ῥώμῃ</span> <span class='ocrx_word' id='word_1_106' title='bbox 1709 1032 2000 1103; x_wconf 81' lang='grc' dir='ltr'>λαμπρῶν,</span> 
     </span>
    </p>
   </div>
   <div class='ocr_carea' id='block_1_16' title="bbox 2092 1021 3690 1104">
    <p class='ocr_par' dir='ltr' id='par_1_16' title="bbox 2101 1030 3690 1104">
     <span class='ocr_line' id='line_1_16' title="bbox 2101 1030 3690 1104; baseline -0.001 -19"><span class='ocrx_word' id='word_1_107' title='bbox 2101 1032 2288 1085; x_wconf 92' lang='lat' dir='ltr'><strong>minus</strong></span> <span class='ocrx_word' id='word_1_108' title='bbox 2319 1033 2374 1086; x_wconf 91' lang='lat' dir='ltr'><strong>in</strong></span> <span class='ocrx_word' id='word_1_109' title='bbox 2408 1032 2603 1087; x_wconf 86' lang='lat' dir='ltr'><strong>eadem</strong></span> <span class='ocrx_word' id='word_1_110' title='bbox 2666 1034 2939 1088; x_wconf 91' lang='lat' dir='ltr'><strong>sententia</strong></span> <span class='ocrx_word' id='word_1_111' title='bbox 2991 1032 3317 1104; x_wconf 89' lang='lat' dir='ltr'><strong>permansit,</strong></span> <span class='ocrx_word' id='word_1_112' title='bbox 3350 1030 3690 1087; x_wconf 84' lang='lat' dir='ltr'><strong>Christiano-</strong></span> 
     </span>
    </p>
   </div>
   <div class='ocr_carea' id='block_1_17' title="bbox 412 1117 2010 1197">
    <p class='ocr_par' dir='ltr' id='par_1_17' title="bbox 412 1117 1999 1197">
     <span class='ocr_line' id='line_1_17' title="bbox 412 1117 1999 1197; baseline 0.008 -32"><span class='ocrx_word' id='word_1_113' title='bbox 412 1117 471 1166; x_wconf 85' lang='grc' dir='ltr'><strong>ὲν</strong></span> <span class='ocrx_word' id='word_1_114' title='bbox 515 1121 811 1189; x_wconf 84' lang='grc' dir='ltr'>συγγραφῇ</span> <span class='ocrx_word' id='word_1_115' title='bbox 855 1136 962 1171; x_wconf 88' lang='grc' dir='ltr'>τινι</span> <span class='ocrx_word' id='word_1_116' title='bbox 1004 1121 1137 1190; x_wconf 86' lang='grc' dir='ltr'>παρ’</span> <span class='ocrx_word' id='word_1_117' title='bbox 1173 1121 1340 1176; x_wconf 76' lang='grc' dir='ltr'>αὐτοῦ</span> <span class='ocrx_word' id='word_1_118' title='bbox 1387 1123 1673 1195; x_wconf 80' lang='grc' dir='ltr'>ἐκτεθείσῃ</span> <span class='ocrx_word' id='word_1_119' title='bbox 1710 1124 1999 1197; x_wconf 79' lang='grc' dir='ltr'><strong>Ῥωμαϊκῇ</strong></span> 
     </span>
    </p>
   </div>
   <div class='ocr_carea' id='block_1_18' title="bbox 2092 1117 3690 1197">
    <p class='ocr_par' dir='ltr' id='par_1_18' title="bbox 2104 1122 3690 1181">
     <span class='ocr_line' id='line_1_18' title="bbox 2104 1122 3690 1181; baseline -0.001 -4"><span class='ocrx_word' id='word_1_120' title='bbox 2104 1139 2227 1178; x_wconf 93' lang='lat' dir='ltr'><strong>rum</strong></span> <span class='ocrx_word' id='word_1_121' title='bbox 2264 1126 2689 1180; x_wconf 85' lang='lat' dir='ltr'><strong>accusatoribus</strong></span> <span class='ocrx_word' id='word_1_122' title='bbox 2724 1135 2961 1181; x_wconf 90' lang='lat' dir='ltr'><strong>mortem</strong></span> <span class='ocrx_word' id='word_1_123' title='bbox 3001 1125 3394 1180; x_wconf 90' lang='lat' dir='ltr'><strong>comminatus.</strong></span> <span class='ocrx_word' id='word_1_124' title='bbox 3427 1122 3554 1178; x_wconf 68' lang='lat' dir='ltr'><strong>Hazc</strong></span> <span class='ocrx_word' id='word_1_125' title='bbox 3595 1122 3690 1177; x_wconf 83' lang='lat' dir='ltr'><strong>&#39;l‘i-</strong></span> 
     </span>
    </p>
   </div>
   <div class='ocr_carea' id='block_1_19' title="bbox 412 1208 2010 1287">
    <p class='ocr_par' dir='ltr' id='par_1_19' title="bbox 412 1208 2001 1287">
     <span class='ocr_line' id='line_1_19' title="bbox 412 1208 2001 1287; baseline 0.007 -28"><span class='ocrx_word' id='word_1_126' title='bbox 412 1208 706 1279; x_wconf 74' lang='grc' dir='ltr'><strong>διαλέκτῳ,</strong></span> <span class='ocrx_word' id='word_1_127' title='bbox 760 1211 1166 1286; x_wconf 71' lang='grc' dir='ltr'>μεταϐληθεέσῃ</span> <span class='ocrx_word' id='word_1_128' title='bbox 1197 1215 1245 1268; x_wconf 88' lang='grc' dir='ltr'>δ’</span> <span class='ocrx_word' id='word_1_129' title='bbox 1274 1218 1353 1278; x_wconf 78' lang='grc' dir='ltr'>εἷς</span> <span class='ocrx_word' id='word_1_130' title='bbox 1387 1216 1486 1284; x_wconf 83' lang='grc' dir='ltr'>τὴν</span> <span class='ocrx_word' id='word_1_131' title='bbox 1529 1216 1759 1271; x_wconf 81' lang='grc' dir='ltr'>Ἐλλάδα</span> <span class='ocrx_word' id='word_1_132' title='bbox 1796 1221 2001 1287; x_wconf 70' lang='grc' dir='ltr'>φωνὴν,</span> 
     </span>
    </p>
   </div>
   <div class='ocr_carea' id='block_1_20' title="bbox 2093 1208 3691 1287">
    <p class='ocr_par' dir='ltr' id='par_1_20' title="bbox 2101 1214 3691 1282">
     <span class='ocr_line' id='line_1_20' title="bbox 2101 1214 3691 1282; baseline -0.003 -13"><span class='ocrx_word' id='word_1_133' title='bbox 2101 1216 2316 1270; x_wconf 86' lang='lat' dir='ltr'><strong>berium</strong></span> <span class='ocrx_word' id='word_1_134' title='bbox 2365 1216 2565 1271; x_wconf 80' lang='lat' dir='ltr'><strong>fecisse</strong></span> <span class='ocrx_word' id='word_1_135' title='bbox 2590 1216 2889 1282; x_wconf 80' lang='lat' dir='ltr'><strong>Eusebius,</strong></span> <span class='ocrx_word' id='word_1_136' title='bbox 2925 1216 3218 1271; x_wconf 76' lang='lat' dir='ltr'><strong>divinitate</strong></span> <span class='ocrx_word' id='word_1_137' title='bbox 3247 1214 3559 1270; x_wconf 83' lang='lat' dir='ltr'><strong>Servatoris</strong></span> <span class='ocrx_word' id='word_1_138' title='bbox 3590 1226 3691 1266; x_wconf 78' lang='lat' dir='ltr'><strong>no-</strong></span> 
     </span>
    </p>
   </div>
   <div class='ocr_carea' id='block_1_21' title="bbox 412 1299 2010 1378">
    <p class='ocr_par' dir='ltr' id='par_1_21' title="bbox 412 1299 2003 1376">
     <span class='ocr_line' id='line_1_21' title="bbox 412 1299 2003 1376; baseline 0.009 -27"><span class='ocrx_word' id='word_1_139' title='bbox 412 1299 640 1366; x_wconf 82' lang='grc' dir='ltr'>λέγοντα</span> <span class='ocrx_word' id='word_1_140' title='bbox 666 1300 839 1356; x_wconf 84' lang='grc' dir='ltr'>ταῦτα</span> <span class='ocrx_word' id='word_1_141' title='bbox 866 1321 878 1334; x_wconf 89' lang='grc'><strong>·</strong></span> <span class='ocrx_word' id='word_1_142' title='bbox 914 1307 1186 1359; x_wconf 80' lang='grc' dir='ltr'><strong>Παλαιὸν</strong></span> <span class='ocrx_word' id='word_1_143' title='bbox 1217 1302 1296 1376; x_wconf 81' lang='grc' dir='ltr'><strong>ἦν</strong></span> <span class='ocrx_word' id='word_1_144' title='bbox 1338 1310 1550 1376; x_wconf 78' lang='grc' dir='ltr'>δόγμα,</span> <span class='ocrx_word' id='word_1_145' title='bbox 1579 1308 1815 1376; x_wconf 78' lang='grc' dir='ltr'>μηδένα</span> <span class='ocrx_word' id='word_1_146' title='bbox 1851 1309 2003 1363; x_wconf 78' lang='grc' dir='ltr'><strong>Θεὸν</strong></span> 
     </span>
    </p>
   </div>
   <div class='ocr_carea' id='block_1_22' title="bbox 2088 1299 3686 1378">
    <p class='ocr_par' dir='ltr' id='par_1_22' title="bbox 2103 1305 3686 1378">
     <span class='ocr_line' id='line_1_22' title="bbox 2103 1305 3686 1378; baseline -0.003 -14"><span class='ocrx_word' id='word_1_147' title='bbox 2103 1310 2201 1364; x_wconf 71' lang='grc' dir='ltr'>ειτί</span> <span class='ocrx_word' id='word_1_148' title='bbox 2258 1317 2315 1363; x_wconf 89' lang='lat' dir='ltr'><strong>et</strong></span> <span class='ocrx_word' id='word_1_149' title='bbox 2357 1310 2769 1364; x_wconf 85' lang='lat' dir='ltr'><strong>resurrectione</strong></span> <span class='ocrx_word' id='word_1_150' title='bbox 2827 1325 2894 1364; x_wconf 83' lang='lat' dir='ltr'><strong>ex</strong></span> <span class='ocrx_word' id='word_1_151' title='bbox 2925 1309 3161 1363; x_wconf 88' lang='lat' dir='ltr'><strong>mortuis</strong></span> <span class='ocrx_word' id='word_1_152' title='bbox 3193 1309 3435 1378; x_wconf 81' lang='lat' dir='ltr'><strong>cognita,</strong></span> <span class='ocrx_word' id='word_1_153' title='bbox 3485 1321 3515 1361; x_wconf 92' lang='lat' dir='ltr'><strong>e</strong></span> <span class='ocrx_word' id='word_1_154' title='bbox 3551 1305 3686 1360; x_wconf 61' lang='lat' dir='ltr'><strong>Teru</strong></span> 
     </span>
    </p>
   </div>
   <div class='ocr_carea' id='block_1_23' title="bbox 411 1393 2009 1469">
    <p class='ocr_par' dir='ltr' id='par_1_23' title="bbox 411 1393 2000 1469">
     <span class='ocr_line' id='line_1_23' title="bbox 411 1393 2000 1469; baseline 0.008 -27"><span class='ocrx_word' id='word_1_155' title='bbox 411 1393 534 1443; x_wconf 79' lang='grc' dir='ltr'>ὑπό</span> <span class='ocrx_word' id='word_1_156' title='bbox 575 1408 681 1445; x_wconf 84' lang='grc' dir='ltr'><strong>του</strong></span> <span class='ocrx_word' id='word_1_157' title='bbox 715 1395 1153 1462; x_wconf 80' lang='grc' dir='ltr'><strong>καθιεροῦσθαι,</strong></span> <span class='ocrx_word' id='word_1_158' title='bbox 1180 1399 1323 1465; x_wconf 76' lang='grc' dir='ltr'>πρὶν</span> <span class='ocrx_word' id='word_1_159' title='bbox 1348 1398 1468 1453; x_wconf 82' lang='grc' dir='ltr'><strong>ὑπὸ</strong></span> <span class='ocrx_word' id='word_1_160' title='bbox 1499 1398 1609 1467; x_wconf 84' lang='grc' dir='ltr'>τῆς</span> <span class='ocrx_word' id='word_1_161' title='bbox 1646 1401 2000 1469; x_wconf 78' lang='grc' dir='ltr'><strong>συγκλήτου</strong></span> 
     </span>
    </p>
   </div>
   <div class='ocr_carea' id='block_1_24' title="bbox 1439 1393 3037 1469">
    <p class='ocr_par' dir='ltr' id='par_1_24' title="bbox 1439 1398 3037 1469">
     <span class='ocr_line' id='line_1_24' title="bbox 1439 1398 3037 1469; baseline 0.003 -18"><span class='ocrx_word' id='word_1_162' title='bbox 1439 1398 1468 1451; x_wconf 86' lang='grc' dir='ltr'><strong>ὀ</strong></span> <span class='ocrx_word' id='word_1_163' title='bbox 1499 1398 1609 1467; x_wconf 84' lang='grc' dir='ltr'>τῆς</span> <span class='ocrx_word' id='word_1_164' title='bbox 1646 1401 2015 1469; x_wconf 78' lang='grc' dir='ltr'><strong>συγκλήτου,</strong></span> <span class='ocrx_word' id='word_1_165' title='bbox 2106 1399 2322 1454; x_wconf 88' lang='lat' dir='ltr'><strong>tulliani</strong></span> <span class='ocrx_word' id='word_1_166' title='bbox 2354 1400 2579 1469; x_wconf 86' lang='lat' dir='ltr'><strong>scriptis</strong></span> <span class='ocrx_word' id='word_1_167' title='bbox 2613 1410 3037 1455; x_wconf 87' lang='lat' dir='ltr'><strong>commemorat.</strong></span> 
     </span>
    </p>
   </div>
   <div class='ocr_carea' id='block_1_25' title="bbox 410 1484 3689 1565">
    <p class='ocr_par' dir='ltr' id='par_1_25' title="bbox 410 1484 3689 1565">
     <span class='ocr_line' id='line_1_25' title="bbox 410 1484 3689 1565; baseline 0.002 -28"><span class='ocrx_word' id='word_1_168' title='bbox 410 1484 773 1555; x_wconf 75' lang='grc' dir='ltr'>δοκιμασθῇ.</span> <span class='ocrx_word' id='word_1_169' title='bbox 832 1487 891 1543; x_wconf 87' lang='grc'><strong>’0</strong></span> <span class='ocrx_word' id='word_1_170' title='bbox 926 1490 1176 1560; x_wconf 88' lang='grc' dir='ltr'>Τιϐέριος</span> <span class='ocrx_word' id='word_1_171' title='bbox 1252 1488 1366 1560; x_wconf 83' lang='grc' dir='ltr'>οὖν,</span> <span class='ocrx_word' id='word_1_172' title='bbox 1436 1493 1522 1563; x_wconf 81' lang='grc' dir='ltr'><strong>ἐφ’</strong></span> <span class='ocrx_word' id='word_1_173' title='bbox 1585 1485 1646 1547; x_wconf 73' lang='grc' dir='ltr'>οὗ</span> <span class='ocrx_word' id='word_1_174' title='bbox 1693 1496 1755 1548; x_wconf 83' lang='grc' dir='ltr'><strong>τὸ</strong></span> <span class='ocrx_word' id='word_1_175' title='bbox 1799 1496 1908 1548; x_wconf 89' lang='grc' dir='ltr'><strong>τῶν</strong></span> <span class='ocrx_word' id='word_1_176' title='bbox 1962 1493 2308 1565; x_wconf 82' lang='grc' dir='ltr'>Χριστιανῶν</span> <span class='ocrx_word' id='word_1_177' title='bbox 2358 1493 2529 1562; x_wconf 77' lang='grc' dir='ltr'>ὄνομα</span> <span class='ocrx_word' id='word_1_178' title='bbox 2563 1496 2643 1557; x_wconf 84' lang='grc' dir='ltr'><strong>είς</strong></span> <span class='ocrx_word' id='word_1_179' title='bbox 2690 1495 2783 1547; x_wconf 81' lang='grc' dir='ltr'><strong>τὸν</strong></span> <span class='ocrx_word' id='word_1_180' title='bbox 2832 1494 3039 1562; x_wconf 84' lang='grc' dir='ltr'>κόσμον</span> <span class='ocrx_word' id='word_1_181' title='bbox 3084 1490 3443 1560; x_wconf 76' lang='grc' dir='ltr'><strong>εἰσεληλύθει,</strong></span> <span class='ocrx_word' id='word_1_182' title='bbox 3484 1492 3689 1559; x_wconf 79' lang='grc' dir='ltr'>ἀγγελι-</span> 
     </span>
    </p>
   </div>
   <div class='ocr_carea' id='block_1_26' title="bbox 412 1574 3686 1662">
    <p class='ocr_par' dir='ltr' id='par_1_26' title="bbox 412 1574 3686 1662">
     <span class='ocr_line' id='line_1_26' title="bbox 412 1574 3686 1662; baseline 0.002 -35"><span class='ocrx_word' id='word_1_183' title='bbox 412 1574 599 1641; x_wconf 78' lang='grc' dir='ltr'>θέντος</span> <span class='ocrx_word' id='word_1_184' title='bbox 643 1579 788 1648; x_wconf 73' lang='grc' dir='ltr'>αύτξι</span> <span class='ocrx_word' id='word_1_185' title='bbox 840 1581 906 1634; x_wconf 84' lang='grc' dir='ltr'><strong>ἐκ</strong></span> <span class='ocrx_word' id='word_1_186' title='bbox 955 1582 1331 1653; x_wconf 79' lang='grc' dir='ltr'>Παλαιστίνης</span> <span class='ocrx_word' id='word_1_187' title='bbox 1370 1585 1464 1639; x_wconf 78' lang='grc' dir='ltr'>τοῦ</span> <span class='ocrx_word' id='word_1_188' title='bbox 1509 1585 1780 1658; x_wconf 80' lang='grc' dir='ltr'>δόγματος</span> <span class='ocrx_word' id='word_1_189' title='bbox 1836 1585 2027 1639; x_wconf 83' lang='grc' dir='ltr'>τούτου</span> <span class='ocrx_word' id='word_1_190' title='bbox 2069 1584 2198 1637; x_wconf 74' lang='grc' dir='ltr'>ἔνθα</span> <span class='ocrx_word' id='word_1_191' title='bbox 2249 1583 2463 1656; x_wconf 89' lang='grc' dir='ltr'>πρῶτον</span> <span class='ocrx_word' id='word_1_192' title='bbox 2511 1584 2735 1655; x_wconf 72' lang='grc' dir='ltr'>ἤρξατο,</span> <span class='ocrx_word' id='word_1_193' title='bbox 2805 1586 2870 1655; x_wconf 81' lang='grc' dir='ltr'>τῇ</span> <span class='ocrx_word' id='word_1_194' title='bbox 2921 1584 3211 1653; x_wconf 83' lang='grc' dir='ltr'>συγκλήτῳ</span> <span class='ocrx_word' id='word_1_195' title='bbox 3259 1582 3686 1662; x_wconf 56' lang='grc' dir='ltr'>ἀνεκοινώσατο,</span> 
     </span>
    </p>
   </div>
   <div class='ocr_carea' id='block_1_27' title="bbox 409 1664 3687 1748">
    <p class='ocr_par' dir='ltr' id='par_1_27' title="bbox 409 1664 3687 1748">
     <span class='ocr_line' id='line_1_27' title="bbox 409 1664 3687 1748; baseline 0.001 -28"><span class='ocrx_word' id='word_1_196' title='bbox 409 1666 567 1737; x_wconf 78' lang='grc' dir='ltr'>δῆλος</span> <span class='ocrx_word' id='word_1_197' title='bbox 598 1668 673 1723; x_wconf 82' lang='grc' dir='ltr'><strong>ὢν</strong></span> <span class='ocrx_word' id='word_1_198' title='bbox 723 1669 956 1734; x_wconf 86' lang='grc' dir='ltr'>ἐκείνοις</span> <span class='ocrx_word' id='word_1_199' title='bbox 986 1672 1060 1735; x_wconf 83' lang='grc' dir='ltr'>ὡς</span> <span class='ocrx_word' id='word_1_200' title='bbox 1094 1673 1393 1742; x_wconf 84' lang='grc' dir='ltr'>ἀρέσκεται</span> <span class='ocrx_word' id='word_1_201' title='bbox 1459 1676 1537 1747; x_wconf 84' lang='grc' dir='ltr'>τῷ</span> <span class='ocrx_word' id='word_1_202' title='bbox 1579 1676 1918 1748; x_wconf 82' lang='grc' dir='ltr'>κηρύγματι.</span> <span class='ocrx_word' id='word_1_203' title='bbox 2007 1673 2072 1727; x_wconf 86' lang='grc' dir='ltr'><strong>Ἦ</strong></span> <span class='ocrx_word' id='word_1_204' title='bbox 2111 1674 2169 1727; x_wconf 82' lang='grc' dir='ltr'>δὲ</span> <span class='ocrx_word' id='word_1_205' title='bbox 2224 1672 2528 1745; x_wconf 83' lang='grc' dir='ltr'>σύγκλητος</span> <span class='ocrx_word' id='word_1_206' title='bbox 2580 1673 2704 1726; x_wconf 77' lang='grc' dir='ltr'>ἐπεὶ</span> <span class='ocrx_word' id='word_1_207' title='bbox 2759 1674 2859 1727; x_wconf 87' lang='grc' dir='ltr'><strong>οὐκ</strong></span> <span class='ocrx_word' id='word_1_208' title='bbox 2921 1672 3057 1745; x_wconf 85' lang='grc' dir='ltr'>αὐτὴ</span> <span class='ocrx_word' id='word_1_209' title='bbox 3114 1664 3464 1740; x_wconf 81' lang='grc' dir='ltr'>δεδοκιμάκει</span> <span class='ocrx_word' id='word_1_210' title='bbox 3523 1672 3687 1725; x_wconf 83' lang='grc' dir='ltr'>τοῦτο</span> 
     </span>
    </p>
   </div>
   <div class='ocr_carea' id='block_1_28' title="bbox 411 1754 3683 1838">
    <p class='ocr_par' dir='ltr' id='par_1_28' title="bbox 411 1754 3683 1838">
     <span class='ocr_line' id='line_1_28' title="bbox 411 1754 3683 1838; baseline 0 -23"><span class='ocrx_word' id='word_1_211' title='bbox 411 1762 691 1817; x_wconf 77' lang='grc' dir='ltr'>ἀπώσατο.</span> <span class='ocrx_word' id='word_1_212' title='bbox 740 1763 799 1816; x_wconf 86' lang='lat'><strong>&#39;0</strong></span> <span class='ocrx_word' id='word_1_213' title='bbox 841 1763 899 1816; x_wconf 84' lang='grc' dir='ltr'>δὲ</span> <span class='ocrx_word' id='word_1_214' title='bbox 924 1754 984 1817; x_wconf 60' lang='grc' dir='ltr'>ἐῢ</span> <span class='ocrx_word' id='word_1_215' title='bbox 1015 1766 1081 1836; x_wconf 80' lang='grc' dir='ltr'>τῇ</span> <span class='ocrx_word' id='word_1_216' title='bbox 1115 1767 1251 1837; x_wconf 80' lang='grc' dir='ltr'>αὐτῇ</span> <span class='ocrx_word' id='word_1_217' title='bbox 1284 1767 1482 1838; x_wconf 77' lang='grc' dir='ltr'>γνώμῃ</span> <span class='ocrx_word' id='word_1_218' title='bbox 1525 1767 1743 1838; x_wconf 83' lang='grc' dir='ltr'>ἔμεινεν</span> <span class='ocrx_word' id='word_1_219' title='bbox 1800 1766 2106 1836; x_wconf 83' lang='grc' dir='ltr'>ἀπειλήσας</span> <span class='ocrx_word' id='word_1_220' title='bbox 2174 1766 2403 1820; x_wconf 89' lang='grc' dir='ltr'>θάνατον</span> <span class='ocrx_word' id='word_1_221' title='bbox 2462 1768 2577 1829; x_wconf 82' lang='grc' dir='ltr'>τοῖς</span> <span class='ocrx_word' id='word_1_222' title='bbox 2626 1767 2737 1819; x_wconf 89' lang='grc' dir='ltr'><strong>τῶν</strong></span> <span class='ocrx_word' id='word_1_223' title='bbox 2769 1766 3108 1836; x_wconf 82' lang='grc' dir='ltr'>Χριστιανῶν</span> <span class='ocrx_word' id='word_1_224' title='bbox 3132 1766 3479 1834; x_wconf 71' lang='grc' dir='ltr'>κατηγόροις*</span> <span class='ocrx_word' id='word_1_225' title='bbox 3511 1764 3683 1818; x_wconf 80' lang='grc' dir='ltr'>ταῦτα</span> 
     </span>
    </p>
   </div>
   <div class='ocr_carea' id='block_1_29' title="bbox 410 1852 3684 1932">
    <p class='ocr_par' dir='ltr' id='par_1_29' title="bbox 410 1852 3684 1932">
     <span class='ocr_line' id='line_1_29' title="bbox 410 1852 3684 1932; baseline 0.002 -26"><span class='ocrx_word' id='word_1_226' title='bbox 410 1854 440 1906; x_wconf 90' lang='lat'><strong>6</strong></span> <span class='ocrx_word' id='word_1_227' title='bbox 494 1854 751 1918; x_wconf 88' lang='grc' dir='ltr'>Εὐσέϐιος</span> <span class='ocrx_word' id='word_1_228' title='bbox 787 1857 1010 1925; x_wconf 77' lang='grc' dir='ltr'>ποιῆσαι</span> <span class='ocrx_word' id='word_1_229' title='bbox 1054 1858 1146 1910; x_wconf 84' lang='grc' dir='ltr'>τὸν</span> <span class='ocrx_word' id='word_1_230' title='bbox 1181 1858 1432 1928; x_wconf 83' lang='grc' dir='ltr'>Τιϐέριον</span> <span class='ocrx_word' id='word_1_231' title='bbox 1478 1852 1704 1932; x_wconf 75' lang='grc' dir='ltr'>ἱστορεῖ,</span> <span class='ocrx_word' id='word_1_232' title='bbox 1751 1861 1993 1932; x_wconf 88' lang='grc' dir='ltr'>μαθόντα</span> <span class='ocrx_word' id='word_1_233' title='bbox 2033 1861 2163 1932; x_wconf 74' lang='grc' dir='ltr'>περὶ</span> <span class='ocrx_word' id='word_1_234' title='bbox 2237 1860 2337 1929; x_wconf 81' lang='grc' dir='ltr'>τῆς</span> <span class='ocrx_word' id='word_1_235' title='bbox 2383 1858 2640 1929; x_wconf 82' lang='grc' dir='ltr'>θεότητος</span> <span class='ocrx_word' id='word_1_236' title='bbox 2685 1858 2780 1912; x_wconf 82' lang='grc' dir='ltr'>τοῦ</span> <span class='ocrx_word' id='word_1_237' title='bbox 2849 1858 3101 1928; x_wconf 78' lang='grc' dir='ltr'>Σωτῆρος</span> <span class='ocrx_word' id='word_1_238' title='bbox 3146 1861 3307 1931; x_wconf 79' lang='grc' dir='ltr'>ἡμῶν</span> <span class='ocrx_word' id='word_1_239' title='bbox 3353 1858 3445 1912; x_wconf 74' lang='grc' dir='ltr'><strong>καὶ</strong></span> <span class='ocrx_word' id='word_1_240' title='bbox 3491 1861 3591 1931; x_wconf 79' lang='grc' dir='ltr'><strong>τῆς</strong></span> <span class='ocrx_word' id='word_1_241' title='bbox 3618 1862 3684 1914; x_wconf 72' lang='grc' dir='ltr'>ἐκ</span> 
     </span>
    </p>
   </div>
   <div class='ocr_carea' id='block_1_30' title="bbox 409 1949 2939 2027">
    <p class='ocr_par' dir='ltr' id='par_1_30' title="bbox 409 1949 2939 2027">
     <span class='ocr_line' id='line_1_30' title="bbox 409 1949 2939 2027; baseline 0.004 -27"><span class='ocrx_word' id='word_1_242' title='bbox 409 1949 620 2020; x_wconf 79' lang='grc' dir='ltr'>νεκρῶν</span> <span class='ocrx_word' id='word_1_243' title='bbox 657 1949 827 2003; x_wconf 86' lang='grc' dir='ltr'>αὐτοῦ</span> <span class='ocrx_word' id='word_1_244' title='bbox 858 1952 1233 2020; x_wconf 68' lang='grc' dir='ltr'>ἀλαστάσεως,</span> <span class='ocrx_word' id='word_1_245' title='bbox 1261 1956 1327 2007; x_wconf 83' lang='grc' dir='ltr'><strong>ἐκ</strong></span> <span class='ocrx_word' id='word_1_246' title='bbox 1358 1955 1459 2026; x_wconf 83' lang='grc' dir='ltr'><strong>τῆς</strong></span> <span class='ocrx_word' id='word_1_247' title='bbox 1487 1955 1582 2009; x_wconf 83' lang='grc' dir='ltr'>τοῦ</span> <span class='ocrx_word' id='word_1_248' title='bbox 1633 1955 1994 2027; x_wconf 86' lang='grc' dir='ltr'>Τερτυλιανοῦ</span> <span class='ocrx_word' id='word_1_249' title='bbox 2036 1956 2365 2025; x_wconf 71' lang='grc' dir='ltr'>συγγραφῆς</span> <span class='ocrx_word' id='word_1_250' title='bbox 2398 1957 2536 2010; x_wconf 84' lang='grc' dir='ltr'><strong>αὐτά</strong></span> <span class='ocrx_word' id='word_1_251' title='bbox 2560 1956 2939 2025; x_wconf 77' lang='grc' dir='ltr'>ἐκλεξάμενος.</span> 
     </span>
    </p>
   </div>
   <div class='ocr_carea' id='block_1_31' title="bbox 483 2041 2081 2115">
    <p class='ocr_par' dir='ltr' id='par_1_31' title="bbox 483 2041 2081 2115">
     <span class='ocr_line' id='line_1_31' title="bbox 483 2041 2081 2115; baseline 0.004 -22"><span class='ocrx_word' id='word_1_252' title='bbox 483 2043 557 2095; x_wconf 86' lang='grc' dir='ltr'><strong>Δ’.</strong></span> <span class='ocrx_word' id='word_1_253' title='bbox 587 2041 694 2094; x_wconf 85' lang='lat' dir='ltr'><strong>Kal.</strong></span> <span class='ocrx_word' id='word_1_254' title='bbox 721 2044 748 2094; x_wconf 98' lang='lat'><strong>6</strong></span> <span class='ocrx_word' id='word_1_255' title='bbox 785 2041 885 2111; x_wconf 83' lang='grc' dir='ltr'><strong>μὲν</strong></span> <span class='ocrx_word' id='word_1_256' title='bbox 921 2043 1172 2115; x_wconf 76' lang='grc' dir='ltr'>Τιϐέριος</span> <span class='ocrx_word' id='word_1_257' title='bbox 1217 2044 1392 2111; x_wconf 77' lang='grc' dir='ltr'>οὕτως</span> <span class='ocrx_word' id='word_1_258' title='bbox 1438 2047 1673 2102; x_wconf 85' lang='grc' dir='ltr'>ἀπεϐίω.</span> <span class='ocrx_word' id='word_1_259' title='bbox 1723 2045 2006 2112; x_wconf 80' lang='grc' dir='ltr'>Διεδέξατο</span> <span class='ocrx_word' id='word_1_260' title='bbox 2035 2049 2081 2108; x_wconf 88' lang='grc' dir='ltr'><strong>Β</strong></span> 
     </span>
    </p>
   </div>
   <div class='ocr_carea' id='block_1_32' title="bbox 2086 2041 3684 2115">
    <p class='ocr_par' dir='ltr' id='par_1_32' title="bbox 2181 2046 3684 2115">
     <span class='ocr_line' id='line_1_32' title="bbox 2181 2046 3684 2115; baseline 0.002 -14"><span class='ocrx_word' id='word_1_261' title='bbox 2181 2046 2271 2103; x_wconf 87' lang='lat' dir='ltr'><strong>1V.</strong></span> <span class='ocrx_word' id='word_1_262' title='bbox 2316 2047 2544 2102; x_wconf 88' lang='lat' dir='ltr'><strong>Tiberio</strong></span> <span class='ocrx_word' id='word_1_263' title='bbox 2582 2047 2651 2101; x_wconf 90' lang='lat' dir='ltr'><strong>ad</strong></span> <span class='ocrx_word' id='word_1_264' title='bbox 2712 2047 2861 2102; x_wconf 92' lang='lat' dir='ltr'><strong>hunc</strong></span> <span class='ocrx_word' id='word_1_265' title='bbox 2920 2047 3143 2102; x_wconf 87' lang='lat' dir='ltr'><strong>modum</strong></span> <span class='ocrx_word' id='word_1_266' title='bbox 3191 2048 3473 2115; x_wconf 87' lang='lat' dir='ltr'><strong>defuncto,</strong></span> <span class='ocrx_word' id='word_1_267' title='bbox 3519 2048 3684 2106; x_wconf 84' lang='lat' dir='ltr'><strong>Caius</strong></span> 
     </span>
    </p>
   </div>
   <div class='ocr_carea' id='block_1_33' title="bbox 410 2135 2008 2212">
    <p class='ocr_par' dir='ltr' id='par_1_33' title="bbox 410 2135 1997 2212">
     <span class='ocr_line' id='line_1_33' title="bbox 410 2135 1997 2212; baseline 0.003 -23"><span class='ocrx_word' id='word_1_268' title='bbox 410 2135 471 2189; x_wconf 80' lang='grc' dir='ltr'><strong>δὲ</strong></span> <span class='ocrx_word' id='word_1_269' title='bbox 503 2135 667 2188; x_wconf 73' lang='grc' dir='ltr'>αὐτὸν</span> <span class='ocrx_word' id='word_1_270' title='bbox 701 2137 729 2188; x_wconf 90' lang='lat'><strong>6</strong></span> <span class='ocrx_word' id='word_1_271' title='bbox 761 2136 923 2198; x_wconf 87' lang='grc' dir='ltr'>Γάϊος</span> <span class='ocrx_word' id='word_1_272' title='bbox 952 2138 979 2189; x_wconf 90' lang='grc' dir='ltr'>ὁ</span> <span class='ocrx_word' id='word_1_273' title='bbox 1006 2137 1103 2190; x_wconf 79' lang='grc' dir='ltr'>τοῦ</span> <span class='ocrx_word' id='word_1_274' title='bbox 1138 2138 1483 2209; x_wconf 82' lang='grc' dir='ltr'>Γερμανικοῦ</span> <span class='ocrx_word' id='word_1_275' title='bbox 1526 2141 1739 2212; x_wconf 77' lang='grc' dir='ltr'>καὶτῆς</span> <span class='ocrx_word' id='word_1_276' title='bbox 1770 2142 1997 2211; x_wconf 86' lang='grc' dir='ltr'>Ἀγριπ-</span> 
     </span>
    </p>
   </div>
   <div class='ocr_carea' id='block_1_34' title="bbox 2085 2135 3683 2212">
    <p class='ocr_par' dir='ltr' id='par_1_34' title="bbox 2097 2135 3683 2208">
     <span class='ocr_line' id='line_1_34' title="bbox 2097 2135 3683 2208; baseline 0.001 -15"><span class='ocrx_word' id='word_1_277' title='bbox 2097 2135 2408 2193; x_wconf 86' lang='lat' dir='ltr'><strong>Germanici</strong></span> <span class='ocrx_word' id='word_1_278' title='bbox 2434 2147 2487 2192; x_wconf 90' lang='lat' dir='ltr'><strong>et</strong></span> <span class='ocrx_word' id='word_1_279' title='bbox 2510 2138 2828 2208; x_wconf 68' lang='lat' dir='ltr'><strong>Agrippina:</strong></span> <span class='ocrx_word' id='word_1_280' title='bbox 2850 2137 3015 2201; x_wconf 82' lang='lat' dir='ltr'><strong>filius,</strong></span> <span class='ocrx_word' id='word_1_281' title='bbox 3034 2138 3127 2207; x_wconf 91' lang='lat' dir='ltr'><strong>qui</strong></span> <span class='ocrx_word' id='word_1_282' title='bbox 3160 2137 3598 2195; x_wconf 85' lang='lat' dir='ltr'><strong>etGermanicus</strong></span> <span class='ocrx_word' id='word_1_283' title='bbox 3626 2150 3683 2194; x_wconf 88' lang='lat' dir='ltr'><strong>et</strong></span> 
     </span>
    </p>
   </div>
   <div class='ocr_carea' id='block_1_35' title="bbox 414 2226 2012 2300">
    <p class='ocr_par' dir='ltr' id='par_1_35' title="bbox 414 2226 1996 2300">
     <span class='ocr_line' id='line_1_35' title="bbox 414 2226 1996 2300; baseline 0.005 -22"><span class='ocrx_word' id='word_1_284' title='bbox 414 2227 574 2295; x_wconf 74' lang='grc' dir='ltr'>πίνης</span> <span class='ocrx_word' id='word_1_285' title='bbox 631 2230 785 2290; x_wconf 84' lang='grc' dir='ltr'>παῖς,</span> <span class='ocrx_word' id='word_1_286' title='bbox 842 2226 902 2279; x_wconf 84' lang='grc' dir='ltr'><strong>ὃν</strong></span> <span class='ocrx_word' id='word_1_287' title='bbox 958 2229 1055 2282; x_wconf 78' lang='grc' dir='ltr'><strong>καὶ</strong></span> <span class='ocrx_word' id='word_1_288' title='bbox 1111 2229 1454 2300; x_wconf 87' lang='grc' dir='ltr'>Γερμανικὸν</span> <span class='ocrx_word' id='word_1_289' title='bbox 1512 2232 1607 2285; x_wconf 79' lang='grc' dir='ltr'><strong>καὶ</strong></span> <span class='ocrx_word' id='word_1_290' title='bbox 1651 2231 1996 2300; x_wconf 87' lang='grc' dir='ltr'>Καλλιγόλαν</span> 
     </span>
    </p>
   </div>
   <div class='ocr_carea' id='block_1_36' title="bbox 2084 2226 3682 2300">
    <p class='ocr_par' dir='ltr' id='par_1_36' title="bbox 2099 2228 3682 2299">
     <span class='ocr_line' id='line_1_36' title="bbox 2099 2228 3682 2299; baseline 0.003 -17"><span class='ocrx_word' id='word_1_291' title='bbox 2099 2228 2262 2299; x_wconf 83' lang='lat'><strong>553</strong></span> <span class='ocrx_word' id='word_1_292' title='bbox 2306 2228 2531 2298; x_wconf 77' lang='lat' dir='ltr'><strong>Calgula</strong></span> <span class='ocrx_word' id='word_1_293' title='bbox 2573 2231 3029 2299; x_wconf 79' lang='lat' dir='ltr'><strong>cognominatur,</strong></span> <span class='ocrx_word' id='word_1_294' title='bbox 3056 2231 3346 2285; x_wconf 85' lang='lat' dir='ltr'><strong>successit.</strong></span> <span class='ocrx_word' id='word_1_295' title='bbox 3388 2230 3501 2286; x_wconf 80' lang='lat' dir='ltr'><strong>Etsi</strong></span> <span class='ocrx_word' id='word_1_296' title='bbox 3534 2231 3682 2287; x_wconf 80' lang='lat' dir='ltr'><strong>enim</strong></span> 
     </span>
    </p>
   </div>
   <div class='ocr_carea' id='block_1_37' title="bbox 412 2317 2010 2396">
    <p class='ocr_par' dir='ltr' id='par_1_37' title="bbox 412 2317 1995 2396">
     <span class='ocr_line' id='line_1_37' title="bbox 412 2317 1995 2396; baseline 0.008 -28"><span class='ocrx_word' id='word_1_297' title='bbox 412 2317 787 2389; x_wconf 76' lang='grc' dir='ltr'>ἐπωνόμαζον.</span> <span class='ocrx_word' id='word_1_298' title='bbox 831 2319 893 2371; x_wconf 83' lang='lat' dir='ltr'><strong>El</strong></span> <span class='ocrx_word' id='word_1_299' title='bbox 949 2319 1058 2391; x_wconf 76' lang='grc' dir='ltr'>γὰρ</span> <span class='ocrx_word' id='word_1_300' title='bbox 1110 2323 1206 2373; x_wconf 72' lang='grc' dir='ltr'>καὶ</span> <span class='ocrx_word' id='word_1_301' title='bbox 1260 2323 1287 2373; x_wconf 89' lang='lat'><strong>6</strong></span> <span class='ocrx_word' id='word_1_302' title='bbox 1328 2322 1583 2394; x_wconf 79' lang='grc' dir='ltr'>Τιϐέριος</span> <span class='ocrx_word' id='word_1_303' title='bbox 1630 2326 1725 2379; x_wconf 69' lang='grc' dir='ltr'>καὶ</span> <span class='ocrx_word' id='word_1_304' title='bbox 1754 2325 1833 2396; x_wconf 84' lang='grc' dir='ltr'>τῷ</span> <span class='ocrx_word' id='word_1_305' title='bbox 1878 2324 1995 2396; x_wconf 81' lang='grc' dir='ltr'>ἰδίῳ</span> 
     </span>
    </p>
   </div>
   <div class='ocr_carea' id='block_1_38' title="bbox 2085 2317 3683 2396">
    <p class='ocr_par' dir='ltr' id='par_1_38' title="bbox 2100 2319 3683 2393">
     <span class='ocr_line' id='line_1_38' title="bbox 2100 2319 3683 2393; baseline 0.003 -20"><span class='ocrx_word' id='word_1_306' title='bbox 2100 2319 2384 2386; x_wconf 87' lang='lat' dir='ltr'><strong>Tiberius,</strong></span> <span class='ocrx_word' id='word_1_307' title='bbox 2416 2320 2585 2375; x_wconf 89' lang='lat' dir='ltr'><strong>etiam</strong></span> <span class='ocrx_word' id='word_1_308' title='bbox 2627 2320 2855 2374; x_wconf 86' lang='lat' dir='ltr'><strong>Tiberio</strong></span> <span class='ocrx_word' id='word_1_309' title='bbox 2909 2322 3095 2391; x_wconf 84' lang='lat' dir='ltr'><strong>nepoti</strong></span> <span class='ocrx_word' id='word_1_310' title='bbox 3148 2322 3450 2391; x_wconf 86' lang='lat' dir='ltr'><strong>reliquerat</strong></span> <span class='ocrx_word' id='word_1_311' title='bbox 3510 2323 3683 2393; x_wconf 87' lang='lat' dir='ltr'><strong>impe—</strong></span> 
     </span>
    </p>
   </div>
   <div class='ocr_carea' id='block_1_39' title="bbox 413 2410 2011 2485">
    <p class='ocr_par' dir='ltr' id='par_1_39' title="bbox 413 2410 1992 2485">
     <span class='ocr_line' id='line_1_39' title="bbox 413 2410 1992 2485; baseline 0.004 -23"><span class='ocrx_word' id='word_1_312' title='bbox 413 2411 622 2480; x_wconf 84' lang='grc' dir='ltr'>ἐγγόνῳ</span> <span class='ocrx_word' id='word_1_313' title='bbox 651 2410 728 2481; x_wconf 81' lang='grc' dir='ltr'><strong>τῷ</strong></span> <span class='ocrx_word' id='word_1_314' title='bbox 761 2411 1000 2481; x_wconf 84' lang='grc' dir='ltr'>Τιϐερίῳ</span> <span class='ocrx_word' id='word_1_315' title='bbox 1037 2410 1136 2484; x_wconf 81' lang='grc' dir='ltr'><strong>τὴν</strong></span> <span class='ocrx_word' id='word_1_316' title='bbox 1174 2413 1479 2485; x_wconf 86' lang='grc' dir='ltr'>αύταρχίαν</span> <span class='ocrx_word' id='word_1_317' title='bbox 1524 2415 1838 2481; x_wconf 90' lang='grc' dir='ltr'>κατέλιπεν,</span> <span class='ocrx_word' id='word_1_318' title='bbox 1874 2415 1992 2470; x_wconf 87' lang='grc' dir='ltr'>ἀλλ’</span> 
     </span>
    </p>
   </div>
   <div class='ocr_carea' id='block_1_40' title="bbox 2082 2410 3680 2485">
    <p class='ocr_par' dir='ltr' id='par_1_40' title="bbox 2096 2412 3680 2479">
     <span class='ocr_line' id='line_1_40' title="bbox 2096 2412 3680 2479; baseline 0.003 -14"><span class='ocrx_word' id='word_1_319' title='bbox 2096 2413 2262 2477; x_wconf 89' lang='lat' dir='ltr'><strong>rium,</strong></span> <span class='ocrx_word' id='word_1_320' title='bbox 2313 2422 2496 2468; x_wconf 79' lang='lat' dir='ltr'><strong>tamen</strong></span> <span class='ocrx_word' id='word_1_321' title='bbox 2549 2412 2717 2467; x_wconf 89' lang='lat' dir='ltr'><strong>Caius</strong></span> <span class='ocrx_word' id='word_1_322' title='bbox 2771 2423 3101 2468; x_wconf 89' lang='lat' dir='ltr'><strong>testamento</strong></span> <span class='ocrx_word' id='word_1_323' title='bbox 3153 2415 3276 2479; x_wconf 81' lang='lat' dir='ltr'><strong>ejus</strong></span> <span class='ocrx_word' id='word_1_324' title='bbox 3323 2421 3383 2468; x_wconf 89' lang='lat' dir='ltr'><strong>ut</strong></span> <span class='ocrx_word' id='word_1_325' title='bbox 3434 2414 3593 2471; x_wconf 88' lang='lat' dir='ltr'><strong>deliri</strong></span> <span class='ocrx_word' id='word_1_326' title='bbox 3626 2415 3680 2469; x_wconf 91' lang='lat' dir='ltr'><strong>iu</strong></span> 
     </span>
    </p>
   </div>
   <div class='ocr_carea' id='block_1_41' title="bbox 409 2504 2007 2579">
    <p class='ocr_par' dir='ltr' id='par_1_41' title="bbox 409 2504 1995 2579">
     <span class='ocr_line' id='line_1_41' title="bbox 409 2504 1995 2579; baseline 0.003 -24"><span class='ocrx_word' id='word_1_327' title='bbox 409 2507 438 2555; x_wconf 86' lang='lat'><strong>6</strong></span> <span class='ocrx_word' id='word_1_328' title='bbox 468 2504 627 2568; x_wconf 80' lang='grc' dir='ltr'>Γάϊος</span> <span class='ocrx_word' id='word_1_329' title='bbox 664 2505 764 2565; x_wconf 85' lang='grc' dir='ltr'>τὰς</span> <span class='ocrx_word' id='word_1_330' title='bbox 800 2504 1068 2575; x_wconf 82' lang='grc' dir='ltr'>διαθήκας</span> <span class='ocrx_word' id='word_1_331' title='bbox 1113 2505 1279 2559; x_wconf 78' lang='grc' dir='ltr'>αὐτοῦ</span> <span class='ocrx_word' id='word_1_332' title='bbox 1318 2509 1398 2572; x_wconf 85' lang='grc' dir='ltr'><strong>είς</strong></span> <span class='ocrx_word' id='word_1_333' title='bbox 1431 2507 1491 2561; x_wconf 85' lang='grc' dir='ltr'><strong>τὸ</strong></span> <span class='ocrx_word' id='word_1_334' title='bbox 1533 2508 1809 2579; x_wconf 86' lang='grc' dir='ltr'>συνέδριον</span> <span class='ocrx_word' id='word_1_335' title='bbox 1856 2507 1995 2579; x_wconf 85' lang='grc' dir='ltr'>πέμ-</span> 
     </span>
    </p>
   </div>
   <div class='ocr_carea' id='block_1_42' title="bbox 2082 2504 3680 2579">
    <p class='ocr_par' dir='ltr' id='par_1_42' title="bbox 2097 2504 3680 2577">
     <span class='ocr_line' id='line_1_42' title="bbox 2097 2504 3680 2577; baseline 0.002 -18"><span class='ocrx_word' id='word_1_336' title='bbox 2097 2504 2309 2559; x_wconf 89' lang='lat' dir='ltr'><strong>curiam</strong></span> <span class='ocrx_word' id='word_1_337' title='bbox 2349 2505 2539 2570; x_wconf 80' lang='lat' dir='ltr'><strong>misso,</strong></span> <span class='ocrx_word' id='word_1_338' title='bbox 2570 2505 2777 2571; x_wconf 82' lang='lat' dir='ltr'><strong>ell‘ecit,</strong></span> <span class='ocrx_word' id='word_1_339' title='bbox 2831 2516 2892 2561; x_wconf 91' lang='lat' dir='ltr'><strong>ut</strong></span> <span class='ocrx_word' id='word_1_340' title='bbox 2924 2506 3265 2569; x_wconf 87' lang='lat' dir='ltr'><strong>aboleretur,</strong></span> <span class='ocrx_word' id='word_1_341' title='bbox 3305 2507 3451 2576; x_wconf 85' lang='lat' dir='ltr'><strong>quod</strong></span> <span class='ocrx_word' id='word_1_342' title='bbox 3484 2522 3680 2577; x_wconf 87' lang='lat' dir='ltr'><strong>puero,</strong></span> 
     </span>
    </p>
   </div>
   <div class='ocr_carea' id='block_1_43' title="bbox 410 2594 2008 2670">
    <p class='ocr_par' dir='ltr' id='par_1_43' title="bbox 410 2594 1994 2670">
     <span class='ocr_line' id='line_1_43' title="bbox 410 2594 1994 2670; baseline 0.003 -21"><span class='ocrx_word' id='word_1_343' title='bbox 410 2596 539 2665; x_wconf 73' lang='grc' dir='ltr'>ψας,</span> <span class='ocrx_word' id='word_1_344' title='bbox 563 2594 806 2666; x_wconf 82' lang='grc' dir='ltr'>ἀκύρους</span> <span class='ocrx_word' id='word_1_345' title='bbox 856 2596 1237 2666; x_wconf 76' lang='grc' dir='ltr'>παρεσκεύασε</span> <span class='ocrx_word' id='word_1_346' title='bbox 1281 2597 1554 2667; x_wconf 82' lang='grc' dir='ltr'>γενέσθαι,</span> <span class='ocrx_word' id='word_1_347' title='bbox 1591 2598 1667 2661; x_wconf 88' lang='grc' dir='ltr'>ὼς</span> <span class='ocrx_word' id='word_1_348' title='bbox 1702 2615 1994 2670; x_wconf 81' lang='grc' dir='ltr'>παραφρο-</span> 
     </span>
    </p>
   </div>
   <div class='ocr_carea' id='block_1_44' title="bbox 2085 2594 3683 2670">
    <p class='ocr_par' dir='ltr' id='par_1_44' title="bbox 2094 2596 3683 2667">
     <span class='ocr_line' id='line_1_44' title="bbox 2094 2596 3683 2667; baseline 0.001 -17"><span class='ocrx_word' id='word_1_349' title='bbox 2094 2596 2183 2650; x_wconf 90' lang='lat' dir='ltr'><strong>cui</strong></span> <span class='ocrx_word' id='word_1_350' title='bbox 2215 2611 2314 2666; x_wconf 89' lang='lat' dir='ltr'><strong>per</strong></span> <span class='ocrx_word' id='word_1_351' title='bbox 2339 2604 2556 2650; x_wconf 62' lang='lat' dir='ltr'><strong>aetatem</strong></span> <span class='ocrx_word' id='word_1_352' title='bbox 2585 2596 2824 2650; x_wconf 90' lang='lat' dir='ltr'><strong>necdum</strong></span> <span class='ocrx_word' id='word_1_353' title='bbox 2858 2596 3071 2665; x_wconf 80' lang='lat' dir='ltr'><strong>ingredi</strong></span> <span class='ocrx_word' id='word_1_354' title='bbox 3104 2596 3315 2650; x_wconf 91' lang='lat' dir='ltr'><strong>curiam</strong></span> <span class='ocrx_word' id='word_1_355' title='bbox 3342 2596 3683 2667; x_wconf 80' lang='lat' dir='ltr'><strong>liceret,|lto—</strong></span> 
     </span>
    </p>
   </div>
   <div class='ocr_carea' id='block_1_45' title="bbox 412 2682 2010 2761">
    <p class='ocr_par' dir='ltr' id='par_1_45' title="bbox 412 2682 1995 2759">
     <span class='ocr_line' id='line_1_45' title="bbox 412 2682 1995 2759; baseline 0.001 -18"><span class='ocrx_word' id='word_1_356' title='bbox 412 2688 712 2759; x_wconf 82' lang='grc' dir='ltr'>νήσαντος,</span> <span class='ocrx_word' id='word_1_357' title='bbox 761 2682 849 2742; x_wconf 77' lang='grc' dir='ltr'>οἷα</span> <span class='ocrx_word' id='word_1_358' title='bbox 893 2686 1050 2742; x_wconf 75' lang='grc' dir='ltr'>παιδὶ</span> <span class='ocrx_word' id='word_1_359' title='bbox 1089 2683 1134 2756; x_wconf 84' lang='grc' dir='ltr'>ᾧ</span> <span class='ocrx_word' id='word_1_360' title='bbox 1174 2689 1300 2759; x_wconf 80' lang='grc' dir='ltr'>μηδ’</span> <span class='ocrx_word' id='word_1_361' title='bbox 1330 2689 1593 2745; x_wconf 74' lang='grc' dir='ltr'>εἰσελθεῖν</span> <span class='ocrx_word' id='word_1_362' title='bbox 1641 2689 1768 2759; x_wconf 79' lang='grc' dir='ltr'>ἐξῆν</span> <span class='ocrx_word' id='word_1_363' title='bbox 1818 2692 1898 2754; x_wconf 79' lang='grc' dir='ltr'><strong>είς</strong></span> <span class='ocrx_word' id='word_1_364' title='bbox 1933 2690 1995 2743; x_wconf 79' lang='grc' dir='ltr'>τὸ</span> 
     </span>
    </p>
   </div>
   <div class='ocr_carea' id='block_1_46' title="bbox 2082 2682 3680 2761">
    <p class='ocr_par' dir='ltr' id='par_1_46' title="bbox 2096 2688 3680 2761">
     <span class='ocr_line' id='line_1_46' title="bbox 2096 2688 3680 2761; baseline 0.002 -19"><span class='ocrx_word' id='word_1_365' title='bbox 2096 2703 2318 2743; x_wconf 90' lang='lat' dir='ltr'><strong>manum</strong></span> <span class='ocrx_word' id='word_1_366' title='bbox 2354 2688 2646 2759; x_wconf 86' lang='lat' dir='ltr'><strong>imperium</strong></span> <span class='ocrx_word' id='word_1_367' title='bbox 2683 2690 3016 2759; x_wconf 86' lang='lat' dir='ltr'><strong>reliquisset.</strong></span> <span class='ocrx_word' id='word_1_368' title='bbox 3051 2691 3233 2760; x_wconf 86' lang='lat' dir='ltr'><strong>Atque</strong></span> <span class='ocrx_word' id='word_1_369' title='bbox 3288 2690 3362 2744; x_wconf 84' lang='lat' dir='ltr'><strong>ita</strong></span> <span class='ocrx_word' id='word_1_370' title='bbox 3395 2691 3680 2761; x_wconf 81' lang='lat' dir='ltr'><strong>principa-</strong></span> 
     </span>
    </p>
   </div>
   <div class='ocr_carea' id='block_1_47' title="bbox 413 2774 2011 2854">
    <p class='ocr_par' dir='ltr' id='par_1_47' title="bbox 413 2782 1990 2854">
     <span class='ocr_line' id='line_1_47' title="bbox 413 2782 1990 2854; baseline 0.002 -19"><span class='ocrx_word' id='word_1_371' title='bbox 413 2782 818 2852; x_wconf 75' lang='grc' dir='ltr'>βουλευτήριον,</span> <span class='ocrx_word' id='word_1_372' title='bbox 862 2783 1054 2852; x_wconf 84' lang='grc' dir='ltr'>ἄρχειν</span> <span class='ocrx_word' id='word_1_373' title='bbox 1083 2782 1194 2836; x_wconf 84' lang='grc' dir='ltr'><strong>τῶν</strong></span> <span class='ocrx_word' id='word_1_374' title='bbox 1236 2782 1525 2851; x_wconf 88' lang='grc' dir='ltr'>Ῥωμαίων</span> <span class='ocrx_word' id='word_1_375' title='bbox 1576 2782 1990 2854; x_wconf 80' lang='grc' dir='ltr'>ἐπιτρέψαντος.</span> 
     </span>
    </p>
   </div>
   <div class='ocr_carea' id='block_1_48' title="bbox 2073 2774 3671 2854">
    <p class='ocr_par' dir='ltr' id='par_1_48' title="bbox 2096 2774 3671 2853">
     <span class='ocr_line' id='line_1_48' title="bbox 2096 2774 3671 2853; baseline 0.002 -18"><span class='ocrx_word' id='word_1_376' title='bbox 2096 2791 2210 2835; x_wconf 92' lang='lat' dir='ltr'><strong>tum</strong></span> <span class='ocrx_word' id='word_1_377' title='bbox 2242 2780 2293 2834; x_wconf 89' lang='lat' dir='ltr'><strong>ei</strong></span> <span class='ocrx_word' id='word_1_378' title='bbox 2322 2780 2507 2835; x_wconf 86' lang='lat' dir='ltr'><strong>statim</strong></span> <span class='ocrx_word' id='word_1_379' title='bbox 2531 2774 2757 2835; x_wconf 88' lang='lat' dir='ltr'><strong>ademit.</strong></span> <span class='ocrx_word' id='word_1_380' title='bbox 2791 2782 2940 2847; x_wconf 85' lang='lat' dir='ltr'><strong>Post,</strong></span> <span class='ocrx_word' id='word_1_381' title='bbox 2970 2783 3290 2853; x_wconf 89' lang='lat' dir='ltr'><strong>adoptatum</strong></span> <span class='ocrx_word' id='word_1_382' title='bbox 3343 2783 3627 2838; x_wconf 79' lang='lat' dir='ltr'><strong>interfecit</strong></span> <span class='ocrx_word' id='word_1_383' title='bbox 3655 2826 3671 2850; x_wconf 95' lang='lat'><strong>,</strong></span> 
     </span>
    </p>
   </div>
   <div class='ocr_carea' id='block_1_49' title="bbox 416 2869 2014 2947">
    <p class='ocr_par' dir='ltr' id='par_1_49' title="bbox 416 2869 1991 2947">
     <span class='ocr_line' id='line_1_49' title="bbox 416 2869 1991 2947; baseline 0.002 -22"><span class='ocrx_word' id='word_1_384' title='bbox 416 2875 524 2943; x_wconf 80' lang='grc' dir='ltr'>Τῆς</span> <span class='ocrx_word' id='word_1_385' title='bbox 572 2872 671 2941; x_wconf 72' lang='grc' dir='ltr'><strong>μὲν</strong></span> <span class='ocrx_word' id='word_1_386' title='bbox 717 2869 810 2926; x_wconf 78' lang='grc' dir='ltr'>οὖν</span> <span class='ocrx_word' id='word_1_387' title='bbox 853 2874 1029 2943; x_wconf 83' lang='grc' dir='ltr'>ἀρχῆς</span> <span class='ocrx_word' id='word_1_388' title='bbox 1059 2874 1222 2926; x_wconf 75' lang='grc' dir='ltr'>αὐτὸν</span> <span class='ocrx_word' id='word_1_389' title='bbox 1254 2873 1428 2938; x_wconf 77' lang='grc' dir='ltr'>οὕτως</span> <span class='ocrx_word' id='word_1_390' title='bbox 1456 2875 1655 2928; x_wconf 85' lang='grc' dir='ltr'>αὐτίκα</span> <span class='ocrx_word' id='word_1_391' title='bbox 1690 2874 1991 2947; x_wconf 82' lang='grc' dir='ltr'>παρέλυσε,</span> 
     </span>
    </p>
   </div>
   <div class='ocr_carea' id='block_1_50' title="bbox 2082 2869 3680 2947">
    <p class='ocr_par' dir='ltr' id='par_1_50' title="bbox 2094 2871 3680 2945">
     <span class='ocr_line' id='line_1_50' title="bbox 2094 2871 3680 2945; baseline 0.003 -18"><span class='ocrx_word' id='word_1_392' title='bbox 2094 2872 2273 2942; x_wconf 87' lang='lat' dir='ltr'><strong>utqui</strong></span> <span class='ocrx_word' id='word_1_393' title='bbox 2307 2871 2483 2941; x_wconf 91' lang='lat' dir='ltr'><strong>ipsum</strong></span> <span class='ocrx_word' id='word_1_394' title='bbox 2518 2873 2657 2927; x_wconf 89' lang='lat' dir='ltr'><strong>mori</strong></span> <span class='ocrx_word' id='word_1_395' title='bbox 2691 2883 2954 2943; x_wconf 88' lang='lat' dir='ltr'><strong>optasset.</strong></span> <span class='ocrx_word' id='word_1_396' title='bbox 3003 2875 3250 2945; x_wconf 78' lang='lat' dir='ltr'><strong>Magnam</strong></span> <span class='ocrx_word' id='word_1_397' title='bbox 3301 2876 3593 2945; x_wconf 85' lang='lat' dir='ltr'><strong>pecuniam</strong></span> <span class='ocrx_word' id='word_1_398' title='bbox 3623 2889 3680 2931; x_wconf 91' lang='lat' dir='ltr'><strong>et</strong></span> 
     </span>
    </p>
   </div>
   <div class='ocr_carea' id='block_1_51' title="bbox 412 2963 2010 3036">
    <p class='ocr_par' dir='ltr' id='par_1_51' title="bbox 412 2963 1990 3035">
     <span class='ocr_line' id='line_1_51' title="bbox 412 2963 1990 3035; baseline 0.004 -21"><span class='ocrx_word' id='word_1_399' title='bbox 412 2966 504 3016; x_wconf 76' lang='grc' dir='ltr'><strong>καὶ</strong></span> <span class='ocrx_word' id='word_1_400' title='bbox 556 2963 698 3034; x_wconf 85' lang='grc' dir='ltr'>μετὰ</span> <span class='ocrx_word' id='word_1_401' title='bbox 735 2964 895 3017; x_wconf 82' lang='grc' dir='ltr'>τοῦτο</span> <span class='ocrx_word' id='word_1_402' title='bbox 939 2966 1401 3035; x_wconf 70' lang='grc' dir='ltr'>εἰσποιησάμενος</span> <span class='ocrx_word' id='word_1_403' title='bbox 1435 2967 1777 3030; x_wconf 83' lang='grc' dir='ltr'>ἀπέκτεινεν,</span> <span class='ocrx_word' id='word_1_404' title='bbox 1803 2967 1878 3029; x_wconf 74' lang='grc' dir='ltr'>ὡς</span> <span class='ocrx_word' id='word_1_405' title='bbox 1904 2985 1990 3020; x_wconf 80' lang='grc' dir='ltr'>τεο</span> 
     </span>
    </p>
   </div>
   <div class='ocr_carea' id='block_1_52' title="bbox 2075 2963 3673 3036">
    <p class='ocr_par' dir='ltr' id='par_1_52' title="bbox 2096 2963 3673 3036">
     <span class='ocr_line' id='line_1_52' title="bbox 2096 2963 3673 3036; baseline 0.003 -20"><span class='ocrx_word' id='word_1_406' title='bbox 2096 2963 2361 3018; x_wconf 77' lang='lat' dir='ltr'><strong>militibus</strong></span> <span class='ocrx_word' id='word_1_407' title='bbox 2392 2971 2447 3016; x_wconf 89' lang='lat' dir='ltr'><strong>et</strong></span> <span class='ocrx_word' id='word_1_408' title='bbox 2480 2963 2703 3032; x_wconf 91' lang='lat' dir='ltr'><strong>populo,</strong></span> <span class='ocrx_word' id='word_1_409' title='bbox 2741 2966 2939 3034; x_wconf 84' lang='lat' dir='ltr'><strong>partim</strong></span> <span class='ocrx_word' id='word_1_410' title='bbox 2972 2982 3040 3020; x_wconf 83' lang='lat' dir='ltr'><strong>ex</strong></span> <span class='ocrx_word' id='word_1_411' title='bbox 3076 2965 3310 3028; x_wconf 87' lang='lat' dir='ltr'><strong>Tiberii,</strong></span> <span class='ocrx_word' id='word_1_412' title='bbox 3352 2970 3551 3036; x_wconf 85' lang='lat' dir='ltr'><strong>partim</strong></span> <span class='ocrx_word' id='word_1_413' title='bbox 3606 2982 3673 3021; x_wconf 76' lang='lat' dir='ltr'><strong>ex</strong></span> 
     </span>
    </p>
   </div>
   <div class='ocr_carea' id='block_1_53' title="bbox 411 3048 2009 3127">
    <p class='ocr_par' dir='ltr' id='par_1_53' title="bbox 411 3053 1992 3127">
     <span class='ocr_line' id='line_1_53' title="bbox 411 3053 1992 3127; baseline 0.004 -22"><span class='ocrx_word' id='word_1_414' title='bbox 411 3053 669 3122; x_wconf 83' lang='grc' dir='ltr'>λευτῆσαι</span> <span class='ocrx_word' id='word_1_415' title='bbox 698 3053 863 3110; x_wconf 84' lang='grc' dir='ltr'>αὐτὸν</span> <span class='ocrx_word' id='word_1_416' title='bbox 897 3053 1222 3124; x_wconf 77' lang='grc' dir='ltr'>εὐξάμενον.</span> <span class='ocrx_word' id='word_1_417' title='bbox 1262 3055 1541 3127; x_wconf 88' lang='grc' dir='ltr'>Χρήματα</span> <span class='ocrx_word' id='word_1_418' title='bbox 1570 3057 1626 3110; x_wconf 81' lang='grc' dir='ltr'>δὲ</span> <span class='ocrx_word' id='word_1_419' title='bbox 1656 3056 1830 3111; x_wconf 91' lang='grc' dir='ltr'>πολλά</span> <span class='ocrx_word' id='word_1_420' title='bbox 1876 3060 1992 3122; x_wconf 85' lang='grc' dir='ltr'>τοῖς</span> 
     </span>
    </p>
   </div>
   <div class='ocr_carea' id='block_1_54' title="bbox 2080 3048 3678 3127">
    <p class='ocr_par' dir='ltr' id='par_1_54' title="bbox 2095 3048 3678 3121">
     <span class='ocr_line' id='line_1_54' title="bbox 2095 3048 3678 3121; baseline 0.001 -12"><span class='ocrx_word' id='word_1_421' title='bbox 2095 3056 2262 3109; x_wconf 67' lang='lat' dir='ltr'><strong>Liviae</strong></span> <span class='ocrx_word' id='word_1_422' title='bbox 2293 3048 2622 3109; x_wconf 81' lang='lat' dir='ltr'><strong>testamento</strong></span> <span class='ocrx_word' id='word_1_423' title='bbox 2655 3056 2900 3110; x_wconf 91' lang='lat' dir='ltr'><strong>nondum</strong></span> <span class='ocrx_word' id='word_1_424' title='bbox 2947 3071 2976 3110; x_wconf 90' lang='lat' dir='ltr'><strong>a</strong></span> <span class='ocrx_word' id='word_1_425' title='bbox 3007 3054 3232 3111; x_wconf 88' lang='lat' dir='ltr'><strong>Tiberio</strong></span> <span class='ocrx_word' id='word_1_426' title='bbox 3282 3065 3627 3110; x_wconf 86' lang='lat' dir='ltr'><strong>numeratam</strong></span> <span class='ocrx_word' id='word_1_427' title='bbox 3659 3097 3678 3121; x_wconf 89' lang='lat'><strong>,</strong></span> 
     </span>
    </p>
   </div>
   <div class='ocr_carea' id='block_1_55' title="bbox 413 3142 2011 3218">
    <p class='ocr_par' dir='ltr' id='par_1_55' title="bbox 413 3142 1993 3218">
     <span class='ocr_line' id='line_1_55' title="bbox 413 3142 1993 3218; baseline 0.006 -24"><span class='ocrx_word' id='word_1_428' title='bbox 413 3142 778 3213; x_wconf 83' lang='grc' dir='ltr'>στρατιώταις</span> <span class='ocrx_word' id='word_1_429' title='bbox 813 3146 907 3198; x_wconf 79' lang='grc' dir='ltr'><strong>καὶ</strong></span> <span class='ocrx_word' id='word_1_430' title='bbox 943 3144 1024 3215; x_wconf 80' lang='grc' dir='ltr'>τῷ</span> <span class='ocrx_word' id='word_1_431' title='bbox 1072 3145 1233 3218; x_wconf 80' lang='grc' dir='ltr'>δήμῳ</span> <span class='ocrx_word' id='word_1_432' title='bbox 1265 3147 1528 3218; x_wconf 86' lang='grc' dir='ltr'>διένειμε,</span> <span class='ocrx_word' id='word_1_433' title='bbox 1566 3148 1631 3202; x_wconf 82' lang='grc' dir='ltr'>τὰ</span> <span class='ocrx_word' id='word_1_434' title='bbox 1667 3149 1770 3216; x_wconf 80' lang='grc' dir='ltr'>μὲν</span> <span class='ocrx_word' id='word_1_435' title='bbox 1799 3151 1862 3202; x_wconf 87' lang='grc' dir='ltr'><strong>ἐκ</strong></span> <span class='ocrx_word' id='word_1_436' title='bbox 1884 3150 1993 3203; x_wconf 84' lang='grc' dir='ltr'><strong>τῶν</strong></span> 
     </span>
    </p>
   </div>
   <div class='ocr_carea' id='block_1_56' title="bbox 2079 3142 3677 3218">
    <p class='ocr_par' dir='ltr' id='par_1_56' title="bbox 2095 3144 3677 3217">
     <span class='ocr_line' id='line_1_56' title="bbox 2095 3144 3677 3217; baseline 0.001 -17"><span class='ocrx_word' id='word_1_437' title='bbox 2095 3147 2399 3204; x_wconf 79' lang='lat' dir='ltr'><strong>distribuit.</strong></span> <span class='ocrx_word' id='word_1_438' title='bbox 2442 3145 2601 3216; x_wconf 88' lang='lat' dir='ltr'><strong>Quod</strong></span> <span class='ocrx_word' id='word_1_439' title='bbox 2632 3148 2677 3202; x_wconf 90' lang='lat' dir='ltr'><strong>si</strong></span> <span class='ocrx_word' id='word_1_440' title='bbox 2713 3147 2980 3217; x_wconf 89' lang='lat' dir='ltr'><strong>reliquam</strong></span> <span class='ocrx_word' id='word_1_441' title='bbox 3016 3146 3183 3201; x_wconf 88' lang='lat' dir='ltr'><strong>etiam</strong></span> <span class='ocrx_word' id='word_1_442' title='bbox 3216 3187 3230 3212; x_wconf 92' lang='lat'><strong>,</strong></span> <span class='ocrx_word' id='word_1_443' title='bbox 3292 3144 3366 3200; x_wconf 89' lang='lat' dir='ltr'><strong>ita</strong></span> <span class='ocrx_word' id='word_1_444' title='bbox 3392 3155 3454 3200; x_wconf 90' lang='lat' dir='ltr'><strong>ut</strong></span> <span class='ocrx_word' id='word_1_445' title='bbox 3508 3147 3677 3201; x_wconf 81' lang='lat' dir='ltr'><strong>dece-</strong></span> 
     </span>
    </p>
   </div>
   <div class='ocr_carea' id='block_1_57' title="bbox 412 3236 2010 3315">
    <p class='ocr_par' dir='ltr' id='par_1_57' title="bbox 412 3236 1993 3311">
     <span class='ocr_line' id='line_1_57' title="bbox 412 3236 1993 3311; baseline 0.005 -23"><span class='ocrx_word' id='word_1_446' title='bbox 412 3236 664 3306; x_wconf 88' lang='grc' dir='ltr'>Τιϐερίου</span> <span class='ocrx_word' id='word_1_447' title='bbox 718 3236 1014 3307; x_wconf 86' lang='grc' dir='ltr'>διαθηκῶν,</span> <span class='ocrx_word' id='word_1_448' title='bbox 1059 3240 1128 3290; x_wconf 77' lang='grc' dir='ltr'>τὰ</span> <span class='ocrx_word' id='word_1_449' title='bbox 1157 3239 1310 3292; x_wconf 83' lang='grc' dir='ltr'><strong>δὲέκ</strong></span> <span class='ocrx_word' id='word_1_450' title='bbox 1359 3240 1466 3293; x_wconf 92' lang='grc' dir='ltr'><strong>τῶν</strong></span> <span class='ocrx_word' id='word_1_451' title='bbox 1496 3240 1594 3311; x_wconf 82' lang='grc' dir='ltr'><strong>τῆς</strong></span> <span class='ocrx_word' id='word_1_452' title='bbox 1637 3241 1851 3309; x_wconf 87' lang='grc' dir='ltr'>Λιϐίας,</span> <span class='ocrx_word' id='word_1_453' title='bbox 1884 3242 1919 3296; x_wconf 84' lang='grc' dir='ltr'><strong>ἀ</strong></span> <span class='ocrx_word' id='word_1_454' title='bbox 1965 3245 1993 3296; x_wconf 93' lang='lat'><strong>6</strong></span> 
     </span>
    </p>
   </div>
   <div class='ocr_carea' id='block_1_58' title="bbox 2079 3236 3677 3315">
    <p class='ocr_par' dir='ltr' id='par_1_58' title="bbox 2095 3238 3677 3315">
     <span class='ocr_line' id='line_1_58' title="bbox 2095 3238 3677 3315; baseline 0 -22"><span class='ocrx_word' id='word_1_455' title='bbox 2095 3239 2208 3302; x_wconf 88' lang='lat' dir='ltr'><strong>bat,</strong></span> <span class='ocrx_word' id='word_1_456' title='bbox 2245 3240 2649 3312; x_wconf 70' lang='lat' dir='ltr'><strong>insumpsisset,</strong></span> <span class='ocrx_word' id='word_1_457' title='bbox 2688 3239 3067 3309; x_wconf 83' lang='lat' dir='ltr'><strong>magnanimus</strong></span> <span class='ocrx_word' id='word_1_458' title='bbox 3115 3248 3171 3293; x_wconf 89' lang='lat' dir='ltr'><strong>et</strong></span> <span class='ocrx_word' id='word_1_459' title='bbox 3221 3238 3545 3315; x_wconf 80' lang='lat' dir='ltr'><strong>magnificus</strong></span> <span class='ocrx_word' id='word_1_460' title='bbox 3584 3254 3677 3293; x_wconf 87' lang='lat' dir='ltr'><strong>es-</strong></span> 
     </span>
    </p>
   </div>
   <div class='ocr_carea' id='block_1_59' title="bbox 412 3329 2010 3403">
    <p class='ocr_par' dir='ltr' id='par_1_59' title="bbox 412 3329 1992 3403">
     <span class='ocr_line' id='line_1_59' title="bbox 412 3329 1992 3403; baseline 0.005 -22"><span class='ocrx_word' id='word_1_461' title='bbox 412 3329 665 3399; x_wconf 84' lang='grc' dir='ltr'>Τιϐέριος</span> <span class='ocrx_word' id='word_1_462' title='bbox 691 3329 753 3382; x_wconf 89' lang='grc' dir='ltr'><strong>οὐ</strong></span> <span class='ocrx_word' id='word_1_463' title='bbox 784 3331 1050 3401; x_wconf 84' lang='grc' dir='ltr'>παρέσχε.</span> <span class='ocrx_word' id='word_1_464' title='bbox 1084 3332 1195 3386; x_wconf 85' lang='lat' dir='ltr'><strong>Kal.</strong></span> <span class='ocrx_word' id='word_1_465' title='bbox 1224 3332 1386 3403; x_wconf 78' lang='grc' dir='ltr'>εἰπερ</span> <span class='ocrx_word' id='word_1_466' title='bbox 1418 3335 1512 3387; x_wconf 82' lang='grc' dir='ltr'><strong>καὶ</strong></span> <span class='ocrx_word' id='word_1_467' title='bbox 1540 3334 1608 3387; x_wconf 87' lang='grc' dir='ltr'><strong>τά</strong></span> <span class='ocrx_word' id='word_1_468' title='bbox 1636 3334 1801 3389; x_wconf 88' lang='grc' dir='ltr'>λοιπά</span> <span class='ocrx_word' id='word_1_469' title='bbox 1846 3335 1992 3389; x_wconf 85' lang='grc' dir='ltr'>δεόν-</span> 
     </span>
    </p>
   </div>
   <div class='ocr_carea' id='block_1_60' title="bbox 2076 3329 3674 3403">
    <p class='ocr_par' dir='ltr' id='par_1_60' title="bbox 2094 3330 3674 3400">
     <span class='ocr_line' id='line_1_60' title="bbox 2094 3330 3674 3400; baseline 0.001 -15"><span class='ocrx_word' id='word_1_470' title='bbox 2094 3339 2179 3386; x_wconf 86' lang='lat' dir='ltr'><strong>set</strong></span> <span class='ocrx_word' id='word_1_471' title='bbox 2219 3331 2458 3391; x_wconf 87' lang='lat' dir='ltr'><strong>habitus.</strong></span> <span class='ocrx_word' id='word_1_472' title='bbox 2488 3333 2644 3388; x_wconf 90' lang='lat' dir='ltr'><strong>Nunc</strong></span> <span class='ocrx_word' id='word_1_473' title='bbox 2672 3331 2904 3386; x_wconf 80' lang='lat' dir='ltr'><strong>infinitis</strong></span> <span class='ocrx_word' id='word_1_474' title='bbox 2952 3330 3216 3400; x_wconf 85' lang='lat' dir='ltr'><strong>impensis</strong></span> <span class='ocrx_word' id='word_1_475' title='bbox 3252 3332 3305 3384; x_wconf 92' lang='lat' dir='ltr'><strong>in</strong></span> <span class='ocrx_word' id='word_1_476' title='bbox 3341 3332 3631 3386; x_wconf 78' lang='lat' dir='ltr'><strong>saltatores</strong></span> <span class='ocrx_word' id='word_1_477' title='bbox 3659 3372 3674 3396; x_wconf 92' lang='lat'><strong>,</strong></span> 
     </span>
    </p>
   </div>
   <div class='ocr_carea' id='block_1_61' title="bbox 409 3384 2007 3498">
    <p class='ocr_par' dir='ltr' id='par_1_61' title="bbox 409 3384 1987 3498">
     <span class='ocr_line' id='line_1_61' title="bbox 409 3384 1987 3498; baseline 0.005 -26"><span class='ocrx_word' id='word_1_478' title='bbox 409 3437 514 3483; x_wconf 82' lang='grc' dir='ltr'><strong>τως</strong></span> <span class='ocrx_word' id='word_1_479' title='bbox 547 3384 878 3490; x_wconf 73' lang='grc' dir='ltr'><strong>⁵ἀνήλισκε,⁵</strong></span> <span class='ocrx_word' id='word_1_480' title='bbox 908 3384 1366 3491; x_wconf 53' lang='grc' dir='ltr'><strong>με’γαλόνουςᾶνΙ</strong></span> 
     </span>
    </p>
   </div>
   <div class='ocr_carea' id='block_1_62' title="bbox 2078 3384 3676 3498">
    <p class='ocr_par' dir='ltr' id='par_1_62' title="bbox 2097 3421 3676 3495">
     <span class='ocr_line' id='line_1_62' title="bbox 2097 3421 3676 3495; baseline 0.001 -19"><span class='ocrx_word' id='word_1_481' title='bbox 2097 3438 2292 3492; x_wconf 90' lang='lat' dir='ltr'><strong>equos,</strong></span> <span class='ocrx_word' id='word_1_482' title='bbox 2321 3424 2676 3495; x_wconf 83' lang='lat' dir='ltr'><strong>gladiatores,</strong></span> <span class='ocrx_word' id='word_1_483' title='bbox 2712 3432 2770 3477; x_wconf 90' lang='lat' dir='ltr'><strong>et</strong></span> <span class='ocrx_word' id='word_1_484' title='bbox 2809 3422 2864 3476; x_wconf 90' lang='lat' dir='ltr'><strong>id</strong></span> <span class='ocrx_word' id='word_1_485' title='bbox 2891 3437 3063 3492; x_wconf 79' lang='lat' dir='ltr'><strong>genus</strong></span> <span class='ocrx_word' id='word_1_486' title='bbox 3091 3422 3197 3476; x_wconf 89' lang='lat' dir='ltr'><strong>alia</strong></span> <span class='ocrx_word' id='word_1_487' title='bbox 3227 3421 3387 3476; x_wconf 89' lang='lat' dir='ltr'><strong>factis</strong></span> <span class='ocrx_word' id='word_1_488' title='bbox 3417 3462 3431 3490; x_wconf 93' lang='lat'><strong>,</strong></span> <span class='ocrx_word' id='word_1_489' title='bbox 3470 3430 3525 3477; x_wconf 88' lang='lat' dir='ltr'><strong>et</strong></span> <span class='ocrx_word' id='word_1_490' title='bbox 3560 3423 3676 3477; x_wconf 88' lang='lat' dir='ltr'><strong>the-</strong></span> 
     </span>
    </p>
   </div>
   <div class='ocr_carea' id='block_1_63' title="bbox 409 3510 2007 3585">
    <p class='ocr_par' dir='ltr' id='par_1_63' title="bbox 409 3510 1988 3585">
     <span class='ocr_line' id='line_1_63' title="bbox 409 3510 1988 3585; baseline 0.005 -22"><span class='ocrx_word' id='word_1_491' title='bbox 409 3510 576 3576; x_wconf 76' lang='grc' dir='ltr'>ἔδοξε.</span> <span class='ocrx_word' id='word_1_492' title='bbox 614 3510 730 3566; x_wconf 82' lang='grc' dir='ltr'><strong>Νῦν</strong></span> <span class='ocrx_word' id='word_1_493' title='bbox 779 3514 837 3566; x_wconf 81' lang='grc' dir='ltr'>δὲ</span> <span class='ocrx_word' id='word_1_494' title='bbox 897 3515 990 3567; x_wconf 80' lang='grc' dir='ltr'>καὶ</span> <span class='ocrx_word' id='word_1_495' title='bbox 1041 3514 1121 3575; x_wconf 83' lang='grc' dir='ltr'><strong>είς</strong></span> <span class='ocrx_word' id='word_1_496' title='bbox 1173 3515 1449 3585; x_wconf 84' lang='grc' dir='ltr'>ὀρχηστὰς</span> <span class='ocrx_word' id='word_1_497' title='bbox 1506 3516 1600 3570; x_wconf 80' lang='grc' dir='ltr'>καὶ</span> <span class='ocrx_word' id='word_1_498' title='bbox 1639 3517 1841 3581; x_wconf 74' lang='grc' dir='ltr'>ἵππους</span> <span class='ocrx_word' id='word_1_499' title='bbox 1892 3517 1988 3571; x_wconf 79' lang='grc' dir='ltr'><strong>καὶ</strong></span> 
     </span>
    </p>
   </div>
   <div class='ocr_carea' id='block_1_64' title="bbox 2078 3510 3676 3585">
    <p class='ocr_par' dir='ltr' id='par_1_64' title="bbox 2099 3515 3676 3585">
     <span class='ocr_line' id='line_1_64' title="bbox 2099 3515 3676 3585; baseline 0.002 -17"><span class='ocrx_word' id='word_1_500' title='bbox 2099 3530 2296 3570; x_wconf 89' lang='lat' dir='ltr'><strong>sauros</strong></span> <span class='ocrx_word' id='word_1_501' title='bbox 2330 3516 2598 3571; x_wconf 84' lang='lat' dir='ltr'><strong>maximos</strong></span> <span class='ocrx_word' id='word_1_502' title='bbox 2626 3515 2900 3579; x_wconf 82' lang='lat' dir='ltr'><strong>exhausit,</strong></span> <span class='ocrx_word' id='word_1_503' title='bbox 2931 3523 2988 3568; x_wconf 90' lang='lat' dir='ltr'><strong>et</strong></span> <span class='ocrx_word' id='word_1_504' title='bbox 3016 3515 3107 3569; x_wconf 82' lang='lat' dir='ltr'><strong>illa</strong></span> <span class='ocrx_word' id='word_1_505' title='bbox 3148 3531 3366 3585; x_wconf 90' lang='lat' dir='ltr'><strong>quoque</strong></span> <span class='ocrx_word' id='word_1_506' title='bbox 3399 3531 3458 3571; x_wconf 91' lang='lat' dir='ltr'><strong>se</strong></span> <span class='ocrx_word' id='word_1_507' title='bbox 3504 3523 3676 3571; x_wconf 85' lang='lat' dir='ltr'><strong>teme-</strong></span> 
     </span>
    </p>
   </div>
   <div class='ocr_carea' id='block_1_65' title="bbox 413 3600 2011 3678">
    <p class='ocr_par' dir='ltr' id='par_1_65' title="bbox 413 3600 1986 3678">
     <span class='ocr_line' id='line_1_65' title="bbox 413 3600 1986 3678; baseline 0.005 -23"><span class='ocrx_word' id='word_1_508' title='bbox 413 3605 775 3674; x_wconf 83' lang='grc' dir='ltr'>μονομάχους,</span> <span class='ocrx_word' id='word_1_509' title='bbox 807 3607 900 3657; x_wconf 84' lang='grc' dir='ltr'><strong>καὶ</strong></span> <span class='ocrx_word' id='word_1_510' title='bbox 930 3600 1339 3678; x_wconf 61' lang='grc' dir='ltr'>τοιουτότροποΐ</span> <span class='ocrx_word' id='word_1_511' title='bbox 1360 3608 1522 3677; x_wconf 76' lang='grc' dir='ltr'>ἕτερα</span> <span class='ocrx_word' id='word_1_512' title='bbox 1561 3610 1853 3678; x_wconf 77' lang='grc' dir='ltr'>ἀπλήστως</span> <span class='ocrx_word' id='word_1_513' title='bbox 1891 3609 1986 3663; x_wconf 89' lang='grc' dir='ltr'>δα-</span> 
     </span>
    </p>
   </div>
   <div class='ocr_carea' id='block_1_66' title="bbox 2077 3600 3675 3678">
    <p class='ocr_par' dir='ltr' id='par_1_66' title="bbox 2100 3605 3675 3678">
     <span class='ocr_line' id='line_1_66' title="bbox 2100 3605 3675 3678; baseline 0.001 -19"><span class='ocrx_word' id='word_1_514' title='bbox 2100 3607 2263 3663; x_wconf 88' lang='lat' dir='ltr'><strong>ritate</strong></span> <span class='ocrx_word' id='word_1_515' title='bbox 2291 3616 2347 3662; x_wconf 89' lang='lat' dir='ltr'><strong>et</strong></span> <span class='ocrx_word' id='word_1_516' title='bbox 2384 3609 2605 3663; x_wconf 85' lang='lat' dir='ltr'><strong>levitate</strong></span> <span class='ocrx_word' id='word_1_517' title='bbox 2634 3606 2873 3678; x_wconf 87' lang='lat' dir='ltr'><strong>quadam</strong></span> <span class='ocrx_word' id='word_1_518' title='bbox 2910 3606 3108 3660; x_wconf 80' lang='lat' dir='ltr'><strong>fecisse</strong></span> <span class='ocrx_word' id='word_1_519' title='bbox 3164 3605 3486 3661; x_wconf 81' lang='lat' dir='ltr'><strong>declaravit.</strong></span> <span class='ocrx_word' id='word_1_520' title='bbox 3538 3606 3675 3662; x_wconf 88' lang='lat' dir='ltr'><strong>Nam</strong></span> 
     </span>
    </p>
   </div>
   <div class='ocr_carea' id='block_1_67' title="bbox 299 3696 1897 3770">
    <p class='ocr_par' dir='ltr' id='par_1_67' title="bbox 299 3696 1871 3769">
     <span class='ocr_line' id='line_1_67' title="bbox 299 3696 1871 3769; baseline 0.006 -22"><span class='ocrx_word' id='word_1_521' title='bbox 299 3748 310 3757; x_wconf 73' lang='grc'><strong>,</strong></span> <span class='ocrx_word' id='word_1_522' title='bbox 410 3696 617 3762; x_wconf 81' lang='grc' dir='ltr'>πανῶν,</span> <span class='ocrx_word' id='word_1_523' title='bbox 648 3696 743 3749; x_wconf 84' lang='grc' dir='ltr'><strong>καὶ</strong></span> <span class='ocrx_word' id='word_1_524' title='bbox 772 3697 898 3760; x_wconf 83' lang='grc' dir='ltr'>τοὺς</span> <span class='ocrx_word' id='word_1_525' title='bbox 923 3696 1235 3769; x_wconf 75' lang='grc' dir='ltr'>θησαυροὺς</span> <span class='ocrx_word' id='word_1_526' title='bbox 1278 3700 1551 3768; x_wconf 82' lang='grc' dir='ltr'>μεγάλους</span> <span class='ocrx_word' id='word_1_527' title='bbox 1580 3703 1871 3769; x_wconf 87' lang='grc' dir='ltr'>γεγονότας</span> 
     </span>
    </p>
   </div>
   <div class='ocr_carea' id='block_1_68' title="bbox 2080 3696 3678 3770">
    <p class='ocr_par' dir='ltr' id='par_1_68' title="bbox 2096 3698 3678 3770">
     <span class='ocr_line' id='line_1_68' title="bbox 2096 3698 3678 3770; baseline -0.001 -17"><span class='ocrx_word' id='word_1_528' title='bbox 2096 3700 2330 3769; x_wconf 55' lang='lat' dir='ltr'><strong>publica:</strong></span> <span class='ocrx_word' id='word_1_529' title='bbox 2362 3700 2611 3770; x_wconf 78' lang='lat' dir='ltr'><strong>pecuniae</strong></span> <span class='ocrx_word' id='word_1_530' title='bbox 2656 3714 2759 3756; x_wconf 90' lang='lat' dir='ltr'><strong>nec</strong></span> <span class='ocrx_word' id='word_1_531' title='bbox 2812 3699 2866 3753; x_wconf 88' lang='lat' dir='ltr'><strong>in</strong></span> <span class='ocrx_word' id='word_1_532' title='bbox 2919 3698 3145 3753; x_wconf 85' lang='lat' dir='ltr'><strong>tertium</strong></span> <span class='ocrx_word' id='word_1_533' title='bbox 3198 3714 3405 3752; x_wconf 87' lang='lat' dir='ltr'><strong>annum</strong></span> <span class='ocrx_word' id='word_1_534' title='bbox 3467 3711 3678 3768; x_wconf 86' lang='lat' dir='ltr'><strong>partem</strong></span> 
     </span>
    </p>
   </div>
   <div class='ocr_carea' id='block_1_69' title="bbox 411 3789 2009 3864">
    <p class='ocr_par' dir='ltr' id='par_1_69' title="bbox 411 3789 1988 3864">
     <span class='ocr_line' id='line_1_69' title="bbox 411 3789 1988 3864; baseline 0.006 -24"><span class='ocrx_word' id='word_1_535' title='bbox 411 3789 659 3859; x_wconf 67' lang='grc' dir='ltr'><strong>βραχέος³</strong></span> <span class='ocrx_word' id='word_1_536' title='bbox 687 3789 1011 3856; x_wconf 83' lang='grc' dir='ltr'>ἐξεκένωσε,</span> <span class='ocrx_word' id='word_1_537' title='bbox 1048 3794 1142 3845; x_wconf 80' lang='grc' dir='ltr'>καὶ</span> <span class='ocrx_word' id='word_1_538' title='bbox 1188 3793 1382 3846; x_wconf 80' lang='grc' dir='ltr'>ἑαυτὸν</span> <span class='ocrx_word' id='word_1_539' title='bbox 1411 3794 1863 3864; x_wconf 77' lang='grc' dir='ltr'>προσεξήλεγξεν,</span> <span class='ocrx_word' id='word_1_540' title='bbox 1904 3797 1988 3850; x_wconf 85' lang='grc' dir='ltr'><strong>ὅτι</strong></span> 
     </span>
    </p>
   </div>
   <div class='ocr_carea' id='block_1_70' title="bbox 2068 3789 3666 3864">
    <p class='ocr_par' dir='ltr' id='par_1_70' title="bbox 2100 3791 3666 3860">
     <span class='ocr_line' id='line_1_70' title="bbox 2100 3791 3666 3860; baseline 0.001 -14"><span class='ocrx_word' id='word_1_541' title='bbox 2100 3793 2267 3847; x_wconf 86' lang='lat' dir='ltr'><strong>ullam</strong></span> <span class='ocrx_word' id='word_1_542' title='bbox 2302 3792 2555 3858; x_wconf 86' lang='lat' dir='ltr'><strong>retinuit,</strong></span> <span class='ocrx_word' id='word_1_543' title='bbox 2589 3792 2685 3848; x_wconf 91' lang='lat' dir='ltr'><strong>sed</strong></span> <span class='ocrx_word' id='word_1_544' title='bbox 2716 3791 2899 3846; x_wconf 89' lang='lat' dir='ltr'><strong>statim</strong></span> <span class='ocrx_word' id='word_1_545' title='bbox 2926 3791 3113 3845; x_wconf 91' lang='lat' dir='ltr'><strong>multis</strong></span> <span class='ocrx_word' id='word_1_546' title='bbox 3137 3805 3300 3860; x_wconf 80' lang='lat' dir='ltr'><strong>egere</strong></span> <span class='ocrx_word' id='word_1_547' title='bbox 3360 3791 3547 3860; x_wconf 70' lang='lat' dir='ltr'><strong>coepit.</strong></span> <span class='ocrx_word' id='word_1_548' title='bbox 3580 3792 3666 3848; x_wconf 86' lang='lat' dir='ltr'><strong>lis-</strong></span> 
     </span>
    </p>
   </div>
   <div class='ocr_carea' id='block_1_71' title="bbox 409 3877 2007 3952">
    <p class='ocr_par' dir='ltr' id='par_1_71' title="bbox 409 3879 1991 3952">
     <span class='ocr_line' id='line_1_71' title="bbox 409 3879 1991 3952; baseline 0.007 -22"><span class='ocrx_word' id='word_1_549' title='bbox 409 3879 663 3950; x_wconf 77' lang='grc' dir='ltr'>εὐχερείᾳ</span> <span class='ocrx_word' id='word_1_550' title='bbox 693 3882 792 3932; x_wconf 80' lang='grc' dir='ltr'>καὶ</span> <span class='ocrx_word' id='word_1_551' title='bbox 835 3881 1063 3952; x_wconf 78' lang='grc' dir='ltr'>ἀκρισίᾳ</span> <span class='ocrx_word' id='word_1_552' title='bbox 1117 3883 1348 3936; x_wconf 86' lang='grc' dir='ltr'>κάκεῖνα</span> <span class='ocrx_word' id='word_1_553' title='bbox 1398 3885 1691 3952; x_wconf 84' lang='grc' dir='ltr'>πεποίηκε.</span> <span class='ocrx_word' id='word_1_554' title='bbox 1725 3888 1836 3940; x_wconf 84' lang='grc' dir='ltr'><strong>Καὶ</strong></span> <span class='ocrx_word' id='word_1_555' title='bbox 1876 3888 1991 3942; x_wconf 85' lang='grc' dir='ltr'>οὐδ’</span> 
     </span>
    </p>
   </div>
   <div class='ocr_carea' id='block_1_72' title="bbox 2082 3877 3680 3952">
    <p class='ocr_par' dir='ltr' id='par_1_72' title="bbox 2096 3877 3680 3944">
     <span class='ocr_line' id='line_1_72' title="bbox 2096 3877 3680 3944; baseline 0 -8"><span class='ocrx_word' id='word_1_556' title='bbox 2096 3881 2221 3936; x_wconf 88' lang='lat' dir='ltr'><strong>dem</strong></span> <span class='ocrx_word' id='word_1_557' title='bbox 2263 3881 2509 3935; x_wconf 91' lang='lat' dir='ltr'><strong>moribus</strong></span> <span class='ocrx_word' id='word_1_558' title='bbox 2557 3880 2724 3935; x_wconf 90' lang='lat' dir='ltr'><strong>etiam</strong></span> <span class='ocrx_word' id='word_1_559' title='bbox 2772 3879 2896 3933; x_wconf 89' lang='lat' dir='ltr'><strong>aliis</strong></span> <span class='ocrx_word' id='word_1_560' title='bbox 2945 3877 3003 3932; x_wconf 90' lang='lat' dir='ltr'><strong>in</strong></span> <span class='ocrx_word' id='word_1_561' title='bbox 3058 3878 3224 3934; x_wconf 89' lang='lat' dir='ltr'><strong>rebus</strong></span> <span class='ocrx_word' id='word_1_562' title='bbox 3251 3919 3266 3944; x_wconf 92' lang='lat'><strong>,</strong></span> <span class='ocrx_word' id='word_1_563' title='bbox 3308 3886 3365 3933; x_wconf 88' lang='lat' dir='ltr'><strong>et</strong></span> <span class='ocrx_word' id='word_1_564' title='bbox 3408 3881 3680 3936; x_wconf 63' lang='lat' dir='ltr'><strong>maiimus</strong></span> 
     </span>
    </p>
   </div>
   <div class='ocr_carea' id='block_1_73' title="bbox 409 3969 2007 4044">
    <p class='ocr_par' dir='ltr' id='par_1_73' title="bbox 409 3969 1987 4044">
     <span class='ocr_line' id='line_1_73' title="bbox 409 3969 1987 4044; baseline 0.007 -22"><span class='ocrx_word' id='word_1_565' title='bbox 409 3973 467 4033; x_wconf 82' lang='grc' dir='ltr'>ἐς</span> <span class='ocrx_word' id='word_1_566' title='bbox 503 3969 688 4041; x_wconf 84' lang='grc' dir='ltr'>τρίτον</span> <span class='ocrx_word' id='word_1_567' title='bbox 713 3971 834 4034; x_wconf 74' lang='grc' dir='ltr'>ἔτος</span> <span class='ocrx_word' id='word_1_568' title='bbox 871 3973 1036 4043; x_wconf 84' lang='grc' dir='ltr'>μέρος</span> <span class='ocrx_word' id='word_1_569' title='bbox 1071 3974 1250 4026; x_wconf 88' lang='grc' dir='ltr'>αὐτῶν</span> <span class='ocrx_word' id='word_1_570' title='bbox 1282 3990 1338 4027; x_wconf 92' lang='grc' dir='ltr'><strong>τι</strong></span> <span class='ocrx_word' id='word_1_571' title='bbox 1371 3974 1652 4040; x_wconf 85' lang='grc' dir='ltr'>διέσωσεν,</span> <span class='ocrx_word' id='word_1_572' title='bbox 1680 3977 1793 4030; x_wconf 84' lang='grc' dir='ltr'>ἀλλ’</span> <span class='ocrx_word' id='word_1_573' title='bbox 1824 3979 1987 4044; x_wconf 83' lang='grc' dir='ltr'>εὐθὺς</span> 
     </span>
    </p>
   </div>
   <div class='ocr_carea' id='block_1_74' title="bbox 2076 3969 3674 4044">
    <p class='ocr_par' dir='ltr' id='par_1_74' title="bbox 2093 3969 3674 4041">
     <span class='ocr_line' id='line_1_74' title="bbox 2093 3969 3674 4041; baseline 0 -14"><span class='ocrx_word' id='word_1_574' title='bbox 2093 3973 2312 4028; x_wconf 88' lang='lat' dir='ltr'><strong>adulter</strong></span> <span class='ocrx_word' id='word_1_575' title='bbox 2375 3972 2525 4028; x_wconf 85' lang='lat' dir='ltr'><strong>fuit:</strong></span> <span class='ocrx_word' id='word_1_576' title='bbox 2571 3979 2630 4026; x_wconf 90' lang='lat' dir='ltr'><strong>et</strong></span> <span class='ocrx_word' id='word_1_577' title='bbox 2675 3986 2801 4027; x_wconf 89' lang='lat' dir='ltr'><strong>cum</strong></span> <span class='ocrx_word' id='word_1_578' title='bbox 2857 3969 3148 4025; x_wconf 88' lang='lat' dir='ltr'><strong>mulierem</strong></span> <span class='ocrx_word' id='word_1_579' title='bbox 3198 3969 3494 4041; x_wconf 88' lang='lat' dir='ltr'><strong>quamdam</strong></span> <span class='ocrx_word' id='word_1_580' title='bbox 3552 3972 3674 4027; x_wconf 90' lang='lat' dir='ltr'><strong>viro</strong></span> 
     </span>
    </p>
   </div>
   <div class='ocr_carea' id='block_1_75' title="bbox 409 4061 2007 4138">
    <p class='ocr_par' dir='ltr' id='par_1_75' title="bbox 409 4061 1987 4138">
     <span class='ocr_line' id='line_1_75' title="bbox 409 4061 1987 4138; baseline 0.006 -24"><span class='ocrx_word' id='word_1_581' title='bbox 409 4061 745 4132; x_wconf 70' lang='grc' dir='ltr'>παμπόλλων</span> <span class='ocrx_word' id='word_1_582' title='bbox 779 4063 1146 4135; x_wconf 79' lang='grc' dir='ltr'>προσεδεήθη.</span> <span class='ocrx_word' id='word_1_583' title='bbox 1175 4064 1264 4133; x_wconf 83' lang='grc' dir='ltr'>Τῷ</span> <span class='ocrx_word' id='word_1_584' title='bbox 1296 4064 1342 4118; x_wconf 86' lang='grc' dir='ltr'>δ’</span> <span class='ocrx_word' id='word_1_585' title='bbox 1368 4065 1518 4135; x_wconf 82' lang='grc' dir='ltr'>αὐτῷ</span> <span class='ocrx_word' id='word_1_586' title='bbox 1555 4068 1745 4138; x_wconf 79' lang='grc' dir='ltr'>τρόπῳ</span> <span class='ocrx_word' id='word_1_587' title='bbox 1794 4071 1888 4122; x_wconf 80' lang='grc' dir='ltr'>καὶ</span> <span class='ocrx_word' id='word_1_588' title='bbox 1926 4071 1987 4134; x_wconf 89' lang='grc' dir='ltr'><strong>ἐς</strong></span> 
     </span>
    </p>
   </div>
   <div class='ocr_carea' id='block_1_76' title="bbox 2073 4061 3671 4138">
    <p class='ocr_par' dir='ltr' id='par_1_76' title="bbox 2094 4061 3671 4133">
     <span class='ocr_line' id='line_1_76' title="bbox 2094 4061 3671 4133; baseline -0.001 -14"><span class='ocrx_word' id='word_1_589' title='bbox 2094 4063 2421 4133; x_wconf 69' lang='grc' dir='ltr'>ἀθεροιιεσηι</span> <span class='ocrx_word' id='word_1_590' title='bbox 2477 4063 2794 4132; x_wconf 88' lang='lat' dir='ltr'><strong>rapuisset,</strong></span> <span class='ocrx_word' id='word_1_591' title='bbox 2856 4062 2991 4117; x_wconf 90' lang='lat' dir='ltr'><strong>alias</strong></span> <span class='ocrx_word' id='word_1_592' title='bbox 3045 4063 3158 4132; x_wconf 83' lang='lat' dir='ltr'><strong>jam</strong></span> <span class='ocrx_word' id='word_1_593' title='bbox 3213 4061 3451 4117; x_wconf 80' lang='lat' dir='ltr'><strong>elocatas</strong></span> <span class='ocrx_word' id='word_1_594' title='bbox 3496 4072 3553 4118; x_wconf 88' lang='lat' dir='ltr'><strong>et</strong></span> <span class='ocrx_word' id='word_1_595' title='bbox 3613 4064 3671 4118; x_wconf 92' lang='lat' dir='ltr'><strong>in</strong></span> 
     </span>
    </p>
   </div>
   <div class='ocr_carea' id='block_1_77' title="bbox 408 4152 2006 4232">
    <p class='ocr_par' dir='ltr' id='par_1_77' title="bbox 408 4154 1984 4232">
     <span class='ocr_line' id='line_1_77' title="bbox 408 4154 1984 4232; baseline 0.006 -26"><span class='ocrx_word' id='word_1_596' title='bbox 408 4154 476 4208; x_wconf 73' lang='grc' dir='ltr'><strong>τά</strong></span> <span class='ocrx_word' id='word_1_597' title='bbox 510 4154 646 4209; x_wconf 75' lang='grc' dir='ltr'>ἄλλα</span> <span class='ocrx_word' id='word_1_598' title='bbox 694 4156 986 4226; x_wconf 84' lang='grc' dir='ltr'>ἐκέχρητο.</span> <span class='ocrx_word' id='word_1_599' title='bbox 1037 4157 1454 4227; x_wconf 83' lang='grc' dir='ltr'>Μοιχικώτατός</span> <span class='ocrx_word' id='word_1_600' title='bbox 1505 4175 1566 4210; x_wconf 83' lang='grc' dir='ltr'><strong>τε</strong></span> <span class='ocrx_word' id='word_1_601' title='bbox 1614 4159 1727 4229; x_wconf 80' lang='grc' dir='ltr'>γὰρ</span> <span class='ocrx_word' id='word_1_602' title='bbox 1770 4161 1984 4232; x_wconf 85' lang='grc' dir='ltr'>ἀνδρῶν</span> 
     </span>
    </p>
   </div>
   <div class='ocr_carea' id='block_1_78' title="bbox 2076 4152 3674 4232">
    <p class='ocr_par' dir='ltr' id='par_1_78' title="bbox 2093 4152 3674 4227">
     <span class='ocr_line' id='line_1_78' title="bbox 2093 4152 3674 4227; baseline 0 -17"><span class='ocrx_word' id='word_1_603' title='bbox 2093 4156 2348 4227; x_wconf 80' lang='lat' dir='ltr'><strong>conjugio</strong></span> <span class='ocrx_word' id='word_1_604' title='bbox 2387 4157 2636 4210; x_wconf 89' lang='lat' dir='ltr'><strong>viventes</strong></span> <span class='ocrx_word' id='word_1_605' title='bbox 2686 4169 2719 4209; x_wconf 89' lang='lat' dir='ltr'><strong>a</strong></span> <span class='ocrx_word' id='word_1_606' title='bbox 2768 4155 2982 4208; x_wconf 89' lang='lat' dir='ltr'><strong>maritis</strong></span> <span class='ocrx_word' id='word_1_607' title='bbox 3009 4152 3369 4209; x_wconf 83' lang='lat' dir='ltr'><strong>abstraxisset</strong></span> <span class='ocrx_word' id='word_1_608' title='bbox 3399 4194 3415 4219; x_wconf 89' lang='lat'><strong>,</strong></span> <span class='ocrx_word' id='word_1_609' title='bbox 3445 4167 3674 4210; x_wconf 69' lang='lat' dir='ltr'><strong>caeteras</strong></span> 
     </span>
    </p>
   </div>
   <div class='ocr_carea' id='block_1_79' title="bbox 408 4243 2006 4319">
    <p class='ocr_par' dir='ltr' id='par_1_79' title="bbox 408 4246 1987 4319">
     <span class='ocr_line' id='line_1_79' title="bbox 408 4246 1987 4319; baseline 0.006 -22"><span class='ocrx_word' id='word_1_610' title='bbox 408 4246 721 4317; x_wconf 80' lang='grc' dir='ltr'>γενόμενος,</span> <span class='ocrx_word' id='word_1_611' title='bbox 771 4248 868 4301; x_wconf 78' lang='grc' dir='ltr'>καὶ</span> <span class='ocrx_word' id='word_1_612' title='bbox 899 4250 1137 4316; x_wconf 74' lang='grc' dir='ltr'>γυναῖκα</span> <span class='ocrx_word' id='word_1_613' title='bbox 1174 4247 1303 4318; x_wconf 88' lang='grc' dir='ltr'>μίαν</span> <span class='ocrx_word' id='word_1_614' title='bbox 1357 4248 1457 4318; x_wconf 84' lang='grc' dir='ltr'>μὲν</span> <span class='ocrx_word' id='word_1_615' title='bbox 1489 4250 1744 4319; x_wconf 86' lang='grc' dir='ltr'>ἀρπάσας</span> <span class='ocrx_word' id='word_1_616' title='bbox 1784 4253 1987 4306; x_wconf 75' lang='grc' dir='ltr'>ἐκδιδοο</span> 
     </span>
    </p>
   </div>
   <div class='ocr_carea' id='block_1_80' title="bbox 2070 4243 3668 4319">
    <p class='ocr_par' dir='ltr' id='par_1_80' title="bbox 2093 4243 3668 4313">
     <span class='ocr_line' id='line_1_80' title="bbox 2093 4243 3668 4313; baseline -0.001 -14"><span class='ocrx_word' id='word_1_617' title='bbox 2093 4258 2287 4299; x_wconf 84' lang='lat' dir='ltr'><strong>omnes</strong></span> <span class='ocrx_word' id='word_1_618' title='bbox 2310 4243 2438 4298; x_wconf 90' lang='lat' dir='ltr'><strong>odio</strong></span> <span class='ocrx_word' id='word_1_619' title='bbox 2474 4252 2802 4313; x_wconf 87' lang='lat' dir='ltr'><strong>prosecutus</strong></span> <span class='ocrx_word' id='word_1_620' title='bbox 2848 4251 2972 4305; x_wconf 88' lang='lat' dir='ltr'><strong>est,</strong></span> <span class='ocrx_word' id='word_1_621' title='bbox 3016 4256 3125 4295; x_wconf 91' lang='lat' dir='ltr'><strong>una</strong></span> <span class='ocrx_word' id='word_1_622' title='bbox 3173 4251 3444 4312; x_wconf 81' lang='lat' dir='ltr'><strong>excepta:</strong></span> <span class='ocrx_word' id='word_1_623' title='bbox 3500 4259 3668 4313; x_wconf 89' lang='lat' dir='ltr'><strong>quam</strong></span> 
     </span>
    </p>
   </div>
   <div class='ocr_carea' id='block_1_81' title="bbox 413 4333 2011 4411">
    <p class='ocr_par' dir='ltr' id='par_1_81' title="bbox 413 4338 1989 4411">
     <span class='ocr_line' id='line_1_81' title="bbox 413 4338 1989 4411; baseline 0.004 -22"><span class='ocrx_word' id='word_1_624' title='bbox 413 4338 586 4408; x_wconf 84' lang='grc' dir='ltr'>μένην</span> <span class='ocrx_word' id='word_1_625' title='bbox 631 4338 809 4408; x_wconf 79' lang='grc' dir='ltr'>ἀνδρὶ,</span> <span class='ocrx_word' id='word_1_626' title='bbox 846 4338 1013 4402; x_wconf 79' lang='grc' dir='ltr'>ἄλλας</span> <span class='ocrx_word' id='word_1_627' title='bbox 1063 4339 1120 4392; x_wconf 82' lang='grc' dir='ltr'>δὲ</span> <span class='ocrx_word' id='word_1_628' title='bbox 1153 4339 1255 4410; x_wconf 70' lang='grc' dir='ltr'>ἤδη</span> <span class='ocrx_word' id='word_1_629' title='bbox 1284 4340 1644 4411; x_wconf 86' lang='grc' dir='ltr'>ἐκδεδομένας</span> <span class='ocrx_word' id='word_1_630' title='bbox 1675 4344 1771 4395; x_wconf 76' lang='grc' dir='ltr'><strong>καὶ</strong></span> <span class='ocrx_word' id='word_1_631' title='bbox 1811 4360 1989 4396; x_wconf 87' lang='grc' dir='ltr'>συνοι-</span> 
     </span>
    </p>
   </div>
   <div class='ocr_carea' id='block_1_82' title="bbox 2071 4333 3669 4411">
    <p class='ocr_par' dir='ltr' id='par_1_82' title="bbox 2090 4333 3669 4408">
     <span class='ocr_line' id='line_1_82' title="bbox 2090 4333 3669 4408; baseline -0.001 -16"><span class='ocrx_word' id='word_1_632' title='bbox 2090 4347 2148 4393; x_wconf 90' lang='lat' dir='ltr'><strong>et</strong></span> <span class='ocrx_word' id='word_1_633' title='bbox 2175 4338 2347 4408; x_wconf 88' lang='lat' dir='ltr'><strong>ipsam</strong></span> <span class='ocrx_word' id='word_1_634' title='bbox 2402 4338 2593 4407; x_wconf 88' lang='lat' dir='ltr'><strong>utique</strong></span> <span class='ocrx_word' id='word_1_635' title='bbox 2634 4351 2837 4391; x_wconf 85' lang='lat' dir='ltr'><strong>osurus</strong></span> <span class='ocrx_word' id='word_1_636' title='bbox 2880 4334 3020 4400; x_wconf 90' lang='lat' dir='ltr'><strong>fuit,</strong></span> <span class='ocrx_word' id='word_1_637' title='bbox 3073 4337 3119 4391; x_wconf 89' lang='lat' dir='ltr'><strong>si</strong></span> <span class='ocrx_word' id='word_1_638' title='bbox 3175 4333 3385 4391; x_wconf 91' lang='lat' dir='ltr'><strong>diutius</strong></span> <span class='ocrx_word' id='word_1_639' title='bbox 3419 4336 3669 4393; x_wconf 77' lang='lat' dir='ltr'><strong>vixisset.</strong></span> 
     </span>
    </p>
   </div>
   <div class='ocr_carea' id='block_1_83' title="bbox 412 4418 2010 4503">
    <p class='ocr_par' dir='ltr' id='par_1_83' title="bbox 412 4418 1985 4503">
     <span class='ocr_line' id='line_1_83' title="bbox 412 4418 1985 4503; baseline 0.006 -24"><span class='ocrx_word' id='word_1_640' title='bbox 412 4430 614 4491; x_wconf 84' lang='grc' dir='ltr'>κούσας</span> <span class='ocrx_word' id='word_1_641' title='bbox 669 4431 814 4482; x_wconf 72' lang='grc' dir='ltr'>τισὶν</span> <span class='ocrx_word' id='word_1_642' title='bbox 873 4431 1236 4496; x_wconf 85' lang='grc' dir='ltr'>ἀποσπάσας,</span> <span class='ocrx_word' id='word_1_643' title='bbox 1290 4430 1430 4501; x_wconf 83' lang='grc' dir='ltr'>πλὴν</span> <span class='ocrx_word' id='word_1_644' title='bbox 1489 4418 1618 4503; x_wconf 75' lang='grc' dir='ltr'>μιᾶς</span> <span class='ocrx_word' id='word_1_645' title='bbox 1667 4432 1768 4497; x_wconf 86' lang='grc' dir='ltr'><strong>τὰς</strong></span> <span class='ocrx_word' id='word_1_646' title='bbox 1818 4434 1985 4500; x_wconf 81' lang='grc' dir='ltr'>ἄλλας</span> 
     </span>
    </p>
   </div>
   <div class='ocr_carea' id='block_1_84' title="bbox 2070 4418 3668 4503">
    <p class='ocr_par' dir='ltr' id='par_1_84' title="bbox 2091 4424 3668 4500">
     <span class='ocr_line' id='line_1_84' title="bbox 2091 4424 3668 4500; baseline -0.003 -16"><span class='ocrx_word' id='word_1_647' title='bbox 2091 4431 2233 4500; x_wconf 82' lang='lat' dir='ltr'><strong>Erga</strong></span> <span class='ocrx_word' id='word_1_648' title='bbox 2263 4438 2514 4493; x_wconf 88' lang='lat' dir='ltr'><strong>matrem,</strong></span> <span class='ocrx_word' id='word_1_649' title='bbox 2544 4441 2763 4482; x_wconf 88' lang='lat' dir='ltr'><strong>sorores</strong></span> <span class='ocrx_word' id='word_1_650' title='bbox 2806 4432 2864 4480; x_wconf 86' lang='lat' dir='ltr'><strong>et</strong></span> <span class='ocrx_word' id='word_1_651' title='bbox 2920 4426 3102 4480; x_wconf 87' lang='lat' dir='ltr'><strong>aviam</strong></span> <span class='ocrx_word' id='word_1_652' title='bbox 3149 4424 3447 4481; x_wconf 88' lang='lat' dir='ltr'><strong>Antoniam</strong></span> <span class='ocrx_word' id='word_1_653' title='bbox 3497 4427 3668 4481; x_wconf 83' lang='lat' dir='ltr'><strong>multa</strong></span> 
     </span>
    </p>
   </div>
   <div class='ocr_carea' id='block_1_85' title="bbox 410 4517 2008 4598">
    <p class='ocr_par' dir='ltr' id='par_1_85' title="bbox 410 4521 1984 4598">
     <span class='ocr_line' id='line_1_85' title="bbox 410 4521 1984 4598; baseline 0.006 -26"><span class='ocrx_word' id='word_1_654' title='bbox 410 4521 642 4591; x_wconf 75' lang='grc' dir='ltr'>ἐμίσησε</span> <span class='ocrx_word' id='word_1_655' title='bbox 662 4536 677 4552; x_wconf 77' lang='grc' dir='ltr'><strong><em>ο</em></strong></span> <span class='ocrx_word' id='word_1_656' title='bbox 732 4524 952 4585; x_wconf 84' lang='grc' dir='ltr'>πάντως</span> <span class='ocrx_word' id='word_1_657' title='bbox 983 4524 1097 4595; x_wconf 82' lang='lat' dir='ltr'><strong>(9U)</strong></span> <span class='ocrx_word' id='word_1_658' title='bbox 1127 4522 1171 4574; x_wconf 90' lang='grc' dir='ltr'>δ’</span> <span class='ocrx_word' id='word_1_659' title='bbox 1199 4523 1266 4579; x_wconf 85' lang='grc' dir='ltr'>ἂν</span> <span class='ocrx_word' id='word_1_660' title='bbox 1316 4525 1578 4596; x_wconf 86' lang='grc' dir='ltr'>κάκείνην</span> <span class='ocrx_word' id='word_1_661' title='bbox 1608 4527 1894 4598; x_wconf 80' lang='grc' dir='ltr'>ἐμίσησεν,</span> <span class='ocrx_word' id='word_1_662' title='bbox 1934 4531 1984 4582; x_wconf 86' lang='grc' dir='ltr'><strong>εί</strong></span> 
     </span>
    </p>
   </div>
   <div class='ocr_carea' id='block_1_86' title="bbox 2065 4517 3663 4598">
    <p class='ocr_par' dir='ltr' id='par_1_86' title="bbox 2091 4517 3663 4593">
     <span class='ocr_line' id='line_1_86' title="bbox 2091 4517 3663 4593; baseline -0.001 -18"><span class='ocrx_word' id='word_1_663' title='bbox 2091 4521 2181 4593; x_wconf 89' lang='lat' dir='ltr'><strong>pie</strong></span> <span class='ocrx_word' id='word_1_664' title='bbox 2219 4519 2349 4576; x_wconf 85' lang='lat' dir='ltr'><strong>fecit</strong></span> <span class='ocrx_word' id='word_1_665' title='bbox 2385 4542 2396 4575; x_wconf 90' lang='lat'><strong>:</strong></span> <span class='ocrx_word' id='word_1_666' title='bbox 2432 4527 2575 4588; x_wconf 89' lang='lat' dir='ltr'><strong>post,</strong></span> <span class='ocrx_word' id='word_1_667' title='bbox 2604 4518 2783 4573; x_wconf 88' lang='lat' dir='ltr'><strong>aviam</strong></span> <span class='ocrx_word' id='word_1_668' title='bbox 2823 4534 2853 4573; x_wconf 93' lang='lat' dir='ltr'><strong>a</strong></span> <span class='ocrx_word' id='word_1_669' title='bbox 2885 4528 2994 4588; x_wconf 83' lang='lat' dir='ltr'><strong>qua</strong></span> <span class='ocrx_word' id='word_1_670' title='bbox 3033 4517 3359 4589; x_wconf 74' lang='lat' dir='ltr'><strong>obiurgatus</strong></span> <span class='ocrx_word' id='word_1_671' title='bbox 3394 4526 3553 4583; x_wconf 82' lang='lat' dir='ltr'><strong>erat,</strong></span> <span class='ocrx_word' id='word_1_672' title='bbox 3591 4520 3663 4573; x_wconf 88' lang='lat' dir='ltr'><strong>ad</strong></span> 
     </span>
    </p>
   </div>
   <div class='ocr_carea' id='block_1_87' title="bbox 407 4607 2005 4689">
    <p class='ocr_par' dir='ltr' id='par_1_87' title="bbox 407 4613 1982 4689">
     <span class='ocr_line' id='line_1_87' title="bbox 407 4613 1982 4689; baseline 0.006 -25"><span class='ocrx_word' id='word_1_673' title='bbox 407 4614 501 4665; x_wconf 77' lang='grc' dir='ltr'>ἐπὶ</span> <span class='ocrx_word' id='word_1_674' title='bbox 549 4613 709 4667; x_wconf 85' lang='grc' dir='ltr'>πλέον</span> <span class='ocrx_word' id='word_1_675' title='bbox 753 4613 1059 4668; x_wconf 80' lang='grc' dir='ltr'>ἐϐεϐιώκει.</span> <span class='ocrx_word' id='word_1_676' title='bbox 1088 4615 1196 4667; x_wconf 80' lang='grc' dir='ltr'><strong>Καὶ</strong></span> <span class='ocrx_word' id='word_1_677' title='bbox 1229 4616 1288 4679; x_wconf 86' lang='grc' dir='ltr'><strong>ἐς</strong></span> <span class='ocrx_word' id='word_1_678' title='bbox 1319 4617 1416 4686; x_wconf 81' lang='grc' dir='ltr'><strong>τὴν</strong></span> <span class='ocrx_word' id='word_1_679' title='bbox 1477 4618 1712 4689; x_wconf 89' lang='grc' dir='ltr'>μητέρα,</span> <span class='ocrx_word' id='word_1_680' title='bbox 1745 4622 1840 4673; x_wconf 75' lang='grc' dir='ltr'><strong>καὶ</strong></span> <span class='ocrx_word' id='word_1_681' title='bbox 1881 4621 1982 4684; x_wconf 80' lang='grc' dir='ltr'>τὰς</span> 
     </span>
    </p>
   </div>
   <div class='ocr_carea' id='block_1_88' title="bbox 2067 4607 3665 4689">
    <p class='ocr_par' dir='ltr' id='par_1_88' title="bbox 2092 4607 3665 4679">
     <span class='ocr_line' id='line_1_88' title="bbox 2092 4607 3665 4679; baseline -0.003 -11"><span class='ocrx_word' id='word_1_682' title='bbox 2092 4626 2285 4668; x_wconf 88' lang='lat' dir='ltr'><strong>necem</strong></span> <span class='ocrx_word' id='word_1_683' title='bbox 2322 4610 2686 4665; x_wconf 87' lang='lat' dir='ltr'><strong>voluntariam</strong></span> <span class='ocrx_word' id='word_1_684' title='bbox 2720 4610 3004 4679; x_wconf 87' lang='lat' dir='ltr'><strong>compulit.</strong></span> <span class='ocrx_word' id='word_1_685' title='bbox 3046 4607 3283 4663; x_wconf 86' lang='lat' dir='ltr'><strong>Sorores</strong></span> <span class='ocrx_word' id='word_1_686' title='bbox 3305 4622 3504 4664; x_wconf 87' lang='lat' dir='ltr'><strong>omnes</strong></span> <span class='ocrx_word' id='word_1_687' title='bbox 3535 4623 3665 4664; x_wconf 89' lang='lat' dir='ltr'><strong>cor-</strong></span> 
     </span>
    </p>
   </div>
   <div class='ocr_carea' id='block_1_89' title="bbox 409 4702 2007 4784">
    <p class='ocr_par' dir='ltr' id='par_1_89' title="bbox 409 4705 1988 4778">
     <span class='ocr_line' id='line_1_89' title="bbox 409 4705 1988 4778; baseline 0.004 -18"><span class='ocrx_word' id='word_1_688' title='bbox 409 4705 667 4775; x_wconf 78' lang='grc' dir='ltr'>ἁδελφάς,</span> <span class='ocrx_word' id='word_1_689' title='bbox 699 4711 798 4777; x_wconf 80' lang='grc' dir='ltr'><strong>τήν</strong></span> <span class='ocrx_word' id='word_1_690' title='bbox 842 4724 900 4760; x_wconf 86' lang='grc' dir='ltr'><strong>τε</strong></span> <span class='ocrx_word' id='word_1_691' title='bbox 934 4705 1105 4778; x_wconf 88' lang='grc' dir='ltr'>τήθην</span> <span class='ocrx_word' id='word_1_692' title='bbox 1152 4707 1254 4777; x_wconf 84' lang='grc' dir='ltr'><strong>τὴν</strong></span> <span class='ocrx_word' id='word_1_693' title='bbox 1290 4710 1580 4764; x_wconf 80' lang='grc' dir='ltr'>Ἀντωνίαν</span> <span class='ocrx_word' id='word_1_694' title='bbox 1628 4712 1803 4765; x_wconf 85' lang='grc' dir='ltr'>πολλά</span> <span class='ocrx_word' id='word_1_695' title='bbox 1829 4714 1988 4766; x_wconf 85' lang='grc' dir='ltr'>εὐσε-</span> 
     </span>
    </p>
   </div>
   <div class='ocr_carea' id='block_1_90' title="bbox 2067 4702 3665 4784">
    <p class='ocr_par' dir='ltr' id='par_1_90' title="bbox 2089 4702 3665 4775">
     <span class='ocr_line' id='line_1_90' title="bbox 2089 4702 3665 4775; baseline -0.001 -17"><span class='ocrx_word' id='word_1_696' title='bbox 2089 4704 2261 4775; x_wconf 88' lang='lat' dir='ltr'><strong>rupit,</strong></span> <span class='ocrx_word' id='word_1_697' title='bbox 2291 4712 2346 4758; x_wconf 90' lang='lat' dir='ltr'><strong>et</strong></span> <span class='ocrx_word' id='word_1_698' title='bbox 2385 4705 2519 4758; x_wconf 86' lang='lat' dir='ltr'><strong>duas</strong></span> <span class='ocrx_word' id='word_1_699' title='bbox 2572 4702 2627 4757; x_wconf 88' lang='lat' dir='ltr'><strong>in</strong></span> <span class='ocrx_word' id='word_1_700' title='bbox 2667 4702 2905 4758; x_wconf 86' lang='lat' dir='ltr'><strong>insulam</strong></span> <span class='ocrx_word' id='word_1_701' title='bbox 2960 4703 3222 4772; x_wconf 71' lang='lat' dir='ltr'><strong>relegavit</strong></span> <span class='ocrx_word' id='word_1_702' title='bbox 3258 4718 3272 4755; x_wconf 87' lang='lat'><strong>:</strong></span> <span class='ocrx_word' id='word_1_703' title='bbox 3316 4717 3443 4756; x_wconf 91' lang='lat' dir='ltr'><strong>nam</strong></span> <span class='ocrx_word' id='word_1_704' title='bbox 3498 4702 3665 4757; x_wconf 86' lang='lat' dir='ltr'><strong>tertia</strong></span> 
     </span>
    </p>
   </div>
   <div class='ocr_carea' id='block_1_91' title="bbox 408 4793 2006 4875">
    <p class='ocr_par' dir='ltr' id='par_1_91' title="bbox 408 4797 1985 4875">
     <span class='ocr_line' id='line_1_91' title="bbox 408 4797 1985 4875; baseline 0.005 -25"><span class='ocrx_word' id='word_1_705' title='bbox 408 4797 517 4862; x_wconf 86' lang='grc' dir='ltr'><strong>ϐῶς</strong></span> <span class='ocrx_word' id='word_1_706' title='bbox 547 4798 925 4869; x_wconf 79' lang='grc' dir='ltr'>ἐνδειξάμενος</span> <span class='ocrx_word' id='word_1_707' title='bbox 949 4815 963 4829; x_wconf 75' lang='grc'><strong><em>⁸</em></strong></span> <span class='ocrx_word' id='word_1_708' title='bbox 1011 4801 1152 4868; x_wconf 89' lang='grc' dir='ltr'><strong>μετά</strong></span> <span class='ocrx_word' id='word_1_709' title='bbox 1184 4799 1359 4855; x_wconf 82' lang='grc' dir='ltr'>ταῦτα</span> <span class='ocrx_word' id='word_1_710' title='bbox 1390 4801 1489 4870; x_wconf 82' lang='grc' dir='ltr'><strong>τὴν</strong></span> <span class='ocrx_word' id='word_1_711' title='bbox 1533 4803 1633 4873; x_wconf 73' lang='grc' dir='ltr'>μὲν</span> <span class='ocrx_word' id='word_1_712' title='bbox 1661 4804 1833 4875; x_wconf 78' lang='grc' dir='ltr'>τήθην</span> <span class='ocrx_word' id='word_1_713' title='bbox 1860 4808 1985 4859; x_wconf 84' lang='grc' dir='ltr'>ἐπι-</span> 
     </span>
    </p>
   </div>
   <div class='ocr_carea' id='block_1_92' title="bbox 2073 4793 3671 4875">
    <p class='ocr_par' dir='ltr' id='par_1_92' title="bbox 2089 4793 3671 4869">
     <span class='ocr_line' id='line_1_92' title="bbox 2089 4793 3671 4869; baseline -0.001 -17"><span class='ocrx_word' id='word_1_714' title='bbox 2089 4799 2245 4869; x_wconf 88' lang='lat' dir='ltr'><strong>prius</strong></span> <span class='ocrx_word' id='word_1_715' title='bbox 2283 4796 2522 4851; x_wconf 89' lang='lat' dir='ltr'><strong>obierat.</strong></span> <span class='ocrx_word' id='word_1_716' title='bbox 2556 4795 2637 4851; x_wconf 82' lang='lat' dir='ltr'><strong>Ac</strong></span> <span class='ocrx_word' id='word_1_717' title='bbox 2667 4797 2838 4851; x_wconf 88' lang='lat' dir='ltr'><strong>multa</strong></span> <span class='ocrx_word' id='word_1_718' title='bbox 2877 4796 2928 4849; x_wconf 87' lang='lat' dir='ltr'><strong>id</strong></span> <span class='ocrx_word' id='word_1_719' title='bbox 2955 4810 3129 4866; x_wconf 79' lang='lat' dir='ltr'><strong>genus</strong></span> <span class='ocrx_word' id='word_1_720' title='bbox 3174 4793 3325 4849; x_wconf 87' lang='lat' dir='ltr'><strong>fecit.</strong></span> <span class='ocrx_word' id='word_1_721' title='bbox 3380 4794 3517 4850; x_wconf 90' lang='lat' dir='ltr'><strong>Cum</strong></span> <span class='ocrx_word' id='word_1_722' title='bbox 3571 4794 3671 4850; x_wconf 88' lang='lat' dir='ltr'><strong>Ti-</strong></span> 
     </span>
    </p>
   </div>
   <div class='ocr_carea' id='block_1_93' title="bbox 406 4882 2004 4963">
    <p class='ocr_par' dir='ltr' id='par_1_93' title="bbox 406 4890 1984 4963">
     <span class='ocr_line' id='line_1_93' title="bbox 406 4890 1984 4963; baseline 0.004 -20"><span class='ocrx_word' id='word_1_723' title='bbox 406 4893 719 4961; x_wconf 83' lang='grc' dir='ltr'>τιμήσασάν</span> <span class='ocrx_word' id='word_1_724' title='bbox 768 4908 821 4944; x_wconf 91' lang='grc' dir='ltr'><strong>τι</strong></span> <span class='ocrx_word' id='word_1_725' title='bbox 865 4890 1015 4961; x_wconf 80' lang='grc' dir='ltr'>αὐτῷ</span> <span class='ocrx_word' id='word_1_726' title='bbox 1058 4894 1139 4955; x_wconf 79' lang='grc' dir='ltr'>εἰς</span> <span class='ocrx_word' id='word_1_727' title='bbox 1181 4893 1430 4963; x_wconf 85' lang='grc' dir='ltr'>ἀνάγκην</span> <span class='ocrx_word' id='word_1_728' title='bbox 1467 4895 1720 4948; x_wconf 73' lang='grc' dir='ltr'>ἑκουσίου</span> <span class='ocrx_word' id='word_1_729' title='bbox 1751 4894 1984 4950; x_wconf 89' lang='grc' dir='ltr'>θανάτου</span> 
     </span>
    </p>
   </div>
   <div class='ocr_carea' id='block_1_94' title="bbox 2068 4882 3666 4963">
    <p class='ocr_par' dir='ltr' id='par_1_94' title="bbox 2086 4882 3666 4952">
     <span class='ocr_line' id='line_1_94' title="bbox 2086 4882 3666 4952; baseline -0.001 -9"><span class='ocrx_word' id='word_1_730' title='bbox 2086 4889 2300 4944; x_wconf 93' lang='lat' dir='ltr'><strong>berium</strong></span> <span class='ocrx_word' id='word_1_731' title='bbox 2332 4899 2391 4942; x_wconf 92' lang='lat' dir='ltr'><strong>ut</strong></span> <span class='ocrx_word' id='word_1_732' title='bbox 2422 4882 2763 4943; x_wconf 60' lang='lat' dir='ltr'><strong>luvu&#39;riosum</strong></span> <span class='ocrx_word' id='word_1_733' title='bbox 2789 4899 2844 4943; x_wconf 86' lang='lat' dir='ltr'><strong>et</strong></span> <span class='ocrx_word' id='word_1_734' title='bbox 2879 4887 3212 4942; x_wconf 73' lang='lat' dir='ltr'><strong>homicidam</strong></span> <span class='ocrx_word' id='word_1_735' title='bbox 3246 4887 3666 4952; x_wconf 85' lang='lat' dir='ltr'><strong>criminaretur,</strong></span> 
     </span>
    </p>
   </div>
   <div class='ocr_carea' id='block_1_95' title="bbox 409 4981 2007 5055">
    <p class='ocr_par' dir='ltr' id='par_1_95' title="bbox 409 4982 1986 5055">
     <span class='ocr_line' id='line_1_95' title="bbox 409 4982 1986 5055; baseline 0.002 -18"><span class='ocrx_word' id='word_1_736' title='bbox 409 4984 735 5052; x_wconf 88' lang='grc' dir='ltr'>κατέστησε.</span> <span class='ocrx_word' id='word_1_737' title='bbox 789 4982 901 5046; x_wconf 73' lang='lat' dir='ltr'><strong>Ta;</strong></span> <span class='ocrx_word' id='word_1_738' title='bbox 956 4982 1194 5051; x_wconf 84' lang='grc' dir='ltr'>ἀδελφὰς</span> <span class='ocrx_word' id='word_1_739' title='bbox 1240 4983 1298 5036; x_wconf 81' lang='grc' dir='ltr'>δὲ</span> <span class='ocrx_word' id='word_1_740' title='bbox 1353 4985 1581 5055; x_wconf 79' lang='grc' dir='ltr'>φθείρας</span> <span class='ocrx_word' id='word_1_741' title='bbox 1617 4986 1854 5051; x_wconf 85' lang='grc' dir='ltr'>ἁπάσας,</span> <span class='ocrx_word' id='word_1_742' title='bbox 1903 4988 1986 5051; x_wconf 86' lang='grc' dir='ltr'>εἰς</span> 
     </span>
    </p>
   </div>
   <div class='ocr_carea' id='block_1_96' title="bbox 2071 4981 3669 5055">
    <p class='ocr_par' dir='ltr' id='par_1_96' title="bbox 2084 4981 3669 5052">
     <span class='ocr_line' id='line_1_96' title="bbox 2084 4981 3669 5052; baseline 0.001 -17"><span class='ocrx_word' id='word_1_743' title='bbox 2084 4982 2177 5035; x_wconf 91' lang='lat' dir='ltr'><strong>alii</strong></span> <span class='ocrx_word' id='word_1_744' title='bbox 2204 4997 2425 5050; x_wconf 86' lang='lat' dir='ltr'><strong>quoque</strong></span> <span class='ocrx_word' id='word_1_745' title='bbox 2479 4995 2538 5035; x_wconf 88' lang='lat' dir='ltr'><strong>se</strong></span> <span class='ocrx_word' id='word_1_746' title='bbox 2572 4981 2648 5034; x_wconf 90' lang='lat' dir='ltr'><strong>illi</strong></span> <span class='ocrx_word' id='word_1_747' title='bbox 2683 4993 2898 5052; x_wconf 81' lang='lat' dir='ltr'><strong>gratum</strong></span> <span class='ocrx_word' id='word_1_748' title='bbox 2933 4981 3180 5035; x_wconf 86' lang='lat' dir='ltr'><strong>facturos</strong></span> <span class='ocrx_word' id='word_1_749' title='bbox 3230 4981 3332 5035; x_wconf 90' lang='lat' dir='ltr'><strong>rati</strong></span> <span class='ocrx_word' id='word_1_750' title='bbox 3362 5021 3379 5047; x_wconf 92' lang='lat'><strong>,</strong></span> <span class='ocrx_word' id='word_1_751' title='bbox 3436 4981 3669 5036; x_wconf 89' lang='lat' dir='ltr'><strong>liberius</strong></span> 
     </span>
    </p>
   </div>
   <div class='ocr_carea' id='block_1_97' title="bbox 408 5071 2006 5149">
    <p class='ocr_par' dir='ltr' id='par_1_97' title="bbox 408 5071 1983 5149">
     <span class='ocr_line' id='line_1_97' title="bbox 408 5071 1983 5149; baseline 0.004 -24"><span class='ocrx_word' id='word_1_752' title='bbox 408 5074 574 5142; x_wconf 87' lang='grc' dir='ltr'>νῆσον</span> <span class='ocrx_word' id='word_1_753' title='bbox 603 5074 702 5136; x_wconf 89' lang='grc' dir='ltr'><strong>τάς</strong></span> <span class='ocrx_word' id='word_1_754' title='bbox 736 5071 847 5126; x_wconf 87' lang='grc' dir='ltr'><strong>δύω</strong></span> <span class='ocrx_word' id='word_1_755' title='bbox 880 5073 1254 5127; x_wconf 83' lang='grc' dir='ltr'>κατέκλεισεν·</span> <span class='ocrx_word' id='word_1_756' title='bbox 1305 5077 1337 5144; x_wconf 78' lang='grc' dir='ltr'>ἡ</span> <span class='ocrx_word' id='word_1_757' title='bbox 1386 5078 1496 5145; x_wconf 79' lang='grc' dir='ltr'>γὰρ</span> <span class='ocrx_word' id='word_1_758' title='bbox 1538 5078 1695 5147; x_wconf 83' lang='grc' dir='ltr'>τρίτη</span> <span class='ocrx_word' id='word_1_759' title='bbox 1752 5095 1983 5149; x_wconf 75' lang='grc' dir='ltr'>προετεο</span> 
     </span>
    </p>
   </div>
   <div class='ocr_carea' id='block_1_98' title="bbox 2070 5071 3668 5149">
    <p class='ocr_par' dir='ltr' id='par_1_98' title="bbox 2086 5073 3668 5130">
     <span class='ocr_line' id='line_1_98' title="bbox 2086 5073 3668 5130; baseline -0.001 -2"><span class='ocrx_word' id='word_1_760' title='bbox 2086 5074 2143 5128; x_wconf 92' lang='lat' dir='ltr'><strong>in</strong></span> <span class='ocrx_word' id='word_1_761' title='bbox 2168 5089 2292 5128; x_wconf 91' lang='lat' dir='ltr'><strong>eum</strong></span> <span class='ocrx_word' id='word_1_762' title='bbox 2331 5083 2460 5128; x_wconf 88' lang='lat' dir='ltr'><strong>sunt</strong></span> <span class='ocrx_word' id='word_1_763' title='bbox 2488 5073 2710 5128; x_wconf 88' lang='lat' dir='ltr'><strong>invecti.</strong></span> <span class='ocrx_word' id='word_1_764' title='bbox 2750 5074 2962 5130; x_wconf 80' lang='lat' dir='ltr'><strong>Deinde</strong></span> <span class='ocrx_word' id='word_1_765' title='bbox 2994 5075 3254 5130; x_wconf 89' lang='lat' dir='ltr'><strong>eumdem</strong></span> <span class='ocrx_word' id='word_1_766' title='bbox 3307 5074 3554 5128; x_wconf 82' lang='lat' dir='ltr'><strong>laudavit</strong></span> <span class='ocrx_word' id='word_1_767' title='bbox 3611 5082 3668 5128; x_wconf 90' lang='lat' dir='ltr'><strong>et</strong></span> 
     </span>
    </p>
   </div>
   <div class='ocr_carea' id='block_1_99' title="bbox 407 5163 2005 5236">
    <p class='ocr_par' dir='ltr' id='par_1_99' title="bbox 407 5163 1985 5236">
     <span class='ocr_line' id='line_1_99' title="bbox 407 5163 1985 5236; baseline 0.003 -17"><span class='ocrx_word' id='word_1_768' title='bbox 407 5166 622 5235; x_wconf 89' lang='grc' dir='ltr'>θνήκει,</span> <span class='ocrx_word' id='word_1_769' title='bbox 671 5164 766 5218; x_wconf 77' lang='grc' dir='ltr'>καὶ</span> <span class='ocrx_word' id='word_1_770' title='bbox 806 5164 942 5218; x_wconf 76' lang='grc' dir='ltr'>ἄλλα</span> <span class='ocrx_word' id='word_1_771' title='bbox 989 5163 1162 5219; x_wconf 86' lang='grc' dir='ltr'>πολλά</span> <span class='ocrx_word' id='word_1_772' title='bbox 1210 5165 1440 5220; x_wconf 80' lang='grc' dir='ltr'>τοιαῦτα</span> <span class='ocrx_word' id='word_1_773' title='bbox 1477 5167 1725 5236; x_wconf 83' lang='grc' dir='ltr'>ἐποίησε.</span> <span class='ocrx_word' id='word_1_774' title='bbox 1755 5170 1867 5222; x_wconf 85' lang='lat' dir='ltr'><strong>Kal.</strong></span> <span class='ocrx_word' id='word_1_775' title='bbox 1892 5169 1985 5224; x_wconf 85' lang='grc' dir='ltr'>τὸν</span> 
     </span>
    </p>
   </div>
   <div class='ocr_carea' id='block_1_100' title="bbox 2056 5163 3654 5236">
    <p class='ocr_par' dir='ltr' id='par_1_100' title="bbox 2085 5164 3654 5235">
     <span class='ocr_line' id='line_1_100' title="bbox 2085 5164 3654 5235; baseline -0.003 -14"><span class='ocrx_word' id='word_1_776' title='bbox 2085 5166 2404 5230; x_wconf 85' lang='lat' dir='ltr'><strong>celebravit,</strong></span> <span class='ocrx_word' id='word_1_777' title='bbox 2438 5176 2493 5220; x_wconf 90' lang='lat' dir='ltr'><strong>et</strong></span> <span class='ocrx_word' id='word_1_778' title='bbox 2519 5181 2708 5235; x_wconf 67' lang='lat' dir='ltr'><strong>poenas</strong></span> <span class='ocrx_word' id='word_1_779' title='bbox 2747 5165 2815 5219; x_wconf 87' lang='lat' dir='ltr'><strong>de</strong></span> <span class='ocrx_word' id='word_1_780' title='bbox 2846 5166 2914 5220; x_wconf 88' lang='lat' dir='ltr'><strong>iis</strong></span> <span class='ocrx_word' id='word_1_781' title='bbox 2938 5167 3174 5235; x_wconf 87' lang='lat' dir='ltr'><strong>sumpsit</strong></span> <span class='ocrx_word' id='word_1_782' title='bbox 3222 5165 3315 5235; x_wconf 91' lang='lat' dir='ltr'><strong>qui</strong></span> <span class='ocrx_word' id='word_1_783' title='bbox 3364 5165 3444 5217; x_wconf 90' lang='lat' dir='ltr'><strong>illi</strong></span> <span class='ocrx_word' id='word_1_784' title='bbox 3498 5164 3654 5218; x_wconf 89' lang='lat' dir='ltr'><strong>male-</strong></span> 
     </span>
    </p>
   </div>
   <div class='ocr_carea' id='block_1_101' title="bbox 409 5254 2007 5328">
    <p class='ocr_par' dir='ltr' id='par_1_101' title="bbox 409 5257 1984 5328">
     <span class='ocr_line' id='line_1_101' title="bbox 409 5257 1984 5328; baseline 0.003 -17"><span class='ocrx_word' id='word_1_785' title='bbox 409 5259 661 5322; x_wconf 86' lang='grc' dir='ltr'>Τιϐέριον</span> <span class='ocrx_word' id='word_1_786' title='bbox 699 5257 775 5320; x_wconf 83' lang='grc' dir='ltr'>ὡς</span> <span class='ocrx_word' id='word_1_787' title='bbox 812 5257 1021 5326; x_wconf 86' lang='grc' dir='ltr'>ἀσελγῆ</span> <span class='ocrx_word' id='word_1_788' title='bbox 1067 5258 1163 5310; x_wconf 85' lang='grc' dir='ltr'><strong>καὶ</strong></span> <span class='ocrx_word' id='word_1_789' title='bbox 1192 5258 1481 5328; x_wconf 86' lang='grc' dir='ltr'>μιαιφόνον</span> <span class='ocrx_word' id='word_1_790' title='bbox 1509 5258 1812 5325; x_wconf 86' lang='grc' dir='ltr'>διέϐαλλεν,</span> <span class='ocrx_word' id='word_1_791' title='bbox 1841 5259 1984 5315; x_wconf 84' lang='grc' dir='ltr'>ὥστε</span> 
     </span>
    </p>
   </div>
   <div class='ocr_carea' id='block_1_102' title="bbox 2063 5254 3661 5328">
    <p class='ocr_par' dir='ltr' id='par_1_102' title="bbox 2088 5254 3661 5325">
     <span class='ocr_line' id='line_1_102' title="bbox 2088 5254 3661 5325; baseline -0.001 -15"><span class='ocrx_word' id='word_1_792' title='bbox 2088 5256 2364 5312; x_wconf 79' lang='lat' dir='ltr'><strong>dixerant.</strong></span> <span class='ocrx_word' id='word_1_793' title='bbox 2406 5257 2540 5313; x_wconf 81' lang='lat' dir='ltr'><strong>Male</strong></span> <span class='ocrx_word' id='word_1_794' title='bbox 2579 5258 2647 5312; x_wconf 90' lang='lat' dir='ltr'><strong>de</strong></span> <span class='ocrx_word' id='word_1_795' title='bbox 2681 5272 2748 5311; x_wconf 91' lang='lat' dir='ltr'><strong>eo</strong></span> <span class='ocrx_word' id='word_1_796' title='bbox 2784 5259 3075 5325; x_wconf 80' lang='lat' dir='ltr'><strong>loquentes</strong></span> <span class='ocrx_word' id='word_1_797' title='bbox 3111 5254 3503 5324; x_wconf 80' lang='lat' dir='ltr'><strong>vituperabat,</strong></span> <span class='ocrx_word' id='word_1_798' title='bbox 3536 5254 3661 5308; x_wconf 89' lang='lat' dir='ltr'><strong>lau-</strong></span> 
     </span>
    </p>
   </div>
   <div class='ocr_carea' id='block_1_103' title="bbox 409 5346 2007 5424">
    <p class='ocr_par' dir='ltr' id='par_1_103' title="bbox 409 5348 1982 5424">
     <span class='ocr_line' id='line_1_103' title="bbox 409 5348 1982 5424; baseline 0.001 -19"><span class='ocrx_word' id='word_1_799' title='bbox 409 5353 506 5405; x_wconf 74' lang='lat' dir='ltr'><strong>xal.</strong></span> <span class='ocrx_word' id='word_1_800' title='bbox 532 5351 727 5413; x_wconf 80' lang='grc' dir='ltr'>ἄλλους</span> <span class='ocrx_word' id='word_1_801' title='bbox 748 5351 813 5403; x_wconf 85' lang='grc' dir='ltr'><strong>ἐκ</strong></span> <span class='ocrx_word' id='word_1_802' title='bbox 844 5350 1039 5402; x_wconf 76' lang='grc' dir='ltr'>τούτου</span> <span class='ocrx_word' id='word_1_803' title='bbox 1068 5348 1380 5420; x_wconf 81' lang='grc' dir='ltr'>χαριεῖσθαί</span> <span class='ocrx_word' id='word_1_804' title='bbox 1408 5351 1457 5403; x_wconf 86' lang='grc' dir='ltr'><strong>οί</strong></span> <span class='ocrx_word' id='word_1_805' title='bbox 1486 5351 1817 5421; x_wconf 88' lang='grc' dir='ltr'>νομίσαντας</span> <span class='ocrx_word' id='word_1_806' title='bbox 1844 5369 1982 5424; x_wconf 83' lang='grc' dir='ltr'>προ-</span> 
     </span>
    </p>
   </div>
   <div class='ocr_carea' id='block_1_104' title="bbox 2064 5346 3662 5424">
    <p class='ocr_par' dir='ltr' id='par_1_104' title="bbox 2088 5346 3662 5417">
     <span class='ocr_line' id='line_1_104' title="bbox 2088 5346 3662 5417; baseline -0.001 -16"><span class='ocrx_word' id='word_1_807' title='bbox 2088 5349 2282 5404; x_wconf 89' lang='lat' dir='ltr'><strong>dantes</strong></span> <span class='ocrx_word' id='word_1_808' title='bbox 2307 5349 2538 5413; x_wconf 89' lang='lat' dir='ltr'><strong>oderat,</strong></span> <span class='ocrx_word' id='word_1_809' title='bbox 2580 5358 2641 5402; x_wconf 89' lang='lat' dir='ltr'><strong>ut</strong></span> <span class='ocrx_word' id='word_1_810' title='bbox 2670 5349 2880 5403; x_wconf 77' lang='lat' dir='ltr'><strong>auticos</strong></span> <span class='ocrx_word' id='word_1_811' title='bbox 2922 5348 3093 5401; x_wconf 90' lang='lat' dir='ltr'><strong>illius.</strong></span> <span class='ocrx_word' id='word_1_812' title='bbox 3147 5347 3393 5417; x_wconf 81' lang='lat' dir='ltr'><strong>Magnam</strong></span> <span class='ocrx_word' id='word_1_813' title='bbox 3447 5346 3662 5401; x_wconf 87' lang='lat' dir='ltr'><strong>turbam</strong></span> 
     </span>
    </p>
   </div>
   <div class='ocr_carea' id='block_1_105' title="bbox 408 5437 2006 5515">
    <p class='ocr_par' dir='ltr' id='par_1_105' title="bbox 408 5437 1985 5515">
     <span class='ocr_line' id='line_1_105' title="bbox 408 5437 1985 5515; baseline 0.001 -18"><span class='ocrx_word' id='word_1_814' title='bbox 408 5443 716 5512; x_wconf 74' lang='grc' dir='ltr'>πετεστέρᾳ</span> <span class='ocrx_word' id='word_1_815' title='bbox 741 5443 1029 5515; x_wconf 80' lang='grc' dir='ltr'>παρῤησίᾳ</span> <span class='ocrx_word' id='word_1_816' title='bbox 1054 5440 1386 5512; x_wconf 85' lang='grc' dir='ltr'>χρήσασθαι.</span> <span class='ocrx_word' id='word_1_817' title='bbox 1417 5437 1552 5497; x_wconf 80' lang='grc' dir='ltr'>Εἶτα</span> <span class='ocrx_word' id='word_1_818' title='bbox 1572 5444 1764 5515; x_wconf 78' lang='grc' dir='ltr'>ἐπῄνει</span> <span class='ocrx_word' id='word_1_819' title='bbox 1798 5461 1860 5498; x_wconf 84' lang='grc' dir='ltr'><strong>τε</strong></span> <span class='ocrx_word' id='word_1_820' title='bbox 1892 5448 1985 5499; x_wconf 71' lang='grc' dir='ltr'><strong>καὶ</strong></span> 
     </span>
    </p>
   </div>
   <div class='ocr_carea' id='block_1_106' title="bbox 2066 5437 3664 5515">
    <p class='ocr_par' dir='ltr' id='par_1_106' title="bbox 2086 5440 3664 5509">
     <span class='ocr_line' id='line_1_106' title="bbox 2086 5440 3664 5509; baseline -0.002 -13"><span class='ocrx_word' id='word_1_821' title='bbox 2086 5456 2279 5496; x_wconf 75' lang='lat' dir='ltr'><strong>eorum</strong></span> <span class='ocrx_word' id='word_1_822' title='bbox 2321 5441 2415 5509; x_wconf 91' lang='lat' dir='ltr'><strong>qui</strong></span> <span class='ocrx_word' id='word_1_823' title='bbox 2459 5440 2743 5494; x_wconf 88' lang='lat' dir='ltr'><strong>Tiberium</strong></span> <span class='ocrx_word' id='word_1_824' title='bbox 2797 5448 2987 5494; x_wconf 87' lang='lat' dir='ltr'><strong>contra</strong></span> <span class='ocrx_word' id='word_1_825' title='bbox 3018 5449 3227 5508; x_wconf 86' lang='lat' dir='ltr'><strong>patrem</strong></span> <span class='ocrx_word' id='word_1_826' title='bbox 3258 5477 3272 5503; x_wconf 90' lang='lat'><strong>,</strong></span> <span class='ocrx_word' id='word_1_827' title='bbox 3325 5446 3556 5491; x_wconf 87' lang='lat' dir='ltr'><strong>matrem</strong></span> <span class='ocrx_word' id='word_1_828' title='bbox 3607 5448 3664 5493; x_wconf 83' lang='lat' dir='ltr'><strong>et</strong></span> 
     </span>
    </p>
   </div>
   <div class='ocr_carea' id='block_1_107' title="bbox 409 5528 2007 5604">
    <p class='ocr_par' dir='ltr' id='par_1_107' title="bbox 409 5529 1987 5604">
     <span class='ocr_line' id='line_1_107' title="bbox 409 5529 1987 5604; baseline -0.001 -16"><span class='ocrx_word' id='word_1_829' title='bbox 409 5536 729 5604; x_wconf 76' lang='grc' dir='ltr'>ἐσέμνυνεν,</span> <span class='ocrx_word' id='word_1_830' title='bbox 753 5531 894 5585; x_wconf 82' lang='grc' dir='ltr'>ὥστε</span> <span class='ocrx_word' id='word_1_831' title='bbox 930 5535 1025 5587; x_wconf 72' lang='grc' dir='ltr'><strong>καὶ</strong></span> <span class='ocrx_word' id='word_1_832' title='bbox 1048 5535 1274 5584; x_wconf 80' lang='grc' dir='ltr'>κολάσαι</span> <span class='ocrx_word' id='word_1_833' title='bbox 1297 5532 1449 5595; x_wconf 86' lang='grc' dir='ltr'>τινάς</span> <span class='ocrx_word' id='word_1_834' title='bbox 1484 5533 1569 5601; x_wconf 82' lang='grc' dir='ltr'><strong>ἐφ’</strong></span> <span class='ocrx_word' id='word_1_835' title='bbox 1592 5529 1673 5596; x_wconf 74' lang='grc' dir='ltr'>οἷς</span> <span class='ocrx_word' id='word_1_836' title='bbox 1702 5534 1824 5587; x_wconf 82' lang='grc' dir='ltr'>κατ’</span> <span class='ocrx_word' id='word_1_837' title='bbox 1843 5535 1987 5587; x_wconf 86' lang='grc' dir='ltr'>ἐκεί-</span> 
     </span>
    </p>
   </div>
   <div class='ocr_carea' id='block_1_108' title="bbox 2064 5528 3662 5604">
    <p class='ocr_par' dir='ltr' id='par_1_108' title="bbox 2088 5528 3662 5603">
     <span class='ocr_line' id='line_1_108' title="bbox 2088 5528 3662 5603; baseline 0.001 -18"><span class='ocrx_word' id='word_1_838' title='bbox 2088 5530 2288 5587; x_wconf 88' lang='lat' dir='ltr'><strong>fratres</strong></span> <span class='ocrx_word' id='word_1_839' title='bbox 2306 5534 2427 5603; x_wconf 82' lang='lat' dir='ltr'><strong>ejus</strong></span> <span class='ocrx_word' id='word_1_840' title='bbox 2453 5532 2757 5596; x_wconf 86' lang='lat' dir='ltr'><strong>irritarant,</strong></span> <span class='ocrx_word' id='word_1_841' title='bbox 2783 5529 2986 5585; x_wconf 87' lang='lat' dir='ltr'><strong>occidit</strong></span> <span class='ocrx_word' id='word_1_842' title='bbox 3009 5545 3021 5583; x_wconf 92' lang='lat'>:</span> <span class='ocrx_word' id='word_1_843' title='bbox 3041 5529 3291 5600; x_wconf 86' lang='lat' dir='ltr'><strong>quamvis</strong></span> <span class='ocrx_word' id='word_1_844' title='bbox 3315 5543 3373 5583; x_wconf 85' lang='lat' dir='ltr'><strong>se</strong></span> <span class='ocrx_word' id='word_1_845' title='bbox 3386 5528 3662 5599; x_wconf 88' lang='lat' dir='ltr'><strong>placatum</strong></span> 
     </span>
    </p>
   </div>
   <div class='ocr_carea' id='block_1_109' title="bbox 1597 5688 2455 5750">
    <p class='ocr_par' dir='ltr' id='par_1_109' title="bbox 1597 5688 2455 5750">
     <span class='ocr_line' id='line_1_109' title="bbox 1597 5688 2455 5750; baseline 0.002 -2"><span class='ocrx_word' id='word_1_846' title='bbox 1597 5688 1796 5750; x_wconf 71' lang='lat' dir='ltr'><strong>Var-ia)</strong></span> <span class='ocrx_word' id='word_1_847' title='bbox 1822 5688 2131 5750; x_wconf 87' lang='lat' dir='ltr'><strong>lectiones</strong></span> <span class='ocrx_word' id='word_1_848' title='bbox 2174 5695 2236 5750; x_wconf 90' lang='lat' dir='ltr'><strong>et</strong></span> <span class='ocrx_word' id='word_1_849' title='bbox 2269 5696 2455 5750; x_wconf 62' lang='lat' dir='ltr'><strong>nolle.</strong></span> 
     </span>
    </p>
   </div>
   <div class='ocr_carea' id='block_1_110' title="bbox 480 5805 2181 5877">
    <p class='ocr_par' dir='ltr' id='par_1_110' title="bbox 480 5805 2181 5877">
     <span class='ocr_line' id='line_1_110' title="bbox 480 5805 2181 5877; baseline 0 -15"><span class='ocrx_word' id='word_1_850' title='bbox 480 5806 591 5877; x_wconf 73' lang='lat'><strong>(90)</strong></span> <span class='ocrx_word' id='word_1_851' title='bbox 624 5805 884 5874; x_wconf 82' lang='grc' dir='ltr'>Πάντως.</span> <span class='ocrx_word' id='word_1_852' title='bbox 915 5807 991 5863; x_wconf 84' lang='lat' dir='ltr'><strong>Ita</strong></span> <span class='ocrx_word' id='word_1_853' title='bbox 1041 5824 1171 5864; x_wconf 85' lang='lat' dir='ltr'><strong>mss.</strong></span> <span class='ocrx_word' id='word_1_854' title='bbox 1217 5808 1378 5864; x_wconf 87' lang='lat' dir='ltr'><strong>codd.</strong></span> <span class='ocrx_word' id='word_1_855' title='bbox 1409 5808 1642 5865; x_wconf 82' lang='lat' dir='ltr'><strong>Wolfius</strong></span> <span class='ocrx_word' id='word_1_856' title='bbox 1677 5810 1883 5874; x_wconf 84' lang='grc' dir='ltr'>πάντας</span> <span class='ocrx_word' id='word_1_857' title='bbox 1912 5808 2181 5869; x_wconf 73' lang='lat' dir='ltr'><strong>ediderat.</strong></span> 
     </span>
    </p>
   </div>
  </div>
