4048 6402
338 390 441 452 937

1602 377 2010 439 ANNALIUM
2044 381 2184 441 LIB.
2222 378 2324 439 XI.

3483 390 3589 452 9'8

335 524 451 570 τος.
502 503 641 557 Ὑπὸ
669 500 801 571 γοῦν
858 497 1148 570 ιὶμότητος
1197 494 1565 549 ἐπιλιπόντων
1623 494 1754 548 ποτὲ
1801 494 1910 546 τιζν

2019 493 2147 561 vitia
2174 496 2298 562 luit,
2329 505 2387 551 ut
2430 511 2554 551 cum
2592 497 2887 568 aliquando
2916 499 3266 556 condemnati
3316 517 3424 559 non
3454 507 3591 560 satis

333 599 456 657 τοῖς,
485 594 698 664 Θηρίοις
730 592 794 644 ἐκ
825 588 1126 657 καταδίκης
1156 587 1474 658 διδομένων,
1522 586 1806 639 ἐκέλευσεν
1846 588 1914 639 ἐκ

333 686 431 738 τοῦ
465 685 639 754 δχλου
670 680 764 735 τοῦ
788 682 901 744 τοῖς
939 678 1135 750 ἰκρίοις
1163 678 1595 748 προστετηκότος
1628 693 1912 747 συναρπα-

336 775 530 846 σθῆναι
559 789 735 835 τινας,
775 770 872 823 καὶ
907 768 1327 839 παραϐληθῆναι
1359 768 1562 829 αὐτοῖς.
1597 768 1711 820 Καὶ
1762 766 1913 829 ὅπως

334 867 479 938 μήτε
512 862 914 932 ἐπιϐοήσασθαι
943 862 1085 933 μήτε
1110 859 1467 913 αἰτιάσασθαι
1493 857 1792 929 δυνηθῶσι,
1812 858 1914 921 τὰς

333 958 588 1028 γλώσσας
626 954 809 1011 αὐτῶν
861 954 1275 1025 προαπέτεμον.
1316 950 1554 1015 Πολλοὺς
1581 950 1638 1003 δὲ
1695 953 1789 1003 καὶ
1823 949 1912 1003 διὰ

334 1052 433 1115 τὰς
465 1047 654 1112 οὐσίας
680 1047 959 1116 ἐφόνευεν,
994 1044 1140 1115 ἕτερ’
1176 1045 1315 1099 άττα
1357 1044 1544 1113 σφίσιν
1566 1042 1911 1110 ἐπεγκαλῶν.

336 1141 452 1198 Καὶ
474 1144 502 1195 ὁ
531 1141 630 1211 τῆς
663 1138 1000 1209 Δρουσίλλης
1042 1138 1143 1207 τῆς
1182 1136 1419 1208 ἀδελφῆς
1444 1136 1676 1199 θάνατος
1706 1136 1768 1188 ού
1796 1134 1915 1205 μεί-

335 1253 430 1300 ους
482 1233 813 1303 διέφθειρεν,
958 1230 1193 1302 συνῴκει
1254 1229 1354 1301 μὲν
1406 1229 1633 1299 Μάρκος
1686 1227 1915 1291 Λέπιδος

337 1327 566 1381 παιδικὰ
604 1324 723 1396 ἅμα
752 1324 919 1378 αὑτοῦ
968 1326 1064 1378 καὶ
1096 1322 1335 1396 ἐραστὴς
1366 1320 1464 1388 ὢν,
1511 1322 1681 1391 συνῆν
1725 1320 1781 1374 δέ
1817 1322 1914 1375 καὶ

333 1419 362 1469 ὀ
403 1416 581 1480 Γάϊος·
634 1411 1013 1467 ἀποθανοῦσαν
1071 1410 1166 1464 οὖν
1222 1410 1435 1464 πολλῶν
1465 1410 1563 1479 μὲν
1595 1409 1690 1461 καὶ⁵
1739 1406 1915 1462 ἄλλων

329 1507 589 1578 ἠξίωσεν,
614 1502 734 1558 εἶτα
758 1505 851 1558 καὶ⁵
882 1502 1184 1557 ἀπεθέωσε.
1235 1501 1370 1556 Μετ’
1402 1500 1584 1569 ὀλίγον
1621 1502 1680 1555 δὲ
1739 1500 1915 1571 ἔγημε

335 1600 538 1654 Λολίαν
583 1599 878 1665 Παυλῖναν,
905 1597 1067 1652 αὐτὸν
1094 1596 1184 1649 τδν
1212 1596 1384 1666 ἀνδρα
1420 1595 1596 1666 αὐτῆς
1640 1595 1915 1664 ἐγγυῆσαῖ

335 1691 489 1763 αύτῷ
520 1691 621 1763 τὴν
648 1694 888 1762 γυναῖκα
926 1688 1143 1760 βιάσας,
1174 1688 1264 1743 ἵνα
1294 1688 1391 1760 μὴ.
1435 1688 1704 1757 ἀνέγγυον
1742 1686 1914 1758 αὐτὴν

334 1783 538 1849 λαϐὼν,
567 1782 965 1855 παρανομήσῃ.
1011 1781 1101 1833 Ἐν
1154 1780 1416 1850 στενωπῷ
1452 1780 1510 1832 δέ
1548 1796 1679 1832 ποτε
1742 1780 1914 1849 πηλὸν

2019 587 2176 641 multi
2208 597 2427 653 essent,
2460 586 2790 658 qui‘bestiis
2835 589 3244 660 objicercntur,
3284 594 3508 664 juberet
3556 611 3590 651 e

2018 680 2179 735 turba
2216 695 2337 750 quae
2371 680 2630 738 tabulatis
2654 682 2985 747 inhaerebat,
3016 682 3225 755 aliquot
3253 686 3361 740 illis
3383 686 3547 760 objici
3573 706 3588 744 :

2016 771 2218 839 quibus
2254 787 2323 826 ne
2358 772 2650 847 vociferari
2692 781 2749 828 et
2788 773 3039 844 quiritari
3070 786 3330 845 possent,
3378 777 3595 851 linguas

2017 862 2071 916 in
2127 862 2317 933 primis
2380 864 2650 932 praecidit.
2701 865 2901 921 Multos
2951 866 3058 921 alia
3099 882 3263 923 causa
3306 870 3593 937 simulata,

2016 963 2242 1024 propter
2284 955 2427 1009 bona
2461 957 2685 1012 occidit.
2723 957 2871 1012 Mors
2900 974 3121 1030 quoque
3150 959 3402 1016 Drus'llre
3436 978 3596 1018 soro-

2017 1045 2094 1099 ris
2144 1046 2284 1116 ejus,
2340 1061 2450 1100 nou
2508 1047 2700 1115 paucis
2748 1048 2918 1102 exitio
2948 1048 3072 1114 fuit,
3112 1066 3234 1121 quae
3280 1053 3347 1106 Μ.
3390 1052 3598 1124 Lepido

2016 1136 2135 1205 ejus
2169 1136 2379 1191 amasio
2411 1137 2575 1191 simul
2612 1146 2667 1192 et
2696 1131 2928 1194 amatori
2962 1150 3154 1211 nupta,
3180 1141 3336 1199 fratri
3374 1160 3597 1214 quoque

2015 1229 2100 1282 sui
2137 1229 2351 1299 copiam
2397 1228 2653 1285 faciebat.
2706 1232 2838 1286 Eam
2887 1243 3161 1289 mortuam
3218 1245 3417 1305 praeter
3460 1236 3599 1291 alios

2018 1322 2259 1378 honores
2302 1324 2357 1377 in
2398 1330 2694 1378 numerum
2742 1325 2969 1380 deorum
3003 1326 3212 1381 retulit.
3251 1328 3421 1382 Paulo
3472 1337 3597 1399 post

2016 1413 2245 1468 Lolliam
2294 1415 2579 1469 Paulinam
2613 1416 2807 1480 duxit,
2854 1426 3049 1473 coacto
3099 1421 3297 1474 marito
3341 1421 3482 1490 ejus,
3537 1430 3598 1474 ut

2016 1518 2136 1557 eam
2200 1504 2307 1557 sibi
2359 1504 2772 1574 desponderet:
2805 1522 2874 1560 ne
2918 1506 2973 1561 in
3025 1506 3173 1577 leges
3223 1509 3597 1564 committeret

2016 1596 2249 1663 scilicet,
2276 1596 2322 1651 si
2351 1612 2471 1651 eam
2498 1597 2615 1652 sine
2644 1599 2996 1668 sponsalibus
3022 1599 3289 1655 duxisset.
3318 1600 3455 1657 Cum
3492 1604 3595 1657 ali-

2015 1689 2238 1761 quando
2279 1691 2334 1745 in
2361 1693 2652 1762 angiportu
2687 1693 2918 1747 multum
2953 1695 3096 1749 caeni
3123 1694 3387 1759 vidisset,
3431 1696 3484 1750 id
3537 1697 3594 1753 iu

2016 1782 2191 1838 aedilis
2229 1791 2286 1836 et
2335 1783 2453 1854 ejus
2496 1784 2591 1853 qui
2640 1784 2745 1839 viis
2810 1785 3112 1856 purgandis
3162 1797 3392 1857 praeerat
3433 1791 3594 1845 vesti-

336 1874 506 1927 πολὺν
543 1873 901 1943 θεασάμενος,
926 1872 1213 1925 ἐκέλευσεν
1241 1870 1406 1925 αὑτὸν
1432 1872 1514 1933 είς
1538 1870 1608 1924 τὰ
1638 1870 1734 1924 τοῦ
1781 1873 1913 1939 ἀγο-

2019 1884 2200 1930 menta
2237 1877 2433 1947 conjici
2463 1876 2648 1947 jussit.
2700 1876 2838 1931 Tum
2882 1890 3064 1932 autem
3096 1879 3272 1935 aedilis
3304 1890 3420 1936 erat
3484 1880 3596 1938 Ve-

340 1965 714 2036 ρανομοῦντος
777 1963 901 2017 τότε
959 1963 1053 2017 καὶ
1111 1963 1210 2033 τῆς
1248 1963 1357 2016 τῶν
1410 1963 1548 2017 ὁδῶν
1590 1963 1912 2035 καθάρσεως

337 2056 777 2127 ἐπιμελουμένου
834 2057 1033 2126 ἱμάτια
1084 2055 1448 2126 ἐμϐληθῆναι.
1501 2056 1915 2120 Οὐεσπασιανδς

334 2148 392 2202 δέ
421 2152 541 2203 τότε
572 2144 641 2220 ἦν
679 2148 1057 2220 ἀγορανομῶν·
1091 2148 1230 2201 ὥστε
1288 2147 1536 2216 ὕστερον,
1566 2148 1775 2201 ἐκείνου
1820 2150 1915 2202 καὶ

337 2246 407 2298 τά
432 2246 738 2314 πράγματα
760 2247 1150 2316 τεταραγμένα
1175 2246 1268 2298 καὶ
1298 2245 1626 2315 πεφυρμένα
1667 2245 1916 2317 παραλα-

338 2339 528 2402 ϐόντος
560 2339 655 2392 καὶ
684 2339 1151 2410 καταστήσαντος,
1186 2337 1365 2402 ἔδοξεν
1391 2337 1491 2389 οὐκ
1522 2338 1674 2391 ἀθεεὶ
1702 2338 1763 2390 τὸ
1793 2337 1914 2391 τότε

339 2429 562 2499 συμϐὰν
609 2428 919 2498 γεγονέναι,
962 2428 1079 2482 ἀλλ’
1111 2429 1373 2500 ἄντικρυς
1412 2428 1564 2499 αὑτῷ
1611 2428 1713 2501 τὴν
1760 2429 1915 2483 πόλιν

343 2520 479 2592 πρὸς
513 2520 890 2591 ἐπανόρθωσιν
922 2520 1078 2591 παρά
1108 2520 1271 2573 Γαΐου
1317 2518 1756 2591 ἐγχειρισθῆναι.
1786 2522 1917 2592 Διη-

342 2611 516 2675 νεκῶς
546 2611 604 2664 δὲ
648 2610 878 2674 πολλοὺς
909 2613 937 2665 ὁ
969 2611 1130 2674 Γάϊος
1154 2612 1401 2677 ἐφόνευε,
1430 2611 1524 2664 καὶ
1551 2605 1620 2681 ἦν
1649 2610 1756 2676 ἔξω
1805 2611 1915 2665 τῶν

342 2705 520 2774 φόνων
554 2704 734 2773 ούδέν,
779 2705 876 2758 καὶ
920 2703 1044 2758 οὐδὲ
1116 2702 1197 2773 τῷ
1262 2703 1461 2774 πλήθει
1496 2717 1551 2756 τι
1604 2704 1913 2774 ἐχαρίζετο,

342 2796 586 2849 κάκεῖνοι
613 2795 754 2850 πάνυ
781 2795 931 2867 αύτῷ
960 2796 1362 2867 ἀπηχθάνοντο.
1444 2796 1625 2851 Πολλά
1662 2798 1764 2867 μὲν
1805 2798 1917 2868 γὰρ

341 2889 438 2943 καὶ
466 2889 602 2945 ἄλλα
628 2889 776 2960 αύτῷ
812 2890 887 2960 μὴ
914 2889 1223 2959 ἀρέσκοντα
1249 2888 1439 2956 ἔλεγόν
1478 2906 1539 2942 τε
1587 2892 1682 2943 καὶ
1711 2890 1917 2961 ἐπρατ·

339 2999 455 3035 τονο
487 2981 624 3055 πρὸς
652 2982 710 3036 δέ
751 2984 862 3046 τοῖς
899 2984 1204 3053 ἠγανάκτει
1254 2982 1443 3046 δεινῶς
1492 2983 1576 3036 ὅτι
1630 2983 1918 3047 δοκοῦντες

343 3072 670 3143 μεγαλύνειν
719 3072 901 3135 αύτὸν,
951 3070 1253 3125 Νεανίσκε
1276 3072 1609 3145 Αὔγουστε,
1652 3072 1914 3126 ἐπεϐόων.

2018 1968 2307 2037 spasiauus
2332 1967 2459 2038 :qui
2489 1983 2613 2022 cum
2644 1977 2788 2037 post.
2823 1968 3115 2037 imperium
3155 1986 3375 2041 quoque
3409 1973 3598 2029 turba-

2019 2067 2134 2115 tum
2162 2069 2218 2115 et
2249 2060 2540 2116 confusum
2571 2060 2955 2131 tranquillitati
2984 2062 3301 2117 restitutum
3331 2064 3598 2119 adornas-

2016 2159 2123 2213 set,
2187 2150 2319 2207 illud
2371 2167 2481 2207 non
2533 2152 2653 2207 sine
2704 2153 2934 2209 numine
2997 2153 3225 2218 factum,
3272 2155 3368 2211 sed
3434 2157 3597 2226 plane

2016 2245 2206 2299 civitas
2241 2244 2294 2299 ei
2340 2244 2407 2298 ad
2445 2243 2769 2315 corrigenda
2803 2245 2931 2300 vitia
2967 2246 3170 2301 tradita
3208 2262 3330 2303 esse
3376 2263 3406 2302 a
3439 2247 3596 2313 Caio,

2017 2337 2337 2408 putabatur.
2367 2337 2612 2394 Caedium
2642 2338 2857 2393 nullum
2904 2338 3142 2394 faciebat
3191 2340 3415 2395 modum
3443 2383 3456 2402 ,
3495 2357 3600 2397 nec

2015 2429 2138 2499 ejus
2164 2429 2484 2484 dominatus
2514 2428 2662 2485 aliud
2694 2445 2859 2500 quam
2894 2431 3213 2487 carnificina
3244 2442 3366 2489 erat
3398 2451 3413 2491 :
3440 2444 3497 2488 et
3537 2446 3598 2489 ut

2017 2521 2164 2592 plebi
2196 2521 2345 2576 nulla
2376 2520 2431 2574 iu
2464 2536 2523 2575 re
2568 2521 3002 2592 gratificabatur,
3039 2523 3119 2578 sic
3171 2523 3247 2578 illi
3296 2525 3594 2581 admodum

2019 2613 2230 2668 invisus
2261 2621 2400 2667 erat.
2432 2614 2510 2667 Ac
2558 2622 2761 2683 praeter
2799 2612 2904 2668 alia
2942 2614 3112 2669 multa
3164 2615 3311 2670 dicta
3353 2625 3409 2671 ct
3454 2615 3595 2672 facta

2019 2706 2246 2761 minime
2276 2713 2450 2775 grata,
2482 2703 2618 2759 illud
2647 2704 2931 2775 aegerrime
2960 2704 3206 2769 ferebat,
3242 2706 3388 2777 quod
3427 2722 3601 2778 popu-

2018 2798 2103 2852 lus
2131 2813 2231 2867 per
2282 2796 2522 2866 speciem
2572 2795 2803 2850 honoris
2852 2796 3193 2853 acclamabat
3225 2814 3240 2851 :
3278 2798 3598 2853 Adolescens

2018 2890 2275 2962 Auguste.
2309 2888 2421 2945 Nec
2453 2887 2602 2944 cnim
2641 2902 2700 2944 se
2729 2887 2947 2943 felicem
2978 2889 3266 2958 pmdicari
3310 2890 3594 2957 credebat.

2019 2981 2165 3052 quod
2211 2980 2536 3036 adolescens
2571 2980 2918 3049 imperaret;
2977 2976 3074 3035 se'd
3125 2981 3397 3048 accusari,
3446 2985 3597 3053 quod

2023 3075 2234 3131 tantilla
2265 3082 2424 3130 aetate
2480 3080 2690 3128 tantum
2740 3071 3031 3141 imperium
3080 3071 3375 3128 obtineret.
3418 3071 3596 3129 Pecu-

340 3165 417 3217 υύ
443 3164 555 3232 γάρ
587 3162 995 3234 μακαρίζεσθαι
1047 3164 1257 3232 ἠγεῖτο,
1314 3162 1397 3216 ὄτι
1430 3163 1548 3227 νέος
1578 3160 1653 3216 ὣν
1682 3164 1916 3233 ἐμονάρ-

2020 3169 2167 3222 niam
2207 3166 2405 3238 quovis
2437 3164 2603 3220 modo
2624 3164 2871 3235 parabat,
2902 3164 3037 3219 alias
3063 3173 3229 3235 atque
3281 3165 3416 3221 alias
3448 3182 3599 3237 quat-

341 3273 448 3327 χει,
476 3255 590 3308 ἀλλ’
620 3254 979 3324 ἐγκαλεῖσθαι
1012 3254 1096 3307 ὅτι
1135 3256 1193 3308 ἐν
1230 3254 1417 3327 ἡλικίᾳ
1442 3254 1670 3328 τοιαύτῃ
1722 3256 1907 3326 τηλικ-

340 3347 511 3420 αύτην
542 3344 692 3419 εῖχεν
716 3349 916 3420 ἀρχήν.
959 3348 1333 3419 Ἐχρημάτιζε
1370 3349 1417 3401 δ’
1461 3351 1524 3402 ἐκ
1549 3350 1755 3421 τρόπου
1784 3367 1919 3403 παν-

342 3442 458 3505 τὸς,
480 3442 823 3514 ἀργυρισμοῦ
847 3440 1036 3495 tum:
1058 3440 1225 3505 ἄλλοις
1239 3440 1579 3513 ἐφευρίσκων
1604 3442 1795 3508 λαϐὰς,
1823 3444 1918 3495 καὶ

346 3535 585 3606 ἀζήμιος
622 3534 734 3588 τῶν
767 3533 831 3603 γέ
853 3551 905 3587 τι
933 3535 1166 3606 ἐχόντων
1181 3534 1357 3598 οὐδεὶς
1382 3536 1483 3587 οὐκ
1513 3534 1673 3605 ἀνὴρ,
1693 3537 1754 3588 οὐ
1781 3536 1920 3606 γυνὴ

346 3625 764 3681 καταλέλειπτοσ
826 3628 930 3680 κάν
977 3643 1134 3689 τινας
1192 3625 1252 3680 δὲ
1307 3624 1417 3677 τῶν
1470 3625 1920 3696 ἀφηλικεστέρων

344 3719 447 3790 ζῇν
485 3718 593 3785 εἴα,
625 3717 762 3772 ἀλλὰ
799 3719 1049 3788 πατέρας
1082 3734 1142 3771 τε
1176 3718 1270 3771 καὶ
1331 3718 1562 3772 πάππου
1602 3758 1617 3783 ,
1668 3720 1916 3789 μητέρας

342 3828 404 3864 τε
442 3811 728 3880 ὀνομάζων
758 3811 855 3865 καὶ
883 3809 1077 3879 τήθας,
1114 3812 1214 3864 καὶ
1260 3810 1469 3874 ζῶντας
1519 3809 1917 3882 ἐξεκαρποῦτο,

346 3908 443 3960 καὶ
470 3903 851 3960 τελευτώντων
887 3905 985 3970 τὰς
1015 3905 1207 3969 οὐσίας
1244 3904 1632 3977 ἐκληρονόμει.
1688 3905 1921 3961 Ἐλάσαι

345 3997 405 4052 δέ
464 3998 557 4051 διὰ
606 3998 706 4068 τῆς
754 3997 1037 4068 θαλάσσης
1082 3998 1289 4068 τρόπον
1318 3997 1444 4050 τινὰ
1474 3999 1570 4050 καὶ
1599 3997 1923 4051 διιππεῦσαι

355 4087 697 4157 ἐπεθύμησε,
734 4088 829 4142 καὶ⁵
868 4086 1186 4157 ἐγεφύρωσε
1216 4088 1278 4140 τὺ
1346 4087 1552 4157 μεταξὺ
1592 4088 1701 4141 τῶν
1736 4088 1926 4143 Ποτιό-

348 4176 457 4230 λων
494 4180 588 4231 καὶ
621 4178 728 4231 τῶν
755 4178 1002 4232 Βαύλων.
1024 4177 1099 4232 Τὸ
1126 4177 1184 4231 δὲ
1213 4180 1417 4249 χωρίον
1456 4178 1613 4232 τοῦτο
1668 4196 1925 4234 καταντις

348 4272 524 4344 πέραν
553 4273 652 4343 τῆς
687 4270 899 4335 πόλεως
938 4273 1077 4337 ἔστι,
1116 4271 1297 4342 διέχον
1334 4271 1508 4342 αὐτῆς
1555 4271 1807 4335 σταδίους
1866 4272 1925 4339 ἐξ

349 4364 446 4441 καὶ
473 4365 671 4416 εἴκοσι.
722 4364 889 4417 Πλοία
927 4363 984 4416 δὲ
1015 4366 1097 4425 si;
1132 4364 1233 4435 τὴν
1265 4364 1510 4433 γέφυραν
1549 4363 1620 4417 τά
1677 4365 1776 4433 μὲν
1827 4380 1927 4418 κα-

349 4454 712 4525 τεσκευάσθη,
759 4456 826 4508 τά
855 4455 910 4507 δὲ
948 4453 1233 4525 ἠθροίσθη.
1277 4454 1396 4523 Ἀφ’
1420 4447 1591 4527 οὗπερ
1644 4457 1736 4508 καὶ
1765 4455 1926 4527 λιμὸς

2025 3265 2145 3312 stus
2177 3257 2494 3312 occasiones
2536 3266 2786 3327 captans,
2837 3271 3015 3326 neque
3054 3257 3344 3328 quisquam
3376 3259 3462 3315 vel
3511 3260 3599 3314 vir

2019 3349 2104 3405 vel
2140 3348 2339 3403 mulier
2374 3348 2601 3403 multam
2635 3346 2952 3419 effugiebat.
3012 3348 3166 3415 Quod
3198 3348 3244 3403 si
3285 3365 3426 3420 quos
3473 3366 3601 3421 pro-

2020 3438 2279 3494 vectioris
2311 3439 2489 3494 aetatis
2532 3439 2722 3494 vivere
2770 3437 3109 3509 patiebatur,
3166 3454 3262 3494 eos
3312 3450 3496 3510 patres
3543 3451 3603 3497 ct

2021 3546 2177 3596 avos,
2210 3539 2268 3585 et
2298 3540 2501 3585 matres
2523 3538 2579 3585 et
2603 3531 2755 3585 avias
2776 3530 3123 3600 appellando,
3156 3538 3270 3585 tum
3296 3533 3599 3589 viventium

2023 3622 2203 3678 adhuc
2232 3621 2394 3678 bonis
2432 3622 2740 3685 fruebatur,
2773 3629 2888 3676 tum
2937 3622 3325 3680 defunctorum
3370 3624 3607 3679 hzetedi-

2024 3727 2191 3771 tatem
2223 3718 2509 3771 ceruebat.
2542 3715 2681 3771 Cum
2717 3715 2767 3769 ci
2798 3714 2974 3770 libido
3011 3716 3330 3772 incessisset
3361 3718 3414 3773 in
3461 3718 3601 3775 mari

2024 3808 2206 3879 aliquo
2234 3808 2397 3863 modo
2427 3808 2714 3880 aurigandi
2756 3818 2813 3863 et
2853 3810 3134 3880 equitandi
3160 3850 3175 3875 ,
3214 3809 3415 3866 fretum
3453 3813 3602 3883 quod

2025 3901 2170 3955 inter
2196 3900 2456 3955 Puteolos
2486 3909 2543 3956 et
2576 3901 2773 3955 Baulos
2801 3910 2908 3965 est,
2940 3909 3106 3971 ponte
3136 3903 3340 3973 juuxit.
3380 3904 3430 3958 Is
3472 3920 3601 3959 vero

2024 3993 2181 4048 locus
2209 4007 2240 4047 e
2274 3991 2496 4064 regione
2528 3991 2691 4063 556
2718 3992 2871 4049 urbis
2892 4002 3000 4059 est,
3032 4009 3082 4047 νι
3120 4004 3175 4049 et
3197 4010 3266 4049 xx
3290 3996 3483 4052 Stadiis
3529 3997 3598 4052 ab

2024 4098 2090 4139 ea
2136 4083 2366 4138 distans.
2414 4082 2495 4138 Ad
2528 4100 2655 4139 eum
2693 4092 2911 4153 pontem
2962 4098 3089 4140 cum
3133 4086 3347 4157 navigia
3401 4090 3600 4159 partim

2025 4175 2313 4241 aediﬁcata,
2348 4176 2546 4245 partim
2600 4184 2862 4230 convecta
2910 4185 3115 4243 essent,
3188 4176 3381 4249 ingens
3430 4179 3604 4237 fames

2026 4268 2083 4322 in
2116 4274 2228 4322 tota
2260 4266 2435 4334 Italia,
2479 4275 2536 4322 et
2574 4266 2761 4323 Romae
2808 4268 2862 4321 in
2909 4268 3103 4339 primis
3153 4269 3275 4324 fuit.
3321 4272 3437 4341 Ipse
3470 4288 3603 4346 vero

2025 4360 2345 4421 Alexandri,
2377 4369 2438 4415 ut
2466 4358 2669 4424 aiebat,
2724 4359 3005 4414 thoracem
3061 4360 3312 4428 indutus,
3348 4375 3403 4418 et
3435 4379 3603 4431 super

2027 4468 2095 4508 eo
2136 4442 2477 4525 chlamydem
2531 4452 2762 4506 sericam
2815 4452 3076 4522 purpurei
3134 4454 3377 4520 coloris,
3430 4457 3604 4512 multo

354 4548 499 4619 ἔντε
541 4550 604 4616 τῇ
642 4545 846 4618 Ἰταλίᾳ
884 4549 976 4600 καὶ
1008 4549 1065 4599 ἐν
1095 4549 1161 4617 τῇ
1207 4545 1396 4619 ἰ’ὠμῃ
1438 4546 1670 4617 μάλιστα
1704 4547 1916 4619 ίοχυρὸς

2030 4561 2188 4609 auro,
2241 4544 2427 4598 multis
2457 4543 2659 4600 Indicis
2701 4546 2933 4616 gemmis
2978 4554 3250 4609 ornatam,
3301 4546 3481 4617 gladio
3510 4565 3605 4603 ac-

352 4638 592 4704 ἐγένετο.
641 4637 701 4690 Ὀ
728 4638 786 4690 δὲ
823 4638 915 4690 τὸν
936 4637 1029 4691 τοῦ
1073 4638 1455 4710 Ἀλεξάνδρου,
1479 4639 1554 4702 ὡς
1593 4638 1748 4708 ἔλεγε
1783 4639 1916 4710 (91),

2030 4638 2243 4694 cinctus
2272 4660 2285 4693 -.
2318 4646 2649 4707 sumptoque
2680 4637 2900 4708 clypeo,
2925 4645 2981 4692 et
3008 4652 3217 4708 querna
3263 4654 3467 4694 corona
3519 4657 3605 4695 rc-

353 4731 580 4802 θώρακα
620 4730 1006 4801 ἐνδυσάμενος,
1036 4730 1131 4784 καὶ
1161 4731 1248 4784 ἐπ’
1281 4731 1430 4802 αύτῷ
1458 4729 1708 4801 χλαμύδα
1765 4747 1916 4801 σηρι-

2033 4729 2280 4795 dimitus,
2317 4728 2645 4783 festinanter
2678 4728 2731 4782 in
2769 4728 2961 4783 urbem
3003 4728 3158 4799 quasi
3191 4740 3382 4784 contra
3419 4729 3604 4786 hostes

352 4825 456 4892 κὴν
487 4822 732 4892 ἁλουργῆ
781 4822 916 4876 πολὺ
955 4824 1053 4893 μὲν
1084 4823 1325 4892 χρυσίον,
1376 4822 1603 4884 πολλοὺς
1632 4821 1689 4874 δὲ
1743 4821 1916 4885 λίθους

2034 4835 2159 4872 cum
2212 4818 2449 4873 maximo
2480 4818 2728 4888 equitum
2758 4828 2813 4873 et
2842 4818 3086 4889 peditum
3113 4832 3450 4876 armatorum
3498 4838 3603 4876 nu-

366 4913 626 4977 ἰνδικοὺς
654 4913 905 4984 ἔχουσαν,
939 4913 1035 4967 καὶ
1097 4912 1250 4980 ξίφος
1306 4911 1779 4982 περιζωσάμενος,
1830 4910 1916 4963 καῚ

2035 4924 2189 4963 mero
2236 4907 2485 4962 introivit
2516 4926 2530 4962 :
2567 4916 2625 4961 et
2657 4907 2782 4962 aliis
2815 4907 2868 4962 id
2903 4906 3080 4979 genus
3128 4907 3297 4962 rebus
3329 4923 3428 4977 pro
3469 4921 3607 4961 cou-

353 5006 562 5075 ἀσπίδα
615 5005 821 5069 λαϐὼν,
878 5006 999 5077 δρυΐ
1053 5021 1113 5057 τε
1150 5004 1669 5073 στεφανωσάμενος,
1727 5005 1916 5073 σπουδῇ

2031 4998 2187 5053 cione
2222 4997 2530 5068 gloriando,
2570 4997 2793 5052 Darium
2824 5005 2881 5051 et
2911 4999 3147 5053 Xerxem
3182 4997 3413 5063 derisit,
3458 4996 3605 5067 quod

354 5099 609 5169 καθάπερ
641 5098 736 5152 ἐπὶ
759 5098 1028 5168 πολεμίαν
1059 5098 1138 5160 είς
1163 5098 1264 5165 τὴν
1287 5096 1443 5149 πόλιν
1472 5096 1751 5165 εἰσήλασε,
1780 5111 1916 5165 παμε

2033 5091 2151 5162 ipse
2193 5091 2355 5161 longe
2391 5092 2566 5163 majus
2596 5107 2761 5161 quam
2808 5091 2889 5145 illi
2938 5106 3174 5161 Spatium
3231 5090 3396 5144 maris
3440 5097 3606 5158 ponte

354 5191 581 5262 πληθεῐς
623 5193 810 5254 ἱππεῖς
859 5206 919 5243 τε
955 5190 1048 5244 καὶ
1092 5188 1289 5253 πεζοὺς
1322 5188 1699 5257 ὡπλισμένους
1729 5185 1916 5254 ἐπαγό-

2037 5191 2382 5254 occupasset.
2428 5182 2481 5239 Is
2525 5196 2748 5254 quoque
2788 5196 2928 5253 pons
2973 5181 3160 5236 inultis
3207 5195 3371 5234 causa
3413 5178 3605 5232 mortis

356 5301 539 5356 μενος,
567 5286 661 5337 καὶ
699 5283 835 5338 ἄλλα
859 5283 918 5336 δέ
949 5298 1069 5335 τινα
1092 5281 1321 5335 τοιαῦτα
1350 5282 1584 5349 ποιήσας
1615 5280 1710 5332 καὶ
1734 5279 1916 5333 ἑαυτὸν

2038 5273 2268 5328 exstitit.
2300 5272 2434 5327 Nam
2471 5271 2705 5344 pecunia
2734 5273 2789 5326 in
2824 5285 2951 5329 eum
2986 5278 3260 5339 insumpta
3292 5269 3603 5323 innumera-

354 5376 748 5449 ἀποσεμνύνας
805 5378 865 5431 ἐν
893 5376 1209 5446 δημηγορίᾳ
1236 5373 1325 5427 διὰ
1363 5374 1537 5427 ταῦτα
1591 5373 1651 5435 ἐς
1685 5371 1778 5425 τὸν
1830 5374 1916 5424 Δα-

2038 5366 2155 5430 bili,
2196 5366 2359 5433 longe
2392 5365 2642 5435 pluribus
2666 5372 2891 5435 propter
2921 5367 3145 5417 divmas
3173 5369 3255 5415 est
3294 5357 3607 5413 insidiatus.

356 5474 501 5544 ρείον
530 5448 627 5523 καὶ
656 5469 748 5522 τὸν
767 5468 976 5539 Ξέρξην
996 5466 1101 5519 aut
1112 5482 1327 5520 σκωπτε
1343 5483 1384 5529 θ,
1408 5464 1485 5527 ὼς
1522 5462 1916 5517 πολλαπλάσιοι

2041 5460 2228 5528 Itaque
2259 5457 2424 5513 Junio
2466 5455 2655 5512 Prisco
2705 5464 2937 5525 pnetore
2986 5452 3111 5507 aliis
3155 5449 3377 5521 quidem
3422 5448 3599 5503 crimi-

356 5537 391 5636 ij
437 5565 635 5617 ἐκεῖνοι
657 5565 753 5633 τῆς
792 5537 1072 5631 θαλάσσης
1107 5560 1305 5629 μέτρον
1328 5556 1525 5622 ζεύξας
1558 5555 1741 5618 αὑτός.
1770 5554 1916 5608 Attia

2042 5553 2208 5610 nibus
2244 5560 2523 5616 accusato,
2572 5548 2666 5604 sed
2711 5563 2808 5618 pro
2856 5545 3026 5599 divite
3070 5541 3401 5607 interiecto;
3447 5537 3603 5597 Ca'us

1538 5702 1731 5763 Variae
1769 5704 2072 5764 lectiones
2108 5706 2169 5759 et
2209 5704 2397 5757 uotte.

427 5828 541 5904 (9i)
586 5828 687 5896 Ὠς
716 5827 908 5897 ἔλεγε.
938 5825 1098 5881 Dion.
1130 5824 1227 5880 lib.
1259 5838 1372 5887 ιιι.
1406 5839 1464 5894 p.
1497 5825 1625 5881 653.

684 5925 951 5984 Pn'nOL.
1000 5920 1119 5982 (is.
1158 5918 1487 5985 CXXXIV.
3168 5904 3241 5968 3η
