4048 6396
564 347 666 404 ου

1820 346 2142 408 JOANNIS
2184 348 2504 407 ZONAH£

3699 353 3790 415 94)

562 465 654 517 ubi
691 462 917 527 didicit,
967 461 1102 516 nihil
1136 477 1262 517 eum
1314 472 1486 517 morte
1533 462 1757 534 dignum
1813 464 2137 534 possidere:

2246 464 2301 517 δὲ
2347 465 2580 519 Θανάτου
2655 462 2878 525 πολλοῖς
2921 464 3015 516 καὶ
3072 463 3210 535 αὕτη
3257 466 3288 534 ἡ
3342 465 3558 537 γέφυρα
3610 470 3798 537 γέγονε.

564 554 775 617 Derepit
819 569 921 618 mc,
978 552 1176 622 inquit,
1232 553 1538 622 frustraque
1574 554 1749 622 periit,
1805 570 1925 607 cum
1972 556 2141 609 rivere

564 647 838 716 potuisset.
890 644 1163 699 Domitius
1205 659 1333 697 vero
1364 643 1495 699 Afer
1550 644 1793 713 periculo
1826 645 2135 715 proximus,

563 736 889 792 mirabiliter
935 736 1129 791 evasit.
1176 736 1312 790 Nam
1349 750 1472 790 eum
1520 735 1687 791 Caius
1734 736 1788 790 in
1829 738 1981 791 curia
2024 738 2141 790 lon-

563 846 685 900 gam
711 838 901 885 contra
925 845 1051 885 eum
1078 829 1381 911 orationem
1433 831 1689 887 recitaret
1738 834 1961 903 (omnes
1990 830 2138 886 enim

563 935 812 977 oratores
841 939 898 978 se
930 924 1149 978 vincere
1190 923 1437 994 putabat,
1503 931 1560 977 et
1611 923 1909 977 Domitium
1954 924 2138 978 virum

512 1014 515 1017 ’
560 1016 1073 1085 eloquentissimum
1109 1031 1371 1086 superare
1406 1016 1734 1082 ennabatur)
1763 1031 1941 1085 neque
1971 1016 2136 1086 quid-

512 1096 515 1105 “
560 1124 723 1177 quam
756 1121 946 1163 contra
970 1107 1127 1172 dixit,
1157 1123 1335 1177 neque
1362 1123 1421 1162 se
1447 1106 1715 1170 defendit,
1750 1105 1846 1161 sed
1875 1107 2137 1176 eloquen-

563 1201 692 1253 tiam
725 1200 964 1273 hominis
994 1216 1051 1255 se
1085 1198 1298 1263 mirari,
1326 1214 1502 1269 eaque
1528 1198 1924 1266 obstupescere
1964 1198 2139 1252 simu-

512 1286 518 1293 ’
559 1292 698 1356 laus.
733 1293 925 1347 orabat
948 1300 1003 1345 et
1032 1291 1408 1361 supplicabat,
1438 1306 1605 1360 seque
1641 1298 1921 1345 oratorem
1964 1288 2139 1359 magis

562 1386 757 1439 timere
790 1399 953 1454 quam
1002 1382 1270 1439 Caesarem
1304 1381 1689 1452 profitebatur.
1722 1380 1936 1447 Quibus
1970 1379 2139 1436 rebus

560 1478 650 1531 ille
678 1477 1000 1538 delectatus,
1028 1486 1082 1529 et
1113 1475 1412 1528 Domitium
1449 1490 1479 1528 a
1508 1488 1566 1529 se
1606 1472 1826 1528 dicendi
1874 1473 1927 1526 vi
1970 1485 2138 1541 supe-

558 1580 735 1623 ratum
769 1568 1023 1632 credens,
1060 1565 1218 1621 irasci
1248 1565 1434 1620 desiit.

2245 557 2521 626 Χρήματει
2556 556 2665 626 γὰρ
2692 556 2770 616 είς
2805 555 2975 624 αὐτὴν
3012 555 3299 619 ἀναλώσας
3328 558 3589 629 ἀμύθητα
3639 563 3800 635 πολλῷ

2247 648 2458 701 πλείοσι
2489 647 2712 709 διά-τὰς
2742 646 2931 708 οὐσίας
2957 646 3380 700 ἐπεϐούλευσεν·
3430 648 3571 702 ὥστε
3607 651 3801 719 Ἰούνιος

2246 755 2329 801 τις
2374 739 2611 808 Πρίσκος
2645 737 2953 807 στρατηγὸς
2986 737 3182 808 ᾐτιάθη
3210 738 3308 809 μὲν
3336 738 3428 793 ἐπ’
3456 740 3633 805 ἄλλοις
3655 745 3797 811 τιοὶν,

2248 830 2489 884 ἁπέοανε
2550 829 2607 883 δὲ
2658 830 2732 889 ὡς
2784 828 3057 892 πλούσιος.
3110 830 3313 884 Μαθὼν
3354 831 3413 884 δέ
3457 834 3487 885 δ
3532 834 3684 899 Γάϊος
3728 837 3800 892 δτι

2245 921 2400 976 οὐδὲν
2436 920 2589 987 ἄξιον
2624 919 2718 972 τοῦ
2751 918 2984 973 θανάτου
3025 921 3319 993 ἐκέκτητο,
3381 919 3538 977 εἶπεν
3574 926 3672 990 ὅτι,
3725 928 3799 982 H-

2245 1012 2483 1081 πάτησέ
2515 1029 2612 1082 με,
2644 1011 2740 1065 καὶ
2763 1011 2957 1079 μάτην
2972 1012 3103 1068 dmi)
3118 1017 3271 1079 leto,
3313 1013 3427 1084 ζῇν
3454 1019 3564 1085 γὰρ
3602 1018 3800 1085 ήδύιοα.

2243 1122 2334 1159 το.
2372 1106 2580 1175 "Asopo;
2629 1104 2687 1157 δὲ
2724 1104 3004 1173 Δομίτιος,
3035 1105 3186 1174 παρὰ
3226 1106 3427 1179 μικρὸν
3453 1108 3795 1175 κινδυνεύσας,

2244 1198 2570 1268 παραδόξως
2609 1194 2815 1266 ἐσώθη.
2854 1196 2979 1249 Ἐπί
3014 1213 3119 1249 τινι
3153 1198 3263 1268 γὰρ
3302 1200 3459 1271 αἰτίᾳ
3488 1202 3544 1264 ἐς
3572 1201 3631 1255 τὸ
3662 1205 3795 1257 συνέ.

2241 1290 2395 1359 δριον
2430 1286 2658 1356 ἀγαγὼν
2733 1288 2925 1350 αὑτὸν,
2972 1288 3129 1357 λόγον
3187 1290 3312 1343 κατ’
3373 1293 3551 1345 αὑτοῦ
3614 1294 3796 1362 ἀνέγνω

2248 1380 2460 1451 μακρὸν
2493 1379 2513 1452 (
2539 1382 2697 1451 νικᾷν
2732 1380 2844 1449 γὰρ
2876 1381 3033 1451 ὴξίου
3062 1384 3270 1443 πάντας
3293 1383 3426 1446 τοὺς
3454 1383 3687 1454 ῥήτορας
3716 1389 3795 1439 καὶ

2243 1472 2337 1524 τ’,ν
2392 1471 2651 1541 Δομίτιον
2711 1471 3016 1524 δεινότατον
3069 1470 3201 1524 ὄντα
3256 1474 3441 1526 εἰπεῖν
3498 1476 3795 1548 ὑπερϐαλεῖν

2242 1562 2644 1634 ἐσπούδασεν).
2689 1562 2753 1615 '0
2785 1562 2841 1616 δέ
2875 1560 3000 1615 οὔτε
3036 1579 3091 1616 τι
3140 1564 3425 1631 ἀντεῖπεν,
3453 1565 3562 1619 οὔτ’
3586 1571 3794 1621 ἀνταπε-

557 1666 847 1735 λογήσατο,
886 1664 1188 1733 θαυμάζειν
1246 1661 1302 1714 δὲ
1348 1660 1448 1733 τὴν
1525 1660 1621 1714 τοῦ
1673 1661 1837 1715 Γαΐου
1895 1659 2175 1729 δεινότητα
2216 1660 2624 1728 προσεποιεῖτο,
2686 1657 2782 1711 καὶ
2828 1657 3337 1727 καταπλήττεσθαι,
3386 1660 3482 1714 καὶ
3555 1663 3702 1733 ὴντιϐ
3729 1663 3792 1716 λει

558 1776 617 1811 τε
666 1759 759 1810 καί
801 1756 1039 1820 ἱκέτευε,
1072 1752 1163 1807 τον
1192 1755 1402 1825 ῥήτορα
1451 1753 1654 1825 μᾶλλον
1689 1753 1720 1824 ἦ
1751 1753 1843 1806 τὶν
1881 1754 2140 1824 Καίσαρα
2181 1752 2470 1822 φοϐεῖσθαι
2541 1750 2738 1818 λέγων.
2808 1752 2917 1803 Καὶ
2967 1752 3061 1804 ἐπὶ
3102 1752 3320 1817 τούτοις
3359 1755 3545 1822 ἡσθεὶς
3592 1757 3789 1821 ἐκεῖνος,

561 1851 657 1905 καὶ
708 1846 1009 1909 πιστεύσας
1061 1848 1128 1915 τῇ
1162 1845 1269 1897 τῶν
1315 1846 1490 1914 λόγων
1543 1844 1812 1914 δεινότητι
1864 1844 2141 1915 κρατῆσαι
2180 1844 2367 1907 αὑτοῦ,
2404 1841 2681 1895 ἐπαύσατο
2709 1842 2807 1910 τῆς
2837 1841 3028 1912 ὀργῆς.

524 1932 529 1935 ἐ
633 1943 722 1997 Vl.
768 1939 976 1997 Deinde
1001 1939 1055 1994 in
1085 1939 1313 1995 Galliam
1355 1938 1421 1993 ad
1458 1946 1639 1993 motus
1683 1937 1962 1994 Celtarum
2008 1953 2137 2008 sup~

2314 1933 2402 2005 ς’.
2439 1932 2570 1990 Εἶτα
2596 1936 2675 1997 είς
2692 1937 2789 2006 τὴν
2811 1935 3078 1991 Γαλατίαν
3094 1935 3533 2009 ἀφώρμητεν,ὠς
3560 1937 3687 2008 τάχα
3703 1938 3792 1991 τῶν

562 2034 883 2107 primendus
927 2033 1229 2103 profectus,
1280 2030 1535 2086 hostibus
1587 2030 1810 2101 quidem
1856 2030 1993 2085 nihil
2035 2045 2137 2086 no-

562 2128 698 2188 cuit.
751 2127 844 2182 sed
892 2124 1145 2180 subditos
1198 2132 1255 2177 et
1301 2123 1481 2179 socios
1524 2132 1578 2177 et
1634 2122 1784 2178 cives
1841 2124 2138 2193 plurimum

563 2221 756 2275 alllixit
824 2218 890 2272 Et
937 2234 1062 2271 cum
1110 2214 1408 2286 aliquando
1457 2215 1512 2270 iu
1561 2215 1684 2269 lusu
1716 2215 1847 2269 alea:
1890 2215 1996 2270 sibi
2037 2214 2137 2270 de-

561 2329 682 2367 esse
737 2310 1026 2381 pecuniam
1074 2308 1358 2372 sensisset,
1406 2306 1689 2362 Gallorum
1737 2306 2139 2377 descriptiones

562 2402 892 2476 postulavit,
932 2417 995 2455 ac
1035 2399 1322 2455 ditissimis
1363 2397 1595 2453 interﬁci
1628 2398 1827 2469 jussis,
1861 2398 1929 2452 ad
1969 2398 2139 2452 collu-

560 2512 714 2552 sores
751 2508 1002 2549 reversus
1038 2510 1051 2545 :
1092 2491 1155 2547 Ut
1193 2507 1304 2554 vos,
1334 2490 1538 2559 inquit,
1567 2489 1629 2543 de
1659 2492 1837 2560 paucis
1875 2488 2139 2543 drachmis

562 2588 862 2643 laboratis?
889 2586 1000 2657 Ego
1027 2600 1146 2639 vero
1168 2586 1372 2639 interea
1399 2583 1590 2637 centies
1626 2582 1976 2654 quinquagies
2013 2581 2138 2635 mii-

563 2680 656 2735 lies
696 2677 842 2732 mille
878 2678 1042 2746 coegi.
1089 2670 1249 2731 Adeo
1283 2684 1492 2730 temere
1537 2672 1776 2729 faciebat
1812 2674 1996 2729 omnia
2023 2715 2039 2741 ,
2083 2682 2138 2730 et

560 2767 826 2838 Lepidum
887 2765 1078 2830 illum,
1126 2773 1464 2829 amatorem,
1520 2764 1829 2826 amasium,
1885 2764 2139 2820 Drusillae

559 2858 841 2917 maritum,
881 2869 1045 2925 quem
1099 2853 1332 2909 summis
1376 2852 1560 2908 affecit
1610 2853 1941 2918 honoribus,
1971 2868 2137 2924 quem

564 2967 625 3007 se
658 2949 873 3021 imperii
903 2962 1276 3003 successorem
1301 2945 1624 3002 relicturum
1655 2946 1931 3018 promisit,
1967 2947 2140 3001 inter-

558 3044 709 3108 fecit,
735 3051 792 3098 et
819 3056 1039 3097 sorores
1075 3055 1225 3107 suas,
1295 3048 1356 3095 ut
1383 3039 1453 3094 ab
1484 3039 1577 3094 illo
1611 3049 1902 3111 corruptas
1924 3081 1937 3105 ,
1976 3038 2136 3110 557

561 3137 617 3191 in
672 3134 895 3190 Pontias
943 3133 1151 3188 insulas
1199 3131 1508 3202 relegavit,
1564 3139 1621 3187 et
1671 3130 1778 3187 alia
1823 3132 2135 3202 hujusmodi

560 3228 712 3283 fecit.
748 3225 957 3281 Deinde
986 3225 1249 3291 Paulina,
1274 3238 1402 3279 cum
1446 3239 1573 3278 eum
1622 3224 1848 3280 satietas
1887 3224 2138 3279 mulieris

562 3322 819 3391 cepisset,
857 3334 957 3390 per
1002 3332 1224 3373 causam
1270 3316 1577 3373 sterilitatis
1602 3317 1774 3388 ejecta
1800 3358 1815 3382 ,
1857 3316 2135 3371 Miloniam

548 3402 863 3469 Caesoniam
923 3405 1133 3464 duxit:
1170 3422 1334 3477 quam
1378 3406 1533 3477 prius
1584 3416 1776 3477 stupro
1825 3409 2134 3474 cognitam,

561 3517 677 3558 tum
722 3518 851 3556 vero
900 3501 1029 3571 quia
1080 3508 1301 3555 uterum
1351 3498 1598 3565 ferebat,
1645 3514 1872 3554 uxorem
1932 3498 2136 3553 habere

560 3595 757 3656 voluit,
796 3601 855 3645 ut
904 3590 1009 3644 sibi
1053 3605 1189 3659 puer
1222 3604 1329 3643 xxx
1373 3588 1589 3643 dierum
1635 3600 1975 3643 nasceretur.
2024 3588 2134 3641 Ro-

563 3685 709 3740 mani
745 3685 909 3754 igitur
942 3691 1054 3735 tum
1085 3681 1172 3737 his
1203 3680 1403 3745 rebus,
1438 3687 1552 3734 tum
1583 3680 1795 3734 crebris
1837 3678 1908 3733 ob
1941 3678 2136 3732 amici-

562 3778 696 3832 tiam
734 3790 857 3829 cum
889 3772 1173 3828 sororibus
1208 3772 1327 3843 ejus
1355 3779 1411 3826 et
1441 3770 1744 3826 interfectis
1776 3770 2139 3826 accusationi-

564 3869 669 3922 lms
704 3865 931 3928 turbati,
960 3864 1224 3919 sawitiam
1252 3863 1372 3935 ejus
1401 3871 1457 3919 et
1492 3863 1752 3919 libidines
1798 3872 2021 3918 auctum
2069 3862 2135 3916 iri

561 3958 984 4027 exspecmbant,
1019 3956 1063 4010 si
1089 3954 1301 4010 diutius
1330 3954 1647 4023 imperat-et.
1674 3953 1889 4021 Quibus
1929 3954 2011 4008 sic
2051 3953 2135 4007 af-

563 4054 742 4117 fectis,
772 4052 862 4107 ille
890 4051 1244 4106 Ptolemaeum
1273 4047 1428 4105 Juba:
1458 4049 1627 4102 ﬁlium
1660 4047 1988 4103 accersitum
2013 4085 2029 4109 ,
2076 4056 2138 4103 ut

562 4144 790 4198 divitem
831 4139 1127 4195 interfecit.
1173 4138 1233 4194 ln
1281 4137 1386 4193 hac
1429 4140 1553 4193 vita:
1599 4139 1813 4192 ratione
1856 4136 1974 4193 ﬁeri
2024 4150 2135 4191 non

561 4244 797 4305 poterat,
827 4233 959 4302 quin
999 4239 1353 4301 appeteretur
1392 4230 1643 4296 insidiis,
1680 4245 1885 4299 easque
1942 4229 2140 4299 depre-

562 4326 777 4381 hendit.
805 4324 1022 4379 Nicium
1062 4322 1369 4387 Cerealem,
1421 4331 1478 4376 et
1522 4319 1693 4374 ﬁlium
1741 4321 1861 4390 ejus
1909 4318 2134 4374 Sextum

561 4416 852 4519 Papinium
875 4455 890 4480 ,
919 4414 1350 4484 comprehensos
1380 4411 1560 4467 torsit.
1591 4410 1728 4466 Cum
1756 4411 1893 4465 nihil
1931 4409 2134 4465 effare-

565 4521 655 4565 tur
701 4501 1001 4578 Papinius,
1052 4506 1229 4560 salute
1278 4512 1335 4558 et
1396 4503 1724 4573 impunitate
1767 4503 2039 4574 promissa
2085 4501 2136 4558 ei

2242 2027 2471 2084 Κελτῶν
2496 2046 2550 2081 τι
2579 2028 3059 2098 παρακινούντων,
3102 2030 3198 2082 καὶ
3234 2030 3368 2093 τοὺς
3402 2029 3501 2098 μὲν
3533 2029 3792 2098 πολεμίους

2241 2118 2396 2173 οὐδέν
2425 2136 2479 2171 τι
2514 2119 2740 2186 ἔϐλαψε,
2767 2118 2895 2180 τοὺς
2922 2116 3198 2187 ὑπηκόους
3220 2120 3323 2171 καὶ
3347 2119 3474 2183 τοὺς
3502 2121 3792 2189 συμμάχους

2242 2210 2336 2262 καὶ
2386 2209 2514 2270 τοὺς
2555 2208 2777 2271 πολίτας
2850 2208 3079 2262 πλεῖστα
3126 2210 3413 2269 ἐκάκωσε.
3467 2211 3710 2264 κυϐεύων
3741 2209 3791 2263 δέ

2242 2317 2396 2366 ποτε,
2431 2300 2527 2354 καὶ
2566 2302 2727 2369 γνοὺς
2754 2300 2828 2362 ὡς
2860 2301 2960 2353 οὐκ
2990 2301 3106 2371 ἔχει
3171 2302 3462 2373 ἀργύριον,
3507 2304 3665 2374 ᾔτησε
3707 2304 3790 2365 τὰς

2241 2391 2351 2445 τῶν
2382 2390 2640 2444 Γαλατῶν
2679 2378 3042 2462 ἀπογραφάς.
3069 2392 3176 2445 Καὶ
3202 2394 3474 2457 κελεύσας
3501 2393 3784 2463 θανατωθῇ.

2241 2503 2331 2539 ναι
2361 2484 2491 2547 τοὺς
2534 2483 2978 2548 πλουσιωτάτους
3001 2484 3206 2544 αὐτῶν,
3242 2487 3516 2557 ἐπανῆλθε
3540 2486 3664 2557 πρὸς
3681 2486 3787 2548 τοὺς

2242 2575 2641 2644 συγκυϐευτικ,
2667 2575 2762 2628 καὶ
2792 2572 2945 2628 εἶπεν
3000 2578 3077 2640 ὼς
3120 2578 3261 2645 Περὶ
3290 2579 3513 2649 olim
3540 2574 3789 2647 δραχμῶν

2239 2668 2413 2738 ὑμεῖς
2436 2668 2821 2736 ἀγωνίζεσθε*
2876 2668 2994 2738 ἐγὼ
3013 2669 3081 2723 δὲ
3099 2673 3328 2740 μυρΙας
3361 2672 3459 2726 καί
3498 2683 3787 2725 πεντακισ-

2238 2764 2343 2830 χιλ
2358 2762 2444 2827 ἀς
2473 2758 2731 2828 ἢθροισα
2760 2760 3091 2829 μυριάδας·
3120 2761 3297 2831 οὓτως
3342 2764 3581 2835 ἀκρίτως
3631 2763 3786 2816 πάντα

2243 2853 2471 2920 ἐγίνετο.
2515 2851 2626 2905 Καὶ
2658 2856 2751 2905 τον
2779 2852 3011 2907 Λέπιδον
3049 2853 3095 2907 δ’
3137 2856 3379 2919 ἐκεῖνον,
3407 2856 3500 2909 τὸν
3551 2854 3786 2925 ἐραστὴν,

2240 2944 2331 2996 τὸν
2363 2943 2659 3015 ἐρώμενον,
2691 2944 2782 2996 τὸν
2828 2944 2929 3013 τῆς
2959 2947 3298 3020 Δρουσίλλης
3331 2948 3525 3019 ἄνδρα,
3552 2947 3609 3002 δν
3633 2948 3782 3014 ὑπερ·

2240 3033 2492 3103 ετίμησε,
2535 3036 2631 3086 καὶ
2669 3034 2915 3105 διάδοχον
2964 3035 3111 3102 ἕξειν
3148 3037 3249 3106 τῆς
3315 3038 3487 3110 ἀρχῆς
3547 3033 3786 3106 ἐπηγγέλ-

2239 3125 2386 3190 λετο,
2411 3126 2505 3178 ἕκτ
2521 3139 2655 3178 εινε·
2680 3123 2773 3178 καὶ
2817 3124 2914 3190 τὰς
2950 3127 3187 3197 ἀδελφάς
3224 3128 3326 3192 τὰς
3357 3129 3583 3189 οίκείας,
3612 3126 3680 3187 ὡς
3705 3125 3783 3175 ἐκ·

2240 3204 2366 3287 είνω
2402 3216 2844 3288 συμφθαρείσας,
2872 3218 2953 3278 εἰς
3001 3219 3101 3282 τὰς
3131 3222 3395 3283 Ποντίους
3425 3223 3611 3291 νήσους
3660 3216 3783 3284 ἀπή·

2243 3326 2406 3377 γαγε,
2444 3308 2541 3361 καὶ
2569 3307 2705 3361 ἄλλα
2736 3307 2908 3362 πολλὰ
2936 3308 3167 3362 τοιαῦτα
3198 3313 3524 3383 πεποίηκεν.
3558 3304 3682 3363 Εῐτα
3702 3309 3784 3373 τὴν

2241 3400 2515 3454 Παυλῖναν
2555 3399 2825 3463 ἐκϐαλὼν,
2868 3403 3140 3471 προφάσει
3174 3404 3305 3472 ,μὲν
3361 3404 3439 3469 ὡς
3499 3401 3570 3474 μὴ
3593 3401 3784 3455 τίκτον·

2242 3510 2365 3559 σαν,
2388 3492 2451 3545 τὸ
2483 3492 2527 3545 δ’
2559 3491 2759 3563 ἀληθὲς
2787 3492 2870 3545 ὅτι
2903 3492 3172 3563 διακορὴς
3199 3496 3423 3567 ἐκείνης
3454 3495 3679 3563 ἐγένετο,
3696 3489 3785 3542 Mt-

2238 3585 2438 3639 λωνίαν
2469 3586 2785 3639 Καισωνίαν
2816 3586 3047 3657 ἔγημεν,
3103 3587 3172 3659 ἣν
3199 3591 3470 3660 πρότερον
3505 3587 3601 3656 μὲν
3651 3580 3782 3652 ἐμοί·

2241 3696 2426 3750 χευσε,
2489 3680 2610 3731 τότε
2658 3678 2716 3731 δὲ
2766 3679 2864 3732 καὶ
2907 3681 3152 3749 γαμετὴν
3201 3678 3496 3753 ἐσχηκέναι
3527 3677 3782 3748 ἠθέλησεν,

2238 3771 2435 3841 ἐπειδὴ
2485 3772 2543 3824 ἐν
2599 3774 2803 3841 γαστρὶ
2843 3771 3029 3842 ἔσχεν,
3089 3774 3155 3827 ἵν’
3184 3775 3340 3847 αὐτῷ
3412 3773 3618 3827 παιδίον
3663 3768 3778 3833 τέκῃ

2237 3864 2735 3935 τριακονθήμερον.
2795 3868 2858 3919 Ol
2887 3866 2933 3919 δ’
2968 3869 3026 3920 ἐν
3076 3871 3143 3937 τῇ
3208 3870 3398 3941 Ῥώμῃ
3449 3865 3781 3936 ἐταράττοντο

2241 3959 2343 4029 μὲν
2376 3958 2441 4010 ὲκ
2466 3955 2694 4023 τούτων,
2730 3959 3093 4031 ἐταράττοντο
3124 3961 3182 4014 δὲ
3221 3963 3319 4015 καὶ
3359 3964 3441 4016 ὄτι
3471 3960 3610 4013 δίκαι
3648 3950 3778 4021 σφίσι

2239 4051 2490 4105 πλεῖσται
2520 4054 2789 4124 ἐπήγοντο
2820 4054 2910 4105 ἐπὶ
2945 4055 3012 4124 τῇ
3041 4052 3178 4124 πρὸς
3222 4056 3324 4118 τὰς
3353 4051 3586 4119 ἀδελφάς
3614 4039 3779 4102 αὐτοῦ,

2239 4144 2337 4198 καὶ
2366 4146 2460 4198 ἐπὶ
2486 4146 2554 4217 τῇ
2609 4145 2746 4217 πρὸς
2774 4147 2900 4207 τοὺς
2930 4146 3375 4215 πεφονευμένους
3404 4143 3571 4212 φιλίᾳ,
3603 4147 3777 4205 προσε-

2238 4239 2414 4294 δόκων
2449 4257 2509 4293 τε
2545 4242 2641 4293 καὶ
2668 4241 2763 4293 ἐπὶ
2794 4240 2983 4292 πλεῖον
3021 4241 3119 4309 τήν
3144 4257 3204 4293 τε
3232 4241 3494 4311 ὠμότητα
3516 4234 3605 4289 τοῦ
3637 4230 3673 4281 Γ
3674 4224 3776 4278 οἵου

2240 4330 2336 4387 καὶ
2371 4331 2471 4401 τὴν
2520 4330 2816 4398 ἀσέλγειαν
2858 4331 3144 4403 αὑξήσειν,
3175 4334 3225 4385 εί
3254 4335 3283 4386 ὁ
3306 4332 3404 4403 τῆς
3435 4326 3604 4399 ἀρχῆς
3631 4312 3775 4373 αὑτοῦ

2238 4421 2437 4493 χρόνος
2476 4420 2681 4474 πλείων
2705 4422 2955 4490 γένηται.
2989 4422 3098 4477 Καὶ
3146 4424 3197 4476 οἱ
3234 4423 3334 4494 μὲν
3369 4420 3513 4474 οὕτω
3542 4415 3775 4468 διέκειντο

2243 4516 2382 4581 πρὸς
2419 4513 2608 4567 αὑτόν.
2646 4514 2704 4567 '0
2730 4514 2787 4568 δέ
2817 4515 2911 4567 καὶ
2937 4516 3031 4568 τὸν
3062 4516 3398 4585 Πτολεμαῖον
3428 4512 3517 4565 τὸν
3547 4505 3631 4580 τοῦ
3652 4498 3774 4559 Ἰόσα

561 4599 855 4669 persuasit,
880 4607 942 4651 ut
963 4596 1179 4666 aliquos
1208 4609 1305 4649 seu
1334 4610 1463 4648 vere
1494 4610 1591 4648 seu
1626 4593 1762 4648 falso
1788 4595 2133 4649 nominaret:

2245 4603 2411 4657 παῖδα
2473 4603 3009 4674 μεταστειλάμενος,
3049 4605 3126 4667 ὡς
3187 4602 3527 4658 πλουτοῦντα
3556 4593 3775 4648 κάκεῖνον

560 4704 800 4758 eumque
832 4687 1054 4751 statim,
1088 4698 1144 4741 et
1178 4694 1408 4741 caeteros
1454 4685 1509 4739 in
1553 4695 1849 4755 conspectu
1898 4687 2017 4756 ejus
2054 4686 2138 4739 iu-

563 4783 799 4838 terfecit.
830 4780 900 4835 Et
924 4779 1205 4850 cujusdam
1249 4777 1579 4842 occidendi,
1613 4788 1823 4847 patrem
1872 4778 2004 4831 cazdi
2039 4777 2134 4830 ﬁlii

560 4877 827 4929 interesse
881 4872 1112 4939 coegit:
1160 4872 1254 4939 qui
1313 4884 1438 4924 cum
1502 4880 1760 4940 rogaret,
1810 4887 1877 4923 an
1945 4870 2136 4923 oculos

559 4965 820 5021 claudere
845 4964 1037 5017 liceret
1060 5001 1074 5025 ,
1104 4961 1285 5032 ipsum
1315 4977 1533 5031 quoque
1576 4963 1803 5017 mactari
1845 4963 2029 5032 jussit.
2085 4962 2135 5016 Is

558 5072 692 5111 vero
727 5057 782 5109 in
815 5053 1061 5124 periculo
1102 5053 1471 5118 constitutus,
1505 5069 1563 5108 se
1608 5069 1677 5108 ex
1719 5054 2136 5130 insidiatoribus

559 5164 731 5205 unum
768 5163 890 5203 esse
919 5147 1231 5211 simulavit,
1264 5155 1320 5201 et
1354 5156 1583 5202 caeteros
1627 5164 1817 5201 omnes
1863 5148 2135 5202 iudicatu-

560 5257 683 5296 rum
713 5241 1011 5311 pollicitus,
1043 5239 1249 5295 amicos
1276 5238 1390 5295 Caii
1420 5240 1814 5309 ministrosque
1841 5240 2135 5296 libidinum

559 5335 679 5404 ejus
708 5342 764 5388 et
796 5332 1016 5386 saevitiae
1042 5316 1349 5386 neminavit
1373 5350 1384 5384 :
1415 5348 1478 5387 ac
1502 5332 1689 5386 multis
1713 5333 1883 5387 exitio
1914 5333 2132 5398 fuisset,

560 5424 665 5478 nisi
696 5435 751 5478 et
788 5421 1095 5492 praefectos,
1125 5431 1179 5475 et
1224 5419 1507 5475 Callistum
1549 5430 1605 5475 et
1647 5420 1949 5475 Caesoniam
1999 5437 2147 5490 quo-.

560 5532 667 5584 que
699 5513 998 5569 criminato
1039 5512 1175 5567 ﬁdes
1207 5512 1463 5580 abrogata
1503 5520 1669 5566 esset.
1715 5513 1794 5567 Ac
1838 5513 1883 5567 is
1911 5513 2133 5583 quidem

563 5614 745 5673 perint,
782 5604 876 5657 sed
909 5603 1040 5657 illud
1076 5604 1252 5672 ipsum
1287 5602 1491 5658 factum
1526 5605 1657 5657 Caio
1696 5619 1915 5675 quoque
1948 5606 2138 5676 perni-

561 5698 699 5748 ciem
747 5694 948 5749 attulit.
1002 5694 1136 5748 Nam
1199 5694 1476 5763 [tt-infectis
1527 5705 1583 5748 et
1630 5695 1857 5751 Callisto
1906 5697 2138 5751 seorsim

558 5795 839 5842 acoersttas
878 5801 892 5838 :
941 5785 1120 5852 Unus,
1163 5787 1362 5858 inquit,
1400 5804 1494 5857 rgo
1526 5804 1663 5853 sum,
1714 5806 1800 5843 vos
1840 5797 1945 5842 tres
1976 5792 2098 5843 rslis
2129 5795 2147 5832 -'

2246 4694 2561 4747 ἀπέκτεινε.
2617 4692 2821 4747 Τοῦτον
2866 4692 2929 4746 ’δὲ
2989 4695 3082 4747 τὸν
3139 4697 3344 4767 τρόπον
3393 4692 3539 4763 βιοὺς
3587 4683 3772 4737 πάντως

2243 4784 2806 4854 ἐπ.ϐουλευοήσεσθαι
2846 4785 3062 4855 ἔμελλε,
3102 4769 3199 4840 καὶ
3237 4787 3492 4857 ἐφώρασε
3532 4780 3627 4846 τὴν
3668 4768 3771 4827 ἐπί·

2243 4875 2420 4929 θεσιν.
2478 4878 2590 4929 Καὶ
2638 4874 2924 4953 onmem
2961 4878 3155 4931 Νίκιον
3202 4875 3517 4947 Κερεάλιον,
3562 4868 3645 4921 καὶ
3694 4858 3770 4953 τδγ

2241 4968 2360 5020 υἱον
2400 4967 2568 5022 αὐτοῦ
2602 4968 2798 5034 Σέξτον
2846 4949 3161 5040 Παπήνιον,
3200 4970 3517 5029 ἐϐασάνισε,
3556 4949 3771 5015 καὶέπὶ

2243 5058 2413 5129 μηδὲν
2442 5059 2795 5129 ἐξελάλησεν,
2857 5061 3117 5113 ἀνέπεισε
3148 5059 3242 5113 τὸν
3298 5057 3595 5126 Παπήνιον,
3625 5053 3771 5106 σωτη-

2245 5151 2367 5220 ρίαν
2396 5150 2543 5221 αὐτῴ
2573 5151 2670 5203 καὶ
2693 5152 2881 5206 ἄδειαν
2911 5150 3306 5221 ὑποσχόμενος,
3337 5143 3607 5203 κατειπεῖν
3631 5142 3768 5221 τινφν

2243 5218 2276 5311 ’θ
2329 5218 2547 5312 ἀληοῶξ
2577 5241 2609 5312 ἢ
2637 5241 2869 5310 ψευδῶς,
2914 5244 3008 5295 καὶ
3046 5218 3262 5299 ἐκεῖνον
3291 5239 3484 5296 αὐτίκα
3538 5227 3622 5285 καὶ
3664 5218 3767 5312 τους

2240 5303 2439 5396 duo“;
2475 5303 2538 5385 ἓν⁷
2574 5303 2882 5404 ὁΙφθαλμοίς
2936 5334 3106 5387 αὑτοῦ
3156 5335 3505 5388 ἀπέκτεινεν.
3551 5316 3682 5374 Ένδς
3720 5303 3764 5356 δὲ

2238 5425 2349 5483 τῶν
2375 5425 2744 5497 κτεινομένων
2795 5426 3013 5481 καὶτὸν
3067 5428 3288 5497 πατέρα
3327 5422 3569 5492 παρεῖναι
3622 5413 3765 5497 tam“:

2241 5518 2506 5586 νάγκασε,
2565 5515 2659 5571 τοῦ
2720 5517 2839 5570 υἱοῦ
2898 5521 3285 5589 φονευομένου·
3322 5504 3607 5581 πυθόμενόν
3629 5512 3679 5550 τε
3724 5484 3765 5537 εί

2250 5610 2421 5679 μύσαι
2446 5609 2597 5677 αὺτῷ
2622 5609 2930 5679 ἐπιτρέπει,
2957 5614 3052 5664 καὶ
3076 5613 3284 5665 ἐκεῖνον
3315 5604 3579 5678 σφαγῆναι
3608 5596 3759 5683 προίξ·

2252 5700 2464 5764 έταξενο
2534 5699 2595 5753 Ὀ
2620 5699 2676 5752 δὲ
2728 5702 3060 5755 κινδυνεύων
3121 5700 3549 5774 προσεποιήσατο
3592 5688 3646 5738 ὲκ
3677 5683 3765 5726 των

2259 5791 2803 5849 ἐπιϐεϐουλευκότων
2860 5791 3025 5865 εἶναι,
3066 5798 3161 5851 καὶ
3193 5799 3317 5860 τοὺς
3353 5787 3560 5848 λοιποὺς
3589 5774 3761 5830 πάντσί
