  <div class='ocr_page' id='page_1' title='image "/cluster/home/n/w/nwhite01/storage/ocr_20150623/134:no.1/coo.31924054870393/480.png"; bbox 0 0 4048 6418; ppageno 0'>
   <div class='ocr_carea' id='block_1_1' title="bbox 410 354 512 422">
    <p class='ocr_par' dir='ltr' id='par_1_1' title="bbox 410 354 512 422">
     <span class='ocr_line' id='line_1_1' title="bbox 410 354 512 422; baseline -0.049 -1"><span class='ocrx_word' id='word_1_1' title='bbox 410 354 512 422; x_wconf 66' lang='grc' dir='ltr'>εει</span> 
     </span>
    </p>
   </div>
   <div class='ocr_carea' id='block_1_2' title="bbox 1674 355 2397 419">
    <p class='ocr_par' dir='ltr' id='par_1_2' title="bbox 1674 355 2397 419">
     <span class='ocr_line' id='line_1_2' title="bbox 1674 355 2397 419; baseline 0.008 -6"><span class='ocrx_word' id='word_1_2' title='bbox 1674 355 2080 416; x_wconf 71' lang='lat' dir='ltr'>ANNALIUM</span> <span class='ocrx_word' id='word_1_3' title='bbox 2121 357 2397 419; x_wconf 53' lang='lat' dir='ltr'>LIBXXI-</span> 
     </span>
    </p>
   </div>
   <div class='ocr_carea' id='block_1_3' title="bbox 3557 366 3667 433">
    <p class='ocr_par' dir='ltr' id='par_1_3' title="bbox 3557 366 3667 433">
     <span class='ocr_line' id='line_1_3' title="bbox 3557 366 3667 433; baseline 0.036 -5"><span class='ocrx_word' id='word_1_4' title='bbox 3557 366 3667 433; x_wconf 62' lang='grc'>932</span> 
     </span>
    </p>
   </div>
   <div class='ocr_carea' id='block_1_4' title="bbox 412 468 1984 550">
    <p class='ocr_par' dir='ltr' id='par_1_4' title="bbox 412 468 1984 546">
     <span class='ocr_line' id='line_1_4' title="bbox 412 468 1984 546; baseline -0.002 -19"><span class='ocrx_word' id='word_1_5' title='bbox 412 471 648 546; x_wconf 66' lang='grc' dir='ltr'>ἐκφῆναι</span> <span class='ocrx_word' id='word_1_6' title='bbox 696 469 988 542; x_wconf 77' lang='grc' dir='ltr'>ὑπέσχετο,</span> <span class='ocrx_word' id='word_1_7' title='bbox 1029 471 1122 523; x_wconf 69' lang='grc' dir='ltr'>καὶ</span> <span class='ocrx_word' id='word_1_8' title='bbox 1166 469 1426 540; x_wconf 82' lang='grc' dir='ltr'>ὠνόμασε</span> <span class='ocrx_word' id='word_1_9' title='bbox 1456 468 1583 532; x_wconf 79' lang='grc' dir='ltr'>τούς</span> <span class='ocrx_word' id='word_1_10' title='bbox 1617 486 1678 523; x_wconf 88' lang='grc' dir='ltr'>τε</span> <span class='ocrx_word' id='word_1_11' title='bbox 1732 471 1984 542; x_wconf 80' lang='grc' dir='ltr'>ἑταίρους</span> 
     </span>
    </p>
   </div>
   <div class='ocr_carea' id='block_1_5' title="bbox 2090 468 3668 550">
    <p class='ocr_par' dir='ltr' id='par_1_5' title="bbox 2090 475 3668 550">
     <span class='ocr_line' id='line_1_5' title="bbox 2090 475 3668 550; baseline 0.008 -23"><span class='ocrx_word' id='word_1_12' title='bbox 2090 488 2181 544; x_wconf 85' lang='lat' dir='ltr'>ego</span> <span class='ocrx_word' id='word_1_13' title='bbox 2209 475 2405 540; x_wconf 83' lang='lat' dir='ltr'><strong><em>nudus,</em></strong></span> <span class='ocrx_word' id='word_1_14' title='bbox 2436 491 2524 531; x_wconf 76' lang='lat' dir='ltr'><strong><em>vos</em></strong></span> <span class='ocrx_word' id='word_1_15' title='bbox 2548 478 2768 534; x_wconf 85' lang='lat' dir='ltr'><strong><em>armati.</em></strong></span> <span class='ocrx_word' id='word_1_16' title='bbox 2807 476 2960 544; x_wconf 83' lang='lat' dir='ltr'><strong><em>Quod</em></strong></span> <span class='ocrx_word' id='word_1_17' title='bbox 2986 479 3032 534; x_wconf 84' lang='lat' dir='ltr'>si</span> <span class='ocrx_word' id='word_1_18' title='bbox 3064 496 3144 535; x_wconf 87' lang='lat' dir='ltr'>me</span> <span class='ocrx_word' id='word_1_19' title='bbox 3176 482 3359 537; x_wconf 80' lang='lat' dir='ltr'><strong><em>odistis</em></strong></span> <span class='ocrx_word' id='word_1_20' title='bbox 3379 525 3394 550; x_wconf 89' lang='lat'>,</span> <span class='ocrx_word' id='word_1_21' title='bbox 3438 493 3488 537; x_wconf 85' lang='lat' dir='ltr'>et</span> <span class='ocrx_word' id='word_1_22' title='bbox 3531 487 3668 540; x_wconf 66' lang='lat' dir='ltr'><strong><em>occiv</em></strong></span> 
     </span>
    </p>
   </div>
   <div class='ocr_carea' id='block_1_6' title="bbox 418 559 1993 630">
    <p class='ocr_par' dir='ltr' id='par_1_6' title="bbox 418 559 1993 630">
     <span class='ocr_line' id='line_1_6' title="bbox 418 559 1993 630; baseline -0.004 -13"><span class='ocrx_word' id='word_1_23' title='bbox 418 563 539 625; x_wconf 80' lang='grc' dir='ltr'>τοὺς</span> <span class='ocrx_word' id='word_1_24' title='bbox 567 560 663 614; x_wconf 74' lang='grc' dir='ltr'>τοῦ</span> <span class='ocrx_word' id='word_1_25' title='bbox 713 560 900 627; x_wconf 74' lang='grc' dir='ltr'>Γαΐου,</span> <span class='ocrx_word' id='word_1_26' title='bbox 957 559 1052 613; x_wconf 72' lang='grc' dir='ltr'>καὶ</span> <span class='ocrx_word' id='word_1_27' title='bbox 1079 560 1207 623; x_wconf 77' lang='grc' dir='ltr'>τοὺς</span> <span class='ocrx_word' id='word_1_28' title='bbox 1241 562 1540 630; x_wconf 72' lang='grc' dir='ltr'>συνεργοὺς</span> <span class='ocrx_word' id='word_1_29' title='bbox 1569 560 1667 629; x_wconf 79' lang='grc' dir='ltr'>τῆς</span> <span class='ocrx_word' id='word_1_30' title='bbox 1698 560 1993 628; x_wconf 79' lang='grc' dir='ltr'>ἀσελγείας</span> 
     </span>
    </p>
   </div>
   <div class='ocr_carea' id='block_1_7' title="bbox 412 650 1993 723">
    <p class='ocr_par' dir='ltr' id='par_1_7' title="bbox 412 650 1993 723">
     <span class='ocr_line' id='line_1_7' title="bbox 412 650 1993 723; baseline 0 -17"><span class='ocrx_word' id='word_1_31' title='bbox 412 654 510 706; x_wconf 73' lang='grc' dir='ltr'>καὶ</span> <span class='ocrx_word' id='word_1_32' title='bbox 558 651 665 723; x_wconf 83' lang='grc' dir='ltr'>τῆς</span> <span class='ocrx_word' id='word_1_33' title='bbox 712 650 1024 722; x_wconf 75' lang='grc' dir='ltr'>ὠμότητος.</span> <span class='ocrx_word' id='word_1_34' title='bbox 1069 652 1182 706; x_wconf 81' lang='grc' dir='ltr'>Καὶ</span> <span class='ocrx_word' id='word_1_35' title='bbox 1221 651 1451 714; x_wconf 76' lang='grc' dir='ltr'>πολλοὺς</span> <span class='ocrx_word' id='word_1_36' title='bbox 1500 650 1567 705; x_wconf 83' lang='grc' dir='ltr'>ἀν</span> <span class='ocrx_word' id='word_1_37' title='bbox 1601 652 1905 719; x_wconf 85' lang='grc' dir='ltr'>ἀπώλεσεν,</span> <span class='ocrx_word' id='word_1_38' title='bbox 1944 654 1993 706; x_wconf 86' lang='grc' dir='ltr'>εἱ</span> 
     </span>
    </p>
   </div>
   <div class='ocr_carea' id='block_1_8' title="bbox 411 743 1993 818">
    <p class='ocr_par' dir='ltr' id='par_1_8' title="bbox 411 743 1993 818">
     <span class='ocr_line' id='line_1_8' title="bbox 411 743 1993 818; baseline -0.002 -19"><span class='ocrx_word' id='word_1_39' title='bbox 411 744 490 818; x_wconf 82' lang='grc' dir='ltr'>μὴ</span> <span class='ocrx_word' id='word_1_40' title='bbox 518 745 615 799; x_wconf 68' lang='grc' dir='ltr'>καὶ</span> <span class='ocrx_word' id='word_1_41' title='bbox 641 744 768 807; x_wconf 76' lang='grc' dir='ltr'>τοὺς</span> <span class='ocrx_word' id='word_1_42' title='bbox 796 743 1103 815; x_wconf 73' lang='grc' dir='ltr'>ὑπάρχους,</span> <span class='ocrx_word' id='word_1_43' title='bbox 1153 743 1252 797; x_wconf 78' lang='grc' dir='ltr'>καὶ</span> <span class='ocrx_word' id='word_1_44' title='bbox 1278 743 1369 796; x_wconf 79' lang='grc' dir='ltr'>τὸν</span> <span class='ocrx_word' id='word_1_45' title='bbox 1397 743 1726 809; x_wconf 82' lang='grc' dir='ltr'>Κάλλιστον,</span> <span class='ocrx_word' id='word_1_46' title='bbox 1757 747 1853 797; x_wconf 70' lang='grc' dir='ltr'>καὶ</span> <span class='ocrx_word' id='word_1_47' title='bbox 1891 743 1993 817; x_wconf 72' lang='grc' dir='ltr'>τὴν</span> 
     </span>
    </p>
   </div>
   <div class='ocr_carea' id='block_1_9' title="bbox 412 831 1994 905">
    <p class='ocr_par' dir='ltr' id='par_1_9' title="bbox 412 831 1994 905">
     <span class='ocr_line' id='line_1_9' title="bbox 412 831 1994 905; baseline -0.003 -15"><span class='ocrx_word' id='word_1_48' title='bbox 412 835 733 890; x_wconf 80' lang='grc' dir='ltr'>Καισωνίαν</span> <span class='ocrx_word' id='word_1_49' title='bbox 806 831 1227 903; x_wconf 74' lang='grc' dir='ltr'>προσδιαϐαλὼν</span> <span class='ocrx_word' id='word_1_50' title='bbox 1285 833 1585 905; x_wconf 72' lang='grc' dir='ltr'>ἠπιστήθη.</span> <span class='ocrx_word' id='word_1_51' title='bbox 1644 834 1755 888; x_wconf 74' lang='grc' dir='ltr'>Καὶ</span> <span class='ocrx_word' id='word_1_52' title='bbox 1800 835 1828 885; x_wconf 83' lang='grc' dir='ltr'>ὁ</span> <span class='ocrx_word' id='word_1_53' title='bbox 1895 834 1994 903; x_wconf 85' lang='grc' dir='ltr'>μὲν</span> 
     </span>
    </p>
   </div>
   <div class='ocr_carea' id='block_1_10' title="bbox 412 923 1995 995">
    <p class='ocr_par' dir='ltr' id='par_1_10' title="bbox 412 923 1995 995">
     <span class='ocr_line' id='line_1_10' title="bbox 412 923 1995 995; baseline -0.002 -15"><span class='ocrx_word' id='word_1_54' title='bbox 412 923 713 989; x_wconf 79' lang='grc' dir='ltr'>ἀπέθανεν,</span> <span class='ocrx_word' id='word_1_55' title='bbox 757 924 836 992; x_wconf 84' lang='grc' dir='ltr'>τῷ</span> <span class='ocrx_word' id='word_1_56' title='bbox 888 924 945 977; x_wconf 82' lang='grc' dir='ltr'>δέ</span> <span class='ocrx_word' id='word_1_57' title='bbox 996 924 1147 995; x_wconf 74' lang='grc' dir='ltr'>Γαῖῳ</span> <span class='ocrx_word' id='word_1_58' title='bbox 1218 923 1311 976; x_wconf 71' lang='grc' dir='ltr'>τὸν</span> <span class='ocrx_word' id='word_1_59' title='bbox 1368 923 1591 994; x_wconf 77' lang='grc' dir='ltr'>ὃλεθρον</span> <span class='ocrx_word' id='word_1_60' title='bbox 1652 923 1784 977; x_wconf 81' lang='grc' dir='ltr'>αὐτὸ</span> <span class='ocrx_word' id='word_1_61' title='bbox 1836 926 1995 977; x_wconf 75' lang='grc' dir='ltr'>τοῦτο</span> 
     </span>
    </p>
   </div>
   <div class='ocr_carea' id='block_1_11' title="bbox 413 1015 1993 1087">
    <p class='ocr_par' dir='ltr' id='par_1_11' title="bbox 413 1015 1993 1087">
     <span class='ocr_line' id='line_1_11' title="bbox 413 1015 1993 1087; baseline -0.001 -18"><span class='ocrx_word' id='word_1_62' title='bbox 413 1015 852 1086; x_wconf 78' lang='grc' dir='ltr'>παρεσκεύασεν;</span> <span class='ocrx_word' id='word_1_63' title='bbox 897 1017 1028 1086; x_wconf 76' lang='grc' dir='ltr'>Ἰδίᾳ</span> <span class='ocrx_word' id='word_1_64' title='bbox 1061 1016 1172 1087; x_wconf 84' lang='grc' dir='ltr'>γὰρ</span> <span class='ocrx_word' id='word_1_65' title='bbox 1198 1015 1325 1078; x_wconf 81' lang='grc' dir='ltr'>τοὺς</span> <span class='ocrx_word' id='word_1_66' title='bbox 1354 1015 1641 1086; x_wconf 65' lang='grc' dir='ltr'>ὑπάρχους</span> <span class='ocrx_word' id='word_1_67' title='bbox 1662 1031 1723 1066; x_wconf 90' lang='grc' dir='ltr'>τε</span> <span class='ocrx_word' id='word_1_68' title='bbox 1756 1015 1850 1067; x_wconf 80' lang='grc' dir='ltr'>καὶ</span> <span class='ocrx_word' id='word_1_69' title='bbox 1902 1015 1993 1068; x_wconf 69' lang='grc' dir='ltr'>τὸν</span> 
     </span>
    </p>
   </div>
   <div class='ocr_carea' id='block_1_12' title="bbox 413 1101 1995 1178">
    <p class='ocr_par' dir='ltr' id='par_1_12' title="bbox 413 1101 1995 1178">
     <span class='ocr_line' id='line_1_12' title="bbox 413 1101 1995 1178; baseline -0.003 -17"><span class='ocrx_word' id='word_1_70' title='bbox 413 1107 719 1162; x_wconf 84' lang='grc' dir='ltr'>Κάλλιστον</span> <span class='ocrx_word' id='word_1_71' title='bbox 778 1106 1319 1178; x_wconf 79' lang='grc' dir='ltr'>προσκαλεσάμενος,</span> <span class='ocrx_word' id='word_1_72' title='bbox 1365 1101 1470 1172; x_wconf 83' lang='grc' dir='ltr'>Εἷς</span> <span class='ocrx_word' id='word_1_73' title='bbox 1496 1108 1638 1174; x_wconf 82' lang='grc' dir='ltr'>ειμι,</span> <span class='ocrx_word' id='word_1_74' title='bbox 1671 1105 1799 1174; x_wconf 79' lang='grc' dir='ltr'>ἐφη,</span> <span class='ocrx_word' id='word_1_75' title='bbox 1835 1105 1995 1173; x_wconf 79' lang='grc' dir='ltr'>τρεῖς</span> 
     </span>
    </p>
   </div>
   <div class='ocr_carea' id='block_1_13' title="bbox 410 1194 1993 1268">
    <p class='ocr_par' dir='ltr' id='par_1_13' title="bbox 410 1194 1993 1268">
     <span class='ocr_line' id='line_1_13' title="bbox 410 1194 1993 1268; baseline -0.003 -15"><span class='ocrx_word' id='word_1_76' title='bbox 410 1197 482 1253; x_wconf 82' lang='grc' dir='ltr'>δὲ</span> <span class='ocrx_word' id='word_1_77' title='bbox 530 1198 726 1268; x_wconf 78' lang='grc' dir='ltr'>ὑμεῖς,</span> <span class='ocrx_word' id='word_1_78' title='bbox 771 1199 873 1251; x_wconf 82' lang='grc' dir='ltr'>καὶ</span> <span class='ocrx_word' id='word_1_79' title='bbox 931 1197 1160 1267; x_wconf 77' lang='grc' dir='ltr'>γυμνὸς</span> <span class='ocrx_word' id='word_1_80' title='bbox 1184 1195 1302 1265; x_wconf 81' lang='grc' dir='ltr'>μὲν</span> <span class='ocrx_word' id='word_1_81' title='bbox 1345 1195 1483 1266; x_wconf 74' lang='grc' dir='ltr'>ἐγὼ,</span> <span class='ocrx_word' id='word_1_82' title='bbox 1534 1194 1906 1266; x_wconf 80' lang='grc' dir='ltr'>ὠπλισμένοι</span> <span class='ocrx_word' id='word_1_83' title='bbox 1940 1194 1993 1248; x_wconf 80' lang='grc' dir='ltr'>δ’</span> 
     </span>
    </p>
   </div>
   <div class='ocr_carea' id='block_1_14' title="bbox 412 1285 1993 1361">
    <p class='ocr_par' dir='ltr' id='par_1_14' title="bbox 412 1285 1993 1361">
     <span class='ocr_line' id='line_1_14' title="bbox 412 1285 1993 1361; baseline -0.003 -14"><span class='ocrx_word' id='word_1_84' title='bbox 412 1292 607 1361; x_wconf 77' lang='grc' dir='ltr'>ὑμεῖς.</span> <span class='ocrx_word' id='word_1_85' title='bbox 633 1292 702 1344; x_wconf 76' lang='lat' dir='ltr'><strong><em>El</em></strong></span> <span class='ocrx_word' id='word_1_86' title='bbox 738 1285 855 1345; x_wconf 74' lang='grc' dir='ltr'>οὖν</span> <span class='ocrx_word' id='word_1_87' title='bbox 874 1287 1110 1359; x_wconf 80' lang='grc' dir='ltr'>μισεῒτέ</span> <span class='ocrx_word' id='word_1_88' title='bbox 1140 1305 1239 1358; x_wconf 81' lang='grc' dir='ltr'>με,</span> <span class='ocrx_word' id='word_1_89' title='bbox 1280 1288 1376 1343; x_wconf 70' lang='grc' dir='ltr'>καὶ</span> <span class='ocrx_word' id='word_1_90' title='bbox 1412 1289 1794 1343; x_wconf 76' lang='grc' dir='ltr'>ἀποκτείνειν</span> <span class='ocrx_word' id='word_1_91' title='bbox 1822 1289 1993 1343; x_wconf 75' lang='grc' dir='ltr'>θέλε-</span> 
     </span>
    </p>
   </div>
   <div class='ocr_carea' id='block_1_15' title="bbox 411 1377 1992 1456">
    <p class='ocr_par' dir='ltr' id='par_1_15' title="bbox 411 1377 1992 1456">
     <span class='ocr_line' id='line_1_15' title="bbox 411 1377 1992 1456; baseline -0.003 -21"><span class='ocrx_word' id='word_1_92' title='bbox 411 1398 499 1446; x_wconf 85' lang='grc' dir='ltr'>τε,</span> <span class='ocrx_word' id='word_1_93' title='bbox 534 1381 899 1451; x_wconf 54' lang='lat' dir='ltr'><strong><em>persecare.</em></strong></span> <span class='ocrx_word' id='word_1_94' title='bbox 956 1380 1045 1446; x_wconf 78' lang='grc' dir='ltr'><strong>Ἐξ</strong></span> <span class='ocrx_word' id='word_1_95' title='bbox 1079 1380 1296 1433; x_wconf 85' lang='grc' dir='ltr'>ἐκείνου</span> <span class='ocrx_word' id='word_1_96' title='bbox 1335 1378 1390 1431; x_wconf 87' lang='grc' dir='ltr'>δέ</span> <span class='ocrx_word' id='word_1_97' title='bbox 1424 1379 1703 1450; x_wconf 73' lang='grc' dir='ltr'>μισεῖσθαι</span> <span class='ocrx_word' id='word_1_98' title='bbox 1737 1377 1992 1456; x_wconf 65' lang='grc' dir='ltr'>νομίσας,</span> 
     </span>
    </p>
   </div>
   <div class='ocr_carea' id='block_1_16' title="bbox 304 1466 1996 1543">
    <p class='ocr_par' dir='ltr' id='par_1_16' title="bbox 304 1466 1996 1543">
     <span class='ocr_line' id='line_1_16' title="bbox 304 1466 1996 1543; baseline -0.003 -15"><span class='ocrx_word' id='word_1_99' title='bbox 304 1466 311 1473; x_wconf 64' lang='grc'><em>’</em></span> <span class='ocrx_word' id='word_1_100' title='bbox 413 1474 508 1528; x_wconf 69' lang='grc' dir='ltr'>καὶ</span> <span class='ocrx_word' id='word_1_101' title='bbox 542 1472 804 1543; x_wconf 80' lang='grc' dir='ltr'>ἄχθεσθαι</span> <span class='ocrx_word' id='word_1_102' title='bbox 848 1474 964 1534; x_wconf 85' lang='grc' dir='ltr'>τοῖς</span> <span class='ocrx_word' id='word_1_103' title='bbox 1016 1471 1427 1541; x_wconf 83' lang='grc' dir='ltr'>πραττομένοις</span> <span class='ocrx_word' id='word_1_104' title='bbox 1481 1470 1746 1534; x_wconf 78' lang='grc' dir='ltr'>ἐκείνους,</span> <span class='ocrx_word' id='word_1_105' title='bbox 1801 1471 1996 1524; x_wconf 80' lang='grc' dir='ltr'>ὑπώπ-</span> 
     </span>
    </p>
   </div>
   <div class='ocr_carea' id='block_1_17' title="bbox 416 1561 1993 1634">
    <p class='ocr_par' dir='ltr' id='par_1_17' title="bbox 416 1561 1993 1634">
     <span class='ocr_line' id='line_1_17' title="bbox 416 1561 1993 1634; baseline -0.001 -17"><span class='ocrx_word' id='word_1_106' title='bbox 416 1582 543 1618; x_wconf 88' lang='grc' dir='ltr'>τευε</span> <span class='ocrx_word' id='word_1_107' title='bbox 595 1566 760 1634; x_wconf 75' lang='grc' dir='ltr'>σφᾶς,</span> <span class='ocrx_word' id='word_1_108' title='bbox 804 1566 899 1617; x_wconf 70' lang='grc' dir='ltr'>καὶ</span> <span class='ocrx_word' id='word_1_109' title='bbox 931 1564 1085 1633; x_wconf 78' lang='grc' dir='ltr'>ξίφος</span> <span class='ocrx_word' id='word_1_110' title='bbox 1120 1565 1222 1616; x_wconf 89' lang='grc' dir='ltr'>κάν</span> <span class='ocrx_word' id='word_1_111' title='bbox 1275 1565 1342 1632; x_wconf 82' lang='grc' dir='ltr'>τῇ</span> <span class='ocrx_word' id='word_1_112' title='bbox 1366 1562 1522 1615; x_wconf 86' lang='grc' dir='ltr'>πόλει</span> <span class='ocrx_word' id='word_1_113' title='bbox 1581 1561 1993 1632; x_wconf 79' lang='grc' dir='ltr'>παρεζὼννυτο,</span> 
     </span>
    </p>
   </div>
   <div class='ocr_carea' id='block_1_18' title="bbox 415 1652 1998 1724">
    <p class='ocr_par' dir='ltr' id='par_1_18' title="bbox 415 1652 1998 1724">
     <span class='ocr_line' id='line_1_18' title="bbox 415 1652 1998 1724; baseline -0.006 -13"><span class='ocrx_word' id='word_1_114' title='bbox 415 1658 514 1711; x_wconf 77' lang='grc' dir='ltr'>καὶ</span> <span class='ocrx_word' id='word_1_115' title='bbox 552 1654 883 1708; x_wconf 74' lang='grc' dir='ltr'>συνέϐαλλεν</span> <span class='ocrx_word' id='word_1_116' title='bbox 912 1655 1111 1717; x_wconf 78' lang='grc' dir='ltr'>αὐτοὺς</span> <span class='ocrx_word' id='word_1_117' title='bbox 1144 1653 1420 1724; x_wconf 83' lang='grc' dir='ltr'>ἀλλήλοις,</span> <span class='ocrx_word' id='word_1_118' title='bbox 1457 1652 1606 1716; x_wconf 81' lang='grc' dir='ltr'>ὅπως</span> <span class='ocrx_word' id='word_1_119' title='bbox 1657 1652 1733 1722; x_wconf 83' lang='grc' dir='ltr'>μὴ</span> <span class='ocrx_word' id='word_1_120' title='bbox 1770 1669 1998 1722; x_wconf 80' lang='grc' dir='ltr'>συμφω-</span> 
     </span>
    </p>
   </div>
   <div class='ocr_carea' id='block_1_19' title="bbox 415 1743 1996 1818">
    <p class='ocr_par' dir='ltr' id='par_1_19' title="bbox 415 1743 1996 1818">
     <span class='ocr_line' id='line_1_19' title="bbox 415 1743 1996 1818; baseline -0.003 -16"><span class='ocrx_word' id='word_1_121' title='bbox 415 1749 551 1802; x_wconf 86' lang='grc' dir='ltr'>νῶσι</span> <span class='ocrx_word' id='word_1_122' title='bbox 579 1747 725 1800; x_wconf 86' lang='grc' dir='ltr'>κατά</span> <span class='ocrx_word' id='word_1_123' title='bbox 755 1748 925 1818; x_wconf 81' lang='grc' dir='ltr'>μόνας</span> <span class='ocrx_word' id='word_1_124' title='bbox 958 1746 1179 1816; x_wconf 77' lang='grc' dir='ltr'>ἑκάστῳ</span> <span class='ocrx_word' id='word_1_125' title='bbox 1207 1746 1284 1809; x_wconf 83' lang='grc' dir='ltr'>ὡς</span> <span class='ocrx_word' id='word_1_126' title='bbox 1313 1743 1631 1815; x_wconf 79' lang='grc' dir='ltr'>πιστοτάτῳ</span> <span class='ocrx_word' id='word_1_127' title='bbox 1666 1744 1996 1814; x_wconf 85' lang='grc' dir='ltr'>διαλεγόμε-</span> 
     </span>
    </p>
   </div>
   <div class='ocr_carea' id='block_1_20' title="bbox 2096 567 3667 643">
    <p class='ocr_par' dir='ltr' id='par_1_20' title="bbox 2096 567 3667 643">
     <span class='ocr_line' id='line_1_20' title="bbox 2096 567 3667 643; baseline 0.008 -24"><span class='ocrx_word' id='word_1_128' title='bbox 2096 567 2219 621; x_wconf 81' lang='lat' dir='ltr'><strong><em>dere</em></strong></span> <span class='ocrx_word' id='word_1_129' title='bbox 2269 567 2453 632; x_wconf 79' lang='lat' dir='ltr'><strong><em>vultis,</em></strong></span> <span class='ocrx_word' id='word_1_130' title='bbox 2511 570 2726 624; x_wconf 73' lang='lat' dir='ltr'>occidite</span> <span class='ocrx_word' id='word_1_131' title='bbox 2798 570 2882 625; x_wconf 83' lang='lat' dir='ltr'>A’b</span> <span class='ocrx_word' id='word_1_132' title='bbox 2924 585 2992 626; x_wconf 88' lang='lat' dir='ltr'>eo</span> <span class='ocrx_word' id='word_1_133' title='bbox 3038 581 3282 643; x_wconf 83' lang='lat' dir='ltr'><strong><em>tempore</em></strong></span> <span class='ocrx_word' id='word_1_134' title='bbox 3318 590 3377 631; x_wconf 89' lang='lat' dir='ltr'>se</span> <span class='ocrx_word' id='word_1_135' title='bbox 3428 575 3667 631; x_wconf 82' lang='lat' dir='ltr'><strong><em>invisum</em></strong></span> 
     </span>
    </p>
   </div>
   <div class='ocr_carea' id='block_1_21' title="bbox 2098 655 3667 736">
    <p class='ocr_par' dir='ltr' id='par_1_21' title="bbox 2098 655 3667 736">
     <span class='ocr_line' id='line_1_21' title="bbox 2098 655 3667 736; baseline 0.006 -26"><span class='ocrx_word' id='word_1_136' title='bbox 2098 658 2205 712; x_wconf 85' lang='lat' dir='ltr'><strong><em>illis</em></strong></span> <span class='ocrx_word' id='word_1_137' title='bbox 2236 658 2375 713; x_wconf 80' lang='lat' dir='ltr'><strong><em>facta</em></strong></span> <span class='ocrx_word' id='word_1_138' title='bbox 2414 655 2512 714; x_wconf 85' lang='lat' dir='ltr'>sua</span> <span class='ocrx_word' id='word_1_139' title='bbox 2544 676 2686 730; x_wconf 68' lang='lat' dir='ltr'><strong><em>aegre</em></strong></span> <span class='ocrx_word' id='word_1_140' title='bbox 2714 660 3022 717; x_wconf 80' lang='lat' dir='ltr'><strong><em>ferentibus</em></strong></span> <span class='ocrx_word' id='word_1_141' title='bbox 3054 678 3175 720; x_wconf 86' lang='lat' dir='ltr'><strong><em>esse</em></strong></span> <span class='ocrx_word' id='word_1_142' title='bbox 3207 674 3360 720; x_wconf 89' lang='lat' dir='ltr'><strong><em>ratus</em></strong></span> <span class='ocrx_word' id='word_1_143' title='bbox 3382 706 3397 730; x_wconf 93' lang='lat'>,</span> <span class='ocrx_word' id='word_1_144' title='bbox 3426 666 3667 736; x_wconf 76' lang='lat' dir='ltr'>gladium</span> 
     </span>
    </p>
   </div>
   <div class='ocr_carea' id='block_1_22' title="bbox 2095 750 3670 828">
    <p class='ocr_par' dir='ltr' id='par_1_22' title="bbox 2095 750 3670 828">
     <span class='ocr_line' id='line_1_22' title="bbox 2095 750 3670 828; baseline 0.005 -23"><span class='ocrx_word' id='word_1_145' title='bbox 2095 750 2261 805; x_wconf 89' lang='lat' dir='ltr'><strong><em>etiam</em></strong></span> <span class='ocrx_word' id='word_1_146' title='bbox 2290 752 2343 806; x_wconf 91' lang='lat' dir='ltr'><strong><em>in</em></strong></span> <span class='ocrx_word' id='word_1_147' title='bbox 2374 752 2507 806; x_wconf 90' lang='lat' dir='ltr'><strong><em>urbe</em></strong></span> <span class='ocrx_word' id='word_1_148' title='bbox 2535 754 2789 825; x_wconf 82' lang='lat' dir='ltr'><strong><em>gestavit,</em></strong></span> <span class='ocrx_word' id='word_1_149' title='bbox 2850 765 2908 810; x_wconf 89' lang='lat' dir='ltr'>et</span> <span class='ocrx_word' id='word_1_150' title='bbox 2930 755 3186 811; x_wconf 86' lang='lat' dir='ltr'>homines</span> <span class='ocrx_word' id='word_1_151' title='bbox 3209 766 3494 828; x_wconf 84' lang='lat' dir='ltr'><strong><em>suspectos</em></strong></span> <span class='ocrx_word' id='word_1_152' title='bbox 3526 758 3670 813; x_wconf 87' lang='lat' dir='ltr'><strong><em>inter</em></strong></span> 
     </span>
    </p>
   </div>
   <div class='ocr_carea' id='block_1_23' title="bbox 2096 843 3671 920">
    <p class='ocr_par' dir='ltr' id='par_1_23' title="bbox 2096 843 3671 920">
     <span class='ocr_line' id='line_1_23' title="bbox 2096 843 3671 920; baseline 0.006 -25"><span class='ocrx_word' id='word_1_153' title='bbox 2096 856 2154 895; x_wconf 86' lang='lat' dir='ltr'>se</span> <span class='ocrx_word' id='word_1_154' title='bbox 2206 843 2523 909; x_wconf 85' lang='lat' dir='ltr'><strong><em>commisit,</em></strong></span> <span class='ocrx_word' id='word_1_155' title='bbox 2573 861 2643 900; x_wconf 86' lang='lat' dir='ltr'>ne</span> <span class='ocrx_word' id='word_1_156' title='bbox 2691 847 3105 913; x_wconf 86' lang='lat' dir='ltr'><strong><em>consentirent,</em></strong></span> <span class='ocrx_word' id='word_1_157' title='bbox 3156 863 3283 903; x_wconf 90' lang='lat' dir='ltr'>eum</span> <span class='ocrx_word' id='word_1_158' title='bbox 3338 864 3671 920; x_wconf 88' lang='lat' dir='ltr'><strong><em>unoquoque</em></strong></span> 
     </span>
    </p>
   </div>
   <div class='ocr_carea' id='block_1_24' title="bbox 2098 937 3673 1011">
    <p class='ocr_par' dir='ltr' id='par_1_24' title="bbox 2098 937 3673 1011">
     <span class='ocr_line' id='line_1_24' title="bbox 2098 937 3673 1011; baseline 0.007 -25"><span class='ocrx_word' id='word_1_159' title='bbox 2098 943 2356 1004; x_wconf 85' lang='lat' dir='ltr'><strong><em>tanquam</em></strong></span> <span class='ocrx_word' id='word_1_160' title='bbox 2409 937 2676 992; x_wconf 83' lang='lat' dir='ltr'><strong><em>ﬁdissimo</em></strong></span> <span class='ocrx_word' id='word_1_161' title='bbox 2732 939 2799 993; x_wconf 92' lang='lat' dir='ltr'>de</span> <span class='ocrx_word' id='word_1_162' title='bbox 2844 941 3057 997; x_wconf 55' lang='lat' dir='ltr'><strong><em>caeteris</em></strong></span> <span class='ocrx_word' id='word_1_163' title='bbox 3107 942 3447 1011; x_wconf 81' lang='lat' dir='ltr'><strong><em>colloquens,</em></strong></span> <span class='ocrx_word' id='word_1_164' title='bbox 3497 942 3673 998; x_wconf 85' lang='lat' dir='ltr'><strong><em>donec</em></strong></span> 
     </span>
    </p>
   </div>
   <div class='ocr_carea' id='block_1_25' title="bbox 2095 1022 3672 1094">
    <p class='ocr_par' dir='ltr' id='par_1_25' title="bbox 2095 1022 3672 1094">
     <span class='ocr_line' id='line_1_25' title="bbox 2095 1022 3672 1094; baseline 0.004 -20"><span class='ocrx_word' id='word_1_165' title='bbox 2095 1022 2215 1091; x_wconf 76' lang='lat' dir='ltr'><strong><em>ejus</em></strong></span> <span class='ocrx_word' id='word_1_166' title='bbox 2245 1023 2480 1077; x_wconf 88' lang='lat' dir='ltr'><strong><em>consilio</em></strong></span> <span class='ocrx_word' id='word_1_167' title='bbox 2509 1035 2818 1094; x_wconf 87' lang='lat' dir='ltr'><strong><em>perspecto,</em></strong></span> <span class='ocrx_word' id='word_1_168' title='bbox 2843 1041 2971 1081; x_wconf 88' lang='lat' dir='ltr'>eum</span> <span class='ocrx_word' id='word_1_169' title='bbox 3022 1027 3442 1083; x_wconf 78' lang='lat' dir='ltr'>insidiatoribus</span> <span class='ocrx_word' id='word_1_170' title='bbox 3469 1030 3672 1083; x_wconf 84' lang='lat' dir='ltr'><strong><em>condo-</em></strong></span> 
     </span>
    </p>
   </div>
   <div class='ocr_carea' id='block_1_26' title="bbox 2098 1110 3653 1185">
    <p class='ocr_par' dir='ltr' id='par_1_26' title="bbox 2098 1110 3653 1185">
     <span class='ocr_line' id='line_1_26' title="bbox 2098 1110 3653 1185; baseline 0.007 -24"><span class='ocrx_word' id='word_1_171' title='bbox 2098 1118 2320 1164; x_wconf 78' lang='lat' dir='ltr'><strong><em>narunt.</em></strong></span> <span class='ocrx_word' id='word_1_172' title='bbox 2352 1110 2495 1166; x_wconf 85' lang='lat' dir='ltr'><strong><em>Cum</em></strong></span> <span class='ocrx_word' id='word_1_173' title='bbox 2530 1123 2815 1168; x_wconf 73' lang='lat' dir='ltr'>senatores</span> <span class='ocrx_word' id='word_1_174' title='bbox 2837 1113 2909 1168; x_wconf 92' lang='lat' dir='ltr'>ob</span> <span class='ocrx_word' id='word_1_175' title='bbox 2953 1117 3219 1185; x_wconf 89' lang='lat' dir='ltr'><strong><em>quosdam</em></strong></span> <span class='ocrx_word' id='word_1_176' title='bbox 3265 1131 3373 1170; x_wconf 91' lang='lat' dir='ltr'><strong><em>non</em></strong></span> <span class='ocrx_word' id='word_1_177' title='bbox 3419 1117 3653 1172; x_wconf 89' lang='lat' dir='ltr'><strong><em>condem</em></strong></span> 
     </span>
    </p>
   </div>
   <div class='ocr_carea' id='block_1_27' title="bbox 2095 1202 3660 1278">
    <p class='ocr_par' dir='ltr' id='par_1_27' title="bbox 2095 1202 3660 1278">
     <span class='ocr_line' id='line_1_27' title="bbox 2095 1202 3660 1278; baseline 0.006 -24"><span class='ocrx_word' id='word_1_178' title='bbox 2095 1210 2256 1256; x_wconf 90' lang='lat' dir='ltr'><strong><em>natos</em></strong></span> <span class='ocrx_word' id='word_1_179' title='bbox 2285 1202 2339 1256; x_wconf 90' lang='lat' dir='ltr'>in</span> <span class='ocrx_word' id='word_1_180' title='bbox 2368 1211 2516 1257; x_wconf 91' lang='lat' dir='ltr'><strong><em>metu</em></strong></span> <span class='ocrx_word' id='word_1_181' title='bbox 2542 1213 2749 1270; x_wconf 78' lang='lat' dir='ltr'>essent,</span> <span class='ocrx_word' id='word_1_182' title='bbox 2802 1206 3139 1277; x_wconf 82' lang='lat' dir='ltr'><strong><em>Protogenes</em></strong></span> <span class='ocrx_word' id='word_1_183' title='bbox 3170 1207 3418 1278; x_wconf 90' lang='lat' dir='ltr'><strong><em>quidam.</em></strong></span> <span class='ocrx_word' id='word_1_184' title='bbox 3442 1209 3660 1265; x_wconf 63' lang='lat' dir='ltr'><strong><em>saevissi-</em></strong></span> 
     </span>
    </p>
   </div>
   <div class='ocr_carea' id='block_1_28' title="bbox 2098 1292 3674 1359">
    <p class='ocr_par' dir='ltr' id='par_1_28' title="bbox 2098 1292 3674 1359">
     <span class='ocr_line' id='line_1_28' title="bbox 2098 1292 3674 1359; baseline 0.006 -14"><span class='ocrx_word' id='word_1_185' title='bbox 2098 1306 2312 1346; x_wconf 84' lang='lat' dir='ltr'><strong><em>morum</em></strong></span> <span class='ocrx_word' id='word_1_186' title='bbox 2358 1292 2474 1348; x_wconf 89' lang='lat' dir='ltr'><strong><em>Caii</em></strong></span> <span class='ocrx_word' id='word_1_187' title='bbox 2504 1295 2885 1350; x_wconf 78' lang='lat' dir='ltr'><strong>mandatorum</strong></span> <span class='ocrx_word' id='word_1_188' title='bbox 2927 1297 3215 1359; x_wconf 83' lang='lat' dir='ltr'><strong><em>minister.</em></strong></span> <span class='ocrx_word' id='word_1_189' title='bbox 3263 1298 3404 1354; x_wconf 91' lang='lat' dir='ltr'><strong><em>duos</em></strong></span> <span class='ocrx_word' id='word_1_190' title='bbox 3433 1300 3674 1355; x_wconf 54' lang='lat' dir='ltr'><strong><em>circum.</em></strong></span> 
     </span>
    </p>
   </div>
   <div class='ocr_carea' id='block_1_29' title="bbox 2098 1383 3673 1461">
    <p class='ocr_par' dir='ltr' id='par_1_29' title="bbox 2098 1383 3673 1461">
     <span class='ocr_line' id='line_1_29' title="bbox 2098 1383 3673 1461; baseline 0.006 -23"><span class='ocrx_word' id='word_1_191' title='bbox 2098 1383 2243 1439; x_wconf 87' lang='lat' dir='ltr'><strong><em>ferre</em></strong></span> <span class='ocrx_word' id='word_1_192' title='bbox 2302 1386 2516 1442; x_wconf 84' lang='lat' dir='ltr'><strong><em>libellos</em></strong></span> <span class='ocrx_word' id='word_1_193' title='bbox 2571 1387 2808 1453; x_wconf 91' lang='lat' dir='ltr'><strong><em>solitus,</em></strong></span> <span class='ocrx_word' id='word_1_194' title='bbox 2866 1404 3103 1458; x_wconf 87' lang='lat' dir='ltr'><strong><em>quorum</em></strong></span> <span class='ocrx_word' id='word_1_195' title='bbox 3153 1391 3391 1447; x_wconf 88' lang='lat' dir='ltr'><strong><em>alterum</em></strong></span> <span class='ocrx_word' id='word_1_196' title='bbox 3444 1407 3673 1461; x_wconf 85' lang='lat' dir='ltr'><strong><em>ensem,</em></strong></span> 
     </span>
    </p>
   </div>
   <div class='ocr_carea' id='block_1_30' title="bbox 2096 1477 3671 1554">
    <p class='ocr_par' dir='ltr' id='par_1_30' title="bbox 2096 1477 3671 1554">
     <span class='ocr_line' id='line_1_30' title="bbox 2096 1477 3671 1554; baseline 0.006 -24"><span class='ocrx_word' id='word_1_197' title='bbox 2096 1477 2331 1532; x_wconf 86' lang='lat' dir='ltr'><strong><em>alterum</em></strong></span> <span class='ocrx_word' id='word_1_198' title='bbox 2383 1479 2677 1549; x_wconf 85' lang='lat' dir='ltr'><strong><em>pugionem</em></strong></span> <span class='ocrx_word' id='word_1_199' title='bbox 2730 1480 3000 1548; x_wconf 83' lang='lat' dir='ltr'><strong><em>vocabat,</em></strong></span> <span class='ocrx_word' id='word_1_200' title='bbox 3047 1483 3263 1537; x_wconf 86' lang='lat' dir='ltr'><strong><em>curiam</em></strong></span> <span class='ocrx_word' id='word_1_201' title='bbox 3331 1483 3610 1554; x_wconf 87' lang='lat' dir='ltr'><strong><em>ingressus</em></strong></span> <span class='ocrx_word' id='word_1_202' title='bbox 3655 1504 3671 1539; x_wconf 91' lang='lat'>:</span> 
     </span>
    </p>
   </div>
   <div class='ocr_carea' id='block_1_31' title="bbox 2095 1568 3673 1643">
    <p class='ocr_par' dir='ltr' id='par_1_31' title="bbox 2095 1568 3673 1643">
     <span class='ocr_line' id='line_1_31' title="bbox 2095 1568 3673 1643; baseline 0.008 -25"><span class='ocrx_word' id='word_1_203' title='bbox 2095 1578 2221 1619; x_wconf 91' lang='lat' dir='ltr'>eum</span> <span class='ocrx_word' id='word_1_204' title='bbox 2256 1581 2447 1621; x_wconf 91' lang='lat' dir='ltr'><strong><em>omnes</em></strong></span> <span class='ocrx_word' id='word_1_205' title='bbox 2470 1568 2521 1623; x_wconf 93' lang='lat' dir='ltr'>ei</span> <span class='ocrx_word' id='word_1_206' title='bbox 2557 1569 2809 1624; x_wconf 81' lang='lat' dir='ltr'>dexteras</span> <span class='ocrx_word' id='word_1_207' title='bbox 2842 1571 3215 1643; x_wconf 82' lang='lat' dir='ltr'><strong><em>porrigerent,</em></strong></span> <span class='ocrx_word' id='word_1_208' title='bbox 3243 1573 3478 1640; x_wconf 77' lang='lat' dir='ltr'><strong><em>scilicet,</em></strong></span> <span class='ocrx_word' id='word_1_209' title='bbox 3518 1585 3673 1631; x_wconf 87' lang='lat' dir='ltr'><strong><em>torvo</em></strong></span> 
     </span>
    </p>
   </div>
   <div class='ocr_carea' id='block_1_32' title="bbox 2097 1657 3669 1733">
    <p class='ocr_par' dir='ltr' id='par_1_32' title="bbox 2097 1657 3669 1733">
     <span class='ocr_line' id='line_1_32' title="bbox 2097 1657 3669 1733; baseline 0.008 -24"><span class='ocrx_word' id='word_1_210' title='bbox 2097 1657 2251 1711; x_wconf 88' lang='lat' dir='ltr'><strong><em>vultu</em></strong></span> <span class='ocrx_word' id='word_1_211' title='bbox 2284 1658 2632 1713; x_wconf 87' lang='lat' dir='ltr'><strong><em>Scribonium</em></strong></span> <span class='ocrx_word' id='word_1_212' title='bbox 2668 1660 2833 1733; x_wconf 77' lang='lat'>558</span> <span class='ocrx_word' id='word_1_213' title='bbox 2877 1664 3131 1719; x_wconf 85' lang='lat' dir='ltr'><strong><em>Proclum</em></strong></span> <span class='ocrx_word' id='word_1_214' title='bbox 3182 1665 3419 1721; x_wconf 88' lang='lat' dir='ltr'><strong><em>intuitus</em></strong></span> <span class='ocrx_word' id='word_1_215' title='bbox 3454 1683 3468 1721; x_wconf 91' lang='lat'><strong>:</strong></span> <span class='ocrx_word' id='word_1_216' title='bbox 3502 1666 3570 1722; x_wconf 86' lang='lat' dir='ltr'><strong><em>Et</em></strong></span> <span class='ocrx_word' id='word_1_217' title='bbox 3614 1677 3669 1723; x_wconf 91' lang='lat' dir='ltr'>tu</span> 
     </span>
    </p>
   </div>
   <div class='ocr_carea' id='block_1_33' title="bbox 2098 1747 3672 1823">
    <p class='ocr_par' dir='ltr' id='par_1_33' title="bbox 2098 1747 3672 1823">
     <span class='ocr_line' id='line_1_33' title="bbox 2098 1747 3672 1823; baseline 0.006 -23"><span class='ocrx_word' id='word_1_218' title='bbox 2098 1761 2207 1810; x_wconf 88' lang='lat' dir='ltr'>me,</span> <span class='ocrx_word' id='word_1_219' title='bbox 2242 1747 2442 1816; x_wconf 87' lang='lat' dir='ltr'><strong><em>inquit,</em></strong></span> <span class='ocrx_word' id='word_1_220' title='bbox 2473 1749 2718 1804; x_wconf 76' lang='lat' dir='ltr'><strong><em>salutare</em></strong></span> <span class='ocrx_word' id='word_1_221' title='bbox 2748 1751 2941 1817; x_wconf 81' lang='lat' dir='ltr'><strong><em>audes,</em></strong></span> <span class='ocrx_word' id='word_1_222' title='bbox 2973 1753 3292 1823; x_wconf 84' lang='lat' dir='ltr'><strong><em>imperatori</em></strong></span> <span class='ocrx_word' id='word_1_223' title='bbox 3327 1765 3434 1811; x_wconf 88' lang='lat' dir='ltr'>tam</span> <span class='ocrx_word' id='word_1_224' title='bbox 3487 1754 3672 1810; x_wconf 79' lang='lat' dir='ltr'><strong><em>infen-</em></strong></span> 
     </span>
    </p>
   </div>
   <div class='ocr_carea' id='block_1_34' title="bbox 414 1808 1984 1921">
    <p class='ocr_par' dir='ltr' id='par_1_34' title="bbox 414 1808 1984 1921">
     <span class='ocr_line' id='line_1_34' title="bbox 414 1808 1984 1921; baseline -0.003 -28"><span class='ocrx_word' id='word_1_225' title='bbox 414 1858 508 1904; x_wconf 88' lang='grc' dir='ltr'>νος</span> <span class='ocrx_word' id='word_1_226' title='bbox 540 1840 670 1909; x_wconf 74' lang='grc' dir='ltr'>περὶ</span> <span class='ocrx_word' id='word_1_227' title='bbox 715 1808 826 1909; x_wconf 75' lang='grc' dir='ltr'>τῶν</span> <span class='ocrx_word' id='word_1_228' title='bbox 858 1808 1083 1903; x_wconf 80' lang='grc' dir='ltr'>λοιπῶν,</span> <span class='ocrx_word' id='word_1_229' title='bbox 1120 1808 1315 1909; x_wconf 71' lang='grc' dir='ltr'>μέχρις</span> <span class='ocrx_word' id='word_1_230' title='bbox 1355 1830 1442 1901; x_wconf 76' lang='grc' dir='ltr'>οὗ,</span> <span class='ocrx_word' id='word_1_231' title='bbox 1482 1808 1741 1921; x_wconf 84' lang='grc' dir='ltr'>συνέντες</span> <span class='ocrx_word' id='word_1_232' title='bbox 1773 1808 1846 1889; x_wconf 34' lang='grc' dir='ltr'>τὸ-</span> <span class='ocrx_word' id='word_1_233' title='bbox 1869 1808 1984 1889; x_wconf 70' lang='grc' dir='ltr'>ἐπι·</span> 
     </span>
    </p>
   </div>
   <div class='ocr_carea' id='block_1_35' title="bbox 2090 1808 3671 1921">
    <p class='ocr_par' dir='ltr' id='par_1_35' title="bbox 2097 1837 3671 1904">
     <span class='ocr_line' id='line_1_35' title="bbox 2097 1837 3671 1904; baseline 0.003 -10"><span class='ocrx_word' id='word_1_234' title='bbox 2097 1837 2228 1894; x_wconf 88' lang='lat' dir='ltr'><strong><em>sus?</em></strong></span> <span class='ocrx_word' id='word_1_235' title='bbox 2258 1837 2379 1904; x_wconf 84' lang='lat' dir='ltr'>Quo</span> <span class='ocrx_word' id='word_1_236' title='bbox 2412 1839 2591 1893; x_wconf 77' lang='lat' dir='ltr'><strong><em>ezeteri</em></strong></span> <span class='ocrx_word' id='word_1_237' title='bbox 2637 1840 2828 1895; x_wconf 86' lang='lat' dir='ltr'><strong><em>audito</em></strong></span> <span class='ocrx_word' id='word_1_238' title='bbox 2890 1853 3205 1898; x_wconf 85' lang='lat' dir='ltr'><strong><em>senatorem</em></strong></span> <span class='ocrx_word' id='word_1_239' title='bbox 3253 1843 3410 1898; x_wconf 90' lang='lat' dir='ltr'><strong><em>illum</em></strong></span> <span class='ocrx_word' id='word_1_240' title='bbox 3455 1844 3671 1899; x_wconf 86' lang='lat' dir='ltr'><strong><em>discer-</em></strong></span> 
     </span>
    </p>
   </div>
   <div class='ocr_carea' id='block_1_36' title="bbox 414 1927 1984 2003">
    <p class='ocr_par' dir='ltr' id='par_1_36' title="bbox 414 1927 1984 2003">
     <span class='ocr_line' id='line_1_36' title="bbox 414 1927 1984 2003; baseline -0.002 -18"><span class='ocrx_word' id='word_1_241' title='bbox 414 1932 662 2003; x_wconf 80' lang='grc' dir='ltr'>χείρημα</span> <span class='ocrx_word' id='word_1_242' title='bbox 717 1933 1032 2003; x_wconf 82' lang='grc' dir='ltr'>προήκαντο</span> <span class='ocrx_word' id='word_1_243' title='bbox 1059 1929 1222 1983; x_wconf 81' lang='grc' dir='ltr'>αὑτὸν</span> <span class='ocrx_word' id='word_1_244' title='bbox 1253 1931 1366 1993; x_wconf 78' lang='grc' dir='ltr'>τοῖς</span> <span class='ocrx_word' id='word_1_245' title='bbox 1398 1927 1839 1983; x_wconf 79' lang='grc' dir='ltr'>ἐπιϐουλεύουσι.</span> <span class='ocrx_word' id='word_1_246' title='bbox 1869 1929 1984 1982; x_wconf 82' lang='grc' dir='ltr'>Τῶν</span> 
     </span>
    </p>
   </div>
   <div class='ocr_carea' id='block_1_37' title="bbox 2090 1927 3667 2003">
    <p class='ocr_par' dir='ltr' id='par_1_37' title="bbox 2099 1931 3667 2002">
     <span class='ocr_line' id='line_1_37' title="bbox 2099 1931 3667 2002; baseline 0.006 -16"><span class='ocrx_word' id='word_1_247' title='bbox 2099 1940 2352 2002; x_wconf 89' lang='lat' dir='ltr'><strong><em>pserunt.</em></strong></span> <span class='ocrx_word' id='word_1_248' title='bbox 2383 1931 2459 1988; x_wconf 87' lang='lat' dir='ltr'>Ea</span> <span class='ocrx_word' id='word_1_249' title='bbox 2489 1946 2550 1986; x_wconf 90' lang='lat' dir='ltr'><strong><em>re</em></strong></span> <span class='ocrx_word' id='word_1_250' title='bbox 2578 1931 2883 1989; x_wconf 84' lang='lat' dir='ltr'><strong><em>delectatus</em></strong></span> <span class='ocrx_word' id='word_1_251' title='bbox 2918 1933 3109 1999; x_wconf 78' lang='lat' dir='ltr'><strong><em>Caius,</em></strong></span> <span class='ocrx_word' id='word_1_252' title='bbox 3150 1950 3210 1991; x_wconf 86' lang='lat' dir='ltr'>se</span> <span class='ocrx_word' id='word_1_253' title='bbox 3257 1936 3667 1995; x_wconf 76' lang='lat' dir='ltr'><strong><em>reconciliatum</em></strong></span> 
     </span>
    </p>
   </div>
   <div class='ocr_carea' id='block_1_38' title="bbox 404 2021 1984 2095">
    <p class='ocr_par' dir='ltr' id='par_1_38' title="bbox 404 2021 1984 2095">
     <span class='ocr_line' id='line_1_38' title="bbox 404 2021 1984 2095; baseline -0.001 -18"><span class='ocrx_word' id='word_1_254' title='bbox 404 2025 466 2078; x_wconf 77' lang='grc' dir='ltr'>δὲ</span> <span class='ocrx_word' id='word_1_255' title='bbox 500 2025 824 2095; x_wconf 79' lang='grc' dir='ltr'>βουλευτῶν,</span> <span class='ocrx_word' id='word_1_256' title='bbox 858 2024 939 2077; x_wconf 83' lang='grc' dir='ltr'>ὅτι</span> <span class='ocrx_word' id='word_1_257' title='bbox 967 2025 1041 2094; x_wconf 83' lang='grc' dir='ltr'>μὴ</span> <span class='ocrx_word' id='word_1_258' title='bbox 1069 2021 1512 2093; x_wconf 75' lang='grc' dir='ltr'>κατεψηφίσαντο</span> <span class='ocrx_word' id='word_1_259' title='bbox 1545 2039 1728 2087; x_wconf 91' lang='grc' dir='ltr'>τινων,</span> <span class='ocrx_word' id='word_1_260' title='bbox 1757 2022 1984 2092; x_wconf 61' lang='grc' dir='ltr'>περιρό·</span> 
     </span>
    </p>
   </div>
   <div class='ocr_carea' id='block_1_39' title="bbox 2090 2021 2656 2095">
    <p class='ocr_par' dir='ltr' id='par_1_39' title="bbox 2098 2023 2656 2080">
     <span class='ocr_line' id='line_1_39' title="bbox 2098 2023 2656 2080; baseline 0 -1"><span class='ocrx_word' id='word_1_261' title='bbox 2098 2038 2223 2080; x_wconf 86' lang='lat' dir='ltr'><strong><em>esse</em></strong></span> <span class='ocrx_word' id='word_1_262' title='bbox 2251 2023 2468 2080; x_wconf 87' lang='lat' dir='ltr'><strong><em>senatui</em></strong></span> <span class='ocrx_word' id='word_1_263' title='bbox 2498 2023 2656 2079; x_wconf 77' lang='lat' dir='ltr'><strong><em>dixit.</em></strong></span> 
     </span>
    </p>
   </div>
   <div class='ocr_carea' id='block_1_40' title="bbox 411 2106 3669 2192">
    <p class='ocr_par' dir='ltr' id='par_1_40' title="bbox 411 2106 3669 2192">
     <span class='ocr_line' id='line_1_40' title="bbox 411 2106 3669 2192; baseline 0.003 -25"><span class='ocrx_word' id='word_1_264' title='bbox 411 2115 528 2169; x_wconf 76' lang='grc' dir='ltr'>ὕων</span> <span class='ocrx_word' id='word_1_265' title='bbox 593 2114 787 2181; x_wconf 77' lang='grc' dir='ltr'>ὄντων,</span> <span class='ocrx_word' id='word_1_266' title='bbox 821 2106 1183 2186; x_wconf 73' lang='grc' dir='ltr'>Πρωτογένης</span> <span class='ocrx_word' id='word_1_267' title='bbox 1213 2131 1300 2177; x_wconf 88' lang='grc' dir='ltr'>τις</span> <span class='ocrx_word' id='word_1_268' title='bbox 1329 2113 1468 2183; x_wconf 82' lang='grc' dir='ltr'>πρὸς</span> <span class='ocrx_word' id='word_1_269' title='bbox 1518 2111 1589 2167; x_wconf 87' lang='grc' dir='ltr'>τὰ</span> <span class='ocrx_word' id='word_1_270' title='bbox 1621 2113 1988 2184; x_wconf 78' lang='grc' dir='ltr'>χαλεπώτατα</span> <span class='ocrx_word' id='word_1_271' title='bbox 2027 2113 2106 2185; x_wconf 83' lang='grc' dir='ltr'>τῷ</span> <span class='ocrx_word' id='word_1_272' title='bbox 2169 2106 2318 2187; x_wconf 78' lang='grc' dir='ltr'>Γαΐῳ</span> <span class='ocrx_word' id='word_1_273' title='bbox 2383 2115 2696 2186; x_wconf 80' lang='grc' dir='ltr'>ὑπηρετῶν,</span> <span class='ocrx_word' id='word_1_274' title='bbox 2720 2116 2861 2172; x_wconf 79' lang='grc' dir='ltr'>ὥστε</span> <span class='ocrx_word' id='word_1_275' title='bbox 2887 2119 2980 2171; x_wconf 77' lang='grc' dir='ltr'>καὶ</span> <span class='ocrx_word' id='word_1_276' title='bbox 3003 2118 3186 2188; x_wconf 80' lang='grc' dir='ltr'>βιϐλία</span> <span class='ocrx_word' id='word_1_277' title='bbox 3217 2119 3309 2175; x_wconf 88' lang='grc' dir='ltr'>δύο</span> <span class='ocrx_word' id='word_1_278' title='bbox 3329 2122 3669 2192; x_wconf 83' lang='grc' dir='ltr'>περιφέρειν,</span> 
     </span>
    </p>
   </div>
   <div class='ocr_carea' id='block_1_41' title="bbox 410 2202 3675 2285">
    <p class='ocr_par' dir='ltr' id='par_1_41' title="bbox 410 2202 3675 2285">
     <span class='ocr_line' id='line_1_41' title="bbox 410 2202 3675 2285; baseline -0.001 -23"><span class='ocrx_word' id='word_1_279' title='bbox 410 2202 490 2262; x_wconf 74' lang='grc' dir='ltr'>ὦν</span> <span class='ocrx_word' id='word_1_280' title='bbox 523 2209 585 2261; x_wconf 82' lang='grc' dir='ltr'>τὸ</span> <span class='ocrx_word' id='word_1_281' title='bbox 630 2208 733 2280; x_wconf 78' lang='grc' dir='ltr'>μὲν</span> <span class='ocrx_word' id='word_1_282' title='bbox 766 2208 942 2278; x_wconf 73' lang='grc' dir='ltr'>ξίφος,</span> <span class='ocrx_word' id='word_1_283' title='bbox 965 2207 1026 2259; x_wconf 78' lang='grc' dir='ltr'>τὸ</span> <span class='ocrx_word' id='word_1_284' title='bbox 1055 2206 1101 2260; x_wconf 83' lang='grc' dir='ltr'>δ’</span> <span class='ocrx_word' id='word_1_285' title='bbox 1130 2206 1421 2277; x_wconf 78' lang='grc' dir='ltr'>ὠνόμαζεν</span> <span class='ocrx_word' id='word_1_286' title='bbox 1451 2205 1803 2278; x_wconf 85' lang='grc' dir='ltr'>ἐγχειρίδιον,</span> <span class='ocrx_word' id='word_1_287' title='bbox 1840 2205 2094 2276; x_wconf 73' lang='grc' dir='ltr'>εἰσῆλθεν</span> <span class='ocrx_word' id='word_1_288' title='bbox 2155 2209 2239 2272; x_wconf 80' lang='grc' dir='ltr'>είς</span> <span class='ocrx_word' id='word_1_289' title='bbox 2301 2209 2365 2263; x_wconf 80' lang='grc' dir='ltr'>τὸ</span> <span class='ocrx_word' id='word_1_290' title='bbox 2430 2208 2730 2275; x_wconf 78' lang='grc' dir='ltr'>συνέδριον,</span> <span class='ocrx_word' id='word_1_291' title='bbox 2769 2210 2862 2265; x_wconf 77' lang='grc' dir='ltr'>καὶ</span> <span class='ocrx_word' id='word_1_292' title='bbox 2918 2213 3137 2269; x_wconf 81' lang='grc' dir='ltr'>πάντων</span> <span class='ocrx_word' id='word_1_293' title='bbox 3164 2215 3526 2285; x_wconf 75' lang='grc' dir='ltr'>δεξιουμένων</span> <span class='ocrx_word' id='word_1_294' title='bbox 3572 2216 3675 2270; x_wconf 75' lang='grc' dir='ltr'>αὐ.</span> 
     </span>
    </p>
   </div>
   <div class='ocr_carea' id='block_1_42' title="bbox 412 2287 3673 2378">
    <p class='ocr_par' dir='ltr' id='par_1_42' title="bbox 412 2287 3673 2378">
     <span class='ocr_line' id='line_1_42' title="bbox 412 2287 3673 2378; baseline 0.002 -25"><span class='ocrx_word' id='word_1_295' title='bbox 412 2301 528 2365; x_wconf 81' lang='grc' dir='ltr'>τὸν,</span> <span class='ocrx_word' id='word_1_296' title='bbox 559 2294 649 2353; x_wconf 80' lang='grc' dir='ltr'>οἶα</span> <span class='ocrx_word' id='word_1_297' title='bbox 699 2299 870 2361; x_wconf 78' lang='grc' dir='ltr'>εἰκὸς,</span> <span class='ocrx_word' id='word_1_298' title='bbox 912 2295 1080 2367; x_wconf 84' lang='grc' dir='ltr'>δριμύ</span> <span class='ocrx_word' id='word_1_299' title='bbox 1149 2313 1204 2348; x_wconf 89' lang='grc' dir='ltr'>τι</span> <span class='ocrx_word' id='word_1_300' title='bbox 1275 2294 1651 2366; x_wconf 66' lang='grc' dir='ltr'>προσέῶεψεν</span> <span class='ocrx_word' id='word_1_301' title='bbox 1722 2297 1805 2349; x_wconf 72' lang='grc' dir='ltr'>ἐνὶ</span> <span class='ocrx_word' id='word_1_302' title='bbox 1869 2287 2190 2369; x_wconf 75' lang='grc' dir='ltr'>Σκριϐωνίῳ</span> <span class='ocrx_word' id='word_1_303' title='bbox 2247 2298 2500 2369; x_wconf 85' lang='grc' dir='ltr'>Πρόκλῳ,</span> <span class='ocrx_word' id='word_1_304' title='bbox 2568 2298 2763 2367; x_wconf 82' lang='grc' dir='ltr'>εἰπὼν,</span> <span class='ocrx_word' id='word_1_305' title='bbox 2809 2303 2918 2355; x_wconf 74' lang='grc' dir='ltr'>Καὶ</span> <span class='ocrx_word' id='word_1_306' title='bbox 2962 2304 3026 2355; x_wconf 88' lang='grc' dir='ltr'>σύ</span> <span class='ocrx_word' id='word_1_307' title='bbox 3085 2321 3153 2373; x_wconf 84' lang='grc' dir='ltr'>με</span> <span class='ocrx_word' id='word_1_308' title='bbox 3207 2307 3453 2378; x_wconf 79' lang='grc' dir='ltr'>ἀσπάζῃ,</span> <span class='ocrx_word' id='word_1_309' title='bbox 3497 2309 3673 2377; x_wconf 86' lang='grc' dir='ltr'>μισῶν</span> 
     </span>
    </p>
   </div>
   <div class='ocr_carea' id='block_1_43' title="bbox 407 2388 3674 2472">
    <p class='ocr_par' dir='ltr' id='par_1_43' title="bbox 407 2388 3674 2472">
     <span class='ocr_line' id='line_1_43' title="bbox 407 2388 3674 2472; baseline 0.002 -22"><span class='ocrx_word' id='word_1_310' title='bbox 407 2396 556 2450; x_wconf 81' lang='grc' dir='ltr'>οὕτω</span> <span class='ocrx_word' id='word_1_311' title='bbox 604 2392 694 2446; x_wconf 88' lang='grc' dir='ltr'>τδν</span> <span class='ocrx_word' id='word_1_312' title='bbox 730 2392 1157 2461; x_wconf 69' lang='grc' dir='ltr'>αὐτοκράτορας</span> <span class='ocrx_word' id='word_1_313' title='bbox 1224 2388 1593 2454; x_wconf 80' lang='grc' dir='ltr'>’Δκούσαντες</span> <span class='ocrx_word' id='word_1_314' title='bbox 1662 2390 1720 2444; x_wconf 79' lang='grc' dir='ltr'>δὲ</span> <span class='ocrx_word' id='word_1_315' title='bbox 1785 2389 1962 2443; x_wconf 77' lang='grc' dir='ltr'>ταῦτα</span> <span class='ocrx_word' id='word_1_316' title='bbox 2004 2392 2055 2444; x_wconf 78' lang='lat' dir='ltr'>oi</span> <span class='ocrx_word' id='word_1_317' title='bbox 2095 2392 2365 2461; x_wconf 85' lang='grc' dir='ltr'>παρόντες</span> <span class='ocrx_word' id='word_1_318' title='bbox 2390 2396 2681 2465; x_wconf 78' lang='grc' dir='ltr'>περιέσχον</span> <span class='ocrx_word' id='word_1_319' title='bbox 2713 2397 2805 2450; x_wconf 83' lang='grc' dir='ltr'>τὸν</span> <span class='ocrx_word' id='word_1_320' title='bbox 2844 2397 3255 2472; x_wconf 75' lang='grc' dir='ltr'>συμϐουλευτὴν</span> <span class='ocrx_word' id='word_1_321' title='bbox 3305 2404 3400 2455; x_wconf 78' lang='grc' dir='ltr'>καὶ</span> <span class='ocrx_word' id='word_1_322' title='bbox 3444 2402 3674 2458; x_wconf 79' lang='grc' dir='ltr'>διέσπα-</span> 
     </span>
    </p>
   </div>
   <div class='ocr_carea' id='block_1_44' title="bbox 413 2477 2234 2557">
    <p class='ocr_par' dir='ltr' id='par_1_44' title="bbox 413 2477 2234 2557">
     <span class='ocr_line' id='line_1_44' title="bbox 413 2477 2234 2557; baseline 0.004 -27"><span class='ocrx_word' id='word_1_323' title='bbox 413 2502 535 2547; x_wconf 70' lang='grc' dir='ltr'>σανα</span> <span class='ocrx_word' id='word_1_324' title='bbox 565 2486 648 2557; x_wconf 65' lang='grc' dir='ltr'>ἐφ’</span> <span class='ocrx_word' id='word_1_325' title='bbox 676 2477 830 2555; x_wconf 76' lang='grc' dir='ltr'>ᾧπερ</span> <span class='ocrx_word' id='word_1_326' title='bbox 860 2483 1004 2554; x_wconf 77' lang='grc' dir='ltr'>ἥσθη</span> <span class='ocrx_word' id='word_1_327' title='bbox 1029 2483 1057 2534; x_wconf 86' lang='grc' dir='ltr'>ὁ</span> <span class='ocrx_word' id='word_1_328' title='bbox 1091 2482 1280 2549; x_wconf 79' lang='grc' dir='ltr'>Γάϊος,</span> <span class='ocrx_word' id='word_1_329' title='bbox 1306 2482 1400 2535; x_wconf 74' lang='grc' dir='ltr'>καὶ</span> <span class='ocrx_word' id='word_1_330' title='bbox 1450 2480 1558 2551; x_wconf 73' lang='grc' dir='ltr'>ἔφη</span> <span class='ocrx_word' id='word_1_331' title='bbox 1613 2480 1988 2550; x_wconf 86' lang='grc' dir='ltr'>κατηλλάχθαι</span> <span class='ocrx_word' id='word_1_332' title='bbox 2029 2482 2234 2546; x_wconf 82' lang='grc' dir='ltr'>αὐτοῖς.</span> 
     </span>
    </p>
   </div>
   <div class='ocr_carea' id='block_1_45' title="bbox 495 2576 1984 2661">
    <p class='ocr_par' dir='ltr' id='par_1_45' title="bbox 495 2576 1984 2657">
     <span class='ocr_line' id='line_1_45' title="bbox 495 2576 1984 2657; baseline -0.012 -19"><span class='ocrx_word' id='word_1_333' title='bbox 495 2579 572 2637; x_wconf 92' lang='lat' dir='ltr'>Z&#39;.</span> <span class='ocrx_word' id='word_1_334' title='bbox 604 2580 976 2636; x_wconf 78' lang='grc' dir='ltr'>Θωπευόντων</span> <span class='ocrx_word' id='word_1_335' title='bbox 1004 2577 1050 2630; x_wconf 86' lang='grc' dir='ltr'>δ’</span> <span class='ocrx_word' id='word_1_336' title='bbox 1072 2577 1260 2657; x_wconf 70' lang='grc' dir='ltr'>αὐτον,</span> <span class='ocrx_word' id='word_1_337' title='bbox 1289 2578 1382 2629; x_wconf 77' lang='grc' dir='ltr'>καὶ</span> <span class='ocrx_word' id='word_1_338' title='bbox 1409 2577 1518 2629; x_wconf 87' lang='grc' dir='ltr'>τῶν</span> <span class='ocrx_word' id='word_1_339' title='bbox 1550 2576 1649 2647; x_wconf 79' lang='grc' dir='ltr'>μὲν</span> <span class='ocrx_word' id='word_1_340' title='bbox 1676 2577 1854 2648; x_wconf 74' lang='grc' dir='ltr'>ἥρωα,</span> <span class='ocrx_word' id='word_1_341' title='bbox 1884 2576 1984 2629; x_wconf 64' lang='grc' dir='ltr'>τῶι,</span> 
     </span>
    </p>
   </div>
   <div class='ocr_carea' id='block_1_46' title="bbox 2090 2576 3668 2661">
    <p class='ocr_par' dir='ltr' id='par_1_46' title="bbox 2166 2579 3668 2661">
     <span class='ocr_line' id='line_1_46' title="bbox 2166 2579 3668 2661; baseline 0.01 -27"><span class='ocrx_word' id='word_1_342' title='bbox 2166 2579 2278 2635; x_wconf 78' lang='grc' dir='ltr'>νη.</span> <span class='ocrx_word' id='word_1_343' title='bbox 2320 2579 2591 2638; x_wconf 84' lang='lat' dir='ltr'><strong><em>Omnibus</em></strong></span> <span class='ocrx_word' id='word_1_344' title='bbox 2616 2581 2668 2637; x_wconf 89' lang='lat' dir='ltr'>ei</span> <span class='ocrx_word' id='word_1_345' title='bbox 2693 2583 3137 2649; x_wconf 76' lang='lat' dir='ltr'><strong><em>aSsentantibus,</em></strong></span> <span class='ocrx_word' id='word_1_346' title='bbox 3167 2595 3224 2642; x_wconf 88' lang='lat' dir='ltr'><strong><em>et</em></strong></span> <span class='ocrx_word' id='word_1_347' title='bbox 3250 2587 3376 2645; x_wconf 85' lang='lat' dir='ltr'><strong><em>aliis</em></strong></span> <span class='ocrx_word' id='word_1_348' title='bbox 3420 2590 3668 2661; x_wconf 83' lang='lat' dir='ltr'><strong><em>heroem,</em></strong></span> 
     </span>
    </p>
   </div>
   <div class='ocr_carea' id='block_1_47' title="bbox 421 2669 1984 2749">
    <p class='ocr_par' dir='ltr' id='par_1_47' title="bbox 421 2669 1984 2742">
     <span class='ocr_line' id='line_1_47' title="bbox 421 2669 1984 2742; baseline -0.006 -10"><span class='ocrx_word' id='word_1_349' title='bbox 421 2676 480 2732; x_wconf 82' lang='grc' dir='ltr'>δὲ</span> <span class='ocrx_word' id='word_1_350' title='bbox 519 2674 643 2731; x_wconf 79' lang='grc' dir='ltr'>θεὸν</span> <span class='ocrx_word' id='word_1_351' title='bbox 670 2672 1119 2735; x_wconf 78' lang='grc' dir='ltr'>ἀποκαλούντων,</span> <span class='ocrx_word' id='word_1_352' title='bbox 1152 2671 1342 2732; x_wconf 89' lang='grc' dir='ltr'>δεινῶς</span> <span class='ocrx_word' id='word_1_353' title='bbox 1373 2669 1760 2742; x_wconf 82' lang='grc' dir='ltr'>ἐξεφρόνησεν.</span> <span class='ocrx_word' id='word_1_354' title='bbox 1812 2670 1984 2734; x_wconf 77' lang='grc' dir='ltr'>Ἦξίον</span> 
     </span>
    </p>
   </div>
   <div class='ocr_carea' id='block_1_48' title="bbox 2090 2669 3667 2749">
    <p class='ocr_par' dir='ltr' id='par_1_48' title="bbox 2092 2673 3667 2749">
     <span class='ocr_line' id='line_1_48' title="bbox 2092 2673 3667 2749; baseline 0.006 -18"><span class='ocrx_word' id='word_1_355' title='bbox 2092 2674 2218 2731; x_wconf 73' lang='lat' dir='ltr'><strong><em>aliis</em></strong></span> <span class='ocrx_word' id='word_1_356' title='bbox 2252 2673 2417 2729; x_wconf 90' lang='lat' dir='ltr'><strong><em>deum</em></strong></span> <span class='ocrx_word' id='word_1_357' title='bbox 2450 2674 2877 2745; x_wconf 85' lang='lat' dir='ltr'><strong><em>appellantibus.</em></strong></span> <span class='ocrx_word' id='word_1_358' title='bbox 2918 2675 2974 2730; x_wconf 92' lang='lat' dir='ltr'><strong><em>in</em></strong></span> <span class='ocrx_word' id='word_1_359' title='bbox 3006 2693 3256 2749; x_wconf 84' lang='lat' dir='ltr'><strong><em>magnam</em></strong></span> <span class='ocrx_word' id='word_1_360' title='bbox 3294 2682 3487 2737; x_wconf 85' lang='lat' dir='ltr'><strong><em>incidit</em></strong></span> <span class='ocrx_word' id='word_1_361' title='bbox 3516 2683 3667 2741; x_wconf 79' lang='lat' dir='ltr'><strong><em>insa—</em></strong></span> 
     </span>
    </p>
   </div>
   <div class='ocr_carea' id='block_1_49' title="bbox 421 2760 1984 2847">
    <p class='ocr_par' dir='ltr' id='par_1_49' title="bbox 421 2760 1984 2847">
     <span class='ocr_line' id='line_1_49' title="bbox 421 2760 1984 2847; baseline -0.006 -25"><span class='ocrx_word' id='word_1_362' title='bbox 421 2767 523 2839; x_wconf 80' lang='grc' dir='ltr'>μὲν</span> <span class='ocrx_word' id='word_1_363' title='bbox 552 2766 664 2837; x_wconf 85' lang='grc' dir='ltr'>γὰρ</span> <span class='ocrx_word' id='word_1_364' title='bbox 700 2764 798 2818; x_wconf 78' lang='grc' dir='ltr'>καὶ</span> <span class='ocrx_word' id='word_1_365' title='bbox 831 2763 1100 2834; x_wconf 83' lang='grc' dir='ltr'>πρότερον</span> <span class='ocrx_word' id='word_1_366' title='bbox 1140 2762 1285 2833; x_wconf 80' lang='grc' dir='ltr'>ὑπὲρ</span> <span class='ocrx_word' id='word_1_367' title='bbox 1323 2760 1616 2831; x_wconf 80' lang='grc' dir='ltr'>ἄνθρωπον</span> <span class='ocrx_word' id='word_1_368' title='bbox 1636 2761 1984 2847; x_wconf 66' lang='grc' dir='ltr'>νομίζεσθαι,</span> 
     </span>
    </p>
   </div>
   <div class='ocr_carea' id='block_1_50' title="bbox 2090 2760 3668 2847">
    <p class='ocr_par' dir='ltr' id='par_1_50' title="bbox 2094 2764 3668 2847">
     <span class='ocr_line' id='line_1_50' title="bbox 2094 2764 3668 2847; baseline 0.008 -28"><span class='ocrx_word' id='word_1_369' title='bbox 2094 2764 2264 2819; x_wconf 84' lang='lat' dir='ltr'><strong><em>niam.</em></strong></span> <span class='ocrx_word' id='word_1_370' title='bbox 2302 2765 2433 2819; x_wconf 80' lang='lat' dir='ltr'><strong><em>Nam</em></strong></span> <span class='ocrx_word' id='word_1_371' title='bbox 2474 2765 2630 2834; x_wconf 90' lang='lat' dir='ltr'><strong><em>prius</em></strong></span> <span class='ocrx_word' id='word_1_372' title='bbox 2660 2765 2827 2819; x_wconf 89' lang='lat' dir='ltr'><strong><em>etiam</em></strong></span> <span class='ocrx_word' id='word_1_373' title='bbox 2859 2766 3099 2822; x_wconf 87' lang='lat' dir='ltr'><strong><em>humana</em></strong></span> <span class='ocrx_word' id='word_1_374' title='bbox 3133 2770 3452 2828; x_wconf 91' lang='lat' dir='ltr'><strong><em>conditione</em></strong></span> <span class='ocrx_word' id='word_1_375' title='bbox 3495 2777 3668 2847; x_wconf 82' lang='lat' dir='ltr'><strong><em>major</em></strong></span> 
     </span>
    </p>
   </div>
   <div class='ocr_carea' id='block_1_51' title="bbox 411 2846 1984 2927">
    <p class='ocr_par' dir='ltr' id='par_1_51' title="bbox 411 2846 1984 2927">
     <span class='ocr_line' id='line_1_51' title="bbox 411 2846 1984 2927; baseline -0.006 -15"><span class='ocrx_word' id='word_1_376' title='bbox 411 2859 508 2912; x_wconf 80' lang='grc' dir='ltr'>καὶ</span> <span class='ocrx_word' id='word_1_377' title='bbox 559 2860 628 2924; x_wconf 82' lang='grc' dir='ltr'>τῇ</span> <span class='ocrx_word' id='word_1_378' title='bbox 659 2855 866 2927; x_wconf 80' lang='grc' dir='ltr'>Σελήνῃ</span> <span class='ocrx_word' id='word_1_379' title='bbox 895 2851 1277 2923; x_wconf 83' lang='grc' dir='ltr'>συγγίνεσθαι,</span> <span class='ocrx_word' id='word_1_380' title='bbox 1322 2852 1420 2905; x_wconf 73' lang='grc' dir='ltr'>καὶ</span> <span class='ocrx_word' id='word_1_381' title='bbox 1447 2851 1579 2913; x_wconf 81' lang='grc' dir='ltr'>Ζεὺς</span> <span class='ocrx_word' id='word_1_382' title='bbox 1605 2846 1745 2903; x_wconf 72' lang='grc' dir='ltr'>εἶναι</span> <span class='ocrx_word' id='word_1_383' title='bbox 1790 2849 1984 2903; x_wconf 86' lang='grc' dir='ltr'>ἐπλάτ-</span> 
     </span>
    </p>
   </div>
   <div class='ocr_carea' id='block_1_52' title="bbox 2090 2846 3665 2927">
    <p class='ocr_par' dir='ltr' id='par_1_52' title="bbox 2094 2846 3665 2921">
     <span class='ocr_line' id='line_1_52' title="bbox 2094 2846 3665 2921; baseline 0.007 -12"><span class='ocrx_word' id='word_1_384' title='bbox 2094 2854 2287 2910; x_wconf 87' lang='lat' dir='ltr'><strong><em>haberi</em></strong></span> <span class='ocrx_word' id='word_1_385' title='bbox 2328 2853 2657 2919; x_wconf 72' lang='lat' dir='ltr'><strong><em>volebat,,et</em></strong></span> <span class='ocrx_word' id='word_1_386' title='bbox 2685 2868 2744 2909; x_wconf 90' lang='lat' dir='ltr'>se</span> <span class='ocrx_word' id='word_1_387' title='bbox 2768 2854 2958 2910; x_wconf 82' lang='lat' dir='ltr'><strong><em>Jovem</em></strong></span> <span class='ocrx_word' id='word_1_388' title='bbox 2992 2870 3115 2912; x_wconf 88' lang='lat' dir='ltr'><strong><em>esse</em></strong></span> <span class='ocrx_word' id='word_1_389' title='bbox 3139 2896 3155 2921; x_wconf 94' lang='lat'>,</span> <span class='ocrx_word' id='word_1_390' title='bbox 3188 2872 3313 2913; x_wconf 89' lang='lat' dir='ltr'>cum</span> <span class='ocrx_word' id='word_1_391' title='bbox 3357 2860 3509 2918; x_wconf 87' lang='lat' dir='ltr'><strong>Luna</strong></span> <span class='ocrx_word' id='word_1_392' title='bbox 3550 2846 3665 2920; x_wconf 83' lang='lat' dir='ltr'>rem</span> 
     </span>
    </p>
   </div>
   <div class='ocr_carea' id='block_1_53' title="bbox 410 2933 1984 3018">
    <p class='ocr_par' dir='ltr' id='par_1_53' title="bbox 410 2941 1984 3014">
     <span class='ocr_line' id='line_1_53' title="bbox 410 2941 1984 3014; baseline -0.007 -11"><span class='ocrx_word' id='word_1_393' title='bbox 410 2967 554 3011; x_wconf 89' lang='grc' dir='ltr'>τετο,</span> <span class='ocrx_word' id='word_1_394' title='bbox 605 2949 701 3002; x_wconf 77' lang='grc' dir='ltr'>καὶ</span> <span class='ocrx_word' id='word_1_395' title='bbox 727 2946 817 3001; x_wconf 83' lang='grc' dir='ltr'>διὰ</span> <span class='ocrx_word' id='word_1_396' title='bbox 845 2944 1012 2999; x_wconf 81' lang='grc' dir='ltr'>τοῦτο</span> <span class='ocrx_word' id='word_1_397' title='bbox 1065 2944 1309 3014; x_wconf 87' lang='grc' dir='ltr'>μάλιστα</span> <span class='ocrx_word' id='word_1_398' title='bbox 1338 2945 1462 3005; x_wconf 80' lang='grc' dir='ltr'>ταῖς</span> <span class='ocrx_word' id='word_1_399' title='bbox 1498 2941 1757 3011; x_wconf 79' lang='grc' dir='ltr'>ἀδελφαῖς</span> <span class='ocrx_word' id='word_1_400' title='bbox 1817 2957 1984 3011; x_wconf 86' lang='grc' dir='ltr'>προε-</span> 
     </span>
    </p>
   </div>
   <div class='ocr_carea' id='block_1_54' title="bbox 2090 2933 3670 3018">
    <p class='ocr_par' dir='ltr' id='par_1_54' title="bbox 2094 2944 3670 3018">
     <span class='ocr_line' id='line_1_54' title="bbox 2094 2944 3670 3018; baseline 0.01 -19"><span class='ocrx_word' id='word_1_401' title='bbox 2094 2944 2298 2999; x_wconf 86' lang='lat' dir='ltr'><strong><em>habere</em></strong></span> <span class='ocrx_word' id='word_1_402' title='bbox 2330 2944 2611 3015; x_wconf 85' lang='lat' dir='ltr'><strong><em>jactabat,</em></strong></span> <span class='ocrx_word' id='word_1_403' title='bbox 2667 2959 2843 3015; x_wconf 87' lang='lat' dir='ltr'><strong><em>eaque</em></strong></span> <span class='ocrx_word' id='word_1_404' title='bbox 2888 2946 2957 3000; x_wconf 89' lang='lat' dir='ltr'>de</span> <span class='ocrx_word' id='word_1_405' title='bbox 3007 2962 3171 3004; x_wconf 84' lang='lat' dir='ltr'><strong><em>causa</em></strong></span> <span class='ocrx_word' id='word_1_406' title='bbox 3215 2950 3561 3018; x_wconf 88' lang='lat' dir='ltr'><strong><em>potissimum</em></strong></span> <span class='ocrx_word' id='word_1_407' title='bbox 3607 2972 3670 3015; x_wconf 74' lang='lat' dir='ltr'>se</span> 
     </span>
    </p>
   </div>
   <div class='ocr_carea' id='block_1_55' title="bbox 410 3031 1984 3108">
    <p class='ocr_par' dir='ltr' id='par_1_55' title="bbox 410 3031 1984 3108">
     <span class='ocr_line' id='line_1_55' title="bbox 410 3031 1984 3108; baseline -0.004 -15"><span class='ocrx_word' id='word_1_408' title='bbox 410 3039 671 3108; x_wconf 74' lang='grc' dir='ltr'>φασίζετο</span> <span class='ocrx_word' id='word_1_409' title='bbox 703 3035 1023 3107; x_wconf 77' lang='grc' dir='ltr'>μίγνυσθαι,</span> <span class='ocrx_word' id='word_1_410' title='bbox 1058 3035 1152 3090; x_wconf 76' lang='grc' dir='ltr'>καὶ</span> <span class='ocrx_word' id='word_1_411' title='bbox 1181 3035 1393 3099; x_wconf 82' lang='grc' dir='ltr'>πάντας</span> <span class='ocrx_word' id='word_1_412' title='bbox 1429 3033 1589 3097; x_wconf 82' lang='grc' dir='ltr'>θεοὺς</span> <span class='ocrx_word' id='word_1_413' title='bbox 1641 3031 1984 3101; x_wconf 79' lang='grc' dir='ltr'>ὑπεκρίνετο,</span> 
     </span>
    </p>
   </div>
   <div class='ocr_carea' id='block_1_56' title="bbox 409 3125 1985 3202">
    <p class='ocr_par' dir='ltr' id='par_1_56' title="bbox 409 3125 1985 3202">
     <span class='ocr_line' id='line_1_56' title="bbox 409 3125 1985 3202; baseline -0.008 -15"><span class='ocrx_word' id='word_1_414' title='bbox 409 3135 507 3187; x_wconf 81' lang='grc' dir='ltr'>καὶ</span> <span class='ocrx_word' id='word_1_415' title='bbox 541 3134 641 3195; x_wconf 68' lang='grc' dir='ltr'>τὰς</span> <span class='ocrx_word' id='word_1_416' title='bbox 674 3130 902 3202; x_wconf 80' lang='grc' dir='ltr'>θηλείας</span> <span class='ocrx_word' id='word_1_417' title='bbox 932 3128 1127 3193; x_wconf 78' lang='grc' dir='ltr'>αὑτάς.</span> <span class='ocrx_word' id='word_1_418' title='bbox 1168 3126 1280 3182; x_wconf 75' lang='grc' dir='ltr'>Καὶ</span> <span class='ocrx_word' id='word_1_419' title='bbox 1315 3127 1488 3198; x_wconf 88' lang='grc' dir='ltr'>Ἥρα,</span> <span class='ocrx_word' id='word_1_420' title='bbox 1546 3125 1644 3180; x_wconf 73' lang='grc' dir='ltr'>καὶ</span> <span class='ocrx_word' id='word_1_421' title='bbox 1687 3127 1985 3196; x_wconf 71' lang='grc' dir='ltr'>Ἄρτεμις,</span> 
     </span>
    </p>
   </div>
   <div class='ocr_carea' id='block_1_57' title="bbox 409 3215 1988 3293">
    <p class='ocr_par' dir='ltr' id='par_1_57' title="bbox 409 3215 1988 3293">
     <span class='ocr_line' id='line_1_57' title="bbox 409 3215 1988 3293; baseline -0.006 -17"><span class='ocrx_word' id='word_1_422' title='bbox 409 3224 506 3276; x_wconf 77' lang='grc' dir='ltr'>καὶ</span> <span class='ocrx_word' id='word_1_423' title='bbox 548 3221 841 3293; x_wconf 82' lang='grc' dir='ltr'>Ἀφροδίτη</span> <span class='ocrx_word' id='word_1_424' title='bbox 871 3220 1105 3288; x_wconf 77' lang='grc' dir='ltr'>ἐγίνετο,</span> <span class='ocrx_word' id='word_1_425' title='bbox 1137 3219 1233 3272; x_wconf 83' lang='grc' dir='ltr'>καὶ</span> <span class='ocrx_word' id='word_1_426' title='bbox 1263 3218 1401 3289; x_wconf 78' lang='grc' dir='ltr'>πρὸς</span> <span class='ocrx_word' id='word_1_427' title='bbox 1431 3218 1533 3287; x_wconf 77' lang='grc' dir='ltr'>τὴν</span> <span class='ocrx_word' id='word_1_428' title='bbox 1565 3216 1676 3270; x_wconf 87' lang='grc' dir='ltr'>τῶν</span> <span class='ocrx_word' id='word_1_429' title='bbox 1702 3215 1988 3284; x_wconf 82' lang='grc' dir='ltr'>ὀνομάτων</span> 
     </span>
    </p>
   </div>
   <div class='ocr_carea' id='block_1_58' title="bbox 408 3303 1987 3383">
    <p class='ocr_par' dir='ltr' id='par_1_58' title="bbox 408 3303 1987 3383">
     <span class='ocr_line' id='line_1_58' title="bbox 408 3303 1987 3383; baseline -0.008 -13"><span class='ocrx_word' id='word_1_430' title='bbox 408 3310 727 3383; x_wconf 72' lang='grc' dir='ltr'>μετάθεσιν,</span> <span class='ocrx_word' id='word_1_431' title='bbox 765 3309 858 3363; x_wconf 80' lang='grc' dir='ltr'>καὶ</span> <span class='ocrx_word' id='word_1_432' title='bbox 889 3310 998 3365; x_wconf 80' lang='grc' dir='ltr'>πᾶν</span> <span class='ocrx_word' id='word_1_433' title='bbox 1026 3308 1088 3361; x_wconf 85' lang='grc' dir='ltr'>τὸ</span> <span class='ocrx_word' id='word_1_434' title='bbox 1119 3309 1318 3381; x_wconf 81' lang='grc' dir='ltr'>,σχῆμα</span> <span class='ocrx_word' id='word_1_435' title='bbox 1350 3306 1705 3378; x_wconf 77' lang='grc' dir='ltr'>μετήμειόεν,</span> <span class='ocrx_word' id='word_1_436' title='bbox 1750 3303 1825 3367; x_wconf 80' lang='grc' dir='ltr'>ὥς</span> <span class='ocrx_word' id='word_1_437' title='bbox 1854 3320 1987 3357; x_wconf 84' lang='grc' dir='ltr'>ποτε</span> 
     </span>
    </p>
   </div>
   <div class='ocr_carea' id='block_1_59' title="bbox 411 3397 1987 3479">
    <p class='ocr_par' dir='ltr' id='par_1_59' title="bbox 411 3397 1987 3479">
     <span class='ocr_line' id='line_1_59' title="bbox 411 3397 1987 3479; baseline -0.001 -27"><span class='ocrx_word' id='word_1_438' title='bbox 411 3405 513 3473; x_wconf 79' lang='grc' dir='ltr'>μὲν</span> <span class='ocrx_word' id='word_1_439' title='bbox 576 3401 869 3473; x_wconf 82' lang='grc' dir='ltr'>θηλυδρίαν</span> <span class='ocrx_word' id='word_1_440' title='bbox 924 3399 1157 3471; x_wconf 72' lang='grc' dir='ltr'>ὁρᾶσθαι</span> <span class='ocrx_word' id='word_1_441' title='bbox 1207 3399 1393 3479; x_wconf 78' lang='grc' dir='ltr'>αὑτὸν,</span> <span class='ocrx_word' id='word_1_442' title='bbox 1443 3398 1538 3451; x_wconf 79' lang='grc' dir='ltr'>καὶ</span> <span class='ocrx_word' id='word_1_443' title='bbox 1590 3398 1842 3471; x_wconf 78' lang='grc' dir='ltr'>κρατῆρα</span> <span class='ocrx_word' id='word_1_444' title='bbox 1893 3397 1987 3451; x_wconf 70' lang='grc' dir='ltr'>καὶ</span> 
     </span>
    </p>
   </div>
   <div class='ocr_carea' id='block_1_60' title="bbox 407 3488 1983 3564">
    <p class='ocr_par' dir='ltr' id='par_1_60' title="bbox 407 3488 1983 3564">
     <span class='ocr_line' id='line_1_60' title="bbox 407 3488 1983 3564; baseline -0.002 -19"><span class='ocrx_word' id='word_1_445' title='bbox 407 3493 625 3564; x_wconf 76' lang='grc' dir='ltr'>θύρσον</span> <span class='ocrx_word' id='word_1_446' title='bbox 653 3494 844 3564; x_wconf 79' lang='grc' dir='ltr'>φέρειν</span> <span class='ocrx_word' id='word_1_447' title='bbox 878 3491 1018 3563; x_wconf 76' lang='grc'>(92),</span> <span class='ocrx_word' id='word_1_448' title='bbox 1053 3491 1184 3545; x_wconf 85' lang='grc' dir='ltr'>ποτέ</span> <span class='ocrx_word' id='word_1_449' title='bbox 1209 3490 1267 3544; x_wconf 89' lang='grc' dir='ltr'>δὲ</span> <span class='ocrx_word' id='word_1_450' title='bbox 1300 3488 1647 3564; x_wconf 74' lang='grc' dir='ltr'>ἀρρενωπὸν,</span> <span class='ocrx_word' id='word_1_451' title='bbox 1679 3491 1775 3542; x_wconf 79' lang='grc' dir='ltr'>καὶ</span> <span class='ocrx_word' id='word_1_452' title='bbox 1807 3488 1983 3559; x_wconf 74' lang='grc' dir='ltr'>ῥύπα·</span> 
     </span>
    </p>
   </div>
   <div class='ocr_carea' id='block_1_61' title="bbox 407 3577 1983 3653">
    <p class='ocr_par' dir='ltr' id='par_1_61' title="bbox 407 3577 1983 3653">
     <span class='ocr_line' id='line_1_61' title="bbox 407 3577 1983 3653; baseline -0.003 -17"><span class='ocrx_word' id='word_1_453' title='bbox 407 3583 499 3637; x_wconf 87' lang='grc' dir='ltr'>λον</span> <span class='ocrx_word' id='word_1_454' title='bbox 532 3583 625 3637; x_wconf 63' lang='grc' dir='ltr'>κοιλ⁵</span> <span class='ocrx_word' id='word_1_455' title='bbox 649 3582 874 3651; x_wconf 80' lang='grc' dir='ltr'>λεοντῆν</span> <span class='ocrx_word' id='word_1_456' title='bbox 910 3582 1243 3653; x_wconf 77' lang='grc' dir='ltr'>ἐνημμένον·</span> <span class='ocrx_word' id='word_1_457' title='bbox 1297 3583 1392 3635; x_wconf 68' lang='grc' dir='ltr'>καὶ</span> <span class='ocrx_word' id='word_1_458' title='bbox 1442 3577 1600 3643; x_wconf 74' lang='grc' dir='ltr'>αὖθις</span> <span class='ocrx_word' id='word_1_459' title='bbox 1638 3581 1983 3648; x_wconf 87' lang='grc' dir='ltr'>λειογένειον,</span> 
     </span>
    </p>
   </div>
   <div class='ocr_carea' id='block_1_62' title="bbox 406 3673 1985 3747">
    <p class='ocr_par' dir='ltr' id='par_1_62' title="bbox 406 3673 1985 3747">
     <span class='ocr_line' id='line_1_62' title="bbox 406 3673 1985 3747; baseline -0.004 -17"><span class='ocrx_word' id='word_1_460' title='bbox 406 3676 441 3747; x_wconf 77' lang='grc' dir='ltr'>ἢ</span> <span class='ocrx_word' id='word_1_461' title='bbox 474 3677 770 3745; x_wconf 79' lang='grc' dir='ltr'>πωγωνίαν</span> <span class='ocrx_word' id='word_1_462' title='bbox 825 3675 1163 3742; x_wconf 83' lang='grc' dir='ltr'>δείκνυσθαι,</span> <span class='ocrx_word' id='word_1_463' title='bbox 1200 3674 1455 3745; x_wconf 80' lang='grc' dir='ltr'>τρίαινάν</span> <span class='ocrx_word' id='word_1_464' title='bbox 1509 3690 1568 3728; x_wconf 83' lang='grc' dir='ltr'>τε</span> <span class='ocrx_word' id='word_1_465' title='bbox 1608 3674 1854 3744; x_wconf 77' lang='grc' dir='ltr'>ἐκράτει,</span> <span class='ocrx_word' id='word_1_466' title='bbox 1889 3673 1985 3726; x_wconf 75' lang='grc' dir='ltr'>καὶ</span> 
     </span>
    </p>
   </div>
   <div class='ocr_carea' id='block_1_63' title="bbox 404 3760 1987 3840">
    <p class='ocr_par' dir='ltr' id='par_1_63' title="bbox 404 3760 1987 3840">
     <span class='ocr_line' id='line_1_63' title="bbox 404 3760 1987 3840; baseline -0.004 -15"><span class='ocrx_word' id='word_1_467' title='bbox 404 3760 649 3825; x_wconf 70' lang='grc' dir='ltr'>ἀνέτεινε</span> <span class='ocrx_word' id='word_1_468' title='bbox 682 3769 969 3840; x_wconf 83' lang='grc' dir='ltr'>κεραυνόν.</span> <span class='ocrx_word' id='word_1_469' title='bbox 1004 3768 1266 3839; x_wconf 86' lang='grc' dir='ltr'>Παρθένῳ</span> <span class='ocrx_word' id='word_1_470' title='bbox 1304 3784 1363 3822; x_wconf 89' lang='grc' dir='ltr'>τε</span> <span class='ocrx_word' id='word_1_471' title='bbox 1394 3768 1728 3837; x_wconf 85' lang='grc' dir='ltr'>κυνηγετικῇ</span> <span class='ocrx_word' id='word_1_472' title='bbox 1751 3764 1987 3836; x_wconf 61' lang='grc' dir='ltr'>ὼςλοιοῦν-</span> 
     </span>
    </p>
   </div>
   <div class='ocr_carea' id='block_1_64' title="bbox 404 3857 1985 3932">
    <p class='ocr_par' dir='ltr' id='par_1_64' title="bbox 404 3857 1985 3932">
     <span class='ocr_line' id='line_1_64' title="bbox 404 3857 1985 3932; baseline -0.003 -16"><span class='ocrx_word' id='word_1_473' title='bbox 404 3880 489 3928; x_wconf 90' lang='grc' dir='ltr'>το,</span> <span class='ocrx_word' id='word_1_474' title='bbox 553 3865 650 3916; x_wconf 75' lang='grc' dir='ltr'>καὶ</span> <span class='ocrx_word' id='word_1_475' title='bbox 701 3861 1051 3930; x_wconf 63' lang='grc' dir='ltr'>ἐγυτιαίκιζεν</span> <span class='ocrx_word' id='word_1_476' title='bbox 1092 3857 1274 3924; x_wconf 83' lang='grc' dir='ltr'>αὖθις,</span> <span class='ocrx_word' id='word_1_477' title='bbox 1321 3863 1416 3913; x_wconf 79' lang='grc' dir='ltr'>καὶ</span> <span class='ocrx_word' id='word_1_478' title='bbox 1448 3861 1516 3932; x_wconf 83' lang='grc' dir='ltr'>τῇ</span> <span class='ocrx_word' id='word_1_479' title='bbox 1554 3860 1718 3930; x_wconf 81' lang='grc' dir='ltr'>στολῇ</span> <span class='ocrx_word' id='word_1_480' title='bbox 1748 3858 1985 3923; x_wconf 78' lang='grc' dir='ltr'>καὶτοῖς</span> 
     </span>
    </p>
   </div>
   <div class='ocr_carea' id='block_1_65' title="bbox 408 3953 1985 4027">
    <p class='ocr_par' dir='ltr' id='par_1_65' title="bbox 408 3953 1985 4027">
     <span class='ocr_line' id='line_1_65' title="bbox 408 3953 1985 4027; baseline -0.004 -14"><span class='ocrx_word' id='word_1_481' title='bbox 408 3956 729 4027; x_wconf 79' lang='grc' dir='ltr'>προσθέτοις</span> <span class='ocrx_word' id='word_1_482' title='bbox 757 3954 852 4009; x_wconf 76' lang='grc' dir='ltr'>καὶ</span> <span class='ocrx_word' id='word_1_483' title='bbox 881 3954 1194 4026; x_wconf 83' lang='grc' dir='ltr'>περιθέτοις</span> <span class='ocrx_word' id='word_1_484' title='bbox 1234 3954 1480 4025; x_wconf 76' lang='grc' dir='ltr'>ἀκριϐῶς</span> <span class='ocrx_word' id='word_1_485' title='bbox 1505 3953 1985 4018; x_wconf 79' lang='grc' dir='ltr'>ἐποικίλλετο,καὶ</span> 
     </span>
    </p>
   </div>
   <div class='ocr_carea' id='block_1_66' title="bbox 409 4041 1981 4116">
    <p class='ocr_par' dir='ltr' id='par_1_66' title="bbox 409 4041 1981 4116">
     <span class='ocr_line' id='line_1_66' title="bbox 409 4041 1981 4116; baseline -0.003 -17"><span class='ocrx_word' id='word_1_486' title='bbox 409 4048 591 4100; x_wconf 85' lang='grc' dir='ltr'>πάντα</span> <span class='ocrx_word' id='word_1_487' title='bbox 668 4046 873 4116; x_wconf 84' lang='grc' dir='ltr'>μᾶλλον</span> <span class='ocrx_word' id='word_1_488' title='bbox 927 4046 961 4115; x_wconf 84' lang='grc' dir='ltr'>ἢ</span> <span class='ocrx_word' id='word_1_489' title='bbox 1020 4044 1313 4116; x_wconf 82' lang='grc' dir='ltr'>ἄνθρωπος</span> <span class='ocrx_word' id='word_1_490' title='bbox 1388 4044 1566 4099; x_wconf 80' lang='grc' dir='ltr'>δοκεῖν</span> <span class='ocrx_word' id='word_1_491' title='bbox 1621 4041 1981 4113; x_wconf 81' lang='grc' dir='ltr'>αὐτοκράτωρ</span> 
     </span>
    </p>
   </div>
   <div class='ocr_carea' id='block_1_67' title="bbox 405 4134 1983 4205">
    <p class='ocr_par' dir='ltr' id='par_1_67' title="bbox 405 4134 1983 4205">
     <span class='ocr_line' id='line_1_67' title="bbox 405 4134 1983 4205; baseline -0.005 -12"><span class='ocrx_word' id='word_1_492' title='bbox 405 4138 681 4193; x_wconf 65' lang='grc' dir='ltr'>ἐῦούλετο.</span> <span class='ocrx_word' id='word_1_493' title='bbox 712 4136 825 4193; x_wconf 82' lang='grc' dir='ltr'>Καί</span> <span class='ocrx_word' id='word_1_494' title='bbox 867 4153 994 4191; x_wconf 80' lang='grc' dir='ltr'>ποτε</span> <span class='ocrx_word' id='word_1_495' title='bbox 1033 4135 1178 4189; x_wconf 79' lang='grc' dir='ltr'>ἰδών.</span> <span class='ocrx_word' id='word_1_496' title='bbox 1207 4153 1293 4199; x_wconf 87' lang='grc' dir='ltr'>τις</span> <span class='ocrx_word' id='word_1_497' title='bbox 1322 4134 1488 4188; x_wconf 76' lang='grc' dir='ltr'>αὑτὸν</span> <span class='ocrx_word' id='word_1_498' title='bbox 1539 4134 1680 4205; x_wconf 81' lang='grc' dir='ltr'>ἀνὴρ</span> <span class='ocrx_word' id='word_1_499' title='bbox 1733 4134 1983 4202; x_wconf 86' lang='grc' dir='ltr'>Γαλάτης</span> 
     </span>
    </p>
   </div>
   <div class='ocr_carea' id='block_1_68' title="bbox 406 4226 1977 4303">
    <p class='ocr_par' dir='ltr' id='par_1_68' title="bbox 406 4226 1977 4303">
     <span class='ocr_line' id='line_1_68' title="bbox 406 4226 1977 4303; baseline -0.003 -20"><span class='ocrx_word' id='word_1_500' title='bbox 406 4231 501 4283; x_wconf 82' lang='grc' dir='ltr'>ἐπὶ</span> <span class='ocrx_word' id='word_1_501' title='bbox 551 4229 747 4303; x_wconf 87' lang='grc' dir='ltr'>δίφρου</span> <span class='ocrx_word' id='word_1_502' title='bbox 798 4228 1008 4297; x_wconf 76' lang='grc' dir='ltr'>ὑψηλοῦ</span> <span class='ocrx_word' id='word_1_503' title='bbox 1064 4229 1123 4280; x_wconf 83' lang='grc' dir='ltr'>ἐν</span> <span class='ocrx_word' id='word_1_504' title='bbox 1177 4227 1309 4279; x_wconf 79' lang='grc' dir='ltr'>εῖδει</span> <span class='ocrx_word' id='word_1_505' title='bbox 1364 4226 1488 4290; x_wconf 76' lang='grc' dir='ltr'>Διὸς</span> <span class='ocrx_word' id='word_1_506' title='bbox 1543 4226 1977 4297; x_wconf 71' lang='grc' dir='ltr'>χρηματίζοντα,</span> 
     </span>
    </p>
   </div>
   <div class='ocr_carea' id='block_1_69' title="bbox 2095 3035 3664 3109">
    <p class='ocr_par' dir='ltr' id='par_1_69' title="bbox 2095 3035 3664 3109">
     <span class='ocr_line' id='line_1_69' title="bbox 2095 3035 3664 3109; baseline 0.008 -19"><span class='ocrx_word' id='word_1_507' title='bbox 2095 3035 2497 3092; x_wconf 80' lang='lat' dir='ltr'><strong><em>consuetudine</em></strong></span> <span class='ocrx_word' id='word_1_508' title='bbox 2535 3050 2787 3090; x_wconf 90' lang='lat' dir='ltr'><strong><em>sororum</em></strong></span> <span class='ocrx_word' id='word_1_509' title='bbox 2819 3038 2897 3092; x_wconf 89' lang='lat' dir='ltr'><strong><em>uti</em></strong></span> <span class='ocrx_word' id='word_1_510' title='bbox 2936 3037 3315 3105; x_wconf 82' lang='lat' dir='ltr'><strong><em>proﬁtebatur,</em></strong></span> <span class='ocrx_word' id='word_1_511' title='bbox 3346 3051 3402 3098; x_wconf 90' lang='lat' dir='ltr'>et</span> <span class='ocrx_word' id='word_1_512' title='bbox 3433 3044 3664 3109; x_wconf 74' lang='lat' dir='ltr'><strong><em>deorum</em></strong></span> 
     </span>
    </p>
   </div>
   <div class='ocr_carea' id='block_1_70' title="bbox 2095 3126 3665 3207">
    <p class='ocr_par' dir='ltr' id='par_1_70' title="bbox 2095 3126 3665 3207">
     <span class='ocr_line' id='line_1_70' title="bbox 2095 3126 3665 3207; baseline 0.009 -26"><span class='ocrx_word' id='word_1_513' title='bbox 2095 3127 2437 3196; x_wconf 88' lang='lat' dir='ltr'><strong><em>dearumque</em></strong></span> <span class='ocrx_word' id='word_1_514' title='bbox 2472 3126 2719 3183; x_wconf 88' lang='lat' dir='ltr'><strong><em>omnium</em></strong></span> <span class='ocrx_word' id='word_1_515' title='bbox 2745 3143 3012 3202; x_wconf 78' lang='lat' dir='ltr'><strong><em>personas</em></strong></span> <span class='ocrx_word' id='word_1_516' title='bbox 3037 3131 3252 3201; x_wconf 79' lang='lat' dir='ltr'><strong><em>agebat.</em></strong></span> <span class='ocrx_word' id='word_1_517' title='bbox 3283 3133 3474 3191; x_wconf 87' lang='lat' dir='ltr'><strong><em>Fiebat</em></strong></span> <span class='ocrx_word' id='word_1_518' title='bbox 3498 3138 3665 3207; x_wconf 86' lang='lat' dir='ltr'><strong><em>Juno,</em></strong></span> 
     </span>
    </p>
   </div>
   <div class='ocr_carea' id='block_1_71' title="bbox 2090 3219 3667 3289">
    <p class='ocr_par' dir='ltr' id='par_1_71' title="bbox 2090 3219 3667 3289">
     <span class='ocr_line' id='line_1_71' title="bbox 2090 3219 3667 3289; baseline 0.008 -13"><span class='ocrx_word' id='word_1_519' title='bbox 2090 3220 2288 3284; x_wconf 81' lang='lat' dir='ltr'><strong><em>Diana,</em></strong></span> <span class='ocrx_word' id='word_1_520' title='bbox 2331 3219 2533 3283; x_wconf 70' lang='lat' dir='ltr'><strong><em>Venus,</em></strong></span> <span class='ocrx_word' id='word_1_521' title='bbox 2564 3227 2622 3274; x_wconf 91' lang='lat' dir='ltr'>et</span> <span class='ocrx_word' id='word_1_522' title='bbox 2650 3232 2752 3288; x_wconf 90' lang='lat' dir='ltr'>pro</span> <span class='ocrx_word' id='word_1_523' title='bbox 2780 3221 3063 3275; x_wconf 88' lang='lat' dir='ltr'><strong><em>nominum</em></strong></span> <span class='ocrx_word' id='word_1_524' title='bbox 3091 3223 3395 3281; x_wconf 86' lang='lat' dir='ltr'><strong><em>mutatione</em></strong></span> <span class='ocrx_word' id='word_1_525' title='bbox 3418 3226 3667 3289; x_wconf 88' lang='lat' dir='ltr'><strong><em>babitum</em></strong></span> 
     </span>
    </p>
   </div>
   <div class='ocr_carea' id='block_1_72' title="bbox 2094 3311 3666 3382">
    <p class='ocr_par' dir='ltr' id='par_1_72' title="bbox 2094 3311 3666 3382">
     <span class='ocr_line' id='line_1_72' title="bbox 2094 3311 3666 3382; baseline 0.004 -17"><span class='ocrx_word' id='word_1_526' title='bbox 2094 3326 2316 3382; x_wconf 90' lang='lat' dir='ltr'><strong><em>quoque</em></strong></span> <span class='ocrx_word' id='word_1_527' title='bbox 2348 3311 2616 3366; x_wconf 86' lang='lat' dir='ltr'><strong><em>mutabat.</em></strong></span> <span class='ocrx_word' id='word_1_528' title='bbox 2653 3312 2896 3370; x_wconf 83' lang='lat' dir='ltr'><strong><em>Proinde</em></strong></span> <span class='ocrx_word' id='word_1_529' title='bbox 2930 3313 3064 3369; x_wconf 76' lang='lat' dir='ltr'><strong><em>alias</em></strong></span> <span class='ocrx_word' id='word_1_530' title='bbox 3088 3315 3437 3381; x_wconf 79' lang='lat' dir='ltr'><strong><em>eﬂ&#39;eminatns</em></strong></span> <span class='ocrx_word' id='word_1_531' title='bbox 3470 3336 3666 3379; x_wconf 71' lang='lat' dir='ltr'><strong><em>cerne.</em></strong></span> 
     </span>
    </p>
   </div>
   <div class='ocr_carea' id='block_1_73' title="bbox 2095 3404 3665 3481">
    <p class='ocr_par' dir='ltr' id='par_1_73' title="bbox 2095 3404 3665 3481">
     <span class='ocr_line' id='line_1_73' title="bbox 2095 3404 3665 3481; baseline 0.008 -23"><span class='ocrx_word' id='word_1_532' title='bbox 2095 3404 2289 3471; x_wconf 85' lang='lat' dir='ltr'><strong><em>batur,</em></strong></span> <span class='ocrx_word' id='word_1_533' title='bbox 2326 3414 2600 3459; x_wconf 84' lang='lat' dir='ltr'><strong><em>craterem</em></strong></span> <span class='ocrx_word' id='word_1_534' title='bbox 2626 3412 2684 3459; x_wconf 92' lang='lat' dir='ltr'>et</span> <span class='ocrx_word' id='word_1_535' title='bbox 2722 3404 2971 3475; x_wconf 81' lang='lat' dir='ltr'><strong><em>thyrsum</em></strong></span> <span class='ocrx_word' id='word_1_536' title='bbox 3002 3418 3226 3475; x_wconf 82' lang='lat' dir='ltr'><strong><em>gestans</em></strong></span> <span class='ocrx_word' id='word_1_537' title='bbox 3256 3427 3268 3461; x_wconf 93' lang='lat'>:</span> <span class='ocrx_word' id='word_1_538' title='bbox 3302 3411 3440 3465; x_wconf 82' lang='lat' dir='ltr'><strong><em>alias</em></strong></span> <span class='ocrx_word' id='word_1_539' title='bbox 3467 3414 3665 3481; x_wconf 85' lang='lat' dir='ltr'><strong><em>virilis,</em></strong></span> 
     </span>
    </p>
   </div>
   <div class='ocr_carea' id='block_1_74' title="bbox 2095 3492 3662 3567">
    <p class='ocr_par' dir='ltr' id='par_1_74' title="bbox 2095 3492 3662 3567">
     <span class='ocr_line' id='line_1_74' title="bbox 2095 3492 3662 3567; baseline 0.005 -15"><span class='ocrx_word' id='word_1_540' title='bbox 2095 3493 2248 3552; x_wconf 87' lang='lat' dir='ltr'><strong><em>clava</em></strong></span> <span class='ocrx_word' id='word_1_541' title='bbox 2290 3505 2346 3549; x_wconf 92' lang='lat' dir='ltr'>et</span> <span class='ocrx_word' id='word_1_542' title='bbox 2403 3493 2622 3549; x_wconf 89' lang='lat' dir='ltr'><strong><em>leonina</em></strong></span> <span class='ocrx_word' id='word_1_543' title='bbox 2664 3492 2807 3561; x_wconf 85' lang='lat' dir='ltr'><strong><em>pelle</em></strong></span> <span class='ocrx_word' id='word_1_544' title='bbox 2854 3503 3127 3550; x_wconf 83' lang='lat' dir='ltr'><strong><em>ornatus:</em></strong></span> <span class='ocrx_word' id='word_1_545' title='bbox 3171 3497 3309 3553; x_wconf 85' lang='lat' dir='ltr'><strong><em>alias</em></strong></span> <span class='ocrx_word' id='word_1_546' title='bbox 3361 3499 3662 3567; x_wconf 87' lang='lat' dir='ltr'><strong><em>imberbis,</em></strong></span> 
     </span>
    </p>
   </div>
   <div class='ocr_carea' id='block_1_75' title="bbox 2094 3585 3665 3654">
    <p class='ocr_par' dir='ltr' id='par_1_75' title="bbox 2094 3585 3665 3654">
     <span class='ocr_line' id='line_1_75' title="bbox 2094 3585 3665 3654; baseline 0.006 -14"><span class='ocrx_word' id='word_1_547' title='bbox 2094 3587 2233 3641; x_wconf 88' lang='lat' dir='ltr'><strong><em>alias</em></strong></span> <span class='ocrx_word' id='word_1_548' title='bbox 2258 3586 2540 3648; x_wconf 87' lang='lat' dir='ltr'><strong><em>barbatus,</em></strong></span> <span class='ocrx_word' id='word_1_549' title='bbox 2569 3596 2626 3641; x_wconf 91' lang='lat' dir='ltr'>et</span> <span class='ocrx_word' id='word_1_550' title='bbox 2657 3585 2948 3641; x_wconf 87' lang='lat' dir='ltr'><strong><em>tridentem</em></strong></span> <span class='ocrx_word' id='word_1_551' title='bbox 2978 3587 3322 3654; x_wconf 88' lang='lat' dir='ltr'><strong><em>sustinebat,</em></strong></span> <span class='ocrx_word' id='word_1_552' title='bbox 3352 3599 3409 3645; x_wconf 91' lang='lat' dir='ltr'>et</span> <span class='ocrx_word' id='word_1_553' title='bbox 3457 3592 3665 3650; x_wconf 78' lang='lat' dir='ltr'><strong><em>fulmen</em></strong></span> 
     </span>
    </p>
   </div>
   <div class='ocr_carea' id='block_1_76' title="bbox 2093 3676 3667 3757">
    <p class='ocr_par' dir='ltr' id='par_1_76' title="bbox 2093 3676 3667 3757">
     <span class='ocr_line' id='line_1_76' title="bbox 2093 3676 3667 3757; baseline 0.008 -25"><span class='ocrx_word' id='word_1_554' title='bbox 2093 3676 2366 3742; x_wconf 79' lang='lat' dir='ltr'><strong><em>vibrabat,</em></strong></span> <span class='ocrx_word' id='word_1_555' title='bbox 2399 3686 2455 3731; x_wconf 90' lang='lat' dir='ltr'>et</span> <span class='ocrx_word' id='word_1_556' title='bbox 2482 3677 2752 3748; x_wconf 80' lang='lat' dir='ltr'><strong><em>virginem</em></strong></span> <span class='ocrx_word' id='word_1_557' title='bbox 2788 3678 3126 3733; x_wconf 83' lang='lat' dir='ltr'><strong><em>venatricem</em></strong></span> <span class='ocrx_word' id='word_1_558' title='bbox 3154 3679 3449 3738; x_wconf 83' lang='lat' dir='ltr'><strong><em>referebat.</em></strong></span> <span class='ocrx_word' id='word_1_559' title='bbox 3488 3687 3667 3757; x_wconf 81' lang='lat' dir='ltr'><strong><em>Atque</em></strong></span> 
     </span>
    </p>
   </div>
   <div class='ocr_carea' id='block_1_77' title="bbox 2092 3769 3669 3835">
    <p class='ocr_par' dir='ltr' id='par_1_77' title="bbox 2092 3769 3669 3835">
     <span class='ocr_line' id='line_1_77' title="bbox 2092 3769 3669 3835; baseline 0.008 -12"><span class='ocrx_word' id='word_1_560' title='bbox 2092 3770 2295 3825; x_wconf 89' lang='lat' dir='ltr'><strong><em>iterum</em></strong></span> <span class='ocrx_word' id='word_1_561' title='bbox 2346 3770 2672 3825; x_wconf 88' lang='lat' dir='ltr'><strong><em>muliebrem</em></strong></span> <span class='ocrx_word' id='word_1_562' title='bbox 2720 3769 2971 3824; x_wconf 86' lang='lat' dir='ltr'><strong><em>habitum</em></strong></span> <span class='ocrx_word' id='word_1_563' title='bbox 3010 3772 3267 3828; x_wconf 92' lang='lat' dir='ltr'><strong><em>omnibus</em></strong></span> <span class='ocrx_word' id='word_1_564' title='bbox 3307 3775 3571 3834; x_wconf 87' lang='lat' dir='ltr'><strong><em>asciticiis</em></strong></span> <span class='ocrx_word' id='word_1_565' title='bbox 3611 3788 3669 3835; x_wconf 87' lang='lat' dir='ltr'>et</span> 
     </span>
    </p>
   </div>
   <div class='ocr_carea' id='block_1_78' title="bbox 2090 3861 3670 3934">
    <p class='ocr_par' dir='ltr' id='par_1_78' title="bbox 2090 3861 3670 3934">
     <span class='ocr_line' id='line_1_78' title="bbox 2090 3861 3670 3934; baseline 0.004 -16"><span class='ocrx_word' id='word_1_566' title='bbox 2090 3863 2434 3934; x_wconf 85' lang='lat' dir='ltr'><strong><em>appositieiis</em></strong></span> <span class='ocrx_word' id='word_1_567' title='bbox 2496 3861 2664 3917; x_wconf 83' lang='lat' dir='ltr'><strong><em>rebus</em></strong></span> <span class='ocrx_word' id='word_1_568' title='bbox 2731 3863 3005 3930; x_wconf 84' lang='lat' dir='ltr'><strong><em>exquisite</em></strong></span> <span class='ocrx_word' id='word_1_569' title='bbox 3075 3866 3541 3934; x_wconf 66' lang='lat' dir='ltr'><strong><em>reprtesentabat,</em></strong></span> <span class='ocrx_word' id='word_1_570' title='bbox 3600 3885 3670 3925; x_wconf 89' lang='lat' dir='ltr'>ac</span> 
     </span>
    </p>
   </div>
   <div class='ocr_carea' id='block_1_79' title="bbox 2090 3952 3668 4025">
    <p class='ocr_par' dir='ltr' id='par_1_79' title="bbox 2090 3952 3668 4025">
     <span class='ocr_line' id='line_1_79' title="bbox 2090 3952 3668 4025; baseline 0.003 -17"><span class='ocrx_word' id='word_1_571' title='bbox 2090 3954 2311 4025; x_wconf 88' lang='lat' dir='ltr'><strong><em>quidvis</em></strong></span> <span class='ocrx_word' id='word_1_572' title='bbox 2340 3954 2527 4023; x_wconf 88' lang='lat' dir='ltr'><strong><em>potius</em></strong></span> <span class='ocrx_word' id='word_1_573' title='bbox 2555 3966 2720 4021; x_wconf 86' lang='lat' dir='ltr'><strong><em>quam</em></strong></span> <span class='ocrx_word' id='word_1_574' title='bbox 2765 3954 2930 4006; x_wconf 79' lang='lat' dir='ltr'><strong><em>homo</em></strong></span> <span class='ocrx_word' id='word_1_575' title='bbox 2974 3952 3274 4024; x_wconf 82' lang='lat' dir='ltr'><strong><em>imperator</em></strong></span> <span class='ocrx_word' id='word_1_576' title='bbox 3312 3956 3489 4012; x_wconf 88' lang='lat' dir='ltr'><strong><em>videri</em></strong></span> <span class='ocrx_word' id='word_1_577' title='bbox 3544 3975 3668 4014; x_wconf 84' lang='lat' dir='ltr'>ma-</span> 
     </span>
    </p>
   </div>
   <div class='ocr_carea' id='block_1_80' title="bbox 2089 4042 3662 4114">
    <p class='ocr_par' dir='ltr' id='par_1_80' title="bbox 2089 4042 3662 4114">
     <span class='ocr_line' id='line_1_80' title="bbox 2089 4042 3662 4114; baseline 0.004 -15"><span class='ocrx_word' id='word_1_578' title='bbox 2089 4045 2257 4100; x_wconf 87' lang='lat' dir='ltr'><strong><em>lebat.</em></strong></span> <span class='ocrx_word' id='word_1_579' title='bbox 2292 4044 2429 4099; x_wconf 87' lang='lat' dir='ltr'>Cum</span> <span class='ocrx_word' id='word_1_580' title='bbox 2465 4042 2636 4114; x_wconf 88' lang='lat' dir='ltr'><strong><em>igitur</em></strong></span> <span class='ocrx_word' id='word_1_581' title='bbox 2653 4042 2952 4112; x_wconf 88' lang='lat' dir='ltr'><strong><em>aliquando</em></strong></span> <span class='ocrx_word' id='word_1_582' title='bbox 2968 4042 3121 4099; x_wconf 85' lang='lat' dir='ltr'><strong><em>Jovis</em></strong></span> <span class='ocrx_word' id='word_1_583' title='bbox 3145 4044 3337 4100; x_wconf 88' lang='lat' dir='ltr'><strong><em>babittt</em></strong></span> <span class='ocrx_word' id='word_1_584' title='bbox 3360 4047 3414 4101; x_wconf 93' lang='lat' dir='ltr'><strong><em>in</em></strong></span> <span class='ocrx_word' id='word_1_585' title='bbox 3436 4050 3662 4106; x_wconf 89' lang='lat' dir='ltr'><strong><em>sublimi</em></strong></span> 
     </span>
    </p>
   </div>
   <div class='ocr_carea' id='block_1_81' title="bbox 2089 4133 3667 4206">
    <p class='ocr_par' dir='ltr' id='par_1_81' title="bbox 2089 4133 3667 4206">
     <span class='ocr_line' id='line_1_81' title="bbox 2089 4133 3667 4206; baseline 0.005 -15"><span class='ocrx_word' id='word_1_586' title='bbox 2089 4136 2221 4191; x_wconf 88' lang='lat' dir='ltr'><strong><em>sella</em></strong></span> <span class='ocrx_word' id='word_1_587' title='bbox 2246 4137 2339 4206; x_wconf 83' lang='lat' dir='ltr'>jus</span> <span class='ocrx_word' id='word_1_588' title='bbox 2386 4134 2619 4199; x_wconf 86' lang='lat' dir='ltr'><strong><em>diceret,</em></strong></span> <span class='ocrx_word' id='word_1_589' title='bbox 2648 4133 2840 4189; x_wconf 78' lang='lat' dir='ltr'><strong><em>Gallus</em></strong></span> <span class='ocrx_word' id='word_1_590' title='bbox 2868 4134 3091 4203; x_wconf 89' lang='lat' dir='ltr'><strong><em>quidam</em></strong></span> <span class='ocrx_word' id='word_1_591' title='bbox 3130 4151 3197 4191; x_wconf 92' lang='lat' dir='ltr'>eo</span> <span class='ocrx_word' id='word_1_592' title='bbox 3241 4137 3362 4194; x_wconf 88' lang='lat' dir='ltr'><strong><em>viso</em></strong></span> <span class='ocrx_word' id='word_1_593' title='bbox 3409 4139 3574 4196; x_wconf 87' lang='lat' dir='ltr'><strong><em>risit&#39;:</em></strong></span> <span class='ocrx_word' id='word_1_594' title='bbox 3606 4155 3667 4199; x_wconf 86' lang='lat' dir='ltr'>et</span> 
     </span>
    </p>
   </div>
   <div class='ocr_carea' id='block_1_82' title="bbox 2091 4224 3663 4303">
    <p class='ocr_par' dir='ltr' id='par_1_82' title="bbox 2091 4224 3663 4303">
     <span class='ocr_line' id='line_1_82' title="bbox 2091 4224 3663 4303; baseline 0.003 -20"><span class='ocrx_word' id='word_1_595' title='bbox 2091 4244 2121 4283; x_wconf 89' lang='lat' dir='ltr'><strong><em>a</em></strong></span> <span class='ocrx_word' id='word_1_596' title='bbox 2160 4227 2294 4283; x_wconf 89' lang='lat' dir='ltr'><strong><em>Caio</em></strong></span> <span class='ocrx_word' id='word_1_597' title='bbox 2322 4234 2544 4297; x_wconf 84' lang='lat' dir='ltr'><strong><em>rogatus</em></strong></span> <span class='ocrx_word' id='word_1_598' title='bbox 2571 4244 2584 4278; x_wconf 90' lang='lat'>:</span> <span class='ocrx_word' id='word_1_599' title='bbox 2612 4224 2744 4292; x_wconf 83' lang='lat' dir='ltr'><strong><em>Quis</em></strong></span> <span class='ocrx_word' id='word_1_600' title='bbox 2771 4227 2819 4280; x_wconf 86' lang='lat' dir='ltr'>ei</span> <span class='ocrx_word' id='word_1_601' title='bbox 2857 4242 2966 4281; x_wconf 80' lang='lat' dir='ltr'><strong><em>esse</em></strong></span> <span class='ocrx_word' id='word_1_602' title='bbox 2988 4228 3298 4283; x_wconf 77' lang='lat' dir='ltr'><strong><em>videretur?</em></strong></span> <span class='ocrx_word' id='word_1_603' title='bbox 3339 4234 3621 4302; x_wconf 71' lang='lat' dir='ltr'><strong><em>respmldit</em></strong></span> <span class='ocrx_word' id='word_1_604' title='bbox 3646 4276 3663 4303; x_wconf 95' lang='lat'>,</span> 
     </span>
    </p>
   </div>
   <div class='ocr_carea' id='block_1_83' title="bbox 405 4287 1984 4393">
    <p class='ocr_par' dir='ltr' id='par_1_83' title="bbox 405 4317 1981 4393">
     <span class='ocr_line' id='line_1_83' title="bbox 405 4317 1981 4393; baseline -0.002 -20"><span class='ocrx_word' id='word_1_605' title='bbox 405 4321 660 4393; x_wconf 74' lang='grc' dir='ltr'>ἐγέλασε.</span> <span class='ocrx_word' id='word_1_606' title='bbox 706 4321 913 4375; x_wconf 84' lang='grc' dir='ltr'>Μαθὼν</span> <span class='ocrx_word' id='word_1_607' title='bbox 966 4318 1060 4373; x_wconf 80' lang='grc' dir='ltr'>οὖν</span> <span class='ocrx_word' id='word_1_608' title='bbox 1108 4319 1287 4381; x_wconf 80' lang='grc' dir='ltr'>τοῦτο,</span> <span class='ocrx_word' id='word_1_609' title='bbox 1338 4317 1605 4374; x_wconf 74' lang='grc' dir='ltr'>ἐκάλεσεν</span> <span class='ocrx_word' id='word_1_610' title='bbox 1653 4318 1818 4371; x_wconf 87' lang='grc' dir='ltr'>αὑτὸν</span> <span class='ocrx_word' id='word_1_611' title='bbox 1885 4318 1981 4370; x_wconf 86' lang='grc' dir='ltr'>καὶ</span> 
     </span>
    </p>
   </div>
   <div class='ocr_carea' id='block_1_84' title="bbox 2090 4287 3661 4393">
    <p class='ocr_par' dir='ltr' id='par_1_84' title="bbox 2090 4287 3661 4388">
     <span class='ocr_line' id='line_1_84' title="bbox 2090 4287 3661 4388; baseline 0.004 -17"><span class='ocrx_word' id='word_1_612' title='bbox 2090 4317 2339 4388; x_wconf 72' lang='lat' dir='ltr'><strong><em>Magnum</em></strong></span> <span class='ocrx_word' id='word_1_613' title='bbox 2385 4287 2797 4370; x_wconf 61' lang='lat' dir='ltr'><strong><em>deliramentum</em></strong></span> <span class='ocrx_word' id='word_1_614' title='bbox 2823 4357 2837 4381; x_wconf 94' lang='lat'>,</span> <span class='ocrx_word' id='word_1_615' title='bbox 2875 4316 3015 4371; x_wconf 88' lang='lat' dir='ltr'><strong><em>nihil</em></strong></span> <span class='ocrx_word' id='word_1_616' title='bbox 3050 4332 3215 4387; x_wconf 82' lang='lat' dir='ltr'><strong><em>grave</em></strong></span> <span class='ocrx_word' id='word_1_617' title='bbox 3257 4287 3471 4387; x_wconf 73' lang='lat' dir='ltr'><strong><em>passus.</em></strong></span> <span class='ocrx_word' id='word_1_618' title='bbox 3526 4287 3661 4380; x_wconf 68' lang='lat' dir='ltr'><strong><em>Nan;</em></strong></span> 
     </span>
    </p>
   </div>
   <div class='ocr_carea' id='block_1_85' title="bbox 405 4407 1977 4485">
    <p class='ocr_par' dir='ltr' id='par_1_85' title="bbox 405 4407 1977 4485">
     <span class='ocr_line' id='line_1_85' title="bbox 405 4407 1977 4485; baseline 0 -20"><span class='ocrx_word' id='word_1_619' title='bbox 405 4414 592 4485; x_wconf 67' lang='grc' dir='ltr'>ἤρετο,</span> <span class='ocrx_word' id='word_1_620' title='bbox 631 4411 696 4468; x_wconf 87' lang='grc' dir='ltr'>Τί</span> <span class='ocrx_word' id='word_1_621' title='bbox 718 4426 819 4466; x_wconf 86' lang='grc' dir='ltr'>σοι</span> <span class='ocrx_word' id='word_1_622' title='bbox 848 4412 1009 4467; x_wconf 78' lang='grc' dir='ltr'>δοκῶ</span> <span class='ocrx_word' id='word_1_623' title='bbox 1034 4407 1232 4485; x_wconf 69' lang='lat' dir='ltr'><strong><em>sirm;</em></strong></span> <span class='ocrx_word' id='word_1_624' title='bbox 1269 4412 1545 4476; x_wconf 78' lang='grc' dir='ltr'>κάκεῖνος,</span> <span class='ocrx_word' id='word_1_625' title='bbox 1596 4413 1762 4481; x_wconf 71' lang='grc' dir='ltr'>Μέγα</span> <span class='ocrx_word' id='word_1_626' title='bbox 1787 4426 1977 4479; x_wconf 79' lang='grc' dir='ltr'>παρα-</span> 
     </span>
    </p>
   </div>
   <div class='ocr_carea' id='block_1_86' title="bbox 403 4503 1975 4577">
    <p class='ocr_par' dir='ltr' id='par_1_86' title="bbox 403 4503 1975 4577">
     <span class='ocr_line' id='line_1_86' title="bbox 403 4503 1975 4577; baseline -0.002 -18"><span class='ocrx_word' id='word_1_627' title='bbox 403 4506 667 4576; x_wconf 74' lang='grc' dir='ltr'>λήρημα,</span> <span class='ocrx_word' id='word_1_628' title='bbox 697 4505 826 4577; x_wconf 80' lang='grc' dir='ltr'>ἔφη,</span> <span class='ocrx_word' id='word_1_629' title='bbox 867 4506 965 4560; x_wconf 77' lang='grc' dir='ltr'>καὶ</span> <span class='ocrx_word' id='word_1_630' title='bbox 994 4506 1145 4558; x_wconf 75' lang='grc' dir='ltr'>οὐδὲν</span> <span class='ocrx_word' id='word_1_631' title='bbox 1172 4505 1342 4557; x_wconf 74' lang='grc' dir='ltr'>ἔπαθε</span> <span class='ocrx_word' id='word_1_632' title='bbox 1374 4505 1571 4558; x_wconf 84' lang='grc' dir='ltr'>δεινόν·</span> <span class='ocrx_word' id='word_1_633' title='bbox 1600 4503 1975 4576; x_wconf 83' lang='grc' dir='ltr'>παρελογίσθη</span> 
     </span>
    </p>
   </div>
   <div class='ocr_carea' id='block_1_87' title="bbox 403 4595 1972 4669">
    <p class='ocr_par' dir='ltr' id='par_1_87' title="bbox 403 4595 1972 4669">
     <span class='ocr_line' id='line_1_87' title="bbox 403 4595 1972 4669; baseline -0.001 -19"><span class='ocrx_word' id='word_1_634' title='bbox 403 4599 514 4669; x_wconf 87' lang='grc' dir='ltr'>γὰρ</span> <span class='ocrx_word' id='word_1_635' title='bbox 549 4598 881 4669; x_wconf 73' lang='grc' dir='ltr'>σκυτοτόμος</span> <span class='ocrx_word' id='word_1_636' title='bbox 911 4597 1007 4652; x_wconf 84' lang='grc' dir='ltr'>ῶν.</span> <span class='ocrx_word' id='word_1_637' title='bbox 1056 4596 1363 4661; x_wconf 72' lang='grc' dir='ltr'>Ἠσπάζετό</span> <span class='ocrx_word' id='word_1_638' title='bbox 1396 4613 1455 4650; x_wconf 89' lang='grc' dir='ltr'>τε</span> <span class='ocrx_word' id='word_1_639' title='bbox 1487 4595 1736 4667; x_wconf 83' lang='grc' dir='ltr'>βραχεῖς,</span> <span class='ocrx_word' id='word_1_640' title='bbox 1771 4599 1885 4658; x_wconf 75' lang='grc' dir='ltr'>τοῖς</span> <span class='ocrx_word' id='word_1_641' title='bbox 1928 4596 1972 4649; x_wconf 85' lang='grc' dir='ltr'>δ’</span> 
     </span>
    </p>
   </div>
   <div class='ocr_carea' id='block_1_88' title="bbox 402 4687 1983 4761">
    <p class='ocr_par' dir='ltr' id='par_1_88' title="bbox 402 4687 1983 4761">
     <span class='ocr_line' id='line_1_88' title="bbox 402 4687 1983 4761; baseline -0.002 -16"><span class='ocrx_word' id='word_1_642' title='bbox 402 4690 586 4752; x_wconf 71' lang='grc' dir='ltr'>ἄλλοις</span> <span class='ocrx_word' id='word_1_643' title='bbox 618 4691 713 4742; x_wconf 86' lang='grc' dir='ltr'>καὶ</span> <span class='ocrx_word' id='word_1_644' title='bbox 748 4692 854 4742; x_wconf 89' lang='grc' dir='ltr'>τῶν</span> <span class='ocrx_word' id='word_1_645' title='bbox 891 4687 1198 4761; x_wconf 74' lang='grc' dir='ltr'>βουλευτῶν</span> <span class='ocrx_word' id='word_1_646' title='bbox 1236 4689 1270 4760; x_wconf 86' lang='grc' dir='ltr'>ἢ</span> <span class='ocrx_word' id='word_1_647' title='bbox 1301 4691 1399 4759; x_wconf 82' lang='grc' dir='ltr'>τὴν</span> <span class='ocrx_word' id='word_1_648' title='bbox 1449 4692 1610 4759; x_wconf 88' lang='grc' dir='ltr'>χεῖρα</span> <span class='ocrx_word' id='word_1_649' title='bbox 1642 4692 1674 4760; x_wconf 84' lang='grc' dir='ltr'>ἢ</span> <span class='ocrx_word' id='word_1_650' title='bbox 1708 4689 1800 4742; x_wconf 70' lang='grc' dir='ltr'>τὸν</span> <span class='ocrx_word' id='word_1_651' title='bbox 1844 4688 1983 4742; x_wconf 81' lang='grc' dir='ltr'>πόδα</span> 
     </span>
    </p>
   </div>
   <div class='ocr_carea' id='block_1_89' title="bbox 409 4764 1981 4853">
    <p class='ocr_par' dir='ltr' id='par_1_89' title="bbox 409 4764 1981 4853">
     <span class='ocr_line' id='line_1_89' title="bbox 409 4764 1981 4853; baseline -0.001 -18"><span class='ocrx_word' id='word_1_652' title='bbox 409 4780 588 4852; x_wconf 59' lang='lat' dir='ltr'><strong><em>(pays</em></strong></span> <span class='ocrx_word' id='word_1_653' title='bbox 645 4764 996 4853; x_wconf 79' lang='grc' dir='ltr'>προσκυνεῖν.</span> <span class='ocrx_word' id='word_1_654' title='bbox 1059 4780 1270 4844; x_wconf 87' lang='grc' dir='ltr'>Πάντες</span> <span class='ocrx_word' id='word_1_655' title='bbox 1323 4780 1381 4833; x_wconf 87' lang='grc' dir='ltr'>δέ</span> <span class='ocrx_word' id='word_1_656' title='bbox 1425 4781 1588 4834; x_wconf 78' lang='grc' dir='ltr'>αὑτὸν</span> <span class='ocrx_word' id='word_1_657' title='bbox 1632 4782 1981 4835; x_wconf 83' lang='grc' dir='ltr'>ἐκολάκευον.</span> 
     </span>
    </p>
   </div>
   <div class='ocr_carea' id='block_1_90' title="bbox 403 4872 1982 4943">
    <p class='ocr_par' dir='ltr' id='par_1_90' title="bbox 403 4872 1982 4943">
     <span class='ocr_line' id='line_1_90' title="bbox 403 4872 1982 4943; baseline -0.003 -13"><span class='ocrx_word' id='word_1_658' title='bbox 403 4873 513 4930; x_wconf 83' lang='grc' dir='ltr'>Καί</span> <span class='ocrx_word' id='word_1_659' title='bbox 541 4890 678 4926; x_wconf 88' lang='grc' dir='ltr'>ποτε</span> <span class='ocrx_word' id='word_1_660' title='bbox 720 4873 810 4927; x_wconf 77' lang='grc' dir='ltr'>τὸν</span> <span class='ocrx_word' id='word_1_661' title='bbox 833 4873 1067 4927; x_wconf 84' lang='grc' dir='ltr'>Λούκιον</span> <span class='ocrx_word' id='word_1_662' title='bbox 1114 4872 1423 4926; x_wconf 83' lang='grc' dir='ltr'>υὺῖτέλλιον</span> <span class='ocrx_word' id='word_1_663' title='bbox 1465 4873 1632 4943; x_wconf 84' lang='grc' dir='ltr'>ἄνδρα</span> <span class='ocrx_word' id='word_1_664' title='bbox 1656 4874 1856 4941; x_wconf 81' lang='grc' dir='ltr'>εὐγενῆ</span> <span class='ocrx_word' id='word_1_665' title='bbox 1890 4875 1982 4925; x_wconf 77' lang='grc' dir='ltr'>καὶ</span> 
     </span>
    </p>
   </div>
   <div class='ocr_carea' id='block_1_91' title="bbox 402 4965 1976 5037">
    <p class='ocr_par' dir='ltr' id='par_1_91' title="bbox 402 4965 1976 5037">
     <span class='ocr_line' id='line_1_91' title="bbox 402 4965 1976 5037; baseline -0.001 -19"><span class='ocrx_word' id='word_1_666' title='bbox 402 4968 723 5036; x_wconf 80' lang='grc' dir='ltr'>φρονήσεως</span> <span class='ocrx_word' id='word_1_667' title='bbox 762 4965 821 5019; x_wconf 73' lang='grc' dir='ltr'>εὖ</span> <span class='ocrx_word' id='word_1_668' title='bbox 860 4966 1053 5036; x_wconf 77' lang='grc' dir='ltr'>ἔχοντα</span> <span class='ocrx_word' id='word_1_669' title='bbox 1091 4966 1277 5037; x_wconf 74' lang='grc' dir='ltr'>ᾕρετο,</span> <span class='ocrx_word' id='word_1_670' title='bbox 1327 4969 1392 5037; x_wconf 84' lang='grc' dir='ltr'>τῇ</span> <span class='ocrx_word' id='word_1_671' title='bbox 1439 4966 1646 5037; x_wconf 81' lang='grc' dir='ltr'>Σελήνῃ</span> <span class='ocrx_word' id='word_1_672' title='bbox 1681 4965 1976 5035; x_wconf 81' lang='grc' dir='ltr'>μίγνυσθαι</span> 
     </span>
    </p>
   </div>
   <div class='ocr_carea' id='block_1_92' title="bbox 401 5057 1976 5133">
    <p class='ocr_par' dir='ltr' id='par_1_92' title="bbox 401 5057 1976 5133">
     <span class='ocr_line' id='line_1_92' title="bbox 401 5057 1976 5133; baseline -0.001 -23"><span class='ocrx_word' id='word_1_673' title='bbox 401 5058 601 5126; x_wconf 73' lang='grc' dir='ltr'>λέγων,</span> <span class='ocrx_word' id='word_1_674' title='bbox 653 5058 881 5130; x_wconf 79' lang='grc' dir='ltr'>είὸρῴη</span> <span class='ocrx_word' id='word_1_675' title='bbox 945 5058 1045 5133; x_wconf 76' lang='grc' dir='ltr'>τὴν</span> <span class='ocrx_word' id='word_1_676' title='bbox 1106 5060 1229 5111; x_wconf 65' lang='grc' dir='ltr'>θεὸν</span> <span class='ocrx_word' id='word_1_677' title='bbox 1288 5058 1558 5112; x_wconf 78' lang='grc' dir='ltr'>συνοῦσαν</span> <span class='ocrx_word' id='word_1_678' title='bbox 1601 5057 1770 5128; x_wconf 80' lang='grc' dir='ltr'>αὐτῷ.</span> <span class='ocrx_word' id='word_1_679' title='bbox 1821 5057 1886 5111; x_wconf 83' lang='grc' dir='ltr'>Ὀ</span> <span class='ocrx_word' id='word_1_680' title='bbox 1921 5058 1976 5109; x_wconf 78' lang='grc' dir='ltr'>δὲ</span> 
     </span>
    </p>
   </div>
   <div class='ocr_carea' id='block_1_93' title="bbox 400 5145 1979 5220">
    <p class='ocr_par' dir='ltr' id='par_1_93' title="bbox 400 5145 1979 5220">
     <span class='ocr_line' id='line_1_93' title="bbox 400 5145 1979 5220; baseline -0.001 -19"><span class='ocrx_word' id='word_1_681' title='bbox 400 5149 554 5202; x_wconf 86' lang='grc' dir='ltr'>κάτω</span> <span class='ocrx_word' id='word_1_682' title='bbox 587 5148 780 5215; x_wconf 86' lang='grc' dir='ltr'>νεύων,</span> <span class='ocrx_word' id='word_1_683' title='bbox 820 5145 911 5204; x_wconf 75' lang='grc' dir='ltr'>οἷα</span> <span class='ocrx_word' id='word_1_684' title='bbox 953 5150 1018 5220; x_wconf 81' lang='grc' dir='ltr'>δὴ</span> <span class='ocrx_word' id='word_1_685' title='bbox 1046 5149 1320 5219; x_wconf 82' lang='grc' dir='ltr'>τεθηπὼς,</span> <span class='ocrx_word' id='word_1_686' title='bbox 1354 5151 1448 5203; x_wconf 77' lang='grc' dir='ltr'>καὶ</span> <span class='ocrx_word' id='word_1_687' title='bbox 1509 5149 1682 5220; x_wconf 82' lang='grc' dir='ltr'>βραχύ</span> <span class='ocrx_word' id='word_1_688' title='bbox 1715 5166 1768 5201; x_wconf 89' lang='grc' dir='ltr'>τι</span> <span class='ocrx_word' id='word_1_689' title='bbox 1815 5149 1979 5219; x_wconf 78' lang='grc' dir='ltr'>φθεγ-</span> 
     </span>
    </p>
   </div>
   <div class='ocr_carea' id='block_1_94' title="bbox 400 5235 1975 5309">
    <p class='ocr_par' dir='ltr' id='par_1_94' title="bbox 400 5235 1975 5309">
     <span class='ocr_line' id='line_1_94' title="bbox 400 5235 1975 5309; baseline 0.001 -21"><span class='ocrx_word' id='word_1_690' title='bbox 400 5235 636 5306; x_wconf 79' lang='grc' dir='ltr'>ξάμενος</span> <span class='ocrx_word' id='word_1_691' title='bbox 689 5240 785 5291; x_wconf 77' lang='grc' dir='ltr'>καὶ</span> <span class='ocrx_word' id='word_1_692' title='bbox 827 5239 1159 5309; x_wconf 75' lang='grc' dir='ltr'>ὑπότρομον,</span> <span class='ocrx_word' id='word_1_693' title='bbox 1197 5239 1389 5308; x_wconf 76' lang='grc' dir='ltr'>Ὑμῖν,</span> <span class='ocrx_word' id='word_1_694' title='bbox 1455 5238 1585 5306; x_wconf 76' lang='grc' dir='ltr'>ἔφη,</span> <span class='ocrx_word' id='word_1_695' title='bbox 1642 5237 1768 5306; x_wconf 79' lang='grc' dir='ltr'>τοῖς</span> <span class='ocrx_word' id='word_1_696' title='bbox 1790 5238 1975 5304; x_wconf 80' lang='grc' dir='ltr'>θεοῖς,</span> 
     </span>
    </p>
   </div>
   <div class='ocr_carea' id='block_1_95' title="bbox 395 5325 1976 5399">
    <p class='ocr_par' dir='ltr' id='par_1_95' title="bbox 395 5325 1976 5399">
     <span class='ocr_line' id='line_1_95' title="bbox 395 5325 1976 5399; baseline 0.002 -20"><span class='ocrx_word' id='word_1_697' title='bbox 395 5325 687 5394; x_wconf 74' lang='grc' dir='ltr'>δέσποτα,</span> <span class='ocrx_word' id='word_1_698' title='bbox 712 5329 928 5397; x_wconf 73' lang='grc' dir='ltr'>μόνοις</span> <span class='ocrx_word' id='word_1_699' title='bbox 975 5329 1295 5397; x_wconf 72' lang='grc' dir='ltr'>ἀλλήλους</span> <span class='ocrx_word' id='word_1_700' title='bbox 1328 5327 1477 5399; x_wconf 81' lang='grc' dir='ltr'>ὀρᾷν</span> <span class='ocrx_word' id='word_1_701' title='bbox 1501 5329 1763 5394; x_wconf 70' lang='grc' dir='ltr'>ἔξεστιν.</span> <span class='ocrx_word' id='word_1_702' title='bbox 1817 5331 1976 5382; x_wconf 76' lang='grc' dir='ltr'>Οὕτω</span> 
     </span>
    </p>
   </div>
   <div class='ocr_carea' id='block_1_96' title="bbox 2083 4406 3660 4482">
    <p class='ocr_par' dir='ltr' id='par_1_96' title="bbox 2083 4406 3660 4482">
     <span class='ocr_line' id='line_1_96' title="bbox 2083 4406 3660 4482; baseline 0.004 -17"><span class='ocrx_word' id='word_1_703' title='bbox 2083 4425 2209 4465; x_wconf 91' lang='lat' dir='ltr'><strong><em>cum</em></strong></span> <span class='ocrx_word' id='word_1_704' title='bbox 2245 4417 2403 4463; x_wconf 85' lang='lat' dir='ltr'><strong><em>sutor</em></strong></span> <span class='ocrx_word' id='word_1_705' title='bbox 2430 4416 2608 4472; x_wconf 89' lang='lat' dir='ltr'><strong><em>esset,</em></strong></span> <span class='ocrx_word' id='word_1_706' title='bbox 2645 4406 3043 4477; x_wconf 82' lang='lat' dir='ltr'><strong><em>negligebatnr.</em></strong></span> <span class='ocrx_word' id='word_1_707' title='bbox 3091 4406 3364 4464; x_wconf 87' lang='lat' dir='ltr'><strong><em>Salutavit</em></strong></span> <span class='ocrx_word' id='word_1_708' title='bbox 3408 4427 3615 4482; x_wconf 85' lang='lat' dir='ltr'><strong><em>paucos</em></strong></span> <span class='ocrx_word' id='word_1_709' title='bbox 3646 4433 3660 4469; x_wconf 91' lang='lat'><strong>:</strong></span> 
     </span>
    </p>
   </div>
   <div class='ocr_carea' id='block_1_97' title="bbox 2085 4497 3661 4573">
    <p class='ocr_par' dir='ltr' id='par_1_97' title="bbox 2085 4497 3661 4573">
     <span class='ocr_line' id='line_1_97' title="bbox 2085 4497 3661 4573; baseline 0.001 -17"><span class='ocrx_word' id='word_1_710' title='bbox 2085 4500 2320 4562; x_wconf 65' lang='lat' dir='ltr'><strong><em>caeteris,</em></strong></span> <span class='ocrx_word' id='word_1_711' title='bbox 2373 4499 2540 4554; x_wconf 88' lang='lat' dir='ltr'><strong><em>etiam</em></strong></span> <span class='ocrx_word' id='word_1_712' title='bbox 2583 4497 2975 4562; x_wconf 89' lang='lat' dir='ltr'><strong><em>senatoribus,</em></strong></span> <span class='ocrx_word' id='word_1_713' title='bbox 3029 4512 3250 4553; x_wconf 86' lang='lat' dir='ltr'><strong><em>manum</em></strong></span> <span class='ocrx_word' id='word_1_714' title='bbox 3294 4509 3393 4555; x_wconf 87' lang='lat' dir='ltr'><strong><em>aut</em></strong></span> <span class='ocrx_word' id='word_1_715' title='bbox 3464 4505 3661 4573; x_wconf 85' lang='lat' dir='ltr'><strong><em>pedem</em></strong></span> 
     </span>
    </p>
   </div>
   <div class='ocr_carea' id='block_1_98' title="bbox 2083 4587 3661 4661">
    <p class='ocr_par' dir='ltr' id='par_1_98' title="bbox 2083 4587 3661 4661">
     <span class='ocr_line' id='line_1_98' title="bbox 2083 4587 3661 4661; baseline 0.003 -16"><span class='ocrx_word' id='word_1_716' title='bbox 2083 4590 2325 4661; x_wconf 79' lang='lat' dir='ltr'><strong><em>porrexit</em></strong></span> <span class='ocrx_word' id='word_1_717' title='bbox 2358 4589 2720 4643; x_wconf 86' lang='lat' dir='ltr'><strong><em>adorandum.</em></strong></span> <span class='ocrx_word' id='word_1_718' title='bbox 2753 4587 2890 4643; x_wconf 87' lang='lat' dir='ltr'>Cum</span> <span class='ocrx_word' id='word_1_719' title='bbox 2937 4603 3132 4644; x_wconf 90' lang='lat' dir='ltr'><strong><em>omnes</em></strong></span> <span class='ocrx_word' id='word_1_720' title='bbox 3177 4591 3228 4645; x_wconf 89' lang='lat' dir='ltr'>ei</span> <span class='ocrx_word' id='word_1_721' title='bbox 3260 4591 3622 4649; x_wconf 86' lang='lat' dir='ltr'><strong><em>adularentur</em></strong></span> <span class='ocrx_word' id='word_1_722' title='bbox 3646 4637 3661 4660; x_wconf 92' lang='lat'>,</span> 
     </span>
    </p>
   </div>
   <div class='ocr_carea' id='block_1_99' title="bbox 2082 4681 3665 4755">
    <p class='ocr_par' dir='ltr' id='par_1_99' title="bbox 2082 4681 3665 4755">
     <span class='ocr_line' id='line_1_99' title="bbox 2082 4681 3665 4755; baseline 0.003 -17"><span class='ocrx_word' id='word_1_723' title='bbox 2082 4683 2378 4755; x_wconf 87' lang='lat' dir='ltr'><strong><em>aliquando</em></strong></span> <span class='ocrx_word' id='word_1_724' title='bbox 2406 4683 2471 4737; x_wconf 90' lang='lat' dir='ltr'>ad</span> <span class='ocrx_word' id='word_1_725' title='bbox 2500 4682 2563 4736; x_wconf 87' lang='lat' dir='ltr'><strong><em>L.</em></strong></span> <span class='ocrx_word' id='word_1_726' title='bbox 2598 4681 2878 4739; x_wconf 71' lang='lat' dir='ltr'><strong><em>Vitellium</em></strong></span> <span class='ocrx_word' id='word_1_727' title='bbox 2899 4721 2915 4748; x_wconf 95' lang='lat'>,</span> <span class='ocrx_word' id='word_1_728' title='bbox 2946 4682 3124 4737; x_wconf 86' lang='lat' dir='ltr'><strong><em>virum</em></strong></span> <span class='ocrx_word' id='word_1_729' title='bbox 3170 4685 3412 4739; x_wconf 80' lang='lat' dir='ltr'><strong><em>nubilem</em></strong></span> <span class='ocrx_word' id='word_1_730' title='bbox 3445 4695 3500 4742; x_wconf 93' lang='lat' dir='ltr'>et</span> <span class='ocrx_word' id='word_1_731' title='bbox 3538 4704 3665 4743; x_wconf 79' lang='lat' dir='ltr'><strong><em>eor-</em></strong></span> 
     </span>
    </p>
   </div>
   <div class='ocr_carea' id='block_1_100' title="bbox 2082 4774 3664 4852">
    <p class='ocr_par' dir='ltr' id='par_1_100' title="bbox 2082 4774 3664 4852">
     <span class='ocr_line' id='line_1_100' title="bbox 2082 4774 3664 4852; baseline 0.001 -18"><span class='ocrx_word' id='word_1_732' title='bbox 2082 4778 2294 4841; x_wconf 84' lang='lat' dir='ltr'><strong><em>datum,</em></strong></span> <span class='ocrx_word' id='word_1_733' title='bbox 2333 4774 2473 4830; x_wconf 85' lang='lat' dir='ltr'><strong><em>dixit</em></strong></span> <span class='ocrx_word' id='word_1_734' title='bbox 2512 4790 2572 4829; x_wconf 90' lang='lat' dir='ltr'>se</span> <span class='ocrx_word' id='word_1_735' title='bbox 2604 4790 2730 4830; x_wconf 90' lang='lat' dir='ltr'>cum</span> <span class='ocrx_word' id='word_1_736' title='bbox 2779 4775 2933 4830; x_wconf 88' lang='lat' dir='ltr'><strong>Luna</strong></span> <span class='ocrx_word' id='word_1_737' title='bbox 2977 4791 3091 4830; x_wconf 89' lang='lat' dir='ltr'>rem</span> <span class='ocrx_word' id='word_1_738' title='bbox 3146 4778 3351 4834; x_wconf 78' lang='lat' dir='ltr'><strong><em>habere</em></strong></span> <span class='ocrx_word' id='word_1_739' title='bbox 3379 4797 3392 4834; x_wconf 91' lang='lat'><strong>:</strong></span> <span class='ocrx_word' id='word_1_740' title='bbox 3422 4795 3664 4852; x_wconf 86' lang='lat' dir='ltr'><strong><em>eumque</em></strong></span> 
     </span>
    </p>
   </div>
   <div class='ocr_carea' id='block_1_101' title="bbox 2083 4862 3662 4936">
    <p class='ocr_par' dir='ltr' id='par_1_101' title="bbox 2083 4862 3662 4936">
     <span class='ocr_line' id='line_1_101' title="bbox 2083 4862 3662 4936; baseline 0.003 -16"><span class='ocrx_word' id='word_1_741' title='bbox 2083 4864 2320 4936; x_wconf 74' lang='lat' dir='ltr'><strong><em>rogavit,</em></strong></span> <span class='ocrx_word' id='word_1_742' title='bbox 2359 4878 2430 4917; x_wconf 91' lang='lat' dir='ltr'>an</span> <span class='ocrx_word' id='word_1_743' title='bbox 2462 4862 2579 4916; x_wconf 67' lang='lat' dir='ltr'><strong><em>deas</em></strong></span> <span class='ocrx_word' id='word_1_744' title='bbox 2603 4877 2960 4932; x_wconf 89' lang='lat' dir='ltr'><strong><em>congressum</em></strong></span> <span class='ocrx_word' id='word_1_745' title='bbox 2992 4864 3248 4919; x_wconf 80' lang='lat' dir='ltr'><strong><em>vidisset.</em></strong></span> <span class='ocrx_word' id='word_1_746' title='bbox 3290 4866 3339 4921; x_wconf 90' lang='lat' dir='ltr'><strong><em>ls</em></strong></span> <span class='ocrx_word' id='word_1_747' title='bbox 3377 4883 3509 4924; x_wconf 87' lang='lat' dir='ltr'><strong><em>vero</em></strong></span> <span class='ocrx_word' id='word_1_748' title='bbox 3556 4870 3662 4925; x_wconf 85' lang='lat' dir='ltr'>hn-</span> 
     </span>
    </p>
   </div>
   <div class='ocr_carea' id='block_1_102' title="bbox 2084 4958 3659 5032">
    <p class='ocr_par' dir='ltr' id='par_1_102' title="bbox 2084 4958 3659 5032">
     <span class='ocr_line' id='line_1_102' title="bbox 2084 4958 3659 5032; baseline 0.003 -17"><span class='ocrx_word' id='word_1_749' title='bbox 2084 4976 2233 5015; x_wconf 90' lang='lat' dir='ltr'><strong><em>mum</em></strong></span> <span class='ocrx_word' id='word_1_750' title='bbox 2267 4960 2490 5015; x_wconf 90' lang='lat' dir='ltr'><strong><em>intuens</em></strong></span> <span class='ocrx_word' id='word_1_751' title='bbox 2515 4958 2696 5013; x_wconf 83' lang='lat' dir='ltr'><strong><em>instar</em></strong></span> <span class='ocrx_word' id='word_1_752' title='bbox 2723 4958 3072 5024; x_wconf 87' lang='lat' dir='ltr'><strong><em>admirantis,</em></strong></span> <span class='ocrx_word' id='word_1_753' title='bbox 3097 4961 3294 5032; x_wconf 81' lang='lat' dir='ltr'><strong><em>exigua</em></strong></span> <span class='ocrx_word' id='word_1_754' title='bbox 3334 4971 3391 5016; x_wconf 87' lang='lat' dir='ltr'>et</span> <span class='ocrx_word' id='word_1_755' title='bbox 3421 4967 3659 5020; x_wconf 87' lang='lat' dir='ltr'><strong><em>tremula</em></strong></span> 
     </span>
    </p>
   </div>
   <div class='ocr_carea' id='block_1_103' title="bbox 2084 5049 3657 5120">
    <p class='ocr_par' dir='ltr' id='par_1_103' title="bbox 2084 5049 3657 5120">
     <span class='ocr_line' id='line_1_103' title="bbox 2084 5049 3657 5120; baseline 0.001 -14"><span class='ocrx_word' id='word_1_756' title='bbox 2084 5067 2221 5106; x_wconf 76' lang='lat' dir='ltr'><strong><em>voce</em></strong></span> <span class='ocrx_word' id='word_1_757' title='bbox 2254 5070 2273 5106; x_wconf 73' lang='grc' dir='ltr'>ε.</span> <span class='ocrx_word' id='word_1_758' title='bbox 2317 5049 2490 5116; x_wconf 81' lang='lat' dir='ltr'><strong><em>Vobis,</em></strong></span> <span class='ocrx_word' id='word_1_759' title='bbox 2524 5050 2723 5120; x_wconf 88' lang='lat' dir='ltr'><strong><em>inquit,</em></strong></span> <span class='ocrx_word' id='word_1_760' title='bbox 2761 5051 2892 5106; x_wconf 84' lang='lat' dir='ltr'><strong><em>diuis</em></strong></span> <span class='ocrx_word' id='word_1_761' title='bbox 2920 5051 3186 5106; x_wconf 77' lang='lat' dir='ltr'><strong><em>duntaxat</em></strong></span> <span class='ocrx_word' id='word_1_762' title='bbox 3209 5095 3222 5117; x_wconf 91' lang='lat'>,</span> <span class='ocrx_word' id='word_1_763' title='bbox 3255 5055 3465 5108; x_wconf 85' lang='lat' dir='ltr'><strong><em>domine</em></strong></span> <span class='ocrx_word' id='word_1_764' title='bbox 3485 5095 3499 5114; x_wconf 92' lang='lat'>,</span> <span class='ocrx_word' id='word_1_765' title='bbox 3528 5056 3657 5109; x_wconf 77' lang='lat' dir='ltr'><strong><em>inui-</em></strong></span> 
     </span>
    </p>
   </div>
   <div class='ocr_carea' id='block_1_104' title="bbox 2077 5142 3660 5213">
    <p class='ocr_par' dir='ltr' id='par_1_104' title="bbox 2077 5142 3660 5213">
     <span class='ocr_line' id='line_1_104' title="bbox 2077 5142 3660 5213; baseline 0.002 -15"><span class='ocrx_word' id='word_1_766' title='bbox 2077 5162 2192 5199; x_wconf 77' lang='lat' dir='ltr'>cem</span> <span class='ocrx_word' id='word_1_767' title='bbox 2223 5144 2417 5199; x_wconf 83' lang='lat' dir='ltr'><strong><em>intueri</em></strong></span> <span class='ocrx_word' id='word_1_768' title='bbox 2460 5143 2545 5213; x_wconf 82' lang='lat' dir='ltr'>fas</span> <span class='ocrx_word' id='word_1_769' title='bbox 2583 5152 2677 5197; x_wconf 81' lang='lat' dir='ltr'><strong><em>est.</em></strong></span> <span class='ocrx_word' id='word_1_770' title='bbox 2726 5142 2784 5198; x_wconf 86' lang='lat' dir='ltr'><strong>In</strong></span> <span class='ocrx_word' id='word_1_771' title='bbox 2839 5159 2958 5198; x_wconf 85' lang='lat' dir='ltr'>eam</span> <span class='ocrx_word' id='word_1_772' title='bbox 2988 5158 3154 5213; x_wconf 87' lang='lat' dir='ltr'><strong><em>porro</em></strong></span> <span class='ocrx_word' id='word_1_773' title='bbox 3181 5145 3450 5199; x_wconf 89' lang='lat' dir='ltr'><strong><em>insaniam</em></strong></span> <span class='ocrx_word' id='word_1_774' title='bbox 3495 5143 3660 5201; x_wconf 86' lang='lat' dir='ltr'><strong><em>Caius</em></strong></span> 
     </span>
    </p>
   </div>
   <div class='ocr_carea' id='block_1_105' title="bbox 2082 5235 3659 5307">
    <p class='ocr_par' dir='ltr' id='par_1_105' title="bbox 2082 5235 3659 5307">
     <span class='ocr_line' id='line_1_105' title="bbox 2082 5235 3659 5307; baseline 0.002 -14"><span class='ocrx_word' id='word_1_775' title='bbox 2082 5240 2271 5300; x_wconf 84' lang='lat' dir='ltr'><strong><em>venit,</em></strong></span> <span class='ocrx_word' id='word_1_776' title='bbox 2308 5247 2368 5292; x_wconf 93' lang='lat' dir='ltr'>ut</span> <span class='ocrx_word' id='word_1_777' title='bbox 2397 5237 2467 5291; x_wconf 89' lang='lat' dir='ltr'>ab</span> <span class='ocrx_word' id='word_1_778' title='bbox 2510 5237 2729 5293; x_wconf 82' lang='lat' dir='ltr'><strong><em>Asianis</em></strong></span> <span class='ocrx_word' id='word_1_779' title='bbox 2776 5236 2944 5291; x_wconf 83' lang='lat' dir='ltr'><strong><em>Mileti</em></strong></span> <span class='ocrx_word' id='word_1_780' title='bbox 2982 5236 3240 5307; x_wconf 89' lang='lat' dir='ltr'><strong><em>templum</em></strong></span> <span class='ocrx_word' id='word_1_781' title='bbox 3288 5235 3392 5292; x_wconf 90' lang='lat' dir='ltr'><strong><em>sibi</em></strong></span> <span class='ocrx_word' id='word_1_782' title='bbox 3439 5237 3659 5307; x_wconf 69' lang='lat' dir='ltr'><strong><em>jubere!</em></strong></span> 
     </span>
    </p>
   </div>
   <div class='ocr_carea' id='block_1_106' title="bbox 2080 5328 3655 5399">
    <p class='ocr_par' dir='ltr' id='par_1_106' title="bbox 2080 5328 3655 5399">
     <span class='ocr_line' id='line_1_106' title="bbox 2080 5328 3655 5399; baseline 0.001 -15"><span class='ocrx_word' id='word_1_783' title='bbox 2080 5330 2314 5384; x_wconf 66' lang='lat' dir='ltr'><strong><em>cxszrui.</em></strong></span> <span class='ocrx_word' id='word_1_784' title='bbox 2363 5330 2508 5384; x_wconf 88' lang='lat' dir='ltr'><strong><em>Sunt</em></strong></span> <span class='ocrx_word' id='word_1_785' title='bbox 2553 5340 2608 5383; x_wconf 88' lang='lat' dir='ltr'>et</span> <span class='ocrx_word' id='word_1_786' title='bbox 2658 5330 2847 5384; x_wconf 67' lang='lat' dir='ltr'><strong><em>Romae</em></strong></span> <span class='ocrx_word' id='word_1_787' title='bbox 2877 5328 2990 5382; x_wconf 91' lang='lat' dir='ltr'>duo</span> <span class='ocrx_word' id='word_1_788' title='bbox 3033 5328 3083 5383; x_wconf 88' lang='lat' dir='ltr'>ei</span> <span class='ocrx_word' id='word_1_789' title='bbox 3124 5329 3323 5399; x_wconf 78' lang='lat' dir='ltr'><strong><em>templa</em></strong></span> <span class='ocrx_word' id='word_1_790' title='bbox 3381 5328 3655 5385; x_wconf 79' lang='lat' dir='ltr'><strong><em>condita:</em></strong></span> 
     </span>
    </p>
   </div>
   <div class='ocr_carea' id='block_1_107' title="bbox 1603 5442 3513 5511">
    <p class='ocr_par' dir='ltr' id='par_1_107' title="bbox 1603 5442 3513 5511">
     <span class='ocr_line' id='line_1_107' title="bbox 1603 5442 3513 5511; baseline 0.002 -3"><span class='ocrx_word' id='word_1_791' title='bbox 1603 5448 1804 5508; x_wconf 68' lang='lat' dir='ltr'><strong><em>Varia:</em></strong></span> <span class='ocrx_word' id='word_1_792' title='bbox 1832 5446 2139 5508; x_wconf 86' lang='lat' dir='ltr'><strong><em>lectiones</em></strong></span> <span class='ocrx_word' id='word_1_793' title='bbox 2170 5455 2231 5507; x_wconf 81' lang='lat' dir='ltr'>et</span> <span class='ocrx_word' id='word_1_794' title='bbox 2259 5455 2451 5507; x_wconf 67' lang='lat' dir='ltr'><strong><em>notae.</em></strong></span> <span class='ocrx_word' id='word_1_795' title='bbox 3124 5442 3137 5455; x_wconf 89' lang='grc'><em>’</em></span> <span class='ocrx_word' id='word_1_796' title='bbox 3486 5482 3513 5511; x_wconf 72' lang='grc' dir='ltr'><strong><em>ο</em></strong></span> 
     </span>
    </p>
   </div>
   <div class='ocr_carea' id='block_1_108' title="bbox 470 5572 1977 5644">
    <p class='ocr_par' dir='ltr' id='par_1_108' title="bbox 470 5572 1977 5644">
     <span class='ocr_line' id='line_1_108' title="bbox 470 5572 1977 5644; baseline -0.002 -14"><span class='ocrx_word' id='word_1_797' title='bbox 470 5573 582 5644; x_wconf 76' lang='grc'>(92)</span> <span class='ocrx_word' id='word_1_798' title='bbox 613 5572 889 5643; x_wconf 83' lang='grc' dir='ltr'>Κρατῆρα</span> <span class='ocrx_word' id='word_1_799' title='bbox 920 5574 1016 5625; x_wconf 80' lang='grc' dir='ltr'>καὶ</span> <span class='ocrx_word' id='word_1_800' title='bbox 1056 5574 1286 5640; x_wconf 67' lang='grc' dir='ltr'>θύρσον</span> <span class='ocrx_word' id='word_1_801' title='bbox 1340 5572 1561 5642; x_wconf 66' lang='grc' dir='ltr'>φέρειν.</span> <span class='ocrx_word' id='word_1_802' title='bbox 1608 5573 1744 5627; x_wconf 86' lang='lat' dir='ltr'>Cum</span> <span class='ocrx_word' id='word_1_803' title='bbox 1778 5575 1977 5644; x_wconf 79' lang='lat' dir='ltr'><strong><em>Diony-</em></strong></span> 
     </span>
    </p>
   </div>
   <div class='ocr_carea' id='block_1_109' title="bbox 393 5644 1970 5708">
    <p class='ocr_par' dir='ltr' id='par_1_109' title="bbox 393 5644 1970 5708">
     <span class='ocr_line' id='line_1_109' title="bbox 393 5644 1970 5708; baseline -0.003 -8"><span class='ocrx_word' id='word_1_804' title='bbox 393 5645 539 5700; x_wconf 67' lang='lat' dir='ltr'><strong><em>sium</em></strong></span> <span class='ocrx_word' id='word_1_805' title='bbox 591 5660 688 5697; x_wconf 88' lang='lat' dir='ltr'>seu</span> <span class='ocrx_word' id='word_1_806' title='bbox 748 5645 1020 5699; x_wconf 79' lang='lat' dir='ltr'><strong><em>Bacchum</em></strong></span> <span class='ocrx_word' id='word_1_807' title='bbox 1050 5658 1108 5697; x_wconf 86' lang='lat' dir='ltr'>se</span> <span class='ocrx_word' id='word_1_808' title='bbox 1149 5644 1378 5697; x_wconf 81' lang='lat' dir='ltr'><strong><em>diceret.</em></strong></span> <span class='ocrx_word' id='word_1_809' title='bbox 1413 5644 1757 5708; x_wconf 79' lang='lat' dir='ltr'><strong><em>Eustathitts,</em></strong></span> <span class='ocrx_word' id='word_1_810' title='bbox 1806 5646 1866 5700; x_wconf 89' lang='lat' dir='ltr'><strong><em>ll.</em></strong></span> <span class='ocrx_word' id='word_1_811' title='bbox 1914 5662 1970 5697; x_wconf 86' lang='lat' dir='ltr'>t:</span> 
     </span>
    </p>
   </div>
   <div class='ocr_carea' id='block_1_110' title="bbox 399 5714 1972 5783">
    <p class='ocr_par' dir='ltr' id='par_1_110' title="bbox 399 5714 1972 5783">
     <span class='ocr_line' id='line_1_110' title="bbox 399 5714 1972 5783; baseline -0.002 -14"><span class='ocrx_word' id='word_1_812' title='bbox 399 5716 521 5769; x_wconf 79' lang='grc' dir='ltr'>’Ἔτι</span> <span class='ocrx_word' id='word_1_813' title='bbox 555 5715 611 5767; x_wconf 84' lang='grc' dir='ltr'>δὲ</span> <span class='ocrx_word' id='word_1_814' title='bbox 644 5717 738 5766; x_wconf 72' lang='grc' dir='ltr'>καὶ</span> <span class='ocrx_word' id='word_1_815' title='bbox 763 5716 859 5783; x_wconf 78' lang='grc' dir='ltr'>τὴν</span> <span class='ocrx_word' id='word_1_816' title='bbox 887 5716 1212 5783; x_wconf 75' lang='grc' dir='ltr'>(ἀπόνοιαν)</span> <span class='ocrx_word' id='word_1_817' title='bbox 1241 5714 1335 5765; x_wconf 79' lang='grc' dir='ltr'>τοῦ</span> <span class='ocrx_word' id='word_1_818' title='bbox 1379 5716 1778 5783; x_wconf 73' lang='grc' dir='ltr'>αὐτοκράτορος</span> <span class='ocrx_word' id='word_1_819' title='bbox 1812 5715 1972 5766; x_wconf 70' lang='grc' dir='ltr'>Γαΐου</span> 
     </span>
    </p>
   </div>
   <div class='ocr_carea' id='block_1_111' title="bbox 393 5785 1973 5854">
    <p class='ocr_par' dir='ltr' id='par_1_111' title="bbox 393 5785 1973 5854">
     <span class='ocr_line' id='line_1_111' title="bbox 393 5785 1973 5854; baseline -0.003 -16"><span class='ocrx_word' id='word_1_820' title='bbox 393 5785 489 5839; x_wconf 75' lang='grc' dir='ltr'>τοῦ</span> <span class='ocrx_word' id='word_1_821' title='bbox 516 5802 609 5841; x_wconf 77' lang='grc' dir='ltr'>και</span> <span class='ocrx_word' id='word_1_822' title='bbox 638 5785 948 5853; x_wconf 65' lang='grc' dir='ltr'>Καλλίγολα</span> <span class='ocrx_word' id='word_1_823' title='bbox 975 5799 1106 5852; x_wconf 78' lang='grc' dir='ltr'>φασι</span> <span class='ocrx_word' id='word_1_824' title='bbox 1140 5791 1678 5854; x_wconf 71' lang='grc' dir='ltr'>προσαγορευθέντος</span> <span class='ocrx_word' id='word_1_825' title='bbox 1700 5788 1787 5837; x_wconf 58' lang='grc' dir='ltr'>δά</span> <span class='ocrx_word' id='word_1_826' title='bbox 1827 5787 1883 5841; x_wconf 79' lang='grc' dir='ltr'>τὸ</span> <span class='ocrx_word' id='word_1_827' title='bbox 1914 5790 1973 5835; x_wconf 79' lang='grc' dir='ltr'>εν</span> 
     </span>
    </p>
   </div>
   <div class='ocr_carea' id='block_1_112' title="bbox 2087 5567 3658 5643">
    <p class='ocr_par' dir='ltr' id='par_1_112' title="bbox 2087 5567 3658 5643">
     <span class='ocr_line' id='line_1_112' title="bbox 2087 5567 3658 5643; baseline 0 -18"><span class='ocrx_word' id='word_1_828' title='bbox 2087 5591 2188 5641; x_wconf 87' lang='grc' dir='ltr'>στρ</span> <span class='ocrx_word' id='word_1_829' title='bbox 2203 5575 2439 5643; x_wconf 61' lang='grc' dir='ltr'>[τοπέδῳ</span> <span class='ocrx_word' id='word_1_830' title='bbox 2475 5573 2837 5642; x_wconf 81' lang='grc' dir='ltr'>γεννηθῆναι·</span> <span class='ocrx_word' id='word_1_831' title='bbox 2864 5585 3020 5643; x_wconf 83' lang='grc' dir='ltr'>ουτος</span> <span class='ocrx_word' id='word_1_832' title='bbox 3053 5567 3153 5639; x_wconf 80' lang='grc' dir='ltr'>μὲν</span> <span class='ocrx_word' id='word_1_833' title='bbox 3176 5567 3284 5637; x_wconf 82' lang='grc' dir='ltr'>γάρ</span> <span class='ocrx_word' id='word_1_834' title='bbox 3308 5567 3658 5643; x_wconf 65' lang='grc' dir='ltr'>ὑπερφρονῆο</span> 
     </span>
    </p>
   </div>
   <div class='ocr_carea' id='block_1_113' title="bbox 2087 5637 3651 5707">
    <p class='ocr_par' dir='ltr' id='par_1_113' title="bbox 2087 5637 3651 5707">
     <span class='ocr_line' id='line_1_113' title="bbox 2087 5637 3651 5707; baseline -0.004 -13"><span class='ocrx_word' id='word_1_835' title='bbox 2087 5637 2181 5695; x_wconf 39' lang='grc' dir='ltr'>σοι..</span> <span class='ocrx_word' id='word_1_836' title='bbox 2211 5645 2283 5705; x_wconf 71' lang='grc' dir='ltr'>ὡς</span> <span class='ocrx_word' id='word_1_837' title='bbox 2325 5637 2602 5707; x_wconf 37' lang='lat' dir='ltr'><strong><em>autem</em></strong></span> <span class='ocrx_word' id='word_1_838' title='bbox 2629 5637 2867 5703; x_wconf 48' lang='grc' dir='ltr'>’κάλλεα</span> <span class='ocrx_word' id='word_1_839' title='bbox 2922 5637 3064 5700; x_wconf 62' lang='grc' dir='ltr'>Νέοέ</span> <span class='ocrx_word' id='word_1_840' title='bbox 3126 5656 3185 5691; x_wconf 89' lang='grc' dir='ltr'>τε</span> <span class='ocrx_word' id='word_1_841' title='bbox 3214 5637 3505 5703; x_wconf 80' lang='grc' dir='ltr'>Διονύσιος</span> <span class='ocrx_word' id='word_1_842' title='bbox 3533 5637 3651 5692; x_wconf 70' lang='grc' dir='ltr'>ἐκαρ</span> 
     </span>
    </p>
   </div>
   <div class='ocr_carea' id='block_1_114' title="bbox 2084 5708 3662 5796">
    <p class='ocr_par' dir='ltr' id='par_1_114' title="bbox 2084 5708 3662 5781">
     <span class='ocr_line' id='line_1_114' title="bbox 2084 5708 3662 5781; baseline 0.001 -19"><span class='ocrx_word' id='word_1_843' title='bbox 2084 5713 2250 5773; x_wconf 73' lang='grc' dir='ltr'>λΞῖῖο,</span> <span class='ocrx_word' id='word_1_844' title='bbox 2295 5717 2389 5767; x_wconf 73' lang='grc' dir='ltr'>καὶ</span> <span class='ocrx_word' id='word_1_845' title='bbox 2430 5715 2792 5781; x_wconf 72' lang='grc' dir='ltr'>Διονυσιακὴν</span> <span class='ocrx_word' id='word_1_846' title='bbox 2830 5712 3012 5765; x_wconf 78' lang='grc' dir='ltr'>πᾶσαν</span> <span class='ocrx_word' id='word_1_847' title='bbox 3037 5708 3273 5764; x_wconf 85' lang='grc' dir='ltr'>ἐνδύνων</span> <span class='ocrx_word' id='word_1_848' title='bbox 3308 5712 3505 5781; x_wconf 71' lang='grc' dir='ltr'>στολὴν</span> <span class='ocrx_word' id='word_1_849' title='bbox 3556 5709 3662 5771; x_wconf 65' lang='grc' dir='ltr'>ἐδίι</span> 
     </span>
    </p>
   </div>
   <div class='ocr_carea' id='block_1_115' title="bbox 2079 5800 2270 5846">
    <p class='ocr_par' dir='ltr' id='par_1_115' title="bbox 2079 5800 2270 5846">
     <span class='ocr_line' id='line_1_115' title="bbox 2079 5800 2270 5846; baseline 0.01 -10"><span class='ocrx_word' id='word_1_850' title='bbox 2079 5800 2270 5846; x_wconf 50' lang='grc' dir='ltr'>κάξεν.</span> 
     </span>
    </p>
   </div>
  </div>
