4048 6392
386 431 496 495 915

1635 425 2041 488 ANNALIUM
2083 427 2227 488 LIB.
2271 427 2377 489 Xl.

3482 488 3487 491 ,
3555 431 3662 497 946

381 542 853 615 δημοκρατεῖσθαι
887 543 1086 606 ἐδόκει,
1128 543 1178 594 οἱ
1209 542 1267 596 δὲ
1318 540 1718 612 μοναρχεῖσθαι
1751 542 1848 592 καὶ
1878 537 1967 591 αὖ⁸

2081 539 2374 608 imperium
2409 539 2657 604 laudant,
2684 550 2743 593 et
2773 557 2837 595 ex
2880 541 2967 595 his
2995 540 3087 594 alii
3121 540 3289 595 alium
3318 542 3615 612 pra-ferunt
3644 559 3659 598 :

385 638 470 699 Οις
501 634 743 706 ἔκρινον.
780 634 891 688 Καὶ
929 634 1138 688 τούτων
1168 634 1218 686 oi
1256 632 1356 705 μὲν
1404 631 1579 695 τόνδε,
1612 631 1662 682 οί
1714 628 1773 682 δὲ
1820 628 1971 681 τόνδε

384 724 635 794 ᾑροῦντο.
672 722 791 778 Κάν
811 723 986 795 τούτῳ
1015 722 1345 794 στρατιῶταί
1398 738 1545 784 τινες
1571 721 1650 782 είς
1684 717 1747 771 τὸ
1794 717 1970 770 παλά-

383 834 518 881 τιον,
553 816 642 870 ἵνα
680 833 733 869 τι
783 816 1164 885 διαρπάσωσιν
1212 815 1652 884 εἰσπηδήσαντες
1703 803 1866 882 εὖρον
1914 811 1973 864 ὲν

383 912 635 979 σκοτεινῇ
689 909 870 980 γωνίᾳ
911 908 1440 978 κατακρυπτόμενόν
1497 924 1600 961 που
1635 906 1728 959 τὸν
1782 903 1971 959 [Qa-3-

385 1001 496 1054 διον
532 1002 728 1075 (συνῆν
749 1002 860 1075 γὰρ
904 1001 983 1073 τῷ
1012 1003 1161 1073 Γαΐῳ
1195 1001 1288 1056 τοῦ
1338 1001 1569 1072 θεάτρου
1604 999 1970 1070 ἐξερχομένῳ,

387 1094 483 1146 καὶ
510 1097 610 1165 τὴν
642 1095 891 1165 ταραχὴν
920 1094 1183 1166 φοϐηθεὶς
1238 1093 1602 1165 κατεκρύϐη),
1664 1092 1758 1146 καὶ
1804 1091 1975 1156 ἐξεῖλ-

387 1204 484 1240 κον
520 1186 683 1241 αὐτὸν
741 1187 816 1259 μὴ
872 1187 1076 1252 εἰδότες
1107 1189 1255 1251 ὅστις
1296 1182 1387 1258 ἦν*
1449 1186 1674 1256 γνόντες
1725 1186 1780 1239 δὲ
1813 1184 1974 1237 αύτο⁸

387 1280 638 1352 κράτορά
667 1298 726 1332 τε
760 1282 1242 1353 προσηγόρευσαν,
1273 1283 1366 1335 καὶ
1396 1284 1454 1346 ἐς
1497 1284 1559 1334 ea
1592 1280 1964 1352 στρατόπεδον

383 1372 616 1441 ἤγαγον,
648 1374 747 1426 καὶ
783 1375 857 1443 μή
919 1390 1070 1438 τινος
1118 1373 1495 1437 ἐνδοιάσαντος
1551 1374 1789 1437 ἅπαντες
1822 1373 1974 1446 αὖτῷ

384 1465 447 1515 τὸ
477 1463 679 1534 κράτος
710 1462 1033 1528 δεδώκασιν,
1070 1466 1145 1529 ὡς
1180 1469 1243 1520 ἐκ
1272 1465 1463 1534 γένους
1491 1464 1607 1518 ὄντι
1660 1465 1969 1536 βασιλικοῦ,

388 1557 479 1609 καὶ
510 1556 859 1628 νομιζομένῳ
890 1559 1145 1614 ἐπιεικεῖ.
1185 1556 1247 1611 Εἰ
1287 1561 1395 1630 γὰρ
1444 1559 1538 1611 καὶ
1590 1556 1847 1611 ἀνεδύετο
1878 1558 1973 1610 καὶ

384 1649 698 1718 ἀντέλεγεν,
725 1650 843 1704 ἀλλ’
866 1651 991 1705 ὅσον
1027 1651 1282 1718 ἐξίστατο
1308 1652 1403 1704 καὶ
1426 1650 1743 1716 ἀντέκειτο,
1766 1650 1963 1703 τοσοῦ-

382 1756 475 1792 τον
506 1741 711 1811 μᾶλλον
744 1742 1225 1810 ἀντεφιλονείκουν
1273 1743 1323 1795 οί
1355 1738 1696 1812 στρατιῶται
1728 1741 1804 1812 μὴ
1837 1745 1975 1811 παρ’

382 1832 589 1897 ἐτέρων
618 1831 802 1886 λαϐεῖν
825 1835 1234 1904 αὐτοκράτορα,
1271 1833 1388 1888 ἀλλ’
1413 1834 1570 1887 αὐτοὶ
1598 1832 1784 1887 δοῦναι
1811 1835 1967 1886 πᾶσι.

382 1924 477 1977 Διὸ
508 1925 601 1978 διαὶ
660 1925 831 1990 ἄκων,
870 1926 946 1990 ὡς
998 1927 1197 1992 ἐδῦκει,
1254 1926 1529 1996 ὑπέκυψε.
1574 1925 1857 1988 Μαθόντες
1915 1924 1970 1978 δέ

384 2017 478 2069 καὶ
508 2018 557 2069 οί
604 2014 802 2070 ὕπατοι
824 2018 918 2072 καὶ
979 2019 1030 2071 οί
1089 2018 1403 2088 βουλευταὶ,
1450 2017 1551 2089 ἥδη
1606 2015 1974 2089 προκατειλῆ-

386 2105 521 2174 φθαι
555 2105 655 2176 τὴν
686 2107 883 2179 ἀρχὴν,
922 2107 1020 2161 καὶ
1054 2108 1212 2163 αὐτοὶ
1259 2108 1647 2179 ὡμολόγησαν.
1688 2108 1800 2161 Καὶ
1828 2105 1974 2160 οὕτω

385 2197 642 2268 Τιϐέριος
669 2199 936 2264 Κλαύδιος
963 2200 1158 2269 Νέρων
1188 2199 1552 2272 Γερμανικὸς,
1606 2201 1634 2253 ὁ
1671 2196 1768 2252 τοῦ
1808 2197 1976 2270 Δρού-

385 2306 481 2343 σου
504 2290 600 2344 τοῦ
626 2292 725 2361 τῆς
754 2292 951 2357 Λιϐίας
981 2293 1096 2364 (95)
1128 2292 1246 2347 υἱοῦ
1277 2294 1429 2359 παῖς,
1460 2294 1560 2364 τῆς
1592 2290 1972 2363 αὐτοκρατοῦς

386 2384 570 2455 ἀρχῆς
619 2384 835 2455 ἔτυχεν,
872 2385 1025 2455 ἄγων
1083 2386 1204 2451 ἔτος
1254 2386 1651 2458 πεντηκοστόν.
1722 2385 1975 2455 Ἐγένετο

382 2476 442 2530 δὲ
472 2479 571 2545 τὴν
591 2478 771 2549 ψυχὴν
798 2480 861 2535 οὐ
894 2479 1119 2550 φαῦλος,
1150 2480 1288 2535 ἀλλὰ
1312 2482 1410 2535 καὶ
1439 2483 1497 2535 ἐν
1522 2480 1745 2552 παιδείᾳ
1799 2480 1975 2551 ἠσκη-

380 2586 467 2636 τσ,
497 2567 639 2623 ὥστε
668 2571 765 2624 καὶ
790 2572 1107 2644 συγγράψαι
1134 2572 1276 2627 τινά.
1304 2572 1378 2626 Τὸ
1410 2572 1468 2626 δὲ
1500 2571 1662 2642 σῶμα
1694 2572 1960 2642 νοσώδης,

382 2664 526 2717 πάνυ
542 2664 600 2718 δὲ
636 2666 1148 2738 ἐγυναικοκρστήθη
1202 2664 1325 2737 ἅμα
1371 2666 1466 2720 καὶ
1506 2654 1972 2737 ἐδουλοκρατήθη,

386 2755 484 2809 ἅτε
524 2759 619 2810 καὶ
648 2759 712 2811 ἐκ
741 2759 950 2812 παίδων
989 2758 1045 2811 ἔν
1068 2777 1130 2813 τε
1159 2760 1419 2831 νοσηλείᾳ
1446 2760 1543 2814 καὶ
1575 2761 1633 2813 ἐν
1666 2757 1817 2831 φόϐῳ
1844 2759 1977 2814 πολ·-

382 2847 463 2917 λῷ
498 2850 747 2921 τραφείς.
807 2851 1121 2905 Κάντεύθεν
1176 2852 1436 2923 εὐήθειαν
1494 2854 1593 2907 καὶ
1639 2852 1734 2906 ἐπὶ
1787 2852 1974 2907 πλεῖον

381 2942 482 3010 τῆς
528 2943 789 3012 ἀληθείας
824 2945 1364 3015 προσποιησάμενος,
1413 2946 1511 2998 καὶ
1559 2944 1726 3017 ἤθους
1779 2946 1976 3017 χαυνό-

384 3050 544 3103 τητα,
570 3035 709 3106 ὅπερ
742 3038 836 3089 καὶ
863 3037 1026 3101 αὐτὸς
1061 3039 1121 3091 ἐν
1149 3041 1215 3109 τῇ
1262 3037 1427 3110 βουλῇ
1487 3038 1834 3110 ὡμολόγησε*
1881 3040 1977 3093 καὶ

382 3127 553 3181 πολὺν
589 3127 688 3198 μὲν
717 3128 915 3201 χρόνον
953 3133 1020 3202 τῇ
1052 3129 1192 3201 τηθῇ
1228 3130 1403 3202 Λιϐίᾳ
1454 3130 1623 3185 πολὺν
1655 3131 1713 3184 δὲ
1752 3133 1820 3204 τῇ
1864 3149 1972 3203 μη-

2079 631 2292 685 iuterca
2330 630 2530 687 milites
2564 632 2777 703 aliquot
2824 633 3033 702 impetu
3081 634 3133 687 in
3186 634 3448 707 palatium
3499 635 3664 707 560

2077 724 2243 787 facto,
2299 730 2357 778 ut
2408 724 2615 794 aliquid
2666 733 2949 794 raperent,
2994 723 3284 779 Claudium
3312 705 3377 778 in
3423 705 3664 779 obscuro

2077 817 2278 888 angulo
2302 817 2609 873 latitantem
2641 825 2989 888 repererunt.
3024 818 3158 873 Nam
3191 833 3314 873 cum
3347 817 3480 873 Caio
3506 818 3664 872 thea-

2078 918 2165 964 tro
2222 911 2476 976 exierat,
2532 911 2886 980 tumultuque
2950 911 3177 967 territus
3224 926 3282 969 se
3335 910 3664 965 oceultarat.

2078 1003 2216 1057 Eum
2253 1003 2420 1073 igitur
2448 1011 2862 1074 protraxerunt,
2912 1002 3086 1071 ignari
3122 1003 3247 1071 quis
3278 1013 3426 1057 esset
3458 1021 3471 1055 :
3507 1002 3665 1072 agni-

2079 1104 2218 1159 tum,
2274 1094 2667 1165 imperatorem
2716 1096 3049 1150 salutarunt.
3096 1095 3154 1149 ln
3188 1103 3365 1150 castra
3399 1094 3666 1164 perducto

2075 1188 2215 1243 citra
2245 1188 2410 1243 ullam
2461 1188 2866 1244 dubitationem
2906 1203 3099 1243 omnes
3131 1188 3462 1243 detulerunt
3487 1188 3665 1257 impe-

2077 1278 2240 1346 rium,
2274 1279 2423 1349 quod
2474 1290 2531 1335 et
2576 1278 2811 1335 Caesarei
2852 1279 3074 1352 generis
3123 1287 3289 1342 esset,
3326 1287 3381 1332 et
3423 1279 3666 1333 clemens

2077 1372 2400 1427 haberetur.
2442 1373 2560 1428 Etsi
2603 1373 2751 1427 enim
2792 1371 3086 1427 recusabat
3131 1382 3187 1426 et
3239 1372 3621 1443 rcfragabatur
3648 1412 3664 1435 ,

2077 1473 2258 1518 tamen
2291 1473 2561 1535 quantum
2591 1465 2682 1521 ille
2717 1464 3084 1529 renitebatur,
3124 1479 3295 1533 seque
3325 1465 3663 1535 opponebat,

2077 1566 2290 1612 tantum
2331 1556 2536 1613 milites
2587 1558 3021 1623 contendebant,
3058 1574 3127 1613 ne
3173 1558 3243 1613 ab
3271 1557 3391 1613 aliis
3427 1559 3665 1627 impera-

2076 1658 2250 1703 torem
2281 1648 2620 1719 acciperent,
2659 1649 2754 1705 sed
2790 1649 2895 1721 ipsi
2926 1650 3187 1705 omnibus
3217 1649 3436 1705 darent.
3472 1648 3664 1720 Itaque

2077 1743 2286 1800 invitus
2312 1743 2557 1810 tandem,
2591 1752 2651 1799 ut
2675 1759 2788 1814 pra:
2813 1758 2872 1798 se
2902 1742 3136 1809 ferebat,
3163 1741 3272 1798 illis
3302 1741 3492 1797 cessit.
3518 1741 3664 1797 Cou-

2075 1838 2226 1893 sules
2270 1853 2403 1893 vero
2459 1847 2517 1893 et
2569 1848 2855 1892 senatores
2906 1835 3000 1891 ubi
3046 1838 3159 1908 jam
3217 1845 3663 1907 prrroccupatum

2075 1947 2198 1987 esse
2245 1930 2537 2001 imperium
2577 1928 2918 1994 didicerunt,
2962 1928 3065 1999 ipsi
3100 1943 3321 1999 quoque
3376 1929 3663 1984 renuntia-

2077 2022 2216 2077 tioui
2244 2023 2367 2094 ejus
2400 2030 2531 2078 sunt
2566 2023 2796 2079 assensi.
2831 2022 2910 2077 Ita
2937 2021 3197 2077 Tiberius
3219 2020 3484 2077 Claudius
3520 2021 3665 2077 Nero

2074 2113 2459 2178 Germanicus,
2488 2113 2658 2168 Livia:
2687 2129 2755 2169 ex
2794 2113 2973 2168 Druso
3007 2128 3205 2183 nepos,
3254 2113 3549 2183 imperium
3578 2118 3667 2167 est

2075 2204 2330 2274 adeptus,
2363 2220 2511 2259 anno
2542 2205 2723 2262 aetatis
2774 2205 3258 2276 quinquagesimo.
3311 2204 3535 2276 Ingenio
3564 2204 3667 2259 fuit

2075 2314 2191 2353 non
2241 2299 2672 2366 contemnendo,
2713 2307 2771 2354 et
2816 2298 3129 2370 disciplinis
3171 2299 3245 2354 ita
3279 2299 3557 2364 eruditus,
3608 2306 3667 2354 ut

2075 2391 2329 2462 quaedam
2354 2391 2772 2462 conscripserit.
2805 2390 3077 2447 Cancrum
3121 2391 3438 2448 valetudine
3471 2408 3666 2462 parum

2078 2488 2259 2553 ﬁrma,
2292 2488 2621 2544 mulieribus
2657 2497 2715 2544 et
2735 2488 2914 2544 servis
2970 2502 3170 2558 parere
3202 2486 3422 2553 solitus,
3458 2495 3519 2540 ut
3551 2486 3663 2557 jam

2077 2582 2206 2638 inde
2241 2598 2269 2636 a
2304 2583 2542 2653 pueritia
2601 2583 2655 2637 in
2691 2580 2904 2637 morbis
2947 2591 3004 2637 et
3047 2596 3247 2651 magno
3279 2589 3427 2634 metu
3461 2578 3657 2634 educa-

2079 2684 2187 2731 tus.
2226 2676 2384 2733 Unde
2415 2675 2807 2747 simplieiorem
2838 2684 2898 2731 et
2930 2673 3384 2729 dissolutioribus
3415 2672 3664 2728 moribus

2077 2783 2137 2824 se
2185 2783 2312 2825 esse
2361 2767 2540 2835 tinxit,
2590 2784 2756 2839 quam
2798 2783 2993 2823 revera
3027 2767 3152 2830 fuit,
3179 2766 3329 2837 quod
3361 2776 3418 2821 et
3453 2766 3569 2836 ipse
3606 2766 3660 2820 in

2078 2874 2275 2921 senatu
2306 2864 2594 2921 confessus
2623 2872 2708 2920 est
2734 2882 2749 2921 :
2808 2864 3032 2935 vitaque
3055 2864 3220 2935 longo
3252 2872 3503 2934 tempore
3536 2879 3662 2918 cum

2077 2958 2198 3014 avia
2228 2956 2383 3012 Livia
2414 2966 2470 3014 et
2498 2957 2736 3013 Antonia
2765 2965 2941 3012 matre
2979 2972 3044 3013 ac
3076 2956 3299 3012 libertis
3345 2964 3490 3019 acta,
3521 2956 3661 3010 nihil

2079 3050 2321 3122 ingenuo
2345 3049 2572 3121 dignum
2601 3066 2716 3121 prae
2753 3065 2812 3105 se
2854 3049 3000 3105 tulit.
3038 3049 3177 3105 Sunt
3223 3050 3273 3104 ei
3308 3058 3367 3105 et
3402 3048 3663 3104 mulieres

2079 3151 2137 3198 et
2175 3142 2361 3199 liberti
2395 3142 2450 3197 in
2485 3142 2987 3213 compotationibus
3031 3149 3090 3198 et
3131 3157 3190 3197 re
3241 3157 3474 3197 verenea
3530 3140 3662 3196 insi-

383 3225 474 3292 τρὶ
527 3222 812 3296 ’Δντωνίᾳ,
861 3225 975 3288 τοῖς
1036 3224 1085 3278 τ’
1112 3223 1508 3296 ἀπελευθέροις
1542 3224 1972 3296 συνδιαιτηθεὶς,

2080 3234 2240 3302 diati,
2269 3235 2473 3307 quibus
2498 3236 2748 3306 utrisque
2789 3234 2976 3290 satiari
3010 3250 3121 3290 non
3152 3240 3390 3305 poterat.
3431 3232 3514 3289 Ad
3548 3233 3664 3288 hare

384 3314 540 3367 οὐδὲν
579 3313 1054 3385 ἐλευθεροπρεπές
1093 3316 1471 3370 ἐπεδείκνυτο.
1554 3315 1901 3371 Ἐπετίθεντο
1930 3317 1974 3370 δ’

384 3404 540 3477 αὐτῷ
589 3407 647 3460 αἱ
701 3408 967 3476 γυναῖκές
1024 3425 1085 3460 τε
1125 3409 1219 3461 καὶ
1251 3409 1300 3462 οί
1337 3408 1702 3481 ἀπελεύθεροι
1755 3411 1813 3463 ἐν
1851 3412 1977 3475 ταῖς

385 3501 593 3571 μίξεσι,
636 3501 740 3555 κάν
792 3502 907 3565 τοῖς
940 3501 1148 3565 πότοις.
1190 3501 1341 3556 Πάνυ
1374 3501 1485 3572 γὰρ
1538 3502 1836 3573 ἀπλήστως
1866 3502 1976 3572 ἅμ-

385 3593 637 3663 φοτέροις
650 3593 994 3666 προσέκειτο,
1010 3594 1145 3666 πρὸς
1162 3594 1217 3648 δέ
1236 3598 1327 3648 καὶ⁵
1341 3594 1546 3648 δειλίαν
1564 3589 1698 3667 εἶχε.
1718 3594 1976 3658 Τοιοῦτος

382 3687 441 3741 δέ
463 3687 721 3758 πεφυκὼς
741 3688 838 3757 (ὡς
866 3688 1141 3744 συνελόντι
1172 3689 1372 3760 εἰπεῖν)
1396 3690 1548 3761 ὅμως
1573 3692 1675 3744 οὐκ
1691 3691 1850 3760 ὀλίγα
1879 3691 1976 3746 καὶ

383 3779 613 3845 δεόντως
659 3780 954 3853 ἔπραττεν,
1010 3782 1206 3847 ὁσάκις
1242 3784 1355 3836 τῶν
1405 3784 1717 3855 εἰρημένων
1782 3783 1976 3837 παθῶν

386 3873 493 3938 ἔξω
525 3872 756 3943 ἐγίνετο,
790 3876 886 3929 καλ⁸
923 3874 1121 3929 ἑαυτοῦ
1157 3876 1410 3947 ἐκράτει.
1445 3878 1563 3931 Οὔκ
1589 3876 1752 3941 εὐθὺς
1788 3877 1975 3947 μέντοι

387 3967 467 4029 εἰς
505 3966 605 4037 τὴν
657 3965 855 4037 βουλὴν
891 3967 1166 4037 εἰσῆλθεν,
1229 3967 1370 4021 ἀλλὰ
1436 3967 1578 4037 μετὰ
1637 3966 1974 4039 τριακοστὴν

389 4058 624 4129 ἡμέραν,
655 4058 743 4112 διά
775 4075 836 4113 τε
868 4060 960 4113 τὸν
991 4060 1153 4112 Γάϊον
1203 4058 1381 4123 οὕτως
1412 4059 1737 4113 ἀπολωλότα
1760 4058 1970 4123 δεδιὼς,

389 4154 483 4206 καὶ
510 4153 592 4205 ὅτι
629 4152 774 4215 τινὲς
807 4153 1008 4207 ἐαυτοῦ
1053 4153 1299 4223 βελτίους
1326 4155 1407 4217 εἰς
1455 4154 1555 4224 τὴν
1596 4152 1773 4224 ἀρχὴν
1821 4153 1974 4223 παρὰ

386 4236 490 4314 τῆς
518 4244 715 4316 βουλῆς
753 4245 1176 4316 ὠνομάσθησαν.
1224 4246 1387 4299 ’Λλλὰ
1418 4246 1488 4299 τά
1544 4263 1605 4298 τε
1644 4246 1784 4299 ἄλλα
1815 4246 1975 4314 ἀκρι-

389 4337 499 4401 ϐῶς
528 4336 884 4406 ἐφυλάσσετο,
913 4338 1009 4391 καὶ
1038 4339 1245 4401 πάντας
1273 4339 1401 4401 τοὺς
1430 4337 1579 4407 αὐτῷ
1640 4337 1970 4406 προσιέντας

388 4430 717 4500 ἐρευνᾶσθαι
742 4430 943 4493 ἐποίει,
974 4432 1048 4502 μή
1079 4447 1133 4482 τι
1168 4429 1400 4500 ξιφίδιον
1427 4429 1618 4499 ἔχωσι,
1647 4428 1745 4482 καὶ
1774 4430 1833 4481 ὲν
1859 4430 1973 4490 τοῖς

391 4521 714 4593 συμποσίοις
745 4525 1088 4591 στρατιώτας
1115 4516 1262 4593 εἶχεν
1310 4521 1460 4592 αὐτῷ
1490 4519 1772 4583 συνόντας·
1817 4519 1845 4571 ὃ
1876 4520 1973 4573 καὶ

391 4616 531 4685 μετὰ
564 4613 741 4667 ταῦτα
780 4614 1012 4684 ἐγίνετο.
1048 4616 1114 4667 Ἦ
1144 4615 1200 4667 δὲ
1228 4614 1335 4667 τῶν
1367 4613 1612 4683 ξιφιδίων
1640 4613 1840 4684 ἔρευνα
1883 4612 1973 4665 διὰ

391 4706 803 4760 Οὐεσπασιανοῦ
866 4704 1164 4760 ἐπαύσατο.
1228 4706 1333 4759 Τὸν
1401 4705 1501 4777 μὲν
1555 4702 1650 4759 οὗν
1711 4705 1977 4776 Χαιρέαν,

393 4802 484 4854 καί
537 4818 690 4864 τινας
746 4799 944 4863 ἄλλους
1000 4800 1349 4859 ἀπέκτεινεν,
1404 4800 1466 4852 ού
1505 4797 1596 4851 διὰ
1646 4797 1737 4850 τὸν
1792 4797 1974 4875 Γαῖον,

393 4893 509 4947 ἀλλ’
537 4892 719 4961 ἑαυτῷ
754 4892 1057 4961 ἀσξράλειαν
1091 4892 1566 4963 προμηθούμετος.
1626 4890 1739 4944 Καὶ
1780 4893 1807 4944 ὁ
1873 4890 1974 4942 Σα-

393 4985 542 5047 ϐῖνος
580 4984 639 5036 δὲ
689 4983 833 5036 ἐκὼν
884 4983 1146 5048 ἀπέθανε,
1192 4985 1267 5053 μὴ
1321 4983 1567 5050 ἀξιώσας
1618 4980 1975 5044 κολασθέντος

393 5076 492 5131 τοῦ
545 5076 787 5147 Χαιρέου
846 5075 1009 5139 αὐτὸς
1056 5077 1348 5145 περιεῖναι.
1415 5075 1526 5136 Τὰς
1559 5073 1616 5127 δὲ
1657 5072 1751 5126 τοῦ
1808 5073 1974 5126 Γαΐου

394 5169 631 5238 ἀδελφὰς
670 5170 771 5241 τήν
803 5186 862 5222 τε
907 5167 1278 5238 ’Λγριππίναν
1308 5168 1404 5221 καὶ
1449 5166 1548 5237 τὴν
1616 5165 1842 5219 Ἰουλίαν
1870 5181 1973 5217 κα-

395 5260 653 5331 ταγαγὼν
677 5264 743 5316 ἐκ
780 5261 882 5330 τῆς
916 5261 1239 5329 ὑπερορίας,
1274 5259 1371 5312 καὶ
1400 5260 1498 5322 τὰς
1545 5258 1736 5322 οὐσίας
1782 5257 1976 5319 αὐταῖς

395 5356 672 5421 ἀπέδωκε,
704 5356 801 5410 καλ⁵
838 5356 965 5419 τοὺς
999 5352 1196 5415 ἄλλους
1226 5354 1354 5416 τοὺς
1390 5350 1722 5413 ἐκπεσόντας
1773 5348 1976 5420 ὁμοίιος

395 5451 702 5521 κατήγαγε.
742 5448 850 5503 Καὶ
881 5448 1005 5509 τοὺς
1042 5446 1101 5501 ἐν
1144 5445 1391 5515 εἱρκταῖς
1438 5443 1763 5514 δεδεμένους
1796 5444 1975 5511 ἀκρι-

2083 3330 2311 3386 timidus
2351 3330 2479 3385 fuit.
2513 3330 2777 3397 Quamvis
2802 3339 2990 3386 autem
3029 3330 3252 3401 (utrem
3293 3329 3483 3400 paucis
3506 3345 3662 3385 eom-

2079 3423 2310 3494 plccrarl
2349 3424 2473 3478 talis
2501 3432 2689 3480 esset:
2740 3430 2923 3480 tamen
2956 3424 3125 3478 multa
3165 3431 3476 3492 opportune
3511 3423 3663 3483 fecit,

2078 3516 2299 3586 quoties
2332 3515 2484 3572 vitiis
2508 3515 2630 3571 istis
2652 3515 2894 3582 cvitatis,
2927 3515 3012 3571 sui
3039 3516 3184 3588 juris
3210 3515 3333 3570 fuit.
3365 3514 3425 3569 In
3453 3514 3663 3568 curiam

2078 3623 2190 3668 non
2222 3608 2432 3674 statim,
2458 3607 2554 3663 sed
2589 3608 2873 3665 tricesimo
2907 3608 2999 3664 die
3026 3618 3147 3679 post
3196 3609 3368 3672 venit,
3404 3616 3518 3661 tum
3545 3607 3662 3662 Caii

2081 3701 2308 3756 interitu
2339 3701 2592 3764 territus,
2618 3708 2734 3755 tum
2760 3700 2907 3771 quod
2931 3701 3103 3771 aliqui
3126 3700 3243 3770 ipso
3273 3700 3340 3754 ad
3366 3699 3681 3769 imperium.

2079 3791 2324 3860 aptiores
2356 3805 2385 3842 a
2416 3800 2610 3846 senatu
2656 3791 2927 3845 nominati
2959 3800 3139 3846 erant.
3173 3789 3313 3845 Cum
3347 3790 3564 3845 caeteris
3608 3789 3663 3842 iu

2078 3884 2247 3939 rebus
2275 3894 2534 3939 accurate
2585 3898 2646 3938 se
2694 3883 2983 3945 custodiit,
3020 3893 3144 3936 tum
3160 3897 3354 3937 omnes
3395 3897 3427 3936 a
3460 3880 3662 3952 quibus

2077 3974 2344 4035 adiretur,
2368 3971 2551 4027 excuti
2585 3972 2769 4043 jussit,
2806 3988 2873 4026 ne
2902 3972 3047 4027 sicas
3080 3971 3328 4025 ferrent:
3370 3978 3428 4026 et
3455 3970 3663 4024 milites

2076 4065 2142 4120 acl
2176 4063 2427 4119 convivia
2459 4078 2648 4119 secum
2678 4063 2925 4127 adduxit,
2956 4063 3104 4134 quod
3144 4063 3660 4133 deincepsquoque

2077 4155 2303 4209 factum.
2361 4152 2613 4209 Sicarum
2640 4168 2776 4208 vero
2810 4153 3103 4224 inquisitio
3135 4169 3232 4223 per
3265 4153 3660 4223 Vespasianum

2076 4246 2295 4301 sublata
2324 4254 2429 4301 est.
2462 4245 2748 4301 Cbaaream
2777 4252 2835 4299 et
2862 4244 3074 4314 aliquot
3102 4244 3244 4299 alios
3272 4243 3498 4304 occidit,
3550 4260 3658 4297 non

2078 4343 2137 4387 ut
2165 4331 2285 4387 Caii
2324 4347 2519 4387 necem
2565 4332 2949 4397 ulcisceretur,
2985 4332 3081 4387 sed
3124 4342 3184 4387 ut
3213 4332 3497 4388 securitati
3548 4348 3659 4387 sua:

2075 4422 2391 4477 consultum
2428 4430 2596 4477 esset.
2628 4420 2868 4477 Sabinus
2894 4422 3040 4478 ultro
3081 4422 3186 4501 sibi
3223 4438 3421 4477 manus
3450 4424 3658 4483 attulit,

2079 4513 2365 4585 indignum
2408 4522 2584 4578 ratus,
2609 4514 2655 4569 si
2686 4513 2912 4569 Chaerea
2940 4514 3233 4570 interfecto
3263 4525 3546 4584 superstes
3578 4531 3662 4571 es-

2078 4615 2184 4661 set.
2220 4606 2337 4661 Caii
2370 4622 2592 4662 sorores
2622 4608 2979 4677 Agrippinam
3011 4606 3170 4678 561
3203 4616 3259 4662 et
3279 4607 3480 4664 Juliam
3504 4623 3662 4662 revo-

2079 4698 2446 4765 cavit,,bonis
2472 4699 2765 4755 restitutis.
2815 4699 3021 4755 Eodem
3072 4700 3235 4755 modo
3260 4710 3490 4756 czcteros
3523 4715 3663 4769 quo-

2082 4808 2191 4863 que
2238 4793 2458 4852 exsules
2509 4794 2787 4849 tractavit.
2846 4794 2961 4849 Eos
2997 4795 3092 4865 qui
3144 4794 3450 4852 incarcere
3491 4794 3662 4846 vincti

2082 4891 2263 4948 erant,
2312 4891 2570 4939 accurate
2616 4884 2966 4954 exploravit:
3013 4901 3111 4955 per
3144 4885 3478 4941 calumniam
3508 4883 3663 4938 dela-

2084 4986 2169 5031 tos
2214 4977 2447 5043 dimisit,
2482 4986 2670 5033 sontes
2700 4978 2973 5049 supplicio
3001 4979 3207 5035 aﬂ‘ecit.
3244 4980 3489 5040 Venena,
3519 4993 3661 5046 quo-

2085 5082 2206 5129 rum
2242 5082 2438 5135 magna
2481 5068 2642 5137 c‘opia
2692 5067 2744 5123 in
2794 5068 2911 5125 Caii
2967 5070 3190 5125 scriniis
3219 5079 3305 5127 est
3336 5074 3571 5139 reperta,
3604 5075 3661 5121 et

2083 5159 2299 5215 libellos
2330 5159 2674 5229 Protogenis.
2710 5178 2873 5232 quem
2904 5163 3067 5218 etiam
3113 5164 3335 5225 occidit,
3369 5159 3657 5216 cremavit.

2085 5251 2324 5321 Scripta,
2346 5267 2470 5321 qua:
2491 5250 2654 5306 Caius
2679 5268 2737 5307 se
2766 5269 3039 5309 cremasse
3071 5255 3387 5313 allirmarat.
3416 5258 3659 5318 reperta,

2085 5342 2301 5398 senatui
2353 5342 2619 5405 ostendit,
2679 5344 3020 5415 legendaque
3067 5355 3174 5399 tam
3230 5345 3298 5399 iis
3347 5361 3377 5397 a
3432 5342 3658 5411 quibus,

2083 5451 2247 5506 quam
2279 5434 2346 5489 iis
2380 5447 2568 5490 contra
2595 5450 2733 5505 quos
2754 5437 2955 5506 scripta
2986 5446 3164 5500 erant,
3192 5435 3478 5491 exhibuit:
3509 5450 3659 5504 [ωει-

1602 5557 1803 5619 Variae
1835 5553 2142 5616 lectiones
2192 5534 2485 5609 etvnotaa.

476 5692 585 5762 (9‘3)
614 5688 1043 5762 Λιϐίαςκῐξοεᾼιο
1070 5689 1491 5762 quidemtum}!
1526 5683 1734 5747 Tiberii
1763 5678 1982 5738 Claudii

2088 5671 2325 5741 Wolﬁus
2350 5670 2542 5731 Λιϐίας
2567 5674 2880 5741 reposuerit
2907 5693 2918 5726 :
2955 5682 3104 5730 certe
3129 5673 3386 5730 eumdem
3413 5686 3662 5730 errorem

403 5740 643 5818 Nefrur’iis
683 5740 819 5815 uxor
845 5759 949 5813 fuit
977 5740 1132 5813 Livia
1159 5758 1420 5813 Drusilla.
1452 5756 1655 5811 Verum
1680 5744 1826 5808 'mss.
1858 5766 1973 5805 ont-

2083 5751 2233 5818 crrat
2256 5740 2649 5818 constantiuus
2673 5742 2721 5818 at
2741 5740 2950 5799 masSes
2976 5763 2990 5799 :

402 5850 502 5889 nes
536 5832 687 5901 Regii
712 5841 769 5887 ct
788 5829 1032 5901 Culbert.
1067 5841 1127 5882 ttt
1158 5839 1215 5883 ct
1237 5829 1376 5882 intra
1407 5843 1470 5901 p._
1498 5826 1600 5881 l85
1622 5836 1677 5879 et
1712 5824 1836 5901 ΨΟ,
1856 5822 1982 5899 ἰου-

400 5904 521 5961 λίαν
562 5895 849 5964 ue'rneratn
885 5898 1184 5966 praeferunt
1220 5915 1231 5951 :
1264 5914 1366 5954 nec
1395 5896 1512 5953 scio
1542 5913 1609 5952 an
1642 5912 1707 5953 ex
1761 5895 1983 5965 ingenio

2363 5827 2447 5885 τις
2476 5812 2840 5885 ὲτ-ταφρρδιτος
2871 5817 3192 5881 ευνέξευκτη
3222 5816 3464 5885 γαμέτη,

2196 5877 2385 5951 Νέρων
2417 5877 2640 5953 ἐκείνης
2674 5877 2742 5954 ἦν
2771 5885 2931 5957 ἀνὴρ,
2967 5877 3151 5960 ἐκείνη
3178 5877 3480 5943 διπλῆ.
