4048 6402
442 400 543 467 947

1706 400 2031 465 JOANNIS
2072 402 2390 463 ZONAIL'E

3600 390 3704 461 948

438 530 504 568 ea
554 514 782 569 exussit.
839 512 1066 570 Senatui
1110 515 1302 571 Caium
1378 516 1677 587 ignominia
1729 525 2011 579 notzuuro,

2117 512 2228 576 ϐὡς
2263 512 2547 578 ἐξετάσας,
2584 515 2711 577 τοὺς
2760 515 2859 584 μέν
2896 513 3451 585 συκοφαντουμένους
3504 512 3699 581 ἀφῆκε,

439 602 666 669 restitit,
720 604 1017 673 quominus
1064 605 1116 659 id
1168 604 1453 661 decretum
1505 606 1682 661 ﬁeret.
1736 607 1855 677 Ipse
1883 621 2015 659 vero

437 702 607 748 noctu
658 702 870 751 statuas
899 696 1020 761 ejus
1049 711 1243 752 omnes
1289 697 1532 764 sustulit,
1582 706 1638 753 et
1681 713 1804 767 qua:
1833 697 1914 750 vel
1946 696 2017 751 ab

438 784 584 853 ipso,
637 784 724 839 vel
765 785 834 840 ab
879 787 1003 844 aliis
1048 795 1276 858 propter
1326 788 1507 858 ipsum
1570 803 1860 858 perperam
1896 797 2016 841 acta

435 884 616 942 erant,
656 875 918 932 abolevit.
980 877 1202 934 Statuas
1234 878 1485 934 decretas
1533 878 1832 942 recusavit,
1882 878 2017 932 sibi-

436 977 545 1033 que
587 966 885 1022 sacriﬁcari
946 978 1041 1022 aut
1090 968 1323 1040 etiigiem
1358 985 1511 1026 suam
1564 970 1785 1025 adorari
1817 971 2013 1025 vetuit.

438 1050 593 1111 Fecit
644 1066 700 1113 et
733 1058 839 1113 alia
871 1060 1042 1114 multa
1094 1061 1147 1115 id
1198 1076 1371 1132 genus
1422 1062 1723 1126 moderate,
1780 1060 2012 1133 judicio,

436 1165 547 1204 non
580 1150 950 1209 simulatione.
982 1150 1175 1208 Filiam
1201 1164 1353 1210 certe
1385 1155 1613 1225 quidem
1643 1173 1807 1211 unam
1834 1157 1897 1213 L.
1921 1157 2012 1212 Ju-

436 1239 533 1293 nio
565 1239 794 1305 Sillano,
855 1243 1084 1297 alteram
1115 1243 1215 1300 Cn.
1256 1246 1519 1317 Pompeio
1548 1246 1743 1318 Magno
1776 1247 2017 1317 despon-

434 1330 539 1393 dit,
572 1333 726 1388 nullo
761 1334 1059 1391 immodico
1087 1347 1389 1407 apparatu:
1425 1355 1550 1394 nam
1586 1351 1643 1394 et
1674 1341 1790 1409 ipse
1821 1340 2016 1395 diebus

434 1416 547 1479 illis
572 1424 662 1495 jus
687 1425 847 1489 dixit.
891 1436 946 1483 et
975 1439 1200 1485 senatus
1236 1432 1518 1487 convenit.
1566 1430 1839 1489 Praeterea
1888 1450 2014 1488 cum

434 1516 694 1573 consules
723 1517 778 1573 in
801 1520 956 1574 curia
993 1522 1494 1590 consurrexissem,
1527 1533 1587 1578 ut
1617 1540 1742 1580 eum
1771 1525 2019 1596 alloque-

433 1616 649 1668 renlur.
702 1611 1008 1665 assurrexit
1036 1622 1091 1667 et
1138 1612 1275 1682 ipse,
1327 1622 1386 1669 et
1414 1614 1657 1669 vicissim
1685 1616 1768 1670 eis
1793 1615 2016 1671 obvium

430 1695 556 1751 ivit.
611 1698 835 1755 Privato
888 1712 944 1757 et
974 1702 1165 1759 Graaco
1197 1721 1353 1761 more
1389 1706 1716 1777 plerumque
1743 1722 1867 1762 cum
1901 1709 2017 1764 suis

430 1786 587 1843 vixit.
641 1788 697 1844 ln
752 1794 985 1861 pecunia
1038 1794 1348 1851 mirabilem
1402 1812 1463 1853 se
1513 1798 1788 1868 przebuit:
1840 1799 2016 1855 vetuit

2119 604 2244 667 τοὺς
2270 603 2324 656 δέ
2361 605 2849 675 κακουργήσαντάς
2891 622 2945 659 τι
3003 604 3250 659 ἐκόλασε.
3313 603 3433 657 Καὶ
3462 602 3532 654 τὰ
3571 599 3701 668 (gap-

2122 714 2273 764 μακα
2305 696 2341 750 ἃ
2371 696 2545 749 πολλὰ
2592 699 2651 749 ἐν
2706 696 2820 760 τοῖς
2869 696 2965 750 τοῦ
3020 696 3185 749 Paton
3239 694 3474 765 εὑρέθη,
3512 691 3605 744 καὶ
3635 690 3701 742 τὰ

2119 787 2301 856 βιϐλία
2332 787 2423 840 τοῦ
2452 788 2859 857 Πρωτογένους,
2889 786 2948 841 ὃν
2978 787 3071 840 καὶ
3104 787 3453 850 ἀπέκτεινεν,
3485 783 3701 837 ἔκαυσε.

2118 880 2198 933 Τά
2223 898 2283 933 τε
2322 880 2629 951 γράμματα
2657 878 2693 934 ἃ
2719 880 2872 948 ἔλεγε
2903 880 3003 950 μὲν
3056 879 3411 932 κατακαῦσαι
3444 877 3473 929 ὁ
3511 874 3691 939 Γάῖος,

2117 971 2423 1043 εὑρέθησαν
2477 971 2533 1024 δέ
2572 970 2721 1034 ὄντα,
2780 974 2897 1035 τοῖς
2949 970 3265 1040 βουλευταῖς
3315 986 3380 1022 τε
3422 966 3684 1030 ἐπέδειξε,

2118 1062 2213 1115 καὶ
2248 1062 2449 1114 ἔδωκεν
2488 1061 2806 1128 ἀναγνῶναι
2841 1063 2955 1122 τοῖς
2984 1078 3046 1113 τε
3078 1058 3363 1131 γράψασιν
3397 1057 3567 1120 αὐτὰ,
3613 1054 3702 1107 καὶ

2115 1158 2226 1218 τοῖς
2246 1155 2366 1208 καθ’
2397 1148 2471 1207 ὧν
2503 1154 2835 1222 ἐγέγραπτο,
2865 1153 2959 1205 καὶ
2994 1152 3133 1219 μετὰ
3168 1151 3331 1203 τοῦτο
3358 1146 3680 1215 κατέφλεξε.

2117 1246 2228 1313 Τῆς
2265 1262 2322 1298 τε
2357 1244 2648 1315 γερουσίας
2676 1243 2956 1313 ἀτιμῶσαι
2999 1240 3364 1312 βουληθείσης
3389 1239 3484 1291 τὸν
3520 1238 3700 1298 Γάϊον,

2116 1336 2462 1406 ψηφισθῆναι
2517 1337 2616 1407 μὲν
2656 1334 2817 1389 τοῦτο
2870 1335 3030 1397 αὖθις
3092 1330 3364 1385 ἐκώλυσε’
3406 1330 3603 1392 νυκτὸς
3649 1329 3703 1382 δὲ

2118 1427 2216 1487 τὰς
2253 1425 2469 1489 εἰκόνας
2512 1422 2678 1477 αὑτοῦ
2732 1424 2915 1485 πάσας
2947 1421 3211 1492 ἠφάνισε,
3246 1422 3345 1473 καὶ
3369 1420 3441 1473 τὰ
3478 1419 3583 1472 ὑπὸ
3613 1417 3701 1470 τοῦ

2121 1519 2287 1572 Γαΐου
2321 1519 2415 1573 καὶ
2443 1518 2536 1587 ὑφ’
2567 1498 2771 1587 ἐτέρων
2800 1515 2868 1569 δι’
2892 1516 3103 1569 ἐκεῖνον
3151 1513 3253 1566 οὐκ
3308 1510 3494 1582 ὀρθῶς
3545 1526 3703 1578 γεγο-

2120 1610 2249 1663 νότα
2280 1608 2596 1680 ἀνέτρεψεν.
2640 1605 3006 1677 Ἀνδριάντων
3034 1603 3090 1656 δέ
3114 1601 3264 1672 αὐτῷ
3281 1599 3690 1670 ψηφισθέντων,

2119 1701 2496 1773 παρῃτήσατο.
2526 1697 2635 1751 Καὶ
2667 1697 2823 1750 θύειν
2858 1696 2891 1767 ἢ
2935 1696 3266 1766 προσκυνεῖν
3300 1695 3361 1745 ἐν
3391 1691 3703 1760 ἀγάλμασιν

2119 1792 2267 1863 αύτῷ
2325 1793 2701 1861 ἀπηγόρευσε.
2762 1788 2874 1843 Καὶ
2926 1786 3063 1841 ἄλλα
3125 1784 3184 1838 δὲ
3249 1782 3489 1837 τοιαῦτα
3540 1780 3702 1834 πολλὰ

428 1878 578 1934 enim
610 1881 798 1937 oﬂ'erri
852 1884 957 1940 sibi
1011 1896 1320 1957 argentum,
1357 1861 1603 1959 quod-et
1632 1891 1735 1945 sub
1767 1893 2014 1961 Augusto

2118 1885 2291 1938 ἐποίει
2331 1899 2557 1953 μετριοφ
2568 1881 2757 1953 ρονῶν,
2780 1881 2873 1934 καὶ
2892 1879 3073 1950 κρίσει
3094 1876 3268 1931 ταῦτα
3287 1876 3570 1947 πράττων,
3593 1871 3701 1924 ἀλλ’

431 1969 619 2026 ﬁebat.
664 1972 870 2040 Vetuit,
925 1990 995 2030 ne
1030 1976 1102 2030 ab
1150 1978 1263 2032 ullo
1314 1980 1410 2049 qui
1451 1989 1715 2050 cognatos
1763 1982 2010 2049 haberet,

432 2057 612 2114 ha:res
642 2060 1049 2120 institueretur.
1084 2064 1235 2122 Bona
1267 2084 1388 2139 quae
1411 2068 1515 2124 sub
1545 2069 1770 2126 Tiberio
1796 2082 1853 2128 et
1885 2073 2015 2129 Caio

428 2151 711 2221 publicata
749 2152 986 2221 fuerant,
1023 2168 1121 2212 aut
1170 2159 1306 2230 ipsis
1354 2163 1788 2231 possessoribus,
1836 2167 1882 2220 si
1922 2182 2016 2221 su-

428 2245 695 2313 perstites
718 2258 900 2314 erant,
936 2260 1033 2305 aut
1062 2267 1257 2307 eorum
1288 2251 1484 2311 liberis
1527 2256 1791 2312 reddidit.
1829 2258 2015 2315 Multis

428 2332 789 2407 magistratus
822 2350 880 2396 et
916 2345 1235 2413 provincias
1263 2362 1292 2401 a
1325 2346 1459 2403 Caio
1486 2359 1705 2419 ereptas
1733 2351 1971 2405 restituit
1997 2371 2011 2407 :

427 2436 485 2485 et
518 2428 625 2486 hoc
650 2447 823 2502 genus
850 2434 956 2489 alia
991 2435 1137 2499 fecit,
1163 2438 1235 2493 oh
1258 2454 1380 2509 qua:
1400 2440 1658 2495 laudatus
1679 2451 1781 2497 est.
1809 2443 2011 2498 Verum

426 2518 499 2574 ab
526 2520 650 2591 ejus
694 2522 913 2579 libertis
963 2535 1020 2581 et
1078 2542 1249 2583 uxore
1298 2529 1512 2585 Valeria
1569 2530 1857 2587 Messalina
1907 2534 2014 2589 alia

425 2620 547 2665 acta
592 2624 744 2677 sunt,
792 2614 882 2670 his
924 2616 1151 2673 minime
1201 2629 1593 2676 consentanea.
1640 2621 1777 2677 Cum
1805 2625 2014 2695 ingenti

425 2716 659 2759 annonae
714 2708 948 2777 penuria
1006 2710 1397 2780 laboraretur,
1451 2729 1561 2769 non
1617 2714 1697 2769 illi
1749 2714 2016 2772 duntaxat

425 2797 687 2865 tempori,
740 2797 834 2852 sed
887 2799 943 2854 in
999 2798 1247 2856 futurum
1297 2805 1464 2859 etiam
1517 2810 1821 2876 prospexit.
1876 2809 2012 2864 Nam

425 2902 553 2941 cum
582 2887 818 2945 Romani
855 2890 1143 2950 frumento
1173 2894 1289 2951 fere
1317 2905 1528 2952 tantum
1554 2898 1779 2957 aliunde
1805 2902 2014 2972 impor-

426 2988 551 3035 tato
577 2990 826 3048 utantur,
864 2985 1019 3057 regio
1046 3002 1170 3057 quae
1198 2987 1265 3043 ad
1297 2990 1439 3046 ostia
1472 2989 1693 3048 Tiberis
1725 3002 1831 3059 est,
1865 2995 2014 3066 ejus-

427 3073 601 3140 modi,
640 3083 702 3130 ut
738 3090 919 3147 neque
975 3085 1094 3133 tuto
1121 3081 1318 3151 appelli
1369 3083 1566 3152 possit,
1603 3100 1784 3156 neque
1821 3098 2015 3157 portus

426 3167 752 3224 commodos
798 3169 1048 3237 haberet,
1086 3172 1377 3240 etiiciebat,
1427 3184 1489 3231 ut
1517 3177 1598 3232 eis
1628 3179 1795 3234 maris
1840 3178 2016 3250 impe-
2042 3193 2086 3249 (ζ

427 3259 575 3314 rium
601 3276 796 3331 parum
824 3262 1136 3331 prodesset.
1164 3264 1411 3323 Hiberno
1434 3268 1583 3323 enim
1608 3278 1854 3339 tempore
1877 3271 2013 3327 nihil

430 3346 722 3421 importari
751 3362 987 3423 poterat.
1020 3355 1096 3411 Ea
1128 3372 1187 3412 re
1214 3358 1584 3428 considerata,
1616 3371 1810 3433 portus
1837 3363 2012 3419 rediti-

430 3441 602 3503 eavit.
663 3456 916 3512 opusque
965 3444 1198 3513 perfecit
1230 3449 1621 3518 magnetudine
1667 3463 1723 3507 et
1760 3453 2016 3508 animiet

429 3532 653 3602 imperii
682 3531 918 3589 Romani
945 3535 1194 3604 dignum.
1233 3536 1393 3609 562
1419 3540 1497 3594 Ac
1529 3541 1811 3598 modestus
1841 3544 1895 3599 in
1926 3560 2016 3599 re-

429 3622 539 3680 bus
570 3625 850 3689 omnibus.
880 3638 1011 3683 nato
1041 3628 1146 3683 sibi
1181 3628 1313 3694 tilio,
1352 3631 1445 3701 qui
1478 3640 1591 3686 tum
1634 3632 1896 3690 Claudius
1921 3635 2014 3691 Ti-

430 3716 627 3772 berius
650 3716 1034 3783 Germanicus,
1076 3729 1201 3790 post
1230 3724 1393 3777 etiam
1420 3723 1774 3782 Britannicus
1806 3736 1892 3783 est
1918 3742 2015 3783 co-

430 3805 811 3876 gnominatus,
853 3822 958 3865 nec
987 3810 1099 3864 ullo
1124 3811 1232 3865 alio
1257 3814 1556 3875 splendore
1588 3831 1719 3872 usus
1756 3826 1871 3872 est:
1913 3832 2018 3872 nec

433 3913 494 3954 se
528 3900 868 3972 Angustum,
914 3911 1010 3958 aut
1039 3902 1387 3961 Messalinam
1422 3909 1724 3978 Augustam
1754 3908 2017 3979 appellari

430 3991 563 4048 sivit

2116 1976 2217 2029 ούκ
2254 1973 2627 2044 ἐπιτηδεύσει.
2665 1971 2777 2033 Τὰς
2822 1969 2953 2039 γοῦν
2989 1967 3304 2038 θυγατέρας
3340 1964 3695 2034 κατηγγύησι

2115 2068 2215 2137 τὴν
2268 2065 2366 2135 μὲν
2423 2062 2638 2133 Λουκίῳ
2705 2063 2908 2133 Ίουνίῳ
2967 2058 3211 2129 Σιλανῷ,
3270 2058 3374 2128 τὴν
3417 2058 3477 2110 δὲ
3530 2055 3700 2124 Γναίῳ

2118 2155 2396 2226 Πομπηίῳ
2448 2156 2661 2224 Μάγνῳ
2686 2196 2700 2218 ,
2732 2152 2829 2206 καὶ
2862 2151 3018 2205 οὐδὲν
3073 2150 3391 2221 ὑπέρογκον
3449 2145 3699 2217 ἔπραξεν,

2115 2251 2251 2304 ἀλλὰ
2284 2249 2377 2303 καὶ
2418 2246 2578 2311 αὑτός
2630 2247 2689 2300 ἐν
2732 2248 2851 2307 ταῖς
2884 2245 3120 2316 ἡμέραις
3151 2243 3400 2304 ἐκείναις
3459 2240 3694 2300 ἐδίκασε,

2117 2344 2210 2397 καὶ
2235 2344 2267 2413 ἠ
2294 2340 2459 2413 βουλὴ
2489 2339 2776 2411 ἡθροίσθη.
2799 2338 2984 2391 Ταῦτά
3008 2354 3067 2390 τε
3088 2332 3181 2389 οὖν
3213 2334 3481 2394 ἐπιεικῶς
3509 2332 3700 2399 ἐπρατ-

2114 2450 2196 2487 τε.
2225 2433 2334 2485 Ka‘t
2370 2431 2478 2484 τῶν
2543 2429 2768 2483 ὑπάτων
2813 2429 2871 2480 ἐν
2929 2426 3006 2496 τῷ
3039 2424 3303 2495 συνεδρίῳ
3351 2422 3698 2476 καταϐάντων

2115 2522 2226 2576 ἀπὸ
2260 2521 2368 2575 τῶν
2401 2521 2611 2590 δίφρων
2647 2519 2738 2573 ἴνα
2784 2517 3149 2588 διαλεχθῶσιν
3199 2515 3378 2585 αὐτῷ,
3430 2508 3693 2583 προσεξα-

2116 2616 2278 2684 νέστη
2315 2630 2374 2666 τε
2425 2613 2522 2666 καὶ
2578 2610 2983 2679 ὰντιπροσῆλθε
3044 2610 3256 2676 σφῗσιν.
3306 2603 3617 2664 Ἰδςωτικὼς
3642 2615 3696 2651 τε

2117 2704 2213 2775 ἔζη
2261 2703 2337 2767 ὡς
2369 2702 2438 2756 τὰ
2491 2701 2686 2766 πολλὰ,
2719 2701 2816 2755 καὶ
2855 2700 3187 2770 Ἑλληνικῶς
3248 2697 3417 2759 αὑτός
3444 2712 3503 2748 τε
3531 2692 3622 2746 καὶ
3649 2691 3693 2743 οι

2119 2798 2251 2868 περὶ¹
2281 2796 2446 2851 αὑτὸν
2500 2794 2786 2867 διῃτῶντο.
2825 2792 2961 2864 Περὶ
3006 2791 3073 2845 τε
3114 2791 3380 2862 χρήματα
3406 2788 3465 2841 δέ
3491 2786 3691 2853 θαυμα·

2118 2888 2241 2952 στος
2276 2886 2518 2956 ἐγένετο·
2549 2884 2901 2954 ἀπηγόρευσε
2931 2882 3038 2953 γὰρ
3066 2881 3335 2952 ἀργύριον
3360 2876 3510 2949 αὐτῷ
3534 2884 3691 2943 προσ·

2116 2978 2406 3050 φέρεσθαι,
2458 2977 2487 3031 δ
2522 2979 2616 3031 καὶ
2648 2977 2742 3029 ἐπὶ
2766 2975 2860 3030 τοῦ
2887 2973 3203 3042 Αὐγούστου
3232 2973 3472 3042 ἐγίνετο.
3517 2964 3690 3020 Ἀπεῖο

2118 3090 2187 3125 πε
2221 3071 2278 3125 δὲ
2316 3069 2453 3142 μηδὲ
2482 3069 2827 3141 κληρονόμος
2860 3067 3010 3137 παρά
3028 3083 3176 3127 τινος
3206 3064 3497 3133 συγγενεῖς
3526 3057 3673 3128 ἔχον-

2118 3181 2213 3229 τος
2258 3160 2805 3233 καταλιμπάνεσθαι.
2863 3159 2977 3213 Kai.
3034 3159 3145 3212 τῶν
3200 3154 3692 3228 προδημευθέντων

2119 3257 2211 3311 ἐπί
2244 3271 2304 3310 τε
2331 3254 2426 3308 τοῦ
2466 3253 2723 3322 Τιϐερίου
2768 3250 2986 3305 καὶτοῦ
3025 3250 3212 3312 Γαΐου,
3254 3250 3327 3303 τὰ
3363 3247 3464 3318 μὲν
3515 3240 3687 3299 αὐτοῖς

2118 3350 2200 3404 ἔτι
2231 3347 2501 3419 περιοῦσι,
2542 3347 2610 3400 τὰ
2652 3346 2709 3399 δὲ
2762 3348 2876 3409 τοῖς
2930 3345 3143 3409 τέκνοις
3184 3342 3373 3397 αὐτῶν
3425 3335 3686 3394 ἀπέδωκεο

2117 3445 2212 3498 καὶ
2242 3443 2479 3504 πολλοῖς,
2513 3440 2665 3513 παρὰ
2694 3439 2789 3495 τοῦ
2826 3439 2989 3494 Γαΐου
3039 3438 3141 3501 τὰς
3201 3436 3475 3506 σφετέρας
3520 3424 3685 3499 ἀρχὰς

2116 3538 2211 3591 καὶ
2241 3535 2426 3607 χώρας
2456 3533 2858 3605 ἀφαιρεθεῖσιν,
2894 3531 3056 3593 αὐτὸς
3090 3525 3249 3591 αὖθις
3283 3520 3679 3581 ἐπανεσώσατο.

2116 3628 2228 3682 Kal.
2256 3627 2392 3681 ἄλλα
2447 3625 2674 3679 τοιαῦτα
2721 3622 2858 3695 ἔργα
2905 3620 3223 3693 είργάσατο,
3247 3619 3316 3672 δι’
3351 3618 3387 3672 ἃ
3423 3610 3680 3684 ἐπῃνεῖτο.

2127 3721 2261 3774 ’Υπδ
2287 3719 2345 3772 δὲ
2375 3718 2485 3773 τῶν
2514 3717 2881 3786 ἐξελευθέρων
2920 3714 3089 3768 αὑτοῦ
3145 3715 3239 3766 καὶ
3290 3714 3395 3783 τῆς
3440 3696 3682 3776 γυναικὸς

2116 3813 2381 3884 Βαλερίας
2437 3809 2785 3880 Μεσσαλίνης
2839 3808 3001 3879 ἕτερα
3055 3805 3307 3877 ἐπράχθη
3366 3802 3462 3871 οὐχ
3513 3788 3684 3865 ὁμοιό-

2115 3923 2315 3975 τροπα.
2361 3902 2539 3975 Λιμοῦ
2594 3903 2779 3973 μέντοι
2829 3901 3072 3972 ἰσχυροῦ,
3118 3900 3180 3952 οὐ
3234 3896 3399 3968 μόνον
3444 3891 3542 3960 τῆς
3570 3884 3680 3975 τάξι

2116 3973 2383 4068 ἁξρθονίας
2431 3973 2778 4065 ἐφρόντισεν,
2817 3993 2954 4046 ἀλλὰ
3001 3992 3098 4044 καὶ
3126 3991 3225 4058 τῆς
3258 3989 3557 4042 εἰσέπειτα.
3600 3973 3680 4068 ’ξ’

431 4087 731 4142 πεισάκτου
767 4089 873 4160 γὰρ
924 4091 1129 4156 παντὸς
1171 4092 1358 4163 σχεδὸν
1390 4091 1484 4147 τοῦ
1526 4094 1675 4146 σίτου
1710 4094 1824 4157 τοῖς
1898 4066 2191 4163 Ῥωμαίοις
2251 4090 2425 4152 ὄντος,
2502 4089 2535 4158 ἠ
2606 4085 2819 4157 χώραὴ
2857 4086 2995 4156 πρὸς
3030 4079 3159 4145 ῗαῖς
3200 4081 3451 4141 ὲκὸτιλαῖς
3479 4071 3568 4175 τξῦ
3593 4066 3682 4175 1'"

431 4178 643 4248 θέριδος
673 4178 797 4232 οὔτε
830 4157 1129 4254 κατάρσεις
1159 4157 1446 4251 ἀσφαλεῖς,
1477 4183 1602 4238 οὔτε
1638 4184 1865 4254 λιμένας
1920 4157 2260 4254 ἐπιτηδείους
2338 4157 2557 4249 ἔχουσα,
2621 4176 2899 4246 ἀνωφελὲς
2932 4178 3080 4244 σφίσι
3142 4177 3203 4228 τὸ
3235 4174 3438 4245 κράτος
3473 4164 3569 4233 τῆς
3593 4157 3678 4210 θα·

428 4266 638 4340 λάπης
663 4272 860 4328 ἐποίει.
891 4274 1056 4328 Οὐδὲν
1081 4274 1191 4345 γὰρ
1220 4277 1363 4331 κατὰ
1389 4276 1487 4348 τὴν
1513 4277 1833 4349 χειμερινὴν
1862 4276 2012 4350 ὤραν
2053 4276 2290 4347 ἠδύνατο
2328 4270 2633 4342 είσφοιτᾷν.
2675 4270 2848 4325 Τοῦτο
2921 4268 3015 4325 οὖν
3059 4269 3307 4332 συνιδὼν,
3373 4263 3592 4334 λιμένας
3622 4262 3675 4350 ’ξε

430 4363 826 4430 κατεσκεύασε,
863 4367 959 4419 καὶ
987 4366 1287 4420 ἀπετέλεσε
1337 4346 1733 4439 ’πράγμανκαὶ
1779 4346 1873 4421 τοῦ
1913 4346 2294 4439 ⁷φρονήματος
2354 4366 2450 4419 καὶ
2514 4365 2608 4419 τοῦ
2660 4362 2925 4433 μεγέθους
2968 4361 3068 4430 τῆς
3133 4359 3354 4430 Ῥώμης
3397 4356 3561 4422 ἄξιον·
3624 4346 3676 4397 ὲν

430 4456 571 4509 πᾶσι
615 4455 672 4510 δὲ
708 4457 1042 4528 μετριάζων,
1087 4456 1212 4512 οὔτε
1264 4458 1621 4529 γεννηθέντος
1654 4459 1806 4532 αὑτῷ
1860 4461 2004 4524 υἱέος
2045 4459 2124 4531 (ὃς
2154 4459 2272 4511 τότε
2305 4458 2407 4527 μὲν
2435 4457 2703 4518 Κλαύδιος
2767 4453 3021 4524 Τιϐέριος
3052 4454 3412 4523 Γερμανικὸς,
3468 4446 3677 4509 ὕστερον

429 4544 487 4602 δὲ
518 4550 614 4602 καὶ
644 4549 1008 4621 Βρεττανικὸς
1055 4548 1449 4621 ἐπωνομάσθη)
1480 4549 1607 4603 ἄλλο
1636 4567 1688 4603 τι
1737 4531 2005 4622 ἐπιφανὲς
2048 4548 2305 4620 ἔπραξεν,
2362 4546 2477 4601 οὔτ’
2550 4545 2860 4614 Αὔγουστον
2908 4546 3073 4599 αὑτὸν
3137 4544 3304 4614 ἣτὴν
3350 4531 3675 4595 Μεσσαλῖναν

430 4641 755 4708 Αύγοῦσταν
793 4642 1163 4714 ἐπικληθῆναι
1196 4641 1393 4711 ἐφῆκε.

503 4732 598 4788 iX.
654 4733 823 4789 Ludis
876 4734 1217 4804 gladiatoriis
1290 4735 1535 4804 impense
1590 4736 2010 4794 delectabatur:

2188 4735 2267 4787 θ’.
2302 4735 2548 4806 Συνεχῶς
2586 4734 2644 4788 δὲ
2674 4728 3009 4803 μονομαχίας
3050 4726 3267 4792 ἀγῶλας
3317 4724 3503 4784 ἐτίθει,
3544 4716 3671 4768 πάνυ

434 4839 577 4895 quos
613 4840 740 4880 cum
769 4824 968 4881 crebro
993 4826 1206 4894 ederet,
1245 4827 1401 4881 multi
1428 4828 1689 4884 mortales
1717 4830 1885 4884 variis
1910 4830 2022 4884 cri-

433 4915 682 4970 minibus
721 4915 1076 4971 condemnati
1136 4917 1414 4987 peribant.
1467 4917 1548 4974 Ad
1603 4919 1750 4975 hunc
1795 4922 2018 4974 modum

434 5005 691 5076 sanguini
722 5013 779 5061 et
804 5005 1050 5061 caedibus
1084 5008 1444 5073 assuefactus,
1500 5008 1717 5065 facilius
1750 5011 1918 5065 etiam
1949 5011 2017 5065 ad

434 5097 575 5153 alios
597 5098 930 5154 occidendos
961 5108 1046 5154 est
1075 5100 1363 5170 impulsus.
1392 5101 1451 5155 In
1476 5116 1641 5156 causa
1674 5112 1861 5157 antem
1892 5103 2016 5157 fue-

436 5199 570 5244 runt
615 5189 848 5246 CJBSarei
902 5191 1087 5248 liberti
1137 5200 1195 5248 et
1255 5194 1581 5249 Messalina:
1628 5197 1719 5266 qui
1765 5197 1809 5252 si
1846 5213 2009 5266 quem

435 5281 714 5336 sublatum
755 5282 1038 5345 volebant.
1090 5292 1301 5341 terrore
1338 5287 1389 5340 ei
1429 5288 1652 5341 incusso
1680 5298 2010 5357 potestatem

435 5371 782 5441 accipiebant
811 5371 1046 5429 faciendi
1077 5375 1222 5445 quod
1263 5377 1481 5431 vellent.
1520 5377 1675 5447 Saepe
1707 5393 1772 5432 ex
1803 5379 2013 5449 impro-
2041 5442 2048 5448 _

434 5462 554 5519 viso
602 5473 1012 5531 consternatus,
1059 5483 1182 5521 cum
1234 5467 1289 5521 in
1342 5468 1527 5524 subito
1556 5479 1765 5524 terrore
1804 5472 2020 5541 aliquos

436 5554 614 5608 occidi
644 5555 902 5624 iussisset
932 5577 945 5613 :
1003 5570 1195 5628 postea
1236 5560 1344 5615 sibi
1388 5561 1663 5627 redditus,
1700 5572 1757 5617 et
1786 5566 2019 5620 sanitate

437 5646 639 5700 mentis
685 5659 1028 5718 recuperata,
1099 5651 1226 5708 facti
1292 5654 1568 5724 pmnitens
1626 5654 1823 5711 doluit.
1887 5656 2019 5723 Quae

436 5751 563 5790 cum
592 5735 821 5806 faceret,
853 5742 1199 5814 Romanique
1227 5762 1378 5817 spem
1399 5748 1465 5802 de
1494 5764 1562 5803 eo
1588 5764 1779 5818 parum
1815 5748 2015 5803 bonam

438 5827 751 5883 haberent:
797 5845 920 5887 cum
968 5834 1036 5889 ab
1067 5836 1214 5903 aliis,
1268 5849 1379 5893 tum
1418 5840 1487 5896 ab
1521 5840 1701 5898 Annio
1727 5840 2016 5897 Viniciano

2121 4828 2329 4898 χαίρων
2356 4827 2559 4889 αὐτοῖς,
2598 4823 2896 4879 κάντεῦθεν
2928 4820 3116 4874 πολλοὶ
3138 4819 3455 4872 ἀπώλλυντο
3482 4810 3674 4875 ἄνθρω-

2120 4937 2234 4985 ποι,
2281 4920 2370 4972 ἐπ’
2423 4919 2625 4981 αἰτίαις
2680 4916 2793 4969 τισὶ
2840 4912 3369 4984 καταψηφισθέντες.
3423 4898 3669 4960 Ἑθιοθεὶς

2118 5008 2211 5062 οῦν
2274 5008 2450 5071 οὕτως
2507 5008 2740 5074 αἵματος
2805 5005 2900 5058 καὶ
2976 5006 3157 5072 φόνων
3213 4988 3667 5069 ἀναπίμπλασθαι,

2119 5102 2556 5172 προπετέστερον
2611 5101 2706 5152 καὶ
2760 5100 2882 5160 ταῖς
2951 5096 3142 5159 ἄλλαις
3212 5094 3447 5165 σφαγαῖς
3513 5076 3663 5150 ὲκρή⁴

2121 5210 2273 5246 σατο.
2315 5193 2485 5245 Attio:
2519 5192 2575 5245 δὲ
2609 5190 2802 5244 τούτου
2836 5189 2890 5242 οἵ
2918 5206 2975 5241 τε
3011 5187 3331 5257 Καισάρεξοι
3356 5184 3448 5238 καὶ
3476 5181 3507 5247 ἠ
3534 5174 3666 5229 Μεσ⁹

2122 5285 2310 5339 σαλίνα
2346 5285 2605 5353 ἐγίνοντο.
2635 5283 2697 5336 Et
2724 5283 2831 5352 γὰρ
2856 5280 3173 5335 ἀποκτεῖναί
3199 5295 3321 5332 τινα
3351 5272 3661 5368 ἐθελήσειαν,

2120 5377 2413 5446 ἐξεφόϐουν
2462 5377 2647 5442 αὑτὸν,
2684 5377 2777 5428 καὶ
2829 5373 2987 5427 πάνθ’
3021 5373 3123 5426 ὅσα
3179 5371 3459 5425 ἐϐούλοντο
3508 5365 3660 5413 ποιεῖν

2116 5469 2504 5539 ἐπετρέποντο.
2546 5468 2656 5519 Καὶ
2685 5464 2949 5526 πολλάκις
2997 5463 3332 5527 ἐξαπιναίως
3365 5446 3656 5542 ἐκπλαγεὶέι

2118 5561 2214 5616 καὶ
2260 5560 2527 5622 κελεύσας
2577 5560 2701 5613 τινὰ
2744 5560 2808 5611 ἐκ
2865 5556 2960 5610 τοῦ
3015 5556 3355 5626 παραχρῆμα
3407 5542 3661 5617 περιδεους

2116 5651 2442 5715 ἀπολέσθαι,
2497 5651 2689 5704 ἔπειτα
2756 5648 3065 5719 ἀνενεγκὼν
3135 5647 3230 5701 καὶ
3286 5634 3654 5712 ἀναφρονήσαςν

2119 5744 2310 5816 μαθὼν
2348 5742 2410 5795 τδ
2434 5741 2681 5809 γεγονὸς,
2707 5742 2960 5794 ἐλυπεῖτο
2994 5742 3089 5793 καὶ
3127 5739 3506 5810 μετεγίνωσκε.
3548 5721 3657 5816 Τλτίι·

2120 5837 2265 5892 avita
2301 5836 2355 5890 δὲ
2408 5833 2689 5897 ποιοῦντος
2731 5833 2920 5904 αὑτοῦ,
2974 5834 3159 5888 οὐκέτι
3200 5830 3439 5904 χρηστὴν
3484 5809 3647 5874 ἐλπίδ²
