4048 6438
391 375 498 439 949

1617 380 2026 442 ANNAIJUM
2068 380 2218 442 LIB.
2253 378 2365 441 XI.

3523 376 3633 440 95“

392 484 485 538 ἐπὶ
527 485 776 555 Κλαυδίῳ
797 485 847 539 oi
877 485 1133 556 Ῥωμαῖοι
1183 488 1468 559 ἐσίήκασι.
1490 486 1582 539 Διὸ
1613 488 1707 541 καὶ
1740 489 1965 541 ἐπεϐου-

2071 488 2284 542 ἰηείιιίω
2310 489 2359 543 ci
2389 497 2719 558 comparatae
2744 499 2871 545 sunt
2895 504 2912 544 :
2943 488 3034 559 qui
3059 489 3223 544 Furio
3241 488 3473 544 Camillo
3494 488 3644 542 Seri-

393 578 555 647 λεύθη
578 577 667 645 ὑφ’
681 577 883 646 ἐτέρων
906 596 966 632 τε
998 580 1098 662 διαὶ
1131 578 1223 631 ὑπ’
1258 580 1466 632 Ἀννίου
1502 580 1806 635 Βινικιανού
1845 581 1960 652 (96)

391 669 448 734 ὃς
494 669 631 740 πρὸς
683 670 911 741 Φούριον
956 671 1236 739 Κάμιλλον
1288 672 1689 741 Σκριϐωνιανδν
1712 674 1810 744 τῆς
1835 675 1970 726 Δαλ-

395 762 594 831 ματίας
628 762 865 832 ἄρχοντα
897 763 1114 832 ἔπεμψε
1151 765 1244 817 καὶ
1295 764 1583 817 ἀνέπεισεν
1638 766 1797 818 αὐτὸν
1830 768 1969 819 ἐπα·

390 855 669 918 ναστῆναι.
698 854 819 907 Τῶν
845 853 902 906 δὲ
934 855 1285 924 στρατιωτῶν
1311 856 1385 925 μὴ
1412 856 1743 910 πεισθέντων
1773 855 1963 922 αὐτοῦ,

389 943 554 1005 αὐτὸς
600 944 697 1012 μὲν
731 943 1053 996 ἀπέκτεινεν
1110 945 1325 998 ἑαυτόν·
1384 946 1646 1009 Κλαύδιος
1697 947 1751 1000 δὲ
1787 947 1966 1000 καίτοι

391 1035 533 1088 πάνυ
574 1034 921 1100 καταδείσας,
956 1035 1031 1098 ὡς
1065 1038 1298 1107 ἑτοίμως
1329 1037 1474 1109 ἔχειν
1508 1039 1773 1106 ἐκστῆναι
1811 1039 1964 1110 αὐτῷ

387 1124 483 1177 τοῦ
548 1126 789 1196 κράτους
834 1126 1141 1196 ἐθελοντὴς,
1176 1130 1326 1199 ὅμως
1373 1130 1462 1183 τὸν
1518 1129 1747 1184 θάνατον
1777 1130 1954 1199 αύτῷ-

391 1216 605 1285 μαθὸν,
636 1219 1001 1290 ἀνεθάρσησε⁶
1044 1222 1295 1284 καὶτοὺς
1338 1221 1437 1286 μὲν
1488 1221 1827 1292 στρατιώτας
1868 1221 1965 1275 ἄλ-

387 1306 501 1371 λοις
529 1309 587 1360 τέ
616 1325 751 1371 τισι,
804 1311 897 1363 καὶ
956 1312 1238 1381 χρήμασιν
1290 1313 1682 1382 ἀντημείψατο,
1734 1313 1858 1375 τοὺς
1909 1313 1965 1364 δὲ

389 1396 982 1464 συνεπιϐουλεύοαντας
1035 1402 1358 1473 ἀνεζήτησε,
1392 1403 1487 1456 καὶ
1516 1402 1803 1465 πλείστους
1843 1403 1965 1455 ὲκὸο

385 1488 537 1541 λασε.
572 1490 763 1560 Συχνοὶ
790 1492 847 1545 δὲ
890 1493 1039 1548 ἄλλοι
1074 1513 1132 1548 τε
1169 1497 1261 1549 καὶ
1286 1498 1314 1550 ὁ
1349 1495 1661 1560 Βινικιανὸς
1704 1495 1963 1565 διεχειρί-

387 1594 548 1657 σαντο
578 1580 824 1644 ἑαυτούς.
892 1582 956 1634 Ἦ
988 1583 1095 1653 γὰρ
1123 1585 1442 1639 Μεσσαλίνα
1478 1587 1572 1639 καὶ
1600 1588 1627 1639 ὁ
1654 1584 1749 1638 τοῦ
1777 1586 1960 1639 Κλαυ-

385 1668 500 1720 δίου
547 1671 910 1744 ἀπελεύθερος
956 1674 1290 1747 Νάρκισσος,
1328 1678 1465 1729 οἵτε
1500 1676 1961 1743 συναπελεύθετοι

2071 580 2311 634 boniano
2341 580 2623 635 Dalmatia”:
2648 580 2907 650 pra-lecto
2934 589 3130 635 auctor
3158 580 3487 635 defectionis
3512 581 3639 636 fuit.

2069 670 2177 726 Sed
2235 670 2281 725 is
2326 686 2451 726 eum
2493 672 2694 728 milites
2742 672 2889 726 dicto
2931 673 3219 730 audientes
3243 687 3352 727 non
3388 673 3639 738 haberet,

2069 762 2312 832 seipsum
2362 763 2677 818 interfecit:
2732 763 2997 820 Claudius
3038 780 3167 820 vero
3217 781 3527 835 quanquam
3564 767 3640 821 ita

2072 853 2318 917 territus,
2359 863 2419 906 ut
2449 854 2593 909 ultro
2620 855 2696 909 illi
2737 857 2936 911 cedere
2982 856 3214 925 imperio
3239 857 3293 909 in
3325 856 3509 910 animo
3539 857 3640 910 ha-

2069 942 2265 999 beret:
2304 945 2454 999 illius
2485 947 2714 1001 interitu
2765 948 3012 1018 cognito,
3044 949 3252 1018 recepit
3279 949 3549 1014 animum,
3582 959 3642 1002 et

2026 1094 2033 1102 ,
2069 1035 2273 1092 milites
2306 1046 2421 1093 tum
2449 1038 2572 1092 aliis
2603 1039 2790 1100 rebus,
2820 1048 2933 1093 tum
2969 1040 3203 1109 pecunia
3234 1047 3641 1104 remuneratus,

2069 1128 2420 1184 insidiatores
2441 1130 2877 1200 quamplurimas
2896 1131 3179 1202 indagatos
3199 1132 3483 1201 suppliciis
3513 1131 3646 1186 alie-

2068 1215 2162 1268 cit.
2214 1214 2539 1271 Vinicianus
2579 1225 2637 1272 et
2684 1218 2776 1273 alii
2824 1220 3140 1289 complures
3183 1220 3285 1289 ipsi
3316 1236 3511 1275 manus
3540 1220 3648 1275 sibi

2067 1306 2390 1360 attulerunt.
2440 1307 2576 1362 Nam
2631 1309 2920 1365 Messalina
2946 1320 3004 1365 et
3036 1310 3348 1376 Narcissus,
3382 1328 3487 1365 una
3519 1327 3646 1366 eum

2065 1396 2189 1451 aliis
2238 1397 2358 1467 ejus
2399 1398 2634 1463 libertis,
2692 1416 2815 1456 eam
2856 1401 3002 1456 nacti
3048 1402 3421 1468 occasionem,
3488 1405 3648 1458 nullo

2066 1501 2293 1541 summa:
2343 1488 2690 1545 crudelitatis
2742 1506 2943 1561 genere
2991 1490 3407 1549 abstinuerunt.
3453 1494 3646 1563 Itaque

2065 1586 2122 1632 et
2157 1579 2257 1633 viri
2294 1588 2350 1634 et
2393 1580 2654 1636 mulieres
2700 1582 2857 1636 multi
2908 1582 3057 1647 cesi,
3111 1583 3334 1653 quidam
3384 1583 3549 1639 etiam
3577 1599 3646 1638 ex

2064 1671 2476 1726 nocentissimis
2519 1672 2604 1726 vel
2657 1673 2891 1742 pecunia
2928 1675 3015 1729 vel
3046 1676 3219 1745 gratia
3249 1676 3507 1729 absoluti.
3534 1673 3645 1730 Ga-

388 1761 577 1826 αύτοῦ,
605 1765 702 1834 τῆς
737 1766 993 1836 ἀφορμῆς
1026 1767 1233 1837 ταύτης
1264 1768 1578 1838 λαὸὁμενοι,
1611 1770 1825 1833 οὐδενὸς
1856 1768 1965 1821 τῶν

2067 1761 2229 1817 laesus
2265 1778 2393 1817 vero
2421 1762 2636 1819 Camilli
2681 1765 2915 1825 libertus
2940 1781 2971 1820 a
2996 1766 3254 1823 Narcisso
3286 1766 3340 1821 in
3368 1767 3521 1823 curia
3554 1782 3645 1821 reo

386 1852 707 1910 δεινοτάτων
761 1860 1082 1927 ἀπέσβντο.
1112 1862 1340 1932 ’Ἄνδρες
1372 1877 1432 1914 τε
1479 1861 1573 1916 οὖν
1622 1861 1809 1915 πολλοὶ
1867 1861 1963 1916 καὶ

2065 1863 2244 1923 gatus,
2275 1855 2402 1924 quid
2430 1856 2671 1925 [acturus
2702 1857 2906 1927 fuisset,
2945 1859 2991 1912 si
3022 1857 3282 1913 Camillus
3307 1859 3476 1928 [artus
3508 1866 3646 1913 esset

386 1949 645 2011 γυναῖκες
682 1949 1078 2019 ἐκολάσθησαν,
1104 1953 1248 2015 τινὲς
1277 1954 1333 2007 δὲ
1363 1954 1457 2008 καὶ
1490 1955 1599 2008 τῶν
1633 1959 1773 2009 πάνυ
1803 1955 1987 2025 ὑπαιτ

2063 1946 2389 2015 imperator,
2428 1948 2734 2018 respondit,
2786 1966 2841 2004 se
2873 1950 3091 2004 tacitum
3124 1968 3156 2005 a
3196 1960 3339 2020 tergo
3388 1950 3501 2020 ejus
3531 1958 3645 2004 sta-

385 2037 516 2091 τίων
553 2039 861 2109 ἐσώθησαν,
900 2043 948 2094 οἱ
980 2041 1077 2111 μὲν
1113 2046 1442 2124 χρήμασινη
1478 2045 1610 2100 ἔνιοι
1647 2046 1705 2100 δέ
1754 2063 1818 2116 γε
1866 2047 1963 2100 καὶ

385 2129 597 2198 χάρισι.
650 2131 917 2196 Γαλαίσος
945 2132 1004 2187 δέ
1028 2151 1113 2196 τις
1140 2134 1509 2208 ἀπελεύθερος
1541 2136 1634 2193 τοῦ
1670 2137 1961 2207 Καμίλλου
1986 2206 1991 2209 Δ

385 2223 446 2273 ἐν
475 2221 554 2291 τῷ
608 2221 979 2297 βουλευτηρίῳ
1000 2227 1095 2281 τοῦ
1125 2229 1442 2299 Ναρκίσσου
1487 2229 1851 2301 παρελθόντος
1882 2231 1961 2294 είς

385 2313 448 2365 τὸ
506 2314 695 2381 μέσον,
749 2318 845 2371 καὶ
892 2320 1137 2383 είπόντος
1193 2321 1361 2392 αὐτῷ,
1421 2323 1482 2377 Τί
1529 2321 1607 2376 ἂν
1642 2322 1961 2390 ἐποίησας,

389 2403 678 2467 Ιάλαῖσε.
710 2407 762 2460 εί
785 2405 1099 2477 Κάμιλλος
1124 2411 1561 2481 ἑμονάρχησεν,
1625 2412 1964 2480 ἀπεκρίνατο

387 2496 472 2549 δτι
510 2498 835 2565 Είστήκειν
862 2498 941 2554 ἂν
992 2501 1245 2556 ὄπισθεν
1279 2501 1495 2570 μὺτοῦ,
1525 2502 1622 2555 καὶ
1663 2499 1960 2555 ἐσιώπων.

392 2587 625 2659 "Appiam
651 2589 707 2643 δὲ
746 2590 884 2662 γυνὴ
913 2592 1208 2646 Καικίννου
1245 2592 1454 2647 ὑπάτου
1484 2588 1639 2658 οὖσα,
1680 2592 1728 2644 εί
1771 2590 1864 2643 καὶ
1896 2591 1962 2659 τῇ

385 2679 701 2751 Μεσσαλίνῃ
758 2683 962 2754 σφόδρα
1002 2684 1267 2755 ᾠκείωτο,
1315 2685 1415 2739 οὐκ
1463 2685 1664 2756 ἤνεγκε
1714 2684 1815 2754 ζῇν
1866 2681 1960 2735 τοῦ

385 2771 578 2841 ἀνδρὸς
628 2772 977 2842 θνήσκοντος,
1026 2776 1161 2830 ἀλλὰ
1219 2778 1312 2831 καὶ
1366 2778 1459 2831 τὸν
1508 2778 1677 2848 ἄνδρα
1735 2775 1948 2830 ἀποδει-

384 2861 586 2915 λιῶντα
617 2865 923 2935 ἐπέρρωσε.
957 2866 1029 2918 Τὸ
1068 2865 1174 2936 γὰρ
1225 2865 1376 2935 ξίφος
1424 2866 1664 2920 λαὸοὖσα
1704 2865 1904 2936 ἑαυτὴν
1956 2864 2179 2935 ἔπληξε,

2063 2046 2242 2093 turum
2274 2040 2454 2109 fuisse.
2489 2042 2648 2096 Arria
2679 2041 2949 2097 Czecinnaa
2977 2042 3223 2098 consulis
3254 2058 3411 2106 uxor,
3440 2042 3642 2098 Messa-

2059 2128 2187 2185 lina:
2238 2130 2535 2185 admodum
2574 2132 2885 2197 familiaris,
2940 2132 3144 2187 marito
3198 2139 3485 2202 superstes
3520 2144 3646 2186 esse

2061 2221 2359 2287 recusavit,
2396 2238 2633 2292 eumque
2667 2234 2906 2282 mortem
2945 2222 3400 2280 reformidantem
3436 2222 3646 2278 confir-

2063 2313 2253 2373 mavit.
2288 2312 2484 2368 eodem
2529 2314 2713 2385 gladio
2763 2330 2874 2386 quo
2900 2318 3138 2384 seipsam
3184 2324 3535 2385 percusserat
3567 2312 3648 2367 illi

2061 2412 2339 2473 porrecto,
2374 2405 2660 2475 dixitque:
2714 2406 2845 2469 Ecce
2894 2407 3013 2476 feri,
3064 2423 3158 2477 ego
3192 2423 3294 2460 non
3337 2405 3508 2459 doleo.
3558 2403 3643 2459 ου

2063 2495 2206 2566 quod
2256 2495 2462 2551 factum
2511 2498 2567 2552 hi
2626 2497 2838 2553 laudati
2891 2506 3042 2557 sunt.
3088 2498 3352 2554 Claudius
3406 2512 3540 2552 vero
3573 2494 3644 2549 ad

2062 2588 2335 2658 supplicia
2364 2598 2471 2643 tam
2506 2599 2817 2660 propensus
2840 2591 3037 2654 evasit.
3086 2601 3153 2645 ut
3175 2590 3447 2645 militibus
3476 2589 3644 2645 istum

2061 2694 2280 2733 versum
2313 2680 2547 2759 subinde
2579 2697 2678 2753 pro
2711 2690 2920 2757 tessera
2955 2682 3110 2738 daret
3137 2700 3151 2736 :

2058 2810 2065 2817 .
2139 2768 2304 2825 Pruna
2347 2774 2541 2828 tuenda
2569 2776 2702 2839 viro,
2738 2776 2784 2829 si
2818 2776 2938 2845 quis
2973 2777 3119 2846 prior
3170 2775 3352 2829 intulit
3390 2791 3567 2829 arma.

2219 2864 2459 2935 κάκείνῳ
2521 2864 2817 2927 ἐπέδωκεν,
2849 2864 3100 2918 εἰποῦσα.
3152 2864 3309 2919 Ἰδοὺ
3340 2864 3498 2930 παῖε,
3526 2867 3640 2918 οὐκ

383 2955 570 3026 ἀλγῶ.
620 2959 726 3011 Καὶ
774 2960 822 3011 οἱ
875 2959 976 3029 μὲν
1026 2962 1119 3014 ἐπὶ
1147 2962 1359 3041 τούτοις
1402 2963 1719 3033 ἐπῃνοῦντο.
1754 2962 2018 3027 Κλαύδιος
2058 2963 2112 3017 δὲ
2149 2963 2322 3025 οὕτως
2344 2960 2477 3030 πρὸς
2504 2959 2604 3024 τὰς
2635 2960 2883 3025 κολάσεις
2910 2960 3085 3031 ἔσχεν,
3107 2961 3245 3015 ὥστε
3266 2961 3360 3015 καὶ
3386 2960 3638 3031 σύνθημα

384 3052 494 3113 τοῖς
537 3049 894 3120 στρατιώταις
923 3053 982 3107 τὸ
1010 3054 1140 3120 ἔπος
1163 3054 1322 3109 τοῦτο
1357 3055 1594 3126 συνεχῶς
1616 3056 1839 3113 διδόναι.

2470 3149 2767 3216 ...ηχρῖι

1187 3222 1388 3292 Ἀνδρ’
1431 3222 1881 3291 ἀπαμύνασθαι,
1921 3218 2020 3276 ὅτε
2052 3237 2143 3287 τις
2169 3221 2453 3289 πρότερος
2505 3219 2864 3289 χαλεπαίνῃ.

462 3309 526 3364 Ἦ
548 3312 604 3365 δέ
641 3313 958 3370 Μεσσαλίνα
1001 3317 1098 3371 καὶ
1114 3319 1163 3371 οἱ
1197 3318 1558 3392 ἀπελεύθεροι
1590 3321 1756 3374 αὐτοῦ
1785 3320 1961 3382 οὕτως

2067 3314 2227 3386 563
2270 3317 2442 3371 Porro
2484 3314 2773 3397 Messalina
2816 3323 2873 3369 et
2903 3314 3090 3370 liberti
3120 3317 3260 3387 ejus,
3295 3315 3370 3370 ita
3404 3331 3642 3386 rempu-

382 3403 484 3471 οιήν
516 3404 793 3458 πολιτείαν
832 3407 927 3461 καὶ
952 3408 1051 3472 τὰς
1075 3412 1366 3480 στρατείας
1393 3412 1489 3466 καὶ
1514 3414 1611 3476 τὰς
1658 3413 1959 3484 ἐπιτροπὰς

2066 3407 2288 3471 blicam,
2341 3406 2726 3477 expeditiones
2753 3445 2768 3471 ,
2822 3406 3222 3476 prmfccturas,
3268 3407 3641 3477 magistratus.

383 3497 483 3560 τὰς
516 3513 574 3548 τε
605 3498 903 3569 ἡγεμονίας
946 3502 1043 3554 καὶ
1097 3503 1164 3555 τὰ
1188 3501 1325 3557 ἄλλα
1372 3503 1553 3557 πάντα
1594 3504 1840 3558 ἐπώλουν
1862 3508 1958 3560 καὶ

385 3590 744 3660 ἐκαπήλευον,
770 3591 910 3645 ὥστε
937 3594 1196 3648 σπανίσαι
1229 3597 1409 3650 πάντα
1439 3596 1507 3650 τὰ
1536 3595 1693 3661 ὥνια,
1725 3598 1956 3651 κάντεῦ-

385 3682 479 3735 θεν
516 3686 808 3755 βιασθῆναι
841 3687 932 3741 τδν
960 3688 1230 3743 Κλαύδιον
1250 3692 1357 3745 ἀπὸ
1388 3690 1631 3762 βήματος
1661 3693 1758 3754 τὰς
1794 3695 1961 3762 τιμὰς

385 3773 567 3827 αὐτῶν
589 3775 863 3841 διατάξαι.
902 3779 1077 3834 Αὗλου
1107 3782 1164 3835 δὲ
1202 3783 1470 3837 Πλαντίου
1505 3787 1564 3848 ἐς
1594 3785 1694 3856 τὴν
1722 3787 1961 3857 Βρεττα-

385 3866 507 3921 νίαν
532 3870 996 3939 στρατεύσαντος,
1041 3875 1134 3927 καὶ
1179 3873 1246 3928 τὰ
1306 3878 1407 3947 μὲν
1459 3877 1749 3944 παθόντος,
1810 3879 1877 3931 τὰ
1904 3876 1975 3930 δὲ,

384 3958 708 4028 δράσαντος,
743 3959 865 4018 εἶτα
893 3963 971 4035 τῷ
1021 3965 1274 4037 Κλαυδίῳ
1332 3966 1401 4021 τὰ
1455 3968 1736 4037 συμϐάντα
1767 3969 1964 4038 γνωρί-

389 4066 604 4115 σαντος,
642 4054 851 4117 ἐκεῖνος
884 4055 950 4108 τὰ
977 4056 1116 4110 οἴκοι
1160 4058 1429 4129 Οὐϊτελίῳ
1458 4060 1676 4131 Λουκίῳ
1705 4060 1782 4129 τῷ
1832 4076 1959 4113 συν-

388 4140 717 4198 υπατευκότι
751 4146 1086 4216 ἐγχειρίσας,
1118 4148 1532 4220 ἐξεστράτευσε.
1569 4153 1678 4206 Καὶ
1712 4151 1850 4222 πρὸς
1870 4151 1962 4207 τὸν

400 4232 653 4286 Ὠκεανὸν
675 4234 1028 4303 ἀφικόμενος,
1059 4239 1138 4302 είς
1161 4255 1218 4291 τε
1248 4239 1348 4310 τὴν
1366 4240 1698 4311 Βρεττανίαν
1723 4260 1964 4312 περαιω-

389 4323 506 4388 θεὶς
564 4325 705 4395 μετὰ
759 4327 1007 4394 πλείονος
1076 4336 1436 4403 παρασκευῆς
1486 4335 1580 4388 καὶ
1628 4334 1959 4403 ἐλεφάντων,

393 4416 649 4484 συνέμιξε
684 4420 799 4482 τοῖς
855 4420 1255 4490 στρατεύμασι.
1307 4423 1420 4478 Καὶ
1472 4425 1594 4495 μετ’
1639 4427 1817 4480 αὐτῶν
1849 4432 1962 4493 τοῖς

392 4502 701 4577 Βαρϐάροις
733 4508 1030 4579 συμϐαλὼν
1070 4511 1309 4581 ἐνίκησε,
1348 4514 1443 4566 καὶ
1476 4513 1536 4567 τὸ
1561 4512 1832 4583 βασίλειον
1861 4517 1961 4574 αὑ·-

392 4597 501 4650 τὼν
532 4591 647 4650 εἷλε
668 4614 681 4628 ο
727 4600 822 4652 καὶ
852 4601 932 4664 είς
967 4600 1068 4672 τὴν
1101 4601 1323 4674 Ῥώμην
1348 4604 1638 4674 ἐπανῆλθε,
1669 4605 1771 4675 τὴν
1791 4608 1964 4675 ἀγγεο

2064 3510 2370 3569 caateraqne
2396 3498 2581 3554 omnia
2616 3498 2929 3553 vendebant
2957 3508 3015 3554 et
3060 3498 3544 3560 auctionabantur,
3584 3508 3645 3552 ut.

2061 3592 2117 3647 in
2151 3593 2396 3646 omnium
2429 3606 2615 3646 rerum
2642 3592 2919 3646 venalium
2957 3590 3190 3661 penuria
3230 3589 3494 3645 Claudius
3524 3589 3644 3659 ipse

2062 3699 2163 3754 pro
2217 3683 2474 3737 tribunali
2530 3683 2703 3752 pretia
2758 3682 3097 3737 constituere
3156 3691 3469 3752 cogeretur.
3502 3680 3642 3735 Cum

2060 3776 2233 3832 Aulus
2266 3777 2520 3831 Plancius
2552 3791 2675 3830 cum
2719 3770 2971 3830 exercitu
3020 3774 3075 3830 in
3129 3773 3469 3828 Britanniam
3517 3789 3648 3843 pro-

2060 3864 2257 3927 fectus,
2298 3865 2480 3919 clades
2512 3864 2648 3917 alias
2677 3863 3027 3939 accepissetn
3052 3860 3188 3915 alias
3238 3862 3537 3924 intulisset,
3574 3878 3653 3916 ao

2063 3963 2263 4010 statum
2282 3970 2465 4009 rerum
2486 3953 2882 4023 signiﬁcasset:
2909 3951 3078 4006 Lucio
3103 3950 3322 4007 Vitellio
3343 3953 3567 4021 collegae
3586 3952 3645 4007 in

2062 4044 2349 4099 consulatu
2370 4059 2494 4108 suo,
2513 4057 2727 4097 summa
2753 4057 2934 4096 rerum
2953 4041 3230 4099 mandata.
3252 4057 3350 4111 per
3365 4042 3645 4096 Oceanum

2063 4150 2185 4189 cum
2217 4133 2518 4203 majoribus
2549 4130 2724 4200 cepiis
2745 4139 2801 4185 et
2829 4130 3140 4201 elephantis
3182 4131 3237 4183 in
3267 4130 3503 4186 insulam
3542 4147 3642 4187 ve-

2062 4237 2204 4287 ctus,
2229 4239 2352 4278 cum
2376 4224 2590 4277 caeteris
2609 4220 2918 4292 legionibus
2934 4221 3199 4276 Barbaros
3220 4237 3507 4292 aggressus
3521 4231 3605 4277 est
3626 4240 3657 4278 ε

2064 4316 2238 4384 iisque
2263 4315 2441 4380 victis,
2470 4314 2729 4385 regiaque
2760 4313 2979 4368 illorum
3008 4321 3164 4383 capta
3191 4312 3419 4367 Romam
3452 4314 3647 4377 rediit.

2063 4410 2255 4480 Magno
2279 4417 2337 4465 et
2358 4408 2568 4462 Sillano
2589 4406 2806 4476 generis
2823 4404 3069 4461 victoria:
3091 4405 3298 4460 nuntiis
3322 4407 3641 4475 praemissis.

2062 4500 2176 4567 Qua
2223 4500 2459 4579 cognita,
2513 4507 2741 4555 senatus
2790 4508 2845 4555 et
2875 4497 2979 4568 ipsi
3036 4506 3091 4552 et
3128 4496 3240 4553 ﬁlio
3269 4499 3390 4570 ejus
3423 4499 3645 4553 Britan-

2066 4591 2173 4646 nici
2203 4599 2649 4661 cognomentum,
2681 4596 2738 4643 et
2762 4590 2898 4644 alios
2939 4589 3142 4643 multos
3178 4589 3420 4643 honores
3449 4589 3645 4644 decre-

389 4689 512 4742 λίαν
547 4690 647 4759 τῆς
683 4691 839 4761 νίκης
864 4694 955 4746 διὰ
985 4668 1095 4748 τιῖιν
1110 4668 1379 4767 γαμϐρῶν
1398 4696 1494 4750 τοῦ
1510 4668 1578 4752 ’τε
1614 4668 1965 4768 Martiae-uati.

2065 4683 2163 4737 vit.
2195 4682 2482 4737 Messalina
2515 4682 2830 4737 saltatorem
2861 4680 3155 4751 quemdam
3190 4680 3518 4735 Mnesterem
3544 4696 3647 4735 no-

388 4778 486 4831 τοῦ
522 4781 748 4833 Σιλανοῦ
805 4783 1161 4853 προπέμψας.
1213 4785 1480 4841 Μαθοῦσα
1504 4787 1563 4842 δὲ
1602 4789 1774 4842 ταῦτα
1803 4792 1834 4860 η
1866 4808 1962 4858 γε·

2071 4776 2242 4839 mine,
2274 4776 2435 4847 cujus
2457 4791 2646 4831 amore
2694 4784 2853 4845 capta
2902 4781 3048 4839 erat,
3080 4790 3204 4829 cum
3239 4791 3342 4829 nec
3374 4776 3648 4845 pollicita—-

391 4872 607 4941 ρουσία,
642 4873 1008 4945 Βρεττανικὸν
1049 4877 1146 4931 καὶ
1198 4878 1362 4934 αὑτὸν
1393 4880 1509 4935 υίὸν
1555 4882 1722 4936 αὐτοῦ
1761 4884 1967 4938 ἐπεκά⁴

2074 4865 2318 4920 tionibus
2346 4880 2449 4920 nec
2475 4866 2640 4920 minis
2686 4865 2752 4920 ad
2800 4865 3157 4920 conetbitum
3205 4867 3509 4935 perpellere
3544 4883 3643 4937 po.

389 4963 538 5025 λεσε,
594 4965 900 5019 καὶπολλὰ
955 4968 1142 5033 αὐτοῖς
1199 4970 1509 5042 ἐψηφίσατο
1565 4973 1750 5044 ἐτερα.
1812 4975 1875 5029 Ἢ
1905 4975 1962 5029 δὲ

2072 4956 2286 5021 luisset,
2312 4957 2528 5011 curavit
2554 4965 2614 5009 ut
2644 4955 2691 5010 is
2721 4972 2749 5011 a
2774 4955 3004 5011 Claudio
3031 4956 3134 5026 ipsi
3163 4971 3353 5021 parere
3381 4959 3432 5010 in
3464 4958 3645 5011 omni.

389 5051 706 5107 Μεσσαλίνα
751 5055 1027 5128 ὀρχηστοῦ
1088 5060 1384 5130 ἐρασθεῖσά
1431 5080 1579 5127 τινος
1633 5067 1963 5137 Μνηστῆρος

2069 5047 2173 5102 bus
2197 5048 2512 5117 iuberetur,
2542 5050 2700 5119 quasi
2732 5048 2799 5103 ad
2831 5049 2966 5104 alias
3008 5064 3100 5104 res
3127 5049 3247 5119 ejus
3274 5064 3437 5117 opera
3471 5065 3640 5103 usura

389 5141 812 5214 ὠνομασμένου,
847 5149 971 5201 ἐπεὶ
1027 5149 1157 5221 μήθ’
1194 5152 1556 5222 ὑποσχέσεσιν
1612 5156 1773 5210 αὐτὸν
1835 5158 1964 5228 μήτ’

2068 5148 2237 5195 esset.
2268 5139 2360 5194 Sic
2383 5139 2474 5195 ille
2501 5156 2625 5194 cum
2656 5156 2720 5195 ea
2757 5155 2872 5195 rem
2910 5141 3122 5203 habuit,
3152 5140 3310 5209 quasi
3338 5139 3389 5190 i-l
3419 5154 3642 5208 quoque

390 5233 759 5305 ἐκφοϐήσεσιν
792 5236 1049 5292 ἀνέπειθε
1079 5242 1441 5309 συγγενέσθαι
1467 5245 1630 5316 αὐτῇ,
1662 5246 1752 5299 τὸν
1781 5248 1964 5302 Κλαύ-

2063 5232 2132 5287 ab
2159 5234 2495 5302 imperatore
2536 5234 2723 5304 jussus
2766 5243 2936 5289 esset.
2992 5234 3140 5288 Idem
3190 5247 3313 5286 cum
3350 5231 3471 5285 aliis
3503 5247 3646 5299 quo-

391 5323 504 5378 διον
538 5327 956 5396 παρεσκεύασεν
978 5332 1236 5395 ἐπιτάξαι
1266 5333 1435 5404 αὐτῷ,
1463 5335 1780 5407 πειθαρχεῖν
1826 5340 1964 5413 αὐτῇ

2065 5339 2174 5393 que
2206 5324 2394 5378 multis
2424 5340 2575 5386 ausa,
2608 5324 2876 5379 adulteris
2920 5324 3007 5380 sui
3034 5323 3248 5391 copiam
3306 5321 3455 5386 fecit,
3482 5323 3638 5390 quasi

392 5414 470 5478 ὡς
503 5417 591 5469 ἐπ’
622 5417 750 5473 ἄλλο
792 5437 846 5474 τι
877 5421 1113 5494 δεομένη
1142 5424 1309 5478 αὐτοῦ
1329 5442 1344 5457 ο
1396 5427 1490 5479 καὶ
1526 5428 1770 5492 εἰπόντος
1800 5412 1965 5484 αὐτοῦ

2068 5416 2292 5471 conscio
2332 5418 2551 5474 marito.
2578 5424 2635 5470 et
2662 5416 2726 5468 ad
2753 5415 3035 5469 lasciviant
3082 5413 3255 5482 ipsius
3285 5412 3640 5468 connivente.

392 5506 488 5561 τοῦ
517 5509 813 5578 Κλαυδίου,
849 5512 950 5570 ὅσα
972 5515 1376 5588 προστάττεται
1404 5536 1479 5573 πα
1491 5519 1559 5589 ρὰ
1591 5522 1691 5590 τῆς
1747 5522 1985 5577 Meam»

2066 5506 2344 5561 Vinicium
2380 5523 2511 5561 vero
2538 5506 2609 5560 ob
2638 5515 2890 5575 stuprum
2925 5514 3241 5560 recusatum
3272 5519 3484 5560 veneno
3515 5520 3640 5561 sus-

1571 5681 1769 5742 νοτία)
1800 5682 2104 5744 lectiones
2150 5695 2210 5744 et
2249 5696 2436 5744 noue.

473 5814 584 5889 ()6)
618 5819 985 5879 Βικινιανοῦ.
1019 5821 1100 5879 Ita
1138 5822 1300 5880 codd.
1358 5837 1490 5881 mss.
1524 5826 1590 5880 At
1620 5825 1851 5884 Wolﬁus
1902 5827 1985 5900 leg

2064 5829 2192 5886 dum
2219 5823 2586 5882 Μινουκιανοῦ
2619 5835 2796 5895 putat.
