4048 6406
408 389 517 455 953

408 595 464 646 is
498 593 600 664 ήδη
635 591 733 646 τοῦ
789 591 991 662 γάμου,
1045 593 1322 658 δείσαντες
1371 594 1461 648 τὸν
1516 595 1738 647 Σιλανὸν
1766 593 1869 645 ὑπὸ
1894 590 1988 643 τοῦ

411 681 680 737 Κλαυδίου
711 665 1021 751 τιμώμενοῦ
1070 682 1146 746 ὡς
1198 682 1368 755 ἄνδρα
1395 683 1615 751 ἀγαθὸν,
1657 681 1775 753 ἅμα
1805 682 1861 735 δὲ
1895 681 1991 733 καὶ

408 778 509 847 τὴν
544 775 840 829 Ὀκταϐξαν
867 774 967 845 τὴν
997 774 1278 847 θυγατέρα
1312 775 1502 840 αὑτοῦ,
1527 776 1605 845 τῷ
1631 776 1727 844 τῆς
1755 775 1987 844 Ἀγριπ-

408 869 573 938 πίνης
602 866 703 938 υίῷ
734 866 813 937 τῷ
834 867 1071 939 Δομιτίῳ
1104 871 1508 939 προμνώμενοι,
1572 866 1989 938 ἐγγεγυημένην

407 959 486 1030 τῷ
514 958 741 1030 Σιλανῷ,
770 958 1016 1013 πείθουσι
1042 960 1132 1014 τὸν
1156 961 1443 1025 Κλαύδιον,
1467 962 1541 1024 ὡς
1564 957 1989 1015 ὲπιϐιυλεύοντά

408 1053 458 1105 οἱ
489 1051 582 1104 τὸν
640 1052 864 1105 Σιλανὸν
925 1053 1271 1111 ἀποκτεῖναι.
1329 1055 1631 1126 Γενομένου
1674 1055 1730 1107 δὲ
1771 1054 1985 1117 τούτου,

408 1143 601 1213 λόγους
631 1145 690 1197 έν
716 1147 783 1215 τῇ
814 1144 978 1217 βουλῇ
1006 1148 1033 1198 6
1064 1146 1370 1210 Οὐϊτέλλιος
1398 1149 1714 1218 ἐποιήσατο,
1739 1148 1822 1200 ὅτι
1849 1164 1987 1217 συμ-

407 1238 567 1307 φέρει
629 1238 706 1308 τῷ
758 1240 944 1308 κοινῷ,
1004 1239 1183 1309 γῆμαι
1232 1240 1324 1293 τὸν
1386 1240 1676 1294 Κλαύδιον.
1737 1239 1841 1293 Καὶ
1888 1238 1987 1310 τὴν

419 1326 785 1399 Ἀγριππίναν
807 1329 1116 1397 ἐπιτηδείαν
1137 1331 1218 1395 εἰς
1242 1329 1402 1385 τοῦτο
1424 1330 1715 1399 ἀπέφαινε,
1747 1330 1845 1385 καὶ
1864 1330 1985 1400 βιά-

407 1417 606 1473 σασθαι
652 1420 838 1489 σφίσιν
895 1421 1057 1475 αὐτὸν
1080 1422 1174 1475 ἐπὶ
1221 1423 1314 1477 τὸν
1362 1425 1540 1495 γάμον
1580 1424 1982 1480 συνεϐούλευεν.

404 1506 688 1562 Ἐντεῦθεν
716 1511 1052 1581 ὁρμηθέντες
1085 1513 1136 1565 ot
1167 1512 1477 1583 βουλευταὶ,
1516 1515 1655 1584 πρὸς
1683 1513 1772 1567 τὸν
1801 1513 1983 1568 Κλαύ-

402 1602 515 1656 διον
543 1598 730 1674 ἦλθον,
769 1605 864 1657 καὶ
883 1605 1210 1675 ἠνάγκασαν
1234 1604 1396 1678 δῆθεν
1429 1606 1595 1659 αὐτὸν
1644 1607 1843 1675 γῆμαι.
1873 1606 1985 1659 Καὶ

401 1698 662 1770 ψήφισμα
689 1701 1018 1770 ἐποιήσαντο
1070 1699 1274 1766 ἐξεῖναι
1344 1700 1639 1771 Ῥωμαίοις
1695 1699 1983 1768 ἀδελφιδᾶς

1658 393 2067 455 ANNALIUM
2105 395 2254 461 LIB.
2298 401 2407 465 Χῐ.

292 486 299 493 ’
408 501 508 573 τὴν
532 498 874 554 Μεσσαλῖναν
903 498 1258 572 ἀναιρεθῆναι
1280 500 1628 572 ποιήσαντες.
1657 500 1984 571 Δεδογμένου

2091 502 2323 562 Claudio
2355 519 2416 565 ut
2447 510 2529 567 vir
2578 511 2757 570 bonus
2782 486 3183 580 bon'orabatur,
3228 533 3333 574 nec
3363 489 3475 574 non
3505 517 3670 575 Octa-

3559 408 3668 474 954

2093 598 2238 654 viam
2287 601 2453 657 tiliam
2500 604 2623 675 ejus
2673 604 2885 662 Sillano
2931 606 3286 678 desponsam,
3350 611 3669 682 Agrippina)

2093 689 2207 746 ﬁlio
2254 693 2495 751 Domitio
2542 698 2655 765 jam
2694 706 2820 754 ante
2850 699 3228 757 destinantes:
3275 701 3507 756 Claudio
3540 718 3670 771 per-

2090 781 2349 848 suadent,
2384 792 2446 839 ut
2478 785 2745 843 Sillanqu
2800 803 2899 858 pro
2930 791 3254 846 insidiatore
3284 791 3519 847 occidat.
3548 791 3671 859 Quo

2089 872 2259 941 facto,
2309 876 2561 935 Vitellius
2609 882 2665 936 in
2708 893 2900 937 senatu
2946 885 3259 953 proposuit,
3287 898 3407 940 esse
3435 899 3467 937 ο
3500 898 3670 953 repu-

2091 966 2257 1030 blica,
2288 980 2349 1024 ut
2376 969 2641 1028 Claudius
2668 990 2895 1030 uxorem
2928 975 3129 1031 ducat:
3157 986 3214 1031 ct
3239 975 3595 1047 Agrippinam
3617 974 3670 1028 ei

2088 1057 2207 1113 fore
2253 1060 2508 1118 idoneam
2561 1066 2962 1134 pronuntiavit,
3020 1076 3191 1137 utque
3234 1067 3423 1122 adeas
3449 1066 3673 1135 nuptias

2088 1151 2407 1220 adigeretur
2462 1165 2660 1211 auctor
2709 1158 2834 1212 fuit.
2894 1157 2969 1213 Ita
3015 1169 3302 1214 senatores
3333 1173 3569 1229 propere
3601 1156 3672 1211 ad

2087 1241 2377 1298 Claudium
2409 1244 2687 1308 abierunt.
2722 1264 2961 1319 eumque
2991 1256 3287 1320 coegerent
3325 1249 3560 1312 scilicet,
3611 1257 3676 1303 ut

2087 1337 2504 1392 matrimonium
2536 1341 2891 1397 contraheret
2925 1360 2939 1396 :
2988 1344 3134 1398 facto
3164 1341 3670 1408 senatusconsulto,

2087 1437 2148 1483 ut
2174 1428 2408 1484 fratrum
2456 1441 2514 1486 et
2574 1447 2829 1488 sororum
2860 1434 3003 1489 filias
3024 1436 3227 1489 ducere
3261 1433 3421 1505 565
3454 1433 3670 1499 liceret,

2086 1520 2235 1588 quod
2265 1528 2394 1577 ante
2439 1523 2673 1578 vetitum
2722 1535 2862 1580 erat.
2906 1526 3151 1581 Peractis
3196 1524 3427 1596 nuptiis,
3473 1523 3674 1579 mulier

2086 1612 2292 1684 ingenii
2328 1615 2695 1681 callidissimi,
2743 1616 3037 1674 Claudium
3085 1618 3246 1687 plane
3279 1617 3336 1671 in
3370 1631 3469 1671 sua
3508 1615 3670 1683 quasi

2087 1706 2256 1761 verba
2300 1706 2490 1779 jarare
2524 1709 2741 1780 coegit:
2796 1710 3004 1766 amicos
3052 1711 3193 1783 ejus,
3246 1710 3447 1781 partim
3493 1716 3705 1774 metm.

403 1793 668 1861 ἄγεσθαι·
700 1792 966 1864 πρότερον
997 1793 1105 1864 γὰρ
1147 1792 1480 1848 ἐκεκώλυτο.
1551 1794 1643 1858 Ὠς
1670 1792 1715 1846 δ’
1744 1794 1772 1846 ό
1807 1790 1981 1862 γάμος

2087 1798 2289 1868 partim
2336 1800 2626 1857 beneﬁciis
2655 1802 2763 1858 sibi
2803 1803 3140 1858 conciliavit.
3174 1802 3423 1872 Denique
3450 1800 3672 1854 Britan-

402 1885 683 1958 ἐτελέσθη,
711 1890 808 1940 τόν
847 1904 908 1940 τε
956 1886 1230 1941 Κλαύδιον
1262 1888 1673 1958 ἐσφετερίσατο,
1701 1887 1980 1958 δεινοτάτη

401 1977 539 2032 οὖσα
595 1979 886 2048 πράγμασι
940 1978 1200 2050 χρῆσθαι,
1231 1979 1328 2034 καὶ
1382 1979 1521 2050 πρὸς
1578 1979 1672 2043 οὓς
1717 1978 1982 2044 εὐνοϊκῶς

401 2069 611 2132 ἐκεῖ-,ος
665 2066 799 2139 εἶχε,
861 2070 989 2133 τοῦς
1042 2070 1142 2140 μὲν
1184 2071 1358 2143 φόϐῳ,
1390 2072 1516 2135 τοὺς
1543 2071 1600 2125 δὲ
1635 2072 1983 2142 εὐεργεσίαις

401 2161 734 2232 ᾠκειώσατο.
762 2163 872 2216 Καὶ
892 2163 1047 2227 τέλος
1072 2164 1166 2219 τὸν
1190 2165 1287 2235 μὲν
1304 2165 1669 2237 Βρεττανικὸν
1699 2165 1790 2219 τὸν
1814 2167 1985 2221 παῖδα

402 2253 568 2307 αὺτοῦ
588 2252 663 2316 ὡς
686 2254 793 2308 τῶν
818 2255 1095 2324 τυχόντων
1120 2256 1242 2310 τινὰ
1267 2257 1565 2327 τρέφεσθαι
1591 2258 1764 2312 ἐποίει
1789 2258 1850 2328 (6
1871 2259 1984 2332 γὰρ

401 2344 590 2417 ἔτερος
621 2345 813 2415 ἔθανε)
841 2347 931 2401 τὸν
961 2349 1017 2402 δὲ
1050 2350 1303 2420 Δομίτιον
1341 2351 1464 2405 τότε
1495 2349 1594 2420 μὲν
1623 2350 1874 2423 γαμϐρὸν
1907 2352 1983 2425 τῷ

404 2438 661 2510 Κλαυδίῳ
689 2441 992 2508 ἀπέδειξεν,
1032 2441 1263 2514 ὕστερον
1295 2443 1353 2498 δὲ
1393 2443 1489 2498 καὶ
1516 2445 1851 2518 είσεποίησε,
1886 2445 1983 2502 καὶ

403 2532 766 2603 εἰσποιήσασα
796 2532 874 2604 τῷ
907 2534 1159 2605 Κλαυδίῳ
1195 2535 1359 2590 αὑτὸν
1392 2537 1650 2608 καὶπρὸς
1684 2538 1743 2592 τὸ
1778 2539 1983 2609 κράτος

404 2623 651 2694 ὲξήσκει,
680 2626 777 2677 καὶ
802 2626 954 2697 παρὰ
982 2625 1059 2697 τῷ
1090 2627 1295 2697 Σενέκα
1323 2627 1687 2693 ὲξεπαίδευεν.
1735 2629 1980 2700 ’Δμύθη-

403 2720 496 2772 τόν
520 2734 577 2770 τε
605 2716 834 2770 πλοῦτον
868 2717 1176 2788 συνέλεγεν,
1210 2720 1334 2774 οὐδὲ
1363 2721 1463 2790 τὴν
1505 2721 1775 2791 τυχοῦσαν
1807 2721 1980 2793 λαϐὴν

404 2808 493 2862 ἐπ’
518 2808 855 2881 ἀργυρισμῷ
900 2811 1344 2878 παραλείπουσα,
1395 2812 1624 2876 πολλοὺς
1655 2815 1709 2867 δὲ
1750 2815 1843 2867 καὶ
1882 2832 1982 2883 φο-

401 2900 637 2954 νεύουσα
683 2900 772 2954 διὰ
807 2901 1069 2973 χρήματα
1090 2919 1105 2934 ο
1155 2903 1257 2973 ἤδη
1315 2904 1371 2958 δέ
1404 2921 1558 2966 τινας
1589 2905 1685 2957 καὶ
1716 2909 1979 2973 γυναῖκας

402 2992 826 3063 ζηλοτυπήσασα
856 2990 1085 3048 ἔκτεινε.
1116 2992 1229 3063 Τὴν
1259 2994 1388 3062 γοῦν
1411 2994 1682 3050 Παυλίναν
1712 2995 1810 3063 τὴν
1841 2997 1975 3049 Λολ-

399 3086 523 3140 λίαν
557 3084 955 3150 ἀποκτείνασα,
981 3085 1081 3139 καὶ
1110 3086 1208 3158 τὴν
1232 3088 1473 3158 κεφαλὴν
1501 3088 1672 3157 αὐτῆς
1701 3089 1980 3158 κομισθεῖ-

403 3194 503 3230 σαν
535 3177 609 3249 μὴ
645 3176 984 3246 γνωρίσασα,
1016 3178 1077 3230 τό
1106 3194 1164 3230 τε
1220 3178 1400 3249 στόμα
1445 3178 1617 3248 αὐτῆς
1669 3180 1807 3249 αὑτὴ
1860 3180 1980 3240 ταῖς

400 3269 590 3341 χερσὶν
618 3267 843 3338 άνέῳξτ,
878 3269 971 3323 καὶ
1001 3269 1129 3332 τοὺς
1163 3269 1382 3333 ὀδόντας
1414 3270 1794 3339 ἐπεσκέψατο,
1833 3270 1982 3335 ἰδίως

400 3376 519 3422 πως
550 3359 796 3429 ἔχοντας.
832 3359 989 3413 Μετὰ
1020 3360 1196 3414 ταῦτα
1245 3360 1304 3414 δὲ
1356 3364 1452 3415 καὶ
1515 3363 1835 3432 Αὐγοῦσταν
1880 3365 1983 3436 τὴν

411 3452 778 3522 ’Δγριππίναν
826 3452 854 3504 6
895 3452 1161 3517 Κλαύδιος
1206 3455 1537 3523 ὲπεκάλεσε,
1600 3457 1695 3511 καὶ
1741 3456 1834 3510 τὸν
1867 3458 1983 3512 υίὸν

402 3546 572 3617 αὐτῆς
603 3544 1078 3616 εἰσποιησάμενος,
1122 3550 1477 3620 μετωνόμασε
1514 3551 1555 3601 Τ
1562 3549 1765 3622 ιϐέριον
1797 3551 1986 3605 Κλαύ-

397 3639 512 3693 διον
558 3637 791 3708 Νέρωνα
831 3638 1067 3709 Δροῦσον
1098 3640 1438 3711 Γερμανικὸν
1500 3645 1778 3716 Καίσαρα,
1816 3647 1985 3716 μηδὲν

399 3730 699 3802 φροντίσας
729 3731 813 3784 ὅτι
843 3731 1098 3786 καίεσθαι
1127 3732 1156 3785 6
1180 3733 1413 3804 οῦσρανὸς
1444 3734 1544 3806 τὴν
1585 3738 1804 3807 ἡμέραν
1834 3740 1983 3792 ὲκεί-

397 3841 498 3894 νην
526 3824 693 3891 ἔδοξε.
723 3825 836 3878 Καὶ
862 3824 1001 3896 μετὰ
1025 3825 1187 3880 τοῦτο
1215 3830 1314 3899 τὴν
1346 3829 1625 3901 θυγατέρα
1653 3832 1753 3903 τὴν
1791 3834 1986 3889 Ὀκτα-

399 3913 524 3967 ϐίαν
555 3914 634 3977 είς
656 3913 844 3984 ἕτερόν
869 3931 922 3966 τι
942 3915 1100 3983 γένος
1134 3915 1472 3985 εἰσαγαγὼν,
1504 3917 1594 3972 ἵνα
1620 3918 1696 3990 μὴ
1719 3920 1985 3990 ἀδελφοὺς

401 4002 728 4068 συνοικίζειν
757 4005 915 4075 δοκῇ,
966 4006 1302 4079 ἐνεγγύησεν
1335 4008 1506 4078 αὐτῷ.
1561 4010 1897 4076 Ἀγριππίνα
1927 4013 1984 4066 δὲ

398 4098 497 4152 καὶ
520 4097 903 4171 Καλπουρνίαν
926 4101 1164 4167 γυναῖκα
1184 4099 1297 4152 τῶν
1327 4100 1561 4168 πρώτων
1583 4102 1980 4170 ἐφυγάδευσεν,

397 4190 432 4262 ἢ
462 4190 536 4254 ὡς
562 4191 783 4259 λέγεται
805 4190 900 4246 καὶ
929 4193 1274 4256 ἀπέκτεινεν,
1296 4193 1485 4266 ἐπειδὴ
1504 4193 1566 4247 τὸ
1585 4194 1780 4257 κάλλος
1810 4195 1984 4265 αὐτῆς

397 4282 427 4335 6
461 4282 725 4346 Κλαύδιος
756 4281 1039 4354 ἐθαύμασε
1070 4284 1167 4337 καὶ
1197 4283 1457 4356 ἐπῄνεσε.
1495 4286 1604 4339 Τοῦ
1633 4287 1691 4340 δὲ
1728 4288 1984 4360 Νέρωνος

2085 1892 2272 1946 nicum
2305 1892 2618 1964 privignum
2655 1896 2872 1965 plebeio
2908 1912 3062 1952 more
3092 1895 3315 1950 educari
3361 1895 3495 1951 fecit
3519 1894 3670 1963 (nam

2085 1982 2229 2036 alter
2256 1983 2494 2058 obierat)
2524 1986 2825 2042 Domitium
2855 1996 3042 2044 autem
3074 1997 3187 2043 tum
3218 2003 3481 2058 generum
3510 1986 3677 2042 Clau-

2084 2074 2162 2130 dii
2210 2075 2541 2147 designavit,
2589 2088 2717 2149 post
2755 2080 2923 2135 etiam
2977 2079 3359 2151 adoptandum
3418 2078 3672 2134 curavit:

2083 2185 2196 2239 quo
2240 2171 2409 2236 facto,
2456 2172 2717 2227 eumdem
2749 2172 2818 2228 ad
2847 2172 3144 2244 imperium
3195 2173 3299 2228 sub
3332 2178 3673 2242 praeceptore

2085 2265 2298 2321 Seneca
2323 2266 2551 2320 erudiit.
2584 2266 2814 2322 Divitias
2842 2266 3023 2338 coegit
3052 2265 3383 2329 ineli‘abiles,
3409 2279 3479 2319 ne
3508 2262 3675 2318 levis-

2083 2358 2224 2412 sima
2258 2356 2483 2427 quidem
2537 2358 2785 2428 pecuniae
2815 2357 3082 2413 faciendae
3110 2355 3403 2412 occasione
3443 2361 3674 2425 praeter-

2084 2450 2274 2516 missa,
2322 2450 2515 2506 multis
2567 2451 2735 2506 etiam
2764 2451 3015 2522 pecuniae
3045 2465 3212 2505 causa
3239 2448 3461 2504 occisis.
3496 2445 3676 2500 Inter-

2081 2540 2213 2596 fecit
2263 2539 2434 2594 etiam
2484 2540 2749 2596 mulieres
2793 2540 3092 2595 nonnullas
3147 2555 3241 2613 ex_
3273 2536 3565 2607 zelotypia,
3607 2540 3673 2589 ut

2082 2629 2316 2685 Lolliam
2343 2631 2640 2686 Paulinam
2666 2671 2682 2697 ,
2722 2632 2884 2703 cujus
2911 2640 3078 2700 caput
3105 2630 3173 2685 ad
3206 2645 3263 2684 se
3291 2628 3513 2683 allatum
3541 2642 3669 2682 cum

2081 2738 2195 2779 non
2236 2732 2583 2793 agnosceret,
2617 2722 2738 2777 suis
2768 2723 3027 2777 manibus
3064 2737 3127 2777 os
3166 2721 3407 2789 aperuit,
3442 2726 3503 2772 ut
3532 2718 3672 2773 den-

2081 2826 2167 2871 tes
2198 2816 2490 2886 aspiceret,
2524 2830 2760 2886 quorum
2806 2813 3107 2885 peculiaris
3136 2822 3257 2868 erat
3281 2813 3473 2867 series.
3505 2810 3670 2865 Post-

2082 2908 2201 2963 haec
2246 2907 2551 2979 Augustam
2602 2906 2899 2977 appellavit
2954 2905 3311 2977 Agrippinam
3366 2900 3671 2958 Claudius:

2081 3010 2136 3055 et
2171 3000 2342 3055 filium
2369 3000 2491 3071 ejus
2538 2999 2886 3069 adoptatum,
2928 2998 3214 3054 Tiberium
3243 2994 3535 3053 Claudium
3560 2993 3671 3049 Ne-

2084 3107 2276 3146 ronem
2311 3091 2544 3146 Drusum
2589 3089 2976 3147 Germanicum
3029 3088 3300 3146 Caesarem
3341 3085 3670 3148 nominavit,

2082 3185 2224 3240 nihil
2264 3185 2541 3247 turbatus,
2585 3184 2735 3255 quod
2785 3199 2853 3239 eo
2900 3184 2991 3239 die
3019 3184 3221 3239 ccelum
3268 3181 3465 3236 ardere
3490 3179 3671 3233 visum

2082 3289 2191 3337 est.
2246 3280 2459 3335 Deinde
2507 3277 2676 3333 tiliam
2728 3277 3013 3334 Octaviam
3076 3276 3131 3332 in
3186 3276 3350 3331 aliam
3408 3273 3671 3329 familiam

2085 3372 2423 3442 adoptatam,
2456 3386 2529 3426 ne
2578 3371 2810 3426 fratrem
2857 3380 2915 3425 et
2943 3384 3194 3425 sororem
3225 3366 3488 3438 copulare
3518 3363 3675 3418 vide-

2085 3477 2264 3532 retur,
2304 3466 2355 3521 ei
2390 3463 2708 3534 despondit.
2742 3462 3045 3534 Agrippina
3075 3460 3428 3531 Calpurniam
3455 3468 3675 3528 quoque

2086 3560 2395 3632 principem
2448 3567 2757 3613 matronam
2806 3557 2897 3612 vel
2928 3555 2982 3609 in
3010 3554 3269 3609 exsilium
3304 3550 3440 3621 egit,
3470 3549 3581 3614 vel,
3616 3554 3677 3601 ut

2085 3653 2287 3717 fertur,
2313 3651 2483 3707 etiam
2512 3650 2722 3707 occidit
2746 3667 2760 3704 :
2814 3648 2962 3720 quod
3003 3646 3269 3701 Claudius
3294 3644 3416 3713 ejus
3442 3642 3677 3696 formam

2085 3743 2391 3799 admiratus
2440 3752 2610 3807 esset,
2658 3757 2724 3797 ac
2771 3740 3072 3795 laudasset.
3102 3737 3224 3805 Quo
3251 3737 3342 3792 die
3374 3736 3521 3791 Nero
3549 3734 3679 3801 (hoc

2086 3837 2237 3891 enim
2283 3851 2485 3890 nomen
2519 3834 2635 3890 fere
2674 3833 2995 3903 usurpatur)
3037 3830 3259 3885 virilem
3295 3841 3474 3900 togam
3526 3841 3679 3881 sum-

2095 3928 2229 3998 psit,
2260 3937 2407 3983 terra
2438 3928 2547 3982 late
2595 3940 2864 3981 concussa
2892 3931 2999 3987 est,
3031 3930 3088 3978 et
3114 3932 3280 3977 noctu
3321 3918 3581 3973 omnibus
3607 3933 3678 3971 ex

2086 4034 2244 4087 aequo
2275 4027 2455 4073 terror
2485 4016 2763 4071 incussus.
2791 4013 3187 4070 Crescentibus
3212 4011 3448 4066 Neronis
3472 4009 3674 4079 opibus

2086 4110 2443 4166 Britannicus
2466 4107 2589 4163 sine
2621 4107 2735 4162 ullo
2769 4106 2983 4177 honore
3014 4105 3236 4176 penitus
3267 4101 3674 4173 negligebatur,

2086 4201 2361 4257 ministris
2397 4201 2516 4270 ejus
2555 4198 2625 4253 ab
2655 4196 2955 4268 Agrippina
2985 4193 3183 4265 partim
3217 4192 3440 4262 fugatis,
3474 4189 3677 4260 partim

2086 4295 2307 4351 occisis.
2362 4292 2617 4349 Sosibius
2663 4299 2872 4354 autem,
2898 4289 2986 4344 cui
3026 4286 3285 4342 educatio
3308 4292 3366 4340 et
3393 4281 3677 4338 institutio

399 4373 593 4444 (τοῦτο
614 4376 722 4446 γὰρ
753 4377 815 4430 τὸ
843 4375 1017 4444 ὄνομα
1051 4376 1140 4431 ἐπ’
1172 4376 1323 4449 αύτῷ
1346 4377 1700 4450 ἐξενίκησεν)
1748 4380 1807 4444 ἐς
1854 4381 1983 4444 τοὺς

2090 4386 2238 4441 illius
2271 4383 2526 4438 mandata
2570 4388 2712 4446 erat,
2743 4378 2900 4449 quasi
2935 4376 3139 4432 Neroni
3189 4374 3485 4430 insidiatus
3503 4381 3675 4441 esset,

397 4467 637 4538 ἐφήϐους
658 4469 1052 4540 ἐγγραφέντος,
1078 4473 1221 4523 κατὰ
1247 4467 1346 4541 τὴν
1377 4469 1593 4541 ἡμέραν
1615 4465 1728 4546 ἐν
1757 4472 1986 4544 ἐνεγρά-

400 4560 581 4631 φη,τὸ
606 4559 885 4631 δαιμόνιον
919 4562 1019 4632 τήν
1056 4578 1116 4615 τε
1152 4563 1254 4632 γῆν
1300 4563 1395 4617 ἐπὶ
1453 4563 1592 4618 πολὺ
1642 4563 1841 4628 ἔσεισε,
1893 4567 1990 4620 καὶ

401 4655 570 4723 φόϐον
599 4652 797 4716 νυκτὸς
828 4654 997 4708 πᾶσιν
1021 4655 1223 4724 ὁμοίως
1257 4656 1504 4712 ἐνέϐαλε.
1527 4657 1725 4727 Νέρων
1760 4658 1862 4730 μὲν
1891 4653 1987 4714 οὖν

397 4743 616 4816 ηὔξετο,
653 4744 1014 4815 Βρεττανικὸς
1050 4746 1107 4799 δὲ
1136 4744 1261 4801 οὔτε
1288 4747 1412 4802 τινὰ
1444 4748 1614 4820 τιμὴν
1638 4747 1764 4804 οὔτε
1789 4749 1988 4820 ἐπιμέ·

396 4838 550 4891 λειαν
604 4832 790 4908 εἶχεν·
852 4840 885 4908 ἡ
914 4838 1026 4911 γὰρ
1068 4839 1407 4910 Ἀγριππίνα
1461 4843 1589 4904 τοὺς
1618 4844 1989 4912 περιέποντας

402 4929 566 5004 αὐτὸν
588 4930 716 4992 τοὺς
743 4929 842 5000 μὲν
863 4930 1117 5002 ἐξήλασε,
1145 4933 1273 4995 τοὺς
1312 4931 1369 4985 δὲ
1402 4934 1498 4987 καὶ
1527 4934 1820 4988 ἀπέκτεινε
1842 4952 1857 4968 ο
1889 4937 1985 4990 καὶ

395 5022 488 5075 τὸν
521 5023 785 5077 Σωσίϐιον
816 5024 951 5096 (99),
991 5018 1035 5093 ᾧ
1084 5025 1117 5095 ἡ
1150 5025 1327 5095 τροφὴ
1352 5025 1518 5082 αὑτοῦ
1550 5028 1644 5080 καὶ
1674 5029 1706 5098 ή
1765 5029 1984 5083 παιδεία

398 5115 829 5184 προσετέτακτο,
889 5116 1254 5185 κατέσφαξεν,
1290 5118 1366 5183 ὡς
1398 5117 1478 5189 τῷ
1507 5119 1724 5190 Νέρωνι
1756 5120 1982 5176 ἐπιϐου-

397 5206 648 5263 λεύοντα.
683 5208 794 5260 Καὶ
823 5208 1147 5279 παραδοῦσα
1178 5209 1342 5264 αὐτὸν
1375 5206 1457 5275 οἷς
1484 5211 1696 5282 ἤθελεν,
1736 5213 1861 5268 οὔτε
1904 5214 1985 5286 τῷ

397 5299 570 5369 πατρὶ
589 5301 862 5380 guveivat,
895 5299 1022 5354 οὔτε
1077 5301 1430 5372 δημοσιεύειν
1484 5305 1597 5359 εἴα.
1632 5303 1899 5360 Ἦδύνατο
1923 5306 1982 5361 δὲ

401 5388 585 5445 πάντα
612 5388 707 5444 τοῦ
745 5390 1015 5444 Κλαυδίου
1055 5392 1356 5462 κρατοῦσα,
1402 5394 1496 5448 καὶ
1539 5395 1632 5450 τὸν
1667 5395 1984 5465 Νάρκισσον

398 5482 498 5536 καὶ
529 5481 625 5536 τὸν
660 5481 950 5539 Πάλλαντα
979 5484 1405 5558 οίκειωσαμένη.
1447 5487 1508 5542 Ὃ
1541 5487 1650 5559 γὰρ
1682 5487 1984 5556 Κάλλιστος

2089 4476 2419 4534 interfectus
2463 4481 2573 4530 est.
2627 4471 3010 4526 Britannicum
3055 4483 3190 4523 vero
3215 4467 3283 4523 iis
3316 4466 3678 4522 commissum

2090 4585 2233 4642 quos
2257 4569 2375 4640 ipse
2399 4565 2688 4638 probabat,
2714 4579 2819 4619 nec
2843 4578 2969 4619 cum
2995 4574 3150 4633 patre
3173 4560 3381 4623 vivere,
3415 4576 3518 4615 nec
3546 4574 3679 4631 pro-

2089 4664 2210 4719 dire
2245 4661 2301 4716 in
2331 4660 2615 4731 publicum
2646 4672 2808 4728 passa
2842 4663 2949 4712 est.
2995 4655 3223 4710 Poterat
3248 4662 3434 4709 autem
3467 4653 3676 4718 omnia,

2089 4769 2217 4810 cum
2254 4751 2487 4809 Claudio
2531 4749 2941 4812 dominaretur,
2992 4753 3048 4802 et
3107 4746 3427 4803 Narcissum
3459 4759 3526 4801 ac
3553 4744 3681 4802 Pal-

2088 4846 2299 4902 lantem
2332 4843 2543 4898 amicos
2578 4841 2834 4896 haberet.
2864 4839 3002 4896 Nam
3046 4837 3332 4903 Callistus,
3375 4837 3679 4908 potentiam

2094 4936 2389 4993 maximam
2417 4934 2672 5005 adeptus,
2701 4932 2940 4988 obicrat.
2973 4931 3248 5002 Astrologi
3280 4941 3394 4985 tum
3436 4936 3547 4984 tota
3574 4929 3684 4983 Ita-

2090 5031 2163 5087 lia
2200 5028 2342 5100 pulsi
2376 5034 2526 5090 sunt,
2583 5033 2640 5081 et
2687 5026 2781 5096 qui
2836 5039 2935 5079 eos
2973 5024 3379 5087 consulebant,
3436 5018 3677 5075 multati.

2074 5120 2374 5178 Caratacus
2399 5116 2626 5188 quidam
2668 5115 3041 5169 Barbarorum
3084 5113 3351 5183 princeps
3383 5119 3596 5178 captus,
3623 5116 3682 5163 et

2082 5219 2317 5274 Romam
2345 5215 2571 5277 ductus,
2605 5211 2824 5267 veniam
2854 5226 2884 5262 a
2907 5206 3140 5264 Claudio
3174 5203 3510 5274 impetravit.
3537 5199 3675 5255 Cum

2085 5310 2355 5367 dimissus
2387 5315 2559 5371 esset,
2582 5313 2640 5360 et
2670 5305 2858 5359 Roma:
2893 5299 3243 5371 splendorem
3274 5305 3439 5365 atque
3473 5292 3676 5363 ampli-

2083 5402 2332 5459 tudinem
2380 5399 2543 5471 566
2586 5397 3011 5468 perlustrasset:
3066 5391 3242 5455 Itane,
3294 5388 3495 5458 inquit,
3560 5403 3681 5440 rum

2082 5494 2195 5550 haec
2224 5500 2276 5549 et
2320 5488 2623 5561 hujusmodt'
2658 5486 2919 5550 habeatis,
2954 5489 3136 5538 nostra
3165 5479 3434 5553 tugm'iola
3484 5496 3678 5534 concu-

1527 5650 1730 5715 Varias
1750 5651 2065 5715 lectiones
2110 5659 2174 5714 et
2238 5659 2434 5715 notas.

473 5772 584 5844 (99)
614 5772 1218 5848 quutdrjaiqlﬁwr.
1271 5777 1350 5832 Ita
1381 5766 1734 5848 reposuimus
1757 5794 1825 5834 ex
1853 5794 1988 5836 mss.

415 5843 550 5917 Reg.
566 5842 639 5901 'et
658 5842 815 5902 Colb.
840 5845 934 5902 ubi
963 5846 1194 5905 Wolﬁus
1215 5842 1475 5904 Σωσίκιον
1498 5865 1783 5922 perperam
1818 5867 1831 5907 :
1865 5864 1989 5906 nam

2101 5776 2360 5833 Sosibium
2391 5784 2591 5831 vocant
2620 5774 2784 5829 etiam
2810 5773 3054 5841 Tacitus,
3100 5771 3196 5829 lib.
3239 5785 3317 5838 XI,
3370 5777 3426 5827 et
3487 5766 3586 5824 Dio
3612 5766 3671 5821 in

2102 5847 2389 5918 Excerptis
2414 5845 2739 5915 Valesianis,
2759 5861 2812 5917 p.
2843 5844 2970 5903 678.
