4048 6402
459 349 569 413 955

1740 353 1871 416 1οΑ
1883 354 2064 418 NNIS
2096 358 2416 420 ZONAR/E

3603 357 3705 420 956

458 466 703 533 pisritis!
747 465 952 522 Julium
985 464 1255 520 Gallicum
1307 464 1572 521 Claudius
1599 481 1820 521 causam
1850 466 2041 521 dicen-

2148 473 2237 523 ἐπὶ
2271 469 2406 523 πολῦ
2455 469 2821 539 προχωρήσας
2879 467 3162 539 δυνάμεως
3226 469 3594 539 ἐτελεύτησεν.
3649 440 3706 531 Οξ
3801 479 3809 485 ”

459 566 592 621 tem,
628 559 680 612 in
714 558 958 613 Tiberim
989 560 1163 612 iratus
1196 559 1528 628 praicipitari
1562 560 1745 629 jussit.
1785 559 1846 613 ln
1875 576 2041 630 quem

462 647 735 704 Domitius
760 649 914 714 Afer,
962 649 1207 719 optimus
1250 650 1397 704 illius
1422 650 1601 706 aatatis
1646 659 1931 720 patronus.
1964 650 2044 705 l‘a-

458 755 580 798 cete
606 745 902 799 admodum
924 746 1144 816 jocatus
1170 752 1269 799 est.
1307 744 1441 799 Nam
1470 760 1594 799 cuni
1618 744 1842 814 quidam
1867 759 1896 797 a
1919 743 2046 798 Gal-

458 834 565 891 lico
595 837 924 902 destiturus,
971 838 1091 908 ejus
1151 837 1418 891 auxilium
1468 837 1852 906 implorasset:
1911 836 2041 901 Qui:

458 926 574 991 tibi,
610 927 812 998 inquit,
864 929 1127 993 narravit,
1180 944 1262 983 me
1292 936 1592 982 natatorem
1632 926 1727 981 illo
1771 925 2041 981 meliorem

458 1031 568 1069 esse
595 1018 620 1071 ?

2142 561 2464 630 ἀστρολόγοι
2486 559 2543 611 δὲ
2570 559 2629 621 ἐξ
2660 559 2879 628 ἁπάσης
2906 560 3007 628 τῆς
3042 560 3273 625 Ἰταλίας
3305 563 3605 634 ἠλάθησαν,
3623 569 3709 619 καὶ

2140 653 2190 704 oi
2223 653 2406 714 αὐτοῖς
2433 650 2812 720 συγγινόμενοι
2860 651 3255 720 ἐκολάσθησαν.
3306 656 3628 724 Καράτακος
3656 658 3708 710 δέ

2139 759 2221 805 τις
2255 742 2562 811 Βαρὸἅρων
2594 741 2842 813 ἀρχηγὸς
2877 742 3039 804 ἁλοὺς
3073 744 3168 796 καὶ
3201 744 3280 807 εἰς
3343 745 3444 812 τὴν
3506 746 3710 818 Ῥώμην

2139 834 2347 901 ἀχθεὶς,
2380 835 2474 886 καὶ
2505 833 2836 903 συγγνώμης
2871 834 3020 902 παρὰ
3072 832 3170 885 τοῦ
3209 834 3480 888 Κλαυδίου
3525 836 3713 906 τυχών.

2142 914 2277 973 Εἶτα
2310 921 2711 989 περινοστήσας
2741 920 2840 988 τὴν
2877 922 3029 973 πόλιν
3064 924 3205 991 μετὰ
3250 924 3351 993 τὴν
3379 924 3595 992 ἄφεσιν,
3630 927 3713 979 καὶ

2140 1012 2264 1066 ἰδὼν
2283 1012 2455 1078 αὐτῆς
2484 1014 2584 1084 τὴν
2619 1013 2982 1085 λαμπρότητα
3017 1018 3111 1068 καὶ
3147 1015 3201 1068 τὸ
3232 1016 3469 1085 μέγεθος
3492 1034 3505 1047 ’
3561 1013 3715 1082 Εἶτα,

459 1109 588 1180 ἔφη,
618 1108 924 1164 ταῦτακαὶ
954 1107 1024 1164 τὰ
1056 1108 1304 1163 τοιαῦτα
1329 1109 1684 1179 κεκτημένοι
1734 1108 1854 1163 τῶν
1921 1106 2254 1175 σκηνιδίων
2312 1104 2480 1174 ἡμῶν
2541 1106 2923 1176 ἐπιθυμεῖτες
2989 1107 3193 1179 Ἰουλίῳ
3236 1110 3296 1162 δέ
3341 1126 3450 1165 τινι
3486 1111 3715 1182 Γαλλικῷ

457 1203 616 1271 δίκην
646 1201 860 1269 λέγοντι
887 1202 1173 1271 ἀχθεσθεὶς
1202 1202 1537 1266 δΚλαύδιος,
1596 1203 1885 1255 ἐκέλευσεν
1944 1202 2108 1254 eam
2149 1201 2228 1262 εἰς
2273 1200 2365 1252 τὸν
2399 1200 2621 1269 Τίϐεριν
2680 1200 3061 1270 ἐμϐληθῆναι·
3113 1205 3200 1273 ἐφ’
3256 1198 3301 1272 ᾧ
3349 1204 3413 1275 δὴ
3482 1206 3717 1276 Δομίτιος

463 1295 694 1364 Ἀφρος,
731 1294 985 1347 πλεῖστον
1008 1295 1116 1348 τῶν
1152 1295 1274 1348 κατ’
1305 1295 1466 1349 αὑτὸν
1496 1297 1554 1346 ἐν
1587 1295 1662 1364 τῷ
1715 1296 2037 1365 συνηγορεῖν
2075 1291 2321 1363 ίσχύσας.
2391 1293 2656 1346 κάλλιστα
2703 1294 3024 1362 ἀπέσκωψε.
3080 1297 3378 1365 Δεηθέντος
3447 1298 3554 1368 γάρ
3583 1314 3714 1361 τινος

458 1390 558 1456 τῆς
609 1390 740 1458 παρ’
784 1389 951 1441 αὐτοῦ
1009 1388 1285 1458 βοηθείας,
1319 1389 1508 1459 ἐπειδὴ
1558 1388 1664 1440 ὑπὸ
1695 1387 1787 1441 τοῦ
1844 1383 2111 1440 Γαλλικοῢ
2151 1385 2571 1457 ἐγκατελείφθη,
2596 1384 2700 1457 ἔφη
2732 1386 2867 1455 πρὸς
2894 1388 3092 1441 αὐτόν·
3125 1390 3235 1443 Καὶ
3289 1390 3384 1455 τίς
3423 1406 3521 1444 σοι
3554 1385 3710 1444 εἶπεν

460 1477 550 1532 ὅτι
593 1479 884 1545 κρεῖσσον
901 1480 1140 1535 ἐκείνου
1165 1481 1429 1550 νήχομαι
1449 1499 1469 1546 ;

529 1568 622 1623 XI.
673 1570 799 1625 Post
831 1571 944 1626 hmc
983 1572 1213 1626 Claudio
1253 1581 1588 1643 aegrotante,
1638 1574 1784 1629 Nero
1824 1572 2037 1629 curiam

460 1661 762 1731 ingressus,
799 1662 961 1717 ludos
1010 1664 1287 1719 circenses
1333 1666 1709 1735 nuncupavit,
1745 1668 1788 1720 si
1836 1681 2039 1721 conva-

434 1753 676 1809 luisset.
710 1752 1008 1824 Agrippina
1043 1755 1189 1809 enim
1221 1754 1441 1825 quidvis
1481 1756 1725 1810 tentabat
1748 1796 1763 1821 ,
1806 1764 1865 1809 ut
1894 1754 2038 1809 Nero

462 1846 650 1914 populi
680 1847 911 1915 gratiam
945 1847 1253 1918 colligeret,
1285 1857 1341 1902 et
1379 1864 1524 1903 unus
1562 1848 1777 1917 imperii
1818 1862 2038 1902 succes-

461 1950 555 1988 sor
604 1934 725 1989 fore
782 1946 1091 2006 putaretur.
1149 1939 1341 2008 Itaque
1393 1948 1451 1994 et
1503 1940 1662 1994 ludos
1703 1924 2038 2004 'circenses,

462 2026 671 2095 quibus
716 2028 952 2082 maxime
1004 2029 1236 2083 Romani
1286 2030 1602 2094 studebant,
1647 2047 1675 2085 a
1709 2032 1929 2086 Nerone
1970 2031 2041 2086 ob

463 2118 697 2172 salutem
722 2116 961 2181 Claudii,
999 2136 1164 2190 quam
1195 2121 1430 2177 maxime
1458 2122 1877 2191 deprecabatur,
1915 2138 2042 2194 pro-

471 2211 769 2265 niittendos
803 2215 1017 2268 curavit
1050 2230 1064 2267 :
1095 2225 1149 2269 et
1182 2214 1416 2269 tumultu
1461 2214 1532 2268 ob
1575 2218 1734 2285 panis
1767 2215 2041 2270 venditio-

473 2319 599 2358 nem
632 2304 956 2372 subornato,
992 2306 1225 2363 Claudio
1256 2308 1560 2377 persuasit,
1595 2318 1653 2361 ut
1692 2307 1897 2378 p0pulo
1945 2323 2042 2377 per

465 2395 750 2465 publicum
778 2397 1047 2463 edictum,
1068 2399 1282 2453 senatui
1315 2416 1412 2470 per
1445 2400 1659 2455 litteras
1681 2398 2039 2470 signiﬁcaret,

464 2488 569 2544 e'si
604 2489 719 2560 ipse
748 2502 1086 2557 moreretur,
1108 2491 1386 2548 Neronem
1407 2493 1518 2565 jam
1544 2492 1611 2547 ad
1643 2490 2041 2562 rempublicam

464 2579 959 2637 administrandam
997 2597 1120 2639 esse
1174 2584 1456 2639 idoneum.
1506 2584 1560 2639 ιε
1618 2582 1793 2655 igitur.
1840 2598 1908 2637 ex
1974 2598 2042 2638 eo

466 2687 700 2742 magnus
727 2673 854 2737 fuit,
886 2684 939 2729 et
972 2675 1196 2731 celeber
1228 2693 1242 2730 :
1269 2674 1653 2731 Britannicum
1697 2690 1828 2730 vero
1854 2674 2044 2731 vivere

468 2763 720 2833 plerique
762 2765 1125 2836 ignorabant,
1157 2767 1343 2823 caeteri
1387 2783 1454 2823 ex
1496 2766 1817 2822 rumoribus
1864 2782 1895 2821 a
1942 2783 2045 2821 no-

468 2842 629 2907 ver-ca
662 2856 901 2923 sparsis,
939 2856 1228 2912 vecordem
1274 2866 1331 2911 et
1369 2856 1673 2912 lunaticum
1716 2872 1840 2912 esse
1879 2866 2044 2927 puta-

469 2944 625 3000 bant.
660 2945 796 3000 Cuiu
828 2947 1095 3003 Claudius
1122 2950 1517 3011 convaluisset.
1549 2950 1698 3006 Nero
1730 2949 1890 3006 ludos
1927 2967 2045 3006 ma-

468 3038 668 3109 gniﬁce
697 3038 863 3107 fecit,
896 3050 951 3094 et
977 3043 1081 3096 sub
1110 3042 1253 3097 idem
1290 3052 1504 3113 tempus
1544 3041 1826 3098 Octaviam
1865 3043 2042 3105 duxit,

2216 1565 2320 1621 lA'.
2352 1564 2699 1634 Νοσήσαντος
2757 1563 2816 1617 δέ
2872 1564 3014 1636 μετὰ
3061 1564 3234 1619 ταῦτα
3278 1567 3376 1621 τοῦ
3437 1568 3710 1623 Κλαυδίου.

2143 1657 2396 1727 εἰσῆλθεν
2425 1658 2453 1709 6
2488 1656 2680 1726 Νέρων
2712 1657 2792 1719 είς
2818 1658 2878 1708 τὸ
2915 1658 3220 1729 συνέδριον,
3251 1662 3347 1715 καὶ
3404 1663 3452 1714 εί
3482 1663 3713 1734 ἀναρρω-

2145 1749 2299 1819 σθείη
2329 1751 2356 1801 6
2381 1747 2667 1812 Κλαύδιος,
2702 1749 3071 1820 ἱπποδρομίαν
3098 1752 3385 1822 ὑπέσχετο.
3421 1755 3598 1808 Πάντα
3618 1755 3714 1823 γὰρ

2138 1841 2340 1910 τρόπον
2372 1840 2406 1910 ἠ
2446 1839 2779 1909 Ἀγριππίνα
2807 1840 3001 1906 ἐκίνει,
3040 1841 3125 1894 ἵνα
3153 1842 3231 1913 τῷ
3261 1860 3323 1896 τε
3355 1844 3549 1915 πλήθει
3571 1845 3712 1914 χαρί-

2141 1931 2288 1994 ζο.το
2342 1933 2439 1986 καὶ
2501 1932 2665 2002 μόνος
2713 1932 2940 1986 ἔσεσθαι
2972 1934 3251 2005 νομίζοιτο
3283 1936 3386 2005 τῆς
3434 1937 3713 2008 αὐταρχίας

2138 2024 2407 2093 δάδοχος.
2435 2022 2529 2076 Διὸ
2561 2024 2651 2077 τόν
2678 2040 2737 2077 τε
2786 2026 3013 2079 ἱππικὸν
3044 2028 3253 2094 ἀγῶνα,
3301 2022 3346 2095 ᾦ
3377 2031 3712 2100 προσέκειντο

2144 2114 2403 2184 μάλιστα,
2431 2115 2653 2185 ἐποίησε
2686 2115 2775 2169 τὸν
2796 2115 3028 2188 Νέρωνα
3058 2119 3404 2190 ὑποσχέσθαι
3431 2124 3522 2174 ἐπὶ
3544 2124 3606 2191 τῇ
3626 2119 3709 2172 τοῦ

2143 2208 2413 2262 Κλαυδίου
2438 2208 2619 2279 ύγείᾳ,
2651 2208 2722 2279 ἢν
2762 2210 2855 2262 καὶ
2890 2210 3031 2263 πάνυ
3068 2211 3353 2284 ἁπηύχετο
3375 2230 3389 2245 ο
3452 2214 3543 2267 καὶ
3588 2213 3710 2283 πρὶς

2141 2301 2237 2372 τὴν
2262 2304 2466 2373 πρᾶσιν
2489 2303 2598 2355 τῶν
2630 2302 2813 2373 ἄρτων
2848 2303 3079 2375 θόρυϐόν
3106 2322 3229 2358 τινα
3262 2306 3520 2375 γενέσθαι
3547 2322 3710 2377 παραο

2145 2395 2488 2459 σκευάσασα,
2521 2396 2779 2448 ἀνέπεισε
2808 2395 2900 2449 τὸν
2955 2395 3245 2460 Κλαύδιον,
3273 2397 3355 2470 τῷ
3389 2399 3445 2451 δὲ
3474 2398 3624 2469 δήμῳ
3654 2400 3712 2451 ἐκ

2144 2488 2473 2556 προγραφῆς
2497 2485 2758 2555 δηλῶσαι,
2787 2487 2880 2540 καὶ
2902 2489 2968 2558 τῇ
3000 2488 3263 2562 γερουσίᾳ
3284 2491 3582 2544 ἐπιστεῖλαι
3609 2491 3707 2556 ὅτι,

2144 2574 2250 2629 κᾶν
2278 2576 2440 2640 αὐτὸς
2470 2576 2754 2641 ἀποθάνοι,
2809 2578 2837 2631 6
2894 2576 3084 2650 Νέρων
3119 2579 3186 2632 τὰ
3211 2583 3368 2635 κοινὰ
3400 2579 3577 2642 ίκανὸς
3616 2579 3706 2650 ήδη

2143 2668 2263 2721 ἐστὶ
2315 2667 2558 2722 διοικεῖν.
2621 2668 2734 2721 Καὶ
2784 2671 2812 2722 6
2847 2671 2945 2740 μὲν
2981 2669 3146 2733 πολύς
3172 2688 3229 2724 τε
3270 2670 3461 2725 ἔκτοτε
3512 2667 3596 2741 ἦν,
3627 2671 3709 2721 καὶ

2143 2760 2233 2814 διὰ
2272 2763 2543 2830 στόματος
2581 2760 2749 2830 ἧγετο
2775 2760 2971 2816 ἅπασι.
2999 2762 3104 2816 Τὸν
3129 2763 3184 2816 δὲ
3220 2762 3581 2835 Βρεττανικὸν
3624 2778 3710 2813 συ⁴

2147 2854 2262 2924 χνοὶ
2285 2853 2384 2923 μὲν
2416 2853 2528 2906 οὐδ’
2558 2856 2606 2905 εί
2633 2855 2729 2924 ἔζη
2777 2854 3099 2922 ἐγίνωσκον,
3144 2857 3193 2909 οἱ
3225 2855 3413 2910 λοιποὶ
3464 2856 3517 2909 δὲ
3546 2871 3706 2923 παρα-

2148 2944 2334 3015 πλῆγα
2392 2945 2489 2998 καὶ
2552 2945 2898 3016 ἐπίληπτον,
2957 2945 3132 3022 ταῦτρ.
3197 2948 3572 3021 κηρυττούσης
3621 2947 3707 3014 τῆς

2159 3034 2549 3105 Ἀγριππίνης,
2600 3033 2803 3107 ᾤοντο·
2860 3036 3152 3106 ραἲσαντος
3196 3036 3253 3090 δέ
3284 3035 3380 3090 τοῦ
3438 3032 3705 3093 Κλαυδίου,

470 3140 533 3184 ιιι
563 3144 631 3184 ex
665 3145 732 3186 eo
755 3147 978 3203 quoque
1010 3134 1125 3202 jam
1154 3133 1239 3188 vir
1277 3148 1400 3190 esse
1435 3135 1737 3189 videretur.
1785 3135 2047 3202 Quamvis

2152 3128 2249 3197 τὴν
2285 3126 2650 3198 ἱπποδρομίαν
2677 3127 2704 3179 6
2727 3127 2916 3198 Νέρων
2946 3128 3386 3199 μεγαλοπρεπῶς
3418 3124 3705 3184 ἐπετέλεσε,

469 3229 657 3276 autem
682 3222 995 3294 Agrippinae
1020 3234 1076 3279 et
1106 3240 1170 3280 ea
1198 3242 1321 3295 qua:
1345 3225 1499 3281 Livia
1532 3225 1836 3292 habuerat,
1866 3228 2048 3282 omnia

470 3325 733 3366 concessa
761 3351 778 3378 ,
831 3323 888 3367 et
934 3314 1093 3384 plura
1140 3318 1309 3371 etiam
1358 3316 1582 3372 decreta
1630 3323 1815 3372 essent
1857 3335 1869 3371 :
1910 3317 2046 3372 nihil

472 3409 658 3456 tamen
688 3403 739 3456 ei
778 3404 915 3459 satis
947 3414 1103 3472 erat,
1147 3407 1205 3460 ni
1259 3406 1550 3463 manifeste
1598 3424 1666 3463 ex
1714 3423 1872 3478 aequo
1921 3424 2048 3464 cum

470 3492 706 3549 Claudio
762 3495 1084 3567 imperatrix
1136 3500 1520 3555 nominaretur
1562 3518 1578 3556 :
1620 3511 1677 3557 et
1722 3518 1917 3571 magno
1966 3503 2052 3557 in-

472 3584 670 3639 cendio
706 3586 899 3641 urbem
945 3600 1301 3660 pervagante,
1334 3608 1440 3646 una
1496 3608 1620 3648 cum
1664 3609 1749 3646 eo.
1776 3595 1841 3648 ad
1888 3609 2046 3664 opem

471 3674 759 3732 ferendam
818 3679 873 3733 in
931 3682 1210 3750 publicum
1265 3684 1491 3754 prodiit.
1556 3685 1820 3742 Claudius
1880 3688 2050 3758 igitur

473 3768 720 3827 oﬂ‘ensus
771 3772 842 3828 iis
886 3789 1011 3843 quae
1053 3775 1323 3832 hactenus
1349 3788 1467 3832 acta
1510 3794 1633 3835 esse
1674 3790 2046 3851 cognoverat,

472 3876 577 3916 nec
624 3861 850 3919 ferenda
891 3865 1003 3932 illa,
1052 3876 1111 3922 et
1160 3869 1447 3925 mulierem
1502 3872 1866 3926 coercendam
1924 3887 2049 3929 esse

472 3962 650 4015 ratus,
688 3953 1067 4012 Britannicum
1092 3958 1218 4013 data
1252 3960 1396 4014 virili
1430 3970 1551 4031 toga
1582 3962 1799 4031 imperii
1829 3976 2055 4018 succes-

473 4058 656 4099 sorem
690 4045 979 4117 designare
1031 4049 1086 4103 in
1128 4053 1315 4105 animo
1349 4051 1563 4107 habuit.
1597 4053 1716 4120 Quo
1748 4054 2049 4125 Agrippina

473 4136 725 4208 cognito,
764 4154 980 4194 veneno
1027 4158 1154 4196 eum
1203 4153 1576 4211 antevertere,
1616 4146 1937 4216 priusquam
1985 4162 2048 4201 ca

473 4229 792 4298 perﬁceret,
822 4234 1083 4288 insumit.
1119 4234 1274 4302 Quod
1306 4253 1428 4292 cum
1476 4239 1545 4293 ob
1596 4254 1808 4293 merum
1840 4239 2048 4293 aﬂ‘atim

473 4334 693 4392 semper
718 4337 749 4376 a
774 4321 1002 4380 Claudio
1031 4325 1240 4382 hauriri
1269 4328 1494 4383 solitum
1516 4369 1532 4394 ,
1567 4337 1625 4385 et
1647 4330 1827 4385 victus
1877 4331 2049 4385 ratio-

473 4425 625 4478 nem,
675 4428 784 4483 qua
835 4429 1027 4472 omnes
1077 4418 1356 4489 principes
1416 4421 1634 4476 tuenda:
1678 4423 1875 4477 salutis
1919 4438 2050 4492 ergo

472 4506 553 4557 uti
582 4504 795 4571 solent,
839 4506 1031 4563 fuisset
1066 4509 1313 4565 inefﬁcax
1343 4530 1357 4566 :
1385 4512 1677 4568 Locustam
1705 4557 1719 4579 ,
1750 4515 2049 4570 veneﬁcam

474 4596 773 4659 celebrem,
800 4599 870 4653 ob
898 4600 948 4653 id
978 4601 1156 4669 ipsum
1185 4605 1393 4659 crimen
1419 4622 1596 4675 nuper
1623 4606 2048 4677 deprehensam,

475 4689 806 4753 accersivit,
862 4692 1020 4761 cujus
1074 4708 1243 4762 opera
1303 4696 1515 4752 boletos
1566 4699 1778 4768 aliquot
1836 4714 2051 4753 veneno

475 4776 638 4850 567
672 4780 926 4836 Iethifero
955 4784 1147 4840 infecit
1176 4803 1189 4840 :
1218 4802 1281 4841 ac
1320 4787 1435 4859 ipsa
1475 4790 1541 4844 de
1571 4790 1785 4845 caeteris
1813 4792 1927 4845 edit
1951 4834 1963 4852 .
1996 4799 2052 4846 et

476 4872 632 4926 illum
673 4882 732 4927 ut
774 4887 1047 4930 venenato
1084 4878 1177 4946 qui
1226 4882 1498 4935 maximus
1542 4890 1597 4935 et
1645 4882 2053 4952 pulcherrimus

477 4976 821 5029 vesceretur,
855 4966 1094 5037 impulit.
1127 4971 1211 5025 Ad
1258 4973 1406 5029 hunc
1452 4975 1673 5028 modum
1727 4975 1918 5030 fraude
1948 4977 2054 5030 cir-

478 5068 829 5123 cumventus,
869 5070 1126 5131 tanquam
1158 5066 1379 5134 crapula
1410 5074 1465 5120 et
1491 5066 1784 5127 ebrietate,
1822 5078 1882 5121 ut
1919 5066 2054 5121 alias

479 5151 681 5218 stepius
724 5148 928 5204 factum
977 5163 1118 5215 erat,
1165 5170 1464 5225 Oppressus
1502 5164 1668 5218 esset,
1720 5172 1751 5210 e
1799 5140 2054 5211 convivio

477 5241 679 5301 elatus,
710 5248 765 5294 et
791 5255 823 5293 a
860 5256 1072 5297 veneno
1100 5259 1200 5313 per
1228 5254 1445 5300 noctem
1479 5243 1784 5309 conlectus,
1820 5247 2051 5309 interiit,

477 5335 535 5382 et
567 5328 770 5398 linguae
820 5337 877 5384 et
926 5331 1145 5385 aurium
1194 5349 1295 5388 usu
1347 5335 1532 5388 statim
1585 5336 1862 5406 adempto.
1910 5338 2056 5393 Vixit

479 5435 657 5476 annos
688 5437 857 5483 ιιιιιι,
897 5439 1118 5478 menses
1146 5441 1232 5487 xi,
1271 5426 1390 5480 dies
1434 5442 1559 5490 xiii;
1611 5427 1900 5497 imperavit
1952 5446 2055 5485 an-

480 5526 584 5566 nos
611 5528 731 5577 xiii,
767 5530 983 5571 menses
1017 5531 1130 5582 imi,
1157 5518 1274 5573 dies
1302 5534 1385 5571 xx.
1423 5518 1547 5573 Haec
1577 5520 1872 5590 Agrippina
1897 5521 2054 5589 fecit,

481 5600 736 5655 Narcisso
772 5602 825 5658 iii
858 5606 1212 5674 Campaniam
1250 5608 1317 5663 ad
1351 5611 1558 5667 calidas
1587 5628 1760 5681 aquas
1805 5615 2057 5686 podagm

482 5689 759 5745 lenienda:
787 5709 949 5749 causa
981 5695 1253 5767 ablegato.
1287 5700 1422 5753 Nam
1462 5702 1559 5755 illo
1600 5715 1884 5771 prmsentc,
1920 5706 2055 5759 nihil

484 5780 801 5850 hujusniodi
832 5784 1105 5843 conﬁcere
1132 5792 1402 5858 potuisset
1437 5813 1447 5847 :
1485 5804 1590 5849 tam
1623 5806 1917 5852 accuratus
1940 5808 2060 5853 erat

2152 3219 2246 3271 ml.
2280 3219 2378 3289 τὴν
2407 3217 2705 3273 Ὀκταδίαν
2753 3218 2812 3272 δέ
2863 3219 2988 3272 τότε
3028 3219 3262 3289 ἔγημεν,
3323 3219 3463 3273 ὥστε
3514 3214 3602 3270 καὶ
3651 3215 3707 3265 ἐκ

2150 3309 2340 3364 τούτου
2384 3293 2523 3384 ἀνὴρ
2576 3306 2718 3365 εἶναι
2773 3312 2873 3382 ἤδη
2903 3311 3102 3367 δοκεῖν.
3153 3313 3323 3365 Οὐδὲν
3346 3312 3400 3364 δὲ
3432 3307 3621 3379 ἀρκοῦν
3649 3306 3704 3373 τῇ

2163 3403 2498 3474 Ἀγριππίνῃ
2526 3403 2721 3470 ἐδόκει,
2753 3404 2933 3456 καίτοι
2964 3406 3065 3457 ὅσα
3109 3421 3169 3457 τε
3205 3406 3239 3475 ἡ
3278 3404 3441 3458 Λιόἔα
3470 3402 3587 3472 ἔσχε
3617 3400 3706 3451 κάς

2150 3500 2308 3570 κείνῃ
2368 3498 2602 3563 ἐδέδοτο,
2639 3500 2734 3552 καὶ
2768 3499 2906 3553 ἄλλα
2958 3518 3018 3553 τε
3044 3500 3215 3553 πλείω
3246 3502 3529 3572 ἐψήφιστο.
3574 3497 3631 3548 Ἡ
3657 3492 3704 3543 δὲ

2151 3593 2247 3644 καὶ
2301 3591 2595 3663 ίσοκρατὴς
2641 3589 2718 3661 τῷ
2772 3591 3028 3663 Κλαυδίῳ
3073 3592 3338 3663 ἄντικρυς
3370 3585 3705 3660 ὀνομάζεσθαι

2151 3683 2335 3754 ἤθελε,
2391 3683 2484 3737 καί
2544 3700 2677 3737 ποτε
2733 3683 2931 3737 πολλοῦ
2990 3685 3092 3754 τὴν
3124 3684 3281 3739 πόλιν
3331 3680 3703 3753 ἐπινεμομένου

2151 3773 2345 3843 πυρὸς,
2377 3773 2513 3843 πρὸς
2541 3772 2641 3843 τὴν
2660 3773 2981 3845 ἐπικουρίαν
3014 3773 3212 3845 ἐκείνῳ
3258 3772 3701 3846 συμπαρεγένετο.

2162 3864 2223 3916 Ὀ
2258 3862 2390 3931 γοῦν
2425 3861 2694 3926 Κλαύίιος
2753 3863 3063 3935 ἀχθόμενος
3111 3866 3227 3928 τοῖς
3267 3864 3562 3938 δρωμένοις
3605 3858 3703 3918 τοῖς
3780 3872 3785 3876 ’

2150 3954 2288 4016 τέως
2308 3954 2389 4016 είς
2417 3954 2619 4022 γνῶσιν
2653 3953 2826 4007 ίοῦσιν
2858 3954 3029 4025 αὐτῷ,
3065 3957 3161 4008 καὶ
3199 3951 3539 4024 Βρεττανικῷ
3560 3949 3704 4002 ὁπότε

2151 4046 2366 4118 ἐντύχοι
2397 4045 2738 4116 φιλοφρόνως
2802 4049 3219 4117 συγγινόμενος,
3279 4050 3381 4102 οὑκ
3432 4049 3617 4118 ἦνεγκε
3645 4038 3705 4090 τὰ

2152 4143 2435 4211 γινόμενα,
2468 4140 2585 4194 ἀλλ’
2620 4141 2838 4209 ἐκείνην
2866 4159 2924 4194 τε
2980 4142 3308 4208 καταλῦσαι,
3347 4143 3437 4195 καὶ
3476 4139 3561 4191 τὸν
3603 4133 3702 4185 υἷἰν

2152 4237 2209 4297 ἐς
2238 4234 2365 4297 τοὺς
2395 4234 2634 4303 ἐφήσῖους
2663 4234 2984 4301 εἰσαγαγεῖν
3040 4235 3137 4288 καὶ
3162 4234 3407 4305 διάδοχον
3450 4224 3702 4289 ἀποδεῖξαι

2152 4323 2619 4395 παρεσκευάζετο.
2653 4324 2862 4378 Γνοῦσα
2895 4325 2951 4378 δὲ
2972 4324 3145 4379 ταῦτα
3174 4327 3205 4397 ἡ
3238 4322 3564 4395 Ἀγριππίνα
3587 4328 3702 4385 προ·

2154 4418 2481 4471 καταλαὸεἰν
2517 4417 2680 4471 αὐτὸν
2712 4417 2993 4488 φαρμάκῳ
3041 4417 3171 4487 πρίν
3222 4436 3276 4471 τι
3317 4415 3549 4471 τοιοῦτον
3581 4423 3702 4477 πρα-

2106 4486 2127 4529 )
2156 4509 2373 4580 χθῆναι,
2412 4486 2771 4563 ἐσπούδασεν.
2812 4486 2903 4573 Ὦς
2932 4486 2978 4562 6;
3011 4486 3190 4563 ἐκεῖνο
3211 4511 3367 4563 οὐδὲν
3398 4508 3497 4562 ὑπό
3535 4518 3588 4557 τε
3617 4494 3699 4550 τοῦ

2153 4602 2321 4662 οἴνου,
2356 4601 2415 4654 δν
2444 4601 2611 4654 πολὺν
2633 4602 2723 4655 ἀεὶ
2752 4603 2778 4654 6
2805 4602 3074 4666 Κλαύδιος
3098 4602 3302 4668 ἔπινεν,
3355 4596 3697 4670 ἐξειργάσατο.

2154 4694 2248 4745 καὶ
2284 4693 2388 4745 ὑπὸ
2435 4696 2532 4763 τῆς
2586 4692 2752 4762 ἄλλης
2782 4694 3016 4763 διαίτης,
3072 4688 3105 4768 ᾖ
3142 4696 3341 4758 πάντες
3365 4694 3557 4745 ἐπίπαν
3579 4682 3622 4735 of
3647 4676 3699 4728 τὺ

2154 4787 2353 4855 κρατος
2390 4786 2604 4856 ἔχοντες
2635 4785 2875 4857 χρῶνται
2912 4786 3045 4856 πρὸς
3070 4787 3318 4857 φυλακὴν
3342 4781 3559 4842 ἑαυτῶν,
3576 4776 3699 4827 Λου⁶

2156 4879 2386 4932 κώπαν
2418 4879 2737 4949 φαρμακίδα
2758 4878 2881 4932 τι·.ὰ
2913 4878 3236 4948 περιὸόητον
3273 4879 3360 4931 ἐπ’
3382 4871 3521 4941 αὐτῷ
3544 4865 3695 4928 τούτῳ

2154 4972 2275 5024 νέον
2338 4972 2644 5024 ἑαλωκυῖαν
2706 4968 3139 5040 μετεπέμψατοο
3196 4970 3290 5024 καί
3344 4986 3395 5023 τι
3435 4964 3696 5033 φάρμακον

2157 5062 2346 5133 ἕτερον
2375 5065 2620 5133 ἄφυκτον
2668 5064 2984 5117 σκευάσασα
3034 5062 3103 5115 δι’
3137 5062 3332 5132 αὐτῆς,
3367 5062 3443 5120 εἰς
3471 5057 3580 5109 ἔνια
3600 5057 3692 5146 τίὲν

2159 5156 2512 5225 καλουμένων
2546 5157 2805 5227 μυκήτων
2830 5156 3079 5222 ἐνέϐαλε,
3106 5157 3201 5209 καὶ
3226 5154 3364 5225 αὐτὴ
3395 5151 3490 5221 μὲν
3512 5148 3567 5198 ἐκ
3602 5150 3693 5190 των

2156 5247 2333 5301 ἄλλων
2360 5249 2569 5320 ἤσθιεν,
2603 5249 2814 5302 ἐκεῖνον
2844 5248 2899 5301 δὲ
2936 5249 3000 5302 ἐκ
3051 5247 3145 5301 τοῦ
3174 5249 3232 5301 τὸ
3266 5249 3540 5320 φάρμακον
3563 5233 3691 5302 ἕχον·

2155 5355 2268 5401 τος,
2292 5339 2443 5402 ὄντος
2475 5338 2735 5408 μεγίστου
2761 5356 2822 5391 τε
2863 5341 2956 5392 καὶ
2982 5339 3293 5401 καλλίστου,
3345 5333 3529 5406 φαγεῖν
3574 5335 3692 5390 παρ’

2157 5429 2443 5483 εσκεύασε.
2470 5432 2577 5482 Καὶ
2605 5432 2633 5484 ό
2664 5431 2763 5499 μὲν
2793 5432 2965 5493 οὕτως
3009 5430 3412 5492 ἐπιϐουλευθεὶς
3457 5422 3523 5483 ὡς
3549 5417 3681 5479 ὕπερ

2159 5521 2327 5591 κορὴς
2373 5522 2578 5592 σφόδρα
2626 5525 2691 5594 τῇ
2729 5522 2867 5594 μέθῃ
2921 5522 3235 5593 γενόμενος,
3261 5524 3393 5591 ὅπερ
3419 5516 3506 5571 καὶ
3529 5507 3689 5594 ἄλλοτε

2160 5611 2420 5674 πολλάκις
2480 5611 2722 5680 ἐγένετο,
2784 5613 2847 5664 ἐκ
2904 5611 3000 5665 τοῦ
3036 5614 3337 5681 συμποσίου
3376 5593 3685 5673 ἐξεκομίσθη·

2162 5704 2577 5773 Κατεργασθεὶς
2619 5703 2677 5756 δὲ
2703 5703 2780 5772 τῷ
2828 5704 3108 5775 φαρμάκῳ
3159 5699 3452 5773 μετήλλαξε
3481 5691 3559 5745 διὰ
3603 5684 3687 5749 τῆἲ

2159 5795 2373 5861 νυκτὸς,
2412 5794 2536 5865 μήτ’
2560 5797 2736 5849 εἰπεῖν
2770 5796 2894 5867 μήτ’
2925 5795 3160 5849 ἀκοῦσαί
3194 5813 3246 5848 τι
3266 5787 3519 5863 δυνηθεὶῖ›
3541 5778 3685 5847 ξῆσπί
