4048 6396
504 382 613 446 959

1764 383 2090 446 JOANlei
2130 383 2322 443 ZONA
2337 384 2458 443 [LE

3655 382 3757 445 960

500 501 811 560 gesserunt.
844 494 989 550 Nero
1019 495 1166 551 enim
1198 511 1321 551 eum
1353 511 1536 552 rerum
1562 496 1857 567 potiretur,
1892 497 2067 550 admo-

2183 499 2210 550 ό
2244 497 2478 557 Σενέκας
2504 496 2745 566 ἔπαρχος
2773 493 2849 549 ὢν
2876 493 2971 548 τοῦ
2994 491 3386 564 ὼρυφορικοῦ.
3419 493 3514 546 καὶ
3544 494 3572 545 ὀ
3598 492 3758 566 805(-

502 584 635 639 dum
661 586 985 641 adolescens
1017 589 1212 655 (annos
1240 587 1390 643 enim
1428 598 1543 643 tum
1573 605 1684 643 xvii
1722 588 1994 656 habebat)
2023 596 2079 641 et

500 675 600 729 otii
660 692 826 747 quam
883 678 1090 748 negotii
1148 680 1457 743 amantior,
1508 681 1827 748 indulgebat
1879 681 2074 750 genio,

499 765 753 833 amabat,
781 769 1197 824 comessabatur
1218 811 1233 836 ,
1274 772 1514 839 potabat,
1547 772 1695 827 ludis
1737 772 2078 843 gladiatoriis

499 866 556 909 et
590 856 936 915 circensibus
971 861 1220 925 vacabat,
1265 878 1376 917 non
1410 864 1629 934 angusti
1672 864 1841 918 animi
1887 864 2073 929 homo,

502 947 597 1001 sed
654 957 1035 1019 sumptuosus,
1083 968 1147 1007 ac
1202 954 1390 1023 potius
1440 956 1721 1025 prodigus.
1772 955 1944 1026 Cujus
1990 956 2076 1011 vel

500 1038 632 1091 illud
668 1054 1051 1110 argumentum
1090 1054 1197 1108 est,
1236 1044 1383 1114 quod
1425 1045 1516 1099 nni
1546 1060 1615 1099 ex
1653 1045 1941 1101 sodalibus
1993 1046 2079 1101 bis

499 1129 701 1185 millies
720 1140 777 1186 ct
805 1132 1156 1204 quingenties
1181 1137 1328 1191 mille
1354 1136 1644 1193 drachmas
1670 1140 1883 1209 argenti
1912 1139 2075 1194 simul

498 1220 616 1275 dari
638 1223 822 1292 jussit.
842 1224 979 1281 Cum
1011 1242 1139 1281 vero
1175 1229 1474 1299 Agrippina
1507 1230 1798 1300 pecuniam
1829 1240 2074 1286 coactam

496 1309 548 1362 ei
588 1313 1000 1380 proponendam
1052 1326 1333 1382 curasset,
1392 1326 1451 1372 ut
1500 1328 1649 1373 tanta
1697 1334 1911 1373 summa
1959 1321 2077 1375 visa

498 1409 739 1455 mutaret
793 1403 1134 1460 consilium:
1180 1409 1268 1463 ille
1327 1426 1385 1463 re
1440 1410 1758 1475 intellecta,
1822 1412 2074 1482 rogavit,

496 1489 770 1555 Quantum
825 1504 958 1549 esset
1007 1497 1112 1551 id?
1161 1515 1285 1553 cum
1332 1501 1617 1558 didicisset
1657 1520 1671 1558 :
1716 1502 2075 1574 lgnarabam,

496 1583 715 1652 inquit,
753 1601 835 1638 me
871 1596 981 1641 tant
1027 1606 1217 1659 parum
1256 1593 1516 1656 donasse.
1564 1610 1629 1649 ac
1665 1611 1941 1651 summam
1975 1597 2077 1653 du-

493 1673 686 1742 plicari
724 1675 911 1745 jussit.
956 1680 1035 1734 Eo
1087 1693 1247 1750 pacto
1294 1684 1425 1740 ﬁsco
1475 1688 1735 1744 celeritcr
1779 1690 2074 1756 exhausto,

492 1764 751 1822 celeriter
798 1770 959 1826 novis
1008 1771 1275 1830 fatiendae
1326 1779 1575 1847 pecuniae
1617 1781 1928 1837 rationibus
1973 1782 2076 1837 fuit

486 1871 652 1925 opus.
718 1858 906 1930 Itaque
985 1863 1208 1921 insolita
1269 1870 1553 1940 vectigalia
1616 1872 1798 1928 ubivis
1868 1875 2073 1946 exegit.

491 1947 792 2019 Agrippina
821 1968 974 2019 vero,
1006 1966 1065 2009 ut
1089 1969 1210 2012 erat
1234 1962 1576 2028 avarissima,
1605 1964 1964 2021 vehementer
1994 1968 2078 2022 in-

493 2039 777 2112 dignante,
805 2048 1167 2104 corradenda:
1195 2051 1302 2107 sibi
1344 2055 1596 2123 pecunia:
1629 2056 1941 2129 ademptam
1978 2076 2075 2115 oc-

490 2133 777 2190 casionem
801 2178 816 2203 ,
852 2143 1274 2199 eteomminata
1309 2160 1368 2201 se
1399 2146 1782 2205 Britannicum
1832 2151 2074 2223 impera-

487 2234 670 2281 torem
723 2227 992 2286 facturam
1023 2250 1039 2289 :
1067 2234 1213 2291 Nero
1244 2240 1491 2306 territus,
1525 2242 1679 2298 illum
1713 2260 1928 2301 veneno
1944 2263 2073 2303 sus-

493 2318 635 2374 tulit.
699 2320 953 2388 Quicum
982 2328 1169 2384 statim
1200 2330 1543 2404 diriguisset,
1567 2345 1625 2391 et
1652 2353 1751 2405 pro
1775 2341 2075 2423 epiieptico

490 2411 804 2483 eﬂ‘erretur,
833 2433 960 2475 cum
994 2419 1202 2477 livores
1225 2439 1294 2478 ex
1335 2440 1548 2483 veneno
1591 2430 1647 2485 in
1690 2411 1926 2503 corpore
1970 2451 2071 2507 ap-

491 2518 777 2575 parerent,
823 2528 994 2584 gypso
1047 2515 1308 2573 inunctus
1352 2534 1453 2589 per
1497 2522 1678 2578 forum
1726 2528 2068 2596 gestahatnr.

490 2596 547 2651 ld
585 2599 767 2655 adhuc
802 2603 1095 2671 liquidntn,
1128 2608 1324 2679 ingens
1347 2612 1532 2680 pluvia
1555 2630 1787 2685 prorsus
1812 2617 2067 2685 detersit,

490 2697 551 2742 ut
582 2688 793 2747 facinus
822 2710 932 2750 non
965 2705 1175 2753 tantum
1208 2699 1372 2773 569
1401 2704 1692 2761 audiretur
1715 2748 1729 2773 ,
1763 2710 1858 2763 sed
1902 2712 2070 2765 etiam

488 2778 668 2835 oculis
696 2794 1039 2840 cerneretur.
1076 2789 1205 2845 Post
1233 2792 1400 2846 etiam
1442 2804 1672 2850 matrem
1716 2797 2069 2870 Agrippinam

490 2886 587 2939 per
615 2872 877 2931 libertum
922 2880 1215 2937 Anicetum
1260 2887 1485 2943 sustulit
1521 2906 1535 2943 :
1565 2906 1690 2960 quia
1737 2907 1862 2947 cum
1905 2897 2071 2952 aedis

489 2963 803 3022 ministrum
840 2970 1037 3028 adesse
1070 2975 1454 3044 intellexisset,
1487 2981 1731 3039 lacerata
1762 2996 1936 3053 veste,
1963 3005 2069 3045 nu-

487 3054 729 3128 datoque
758 3070 988 3120 ventre:
1019 3065 1198 3133 Hunc,
1230 3071 1389 3136 hunc,
1420 3073 1623 3144 inquit,
1654 3076 1903 3146 Anicete,
1929 3082 2065 3151 feri,

491 3148 635 3247 quod
676 3148 946 3259 Neronem
976 3160 1201 3227 peperit.
1264 3161 1337 3216 Ea
1385 3163 1696 3231 interfecta,
1753 3169 1900 3226 Nero
1929 3148 2068 3244 ipse
2098 3202 2137 3259 ο

486 3236 689 3295 intueri
739 3241 955 3302 facinus
1004 3250 1207 3317 voluit,
1257 3268 1491 3325 eamque
1539 3273 1759 3314 omnem
1801 3263 2065 3320 nudatam

484 3332 864 3403 perlustravit,
896 3349 953 3395 et
995 3342 1224 3399 vulnera
1267 3350 1597 3406 numeravit.
1648 3353 1827 3410 Noctu
1877 3369 2064 3414 autem

485 3420 558 3476 ita
586 3424 938 3496 turbaba:ur,
964 3445 1021 3486 ut
1046 3449 1112 3488 ex
1138 3435 1283 3491 lecto
1307 3441 1559 3496 exsiliret
1585 3458 1696 3513 pra:
1720 3448 2060 3505 terroribus:

483 3524 539 3568 ct
571 3516 760 3574 Romae
788 3523 979 3580 multis
1020 3525 1077 3581 in
1123 3525 1320 3586 locis‘a
1366 3532 1697 3601 quibusdam
1740 3537 1879 3592 clam
1923 3541 2063 3595 scri-

482 3603 724 3661 bebatur
756 3629 770 3664 :

638 3702 761 3758 Tres
800 3711 1112 3775 munit-idm,
1142 3709 1365 3776 Orestes.
1404 3718 1671 3776 Alcmaeon
1696 3764 1710 3788 ,
1746 3722 1904 3781 Nero.

2184 590 2276 657 ρος
2305 588 2630 651 διδάσκαλος
2677 587 2774 640 τοῦ
2825 587 3103 658 Νέρωνος,
3156 585 3259 656 τὴν
3318 584 3424 655 μὲν
3490 584 3756 638 ἔπαυσαν·

2182 681 2337 732 αὐτοὶ
2361 678 2420 731 δὲ
2448 678 2552 747 τὴν
2583 679 2757 749 ἀρχὴν
2791 678 2999 747 ἠνυσαν
3028 678 3227 747 ἄριστα
3257 676 3350 746 ἐφ’
3381 675 3760 747 ὅσονπερ-ἡδυ-

2179 768 2314 836 νήθη
2324 787 2442 823 σαν.
2485 769 2544 823 Ὀ
2568 771 2675 840 γὰρ
2694 770 2887 840 Νέρων
2916 769 3185 833 νεώτατος
3213 769 3511 838 τυγχάνων
3535 768 3609 821 ὅτ’
3640 771 3747 836 ἐμο·

2179 861 2459 931 νάρχησεν
2515 862 3024 932 (ἑπτακαιδέκατον
3054 862 3168 932 γὰρ
3200 860 3324 924 ἔτος
3359 859 3465 933 ἦγε
3527 862 3639 914 τότε
3669 860 3761 929 τῆς

2179 954 2401 1024 ἡλικίας
2431 955 2597 1009 αὑτοῦ
2619 958 2657 1024 ),
2685 957 2778 1009 καὶ
2809 958 2946 1026 μήτε
2974 955 3472 1028 φιλοπραγματξας
3500 953 3597 1019 ὣν,
3619 954 3764 1023 ἐτρύ-

2181 1065 2257 1116 φα
2290 1047 2387 1102 καὶ
2417 1048 2526 1119 ἦρα
2558 1049 2654 1102 καὶ
2679 1048 2959 1118 ἐκώμαζε,
2983 1049 3082 1103 καὶ
3111 1049 3338 1119 ὲμέθυε,
3398 1046 3497 1100 καὶ
3531 1063 3760 1117 μονομα-

2179 1140 2328 1211 χίαις
2360 1142 2457 1194 καὶ
2506 1141 2898 1211 ἱπποδρομίαις
2952 1140 3239 1212 ἐσχόλαζε,
3298 1138 3762 1202 Πολυδάπανοςδέ

2181 1232 2277 1285 καὶ
2307 1232 2367 1284 ού
2406 1233 2728 1303 μικρόφρων
2782 1228 2873 1305 ἦν,
2902 1233 3039 1287 ἀλλά
3072 1233 3275 1304 μᾶλλον
3332 1232 3760 1301 ἀσωτευόμενος.

2180 1324 2498 1395 Τεκμήριον
2532 1324 2610 1389 δὲ,
2632 1327 2740 1378 τινὶ
2762 1326 2871 1379 τῶν
2909 1327 3039 1397 περὶ
3066 1326 3232 1379 αὐτὸν
3262 1326 3613 1395 πεντήκοντα
3657 1323 3762 1394 ἅμα

2179 1417 2274 1469 καὶ⁸
2303 1416 2588 1480 διακοσίας
2615 1417 2885 1489 μυριάδας
2937 1419 3205 1490 ἀργυρίου
3228 1417 3461 1487 δοθῆναι
3490 1415 3760 1480 κελεύσας,

2179 1509 2369 1579 ἐπειδὴ
2399 1512 2430 1579 ἡ
2480 1509 2820 1580 Ἀγριππίνα
2862 1509 3172 1582 ἀθροίσασα
3221 1510 3285 1563 τὸ
3319 1509 3615 1581 ἀργύριον,
3643 1506 3761 1560 ἐνώ-

2180 1617 2306 1654 πιον
2335 1602 2503 1655 αὐτοῦ
2532 1602 2761 1674 τεθῆναι
2793 1604 3122 1673 πεποίηκεν,
3140 1602 3210 1657 ἶν’
3245 1603 3454 1675 ἀθρόον
3490 1601 3617 1656 ίδὼν
3642 1600 3761 1656 αὐτὸ

2183 1695 2586 1765 μεταϐάληται,
2648 1699 2830 1760 συνεὶς
2880 1698 3087 1761 ἐκεῖνος
3146 1698 3315 1767 ἧρετο
3363 1698 3569 1752 Πόσον
3593 1697 3681 1764 εἴη
3700 1695 3759 1749 τό

2180 1787 2499 1857 κείμενογς
2541 1788 2637 1842 καὶ⁵
2670 1787 2881 1859 μαθὼν,
2926 1789 3258 1859 Ἥγνόησα,
3325 1786 3511 1851 εἶπεν,
3571 1789 3762 1858 ὀλίγον

2179 1879 2332 1933 οὕτω
2361 1880 2820 1950 κεχαρισμένος,
2841 1882 2936 1935 καὶ
2966 1881 3440 1952 διπλασιασθῆναι
3465 1882 3754 1935 ἐκέλευσεν.

2178 1972 2336 2026 Οὕτω
2361 1973 2418 2028 δέ
2447 1974 2585 2044 ταχὺ
2612 1974 2743 2038 τοὺς
2766 1974 3082 2044 βασιλικοὺς
3111 1974 3413 2047 ἐξήντλησε
3443 1972 3755 2044 θησαυροὺς,

2176 2066 2314 2135 ταχὺ
2344 2064 2401 2118 δὲ
2430 2064 2611 2137 πόρων
2644 2064 2838 2135 ἐδεήθη
2886 2065 3113 2131 καινῶν,
3171 2066 3268 2119 καὶ
3332 2066 3466 2135 τέλη
3502 2065 3599 2118 οὐκ
3640 2063 3757 2115 eiet-

2180 2158 2358 2224 σμένα
2387 2155 2655 2211 πάντοθεν
2682 2156 2988 2227 ἐξελέγετο.
3040 2157 3154 2228 Τῆς
3184 2156 3230 2210 δ’
3285 2156 3657 2228 ⁹Δγριππίνης
3685 2154 3757 2207 ὅτι

2179 2248 2257 2320 μὴ
2325 2249 2724 2320 ἀργυρολογεῖν
2772 2249 3032 2320 ἠδύνατο,
3094 2250 3580 2321 φυλαργυρωτάτη
3614 2243 3754 2310 οὖσα,

2178 2341 2504 2413 περιθύμως
2562 2342 2939 2415 όργισθείσης,
2991 2345 3091 2398 καὶ
3141 2343 3623 2414 ἀπειλησαμένης,
3675 2339 3756 2392 τὸν

2174 2434 2541 2506 Βρεττανικὸν
2572 2436 2961 2509 αὐτοκράτορα
3011 2438 3416 2507 καταστήσειν.
3449 2434 3697 2506 φοϐηθεὶς
3730 2431 3756 2485 ὁ

2174 2526 2374 2598 Νέρων
2403 2528 2696 2582 ἀπέκτεινε
2729 2530 3012 2601 φαρμάκῳ
3036 2530 3205 2584 αὐτόν
3226 2547 3238 2560 ·
3287 2531 3388 2585 καὶ
3416 2532 3445 2584 ό
3474 2530 3572 2600 μὲν
3596 2544 3755 2595 παραυ

2173 2616 2364 2686 χρῆμα
2385 2616 2656 2686 «institis.
2691 2619 2788 2673 καὶ
2810 2621 3053 2694 φοράδην
3100 2621 3180 2685 ὡς
3209 2622 3523 2691 ἐπίληπτος
3549 2618 3754 2672 ἐκκεκό·

2176 2722 2360 2776 μιστο.
2412 2709 2503 2763 Ἐν
2524 2710 2582 2762 δέ
2611 2726 2675 2778 γε
2702 2714 2770 2783 τῇ
2803 2713 3015 2785 ἐκφορᾷ
3042 2711 3168 2766 ἐπεὶ
3204 2712 3473 2775 ’πελιδνδς
3515 2710 3618 2763 ὑπὸ
3668 2704 3751 2761 τοῦ

2174 2799 2469 2870 φαρμάκου
2521 2799 2742 2870 γέγονε,
2791 2802 2951 2873 γύψῳ
3006 2802 3258 2874 χρισῦεὶς
3290 2804 3383 2857 διὰ
3433 2804 3533 2873 τῆς
3563 2799 3750 2870 ἀγορᾶς

2172 2893 2360 2963 ἦγετο.
2407 2892 2593 2958 ’Υετὸς
2646 2894 2705 2948 δὲ
2746 2894 2916 2959 πολὺς
2950 2897 3126 2967 ὑγρᾶς
3158 2896 3375 2969 ἐτι¹τῆς
3403 2894 3579 2963 γύψου
3601 2892 3751 2961 οὔσης

2172 2984 2476 3051 ἐπιπεσὼν,
2514 2986 2736 3042 ἅπασαν
2759 2988 2979 3062 ἐκείνην
3011 2990 3329 3045 άπέκλυσεν
3356 3007 3370 3022 ⁸
3398 2989 3539 3046 ὥστε
3569 2988 3627 3041 ca
3652 2986 3748 3039 δει-

2171 3078 2261 3134 νὸν
2290 3080 2366 3151 μὴ
2396 3082 2560 3150 μόνον
2584 3082 2906 3150 ἀκούεσθαι,
2931 3083 3069 3137 ἀλλὰ
3090 3085 3185 3138 καὶ
3209 3084 3470 3156 ὁρᾶσθαι.
3500 3081 3749 3147 Ὕστερον

2172 3170 2230 3224 δὲ
2260 3173 2354 3225 καὶ
2379 3173 2479 3245 τὴν
2503 3174 2721 3245 μητέρα
2751 3175 2853 3246 τὴν
2904 3175 3300 3247 Ἀγριππίναν,
3338 3175 3435 3230 τὸν
3469 3168 3748 3228 ἀπελεύθε-

2174 3280 2268 3333 ρον
2292 3266 2578 3337 Ἀνίκητον
2603 3267 2826 3339 πέμψας
2851 3269 3242 3340 διεχειρίσατο.
3270 3272 3345 3325 Ἦ
3377 3269 3468 3323 τὸν
3489 3265 3747 3338 πεμφθέν-

2172 3373 2243 3411 τα
2301 3357 2506 3423 ίδοῦσα,
2565 3359 2662 3414 καὶ
2713 3360 2920 3429 γνοῦσα
2981 3362 3071 3432 ἐφ’
3098 3364 3207 3434 ὅτῳ
3254 3363 3410 3434 ἥκει,
3438 3362 3538 3433 τὴν
3560 3358 3744 3426 ἐσθῆτα

2174 3453 2532 3524 περιέρρηξε,
2565 3455 2663 3509 καὶ
2685 3454 2784 3526 τὴν
2812 3457 3061 3528 γαστέρα
3112 3457 3587 3528 ἀπογυμνώσασα*
3616 3451 3743 3506 Huic

2171 3546 2421 3613 ταύτην,
2452 3546 2579 3617 ἐφη,
2622 3548 2911 3616 Ἁνίκητε,
2953 3549 3113 3615 παῖε,
3155 3549 3248 3605 ὅτι
3280 3549 3531 3620 Νέρωνα
3567 3546 3739 3601 ἔτεκε.

2172 3638 2343 3706 Καὶή
2389 3639 2488 3708 μὲν
2515 3639 2756 3711 ἐσφάγη,
2797 3643 2824 3694 ό
2854 3642 2911 3696 δὲ
2938 3642 3135 3714 Νέρων
3192 3643 3290 3697 καὶ
3344 3644 3616 3709 αὐτόπτης
3658 3633 3741 3689 τοῦ

2175 3729 2529 3801 τολμήματος
2582 3735 2797 3801 γέγονε,
2835 3737 2930 3789 καὶ
2988 3737 3169 3791 πᾶσαν
3194 3731 3307 3791 εἶδε
3338 3734 3626 3807 γυμνώσας
3657 3725 3741 3781 καὶ

481 3793 778 3866 τραύματα
812 3798 1175 3874 ὲξηρίθμησε.
1210 3808 1344 3874 Ταῖς
1412 3812 1466 3864 δὲ
1503 3814 1652 3878 νυξὶν
1696 3816 2104 3888 ἐξεταράττετο,
2150 3793 2415 3876 ὥστεκαὶ
2469 3793 2535 3877 ἐκ
2721 3793 2884 3898 εὐνῆς
2915 3829 3202 3901 άναπηδᾷν
3251 3793 3360 3885 καὶ.
3408 3793 3740 3898 ἐκδειματοῦ-

478 3886 625 3941 σθαι.
660 3889 748 3943 Ἐν
796 3890 854 3944 δὲ
916 3896 985 3966 τῇ
1055 3897 1244 3971 Ῥώμῃ
1303 3903 1602 3976 πολλαχόθι
1651 3886 1928 3978 ἐγράφετο
1994 3913 2145 3982 παρά
2171 3930 2329 3969 τινων
2359 3915 2609 3984 ἀφανῶς.

1416 4045 1640 4115 Νέρων,
1680 4048 1989 4119 ὀρέστης,
2032 4052 2392 4124 Ἀλκμαίων,
2417 4060 2840 4128 μητροκτόνοι.

475 4170 777 4243 Angustam
807 4174 1088 4231 Octaviam
1112 4179 1327 4234 Claudii
1361 4182 1562 4248 ﬁliam,
1611 4199 1840 4241 uxorem
1872 4202 2054 4254 suam,

476 4266 804 4333 repudiavit.
833 4266 969 4323 Nam
998 4269 1257 4326 Sabinam
1305 4275 1614 4329 adamatam
1648 4319 1663 4341 ,
1693 4280 1884 4333 uxoris
1932 4281 2056 4335 loco

476 4352 684 4411 habere
733 4358 955 4414 voluit:
1006 4377 1131 4431 qua:
1173 4363 1343 4421 verita
1400 4381 1469 4421 ne
1524 4366 1617 4422 illa
1656 4380 2056 4439 revocaretur,

471 4448 904 4508 calumniatores
933 4454 1282 4520 subornavit,
1309 4473 1339 4511 a
1367 4459 1570 4528 quibus
1615 4470 1677 4515 et
1702 4462 1960 4519 adulterii
1996 4475 2054 4521 et

2163 4191 2273 4244 Καὶ
2300 4190 2399 4263 τὴν
2429 4192 2750 4262 Αύγούσταν
2789 4197 3085 4253 Ὀκταϐίαν
3111 4198 3213 4271 τὴν
3245 4202 3344 4256 τοῦ
3375 4200 3633 4256 Κλαυδίου
3651 4195 3733 4249 θο-

2160 4285 2391 4354 γατέρα,
2432 4287 2531 4357 τὴν
2560 4288 2758 4342 ἑαυτοῦ
2793 4294 3031 4359 γυναῖκα
3069 4294 3462 4367 ἀπεπέμψατο.
3498 4294 3605 4360 Τῆς
3632 4290 3729 4357 γὰρ

2161 4376 2397 4449 Σαϐίνης
2453 4379 2616 4450 ἐρῶν,
2665 4380 2859 4452 ἤθελεν
2911 4386 3051 4457 αὐτῇ
3110 4391 3351 4441 συνεῖναι
3387 4389 3462 4450 ὡς
3506 4380 3725 4454 γαμετῇ·

2162 4469 2402 4523 Δείσασα
2441 4470 2497 4523 δὲ
2528 4473 2559 4542 ἡ
2600 4473 2807 4528 Σαϐίνα
2838 4477 2912 4545 μή
2944 4493 3075 4530 ποτε
3107 4479 3138 4548 ἡ
3181 4478 3444 4532 Ὀκταϐία
3470 4471 3723 4545 petax}?

476 4539 728 4598 veneﬁcii
753 4557 1144 4614 accusaretur,
1180 4564 1243 4603 ae
1300 4552 1480 4620 primo
1530 4555 1881 4626 relegandam
1910 4600 1924 4617 .
1957 4560 2055 4616 de-

2170 4558 2305 4630 θείη,
2327 4539 2666 4632 κατηγόρους
2696 4565 2784 4617 ἐπ’
2806 4539 2942 4637 αύτῇ
2978 4571 3073 4621 καὶ
3106 4539 3326 4641 μοιχίας
3355 4572 3450 4624 καὶ
3470 4539 3719 4638 ’γοητείας

477 4628 606 4685 inde
633 4633 995 4691 occidendam
1026 4642 1269 4695 curavit.
1302 4642 1431 4699 Post
1473 4645 1588 4715 ipsa
1641 4648 1807 4702 etiam
1855 4648 2056 4707 Sabina

473 4737 507 4776 a
535 4721 752 4779 Nerone
783 4727 1070 4786 interfecta
1103 4741 1208 4796 est,
1233 4748 1358 4788 cunt
1395 4735 1451 4791 in
1500 4752 1624 4792 cam
1682 4753 2055 4811 przrgnantem

474 4814 721 4871 calcibus
749 4816 1076 4887 insiliisset,
1120 4839 1280 4893 quani
1323 4827 1545 4896 quidem
1595 4831 1758 4902 longo
1807 4842 2056 4905 tempore

472 4905 615 4963 luxit
645 4924 659 4962 :
693 4926 756 4965 ac
798 4920 1081 4984 tantopere
1114 4916 1484 4984 desideravit,
1527 4932 1587 4977 ut
1618 4925 1898 4996 principio
1928 4943 2054 4981 mu-

473 4999 666 5056 lierem
723 5004 801 5059 illi
871 5006 1110 5065 similem
1166 5012 1287 5083 ejus
1350 5014 1474 5070 loco
1532 5028 1793 5073 teneret:
1852 5020 2054 5076 deinde

474 5108 709 5163 puerum
736 5097 1057 5156 libertinum
1079 5143 1093 5168 ,
1126 5106 1349 5161 nomine
1378 5109 1652 5177 Sporum,
1680 5113 1919 5166 exsectis
1972 5113 2056 5168 vi-

472 5187 671 5244 rilibus
700 5206 924 5246 uxorem
953 5193 1222 5262 duceret,
1259 5200 1405 5267 quod
1459 5199 1507 5254 is
1556 5216 1779 5271 quoque
1835 5203 2054 5261 Sabina:

469 5289 621 5335 esset
645 5284 860 5351 similis,
892 5302 1204 5358 quanquam
1256 5290 1371 5359 ipse
1418 5290 1566 5347 Nero
1616 5294 1937 5367 Pythagora:
1987 5298 2054 5353 li-

472 5371 633 5428 berto
659 5377 956 5446 nupsisset.
990 5377 1054 5434 lli
1088 5379 1199 5435 duo
1227 5381 1395 5452 igitur
1445 5399 1551 5438 una
1596 5400 1713 5441 rem
1773 5387 2051 5444 habebant

466 5483 595 5523 cum
628 5470 865 5537 Nerone,
897 5473 1231 5545 Pythagoras
1260 5487 1317 5532 ut
1360 5480 1461 5544 vir,
1495 5481 1704 5550 Sporus
1735 5492 1793 5538 ut
1824 5488 2046 5543 mulier.

473 5559 701 5616 Publice
729 5562 940 5619 cithara
965 5567 1187 5630 cecinit,
1217 5571 1470 5637 quamvis
1501 5573 1694 5645 exigua
1725 5585 1784 5631 et
1808 5578 2046 5635 obscura

2160 4649 2392 4719 ψευδοῦς
2424 4657 2902 4725 παρεσκευάσατο.
2940 4659 3052 4714 Καὶ
3081 4661 3143 4713 τὸ
3182 4664 3283 4730 μὲν
3319 4662 3532 4732 πρῶτον
3560 4668 3721 4726 φυγα-

2159 4743 2417 4815 δευθῆναι
2474 4748 2665 4817 αὐτὴν,
2716 4749 2909 4803 ἔπειτα
2970 4753 3063 4805 καὶ
3122 4754 3400 4823 σφαγῆναι
3459 4752 3716 4817 ἐποίηςενο

2160 4834 2294 4892 Εἶτα
2336 4840 2428 4892 καὶ
2495 4842 2633 4913 αὐτη
2667 4844 2700 4913 ἡ
2742 4843 2947 4897 Σαϐίνα
2990 4846 3227 4916 ἐκτάνθη
3282 4848 3386 4901 ὑπὸ
3425 4845 3515 4900 τοῦ
3552 4841 3717 4906 Νέρω-

2157 4948 2248 4994 νος
2271 4947 2286 4962 ο
2331 4931 2539 5002 κυούσῃ
2594 4932 2705 4999 γὰρ
2736 4935 2873 5004 αὐτῇ
2920 4934 3020 5000 λάξ
3049 4937 3320 5007 ἐνέθορεν.
3367 4937 3488 4990 Ἐπὶ
3514 4931 3636 4985 πολὺ
3666 4925 3715 4979 δὲ

2159 5022 2427 5077 θανοῦσαν
2465 5025 2791 5095 ἐπένθησεν’
2820 5026 2994 5091 οὕτως
3022 5029 3066 5081 δ’
3097 5031 3268 5101 αὐτὴν
3294 5031 3555 5099 ἐπόθησεν
3586 5022 3711 5075 ὥστε

2154 5111 2223 5164 τά
2257 5115 2358 5180 μὲν
2400 5113 2591 5182 πρῶτα
2628 5119 2864 5184 γυναῖκά
2891 5136 3012 5172 τινα
3038 5125 3326 5192 προσφερῆ
3360 5121 3541 5189 ἐκείνῃ
3572 5125 3711 5184 p.212-

2155 5204 2411 5275 πέμψατο
2445 5209 2539 5261 καὶ
2572 5207 2752 5280 ἔσχεν.
2791 5212 3028 5266 Ἔπειτα
3056 5214 3223 5268 παῖδα
3251 5212 3626 5280 ἀπελεύθερον.
3653 5200 3705 5253 ὃν

2155 5300 2364 5371 Σπόρον
2406 5301 2711 5370 ὠνόμαζεν,
2745 5304 2998 5374 ἐκτεμὼν
3030 5304 3259 5376 ἔγημεν,
3286 5306 3469 5375 ἐπειδὴ
3507 5302 3593 5356 καὶ
3618 5294 3704 5350 αὖ’

2151 5391 2241 5453 τὸς
2277 5393 2342 5462 τῇ
2373 5391 2576 5462 Σαϐίνῃ
2608 5392 2792 5462 ἐῴκει,
2827 5394 3032 5468 καίπερ
3062 5397 3357 5470 Πυθαγόρᾳ
3381 5397 3485 5451 τινὶ
3512 5389 3701 5458 ἐξελευ-

2152 5486 2296 5555 θέρφ
2319 5488 2729 5555 γεγαμημὲνος.
2744 5489 2853 5542 Καὶ
2881 5491 3224 5558 συνεγίνοντο
3247 5494 3363 5563 ἅμα
3386 5489 3462 5560 τῷ
3484 5486 3696 5556 Νέρωνιο

2150 5578 2477 5648 Πυθαγόρας
2515 5577 2615 5648 μὲν
2659 5579 2735 5643 ὡς
2782 5581 2943 5651 ἀνὴρ,
2977 5584 3187 5655 Σπόρος
3217 5585 3273 5638 δὲ
3304 5585 3377 5648 ὡς
3425 5578 3571 5650 γυνη.
3599 5570 3695 5625 Καὶ

469 5663 607 5704 voce
667 5653 951 5719 praeditus.
1018 5658 1077 5712 ln
1134 5660 1285 5715 circo
1345 5664 1637 5735 aurigavit.
1692 5668 1933 5740 'lrajecit
1988 5672 2042 5728 in

2170 5670 2521 5743 ,κιθαρῲδησε
2553 5672 2609 5724 δὲ
2657 5672 2916 5745 δημοσία,
2957 5653 3137 5729 καίτοι
3174 5677 3348 5748 βραχὺ
3403 5672 3494 5728 καὶ
3540 5664 3692 5735 μέλαν

468 5738 757 5809 Graciam,
789 5761 898 5802 non
933 5758 993 5802 ut
1013 5751 1252 5821 majores
1277 5756 1384 5820 sui,
1415 5757 1508 5810 sed
1534 5738 2044 5823 saltandi,cithara3

2170 5738 2384 5831 νὼνημα
2416 5738 2577 5832 ἔγωγ
2611 5738 2801 5818 καὶνέν
2830 5738 2907 5837 τῷ
2950 5738 3690 5839 ἱπποδρομίᾷἡρματηλάιηο

471 5832 776 5906 pulsandae,
806 5842 1067 5909 pra'conii
1106 5843 1364 5916 faciendi,
1394 5850 1730 5922 agenda-quc
1764 5855 2044 5923 tragatdia:

2170 5873 2262 5912 ξεν.
2311 5856 2656 5929 Ἐπεραιῴθη
2684 5856 2740 5911 δὲ
2764 5858 2862 5914 καὶ
2880 5832 3026 5931 πρὸς
3056 5832 3157 5933 την
3474 5848 3609 5907 οὗτοι
3629 5853 3684 5907 γε
