4048 6402
344 328 463 390 961‘

1575 329 1988 391 ANNALIUM
2028 331 2176 392 LIB.
2218 333 2326 393 Χῐ.

3501 342 3625 407 963'

340 441 416 504 ὡς
467 440 516 491 οἱ
571 437 825 509 πρόγονοι
869 437 1058 505 αὐτοῦ,
1095 437 1326 493 ἀλλ’ἐπὶ
1379 437 1633 510 ὀρχήσει,
1688 440 1785 494 καὶ
1829 442 1901 493 ἐπ

2026 455 2213 498 causa.
2247 442 2361 498 Nec
2385 440 2534 498 enim
2565 442 2615 496 ei
2656 444 2830 499 Roma
2873 444 3008 500 satis
3051 445 3231 516 ampla
3291 455 3458 504 erat:
3507 451 3606 505 sed

343 529 737 601 κιθαρῳδήσει,
764 529 995 602 κηρύξει
1035 547 1095 583 τε
1130 530 1227 584 καὶ
1269 530 1577 601 τραγῳδίας
1607 533 1920 602 ὑποκρίσει.

341 624 422 677 Ού
477 623 587 693 γὰρ
651 622 814 693 ήρκει
860 623 1014 691 σύτῷ
1065 624 1098 693 ή
1142 622 1357 691 Ῥώμη,
1409 622 1526 675 ἀλλ’
1575 623 1771 694 ἐδεήθη
1825 623 1923 676 καὶ

341 715 728 785 ἐκστρατείας,
762 713 848 767 ἵνα
875 714 971 767 καὶ
995 713 1401 785 Περιοδονίκης,
1436 713 1512 777 ὡς
1544 713 1723 781 ἔλεγε,
1756 715 1919 783 γένη-

340 826 451 863 ται.
503 807 662 860 Ἀλλὰ
701 806 753 859 τί
806 805 870 858 ἄν
897 822 980 868 τις
1020 804 1144 857 καθ’
1179 804 1413 857 ἕκαστον
1451 803 1601 872 λέγοι
1644 804 1753 857 τῶν
1786 801 1919 873 παρ’

339 897 552 950 ἐκείνου
606 893 1043 965 πραττομένων;
1092 894 1271 946 πάντα
1324 893 1436 964 γὰρ
1480 893 1689 960 ἁπλῶς,
1734 896 1834 948 ὅσα
1866 894 1917 946 οί

337 987 601 1054 τυχόντες
676 984 1064 1054 ὑποκρίνονται
1096 1022 1112 1049 ,
1188 987 1441 1048 κάκεῖνος
1486 984 1642 1053 ἔλεγέ
1715 1003 1773 1040 τε
1823 987 1917 1039 καὶ

336 1076 621 1145 ἔπραττε,
676 1077 770 1127 καὶ
820 1075 1071 1144 ἔπασχε,
1103 1074 1243 1144 πλὴν
1303 1074 1425 1127 καθ’
1492 1075 1615 1129 ὅσον
1681 1078 1915 1147 χρυσαῖς

333 1167 510 1220 ἐδεῖτο
568 1167 824 1220 ἀλύσεσιν
850 1183 865 1197 ·
906 1167 968 1219 ού
1012 1167 1122 1235 γὰρ
1152 1167 1360 1236 ἔπρεπε
1404 1166 1697 1236 Ῥωμαίων
1755 1167 1918 1220 αὐτο-

329 1260 576 1329 κράτορα
601 1259 847 1329 σιδηραῖς
896 1259 1122 1313 δεῖσθαι.
1161 1257 1509 1330 Στρατιώτης
1539 1259 1596 1312 δέ
1628 1276 1744 1324 τις,
1787 1259 1914 1313 tam

329 1353 496 1405 αὑτὸν
534 1352 664 1406 ποτὲ
688 1352 995 1423 δεδεμένον,
1024 1353 1516 1422 ἡγανάκτησε,καὶ
1543 1351 1914 1422 προσδραμὼν

328 1443 547 1501 ἔλυσεν.
574 1446 804 1517 Ἕτερος
832 1449 909 1513 δὲ,
943 1450 1209 1521 ἐρομένου
1240 1450 1381 1512 τινος
1417 1450 1482 1504 Τί
1510 1450 1676 1503 ποιεῖ
1729 1452 1763 1503 d
1801 1452 1910 1503 αὺ-

327 1540 670 1609 τοκράτωρ;
703 1544 1040 1614 ἀπεκρίνατο
1092 1545 1178 1599 ὅτι
1231 1546 1441 1599 Τίκτει.
1489 1544 1747 1598 Τοιοῦτον
1803 1545 1913 1613 γάρ

325 1649 381 1685 τι
408 1634 735 1703 ὑπεκρίνετο
767 1636 914 1690 τότε.
948 1635 1192 1705 Ἤρξατο
1224 1636 1279 1687 δὲ
1313 1637 1407 1689 καὶ
1439 1636 1531 1688 τὸν
1582 1635 1794 1703 Ἰσθμὸν
1813 1636 1914 1705 τῆς

329 1723 750 1797 Πελοποννήσου
828 1726 1097 1798 διορύξαι,
1159 1730 1364 1796 καίπερ
1424 1726 1535 1780 τῶν
1604 1725 1911 1797 ἀνθρώπων

2024 534 2378 604 expeditione
2405 544 2526 590 erat
2553 552 2716 606 opus,
2750 550 2808 591 ut
2846 538 3235 595 Periodonices
3269 583 3284 607 ,
3335 540 3442 596 hoc
3481 553 3603 608 est,

2022 629 2227 696 passim
2266 628 2464 693 victor,
2498 638 2559 682 ut
2590 630 2799 697 aiebat,
2826 631 3110 686 evaderet.
3166 630 3274 687 Sed
3319 636 3445 703 quis
3480 635 3605 690 sin-

2021 717 2147 786 gula
2182 719 2302 788 ejus
2331 717 2470 775 facta
2503 722 2840 777 enunieret?
2880 722 3018 777 Nam
3052 738 3164 778 uno
3194 725 3386 786 verbo,
3436 727 3606 795 quiil-

2019 811 2151 879 quid
2184 812 2324 865 viles
2361 811 2666 867 histriones
2701 824 3125 884 rcprtesentaut,
3157 829 3224 870 ea
3261 816 3443 871 omnia
3487 818 3604 886 ipse

2017 912 2074 956 et
2102 902 2325 956 dicebat
2359 913 2416 959 et
2448 903 2686 959 faciebat
2717 914 2775 959 et
2809 905 3122 970 tolerabat,
3160 907 3266 961 nisi
3315 910 3462 977 quod
3506 923 3606 962 au-

2018 990 2131 1043 reis
2162 992 2375 1047 catenis
2401 993 2751 1048 vinciebatur
2796 1011 2811 1050 :
2838 1011 2963 1049 nam
2994 996 3189 1051 ferrea:
3223 996 3598 1052 Romanorum

2017 1080 2405 1150 imperatorem
2463 1084 2607 1138 haud
2666 1085 3007 1142 decuissent.
3059 1087 3373 1157 Aliquando
3434 1087 3606 1160 igitur

2016 1172 2176 1227 miles
2206 1175 2455 1228 vinctum
2492 1176 2883 1245 conspicatus,
2923 1193 3033 1247 pne
3073 1178 3454 1247 indignatione
3511 1196 3608 1234 ac-

2016 1264 2228 1328 currit,
2275 1281 2516 1335 eumque
2555 1268 2742 1322 solvit.
2797 1267 2958 1323 Alius
3011 1270 3384 1341 interrogatus
3413 1312 3427 1334 ,
3475 1272 3604 1340 quid

2015 1366 2193 1427 ageret
2232 1358 2544 1427 imperator,
2600 1359 2910 1427 respondit,
2959 1375 3076 1413 eum
3123 1362 3415 1428 parturire.
3466 1362 3602 1416 Par-

2017 1458 2131 1502 tum
2165 1450 2314 1501 enim
2344 1456 2461 1502 tum
2507 1450 2967 1519 repraesentabat.
3018 1451 3200 1522 Cmpit
3238 1455 3405 1507 etiam
3463 1453 3605 1510 Isth-

2013 1554 2164 1592 mum
2200 1539 2527 1610 perfodere;
2553 1555 2584 1594 a
2623 1556 2735 1610 quo
2761 1557 2885 1595 cum
2915 1543 3166 1598 homines
3208 1543 3601 1608 abhorrerent.

2014 1628 2178 1700 570
2210 1641 2429 1701 sumpto
2455 1631 2636 1703 ligone
2672 1633 2788 1702 ipse
2831 1632 3021 1688 fodere
3061 1636 3232 1705 erepit
3259 1675 3275 1697 ,
3338 1636 3599 1707 idemque

2014 1739 2117 1780 suo
2142 1726 2395 1794 exemplo
2430 1724 2612 1780 facere
2646 1735 2879 1780 caeteros
2911 1727 3111 1798 coegit.
3161 1729 3358 1783 Fertur
3409 1739 3598 1784 autem

322 1818 650 1872 ὀκνούντων.
688 1818 888 1873 Λαϐὼν
941 1817 1035 1874 οὖν
1075 1820 1237 1883 αὐτὸ,
1290 1820 1566 1885 δίκελλαν,
1607 1819 1703 1872 καί
1732 1835 1786 1871 τι
1809 1819 1901 1874 καὶ

2011 1816 2234 1887 sanguis
2258 1816 2545 1871 ebulliisee
2571 1855 2587 1881 ,
2621 1831 2746 1870 cum
2778 1826 2923 1871 terra
2964 1819 3205 1888 primum
3249 1830 3598 1891 tangeretur,

319 1909 662 1979 ἀνασκάψας,
697 1908 885 1963 ἔπεισε
944 1916 1038 1965 καὶ
1080 1913 1206 1975 τοὺς
1244 1912 1435 1974 ἄλλους
1475 1912 1689 1984 ἀνάγκῃ
1737 1910 1903 1964 αὑτὸν

323 2003 693 2073 μιμήσασθαι.
752 2001 904 2076 Αἷμα
959 2004 1016 2058 δὲ
1046 2008 1163 2070 τοῖς
1187 2004 1424 2076 πρώτοις
1473 2005 1781 2075 ἁψαμένοις
1802 2004 1902 2075 τῆς

2009 1921 2067 1966 et
2099 1910 2336 1981 gemitus
2358 1919 2415 1964 et
2444 1913 2686 1976 mugitus
2713 1910 3006 1966 exauditus
3058 1926 3181 1967 esse
3209 1951 3225 1979 ,
3277 1922 3334 1967 ct
3376 1921 3597 1984 spectra

2010 2005 2182 2059 multa
2214 2001 2562 2072 apparuisse.

319 2096 427 2163 γῆς
486 2095 706 2164 λέγεται
776 2096 1079 2152 ἀναϐλύσαι
1119 2100 1215 2152 καὶ
1280 2099 1529 2168 οἰμωγὰς
1593 2100 1691 2152 καὶ
1760 2095 2090 2169 μυκηθμοὺς
2129 2095 2519 2162 ἐξακούεσθαι,
2565 2094 2665 2148 καὶ
2712 2093 2952 2150 εἰδώλων
2986 2096 3244 2166 γενέσθαι
3292 2100 3597 2170 φαντασίαν

318 2188 552 2245 πολλῶν.

391 2283 488 2336 1Γ¹.
549 2279 718 2348 Οὗτος
781 2287 998 2358 πρῶτος
1068 2290 1162 2343 καὶ
1209 2289 1306 2343 τοῦ
1357 2290 1502 2344 κατά
1548 2288 1896 2362 Χριστιανῶν

317 2376 524 2447 ἤρξατο
553 2377 820 2448 διωγμοῦ,
854 2381 950 2434 καὶ
976 2382 1180 2452 Πέτρον
1206 2384 1303 2436 καὶ
1334 2382 1545 2437 Παῦλον
1571 2385 1698 2445 τοὺς
1732 2399 1899 2453 κορυ-

316 2468 517 2536 φαίους
548 2471 659 2522 τῶν
714 2472 1033 2525 ἀποστόλων
1085 2474 1379 2527 ἀπέκτεινε
1425 2477 1568 2528 κατά
1608 2474 1702 2527 τὸν
1731 2473 1897 2526 αὐτὸν

314 2559 531 2631 καιρὸν,
585 2561 661 2625 ὡς
709 2563 737 2615 ὁ
784 2563 1044 2628 Εὐσέϐιος
1098 2566 1335 2635 ίστορεῐ,
1395 2568 1459 2618 έκ
1514 2565 1896 2635 παλαιοτέρων

315 2654 684 2724 συγγραφέων
712 2656 1023 2726 μαρτυρίας
1074 2658 1364 2728 παράγων.
1407 2657 1628 2728 ’Ἑτεροι
1656 2658 1712 2711 δὲ
1749 2656 1892 2711 κατά

311 2743 410 2814 τὴν
429 2744 601 2815 αὐτὴν
624 2746 842 2819 ἡμέραν
876 2750 1013 2818 φασὶ
1044 2749 1398 2820 τελειωθῆναι
1435 2752 1531 2804 καὶ
1566 2750 1738 2818 ἄμφω
1761 2752 1892 2813 τοὺς

2073 2281 2214 2337 Xlll.
2249 2281 2350 2338 Hic
2380 2284 2788 2352 persecutionis
2820 2284 3269 2342 Christianorum
3311 2288 3594 2359 princeps,

2002 2375 2226 2430 Petrum
2253 2381 2310 2428 et
2343 2374 2572 2428 Paulum
2606 2375 2887 2444 principes
2928 2378 3314 2447 apostolorum
3364 2378 3597 2435 interfe-

2000 2467 2099 2529 cit,
2131 2468 2325 2521 eodem
2368 2474 2642 2535 tempore,
2673 2475 2734 2520 ut
2764 2466 3045 2523 Eusebius
3104 2484 3172 2523 ex
3224 2468 3591 2539 antiquorum

2004 2558 2337 2615 testimoniis
2387 2557 2609 2616 asserit.
2640 2558 2777 2613 Nam
2824 2558 2917 2613 alii
2965 2559 3161 2614 eodem
3222 2560 3449 2630 quidem
3499 2561 3593 2617 die

1998 2658 2295 2718 utrumque
2337 2659 2778 2703 consummatum
2806 2664 2929 2705 esse
2959 2649 3189 2705 tradunt
3215 2688 3230 2713 .
3285 2651 3385 2707 sed
3439 2667 3589 2709 anno

1997 2741 2241 2796 diverso.
2269 2741 2400 2795 Post
2433 2741 2682 2805 Petrum,
2717 2741 2931 2810 primus
2960 2742 3208 2811 pontifex
3240 2743 3415 2800 Linus
3449 2743 3583 2802 fuit.

311 2835 670 2901 ἀποστόλους,
720 2839 778 2890 ὲν
835 2838 983 2910 ἄλλῳ
1046 2839 1104 2893 δὲ
1158 2840 1269 2893 ἔτει
1317 2844 1413 2896 καὶ
1443 2842 1610 2913 ἄλλῳ.
1644 2843 1799 2896 Μετὰ
1836 2842 1898 2896 δὲ

2001 2834 2144 2889 Nero
2170 2833 2355 2888 adhuc
2378 2832 2434 2887 in
2464 2832 2674 2888 Graecia
2702 2833 2934 2904 degens.
2985 2834 3409 2904 Vespasianum,
3450 2851 3588 2892 con-

313 2925 520 2996 Πέτρον
556 2928 773 2999 πρῶτος
808 2930 1102 3002 ἀρχιερεὺς
1137 2933 1240 3002 τῆς
1272 2933 1493 3004 Ῥώμης
1526 2937 1553 2987 ὀ
1581 2935 1744 2998 Λίνις
1770 2934 1894 3003 ἐγέ-

310 3033 453 3070 νετο.
484 3018 607 3071 Ἔτι
632 3019 679 3072 δ’
710 3023 768 3073 ἐν
786 3024 853 3092 τῇ
902 3022 1117 3077 Ἐλλάδι
1145 3024 1298 3088 ϐντος
1333 3024 1429 3079 τοῦ
1466 3026 1720 3097 Νέρωνος
1760 3027 1894 3080 Ἰου-

307 3110 448 3164 δαῖοι
488 3113 567 3175 είς
626 3110 905 3184 προῦπτον
942 3117 1283 3188 ἀπέστησαν,
1315 3119 1412 3172 καὶ
1440 3120 1531 3173 ἐπ’
1554 3120 1752 3185 αὐτοὺς
1801 3121 1894 3175 τὸν

296 3206 726 3261 Ὀὐεσπασιανὸν
780 3208 1021 3279 ἔπεμψε.
1068 3213 1179 3266 Καὶ
1231 3213 1281 3265 oi.
1309 3215 1368 3268 ὲν
1397 3216 1464 3285 τῇ
1507 3214 1812 3285 Βρεττανίᾳ
1834 3215 1892 3269 δὲ

309 3299 404 3351 καὶ
432 3301 480 3352 oi
512 3299 751 3355 Γαλάται
783 3301 1150 3373 βαρυνόμενοι
1182 3309 1304 3371 ταῖς
1336 3308 1621 3377 εἰσφοραῖς
1680 3309 1893 3379 ήσχαλ-

307 3390 401 3444 λον
444 3393 507 3445 ὲκ
540 3393 807 3459 πλείονος,
834 3398 926 3449 καὶ
954 3398 1346 3470 ὲφλέγμαινον.
1380 3400 1539 3465 Γάῖος
1573 3402 1630 3455 δὲ
1675 3403 1893 3467 Ἰούλιος

307 3484 522 3552 Οσίτιιδιξ
573 3488 673 3557 (ί),
706 3488 847 3560 ἀνὴρ
895 3492 1037 3544 κατὰ
1067 3491 1160 3545 τὸν
1198 3494 1419 3565 πατέρα
1460 3494 1754 3566 βουλευτής
1778 3497 1891 3552 τῶν

317 3579 633 3649 Ῥωμαίων,
662 3583 806 3654 ὁρῶν
832 3589 958 3649 τοὺς
990 3587 1299 3657 ὁμοφύλους
1324 3589 1575 3655 Γαλάτας
1606 3591 1892 3664 ὀργῶντας

303 3671 446 3743 πρὸς
498 3674 861 3741 ἀποστασίαν,
921 3677 992 3732 δι’
1041 3674 1116 3732 ῶν
1163 3680 1587 3753 ἐδημηγόρησεν
1631 3683 1891 3755 ἠρέθισεν

304 3765 528 3832 αὐτοὺς,
577 3770 672 3822 καὶ
694 3767 927 3840 ὥρκωσε
984 3773 1167 3827 πάντα
1225 3775 1367 3846 ὑπὲρ
1417 3777 1516 3847 τῆς
1547 3776 1749 3848 βουλῆς
1794 3778 1890 3831 καὶ

299 3856 399 3910 τοῦ
417 3858 590 3930 δήμου
617 3860 722 3914 τῶν
745 3862 1035 3933 Ῥωμαίων
1066 3869 1336 3935 ποιήσειν,
1365 3867 1461 3921 καὶ
1488 3866 1710 3932 ἑαυτὸν,
1739 3868 1805 3923 ἄν
1836 3885 1890 3922 τι

306 3953 461 4020 παρὰ
514 3954 689 4007 ταῦτα
739 3956 945 4027 πράξῃ,
982 3956 1292 4026 φονεύσειν.
1373 3960 1762 4032 Αύτοκράτορα
1831 3962 1889 4017 δὲ

304 4043 522 4097 Γάλϐαν
570 4045 664 4099 τὸν
715 4046 1028 4115 Σερουΐλιον
1080 4048 1171 4101 τὸν
1210 4049 1537 4105 Σουλπίκιον
1568 4053 1885 4125 προεχειρί-

304 4149 457 4237 σατο,
489 4136 786 4237 γενόμενον
819 4135 880 4201 ἐξ
912 4137 1280 4209 εὐπατριδῶν,
1320 4140 1415 4193 καὶ
1446 4141 1568 4195 τότε
1616 4146 1717 4212 τῆς
1754 4145 1889 4215 Ἰὄη-
1918 4183 1962 4237 D

303 4224 429 4294 ρίας
486 4226 745 4299 ἄρχοντα.
811 4230 923 4284 Καὶ
955 4228 1016 4290 ὃς
1058 4230 1159 4303 τὴν
1188 4232 1488 4303 ἠγεμονίαν
1518 4234 1757 4301 ἐδέξατο,
1782 4238 1886 4291 οὐκ

297 4318 536 4387 ἠθέλησε
568 4318 625 4372 δὲ
676 4321 779 4383 τὰς
826 4322 924 4391 τῆς
960 4323 1269 4393 αὐταρχίας
1292 4323 1612 4396 ἐπικλήσεις
1644 4328 1885 4396 προσλα-

300 4412 418 4461 ϐεῖν
468 4413 614 4463 τότε.
681 4411 795 4483 Τῆς
854 4413 899 4467 δ’
957 4416 1304 4480 ἀποστασίας
1346 4421 1820 4491 παρατεινομένης
1858 4422 1888 4474 ὁ

306 4503 524 4570 υὺῖνδιξ
546 4505 742 4584 ,ἑαυτὸν
762 4506 1069 4575 ἀπέσφαξε,
1112 4509 1225 4563 τῶν
1277 4509 1394 4579 μετ’
1416 4512 1583 4565 αὐτοῦ
1614 4529 1886 4584 στρατιωη

308 4594 418 4646 τῶν
463 4578 929 4653 κινδυνευσάντων
993 4578 1387 4673 ὑπεραλγήσας
1412 4641 1427 4665 ,
1484 4604 1580 4657 καὶ
1635 4578 1775 4676 πρὸς
1825 4609 1886 4661 τὸ

305 4683 588 4753 δαιμόνιον
637 4688 1060 4760 ἀγανακτήσας,
1118 4691 1202 4744 ὅτι
1255 4693 1503 4748 τοιούτου
1557 4698 1886 4769 πράγματος

302 4774 637 4847 ὀριγνηθεὶς,
671 4779 765 4833 τοῦ
792 4782 885 4835 τὸν
912 4782 1144 4852 Νέρωνα
1171 4786 1426 4841 καθελεῖν
1456 4790 1551 4842 καὶ
1576 4793 1706 4854 τοὺς
1749 4792 1883 4845 Ῥω-

308 4869 506 4959 μαίους
567 4871 935 4943 ἐλευθερῶσαι
979 4877 1081 4931 οὐκ
1114 4877 1428 4944 ἐξετέλεσεν
1451 4883 1882 4959 αὐτό-Τοσαύτη

298 4958 408 5030 γὰρ
446 4961 729 5035 προθυμίᾳ
757 4965 895 5035 πρὸς
942 4967 1103 5021 τοῦτο
1140 4969 1440 5041 ἐχρήσατο,
1470 4971 1614 5026 ὥστε
1648 4974 1745 5028 τοῦ
1772 4958 1883 5029 Ne-

301 5067 474 5122 ρωνος
500 5054 785 5121 διακοσίας
832 5058 929 5112 καὶ⁹
968 5061 1312 5130 πεντήκοντα
1366 5066 1636 5136 μυριάδας
1681 5068 1878 5139 ἑπικη·

300 5145 562 5216 ρύξαντος
609 5149 690 5220 τῷ
748 5151 850 5223 τήν
918 5154 1166 5226 κεφαλὴν
1218 5158 1371 5227 αύτῷ
1436 5160 1724 5231 κομίσοντι
1782 5162 1879 5216 τοῦ

296 5241 602 5306 Οὐΐνδικος,
635 5246 841 5308 ἐκεῖνος
876 5246 982 5317 ἔφη
1014 5248 1097 5301 ὅτι
1138 5248 1194 5301 Ὁ
1220 5250 1467 5318 Νέρωνα
1488 5253 1879 5324 ἀποκτείνας,

296 5332 534 5400 καῒτὴν
560 5334 798 5392 ἐκείνου
821 5341 1078 5410 κομίσας
1119 5359 1225 5412 μοι
1264 5344 1545 5414 κεφαλὴν
1585 5347 1700 5411 τὴν
1725 5348 1883 5417 ἐμὴν

296 5429 695 5500 ἀντιλήψεται
758 5435 1056 5504 κεφαλήν.
1095 5436 1155 5489 ’0
1188 5436 1244 5490 δὲ
1296 5435 1511 5506 Νέρων,
1557 5437 1748 5507 μαθὼν
1783 5442 1881 5493 καὶ

2000 2935 2086 2981 tra
2121 2926 2361 2988 Judazos,
2395 2925 2488 2995 qui
2519 2925 2628 2995 jam
2660 2936 2850 2993 aperte
2878 2924 3220 2990 defecerant,
3261 2927 3435 2983 misit.
3465 2927 3588 2982 Bri-

1998 3020 2150 3073 tanni
2187 3034 2410 3089 quoque
2434 3028 2490 3073 et
2515 3018 2655 3073 Galli
2689 3018 3076 3074 exactionibus
3099 3020 3314 3090 gravari
3347 3035 3407 3076 se
3436 3059 3453 3085 ,
3482 3020 3589 3076 ini-

1997 3113 2123 3182 quis
2156 3120 2213 3167 et
2236 3113 2567 3167 exulceratis
2591 3112 2793 3165 animis
2844 3113 3224 3181 patiebantur.
3272 3113 3463 3183 Itaque
3518 3113 3584 3169 C.

1993 3207 2175 3263 Julius
2206 3206 2421 3263 Vindex
2442 3206 2706 3261 senatorii
2733 3207 2968 3273 ordinis,
3005 3217 3067 3262 ut
3099 3219 3156 3262 et
3194 3217 3352 3279 pater
3377 3206 3583 3275 fuerat,

1995 3300 2291 3370 populares
2321 3314 2450 3354 suos
2474 3298 2588 3370 jam
2614 3308 2742 3354 ante
2790 3298 2860 3354 ad
2915 3299 3286 3355 defectionem
3344 3317 3588 3373 propen-

1995 3407 2089 3448 sos
2119 3431 2134 3459 ,
2172 3391 2350 3462 magis
2379 3391 2549 3447 etiam
2595 3391 2967 3447 conciouibus
3015 3392 3324 3464 instigavit.
3378 3395 3588 3467 jureju-

1996 3485 2169 3540 rando
2199 3485 2445 3552 adactos,
2479 3500 2539 3541 se
2568 3499 2669 3555 pro
2701 3495 2900 3542 senatu
2957 3487 3274 3558 populoque
3328 3487 3584 3544 Romano

1992 3579 2246 3635 facturos
2274 3593 2400 3636 esse
2428 3579 2614 3634 omnia
2651 3599 2665 3635 :
2699 3589 2754 3635 et
2789 3581 2994 3651 ipsum,
3028 3580 3075 3636 si
3104 3580 3240 3652 quid
3291 3596 3453 3637 secus
3504 3580 3587 3637 fe-

1992 3671 2213 3737 cisset,
2259 3674 2568 3729 occisuros.
2640 3672 3041 3745 Imperatorem
3103 3688 3235 3730 vero
3284 3673 3582 3731 Servilium

1993 3764 2299 3835 Sulpicium
2338 3765 2565 3821 Galbam
2597 3766 2954 3836 designavit,
3007 3768 3186 3821 virum
3232 3767 3529 3837 patricium
3563 3805 3581 3834 ,

1995 3868 2115 3912 tum
2145 3857 2421 3927 Hispaniae
2452 3865 2746 3927 pmtorem
2783 3875 2801 3912 :
2830 3873 2896 3913 ac
2945 3858 2993 3913 is
3028 3858 3406 3929 principatum
3453 3857 3582 3927 qui-

1990 3948 2116 4003 dem
2144 3950 2410 4018 suscepit,
2450 3949 2547 4005 sed
2580 3949 2796 4018 imperii
2830 3960 3203 4020 cognomenta
3251 3957 3366 4004 tum
3418 3964 3581 4005 assu-

1989 4056 2143 4097 mere
2171 4042 2366 4103 noluit.
2396 4042 2535 4098 Cum
2567 4052 2750 4097 autem
2782 4042 3021 4098 defectio
3046 4043 3197 4099 lente
3226 4044 3578 4111 procederet.

1989 4134 2206 4189 Vindex
2238 4149 2350 4205 prce
2387 4133 2580 4189 dolore
2606 4144 2835 4205 propter
2868 4135 3107 4190 militum
3161 4151 3388 4191 suorum
3423 4135 3579 4205 peri-

1992 4229 2178 4283 culum
2225 4227 2331 4283 sibi
2382 4228 2487 4297 ipsi
2528 4242 2727 4283 manus
2771 4227 2993 4292 attulit,
3054 4226 3292 4282 fortunat
3341 4226 3524 4284 iratus
3557 4268 3575 4296 ,

1991 4321 2137 4390 quod
2174 4329 2282 4373 tam
2312 4318 2638 4388 praeclarum
2671 4317 2888 4373 facinus
2916 4317 3207 4373 occidendi
3238 4317 3476 4374 Neronis
3519 4329 3579 4375 et

1989 4412 2178 4482 populi
2210 4412 2446 4467 Romani
2483 4408 2764 4471 liberandi
2792 4409 2859 4464 ad
2883 4409 3095 4465 exitum
3124 4410 3432 4480 perducere
3456 4425 3573 4467 non
3654 4429 3664 4440 '

1988 4504 2280 4577 potuisset.
2306 4503 2464 4570 Quod
2492 4511 2643 4558 tanta
2671 4502 2960 4558 alacritate
3010 4502 3082 4557 ab
3130 4517 3200 4557 eo
3253 4511 3575 4572 susceptum

1988 4599 2114 4662 fuit,
2149 4606 2209 4651 ut
2237 4612 2365 4651 eum
2402 4594 2546 4651 Nero
2574 4594 2662 4651 bis
2693 4595 2894 4651 millies
2939 4604 2997 4651 et
3025 4594 3375 4666 quingenties
3426 4594 3577 4650 mille

1988 4687 2279 4742 drachmas
2300 4689 2352 4741 ei
2392 4685 2766 4756 promitteret,
2800 4685 2896 4756 qui
2953 4685 3059 4741 sibi
3114 4686 3366 4741 Vindicis
3410 4694 3579 4755 caput

1987 4778 2284 4843 attulisset,
2313 4778 2536 4844 dixerit,
2567 4778 2694 4832 seei
2737 4779 2830 4849 qui
2881 4776 3108 4833 Neronis
3157 4778 3423 4849 interfecti
3478 4777 3580 4832 sibi

1986 4879 2146 4941 caput
2179 4869 2484 4935 attulisset,
2518 4887 2676 4926 suum
2710 4879 2874 4942 caput
2897 4872 3126 4926 vicissim
3153 4871 3410 4926 daturum
3444 4885 3576 4926 esse.

1985 4979 2133 5036 Nero
2158 4995 2291 5035 vero
2321 4996 2448 5036 cum
2499 4979 2822 5037 Petronium
2871 4995 3095 5055 quoque
3122 5021 3138 5045 ,
3198 4988 3392 5035 contra
3431 4978 3579 5034 sedi-

1988 5073 2161 5129 tiosos
2191 5089 2316 5129 cum
2347 5075 2538 5146 majori
2570 5083 2727 5146 parte
2759 5075 3044 5147 copiarum
3081 5074 3424 5145 praemissum
3447 5114 3463 5140 ,
3503 5071 3574 5127 ad

1984 5162 2214 5220 Galbam
2239 5165 2510 5222 defecisse
2540 5166 2911 5237 cognovisset,
2948 5182 3044 5237 spe
3089 5179 3368 5221 armorum
3422 5162 3576 5234 abje-

1984 5268 2096 5324 cta,
2130 5258 2189 5313 in
2217 5260 2403 5313 animo
2438 5259 2654 5326 habuit,
2689 5269 2883 5315 senatu
2921 5259 3140 5324 occiso,
3173 5266 3231 5311 et
3291 5255 3430 5310 urbe
3482 5257 3573 5309 in-

1983 5367 2171 5417 censa,
2207 5353 2466 5423 navigare
2496 5351 2881 5408 Alexandriam
2911 5367 2924 5403 :
2962 5360 3129 5422 atque
3163 5348 3368 5420 adjecit
3399 5363 3415 5401 :
3449 5346 3571 5401 Etsi

1983 5444 2208 5515 imperio
2240 5444 2611 5511 exciderimus,
2645 5451 2822 5497 tamen
2853 5440 2967 5495 illic
3002 5457 3092 5495 ars
3122 5456 3216 5495 nos
3265 5437 3390 5493 alet.
3436 5436 3570 5506 Qua

1506 5596 1704 5659 Variae
1756 5597 2066 5666 lectiones
2109 5610 2169 5664 et
2204 5612 2395 5666 notae.

372 5748 448 5814 (ι)
490 5750 757 5816 Οὺΐνδιξ.
818 5751 922 5824 Qui
954 5754 1133 5821 Βίνδιξ
1201 5756 1360 5811 Dioni
1413 5755 1512 5812 lib.
1554 5772 1707 5821 txus,
1752 5771 1872 5827 pag.
1913 5756 2040 5812 725;.
