4048 6404
501 346 609 417 ῖϐῗι

1763 337 2081 401 ῙΟΑΝΝΙΞ
2115 329 2440 395 ΖΟΝΑΒιΕ

3636 320 3729 386 964

501 472 633 527 dum
670 466 924 539 agitaret,
952 462 1178 521 senatus
1208 462 1326 537 ejus
1356 459 1613 533 prmsidio
1664 468 1889 513 avocato
1919 498 1932 521 ,
1986 472 2076 509 ca-

2194 452 2271 506 τὸν
2305 445 2637 520 Πετρώνιον,
2694 444 2754 498 δν
2805 444 2952 498 κατά
2998 442 3110 498 τῶν
3159 440 3578 499 ἐπαναστάντων
3606 451 3731 512 μετα

503 574 617 619 stra
653 563 953 630 ingressus,
987 557 1261 611 Neronem
1300 553 1513 607 hostem
1537 549 1825 620 judicavit,
1869 558 1922 601 ct
1950 546 2076 600 Gal-

505 650 632 705 bam
657 651 777 717 ejus
806 649 925 700 loco
957 648 1341 715 imperatorem
1369 641 1599 696 creavit.
1636 639 1782 693 Nero
1835 637 1927 690 ubi
1957 652 2015 690 se
2049 651 2078 688 a

504 744 664 813 571
696 739 1027 794 satellitibus
1055 736 1380 791 destitutum
1416 748 1538 789 esse
1571 732 1706 786 vidit
1728 771 1741 794 ,
1782 730 1875 783 vili
1929 739 2080 782 veste

506 836 722 895 induta,
755 842 810 886 et
842 830 1009 885 simili
1036 843 1179 898 equo
1230 841 1574 890 conscenso,
1616 832 1765 878 .terta
1817 820 1955 875 facie
2014 834 2081 872 ne

504 932 912 994 agnosceretur,
966 927 1133 972 noctu
1192 931 1316 971 cum
1371 912 1743 984 Epaphrodito
1787 920 1843 965 et
1904 909 2081 979 Sporo

505 1014 664 1084 fugit.
698 1011 952 1081 Agnitus,
994 1019 1049 1062 et
1076 1009 1144 1063 ab
1176 1007 1339 1061 obvio
1370 1005 1607 1075 quodam
1641 1004 1941 1071 imperator
1995 1015 2083 1053 sa-

506 1105 757 1166 lutatus,
806 1102 888 1154 via
931 1100 1233 1164 declinata,
1296 1098 1349 1151 in
1405 1094 1603 1150 culmis
1647 1109 1706 1149 se
1759 1090 2079 1147 occultavit.

506 1195 747 1264 Pupulus
780 1194 1080 1254 Romanus,
1123 1206 1248 1243 cum
1286 1188 1574 1243 diluxisset
1604 1226 1620 1251 ,
1649 1184 1846 1256 gaudio
1892 1182 2082 1237 exsul-

504 1294 650 1347 tans,
683 1286 870 1338 urbem
902 1267 1122 1336 coronis
1154 1280 1401 1349 implevit
1438 1295 1451 1331 :
1482 1277 1704 1347 quidam
1754 1276 1920 1330 etiam
1948 1314 1962 1337 ,
2021 1281 2081 1326 ut

509 1378 563 1430 in
599 1378 911 1429 libertatem
950 1372 1166 1434 asserti,
1201 1370 1382 1440 pileati
1415 1370 1469 1423 in
1532 1370 1810 1439 publicum
1864 1366 2084 1437 prodie-

508 1477 657 1520 runt.
693 1466 946 1527 Senatus,
974 1479 1035 1517 ea
1068 1478 1189 1531 qua:
1233 1463 1618 1532 imperatorem
1671 1460 1912 1522 decent,
1956 1457 2083 1511 Gal-

504 1558 590 1613 ba!
619 1556 884 1611 decrevit.
914 1555 1076 1609 Plebs
1107 1554 1380 1608 Neronem
1411 1562 1467 1607 et
1493 1553 1697 1607 salibus
1727 1551 1992 1610 incessit,
2028 1558 2084 1603 et

505 1651 709 1705 multos
740 1650 833 1718 qui
865 1646 1010 1717 apud
1045 1660 1173 1702 eum
1203 1654 1453 1716 potentes
1503 1646 1723 1699 fuerant
1752 1683 1767 1708 ,
1824 1643 2086 1696 interem-

505 1751 631 1813 ptos
655 1756 754 1810 per
784 1740 925 1793 viam
956 1740 1139 1791 traxit.
1180 1737 1383 1792 Milites
1407 1746 1460 1788 et
1489 1736 1585 1790 alii
1617 1734 1889 1788 Neronem
1933 1747 2085 1802 quae-

2178 542 2273 595 τοῦ
2309 541 2557 601 πλείονος
2592 538 3067 607 προεπεμπόμφει
3098 536 3530 607 στρατεύματος,
3561 536 3623 586 τὰ
3648 532 3734 588 τοῦ

2179 632 2362 686 Γάλϐα
2421 628 2792 699 φρονήσαντα,
2852 625 3035 679 οὐκέτ’
3090 626 3352 692 οὐδεμίαν
3407 624 3594 676 ἐλπίδα
3638 624 3737 675 τῶν

2182 723 2364 777 ὅπλων
2409 722 2591 790 ἔσχεν,
2653 718 2769 772 ἀλλ’
2797 716 3164 769 ἐϐουλεύσατο
3211 715 3340 778 τούς
3367 732 3428 768 τε
3472 713 3737 784 βουλευτὰς

2184 817 2508 870 ἀποκτεῖναι
2541 811 2640 865 καὶ
2678 811 2775 880 τὴν
2804 810 2961 863 πόλιν
2991 810 3350 879 καταπρῆσαι
3380 806 3475 859 καὶ
3526 803 3737 859 πλεῦσαι

2182 909 2260 971 εἰς
2301 904 2737 975 Ἀλεξάνδρειαν,
2771 900 3019 954 ὑπειπὼν
3048 904 3130 953 ὅτι
3163 902 3273 954 "Ar
3294 899 3391 952 καὶ
3427 898 3533 962 τῆς
3569 895 3740 966 ἀρχῆς

2178 996 2549 1063 ἐκπέσωμεν,
2586 993 2746 1046 ἀλλὰ
2775 993 2843 1045 τό
2866 1008 2932 1059 τε
2967 991 3211 1057 τεχνίον
3256 987 3416 1057 ἡμᾶς
3459 986 3741 1053 διαθρέψει

2182 1087 2322 1143 ἑλεῖ.
2346 1086 2646 1149 Μέλλοντος
2673 1085 2729 1137 δὲ
2754 1084 2928 1136 ταῦτα
2956 1084 3242 1154 πράσσειν,
3267 1084 3301 1151 ἡ
3328 1080 3489 1151 βουλὴ
3512 1079 3604 1149 τὴν
3629 1077 3742 1146 περὶ

2183 1178 2277 1230 τὸν
2308 1178 2540 1248 Νέρωνα
2580 1175 2830 1245 φρουρὰν
2887 1173 3285 1226 ἀποκαλέσασα
3321 1171 3568 1240 εἰσῆλθεν
3596 1170 3667 1231 εις
3689 1170 3740 1219 τὸ

2185 1270 2556 1338 στρατόπεδον
2590 1267 2690 1337 (2),
2726 1265 2825 1318 atat
2848 1265 2940 1318 τὸν
2967 1266 3066 1335 μὲν
3087 1264 3348 1332 πολέμιον
3377 1262 3637 1330 ἀπέφηνε,
3662 1258 3741 1311 τὸν

2183 1362 2240 1415 δὲ
2294 1360 2508 1413 Γάλϐαν
2562 1358 2840 1411 ἀνθεελετο
2892 1357 3300 1426 αὐτοκράτορα.
3343 1354 3535 1425 Νέρων
3560 1353 3633 1418 δὲ,
3677 1351 3742 1412 ὡς

2183 1454 2386 1525 ᾔσθετο
2456 1451 2540 1503 ὅτι
2595 1450 2699 1502 ὑπὸ
2740 1449 2847 1501 τῶν
2915 1448 3173 1516 φυλάκων
3240 1443 3739 1512 ἐγκαταλέλειπται,

2187 1545 2397 1613 ἐσθῆτά
2427 1560 2485 1594 τε
2515 1541 2730 1610 φαύλην
2774 1540 2949 1604 ἐνέδυ,
2974 1538 3072 1592 καὶ
3123 1537 3219 1589 ὲπ)⁵
3256 1536 3426 1590 ἵππον
3463 1535 3611 1587 οὐδὲν
3641 1531 3746 1600 βελ-

2185 1636 2336 1688 τίονα
2371 1633 2562 1703 ἀνέϐη,
2615 1632 2710 1685 καὶ
2755 1629 3289 1698 κατακαλυψάμενος
3339 1627 3487 1686 ὅπως
3519 1623 3739 1692 δαλάθῃ,

2193 1728 2334 1795 μετά
2371 1724 2766 1793 Ἐπαφροδίτου
2811 1723 2906 1776 καὶ
2953 1722 3047 1774 τοῦ
3082 1722 3295 1790 Σπόρου
3344 1719 3535 1780 νυκτὸς
3574 1716 3740 1785 ἔφυγε.

2125 1808 2161 1861 Β
2191 1820 2519 1888 Γνωρισεὶς
2551 1817 2608 1869 δὲ
2633 1816 2709 1877 ὡς
2739 1816 2835 1869 καὶ
2869 1816 3023 1882 παρά
3050 1831 3144 1869 του
3200 1813 3310 1866 τῶν
3333 1809 3744 1878 ἀπαντησάντων

2186 1911 2548 1982 αὐτοκράτωρ
2601 1908 3139 1982 προσαγορευθῆναι,
3199 1906 3300 1975 τῆς
3349 1902 3469 1957 ὀδοῦ
3527 1899 3744 1968 ἀπετρά-

2185 2019 2342 2068 πετο,
2374 2004 2470 2057 καὶ
2527 2003 2608 2064 εἰς
2655 2002 2958 2069 καλαμωδη
3015 2001 3179 2051 τόπον
3212 1997 3343 2050 τινά
3392 1990 3741 2060 κατεκρύφθη.

2199 2094 2259 2148 '0
2318 2095 2374 2146 δὲ
2427 2094 2600 2162 δῆμος
2648 2092 2708 2144 ὲν
2749 2095 2820 2163 τῇ
2870 2092 3062 2161 Ῥώμῃ
3119 2089 3245 2142 ἐπεὶ
3295 2088 3481 2157 ἡμέρα
3523 2089 3740 2152 ἐγένετο.

2189 2185 2583 2255 ὑπερέχαιρον,
2615 2186 2710 2236 καὶ
2732 2185 2831 2253 τὴν
2866 2182 3023 2234 πόλιν
3055 2180 3504 2250 στεφανωμάτων
3526 2176 3745 2244 ἐπλήρωο

2193 2295 2314 2339 σαν,
2356 2277 2454 2329 καί
2478 2293 2622 2333 τινες
2655 2277 2751 2327 καὶ
2783 2275 2939 2326 πιλία
2965 2276 3039 2336 ὼς
3069 2271 3512 2343 ἠλευθερωμένοι
3543 2266 3734 2337 ἔφερόν,

2195 2370 2292 2424 καὶ
2322 2370 2356 2439 ἡ
2388 2367 2552 2438 βουλὴ
2575 2370 2653 2437 τῷ
2685 2366 2869 2439 Γάλϐα
2893 2367 2961 2420 τὰ
2986 2369 3052 2437 τῇ
3088 2367 3231 2436 ἀρχῇ
3259 2366 3598 2435 προσήκοντα
3626 2359 3741 2428 ἑψη-

2199 2462 2419 2532 φίσατο.
2458 2460 2518 2512 'U
2546 2460 2603 2513 δὲ
2638 2460 2826 2528 ὅμιλος
2853 2459 2933 2521 εἷς
2950 2475 3011 2511 τε
3033 2458 3126 2510 τὸν
3142 2459 3375 2529 Νέρωνα
3395 2455 3742 2513 ἀπέσκωπτον,

2197 2554 2294 2607 καὶ
2327 2555 2556 2623 συχνοὺς
2585 2553 2693 2605 τῶν
2726 2552 2857 2623 παρ’
2884 2551 3051 2603 αὐτοῦ
3084 2550 3428 2619 δυνηθέντων
3460 2545 3747 2615 φονεύοντες

2198 2640 2406 2699 εἷλκον.
2450 2645 2693 2699 Ἐκεινου
2721 2645 2781 2698 δὲ
2820 2644 3050 2715 ζήτησιν
3072 2644 3122 2697 οἱ
3149 2643 3486 2713 στρατιῶται
3507 2640 3597 2703 καὶ
3616 2636 3744 2692 ἄλλοι

2194 2742 2516 2812 πεποίηντο,
2549 2741 2647 2794 καὶ
2672 2739 2897 2809 γνόντες
2947 2740 3076 2793 ὅποι
3100 2738 3231 2792 ποτὲ
3262 2733 3353 2809 ἦν,
3398 2733 3640 2803 ἔπεμψαν
3669 2725 3743 2780 ἐπ’

2194 2835 2360 2890 αὑτὸν
2413 2834 2638 2897 ἱππέας.
2680 2834 2741 2886 '0
2790 2832 2848 2885 δὲ
2905 2832 3233 2903 προσιόντας
3284 2831 3477 2891 αὐτοὺς
3518 2822 3743 2891 αἱσθόμε-
3787 2899 3794 2908 Ι

506 1842 760 1893 tutantes,
794 1845 921 1886 cum
951 1828 1193 1882 latebras
1218 1826 1589 1897 iudagasseut,
1618 1825 1834 1893 equites
1893 1833 2084 1878 contra

503 1936 631 1977 eum
675 1922 965 1975 miserunt.
991 1919 1143 1985 Quos
1171 1932 1296 1971 cum
1328 1916 1626 1970 adventare
1656 1915 1955 1979 sensisset,
1989 1928 2082 1967 co-

506 2019 675 2071 mites
698 2016 862 2084 jussit
888 2021 943 2067 et
973 2016 1151 2080 Ipsum
1190 2017 1247 2064 et
1276 2009 1602 2077 semctipsos
1645 2007 1920 2062 occidere.
1947 2005 2083 2073 Qui-

507 2105 611 2159 bus
646 2117 756 2158 non
788 2101 1092 2165 obsecutis,
1125 2097 1415 2169 ingemuit.
1473 2097 1677 2151 Deinde
1728 2096 1960 2166 Sporum
2014 2095 2088 2150 ir-

507 2196 615 2250 ritu
642 2202 839 2248 conatu
873 2192 1128 2247 oecidere
1157 2205 1447 2261 aggressus
1480 2208 1492 2243 :
1535 2189 1644 2258 Ego
1664 2188 1810 2241 solus
1832 2228 1845 2250 ,
1884 2188 2085 2257 inquit,

508 2302 604 2341 nec
629 2287 858 2339 amirum
881 2284 1069 2344 habeo,
1100 2298 1192 2335 nec
1218 2282 1492 2335 inimicum
1543 2281 1681 2334 Cum
1720 2282 1831 2351 jam
1870 2281 1923 2335 in
1956 2296 2088 2351 pro-

510 2380 661 2434 ximo
690 2386 875 2432 essent
911 2376 1147 2445 equites,
1186 2373 1296 2429 ictu
1327 2374 1431 2428 sibi
1464 2374 1614 2427 illato
1642 2390 1656 2427 :
1688 2374 1831 2427 Proh
1855 2373 2086 2445 Jupiter,

510 2471 713 2540 inquit,
745 2467 918 2538 qualis
952 2466 1149 2536 artifex
1177 2466 1376 2536 pereo?
1407 2464 1790 2519 liloribundum
1817 2505 1833 2531 ,
1868 2476 1923 2520 et
1945 2481 2087 2537 aegre

508 2566 765 2636 spiritum
808 2563 1140 2627 trahentem,
1166 2561 1573 2630 Epapltroditus
1618 2563 1781 2630 plane
1828 2561 2087 2616 confecit.

512 2657 688 2714 Periit
722 2669 911 2710 mense
943 2654 1087 2709 Julio
1113 2669 1126 2705 :
1155 2654 1290 2706 vixit
1315 2667 1487 2706 annos
1516 2651 1736 2722 triginta
1762 2692 1778 2717 ,
1835 2666 2090 2718 menses,

510 2747 777 2817 quinque,
803 2746 923 2800 dies
951 2742 1144 2814 viginti
1183 2759 1199 2809 ;
1249 2743 1538 2812 imperavit
1567 2756 1743 2797 annos
1785 2742 2050 2797 tredecim
2070 2782 2086 2806 ,

512 2853 731 2893 menses
762 2846 909 2900 octo,
960 2835 1132 2890 biduo
1184 2834 1390 2888 minus.
1431 2833 1636 2889 Octavo
1691 2834 1812 2905 ejus
1870 2834 2088 2905 imperii

510 2945 657 2984 anno
684 2970 699 2994 ,
740 2931 952 2997 primus
998 2934 1123 2995 post
1172 2925 1413 2979 Marcum
1456 2926 1764 2988 apostolum
1815 2932 1875 2979 et
1924 2940 2093 2980 evan-

2194 2943 2285 2990 νος
2316 2926 2418 2998 (5),
2452 2926 2754 2998 προσέταξε
2775 2927 2885 2990 τοῖς
2916 2925 3155 2994 παροῦσι
3176 2924 3274 2976 καὶ
3295 2923 3485 2977 ἑαυτὸν
3507 2918 3594 2973 καὶ
3620 2913 3741 2984 σφᾶς

511 3020 762 3092 gelistam
797 3018 1143 3074 Alexandria:
1172 3016 1468 3086 episcopus
1492 3015 1672 3071 factus
1696 3026 1782 3071 est
1819 3016 2088 3073 Anianus.

2196 3022 2547 3077 ἀποκτεῖναι.
2592 3021 2681 3081 Ὠς
2706 3019 2753 3074 δ’
2788 3021 2886 3090 οὐχ
2936 3020 3236 3088 ὑπήκοῦον,
3275 3016 3417 3088 μέγα
3469 3007 3740 3074 ἐστέναξεν.

513 3112 647 3168 Εἶτα
683 3116 779 3168 τὸν
811 3115 1024 3183 Σπόρον
1049 3114 1262 3168 ἀνελεῖν
1291 3111 1553 3181 θελήσας,
1583 3112 1678 3164 καὶ
1711 3113 1786 3182 μὴ
1815 3112 2086 3183 δυνηθεὶς,
2353 3120 2559 3184 μόνος,
2611 3117 2738 3189 εφη,
2785 3117 2924 3171 οὔτε
2952 3117 3136 3185 φίλον
3180 3114 3322 3169 οὔτε
3357 3112 3567 3183 ἐχθρὸν
3623 3107 3740 3175 ἔχω.

515 3209 628 3260 Καὶ
663 3208 764 3279 ήδη
829 3206 1183 3260 πελασάντων
1220 3205 1331 3258 τῶν
1394 3205 1640 3269 ἱππέων,
1687 3206 1850 3269 αὐτὸς
1895 3209 2090 3261 ἑαυτὸν
2129 3211 2421 3277 ἐπάταξεν,
2464 3212 2635 3265 εἰπών
2666 3228 2683 3244 ο
2712 3207 2788 3269 Ὦ
2848 3211 2964 3267 Ζεῦ
3002 3211 3101 3280 (4),
3126 3204 3248 3272 οἶος
3280 3209 3557 3279 τεχνίτης
3581 3200 3768 3258 drmit“

511 3299 740 3366 λυμαιέ
800 3297 1247 3350 δυσθανατοῦντα
1303 3297 1347 3350 δ’
1406 3296 1571 3350 αὐτὸν
1617 3299 1644 3350 ὁ
1705 3296 2099 3368 Ἐπαφρόδιτος
2137 3304 2711 3373 προσκατειργάσατο.
2780 3304 2838 3358 ’0
2911 3303 3010 3374 μὲν
3056 3300 3152 3357 οὖν
3177 3300 3326 3356 οὖτω
3354 3301 3491 3355 κατά
3510 3300 3595 3353 τὸν
3635 3290 3743 3347 Ἰού-

514 3392 631 3444 λιον
691 3390 1015 3458 ἐτελεύτησε
1070 3388 1240 3458 μῆνα,
1302 3387 1453 3459 βιοὺς
1487 3389 1580 3459 ἐτη
1626 3390 1926 3460 τριάκοντα
1977 3393 2115 3463 πρὸς
2175 3394 2313 3465 μησὶ
2379 3396 2543 3448 πέντε
2604 3396 2701 3449 καὶ
2757 3395 2994 3466 ἡμέραις
3027 3395 3276 3448 εἴκοσινο
3351 3394 3441 3462 ἀφ’
3489 3386 3559 3445 ὧν
3600 3384 3740 3458 ἦρξεν

515 3488 612 3557 ετη
670 3483 1048 3554 τρισκαίδεκα,
1098 3485 1194 3537 καὶ
1259 3485 1435 3554 μῆνας
1468 3484 1637 3551 ὀκτὼ,
1671 3484 1818 3539 δυοῖν
1848 3488 2092 3557 ἡμέραιν
2127 3489 2370 3553 δέοντας.
2445 3491 2536 3544 Ἐν
2588 3491 2648 3545 δὲ
2698 3491 2776 3562 τῷ
2820 3491 2994 3561 ὀγδόῳ
3053 3492 3154 3558 τῆς
3206 3491 3404 3543 τούτου
3474 3482 3742 3557 μοναρχίας

516 3579 629 3630 ιτει
688 3575 906 3645 πρῶτος
967 3574 1267 3636 ἐπίσκοπος
1342 3573 1759 3646 Ἀλεξανδρείας
1836 3579 1977 3648 μετὲ
2033 3577 2127 3632 τὸν
2166 3580 2468 3635 ἀπόστολον
2519 3582 2613 3634 καὶ
2667 3582 3066 3651 εὐαγγελιστὴν
3109 3581 3341 3652 Μάρκον
3384 3579 3610 3639 Ἀνιανὸς
3664 3574 3742 3639 τέ’

517 3682 697 3737 γονεν.

597 3760 738 3816 XIV.
771 3757 947 3814 Galba
978 3764 1103 3828 post
1139 3756 1375 3813 Neronis
1401 3756 1708 3824 interitum,
1744 3759 1970 3815 decreto
1995 3761 2101 3816 sibi
2130 3775 2171 3833 ο

517 3872 553 3912 a
578 3868 773 3911 sA-natu
811 3856 1146 3925 principatu,
1182 3856 1347 3909 etiam
1381 3856 1504 3910 Βυίί
1537 3858 1709 3926 copiis
1736 3869 1932 3914 auctus
1961 3900 1976 3924 ,
2001 3875 2097 3913 re-

521 3950 672 4019 cepit
712 3952 954 4002 animum
994 3967 1005 4001 :
1035 3956 1129 4004 sed
1155 3947 1387 4003 Czcsaris
1411 3949 1833 4018 appellationem
1866 3967 1973 4005 non
2005 3951 2101 4005 ad—

522 4041 694 4102 misit,
723 4055 827 4094 nec
856 4042 1204 4109 imperatoris
1230 4054 1430 4093 nomen
1461 4040 1517 4093 in
1546 4042 1669 4094 ullis
1702 4040 1905 4096 litteris
1947 4059 2102 4096 usur-

520 4134 674 4202 pavit
700 4132 1017 4200 priusquam
1046 4132 1207 4202 legati
1240 4147 1270 4184 a
1314 4141 1507 4186 senatu
1557 4132 1929 4187 advenissent.
1991 4133 2101 4188 Eos

523 4225 617 4293 qui
645 4226 746 4279 sub
777 4224 997 4279 Nerone
1022 4225 1158 4279 alios
1215 4226 1531 4279 calutnniati
1567 4237 1718 4280 erant
1741 4266 1755 4291 ,
1802 4238 1900 4281 aut
1953 4227 2103 4281 falsis

526 4317 859 4371 testimoniis
890 4327 1325 4385 oppresserant,-
1373 4317 1644 4387 supplicio
1694 4318 1898 4373 affecit.
1948 4317 2102 4373 Servi

521 4408 619 4478 qui
651 4408 905 4462 dominos
936 4406 1100 4462 dictis
1128 4407 1357 4462 factisve
1407 4407 1662 4462 laeserant
1687 4447 1702 4470 ,
1732 4408 1814 4463 eis
1874 4408 1940 4463 ad
1989 4424 2105 4478 pce-

524 4515 651 4554 nam
685 4498 857 4553 dediu
896 4515 910 4550 :
944 4498 1193 4568 pecuniae
1219 4507 1275 4553 et
1305 4499 1681 4567 possessiones
1703 4538 1718 4563 ,
1770 4513 1908 4568 quas
1961 4498 2106 4554 Nero

527 4594 783 4656 donarat,
816 4591 1068 4660 repetita:
1092 4600 1239 4645 sunt.
1274 4590 1358 4645 Ab
1385 4590 1579 4645 eodem
1613 4591 1684 4646 ob
1708 4591 1929 4645 crimen
1964 4591 2104 4646 laesae

528 4684 828 4752 majestatis
875 4682 932 4736 in
995 4682 1248 4737 exsilium
1306 4685 1503 4738 missos
1531 4723 1545 4745 ,
1609 4683 1931 4737 revocavit:
1979 4698 2104 4738 ossa

524 4789 722 4829 eorum
760 4774 853 4843 qui
880 4789 949 4828 ex
989 4774 1342 4844 imperatorio
1369 4788 1567 4844 genere
1591 4771 1761 4827 occisi
1788 4782 1987 4836 erant,
2049 4774 2105 4827 in

527 4865 757 4936 Augusti
807 4874 1227 4919 monumentum
1281 4865 1503 4929 intulit,
1553 4879 1855 4934 eorumque
1898 4873 2109 4919 statuas

530 4955 795 5025 repOsuit.
826 4955 1096 5012 Czeterum
1130 4971 1254 5010 cum
1288 4957 1352 5011 A.
1399 4956 1678 5012 Vitellium
1703 4973 1733 5010 a
1763 4956 2108 5012 Germanicis

527 5048 839 5118 legionibus
866 5049 1257 5119 imperatorem
1291 5049 1585 5105 salutatum
1612 5064 1734 5104 esse
1763 5049 2064 5104 audivisset
2088 5066 2102 5102 :

2277 3762 2376 3819 IA'.
2435 3763 2652 3827 Γάλϐας
2711 3762 2757 3816 δ’
2816 3764 2939 3816 ἐπεὶ
2988 3762 3016 3813 ὁ
3063 3763 3257 3834 Νέρων
3305 3763 3587 3833 διέφθαρτο
3611 3757 3742 3825 καὶὴ

2205 3857 2370 3929 βουλὴ
2391 3858 2488 3927 τὴν
2504 3858 2680 3928 ἀρχὴν
2704 3856 2853 3926 αὐτῷ
2877 3857 3179 3926 ἐψηφίσατο
3202 3860 3299 3910 καὶ
3323 3859 3351 3911 ὁ
3388 3855 3602 3924 Ῥοῦφος
3621 3849 3745 3917 αὐτῷ

2203 3949 2650 4020 προσεχώρησεν,
2674 3949 3069 4019 ἀνεθάρσησεν,
3090 3950 3148 4001 οὐ
3173 3950 3360 4019 μέντοι
3385 3951 3476 4002 καὶ
3494 3949 3551 3999 τὸ
3571 3943 3746 3997 Καίσα-

2207 4061 2297 4114 ρος
2326 4042 2588 4096 ἀνέλαϐεν
2608 4043 2802 4111 ὄνομα,
2830 4044 2961 4112 πρὶν
2994 4045 3119 4105 τοὺς
3153 4042 3251 4112 τῆς
3286 4043 3479 4112 βουλῆς
3504 4034 3743 4108 πρεσϐευ·

2203 4136 2300 4198 τάς
2336 4134 2469 4205 πρὸς
2501 4134 2662 4187 αὐτὸν
2689 4133 2888 4197 ἐλθεῖν,
2921 4133 3035 4185 ἀλλ’
3064 4133 3186 4185 οὐδὲ
3222 4133 3282 4186 τὸ
3329 4133 3420 4186 τοῦ
3447 4124 3744 4197 αὐτοκράτο-

2209 4244 2299 4299 ρος
2330 4227 2595 4298 πρότερον
2638 4228 2719 4289 εἰς
2753 4226 2908 4278 οὐδὲν
2943 4224 3176 4296 γράμμα
3232 4224 3609 4293 ὲνεγεγράςρεν
3638 4215 3743 4274 τοὺς

2203 4320 2258 4373 δὲ
2284 4318 2805 4387 συκοφαντήσαντας
2831 4334 2982 4381 τινας
3002 4318 3095 4370 ἐπὶ
3117 4317 3211 4370 τοῦ
3235 4300 3502 4389 Νέρωνος,
3530 4306 3744 4382 ἧψευδν

2213 4412 2700 4482 μαρτυρήσαντας,
2731 4410 2961 4463 ἐκόλασε
3003 4411 3112 4464 Καὶ
3140 4411 3190 4462 οἱ
3220 4409 3395 4463 δοῦλοι
3428 4408 3475 4461 οἱ
3505 4403 3632 4458 κατὰ
3654 4398 3743 4451 τῶν

2204 4501 2483 4555 δεσποτῶν
2521 4501 2830 4573 πράξαντές
2890 4518 2942 4553 τι
2972 4502 3003 4571 ἧ
3032 4502 3276 4565 εἰπόντες
3337 4501 3515 4561 αὐτοῖς
3544 4493 3742 4549 ἐκείνοις

2208 4594 2301 4645 ἐπὶ
2334 4590 2575 4663 τιμωρίᾳ
2606 4590 3006 4667 παρεδόθησαν.
3059 4593 3167 4643 Καὶ
3212 4591 3279 4642 τὰ
3310 4591 3556 4660 χρήματα
3588 4580 3638 4634 δὲ
3664 4574 3742 4629 καὶ

2207 4689 2275 4740 τα
2299 4687 2579 4756 κτήματα,
2609 4687 2710 4739 ὅσα
2734 4696 2880 4749 τινες
2913 4703 2988 4738 πα
3000 4685 3065 4755 ρὰ
3084 4685 3178 4738 τοῦ
3200 4686 3446 4757 Νέρωνος
3460 4679 3739 4746 εἰλήφεσαν,

2209 4779 2492 4849 ἀπῃτεῖτο.
2522 4778 2660 4841 Tati;
2725 4794 2789 4846 γε
2841 4779 2949 4847 μὴν
2981 4778 3072 4831 ὑπ’
3096 4777 3309 4833 ἐκείνου
3344 4767 3742 4849 φυγαδευθέντας

2208 4868 2283 4931 ὡς
2302 4848 2658 4938 ἠσεϐηκότας
2689 4886 2742 4922 τι
2781 4872 2860 4932 εἰς
2890 4870 3055 4923 αὐτὸν
3095 4870 3399 4938 κατήγαγε,
3423 4866 3514 4919 καὶ
3543 4860 3603 4913 τά
3630 4848 3741 4908 ὀστᾶ

2210 4958 2318 5010 τῶν
2367 4960 2433 5010 ἐκ
2486 4957 2581 5011 τοῦ
2633 4957 2915 5028 βασιλικοῦ
2959 4958 3154 5025 γένους
3204 4958 3518 5026 σφαγέντων
3568 4950 3639 5008 εἰς
3690 4940 3740 4989 τὸ

2210 5049 2304 5101 τοῦ
2338 5049 2651 5116 Αὐγούστου
2702 5052 2971 5119 μνημεῖον
3017 5051 3371 5120 μετεκόμισε,
3415 5050 3506 5102 καὶ
3541 5044 3627 5101 τὶς
3659 5031 3741 5084 (ιδ’

528 5137 594 5194 L.
628 5139 905 5204 Pisonem,
964 5139 1372 5193 adolescentem
1416 5137 1700 5203 nobilem,
1756 5143 2093 5203 modestum,

2210 5141 2320 5193 τῶν
2356 5140 2573 5203 εἰκόνας
2623 5142 3094 5213 ἀποκατέστησεν.
3124 5143 3189 5196 Ol
3217 5142 3278 5195 δὲ
3316 5143 3373 5195 ὲν
3403 5140 3518 5199 ταῖς
3550 5132 3585 5186 Γ
3587 5138 3740 5199 ερμα’

1714 5278 1913 5338 Variae
1945 5277 2249 5339 lectiones
2296 5284 2357 5339 et
2392 5288 2579 5340 notae.

607 5410 682 5477 (‘2)
720 5407 1152 5475 Στρατόπεδον.
1183 5405 1473 5462 Stationem
1495 5408 1717 5462 militum
1756 5418 1916 5465 vocat
1958 5407 2098 5463 Sue-

532 5483 741 5543 tonius,
774 5480 983 5532 scilicet
1012 5479 1493 5537 Przetorianorum,
1544 5481 1635 5548 qui
1663 5480 1810 5533 cirva
1838 5480 2098 5547 palatium

534 5551 889 5618 imperatoris
915 5550 1278 5603 excubabant.
1301 5549 1376 5601 lta
1407 5550 1545 5603 infra
1572 5555 1711 5604 hanc
1731 5565 1917 5603 vocent
1945 5566 2104 5601 usur-

534 5630 628 5687 pat
667 5622 719 5669 in
762 5619 1069 5682 Pcrtinace,
1106 5630 1160 5674 et
1187 5619 1342 5675 alibi.
1378 5619 1514 5674 Vide
1544 5619 1722 5674 Gloss.
1770 5621 1913 5672 med.
1950 5620 2102 5673 Gran-

486 5718 490 5722 α
535 5690 633 5742 cit.
671 5688 723 5738 itt
751 5688 851 5741 hac
877 5704 1028 5743 voce.

611 5755 691 5823 (5)
728 5759 1086 5822 ΙΙροιηόιτας
1122 5758 1345 5823 αὐτοὺς
1373 5760 1749 5829 αἰσθόμενος.
1812 5759 1891 5813 lta
1943 5759 2108 5813 etiam

2204 5410 2308 5484 Dio
2345 5426 2360 5463 :
2392 5409 2718 5484 Sylburgius
2740 5411 2893 5484 apud
2927 5427 3221 5484 utrumque
3266 5411 3553 5484 npoi'ﬁvra;
3576 5404 3732 5484 Ιθεςης

2210 5481 2341 5604 gum
2406 5477 2622 5536 censet:
2671 5477 2812 5535 lbid'.
2855 5483 2953 5536 lin.
2992 5477 3149 5553 scqf
3175 5487 3272 5537 καὶ
3304 5477 3459 5550 σφᾶς,
3510 5477 3733 5531 absunt!

2263 5566 2406 5603 tunc.

2285 5589 2627 5690 δ’)υεῖπὼνς
2664 5615 2734 5672 Ὠ
2772 5621 2906 5676 Ζεῦ.
2944 5623 3160 5679 Iambus
3185 5624 3311 5688 cril,
3341 5625 3414 5677 ait
3437 5607 3734 5690 Sylburgills:

2216 5692 2260 5743 si
2288 5670 2553 5759 iegatnus,
2605 5688 2673 5743 Ὦ
2724 5693 2825 5743 Ζεῦ
2868 5696 2977 5744 θεοί
3018 5694 3065 5744 θ’
3095 5691 3205 5758 οἶος
3235 5670 3357 5762 τεᾷν
3385 5708 3446 5759 τη
3468 5670 3735 5748 ,δδιιίιυμαλί

2217 5762 2323 5815 Sed
2354 5765 2496 5829 apud
2535 5762 2859 5816 Suetomutn
2883 5764 3088 5833 absque
3124 5776 3298 5818 metro
3320 5773 3418 5818 est.
