4048 6404
383 332 491 394 965

1635 328 2032 388 ANNAUUM
2077 327 2223 386 LIB.
2264 328 2366 387 Χῐ.

3533 335 3638 396 966

378 449 520 510 νίαις
575 446 904 517 στρατιῶται
939 445 1380 516 προστηπάμενοι
1435 438 1606 498 Αὖλον
1657 443 1964 495 Οὐϊτέλλιον

2072 426 2417 509 prudentem,
2473 441 2792 512 adoptatum
2823 442 2984 514 572
3037 443 3305 499 Gesarem
3365 445 3525 500 dixit.
3584 447 3643 501 ld

379 539 778 610 ἐπανέστησαν.
817 539 876 591 'O
899 537 990 591 οὖν
1024 538 1260 602 Γάλϐας,
1308 538 1408 607 τὴν
1458 536 1829 590 ἐπανάστασιν
1861 552 1964 588 πυο

383 629 664 699 θόμενος,
740 627 974 681 Λούκιον
1055 628 1303 678 Πείσωνα
1377 627 1666 678 νεανίσκον
1717 625 1959 692 εὐγενῆ,

379 721 622 788 ἐπιεικῆ.
673 720 940 789 φρόνιμον
975 717 1358 786 υίοθετήσατο.
1405 716 1504 769 καὶ
1535 715 1787 780 ἀπέδειξε
1824 716 1962 769 Καί-

382 828 546 880 σαρα.
567 809 626 864 Ὀ
657 811 712 862 δὲ
746 810 932 861 Ὄθων
959 811 985 862 ό
1012 810 1238 878 Μάρκος
1281 811 1308 860 ὁ
1336 809 1613 870 Σαλούῖος,
1646 809 1962 876 ἀγανακτή-

382 919 480 964 σας
497 903 579 955 ὃτι
609 901 684 971 μὴ
717 900 880 963 αὐτὸς
910 901 1014 953 ὑπὸ
1044 900 1139 952 τοῦ
1174 900 1381 953 Γάλεου
1409 901 1723 968 υἱοθετήοη,
1761 899 1926 952 ἐπανέ
1945 929 1960 939 -

383 1010 483 1061 στη
516 990 687 1062 αὐτῷ,
719 991 1017 1062 τριάκοντα
1056 991 1252 1060 μόνους
1285 990 1624 1061 στρατιώτας
1668 991 1962 1059 ἑτοιμασά-

384 1100 566 1152 μενος.
609 1083 765 1136 Ἐπεὶ
817 1083 925 1151 γάρ
967 1083 1150 1136 θύοντι
1176 1081 1253 1152 τῷ
1299 1083 1480 1152 Γάλϐᾳ
1510 1082 1666 1150 μόνος
1690 1081 1798 1132 τῶν
1839 1080 1959 1150 βου·

381 1174 590 1228 λευτῶν
617 1173 766 1244 αὐτῷ
792 1174 1065 1244 παρέστη,
1099 1175 1194 1226 καὶ
1226 1173 1320 1226 τοῦ
1351 1175 1604 1244 ίερόπτου
1639 1172 1959 1225 ἐπιόουλευ-

385 1265 650 1333 θήσεσθαι
681 1264 845 1318 αὐτὸν
875 1267 1126 1327 εἰπόντες
1159 1265 1384 1335 ἤκουσε,
1435 1265 1528 1316 καὶ
1565 1263 1960 1333 παραινοῦντος

384 1353 526 1407 οἶκοι
565 1357 766 1424 μεῖναι,
797 1357 894 1408 καὶ⁵
929 1356 1154 1425 μηδαμῆ
1193 1355 1512 1425 προελθεῖν·
1552 1354 1864 1422 κατέδραμέ
1899 1370 1960 1406 τε

386 1447 570 1509 εὐθὺς,
601 1445 676 1508 ὼς
719 1447 806 1498 ἐπ’
869 1447 1002 1499 ἀλλο
1053 1463 1105 1500 τι
1142 1447 1222 1508 εἰς
1251 1447 1314 1498 τὸ
1354 1445 1717 1515 στρατόπεδον
1755 1442 1959 1508 ἀπιὼν,

387 1540 481 1586 καὶ
509 1536 614 1588 ὑπὸ
661 1536 771 1588 τῶν
809 1537 1285 1606 συνομωμοκότων
1321 1537 1472 1606 αὑτῷ
1503 1537 1850 1606 στρατιωτῶν
1881 1539 1961 1599 εἰς

384 1625 449 1678 τὸ
503 1629 683 1696 τεῖχος
743 1628 994 1698 εἰσήχθη,
1057 1629 1155 1680 καὶ
1203 1629 1330 1691 τοὺς
1387 1627 1582 1690 ἀλλους
1625 1630 1962 1697 στρατιώτας

386 1721 863 1790 προσαναπείσας,
893 1720 926 1791 ἢ
967 1720 1167 1790 μᾶλλον
1197 1706 1396 1784 εἰπεῖν,
1425 1720 1796 1790 ὲκπριάμενος
1831 1721 1961 1772 πολ-

383 1811 502 1874 λαῖς
527 1813 882 1880 ὑποσχέσεσι,
941 1812 1073 1884 παρ’
1113 1811 1339 1865 ἐκείνων
1383 1829 1440 1865 τε
1489 1815 1834 1883 παραχρῆμα
1867 1816 1962 1867 καὶ

383 1906 492 1960 τῶν
518 1904 693 1958 ἄλλων
722 1905 883 1957 ἔλασε
916 1905 1014 1976 τὴν
1040 1906 1240 1975 ἀρχήν.
1279 1905 1338 1958 '0
1360 1904 1573 1968 Γὰλῦας
1593 1906 1650 1958 δέ
1675 1907 1864 1975 μαθὼν
1895 1909 1962 1962 τά

384 1999 764 2067 πρασσόμενα,
797 1996 1042 2066 ἔπεμψεν
1073 1999 1149 2060 είς
1175 1997 1236 2050 τὸ
1276 1998 1643 2068 στρατόπεδόν
1671 2015 1846 2065 τινας,
1886 1999 1964 2062 ὡς

389 2090 721 2158 μεταπεῖσαι
756 2089 882 2151 τοὺς
912 2089 971 2140 ἐν
1015 2087 1168 2158 αὐτῷ
1202 2088 1592 2157 δυνησόμενος.
1638 2089 1757 2141 Κάν
1787 2089 1963 2158 τούτῳ

385 2179 726 2250 στρατιώτης
753 2197 835 2243 τις
881 2181 1087 2249 γυμνὸν
1109 2182 1168 2234 τὸ
1190 2180 1344 2250 ξίφος
1371 2181 1465 2234 καὶ
1489 2181 1810 2252 ᾑμαγμένον
1834 2183 1965 2234 ἀνα-

381 2271 594 2337 τείνων,
615 2273 921 2343 προσῆλθεν
947 2273 1113 2343 αὑτῷ,
1137 2273 1389 2342 φάσκων·
1413 2273 1651 2341 Θάρσει,
1675 2274 1962 2338 αὐτοκρά-

380 2381 516 2432 τωρ,
551 2365 776 2419 Ὄθωνα
800 2366 910 2434 γὰρ
945 2367 1287 2420 ἀπέκτεινα.
1319 2367 1624 2430 Πιστεύσας
1656 2362 1749 2421 οὖν
1779 2369 1804 2418 ὁ
1831 2367 1966 2418 Γάλ-

382 2455 503 2521 ϐας,
523 2458 601 2519 είς
618 2458 680 2509 τὺ
696 2456 1043 2512 Καπιτώλιον
1059 2459 1131 2521 ῶς
1153 2457 1332 2512 θύσων
1347 2457 1511 2528 ὦρμη
1523 2476 1607 2524 σε,
1631 2461 1724 2512 καὶ
1745 2461 1802 2510 ἐν
1823 2459 1964 2530 μέσῃ

381 2551 450 2620 τῇ
491 2550 669 2620 ἀγορᾷ
692 2551 1105 2621 ἀπαντήσαντες
1128 2550 1280 2621 αὺτῷ
1326 2552 1422 2603 καὶ
1457 2553 1642 2614 ἱππεῖς
1685 2551 1782 2603 καὶ⁵
1809 2551 1965 2614 πεζοὶ

382 2645 501 2695 ἐκεῖ
532 2644 623 2695 τὸν
640 2643 870 2712 γέροντα
899 2643 991 2696 τὸν
1022 2644 1250 2706 ὕπατον,
1269 2643 1360 2697 τὸν
1394 2645 1681 2715 ἀρχιερέα,
1706 2647 1798 2696 τὸν
1826 2644 1966 2698 Καί-

385 2749 551 2802 σαρα,
571 2733 664 2786 τὸν
697 2734 1080 2804 αὐτοκράτορα
1102 2733 1312 2787 πολλῶν
1335 2731 1588 2803 ὁρώντων
1609 2733 1920 2800 κατέκοψαν
1944 2749 1962 2766 ⁶

383 2826 479 2878 καὶ
513 2826 613 2895 τήν
632 2825 874 2896 κεφαλὴν
891 2827 1295 2896 ἀποκόψαντες,
1320 2826 1495 2897 κοντῷ
1517 2827 1804 2898 ἐνέπειραν
1825 2841 1838 2857 ·
1869 2828 1966 2879 καὶ

2065 533 2134 586 Μ.
2171 534 2384 588 Salvius
2415 533 2558 590 Otho
2587 549 2730 604 aegre
2765 535 2969 599 ferens,
3004 536 3149 604 quod
3181 537 3296 606 ipse
3347 538 3644 607 adoptatus

2065 641 2175 678 non
2211 634 2377 692 esset,
2408 627 2736 681 seditionem
2775 627 2963 688 movit.
2999 644 3101 685 xu
3133 629 3401 684 duntaxat
3445 630 3643 684 militi-

2066 715 2168 769 bus
2199 716 2390 771 fretus.
2429 719 2564 772 Nam
2611 733 2736 773 eum
2794 718 2978 773 Galba:
3019 719 3322 774 immolanti
3373 722 3522 776 solus
3573 737 3641 776 ex

2071 809 2422 862 senatoribus
2457 818 2662 875 astans,
2700 812 3009 879 aruspicem
3053 811 3279 866 insidias
3305 812 3354 866 ei
3388 814 3641 880 portendi

2065 899 2247 952 dicere
2275 899 2540 962 audisset,
2571 917 2634 953 ac
2668 917 2892 954 monere
2925 911 2985 954 ut
3012 901 3158 954 domi
3203 912 3446 956 maneret
3478 944 3492 968 ,
3539 919 3644 962 nec

2064 1004 2296 1058 usquam
2348 993 2828 1060 progrederetur:
2886 995 3070 1047 statim
3123 995 3277 1062 quasi
3327 1010 3424 1064 per
3480 995 3639 1048 aliam

2064 1093 2283 1132 causam
2319 1079 2373 1132 in
2403 1090 2582 1133 castra
2616 1081 2864 1134 decurr‘t
2890 1121 2903 1144 ,
2933 1093 2988 1133 ct
3039 1095 3068 1134 a
3112 1082 3415 1151 coniuratis
3455 1081 3645 1134 militi-

2064 1168 2170 1222 bus
2194 1169 2246 1222 in
2278 1171 2638 1224 munitionem
2677 1182 2952 1239 receptus,
2990 1171 3204 1229 caeteris
3253 1187 3472 1240 quoque
3516 1188 3644 1241 per-

2064 1262 2265 1326 suasis,
2290 1272 2404 1323 aut.
2447 1270 2505 1314 ut
2534 1264 2738 1317 rectius
2775 1264 2951 1317 dicam
2981 1302 2997 1329 ,
3032 1263 3242 1331 magnis
3289 1264 3644 1332 pollicitatio-

2063 1353 2228 1407 nibus
2260 1355 2479 1424 emptis,
2514 1355 2812 1424 imperator
2858 1357 3042 1410 statim
3067 1357 3338 1410 salutatus
3382 1369 3486 1410 est.
3521 1357 3642 1422 Quo

2062 1442 2232 1498 Galba
2253 1447 2494 1516 cognito,
2526 1448 2792 1516 quosdam
2827 1449 2879 1502 in
2909 1459 3083 1502 castra
3115 1450 3284 1511 misit,
3318 1450 3410 1517 qui
3441 1449 3552 1502 miLi
3581 1463 3644 1503 es

2063 1551 2093 1590 a
2129 1539 2404 1592 sententia
2449 1539 2816 1594 dimoverent.
2872 1539 3081 1595 Interea
3127 1557 3258 1594 vero
3313 1541 3470 1594 miles
3514 1541 3643 1609 qui-

2065 1627 2188 1680 dam
2229 1643 2353 1682 cum
2384 1628 2564 1706 gladio
2609 1639 2843 1684 cruento
2893 1647 3019 1684 eum
3066 1633 3340 1695 accessit,
3379 1646 3444 1686 ac
3490 1631 3642 1686 Bono
3693 1687 3696 1690 .

2068 1721 2246 1772 animo
2276 1736 2348 1782 es,
2392 1720 2566 1790 inquit
2597 1763 2612 1786 ,
2645 1721 2938 1790 imperator
2961 1763 2974 1780 ,
3000 1719 3251 1774 Othonem
3289 1721 3426 1774 enim
3454 1723 3642 1778 occidi.

2065 1811 2221 1878 Quod
2249 1811 2417 1867 Galba
2445 1813 2698 1877 credens,
2744 1829 2870 1866 cum
2921 1813 2975 1866 in
3023 1813 3354 1882 Capitolium
3413 1813 3480 1867 ad
3525 1829 3641 1868 rem

2066 1904 2312 1958 divinam
2333 1905 2640 1960 faciendam
2673 1914 3013 1974 properaret.
3047 1905 3099 1957 in
3135 1903 3317 1957 medio
3347 1903 3470 1957 foro
3501 1946 3515 1966 ,
3551 1917 3647 1972 pe-

2065 1995 2240 2051 ditum
2276 2009 2332 2051 et
2354 1998 2602 2067 equitum
2629 2011 2886 2055 occursu.
2918 2010 3105 2055 senex,
3130 1995 3345 2056 consul,
3378 1994 3643 2062 pontifex,

2064 2086 2268 2153 C‘t-sar,
2307 2090 2626 2159 imperator,
2660 2088 2847 2141 multis
2881 2086 3321 2156 inspectantibus
3353 2097 3439 2140 est
3467 2085 3646 2139 truci-

2066 2182 2227 2234 datus
2267 2197 2280 2231 :
2318 2187 2484 2246 caput
2513 2177 2633 2247 ejus
2659 2185 2822 2230 conto
2872 2175 3179 2244 praefixum.
3231 2175 3369 2227 Cum
3423 2175 3646 2228 occide-

2067 2278 2241 2329 retur,
2276 2267 2413 2320 nihil
2449 2265 2597 2319 aliud
2637 2266 2852 2320 locutus
2875 2273 2959 2319 est
2983 2303 2998 2329 ,
3049 2264 3156 2318 nisi
3192 2281 3207 2318 :
3251 2264 3456 2334 Ecquid
3518 2267 3649 2318 mali

2068 2359 2163 2427 feci
2189 2360 2210 2412 7
2238 2357 2407 2411 Periit
2441 2356 2606 2410 etiam
2634 2356 2778 2420 Piso,
2813 2365 2868 2410 et
2897 2355 2986 2409 alii
3024 2355 3203 2410 multi.
3243 2355 3340 2409 llis
3385 2355 3646 2424 peractis,

2067 2449 2270 2503 milites
2293 2448 2470 2516 capita
2509 2448 2730 2500 illorum
2763 2447 2815 2500 in
2855 2455 3030 2500 castra
3055 2446 3123 2499 ad
3158 2446 3437 2500 Othonem
3488 2456 3544 2501 et
3591 2448 3646 2501 in

2065 2541 2277 2597 curiam
2339 2540 2668 2593 attulerunt.
2739 2538 2952 2604 Quibus
3019 2538 3352 2592 consternati
3419 2547 3644 2608 patres,

2065 2633 2252 2688 laetitia
2282 2631 2561 2691 simulata,
2593 2628 2789 2684 Othoni
2823 2627 3006 2682 omnia
3055 2644 3177 2697 qua;
3226 2628 3292 2682 ad
3349 2629 3647 2698 imperium

2061 2721 2390 2791 pertinent,
2450 2719 2843 2773 decreverunt.
2899 2716 3090 2786 Neque
3151 2733 3285 2771 vero
3345 2717 3674 2772 obscurum.

2066 2838 2207 2898 erat,
2243 2846 2370 2885 eum
2404 2829 2618 2884 senatui
2659 2829 2769 2881 vim
2795 2827 3027 2891 fecisse,
3076 2837 3130 2881 et
3176 2827 3516 2897 petulantius
3564 2839 3648 2882 at-

380 2918 411 2970 ό
441 2917 542 2987 μὲν
571 2916 746 2982 οὕτως
800 2917 1067 2988 ἐφονεύθη
1115 2917 1274 2970 τοῦτο
1326 2917 1486 2987 μόνον
1522 2916 1693 2969 είπών
1719 2931 1734 2947 ⁸
1759 2915 1868 2970 Καὶ
1908 2914 1966 2968 τί

2067 2937 2176 2991 que
2211 2921 2468 2975 acerbius
2498 2920 2616 2990 ipso
2635 2919 2852 2974 Nerone
2880 2919 3279 2990 imperaturum
3304 2935 3446 2975 esse.
3474 2920 3648 2976 Galba

382 3008 577 3063 κακὸν
630 3010 932 3077 ἐποίησα;
997 3008 1264 3062 Ἀπέθανε
1318 3007 1374 3060 δὲ
1422 3009 1516 3061 καὶ
1547 3007 1577 3061 ό
1605 3006 1840 3072 Πείσων,
1871 3008 1966 3059 καὶ

2069 3027 2246 3067 annos
2279 3014 2626 3082 septuaginta
2655 3012 2817 3073 duos,
2848 3011 2967 3066 dies
3002 3021 3113 3066 tres
3147 3020 3202 3066 et
3224 3012 3416 3081 viginti
3463 3022 3648 3077 natus,

381 3101 538 3154 ἄλλοι
589 3102 795 3171 συχνοί.
849 3102 956 3154 Καὶ
993 3099 1300 3171 πράξαντες
1326 3098 1499 3152 ταῦτα
1525 3100 1573 3151 οί
1607 3097 1963 3169 στρατιῶται,

2072 3104 2286 3173 imperii
2318 3119 2506 3158 mense
2534 3118 2702 3169 nono,
2729 3113 2788 3157 et
2825 3103 2913 3157 die
2967 3102 3184 3158 decimo
3232 3103 3395 3158 tertio
3421 3143 3439 3171 ,
3496 3104 3647 3158 hunc

383 3191 486 3256 τάς
521 3209 582 3245 τε
641 3193 886 3262 κεφαλὰς
924 3192 1152 3246 ἐκείνων
1207 3192 1618 3260 ἀποτεμόντες,
1677 3191 1815 3262 πρὸς
1870 3192 1964 3245 τὶν

2072 3175 2282 3249 exitum
2314 3194 2532 3248 habuit.

387 3285 604 3340 Ὄθωνα
660 3288 828 3351 αὐτὰς
869 3289 927 3341 ἐν
959 3287 1410 3358 τῷστρατοπέδῳ
1461 3285 1562 3340 καῖ
1625 3288 1706 3350 είς
1778 3286 1840 3340 τὸ
1912 3290 2190 3362 συνέδριον
2262 3291 2552 3360 ἐκόμισαν,
2622 3289 2765 3344 ὥστε
2814 3290 2941 3354 τοὺς
2993 3288 3291 3360 βουλευτὰς
3359 3293 3646 3347 καταπλα-

381 3378 582 3448 γέντας
641 3379 856 3450 χαίρειν
905 3397 966 3433 τε
1019 3381 1462 3450 προσποιεῖσθαι,
1499 3380 1596 3434 καὶ
1645 3381 1724 3450 τῷ
1794 3381 1999 3435 Ὄθωνι
2039 3385 2218 3438 πάντα
2280 3385 2350 3438 τά
2414 3386 2552 3455 πρὸς
2605 3385 2705 3455 τήν
2750 3383 2929 3455 ἀρχὴν
2994 3383 3231 3451 φέροντα
3278 3382 3644 3454 ψηφίσασθαιο

383 3473 502 3526 υὺκ
538 3473 796 3526 ἐλάνθανε
833 3473 890 3526 δὲ
948 3473 1030 3525 ὅτι
1077 3472 1240 3535 αὐτὸς
1295 3472 1395 3542 τὴν
1470 3471 1667 3542 βουλὴν
1721 3473 1994 3542 ἐϐιάζετο,
2035 3480 2129 3530 καὶ
2169 3476 2245 3540 ὡς
2291 3478 2693 3548 ἀσελγέστερον
2752 3475 2848 3530 κα)⁸
2883 3476 3211 3546 πικρότερον
3267 3475 3362 3528 τοῦ
3397 3477 3652 3546 Νέρωνος

381 3567 569 3636 ἄρξειν
593 3567 805 3635 ἔμελλε.
838 3567 1020 3638 Γάλϐᾳ
1066 3567 1166 3636 μὲν
1201 3561 1293 3619 οὖν
1343 3565 1573 3634 ζήσαντι
1619 3565 1714 3636 ἐτη
1776 3567 1870 3620 δύο
1933 3569 2031 3622 καὶ
2067 3570 2469 3641 ἐϐδομήκοντα,
2496 3571 2594 3624 καὶ
2621 3570 2842 3640 ἡμέρας
2867 3571 3017 3640 τρεῖς
3045 3567 3142 3622 καὶ
3167 3566 3394 3634 εἴκοσιν,
3425 3568 3654 3638 ἄρξαντι

381 3661 440 3714 δέ
475 3662 650 3732 μῆνας
668 3661 824 3714 ἐννέα
859 3663 952 3714 καὶ
977 3661 1192 3730 ἡμέρας
1221 3660 1595 3730 τρισκαίδεκα,
1628 3660 1787 3714 τοῦτο
1805 3661 1959 3726 τέλος
2002 3665 2242 3733 ἐγένετο.
2798 3675 2800 3677 ’

454 3752 553 3806 1Ε’.
601 3754 661 3809 'O
691 3752 747 3806 δὲ
783 3751 966 3806 Ὄθων
1017 3757 1267 3820 μετέγνω
1338 3751 1435 3819 μὲν
1476 3755 1564 3804 ἐπὶ
1599 3754 1711 3813 τοῖς
1748 3769 1963 3822 πεπρα-

2137 3757 2252 3812 Χν.
2289 3758 2585 3824 Othonem,
2623 3771 2750 3812 cum
2784 3766 2908 3812 exta
2932 3755 3264 3813 sacriﬁcanti
3306 3769 3499 3825 parum
3530 3755 3651 3810 fau-

383 3847 631 3918 γμὲνοις,
663 3847 770 3900 τῶν
803 3845 963 3917 ἱερῶν
996 3844 1146 3914 αὐτῷ
1185 3846 1368 3898 θύοντι
1402 3845 1656 3916 πονηρῶν
1685 3845 1963 3914 ὀφθέντων

2067 3856 2146 3901 sta
2179 3857 2386 3914 essent,
2411 3848 2629 3917 aliaque
2660 3849 2816 3917 signa
2863 3848 3250 3918 apparuissent
3277 3887 3291 3910 ,
3342 3849 3648 3917 perpetrati

384 3942 480 3995 καὶ
510 3941 687 3997 ἀλλων
717 3940 962 4011 σημείων
983 3939 1133 4009 αὐτῷ
1172 3941 1485 4008 γενομένων
1507 3953 1520 3968 ο
1544 3937 1659 3991 ἀλλ’
1687 3939 1787 3991 οὔκ
1812 3935 1961 4010 εἶχεν

2067 3939 2323 3995 facinoris
2347 3941 2603 4010 paenituit
2633 3958 2646 3994 :
2675 3941 2769 3995 sed
2793 3941 3022 4009 imperio
3043 3979 3057 4004 ,
3103 3939 3250 4008 quod
3303 3941 3472 3994 semel
3528 3956 3652 3994 sus~

383 4035 464 4098 είς
486 4034 586 4104 τὴν
620 4031 797 4104 ἀρχὴν
830 4031 931 4102 ήδη
951 4029 1212 4084 εἰσελθὼν
1239 4030 1520 4095 ἀναδῦναι,
1555 4030 1648 4082 καὶ
1681 4030 1960 4100 ἐνέμεινεν

2067 4041 2279 4102 ceptum
2305 4033 2582 4102 deponere
2612 4047 2720 4085 non
2750 4033 2952 4086 licebat
3017 4041 3232 4086 retento
3257 4071 3270 4091 ,
3302 4047 3493 4099 pmnas
3544 4032 3646 4085 de-

385 4127 549 4196 αὑτῇ,
589 4126 684 4179 καὶ
708 4125 864 4196 δίκην
884 4125 1135 4178 δέδωκεν.
1183 4121 1272 4176 Ἐν
1301 4123 1511 4183 τούτοις
1529 4123 1585 4176 δέ
1608 4141 1714 4190 τις,
1752 4125 1966 4178 πλασά-

2067 4125 2168 4178 dit.
2203 4125 2416 4180 Interea
2481 4125 2706 4194 quidam
2762 4126 2834 4178 ob
2884 4125 3341 4177 lineamentorum
3401 4123 3652 4192 corporis

389 4235 550 4289 μενος
569 4218 763 4287 Νέρων
799 4215 938 4270 εἶναι
992 4217 1056 4268 ἐκ
1095 4214 1198 4284 τῆς
1234 4215 1371 4286 πρὸς
1411 4215 1502 4266 τὸν
1535 4215 1766 4285 Νέρωνα
1798 4213 1966 4284 οὕσης

2068 4216 2486 4270 similitudinem
2523 4231 2581 4271 se
2615 4216 2886 4270 Neronem
2939 4229 3062 4269 esse
3105 4213 3424 4283 professus,
3478 4223 3648 4268 totam

386 4311 686 4382 ἐμφερείας
715 4309 888 4380 αὐτῷ,
913 4309 1012 4379 τὴν
1044 4308 1272 4362 Ἐλλάδα
1298 4307 1482 4376 ὀλίγου
1503 4309 1684 4360 πᾶσαν
1712 4309 1966 4378 ἐτάραξε,

389 4405 486 4456 καὶ
555 4403 712 4471 χεῖρα
765 4399 1094 4470 κακούργων
1137 4398 1352 4469 ἀνδρῶν
1407 4397 1692 4470 ἀθροίσας,
1726 4400 1862 4470 πρὸς
1899 4400 1968 4452 τὰ

2065 4322 2204 4376 pene
2233 4306 2495 4361 Graeciam
2551 4306 2949 4361 conturbavit:
2998 4315 3055 4360 et
3111 4320 3276 4358 manu
3322 4305 3650 4360 sicariorum

2067 4407 2404 4468 comparata,
2441 4398 2508 4452 ad
2555 4397 2808 4469 Syriacas
2857 4397 3104 4467 legiones
3151 4397 3490 4465 properavit.
3540 4398 3649 4452 Sed

389 4498 450 4548 ἐν
499 4497 564 4564 τῇ
625 4493 797 4564 Συρίᾳ
849 4490 1190 4562 στρατόπεδα
1225 4489 1514 4559 ὥρμησεν.
1564 4491 1652 4543 Ἐν
1694 4491 1888 4561 Κύδνῳ
1910 4491 1966 4544 δὲ

2071 4506 2197 4544 eum
2229 4489 2604 4559 Calphurnius
2636 4492 2687 4543 in
2723 4491 2953 4559 trajectu
2993 4487 3168 4558 Cydni
3201 4489 3376 4541 amnis
3401 4504 3652 4557 compre-

389 4584 792 4656 περαιούμενον
850 4584 1015 4636 αὐτὸν
1060 4584 1088 4635 ό
1142 4579 1524 4649 Καλπούρνιος
1567 4581 1829 4634 συνέλαϐε
1869 4582 1967 4635 καὶ

390 4679 737 4732 ἀπέκτεινεν.
777 4676 837 4729 'O
871 4675 928 4728 δὲ
961 4673 1142 4726 Ὄθων
1193 4672 1372 4742 λάθρα
1431 4671 1664 4734 πολλοὺς
1695 4674 1832 4740 πρὸς
1875 4673 1968 4727 τὸν

390 4768 701 4823 οὑῖτέλλιον
719 4769 812 4820 ἐπὶ
835 4767 1152 4838 καταλλαγῇ
1176 4768 1197 4817 ἕ
1207 4785 1273 4819 πε
1283 4767 1445 4837 μψεν.
1488 4767 1576 4831 Ὠς
1608 4766 1664 4819 δὲ
1687 4769 1788 4819 οὐκ
1818 4767 1970 4819 ἐπεί-

393 4862 538 4928 θετο,
607 4861 953 4934 πρεσϐευτὰς
1025 4860 1314 4914 ἀπέστειλε
1388 4860 1662 4930 φανερῶς.
1711 4858 1852 4913 Οὔτε
1909 4859 1968 4911 δὲ
2027 4914 2031 4918 _

391 4953 734 5026 ἀπεκρίνατό
771 4970 826 5005 τι
883 4953 1044 5014 αὐτὸς
1095 4947 1568 5013 Οὑῖτέλλιος,οῠτε
1621 4947 1970 5017 ἀντέπεμψεν

391 5044 615 5108 αὐτούς.
673 5039 806 5096 Είτα
863 5040 1109 5112 ἐπεμψεν
1143 5041 1325 5094 Ὄθων
1380 5038 1536 5108 ἰσχὺν
1587 5039 1728 5090 κατά
1763 5037 1868 5107 γῆν
1910 5053 1968 5089 τε

394 5138 491 5192 καὶ
519 5137 662 5190 κατά
681 5137 984 5200 θάλασσαν,
1039 5132 1251 5203 ήττήθη
1284 5131 1341 5184 δὲ
1383 5131 1475 5184 διὰ
1503 5130 1871 5200 πολυαρχίαν,
1905 5129 1966 5181 οὐ

392 5231 461 5284 δι’
511 5231 820 5296 ἀσθένειαν,
861 5230 967 5282 κάκ
1000 5231 1099 5299 τῆς
1157 5228 1382 5296 Ῥώμης
1432 5225 1490 5278 δὲ
1542 5223 1840 5293 ἐξωρμήθη
1876 5222 1971 5276 καὶ

394 5327 520 5389 τοὺς
556 5324 805 5396 πρώτους
863 5321 1122 5393 ἐξήγαγε.
1161 5320 1342 5387 Μέρος
1373 5317 1430 5371 δέ
1478 5334 1530 5369 τι
1561 5318 1660 5388 τῆς
1687 5317 1972 5384 δυνάμεως

394 5418 474 5484 τῷ
509 5417 738 5486 Πρόκλῳ
760 5414 910 5480 δοὺς,
951 5413 1116 5474 αὐτὸς
1170 5411 1512 5479 ἀνεχώρησε,
1547 5406 1730 5474 λέγων
1765 5407 1839 5476 μὴ
1875 5405 1974 5473 φέ-

399 5523 516 5576 ρειν
545 5507 726 5575 μάχην
756 5503 967 5574 ἀνδρῶν
1003 5499 1292 5572 ὁμοφύλων
1322 5499 1468 5551 ἰδεῖν.
1509 5495 1672 5548 Ὅθεν
1698 5495 1973 5563 μαλακίαν

397 5598 564 5652 αὐτοῦ
601 5599 964 5665 καταγνόντες
986 5596 1035 5647 οἱ
1057 5593 1390 5664 στρατιῶται
1416 5589 1510 5642 καὶ
1525 5590 1573 5640 οἱ
1609 5587 1970 5656 στρατάρχαι,

397 5693 550 5744 οὐδὲν
575 5691 682 5742 τῶν
737 5689 970 5742 δεόντων
1019 5685 1288 5756 ἔπραξαν,
1335 5681 1450 5734 ἀλλ’
1503 5679 1840 5748 ἡττήθησαν,
1878 5676 1974 5728 καὶ

398 5788 512 5849 τοῖς
527 5787 619 5838 τοῦ
638 5781 951 5838 Οὐϊτελλίου
981 5775 1523 5848 ἐπεκηρυκεύσαντο,
1548 5773 1643 5823 καὶ
1668 5768 1974 5839 ἀνεμίχθη-

2069 4582 2302 4636 hensum
2331 4581 2630 4636 interfecit.
2664 4580 2732 4634 At
2762 4579 2904 4634 Otho
2935 4580 3074 4633 clam
3108 4578 3312 4632 multos
3355 4579 3422 4631 ad
3481 4578 3653 4632 Vitel-

2068 4669 2202 4723 lium
2277 4669 2793 4732 reconciliandum,
2861 4683 2986 4722 cum
3054 4667 3193 4720 nihil
3250 4667 3651 4735 impetrasset,

2069 4769 2258 4829 aperte
2305 4761 2516 4830 legatos
2578 4760 2746 4814 misit.
2809 4758 2958 4825 Quos
3007 4774 3131 4813 cum
3196 4759 3450 4813 Vitellius
3502 4759 3656 4812 nullo

2071 4868 2336 4924 responso
2369 4852 2627 4922 dignatus
2653 4863 2820 4916 esset,
2853 4861 3020 4920 atque
3070 4850 3234 4904 etiam
3285 4851 3605 4905 retinuisset
3635 4867 3649 4903 :

2073 4946 2249 5014 copiis
2282 4955 2427 4999 terra
2457 4944 2705 5013 marique
2739 4942 2899 5014 573
2935 4943 3117 4998 missis
3141 4982 3156 5007 ,
3204 4959 3312 4996 non
3363 4958 3430 4996 ex
3481 4943 3655 4998 imbe-

2071 5037 2319 5101 cillitate,
2353 5035 2449 5090 sed
2489 5045 2714 5104 propter
2739 5035 2942 5088 ducum
2999 5033 3414 5088 multitudinem
3451 5035 3650 5094 vietus,

2072 5129 2189 5199 ipse
2221 5129 2393 5183 Roma
2425 5143 2550 5182 cum
2586 5125 2923 5197 primoribus
2945 5140 3199 5196 egressus
3231 5134 3316 5178 est
3345 5144 3356 5177 :
3402 5135 3458 5177 et
3496 5135 3652 5192 parte

2072 5221 2306 5275 militum
2333 5218 2529 5272 Proclo
2568 5219 2714 5281 data,
2754 5217 3021 5278 recessit,
3049 5229 3106 5268 se
3155 5228 3389 5282 pugnam
3449 5213 3651 5266 civium

2073 5315 2222 5367 inter
2248 5326 2306 5364 se
2342 5311 2526 5363 videre
2558 5322 2716 5377 posse
2748 5321 2975 5375 negans.
3009 5305 3198 5368 Itaque
3232 5303 3432 5356 milites
3457 5312 3514 5356 et
3541 5303 3648 5356 du-

2073 5418 2166 5458 ces
2197 5403 2465 5473 ignaviam
2496 5402 2615 5470 ejus
2647 5399 2886 5467 pertzesi,
2923 5413 2983 5450 re
3049 5397 3187 5449 male
3223 5404 3396 5460 gesta,
3447 5396 3512 5447 atl
3561 5395 3655 5449 Vi-

2076 5495 2329 5549 tellianos
2388 5493 2726 5546 deiecerunt.
2795 5490 2950 5554 Quod
3007 5503 3134 5543 cum
3189 5504 3361 5556 eques
3428 5487 3652 5555 quidam

2073 5585 2276 5640 Othoni
2314 5583 2643 5643 nuntiasset,
2668 5591 2832 5649 atque
2863 5581 2908 5633 is
2940 5594 3046 5632 non
3083 5579 3336 5633 crederet
3367 5595 3377 5629 :
3416 5579 3650 5639 Utinam,

2078 5675 2276 5744 inquit,
2312 5674 2509 5734 Ca'sar,
2548 5673 2656 5724 Ita'c
2692 5671 2829 5740 ['alsa
2857 5681 3025 5723 essent
3051 5713 3065 5736 ,
3115 5686 3282 5739 seque
3327 5669 3508 5724 statim
3565 5669 3652 5722 in-

2083 5768 2316 5822 terfecit.
2349 5764 2555 5818 Deinde
2584 5779 2708 5817 cum
2733 5779 2926 5818 omnes
2949 5764 3015 5816 de
3073 5778 3268 5833 pugna:
3307 5773 3504 5816 eventu
3544 5775 3652 5812 non
