4048 6396
305 406 416 468 PC!)

1539 406 1950 468 ANNALIUM
1995 409 2142 471 LIB.
2199 410 2309 471 XI.

3461 426 3579 493 9'70

303 542 395 587 τις
456 521 577 575 καθ’
634 520 866 575 ἕκαστον
921 520 1104 576 αὐτῶν
1144 521 1478 590 καταλέγοι;
1531 523 1695 577 ὁπότε
1754 523 1884 593 πρὸς

1993 524 2079 578 bis
2129 525 2350 591 millies,
2402 527 2654 592 centies,
2706 528 3072 600 quinquagies
3125 540 3356 591 centena
3403 538 3575 595 millia

314 616 541 669 πάντων
581 613 931 684 ὡμολόγηται
1021 613 1114 667 δύο
1168 615 1436 684 μυριάδας
1488 615 1767 685 μυριάδων
1804 617 1896 668 καὶ

310 707 496 777 χιλίας
527 706 900 768 παντακοσίας
925 704 1002 776 (6)
1023 709 1080 759 ὲν
1100 705 1178 777 τῷ
1197 709 1293 775 τῆς
1314 708 1487 778 ἀρχῆς
1513 706 1679 760 αὐτοῦ
1719 708 1896 778 χρόνῳ

307 800 368 857 ἐς
399 799 466 852 τὰ
494 798 695 851 δεῖπνα
729 796 894 850 αὑτὸν
925 797 1385 867 δεδαπανηκέναι.
1434 796 1697 859 Πολλάκις
1723 798 1777 850 δὲ
1803 799 1896 849 καὶ

308 889 442 961 παρ’
469 890 647 954 ἄλλοις
684 890 944 951 εἱστιᾶτο,
978 892 1073 943 καὶ
1116 890 1214 959 τῆς
1262 890 1434 959 αὐτῆς
1492 890 1708 961 ἡμέρας
1742 889 1894 944 ἄλλοι

313 983 413 1052 μὲν
446 981 851 1051 ἀκρατίσασθαι
892 982 1152 1052 παρεῖχον
1194 980 1364 1051 αὐτῷ,
1388 981 1540 1035 ἄλλοι
1585 982 1642 1034 δὲ
1666 980 1893 1052 ἀριστῆ-

310 1094 424 1139 σαι,
471 1076 650 1145 ἕτεροι
682 1075 737 1128 δὲ
763 1074 1001 1141 δεῖπνον,
1030 1076 1125 1128 καὶ
1172 1073 1351 1144 ἕτεροι
1391 1074 1730 1144 μεταδόρπιά
1771 1092 1892 1127 τινα

311 1167 631 1237 πλησμονῆς
668 1166 1016 1237 παραμύθια.
1052 1165 1210 1220 Οὕτω
1237 1167 1295 1220 δὲ
1331 1166 1503 1237 βιοὺς,
1538 1167 1639 1220 οὐκ
1664 1166 1893 1236 ἄμοιρος

305 1254 376 1331 ἦν
446 1258 769 1312 παντάπασι
822 1257 919 1310 καὶ
968 1257 1151 1311 καλῶν
1208 1258 1407 1328 ἔργων.
1453 1258 1528 1314 Τό
1559 1274 1619 1312 τε
1658 1258 1767 1329 γὰρ
1799 1258 1892 1310 ἐπὶ

303 1351 581 1421 Νέρωνος,
613 1352 708 1403 καὶ
739 1349 799 1404 zz.
823 1349 915 1403 ἐπὶ
954 1349 1184 1412 Γάλϐου,
1219 1348 1315 1403 τοῦ
1350 1366 1411 1404 τε
1450 1349 1695 1414 Ὄθωνος
1721 1350 1892 1404 κοπὲν

2001 614 2388 670 drachmarum
2435 616 2490 671 in
2536 632 2723 673 coenas
2784 619 3164 689 insumpsisse.
3226 622 3378 695 Saepe
3407 629 3575 687 etiam

1998 706 2146 774 apud
2189 707 2327 762 alios
2363 708 2690 764 eonvivatus
2721 719 2846 765 est:
2886 712 3192 783 eodemque
3238 715 3326 771 die
3356 718 3497 774 alius
3522 722 3577 777 ei

1992 795 2359 864 ientaculum,
2402 798 2544 852 alius
2593 799 2907 869 prandium,
2951 802 3094 855 afins
3150 819 3384 870 coenam,
3435 809 3579 865 alius

1998 885 2226 942 bellaria
2257 898 2380 958 post
2417 904 2654 951 caenam,
2684 890 2752 945 ad
2782 891 3092 946 leniendam
3124 897 3406 964 crapulam
3436 913 3578 968 pra:-

1996 979 2257 1034 buerunt.
2298 982 2444 1037 Inter
2473 982 2591 1038 hmo
2614 983 2746 1038 vitia
2776 984 3007 1040 virtutes
3039 985 3088 1040 ei
3118 1002 3226 1041 non
3258 987 3576 1045 defuerunt.

1994 1071 2276 1125 Monetam
2307 1074 2455 1126 enim
2484 1074 2587 1129 sub
2615 1074 2855 1139 Nerone,
2895 1076 3089 1141 Galba,
3117 1078 3332 1135 Othone
3353 1097 3580 1151 percus-

1994 1178 2110 1219 sam
2149 1160 2398 1228 retinuit,
2430 1166 2763 1237 imaginibus
2798 1185 2989 1222 corum
3020 1170 3156 1224 nihil
3190 1170 3473 1227 offensus:
3522 1182 3581 1227 et

1993 1269 2117 1324 quae
2145 1256 2427 1324 aliquibus
2452 1257 2655 1311 donata
2699 1257 2936 1323 fuerant,
2990 1259 3173 1314 omnia
3214 1268 3329 1315 rata
3360 1261 3575 1326 habuit,

1995 1360 2174 1415 neque
2207 1346 2463 1415 cuiquam
2519 1347 2821 1417 quidquam
2866 1350 3096 1419 eripuit.
3132 1349 3322 1420 Neque
3360 1367 3426 1407 ea
3453 1367 3579 1422 qua:

305 1439 553 1510 νόμισμα
604 1441 895 1510 ἐτήρησεν,
959 1440 1062 1493 οὐκ
1129 1441 1456 1507 ἀγανακτῶν
1507 1442 1631 1503 ταῖς
1682 1439 1884 1492 είκόσιν

1990 1453 2059 1491 ex
2088 1439 2596 1494 eontribntionibus
2644 1440 2992 1496 debebantur
3026 1444 3230 1514 exegit,
3261 1460 3444 1515 neque
3471 1463 3576 1502 cu-

304 1531 490 1584 αὑτῶν
518 1548 532 1563 ο
566 1532 663 1587 καὶ
688 1533 790 1586 ὅσα
809 1531 953 1584 τισὶν
987 1530 1342 1602 ὲδεδώρηντο,
1392 1530 1648 1599 ἐφύλαξε,
1684 1530 1884 1602 μηδένα

1988 1530 2244 1601 jusquam
2292 1531 2435 1586 bona
2479 1532 2825 1601 publicavit:
2875 1534 3067 1602 paucis
3107 1535 3375 1591 duntaxat
3399 1537 3577 1593 Otho-

306 1624 474 1695 μηδὲν
505 1623 857 1695 ἀφελόμενος.
900 1624 1011 1677 Καὶ
1039 1622 1164 1677 οὔτε
1226 1623 1297 1676 τὰ
1326 1625 1389 1675 ὲκ
1418 1623 1526 1677 τῶν
1565 1621 1884 1675 συντελειῶν

1992 1619 2170 1675 ηἰαηιιι
2194 1676 2197 1679 ,
2220 1620 2478 1676 factionis
2524 1622 2741 1688 occisis,
2779 1638 2958 1691 neque
2991 1632 3170 1678 tamen
3202 1640 3394 1679 eorum
3430 1625 3575 1679 bona

304 1717 693 1787 ἀποφληθέντα
737 1715 1044 1787 ἀπῄτησεν,
1087 1714 1213 1770 οὔτε
1267 1716 1456 1769 οὐσίαν
1486 1715 1628 1778 τινὸς
1660 1715 1884 1787 ἐδήμευ-

1992 1712 2240 1781 cognatis
2268 1714 2497 1783 eripuit.
2550 1714 2756 1768 Eorum
2807 1715 2939 1769 item
2985 1717 3254 1786 cognatis,
3294 1717 3389 1787 qui
3420 1717 3575 1787 prius

306 1827 421 1874 σεν,
448 1809 665 1878 ὀλίγους
720 1809 819 1879 μὲν
849 1808 993 1861 πάνυ
1023 1808 1133 1861 τῶν
1167 1807 1237 1860 τὰ
1268 1807 1512 1870 Ὄθωνος
1561 1807 1884 1876 πραξάντων

1992 1802 2161 1858 occisi
2214 1804 2455 1870 fuerant,
2504 1821 2569 1861 ea
2615 1808 2860 1861 restituit
2911 1808 3117 1871 omnia,
3153 1825 3275 1879 qua:
3308 1810 3576 1867 adhucin

306 1901 662 1964 ἀποκτείνας,
711 1900 845 1970 μηδὲ
894 1898 994 1961 τάς
1039 1898 1265 1952 ἐκείνοιν
1312 1897 1496 1968 μέντοι
1544 1894 1735 1960 οὐσίας
1760 1896 1884 1958 τοὺς

1996 1896 2219 1965 publico
2246 1898 2692 1967 reperiebantur.
2738 1899 2926 1968 Neque
2970 1910 3296 1956 testamenta
3320 1902 3578 1958 adversa-

301 1993 689 2065 προσήκοντας
741 1991 894 2060 σφῶν
944 1992 1355 2062 ἀποστερήσας.
1385 1991 1496 2044 Ka‘t
1524 1991 1638 2054 τοῖς
1664 1989 1884 2052 οἰκείοις

1995 1987 2230 2052 riorum,
2282 1988 2379 2059 qui
2410 1989 2466 2043 in
2504 1990 2648 2045 bello
2679 1990 3020 2057 ceciderant,
3055 1993 3438 2062 reprehendit.
3472 1995 3577 2050 Ve-

295 2083 358 2140 δὲ
417 2086 528 2138 τῶν
583 2084 854 2156 πρότερόν
902 2100 1034 2136 ποτε
1067 2082 1492 2137 θανατωθέντων
1563 2082 1884 2149 ἐδωρήσατο

1995 2081 2102 2138 tuit
2145 2096 2216 2137 ne
2262 2091 2547 2137 senatores
2588 2092 2649 2139 et
2682 2083 2901 2154 equites
2940 2084 2995 2138 in
3051 2099 3216 2140 arena
3246 2095 3573 2158 pugnarent,

303 2179 484 2230 πάντα
513 2178 613 2230 ὅσα
643 2178 701 2229 ὲν
738 2175 816 2246 τῷ
860 2175 1107 2245 δημοσίῳ
1164 2172 1421 2245 εὕρηντο.
1466 2172 1608 2226 Ἀλλ’
1634 2173 1757 2226 οὐδὲ
1787 2174 1884 2235 τὰς

1992 2181 2087 2225 aut
2117 2171 2171 2226 in
2191 2172 2474 2227 orchestra
2499 2187 2558 2228 se
2581 2174 2910 2242 spectandos
2937 2174 3288 2242 praeberent:
3317 2185 3483 2245 atque
3503 2176 3579 2231 ob

295 2268 565 2338 διαθήκας
587 2268 694 2321 τῶν
737 2265 1292 2338 ἀντιπολεμησάντων
1351 2262 1501 2334 αὐτῷ
1548 2265 1643 2317 καὶ
1682 2264 1740 2316 ὲν
1765 2264 1885 2324 ταῖς

297 2360 507 2431 μάχαις
539 2360 810 2412 πεσόντων
835 2359 1101 2432 ᾐτιάσατο
1136 2375 1151 2391 °
1182 2347 1619 2428 ἀπηγόρευσέδὲ
1649 2356 1745 2410 καὶ
1770 2358 1883 2416 τοῖς

301 2452 640 2521 βουλευταῖς.
675 2453 771 2505 καὶ
801 2455 913 2517 τοῖς
947 2451 1175 2504 ἱππεῦσι
1217 2449 1547 2521 μονομαχεῖν
1577 2448 1610 2519 ἢ
1636 2448 1694 2501 ὲν
1717 2448 1883 2518 ὀρχή-

299 2554 440 2611 στρᾳ
471 2540 602 2594 θέαν
634 2542 757 2594 τινὰ
793 2543 1124 2610 παρασχεῖν.
1145 2540 1255 2593 Καὶ
1281 2538 1371 2591 διὰ
1398 2537 1571 2591 ταῦτα
1607 2538 1879 2608 ἐπῃνεῖτο.

309 2632 439 2685 Ἐπὶ
466 2630 676 2693 τούτοις
722 2631 967 2702 ἠγγέλθη
1013 2629 1163 2700 αὐτῷ
1193 2631 1227 2701 ή
1267 2631 1326 2683 ὲν
1369 2628 1604 2700 Ἰουδαίᾳ
1634 2628 1754 2682 κατ’
1783 2627 1882 2680 αὺ-

297 2723 394 2778 τοῦ
446 2724 846 2787 ἐπανάστασις.
904 2723 1015 2777 Καὶ
1061 2722 1251 2784 δεινῶς
1299 2720 1582 2776 κατέδεισε
1606 2719 1674 2773 δι’
1712 2717 1882 2788 αὐτὴν

297 2815 476 2870 ἄλλων
503 2832 560 2868 τε
580 2814 904 2885 συμϐάντων
933 2815 1196 2884 σημείων,
1221 2812 1426 2881 καὶμτῆς
1449 2812 1681 2883 σελήνης
1731 2811 1882 2880 παρά

299 2908 366 2960 τὸ
394 2906 733 2980 καθεστηκὸς
758 2907 841 2970 δὶς
865 2906 1238 2961 ἐκλελοιπέναι
1265 2905 1514 2975 δοξάσης.
1530 2904 1638 2958 Καὶ
1666 2904 1773 2974 γὰρ
1789 2920 1883 2956 τε·

296 2999 537 3068 ταρταία
566 3001 660 3052 καὶ
695 2998 961 3069 έϐδομαία
989 2997 1258 3067 ὲσκιάσθη
1280 3011 1295 3027 ⁶
1321 2996 1508 3068 ἡλίους
1529 3012 1589 3049 τε
1616 2995 1735 3065 ἅμα
1759 2999 1881 3048 τότε

295 3090 441 3149 εἶδον
469 3092 533 3146 ἐκ
562 3110 622 3146 τε
664 3093 775 3145 τῶν
816 3091 1095 3146 ἀνατολῶν
1144 3093 1239 3147 καὶ
1266 3092 1332 3144 ἐκ
1364 3090 1475 3144 τῶν
1504 3090 1751 3160 δυσμῶν,
1789 3089 1882 3141 τὸν

296 3181 406 3254 μὲν
429 3182 632 3253 ἀσθενῆ
655 3183 748 3237 καὶ
775 3182 977 3254 ὠχρὴν,
1012 3181 1114 3236 -τὸν
1164 3181 1209 3234 δ’
1235 3180 1294 3248 ἐξ
1320 3181 1601 3235 ἀνατολῶν
1635 3180 1879 3251 ἰσχυρόν.
1910 3215 1953 3271 C

310 3278 596 3349 Ἐπράχθη
626 3278 682 3332 δὲ
714 3278 785 3332 τά
802 3282 901 3349 τῆς
934 3276 1362 3340 ἐπαναστάσεως
1388 3273 1507 3331 ὦδε,
1538 3279 1879 3330 Οὐεσπασια-

298 3370 391 3433 νὸς
433 3371 492 3422 ὲν
540 3369 772 3441 Ἰουδαίᾳ
822 3369 1138 3438 διατρίϐων,
1166 3368 1264 3439 (ὡς
1307 3369 1414 3438 γὰρ
1441 3368 1544 3439 ήδη
1573 3366 1877 3439 ἱστόρηται,

297 3461 452 3531 παρά
491 3461 747 3532 Νέρωνος
782 3459 849 3532 ἦν
878 3463 1055 3513 ἐκεῖσε
1102 3459 1315 3523 σταλεὶς
1358 3457 1446 3513 διά
1468 3459 1565 3527 τὴν
1602 3457 1709 3511 τῶν
1744 3458 1880 3509 ’1ου-

292 3552 467 3608 δαίων
497 3554 861 3620 ἀποστασίαν)
886 3551 966 3623 τῷ
1011 3552 1110 3620 μὲν
1138 3551 1318 3621 Γάλϐα
1346 3550 1755 3621 αὖταρχήσαντι
1788 3550 1881 3602 τὸν

296 3647 414 3700 υἱὸν
464 3644 678 3715 ἔπεμψε
729 3645 887 3699 Τῖτον
939 3641 1315 3715 προσεροῦντα
1366 3643 1530 3695 αὐτόν
1573 3641 1880 3694 ’.ἐπανελ-

296 3740 487 3800 θόντος
513 3739 570 3792 δὲ
600 3737 696 3791 τοῦ
716 3738 901 3801 Τίτου,
943 3736 1067 3789 ἐπεὶ
1098 3737 1220 3789 καθ’
1250 3736 1368 3789 ὁδὸν
1402 3733 1747 3805 ἐμεμαθήκει
1781 3732 1879 3802 τὴν

296 3832 395 3886 τοῦ
432 3829 745 3885 Οὐϊτελλίου
771 3830 864 3882 καὶ
911 3828 1006 3882 τοῦ
1041 3828 1285 3891 Ὄθωνος
1314 3807 1708 3890 ἐπανάστασιν,
1744 3826 1879 3896 πρὶς

297 3924 608 3995 μοναρχίαν
638 3923 732 3975 καὶ
767 3922 935 3983 αὐτὸς
962 3920 1199 3991 ὡρμήθη
1252 3920 1393 3974 κατά
1436 3919 1529 3972 τὸν
1562 3920 1759 3973 Δίωνα.
1790 3918 1882 3978 Ὠς

297 4017 347 4069 δ’
379 4018 407 4069 ὁ
451 4017 710 4085 Ἰώσηπος
740 4016 798 4068 ὲν
832 4016 899 4085 τῇ
928 4015 1025 4084 τῆς
1057 4012 1316 4076 ἁλώσεως
1358 4011 1568 4083 ἱστορίᾳ
1601 4012 1791 4082 φησὶν,
1829 4011 1883 4063 οἱ

296 4107 421 4178 μετ’
454 4108 618 4160 αὐτοῦ
681 4105 1040 4178 στρατιῶται,
1109 4104 1373 4176 μαθόντες
1408 4103 1537 4165 τοὺς
1579 4102 1679 4172 μὲν
1724 4103 1782 4154 ὲν
1810 4102 1876 4172 τῇ

299 4199 538 4271 Εὐρώπῃ
569 4198 822 4262 Γαλάτας
874 4197 1282 4257 στασιάσαντας
1334 4193 1549 4250 Γάλϐαν
1598 4194 1880 4267 προχειρί-

299 4290 499 4346 σασθαι
534 4291 932 4362 αὐτοκράτορα,
960 4291 1087 4353 τοὺς
1112 4287 1158 4341 δ’
1189 4289 1247 4341 ἐν
1272 4286 1554 4360 Γερμανίᾳ
1586 4301 1878 4356 στρατευο-

302 4383 498 4454 μένους
552 4380 881 4437 ἀνθελέσθαι
937 4381 1028 4439 τδν
1074 4380 1402 4447 Οὐϊτέλλιον,
1456 4380 1582 4443 τοὺς
1613 4380 1659 4432 δ’
1705 4381 1765 4432 ἐν
1809 4380 1877 4449 τῇ

306 4475 500 4545 Ῥώμῃ
542 4472 992 4545 προχειρίσασθαι
1017 4473 1254 4534 Ὄθωνα,
1286 4472 1380 4524 καὶ
1410 4470 1563 4524 αὐτοὶ
1596 4471 1697 4540 τὴν
1747 4487 1879 4541 μον-

1992 2263 2110 2319 haec
2138 2263 2493 2318 laudabatur.
2524 2264 2790 2319 Nuntiato
2818 2275 2970 2320 motu
2997 2265 3249 2332 Iudaico,
3284 2266 3339 2323 in
3378 2282 3579 2338 magno

1991 2364 2205 2409 terrore
2235 2354 2359 2419 fuit,
2392 2371 2516 2409 cum
2547 2356 2617 2410 ob
2648 2356 2752 2411 alia
2803 2357 3076 2427 prodigia,
3122 2367 3236 2413 tum
3266 2359 3413 2429 quod
3446 2360 3577 2415 luna

1988 2447 2076 2502 bis
2104 2447 2374 2502 defecisse
2422 2456 2623 2517 praeter
2666 2448 2891 2502 solitum
2926 2449 3245 2514 videbatur,
3287 2460 3346 2505 et
3376 2460 3576 2521 quarto

1986 2548 2044 2593 et
2076 2538 2314 2608 septimo
2346 2537 2438 2592 die
2463 2537 2777 2593 obscurata.
2814 2539 3013 2593 -Simul
3066 2541 3232 2594 etiam
3281 2540 3392 2596 duo
3425 2544 3576 2598 soles

1986 2630 2113 2696 visi,
2151 2631 2292 2685 alter
2318 2630 2391 2685 ab
2419 2645 2644 2691 occasu,
2684 2631 2827 2685 alter
2870 2630 2940 2685 ab
2964 2632 3223 2688 oriente:
3280 2632 3374 2688 ille
3417 2633 3574 2688 inﬁr-

1987 2738 2111 2778 mus
2138 2731 2193 2777 et
2222 2722 2481 2792 pallidus,
2532 2721 2693 2793 575
2750 2722 2842 2777 hic
2874 2723 3159 2779 robustus.
3216 2724 3395 2779 Motus
3421 2724 3577 2782 illius

1988 2811 2105 2868 hzec
2151 2814 2294 2868 ratio
2340 2813 2465 2868 fuit.
2495 2814 2864 2884 Vespasianus
2894 2815 2948 2869 in
2980 2815 3169 2870 Jndma
3201 2816 3429 2887 degens,
3461 2833 3575 2887 quo

1986 2921 2116 2962 eum
2150 2920 2180 2959 a
2213 2905 2430 2960 Nerone
2453 2914 2680 2975 promer
2700 2905 3013 2961 Iudaeorum
3038 2906 3409 2963 defectionem
3437 2910 3574 2964 mis-

1988 3013 2110 3054 sum
2145 2996 2317 3051 fuisse
2357 2997 2471 3067 jam
2520 2995 2781 3061 diximus,
2834 2995 3005 3051 ﬁlium
3037 2996 3219 3054 Titum
3249 2998 3315 3053 ad
3346 2999 3574 3057 Galbam

1988 3087 2345 3144 salutandum
2372 3087 2544 3142 misit.
2573 3087 2700 3142 Tito
2733 3096 2920 3142 autem
2959 3105 3182 3145 reverso
3216 3092 3366 3146 (nam
3396 3092 3450 3146 in
3486 3093 3576 3149 via

1988 3180 2319 3237 seditionem
2368 3177 2604 3235 Othonis
2656 3189 2714 3234 et
2765 3180 2967 3235 Vitellii
3016 3181 3308 3253 didicerat)
3349 3191 3410 3239 et
3455 3184 3575 3254 ipse

1986 3272 2073 3342 (ut
2098 3273 2237 3328 Dion
2270 3272 2461 3341 refert)
2508 3287 2736 3343 regnum
2792 3272 3093 3328 affectavit.
3144 3272 3390 3345 Josepho
3443 3291 3576 3332 vero

1984 3375 2210 3421 auctore
2255 3366 2312 3420 in
2360 3364 2575 3420 excidio
2601 3362 2851 3429 Judaico,
2889 3365 3093 3421 milites
3140 3368 3261 3438 ejus
3287 3383 3412 3423 cum
3467 3385 3575 3423 au—

1988 3460 2223 3524 dissent,
2253 3474 2282 3513 a
2315 3457 2487 3515 Gallis
2526 3456 2813 3527 Europaais
2842 3455 3071 3513 Galbam
3106 3474 3206 3529 per
3242 3461 3574 3516 seditionem

1987 3552 2381 3622 imperatorem
2409 3566 2531 3606 esse
2570 3558 2840 3613 creatum,
2877 3565 2906 3604 a
2958 3550 3304 3607 Germanicis
3348 3554 3577 3625 legionio

1988 3643 2094 3699 bus
2132 3644 2434 3708 Vitellium,
2485 3660 2517 3699 a
2560 3644 2826 3699 Romanis
2861 3643 3179 3700 Othonem:
3217 3645 3318 3715 ipsi
3354 3661 3576 3716 quoque

1989 3751 2091 3791 suo
2117 3735 2244 3790 duci
2283 3734 2579 3805 imperium
2635 3735 3046 3803 decreverunt,
3088 3744 3254 3806 atque
3284 3733 3408 3795 aliis
3436 3738 3576 3794 alios

1988 3827 2420 3894 concitantibus,
2483 3827 2875 3897 Vespasianum
2932 3828 3320 3897 imperatorem
3370 3830 3577 3885 saluta-

1987 3930 2162 3985 runt,
2205 3920 2412 3975 hortati
2474 3929 2535 3975 ut
2562 3919 2895 3990 periclitanti
2944 3920 3266 3989 reipublicae
3303 3922 3572 3977 subveni-

1987 4023 2097 4070 ret.
2154 4012 2470 4083 Refraganti
2535 4012 2742 4068 tribuni
2799 4012 3123 4067 institerunt
3174 4029 3189 4068 :
3254 4022 3312 4069 et
3365 4013 3573 4070 milites

1988 4104 2197 4160 strictis
2237 4103 2467 4158 ensibus
2510 4102 2932 4157 circumstantes
2956 4142 2971 4164 ,
3033 4111 3265 4157 mortem
3302 4116 3432 4159 sunt
3469 4105 3575 4158 mi-

1986 4195 2129 4253 nati.
2158 4196 2322 4250 Paret
2354 4194 2543 4263 igitur,
2574 4202 2633 4248 et
2661 4194 2898 4263 primum
2926 4192 2993 4247 ad
3021 4192 3242 4265 Egypti
3276 4202 3568 4264 praatorem

1988 4288 2209 4352 scribit,
2241 4301 2352 4357 quo
2402 4286 2527 4343 loco
2560 4300 2649 4341 res
2680 4298 2793 4340 suae
2819 4284 2931 4339 sint
2960 4301 2974 4337 :
3012 4300 3044 4339 a
3073 4300 3184 4354 quo
3212 4286 3396 4341 statim
3429 4288 3574 4341 salu-

1988 4392 2136 4438 tatus
2166 4388 2250 4436 est
2295 4380 2617 4450 imperator.
2652 4377 2861 4435 Deinde
2894 4377 3198 4432 Mutianum
3227 4377 3399 4449 Syriae
3428 4393 3571 4448 prte-

1990 4482 2168 4526 torem
2197 4472 2252 4525 in
2292 4471 2503 4526 Italiam
2529 4479 2718 4525 contra
2746 4469 3028 4525 Vitellium
3063 4467 3250 4524 mittit.
3283 4466 3405 4537 Quo
3431 4479 3572 4522 tem-

296 4565 498 4637 αρχίαν
527 4563 604 4632 τῷ
656 4562 903 4633 σφετέρῳ
932 4558 1222 4632 στρατηγῷ
1257 4559 1613 4631 ἐψηφίσαντο,
1654 4560 1750 4612 καὶ
1775 4575 1879 4611 παο

1988 4578 2122 4633 pore
2167 4561 2469 4631 Josephum
2522 4559 2833 4623 Hebraeum,
2889 4575 3073 4630 quem,
3126 4559 3347 4615 vivente
3390 4559 3573 4616 adhuc

296 4658 742 4730 ρακροτήσαντες
778 4657 1063 4727 ἀλλήλους,
1084 4656 1461 4727 ἀνηγόρευσαν
1496 4657 1586 4709 τὸν
1631 4657 1878 4709 Οὐεσπα-

298 4750 487 4807 σιανὸν
513 4750 912 4821 αὐτοκράτορα,
940 4748 1038 4802 καὶ
1070 4747 1266 4814 σώζειν
1315 4748 1412 4819 τὴν
1442 4748 1551 4803 τῶν
1588 4748 1878 4819 Ῥωμαίων

297 4843 606 4913 ἡγεμονίαν
644 4841 1065 4897 κινδυνεύουσαν
1102 4839 1472 4910 παρεκάλουν.
1514 4841 1876 4910 Ἀρνουμένου

293 4934 346 4987 δ’
376 4933 610 4998 ἐκείνου,
630 4935 680 4987 οἱ
725 4933 821 5005 μὲν
845 4934 1113 5005 ἡγεμόνες
1144 4935 1516 5003 προσέκειντο,
1542 4935 1593 4985 oi
1626 4933 1684 4986 δὲ
1710 4950 1877 5004 στρα-

293 5026 495 5080 τιῶται
555 5025 947 5097 περιχυθέντες
1013 5026 1262 5097 ξιφήρεις
1334 5024 1544 5079 ἀνελεῖν
1618 5025 1878 5095 ήπείλουν

296 5118 489 5173 αὐτόν.
522 5118 785 5172 Πείθεται
814 5112 927 5181 οὖν,
969 5119 1065 5170 καὶ
1095 5118 1312 5187 πρῶτον
1338 5116 1417 5188 τῷ
1453 5115 1553 5187 τὴν
1585 5117 1758 5187 ἀρχὴν
1789 5119 1885 5189 τῆς

294 5209 583 5280 Αἰγύπτου
617 5209 664 5263 ίθ
679 5209 857 5262 ύνοντι
891 5207 1198 5261 ἐπιστέλλει
1226 5209 1354 5279 περὶ⁵
1406 5207 1514 5261 τῶν
1538 5211 1660 5261 κατ’
1695 5210 1882 5276 αὐτὸν,

290 5310 393 5359 καὶ
464 5302 523 5364 ὃς
574 5300 738 5363 εὐθὺς
812 5300 1190 5371 ἀνηγόρευσεν
1256 5300 1422 5353 αὐτὸν
1479 5300 1882 5370 αὐτοκράτορα.

293 5393 712 5455 Οὐεσπασιανὸς
740 5391 825 5455 δὲ,
863 5392 1024 5446 τοῦτο
1061 5391 1270 5463 μαθὼν,
1298 5393 1387 5444 τὶν
1419 5393 1518 5463 μὲν
1554 5393 1653 5463 τῆς
1682 5394 1883 5464 Συρίας

294 5485 605 5558 ἡγούμενον
667 5483 978 5539 Μουκιανὸν
1040 5485 1120 5547 είς
1164 5483 1265 5553 τήν
1331 5482 1564 5536 Ἰταλίαν
1648 5486 1741 5536 ἐπί
1789 5487 1880 5538 τῖιν

1986 4654 2224 4718 Nerone,
2280 4654 2671 4723 imperatorem
2715 4668 2774 4707 se
2820 4653 3098 4722 appellare
3129 4666 3349 4717 ausum,
3389 4658 3571 4723 capti-

1985 4763 2117 4802 vum
2156 4746 2341 4806 adhuc
2371 4746 2426 4800 in
2455 4745 2698 4801 vinculis
2730 4746 2975 4808 tenebat,
3006 4745 3080 4800 ob
3122 4760 3244 4800 eam
3276 4744 3577 4801 divinatio-

1981 4855 2110 4895 nem
2155 4838 2295 4895 solvi
2343 4837 2528 4908 jussit.
2588 4836 2715 4890 Tito
2764 4851 2898 4890 vero
2938 4836 3217 4900 hortante,
3278 4845 3341 4891 ut
3368 4836 3420 4891 ei
3462 4852 3573 4891 una

1982 4950 2106 4989 cum
2136 4932 2284 4988 ferro
2311 4932 2477 4986 etiam
2515 4929 2814 5001 ignominia
2840 4930 3169 4985 demeretur
3182 4928 3350 5000 (quod
3380 4928 3565 4993 ﬁebat,

1982 5040 2107 5079 cum
2145 5023 2366 5078 vincula
2397 5037 2509 5076 non
2540 5021 2920 5085 solvebantur,
2957 5020 3056 5075 sed
3091 5019 3515 5075 dissecabantur
3549 5035 3564 5071 :

1983 5125 2151 5184 atque
2182 5114 2237 5167 in
2275 5128 2372 5168 eos
2406 5111 2801 5181 usurpabatur,
2834 5110 2929 5179 qui
2965 5125 3065 5180 per
3101 5109 3359 5179 injuriam
3396 5108 3566 5161 vineti

1983 5206 2216 5278 essent),
2249 5205 2591 5277 approbante
2627 5204 2983 5273 Vespasiano,
3015 5201 3237 5270 quidam
3260 5198 3440 5255 securi
3476 5213 3569 5253 ca—

1987 5309 2171 5353 tenam
2221 5296 2507 5352 dissecuit.
2558 5294 2830 5365 Josephus
2860 5292 3007 5346 enim
3047 5293 3131 5361 (ut
3178 5289 3293 5359 ipse
3333 5296 3565 5354 narrat),

1979 5407 2105 5445 cum
2146 5393 2201 5444 in
2234 5389 2407 5445 sacris
2438 5386 2661 5441 Litteris
2698 5382 2981 5437 oraculum
3007 5379 3327 5449 reperisset,
3357 5376 3473 5432 fore
3506 5386 3571 5431 ut

1979 5482 2206 5551 quidam
2228 5498 2292 5537 ex
2318 5480 2507 5535 Judaza
2529 5476 2651 5532 orbi
2682 5485 2952 5530 terrarum
2970 5470 3279 5545 .imperaret
3298 5511 3313 5537 ,
3348 5470 3402 5525 id
3433 5483 3561 5524 ora-

1462 5643 1663 5706 Varim
1709 5644 2017 5706 lectiones
2064 5649 2125 5704 et
2161 5650 2350 5703 noue.

375 5775 453 5846 (6)
488 5774 615 5846 Δύῳ
643 5771 937 5846 μυριάδας
963 5768 1630 5846 μυριάδων-ριαί-χινῖζας
1660 5785 1882 5846 «arra-

301 5840 543 5912 κοόίας.
584 5840 677 5899 Sic
710 5859 839 5898 mss.
912 5845 1044 5912 Reg.
1079 5852 1135 5895 et
1191 5840 1344 5895 Colb.
1402 5841 1568 5895 Wolf.
1600 5843 1889 5912 legendum

640 5949 906 6004 l‘nnoc.
956 5946 1071 6000 (in.
1124 5940 1459 6005 CXXXIV.

1993 5769 2217 5830 nutabat
2273 5768 2393 5835 δισχ
2419 5767 2557 5830 λίας,
2601 5774 2663 5820 ut
2714 5780 2777 5819 ea
2831 5778 3043 5818 summa
3072 5760 3359 5828 confletnr,
3402 5777 3569 5832 quam

2004 5842 2226 5892 'I'acitus
2258 5848 2431 5892 ῐνυιιιι.

2004 5842 2226 5894 Tacitus
2258 5848 2431 5908 punit.

3172 5928 3247 5994 31
