4048 6398
587 426 685 490 971

1855 421 2179 481 JUANNlb
2220 422 2539 481 LUNARE

3729 436 3827 501 972

584 547 792 609 culum,
824 543 896 600 ob
925 541 1299 599 Romanorum
1327 537 1655 605 seditiones,
1684 544 1741 591 et
1771 536 2159 606 imperatorum

2272 536 2581 590 Οὐϊτέλλιον
2605 535 2874 607 ἔπεμψεν.
2900 537 3030 593 Ὀτε
3059 542 3152 594 καὶ
3177 541 3270 595 τὸν
3301 542 3557 615 Ἐϐραῖον
3586 547 3841 621 Ἰώσηπον.

583 639 901 707 frequentes
947 634 1289 689 mutationes
1316 673 1332 699 ,
1380 632 1452 687 ad
1496 630 1901 700 Vespasianum
1949 627 2163 693 retulit,

583 730 750 799 eique
801 727 1136 782 vaticinatus
1163 734 1248 781 est
1291 724 1609 794 imperium.
1642 721 1773 792 Ejus
1800 719 2013 775 oraculi
2051 733 2167 774 me-

585 819 750 874 minit
775 820 941 873 etiam
968 817 1253 887 Appianus
1293 815 1538 869 historia:
1573 814 1833 868 Romana:
1862 811 2005 866 libro
2031 825 2163 864 χχιι.

584 913 811 967 Rectius
847 921 1030 965 autem
1077 924 1141 963 ac
1190 908 1481 963 verissime
1521 906 1574 961 id
1620 905 1905 960 oraculum
1937 902 2004 957 de
2038 900 2158 955 Ser-

585 1014 774 1059 vatore
810 1001 1036 1058 humani
1063 1001 1302 1072 generis,
1349 998 1583 1053 Domino
1612 996 1743 1052 Jesu
1785 993 2031 1056 Christo,
2083 991 2167 1045 in-

587 1098 882 1167 telligetur.
929 1093 1119 1162 Neque
1169 1091 1319 1146 enim
1359 1090 1460 1145 toti
1491 1098 1762 1143 terrarum
1809 1084 1931 1139 orbi
1963 1084 2165 1152 Vespa-

587 1189 775 1243 sianus
829 1184 1162 1255 imperavit:
1214 1181 1312 1237 sed
1366 1179 1630 1234 Romanis
1678 1175 1983 1247 provinciis
2025 1174 2166 1228 dun-

587 1288 755 1344 taxat,
794 1288 951 1334 extra
979 1291 1117 1347 quas
1143 1275 1313 1329 multa
1347 1273 1452 1327 alia
1488 1286 1655 1342 regna
1683 1269 1925 1324 fuerunt.
1962 1268 2030 1322 At
2052 1268 2160 1321 Do-

584 1374 768 1427 minus
805 1369 903 1425 toti
934 1367 1057 1423 orbi
1091 1365 1410 1421 dominatus
1438 1372 1543 1428 est,
1598 1372 1655 1417 et
1697 1362 2038 1422 dominatur,
2074 1359 2162 1413 cui

582 1477 613 1514 a
653 1463 813 1515 Patre
839 1458 1047 1513 dictum
1082 1466 1207 1511 est:
1250 1454 1423 1509 Petito
1453 1471 1485 1507 a
1536 1468 1637 1516 me,
1674 1461 1723 1506 et
1754 1451 1889 1504 dabo
1920 1450 2012 1503 tibi
2039 1465 2160 1519 geu-

584 1560 659 1604 ιω
688 1550 1053 1604 Itwreditatem
1081 1555 1253 1607 tuam,
1304 1554 1354 1600 et
1398 1545 1776 1613 possessionem
1823 1550 1973 1595 mam
2031 1540 2164 1606 ﬁnes

583 1657 740 1699 terra
771 1643 811 1699 ί.
868 1640 1203 1710 Vespasiano
1237 1638 1403 1708 576
1455 1635 1842 1691 Alexandriam
1893 1631 2162 1703 profecto,

581 1739 755 1793 Roma
788 1734 969 1790 nuntii
1005 1742 1277 1786 venerunt
1301 1730 1370 1785 de
1398 1730 1547 1786 caade
1580 1728 1787 1785 Vitellii
1815 1743 1829 1780 :
1867 1736 1924 1781 et
1958 1735 2020 1781 ut
2049 1726 2165 1796 ipse

580 1844 612 1882 a
647 1834 839 1881 senatu
881 1822 1194 1895 populoque
1219 1821 1464 1875 Romano
1493 1820 1792 1888 imperator
1817 1816 2161 1879 declaratus,

2266 623 2326 687 ὃς
2367 625 2554 688 αὐτὸν,
2596 627 2678 680 ἔτι
2729 626 2932 693 ζῶντος
2981 629 3080 684 τοῦ
3136 632 3425 702 Νέρωνος,
3487 637 3841 711 αὐτοκράτορι

2270 721 2590 787 προσειπεῖν
2611 719 2913 791 ἐθάρρησε,
2932 719 3219 792 δεσμώτην
3247 723 3387 776 ὄντα
3420 723 3503 778 ἔτι
3534 730 3664 799 παρ’
3688 731 3837 802 αὐτῷ,

2267 808 2364 860 καὶ
2394 802 2762 878 ἀίχμάλωτον,
2798 812 3036 875 καλέσας
3068 814 3203 884 πρὸς
3250 815 3480 882 ἑαυτὸν,
3505 815 3593 871 οἷα
3621 837 3839 890 προμαν-

2266 915 2360 952 τευ
2371 900 2599 969 τάμενον
2620 902 2767 973 αὐτῷ
2792 902 2888 974 τὴν
2913 903 3117 974 ἀρχὴν,
3152 903 3392 976 λυθῆναι
3407 908 3639 964 κελεύει.
3668 912 3763 964 τοῦ
3789 913 3835 967 δὲ

2267 991 2428 1044 Τίτου
2446 991 2526 1063 τῷ
2553 995 2721 1062 πατρὶ
2746 996 3145 1066 Οὐεσπασιανῷ
3174 997 3395 1052 δίκαιον
3423 1002 3671 1066 εἰπόντος
3721 1003 3836 1059 εἶναι

2267 1082 2366 1135 καὶ
2426 1082 2494 1136 τὸ
2543 1083 2742 1145 ὄνειδος
2781 1084 2841 1148 ἐξ
2897 1084 3169 1156 Ἰωσήπου
3215 1088 3603 1160 ἀφαιρεθῆναι
3652 1093 3740 1145 σὺν
3772 1093 3833 1162 τῷ

2268 1176 2476 1247 σιδήρῳ
2505 1192 2521 1209 ο
2561 1176 2723 1230 τοῦτο
2751 1176 2799 1229 δ’
2822 1176 3066 1240 ἔσεσθαι,
3103 1180 3152 1233 εί
3205 1179 3286 1251 μὴ
3316 1179 3526 1234 λυοῶσι
3558 1184 3624 1235 τὰ
3667 1181 3832 1251 δεσμὰ,

2266 1266 2403 1320 ἀλλὰ
2455 1268 2867 1335 διακοπῶσιν,ὂ
2914 1271 3005 1322 ἐπὶ
3063 1270 3174 1324 τῶν
3217 1272 3297 1342 μὴ
3332 1272 3569 1338 δεόντως
3602 1273 3830 1328 δεθέντων

2269 1360 2603 1427 πράττεται’
2673 1360 2989 1413 συνευδοκεῖ
3037 1363 3133 1414 καὶ
3185 1363 3214 1415 ὁ
3271 1365 3693 1428 Οὐεσπασιανὸς
3755 1364 3831 1419 καὶ

2267 1448 2559 1517 παρελθών
2603 1468 2687 1515 τις
2712 1450 2933 1522 διέκοψε
2972 1453 3197 1507 πελέκει
3247 1454 3354 1526 τὴν
3412 1454 3626 1513 ἅλυσιν.
3664 1462 3714 1510 ’0
3741 1462 3828 1527 γὰρ

2280 1537 2563 1610 Ἰώσηπος,
2597 1540 2673 1605 ὡς
2707 1541 2872 1605 αὐτὸς
2903 1543 3113 1607 ἐκεῖνος
3150 1545 3442 1616 ἱστόρησε,
3475 1548 3715 1618 χρησμόν
3732 1564 3829 1599 τινα

2266 1630 2325 1683 ἐν
2370 1632 2699 1702 γράμμασιν
2746 1635 2915 1705 ίεροτς
2970 1635 3230 1707 εὑρηκὼς
3269 1638 3544 1708 δηλοῦντα
3584 1639 3655 1702 ὡς
3702 1639 3826 1707 ἄρξει

2264 1739 2349 1786 τις
2377 1724 2486 1776 ἀπὸ
2524 1725 2623 1794 τῆς
2680 1724 2864 1796 χώρας
2894 1727 3076 1782 αὐτῶν
3118 1728 3217 1800 τῆς
3250 1731 3585 1799 οἰκουμένης
3642 1729 3723 1783 διὰ
3749 1732 3827 1788 τὰς

2267 1822 2326 1873 ἐν
2378 1823 2445 1892 τῇ
2488 1820 2677 1894 Ῥώμῃ
2736 1823 2963 1888 στάσεις
3032 1827 3127 1879 καὶ
3167 1826 3282 1879 τῶν
3323 1828 3448 1880 ἐκεῖ
3476 1827 3725 1899 βασιλέων
3744 1826 3825 1887 τὰς

579 1930 638 1975 et
665 1920 814 1972 (ilius
843 1914 1189 1971 Domitianus
1216 1911 1587 1982 principatum
1617 1910 1670 1964 in
1707 1910 1828 1980 ejus
1862 1908 2159 1964 adventum

2270 1914 2518 1981 συνεχεῖς
2573 1915 2843 1983 ἀλλαγὰς,
2892 1918 2974 1980 είς
3024 1919 3118 1972 τὸν
3174 1920 3599 1975 Οὐεσπασιανὸν
3656 1918 3825 1973 τείνειν

581 2021 772 2065 tenere
807 2007 992 2068 iussus
1021 2013 1186 2059 esset.
1218 2002 1475 2057 Vitellius
1502 2009 1687 2056 autem
1736 2000 1843 2055 hoc
1872 2000 2036 2055 modo
2067 2014 2166 2069 pe-

581 2100 695 2154 riit.
730 2095 1050 2168 Vespasiani
1088 2095 1312 2157 milites,
1362 2109 1487 2149 cum
1516 2107 1688 2163 prope
1716 2092 1968 2159 Romam,
1998 2101 2164 2161 atque

582 2191 640 2245 in
690 2191 867 2259 ipsam
897 2188 1089 2243 urbem
1120 2185 1424 2250 venissent,
1460 2184 1615 2239 nullo
1658 2184 1933 2239 violentias
1958 2198 2161 2254 genere

580 2281 991 2337 abstinuerunt.
1043 2277 1182 2334 Cum
1211 2286 1399 2332 autem
1440 2275 1573 2332 urbs
1603 2284 1935 2341 vastaretur,
1991 2275 2163 2331 Vitel-

579 2374 689 2430 lius
716 2372 821 2428 sibi
850 2381 1125 2437 metuens,
1158 2370 1351 2425 induta
1380 2384 1621 2439 pannosa
1645 2368 1917 2434 tunicula,
1951 2370 2007 2423 in
2058 2369 2160 2425 ob-

581 2479 803 2519 scuram
843 2462 1255 2527 domunculam,
1302 2461 1396 2517 ubi
1423 2475 1590 2517 canes
1636 2461 1842 2530 alligati
1880 2469 2061 2529 erant,
2101 2476 2161 2517 se

578 2556 814 2621 abdidit,
847 2563 1017 2609 noctu
1045 2553 1375 2608 Tarracinas
1399 2552 1468 2607 ad
1493 2551 1722 2607 fratrem
1745 2551 2041 2624 confugere
2070 2568 2164 2607 co-

579 2649 780 2718 gitans.
816 2646 1018 2701 Milites
1046 2660 1178 2700 vero
1207 2658 1334 2698 eum
1367 2653 1673 2714 repertum,
1731 2644 1923 2700 illuvie
1950 2654 2008 2699 et
2035 2660 2163 2700 san-

578 2741 746 2811 guine
774 2739 998 2809 plenum
1026 2739 1174 2808 (nam
1207 2752 1238 2791 a
1268 2736 1502 2792 canibus
1532 2751 1752 2792 morsus
1779 2736 1999 2807 fuerat),
2018 2738 2163 2793 lace-

578 2840 697 2886 rata
729 2838 899 2895 veste,
948 2828 1207 2883 manibus
1249 2836 1373 2897 post
1398 2836 1611 2898 tergum
1649 2825 1937 2892 revinctis,
1968 2836 2049 2893 et,
2080 2828 2162 2882 la-

576 2938 723 2993 queo
771 2922 913 2977 collo
964 2919 1190 2990 injecto,
1250 2919 1451 2990 partim
1505 2920 1758 2990 colaphis
1809 2920 2158 2985 ceciderunt,

576 3015 777 3085 partim
838 3013 1070 3070 barbam
1120 3011 1430 3068 evellerunt
1459 3028 1474 3066 :
1506 3026 1701 3069 omnes
1728 3026 1861 3068 vero
1888 3012 2079 3067 luxum
2109 3012 2161 3067 ei

576 3105 1007 3176 Opprobrarunt.
1042 3103 1126 3160 0b
1153 3118 1277 3175 quae
1318 3102 1808 3169 verecundantem,
1839 3114 1896 3160 et
1930 3104 2159 3159 humum

2267 2002 2534 2074 ὑπείληφε
2566 2006 2659 2059 τὸν
2683 2009 2951 2078 χρησμὸν,
2967 2009 3064 2062 καί
3087 2010 3137 2063 ο1
3162 2010 3225 2064 τὸ
3248 2012 3458 2082 κράτος
3489 2008 3823 2082 προεμαντεύ-

2268 2111 2417 2150 σατο.
2447 2097 2649 2150 Τούτου
2667 2099 2724 2152 δὲ
2749 2098 2846 2153 τοῦ
2871 2101 3121 2172 χρησμοῦ
3147 2103 3429 2174 μέμνηται
3447 2104 3541 2158 καὶ
3567 2102 3823 2165 Ἀττπιανὸς

2265 2189 2325 2241 ὲν
2364 2189 2444 2260 τῷ
2489 2188 2724 2255 εἰκοστῷ
2762 2191 3001 2263 δευτέρῳ
3028 2193 3171 2265 λόγῴ
3209 2196 3313 2267 τῆς
3367 2194 3676 2268 Ῥωμαῖκῆς
3706 2197 3821 2248 ἱστο-

2265 2279 2388 2351 ρίας
2449 2281 3016 2357 αὐτοῦ.Δικαιότερον
3074 2287 3121 2341 δ’
3164 2287 3254 2355 ἂν,
3304 2288 3338 2359 ἢ
3379 2289 3576 2361 ἀληθὲς
3620 2288 3820 2359 μάλιστα

2264 2373 2575 2446 νομισθείη,
2631 2375 2694 2429 τὸ
2724 2377 2818 2429 ἐπὶ
2866 2378 2959 2432 τὸν
2996 2379 3228 2451 Σωτῆρα
3262 2380 3364 2434 τοῦ
3416 2380 3528 2436 τῶν
3554 2379 3818 2451 ἀνθρώπων

2263 2469 2459 2536 γένους
2504 2468 2597 2522 τὸν
2642 2468 2849 2541 Κύριον
2914 2472 3125 2539 Ἰησοῦν
3187 2474 3432 2544 Χριστὸν
3478 2474 3567 2528 τὸν
3606 2469 3816 2544 χρησμὸν

2263 2558 2629 2627 ὲκληφθῆναι.
2646 2558 2728 2613 Οὐ
2750 2560 2859 2631 γὰρ
2886 2560 2987 2631 τῆς
3010 2563 3344 2633 οἰκουμένης
3366 2562 3585 2632 ἁπάσης
3606 2560 3818 2613 Οὐεσπα-

2265 2652 2448 2716 σιανὸς
2479 2652 2799 2707 ἐϐασίλευσε
2852 2654 2996 2709 κατὰ
3027 2655 3118 2709 τὸν
3158 2657 3441 2728 χρησμὸν,
3470 2656 3602 2712 ἀλλὰ
3627 2657 3713 2724 τῆς
3731 2652 3815 2704 ὑπὸ

2277 2744 2581 2814 Ῥωμαίους
2612 2746 2816 2816 μόνηςο
2871 2747 3008 2801 πολύ
3033 2749 3090 2802 δὲ
3117 2749 3217 2819 τῆς
3243 2751 3575 2821 οἰκουμένης
3593 2743 3656 2818 ἦν
3678 2748 3702 2798 ὁ
3732 2743 3814 2813 τῆς

2273 2836 2594 2907 Ῥωμαῖκῆς
2624 2838 2798 2908 ἀρχῆς
2841 2833 2910 2909 ἦν
2936 2840 3115 2902 ἐκτός.
3160 2840 3219 2894 ὐ
3240 2841 3301 2894 δὲ
3331 2841 3534 2912 Κύριος
3558 2836 3813 2909 συμπάσης

2262 2929 2362 2998 τῆς
2384 2929 2712 3001 οἰκουμένης
2744 2929 3070 2985 ἐϐασίλευσέ
3102 2948 3162 2985 τε
3186 2934 3284 2986 καὶ
3300 2933 3596 3004 βασιλεύει,
3624 2924 3664 2998 ᾧ
3688 2925 3813 2997 παρὰ

2260 3021 2359 3074 τοῦ
2393 3019 2606 3091 Πατρδς
2640 3020 2878 3093 ὲρῤήθη·
2905 3024 3162 3092 Αττησαι
3187 3026 3331 3095 παρ’
3351 3025 3521 3096 ἐμοῦ,
3552 3025 3642 3078 καί
3670 3020 3814 3075 δώσω

2264 3127 2364 3166 σοι
2394 3111 2541 3180 ἔθνη
2582 3112 2699 3181 τὴν
2740 3115 3154 3184 κληρονομίαν
3176 3132 3323 3181 σου,
3369 3115 3469 3170 καί
3509 3113 3615 3183 τὴν
3663 3108 3813 3165 κατά-

577 3199 909 3265 intuentem,
943 3197 1182 3253 cultellis
1209 3196 1314 3251 sub
1346 3204 1534 3250 mento
1564 3204 1938 3266 pupugerunt,
1982 3205 2044 3250 ut
2075 3196 2159 3251 vel

2265 3208 2490 3274 σχεσίν
2519 3221 2638 3261 σου
2668 3207 2740 3262 τὰ
2758 3207 2997 3276 ,πέρατα
3046 3208 3160 3278 τῆς
3185 3210 3324 3281 τῆς.
3356 3207 3737 3268 Οὐεσπασιανὸς
3764 3202 3810 3255 δὲ

575 3290 783 3345 invitus
830 3289 1044 3345 vultum
1091 3288 1393 3344 attolleret.
1445 3286 1648 3343 Verum
1694 3286 1885 3343 Gallus
1910 3287 2158 3358 quidam,

573 3384 696 3453 ejus
723 3383 983 3438 misertus
1011 3399 1025 3437 :
1067 3382 1181 3452 Ego
1213 3381 1327 3446 tibi,
1361 3380 1561 3451 inquit,
1590 3388 1855 3451 quantum
1886 3397 2023 3435 unus
2044 3398 2164 3452 pos-

573 3489 714 3539 sum,
749 3489 900 3545 apem
930 3473 1124 3545 feram,
1152 3487 1330 3542 eoque
1359 3473 1671 3540 vulnerato,
1702 3474 1944 3543 seipsnm
1995 3474 2163 3545 jugu-

573 3564 730 3620 lavit.
788 3565 895 3621 Sed
952 3564 1206 3619 Vitellius
1250 3580 1315 3619 ex
1350 3580 1419 3620 eo
1453 3565 1683 3622 vulnere
1736 3580 1847 3620 non
1882 3574 2157 3632 mortuus,

573 3671 702 3710 cum
732 3658 786 3711 in
814 3671 1095 3712 carcerem
1133 3656 1471 3722 traheretur,
1519 3672 1589 3713 ex
1620 3657 1913 3713 verberum
1943 3666 2000 3713 et
2025 3674 2162 3714 con-

573 3748 926 3803 tumeliarum
976 3747 1319 3819 impatientia
1349 3766 1362 3802 :
1401 3748 1465 3802 At
1496 3764 1590 3820 ego
1618 3749 1819 3819 inquit,
1845 3758 2017 3805 vester
2045 3753 2149 3804 ἕνης

571 3847 787 3910 peralor
814 3839 911 3910 fui.
961 3838 1082 3906 Quo
1131 3839 1281 3895 dicto
1310 3838 1505 3894 irritati
1529 3840 1754 3907 milites,
1796 3855 1865 3896 eo
1893 3840 2155 3908 dissecto,

572 3939 734 3999 caput
754 3939 1098 4000 amputatum
1123 3946 1222 4001 per
1252 3939 1420 3986 totam
1444 3930 1639 3986 urbem
1667 3930 2153 3988 circumtulerunt.

570 4021 720 4077 Vixit
770 4035 954 4077 annos
988 4038 1074 4078 uv
1106 4031 1164 4079 et
1190 4023 1311 4078 dies
1346 4038 1543 4079 Luxu
1571 4041 1585 4089 ;
1621 4023 1916 4094 imperavit
1946 4039 2153 4081 annum

570 4128 765 4181 unum,
796 4131 826 4169 ι
853 4114 1054 4171 diebus
1086 4115 1347 4186 demptis.

2264 3298 2406 3368 πρὸς
2456 3282 2875 3372 Ἀλεξάνδρειαν
2936 3301 3221 3374 ὥρμησεν,
3287 3305 3419 3358 ἔνθα
3459 3306 3549 3357 καὶ
3600 3300 3696 3354 ἀπὸ
3730 3295 3809 3361 τῆς

2275 3390 2497 3463 Ῥώμης
2544 3392 2846 3462 εὐαγγέλια
2896 3390 3033 3467 ἧκεν
3073 3395 3245 3467 αὐτῷ,
3292 3397 3369 3460 ὡς
3396 3393 3689 3452 Οὗῖτέλλιος
3729 3386 3808 3456 μὲν

2262 3484 2588 3556 ἀπεσφάγη,
2655 3486 2820 3550 αὐτὸς
2854 3488 2908 3540 δὲ
2960 3489 3326 3561 αὐτοκράτωρ
3356 3489 3434 3560 τῷ
3467 3503 3527 3539 τε
3562 3485 3705 3554 δήμῳ
3732 3480 3808 3529 καὶ

2262 3577 2329 3644 τῇ
2373 3574 2664 3646 συγκλήτῳ
2713 3576 3084 3646 ἀνηγορεύθη,
3117 3580 3212 3630 κα)⁸
3259 3582 3287 3632 ό
3338 3579 3451 3639 υἱὸς
3479 3572 3633 3629 αὐτοῦ
3660 3571 3806 3634 Δομε-

2261 3664 2446 3726 τιανὸς
2481 3666 2561 3728 εἰς
2586 3666 2887 3736 ἡγεμοιίαν
2915 3667 3169 3739 προήχθη
3198 3669 3366 3739 μέχρι
3390 3668 3488 3735 τῆς
3512 3659 3667 3718 αὐτοῦ
3694 3657 3807 3725 πρὶς

2259 3760 2361 3824 τὴν
2404 3756 2625 3828 Ῥώμην
2681 3758 2940 3826 ἀφίξεως.
2983 3759 3040 3812 Ὀ
3064 3759 3122 3812 δὲ
3155 3761 3250 3813 τοῦ
3277 3757 3585 3813 Οὐϊτελλίου
3610 3752 3804 3806 Θάνατος

2255 3846 2449 3899 τοῦτον
2476 3845 2568 3900 τὸν
2592 3847 2797 3917 τρόπον
2828 3849 3070 3915 ἐγένετο.
3098 3848 3240 3918 Ἤδη
3292 3850 3346 3902 οἱ
3395 3836 3803 3900 Οὐεσπασιάνειοι

2258 3939 2596 4010 στρατιῶται
2659 3941 3099 4011 πεπλησιακότες
3134 3936 3277 4012 ἦσαν
3324 3944 3390 4012 τῇ
3426 3938 3626 4005 Ῥώμῃ,
3656 3926 3736 3981 καὶ
3757 3925 3801 3983 ἐς

2254 4034 2425 4104 αὐτὴν
2458 4034 2781 4098 ἐσϐαλόντες
2818 4034 2971 4087 οὐδὲν
3000 4035 3028 4087 ὃ
3068 4051 3120 4086 τι
3152 4034 3261 4086 τῶν
3286 4031 3482 4087 δεινῶν
3518 4027 3612 4081 οὐκ
3641 4014 3803 4082 ἐποίη“

2254 4142 2378 4181 σαν.
2405 4125 2519 4196 Τῆς
2549 4125 2608 4179 δὲ
2632 4125 2843 4190 πόλεως
2874 4125 3258 4197 πορθουμένης
3288 4127 3319 4180 ὁ
3348 4118 3637 4178 Οὐϊτέλλιος
3660 4104 3801 4178 φοση⁴

566 4202 702 4270 θεὶς,
758 4204 1084 4274 χιτωνίσκον
1136 4220 1198 4258 τε
1256 4205 1479 4277 ῥακώδη
1539 4206 2041 4277 περιϐαλλόμενος,
2123 4212 2184 4278 ἐς
2218 4215 2430 4285 οίκημα
2466 4215 2766 4284 σκοτεινὸν,
2790 4217 2851 4270 ὲν
2900 4209 2945 4284 ᾧ
2970 4196 3133 4279 κύνες
3158 4215 3427 4279 ἐδέδεντο,
3458 4196 3796 4276 κατεκρύφ⁰η’

562 4300 947 4371 διανοούμενος
1000 4301 1196 4367 νυκτὸς
1257 4304 1317 4367 ὲς
1366 4306 1466 4374 τὴν
1521 4305 1838 4376 ΐαρακίνην
1878 4306 2016 4377 πρὸς
2045 4307 2138 4362 τὸν
2177 4310 2406 4382 ἀδελφὸν
2445 4313 2770 4382 ἀποδράναι.
2816 4311 3291 4384 ’Δναζητήσαντες
3335 4311 3393 4367 δᾶ
3429 4309 3478 4362 οί
3509 4295 3794 4384 στρατιῶται

563 4394 728 4449 αὐτὸν
752 4394 1050 4451 συνέλαϐον
1071 4395 1308 4468 φορυτοῦ
1339 4395 1724 4467 πεπλησμένον
1748 4400 1843 4450 καὶ
1868 4398 2102 4468 αἵματος
2130 4401 2257 4472 (ὐπὸ
2285 4403 2395 4475 γὰρ
2421 4403 2531 4458 τῶν
2565 4405 2746 4458 κυνῶν
2766 4383 3146 4476 ἐλελύμαντο),
3174 4405 3271 4459 καὶ
3286 4405 3389 4477 τήν
3413 4398 3609 4469 ἐσθῆτα
3632 4383 3794 4458 πεΡφ³

564 4484 829 4577 ῥήξαντες
887 4486 1079 4551 αὐτοῦ,
1111 4487 1206 4577 καὶ
1237 4488 1318 4552 εἰς
1337 4487 1600 4577 ,τούπίσω
1636 4485 1716 4540 τὼ
1750 4490 1900 4559 χεῖρε
1929 4488 2330 4560 δεσμήσαντες,
2358 4495 2570 4565 σχοῖνόν
2597 4512 2655 4549 τε
2685 4496 3006 4568 περιθέντες
3041 4496 3193 4568 αὐτῷ
3219 4494 3605 4569 περιαυχένιον,
3640 4483 3683 4536 οἱ
3710 4480 3792 4549 μὲν

563 4575 885 4647 ερράπιζον,
915 4577 967 4630 οῑ
990 4577 1048 4631 δι
1081 4576 1176 4630 τοῦ
1197 4576 1412 4646 γενείου
1435 4575 1663 4645 ἔτιλλον,
1698 4581 1902 4642 πάντες
1939 4578 1997 4633 δὲ
2031 4580 2316 4638 ἔσκωπτον
2337 4587 2408 4641 τά
2434 4603 2493 4639 τε
2528 4586 2663 4641 ἄλλα
2700 4591 2795 4641 καὶ
2815 4588 2913 4659 τὴν
2943 4588 3187 4644 ἀσωτίαν
3212 4587 3397 4644 αὑτοῦ.
3431 4575 3790 4655 Αἰσχύνομένου

560 4667 618 4721 δὲ
651 4668 746 4723 ἐπὶ
796 4668 1032 4733 τούτοις.
1068 4668 1164 4722 καὶ
1196 4669 1347 4723 κάτω
1377 4669 1689 4740 βλέποντος,
1730 4675 1781 4726 οἱ
1817 4676 2152 4745 στρατιῶται
2185 4681 2436 4751 ξιφιδίοις
2474 4684 2642 4738 αὐτὸν
2670 4684 2777 4738 ὑπὸ
2804 4686 2867 4737 τὸ
2913 4686 3126 4754 γένειον
3190 4685 3537 4745 ὐπεκέντουν,
3595 4676 3674 4729 ἵνα
3709 4663 3786 4721 καὶ

562 4758 717 4813 ἄκων
753 4760 868 4815 ἄνω
909 4761 1102 4833 βλέπῃ.
1140 4761 1350 4825 Κελτὸς
1383 4762 1459 4833 (7)
1491 4763 1549 4816 δέ
1578 4781 1661 4828 τις
1691 4766 1924 4838 ἐλεήσας
1961 4770 2150 4837 αὐτὶν,
2191 4773 2339 4844 Ἐγώ
2359 4791 2482 4841 σοι,
2522 4776 2961 4847 ἐφη,βοηθήσω
2991 4777 3072 4844 ὡς
3090 4779 3282 4847 μόνος
3308 4776 3385 4850 (8)
3411 4775 3666 4839 δύναμαι.
3700 4754 3786 4814 Καὶ

560 4852 591 4904 ὁ
616 4852 715 4920 μὲν
744 4853 951 4907 ἐκεῖνον
982 4853 1214 4924 ἔτρωσε,
1250 4857 1345 4909 καὶ
1372 4856 1565 4909 ἑαυτὸν
1600 4859 1936 4929 ἀπέσφαξεν.
1975 4864 2052 4917 Οὐ
2081 4866 2266 4935 μέντοι
2306 4869 2452 4923 καὶὸ
2480 4871 2787 4934 Οὐϊτέλλιος
2823 4871 3094 4925 ἀπέθανεν
3129 4876 3192 4927 ὲκ
3217 4872 3312 4926 τοῦ
3345 4867 3660 4942 τραύματος»
3687 4851 3781 4907 ἀλλ’

560 4943 788 5014 ἐσύρετο
817 4949 896 5009 είς
912 4946 978 5037 ,τὸ
998 4947 1398 5019 δεσμωτήριον.
1443 4950 1829 5024 Περιαλγήσας
1860 4956 1917 5009 δὲ
1968 4952 2052 5023 οἷς
2079 4976 2138 5012 τε
2179 4960 2387 5033 ἔπασχε
2458 4966 2554 5018 καὶ
2618 4959 2702 5026 οἷς
2744 4967 2942 5037 ἤκουεν
2967 4983 2982 4999 ο
3023 4966 3179 5021 Ἀλλ’
3232 4966 3433 5037 ἔγωγε,
3483 4962 3601 5028 ἔφην
3637 4951 3781 5004 σῦκ’

558 5040 790 5109 κράτωρ
818 5034 988 5111 ὑμῶν
1011 5042 1328 5112 ἐγενόμηνο
1363 5045 1743 5116 ὐργισοέντες
1808 5049 1901 5104 οῦν
1966 5055 2016 5106 οἱ
2081 5059 2418 5127 στρατιῶται
2476 5034 2788 5130 κατέκοηίραν
2834 5060 3022 5123 αὐτὸν,
3063 5060 3161 5114 καὶ
3197 5034 3299 5131 τήν
3357 5034 3591 5126 κεφαλὴν
3612 5047 3776 5100 ἀποτε-

567 5135 760 5206 μόντες
811 5133 1001 5201 αὐτοῦ,
1055 5135 1195 5189 κατὰ
1242 5138 1427 5191 πᾶσαν
1453 5141 1553 5210 τὴν
1589 5142 1745 5195 πόλιν
1775 5146 2138 5215 περιήγαγον,
2182 5148 2450 5220 ζήσαντας
2517 5152 2612 5221 ἔτη
2673 5153 2913 5223 τέσσαρα
2956 5153 3049 5207 καὶ
3091 5153 3448 5224 πεντήκοντα,
3478 5147 3565 5199 καὶ
3601 5134 3776 5208 ἡμέρας

558 5227 716 5281 ἐννέα
757 5229 852 5280 καὶ
910 5226 1262 5300 ὀγδοήκοντα,
1310 5234 1759 5304 μοναρχήσαντος
1802 5235 1862 5289 δὲ
1888 5240 2156 5305 ἐνιαυτὸν,
2195 5242 2328 5296 δέκα
2367 5246 2591 5315 ἡμερῶν
2621 5247 2923 5301 ὲπιδέοντα.

632 5321 791 5377 XVII.
846 5320 944 5378 His
995 5324 1255 5395 peractis,
1306 5324 1581 5383 Mutianus
1626 5328 1870 5397 advenit,
1924 5348 2139 5403 unaque

2319 5339 2418 5394 lZ'.
2453 5341 2869 5413 Πεπραγμένων
2902 5342 2957 5396 δὲ
2993 5341 3198 5398 τούτων
3222 5343 3251 5398 ό
3281 5334 3571 5400 Μουκιανὸς
3600 5316 3768 5393 ἐπῆλθε

634 5470 650 5500 ‘
682 5470 825 5525 Psal.
855 5485 917 5535 ιι,
955 5469 1013 5527 8.

1742 5572 1942 5636 Variae
1978 5573 2282 5641 lectiones
2328 5588 2391 5641 ct
2422 5593 2609 5643 nuta).

628 5731 716 5812 (7)_
739 5732 980 5812 Κεᾼτός.
1012 5733 1230 5812 lta_duo
1261 5755 1391 5795 mss.
1420 5738 1554 5810 Reg.
1580 5750 1629 5795 et
1664 5740 1816 5797 Colb.
1848 5744 1914 5799 At
1954 5747 2130 5800 inter-

555 5803 775 5878 p_‘cs_iii_
796 5803 970 5855 altero
1001 5818 1067 5857 ex
1098 5807 1165 5859 iis
1188 5811 1391 5878 quibus
1438 5803 1569 5865 usus
1604 5823 1709 5874 est,
1737 5815 1926 5869 codice
1958 5818 2128 5870 Κελε-

554 5874 642 5930 τό;
676 5871 779 5939 li'gi
814 5883 1018 5940 monet,
1052 5871 1220 5942 quasi
1241 5891 1387 5935 esset
1445 5897 1645 5936 nomen
1698 5871 1984 5954 propalam
2017 5904 2125 5942 non

2235 5749 2495 5815 nationis,
2528 5752 2622 5807 sed
2658 5753 2783 5809 viri.

2306 5820 2382 5886 (8;
2427 5805 2522 5885 ’.(ίς
2539 5805 2852 5897 ιζᾷνοξξίιτι
2888 5826 3056 5882 etiam
3091 5828 3213 5882 Dio.
3270 5813 3572 5897 Sylbm‘ﬁi“s
3597 5805 3756 5897 lege".

2231 5890 2359 5944 dum
2391 5903 2576 5947 censet
2599 5894 2673 5958 ὡς
2700 5898 2899 5965 μόνως,
2929 5915 3032 5970 qua
3064 5899 3181 5955 εοια
3208 5890 3406 5952 ταιίδηε
3437 5893 3643 5962 possunt.
