4048 6392
533 464 642 526 975
1800 466 2128 528 JOANNIS
2161 467 2482 527 ΖΟΝΑὶὶιἘ.
2676 508 2684 514 -
3674 475 3768 540 οπο

533 585 621 628 tus
641 583 724 629 est
745 589 890 630 anno
925 573 1104 631 aetatis
1131 590 1277 630 nono
1303 583 1359 629 ct
1385 592 1448 630 ιι
1478 592 1672 633 mense
1698 586 1756 633 et
1783 579 1873 635 die
1894 587 2113 644 octavo,

2222 582 2359 650 πλὴν
2416 582 2510 635 τοῦ
2591 583 2913 638 Μουσωνίου
2971 586 3048 654 (9)
3102 588 3348 654 ἅπαντες
3415 591 3770 663 ἀπηλάθησαν.

535 666 760 737 imperii
794 681 942 722 anno
979 667 1214 736 decimo,
1244 685 1295 723 v1
1325 669 1524 724 diebus
1555 671 1762 726 minus.

2218 675 2609 746 Χρηματιστὴς
2650 677 2696 729 δ’
2735 678 3043 748 ἐνομίζετο,
3091 681 3174 735 ὃτι
3234 683 3540 754 ἀνδριάντα
3601 687 3774 756 στῆσαι

531 759 682 831 αὐτῷ
718 759 1122 830 ψηφισαμένων
1143 759 1327 826 τινῶν,
1366 755 1428 815 οὗ
1460 763 1520 815 τὸ
1549 763 1810 834 ἀνάλωμα
1847 765 2110 834 μυριάδες
2147 757 2288 833 ἦσαν
2330 767 2492 820 πέντε
2547 773 2640 822 καὶ
2706 770 2904 834 εῐκοσι,
2942 773 3228 842 προέτεινε
3275 777 3380 848 τὴν
3427 782 3605 849 χεῖρα.
3654 755 3777 833 Δότε

526 873 627 928 μοι
657 854 725 909 τὸ
757 855 1064 926 ἀργύριον,
1090 856 1288 912 εἰπών’
1354 857 1394 926 ἠ
1428 859 1536 929 γὰρ
1557 857 1747 923 ,βάσις
1781 859 1970 912 αὐτοῦ
1991 858 2145 925 αὕτη
2183 858 2337 912 ἐστι.
2373 861 2482 912 Καὶ
2518 862 2652 932 πρὸς
2694 863 2787 916 τὸν
2820 865 2978 929 Τῖτον
3037 868 3462 934 ἀγανακτοῦντα
3493 873 3632 926 τέλει
3685 873 3776 926 τινὶ

530 945 576 1020 ᾧ
631 951 794 1014 αὐτὸς
849 951 1252 1022 καταδέδειχεν,
1287 945 1465 1016 εἶπεν,
1524 952 1760 1022 χρυσοῦς
1813 953 1871 1018 ἐξ
1930 951 2097 1005 αὑτοῦ
2141 953 2578 1023 πεπορισμένους
2605 955 2807 1021 λαϐὼν,
2873 957 3050 1024 Ἰδοὺ,
3081 960 3305 1016 τέκνον
3330 963 3389 1016 εἴ
3436 981 3491 1016 τι
3525 963 3777 1030 ὄζουσιν;

544 1045 942 1115 Ἐπεϐουλεύθη
973 1047 1068 1100 κοιλ⁵
1091 1047 1196 1100 ὑπὸ
1233 1044 1482 1115 Ἀληῖνοῦ
1510 1045 1606 1100 καὶ
1635 1047 1740 1099 ὑπὸ
1805 1047 2151 1116 Μαρκέλλου.
2191 1047 2544 1117 Φωραθέντες
2610 1050 2686 1112 δὲ.
2725 1053 2754 1104 ὁ
2805 1052 2906 1120 μὲν
2949 1053 3190 1124 Ἀληῖνδς
3227 1059 3288 1111 έν
3318 1062 3435 1120 τοῖς
3517 1059 3776 1128 βασιλείοις

533 1141 774 1210 ἐσφάγη,
804 1139 898 1192 τοῦ
929 1139 1090 1192 Τίτου
1122 1137 1487 1202 κελεύσαντος
1513 1154 1526 1168 ³
1553 1138 1879 1210 Μάρκελλος
1915 1138 1970 1191 δὲ
2001 1137 2211 1208 κριθεὶς
2253 1142 2310 1194 ὲν
2332 1139 2409 1211 τῷ
2441 1141 2721 1213 συνεδρίῳ,
2754 1147 2848 1197 καὶ
2875 1147 3323 1214 καταδικασθεὶς,
3397 1151 3558 1215 αὐτὸς
3609 1153 3777 1206 ἑαυτὸν

533 1235 735 1298 ἀνεῖλε,
789 1232 937 1305 ξυρῷ
988 1233 1170 1304 τεμὼν
1221 1234 1314 1289 τὸν
1342 1234 1562 1306 λαιμόν.
1600 1233 2016 1297 Οὐεσπασιανὸς
2063 1236 2117 1286 δὲ
2158 1237 2394 1306 νοσήσας
2430 1240 2688 1306 πυρετοῖς
2743 1241 3113 1311 μετήλλαξεν·
3177 1246 3256 1309 ὼς
3301 1245 3360 1298 δέ
3398 1263 3542 1310 τινες
3575 1247 3774 1316 ἔφασαν,

531 1327 629 1380 τοῦ
665 1327 828 1380 Τίτου
859 1327 1335 1398 καταψευδόμενοι
1393 1328 1690 1399 φάρμακον
1759 1327 1818 1380 ὲν
1867 1326 2156 1396 συμποσίῳ
2193 1330 2300 1380 τινὶ
2335 1331 2630 1389 πεπωκώς.
2701 1332 3114 1403 Ἐπιτιμώντων
3147 1335 3206 1389 δὲ
3238 1337 3394 1408 αὐτῷ
3421 1338 3658 1393 νοσοῦντι
3685 1341 3776 1394 τῶν

532 1420 740 1490 ιατρῶν
769 1420 848 1474 ὅτι
891 1419 1066 1474 νοσῶν
1129 1421 1309 1475 πάντα
1342 1419 1413 1474 τὰ
1461 1420 1528 1490 τῇ
1577 1419 1720 1488 ἀρχῇ
1794 1418 2148 1488 προσήκοντα
2186 1415 2450 1487 ἔπραττε,
2509 1421 2552 1472 Τ
2551 1419 2620 1472 ὸν
2648 1422 3082 1492 αὐτοκράτορα,
3115 1426 3243 1496 έςιη,
3276 1427 3515 1482 ἑστῶτα
3543 1430 3628 1484 δεῖ
3651 1433 3776 1486 ἀπο-

529 1516 848 1583 θνήσκειν.
915 1514 1156 1568 Ἀπεϐίω
1224 1513 1283 1567 δὲ
1352 1514 1528 1584 ζήσας
1601 1511 1700 1583 ἐτη
1773 1512 1908 1582 πρὸς
1957 1511 2116 1564 ἐννέα
2154 1507 2422 1580 ἑξήκοντα
2492 1513 2587 1566 καὶ
2622 1515 2798 1584 μῆνας
2861 1517 3009 1571 ὀκτὼ
3039 1523 3129 1572 καὶ
3169 1522 3394 1591 ἡμέρας
3437 1523 3618 1576 δλτώ.
3661 1543 3769 1593 μιν,

529 1611 782 1680 αρχήσας
838 1607 894 1662 δὲ
933 1606 1027 1678 ἔτη
1057 1606 1193 1660 δέκα
1226 1605 1286 1670 ἓξ
1324 1606 1514 1658 δέοντα
1545 1603 1794 1676 ἡμερῶν.

600 1707 788 1764 XVIII.
813 1705 954 1760 IIuic
971 1705 1233 1760 defuncto
1262 1704 1420 1758 Titus
1441 1703 1716 1759 successit
1740 1723 1752 1758 :
1783 1702 1878 1772 qui
1904 1709 2116 1771 tempo-

2289 1697 2398 1756 IH'.
2436 1701 2639 1754 Τούτου
2673 1702 2732 1755 δὲ
2763 1703 3210 1777 τελευτήσαντος.
3245 1712 3274 1763 ὁ
3305 1711 3469 1774 Τῖτος
3505 1713 3600 1782 τήν
3627 1714 3774 1784 ἀρχὴν

536 1817 598 1858 re
662 1799 906 1870 imperii,
968 1813 1152 1868 neque
1201 1797 1531 1862 crudeliter,
1581 1811 1765 1866 neque
1816 1795 2116 1849 libidinose

2218 1791 2504 1860 διεδέξατο.
2572 1797 2668 1858 Ὃς
2727 1805 3081 1868 μοναρχήσας
3137 1802 3265 1854 οὔτε
3317 1808 3536 1870 φονικόν
3582 1823 3628 1858 τι
3667 1806 3772 1860 οὕτε

527 1889 832 1962 quidquam
893 1887 1044 1953 fecit,
1107 1887 1224 1942 sive
1252 1887 1324 1941 ob
1357 1894 1602 1941 mutatos
1650 1900 1856 1952 mores,
1900 1888 2016 1938 sive
2043 1883 2116 1937 ob

2218 1884 2479 1954 ἐρωτικὸν
2507 1884 2762 1956 ἔπραξεν,
2796 1889 2827 1958 ἢ
2864 1891 2946 1942 ὃτι
2979 1893 3335 1976 μετεϐάλετο.
3371 1897 3404 1966 ἦ
3442 1899 3523 1952 ὅτι
3551 1900 3640 1951 ἐπὶ
3665 1898 3772 1968 βρα-

524 1985 787 2054 exiguum
817 1992 1038 2050 tempus
1080 1993 1192 2048 quo
1221 1976 1537 2047 imperavit.
1578 1977 1716 2030 Nam
1751 1991 1938 2030 rerum
1974 1975 2119 2045 poti-

2216 1977 2474 2046 χύτατον,
2506 1978 2582 2042 ὥς
2635 1997 2699 2048 γε
2751 1982 2810 2044 ἐς
2845 1984 3148 2052 ἠγεμονίαν
3189 1989 3392 2050 εἰπεῖν,
3433 1991 3642 2046 ἐπεϐίω.
3685 1991 3773 2044 Δύο

530 2090 643 2138 tus,
706 2071 992 2130 biennium
1057 2069 1346 2132 duntaxat,
1395 2084 1615 2124 menses
1643 2084 1699 2134 v,
1749 2077 1806 2123 et
1849 2066 1970 2122 dies
2013 2084 2116 2122 xxv

2218 2071 2325 2136 γὰρ
2366 2071 2460 2138 ειη
2495 2071 2635 2142 μετὰ
2669 2072 2768 2142 τὴν
2797 2075 3100 2146 αὑταρχίαν
3132 2080 3228 2132 καὶ
3254 2081 3438 2151 μῆνας
3475 2081 3567 2135 δύο
3585 2083 3770 2152 ἡμέρας

529 2167 669 2221 vixit
696 2185 710 2222 :
740 2165 868 2219 vitae
887 2171 1070 2218 autem
1095 2162 1213 2237 ejus
1237 2160 1474 2230 spatium
1499 2159 1603 2214 fuit
1627 2175 1899 2214 annorum
1923 2175 2106 2223 χχιιι,

531 2257 806 2316 mensium
854 2271 914 2318 v,
945 2254 1158 2309 dierum
1192 2269 1320 2308 xxv.
1365 2252 1546 2318 Quare
1587 2266 1714 2306 cum
1762 2252 2111 2322 longatvitate

530 2348 762 2418 Augusti
807 2353 1183 2416 comparatur,
1205 2342 1354 2414 quod
1399 2358 1504 2398 nec
1538 2344 1585 2398 is
1621 2343 1910 2397 adamatus
1941 2350 2110 2406 esset,

529 2445 574 2502 si
623 2445 912 2514 pauciores
953 2455 1129 2494 annos
1178 2438 1456 2504 vixisset;
1499 2451 1603 2492 nec
1652 2424 1858 2501 hic,'si
1904 2435 2111 2506 plures.

539 2537 701 2604 Quod
735 2537 825 2592 ille
856 2534 1131 2606 principio
1166 2541 1390 2602 propter
1423 2529 1566 2584 bella
1597 2536 1655 2584 et
1688 2527 1996 2583 seditiones
2027 2541 2115 2582 as-

530 2629 739 2702 perior,
783 2629 949 2698 longo
994 2625 1088 2680 illo
1137 2623 1318 2693 spatio
1371 2619 1766 2678 beneﬁcientia
1805 2619 2111 2675 inclaruit:

531 2727 623 2780 hic
653 2723 934 2778 moderate
967 2730 1122 2790 gesto
1155 2716 1413 2788 imperio,
1446 2717 1502 2770 in
1529 2716 1649 2784 ipso
1676 2714 1868 2785 gloria:
1894 2713 2114 2782 fastigio

531 2814 790 2872 decessit.
831 2810 990 2879 Quod
1025 2809 1072 2865 si
1117 2808 1213 2864 diu
1262 2807 1516 2871 vixisset,
1545 2805 1768 2860 crimini
1803 2805 1922 2859 dari
1969 2803 2114 2859 forte

533 2907 827 2978 potuisset,
859 2919 986 2960 cum
1020 2901 1215 2974 majori
1257 2900 1480 2956 fortuna
1507 2913 1672 2969 quam
1710 2899 1921 2952 virtute
1953 2912 2114 2951 nsum

531 3002 555 3056 ί·
558 3001 722 3056 uisse.
748 2999 804 3053 In
829 2997 1138 3069 principatu
1161 3010 1264 3052 suo
1285 2994 1498 3050 nullum
1528 3004 1843 3049 senatorem
1869 2992 2112 3048 occidit:

533 3091 820 3164 privilegia
845 3107 875 3146 a
916 3087 1304 3160 superioribus
1343 3087 1786 3156 imperatoribus
1825 3101 2114 3151 concessa,

525 3181 742 3241 litteris
780 3179 1000 3252 publice
1045 3177 1343 3250 propositis
1394 3175 1758 3232 conﬁrmavit.
1821 3176 2118 3230 Pecuniam

533 3281 790 3331 accurate
807 3269 1176 3334 conservavit,
1199 3284 1301 3324 nec
1325 3277 1533 3352 temere
1552 3267 1919 3337 consumpsit,
1939 3279 2118 3336 neque

537 3376 721 3421 tamen
775 3375 1107 3432 quemquam
1160 3373 1230 3414 ex
1288 3359 1521 3413 avaritia
1581 3357 1855 3428 supplicio
1907 3355 2114 3411 aII‘ecit.

2215 2177 2275 2213 τε
2325 2161 2534 2214 εἴκοσιν
2580 2163 2796 2232 ἔζησεν,
2841 2166 2929 2218 ἐπ’
2963 2169 3121 2222 ἐννέα
3154 2171 3252 2223 καὶ
3295 2167 3588 2242 τριάιξοντα
3629 2173 3770 2238 ἔτεσι,

2214 2251 2308 2303 καὶ
2339 2253 2474 2320 μησὶ
2508 2253 2692 2316 πέντε,
2730 2255 2827 2308 καὶ
2868 2255 3102 2326 ἡμέραις
3141 2259 3310 2313 πέντε
3344 2261 3443 2316 καὶ
3489 2263 3669 2316 εἴκοσι.
3694 2263 3770 2313 Διὸ

2215 2349 2311 2401 καὶ
2354 2349 2410 2415 ἐξ
2451 2348 2564 2402 ἴσου
2614 2350 2778 2404 αὐτῖν
2823 2353 3018 2421 ἄγουσι
3050 2357 3114 2424 τῇ
3149 2356 3243 2409 τοῦ
3277 2358 3588 2424 Αὐγούστου
3637 2355 3772 2410 πολυ-

2197 2440 2358 2510 .ετίᾳ.
2403 2440 2488 2492 ὅτι
2511 2439 2625 2492 οὔτ’
2661 2443 2872 2506 ἐκεῖνος
2900 2443 3134 2515 ὲφιλήθη
3168 2447 3260 2513 ἂν,
3306 2450 3358 2501 εί
3391 2449 3593 2502 ἐλάττω
3609 2447 3770 2518 χρόνον

2215 2531 2426 2600 ἐξήκει,
2457 2531 2572 2584 οὔτ’
2593 2531 2660 2586 ἂν
2698 2526 2876 2597 οὗτος,
2917 2535 2966 2587 εί
2993 2536 3214 2590 πλείονα
3244 2555 3258 2569 ·
3294 2540 3324 2591 ὁ
3348 2539 3448 2609 μὲν
3474 2539 3573 2604 ὅτι,
3601 2537 3773 2606 τραχύ-

2217 2640 2376 2692 τερος
2416 2624 2697 2694 καταρχὰς
2731 2624 2820 2680 διά
2853 2629 2979 2692 τοὺς
3009 2629 3283 2700 πολέμους
3326 2637 3422 2686 καὶ
3450 2633 3546 2695 τὰς
3582 2631 3769 2691 στάσεις

2216 2715 2530 2786 γενόμενος,
2557 2717 2798 2789 ἠδυνήθη
2837 2719 2977 2788 μετὰ
3017 2721 3189 2774 ταῦτα
3231 2723 3581 2796 εὐεργεσίαις
3620 2723 3674 2775 ὲν
3705 2718 3769 2788 τῷ

2219 2807 2560 2879 πολυχρονίῳ
2597 2807 3016 2882 λαμπρύνεσθαι
3038 2827 3052 2843 ⁶
3087 2802 3180 2868 ὅδ’
3212 2815 3299 2869 ὅτι
3331 2814 3586 2879 ἐπιεικῶς
3624 2810 3768 2882 ἄρξας

2207 2901 2278 2954 ,ὲν
2306 2903 2458 2971 ἀκμῇ
2480 2901 2579 2971 τῆς
2609 2901 2769 2974 δόξης
2786 2903 3049 2966 ἀπέθανε,
3080 2906 3202 2978 τάχ’
3239 2907 3310 2962 ἂν
3336 2907 3632 2978 ἐλεγχθεὶς.
3670 2904 3768 2968 εἴτε

2219 2991 2352 3045 ἐϐίω
2399 2993 2493 3046 ἐπὶ
2535 2992 2767 3064 μακρὸν,
2797 2993 2878 3046 ὅτι
2922 2995 3148 3068 εὐτυχίᾳ
3192 2997 3408 3053 πλείονι
3451 2997 3703 3069 ἐχρήσατο
3738 2990 3766 3060 ἦ

2219 3085 2412 3156 ἀρετῇ.
2436 3084 2575 3138 υῦτε
2595 3085 2652 3139 δέ
2680 3103 2802 3139 τινα
2832 3087 2944 3141 τῶν
2972 3087 3280 3157 βουλευτῶν
3302 3093 3361 3144 ἐν
3387 3092 3450 3160 τῇ
3485 3087 3637 3142 αὑτοῦ
3660 3086 3770 3155 ἠγε-

2224 3178 2384 3248 μονίᾳ.
2424 3179 2740 3242 ἀπέκτεινε,
2787 3182 2882 3234 καὶ
2927 3181 3238 3252 γράμματα
3283 3181 3512 3254 ἐξέθηκε
3563 3173 3768 3250 βεϐαιῶν

2223 3271 2402 3324 πάντα
2460 3269 2532 3323 τὰ
2584 3272 2690 3324 ὑπὸ
2737 3272 2848 3326 τῶν
2907 3274 3173 3344 πρότερον
3241 3273 3652 3345 αὐτοκρατόρων
3695 3269 3768 3321 δοο

2222 3362 2386 3416 θέντα
2417 3362 2530 3432 (I0)
2564 3364 2725 3417 τισίν.
2761 3359 2869 3418 Ἤν
2897 3365 2954 3418 δὲ
2989 3368 3120 3437 περὶ
3137 3367 3403 3438 χρήματα
3423 3363 3666 3436 ἀκριϐὴς.
3687 3355 3766 3410 καὶ

537 3457 655 3515 Sub
689 3471 756 3512 eo
785 3453 1144 3510 Pseudonero
1173 3450 1404 3517 exstitit,
1449 3450 1615 3505 homo
1646 3451 1904 3515 Asianus,
1940 3448 2116 3504 nomi-

2218 3453 2279 3506 οὑ
2316 3455 2495 3524 μάτην
2522 3453 2842 3524 ἀνήλισκεν·
2871 3453 3062 3506 οὐδένα
3092 3457 3282 3524 μέντοι
3315 3455 3456 3526 μετὰ
3474 3449 3637 3506 ταῦτα
3659 3442 3766 3498 ἑκό-

536 3565 608 3604 ne
654 3547 950 3605 Terentius
988 3543 1279 3606 Maximus,
1326 3543 1534 3598 Neroni
1581 3552 1638 3598 et
1689 3542 1829 3597 facie
1869 3552 1926 3598 et
1980 3557 2116 3597 voce

537 3641 739 3696 similis
781 3656 795 3693 :
840 3654 966 3693 nam
1031 3637 1100 3691 ad
1153 3635 1423 3690 citharam
1475 3649 1697 3703 quoque
1757 3635 2014 3688 canebat.
2067 3635 2118 3688 Is

534 3741 852 3806 comparata
896 3732 950 3786 in
984 3730 1113 3786 Asia
1139 3728 1402 3792 factione,
1429 3735 1486 3782 et
1515 3727 1582 3781 ad
1612 3727 1952 3797 Euphratem
1986 3741 2116 3797 pro-

535 3843 782 3899 gressus,
837 3839 999 3880 manu
1050 3823 1212 3892 longe
1266 3821 1474 3890 majore
1531 3818 1700 3885 facta,
1752 3819 1996 3890 denique
2047 3819 2116 3879 ad

535 3919 878 3976 Artabanum
933 3915 1265 3973 Parthorum
1313 3927 1496 3984 regem
1539 3911 1820 3982 confugit.
1848 3911 1952 3978 Qui
1995 3911 2119 3966 Tito

537 4015 734 4078 iratus,
769 4011 926 4066 illum
959 4016 1241 4077 receptum
1280 4005 1510 4060 Romam
1560 4004 1826 4059 reducere
1853 4002 2115 4058 instituit.

535 4105 724 4160 Primo
749 4115 896 4157 anno
915 4099 1261 4171 principatus
1287 4096 1422 4160 Titi,
1446 4096 1550 4152 sub
1571 4105 1902 4152 autumnum
1930 4095 2119 4152 subito

539 4198 737 4268 ingens
768 4195 825 4249 in
861 4191 1165 4262 Campania
1199 4189 1522 4245 incendium
1554 4190 1791 4244 exstitit.
1838 4189 2119 4244 Vesuvius

537 4289 686 4342 cnim
747 4299 909 4340 mons
943 4284 1102 4356 juxta
1137 4279 1447 4351 Neapolim,
1480 4281 1736 4350 copiosos
1766 4279 1910 4350 ignis
1941 4281 2121 4336 fontes

537 4377 854 4438 continens,
875 4374 929 4428 in
947 4372 1130 4429 medio
1147 4373 1410 4427 duntaxat
1431 4370 1612 4437 ardet,
1637 4373 1912 4427 exteriora
1927 4383 2121 4428 carent

539 4470 676 4542 igni.
715 4467 956 4524 Proinde
1009 4465 1297 4522 cacumina
1336 4464 1392 4518 in
1428 4463 1666 4519 circuitu
1703 4473 1948 4520 veterem
1990 4468 2120 4522 alti-

538 4559 788 4614 tudinem
815 4559 1090 4620 obtinent,
1126 4553 1368 4609 medium
1398 4568 1528 4608 vero
1555 4553 1667 4625 igni
1700 4565 2117 4626 consumptum,

538 4653 670 4707 dum
699 4649 871 4718 magis
900 4661 965 4701 ac
987 4645 1161 4716 magis
1183 4644 1458 4709 subsedit,
1488 4660 1796 4702 concavum
1822 4655 1908 4702 est
1936 4648 2120 4704 reddi-

2217 3542 2350 3598 λασέ
2386 3561 2537 3600 ποτε.
2585 3545 2708 3598 Ἐπὶ
2740 3545 2934 3600 τούτου
2965 3547 3020 3600 δὲ
3063 3548 3091 3600 ό
3118 3547 3477 3619 Ψευδονέρων
3505 3542 3681 3612 ἐφάνη.
3716 3533 3764 3596 δεῖ

2219 3636 2466 3700 Ἀσιανὸς
2495 3632 2584 3708 ἦν,
2620 3637 2872 3691 ἐκαλεῖτο
2905 3638 2962 3691 δὲ
2994 3640 3284 3710 Τερέντιος
3316 3622 3582 3706 Μάξιμος,
3617 3642 3764 3700 προσ-

2219 3728 2412 3793 εοικὼς
2451 3729 2509 3782 δὲ
2542 3728 2623 3799 τῷ
2657 3729 2874 3801 Νέρωνι
2917 3731 3015 3784 καὶ
3057 3731 3119 3785 τὸ
3144 3727 3288 3796 εἵδος
3321 3733 3414 3786 καὶ
3451 3729 3545 3798 τὴν
3579 3719 3760 3793 φωνήν

2219 3820 2312 3885 καὶ
2365 3820 2475 3890 γὰρ
2516 3820 2613 3874 καὶ
2653 3820 2995 3898 ἐκιθαρῴδει.
3029 3823 3134 3876 Ἕκ
3165 3840 3226 3877 τε
3273 3826 3374 3895 τῆς
3415 3820 3595 3880 Ἀσίας
3635 3811 3764 3869 τινὰς

2221 3913 2686 3984 προσεποιήσατο,
2716 3917 2813 3967 καὶ
2837 3915 2932 3966 ἐπὶ
2955 3915 3046 3968 τὸν
3109 3915 3410 3986 Εὐφράτην
3467 3899 3762 3980 προχωρῶνι

2220 4001 2404 4072 πολλῷ
2438 4003 2659 4066 πλείους
2696 4005 3047 4076 ἀνηρτήσατο
3073 4021 3085 4036 ’
3115 4007 3211 4059 καὶ
3244 4006 3398 4068 τέλος
3436 4002 3565 4074 πρδς
3591 3989 3764 4062 Ἀρτά⁴

2221 4094 2387 4149 ϐανον
2429 4095 2520 4146 τὸν
2559 4095 2668 4148 τῶν
2699 4096 2932 4163 Πάρθων
2961 4097 3272 4167 κιτέφυγεν
3302 4094 3540 4168 ἀρχηγόν
3563 4107 3576 4121 ·
3601 4086 3652 4148 ὃς
3685 4077 3764 4134 καὶ

2220 4187 2288 4240 δι’
2315 4188 2498 4259 ,ὀργῆς
2543 4188 2634 4242 τὸν
2665 4185 2826 4242 Τῖτον
2857 4189 3174 4260 ποιούμενος
3206 4190 3424 4257 ἐδέξατο
3470 4181 3647 4238 τοῦτον
3683 4168 3763 4260 καλ

2223 4282 2564 4348 καταγαγεῖν
2607 4281 2688 4343 εἰς
2742 4280 2965 4351 Ῥώμην
2997 4283 3464 4352 παρεσκευάζετο.
3507 4275 3590 4327 Ἐν
3615 4268 3666 4322 δὲ
3696 4259 3760 4330 τῷ

2223 4372 2427 4444 πρώτῳ
2455 4374 2556 4443 τῆς
2589 4374 2887 4444 ἡγεμονίας
2912 4373 3005 4426 τοῦ
3034 4374 3196 4427 Τίτου
3233 4374 3344 4428 ἔτει
3392 4371 3500 4441 πῦρ
3543 4368 3596 4418 ὲν
3629 4361 3760 4424 Καμ-

2223 4465 2392 4536 πανίᾳ
2426 4465 2560 4518 πολὺ
2604 4465 2748 4518 κατὰ
2783 4465 2844 4518 τὸ
2883 4465 3226 4538 φθινόπωρον
3285 4465 3479 4536 ἁθρόον
3509 4451 3756 4527 seponas.

2222 4557 2296 4610 Τὸ
2328 4557 2438 4628 γὰρ
2476 4555 2600 4627 ὅρος
2641 4557 2702 4610 τὸ
2741 4555 2968 4610 Βέσϐιον
3003 4559 3140 4626 (II),
3182 4561 3324 4612 κατὰ
3363 4554 3505 4610 Νέαν
3527 4547 3582 4602 ὃν
3607 4540 3755 4598 πόλιν,

2223 4648 2336 4720 ἔχει
2370 4649 2545 4720 πυρὸς
2576 4648 2840 4716 ἀφθόνους
2868 4649 3082 4718 πηγάς·
3115 4650 3282 4719 μέσον
3324 4649 3380 4702 δέ
3407 4661 3468 4713 γε
3503 4639 3649 4712 μόνον
3674 4642 3757 4720 ’τέ’

539 4755 680 4798 tum.
731 4715 886 4796 unde
931 4715 1099 4794 noctu
1149 4738 1391 4803 ﬂamma,
1439 4736 1682 4792 interdiu
1733 4737 1940 4804 fumus,
1985 4740 2116 4795 alias

2228 4715 2500 4810 πϐρωται,
2529 4739 2600 4794 τὰ
2627 4715 2674 4794 ϐ’
2701 4739 2808 4804 ἔξω
2835 4715 3024 4792 τούτου
3055 4715 3194 4794 εἰσὶν
3226 4742 3432 4810 ἄπυρα.
3461 4733 3572 4788 Τῶν
3599 4721 3682 4780 οὖν
3707 4715 3754 4810 ἐν

537 4837 737 4906 major,
765 4832 900 4886 alias
917 4832 1096 4884 minor
1114 4827 1390 4898 erttmpit:
1415 4828 1714 4898 aliquando
1737 4831 1906 4888 etiam
1927 4832 2117 4887 subito

539 4926 856 4988 dehiscens,
914 4924 1129 4998 cineres
1177 4928 1235 4974 et
1282 4933 1408 4974 saxa
1443 4921 1498 4974 vi
1543 4929 1834 4975 ventorum
1888 4922 2120 4994 impulsa

537 5019 844 5092 eiaculatur
876 5033 889 5068 :
915 5027 972 5070 et
997 5030 1122 5068 cum
1160 5027 1446 5069 murmure
1473 5023 1714 5076 resonat,
1743 5015 1814 5069 ob
1845 5017 2120 5084 spiracula

539 5126 646 5164 non
683 5110 876 5168 densa,
906 5103 1000 5160 sed
1039 5118 1158 5158 rara
1208 5111 1264 5158 et
1297 5103 1494 5158 libera.
1531 5103 1608 5158 Ae
1652 5103 1780 5159 talis
1809 5117 1896 5161 est
1942 5106 2120 5162 Vesu-

538 5208 682 5259 vius.
729 5199 894 5270 579
931 5197 1072 5251 Tum
1123 5205 1309 5250 autem
1363 5195 1590 5251 itnmani
1643 5198 1922 5256 tumultu.
1963 5200 2122 5270 quasi

539 5305 758 5351 montes
811 5293 958 5346 inter
1015 5304 1075 5344 se
1129 5288 1552 5353 colliderentur,
1611 5289 1800 5344 subito
1839 5291 2121 5355 exaudito,

2153 4783 2200 4842 D

2223 4807 2320 4902 rip-
2350 4830 2501 4902 μέσῳ
2539 4832 3000 4902 κεραυνουμένων
3033 4833 3122 4886 καὶ
3167 4807 3544 4906 τεφρουμένων
3593 4817 3641 4872 αι
3671 4807 3754 4906 μέν

2221 4898 2382 4993 πέριξ
2412 4898 2650 4991 κορυφαὶ
2686 4923 2748 4974 τὸ
2778 4898 3005 4992 ἀρχαῖον
3036 4898 3301 4987 σώζουσιν
3329 4898 3485 4992 War
3514 4911 3570 4966 τὸ
3598 4907 3645 4960 δὲ
3674 4898 3752 4993 μέ·

2223 5031 2315 5067 σον
2355 5012 2824 5084 (ηκδαπανηθὲν
2853 5013 2930 5084 τῷ
2961 5014 3115 5084 πυρὶ,
3151 5016 3330 5070 κοῖλον
3353 5017 3416 5067 ἐκ
3442 5007 3532 5062 τοῦ
3564 4991 3750 5056 συνιξδτ·

2222 5122 2336 5158 νειν
2366 5108 2606 5174 ἐγένετο.
2649 5105 2764 5158 Καὶ
2811 5105 3123 5158 ἀναδίδοται
3156 5107 3216 5172 ἐξ
3250 5107 3414 5160 αὐτοῦ
3446 5101 3539 5168 τῆς
3568 5093 3654 5162 μὲν
3677 5099 3748 5134 ν⁹’

2223 5199 2349 5262 κτὸς
2408 5199 2562 5268 φλὸξ,
2605 5200 2703 5270 τῆς
2731 5199 2776 5253 δ’
2823 5201 3039 5271 ἡμέρας
3088 5201 3318 5266 καπνὸς,
3357 5197 3450 5253 καὶ
3500 5187 3620 5244 ποτὲ
3665 5177 3746 5246 μὲν

2225 5291 2450 5361 μᾶλλον,
2497 5292 2670 5345 ἐνίοτε
2709 5292 2755 5345 δ’
2803 5293 3046 5347 ὲλάττον.
3079 5293 3303 5350 Ἀλλοτε
3343 5293 3398 5346 δὲ
3447 5284 3535 5340 καὶ
3574 5275 3746 5341 τέφραν

1757 5447 1958 5510 Variae
1993 5447 2302 5512 lectiones
2333 5454 2392 5510 et
2424 5455 2612 5511 notae.

613 5583 686 5651 (9)
717 5578 886 5645 Πλὴν
931 5577 1038 5631 τοῦ
1062 5575 1461 5651 ’Μουσωνίου
1490 5571 1624 5628 Vide
1667 5571 2008 5646 Spaligcrum
2045 5571 2109 5626 ad

542 5638 864 5712 Eusebium,
903 5663 1024 5718 pag.
1047 5647 1186 5718 201,
1215 5645 1412 5718 ﬁed“:
1589 5711 1649 5718 __
1705 5638 1714 5646 ’

615 5720 724 5790 κιο)
751 5705 1412 5790 ΔοόέῶοςᾶἰλΧίρῙ-ιίιίιιιιεί
1443 5727 1540 5766 seu
1589 5711 1710 5769 Dio,
1761 5713 1888 5767 inde
1910 5728 2112 5790 Emen-

542 5783 774 5846 dandus.
805 5788 899 5856 qui
931 5783 1296 5856 βεϐαιωθέντα
1329 5784 1608 5856 habet,ex_
1641 5792 1869 5836 bueton.
1900 5783 2114 5848 Bene/i-

543 5863 620 5915 cfu
658 5877 690 5913 a
713 5854 1072 5925 superioribus
1099 5870 1339 5908 concess:
1362 5854 1704 5925 principibus.
1735 5865 1843 5907 ctc.

617 5932 729 6000 tit)
760 5922 927 5992 Ὅρος
987 5925 1055 5978 τὸ
1105 5925 1378 5979 Βέσϐιον.
1435 5924 1512 5976 Ita
1569 5925 1723 5977 Dioni
1763 5922 2108 5993 appellatur:

2215 5570 2588 5694 Eonstantino
2645 5573 2743 5627 lib.
2805 5591 2841 5629 ιι
2899 5573 2974 5628 De
3031 5575 3252 5631 tltemat.
3285 5590 3402 5647 cap.
3445 5567 3525 5622 Il.
3558 5541 3742 5611 Οὐεσοῦο

2256 5659 2356 5694 ιοε.

2445 5714 2512 5766 Τὸ
2555 5711 2622 5765 δὲ
2645 5713 2862 5780 μέσον.
2905 5716 3006 5771 Hic
3039 5716 3224 5772 Wolﬁi
3257 5699 3738 5783 versionem-9332'

2217 5763 2466 5858 ἀςιὶίῃιίηές
2492 5763 2575 5837 ie;
2597 5763 2867 5840 satiant;
2898 5763 3508 5858 έξῑῑυιίέέεῖέεξεβέέωι
3529 5763 3738 5824 ινοιιειις,

2219 5854 2496 5906 medietate
2529 5863 2712 5908 exusta
2741 5866 2789 5909 et
2814 5859 3086 5927 depressa.
