4048 6402
402 314 511 379 θῖἹ

1638 290 2045 383 ΑΝΝΑιιυιι
2097 326 2241 385 LIB.
2275 321 2383 387 x1.

3553 319 3658 384 978

403 434 729 496 ἀναϐάλλει,
771 435 900 487 ὅταν
934 434 1130 506 ἀθρόον
1192 434 1456 507 ύφιξήσῃ.
1500 439 1607 491 Καὶ
1642 437 1823 499 λίθους
1856 441 1987 494 ἀνα-

2093 444 2324 512 primum
2366 445 2609 515 ingentia
2643 462 2770 500 saxa
2802 445 3149 509 chiliernnt,
3182 442 3382 497 deinde
3427 457 3660 514 magnus

404 530 644 597 πέμπει,
676 528 808 580 ὅταν
837 526 943 579 ὑπὸ
970 528 1279 596 πνεύματος
1309 531 1473 599 ἀρθῇ,
1510 531 1635 599 ήχεῖ
1673 548 1731 583 τε
1767 533 1860 585 καὶ
1889 532 1989 604 βοᾷ

407 619 924 690 συμπεπιλημένας,
980 620 1098 674 ἀλλ’
1144 621 1343 690 ἀραιὰς
1394 622 1487 675 καὶ
1545 624 1838 692 ἐλευθέρας
1889 626 1988 688 τὰς

406 712 683 775 ἀναπνοὰς
713 711 856 782 ἔχον.
884 710 1136 765 Τοιοῦτον
1161 711 1260 780 μέν
1281 713 1396 765 ἐστι
1422 711 1477 765 τὸ
1508 713 1751 768 Βέσϐιον.
1782 714 1914 768 Τότε
1933 715 1987 769 δὲ

408 805 619 868 κτύπος
660 802 897 867 ἐξαίσιος
926 802 1189 872 ἐξαπίνης
1225 802 1301 866 ὡς
1324 805 1434 858 τῶν
1465 806 1606 876 ὀρῶν
1650 808 1987 876 συμπιπτόν-

406 911 515 948 των
569 894 896 963 ἐξηκούσθη.
954 894 1060 947 Καὶ
1122 894 1378 965 ἀνέθορον
1427 896 1643 965 πρῶτον
1706 896 1804 965 μὲν
1849 895 1986 948 λίθοι

406 984 827 1055 ὑπερμεγέθεις,
856 983 1048 1037 ἔπειτα
1074 984 1183 1054 πῦρ
1215 985 1349 1038 πολὺ
1376 987 1469 1039 καὶ
1493 988 1700 1049 καπνὸς
1730 988 1985 1054 ἄπλετος,

408 1078 481 1140 ὡς
506 1079 596 1130 καὶ
622 1076 714 1128 τὸν
737 1076 889 1145 ἥλιον
911 1075 1348 1148 συγκρυφθῆναι,
1383 1079 1477 1130 καὶ¹
1503 1079 1701 1141 σκότος
1726 1081 1788 1131 ἐκ
1811 1079 1984 1149 φωτὸς

409 1164 687 1235 γενέσθαι.
739 1167 850 1219 Καὶ
894 1167 1070 1237 τέφρα
1112 1166 1168 1220 δέ
1210 1167 1525 1238 ἀνεφυσήθη
1574 1169 1874 1238 ἀμύθητος,
1910 1169 1987 1233 ὡς

406 1260 504 1329 τῆς
551 1275 610 1311 τε
643 1257 746 1327 γῆς
776 1256 872 1310 καὶ
914 1258 1011 1326 τῆς
1048 1257 1326 1329 Θαλάσσης
1354 1260 1451 1313 καὶ
1482 1258 1575 1312 τοῦ
1610 1262 1774 1330 ἀέρος
1820 1276 1988 1313 κατα-

409 1348 778 1417 σκεδασθῆναι
814 1348 1039 1413 παντὸς,
1081 1350 1176 1402 καὶ
1220 1350 1367 1413 τοὺς
1394 1350 1584 1421 ἰχθύας
1629 1352 1699 1404 τά
1730 1367 1788 1404 τε
1824 1352 1986 1422 ὄρνεα

404 1441 797 1512 διαφθαρῆναι,
844 1442 938 1495 καὶ
984 1441 1094 1495 δύω
1134 1443 1337 1509 πόλεις,
1372 1443 1433 1495 τὸ
1483 1460 1542 1496 τε
1597 1444 1987 1513 Ἐρκουλάνεον

407 1535 504 1590 καὶ
555 1536 683 1596 τοὺς
729 1534 1071 1603 Πομπηΐους,
1115 1536 1173 1587 ἐν
1213 1533 1426 1605 θεάτρῳ
1472 1534 1565 1588 τοῦ
1602 1536 1777 1605 δήμου
1805 1536 1987 1593 αὐτῶν

409 1624 747 1695 καθημένου,
777 1626 1225 1697 καταχωσθῆναι.
1256 1626 1504 1698 Τοσαύτη
1542 1627 1588 1681 δ’
1617 1623 1685 1700 ἦν
1724 1629 1756 1699 ἡ
1787 1630 1986 1700 τέφρα,

408 1718 549 1771 ὥστε
595 1735 649 1769 τι
693 1718 863 1787 αὐτῆς
904 1720 997 1771 καὶ
1028 1720 1085 1781 ἐς
1118 1718 1395 1790 Ἀφρικὴν
1430 1720 1604 1773 ἐλθεῖν
1651 1720 1744 1774 καὶ
1778 1722 1858 1785 εἰς
1884 1720 1988 1775 Συ-

2093 534 2231 603 ignis
2255 546 2311 588 et
2347 534 2530 590 fumus
2572 536 2891 598 immensus,
2919 542 2977 587 ut
3028 534 3110 589 sol
3144 535 3518 589 occultaretur
3544 574 3559 596 ,
3603 541 3657 586 et

2090 625 2181 677 lnx
2215 624 2267 678 in
2308 627 2565 680 tenebras
2610 635 3049 681 converteretur.
3086 625 3183 680 Est
3228 636 3285 679 et
3322 625 3527 679 cineris
3577 623 3661 678 \is

2092 717 2389 772 ineffabilis
2423 718 2617 779 effusa,
2650 732 2760 787 quo
2799 718 2852 771 in
2883 731 3033 772 aere.
3073 725 3220 771 terra
3264 726 3322 771 et
3376 715 3513 769 mari
3542 715 3660 768 dis-

2089 809 2288 878 sipato.
2315 809 2494 878 pisces
2523 817 2577 863 et
2600 809 2860 863 volucres
2885 808 3172 878 perierunt
3202 825 3215 861 :
3240 814 3296 861 et
3326 807 3435 860 duo
3458 806 3662 875 oppida

2091 900 2461 954 licrculannm
2492 909 2547 954 et
2579 899 2847 971 Pompeii,
2886 900 3089 969 ptthth
3122 899 3174 953 in
3225 898 3438 952 theatro
3483 898 3665 951 consi-

2089 991 2275 1049 dente.
2309 1001 2436 1046 sunt
2469 1005 2751 1060 oppressa.
2803 988 3040 1045 Tantum
3077 1004 3242 1059 porro
3287 989 3492 1043 cineris
3536 987 3659 1052 fuit,

2089 1093 2151 1139 ut
2188 1085 2532 1155 aliquantt'nn
2574 1084 2741 1138 etiam
2779 1084 2831 1137 in
2871 1083 3136 1146 Africam,
3180 1082 3234 1136 in
3270 1081 3564 1152 Egyptum
3608 1090 3667 1136 et

2089 1176 2323 1246 Syriam,
2351 1177 2633 1246 ipsamque
2660 1172 2889 1229 Romam
2921 1174 3261 1244 perferretur
3295 1191 3308 1226 :
3348 1172 3494 1227 unde
3567 1187 3663 1239 pe-

2091 1266 2340 1321 stilentia
2375 1274 2668 1321 consecuta
2705 1275 2807 1319 est.
2842 1260 3001 1318 Titus
3031 1281 3161 1319 vero
3179 1264 3474 1333 Campanis
3513 1263 3666 1319 colo-

2090 1374 2189 1414 nos
2224 1358 2397 1422 misit,
2432 1367 2486 1413 et
2522 1358 2785 1428 pecunias
2824 1355 3072 1424 donavit,
3114 1371 3306 1410 eorum
3357 1356 3663 1425 prmsertim

2088 1448 2182 1517 qui
2237 1448 2356 1502 sine
2409 1444 2728 1501 ltmredibus
2777 1446 3176 1501 decesserant:
3209 1445 3324 1515 ipse
3371 1462 3400 1500 a
3444 1446 3666 1501 nemine

2089 1538 2414 1609 quidquam,
2443 1538 2547 1594 etsi
2581 1538 2736 1593 multi
2782 1536 3070 1603 offerrent,
3097 1537 3331 1607 accepit.
3368 1535 3537 1591 Multa
3567 1554 3669 1606 pu-

2089 1630 2234 1685 blica
2278 1629 2511 1685 aedilicia
2557 1628 2626 1683 de
2674 1644 2777 1684 suo
2820 1628 3094 1684 exstruxit
3131 1645 3144 1682 :
3188 1627 3349 1681 ludos
3384 1627 3669 1682 mirabiles

2091 1721 2241 1785 fecit,
2273 1721 2328 1776 in
2350 1721 2554 1791 quibus
2574 1720 2823 1792 globulos
2842 1721 3054 1791 ligneos
3078 1720 3390 1791 dejiciebat,
3435 1719 3488 1772 in
3528 1734 3669 1790 quo-

410 1809 536 1880 ρίαν
577 1808 671 1862 καὶ
700 1809 779 1872 εἰς
806 1808 905 1880 τὴν
945 1808 1220 1877 Αἴγυπτον
1252 1811 1346 1863 καὶ
1377 1812 1458 1875 είς
1498 1812 1672 1884 αὐτὴν
1716 1812 1814 1882 τὴν
1853 1810 1986 1867 Ῥὡο

2093 1830 2214 1870 rum
2249 1814 2372 1869 aliis
2402 1813 2664 1869 esenlenti
2692 1812 2919 1883 aliquid,
2943 1810 3064 1867 aliis
3085 1812 3274 1876 vestis,
3298 1811 3420 1865 aliis
3446 1826 3668 1876 aurum,

411 1920 542 1973 μην.
577 1905 635 1969 ἐξ
658 1900 724 1975 ἧς
754 1904 984 1977 ὕστερον
1012 1905 1090 1960 λοι
1102 1907 1170 1975 μιέ
1187 1906 1284 1976 81;,-
1308 1906 1463 1971 νόσος
1492 1906 1812 1981 ἐνέσκηψεν.
1846 1906 1909 1962 '0
1938 1908 1984 1962 δ’

405 1990 500 2047 οὖν
530 1994 690 2056 Τῖτος
719 2000 826 2059 τοῖς
859 1998 1187 2065 Καμπανοῖς
1215 1998 1308 2051 καὶ
1338 2000 1587 2062 οἰκιστὰς
1622 1999 1863 2070 ἔπεμψε,
1891 2000 1987 2052 καὶ

406 2086 670 2157 χρήματα
703 2088 1013 2158 ἐδωρήσατο
1051 2090 1186 2144 ἄλλα
1213 2107 1273 2142 τε
1307 2091 1401 2143 καὶ
1444 2090 1514 2144 τὰ
1555 2091 1663 2144 τῶν
1690 2091 1991 2162 ἀκληρονο-

413 2176 626 2245 μήτων.
662 2172 832 2238 Αὐτὸς
862 2178 917 2230 δὲ
945 2179 1100 2233 οὐδὲν
1129 2180 1258 2250 παρ’
1288 2180 1522 2247 οὐδενὸς,
1552 2181 1732 2236 καίτοι
1773 2181 1987 2235 πολλῶν

410 2266 684 2334 διδόντων,
730 2269 970 2334 ἐδέξατο.
1006 2270 1186 2325 Πνλλά
1230 2270 1286 2325 δὲ
1334 2272 1443 2325 τῶν
1482 2272 1759 2344 δημοσίων
1806 2272 1987 2346 ἔργων

408 2357 710 2429 ἀνέστησεν
748 2361 982 2427 οἴκοθεν,
1008 2365 1102 2416 καὶ
1120 2362 1338 2431 ἀγῶνας
1361 2366 1585 2436 ἐποίησε
1612 2366 1985 2436 θαυμαστοὺς,

411 2450 470 2504 ἐν
496 2445 576 2512 οἷς
611 2454 840 2522 σφαιρία
870 2452 1058 2519 ξύλινα
1097 2454 1270 2524 μικρά
1297 2455 1505 2510 ἀνωθεν
1540 2457 1814 2527 ἐρρίπτει,
1849 2457 1991 2529 σύμ-

411 2542 566 2596 ϐολον
604 2542 796 2613 ἔχοντα
828 2546 888 2597 τὸ
921 2545 1021 2617 μὲν
1056 2547 1320 2617 ἐδωδίμου
1355 2548 1520 2614 τινὸς,
1557 2549 1618 2601 τὸ
1652 2549 1707 2602 δὲ
1736 2550 1988 2621 ἐσθῆτος,

412 2636 540 2690 ἄλλο
562 2636 1046 2706 χρυσοῦ,⁷ἴππων,
1095 2638 1426 2708 ὑποζυγίων,
1467 2641 1854 2713 βοσκημάτων,
1896 2642 1993 2694 ἀν-

408 2726 691 2798 δραπόδων
712 2744 727 2758 ο
757 2728 793 2783 ἀ
830 2729 879 2781 οἱ
930 2728 1275 2798 ἁρπάζοντες
1311 2731 1446 2802 προς
1482 2732 1606 2796 τοὺς
1628 2732 1865 2803 δοτῆρας
1901 2732 1994 2785 αὐ·

409 2818 517 2871 τῶν
549 2819 853 2888 ἀπάγοντες
890 2820 951 2873 τὸ
983 2822 1468 2892 ἐπιγεγραμμένον
1499 2823 1826 2892 ἐλάμϐανον.
1856 2821 1993 2876 Τού-

408 2927 502 2963 του
531 2912 646 2963 ἐστὶ
675 2912 768 2965 καὶ
797 2914 829 2982 ἡ
858 2913 1102 2983 ἀοίδιμος
1123 2915 1304 2984 ἐκείνη
1328 2915 1477 2983 φωνὴ
1503 2915 1751 2979 εἰπόντος
1768 2930 1782 2945 ⁸
1807 2915 1997 2985 Sams-

405 3016 517 3070 ξιον
553 3003 666 3056 οὐκ
713 3003 1113 3071 ἐϐασίλευσα,
1156 3006 1286 3060 ἐπεὶ
1325 3004 1545 3061 οὐδένα
1592 3005 1991 3076 εὐηργέτησα.

411 3095 619 3149 Τούτου
667 3096 746 3168 τῷ
785 3097 989 3170 πρώτῳ
1023 3098 1133 3152 ἔτει
1166 3100 1324 3163 Αἶνος
1364 3101 1393 3154 6
1428 3099 1648 3171 πρῶτος
1694 3099 1993 3163 ἐπίσκοπος

409 3191 511 3260 τῆς
541 3156 1189 3260 ῬωμάίωνιἘκκλησίας
1209 3156 1488 3245 τελευτῶν.
1508 3156 1853 3263 Ἀνεγκλήτῳ
1878 3156 1991 3262 (13$
2020 3156 2064 3216 ο

409 3281 513 3352 τὴν
566 3282 981 3353 ἀρχιερωσύνην
1043 3284 1349 3351 παρέδωκε.
1397 3283 1487 3352 Τῷ
1531 3284 1580 3337 δ’
1618 3284 1992 3355 ἐπιγενομένῳ

411 3372 525 3427 ἔτει
552 3374 888 3445 μετήλλαξεν
918 3378 945 3429 6
969 3377 1146 3438 Τῖτος,
1180 3376 1257 3439 ὡς
1287 3376 1388 3447 μέν
1421 3377 1574 3447 φήμη
1607 3378 1820 3449 κρατεῖ,
1854 3376 1992 3448 πρὸς

2088 1907 2533 1978 equi.jumenta,
2563 1905 2822 1975 pecudes,
2868 1906 3141 1976 mancipia
3174 1904 3447 1974 inscripta
3486 1912 3668 1967 erant,

2089 2013 2211 2069 quae
2242 1999 2335 2068 qui
2362 2008 2681 2068 rapuerant,
2714 2013 2839 2053 cum
2875 1997 2942 2052 ad
2971 1995 3382 2067 dispensatores
3410 1995 3672 2065 pertulis-

2089 2098 2237 2155 sent,
2258 2105 2321 2144 ea
2341 2091 2704 2161 accipiebant,
2734 2105 2857 2161 quae
2881 2089 3148 2158 inscripta
3175 2097 3356 2143 erant.
3384 2088 3558 2158 ilujus
3583 2095 3672 2141 est

2088 2182 2253 2236 etiam
2281 2182 2555 2236 celebrata
2583 2182 2671 2235 illa
2701 2197 2825 2243 vox,
2849 2196 2971 2236 cum
2994 2180 3159 2236 dixit:
3188 2178 3354 2234 Hodie
3382 2196 3483 2232 non
3507 2179 3675 2247 impe-

2092 2274 2224 2337 ravi,
2258 2275 2383 2343 quia
2423 2275 2620 2327 nemini
2650 2273 2893 2343 benefeci.
2927 2270 3115 2325 Primo
3144 2272 3264 2342 ejus
3293 2285 3437 2324 anno
3460 2268 3631 2322 Linus
3655 2305 3673 2333 ,

2090 2364 2304 2434 primus
2351 2364 2724 2419 Romanorum
2754 2365 3051 2433 episcopus
3074 2403 3088 2428 ,
3137 2361 3381 2416 moriens
3412 2361 3674 2414 thronum

2090 2455 2355 2510 Anacleto
2399 2454 2648 2524 reliquit.
2692 2454 2853 2509 Anno
2894 2453 3151 2524 sequenti
3199 2452 3444 2507 decessit
3491 2450 3672 2515 Titus,

2091 2547 2178 2601 vel
2229 2544 2447 2601 insidiis
2495 2545 2703 2611 fratris,
2754 2545 2840 2600 vel
2886 2561 2955 2600 ex
3010 2544 3227 2598 morbo.
3275 2543 3315 2597 A
3358 2540 3674 2597 Domitiano

2092 2648 2242 2693 certe
2269 2636 2495 2707 quidem
2521 2638 2737 2707 spirans
2765 2637 2951 2691 adhuc
2975 2676 2989 2701 ,
3035 2652 3162 2691 cum
3195 2636 3405 2690 diutius
3441 2636 3687 2691 forsitan:

2092 2732 2281 2786 vivere
2313 2740 2521 2801 posset,
2558 2731 2611 2784 in
2637 2730 2833 2785 cistam
2860 2728 2989 2784 nive
3012 2728 3231 2799 plenam
3256 2738 3337 2784 est
3363 2728 3673 2799 coniectus,

2094 2822 2251 2894 quasi
2281 2822 2508 2876 morbus
2546 2820 3024 2893 refrigerationem
3064 2820 3394 2890 postularet.
3439 2819 3674 2873 Moritu-

2095 2930 2191 2970 rus
2228 2930 2282 2968 se
2321 2928 2487 2967 unum
2533 2913 2787 2982 quiddam
2836 2928 3073 2984 peccasse
3121 2912 3280 2977 dixit,
3332 2910 3481 2981 quod
3512 2910 3676 2980 quale

2097 3016 2270 3072 esset,
2316 3020 2432 3060 non
2487 3005 2804 3075 explicavit.
2857 3004 3090 3071 Quidam
3142 3004 3194 3059 id
3254 3004 3320 3058 ad
3381 3003 3675 3058 Domitiam

2096 3097 2288 3153 fratris
2330 3110 2590 3163 uxorem,
2620 3109 2785 3165 quam
2834 3094 3105 3156 duxerat,
3144 3094 3434 3159 referunt;
3466 3094 3559 3148 alii
3605 3094 3676 3148 ad

2098 3189 2504 3255 Domitianum,
2532 3203 2697 3259 quem
2743 3197 2929 3260 aperte
2969 3187 3072 3243 sibi
3132 3187 3483 3244 insidiantem
3508 3229 3522 3252 ,
3564 3204 3677 3241 non

2098 3281 2429 3354 peremisset
2454 3295 2643 3351 :aquo
2665 3290 2720 3335 et
2742 3280 2861 3349 ipse
2889 3279 3123 3345 interiit,
3156 3288 3210 3335 et
3236 3279 3544 3334 Romanum
3579 3277 3679 3332 im-

2098 3374 2317 3446 perium
2352 3374 2448 3429 tali
2483 3374 2604 3428 viro
2636 3372 2888 3428 tradidit.

408 3468 505 3522 τοῦ
556 3469 787 3541 ἀδελφοῦ
838 3470 1243 3535 ἐπιϐουλευθεὶς
1267 3513 1283 3539 ,
1327 3471 1403 3535 ὡς
1436 3471 1482 3526 δ’
1519 3470 1653 3525 ἔνιοι
1691 3471 1989 3542 γράφουσι,
2032 3472 2293 3538 νοσήσας.
2333 3469 2620 3535 Ἔμπνουν
2656 3470 2842 3538 μέντοι
2907 3468 3070 3522 αὐτὸν
3108 3467 3190 3523 ἐτι
3219 3466 3348 3521 ὄντα
3414 3469 3506 3521 καὶ
3537 3465 3678 3535 τάχα

410 3562 505 3615 καὶ
532 3563 916 3634 περιγενέσθαι
973 3564 1269 3633 δυνάμενον
1321 3565 1378 3627 ἐς
1427 3563 1674 3636 λάρνακα
1743 3564 1928 3636 πλήρη
2003 3564 2191 3634 χιόνος
2239 3565 2267 3617 6
2315 3561 2643 3632 Δομετιανὸς
2673 3560 2951 3624 ἐνέϐαλεν,
2984 3561 3057 3624 ὡς
3088 3561 3350 3632 δεομένης
3379 3562 3479 3631 τῆς
3520 3562 3677 3614 νόσου

409 3653 553 3724 τάχα
598 3655 742 3718 τινὸς
774 3656 1139 3727 περιψύξεως.
1175 3657 1498 3729 Ἀποψύχων
1532 3658 1587 3711 δὲ
1621 3659 1796 3711 εἰπεῖν
1870 3658 2090 3726 λέγεται
2152 3658 2234 3711 ὅτι
2303 3656 2413 3708 ’Ἑν
2441 3656 2634 3725 μόνον
2667 3654 3133 3724 ἐπλημμέλησα.
3197 3655 3264 3708 Τί
3312 3654 3368 3708 δὲ
3414 3655 3575 3707 τοῦτο
3613 3653 3680 3723 ἦν

416 3748 482 3802 οὗ
517 3747 842 3819 διεσάφησε.
880 3752 1039 3815 Τινὲς
1074 3752 1173 3822 μέν
1238 3748 1334 3806 οὖν
1403 3752 1657 3820 λέγουσιν
1731 3754 1814 3806 ὃτι
1861 3753 1962 3817 τὴν
2031 3750 2298 3821 Δομετίαν
2354 3750 2478 3818 ἔσχε
2525 3749 2624 3817 τὴν
2669 3752 2905 3816 γυναῖκα
2946 3748 3040 3801 τοῦ
3091 3747 3362 3817 ἀδελφοῦ·
3399 3748 3575 3819 ἕτεροι
3623 3745 3680 3798 δὲ

409 3845 496 3899 ὅτι
554 3843 648 3897 τὸν
707 3845 1038 3915 Δομετιανὸν
1120 3847 1220 3899 οὐκ
1266 3847 1612 3911 ἀπέκτεινεν,
1688 3846 2112 3900 ἐπιϐουλεύοντά
2168 3845 2218 3897 οἱ
2279 3844 2489 3913 σαφῶς,
2547 3840 2663 3894 ἀλλ’
2715 3842 2879 3904 αὐτός
2928 3858 2987 3894 τε
3037 3840 3129 3894 ὑπ’
3190 3840 3403 3894 ἐκείνου
3464 3841 3681 3911 ἐφθάρη

412 3935 508 3989 καὶ
556 3936 655 4002 τὴν
710 3936 1002 4006 Ῥωμαίων
1032 3937 1206 4007 ἀρχὴν
1250 3939 1403 4009 ἀνδρὶ
1433 3939 1660 4009 τοιούτῳ
1703 3939 1993 4004 ἐξέδωκεν.
3368 4006 3379 4013 ν

489 4026 586 4080 ΙΘ’.
634 4028 757 4081 Ἔτι
815 4028 950 4097 γοῦν
1002 4030 1098 4083 τοῦ
1147 4030 1308 4083 Τίτου
1363 4032 1716 4099 ἐμπνέοντος,
1768 4032 1847 4093 εἰς
1897 4029 1992 4101 τὴν

2171 4029 2316 4084 XIX.
2356 4030 2407 4085 ιε
2433 4029 2559 4084 Tito
2592 4027 2776 4084 adhuc
2816 4026 3062 4098 spirante
3094 4025 3325 4081 Romam
3359 4025 3631 4096 equitavit
3658 4046 3691 4088 τε

422 4117 645 4187 Ῥώμην
687 4119 1002 4187 ἀφίππευσε
1039 4123 1135 4174 καὶ
1174 4124 1253 4185 είς
1288 4122 1349 4175 τὸ
1386 4123 1751 4194 στρατόπεδον
1780 4123 1995 4194 εἰσελή-

413 4210 542 4263 λυθε
582 4211 677 4263 καὶ
711 4213 807 4281 τὴν
840 4213 1128 4281 ἐπὲκλησιν
1159 4215 1254 4267 καὶ
1281 4200 1384 4285 τὴν
1425 4214 1677 4280 ἐξουσίαν
1702 4213 1798 4268 τοῦ
1838 4214 1985 4267 αύτο-

412 4299 684 4369 κράτορος
733 4299 943 4355 ἐλαϐεν.
974 4299 1078 4355 Ἦν
1124 4302 1183 4356 δὲ
1230 4302 1438 4373 θρασὺς
1482 4307 1576 4357 καὶ
1616 4303 1854 4375 ὀργίλος,
1897 4305 1994 4358 καὶ

415 4389 723 4453 ἐπίϐουλος,
752 4391 847 4444 καὶ
877 4392 1171 4462 κρυψίνους
1192 4407 1207 4422 ο
1244 4392 1534 4463 ἄνθρωπον
1565 4393 1622 4445 δὲ
1648 4393 1870 4464 ἐφίλησε
1896 4393 1995 4463 μὲν

412 4482 633 4553 ἀληθῶς
664 4482 856 4536 οὐδένα
888 4483 1028 4554 πλήν
1050 4500 1213 4538 τινων
1236 4485 1534 4554 γυναικῶν.
1575 4484 1904 4539 Ἐπλάττετο
1938 4484 1995 4538 δέ

418 4574 641 4644 ἀγαπᾷν
684 4573 743 4627 ὃν
793 4574 1030 4643 μάλιστα
1077 4578 1285 4630 κτεῖναι
1312 4576 1523 4647 ἤθελεν.
1566 4578 1830 4640 ’Λπιστος
1862 4576 1994 4644 γοῦν

418 4666 514 4720 καὶ
541 4666 677 4733 πρὸς
718 4667 841 4729 τοὺς
884 4664 1278 4737 χαριζομένους
1305 4668 1455 4737 αὑτῷ
1517 4669 1614 4721 καὶ
1657 4668 1995 4737 ὑπηρετούν-

418 4775 513 4821 τας
575 4761 656 4822 εἰς
701 4760 772 4813 τά
818 4759 1101 4815 δεινότατα
1129 4757 1216 4834 ἦν.
1250 4764 1360 4816 Καὶ
1392 4764 1553 4816 όπότε
1594 4764 1737 4826 τινές
1778 4763 1992 4834 αὐτῷἢ

420 4850 654 4903 πλεῖστα
691 4851 979 4921 πορίσειαν
1017 4854 1279 4923 χρήματα
1322 4854 1353 4923 ἢ
1388 4854 1616 4917 πολλοὺς
1648 4857 1995 4924 συκοφαντή-

422 4957 595 5003 σειαν,
624 4940 846 5003 τούτους
872 4942 1171 5007 ἐκτίννυεν,
1205 4942 1272 4997 ἶν’
1299 4944 1391 4996 ὑπ’
1427 4944 1609 4998 αὐτῶν
1658 4945 1837 5013 μόνων
1864 4945 1993 5015 δοκῇ

422 5033 740 5103 προϐαίνειν
782 5034 852 5088 τὰ
890 5035 1227 5106 ἀδικήματα.
1254 5038 1523 5100 Κάκιστος
1561 5037 1617 5091 δὲ
1640 5037 1715 5091 ὢν
1748 5039 1842 5092 καὶ
1871 5040 1997 5102 τοὺς

421 5124 516 5178 τοῦ
563 5128 771 5196 πατρὸς
825 5128 921 5181 καὶ
977 5128 1070 5181 τοῦ
1116 5129 1347 5197 ἀδελφοῦ
1382 5129 1570 5197 φίλους
1614 5131 1825 5198 ἀτίμως
1858 5127 1994 5200 εἶχε,

420 5216 545 5278 τοὺς
574 5214 630 5268 δέ
661 5217 756 5269 καὶ
789 5215 1036 5270 διώλεσε.
1077 5218 1189 5271 Καὶ
1223 5217 1322 5289 τὴν
1355 5221 1584 5287 γυναῖκα
1616 5216 1782 5272 αὐτοῦ
1831 5223 1998 5287 Δομι-

420 5304 541 5360 τίαν
565 5306 641 5369 ὡς
670 5308 763 5360 ἐπὶ
792 5306 1010 5378 μοιχείᾳ
1039 5307 1430 5380 ἀπεπέμψατο,
1462 5310 1552 5363 τὸν
1586 5312 1757 5383 Πάριν
1780 5312 1872 5365 τὸν
1903 5312 1996 5385 όρ-

2095 4132 2382 4195 castraqne
2426 4124 2710 4193 ingressus
2732 4163 2747 4183 ,
2777 4130 2833 4176 et
2874 4127 3301 4190 cognomentum
3328 4126 3386 4174 et
3431 4125 3679 4188 potesta-

2096 4225 2203 4270 tem
2238 4215 2588 4286 imperatoris
2613 4213 2826 4283 accepit
2857 4230 2870 4267 :
2904 4212 3072 4266 homo
3109 4210 3288 4266 audax
3311 4252 3325 4277 ,
3353 4210 3674 4276 iracundus,

2096 4306 2406 4372 insidiator,
2443 4304 2659 4360 occulti
2692 4303 2915 4374 ingenii,
2960 4302 3273 4356 mortalium
3292 4301 3567 4355 neminem
3609 4315 3683 4355 ex

2094 4397 2279 4451 animo
2316 4395 2572 4466 diligens,
2610 4402 2814 4466 praeter
2854 4392 3116 4447 mulieres
3156 4390 3422 4461 quasdam
3467 4407 3482 4444 :
3523 4405 3678 4446 sum-

2096 4503 2246 4542 mum
2303 4502 2433 4557 erga
2484 4500 2582 4541 eos
2632 4499 2774 4557 quos
2820 4483 3057 4538 maxime
3104 4481 3355 4552 perditos
3392 4481 3675 4550 cupiebat,

2096 4599 2338 4639 amorem
2371 4582 2639 4637 simulans
2673 4600 2685 4635 :
2716 4579 2920 4634 infidus
2950 4578 3016 4632 iis
3038 4577 3133 4647 qui
3167 4577 3268 4648 ipsi
3299 4576 3679 4648 gratiﬁcaban-

2099 4683 2207 4738 tur,
2259 4682 2315 4728 et
2360 4674 2415 4728 in
2447 4672 2617 4727 rebus
2652 4671 2817 4741 580
2849 4668 3215 4724 atrocissimis
3253 4683 3475 4739 operam
3508 4683 3677 4721 nava-

2098 4763 2253 4818 bant.
2280 4762 2416 4816 Nam
2443 4762 2539 4831 qui
2562 4761 2855 4814 maximam
2881 4758 2930 4813 ei
2965 4757 3252 4828 pecuniam
3281 4755 3677 4826 procurabant.

2098 4864 2194 4908 aut
2240 4853 2444 4906 multos
2474 4850 2981 4910 ealumniabantur,
3011 4864 3110 4904 eos
3138 4848 3426 4903 occidebat
3453 4885 3469 4907 ,
3500 4854 3561 4901 ut
3607 4846 3677 4899 ab

2099 4946 2208 5000 illis
2228 4946 2493 4999 duntaxat
2510 4943 2724 5015 injuria:
2751 4940 3027 5013 proﬁcisci
3057 4940 3397 4995 viderentur.
3418 4939 3596 4994 Patris
3621 4947 3678 4991 et

2099 5037 2283 5093 fratris
2311 5037 2541 5099 amicos,
2592 5044 2653 5090 ut
2679 5037 2845 5090 homo
2881 5035 3175 5104 pessimus,
3208 5032 3408 5103 partim
3438 5030 3675 5100 ignomi-

2096 5132 2257 5186 niese
2275 5131 2569 5193 tractabat,
2586 5131 2786 5200 partim
2805 5129 3114 5185 occidebat.
3131 5128 3365 5184 Uxorem
3384 5123 3679 5179 Domitiam

2103 5237 2200 5290 per
2223 5236 2443 5275 causam
2470 5219 2729 5275 adulterii
2754 5217 3084 5288 repudiavit,
3112 5215 3309 5270 Paride
3336 5213 3593 5267 saltatore
3618 5211 3674 5263 in

2101 5312 2281 5368 media
2303 5314 2391 5367 via
2414 5313 2562 5367 illius
2583 5326 2748 5366 causa
2771 5311 2975 5365 occiso.
3000 5310 3138 5364 Cum
3168 5307 3278 5359 filia
3303 5304 3487 5359 fratris
3509 5302 3673 5367 Julia,

1610 5463 1811 5525 Varias
1843 5464 2153 5527 lectiones
2191 5471 2253 5527 et
2286 5472 2481 5526 notas.

494 5578 1053 5656 (15)]Ανεγκλήτῳ.
1086 5584 1164 5641 lta
1195 5585 1361 5642 etiam
1400 5596 1513 5642 tres
1542 5602 1673 5642 mss.
1704 5602 1866 5656 quem
1889 5602 1991 5641 no-

2093 5587 2394 5643 erediderit
2420 5586 2679 5640 Zonaras.
2710 5582 2802 5640 Sic
2831 5598 2997 5651 porro
3027 5582 3267 5651 scriptos
3322 5580 3543 5651 Eusebii
3573 5596 3671 5635 eo-

494 5598 608 5652 us)
662 5598 1053 5652 Ἀνεγκλητῳ.
1087 5598 1164 5641 Ita
1195 5598 1361 5642 etiam
1400 5598 1513 5642 tres
1542 5602 1673 5642 mss.
1704 5602 1866 5656 quem
1889 5602 1991 5641 no-
2093 5598 2394 5643 crediderit
2420 5598 2679 5640 Lonaras.
2710 5598 2802 5640 me
2870 5599 2887 5635 ς

425 5654 525 5726 stri
555 5652 715 5726 vulgo
741 5653 1062 5726 Anacletum
1097 5666 1313 5720 vocant,
1347 5658 1499 5726 quasi
1536 5656 1691 5712 istius
1708 5656 1990 5712 Pontificis
2092 5658 2249 5711 dices
2293 5659 2550 5725 prmferre
2601 5662 2794 5710 monet
2831 5598 2887 5708 gi

2889 5669 3009 5709 enr.
3065 5650 3315 5709 Valesius
3346 5651 3411 5705 ad
3442 5650 3541 5707 lib.
3581 5667 3668 5720 ιιι,

427 5722 658 5778 Romani
705 5738 906 5780 nomen
953 5725 1302 5783 affectatione
1349 5722 1581 5797 quadam
1644 5728 1984 5783 efferendum
2090 5742 2211 5797 cup.
2250 5722 2333 5782 l5.
