4048 6438
418 298 527 366 979

1686 300 2012 368 IOANNIS
2049 308 2372 369 ZUNARJE

3614 312 3680 375 923
3688 315 3722 376 0

420 422 684 489 tanquam
725 434 915 484 uxore,
959 418 1106 474 haud
1138 419 1555 477 dissimulanter
1586 437 1701 477 rem
1734 422 1989 477 habebat.

2098 422 2304 494 χηστὴν
2342 424 2401 477 ὲν
2436 425 2580 499 μέσῃ
2610 428 2674 496 τῇ
2709 422 2813 495 ὀδῷ
2841 426 2908 480 δι’
2930 424 3101 496 αὐτὴν
3132 424 3461 497 φονεύσας.
3500 427 3617 480 Καὶ
3652 431 3719 499 τῇ

415 508 623 563 Deinde
647 516 693 562 a’
712 509 913 579 populo
942 519 1223 574 exoratus,
1258 511 1314 566 in
1346 511 1576 582 gratiam
1604 526 1730 566 cum
1760 511 1991 565 Domitia

411 602 598 667 rediit,
619 602 713 656 scd
730 601 888 657 Juliaa
906 603 1308 659 consuetudine
1331 604 1506 660 nihilo
1529 605 1716 659 secius
1735 620 1868 659 usus
1883 613 1990 659 est.

411 691 473 746 lu
491 691 719 747 Galliam
741 693 1041 762 profectus,
1064 705 1119 749 et
1144 703 1295 751 trans
1317 696 1597 763 Rhenum,
1619 711 1779 767 agros
1798 710 1991 751 eorum

412 797 537 836 cum
582 782 787 852 quibus
818 799 922 853 pax
953 785 1351 850 intercedebat,
1386 787 1699 857 populatus,
1729 785 1885 855 quasi
1934 800 1993 838 re

416 873 675 942 praaclare
693 884 843 942 gesta
862 874 1410 944 superbiebat,aucm
1428 875 1699 931 militzbus
1716 873 1992 944 stipendio

412 961 485 1016 ob
544 963 828 1017 victoriam
881 964 1114 1019 scilicet.
1166 965 1303 1020 Nam
1346 981 1473 1021 cum
1515 967 1600 1021 eis
1647 974 1994 1035 septuagenae

412 1053 595 1122 quina:
621 1053 895 1110 drachmre
932 1056 1301 1122 solverentur,
1362 1068 1628 1114 centenas
1664 1058 1989 1129 darijussit.

410 1145 582 1217 Cujus
616 1146 922 1217 largitionis
957 1166 1081 1204 cum
1121 1150 1471 1219 pmnituisset
1496 1192 1509 1216 ,
1545 1150 1839 1220 stipendiis
1880 1167 1990 1205 non

411 1237 739 1302 imminutis,
767 1242 860 1293 sed
890 1256 1121 1295 numero
1142 1242 1378 1296 militum
1409 1250 1721 1308 contracto,
1757 1252 1991 1313 utraque

411 1343 472 1383 re
499 1330 819 1399 reipublicae
884 1333 1117 1386 multum
1172 1334 1603 1389 incommodavit
1639 1332 1827 1404 :quod
1890 1349 1993 1388 nec

409 1420 545 1474 satis
579 1427 737 1474 erant
766 1421 859 1491 qui
894 1436 1014 1476 eam
1044 1421 1437 1488 defenderent,
1464 1433 1517 1479 et
1546 1439 1740 1494 magna
1785 1422 1994 1493 stipen-

411 1508 501 1565 dia
555 1511 921 1590 accipiebant.
973 1513 1079 1568 Eos
1117 1530 1148 1569 ε
1176 1515 1379 1585 quibus
1410 1515 1833 1578 observabatur,
1867 1522 1922 1569 et
1961 1529 1991 1567 a

408 1602 612 1671 quibus
641 1604 1025 1676 negligebatur
1049 1647 1063 1672 ,
1094 1622 1162 1662 ex
1193 1622 1352 1677 aequo
1383 1608 1578 1663 oderat
1627 1625 1641 1661 :
1691 1608 1894 1662 alteros
1934 1615 1993 1660 ut

407 1698 743 1767 adulatores,
781 1702 986 1757 alteros
1033 1710 1094 1756 ut
1137 1711 1573 1772 contemptores.
1605 1700 1782 1756 Falsis
1813 1700 1990 1754 victo-

411 1792 804 1863 riisjrvctandis
832 1796 1180 1851 consulatum
1215 1797 1272 1851 in
1302 1795 1656 1859 decennium,
1697 1806 1987 1849 censuram
2025 1780 2064 1834 Β

408 1896 508 1952 per
541 1898 760 1939 omnem
795 1895 1013 1941 aetatem
1046 1887 1280 1955 accepit.
1322 1885 1474 1940 Multi
1504 1884 1871 1956 provinciales
1918 1884 1989 1937 ob

407 1974 681 2030 violentas
733 1976 1052 2032 exactiones
1085 1976 1431 2041 defecerunt,
1484 1986 1547 2032 ut
1594 1977 1933 2033 Nasamones
1974 1995 1987 2031 :

407 2068 501 2137 qui
533 2077 587 2122 et
631 2078 934 2138 quaestores
979 2070 1327 2139 occiderunt,
1372 2081 1427 2127 et
1473 2071 1745 2127 Numidia:
1792 2081 1989 2141 praeto-

410 2167 526 2213 rem
569 2160 824 2216 Flaccum
857 2164 932 2217 ita
962 2163 1238 2230 vicerunt,
1276 2172 1337 2219 ut
1368 2165 1562 2220 castris
1591 2165 1713 2236 ejus
1739 2165 1990 2234 potiren-

412 2257 503 2303 tur
536 2251 589 2305 in
621 2252 825 2322 quibus
864 2268 987 2308 cum
1024 2267 1226 2325 praeter
1266 2256 1372 2311 alia
1414 2256 1643 2320 cibaria,
1692 2255 1803 2309 vini
1853 2270 1989 2326 quo-

409 2357 518 2412 que
546 2344 761 2413 copiam
807 2346 1181 2415 reperissent,
1210 2346 1465 2404 inebriati
1513 2347 1986 2403 obdormivcrunt.

409 2434 529 2500 Quo
570 2435 799 2491 Flaccus
844 2437 1084 2506 cognito,
1138 2454 1235 2494 eos
1282 2455 1570 2511 aggressus
1612 2441 1991 2495 internecione

410 2527 632 2591 delevit,
664 2543 729 2583 ac
761 2544 830 2584 ne
874 2529 1083 2585 imbelli
1117 2512 1341 2602 quidem
1366 2533 1515 2587 aetati
1559 2530 1827 2602 pepercit.
1869 2529 1989 2596 Quo

410 2635 668 2679 tuccessu
713 2624 892 2681 elatus
920 2626 1285 2695 Domitianus,
1315 2628 1381 2682 ad
1415 2636 1665 2684 senatum
1723 2626 1862 2682 dixit
1931 2640 1991 2681 se

411 2715 812 2772 Nasamonibus
843 2718 954 2773 vita
989 2720 1362 2776 interdixisse.
1395 2719 1515 2776 1am
1544 2721 1693 2775 enim
1724 2721 1896 2775 Deum
1932 2735 1991 2775 se

410 2808 693 2877 perhiberi
720 2811 961 2875 volebat,
993 2822 1050 2868 et
1077 2813 1247 2867 Deum
1276 2828 1340 2868 ac
1371 2812 1663 2867 Dominum
1714 2811 1991 2891 nominari

413 2907 762 2971 ‘summOpere
784 2902 1092 2959 laetabatur.
1118 2904 1295 2975 Atque
1311 2904 1428 2960 hac
1458 2920 1568 2959 non
1600 2913 1811 2959 tantum
1842 2901 1992 2959 dice—

415 2993 634 3057 bantur,
669 2992 766 3049 sed
799 2994 965 3050 etiam
996 2995 1390 3067 pingebantur.
1420 2994 1557 3052 Cum
1592 2996 1646 3050 in
1672 2994 1989 3065 spectaculo
2014 3011 2060 3075 ο

415 3095 609 3155 magna
623 3084 804 3156 pluvia
820 3095 875 3141 ct
894 3094 1190 3158 tempestas
1202 3089 1385 3144 subito
1404 3087 1989 3160 erupisset,neminem

412 3176 698 3231 discedere
726 3185 823 3232 aut
851 3177 990 3235 alias
1017 3185 1199 3233 vestes
1222 3178 1454 3235 induere
1487 3193 1703 3249 passus,
1744 3180 1862 3250 ipse
1892 3195 1993 3250 pe-

416 3270 576 3325 nulas
598 3270 834 3326 subinde
853 3273 1084 3327 mutavit
1118 3282 1133 3326 :
1164 3271 1308 3327 unde
1338 3272 1497 3329 multi
1524 3274 1652 3329 laesa
1675 3273 1993 3330 valetudine

417 3360 720 3429 perierunt.
744 3359 852 3416 Eos
870 3377 1010 3430 quos
1033 3361 1318 3431 suppliciis
1352 3361 1554 3423 affecit,
1590 3378 1755 3418 nemo
1795 3378 1993 3418 nume-

416 3468 540 3510 rare
563 3461 772 3522 queat:
815 3468 879 3509 ac
909 3454 1055 3508 inter
1082 3463 1312 3511 ceteros
1357 3456 1428 3510 ob
1474 3457 1732 3513 adulterii
1781 3458 1994 3514 crimen

418 3546 576 3602 multi
602 3546 909 3615 locupletes
938 3546 1096 3616 581
1127 3556 1182 3601 et
1216 3547 1319 3602 viri
1348 3556 1403 3603 et
1434 3548 1696 3605 mulieres
1715 3592 1729 3615 ,
1756 3565 1993 3621 quarum

419 3641 636 3711 aliquas
665 3640 782 3711 ipse
821 3649 1224 3710 constuprarat,
1254 3654 1444 3711 poenas
1465 3641 1753 3697 dederunt.
1778 3644 1919 3699 Sunt
1941 3653 1997 3699 et

417 3732 541 3787 aliis
570 3731 638 3786 de
663 3730 846 3787 causis
873 3732 1033 3786 multi
1058 3741 1111 3787 et
1147 3732 1363 3787 multati
1407 3741 1463 3788 et
1505 3732 1806 3789 interfecti.
1857 3734 1994 3789 Nam

418 3822 622 3877 mulier
638 3822 886 3893 quaedam
908 3822 1054 3892 quod
1077 3839 1134 3879 se
1152 3833 1279 3880 ante
1301 3823 1448 3880 illius
1464 3833 1701 3882 statuam
1724 3826 1995 3893 exuisset,

420 3915 604 3971 occisa
631 3925 717 3972 est
745 3933 760 3971 :
791 3916 958 3983 alius,
985 3927 1045 3972 ut
1064 3932 1189 3972 eum
1211 3919 1502 3990 astrologis
1531 3919 1858 3976 collocutus.
1886 3920 1998 3976 Μοο

418 4009 556 4062 tium
585 4008 902 4078 quemdam,
935 4025 1098 4080 quem
1127 4025 1314 4065 rerum
1342 4013 1647 4083 potiturum
1687 4027 1809 4069 esse
1851 4013 1997 4068 fama

419 4107 562 4163 erat,
597 4100 901 4171 relegatum
933 4101 1175 4168 occidit,
1226 4118 1326 4173 per
1366 4120 1486 4160 eam
1535 4120 1760 4160 causam
1785 4143 1800 4169 ,
1848 4104 1997 4175 quod

423 4187 613 4244 orbem
651 4196 923 4246 terrarum
964 4191 1019 4246 in
1046 4193 1289 4249 cubiculi
1324 4195 1407 4249 sui
1436 4195 1744 4266 parietibus
1787 4197 1996 4266 pictum

427 4281 673 4337 haberet.
737 4283 1036 4339 Rhetorem
1112 4286 1429 4356 quemdam,
1492 4286 1640 4357 quod
1695 4287 1989 4342 exercendi

423 4374 631 4446 ingenii
656 4391 819 4431 causa
846 4386 1039 4433 contra
1079 4388 1340 4449 tyrannos
1378 4378 1780 4446 declamasset,
1821 4379 2000 4449 capite

424 4468 699 4524 multavit.
749 4468 904 4524 Multi
959 4470 1032 4524 ob
1091 4469 1457 4541 philosophiae
1498 4470 1744 4526 studium
1818 4472 2004 4541 perie-

426 4571 578 4625 runt,
614 4564 790 4633 pulsis
827 4564 1077 4636 reliquis.
1127 4564 1209 4620 Ad
1260 4566 1411 4622 hunc
1457 4566 1683 4621 modum
1730 4566 2002 4637 grassanti

425 4654 642 4710 insidia:
671 4663 897 4711 structa:
943 4665 1074 4711 sunt
1123 4672 1153 4712 a
1201 4657 1499 4714 Parthenio
1526 4666 1583 4713 et
1614 4658 1807 4729 Sigero
1840 4659 2003 4714 cubi‘

424 4746 533 4800 culi
572 4746 917 4812 custodibus,
966 4757 1023 4804 et
1072 4748 1143 4804 ab
1180 4749 1400 4805 Entello
1442 4750 1537 4821 qui
1576 4766 1606 4805 a
1650 4751 1854 4807 libellis
1882 4758 2004 4807 erat

419 4840 760 4911 icipublicze,
792 4849 848 4896 et
879 4858 908 4897 a
939 4843 1221 4915 Stephano
1260 4845 1480 4901 liberto.
1527 4846 1731 4902 Earum
1779 4848 2007 4904 insidia-

420 4947 548 4987 rum
578 4942 636 4988 et
669 4932 905 4989 Domitia
943 4951 1101 5001 uxor,
1139 4946 1198 4991 et
1241 4938 1535 4995 Norbanus
1584 4941 1910 5010 praefectus,
1952 4950 2008 4995 et

421 5025 633 5097 tollega
671 5026 964 5083 Petronius
1005 5030 1211 5084 conscii
1264 5028 1509 5087 fuerunt.
1552 5030 1691 5087 Nam
1742 5028 2004 5096 Domitia,

324 5156 340 5166 .
425 5131 550 5186 qua:
581 5132 639 5173 se
681 5116 913 5173 invisam
947 5120 1025 5174 illi
1056 5136 1177 5177 esse
1214 5122 1403 5188 sciret,
1441 5123 1645 5179 caedem
1700 5125 2004 5189 metuebat,

428 5210 647 5266 caneris
708 5225 819 5266 non
881 5214 1122 5283 amplius
1176 5230 1304 5270 eum
1361 5215 1743 5287 diligentibus.
1810 5217 2008 5272 Fertur

2036 4350 2077 4405 D

2095 516 2350 587 ἀδελφιδῇ
2378 516 2579 589 Ἰουλίᾳ
2607 518 2718 589 (Η)
2751 519 2915 587 συνῆν
2939 517 3480 589 ἀπαρακαλύπτως,
3513 518 3592 583 ὡς
3621 537 3721 588 γα.

2097 614 2256 683 μετῇ.
2296 608 2428 667 Εἶτα
2454 614 2739 683 δεηθέντος
2774 613 2867 668 τοῦ
2909 614 3085 686 δήμου
3125 613 3482 683 κατηλλάγη
3520 614 3624 683 μὲν
3649 618 3717 685 τῇ

2095 704 2345 776 Δομιτίᾳ,
2375 706 2575 776 ἐχρῆτο
2605 705 2651 760 δ’
2681 707 2834 760 οὐδὲν
2865 700 3032 777 ἦττον
3061 709 3126 777 τῇ
3176 705 3425 777 Ἰουλίᾳ.
3459 706 3579 759 Kal.
3621 723 3719 776 με-

2092 795 2163 848 τά
2199 796 2376 852 ταῦτα
2418 800 2498 860 εἰς
2527 797 2800 852 Γαλατίαν
2827 794 3161 869 ἐξορμήσας,
3215 798 3326 851 καὶ
3359 797 3719 868 λεηλατήσας

2093 890 2216 941 τινὰ
2244 888 2352 941 τῶν
2388 890 2565 959 πέραν
2604 886 2794 959 Ῥήνου
2817 890 2928 942 τῶν
2962 891 3308 954 ἐνσπόνδων,
3347 889 3616 958 ὼγκοῦτο
3644 889 3719 954 ὥς

2092 998 2147 1033 τι
2178 981 2327 1050 μέγα
2358 979 2765 1051 κατωρθωκὼς,
2806 981 2898 1034 καὶ
2939 983 3053 1040 τοῖς
3092 980 3496 1049 στρατιώταις
3544 978 3723 1047 ἐπηύ-

2096 1071 2228 1142 ξησε
2277 1070 2383 1141 τὴν
2430 1070 2767 1142 μισθοφορὰν
2830 1072 2974 1141 τάχα
3006 1071 3095 1125 διὰ
3143 1070 3255 1141 τὴν
3308 1070 3506 1140 νίκην.
3544 1069 3717 1122 Πέντε

2094 1165 2204 1235 γὰρ
2229 1164 2324 1218 καὶ
2349 1162 2723 1233 ἐϐδομήκοντα
2742 1163 2993 1233 δραχμὰς
3022 1160 3270 1216 ἑκάστου
3293 1160 3369 1214 λα
3378 1161 3714 1231 μῦἀνοντος,

2094 1256 2291 1309 ἑκατὸν
2329 1255 2590 1309 ἐκέλευσε
2615 1254 2879 1308 δίδοσθαι.
2909 1251 3349 1323 Μεταμεληθεὶς
3376 1251 3440 1304 δὲ
3465 1253 3572 1320 τὴν
3613 1252 3711 1320 μὲν

2095 1346 2372 1416 ποσότητα
2410 1346 2511 1399 οὐκ
2540 1346 2797 1416 ἐμείωσε.
2828 1346 2890 1398 τὸ
2916 1345 2975 1398 δὲ
3013 1344 3224 1414 πλῆθος
3253 1345 3377 1399 τῶν
3424 1360 3715 1412 στρατευο-

2097 1440 2277 1510 μένων
2328 1436 2665 1491 συνέστειλε.
2710 1437 2823 1492 Καὶ
2857 1435 3207 1507 ἑκατέρωθεν
3257 1436 3495 1507 μεγάλα
3529 1436 3592 1489 τὸ
3618 1436 3711 1503 δη-

2096 1533 2288 1602 μόσιον
2327 1529 2555 1601 ἔϐλαψε,
2581 1529 2711 1600 μήθ’
2748 1528 2971 1591 ἱκανοὺς
2999 1529 3128 1591 τοὺς
3160 1526 3506 1598 ἀμύνοντας
3536 1526 3707 1595 αὐτῷ,

2093 1623 2188 1677 καὶ
2227 1622 2455 1684 τούτους
2503 1619 2946 1692 μεγαλομίσθους
2991 1620 3258 1687 ποιήσας.
3301 1617 3426 1672 Καὶ
3460 1621 3583 1681 τοῖς
3625 1617 3710 1670 θε-

2096 1713 2397 1785 ραπεύουσι
2424 1713 2482 1767 δὲ
2518 1713 2613 1768 καὶ
2636 1715 2748 1776 τοῖς
2779 1712 2854 1784 μὴ
2876 1712 3213 1782 ἀμφοτέροις
3238 1711 3461 1782 ὁμοίως
3487 1711 3705 1782 ῆχθετο,

2092 1809 2202 1869 τοῖς
2257 1806 2356 1876 μὲν
2407 1810 2485 1871 ὡς
2525 1804 2855 1869 θωπεύουσι,
2880 1807 2995 1869 τοῖς
3026 1805 3083 1858 δὲ
3117 1804 3193 1869 ὡς
3248 1802 3703 1872 καταφρονοῦσι.

2093 1902 2269 1964 Νίκας
2314 1902 2371 1955 δὲ
2412 1900 2627 1971 ψευδεῖς
2659 1898 3154 1971 προσποιούμενος,
3194 1897 3427 1962 ὕπατος
3466 1898 3570 1969 μὲν
3616 1896 3701 1949 ἐπ’

2092 1994 2187 2064 ἔτη
2215 1994 2366 2058 δέκα,
2391 1992 2628 2064 τιμητὴς
2657 1992 2715 2045 δὲ
2745 1990 2834 2044 διά
2877 1990 2994 2059 βίου
3016 1990 3479 2060 κεχειροτόνητο.
3513 1987 3702 2039 Πολλοὶ

2091 2088 2147 2140 δὲ
2203 2087 2313 2140 τῶν
2380 2084 2658 2140 ὑποτελῶν
2700 2083 2998 2155 Ῥωμαίοις
3046 2084 3385 2151 ἀφίσταντο,
3433 2082 3699 2153 χρήματα

2095 2179 2284 2249 βιαίως
2316 2176 2717 2249 πρασσόμενοι,
2747 2174 2823 2239 ὡς
2846 2176 2941 2229 καὶ
2961 2177 3010 2230 oi.
3045 2174 3434 2245 Νασαμῶνες.
3468 2172 3611 2235 Tati;
3638 2188 3696 2224 τε

2092 2265 2201 2334 γὰρ
2250 2263 2361 2317 τῶν
2405 2262 2705 2335 χρημάτων
2758 2261 3081 2332 πράκτορας
3132 2258 3436 2329 έφθειραν,
3480 2258 3579 2311 καὶ
3605 2256 3699 2310 τὸν

2093 2357 2391 2431 Νουμιδίας
2417 2357 2658 2427 ἄρχοντα
2682 2354 2930 2408 Φλάκκον
2964 2351 3271 2406 ἐπελθόντα
3298 2351 3495 2421 σφίσιν
3522 2351 3690 2421 ἥττη-

2097 2470 2198 2507 σαν
2227 2450 2399 2514 οὖτως
2428 2450 2505 2513 ὡς
2530 2448 2806 2519 πορθῆσαι
2844 2448 2940 2501 καὶ
2964 2445 3027 2500 τδ
3062 2444 3469 2517 στρατόπεδον.
3500 2442 3697 2511 Εὑρόνο

2092 2561 2184 2607 τες
2215 2543 2272 2596 δὲ
2305 2544 2363 2595 ὲν
2393 2540 2540 2611 αὐτῷ
2562 2539 2734 2596 τᾶλλα
2760 2556 2820 2592 τε
2847 2538 3130 2610 ἐπιτήδεια
3161 2536 3267 2590 καὶ
3291 2531 3696 2603 οἷνον,“ὲμπλη·

2095 2635 2314 2698 σθέντες
2340 2632 2625 2709 ὕπνωσαν..
2645 2631 2757 2685 Kal.
2774 2631 2936 2700 γνοὺς
2958 2631 2985 2684 ὁ
3000 2627 3253 2692 Φλάκκος
3280 2626 3450 2685 τοῦτο
3471 2625 3693 2677 ἐπέθετο

2093 2727 2280 2789 αὐτοῖς
2312 2725 2407 2778 καὶ
2429 2723 2637 2784 πάντας
2669 2720 2918 2775 ἀπώλεσε
2943 2720 3189 2782 καὶτοὺς
3215 2718 3557 2790 ἀπομάχους
3581 2710 3690 2784 (l5)

2091 2816 2404 2887 διέφθειρεν
2432 2816 2705 2876 ἅπαντας.
2750 2811 2869 2882 Ἐφ’
2898 2805 2941 2880 ᾧ
2967 2813 2995 2865 ὁ
3025 2810 3367 2882 Δομετιανὸς
3406 2806 3689 2877 ἐπαρθεὶς,

2092 2905 2216 2962 εἷπε
2252 2906 2391 2977 πρὸς
2418 2908 2519 2974 τὴν
2550 2904 2749 2975 βουλὴν
2780 2905 2863 2958 ὅτι
2891 2902 3250 2973 Νασαμῶνας
3281 2901 3400 2975 (16)
3441 2898 3686 2954 ἐκώλυσα

2091 2998 2254 3056 εἶναι.
2303 2998 2443 3068 Ἤδη
2474 2999 2583 3069 γὰρ
2624 2998 2722 3051 καὶ
2792 2995 2913 3059 θεὸς
2977 2995 3131 3065 ἠξίου
3190 2992 3547 3066 νομίζεσθαι,
3596 2989 3685 3043 καὶ

2094 3090 2361 3160 δεσπότης
2394 3087 2753 3157 καλούμενος,
2781 3086 2875 3140 καὶ
2913 3085 3039 3147 θεὸς
3073 3077 3687 3155 ὕπερηγάλλετο.Ταῦ-

2094 3202 2162 3236 τα
2185 3183 2245 3236 οὐ
2276 3182 2437 3253 μόνον
2467 3180 2705 3248 ἐλέγετο,
2738 3177 2873 3232 ἀλλά
2900 3177 2997 3231 καὶ
3024 3177 3323 3248 ἐγράφετο.
3363 3175 3455 3229 Ἐν
3485 3173 3542 3226 δὲ
3566 3171 3679 3242 θέα,

2096 3273 2256 3329 ὑετοῦ
2288 3271 2487 3327 πολλοῦ
2520 3274 2615 3337 καὶ
2643 3270 2913 3341 χειμῶνος
2943 3269 3178 3341 σφοδροῦ
3222 3269 3497 3338 ἐξαίφνης
3536 3278 3684 3332 γενο-

2099 3367 2286 3438 μένου,
2320 3364 2512 3419 οὐδένα
2544 3365 2729 3419 εῑασεν
2758 3364 2823 3418 ἐκ
2844 3364 2941 3435 τῆς
2978 3363 3107 3426 θέας
3138 3349 3682 3430 ἀπαλλαγῆναι,ἀλλ⁹

2098 3459 2261 3523 αὐτὸς
2286 3458 2533 3530 μανδύας
2564 3456 2993 3526 ἀλλασσόμενος,
3025 3454 3265 3517 ἐκείνοις
3296 3453 3456 3507 οὐδὲν
3483 3462 3685 3520 μεταμ·

2097 3550 2401 3622 φιὰσασθαι
2428 3547 2793 3620 παρεχώρησε
2814 3563 2830 3579 ⁶
2858 3545 3166 3602 κάντεῦθεν
3196 3540 3681 3610 πολλοὶ,νοσήσαν-
3730 3585 3734 3590 .

2096 3660 2210 3709 τες,
2259 3641 2643 3711 ἐτελεύτησαν.
2686 3639 2825 3702 Τοὺς
2868 3638 2912 3691 δ’
2976 3636 3067 3691 ὑπ’
3106 3635 3277 3690 αὑτοῦ
3321 3630 3681 3689 κολασθέντας

2097 3738 2197 3790 οὐκ
2243 3735 2310 3789 ἄν
2346 3751 2433 3798 τις
2472 3728 2948 3803 ἐξαριθμήσασθαι
2995 3727 3233 3793 δύναιτο,
3277 3723 3467 3797 συχνοὶ
3493 3722 3549 3775 δὲ
3591 3717 3678 3771 καὶ

2100 3831 2293 3899 ἄνδρες
2318 3828 2413 3881 καὶ
2446 3826 2701 3892 γυναῖκες
2724 3823 2834 3877 τῶν
2865 3822 3140 3875 πλουσίων
3180 3821 3278 3874 ἐπὶ
3310 3815 3531 3891 μοιχείᾳ
3558 3815 3677 3865 ἐκο-

2097 3921 2375 3991 λάσθησαν
2400 3936 2416 3952 ·
2450 3912 2525 3971 ὧν
2568 3916 2709 3971 ἔνιαι
2765 3913 2861 3970 καὶ
2911 3914 3005 3967 ὑπ’
3044 3911 3209 3967 αὐτοῦ
3253 3909 3672 3983 ἐμοιχεύοησαν.

2102 4014 2212 4067 Καὶ
2250 4012 2441 4075 ἄλλαις
2466 4011 2511 4065 δ’
2556 4009 2761 4071 αἰτίαις
2794 4006 2980 4061 πολλοὶ
3024 4006 3119 4059 καὶ
3151 4003 3542 4075 ἐζημιώθησαν
3587 3995 3676 4049 καὶ

2099 4104 2391 4160 ἀπέθανον.
2422 4101 2566 4173 Γυνὴ
2605 4100 2713 4171 γάρ
2739 4115 2844 4165 τις,
2868 4099 2952 4151 ὅτι
2979 4096 3224 4152 ἐναντίον
3257 4097 3475 4156 είκόνος
3517 4080 3673 4142 αὐτοῦ

2102 4199 2435 4264 ἀπεδύσατο,
2469 4193 2774 4265 ὲφονεύθηο
2817 4195 2913 4247 καὶ
2968 4191 3155 4263 ἕτερος
3207 4191 3287 4256 ὡς
3332 4183 3674 4260 ἀστρολόγοις

2103 4290 2423 4363 ὡμιληκώς.
2456 4289 2660 4344 Μέτιον
2701 4286 2759 4340 δέ
2798 4303 2944 4349 τινα,
2977 4284 3037 4339 ὃν
3073 4285 3294 4355 ήφήμη
3340 4275 3669 4353 μοναρχῆσαι

2109 4384 2326 4455 μέλλειν
2352 4384 2677 4452 ἐκήρυττεν,
2725 4376 2978 4447 ὲξορίσας
3023 4375 3338 4445 ἐφόνευσεν,
3381 4366 3670 4440 ἐγκαλέσας

2101 4475 2253 4546 αὐτῷ
2278 4476 2364 4529 ὅτι
2398 4475 2455 4527 ἐν
2491 4475 2603 4536 τοῖς
2628 4470 2726 4525 τοῦ
2757 4468 3016 4532 κοιτῶνος
3045 4467 3248 4538 τοίχοις
3276 4464 3391 4536 εἶχε
3430 4469 3668 4554 verpus-1.-

2105 4569 2273 4639 μένην
2303 4567 2401 4640 τὴν
2427 4564 2774 4635 οἰκουμένην.
2795 4561 2908 4617 Καὶ
2942 4562 3203 4631 σοφιστήν
3223 4575 3364 4624 τινα,
3391 4557 3475 4610 ὅτι
3495 4553 3667 4640 ἀσκσλν

2104 4634 2342 4732 μελέτην
2358 4634 2518 4714 ’κατὰ
2556 4634 2838 4728 τυράννων
2874 4651 3275 4723 συνεγράψατο,
3308 4647 3519 4712 θανάτῳ
3556 4634 3659 4732 ἐκός

2101 4725 2255 4810 λασε.
2289 4725 2483 4807 Πολλοὶ
2521 4750 2579 4804 δὲ
2606 4725 2699 4803 καὶ
2726 4749 2802 4813 ὡς
2828 4745 3249 4818 φιλοσοφοῦντες
3279 4741 3547 4799 διώλοντο,
3579 4725 3664 4782 καὶ

2100 4848 2150 4902 οἱ
2182 4846 2358 4901 λοιποὶ
2390 4843 2757 4914 ἐξηλάθησαν.
2798 4839 3038 4894 Τοιαῦτα
3061 4839 3121 4892 δὲ
3159 4836 3416 4908 πράττων
3452 4823 3664 4914 ἐπεϐου-

2102 4940 2270 5010 λεύθη
2301 4908 2456 5009 παρά
2476 4908 2553 4989 ’τε
2591 4908 2895 5005 Παρθενίου
2924 4932 3022 4985 καὶ
3049 4930 3289 5000 Σιγήρου
3319 4925 3427 4982 τῶν
3458 4908 3661 5010 apati-0.“

2103 5050 2214 5086 των
2257 4998 2449 5094 αὐτοῦ,
2479 5028 2573 5083 καὶ
2618 4998 2903 5081 Ἐντέλλου
2945 5022 3041 5076 τοῦ
3071 5022 3140 5076 τὰ
3169 4998 3269 5091 τῆς
3300 5014 3471 5087 ἀρχῆς
3497 4998 3659 5080 βιϐλία

2103 5124 2408 5188 διέποντος,
2443 5121 2541 5175 καὶ
2579 5119 2856 5188 Στεφάνου
2890 5116 3285 5185 ἀπελευθέρου.
3319 5110 3430 5180 Τὴν
3467 5101 3511 5156 δ’
3553 5099 3659 5188 tm:

2105 5216 2303 5286 ϐουλὴν
2332 5178 2453 5268 aliis
2480 5215 2515 5284 ἡ
2548 5178 2889 5285 γυνὴ-αὐτοῦ
2919 5178 3465 5280 Δομιτία1ὴγνόησεν,
3496 5188 3607 5245 οὔτε
3632 5178 3658 5230 δ

1606 5378 1808 5440 Varia:
1848 5376 2152 5441 lectiones
2186 5384 2246 5441 et
2291 5383 2483 5440 ῐιΟίὲΒ.

500 5534 610 5609 (14)
649 5535 727 5604 Τῇ
784 5537 1034 5609 ,ἀδελφῇ
1089 5540 1323 5607 Ἰουλίᾳ.
1377 5540 1525 5595 Alter
1584 5543 1764 5597 codex.
1817 5540 1996 5609 inquit

427 5592 1155 5681 wnm..,ji.aba_.aas.aﬁ;
1173 5592 1229 5664 εἰ
1248 5592 1334 5667 ςέο
1363 5592 1735 5677 mandunt;
1753 5592 2003 5667 signa.

429 5684 666 5749 constat.
693 5678 768 5730 Ita
799 5676 962 5749 etiam
996 5676 1197 5747 legitur
1222 5684 1277 5737 in
1305 5676 1490 5749 Regiis
1529 5691 1584 5736 et
1615 5682 1801 5738 Cnlbei
1822 5693 1927 5735 tco.

501 5746 613 5816 (ιε’)
656 5746 1060 5816 Ἀπομάχουςζ
1095 5752 1186 5806 Sc
1218 5767 1347 5808 mss.
1390 5746 1529 5823 Reg.
1565 5765 1621 5807 et
1646 5753 1801 5809 Cnib.
1832 5755 2003 5807 ἁπτο-

2110 5542 2336 5611 μάγους,
2367 5542 2507 5595 alter
2531 5557 2573 5611 e_
2594 5538 2903 5611 Woliianis,
2918 5513 3624 5611 sedperperaqﬂpraﬁglif;

2180 5594 2715 5679 (Ilﬁl'jvltﬂtlytaraq.
2747 5594 3247 5678 Vitle'Scali'gerum
3272 5602 3336 5659 ad
3359 5594 3644 5654 Eusebium:

2108 5699 2229 5755 pag.
2263 5683 2392 5750 205,
2425 5682 2461 5735 2
2491 5681 2627 5737 edit.
