4048 6406
335 331 437 396 981

332 447 359 500 ε
407 464 573 521 αρχος
624 444 918 515 Νῡρόμνδῖ.
963 446 1086 499 οὖτ;

334 539 408 590 Ἠ
438 556 497 590 τε
527 537 636 607 γὰρ
673 537 900 606 Δομιτία
943 538 1034 589 ὑπ’
1067 538 1230 590 αὑτοῦ
1275 541 1577 608 μισουμένη
1611 539 1800 592 ἐδεδίει
1835 538 1910 607 μὴ

333 626 608 697 ἀποθάνῃ.
640 627 732 680 καὶ
759 629 808 679 οί
839 627 989 681 ἄλλοι
1019 628 1198 681 οὐκέτ’
1223 630 1385 682 αὐτὸν
1415 630 1652 697 ἐφίλουν.
1676 633 1908 698 Λέγεται

331 717 388 769 δὲ
429 718 512 770 ὅτι
545 718 753 780 πάντας
791 717 908 787 ἅμα
936 721 1134 783 αὐτοὺς
1173 719 1201 770 6
1230 723 1556 789 Δομετιανὸς
1586 721 1909 776 ὑποπτεύων

331 810 653 860 ἀποκτεῖναι
685 809 728 875 ὲ,
757 808 918 864 ελέτα
936 824 951 840 ’
979 810 1074 864 καὶ
1101 813 1168 864 τὰ
1198 811 1436 881 ὀνόματα
1461 813 1638 866 αὐτῶν
1667 815 1911 884 ἀπογρα-

335 899 577 967 ψάμενος
613 902 668 952 ἐν
693 903 757 970 τῇ
792 901 950 972 κλίνῃ
979 902 1210 956 ὑπέθετο
1235 905 1337 957 ὑπὸ
1358 905 1416 957 τὸ
1445 906 1904 974 προσκεφάλαιον·

336 991 429 1044 καί
477 1009 530 1044 τι
577 994 789 1045 παιδίον
821 993 922 1063 τὴν
965 995 1294 1066 ἀπογραφὴν
1340 997 1673 1065 ἀφελόμενον
1721 997 1905 1067 ἔφερε,

341 1085 416 1154 μὴ
442 1083 577 1146 είεὸς
617 1084 670 1137 τί
719 1085 898 1155 φέρει.
940 1087 1267 1157 Ἐντυχοῦσα
1313 1088 1368 1140 δὲ
1401 1091 1432 1158 ἡ
1477 1089 1706 1158 Δομιτία
1736 1089 1904 1158 αὐτῷ,

337 1179 432 1232 καὶ
473 1179 784 1248 ἀναγνοῦσα
815 1181 884 1235 τὰ
911 1162 1296 1254 γεγραμμένα,
1337 1186 1612 1248 κάκείνοις
1643 1187 1908 1256 ἐμήνυσε,

332 1275 442 1326 uix
468 1273 658 1325 τούτου
722 1276 1088 1344 συνετάχυναν
1120 1275 1218 1344 τὴν
1249 1276 1560 1346 ἐπίουλήν.
1601 1277 1708 1330 Καὶ
1739 1277 1909 1329 πολλὰ

330 1363 388 1416 δὲ
440 1369 645 1435 σημεῖα
679 1367 929 1434 ἐγένοντό
977 1368 1024 1419 οἱ
1063 1367 1162 1419 οὐκ
1209 1368 1378 1419 αἴσια.
1424 1369 1694 1437 Λαργῖνος
1728 1367 1784 1420 δέ
1823 1385 1909 1432 τις

335 1458 601 1524 Πρόκλος,
648 1459 705 1510 ἐν
733 1458 1012 1530 Γερμανίᾳ
1043 1459 1274 1531 προειπὸ
1295 1461 1422 1514 νότι
1455 1460 1594 1513 κατᾶ
1622 1461 1776 1529 τήνδε
1811 1458 1910 1530 τὴν

329 1549 548 1618 ἡμέραν
573 1549 888 1621 τελευτήσει
917 1553 944 1604 6
977 1551 1324 1621 Δομετιανὸς,
1356 1550 1613 1620 ἐπέμφθη
1639 1550 1725 1604 διὰ
1751 1551 1909 1604 τοῦτο

332 1639 619 1709 συσχεθεὶς
650 1642 734 1703 είς
768 1642 868 1710 τήν
911 1641 1130 1712 Ῥώμην
1153 1658 1167 1672 ·
1207 1644 1301 1695 καὶ
1327 1641 1625 1713 ἐρωτηθεὶς
1653 1640 1785 1720 παρ’
1811 1642 1909 1695 αὐ-

328 1734 429 1786 τοῦ
459 1735 560 1804 ἔφη
591 1735 686 1787 καὶ
712 1734 832 1788 τότε
860 1735 1000 1789 οὕτω
1026 1736 1372 1805 γενήσεσθαι.
1398 1737 1829 1800 Καταδικασθεὶς
1852 1737 1907 1789 δὲ

327 1801 866 1897 θανεῖνξάνεϐλήθη,
900 1801 1050 1890 ὅπως
1082 1801 1218 1898 μετὰ
1255 1829 1354 1897 τὴν
1397 1830 1612 1900 ἡμέραν
1642 1830 1701 1882 ἐν
1807 1829 1909 1898 ἔφη
1941 1801 1984 1859 Β

328 1917 723 1971 ἀποθανεῖσθαι
750 1918 966 1987 μέλλειν
999 1919 1092 1972 τὸν
1121 1920 1450 1988 Δομετιανὸν
1480 1918 1748 1990 φονευθῇ·
1776 1937 1916 1986 σφα-

329 2009 524 2072 γέντος
577 2009 634 2062 δὲ
686 2009 780 2062 τοῦ
845 2011 1177 2079 Δομετιανοῦ
1234 2010 1358 2064 κατ’
1409 2011 1650 2082 ἐκείνην,
1708 2009 1912 2080 ἐσώθη.

331 2100 562 2170 Ἕτερος
595 2100 652 2153 δέ
685 2118 768 2162 τις
805 2102 974 2153 εἰπὼν
1012 2100 1158 2170 αύτῷ
1188 2103 1350 2155 ὁπότε
1386 2104 1480 2155 καὶ
1509 2103 1657 2166 ὅπως
1698 2100 1916 2172 φθαρή-

334 2207 513 2256 σεται,
560 2191 821 2262 ἠρωτήθη
857 2192 1028 2261 ὁποίῳ
1071 2195 1164 2246 καὶ
1197 2193 1360 2256 αὐτὸς
1400 2195 1589 2263 τρόπῳ
1632 2193 1910 2248 θανεῖται·

337 2284 434 2334 καὶ
464 2283 642 2351 φήσας
675 2282 749 2345 ὡς
795 2283 900 2336 ὑπὸ
935 2284 1116 2339 κυνῶν
1148 2285 1582 2356 ἀναλωθήσεται,
1638 2285 1748 2348 ζῶν
1779 2303 1912 2340 κατ-

329 2391 359 2428 ε
383 2376 528 2446 -ρίθη
595 2379 880 2448 καυθῆναι,
913 2381 1004 2434 καὶ
1027 2379 1103 2451 τῷ
1144 2382 1279 2452 πυρὶ
1314 2382 1682 2453 προσερῤίφη.
1724 2381 1911 2434 ’Υετοῦ

337 2471 395 2523 δὲ
454 2472 902 2542 καταρραγέντος
954 2473 1150 2526 πολλοῦ
1209 2476 1240 2545 ή
1294 2475 1392 2545 μὲν
1445 2475 1594 2546 πυρὰ
1653 2475 1910 2542 ὲσόέσθη,

331 2562 543 2615 ἐκεῖνον
575 2563 632 2616 δὲ
661 2563 836 2617 ὀπίσω
871 2565 948 2618 τὼ
978 2567 1135 2636 χεῖρε
1163 2566 1470 2636 δεδεμένον,
1508 2567 1602 2620 καὶ
1630 2565 1915 2635 ἐπικείμε-

333 2670 424 2707 νον
455 2655 615 2724 αὐτῇ,
641 2653 798 2719 κύνες
829 2657 1083 2727 εὑρόντες
1130 2657 1518 2728 διεσπάραξαν.
1545 2658 1634 2728 Τῷ
1660 2657 1715 2710 δὲ
1743 2659 1914 2727 Δομεο

332 2747 503 2815 τιανῷ
545 2747 606 2800 τὸ
639 2749 1013 2819 μεσημϐρινὸν
1055 2749 1488 2820 ἀναπαυομένῳ,
1517 2749 1608 2804 τὸν
1641 2749 1912 2818 Στέφανον

334 2839 411 2900 ὼς
437 2837 546 2892 τῶν
581 2839 756 2895 ἄλλων
788 2843 1270 2912 ἐρρωμενέστερον
1319 2843 1656 2913 εἰσέπεμψεν
1697 2845 1725 2896 6
1763 2843 1913 2912 Παρ-

332 2929 532 2996 θένος.
569 2932 680 2987 Καὶ
712 2935 925 3004 ἐπλήγη
974 2936 1072 3004 μὲν
1105 2937 1133 2988 6
1160 2936 1509 3002 Δομετιανὸς,
1544 2937 1605 2990 οὐ
1646 2935 1753 3007 μὴν
1787 2953 1911 2989 και-

334 3023 478 3092 ρίαν,
509 3023 648 3078 ἀλλὰ
671 3027 1036 3096 καταὸληθεὶς
1061 3029 1151 3103 ύπ⁹
1178 3028 1343 3082 αὐτοῦ
1370 3027 1548 3082 ἔκειτο
1567 3043 1582 3058 °
1616 3025 1716 3082 εἶτ’
1744 3029 1908 3095 αὖθις

1569 331 1983 392 ANNALIUM
2030 335 2178 394 LIB.
2217 335 2322 392 Χῐ.

1165 450 1191 500 6
1252 448 1533 519 συνάρχων
1583 447 1909 518 Πετρώνιος.

2019 461 2200 504 autem
2255 468 2352 506 eos
2409 468 2602 508 omnes
2661 455 2731 507 ob
2795 455 3166 524 suspicionem
3227 456 3478 511 occidere
3534 459 3588 510 in

3482 336 3590 402 982

2017 543 2202 597 animo
2253 544 2552 610 habuisse,
2609 561 2918 616 eorumque
2961 550 3184 602 nomina
3229 549 3589 619 pugillaribus

2017 633 2304 700 inscripta,
2336 634 2440 688 sub
2471 635 2729 700 cervicali
2759 651 2861 690 suo
2893 637 3164 706 posuisse.
3207 637 3336 691 Eam
3383 637 3587 692 descri-

2016 727 2260 795 ptionem
2291 727 2451 796 pusio
2486 728 2715 796 quidam
2745 727 3010 793 abstulit,
3045 729 3174 797 quid
3224 729 3390 782 ferret
3440 730 3581 798 igna-

2016 832 2110 870 rus
2143 835 2156 869 :
2191 833 2298 886 qua
2342 818 2575 872 Domitia
2612 818 2757 874 forte
2803 819 3020 874 fortuna
3070 821 3208 874 lecta
3235 861 3250 885 ,
3288 830 3344 876 et
3379 821 3589 874 caneris

2017 907 2281 972 indicata,
2319 908 2522 974 ellecit,
2554 919 2613 964 ut
2663 909 2878 966 insidia:
2906 919 3338 966 maturarentur.
3390 910 3587 964 Interi-

2017 1009 2106 1054 tus
2137 1001 2189 1054 ei
2225 1002 2416 1056 multis
2460 1001 2632 1070 signis
2673 1013 2760 1058 est
2807 1003 3230 1072 praenuntiatus.
3286 1003 3421 1057 Nam
3457 1004 3590 1058 Pro-

2015 1093 2136 1146 elus
2161 1093 2385 1161 quidam
2422 1094 2713 1165 Larginus,
2745 1095 2892 1165 quod
2921 1096 2974 1150 in
2998 1095 3294 1151 Germania
3323 1096 3590 1166 pra-dixe—

2016 1195 2118 1246 rat,
2147 1195 2299 1240 certo
2336 1185 2425 1241 die
2480 1187 2852 1242 Domitianum
2909 1189 3193 1242 obiturum
3240 1203 3366 1243 esse
3399 1207 3410 1242 :
3443 1203 3590 1242 com-

2015 1279 2343 1347 prehensus,
2375 1295 2550 1351 eaque
2591 1281 2659 1337 de
2706 1297 2870 1338 causa
2906 1285 3133 1338 Romam
3171 1284 3392 1347 missus,
3426 1293 3480 1338 et
3522 1285 3590 1337 ah

2016 1370 2136 1439 ipso
2174 1380 2421 1442 rogatus,
2447 1373 2590 1427 idem
2614 1373 2906 1430 aﬂirmavit
2933 1395 2947 1430 :
2971 1387 3028 1431 et
3056 1376 3254 1446 capitis
3277 1376 3588 1439 damnatus,

2013 1471 2070 1515 et
2103 1472 2418 1517 asservatus
2440 1503 2454 1528 ,
2487 1474 2545 1518 ut
2581 1473 2705 1534 post
2733 1480 2861 1520 eum
2897 1465 3042 1520 diem
3076 1483 3187 1536 quo
3218 1467 3587 1521 Domitianum

2014 1553 2322 1622 periturum
2371 1571 2495 1612 esse
2543 1557 2780 1624 dixerat,
2813 1559 3184 1625 occideretur,
3237 1575 3305 1614 eo
3354 1560 3442 1616 die
3496 1560 3588 1615 illo

2017 1645 2329 1710 interfecto,
2364 1647 2559 1701 evasit.
2591 1647 2774 1714 Alius,
2803 1649 2896 1718 qui
2927 1650 2979 1704 ei
3014 1659 3232 1720 tempus
3261 1659 3318 1706 et
3364 1651 3586 1706 modum

2019 1736 2277 1791 interitus
2311 1739 2660 1808 prasdixerat,
2689 1741 3061 1811 interrogatus
3095 1744 3165 1798 ah
3190 1759 3278 1807 eo,
3309 1759 3419 1813 quo
3470 1744 3587 1815 ipse

2015 1831 2210 1884 mortis
2256 1847 2456 1899 genere
2505 1833 2754 1886 obiturus
2801 1835 2992 1888 esset?
3053 1835 3359 1905 Respondit
3440 1853 3498 1890 se
3557 1852 3586 1889 a

2015 1923 2247 1976 canibus
2273 1938 2392 1978 esse
2423 1925 2800 1980 lacerandum.
2847 1927 3146 1982 Damnatus
3185 1926 3352 1997 igitur
3401 1939 3459 1980 ut
3507 1927 3587 1981 vi-

2015 2035 2117 2072 vus
2146 2029 2504 2081 cremaretur,
2539 2031 2594 2075 et
2627 2021 2681 2075 in
2711 2021 2888 2092 ignem
2919 2023 3206 2090 conjectus
3234 2029 3340 2075 est.
3368 2019 3473 2074 Sed
3509 2020 3586 2073 in-

2016 2110 2165 2178 genti
2239 2111 2422 2180 pluvia
2472 2127 2603 2181 rogo
2653 2113 2948 2176 exstincto,
3001 2113 3092 2168 ille
3143 2112 3404 2167 revinctis
3470 2120 3589 2181 post

2021 2213 2230 2272 tergum
2261 2204 2514 2258 manibus
2540 2221 2570 2259 a
2595 2206 2827 2261 canibus
2849 2217 2934 2260 est
2956 2205 3287 2276 discerptus.
3319 2205 3589 2260 Cancrum

2015 2291 2343 2347 Parthenius
2375 2293 2716 2362 Stephanum
2745 2304 2804 2350 ut
2841 2296 3215 2351 robustiorem
3247 2305 3439 2350 contra
3486 2295 3592 2349 Do-

2014 2384 2306 2439 mitianum
2355 2385 2741 2440 meridiantem
2797 2387 2970 2451 misit,
3017 2387 3113 2456 qui
3165 2386 3300 2449 ictu,
3347 2385 3441 2441 sed
3478 2401 3588 2439 non

2014 2477 2226 2537 lethali,
2269 2485 2548 2546 prostrato
2601 2478 2872 2543 incubuit,
2924 2477 3104 2534 donec
3153 2477 3276 2532 aliis
3323 2478 3591 2547 adjuvan-

2016 2564 2164 2619 tibus
2203 2574 2492 2636 tyrannum
2523 2566 2685 2636 plane
2719 2567 2980 2622 confecit.
3007 2567 3203 2623 Occiso
3233 2566 3546 2622 Domitiano
3572 2607 3586 2629 ,

2015 2654 2330 2726 Stephanus
2357 2658 2522 2712 etiam
2553 2657 2714 2729 582
2739 2674 3016 2714 concursu
3047 2675 3239 2714 eorum
3273 2659 3366 2729 qui
3394 2658 3589 2726 conju»

2015 2745 2246 2800 rationis
2296 2755 2553 2815 expertes
2599 2757 2789 2810 erant,
2839 2749 3023 2817 periit.
3079 2749 3404 2819 Apollonius
3455 2765 3586 2803 vero

2015 2837 2288 2908 Tyaneus,
2331 2839 2730 2910 Pythagoricus
2761 2839 3124 2910 philosophus
3148 2877 3163 2904 ,
3188 2848 3244 2895 et
3279 2856 3467 2910 magus
3504 2842 3588 2895 in-

2013 2931 2205 2998 signis,
2249 2940 2363 2985 tum
2414 2932 2616 3001 Ephesi
2661 2933 2727 2987 ad
2757 2933 3018 3003 populum
3049 2933 3215 2987 verba
3268 2932 3476 2988 faciens
3521 2947 3585 2986 ea

2015 3026 2151 3080 hora
2191 3042 2299 3096 qua
2346 3026 2690 3082 Domitianus
2739 3027 3053 3082 caedebatur
3095 3029 3178 3091 (ut
3216 3033 3342 3096 post
3391 3041 3459 3081 ex
3517 3027 3586 3082 iis

332 3113 426 3167 ὑπ’
457 3116 669 3169 ἐκείνου
707 3119 798 3170 καὶ
831 3118 1035 3189 ἐτέρων
1067 3120 1575 3191 προκατειργάσθη.
1611 3121 1722 3174 Καὶ
1753 3122 1781 3174 6
1813 3123 1909 3193 μὲν

2015 3135 2135 3189 quae
2163 3119 2458 3189 utrobique
2508 3119 2852 3184 acciderunt,
2900 3128 3054 3174 certo
3083 3127 3424 3188 compertum
3450 3121 3582 3186 est‘,

331 3206 475 3259 οὕτω
511 3209 857 3279 κατεσφάγη,
898 3211 994 3263 καὶ
1025 3212 1053 3263 6
1085 3210 1358 3281 Στέφανος
1392 3212 1450 3266 δὲ
1492 3213 1906 3284 προσαπώλετο,

333 3297 752 3367 συνδραμόντων
792 3300 880 3352 ἐπ’
909 3301 1075 3354 αὑτὸν
1117 3302 1226 3356 τῶν
1265 3303 1326 3355 οὐ
1363 3306 1781 3375 μετεσχηκότων
1809 3306 1908 3376 τῆς

334 3391 700 3460 συνωμοσίας.
751 3393 1113 3459 Ἀπολλώνιος
1145 3395 1202 3449 δὲ
1245 3399 1273 3450 6
1306 3398 1548 3460 Τυανεὺς
1598 3399 1912 3471 (φιλόσοφος

331 3483 388 3534 6':
419 3477 572 3546 οὗτος
594 3477 663 3553 ἦν
691 3485 1088 3557 Πυθαγορικὸς,
1125 3487 1256 3558 γόης
1282 3488 1337 3542 δὲ
1370 3491 1626 3562 μάλιστα)
1657 3493 1716 3543 ὲν
1753 3493 1909 3560 Ἐφέ-

333 3591 413 3642 σῳ
450 3575 571 3627 τότε
598 3575 822 3643 διάγων,
854 3579 950 3631 καὶ
977 3579 1055 3648 τῷ
1089 3580 1284 3650 πλήθει
1308 3581 1714 3652 διαλεγόμενος,
1764 3584 1909 3637 κατὰ

335 3666 434 3737 τὴν
465 3667 612 3738 ὥραν
642 3667 764 3722 καθ’
791 3671 856 3741 ἢν
880 3674 908 3724 6
938 3672 1263 3741 Δομετιανὸς
1288 3673 1560 3744 ἀνῃρεῖτο,
1582 3674 1656 3738 ὡς
1683 3675 1911 3746 ὕστερον

333 3761 400 3812 ὲκ
431 3761 539 3813 τῶν
572 3762 914 3833 ἑκατέρωθεν
951 3766 1267 3834 γενομένων
1308 3767 1617 3838 ἠκριόὠθη,
1666 3769 1759 3821 ὲπί
1792 3787 1910 3821 τινα

335 3852 485 3921 ὥραν
515 3855 659 3918 ἐνεδς
677 3855 832 3926 ἔστη,
856 3853 972 3911 εἶτα
1000 3858 1257 3930 ἐξεϐόησε
1280 3877 1292 3891 ·
1315 3857 1784 3930 Εὖγε,Στέφανε,
1807 3881 1911 3916 κα-

333 3945 477 4012 λῶς,
520 3946 817 4016 Στέφανε,
871 3948 1010 4002 παῖε
1057 3951 1164 4002 τὸν
1220 3950 1565 4020 ἀλιτήριον
1610 3953 1905 4020 ἕπληξας.

331 4038 616 4105 ἒτρωσας,
649 4039 1025 4108 ἀπέκτεινας.
1063 4040 1234 4096 Τοῦτο
1251 4044 1307 4095 δὲ
1337 4046 1427 4098 καὶ
1455 4045 1482 4096 6
1521 4043 1908 4116 Φιλόστρατος,

331 4131 422 4181 τὸν
454 4129 548 4182 τοῦ
595 4130 957 4186 Ἀπολλωνίου
988 4132 1101 4202 βίον
1134 4135 1554 4206 συγγεγραφὼς,
1573 4136 1750 4200 οὕτως
1810 4139 1906 4192 ἀν-

329 4223 599 4292 έγραψεν.
635 4221 838 4294 Ἔξησε
867 4225 926 4279 δὲ
956 4226 1283 4295 Δομετιανὸς
1325 4225 1418 4296 ἔτη
1461 4228 1596 4297 πρὸς
1643 4229 1906 4299 τέσσαρσι

332 4316 740 4386 τεσσαράκοντα
782 4317 875 4369 καὶ
925 4317 1098 4387 μῆνας
1145 4317 1275 4372 δέκα
1318 4320 1654 4390 καὶιήμέρας
1699 4320 1760 4385 ἓξ
1811 4320 1907 4374 καὶ

331 4407 538 4462 εἴκοσιν
563 4423 578 4439 ·
622 4411 964 4480 ὲμονάρχησε
997 4411 1041 4463 δ’
1070 4412 1351 4472 ἐνιαυτοὺς
1381 4412 1771 4465 πεντεκαίδεκα
1813 4415 1906 4467 καὶ

331 4502 543 4571 ἡμέρας
565 4501 746 4556 πέντε.
775 4502 864 4573 Τῷ
891 4502 947 4555 δὲ
973 4503 1218 4574 τετάρτῳ
1250 4503 1360 4557 ἔτει
1383 4503 1484 4572 τῆς
1512 4502 1680 4556 αὐτοῦ
1700 4522 1902 4575 μοναρο
1942 4495 1981 4548 D
2013 4499 2261 4554 imitatus
2315 4515 2328 4552 :

331 4593 454 4659 χὲας
494 4592 522 4644 ὁ
579 4592 678 4659 τῆς
707 4591 1106 4662 Ἀλεξανδρέων
1142 4591 1470 4662 Ἐκκλησίας
1507 4592 1722 4664 πρῶτος
1763 4593 1904 4663 μετά

335 4685 562 4753 Μάρκον
593 4683 683 4736 τὸν
713 4684 1010 4738 ἀπόστολον
1039 4685 1328 4755 ἀρχιερεὺς
1359 4684 1601 4753 γεγονὼς
1623 4686 1904 4755 ἐτελεύτη-

333 4794 414 4842 σε,
447 4779 542 4830 καὶ
589 4776 824 4840 ’Δϐίλιος
853 4777 1014 4830 αὑτὸν
1047 4777 1351 4844 διεδέξατο,
1386 4777 1638 4848 δεύτερος
1678 4778 1902 4830 ἐπίσκο-

332 4887 431 4932 πος
468 4868 880 4938 Ἀλεξανδρείας
914 4869 1228 4938 γενόμενος.
1263 4868 1355 4939 Τῷ
1387 4867 1676 4938 δωδεκάτῳ
1721 4869 1762 4922 δ’
1793 4870 1902 4923 ἔτει

329 4961 428 5029 τῆς
471 4960 768 5028 ἡγεμονίας
820 4957 987 5012 αὐτοῦ
1049 4958 1472 5029 τελευτήσαντος
1515 4959 1900 5027 ’Λνεγκλήτου,

333 5051 563 5121 Κλήμης
592 5049 691 5121 τὴν
721 5051 1138 5122 ἀρχιερωσύνην
1188 5049 1288 5120 τῆς
1329 5048 1549 5120 Ῥώμης
1599 5049 1899 5119 παρέλαϐε,

330 5142 512 5211 τρίτος
550 5141 753 5212 ταύτης
777 5142 1123 5212 χρηματίσας
1149 5141 1466 5205 ἐπίσκοπος,
1504 5142 1646 5194 κατὰ
1674 5141 1764 5193 τὸν
1801 5142 1910 5199 Ιίὑ-,
1932 5163 1954 5168 τ·

334 5234 539 5290 σέϐιον.
564 5225 733 5296 Οὗτος
766 5237 794 5288 6
828 5235 1076 5303 ἔχθιστος
1106 5233 1464 5302 αὐτοκράτωρ
1501 5234 1638 5301 μετὰ
1671 5235 1760 5284 τὸν
1797 5232 1901 5283 Νέ-

335 5343 482 5394 ρωνα
566 5325 724 5388 αὖθις
775 5325 868 5378 τὸν
927 5323 1068 5377 κατὰ
1126 5325 1234 5377 τῶν
1274 5321 1616 5392 Χριστιανῶν
1659 5321 1902 5390 διωγμὸν

333 5419 623 5488 ἀνεκίνησε
654 5417 751 5488 τῆς
783 5417 994 5471 ἐκείνου
1035 5415 1334 5486 θεομαχίας
1362 5415 1605 5484 διάδοχος
1635 5413 1899 5484 γεγονὼς,

332 5510 392 5568 ὃς
428 5509 523 5562 καὶ
559 5509 652 5562 τὸν
677 5508 978 5564 ἀπόστολον
1006 5509 1100 5561 καὶ
1131 5507 1526 5578 εὐαγγελιστὴν
1565 5506 1820 5577 Ἰωάννην
1842 5510 1901 5559 ἐν

333 5602 543 5672 Πάτμῳ
586 5604 654 5672 τῇ
693 5603 840 5671 νήσῳ
876 5601 966 5653 διὰ
1011 5600 1072 5654 τὸ
1124 5602 1388 5670 κήρυγμα
1431 5597 1754 5670 περιώρισε,
1805 5599 1900 5650 καὶ

328 5694 457 5757 τοὺς
487 5694 786 5761 ἀπογόνους
811 5693 975 5747 Δαῦὶδ
1009 5693 1350 5764 ἀναιρεῖσθαι
1385 5691 1707 5764 προσέταξε.
1733 5689 1899 5743 Ταῦθ’

2015 3226 2140 3264 cum
2166 3211 2483 3280 aliquandiu
2517 3212 2789 3266 attonitus
2823 3211 3104 3276 stetisset,
3144 3209 3368 3265 tandem
3400 3210 3586 3264 excla-

2016 3301 2183 3355 mavit
2208 3319 2221 3354 :
2262 3301 2404 3371 Euge
2427 3300 2889 3372 Stephane,recte.
2923 3300 3326 3372 Stephane,‘feri
3354 3299 3584 3355 scelera-

2016 3403 2126 3446 tum
2157 3409 2175 3446 :
2209 3395 2536 3464 percussisti,
2585 3392 2898 3456 vulnerasti,
2947 3394 3202 3448 occidisti.
3240 3393 3355 3448 Hoc
3396 3393 3586 3447 Philo-

2015 3496 2223 3542 stratus
2278 3489 2541 3543 Lemnius
2596 3488 2650 3542 in
2699 3488 2975 3558 Apollonii
3027 3489 3146 3544 Vita
3197 3488 3384 3542 refert.
3439 3486 3586 3541 Vixit

2018 3581 2361 3635 l‘omitiauus
2393 3596 2567 3635 annos
2601 3597 2745 3646 των,
2781 3596 3002 3635 menses
3050 3596 3125 3642 xl,
3167 3579 3288 3633 dies
3318 3594 3371 3632 Vl
3404 3586 3459 3632 et
3495 3593 3582 3630 xx.

2014 3671 2309 3740 Imperavit
2333 3687 2508 3727 anxios
2539 3689 2606 3728 xv
2632 3682 2689 3727 et
2718 3673 2839 3728 dies
2871 3689 2923 3726 ν.
2955 3671 3162 3739 Quarto
3195 3685 3344 3724 anno
3368 3669 3586 3739 imperii

2011 3764 2149 3831 ejus,
2200 3762 2589 3817 Alexandrinae
2642 3763 2903 3818 Ecclesia:
2949 3764 3126 3834 primo
3177 3771 3300 3832 post
3341 3760 3585 3815 Marcum

2012 3855 2318 3923 apostolum
2373 3854 2620 3924 pontifici
2675 3855 2962 3919 defuncto,
3015 3854 3230 3909 Ahilius
3277 3851 3584 3914 successit,

2012 3945 2291 3999 secundus
2322 3944 2667 4000 Alexandriae
2704 3945 2971 4016 pontifex.
3011 3944 3235 3999 Decimo
3259 3957 3406 3996 anno
3432 3941 3585 4010 prin-

2011 4037 2229 4106 cipatus
2260 4037 2381 4106 ejus
2406 4037 2668 4091 defuncto
2696 4037 2981 4102 Anacleto,
3009 4034 3265 4090 Clemens
3294 4031 3602 4104 pontificzh

2012 4137 2127 4184 tum
2161 4130 2467 4184 Romanum
2501 4130 2765 4199 suscepit,
2797 4132 3014 4189 tertius.
3046 4127 3287 4182 Eusebio
3318 4136 3544 4181 auctore
3568 4165 3584 4190 ,

2012 4223 2165 4278 urbis
2210 4223 2523 4293 episcopus.
2571 4223 2670 4278 llic
2700 4222 3087 4277 odiosissimus
3121 4221 3422 4290 imperator
3463 4235 3587 4287 prr-

2011 4314 2355 4369 secutionem
2396 4313 2836 4369 Christianorum
2871 4323 2992 4383 post
3037 4313 3307 4370 Neronem
3343 4311 3586 4365 redinte-

2010 4407 2206 4477 gravit,
2268 4406 2415 4465 illius
2475 4407 2528 4460 in
2588 4404 2963 4476 oppugnando
2993 4403 3233 4458 Numine
3295 4401 3581 4456 audaciam

2389 4509 2444 4554 et
2483 4497 2750 4553 Joannem
2815 4496 3146 4564 apostolum,
3215 4493 3583 4562 eumdemque

2007 4592 2393 4663 evangelistam
2423 4631 2438 4656 ,
2484 4590 2554 4644 ob
2599 4591 2936 4659 praeconium
2968 4589 3024 4642 in
3069 4587 3303 4642 insulam
3351 4585 3583 4640 Patmon

2007 4685 2292 4752 relegavit,
2335 4683 2666 4752 Davidisque
2717 4691 2970 4751 posteros
3003 4681 3117 4736 tolli
3167 4679 3353 4751 jussit.
3407 4679 3585 4746 Quam

2009 4791 2123 4829 rem
2173 4775 2446 4830 Eusebius
2493 4775 2749 4846 Egesippi
2795 4775 2983 4830 verbis
3039 4773 3108 4828 ad
3160 4773 3310 4827 hunc
3357 4772 3587 4840 exponit

2008 4867 2231 4920 modum
2264 4882 2277 4918 :
2309 4868 2491 4922 Adhuc
2530 4867 2838 4937 superstites
2861 4876 3015 4919 erant
3047 4875 3258 4932 nepotes
3287 4863 3461 4924 Judw,
3495 4863 3585 4930 qui

2007 4957 2175 5026 frater
2236 4957 2449 5010 Domini
2488 4957 2775 5010 secundum
2818 4973 3034 5010 carnem
3085 4957 3296 5018 dicitur,
3352 4970 3478 5023 quos
3527 4963 3584 5004 ut

2010 5051 2225 5105 Davidis
2257 5060 2491 5120 posteros
2519 5051 2734 5121 quidam
2759 5049 3081 5102 detulerunt.
3117 5047 3221 5101 Eos
3246 5046 3580 5100 Iloutiliuuus

2009 5144 2076 5198 ςιί
2104 5161 2159 5197 se
2186 5144 2436 5197 adductos
2469 5151 2842 5213 percunctatus
2875 5151 3059 5207 cst,an
3095 5139 3334 5193 Davidici
3363 5145 3532 5190 essent
3557 5136 3582 5187 ἵ

2007 5237 2129 5290 Illis
2159 5238 2562 5306 afﬁrmantibus,
2599 5239 2928 5304 interrogare
2952 5234 3205 5304 perrexit,
3238 5238 3362 5300 quot
3387 5230 3579 5298 {nudos

2004 5327 2351 5392 possiderent,
2385 5333 2434 5377 et
2463 5321 2722 5396 quantum
2765 5324 2998 5394 pecunia:
3028 5319 3328 5374 haberent?
3360 5319 3458 5373 Cui
3499 5317 3580 5371 illi

2006 5417 2408 5484 responderunt,
2447 5433 2500 5469 Ix
2531 5414 2701 5468 millia
2734 5414 3073 5466 denariorum
3127 5417 3335 5462 tantum
3381 5425 3436 5461 se
3476 5415 3576 5460 Im-

2003 5510 2123 5562 bere
2153 5523 2358 5578 :eaque
2381 5523 2483 5560 non
2510 5509 2562 5559 in
2594 5506 2835 5574 pecunia,
2864 5503 2953 5558 sed
2977 5505 3031 5557 in
3061 5502 3409 5556 aestimatione
3449 5501 3576 5569 fun-

2003 5601 2212 5662 dorum,
2247 5598 2385 5652 unde
2411 5606 2459 5650 et
2491 5598 2592 5666 ipsi
2629 5596 2804 5649 labore
2839 5611 3060 5648 suarum
3084 5607 3334 5646 manuum
3371 5592 3579 5644 victita-

2006 5703 2140 5759 rent,
2195 5699 2242 5743 et
2293 5691 2486 5744 tributa
2537 5689 2859 5760 penderent,
2895 5696 2943 5739 et
2991 5703 3240 5741 manuum
3281 5683 3446 5738 callos
3484 5698 3579 5753 pro
