4048 6404
423 328 528 394 985

1644 345 2048 407 ANNALIUM
2088 351 2236 412 LIB.
2272 352 2382 415 Χῐ.

3575 361 3686 426 986

424 443 694 539 ὲξηγίεῖτθ»
736 443 988 514 δεύτερος
1042 447 1137 499 καὶ
1186 444 1340 513 οὗτος
1388 450 1527 520 μετὰ
1603 454 1696 506 τὸν
1754 459 1995 526 συγγενῆ

2110 460 2246 524 Lulit,
2282 476 2352 516 ne
2387 461 2513 532 quis
2543 462 2599 517 in
2647 463 2897 520 Romano
2936 464 3171 539 imperio
3197 478 3495 538 castretur,
3546 485 3686 531 neve

452 532 716 593 Ἰάκωϐον
760 540 852 592 τὸν
888 539 1117 609 ἀδελφὸν
1161 542 1252 595 τοῦ
1305 544 1511 615 Κυρίου
1557 546 1853 618 λεγόμενον
1901 551 2000 622 τὴν

424 630 735 698 ἐπισκοπὴν
772 631 1066 701 λελογχώς.
1098 630 1257 704 Παρὰ
1291 637 1484 689 τούτου
1528 638 1625 692 τοῦ
1659 641 2000 708 αὐτοκράτο-

431 739 523 791 ρος
550 723 605 774 ui
656 722 986 792 μονομαχίαι
1035 724 1129 775 xui
1161 726 1193 794 ή
1220 725 1427 780 τούτων
1471 726 1569 780 θέα
1603 730 2002 804 ἀπηγορεύθη-

428 830 551 867 σαν.
608 812 886 883 Ἔπραττε
927 813 984 865 δέ
1015 814 1166 868 οὐδὲν
1201 815 1427 885 γνώμης
1469 819 1603 888 ἄτερ
1660 822 1767 873 τῶν
1801 823 2002 894 ἐξόχων

422 906 533 961 τῶν
561 906 660 975 τῆς
692 906 907 977 βουλῆς.
941 898 1112 969 Οὗτος
1143 909 1504 979 ἐνομοθέτησε
1537 911 1629 963 καὶ
1657 911 1717 965 τὸ
1761 911 1836 983 μή
1872 930 1997 967 τινα

427 1001 493 1054 τὰ
529 999 824 1067 παιδογόνα
862 1001 1027 1073 μόρια
1070 1002 1222 1070 παρά
1282 1002 1578 1073 Ῥωμαίοις
1616 1004 2001 1075 ἐκτέμνεσθαι,

431 1091 569 1162 μήτε
602 1089 709 1161 μὴν
741 1089 972 1158 ἄγεσθαι
1025 1093 1161 1161 πρὸς
1189 1092 1679 1166 γάμονάδελφιδήν
1710 1096 1846 1167 (18).
1888 1097 2005 1150 Φω-

431 1183 603 1251 ράσας
661 1181 716 1252 δέ
778 1183 872 1236 τὸν
920 1182 1298 1251 Καλπούρνιον
1355 1185 1610 1256 Κράσσον
1654 1186 1750 1240 καὶ
1809 1187 2003 1252 ἄλλους

427 1270 882 1333 ἐπιϐουλεύοντάς
898 1272 970 1334 oi,
996 1270 1054 1325 ἐν
1073 1288 1180 1325 τινι
1211 1271 1314 1343 θέᾳ
1334 1274 1560 1345 πλησίον
1588 1275 1750 1330 αὐτοῦ
1775 1277 2006 1342 καθίσας

426 1361 626 1423 αὐτοὺς
656 1361 827 1431 μήπω
855 1361 1085 1430 γνόντας
1122 1364 1207 1416 ὅτι
1237 1364 1618 1435 πεφώρανται,
1651 1366 1782 1437 ξίφη
1816 1369 2006 1432 αὐτοῖς

430 1449 785 1519 ἐνεχείρισεν,
817 1449 906 1503 τινα
931 1452 1072 1522 τάχα
1106 1450 1273 1506 ῐδοιεν
1301 1453 1442 1507 αύτά
1475 1455 1527 1507 εί
1559 1453 1620 1507 εὖ
1649 1454 2006 1526 ἐξείργασταί

427 1562 490 1598 τε
532 1546 626 1599 καὶ
657 1545 941 1616 τέθηκταιο
978 1551 1045 1618 τῇ
1082 1546 1125 1600 δ’
1156 1547 1406 1619 ἀληθείᾳ,
1431 1548 1518 1601 ἵνα
1538 1550 1718 1616 γνοῖεν
1743 1547 1817 1611 ῶς
1839 1565 2009 1602 κατα-

430 1635 774 1705 πεφρόνηται
824 1638 874 1690 οἱ
926 1637 955 1689 ό
994 1637 1244 1700 Θάνατος.
1304 1638 1500 1706 Ἔλεγε
1554 1637 1611 1690 δὲ
1666 1638 1749 1690 ὃτι
1812 1636 2009 1703 Οὕτως

427 1724 586 1800 ἦρξα
619 1727 776 1784 ὥστε
813 1730 1113 1787 δύνασθαι
1145 1728 1248 1786 καὶ
1276 1731 1394 1800 τὴν
1418 1730 1618 1798 ἀρχὴν
1649 1730 2005 1794 ἀποθέσθαι,

2101 551 2331 606 fratrum
2371 559 2468 607 aut
2519 569 2770 609 sororum
2813 555 2954 613 ﬁlias
3001 559 3204 615 ducere
3249 561 3434 618 liceat.
3469 564 3604 619 Cum
3655 583 3689 622 ε

2101 641 2400 712 Calpurnio
2429 644 2651 713 Crasso,
2694 656 2749 703 et
2795 649 2919 706 aliis
2953 650 3182 706 insidias
3215 652 3333 708 ﬁeri
3363 655 3681 726 deprehen-

2103 733 2295 799 disset,
2332 736 2415 791 eis
2442 736 2496 791 in
2533 741 2847 808 spectaculo
2875 743 3113 812 quodam
3148 746 3397 814 proxime
3421 762 3480 803 se
3513 748 3680 820 584

2106 825 2414 892 collocatis,
2440 843 2602 884 enses
2642 830 2697 884 in
2731 846 2926 888 manus
2960 834 3208 897 tradidit,
3260 837 3466 907 ignaris
3501 840 3687 895 adhuc

2105 915 2317 980 indicii,
2351 926 2409 971 ut
2455 918 2707 974 viderent
2754 921 2966 976 scilicet
2996 939 3065 978 an
3096 924 3317 991 {affabre
3356 926 3484 983 facti
3519 910 3686 997 atque

2044 1060 2049 1065 .
2104 1011 2250 1063 acuti
2277 1022 2662 1068 essent:cum
2695 1031 2887 1072 revera
2936 1018 3217 1084 innueret,
3268 1031 3502 1076 mortem
3557 1040 3587 1078 a
3630 1039 3690 1079 se

2104 1102 2402 1155 contemni.
2430 1102 2625 1159 Aiebat
2655 1116 2837 1162 autem
2866 1124 2924 1162 se
2957 1110 3035 1164 ita
3059 1118 3397 1181 temperasse,
3434 1122 3491 1168 ut
3529 1116 3693 1169 etiam

2104 1189 2337 1260 deposito
2378 1194 2600 1264 imperio
2641 1199 2805 1251 vitam
2837 1196 3109 1268 privatam
3163 1210 3277 1258 tuto
3308 1214 3479 1274 posset
3509 1222 3690 1275 agere.

2106 1281 2212 1337 Sed
2245 1300 2370 1339 cum
2403 1285 2473 1341 ob
2501 1303 2714 1344 morum
2759 1290 3046 1346 lenitatem
3085 1305 3139 1349 et
3172 1304 3389 1351 aetatem
3439 1306 3691 1352 contem-

2103 1383 2350 1441 neretur,
2374 1376 2643 1449 Capitolio
2661 1396 2984 1451 conscenso,
3008 1386 3366 1441 exclamavit:
3393 1386 3545 1453 Quod
3563 1389 3692 1454 retia:

2105 1464 2442 1538 faustumque
2476 1467 2543 1525 sit
2576 1475 2784 1528 senatui
2812 1474 3130 1546 populoque,
3166 1477 3242 1532 Μ.
3292 1477 3505 1551 Ulpium
3548 1477 3692 1533 Ner-

2104 1569 2225 1614 vam
2251 1554 2544 1628 Trajanum
2571 1560 2783 1632 adopto.
2822 1562 2961 1618 Dein
2999 1562 3272 1620 Caesarem
3309 1580 3528 1636 quoque
3561 1580 3693 1621 eum

2106 1646 2427 1733 appellavit,
2458 1650 2623 1719 eique
2652 1666 2751 1705 sua
2784 1666 2950 1707 manu
2991 1652 3346 1710 Germaniam
3391 1664 3506 1710 tum
3539 1654 3693 1711 obti-

2109 1734 2262 1789 nenti
2287 1737 2509 1808 scripsit
2536 1760 2549 1795 :

428 1826 527 1880 καὶ
563 1825 849 1895 ἀσφαλῶς
872 1827 1233 1882 ἰδιωτεῦσαι.
1267 1828 1366 1881 Διά
1398 1827 1454 1880 δέ
1493 1829 1709 1899 τρόπων
1740 1825 2085 1898 χρηστότητα
2123 1831 2218 1883 xui
2256 1833 2434 1901 γῆρας
2486 1835 2622 1906 βαθὺ
2669 1838 3203 1910 καταφρονούμενος,
3253 1839 3463 1903 ἀναϐὰς
3490 1840 3570 1903 είς
3630 1838 3696 1892 τὸ

429 1920 783 1976 Καπιτώλιον
835 1922 1157 1993 ἐξεϐόησενο
1199 1919 1422 1993 Ἀναθῇ
1449 1923 1600 1991 τύχῃ
1654 1919 1765 1988 τῆς
1803 1936 1866 1975 τε
1909 1920 2152 1990 ,βουλῆς
2204 1927 2302 1978 καί
2385 1923 2490 1982 τοῦ
2554 1929 2747 1999 δήμου
2816 1932 3060 2003 Μάρκον
3114 1934 3378 1988 Οὐλπιον
3425 1931 3698 2001 Νερούαν

434 2021 732 2091 Τραϊανὸν
762 2019 1166 2089 είσποιοῦμαι.
1198 2014 1330 2073 Εἶτα
1361 2021 1460 2075 xui
1488 2019 1748 2089 Καίσαρα
1817 2022 2045 2075 ἀνεῖπεν
2079 2019 2266 2087 αὐτὸν,
2324 2024 2418 2076 καὶ
2446 2025 2777 2101 αύτοχείρως
2818 2029 3099 2084 ἐπέστειλε
3129 2027 3207 2099 τῷ
3246 2029 3401 2100 ἀνδρὶ
3425 2028 3525 2098 τῆς
3550 2026 3694 2099 Γερ-

434 2115 632 2188 μανίας
658 2115 881 2187 ἄρχοντι
916 2113 1041 2167 τότε
1076 2129 1089 2144 ο

510 2235 747 2290 Τίσειαν
774 2231 991 2286 Δαναοὶ
1020 2231 1133 2302 ἐμὰ
1153 2229 1388 2298 δάκρυα
1423 2228 1592 2282 σοῖσι
1612 2226 1937 2293 βέλεσσιν.

506 2347 714 2419 Ἀρξας
739 2346 832 2401 οὖν
863 2345 1111 2415 Νερούας
1140 2346 1226 2414 ἐφ’
1260 2343 1362 2398 ἐνα
1397 2343 1643 2398 ἐνιαυτὸν
1672 2345 1767 2397 καὶ
1822 2341 2010 2413 μηνῶν

431 2441 760 2513 τετρακτὺν,
835 2437 1137 2509 μετήλλαξε
1195 2436 1296 2508 τὴν
1359 2435 1507 2507 ζωὴν
1562 2437 1840 2505 νοσήσας,
1910 2436 2011 2490 xui

432 2529 809 2601 αὐτοκράτορα
839 2529 931 2582 τὸν
961 2527 1232 2597 Τραϊανὸν
1269 2526 1732 2597 προϐαλλόμενος.

505 2623 639 2677 KA'.
696 2620 966 2692 Τραϊανὸς
1012 2620 1068 2673 δὲ
1113 2619 1174 2672 τὸ
1208 2619 1365 2688 γένος
1411 2613 1592 2673 εἷλκεν
1645 2618 1706 2684 ἐξ
1740 2618 2008 2689 Ἰϐηρίας,

431 2712 688 2784 δεύτερον
715 2711 834 2774 ἔτος
852 2711 1002 2778 ἄγων
1024 2710 1118 2764 ἐπὶ
1150 2710 1577 2781 τεσσαρακοστῷ
1607 2710 1716 2764 ἀπὸ
1739 2711 2012 2778 γενέσεως

435 2806 526 2859 ὅτε
554 2803 656 2875 τῆς
680 2802 985 2874 αὑταρχίας
1009 2801 1335 2873 τετύχηκεν,
1380 2801 1512 2855 ὥστ’
1546 2802 1604 2853 ἐν
1651 2801 1805 2873 ἀκμῇ
1847 2800 2017 2875 αὑτὸν¹

439 2893 580 2950 εἴναι
613 2897 709 2950 xui
753 2897 851 2966 τῆς
905 2894 1086 2964 ψυχῆς
1125 2895 1220 2947 xui
1259 2892 1356 2946 τοῦ
1403 2892 1677 2964 σώματος,
1720 2893 1817 2947 xui
1871 2894 2010 2964 μήτε

439 2989 673 3057 θράσους
705 2986 810 3040 ὑπὸ
836 2986 1089 3055 νεότητος
1116 2985 1485 3054 πίμπλασθαι,
1522 2985 1646 3057 μήτ’
1676 2986 1781 3040 ὑπὸ
1806 2986 2012 3057 γήρους

438 3079 832 3151 ἀμϐλύνεσθαι.
911 3078 1111 3149 Ἐτίμα
1173 3077 1231 3133 δέ
1285 3079 1414 3141 τοὺς
1466 3078 1728 3148 ἀγαθοὺς,
1800 3081 1895 3133 xui.
1948 3077 2010 3132 εὖ

435 3177 575 3247 πρὸς
631 3173 841 3236 πάντας
887 3171 1293 3241 διατιθέμενος,
1358 3172 1476 3225 οὐτ’
1539 3172 1799 3226 ἐδεδοίκει
1835 3173 2008 3239 τινὰς,

436 3267 562 3323 οὔτε
596 3267 704 3337 μὴν
727 3264 1090 3335 ἀπηχθάνετο,
1121 3261 1246 3317 οὔτε
1277 3266 1532 3334 προσεῖχε
1556 3267 1668 3327 τοῖς
1692 3263 2013 3317 διαϐάλλου-

440 3377 547 3427 σιν,
581 3358 694 3413 ούτ’
722 3354 790 3430 ἦν
823 3357 1124 3429 ὀξύρροπος
1160 3358 1296 3427 πρὸς
1330 3357 1525 3427 ὀργὴν,
1555 3358 1663 3409 τῶν
1699 3374 1762 3409 τε
1789 3357 2011 3427 χρημά-

435 3468 546 3507 των
596 3450 708 3504 τῶν
765 3448 1059 3519 ἀλλοτρίων
1118 3449 1212 3501 ῐσα
1254 3448 1352 3501 xui
1415 3448 1594 3518 φόνων
1640 3448 1750 3501 τῶν
1805 3448 2011 3502 ἀδίκων

2041 2234 2087 2290 Β
2185 2226 2395 2284 Sentiat
2420 2235 2481 2283 ob
2508 2229 2774 2303 lacrymas
2807 2242 3016 2288 nostras
3045 2244 3136 2288 tua
3165 2230 3369 2303 spicula
3406 2229 3623 2287 Graius.

2112 2342 2263 2398 Obiit
2322 2358 2388 2399 ex
2452 2345 2703 2400 morbo:
2760 2347 3055 2417 imperavit
3116 2362 3322 2401 annum
3382 2359 3578 2412 unum,
3639 2351 3701 2400 et

2112 2451 2332 2492 menses
2369 2452 2446 2503 tv,
2476 2436 2711 2510 Trajano
2743 2439 3079 2510 imperatore
3110 2439 3422 2509 designato.

2182 2633 2327 2689 XXI.
2360 2634 2633 2705 Trajanus
2665 2648 2839 2705 genus
2864 2648 2930 2688 ex
2960 2631 3223 2702 Hispania
3268 2629 3502 2694 ducens,
3549 2639 3701 2683 anno

2112 2726 2290 2781 aetatis
2319 2741 2427 2779 xw
2460 2725 2696 2795 imperio
2725 2725 2936 2795 potitus
2958 2734 3063 2788 est,
3106 2722 3162 2778 in
3204 2722 3325 2793 ipso
3357 2721 3528 2776 animi
3563 2736 3694 2776 cor-

2112 2817 2375 2890 porisque
2425 2816 2633 2889 vigore,
2679 2825 2737 2873 et
2784 2831 2815 2871 a
2858 2815 3093 2887 juvenili
3140 2813 3393 2877 audacia,
3441 2823 3499 2869 et
3531 2812 3699 2869 senili

2112 2910 2367 2967 socordia
2417 2910 2655 2966 alienus.
2700 2908 2870 2963 Bonis
2909 2908 3179 2963 honorem
3229 2905 3506 2961 habebat:
3549 2904 3696 2960 bene

2113 3003 2343 3058 allectus
2378 3016 2513 3073 erga
2553 3015 2765 3066 omnes,
2810 3000 3087 3055 neminem
3130 2997 3379 3058 timebat,
3416 2995 3698 3051 neminem

2113 3094 2327 3151 oderat:
2353 3093 2629 3150 delatores
2655 3090 3066 3157 contemnebat,
3086 3105 3195 3146 non
3216 3088 3474 3160 proclivis
3488 3095 3608 3142 erat
3629 3087 3697 3141 ad

2115 3186 2454 3244 iracundiam
2475 3203 2488 3242 :
2510 3185 2687 3242 aliena
2713 3171 2941 3255 pecunia
2961 3197 3116 3254 aeque
3136 3197 3200 3238 ac
3218 3181 3460 3238 aedibus
3480 3180 3700 3250 iniustis

2115 3280 2471 3337 abstinebat:
2509 3278 2759 3350 quamvis
2793 3291 2989 3347 magno
3022 3275 3228 3340 animo,
3274 3286 3579 3344 magnoque
3606 3270 3698 3325 in-

2113 3372 2278 3445 genio
2304 3370 2585 3442 praeditus,
2635 3367 2692 3423 in
2727 3367 2870 3431 vias,
2913 3376 3127 3436 portus,
3168 3378 3445 3434 operaque
3476 3361 3699 3432 publica

2116 3476 2343 3532 magnos
2366 3470 2617 3530 sumptus
2638 3458 2862 3514 faceret.
2881 3456 3018 3512 Cum
3037 3459 3243 3512 circum
3259 3463 3571 3525 equestrem
3591 3452 3701 3506 col-

437 3543 717 3615 ἀπείχετοο
758 3541 936 3596 καίτοι
987 3540 1347 3611 μεγαλόφρων
1404 3540 1499 3593 xui
1553 3539 2001 3610 μεγαλογνώμων

2116 3555 2330 3625 lapsum
2383 3553 2765 3616 instaurasset,
2820 3550 3198 3619 majoremque
3244 3557 3300 3600 et
3330 3542 3700 3615 pulchriorem

437 3637 755 3708 γενόμενος,
782 3634 877 3688 καὶ
905 3635 963 3687 ἐν
1001 3633 1140 3696 ὁδοῖς
1169 3634 1265 3686 xui
1321 3633 1378 3685 ἐν
1401 3631 1587 3701 λιμέσι
1619 3632 1713 3685 xui
1756 3633 1814 3684 ἐν
1839 3632 2013 3702 δημο-

440 3730 576 3793 σίοις
603 3724 1035 3797 οἰκοδομήμασιν
1066 3725 1311 3779 ἐδαπάνα
1335 3722 1528 3779 πολλά.
1568 3724 1679 3777 Καὶ
1701 3722 1889 3795 ἐπειδὴ
1919 3724 2013 3776 τὸν
2037 3766 2043 3772 .

439 3824 497 3876 ἐν
520 3825 587 3893 τῇ
624 3818 813 3891 Ῥώμῃ
856 3818 1194 3888 ἱππόδρομον
1227 3817 1505 3888 φθαρέντα
1544 3816 1803 3885 ἀνήγειρε
1843 3815 2013 3885 μείζω

437 3928 498 3967 τε
532 3913 628 3966 xui.
655 3909 1170 3980 περικαλλέστερον,
1205 3907 1523 3977 ἐπέγραψεν
1561 3906 1713 3975 αὐτῷ
1732 3907 1816 3959 ὅτι
1851 3905 2015 3976 ἐξαρο

440 4003 641 4058 κοῦντα
667 4001 745 4072 τῷ
779 4000 889 4055 τῶν
929 3999 1217 4070 Ῥωμαίων
1252 3998 1411 4068 δήμῳ
1457 3998 1703 4069 ἐποίησε.
1736 3999 1842 4050 Καὶ
1879 3997 2013 4065 μᾶλα

439 4098 531 4152 λον
555 4096 742 4167 ἔχαιρε
774 4093 1101 4165 φιλούμενος
1133 4092 1167 4164 ἢ
1202 4091 1538 4161 τιμώμενος,
1592 4093 1685 4143 xui.
1725 4089 2014 4158 ἀγαπητὸς

438 4189 632 4261 ήθελεν
651 4184 921 4249 εἶναιτοῖς
946 4185 1228 4254 ὑπηκόοις,
1257 4187 1370 4248 τοῖς
1392 4182 1673 4251 πολεμίοις
1692 4182 1748 4235 δὲ
1761 4181 2011 4252 φοϐερός.

439 4283 551 4352 Τῆς
577 4282 676 4351 μὲν
726 4276 820 4333 οὖν
858 4282 916 4332 ἐν
962 4276 1140 4345 λόγοις
1177 4275 1431 4338 παιδείας
1485 4275 1547 4328 οὐ
1584 4276 1914 4344 μετέσχηκε,
1951 4273 2012 4327 τὸ

438 4372 484 4426 δ’
529 4371 690 4443 ἔργον
717 4371 885 4440 αὐτῆς
929 4369 1023 4423 xui.
1080 4367 1353 4437 ἠπίστατο
1385 4368 1481 4421 καὶ
1510 4367 1823 4436 εἰργάξετο.
1850 4366 2012 4419 Οίνου

439 4468 483 4520 δ’
518 4467 830 4538 ἡττώμενος
857 4467 1042 4534 νήφων
1077 4458 1169 4537 ᾖν·
1210 4462 1307 4515 xui
1353 4462 1692 4533 ἐπτοημένος
1732 4461 1861 4530 περὶ
1893 4477 2015 4531 μει-

442 4560 631 4632 ράκια,
671 4557 865 4610 οὐδένα
896 4556 1160 4624 ἐλύπησε.
1227 4555 1598 4625 Φιλοπόλεμος
1648 4553 1705 4607 δέ
1746 4550 2013 4622 γεγονὼς,

442 4654 539 4704 xui
576 4650 804 4704 πλεῖστα
835 4647 1242 4719 κατωρθωκὼς,
1289 4648 1390 4701 οὐκ
1415 4647 1507 4702 eiu
1524 4648 1650 4710 τοὺς
1672 4645 2018 4716 στρατιώτας

2118 3647 2361 3712 fecisset,
2386 3645 2688 3714 inscripsit,
2707 3657 2765 3698 se
2785 3641 2981 3696 fecisse
3001 3646 3233 3702 tantum,
3258 3645 3318 3691 ut
3340 3635 3576 3705 populus
3593 3635 3704 3689 Ro‘

2119 3753 2315 3794 manus
2327 3738 2459 3792 satis
2474 3734 2636 3807 spatii
2654 3734 2904 3789 haberet.
2923 3731 3094 3803 Magis
3113 3731 3332 3802 gavisus
3351 3735 3435 3784 est
3451 3743 3509 3783 se
3529 3726 3700 3782 amari

2119 3844 2282 3901 quam
2315 3827 2608 3883 honorari:
2634 3825 2871 3880 subditis
2904 3823 3126 3888 charus,
3152 3821 3403 3876 hostibus
3435 3817 3700 3875 terribilis

2119 3936 2241 3977 esse
2268 3918 2465 3974 voluit.
2497 3917 2756 3985 Quamvis
2791 3915 3081 3985 disciplina
3104 3914 3414 3968 litterarum
3446 3909 3701 3964 eruditus
3756 3974 3763 3981 ι

2121 4027 2233 4068 non
2264 4017 2444 4074 esset,
2485 4023 2600 4063 rem
2636 4009 2811 4077 ipsam
2845 4015 3028 4061 tamen
3060 4013 3118 4058 et
3150 4004 3306 4057 novit.
3337 4009 3393 4057 et
3424 3998 3698 4056 exercuit.

2120 4104 2246 4162 Vini
2278 4103 2382 4158 fuit
2418 4101 2652 4166 avidior,
2687 4099 2784 4156 sed
2815 4101 2953 4155 citra
2993 4097 3320 4153 ebrietatem
3348 4113 3362 4147 :
3394 4107 3698 4164 puerorum

2122 4208 2351 4265 magnus
2382 4200 2615 4255 amator,
2652 4191 2748 4246 sed
2778 4190 2943 4246 -citra
2994 4190 3318 4259 cujusquam
3364 4183 3695 4240 molestiam.

2121 4287 2256 4341 Cum
2285 4284 2372 4339 vir
2400 4283 2697 4338 bellicosus
2729 4290 2899 4346 esset,
2931 4289 2987 4335 et
3011 4295 3100 4334 res
3134 4292 3359 4349 magnas
3385 4275 3650 4347 gessisset
3678 4290 3695 4329 :

2121 4388 2185 4428 ea
2233 4370 2524 4440 disciplina
2576 4371 2778 4425 milites
2829 4368 3172 4431 continebat,
3229 4382 3301 4423 ne
3353 4380 3451 4420 eos
3507 4364 3699 4420 eﬂ'erri

2121 4463 2323 4519 animis
2355 4472 2661 4533 pateretur.
2696 4461 2934 4519 Uxorem
2966 4459 3239 4516 Plotinam
3276 4457 3496 4512 habuit.
3544 4456 3702 4511 Bello

2121 4567 2408 4623 aggressus
2427 4560 2513 4607 est
2532 4552 2724 4616 Dacas,
2759 4568 2855 4607 seu
2874 4552 3070 4614 Dacos,
3092 4552 3394 4604 secundum
3427 4547 3607 4612 Iones,
3638 4554 3702 4602 ut

2120 4640 2404 4710 Appianus
2436 4641 2517 4696 ait
2544 4656 2676 4695 xm:
2700 4641 2958 4695 Romanae
2980 4639 3235 4695 Historia:
3252 4638 3436 4693 libro:
3464 4637 3613 4706 quod
3644 4645 3702 4691 et

444 4740 841 4812 ὑπερφρονεῖν,
880 4740 1053 4805 οὕτως
1102 4741 1390 4811 ἐγκρατῶς
1415 4741 1598 4794 αὐτῶν
1616 4736 1807 4813 ἦρχεν.
1844 4734 1954 4792 Ἦν
1970 4739 2009 4792 δ¹

2122 4748 2307 4787 annua
2337 4732 2546 4788 tributa
2582 4734 2828 4804 pendere
2870 4733 3183 4796 recusabat,
3235 4740 3293 4785 et
3330 4746 3523 4785 eorum
3554 4729 3699 4783 facta

441 4828 589 4898 αὐτῷ
615 4829 753 4899 γυνὴ
781 4828 1047 4882 ῐΙλωτίνα.
1082 4828 1450 4900 Ἐστράτευσε
1497 4831 1681 4899 μέντοι
1704 4832 1797 4885 ἐπὶ
1813 4822 2009 4894 Δάκας,

2123 4828 2315 4882 ulcisci
2355 4826 2635 4896 cupiebat.
2660 4826 2830 4897 Cujus
2855 4825 3152 4885 adventum
3187 4824 3496 4880 Decebalus
3520 4823 3701 4893 gentis

440 4917 475 4988 ἢ
504 4920 738 4981 Δακοὺς,
787 4919 929 4974 κατὰ
963 4917 1178 4983 Ἴωνας,
1229 4919 1303 4982 ὡς
1336 4921 1365 4972 ὁ
1395 4918 1698 4982 Ἀππιανὸς
1723 4919 1780 4971 ἐν
1819 4919 1899 4989 τῷ
1930 4921 2009 4972 εί-

2118 4918 2240 4989 ejus
2286 4918 2546 4987 princeps
2581 4917 2809 4971 timuit:
2842 4932 2953 4971 non
2998 4916 3244 4986 ignarus,
3283 4915 3582 4984 Trajanum
3609 4912 3685 4965 vi-

445 5009 624 5079 κοστῷ
655 5009 821 5081 τρίτῳ
865 5009 1008 5080 λόγῳ
1040 5010 1143 5079 τῆς
1193 5011 1509 5079 Ῥωμαῖκῆς
1545 5010 1814 5081 Ἱστορίας
1853 5012 2009 5080 φησὶ,

2122 5026 2246 5065 rum
2295 5025 2417 5064 esse
2454 5009 2534 5064 rei
2567 5008 2779 5064 bellicae
2831 5009 3255 5079 peritissimum.
3308 5007 3496 5076 Pugna
3543 5019 3699 5059 com-

447 5102 588 5171 μήτε
619 5102 882 5172 χρήματα
910 5100 946 5156 ὃ,
980 5102 1239 5166 ἐπετείως
1270 5101 1576 5172 ἐλάμϐανον
1602 5102 1800 5156 διδόναι
1827 5104 2009 5167 αὐτοῖς

2121 5105 2309 5167 missa,
2349 5102 2581 5157 Romani
2632 5102 2835 5158 multos
2882 5102 3070 5156 hostes
3118 5098 3465 5160 occiderunt,
3520 5093 3688 5164 535

444 5188 794 5258 ἀνεχόμενος,
831 5190 925 5243 καὶ
964 5190 1121 5254 δίκας
1166 5191 1568 5261 εἰσπράξασθαι
1596 5191 1704 5245 τῶν
1755 5208 2009 5262 πεπραγ·

2116 5209 2220 5249 nec
2275 5193 2566 5265 pauciores
2615 5207 2684 5248 ex
2740 5192 2874 5263 ipsis
2910 5189 3188 5245 vulnerati
3241 5198 3414 5243 sunt:
3451 5200 3694 5255 quorum

448 5279 628 5349 μένων
680 5282 864 5344 αὐτοῖς
911 5282 1278 5354 ἱμειρόμενός.
1312 5284 1623 5355 Πυθόμενος
1653 5280 1748 5338 οὖν
1793 5287 1823 5339 ὁ
1858 5285 2009 5339 Δεκέ-

2119 5297 2271 5341 tanta
2333 5286 2632 5341 multitudo
2684 5284 2810 5349 fuit,
2863 5292 2924 5338 ut
2974 5298 3101 5338 cum
3158 5280 3345 5336 fasciae
3400 5278 3691 5341 deessent,

445 5374 627 5437 ϐαλος,
650 5373 707 5437 ὃς
737 5374 929 5428 Δακῶν
974 5371 1136 5447 ἦρχε,
1166 5377 1267 5447 τὴν
1298 5377 1394 5430 τοῦ
1426 5376 1702 5449 Τραϊανοῦ
1750 5377 1895 5433 κατὰ
1925 5378 2009 5431 τοῐ

2120 5378 2391 5449 Trajanus
2438 5391 2511 5432 ne
2563 5390 2678 5431 suae
2709 5375 2931 5445 quidem
2984 5373 3123 5428 vesti
3161 5369 3496 5442 pepercerit.
3549 5368 3695 5425 Cum

445 5464 632 5529 ἔθνους
656 5465 854 5539 ὁρμήν,
888 5467 1114 5535 ἔδεισεν,
1143 5468 1298 5533 εἰδὼς
1326 5467 1418 5523 τὸν
1446 5469 1614 5540 ἄνδρα
1641 5469 2009 5540 στρατηγικώ-

2122 5470 2354 5525 summis
2381 5467 2765 5526 cacuminibus
2794 5482 2991 5539 magno
3021 5466 3214 5523 labore
3241 5463 3551 5536 occupatis,
3588 5459 3699 5533 ipsi

1642 5621 1844 5685 Variae
1881 5620 2188 5682 lectiones
2225 5628 2284 5682 et
2320 5627 2510 5683 notae.

517 5745 630 5816 (18)
668 5741 1048 5814 Ἀδελφιδήν.
1080 5743 1218 5802 Vide
1239 5743 1548 5817 Cujacium,
1606 5743 1706 5800 lib.
1742 5758 1863 5812 vm,
1916 5741 2009 5799 Oh:

2110 5761 2147 5799 ν.
2184 5759 2304 5815 cap.
2346 5742 2438 5796 28.
