4048 6400
419 308 526 369 tle"!

1683 294 2007 359 JOANNIS
2046 294 2370 357 ΖΟΝΛΒᾸΞ

3590 295 3704 360 988

408 418 575 487 regia:
635 413 1147 485 appropinquaret,
1208 408 1516 466 Decebalus
1592 424 1690 479 per
1746 410 1979 479 legatos,

2090 422 2267 461 τστον.
2290 404 2401 461 Kal
2428 404 2673 476 πολέμου
2703 402 3072 477 συρραγέντος
3098 404 3283 474 σφίσι,
3321 404 3568 468 πολλοὺς
3603 406 3702 473 μέν

406 509 714 579 pollicitus,
763 521 823 561 se
870 519 1045 570 arma,
1096 503 1381 559 machinas
1414 511 1471 557 et
1523 500 1713 556 fabros
1744 500 1986 555 traditu-

406 608 653 665 rum,.et
694 597 962 667 quidquid
1013 605 1282 667 praaterea
1327 610 1359 649 a
1412 610 1471 650 se
1503 593 1876 664 postularetur
1906 590 1990 646 fa-

404 702 625 748 cturum
649 707 663 744 :
706 690 824 761 ipse
852 691 917 743 ad
947 690 1336 757 imperatorem
1362 684 1538 750 venit,
1563 699 1803 754 eumque
1830 681 1985 737 humi

405 789 719 850 prostratus
774 777 1047 832 adoravit.
1094 775 1305 830 Deinde
1337 775 1610 846 Trajanus
1661 773 1720 827 in
1769 773 1984 828 Italiam

407 884 690 931 reversus,
724 868 933 937 legatos
964 865 1220 920 Decebali
1260 880 1448 920 secum
1477 863 1751 918 adduxit:
1797 861 1893 932 qui
1930 861 1986 916 in

408 970 664 1014 senatuin
718 956 1047 1020 introducti,
1114 956 1311 1025 positis
1369 957 1560 1021 armis,
1621 954 1986 1025 manibusque

408 1051 754 1121 captivorum
789 1051 963 1104 instar
987 1047 1318 1118 conjunctis,
1346 1047 1536 1103 multis
1566 1046 1748 1102 verbis
1777 1048 1986 1117 suppli-

407 1151 627 1205 earuut,
660 1150 717 1195 et
747 1156 881 1210 pace
914 1141 1233 1209 impetrata,
1265 1153 1418 1192 arma
1453 1149 1807 1209 receperunt.
1845 1137 1983 1192 Tra-

404 1232 572 1302 jauus
609 1232 891 1301 triumpho
938 1240 1085 1297 acto,
1122 1230 1354 1285 Dacicus
1404 1231 1822 1300 cognominatus
1878 1239 1982 1285 est.

409 1322 599 1393 Neque
652 1338 784 1378 vero
823 1333 1049 1391 propter
1088 1321 1169 1376 rei
1215 1321 1472 1377 militaris
1499 1320 1744 1376 studium
1791 1330 1989 1376 camera

412 1415 677 1485 neglexit,
709 1413 805 1469 sed
835 1413 1021 1468 multis
1049 1413 1103 1467 in
1137 1413 1277 1468 locis
1308 1420 1366 1468 et
1399 1427 1543 1483 saepe
1566 1413 1660 1483 jus
1685 1426 1786 1482 pro
1815 1411 1990 1466 tribu-

408 1506 519 1561 nali
551 1506 710 1560 dixit.
736 1504 873 1561 Cum
907 1505 1211 1561 Decebalus
1239 1505 1416 1575 pactis
1459 1513 1517 1561 et
1548 1504 1841 1559 conventis
1868 1503 1988 1558 vio-

410 1597 558 1662 latis,
591 1612 678 1652 res
709 1612 882 1652 novas
918 1597 1100 1651 moliri
1145 1598 1521 1660 nuntiaretur,
1555 1595 1743 1650 denuo
1790 1605 1986 1650 contra

410 1688 564 1744 illum
615 1688 771 1743 duxit
822 1688 1127 1743 exercitum
1171 1703 1186 1742 :
1233 1687 1327 1757 qui
1362 1687 1494 1757 quia
1542 1685 1761 1741 viribus
1809 1686 1986 1754 impar

2090 498 2202 552 τῶν
2237 498 2515 569 πολεμίων
2543 499 2874 552 ἀπέκτειναν
2906 499 2957 550 oi.
3026 498 3329 568 Ῥωμαῖοι,
3390 498 3457 551 οὐ
3515 497 3703 569 μείους

2088 590 2145 644 δέ
2173 590 2271 644 καὶ
2315 591 2497 644 αὐτῶν
2550 590 3092 661 ἐτραυματίσθησαν.
3150 588 3438 644 Τοσοῦτοι
3474 588 3524 643 δ’
3556 584 3699 658 ἦσαν

2088 682 2138 736 οί
2158 681 2512 752 τραυματίαι,
2544 683 2620 746 ὡς
2644 682 3008 737 ἐπιλιπόντων
3031 682 3138 737 τῶν
3184 682 3534 752 ἐπιδέσμων
3563 683 3701 752 μηδὲ

2088 774 2190 845 τῆς
2220 774 2418 829 ἐαυτοῦ
2442 775 2672 845 ἐσθῆτος
2707 774 3005 844 φείσασθαι
3036 775 3129 829 τδν
3160 775 3486 845 τραῖανόν.
3540 776 3701 829 Ἐπεὶ

2089 865 2145 920 δέ
2175 866 2246 920 τά
2296 882 2359 920 τε
2411 865 2558 934 ἄκρα
2607 865 2886 937 δυσχερῶς
2938 867 3060 937 μὲν,
3107 866 3401 921 κατέλαϐε
3461 867 3546 930 δὲ,
3608 867 3702 919 καὶ

2090 959 2262 1022 πέλας
2307 958 2418 1013 τῶν
2460 957 2748 1029 βασιλείων
2781 956 2946 1029 ἦλθεν
2974 958 3182 1025 αὐτῶν,
3217 959 3508 1030 πρέσϐεις
3538 961 3568 1013 ὁ
3599 961 3701 1011 Δε-

2090 1052 2319 1117 κίϐαλος
2355 1052 2638 1121 πέπομφε,
2665 1051 3050 1121 συντιθέμενος
3078 1051 3148 1105 τά
3175 1068 3241 1105 τε
3296 1050 3452 1104 ὅπλα
3499 1051 3599 1104 καὶ
3632 1049 3700 1104 τὰ

2092 1146 2466 1216 μηχανήματα
2522 1143 2619 1198 καὶ
2670 1145 2797 1208 τοὺς
2850 1144 3264 1215 μηχανοποιοὺς
3322 1143 3699 1213 παραδοῦναι,

2089 1238 2184 1292 καὶ
2208 1235 2356 1290 ἅπαν
2382 1235 2571 1306 ἔτερον
2596 1234 2626 1287 ὃ
2652 1233 2720 1289 ἂν
2765 1234 3051 1288 ἀπαιτοῐτο
3083 1235 3328 1303 ποιῆσαι
3351 1274 3364 1288 .
3395 1235 3515 1288 Kal
3562 1234 3700 1303 πρὸς

2087 1329 2179 1383 τὸν
2211 1328 2593 1399 αὐτοκράτορα
2616 1325 2808 1393 ἐλθὼν,
2842 1328 2900 1391 ἐς
2929 1322 3088 1391 οὖδας
3124 1325 3505 1389 κατακλιθεὶς
3549 1324 3698 1394 αὒτῷ

2089 1420 2524 1493 προσεκύνησεν.
2582 1415 2715 1474 Εἶτα
2764 1420 2846 1482 εἰς
2884 1418 2984 1489 τὴν
3039 1418 3282 1472 Ἰταλίαν
3340 1419 3374 1471 ὁ
3424 1415 3697 1486 Τραῖα-θος

2088 1510 2414 1577 ἀναζεύξας.
2454 1510 2549 1564 καὶ
2590 1511 2717 1573 τοὺς
2760 1508 2855 1563 τοῦ
2905 1508 3210 1563 Δεκεϐάλου
3260 1507 3541 1580 πρέσϐεις
3597 1509 3696 1558 ἐπ-

2093 1605 2280 1674 ήγετο.
2329 1602 2530 1673 Οἴπερ,
2553 1600 2899 1670 εἰσαχθέντες
2925 1600 3006 1665 είς
3027 1600 3088 1654 τὸ
3124 1600 3446 1670 συνέδριον,
3465 1599 3535 1653 τὰ
3560 1596 3698 1651 ὅπλα

2088 1692 2438 1764 ἀποθέμενοι,
2503 1692 2598 1746 καὶ
2664 1691 2764 1755 τὰς
2812 1694 3005 1765 χεῖρας
3066 1689 3422 1760 συνάψαντες
3466 1692 3527 1743 ἐν
3578 1690 3696 1758 αίχα-

411 1790 551 1846 erat,
583 1782 712 1836 dolo
762 1781 1156 1851 imperatorem
1205 1756 1429 1834 vincere
1487 1778 1766 1833 studebat.
1811 1776 1985 1843 Quem

2092 1756 2356 1857 μαλώτων
2399 1786 2663 1857 σχήματι,
2703 1756 2977 1839 milia.“
3030 1780 3186 1838 εἷπον
3219 1756 3322 1837 καὶ
3377 1756 3693 1836 ἱκέτευσαν.

412 1887 538 1926 cum
568 1886 789 1926 accessu
849 1886 972 1926 esse
1028 1869 1274 1935 facilem,
1319 1879 1377 1924 et
1410 1869 1664 1939 quemvis
1708 1869 1776 1922 ad
1820 1869 1988 1923 collo-

411 1963 602 2032 quium
634 1961 933 2016 admittere
958 1961 1148 2025 sciret,
1178 1960 1488 2030 transfugas
1518 1958 1864 2022 subornavit,
1892 1957 1988 2028 qui

410 2066 562 2113 eum,
595 2051 643 2105 si
688 2059 934 2118 possent,
963 2049 1304 2104 occiderent.
1359 2048 1464 2103 Sed
1521 2064 1665 2103 unus
1695 2064 1885 2103 eorum
1919 2048 1991 2103 ob

412 2143 781 2211 suspicionem
812 2141 1270 2210 comprehensus,
1311 2141 1366 2194 in
1397 2140 1802 2210 quaestionibus
1835 2156 1991 2195 arca-

412 2249 545 2288 num
583 2232 782 2287 eﬂ‘atus
802 2243 906 2286 est.
931 2232 1234 2302 Imperator
1256 2242 1438 2287 autem
1468 2242 1635 2302 ponte
1661 2247 1761 2302 per
1787 2233 1988 2288 Istrum

412 2326 581 2388 laeto,
615 2323 762 2393 quod
794 2339 932 2394 opus
958 2339 1179 2379 omnem
1208 2324 1632 2380 admirationem
1657 2332 1714 2378 et
1743 2340 1990 2381 comme-

413 2416 776 2471 morationem
812 2426 1062 2485 superat,
1100 2417 1464 2487 traductoque
1490 2416 1757 2483 exercitu,
1783 2418 1873 2473 vix
1898 2418 1991 2474 ille

412 2509 635 2577 quidem
663 2516 872 2562 etcum
914 2508 1187 2577 periculo,
1239 2508 1338 2564 sed
1370 2509 1505 2563 vicit
1557 2519 1740 2563 tamen
1789 2510 1987 2565 Dacos.

412 2600 718 2655 Dec-ebalus
770 2615 883 2669 prae
931 2599 1323 2669 desperatione
1374 2602 1616 2671 seipsnm
1665 2600 1987 2658 interfecit:

417 2708 481 2744 ex
513 2706 694 2760 eoque
725 2706 858 2762 gens
889 2691 1187 2758 Dacorum,
1216 2708 1524 2764 eorumque
1553 2694 1843 2763 provincia
1874 2695 1990 2751 Ro-

418 2784 595 2839 manis
624 2799 814 2853 parere
834 2784 1022 2852 cwpit.
1057 2783 1281 2854 Reperit
1306 2796 1361 2841 et
1386 2787 1680 2842 thesauros
1710 2787 1991 2855 Deeebali,

411 2878 664 2946 quamvis
694 2875 934 2931 diﬂicilis
966 2892 1159 2932 eorum
1205 2887 1353 2934 esset
1394 2878 1664 2934 inventio.
1716 2878 1995 2939 Barbarus

411 2969 561 3023 enim
606 2969 796 3033 ﬂuvio,
842 2971 938 3039 qui
995 2970 1200 3041 regiam
1242 2972 1674 3041 praeterﬂuebat,
1723 2974 1834 3029 alio
1883 2982 1995 3029 tra-

2089 1878 2202 1932 Kal
2237 1875 2411 1940 οὖτως
2445 1876 2693 1932 σπονδῶν
2716 1877 2977 1948 τυχόντες
3006 1872 3162 1939 αὖθις
3191 1875 3267 1930 τὰ
3303 1874 3457 1929 ὅπλα
3486 1873 3688 1927 ἀπέλα-

2089 1969 2204 2025 ϐον.
2254 1970 2526 2041 Τραϊανὸς
2592 1969 2651 2023 δὲ
2714 1969 2810 2023 καλ⁵
2864 1968 3263 2039 ἐθριάμϐευσε,
3325 1968 3426 2022 καὶ
3461 1965 3691 2029 Δακικδς

2087 2061 2407 2132 ὠνομάσθη.
2458 2061 2571 2133 Ούχ
2601 2060 2678 2125 ὡς
2728 2062 2924 2132 ἀρήϊος
2963 2061 3019 2114 δέ
3067 2060 3178 2129 τῶν
3236 2060 3429 2114 ἄλλων
3470 2059 3687 2129 ἡμέλει,

2087 2151 2121 2224 ἢ
2155 2149 2317 2224 ἧττον
2366 2151 2640 2216 ἐδίκαζεν,
2669 2152 2806 2206 ἀλλὰ
2838 2152 2935 2205 καὶ
2967 2151 3245 2222 πολλαχοῦ
3283 2153 3386 2206 καὶ
3420 2150 3689 2211 πολλάκις

2090 2246 2182 2298 ἐπὶ⁸
2224 2244 2471 2316 βήματος
2519 2243 2755 2317 ἔκρινεν.
2798 2244 2893 2309 Ὠς
2933 2244 2990 2299 δέ
3022 2242 3421 2314 ἀπηγγέλλετο
3452 2247 3481 2298 ὁ
3525 2241 3687 2295 Δεκέ-

2092 2337 2258 2402 6αλος
2284 2335 2443 2401 αὖθις
2499 2335 2865 2408 νεωτερίζων,
2919 2335 3017 2392 καὶ
3050 2336 3173 2398 ταῖς
3225 2334 3545 2404 συνθήκαις
3590 2330 3689 2385 οὐκ

2089 2425 2365 2496 ἐμμένων,
2390 2424 2554 2489 αὐτὸς
2588 2424 2688 2479 καὶ
2714 2423 2880 2478 πάλιν
2906 2422 3045 2494 πρὸς
3076 2423 3297 2475 ἐκεῖνον
3322 2420 3678 2493 ἐστράτευσε.

2092 2515 2204 2569 Kal
2257 2516 2286 2568 ὁ
2341 2514 2667 2581 Δεκέϐαλος,
2704 2511 3019 2584 ἡττώμενος
3088 2511 3263 2581 ίσχύῖ,
3319 2511 3461 2578 δόλῳ
3518 2506 3680 2563 αὖτοῦ

2089 2605 2480 2678 περιγενέσθαι
2523 2605 2907 2676 διεμελέτησε.
2960 2603 3073 2658 Kal
3133 2602 3298 2667 εἰδὼς
3356 2601 3679 2672 εὐπρόσιτον

2089 2698 2219 2753 ὄντα
2256 2699 2549 2770 Τραϊανον,
2583 2698 2678 2751 καὶ
2720 2697 2815 2750 τὸν
2851 2694 3183 2768 βουλόμενον
3215 2696 3303 2759 είς
3345 2692 3569 2764 ὁμιλίαν
3596 2692 3682 2745 δε-

2089 2793 2343 2863 χόμενον,
2362 2789 2828 2861 ψευδαυτομόλους
2861 2787 3204 2851 ἀπέστειλεν,
3238 2787 3312 2841 ἵν’
3338 2785 3683 2855 είδυνηθείεν

2091 2884 2258 2939 αῠτδν
2312 2883 2723 2954 διαχρήσαιντο.
2790 2875 2886 2943 Εἷς
2924 2879 2969 2933 δ’
3018 2879 3252 2933 ἐκείνων
3309 2878 3677 2938 ὑποπτευθεὶς

2094 2974 2427 3047 συνελήφθη,
2478 2972 2573 3027 καὶ
2623 2970 2878 3035 ἐτασθεὶς
2939 2969 3172 3042 ἐξέφηνε
3227 2970 3294 3025 τὸ
3346 2970 3677 3040 ἀπόρρητον.

410 3059 604 3124 ducto,
637 3059 693 3114 in
727 3059 887 3115 alveo
915 3058 1131 3115 foveam
1163 3060 1447 3130 praealtam
1475 3072 1795 3128 exeavarat,
1822 3079 1989 3134 quam

2094 3065 2425 3138 Γεφυρώσας
2449 3065 2508 3119 δέ
2539 3063 2632 3118 τδν
2656 3062 2874 3133 Ἵστρον
2903 3062 2933 3116 δ
2968 3061 3368 3133 αὐτοκράτωρ,
3391 3062 3492 3115 καὶ
3523 3059 3678 3130 ἔργον

413 3171 608 3226 magna
653 3154 798 3221 auri,
859 3157 1069 3227 majore
1116 3157 1354 3228 argenti,
1400 3158 1748 3230 aliarumque
1802 3175 1991 3217 rerum

414 3246 622 3315 quibus
650 3246 951 3302 humiditas
984 3262 1095 3302 non
1120 3258 1302 3314 nocet,
1326 3250 1484 3319 copia
1513 3250 1737 3322 injecta,
1761 3252 1992 3320 lapideis

414 3340 617 3394 tabulis
640 3340 1035 3396 obstruxerat:
1078 3351 1411 3413 aggestaque
1447 3352 1615 3407 terra,
1650 3344 1884 3400 fluvium
1932 3346 1990 3402 in

415 3439 661 3485 veterem
710 3432 926 3485 alveum
984 3433 1305 3489 reduxerat.
1353 3434 1520 3489 Multa
1552 3436 1719 3491 etiam
1759 3436 1817 3492 in
1864 3453 1992 3509 spe-

416 3521 595 3577 luncis
615 3520 925 3576 abdiderat.
957 3521 1082 3576 Ha:c
1106 3524 1327 3578 nemine
1346 3538 1613 3595 pnesente
1635 3527 1742 3583 nisi
1760 3529 1992 3598 captivis

416 3611 662 3667 faciebat
695 3628 710 3671 ;
747 3626 908 3681 quos,
945 3611 1200 3667 absoluto
1240 3628 1432 3683 opere,
1487 3624 1543 3671 et
1591 3617 1760 3674 rebus
1800 3620 1990 3675 occul-

417 3704 567 3769 tatis,
617 3703 1032 3760 interficiendos
1075 3706 1324 3774 curabat,
1372 3723 1445 3764 ne
1494 3724 1756 3766 arcanum
1789 3714 1991 3783 prode-

417 3807 561 3851 rent.
601 3794 756 3852 Unus
795 3804 977 3852 tamen
1010 3796 1295 3856 familiaris
1327 3801 1467 3869 ejus,
1498 3818 1702 3873 gnarus
1745 3806 1838 3859 ubi
1873 3807 1993 3863 the-

348 3951 361 3964 .
412 3889 560 3944 sauri
589 3899 794 3954 essent,
828 3888 1094 3944 indicium
1128 3889 1287 3946 fecit.
1327 3891 1463 3948 Cum
1514 3894 1788 3950 Licinium
1825 3897 1993 3970 586

413 3980 635 4046 Suram,
670 3981 851 4036 virum
889 3982 1140 4046 divitem,
1170 3999 1335 4054 quem
1368 3996 1563 4042 mutuo
1588 3987 1832 4055 amabat,
1866 3992 1990 4060 qni-

413 4074 539 4128 dam
587 4085 647 4130 ut
701 4066 1080 4133 insidiatorem
1118 4078 1395 4134 criminati
1429 4085 1674 4145 essent,‘
1700 4082 1989 4139 invocatus

412 4173 687 4221 uenatum
722 4167 789 4220 ad
821 4182 948 4223 eum
1003 4170 1162 4235 abiit,
1215 4179 1290 4237 et,
1339 4173 1670 4229 satellitibus
1701 4176 1987 4247 ablegatis,

414 4258 572 4313 Sura:
606 4259 824 4314 medico
848 4260 1040 4314 oculos
1059 4263 1353 4328 curandos,
1378 4264 1500 4335 ejus
1520 4267 1730 4321 tonsori
1761 4268 1988 4323 barbam

414 4349 707 4404 radendam
732 4351 990 4420 praebuit.
1022 4354 1232 4409 Deinde
1262 4355 1394 4410 lavit
1425 4365 1481 4411 et
1500 4358 1760 4413 coenavit.
1781 4361 1991 4431 Postri-

2093 3158 2256 3213 τοῦτο
2327 3155 2799 3227 διαπραξάμενος,
2858 3154 3000 3225 μήτε
3050 3152 3446 3224 θαυμασθῆναι
3496 3148 3676 3213 ἀξίως,

2095 3252 2223 3325 μήτ’
2286 3249 2627 3322 ἐξηγηθῆναι
2666 3247 2991 3317 δυνάμενον,
3041 3246 3132 3301 διὰ
3172 3245 3282 3317 τῆς
3326 3243 3571 3315 γεφύρας
3618 3254 3672 3291 τε

2092 3345 2299 3414 ταύτης
2342 3344 2435 3398 τδν
2490 3341 2741 3413 ποταμὸν
2792 3338 3149 3412 περαιωθεὶς,
3214 3339 3374 3410 μόλις
3421 3336 3521 3406 μὲν
3576 3331 3666 3385 καὶ

2093 3436 2433 3500 κινδυνωδῶς
2471 3436 2742 3505 ἐκράτησε
2772 3432 2882 3487 τῶν
2919 3432 3132 3496 Δακῶν,
3165 3431 3450 3502 ἐκράτησε
3482 3426 3529 3480 δ’
3561 3423 3668 3478 οὖν.

2092 3530 2204 3585 Καὶ
2249 3530 2280 3582 ὁ
2308 3528 2633 3591 Δεκέϐαλος,
2670 3526 2967 3594 ἀπογνοὺς,
3025 3523 3397 3595 διεχειρίσατο
3462 3516 3668 3574 ἑαυτόν.

2091 3622 2404 3677 Κὰιιτεῦθεν
2427 3620 2488 3675 τδ
2517 3620 2672 3683 ἔθνος
2699 3621 2760 3672 τὸ
2784 3618 2892 3673 τῶν
2929 3617 3125 3671 Δακῶν
3155 3619 3250 3670 καὶ
3275 3619 3309 3688 ή
3336 3614 3493 3686 χώρα
3516 3608 3665 3680 σφῶν

2104 3713 2397 3783 Ῥωμαίοις
2451 3713 2694 3782 ὑπήκοος
2722 3711 2916 3780 γέγονε
2952 3710 3087 3779 (l9).
3137 3710 3252 3764 Kal
3283 3710 3412 3770 τοὺς
3469 3706 3664 3772 θησαυ-

2094 3805 2219 3876 ροὺς
2251 3804 2296 3857 δ’
2324 3797 2450 3875 εὗρε
2487 3804 2618 3866 τοὺς
2639 3800 2970 3868 Δεκεϐάλου,
3007 3800 3188 3854 καίτοι
3232 3794 3536 3869 δυσχεροῦς
3574 3791 3665 3845 οὗ·

2092 3912 2194 3967 σης
2236 3895 2336 3964 τῆς
2394 3894 2608 3948 τούτων
2661 3893 2959 3964 εὑρέσεως.
3002 3892 3257 3961 Ποταμὸν
3297 3892 3407 3961 γὰρ
3452 3888 3511 3950 ὃς
3557 3884 3664 3945 τοῖς

2092 3985 2383 4058 βασιλείοις
2405 3983 2573 4040 αὐτοῦ
2597 4001 2673 4037 πα
2680 3983 2886 4054 ρέρῤει,
2913 3983 3311 4053 μετοχετεύσας
3328 3984 3357 4034 ὁ
3378 3976 3659 4051 βάρϐαρος,

2090 4078 2195 4149 τὴν
2247 4078 2354 4148 γῆν
2414 4075 2503 4145 ἐφ’
2551 4072 2622 4148 ἦς
2664 4075 2805 4145 διῄει
2838 4075 2899 4129 τὸ
2931 4075 3076 4146 ὕδωρ
3113 4074 3328 4145 ὤρυξεν
3375 4074 3454 4133 είς
3505 4066 3659 4139 βάθος

2090 4171 2247 4237 πολὺ,
2279 4172 2376 4224 καὶ
2406 4169 2656 4224 πλεῖστον
2689 4169 2791 4240 μὲν
2819 4167 3043 4239 χρυσὸν,
3092 4166 3265 4221 πλείω
3293 4167 3351 4220 δὲ
3401 4164 3656 4232 ἄργυρον,

2089 4264 2185 4317 καὶ⁵
2222 4261 2357 4317 ἄλλα
2384 4261 2493 4316 τῶν
2532 4260 2730 4332 τιμίων
2761 4261 2863 4315 ὅσα
2893 4260 2969 4331 μὴ
2996 4258 3246 4329 πέφυκεν
3281 4256 3342 4323 ἐξ
3369 4253 3655 4324 ὑγρότητος

2093 4353 2438 4422 φθείρεσθαι,
2498 4350 2875 4421 καταθέμενος
2926 4348 3007 4417 τῷ
3058 4347 3360 4419 ὀρύγματι,
3398 4340 3556 4407 πλαξε
3599 4350 3655 4389 τε

412 4443 502 4495 die
531 4443 1029 4500 calumniatoribus
1058 4446 1193 4501 dixit
1218 4462 1237 4501 :
1277 4445 1337 4502 Si
1367 4464 1448 4501 me
1476 4450 1873 4516 occidere;Sura
1896 4427 1988 4507 uo-

2091 4446 2437 4516 κατέστρωσε
2493 4443 2592 4516 τὴν
2628 4445 2746 4498 ἐκεῖ
2818 4442 2921 4513 γῆν
2958 4441 3054 4495 καὶ
3082 4440 3213 4512 χοῦν
3262 4438 3485 4496 ταύταις
3522 4427 3654 4497 ἐπήο

413 4529 613 4596 luisset,
642 4532 775 4586 nihil
797 4534 844 4587 ei
873 4533 1175 4598 obstitisset,
1206 4537 1486 4605 quominus
1544 4537 1599 4590 id
1626 4537 1737 4591 heri
1763 4538 1990 4605 fecisset.

410 4622 547 4673 Cum
584 4624 900 4691 pra-fectum
949 4626 1202 4694 praetorio
1240 4626 1576 4697 designaret,
1608 4630 1771 4698 eique
1801 4644 1991 4684 ensem

414 4713 747 4783 porrigeret,
795 4730 906 4784 quo
952 4716 1000 4770 is
1052 4716 1265 4787 accingi
1318 4717 1600 4774 debebat:
1653 4721 1798 4791 Cape
1829 4722 1990 4787 hunc,

414 4803 614 4873 inquit,
632 4807 747 4860 etsi
769 4806 895 4859 bene
920 4808 1143 4877 impero,
1178 4825 1273 4878 pro
1296 4820 1396 4872 me.
1425 4813 1510 4864 sin
1530 4810 1671 4866 male
1694 4823 1883 4867 contra
1907 4827 1991 4867 mo

413 4896 514 4952 illo
537 4898 721 4952 utitor.
748 4899 1008 4954 Instruxit
1031 4902 1195 4956 etiam
1222 4902 1604 4959 bibliothecas.
1625 4904 1776 4969 Post,
1798 4915 1992 4960 contra

413 4990 645 5046 Parthos
694 5001 751 5047 et
803 4994 1095 5050 Armenios
1138 4994 1295 5050 duxit
1322 4996 1668 5053 exercitum:
1709 4996 1856 5065 quod
1892 4998 1993 5052 Ar-

416 5080 634 5137 menius
664 5081 918 5137 diadema
963 5098 1073 5138 non
1117 5099 1147 5139 a
1182 5099 1264 5148 se,
1293 5084 1392 5140 sed
1420 5101 1451 5140 a
1486 5086 1817 5140 Parthorum
1864 5100 1994 5157 rege

414 5173 747 5241 accepisset,
784 5174 861 5228 Ea
891 5190 1054 5231 causa
1087 5177 1493 5245 praetexebatur
1524 5176 1690 5241 bello,
1727 5192 1853 5231 eum
1880 5186 1993 5232 tota

416 5278 507 5317 res
542 5264 612 5318 ab
642 5265 945 5321 ambitione
1000 5278 1056 5322 et
1105 5268 1295 5337 gloria:
1322 5266 1624 5336 cupiditate
1676 5268 1995 5337 proﬁcisce-

418 5365 595 5410 retur.
623 5354 887 5413 Armenia
914 5358 1164 5426 subacta,
1193 5359 1369 5414 multa
1401 5359 1453 5414 ei
1480 5375 1511 5413 a
1540 5370 1735 5414 senatu
1766 5360 1991 5414 decreta

2087 4553 2269 4605 νεγκε,
2314 4536 2409 4589 καὶ
2439 4533 2613 4597 οὕτως
2675 4532 2831 4595 αὖθις
2862 4532 2924 4585 τὸ
2955 4531 3101 4602 ὕδωρ
3131 4533 3211 4595 εἰς
3232 4532 3329 4597 τὴν
3357 4524 3544 4596 πρώην
3565 4533 3653 4587 με’

2085 4625 2348 4698 τέστρεψε
2399 4625 2594 4689 δίοδον,
2639 4626 2734 4677 καὶ
2801 4626 2859 4686 ἐς
2930 4621 3191 4692 σπήλαιον
3243 4622 3301 4675 δὲ
3351 4614 3515 4672 πολλὰ
3542 4613 3653 4663 ἐνα-

2087 4717 2305 4771 πέθετο.
2336 4714 2522 4769 Ταῦτα
2571 4713 2618 4767 δ’
2663 4714 2840 4767 ἐποίει
2890 4714 2967 4782 μή
2999 4730 3144 4776 τινος
3177 4712 3340 4767 ἄλλου
3397 4702 3649 4776 παρόντος

2087 4808 2120 4878 ἢ
2144 4807 2533 4879 αἰχμαλώτων,
2557 4805 2609 4859 οἶ
2640 4807 2767 4876 περὶ
2799 4806 2976 4859 ταῦτα
3007 4805 3257 4859 ἐπόνουνο
3290 4802 3387 4858 καὶ
3411 4794 3544 4868 μετὰ
3562 4789 3649 4879 τὴν

2085 4878 2433 4970 κατάκρυψιν
2501 4899 2631 4961 τοὺς
2676 4896 3059 4968 αἰχμαλώτους
3117 4895 3412 4958 ἐκτίννυεν,
3455 4889 3536 4942 ἴνα
3583 4878 3649 4970 μὴ

2094 4967 2304 5061 ἔκφορα
2330 4967 2401 5045 τὰ
2437 4990 2571 5061 παρ’
2602 4967 2784 5044 αὐτῶν
2818 4988 3084 5057 γεγονότα
3118 4989 3441 5057 ποιήσωσιν.
3481 4970 3566 5037 Εἷς
3595 4967 3647 5022 δέ

2093 5101 2178 5148 τις
2214 5086 2428 5156 ἑταῖρος
2458 5082 2554 5137 τοῦ
2607 5083 2936 5148 Δεκεϐἀλου,
2968 5079 3227 5145 συνειδὼς
3261 5079 3331 5135 τά
3369 5092 3428 5129 τε
3463 5071 3646 5139 θησαυ⁶

2102 5176 2354 5246 ρισμένα,
2386 5174 2664 5240 ὑπέδειξεν
2695 5174 2861 5229 αὐτὰ.
2904 5174 3012 5225 Τὸν
3033 5173 3093 5226 δὲ
3125 5173 3396 5227 Λικίννιον
3423 5159 3647 5229 Σούρῤαν

2096 5266 2356 5319 πλούσιον
2385 5265 2554 5336 ἄνδρα
2591 5264 2783 5333 φιλῶν,
2814 5262 2911 5317 καὶ
2945 5264 3039 5315 ὑπ’
3076 5263 3288 5316 ἐκείνου
3321 5253 3641 5327 φιλούμενθςν

2095 5359 2124 5412 δ
2147 5360 2460 5414 αϐαλόντων
2488 5360 2652 5414 τινῶν
2679 5359 2769 5413 τὸν
2796 5359 3087 5428 ἄνθρωπον
3147 5357 3224 5422 ὡς
3251 5343 3642 5410 ἐπιϐουλεύοντα

1573 5514 1770 5577 Variae
1794 5514 2098 5577 lectiones
2144 5525 2203 5578 et
2243 5526 2431 5578 noue.

495 5657 604 5728 (ιο)
646 5655 948 5728 Ῥωμαίων
974 5659 1246 5726 ὑπήκοος
1277 5659 1504 5728 γέγονε.
1554 5660 1711 5715 Addit
1762 5660 1997 5715 Lactan-

426 5725 556 5791 tius,
583 5726 640 5780 in
671 5725 768 5783 lib.
796 5729 874 5783 De
897 5732 1151 5785 mortibus
1172 5725 1586 5799 persecutorum,
1614 5749 1666 5787 ιι.
1690 5731 1778 5788 9.5.
1802 5731 1992 5798 Traia.

2102 5678 2230 5716 num
2260 5662 2414 5716 Dacis
2440 5661 2647 5715 assidue
2674 5657 3043 5715 rebellantibus
3071 5668 3283 5710 censum
3302 5661 3456 5727 pana:
3485 5643 3638 5714 grana

2100 5735 2341 5788 victorem
2376 5735 2442 5787 im
2451 5733 2699 5787 posuisse.
