4048 6398
322 311 438 376 939’
1585 314 1993 376 ANNALIUM
2039 316 2183 377 LIB.
2229 318 2335 378 XI.
3476 318 3589 383 990

318 425 492 497 αὐτῷ,
538 423 775 494 ἄκλητος
816 424 954 496 πρὸς
991 424 1200 478 ἐκεῖνον
1255 423 1349 476 ἐπὶ
1393 423 1612 478 δεῖπνον
1657 425 1898 492 ἀπῆλθε,

2009 435 2142 482 sunt
2178 444 2191 480 :
2221 440 2280 480 et
2304 432 2506 496 praeter
2539 433 2760 493 caetera,
2798 426 3029 499 Optimi,
3063 436 3187 500 post
3227 429 3397 485 etiam
3446 429 3588 485 Par-

318 520 418 575 καὶ
444 483 573 581 τοὺς
624 483 955 586 δὲρυξράρὲυξ
1012 515 1372 585 ἀποπέμψας,
1429 515 1519 569 τὸν
1568 483 1899 586 ἰατρὸν-τού

2009 517 2141 573 thici
2177 483 2604 589 cognomentum
2638 483 2941 584 tributum;
3102 483 3308 592 Optimi
3337 483 3593 591 appella-

290 610 534 682 ,Συύρῤα
564 609 814 672 ἐκάλεσε,
860 610 957 663 καὶ
996 608 1065 662 δι’
1115 608 1331 663 ἐκείνου
1371 609 1501 672 τοὺς
1554 607 1894 679 ὀφθαλμοὺς,

2009 610 2176 674 tione,
2208 610 2357 678 quod
2393 624 2581 665 mores
2608 624 2743 666 suos
2770 612 3132 682 exprimeret,
3165 613 3341 684 magis
3375 620 3463 669 est
3488 611 3591 667 de-

315 702 407 755 διὰ
439 700 497 754 δὲ
526 701 618 753 τοῦ
652 700 895 771 κουρέως
952 698 1168 753 ἐκείνου
1218 699 1319 771 τὴν
1363 699 1580 769 ὑπήνην
1625 698 1894 770 ἐξύρατο·
2002 700 2260 758 lectatus.

315 797 438 851 εἶτα
495 798 592 848 καὶ
644 795 906 849 ἐλούσατο
951 796 1047 851 καὶ
1104 794 1413 865 ἐδείπνησε.
1476 795 1589 849 Καὶ
1633 796 1747 857 τοῖς
1795 795 1888 849 τὸν
1926 796 2172 868 Σούρῤαν
2235 796 2620 852 διαϐάλλουσιν
2654 798 2759 867 ἔφη
2801 800 2869 870 τῇ
2938 797 3248 871 ὑστεραίᾳο
3281 801 3351 854 El
3402 798 3589 868 ἤθελέ

309 907 388 959 με
409 890 679 956 Σούρῤας
694 888 1068 952 ἀποκτεῖναι,
1098 887 1280 943 οὐδὲν
1312 887 1543 941 ἐκώλυε
1567 887 1678 942 τὸν
1704 888 1897 958 ἄνδρα
1933 890 2077 958 χθὲς·
2145 891 2325 945 τοῦτο
2389 890 2665 958 ποιῆσαι.
2696 893 2982 963 Ἐπαρχον
3008 891 3110 962 μέν
3150 908 3234 944 τοι
3288 890 3398 944 τῶν
3432 891 3592 962 δορυ,

317 983 498 1049 φόρων
534 977 1160 1048 προχειριζόμενος,καὶ
1191 978 1399 1050 ὀρέγων
1433 977 1585 1048 αὐτῷ
1608 978 1670 1031 τὸ
1719 977 1873 1047 ξίφος
1904 978 1932 1032 ὃ
1980 980 2447 1050 παραζώννυσθαι
2516 983 2683 1037 αὑτὸν
2731 986 2924 1054 ἐχρῆν,
2978 983 3138 1039 Λάϐε
3187 983 3384 1045 τοῦτο,
3456 984 3587 1052 ἔφη,

318 1073 416 1127 καί
440 1073 489 1126 εί
514 1071 635 1140 μὲν
681 1072 846 1140 ἄρχω
883 1071 1107 1137 καλῶς,
1132 1070 1290 1140 ὑπὲρ
1309 1070 1458 1140 ἐμοῦ
1475 1072 1665 1137 τούτῳ
1685 1071 1933 1140 χρῆσαι,
1970 1074 2023 1127 εί
2053 1072 2121 1126 δὲ
2151 1073 2373 1141 κακῶς,
2430 1077 2562 1130 κατ’
2598 1075 2767 1143 ἐμοῦ.
2799 1077 3056 1146 Ἐποίησε
3126 1075 3184 1129 δὲ
3239 1076 3334 1129 καὶ
3363 1073 3589 1145 βιϐλίων

315 1166 625 1234 ἀποθήκας.
700 1166 812 1218 Καὶ
866 1165 1003 1234 μετά
1077 1163 1255 1218 ταῦτα
1307 1166 1449 1218 κατὰ
1502 1163 1736 1234 Πάρθων
1785 1164 1884 1218 καλ⁸
1927 1164 2237 1235 Ἀρμενίων
2276 1168 2668 1237 ἐστράτευσεν,
2700 1169 2782 1222 ὅτι
2848 1168 2909 1223 τὸ
2930 1168 3170 1238 διάδημα
3230 1169 3260 1221 6
3294 1168 3590 1238 Ἀρμένιος

313 1260 412 1328 οὐχ
459 1253 555 1311 ὑπ’
588 1255 754 1309 αὑτοῦ
783 1254 1000 1319 ἐλαϐεν,
1029 1255 1165 1309 ἀλλά
1193 1254 1347 1326 παρὰ
1375 1253 1471 1308 τοῦ
1526 1254 1761 1323 Πάρθων
1823 1254 2112 1322 βασιλέως.
2174 1252 2283 1309 Ἦν
2344 1257 2402 1311 δὲ
2431 1259 2634 1329 σκῆψις
2705 1260 2885 1327 τοῦτο,
2932 1259 2997 1313 τὸ
3046 1259 3092 1313 δ’
3131 1259 3252 1313 ὅλον
3293 1259 3593 1329 φιλοτιμία

311 1354 408 1408 καὶ
464 1353 627 1423 δόξης
679 1351 841 1421 ἔρως.
884 1350 1251 1421 Ἐχειρώσατο
1286 1348 1378 1403 οὖν
1418 1349 1518 1417 τὴν
1594 1346 1921 1419 Ἀρμενίανο
1958 1348 2053 1402 καὶ
2099 1350 2249 1421 αὐτῷ
2299 1353 2331 1421 ὴ
2381 1351 2545 1426 βουλὴ
2597 1354 2769 1408 πολλά
2804 1354 3139 1425 ἐψηφίσατο,
3188 1352 3327 1422 πρὸς
3372 1352 3431 1406 δὲ
3471 1349 3594 1406 τοῖς

312 1448 494 1509 ἄλλοις
531 1445 626 1497 καὶ
673 1444 947 1513 Ὀπτιμον
979 1441 1360 1510 ἐπωνόμασεν,
1394 1437 1622 1509 ἄριστον
1681 1437 1738 1490 δέ
1805 1436 1966 1492 τοῦτο
1999 1436 2152 1509 δηλοῖ
2196 1440 2708 1514 ἐξελληνιζόμενον·
2761 1437 2885 1496 εἶτα
2943 1445 3041 1497 καὶ
3102 1441 3379 1512 Παρθικὸν
3436 1440 3592 1511 αὺτῷ

310 1541 603 1609 ἐπίκλησιν
642 1538 818 1591 ἔθετο.
860 1535 922 1589 Ὅ
966 1536 1025 1589 δὲ
1061 1535 1262 1605 μᾶλλον
1292 1532 1402 1588 τῶν
1439 1531 1615 1586 ἄλλων
1654 1532 1722 1602 τῇ
1815 1529 1911 1583 τοῦ
1961 1530 2231 1602 Ὀπτίμου
2286 1535 2632 1607 προσηγορίᾳ
2686 1529 2756 1606 ἦν
2827 1534 3253 1606 σεμνυνόμενος,
3298 1534 3383 1588 ὅτι
3457 1532 3590 1598 τοὺς

310 1631 548 1701 τρόπους
578 1627 848 1697 ὑπεδήλου
879 1626 1072 1680 αὑτοῦ.

1932 1765 1978 1821 Β
2077 1758 2245 1814 XXII.
2275 1761 2512 1815 Maximo
2543 1769 2858 1817 terraemotu
2897 1760 3003 1817 sub
3035 1759 3160 1831 ejus
3191 1757 3428 1829 imperio
3457 1771 3595 1813 cum

388 1806 514 1863 KB’.
578 1803 816 1876 Σεισμοῦ
845 1805 903 1858 δὲ
943 1804 1039 1858 ἐπὶ⁵
1076 1803 1180 1873 τῆς
1210 1802 1515 1874 αὑταρχίας
1548 1798 1716 1855 αὐτοῦ
1770 1813 1897 1868 σφο-

311 1896 573 1973 ὃροτᾶτου
613 1898 949 1970 συμϐάντος,
986 1897 1082 1951 καὶ
1125 1896 1286 1951 ἄλλαι
1319 1895 1421 1966 μὲν
1446 1893 1652 1949 ἔπαθον
1686 1893 1900 1956 πόλεις,

318 1995 521 2067 μᾶλλον
549 1993 607 2046 δὲ
633 1992 742 2046 τῶν
784 1991 964 2046 ἄλλων
996 1991 1028 2060 ἡ
1067 1990 1203 2061 πρὸς
1234 1988 1312 2059 τῷ
1352 1987 1583 2060 Ὀρόντῃ
1622 1986 1901 2041 πέπονθεν

326 2087 651 2157 Ἀντιόχεια’
685 2086 774 2140 ὅτε
805 2084 901 2138 καὶ
931 2082 1092 2146 αὐτὸς
1134 2084 1163 2136 6
1196 2081 1488 2150 Τραϊανὸς,
1525 2081 1643 2133 ἐκεῖ
1693 2077 1903 2148 διατρί-

315 2184 447 2246 ϐων,
491 2179 693 2252 μικροῦ
745 2176 1163 2233 κεκινδύνευκεν
1210 2175 1296 2230 ἄν.
1345 2173 1600 2244 Ἐπλήγη
1646 2171 1704 2225 δέ
1759 2170 1902 2234 τέως

314 2275 381 2328 ἐκ
410 2273 504 2327 τοῦ
530 2275 632 2342 τῆς
659 2271 859 2334 οἰκίας,
879 2263 993 2343 ἐνῇ
1023 2268 1199 2337 διῆγε,
1231 2264 1663 2336 συμπτώματος.
1706 2263 1762 2316 Ἀ
1775 2262 1892 2335 ριθ-

320 2364 423 2438 μοῦ
483 2363 541 2418 δέ
575 2362 823 2433 κρεῖττον
863 2359 1068 2432 πλῆθος
1100 2358 1457 2430 συγκέχωστο
1486 2359 1601 2420 τοῖς
1636 2354 1904 2426 συμπτώο

322 2476 478 2529 μασι.
521 2459 633 2510 Καὶ
678 2457 727 2510 oi
781 2454 880 2525 μὲν
934 2452 1359 2524 συντρισόμενοι
1436 2451 1515 2520 τῷ
1578 2450 1739 2522 βάρει
1790 2451 1901 2503 τῶν

318 2552 775 2606 καταπιπτόντων
810 2547 1169 2603 ἀπώλλυντο·
1200 2545 1249 2598 oi
1289 2545 1347 2597 δὲ
1379 2545 1439 2597 ἐν
1488 2543 1760 2606 διακένοις
1787 2542 1900 2596 τισὶ

316 2645 558 2715 τυχαίως
586 2640 1006 2711 συμϐαίνουσιν,
1042 2637 1188 2693 οὕτω
1210 2636 1318 2692 τῶν
1367 2635 1510 2690 ὑλῶν
1547 2651 1899 2705 συμπιπτου-

320 2738 430 2791 σῶν
467 2735 880 2804 διασωςόμενοι,
911 2732 1148 2798 ἐξελθεῖν
1173 2729 1219 2784 δ’
1240 2732 1451 2784 ἐκεῖθεν
1469 2729 1568 2783 οὐκ
1591 2729 1903 2799 ἰσχύοντες,

317 2828 467 2899 λιμῷ
496 2825 890 2895 διεφθείροντο·
921 2822 1219 2892 ἐπεκράτει
1249 2820 1359 2889 γὰρ
1383 2821 1412 2873 6
1441 2818 1628 2882 κλόνος
1670 2817 1772 2887 τῆς
1799 2817 1902 2886 γῆς

318 2921 406 2990 ἐφ’
438 2918 653 2988 ἡμέρας
691 2915 917 2978 πολλάς.
951 2914 1093 2984 Ἤδη
1123 2913 1183 2966 δέ
1228 2910 1589 2982 παυσαμένης
1619 2909 1719 2980 τῆς
1767 2926 1906 2979 συμ-

321 3014 517 3084 φορᾶς,
549 3009 723 3078 ἐπέϐη
759 3025 842 3072 τις
892 3007 1287 3078 ἀναθαρσήσας
1315 3003 1429 3057 τῶν
1479 3001 1763 3074 ἐρειπίων,
1810 3002 1906 3054 καὶ

322 3108 532 3177 ἢκουσε
587 3101 803 3174 βοώσης
856 3100 1106 3154 κάτωθεν
1164 3095 1482 3167 γυναικός.“
1516 3093 1873 3164 Ἀνορύξαντε

319 3196 415 3256 οὖν
443 3198 541 3269 τὴν
592 3196 880 3266 ἄνθρωπον
947 3192 1322 3257 ἀνεσώσαντο,
1376 3191 1475 3245 καὶ
1534 3188 1748 3242 παιδίον
1812 3185 1908 3255 φέ-

328 3309 528 3366 ρουσαν
572 3289 904 3360 ὑπομάζιον,
973 3286 1003 3340 6
1062 3285 1140 3356 τῷ
1185 3284 1421 3353 γάλακτι
1468 3281 1719 3351 ἔτρεφεν,
1771 3278 1909 3332 ἀλλά

327 3387 514 3458 μέντοι
568 3382 667 3437 καὶ
732 3381 957 3451 ἐαυτήν.
1033 3376 1132 3431 Ἐκ
1206 3375 1405 3429 τούτου
1464 3376 1559 3427 καὶ
1617 3373 1687 3427 τὰ
1739 3371 1907 3425 λοιπά

325 3477 661 3547 ἀνεχώννυον
707 3489 725 3507 ο
764 3472 878 3527 ἀλλ’
929 3467 1047 3541 οὐχ’
1097 3463 1256 3540 εὖρον
1305 3464 1516 3531 ζῶντάς
1554 3482 1708 3527 τινας
1766 3462 1908 3533 πλὴν

325 3570 539 3625 παιδίου
596 3567 738 3631 ἐνὸς,
800 3565 879 3636 τῷ
924 3562 1071 3634 λιμῷ
1138 3562 1196 3614 δὲ
1262 3559 1572 3631 φθαρέντας
1651 3553 1903 3615 πολλούς.

327 3663 533 3734 Ἐαρος
579 3659 626 3714 6‘
693 3658 1044 3719 ἐπιστάντος,
1094 3654 1239 3709 κατά
1297 3652 1410 3706 τῶν
1459 3649 1694 3721 Πάρθων
1750 3646 1909 3711 αὖθις

323 3753 607 3826 ἐχώρησεν
653 3753 683 3806 6
756 3751 1047 3821 Τραϊανός.
1110 3744 1220 3802 Καὶ
1277 3747 1378 3816 τῆς
1453 3743 1907 3813 τεζἊδιασηνῆς

323 3847 547 3915 ἀπάσης
587 3843 920 3914 ἐκράτησεν,
970 3841 1006 3910 ἢ
1034 3839 1201 3911 μέρος
1228 3838 1350 3893 ἐστὶ
1400 3838 1604 3908 Συρίας
1637 3836 1736 3905 τῆς
1775 3835 1907 3901 περὶ

323 3938 488 3992 Νῖνον
507 3936 603 3990 καὶ
631 3936 739 3990 τῶν
779 3933 1179 4004 Γαυγαμήλων,
1201 3932 1295 3985 καὶ
1315 3931 1427 3985 τῶν
1441 3929 1744 4001 Ἀρόήλων,
1771 3923 1906 4000 παρ’

324 4024 409 4094 οἷς
463 4028 822 4099 Ἀλέξανδρος
864 4028 956 4082 τὸν
1011 4027 1243 4097 Δαρεῖον
1283 4024 1533 4092 ἐνίκησε.
1575 4021 1689 4076 Καὶ
1739 4020 1905 4090 μέχρι

324 4122 426 4191 τῆς
482 4118 805 4181 Βαϐυλῶνος
859 4116 1134 4188 προῆλθεν
1172 4106 1385 4183 αὐτῆς.
1437 4109 1790 4181 Ἐπεραιώθη
1845 4108 1906 4162 δὲ

325 4215 423 4267 καὶ
488 4215 579 4266 τον
619 4210 835 4282 Τίγριν,
859 4210 954 4264 καὶ
985 4210 1066 4272 είς
1083 4210 1182 4277 τὴν
1213 4206 1583 4275 Κτησιφῶντα
1617 4201 1890 4271 εἰσῆλθεν.

339 4304 608 4375 ’ἱμείρετο
653 4305 842 4374 μέντοι
912 4303 1011 4358 καὶ
1060 4305 1163 4373 τὴν
1233 4299 1507 4373 Ἐρυθρὰν
1565 4296 1891 4352 εἰσπλεῦσαι

329 4398 628 4463 θάλασσαν,
677 4397 713 4470 ἡ
793 4399 957 4468 μοῖρα
1052 4397 1153 4466 μὲν
1235 4394 1332 4448 τοῦ
1404 4392 1667 4448 Ὠκεανοῦ
1750 4391 1910 4460 λέγε-

326 4504 458 4557 ται,
553 4489 817 4560 κέκληται
898 4484 948 4542 δ’
1002 4487 1177 4553 οὕτως
1255 4487 1361 4541 ὑπό
1415 4504 1564 4551 τινος
1632 4488 1692 4539 ἐν
1766 4485 1906 4555 αὐτῇ

326 4579 813 4645 δυναστεύσαντος.
860 4580 1095 4634 Ἐνενόει
1136 4580 1192 4633 δέ
1241 4580 1338 4634 καὶ
1401 4579 1620 4641 Ἰνδοὺς.
1650 4579 1746 4632 καὶ
1795 4576 1911 4629 ἔλε-

329 4690 427 4738 γεν
476 4675 574 4743 ὡς,
596 4677 663 4730 El
693 4675 780 4729 ἔτι
802 4674 943 4743 νέος
971 4671 1072 4746 ἦν,
1103 4674 1202 4729 καὶ
1240 4674 1334 4728 ἐπ’
1361 4673 1589 4740 αὐτοὺς
1650 4671 1729 4728 ἂν
1772 4672 1910 4725 ἐπε-

324 4767 609 4837 ραιώθην.
650 4768 741 4822 Ἐν
784 4761 828 4836 ᾧ
855 4768 911 4822 δὲ
952 4768 1128 4839 χρόνῳ
1177 4767 1270 4820 ἐπὶ
1316 4767 1410 4819 τὸν
1456 4763 1709 4818 Ὠκεανὸν
1747 4762 1916 4817 κατέ-

338 4858 483 4924 πλει,
541 4861 636 4913 καὶ
690 4858 849 4924 αὖθις
894 4859 1151 4929 ἀνήγετο,
1198 4859 1299 4911 ὅσα
1337 4856 1585 4911 ἐάλωσαν
1640 4854 1912 4925 πρότερον

331 4950 673 5003 ἀποστασίαν
693 4950 977 5021 ἐνόσησαν.
1024 4949 1085 5004 '0
1113 4949 1194 5013 δὲ,
1225 4949 1410 5012 δείσας
1443 4948 1519 5019 μὴ
1548 4946 1643 5000 καὶ
1673 4947 1725 4999 οἱ
1761 4945 1911 5016 Πάρ-

331 5043 413 5097 θοι
435 5043 499 5097 τὸ
529 5041 665 5095 αὐτὸ
693 5043 990 5111 δράσωσιν,
1020 5042 1260 5113 ὁμογενῆ
1288 5040 1440 5111 σφίσι
1473 5038 1705 5110 βασιλέα
1742 5054 1908 5108 προε-

332 5133 634 5205 χειρίσατο,
667 5132 830 5196 αὐτὸς
855 5131 1007 5201 αύτῷ
1035 5131 1096 5184 τδ
1124 5130 1364 5200 διάδημα
1392 5129 1739 5200 ἐπιθέμενος.
1778 5123 1914 5183 Εἶτα

335 5229 430 5280 καὶ
455 5226 565 5279 τῶν
597 5223 851 5295 ’Δράόων
884 5223 1275 5293 ἀφεστηκότων
1291 5221 1522 5292 ὥρμησε
1552 5222 1674 5274 κατ’
1697 5218 1900 5274 αὐτῶψ

336 5320 430 5374 καὶ
464 5319 631 5390 μηδὲν
659 5316 885 5384 ἀνύσας,
927 5317 1112 5386 ὀλίγου
1140 5318 1251 5371 δεῖν
1282 5315 1501 5389 ἐτρώθη
1530 5315 1621 5382 ἂν,
1653 5316 1921 5372 κάκεῖθεν

334 5411 550 5481 ἀπῆλθε
586 5410 780 5464 νοσῶν.
826 5410 940 5464 Καὶ
990 5410 1040 5462 οἱ
1089 5409 1233 5464 κατά
1266 5410 1528 5481 Κυρήνην
1575 5408 1635 5463 δὲ
1664 5407 1921 5463 Ἰουδαῖοι

333 5502 678 5573 ἀπέστησαν,
706 5502 803 5556 καὶ
830 5500 1073 5555 ἔκτεινον
1098 5502 1193 5555 καὶ
1235 5500 1545 5570 Ῥωμαίους
1588 5501 1684 5554 καὶ
1720 5499 1924 5571 Ἐλλη-

336 5610 477 5656 νας·
530 5594 630 5647 καὶ
672 5594 722 5647 οἱ
761 5594 822 5646 ἐν
872 5592 1136 5663 Αἰγύπτῳ
1187 5591 1284 5646 καὶ
1334 5594 1385 5645 οί
1442 5593 1501 5646 ἐν
1558 5592 1772 5662 Κύπρῳ
1817 5594 1922 5663 οὐχ

337 5688 532 5757 ἥττους
559 5687 761 5759 ὁμοίως
784 5686 1563 5760 διέφθειραν.Κστεστρέψατο
1597 5686 1654 5741 δὲ
1692 5686 1923 5750 τούτους

2003 1850 2126 1904 alia:
2176 1851 2345 1906 urbes
2387 1861 2661 1921 quassatae
2714 1860 2885 1918 sunt,
2939 1864 3052 1906 tum
3107 1860 3309 1921 prazter
3359 1859 3599 1905 cazteras

2002 1944 2299 2000 Antiochia
2321 1943 2390 2000 ad
2417 1943 2708 2008 Orontem,
2750 1943 2847 2000 ubi
2890 1943 3164 2013 Trajanus
3191 1956 3414 2012 quoque
3445 1954 3601 2010 pene

2003 2035 2280 2107 periisset,
2316 2036 2480 2091 ruina
2528 2034 2746 2092 aediﬁcii
2793 2035 2848 2089 in
2884 2049 2995 2105 quo
3046 2033 3279 2104 degebat
3328 2032 3493 2086 ictus.
3524 2030 3591 2085 in

2008 2129 2078 2184 iis
2110 2129 2290 2184 ruinis
2321 2129 2611 2183 innumera
2663 2127 2966 2185 multitudo
3016 2126 3202 2198 periit.
3255 2125 3360 2179 Alii
3397 2123 3586 2194 gravi-

2004 2231 2119 2276 tate
2149 2222 2314 2276 molis
2345 2221 2597 2292 oppressi
2623 2238 2639 2277 :
2674 2220 2791 2284 alii,
2817 2219 2911 2291 qui
2945 2218 3177 2273 fortuito
3216 2215 3595 2272 aediﬁciorum

2001 2328 2132 2369 casu
2163 2314 2216 2367 in
2244 2312 2548 2369 cavislocis
2568 2312 2763 2368 inclusi
2798 2310 3142 2382 perfringere
3168 2324 3278 2364 non
3306 2316 3593 2378 poterant,

2004 2407 2098 2462 illa
2132 2406 2499 2461 concussione
2529 2420 2627 2476 per
2656 2404 2776 2459 dies
2802 2402 3119 2473 complures
3149 2402 3409 2463 durante,
3444 2399 3595 2455 [anno

2005 2497 2314 2569 perierunt.
2402 2497 2648 2552 Tandem
2709 2496 2898 2552 sedata
2951 2494 3293 2559 calamitate,
3360 2491 3599 2563 quidam

2003 2590 2195 2645 ruinas
2221 2589 2596 2646 conscendere
2626 2603 2820 2652 ausus,
2868 2587 3160 2643 mulierem
3191 2585 3336 2640 infra
3382 2583 3597 2640 vocife-

2004 2690 2219 2738 rantem
2277 2682 2535 2738 audivit:
2592 2696 2779 2751 quam,
2834 2689 3050 2736 remota
3083 2677 3316 2734 materia
3382 2676 3601 2731 eduxe-

2007 2780 2158 2829 runt.
2195 2772 2428 2829 Fcrebat
2468 2781 2653 2828 autem
2702 2771 2792 2826 illa
2819 2784 3051 2841 puerum
3083 2769 3139 2823 in
3172 2768 3358 2823 ulnis:
3390 2781 3585 2835 quem,

2008 2875 2070 2921 ut
2109 2874 2164 2921 et
2192 2865 2566 2934 semetipsum,
2619 2862 2888 2917 uberibus
2933 2859 3050 2921 suis
3097 2860 3330 2915 aluerat.
3377 2857 3593 2913 Deinde

2007 2959 2185 3015 ruinis
2246 2958 2413 3013 etiam
2480 2954 2701 3011 cateris
2769 2951 3032 3017 remotis,
3096 2950 3280 3006 nullos
3340 2949 3593 3004 viventes

2010 3060 2211 3123 praeter
2282 3064 2452 3104 unum
2516 3061 2749 3118 puerum
2802 3051 3184 3115 repererunt:
3243 3041 3339 3111 qui
3399 3048 3589 3094 autem

1880 3110 1906 3156 ς
1934 3105 1977 3163 c
2013 3105 2157 3197 lame
2186 3140 2488 3210 perierant,
2519 3105 2744 3193 inultos.
2787 3105 2902 3191 Sub
2940 3149 3173 3191 vernum
3208 3105 3425 3201 tempus
3450 3130 3590 3184 Tra-

2006 3235 2170 3306 janus
2218 3233 2402 3288 denuo
2430 3239 2625 3286 contra
2651 3228 2887 3284 Parthos
2922 3226 3228 3297 profectus,
3263 3233 3377 3279 tota
3425 3222 3595 3278 Adia-

2010 3327 2154 3383 bene
2211 3324 2420 3395 potitus
2461 3333 2563 3378 est.
2602 3322 2680 3378 Ea
2731 3334 2859 3391 pars
2913 3326 2998 3374 est
3062 3317 3232 3389 Syriae
3280 3318 3433 3387 juxta
3489 3315 3593 3370 Ni-

2011 3436 2140 3473 num
2164 3428 2220 3474 et
2236 3416 2567 3488 Gaugamela
2585 3424 2642 3470 et
2664 3413 2885 3478 Arbela,
2910 3411 3004 3467 ubi
3024 3411 3248 3465 Darium
3271 3407 3591 3466 Alexander

2010 3512 2166 3575 vicit,
2243 3518 2302 3565 et
2349 3508 2418 3563 ad
2478 3507 2649 3577 ipsam
2710 3520 2882 3576 usque
2940 3503 3276 3575 Babylonem
3330 3516 3593 3571 progres-

2011 3618 2125 3667 sus,
2179 3602 2326 3672 Tigri
2377 3600 2632 3672 trajecto,
2665 3598 3082 3668 Ctesiphontem
3130 3604 3219 3651 est
3272 3594 3582 3665 ingressus.

2010 3696 2283 3764 Cupiebat
2338 3694 2507 3748 etiam
2554 3692 2901 3764 Erythrarum
2950 3703 3104 3744 mare
3158 3689 3420 3751 lustrare,
3472 3701 3597 3757 qua:

2009 3787 2213 3843 Oceani
2268 3800 2400 3856 pars
2435 3792 2544 3850 est,
2579 3799 2611 3838 a
2655 3799 2784 3853 rege
2814 3783 2935 3853 ejus
2968 3779 3077 3836 loci
3120 3779 3359 3850 quodam
3390 3792 3596 3833 nomen

2012 3879 2174 3949 587
2208 3878 2426 3947 adepta.
2465 3877 2642 3931 Etiam
2686 3875 2852 3931 Indos
2887 3875 3075 3929 animo
3112 3871 3398 3942 agitabat;
3445 3869 3601 3925 dicc-

2010 3972 2234 4042 batque,
2274 3973 2320 4026 si
2352 3971 2541 4042 junior
2573 3976 2727 4029 esset,
2769 3984 2824 4022 se
2865 3966 2986 4021 illo:
3039 3981 3244 4038 quoque
3283 3965 3599 4035 petiturum.

2010 4064 2149 4117 Dum
2191 4077 2327 4117 vero
2371 4061 2437 4116 ad
2474 4063 2751 4117 Oceanum
2791 4058 2991 4125 tendit,
3025 4067 3191 4128 atque
3224 4056 3354 4111 inde
3403 4070 3598 4110 rever-

2011 4154 2167 4218 titur,
2218 4152 2257 4207 ii
2307 4158 2463 4223 quos'
2493 4149 2705 4206 dudum
2744 4149 3069 4221 subegerat,
3119 4147 3187 4202 ad
3227 4146 3599 4201 defectionem

2016 4249 2362 4317 spectabant.
2403 4244 2625 4300 Veritus
2654 4243 2844 4311 igitur,
2873 4257 2943 4296 ne
2971 4240 3161 4297 Parthi
3199 4254 3420 4310 quoque
3452 4239 3599 4293 idem

2013 4339 2284 4404 facerent,
2315 4354 2499 4410 regem
2531 4340 2614 4393 eis
2639 4352 2752 4392 sua:
2777 4334 2960 4406 gentis
2992 4332 3258 4403 praefecit,
3289 4332 3454 4401 eique
3482 4331 3603 4400 ipse

1943 4438 1986 4493 ῐ)
2019 4431 2275 4486 diadema
2300 4429 2587 4501 imposuit.
2610 4428 2817 4484 Deinde
2849 4427 3056 4482 Arabes
3082 4425 3249 4480 etiam
3280 4423 3602 4493 subiugum

2015 4522 2371 4586 reducturus,
2397 4536 2456 4575 re
2488 4520 2692 4575 infecta
2714 4533 2854 4588 pene
2888 4516 3213 4571 vulneratus
3239 4522 3406 4576 esset,
3434 4520 3604 4581 atque

2012 4625 2288 4688 aegrotans
2305 4614 2432 4669 inde
2453 4612 2698 4668 dicessit.
2723 4597 3052 4666 D'el‘ecerunt
3070 4609 3238 4662 etiam
3257 4606 3607 4677 Cyrenenses

2013 4707 2224 4773 Judaei,
2273 4716 2330 4762 et
2359 4706 2624 4761 Romanis
2667 4714 2723 4761 et
2747 4703 2955 4761 Graecis
2999 4702 3312 4758 trucidatis.
3358 4701 3507 4756 ldem
3547 4719 3608 4756 α.

2016 4797 2329 4870 ZEgyptiaci
2373 4805 2431 4852 et
2479 4794 2668 4868 Cyprii
2724 4795 2925 4850 imitati
2963 4803 3115 4850 sunt.
3156 4793 3265 4849 Sed
3307 4793 3409 4848 bos
3440 4791 3614 4847 misso

2019 4889 2267 4944 exercitu
2299 4888 2534 4944 domuit.
2580 4888 2754 4958 Hujus
2790 4886 3035 4942 Judaica:
3066 4885 3399 4941 defectionis
3437 4882 3608 4940 etiam

2020 4981 2295 5037 Eusebius
2335 4980 2610 5044 meminit,
2650 4979 3040 5035 Ecclesiasticc
3070 4977 3318 5033 Historia:
3363 4977 3506 5032 libro
3528 4991 3607 5030 tv.

2021 5076 2161 5131 Cum
2191 5072 2248 5128 in
2280 5072 2730 5143 Mesopotamiam
2756 5072 2840 5126 ire
2867 5078 3118 5141 cuperet,
3152 5068 3347 5123 morbo
3376 5081 3610 5137 oppreso

2023 5186 2147 5233 sua,
2204 5185 2430 5226 cursum
2492 5170 2704 5226 italiam
2761 5182 2957 5224 versus
3021 5165 3295 5231 intendit,
3347 5164 3408 5217 P.
3462 5161 3614 5217 [Elio

2024 5263 2270 5318 Adriano
2321 5262 2562 5334 Syriacis
2602 5259 2916 5331 legionibus
2960 5256 3276 5327 praeposito.
3334 5252 3439 5308 Sed
3480 5264 3612 5307 cum

2027 5355 2373 5411 Selinuntem
2402 5353 2608 5410 Ciliciae
2635 5352 2852 5413 urbem,
2883 5364 3007 5419 qua:
3029 5349 3199 5403 etiam
3225 5344 3614 5416 Trajanopolis

2028 5445 2256 5510 dicitur,
2291 5445 2555 5506 venisset,
2585 5443 2696 5496 vita
2723 5440 2945 5494 functus
2969 5443 3076 5501 est,
3112 5448 3173 5491 ut
3205 5436 3322 5505 ipse
3352 5433 3603 5505 putabat,

2030 5552 2243 5593 veneno
2272 5536 2502 5590 hausto:
2533 5543 2594 5588 ut
2615 5532 2708 5586 alii
2739 5533 2955 5596 dicunt,
2991 5529 3062 5584 ob
3094 5542 3453 5597 suppressum
3483 5540 3618 5580 satr-

2030 5633 2273 5699 guinem,
2297 5642 2460 5697 quem
2484 5624 2779 5695 quotannis
2810 5637 2907 5694 per
2927 5623 3111 5676 alvum
3145 5633 3444 5676 excernere
3464 5617 3620 5673 soleo

2033 5726 2143 5781 bat.
2180 5721 2429 5778 Accessit
2453 5718 2768 5789 apoplcxia,
2791 5726 3088 5774 consecuta
3119 5714 3455 5772 resolutione
3486 5724 3611 5769 cor-
