4048 6422
394 324 498 389 991

1696 317 2019 381 JOANNIS
2056 313 2378 376 ZONAR/E

3551 309 3664 372 992

391 441 542 505 poris
571 450 636 490 ex
669 440 841 504 parte.
871 433 1072 488 Verum
1105 447 1246 502 aqua
1267 431 1751 486 intercnsomnino
1769 428 1965 483 mortis

2090 425 2360 496 Γραῖανδς,
2391 423 2710 495 στράτευμα
2743 427 2863 480 κατ’
2917 427 3099 482 αὐτῶν
3143 422 3473 496 πεπομφὼς.
3534 423 3660 476 Μέ-

391 530 441 580 ei
488 541 650 580 causa
694 525 819 580 luit.
869 524 1158 594 Imperavit
1203 539 1378 578 annos
1413 539 1500 576 xix
1530 539 1654 576 cum
1692 519 1966 576 semestri.

393 615 472 669 Eo
506 615 810 686 imperante
841 616 1076 686 Symeon
1112 613 1297 684 Clopa:
1328 615 1492 677 ﬁlius,
1535 615 1806 669 secundus
1839 611 1970 664 Ilie-

393 706 793 776 rosofymorum
821 713 945 775 post
971 715 1220 760 sanctum
1243 705 1505 760 Jacobum
1535 703 1796 774 pontifex,
1829 719 1972 756 mar-

395 797 594 868 tyrium
634 797 828 856 subiit.
870 807 993 866 post
1019 797 1234 851 dierum
1271 797 1637 866 complurium
1669 795 1969 860 cruciatus,

394 888 462 942 ad
485 903 706 943 crucem
731 889 1043 954 damnatus,
1071 877 1217 944 anno
1244 891 1422 945 astatis
1456 890 1720 945 vicesimo
1754 897 1809 942 et
1838 903 1971 940 cen-

396 980 612 1032 tes'm.o.
646 979 774 1034 Post
812 995 938 1033 cum
971 980 1162 1036 Justus
1198 997 1264 1036 ex
1311 981 1735 1036 circumcisione
1777 978 1974 1034 tertius

399 1070 902 1142 Hierosolymorum
950 1073 1193 1142 pontifex
1226 1082 1310 1128 est
1342 1073 1605 1128 delectus.
1647 1071 1799 1125 Alios
1833 1086 1973 1139 quo-

399 1175 508 1229 que
533 1161 735 1214 nmltOs
759 1169 872 1214 tum
900 1162 1149 1230 pluribus
1175 1162 1229 1215 in
1259 1162 1394 1216 locis
1423 1162 1744 1232 martyrium
1770 1161 1975 1214 obiisse

398 1253 568 1307 rc'ezt
611 1251 900 1306 Eusebius.
943 1252 1149 1308 Deinde
1196 1253 1582 1322 imperatorem
1619 1253 1836 1320 cognita
1872 1267 1972 1305 eo-

399 1353 522 1392 rum
557 1339 652 1407 qui
693 1339 1081 1394 occiderentur
1122 1339 1512 1405 multitudine,
1552 1340 1646 1410 qui
1692 1339 1829 1394 nihil
1873 1339 1976 1392 im-

398 1431 548 1498 p'um
588 1438 842 1494 agerent,
885 1429 993 1484 nisi
1026 1430 1174 1500 quod
1219 1431 1491 1486 matutino
1539 1439 1786 1499 tempore
1811 1428 1975 1484 Chri-

399 1529 544 1574 stum
590 1537 689 1591 pro
739 1523 850 1577 Deo
900 1523 1277 1588 celi-brarent,
1319 1533 1376 1578 et
1424 1532 1633 1578 tantum
1663 1520 1974 1577 simulacris

401 1613 685 1670 immolare
719 1627 1067 1680 recusarent,
1139 1617 1411 1681 edixisse,
1453 1632 1522 1670 ne
1563 1615 1978 1684 inquirerentur

2089 534 2290 588 μνηται
2317 517 2415 586 τῆς
2441 517 2551 570 τῶν
2583 517 2856 574 Ἰουδαίων
2879 519 3084 590 ταύτης
3119 518 3460 580 άποστασίας
3503 517 3600 570 καὶ
3636 519 3668 570 ὁ

2082 611 2342 673 Εὐσέϐιος
2375 611 2487 681 (‘20)
2515 613 2570 666 ἐν
2598 612 2676 681 τῷ
2702 613 2948 684 τετάρτῳ
2997 613 3144 680 λόγῳ
3193 613 3293 681 τῆς
3337 609 3670 677 Ἐκκλησια-

2093 699 2283 768 στικῆς
2297 699 2582 768 Ἱστορίας.
2601 701 2822 772 Ἐκείνῳ
2845 701 2890 754 δ’
2907 697 2975 772 ἦν
2992 701 3126 772 πρὸς
3148 699 3580 768 Μεσοποταμίαν
3601 697 3669 751 τὸ

2076 793 2336 860 ὅρμημα,
2367 795 2432 862 τῇ
2476 793 2533 846 δέ
2584 793 2725 864 νόσῳ
2757 794 3264 864 καταπονούμενος,
3308 793 3518 863 ἤρξατο
3567 791 3667 844 τοῦ

2080 881 2220 951 πρὸς
2284 879 2516 936 Ἰταλίαν
2569 883 2767 948 πλοὸς,
2833 883 3069 937 Πόπλιον
3126 882 3310 938 Αἴλιον
3382 879 3666 948 Ἀδριανὸν

2079 975 2271 1045 ἄρχειν
2313 977 2616 1048 ἐπιστήσας
2647 977 2760 1031 τῶν
2800 977 3228 1049 στρατευμάτων
3265 979 3323 1030 ἐν
3362 979 3430 1048 τῇ
3463 976 3662 1046 Συρίᾳ.

2093 1068 2298 1122 Ἐλθὼν
2317 1069 2365 1122 δ’
2393 1071 2474 1132 είς
2505 1069 2828 1124 Σελινοῦντα
2875 1069 2987 1142 (il)
3046 1071 3147 1139 τῆς
3179 1069 3462 1134 Κιλικίας,
3495 1069 3530 1138 ἢ
3565 1069 3666 1121 καὶ

2082 1156 2518 1228 Τραϊανούπολις
2568 1158 2854 1227 κέκληται,
2908 1158 3002 1211 τὸν
3057 1157 3170 1228 βίον
3223 1156 3548 1217 κατέλυσεν,
3587 1153 3668 1216 ὡς

2084 1251 2184 1322 μέν
2215 1251 2423 1315 ἐκεῖνος
2445 1251 2623 1322 ᾠήθη,
2643 1253 2921 1324 φαρμάκῳ
2944 1249 3288 1321 διαφθαρεὶς,
3327 1252 3404 1312 ὡς
3429 1249 3488 1301 δέ
3516 1264 3666 1311 τινες

2082 1342 2324 1411 λέγουσι,
2356 1342 2426 1396 δι’
2456 1343 2737 1413 ἐπίσχεσιν
2759 1344 2994 1415 αἵματος
3027 1341 3258 1413 ἐτησίως
3282 1340 3434 1410 αὐτῴ
3462 1343 3656 1402 ἐκκοι-

2087 1435 2316 1504 νομένου
2355 1435 2442 1488 διά
2465 1437 2705 1508 γαστρός
2761 1436 2968 1507 Συνέϐη
3001 1435 3058 1489 δέ
3095 1435 3146 1487 oi
3186 1435 3280 1486 καὶ
3326 1431 3668 1499 άποπληξία,

2087 1519 2121 1600 ᾖ
2151 1526 2385 1597 πάρεσις
2411 1527 2506 1582 τοῦ
2540 1527 2794 1598 σώματος
2835 1530 2900 1582 ἐκ
2948 1527 3150 1596 μέρους
3197 1523 3668 1593 ἐπηκολούθησεν.

2087 1620 2318 1690 ’Υδερος
2347 1621 2393 1674 δ’
2421 1617 2492 1692 ἦν
2533 1621 2608 1684 ὡς
2659 1621 2868 1676 ἐπίπαν
2911 1619 3060 1691 αὐτῷ
3089 1618 3182 1673 τοῦ
3217 1617 3452 1672 θανάτου
3485 1617 3546 1670 τὸ
3585 1615 3674 1668 ατο

399 1703 730 1772 Christiani,
770 1707 865 1762 sed
911 1708 1078 1761 oblati
1119 1709 1468 1778 punirentur,
1513 1706 1586 1760 ita
1636 1703 1979 1774 persecutio-

2090 1729 2226 1768 τιον.
2257 1707 2431 1784 *Ηρξε
2487 1713 2532 1766 δ’
2581 1711 2677 1783 ἐτη
2725 1710 3120 1764 ἐννεακαίδεκα
3182 1708 3321 1780 πρὸς
3377 1709 3545 1779 μησὶν
3584 1707 3670 1772 ἐξ.

401 1809 528 1851 nem
577 1798 774 1853 factam
829 1815 950 1854 esse
1000 1799 1298 1855 mitiorem.
1353 1799 1491 1852 Tum
1541 1797 1707 1852 etiam
1759 1804 1984 1852 sanctus

2090 1804 2288 1859 Τούτου
2322 1803 2657 1876 κρατοῦντος
2705 1803 2934 1874 Συμεὼν
2962 1805 2989 1857 ό
3024 1801 3119 1856 τοῦ
3156 1801 3372 1861 Κλοπᾶ,
3407 1799 3668 1868 δεύτερος

402 1885 650 1954 Ignatius
677 1888 819 1942 alter
848 1889 1154 1945 Antiochiae
1180 1889 1492 1962 lecsyrim
1525 1889 1794 1959 pontifex,
1865 1889 1985 1944 vin-

2090 1894 2376 1964 ἀρχιερεὺς
2427 1891 2666 1962 γεγονὼς
2731 1891 3126 1962 Ἰεροσολύμων
3187 1889 3324 1960 μετά
3377 1889 3469 1943 τὸν
3521 1889 3671 1942 θεῖοι

401 1985 527 2033 ctus
572 1979 804 2033 Romam
853 1983 1053 2035 missus
1095 1992 1178 2036 est
1212 1981 1341 2036 :ubi
1386 1997 1511 2035 cum
1555 1981 1750 2035 bestiis
1800 1979 1985 2036 decer-

2096 1984 2376 2051 Ἰάκωϐον,
2407 1987 2814 2056 ἐμαρτύρησεν,
2839 1983 3110 2044 αἰκισθεὶς
3141 1981 3241 2051 μέν
3269 1981 3538 2052 πρότερον
3571 1981 3669 2035 ἐπὶ

405 2069 605 2134 tando,
651 2072 972 2142 martyrium
1018 2073 1272 2129 absolvit.
1306 2073 1368 2129 Ei
1411 2073 1679 2128 successit
1729 2069 1904 2126 lleros
1934 2073 1985 2127 in

2090 2075 2371 2140 πλείσταις
2427 2077 2684 2146 ἡμέραις,
2731 2071 2854 2129 εἶτα
2915 2073 3148 2144 σταυρὸν
3220 2072 3673 2140 καταδικασθεὶς,

403 2161 750 2230 pontificatu.
774 2163 959 2218 Tertio
991 2180 1144 2219 anno
1176 2166 1392 2235 imperii
1423 2165 1663 2236 Traiani,
1699 2164 1989 2220 Clemente

405 2249 572 2304 tertio
613 2249 859 2305 Romano
890 2253 1152 2322 pontifice
1195 2253 1476 2317 defuncto,
1519 2263 1644 2324 post
1682 2254 1988 2310 Ecclesiam

406 2335 654 2393 fidelium
699 2355 896 2397 novem
937 2343 1105 2414 588
1130 2345 1290 2400 annis
1319 2345 1714 2415 gubernatam,
1755 2357 1989 2414 quartus

407 2429 464 2482 in
515 2431 638 2501 ejus
683 2433 867 2490 locum
914 2437 1183 2492 suﬂ‘ectus
1227 2447 1314 2494 est
1363 2439 1702 2494 Erarestus:
1747 2439 1844 2509 qui
1893 2454 1994 2493 an-

405 2517 492 2573 nis
515 2535 612 2574 vm
644 2527 956 2580 sacerdotio
977 2526 1220 2594 functus,
1253 2528 1492 2585 decessit
1527 2530 1838 2586 Alexandro
1861 2545 1992 2586 suc-

412 2624 667 2680 cessore,
709 2617 804 2686 qui
843 2618 1216 2674 Romanorum
1243 2637 1274 2676 ν
1315 2621 1422 2677 fuit
1454 2622 1720 2694 pontifex.
1756 2624 1994 2678 Alexan-

2081 2166 2222 2219 ἐτῶν
2251 2167 2328 2220 ὢν
2351 2167 2548 2221 ἐκατὸν
2575 2182 2637 2221 τε
2667 2169 2763 2221 καὶ
2792 2165 2990 2220 εἴκοσι.
3023 2164 3160 2220 Μεθ’
3191 2164 3252 2218 ὃν
3279 2163 3462 2231 τρίτος
3499 2165 3674 2234 ’ίεροο

2085 2257 2340 2328 σολύμων
2370 2258 2662 2329 ἀρχιερεὺς
2703 2257 2936 2321 Ἰοῦστος
2972 2259 3036 2312 ὲκ
3067 2256 3376 2328 περιτομῆς
3427 2257 3522 2311 καὶ
3566 2257 3672 2310 αὐ-

2085 2351 2174 2414 τὸς
2223 2352 2588 2421 ἐχρημάτισε.
2655 2351 2767 2405 Καὶ
2830 2350 3028 2415 ἄλλους
3075 2350 3131 2404 δὲ
3158 2350 3281 2404 τότε
3328 2349 3559 2413 πολλοὺς
3613 2350 3677 2404 ἐν

2055 2441 2278 2513 ,τόποις
2307 2441 2516 2508 πλείοισι
2572 2441 2915 2514 μαρτυρικοῦ
2959 2441 3148 2504 τέλους
3183 2439 3486 2510 ἀξιωθῆναι
3527 2439 3675 2494 ίστό-

2087 2550 2256 2604 ρησεν
2282 2536 2310 2587 ὁ
2345 2533 2606 2598 Εὐσέϐιος
2625 2549 2640 2566 ⁸
2679 2528 2803 2589 εἶτα
2831 2534 2891 2588 τδ
2921 2521 3126 2604 πλῆθος
3150 2532 3262 2586 τῶν
3295 2532 3671 2602 κτεινομένων

2088 2626 2328 2696 μαθόντα
2377 2627 2468 2680 τὸν
2509 2627 2915 2699 αὐτοκράτορα,
2967 2626 3066 2680 καὶ
3119 2625 3197 2688 ὡς
3244 2625 3398 2678 οὐδὲν
3450 2623 3674 2678 ἀνόσιον

409 2700 608 2760 drinus
660 2722 884 2779 quoque
925 2712 1222 2783 episcopus
1257 2713 1452 2770 ordine
1504 2715 1985 2782 tertius,‘Cerdo,

2090 2717 2442 2786 πράττουσιν,
2505 2718 2622 2772 ἀλλ’
2678 2717 2711 2787 ἢ
2785 2717 3028 2788 πρωῒθεν
3099 2716 3506 2787 ἐξεγειρόμενοι
3579 2715 3678 2768 τὸν

405 2793 512 2852 hac
545 2797 654 2854 vita
691 2802 902 2864 relicta.
942 2804 1185 2859 Primum
1223 2806 1414 2862 habuit
1443 2822 1842 2864 successorem.

2090 2808 2322 2878 Χριστὸν
2353 2809 2614 2881 ὑμνοῦσιν
2659 2809 2752 2864 ἷσα
2785 2810 2928 2881 Θεῷ,
2960 2811 3121 2880 μόνον
3148 2809 3192 2864 δ’
3224 2808 3469 2871 εἰδώλοις
3513 2805 3672 2860 θύειν

404 2891 470 2946 οὐ
499 2891 796 2958 πείθονται,
827 2895 1085 2951 θεσπίσαι
1115 2899 1189 2969 μὴ
1220 2900 1570 2967 ὲκζητετσθαι
1643 2901 1772 2965 τοὺς
1832 2899 2209 2970 κεκλημέιους
2259 2903 2324 2956 ἐκ
2387 2900 2484 2956 τοῦ
2536 2901 2802 2973 Χριστοῦ,
2869 2902 3217 2974 ἐμπεσόντας
3296 2901 3356 2954 δέ
3405 2918 3468 2970 γε
3512 2898 3678 2954 κολά-

405 2981 618 3047 ζεσθαι.
656 2987 763 3040 Καὶ
790 2987 963 3051 οὕτως
990 2989 1242 3057 γενέσθαι
1265 2989 1356 3043 τὸν
1391 2990 1634 3061 διωγμὸν
1672 2988 2062 3060 μετριώτερον.
2127 2988 2263 3044 Τότε
2313 2991 2408 3044 καὶ
2458 2992 2488 3045 ὀ
2541 2992 2814 3064 Θεοφόρος
2881 2993 3169 3062 Ἰγνάτιος,
3235 2991 3494 3056 δεύτερος
3571 2990 3678 3061 τῆς

407 3076 552 3130 κατὰ
600 3079 805 3151 Κοίλην
863 3080 1066 3150 Συρίαν
1134 3081 1468 3153 Ἀντιοχείας
1514 3082 1802 3152 τυγχάνων
1869 3081 2191 3153 ἀρχιερεὺς,
2248 3083 2601 3153 συλληφθεὶς,
2683 3085 2765 3148 είς
2823 3083 3044 3156 Ῥώμην
3094 3083 3357 3154 ἐπέμφθη
3427 3082 3680 3153 δέσμιος,

407 3171 538 3227 ἔνθα
570 3172 782 3244 θηρίοις
811 3174 1138 3245 παραδοθεὶς
1167 3175 1392 3247 διήνυσε
1422 3176 1483 3230 τὸ
1544 3175 1872 3247 μαρτύριον.
1944 3175 2056 3228 Καὶ
2095 3176 2214 3244 μετ’
2259 3177 2423 3230 αὐτὸν
2474 3177 2574 3250 τὴν
2633 3178 2924 3250 ίεραρχίαν
2985 3179 3260 3245 διεδέξατο
3315 3179 3532 3250 Ἥρως.
3583 3175 3680 3246 Τῷ

407 3267 576 3337 τρίτῳ
604 3267 650 3320 δ’
678 3267 788 3321 ἔτει
835 3269 936 3338 τῆς
976 3271 1283 3342 αὐταρχίας
1331 3269 1607 3341 Τραϊανοῦ
1664 3268 1985 3340 Κλήμεντος
2022 3268 2425 3336 ἐκλελοιπότος,
2495 3272 2556 3337 ὃς
2621 3273 2806 3346 τρίτος
2828 3270 2895 3345 ἦν
2921 3275 2980 3328 ἐν
3017 3273 3207 3346 Ῥώμῃ
3230 3273 3548 3344 ἀρχιερεὺς,
3575 3264 3673 3324 καὶ

408 3362 587 3416 ἐτεσιν
631 3364 789 3417 ἐννέα
840 3364 941 3432 τὴν
994 3363 1328 3431 Ἐκκλησίαν
1392 3362 1540 3418 ι’θυνε
1596 3362 1707 3416 τῶν
1751 3361 1984 3425 πιστῶν,
2027 3362 2290 3436 τέταρτος
2355 3368 2690 3440 άντεισήχθη
2737 3369 3084 3442 Εὐάρεστος*
3121 3370 3206 3434 ὃς,
3249 3369 3435 3437 ὄγδοον
3479 3371 3676 3439 ἀρχιε-

413 3453 687 3527 ρατεύσας
716 3455 988 3516 ἐνιαυτὸν,
1017 3454 1276 3524 μετέθετο
1301 3454 1398 3524 τὴν
1429 3454 1708 3525 (mmsis
1764 3453 2122 3524 Ἀλεξάνδρου
2191 3455 2515 3527 διαδεχθεὶς,
2587 3460 2842 3530 πέμπτου
2908 3459 3198 3528 γεγονότος
3239 3461 3349 3512 τῶν
3388 3459 3682 3528 Ῥωμαίων

412 3548 736 3618 ἀρχιερέως.
789 3549 953 3602 Καὶὸ
1001 3547 1102 3619 τῆς
1160 3548 1563 3621 Ἀλεξανδρέων
1611 3548 1754 3604 κατὰ
1825 3550 2018 3622 τρίτην
2093 3549 2250 3615 τάξιν
2307 3553 2612 3618 ἐπίσκοπος
2661 3552 2903 3624 γεγονὼς
2949 3552 3194 3624 Κέρδων,
3237 3552 3514 3624 μεταστάς
3566 3552 3682 3606 τῶν

365 3642 368 3646 ’
413 3640 654 3705 ἐνθένδε,
684 3640 930 3711 διάδοχον
959 3640 1163 3714 ἔσχηκε
1204 3645 1246 3696 Π
1256 3647 1436 3713 ρὲμον.

487 3731 680 3787 XXIII.
725 3732 965 3801 Trajano
1006 3734 1124 3788 sine
1152 3734 1345 3788 liberis
1371 3734 1654 3798 defuncto,
1688 3734 1985 3789 Adrianum

2168 3731 2296 3786 Kl".
2332 3730 2596 3794 Ἀπαιδος
2626 3731 2684 3783 δέ
2721 3729 2994 3802 Τραϊανοῦ
3034 3730 3502 3800 τελευτήσαντος.
3538 3730 3680 3783 Καί-

415 3824 638 3878 Plotina
683 3823 902 3895 Traiani
940 3825 1140 3895 conjnx
1187 3841 1251 3880 ex
1295 3841 1548 3880 amorum
1600 3825 1906 3885 illecebris.
1940 3837 1996 3879 et

417 3914 682 3969 Tatianus
721 3915 843 3985 ejus
884 3923 1233 3985 procurator.
1272 3915 1546 3971 Caesarem
1593 3925 1648 3970 et
1691 3917 1994 3986 imperato-

417 4023 532 4062 rem
577 4007 968 4078 designarunt,
1011 4007 1322 4064 Antiochiae
1363 4010 1554 4081 Syriae,
1600 4010 1690 4064 cui
1735 4017 1992 4079 praeerat,

417 4109 533 4154 tum
563 4107 838 4170 agentem,
861 4108 918 4154 et
948 4099 1244 4171 Trajanum
1269 4099 1533 4156 allinitate
1555 4101 1993 4172 contingentem,

415 4204 482 4244 ac
521 4188 668 4244 illius
711 4205 744 4245 e
769 4189 938 4244 fratre
983 4190 1135 4260 nepti
1173 4199 1286 4244 tum
1330 4191 1681 4246 matrimonio
1722 4193 1993 4246 iunctum.

421 4281 546 4336 Fuit
569 4283 659 4338 ille
689 4281 836 4337 filius
861 4282 974 4338 Afri
997 4284 1251 4351 Adriani,
1283 4285 1366 4340 vir
1387 4286 1683 4342 admodum
1709 4287 1993 4342 eruditus:

415 4375 590 4432 libros
613 4383 670 4430 et
697 4391 860 4431 versu
889 4384 946 4431 et
979 4377 1158 4432 soluta
1189 4379 1441 4434 oratione
1475 4379 1823 4450 conscriptos
1859 4379 1995 4436 reli-

416 4467 539 4538 quit
569 4485 584 4522 :
614 4480 873 4524 caeterum
907 4480 1014 4524 tam
1051 4470 1333 4526 immensa:
1356 4472 1699 4538 ambitionis,
1726 4479 1784 4526 ut
1811 4470 1996 4528 omnia

417 4559 726 4622 affectaret.
751 4577 921 4631 seque
954 4563 1090 4617 nihil
1125 4564 1378 4637 ignorare
1410 4563 1784 4634 profiteretur.
1807 4565 1998 4635 Itaque

417 4653 625 4706 multos
683 4653 866 4722 aliqua
921 4663 1040 4708 arte
1100 4655 1350 4710 celebres
1397 4655 1664 4725 dignitate
1719 4655 1994 4724 privavit:

417 4743 620 4797 multos
664 4743 938 4812 perdidit,
969 4755 1030 4798 ut
1059 4745 1174 4814 ipse
1212 4746 1268 4799 in
1303 4746 1561 4801 omnibus
1592 4747 1868 4802 excellere
1911 4751 1997 4802 vi-

416 4832 664 4888 deretur.
705 4833 888 4905 Quare
927 4835 980 4890 in
1021 4849 1087 4891 eo
1116 4837 1284 4893 nimia
1315 4838 1613 4902 subtilitas,
1669 4841 1995 4906 curiositas,

413 4934 476 4981 et
509 4940 725 4980 morum
769 4927 1010 4983 varietas
1043 4930 1570 4999 reprehendebatur.
1615 4933 1723 4990 Sed
1758 4935 1876 4990 haec
1911 4935 1992 4988 vi-

2100 3821 2243 3890 σαρά
2291 3838 2350 3873 τε
2402 3821 2498 3874 καὶ
2535 3821 2920 3891 αὐτοκράτορα
2961 3819 3054 3872 τὸν
3099 3819 3384 3890 Ἀδριανὸν
3413 3821 3448 3890 ἦ
3481 3836 3542 3872 τε
3575 3820 3674 3872 τοῦ

2098 3911 2370 3980 Τραϊανοῦ
2432 3913 2666 3982 σύζυγος
2719 3913 2990 3978 Πλωτίνα,
3027 3911 3087 3976 ἐξ
3138 3911 3411 3982 ἐρωτικῆς
3466 3911 3680 3981 φιλίας,

2098 4005 2194 4058 καὶ
2259 4007 2288 4056 ὁ
2337 4005 2607 4068 Τατιανδς
2665 4005 2780 4076 (τε)
2842 4005 3145 4076 ἐπίτροπος
3202 4003 3370 4058 αὐτοῦ
3433 4004 3682 4074 γεγονὼς

2096 4095 2412 4162 ἀπέδειξαν,
2453 4099 2511 4151 ἐν
2537 4096 2841 4169 Ἀντιοχείᾳ
2862 4097 2962 4167 τῆς
3003 4097 3204 4167 Συρίας
3238 4095 3520 4163 διάγοντα,
3550 4096 3681 4149 ἐπεὶ

2098 4191 2196 4244 καὶ
2217 4185 2388 4260 ἦρχεν
2421 4189 2615 4260 αὐτῆς,
2647 4191 2927 4262 προσγενῆ
2965 4189 3076 4259 (25)
3123 4206 3180 4242 τε
3229 4188 3361 4241 ὄντα
3393 4187 3678 4256 Τραϊανοῦ

2099 4281 2197 4334 καὶ
2248 4279 2610 4335 συνοικοῦντα
2659 4279 2873 4334 ἐκείνου
2927 4278 3211 4350 άδελφιδῇ.
3264 4272 3374 4332 Ἦν
3420 4277 3467 4331 δ’
3517 4271 3681 4341 οὗτος

2097 4375 2212 4439 υἱὸς
2274 4375 2484 4446 Ἀφρου
2535 4373 2845 4445 ’Δδριανοῦ,
2897 4373 3181 4444 φιλολόγος
3236 4373 3399 4444 ἀνὴρ,
3457 4373 3518 4435 ὃς
3579 4373 3680 4426 καὶ

2099 4467 2383 4536 ποιήματά
2407 4482 2533 4520 τινα
2564 4465 2707 4530 πεζά
2745 4483 2803 4520 τε
2838 4467 2933 4520 καὶ
2961 4466 3019 4518 ἐν
3048 4465 3204 4518 ἐπεσι
3235 4463 3637 4518 καταλέλοιπεν
3659 4481 3675 4494 ·

2099 4559 2395 4621 ἀπλήστως
2438 4558 2496 4612 δέ
2543 4575 2608 4627 γε
2659 4559 2798 4628 πρὸς
2851 4553 3168 4629 φιλοτιμίαν
3213 4557 3356 4627 ἔχων
3401 4557 3582 4610 πάντα
3614 4573 3680 4609 τε

2099 4657 2453 4724 ἐπετήδευσε,
2503 4657 2598 4710 καὶ
2645 4653 2804 4727 ηῦχει
2862 4655 3030 4726 μηδὲν
3085 4655 3331 4723 ἀγνοεῖν.
3363 4651 3526 4705 Ὀθεν
3580 4648 3680 4702 καὶ

2099 4751 2206 4804 τῶν
2235 4752 2295 4804 ἒν
2340 4768 2486 4805 τισιν
2524 4749 2962 4820 εὐδοκιμούντων
3015 4747 3234 4802 καθεῖλε
3286 4743 3546 4814 συχνούς*
3583 4742 3680 4794 καὶ

2098 4845 2158 4896 οὐ
2224 4843 2411 4913 μείους
2466 4843 2773 4908 ἀπώλεσεν,
2809 4841 2878 4894 ἵν’
2929 4841 3094 4904 αὐτὸς
3140 4841 3366 4908 κρατεῖν
3420 4839 3480 4890 ἐν
3534 4836 3677 4888 πᾶσι

2099 4937 2248 5009 δοκῇ.
2272 4937 2593 5011 Ἰξκακίζετο
2629 4937 2728 5006 μὲν
2758 4933 2852 4990 οῦν
2881 4935 2970 4989 διά
3005 4950 3065 4986 τε
3094 4932 3270 4986 ταῦτα
3298 4933 3396 4986 καὶ
3427 4931 3488 4985 τδ
3526 4931 3672 4983 πάνυ

417 5017 517 5082 tia,
553 5017 931 5086 providentia,
966 5019 1266 5090 diligentia,
1305 5017 1733 5094 magnificentia,
1771 5035 1827 5080 et
1864 5026 1985 5080 dex-

2099 5027 2350 5098 άκριόἐς,
2381 5028 2479 5082 καὶ
2515 5029 2576 5082 τὸ
2620 5028 2937 5099 περίεργον,
2975 5025 3072 5078 καὶ
3113 5023 3474 5094 πολύτροπον.
3522 5022 3678 5074 Ἀνε-

421 5119 617 5166 ter.tas
656 5110 864 5182 ingenii
903 5113 1233 5183 pensabant.
1273 5115 1357 5172 Ad
1399 5117 1514 5174 hac
1542 5117 1755 5174 nullum
1787 5119 1985 5174 bellum

2100 5119 2347 5189 λάμϐανε
2409 5119 2466 5173 δέ
2505 5119 2701 5186 ταῦτα,
2726 5119 2818 5174 καὶ
2841 5117 3146 5188 ἐθεράπευε
3187 5115 3247 5168 τό
3276 5131 3336 5168 τε
3378 5129 3675 5186 προνοητι-

1617 5293 1818 5357 Variae
1841 5293 2152 5358 lectiones
2187 5303 2249 5358 et
2281 5303 2468 5359 notae.

637 5455 946 5528 Εὐσέϐιος.
979 5455 1102 5513 Lib.
1135 5474 1212 5513 tv.

495 5527 1025 5600 (21)Σελινοῦντα.
1094 5529 1232 5584 Vide
1277 5527 1606 5600 Cujacium,
1662 5529 1760 5584 lib.
1819 5545 1992 5594 xxvn,

422 5593 656 5666 Ob'serv.
693 5613 815 5666 cap.
835 5599 888 5652 5.

500 5665 612 5739 (ἰῇ)
649 5665 950 5739 Ψτιανός.
994 5665 1266 5739 Corrupto
1308 5668 1452 5738 apud
1478 5668 1840 5739 Xiphilinum.
1881 5669 2003 5722 Ἀτ-

428 5733 630 5798 τιανός.
668 5733 952 5802 Taciauus,
978 5737 1122 5806 apud
1148 5733 1461 5806 Vopiscum,
1499 5733 1713 5798 tametsi
1735 5741 1789 5796 id
1824 5741 2002 5795 nomi-

2099 5461 2188 5515 nis
2220 5459 2372 5514 varie
2398 5458 2584 5514 eﬂ’erri
2633 5460 2689 5515 in
2735 5456 2899 5513 codd.
2937 5471 3069 5512 mss.
3119 5455 3376 5512 observet
3399 5453 3677 5512 Casaubo-

2100 5547 2288 5670 Πηῖέὸ)
2319 5596 2650 5670 Προσγενῆ.
2679 5597 2978 5670 Αάτίιιηιιιιι
3015 5596 3412 5670 consobrinum
3444 5593 3669 5670 Traiani

2104 5665 2276 5723 fuisse
2302 5665 2503 5748 scribit
2526 5668 2868 5750 Spartianus.
2899 5666 3096 5720 Nescio
3136 5682 3236 5721 cur
3265 5667 3382 5725 haec
3419 5665 3584 5720 verba
3619 5665 3675 5718 in

2109 5755 2204 5794 sua
2233 5747 2484 5794 γοῐειυιιο
2514 5747 2762 5793 omiserit
2789 5747 3086 5808 interpres.
