4048 6406
365 431 470 497 9⁸⁸3

1658 438 2060 497 ANNALIUM
2104 439 2232 497 LIB
2298 441 2398 498 Χῖ.

3514 448 3618 513 991

364 549 458 599 κδν
502 544 670 597 αύτοῦ
722 545 817 598 καὶ
852 549 883 616 ἡ
919 547 1213 617 ἐπιμέλεια
1261 546 1355 599 καὶ
1402 546 1462 599 si;
1516 547 1937 618 μεγαλοπρεπὲς

2046 547 2377 616 incipiebat,
2411 558 2589 618 cmp'a
2629 550 2891 617 scdabat,
2931 566 3062 622 Opes
3103 555 3309 610 nemini
3345 572 3444 627 per
3476 561 3622 631 inju-

362 638 457 689 καὶ
512 636 545 704 ἡ
598 635 845 707 δεξιότης
872 650 887 666 ⁸
936 638 1030 690 καὶ
1076 637 1139 690 τὸ
1183 637 1309 707 μήτ’
1340 635 1504 708 ἄρξαι
1536 637 1781 708 πολέμου
1842 640 1937 690 καὶ

360 727 489 786 τοὺς
555 725 871 793 ἠργμένους
950 727 1348 780 καταπαῦσαιο
1407 725 1504 779 καὶ
1574 727 1655 779 ὅτι
1720 727 1937 790 οὐδενὸς

359 816 558 878 ἀδίκως
586 816 841 884 ἀφείλετο
869 818 1153 886 χρήματα,
1188 818 1327 872 ἀλλὰ
1377 818 1472 871 καὶ
1503 819 1725 882 πολλοῖς
1761 820 1937 889 παρέο

362 924 540 976 σχετο,
588 907 821 975 μάλιστα
858 908 1220 978 αύοοριιήτως
1269 910 1364 962 καὶ
1414 910 1540 979 μηδ’
1586 910 1932 977 αἰτούμενος,

363 1000 459 1052 καὶ
483 998 672 1050 πόλεσι
730 998 1071 1068 συμμάχοισί
1120 1016 1178 1051 τε
1223 999 1319 1052 καὶ
1362 999 1661 1070 ὑποφόροις
1703 1001 1934 1062 πάσαις,

358 1088 436 1151 ὡς
467 1089 664 1152 εἰπεῖν,
701 1088 1064 1158 ἐπεκούρησε,
1092 1093 1211 1151 ταῖς
1246 1091 1346 1159 μὲν
1382 1090 1532 1161 ὕδωρ
1566 1091 1925 1159 καταγαγὼν,

360 1183 481 1244 τλϊς
531 1182 589 1233 δέ
623 1181 851 1251 λιμένας
886 1183 1275 1253 οἰκοδομήσας,
1334 1187 1457 1247 ταῖς
1512 1185 1572 1237 δέ
1631 1188 1776 1237 σῖτον
1840 1188 1935 1238 καὶ

362 1272 501 1341 ἔργα
556 1273 653 1325 καὶ
707 1274 969 1342 χρήματα
1033 1278 1128 1327 καὶ
1190 1275 1356 1345 τιμὰς
1417 1276 1540 1339 δούς
1575 1276 1838 1347 (24)·τῷ
1873 1293 1934 1329 τε

360 1365 519 1434 δήμῳ
544 1364 653 1417 τῶν
684 1365 967 1433 Ῥωμαίων
1000 1368 1060 1419 οὐ
1097 1367 1477 1433 θωπευτικῶς,
1508 1368 1625 1422 ἀλλ’
1655 1368 1936 1439 ἐμϐριθῶς

363 1456 758 1527 προσεφέρετο.
808 1458 920 1511 Καί
974 1458 1104 1511 ποτέ
1160 1476 1211 1511 τι
1274 1459 1517 1514 αἰτοῦντι
1574 1460 1936 1530 θρασύτερον,

362 1550 463 1602 οὐκ
491 1548 729 1620 ἔνειμεν,
765 1549 881 1603 ἀλλ’
917 1552 1095 1604 είπείν
1137 1551 1393 1604 ἐκέλευσε
1442 1552 1523 1622 τῷ
1554 1554 1759 1623 κήρυκι
1789 1557 1935 1607 Σιω-

364 1641 636 1710 πήσατεο
671 1641 747 1705 ὡς
792 1640 838 1694 δ’
876 1641 1030 1696 οὐδὲν
1073 1643 1323 1705 είπόντος
1366 1643 1606 1706 ἐκείνου,
1645 1644 1745 1713 τὴν
1778 1647 1937 1713 χεῖρα

365 1733 424 1785 δὲ
478 1733 881 1797 ἀνατείναντος,
930 1734 1273 1803 ἐσιώπησαν,
1328 1735 1388 1787 οὐ
1437 1736 1601 1804 μόνον
1653 1737 1795 1789 κατὰ
1841 1733 1937 1788 τοῦ

365 1826 609 1896 κήρυκος
667 1826 768 1879 οὐκ
824 1825 1149 1895 ἐξώργιστο,
1184 1826 1261 1890 ὡς
1320 1826 1395 1899 μή
1461 1828 1826 1898 πεποιηκότος
1877 1829 1939 1881 τὸ

365 1917 677 1983 κελευσθὲν,
705 1917 844 1970 ἀλλά
869 1921 965 1970 καὶ
997 1917 1168 1988 τιμῆς
1215 1919 1308 1971 τὸν
1334 1918 1507 1988 ἄνδρα
1550 1919 1808 1990 ἠξίωσεν,
1857 1920 1938 1973 ὅτι
1974 1901 2016 1956 Β

372 2007 402 2060 ὃ
428 2005 494 2078 ἦν
529 2007 679 2078 αύτῴ
712 2007 1036 2077 βουλόμενον
1062 2009 1249 2079 ἤνυσε,
1286 2007 1365 2079 μὴ
1393 2010 1635 2079 ἐκφήνας
1664 2010 1725 2062 τὸ
1767 2010 1940 2080 τραχὺ

367 2100 463 2154 τοῦ
518 2100 913 2169 κελεύσματος.
974 2102 1048 2153 Οὐ
1101 2103 1210 2172 γὰρ
1262 2103 1588 2171 ἠγανάκτει,
1632 2104 1685 2155 εἴ
1735 2120 1787 2155 τι
1847 2103 1943 2157 καὶ

372 2191 527 2263 παρὰ
587 2191 820 2262 γνώμην
875 2190 1043 2244 αὐτοῦ
1111 2190 1250 2261 πρός
1324 2207 1473 2254 τινος
1537 2191 1769 2259 ἐγίνετο,
1818 2191 1942 2245 τὸδ’

368 2283 599 2355 ἀφεώρα
634 2284 773 2355 πρδς
821 2283 989 2338 αὐτοῦ
1038 2283 1391 2338 λισιτέλειαν.
1425 2285 1732 2353 Παριόντος
1763 2284 1808 2338 δ’
1841 2285 1942 2337 αύ-

367 2379 467 2432 τοῦ
502 2395 634 2431 ποτε
674 2378 812 2447 γυνή
862 2393 949 2436 τις
1013 2377 1212 2442 ἐδέετο,
1269 2376 1363 2431 καὶ
1415 2376 1664 2440 εἰπόντος
1727 2376 1802 2439 ὡς
1860 2378 1943 2430 Οὐ

368 2469 669 2540 σχολάζω,
721 2467 1090 2539 ἀνέκραξενή
1136 2469 1294 2540 γυνὴ,
1349 2456 1455 2524 Kal
1499 2468 1584 2539 μὴ
1619 2470 1940 2533 βασίλευε.

379 2564 441 2617 ’0
474 2563 531 2616 δέ
552 2564 751 2616 αὐτίκα
780 2579 840 2615 τε
871 2561 1142 2630 ἐστράφη,
1171 2563 1263 2615 καὶ
1291 2563 1562 2634 προσέσχε
1587 2565 1654 2633 τῇ
1687 2562 1941 2633 δεομένῃ.

369 2660 480 2712 Kal
515 2658 690 2714 πάντα
718 2657 786 2710 τὰ
829 2657 1045 2728 μεγάλα
1071 2659 1163 2711 καὶ
1196 2659 1469 2724 ἀναγκαῖα
1497 2659 1598 2709 οὐκ
1639 2656 1771 2727 tota,
1803 2656 1943 2710 ἀλλὰ

374 2750 513 2821 μετὰ
540 2750 649 2804 τῶν
682 2750 985 2820 βουλευτῶν
1020 2751 1281 2822 ἔπραττε,
1314 2750 1422 2802 Kal
1456 2749 1597 2819 μετά
1635 2748 1746 2801 τῶν
1788 2748 1945 2819 πρώ-

368 2860 477 2895 των
508 2842 755 2905 ἐδίκαζεν
787 2843 895 2896 ἀπ’)
943 2841 1205 2912 βήματος,
1239 2841 1380 2896 ὥστε
1417 2840 1841 2910 δημοσιεῦεσθαι
1875 2842 1945 2895 τὰ

370 2934 669 3003 γινόμενα·
698 2936 791 2987 καί
825 2936 941 2997 τοῖς
980 2933 1209 2997 ὑπάτοις
1248 2933 1625 2996 συνδικάζουσι
1656 2932 1770 3004 (95)
1804 2949 1948 3001 παρα

370 3026 598 3094 εγίνετο,
638 3025 724 3080 ἀεί
787 3043 849 3079 τε
886 3026 1015 3096 περὶ
1059 3024 1222 3078 αὑτὸν
1255 3026 1383 3087 τοὺς
1412 3026 1667 3094 ἀρίστους
1703 3020 1818 3095 εἶχε
1850 3026 1948 3078 xal.

370 3121 486 3181 τοῖς
521 3117 765 3189 ἀρίστοις
799 3116 1156 3170 συνεδείπνει.
1186 3117 1292 3170 Kal
1326 3114 1395 3187 ἦν
1424 3117 1574 3188 αὐτῷ
1615 3116 1823 3187 πλῆρες
1861 3116 1948 3169 λό-

2047 636 2185 689 riam
2214 637 2485 705 eripiebat
2509 678 2524 704 ,
2564 639 2658 693 sed
2686 645 2865 703 potius
2893 643 3098 705 multis,
3134 645 3277 700 ultro
3309 651 3617 716 praesertim

2040 741 2151 779 non
2180 736 2404 794 rogatus
2449 728 2710 783 donabat.
2737 730 2977 786 Urbibus
3000 734 3278 798 omnibus,
3312 737 3427 792 sive
3450 738 3617 795 sociis

2040 815 2158 869 sive
2204 816 2565 886 vectigalibus
2607 833 2766 887 opem
2813 821 3071 877 ferebat:
3107 824 3230 879 aliis
3272 843 3411 895 aqua
3446 828 3621 883 intro-

2039 904 2328 971 duceuda,
2380 907 2506 961 aliis
2558 911 2832 979 portubus
2884 916 3278 977 exatruendis,
3345 919 3470 973 aliis
3507 921 3622 974 fru-

2039 1007 2261 1061 mento,
2330 1001 2629 1068 Operibus,
2697 1004 2970 1071 pecunia,
3032 1006 3341 1063 honoribus
3400 1010 3619 1067 dandis.

2038 1091 2316 1147 Adversus
2362 1096 2624 1163 pupulum
2677 1097 2987 1152 Romanum
3037 1115 3147 1153 non
3187 1103 3483 1170 submisse,
3522 1105 3617 1159 sed

2039 1201 2139 1254 pro
2177 1188 2506 1242 auctoritate
2546 1204 2602 1243 se
2636 1191 2866 1260 gerebat
2896 1209 2909 1244 :
2943 1193 3033 1246 cui
3067 1195 3277 1264 aliquid
3320 1196 3620 1265 aliquando

2039 1277 2305 1331 audacius
2338 1280 2639 1348 postulanti
2674 1297 2781 1335 non
2816 1287 3005 1345 cessit,
3037 1284 3131 1339 sed
3165 1301 3473 1355 praeconem
3503 1289 3614 1344 edi-

2039 1384 2164 1424 cere
2191 1371 2354 1440 jussit
2382 1390 2395 1425 :
2434 1373 2639 1428 Tacete.
2660 1373 2762 1440 Qui
2799 1390 2923 1429 eum
2951 1378 3092 1432 nihil
3118 1379 3359 1446 locutus,
3393 1388 3619 1435 extenta

2041 1469 2255 1515 tantum
2300 1478 2464 1517 manu
2515 1464 2795 1520 silentium
2841 1466 3065 1523 fecisset
3091 1486 3119 1523 τι
3148 1485 3257 1525 neu
3301 1472 3464 1527 modo
3505 1488 3618 1527 non

2039 1553 2363 1607 succenSuit
2426 1554 2659 1619 homini,
2715 1557 2874 1625 quasi
2940 1557 3092 1613 dicto
3149 1560 3330 1615 minus
3384 1561 3618 1617 audiens

2039 1643 2255 1707 fuisset,
2292 1645 2389 1699 sed
2422 1655 2477 1700 ct
2512 1647 2776 1701 honorem
2813 1648 3027 1714 habuit,
3056 1652 3201 1719 quod
3234 1652 3286 1705 id
3316 1653 3615 1718 eﬂ‘ecisset,

2040 1734 2189 1802 quod
2219 1736 2492 1799 voluerat,
2526 1736 2866 1792 dissimulata
2898 1740 3115 1809 imperii
3155 1742 3471 1811 asperitate.
3508 1743 3620 1799 Ne-

2042 1841 2150 1894 que
2181 1827 2330 1880 enim
2378 1843 2520 1897 aegre
2561 1828 2801 1895 ferebat,
2841 1831 2885 1884 si
2922 1832 3053 1900 quid
3100 1833 3170 1887 ab
3205 1834 3392 1903 aliquo
3426 1845 3618 1891 contra

2043 1936 2197 1974 suam
2241 1920 2573 1975 sententiam
2607 1920 2794 1984 ﬁebat,
2824 1925 2987 1977 modo
3030 1923 3098 1978 ad
3135 1925 3427 1980 utilitatem
3461 1941 3618 1982 suam

2044 2022 2340 2082 spectaret.
2381 2012 2710 2068 Praeteriens
2754 2013 3072 2083 aliquando,
3118 2030 3242 2069 eum
3288 2019 3503 2072 mulieri
3538 2020 3623 2073 in.

2044 2102 2357 2171 terpellanti
2407 2103 2508 2156 sibi
2544 2119 2648 2156 non
2688 2119 2799 2158 esse
2839 2106 3005 2159 otium
3037 2105 3289 2173 dixisset,
3323 2118 3487 2179 atque
3527 2109 3620 2163 illa

2044 2194 2419 2249 exclamaret:
2457 2195 2600 2265 Ergo
2618 2197 2885 2266 imperare
2920 2195 3056 2263 noli,
3090 2200 3272 2253 statim
3297 2214 3622 2266 conversus,

2044 2301 2165 2341 eam
2218 2287 2449 2341 audivit.
2500 2286 2705 2343 Omnes
2740 2300 2854 2344 ‘res
2906 2305 3135 2360 magnas
3184 2300 3240 2346 et
3282 2290 3623 2348 necessarias

2044 2393 2154 2432 non
2188 2377 2355 2448 589
2394 2379 2610 2448 privato
2648 2382 2901 2447 consilio,
2936 2383 3032 2437 sed
3065 2383 3420 2439 senatoribus
3457 2384 3623 2438 adbi-

2046 2469 2179 2525 bitis
2206 2471 2338 2540 egit.
2364 2470 2500 2527 Cu‘m
2531 2473 2871 2541 primoribus
2892 2475 2981 2544 jus
3018 2491 3116 2544 pro
3156 2475 3418 2530 tribunali
3455 2475 3624 2545 dixit,

2048 2570 2111 2615 ut
2181 2570 2302 2615 acta
2371 2562 2813 2631 publicarentur.
2870 2561 3211 2621 Consulibus
3269 2568 3323 2620 in
3380 2569 3623 2624 concilio

2046 2650 2247 2706 adfuit.
2271 2650 2500 2722 Semper
2534 2654 2828 2723 optimates
2870 2653 3015 2724 apud
3058 2670 3117 2710 se
3154 2655 3369 2722 habuit,
3405 2666 3461 2713 et
3494 2673 3623 2714 cum

2045 2741 2391 2813 principibus
2442 2752 2609 2813 atque
2662 2743 2890 2813 Optimis
2940 2746 3308 2800 concaanavit.
3354 2746 3621 2803 Convivia

2046 2836 2166 2905 ejus
2202 2836 2362 2905 plena
2392 2844 2551 2890 erant
2575 2851 2891 2891 sermonum
2928 2837 3108 2892 omnis
3131 2839 3371 2908 generis.
3402 2839 3625 2895 Amicos

2048 2927 2287 2994 graviter
2314 2937 2645 2997 mgrotantes
2679 2927 2971 2993 invisebat,
3006 2928 3359 2983 familiarium
3395 2943 3622 2984 suorum

2051 3017 2444 3074 festivitatibus
2470 3019 2740 3074 interesse
2776 3019 3012 3074 solebat.
3046 3021 3277 3075 Romam
3314 3020 3406 3075 ubi
3441 3020 3618 3087 venit,

2049 3110 2319 3181 quidquid
2360 3109 2490 3165 fisco
2537 3110 2897 3180 imperatorio
2929 3121 2984 3166 et
3016 3112 3211 3166 aerario
3243 3112 3490 3165 Romano
3522 3111 3625 3166 de-

371 3226 485 3279 γων
524 3208 884 3262 παντοδαπῶν
934 3207 997 3261 τὺ
1038 3209 1335 3263 συσσίτιον.
1371 3209 1510 3271 Τούς
1556 3225 1615 3260 τε
1665 3208 1808 3261 πάνυ
1854 3224 1944 3261 vo-

2051 3202 2303 3265 bebatur,
2341 3202 2598 3257 abolevit.
2644 3203 2965 3259 Provincias
3006 3211 3064 3257 et
3103 3202 3271 3258 urbes
3306 3203 3524 3268 invisit,
3566 3211 3626 3258 et

372 3297 604 3362 σοῦντας
649 3298 758 3351 τῶν
813 3297 983 3366 φίλων
1031 3297 1426 3361 ἐπεσκέπτετο,
1472 3295 1569 3349 καὶ
1626 3295 1948 3366 συνδιῃτᾶτο

371 3390 480 3444 τῶν
508 3390 754 3461 συνήθων
779 3392 892 3454 τοῖς
923 3388 1297 3461 ἑορτάζουσιν.
1335 3386 1491 3442 Ἐπεὶ
1522 3387 1569 3441 δ’
1592 3389 1652 3452 ἐς
1679 3386 1778 3459 τὴν
1817 3386 1951 3439 Ῥώο

375 3499 485 3554 μην
514 3476 640 3553 ἧκε,
667 3481 1000 3553 χρεοκοπίαν
1033 3481 1270 3551 ἐκήρυξε
1318 3482 1432 3543 τοῖς
1466 3479 1693 3549 δφλουσι
1725 3479 1839 3550 (26)
1870 3477 1949 3549 τῷ

376 3573 640 3644 βασιλικῷ
664 3572 875 3644 ταμείῳ
901 3573 997 3627 καὶ
1018 3573 1096 3644 τῷ
1116 3571 1360 3643 δημοσίῳ
1384 3570 1462 3642 τῷ
1485 3571 1593 3624 τῶν
1627 3571 1945 3641 Ῥωμαίων.

374 3661 517 3720 Εἶτα
540 3666 620 3729 είς
650 3664 818 3734 ἄλλην
849 3664 907 3731 ἐξ
943 3663 1110 3733 άλλης
1141 3664 1344 3732 φοιτῶν
1388 3663 1685 3733 ἐπαρχίαν,
1716 3665 1811 3716 καὶ
1843 3664 1947 3725 τὰς

373 3756 561 3828 χώρας
586 3756 976 3819 ἐπεσκέπτετο,
997 3756 1093 3809 καὶ
1120 3756 1218 3818 τὰς
1246 3755 1449 3819 πόλεις,
1477 3756 1573 3808 καὶ
1613 3754 1951 3825 μετεσκεύα-

376 3847 467 3911 ζεν
494 3845 726 3900 ἕκαστον
768 3845 908 3916 πρὸς
939 3845 1000 3899 τὸ
1034 3845 1264 3916 βέλτιον.
1294 3844 1402 3897 Καὶ
1443 3843 1504 3896 οὐ
1540 3844 1609 3897 τὰ
1651 3843 1809 3896 κοινά
1841 3841 1949 3895 τῶν

376 3940 757 4012 στρατοπέδων
796 3938 987 4008 ἐφώρα
1015 3938 1086 3990 δι’
1113 3935 1308 3990 ἐαυτοῦ
1343 3936 1437 3989 καὶ
1477 3935 1709 4005 ἐξήταζε
1760 3935 1945 4004 μόνον,

375 4033 511 4088 ἀλλὰ
532 4034 625 4087 καὶ
658 4032 727 4087 τὰ
761 4031 854 4085 τοῦ
901 4030 1023 4086 καθ’
1068 4030 1323 4085 ἕκαστον.
1385 4029 1496 4083 Kal
1524 4028 1685 4092 ὅσους
1718 4028 1853 4097 πρὸς
1889 4028 1950 4079 τὸ

377 4127 674 4199 ἁδρότερον
701 4122 958 4197 εὕρισκεν
988 4123 1496 4197 ἐκδεδιῃτημένους,
1524 4120 1661 4190 πρὸς
1693 4120 1757 4174 τὸ
1787 4136 1951 4190 στρα-

375 4214 773 4285 τιωτικώτερον
836 4214 1041 4283 μετῆγε
1099 4213 1190 4267 καὶ
1215 4208 1644 4283 μετερρύθμιζε,
1690 4211 1785 4264 καὶ
1838 4211 1950 4264 ἐδί-

375 4304 574 4359 δασκεν
613 4304 757 4375 άπερ
786 4302 893 4358 ἔδει
945 4304 1139 4359 ποιεῖν.
1169 4304 1280 4355 Kal.
1305 4303 1433 4362 τοὺς
1466 4301 1567 4371 μὲν
1607 4301 1796 4369 ἐτίμα,
1823 4302 1951 4364 τοὺς

376 4396 434 4452 δὲ
467 4396 759 4461 ἐνουθέτει,
789 4396 882 4449 καὶ
908 4396 1131 4469 διῃτᾶτο
1169 4393 1560 4464 σκληρότερον,
1603 4392 1670 4447 ἵν’
1702 4393 1851 4464 ὁρώῃ
1883 4394 1945 4445 τὸ

379 4488 773 4556 στρατιωτικὸν
816 4487 1005 4552 αὑτὸν,
1040 4484 1309 4562 καὶοῦτω
1355 4486 1673 4561 διαιτᾶσθαι
1724 4487 1949 4539 κάκεῖνο

2050 3294 2234 3348 omnia
2262 3294 2316 3348 in
2353 3294 2552 3349 melius
2576 3296 2848 3363 provexit.
2875 3295 2994 3350 Non
3032 3290 3623 3365 exercitus'duntaxat,

2050 3384 2146 3439 sed
2201 3385 2369 3439 etiam
2429 3385 2772 3456 singulorum
2828 3386 3063 3441 militum
3124 3386 3343 3457 negotia
3410 3402 3510 3457 per
3564 3401 3625 3443 so

2050 3476 2319 3531 lustrabat
2350 3486 2516 3545 atque
2558 3477 2876 3532 excutiebat
2907 3495 2921 3531 :
2968 3488 3025 3532 et
3057 3493 3197 3547 quos
3225 3478 3293 3532 ad
3328 3478 3617 3533 mollitiem

2050 3568 2358 3624 declinasse
2404 3569 2655 3632 videbat,
2695 3569 2828 3638 quid
2873 3569 3145 3639 agendum
3184 3577 3333 3624 esset
3375 3570 3623 3633 edoctus,
3659 3567 3674 3583 '

2051 3661 2118 3715 ad
2150 3662 2442 3715 militarem
2468 3661 2837 3732 frugalitatem
2864 3660 3186 3728 reducebat,
3218 3661 3356 3716 alios
3386 3662 3629 3716 honora.

2050 3756 2166 3821 bat,
2208 3757 2347 3812 alios
2386 3757 2712 3827 castigabat.
2741 3757 3008 3827 Asperius
3040 3769 3097 3814 et
3130 3759 3248 3828 ipse
3281 3758 3527 3823 vivebat,
3564 3770 3628 3814 ut

2052 3862 2154 3903 suo
2183 3840 2437 3917 exemplo
2473 3848 2679 3902 milites
2726 3848 2793 3903 ad
2835 3849 3082 3903 eamdem
3131 3849 3313 3904 victus
3354 3850 3628 3906 rationem

2051 3938 2440 3994 assuefaceret.
2503 3940 2583 3995 Eo
2640 3951 2801 4010 pacto
2856 3942 3061 3996 milites
3116 3942 3250 3996 tales
3301 3941 3520 4008 eﬂeeit,
3566 3950 3630 3996 ut

2054 4038 2234 4083 turma
2299 4028 2548 4099 equitum
2594 4029 2796 4084 Istrum
2839 4030 2896 4084 in
2943 4031 3112 4085 armis
3150 4030 3309 4085 facile
3358 4038 3625 4087 tranaret.

2051 4119 2172 4185 Quo
2203 4120 2519 4189 spectaculo
2545 4122 2764 4175 attoniti
2808 4120 3053 4184 barbari,
3082 4120 3133 4175 ei
3161 4119 3451 4176 arbitrium
3479 4121 3631 4177 defe-

2054 4209 2252 4265 rebant
2295 4212 2831 4271 controversiarum.
2874 4212 2948 4266 ob
2997 4227 3136 4282 quas
3182 4212 3324 4267 bella
3376 4213 3526 4267 inter
3568 4227 3628 4269 se

2052 4301 2335 4371 gerebant.
2388 4300 2515 4355 Fuit
2560 4301 2729 4356 etiam
2777 4303 3061 4357 venationi
3109 4301 3364 4366 deditus,
3414 4301 3471 4356 in
3519 4317 3629 4371 qua

2053 4392 2301 4448 membra
2336 4392 2547 4462 aliquot
2576 4391 2776 4464 fregit:
2814 4402 2872 4449 et
2903 4394 2960 4447 in
3000 4392 3167 4467 Mysia
3207 4393 3401 4447 urbem
3434 4393 3627 4447 condi-

2054 4468 2157 4553 dit,
2194 4502 2360 4557 quam
2396 4487 2627 4543 Adriani
2666 4489 2992 4544 venationes
3031 4488 3352 4558 appellavit.
3396 4487 3533 4544 Cum
3571 4489 3628 4541 in

377 4578 631 4644 ἐθίζοιτο.
707 4578 989 4632 Ἐντεῦθεν
1058 4579 1187 4642 τοὺς
1256 4575 1601 4647 στρατιώτας
1673 4576 1945 4641 τοιούτους

2055 4579 2291 4651 Egypto
2334 4581 2583 4650 Pompeii
2626 4580 2804 4652 Magni
2844 4581 3161 4650 sepulcrum
3194 4581 3497 4651 collapsum
3540 4581 3631 4634 vi-

377 4670 656 4740 ἐποίησεν,
686 4670 762 4733 ώς
803 4670 901 4723 καὶ
949 4670 1193 4723 ἱπποτῶν
1232 4669 1353 4738 ἴλην
1381 4669 1478 4722 σύν
1516 4686 1579 4737 γε
1623 4671 1735 4733 τοῖς
1765 4669 1951 4733 ὅπλοις

373 4761 468 4814 τὸν
498 4759 711 4832 Ἴστρον
742 4759 1001 4833 εὐμαρῶς
1029 4760 1410 4830 διανήξασθαι,
1445 4762 1541 4815 καὶ
1581 4762 1711 4825 τοὺς
1742 4760 1954 4831 βαρὸάο

2060 4671 2255 4737 disset,
2288 4671 2551 4727 defuncto
2585 4681 2646 4727 ut
2678 4672 2833 4727 heroi
2869 4673 3175 4730 immolavit
3199 4691 3213 4727 :
3237 4681 3293 4728 et
3326 4673 3433 4729 hoc
3466 4687 3632 4728 versu

2056 4763 2441 4832 pronuntiato,

379 4866 507 4921 ρους
533 4850 690 4905 ταῦθ’
706 4853 950 4924 ὁρῶντας
975 4839 1401 4922 ἐκπλήττεσθαι,
1421 4851 1562 4906 ὥστε
1590 4850 1684 4907 καὶ
1712 4852 1950 4923 χρᾶσθαι
1987 4850 2290 4925 διαλλακτῇ
2355 4854 2531 4927 τούτῳ
2563 4855 2643 4927 τῷ
2700 4857 3090 4931 αὐτοκράτορι,
3127 4858 3216 4928 ἐφ’
3253 4855 3337 4923 οἷς
3383 4858 3635 4928 ἀλλήλοις

380 4948 861 5019 ἐκπεπολεμωντο.
900 4946 1235 5012 Ἐσπούδαζε
1261 4945 1319 5000 δὲ
1348 4945 1442 5002 καὶ
1476 4947 1833 5025 περὶηθήρας,
1869 4947 1947 5012 ὡς
1985 4949 2045 5002 ἐν
2094 4948 2325 5013 ταύταις
2365 4949 2459 5005 καί
2530 4954 2656 5007 τινά
2702 4954 2752 5008 oi
2824 4953 2964 5024 μέλη
3014 4954 3372 5024 κατεαγῆνιι.
3424 4956 3528 5008 Καὶ
3577 4955 3636 5008 ἐν

1651 5126 1850 5187 Variae
1880 5125 2184 5190 lectiones
2226 5132 2290 5189 et
2329 5133 2525 5190 notae.

455 5326 565 5402 (ει)
586 5325 737 5402 ΔΤαῖς
772 5324 1045 5402 δρἠσςζτον
1070 5323 1171 5402 καί
1196 5323 1364 5393 ἔργα,
1403 5317 1504 5375 καί
1532 5317 1824 5402 χρήματα,
1854 5317 1952 5402 καί

383 5389 740 5468 τιιὶὰςίδούςῖ.
766 5394 1024 5475 _\]_Volflus
1057 5389 1463 5475 ,ἐργαῆιιιιηετα
1499 5389 1667 5475 vertit
1692 5404 1739 5475 ι
1770 5389 1954 5475 malim

383 5461 565 5539 opera,
599 5478 661 5523 ut
690 5461 909 5537 publica
940 5461 1338 5532 intelligantur,
1364 5476 1486 5530 quas
1516 5461 1806 5513 civitatum
1840 5461 1954 5512 uti-

383 5538 522 5591 litati
556 5535 925 5591 construenda
951 5534 1179 5589 curabat
1200 5533 1491 5591 Traianus.

408 5550 522 5591 llall
556 5550 925 5592 construenda
951 5550 1179 5589 0111⁵21131.
1201 5550 1229 5586 ⁷Ι
1249 5550 1491 5592 τεηωιιιδ.

456 5550 522 5591 an
556 5550 925 5592 construenda
951 5550 1179 5589 euranat
1201 5550 1229 5586 'l
1249 5550 1491 5600 rajanus.

456 5608 569 5677 (25)
598 5604 1049 5677 Συνδικάζουσι.
1097 5602 1176 5656 lta
1207 5617 1339 5655 mss.
1367 5597 1550 5677 _codd.
1579 5605 1633 5651 et
1664 5605 1834 5677 recte,
1861 5613 1955 5651 ne-

384 5669 491 5745 que
522 5669 667 5730 enim
690 5675 849 5730 video
871 5690 970 5729 cur
996 5686 1183 5745 vocem
1215 5671 1481 5745 asterisco
1529 5669 1735 5745 notarit
1785 5669 1960 5745 inter-

389 5738 515 5816 pres
549 5764 561 5800 :
592 5747 798 5817 quippe
839 5743 1179 5806 συνδικάζειν
1196 5741 1520 5795 dicebautur
1543 5739 1653 5793 duo
1679 5738 1950 5803 curtsules,

2050 5320 2144 5389 qui
2162 5319 2804 5391 unajudiciispraeerant.
2824 5320 3030 5391 quibus
3045 5325 3307 5377 intererat
3325 5320 3628 5391 Adrianus.

2130 5391 2240 5459 (26)
2278 5390 2404 5456 Τοῖς
2432 5391 2715 5459 δφλουσι.
2751 5390 3078 5459 Spartianus
3115 5392 3239 5444 :Ad
3281 5390 3633 5460 colligendam

2054 5470 2229 5513 autem
2259 5462 2495 5530 gratiam
2530 5460 2660 5513 nihil
2689 5463 3120 5530 pra'termittens,
3173 5459 3442 5528 inﬁnitam
3473 5478 3633 5530 pecli-

2054 5530 2201 5583 m'am
2236 5546 2353 5599 qua:
2376 5530 2502 5597 ﬁsco
2526 5530 2837 5590 debebatur,
2872 5531 3093 5599 privatis
3124 5530 3438 5584 debitoribus
3472 5570 3485 5585 .
3518 5571 3523 5583 .
3563 5569 3579 5584 .
3613 5569 3629 5588 .

2052 5600 2273 5652 remisit.
2317 5599 2376 5652 Id
2409 5613 2573 5667 porro
2618 5609 2730 5652 tum
2764 5610 2946 5652 actum
2998 5601 3178 5669 ipnuit
3204 5600 3462 5667 Zonaras,
3504 5616 3631 5659 cum

2057 5669 2285 5723 Romam
2316 5670 2486 5732 venit,
2515 5669 2662 5738 quod
2694 5669 2962 5723 hausitex
2995 5671 3190 5726 Dione.
