4048 6410
394 456 509 523 995

1726 457 2051 520 JOANNIS
2088 457 2408 520 ΖΟΝΑΡιίΈ

3556 453 3666 518 €93

394 575 584 648 Μυσίᾳ
622 575 780 630 πόλιν
816 576 1018 647 ᾤκισεν
1042 573 1333 644 Ἀδριανοῦ
1379 574 1554 644 θήρας
1590 573 1704 646 (27)
1735 573 1974 635 καλέσας
2011 573 2206 643 αὐτήν.
2250 573 2342 636 Εἰς
2403 570 2677 639 Αἴγυπτον
2718 569 2774 623 δὲ
2824 568 3030 630 ἀπιὼν,
3057 569 3150 626 καὶ
3212 568 3291 638 τῷ
3319 569 3476 642 τάφῳ
3508 573 3655 642 Πομο

397 675 565 745 πηῒου
589 672 701 743 (28)
733 674 959 740 Μάγνου
984 670 1370 742 διεφθαρμένῳ
1394 670 1702 742 περιτυχὼν
1725 671 1968 740 ἐνήγισε,
2010 668 2105 723 καὶ
2139 670 2286 722 τοῦτ’
2320 664 2445 722 εἶπε
2482 669 2544 721 τὸ
2582 668 2736 732 ἔπος,

496 790 718 861 Templa
748 792 830 843 cui
858 797 1136 859 superant,
1164 789 1363 843 adeone
1390 806 1572 844 carere
1601 790 1889 860 sepulcro?

396 911 824 958 monumentum
857 900 1210 954 instauravit.
1241 900 1443 956 Urbem
1476 902 1529 955 in
1562 902 1847 956 Palwstina
1873 917 1975 971 pro

389 994 610 1051 eversis
643 992 1034 1063 Hierosolymis
1064 992 1366 1046 conditam.
1394 992 1585 1047 IEliam
1607 993 1973 1064 Capitolinam

398 1082 747 1138 nominavit:
774 1088 832 1135 et
856 1097 967 1150 quo
1008 1081 1063 1135 in
1093 1080 1216 1136 loco
1261 1081 1351 1136 Dei
1386 1082 1649 1151 templum
1694 1083 1824 1138 olim
1855 1084 1977 1138 fue-

398 1187 505 1237 rat.
542 1191 609 1231 co
655 1176 709 1231 in
739 1176 863 1230 loco
902 1185 1029 1245 post
1062 1175 1215 1230 .lovis
1254 1177 1440 1230 lucum
1480 1177 1749 1231 condidit.
1799 1176 1973 1234 Judaei

394 1284 532 1323 vero
559 1282 685 1322 eum
728 1282 885 1322 suam
929 1267 1275 1337 metropolim
1318 1284 1347 1321 a
1394 1267 1602 1325 Graecis
1644 1270 1976 1342 alienigenis

400 1361 592 1424 incoli,
622 1369 678 1414 et
705 1360 1027 1429 peregrinos
1060 1360 1113 1413 in
1139 1376 1203 1413 ea
1239 1362 1372 1414 deos
1405 1362 1511 1415 coli
1540 1362 1683 1416 ferre
1710 1379 1817 1417 non
1845 1378 1976 1433 pos-

396 1459 565 1506 sent:
602 1452 731 1506 dum
783 1452 1061 1506 Adrianus
1115 1453 1264 1508 circa
1304 1451 1596 1524 Egyptum
1644 1464 1701 1509 et
1756 1457 1970 1528 Syriam

395 1541 744 1608 versabatur,
794 1551 943 1597 metu
973 1538 1362 1612 quiescebant.
1403 1546 1509 1600 Sed
1543 1562 1668 1601 cum
1699 1549 1827 1604 inde
1861 1551 1975 1605 dis-

282 1630 285 1631 ⁷
392 1630 687 1693 cessisset,
709 1633 1041 1700 opportunis
1081 1634 1322 1703 regionis
1355 1635 1493 1689 locis
1524 1642 1828 1706 occupatis.
1860 1656 1972 1710 quo

390 1734 455 1773 se
490 1719 544 1773 in
572 1728 749 1774 tutum
786 1721 1120 1790 reciperent,
1151 1724 1320 1779 multa
1350 1726 1612 1781 Romanis
1641 1728 1971 1786 detrimenta

387 1819 450 1865 et
476 1812 616 1867 clam
644 1821 700 1867 et
726 1822 916 1883 aperte
947 1814 1273 1870 intulerunt.
1298 1817 1434 1872 Nam
1466 1828 1522 1874 et
1553 1820 1724 1875 Judaei
1754 1837 1819 1876 ex
1848 1838 1968 1876 om-

393 1902 561 1958 nibus
612 1905 916 1973 provinciis
972 1921 1042 1959 eo
1092 1906 1487 1965 conﬂuebant:
1541 1923 1599 1968 et
1646 1914 1970 1984 alienigena:

390 1993 575 2059 multi,
607 2009 704 2063 spe
733 1994 876 2049 lucri
908 1996 993 2051 eis
1024 1996 1459 2066 opitulahantur,
1499 2003 1772 2060 Adrianus
1803 2006 1970 2076 igitur

2004 784 2056 845 Δ
2086 786 2177 853 Τῷ
2205 787 2375 854 ναοῖς
2398 787 2677 855 ,ϐρίθοντι
2714 789 2879 854 πόση
2910 786 3138 852 σπάνις
3164 785 3384 840 ἔπλετο
3408 786 3662 854 τύμϐου.

2078 903 2189 956 Καὶ
2230 901 2292 955 τὸ
2321 904 2516 972 μνῆμα
2571 902 3011 971 ἀνῳκοδόμησεν.
3058 901 3149 953 Ἑν
3201 900 3257 953 δὲ
3317 900 3661 973 Παλαιστίνῃ

2078 997 2235 1049 πόλιν
2263 997 2631 1066 οἰκοδομήσας
2658 996 2778 1048 ἀντὶ
2810 995 2908 1061 τῆς
2954 995 3407 1066 κατασκαφείσης
3450 995 3657 1064 Ἰερου-

2078 1089 2292 1158 σαλὴμ,
2333 1088 2525 1142 Αίλίαν
2579 1087 2966 1141 Καπιτωλίναν
3019 1086 3313 1157 ὠνόμασεο
3371 1086 3468 1140 καὶ
3522 1084 3660 1141 ἔνθα

2076 1181 2272 1253 πρώην
2326 1182 2354 1234 ό
2400 1180 2497 1234 τοῦ
2551 1179 2689 1233 Θεοῦ
2752 1177 2889 1242 νεὼς
2942 1178 3147 1247 ἵδρυτο,
3185 1177 3263 1245 τῷ
3297 1178 3381 1230 Διὶ
3426 1177 3662 1247 τέμενος

2074 1271 2436 1343 ἁνθιδρύσατο
2489 1270 2698 1340 ἕτερον.
2753 1268 3002 1322 Ἰουδαῖοι
3034 1267 3091 1320 δὲ
3127 1266 3202 1339 μὴ
3246 1268 3507 1338 φέροντες
3552 1269 3660 1337 τῆς

2078 1366 2230 1436 σφῶν
2285 1363 2780 1435 παραπολαύοντας
2831 1360 3225 1432 μητροπόλεως
3269 1360 3469 1424 ἄλλους
3515 1362 3659 1433 όρᾷν

2076 1459 2363 1527 (Ἕλληνες
2400 1458 2509 1523 γὰρ
2548 1458 2606 1507 ἐν
2645 1455 2782 1525 αὐτῇ
2836 1453 3286 1524 κατῳκίσθησαν)
3331 1455 3469 1524 μηδὲ
3508 1455 3659 1521 ξενι-

2074 1549 2207 1611 κοὺς
2264 1548 2532 1619 τιμᾶσθαι
2594 1546 2752 1611 θεοὺς
2809 1549 2927 1602 ἐκεῖ
2987 1547 3330 1616 ἀνεχόμενοι,
3393 1549 3500 1610 ἕως
3554 1550 3656 1619 μὲν

2084 1639 2363 1710 Ἀδριανὸς
2434 1638 2589 1707 παρά
2642 1656 2701 1690 τε
2760 1640 2827 1708 τῇ
2880 1638 3143 1706 Αἰγύπτῳ
3198 1639 3293 1690 καὶ
3351 1640 3417 1708 τῇ
3476 1638 3654 1708 Συρίᾳ

2073 1730 2360 1797 διέτριϐεν,
2398 1730 2639 1799 ἠρέμουν
2670 1727 3114 1796 διευλαϐούμενοι
3151 1744 3166 1761 ·
3198 1730 3320 1781 ἐπεὶ
3363 1729 3410 1782 δ’
3438 1730 3653 1781 ἐκεῖθεν

2073 1822 2307 1892 ἀπῆλθε,
2337 1824 2407 1875 τά
2437 1839 2498 1873 τε
2528 1821 2626 1889 τῆς
2655 1820 2843 1889 χώρας
2881 1821 3149 1889 ἐπίκαιρα
3200 1821 3650 1891 κατελάμϐανον,

2074 1915 2143 1969 ἵν’
2191 1914 2367 1983 ἔχοιεν
2424 1912 2565 1966 αὐτὰ
2621 1914 2959 1984 ὁρμητήρια,
2998 1913 3093 1966 καὶ
3134 1913 3305 1968 πολλὰ
3337 1916 3467 1977 τοὺς
3510 1914 3653 1968 Ῥωσο

2075 2008 2273 2077 μαίους
2309 2007 2602 2060 ἐκάκωσαν
2641 2005 2818 2076 λάθρα
2849 2022 2909 2058 τε
2947 2004 3042 2058 καὶ
3080 2006 3410 2074 ἀναφανδὸν,
3443 2009 3553 2061 τῶν
3588 2025 3654 2061 τε

390 2082 562 2138 duces
594 2084 930 2165 clarissimos
964 2095 1157 2142 contra
1187 2088 1312 2145 illos
1353 2091 1523 2158 misit,
1558 2095 1763 2163 quibus
1798 2094 1958 2153 Seve-

2070 2099 2387 2170 ἁπανταχοῦ
2415 2100 2521 2168 γῆς
2560 2097 2834 2152 Ἰουδαίων
2870 2099 3169 2153 συνιόντων
3199 2100 3340 2162 ἐκεῖ,
3380 2099 3475 2153 καὶ
3518 2101 3651 2154 πολ-

388 2189 487 2230 rus
532 2174 713 2230 Julius
748 2176 914 2247 590
961 2178 1225 2249 praefuit:
1269 2182 1367 2252 qui
1406 2199 1533 2239 cum
1574 2186 1846 2250 hostibus,
1894 2189 1958 2245 ob

2075 2191 2184 2248 λῶν
2242 2192 2557 2259 ἀλλοφύλων
2618 2191 2783 2260 ἔρωτι
2841 2191 3069 2261 κέρδους
3108 2191 3651 2263 συνεπικουρούντων

387 2266 807 2323 multitudinem
854 2285 1073 2337 eorum,
1119 2281 1176 2327 et
1214 2275 1680 2344 desperationem,
1722 2296 1832 2336 non
1869 2282 1967 2337 de-

384 2360 727 2415 cernendum
788 2378 910 2419 esse
974 2376 1164 2431 ratus,
1219 2370 1571 2436 prohibendo
1627 2385 1964 2444 commeatu,

384 2446 718 2514 obsidendo,
744 2460 801 2505 et
826 2463 1016 2508 contra
1042 2464 1222 2525 partes
1245 2458 1465 2514 illorum
1490 2466 1806 2532 pugnando,
1835 2483 1965 2537 gen-

387 2545 498 2593 tem
532 2555 653 2594 eam
688 2543 901 2599 tardius
935 2546 1027 2601 ille
1057 2549 1314 2617 quidem,
1349 2553 1446 2606 sed
1475 2554 1672 2611 minori
1709 2573 1833 2612 cum
1865 2575 1963 2629 pe-

385 2630 565 2685 riculo
594 2635 807 2689 attrivit
834 2646 891 2691 et
913 2637 1125 2704 afﬂixit,
1155 2651 1214 2696 ut
1242 2645 1556 2712 paucissimi
1585 2661 1959 2719 superessent.

383 2721 520 2777 Nam
554 2726 778 2781 castella
822 2744 1015 2783 eorum
1043 2747 1074 2784 ι.
1115 2731 1428 2790 ﬁrmissima
1467 2748 1598 2794 sunt
1622 2752 1959 2813 expugnata,

384 2813 505 2881 pagi
543 2829 736 2869 eorum
777 2833 940 2874 acccc
971 2829 1027 2876 et
1057 2838 1232 2877 Lxxxv
1263 2826 1610 2882 celeberrimi
1643 2833 1845 2896 eversi,
1880 2833 1960 2887 vi-

385 2918 571 2957 rorum
606 2921 638 2959 ι)
672 2917 728 2962 et
756 2923 896 2963 Lux
930 2913 1097 2967 millia
1130 2914 1186 2968 in
1219 2916 1634 2975 incursionibus
1663 2931 1720 2976 et
1753 2924 1960 2992 praeliis

381 2994 699 3051 interfecta.
757 2999 962 3057 Eorum
1012 3019 1146 3059 vero
1193 3007 1528 3073 multitudo,
1587 3013 1682 3081 qui
1737 3015 1954 3081 morbo,

376 3086 548 3148 fame,
587 3085 848 3144 incendio
879 3092 1186 3161 perierunt,
1221 3111 1324 3152 nec
1357 3098 1641 3169 inquisita,
1672 3118 1775 3158 nec
1807 3119 1960 3160 como

379 3186 537 3244 perta
576 3188 680 3237 est.
731 3181 868 3238 Tota
921 3185 1143 3255 quidem
1196 3188 1384 3245 Judaaa
1431 3191 1547 3249 fere
1585 3204 1798 3252 vastata
1846 3206 1953 3253 est.

378 3265 555 3331 Quam
618 3271 984 3329 calamitatem
1044 3277 1190 3333 Deus
1252 3280 1523 3353 prodigiis
1583 3285 1953 3346 denuntiavit.

376 3356 514 3414 Nam
547 3359 856 3419 Salomonis
886 3367 1197 3436 sepulcrum
1233 3372 1382 3430 nulla
1411 3375 1656 3431 evidenti
1681 3378 1749 3433 de
1788 3394 1953 3436 causa

2074 2288 2280 2349 αὐτοῖς.
2325 2286 2388 2339 Ὀ
2431 2285 2618 2353 μέντοι
2667 2284 2943 2353 ⁹Δδριανὲ¹>ς
2993 2284 3122 2346 τοὺς
3171 2286 3651 2353 ἐπιφανεστάτους

2071 2377 2181 2432 τῶν
2207 2375 2529 2447 στρατηγῶν
2556 2378 2671 2439 τοῖς
2711 2376 2985 2437 Ἰουδαίοις
3012 2374 3316 2445 ἐπήγαγεν,
3334 2368 3409 2429 ὧν
3433 2376 3649 2447 ἐπῆρχε

2072 2470 2310 2539 Σευῆρος
2347 2468 2563 2530 Ἰούλιος
2586 2483 2600 2497 ·
2635 2467 2693 2531 ὃς
2723 2468 2863 2521 κατὰ
2904 2467 3175 2538 συστάδην
3204 2469 3503 2537 συμϐαλεῖν
3530 2469 3649 2530 1074

2072 2558 2339 2619 ἐναντίοις
2385 2557 2488 2609 οὐκ
2545 2556 2730 2625 ἔκρινε
2768 2556 3075 2628 σύμφορον,
3109 2560 3170 2610 τὸ
3205 2556 3412 2627 πλῆθος
3457 2558 3646 2612 αὐτῶν

2070 2650 2167 2703 καὶ
2195 2650 2295 2719 τὴν
2324 2649 2638 2715 ἀπόγνωσιν
2685 2648 3113 2718 εὐλαϐούμενος.
3141 2649 3364 2720 Τροφῆς
3404 2650 3460 2704 δὲ
3502 2653 3648 2719 σφᾶς

2069 2740 2352 2811 ἀπείργων
2378 2740 2474 2793 καὶ
2518 2739 2879 2804 κατακλείων,
2914 2740 3031 2794 εστι
3074 2740 3119 2794 δ’
3155 2736 3217 2796 οὗ
3247 2744 3341 2795 καὶ
3370 2742 3477 2812 ὅπη
3508 2757 3649 2811 παρ.

2075 2834 2199 2903 ήκοι
2278 2832 2404 2897 τοὺς
2483 2833 2824 2903 στρατιώτας
2883 2832 3103 2903 μοίραις
3161 2834 3344 2888 αὐτῶν
3393 2835 3642 2902 ἐπάγων,

2066 2922 2429 2997 χρονιώτερον
2463 2924 2584 2994 μὲν,
2615 2924 3047 2996 ἁκινδυνώτερον
3077 2925 3135 2979 δὲ
3176 2926 3238 2979 τὸ
3267 2926 3420 2990 ἔθνος
3457 2926 3644 2981 αὐτῶν

2065 3016 2315 3088 ἐνέτριψε
2344 3033 2404 3069 τε
2431 3016 2526 3070 καλ⁵
2557 3017 2951 3087 ἐξετρύχωσεν,
2972 3018 3049 3082 ὡς
3082 3019 3281 3089 κομιδῆ
3316 3018 3644 3090 βραχίστους

2064 3110 2476 3181 περιγενέσθαι.
2513 3109 2756 3179 Φρούρια
2791 3110 2891 3181 μὲν
2923 3110 3033 3181 γὰρ
3076 3110 3259 3165 αὐτῶν
3299 3112 3367 3165 τὰ
3406 3111 3644 3181 κρείττω

2062 3204 2405 3273 πεντήκοντα
2443 3201 2931 3272 κατεστράφησαν,
2982 3202 3169 3271 κῶμαι
3225 3201 3286 3256 δὲ
3329 3202 3494 3257 πέντε
3545 3204 3644 3256 καὶ

2061 3294 2395 3365 ὀγδοήκοντα
2424 3294 2512 3346 ἐπ’
2533 3293 2878 3355 ὲννακοσίαις
2906 3295 3342 3363 όνομαστόταται
3369 3296 3645 3353 κατεσκάς

2063 3403 2267 3455 φησαν.
2305 3385 2545 3455 Ἀνδρῶν
2580 3384 2638 3438 δὲ
2687 3385 2953 3455 μυριάδες
2993 3384 3141 3438 ὀκτὼ
3167 3387 3263 3440 καὶ
3301 3389 3642 3459 πεντήκοντα

379 3450 609 3506 dissiliit
645 3462 704 3510 et
737 3456 980 3511 concidit
1013 3478 1027 3514 :
1069 3459 1185 3530 lupi
1221 3472 1278 3516 et
1317 3464 1521 3533 hyaenae
1559 3470 1758 3525 multas
1793 3474 1958 3528 urbes

2062 3450 2137 3530 ἐν-
2154 3479 2275 3541 ταῖς
2308 3450 2810 3555 καταδρομαῐςνκαὶ
2855 3479 2980 3541 ταῖς
3028 3478 3233 3549 μάχαις
3286 3481 3640 3550 ἐσφάγησαν.

374 3557 574 3599 eorum
619 3560 745 3600 cum
793 3548 1008 3604 ululatu
1066 3552 1362 3612 intrarunt.
1410 3557 1680 3615 Caeterum
1723 3563 1958 3620 Romani

376 3650 601 3705 quoque
643 3638 803 3693 multi
837 3642 1149 3709 perierunt.
1193 3646 1382 3716 Itaque
1418 3651 1696 3709 Adrianus
1732 3649 1857 3712 enin
1889 3660 1959 3716 ad

376 3735 632 3783 senatum
667 3731 976 3798 scriberet,
1024 3736 1229 3793 usitato
1258 3744 1488 3797 exordio
1531 3762 1641 3801 non
1684 3760 1769 3805 est
1799 3768 1956 3818 usus,

377 3816 528 3885 quod
555 3829 672 3876 erat
699 3821 1017 3893 hujusmodi
1045 3843 1059 3881 :
1085 3827 1147 3883 Si
1164 3846 1250 3884 vos
1277 3830 1530 3905 liberique
1558 3840 1718 3893 vestri
1746 3816 1957 3910 ualetis,

371 3910 506 3963 bene
544 3922 625 3967 est
647 3929 669 3968 :
699 3931 794 3987 ego
824 3925 873 3970 et
906 3924 1164 3977 exercitus
1189 3924 1445 3981 valemus.
1489 3929 1552 3983 Et
1584 3931 1676 3987 hic
1705 3932 1835 3991 belli
1861 3934 1960 3992 Ju-

373 4001 515 4055 daici
550 4002 656 4058 fuit
686 4010 888 4063 exitus.

2055 3568 2129 3624 Τὸ
2159 3569 2217 3623 δὲ
2250 3571 2457 3641 πλῆθος
2506 3569 2617 3623 τῶν
2648 3569 2794 3639 λιμῷ
2830 3570 2927 3624 καὶ
2956 3571 3138 3635 νόσοις
3188 3572 3285 3625 καὶ
3324 3573 3461 3642 πυρὶ
3493 3572 3642 3644 φθα-

2056 3663 2264 3735 ρέντων
2356 3661 2779 3734 ἀνεξερεύνητον
2839 3663 3108 3731 τυγχάνον
3166 3665 3269 3717 οὐκ
3341 3663 3639 3732 ἔγνωσται,

2054 3752 2196 3807 ὥστε
2227 3754 2413 3807 πᾶσαν
2443 3752 2628 3822 σχεδὸν
2659 3752 2760 3824 τὴν
2797 3752 3059 3807 Ἰουδαίαν
3090 3753 3467 3824 ἐρημωθῆναι,
3488 3753 3518 3806 ὃ
3544 3754 3643 3806 καὶ

2054 3846 2164 3916 πρὸ
2217 3844 2316 3898 τοῦ
2375 3844 2617 3913 πολέμου
2672 3846 2859 3907 αὐτοῖς
2893 3843 3186 3914 συμϐόλοίς
3234 3845 3350 3897 τισὶ
3395 3845 3459 3897 τὸ
3491 3845 3642 3898 Osis)

2052 3937 2309 4008 ἐνέφηνε.
2344 3936 2422 3990 Τό
2460 3953 2520 3989 τε
2573 3936 2685 4007 γὰρ
2736 3939 3008 4006 μνημεῖον
3041 3936 3137 3991 τοῦ
3177 3936 3526 4007 Σολομῶντος
3575 3935 3640 4000 ἐξ

2054 4029 2319 4098 «magna;
2376 4027 2545 4098 δήλης
2583 4028 2764 4090 αἰτίας
2787 4028 3010 4097 διελύθη
3062 4045 3124 4085 τε
3176 4029 3271 4082 καὶ
3324 4032 3635 4083 συνέπεσε⁸

371 4097 466 4149 καὶ
494 4097 648 4154 λύκοι
672 4104 768 4156 καὶ
798 4103 979 4158 ὕαιναι
1034 4107 1285 4165 πλεῖσται
1319 4115 1394 4178 είς
1424 4116 1523 4179 τὰς
1589 4086 1805 4188 πόλεις,
1837 4126 2020 4181 αὐτῶν
2060 4086 2386 4177 εἰσέπιπτον
2415 4121 2750 4191 ὠρυόμεναι.
2783 4120 2977 4174 Πολλοὶ
3009 4122 3193 4191 μέντοι
3229 4125 3327 4176 καὶ
3367 4124 3638 4194 Ῥωμαῖοι

369 4191 493 4244 τῦτε
542 4194 845 4262 ἀπώλοντο,
880 4198 1032 4253 ὥστε
1084 4204 1180 4256 καὶ
1218 4205 1501 4275 ’Δδριανὸς
1542 4215 1772 4283 γράφων
1809 4219 1948 4289 πρὸς
1981 4220 2080 4287 τὴν
2151 4216 2350 4288 βουλὴν
2397 4215 2458 4270 οὒ
2508 4213 2588 4285 τῷ
2630 4214 2855 4285 συνήθει
2919 4216 3194 4289 προοιμίῳ
3230 4191 3528 4287 ἐχρήσατο.
3559 4216 3639 4269 Τὸ

368 4284 413 4337 δ’
447 4280 534 4355 ἦν’
571 4290 642 4342 Et
678 4291 777 4344 καὶ
826 4295 998 4349 αὐτοὶ
1043 4298 1142 4350 καὶ
1188 4301 1245 4352 ολ
1283 4301 1494 4369 παῖδες
1550 4280 1721 4374 ῠξιιῶν
1791 4280 2115 4381 ﬁrmirem,
2151 4280 2163 4288 ’
2187 4307 2259 4367 εὖ
2304 4280 2403 4367 τᾶν
2464 4280 2595 4380 ἔχοι
2620 4327 2635 4343 ο
2674 4280 2776 4363 καί
2808 4310 2926 4379 ἐγὼ
2963 4280 3043 4364 ’δὲ
3087 4280 3186 4366 καί
3340 4280 3637 4381 στρατεύσ-

361 4399 526 4452 ματα
564 4388 935 4457 ὑγιαίνομεν.
977 4391 1037 4446 'O
1070 4392 1168 4462 μὲν
1201 4395 1265 4465 δὴ
1315 4398 1453 4467 πρὸς
1504 4400 1794 4469 Ἰουδαίους
1839 4410 2075 4479 πόλεμος
2106 4408 2280 4472 οὕτως
2308 4407 2531 4478 ἤνυστο.

443 4475 633 4531 XXIV.
677 4481 1005 4537 Albanicum
1058 4501 1190 4541 vero
1238 4488 1441 4544 bellum
1490 4493 1731 4563 (Albani,
1770 4499 1944 4557 Dione

2123 4503 2251 4555 KA’.
2283 4475 2345 4554 ’ὁ
2370 4499 2428 4555 δὲ
2476 4499 2613 4570 πρὸς
2644 4500 2939 4565 Ἀλϐανοὺς
2993 4502 3124 4570 (eici.
3166 4501 3224 4554 δὲ
3270 4502 3633 4570 Μασσαγέται

366 4579 618 4634 auctore,
640 4571 954 4643 Massagetae
979 4581 1128 4644 sunt)
1147 4595 1178 4632 a
1207 4579 1579 4639 Pharasmano
1601 4597 1683 4643 est
1701 4605 1944 4648 commo-

369 4668 507 4725 tum,
537 4663 632 4731 qui
658 4665 885 4719 Mediam
914 4669 1210 4725 admodum
1245 4674 1456 4739 aﬂl'xit,
1476 4677 1789 4735 Armeniam
1814 4699 1946 4739 vero

365 4760 426 4805 et
468 4753 870 4822 Cappadociam
922 4760 1122 4830 attigit.
1174 4761 1281 4817 Sed
1330 4765 1558 4824 Albanis
1591 4775 1787 4839 partim
1819 4789 1945 4829 mu-

366 4844 598 4898 neribus
644 4845 909 4911 delinitis,
957 4853 1155 4920 partim
1202 4868 1351 4911 metu
1392 4860 1635 4926 aversis,
1674 4865 1944 4921 maleﬁcio

365 4936 654 4993 abstinuit.
693 4938 923 4995 Romam
959 4959 1216 5000 reversus
1247 4948 1551 5017 Adrianus,
1585 4956 1790 5025 populo
1818 4972 1941 5013 ser-

362 5041 492 5079 vum
528 5027 898 5098 aurigantem,
931 5042 991 5089 ut
1024 5035 1077 5089 in
1102 5036 1415 5095 libertatem
1448 5056 1812 5113 assereretur,
1843 5047 1941 5106 ﬂa-

360 5119 599 5186 gitanti,
652 5123 888 5186 restitit,
943 5127 1030 5182 his
1080 5130 1310 5185 verbis:
1353 5133 1536 5203 Neque
1581 5154 1664 5190 me
1704 5139 1941 5195 alienum

356 5227 569 5266 servum
604 5212 847 5269 libertate
886 5219 1109 5284 donare,
1139 5237 1304 5291 neque
1327 5240 1414 5277 vos
1449 5225 1663 5281 domino
1692 5230 1805 5302 eius
1837 5233 1943 5285 vim

353 5306 550 5375 aliene
577 5307 742 5359 decet.
778 5308 915 5365 Cum
943 5328 1010 5367 ex
1047 5315 1319 5383 proﬂuvio
1339 5318 1620 5387 sanguinis
1647 5335 1748 5389 per
1779 5338 1941 5378 nares

2050 4593 2195 4646 κατὰ
2237 4592 2333 4645 τὸν
2372 4594 2571 4659 Δίωνα)
2622 4592 2727 4646 ὑπὸ
2781 4595 3152 4664 Φαρασμάνου
3201 4595 3478 4665 κεκίνητο.
3516 4597 3631 4653 Καὶ

2045 4684 2145 4754 τὴν
2172 4684 2271 4753 μὲν
2300 4684 2514 4754 Μηδίαν
2551 4683 2674 4737 λίαν
2707 4684 2948 4755 ἐλύπησε
2969 4686 3105 4757 (29),
3131 4687 3228 4755 τῆς
3257 4687 3304 4739 δ’
3326 4686 3631 4757 Ἀρμενίας

2046 4777 2140 4828 καὶ
2166 4776 2267 4843 τῆς
2300 4774 2702 4840 Καππαδοκίας
2751 4776 2928 4847 ἥψατο
2960 4779 3078 4846 μὲν,
3119 4778 3232 4831 τῶν
3258 4779 3304 4832 δ’
3351 4779 3630 4838 Ἀλϐανῶν

2046 4865 2125 4936 πῆ
2192 4867 2295 4936 μὲν
2365 4867 2565 4937 δώροις
2645 4869 3000 4933 πεισθέντων,
3069 4871 3145 4939 πῆ
3209 4871 3269 4923 δὲ
3326 4871 3627 4928 δεισάντων

2045 4959 2346 5014 ἐπαύσατο.
2392 4957 2595 5013 Ἐλθὼν
2646 4960 2704 5013 δὲ
2764 4961 2845 5024 είς
2901 4962 3003 5031 τὴν
3037 4961 3257 5032 Ῥώμην
3318 4963 3622 5028 ’Δδριανδς,

2046 5052 2291 5104 αἰτοῦντι
2318 5051 2397 5123 τῷ
2431 5051 2588 5122 δήμῳ
2640 5053 3042 5124 ἁρματηλάτην
3081 5053 3271 5107 δοῦλον
3307 5054 3625 5123 ἐλευθερίας

2043 5143 2227 5209 τυχεῖν
2296 5143 2553 5195 ἀντεῖπεν
2631 5141 2706 5205 ὡς
2767 5145 2850 5196 Οὐ
2940 5143 3233 5211 προσήκει
3279 5144 3408 5199 οὔτ’
3488 5145 3625 5215 ἐμοὶ

2043 5234 2370 5301 ἀλλότριον
2406 5233 2807 5303 ἐλευθερῶσαι
2860 5234 3105 5301 δοῦλον,
3148 5235 3275 5291 οὔθ’
3324 5236 3469 5306 ὑμῖν
3516 5235 3626 5290 τὸν

2043 5325 2349 5393 δεσπότην
2374 5327 2561 5382 αὑτοῦ
2589 5326 2766 5382 τοῦτο
2791 5327 3044 5399 ποιῆσαι
3060 5327 3402 5395 βιάζεσθαι.
3436 5330 3589 5402 Νοσή
3606 5358 3619 5370 -

1552 5477 1751 5539 Variae
1786 5479 2092 5543 lectiones
2136 5488 2198 5543 et
2241 5492 2433 5545 notua.

431 5585 547 5671 ςξῖλ
578 5585 894 5671 ἀδριαιςοῦ
961 5592 1172 5671 θήρας.¹
1235 5596 1611 5671 Spartianus:
1674 5597 1935 5671 Oppidum

361 5651 777 5739 Adrianotherus
804 5661 858 5739 in
889 5651 1290 5739 quodnm'loce,’
1317 5668 1455 5737 quod
1490 5651 1604 5722 illic
1638 5651 1936 5739 et.

358 5735 491 5843 fuit
521 5735 762 5791 venatus,
790 5738 839 5782 et
874 5749 1054 5785 ursam
1089 5735 1353 5791 occidisset
1402 5735 1724 5807 aliquando,
1742 5742 1934 5796 consti-

386 5806 437 5843 ut
469 5832 482 5843 .

386 5806 482 5843 αρε.

435 5861 547 5929 (28)
582 5866 910 5934 Πομπηΐου.
947 5872 1022 5926 De
1046 5871 1288 5944 Pompeii
1312 5875 1380 5933 Μ.
1412 5880 1643 5949 tumulo,
1667 5883 1786 5939 vide
1815 5884 1932 5939 Sal-

2047 5604 2388 5661 masium'ad
2420 5607 2698 5676 Spartian.
2731 5612 2783 5664 in
2815 5610 3079 5668 Adriano.

2117 5676 2229 5744 (99;
2256 5677 2361 5751 Ιςαὶ
2390 5680 2504 5741 τὴν
2528 5682 2642 5745 μὲν
2664 5682 2902 5744 Μηδίαν
2933 5684 3079 5738 λίαν
3105 5684 3398 5751 ἐλύπησε.
3433 5685 3621 5740 lucer-

2041 5753 2155 5798 tuni
2182 5763 2248 5798 an
2287 5747 2400 5800 haec
2424 5764 2583 5802 vena
2609 5756 2918 5809 reterantur
2969 5753 3035 5806 ad
3060 5747 3510 5813 l'liarasznanum.
3545 5772 3615 5813 an

2040 5831 2173 5895 vero
2207 5818 2272 5868 ad
2303 5820 2623 5895 Adrianum.
2664 5821 2842 5895 inquit
2865 5821 3137 5880 Wolﬁus:
3172 5827 3303 5895 sed,
3340 5828 3396 5882 ni
3429 5825 3615 5893 latior,

2042 5890 2358 5942 releruntur
2388 5889 2451 5941 ad
2486 5906 2673 5945 vocem
2703 5894 2961 5961 πόλεμος.
3172 5891 3181 5898 ’
