4048 6412
393 430 500 494 997

1621 424 2028 487 ANNALIUM
2068 425 2218 487 LIB.
2261 427 2369 488 ΧΪ.

3537 428 3645 494 998

389 558 489 604 σας
527 540 580 593 δὲ
610 538 839 609 αἵματος
870 537 1020 608 αὖτῷ
1055 538 1143 591 διὰ
1177 537 1274 607 τῆς
1305 536 1450 610 ῥινὸς
1484 539 1820 607 κενουμένου
1866 537 1962 589 καὶ

2075 537 2187 588 sine
2213 551 2309 605 spe
2331 535 2530 591 salutis
2553 543 2865 607 aegrotaret,
2893 535 3122 591 Lucium
3145 535 3506 592 Commodum
3533 539 3651 595 Cae-

384 631 783 700 ἀπογνωσθεὶς.
819 630 1064 700 Κῦμοδον
1092 628 1326 683 Λούκιον
1363 629 1620 700 Καίσαρα
1666 628 1967 696 Ῥωμαίοις

383 725 597 778 ὰνλπε.
641 724 977 794 Σευηριανὸν
1032 725 1087 777 δὲ
1144 722 1243 776 καὶ
1289 721 1535 775 Φοῦσκον
1587 723 1682 776 τὸν
1739 722 1966 789 ἔγγονον

385 814 836 882 ἀγανακτοῦντας
919 815 1012 867 ἐπὶ
1093 814 1269 885 τούτῳ
1345 815 1654 882 ἐφόνευσεν.
1726 809 1834 865 ἾΙν
1908 813 1965 866 δὲ

385 907 722 977 Σευηριανὸς
755 905 866 977 (50)
900 906 1386 976 ἐνενηκοντούτης.
1429 907 1526 968 Ὃς
1571 904 1966 973 ἀποσφαγῆναι

391 1002 604 1072 μέλλων
661 1000 773 1071 πῦρ
831 999 1003 1070 ᾔτησε
1057 1000 1153 1051 καὶ
1207 997 1420 1067 θυμιῶν
1463 997 1602 1068 ἔφη·
1666 996 1872 1064 Ὑμεῖς,
1921 989 1968 1048 ὦ

388 1093 535 1158 θεοί,
591 1094 726 1146 late
779 1092 867 1144 ὅτι
912 1091 1098 1145 οὐδὲν
1148 1091 1358 1146 ἀδικῶ.
1426 1089 1695 1158 Εῦχομαι
1746 1088 1814 1140 δὲ
1858 1087 1966 1141 τὸν

400 1184 703 1252 Ἀδριανὸν
726 1182 1099 1252 ἐπιθυμῆσαι
1142 1181 1492 1246 ἀποθανεῖν,
1513 1182 1600 1250 μὴ
1664 1181 1964 1234 δύνασθαι

386 1277 473 1332 ὸέ.
513 1275 680 1332 ’Όοεν
728 1277 824 1328 καὶ
879 1275 1111 1345 χρονίως
1145 1277 1382 1346 νοσήσας
1441 1273 1723 1343 Ἀδριανὸς
1754 1272 1963 1343 ηὔξατο

388 1370 654 1432 πολλάκις
702 1369 1036 1437 ἀποσϐῆναι,
1091 1367 1232 1421 ὥστε
1293 1369 1386 1420 καὶ
1449 1367 1644 1419 ἑαυτὸν
1704 1366 1962 1434 ἐθελῆσαι

386 1459 850 1530 διαχειρίσασθαι.
897 1459 955 1511 Ὀ
987 1460 1173 1529 μέντοι
1211 1457 1542 1528 Σευηρ.ανὺς
1569 1457 1664 1510 καὶ
1694 1457 1844 1526 αὐτῷ
1885 1455 1962 1525 τῷ

401 1549 664 1621 ’Δδριανῷ
690 1551 838 1614 ἄξιος
862 1551 959 1619 τῆς
985 1551 1287 1620 αὑταρχίας
1317 1550 1626 1616 νενόμιστο.
1645 1548 1829 1602 Εἰπὼν
1855 1551 1963 1617 γὰρ

387 1648 503 1708 τοῖς
535 1646 710 1712 φίλοις
756 1643 908 1706 ποτὲ,
936 1644 1022 1696 ἵνα
1046 1642 1178 1696 δέκα
1210 1643 1407 1714 ἄνδρας
1434 1643 1690 1712 δοκίμους
1720 1644 1798 1704 είς
1828 1643 1965 1694 αὐτ-

389 1737 588 1806 αρχίαν
653 1735 1050 1804 ὲξονομάσωσι,
1090 1735 1286 1805 μικρόν
1339 1751 1392 1786 τι
1418 1733 1682 1787 διαλιπὼν
1735 1734 1838 1802 ἔφη
1890 1735 1965 1797 ώς

2072 642 2250 681 sarem
2277 628 2650 683 Romanorum
2684 627 2994 698 designavit
3018 645 3032 682 :
3063 628 3361 684 Severiano
3386 639 3442 684 et
3470 631 3648 686 Fusco

2070 732 2295 790 nepote,
2332 723 2426 792 qui
2460 721 2512 775 id
2543 737 2688 792 aegre
2723 721 2998 786 ferebant,
3036 722 3250 776 occisis.
3296 722 3426 776 Erat
3459 733 3644 777 autem

2071 810 2404 866 Severianus
2448 827 2625 867 annos
2669 828 2732 867 xc
2765 821 2946 867 natus.
2991 811 3096 878 Qui
3143 828 3268 867 cum
3313 814 3648 868 occidendus

2068 913 2235 964 esset,
2268 903 2378 972 igni
2423 904 2724 972 postulato,
2763 902 3057 972 sullituque
3087 903 3250 965 facto.
3298 904 3435 958 dixit
3469 921 3484 959 :
3521 905 3644 966 Vos,

2067 1011 2098 1047 ο
2151 995 2227 1048 dii
2269 996 2621 1063 immortales,
2671 998 2835 1050 nostis
2889 1013 2970 1050 me
3014 999 3273 1050 insontem
3320 1014 3450 1052 esse.
3504 998 3649 1050 Illud

2068 1095 2248 1140 autem
2277 1104 2484 1157 precor,
2527 1100 2584 1142 ut
2613 1090 2885 1142 Adrianus
2935 1090 3070 1142 mori
3112 1094 3309 1159 cupiat,
3343 1106 3435 1142 nec
3466 1093 3648 1160 possit.

2067 1179 2146 1234 Ac
2183 1180 2460 1236 Adrianus
2487 1181 2909 1237 diuturnitatem
2959 1183 3138 1237 morbi
3177 1193 3462 1252 pertaesus,
3505 1200 3649 1254 saepe

2068 1281 2300 1327 mortem
2338 1274 2700 1343 eptavitsaepe
2730 1290 2922 1328 manus
2946 1274 3052 1328 sibi
3083 1275 3183 1344 ipsi
3215 1275 3420 1330 aliene
3449 1276 3646 1330 voluit.

2066 1365 2144 1419 Ac
2190 1365 2550 1419 Severianum
2585 1373 2641 1420 et
2677 1366 2793 1434 ipse
2828 1366 3061 1436 imperio
3101 1367 3326 1436 dignum
3358 1366 3645 1433 judicavit.

2065 1457 2202 1512 Nam
2228 1474 2352 1513 cum
2397 1460 2605 1515 amicos
2655 1459 2951 1528 aliquando
3003 1459 3106 1512 sib’i
3159 1475 3190 1512 x
3236 1460 3384 1514 viros
3414 1459 3646 1528 imperio

2068 1550 2262 1618 dignos
2291 1553 2580 1606 nominare
2607 1551 2764 1621 591
2795 1551 3072 1621 jussisset,
3098 1551 3259 1619 paulo
3285 1559 3430 1620 post,
3466 1565 3523 1604 se
3546 1566 3647 1603 no-

2068 1657 2190 1696 vem
2221 1643 2491 1700 duntaxat
2519 1660 2684 1699 nosse
2713 1644 2851 1698 velle
2885 1644 3061 1696 dixit:
3095 1657 3264 1695 unum
3292 1643 3439 1696 enim
3475 1640 3646 1696 Seve-

2070 1733 2289 1787 rianum
2325 1735 2429 1789 sibi
2470 1744 2660 1790 notum
2700 1752 2842 1791 esse.
2882 1737 3130 1791 Fuerunt
3159 1745 3215 1791 et
3255 1736 3443 1792 Turbo
3472 1745 3529 1792 et
3560 1735 3650 1791 Si-

402 1827 590 1881 Ἐννέα
650 1825 788 1880 θέ).ω
848 1826 1073 1895 μαθεῖν’
1106 1827 1198 1879 τὸν
1247 1827 1354 1895 γὰρ
1404 1827 1500 1880 ’ἐνα
1549 1828 1825 1894 γινώσκω,
1873 1828 1966 1881 τὸν

2075 1824 2219 1878 milis
2257 1824 2404 1880 inter
2427 1827 2666 1896 optimos
2715 1828 3030 1883 clarissimi.
3071 1829 3150 1883 Ac
3193 1829 3414 1896 Turbo,
3465 1837 3526 1883 ut.
3564 1829 3647 1883 rei

389 1920 741 1991 Σευηριανόν.
771 1913 954 1972 Ἦσαν
975 1917 1030 1971 δὲ
1060 1919 1154 1971 καὶ
1190 1917 1452 1989 Τούρϐων
1486 1919 1580 1972 καὶ
1610 1918 1825 1990 Σίμιλις
1857 1920 1967 1972 τῶν

389 2013 630 2083 ἀρίστων
691 2011 1144 2080 ἐπιφανέστατοι.
1205 2012 1316 2065 Καὶ
1357 2012 1384 2064 6
1434 2011 1535 2080 μὲν
1566 2011 1828 2081 Τούρδων
1874 2007 1966 2063 οἷα

391 2106 931 2177 στρατηγικώτατος,
989 2105 1228 2174 ἔπαρχος
1308 2103 1568 2172 γεγονὼς,
1622 2106 1800 2158 εῐτουν
1872 2104 1970 2174 ἆρ-

389 2215 502 2268 χων
535 2198 628 2250 τοῦ
655 2195 1040 2268 δορυφορικοῦ,
1089 2196 1163 2258 ὼς
1196 2189 1276 2259 εἷς
1303 2195 1413 2249 τῶν
1443 2195 1654 2250 πολλῶν
1686 2195 1889 2260 διεϐίω,
1909 2194 1969 2258 ὃς

393 2288 593 2342 οὔποτε
641 2289 859 2360 ἡμέρας
909 2289 1049 2341 οῑκοι
1098 2281 1251 2356 ὧπτο
1286 2327 1302 2352 ,
1353 2288 1476 2340 οὐδὲ
1525 2288 1782 2358 νοσήσας,
1830 2287 1970 2340 ἀλλὰ

396 2381 532 2452 πρὸς
591 2380 681 2432 τὸν
737 2378 965 2448 βασιλέα
1039 2378 1298 2448 διέτριϐε.
1360 2378 1469 2430 Καί
1523 2395 1654 2431 ποτε
1715 2377 1967 2432 νοσοῦντι

395 2469 729 2540 ἀτρεμήσειν
751 2467 898 2536 αὐτῷ
922 2467 1017 2520 τοῦ
1045 2468 1446 2537 αὐτοκράτορος
1478 2468 1966 2538 συμϐουλεύοντος,

396 2565 570 2616 εἰπεῖν
621 2563 701 2614 ὅτι
777 2559 890 2614 Τὸν
933 2561 1199 2627 ἔπαρχον
1241 2560 1471 2614 ἑστῶτα
1518 2560 1615 2613 δεῖ
1659 2560 1966 2629 τελευτᾷν.

405 2654 467 2706 Ὀ
505 2653 562 2706 δὲ
589 2651 800 2721 Σίμιλις
833 2651 1020 2721 ἡλικίᾳ
1049 2652 1143 2702 καὶ
1174 2651 1324 2715 τάξει
1353 2652 1614 2722 προήκων
1643 2651 1809 2704 αὑτοῦ
1831 2654 1969 2724 (51),

396 2747 488 2797 καὶ
519 2742 935 2812 ἑκατονταρχῶν
965 2744 1071 2795 ’ἐπὶ
1114 2743 1402 2812 Τραϊανοῦ,
1442 2746 1532 2796 καὶ
1579 2743 1796 2810 κληθεὶς
1837 2743 1967 2814 παρ’

398 2831 564 2884 αὐτοῦ
624 2831 728 2901 πρὸ
780 2831 888 2885 τῶν
957 2833 1239 2900 ἐπάρχων,
1287 2832 1394 2901 ἔφη
1453 2835 1606 2902 αὑτῴ
1667 2834 1966 2886 εἰσελθών·

399 2925 658 2993 Αἰσχρόν
707 2924 856 2986 ἐστι,
910 2924 1160 2992 Καῖσαρ,
1202 2924 1324 2978 τῶν
1367 2925 1646 2996 ἐπάρχων
1697 2927 1973 2982 ἑστώτων

397 3017 534 3079 ἔξω.
567 3015 978 3084 ἑκατοντάρχῃ
1021 3033 1095 3069 σε
1145 3018 1398 3087 ὁμιλεῖν.
1433 3018 1565 3072 Εἶτα
1602 3021 1696 3072 καὶ
1725 3021 1826 3090 τῆς
1861 3022 1971 3074 τῶν

396 3111 717 3182 δορυςεόρων
775 3111 950 3182 ἀρχῆς
1019 3112 1170 3166 ἄκων
1241 3112 1534 3178 ἀξιωθεὶς,
1603 3113 1763 3166 ἔλαϐε
1830 3115 1967 3183 μὲν,

399 3202 596 3274 ἐξέστη
645 3201 690 3256 δ’
737 3202 904 3268 ἑκὼν,
948 3203 1042 3256 καὶ
1099 3205 1157 3256 ὲν
1201 3205 1358 3274 ἀγρῷ
1405 3205 1614 3259 διεϐίω.
1657 3207 1826 3259 Ἔνθα
1877 3207 1970 3260 καὶ

396 3295 680 3365 τέθνηκεν,
706 3297 988 3358 ἐνιαυτοὺς
1011 3296 1128 3346 ἐκεῖ
1156 3295 1447 3365 διατρίψας
1472 3298 1635 3361 ἑπτὰ,
1657 3298 1972 3368 ἐπιγράψας

397 3388 476 3458 τῷ
523 3389 792 3457 μνήματι,
849 3387 932 3439 ὃτι
988 3387 1224 3456 Σίμιλις
1280 3388 1392 3457 (52)
1449 3389 1707 3444 ἐνταῦθα
1765 3391 1971 3456 κεῖται,

392 3482 576 3545 βιοὺς
601 3481 719 3549 μὲν
739 3480 843 3546 ἔτη
875 3480 1028 3533 τόσα
1067 3479 1234 3550 (52“),
1267 3479 1453 3548 ζήσας
1475 3480 1528 3533 δ’
1555 3480 1723 3534 ἑπτά.
1764 3483 1975 3552 Ἀδρια-

398 3576 486 3634 v6;
523 3573 579 3625 δὲ
625 3571 763 3641 φθόῃ
808 3571 854 3625 τ’
904 3572 1108 3643 ἐλήφθη
1140 3575 1202 3624 ὲκ
1240 3573 1444 3642 πολλῆς
1477 3572 1573 3626 τοῦ
1605 3574 1837 3643 αἵματος
1877 3575 1974 3647 ῥύ-

399 3683 560 3727 σεως,
592 3667 688 3716 καὶ
731 3665 927 3733 ὑδέρῳ.
971 3665 1060 3726 Ὠς
1106 3664 1162 3717 δὲ
1201 3663 1228 3715 6
1261 3665 1480 3734 Καίσαρ
1520 3669 1547 3719 6
1584 3665 1817 3728 Λούκιος
1868 3668 1977 3720 Κό-

404 3757 560 3825 μοδος
615 3749 758 3824 αἷμα
809 3753 958 3822 ὲμῶν
1017 3756 1082 3807 ὲκ
1132 3755 1380 3820 πλείονος
1417 3756 1676 3827 ἐξαίφνης
1726 3759 1976 3822 ἐξέλιπεν

398 3847 595 3916 ἀθρόον
649 3845 904 3900 πλείστου
946 3846 1177 3918 αἵματος
1241 3848 1588 3917 ἐμεσοέντος,
1648 3851 1976 3904 συνεκάλεσε

397 3942 528 4000 τοὺς
561 3940 808 4008 πρώτους
836 3938 945 3992 τῶν
973 3937 1298 4009 βουλευτῶν,
1321 3940 1416 3992 καὶ
1447 3935 1600 3993 εἶπεν
1620 3957 1633 3971 ⁸
1680 3943 1792 3995 Τὸν
1822 3943 1978 3995 Λού-

399 4050 531 4087 κιον
581 4033 648 4085 τὸ
715 4032 1031 4102 δαιμόνιον
1092 4032 1375 4102 ἀφείλετο
1432 4033 1624 4101 ἡμῶν.
1656 4031 1852 4103 Εὗρον
1909 4036 1980 4090 δὲ

404 4124 821 4194 αὐτοκράτορα
892 4124 1036 4194 ὑμῖν
1057 4124 1315 4193 εὐγενῆ,
1385 4124 1618 4192 πρᾶον,
1671 4127 1976 4192 εῦεικτον,

401 4219 716 4288 φρόνιμον,
762 4218 904 4286 μήθ’
956 4218 1076 4272 ὑπὸ
1142 4218 1425 4284 νεότητος
1470 4219 1783 4286 προπετὲς,
1838 4220 1980 4290 μήθ’

401 4311 522 4363 ὑπὸ
558 4310 752 4379 γήρως
782 4307 1082 4380 ἀμελέςτι
1121 4308 1476 4377 ποιήσοντα,
1509 4309 1980 4366 τόνἍντωνῖνον

402 4401 728 4470 Δι’·ρήλιον.
765 4403 876 4454 Καὶ
912 4403 941 4454 6
976 4400 1079 4469 μὲν
1128 4399 1303 4460 οὕτως
1355 4399 1774 4471 προκεχείριστο
1815 4401 1980 4453 αὐτου

2070 1916 2326 1971 militaris
2348 1918 2740 1987 peritissimus,
2769 1935 2892 1974 cum
2919 1921 3211 1990 praefectus
3241 1921 3499 1991 praetorio
3567 1921 3651 1975 fa-

2072 2017 2200 2063 ctus
2231 2019 2398 2076 esset,
2434 2018 2492 2064 ut
2516 2026 2659 2066 unus
2681 2027 2711 2065 e
2736 2013 2938 2082 populo
2973 2013 3138 2067 vitam
3164 2014 3345 2084 exegit
3371 2031 3383 2068 :
3415 2027 3516 2067 nec
3542 2029 3648 2067 un-

2069 2117 2234 2172 quam
2275 2103 2348 2157 ob
2374 2112 2699 2174 perpetuam
2746 2119 2873 2158 cum
2911 2106 3248 2173 imperatore
3289 2103 3652 2158 consuetudi-

2070 2207 2196 2246 nem
2229 2193 2377 2248 domi
2401 2235 2416 2258 ,
2453 2196 2584 2250 licet
2631 2205 2938 2266 aegrotans,
2977 2195 3219 2249 interdiu
3269 2195 3422 2249 visus
3457 2201 3564 2248 est.
3603 2193 3650 2247 Α

2070 2301 2181 2355 quo
2220 2287 2523 2357 aliquando
2567 2287 2798 2343 adversa
2834 2287 3158 2342 valetudine
3192 2287 3546 2350 admonitus,
3590 2295 3651 2340 ut.

2071 2379 2242 2448 quieti
2294 2395 2352 2434 se
2401 2381 2590 2443 daret,
2648 2379 2978 2447 respondit:
3039 2377 3353 2448 Pra'fectum
3402 2377 3651 2448 pratario

2069 2482 2296 2526 stantem
2350 2473 2488 2524 mori
2538 2481 2800 2541 oportere.
2857 2469 3069 2525 Similis
3123 2479 3309 2524 autem
3365 2469 3460 2523 illo
3514 2478 3649 2522 natu

2071 2564 2354 2634 grandior,
2389 2571 2445 2616 et
2473 2563 2667 2617 ordine
2723 2562 2895 2630 prior,
2935 2577 3059 2615 cum
3103 2560 3206 2614 sub
3245 2560 3480 2630 Trajano
3517 2575 3652 2614 cen-

2074 2655 2221 2709 turio
2278 2663 2408 2710 ante
2462 2653 2747 2720 praefectos
2799 2654 2869 2707 ab
2923 2653 3012 2706 illo
3067 2661 3296 2706 vocatus
3343 2658 3510 2713 esset,
3560 2651 3647 2705 in-

2072 2762 2294 2815 gressus
2340 2746 2518 2799 dixit:
2579 2745 2752 2816 Turpe
2797 2756 2908 2810 cst,
2955 2745 3168 2810 Ca'sar,
3220 2744 3478 2815 praefectis
3519 2743 3649 2813 [oris

2070 2840 2351 2902 stantibus,
2389 2849 2437 2892 te
2469 2857 2585 2892 cum
2620 2840 2929 2892 centurione
2967 2837 3214 2908 colloqui.
3258 2837 3468 2890 Deinde
3507 2851 3651 2906 pra:-

2076 2935 2216 2988 torio
2244 2935 2552 3003 prmlectus,
2582 2933 2906 3003 dignitatem
2939 2933 3083 2986 illam
3116 2940 3171 2986 et
3194 2931 3399 2984 invitus
3415 2927 3651 2998 accepit,

2075 3037 2130 3081 et
2169 3027 2315 3080 ultro
2360 3040 2424 3078 ea
2463 3026 2775 3094 repudiata,
2814 3025 2929 3077 ruri
2967 3039 3040 3078 vn
3076 3022 3236 3076 annis
3267 3021 3475 3076 exactis
3507 3037 3655 3074 mor-

2079 3127 2227 3180 tuus,
2260 3115 2516 3183 sepulcro
2551 3129 2653 3168 suo
2687 3112 2912 3167 inscribi
2935 3112 3140 3182 jussit:
3177 3110 3379 3164 Similis
3409 3111 3491 3162 hic
3520 3111 3653 3162 situs

2077 3213 2171 3266 est,
2209 3206 2379 3276 quiin
2423 3205 2528 3257 rita
2570 3204 2667 3273 fuit
2715 3210 2789 3254 tot
2832 3202 3026 3254 annis:
3073 3201 3197 3255 vixit
3233 3216 3400 3253 annos
3429 3209 3646 3268 septem.

2075 3298 2350 3351 Adrianus
2394 3311 2526 3351 vero
2566 3312 2634 3350 ex
2682 3294 2998 3349 vehementi
3049 3292 3332 3363 sanguinis
3375 3290 3556 3352 illum,
3595 3298 3654 3345 et

2079 3390 2203 3444 tabe
2224 3399 2276 3443 ct
2301 3404 2441 3458 aqua
2462 3388 2738 3442 intercute
2761 3387 3041 3445 laborans,
3061 3398 3184 3438 cum
3210 3383 3391 3437 Ctesar
3412 3382 3472 3436 L.
3494 3383 3657 3436 Com-

2078 3480 2277 3534 modus
2309 3479 2473 3549 longo
2523 3487 2772 3547 tempore
2806 3475 3135 3545 sanguinem
3174 3487 3398 3528 vomere
3435 3475 3655 3537 solitus.

2079 3572 2372 3628 immodica
2405 3573 2690 3644 egestione
2724 3571 2912 3626 subito
2945 3569 3252 3624 exstinctus
3281 3579 3462 3632 esset,
3504 3570 3660 3637 prii.-

2078 3666 2296 3736 cipibus
2327 3665 2680 3720 senatoribus
2706 3663 3025 3719 convocatis
3059 3662 3196 3716 dixit
3223 3678 3236 3714 :
3265 3660 3484 3714 Lucium
3511 3660 3658 3713 rubis

2079 3761 2294 3830 fortuna
2341 3760 2554 3829 eripuit.
2621 3756 2814 3811 Verum
2864 3759 3040 3827 reperi
3091 3755 3232 3809 vobis
3279 3756 3658 3824 imperatorem

2081 3852 2332 3913 nobilem,
2371 3851 2706 3915 clementem,
2742 3849 2974 3919 facilem,
3004 3849 3312 3919 prudentem
3337 3885 3355 3912 ,
3381 3846 3470 3918 qui
3495 3862 3660 3917 neque

2078 3962 2190 4016 pra:
2227 3944 2581 3998 adolescentia
2613 3951 2826 4006 temere,
2859 3957 3022 4011 neque
3049 3957 3160 4011 pra:
3191 3942 3335 3994 senio
3368 3940 3657 4010 quidquam

2077 4041 2306 4109 segniter
2335 4047 2410 4090 est
2434 4038 2695 4107 facturus,
2727 4035 3002 4089 Aurelium
3033 4036 3380 4088 Antoninum.
3421 4035 3542 4101 Quo
3573 4033 3656 4088 sic

2081 4131 2417 4200 imperatore
2447 4139 2658 4192 creato,
2690 4127 2820 4197 quia
2845 4126 2888 4180 is
2921 4141 3144 4196 quoque
3174 4123 3287 4179 ﬁlio
3313 4125 3558 4190 carebat,
3587 4124 3656 4179 de

2081 4219 2355 4274 secuturis
2427 4217 2858 4287 imperatoribus
2918 4215 3228 4278 sollicitus,
3289 4212 3656 4268 Commodum

2080 4309 2368 4367 Commodi
2418 4309 2590 4363 lilium
2638 4309 2690 4363 ei
2737 4306 3115 4377 adoptandum
3153 4304 3346 4360 dedit:
3395 4303 3488 4375 qui
3529 4319 3657 4359 cum

2085 4414 2213 4458 ante
2256 4401 2494 4457 Catilius
2536 4401 2840 4461 diceretur,
2883 4399 2953 4452 ab
2985 4414 3087 4452 avo
3115 4397 3334 4453 Annino
3380 4397 3545 4460 Vero,
3575 4404 3661 4450 tcr

403 4495 649 4565 κράτωρ.
679 4491 986 4564 Φροντίζων
1019 4491 1077 4545 δὲ
1127 4492 1222 4545 καὶ
1269 4491 1401 4561 περὶ
1452 4493 1562 4547 τῶν
1611 4493 1754 4562 μετὰ
1801 4494 1972 4547 ταῦτα

2088 4496 2315 4550 consule
2345 4505 2403 4549 et
2433 4493 2678 4552 tribuno.
2707 4492 2777 4546 Μ.
2808 4490 3010 4545 Auuini
3039 4489 3166 4544 Veri
3193 4504 3392 4544 nomen
3423 4489 3657 4558 accepit.

407 4585 867 4655 αὑταρχησόντων
911 4584 1215 4654 Ἀδριανὸς,
1250 4584 1373 4636 ἐπεὶ
1419 4585 1652 4657 ἄρρενος
1705 4588 1733 4640 6
1775 4587 1976 4640 Ἀντω-

413 4679 555 4739 νῖνος
593 4675 821 4745 ημοίρει
874 4677 1059 4746 γονῆς,
1115 4677 1208 4730 τὸν
1261 4677 1509 4746 Κομόδου
1567 4678 1683 4732 υίὸν
1737 4681 1980 4751 Κόμοδον

407 4766 560 4836 αὺτῷ
589 4766 926 4836 εἰσεποίησε,
961 4768 1056 4819 καὶ
1104 4765 1334 4834 Μάρκον
1364 4767 1612 4821 Ἀννινον
1649 4769 1830 4840 Βῆρον
1867 4773 1982 4841 (3'5)

405 4859 714 4929 ὠνόμασεν,
744 4858 802 4922 ὃς
830 4859 1090 4922 Κατίλιος
1113 4859 1404 4930 ώνόμαστο
1437 4861 1707 4933 πρότερον
1735 4863 1980 4918 Ἀννίνου

2089 4589 2363 4643 Adrianus
2413 4603 2565 4650 vero,
2625 4601 2749 4640 cum
2805 4602 2903 4656 per
2957 4585 3190 4654 magiam
3242 4595 3299 4638 et
3357 4584 3662 4653 praestigias

2090 4679 2359 4749 quasdam
2407 4677 2703 4747 aliquando
2749 4678 2944 4731 noxios
2986 4675 3247 4731 humores
3290 4674 3658 4738 exhausisset,

2084 4789 2187 4828 nec
2222 4772 2398 4826 multo
2433 4781 2554 4840 post
2592 4769 2714 4824 aliis
2755 4769 3112 4824 cll'lnentibus
3141 4769 3196 4824 in
3223 4768 3344 4824 dies
3380 4771 3536 4839 pejus
3568 4768 3665 4822 ha-

2085 4865 2265 4927 beret,
2298 4871 2532 4916 mortem
2569 4861 2782 4930 optavit
2813 4877 2828 4914 :
2866 4861 2962 4916 sed
2994 4861 3105 4916 voti
3145 4875 3372 4930 compos
3400 4861 3516 4915 lieri
3552 4875 3664 4914 non

404 4952 587 5023 Βήρου
617 4953 1164 5023 τρισυπατεύσαντος
1203 4952 1300 5006 καὶ
1330 4953 1790 5026 χιλιαρχήσαντος
1823 4957 1972 5026 ἐγγο·

2083 4958 2289 5031 potuit,
2314 4973 2444 5013 cum
2469 4972 2635 5012 nemo
2658 4955 2707 5010 ei
2732 4971 2920 5010 ensem
2943 4967 3041 5011 aut
3067 4970 3340 5010 venenum
3369 4953 3662 5023 praeberet.

405 5062 495 5110 νος
527 5044 624 5100 ὢν.
664 5044 874 5118 ’Υδέρῳ
902 5045 961 5099 δὲ
1009 5043 1331 5116 περιπεσὼν
1360 5046 1390 5099 6
1419 5044 1726 5119 Ἀδριανὸς,
1763 5067 1985 5121 μαγγα-

2084 5051 2336 5121 Denique
2369 5063 2496 5104 cum
2531 5050 2773 5120 seipsum
2803 5049 3058 5106 occidere
3088 5065 3197 5104 non
3223 5056 3432 5118 posset,
3461 5045 3663 5102 omissa

1573 5205 1774 5268 Varia)
1804 5205 2119 5272 lectiones
2149 5215 2212 5272 et
2242 5215 2433 5272 notae.

481 5351 593 5421 (30)
623 5350 1010 5418 Σευηριανός.
1035 5349 1352 5405 Servianum
1374 5353 1574 5406 sororis
1604 5355 1775 5407 uirum
1825 5371 1994 5409 nona-

408 5425 664 5494 gesimum
703 5421 830 5494 jam
876 5437 1088 5494 annum
1102 5429 1370 5494 agentem,
1396 5438 1462 5476 ne
1486 5423 1584 5476 sibi
1608 5425 1987 5488 superviveret,

410 5491 547 5546 mori
569 5491 754 5563 coegit.
794 5491 961 5556 Quasi
996 5491 1207 5546 scilicet
1235 5492 1595 5561 aﬂ'ectatorem
1642 5495 1874 5563 imperii,
1913 5497 1994 5548 uti

413 5571 602 5615 narrat
638 5560 984 5630 Spartianus.

486 5631 599 5700 (31)
641 5634 868 5702 Ἡλικίᾳ
923 5631 1022 5702 καί
1057 5631 1222 5694 τάξει
1257 5630 1583 5702 προσήκων

1638 5632 1846 5688 αὐτοῦ.
1905 5631 1984 5687 Ita

2123 5411 2128 5415 ,
2174 5355 2288 5423 ('52)
2317 5357 2571 5424 Σίμιλις.
2622 5355 2864 5424 Σίμιλος,
2914 5351 3168 5424 Symeoni
3225 5351 3542 5424 Logotbeta:
3607 5353 3665 5413 in

2086 5422 2296 5481 Chron.
2324 5422 2420 5479 ms.
2460 5437 2514 5480 et
2545 5422 2819 5488 Cedreno,
2853 5425 2946 5493 qui
2975 5422 3446 5493 LatinisSimilis.

2160 5496 2294 5566 (52‘)
2326 5497 2505 5560 Βιοὺς
2554 5495 2675 5563 μὲν
2731 5495 2838 5563 ἐτη
2871 5492 3076 5547 ίτόσα.
3109 5492 3246 5548 Vide
3277 5492 3456 5548 Gloss.
3513 5495 3662 5552 med.

2087 5565 2307 5620 Griecit.
2345 5566 2398 5617 in
2436 5567 2614 5627 τόσος.

2161 5635 2272 5701 (55)
2313 5622 2591 5688 Ἀννῑνον
2628 5622 2844 5702 Βῆρον.
2871 5634 2945 5689 lta
2971 5635 3133 5688 etiam
3168 5634 3491 5704 Xipbilinus
3513 5675 3526 5699 ,
3566 5636 3663 5690 sed

412 5699 548 5776 Reg.
591 5710 648 5756 et
703 5701 860 5776 Colb.
907 5701 1059 5776 Alter
1113 5703 1238 5776 cod.
1270 5699 1415 5773 apud
1446 5699 1741 5776 Wolﬁum,‘
1781 5706 1840 5754 τὸ
1902 5706 1996 5776 καὶ
2091 5699 2382 5772 legendum
2423 5705 2640 5758 'Avvcov
2684 5699 2874 5760 censet
2920 5699 3269 5776 Sylburgius',
3327 5721 3492 5775 quem
3532 5722 3667 5763 cou-

413 5771 563 5833 τάξει
589 5772 848 5840 praetulit,
881 5771 1026 5840 quod
1061 5771 1497 5829 additamentum
1531 5772 1842 5828 redundare
1873 5774 1995 5827 exi-

415 5842 620 5894 stinfat.

2093 5776 2237 5834 sule.
2264 5790 2319 5844 p.
2348 5776 2475 5830 99:2.
