4048 6398
422 413 530 479 999
1472 466 1477 469 .
1683 409 2005 474 IOANNIS

2152 405 2366 468 mus
3545 391 3688 456 teat
3742 352 3750 363 ’

414 525 724 582 curiosiore
769 524 949 580 victus
1000 522 1235 587 ratione,
1287 521 1427 578 cibis
1477 529 1532 576 et
1588 519 1904 591 potionibus
1953 517 2004 572 ei

2107 516 2282 578 νείαις
2344 512 2445 582 μέν
2500 527 2634 575 τισι,
2689 509 2784 563 καὶ
2846 506 3131 580 γοητείαις
3188 505 3393 562 έκένου
3443 504 3580 559 ποτὲ
3632 506 3694 560 τὸ

416 619 615 673 morbo
665 618 858 672 alienis
915 614 1153 678 utendo,
1203 622 1436 668 mortem
1490 612 1800 667 accersivit.
1849 609 2000 665 Vixit

2101 609 2268 675 ὑγρόν
2292 623 2309 640 ·
2344 607 2413 659 δι’
2439 606 2624 672 ὀλίγου
2663 604 2708 658 δ’
2740 599 2898 666 αὖθις
2924 600 3207 673 ἡθροίζετο
3236 601 3462 670 ἕτερον,
3498 599 3596 651 καὶ
3619 597 3694 661 ὡς

424 725 604 767 annos
644 724 774 774 uti,
808 722 1028 763 menses
1057 723 1110 771 ν,
1159 706 1279 761 dies
1324 721 1450 771 xnx;
1500 703 1791 773 imperavit
1827 715 2003 754 annos

2101 700 2346 753 ἐπεδίδου
2390 698 2525 769 πρὸς
2566 697 2628 752 τὺ
2676 698 2863 767 χεῖρον
2893 696 3003 759 άεὶ,
3039 693 3346 746 ἀποθανεῖν
3389 689 3690 760 ἐπεθύμει,

420 816 554 866 nt,
610 816 801 856 mense
862 814 976 853 uno
1032 798 1280 867 dempto.
1344 795 1461 850 Sub
1517 798 1637 865 ejus
1690 792 2002 863 principatu

2102 794 2207 846 οὐκ
2240 792 2475 863 ἠδύνατο
2508 789 2586 853 δὲ,
2638 788 2867 859 μηδενὸς
2906 787 3058 854 αὐτῷ
3101 785 3347 847 διδόντος
3393 784 3471 852 μὴ
3522 782 3691 848 ξίφος,

423 889 746 946 Alexander
792 888 1113 957 pontificatu
1159 887 1313 940 urbis
1357 886 1546 940 Romae
1576 901 1608 938 χ
1638 884 1795 937 annis
1843 882 2003 951 592

2107 892 2183 959 μὴ
2238 889 2553 958 φάρμακον.
2597 886 2709 939 Καὶ
2743 885 2897 946 τέλος
2952 883 3028 953 μὴ
3064 879 3175 944 οἷός
3237 896 3303 932 τε
3363 880 3445 932 ὢν
3501 877 3693 931 ἑαυτὸν

423 985 673 1043 functus,
718 973 771 1033 in
820 980 986 1032 vitam
1028 978 1331 1033 senectutis
1377 985 1659 1046 expertem
1704 976 2002 1043 migravit:

2105 981 2528 1051 διαχρήσασθαι.
2598 981 2699 1048 τῆς
2754 978 2894 1032 κατὰ
2955 976 3053 1046 τὴν
3117 976 3340 1028 δίαιταν
3403 972 3696 1041 ἀκριϐείας

427 1070 518 1125 cui
541 1071 813 1124 successit
840 1069 1065 1140 Xystus.
1093 1070 1312 1124 Primus
1336 1066 1764 1131 Alexandrinus,
1791 1066 2004 1119 duode-

2110 1076 2317 1144 μεθῆκε
2346 1088 2360 1103 ·
2392 1073 2488 1127 καὶ
2529 1072 2604 1142 μὴ
2636 1073 3011 1141 προσήκουσιν
3045 1068 3337 1136 ἑδωδίμοις
3372 1067 3474 1117 καὶ
3509 1064 3693 1126 ποτοῖς

427 1161 576 1216 cimo
609 1160 962 1229 episcopatus
1003 1174 1149 1212 anno
1194 1157 1508 1220 defunctus,
1554 1158 1770 1211 Justum
1814 1155 2008 1210 habuit

2106 1165 2414 1236 χρώμενος,
2446 1164 2709 1218 κατέλυσε
2744 1163 2845 1233 τὴν
2874 1161 3039 1232 ζωὴν,
3086 1161 3263 1227 ζήσας
3316 1159 3417 1227 ἔτη
3455 1154 3569 1209 δύω
3603 1155 3694 1208 καὶ¹

429 1266 828 1306 successorem.
864 1250 1393 1319 llierosolymitanos
1419 1250 1707 1318 episcopos
1737 1261 1909 1317 usque
1937 1244 2005 1300 ad

2107 1251 2394 1320 ἑξήκοντα,
2425 1249 2561 1317 πρὸς
2627 1247 2763 1318 μησὶ
2795 1246 2961 1299 πέντε
3005 1246 3101 1298 καὶ
3130 1244 3378 1313 ἡμέραις
3407 1237 3690 1294 ἐννεακαί-

428 1344 714 1400 Judaicam
742 1343 843 1397 sub
867 1342 1109 1397 Adriano
1135 1342 1499 1397 defectionem
1529 1342 1697 1395 fuisse
1717 1356 1786 1394 xv
1815 1351 2008 1394 omnes

2108 1343 2263 1407 δεκα,
2300 1342 2659 1411 μοναρχήσας
2688 1340 2746 1393 δὲ
2783 1340 2877 1392 ἐπὶ
2906 1338 3079 1391 εῐκοσι
3128 1336 3223 1388 καὶ
3272 1334 3375 1386 ἕνα
3423 1331 3692 1394 ἐνιαυτὸν,

426 1454 493 1494 cx
539 1437 814 1507 judaismo
859 1434 1333 1490 Christianismum
1400 1432 1703 1502 amplexos,
1762 1444 2006 1485 comme-

2114 1431 2285 1502 μηνὸς
2321 1432 2437 1494 ἑνὸς
2467 1431 2769 1493 λείποντος.
2813 1430 2941 1483 Ἐπὶ
2967 1430 3023 1482 δὲ
3051 1429 3152 1498 τῆς
3180 1428 3498 1500 ἡγεμονίας
3531 1424 3693 1480 αὐτοῦ

429 1538 609 1585 morat
657 1530 968 1584 Eusebius:
1017 1543 1158 1597 quos
1204 1543 1316 1581 non
1359 1526 1451 1580 diu
1500 1526 1707 1579 vixisse
1750 1528 2005 1593 apparet.

2121 1523 2496 1593 Ἀλέξανδρος,
2549 1521 2991 1594 ἁρχισρατεύσας
3073 1524 3132 1575 ὲν
3194 1520 3396 1592 Ῥώμῃ
3472 1519 3694 1573 δέκατον

430 1621 633 1675 Eorum
666 1622 877 1690 primus
908 1620 1013 1674 fuit
1042 1620 1301 1680 Iacobus.
1329 1618 1424 1687 qui
1458 1617 1628 1672 frater
1671 1615 1888 1670 Domini
1917 1614 2009 1668 di-

2112 1617 2252 1680 έτος.
2286 1618 2367 1680 είς
2413 1616 2512 1686 τὴν
2558 1617 2755 1687 ἀγήρω
2797 1615 3002 1685 μετέϐη
3058 1613 3232 1684 ζωήν.
3277 1615 3381 1667 Ὃν
3426 1611 3695 1677 διεδέξατο

427 1717 606 1779 citur;
658 1713 799 1768 alter
830 1713 1091 1783 Symeon,
1143 1711 1338 1765 tertius
1369 1710 1579 1772 Justus,
1619 1720 1850 1778 quartus
1879 1705 2011 1765 ZzLC-

2112 1708 2336 1773 Ξύστος.
2375 1710 2486 1763 Kal
2528 1710 2739 1780 Πρίμος
2758 1709 2839 1776 δὲ,
2872 1708 3275 1775 Ἀλεξανδρέων
3308 1707 3694 1774 ὲπισκοπήσας

428 1801 636 1868 chains,
668 1802 900 1871 quintus
927 1800 1152 1861 Tobias.
1186 1808 1376 1855 sextus
1400 1799 1707 1869 Benjamin,
1740 1799 2007 1866 septimus

2112 1804 2417 1857 δωδέκατον
2468 1801 2739 1863 ἐνιαυτὸν,
2782 1801 2878 1855 καὶ
2941 1798 3291 1868 μεταλλάξας
3338 1798 3443 1868 τὴν
3492 1795 3690 1867 βιοτὴν,

428 1892 690 1959 Joannes,
733 1901 962 1947 octavus
990 1891 1267 1955 Mattlrias,
1297 1906 1479 1944 nonus
1508 1890 1819 1958 Philippus,
1853 1884 2005 1941 deci-

2131 1896 2362 1949 Ίοῦστον
2414 1894 2540 1965 ἔσχε
2572 1893 2841 1962 διάδοχον.
2891 1891 3015 1945 Τῶν
3068 1891 3115 1944 δ’
3172 1893 3234 1944 ὲν
3291 1888 3691 1960 Ἰεροσολύμοις

431 1999 556 2039 mus
581 1985 811 2049 Seneca,
840 1983 980 2037 alter
1009 1983 1199 2038 Justus
1226 1981 1570 2046 undecimus,
1606 1979 1769 2033 Levis
1795 1978 2006 2032 duode-

2112 1987 2426 2042 ἐπισκόπων
2451 1986 2543 2039 τὸν
2563 1986 2799 2057 ἀριθμὸν
2823 1987 2905 2047 εἰς
2932 1984 3337 2038 πεντεκαίδεκα
3371 1982 3690 2054 περιστῆναι

434 2075 638 2141 cimus,
671 2076 886 2146 Ephres
918 2074 1170 2131 decimus
1207 2074 1425 2137 tertius,
1457 2074 1731 2142 Josephus
1760 2072 2007 2125 decimus

2116 2080 2281 2150 μέχρι
2326 2078 2427 2145 τῆς
2481 2077 2624 2131 κατά
2672 2074 2956 2146 Ἀδριανδν
3007 2074 3283 2129 Ἰουδαίων
3328 2073 3689 2134 άποστασίας,

432 2175 688 2238 quartus,
733 2166 904 2222 Judas
952 2166 1206 2222 decimus
1246 2166 1503 2236 quintus.
1554 2163 1724 2234 Xysto
1757 2173 1880 2232 post
1907 2162 2005 2216 de-

2117 2169 2529 2242 βραχυϐίων,ὼς
2557 2168 2727 2232 ἔοικε,
2747 2168 3074 2238 γεγονότων,
3107 2171 3133 2221 ὁ
3165 2168 3439 2231 Εὐσέϐιος
3473 2167 3688 2236 ἱστορεῖ.

432 2258 694 2316 cennium
745 2258 1029 2323 defuncto,
1066 2259 1251 2313 Romae
1300 2258 1569 2313 successit
1610 2255 2006 2324 Telcsmiorus,

2116 2263 2327 2325 πάντας
2386 2262 2430 2314 δ’
2485 2262 2545 2326 ἐξ
2592 2261 2871 2315 Ἰουδαίων
2919 2261 3330 2324 πιστεύσαντας
3397 2255 3584 2314 εἶναι·
3617 2252 3687 2311 ῶν

433 2350 632 2404 ordine
671 2350 961 2420 septimus.
1009 2349 1395 2403 Alexandrinae
1444 2349 1703 2403 Ecclesia:
1732 2348 2008 2419 guberna-

2117 2354 2334 2423 πρῶτος
2370 2350 2436 2424 ἦν
2469 2352 2729 2416 Ἰάκωϐος
2760 2355 2787 2407 ὁ
2821 2352 2914 2406 τοῦ
2945 2353 3151 2423 Κυρίου
3191 2353 3497 2422 λεγόμενος
3525 2350 3692 2404 ’Δδελ-

436 2437 641 2493 tionem
691 2440 999 2502 Eumenes,
1048 2454 1279 2492 numero
1340 2447 1563 2501 sextus,
1608 2446 1691 2493 est
1742 2440 2007 2503 sortitus,

2116 2448 2236 2515 φὺς,
2290 2449 2385 2499 καὶ
2431 2445 2685 2515 δεύτερος
2731 2444 2981 2515 Συμεὼν,
3034 2446 3132 2497 καὶ
3191 2444 3385 2515 τρίτος
3439 2442 3686 2505 Ἰοῦστος,

433 2530 592 2586 Justo
621 2540 747 2602 post
789 2547 993 2587 annum
1042 2531 1395 2589 undecimum
1437 2532 1719 2586 defuncto.
1770 2530 1867 2585 llic
1902 2530 2009 2584 imo

2118 2537 2390 2607 Ζακχαῖος
2422 2539 2708 2608 τέταρτος,
2744 2536 2944 2599 Τοϐἱας
2986 2537 3262 2606 πέμπτος,
3302 2538 3466 2599 ἕκτος
3508 2538 3690 2589 Βενια-

434 2632 661 2692 perator
685 2631 913 2693 propter
934 2621 1234 2678 seditiones
1252 2623 1363 2694 jam
1386 2631 1861 2689 commemoratas,
1887 2630 2011 2694 post

2120 2635 2232 2700 μἐν,
2293 2629 2523 2698 ἕϐδομος
2577 2629 2852 2700 Ἰωάννης,
2901 2629 3087 2698 ὄγδοος
3134 2630 3415 2695 Ματθίας,
3474 2631 3685 2691 έννατος

435 2714 706 2785 insignem
748 2715 900 2769 illum
937 2718 1122 2787 pepuli
1166 2716 1477 2782 interitum,
1527 2716 1732 2772 Judaeis
1761 2718 2008 2788 ingressu

2115 2722 2402 2785 Φίλιππος,
2437 2722 2668 2784 δέκατος
2695 2721 2956 2787 Σενεκᾶς,
2993 2720 3226 2786 Ἰοῦστος
3276 2723 3443 2786 ἄλλος
3471 2720 3686 2776 ὲνδέκαυ

435 2803 946 2875 Hierosolymorum
1002 2815 1061 2861 et
1117 2807 1289 2861 totius
1349 2806 1649 2876 provinciae
1699 2807 2004 2861 interdixit.

2116 2830 2231 2878 τος,
2262 2814 2424 2878 Λευῒς
2478 2812 2536 2867 δὲ
2585 2813 2909 2878 δωδέκατος,
2966 2814 3175 2884 Ἐφρῆς
3215 2813 3683 2884 τρισκαιδέκατος.

435 2896 646 2952 Deinde
692 2914 816 2952 cum
865 2898 999 2953 urbs
1028 2914 1059 2953 a
1102 2898 1405 2970 gentilibus
1452 2899 1813 2963 incoleretur,
1857 2911 1913 2956 et
1942 2900 2011 2956 de

2117 2902 2715 2974 τεσσαρεσκαιδέκατος
2753 2901 2978 2973 Ἰωσὴφ,
3023 2905 3119 2956 καὶ
3147 2903 3360 2966 Ἰούδας
3399 2917 3685 2956 πεντεκαι-

433 2993 661 3047 nomine
689 2992 913 3047 Adriani
943 2992 1085 3048 [Elia
1116 3007 1415 3051 vocaretur
1444 3013 1457 3050 :
1490 2996 1703 3066 primus
1722 2996 1843 3067 ejus
1873 3011 2010 3066 pon-

2118 2999 2362 3062 δέκατος,
2392 2996 2598 3050 Ξύστον
2650 2996 2707 3050 δὲ
2744 2996 2882 3065 μετὰ
2924 2996 3118 3068 χρόνον
3153 2995 3393 3066 δεκαετῆ
3432 2992 3684 3063 τελευτή-

438 3083 569 3139 tifex
598 3093 722 3153 post
748 3085 1109 3142 circumrisos
1137 3086 1243 3143 fuit
1276 3087 1512 3145 Marcus.
1542 3088 1681 3143 Tum
1712 3091 1879 3144 etiam
1913 3088 2011 3145 Sa-

2121 3110 2290 3146 σαντα
2345 3089 2573 3160 ἕϐδομος
2620 3091 2679 3143 ὲν
2742 3086 2927 3160 Ῥώμῃ
2990 3086 3271 3152 διεδέξατο
3327 3085 3685 3154 Τελεσφόρος.

435 3177 727 3243 turninus,
782 3177 1198 3245 Antiochenus,
1247 3180 1514 3235 Basilides
1583 3180 2008 3247 Alexandrinus,

2115 3188 2228 3256 Τῆς
2256 3187 2313 3240 δὲ
2349 3186 2458 3238 τῶν
2490 3182 2891 3256 ’Δλεξανδρέων
2936 3180 3274 3252 Ἐκκλησίας
3320 3180 3421 3253 τὴν
3453 3191 3684 3248 προστα-

439 3276 497 3323 et
557 3267 963 3339 Carpocrates,
1021 3270 1368 3327 diversarum
1422 3280 1702 3328 sectarum
1758 3280 2014 3335 auctores

2111 3282 2236 3337 σίαν
2289 3279 2450 3343 ’ἐκτος
2508 3277 2761 3348 Εὐμενὴς
2817 3273 3203 3345 ἐκληρώσατο,
3262 3273 3504 3327 Ἰούστου
3552 3267 3681 3339 μετᾶ

438 3370 852 3426 nascebantur:
906 3378 963 3425 et
1013 3368 1351 3440 Hegesippus
1411 3369 1700 3440 apostolici
1756 3372 2016 3440 praeconii

2111 3375 2397 3431 ἑνδέκατον
2428 3372 2684 3434 θανόντος
2722 3369 2993 3424 ἐνιαυτόν.
3019 3362 3188 3430 Οὗτος
3215 3366 3313 3421 οὖν
3343 3369 3371 3421 ὁ
3415 3359 3675 3432 αὐτοκρά-

444 3459 801 3518 traditionem
853 3460 1100 3531 quinque
1143 3461 1304 3517 libris
1354 3461 1752 3532 conscripsisse
1798 3463 2011 3519 fertur:

2107 3486 2225 3539 τωρ
2247 3467 2335 3521 διὰ
2361 3466 2459 3528 τὰς
2492 3460 2595 3535 ἤδη
2626 3462 2892 3531 ῥηθείσας
2945 3460 3166 3523 στάσεις
3211 3461 3358 3529 μετὰ
3391 3458 3483 3511 τὸν
3519 3453 3675 3508 πολὺν

437 3560 496 3607 et
518 3550 771 3606 Justinus
794 3550 1187 3622 Philosophus.
1215 3562 1342 3622 post
1368 3554 1530 3608 etiam
1564 3564 1792 3627 martyr,
1817 3571 1848 3610 a
1870 3555 2019 3612 Gran-

2108 3562 2220 3616 τῶν
2272 3559 2544 3614 Ἰουδαίων
2584 3557 2806 3627 ὄλεθρον
2849 3554 2945 3608 καὶ
2994 3554 3172 3623 δόγμα
3214 3553 3438 3618 ἐξέθετο
3482 3547 3679 3603 κωλῦον

438 3644 524 3698 cis
567 3642 876 3712 disciplinis
918 3645 984 3697 ad
1034 3643 1130 3700 Dei
1179 3645 1390 3700 cultum
1437 3646 1674 3700 transiit.
1719 3647 1770 3703 Is
1805 3658 2015 3713 narrat,

2111 3657 2172 3708 τὸ
2198 3654 2353 3715 ἔθνος
2395 3650 2578 3705 αὐτῶν
2625 3648 2938 3703 ἐπιϐαίνειν
2989 3646 3099 3699 τῶν
3147 3644 3561 3715 Ἰεροσολύμων,
3597 3634 3685 3691 καὶ

440 3733 783 3787 Herennium
822 3732 1162 3788 Granianum
1214 3734 1360 3789 Asiae
1399 3737 1793 3805 proconsulem
1877 3739 2016 3793 seri-

2115 3746 2215 3814 τῆς
2237 3741 2422 3813 χώρας
2458 3739 2639 3794 αὐτῶν
2665 3739 2909 3806 ἀπάσης.
2941 3736 3052 3791 Καὶ
3078 3735 3267 3788 λοιπὸν
3298 3734 3359 3799 es
3389 3730 3558 3786 ἐθνῶν
3589 3726 3680 3793 τῆς

437 3825 616 3895 psisse
662 3824 922 3890 Adriano,
949 3840 1067 3879 non
1108 3841 1231 3881 esse
1268 3841 1518 3897 aequum,
1559 3826 1900 3885 Christianos
1943 3831 2015 3886 ob

2118 3836 2328 3897 πόλεως
2356 3832 2717 3900 οἰκισθείσης,
2755 3830 2851 3883 καὶ
2874 3829 3067 3891 Allia;
3098 3825 3402 3898 κληθείσης
3432 3821 3568 3893 (54),
3611 3815 3680 3875 ὡς

441 3917 611 3973 ullum
654 3916 869 3972 facinus
906 3918 1073 3987 plecti
1103 3935 1117 3971 :
1170 3933 1299 3973 eum
1336 3935 1466 3975 vero
1508 3922 1881 3991 respondisse.
1914 3940 2015 3979 ne-

2115 3932 2145 3983 ὀ
2178 3928 2461 3999 Ἀδριανὸς
2484 3922 2845 3996 ἐχρημάτιζε,
2874 3922 3091 3993 πρῶτος
3136 3921 3353 3989 ταύτης
3396 3911 3675 3987 ἀρχιερεὺς

437 4009 643 4063 minem
678 4008 786 4086 nisi
832 4010 1086 4066 criminis
1129 4010 1364 4083 alicujus
1403 4012 1616 4083 judicio
1663 4014 2011 4080 damnatum,

2122 4022 2259 4091 μετὰ
2284 4021 2410 4082 τοὺς
2445 4021 2509 4072 ἐκ
2540 4016 2847 4087 περιτομῆς
2874 4013 3112 4084 κατέστη
3149 4014 3410 4083 Μάρκος·
3441 4008 3560 4061 τότε
3592 4001 3678 4055 καὶ

438 4100 804 4157 occidendum
837 4117 980 4158 esse.

2120 4115 2438 4183 Σατορνῖνος
2477 4109 2804 4179 Ἀντιοχεὺς,
2824 4108 2919 4161 καὶ
2941 4106 3252 4177 βασιλείδης
3281 4098 3674 4169 Ἀλεξανδρεὺς.

436 4198 530 4250 καὶ
560 4197 989 4269 Καρποκράτης,
1031 4198 1298 4270 αἱρέσεων
1328 4201 1610 4275 διαφόρων
1643 4207 1883 4279 πατέρες
1949 4212 2045 4265 καὶ
2084 4210 2324 4282 ἀρχηγοὶ⁵
2390 4206 2777 4277 ἐγνωρίζοντο.
2820 4204 2929 4256 Καὶ
2976 4202 3327 4272 Ἡγήσιππος
3352 4199 3407 4252 δὲ
3433 4196 3552 4249 τότε
3589 4188 3679 4257 τὴν

435 4290 531 4343 τοῦ
573 4293 935 4350 ἀποστολικοῦ
995 4296 1354 4368 κηρύγματος
1426 4301 1726 4367 παράδοσιν
1774 4304 1834 4355 ἐν
1883 4303 2048 4358 πέντε
2084 4306 2264 4374 λόγοις
2316 4301 2742 4374 συγγράψασθαι
2785 4298 3177 4369 άναγράφεται.
3228 4296 3340 4349 Καὶ
3411 4287 3676 4345 ἰουστίνος

435 4388 464 4440 ὁ
492 4386 807 4458 Φιλόσοφος,
838 4390 893 4452 ὃς
933 4392 1226 4461 μετέπειτα
1249 4396 1345 4447 καὶ
1375 4394 1593 4466 μάρτυς
1662 4397 1904 4464 ἐγένετο,
1959 4400 2084 4453 τότε
2116 4401 2258 4471 ,πρὸς
2334 4397 2646 4451 θεοσέϐειαν
2725 4394 2786 4459 ἐξ
2848 4391 3180 4463 Ἑλληνικῶν
3262 4379 3677 4471 σπουδασμάτων

438 4479 719 4548 μετέθετο.
814 4484 913 4544 Ὃς
997 4484 1206 4554 ἱστορεῖ
1256 4485 1530 4555 Ἑρέννιον
1591 4488 1895 4558 Γρανιανδν
1956 4491 2055 4561 τῆς
2116 4469 2326 4553 ’Ἄσίας
2397 4487 2849 4543 ἀνθυπατεύοιτα
2907 4486 3216 4540 ἐπιστεῖλαι
3268 4475 3530 4554 ’Δδριανῷ
3607 4469 3675 4540 μὴ

435 4571 642 4626 δίκαιον
672 4568 812 4627 εἶναι
834 4575 925 4628 ἐπ’
951 4576 1259 4647 ἐγκλήματι
1291 4579 1484 4649 μηδενὶ
1519 4579 1844 4645 κολάζεσθαι
1885 4583 2013 4645 τοὺς
2052 4583 2412 4651 Χριστιανούς
2438 4598 2452 4614 ο
2497 4582 2593 4639 καὶ
2617 4581 2707 4636 τὸν
2748 4581 3025 4648 θεσπίσαι,
3049 4578 3280 4650 μηδένα,
3308 4578 3357 4629 εί
3387 4576 3460 4646 μὴ
3489 4564 3673 4638 ἐγκλή-

442 4679 575 4733 ματι
606 4665 670 4717 ἐκ
700 4667 1036 4737 κατηγορίας
1071 4667 1206 4737 ἁλῷ,
1243 4668 1574 4725 κτείνεσθαι.

3436 4839 3637 4860 -.ι-α·-

1451 5014 1806 5103 LIBER
1884 5011 2714 5107 DUODECIMUS.

512 5204 553 5259 l.
586 5202 863 5258 Antonino
905 5218 1088 5258 rerum
1119 5203 1314 5274 potito,
1373 5220 1538 5274 quem
1572 5206 1849 5260 Adrianus
1880 5205 2013 5261 ado-
2046 5209 2087 5262 D

2068 5211 2087 5262 )
2184 5203 2266 5261 A'.
2296 5206 2752 5277 Αύταρχήσαντος
2787 5206 2845 5261 δι
2899 5207 3235 5273 Ἀντωνίνου,
3263 5205 3320 5270 ὃς
3355 5193 3666 5262 εἰσποιηθεὶς

439 5307 653 5368 ptatum
676 5294 1019 5350 etCmsarem
1053 5308 1109 5351 et
1137 5295 1521 5365 imperatorem
1548 5297 1880 5367 designarat,
1923 5313 2010 5352 se-

2120 5297 2272 5368 παρά
2318 5295 2414 5348 τοῦ
2475 5295 2753 5365 Ἀδριανοῦ
2812 5298 3031 5365 Καῖσάρ
3081 5313 3139 5350 τε
3190 5297 3287 5350 καὶ
3336 5286 3663 5357 αὐτοκράτωρ

436 5399 600 5444 natus
628 5388 871 5444 Adriano
904 5389 1120 5444 divinos
1155 5389 1409 5449 honores.
1463 5390 1533 5444 ob
1568 5389 1900 5444 clarissimos
1933 5390 2013 5443 vi-

2119 5389 2357 5455 ὲγένετο,
2405 5390 2438 5457 ή
2482 5388 2742 5459 γερουσία
2774 5388 2873 5441 οὐκ
2913 5387 3071 5457 ἡθελε
3105 5387 3204 5450 τὰς
3244 5383 3481 5459 ήρωῖκὰς
3516 5372 3662 5441 τιμάς

439 5499 530 5540 ros
554 5481 892 5549 interfectos,
929 5483 1230 5539 decernere
1256 5484 1450 5539 noluit.
1484 5483 1599 5551 Qua
1627 5483 1693 5539 de
1716 5498 1880 5538 causa
1899 5484 2011 5537 An-

2118 5480 2460 5551 ψηφίσασθαι
2504 5480 2582 5551 τῷ
2649 5481 2912 5551 Ἀδριανῷ
2955 5480 3043 5534 διὰ
3088 5481 3280 5549 φόνους
3318 5470 3517 5543 ἀνδρῶν
3551 5468 3649 5517 ἐπι·

1632 5639 1832 5702 Varim
1866 5637 2171 5700 lectiones
2202 5643 2266 5699 et
2308 5642 2501 5699 notos.

446 5761 633 5903 wgf?)
672 5761 778 5814 Καὶ
814 5752 928 5831 ’τῆς
953 5765 1162 5830 Αίλίας
1194 5768 1545 5835 κληθείσης.
1589 5767 1715 5822 limo
1770 5767 1938 5822 verba
1965 5766 2018 5820 in

2066 5762 2248 5820 Gneco
2276 5771 2426 5820 textu
2490 5761 2755 5819 omiserat
2813 5762 2898 5818 vel
2942 5762 3241 5835 interpres,
3300 5759 3382 5818 vel
3435 5753 3664 5827 ιγροετειν
