4048 6434
373 452 500 518 lOOl

1635 447 2046 510 ANNALIUM
2090 449 2243 512 LIB.
2273 449 2418 510 XII.

2276 0 3405 37 Wft’f

3502 451 3638 520 1002

368 564 744 637 φανεστάτων,
775 562 869 628 οὓς
904 566 1113 627 ἐκεῖνος
1150 561 1467 633 εἰργάσατο.
1503 562 1593 614 Διδ
1627 564 1723 615 καὶ
1756 561 1953 615 διειλέ-

2058 564 2281 617 toninus
2303 563 2407 617 alia
2439 562 2593 632 plura
2622 579 2746 619 cum
2768 564 3028 638 lacrymis
3051 567 3333 634 disseruit,
3361 577 3420 625 et
3448 586 3506 624 se
3528 571 3636 623 illis

367 657 474 726 χθη
507 655 691 718 αὐτοῖς
716 655 743 705 ὀ
779 654 1095 714 ’Λντωνῖνος
1126 651 1262 706 ἄλλα
1289 669 1347 703 τε
1378 650 1548 704 πλείω
1576 651 1672 704 σὺν
1699 650 1951 722 δάκρυσι,

368 750 466 800 καὶ
498 748 581 800 ὅτι
644 744 800 799 Οὐδὲ
849 744 965 813 ἐγὼ
1010 744 1125 812 ἄρα
1163 742 1324 811 ἄρξω
1360 742 1550 812 ὑμῶν.
1604 742 1809 796 Πάντα
1844 742 1955 811 γὰρ

368 840 443 893 τὰ
467 839 568 893 ὐπ’
596 838 837 891 ἐκείνου
869 838 1181 906 γενόμενα,
1208 828 1294 887 ὧν
1321 833 1390 887 ἓν
1427 833 1526 888 καὶ
1552 834 1589 903 ἡ
1619 834 1955 902 ἁνάῤῥυσις

368 932 409 999 ἦ
459 929 596 999 ἐμὴ,
649 929 732 996 ὡς
760 928 1048 995 ἐχθίστου
1076 942 1143 979 τε
1171 928 1268 979 καὶ
1319 926 1616 978 κακίστου
1659 925 1954 992 ἀθετηθήο

368 1037 564 1077 σεται.
621 1020 811 1075 Ταῦτα
852 1019 898 1073 δ’
941 1020 987 1090 ὴ
1030 1018 1293 1089 γερουσία
1326 1017 1662 1080 αἱδεσθεῖσα,
1695 1018 1757 1071 οὐ
1803 1020 1953 1086 μεῖον

375 1116 561 1187 μέντοι
595 1113 689 1167 καὶ
728 1112 856 1176 τοὺς
900 1109 1240 1183 στρατιώτας
1285 1109 1671 1179 εὐλαϐηθεῖσα,
1712 1110 1790 1181 τῷ
1837 1127 1953 1162 κει-

374 1209 522 1280 μένῳ
548 1207 648 1270 τὰς
704 1206 874 1274 τιμὰς
930 1203 1258 1274 ἐψηφίσατο.
1317 1201 1560 1270 Εὐσεϐὴς
1598 1201 1642 1254 δ’
1673 1201 1949 1273 ἐπεκλήθη

366 1293 529 1362 οὗτος
586 1300 615 1351 ὁ
679 1296 1019 1364 Ἀντωνῖνος,
1061 1296 1299 1367 δτιᾶρτι
1330 1294 1430 1364 τῆς
1485 1295 1785 1364 αὐταρχίας
1845 1296 1954 1364 ἡμ-

374 1393 536 1462 μένου
571 1387 759 1451 αὑτοῦ,
817 1387 1001 1441 πολλοὶ
1045 1387 1337 1456 γεγόνασιν
1395 1388 1490 1438 ὕπ’
1535 1387 1795 1454 αἰτίασιν,
1859 1388 1954 1441 καὶ

369 1483 514 1544 τινὲς
563 1480 622 1547 ἐξ
665 1479 931 1549 ὀνόματος
981 1480 1061 1542 εἰς
1132 1478 1348 1546 σφαγὰς
1392 1477 1778 1549 ὲζητήθησανο
1828 1478 1857 1530 ὁ
1894 1478 1952 1532 δὲ

369 1574 561 1626 οὐδένα
595 1569 846 1637 ἐκόλαζε,
885 1571 1128 1640 φάμενος
1158 1571 1235 1634 ὡς
1288 1572 1370 1625 Οὐ
1421 1570 1518 1623 δεῖ
1551 1587 1629 1640 με
1660 1571 1730 1624 ἐκ
1764 1572 1955 1626 τοιού-

370 1681 491 1719 των
543 1666 734 1733 ἄρτων
794 1663 907 1732 τῆς
973 1664 1356 1731 προστασίας
1412 1662 1582 1732 ὑμῶν
1634 1662 1950 1731 ἄρξασθαι.

358 1756 569 1823 Γέγονε
597 1755 656 1809 δὲ
683 1755 778 1808 καὶ
808 1754 878 1808 δι’
907 1755 1035 1826 ὅλης
1066 1753 1236 1807 αὐτοῦ
1263 1754 1365 1825 τῆς
1405 1755 1581 1825 ἀρχῆς
1612 1755 1711 1808 καὶ
1748 1754 1954 1817 δίκαιος

371 1849 469 1902 καὶ
528 1846 788 1919 χρηστὸς,
835 1846 934 1899 καὶ
990 1846 1124 1899 πᾶσι
1157 1847 1273 1909 τοῖς
1321 1846 1584 1915 ὑπηκόοις
1639 1844 1955 1916 ἀνεπαχθὴς

371 1939 471 1994 καὶ
498 1911 683 2000 alicui;
717 1937 780 1990 δὲ
810 1938 1188 2006 Χριστιανοτς.
1234 1937 1311 1990 Οὐ
1342 1911 1505 2007 μόνον
1533 1935 1645 2007 γὰρ
1673 1936 1775 1989 οὐκ
1820 1911 1953 1989 έκά-
1985 1911 2030 1967 Β

371 2049 470 2085 κου
502 2031 721 2095 αὐτοὺς,
751 2029 886 2083 ἀλλὰ
921 2028 1105 2098 μέντοι
1134 2028 1231 2082 καὶ
1260 2029 1445 2092 αἰδοῦς
1493 2026 1672 2098 ἠξίου.
1716 2027 1954 2097 Λέγεται

371 2124 432 2177 δὲ
482 2122 778 2193 ζητητικὸς
824 2120 1101 2189 γενέσθαι,
1137 2124 1233 2174 καὶ
1280 2119 1412 2191 περὶ
1466 2119 1679 2190 μικρῶν
1726 2118 1953 2189 ἀκριϐο-

371 2214 724 2284 λογούμενος,
768 2211 891 2265 ὅθεν
936 2211 1099 2266 αὐτὸν
1138 2211 1592 2282 κυμινοπρίστην
1628 2211 1859 2265 ἐκάλουν
1903 2212 1953 2263 οἱ

377 2305 748 2367 σκώπτοντες.
808 2302 883 2357 Οὐ
941 2302 1042 2370 μὲν
1094 2300 1182 2355 διὰ
1228 2301 1389 2355 τοῦτο
1438 2302 1504 2354 ὲκ
1533 2300 1643 2353 τῶν
1695 2300 1955 2370 ὑπηκόων

374 2395 794 2468 ἐχρηματίζετο,
845 2392 962 2447 ἀλλ’
1015 2395 1075 2445 ὲν
1131 2393 1340 2464 ἀπορίᾳ
1395 2391 1528 2445 ποτὲ
1577 2390 1820 2460 γεγονὼς
1853 2395 1954 2462 ἀρ-

373 2490 582 2558 γυρίων
644 2485 761 2556 (55)
787 2526 801 2550 ,
863 2484 1118 2554 πολέμων
1175 2483 1564 2554 ἐπικειμένων,
1615 2481 1744 2536 οὔτε
1798 2483 1952 2547 τέλος

375 2581 564 2634 καινὸν
602 2578 922 2649 ἐπενόησεν,
958 2575 1079 2630 οὔτ’
1105 2575 1328 2644 αἰτῆσαι
1373 2576 1530 2648 παρά
1556 2593 1653 2630 του
1693 2576 1953 2647 ἠνέσχετο

374 2673 659 2743 χρήματα,
688 2669 804 2724 ἀλλ’
849 2673 908 2724 ὲν
953 2670 1020 2739 τῇ
1059 2669 1239 2740 ἀγορᾷ
1280 2668 1461 2723 πάντα
1502 2672 1574 2722 τὰ
1614 2671 1672 2723 ὲν
1710 2670 1826 2732 τοῖς
1855 2668 1955 2738 βα-

377 2763 597 2823 σιλείοις
645 2758 906 2829 κειμήλια
939 2757 1190 2829 θέμενος,
1242 2758 1338 2811 καὶ
1389 2759 1444 2812 εἴ
1485 2775 1537 2812 τι
1582 2758 1720 2830 πρὸς
1751 2759 1954 2830 κόσμον

373 2848 444 2924 ἦν
489 2855 556 2922 τῇ
613 2850 780 2905 αὑτοῦ
813 2852 1055 2921 γαμετῇ,
1105 2849 1366 2904 ὠνεῖσθαι
1413 2851 1588 2906 ταῦτα
1635 2853 1727 2906 τὸν
1771 2852 1955 2924 βουλό-

379 2961 543 3014 μενον
589 2945 961 3014 προετρέπετο
989 2958 1005 2973 ο
1059 2941 1186 2997 ὃθεν
1237 2943 1501 3014 ἀθροίσας
1561 2945 1799 3017 ἀργύρια
1842 2948 1954 3010 τοῖς

376 3034 741 3107 στρατιώταις
798 3035 1020 3089 διέδωκε
1051 3048 1068 3064 ·
1125 3033 1222 3088 καὶ
1273 3036 1510 3106 νικήσας
1569 3036 1664 3089 τὸν
1717 3036 1956 3107 πόλεμον

374 3131 648 3200 ἐκτήσατο
717 3126 1065 3182 πολυπλάσια
1092 3139 1110 3159 ⁸
1173 3129 1269 3181 καὶ
1325 3128 1590 3199 κήρυγμα
1654 3127 1807 3183 ἔθετο
1866 3128 1956 3182 τὸν

376 3223 703 3295 βουλόμενον
760 3223 839 3285 ἐκ,
879 3220 990 3274 τῶν
1034 3220 1411 3292 ὠνησαμένων
1460 3220 1533 3275 τὰ
1566 3224 1828 3292 κτήματα
1886 3221 1956 3274 τὰ

374 3315 629 3384 βασιλικὰ
655 3312 964 3366 ἀναδιδόναι
1017 3312 1078 3366 τὸ
1129 3311 1363 3380 ὠνηθὲν,
1418 3311 1518 3365 καὶ
1564 3310 1862 3382 λαμϐάνειν
1889 3313 1952 3367 τὸ

371 3407 613 3475 τίμημα.
676 3404 786 3459 Καί
840 3420 984 3466 τινες
1051 3403 1154 3473 μὲν
1205 3402 1367 3456 τοῦτο
1416 3401 1727 3473 ἐποίησαν,
1782 3404 1834 3456 οἱ
1892 3402 1949 3456 δὲ

375 3498 594 3561 πλείους
624 3497 939 3559 ἀνένευσαν,
970 3496 1066 3548 καὶ
1099 3494 1293 3548 οὐδένα
1337 3493 1627 3549 ἀναδοῦναι
1655 3495 1716 3548 τὸ
1749 3495 1950 3565 κτηθὲν

373 3590 525 3659 αὐτῷ
560 3589 842 3644 ἐϐιάσατο.
896 3587 1099 3642 Τούτου
1141 3586 1364 3657 λέγεται
1390 3586 1742 3658 νομοθέτημα
1782 3582 1947 3649 εἶναι,

372 3685 434 3735 τὸ
464 3681 571 3735 τῶν
602 3681 807 3734 τέκνων
838 3678 1141 3734 ἀδιαθέτων
1164 3678 1546 3733 τελευτώντων
1578 3678 1952 3750 κληρονόμους

373 3770 772 3843 ἀναφαίνεσθαι
816 3772 941 3834 τοὺς
988 3771 1190 3838 γονεῖς,
1246 3771 1343 3823 καὶ
1396 3769 1799 3840 διατιθεμένοις
1840 3774 1954 3834 τοῖς

375 3865 566 3918 παισὶν
601 3864 658 3915 ὲν
685 3860 916 3932 ἀπαιδίᾳ
963 3862 1212 3932 ἀνάγκην
1255 3857 1396 3914 εἶναι
1428 3860 1490 3914 τδ
1521 3862 1756 3931 νόμιμον
1788 3861 1955 3932 μέρος

373 3957 489 4016 τοῖς
537 3951 759 4021 γονεῦσι
814 3951 1278 4021 καταλιμπάνειν.
1347 3950 1471 4002 Ἐπὶ
1517 3950 1712 4003 τούτου
1763 3951 1954 4015 κλόνος

373 4045 476 4115 τῆς
509 4044 615 4113 γῆς
665 4042 865 4113 συνέϐη
913 4041 1199 4112 φρικώδης
1253 4040 1385 4111 περὶ
1421 4040 1519 4111 τὴν
1563 4041 1816 4098 Βιθυνίαν
1858 4045 1952 4096 καὶ

374 4139 470 4192 τὸν
522 4135 940 4202 Ἑλλήσποντον,
996 4133 1055 4197 ἐξ
1091 4126 1264 4203 οὗπερ
1296 4133 1514 4194 πλείους
1561 4132 1749 4195 πόλεις
1791 4135 1953 4187 κατέ-

375 4246 564 4296 πεσον,
623 4229 859 4299 μάλιστα
910 4227 955 4279 δ’
1007 4228 1041 4294 ἠ
1098 4223 1341 4288 Κύζικος
1397 4223 1598 4278 ἔπαθεν
1631 4238 1648 4254 ⁶
1709 4225 1799 4278 ὅτε
1855 4226 1954 4279 καὶ

374 4328 405 4381 ὁ
437 4327 495 4379 ὲν
546 4324 684 4395 αὐτῇ
740 4321 1068 4393 περιϐόητος
1129 4319 1461 4389 κατεπτώθη
1521 4319 1647 4383 ναὸς
1699 4321 1836 4392 ('56),
1889 4319 1951 4379 οὗ

376 4416 627 4485 λέγονται
654 4413 1031 4485 τετραόργυιοι
1056 4410 1116 4463 τὸ
1143 4411 1316 4480 πάχος
1374 4405 1515 4463 εἶναι
1558 4412 1609 4464 οἱ
1665 4411 1864 4476 κίονες,
1890 4414 1953 4466 τὸ

376 4507 421 4561 δ’
473 4505 606 4574 ὕψος
651 4504 903 4573 αἴρεσθαι
959 4500 1121 4571 μέχρι
1185 4500 1529 4570 πεντήκοντα
1583 4503 1825 4572 πήχεων,
1888 4506 1951 4557 ὲκ

2056 657 2445 723 imperaturum
2473 671 2583 710 esse
2617 660 2823 727 negavit
2846 673 2864 711 :
2890 660 2965 713 sic
2987 660 3123 714 enim
3145 662 3324 715 omnia
3351 662 3462 733 ejus
3492 672 3637 725 acta,

2054 749 2194 801 inter
2223 763 2341 816 qua:
2377 757 2424 801 rt
2452 764 2550 802 sua
2583 749 2742 819 593
2791 750 3087 820 designatio
3123 761 3275 817 esset,
3323 762 3382 806 ut
3415 755 3640 809 hominis

2054 838 2407 892 inimicissimi
2443 847 2490 892 et
2523 841 2754 906 pessimi,
2794 841 3107 912 abrogatum
3140 843 3227 896 iri.
3266 843 3502 899 Senatus
3541 845 3642 914 igi-

2056 939 2167 991 tur,
2203 944 2328 984 eum
2384 945 2449 984 ex
2500 930 2835 986 verecundia
2884 932 3185 997 Antonini,
3237 942 3352 989 tum
3402 935 3638 990 militum

2055 1030 2226 1086 metu,
2279 1021 2516 1076 honores
2562 1021 2822 1076 defuncto
2856 1022 3121 1077 decrevit.
3172 1022 3301 1079 Pius
3328 1033 3511 1080 autem
3547 1025 3641 1080 hic

2054 1111 2365 1164 Antoninus
2384 1111 2687 1181 appellatus
2713 1121 2818 1179 est,
2849 1113 2996 1183 quod
3026 1130 3220 1185 recens
3250 1125 3507 1187 suscepto
3534 1119 3641 1171 im-

2055 1202 2232 1272 perio.
2272 1202 2461 1257 multis
2483 1203 2776 1266 accusatis,
2810 1205 3090 1260 nonnullis
3118 1207 3284 1261 etiam
3312 1209 3638 1263 nominatim

2059 1293 2126 1347 ad
2159 1292 2365 1347 caedem
2402 1292 2713 1362 postulatis,
2746 1294 2815 1349 de
2845 1296 2998 1349 nullo
3034 1311 3226 1366 poenas
3250 1300 3504 1368 sumpsit.
3534 1299 3645 1355 Ne-

2054 1384 2367 1455 gavitenim
2400 1402 2433 1438 a
2465 1385 2658 1439 talibus
2683 1387 2923 1457 operibus
2945 1389 3228 1458 imperium
3254 1391 3353 1443 sibi
3382 1405 3492 1445 esse
3540 1410 3641 1446 au-

2053 1475 2386 1544 spicandum.
2428 1476 2496 1530 Et
2524 1491 2620 1546 per
2643 1492 2806 1532 omne
2842 1485 3059 1549 tempus
3100 1479 3283 1550 justus
3308 1490 3365 1536 et
3395 1482 3640 1538 clemens

2055 1567 2381 1635 permansit,
2415 1576 2475 1621 et
2517 1567 2752 1623 subditis
2796 1569 3077 1635 omnibus,
3107 1580 3270 1640 atque
3301 1571 3441 1627 adeo
3485 1574 3642 1629 Chri-

2055 1658 2247 1713 stianis
2274 1659 2439 1713 etiam
2484 1659 2711 1713 minime
2734 1660 2955 1731 gravis:
2997 1676 3137 1730 quos
3166 1662 3308 1718 adeo
3352 1679 3461 1718 non
3496 1665 3638 1720 male

2060 1750 2347 1817 tractabat,
2380 1760 2443 1806 ut
2470 1751 2634 1806 etiam
2690 1760 3076 1809 veneraretur.
3111 1753 3314 1809 Fertur
3345 1765 3531 1810 autem
3566 1756 3636 1811 ad

2058 1857 2173 1896 rem
2221 1850 2465 1897 attentus
2516 1840 2707 1907 luisse,
2755 1857 2820 1898 ac
2864 1859 2932 1899 ne
2985 1846 3211 1899 minima
3260 1847 3482 1916 quidem
3539 1863 3637 1904 ne-

2055 1934 2290 2004 glexisse
2317 1951 2331 1988 :
2362 1949 2471 2004 qua
2497 1936 2564 1991 de
2589 1949 2755 1990 causa
2788 1946 2849 1989 ut
2873 1936 3132 1992 sordidus
3151 1949 3234 1992 est
3254 1938 3494 1995 derisus.
3522 1940 3638 1996 Nec

2058 2035 2241 2080 tamen
2272 2040 2301 2079 a
2332 2026 2571 2081 subditis
2615 2026 2905 2097 pecuniam
2954 2028 3135 2099 exegit
3161 2045 3174 2083 :
3231 2045 3356 2083 nam
3382 2046 3506 2085 cum
3537 2030 3641 2084 ali-

2055 2119 2276 2188 quando
2306 2118 2467 2174 bellis
2497 2118 2828 2191 urgentibus
2860 2120 3092 2190 pecunia
3142 2132 3351 2193 egeret,
3391 2138 3495 2179 nec
3542 2140 3639 2181 ve-

2056 2211 2221 2280 ctigal
2247 2224 2450 2264 novum
2481 2210 2831 2280 excogitavit,
2863 2227 2967 2267 nec
2995 2227 3026 2267 a
3057 2228 3331 2283 quoquam
3362 2223 3640 2285 postulare

2057 2301 2348 2372 pecuniam
2373 2302 2570 2366 voluit,
2606 2302 2703 2358 sed
2728 2304 2986 2359 omnibus
3012 2305 3177 2374 regiae
3211 2308 3555 2363 ornamentis
3582 2317 3641 2363 et

2057 2394 2248 2448 uxoris
2279 2407 2394 2448 suae
2421 2391 2630 2447 mundo
2675 2392 2932 2448 muliebri
2982 2392 3037 2448 in
3073 2395 3193 2450 foro
3238 2411 3439 2451 venum
3469 2413 3641 2468 expo-

2056 2472 2198 2549 sitis,
2224 2485 2513 2556 pecuniam
2549 2494 2799 2540 coactam
2830 2486 3104 2541 militibus
3141 2487 3316 2543 dedit.
3349 2490 3520 2546 Victis
3541 2507 3642 2546 au-

2057 2586 2166 2632 tem
2213 2576 2466 2633 hostibus
2498 2576 2659 2646 longe
2710 2579 2920 2648 majore
2953 2587 3130 2649 parta,
3192 2593 3292 2649 per
3328 2596 3637 2651 praeconem

2054 2668 2197 2724 edici
2228 2667 2415 2739 jussit,
2444 2668 2539 2738 qui
2569 2668 2922 2738 imperatoria
2946 2669 3315 2727 instrumenta
3341 2673 3639 2731 restituere

2056 2761 2281 2826 vellent,
2322 2760 2391 2815 iis
2436 2760 2675 2830 pretium
2723 2760 3004 2817 redditum
3054 2762 3146 2818 iri.
3182 2763 3261 2821 Ae
3288 2766 3540 2820 nonnulli
3581 2767 3637 2821 id

2056 2853 2346 2907 fecerunt:
2402 2852 2498 2908 sed
2549 2867 2744 2907 eorum
2779 2855 2876 2924 qui
2927 2865 3273 2920 recusarunt,
3310 2857 3404 2928 qui
3452 2858 3641 2928 plures

2056 2946 2233 3011 fuere,
2267 2945 2547 3001 neminem
2598 2948 2800 3018 coegit.
2834 2945 3007 3021 Hujus
3054 2949 3143 3004 lex
3175 2964 3298 3005 esse
3346 2950 3544 3013 fertur,
3577 2959 3641 3006 ut

2056 3044 2315 3107 parentes
2358 3037 2686 3102 liberorum,
2728 3039 2826 3109 qui
2855 3039 3103 3096 intestati
3137 3041 3427 3107 decedant,
3462 3043 3639 3098 luere-

2057 3130 2156 3186 des
2183 3131 2336 3185 sint:
2373 3139 2431 3185 et
2473 3131 2572 3200 qui
2608 3138 2937 3187 testamento
2987 3132 3132 3188 facto
3186 3132 3308 3189 orbi
3347 3135 3638 3200 decedant,

1982 3250 2026 3308 α
2060 3218 2376 3274 necessario
2391 3217 2690 3289 legitimam
2710 3227 2924 3288 partem
2949 3220 3273 3288 parentibus
3297 3222 3639 3292 relinquant.

2058 3310 2138 3365 Eo
2160 3313 2480 3381 imperante,
2504 3310 2756 3365 horribili
2782 3319 3092 3365 terreamotu
3116 3313 3428 3382 complures
3456 3313 3643 3385 Bithy-

2062 3401 2171 3457 niae
2197 3410 2255 3456 et
2280 3400 2621 3472 Hellesponti
2651 3401 2822 3458 urbes
2843 3402 3227 3459 conciderunt.
3267 3403 3375 3461 Sed
3408 3404 3641 3476 Cyzicus

2061 3492 2118 3547 in
2150 3493 2343 3564 primis
2367 3502 2452 3548 est
2494 3493 2736 3549 amicta:
2794 3493 2851 3548 in
2891 3509 3001 3565 qua
3047 3496 3213 3550 etiam
3238 3496 3459 3552 celebre
3504 3499 3644 3553 illud

2064 3586 2328 3655 templum
2379 3584 2612 3652 corruit,
2670 3586 2829 3655 cujus
2882 3586 3156 3641 columna:
3204 3600 3274 3641 ex
3318 3587 3483 3643 unico
3511 3604 3644 3642 saxo

2061 3687 2301 3747 quatuor
2326 3691 2521 3748 orgyas
2548 3692 2769 3742 crassa,
2803 3678 2857 3733 in
2887 3677 3236 3733 altitudinem
3270 3695 3299 3732 ι.
3325 3680 3642 3734 cubitorum

2062 3767 2433 3823 assurrexisse
2467 3767 2869 3837 perhibentur:
2915 3768 3063 3838 quod
3117 3768 3163 3824 si
3200 3770 3288 3824 cui
3322 3770 3647 3827 incredibile

2061 3858 2367 3922 videbitur,
2401 3858 2448 3914 is
2476 3869 2674 3914 cetera
2702 3859 2870 3913 etiam
2900 3859 3021 3929 ejus
3049 3859 3237 3929 aperis
3266 3860 3450 3915 omnia
3480 3862 3647 3916 mira-

2062 3952 2196 4008 bilia
2245 3950 2416 4005 fuisse
2454 3951 2680 4020 cogitet.
2716 3951 2777 4005 ιιι
2805 3951 2911 4006 hoc
2945 3952 3279 4021 imperatore
3311 3952 3443 4007 illud
3473 3953 3641 4008 etiam

2062 4040 2398 4106 celebratur,
2438 4040 2587 4109 quod
2643 4041 3182 4095 senatusconsultum
3229 4041 3360 4096 Julii
3411 4040 3647 4100 Caesaris

2057 4136 2219 4203 jussu
2247 4132 2453 4188 factum
2478 4132 2766 4196 cremavit,
2794 4146 2906 4202 quo
2939 4131 3285 4201 edicebatur,
3317 4148 3389 4189 ne
3413 4134 3503 4188 cui
3561 4143 3648 4191 te-

2064 4226 2325 4283 stamenti
2355 4224 2520 4280 factio
2549 4233 2717 4289 esset,
2752 4225 2859 4279 nisi
2886 4232 3093 4280 certam
3120 4234 3328 4295 partem
3350 4228 3547 4281 aerario
3567 4228 3649 4283 le-

2061 4326 2236 4390 garet.
2267 4316 2424 4373 Unde
2454 4316 2624 4371 moris
2660 4324 2747 4371 est
2783 4317 2850 4371 ad
2897 4315 3007 4371 hoc
3054 4331 3233 4387 usque
3292 4327 3512 4388 tempus
3556 4318 3643 4373 in-

2063 4406 2231 4463 scribi
2253 4414 2437 4462 testau
2453 4406 2647 4475 cutis“
2673 4407 2784 4462 Hoc
2835 4409 3181 4478 imperatorio
3213 4408 3340 4476 ﬁsco
3381 4410 3673 4482 relinquo.~

2058 4499 2305 4555 Decessit
2343 4498 2655 4553 Antoninus
2705 4500 2838 4554 Pius
2861 4515 3048 4564 senex,
3095 4509 3275 4556 morte
3335 4515 3532 4557 somno
3567 4503 3647 4556 le-

378 4598 529 4650 λίθου
590 4594 928 4657 συνεστῶτες
980 4594 1120 4659 ἐνὸς,
1177 4590 1232 4644 εἴ
1279 4610 1358 4662 τῳ
1396 4592 1569 4646 ταῦτα
1624 4593 1700 4664 μὴ
1751 4595 1955 4648 ἄπιστα

2063 4591 2295 4646 nissime
2331 4591 2478 4645 haud
2508 4590 2772 4653 absimili,
2821 4606 2966 4645 anno
2998 4591 3216 4662 imperii
3271 4608 3420 4647 xxiv.
3471 4592 3649 4663 Hujus

378 4690 587 4755 δόξαιεν
615 4705 628 4716 ·
664 4688 757 4741 καὶ
783 4687 952 4742 τᾶλλα
984 4685 1040 4738 δὲ
1084 4684 1180 4737 τοῦ
1217 4684 1380 4754 ἔργου
1414 4686 1625 4738 ἐκείνου
1677 4688 1955 4756 θαυμάσια

2064 4684 2242 4754 primo
2272 4681 2436 4755 595I
2479 4699 2625 4738 anno
2677 4682 3049 4753 TeleSphorus
3103 4685 3292 4739 Romae
3330 4685 3645 4756 episcopus,

381 4782 695 4852 ξύμπαντα.
743 4780 878 4850 Περῖ⁹
914 4777 1106 4832 τούτου
1146 4777 1241 4829 τοῦ
1299 4776 1700 4848 αὐτοκράτορος
1749 4779 1955 4850 ᾄδεται,

2067 4776 2362 4831 undecimo
2391 4790 2537 4830 anno
2573 4775 2867 4831 ministerii
2899 4775 3008 4840 sui,
3037 4776 3283 4847 martyrii
3315 4791 3521 4832 corona
3557 4778 3649 4830 iu-

379 4877 464 4927 ὃτι
510 4877 606 4926 καὶ
658 4871 721 4924 τὸ
770 4871 872 4940 τῆς
905 4869 1211 4940 συγκλήτου
1242 4870 1552 4922 κατέκαυσε
1603 4862 1888 4940 ψήφισμα,
1931 4871 1955 4923 ὃ

2064 4868 2320 4938 signitus,
2357 4875 2420 4921 ut
2471 4867 2713 4923 lreuazus
2741 4875 2948 4930 narrat,
2992 4868 3209 4923 felicem
3242 4869 3451 4923 exitum
3481 4868 3645 4923 sorti-

383 4965 506 5017 κατ’
540 4964 810 5033 ἐπιταγὴν
856 4961 951 5014 τοῦ
1016 4961 1236 5014 Ἰουλίου
1281 4961 1472 5029 γέγονε
1536 4962 1836 5031 Καίσαρος,
1869 4962 1955 5014 θε‹

2065 4970 2158 5016 tus
2177 4969 2285 5024 est,
2317 4959 2529 5032 Hygino
2561 4961 2617 5014 in
2651 4960 2957 5016 Romanam
2990 4962 3179 5017 sedem
3206 4963 3499 5027 collocato,
3546 4962 3651 5016 sub

385 5056 578 5121 σπίζον
638 5054 830 5124 μηδενὶ
880 5052 1135 5124 ὲφεισθαι
1190 5052 1460 5122 διαθήκην
1522 5055 1722 5118 ποιεῖν,
1783 5057 1832 5107 εἰ
1888 5055 1955 5125 μὴ

2059 5067 2169 5124 quo
2198 5052 2617 5108 Valentinianus
2642 5052 2938 5108 haereticus
2975 5054 3206 5119 exstitit,
3253 5065 3312 5109 et
3350 5052 3531 5109 Cerdo
3555 5067 3649 5107 se-

387 5150 552 5218 μέρος
613 5145 923 5217 ὡρισμένον
975 5144 1055 5213 τῷ
1110 5142 1279 5211 κοινῷ
1357 5142 1676 5212 καταλεξψει
1731 5146 1955 5216 ταμείῳ.

2060 5153 2162 5200 cla:
2196 5143 2492 5199 Marcionis
2520 5155 2737 5199 auctor.
2799 5144 3011 5216 Hygino
3049 5154 3174 5215 post
3203 5155 3465 5215 quartum
3511 5161 3640 5215 pnn-

387 5240 552 5293 Ὄθεν
605 5240 884 5309 νομίζεται
939 5239 1034 5290 καί
1088 5236 1252 5308 μέχρι
1302 5235 1457 5288 τοῦδε
1510 5240 1632 5300 ταῖς
1681 5238 1955 5309 διαθήκαις

2062 5239 2304 5294 tilicatus
2348 5252 2554 5292 annum
2582 5236 2866 5304 defuncto,
2915 5239 3047 5294 Pius
3076 5239 3337 5294 Romana:
3362 5238 3645 5294 Ecclesiae.

386 5331 766 5404 ἐγγράφεσθαι
802 5332 888 5385 ὅτι
916 5329 1026 5383 Καὶ
1060 5330 1141 5395 τῷ
1169 5328 1477 5393 ,βασιλικῴ
1525 5330 1742 5398 ταμείῳ
1786 5348 1955 5385 κατα-

2064 5330 2453 5386 Alexandrina:
2482 5329 2700 5385 Marcus
2722 5340 2810 5385 est
2834 5330 3145 5402 prazl'ectus,
3185 5341 3311 5403 post
3348 5331 3650 5386 Eumenem

1538 5487 1737 5551 Varia)
1781 5489 2089 5553 lectiones
2129 5496 2193 5553 et
2218 5497 2408 5552 noue.

464 5614 576 5686 ('55)
621 5615 726 5669 Ἐν
750 5613 970 5686 ἀπορία
1011 5611 1331 5686 ἀργυρζῳιο,
1389 5612 1468 5666 lta
1510 5611 1955 5686 reposuimusex

2074 5613 2252 5686 gulari
2280 5629 2381 5683 pro
2398 5614 2633 5686 pecunia
2658 5623 2891 5686 usurpat
2922 5613 3188 5686 Zonaras.

392 5679 712 5754 coddflleg.
738 5696 795 5739 et
822 5679 976 5737 Cblb.
1015 5679 1140 5736 cum
1160 5679 1407 5735 ’Woliius
1453 5679 1717 5754 αργυρίου
1750 5683 1965 5735 edidis-
2077 5679 2100 5684 ’
2147 5685 2258 5753 (56)
2282 5679 2463 5747 Nudo.
2494 5684 2694 5738 Eadem
2722 5679 2989 5754 liahctiex
3013 5683 3183 5754 Dione
3204 5679 3654 5754 Xipbilinusipe

390 5767 498 5822 set,
535 5756 627 5824 qui
658 5750 733 5809 ita
753 5770 821 5807 ex
864 5754 1082 5824 ingenio
1116 5753 1453 5808 emendavit.
1488 5750 1547 5804 ut
1592 5761 1649 5824 ct
1688 5752 1827 5805 inl'ra
1866 5768 1965 5822 pro
2075 5750 2281 5823 templo
2302 5754 2576 5817 Cyziceno
2616 5753 2987 5824 consulendus
3015 5753 3125 5809 Leo
3152 5752 3391 5807 Allatius
3427 5752 3497 5807 ad
3530 5750 3657 5805 Phi-

395 5822 657 5896 ἀθροῖσαι
703 5822 964 5896 ἀργυρια,
1018 5822 1702 5896 apyépzovreponendum
1754 5832 1955 5896 censet.

2074 5822 2281 5893 lenem,
2313 5826 2387 5878 De
2409 5839 2479 5878 vn
2517 5824 2655 5879 orbis
2685 5822 2978 5884 miraculis.

396 5892 555 5953 Cc'rtc
579 5895 718 5950 infra
745 5892 802 5948 in
827 5894 983 5947 Didio
1016 5894 1254 5956 Juliauo,
1296 5892 1563 5961 ἀργύριον
1596 5906 1827 5946 numero
1850 5893 1966 5946 sin-

727 5992 1003 6053 ΡΔτιιοι..
1047 5990 1166 6050 Gn.
1212 5988 1542 6051 CXXXIV.

3236 5979 3308 6041 32
