4048 6398
517 406 652 467 1θὰ3
1801 396 2068 458 ,1οΛΝΝ1

2174 393 2486 454 ΖΟΝᾹΙῖίΕ
3621 397 3744 456 lttll-l

509 524 828 594 pontiticatu
876 521 1036 574 annis
1087 535 1182 573 xm
1225 519 1499 572 tunctum;
1551 515 1732 569 Marco
1759 514 1926 569 etiam
1961 523 2068 581 post

2185 509 2460 578 λιμπάνω
2517 506 2673 562 τόδε.
2713 505 2950 560 ’Λπεδίω
2991 506 3049 560 δὲ
3091 507 3119 559 6
3171 505 3402 577 εὐσεϐὴς
3448 505 3743 567 Ἀντωνί·ιο;

507 616 834 670 decennium
867 621 1108 675 mortuo,
1133 609 1390 666 Celadius
1422 607 1788 661 ministerium
1811 604 2068 672 suscepit.

2186 599 2414 669 γηραιὸς
2443 638 2458 662 ,
2541 597 2762 668 θανάτῳ
2854 597 3010 668 ὕπνῳ
3096 597 3302 650 ἐοικότι
3356 596 3738 667 μαλακωτάτῳ,

503 709 602 762 Pio
642 707 827 760 Roma:
878 711 1001 773 post
1060 716 1232 756 annos
1284 715 1348 753 xv
1401 700 1749 768 episcopatus
1799 696 2068 750 defuncto

2184 693 2540 760 μοναρχήσας
2569 690 2854 753 ἐνιαυτοὺς
2892 691 2990 745 σὺν
3015 690 3312 760 τέσσαρσιν
3337 691 3530 744 εῐκοσι.
3558 691 3742 745 Τούτου

507 795 773 850 successit
815 793 1118 847 Anicetus:
1168 806 1278 860 quo
1327 797 1575 857 tempore
1619 787 1870 842 Justinus
1917 786 2068 839 etiau

2181 785 2261 853 τῷ
2317 784 2521 856 πρώτῳ
2581 783 2693 837 ἔτει
2737 783 3073 853 Τελεσφόρος
3105 785 3134 836 6
3196 781 3416 852 Ῥώμης
3467 783 3746 848 ἐπίσκοπος

505 897 718 958 martyr
739 895 794 940 et
823 882 1208 954 philosophus,
1236 895 1377 936 vera:
1401 879 1668 934 doctrina:
1698 886 1960 939 assertor,
1991 877 2068 930 Ilo

2185 871 2471 926 ἑνδέκατον
2527 871 2646 936 ἔτος
2707 870 2918 935 ἀνύσας
2986 871 3082 923 ἐπὶ
3140 872 3205 940 τῇ
3256 869 3609 942 λειτουργίᾳ,
3661 873 3744 925 καὶ

504 980 641 1033 ruit.
673 978 724 1032 Is
757 985 814 1032 et
841 975 1045 1030 librum
1074 981 1265 1028 contra
1298 972 1630 1025 Marcionem
1679 969 1874 1034 edidit,
1917 977 1972 1023 et
2021 987 2068 1022 ax

2195 966 2481 1038 μαρτυρίῳ
2513 964 2819 1029 ταινιωθεὶς
2849 965 2946 1036 (ὡς
2982 965 3258 1034 εἰρηναῖος
3312 963 3588 1034 ἱστόρησε)
3609 964 3745 1026 τέλος

509 1069 852 1124 Antoninum
881 1067 1038 1120 Pium
1069 1063 1451 1118 defensionem
1477 1061 1920 1116 Christianorum
1957 1057 2066 1112 seri

2200 1059 2470 1126 μακάριον
2501 1055 2724 1127 εὖρατο,
2755 1058 2849 1109 καὶ
2866 1055 3159 1126 ἀντιδρύθη
3181 1057 3260 1119 είς
3281 1055 3374 1109 τὸν
3408 1055 3509 1125 τῆς
3549 1054 3745 1125 Ῥώμης

509 1161 643 1232 psit,
679 1175 787 1230 qua
825 1159 1124 1228 imperator
1157 1154 1449 1225 impulsus,
1482 1152 1707 1207 decreto
1747 1152 1817 1206 ad
1841 1151 2063 1205 civitate

2193 1147 2378 1217 θρόνον
2413 1147 2646 1216 ’Υγίνος.
2695 1147 2811 1216 Ἐφ’
2839 1139 2901 1200 οὗ
2936 1147 3388 1209 Οὐαλεντινιανὸς
3407 1148 3745 1217 αίρεσιάρχης

510 1255 745 1310 Asianas
793 1251 962 1306 misso
1009 1248 1176 1312 cavit,
1229 1262 1299 1300 ne
1329 1247 1454 1315 quis
1486 1244 1831 1300 Christianos
1865 1252 2068 1312 propte1

2192 1238 2434 1304 ἐγένετο,
2471 1239 2565 1290 καὶ
2597 1237 2822 1308 Κέρδων
2853 1237 2951 1306 τῆς
2980 1235 3122 1288 κατὰ
3163 1235 3471 1302 Μαρκίωνα
3500 1234 3741 1304 αἱρέσεως

509 1343 836 1413 religionem
867 1337 1138 1409 supplicio
1166 1335 1444 1391 alliceret:
1481 1333 1626 1404 quod
1656 1335 1699 1387 si
1737 1333 1862 1402 quis
1893 1348 1958 1385 eo
1989 1347 2068 1385 nol

2191 1329 2452 1398 ἀρχηγός.
2511 1328 2730 1397 ’Υγίνου
2769 1327 2824 1380 δὲ
2883 1326 3020 1397 μετά
3068 1327 3130 1378 τὸ
3193 1327 3460 1396 τέταρτον
3512 1325 3625 1386 ἔτος
3658 1325 3740 1392 τῆς

508 1437 656 1488 mine
689 1440 1068 1494 accusaretur,
1125 1444 1280 1483 reum
1344 1425 1768 1486 absolvendum,
1811 1432 2068 1477 accusato

2200 1421 2419 1490 Ῥώμης
2459 1421 2894 1492 ἀρχιερατεῦσαι
2949 1421 3270 1484 ἐκλιπὼηος
3318 1421 3411 1472 τὸν
3459 1417 3594 1486 βίον,
3627 1418 3740 1478 Ilio;

502 1539 617 1578 rem
693 1521 1037 1576 multandum
1064 1533 1208 1573 esse.
1241 1517 1366 1571 Haec
1398 1515 1502 1570 sub
1534 1513 1630 1568 Pio
1670 1523 1821 1583 gesta
1863 1522 2012 1567 sunt.

2184 1514 2282 1583 τῆς
2317 1515 2599 1584 Ῥωμαίων
2639 1514 2961 1584 Ἐκκλησίας
2993 1515 3257 1584 προέστη.
3289 1514 3404 1581 Τῆς
3431 1512 3476 1566 δ’
3507 1511 3740 1574 Ἄλεξιν.

499 1621 675 1690 δρέων
735 1618 963 1685 Μάρκος
999 1617 1252 1684 ἡγήσατο
1293 1611 1432 1682 μετά
1498 1609 1718 1678 Εὐμένη
1784 1607 2236 1678 τρισκαιδέκατον
2307 1611 2425 1672 ἐτος
2477 1607 2754 1662 ἀνύσαντά
2796 1609 2855 1661 ἐν
2908 1609 2974 1678 τῇ
3024 1606 3438 1678 ἀρχιερωσύνη.
3502 1604 3608 1658 Καὶ
3660 1600 3739 1654 τιῦ

499 1717 732 1785 Μάρκου
807 1713 947 1784 μετά
1007 1710 1298 1765 δεκαετίαν
1373 1706 1874 1779 μεταχωρήσαντος
1941 1704 2078 1774 πρὸς
2118 1705 2312 1775 ἐτέρᾳν
2375 1703 2546 1773 ζωὴν,
2587 1703 2867 1756 Κελαδίων
2914 1702 3014 1770 τὴν
3081 1700 3430 1773 λειτουργίαν
3459 1697 3734 1768 παρέλαϐε.

499 1811 618 1863 Κάν
644 1812 711 1880 τῇ
767 1809 962 1878 Ῥώμῃ
1002 1805 1099 1859 τοῦ
1155 1803 1286 1858 Πίου
1319 1800 1699 1862 ἐκλελοιπότος
1755 1799 2230 1868 πεντεκαιδεκάτῳ
2297 1797 2528 1867 ἐνιαυτῷ
2553 1798 2648 1868 τῆς
2698 1797 3021 1865 ἐπισκοπῆς,
3063 1795 3424 1863 ἀντικατέστη
3457 1794 3736 1860 Ἀνίκητο’.

503 1885 632 1956 ⁸Ὀτε
655 1903 751 1955 καὶ
779 1902 806 1953 6
835 1901 1126 1968 φιλόσοφος
1153 1896 1251 1949 καὶ
1283 1895 1496 1965 μάρτυς
1555 1892 1804 1965 ἢκμαζεν
1868 1892 2175 1956 Ἰουστῖνος,
2213 1890 2308 1944 τοῦ
2357 1889 2517 1961 ὀρθοῦ
2549 1889 2710 1957 λόγου
2759 1887 3331 1957 ὑπεραγωνιζόμενος,
3375 1887 3433 1950 ὃς
3486 1889 3577 1939 καὶ
3611 1884 3735 1938 κατὰ

498 1997 830 2066 Μαρκίωνος
893 1991 1108 2058 ἐξέθετο
1155 1989 1518 2060 σύγγραμμα,
1557 1989 1653 2042 καὶ
1690 1988 1828 2058 πρῖς
1852 1988 1940 2040 τδν
1971 1985 2172 2056 εὐσεϐῆ
2214 1987 2530 2039 Ἀντωνῖνον
2565 1985 2677 2053 (57)
2716 1983 3013 2052 ἀπολογίαν
3046 1983 3188 2053 ὑπὲρ
3225 1981 3570 2052 Χριστιανῶν
3604 1997 3740 2031 συνε-

501 2092 774 2160 γράψατο.
837 2087 1002 2141 Ὅθεν
1053 2087 1082 2138 6
1139 2083 1504 2154 αὐτοκράτωρ
1572 2075 1731 2145 οὗτος
1813 2081 2102 2152 ὁρμηθεὶς,
2180 2082 2357 2152 δόγμα
2416 2080 2495 2150 τῷ
2550 2079 2716 2150 κοινῷ
2773 2081 2874 2150 τῆς
2943 2079 3127 2138 Ἀσίας
3190 2078 3498 2141 ἐπέστειλε,
3552 2076 3735 2146 μηδένα

503 2182 829 2254 Χριστιανὸν
881 2180 968 2234 διὰ
1011 2179 1110 2250 τὴν
1157 2177 1456 2249 θρησκείαν
1501 2173 1831 2236 κολάζεσθαι
1865 2191 1877 2203 ·
1936 2173 2071 2227 ἀλλά
2113 2174 2216 2229 κάν
2289 2192 2367 2238 τις
2409 2174 2514 2228 ὐπό
2558 2192 2652 2229 του
2698 2173 2786 2227 διὰ
2831 2172 3040 2244 ταύτην
3089 2174 3475 2241 κατηγοροῖτο,
3538 2170 3622 2224 τὸν
3651 2168 3735 2237 μὲν

502 2276 980 2346 κατηγορούμενον
1055 2272 1431 2334 ἀπολύεσθαι,
1490 2271 1584 2323 τὸν
1679 2270 1737 2323 δὲ
1808 2270 2116 2339 κατήγορον
2181 2268 2338 2339 δίκης
2401 2267 2584 2339 ἔνοχον
2638 2266 2901 2336 γίνεσθαι.
2991 2264 3179 2317 Ταῦτα
3263 2265 3465 2336 συνέϐη
3514 2266 3600 2317 ἐπὶ
3653 2262 3734 2315 τοῦ

505 2375 573 2426 Εὐ
583 2369 794 2432 σεὸοὖς.

573 2467 636 2520 ιι.
680 2465 810 2519 Post
835 2463 994 2532 cuius
1021 2475 1155 2516 vero
1183 2459 1396 2514 obitum
1448 2456 1522 2513 Μ.
1561 2455 1820 2512 Aurelius
1850 2453 2068 2510 Antoni-

2258 2450 2329 2503 B'.
2368 2449 2524 2504 Μετά
2557 2448 2613 2502 δὲ
2667 2449 2767 2518 τὴν
2816 2446 3190 2526 τελευτὴνρύ
3227 2447 3294 2500 οὖ
3341 2441 3486 2519 (38),
3533 2449 3733 2519 Μάρκος

498 2574 624 2623 nus,
652 2573 683 2612 a
713 2558 830 2622 Pio,
867 2563 926 2609 ut
959 2555 1165 2608 dictum
1197 2559 1300 2615 est,
1347 2551 1660 2621 adoptatus,
1696 2548 1927 2618 imperio
1954 2561 2075 2602 sus-

499 2660 682 2718 cepto,
718 2648 903 2704 statim
935 2645 997 2700 L.
1030 2643 1394 2701 Commodum
1429 2643 1652 2706 Verum,
1686 2639 1747 2694 L.
1784 2637 2074 2694 Commodi

499 2743 696 2805 tilium,
729 2741 990 2808 collegam
1023 2734 1276 2806 sumpsit.
1305 2733 1436 2788 Erat
1464 2732 1612 2788 enim
1651 2731 1867 2786 Marcus
1885 2740 1941 2786 et
1967 2729 2073 2783 im-

499 2831 680 2886 becilli
709 2844 960 2898 corpore,
999 2839 1056 2882 et
1086 2825 1394 2895 disciplinis
1425 2823 1500 2878 ita
1525 2821 1768 2888 deditus,
1808 2830 1867 2876 ut
1904 2824 2070 2876 etiam

498 2925 890 2993 imperatorem
944 2919 1148 2974 factum
1176 2917 1390 2972 scholas
1430 2915 1780 2985 frequentare
1818 2929 1926 2969 non
1967 2929 2071 2984 pu-

497 3008 675 3072 deret.
727 3015 864 3070 Cum
941 3013 1106 3068 Sexto
1162 3010 1330 3080 igitur
1383 3009 1591 3064 Boeotio
1649 3007 2076 3078 phiIOSOphaha-

499 3117 588 3158 tur
617 3145 632 3166 ,
703 3114 760 3158 et
810 3099 1142 3171 Hermogeni
1192 3099 1399 3154 rhetori
1450 3113 1672 3168 Operam
1721 3097 1908 3162 dabat,
1974 3096 2068 3152 sed

497 3197 698 3254 Stoicis
741 3194 919 3265 magis
947 3193 1198 3248 addictus
1235 3198 1392 3246 erat:
1433 3189 1638 3245 Lucius
1688 3205 1839 3256 vero,
1880 3197 2071 3260 utpote

493 3290 701 3360 junior,
728 3295 783 3342 et
840 3285 1090 3340 laborum
1146 3283 1405 3346 tolerans,
1438 3290 1495 3336 et
1528 3281 1595 3336 ad
1623 3295 1739 3336 rem
1773 3281 2068 3337 militarem

496 3390 660 3434 natus
688 3386 826 3432 erat.
856 3375 1043 3444 Itaque
1073 3375 1288 3429 Marcus
1320 3372 1396 3435 ei,
1428 3370 1593 3426 Lucia
1627 3370 1737 3426 ﬁlia
1771 3371 2067 3441 desponsa,

499 3468 700 3521 bellum
733 3463 1050 3518 Parthicum
1086 3459 1388 3523 mandavit,
1420 3474 1545 3513 cum
1596 3459 1896 3530 Vologesus
1929 3461 2070 3516 mul-

498 3568 584 3614 tos
617 3559 892 3612 Romanos
917 3553 1130 3624 sagittis
1164 3550 1513 3616 confecisset,
1540 3566 1606 3607 ac
1645 3559 1819 3606 totum
1853 3551 2070 3608 exerci-

499 3660 613 3704 tum
645 3645 996 3718 peremisset,
1031 3629 1199 3713 seque
1239 3643 1614 3698 Romanorum
1641 3641 1854 3696 hostem
1882 3643 2066 3697 decla-

497 3751 694 3805 rasset,
721 3748 778 3793 et
812 3736 1065 3808 Syriacas
1095 3735 1262 3790 urbes
1289 3748 1486 3804 magno
1521 3748 1645 3788 cum
1679 3742 1888 3789 terrore
1919 3734 2069 3788 inva-

497 3835 673 3888 deret.
707 3831 912 3886 Lucius
949 3829 1114 3900 igitur
1142 3827 1494 3885 Antiochiam
1524 3827 1824 3898 profectus,
1879 3826 2069 3882 Cassio

495 3925 741 3995 legiones
769 3921 922 3977 dedit
971 3938 987 3975 :
1037 3920 1130 3990 qui
1161 3919 1485 3991 Vologesum
1511 3920 1717 3976 victum
1760 3919 2066 3975 Seleuciam

497 4033 671 4088 usque
705 4024 1050 4086 persecutus,
1085 4012 1280 4068 urbem
1304 4013 1592 4078 cremavit,
1620 4022 1677 4066 et
1714 4011 1835 4082 ejus
1862 4014 2068 4080 regiam

494 4110 905 4178 Ctesiphontem
938 4105 1160 4162 evertit.
1193 4105 1312 4172 Quo
1347 4119 1603 4160 successu
1637 4103 1842 4158 Lucius
1869 4105 2066 4169 elatus,

495 4217 688 4256 socero
726 4213 783 4255 et
821 4199 1141 4268 imperatori
1183 4197 1386 4252 deinde
1429 4197 1632 4252 struxit
1665 4195 1932 4250 insidias:
1971 4197 2067 4250 sed

495 4309 574 4346 ea:
600 4292 916 4361 priusquam
947 4290 1012 4343 ad
1064 4304 1176 4343 rem
1204 4287 1609 4352 conferrentur,
1639 4303 1850 4342 veneno
1884 4287 2068 4356 periit.

465 4384 627 4437 ,Inale
672 4382 894 4437 Cassius
931 4379 1091 4452 595
1133 4379 1400 4435 universe
1441 4380 1582 4435 Asia:
1632 4389 1957 4449 procurator
1987 4391 2072 4435 est.

495 4475 827 4545 designatus.
883 4473 1184 4541 Imperator
1239 4487 1372 4526 vero
1431 4487 1556 4527 cum
1623 4471 1918 4536 Barbaris,
1971 4472 2067 4542 qui

496 4567 640 4619 circa
673 4565 870 4619 Istrum
902 4563 1171 4627 incolunt,
1199 4562 1514 4633 Jazygihus,
1548 4563 1974 4626 Marcomannis,
2012 4572 2071 4617 et

2177 2544 2446 2615 Αὐρήλιος
2480 2543 2798 2604 Ἀντωνῖνος
2837 2542 3146 2612 εἰσποιητὸς
3185 2541 3339 2613 αὐτῷ
3372 2541 3627 2611 γεγονὼ·,
3665 2541 3730 2603 ὡς

2181 2636 2504 2706 ἱστόρηται,
2569 2633 2670 2705 τὴν
2728 2632 3032 2703 αὐταρχίαν
3094 2633 3342 2700 ἐδέξατο,
3405 2636 3498 2688 καὶ
3551 2634 3730 2687 αὐτίκα

2177 2727 2436 2782 κοινωνὸν
2495 2725 2591 2780 τοῦ
2654 2725 2892 2796 κράτους
2949 2725 3242 2796 πεποίηται
3297 2726 3525 2780 Λούκιον
3575 2727 3734 2796 Βῆρον

2179 2821 2445 2891 Κόμοδον,
2479 2818 2713 2872 Λουκίου
2745 2817 2840 2871 τοῦ
2874 2817 3125 2888 Κομόδου
3160 2819 3300 2873 υἱόν.
3354 2815 3462 2872 Ἦν
3511 2819 3605 2889 μὲν
3635 2820 3730 2888 γάρ

2175 2915 2204 2967 6
2243 2913 2468 2983 Μάρκος
2496 2912 2591 2966 καὶ
2619 2909 2851 2982 ἀσθενὴς
2886 2910 2948 2962 τὸ
2977 2910 3202 2980 σαρκίον
3225 2925 3242 2942 ·
3287 2911 3540 2981 ἐσχόλασε
3571 2911 3622 2963 δὲ
3648 2909 3731 2962 καὶ

2177 3005 2357 3074 λόγοις
2381 3002 2578 3071 οὕτως,
2609 3001 2751 3056 ὥστε
2801 3001 2898 3055 καὶ
2931 3002 3297 3074 αὐτοκράτωρ
3338 3003 3618 3074 γενόμενος
3643 3001 3730 3054 οὐκ

2175 3097 2359 3167 ᾐδεῖτο
2391 3097 2448 3158 ἐς
2473 3093 2798 3149 διδασκάλου
2836 3093 3051 3164 φοιτᾷν,
3086 3093 3224 3146 ἀλλὰ
3257 3096 3355 3148 καὶ
3389 3096 3562 3163 Σέξτῳ
3589 3109 3728 3145 συνε-

2177 3189 2456 3260 φιλοσόφει
2514 3188 2592 3258 τῷ
2623 3187 2860 3259 Βοιωτῷ,
2903 3189 2995 3240 καὶ
3065 3188 3390 3260 Ἑρμογένει
3445 3189 3511 3258 τῷ
3561 3190 3729 3259 ῥήτορι

2175 3280 2587 3350 προσωμίλησε,
2633 3280 2832 3351 μᾶλλον
2885 3279 2930 3332 δ’
2953 3282 3294 3336 ἀντεποιεῖτο
3340 3282 3448 3336 τῶν
3496 3279 3731 3335 Στοῖκῶν.

2188 3374 2255 3427 ’0
2308 3373 2365 3425 δέ
2421 3389 2486 3439 γε
2534 3371 2766 3436 Λούκιος
2799 3371 3064 3442 νεώτερος
3092 3371 3192 3436 ὢν,
3225 3375 3323 3427 καί
3373 3374 3508 3444 πρὸς
3555 3372 3728 3432 πόνους

2174 3464 2409 3535 ερρωτο,
2451 3464 2546 3516 καὶ
2605 3463 2873 3533 ἐπεφύκει
2929 3464 3066 3534 πρὸς
3121 3465 3528 3533 στρατιωτικῶν
3577 3480 3729 3534 μετα-

2175 3557 2428 3628 χείρισιν.
2458 3555 2622 3608 ’Ὅθεν
2651 3558 2719 3626 τῇ
2743 3554 2980 3625 Θυγατρὶ⁸
3005 3556 3214 3626 Λουκίᾳ
3253 3557 3445 3610 τοῦτον
3467 3558 3494 3608 6
3523 3555 3728 3624 Μάρκος

2175 3647 2439 3715 συνάψας,
2471 3647 2622 3718 αὐτῷ
2649 3647 2740 3700 τὸν
2786 3649 2920 3718 πρὸς
2961 3649 3208 3718 Πάρθους
3239 3650 3464 3704 ἀνέθετο
3490 3649 3726 3715 πόλεμον,

2171 3739 2263 3792 τοῦ
2310 3739 2675 3808 Οὐολογαίσου
2712 3740 2942 3804 πολλοὺς
2989 3739 3282 3811 Ῥωμαίων
3313 3741 3721 3807 κατατοξεύσαν-

2171 3850 2284 3897 τος,
2343 3834 2438 3885 καὶ
2483 3832 2605 3885 ὅλον
2657 3833 2718 3886 τὸ
2763 3833 3131 3903 στρατόπεδον
3177 3834 3604 3906 διαφθείραντος,
3640 3832 3721 3886 καὶ

2173 3925 2436 3994 πολέμιον
2481 3925 2775 3994 Ῥωμαίοις
2835 3926 3459 3996 ἐαυτδνάποφήναντος,
3504 3929 3592 3981 καὶ
3638 3942 3722 3992 φο·

2173 4016 2336 4084 σερὸν
2369 4016 2594 4068 ἐπιόντα
2624 4014 2721 4084 τῆς
2760 4015 2961 4081 Συρίας
2993 4017 3114 4075 ταῖς
3164 4016 3407 4069 πόλεσιν.
3463 4017 3550 4077 Εἰς
3601 4011 3722 4080 γοῦν

2184 4105 2517 4176 Ἀντιόχειαν
2548 4108 2576 4160 6
2621 4105 2854 4169 Λούκιος
2888 4105 3154 4174 γεγονὼς,
3189 4108 3418 4178 Κασσίῳ
3464 4106 3528 4159 τὰ
3568 4119 3717 4172 στραο

2170 4196 2418 4265 τεύματα
2465 4197 2681 4268 ἔνειμεν
2711 4214 2725 4228 ο
2775 4199 2849 4260 ὡς
2899 4199 2976 4267 τῷ
3026 4199 3375 4270 Οὐολογαίσῳ
3428 4196 3718 4268 συμϐαλὼν,

2172 4289 2376 4361 ἧττησέ
2410 4306 2468 4340 τε
2501 4290 2597 4342 καὶ
2631 4288 2794 4358 μέχρι
2827 4289 3145 4353 Σελευκείας
3179 4291 3386 4356 ἐδίωξε,
3417 4294 3506 4345 καὶ
3535 4289 3718 4355 ταύτην

2171 4380 2459 4452 ἐνέπρησε,
2518 4382 2613 4434 καὶ
2659 4381 2728 4433 τά
2787 4379 3038 4450 βασίλεια
3091 4381 3257 4434 αὐτοῦ
3304 4384 3372 4435 τὰ
3420 4386 3476 4436 ἐν
3532 4383 3716 4448 Κτησι-

2170 4472 2342 4540 (prim:
2392 4473 2702 4542 κατέσκαψε
2736 4486 2752 4502 ⁶
2818 4472 2897 4542 τῷ
2954 4473 3011 4525 δὲ
3079 4474 3295 4544 Λουκίῳ
3356 4476 3523 4529 ταῦτα
3573 4474 3718 4539 δικ-ιν

2171 4563 2479 4634 περιεποίει
2539 4565 2635 4617 καὶ
2689 4565 2966 4635 φρόνημα,
3024 4565 3167 4619 ὥστε
3224 4567 3364 4634 μετά
3413 4567 3578 4620 ταῦτα
3636 4565 3718 4616 καὶ

496 4658 630 4712 alias
659 4657 784 4710 aliis
819 4657 982 4725 longo
1015 4664 1261 4724 tempore
1292 4656 1347 4709 in
1387 4655 1670 4710 Pannonia
1703 4655 1905 4710 bellum
1942 4672 2068 4727 ges-

2174 4657 2554 4712 ἐπισουὶεῦσαι
2581 4656 2658 4728 τῷ
2691 4657 2923 4728 κηδεστῇ
2967 4675 3025 4710 τε
3055 4659 3150 4710 καὶ
3174 4661 3530 4730 αὐτοκράτορι
3560 4674 3574 4689 ·
3603 4655 3718 4724 πρὶν

495 4750 586 4802 sit.
618 4745 754 4802 Galli
787 4745 1197 4800 Transrhenani
1230 4761 1401 4815 usque
1429 4745 1497 4800 ad
1539 4747 1746 4802 Italiam
1785 4755 1914 4802 sunt
1945 4763 2069 4818 pro-

496 4840 715 4910 gressi:
767 4839 914 4893 inter
965 4854 1200 4907 quorum
1253 4839 1541 4905 cadavera,
1581 4840 1746 4894 etiam
1780 4841 2065 4895 muliebria

495 4945 726 4998 corpora
751 4936 958 4982 armata
991 4939 1121 4982 sunt
1146 4928 1386 4982 inventa.
1416 4929 1474 4983 In
1505 4931 1668 4984 tantis
1691 4940 1875 4983 autem
1906 4929 2069 4985 bellis

493 5038 557 5077 ea
591 5021 884 5091 prudentia
933 5028 990 5075 et
1035 5020 1302 5092 gravitate
1345 5021 1654 5091 imperavit,
1699 5030 1758 5075 ut
1797 5021 2066 5075 militibus

2166 4750 2223 4804 δέ
2252 4767 2305 4803 τι
2331 4750 2550 4822 δράσαι,
2596 4750 2876 4820 φαρμάκῳ
2909 4750 3152 4805 διώλετο.
3216 4751 3493 4804 Ἐντεῦθεν
3521 4753 3547 4803 6
3581 4747 3716 4802 Κάσ-

2170 4859 2282 4904 σιος
2311 4845 2411 4912 τῆς
2467 4841 2654 4904 Ἀσίας
2698 4841 2915 4912 ἀπάσης
2961 4842 3255 4912 ἐπίτροπος
3303 4839 3714 4913 προκεχείριστο.

2179 4934 2238 4989 '0
2275 4935 2317 4987 δ’
2347 4935 2702 5006 αὐτοκράτωρ
2734 4936 2842 4996 τοῖς
2894 4936 3023 5002 περὶ
3073 4935 3166 4988 τὸν
3200 4934 3412 5005 Ἴστρον
3443 4931 3715 5004 βαρϐάροις

2178 5023 2376 5088 Ἰάζυξί
2436 5040 2494 5076 τε
2552 5025 2646 5076 καὶ
2704 5023 3269 5093 Μαρκομάννοις,καὶ
3314 5024 3498 5078 ἄλλοτε
3550 5019 3713 5076 ἄλλοις

495 5132 672 5185 neque
709 5115 821 5169 ullo
859 5115 1023 5169 verbo
1069 5113 1409 5177 adularetur,
1453 5129 1630 5183 neque
1680 5123 1828 5168 metu
1869 5127 2062 5168 eorum

2174 5116 2356 5186 χρόνον
2401 5115 2597 5186 συχνὸν
2651 5115 2982 5186 ἐπολέμησε,
3027 5117 3094 5186 τῇ
3134 5116 3358 5186 Παιονίᾳ
3401 5108 3712 5184 κεχρημένος

1675 5272 1878 5332 Variae
1912 5273 2224 5336 lectiones
2268 5283 2331 5334 ct
2376 5282 2566 5335 notae.

566 5406 676 5476 (37)
712 5403 992 5476 lialrrpéc
1016 5403 1122 5454 τὸν
1136 5399 1357 5476 εὐσεϐῆ
1393 5399 1759 5476 ’ᾼζτωξςῒνοκ
1782 5400 1872 5453 Sic
1893 5401 2058 5454 etiam

498 5469 786 5534 Ett‘sehxns,
828 5473 920 5524 lib.
953 5488 1026 5529 tv,
1059 5488 1180 5540 cap.
1218 5473 1302 5528 l5.
1341 5472 1434 5525 sed
1465 5471 1521 5523 D.
1564 5469 1743 5523 Murco
1790 5486 2062 5538 reponen-

496 5549 624 5598 dum
661 5542 942 5596 contendit
973 5541 1236 5594 Valesius.
1272 5540 1426 5593 Hunc
1457 5540 1706 5592 consule.

571 5615 677 5680 (38)
711 5613 1076 5678 tmwcrdgov.
1118 5613 1191 5664 Ita
1239 5612 1288 5662 in
1321 5610 1543 5663 Zonarae
1571 5625 1667 5661 ms.
1703 5609 2062 5678 marginibus,

497 5697 546 5735 ct
585 5689 637 5735 in
671 5681 962 5747 Capitolini
995 5683 1150 5733 libris
1185 5682 1465 5732 veteribus
1501 5681 1788 5740 sz-riliitnr,
1819 5683 2057 5745 tametsi,

500 5753 677 5818 inquit
722 5753 1098 5812 (Lasauliunus,
1145 5749 1441 5818 Philosophi
1476 5751 1770 5818 appellatio
1807 5753 1948 5802 inter
1990 5753 2058 5804 Μ.

500 5823 760 5874 A..tuuini
794 5822 981 5871 titulos
1033 5820 1225 5872 nnlli'ni
1261 5831 1535 5882 occurrat,
1570 5837 1664 5872 seu
1695 5825 1745 5873 in
1787 5822 2062 5874 ven-ribus

2172 5401 2646 5470 inscriptionibus,
2673 5416 2768 5456 seu
2800 5403 2854 5457 in
2881 5404 3141 5466 nummis,
3188 5405 3324 5460 adeo
3361 5411 3417 5456 ut
3470 5393 3708 5470 recentio-

2171 5489 2292 5525 rum
2334 5464 2666 5539 scriptornm
2710 5473 2994 5527 inventum
3055 5464 3170 5528 sit:
3224 5477 3348 5529 licet
3378 5464 3708 5541 philosoliltiw

2172 5542 2518 5611 potissimum
2545 5541 2788 5595 studium
2815 5543 3148 5612 impendiSse
3181 5546 3396 5598 tradant
3415 5541 3704 5612 Scriptores.

2170 5604 2410 5666 Joannes
2451 5613 2826 5666 Antiochenns
2856 5632 2866 5665 :
2894 5604 3136 5682 ’ξΕπῄιει
3186 5615 3242 5666 δὲ
3271 5617 3375 5665 τῶν
3429 5604 3704 5682 φιλὸξόρων

2172 5683 2295 5741 τοὺς
2324 5683 2430 5733 ἀπὸ
2457 5684 2548 5748 τὴς
2580 5685 2766 5753 στοᾶς,
2795 5687 2887 5736 καὶ
2917 5680 2980 5753 ἦν
3008 5677 3113 5750 ἄρα
3136 5687 3356 5737 ἐκείνων
3391 5677 3703 5753 μιμητὴςεξιξ

2176 5753 2336 5820 μόνον
2372 5735 2518 5802 κατα⁸
2542 5751 2638 5818 τὴν
2671 5735 2777 5804 τῶν
2807 5735 3178 5821 διαιτημάτων
3208 5735 3561 5822 ἐπιτήδευσιν,
3585 5735 3703 5794 ἀλλὰ

2172 5826 2315 5873 κατὰ
2346 5823 2444 5890 τὴν
2478 5823 2584 5872 τὼν
2618 5823 2964 5891 μαθημάτων
2995 5824 3277 5895 σύλληψιν.
