4048 6398
455 471 591 534 1οΠ

1749 464 1878 523 1οΛ
1891 457 1989 518 ΝΝ
2003 457 2071 516 lS
2105 458 2296 517 ZUNA
2309 461 2424 518 ιιΑξ

3563 463 3697 526 1ηθὸ

440 588 604 636 ‘t‘ltillc
632 581 696 635 ad
729 596 843 635 rem
896 588 1120 636 strenue
1156 578 1451 649 gerendam
1487 575 1797 638 cohortato,
1853 580 1910 625 et
1955 568 2021 624 ad

2132 568 2233 639 τὴν
2257 569 2505 635 ἐξουσίαν
2536 570 2700 635 ἕξειν.
2743 568 2805 625 ’0
2848 570 2906 624 δὲ
2944 570 3170 642 Μάρκος
3211 570 3340 636 τοὺς
3360 574 3701 643 ,στρατιώτας

448 674 649 725 bellum
687 687 746 726 se
772 673 1008 740 paranti,
1044 672 1290 726 victoriae
1322 669 1572 739 plurima:
1612 674 1804 721 contra
1840 663 2022 718 diver-

440 777 538 816 sos
566 761 832 816 Barbaros
863 764 1129 817 nuntiata:
1146 769 1299 827 sunt,
1322 769 1377 815 et
1406 757 1582 815 Cassii
1614 757 1788 812 cmdes
1817 773 1830 809 :
1855 768 2019 825 quem

387 908 403 922 ,ν
446 853 701 907 centurio
733 853 959 922 quidam
994 853 1048 907 itt
1084 854 1286 907 itinere
1319 864 1630 922 aggressus,
1678 848 1863 905 subito
1895 846 2023 900 vul-

424 938 690 1006 neravit,
728 958 841 996 non
898 953 1078 997 tamen
1139 942 1442 1005 lethalitcr,
1493 940 1590 995 sed
1648 938 1851 994 eaadem
1903 938 2023 1008 ejus

448 1036 678 1090 decurio
706 1034 963 1089 absolvit.
1000 1033 1094 1089 Sic
1123 1035 1215 1089 ille
1248 1049 1347 1103 per
1382 1041 1495 1087 tres
1537 1047 1755 1085 menses
1800 1038 1857 1084 et
1904 1028 2022 1083 dies

449 1142 543 1180 sex
570 1127 804 1197 imperio
838 1128 1113 1180 somniato
1144 1125 1328 1195 pet-iit.
1372 1124 1468 1178 Est
1500 1133 1555 1177 et
1585 1122 1727 1175 [ilius
1746 1120 1865 1190 ejus
1892 1118 2021 1172 alibi

448 1220 685 1274 occisus.
732 1218 1049 1288 *lmperator
1080 1233 1214 1272 vero
1244 1218 1455 1271 nullum
1487 1216 1580 1285 qui
1609 1229 1735 1268 cum
1764 1228 1832 1267 eo
1866 1212 2019 1267 dele-

448 1323 621 1379 eerat,
647 1314 888 1368 occidit:
922 1313 1017 1368 sed
1048 1312 1351 1367 clementer
1386 1310 1641 1364 tractavit
1687 1321 1900 1361 omnes.
1938 1304 2020 1358 Ad

447 1414 699 1462 senatum
733 1406 897 1459 etiam
928 1404 1172 1474 scripsit,
1212 1402 1488 1457 neminem
1514 1416 1579 1455 ex
1606 1398 1780 1464 Cassii
1814 1398 2023 1469 adjuto-

447 1500 601 1551 riltus
658 1512 779 1552 esse
823 1497 1186 1552 occidendum
1231 1510 1246 1549 :
1295 1496 1442 1550 Absit
1489 1497 1651 1557 enim,
1703 1494 1901 1563 inquit,
1957 1509 2023 1547 ne

446 1590 730 1659 quisquam
772 1595 1010 1641 vestrum
1046 1596 1261 1659 propter
1312 1603 1412 1641 me.
1453 1587 1537 1642 vel
1580 1604 1691 1640 meo
1736 1586 1818 1641 vrl
1855 1597 2023 1640 vestro

445 1681 695 1751 suffragio
726 1683 1037 1751 perimatur.
1067 1679 1221 1744 Quod
1239 1680 1339 1733 nisi
1356 1680 1601 1748 impeIro,
1628 1680 2021 1749 quamprimum

451 1772 674 1825 moriar.
708 1772 861 1825 Adeo
893 1772 945 1824 in
973 1772 1141 1825 rebus
1171 1770 1429 1825 omnibus
1458 1779 1514 1825 et
1545 1772 1671 1841 pius
1700 1779 1755 1825 et
1779 1772 2025 1826 clemens

451 1862 575 1916 fuit.
607 1861 802 1916 Postea
835 1861 918 1914 lex
958 1861 1063 1914 lata
1100 1869 1205 1923 est,
1233 1875 1302 1914 ne
1325 1860 1449 1931 quis
1478 1860 1527 1915 ei
1556 1860 1852 1930 provinciae
1885 1877 2024 1933 pra:-

449 1960 619 2014 εεεοι,
660 1967 692 2005 e
720 1966 827 2021 qua
855 1959 1020 2005 natus
1064 1959 1211 2006 esset
1241 1967 1254 2003 :
1285 1960 1580 2022 propterea
1620 1952 1768 2021 quod
1797 1951 2021 2007 Cassius

448 2044 621 2113 Syriae
656 2055 872 2112 pra-tor,
923 2042 980 2095 in
1015 2057 1122 2111 qua
1172 2042 1407 2109 patriam
1473 2042 1733 2103 habebat,
1790 2059 2020 2113 regnum

447 2136 752 2187 atl'cctarat.
788 2130 1024 2184 Athenas
1048 2132 1326 2199 profectus
1357 2129 1591 2195 Marcus,
1614 2131 1828 2185 civibus
1850 2130 2025 2186 hono—

450 2240 566 2278 rem
602 2224 815 2279 habuit.
863 2230 920 2275 et
965 2221 1212 2275 omnium
1270 2221 1687 2292 disciplinarum
1736 2223 2023 2292 magistros

448 2315 747 2379 ordinavit,
809 2313 1009 2367 annuis
1064 2311 1357 2382 stipendiis
1402 2327 1433 2367 e
1484 2311 1705 2381 publico
1760 2311 2020 2369 decretis.

446 2411 585 2464 Cum
636 2408 863 2461 Romam
914 2405 1181 2469 venisset,
1231 2406 1488 2459 omnibus
1537 2404 1631 2475 qui
1678 2404 1871 2459 aerario
1928 2413 2024 2458 aut

451 2503 585 2555 ﬁsco
605 2498 907 2562 debebant,
940 2511 1015 2552 aes
1036 2495 1281 2550 alienum
1312 2494 1669 2556 condonavit,
1701 2494 2024 2550 civitatibus

449 2590 738 2662 pecuniam
791 2588 964 2653 dedit,
1007 2595 1063 2640 et
1094 2586 1384 2659 Smyrnam
1419 2594 1732 2641 terraentotu
1764 2586 2017 2640 amictum

448 2680 745 2736 instaurari
771 2678 952 2750 jussit.
1006 2676 1285 2749 Scythicis
1311 2677 1569 2747 gentibus
1601 2676 1782 2730 denuo
1817 2675 2022 2729 tumul-

451 2772 758 2833 tuantibus,
787 2770 898 2823 lilio
928 2770 1203 2823 maturius
1234 2782 1399 2838 quant
1442 2777 1738 2833 statuerat,
1770 2766 2024 2836 Crispina

450 2878 625 2918 uxore
698 2862 851 2925 data,
902 2860 1312 2931 expeditionem
1359 2858 1627 2929 suscepit,
1683 2858 1915 2928 pet‘unia
1957 2874 2024 2911 ex

449 2955 647 3011 aerario
670 2955 863 3024 petita.
891 2951 1086 3008 Omnia
1115 2951 1262 3005 enim
1297 2962 1523 3007 senatus
1563 2952 1862 3021 populique
1901 2965 2024 3006 esse

450 3048 687 3103 dicebat.
738 3046 993 3100 Barbaris
1023 3042 1333 3107 debellatis,
1388 3043 1664 3098 decimum
1725 3043 2026 3113 imperator

450 3151 537 3196 εει
566 3140 898 3209 appellatus.
936 3136 1093 3202 Quod
1119 3136 1165 3190 si
1200 3135 1427 3189 vixisset
1482 3135 1712 3201 diutius,
1759 3135 1879 3191 loca
1934 3134 2025 3189 illa

2124 660 2645 731 συγκαλεσὰμενος,
2711 662 3119 732 ἐδημηγόρησε,
3171 663 3266 716 καὶ
3315 664 3700 735 παρεθάρρυνε

2124 753 2264 821 σφᾶς
2303 753 2437 823 πρδς
2475 753 2565 805 τὸν
2600 753 2860 819 πόλεμον.
2894 755 3448 827 Παρασκευαξομένῳ
3475 757 3531 810 δὲ
3567 759 3701 811 sint

2122 864 2180 899 τε
2227 848 2473 901 πλεῖσται
2507 848 2649 901 κατὰ
2680 846 2984 919 Βαρϐάρων
3028 849 3301 920 διαφόρων
3338 851 3699 922 ἠγγέλθησαν,

2124 940 2215 991 καὶ
2263 940 2574 1011 ἡΚασσίου
2622 943 2834 1011 σφαγὴ,
2863 941 2922 995 ὃν
2971 942 3373 1013 ἑκατόνταρχος
3422 961 3509 1007 τις
3565 944 3701 1013 βαδί·

2124 1029 2270 1094 ζοντι
2324 1030 2683 1100 προσελθὼν,
2744 1031 2985 1102 ἔτρωσεν
3038 1033 3350 1101 αἰφνίδιον,
3408 1035 3472 1088 οὐ
3526 1037 3699 1104 μέντοι

2124 1122 2378 1191 καιρίως,
2410 1122 2965 1193 προσκατειργάσατο
2989 1124 3045 1176 δὲ
3077 1125 3168 1176 τὸν
3202 1124 3368 1192 φόνον
3408 1124 3699 1195 δέκαρχοςο

2124 1215 2215 1264 καὶ
2244 1214 2270 1264 δ
2305 1214 2401 1277 μὲν
2441 1211 2616 1277 οὕτως
2643 1212 2912 1275 ἀπώλετο,
2950 1215 3125 1283 μῆνας
3165 1217 3315 1283 τρεῖς
3362 1216 3462 1269 καὶ
3494 1218 3698 1285 ἡμέρας

2124 1304 2183 1367 ἓξ
2213 1304 2308 1373 τὴν
2351 1305 2528 1375 ἀριὴν
2565 1304 2884 1375 ὀνειρώξας.
2925 1306 3032 1358 Kal
3076 1307 3105 1358 ὁ
3150 1308 3264 1369 υίὸς
3293 1307 3353 1360 δέ
3383 1307 3549 1360 αὑτοῦ
3579 1312 3696 1375 ἐπεο-

2124 1394 2289 1465 νεύθη
2325 1396 2613 1466 τυγχάνων
2637 1398 2887 1468 ἑτέρωθι.
2936 1398 2996 1451 '0
3036 1398 3081 1451 δ’
3113 1398 3480 1470 αὐτοκράτωρ
3514 1401 3694 1453 οὐδένα

2123 1487 2234 1539 τῶν
2262 1487 2460 1557 ἐκείνῳ
2499 1489 2960 1543 συναποστάντων
2989 1490 3320 1561 διεχρήσατο
3341 1508 3358 1523 ο
3391 1492 3507 1545 ἀλλ’
3535 1494 3697 1545 ἐπιει-

2125 1579 2239 1643 κῶς
2268 1580 2544 1650 ἐχρήσατο
2578 1578 2849 1647 ξύμπασι.
2886 1583 2998 1635 Καὶ
3035 1585 3101 1652 τῇ
3136 1581 3303 1654 βουλῇ
3343 1582 3403 1637 at
3427 1584 3694 1637 ἐπέστειλε

2128 1672 2335 1742 μηδένα
2367 1674 2474 1726 τῶν
2509 1674 2738 1743 Κασσίῳ
2789 1675 3185 1744 συναραμένων
3249 1677 3546 1730 τεθνάναι·
3601 1677 3690 1742 Μὴ

2124 1763 2235 1834 γὰρ
2293 1764 2552 1833 γένοιτο,
2618 1767 2746 1837 ἔφη,
2775 1767 3007 1836 μηδένα
3035 1768 3202 1837 ὑμῶν
3257 1770 3336 1823 δι’
3386 1770 3511 1839 ἐμὲ,
3552 1770 3694 1839 μήτε

2127 1856 2202 1926 τῇ
2226 1855 2364 1927 ἐμῇ,
2394 1857 2551 1926 μήτε
2597 1858 2672 1927 τῇ
2712 1860 2968 1929 ὑμετέρᾳ
3007 1860 3191 1928 ψήέῳ
3223 1861 3558 1931 σφαγῆναι.
3594 1864 3693 1915 Ἂν

2127 1947 2304 2017 δὲμὴ
2357 1950 2574 2004 τούτου
2608 1952 2789 2019 τύχω,
2837 1953 3087 2006 σπεύσω
3134 1952 3364 2008 θανεῖν.
3421 1953 3574 2007 Οὕτω
3613 1954 3693 2004 ait

2124 2041 2341 2093 πάντων
2371 2041 2468 2094 καὶ
2529 2042 2763 2113 εὐσεϐὴς
2825 2044 3047 2112 ἐγένετο
3105 2044 3201 2097 καὶ
3249 2045 3508 2115 χρηστός.
3551 2046 3690 2097 Ἐνοο

2127 2133 2397 2204 μοθετήθη
2424 2134 2483 2187 δέ
2529 2135 2655 2188 τότε
2706 2135 2910 2205 μηδένα
2964 2137 3059 2189 τοῦ
3107 2135 3301 2199 ἔθνους
3337 2136 3546 2208 ἄρχειν,
3579 2137 3693 2190 ὅθεν

2124 2226 2365 2293 ἐγένετο,
2398 2227 2540 2281 ὃτιδ
2599 2227 2840 2292 Κάσσιος
2894 2227 2953 2281 ἐν
3007 2230 3074 2299 τῇ
3128 2230 3303 2300 Συρίᾳ
3333 2229 3690 2301 ἡγεμονεύων,

2124 2313 2257 2367 ὅπου
2292 2314 2385 2368 καὶ
2418 2315 2451 2385 ἡ
2493 2316 2691 2386 πατρὶς
2740 2314 2908 2368 αὐτοῦ
2952 2311 3042 2387 ἦν,
3081 2317 3449 2386 ἐνεόχμωσεν.
3506 2316 3691 2371 Ἐλθὼν

2123 2405 2169 2458 δ’
2216 2408 2296 2469 εἰς
2345 2406 2575 2474 Ἀθήνας
2622 2408 2650 2460 ὁ
2687 2407 3131 2478 Μάρκος,τιμάς
3154 2425 3212 2461 τε
3239 2412 3356 2473 τοῖς
3401 2408 3691 2479 Ἀθηναίοις

2126 2497 2328 2566 ἔνειμε,
2364 2498 2460 2550 καὶ
2496 2497 2851 2561 διδασκάλους
2887 2500 2983 2552 ἐπὶ
3016 2499 3195 2569 πάσης
3236 2502 3487 2565 παιδείας
3524 2502 3690 2566 ἔταξε,

2127 2592 2319 2661 μισθὸν
2347 2592 2566 2659 ἐτήσιον
2613 2595 2677 2645 ἐκ
2728 2593 2822 2645 τοῦ
2874 2593 3106 2662 ταμείου
3155 2595 3570 2664 κομιζομένους.
3611 2595 3691 2657 Ἐς

2123 2683 2179 2735 δὲ
2212 2682 2309 2754 τὴν
2360 2681 2579 2753 Ῥώμην
2629 2682 2822 2748 ἐλθὼν,
2874 2686 2984 2746 τοῖς
3027 2684 3253 2754 δφλουσι
3315 2686 3393 2755 τῷ
3441 2685 3691 2756 βασιλικῷ

2123 2776 2334 2843 ταμεὲῳ
2365 2775 2460 2825 καὶ
2495 2773 2574 2842 τῷ
2607 2774 2850 2843 δημοσίῳ
2875 2776 3043 2827 πᾶσιν
3085 2775 3267 2845 άτρῆκε
3319 2776 3417 2840 τὰς
3464 2775 3687 2846 ὀφει>.ἁ;,

2124 2863 2316 2918 πᾶλεσί
2344 2880 2404 2917 τε
2431 2866 2692 2935 χρήματα
2744 2865 2966 2930 δέδωκε,
3020 2867 3116 2919 καὶ
3161 2869 3263 2938 τὴν
3315 2868 3566 2940 Σμύρναν
3594 2866 3690 2920 ὑπὸ

2126 2958 2352 3026 σεισμοῦ
2379 2956 2659 3012 παθοῦσαν
2692 2959 3185 3029 άνοικοδομηθῆναι
3214 2962 3568 3031 προσέταξεν.
3610 2961 3688 3020 Ὠς

2124 3046 2168 3098 δ’
2219 3044 2373 3110 αὖθις
2424 3048 2494 3100 τὰ
2548 3048 2794 3101 Σκυθικὰ
2845 3051 3124 3120 κεκίνητο,
3183 3056 3422 3119 γυναῖκα
3475 3052 3551 3121 τῷ
3596 3047 3689 3119 υίῷ

2127 3138 2382 3210 θᾶττονῆ
2436 3140 2689 3195 ἐϐούλετο
2742 3142 3053 3213 Κρισπίναν
3109 3143 3404 3215 συνῴκισε,
3457 3144 3546 3198 καὶ
3579 3140 3688 3195 κατ’

449 3232 633 3286 omnia
670 3231 995 3300 subegisset.
1029 3227 1137 3283 Sed
1170 3226 1333 3295 obiit,
1377 3241 1407 3281 a
1449 3222 1703 3292 medicis,
1751 3237 1813 3283 ut
1847 3229 2022 3294 aiunt,

2126 3232 2307 3287 αὐτῶν
2335 3231 2749 3303 ἐξεστράτευσε,
2783 3235 2877 3287 καὶ
2915 3236 3178 3305 χρήματα
3220 3237 3290 3290 ἐκ
3316 3236 3411 3290 τοῦ
3443 3233 3688 3307 δημοσίου

449 3324 509 3379 in
540 3322 823 3378 Commodi
873 3320 1102 3390 gratiam
1153 3318 1441 3373 confectus
1482 3334 1499 3375 :
1538 3316 1699 3389 597
1729 3334 1890 3390 quem
1931 3330 2016 3376 ta-

450 3431 576 3469 men
606 3416 718 3484 jatn
752 3412 1057 3467 moriturus
1088 3411 1357 3466 militibus
1398 3411 1827 3478 commendavit,
1855 3427 1923 3466 ne
1952 3412 2022 3466 ab

447 3523 516 3561 eo
545 3504 783 3559 intertici
821 3502 1134 3558 videretur.
1196 3502 1454 3558 'l‘rihuno
1514 3511 1775 3556 tesseram
1810 3510 2023 3572 'postth

448 3598 581 3652 lanti
616 3614 632 3651 :
670 3595 748 3650 Ad
782 3596 1033 3649 orientem
1065 3592 1313 3665 (inquit)
1366 3594 1483 3647 ito:
1520 3609 1613 3665 ego
1639 3596 1775 3647 enim
1794 3593 1911 3662 jam
1940 3610 2026 3648 oc-

447 3690 585 3743 cido.
629 3685 779 3743 Obiit
810 3700 983 3739 annos
1005 3700 1091 3739 ιιι
1120 3691 1301 3750 natus,
1334 3684 1536 3739 diebus
1578 3700 1781 3739 κιαι-ιιι
1818 3685 2020 3739 minus.

448 3782 684 3850 imperio
710 3794 885 3834 annos
921 3794 1012 3832 xu
1039 3786 1097 3833 et
1125 3777 1244 3833 dies
1275 3792 1327 3832 ιι
1360 3776 1567 3848 optime
1606 3779 1844 3847 praefuit.
1887 3779 2021 3832 Nam

446 3888 571 3927 cum
603 3880 795 3924 natura
826 3870 909 3924 vir
937 3870 1118 3925 bonus
1145 3877 1315 3935 esset,
1357 3868 1610 3924 doctrina
1634 3870 1796 3940 longe
1827 3870 2026 3926 melior

445 3966 620 4020 evasit
651 3981 666 4020 :
703 3979 884 4034 neque
912 3972 1095 4019 tamen
1127 3962 1365 4018 felicitas
1396 3963 1586 4018 virtuti
1620 3964 1743 4034 ejus
1792 3978 2024 4035 respon-

445 4060 548 4111 dli.
579 4056 698 4123 Quo
724 4055 897 4126 magis
932 4054 1290 4110 admirandus
1342 4064 1463 4121 est,
1500 4056 1648 4124 quod
1681 4054 1736 4109 in
1782 4056 2024 4126 asperri-

450 4151 554 4205 tnis
576 4159 629 4204 et
664 4148 1003 4204 dillicillitnis
1046 4149 1213 4203 rebus
1246 4156 1302 4203 et
1357 4150 1717 4218 semetipsum
1759 4157 1815 4202 et
1847 4150 2024 4219 impe-

446 4244 592 4297 rium
624 4240 989 4297 conservavit.
1022 4239 1102 4294 Eo
1139 4239 1466 4310 imperante,
1502 4249 1727 4294 sanctus
1766 4240 2023 4312 Polycar-

447 4348 552 4403 pus
583 4331 901 4403 Smyrnaeus
933 4329 1183 4401 pontifex
1218 4330 1465 4402 martyrii
1494 4345 1699 4386 corona
1732 4331 2024 4385 redimitus

449 4436 534 4481 est
584 4442 599 4479 :
640 4434 698 4480 et
753 4423 1070 4493 eloquentia
1130 4438 1381 4493 magnus,
1436 4423 1780 4478 confessione
1826 4427 2020 4495 major,

2096 3321 2107 3331 ³
2133 3323 2325 3395 ᾔτησε·
2356 3323 2541 3378 Πάντα
2573 3324 2682 3394 γὰρ
2712 3324 2810 3394 τῆς
2835 3322 3032 3394 βουλῆς
3062 3325 3158 3379 καὶ
3186 3325 3283 3379 τοῦ
3316 3326 3487 3398 δήμου
3515 3325 3688 3392 ἔλεγεν

2128 3410 2288 3470 εἶναι.
2345 3414 2924 3486 Καταπολεμηθέντων
2973 3415 3031 3470 δὲ
3075 3416 3183 3470 τῶν
3234 3417 3553 3489 Βαρϐάρων.
3594 3414 3687 3467 αύ-

2126 3506 2410 3577 τοκράτωρ
2448 3506 2869 3577 προσηγορεύθη
2914 3507 2973 3561 τὸ
3022 3507 3245 3561 δέκατον
3308 3510 3443 3579 (42).
3502 3507 3603 3561 Καὶ
3642 3504 3687 3557 ει

2129 3593 2208 3645 ἔτι
2239 3594 2451 3664 ἐξήκει,
2482 3595 2551 3646 τά
2580 3595 2698 3646 ἐκεῖ
2732 3597 2912 3647 πάντα
2940 3595 3046 3648 ὑπὸ
3088 3596 3394 3665 Ῥωμαίους
3416 3596 3480 3651 ἂν
3517 3594 3688 3663 ἐποιήο

2128 3701 2258 3738 σατο
2289 3701 2303 3715 ⁸
2356 3684 2492 3737 ἀλλὰ
2542 3685 2870 3754 μετήλλαξε,
2915 3686 3025 3739 τῶν
3067 3688 3271 3757 ἰατρῶν
3314 3688 3475 3741 αὐτὸν
3509 3700 3687 3752 κατερ-

2125 3778 2478 3847 γασαμένων,
2527 3777 2603 3840 ὡς
2643 3776 2885 3845 λέγεται,
2915 3777 2991 3849 τῷ
3024 3779 3251 3850 Κομόδῳ
3304 3777 3682 3850 χαριζομένων.

2130 3871 2291 3939 ΙἌρτι
2324 3868 2380 3921 δὲ
2405 3869 2653 3939 θνήσκων
2674 3868 2868 3922 τοῦτον
2899 3886 2959 3923 τε
2989 3875 3101 3933 τοῖς
3127 3873 3492 3941 στρατιώταις
3518 3885 3683 3939 παρα-

2126 3958 2406 4024 κατέθετο,
2444 3960 2530 4012 ἶνα
2562 3959 2638 4030 μὴ
2666 3959 2797 4030 δοκῇ
2828 3958 2919 4013 ὑπ’
2954 3962 3123 4014 αὑτοῦ
3155 3962 3437 4032 θνήσκειν.
3469 3963 3575 4015 Kal
3611 3958 3683 4028 τῷ

2125 4051 2408 4123 Χιλιάρχῳ
2442 4052 2502 4105 τὸ
2534 4051 2788 4123 σύνθημα
2824 4052 3088 4117 αἰτοῦντι,
3117 4054 3274 4124 Πρὸς
3308 4057 3416 4110 τὸν
3445 4052 3682 4110 ἀνατέλ-

2123 4148 2335 4209 λοντα,
2370 4140 2547 4208 εἶπεν,
2585 4144 2775 4208 ἄπιθι,
2808 4144 2923 4215 ἐγὼ
2964 4149 3075 4215 γὰρ
3113 4147 3330 4217 δύομαι
3362 4148 3496 4218 ἤδη.
3539 4149 3684 4215 Ἀρι-

2128 4255 2228 4291 στα
2251 4236 2344 4291 οὖν
2393 4236 2566 4307 ἄρξας
2610 4235 2936 4308 μετήλλαξε,
2991 4237 3165 4308 ζήσας
3222 4239 3326 4310 μὲν
3372 4241 3465 4311 ἐτη
3504 4238 3685 4305 πεντή-

2124 4348 2290 4385 κοντα
2322 4332 2415 4384 καὶ
2446 4331 2627 4397 ἐννέα,
2671 4331 3031 4401 αὑταργήσας
3061 4331 3119 4384 δὲ
3159 4332 3253 4403 ἐτη
3293 4316 3683 4389 ἐννεακαίδεκα,

2126 4425 2222 4477 καὶ
2275 4422 2488 4493 ἡμέρας
2542 4421 2758 4476 ἕνδεκα.
2817 4417 2925 4475 Ἦν
2978 4424 3088 4491 γὰρ
3142 4424 3238 4476 καὶ⁵
3285 4424 3445 4493 φύσει
3493 4418 3681 4488 ἀγαθὸς

444 4517 697 4572 Justinus
716 4524 994 4570 certamen
1018 4513 1180 4577 obiit,
1211 4516 1369 4581 cujus
1393 4514 1563 4568 multa
1588 4515 1791 4583 scripta
1822 4516 2022 4568 etiam-

2127 4514 2288 4583 ἀνὴρ,
2319 4511 2546 4566 πλεῖστα
2573 4512 2629 4565 δὲ
2660 4513 2751 4565 καὶ
2788 4512 2893 4565 ὑπὸ
2916 4513 3169 4577 παιδείας
3201 4513 3428 4585 βελτίων
3458 4513 3677 4580 ἐγένείο-

446 4626 579 4665 num
610 4618 848 4665 exstant.
885 4606 1093 4663 Octavo
1122 4622 1270 4661 anno
1305 4607 1521 4677 imperii
1549 4607 1714 4677 hujus
1743 4607 1816 4661 Μ.
1844 4607 2017 4662 Anto-

2130 4578 2421 4674 OO‘pévmt
2454 4603 2619 4669 ἀξίως
2653 4604 2751 4673 τῆς
2786 4604 2989 4676 ἀρετῆς
3026 4578 3437 4674 εὐδαιμόνησεν.
3482 4578 3681 4656 Ἓντεῦ-

445 4702 564 4756 nini
613 4703 762 4767 Veri,
826 4700 1090 4754 Anicetus
1145 4699 1283 4764 obit,
1329 4699 1573 4754 Ecclesia
1622 4699 1868 4753 Romana
1923 4715 2022 4769 per

2131 4696 2223 4749 θεν
2268 4695 2326 4748 δὲ
2380 4695 2582 4765 μᾶλλον
2615 4694 2952 4763 θαυμάσειεν
2996 4694 3060 4749 ἄν
3095 4712 3179 4758 τις
3232 4697 3418 4759 αὐτὸν,
3472 4694 3549 4748 ὅτι
3595 4687 3680 4741 καὶ

444 4806 621 4847 annos
647 4807 697 4844 ιι
734 4790 1061 4862 gubernata.
1088 4788 1151 4842 Ei
1184 4789 1457 4845 successit
1491 4788 1673 4844 Soter.
1721 4789 2021 4846 Celadione

2125 4789 2439 4851 ἀλλοκότοις
2496 4788 2591 4839 καὶ
2645 4785 2908 4851 ἐξαισίοις
2945 4788 3296 4858 χρησάμενος
3359 4787 3676 4856 πράγμασιν,

445 4893 572 4955 post
608 4897 783 4938 annos
807 4898 896 4935 xw
934 4883 1043 4935 vita
1078 4881 1292 4943 functo,
1348 4880 1758 4936 Alexandrinus
1803 4883 2021 4952 cpisco-

2127 4882 2291 4945 αὐτὸς
2343 4897 2403 4933 τε
2456 4880 2832 4950 περιεγένετο,
2866 4880 2961 4933 καὶ
3006 4882 3107 4950 τὴν
3156 4882 3332 4951 ἀρχὴν
3381 4876 3675 4932 διεσώσατο.

448 4985 608 5048 patus
632 4975 931 5047 Agrippino
952 4982 1035 5028 est
1064 4973 1297 5028 traditus
1346 4971 1605 5027 Cornelio
1636 4974 1872 5029 HCI‘OttlS
1896 4990 2017 5030 suc-

451 5071 683 5133 cessori,
716 5067 915 5121 ordine
958 5074 1183 5135 quarto,
1237 5064 1504 5119 successit
1557 5065 1784 5134 quintus
1836 5066 2017 5123 Eros:

451 5161 530 5215 illi
566 5158 908 5229 Theophilus
934 5167 1145 5222 sextus,
1177 5157 1273 5224 qui
1310 5156 1531 5226 scriptis
1564 5166 1754 5210 contra
1789 5156 2021 5211 Marcio-

450 5270 501 5307 n«
523 5269 575 5306 m
604 5252 887 5322 pugnavit.
930 5250 989 5304 Ei
1024 5248 1289 5303 successit
1322 5247 1649 5301 Maximinus
1686 5247 1792 5301 \‘ll.
1831 5247 2024 5301 Sotere

450 5346 820 5400 Romanorum
856 5341 1113 5412 pontitiee
1156 5339 1325 5393 rebus
1351 5340 1583 5392 terrenis
1633 5349 1916 5407 exempto,
1970 5339 2025 5392 itt

448 5442 569 5507 ejus
602 5437 799 5491 throno
831 5434 1134 5488 collocatus
1158 5441 1245 5486 est
1270 5430 1622 5507 Eleutlterus.

2129 4974 2334 5029 Τούτου
2365 4971 2714 5043 κρατοῦντος,
2757 4974 2785 5023 ὁ
2818 4975 2959 5041 ίερὲς
3011 4973 3365 5044 Πολύκαρπος
3391 4974 3418 5025 ὁ
3444 4969 3675 5039 Σμύρνης

2132 5066 2419 5135 ἀρχιερεὺς
2472 5063 2565 5114 τὸν
2628 5066 2971 5133 μαρτυρικὸν
3031 5064 3329 5133 ἀνεδήσατο
3387 5060 3672 5127 στέφανον’

2124 5160 2221 5207 καὶ
2276 5156 2303 5205 ὁ
2345 5154 2519 5224 μέγας
2556 5154 2649 5206 ἐπὶ
2698 5153 2877 5221 λόγοις
2932 5155 3027 5207 καὶ
3084 5156 3288 5224 μείζων
3330 5155 3387 5206 ἐν
3436 5143 3675 5220 ὁμολογίᾳ

2137 5247 2421 5309 ἰουστίνος
2467 5246 2782 5315 ἐνήθλησεν,
2815 5239 2875 5298 οὗ
2928 5244 3099 5298 πολλὰ
3156 5246 3318 5316 μέχρι
3369 5242 3516 5296 τοῦδε
3557 5251 3674 5301 συγ-

2126 5341 2432 5411 γράμματα
2460 5337 2747 5401 σώζονται.
2779 5337 2868 5407 Τῷ
2896 5337 2952 5390 δὲ
3003 5337 3175 5409 ὀγδόῳ
3211 5338 3320 5391 ἐτει
3345 5338 3440 5406 τῆς
3461 5330 3670 5399 Μάρκου

2125 5433 2339 5501 Οὐήρον
2396 5430 2492 5482 τοῦ
2559 5429 2879 5481 Ἀντωνίνου
2929 5429 3121 5481 τούτου
3183 5429 3354 5501 ἀρχῆς
3411 5420 3667 5501 ’Ἀνίκητος

454 5533 698 5600 τελευτῇ,
730 5527 826 5597 ἐτη
865 5526 1000 5580 δέκα
1045 5527 1137 5577 ἐπὶ
1182 5525 1265 5577 ἐνὶ
1307 5523 1406 5594 τῆς
1456 5523 1745 5593 Ῥωμαίων
1803 5520 2133 5593 Ἐκκλησίας
2200 5521 2465 5592 προστάς.
2550 5521 2660 5574 Καὶ
2698 5523 2891 5575 τοῦτον
2937 5520 3128 5592 Σωτὴρ
3190 5522 3521 5590 διαδέχεταιο
3584 5499 3670 5559 κῦιι

1958 5561 2004 5593 "t

1605 5681 1803 5743 Vat-ite
1847 5683 2154 5747 lectiones
2199 5690 2261 5746 et
2304 5689 2492 5743 notua.

526 5806 632 5876 (.12)
674 5804 1063 5873 Αὐτοκράτωρ
1094 5809 1158 5861 τὸ
1187 5807 1458 5862 δέκατον.
1493 5807 1571 5862 lla
1605 5807 1747 5863 infra
1776 5808 1828 5861 in
1860 5810 2024 5863 (Zom-

462 5881 622 5930 ‘.:todo
666 5894 677 5928 :
712 5877 1064 5945 αὐτοκράτωρ
1095 5879 1153 5929 τὸ
1186 5878 1394 5945 ὃγδοον.
1453 5877 1639 5932 Toties
1672 5880 1874 5947 quippe
1911 5881 2016 5932 int-

2133 5817 2420 5880 peratores
2444 5807 2906 5880 atelamahatttur.
2943 5807 3162 5877 quoties
3202 5807 3384 5861 hostes
3419 5797 3659 5855 vicerant.

2129 5878 2223 5934 aut
2249 5889 2401 5935 certe
2436 5878 2819 5945 expvdttiones
2856 5881 3082 5934 bellicas
3100 5881 3470 5932 susceperant.
