4048 6420
430 303 566 370 1009

1696 310 2097 373 axx-\qu
2142 314 2286 377 LIB.
2330 289 2465 376 xu.

3554 286 3717 376 1010'

426 417 763 484 Κελαδίωνος
800 420 935 489 μετᾶ
979 418 1113 475 δέκα
1156 421 1248 474 καὶ
1291 419 1534 490 τέσσαρα
1582 422 1676 490 ἔτη
1724 423 1823 489 τὴν
1891 421 2039 493 ζωὴν
2078 425 2546 493 ἐκμετρῆσαντος,
2593 426 2949 496 Ἀγριππῖνος
3005 425 3105 496 τὴν
3148 420 3545 490 Ἀλεξανδρέων
3572 422 3696 471 ἐπι.

427 511 637 584 σκοπὴν
703 513 1080 582 ἐγκεχείριστο
1146 513 1282 583 (43).
1349 514 1459 567 Καὶ
1519 514 1621 584 τῆς
1681 515 2007 584 Ἀντιοχέων
2058 517 2386 585 Ἐκκλησίας
2449 520 2589 587 μετὰ
2673 519 2900 591 Ἥρωνα
2960 518 3261 588 Κορνηλίου
3353 512 3696 583 προστάντος

426 604 714 673 τετάρτου,
746 607 995 674 πέμπτος
1019 606 1200 675 Ἔρως
1224 606 1389 659 αὐτὸν
1444 606 1735 672 διεδέξατο.
1807 607 2073 660 Κάκεῖνον
2109 608 2265 670 ἕκτος
2309 610 2588 679 Θεόφιλος,
2626 611 2685 675 δς
2731 613 2826 665 καὶ
2872 610 3013 664 κατὰ
3047 608 3370 676 Μαρκίωνος
3404 606 3697 673 ἐγγράφως

426 694 710 748 ὡττλίσατο
739 712 754 727 ’
804 695 864 748 ὃν
907 696 1137 766 ἕϐδομος
1189 695 1463 760 διεδέξατο
1515 697 1840 766 Μαξιμίνοῖ.
1899 697 2007 750 Τοῦ
2057 698 2347 768 Ῥωμαίων
2409 701 2467 755 δὲ
2505 703 3030 775 ἀρχιερατεύσαντος
3103 700 3355 770 Σωτῆρος
3386 696 3692 766 μεταστάν-

427 807 518 852 τος
550 788 657 842 τῶν
681 789 905 858 γηΐνων,
940 790 1262 859 ἀντεισῆκτο
1305 790 1642 863 Ἐλεύθερος.

504 884 576 934 Δ’.
610 878 854 948 Κὸμοδος
893 878 949 932 δέ
980 879 1008 929 ὁ
1036 879 1149 943 υἱὸς
1194 880 1517 935 Ἀντωνίνου
1571 884 1825 955 Μάρκου,
1882 884 2006 956 ἄρι-

2186 883 2277 936 IV.
2318 882 2657 937 Commodus
2692 896 2845 943 vero,
2885 879 3246 936 M.Antonini
3283 879 3456 940 ﬁlius,
3492 877 3702 943 Optime

434 987 537 1024 στα
572 970 723 1037 παρὰ
751 969 848 1023 τοῦ
877 970 1086 1042 πατρὸς
1133 974 1362 1042 τραφείς
1410 990 1468 1025 τε
1500 976 1593 1028 καὶ
1633 975 1918 1045 ἀναχθεὶς,
1958 977 2021 1030 οὗ

431 1061 575 1114 κατὰ
601 1054 702 1131 τὴν
734 1061 984 1114 παιδείαν
1032 1063 1389 1134 ἀποϐεϐήκει,
1437 1067 1619 1137 ἥνπερ
1673 1070 2021 1131 πεωίδευτο,

437 1154 553 1207 ἀλλ’
588 1151 794 1213 ἄκακος
840 1152 940 1221 μὲν
983 1147 1053 1223 ἦν
1085 1154 1178 1206 καὶ
1219 1156 1361 1225 πρὸς
1417 1160 1760 1228 πανουργίαν
1811 1161 2022 1212 ἀποπεο

434 1243 631 1312 φύκει·
678 1242 851 1307 δειλὸς
902 1243 959 1295 δὲ
985 1240 1083 1303 ὢν.
1135 1246 1230 1299 καὶ
1264 1247 1377 1310 τιῖς
1424 1249 1641 1302 συνοῦσι
1699 1251 2022 1321 πειθόμενος

433 1336 504 1391 δι’
537 1337 850 1403 ἁπλότητα,
892 1338 962 1390 τὰ
1022 1337 1118 1407 ἔθη
1157 1354 1217 1390 τε
1281 1337 1549 1409 διεφθάρη
1600 1340 1697 1396 καὶ
1745 1344 1827 1404 είς
1864 1344 2025 1397 ἀσέλ..

436 1444 598 1495 γειαν
650 1427 745 1481 καὶ
805 1428 1120 1497 μιαιφονίαν
1181 1428 1477 1499 προήχθη,
1527 1432 2022 1504 ἐννεακαιδεκάτης

434 1523 723 1589 τυγχάνων
771 1521 857 1573 ὅτε
919 1520 1021 1590 τῆς
1079 1521 1332 1585 ἐξουσίας
1370 1525 1696 1594 ἐκράτησεν.
1744 1528 1906 1582 Ὅθεν
1926 1530 2024 1592 τὰς

438 1611 774 1679 συμϐουλίας
801 1610 910 1664 τῶν
937 1611 1181 1681 ἀριστῶν
1210 1613 1312 1681 τῆς
1349 1612 1546 1685 βουλῆς
1596 1618 2023 1687 παρωσάμενος,

436 1702 529 1767 οὓς
558 1704 892 1775 ἐπιτρόπους
924 1704 1227 1774 ἐπέστησεν
1251 1706 1403 1776 αὒτῷ
1430 1708 1458 1761 ὁ
1492 1708 1699 1780 πατὴρ,
1734 1711 2023 1766 σπένδεται

438 1795 548 1854 τοῖς
575 1791 898 1863 Βαρϐἁροις,
937 1792 1032 1845 καὶ
1059 1793 1140 1856 εἰς
1171 1793 1269 1861 τὴν
1301 1793 1521 1866 Ῥώμην
1554 1798 1861 1863 ὑπονοστεῖ,
1900 1799 2025 1853 οὔτε

439 1887 623 1937 πονεῖν
678 1882 904 1947 ἐθέλων,
944 1883 1039 1936 καὶ
1071 1885 1597 1959 ἐῤῥαττωνευμένης
1643 1889 1787 1960 ἐρῶν
1810 1889 2017 1961 βιοτῆς.

441 1976 607 2029 Ὅθεν
650 1976 744 2030 καὶ
802 1975 1124 2039 πλειστάκις
1185 1978 1591 2052 ἐπεϐουλεύθη,
1636 1983 1732 2037 καλ⁸
1795 1983 2025 2054 συχνοὺς

442 2068 766 2124 ἀπέκτεινεν
799 2069 911 2140 (44)
937 2069 1040 2122 οὐκ
1076 2069 1275 2140 ἄνδρας
1316 2071 1501 2142 μόνον,
1542 2073 1678 2128 ἀλλὰ
1710 2074 1806 2129 καὶ⁵
1831 2079 2026 2146 γυναῖ-

444 2178 570 2227 κας,
602 2164 698 2216 καὶ
731 2162 917 2232 σχεδὸν
945 2163 1153 2224 πάντας
1182 2165 1308 2226 τοὺς
1335 2165 1460 2218 τότε
1488 2165 1853 2237 ἁνθήσαντας,
1888 2169 2023 2242 ἄτερ

450 2251 829 2323 Πομπηῖανοῢ,
859 2253 956 2307 καὶ
988 2255 1341 2324 Περτίνακος,
1376 2256 1469 2308 καὶ
1501 2254 1864 2328 Βικτωρίνου,
1889 2257 2022 2314 ὥστ’

445 2342 649 2412 ἄπορον
676 2341 984 2410 λογίζεσθαι
1011 2345 1125 2405 τοῖς
1152 2341 1324 2396 ταῦτα
1341 2345 1842 2415 συγγραψαμένοις.
1871 2346 2021 2412 ὅπως

446 2436 649 2491 ἐκεῖνοι
681 2435 773 2487 τὸν
799 2434 960 2503 φόνον
988 2434 1109 2488 τότε
1140 2434 1417 2505 διέφυγον.
1449 2435 1758 2492 Είοελθόντι
1783 2439 1842 2493 δέ
1873 2440 2025 2512 αὑτῷ

446 2529 530 2591 εἰς
552 2527 615 2581 τὸ
634 2527 864 2598 θέατρον
908 2527 970 2580 τὸ
1001 2528 1365 2597 κυνηγετικδν
1415 2529 1780 2584 ἐπεϐούλευσε
1843 2533 2029 2586 Κλαύ-

452 2618 564 2681 διος
600 2619 959 2689 Πομπηῖανός
991 2618 1128 2692 (45).
1160 2619 1326 2690 Ξίφος
1360 2621 1469 2690 γὰρ
1500 2624 1560 2676 ἐν
1582 2625 1649 2694 τῇ
1686 2624 1789 2694 τῆς
1815 2625 2026 2679 εἰσόδου

450 2710 739 2776 ἀνατείνας
773 2713 1111 2783 στενοχωρίᾳ
1157 2712 1294 2783 ἔφη’
1340 2713 1525 2770 Τοῦτό
1568 2731 1670 2770 σοι
1713 2717 2031 2788 πέπομφεν

449 2805 489 2873 ἠ
511 2803 732 2871 βουλή.
777 2798 847 2876 Ὦ
869 2804 1215 2876 κατηγγύητο
1240 2806 1340 2876 μὲν
1363 2809 1395 2878 ἡ
1428 2808 1675 2880 θυγάτηρ
1703 2810 2027 2882 Λουκίλλης,

450 2896 549 2963 τῆς
583 2894 677 2947 τοῦ
706 2895 956 2965 Κομόδου
989 2896 1313 2966 ὁμαίμονος,
1380 2899 1769 2971 συνεφθείρετο
1822 2901 1881 2955 δὲ
1935 2905 2033 2957 καὶ

451 2986 594 3057 αὑτὴ
626 2988 657 3058 ἡ
686 2987 957 3043 Δουκίλλα
1008 2986 1122 3042 οὒτ’
1152 2989 1537 3058 ἐπιεικεστέρα
1578 2989 1703 3044 οὔτε
1755 3009 2033 3063 σωφρονε-

456 3081 625 3152 στέρα
659 3075 797 3134 οὖσα
838 3079 934 3133 τοῦ
992 3079 1245 3149 ἀδελφοῦ.
1301 3082 1393 3134 Διδ
1420 3083 1518 3138 καὶ
1546 3082 1638 3137 τὸν
1672 3085 2032 3156 Πομπηῖανὺν

452 3173 746 3228 ἀνέπεισεν
808 3170 1095 3227 ἐπιθέσθαι
1149 3172 1228 3242 τῷ
1274 3173 1527 3245 Κομόδῳ,
1572 3176 1666 3229 καὶ
1700 3177 1905 3231 ἐκεῖνον
1937 3177 2035 3232 κοιλ⁵

453 3265 656 3335 ἑαυτὴν
700 3264 1144 3337 προσαπώλεσεν.
1184 3265 1392 3319 ’Δνείλε
1423 3267 1480 3321 δέ
1530 3268 1625 3322 καὶ
1657 3270 1758 3341 τὴν
1788 3272 2030 3339 γυναῖκα

462 3357 774 3426 Κρισπίναν
803 3360 831 3410 ὁ
856 3357 1120 3425 Κόμοδος,
1151 3358 1400 3428 μοιχείαν
1430 3360 1810 3426 έπεγκαλέσας
1860 3358 1999 3433 αὺτῇ
2018 3379 2034 3393 ο

466 3449 564 3501 καὶ
599 3447 767 3511 εἴτις
804 3448 1036 3501 ἕκαστον
1059 3447 1171 3502 τῶν
1221 3449 1316 3502 ὑπ’
1363 3450 1577 3504 ἐκείνου
1631 3452 2029 3529 κτανθέντωνῆ

2123 989 2151 1026 a
2186 981 2338 1039 patre
2361 974 2628 1026 educatus
2654 981 2711 1027 et
2741 971 3026 1026 institutus
3047 1010 3062 1033 ,
3089 969 3399 1039 disciplina:
3430 982 3537 1031 qua
3572 982 3699 1019 crn-

2120 1064 2269 1117 ditus
2299 1072 2422 1116 erat
2460 1078 2570 1116 non
2607 1062 2914 1132 respondit.
2952 1060 3061 1117 Sed
3092 1076 3221 1115 cum
3265 1059 3497 1129 simplex
3534 1069 3703 1121 esset,

2122 1169 2189 1208 ac
2223 1154 2451 1209 minime
2480 1155 2713 1210 callidus
2742 1164 2799 1210 et
2833 1154 3080 1214 timidus,
3113 1151 3301 1223 paruit
3328 1150 3705 1206 familiaribus

2120 1246 2280 1300 suis:
2317 1248 2706 1317 corruptisque
2754 1248 3023 1312 moribus,
3075 1247 3146 1301 ab
3197 1245 3264 1299 iis
3317 1244 3384 1299 ad
3431 1245 3621 1299 luxum
3653 1250 3710 1296 et

2124 1338 2301 1393 caedes
2325 1348 2410 1393 est
2441 1340 2735 1409 impulsus,
2781 1356 2872 1394 xix
2903 1354 3081 1394 annos
3109 1346 3274 1394 natus
3312 1352 3440 1393 cum
3473 1336 3710 1405 imperio

2124 1428 2422 1497 potiretur.
2473 1431 2788 1501 principum
2846 1438 3190 1494 senatorum,
3243 1443 3385 1499 quos
3438 1428 3490 1483 ei
3551 1435 3710 1497 pater

2117 1528 2403 1576 curatores
2432 1521 2685 1589 dederat,
2716 1522 2962 1578 consiliis
3007 1521 3335 1592 repudiatis,
3385 1534 3520 1589 pace
3562 1518 3709 1572 facta

2121 1625 2247 1665 cum
2287 1610 2566 1679 Barbaris,
2621 1613 2784 1669 taedio
2834 1614 3092 1669 laborum
3139 1622 3198 1668 et
3246 1611 3536 1667 dissoluta:
3584 1609 3712 1663 vitae

2121 1717 2309 1758 amore
2338 1704 2569 1760 Romam
2613 1705 2932 1760 revertitur.
2963 1703 3176 1771 Quibus
3196 1704 3263 1758 de
3283 1701 3468 1758 causis
3493 1700 3711 1757 crebris

2130 1793 2356 1849 insidiis
2376 1794 2675 1865 appetitus,
2708 1794 2979 1864 plurimos
3003 1809 3115 1849 non
3159 1794 3308 1849 viros
3341 1803 3579 1858 tantum,
3610 1791 3709 1846 sed

2122 1887 2288 1940 etiam
2326 1886 2607 1947 mulieres.
2636 1895 2693 1941 et
2722 1886 2838 1941 fere
2870 1900 3065 1941 omnes
3112 1885 3263 1940 illius
3307 1885 3487 1939 artatis
3526 1883 3711 1938 claros

2125 1976 2400 2041 homines,
2448 1977 2806 2047 Pompeiano,
2840 1977 3127 2032 Pertinace
3151 1985 3209 2032 et
3238 1976 3525 2031 Victorino
3553 1988 3715 2028 exce¢

2123 2067 2253 2137 ptis.
2271 2067 2570 2134 interfecit,
2595 2076 2656 2122 ut
2673 2067 2878 2138 quires
2897 2067 3019 2124 illas
3031 2066 3397 2138 scripserunt,
3420 2065 3707 2128 dubitent,

2123 2174 2235 2228 quo
2260 2168 2420 2229 pacto
2444 2159 2523 2213 illi
2553 2159 2760 2215 eadem
2792 2158 3124 2231 eﬂugerintd
3149 2159 3448 2214 Theatrum
3480 2165 3725 2212 venato~

2128 2252 2271 2305 rium
2304 2250 2639 2322 ingredienti
2674 2252 2972 2308 insidiatus
2989 2259 3076 2307 est
3104 2250 3372 2307 Claudius
3403 2248 3711 2317 Pompeia-

2125 2357 2253 2407 nos,
2278 2353 2336 2397 et
2365 2342 2418 2396 in
2442 2342 2626 2398 aditus
2652 2343 2923 2415 angustiis
2945 2342 3142 2399 stricto
3190 2356 3327 2397 ense
3354 2340 3497 2396 dixit
3519 2356 3535 2395 :
3556 2337 3715 2393 Hunc

2130 2434 2225 2488 tibi
2241 2441 2459 2489 senatus
2483 2436 2649 2491 misit.
2685 2434 2748 2490 Ei
2788 2435 3128 2505 Pompeiano
3163 2434 3274 2490 tilia
3306 2434 3533 2490 Lucilla:
3557 2448 3714 2488 soroe

2130 2522 2500 2579 risComtnodi
2517 2533 2685 2595 nupta
2698 2532 2841 2591 erat,
2855 2524 2950 2580 sed
2968 2534 3027 2579 et
3045 2524 3161 2595 ipsa
3184 2522 3582 2594 598Lucilla
3596 2523 3731 2590 ejus

2130 2616 2532 2671 consuetudine
2566 2616 2845 2682 utebatur,
2881 2616 3051 2672 fratre
3079 2617 3253 2670 nihilo
3286 2613 3580 2669 humanior
3608 2621 3711 2666 aut

2134 2708 2454 2764 modestior.
2488 2709 2676 2779 anue
2717 2708 2790 2765 de
2829 2724 2995 2765 causa
3037 2709 3377 2778 Pompeiano
3425 2722 3716 2777 persuaso,

2135 2811 2198 2859 ut
2233 2801 2598 2859 Commodum
2634 2802 3053 2874 aggrederetur,
3103 2811 3161 2857 et
3187 2802 3367 2870 ipsum
3395 2808 3453 2854 et
3481 2798 3716 2854 semeti-

2132 2911 2289 2966 psam
2316 2896 2576 2968 perdidit.
2595 2895 2831 2952 Sustulit
2862 2904 2919 2951 et
2951 2894 3264 2965 Crispinam
3296 2906 3523 2948 uxorem
3551 2890 3716 2946 Com-

2136 2988 2332 3044 modus
2347 2989 2418 3043 ob
2439 2987 2696 3043 adulterii
2719 2987 2951 3042 crimen.
2988 2986 3145 3054 Quod
3173 2987 3217 3042 si
3245 2986 3374 3057 quis
3398 3000 3497 3041 eos
3520 2999 3716 3040 omnes

2136 3095 2279 3152 quos
2329 3081 2416 3137 vel
2470 3081 2543 3136 ob
2601 3080 2766 3136 falsas
2826 3079 3272 3144 criminationes,
3336 3079 3437 3134 vel
3481 3088 3712 3149 propter

2136 3172 2349 3227 inanes.
2374 3171 2743 3241 suspiciones,
2791 3170 2879 3225 vel
2930 3183 3162 3241 propter
3201 3184 3429 3240 magnas
3469 3169 3716 3230 divitias,

2135 3264 2222 3320 vel
2260 3263 2479 3335 generis
2511 3262 2883 3333 splendorem.
2913 3263 2999 3317 vel
3030 3262 3402 3318 eruditionem
3429 3261 3714 3317 excellen-

2140 3364 2275 3419 tem,
2302 3356 2388 3410 vel
2417 3354 2651 3425 gloriam
2677 3354 2902 3408 virtutis
2933 3353 3233 3417 interfecit,
3271 3353 3563 3423 exquirere
3597 3361 3717 3406 stu.

2138 3448 2287 3513 deat,
2325 3463 2411 3503 nae
2449 3448 2496 3503 is
2528 3461 2783 3518 magnam
2829 3446 3140 3502 lectoribus
3173 3446 3482 3501 molestiam
3516 3448 3715 3515 pariet.

452 3539 542 3592 διὰ
567 3540 927 3609 συκοφαντίας
941 3540 1175 3608 ψευδεῖς,
1202 3541 1233 3612 ἢ
1261 3541 1328 3596 δι’
1357 3543 1595 3612 ὑποψίας
1629 3546 1864 3614 εικαίας,
1886 3547 1920 3621 ἢ
1943 3549 2029 3603 διὰ

2141 3539 2290 3594 Bella
2317 3554 2537 3610 quoque
2566 3538 2670 3593 sub
2695 3538 2816 3609 ejus
2842 3537 3076 3609 imperio
3105 3548 3253 3608 gesta
3287 3545 3419 3593 sunt
3449 3536 3733 3591 adversus.

458 3630 686 3684 πλοῦτον
744 3631 993 3703 βαθὺν,ἢ
1037 3632 1125 3687 διὰ
1179 3634 1370 3700 γένους
1426 3636 1812 3709 λαμπρότητα,
1879 3640 1914 3710 ἢ
1946 3640 2036 3696 διὰ

462 3722 715 3786 παιδείας
749 3723 1044 3794 ὑπεροχην,
1074 3724 1107 3796 ἢ
1147 3724 1214 3779 δι’
1238 3726 1441 3796 ἀρετῆς
1478 3729 1834 3803 εὐδοκίμησιν
1865 3734 2035 3801 ἀκρι-

466 3812 748 3867 6ὡσασθαι
772 3817 838 3885 τῇ
864 3818 1153 3888 συγγραφῇ
1187 3816 1443 3890 βουληθῇ,
1474 3819 1633 3891 ὄχλον
1684 3823 1752 3878 ἂν
1801 3825 2029 3894 παρέξει

459 3907 575 3968 τοῖς
603 3906 822 3960 ἐπιέναι
876 3908 937 3961 τδ
968 3907 1311 3980 σύγγραμμα
1367 3911 1676 3981 μέλλουσιν.
1751 3915 2038 3985 Ἐγένοντο

455 3996 514 4049 δὲ
538 3998 632 4051 καὶ
661 3998 890 4069 πόλεμοι
939 3999 1342 4071 αὐταρχοῦντος
1399 4004 1590 4070 αὐτοῦ,
1620 4006 1758 4077 πρὸς
1804 4024 1863 4059 τε
1908 4009 2037 4072 τοὺς

458 4091 601 4161 ὑπὲρ
633 4091 732 4162 τὴν
756 4091 991 4145 Δακνίαν
1025 4093 1343 4166 Βαρϐάρους
1394 4097 1490 4149 καὶ
1529 4096 1786 4167 μέγιστος
1805 4098 1835 4150 ὁ
1861 4099 2034 4171 Βρετ-

454 4182 693 4245 τανικὸς,
726 4181 813 4252 ἐφ’
839 4182 899 4235 ὃν
931 4182 1248 4255 Μάρκελλον
1289 4183 1527 4239 Οΰλπιον
1557 4186 1829 4256 ἐπεμψεν,
1859 4190 2033 4258 ἄνδρα

457 4273 740 4343 ἐγκρατῶς
773 4292 833 4329 τε
866 4273 1045 4338 ζῶντα
1090 4276 1183 4328 καὶ
1229 4277 1657 4346 στρατιωτικῶς.
1691 4277 2036 4349 ἀδωρότατον

458 4382 519 4418 τε
552 4368 645 4419 καὶ
674 4366 834 4435 φύσει
862 4370 1224 4432 ἀῦπνότατον,
1251 4370 1348 4423 καὶ
1379 4368 1461 4423 ἐτι
1502 4370 1705 4441 μᾶλλον
1743 4371 1803 4439 ἐξ
1830 4372 2035 4443 ἐγκρα-

456 4459 627 4519 τείας.
663 4458 782 4513 Ἵνα
813 4459 923 4530 γὰρ
955 4460 1091 4531 μηδὲ
1116 4460 1283 4531 ἄρτου
1307 4461 1648 4532 κορέννυται,
1687 4464 2035 4536 πολυήμερον

458 4568 521 4605 τε
549 4552 644 4605 καὶ
679 4552 1041 4606 παλαιότατον
1084 4553 1248 4606 αὑτὸν
1284 4552 1498 4622 ἢσθιεν,
1521 4554 1665 4607 ὥστε
1708 4554 1846 4626 μηδέ
1873 4555 2035 4611 86w;-

468 4643 593 4697 σθαί
619 4659 672 4697 τι
706 4646 902 4712 φαγεῖν
929 4644 1024 4698 τοῦ
1052 4647 1352 4715 ἀναγκαίου
1392 4647 1531 4700 πάνυ
1559 4646 1837 4704 ἐπέκεινα.
1864 4644 2036 4714 Οὗτος

460 4735 590 4797 τοὺς
619 4735 677 4788 ἐν
725 4733 1026 4809 Βρεττανίᾳ
1080 4738 1403 4808 Βαρδάρους
1474 4739 1754 4793 ἐκάκωσεν
1807 4740 2033 4813 σφόδρα.

462 4826 626 4881 Ὅθεν
656 4826 745 4882 διὰ
771 4826 871 4900 τὴν
922 4828 1124 4902 ἀρετὴν
1170 4829 1338 4884 αὐτοῦ
1370 4829 1554 4901 ὀλίγου
1593 4831 1919 4887 ἀπέκτεινεν
1962 4831 2031 4888 ἂν

2137 3631 2410 3686 Barbaros
2453 3631 2546 3700 qui
2580 3646 2746 3701 supra
2777 3630 2997 3685 Daciam
3040 3629 3310 3697 incolunt,
3346 3637 3404 3685 ct
3433 3629 3682 3683 Britanni
3703 3657 3718 3670 ι

2137 3738 2265 3777 cum
2300 3722 2550 3777 omnium
2582 3722 2919 3777 maximum:
2958 3722 3026 3777 ad
3057 3721 3204 3790 quod
3241 3721 3462 3792 Ulpium
3489 3721 3718 3777 Marcel-

2137 3816 2252 3871 lum
2289 3816 2458 3882 misit,
2495 3816 2676 3870 virum
2706 3825 2765 3871 et
2794 3815 3136 3871 continentis
3174 3823 3232 3871 et
3270 3816 3537 3872 militaris
3568 3816 3717 3882 vitae,

2139 3909 2808 3976 abstittentissimum,nec
2837 3917 2945 3963 tam
2975 3917 3170 3963 natura
3202 3923 3365 3978 quam
3390 3925 3455 3964 ex
3496 3908 3717 3965 sobrie—

2138 4010 2247 4055 tate
2286 4000 2796 4070 vigilantissimum.
2823 4001 2961 4057 Nam
2990 4011 3051 4056 ut
3088 4015 3192 4057 nec
3217 4016 3359 4070 pane
3388 4002 3714 4061 satiaretur,

2137 4107 2206 4148 eo
2257 4092 2484 4146 minime
2532 4092 2764 4158 recenti,
2818 4091 2915 4147 sed
2962 4101 3092 4147 ante
3144 4092 3351 4146 multos
3394 4090 3516 4148 dies
3556 4102 3717 4146 cocto

2136 4183 2502 4239 vescebatur:
2540 4191 2600 4237 ut
2655 4183 2799 4238 nihil
2863 4183 3009 4239 ultra
3063 4193 3248 4252 posset
3288 4183 3479 4249 edere,
3537 4199 3706 4253 quam

2137 4290 2348 4331 summa
2386 4274 2685 4329 necessitas
2733 4274 3055 4345 postularet.
3100 4273 3204 4340 Qui
3248 4289 3374 4329 cum
3418 4273 3717 4328 Britanno;

2136 4367 2374 4437 graviter
2409 4364 2713 4431 alliixisset,
2743 4381 2933 4435 parum
2971 4365 3149 4420 abfuit
3179 4366 3311 4435 quin
3343 4364 3415 4419 ob
3450 4364 3713 4419 virtutem

2136 4474 2168 4512 a
2212 4456 2518 4513 Commodo
2571 4467 2882 4513 necaretur.
2933 4457 3245 4513 Perenuius
3269 4473 3403 4513 vero
3450 4456 3711 4526 praetorio

2140 4549 2452 4621 prmlectus,
2487 4550 2821 4619 imperatore
2852 4549 3296 4619 aurigationibus
3327 4558 3384 4604 et
3417 4548 3571 4603 lusui
3617 4563 3714 4601 va-

2138 4651 2383 4703 cante,et
2401 4641 2794 4712 rempublicam
2811 4651 2868 4696 et
2881 4657 2995 4696 rem
3015 4642 3308 4696 militarem
3321 4641 3713 4697 administrare

2139 4737 2459 4809 cogebatur.
2489 4737 2567 4792 Ac
2595 4735 2642 4793 si
2683 4736 2819 4807 quid
2852 4735 3126 4792 militibus
3151 4735 3368 4792 adversi
3401 4735 3711 4799 accidebat,

2139 4831 2190 4885 id
2219 4830 2298 4885 illi
2326 4828 2585 4884 iracunde
2611 4828 2974 4900 imputabant.
3002 4828 3108 4897 Qui
3132 4828 3302 4901 igitur
3339 4828 3397 4884 in
3423 4827 3717 4885 Britannia

1649 4989 1850 5053 Vat-ita
1894 4991 2204 5053 lectiones
2245 4999 2309 5056 et
2350 4999 2543 5056 notaa.

534 5137 645 5211 (ﬁl
680 5138 800 5211 Τὴνξ
830 5137 1265 5211 Ἀλεξανδρέων
1310 5138 1659 5206 ἐπισκοπὴν
1709 5141 2031 5208 ἐγκεχείρι-
2064 5130 2109 5184 Ῑ)
2210 5142 2326 5211 (45)
2365 5143 2664 5209 Κλαύδιος
2696 5140 3105 5211 Πομπηΐανός.
3146 5140 3303 5195 Hunc
3348 5139 3707 5205 Quint'antnn

462 5225 595 5263 στο.
630 5208 705 5279 Ita
732 5209 894 5279 etlam
924 5210 1064 5264 alter
1092 5223 1157 5263 ex
1186 5209 1319 5277 Reg.
1354 5211 1476 5264 COII.
1516 5211 1824 5267 Woltianus
1857 5214 2029 5279 ἀρχὴν

2135 5208 2658 5275 νοὸιιιᾹιηηιὶοιιιιδ,
2696 5208 2791 5267 ΙιΙ)⁷
2827 5229 2914 5266 xix
2950 5212 3018 5267 de
3052 5211 3353 5266 Commodo
3388 5227 3401 5262 :
3458 5210 3602 5261 Adeo
3649 5221 3725 5261 ut

504 5278 707 5333 raetulit
740 5293 753 5325 τ
790 5278 888 5333 sed
921 5281 1034 5333 haec
1055 5280 1216 5331 verba
1248 5280 1407 5333 aliter
1436 5280 1710 5336 habentur
1765 5282 1818 5334 iu
1859 5281 2036 5335 altero

486 5349 601 5418 leg.
639 5358 693 5418 et
724 5346 877 5404 Colb.
920 5369 932 5405 :
967 5348 1076 5401 Kal.
1109 5349 1446 5418 Κνελαδὶωνος
1474 5352 1612 5417 μετὰ
1640 5351 1771 5404 δέκα
1796 5352 1890 5404 καὶ
1914 5351 2039 5403 τέσ-

464 5416 605 5492 σαρα
631 5416 726 5492 ἐτη
757 5418 866 5492 τὴν.
884 5418 995 5471 τῶν
1023 5417 1421 5488 Ἀλεξανδρέων
1437 5416 1769 5491 Ἐκκλησίαν
1802 5421 2035 5492 ’Δγριπ-

464 5491 619 5548 πῖνος
636 5487 1046 5558 ἐγκεχείριστο.

2135 5295 2251 5354 post
2281 5287 2532 5338 intestina
2556 5283 2792 5350 pericula
2826 5282 2997 5354 multa
3021 5290 3072 5335 et
3126 5282 3303 5337 varia.
3335 5279 3475 5354 alter
3502 5281 3554 5354 in
3584 5297 3706 5332 ani-

2135 5348 2482 5422 phitheatrali
2504 5348 2687 5417 cavea,
2721 5369 2839 5406 cum
2867 5353 3152 5422 adfuturus
3173 5348 3490 5422 spectaculis
3533 5350 3705 5422 intro-

2133 5419 2251 5487 iret,
2283 5444 2315 5477 α
2348 5423 2636 5488 Quintiano
2663 5419 3153 5481 senatore,itlicita:
3174 5419 3439 5488 cupidinis
3472 5420 3705 5480 homine,

2134 5496 2205 5547 ad
2226 5495 2549 5549 debilitatem
2577 5509 2705 5563 pene
2736 5493 2962 5563 pugione
2987 5489 3378 5563 uulneraretur.
3434 5488 3704 5563 haetiam

540 5557 665 5629 (44),
692 5557 1084 5629 Ὰπέκτεινεν.
1133 5557 1472 5615 Domesticas
1526 5559 1812 5616 Commodi
1855 5559 2034 5616 credes
2138 5566 2287 5619 hunc
2316 5573 2472 5618 vocat
2504 5557 2867 5617 Herodianus.
2904 5561 2971 5614 At
3001 5559 3350 5629 Lampridius
3379 5566 3435 5611 et
3467 5557 3705 5629 Xipltili-

466 5627 672 5701 diversi
703 5628 939 5701 generis,
986 5645 1133 5701 quas
1188 5632 1483 5701 separatim
1522 5640 1853 5701 exposuerat
1906 5631 2029 5693 Dio,

468 5698 615 5773 unde
642 5698 740 5753 sua
781 5699 964 5773 hausit
985 5698 1608 5771 Zonarastiphilinus
1630 5704 1687 5757 in
1731 5715 1894 5758 unam
1936 5714 2032 5773 pe-

466 5769 682 5825 riodum
718 5769 1013 5832 congessit.

2139 5650 2245 5689 nus
2282 5634 2675 5689 Pompeianum
2729 5646 2856 5686 cum

2139 5704 2307 5760 Ilcnr.
2337 5700 2612 5761 Valcsium
2643 5700 2709 5757 ad
2745 5701 3048 5761 Marcellin.

2920 5627 3153 5684 Zonara'
3187 5628 3493 5685 nominant.
3543 5627 3707 5689 ’Yide
