4048 6394
378 240 518 317 1011

1650 242 1978 310 IOANNIS
2006 230 2331 304 ΖΟΝΑΗᾹΞ

3496 234 3633 305 1612

369 369 703 434 militabant,
750 368 821 439 ob
851 377 1056 422 motam
1097 367 1428 423 seditionem
1463 364 1768 438 objurgati,
1801 360 1941 416 mille

2055 355 2147 410 τὸν
2185 358 2354 429 ἄνδρα
2401 359 2430 411 ὁ
2466 358 2731 429 Κὸμοδος.
2779 357 3064 428 Περένν;ος
3114 355 3172 409 δέ
3200 354 3228 408 ὁ
3254 353 3350 407 τοῦ
3393 354 3629 424 Δορυφο⁶

367 463 699 534 quingentos
736 460 821 517 sui
847 459 1062 517 ordinis
1091 460 1148 515 in
1179 459 1390 515 italiam
1430 452 1724 520 miserunt,
1747 455 1950 529 quibus

365 556 557 611 Romae
583 553 1162 625 appropinquantibus
1189 553 1528 610 Commodus
1558 552 1778 609 obviam
1813 566 1948 621 pro-

363 648 544 703 fectus
569 664 585 701 :
619 646 736 713 Qua
762 647 825 701 de
846 662 1011 702 causa
1037 647 1247 710 venitis,
1288 646 1489 717 inquit,
1520 644 1902 700 conmilitones
1927 643 1952 695 2

362 739 465 806 Qui
483 754 610 796 cum
629 737 1065 810 respondissent,
1084 754 1143 792 eo
1165 755 1221 793 se
1241 738 1444 801 adesse,
1486 738 1624 810 quod
1656 735 1951 792 Perennius

362 833 411 884 ei
436 832 804 895 insidiaretur,
837 830 1077 886 credidit
1107 830 1220 892 ille,
1242 831 1536 899 virumque
1556 830 1667 884 illis
1695 827 1947 884 dedidit:

362 938 392 976 a
441 922 647 991 quibus
697 923 1051 979 excruciatus
1095 922 1326 988 interiit,
1383 935 1510 977 cum
1564 922 1946 993 magistratum

364 1014 769 1070 modestissime
802 1024 860 1071 et
890 1015 1248 1086 integerrime
1280 1016 1564 1088 gessisset.
1590 1014 1712 1082 Quo
1738 1023 1946 1080 amoto,

359 1098 680 1172 Caesariani,
730 1122 968 1177 quorum
1022 1107 1134 1162 dux
1178 1116 1234 1163 et
1267 1115 1460 1163 auctor
1488 1114 1612 1161 erat
1651 1105 1943 1169 Cleander,

360 1197 515 1252 nullo
560 1196 811 1255 facinore
854 1198 1282 1254 abstinuerunt:
1318 1198 1543 1268 impune
1574 1196 1762 1251 omnia
1806 1209 1945 1250 ven-

360 1277 579 1355 dentes,
620 1297 678 1347 et
716 1290 858 1346 nihil
903 1307 1014 1346 non
1059 1290 1350 1357 audentes,
1404 1290 1553 1359 quod
1597 1288 1859 1360 superbia
1891 1294 1946 1342 et

358 1380 536 1437 libido
576 1382 869 1440 suasisset.
897 1381 1171 1439 Cleander
1196 1398 1332 1439 vero
1357 1398 1388 1437 a
1415 1381 1637 1448 fortuna
1670 1382 1726 1436 in
1769 1381 1944 1437 altum

359 1473 635 1540 sublatus,
677 1483 736 1531 et
764 1474 993 1530 donavit
1028 1482 1087 1530 et
1131 1474 1387 1530 vendidit
1413 1473 1726 1530 senatorias
1760 1470 1945 1544 digni-

358 1574 521 1631 tates,
546 1567 954 1637 expeditiones,
983 1566 1367 1639 praefecturas,
1390 1566 1729 1638 provincias,
1758 1564 1946 1621 omnia

356 1659 618 1731 denique.
656 1659 735 1716 Ac
764 1660 1020 1716 nonnulli
1053 1659 1316 1716 omnibus
1347 1659 1463 1716 suis
1487 1658 1654 1715 bonis
1687 1658 1939 1714 ordinem

359 1755 717 1810 senatorium
749 1755 1157 1811 redemerunt:
1205 1762 1266 1809 ut
1303 1749 1374 1810 de
1405 1747 1557 1809 Julio
1590 1748 1794 1808 Solone
1837 1751 1939 1806 bo-

356 1848 506 1904 mine
544 1847 947 1904 obscurissimo
1007 1846 1326 1912 diceretur,
1383 1856 1513 1901 eum
1558 1844 1723 1900 bonis
1778 1836 1944 1915 599

354 1940 630 2011 ademptis
660 1939 717 1995 in
745 1939 957 1996 curiam
1014 1940 1320 2008 relegatum
1365 1951 1509 1992 esse.
1558 1934 1828 1991 Consules
1883 1934 1941 1990 in

355 2047 525 2087 unum
545 2045 753 2087 annum
769 2046 873 2086 xxv
890 2029 1220 2100 designavit,
1245 2027 1393 2098 quod
1415 2042 1518 2083 nec
1539 2036 1668 2083 ante
1690 2041 1793 2081 nec
1817 2036 1944 2098 post

355 2138 596 2195 unquam
630 2121 834 2179 factum
875 2131 983 2178 est.
1021 2121 1214 2192 Itaque
1242 2122 1476 2192 pecunia
1510 2120 1756 2190 undique
1783 2120 1943 2175 colli-'-

353 2216 531 2285 genda
551 2229 781 2285 magnas
817 2229 954 2285 opes
979 2222 1067 2269 est
1089 2213 1347 2284 adeptus,
1383 2213 1452 2268 de
1478 2212 1683 2283 quibus
1706 2212 1942 2283 plurima

353 2304 654 2361 Commodo
689 2312 744 2362 et
764 2305 885 2375 ejus
904 2304 1503 2361 concubinis-donabat
1527 2342 1543 2359 .
1571 2303 1942 2360 Nihilosecius

353 2410 533 2452 tamen
563 2396 619 2452 in
655 2403 813 2452 tanto
830 2395 1067 2453 fortuna:
1113 2395 1337 2467 fastigio
1363 2396 1731 2467 ignominiose
1752 2396 1939 2467 periit.

353 2490 489 2545 Nam
545 2504 672 2545 cum
727 2503 966 2543 annona:
1022 2487 1259 2558 penuria
1324 2488 1516 2544 Romae
1567 2489 1939 2556 laboraretur,

352 2583 644 2656 Dionysius
664 2582 935 2654 Papyrids
960 2581 1039 2636 rei
1064 2580 1444 2637 frumentariae
1474 2580 1792 2652 praefectus,
1816 2596 1939 2637 eam

352 2676 525 2747 magis
548 2674 853 2731 eoarctavit
878 2690 892 2727 :
922 2681 984 2727 ut
1029 2672 1326 2737 Cleander,
1370 2680 1633 2743 tanquam
1687 2672 1762 2729 ob
1793 2671 1940 2728 furta

351 2767 624 2823 malorum
653 2774 849 2822 auctor
877 2774 933 2821 et
986 2765 1196 2822 invisus
1232 2764 1459 2835 populo,
1492 2764 1714 2821 facilius
1767 2764 1942 2821 inter-

350 2861 477 2915 iret.
510 2858 881 2931 Ludis-igitur
904 2857 1266 2914 Circensibus
1295 2870 1428 2912 cum
1451 2857 1580 2929 equi
1607 2858 1721 2929 jam
1745 2872 1943 2913 excur-

349 2950 465 3005 suri
481 2957 692 3015 essent,
716 2949 1016 3005 multitudo
1034 2964 1336 3020 puerorum
1356 2948 1410 3004 in
1432 2949 1646 3005 circum
1674 2951 1939 3015 accurrit,

2059 452 2219 523 ρικοῦ
2272 452 2482 522 ἄρχων,
2554 450 2648 504 τοῦ
2716 450 2964 519 Κομόδου
3035 444 3478 517 ἀρματηλασίαις
3535 444 3629 497 καὶ

2053 543 2365 612 ἀσελγείαις
2422 542 2795 614 ἐσχολακότος,
2846 538 3192 611 ἠναγκάζετο
3249 539 3319 591 τὰ
3373 551 3436 590 τε
3475 552 3632 606 στρα-

2056 635 2310 700 τιωτικὰ,
2360 637 2458 690 zeal
2508 634 2579 689 τὰ
2625 633 2718 688 τοῦ
2774 632 2956 687 κοινοῦ
3014 631 3257 686 διοικεῖν.
3294 628 3362 683 Et
3406 647 3459 682 τι
3506 628 3631 695 γοῦν

2052 730 2166 792 τοῖς
2249 729 2613 799 στρατιώταις
2705 725 2924 797 ἀπήντα
3007 734 3112 776 που
3171 719 3473 791 δυσχερὲς,
3544 719 3627 771 ἐπ’

2049 821 2258 873 ἐκεῖνον
2339 817 2500 873 τοῦτο
2589 818 2855 888 ἀνέφερον
2880 856 2897 883 ,
2961 815 3056 870 καὶ
3133 814 3379 885 ἐμηνίων
3463 810 3626 880 αὐτῷ.

2049 912 2113 965 Oi
2204 911 2262 964 ἐν
2337 909 2637 982 Βρεττανίᾳ
2724 910 2907 963 τοίνυν
2988 906 3325 978 στρατιῶται
3407 905 3630 969 στασιά-

2048 1002 2259 1069 ζοντες,
2288 1003 2381 1057 zeal
2432 1002 2521 1057 διὰ
2573 1001 2734 1056 τοῦτο
2788 998 3233 1070 ἐπιτιμηθέντες,
3296 996 3505 1067 χιλίους
3539 994 3629 1047 ἐπὶ

2047 1096 2435 1159 πεντακοσίοις
2464 1095 2523 1163 ἐξ
2568 1093 2785 1149 ἑαυτῶν
2817 1095 2900 1157 είς
2932 1091 3034 1163 τὴν
3087 1089 3324 1144 Ἰταλίαν
3361 1086 3629 1157 ἔπεμψαν,

2045 1182 2129 1253 οἷς
2181 1192 2248 1261 τῇ
2309 1183 2495 1260 Ῥώμῃ
2553 1186 2923 1258 πλησιάσασιν
2971 1186 3000 1239 ό
3032 1180 3278 1254 Κὸμοδος
3353 1179 3630 1251 προῦπήν-

2046 1299 2179 1352 τησε
2209 1284 2304 1336 zeal
2328 1278 2505 1347 εἶπεν,
2551 1277 2629 1336 Ὦ
2656 1276 3119 1349 συστρατιῶται,
3158 1277 3216 1329 τί
3258 1274 3631 1342 ,βουλόμενοι

2046 1374 2343 1445 πάρεστρ;
2374 1373 2526 1439 οίδὲ,
2562 1375 2848 1441 Ἤκομεν,
2878 1369 3113 1440 ἔφασαν,
3175 1366 3313 1423 ἐπεί
3351 1381 3456 1421 σοι
3503 1364 3627 1416 ἐπι-

2046 1466 2318 1520 ϐουλεύει
2344 1465 2666 1533 Περέγνιος
2683 1478 2699 1494 ·
2731 1462 2827 1516 καὶ
2845 1462 2903 1526 ὃς
2928 1460 3182 1530 ἐπείσθη,
3213 1459 3312 1513 zeal
3339 1457 3433 1511 τὸν
3463 1455 3630 1525 ἄνδρα

2046 1555 2328 1621 ἐξέδωκεν.
2390 1555 2501 1610 Καὶ
2542 1556 2592 1609 οί
2641 1553 2981 1625 στρατιῶται
3040 1548 3208 1605 αὐτδν
3240 1549 3337 1603 zeal
3368 1548 3629 1619 ᾐκίσαντο

2044 1651 2140 1704 καὶ
2182 1648 2515 1719 κατέκοψαν,
2562 1647 2894 1717 διαγαγόντα
2952 1644 3053 1716 τὴν
3087 1643 3264 1714 ἀρχὴν
3315 1639 3628 1711 ἀδωρότατά

2044 1760 2102 1796 τε
2142 1742 2237 1796 zeal
2264 1741 2709 1812 σωφρονέστατα.
2743 1731 2931 1811 Οὖπερ
2964 1735 3380 1802 ἀπαλλάγοντες
3411 1734 3460 1784 οἱ
3488 1732 3624 1785 Και-

2045 1824 2363 1903 σάρειοι,ὧν
2379 1834 2408 1885 ὁ
2425 1831 2731 1902 Κλέανδρος
2757 1828 3189 1901 κορυφαιότατος
3216 1825 3516 1893 ἐτύγχανεν
3533 1820 3624 1884 ὢν,

2044 1926 2195 1981 ἀπαν
2217 1923 2389 1992 έδρων
2425 1922 2704 1994 χείριστον
2734 1920 2940 1985 ἀδεῶς·
2995 1918 3175 1972 πάντα
3216 1915 3331 1986 γὰρ
3366 1911 3623 1974 ἐπώλουν,

2043 2015 2138 2069 zeal
2170 2014 2394 2087 ὕϐριζον
2425 2013 2521 2068 zeal
2546 2011 2894 2084 ἠσέλγαινον.
2943 2009 3004 2065 ’0
3037 2008 3095 2062 δὲ
3133 2005 3447 2077 Κλέανδρος
3486 2002 3624 2072 μέγα

2044 2106 2271 2178 ὑπὸτῆς
2300 2105 2469 2177 τύχης
2499 2103 2712 2176 ἀρθεὶς,
2749 2102 2846 2156 καὶ
2891 2102 3213 2173 ἐχαρίσατο,
3246 2097 3351 2152 zeal
3378 2094 3624 2163 ὲπὼλησε

2046 2199 2297 2270 βουλείας
2347 2198 2484 2267 (46),
2519 2196 2832 2267 στρατείας,
2881 2191 3264 2264 ἐπιτροπείας,
3306 2184 3621 2260 ἡγεμονίας,

2043 2296 2138 2350 καὶ
2167 2292 2354 2356 ἁπλῶς
2388 2290 2703 2360 ξύμπαντα.
2735 2287 2828 2342 καί
2858 2296 3003 2351 τινες
3036 2288 3258 2340 πάντων
3296 2275 3376 2337 ὧν
3399 2277 3539 2351 εἶχον
3566 2277 3625 2331 τὸ

2045 2390 2331 2464 βουλευταὶ
2380 2385 2637 2465 γενέσθαι
2689 2384 2989 2456 ἐπρίαντο·
3047 2380 3194 2435 ὥστε
3246 2379 3347 2433 zeal
3372 2375 3623 2447 λεχθῆναι

2041 2483 2138 2537 ἐπὶ
2172 2478 2376 2551 Ἰουλίῳ
2400 2479 2599 2533 Σόλωνι
2625 2475 2983 2546 ἀφανεστάτῳ
3008 2471 3186 2541 ἀνδρὶ,
3208 2471 3295 2523 ὅτι
3323 2467 3422 2536 τὴν
3439 2465 3624 2519 οὐσίαν

2041 2574 2385 2647 ἀφαιρεθεὶς,
2418 2570 2693 2641 ἐξωρίσθη
2719 2569 2798 2631 είς
2820 2568 2882 2621 τὸ
2912 2564 3215 2635 Συνέδρων.
3250 2563 3366 2615 Kal
3389 2558 3621 2647 ὑπάτους

2041 2643 2123 2730 είς
2174 2643 2272 2720 sva
2321 2662 2568 2718 ἐνιαυτὸν
2615 2661 2791 2714 εἴκοσι
2860 2658 2955 2711 zeal
3011 2655 3174 2710 πέντε
3254 2649 3563 2715 ἀπέδειξεν,
3595 2643 3624 2696 ὃ

2046 2759 2186 2830 μήτε
2258 2756 2524 2827 πρότερον
2575 2750 2714 2823 μήτε
2767 2749 2899 2803 ποτέ
2947 2746 3176 2818 ὕστερον
3209 2737 3621 2830 ἐγέιετοᾸΙέιν-

2041 2822 2196 2905 τοθεν
2230 2822 2327 2903 οὖν
2347 2822 2734 2917 ἀργυρολογῶν
2765 2843 3035 2911 ἐκτήσατο
3062 2836 3386 2909 πάμπολλα,
3412 2833 3502 2902 ἀφ’
3550 2822 3622 2883 ὧν

2044 2947 2271 3000 πλεῖστα
2299 2942 2379 3013 τῷ
2413 2958 2471 2995 τε
2523 2938 2753 3009 Κομόδῳ
2791 2936 2965 2990 ἐδίδου
3000 2935 3095 2987 zeal
3121 2934 3242 2994 ταῖς
3284 2927 3453 2983 αὐτοῦ
3491 2923 3624 2978 παλ-

350 3058 499 3115 quos
528 3058 722 3114 magna
759 3015 1221 3114 quaedam—virgo
1264 3050 1422 3098 torvo
1464 3043 1621 3097 vultu
1672 3041 1931 3111 ducebat,

2045 3036 2271 3098 λακαῖςο
2339 3032 2519 3087 καίτοι
2556 3030 2600 3083 δ’
2628 3027 2804 3089 οὕτως
2865 3026 2971 3079 ὑπὸ
3022 3026 3139 3115 τῆς
3176 3022 3363 3115 Δτύχης
3415 3015 3620 3115 ἀρθεὶς,

348 3153 472 3208 quae
498 3137 599 3193 dea
627 3137 977 3209 postmodum
1001 3137 1212 3193 credita
1241 3146 1330 3192 est
1355 3152 1371 3190 :
1404 3145 1641 3207 ortoque
1672 3151 1702 3192 a
1730 3138 1926 3208 pueris

348 3232 612 3295 clamore,
639 3231 882 3302 populus
910 3230 1079 3285 etiam
1109 3229 1424 3286 vociferans
1458 3229 1528 3284 ad
1568 3228 1936 3286 Commodum

350 3326 408 3379 in
462 3323 733 3380 suburbio
792 3331 1045 3395 agentem
1100 3321 1408 3390 contendit,
1453 3336 1518 3377 ac
1554 3321 1633 3377 illi
1670 3322 1942 3392 benepre-

347 3422 536 3482 catus,
571 3412 847 3471 Cleandro
879 3413 1033 3469 diras
1081 3422 1167 3469 est
1213 3412 1573 3483 imprecatus.
1623 3411 1933 3482 Imperator

347 3519 485 3561 vero
511 3505 781 3562 satellites
802 3512 996 3561 contra
1016 3518 1113 3560 eos
1136 3503 1310 3568 misit,
1334 3503 1431 3573 qui
1475 3518 1604 3557 cum
1653 3503 1940 3558 nonnullis

350 3594 688 3660 Vulneratis,
736 3593 1026 3650 nonnullis
1074 3592 1302 3658 occisis,
1351 3594 1618 3665 populum
1666 3593 1939 3664 repellere

347 3696 465 3741 non
491 3695 755 3757 possent:
791 3686 1149 3745 multitudine
1170 3697 1227 3745 et
1249 3686 1450 3743 robore
1474 3686 1714 3743 militum
1738 3680 1934 3751 fretus,

348 3779 471 3847 ipse
512 3776 741 3848 prodiit.
792 3776 905 3833 Sed
952 3794 1077 3834 cum
1124 3778 1346 3834 turbam
1400 3778 1938 3848 appropinquantem

346 3867 603 3933 vidisset,
618 3869 784 3925 homo
806 3869 1202 3942 ignavissimus
1220 3869 1294 3925 ita
1315 3868 1626 3940 pertimuit,
1655 3881 1718 3925 ut
1743 3869 1940 3925 Clean-

348 3960 510 4014 drum
555 3970 612 4017 et
648 3960 823 4018 ﬁlium
866 3963 989 4033 ejus
1028 3962 1215 4017 statim
1263 3960 1442 4019 occidi
1500 3960 1743 4032 iuberet.
1794 3959 1940 4017 Puer

349 4053 520 4122 igitur
559 4053 743 4131 limini.
783 4055 964 4111 illisus
1009 4056 1194 4126 periit.
1244 4052 1509 4111 Cleandri
1554 4068 1689 4109 vero
1733 4069 1939 4125 corpus

348 4144 588 4200 Romani
632 4145 1104 4218 excarniﬁcatum,
1142 4152 1455 4211 traxerunt,
1499 4151 1557 4199 et
1604 4153 1773 4214 caput
1817 4146 1940 4217 ejus

347 4235 521 4290 basta:
552 4235 772 4293 adﬁxum
814 4236 1304 4293 circumtulerunt.
1337 4234 1481 4292 Sunt
1508 4244 1567 4303 et
1596 4236 1812 4307 aliquot
1845 4237 1936 4292 alii

349 4323 581 4392 palatini
616 4340 879 4396 proceres
900 4325 1206 4381 interfecti.

2041 3127 2254 3197 ἀτίμως
2284 3121 2553 3177 ἀπώλετο.
2576 3116 2852 3180 Σιτοδείας
2866 3117 2974 3186 γὰρ
3005 3116 3065 3187 ἐν
3090 3111 3284 3184 Ῥώμῃ
3318 3106 3620 3178 συμϐάσης,

2042 3214 2202 3273 πλέον
2270 3215 2441 3285 αὐτὴν
2496 3210 2797 3283 Παπείριος
2844 3207 3127 3269 Διονύσιος
3177 3204 3273 3257 ἐπὶ
3328 3199 3423 3255 τοῦ
3477 3199 3620 3251 σίτου

2040 3308 2378 3380 τεταγμένος
2417 3305 2713 3369 ἐπέτεινεν,
2738 3302 2814 3366 ὡς
2861 3300 2928 3355 ἂν
2950 3300 3042 3354 τὸν
3072 3294 3382 3366 Κλέανδρον
3405 3293 3454 3346 oi
3496 3290 3623 3380 'Pw:
3728 3336 3731 3339 η

2044 3403 2193 3472 palo:
2227 3396 2499 3471 μισήσωσί
2530 3414 2590 3450 τε
2616 3397 2710 3449 zeal
2733 3392 3148 3463 διαφθείρωσιν,
3189 3388 3267 3451 ὡς
3335 3386 3505 3441 αἴτιον
3530 3377 3622 3434 τοῦ

2044 3494 2220 3551 κακοῦ
2247 3494 2336 3547 διὰ
2387 3493 2709 3562 κλέμματα.
2752 3489 2958 3556 Ἤγετο
3008 3484 3191 3539 τοίνυν
3254 3478 3622 3550 ἱπποδρομίᾳ·

2042 3589 2151 3643 τῶν
2204 3587 2250 3640 δ’
2311 3586 2495 3639 ἵππων
2543 3580 2898 3652 ἀγωνιεῖσθαι
2960 3576 3265 3647 μελλόντων
3337 3571 3622 3641 εἰσέδραμε

2044 3682 2276 3738 παιδίων
2306 3678 2518 3749 πλῆθος
2540 3678 2621 3740 είς
2655 3675 2746 3729 τὸν
2795 3670 3164 3741 ἱππόδρομον
3198 3669 3299 3722 zeal
3334 3665 3442 3720 τῶν
3471 3678 3621 3731 παρ-

2042 3778 2196 3840 θένος
2224 3791 2313 3838 τις
2349 3774 2539 3843 ἠγεῖτο
2594 3768 2808 3839 μεγάλη
2837 3767 2928 3819 zeal
2958 3761 3215 3836 βλοσυρᾶ,
3256 3762 3293 3833 ἢ
3338 3758 3545 3827 δαίμων
3566 3753 3622 3843 ἐς

2043 3862 2271 3938 ὕστερον
2322 3841 2585 3932 ἐνομίσθη
2654 3859 2798 3933 (47)·
2863 3858 2959 3910 zeal
3024 3850 3364 3921 συνεϐόησαν
3414 3847 3511 3916 μὲν
3549 3841 3615 3896 τὰ

2041 3958 2255 4023 παιδία,
2281 3956 2377 4011 zeal
2400 3956 2430 4008 δ
2453 3954 2623 4022 δῆμος
2646 3952 2711 4005 ἐκ
2726 3950 2915 4026 τοῦτου
2949 3945 3239 4016 ἐξέκραγε,
3272 3938 3367 3996 zeal
3398 3938 3619 4009 ὥρμησε

2043 4051 2181 4122 πρὸς
2213 4049 2305 4103 τὸν
2337 4045 2583 4115 Κόμοδον
2613 4045 2672 4096 ἐν
2703 4037 3020 4111 προαστείῳ
3060 4038 3215 4099 δντα,
3258 4034 3472 4088 ἐκείνου
3525 4026 3622 4097 μὲν

2042 4141 2520 4213 ὑπερευχόμενος,
2569 4134 2665 4189 τοῦ
2727 4132 3041 4199 Κλεάνδρου
3094 4130 3153 4184 δὲ
3204 4124 3618 4196 κατευχόμενος.

2054 4242 2115 4291 '0
2133 4236 2192 4291 δέ
2232 4229 2574 4304 στρατιώτας
2611 4225 2857 4297 ἐπεμψεν
2888 4223 2979 4278 ἐπ’
3004 4223 3223 4287 αὐτοὺς,
3251 4220 3303 4274 οἳ
3334 4220 3429 4271 καὶ
3451 4214 3616 4284 ἔτρω-

2046 4331 2147 4384 σάν
2200 4344 2359 4391 τινας
2394 4325 2493 4379 zeal
2525 4321 2884 4384 ἀπέκτειναν,
2939 4314 3193 4387 ἀνεῖρξαι
3245 4313 3305 4368 δὲ
3327 4313 3419 4366 τὸν
3453 4308 3621 4376 δῆμον

348 4420 452 4474 οὐκ
484 4419 737 4492 ἴσχυσαν.
800 4422 965 4476 Ἀλλὰ
995 4420 1075 4492 τῷ
1113 4421 1561 4493 πλήθειθαρρῶν
1590 4421 1687 4475 zeal
1750 4426 1817 4494 τῇ
1869 4427 1979 4482 τῶν
2018 4426 2336 4498 δορυφόρων
2397 4418 2546 4491 ίσχύῖ
2605 4419 2817 4480 ἐκεῖνος
2868 4414 3131 4486 ἠπείχθη.
3209 4406 3620 4482 Πλησιαζάντων

347 4511 404 4564 δέ
428 4511 602 4578 οὕτως
633 4516 664 4570 ὁ
699 4516 943 4587 Κόμοεος
981 4515 1178 4580 ἔδεισε.
1207 4516 1514 4580 δειλότατος
1560 4514 1660 4581 ὢν,
1711 4515 1787 4580 ὠς
1834 4521 2034 4575 αὐτίκα
2098 4521 2191 4575 τόν
2245 4534 2306 4574 τε
2380 4515 2688 4585 Κλέανδρον
2734 4510 2830 4564 zeal
2881 4509 2945 4562 τὸ
3012 4507 3226 4563 παιδίον
3281 4503 3446 4560 αὑτοῦ
3486 4515 3623 4568 σφαο

269 4642 284 4650 -
348 4606 515 4675 γῆναι
559 4607 851 4662 κελεῦσαιο
895 4607 954 4660 τὸ
983 4608 1087 4678 μὲν
1126 4607 1226 4663 οὖν
1271 4608 1489 4662 παιδίον
1538 4609 1932 4679 προσουδισθὲν
1971 4612 2264 4682 διεφθάρη.
2304 4611 2380 4664 Τὸ
2450 4609 2509 4662 δὲ
2561 4606 2657 4660 τοῦ
2706 4602 3019 4671 Κλεάνδρου
3070 4598 3236 4670 σῶμα
3288 4593 3617 4682 λαϐόντεςοί

366 4695 655 4768 Ῥωμαῖοι,
680 4697 886 4768 ἔσυραν
916 4701 1011 4753 zeal
1048 4699 1332 4771 ᾐκίσαντο.
1356 4700 1468 4754 Kal
1505 4702 1539 4771 ἡ
1564 4700 1777 4772 κεφαλὴ
1817 4703 1984 4757 αὐτοῦ
2021 4681 2117 4760 ἐπί
2158 4681 2383 4775 δόρατος
2424 4703 2835 4771 περιενήνεκτο.
2866 4696 2962 4750 καὶ
3022 4710 3174 4756 τινας
3231 4689 3453 4760 ἐτέρους
3514 4681 3619 4735 τῶν

347 4791 502 4863 παρὰ
534 4790 613 4861 τῷ
649 4791 1012 4862 αὐτοκράτορι
1037 4792 1354 4861 δυναμένων
1377 4793 1716 4863 διέφθειραν.

419 4883 488 4940 ν.
522 4881 861 4938 Commodus
890 4899 1021 4939 vero
1064 4884 1132 4938 ad
1187 4884 1366 4940 caedes
1415 4885 1681 4942 incitatus
1710 4927 1726 4952 ,
1780 4889 1933 4946 viros

2120 4886 2195 4942 E'.
2228 4883 2471 4954 Κόμςδος
2500 4880 2558 4934 δὲ
2601 4877 2792 4948 ἐφόνα,
2823 4876 2919 4929 zeal
2946 4875 3076 4936 τοὺς
3106 4869 3397 4939 ἐπιφανεῖς
3426 4862 3618 4931 ἄνδρας

348 4977 596 5033 illustres
625 4974 917 5031 occidebat
954 4992 969 5029 :
1001 4982 1058 5030 et
1092 4975 1146 5030 in
1182 4990 1375 5031 omnes
1422 4976 1701 5032 Romanos
1739 4981 1931 5035 saevis-

2045 4975 2422 5049 διεχειρίζετο,
2448 4972 2544 5026 zeal
2567 4964 2637 5040 ἦν
2694 4963 2990 5037 Ῥωμαίοις
3019 4964 3193 5016 ἅπασι
3221 4954 3615 5050 χαλεπώτατοῢ

349 5071 545 5135 simus,
573 5082 640 5125 ea
673 5067 780 5123 sibi
816 5067 985 5124 tribui
1022 5067 1297 5139 cogebat,
1337 5082 1461 5138 quae
1498 5069 1641 5139 patri
1676 5070 1798 5142 ejus
1846 5072 1934 5126 ul-

2045 5067 2371 5137 ἀναγκάζων
2400 5062 2548 5133 αὐτῷ
2578 5060 2637 5127 ἐξ
2687 5061 2933 5127 ἀνάγκης
2987 5052 3348 5145 ψηφίζεσθαι,
3407 5048 3621 5145 somnia

350 5172 437 5218 tro
469 5133 539 5218 ezt
595 5160 979 5217 benevolentia
1006 5133 1186 5216 delata
1236 5133 1937 5233 fuerant.-lgitur'pr:eter

2046 5133 2218 5231 πατρὶ
2239 5156 2407 5212 αὐτοῦ
2441 5154 2659 5218 ἑκόντες
2718 5150 2786 5206 δι’
2824 5148 3038 5205 εὔνοιαν
3093 5133 3614 5219 amatam-ana

1514 5320 1711 5383 Variis
1749 5318 2057 5383 lectiones
2091 5328 2155 5383 et
2197 5326 2392 5382 notae.

422 5496 535 5565 (46)
566 5494 883 5569 Βουλείας.
915 5495 1178 5549 Senatum
1209 5492 1375 5569 vertit
1397 5493 1674 5569 interpres
1706 5507 1718 5541 :
1754 5492 1940 5569 malim

2050 5563 2082 5569 _
2122 5492 2236 5564 (λετ)
2274 5490 2595 5569 ἰζδρςίμων
2615 5488 2680 5554 ές
2705 5486 2969 5569 sane"
2991 5483 3306 5569 eam
3343 5475 3610 5569 Ξεεξίεπιι

350 5537 1195 5635 .3537;erigateraaat
1219 5537 1602 5635 ’ἷίὲἶέῥῦὲῖμὲ
1615 5537 1674 5623 Ϊ’
1694 5537 1941 5632 ᾁιὶὂῖἔὶ
2050 5537 2205 5633 ηεξ]
2220 5537 2283 5618 et
2299 5537 2673 5635 Ϊῐῑόῇὲῗῇεεῗζ
2707 5537 2810 5635 {illi
2828 5537 2874 5635 ει]
2884 5565 2967 5608 ter
2984 5537 3235 5635 _Wo:liian
3245 5537 3308 5635 [is
3320 5634 3325 5635 ί
3338 5545 3558 5635 eadem)“
3566 5537 3608 5635 j

354 5611 479 5702 ἱμὶέ
504 5611 653 5703 ᾧόἶιξ
668 5611 988 5703 εέὶίιιιὶἦὶἷῖἕ
1004 5611 1581 5696 εΞὶίΓειιΞᾶεπίιῗιέἇῐ
1592 5611 1727 5686 ’ἔτινέ
1738 5611 1764 5698 ξ
1776 5611 1941 5688 Eax}:

2048 5611 2282 5701 δέίῖιωνί
2298 5611 2625 5702 ιτὲὓίσέέῇὀν
2649 5611 2930 5698 ἐνομίσθη,
2950 5626 3056 5679 sive
3083 5625 3203 5689 dea,
3219 5630 3275 5676 ut
3299 5611 3612 5689 postmodum

356 5698 468 5759 ἱων
498 5698 581 5759 ὧν
603 5698 764 5773 εἶχον
782 5703 843 5756 τὸ
885 5704 1173 5776 βουλευταὶ
1194 5705 1448 5774 γενέσθαι
1477 5703 1761 5776 ἐπρίαντο.

2051 5713 2126 5757 est
2146 5698 2430 5758 creditum.
