  <div class='ocr_page' id='page_1' title='image "/cluster/home/n/w/nwhite01/storage/ocr_20150623/134:no.1/coo.31924054870393/518.png"; bbox 0 0 4048 6426; ppageno 0'>
   <div class='ocr_carea' id='block_1_1' title="bbox 423 338 564 404">
    <p class='ocr_par' dir='ltr' id='par_1_1' title="bbox 423 338 564 404">
     <span class='ocr_line' id='line_1_1' title="bbox 423 338 564 404; baseline 0.014 -2"><span class='ocrx_word' id='word_1_1' title='bbox 423 338 564 404; x_wconf 83' lang='grc'><strong>1017</strong></span> 
     </span>
    </p>
   </div>
   <div class='ocr_carea' id='block_1_2' title="bbox 1686 356 2458 427">
    <p class='ocr_par' dir='ltr' id='par_1_2' title="bbox 1686 356 2458 427">
     <span class='ocr_line' id='line_1_2' title="bbox 1686 356 2458 427; baseline 0.014 -11"><span class='ocrx_word' id='word_1_2' title='bbox 1686 356 2099 418; x_wconf 78' lang='lat' dir='ltr'><strong>ANNALIUM</strong></span> <span class='ocrx_word' id='word_1_3' title='bbox 2137 362 2285 425; x_wconf 88' lang='lat' dir='ltr'><strong>LIB.</strong></span> <span class='ocrx_word' id='word_1_4' title='bbox 2319 366 2458 427; x_wconf 86' lang='grc' dir='ltr'><strong>ΧΗ.</strong></span> 
     </span>
    </p>
   </div>
   <div class='ocr_carea' id='block_1_3' title="bbox 3543 378 3676 445">
    <p class='ocr_par' dir='ltr' id='par_1_3' title="bbox 3543 378 3676 445">
     <span class='ocr_line' id='line_1_3' title="bbox 3543 378 3676 445; baseline 0.008 -1"><span class='ocrx_word' id='word_1_5' title='bbox 3543 378 3676 445; x_wconf 81' lang='grc'><strong>1018</strong></span> 
     </span>
    </p>
   </div>
   <div class='ocr_carea' id='block_1_4' title="bbox 418 454 1986 556">
    <p class='ocr_par' dir='ltr' id='par_1_4' title="bbox 418 454 1986 556">
     <span class='ocr_line' id='line_1_4' title="bbox 418 454 1986 556; baseline 0.011 -49"><span class='ocrx_word' id='word_1_6' title='bbox 418 454 514 556; x_wconf 65' lang='grc' dir='ltr'>τοῦ</span> <span class='ocrx_word' id='word_1_7' title='bbox 546 457 792 527; x_wconf 69' lang='grc' dir='ltr'>Κομοδου</span> <span class='ocrx_word' id='word_1_8' title='bbox 828 461 1098 516; x_wconf 77' lang='grc' dir='ltr'>παιδικῶν</span> <span class='ocrx_word' id='word_1_9' title='bbox 1150 466 1416 538; x_wconf 84' lang='grc' dir='ltr'>ἀθροίσας</span> <span class='ocrx_word' id='word_1_10' title='bbox 1457 469 1748 541; x_wconf 78' lang='grc' dir='ltr'>ἀργύριον,</span> <span class='ocrx_word' id='word_1_11' title='bbox 1787 476 1901 537; x_wconf 84' lang='grc' dir='ltr'>τοῖς</span> <span class='ocrx_word' id='word_1_12' title='bbox 1947 490 1986 524; x_wconf 84' lang='grc' dir='ltr'>τ;</span> 
     </span>
    </p>
   </div>
   <div class='ocr_carea' id='block_1_5' title="bbox 2087 454 3676 556">
    <p class='ocr_par' dir='ltr' id='par_1_5' title="bbox 2107 481 3676 556">
     <span class='ocr_line' id='line_1_5' title="bbox 2107 481 3676 556; baseline 0.01 -23"><span class='ocrx_word' id='word_1_13' title='bbox 2107 481 2357 548; x_wconf 79' lang='lat' dir='ltr'><strong>gationes</strong></span> <span class='ocrx_word' id='word_1_14' title='bbox 2398 499 2533 540; x_wconf 89' lang='lat' dir='ltr'><strong>usus</strong></span> <span class='ocrx_word' id='word_1_15' title='bbox 2578 485 3077 556; x_wconf 79' lang='lat' dir='ltr'><strong>fuerat,Pertinax</strong></span> <span class='ocrx_word' id='word_1_16' title='bbox 3123 491 3178 546; x_wconf 94' lang='lat' dir='ltr'><strong>in</strong></span> <span class='ocrx_word' id='word_1_17' title='bbox 3237 490 3358 547; x_wconf 79' lang='lat' dir='ltr'><strong>foro</strong></span> <span class='ocrx_word' id='word_1_18' title='bbox 3409 493 3676 550; x_wconf 88' lang='lat' dir='ltr'><strong>vendidit.</strong></span> 
     </span>
    </p>
   </div>
   <div class='ocr_carea' id='block_1_6' title="bbox 418 545 1997 632">
    <p class='ocr_par' dir='ltr' id='par_1_6' title="bbox 418 545 1997 632">
     <span class='ocr_line' id='line_1_6' title="bbox 418 545 1997 632; baseline 0.011 -34"><span class='ocrx_word' id='word_1_19' title='bbox 418 545 803 619; x_wconf 75' lang='grc' dir='ltr'>δορυφόροιςᾶ</span> <span class='ocrx_word' id='word_1_20' title='bbox 834 552 1104 624; x_wconf 79' lang='grc' dir='ltr'>ὑπέσχετο</span> <span class='ocrx_word' id='word_1_21' title='bbox 1137 556 1333 624; x_wconf 74' lang='grc' dir='ltr'>ἔδωκε,</span> <span class='ocrx_word' id='word_1_22' title='bbox 1386 560 1482 612; x_wconf 71' lang='grc' dir='ltr'><strong>καὶ</strong></span> <span class='ocrx_word' id='word_1_23' title='bbox 1535 560 1612 631; x_wconf 82' lang='grc' dir='ltr'>τῷ</span> <span class='ocrx_word' id='word_1_24' title='bbox 1665 561 1823 632; x_wconf 81' lang='grc' dir='ltr'>δήμῳ</span> <span class='ocrx_word' id='word_1_25' title='bbox 1876 564 1997 615; x_wconf 80' lang='grc' dir='ltr'>καθ’</span> 
     </span>
    </p>
   </div>
   <div class='ocr_carea' id='block_1_7' title="bbox 417 640 1999 728">
    <p class='ocr_par' dir='ltr' id='par_1_7' title="bbox 417 640 1999 728">
     <span class='ocr_line' id='line_1_7' title="bbox 417 640 1999 728; baseline 0.011 -36"><span class='ocrx_word' id='word_1_26' title='bbox 417 640 615 694; x_wconf 73' lang='grc' dir='ltr'>ἑκατὸν</span> <span class='ocrx_word' id='word_1_27' title='bbox 640 641 910 714; x_wconf 82' lang='grc' dir='ltr'>δραχμάς.</span> <span class='ocrx_word' id='word_1_28' title='bbox 945 647 1132 710; x_wconf 88' lang='grc' dir='ltr'>Ὄσοις</span> <span class='ocrx_word' id='word_1_29' title='bbox 1157 649 1267 721; x_wconf 84' lang='grc' dir='ltr'>γὰρ</span> <span class='ocrx_word' id='word_1_30' title='bbox 1296 651 1324 704; x_wconf 99' lang='lat'><strong>6</strong></span> <span class='ocrx_word' id='word_1_31' title='bbox 1364 653 1605 723; x_wconf 68' lang='grc' dir='ltr'>Κᾶμοδος</span> <span class='ocrx_word' id='word_1_32' title='bbox 1666 656 1724 717; x_wconf 84' lang='grc' dir='ltr'>ἐς</span> <span class='ocrx_word' id='word_1_33' title='bbox 1788 656 1999 728; x_wconf 67' lang='grc' dir='ltr'>τρυφὴν</span> 
     </span>
    </p>
   </div>
   <div class='ocr_carea' id='block_1_8' title="bbox 416 732 1994 817">
    <p class='ocr_par' dir='ltr' id='par_1_8' title="bbox 416 732 1994 817">
     <span class='ocr_line' id='line_1_8' title="bbox 416 732 1994 817; baseline 0.011 -35"><span class='ocrx_word' id='word_1_34' title='bbox 416 732 513 783; x_wconf 72' lang='grc' dir='ltr'><strong>καὶ</strong></span> <span class='ocrx_word' id='word_1_35' title='bbox 551 732 607 793; x_wconf 76' lang='grc' dir='ltr'>ἐς</span> <span class='ocrx_word' id='word_1_36' title='bbox 660 733 1005 805; x_wconf 72' lang='grc' dir='ltr'><strong>ὁπλομαχίαν</strong></span> <span class='ocrx_word' id='word_1_37' title='bbox 1069 740 1164 792; x_wconf 79' lang='grc' dir='ltr'>καὶ</span> <span class='ocrx_word' id='word_1_38' title='bbox 1232 742 1652 813; x_wconf 77' lang='grc' dir='ltr'><strong>ἁρματηλασίαν</strong></span> <span class='ocrx_word' id='word_1_39' title='bbox 1704 745 1994 817; x_wconf 72' lang='grc' dir='ltr'>ἐκέχρητο,</span> 
     </span>
    </p>
   </div>
   <div class='ocr_carea' id='block_1_9' title="bbox 416 821 1998 906">
    <p class='ocr_par' dir='ltr' id='par_1_9' title="bbox 416 821 1998 906">
     <span class='ocr_line' id='line_1_9' title="bbox 416 821 1998 906; baseline 0.01 -32"><span class='ocrx_word' id='word_1_40' title='bbox 416 821 711 891; x_wconf 75' lang='grc' dir='ltr'>ξύμπαντα</span> <span class='ocrx_word' id='word_1_41' title='bbox 758 828 1112 896; x_wconf 77' lang='grc' dir='ltr'>προύτέθειτο</span> <span class='ocrx_word' id='word_1_42' title='bbox 1175 835 1258 895; x_wconf 86' lang='grc' dir='ltr'><strong>είς</strong></span> <span class='ocrx_word' id='word_1_43' title='bbox 1311 836 1373 888; x_wconf 84' lang='grc' dir='ltr'><strong>τὸ</strong></span> <span class='ocrx_word' id='word_1_44' title='bbox 1427 835 1792 906; x_wconf 80' lang='grc' dir='ltr'>πωλητήριον.</span> <span class='ocrx_word' id='word_1_45' title='bbox 1850 839 1913 891; x_wconf 79' lang='grc' dir='ltr'><strong>Ὀ</strong></span> <span class='ocrx_word' id='word_1_46' title='bbox 1942 838 1998 891; x_wconf 77' lang='grc' dir='ltr'>δὲ</span> 
     </span>
    </p>
   </div>
   <div class='ocr_carea' id='block_1_10' title="bbox 416 916 1997 998">
    <p class='ocr_par' dir='ltr' id='par_1_10' title="bbox 416 916 1997 998">
     <span class='ocr_line' id='line_1_10' title="bbox 416 916 1997 998; baseline 0.011 -33"><span class='ocrx_word' id='word_1_47' title='bbox 416 916 616 976; x_wconf 89' lang='grc' dir='ltr'>Δαῖτος</span> <span class='ocrx_word' id='word_1_48' title='bbox 641 916 880 986; x_wconf 73' lang='grc' dir='ltr'>εὐφήμει</span> <span class='ocrx_word' id='word_1_49' title='bbox 908 919 1008 988; x_wconf 85' lang='grc' dir='ltr'>μὲν</span> <span class='ocrx_word' id='word_1_50' title='bbox 1042 922 1134 974; x_wconf 68' lang='grc' dir='ltr'><strong>τὸν</strong></span> <span class='ocrx_word' id='word_1_51' title='bbox 1171 924 1504 993; x_wconf 77' lang='grc' dir='ltr'>Περτίνακα,</span> <span class='ocrx_word' id='word_1_52' title='bbox 1561 928 1654 979; x_wconf 73' lang='grc' dir='ltr'><strong>τὸν</strong></span> <span class='ocrx_word' id='word_1_53' title='bbox 1706 929 1763 981; x_wconf 77' lang='grc' dir='ltr'><strong>δὲ</strong></span> <span class='ocrx_word' id='word_1_54' title='bbox 1816 931 1997 998; x_wconf 57' lang='lat' dir='ltr'><strong>K6110-</strong></span> 
     </span>
    </p>
   </div>
   <div class='ocr_carea' id='block_1_11' title="bbox 413 1005 1995 1091">
    <p class='ocr_par' dir='ltr' id='par_1_11' title="bbox 413 1005 1995 1091">
     <span class='ocr_line' id='line_1_11' title="bbox 413 1005 1995 1091; baseline 0.004 -33"><span class='ocrx_word' id='word_1_55' title='bbox 413 1005 503 1058; x_wconf 83' lang='grc' dir='ltr'>δον</span> <span class='ocrx_word' id='word_1_56' title='bbox 533 1005 745 1076; x_wconf 75' lang='grc' dir='ltr'>ὕϐριζε.</span> <span class='ocrx_word' id='word_1_57' title='bbox 770 1009 881 1062; x_wconf 83' lang='grc' dir='ltr'><strong>Καί</strong></span> <span class='ocrx_word' id='word_1_58' title='bbox 907 1024 1061 1074; x_wconf 81' lang='grc' dir='ltr'>τινας</span> <span class='ocrx_word' id='word_1_59' title='bbox 1090 1013 1411 1084; x_wconf 73' lang='grc' dir='ltr'>Βαρϐἀρους</span> <span class='ocrx_word' id='word_1_60' title='bbox 1441 1017 1664 1087; x_wconf 66' lang='grc' dir='ltr'>χρύσιον</span> <span class='ocrx_word' id='word_1_61' title='bbox 1690 1021 1820 1091; x_wconf 73' lang='grc' dir='ltr'>παρ’</span> <span class='ocrx_word' id='word_1_62' title='bbox 1847 1020 1995 1075; x_wconf 62' lang='grc' dir='ltr'>ὲκεί-</span> 
     </span>
    </p>
   </div>
   <div class='ocr_carea' id='block_1_12' title="bbox 415 1102 1993 1182">
    <p class='ocr_par' dir='ltr' id='par_1_12' title="bbox 415 1102 1993 1182">
     <span class='ocr_line' id='line_1_12' title="bbox 415 1102 1993 1182; baseline 0.012 -32"><span class='ocrx_word' id='word_1_63' title='bbox 415 1114 507 1151; x_wconf 90' lang='grc' dir='ltr'><strong>νου</strong></span> <span class='ocrx_word' id='word_1_64' title='bbox 540 1102 950 1170; x_wconf 81' lang='grc' dir='ltr'><strong>κομισαμένους</strong></span> <span class='ocrx_word' id='word_1_65' title='bbox 986 1105 1074 1157; x_wconf 81' lang='grc' dir='ltr'>ἐπ’</span> <span class='ocrx_word' id='word_1_66' title='bbox 1103 1108 1300 1180; x_wconf 79' lang='grc' dir='ltr'><strong>εἰρήνῃ</strong></span> <span class='ocrx_word' id='word_1_67' title='bbox 1328 1108 1487 1172; x_wconf 77' lang='grc' dir='ltr'>πολὺ,</span> <span class='ocrx_word' id='word_1_68' title='bbox 1520 1111 1601 1165; x_wconf 79' lang='grc' dir='ltr'>ἔτι</span> <span class='ocrx_word' id='word_1_69' title='bbox 1621 1112 1993 1182; x_wconf 83' lang='grc' dir='ltr'><strong>τυγχάνοντας</strong></span> 
     </span>
    </p>
   </div>
   <div class='ocr_carea' id='block_1_13' title="bbox 414 1190 1992 1274">
    <p class='ocr_par' dir='ltr' id='par_1_13' title="bbox 414 1190 1992 1274">
     <span class='ocr_line' id='line_1_13' title="bbox 414 1190 1992 1274; baseline 0.011 -33"><span class='ocrx_word' id='word_1_70' title='bbox 414 1190 473 1241; x_wconf 76' lang='grc' dir='ltr'>ὲν</span> <span class='ocrx_word' id='word_1_71' title='bbox 533 1190 640 1259; x_wconf 78' lang='grc' dir='ltr'><strong>ὁδῷ</strong></span> <span class='ocrx_word' id='word_1_72' title='bbox 695 1194 1106 1269; x_wconf 74' lang='grc' dir='ltr'>μετεπέμψατο,</span> <span class='ocrx_word' id='word_1_73' title='bbox 1166 1200 1261 1252; x_wconf 76' lang='grc' dir='ltr'><strong>καὶ</strong></span> <span class='ocrx_word' id='word_1_74' title='bbox 1305 1200 1367 1253; x_wconf 81' lang='grc' dir='ltr'>τὸ</span> <span class='ocrx_word' id='word_1_75' title='bbox 1422 1202 1649 1273; x_wconf 87' lang='grc' dir='ltr'>χρυσίον</span> <span class='ocrx_word' id='word_1_76' title='bbox 1718 1207 1992 1274; x_wconf 70' lang='grc' dir='ltr'>ἀφείλετο,</span> 
     </span>
    </p>
   </div>
   <div class='ocr_carea' id='block_1_14' title="bbox 413 1281 1991 1369">
    <p class='ocr_par' dir='ltr' id='par_1_14' title="bbox 413 1281 1991 1369">
     <span class='ocr_line' id='line_1_14' title="bbox 413 1281 1991 1369; baseline 0.011 -35"><span class='ocrx_word' id='word_1_77' title='bbox 413 1281 620 1353; x_wconf 73' lang='grc' dir='ltr'>φράσαι</span> <span class='ocrx_word' id='word_1_78' title='bbox 652 1285 714 1336; x_wconf 81' lang='grc' dir='ltr'><strong>τε</strong></span> <span class='ocrx_word' id='word_1_79' title='bbox 741 1286 852 1347; x_wconf 83' lang='grc' dir='ltr'>τοῖς</span> <span class='ocrx_word' id='word_1_80' title='bbox 875 1287 1014 1340; x_wconf 83' lang='grc' dir='ltr'>οίκοι</span> <span class='ocrx_word' id='word_1_81' title='bbox 1044 1290 1224 1358; x_wconf 83' lang='grc' dir='ltr'>φήσας</span> <span class='ocrx_word' id='word_1_82' title='bbox 1249 1291 1635 1362; x_wconf 79' lang='grc' dir='ltr'>ὄτιΠερτίναξ</span> <span class='ocrx_word' id='word_1_83' title='bbox 1650 1295 1820 1365; x_wconf 68' lang='grc' dir='ltr'>ἄρχει</span> <span class='ocrx_word' id='word_1_84' title='bbox 1845 1296 1991 1369; x_wconf 74' lang='grc' dir='ltr'>(ᾔδε-</span> 
     </span>
    </p>
   </div>
   <div class='ocr_carea' id='block_1_15' title="bbox 413 1372 1986 1460">
    <p class='ocr_par' dir='ltr' id='par_1_15' title="bbox 413 1372 1986 1460">
     <span class='ocr_line' id='line_1_15' title="bbox 413 1372 1986 1460; baseline 0.013 -38"><span class='ocrx_word' id='word_1_85' title='bbox 413 1385 515 1423; x_wconf 86' lang='grc' dir='ltr'><strong>σαν</strong></span> <span class='ocrx_word' id='word_1_86' title='bbox 548 1372 659 1441; x_wconf 70' lang='grc' dir='ltr'>γὰρ</span> <span class='ocrx_word' id='word_1_87' title='bbox 690 1375 751 1426; x_wconf 58' lang='grc' dir='ltr'><strong>τι)</strong></span> <span class='ocrx_word' id='word_1_88' title='bbox 788 1374 963 1444; x_wconf 73' lang='grc' dir='ltr'>ὃνομα</span> <span class='ocrx_word' id='word_1_89' title='bbox 984 1379 1079 1431; x_wconf 85' lang='grc' dir='ltr'>τοῦ</span> <span class='ocrx_word' id='word_1_90' title='bbox 1105 1380 1301 1450; x_wconf 78' lang='grc' dir='ltr'>ἀνδρὸς</span> <span class='ocrx_word' id='word_1_91' title='bbox 1344 1383 1405 1449; x_wconf 75' lang='grc' dir='ltr'><strong>ἐξ</strong></span> <span class='ocrx_word' id='word_1_92' title='bbox 1436 1378 1508 1437; x_wconf 82' lang='grc' dir='ltr'>ὧν</span> <span class='ocrx_word' id='word_1_93' title='bbox 1547 1387 1986 1460; x_wconf 75' lang='grc' dir='ltr'>ἐπεπόνθεισαν),</span> 
     </span>
    </p>
   </div>
   <div class='ocr_carea' id='block_1_16' title="bbox 412 1464 1991 1545">
    <p class='ocr_par' dir='ltr' id='par_1_16' title="bbox 412 1464 1991 1545">
     <span class='ocr_line' id='line_1_16' title="bbox 412 1464 1991 1545; baseline 0.011 -29"><span class='ocrx_word' id='word_1_94' title='bbox 412 1464 509 1516; x_wconf 72' lang='grc' dir='ltr'>καὶ</span> <span class='ocrx_word' id='word_1_95' title='bbox 536 1464 672 1517; x_wconf 74' lang='grc' dir='ltr'><strong>ἄλλα</strong></span> <span class='ocrx_word' id='word_1_96' title='bbox 688 1464 744 1518; x_wconf 81' lang='grc' dir='ltr'>δὲ</span> <span class='ocrx_word' id='word_1_97' title='bbox 763 1468 989 1522; x_wconf 77' lang='grc' dir='ltr'>τοιαῦτα</span> <span class='ocrx_word' id='word_1_98' title='bbox 1011 1470 1105 1523; x_wconf 79' lang='grc' dir='ltr'>ἐπὶ</span> <span class='ocrx_word' id='word_1_99' title='bbox 1125 1471 1343 1544; x_wconf 73' lang='grc' dir='ltr'>διαϐολῇ</span> <span class='ocrx_word' id='word_1_100' title='bbox 1369 1473 1465 1527; x_wconf 83' lang='grc' dir='ltr'>τοῦ</span> <span class='ocrx_word' id='word_1_101' title='bbox 1486 1476 1729 1544; x_wconf 86' lang='grc' dir='ltr'>Κομόδου</span> <span class='ocrx_word' id='word_1_102' title='bbox 1747 1480 1775 1531; x_wconf 90' lang='lat'><strong>6</strong></span> <span class='ocrx_word' id='word_1_103' title='bbox 1794 1480 1991 1545; x_wconf 83' lang='grc' dir='ltr'>Δαῖτος</span> 
     </span>
    </p>
   </div>
   <div class='ocr_carea' id='block_1_17' title="bbox 414 1554 1990 1638">
    <p class='ocr_par' dir='ltr' id='par_1_17' title="bbox 414 1554 1990 1638">
     <span class='ocr_line' id='line_1_17' title="bbox 414 1554 1990 1638; baseline 0.013 -33"><span class='ocrx_word' id='word_1_104' title='bbox 414 1554 695 1623; x_wconf 72' lang='grc' dir='ltr'>ἐποίησεν.</span> <span class='ocrx_word' id='word_1_105' title='bbox 726 1557 869 1609; x_wconf 80' lang='grc' dir='ltr'><strong>Ἀλλ’</strong></span> <span class='ocrx_word' id='word_1_106' title='bbox 893 1558 992 1611; x_wconf 77' lang='grc' dir='ltr'><strong>οὐκ</strong></span> <span class='ocrx_word' id='word_1_107' title='bbox 1022 1562 1115 1614; x_wconf 74' lang='grc' dir='ltr'><strong>ἐπὶ</strong></span> <span class='ocrx_word' id='word_1_108' title='bbox 1149 1562 1360 1633; x_wconf 83' lang='grc' dir='ltr'>μακρὸν</span> <span class='ocrx_word' id='word_1_109' title='bbox 1387 1558 1541 1629; x_wconf 76' lang='grc' dir='ltr'>οὗτος</span> <span class='ocrx_word' id='word_1_110' title='bbox 1570 1567 1754 1638; x_wconf 74' lang='grc' dir='ltr'>ἔμεινε</span> <span class='ocrx_word' id='word_1_111' title='bbox 1798 1570 1990 1635; x_wconf 73' lang='grc' dir='ltr'>πιστὸς</span> 
     </span>
    </p>
   </div>
   <div class='ocr_carea' id='block_1_18' title="bbox 409 1644 1990 1730">
    <p class='ocr_par' dir='ltr' id='par_1_18' title="bbox 409 1644 1990 1730">
     <span class='ocr_line' id='line_1_18' title="bbox 409 1644 1990 1730; baseline 0.013 -34"><span class='ocrx_word' id='word_1_112' title='bbox 409 1644 490 1714; x_wconf 81' lang='grc' dir='ltr'>τῷ</span> <span class='ocrx_word' id='word_1_113' title='bbox 526 1647 841 1730; x_wconf 84' lang='grc' dir='ltr'>Περτίνακι.</span> <span class='ocrx_word' id='word_1_114' title='bbox 874 1645 978 1703; x_wconf 76' lang='grc' dir='ltr'><strong>’Ὡν</strong></span> <span class='ocrx_word' id='word_1_115' title='bbox 1013 1652 1124 1722; x_wconf 82' lang='grc' dir='ltr'>γὰρ</span> <span class='ocrx_word' id='word_1_116' title='bbox 1155 1654 1398 1726; x_wconf 81' lang='grc' dir='ltr'>ἱμείρετο</span> <span class='ocrx_word' id='word_1_117' title='bbox 1423 1657 1498 1729; x_wconf 77' lang='grc' dir='ltr'>μὴ</span> <span class='ocrx_word' id='word_1_118' title='bbox 1530 1660 1838 1730; x_wconf 79' lang='grc' dir='ltr'>τυγχάνων,</span> <span class='ocrx_word' id='word_1_119' title='bbox 1862 1662 1990 1727; x_wconf 80' lang='grc' dir='ltr'>τοὺς</span> 
     </span>
    </p>
   </div>
   <div class='ocr_carea' id='block_1_19' title="bbox 411 1728 1989 1827">
    <p class='ocr_par' dir='ltr' id='par_1_19' title="bbox 411 1728 1989 1827">
     <span class='ocr_line' id='line_1_19' title="bbox 411 1728 1989 1827; baseline 0.013 -38"><span class='ocrx_word' id='word_1_120' title='bbox 411 1728 756 1807; x_wconf 74' lang='grc' dir='ltr'>στρατιώτας</span> <span class='ocrx_word' id='word_1_121' title='bbox 790 1744 1069 1815; x_wconf 80' lang='grc' dir='ltr'>παρέθηξε</span> <span class='ocrx_word' id='word_1_122' title='bbox 1104 1748 1226 1801; x_wconf 79' lang='grc' dir='ltr'>κατ’</span> <span class='ocrx_word' id='word_1_123' title='bbox 1259 1750 1450 1806; x_wconf 81' lang='grc' dir='ltr'>αὐτοῦ.</span> <span class='ocrx_word' id='word_1_124' title='bbox 1490 1728 1553 1806; x_wconf 78' lang='lat' dir='ltr'><strong>Oi</strong></span> <span class='ocrx_word' id='word_1_125' title='bbox 1606 1728 1669 1808; x_wconf 63' lang='grc' dir='ltr'><strong>δὲ</strong></span> <span class='ocrx_word' id='word_1_126' title='bbox 1719 1757 1989 1827; x_wconf 81' lang='grc' dir='ltr'>ἁρπαγῶν</span> 
     </span>
    </p>
   </div>
   <div class='ocr_carea' id='block_1_20' title="bbox 408 1830 1989 1911">
    <p class='ocr_par' dir='ltr' id='par_1_20' title="bbox 408 1830 1989 1911">
     <span class='ocr_line' id='line_1_20' title="bbox 408 1830 1989 1911; baseline 0.015 -31"><span class='ocrx_word' id='word_1_127' title='bbox 408 1830 720 1900; x_wconf 71' lang='grc' dir='ltr'>εἰργόμενοι</span> <span class='ocrx_word' id='word_1_128' title='bbox 749 1834 881 1904; x_wconf 86' lang='grc' dir='ltr'>παρ’</span> <span class='ocrx_word' id='word_1_129' title='bbox 908 1837 1100 1903; x_wconf 83' lang='grc' dir='ltr'>αὐτοῦ,</span> <span class='ocrx_word' id='word_1_130' title='bbox 1134 1841 1361 1909; x_wconf 72' lang='grc' dir='ltr'>ἑμίσουν</span> <span class='ocrx_word' id='word_1_131' title='bbox 1406 1845 1590 1911; x_wconf 75' lang='grc' dir='ltr'>αὐτὸν,</span> <span class='ocrx_word' id='word_1_132' title='bbox 1625 1848 1721 1900; x_wconf 74' lang='grc' dir='ltr'>καὶ</span> <span class='ocrx_word' id='word_1_133' title='bbox 1755 1850 1989 1903; x_wconf 76' lang='grc' dir='ltr'>ἐπεϐού-</span> 
     </span>
    </p>
   </div>
   <div class='ocr_carea' id='block_1_21' title="bbox 407 1918 1995 2010">
    <p class='ocr_par' dir='ltr' id='par_1_21' title="bbox 407 1918 1995 2010">
     <span class='ocr_line' id='line_1_21' title="bbox 407 1918 1995 2010; baseline 0.014 -38"><span class='ocrx_word' id='word_1_134' title='bbox 407 1918 563 1974; x_wconf 81' lang='grc' dir='ltr'>λευον</span> <span class='ocrx_word' id='word_1_135' title='bbox 585 1924 681 1977; x_wconf 79' lang='grc' dir='ltr'><strong>σὺν</strong></span> <span class='ocrx_word' id='word_1_136' title='bbox 714 1924 790 1994; x_wconf 85' lang='grc' dir='ltr'>τῷ</span> <span class='ocrx_word' id='word_1_137' title='bbox 825 1928 1033 2000; x_wconf 83' lang='grc' dir='ltr'>Δαίτῳ.</span> <span class='ocrx_word' id='word_1_138' title='bbox 1065 1930 1157 1984; x_wconf 76' lang='grc' dir='ltr'><strong>Διὸ</strong></span> <span class='ocrx_word' id='word_1_139' title='bbox 1194 1933 1288 1986; x_wconf 80' lang='grc' dir='ltr'>τὸν</span> <span class='ocrx_word' id='word_1_140' title='bbox 1340 1933 1550 1990; x_wconf 77' lang='grc' dir='ltr'>ὕπατον</span> <span class='ocrx_word' id='word_1_141' title='bbox 1604 1937 1865 1994; x_wconf 77' lang='grc' dir='ltr'>Φάλκωνα</span> <span class='ocrx_word' id='word_1_142' title='bbox 1902 1942 1995 2010; x_wconf 74' lang='grc' dir='ltr'><strong>γέ-</strong></span> 
     </span>
    </p>
   </div>
   <div class='ocr_carea' id='block_1_22' title="bbox 408 2013 1994 2103">
    <p class='ocr_par' dir='ltr' id='par_1_22' title="bbox 408 2013 1994 2103">
     <span class='ocr_line' id='line_1_22' title="bbox 408 2013 1994 2103; baseline 0.015 -40"><span class='ocrx_word' id='word_1_143' title='bbox 408 2027 490 2063; x_wconf 81' lang='grc' dir='ltr'><strong>νει</strong></span> <span class='ocrx_word' id='word_1_144' title='bbox 525 2013 618 2065; x_wconf 76' lang='grc' dir='ltr'><strong>καὶ</strong></span> <span class='ocrx_word' id='word_1_145' title='bbox 648 2015 867 2088; x_wconf 83' lang='grc' dir='ltr'>πλούτῳ</span> <span class='ocrx_word' id='word_1_146' title='bbox 906 2018 1368 2091; x_wconf 83' lang='grc' dir='ltr'>λαμπρυνόμενον</span> <span class='ocrx_word' id='word_1_147' title='bbox 1406 2027 1787 2099; x_wconf 73' lang='grc' dir='ltr'>αὐτοκράτορα</span> <span class='ocrx_word' id='word_1_148' title='bbox 1832 2033 1994 2103; x_wconf 84' lang='grc' dir='ltr'>ποιῆ-</span> 
     </span>
    </p>
   </div>
   <div class='ocr_carea' id='block_1_23' title="bbox 408 2107 1989 2189">
    <p class='ocr_par' dir='ltr' id='par_1_23' title="bbox 408 2107 1989 2189">
     <span class='ocr_line' id='line_1_23' title="bbox 408 2107 1989 2189; baseline 0.015 -34"><span class='ocrx_word' id='word_1_149' title='bbox 408 2120 496 2157; x_wconf 76' lang='grc' dir='ltr'><strong>σαι</strong></span> <span class='ocrx_word' id='word_1_150' title='bbox 538 2107 843 2164; x_wconf 78' lang='grc' dir='ltr'>συνέθεντο·</span> <span class='ocrx_word' id='word_1_151' title='bbox 889 2110 918 2164; x_wconf 86' lang='grc' dir='ltr'><strong>δ</strong></span> <span class='ocrx_word' id='word_1_152' title='bbox 968 2113 1157 2184; x_wconf 88' lang='grc' dir='ltr'>μαθὼν</span> <span class='ocrx_word' id='word_1_153' title='bbox 1214 2117 1243 2170; x_wconf 90' lang='lat'><strong>6</strong></span> <span class='ocrx_word' id='word_1_154' title='bbox 1295 2119 1563 2189; x_wconf 79' lang='grc' dir='ltr'>Περτίναξ</span> <span class='ocrx_word' id='word_1_155' title='bbox 1607 2124 1664 2184; x_wconf 80' lang='grc' dir='ltr'>ἐς</span> <span class='ocrx_word' id='word_1_156' title='bbox 1716 2123 1989 2181; x_wconf 79' lang='grc' dir='ltr'>θάλασσαν</span> 
     </span>
    </p>
   </div>
   <div class='ocr_carea' id='block_1_24' title="bbox 405 2197 1989 2287">
    <p class='ocr_par' dir='ltr' id='par_1_24' title="bbox 405 2197 1989 2287">
     <span class='ocr_line' id='line_1_24' title="bbox 405 2197 1989 2287; baseline 0.016 -40"><span class='ocrx_word' id='word_1_157' title='bbox 405 2197 696 2287; x_wconf 84' lang='grc' dir='ltr'>διατρίϐων</span> <span class='ocrx_word' id='word_1_158' title='bbox 747 2202 836 2257; x_wconf 76' lang='grc' dir='ltr'>διὰ</span> <span class='ocrx_word' id='word_1_159' title='bbox 886 2207 986 2275; x_wconf 77' lang='grc' dir='ltr'>τὴν</span> <span class='ocrx_word' id='word_1_160' title='bbox 1041 2207 1136 2261; x_wconf 78' lang='grc' dir='ltr'>τοῦ</span> <span class='ocrx_word' id='word_1_161' title='bbox 1210 2208 1358 2263; x_wconf 85' lang='grc' dir='ltr'>σίτου</span> <span class='ocrx_word' id='word_1_162' title='bbox 1450 2216 1810 2287; x_wconf 72' lang='grc' dir='ltr'>παρασκευὴν</span> <span class='ocrx_word' id='word_1_163' title='bbox 1841 2255 1858 2283; x_wconf 87' lang='grc'><strong>,</strong></span> <span class='ocrx_word' id='word_1_164' title='bbox 1908 2220 1989 2282; x_wconf 87' lang='grc' dir='ltr'><strong>είς</strong></span> 
     </span>
    </p>
   </div>
   <div class='ocr_carea' id='block_1_25' title="bbox 406 2286 1985 2378">
    <p class='ocr_par' dir='ltr' id='par_1_25' title="bbox 406 2286 1985 2378">
     <span class='ocr_line' id='line_1_25' title="bbox 406 2286 1985 2378; baseline 0.017 -42"><span class='ocrx_word' id='word_1_165' title='bbox 406 2286 506 2355; x_wconf 68' lang='grc' dir='ltr'>τὴν</span> <span class='ocrx_word' id='word_1_166' title='bbox 556 2288 710 2343; x_wconf 63' lang='grc' dir='ltr'>πόλιν</span> <span class='ocrx_word' id='word_1_167' title='bbox 760 2292 1027 2363; x_wconf 70' lang='grc' dir='ltr'>ἠπείχθη,</span> <span class='ocrx_word' id='word_1_168' title='bbox 1094 2298 1186 2351; x_wconf 76' lang='grc' dir='ltr'>καὶ</span> <span class='ocrx_word' id='word_1_169' title='bbox 1234 2300 1314 2364; x_wconf 88' lang='grc' dir='ltr'><strong>είς</strong></span> <span class='ocrx_word' id='word_1_170' title='bbox 1355 2300 1453 2372; x_wconf 84' lang='grc' dir='ltr'>τὴν</span> <span class='ocrx_word' id='word_1_171' title='bbox 1507 2303 1705 2375; x_wconf 69' lang='grc' dir='ltr'>βουλὴν</span> <span class='ocrx_word' id='word_1_172' title='bbox 1768 2286 1985 2378; x_wconf 84' lang='grc' dir='ltr'>παρελ-</span> 
     </span>
    </p>
   </div>
   <div class='ocr_carea' id='block_1_26' title="bbox 407 2378 1986 2465">
    <p class='ocr_par' dir='ltr' id='par_1_26' title="bbox 407 2378 1986 2465">
     <span class='ocr_line' id='line_1_26' title="bbox 407 2378 1986 2465; baseline 0.016 -33"><span class='ocrx_word' id='word_1_173' title='bbox 407 2378 516 2432; x_wconf 81' lang='grc' dir='ltr'>θὼν</span> <span class='ocrx_word' id='word_1_174' title='bbox 545 2380 817 2454; x_wconf 78' lang='grc' dir='ltr'>διελέχθη.</span> <span class='ocrx_word' id='word_1_175' title='bbox 843 2387 1163 2442; x_wconf 77' lang='grc' dir='ltr'>Μελὶόντων</span> <span class='ocrx_word' id='word_1_176' title='bbox 1188 2392 1246 2444; x_wconf 79' lang='grc' dir='ltr'>δὲ</span> <span class='ocrx_word' id='word_1_177' title='bbox 1284 2391 1394 2446; x_wconf 89' lang='grc' dir='ltr'><strong>τῶν</strong></span> <span class='ocrx_word' id='word_1_178' title='bbox 1455 2395 1758 2465; x_wconf 83' lang='grc' dir='ltr'>βουλευτῶν</span> <span class='ocrx_word' id='word_1_179' title='bbox 1811 2419 1986 2456; x_wconf 87' lang='grc' dir='ltr'>κατα-</span> 
     </span>
    </p>
   </div>
   <div class='ocr_carea' id='block_1_27' title="bbox 404 2470 1985 2564">
    <p class='ocr_par' dir='ltr' id='par_1_27' title="bbox 404 2470 1985 2564">
     <span class='ocr_line' id='line_1_27' title="bbox 404 2470 1985 2564; baseline 0.017 -41"><span class='ocrx_word' id='word_1_180' title='bbox 404 2470 728 2541; x_wconf 79' lang='grc' dir='ltr'>ψηφιεῖσθαι</span> <span class='ocrx_word' id='word_1_181' title='bbox 761 2478 856 2531; x_wconf 81' lang='grc' dir='ltr'>τοῦ</span> <span class='ocrx_word' id='word_1_182' title='bbox 905 2481 1216 2551; x_wconf 75' lang='grc' dir='ltr'>Φάλκωνος,</span> <span class='ocrx_word' id='word_1_183' title='bbox 1253 2485 1281 2540; x_wconf 90' lang='lat'><strong>6</strong></span> <span class='ocrx_word' id='word_1_184' title='bbox 1323 2486 1589 2558; x_wconf 83' lang='grc' dir='ltr'>Περτίναξ</span> <span class='ocrx_word' id='word_1_185' title='bbox 1629 2492 1985 2564; x_wconf 83' lang='grc' dir='ltr'>ἀνακραγὼν,</span> 
     </span>
    </p>
   </div>
   <div class='ocr_carea' id='block_1_28' title="bbox 404 2564 1987 2655">
    <p class='ocr_par' dir='ltr' id='par_1_28' title="bbox 404 2564 1987 2655">
     <span class='ocr_line' id='line_1_28' title="bbox 404 2564 1987 2655; baseline 0.016 -38"><span class='ocrx_word' id='word_1_186' title='bbox 404 2564 502 2632; x_wconf 75' lang='grc' dir='ltr'><strong>Μὴ</strong></span> <span class='ocrx_word' id='word_1_187' title='bbox 549 2567 802 2636; x_wconf 79' lang='grc' dir='ltr'>γένοιτο,</span> <span class='ocrx_word' id='word_1_188' title='bbox 835 2570 964 2641; x_wconf 73' lang='grc' dir='ltr'>ἔφη,</span> <span class='ocrx_word' id='word_1_189' title='bbox 989 2575 1125 2629; x_wconf 81' lang='grc' dir='ltr'>τινὰ</span> <span class='ocrx_word' id='word_1_190' title='bbox 1144 2576 1502 2649; x_wconf 76' lang='grc' dir='ltr'>,ϐουλευτὴν</span> <span class='ocrx_word' id='word_1_191' title='bbox 1519 2581 1668 2651; x_wconf 82' lang='grc' dir='ltr'>ἐμοῦ</span> <span class='ocrx_word' id='word_1_192' title='bbox 1692 2583 1987 2655; x_wconf 77' lang='grc' dir='ltr'>ἄρχοντος</span> 
     </span>
    </p>
   </div>
   <div class='ocr_carea' id='block_1_29' title="bbox 399 2657 1985 2743">
    <p class='ocr_par' dir='ltr' id='par_1_29' title="bbox 399 2657 1985 2743">
     <span class='ocr_line' id='line_1_29' title="bbox 399 2657 1985 2743; baseline 0.017 -35"><span class='ocrx_word' id='word_1_193' title='bbox 399 2657 558 2726; x_wconf 79' lang='grc' dir='ltr'>μηδὲ</span> <span class='ocrx_word' id='word_1_194' title='bbox 572 2658 817 2729; x_wconf 74' lang='grc' dir='ltr'>δικαίως</span> <span class='ocrx_word' id='word_1_195' title='bbox 839 2665 1251 2737; x_wconf 75' lang='grc' dir='ltr'>θανατωθῆναι</span> <span class='ocrx_word' id='word_1_196' title='bbox 1273 2671 1295 2724; x_wconf 88' lang='lat'><strong><em>!</em></strong></span> <span class='ocrx_word' id='word_1_197' title='bbox 1317 2672 1376 2725; x_wconf 86' lang='lat'><strong>&#39;0</strong></span> <span class='ocrx_word' id='word_1_198' title='bbox 1392 2673 1447 2726; x_wconf 88' lang='grc' dir='ltr'>δὲ</span> <span class='ocrx_word' id='word_1_199' title='bbox 1471 2675 1668 2741; x_wconf 81' lang='grc' dir='ltr'>Δαῖτος</span> <span class='ocrx_word' id='word_1_200' title='bbox 1693 2679 1846 2743; x_wconf 82' lang='grc' dir='ltr'>τινὰς</span> <span class='ocrx_word' id='word_1_201' title='bbox 1874 2681 1985 2734; x_wconf 84' lang='grc' dir='ltr'><strong>τῶν</strong></span> 
     </span>
    </p>
   </div>
   <div class='ocr_carea' id='block_1_30' title="bbox 407 2751 1984 2843">
    <p class='ocr_par' dir='ltr' id='par_1_30' title="bbox 407 2751 1984 2843">
     <span class='ocr_line' id='line_1_30' title="bbox 407 2751 1984 2843; baseline 0.016 -45"><span class='ocrx_word' id='word_1_202' title='bbox 407 2751 760 2818; x_wconf 76' lang='grc' dir='ltr'>στρατιωτῶν</span> <span class='ocrx_word' id='word_1_203' title='bbox 793 2751 869 2817; x_wconf 87' lang='grc' dir='ltr'>ὡς</span> <span class='ocrx_word' id='word_1_204' title='bbox 898 2755 1111 2809; x_wconf 80' lang='grc' dir='ltr'>ἐκείνου</span> <span class='ocrx_word' id='word_1_205' title='bbox 1143 2758 1461 2826; x_wconf 84' lang='grc' dir='ltr'>κελεύοντος</span> <span class='ocrx_word' id='word_1_206' title='bbox 1517 2762 1772 2837; x_wconf 70' lang='grc' dir='ltr'>ἐφθειρεο</span> <span class='ocrx_word' id='word_1_207' title='bbox 1810 2771 1984 2843; x_wconf 83' lang='grc' dir='ltr'>φοϐη-</span> 
     </span>
    </p>
   </div>
   <div class='ocr_carea' id='block_1_31' title="bbox 405 2838 1988 2934">
    <p class='ocr_par' dir='ltr' id='par_1_31' title="bbox 405 2838 1988 2934">
     <span class='ocr_line' id='line_1_31' title="bbox 405 2838 1988 2934; baseline 0.016 -44"><span class='ocrx_word' id='word_1_208' title='bbox 405 2838 593 2904; x_wconf 78' lang='grc' dir='ltr'>θέντες</span> <span class='ocrx_word' id='word_1_209' title='bbox 620 2842 677 2895; x_wconf 82' lang='grc' dir='ltr'>δὲ</span> <span class='ocrx_word' id='word_1_210' title='bbox 706 2844 755 2897; x_wconf 82' lang='grc' dir='ltr'><strong>οί</strong></span> <span class='ocrx_word' id='word_1_211' title='bbox 785 2843 966 2899; x_wconf 78' lang='grc' dir='ltr'>λοιποὶ</span> <span class='ocrx_word' id='word_1_212' title='bbox 995 2846 1357 2919; x_wconf 73' lang='grc' dir='ltr'>ἐθορύϐησαν.</span> <span class='ocrx_word' id='word_1_213' title='bbox 1388 2856 1665 2911; x_wconf 86' lang='grc' dir='ltr'>Διακόσιοι</span> <span class='ocrx_word' id='word_1_214' title='bbox 1688 2859 1745 2912; x_wconf 83' lang='grc' dir='ltr'>δὲ</span> <span class='ocrx_word' id='word_1_215' title='bbox 1773 2838 1831 2913; x_wconf 71' lang='lat' dir='ltr'><strong>oi</strong></span> <span class='ocrx_word' id='word_1_216' title='bbox 1854 2838 1988 2934; x_wconf 82' lang='grc' dir='ltr'>θρα-</span> 
     </span>
    </p>
   </div>
   <div class='ocr_carea' id='block_1_32' title="bbox 404 2932 1986 3024">
    <p class='ocr_par' dir='ltr' id='par_1_32' title="bbox 404 2932 1986 3024">
     <span class='ocr_line' id='line_1_32' title="bbox 404 2932 1986 3024; baseline 0.015 -40"><span class='ocrx_word' id='word_1_217' title='bbox 404 2932 622 3003; x_wconf 76' lang='grc' dir='ltr'>σύτεροι</span> <span class='ocrx_word' id='word_1_218' title='bbox 652 2935 884 3005; x_wconf 73' lang='grc' dir='ltr'>ὴρκότες</span> <span class='ocrx_word' id='word_1_219' title='bbox 904 2941 972 2990; x_wconf 75' lang='grc' dir='ltr'><strong>τα</strong></span> <span class='ocrx_word' id='word_1_220' title='bbox 999 2939 1150 3012; x_wconf 82' lang='grc' dir='ltr'>ξίφη.</span> <span class='ocrx_word' id='word_1_221' title='bbox 1206 2945 1343 3015; x_wconf 78' lang='grc' dir='ltr'>πρὸς</span> <span class='ocrx_word' id='word_1_222' title='bbox 1379 2946 1440 3000; x_wconf 85' lang='grc' dir='ltr'><strong>τδ</strong></span> <span class='ocrx_word' id='word_1_223' title='bbox 1485 2948 1748 3004; x_wconf 81' lang='grc' dir='ltr'>παλάτιον</span> <span class='ocrx_word' id='word_1_224' title='bbox 1788 2932 1986 3024; x_wconf 83' lang='grc' dir='ltr'>ὥρμη-</span> 
     </span>
    </p>
   </div>
   <div class='ocr_carea' id='block_1_33' title="bbox 404 3025 1983 3115">
    <p class='ocr_par' dir='ltr' id='par_1_33' title="bbox 404 3025 1983 3115">
     <span class='ocr_line' id='line_1_33' title="bbox 404 3025 1983 3115; baseline 0.015 -37"><span class='ocrx_word' id='word_1_225' title='bbox 404 3041 525 3080; x_wconf 84' lang='grc' dir='ltr'>σαν.</span> <span class='ocrx_word' id='word_1_226' title='bbox 544 3025 635 3088; x_wconf 81' lang='grc' dir='ltr'>Ὠς</span> <span class='ocrx_word' id='word_1_227' title='bbox 667 3027 716 3081; x_wconf 88' lang='grc' dir='ltr'>δ’</span> <span class='ocrx_word' id='word_1_228' title='bbox 742 3029 895 3094; x_wconf 81' lang='grc' dir='ltr'>ὲντδς</span> <span class='ocrx_word' id='word_1_229' title='bbox 928 3030 1203 3101; x_wconf 78' lang='grc' dir='ltr'>ἐγένοντο,</span> <span class='ocrx_word' id='word_1_230' title='bbox 1235 3037 1269 3106; x_wconf 72' lang='grc' dir='ltr'><strong>ἡ</strong></span> <span class='ocrx_word' id='word_1_231' title='bbox 1308 3039 1446 3109; x_wconf 81' lang='grc' dir='ltr'>γυνὴ</span> <span class='ocrx_word' id='word_1_232' title='bbox 1475 3039 1624 3112; x_wconf 83' lang='grc' dir='ltr'>αὐτῷ</span> <span class='ocrx_word' id='word_1_233' title='bbox 1651 3046 1751 3115; x_wconf 77' lang='grc' dir='ltr'>τὴν</span> <span class='ocrx_word' id='word_1_234' title='bbox 1777 3046 1983 3101; x_wconf 86' lang='grc' dir='ltr'>τούτων</span> 
     </span>
    </p>
   </div>
   <div class='ocr_carea' id='block_1_34' title="bbox 2102 574 3676 649">
    <p class='ocr_par' dir='ltr' id='par_1_34' title="bbox 2102 574 3676 649">
     <span class='ocr_line' id='line_1_34' title="bbox 2102 574 3676 649; baseline 0.007 -21"><span class='ocrx_word' id='word_1_235' title='bbox 2102 574 2286 631; x_wconf 68' lang='grc' dir='ltr'>[ιπειιιε</span> <span class='ocrx_word' id='word_1_236' title='bbox 2310 592 2441 631; x_wconf 87' lang='lat' dir='ltr'><strong>vero</strong></span> <span class='ocrx_word' id='word_1_237' title='bbox 2467 586 2522 632; x_wconf 91' lang='lat' dir='ltr'><strong>et</strong></span> <span class='ocrx_word' id='word_1_238' title='bbox 2551 579 2893 635; x_wconf 88' lang='lat' dir='ltr'><strong>Pertinacem</strong></span> <span class='ocrx_word' id='word_1_239' title='bbox 2923 581 3202 649; x_wconf 89' lang='lat' dir='ltr'><strong>laudabat,</strong></span> <span class='ocrx_word' id='word_1_240' title='bbox 3230 592 3285 638; x_wconf 91' lang='lat' dir='ltr'><strong>et</strong></span> <span class='ocrx_word' id='word_1_241' title='bbox 3313 582 3676 639; x_wconf 86' lang='lat' dir='ltr'><strong>Commodum</strong></span> 
     </span>
    </p>
   </div>
   <div class='ocr_carea' id='block_1_35' title="bbox 2099 669 3668 742">
    <p class='ocr_par' dir='ltr' id='par_1_35' title="bbox 2099 669 3668 742">
     <span class='ocr_line' id='line_1_35' title="bbox 2099 669 3668 742; baseline 0.006 -22"><span class='ocrx_word' id='word_1_242' title='bbox 2099 669 2493 735; x_wconf 87' lang='lat' dir='ltr'><strong>proscindebat</strong></span> <span class='ocrx_word' id='word_1_243' title='bbox 2523 690 2536 726; x_wconf 92' lang='lat'>:</span> <span class='ocrx_word' id='word_1_244' title='bbox 2570 679 2627 726; x_wconf 89' lang='lat' dir='ltr'><strong>et</strong></span> <span class='ocrx_word' id='word_1_245' title='bbox 2653 670 2925 728; x_wconf 82' lang='lat' dir='ltr'><strong>Barbaros</strong></span> <span class='ocrx_word' id='word_1_246' title='bbox 2953 673 3162 742; x_wconf 79' lang='lat' dir='ltr'><strong>aliquot</strong></span> <span class='ocrx_word' id='word_1_247' title='bbox 3194 690 3262 729; x_wconf 75' lang='lat' dir='ltr'><strong>ex</strong></span> <span class='ocrx_word' id='word_1_248' title='bbox 3311 676 3399 730; x_wconf 88' lang='lat' dir='ltr'><strong>via</strong></span> <span class='ocrx_word' id='word_1_249' title='bbox 3441 692 3668 731; x_wconf 80' lang='lat' dir='ltr'><strong>revoca-</strong></span> 
     </span>
    </p>
   </div>
   <div class='ocr_carea' id='block_1_36' title="bbox 2101 760 3673 833">
    <p class='ocr_par' dir='ltr' id='par_1_36' title="bbox 2101 760 3673 833">
     <span class='ocr_line' id='line_1_36' title="bbox 2101 760 3673 833; baseline 0.006 -22"><span class='ocrx_word' id='word_1_250' title='bbox 2101 764 2204 822; x_wconf 89' lang='lat' dir='ltr'><strong>tos,</strong></span> <span class='ocrx_word' id='word_1_251' title='bbox 2237 760 2331 828; x_wconf 90' lang='lat' dir='ltr'><strong>qui</strong></span> <span class='ocrx_word' id='word_1_252' title='bbox 2363 776 2611 832; x_wconf 78' lang='lat' dir='ltr'><strong>magnam</strong></span> <span class='ocrx_word' id='word_1_253' title='bbox 2653 764 2942 833; x_wconf 85' lang='lat' dir='ltr'><strong>pecuniam</strong></span> <span class='ocrx_word' id='word_1_254' title='bbox 3001 779 3032 819; x_wconf 88' lang='lat' dir='ltr'><strong>a</strong></span> <span class='ocrx_word' id='word_1_255' title='bbox 3063 764 3364 820; x_wconf 88' lang='lat' dir='ltr'><strong>Commodo</strong></span> <span class='ocrx_word' id='word_1_256' title='bbox 3390 767 3673 821; x_wconf 74' lang='lat' dir='ltr'><strong>servanda:</strong></span> 
     </span>
    </p>
   </div>
   <div class='ocr_carea' id='block_1_37' title="bbox 2099 850 3674 926">
    <p class='ocr_par' dir='ltr' id='par_1_37' title="bbox 2099 850 3674 926">
     <span class='ocr_line' id='line_1_37' title="bbox 2099 850 3674 926; baseline 0.004 -23"><span class='ocrx_word' id='word_1_257' title='bbox 2099 850 2249 918; x_wconf 88' lang='lat' dir='ltr'><strong>pacis</strong></span> <span class='ocrx_word' id='word_1_258' title='bbox 2272 867 2403 923; x_wconf 82' lang='lat' dir='ltr'><strong>ergo</strong></span> <span class='ocrx_word' id='word_1_259' title='bbox 2450 864 2799 925; x_wconf 88' lang='lat' dir='ltr'><strong>acceperant,</strong></span> <span class='ocrx_word' id='word_1_260' title='bbox 2825 866 3019 924; x_wconf 89' lang='lat' dir='ltr'><strong>erepto</strong></span> <span class='ocrx_word' id='word_1_261' title='bbox 3051 871 3188 911; x_wconf 86' lang='lat' dir='ltr'><strong>auro</strong></span> <span class='ocrx_word' id='word_1_262' title='bbox 3230 856 3345 911; x_wconf 86' lang='lat' dir='ltr'><strong>suis</strong></span> <span class='ocrx_word' id='word_1_263' title='bbox 3392 858 3674 926; x_wconf 86' lang='lat' dir='ltr'><strong>populari-</strong></span> 
     </span>
    </p>
   </div>
   <div class='ocr_carea' id='block_1_38' title="bbox 2096 942 3677 1017">
    <p class='ocr_par' dir='ltr' id='par_1_38' title="bbox 2096 942 3677 1017">
     <span class='ocr_line' id='line_1_38' title="bbox 2096 942 3677 1017; baseline 0.003 -20"><span class='ocrx_word' id='word_1_264' title='bbox 2096 942 2202 998; x_wconf 87' lang='lat' dir='ltr'><strong>bus</strong></span> <span class='ocrx_word' id='word_1_265' title='bbox 2230 946 2488 1001; x_wconf 89' lang='lat' dir='ltr'><strong>nuntiare</strong></span> <span class='ocrx_word' id='word_1_266' title='bbox 2536 946 2701 1017; x_wconf 79' lang='lat' dir='ltr'><strong>jussit</strong></span> <span class='ocrx_word' id='word_1_267' title='bbox 2730 960 2746 998; x_wconf 91' lang='lat'><strong>:</strong></span> <span class='ocrx_word' id='word_1_268' title='bbox 2796 944 3139 1000; x_wconf 87' lang='lat' dir='ltr'><strong>Pertinacem</strong></span> <span class='ocrx_word' id='word_1_269' title='bbox 3167 948 3430 1014; x_wconf 76' lang='lat' dir='ltr'><strong>imperare</strong></span> <span class='ocrx_word' id='word_1_270' title='bbox 3456 987 3470 1012; x_wconf 95' lang='lat'><strong>,</strong></span> <span class='ocrx_word' id='word_1_271' title='bbox 3518 948 3677 1017; x_wconf 88' lang='lat' dir='ltr'><strong>cujus</strong></span> 
     </span>
    </p>
   </div>
   <div class='ocr_carea' id='block_1_39' title="bbox 2096 1033 3675 1093">
    <p class='ocr_par' dir='ltr' id='par_1_39' title="bbox 2096 1033 3675 1093">
     <span class='ocr_line' id='line_1_39' title="bbox 2096 1033 3675 1093; baseline 0.003 -5"><span class='ocrx_word' id='word_1_272' title='bbox 2096 1033 2173 1088; x_wconf 85' lang='lat' dir='ltr'><strong>illi</strong></span> <span class='ocrx_word' id='word_1_273' title='bbox 2206 1050 2405 1090; x_wconf 84' lang='lat' dir='ltr'><strong>nomen</strong></span> <span class='ocrx_word' id='word_1_274' title='bbox 2435 1036 2553 1092; x_wconf 87' lang='lat' dir='ltr'><strong>suis</strong></span> <span class='ocrx_word' id='word_1_275' title='bbox 2605 1037 2858 1093; x_wconf 88' lang='lat' dir='ltr'><strong>cladibus</strong></span> <span class='ocrx_word' id='word_1_276' title='bbox 2914 1038 3242 1093; x_wconf 82' lang='lat' dir='ltr'><strong>didicerant.</strong></span> <span class='ocrx_word' id='word_1_277' title='bbox 3302 1037 3427 1093; x_wconf 57' lang='lat' dir='ltr'><strong>Ilaec</strong></span> <span class='ocrx_word' id='word_1_278' title='bbox 3473 1048 3528 1093; x_wconf 86' lang='lat' dir='ltr'><strong>et</strong></span> <span class='ocrx_word' id='word_1_279' title='bbox 3570 1037 3675 1092; x_wconf 90' lang='lat' dir='ltr'><strong>alia</strong></span> 
     </span>
    </p>
   </div>
   <div class='ocr_carea' id='block_1_40' title="bbox 2095 1127 3669 1195">
    <p class='ocr_par' dir='ltr' id='par_1_40' title="bbox 2095 1127 3669 1195">
     <span class='ocr_line' id='line_1_40' title="bbox 2095 1127 3669 1195; baseline 0 -13"><span class='ocrx_word' id='word_1_280' title='bbox 2095 1127 2414 1184; x_wconf 83' lang='lat' dir='ltr'><strong>traducendi</strong></span> <span class='ocrx_word' id='word_1_281' title='bbox 2441 1130 2726 1185; x_wconf 89' lang='lat' dir='ltr'><strong>Commodi</strong></span> <span class='ocrx_word' id='word_1_282' title='bbox 2754 1147 2917 1187; x_wconf 89' lang='lat' dir='ltr'><strong>causa</strong></span> <span class='ocrx_word' id='word_1_283' title='bbox 2949 1130 3132 1184; x_wconf 65' lang='lat' dir='ltr'><strong>Laetus</strong></span> <span class='ocrx_word' id='word_1_284' title='bbox 3159 1129 3309 1195; x_wconf 82' lang='lat' dir='ltr'><strong>fecit,</strong></span> <span class='ocrx_word' id='word_1_285' title='bbox 3342 1128 3438 1184; x_wconf 89' lang='lat' dir='ltr'><strong>sed</strong></span> <span class='ocrx_word' id='word_1_286' title='bbox 3486 1128 3669 1183; x_wconf 88' lang='lat' dir='ltr'><strong>Perti-</strong></span> 
     </span>
    </p>
   </div>
   <div class='ocr_carea' id='block_1_41' title="bbox 2091 1221 3673 1279">
    <p class='ocr_par' dir='ltr' id='par_1_41' title="bbox 2091 1221 3673 1279">
     <span class='ocr_line' id='line_1_41' title="bbox 2091 1221 3673 1279; baseline 0.002 -4"><span class='ocrx_word' id='word_1_287' title='bbox 2091 1221 2214 1276; x_wconf 89' lang='lat' dir='ltr'><strong>naci</strong></span> <span class='ocrx_word' id='word_1_288' title='bbox 2255 1222 2416 1277; x_wconf 78' lang='lat' dir='ltr'><strong>iidem</strong></span> <span class='ocrx_word' id='word_1_289' title='bbox 2445 1240 2553 1278; x_wconf 92' lang='lat' dir='ltr'><strong>non</strong></span> <span class='ocrx_word' id='word_1_290' title='bbox 2593 1224 2686 1278; x_wconf 90' lang='lat' dir='ltr'><strong>diu</strong></span> <span class='ocrx_word' id='word_1_291' title='bbox 2720 1224 2981 1279; x_wconf 83' lang='lat' dir='ltr'><strong>servavit.</strong></span> <span class='ocrx_word' id='word_1_292' title='bbox 3018 1223 3158 1279; x_wconf 92' lang='lat' dir='ltr'><strong>Cum</strong></span> <span class='ocrx_word' id='word_1_293' title='bbox 3221 1224 3372 1279; x_wconf 89' lang='lat' dir='ltr'><strong>enim</strong></span> <span class='ocrx_word' id='word_1_294' title='bbox 3415 1233 3673 1278; x_wconf 88' lang='lat' dir='ltr'><strong>votorum</strong></span> 
     </span>
    </p>
   </div>
   <div class='ocr_carea' id='block_1_42' title="bbox 2090 1313 3667 1385">
    <p class='ocr_par' dir='ltr' id='par_1_42' title="bbox 2090 1313 3667 1385">
     <span class='ocr_line' id='line_1_42' title="bbox 2090 1313 3667 1385; baseline 0.003 -20"><span class='ocrx_word' id='word_1_295' title='bbox 2090 1328 2199 1366; x_wconf 91' lang='lat' dir='ltr'><strong>non</strong></span> <span class='ocrx_word' id='word_1_296' title='bbox 2232 1328 2457 1383; x_wconf 91' lang='lat' dir='ltr'><strong>compos</strong></span> <span class='ocrx_word' id='word_1_297' title='bbox 2496 1313 2682 1379; x_wconf 81' lang='lat' dir='ltr'><strong>ﬁeret,</strong></span> <span class='ocrx_word' id='word_1_298' title='bbox 2740 1316 2942 1371; x_wconf 85' lang='lat' dir='ltr'><strong>milites</strong></span> <span class='ocrx_word' id='word_1_299' title='bbox 2987 1316 3199 1385; x_wconf 88' lang='lat' dir='ltr'><strong>rapinis</strong></span> <span class='ocrx_word' id='word_1_300' title='bbox 3256 1325 3506 1370; x_wconf 86' lang='lat' dir='ltr'><strong>assuetos</strong></span> <span class='ocrx_word' id='word_1_301' title='bbox 3534 1356 3549 1379; x_wconf 88' lang='lat'><strong>,</strong></span> <span class='ocrx_word' id='word_1_302' title='bbox 3608 1325 3667 1371; x_wconf 88' lang='lat' dir='ltr'><strong>et</strong></span> 
     </span>
    </p>
   </div>
   <div class='ocr_carea' id='block_1_43' title="bbox 2089 1403 3674 1479">
    <p class='ocr_par' dir='ltr' id='par_1_43' title="bbox 2089 1403 3674 1479">
     <span class='ocr_line' id='line_1_43' title="bbox 2089 1403 3674 1479; baseline 0.003 -20"><span class='ocrx_word' id='word_1_303' title='bbox 2089 1403 2386 1473; x_wconf 88' lang='lat' dir='ltr'><strong>Pertinaci,</strong></span> <span class='ocrx_word' id='word_1_304' title='bbox 2414 1407 2561 1477; x_wconf 87' lang='lat' dir='ltr'><strong>quod</strong></span> <span class='ocrx_word' id='word_1_305' title='bbox 2598 1408 2666 1462; x_wconf 89' lang='lat' dir='ltr'><strong>iis</strong></span> <span class='ocrx_word' id='word_1_306' title='bbox 2696 1408 3143 1479; x_wconf 89' lang='lat' dir='ltr'><strong>prohiberentur,</strong></span> <span class='ocrx_word' id='word_1_307' title='bbox 3190 1408 3453 1474; x_wconf 80' lang='lat' dir='ltr'><strong>infensos,</strong></span> <span class='ocrx_word' id='word_1_308' title='bbox 3488 1408 3553 1463; x_wconf 89' lang='lat' dir='ltr'><strong>ad</strong></span> <span class='ocrx_word' id='word_1_309' title='bbox 3587 1408 3674 1463; x_wconf 55' lang='lat' dir='ltr'><strong>in.</strong></span> 
     </span>
    </p>
   </div>
   <div class='ocr_carea' id='block_1_44' title="bbox 2091 1496 3672 1569">
    <p class='ocr_par' dir='ltr' id='par_1_44' title="bbox 2091 1496 3672 1569">
     <span class='ocr_line' id='line_1_44' title="bbox 2091 1496 3672 1569; baseline 0.002 -18"><span class='ocrx_word' id='word_1_310' title='bbox 2091 1496 2259 1552; x_wconf 88' lang='lat' dir='ltr'><strong>sidias</strong></span> <span class='ocrx_word' id='word_1_311' title='bbox 2281 1498 2328 1552; x_wconf 90' lang='lat' dir='ltr'><strong>ei</strong></span> <span class='ocrx_word' id='word_1_312' title='bbox 2364 1498 2639 1554; x_wconf 81' lang='lat' dir='ltr'><strong>faciendas</strong></span> <span class='ocrx_word' id='word_1_313' title='bbox 2667 1500 2903 1569; x_wconf 91' lang='lat' dir='ltr'><strong>impulit.</strong></span> <span class='ocrx_word' id='word_1_314' title='bbox 2947 1500 3140 1569; x_wconf 83' lang='lat' dir='ltr'><strong>Itaque</strong></span> <span class='ocrx_word' id='word_1_315' title='bbox 3176 1500 3470 1555; x_wconf 84' lang='lat' dir='ltr'><strong>Falconem</strong></span> <span class='ocrx_word' id='word_1_316' title='bbox 3521 1515 3672 1554; x_wconf 78' lang='lat' dir='ltr'><strong>con-</strong></span> 
     </span>
    </p>
   </div>
   <div class='ocr_carea' id='block_1_45' title="bbox 2089 1590 3666 1664">
    <p class='ocr_par' dir='ltr' id='par_1_45' title="bbox 2089 1590 3666 1664">
     <span class='ocr_line' id='line_1_45' title="bbox 2089 1590 3666 1664; baseline 0.002 -20"><span class='ocrx_word' id='word_1_317' title='bbox 2089 1590 2286 1657; x_wconf 85' lang='lat' dir='ltr'><strong>sulem,</strong></span> <span class='ocrx_word' id='word_1_318' title='bbox 2316 1591 2489 1646; x_wconf 90' lang='lat' dir='ltr'><strong>virum</strong></span> <span class='ocrx_word' id='word_1_319' title='bbox 2518 1602 2574 1647; x_wconf 91' lang='lat' dir='ltr'><strong>et</strong></span> <span class='ocrx_word' id='word_1_320' title='bbox 2596 1610 2798 1664; x_wconf 80' lang='lat' dir='ltr'><strong>genere</strong></span> <span class='ocrx_word' id='word_1_321' title='bbox 2830 1606 2885 1649; x_wconf 90' lang='lat' dir='ltr'><strong>et</strong></span> <span class='ocrx_word' id='word_1_322' title='bbox 2941 1595 3142 1664; x_wconf 89' lang='lat' dir='ltr'><strong>opibus</strong></span> <span class='ocrx_word' id='word_1_323' title='bbox 3195 1594 3465 1650; x_wconf 90' lang='lat' dir='ltr'><strong>illustrem</strong></span> <span class='ocrx_word' id='word_1_324' title='bbox 3492 1636 3506 1658; x_wconf 93' lang='lat'><strong>,</strong></span> <span class='ocrx_word' id='word_1_325' title='bbox 3561 1594 3666 1649; x_wconf 88' lang='lat' dir='ltr'><strong>im-</strong></span> 
     </span>
    </p>
   </div>
   <div class='ocr_carea' id='block_1_46' title="bbox 2090 1668 3669 1756">
    <p class='ocr_par' dir='ltr' id='par_1_46' title="bbox 2090 1668 3669 1756">
     <span class='ocr_line' id='line_1_46' title="bbox 2090 1668 3669 1756; baseline 0.003 -20"><span class='ocrx_word' id='word_1_326' title='bbox 2090 1693 2402 1752; x_wconf 88' lang='lat' dir='ltr'><strong>peratorem</strong></span> <span class='ocrx_word' id='word_1_327' title='bbox 2459 1685 2745 1756; x_wconf 82' lang='lat' dir='ltr'><strong>designare</strong></span> <span class='ocrx_word' id='word_1_328' title='bbox 2802 1668 3135 1741; x_wconf 81' lang='lat' dir='ltr'><strong>statuerunt.</strong></span> <span class='ocrx_word' id='word_1_329' title='bbox 3205 1686 3325 1753; x_wconf 85' lang='lat' dir='ltr'><strong>Quo</strong></span> <span class='ocrx_word' id='word_1_330' title='bbox 3405 1687 3669 1742; x_wconf 79' lang='lat' dir='ltr'><strong>Pertinax</strong></span> 
     </span>
    </p>
   </div>
   <div class='ocr_carea' id='block_1_47' title="bbox 2090 1772 3668 1845">
    <p class='ocr_par' dir='ltr' id='par_1_47' title="bbox 2090 1772 3668 1845">
     <span class='ocr_line' id='line_1_47' title="bbox 2090 1772 3668 1845; baseline 0.002 -19"><span class='ocrx_word' id='word_1_331' title='bbox 2090 1772 2345 1840; x_wconf 81' lang='lat' dir='ltr'><strong>cognito,</strong></span> <span class='ocrx_word' id='word_1_332' title='bbox 2377 1774 2523 1844; x_wconf 88' lang='lat' dir='ltr'><strong>quod</strong></span> <span class='ocrx_word' id='word_1_333' title='bbox 2582 1790 2814 1829; x_wconf 65' lang='lat' dir='ltr'><strong>annonae</strong></span> <span class='ocrx_word' id='word_1_334' title='bbox 2865 1776 3128 1845; x_wconf 69' lang='lat' dir='ltr'><strong>parandae</strong></span> <span class='ocrx_word' id='word_1_335' title='bbox 3185 1790 3350 1830; x_wconf 88' lang='lat' dir='ltr'><strong>causa</strong></span> <span class='ocrx_word' id='word_1_336' title='bbox 3396 1775 3461 1829; x_wconf 89' lang='lat' dir='ltr'><strong>ad</strong></span> <span class='ocrx_word' id='word_1_337' title='bbox 3516 1789 3668 1829; x_wconf 90' lang='lat' dir='ltr'><strong>mare</strong></span> 
     </span>
    </p>
   </div>
   <div class='ocr_carea' id='block_1_48' title="bbox 2093 1863 3666 1936">
    <p class='ocr_par' dir='ltr' id='par_1_48' title="bbox 2093 1863 3666 1936">
     <span class='ocr_line' id='line_1_48' title="bbox 2093 1863 3666 1936; baseline 0.001 -18"><span class='ocrx_word' id='word_1_338' title='bbox 2093 1863 2310 1933; x_wconf 76' lang='lat' dir='ltr'><strong>agebat,</strong></span> <span class='ocrx_word' id='word_1_339' title='bbox 2342 1880 2574 1934; x_wconf 75' lang='lat' dir='ltr'><strong>propere</strong></span> <span class='ocrx_word' id='word_1_340' title='bbox 2630 1866 2685 1920; x_wconf 91' lang='lat' dir='ltr'><strong>in</strong></span> <span class='ocrx_word' id='word_1_341' title='bbox 2724 1864 2917 1921; x_wconf 78' lang='lat' dir='ltr'><strong>urbem</strong></span> <span class='ocrx_word' id='word_1_342' title='bbox 2967 1865 3295 1936; x_wconf 81' lang='lat' dir='ltr'><strong>proiectus,</strong></span> <span class='ocrx_word' id='word_1_343' title='bbox 3344 1874 3401 1921; x_wconf 89' lang='lat' dir='ltr'><strong>et</strong></span> <span class='ocrx_word' id='word_1_344' title='bbox 3453 1866 3666 1921; x_wconf 87' lang='lat' dir='ltr'><strong>curiam</strong></span> 
     </span>
    </p>
   </div>
   <div class='ocr_carea' id='block_1_49' title="bbox 2094 1955 3663 2028">
    <p class='ocr_par' dir='ltr' id='par_1_49' title="bbox 2094 1955 3663 2028">
     <span class='ocr_line' id='line_1_49' title="bbox 2094 1955 3663 2028; baseline 0.001 -19"><span class='ocrx_word' id='word_1_345' title='bbox 2094 1955 2396 2023; x_wconf 77' lang='lat' dir='ltr'><strong>ingressus,</strong></span> <span class='ocrx_word' id='word_1_346' title='bbox 2430 1957 2737 2012; x_wconf 88' lang='lat' dir='ltr'><strong>orationem</strong></span> <span class='ocrx_word' id='word_1_347' title='bbox 2769 1958 2983 2023; x_wconf 89' lang='lat' dir='ltr'><strong>habuit,</strong></span> <span class='ocrx_word' id='word_1_348' title='bbox 3012 1966 3317 2028; x_wconf 88' lang='lat' dir='ltr'><strong>senatuque</strong></span> <span class='ocrx_word' id='word_1_349' title='bbox 3369 1957 3663 2012; x_wconf 86' lang='lat' dir='ltr'><strong>Falconem</strong></span> 
     </span>
    </p>
   </div>
   <div class='ocr_carea' id='block_1_50' title="bbox 2092 2045 3669 2120">
    <p class='ocr_par' dir='ltr' id='par_1_50' title="bbox 2092 2045 3669 2120">
     <span class='ocr_line' id='line_1_50' title="bbox 2092 2045 3669 2120; baseline 0.003 -20"><span class='ocrx_word' id='word_1_350' title='bbox 2092 2045 2419 2101; x_wconf 89' lang='lat' dir='ltr'><strong>damnaturo</strong></span> <span class='ocrx_word' id='word_1_351' title='bbox 2444 2089 2463 2113; x_wconf 84' lang='lat'><strong>,</strong></span> <span class='ocrx_word' id='word_1_352' title='bbox 2505 2050 2834 2106; x_wconf 78' lang='lat' dir='ltr'><strong>exclamavit</strong></span> <span class='ocrx_word' id='word_1_353' title='bbox 2869 2068 2883 2107; x_wconf 88' lang='lat'><strong><em>:</em></strong></span> <span class='ocrx_word' id='word_1_354' title='bbox 2942 2050 3088 2105; x_wconf 79' lang='lat' dir='ltr'><strong>Absit</strong></span> <span class='ocrx_word' id='word_1_355' title='bbox 3130 2060 3189 2104; x_wconf 85' lang='lat' dir='ltr'><strong>ut</strong></span> <span class='ocrx_word' id='word_1_356' title='bbox 3247 2066 3331 2103; x_wconf 85' lang='lat' dir='ltr'><strong>me</strong></span> <span class='ocrx_word' id='word_1_357' title='bbox 3372 2051 3669 2120; x_wconf 79' lang='lat' dir='ltr'><strong>imperante</strong></span> 
     </span>
    </p>
   </div>
   <div class='ocr_carea' id='block_1_51' title="bbox 2095 2139 3671 2207">
    <p class='ocr_par' dir='ltr' id='par_1_51' title="bbox 2095 2139 3671 2207">
     <span class='ocr_line' id='line_1_51' title="bbox 2095 2139 3671 2207; baseline 0.001 -14"><span class='ocrx_word' id='word_1_358' title='bbox 2095 2139 2235 2195; x_wconf 78' lang='lat' dir='ltr'><strong>ullus</strong></span> <span class='ocrx_word' id='word_1_359' title='bbox 2269 2150 2485 2196; x_wconf 78' lang='lat' dir='ltr'><strong>senator</strong></span> <span class='ocrx_word' id='word_1_360' title='bbox 2502 2142 2583 2197; x_wconf 82' lang='lat' dir='ltr'><strong>vel</strong></span> <span class='ocrx_word' id='word_1_361' title='bbox 2614 2145 2732 2207; x_wconf 85' lang='lat' dir='ltr'><strong>iure</strong></span> <span class='ocrx_word' id='word_1_362' title='bbox 2754 2144 3147 2197; x_wconf 81' lang='lat' dir='ltr'><strong>condemnetur.</strong></span> <span class='ocrx_word' id='word_1_363' title='bbox 3179 2141 3362 2197; x_wconf 66' lang='lat' dir='ltr'><strong>Laetus</strong></span> <span class='ocrx_word' id='word_1_364' title='bbox 3394 2156 3525 2195; x_wconf 83' lang='lat' dir='ltr'><strong>vero</strong></span> <span class='ocrx_word' id='word_1_365' title='bbox 3565 2141 3671 2195; x_wconf 86' lang='lat' dir='ltr'><strong>mi-</strong></span> 
     </span>
    </p>
   </div>
   <div class='ocr_carea' id='block_1_52' title="bbox 2089 2231 3670 2303">
    <p class='ocr_par' dir='ltr' id='par_1_52' title="bbox 2089 2231 3670 2303">
     <span class='ocr_line' id='line_1_52' title="bbox 2089 2231 3670 2303; baseline -0.001 -17"><span class='ocrx_word' id='word_1_366' title='bbox 2089 2231 2281 2287; x_wconf 87' lang='lat' dir='ltr'><strong>litibus</strong></span> <span class='ocrx_word' id='word_1_367' title='bbox 2302 2233 2544 2303; x_wconf 85' lang='lat' dir='ltr'><strong>-aliquot.</strong></span> <span class='ocrx_word' id='word_1_368' title='bbox 2575 2234 2732 2303; x_wconf 89' lang='lat' dir='ltr'><strong>quasi</strong></span> <span class='ocrx_word' id='word_1_369' title='bbox 2772 2234 2841 2287; x_wconf 93' lang='lat' dir='ltr'><strong>ab</strong></span> <span class='ocrx_word' id='word_1_370' title='bbox 2891 2233 3227 2303; x_wconf 86' lang='lat' dir='ltr'><strong>imperatore</strong></span> <span class='ocrx_word' id='word_1_371' title='bbox 3262 2234 3447 2301; x_wconf 84' lang='lat' dir='ltr'><strong>jussus</strong></span> <span class='ocrx_word' id='word_1_372' title='bbox 3474 2274 3489 2297; x_wconf 92' lang='lat'><strong>,</strong></span> <span class='ocrx_word' id='word_1_373' title='bbox 3522 2233 3670 2288; x_wconf 84' lang='lat' dir='ltr'><strong>occi-</strong></span> 
     </span>
    </p>
   </div>
   <div class='ocr_carea' id='block_1_53' title="bbox 2087 2323 3668 2389">
    <p class='ocr_par' dir='ltr' id='par_1_53' title="bbox 2087 2323 3668 2389">
     <span class='ocr_line' id='line_1_53' title="bbox 2087 2323 3668 2389; baseline -0.001 -10"><span class='ocrx_word' id='word_1_374' title='bbox 2087 2323 2183 2385; x_wconf 86' lang='lat' dir='ltr'><strong>sis,</strong></span> <span class='ocrx_word' id='word_1_375' title='bbox 2213 2323 2400 2378; x_wconf 83' lang='lat' dir='ltr'><strong>ell&#39;ecit</strong></span> <span class='ocrx_word' id='word_1_376' title='bbox 2425 2333 2484 2378; x_wconf 93' lang='lat' dir='ltr'><strong>ut</strong></span> <span class='ocrx_word' id='word_1_377' title='bbox 2503 2326 2685 2378; x_wconf 65' lang='lat' dir='ltr'><strong>caeteri</strong></span> <span class='ocrx_word' id='word_1_378' title='bbox 2718 2324 2820 2378; x_wconf 88' lang='lat' dir='ltr'><strong>sibi</strong></span> <span class='ocrx_word' id='word_1_379' title='bbox 2842 2332 3154 2379; x_wconf 89' lang='lat' dir='ltr'><strong>metuentes</strong></span> <span class='ocrx_word' id='word_1_380' title='bbox 3177 2324 3668 2389; x_wconf 86' lang='lat' dir='ltr'><strong>tumultuarentur,</strong></span> 
     </span>
    </p>
   </div>
   <div class='ocr_carea' id='block_1_54' title="bbox 2088 2412 3673 2481">
    <p class='ocr_par' dir='ltr' id='par_1_54' title="bbox 2088 2412 3673 2481">
     <span class='ocr_line' id='line_1_54' title="bbox 2088 2412 3673 2481; baseline -0.001 -14"><span class='ocrx_word' id='word_1_381' title='bbox 2088 2423 2145 2468; x_wconf 90' lang='lat' dir='ltr'><strong>et</strong></span> <span class='ocrx_word' id='word_1_382' title='bbox 2168 2428 2229 2468; x_wconf 89' lang='lat' dir='ltr'><strong>cc</strong></span> <span class='ocrx_word' id='word_1_383' title='bbox 2256 2413 2612 2468; x_wconf 89' lang='lat' dir='ltr'><strong>audacissimi</strong></span> <span class='ocrx_word' id='word_1_384' title='bbox 2644 2413 2850 2468; x_wconf 88' lang='lat' dir='ltr'><strong>strictis</strong></span> <span class='ocrx_word' id='word_1_385' title='bbox 2879 2413 3109 2468; x_wconf 89' lang='lat' dir='ltr'><strong>ensibus</strong></span> <span class='ocrx_word' id='word_1_386' title='bbox 3140 2413 3206 2467; x_wconf 86' lang='lat' dir='ltr'><strong>ad</strong></span> <span class='ocrx_word' id='word_1_387' title='bbox 3245 2412 3506 2481; x_wconf 88' lang='lat' dir='ltr'><strong>palatium</strong></span> <span class='ocrx_word' id='word_1_388' title='bbox 3536 2426 3673 2465; x_wconf 87' lang='lat' dir='ltr'><strong>con-</strong></span> 
     </span>
    </p>
   </div>
   <div class='ocr_carea' id='block_1_55' title="bbox 2090 2501 3668 2571">
    <p class='ocr_par' dir='ltr' id='par_1_55' title="bbox 2090 2501 3668 2571">
     <span class='ocr_line' id='line_1_55' title="bbox 2090 2501 3668 2571; baseline -0.003 -12"><span class='ocrx_word' id='word_1_389' title='bbox 2090 2504 2396 2559; x_wconf 82' lang='lat' dir='ltr'><strong>tenderent.</strong></span> <span class='ocrx_word' id='word_1_390' title='bbox 2424 2503 2572 2571; x_wconf 85' lang='lat' dir='ltr'><strong>Quos</strong></span> <span class='ocrx_word' id='word_1_391' title='bbox 2605 2519 2729 2557; x_wconf 91' lang='lat' dir='ltr'><strong>cum</strong></span> <span class='ocrx_word' id='word_1_392' title='bbox 2760 2518 2900 2556; x_wconf 76' lang='lat' dir='ltr'><strong>uxor</strong></span> <span class='ocrx_word' id='word_1_393' title='bbox 2951 2501 3147 2557; x_wconf 87' lang='lat' dir='ltr'><strong>adesse</strong></span> <span class='ocrx_word' id='word_1_394' title='bbox 3191 2501 3471 2557; x_wconf 85' lang='lat' dir='ltr'><strong>Pertinaci</strong></span> <span class='ocrx_word' id='word_1_395' title='bbox 3519 2517 3668 2555; x_wconf 82' lang='lat' dir='ltr'><strong>nun-</strong></span> 
     </span>
    </p>
   </div>
   <div class='ocr_carea' id='block_1_56' title="bbox 2087 2595 3669 2666">
    <p class='ocr_par' dir='ltr' id='par_1_56' title="bbox 2087 2595 3669 2666">
     <span class='ocr_line' id='line_1_56' title="bbox 2087 2595 3669 2666; baseline -0.003 -15"><span class='ocrx_word' id='word_1_396' title='bbox 2087 2597 2296 2661; x_wconf 88' lang='lat' dir='ltr'><strong>tiasset,</strong></span> <span class='ocrx_word' id='word_1_397' title='bbox 2330 2596 2418 2650; x_wconf 86' lang='lat' dir='ltr'><strong>ille</strong></span> <span class='ocrx_word' id='word_1_398' title='bbox 2448 2595 2694 2666; x_wconf 89' lang='lat' dir='ltr'><strong>quamvis</strong></span> <span class='ocrx_word' id='word_1_399' title='bbox 2723 2595 3016 2660; x_wconf 82' lang='lat' dir='ltr'><strong>resistere,</strong></span> <span class='ocrx_word' id='word_1_400' title='bbox 3050 2609 3254 2662; x_wconf 84' lang='lat' dir='ltr'><strong>eosque</strong></span> <span class='ocrx_word' id='word_1_401' title='bbox 3302 2608 3401 2663; x_wconf 90' lang='lat' dir='ltr'><strong>per</strong></span> <span class='ocrx_word' id='word_1_402' title='bbox 3442 2602 3669 2646; x_wconf 82' lang='lat' dir='ltr'><strong>unctur-</strong></span> 
     </span>
    </p>
   </div>
   <div class='ocr_carea' id='block_1_57' title="bbox 2086 2685 3667 2757">
    <p class='ocr_par' dir='ltr' id='par_1_57' title="bbox 2086 2685 3667 2757">
     <span class='ocr_line' id='line_1_57' title="bbox 2086 2685 3667 2757; baseline -0.004 -12"><span class='ocrx_word' id='word_1_403' title='bbox 2086 2706 2184 2745; x_wconf 91' lang='lat' dir='ltr'><strong>nas</strong></span> <span class='ocrx_word' id='word_1_404' title='bbox 2211 2687 2471 2744; x_wconf 81' lang='lat' dir='ltr'><strong>excubias</strong></span> <span class='ocrx_word' id='word_1_405' title='bbox 2494 2697 2550 2742; x_wconf 91' lang='lat' dir='ltr'><strong>et</strong></span> <span class='ocrx_word' id='word_1_406' title='bbox 2580 2687 2797 2757; x_wconf 87' lang='lat' dir='ltr'><strong>equites</strong></span> <span class='ocrx_word' id='word_1_407' title='bbox 2818 2685 3072 2741; x_wconf 90' lang='lat' dir='ltr'><strong>occidere</strong></span> <span class='ocrx_word' id='word_1_408' title='bbox 3100 2693 3309 2755; x_wconf 86' lang='lat' dir='ltr'><strong>posset,</strong></span> <span class='ocrx_word' id='word_1_409' title='bbox 3343 2694 3524 2738; x_wconf 85' lang='lat' dir='ltr'><strong>tamen</strong></span> <span class='ocrx_word' id='word_1_410' title='bbox 3561 2700 3667 2739; x_wconf 89' lang='lat' dir='ltr'><strong>nec</strong></span> 
     </span>
    </p>
   </div>
   <div class='ocr_carea' id='block_1_58' title="bbox 2086 2776 3661 2847">
    <p class='ocr_par' dir='ltr' id='par_1_58' title="bbox 2086 2776 3661 2847">
     <span class='ocr_line' id='line_1_58' title="bbox 2086 2776 3661 2847; baseline -0.004 -12"><span class='ocrx_word' id='word_1_411' title='bbox 2086 2782 2188 2837; x_wconf 91' lang='lat' dir='ltr'><strong>hoc</strong></span> <span class='ocrx_word' id='word_1_412' title='bbox 2213 2782 2380 2844; x_wconf 80' lang='lat' dir='ltr'><strong>fecit,</strong></span> <span class='ocrx_word' id='word_1_413' title='bbox 2432 2795 2537 2835; x_wconf 89' lang='lat' dir='ltr'><strong>nec</strong></span> <span class='ocrx_word' id='word_1_414' title='bbox 2578 2795 2638 2835; x_wconf 85' lang='lat' dir='ltr'><strong>se</strong></span> <span class='ocrx_word' id='word_1_415' title='bbox 2700 2778 2980 2835; x_wconf 87' lang='lat' dir='ltr'><strong>occultare</strong></span> <span class='ocrx_word' id='word_1_416' title='bbox 3025 2787 3119 2831; x_wconf 90' lang='lat' dir='ltr'><strong>aut</strong></span> <span class='ocrx_word' id='word_1_417' title='bbox 3174 2776 3417 2847; x_wconf 82' lang='lat' dir='ltr'><strong>ell‘ugere</strong></span> <span class='ocrx_word' id='word_1_418' title='bbox 3463 2776 3661 2829; x_wconf 90' lang='lat' dir='ltr'><strong>voluit.</strong></span> 
     </span>
    </p>
   </div>
   <div class='ocr_carea' id='block_1_59' title="bbox 2085 2867 3667 2943">
    <p class='ocr_par' dir='ltr' id='par_1_59' title="bbox 2085 2867 3667 2943">
     <span class='ocr_line' id='line_1_59' title="bbox 2085 2867 3667 2943; baseline -0.004 -14"><span class='ocrx_word' id='word_1_419' title='bbox 2085 2871 2192 2930; x_wconf 87' lang='lat' dir='ltr'><strong>Sed</strong></span> <span class='ocrx_word' id='word_1_420' title='bbox 2220 2889 2316 2943; x_wconf 89' lang='lat' dir='ltr'><strong>spe</strong></span> <span class='ocrx_word' id='word_1_421' title='bbox 2346 2871 2575 2927; x_wconf 82' lang='lat' dir='ltr'><strong>forsitan</strong></span> <span class='ocrx_word' id='word_1_422' title='bbox 2629 2879 2916 2940; x_wconf 88' lang='lat' dir='ltr'><strong>concepta,</strong></span> <span class='ocrx_word' id='word_1_423' title='bbox 2949 2884 3007 2924; x_wconf 88' lang='lat' dir='ltr'><strong>se</strong></span> <span class='ocrx_word' id='word_1_424' title='bbox 3041 2878 3342 2937; x_wconf 81' lang='lat' dir='ltr'><strong>conspectu</strong></span> <span class='ocrx_word' id='word_1_425' title='bbox 3389 2883 3491 2921; x_wconf 91' lang='lat' dir='ltr'><strong>suo</strong></span> <span class='ocrx_word' id='word_1_426' title='bbox 3540 2867 3667 2922; x_wconf 87' lang='lat' dir='ltr'><strong>illos</strong></span> 
     </span>
    </p>
   </div>
   <div class='ocr_carea' id='block_1_60' title="bbox 2087 2959 3666 3026">
    <p class='ocr_par' dir='ltr' id='par_1_60' title="bbox 2087 2959 3666 3026">
     <span class='ocr_line' id='line_1_60' title="bbox 2087 2959 3666 3026; baseline -0.004 -5"><span class='ocrx_word' id='word_1_427' title='bbox 2087 2967 2428 3026; x_wconf 84' lang='lat' dir='ltr'><strong>territurum.</strong></span> <span class='ocrx_word' id='word_1_428' title='bbox 2464 2974 2521 3019; x_wconf 92' lang='lat' dir='ltr'><strong>ct</strong></span> <span class='ocrx_word' id='word_1_429' title='bbox 2554 2963 2807 3018; x_wconf 87' lang='lat' dir='ltr'><strong>oratione</strong></span> <span class='ocrx_word' id='word_1_430' title='bbox 2841 2962 3165 3016; x_wconf 91' lang='lat' dir='ltr'><strong>sedatnrum</strong></span> <span class='ocrx_word' id='word_1_431' title='bbox 3192 3000 3207 3024; x_wconf 91' lang='lat'><strong>,</strong></span> <span class='ocrx_word' id='word_1_432' title='bbox 3261 2959 3666 3015; x_wconf 85' lang='lat' dir='ltr'><strong>accedentibus</strong></span> 
     </span>
    </p>
   </div>
   <div class='ocr_carea' id='block_1_61' title="bbox 2085 3051 3661 3125">
    <p class='ocr_par' dir='ltr' id='par_1_61' title="bbox 2085 3051 3661 3125">
     <span class='ocr_line' id='line_1_61' title="bbox 2085 3051 3661 3125; baseline -0.005 -12"><span class='ocrx_word' id='word_1_433' title='bbox 2085 3058 2301 3114; x_wconf 84' lang='lat' dir='ltr'><strong>obviam</strong></span> <span class='ocrx_word' id='word_1_434' title='bbox 2331 3057 2452 3112; x_wconf 83' lang='lat' dir='ltr'><strong>ivit.</strong></span> <span class='ocrx_word' id='word_1_435' title='bbox 2480 3055 2563 3110; x_wconf 86' lang='lat' dir='ltr'><strong>Illi</strong></span> <span class='ocrx_word' id='word_1_436' title='bbox 2605 3070 2738 3110; x_wconf 89' lang='lat' dir='ltr'><strong>vero</strong></span> <span class='ocrx_word' id='word_1_437' title='bbox 2786 3054 3026 3125; x_wconf 89' lang='lat' dir='ltr'><strong>primum</strong></span> <span class='ocrx_word' id='word_1_438' title='bbox 3078 3052 3414 3107; x_wconf 83' lang='lat' dir='ltr'><strong>verecundia</strong></span> <span class='ocrx_word' id='word_1_439' title='bbox 3464 3051 3661 3116; x_wconf 91' lang='lat' dir='ltr'><strong>ducti,</strong></span> 
     </span>
    </p>
   </div>
   <div class='ocr_carea' id='block_1_62' title="bbox 404 3121 1986 3222">
    <p class='ocr_par' dir='ltr' id='par_1_62' title="bbox 404 3121 1981 3203">
     <span class='ocr_line' id='line_1_62' title="bbox 404 3121 1981 3203; baseline 0.016 -34"><span class='ocrx_word' id='word_1_440' title='bbox 404 3121 715 3189; x_wconf 77' lang='grc' dir='ltr'>παρουσίαν</span> <span class='ocrx_word' id='word_1_441' title='bbox 751 3122 1048 3192; x_wconf 73' lang='grc' dir='ltr'>ἓμηνύσεν·</span> <span class='ocrx_word' id='word_1_442' title='bbox 1082 3129 1109 3180; x_wconf 91' lang='lat'><strong>6</strong></span> <span class='ocrx_word' id='word_1_443' title='bbox 1140 3127 1218 3189; x_wconf 79' lang='grc' dir='ltr'>δὲ,</span> <span class='ocrx_word' id='word_1_444' title='bbox 1251 3130 1429 3184; x_wconf 86' lang='grc' dir='ltr'>καίτοι</span> <span class='ocrx_word' id='word_1_445' title='bbox 1476 3133 1774 3203; x_wconf 80' lang='grc' dir='ltr'>δυνάμενος</span> <span class='ocrx_word' id='word_1_446' title='bbox 1831 3140 1981 3193; x_wconf 87' lang='grc' dir='ltr'>ἀντι-</span> 
     </span>
    </p>
   </div>
   <div class='ocr_carea' id='block_1_63' title="bbox 2087 3121 3665 3222">
    <p class='ocr_par' dir='ltr' id='par_1_63' title="bbox 2087 3121 3665 3222">
     <span class='ocr_line' id='line_1_63' title="bbox 2087 3121 3665 3222; baseline -0.004 -17"><span class='ocrx_word' id='word_1_447' title='bbox 2087 3150 2294 3222; x_wconf 87' lang='lat' dir='ltr'><strong>gladios</strong></span> <span class='ocrx_word' id='word_1_448' title='bbox 2348 3165 2561 3221; x_wconf 75' lang='lat' dir='ltr'><strong>vaginis</strong></span> <span class='ocrx_word' id='word_1_449' title='bbox 2611 3121 3008 3203; x_wconf 76' lang='lat' dir='ltr'><strong>condiderunt.</strong></span> <span class='ocrx_word' id='word_1_450' title='bbox 3064 3145 3274 3200; x_wconf 72' lang='lat' dir='ltr'><strong>Deinde</strong></span> <span class='ocrx_word' id='word_1_451' title='bbox 3322 3159 3449 3199; x_wconf 88' lang='lat' dir='ltr'><strong>cum</strong></span> <span class='ocrx_word' id='word_1_452' title='bbox 3518 3156 3665 3198; x_wconf 86' lang='lat' dir='ltr'><strong>unus</strong></span> 
     </span>
    </p>
   </div>
   <div class='ocr_carea' id='block_1_64' title="bbox 406 3210 1985 3300">
    <p class='ocr_par' dir='ltr' id='par_1_64' title="bbox 406 3210 1985 3300">
     <span class='ocr_line' id='line_1_64' title="bbox 406 3210 1985 3300; baseline 0.017 -41"><span class='ocrx_word' id='word_1_453' title='bbox 406 3210 599 3279; x_wconf 82' lang='grc' dir='ltr'>στῆναι</span> <span class='ocrx_word' id='word_1_454' title='bbox 623 3212 718 3265; x_wconf 74' lang='grc' dir='ltr'><strong>καὶ</strong></span> <span class='ocrx_word' id='word_1_455' title='bbox 740 3212 1052 3285; x_wconf 80' lang='grc' dir='ltr'>διαφθεῖραι</span> <span class='ocrx_word' id='word_1_456' title='bbox 1088 3218 1288 3282; x_wconf 74' lang='grc' dir='ltr'>αὐτοὺς</span> <span class='ocrx_word' id='word_1_457' title='bbox 1321 3223 1387 3292; x_wconf 72' lang='grc' dir='ltr'>τῇ</span> <span class='ocrx_word' id='word_1_458' title='bbox 1420 3239 1478 3275; x_wconf 90' lang='grc' dir='ltr'><strong>τε</strong></span> <span class='ocrx_word' id='word_1_459' title='bbox 1514 3226 1726 3298; x_wconf 80' lang='grc' dir='ltr'>φυλακῇ</span> <span class='ocrx_word' id='word_1_460' title='bbox 1765 3232 1830 3300; x_wconf 82' lang='grc' dir='ltr'>τῇ</span> <span class='ocrx_word' id='word_1_461' title='bbox 1890 3248 1985 3285; x_wconf 90' lang='grc' dir='ltr'>νυ-</span> 
     </span>
    </p>
   </div>
   <div class='ocr_carea' id='block_1_65' title="bbox 403 3303 1980 3388">
    <p class='ocr_par' dir='ltr' id='par_1_65' title="bbox 403 3303 1980 3388">
     <span class='ocr_line' id='line_1_65' title="bbox 403 3303 1980 3388; baseline 0.015 -34"><span class='ocrx_word' id='word_1_462' title='bbox 403 3305 627 3373; x_wconf 78' lang='grc' dir='ltr'>κτερινῇ</span> <span class='ocrx_word' id='word_1_463' title='bbox 659 3303 754 3356; x_wconf 76' lang='grc' dir='ltr'><strong>καὶ</strong></span> <span class='ocrx_word' id='word_1_464' title='bbox 782 3307 891 3370; x_wconf 84' lang='grc' dir='ltr'>τοῖς</span> <span class='ocrx_word' id='word_1_465' title='bbox 917 3307 1195 3373; x_wconf 75' lang='grc' dir='ltr'>ἱππεῦσιν,</span> <span class='ocrx_word' id='word_1_466' title='bbox 1215 3309 1337 3364; x_wconf 79' lang='grc' dir='ltr'>οὔτε</span> <span class='ocrx_word' id='word_1_467' title='bbox 1363 3313 1509 3366; x_wconf 79' lang='grc' dir='ltr'>τοῦτ’</span> <span class='ocrx_word' id='word_1_468' title='bbox 1540 3317 1820 3388; x_wconf 78' lang='grc' dir='ltr'>ἐποίησεν,</span> <span class='ocrx_word' id='word_1_469' title='bbox 1854 3320 1980 3377; x_wconf 72' lang='grc' dir='ltr'>οὔτε</span> 
     </span>
    </p>
   </div>
   <div class='ocr_carea' id='block_1_66' title="bbox 404 3390 1981 3475">
    <p class='ocr_par' dir='ltr' id='par_1_66' title="bbox 404 3390 1981 3475">
     <span class='ocr_line' id='line_1_66' title="bbox 404 3390 1981 3475; baseline 0.013 -33"><span class='ocrx_word' id='word_1_470' title='bbox 404 3390 671 3460; x_wconf 79' lang='grc' dir='ltr'>κρυϐῆναι</span> <span class='ocrx_word' id='word_1_471' title='bbox 721 3394 819 3447; x_wconf 79' lang='grc' dir='ltr'>καὶ</span> <span class='ocrx_word' id='word_1_472' title='bbox 862 3395 1148 3465; x_wconf 72' lang='grc' dir='ltr'>διαφυγεῖν</span> <span class='ocrx_word' id='word_1_473' title='bbox 1214 3400 1528 3470; x_wconf 78' lang='grc' dir='ltr'>ᾑρετίσατο·</span> <span class='ocrx_word' id='word_1_474' title='bbox 1583 3405 1701 3458; x_wconf 80' lang='grc' dir='ltr'>ἀλλ’</span> <span class='ocrx_word' id='word_1_475' title='bbox 1750 3407 1981 3475; x_wconf 74' lang='grc' dir='ltr'>ἐλπίσας</span> 
     </span>
    </p>
   </div>
   <div class='ocr_carea' id='block_1_67' title="bbox 403 3481 1980 3558">
    <p class='ocr_par' dir='ltr' id='par_1_67' title="bbox 403 3481 1980 3558">
     <span class='ocr_line' id='line_1_67' title="bbox 403 3481 1980 3558; baseline 0.014 -26"><span class='ocrx_word' id='word_1_476' title='bbox 403 3481 534 3543; x_wconf 74' lang='grc' dir='ltr'>ἴσως</span> <span class='ocrx_word' id='word_1_477' title='bbox 567 3483 936 3554; x_wconf 78' lang='grc' dir='ltr'>καταπλήξειν</span> <span class='ocrx_word' id='word_1_478' title='bbox 986 3486 1189 3550; x_wconf 75' lang='grc' dir='ltr'>αὐτοὺς</span> <span class='ocrx_word' id='word_1_479' title='bbox 1244 3489 1436 3558; x_wconf 67' lang='grc' dir='ltr'>ὀφθεὶς</span> <span class='ocrx_word' id='word_1_480' title='bbox 1476 3493 1571 3547; x_wconf 75' lang='grc' dir='ltr'>καὶ</span> <span class='ocrx_word' id='word_1_481' title='bbox 1614 3496 1829 3551; x_wconf 83' lang='grc' dir='ltr'>πείσειν</span> <span class='ocrx_word' id='word_1_482' title='bbox 1865 3499 1980 3554; x_wconf 76' lang='grc' dir='ltr'><strong>διασ⁸</strong></span> 
     </span>
    </p>
   </div>
   <div class='ocr_carea' id='block_1_68' title="bbox 401 3571 1980 3663">
    <p class='ocr_par' dir='ltr' id='par_1_68' title="bbox 401 3571 1980 3663">
     <span class='ocr_line' id='line_1_68' title="bbox 401 3571 1980 3663; baseline 0.016 -42"><span class='ocrx_word' id='word_1_483' title='bbox 401 3571 635 3641; x_wconf 71' lang='grc' dir='ltr'>λεχθεὶς,</span> <span class='ocrx_word' id='word_1_484' title='bbox 667 3576 955 3645; x_wconf 70' lang='grc' dir='ltr'>ἀπήντησε</span> <span class='ocrx_word' id='word_1_485' title='bbox 976 3579 1316 3648; x_wconf 82' lang='grc' dir='ltr'>προσιοῦσιν.</span> <span class='ocrx_word' id='word_1_486' title='bbox 1344 3583 1408 3635; x_wconf 86' lang='grc' dir='ltr'>Οί</span> <span class='ocrx_word' id='word_1_487' title='bbox 1440 3584 1495 3638; x_wconf 82' lang='grc' dir='ltr'>δὲ</span> <span class='ocrx_word' id='word_1_488' title='bbox 1525 3586 1587 3639; x_wconf 84' lang='grc' dir='ltr'><strong>τὸ</strong></span> <span class='ocrx_word' id='word_1_489' title='bbox 1642 3589 1740 3658; x_wconf 80' lang='grc' dir='ltr'>μὲν</span> <span class='ocrx_word' id='word_1_490' title='bbox 1764 3593 1980 3663; x_wconf 86' lang='grc' dir='ltr'>πρῶτον</span> 
     </span>
    </p>
   </div>
   <div class='ocr_carea' id='block_1_69' title="bbox 402 3664 1985 3755">
    <p class='ocr_par' dir='ltr' id='par_1_69' title="bbox 402 3664 1985 3755">
     <span class='ocr_line' id='line_1_69' title="bbox 402 3664 1985 3755; baseline 0.016 -39"><span class='ocrx_word' id='word_1_491' title='bbox 402 3664 543 3717; x_wconf 75' lang='grc' dir='ltr'>αέδοῖ</span> <span class='ocrx_word' id='word_1_492' title='bbox 570 3665 977 3739; x_wconf 77' lang='grc' dir='ltr'>ὑπεστάλησαν,</span> <span class='ocrx_word' id='word_1_493' title='bbox 1006 3671 1100 3724; x_wconf 77' lang='grc' dir='ltr'>καὶ</span> <span class='ocrx_word' id='word_1_494' title='bbox 1139 3675 1253 3736; x_wconf 82' lang='grc' dir='ltr'>τοῖς</span> <span class='ocrx_word' id='word_1_495' title='bbox 1305 3676 1550 3742; x_wconf 80' lang='grc' dir='ltr'>κουλεοῖς</span> <span class='ocrx_word' id='word_1_496' title='bbox 1588 3682 1657 3734; x_wconf 79' lang='grc' dir='ltr'>τὰ</span> <span class='ocrx_word' id='word_1_497' title='bbox 1686 3682 1814 3755; x_wconf 82' lang='grc' dir='ltr'>ξίφη</span> <span class='ocrx_word' id='word_1_498' title='bbox 1896 3686 1985 3740; x_wconf 80' lang='grc' dir='ltr'><strong>ὲν-</strong></span> 
     </span>
    </p>
   </div>
   <div class='ocr_carea' id='block_1_70' title="bbox 400 3758 1983 3846">
    <p class='ocr_par' dir='ltr' id='par_1_70' title="bbox 400 3758 1983 3846">
     <span class='ocr_line' id='line_1_70' title="bbox 400 3758 1983 3846; baseline 0.016 -36"><span class='ocrx_word' id='word_1_499' title='bbox 400 3758 607 3813; x_wconf 71' lang='grc' dir='ltr'>έθεντο.</span> <span class='ocrx_word' id='word_1_500' title='bbox 643 3761 733 3825; x_wconf 81' lang='grc' dir='ltr'>Ὠς</span> <span class='ocrx_word' id='word_1_501' title='bbox 763 3762 809 3816; x_wconf 81' lang='grc' dir='ltr'>δ’</span> <span class='ocrx_word' id='word_1_502' title='bbox 838 3759 921 3827; x_wconf 76' lang='grc' dir='ltr'>εἷς</span> <span class='ocrx_word' id='word_1_503' title='bbox 965 3765 1147 3819; x_wconf 84' lang='grc' dir='ltr'>αὐτῶν</span> <span class='ocrx_word' id='word_1_504' title='bbox 1179 3769 1565 3841; x_wconf 81' lang='grc' dir='ltr'>προπηδήσας,</span> <span class='ocrx_word' id='word_1_505' title='bbox 1640 3775 1813 3832; x_wconf 83' lang='grc' dir='ltr'>Τοῦτό</span> <span class='ocrx_word' id='word_1_506' title='bbox 1875 3797 1983 3846; x_wconf 87' lang='grc' dir='ltr'>σοι,</span> 
     </span>
    </p>
   </div>
   <div class='ocr_carea' id='block_1_71' title="bbox 2089 3234 3661 3313">
    <p class='ocr_par' dir='ltr' id='par_1_71' title="bbox 2089 3234 3661 3313">
     <span class='ocr_line' id='line_1_71' title="bbox 2089 3234 3661 3313; baseline -0.007 -15"><span class='ocrx_word' id='word_1_507' title='bbox 2089 3243 2283 3300; x_wconf 75' lang='lat' dir='ltr'><strong>stricto</strong></span> <span class='ocrx_word' id='word_1_508' title='bbox 2316 3240 2500 3313; x_wconf 80' lang='lat' dir='ltr'><strong>gladio</strong></span> <span class='ocrx_word' id='word_1_509' title='bbox 2536 3239 2883 3310; x_wconf 85' lang='lat' dir='ltr'><strong>prosiluisset</strong></span> <span class='ocrx_word' id='word_1_510' title='bbox 2913 3279 2928 3302; x_wconf 83' lang='lat'><strong>.</strong></span> <span class='ocrx_word' id='word_1_511' title='bbox 2969 3253 3207 3308; x_wconf 83' lang='lat' dir='ltr'><strong>eumque</strong></span> <span class='ocrx_word' id='word_1_512' title='bbox 3261 3234 3661 3307; x_wconf 59' lang='lat' dir='ltr'><strong>percussisset,</strong></span> 
     </span>
    </p>
   </div>
   <div class='ocr_carea' id='block_1_72' title="bbox 2087 3325 3661 3403">
    <p class='ocr_par' dir='ltr' id='par_1_72' title="bbox 2087 3325 3661 3403">
     <span class='ocr_line' id='line_1_72' title="bbox 2087 3325 3661 3403; baseline -0.007 -15"><span class='ocrx_word' id='word_1_513' title='bbox 2087 3348 2218 3388; x_wconf 88' lang='lat' dir='ltr'><strong>eum</strong></span> <span class='ocrx_word' id='word_1_514' title='bbox 2259 3331 2499 3403; x_wconf 83' lang='lat' dir='ltr'><strong>gladium</strong></span> <span class='ocrx_word' id='word_1_515' title='bbox 2529 3331 2608 3384; x_wconf 89' lang='lat' dir='ltr'><strong>illi</strong></span> <span class='ocrx_word' id='word_1_516' title='bbox 2650 3345 2678 3383; x_wconf 91' lang='lat' dir='ltr'><strong>a</strong></span> <span class='ocrx_word' id='word_1_517' title='bbox 2711 3328 2984 3383; x_wconf 86' lang='lat' dir='ltr'><strong>militibus</strong></span> <span class='ocrx_word' id='word_1_518' title='bbox 3011 3328 3240 3383; x_wconf 89' lang='lat' dir='ltr'><strong>missum</strong></span> <span class='ocrx_word' id='word_1_519' title='bbox 3272 3342 3393 3381; x_wconf 90' lang='lat' dir='ltr'><strong>csse</strong></span> <span class='ocrx_word' id='word_1_520' title='bbox 3417 3325 3608 3379; x_wconf 89' lang='lat' dir='ltr'><strong>dicens</strong></span> <span class='ocrx_word' id='word_1_521' title='bbox 3645 3340 3661 3377; x_wconf 88' lang='lat'><strong>:</strong></span> 
     </span>
    </p>
   </div>
   <div class='ocr_carea' id='block_1_73' title="bbox 2086 3419 3665 3490">
    <p class='ocr_par' dir='ltr' id='par_1_73' title="bbox 2086 3419 3665 3490">
     <span class='ocr_line' id='line_1_73' title="bbox 2086 3419 3665 3490; baseline -0.004 -13"><span class='ocrx_word' id='word_1_522' title='bbox 2086 3425 2253 3478; x_wconf 91' lang='lat' dir='ltr'><strong>etiam</strong></span> <span class='ocrx_word' id='word_1_523' title='bbox 2279 3422 2464 3476; x_wconf 73' lang='lat' dir='ltr'><strong>cmteri</strong></span> <span class='ocrx_word' id='word_1_524' title='bbox 2492 3420 2752 3476; x_wconf 77' lang='lat' dir='ltr'><strong>concitati</strong></span> <span class='ocrx_word' id='word_1_525' title='bbox 2780 3460 2794 3479; x_wconf 89' lang='lat'><strong>.</strong></span> <span class='ocrx_word' id='word_1_526' title='bbox 2832 3429 2887 3475; x_wconf 88' lang='lat' dir='ltr'><strong>et</strong></span> <span class='ocrx_word' id='word_1_527' title='bbox 2928 3420 3109 3490; x_wconf 85' lang='lat' dir='ltr'><strong>ipsum</strong></span> <span class='ocrx_word' id='word_1_528' title='bbox 3164 3419 3549 3488; x_wconf 85' lang='lat' dir='ltr'><strong>imperatorem</strong></span> <span class='ocrx_word' id='word_1_529' title='bbox 3606 3422 3665 3471; x_wconf 80' lang='lat' dir='ltr'><strong>et</strong></span> 
     </span>
    </p>
   </div>
   <div class='ocr_carea' id='block_1_74' title="bbox 2086 3504 3666 3575">
    <p class='ocr_par' dir='ltr' id='par_1_74' title="bbox 2086 3504 3666 3575">
     <span class='ocr_line' id='line_1_74' title="bbox 2086 3504 3666 3575; baseline -0.007 -6"><span class='ocrx_word' id='word_1_530' title='bbox 2086 3515 2334 3569; x_wconf 85' lang='lat' dir='ltr'><strong>Electum</strong></span> <span class='ocrx_word' id='word_1_531' title='bbox 2377 3512 2718 3566; x_wconf 90' lang='lat' dir='ltr'><strong>occiderunt.</strong></span> <span class='ocrx_word' id='word_1_532' title='bbox 2749 3510 2958 3564; x_wconf 85' lang='lat' dir='ltr'><strong>Deinde</strong></span> <span class='ocrx_word' id='word_1_533' title='bbox 3006 3504 3314 3564; x_wconf 83' lang='lat' dir='ltr'><strong>Pertinacis</strong></span> <span class='ocrx_word' id='word_1_534' title='bbox 3359 3514 3524 3575; x_wconf 84' lang='lat' dir='ltr'><strong>caput</strong></span> <span class='ocrx_word' id='word_1_535' title='bbox 3565 3504 3666 3558; x_wconf 82' lang='lat' dir='ltr'><strong>ba-</strong></span> 
     </span>
    </p>
   </div>
   <div class='ocr_carea' id='block_1_75' title="bbox 2088 3596 3664 3671">
    <p class='ocr_par' dir='ltr' id='par_1_75' title="bbox 2088 3596 3664 3671">
     <span class='ocr_line' id='line_1_75' title="bbox 2088 3596 3664 3671; baseline -0.004 -16"><span class='ocrx_word' id='word_1_536' title='bbox 2088 3612 2185 3656; x_wconf 68' lang='lat' dir='ltr'><strong>stac</strong></span> <span class='ocrx_word' id='word_1_537' title='bbox 2212 3599 2452 3665; x_wconf 83' lang='lat' dir='ltr'><strong>allixum,</strong></span> <span class='ocrx_word' id='word_1_538' title='bbox 2491 3600 2653 3671; x_wconf 76' lang='lat'><strong>603</strong></span> <span class='ocrx_word' id='word_1_539' title='bbox 2688 3599 2844 3669; x_wconf 87' lang='lat' dir='ltr'><strong>quasi</strong></span> <span class='ocrx_word' id='word_1_540' title='bbox 2876 3614 2937 3653; x_wconf 89' lang='lat' dir='ltr'><strong>re</strong></span> <span class='ocrx_word' id='word_1_541' title='bbox 2970 3597 3111 3653; x_wconf 78' lang='lat' dir='ltr'><strong>bene</strong></span> <span class='ocrx_word' id='word_1_542' title='bbox 3139 3607 3289 3668; x_wconf 75' lang='lat' dir='ltr'><strong>gesta</strong></span> <span class='ocrx_word' id='word_1_543' title='bbox 3312 3636 3328 3661; x_wconf 91' lang='lat'><strong>,</strong></span> <span class='ocrx_word' id='word_1_544' title='bbox 3360 3596 3664 3649; x_wconf 77' lang='lat' dir='ltr'><strong>circumtu-</strong></span> 
     </span>
    </p>
   </div>
   <div class='ocr_carea' id='block_1_76' title="bbox 2086 3691 3663 3756">
    <p class='ocr_par' dir='ltr' id='par_1_76' title="bbox 2086 3691 3663 3756">
     <span class='ocr_line' id='line_1_76' title="bbox 2086 3691 3663 3756; baseline -0.005 -10"><span class='ocrx_word' id='word_1_545' title='bbox 2086 3693 2292 3748; x_wconf 87' lang='lat' dir='ltr'><strong>lerunt.</strong></span> <span class='ocrx_word' id='word_1_546' title='bbox 2343 3692 2493 3748; x_wconf 79' lang='lat' dir='ltr'><strong>Vixit</strong></span> <span class='ocrx_word' id='word_1_547' title='bbox 2541 3692 2635 3746; x_wconf 90' lang='lat' dir='ltr'><strong>hic</strong></span> <span class='ocrx_word' id='word_1_548' title='bbox 2691 3691 2775 3745; x_wconf 89' lang='lat' dir='ltr'><strong>vir</strong></span> <span class='ocrx_word' id='word_1_549' title='bbox 2820 3705 2995 3745; x_wconf 91' lang='lat' dir='ltr'><strong>annos</strong></span> <span class='ocrx_word' id='word_1_550' title='bbox 3024 3705 3208 3754; x_wconf 81' lang='lat' dir='ltr'><strong>van,</strong></span> <span class='ocrx_word' id='word_1_551' title='bbox 3241 3697 3479 3756; x_wconf 74' lang='lat' dir='ltr'><strong>quatuor</strong></span> <span class='ocrx_word' id='word_1_552' title='bbox 3505 3700 3663 3739; x_wconf 86' lang='lat' dir='ltr'><strong>men-</strong></span> 
     </span>
    </p>
   </div>
   <div class='ocr_carea' id='block_1_77' title="bbox 2090 3777 3662 3856">
    <p class='ocr_par' dir='ltr' id='par_1_77' title="bbox 2090 3777 3662 3856">
     <span class='ocr_line' id='line_1_77' title="bbox 2090 3777 3662 3856; baseline -0.004 -17"><span class='ocrx_word' id='word_1_553' title='bbox 2090 3784 2244 3840; x_wconf 89' lang='lat' dir='ltr'><strong>sibus</strong></span> <span class='ocrx_word' id='word_1_554' title='bbox 2271 3784 2512 3856; x_wconf 89' lang='lat' dir='ltr'><strong>demptis</strong></span> <span class='ocrx_word' id='word_1_555' title='bbox 2540 3822 2557 3850; x_wconf 93' lang='lat'><strong>,</strong></span> <span class='ocrx_word' id='word_1_556' title='bbox 2607 3783 2727 3838; x_wconf 90' lang='lat' dir='ltr'><strong>dies</strong></span> <span class='ocrx_word' id='word_1_557' title='bbox 2786 3798 2899 3837; x_wconf 86' lang='lat' dir='ltr'><strong>non</strong></span> <span class='ocrx_word' id='word_1_558' title='bbox 2944 3781 3182 3853; x_wconf 91' lang='lat' dir='ltr'><strong>amplius</strong></span> <span class='ocrx_word' id='word_1_559' title='bbox 3231 3795 3443 3834; x_wconf 78' lang='lat' dir='ltr'><strong>Lxxxvn</strong></span> <span class='ocrx_word' id='word_1_560' title='bbox 3490 3777 3662 3848; x_wconf 82' lang='lat' dir='ltr'><strong>impe-</strong></span> 
     </span>
    </p>
   </div>
   <div class='ocr_carea' id='block_1_78' title="bbox 399 3849 2260 3939">
    <p class='ocr_par' dir='ltr' id='par_1_78' title="bbox 399 3849 2260 3939">
     <span class='ocr_line' id='line_1_78' title="bbox 399 3849 2260 3939; baseline 0.017 -38"><span class='ocrx_word' id='word_1_561' title='bbox 399 3849 527 3921; x_wconf 68' lang='grc' dir='ltr'>ἔφη,</span> <span class='ocrx_word' id='word_1_562' title='bbox 556 3853 615 3905; x_wconf 79' lang='grc' dir='ltr'>τὸ</span> <span class='ocrx_word' id='word_1_563' title='bbox 638 3852 790 3930; x_wconf 77' lang='grc' dir='ltr'>ξίφος</span> <span class='ocrx_word' id='word_1_564' title='bbox 825 3855 1027 3923; x_wconf 79' lang='grc' dir='ltr'>δείξας,</span> <span class='ocrx_word' id='word_1_565' title='bbox 1059 3859 1123 3911; x_wconf 76' lang='grc' dir='ltr'>οἱ·</span> <span class='ocrx_word' id='word_1_566' title='bbox 1144 3863 1484 3930; x_wconf 80' lang='grc' dir='ltr'>στρατιῶται</span> <span class='ocrx_word' id='word_1_567' title='bbox 1514 3868 1866 3939; x_wconf 75' lang='grc' dir='ltr'>πεπόμφασι,</span> <span class='ocrx_word' id='word_1_568' title='bbox 1899 3876 1994 3930; x_wconf 76' lang='grc' dir='ltr'>καὶ</span> <span class='ocrx_word' id='word_1_569' title='bbox 2094 3878 2260 3932; x_wconf 83' lang='lat' dir='ltr'><strong>ravit.</strong></span> 
     </span>
    </p>
   </div>
   <div class='ocr_carea' id='block_1_79' title="bbox 400 3943 3658 4037">
    <p class='ocr_par' dir='ltr' id='par_1_79' title="bbox 400 3943 3658 4037">
     <span class='ocr_line' id='line_1_79' title="bbox 400 3943 3658 4037; baseline 0.006 -42"><span class='ocrx_word' id='word_1_570' title='bbox 400 3943 565 4037; x_wconf 64' lang='grc' dir='ltr'>αυτὸν</span> <span class='ocrx_word' id='word_1_571' title='bbox 589 3945 810 4015; x_wconf 77' lang='grc' dir='ltr'>ἔπληξε,</span> <span class='ocrx_word' id='word_1_572' title='bbox 835 3948 931 4001; x_wconf 74' lang='grc' dir='ltr'>καὶ</span> <span class='ocrx_word' id='word_1_573' title='bbox 955 3949 1005 4002; x_wconf 83' lang='lat' dir='ltr'><strong>oi</strong></span> <span class='ocrx_word' id='word_1_574' title='bbox 1032 3949 1183 4005; x_wconf 77' lang='grc' dir='ltr'>ἄλλοι</span> <span class='ocrx_word' id='word_1_575' title='bbox 1211 3956 1669 4026; x_wconf 78' lang='grc' dir='ltr'>συνεκινήθησαν,</span> <span class='ocrx_word' id='word_1_576' title='bbox 1722 3961 1818 4014; x_wconf 76' lang='grc' dir='ltr'>καὶ</span> <span class='ocrx_word' id='word_1_577' title='bbox 1849 3965 2161 4030; x_wconf 77' lang='grc' dir='ltr'>κατέκοψαν</span> <span class='ocrx_word' id='word_1_578' title='bbox 2224 3966 2387 4020; x_wconf 78' lang='grc' dir='ltr'>αὐτόν</span> <span class='ocrx_word' id='word_1_579' title='bbox 2450 3983 2508 4019; x_wconf 90' lang='grc' dir='ltr'><strong>τε</strong></span> <span class='ocrx_word' id='word_1_580' title='bbox 2541 3965 2632 4018; x_wconf 81' lang='grc' dir='ltr'><strong>τὸν</strong></span> <span class='ocrx_word' id='word_1_581' title='bbox 2652 3958 3050 4037; x_wconf 74' lang='grc' dir='ltr'>αὐτοκράτορα,</span> <span class='ocrx_word' id='word_1_582' title='bbox 3106 3961 3308 4017; x_wconf 77' lang='grc' dir='ltr'>καὶτὸν</span> <span class='ocrx_word' id='word_1_583' title='bbox 3342 3961 3658 4014; x_wconf 81' lang='grc' dir='ltr'>Ἔκλεκτον.</span> 
     </span>
    </p>
   </div>
   <div class='ocr_carea' id='block_1_80' title="bbox 400 4036 3662 4132">
    <p class='ocr_par' dir='ltr' id='par_1_80' title="bbox 400 4036 3662 4132">
     <span class='ocr_line' id='line_1_80' title="bbox 400 4036 3662 4132; baseline 0.005 -40"><span class='ocrx_word' id='word_1_584' title='bbox 400 4036 535 4094; x_wconf 75' lang='grc' dir='ltr'>Εἶτα</span> <span class='ocrx_word' id='word_1_585' title='bbox 560 4043 660 4113; x_wconf 76' lang='grc' dir='ltr'><strong>τὴν</strong></span> <span class='ocrx_word' id='word_1_586' title='bbox 686 4041 781 4095; x_wconf 81' lang='grc' dir='ltr'>τοῦ</span> <span class='ocrx_word' id='word_1_587' title='bbox 823 4045 1161 4115; x_wconf 85' lang='grc' dir='ltr'>Περτίνακος</span> <span class='ocrx_word' id='word_1_588' title='bbox 1188 4049 1433 4120; x_wconf 80' lang='grc' dir='ltr'>κεφαλὴν</span> <span class='ocrx_word' id='word_1_589' title='bbox 1502 4051 1691 4123; x_wconf 81' lang='grc' dir='ltr'>δόρατι</span> <span class='ocrx_word' id='word_1_590' title='bbox 1746 4060 2176 4131; x_wconf 83' lang='grc' dir='ltr'>περιπείραντες</span> <span class='ocrx_word' id='word_1_591' title='bbox 2233 4063 2522 4132; x_wconf 77' lang='grc' dir='ltr'>περιῆγον,</span> <span class='ocrx_word' id='word_1_592' title='bbox 2593 4057 2668 4129; x_wconf 83' lang='grc' dir='ltr'>τῷ</span> <span class='ocrx_word' id='word_1_593' title='bbox 2726 4058 2874 4128; x_wconf 83' lang='grc' dir='ltr'>ἔργῳ</span> <span class='ocrx_word' id='word_1_594' title='bbox 2924 4036 3452 4126; x_wconf 70' lang='grc' dir='ltr'>ἐλλαμπρυνόμενοι.</span> <span class='ocrx_word' id='word_1_595' title='bbox 3498 4054 3662 4108; x_wconf 79' lang='grc' dir='ltr'>Ἑϐῖω</span> 
     </span>
    </p>
   </div>
   <div class='ocr_carea' id='block_1_81' title="bbox 398 4133 3661 4227">
    <p class='ocr_par' dir='ltr' id='par_1_81' title="bbox 398 4133 3661 4227">
     <span class='ocr_line' id='line_1_81' title="bbox 398 4133 3661 4227; baseline 0.005 -41"><span class='ocrx_word' id='word_1_596' title='bbox 398 4133 455 4186; x_wconf 82' lang='grc' dir='ltr'>δὲ</span> <span class='ocrx_word' id='word_1_597' title='bbox 510 4136 538 4187; x_wconf 90' lang='lat'><strong>6</strong></span> <span class='ocrx_word' id='word_1_598' title='bbox 583 4136 722 4208; x_wconf 79' lang='grc' dir='ltr'>ἀνὴρ</span> <span class='ocrx_word' id='word_1_599' title='bbox 772 4136 868 4208; x_wconf 75' lang='grc' dir='ltr'>ἐτη</span> <span class='ocrx_word' id='word_1_600' title='bbox 912 4138 1054 4193; x_wconf 72' lang='grc' dir='ltr'>ἑπτα</span> <span class='ocrx_word' id='word_1_601' title='bbox 1106 4139 1202 4193; x_wconf 81' lang='grc' dir='ltr'><strong>καὶ</strong></span> <span class='ocrx_word' id='word_1_602' title='bbox 1253 4141 1519 4213; x_wconf 81' lang='grc' dir='ltr'>ἑξήκοντα</span> <span class='ocrx_word' id='word_1_603' title='bbox 1599 4145 1789 4201; x_wconf 83' lang='grc' dir='ltr'>δέοντα</span> <span class='ocrx_word' id='word_1_604' title='bbox 1856 4154 2140 4225; x_wconf 84' lang='grc' dir='ltr'>τεσσάρων</span> <span class='ocrx_word' id='word_1_605' title='bbox 2196 4154 2431 4227; x_wconf 85' lang='grc' dir='ltr'>μηνῶν,’</span> <span class='ocrx_word' id='word_1_606' title='bbox 2458 4151 2631 4224; x_wconf 74' lang='grc' dir='ltr'>ἄρξας</span> <span class='ocrx_word' id='word_1_607' title='bbox 2691 4152 2856 4222; x_wconf 82' lang='grc' dir='ltr'>μόνας</span> <span class='ocrx_word' id='word_1_608' title='bbox 2884 4149 3095 4219; x_wconf 77' lang='grc' dir='ltr'>ἡμέρας</span> <span class='ocrx_word' id='word_1_609' title='bbox 3166 4147 3500 4217; x_wconf 69' lang='grc' dir='ltr'>ὀγδοήκοντα</span> <span class='ocrx_word' id='word_1_610' title='bbox 3567 4153 3661 4205; x_wconf 73' lang='grc' dir='ltr'>καὶ</span> 
     </span>
    </p>
   </div>
   <div class='ocr_carea' id='block_1_82' title="bbox 400 4229 560 4284">
    <p class='ocr_par' dir='ltr' id='par_1_82' title="bbox 400 4229 560 4284">
     <span class='ocr_line' id='line_1_82' title="bbox 400 4229 560 4284; baseline 0.013 -2"><span class='ocrx_word' id='word_1_611' title='bbox 400 4229 560 4284; x_wconf 70' lang='grc' dir='ltr'>ἑπτά.</span> 
     </span>
    </p>
   </div>
   <div class='ocr_carea' id='block_1_83' title="bbox 400 4417 1980 4498">
    <p class='ocr_par' dir='ltr' id='par_1_83' title="bbox 400 4417 1980 4498">
     <span class='ocr_line' id='line_1_83' title="bbox 400 4417 1980 4498; baseline 0.007 -28"><span class='ocrx_word' id='word_1_612' title='bbox 400 4417 797 4481; x_wconf 85' lang='grc' dir='ltr'>Σουλπικιανὺς</span> <span class='ocrx_word' id='word_1_613' title='bbox 832 4418 1049 4482; x_wconf 69' lang='grc' dir='ltr'>σταλεὶς</span> <span class='ocrx_word' id='word_1_614' title='bbox 1074 4423 1157 4484; x_wconf 78' lang='grc' dir='ltr'>εἰς</span> <span class='ocrx_word' id='word_1_615' title='bbox 1193 4421 1252 4474; x_wconf 73' lang='grc' dir='ltr'>τὸ</span> <span class='ocrx_word' id='word_1_616' title='bbox 1274 4423 1645 4492; x_wconf 87' lang='grc' dir='ltr'>στρατόπεδον</span> <span class='ocrx_word' id='word_1_617' title='bbox 1678 4425 1810 4498; x_wconf 86' lang='grc' dir='ltr'>παρ’</span> <span class='ocrx_word' id='word_1_618' title='bbox 1834 4427 1980 4481; x_wconf 82' lang='grc' dir='ltr'>ὲκεί-</span> 
     </span>
    </p>
   </div>
   <div class='ocr_carea' id='block_1_84' title="bbox 398 4507 1977 4589">
    <p class='ocr_par' dir='ltr' id='par_1_84' title="bbox 398 4507 1977 4589">
     <span class='ocr_line' id='line_1_84' title="bbox 398 4507 1977 4589; baseline 0.008 -29"><span class='ocrx_word' id='word_1_619' title='bbox 398 4525 516 4574; x_wconf 87' lang='grc' dir='ltr'>νου,</span> <span class='ocrx_word' id='word_1_620' title='bbox 546 4507 635 4564; x_wconf 85' lang='grc' dir='ltr'><strong>ῖνα</strong></span> <span class='ocrx_word' id='word_1_621' title='bbox 670 4509 735 4563; x_wconf 81' lang='grc' dir='ltr'><strong>τὰ</strong></span> <span class='ocrx_word' id='word_1_622' title='bbox 777 4513 894 4564; x_wconf 83' lang='grc' dir='ltr'>ὲκεῖ</span> <span class='ocrx_word' id='word_1_623' title='bbox 948 4514 1388 4583; x_wconf 79' lang='grc' dir='ltr'>καταστήσηται,</span> <span class='ocrx_word' id='word_1_624' title='bbox 1442 4515 1659 4585; x_wconf 78' lang='grc' dir='ltr'>ἔμεινεν</span> <span class='ocrx_word' id='word_1_625' title='bbox 1712 4517 1771 4570; x_wconf 80' lang='grc' dir='ltr'>ὲν</span> <span class='ocrx_word' id='word_1_626' title='bbox 1805 4519 1977 4589; x_wconf 78' lang='grc' dir='ltr'>αὐτῷ,</span> 
     </span>
    </p>
   </div>
   <div class='ocr_carea' id='block_1_85' title="bbox 398 4597 1980 4677">
    <p class='ocr_par' dir='ltr' id='par_1_85' title="bbox 398 4597 1980 4677">
     <span class='ocr_line' id='line_1_85' title="bbox 398 4597 1980 4677; baseline 0.008 -26"><span class='ocrx_word' id='word_1_627' title='bbox 398 4598 492 4651; x_wconf 81' lang='grc' dir='ltr'><strong>καὶ</strong></span> <span class='ocrx_word' id='word_1_628' title='bbox 516 4597 786 4669; x_wconf 70' lang='grc' dir='ltr'>ἔπραττεν</span> <span class='ocrx_word' id='word_1_629' title='bbox 814 4598 963 4663; x_wconf 86' lang='grc' dir='ltr'>ὅπως</span> <span class='ocrx_word' id='word_1_630' title='bbox 988 4598 1055 4653; x_wconf 84' lang='grc' dir='ltr'>ἃν</span> <span class='ocrx_word' id='word_1_631' title='bbox 1089 4601 1446 4675; x_wconf 79' lang='grc' dir='ltr'>αὐτοκράτωρ</span> <span class='ocrx_word' id='word_1_632' title='bbox 1516 4605 1834 4677; x_wconf 79' lang='grc' dir='ltr'>ἀποδειχθῇ.</span> <span class='ocrx_word' id='word_1_633' title='bbox 1861 4609 1980 4662; x_wconf 83' lang='grc' dir='ltr'>Κάν</span> 
     </span>
    </p>
   </div>
   <div class='ocr_carea' id='block_1_86' title="bbox 397 4689 1981 4767">
    <p class='ocr_par' dir='ltr' id='par_1_86' title="bbox 397 4689 1981 4767">
     <span class='ocr_line' id='line_1_86' title="bbox 397 4689 1981 4767; baseline 0.009 -26"><span class='ocrx_word' id='word_1_634' title='bbox 397 4689 574 4761; x_wconf 79' lang='grc' dir='ltr'>τούτῳ</span> <span class='ocrx_word' id='word_1_635' title='bbox 648 4689 937 4755; x_wconf 78' lang='grc' dir='ltr'>Ἰουλιανὸς</span> <span class='ocrx_word' id='word_1_636' title='bbox 998 4693 1027 4745; x_wconf 90' lang='lat'><strong>6</strong></span> <span class='ocrx_word' id='word_1_637' title='bbox 1087 4693 1263 4756; x_wconf 87' lang='grc' dir='ltr'>Δίδιος</span> <span class='ocrx_word' id='word_1_638' title='bbox 1324 4699 1708 4767; x_wconf 75' lang='grc' dir='ltr'>χρηματιστής</span> <span class='ocrx_word' id='word_1_639' title='bbox 1758 4715 1819 4752; x_wconf 87' lang='grc' dir='ltr'><strong>τε</strong></span> <span class='ocrx_word' id='word_1_640' title='bbox 1883 4701 1981 4754; x_wconf 81' lang='grc' dir='ltr'>καὶ</span> 
     </span>
    </p>
   </div>
   <div class='ocr_carea' id='block_1_87' title="bbox 398 4781 1982 4859">
    <p class='ocr_par' dir='ltr' id='par_1_87' title="bbox 398 4781 1982 4859">
     <span class='ocr_line' id='line_1_87' title="bbox 398 4781 1982 4859; baseline 0.006 -23"><span class='ocrx_word' id='word_1_641' title='bbox 398 4781 700 4853; x_wconf 78' lang='grc' dir='ltr'>ἄπληστος,</span> <span class='ocrx_word' id='word_1_642' title='bbox 728 4784 1015 4855; x_wconf 79' lang='grc' dir='ltr'>νεωτέρων</span> <span class='ocrx_word' id='word_1_643' title='bbox 1050 4788 1137 4840; x_wconf 70' lang='grc' dir='ltr'><strong>ἀεὶ</strong></span> <span class='ocrx_word' id='word_1_644' title='bbox 1171 4789 1524 4859; x_wconf 78' lang='grc' dir='ltr'>πραγμάτων</span> <span class='ocrx_word' id='word_1_645' title='bbox 1553 4790 1863 4859; x_wconf 80' lang='grc' dir='ltr'>ἐπιθυμῶν,</span> <span class='ocrx_word' id='word_1_646' title='bbox 1885 4790 1982 4846; x_wconf 56' lang='grc' dir='ltr'><strong>καὶ⁷</strong></span> 
     </span>
    </p>
   </div>
   <div class='ocr_carea' id='block_1_88' title="bbox 402 4872 1983 4954">
    <p class='ocr_par' dir='ltr' id='par_1_88' title="bbox 402 4872 1983 4954">
     <span class='ocr_line' id='line_1_88' title="bbox 402 4872 1983 4954; baseline 0.008 -30"><span class='ocrx_word' id='word_1_647' title='bbox 402 4872 542 4943; x_wconf 80' lang='grc' dir='ltr'>πρὸς</span> <span class='ocrx_word' id='word_1_648' title='bbox 573 4872 668 4926; x_wconf 82' lang='grc' dir='ltr'>τοῦ</span> <span class='ocrx_word' id='word_1_649' title='bbox 696 4874 944 4945; x_wconf 84' lang='grc' dir='ltr'>Κομόδου</span> <span class='ocrx_word' id='word_1_650' title='bbox 977 4875 1066 4928; x_wconf 82' lang='grc' dir='ltr'>διὰ</span> <span class='ocrx_word' id='word_1_651' title='bbox 1086 4876 1249 4930; x_wconf 84' lang='grc' dir='ltr'>τοῦτο</span> <span class='ocrx_word' id='word_1_652' title='bbox 1276 4880 1356 4942; x_wconf 83' lang='grc' dir='ltr'><strong>εἰς</strong></span> <span class='ocrx_word' id='word_1_653' title='bbox 1385 4881 1696 4936; x_wconf 73' lang='grc' dir='ltr'>Μεδιόλανα</span> <span class='ocrx_word' id='word_1_654' title='bbox 1737 4882 1849 4953; x_wconf 74' lang='grc'><strong>(49)</strong></span> <span class='ocrx_word' id='word_1_655' title='bbox 1882 4885 1983 4954; x_wconf 86' lang='grc' dir='ltr'><strong>τὴν</strong></span> 
     </span>
    </p>
   </div>
   <div class='ocr_carea' id='block_1_89' title="bbox 392 4964 1982 5046">
    <p class='ocr_par' dir='ltr' id='par_1_89' title="bbox 392 4964 1982 5046">
     <span class='ocr_line' id='line_1_89' title="bbox 392 4964 1982 5046; baseline 0.006 -29"><span class='ocrx_word' id='word_1_656' title='bbox 392 4964 599 5018; x_wconf 70' lang='grc' dir='ltr'>ἑαυτοῦ</span> <span class='ocrx_word' id='word_1_657' title='bbox 632 4967 875 5036; x_wconf 86' lang='grc' dir='ltr'>πατρίδα</span> <span class='ocrx_word' id='word_1_658' title='bbox 907 4965 1207 5036; x_wconf 70' lang='grc' dir='ltr'>ἐξελαθεὶς,</span> <span class='ocrx_word' id='word_1_659' title='bbox 1240 4969 1429 5040; x_wconf 88' lang='grc' dir='ltr'>μαθὼν</span> <span class='ocrx_word' id='word_1_660' title='bbox 1450 4972 1550 5043; x_wconf 76' lang='grc' dir='ltr'>τὴν</span> <span class='ocrx_word' id='word_1_661' title='bbox 1596 4974 1853 5046; x_wconf 85' lang='grc' dir='ltr'>τελευτὴν</span> <span class='ocrx_word' id='word_1_662' title='bbox 1886 4973 1982 5027; x_wconf 81' lang='grc' dir='ltr'>τοῦ</span> 
     </span>
    </p>
   </div>
   <div class='ocr_carea' id='block_1_90' title="bbox 398 5058 1983 5138">
    <p class='ocr_par' dir='ltr' id='par_1_90' title="bbox 398 5058 1983 5138">
     <span class='ocr_line' id='line_1_90' title="bbox 398 5058 1983 5138; baseline 0.007 -27"><span class='ocrx_word' id='word_1_663' title='bbox 398 5058 762 5130; x_wconf 81' lang='grc' dir='ltr'>Περτίνακος,</span> <span class='ocrx_word' id='word_1_664' title='bbox 801 5061 1048 5124; x_wconf 84' lang='grc' dir='ltr'>σπεύσας</span> <span class='ocrx_word' id='word_1_665' title='bbox 1088 5064 1169 5126; x_wconf 89' lang='grc' dir='ltr'>εἰς</span> <span class='ocrx_word' id='word_1_666' title='bbox 1214 5065 1276 5116; x_wconf 82' lang='grc' dir='ltr'><strong>τὸ</strong></span> <span class='ocrx_word' id='word_1_667' title='bbox 1327 5066 1695 5136; x_wconf 84' lang='grc' dir='ltr'>στρατόπεδον</span> <span class='ocrx_word' id='word_1_668' title='bbox 1736 5068 1983 5138; x_wconf 78' lang='grc' dir='ltr'>παρεγέ-</span> 
     </span>
    </p>
   </div>
   <div class='ocr_carea' id='block_1_91' title="bbox 396 5152 1987 5227">
    <p class='ocr_par' dir='ltr' id='par_1_91' title="bbox 396 5152 1987 5227">
     <span class='ocr_line' id='line_1_91' title="bbox 396 5152 1987 5227; baseline 0.007 -25"><span class='ocrx_word' id='word_1_669' title='bbox 396 5167 542 5210; x_wconf 88' lang='grc' dir='ltr'>νετο,</span> <span class='ocrx_word' id='word_1_670' title='bbox 568 5154 662 5203; x_wconf 74' lang='grc' dir='ltr'><strong>καὶ</strong></span> <span class='ocrx_word' id='word_1_671' title='bbox 696 5152 832 5222; x_wconf 71' lang='grc' dir='ltr'>πρὸς</span> <span class='ocrx_word' id='word_1_672' title='bbox 865 5155 987 5216; x_wconf 87' lang='grc' dir='ltr'>ταῖς</span> <span class='ocrx_word' id='word_1_673' title='bbox 1012 5154 1208 5218; x_wconf 76' lang='grc' dir='ltr'>πύλαις</span> <span class='ocrx_word' id='word_1_674' title='bbox 1233 5154 1428 5221; x_wconf 79' lang='grc' dir='ltr'>ἑστὼς,</span> <span class='ocrx_word' id='word_1_675' title='bbox 1474 5158 1503 5209; x_wconf 91' lang='lat'><strong>6</strong></span> <span class='ocrx_word' id='word_1_676' title='bbox 1554 5159 1653 5227; x_wconf 84' lang='grc' dir='ltr'><strong>μὲν</strong></span> <span class='ocrx_word' id='word_1_677' title='bbox 1708 5159 1928 5223; x_wconf 78' lang='grc' dir='ltr'>ἔξωθεν.</span> <span class='ocrx_word' id='word_1_678' title='bbox 1958 5161 1987 5213; x_wconf 89' lang='lat'><strong>6</strong></span> 
     </span>
    </p>
   </div>
   <div class='ocr_carea' id='block_1_92' title="bbox 398 5242 1984 5322">
    <p class='ocr_par' dir='ltr' id='par_1_92' title="bbox 398 5242 1984 5322">
     <span class='ocr_line' id='line_1_92' title="bbox 398 5242 1984 5322; baseline 0.006 -25"><span class='ocrx_word' id='word_1_679' title='bbox 398 5242 458 5298; x_wconf 70' lang='grc' dir='ltr'>δὲ</span> <span class='ocrx_word' id='word_1_680' title='bbox 487 5244 813 5311; x_wconf 83' lang='grc' dir='ltr'>Σουλπίκιος</span> <span class='ocrx_word' id='word_1_681' title='bbox 846 5245 958 5318; x_wconf 83' lang='grc'>(50)</span> <span class='ocrx_word' id='word_1_682' title='bbox 1004 5247 1231 5313; x_wconf 66' lang='grc' dir='ltr'>ἔσωθεν,</span> <span class='ocrx_word' id='word_1_683' title='bbox 1266 5250 1368 5320; x_wconf 79' lang='grc' dir='ltr'>τὴν</span> <span class='ocrx_word' id='word_1_684' title='bbox 1428 5249 1676 5322; x_wconf 86' lang='grc' dir='ltr'>Ῥώμην,</span> <span class='ocrx_word' id='word_1_685' title='bbox 1734 5252 1832 5306; x_wconf 78' lang='grc' dir='ltr'>καὶ</span> <span class='ocrx_word' id='word_1_686' title='bbox 1882 5252 1984 5306; x_wconf 64' lang='grc' dir='ltr'><strong>τὴν</strong></span> 
     </span>
    </p>
   </div>
   <div class='ocr_carea' id='block_1_93' title="bbox 472 4325 1986 4407">
    <p class='ocr_par' dir='ltr' id='par_1_93' title="bbox 472 4325 1965 4407">
     <span class='ocr_line' id='line_1_93' title="bbox 472 4325 1965 4407; baseline 0.011 -29"><span class='ocrx_word' id='word_1_687' title='bbox 472 4327 548 4379; x_wconf 93' lang='lat' dir='ltr'><strong>Z&#39;.</strong></span> <span class='ocrx_word' id='word_1_688' title='bbox 575 4325 1001 4395; x_wconf 80' lang='grc' dir='ltr'>Διαγγελθείσης</span> <span class='ocrx_word' id='word_1_689' title='bbox 1020 4327 1077 4381; x_wconf 82' lang='grc' dir='ltr'>δὲ</span> <span class='ocrx_word' id='word_1_690' title='bbox 1098 4329 1200 4400; x_wconf 82' lang='grc' dir='ltr'>τῆς</span> <span class='ocrx_word' id='word_1_691' title='bbox 1230 4332 1450 4402; x_wconf 83' lang='grc' dir='ltr'>σφαγῆς</span> <span class='ocrx_word' id='word_1_692' title='bbox 1478 4332 1576 4387; x_wconf 79' lang='grc' dir='ltr'>τοῦ</span> <span class='ocrx_word' id='word_1_693' title='bbox 1609 4335 1965 4407; x_wconf 83' lang='grc' dir='ltr'>Περτίνακος,</span> 
     </span>
    </p>
   </div>
   <div class='ocr_carea' id='block_1_94' title="bbox 2087 4325 3654 4407">
    <p class='ocr_par' dir='ltr' id='par_1_94' title="bbox 2146 4332 3654 4405">
     <span class='ocr_line' id='line_1_94' title="bbox 2146 4332 3654 4405; baseline -0.007 -8"><span class='ocrx_word' id='word_1_694' title='bbox 2146 4340 2260 4398; x_wconf 81' lang='lat' dir='ltr'><strong>VII.</strong></span> <span class='ocrx_word' id='word_1_695' title='bbox 2298 4337 2558 4394; x_wconf 87' lang='lat' dir='ltr'><strong>Nuntiata</strong></span> <span class='ocrx_word' id='word_1_696' title='bbox 2607 4336 2914 4393; x_wconf 88' lang='lat' dir='ltr'><strong>Pertinacis</strong></span> <span class='ocrx_word' id='word_1_697' title='bbox 2948 4335 3131 4401; x_wconf 63' lang='lat' dir='ltr'><strong>estde,</strong></span> <span class='ocrx_word' id='word_1_698' title='bbox 3179 4333 3536 4405; x_wconf 88' lang='lat' dir='ltr'><strong>Sulpicianus</strong></span> <span class='ocrx_word' id='word_1_699' title='bbox 3582 4332 3654 4387; x_wconf 87' lang='lat' dir='ltr'><strong>ab</strong></span> 
     </span>
    </p>
   </div>
   <div class='ocr_carea' id='block_1_95' title="bbox 2077 4421 3656 4490">
    <p class='ocr_par' dir='ltr' id='par_1_95' title="bbox 2077 4421 3656 4490">
     <span class='ocr_line' id='line_1_95' title="bbox 2077 4421 3656 4490; baseline -0.006 -5"><span class='ocrx_word' id='word_1_700' title='bbox 2077 4430 2174 4485; x_wconf 92' lang='lat' dir='ltr'><strong>illo</strong></span> <span class='ocrx_word' id='word_1_701' title='bbox 2201 4431 2257 4485; x_wconf 91' lang='lat' dir='ltr'><strong>in</strong></span> <span class='ocrx_word' id='word_1_702' title='bbox 2297 4438 2501 4490; x_wconf 89' lang='lat' dir='ltr'><strong>castra,</strong></span> <span class='ocrx_word' id='word_1_703' title='bbox 2533 4427 2804 4482; x_wconf 86' lang='lat' dir='ltr'><strong>tumultus</strong></span> <span class='ocrx_word' id='word_1_704' title='bbox 2832 4424 3059 4481; x_wconf 86' lang='lat' dir='ltr'><strong>sedandi</strong></span> <span class='ocrx_word' id='word_1_705' title='bbox 3088 4438 3279 4489; x_wconf 87' lang='lat' dir='ltr'><strong>causa,</strong></span> <span class='ocrx_word' id='word_1_706' title='bbox 3312 4424 3536 4483; x_wconf 86' lang='lat' dir='ltr'><strong>missus.</strong></span> <span class='ocrx_word' id='word_1_707' title='bbox 3579 4421 3656 4476; x_wconf 90' lang='lat' dir='ltr'><strong>ibi</strong></span> 
     </span>
    </p>
   </div>
   <div class='ocr_carea' id='block_1_96' title="bbox 2077 4517 3656 4591">
    <p class='ocr_par' dir='ltr' id='par_1_96' title="bbox 2077 4517 3656 4591">
     <span class='ocr_line' id='line_1_96' title="bbox 2077 4517 3656 4591; baseline -0.006 -14"><span class='ocrx_word' id='word_1_708' title='bbox 2077 4522 2283 4577; x_wconf 87' lang='lat' dir='ltr'><strong>mansit</strong></span> <span class='ocrx_word' id='word_1_709' title='bbox 2310 4538 2327 4577; x_wconf 84' lang='lat'><strong>:</strong></span> <span class='ocrx_word' id='word_1_710' title='bbox 2352 4534 2688 4591; x_wconf 89' lang='lat' dir='ltr'><strong>operamque</strong></span> <span class='ocrx_word' id='word_1_711' title='bbox 2714 4518 2900 4581; x_wconf 89' lang='lat' dir='ltr'><strong>dedit,</strong></span> <span class='ocrx_word' id='word_1_712' title='bbox 2928 4527 2989 4571; x_wconf 91' lang='lat' dir='ltr'><strong>ut</strong></span> <span class='ocrx_word' id='word_1_713' title='bbox 3015 4517 3321 4587; x_wconf 90' lang='lat' dir='ltr'><strong>imperator</strong></span> <span class='ocrx_word' id='word_1_714' title='bbox 3346 4524 3656 4570; x_wconf 89' lang='lat' dir='ltr'><strong>crearetur.</strong></span> 
     </span>
    </p>
   </div>
   <div class='ocr_carea' id='block_1_97' title="bbox 2077 4605 3658 4678">
    <p class='ocr_par' dir='ltr' id='par_1_97' title="bbox 2077 4605 3658 4678">
     <span class='ocr_line' id='line_1_97' title="bbox 2077 4605 3658 4678; baseline -0.008 -8"><span class='ocrx_word' id='word_1_715' title='bbox 2077 4613 2293 4670; x_wconf 88' lang='lat' dir='ltr'><strong>Interea</strong></span> <span class='ocrx_word' id='word_1_716' title='bbox 2338 4612 2532 4667; x_wconf 89' lang='lat' dir='ltr'><strong>Didius</strong></span> <span class='ocrx_word' id='word_1_717' title='bbox 2559 4610 2836 4671; x_wconf 82' lang='lat' dir='ltr'><strong>Julianus,</strong></span> <span class='ocrx_word' id='word_1_718' title='bbox 2866 4609 3035 4664; x_wconf 87' lang='lat' dir='ltr'><strong>homo</strong></span> <span class='ocrx_word' id='word_1_719' title='bbox 3083 4605 3435 4678; x_wconf 81' lang='lat' dir='ltr'><strong>inexplebilis</strong></span> <span class='ocrx_word' id='word_1_720' title='bbox 3475 4605 3658 4660; x_wconf 82' lang='lat' dir='ltr'><strong>avari-</strong></span> 
     </span>
    </p>
   </div>
   <div class='ocr_carea' id='block_1_98' title="bbox 2079 4699 3657 4772">
    <p class='ocr_par' dir='ltr' id='par_1_98' title="bbox 2079 4699 3657 4772">
     <span class='ocr_line' id='line_1_98' title="bbox 2079 4699 3657 4772; baseline -0.006 -9"><span class='ocrx_word' id='word_1_721' title='bbox 2079 4709 2167 4763; x_wconf 71' lang='lat' dir='ltr'><strong>tiae</strong></span> <span class='ocrx_word' id='word_1_722' title='bbox 2189 4748 2201 4771; x_wconf 90' lang='lat'><strong>,</strong></span> <span class='ocrx_word' id='word_1_723' title='bbox 2232 4706 2392 4762; x_wconf 90' lang='lat' dir='ltr'><strong>novis</strong></span> <span class='ocrx_word' id='word_1_724' title='bbox 2425 4704 2593 4760; x_wconf 90' lang='lat' dir='ltr'><strong>rebus</strong></span> <span class='ocrx_word' id='word_1_725' title='bbox 2622 4701 2859 4759; x_wconf 85' lang='lat' dir='ltr'><strong>subinde</strong></span> <span class='ocrx_word' id='word_1_726' title='bbox 2884 4701 3138 4767; x_wconf 88' lang='lat' dir='ltr'><strong>studens,</strong></span> <span class='ocrx_word' id='word_1_727' title='bbox 3171 4717 3351 4772; x_wconf 85' lang='lat' dir='ltr'><strong>eaque</strong></span> <span class='ocrx_word' id='word_1_728' title='bbox 3382 4699 3452 4754; x_wconf 91' lang='lat' dir='ltr'><strong>de</strong></span> <span class='ocrx_word' id='word_1_729' title='bbox 3492 4714 3657 4754; x_wconf 85' lang='lat' dir='ltr'><strong>causa</strong></span> 
     </span>
    </p>
   </div>
   <div class='ocr_carea' id='block_1_99' title="bbox 2077 4789 3657 4865">
    <p class='ocr_par' dir='ltr' id='par_1_99' title="bbox 2077 4789 3657 4865">
     <span class='ocr_line' id='line_1_99' title="bbox 2077 4789 3657 4865; baseline -0.007 -13"><span class='ocrx_word' id='word_1_730' title='bbox 2077 4795 2447 4865; x_wconf 82' lang='lat' dir='ltr'><strong>Mediolanum</strong></span> <span class='ocrx_word' id='word_1_731' title='bbox 2499 4793 2554 4846; x_wconf 91' lang='lat' dir='ltr'><strong>in</strong></span> <span class='ocrx_word' id='word_1_732' title='bbox 2598 4792 2830 4863; x_wconf 87' lang='lat' dir='ltr'><strong>patriam</strong></span> <span class='ocrx_word' id='word_1_733' title='bbox 2882 4806 3039 4846; x_wconf 87' lang='lat' dir='ltr'><strong>suam</strong></span> <span class='ocrx_word' id='word_1_734' title='bbox 3083 4807 3115 4846; x_wconf 90' lang='lat' dir='ltr'><strong>a</strong></span> <span class='ocrx_word' id='word_1_735' title='bbox 3167 4790 3470 4845; x_wconf 85' lang='lat' dir='ltr'><strong>Commodo</strong></span> <span class='ocrx_word' id='word_1_736' title='bbox 3516 4789 3657 4844; x_wconf 88' lang='lat' dir='ltr'><strong>rele-</strong></span> 
     </span>
    </p>
   </div>
   <div class='ocr_carea' id='block_1_100' title="bbox 2075 4878 3657 4958">
    <p class='ocr_par' dir='ltr' id='par_1_100' title="bbox 2075 4878 3657 4958">
     <span class='ocr_line' id='line_1_100' title="bbox 2075 4878 3657 4958; baseline -0.005 -18"><span class='ocrx_word' id='word_1_737' title='bbox 2075 4895 2254 4958; x_wconf 80' lang='lat' dir='ltr'><strong>gatus,</strong></span> <span class='ocrx_word' id='word_1_738' title='bbox 2301 4884 2609 4939; x_wconf 90' lang='lat' dir='ltr'><strong>Pertinacis</strong></span> <span class='ocrx_word' id='word_1_739' title='bbox 2660 4882 2818 4937; x_wconf 90' lang='lat' dir='ltr'><strong>obitu</strong></span> <span class='ocrx_word' id='word_1_740' title='bbox 2895 4882 3158 4952; x_wconf 83' lang='lat' dir='ltr'><strong>cognito,</strong></span> <span class='ocrx_word' id='word_1_741' title='bbox 3218 4881 3548 4937; x_wconf 80' lang='lat' dir='ltr'><strong>festinanter</strong></span> <span class='ocrx_word' id='word_1_742' title='bbox 3602 4878 3657 4932; x_wconf 87' lang='lat' dir='ltr'><strong>in</strong></span> 
     </span>
    </p>
   </div>
   <div class='ocr_carea' id='block_1_101' title="bbox 2075 4971 3657 5043">
    <p class='ocr_par' dir='ltr' id='par_1_101' title="bbox 2075 4971 3657 5043">
     <span class='ocr_line' id='line_1_101' title="bbox 2075 4971 3657 5043; baseline -0.008 -10"><span class='ocrx_word' id='word_1_743' title='bbox 2075 4987 2255 5033; x_wconf 86' lang='lat' dir='ltr'><strong>castra</strong></span> <span class='ocrx_word' id='word_1_744' title='bbox 2287 4977 2458 5031; x_wconf 87' lang='lat' dir='ltr'><strong>venit.</strong></span> <span class='ocrx_word' id='word_1_745' title='bbox 2500 4975 2577 5029; x_wconf 89' lang='lat' dir='ltr'><strong>lbi</strong></span> <span class='ocrx_word' id='word_1_746' title='bbox 2609 4973 2678 5028; x_wconf 90' lang='lat' dir='ltr'><strong>ad</strong></span> <span class='ocrx_word' id='word_1_747' title='bbox 2711 4983 2950 5043; x_wconf 89' lang='lat' dir='ltr'><strong>portam,</strong></span> <span class='ocrx_word' id='word_1_748' title='bbox 2991 4973 3097 5028; x_wconf 90' lang='lat' dir='ltr'><strong>hoc</strong></span> <span class='ocrx_word' id='word_1_749' title='bbox 3121 4982 3299 5035; x_wconf 75' lang='lat' dir='ltr'><strong>extra,</strong></span> <span class='ocrx_word' id='word_1_750' title='bbox 3333 4971 3657 5040; x_wconf 80' lang='lat' dir='ltr'><strong>Sulpiciam)</strong></span> 
     </span>
    </p>
   </div>
   <div class='ocr_carea' id='block_1_102' title="bbox 2078 5062 3656 5135">
    <p class='ocr_par' dir='ltr' id='par_1_102' title="bbox 2078 5062 3656 5135">
     <span class='ocr_line' id='line_1_102' title="bbox 2078 5062 3656 5135; baseline -0.007 -12"><span class='ocrx_word' id='word_1_751' title='bbox 2078 5069 2221 5123; x_wconf 89' lang='lat' dir='ltr'><strong>intra</strong></span> <span class='ocrx_word' id='word_1_752' title='bbox 2275 5077 2499 5128; x_wconf 87' lang='lat' dir='ltr'><strong>stante.</strong></span> <span class='ocrx_word' id='word_1_753' title='bbox 2555 5065 2890 5135; x_wconf 89' lang='lat' dir='ltr'><strong>quibusdam</strong></span> <span class='ocrx_word' id='word_1_754' title='bbox 2955 5064 3186 5119; x_wconf 83' lang='lat' dir='ltr'><strong>Romam</strong></span> <span class='ocrx_word' id='word_1_755' title='bbox 3252 5074 3308 5118; x_wconf 87' lang='lat' dir='ltr'><strong>et</strong></span> <span class='ocrx_word' id='word_1_756' title='bbox 3364 5062 3656 5130; x_wconf 79' lang='lat' dir='ltr'><strong>imperium</strong></span> 
     </span>
    </p>
   </div>
   <div class='ocr_carea' id='block_1_103' title="bbox 2077 5153 3650 5225">
    <p class='ocr_par' dir='ltr' id='par_1_103' title="bbox 2077 5153 3650 5225">
     <span class='ocr_line' id='line_1_103' title="bbox 2077 5153 3650 5225; baseline -0.006 -11"><span class='ocrx_word' id='word_1_757' title='bbox 2077 5159 2374 5215; x_wconf 88' lang='lat' dir='ltr'><strong>emendum</strong></span> <span class='ocrx_word' id='word_1_758' title='bbox 2401 5174 2523 5213; x_wconf 88' lang='lat' dir='ltr'><strong>esse</strong></span> <span class='ocrx_word' id='word_1_759' title='bbox 2562 5157 2999 5221; x_wconf 72' lang='lat' dir='ltr'><strong>afﬁrmantibus,</strong></span> <span class='ocrx_word' id='word_1_760' title='bbox 3046 5164 3103 5210; x_wconf 85' lang='lat' dir='ltr'><strong>et</strong></span> <span class='ocrx_word' id='word_1_761' title='bbox 3148 5155 3367 5225; x_wconf 88' lang='lat' dir='ltr'><strong>utrique</strong></span> <span class='ocrx_word' id='word_1_762' title='bbox 3411 5153 3650 5208; x_wconf 82' lang='lat' dir='ltr'><strong>dicenti-</strong></span> 
     </span>
    </p>
   </div>
   <div class='ocr_carea' id='block_1_104' title="bbox 2083 5246 3652 5313">
    <p class='ocr_par' dir='ltr' id='par_1_104' title="bbox 2083 5246 3652 5313">
     <span class='ocr_line' id='line_1_104' title="bbox 2083 5246 3652 5313; baseline -0.004 -9"><span class='ocrx_word' id='word_1_763' title='bbox 2083 5249 2358 5305; x_wconf 73' lang='lat' dir='ltr'><strong>bustliic</strong></span> <span class='ocrx_word' id='word_1_764' title='bbox 2406 5257 2612 5303; x_wconf 82' lang='lat' dir='ltr'><strong>tantum</strong></span> <span class='ocrx_word' id='word_1_765' title='bbox 2669 5251 2789 5312; x_wconf 84' lang='lat' dir='ltr'><strong>dat,</strong></span> <span class='ocrx_word' id='word_1_766' title='bbox 2846 5246 2940 5301; x_wconf 79' lang='lat' dir='ltr'><strong>ille</strong></span> <span class='ocrx_word' id='word_1_767' title='bbox 2996 5255 3237 5311; x_wconf 82' lang='lat' dir='ltr'><strong>tantum;</strong></span> <span class='ocrx_word' id='word_1_768' title='bbox 3285 5252 3541 5313; x_wconf 83' lang='lat' dir='ltr'><strong>quantum</strong></span> <span class='ocrx_word' id='word_1_769' title='bbox 3596 5253 3652 5297; x_wconf 81' lang='grc' dir='ltr'><strong>ια</strong></span> 
     </span>
    </p>
   </div>
   <div class='ocr_carea' id='block_1_105' title="bbox 1610 5406 2499 5471">
    <p class='ocr_par' dir='ltr' id='par_1_105' title="bbox 1610 5406 2499 5471">
     <span class='ocr_line' id='line_1_105' title="bbox 1610 5406 2499 5471; baseline -0.003 -2"><span class='ocrx_word' id='word_1_770' title='bbox 1610 5408 1820 5471; x_wconf 63' lang='lat' dir='ltr'><strong>Variae</strong></span> <span class='ocrx_word' id='word_1_771' title='bbox 1880 5406 2183 5471; x_wconf 89' lang='lat' dir='ltr'><strong>lectiones</strong></span> <span class='ocrx_word' id='word_1_772' title='bbox 2213 5412 2276 5468; x_wconf 87' lang='lat' dir='ltr'><strong>et</strong></span> <span class='ocrx_word' id='word_1_773' title='bbox 2310 5413 2499 5468; x_wconf 65' lang='lat' dir='ltr'><strong>notae.</strong></span> 
     </span>
    </p>
   </div>
   <div class='ocr_carea' id='block_1_106' title="bbox 468 5547 1967 5613">
    <p class='ocr_par' dir='ltr' id='par_1_106' title="bbox 468 5547 1967 5613">
     <span class='ocr_line' id='line_1_106' title="bbox 468 5547 1967 5613; baseline 0.005 -12"><span class='ocrx_word' id='word_1_774' title='bbox 468 5548 580 5610; x_wconf 71' lang='lat' dir='ltr'><strong>L49)</strong></span> <span class='ocrx_word' id='word_1_775' title='bbox 626 5547 987 5605; x_wconf 74' lang='grc' dir='ltr'>Μεδιόλανα.</span> <span class='ocrx_word' id='word_1_776' title='bbox 1044 5550 1122 5604; x_wconf 89' lang='lat' dir='ltr'><strong>Ita</strong></span> <span class='ocrx_word' id='word_1_777' title='bbox 1175 5550 1314 5605; x_wconf 81' lang='lat' dir='ltr'><strong>infra</strong></span> <span class='ocrx_word' id='word_1_778' title='bbox 1347 5552 1514 5606; x_wconf 89' lang='lat' dir='ltr'><strong>semel</strong></span> <span class='ocrx_word' id='word_1_779' title='bbox 1565 5566 1627 5607; x_wconf 90' lang='lat' dir='ltr'><strong>ac</strong></span> <span class='ocrx_word' id='word_1_780' title='bbox 1659 5552 1880 5613; x_wconf 88' lang='lat' dir='ltr'><strong>iterum,</strong></span> <span class='ocrx_word' id='word_1_781' title='bbox 1911 5562 1967 5608; x_wconf 91' lang='lat' dir='ltr'><strong>ct</strong></span> 
     </span>
    </p>
   </div>
   <div class='ocr_carea' id='block_1_107' title="bbox 2079 5543 3650 5616">
    <p class='ocr_par' dir='ltr' id='par_1_107' title="bbox 2079 5543 3650 5616">
     <span class='ocr_line' id='line_1_107' title="bbox 2079 5543 3650 5616; baseline -0.004 -12"><span class='ocrx_word' id='word_1_782' title='bbox 2079 5554 2189 5604; x_wconf 81' lang='grc' dir='ltr'><strong>τῶν</strong></span> <span class='ocrx_word' id='word_1_783' title='bbox 2211 5552 2577 5605; x_wconf 81' lang='grc' dir='ltr'>Μεδιολάνων.</span> <span class='ocrx_word' id='word_1_784' title='bbox 2614 5549 2749 5605; x_wconf 85' lang='lat' dir='ltr'><strong>Vide</strong></span> <span class='ocrx_word' id='word_1_785' title='bbox 2791 5547 3055 5616; x_wconf 79' lang='lat' dir='ltr'><strong>Scaliger.</strong></span> <span class='ocrx_word' id='word_1_786' title='bbox 3110 5545 3178 5600; x_wconf 86' lang='lat' dir='ltr'><strong>ad</strong></span> <span class='ocrx_word' id='word_1_787' title='bbox 3237 5543 3559 5607; x_wconf 84' lang='lat' dir='ltr'><strong>Eusebium,</strong></span> <span class='ocrx_word' id='word_1_788' title='bbox 3597 5560 3650 5615; x_wconf 85' lang='lat' dir='ltr'><strong>p.</strong></span> 
     </span>
    </p>
   </div>
   <div class='ocr_carea' id='block_1_108' title="bbox 397 5615 2195 5692">
    <p class='ocr_par' dir='ltr' id='par_1_108' title="bbox 397 5615 2195 5692">
     <span class='ocr_line' id='line_1_108' title="bbox 397 5615 2195 5692; baseline 0.005 -24"><span class='ocrx_word' id='word_1_789' title='bbox 397 5615 633 5692; x_wconf 67' lang='lat' dir='ltr'><strong>§_yme_on</strong></span> <span class='ocrx_word' id='word_1_790' title='bbox 668 5619 966 5692; x_wconf 66' lang='lat' dir='ltr'><strong>Logotheta</strong></span> <span class='ocrx_word' id='word_1_791' title='bbox 998 5620 1053 5674; x_wconf 86' lang='lat' dir='ltr'><strong>in</strong></span> <span class='ocrx_word' id='word_1_792' title='bbox 1083 5622 1289 5674; x_wconf 84' lang='lat' dir='ltr'><strong>Chron.</strong></span> <span class='ocrx_word' id='word_1_793' title='bbox 1318 5637 1416 5692; x_wconf 87' lang='lat' dir='ltr'><strong>ms.</strong></span> <span class='ocrx_word' id='word_1_794' title='bbox 1447 5623 1545 5675; x_wconf 71' lang='lat' dir='ltr'><strong>D20</strong></span> <span class='ocrx_word' id='word_1_795' title='bbox 1571 5634 1627 5675; x_wconf 87' lang='lat' dir='ltr'><strong>et</strong></span> <span class='ocrx_word' id='word_1_796' title='bbox 1653 5622 1966 5692; x_wconf 80' lang='lat' dir='ltr'><strong>Xiphilinus</strong></span> <span class='ocrx_word' id='word_1_797' title='bbox 2066 5622 2195 5678; x_wconf 74' lang='grc'><strong>255.</strong></span> 
     </span>
    </p>
   </div>
   <div class='ocr_carea' id='block_1_109' title="bbox 395 5675 1965 5758">
    <p class='ocr_par' dir='ltr' id='par_1_109' title="bbox 395 5675 1965 5758">
     <span class='ocr_line' id='line_1_109' title="bbox 395 5675 1965 5758; baseline 0.004 -18"><span class='ocrx_word' id='word_1_798' title='bbox 395 5675 1122 5755; x_wconf 66' lang='grc' dir='ltr'>Μεδ.ὁ).ανον.”Μεάίοίαηιισ,</span> <span class='ocrx_word' id='word_1_799' title='bbox 1177 5692 1322 5758; x_wconf 84' lang='lat' dir='ltr'><strong>apud</strong></span> <span class='ocrx_word' id='word_1_800' title='bbox 1365 5691 1589 5744; x_wconf 74' lang='lat' dir='ltr'><strong>Marium</strong></span> <span class='ocrx_word' id='word_1_801' title='bbox 1625 5675 1965 5746; x_wconf 55' lang='lat' dir='ltr'><strong>Aventicen;</strong></span> 
     </span>
    </p>
   </div>
   <div class='ocr_carea' id='block_1_110' title="bbox 2136 5687 3648 5759">
    <p class='ocr_par' dir='ltr' id='par_1_110' title="bbox 2136 5687 3648 5759">
     <span class='ocr_line' id='line_1_110' title="bbox 2136 5687 3648 5759; baseline -0.001 -13"><span class='ocrx_word' id='word_1_802' title='bbox 2136 5691 2249 5759; x_wconf 82' lang='lat'><strong>(50)</strong></span> <span class='ocrx_word' id='word_1_803' title='bbox 2283 5690 2666 5753; x_wconf 70' lang='grc' dir='ltr'>Σουλπικιος.</span> <span class='ocrx_word' id='word_1_804' title='bbox 2700 5688 2779 5742; x_wconf 87' lang='lat' dir='ltr'><strong>Ita</strong></span> <span class='ocrx_word' id='word_1_805' title='bbox 2811 5695 2923 5740; x_wconf 89' lang='lat' dir='ltr'><strong>tres</strong></span> <span class='ocrx_word' id='word_1_806' title='bbox 2979 5702 3113 5743; x_wconf 86' lang='lat' dir='ltr'><strong>mss.</strong></span> <span class='ocrx_word' id='word_1_807' title='bbox 3164 5687 3257 5759; x_wconf 91' lang='lat' dir='ltr'><strong>qui</strong></span> <span class='ocrx_word' id='word_1_808' title='bbox 3287 5700 3435 5753; x_wconf 78' lang='lat' dir='ltr'><strong>mox,</strong></span> <span class='ocrx_word' id='word_1_809' title='bbox 3483 5694 3544 5741; x_wconf 86' lang='lat' dir='ltr'><strong>ut</strong></span> <span class='ocrx_word' id='word_1_810' title='bbox 3589 5697 3648 5744; x_wconf 86' lang='lat' dir='ltr'><strong>et</strong></span> 
     </span>
    </p>
   </div>
   <div class='ocr_carea' id='block_1_111' title="bbox 395 5758 3001 5830">
    <p class='ocr_par' dir='ltr' id='par_1_111' title="bbox 395 5758 3001 5830">
     <span class='ocr_line' id='line_1_111' title="bbox 395 5758 3001 5830; baseline -0.001 -17"><span class='ocrx_word' id='word_1_811' title='bbox 395 5772 532 5813; x_wconf 85' lang='lat' dir='ltr'><strong>sem.</strong></span> <span class='ocrx_word' id='word_1_812' title='bbox 569 5758 856 5814; x_wconf 88' lang='lat' dir='ltr'><strong>Balsamon</strong></span> <span class='ocrx_word' id='word_1_813' title='bbox 889 5760 958 5815; x_wconf 89' lang='lat' dir='ltr'><strong>ad</strong></span> <span class='ocrx_word' id='word_1_814' title='bbox 977 5775 1099 5818; x_wconf 90' lang='lat' dir='ltr'><strong>can.</strong></span> <span class='ocrx_word' id='word_1_815' title='bbox 1133 5762 1195 5816; x_wconf 80' lang='lat' dir='ltr'><strong>lii</strong></span> <span class='ocrx_word' id='word_1_816' title='bbox 1230 5762 1451 5817; x_wconf 74' lang='lat' dir='ltr'><strong>concilii</strong></span> <span class='ocrx_word' id='word_1_817' title='bbox 1500 5761 1760 5830; x_wconf 73' lang='lat' dir='ltr'><strong>Carthag.</strong></span> <span class='ocrx_word' id='word_1_818' title='bbox 1808 5762 1962 5828; x_wconf 73' lang='grc' dir='ltr'>παρὰ</span> <span class='ocrx_word' id='word_1_819' title='bbox 2065 5762 2245 5827; x_wconf 80' lang='lat' dir='ltr'><strong>Dioni,</strong></span> <span class='ocrx_word' id='word_1_820' title='bbox 2266 5760 2604 5830; x_wconf 78' lang='lat' dir='ltr'><strong>Sulpicianus</strong></span> <span class='ocrx_word' id='word_1_821' title='bbox 2625 5767 3001 5829; x_wconf 86' lang='lat' dir='ltr'><strong>nuncupatur.</strong></span> 
     </span>
    </p>
   </div>
  </div>
