4048 6396
453 295 595 362 1019

1708 298 2035 361 JOANNJS
2069 292 2400 359 ΖΟΝΑΒΑΞ

3563 296 3699 363 1020

454 404 669 459 addis?
718 404 971 460 Julianus
1033 412 1215 461 tamen
1264 420 1392 462 cum
1446 406 1675 462 multam
1735 408 2026 477 pecuniam

2136 408 2336 480 ταύτης
2366 408 2564 479 ἀρχὴν,
2599 406 2838 478 ὠνητέον
2863 409 2929 462 hc
2979 408 3089 464 τῶν
3140 407 3497 480 στρατιωτῶν
3554 409 3707 476 διαγ-

452 497 820 570 promisisset,
851 509 935 555 est
965 502 1244 570 praelatus.
1283 501 1605 557 timentibus
1631 502 1928 566 militibus,
1957 517 2029 557 ne

449 590 804 661 Sulpicianus
834 593 1141 649 Pertinacis
1174 594 1352 649 soceri
1403 610 1595 649 necem
1639 594 2021 649 ulcisceretur.

445 681 702 737 Julianus
741 698 873 737 vero
910 683 964 736 in
1000 695 1182 737 castra
1208 694 1482 753 receptus,
1512 695 1568 739 et
1601 683 1903 753 imperator
1940 698 2028 737 sa-

449 772 682 839 lutatus,
732 774 862 828 inde
892 775 959 829 ad
993 774 1171 829 forum
1198 787 1254 830 et
1286 776 1498 831 curiam
1530 777 1768 830 maximo
1813 774 2026 830 satelli-

451 875 565 921 tum
604 867 868 921 comitatu
904 867 1224 931 contendit,
1261 875 1321 921 ut
1369 883 1465 937 per
1507 867 1629 921 illos
1661 866 1877 922 senatui
1929 880 2028 935 po-

451 958 694 1026 puloque
739 957 987 1010 Romano
1039 967 1306 1012 terrorem
1356 961 1663 1023 incuteret,
1715 974 1778 1013 ac
1809 958 2027 1013 senatui

451 1048 593 1101 dixit
622 1065 635 1101 :
671 1047 818 1102 Vobis
858 1050 1096 1119 prinripe
1131 1066 1261 1118 opus
1306 1057 1381 1103 est
1407 1067 1425 1104 :
1454 1060 1503 1103 et
1549 1067 1641 1118 ego
1680 1066 1791 1120 pra:
1827 1051 2027 1104 cwteris

452 1140 691 1193 omnibus
716 1157 830 1192 sum
857 1142 1153 1210 principatu
1180 1142 1539 1212 dignissimus.
1568 1142 1829 1207 Quamvis
1859 1143 2028 1212 igitur

451 1240 508 1283 et
541 1231 613 1284 ob
647 1231 912 1285 orationis
954 1232 1331 1293 ἰιιετιιστιιιίειιιι.
1358 1242 1414 1286 et
1447 1233 1816 1289 circumdatos
1863 1236 2030 1289 curia:

454 1320 680 1384 milites,
736 1320 948 1375 invisus
1003 1330 1148 1375 esset
1195 1340 1212 1375 :
1255 1331 1434 1375 tamen
1477 1338 1543 1375 ex
1573 1331 1723 1375 metu
1758 1338 1788 1376 a
1833 1332 2027 1377 senatu

454 1413 622 1469 etiam
673 1412 907 1483 imperio
957 1411 1281 1467 conﬁrmato
1333 1412 1388 1467 in
1446 1414 1709 1483 palatium
1756 1416 2026 1470 ascendit.

451 1505 725 1559 Postridie
757 1514 1042 1559 senatores
1073 1520 1200 1559 eum
1233 1514 1633 1569 convenerunt,
1661 1520 1730 1560 ne
1759 1521 1920 1561 suum
1974 1507 2027 1559 in

453 1593 608 1649 illum
648 1595 835 1649 odium
876 1595 1434 1651 animadverteretur.
1471 1595 1581 1651 Sed
1627 1600 1864 1667 populus
1908 1598 2033 1652 uni-

2131 498 2435 566 γελλόντων
2462 500 2648 564 τινῶν,
2676 499 2773 552 καὶ
2810 498 3082 567 λεγόντων
3108 500 3365 568 ἑκατέρῳ
3406 499 3491 551 ὅτι
3525 499 3710 553 Τόσον

2130 589 2330 660 οὗτος,
2349 594 2445 647 καί
2476 595 2662 647 τόσον
2680 592 2914 658 ἐκεῖνος
2934 591 3166 656 δίδωσι,
3188 594 3245 647 τί
3258 589 3378 648 οὖν
3401 591 3485 647 σὺ
3519 606 3704 659 προσ·

2132 685 2297 749 τίθης
2319 699 2340 747 ;
2393 685 2543 753 ὅμως
2587 684 2800 737 πολλῶν
2840 684 3243 754 ὑπεσχημένων
3273 686 3391 747 τοῖς
3443 681 3705 749 στρατιώ-

2130 792 2252 838 ταις
2286 775 2439 844 παρὰ
2468 775 2563 828 τοῦ
2631 774 2946 837 Ἰουλιανοῦ,
3003 776 3215 827 ἐκεῖνον
3261 774 3706 845 προετιμήσαντο

2133 866 2269 934 (5|),
2307 865 2648 935 φοϐηθέντες
2678 865 2917 935 μάλιστα
2958 866 3050 918 τὶν
3074 865 3498 929 Σουλπικιανὸν,
3532 864 3604 925 ὡς
3627 880 3706 915 τι-

2135 957 2466 1025 μωρήσαντα
2502 954 2577 1024 τῷ
2606 955 2931 1022 Περτίνακι,
2956 948 3044 1006 οἷα
3087 953 3152 1022 δὴ
3195 954 3462 1022 κηδεστῇ.
3527 951 3708 1003 Εἰσδε-

2132 1048 2281 1116 χθεὶς
2306 1047 2362 1100 δὲ
2391 1048 2471 1110 εἰς
2501 1046 2560 1100 τὸ
2601 1046 2969 1114 στρατόπεδον
3035 1043 3349 1107 Ἰουλιανὸς,
3404 1045 3500 1096 καὶ
3554 1045 3707 1097 αὖτο-

2133 1137 2359 1209 κράτωρ
2418 1136 2787 1205 ἀποδειχθεὶς,
2850 1136 3065 1189 ἐκεῖθεν
3145 1134 3282 1205 πρὸς
3342 1137 3447 1207 τὴν
3510 1140 3707 1205 ἀγορὰν

2132 1229 2407 1300 ὲφοίτησε,
2430 1227 2525 1281 καὶ
2550 1228 2612 1281 τδ
2635 1227 3053 1298 βουλευτήριον,
3083 1227 3424 1298 δορυφόρους
3454 1229 3708 1299 παμπλη-

2132 1321 2245 1385 θείς
2273 1320 2639 1391 ἑπαγόμενος,
2663 1320 2751 1373 ῐνα
2774 1319 2843 1373 δι’
2870 1318 3095 1372 ἐκείνων
3131 1319 3227 1371 καὶ
3262 1318 3365 1389 τὴν
3421 1320 3707 1389 γερουσίαν

2135 1413 2343 1467 καὶτὸν
2374 1412 2548 1481 δῆμον
2581 1410 2881 1480 δεδίξηται.
2918 1410 3030 1463 Καὶ
3059 1405 3183 1462 εἷπε
3235 1410 3377 1481 πρὶς
3434 1409 3534 1478 τὴν
3581 1409 3706 1462 Bou-

2132 1502 2231 1574 ἰὴν
2267 1505 2347 1558 ὅτι
2379 1504 2487 1557 Καὶ
2515 1501 2684 1570 ὑμεῖς
2734 1500 3027 1571 ἄρχοντος
3074 1500 3310 1563 δέεσθε,
3369 1500 3469 1555 καὶ
3511 1500 3704 1565 αὐτὸς,

2131 1596 2184 1647 ει
2236 1594 2337 1647 καί
2389 1611 2479 1658 τις
2525 1592 2737 1658 ἄλλος,
2775 1592 3099 1657 ἀξιώτατός
3142 1592 3263 1659 ειμι
3310 1590 3708 1658 ἡγεμονεῦσσι

451 1703 647 1742 versus
697 1686 957 1744 maestitia
1009 1687 1157 1742 baud
1211 1687 1586 1752 dissimulata,
1640 1688 2028 1758 imperatorem

2136 1685 2321 1754 ὑμῶν.
2348 1685 2410 1737 Εἰ
2444 1683 2540 1737 οὖν
2581 1684 2676 1737 καὶ
2723 1685 2968 1753 ἐμισεῖτο
3004 1682 3095 1736 διὰ
3153 1680 3253 1752 τὴν
3309 1681 3700 1753 μεγαλαυχίαν,

448 1780 667 1835 curiam
726 1782 1152 1851 ingressurum,
1211 1781 1369 1851 quasi
1425 1796 1493 1836 ex
1549 1781 1858 1850 composito
1904 1796 2027 1835 cum

2138 1775 2233 1828 καὶ
2267 1773 2361 1827 διὰ
2394 1774 2519 1837 τοὺς
2552 1773 2614 1826 τὸ
2646 1771 3033 1843 βουλευτήριον
3058 1770 3530 1841 κυκλωσαμένους
3562 1769 3705 1822 ὁπλί-

457 1873 669 1941 magnis
698 1872 1034 1928 clamoribus
1065 1873 1395 1946 parricidam
1422 1882 1479 1928 et
1505 1882 1783 1941 raptorem
1811 1871 2029 1943 imperii

457 1963 775 2030 appellavit.
819 1963 920 2017 Illo
966 1978 1100 2017 vero
1135 1964 1272 2016 iram
1304 1962 1714 2027 dissimulante,
1763 1975 1815 2017 et
1865 1979 2031 2032 pecu-

458 2053 606 2105 niam
677 2053 1012 2122 pollicente,
1083 2052 1581 2124 indignatl.qnasi
1646 2053 2031 2123 largitionibus

453 2150 968 2209 corrumperentur,
1004 2141 1247 2197 universi
1277 2143 1661 2197 exclamarunt
1694 2164 1706 2195 :
1736 2142 1852 2197 Non
1877 2142 2031 2198 volu-

456 2247 603 2295 mus,
649 2248 752 2285 non
796 2234 1104 2304 accipimus.
1165 2232 1302 2289 Cum
1341 2233 1592 2289 Julianus
1641 2249 1738 2288 eos
1776 2234 1872 2304 qui
1927 2234 2029 2289 ista

453 2320 708 2377 dicerent
760 2324 938 2379 occidi
1002 2324 1297 2396 iussisset,
1351 2325 1587 2396 populus
1636 2325 1809 2395 magis
1861 2325 2028 2380 etiam

455 2415 808 2481 concitatus,
861 2416 1141 2471 mentione
1184 2416 1488 2472 Pertinacis
1537 2415 1677 2471 facta
1705 2456 1720 2480 ,
1748 2416 2028 2472 Julianum

451 2503 652 2559 derisit
685 2523 699 2560 :
732 2514 788 2560 et
836 2507 1091 2576 quamvis
1133 2507 1297 2562 multi
1329 2506 1533 2577 passim
1588 2523 1687 2578 per
1736 2507 1930 2562 urbem
1973 2515 2031 2562 et

456 2594 881 2651 vulnerarentur
929 2609 986 2652 et
1029 2597 1422 2652 occiderentur
1448 2637 1463 2662 ,
1491 2605 1671 2651 tamen
1714 2612 1823 2651 non
1868 2596 2035 2651 cede-

457 2684 589 2739 bant
619 2702 633 2738 :
667 2700 732 2741 ac
763 2688 996 2757 sumptis
1027 2688 1194 2743 armis
1234 2688 1289 2742 in
1321 2689 1533 2743 curiam
1557 2698 1876 2757 equestrem
1894 2703 2032 2744 con-

455 2794 623 2833 cursu
648 2779 811 2846 facto,
836 2789 1051 2836 noctem
1072 2788 1130 2835 et
1152 2781 1297 2836 diem
1323 2780 1399 2837 ibi
1424 2782 1543 2836 sine
1566 2781 1692 2837 cibo
1718 2780 2027 2837 durarunt:

460 2871 704 2939 reliquos
734 2874 940 2929 milites
976 2874 1358 2940 inclamantes,
1402 2874 1765 2929 Pcscennium
1801 2875 2030 2947 Nigrum

458 2963 516 3017 in
547 2963 774 3032 primis,
802 2976 858 3021 et
888 2965 1141 3037 Syriacas
1168 2967 1293 3036 ejus
1322 2967 1586 3039 legiones.
1630 2968 1841 3024 Deinde
1887 2967 2032 3024 fame

455 3059 515 3103 et
548 3051 751 3123 vigiliis
777 3053 1009 3125 fatigati,
1036 3055 1201 3127 604
1226 3056 1450 3111 domum
1479 3058 1713 3128 quisque
1761 3073 1820 3113 se
1872 3073 2029 3114 rece-

458 3152 683 3212 perunt.
711 3143 965 3200 Julianus
1003 3162 1134 3202 vero
1182 3156 1243 3203 ut
1285 3147 1576 3218 imperium
1605 3155 1904 3219 rapuerat,
1951 3149 2033 3205 sic

459 3235 802 3292 illiberaliter
829 3253 895 3293 eo
927 3255 1060 3294 usus
1086 3248 1191 3304 est,
1234 3241 1449 3296 senatui
1484 3249 1541 3296 et
1589 3241 1659 3295 iis
1689 3241 1784 3312 qui
1822 3241 2032 3311 aliquid

461 3334 717 3395 poterant
748 3328 1105 3393 assentando,
1140 3344 1205 3384 ac
1250 3331 1449 3398 partint
1498 3330 1779 3398 donando,
1828 3332 2031 3402 partim

460 3416 796 3486 pollicendo.
837 3419 1098 3485 Quamvis
1145 3431 1329 3476 autem
1379 3423 1515 3476 nibil
1565 3437 1674 3478 non
1713 3424 1781 3479 ad
1822 3424 2031 3479 cultum

460 3508 835 3575 potentiorum
864 3508 1091 3575 faceret,
1128 3521 1309 3567 tamen
1346 3515 1554 3569 nemini
1590 3514 1753 3570 (idem
1774 3514 2031 3572 faciebat.

461 3599 594 3664 Quae
627 3600 757 3654 dum
794 3598 981 3657 Roma:
1012 3614 1273 3675 aguntur,
1310 3614 1421 3662 tres
1459 3608 1803 3663 exercituum
1839 3608 2031 3678 duces,

458 3690 703 3747 Severus
736 3693 1055 3761 Pannoniae,
1094 3695 1260 3767 Niger
1302 3698 1494 3770 Syriae,
1537 3699 1772 3755 Albinus
1821 3699 2037 3756 Britan-

463 3784 592 3850 ni:e,
624 3786 859 3857 cognitis
888 3788 1089 3843 Juliani
1129 3790 1316 3856 rebus,
1346 3790 1413 3845 ad
1442 3806 1569 3847 eum
1606 3791 2033 3862 opprimendum

463 3889 858 3947 properarunt.
916 3880 1187 3937 Ca'terum
1230 3881 1471 3938 Severus
1501 3885 1718 3939 caeteris
1758 3880 2031 3951 callidior,

461 3981 589 4021 cum
639 3971 1003 4040 prosriiceret,
1061 3987 1258 4028 everso
1325 3973 1546 4029 Juliano
1615 3974 1860 4045 reliquos
1922 3984 2034 4032 tres

463 4056 686 4113 intersc
716 4060 782 4115 ,ιθ
812 4061 1124 4133 principatu
1154 4062 1517 4118 dimicaturos
1547 4079 1690 4128 esse,
1724 4081 1895 4120 unum
1924 4065 2033 4121 sibi

462 4150 871 4207 conciliandum
899 4168 1020 4210 esse
1054 4156 1267 4210 statuit.
1301 4154 1406 4211 Sed
1444 4156 1574 4226 quia
1620 4155 1783 4227 Niger
1818 4156 2035 4227 longius

463 4240 688 4307 aberat,
720 4245 975 4312 elatoque
1001 4246 1188 4302 animo
1225 4263 1348 4303 esse
1379 4247 1673 4304 videbatur
1694 4289 1709 4312 .
1744 4260 2033 4321 propterea

460 4334 613 4404 quod
648 4338 905 4408 populus,
945 4351 1005 4395 ut
1035 4339 1244 4395 dictum
1268 4348 1374 4405 est,
1399 4356 1527 4398 eum
1565 4342 1890 4396 nominatim
1927 4342 2034 4397 im-

464 4428 739 4496 plorasset

464 4520 710 4591 scripsit,
736 4537 796 4578 se
817 4538 943 4577 eum
973 4521 1246 4580 Caesarem
1271 4524 1545 4580 facturum
1576 4540 1718 4580 esse.
1747 4524 1828 4580 Eo
1852 4534 2037 4581 autem

466 4611 657 4670 Severi
683 4615 948 4687 collegam
982 4631 1043 4673 se
1073 4614 1193 4673 lore
1230 4626 1491 4687 sperante
1512 4656 1527 4682 ,
1576 4620 1883 4689 eodemque
1917 4618 2041 4675 loco

2135 1883 2258 1931 τας,
2287 1866 2425 1919 ἀλλὰ
2454 1864 2543 1918 διὰ
2565 1863 2627 1917 τὸ
2649 1864 2765 1927 δέος
2798 1865 2906 1916 κάκ
2965 1862 3064 1932 τῆς
3111 1862 3311 1934 βουλῆς
3360 1864 3463 1929 τὴν
3506 1864 3705 1932 αὐταρ-

2136 1959 2263 2028 χίαν
2292 1954 2688 2019 ἐϐεϐαιώσατο,
2723 1954 2820 2008 καὶ
2845 1953 3079 2023 ἀνῆλθεν
3104 1955 3183 2017 εἰς
3200 1955 3263 2007 τὸ
3298 1955 3591 2011 παλάτιον.
3630 1948 3703 2023 Τῇ

2134 2050 2182 2103 δ’
2206 2050 2497 2119 ὑστεραίᾳ,
2530 2048 2581 2101 oi
2602 2047 2703 2117 μὲν
2738 2046 2839 2116 τῆς
2863 2046 3059 2117 βουλῆς
3090 2046 3403 2118 προσῆλθον
3428 2045 3595 2115 αὐτῷ,
3626 2046 3704 2098 ἶνα

2139 2140 2216 2213 μὴ
2253 2139 2566 2211 φωραθεῖεν
2595 2138 2887 2209 ἀχθόμενοι
2916 2138 3003 2190 ἐπ’
3036 2136 3287 2207 αὐτῷ.⁹0
3316 2137 3375 2191 δὲ
3405 2139 3575 2207 δῆμος
3605 2154 3704 2203 φα·

2136 2233 2311 2304 νερῶς
2336 2230 2754 2301 ὲσκυθρώπαξε·
2787 2231 2881 2282 καὶ
2913 2231 2971 2293 ες
3008 2229 3069 2282 τὺ
3126 2229 3410 2301 συνέδριον
3469 2229 3704 2289 ἐλθόντος

2133 2326 2231 2381 τοῦ
2287 2326 2714 2396 αὐτοκράτορος,
2762 2322 3067 2392 ἐξέκραγον
3116 2321 3193 2385 ώς
3246 2324 3315 2377 ὲκ
3366 2321 3704 2391 συνθήματος

2136 2420 2401 2483 ἅπαντες,
2442 2415 2791 2487 πατροφόνον
2818 2416 2984 2469 αὐτὸν
3014 2413 3333 2481 καλοῦντες,
3364 2415 3462 2468 καὶ
3488 2414 3702 2484 ἅρπαγα

2135 2512 2237 2582 τῆς
2267 2511 2464 2582 ἀρχῆς.
2515 2509 2757 2563 Ἐκείνου
2783 2508 2841 2562 δὲ
2873 2508 2950 2578 μὴ
2986 2507 3347 2577 χαλεπαίνειν
3380 2522 3702 2579 προσποιου-

2139 2604 2327 2676 μένου,
2358 2603 2454 2656 καὶ
2474 2600 2737 2673 ἀργύριόν
2770 2616 2823 2654 τι
2859 2601 3046 2669 σφίσιν
3073 2599 3542 2670 ὑπισχνουμένου,
3574 2599 3702 2666 ἠγα-

2136 2694 2515 2767 νάκτησανώς
2562 2692 2951 2761 δεκαζόμενοι.
3003 2693 3100 2745 καὶ
3137 2691 3459 2763 ξύμπαντες
3496 2690 3704 2757 ἐξεϐόη-

2138 2806 2236 2842 σαν
2258 2804 2272 2819 ο
2308 2790 2391 2842 οὺ
2419 2786 2697 2855 θέλομεν,
2728 2788 2799 2840 οὑ
2833 2784 3241 2854 λαμϐάνομεν.
3292 2785 3352 2838 '0
3403 2783 3459 2837 δὲ
3493 2780 3699 2835 Ἰουλια-

2137 2881 2229 2944 νὸς
2260 2882 2390 2944 τοὺς
2422 2879 2600 2933 ταῦτα
2629 2878 2890 2947 λέγοντας
2923 2876 3183 2931 ἐκέλευσε
3229 2876 3566 2938 κτείνεσθαι,
3611 2870 3700 2925 καὶ

2135 2972 2164 3025 δ
2189 2971 2361 3041 δῆμος
2390 2970 2474 3024 ἔτι
2502 2969 2851 3041 παρώξυντο,
2893 2970 2986 3023 καὶ
3015 2968 3109 3022 τοῦ
3132 2985 3193 3021 τι
3219 2969 3557 3039 Περτίνακος
3578 2964 3698 3033 ἑμέ-

2142 3080 2363 3135 μνηντο.
2395 3063 2488 3116 καὶ
2519 3063 2576 3125 1;
2607 3061 2698 3115 τὸν
2741 3060 3031 3115 Ἰουλιανδν
3055 3060 3410 3115 ἀπέκωπτον.
3448 3059 3554 3112 Καὶ
3587 3054 3700 3108 πο).-

2137 3155 2225 3210 λοὶ
2250 3154 2523 3226 πολλαχοῦ
2556 3154 2657 3224 τῆς
2689 3152 2901 3217 πόλεως
2942 3153 3378 3223 τιτρωσκόμενοι
3421 3151 3514 3205 καὶ
3558 3162 3696 3202 κτει⁸

2141 3246 2360 3317 νόμενοι
2390 3246 2659 3315 ἀντεῖχον,
2702 3244 2800 3299 καὶ
2847 3243 2992 3298 ὅπλα
3037 3242 3320 3307 λαδόντες,
3381 3239 3701 3309 συνέδραμον

2140 3340 2220 3401 είς
2248 3337 2338 3391 τὸν
2372 3338 2734 3409 ἱππόδρομον,
2772 3335 2901 3389 ἔνθα
2928 3334 3102 3389 νύκτα
3130 3352 3191 3388 τε
3220 3334 3322 3389 καὶ
3353 3318 3564 3405 ἡμέραν
3589 3328 3699 3397 διή-

2138 3446 2311 3498 γαγον
2345 3428 2525 3484 ἄσιτοι
2556 3428 2923 3499 ὲπιδοώμενοι
2956 3428 3086 3488 τοὺς
3117 3426 3345 3489 λοιποὺς
3376 3420 3699 3497 στρατιώτας

2140 3523 2236 3575 καὶ
2269 3521 2470 3591 μᾶλλον
2502 3523 2596 3574 τὸν
2630 3521 2837 3590 Νίγρσν
2881 3520 2974 3574 τὸν
3030 3518 3387 3582 Πεσκέννιον,
3442 3515 3533 3569 καὶ
3580 3511 3699 3569 τοὺς

2143 3614 2265 3686 μετ’
2311 3614 2482 3669 αὐτοῦ
2510 3616 2570 3668 ὲν
2594 3616 2661 3685 τῇ
2702 3612 2876 3685 Συρία
2898 3612 3077 3675 ὄντας.
3112 3606 3247 3665 Εἶτα
3310 3610 3390 3682 τῷ
3435 3607 3576 3676 λίμῳ
3612 3600 3699 3656 καὶ

2138 3709 2206 3777 τῇ
2260 3705 2543 3776 ἀγρυπνίᾳ
2597 3704 2969 3769 κακωθέντες,
2999 3701 3328 3773 διελύθησαν
3372 3700 3464 3754 καὶ
3498 3694 3696 3768 ἡσύχα-

2141 3797 2252 3863 ζον.
2301 3796 2589 3861 Ἰουλιανὸς
2621 3797 2677 3850 δὲ
2717 3796 2892 3860 οὕτως
2925 3795 3027 3865 τὴν
3073 3794 3251 3867 ἀρχὴν
3269 3793 3549 3865 ἁρπάσας,
3582 3788 3700 3839 ἀνε-

2138 3888 2411 3959 λευθέρως
2444 3890 2582 3958 αὐτῇ
2617 3888 2840 3960 ἐχρῆτο,
2906 3886 3174 3940 θωπεύων
3223 3885 3326 3955 τὴν
3372 3881 3561 3955 βουλὴν
3610 3869 3697 3928 καὶ

2140 3982 2269 4046 τούς
2297 4000 2349 4036 τι
2372 3982 2736 4053 δυναμένους,
2769 3980 2951 4034 καὶτὰ
2979 3979 3079 4052 μὲν
3116 3978 3498 4049 χαριζόμενος,
3550 3968 3614 4025 τὰ
3653 3962 3697 4018 δ’

2140 4076 2639 4145 ἐπαγγελλόμενος.
2674 4074 2786 4127 Καὶ
2814 4074 2995 4127 πάντα
3056 4072 3151 4126 ἐπὶ
3210 4068 3483 4142 θεραπείᾳ
3534 4058 3696 4117 ἐποίει

2137 4167 2247 4221 τῶν
2282 4165 2547 4226 δυνατῶν,
2582 4165 2642 4219 οὐ
2674 4164 2858 4235 μέντοι
2878 4164 2976 4219 καὶ
3018 4164 3362 4216 ὲπιστεῦετο’
3404 4156 3575 4213 ταῦτα
3602 4150 3694 4221 μὲν

2137 4255 2231 4311 οὖν
2255 4256 2395 4311 κατὰ
2421 4259 2522 4328 τὴν
2556 4254 2775 4325 Ῥώμην
2804 4254 3125 4325 ἐπράττετο.
3155 4255 3217 4306 Οἱ
3249 4252 3304 4305 δὲ
3338 4251 3446 4304 τῶν
3477 4258 3692 4316 στρατο-

2141 4348 2317 4401 πέδων
2366 4348 2636 4418 ἡγεμόνες
2688 4348 2837 4417 τρεῖς
2893 4346 3069 4408 δντες,
3133 4346 3161 4399 ὅ
3217 4361 3275 4398 τε
3320 4344 3551 4412 Σευῆρος
3600 4332 3693 4400 τῆς

793 4448 809 4487 :
864 4428 934 4485 ad
991 4429 1253 4486 Albinum
1319 4431 1628 4499 inclinavit,
1676 4432 1839 4502 eique
1893 4433 2031 4488 clam

2144 4437 2441 4498 Παννονίας
2487 4436 2695 4507 ἄρχων,
2765 4436 2865 4504 τῆς
2917 4435 3119 4505 Συρίας
3161 4434 3207 4486 δ’
3265 4436 3293 4489 ὁ
3340 4433 3558 4501 Νίγρος,
3601 4422 3693 4489 τῆς

2138 4527 2476 4598 Βρεττανίας
2503 4527 2561 4582 δὲ
2590 4530 2619 4582 ὁ
2664 4527 2934 4591 Ἀλϐῖνος,
2966 4527 3047 4589 είς
3076 4525 3404 4597 καθαίρεσιν
3433 4520 3523 4575 τοῦ
3567 4517 3693 4570 Ἰου-

2137 4618 2326 4673 λιανοῦ
2366 4619 2435 4673 τὰ
2459 4619 2592 4689 περὶ
2616 4616 2784 4673 αὐτοῦ
2821 4618 3087 4689 μαθόντες
3129 4618 3441 4684 κεκίνηντο.
3465 4611 3580 4666 Τῶν
3607 4605 3693 4660 ἄλ-

466 4714 744 4773 manente,
777 4706 1007 4762 Romam
1039 4708 1345 4765 contendit.
1376 4708 1496 4776 Quo
1523 4712 1767 4780 cognito,
1791 4709 2031 4768 Julianus

2137 4711 2249 4767 λων
2279 4712 2337 4766 δὲ
2367 4713 2396 4765 ό
2430 4712 2675 4782 Σευῆρος
2702 4709 3006 4780 δεινότερος
3056 4706 3134 4763 ὣν
3171 4708 3451 4776 ἐλογίσατο
3494 4701 3584 4763 ὡς,
3643 4692 3691 4746 εί

468 4797 736 4854 Severum
795 4816 826 4854 a
872 4810 1065 4857 senatu
1113 4802 1325 4857 hostem
1370 4802 1732 4872 judicandum
1785 4803 2036 4870 curavit,

2142 4804 2234 4857 τὸν
2279 4803 2568 4857 Ἰουλιανδν
2597 4801 2991 4865 καταλύσουσι,
3028 4799 3215 4868 σφίσιν
3241 4801 3423 4861 αὐτοῖς
3450 4797 3497 4849 οἱ
3553 4787 3688 4858 τρεῖς

470 4906 641 4960 seque
692 4892 757 4946 ad
808 4892 1009 4947 bellum
1065 4893 1326 4963 paravit,
1371 4893 1572 4962 palatio
1628 4894 1947 4949 carceribus
1987 4903 2031 4949 el

2140 4898 2632 4969 ἀμφισϐητήσουσι
2657 4897 2789 4967 περὶ
2820 4897 2921 4965 τῆς
2946 4895 3146 4966 ἀρχῆς.
3191 4894 3376 4960 Ἔγνω
3406 4878 3687 4969 τοίνυν

470 4984 713 5039 robustis
740 4985 913 5056 portis
955 4985 1191 5040 munito.
1237 4985 1374 5040 Nam
1403 4987 1532 5054 quia
1566 4987 1795 5055 putabat
1826 4976 2031 5043 'ntilitet

2140 4965 2249 5043 ἕνα
2275 4965 2837 5057 προσοικειώσασθαι.
2862 4965 2996 5041 Ὀτι
3025 4985 3084 5038 δὲ
3124 4983 3457 5057 πορρωτέρω
3486 4967 3641 5029 αὐτοῦ
3660 4965 3687 5016 ὃ

471 5075 817 5134 Pcrtinaccm
845 5094 953 5133 non
1001 5077 1163 5134 facile
1190 5078 1480 5133 occisuros
1522 5077 1724 5144 fuisse,
1763 5078 1811 5133 si
1848 5093 1908 5133 se
1956 5079 2043 5133 in-

2145 5079 2351 5148 Νίγρος
2380 5077 2682 5148 ἐτύγχανεν
2711 5074 2789 5128 ὢν
2826 5075 2923 5130 καὶ
2961 5073 3103 5146 μέγα
3129 5075 3346 5144 φρονεῖν
3373 5064 3528 5124 αὐτὸν
3547 5057 3682 5111 είκα-

1628 5235 1828 5296 Variaa
1870 5232 2178 5295 lectiones
2220 5240 2281 5295 et
2320 5240 2513 5295 notua.

544 5359 655 5445 £51.)
688 5360 886 5445 ὀμφς
920 5355 1172 5445 τριπλῆν
1211 5356 1656 5445 smmi“???
1688 5358 1815 5423 τοῖς
1862 5372 2046 5445 στρε-

473 5424 707 5494 adnota;
736 5424 897 5495 παρὰ
924 5427 1033 5481 τοῦ
1087 5424 1429 5482 Ἰουλιανσύ
1467 5427 1618 5480 ἐκεῖιν
1631 5445 1704 5481 ον
1732 5424 2048 5495 προετιμή-

2145 5354 2416 5436 eumdem
2426 5355 2739 5436 praelatum,
2770 5353 2928 5436 quod.
2944 5360 3001 5406 et
3053 5352 3256 5436 diserte
3285 5354 3361 5436 ait
3386 5346 3679 5436 Diones“?

2142 5441 2210 5504 eo
2231 5418 2570 5504 Xipbili’nus.
2597 5440 2626 5477 a
2657 5439 2769 5504 quo
2788 5418 2891 5504 sua
2916 5421 3101 5504 hausit
3128 5421 3408 5504 Zonaras:

473 5476 699 5552 ξίιῖὖῖάῖ
728 5476 1049 5567 ριἶεῖίνείὶῖει
1079 5476 1160 5552 sic
1176 5476 2045 5567 'éi'ﬁ'r'egit'tii’tér'aréé’fﬂiié—
2144 5476 2691 5567 bit_'{.i'ii5é'a[d;tér_ii
2722 5493 3020 5567 auctione,
3063 5492 3316 5567 ducentis
3351 5490 3418 5567 _in
3450 5476 3674 5567 singulas

475 5584 610 5638 nus.
629 5568 868 5638 quamvis
891 5566 954 5638 ab
979 5568 1146 5620 altera
1180 5583 1374 5637 magna
1407 5568 1626 5638 pecunia
1648 5566 1939 5638 promissa,
1964 5577 2042 5638 est

477 5636 753 5701 prtclatus.
781 5635 894 5689 lmo
928 5637 1122 5689 horum
1154 5635 1352 5690 sensus
1407 5646 1511 5696 est.
1554 5635 1776 5692 uti'edi
1819 5637 2042 5692 curavi-

482 5720 625 5761 mus.
660 5704 830 5758 multa
863 5706 1095 5765 pecunia
1121 5706 1391 5783 aJuliano
1424 5707 1692 5764 militibus
1748 5708 2039 5772 promissa,

2141 5531 2345 5619 milites
2368 5531 2620 5617 alios";
2639 5561 2957 5626 Sulpiciano
2987 5531 3295 5629 promissis,
3316 5559 3511 5616 alteros
3530 5531 3675 5618 quin-

2140 5634 2402 5706 quaginta
2430 5633 2699 5704 adjccissc
2727 5632 3031 5687 lulianum.
