  <div class='ocr_page' id='page_1' title='image "/cluster/home/n/w/nwhite01/storage/ocr_20150623/134:no.1/coo.31924054870393/520.png"; bbox 0 0 4048 6400; ppageno 0'>
   <div class='ocr_carea' id='block_1_1' title="bbox 269 305 400 372">
    <p class='ocr_par' dir='ltr' id='par_1_1' title="bbox 269 305 400 372">
     <span class='ocr_line' id='line_1_1' title="bbox 269 305 400 372; baseline 0.023 -3"><span class='ocrx_word' id='word_1_1' title='bbox 269 305 400 372; x_wconf 74' lang='grc'>1021</span> 
     </span>
    </p>
   </div>
   <div class='ocr_carea' id='block_1_2' title="bbox 1497 315 2288 382">
    <p class='ocr_par' dir='ltr' id='par_1_2' title="bbox 1497 315 2288 382">
     <span class='ocr_line' id='line_1_2' title="bbox 1497 315 2288 382; baseline 0.01 -8"><span class='ocrx_word' id='word_1_2' title='bbox 1497 315 1908 378; x_wconf 82' lang='lat' dir='ltr'>ANNALIUM</span> <span class='ocrx_word' id='word_1_3' title='bbox 1952 317 2101 377; x_wconf 85' lang='lat' dir='ltr'>LIB.</span> <span class='ocrx_word' id='word_1_4' title='bbox 2144 315 2288 382; x_wconf 83' lang='lat' dir='ltr'><strong>XII.</strong></span> 
     </span>
    </p>
   </div>
   <div class='ocr_carea' id='block_1_3' title="bbox 3395 314 3536 379">
    <p class='ocr_par' dir='ltr' id='par_1_3' title="bbox 3395 314 3536 379">
     <span class='ocr_line' id='line_1_3' title="bbox 3395 314 3536 379; baseline -0.021 0"><span class='ocrx_word' id='word_1_5' title='bbox 3395 314 3536 379; x_wconf 68' lang='lat'>102?.</span> 
     </span>
    </p>
   </div>
   <div class='ocr_carea' id='block_1_4' title="bbox 268 425 1855 502">
    <p class='ocr_par' dir='ltr' id='par_1_4' title="bbox 268 425 1844 502">
     <span class='ocr_line' id='line_1_4' title="bbox 268 425 1844 502; baseline 0.004 -26"><span class='ocrx_word' id='word_1_6' title='bbox 268 425 364 489; x_wconf 85' lang='grc' dir='ltr'>ζεν</span> <span class='ocrx_word' id='word_1_7' title='bbox 400 425 838 498; x_wconf 79' lang='grc' dir='ltr'>ἐπικεκλημένον</span> <span class='ocrx_word' id='word_1_8' title='bbox 870 429 974 484; x_wconf 73' lang='grc' dir='ltr'>ὑπὸ</span> <span class='ocrx_word' id='word_1_9' title='bbox 1001 430 1094 485; x_wconf 78' lang='grc' dir='ltr'>τοῦ</span> <span class='ocrx_word' id='word_1_10' title='bbox 1122 433 1320 501; x_wconf 72' lang='grc' dir='ltr'>δήμου,</span> <span class='ocrx_word' id='word_1_11' title='bbox 1355 432 1430 494; x_wconf 88' lang='grc' dir='ltr'>ώς</span> <span class='ocrx_word' id='word_1_12' title='bbox 1461 431 1681 501; x_wconf 77' lang='grc' dir='ltr'>εἴρηται</span> <span class='ocrx_word' id='word_1_13' title='bbox 1705 433 1844 502; x_wconf 72' lang='grc' dir='ltr'>πρὸς</span> 
     </span>
    </p>
   </div>
   <div class='ocr_carea' id='block_1_5' title="bbox 1962 425 3535 502">
    <p class='ocr_par' dir='ltr' id='par_1_5' title="bbox 1962 431 3535 497">
     <span class='ocr_line' id='line_1_5' title="bbox 1962 431 3535 497; baseline 0.002 -12"><span class='ocrx_word' id='word_1_14' title='bbox 1962 431 2216 486; x_wconf 91' lang='lat' dir='ltr'><strong>elusisset</strong></span> <span class='ocrx_word' id='word_1_15' title='bbox 2257 449 2272 487; x_wconf 92' lang='lat'><strong>:</strong></span> <span class='ocrx_word' id='word_1_16' title='bbox 2313 447 2372 487; x_wconf 89' lang='lat' dir='ltr'>se</span> <span class='ocrx_word' id='word_1_17' title='bbox 2420 431 2752 487; x_wconf 92' lang='lat' dir='ltr'><strong>incolumem</strong></span> <span class='ocrx_word' id='word_1_18' title='bbox 2802 445 3101 487; x_wconf 87' lang='lat' dir='ltr'><strong>evasurum</strong></span> <span class='ocrx_word' id='word_1_19' title='bbox 3156 431 3436 497; x_wconf 78' lang='lat' dir='ltr'>credebat,</span> <span class='ocrx_word' id='word_1_20' title='bbox 3488 434 3535 488; x_wconf 87' lang='lat' dir='ltr'>si</span> 
     </span>
    </p>
   </div>
   <div class='ocr_carea' id='block_1_6' title="bbox 263 515 1848 595">
    <p class='ocr_par' dir='ltr' id='par_1_6' title="bbox 263 515 1848 595">
     <span class='ocr_line' id='line_1_6' title="bbox 263 515 1848 595; baseline 0.003 -27"><span class='ocrx_word' id='word_1_21' title='bbox 263 515 358 570; x_wconf 79' lang='grc' dir='ltr'>τὸν</span> <span class='ocrx_word' id='word_1_22' title='bbox 394 517 644 570; x_wconf 75' lang='grc' dir='ltr'>’Λλὸῖνον</span> <span class='ocrx_word' id='word_1_23' title='bbox 691 521 984 588; x_wconf 85' lang='grc' dir='ltr'>ἀπένευσε,</span> <span class='ocrx_word' id='word_1_24' title='bbox 1035 525 1135 578; x_wconf 75' lang='grc' dir='ltr'>καὶ</span> <span class='ocrx_word' id='word_1_25' title='bbox 1177 523 1246 576; x_wconf 75' lang='grc' dir='ltr'>δι’</span> <span class='ocrx_word' id='word_1_26' title='bbox 1308 526 1648 595; x_wconf 71' lang='grc' dir='ltr'>ἀπορρήτων</span> <span class='ocrx_word' id='word_1_27' title='bbox 1699 523 1848 590; x_wconf 80' lang='grc' dir='ltr'>αὑτῴ</span> 
     </span>
    </p>
   </div>
   <div class='ocr_carea' id='block_1_7' title="bbox 263 599 1852 682">
    <p class='ocr_par' dir='ltr' id='par_1_7' title="bbox 263 599 1852 682">
     <span class='ocr_line' id='line_1_7' title="bbox 263 599 1852 682; baseline 0.006 -27"><span class='ocrx_word' id='word_1_28' title='bbox 263 602 474 671; x_wconf 68' lang='grc' dir='ltr'>ἔγραψε</span> <span class='ocrx_word' id='word_1_29' title='bbox 503 599 764 677; x_wconf 85' lang='grc' dir='ltr'>Καίσαρα</span> <span class='ocrx_word' id='word_1_30' title='bbox 795 611 1044 679; x_wconf 75' lang='grc' dir='ltr'>ποιήσειν</span> <span class='ocrx_word' id='word_1_31' title='bbox 1082 612 1266 666; x_wconf 83' lang='grc' dir='ltr'>αὐτόν.</span> <span class='ocrx_word' id='word_1_32' title='bbox 1299 614 1406 665; x_wconf 77' lang='grc' dir='ltr'>Καὶ</span> <span class='ocrx_word' id='word_1_33' title='bbox 1438 613 1496 675; x_wconf 83' lang='grc' dir='ltr'>ὃς</span> <span class='ocrx_word' id='word_1_34' title='bbox 1549 613 1693 666; x_wconf 82' lang='grc' dir='ltr'>κατὰ</span> <span class='ocrx_word' id='word_1_35' title='bbox 1742 613 1852 682; x_wconf 85' lang='grc' dir='ltr'>χώ-</span> 
     </span>
    </p>
   </div>
   <div class='ocr_carea' id='block_1_8' title="bbox 266 694 1849 775">
    <p class='ocr_par' dir='ltr' id='par_1_8' title="bbox 266 694 1849 775">
     <span class='ocr_line' id='line_1_8' title="bbox 266 694 1849 775; baseline 0.005 -27"><span class='ocrx_word' id='word_1_36' title='bbox 266 711 369 765; x_wconf 86' lang='grc' dir='ltr'>ραν</span> <span class='ocrx_word' id='word_1_37' title='bbox 426 694 666 765; x_wconf 79' lang='grc' dir='ltr'>ἔμεινεν,</span> <span class='ocrx_word' id='word_1_38' title='bbox 697 699 773 763; x_wconf 90' lang='grc' dir='ltr'>ώς</span> <span class='ocrx_word' id='word_1_39' title='bbox 803 704 1129 773; x_wconf 83' lang='grc' dir='ltr'>κοινωνήσει</span> <span class='ocrx_word' id='word_1_40' title='bbox 1161 700 1262 774; x_wconf 82' lang='grc' dir='ltr'>τῆς</span> <span class='ocrx_word' id='word_1_41' title='bbox 1306 705 1481 774; x_wconf 85' lang='grc' dir='ltr'>ἀρχῆς</span> <span class='ocrx_word' id='word_1_42' title='bbox 1514 704 1591 775; x_wconf 84' lang='grc' dir='ltr'>τῷ</span> <span class='ocrx_word' id='word_1_43' title='bbox 1623 706 1849 775; x_wconf 81' lang='grc' dir='ltr'>Σευὴρῳ</span> 
     </span>
    </p>
   </div>
   <div class='ocr_carea' id='block_1_9' title="bbox 262 787 1851 867">
    <p class='ocr_par' dir='ltr' id='par_1_9' title="bbox 262 787 1851 867">
     <span class='ocr_line' id='line_1_9' title="bbox 262 787 1851 867; baseline 0.008 -30"><span class='ocrx_word' id='word_1_44' title='bbox 262 787 651 859; x_wconf 69' lang='grc' dir='ltr'>τεθαρρηκώς.</span> <span class='ocrx_word' id='word_1_45' title='bbox 687 791 746 845; x_wconf 76' lang='grc' dir='ltr'><strong>Ὀ</strong></span> <span class='ocrx_word' id='word_1_46' title='bbox 784 792 840 845; x_wconf 81' lang='grc' dir='ltr'>δὲ</span> <span class='ocrx_word' id='word_1_47' title='bbox 873 795 1118 865; x_wconf 89' lang='grc' dir='ltr'>Σευῆρος</span> <span class='ocrx_word' id='word_1_48' title='bbox 1145 797 1238 848; x_wconf 76' lang='grc' dir='ltr'>ἐπὶ</span> <span class='ocrx_word' id='word_1_49' title='bbox 1285 796 1387 865; x_wconf 77' lang='grc' dir='ltr'>τὴν</span> <span class='ocrx_word' id='word_1_50' title='bbox 1433 797 1653 867; x_wconf 86' lang='grc' dir='ltr'>Ῥώμην</span> <span class='ocrx_word' id='word_1_51' title='bbox 1685 799 1851 867; x_wconf 82' lang='grc' dir='ltr'>ἠπεί-</span> 
     </span>
    </p>
   </div>
   <div class='ocr_carea' id='block_1_10' title="bbox 235 880 1848 960">
    <p class='ocr_par' dir='ltr' id='par_1_10' title="bbox 235 880 1848 960">
     <span class='ocr_line' id='line_1_10' title="bbox 235 880 1848 960; baseline 0.009 -32"><span class='ocrx_word' id='word_1_52' title='bbox 235 888 417 943; x_wconf 72' lang='grc' dir='ltr'>γετο,</span> <span class='ocrx_word' id='word_1_53' title='bbox 452 881 548 932; x_wconf 77' lang='grc' dir='ltr'>καὶ</span> <span class='ocrx_word' id='word_1_54' title='bbox 581 880 610 931; x_wconf 84' lang='grc' dir='ltr'><strong>ὁ</strong></span> <span class='ocrx_word' id='word_1_55' title='bbox 647 881 940 946; x_wconf 83' lang='grc' dir='ltr'>Ἰουλιανὸς</span> <span class='ocrx_word' id='word_1_56' title='bbox 995 885 1173 939; x_wconf 84' lang='grc' dir='ltr'>ταῦτα</span> <span class='ocrx_word' id='word_1_57' title='bbox 1233 887 1423 956; x_wconf 85' lang='grc' dir='ltr'>μαθὼν</span> <span class='ocrx_word' id='word_1_58' title='bbox 1472 888 1733 960; x_wconf 83' lang='grc' dir='ltr'>πολέμιόν</span> <span class='ocrx_word' id='word_1_59' title='bbox 1789 907 1848 943; x_wconf 89' lang='grc' dir='ltr'>τε</span> 
     </span>
    </p>
   </div>
   <div class='ocr_carea' id='block_1_11' title="bbox 264 967 1848 1047">
    <p class='ocr_par' dir='ltr' id='par_1_11' title="bbox 264 967 1848 1047">
     <span class='ocr_line' id='line_1_11' title="bbox 264 967 1848 1047; baseline 0.006 -28"><span class='ocrx_word' id='word_1_60' title='bbox 264 967 615 1036; x_wconf 74' lang='grc' dir='ltr'>ψηφίσασθαι</span> <span class='ocrx_word' id='word_1_61' title='bbox 648 971 742 1024; x_wconf 80' lang='grc' dir='ltr'>τὸν</span> <span class='ocrx_word' id='word_1_62' title='bbox 774 973 1013 1044; x_wconf 76' lang='grc' dir='ltr'>Σευῆρον</span> <span class='ocrx_word' id='word_1_63' title='bbox 1050 974 1148 1045; x_wconf 81' lang='grc' dir='ltr'>τὴν</span> <span class='ocrx_word' id='word_1_64' title='bbox 1179 976 1377 1047; x_wconf 79' lang='grc' dir='ltr'>βουλὴν</span> <span class='ocrx_word' id='word_1_65' title='bbox 1437 977 1848 1045; x_wconf 84' lang='grc' dir='ltr'>παρεσκεύασε,</span> 
     </span>
    </p>
   </div>
   <div class='ocr_carea' id='block_1_12' title="bbox 265 1060 1850 1139">
    <p class='ocr_par' dir='ltr' id='par_1_12' title="bbox 265 1060 1850 1139">
     <span class='ocr_line' id='line_1_12' title="bbox 265 1060 1850 1139; baseline 0.008 -28"><span class='ocrx_word' id='word_1_66' title='bbox 265 1060 362 1112; x_wconf 79' lang='grc' dir='ltr'>καὶ</span> <span class='ocrx_word' id='word_1_67' title='bbox 393 1061 531 1132; x_wconf 78' lang='grc' dir='ltr'>πρὸς</span> <span class='ocrx_word' id='word_1_68' title='bbox 565 1063 804 1134; x_wconf 86' lang='grc' dir='ltr'>πόλεμον</span> <span class='ocrx_word' id='word_1_69' title='bbox 835 1066 1187 1137; x_wconf 82' lang='grc' dir='ltr'>ἡτοιμάζετο,</span> <span class='ocrx_word' id='word_1_70' title='bbox 1221 1069 1398 1122; x_wconf 78' lang='grc' dir='ltr'>καὶτὸ</span> <span class='ocrx_word' id='word_1_71' title='bbox 1430 1071 1694 1124; x_wconf 88' lang='grc' dir='ltr'>παλάτιον</span> <span class='ocrx_word' id='word_1_72' title='bbox 1724 1087 1850 1139; x_wconf 90' lang='grc' dir='ltr'>κιγ-</span> 
     </span>
    </p>
   </div>
   <div class='ocr_carea' id='block_1_13' title="bbox 273 1151 1849 1231">
    <p class='ocr_par' dir='ltr' id='par_1_13' title="bbox 273 1151 1849 1231">
     <span class='ocr_line' id='line_1_13' title="bbox 273 1151 1849 1231; baseline 0.008 -29"><span class='ocrx_word' id='word_1_73' title='bbox 273 1151 424 1203; x_wconf 80' lang='grc' dir='ltr'>κλίσι</span> <span class='ocrx_word' id='word_1_74' title='bbox 479 1154 573 1206; x_wconf 71' lang='grc' dir='ltr'>καὶ</span> <span class='ocrx_word' id='word_1_75' title='bbox 633 1155 831 1223; x_wconf 87' lang='grc' dir='ltr'>θύραις</span> <span class='ocrx_word' id='word_1_76' title='bbox 882 1158 1134 1228; x_wconf 73' lang='grc' dir='ltr'>ἰσχυραῖς</span> <span class='ocrx_word' id='word_1_77' title='bbox 1181 1159 1542 1228; x_wconf 74' lang='grc' dir='ltr'>ἐκρατύνατοο</span> <span class='ocrx_word' id='word_1_78' title='bbox 1591 1162 1673 1214; x_wconf 77' lang='grc' dir='ltr'>ὅτι</span> <span class='ocrx_word' id='word_1_79' title='bbox 1740 1163 1849 1231; x_wconf 75' lang='grc' dir='ltr'>γὰρ</span> 
     </span>
    </p>
   </div>
   <div class='ocr_carea' id='block_1_14' title="bbox 264 1242 1850 1323">
    <p class='ocr_par' dir='ltr' id='par_1_14' title="bbox 264 1242 1850 1323">
     <span class='ocr_line' id='line_1_14' title="bbox 264 1242 1850 1323; baseline 0.006 -28"><span class='ocrx_word' id='word_1_80' title='bbox 264 1242 484 1310; x_wconf 77' lang='grc' dir='ltr'>ἐνόμιζε</span> <span class='ocrx_word' id='word_1_81' title='bbox 521 1245 595 1319; x_wconf 82' lang='grc' dir='ltr'>μὴ</span> <span class='ocrx_word' id='word_1_82' title='bbox 626 1249 693 1302; x_wconf 76' lang='grc' dir='ltr'>ἄν</span> <span class='ocrx_word' id='word_1_83' title='bbox 724 1265 856 1302; x_wconf 89' lang='grc' dir='ltr'>ποτε</span> <span class='ocrx_word' id='word_1_84' title='bbox 887 1250 1086 1320; x_wconf 76' lang='grc' dir='ltr'>ῥαδίως</span> <span class='ocrx_word' id='word_1_85' title='bbox 1114 1252 1243 1314; x_wconf 81' lang='grc' dir='ltr'>τοὺς</span> <span class='ocrx_word' id='word_1_86' title='bbox 1268 1253 1612 1323; x_wconf 82' lang='grc' dir='ltr'>στρατιώτας</span> <span class='ocrx_word' id='word_1_87' title='bbox 1632 1257 1850 1307; x_wconf 84' lang='grc' dir='ltr'>κτανεῖν</span> 
     </span>
    </p>
   </div>
   <div class='ocr_carea' id='block_1_15' title="bbox 264 1338 1853 1416">
    <p class='ocr_par' dir='ltr' id='par_1_15' title="bbox 264 1338 1853 1416">
     <span class='ocr_line' id='line_1_15' title="bbox 264 1338 1853 1416; baseline 0.004 -25"><span class='ocrx_word' id='word_1_88' title='bbox 264 1339 358 1392; x_wconf 69' lang='grc' dir='ltr'>τὸν</span> <span class='ocrx_word' id='word_1_89' title='bbox 391 1338 731 1407; x_wconf 83' lang='grc' dir='ltr'>Περτίνακα,</span> <span class='ocrx_word' id='word_1_90' title='bbox 767 1343 884 1409; x_wconf 85' lang='grc' dir='ltr'>εῐγε</span> <span class='ocrx_word' id='word_1_91' title='bbox 942 1340 1008 1414; x_wconf 81' lang='grc' dir='ltr'>δὴ</span> <span class='ocrx_word' id='word_1_92' title='bbox 1075 1344 1516 1410; x_wconf 77' lang='grc' dir='ltr'>συνεκέκλειστο,</span> <span class='ocrx_word' id='word_1_93' title='bbox 1577 1344 1717 1416; x_wconf 78' lang='grc' dir='ltr'>ᾤετο</span> <span class='ocrx_word' id='word_1_94' title='bbox 1775 1345 1853 1408; x_wconf 89' lang='grc' dir='ltr'>ώς</span> 
     </span>
    </p>
   </div>
   <div class='ocr_carea' id='block_1_16' title="bbox 265 1431 1852 1507">
    <p class='ocr_par' dir='ltr' id='par_1_16' title="bbox 265 1431 1852 1507">
     <span class='ocr_line' id='line_1_16' title="bbox 265 1431 1852 1507; baseline 0.007 -26"><span class='ocrx_word' id='word_1_95' title='bbox 265 1431 560 1501; x_wconf 79' lang='grc' dir='ltr'>δυνήσεται</span> <span class='ocrx_word' id='word_1_96' title='bbox 597 1433 1020 1498; x_wconf 77' lang='grc' dir='ltr'>κατακλεισθεὶς</span> <span class='ocrx_word' id='word_1_97' title='bbox 1045 1436 1104 1488; x_wconf 90' lang='grc' dir='ltr'>ἐν</span> <span class='ocrx_word' id='word_1_98' title='bbox 1135 1435 1288 1504; x_wconf 83' lang='grc' dir='ltr'>αὐτῷ</span> <span class='ocrx_word' id='word_1_99' title='bbox 1332 1437 1722 1507; x_wconf 81' lang='grc' dir='ltr'>περιγενέσθαι</span> <span class='ocrx_word' id='word_1_100' title='bbox 1783 1437 1852 1492; x_wconf 81' lang='grc' dir='ltr'>ἂν</span> 
     </span>
    </p>
   </div>
   <div class='ocr_carea' id='block_1_17' title="bbox 267 1521 1852 1592">
    <p class='ocr_par' dir='ltr' id='par_1_17' title="bbox 267 1521 1852 1592">
     <span class='ocr_line' id='line_1_17' title="bbox 267 1521 1852 1592; baseline 0.006 -19"><span class='ocrx_word' id='word_1_101' title='bbox 267 1521 500 1592; x_wconf 72' lang='grc' dir='ltr'>ἡττηθῇ.</span> <span class='ocrx_word' id='word_1_102' title='bbox 531 1523 830 1592; x_wconf 75' lang='grc' dir='ltr'>Ἐφόνευσε</span> <span class='ocrx_word' id='word_1_103' title='bbox 861 1525 917 1578; x_wconf 85' lang='grc' dir='ltr'>δέ</span> <span class='ocrx_word' id='word_1_104' title='bbox 951 1527 1048 1581; x_wconf 73' lang='grc' dir='ltr'>καὶ</span> <span class='ocrx_word' id='word_1_105' title='bbox 1075 1527 1168 1580; x_wconf 78' lang='grc' dir='ltr'>τὸν</span> <span class='ocrx_word' id='word_1_106' title='bbox 1191 1528 1414 1589; x_wconf 79' lang='grc' dir='ltr'>Δαῖτον,</span> <span class='ocrx_word' id='word_1_107' title='bbox 1471 1530 1566 1581; x_wconf 70' lang='grc' dir='ltr'>καὶ</span> <span class='ocrx_word' id='word_1_108' title='bbox 1615 1529 1709 1580; x_wconf 73' lang='grc' dir='ltr'>ἐπὶ</span> <span class='ocrx_word' id='word_1_109' title='bbox 1759 1530 1852 1584; x_wconf 80' lang='grc' dir='ltr'>τὸν</span> 
     </span>
    </p>
   </div>
   <div class='ocr_carea' id='block_1_18' title="bbox 267 1613 1854 1693">
    <p class='ocr_par' dir='ltr' id='par_1_18' title="bbox 267 1613 1854 1693">
     <span class='ocr_line' id='line_1_18' title="bbox 267 1613 1854 1693; baseline 0.006 -27"><span class='ocrx_word' id='word_1_110' title='bbox 267 1613 514 1683; x_wconf 79' lang='grc' dir='ltr'>Σευῆρον</span> <span class='ocrx_word' id='word_1_111' title='bbox 544 1615 753 1685; x_wconf 79' lang='grc' dir='ltr'>καθῆκε</span> <span class='ocrx_word' id='word_1_112' title='bbox 803 1617 1002 1681; x_wconf 79' lang='grc' dir='ltr'>συνοὺς</span> <span class='ocrx_word' id='word_1_113' title='bbox 1053 1617 1130 1681; x_wconf 89' lang='grc' dir='ltr'>ώς</span> <span class='ocrx_word' id='word_1_114' title='bbox 1198 1617 1294 1672; x_wconf 82' lang='grc' dir='ltr'>τὸν</span> <span class='ocrx_word' id='word_1_115' title='bbox 1355 1619 1524 1689; x_wconf 78' lang='grc' dir='ltr'>ἄνδρα</span> <span class='ocrx_word' id='word_1_116' title='bbox 1563 1620 1854 1693; x_wconf 77' lang='grc' dir='ltr'>δολοφονή·</span> 
     </span>
    </p>
   </div>
   <div class='ocr_carea' id='block_1_19' title="bbox 271 1706 1853 1780">
    <p class='ocr_par' dir='ltr' id='par_1_19' title="bbox 271 1706 1853 1780">
     <span class='ocr_line' id='line_1_19' title="bbox 271 1706 1853 1780; baseline 0.006 -23"><span class='ocrx_word' id='word_1_117' title='bbox 271 1716 491 1768; x_wconf 81' lang='grc' dir='ltr'>σοντας.</span> <span class='ocrx_word' id='word_1_118' title='bbox 527 1706 682 1759; x_wconf 81' lang='grc' dir='ltr'>Ἐπεὶ</span> <span class='ocrx_word' id='word_1_119' title='bbox 705 1708 752 1760; x_wconf 82' lang='grc' dir='ltr'>δ’</span> <span class='ocrx_word' id='word_1_120' title='bbox 781 1710 992 1772; x_wconf 83' lang='grc' dir='ltr'>ἐκεῖνος</span> <span class='ocrx_word' id='word_1_121' title='bbox 1019 1710 1099 1772; x_wconf 82' lang='grc' dir='ltr'>εἰς</span> <span class='ocrx_word' id='word_1_122' title='bbox 1121 1709 1222 1780; x_wconf 77' lang='grc' dir='ltr'>τὴν</span> <span class='ocrx_word' id='word_1_123' title='bbox 1285 1709 1522 1765; x_wconf 84' lang='grc' dir='ltr'>Ἰταλίαν</span> <span class='ocrx_word' id='word_1_124' title='bbox 1575 1712 1853 1779; x_wconf 79' lang='grc' dir='ltr'>εἰσέϐαλε,</span> 
     </span>
    </p>
   </div>
   <div class='ocr_carea' id='block_1_20' title="bbox 269 1781 1855 1876">
    <p class='ocr_par' dir='ltr' id='par_1_20' title="bbox 269 1795 1855 1876">
     <span class='ocr_line' id='line_1_20' title="bbox 269 1795 1855 1876; baseline 0.006 -26"><span class='ocrx_word' id='word_1_125' title='bbox 269 1797 366 1850; x_wconf 82' lang='grc' dir='ltr'>καὶ</span> <span class='ocrx_word' id='word_1_126' title='bbox 389 1799 488 1868; x_wconf 85' lang='grc' dir='ltr'>τὴν</span> <span class='ocrx_word' id='word_1_127' title='bbox 559 1798 854 1854; x_wconf 77' lang='grc' dir='ltr'>Ῥάϐενναν</span> <span class='ocrx_word' id='word_1_128' title='bbox 891 1799 1234 1871; x_wconf 80' lang='grc' dir='ltr'>ᾠκειώσατο,</span> <span class='ocrx_word' id='word_1_129' title='bbox 1281 1802 1378 1856; x_wconf 74' lang='grc' dir='ltr'>καὶ</span> <span class='ocrx_word' id='word_1_130' title='bbox 1405 1804 1454 1856; x_wconf 78' lang='lat' dir='ltr'>oi</span> <span class='ocrx_word' id='word_1_131' title='bbox 1506 1795 1855 1876; x_wconf 66' lang='grc' dir='ltr'>πεμπόμενοί</span> 
     </span>
    </p>
   </div>
   <div class='ocr_carea' id='block_1_21' title="bbox 1962 1781 3279 1876">
    <p class='ocr_par' dir='ltr' id='par_1_21' title="bbox 1962 1806 3279 1865">
     <span class='ocr_line' id='line_1_21' title="bbox 1962 1806 3279 1865; baseline 0.003 -5"><span class='ocrx_word' id='word_1_132' title='bbox 1962 1822 2074 1861; x_wconf 90' lang='lat' dir='ltr'>rem</span> <span class='ocrx_word' id='word_1_133' title='bbox 2105 1807 2263 1863; x_wconf 79' lang='lat' dir='ltr'><strong>dixit.</strong></span> <span class='ocrx_word' id='word_1_134' title='bbox 2303 1806 2560 1865; x_wconf 78' lang='lat' dir='ltr'>Julianus</span> <span class='ocrx_word' id='word_1_135' title='bbox 2590 1824 2724 1864; x_wconf 88' lang='lat' dir='ltr'><strong>vero</strong></span> <span class='ocrx_word' id='word_1_136' title='bbox 2753 1826 2879 1864; x_wconf 90' lang='lat' dir='ltr'>cum</span> <span class='ocrx_word' id='word_1_137' title='bbox 2929 1809 3279 1864; x_wconf 91' lang='lat' dir='ltr'><strong>occideretur</strong></span> 
     </span>
    </p>
   </div>
   <div class='ocr_carea' id='block_1_22' title="bbox 273 1890 1848 1967">
    <p class='ocr_par' dir='ltr' id='par_1_22' title="bbox 273 1890 1848 1967">
     <span class='ocr_line' id='line_1_22' title="bbox 273 1890 1848 1967; baseline 0.006 -26"><span class='ocrx_word' id='word_1_138' title='bbox 273 1890 661 1961; x_wconf 82' lang='grc' dir='ltr'>προσεχώρουν</span> <span class='ocrx_word' id='word_1_139' title='bbox 687 1893 857 1963; x_wconf 81' lang='grc' dir='ltr'>αὐτῷ,</span> <span class='ocrx_word' id='word_1_140' title='bbox 889 1895 984 1947; x_wconf 72' lang='grc' dir='ltr'>καὶ</span> <span class='ocrx_word' id='word_1_141' title='bbox 1012 1895 1059 1946; x_wconf 87' lang='grc' dir='ltr'>οἱ</span> <span class='ocrx_word' id='word_1_142' title='bbox 1107 1894 1396 1966; x_wconf 75' lang='grc' dir='ltr'>δορυφόροι</span> <span class='ocrx_word' id='word_1_143' title='bbox 1430 1894 1519 1949; x_wconf 79' lang='grc' dir='ltr'>διὰ</span> <span class='ocrx_word' id='word_1_144' title='bbox 1571 1896 1670 1967; x_wconf 80' lang='grc' dir='ltr'>τὴν</span> <span class='ocrx_word' id='word_1_145' title='bbox 1705 1914 1777 1950; x_wconf 63' lang='grc' dir='ltr'>π]</span> <span class='ocrx_word' id='word_1_146' title='bbox 1788 1916 1848 1966; x_wconf 89' lang='grc' dir='ltr'>ρ-</span> 
     </span>
    </p>
   </div>
   <div class='ocr_carea' id='block_1_23' title="bbox 273 1983 1848 2060">
    <p class='ocr_par' dir='ltr' id='par_1_23' title="bbox 273 1983 1848 2060">
     <span class='ocr_line' id='line_1_23' title="bbox 273 1983 1848 2060; baseline 0.006 -27"><span class='ocrx_word' id='word_1_147' title='bbox 273 1983 463 2035; x_wconf 90' lang='grc' dir='ltr'>ουσίαν</span> <span class='ocrx_word' id='word_1_148' title='bbox 492 1984 737 2054; x_wconf 78' lang='grc' dir='ltr'>Σευήρου</span> <span class='ocrx_word' id='word_1_149' title='bbox 795 1984 1177 2051; x_wconf 87' lang='grc' dir='ltr'>ἐδειλαίνοντο,</span> <span class='ocrx_word' id='word_1_150' title='bbox 1210 1987 1554 2053; x_wconf 72' lang='grc' dir='ltr'>συγκαλέσας</span> <span class='ocrx_word' id='word_1_151' title='bbox 1587 1989 1714 2052; x_wconf 70' lang='grc' dir='ltr'>τοὺς</span> <span class='ocrx_word' id='word_1_152' title='bbox 1747 1991 1848 2060; x_wconf 88' lang='grc' dir='ltr'>τῆς</span> 
     </span>
    </p>
   </div>
   <div class='ocr_carea' id='block_1_24' title="bbox 1954 523 3535 595">
    <p class='ocr_par' dir='ltr' id='par_1_24' title="bbox 1954 523 3535 595">
     <span class='ocr_line' id='line_1_24' title="bbox 1954 523 3535 595; baseline 0.003 -19"><span class='ocrx_word' id='word_1_153' title='bbox 1954 524 2134 578; x_wconf 91' lang='lat' dir='ltr'><strong>vietus</strong></span> <span class='ocrx_word' id='word_1_154' title='bbox 2164 525 2309 578; x_wconf 88' lang='lat' dir='ltr'><strong>intra</strong></span> <span class='ocrx_word' id='word_1_155' title='bbox 2334 523 2574 578; x_wconf 88' lang='lat' dir='ltr'><strong>claustra</strong></span> <span class='ocrx_word' id='word_1_156' title='bbox 2607 540 2664 579; x_wconf 92' lang='lat' dir='ltr'>se</span> <span class='ocrx_word' id='word_1_157' title='bbox 2691 524 3028 580; x_wconf 91' lang='lat' dir='ltr'><strong>contineret.</strong></span> <span class='ocrx_word' id='word_1_158' title='bbox 3073 524 3281 579; x_wconf 64' lang='lat' dir='ltr'><strong>Laetum</strong></span> <span class='ocrx_word' id='word_1_159' title='bbox 3314 542 3535 595; x_wconf 86' lang='lat' dir='ltr'><strong>quoque</strong></span> 
     </span>
    </p>
   </div>
   <div class='ocr_carea' id='block_1_25' title="bbox 1952 616 3534 686">
    <p class='ocr_par' dir='ltr' id='par_1_25' title="bbox 1952 616 3534 686">
     <span class='ocr_line' id='line_1_25' title="bbox 1952 616 3534 686; baseline 0.001 -16"><span class='ocrx_word' id='word_1_160' title='bbox 1952 616 2182 681; x_wconf 89' lang='lat' dir='ltr'><strong>occidit,</strong></span> <span class='ocrx_word' id='word_1_161' title='bbox 2214 625 2269 671; x_wconf 91' lang='lat' dir='ltr'>et</span> <span class='ocrx_word' id='word_1_162' title='bbox 2311 618 2629 686; x_wconf 80' lang='lat' dir='ltr'><strong>complures</strong></span> <span class='ocrx_word' id='word_1_163' title='bbox 2681 617 2889 679; x_wconf 90' lang='lat' dir='ltr'><strong>emisit,</strong></span> <span class='ocrx_word' id='word_1_164' title='bbox 2947 617 3040 686; x_wconf 93' lang='lat' dir='ltr'>qui</span> <span class='ocrx_word' id='word_1_165' title='bbox 3093 617 3355 672; x_wconf 83' lang='lat' dir='ltr'><strong>Severum</strong></span> <span class='ocrx_word' id='word_1_166' title='bbox 3406 618 3534 673; x_wconf 87' lang='lat' dir='ltr'><strong>dolo</strong></span> 
     </span>
    </p>
   </div>
   <div class='ocr_carea' id='block_1_26' title="bbox 1953 709 3532 779">
    <p class='ocr_par' dir='ltr' id='par_1_26' title="bbox 1953 709 3532 779">
     <span class='ocr_line' id='line_1_26' title="bbox 1953 709 3532 779; baseline 0.001 -17"><span class='ocrx_word' id='word_1_167' title='bbox 1953 709 2272 765; x_wconf 91' lang='lat' dir='ltr'><strong>occiderent</strong></span> <span class='ocrx_word' id='word_1_168' title='bbox 2303 728 2317 763; x_wconf 90' lang='lat'><strong>:</strong></span> <span class='ocrx_word' id='word_1_169' title='bbox 2353 709 2598 779; x_wconf 90' lang='lat' dir='ltr'><strong>quicum</strong></span> <span class='ocrx_word' id='word_1_170' title='bbox 2634 709 2688 763; x_wconf 95' lang='lat' dir='ltr'>in</span> <span class='ocrx_word' id='word_1_171' title='bbox 2733 709 2941 764; x_wconf 84' lang='lat' dir='ltr'><strong>Italiam</strong></span> <span class='ocrx_word' id='word_1_172' title='bbox 2986 711 3309 778; x_wconf 84' lang='lat' dir='ltr'><strong>irrupisset,</strong></span> <span class='ocrx_word' id='word_1_173' title='bbox 3338 720 3393 764; x_wconf 89' lang='lat' dir='ltr'>et</span> <span class='ocrx_word' id='word_1_174' title='bbox 3425 711 3532 764; x_wconf 76' lang='lat' dir='ltr'><strong>Ra-</strong></span> 
     </span>
    </p>
   </div>
   <div class='ocr_carea' id='block_1_27' title="bbox 1951 802 3539 872">
    <p class='ocr_par' dir='ltr' id='par_1_27' title="bbox 1951 802 3539 872">
     <span class='ocr_line' id='line_1_27' title="bbox 1951 802 3539 872; baseline 0.001 -16"><span class='ocrx_word' id='word_1_175' title='bbox 1951 817 2188 857; x_wconf 86' lang='lat' dir='ltr'><strong>vennam</strong></span> <span class='ocrx_word' id='word_1_176' title='bbox 2224 813 2588 872; x_wconf 90' lang='lat' dir='ltr'><strong>occupasset,</strong></span> <span class='ocrx_word' id='word_1_177' title='bbox 2621 811 2679 857; x_wconf 89' lang='lat' dir='ltr'>et</span> <span class='ocrx_word' id='word_1_178' title='bbox 2709 802 2803 872; x_wconf 91' lang='lat' dir='ltr'>qui</span> <span class='ocrx_word' id='word_1_179' title='bbox 2837 812 3034 856; x_wconf 91' lang='lat' dir='ltr'><strong>contra</strong></span> <span class='ocrx_word' id='word_1_180' title='bbox 3069 818 3196 857; x_wconf 90' lang='lat' dir='ltr'>eum</span> <span class='ocrx_word' id='word_1_181' title='bbox 3243 804 3539 857; x_wconf 84' lang='lat' dir='ltr'><strong>mitteban-</strong></span> 
     </span>
    </p>
   </div>
   <div class='ocr_carea' id='block_1_28' title="bbox 1956 894 3539 960">
    <p class='ocr_par' dir='ltr' id='par_1_28' title="bbox 1956 894 3539 960">
     <span class='ocr_line' id='line_1_28' title="bbox 1956 894 3539 960; baseline 0.002 -13"><span class='ocrx_word' id='word_1_182' title='bbox 1956 905 2047 948; x_wconf 90' lang='lat' dir='ltr'>tur</span> <span class='ocrx_word' id='word_1_183' title='bbox 2096 894 2161 949; x_wconf 90' lang='lat' dir='ltr'>ad</span> <span class='ocrx_word' id='word_1_184' title='bbox 2200 911 2328 950; x_wconf 89' lang='lat' dir='ltr'>eum</span> <span class='ocrx_word' id='word_1_185' title='bbox 2381 911 2441 950; x_wconf 90' lang='lat' dir='ltr'>se</span> <span class='ocrx_word' id='word_1_186' title='bbox 2491 895 2834 960; x_wconf 82' lang='lat' dir='ltr'><strong>conferrent,</strong></span> <span class='ocrx_word' id='word_1_187' title='bbox 2885 905 2942 948; x_wconf 90' lang='lat' dir='ltr'>et</span> <span class='ocrx_word' id='word_1_188' title='bbox 2976 896 3242 951; x_wconf 86' lang='lat' dir='ltr'><strong>satellites</strong></span> <span class='ocrx_word' id='word_1_189' title='bbox 3273 896 3345 950; x_wconf 90' lang='lat' dir='ltr'>ob</span> <span class='ocrx_word' id='word_1_190' title='bbox 3390 897 3539 950; x_wconf 89' lang='lat' dir='ltr'><strong>illius</strong></span> 
     </span>
    </p>
   </div>
   <div class='ocr_carea' id='block_1_29' title="bbox 1955 987 3539 1058">
    <p class='ocr_par' dir='ltr' id='par_1_29' title="bbox 1955 987 3539 1058">
     <span class='ocr_line' id='line_1_29' title="bbox 1955 987 3539 1058; baseline 0 -18"><span class='ocrx_word' id='word_1_191' title='bbox 1955 988 2253 1041; x_wconf 80' lang='lat' dir='ltr'><strong>adventum</strong></span> <span class='ocrx_word' id='word_1_192' title='bbox 2311 988 2703 1058; x_wconf 90' lang='lat' dir='ltr'><strong>trepidarent:</strong></span> <span class='ocrx_word' id='word_1_193' title='bbox 2749 999 3056 1043; x_wconf 87' lang='lat' dir='ltr'><strong>convocato</strong></span> <span class='ocrx_word' id='word_1_194' title='bbox 3109 997 3326 1052; x_wconf 89' lang='lat' dir='ltr'><strong>senatu,</strong></span> <span class='ocrx_word' id='word_1_195' title='bbox 3373 987 3539 1042; x_wconf 82' lang='lat' dir='ltr'><strong>Seve-</strong></span> 
     </span>
    </p>
   </div>
   <div class='ocr_carea' id='block_1_30' title="bbox 1954 1081 3541 1152">
    <p class='ocr_par' dir='ltr' id='par_1_30' title="bbox 1954 1081 3541 1152">
     <span class='ocr_line' id='line_1_30' title="bbox 1954 1081 3541 1152; baseline 0 -18"><span class='ocrx_word' id='word_1_196' title='bbox 1954 1096 2076 1135; x_wconf 86' lang='lat' dir='ltr'>rum</span> <span class='ocrx_word' id='word_1_197' title='bbox 2123 1081 2388 1152; x_wconf 74' lang='lat' dir='ltr'><strong>collegam</strong></span> <span class='ocrx_word' id='word_1_198' title='bbox 2445 1081 2665 1148; x_wconf 88' lang='lat' dir='ltr'><strong>imperii</strong></span> <span class='ocrx_word' id='word_1_199' title='bbox 2703 1081 2928 1135; x_wconf 90' lang='lat' dir='ltr'><strong>decerni</strong></span> <span class='ocrx_word' id='word_1_200' title='bbox 2962 1082 3146 1151; x_wconf 88' lang='lat' dir='ltr'><strong>jussit.</strong></span> <span class='ocrx_word' id='word_1_201' title='bbox 3177 1081 3283 1135; x_wconf 87' lang='lat' dir='ltr'><strong>Sed</strong></span> <span class='ocrx_word' id='word_1_202' title='bbox 3335 1095 3460 1134; x_wconf 87' lang='lat' dir='ltr'>cum</span> <span class='ocrx_word' id='word_1_203' title='bbox 3495 1081 3541 1134; x_wconf 91' lang='lat' dir='ltr'>is</span> 
     </span>
    </p>
   </div>
   <div class='ocr_carea' id='block_1_31' title="bbox 1955 1168 3541 1241">
    <p class='ocr_par' dir='ltr' id='par_1_31' title="bbox 1955 1168 3541 1241">
     <span class='ocr_line' id='line_1_31' title="bbox 1955 1168 3541 1241; baseline -0.001 -17"><span class='ocrx_word' id='word_1_204' title='bbox 1955 1171 2225 1226; x_wconf 90' lang='lat' dir='ltr'><strong>militibus</strong></span> <span class='ocrx_word' id='word_1_205' title='bbox 2273 1171 2662 1241; x_wconf 87' lang='lat' dir='ltr'><strong>impunitatem</strong></span> <span class='ocrx_word' id='word_1_206' title='bbox 2715 1172 3096 1240; x_wconf 81' lang='lat' dir='ltr'><strong>promisisset,</strong></span> <span class='ocrx_word' id='word_1_207' title='bbox 3143 1170 3186 1224; x_wconf 93' lang='lat' dir='ltr'>si</span> <span class='ocrx_word' id='word_1_208' title='bbox 3235 1168 3541 1225; x_wconf 89' lang='lat' dir='ltr'><strong>Pertinacis</strong></span> 
     </span>
    </p>
   </div>
   <div class='ocr_carea' id='block_1_32' title="bbox 1953 1261 3540 1333">
    <p class='ocr_par' dir='ltr' id='par_1_32' title="bbox 1953 1261 3540 1333">
     <span class='ocr_line' id='line_1_32' title="bbox 1953 1261 3540 1333; baseline 0.001 -19"><span class='ocrx_word' id='word_1_209' title='bbox 1953 1276 2307 1331; x_wconf 85' lang='lat' dir='ltr'><strong>percussores</strong></span> <span class='ocrx_word' id='word_1_210' title='bbox 2319 1263 2608 1324; x_wconf 89' lang='lat' dir='ltr'><strong>dederent,</strong></span> <span class='ocrx_word' id='word_1_211' title='bbox 2629 1261 3083 1333; x_wconf 63' lang='lat' dir='ltr'><strong>diteniperarunt</strong></span> <span class='ocrx_word' id='word_1_212' title='bbox 3099 1263 3274 1332; x_wconf 90' lang='lat' dir='ltr'><strong>iisque</strong></span> <span class='ocrx_word' id='word_1_213' title='bbox 3291 1277 3540 1331; x_wconf 85' lang='lat' dir='ltr'><strong>compre-</strong></span> 
     </span>
    </p>
   </div>
   <div class='ocr_carea' id='block_1_33' title="bbox 1955 1351 3541 1409">
    <p class='ocr_par' dir='ltr' id='par_1_33' title="bbox 1955 1351 3541 1409">
     <span class='ocr_line' id='line_1_33' title="bbox 1955 1351 3541 1409; baseline 0 -1"><span class='ocrx_word' id='word_1_214' title='bbox 1955 1354 2144 1409; x_wconf 86' lang='lat' dir='ltr'><strong>hensis</strong></span> <span class='ocrx_word' id='word_1_215' title='bbox 2207 1352 2344 1409; x_wconf 91' lang='lat' dir='ltr'><strong>Silio</strong></span> <span class='ocrx_word' id='word_1_216' title='bbox 2391 1353 2634 1409; x_wconf 70' lang='lat' dir='ltr'><strong>Messala:</strong></span> <span class='ocrx_word' id='word_1_217' title='bbox 2668 1355 2882 1409; x_wconf 87' lang='lat' dir='ltr'><strong>consuli</strong></span> <span class='ocrx_word' id='word_1_218' title='bbox 2941 1369 3058 1408; x_wconf 90' lang='lat' dir='ltr'>rem</span> <span class='ocrx_word' id='word_1_219' title='bbox 3114 1354 3454 1408; x_wconf 90' lang='lat' dir='ltr'><strong>indicarunt.</strong></span> <span class='ocrx_word' id='word_1_220' title='bbox 3492 1351 3541 1408; x_wconf 96' lang='lat' dir='ltr'>Is</span> 
     </span>
    </p>
   </div>
   <div class='ocr_carea' id='block_1_34' title="bbox 1953 1445 3540 1516">
    <p class='ocr_par' dir='ltr' id='par_1_34' title="bbox 1953 1445 3540 1516">
     <span class='ocr_line' id='line_1_34' title="bbox 1953 1445 3540 1516; baseline 0.001 -18"><span class='ocrx_word' id='word_1_221' title='bbox 1953 1459 2086 1498; x_wconf 85' lang='lat' dir='ltr'><strong>vero</strong></span> <span class='ocrx_word' id='word_1_222' title='bbox 2113 1456 2306 1500; x_wconf 90' lang='lat' dir='ltr'><strong>senatu</strong></span> <span class='ocrx_word' id='word_1_223' title='bbox 2339 1447 2395 1500; x_wconf 91' lang='lat' dir='ltr'>in</span> <span class='ocrx_word' id='word_1_224' title='bbox 2431 1446 2603 1500; x_wconf 77' lang='lat' dir='ltr'><strong>aedem</strong></span> <span class='ocrx_word' id='word_1_225' title='bbox 2638 1445 2898 1500; x_wconf 63' lang='lat' dir='ltr'><strong>Minervae</strong></span> <span class='ocrx_word' id='word_1_226' title='bbox 2935 1453 3236 1500; x_wconf 90' lang='lat' dir='ltr'><strong>convocato</strong></span> <span class='ocrx_word' id='word_1_227' title='bbox 3257 1488 3272 1513; x_wconf 88' lang='lat'>,</span> <span class='ocrx_word' id='word_1_228' title='bbox 3301 1460 3423 1516; x_wconf 67' lang='lat' dir='ltr'><strong>quae</strong></span> <span class='ocrx_word' id='word_1_229' title='bbox 3470 1445 3540 1501; x_wconf 89' lang='lat' dir='ltr'>ab</span> 
     </span>
    </p>
   </div>
   <div class='ocr_carea' id='block_1_35' title="bbox 1956 1532 3539 1603">
    <p class='ocr_par' dir='ltr' id='par_1_35' title="bbox 1956 1532 3539 1603">
     <span class='ocr_line' id='line_1_35' title="bbox 1956 1532 3539 1603; baseline 0.002 -18"><span class='ocrx_word' id='word_1_230' title='bbox 1956 1532 2304 1588; x_wconf 89' lang='lat' dir='ltr'><strong>institutione</strong></span> <span class='ocrx_word' id='word_1_231' title='bbox 2365 1534 2754 1590; x_wconf 70' lang='lat' dir='ltr'><strong>adolescentia:</strong></span> <span class='ocrx_word' id='word_1_232' title='bbox 2817 1534 2892 1589; x_wconf 91' lang='lat' dir='ltr'>ita</span> <span class='ocrx_word' id='word_1_233' title='bbox 2925 1534 3230 1589; x_wconf 82' lang='lat' dir='ltr'><strong>vocabatur</strong></span> <span class='ocrx_word' id='word_1_234' title='bbox 3275 1552 3290 1589; x_wconf 92' lang='lat'><strong>:</strong></span> <span class='ocrx_word' id='word_1_235' title='bbox 3335 1550 3458 1603; x_wconf 74' lang='lat' dir='ltr'><strong>qua:</strong></span> <span class='ocrx_word' id='word_1_236' title='bbox 3509 1551 3539 1588; x_wconf 89' lang='lat' dir='ltr'>a</span> 
     </span>
    </p>
   </div>
   <div class='ocr_carea' id='block_1_36' title="bbox 1956 1625 3542 1696">
    <p class='ocr_par' dir='ltr' id='par_1_36' title="bbox 1956 1625 3542 1696">
     <span class='ocr_line' id='line_1_36' title="bbox 1956 1625 3542 1696; baseline 0.002 -18"><span class='ocrx_word' id='word_1_237' title='bbox 1956 1625 2229 1681; x_wconf 88' lang='lat' dir='ltr'><strong>militibus</strong></span> <span class='ocrx_word' id='word_1_238' title='bbox 2257 1627 2600 1696; x_wconf 83' lang='lat' dir='ltr'><strong>accepisset,</strong></span> <span class='ocrx_word' id='word_1_239' title='bbox 2635 1626 2908 1696; x_wconf 75' lang='lat' dir='ltr'><strong>exposuit.</strong></span> <span class='ocrx_word' id='word_1_240' title='bbox 2962 1626 3199 1683; x_wconf 88' lang='lat' dir='ltr'><strong>Senatus</strong></span> <span class='ocrx_word' id='word_1_241' title='bbox 3249 1626 3417 1696; x_wconf 82' lang='lat' dir='ltr'><strong>igitur</strong></span> <span class='ocrx_word' id='word_1_242' title='bbox 3449 1625 3542 1681; x_wconf 85' lang='lat' dir='ltr'>Ju-</span> 
     </span>
    </p>
   </div>
   <div class='ocr_carea' id='block_1_37' title="bbox 1956 1716 3540 1787">
    <p class='ocr_par' dir='ltr' id='par_1_37' title="bbox 1956 1716 3540 1787">
     <span class='ocr_line' id='line_1_37' title="bbox 1956 1716 3540 1787; baseline -0.001 -18"><span class='ocrx_word' id='word_1_243' title='bbox 1956 1716 2106 1770; x_wconf 89' lang='lat' dir='ltr'><strong>liano</strong></span> <span class='ocrx_word' id='word_1_244' title='bbox 2143 1718 2340 1787; x_wconf 83' lang='lat' dir='ltr'><strong>capitis</strong></span> <span class='ocrx_word' id='word_1_245' title='bbox 2375 1717 2658 1782; x_wconf 84' lang='lat' dir='ltr'><strong>damnato,</strong></span> <span class='ocrx_word' id='word_1_246' title='bbox 2709 1718 2976 1772; x_wconf 87' lang='lat' dir='ltr'><strong>Severum</strong></span> <span class='ocrx_word' id='word_1_247' title='bbox 3007 1718 3192 1773; x_wconf 89' lang='lat' dir='ltr'><strong>statim</strong></span> <span class='ocrx_word' id='word_1_248' title='bbox 3239 1719 3540 1787; x_wconf 81' lang='lat' dir='ltr'><strong>imperato-</strong></span> 
     </span>
    </p>
   </div>
   <div class='ocr_carea' id='block_1_38' title="bbox 3318 1808 3538 1876">
    <p class='ocr_par' dir='ltr' id='par_1_38' title="bbox 3318 1808 3538 1876">
     <span class='ocr_line' id='line_1_38' title="bbox 3318 1808 3538 1876; baseline -0.018 -10"><span class='ocrx_word' id='word_1_249' title='bbox 3318 1827 3333 1866; x_wconf 90' lang='lat'><strong>:</strong></span> <span class='ocrx_word' id='word_1_250' title='bbox 3381 1808 3538 1876; x_wconf 83' lang='lat' dir='ltr'><strong>Quid,</strong></span> 
     </span>
    </p>
   </div>
   <div class='ocr_carea' id='block_1_39' title="bbox 1963 1901 3542 1978">
    <p class='ocr_par' dir='ltr' id='par_1_39' title="bbox 1963 1901 3542 1978">
     <span class='ocr_line' id='line_1_39' title="bbox 1963 1901 3542 1978; baseline 0.001 -24"><span class='ocrx_word' id='word_1_251' title='bbox 1963 1901 2161 1970; x_wconf 88' lang='lat' dir='ltr'><strong>inquit,</strong></span> <span class='ocrx_word' id='word_1_252' title='bbox 2204 1902 2333 1956; x_wconf 79' lang='lat' dir='ltr'><strong>mali</strong></span> <span class='ocrx_word' id='word_1_253' title='bbox 2358 1903 2502 1972; x_wconf 79' lang='lat' dir='ltr'><strong>feci?</strong></span> <span class='ocrx_word' id='word_1_254' title='bbox 2537 1911 2629 1978; x_wconf 71' lang='lat' dir='ltr'>aut</span> <span class='ocrx_word' id='word_1_255' title='bbox 2662 1920 2814 1974; x_wconf 86' lang='lat' dir='ltr'><strong>quem</strong></span> <span class='ocrx_word' id='word_1_256' title='bbox 2845 1903 3051 1957; x_wconf 83' lang='lat' dir='ltr'><strong>occidi?</strong></span> <span class='ocrx_word' id='word_1_257' title='bbox 3076 1903 3224 1958; x_wconf 77' lang='lat' dir='ltr'><strong>Vixit</strong></span> <span class='ocrx_word' id='word_1_258' title='bbox 3271 1918 3445 1958; x_wconf 88' lang='lat' dir='ltr'><strong>annos</strong></span> <span class='ocrx_word' id='word_1_259' title='bbox 3477 1917 3542 1956; x_wconf 69' lang='grc' dir='ltr'>ιιι</span> 
     </span>
    </p>
   </div>
   <div class='ocr_carea' id='block_1_40' title="bbox 1959 1996 3399 2066">
    <p class='ocr_par' dir='ltr' id='par_1_40' title="bbox 1959 1996 3399 2066">
     <span class='ocr_line' id='line_1_40' title="bbox 1959 1996 3399 2066; baseline 0.001 -18"><span class='ocrx_word' id='word_1_260' title='bbox 1959 2009 2178 2049; x_wconf 86' lang='lat' dir='ltr'><strong>menses</strong></span> <span class='ocrx_word' id='word_1_261' title='bbox 2211 2012 2262 2049; x_wconf 87' lang='lat' dir='ltr'><strong>IV</strong></span> <span class='ocrx_word' id='word_1_262' title='bbox 2291 2005 2348 2051; x_wconf 92' lang='lat' dir='ltr'>et</span> <span class='ocrx_word' id='word_1_263' title='bbox 2379 1997 2497 2052; x_wconf 89' lang='lat' dir='ltr'><strong>dies</strong></span> <span class='ocrx_word' id='word_1_264' title='bbox 2531 1997 2758 2050; x_wconf 89' lang='lat' dir='ltr'><strong>totidem</strong></span> <span class='ocrx_word' id='word_1_265' title='bbox 2797 2013 2810 2048; x_wconf 91' lang='lat'><strong>:</strong></span> <span class='ocrx_word' id='word_1_266' title='bbox 2844 1997 3137 2066; x_wconf 87' lang='lat' dir='ltr'><strong>imperavit</strong></span> <span class='ocrx_word' id='word_1_267' title='bbox 3160 1996 3279 2051; x_wconf 90' lang='lat' dir='ltr'><strong>dies</strong></span> <span class='ocrx_word' id='word_1_268' title='bbox 3314 2011 3399 2050; x_wconf 81' lang='lat' dir='ltr'>Lx.</span> 
     </span>
    </p>
   </div>
   <div class='ocr_carea' id='block_1_41' title="bbox 273 2073 3545 2159">
    <p class='ocr_par' dir='ltr' id='par_1_41' title="bbox 273 2073 3545 2159">
     <span class='ocr_line' id='line_1_41' title="bbox 273 2073 3545 2159; baseline 0.001 -23"><span class='ocrx_word' id='word_1_269' title='bbox 273 2073 493 2145; x_wconf 73' lang='grc' dir='ltr'>βουλῆς,</span> <span class='ocrx_word' id='word_1_270' title='bbox 549 2077 805 2130; x_wconf 75' lang='grc' dir='ltr'>ἐκέλευσε</span> <span class='ocrx_word' id='word_1_271' title='bbox 861 2078 1120 2132; x_wconf 73' lang='grc' dir='ltr'>κοινωνὸν</span> <span class='ocrx_word' id='word_1_272' title='bbox 1181 2078 1334 2150; x_wconf 79' lang='grc' dir='ltr'>αὖτῷ</span> <span class='ocrx_word' id='word_1_273' title='bbox 1383 2079 1484 2150; x_wconf 85' lang='grc' dir='ltr'>τῆς</span> <span class='ocrx_word' id='word_1_274' title='bbox 1528 2083 1709 2152; x_wconf 73' lang='grc' dir='ltr'>ἀρχῆς</span> <span class='ocrx_word' id='word_1_275' title='bbox 1760 2085 1854 2138; x_wconf 77' lang='grc' dir='ltr'>τὸν</span> <span class='ocrx_word' id='word_1_276' title='bbox 1887 2087 2128 2158; x_wconf 81' lang='grc' dir='ltr'>Σευῆρον</span> <span class='ocrx_word' id='word_1_277' title='bbox 2201 2087 2570 2158; x_wconf 72' lang='grc' dir='ltr'>ψηφίσασθαι.</span> <span class='ocrx_word' id='word_1_278' title='bbox 2617 2089 2723 2143; x_wconf 85' lang='grc' dir='ltr'>Τοῦ</span> <span class='ocrx_word' id='word_1_279' title='bbox 2785 2088 2844 2143; x_wconf 82' lang='grc' dir='ltr'>δέ</span> <span class='ocrx_word' id='word_1_280' title='bbox 2902 2091 3142 2159; x_wconf 80' lang='grc' dir='ltr'>Σευήρου</span> <span class='ocrx_word' id='word_1_281' title='bbox 3191 2093 3306 2152; x_wconf 88' lang='grc' dir='ltr'>τοῖς</span> <span class='ocrx_word' id='word_1_282' title='bbox 3380 2103 3545 2158; x_wconf 77' lang='grc' dir='ltr'>στρα-</span> 
     </span>
    </p>
   </div>
   <div class='ocr_carea' id='block_1_42' title="bbox 267 2165 3120 2251">
    <p class='ocr_par' dir='ltr' id='par_1_42' title="bbox 267 2165 3120 2251">
     <span class='ocr_line' id='line_1_42' title="bbox 267 2165 3120 2251; baseline 0.005 -33"><span class='ocrx_word' id='word_1_283' title='bbox 267 2165 498 2232; x_wconf 17' lang='grc' dir='ltr'>τιώταις,</span> <span class='ocrx_word' id='word_1_284' title='bbox 525 2167 692 2237; x_wconf 67' lang='grc' dir='ltr'>μηδὲν</span> <span class='ocrx_word' id='word_1_285' title='bbox 722 2169 894 2221; x_wconf 74' lang='grc' dir='ltr'>κακὸν</span> <span class='ocrx_word' id='word_1_286' title='bbox 922 2168 1211 2222; x_wconf 80' lang='grc' dir='ltr'>πείσεσθαι</span> <span class='ocrx_word' id='word_1_287' title='bbox 1233 2171 1565 2242; x_wconf 77' lang='grc' dir='ltr'>γράψαντος,</span> <span class='ocrx_word' id='word_1_288' title='bbox 1612 2174 1832 2228; x_wconf 74' lang='grc' dir='ltr'>ἐκδοῦσι</span> <span class='ocrx_word' id='word_1_289' title='bbox 1867 2180 1992 2243; x_wconf 80' lang='grc' dir='ltr'>τοὺς</span> <span class='ocrx_word' id='word_1_290' title='bbox 2018 2183 2246 2248; x_wconf 75' lang='grc' dir='ltr'>σφαγεῖς</span> <span class='ocrx_word' id='word_1_291' title='bbox 2265 2181 2360 2234; x_wconf 75' lang='grc' dir='ltr'>τοῦ</span> <span class='ocrx_word' id='word_1_292' title='bbox 2396 2181 2726 2251; x_wconf 81' lang='grc' dir='ltr'>Περτίνακος</span> <span class='ocrx_word' id='word_1_293' title='bbox 2763 2181 3080 2243; x_wconf 77' lang='grc' dir='ltr'>πεισθέντες</span> <span class='ocrx_word' id='word_1_294' title='bbox 3106 2198 3120 2213; x_wconf 89' lang='grc'><strong>·</strong></span> 
     </span>
    </p>
   </div>
   <div class='ocr_carea' id='block_1_43' title="bbox 3178 2181 3541 2241">
    <p class='ocr_par' dir='ltr' id='par_1_43' title="bbox 3178 2181 3541 2241">
     <span class='ocr_line' id='line_1_43' title="bbox 3178 2181 3541 2241; baseline -0.008 -7"><span class='ocrx_word' id='word_1_295' title='bbox 3178 2181 3420 2241; x_wconf 78' lang='grc' dir='ltr'>ἐκείνους</span> <span class='ocrx_word' id='word_1_296' title='bbox 3480 2195 3541 2232; x_wconf 86' lang='grc' dir='ltr'>τε</span> 
     </span>
    </p>
   </div>
   <div class='ocr_carea' id='block_1_44' title="bbox 266 2259 3540 2344">
    <p class='ocr_par' dir='ltr' id='par_1_44' title="bbox 266 2259 3540 2344">
     <span class='ocr_line' id='line_1_44' title="bbox 266 2259 3540 2344; baseline 0.005 -33"><span class='ocrx_word' id='word_1_297' title='bbox 266 2261 578 2320; x_wconf 69' lang='grc' dir='ltr'>συνέλαϐον.</span> <span class='ocrx_word' id='word_1_298' title='bbox 609 2265 701 2318; x_wconf 77' lang='grc' dir='ltr'>καὶ</span> <span class='ocrx_word' id='word_1_299' title='bbox 727 2263 800 2333; x_wconf 80' lang='grc' dir='ltr'>τῷ</span> <span class='ocrx_word' id='word_1_300' title='bbox 831 2259 992 2336; x_wconf 82' lang='grc' dir='ltr'>Σιλίῳ</span> <span class='ocrx_word' id='word_1_301' title='bbox 1015 2265 1280 2336; x_wconf 73' lang='grc' dir='ltr'>Μεσσάλᾳ</span> <span class='ocrx_word' id='word_1_302' title='bbox 1315 2266 1640 2320; x_wconf 67' lang='grc' dir='ltr'>ὑπατεύοντι</span> <span class='ocrx_word' id='word_1_303' title='bbox 1671 2269 1845 2323; x_wconf 62' lang='grc' dir='ltr'>ταῦτα</span> <span class='ocrx_word' id='word_1_304' title='bbox 1873 2273 2171 2342; x_wconf 72' lang='grc' dir='ltr'>ἐμήνυσαν.</span> <span class='ocrx_word' id='word_1_305' title='bbox 2193 2275 2251 2326; x_wconf 85' lang='grc' dir='ltr'><strong>Ὀ</strong></span> <span class='ocrx_word' id='word_1_306' title='bbox 2278 2275 2332 2327; x_wconf 92' lang='grc' dir='ltr'>δέ</span> <span class='ocrx_word' id='word_1_307' title='bbox 2358 2277 2469 2344; x_wconf 51' lang='grc' dir='ltr'>,τὴν</span> <span class='ocrx_word' id='word_1_308' title='bbox 2495 2275 2694 2344; x_wconf 64' lang='grc' dir='ltr'>βουλὴν</span> <span class='ocrx_word' id='word_1_309' title='bbox 2727 2273 2988 2342; x_wconf 68' lang='grc' dir='ltr'>ἀθροίσας</span> <span class='ocrx_word' id='word_1_310' title='bbox 3019 2278 3098 2336; x_wconf 80' lang='grc' dir='ltr'>εἰς</span> <span class='ocrx_word' id='word_1_311' title='bbox 3121 2275 3180 2327; x_wconf 80' lang='grc' dir='ltr'>τὸ</span> <span class='ocrx_word' id='word_1_312' title='bbox 3233 2273 3360 2344; x_wconf 69' lang='grc' dir='ltr'>Ἀ’ἐή</span> <span class='ocrx_word' id='word_1_313' title='bbox 3401 2287 3540 2340; x_wconf 83' lang='grc' dir='ltr'>αιον,</span> 
     </span>
    </p>
   </div>
   <div class='ocr_carea' id='block_1_45' title="bbox 273 2349 3545 2436">
    <p class='ocr_par' dir='ltr' id='par_1_45' title="bbox 273 2349 3545 2436">
     <span class='ocr_line' id='line_1_45' title="bbox 273 2349 3545 2436; baseline 0.004 -34"><span class='ocrx_word' id='word_1_314' title='bbox 273 2349 417 2404; x_wconf 78' lang='grc' dir='ltr'>οὕτω</span> <span class='ocrx_word' id='word_1_315' title='bbox 435 2352 770 2425; x_wconf 85' lang='grc' dir='ltr'>καλούμενον</span> <span class='ocrx_word' id='word_1_316' title='bbox 794 2356 869 2420; x_wconf 82' lang='grc' dir='ltr'>ώς</span> <span class='ocrx_word' id='word_1_317' title='bbox 909 2357 968 2409; x_wconf 88' lang='grc' dir='ltr'>ἐν</span> <span class='ocrx_word' id='word_1_318' title='bbox 1010 2356 1158 2428; x_wconf 82' lang='grc' dir='ltr'>αύτῷ</span> <span class='ocrx_word' id='word_1_319' title='bbox 1205 2357 1315 2410; x_wconf 87' lang='grc' dir='ltr'>τῶν</span> <span class='ocrx_word' id='word_1_320' title='bbox 1355 2357 1761 2429; x_wconf 82' lang='grc' dir='ltr'>παιδευομένων</span> <span class='ocrx_word' id='word_1_321' title='bbox 1798 2363 2138 2432; x_wconf 83' lang='grc' dir='ltr'>ποιουμένων</span> <span class='ocrx_word' id='word_1_322' title='bbox 2163 2365 2261 2434; x_wconf 79' lang='grc' dir='ltr'>τὴν</span> <span class='ocrx_word' id='word_1_323' title='bbox 2289 2363 2544 2436; x_wconf 79' lang='grc' dir='ltr'>ἄσκησιν,</span> <span class='ocrx_word' id='word_1_324' title='bbox 2588 2366 2654 2417; x_wconf 74' lang='grc' dir='ltr'>τὰ</span> <span class='ocrx_word' id='word_1_325' title='bbox 2685 2366 2836 2434; x_wconf 65' lang='grc' dir='ltr'>παρὰ</span> <span class='ocrx_word' id='word_1_326' title='bbox 2867 2365 2975 2416; x_wconf 87' lang='grc' dir='ltr'>τῶν</span> <span class='ocrx_word' id='word_1_327' title='bbox 3021 2364 3372 2434; x_wconf 72' lang='grc' dir='ltr'>στρατιωτῶν</span> <span class='ocrx_word' id='word_1_328' title='bbox 3405 2365 3545 2435; x_wconf 73' lang='grc' dir='ltr'>αὐτῇ</span> 
     </span>
    </p>
   </div>
   <div class='ocr_carea' id='block_1_46' title="bbox 267 2445 3547 2531">
    <p class='ocr_par' dir='ltr' id='par_1_46' title="bbox 267 2445 3547 2531">
     <span class='ocr_line' id='line_1_46' title="bbox 267 2445 3547 2531; baseline 0.004 -34"><span class='ocrx_word' id='word_1_329' title='bbox 267 2445 621 2500; x_wconf 84' lang='grc' dir='ltr'>ἐκοινώσατο.</span> <span class='ocrx_word' id='word_1_330' title='bbox 651 2447 757 2500; x_wconf 79' lang='grc' dir='ltr'>Καὶ</span> <span class='ocrx_word' id='word_1_331' title='bbox 788 2449 820 2517; x_wconf 84' lang='grc' dir='ltr'><strong>ἡ</strong></span> <span class='ocrx_word' id='word_1_332' title='bbox 853 2448 1018 2518; x_wconf 85' lang='grc' dir='ltr'>βουλὴ</span> <span class='ocrx_word' id='word_1_333' title='bbox 1082 2447 1175 2500; x_wconf 82' lang='grc' dir='ltr'>τοῦ</span> <span class='ocrx_word' id='word_1_334' title='bbox 1223 2447 1325 2518; x_wconf 79' lang='grc' dir='ltr'>μὲν</span> <span class='ocrx_word' id='word_1_335' title='bbox 1401 2449 1692 2503; x_wconf 88' lang='grc' dir='ltr'>Ἰουλιανοῦ</span> <span class='ocrx_word' id='word_1_336' title='bbox 1744 2453 2163 2523; x_wconf 75' lang='grc' dir='ltr'>κατεψηφίσατο</span> <span class='ocrx_word' id='word_1_337' title='bbox 2234 2455 2488 2521; x_wconf 74' lang='grc' dir='ltr'>θάνατον,</span> <span class='ocrx_word' id='word_1_338' title='bbox 2562 2458 2656 2511; x_wconf 87' lang='grc' dir='ltr'>τὸν</span> <span class='ocrx_word' id='word_1_339' title='bbox 2714 2458 2770 2511; x_wconf 84' lang='grc' dir='ltr'>δὲ</span> <span class='ocrx_word' id='word_1_340' title='bbox 2827 2459 3067 2528; x_wconf 83' lang='grc' dir='ltr'>Σευῆρον</span> <span class='ocrx_word' id='word_1_341' title='bbox 3113 2460 3334 2510; x_wconf 82' lang='grc' dir='ltr'>ἀνεῖπεν</span> <span class='ocrx_word' id='word_1_342' title='bbox 3383 2459 3547 2531; x_wconf 70' lang='grc' dir='ltr'>εὐθὺς</span> 
     </span>
    </p>
   </div>
   <div class='ocr_carea' id='block_1_47' title="bbox 269 2536 3547 2620">
    <p class='ocr_par' dir='ltr' id='par_1_47' title="bbox 269 2536 3547 2620">
     <span class='ocr_line' id='line_1_47' title="bbox 269 2536 3547 2620; baseline 0.004 -30"><span class='ocrx_word' id='word_1_343' title='bbox 269 2536 670 2606; x_wconf 84' lang='grc' dir='ltr'>αὐτοκράτορα.</span> <span class='ocrx_word' id='word_1_344' title='bbox 707 2539 1020 2593; x_wconf 61' lang='grc' dir='ltr'>Κάκιτεῦθεν</span> <span class='ocrx_word' id='word_1_345' title='bbox 1048 2540 1104 2593; x_wconf 85' lang='grc' dir='ltr'>ἐν</span> <span class='ocrx_word' id='word_1_346' title='bbox 1159 2540 1238 2610; x_wconf 83' lang='grc' dir='ltr'>τῷ</span> <span class='ocrx_word' id='word_1_347' title='bbox 1277 2541 1526 2612; x_wconf 85' lang='grc' dir='ltr'>παλατίῳ</span> <span class='ocrx_word' id='word_1_348' title='bbox 1585 2544 1614 2595; x_wconf 86' lang='grc' dir='ltr'>ὁ</span> <span class='ocrx_word' id='word_1_349' title='bbox 1655 2541 1949 2606; x_wconf 76' lang='grc' dir='ltr'>Ίουλιανδς</span> <span class='ocrx_word' id='word_1_350' title='bbox 2005 2548 2292 2618; x_wconf 79' lang='grc' dir='ltr'>ἐφονεύθη,</span> <span class='ocrx_word' id='word_1_351' title='bbox 2332 2547 2506 2602; x_wconf 87' lang='grc' dir='ltr'>εἰπών</span> <span class='ocrx_word' id='word_1_352' title='bbox 2541 2567 2555 2580; x_wconf 91' lang='grc'><strong>·</strong></span> <span class='ocrx_word' id='word_1_353' title='bbox 2600 2552 2662 2604; x_wconf 80' lang='grc' dir='ltr'>Τί</span> <span class='ocrx_word' id='word_1_354' title='bbox 2698 2551 2808 2620; x_wconf 75' lang='grc' dir='ltr'>γὰρ</span> <span class='ocrx_word' id='word_1_355' title='bbox 2855 2550 3058 2604; x_wconf 72' lang='grc' dir='ltr'>δεινὸν</span> <span class='ocrx_word' id='word_1_356' title='bbox 3109 2552 3391 2618; x_wconf 80' lang='grc' dir='ltr'>ἐποίησα,</span> <span class='ocrx_word' id='word_1_357' title='bbox 3446 2549 3547 2605; x_wconf 84' lang='grc' dir='ltr'>καί</span> 
     </span>
    </p>
   </div>
   <div class='ocr_carea' id='block_1_48' title="bbox 267 2627 3544 2715">
    <p class='ocr_par' dir='ltr' id='par_1_48' title="bbox 267 2627 3544 2715">
     <span class='ocr_line' id='line_1_48' title="bbox 267 2627 3544 2715; baseline 0.006 -37"><span class='ocrx_word' id='word_1_358' title='bbox 267 2627 403 2715; x_wconf 75' lang='grc' dir='ltr'>τίνα</span> <span class='ocrx_word' id='word_1_359' title='bbox 428 2627 786 2698; x_wconf 78' lang='grc' dir='ltr'>ἀπέκτεινα;</span> <span class='ocrx_word' id='word_1_360' title='bbox 823 2631 984 2684; x_wconf 79' lang='grc' dir='ltr'>Ἐὅίω</span> <span class='ocrx_word' id='word_1_361' title='bbox 1004 2631 1060 2684; x_wconf 84' lang='grc' dir='ltr'>δέ</span> <span class='ocrx_word' id='word_1_362' title='bbox 1086 2631 1178 2702; x_wconf 80' lang='grc' dir='ltr'>ἐτη</span> <span class='ocrx_word' id='word_1_363' title='bbox 1226 2633 1494 2704; x_wconf 77' lang='grc' dir='ltr'>ἐξήκοντα</span> <span class='ocrx_word' id='word_1_364' title='bbox 1537 2635 1675 2708; x_wconf 80' lang='grc' dir='ltr'>πρὸς</span> <span class='ocrx_word' id='word_1_365' title='bbox 1730 2635 1869 2708; x_wconf 73' lang='grc' dir='ltr'>μησὶ</span> <span class='ocrx_word' id='word_1_366' title='bbox 1908 2638 2200 2710; x_wconf 82' lang='grc' dir='ltr'>τέσσαρσι,</span> <span class='ocrx_word' id='word_1_367' title='bbox 2265 2643 2362 2695; x_wconf 79' lang='grc' dir='ltr'>καὶ</span> <span class='ocrx_word' id='word_1_368' title='bbox 2430 2641 2742 2714; x_wconf 71' lang='grc' dir='ltr'>ἰσαρίθμοις</span> <span class='ocrx_word' id='word_1_369' title='bbox 2792 2642 3055 2712; x_wconf 77' lang='grc' dir='ltr'>ἡμέραις,</span> <span class='ocrx_word' id='word_1_370' title='bbox 3105 2641 3273 2711; x_wconf 78' lang='grc' dir='ltr'>ἄρξας</span> <span class='ocrx_word' id='word_1_371' title='bbox 3328 2642 3544 2715; x_wconf 65' lang='grc' dir='ltr'>ἡμέρας</span> 
     </span>
    </p>
   </div>
   <div class='ocr_carea' id='block_1_49' title="bbox 271 2713 558 2788">
    <p class='ocr_par' dir='ltr' id='par_1_49' title="bbox 271 2713 558 2788">
     <span class='ocr_line' id='line_1_49' title="bbox 271 2713 558 2788; baseline 0.007 -16"><span class='ocrx_word' id='word_1_372' title='bbox 271 2713 558 2788; x_wconf 69' lang='grc' dir='ltr'>ἐξήκοντα.</span> 
     </span>
    </p>
   </div>
   <div class='ocr_carea' id='block_1_50' title="bbox 343 2810 1855 2889">
    <p class='ocr_par' dir='ltr' id='par_1_50' title="bbox 343 2810 1855 2889">
     <span class='ocr_line' id='line_1_50' title="bbox 343 2810 1855 2889; baseline 0.005 -24"><span class='ocrx_word' id='word_1_373' title='bbox 343 2810 426 2870; x_wconf 86' lang='lat' dir='ltr'>H&#39;.</span> <span class='ocrx_word' id='word_1_374' title='bbox 463 2812 703 2883; x_wconf 74' lang='grc' dir='ltr'>Σευῆρος</span> <span class='ocrx_word' id='word_1_375' title='bbox 746 2814 933 2887; x_wconf 86' lang='grc' dir='ltr'>μέντοι</span> <span class='ocrx_word' id='word_1_376' title='bbox 991 2815 1091 2885; x_wconf 80' lang='grc' dir='ltr'>τὴν</span> <span class='ocrx_word' id='word_1_377' title='bbox 1143 2816 1450 2889; x_wconf 80' lang='grc' dir='ltr'>αὐταρχίαν</span> <span class='ocrx_word' id='word_1_378' title='bbox 1502 2818 1682 2873; x_wconf 73' lang='grc' dir='ltr'>λαϐὼν</span> <span class='ocrx_word' id='word_1_379' title='bbox 1729 2819 1855 2881; x_wconf 78' lang='grc' dir='ltr'>τοὺς</span> 
     </span>
    </p>
   </div>
   <div class='ocr_carea' id='block_1_51' title="bbox 278 2905 1855 2980">
    <p class='ocr_par' dir='ltr' id='par_1_51' title="bbox 278 2905 1855 2980">
     <span class='ocr_line' id='line_1_51' title="bbox 278 2905 1855 2980; baseline 0.004 -23"><span class='ocrx_word' id='word_1_380' title='bbox 278 2905 378 2975; x_wconf 84' lang='grc' dir='ltr'>μὲν</span> <span class='ocrx_word' id='word_1_381' title='bbox 419 2906 748 2976; x_wconf 82' lang='grc' dir='ltr'>αὐτόχειρας</span> <span class='ocrx_word' id='word_1_382' title='bbox 811 2907 906 2960; x_wconf 81' lang='grc' dir='ltr'>τοῦ</span> <span class='ocrx_word' id='word_1_383' title='bbox 962 2908 1300 2978; x_wconf 85' lang='grc' dir='ltr'>Περτίνακος</span> <span class='ocrx_word' id='word_1_384' title='bbox 1352 2909 1463 2963; x_wconf 84' lang='grc' dir='ltr'>τῶν</span> <span class='ocrx_word' id='word_1_385' title='bbox 1505 2910 1855 2980; x_wconf 85' lang='grc' dir='ltr'>στρατιωτῶν</span> 
     </span>
    </p>
   </div>
   <div class='ocr_carea' id='block_1_52' title="bbox 273 2997 1854 3075">
    <p class='ocr_par' dir='ltr' id='par_1_52' title="bbox 273 2997 1854 3075">
     <span class='ocr_line' id='line_1_52' title="bbox 273 2997 1854 3075; baseline 0.004 -25"><span class='ocrx_word' id='word_1_386' title='bbox 273 2997 492 3069; x_wconf 81' lang='grc' dir='ltr'>θανάτῳ</span> <span class='ocrx_word' id='word_1_387' title='bbox 523 2999 834 3066; x_wconf 84' lang='grc' dir='ltr'>ἐδικαίωσε,</span> <span class='ocrx_word' id='word_1_388' title='bbox 857 3001 981 3063; x_wconf 85' lang='grc' dir='ltr'>τοὺς</span> <span class='ocrx_word' id='word_1_389' title='bbox 1008 3000 1056 3054; x_wconf 87' lang='grc' dir='ltr'>δ’</span> <span class='ocrx_word' id='word_1_390' title='bbox 1094 3002 1294 3066; x_wconf 79' lang='grc' dir='ltr'>ἄλλους</span> <span class='ocrx_word' id='word_1_391' title='bbox 1340 3002 1610 3066; x_wconf 85' lang='grc' dir='ltr'>ὀνειδίσας</span> <span class='ocrx_word' id='word_1_392' title='bbox 1659 3003 1854 3075; x_wconf 89' lang='grc' dir='ltr'>πικρό-</span> 
     </span>
    </p>
   </div>
   <div class='ocr_carea' id='block_1_53' title="bbox 2033 2816 3548 2887">
    <p class='ocr_par' dir='ltr' id='par_1_53' title="bbox 2033 2816 3548 2887">
     <span class='ocr_line' id='line_1_53' title="bbox 2033 2816 3548 2887; baseline 0.001 -14"><span class='ocrx_word' id='word_1_393' title='bbox 2033 2818 2171 2875; x_wconf 83' lang='lat' dir='ltr'><strong>VIII.</strong></span> <span class='ocrx_word' id='word_1_394' title='bbox 2212 2816 2450 2873; x_wconf 89' lang='lat' dir='ltr'><strong>Severus</strong></span> <span class='ocrx_word' id='word_1_395' title='bbox 2478 2833 2664 2871; x_wconf 90' lang='lat' dir='ltr'><strong>rerum</strong></span> <span class='ocrx_word' id='word_1_396' title='bbox 2711 2818 2920 2887; x_wconf 87' lang='lat' dir='ltr'><strong>potitus</strong></span> <span class='ocrx_word' id='word_1_397' title='bbox 2945 2858 2960 2882; x_wconf 88' lang='lat'>,</span> <span class='ocrx_word' id='word_1_398' title='bbox 2995 2818 3196 2872; x_wconf 87' lang='lat' dir='ltr'><strong>milites</strong></span> <span class='ocrx_word' id='word_1_399' title='bbox 3240 2817 3548 2875; x_wconf 82' lang='lat' dir='ltr'><strong>Pertinacis</strong></span> 
     </span>
    </p>
   </div>
   <div class='ocr_carea' id='block_1_54' title="bbox 1957 2910 3547 2984">
    <p class='ocr_par' dir='ltr' id='par_1_54' title="bbox 1957 2910 3547 2984">
     <span class='ocr_line' id='line_1_54' title="bbox 1957 2910 3547 2984; baseline -0.001 -17"><span class='ocrx_word' id='word_1_400' title='bbox 1957 2927 2310 2984; x_wconf 89' lang='lat' dir='ltr'><strong>percussores</strong></span> <span class='ocrx_word' id='word_1_401' title='bbox 2378 2911 2652 2980; x_wconf 87' lang='lat' dir='ltr'><strong>supplicio</strong></span> <span class='ocrx_word' id='word_1_402' title='bbox 2701 2910 2918 2978; x_wconf 82' lang='lat' dir='ltr'><strong>ali‘ecit;</strong></span> <span class='ocrx_word' id='word_1_403' title='bbox 2979 2921 3208 2967; x_wconf 65' lang='lat' dir='ltr'><strong>caeteros</strong></span> <span class='ocrx_word' id='word_1_404' title='bbox 3280 2912 3547 2966; x_wconf 83' lang='lat' dir='ltr'><strong>acerrime</strong></span> 
     </span>
    </p>
   </div>
   <div class='ocr_carea' id='block_1_55' title="bbox 1956 3002 3546 3078">
    <p class='ocr_par' dir='ltr' id='par_1_55' title="bbox 1956 3002 3546 3078">
     <span class='ocr_line' id='line_1_55' title="bbox 1956 3002 3546 3078; baseline -0.003 -16"><span class='ocrx_word' id='word_1_405' title='bbox 1956 3007 2118 3078; x_wconf 80' lang='lat'>605</span> <span class='ocrx_word' id='word_1_406' title='bbox 2155 3007 2480 3073; x_wconf 88' lang='lat' dir='ltr'><strong>insectatus,</strong></span> <span class='ocrx_word' id='word_1_407' title='bbox 2505 3016 2562 3062; x_wconf 93' lang='lat' dir='ltr'>et</span> <span class='ocrx_word' id='word_1_408' title='bbox 2585 3007 2753 3060; x_wconf 90' lang='lat' dir='ltr'><strong>armis</strong></span> <span class='ocrx_word' id='word_1_409' title='bbox 2781 3005 3050 3074; x_wconf 90' lang='lat' dir='ltr'><strong>equisque</strong></span> <span class='ocrx_word' id='word_1_410' title='bbox 3079 3003 3346 3074; x_wconf 85' lang='lat' dir='ltr'><strong>privatos.</strong></span> <span class='ocrx_word' id='word_1_411' title='bbox 3374 3002 3546 3057; x_wconf 80' lang='lat' dir='ltr'><strong>Rotua</strong></span> 
     </span>
    </p>
   </div>
   <div class='ocr_carea' id='block_1_56' title="bbox 269 3089 1855 3187">
    <p class='ocr_par' dir='ltr' id='par_1_56' title="bbox 269 3089 1853 3164">
     <span class='ocr_line' id='line_1_56' title="bbox 269 3089 1853 3164; baseline 0.005 -24"><span class='ocrx_word' id='word_1_412' title='bbox 269 3104 430 3148; x_wconf 88' lang='grc' dir='ltr'>τατα,</span> <span class='ocrx_word' id='word_1_413' title='bbox 454 3089 564 3140; x_wconf 90' lang='grc' dir='ltr'>τῶν</span> <span class='ocrx_word' id='word_1_414' title='bbox 593 3106 652 3142; x_wconf 86' lang='grc' dir='ltr'>τε</span> <span class='ocrx_word' id='word_1_415' title='bbox 683 3089 866 3142; x_wconf 88' lang='grc' dir='ltr'>ὅπλων</span> <span class='ocrx_word' id='word_1_416' title='bbox 897 3090 1152 3163; x_wconf 82' lang='grc' dir='ltr'>ἀπεῖρξε,</span> <span class='ocrx_word' id='word_1_417' title='bbox 1185 3093 1278 3146; x_wconf 80' lang='grc' dir='ltr'>καὶ</span> <span class='ocrx_word' id='word_1_418' title='bbox 1304 3093 1431 3156; x_wconf 82' lang='grc' dir='ltr'>τοὺς</span> <span class='ocrx_word' id='word_1_419' title='bbox 1464 3094 1666 3157; x_wconf 81' lang='grc' dir='ltr'>ἵππους</span> <span class='ocrx_word' id='word_1_420' title='bbox 1691 3095 1853 3164; x_wconf 79' lang='grc' dir='ltr'>ἀφεί-</span> 
     </span>
    </p>
   </div>
   <div class='ocr_carea' id='block_1_57' title="bbox 1962 3089 3548 3187">
    <p class='ocr_par' dir='ltr' id='par_1_57' title="bbox 1962 3095 3548 3170">
     <span class='ocr_line' id='line_1_57' title="bbox 1962 3095 3548 3170; baseline -0.003 -17"><span class='ocrx_word' id='word_1_421' title='bbox 1962 3101 2193 3170; x_wconf 84' lang='lat' dir='ltr'><strong>expulit.</strong></span> <span class='ocrx_word' id='word_1_422' title='bbox 2223 3100 2335 3154; x_wconf 87' lang='lat' dir='ltr'><strong>Iloe</strong></span> <span class='ocrx_word' id='word_1_423' title='bbox 2373 3107 2629 3170; x_wconf 88' lang='lat' dir='ltr'><strong>peracto,</strong></span> <span class='ocrx_word' id='word_1_424' title='bbox 2671 3096 2841 3167; x_wconf 86' lang='lat' dir='ltr'><strong>pedes</strong></span> <span class='ocrx_word' id='word_1_425' title='bbox 2871 3097 3063 3150; x_wconf 84' lang='lat' dir='ltr'><strong>urbem</strong></span> <span class='ocrx_word' id='word_1_426' title='bbox 3098 3095 3412 3166; x_wconf 89' lang='lat' dir='ltr'><strong>ingressus,</strong></span> <span class='ocrx_word' id='word_1_427' title='bbox 3456 3110 3548 3148; x_wconf 81' lang='lat' dir='ltr'><strong>ar-</strong></span> 
     </span>
    </p>
   </div>
   <div class='ocr_carea' id='block_1_58' title="bbox 271 3181 1856 3262">
    <p class='ocr_par' dir='ltr' id='par_1_58' title="bbox 271 3181 1856 3262">
     <span class='ocr_line' id='line_1_58' title="bbox 271 3181 1856 3262; baseline 0.007 -29"><span class='ocrx_word' id='word_1_428' title='bbox 271 3181 413 3246; x_wconf 86' lang='grc' dir='ltr'>λετο,</span> <span class='ocrx_word' id='word_1_429' title='bbox 438 3185 532 3236; x_wconf 75' lang='grc' dir='ltr'>καὶ</span> <span class='ocrx_word' id='word_1_430' title='bbox 564 3185 663 3255; x_wconf 82' lang='grc' dir='ltr'>τῆς</span> <span class='ocrx_word' id='word_1_431' title='bbox 699 3185 921 3258; x_wconf 85' lang='grc' dir='ltr'>Ῥώμης</span> <span class='ocrx_word' id='word_1_432' title='bbox 957 3190 1232 3260; x_wconf 80' lang='grc' dir='ltr'>άπήλασε’</span> <span class='ocrx_word' id='word_1_433' title='bbox 1264 3190 1361 3244; x_wconf 71' lang='grc' dir='ltr'>καὶ</span> <span class='ocrx_word' id='word_1_434' title='bbox 1389 3190 1562 3254; x_wconf 74' lang='grc' dir='ltr'>οὕτως</span> <span class='ocrx_word' id='word_1_435' title='bbox 1612 3191 1694 3254; x_wconf 89' lang='grc' dir='ltr'>εἰς</span> <span class='ocrx_word' id='word_1_436' title='bbox 1756 3191 1856 3262; x_wconf 80' lang='grc' dir='ltr'>τὴν</span> 
     </span>
    </p>
   </div>
   <div class='ocr_carea' id='block_1_59' title="bbox 254 3273 1855 3356">
    <p class='ocr_par' dir='ltr' id='par_1_59' title="bbox 254 3273 1855 3356">
     <span class='ocr_line' id='line_1_59' title="bbox 254 3273 1855 3356; baseline 0.006 -29"><span class='ocrx_word' id='word_1_437' title='bbox 254 3281 259 3286; x_wconf 81' lang='grc'><strong>”</strong></span> <span class='ocrx_word' id='word_1_438' title='bbox 286 3273 508 3347; x_wconf 83' lang='grc' dir='ltr'>Ῥώμην</span> <span class='ocrx_word' id='word_1_439' title='bbox 537 3279 797 3349; x_wconf 79' lang='grc' dir='ltr'>εἰσήλασε</span> <span class='ocrx_word' id='word_1_440' title='bbox 828 3281 1078 3352; x_wconf 80' lang='grc' dir='ltr'>βαδίζων,</span> <span class='ocrx_word' id='word_1_441' title='bbox 1111 3283 1207 3336; x_wconf 83' lang='grc' dir='ltr'>καί</span> <span class='ocrx_word' id='word_1_442' title='bbox 1237 3285 1285 3336; x_wconf 81' lang='grc' dir='ltr'>οἱ</span> <span class='ocrx_word' id='word_1_443' title='bbox 1311 3284 1340 3336; x_wconf 83' lang='grc' dir='ltr'><strong>ὁ</strong></span> <span class='ocrx_word' id='word_1_444' title='bbox 1372 3284 1603 3354; x_wconf 83' lang='grc' dir='ltr'>στρατὸς</span> <span class='ocrx_word' id='word_1_445' title='bbox 1623 3285 1855 3356; x_wconf 81' lang='grc' dir='ltr'>ὁπλίτης</span> 
     </span>
    </p>
   </div>
   <div class='ocr_carea' id='block_1_60' title="bbox 273 3369 1854 3444">
    <p class='ocr_par' dir='ltr' id='par_1_60' title="bbox 273 3369 1854 3444">
     <span class='ocr_line' id='line_1_60' title="bbox 273 3369 1854 3444; baseline 0.008 -26"><span class='ocrx_word' id='word_1_446' title='bbox 273 3369 598 3439; x_wconf 78' lang='grc' dir='ltr'>παρείπετο,</span> <span class='ocrx_word' id='word_1_447' title='bbox 635 3373 730 3424; x_wconf 73' lang='grc' dir='ltr'>καὶ</span> <span class='ocrx_word' id='word_1_448' title='bbox 755 3373 787 3442; x_wconf 80' lang='grc' dir='ltr'>ἡ</span> <span class='ocrx_word' id='word_1_449' title='bbox 824 3373 977 3437; x_wconf 81' lang='grc' dir='ltr'>πόλις</span> <span class='ocrx_word' id='word_1_450' title='bbox 997 3374 1185 3428; x_wconf 84' lang='grc' dir='ltr'>ἄνθεσί</span> <span class='ocrx_word' id='word_1_451' title='bbox 1211 3392 1268 3427; x_wconf 88' lang='grc' dir='ltr'>τε</span> <span class='ocrx_word' id='word_1_452' title='bbox 1297 3378 1390 3430; x_wconf 71' lang='grc' dir='ltr'>καὶ</span> <span class='ocrx_word' id='word_1_453' title='bbox 1407 3377 1638 3444; x_wconf 80' lang='grc' dir='ltr'>δάφναις</span> <span class='ocrx_word' id='word_1_454' title='bbox 1664 3375 1854 3430; x_wconf 75' lang='grc' dir='ltr'>ἅπασα</span> 
     </span>
    </p>
   </div>
   <div class='ocr_carea' id='block_1_61' title="bbox 272 3461 1854 3540">
    <p class='ocr_par' dir='ltr' id='par_1_61' title="bbox 272 3461 1854 3540">
     <span class='ocr_line' id='line_1_61' title="bbox 272 3461 1854 3540; baseline 0.006 -28"><span class='ocrx_word' id='word_1_455' title='bbox 272 3461 638 3530; x_wconf 75' lang='grc' dir='ltr'>ἐστεφάνωτο,</span> <span class='ocrx_word' id='word_1_456' title='bbox 669 3464 763 3516; x_wconf 75' lang='grc' dir='ltr'>καί</span> <span class='ocrx_word' id='word_1_457' title='bbox 788 3466 836 3518; x_wconf 92' lang='grc' dir='ltr'>οἰ</span> <span class='ocrx_word' id='word_1_458' title='bbox 859 3465 1138 3538; x_wconf 75' lang='grc' dir='ltr'>ἄνθρωποι</span> <span class='ocrx_word' id='word_1_459' title='bbox 1173 3467 1651 3537; x_wconf 79' lang='grc' dir='ltr'>λευχειμονοῦντες</span> <span class='ocrx_word' id='word_1_460' title='bbox 1679 3469 1854 3540; x_wconf 81' lang='grc' dir='ltr'>εὐφή-</span> 
     </span>
    </p>
   </div>
   <div class='ocr_carea' id='block_1_62' title="bbox 275 3554 1854 3624">
    <p class='ocr_par' dir='ltr' id='par_1_62' title="bbox 275 3554 1854 3624">
     <span class='ocr_line' id='line_1_62' title="bbox 275 3554 1854 3624; baseline 0.006 -20"><span class='ocrx_word' id='word_1_461' title='bbox 275 3569 414 3620; x_wconf 87' lang='grc' dir='ltr'>μουν</span> <span class='ocrx_word' id='word_1_462' title='bbox 446 3554 628 3620; x_wconf 83' lang='grc' dir='ltr'>αὐτὸν,</span> <span class='ocrx_word' id='word_1_463' title='bbox 658 3555 754 3608; x_wconf 76' lang='grc' dir='ltr'>καὶ</span> <span class='ocrx_word' id='word_1_464' title='bbox 784 3555 1021 3610; x_wconf 81' lang='grc' dir='ltr'>ἀκοῦσαι</span> <span class='ocrx_word' id='word_1_465' title='bbox 1064 3557 1230 3610; x_wconf 79' lang='grc' dir='ltr'>αὐτοῦ</span> <span class='ocrx_word' id='word_1_466' title='bbox 1257 3559 1351 3611; x_wconf 69' lang='grc' dir='ltr'>καί¹</span> <span class='ocrx_word' id='word_1_467' title='bbox 1386 3558 1692 3612; x_wconf 83' lang='grc' dir='ltr'>θεάσασθαι</span> <span class='ocrx_word' id='word_1_468' title='bbox 1732 3559 1854 3624; x_wconf 82' lang='grc' dir='ltr'>λίαν</span> 
     </span>
    </p>
   </div>
   <div class='ocr_carea' id='block_1_63' title="bbox 273 3644 1856 3712">
    <p class='ocr_par' dir='ltr' id='par_1_63' title="bbox 273 3644 1856 3712">
     <span class='ocr_line' id='line_1_63' title="bbox 273 3644 1856 3712; baseline 0.007 -16"><span class='ocrx_word' id='word_1_469' title='bbox 273 3644 596 3712; x_wconf 67' lang='grc' dir='ltr'>ἐσφάδαζον.</span> <span class='ocrx_word' id='word_1_470' title='bbox 645 3648 916 3701; x_wconf 85' lang='grc' dir='ltr'>Εἰσελθὼν</span> <span class='ocrx_word' id='word_1_471' title='bbox 977 3650 1032 3702; x_wconf 88' lang='grc' dir='ltr'>δὲ</span> <span class='ocrx_word' id='word_1_472' title='bbox 1100 3649 1480 3704; x_wconf 79' lang='grc' dir='ltr'>ἐνεανιεύσατο</span> <span class='ocrx_word' id='word_1_473' title='bbox 1515 3645 1602 3704; x_wconf 74' lang='grc' dir='ltr'>οἶα</span> <span class='ocrx_word' id='word_1_474' title='bbox 1646 3655 1740 3706; x_wconf 73' lang='grc' dir='ltr'>καὶ</span> <span class='ocrx_word' id='word_1_475' title='bbox 1803 3653 1856 3707; x_wconf 83' lang='grc' dir='ltr'>οἰ</span> 
     </span>
    </p>
   </div>
   <div class='ocr_carea' id='block_1_64' title="bbox 273 3735 1854 3815">
    <p class='ocr_par' dir='ltr' id='par_1_64' title="bbox 273 3735 1854 3815">
     <span class='ocr_line' id='line_1_64' title="bbox 273 3735 1854 3815; baseline 0.006 -27"><span class='ocrx_word' id='word_1_476' title='bbox 273 3735 468 3808; x_wconf 86' lang='grc' dir='ltr'>πρώην</span> <span class='ocrx_word' id='word_1_477' title='bbox 503 3739 704 3807; x_wconf 77' lang='grc' dir='ltr'>ἀγαθοὶ</span> <span class='ocrx_word' id='word_1_478' title='bbox 739 3740 1175 3812; x_wconf 86' lang='grc' dir='ltr'>αὐτοκράτορες,</span> <span class='ocrx_word' id='word_1_479' title='bbox 1205 3743 1278 3805; x_wconf 90' lang='grc' dir='ltr'>ώς</span> <span class='ocrx_word' id='word_1_480' title='bbox 1311 3743 1504 3796; x_wconf 76' lang='grc' dir='ltr'>οὐδένα</span> <span class='ocrx_word' id='word_1_481' title='bbox 1556 3744 1665 3796; x_wconf 85' lang='grc' dir='ltr'>τῶν</span> <span class='ocrx_word' id='word_1_482' title='bbox 1724 3743 1854 3815; x_wconf 82' lang='grc' dir='ltr'>βου-</span> 
     </span>
    </p>
   </div>
   <div class='ocr_carea' id='block_1_65' title="bbox 275 3825 1860 3903">
    <p class='ocr_par' dir='ltr' id='par_1_65' title="bbox 275 3825 1860 3903">
     <span class='ocr_line' id='line_1_65' title="bbox 275 3825 1860 3903; baseline 0.006 -25"><span class='ocrx_word' id='word_1_483' title='bbox 275 3825 482 3882; x_wconf 85' lang='grc' dir='ltr'>λευτῶν</span> <span class='ocrx_word' id='word_1_484' title='bbox 525 3829 844 3894; x_wconf 84' lang='grc' dir='ltr'>ἀποκτενεῖ,</span> <span class='ocrx_word' id='word_1_485' title='bbox 906 3832 1001 3884; x_wconf 76' lang='grc' dir='ltr'>καὶ</span> <span class='ocrx_word' id='word_1_486' title='bbox 1052 3831 1237 3902; x_wconf 82' lang='grc' dir='ltr'>ὣμοσε</span> <span class='ocrx_word' id='word_1_487' title='bbox 1290 3833 1422 3903; x_wconf 83' lang='grc' dir='ltr'>περὶ</span> <span class='ocrx_word' id='word_1_488' title='bbox 1483 3833 1702 3898; x_wconf 86' lang='grc' dir='ltr'>τούτου,</span> <span class='ocrx_word' id='word_1_489' title='bbox 1761 3835 1860 3888; x_wconf 76' lang='grc' dir='ltr'>καὶ</span> 
     </span>
    </p>
   </div>
   <div class='ocr_carea' id='block_1_66' title="bbox 276 3920 1855 3996">
    <p class='ocr_par' dir='ltr' id='par_1_66' title="bbox 276 3920 1855 3996">
     <span class='ocr_line' id='line_1_66' title="bbox 276 3920 1855 3996; baseline 0.004 -24"><span class='ocrx_word' id='word_1_490' title='bbox 276 3920 590 3990; x_wconf 65' lang='grc' dir='ltr'>ψηφίσματι</span> <span class='ocrx_word' id='word_1_491' title='bbox 624 3923 792 3992; x_wconf 81' lang='grc' dir='ltr'>κοινῷ</span> <span class='ocrx_word' id='word_1_492' title='bbox 849 3922 1009 3977; x_wconf 78' lang='grc' dir='ltr'>τοῦτο</span> <span class='ocrx_word' id='word_1_493' title='bbox 1069 3923 1390 3994; x_wconf 81' lang='grc' dir='ltr'>κυρωθῆναι</span> <span class='ocrx_word' id='word_1_494' title='bbox 1439 3925 1855 3996; x_wconf 75' lang='grc' dir='ltr'>προσετετάχει.</span> 
     </span>
    </p>
   </div>
   <div class='ocr_carea' id='block_1_67' title="bbox 291 4015 1857 4090">
    <p class='ocr_par' dir='ltr' id='par_1_67' title="bbox 291 4015 1857 4090">
     <span class='ocr_line' id='line_1_67' title="bbox 291 4015 1857 4090; baseline 0.004 -23"><span class='ocrx_word' id='word_1_495' title='bbox 291 4015 432 4068; x_wconf 81' lang='grc' dir='ltr'>Ἀλλ’</span> <span class='ocrx_word' id='word_1_496' title='bbox 462 4016 562 4069; x_wconf 85' lang='grc' dir='ltr'>οὐκ</span> <span class='ocrx_word' id='word_1_497' title='bbox 581 4017 663 4078; x_wconf 90' lang='grc' dir='ltr'>εἰς</span> <span class='ocrx_word' id='word_1_498' title='bbox 736 4017 959 4087; x_wconf 78' lang='grc' dir='ltr'>μακρὰν</span> <span class='ocrx_word' id='word_1_499' title='bbox 1011 4018 1106 4071; x_wconf 74' lang='grc' dir='ltr'>τὸν</span> <span class='ocrx_word' id='word_1_500' title='bbox 1151 4018 1317 4089; x_wconf 81' lang='grc' dir='ltr'>νόμον</span> <span class='ocrx_word' id='word_1_501' title='bbox 1370 4017 1564 4071; x_wconf 86' lang='grc' dir='ltr'>τοῦτον</span> <span class='ocrx_word' id='word_1_502' title='bbox 1612 4020 1857 4090; x_wconf 78' lang='grc' dir='ltr'>παρέϐη.</span> 
     </span>
    </p>
   </div>
   <div class='ocr_carea' id='block_1_68' title="bbox 274 4108 1856 4184">
    <p class='ocr_par' dir='ltr' id='par_1_68' title="bbox 274 4108 1856 4184">
     <span class='ocr_line' id='line_1_68' title="bbox 274 4108 1856 4184; baseline 0.004 -22"><span class='ocrx_word' id='word_1_503' title='bbox 274 4110 450 4163; x_wconf 72' lang='grc' dir='ltr'>Αὐτὸν</span> <span class='ocrx_word' id='word_1_504' title='bbox 489 4111 597 4182; x_wconf 83' lang='grc' dir='ltr'>γὰρ</span> <span class='ocrx_word' id='word_1_505' title='bbox 625 4109 717 4164; x_wconf 76' lang='grc' dir='ltr'>τὸν</span> <span class='ocrx_word' id='word_1_506' title='bbox 744 4110 968 4165; x_wconf 88' lang='grc' dir='ltr'>Ἰούλιον</span> <span class='ocrx_word' id='word_1_507' title='bbox 1001 4108 1244 4179; x_wconf 82' lang='grc' dir='ltr'>Σόλωνα,</span> <span class='ocrx_word' id='word_1_508' title='bbox 1282 4111 1372 4164; x_wconf 82' lang='grc' dir='ltr'>τὸν</span> <span class='ocrx_word' id='word_1_509' title='bbox 1405 4114 1498 4165; x_wconf 66' lang='grc' dir='ltr'>καὶ</span> <span class='ocrx_word' id='word_1_510' title='bbox 1554 4113 1616 4166; x_wconf 83' lang='grc' dir='ltr'>τὸ</span> <span class='ocrx_word' id='word_1_511' title='bbox 1672 4113 1856 4184; x_wconf 84' lang='grc' dir='ltr'>δόγμα</span> 
     </span>
    </p>
   </div>
   <div class='ocr_carea' id='block_1_69' title="bbox 275 4202 1854 4276">
    <p class='ocr_par' dir='ltr' id='par_1_69' title="bbox 275 4202 1854 4276">
     <span class='ocr_line' id='line_1_69' title="bbox 275 4202 1854 4276; baseline 0.002 -20"><span class='ocrx_word' id='word_1_512' title='bbox 275 4202 459 4267; x_wconf 73' lang='grc' dir='ltr'>τοῦτο,</span> <span class='ocrx_word' id='word_1_513' title='bbox 519 4203 686 4257; x_wconf 76' lang='grc' dir='ltr'>αὐτοῦ</span> <span class='ocrx_word' id='word_1_514' title='bbox 764 4204 1150 4268; x_wconf 81' lang='grc' dir='ltr'>κελεύσαντος,</span> <span class='ocrx_word' id='word_1_515' title='bbox 1242 4206 1726 4276; x_wconf 71' lang='grc' dir='ltr'>συγγραψάμενον,</span> <span class='ocrx_word' id='word_1_516' title='bbox 1794 4207 1854 4260; x_wconf 82' lang='grc' dir='ltr'>οὐ</span> 
     </span>
    </p>
   </div>
   <div class='ocr_carea' id='block_1_70' title="bbox 276 4293 1856 4366">
    <p class='ocr_par' dir='ltr' id='par_1_70' title="bbox 276 4293 1856 4366">
     <span class='ocr_line' id='line_1_70' title="bbox 276 4293 1856 4366; baseline 0.003 -19"><span class='ocrx_word' id='word_1_517' title='bbox 276 4295 460 4364; x_wconf 79' lang='grc' dir='ltr'>πολλῷ</span> <span class='ocrx_word' id='word_1_518' title='bbox 492 4293 724 4366; x_wconf 79' lang='grc' dir='ltr'>ὕστερον</span> <span class='ocrx_word' id='word_1_519' title='bbox 754 4296 990 4361; x_wconf 75' lang='grc' dir='ltr'>ἔκτεινε,</span> <span class='ocrx_word' id='word_1_520' title='bbox 1040 4298 1136 4350; x_wconf 73' lang='grc' dir='ltr'>καὶ</span> <span class='ocrx_word' id='word_1_521' title='bbox 1171 4296 1364 4360; x_wconf 79' lang='grc' dir='ltr'>ἄλλους</span> <span class='ocrx_word' id='word_1_522' title='bbox 1387 4297 1566 4352; x_wconf 85' lang='grc' dir='ltr'>ἀνεῖλε</span> <span class='ocrx_word' id='word_1_523' title='bbox 1604 4297 1856 4365; x_wconf 81' lang='grc' dir='ltr'>πολλοὺς,</span> 
     </span>
    </p>
   </div>
   <div class='ocr_carea' id='block_1_71' title="bbox 276 4390 1853 4463">
    <p class='ocr_par' dir='ltr' id='par_1_71' title="bbox 276 4390 1853 4463">
     <span class='ocr_line' id='line_1_71' title="bbox 276 4390 1853 4463; baseline 0.003 -21"><span class='ocrx_word' id='word_1_524' title='bbox 276 4390 373 4444; x_wconf 76' lang='grc' dir='ltr'>καὶ</span> <span class='ocrx_word' id='word_1_525' title='bbox 397 4392 462 4460; x_wconf 83' lang='grc' dir='ltr'>τῇ</span> <span class='ocrx_word' id='word_1_526' title='bbox 501 4390 665 4462; x_wconf 79' lang='grc' dir='ltr'>βουλῇ</span> <span class='ocrx_word' id='word_1_527' title='bbox 702 4392 762 4444; x_wconf 83' lang='grc' dir='ltr'>οὐ</span> <span class='ocrx_word' id='word_1_528' title='bbox 799 4391 1121 4462; x_wconf 87' lang='grc' dir='ltr'>καταθύμια</span> <span class='ocrx_word' id='word_1_529' title='bbox 1167 4390 1427 4462; x_wconf 73' lang='grc' dir='ltr'>ἔπραττε,</span> <span class='ocrx_word' id='word_1_530' title='bbox 1465 4392 1573 4445; x_wconf 81' lang='lat' dir='ltr'><strong>Kal</strong></span> <span class='ocrx_word' id='word_1_531' title='bbox 1599 4391 1853 4463; x_wconf 74' lang='grc' dir='ltr'>εἰθισμέ-</span> 
     </span>
    </p>
   </div>
   <div class='ocr_carea' id='block_1_72' title="bbox 1966 3188 3548 3262">
    <p class='ocr_par' dir='ltr' id='par_1_72' title="bbox 1966 3188 3548 3262">
     <span class='ocr_line' id='line_1_72' title="bbox 1966 3188 3548 3262; baseline -0.004 -15"><span class='ocrx_word' id='word_1_532' title='bbox 1966 3206 2112 3248; x_wconf 90' lang='lat' dir='ltr'><strong>mato</strong></span> <span class='ocrx_word' id='word_1_533' title='bbox 2140 3194 2390 3249; x_wconf 79' lang='lat' dir='ltr'><strong>exercitu</strong></span> <span class='ocrx_word' id='word_1_534' title='bbox 2411 3200 2699 3262; x_wconf 79' lang='lat' dir='ltr'><strong>sequente,</strong></span> <span class='ocrx_word' id='word_1_535' title='bbox 2729 3191 2928 3261; x_wconf 90' lang='lat' dir='ltr'><strong>plateis</strong></span> <span class='ocrx_word' id='word_1_536' title='bbox 2960 3188 3211 3252; x_wconf 78' lang='lat' dir='ltr'><strong>floribus,</strong></span> <span class='ocrx_word' id='word_1_537' title='bbox 3243 3189 3465 3243; x_wconf 88' lang='lat' dir='ltr'><strong>coronis</strong></span> <span class='ocrx_word' id='word_1_538' title='bbox 3490 3195 3548 3240; x_wconf 91' lang='lat' dir='ltr'>et</span> 
     </span>
    </p>
   </div>
   <div class='ocr_carea' id='block_1_73' title="bbox 1963 3281 3548 3359">
    <p class='ocr_par' dir='ltr' id='par_1_73' title="bbox 1963 3281 3548 3359">
     <span class='ocr_line' id='line_1_73' title="bbox 1963 3281 3548 3359; baseline -0.006 -15"><span class='ocrx_word' id='word_1_539' title='bbox 1963 3290 2171 3344; x_wconf 86' lang='lat' dir='ltr'><strong>laureis</strong></span> <span class='ocrx_word' id='word_1_540' title='bbox 2203 3289 2405 3359; x_wconf 91' lang='lat' dir='ltr'><strong>passim</strong></span> <span class='ocrx_word' id='word_1_541' title='bbox 2429 3286 2732 3343; x_wconf 81' lang='lat' dir='ltr'><strong>exornatis.</strong></span> <span class='ocrx_word' id='word_1_542' title='bbox 2765 3299 2794 3337; x_wconf 91' lang='lat' dir='ltr'>a</span> <span class='ocrx_word' id='word_1_543' title='bbox 2827 3283 3030 3353; x_wconf 87' lang='lat' dir='ltr'><strong>populo</strong></span> <span class='ocrx_word' id='word_1_544' title='bbox 3073 3281 3366 3336; x_wconf 85' lang='lat' dir='ltr'><strong>candidato</strong></span> <span class='ocrx_word' id='word_1_545' title='bbox 3408 3281 3548 3334; x_wconf 67' lang='lat' dir='ltr'><strong>laetis</strong></span> 
     </span>
    </p>
   </div>
   <div class='ocr_carea' id='block_1_74' title="bbox 1965 3373 3548 3449">
    <p class='ocr_par' dir='ltr' id='par_1_74' title="bbox 1965 3373 3548 3449">
     <span class='ocr_line' id='line_1_74' title="bbox 1965 3373 3548 3449; baseline -0.005 -17"><span class='ocrx_word' id='word_1_546' title='bbox 1965 3380 2194 3436; x_wconf 80' lang='lat' dir='ltr'><strong>vocibus</strong></span> <span class='ocrx_word' id='word_1_547' title='bbox 2227 3389 2490 3449; x_wconf 84' lang='lat' dir='ltr'><strong>exceptus</strong></span> <span class='ocrx_word' id='word_1_548' title='bbox 2523 3387 2628 3442; x_wconf 85' lang='lat' dir='ltr'><strong>est,</strong></span> <span class='ocrx_word' id='word_1_549' title='bbox 2667 3375 3099 3446; x_wconf 84' lang='lat' dir='ltr'><strong>properantibus</strong></span> <span class='ocrx_word' id='word_1_550' title='bbox 3131 3373 3390 3426; x_wconf 88' lang='lat' dir='ltr'><strong>omnibus</strong></span> <span class='ocrx_word' id='word_1_551' title='bbox 3420 3387 3548 3427; x_wconf 88' lang='lat' dir='ltr'>cum</span> 
     </span>
    </p>
   </div>
   <div class='ocr_carea' id='block_1_75' title="bbox 1965 3466 3552 3534">
    <p class='ocr_par' dir='ltr' id='par_1_75' title="bbox 1965 3466 3552 3534">
     <span class='ocr_line' id='line_1_75' title="bbox 1965 3466 3552 3534; baseline -0.007 -6"><span class='ocrx_word' id='word_1_552' title='bbox 1965 3482 2021 3528; x_wconf 87' lang='lat' dir='ltr'>et</span> <span class='ocrx_word' id='word_1_553' title='bbox 2055 3473 2245 3528; x_wconf 90' lang='lat' dir='ltr'><strong>videre</strong></span> <span class='ocrx_word' id='word_1_554' title='bbox 2275 3483 2332 3528; x_wconf 89' lang='lat' dir='ltr'>et</span> <span class='ocrx_word' id='word_1_555' title='bbox 2361 3473 2574 3526; x_wconf 89' lang='lat' dir='ltr'><strong>audire.</strong></span> <span class='ocrx_word' id='word_1_556' title='bbox 2612 3471 2707 3525; x_wconf 90' lang='lat' dir='ltr'><strong>Ille</strong></span> <span class='ocrx_word' id='word_1_557' title='bbox 2747 3485 2880 3523; x_wconf 88' lang='lat' dir='ltr'><strong>vero</strong></span> <span class='ocrx_word' id='word_1_558' title='bbox 2921 3469 3140 3534; x_wconf 89' lang='lat' dir='ltr'><strong>statim,</strong></span> <span class='ocrx_word' id='word_1_559' title='bbox 3173 3475 3426 3521; x_wconf 88' lang='lat' dir='ltr'><strong>veterum</strong></span> <span class='ocrx_word' id='word_1_560' title='bbox 3460 3466 3552 3518; x_wconf 82' lang='lat' dir='ltr'><strong>bo-</strong></span> 
     </span>
    </p>
   </div>
   <div class='ocr_carea' id='block_1_76' title="bbox 1965 3563 3548 3635">
    <p class='ocr_par' dir='ltr' id='par_1_76' title="bbox 1965 3563 3548 3635">
     <span class='ocr_line' id='line_1_76' title="bbox 1965 3563 3548 3635; baseline -0.005 -14"><span class='ocrx_word' id='word_1_561' title='bbox 1965 3582 2166 3621; x_wconf 91' lang='lat' dir='ltr'><strong>norum</strong></span> <span class='ocrx_word' id='word_1_562' title='bbox 2192 3567 2592 3635; x_wconf 77' lang='lat' dir='ltr'><strong>imperatorum</strong></span> <span class='ocrx_word' id='word_1_563' title='bbox 2619 3579 2790 3629; x_wconf 89' lang='lat' dir='ltr'><strong>more,</strong></span> <span class='ocrx_word' id='word_1_564' title='bbox 2827 3579 2884 3618; x_wconf 88' lang='lat' dir='ltr'>se</span> <span class='ocrx_word' id='word_1_565' title='bbox 2921 3563 3194 3616; x_wconf 89' lang='lat' dir='ltr'><strong>neminem</strong></span> <span class='ocrx_word' id='word_1_566' title='bbox 3237 3571 3548 3616; x_wconf 89' lang='lat' dir='ltr'><strong>senatorem</strong></span> 
     </span>
    </p>
   </div>
   <div class='ocr_carea' id='block_1_77' title="bbox 1967 3653 3549 3726">
    <p class='ocr_par' dir='ltr' id='par_1_77' title="bbox 1967 3653 3549 3726">
     <span class='ocr_line' id='line_1_77' title="bbox 1967 3653 3549 3726; baseline -0.004 -15"><span class='ocrx_word' id='word_1_567' title='bbox 1967 3658 2284 3712; x_wconf 87' lang='lat' dir='ltr'><strong>occisurum</strong></span> <span class='ocrx_word' id='word_1_568' title='bbox 2315 3671 2435 3711; x_wconf 88' lang='lat' dir='ltr'><strong>esse</strong></span> <span class='ocrx_word' id='word_1_569' title='bbox 2456 3654 2822 3726; x_wconf 88' lang='lat' dir='ltr'><strong>jurejurando</strong></span> <span class='ocrx_word' id='word_1_570' title='bbox 2853 3653 3166 3717; x_wconf 83' lang='lat' dir='ltr'><strong>aﬂirmavit,</strong></span> <span class='ocrx_word' id='word_1_571' title='bbox 3206 3653 3371 3723; x_wconf 89' lang='lat' dir='ltr'><strong>idque</strong></span> <span class='ocrx_word' id='word_1_572' title='bbox 3400 3667 3549 3706; x_wconf 83' lang='lat' dir='ltr'><strong>cout-</strong></span> 
     </span>
    </p>
   </div>
   <div class='ocr_carea' id='block_1_78' title="bbox 1968 3745 3550 3824">
    <p class='ocr_par' dir='ltr' id='par_1_78' title="bbox 1968 3745 3550 3824">
     <span class='ocr_line' id='line_1_78' title="bbox 1968 3745 3550 3824; baseline -0.004 -22"><span class='ocrx_word' id='word_1_573' title='bbox 1968 3748 2120 3802; x_wconf 89' lang='lat' dir='ltr'><strong>muni</strong></span> <span class='ocrx_word' id='word_1_574' title='bbox 2162 3747 2389 3803; x_wconf 87' lang='lat' dir='ltr'><strong>decreto</strong></span> <span class='ocrx_word' id='word_1_575' title='bbox 2411 3746 2731 3801; x_wconf 73' lang='lat' dir='ltr'><strong>confirmari</strong></span> <span class='ocrx_word' id='word_1_576' title='bbox 2765 3746 2951 3817; x_wconf 87' lang='lat' dir='ltr'><strong>jussit.</strong></span> <span class='ocrx_word' id='word_1_577' title='bbox 2989 3745 3094 3800; x_wconf 84' lang='lat' dir='ltr'>Sed</span> <span class='ocrx_word' id='word_1_578' title='bbox 3135 3745 3188 3824; x_wconf 84' lang='lat' dir='ltr'>id</span> <span class='ocrx_word' id='word_1_579' title='bbox 3222 3745 3550 3816; x_wconf 83' lang='lat' dir='ltr'><strong>jurisjuran-</strong></span> 
     </span>
    </p>
   </div>
   <div class='ocr_carea' id='block_1_79' title="bbox 1967 3835 3547 3907">
    <p class='ocr_par' dir='ltr' id='par_1_79' title="bbox 1967 3835 3547 3907">
     <span class='ocr_line' id='line_1_79' title="bbox 1967 3835 3547 3907; baseline -0.004 -13"><span class='ocrx_word' id='word_1_580' title='bbox 1967 3843 2097 3894; x_wconf 87' lang='lat' dir='ltr'>dum</span> <span class='ocrx_word' id='word_1_581' title='bbox 2125 3857 2233 3893; x_wconf 92' lang='lat' dir='ltr'>non</span> <span class='ocrx_word' id='word_1_582' title='bbox 2276 3839 2370 3894; x_wconf 92' lang='lat' dir='ltr'>diu</span> <span class='ocrx_word' id='word_1_583' title='bbox 2399 3840 2682 3904; x_wconf 90' lang='lat' dir='ltr'><strong>servavit,</strong></span> <span class='ocrx_word' id='word_1_584' title='bbox 2723 3839 2841 3907; x_wconf 89' lang='lat' dir='ltr'><strong>ipso</strong></span> <span class='ocrx_word' id='word_1_585' title='bbox 2871 3838 3018 3892; x_wconf 85' lang='lat' dir='ltr'><strong>Julio</strong></span> <span class='ocrx_word' id='word_1_586' title='bbox 3067 3836 3307 3900; x_wconf 89' lang='lat' dir='ltr'><strong>Solone,</strong></span> <span class='ocrx_word' id='word_1_587' title='bbox 3348 3835 3441 3907; x_wconf 92' lang='lat' dir='ltr'>qui</span> <span class='ocrx_word' id='word_1_588' title='bbox 3493 3835 3547 3888; x_wconf 86' lang='lat' dir='ltr'><strong>i‘d</strong></span> 
     </span>
    </p>
   </div>
   <div class='ocr_carea' id='block_1_80' title="bbox 1966 3932 3548 4000">
    <p class='ocr_par' dir='ltr' id='par_1_80' title="bbox 1966 3932 3548 4000">
     <span class='ocr_line' id='line_1_80' title="bbox 1966 3932 3548 4000; baseline -0.003 -11"><span class='ocrx_word' id='word_1_589' title='bbox 1966 3935 2253 3990; x_wconf 89' lang='lat' dir='ltr'><strong>decretum</strong></span> <span class='ocrx_word' id='word_1_590' title='bbox 2286 3933 2355 3988; x_wconf 91' lang='lat' dir='ltr'>de</span> <span class='ocrx_word' id='word_1_591' title='bbox 2379 3934 2526 3987; x_wconf 89' lang='lat' dir='ltr'><strong>illius</strong></span> <span class='ocrx_word' id='word_1_592' title='bbox 2553 3933 2828 3987; x_wconf 89' lang='lat' dir='ltr'><strong>sententia</strong></span> <span class='ocrx_word' id='word_1_593' title='bbox 2863 3933 3181 4000; x_wconf 85' lang='lat' dir='ltr'><strong>scripserat,</strong></span> <span class='ocrx_word' id='word_1_594' title='bbox 3216 3946 3328 3984; x_wconf 91' lang='lat' dir='ltr'>non</span> <span class='ocrx_word' id='word_1_595' title='bbox 3373 3932 3548 3985; x_wconf 89' lang='lat' dir='ltr'><strong>multo</strong></span> 
     </span>
    </p>
   </div>
   <div class='ocr_carea' id='block_1_81' title="bbox 1966 4021 3548 4097">
    <p class='ocr_par' dir='ltr' id='par_1_81' title="bbox 1966 4021 3548 4097">
     <span class='ocr_line' id='line_1_81' title="bbox 1966 4021 3548 4097; baseline -0.003 -16"><span class='ocrx_word' id='word_1_596' title='bbox 1966 4037 2093 4097; x_wconf 92' lang='lat' dir='ltr'><strong>post</strong></span> <span class='ocrx_word' id='word_1_597' title='bbox 2138 4026 2362 4088; x_wconf 91' lang='lat' dir='ltr'><strong>occiso,</strong></span> <span class='ocrx_word' id='word_1_598' title='bbox 2408 4033 2573 4094; x_wconf 88' lang='lat' dir='ltr'><strong>atque</strong></span> <span class='ocrx_word' id='word_1_599' title='bbox 2623 4023 2745 4079; x_wconf 87' lang='lat' dir='ltr'><strong>aliis</strong></span> <span class='ocrx_word' id='word_1_600' title='bbox 2802 4023 2992 4077; x_wconf 91' lang='lat' dir='ltr'><strong>multis</strong></span> <span class='ocrx_word' id='word_1_601' title='bbox 3040 4021 3274 4076; x_wconf 86' lang='lat' dir='ltr'><strong>sublatis</strong></span> <span class='ocrx_word' id='word_1_602' title='bbox 3313 4039 3328 4076; x_wconf 90' lang='lat'><strong>:</strong></span> <span class='ocrx_word' id='word_1_603' title='bbox 3369 4037 3548 4090; x_wconf 89' lang='lat' dir='ltr'><strong>eaque</strong></span> 
     </span>
    </p>
   </div>
   <div class='ocr_carea' id='block_1_82' title="bbox 1965 4113 3546 4188">
    <p class='ocr_par' dir='ltr' id='par_1_82' title="bbox 1965 4113 3546 4188">
     <span class='ocr_line' id='line_1_82' title="bbox 1965 4113 3546 4188; baseline -0.004 -14"><span class='ocrx_word' id='word_1_604' title='bbox 1965 4119 2118 4182; x_wconf 78' lang='lat' dir='ltr'><strong>fecit,</strong></span> <span class='ocrx_word' id='word_1_605' title='bbox 2153 4133 2274 4188; x_wconf 70' lang='lat' dir='ltr'><strong>qua:</strong></span> <span class='ocrx_word' id='word_1_606' title='bbox 2309 4115 2525 4173; x_wconf 90' lang='lat' dir='ltr'><strong>senatui</strong></span> <span class='ocrx_word' id='word_1_607' title='bbox 2565 4116 2792 4170; x_wconf 91' lang='lat' dir='ltr'><strong>minime</strong></span> <span class='ocrx_word' id='word_1_608' title='bbox 2822 4115 2976 4170; x_wconf 90' lang='lat' dir='ltr'><strong>cordi</strong></span> <span class='ocrx_word' id='word_1_609' title='bbox 3005 4121 3211 4169; x_wconf 87' lang='lat' dir='ltr'><strong>essent.</strong></span> <span class='ocrx_word' id='word_1_610' title='bbox 3256 4113 3375 4168; x_wconf 82' lang='lat' dir='ltr'>Jam</span> <span class='ocrx_word' id='word_1_611' title='bbox 3421 4130 3546 4168; x_wconf 86' lang='lat' dir='ltr'>eum</span> 
     </span>
    </p>
   </div>
   <div class='ocr_carea' id='block_1_83' title="bbox 1969 4204 3550 4274">
    <p class='ocr_par' dir='ltr' id='par_1_83' title="bbox 1969 4204 3550 4274">
     <span class='ocr_line' id='line_1_83' title="bbox 1969 4204 3550 4274; baseline -0.004 -11"><span class='ocrx_word' id='word_1_612' title='bbox 1969 4210 2142 4264; x_wconf 88' lang='lat' dir='ltr'><strong>moris</strong></span> <span class='ocrx_word' id='word_1_613' title='bbox 2172 4216 2342 4274; x_wconf 84' lang='lat' dir='ltr'><strong>esset,</strong></span> <span class='ocrx_word' id='word_1_614' title='bbox 2389 4206 2657 4262; x_wconf 91' lang='lat' dir='ltr'><strong>satellites</strong></span> <span class='ocrx_word' id='word_1_615' title='bbox 2701 4221 2768 4260; x_wconf 81' lang='lat' dir='ltr'><strong>ex</strong></span> <span class='ocrx_word' id='word_1_616' title='bbox 2839 4205 2992 4259; x_wconf 85' lang='lat' dir='ltr'><strong>Italia</strong></span> <span class='ocrx_word' id='word_1_617' title='bbox 3037 4204 3367 4274; x_wconf 67' lang='lat' dir='ltr'><strong>caeterisque</strong></span> <span class='ocrx_word' id='word_1_618' title='bbox 3416 4219 3550 4274; x_wconf 71' lang='lat' dir='ltr'><strong>gen-</strong></span> 
     </span>
    </p>
   </div>
   <div class='ocr_carea' id='block_1_84' title="bbox 1968 4302 3550 4375">
    <p class='ocr_par' dir='ltr' id='par_1_84' title="bbox 1968 4302 3550 4375">
     <span class='ocr_line' id='line_1_84' title="bbox 1968 4302 3550 4375; baseline -0.003 -15"><span class='ocrx_word' id='word_1_619' title='bbox 1968 4305 2150 4369; x_wconf 83' lang='lat' dir='ltr'><strong>tibus,</strong></span> <span class='ocrx_word' id='word_1_620' title='bbox 2197 4321 2432 4375; x_wconf 90' lang='lat' dir='ltr'><strong>quarum</strong></span> <span class='ocrx_word' id='word_1_621' title='bbox 2482 4312 2540 4359; x_wconf 89' lang='lat' dir='ltr'>et</span> <span class='ocrx_word' id='word_1_622' title='bbox 2587 4305 2772 4359; x_wconf 89' lang='lat' dir='ltr'><strong>vultus</strong></span> <span class='ocrx_word' id='word_1_623' title='bbox 2821 4302 3178 4356; x_wconf 87' lang='lat' dir='ltr'><strong>humaniores</strong></span> <span class='ocrx_word' id='word_1_624' title='bbox 3244 4312 3302 4356; x_wconf 90' lang='lat' dir='ltr'>et</span> <span class='ocrx_word' id='word_1_625' title='bbox 3366 4315 3550 4355; x_wconf 89' lang='lat' dir='ltr'><strong>mores</strong></span> 
     </span>
    </p>
   </div>
   <div class='ocr_carea' id='block_1_85' title="bbox 1968 4393 3548 4466">
    <p class='ocr_par' dir='ltr' id='par_1_85' title="bbox 1968 4393 3548 4466">
     <span class='ocr_line' id='line_1_85' title="bbox 1968 4393 3548 4466; baseline -0.004 -15"><span class='ocrx_word' id='word_1_626' title='bbox 1968 4397 2335 4466; x_wconf 88' lang='lat' dir='ltr'><strong>simpliciores</strong></span> <span class='ocrx_word' id='word_1_627' title='bbox 2376 4404 2602 4460; x_wconf 90' lang='lat' dir='ltr'><strong>essent,</strong></span> <span class='ocrx_word' id='word_1_628' title='bbox 2639 4394 2805 4465; x_wconf 84' lang='lat' dir='ltr'><strong>deligi</strong></span> <span class='ocrx_word' id='word_1_629' title='bbox 2836 4413 2850 4450; x_wconf 87' lang='lat'><strong>:</strong></span> <span class='ocrx_word' id='word_1_630' title='bbox 2895 4393 3007 4452; x_wconf 84' lang='lat' dir='ltr'><strong>ille.</strong></span> <span class='ocrx_word' id='word_1_631' title='bbox 3037 4401 3240 4462; x_wconf 62' lang='lat' dir='ltr'><strong>praeter</strong></span> <span class='ocrx_word' id='word_1_632' title='bbox 3280 4393 3500 4447; x_wconf 89' lang='lat' dir='ltr'><strong>solitum</strong></span> <span class='ocrx_word' id='word_1_633' title='bbox 3528 4430 3548 4457; x_wconf 88' lang='lat'>,</span> 
     </span>
    </p>
   </div>
   <div class='ocr_carea' id='block_1_86' title="bbox 278 4478 1855 4555">
    <p class='ocr_par' dir='ltr' id='par_1_86' title="bbox 278 4478 1855 4552">
     <span class='ocr_line' id='line_1_86' title="bbox 278 4478 1855 4552; baseline 0 -15"><span class='ocrx_word' id='word_1_634' title='bbox 278 4500 393 4544; x_wconf 86' lang='grc' dir='ltr'>νου,</span> <span class='ocrx_word' id='word_1_635' title='bbox 413 4483 538 4546; x_wconf 78' lang='grc' dir='ltr'>τοὺς</span> <span class='ocrx_word' id='word_1_636' title='bbox 568 4483 1064 4552; x_wconf 79' lang='grc' dir='ltr'>σωματοφύλακας,</span> <span class='ocrx_word' id='word_1_637' title='bbox 1094 4483 1159 4536; x_wconf 90' lang='grc' dir='ltr'>ἐκ</span> <span class='ocrx_word' id='word_1_638' title='bbox 1185 4484 1285 4550; x_wconf 90' lang='grc' dir='ltr'>τῆς</span> <span class='ocrx_word' id='word_1_639' title='bbox 1321 4483 1555 4547; x_wconf 87' lang='grc' dir='ltr'>Ἰταλίας</span> <span class='ocrx_word' id='word_1_640' title='bbox 1581 4478 1741 4544; x_wconf 69' lang='grc' dir='ltr'>εἶναι,</span> <span class='ocrx_word' id='word_1_641' title='bbox 1769 4484 1855 4537; x_wconf 73' lang='grc' dir='ltr'>καὶ</span> 
     </span>
    </p>
   </div>
   <div class='ocr_carea' id='block_1_87' title="bbox 1962 4478 3548 4555">
    <p class='ocr_par' dir='ltr' id='par_1_87' title="bbox 1968 4479 3548 4555">
     <span class='ocr_line' id='line_1_87' title="bbox 1968 4479 3548 4555; baseline -0.006 -14"><span class='ocrx_word' id='word_1_642' title='bbox 1968 4489 2158 4541; x_wconf 91' lang='lat' dir='ltr'><strong>urbem</strong></span> <span class='ocrx_word' id='word_1_643' title='bbox 2191 4487 2462 4541; x_wconf 88' lang='lat' dir='ltr'><strong>militibus</strong></span> <span class='ocrx_word' id='word_1_644' title='bbox 2496 4495 2553 4540; x_wconf 89' lang='lat' dir='ltr'>et</span> <span class='ocrx_word' id='word_1_645' title='bbox 2591 4493 2822 4555; x_wconf 87' lang='lat' dir='ltr'><strong>aspectu</strong></span> <span class='ocrx_word' id='word_1_646' title='bbox 2865 4481 3218 4544; x_wconf 73' lang='lat' dir='ltr'><strong>szevissimis,</strong></span> <span class='ocrx_word' id='word_1_647' title='bbox 3264 4489 3319 4535; x_wconf 87' lang='lat' dir='ltr'>et</span> <span class='ocrx_word' id='word_1_648' title='bbox 3353 4479 3548 4533; x_wconf 86' lang='lat' dir='ltr'><strong>auditu</strong></span> 
     </span>
    </p>
   </div>
   <div class='ocr_carea' id='block_1_88' title="bbox 279 4575 1865 4648">
    <p class='ocr_par' dir='ltr' id='par_1_88' title="bbox 279 4575 1865 4648">
     <span class='ocr_line' id='line_1_88' title="bbox 279 4575 1865 4648; baseline 0.001 -20"><span class='ocrx_word' id='word_1_649' title='bbox 279 4575 459 4629; x_wconf 77' lang='grc' dir='ltr'>ἄλλων</span> <span class='ocrx_word' id='word_1_650' title='bbox 489 4575 661 4630; x_wconf 82' lang='grc' dir='ltr'>ἐθνῶν</span> <span class='ocrx_word' id='word_1_651' title='bbox 701 4577 1138 4648; x_wconf 82' lang='grc' dir='ltr'>ἐπιεικεστέρων</span> <span class='ocrx_word' id='word_1_652' title='bbox 1173 4579 1286 4640; x_wconf 85' lang='grc' dir='ltr'>τοῖς</span> <span class='ocrx_word' id='word_1_653' title='bbox 1319 4577 1509 4642; x_wconf 74' lang='grc' dir='ltr'>εἴδεσι,</span> <span class='ocrx_word' id='word_1_654' title='bbox 1535 4576 1630 4629; x_wconf 79' lang='grc' dir='ltr'>καὶ</span> <span class='ocrx_word' id='word_1_655' title='bbox 1663 4575 1865 4629; x_wconf 82' lang='grc' dir='ltr'>ἁπλου-</span> 
     </span>
    </p>
   </div>
   <div class='ocr_carea' id='block_1_89' title="bbox 279 4669 1864 4742">
    <p class='ocr_par' dir='ltr' id='par_1_89' title="bbox 279 4669 1864 4742">
     <span class='ocr_line' id='line_1_89' title="bbox 279 4669 1864 4742; baseline 0.001 -20"><span class='ocrx_word' id='word_1_656' title='bbox 279 4674 490 4742; x_wconf 79' lang='grc' dir='ltr'>στέρων</span> <span class='ocrx_word' id='word_1_657' title='bbox 520 4672 632 4734; x_wconf 86' lang='grc' dir='ltr'>τοῖς</span> <span class='ocrx_word' id='word_1_658' title='bbox 655 4671 836 4742; x_wconf 73' lang='grc' dir='ltr'>ἤθεσι,</span> <span class='ocrx_word' id='word_1_659' title='bbox 878 4672 1090 4732; x_wconf 83' lang='grc' dir='ltr'>ἐκεῖνος</span> <span class='ocrx_word' id='word_1_660' title='bbox 1119 4670 1272 4739; x_wconf 82' lang='grc' dir='ltr'>παρὰ</span> <span class='ocrx_word' id='word_1_661' title='bbox 1315 4670 1377 4723; x_wconf 76' lang='grc' dir='ltr'>τὸ</span> <span class='ocrx_word' id='word_1_662' title='bbox 1432 4669 1554 4732; x_wconf 81' lang='grc' dir='ltr'>ἔθος</span> <span class='ocrx_word' id='word_1_663' title='bbox 1595 4687 1864 4741; x_wconf 77' lang='grc' dir='ltr'>στρατιω-</span> 
     </span>
    </p>
   </div>
   <div class='ocr_carea' id='block_1_90' title="bbox 275 4761 1863 4832">
    <p class='ocr_par' dir='ltr' id='par_1_90' title="bbox 275 4761 1863 4832">
     <span class='ocr_line' id='line_1_90' title="bbox 275 4761 1863 4832; baseline -0.001 -17"><span class='ocrx_word' id='word_1_664' title='bbox 275 4762 388 4815; x_wconf 88' lang='grc' dir='ltr'>τῶν</span> <span class='ocrx_word' id='word_1_665' title='bbox 417 4761 515 4832; x_wconf 84' lang='grc' dir='ltr'>τὴν</span> <span class='ocrx_word' id='word_1_666' title='bbox 539 4762 696 4814; x_wconf 88' lang='grc' dir='ltr'>πόλιν</span> <span class='ocrx_word' id='word_1_667' title='bbox 725 4763 992 4832; x_wconf 85' lang='grc' dir='ltr'>ἐνέπλησε</span> <span class='ocrx_word' id='word_1_668' title='bbox 1033 4763 1130 4814; x_wconf 78' lang='grc' dir='ltr'>καὶ</span> <span class='ocrx_word' id='word_1_669' title='bbox 1165 4762 1294 4815; x_wconf 86' lang='grc' dir='ltr'>ἰδεῖν</span> <span class='ocrx_word' id='word_1_670' title='bbox 1347 4761 1732 4832; x_wconf 82' lang='grc' dir='ltr'>ἀγριωτάτων,</span> <span class='ocrx_word' id='word_1_671' title='bbox 1767 4761 1863 4813; x_wconf 75' lang='grc' dir='ltr'>καὶ</span> 
     </span>
    </p>
   </div>
   <div class='ocr_carea' id='block_1_91' title="bbox 276 4859 1860 4930">
    <p class='ocr_par' dir='ltr' id='par_1_91' title="bbox 276 4859 1860 4930">
     <span class='ocr_line' id='line_1_91' title="bbox 276 4859 1860 4930; baseline -0.002 -18"><span class='ocrx_word' id='word_1_672' title='bbox 276 4860 510 4914; x_wconf 81' lang='grc' dir='ltr'>ἀκοῦσαι</span> <span class='ocrx_word' id='word_1_673' title='bbox 533 4859 962 4930; x_wconf 77' lang='grc' dir='ltr'>φοϐερωτάτων,</span> <span class='ocrx_word' id='word_1_674' title='bbox 996 4860 1092 4913; x_wconf 72' lang='grc' dir='ltr'>καὶ</span> <span class='ocrx_word' id='word_1_675' title='bbox 1117 4859 1382 4929; x_wconf 83' lang='grc' dir='ltr'>ὁμιλῆσαι</span> <span class='ocrx_word' id='word_1_676' title='bbox 1422 4859 1860 4928; x_wconf 85' lang='grc' dir='ltr'>ἀγροικοτάτων.</span> 
     </span>
    </p>
   </div>
   <div class='ocr_carea' id='block_1_92' title="bbox 291 4950 1864 5023">
    <p class='ocr_par' dir='ltr' id='par_1_92' title="bbox 291 4950 1864 5023">
     <span class='ocr_line' id='line_1_92' title="bbox 291 4950 1864 5023; baseline 0.001 -21"><span class='ocrx_word' id='word_1_677' title='bbox 291 4951 547 5019; x_wconf 83' lang='grc' dir='ltr'>Ἐγένετο</span> <span class='ocrx_word' id='word_1_678' title='bbox 579 4951 636 5004; x_wconf 85' lang='grc' dir='ltr'>δέ</span> <span class='ocrx_word' id='word_1_679' title='bbox 668 4950 821 5022; x_wconf 85' lang='grc' dir='ltr'>αὐτῷ</span> <span class='ocrx_word' id='word_1_680' title='bbox 846 4953 1053 5023; x_wconf 87' lang='grc' dir='ltr'>σημεῖά</span> <span class='ocrx_word' id='word_1_681' title='bbox 1084 4968 1210 5006; x_wconf 86' lang='grc' dir='ltr'>τινα</span> <span class='ocrx_word' id='word_1_682' title='bbox 1257 4953 1358 5019; x_wconf 85' lang='grc' dir='ltr'>τὴν</span> <span class='ocrx_word' id='word_1_683' title='bbox 1391 4952 1692 5022; x_wconf 83' lang='grc' dir='ltr'>ἡγεμονίαν</span> <span class='ocrx_word' id='word_1_684' title='bbox 1731 4969 1864 5022; x_wconf 85' lang='grc' dir='ltr'>προ-</span> 
     </span>
    </p>
   </div>
   <div class='ocr_carea' id='block_1_93' title="bbox 281 5043 1851 5115">
    <p class='ocr_par' dir='ltr' id='par_1_93' title="bbox 281 5043 1851 5115">
     <span class='ocr_line' id='line_1_93' title="bbox 281 5043 1851 5115; baseline -0.001 -18"><span class='ocrx_word' id='word_1_685' title='bbox 281 5045 683 5114; x_wconf 87' lang='grc' dir='ltr'>μαντευόμενα.</span> <span class='ocrx_word' id='word_1_686' title='bbox 720 5043 908 5111; x_wconf 72' lang='grc' dir='ltr'>Ἔδοξε</span> <span class='ocrx_word' id='word_1_687' title='bbox 942 5061 1074 5097; x_wconf 84' lang='grc' dir='ltr'>ποτε</span> <span class='ocrx_word' id='word_1_688' title='bbox 1093 5043 1229 5115; x_wconf 74' lang='grc' dir='ltr'>ὄναρ</span> <span class='ocrx_word' id='word_1_689' title='bbox 1257 5044 1521 5098; x_wconf 83' lang='grc' dir='ltr'>λύκαιναν</span> <span class='ocrx_word' id='word_1_690' title='bbox 1566 5043 1851 5114; x_wconf 75' lang='grc' dir='ltr'>θηλάζειν,</span> 
     </span>
    </p>
   </div>
   <div class='ocr_carea' id='block_1_94' title="bbox 281 5135 1866 5209">
    <p class='ocr_par' dir='ltr' id='par_1_94' title="bbox 281 5135 1866 5209">
     <span class='ocr_line' id='line_1_94' title="bbox 281 5135 1866 5209; baseline -0.001 -19"><span class='ocrx_word' id='word_1_691' title='bbox 281 5138 356 5201; x_wconf 77' lang='grc' dir='ltr'>ὡς</span> <span class='ocrx_word' id='word_1_692' title='bbox 387 5139 518 5207; x_wconf 74' lang='grc' dir='ltr'>περὶ</span> <span class='ocrx_word' id='word_1_693' title='bbox 568 5137 857 5208; x_wconf 90' lang='grc' dir='ltr'>Ῥωμύλου</span> <span class='ocrx_word' id='word_1_694' title='bbox 899 5138 1212 5209; x_wconf 67' lang='grc' dir='ltr'>ἱστόρηταισ</span> <span class='ocrx_word' id='word_1_695' title='bbox 1244 5137 1339 5190; x_wconf 75' lang='grc' dir='ltr'>καὶ</span> <span class='ocrx_word' id='word_1_696' title='bbox 1374 5135 1520 5208; x_wconf 78' lang='grc' dir='ltr'>ὕδωρ</span> <span class='ocrx_word' id='word_1_697' title='bbox 1573 5135 1866 5190; x_wconf 63' lang='grc' dir='ltr'>καθεύδον.</span> 
     </span>
    </p>
   </div>
   <div class='ocr_carea' id='block_1_95' title="bbox 278 5225 1863 5302">
    <p class='ocr_par' dir='ltr' id='par_1_95' title="bbox 278 5225 1863 5302">
     <span class='ocr_line' id='line_1_95' title="bbox 278 5225 1863 5302; baseline -0.003 -18"><span class='ocrx_word' id='word_1_698' title='bbox 278 5244 371 5295; x_wconf 80' lang='grc' dir='ltr'>τος</span> <span class='ocrx_word' id='word_1_699' title='bbox 403 5230 595 5302; x_wconf 86' lang='grc' dir='ltr'>ῶσπερ</span> <span class='ocrx_word' id='word_1_700' title='bbox 644 5231 709 5284; x_wconf 86' lang='grc' dir='ltr'>ἐκ</span> <span class='ocrx_word' id='word_1_701' title='bbox 769 5229 957 5300; x_wconf 88' lang='grc' dir='ltr'>πηγῆς</span> <span class='ocrx_word' id='word_1_702' title='bbox 1014 5229 1269 5299; x_wconf 84' lang='grc' dir='ltr'>ἀνεδόθη,</span> <span class='ocrx_word' id='word_1_703' title='bbox 1321 5229 1416 5281; x_wconf 69' lang='grc' dir='ltr'>καὶ</span> <span class='ocrx_word' id='word_1_704' title='bbox 1474 5226 1599 5282; x_wconf 88' lang='grc' dir='ltr'>καθ’</span> <span class='ocrx_word' id='word_1_705' title='bbox 1660 5225 1863 5292; x_wconf 77' lang='grc' dir='ltr'>ὕπνους</span> 
     </span>
    </p>
   </div>
   <div class='ocr_carea' id='block_1_96' title="bbox 280 5320 1863 5395">
    <p class='ocr_par' dir='ltr' id='par_1_96' title="bbox 280 5320 1863 5395">
     <span class='ocr_line' id='line_1_96' title="bbox 280 5320 1863 5395; baseline -0.003 -19"><span class='ocrx_word' id='word_1_706' title='bbox 280 5324 434 5395; x_wconf 73' lang='grc' dir='ltr'>αὐτῷ</span> <span class='ocrx_word' id='word_1_707' title='bbox 465 5325 499 5394; x_wconf 80' lang='grc' dir='ltr'><strong>ή</strong></span> <span class='ocrx_word' id='word_1_708' title='bbox 532 5324 642 5378; x_wconf 88' lang='grc' dir='ltr'>τῶν</span> <span class='ocrx_word' id='word_1_709' title='bbox 676 5322 972 5394; x_wconf 80' lang='grc' dir='ltr'>Ῥωμαίων</span> <span class='ocrx_word' id='word_1_710' title='bbox 1000 5322 1270 5393; x_wconf 83' lang='grc' dir='ltr'>σύμπασα</span> <span class='ocrx_word' id='word_1_711' title='bbox 1300 5320 1467 5392; x_wconf 83' lang='grc' dir='ltr'>βουλὴ</span> <span class='ocrx_word' id='word_1_712' title='bbox 1500 5321 1597 5375; x_wconf 80' lang='grc' dir='ltr'>καὶ</span> <span class='ocrx_word' id='word_1_713' title='bbox 1628 5323 1655 5374; x_wconf 87' lang='grc' dir='ltr'>ό</span> <span class='ocrx_word' id='word_1_714' title='bbox 1689 5320 1863 5390; x_wconf 79' lang='grc' dir='ltr'>δῆμος</span> 
     </span>
    </p>
   </div>
   <div class='ocr_carea' id='block_1_97' title="bbox 283 5408 1860 5486">
    <p class='ocr_par' dir='ltr' id='par_1_97' title="bbox 283 5408 1860 5486">
     <span class='ocr_line' id='line_1_97' title="bbox 283 5408 1860 5486; baseline -0.004 -20"><span class='ocrx_word' id='word_1_715' title='bbox 283 5414 519 5485; x_wconf 76' lang='grc' dir='ltr'>προσῄει</span> <span class='ocrx_word' id='word_1_716' title='bbox 557 5433 619 5469; x_wconf 86' lang='grc' dir='ltr'>τε</span> <span class='ocrx_word' id='word_1_717' title='bbox 659 5416 754 5468; x_wconf 74' lang='grc' dir='ltr'>καὶ</span> <span class='ocrx_word' id='word_1_718' title='bbox 780 5413 1084 5486; x_wconf 80' lang='grc' dir='ltr'>ἠσπάζετο.</span> <span class='ocrx_word' id='word_1_719' title='bbox 1114 5413 1223 5466; x_wconf 70' lang='grc' dir='ltr'>Καὶ</span> <span class='ocrx_word' id='word_1_720' title='bbox 1250 5408 1410 5474; x_wconf 83' lang='grc' dir='ltr'>αὖθις</span> <span class='ocrx_word' id='word_1_721' title='bbox 1467 5410 1647 5464; x_wconf 84' lang='grc' dir='ltr'>ἐδόκει</span> <span class='ocrx_word' id='word_1_722' title='bbox 1707 5410 1766 5461; x_wconf 90' lang='grc' dir='ltr'>ἐν</span> <span class='ocrx_word' id='word_1_723' title='bbox 1793 5411 1860 5479; x_wconf 78' lang='grc' dir='ltr'>τῇ</span> 
     </span>
    </p>
   </div>
   <div class='ocr_carea' id='block_1_98' title="bbox 281 5497 1862 5579">
    <p class='ocr_par' dir='ltr' id='par_1_98' title="bbox 281 5497 1862 5579">
     <span class='ocr_line' id='line_1_98' title="bbox 281 5497 1862 5579; baseline -0.005 -19"><span class='ocrx_word' id='word_1_724' title='bbox 281 5508 462 5579; x_wconf 82' lang='grc' dir='ltr'>ἀγορᾷ</span> <span class='ocrx_word' id='word_1_725' title='bbox 487 5510 555 5578; x_wconf 79' lang='grc' dir='ltr'>τῇ</span> <span class='ocrx_word' id='word_1_726' title='bbox 597 5508 850 5576; x_wconf 56' lang='grc' dir='ltr'>Ῥωμαία</span> <span class='ocrx_word' id='word_1_727' title='bbox 895 5503 1200 5559; x_wconf 76' lang='grc' dir='ltr'>ἱππεύοντα</span> <span class='ocrx_word' id='word_1_728' title='bbox 1258 5503 1348 5556; x_wconf 77' lang='grc' dir='ltr'>τὸν</span> <span class='ocrx_word' id='word_1_729' title='bbox 1399 5502 1712 5572; x_wconf 86' lang='grc' dir='ltr'>Περτίνακα</span> <span class='ocrx_word' id='word_1_730' title='bbox 1765 5497 1862 5552; x_wconf 83' lang='grc' dir='ltr'>τοῦ</span> 
     </span>
    </p>
   </div>
   <div class='ocr_carea' id='block_1_99' title="bbox 281 5594 1864 5672">
    <p class='ocr_par' dir='ltr' id='par_1_99' title="bbox 281 5594 1864 5672">
     <span class='ocr_line' id='line_1_99' title="bbox 281 5594 1864 5672; baseline -0.007 -17"><span class='ocrx_word' id='word_1_731' title='bbox 281 5603 453 5656; x_wconf 80' lang='grc' dir='ltr'>ἵππου</span> <span class='ocrx_word' id='word_1_732' title='bbox 489 5602 920 5672; x_wconf 74' lang='grc' dir='ltr'>ἀπορῤιφθῆναι,</span> <span class='ocrx_word' id='word_1_733' title='bbox 974 5599 1138 5660; x_wconf 69' lang='grc' dir='ltr'>αὐτὸς</span> <span class='ocrx_word' id='word_1_734' title='bbox 1171 5597 1228 5650; x_wconf 89' lang='grc' dir='ltr'>δέ</span> <span class='ocrx_word' id='word_1_735' title='bbox 1253 5597 1446 5650; x_wconf 89' lang='grc' dir='ltr'>τούτου</span> <span class='ocrx_word' id='word_1_736' title='bbox 1479 5594 1699 5656; x_wconf 84' lang='grc' dir='ltr'>ἑκόντος</span> <span class='ocrx_word' id='word_1_737' title='bbox 1741 5594 1864 5645; x_wconf 85' lang='grc' dir='ltr'>ἐπι-</span> 
     </span>
    </p>
   </div>
   <div class='ocr_carea' id='block_1_100' title="bbox 280 5686 1864 5765">
    <p class='ocr_par' dir='ltr' id='par_1_100' title="bbox 280 5686 1864 5765">
     <span class='ocr_line' id='line_1_100' title="bbox 280 5686 1864 5765; baseline -0.007 -17"><span class='ocrx_word' id='word_1_738' title='bbox 280 5695 568 5751; x_wconf 75' lang='grc' dir='ltr'>λαϐέσθαι.</span> <span class='ocrx_word' id='word_1_739' title='bbox 602 5696 846 5765; x_wconf 81' lang='grc' dir='ltr'>Ἔφηὸος</span> <span class='ocrx_word' id='word_1_740' title='bbox 869 5694 924 5748; x_wconf 88' lang='grc' dir='ltr'>δέ</span> <span class='ocrx_word' id='word_1_741' title='bbox 953 5693 1028 5746; x_wconf 84' lang='grc' dir='ltr'>ῶν</span> <span class='ocrx_word' id='word_1_742' title='bbox 1068 5694 1125 5755; x_wconf 83' lang='grc' dir='ltr'>ἐς</span> <span class='ocrx_word' id='word_1_743' title='bbox 1175 5690 1266 5744; x_wconf 77' lang='grc' dir='ltr'>τὸν</span> <span class='ocrx_word' id='word_1_744' title='bbox 1333 5689 1612 5758; x_wconf 85' lang='grc' dir='ltr'>βασιλικὸν</span> <span class='ocrx_word' id='word_1_745' title='bbox 1674 5686 1864 5756; x_wconf 78' lang='grc' dir='ltr'>δίφρον</span> 
     </span>
    </p>
   </div>
   <div class='ocr_carea' id='block_1_101' title="bbox 281 5778 1863 5860">
    <p class='ocr_par' dir='ltr' id='par_1_101' title="bbox 281 5778 1863 5860">
     <span class='ocr_line' id='line_1_101' title="bbox 281 5778 1863 5860; baseline -0.008 -18"><span class='ocrx_word' id='word_1_746' title='bbox 281 5789 522 5860; x_wconf 84' lang='grc' dir='ltr'>ἀγνοῶν,</span> <span class='ocrx_word' id='word_1_747' title='bbox 558 5784 675 5843; x_wconf 80' lang='grc' dir='ltr'>ἀλλ’</span> <span class='ocrx_word' id='word_1_748' title='bbox 701 5788 802 5842; x_wconf 82' lang='grc' dir='ltr'>οὐκ</span> <span class='ocrx_word' id='word_1_749' title='bbox 852 5789 915 5842; x_wconf 83' lang='grc' dir='ltr'>ἐκ</span> <span class='ocrx_word' id='word_1_750' title='bbox 955 5785 1234 5858; x_wconf 78' lang='grc' dir='ltr'>προνοίας</span> <span class='ocrx_word' id='word_1_751' title='bbox 1272 5778 1695 5853; x_wconf 81' lang='grc' dir='ltr'>ὑπερεκάθισεν.</span> <span class='ocrx_word' id='word_1_752' title='bbox 1759 5779 1863 5832; x_wconf 79' lang='grc' dir='ltr'>Αὐ-</span> 
     </span>
    </p>
   </div>
   <div class='ocr_carea' id='block_1_102' title="bbox 1970 4571 3550 4644">
    <p class='ocr_par' dir='ltr' id='par_1_102' title="bbox 1970 4571 3550 4644">
     <span class='ocr_line' id='line_1_102' title="bbox 1970 4571 3550 4644; baseline -0.008 -9"><span class='ocrx_word' id='word_1_753' title='bbox 1970 4579 2294 4644; x_wconf 88' lang='lat' dir='ltr'><strong>horrendis,</strong></span> <span class='ocrx_word' id='word_1_754' title='bbox 2325 4587 2381 4633; x_wconf 91' lang='lat' dir='ltr'>et</span> <span class='ocrx_word' id='word_1_755' title='bbox 2419 4592 2449 4631; x_wconf 91' lang='lat' dir='ltr'>a</span> <span class='ocrx_word' id='word_1_756' title='bbox 2481 4576 2746 4631; x_wconf 86' lang='lat' dir='ltr'><strong>civilitate</strong></span> <span class='ocrx_word' id='word_1_757' title='bbox 2777 4589 2990 4628; x_wconf 88' lang='lat' dir='ltr'><strong>morum</strong></span> <span class='ocrx_word' id='word_1_758' title='bbox 3037 4571 3392 4628; x_wconf 86' lang='lat' dir='ltr'><strong>alienissimis</strong></span> <span class='ocrx_word' id='word_1_759' title='bbox 3441 4571 3550 4624; x_wconf 90' lang='lat' dir='ltr'><strong>im-</strong></span> 
     </span>
    </p>
   </div>
   <div class='ocr_carea' id='block_1_103' title="bbox 1969 4665 3554 4742">
    <p class='ocr_par' dir='ltr' id='par_1_103' title="bbox 1969 4665 3554 4742">
     <span class='ocr_line' id='line_1_103' title="bbox 1969 4665 3554 4742; baseline -0.005 -17"><span class='ocrx_word' id='word_1_760' title='bbox 1969 4675 2157 4742; x_wconf 87' lang='lat' dir='ltr'><strong>plevit.</strong></span> <span class='ocrx_word' id='word_1_761' title='bbox 2204 4672 2500 4742; x_wconf 89' lang='lat' dir='ltr'><strong>Imperium</strong></span> <span class='ocrx_word' id='word_1_762' title='bbox 2545 4670 2596 4725; x_wconf 91' lang='lat' dir='ltr'>ei</span> <span class='ocrx_word' id='word_1_763' title='bbox 2655 4668 2828 4740; x_wconf 83' lang='lat' dir='ltr'><strong>signis</strong></span> <span class='ocrx_word' id='word_1_764' title='bbox 2878 4667 3208 4738; x_wconf 87' lang='lat' dir='ltr'><strong>quibusdam</strong></span> <span class='ocrx_word' id='word_1_765' title='bbox 3264 4665 3554 4736; x_wconf 65' lang='lat' dir='ltr'><strong>praesigni-</strong></span> 
     </span>
    </p>
   </div>
   <div class='ocr_carea' id='block_1_104' title="bbox 1969 4761 3554 4833">
    <p class='ocr_par' dir='ltr' id='par_1_104' title="bbox 1969 4761 3554 4833">
     <span class='ocr_line' id='line_1_104' title="bbox 1969 4761 3554 4833; baseline -0.004 -15"><span class='ocrx_word' id='word_1_766' title='bbox 1969 4765 2191 4819; x_wconf 85' lang='lat' dir='ltr'><strong>Iicatum</strong></span> <span class='ocrx_word' id='word_1_767' title='bbox 2226 4774 2330 4819; x_wconf 88' lang='lat' dir='ltr'><strong>est.</strong></span> <span class='ocrx_word' id='word_1_768' title='bbox 2379 4762 2513 4817; x_wconf 79' lang='lat' dir='ltr'><strong>Nam</strong></span> <span class='ocrx_word' id='word_1_769' title='bbox 2557 4761 2856 4833; x_wconf 87' lang='lat' dir='ltr'><strong>aliquando</strong></span> <span class='ocrx_word' id='word_1_770' title='bbox 2890 4775 2948 4814; x_wconf 90' lang='lat' dir='ltr'>se</span> <span class='ocrx_word' id='word_1_771' title='bbox 2987 4761 3172 4829; x_wconf 89' lang='lat' dir='ltr'><strong>lupam</strong></span> <span class='ocrx_word' id='word_1_772' title='bbox 3220 4775 3415 4825; x_wconf 80' lang='lat' dir='ltr'><strong>sugere</strong></span> <span class='ocrx_word' id='word_1_773' title='bbox 3439 4799 3452 4816; x_wconf 84' lang='lat'><em>.</em></span> <span class='ocrx_word' id='word_1_774' title='bbox 3492 4767 3554 4812; x_wconf 84' lang='lat' dir='ltr'>ut.</span> 
     </span>
    </p>
   </div>
   <div class='ocr_carea' id='block_1_105' title="bbox 1967 4852 3558 4925">
    <p class='ocr_par' dir='ltr' id='par_1_105' title="bbox 1967 4852 3558 4925">
     <span class='ocr_line' id='line_1_105' title="bbox 1967 4852 3558 4925; baseline -0.005 -15"><span class='ocrx_word' id='word_1_775' title='bbox 1967 4856 2036 4912; x_wconf 90' lang='lat' dir='ltr'>de</span> <span class='ocrx_word' id='word_1_776' title='bbox 2088 4857 2323 4910; x_wconf 82' lang='lat' dir='ltr'><strong>Romqu</strong></span> <span class='ocrx_word' id='word_1_777' title='bbox 2357 4855 2640 4925; x_wconf 90' lang='lat' dir='ltr'><strong>proditum</strong></span> <span class='ocrx_word' id='word_1_778' title='bbox 2702 4862 2787 4908; x_wconf 91' lang='lat' dir='ltr'>est</span> <span class='ocrx_word' id='word_1_779' title='bbox 2815 4895 2830 4918; x_wconf 92' lang='lat'>,</span> <span class='ocrx_word' id='word_1_780' title='bbox 2879 4852 3179 4906; x_wconf 87' lang='lat' dir='ltr'><strong>somniavit</strong></span> <span class='ocrx_word' id='word_1_781' title='bbox 3213 4869 3226 4904; x_wconf 88' lang='lat'><strong>:</strong></span> <span class='ocrx_word' id='word_1_782' title='bbox 3260 4866 3326 4904; x_wconf 78' lang='lat' dir='ltr'><strong>cx</strong></span> <span class='ocrx_word' id='word_1_783' title='bbox 3375 4863 3558 4918; x_wconf 80' lang='lat' dir='ltr'><strong>eoque</strong></span> 
     </span>
    </p>
   </div>
   <div class='ocr_carea' id='block_1_106' title="bbox 1967 4939 3552 5016">
    <p class='ocr_par' dir='ltr' id='par_1_106' title="bbox 1967 4939 3552 5016">
     <span class='ocr_line' id='line_1_106' title="bbox 1967 4939 3552 5016; baseline -0.006 -14"><span class='ocrx_word' id='word_1_784' title='bbox 1967 4949 2276 5002; x_wconf 67' lang='lat' dir='ltr'><strong>dormiente</strong></span> <span class='ocrx_word' id='word_1_785' title='bbox 2304 4963 2467 5016; x_wconf 90' lang='lat' dir='ltr'><strong>aqua,</strong></span> <span class='ocrx_word' id='word_1_786' title='bbox 2521 4955 2779 5015; x_wconf 88' lang='lat' dir='ltr'><strong>tanquam</strong></span> <span class='ocrx_word' id='word_1_787' title='bbox 2807 4960 2836 4999; x_wconf 93' lang='lat' dir='ltr'>e</span> <span class='ocrx_word' id='word_1_788' title='bbox 2866 4943 3018 4998; x_wconf 83' lang='lat' dir='ltr'><strong>fonte</strong></span> <span class='ocrx_word' id='word_1_789' title='bbox 3061 4942 3336 5003; x_wconf 89' lang='lat' dir='ltr'><strong>seaturiit.</strong></span> <span class='ocrx_word' id='word_1_790' title='bbox 3387 4950 3442 4994; x_wconf 89' lang='lat' dir='ltr'>et</span> <span class='ocrx_word' id='word_1_791' title='bbox 3493 4939 3552 4992; x_wconf 85' lang='lat' dir='ltr'>in</span> 
     </span>
    </p>
   </div>
   <div class='ocr_carea' id='block_1_107' title="bbox 1967 5029 3550 5107">
    <p class='ocr_par' dir='ltr' id='par_1_107' title="bbox 1967 5029 3550 5107">
     <span class='ocr_line' id='line_1_107' title="bbox 1967 5029 3550 5107; baseline -0.008 -13"><span class='ocrx_word' id='word_1_792' title='bbox 1967 5038 2180 5094; x_wconf 89' lang='lat' dir='ltr'><strong>somnis</strong></span> <span class='ocrx_word' id='word_1_793' title='bbox 2209 5054 2239 5093; x_wconf 91' lang='lat' dir='ltr'>a</span> <span class='ocrx_word' id='word_1_794' title='bbox 2271 5045 2464 5092; x_wconf 89' lang='lat' dir='ltr'><strong>senatu</strong></span> <span class='ocrx_word' id='word_1_795' title='bbox 2502 5036 2818 5107; x_wconf 81' lang='lat' dir='ltr'><strong>pepuloque</strong></span> <span class='ocrx_word' id='word_1_796' title='bbox 2863 5034 3116 5088; x_wconf 84' lang='lat' dir='ltr'><strong>Romano</strong></span> <span class='ocrx_word' id='word_1_797' title='bbox 3165 5031 3392 5087; x_wconf 90' lang='lat' dir='ltr'><strong>salutari</strong></span> <span class='ocrx_word' id='word_1_798' title='bbox 3440 5029 3550 5083; x_wconf 89' lang='lat' dir='ltr'><strong>sibi</strong></span> 
     </span>
    </p>
   </div>
   <div class='ocr_carea' id='block_1_108' title="bbox 1965 5125 3548 5196">
    <p class='ocr_par' dir='ltr' id='par_1_108' title="bbox 1965 5125 3548 5196">
     <span class='ocr_line' id='line_1_108' title="bbox 1965 5125 3548 5196; baseline -0.006 -14"><span class='ocrx_word' id='word_1_799' title='bbox 1965 5131 2118 5185; x_wconf 91' lang='lat' dir='ltr'><strong>visus</strong></span> <span class='ocrx_word' id='word_1_800' title='bbox 2145 5138 2252 5184; x_wconf 87' lang='lat' dir='ltr'><strong>est.</strong></span> <span class='ocrx_word' id='word_1_801' title='bbox 2285 5129 2534 5184; x_wconf 81' lang='lat' dir='ltr'><strong>Accessit</strong></span> <span class='ocrx_word' id='word_1_802' title='bbox 2567 5127 2718 5182; x_wconf 90' lang='lat' dir='ltr'><strong>aliud</strong></span> <span class='ocrx_word' id='word_1_803' title='bbox 2758 5142 2981 5196; x_wconf 93' lang='lat' dir='ltr'><strong>quoque</strong></span> <span class='ocrx_word' id='word_1_804' title='bbox 3031 5125 3304 5181; x_wconf 91' lang='lat' dir='ltr'><strong>somnium</strong></span> <span class='ocrx_word' id='word_1_805' title='bbox 3341 5139 3354 5175; x_wconf 88' lang='lat'>:</span> <span class='ocrx_word' id='word_1_806' title='bbox 3385 5131 3548 5190; x_wconf 83' lang='lat' dir='ltr'><strong>puta-</strong></span> 
     </span>
    </p>
   </div>
   <div class='ocr_carea' id='block_1_109' title="bbox 1966 5214 3550 5293">
    <p class='ocr_par' dir='ltr' id='par_1_109' title="bbox 1966 5214 3550 5293">
     <span class='ocr_line' id='line_1_109' title="bbox 1966 5214 3550 5293; baseline -0.008 -14"><span class='ocrx_word' id='word_1_807' title='bbox 1966 5225 2060 5279; x_wconf 85' lang='lat' dir='ltr'>bat</span> <span class='ocrx_word' id='word_1_808' title='bbox 2089 5223 2437 5279; x_wconf 51' lang='lat' dir='ltr'><strong>Pertinact&#39;m</strong></span> <span class='ocrx_word' id='word_1_809' title='bbox 2503 5237 2602 5293; x_wconf 91' lang='lat' dir='ltr'>per</span> <span class='ocrx_word' id='word_1_810' title='bbox 2648 5220 2829 5276; x_wconf 83' lang='lat' dir='ltr'><strong>forum</strong></span> <span class='ocrx_word' id='word_1_811' title='bbox 2891 5219 3255 5288; x_wconf 89' lang='lat' dir='ltr'><strong>equitantem,</strong></span> <span class='ocrx_word' id='word_1_812' title='bbox 3291 5214 3361 5268; x_wconf 87' lang='lat' dir='ltr'>ab</span> <span class='ocrx_word' id='word_1_813' title='bbox 3402 5227 3550 5281; x_wconf 87' lang='lat' dir='ltr'><strong>equo</strong></span> 
     </span>
    </p>
   </div>
   <div class='ocr_carea' id='block_1_110' title="bbox 1964 5307 3552 5385">
    <p class='ocr_par' dir='ltr' id='par_1_110' title="bbox 1964 5307 3552 5385">
     <span class='ocr_line' id='line_1_110' title="bbox 1964 5307 3552 5385; baseline -0.009 -14"><span class='ocrx_word' id='word_1_814' title='bbox 1964 5317 2172 5380; x_wconf 79' lang='lat' dir='ltr'><strong>excuti,</strong></span> <span class='ocrx_word' id='word_1_815' title='bbox 2201 5314 2294 5384; x_wconf 92' lang='lat' dir='ltr'>qui</span> <span class='ocrx_word' id='word_1_816' title='bbox 2332 5313 2438 5369; x_wconf 91' lang='lat' dir='ltr'><strong>sibi</strong></span> <span class='ocrx_word' id='word_1_817' title='bbox 2481 5322 2694 5385; x_wconf 85' lang='lat' dir='ltr'><strong>tergum</strong></span> <span class='ocrx_word' id='word_1_818' title='bbox 2725 5313 2871 5367; x_wconf 90' lang='lat' dir='ltr'><strong>ultro</strong></span> <span class='ocrx_word' id='word_1_819' title='bbox 2900 5307 3386 5366; x_wconf 90' lang='lat' dir='ltr'><strong>conscendendum</strong></span> <span class='ocrx_word' id='word_1_820' title='bbox 3416 5320 3552 5374; x_wconf 66' lang='lat' dir='ltr'><strong>prte-</strong></span> 
     </span>
    </p>
   </div>
   <div class='ocr_carea' id='block_1_111' title="bbox 1967 5397 3547 5472">
    <p class='ocr_par' dir='ltr' id='par_1_111' title="bbox 1967 5397 3547 5472">
     <span class='ocr_line' id='line_1_111' title="bbox 1967 5397 3547 5472; baseline -0.009 -9"><span class='ocrx_word' id='word_1_821' title='bbox 1967 5408 2146 5463; x_wconf 91' lang='lat' dir='ltr'><strong>beret.</strong></span> <span class='ocrx_word' id='word_1_822' title='bbox 2187 5407 2529 5462; x_wconf 79' lang='lat' dir='ltr'><strong>Adolescens</strong></span> <span class='ocrx_word' id='word_1_823' title='bbox 2556 5407 2608 5460; x_wconf 90' lang='lat' dir='ltr'>in</span> <span class='ocrx_word' id='word_1_824' title='bbox 2640 5405 2775 5460; x_wconf 91' lang='lat' dir='ltr'><strong>sella</strong></span> <span class='ocrx_word' id='word_1_825' title='bbox 2816 5401 3168 5472; x_wconf 89' lang='lat' dir='ltr'><strong>imperatoria</strong></span> <span class='ocrx_word' id='word_1_826' title='bbox 3204 5415 3312 5453; x_wconf 87' lang='lat' dir='ltr'>non</span> <span class='ocrx_word' id='word_1_827' title='bbox 3357 5397 3426 5452; x_wconf 92' lang='lat' dir='ltr'>de</span> <span class='ocrx_word' id='word_1_828' title='bbox 3463 5398 3547 5450; x_wconf 86' lang='lat' dir='ltr'><strong>in-</strong></span> 
     </span>
    </p>
   </div>
   <div class='ocr_carea' id='block_1_112' title="bbox 1965 5489 3546 5568">
    <p class='ocr_par' dir='ltr' id='par_1_112' title="bbox 1965 5489 3546 5568">
     <span class='ocr_line' id='line_1_112' title="bbox 1965 5489 3546 5568; baseline -0.009 -13"><span class='ocrx_word' id='word_1_829' title='bbox 1965 5501 2218 5565; x_wconf 75' lang='lat' dir='ltr'><strong>dusuia,</strong></span> <span class='ocrx_word' id='word_1_830' title='bbox 2270 5501 2366 5554; x_wconf 90' lang='lat' dir='ltr'>sed</span> <span class='ocrx_word' id='word_1_831' title='bbox 2423 5499 2683 5568; x_wconf 84' lang='lat' dir='ltr'><strong>ignorans</strong></span> <span class='ocrx_word' id='word_1_832' title='bbox 2731 5495 3005 5551; x_wconf 89' lang='lat' dir='ltr'><strong>consedit.</strong></span> <span class='ocrx_word' id='word_1_833' title='bbox 3062 5492 3358 5562; x_wconf 89' lang='lat' dir='ltr'><strong>Imperium</strong></span> <span class='ocrx_word' id='word_1_834' title='bbox 3409 5489 3546 5543; x_wconf 89' lang='lat' dir='ltr'><strong>ade-</strong></span> 
     </span>
    </p>
   </div>
   <div class='ocr_carea' id='block_1_113' title="bbox 1967 5583 3545 5663">
    <p class='ocr_par' dir='ltr' id='par_1_113' title="bbox 1967 5583 3545 5663">
     <span class='ocr_line' id='line_1_113' title="bbox 1967 5583 3545 5663; baseline -0.008 -17"><span class='ocrx_word' id='word_1_835' title='bbox 1967 5604 2129 5663; x_wconf 88' lang='lat' dir='ltr'><strong>ptus,</strong></span> <span class='ocrx_word' id='word_1_836' title='bbox 2196 5592 2473 5646; x_wconf 85' lang='lat' dir='ltr'><strong>Pertinaci</strong></span> <span class='ocrx_word' id='word_1_837' title='bbox 2534 5589 2803 5660; x_wconf 88' lang='lat' dir='ltr'><strong>plurimos</strong></span> <span class='ocrx_word' id='word_1_838' title='bbox 2869 5587 3111 5641; x_wconf 88' lang='lat' dir='ltr'><strong>honores</strong></span> <span class='ocrx_word' id='word_1_839' title='bbox 3189 5583 3426 5663; x_wconf 83' lang='lat' dir='ltr'><strong>babuit,</strong></span> <span class='ocrx_word' id='word_1_840' title='bbox 3488 5588 3545 5635; x_wconf 80' lang='lat' dir='ltr'>et</span> 
     </span>
    </p>
   </div>
   <div class='ocr_carea' id='block_1_114' title="bbox 1965 5661 3556 5752">
    <p class='ocr_par' dir='ltr' id='par_1_114' title="bbox 1965 5661 3556 5752">
     <span class='ocr_line' id='line_1_114' title="bbox 1965 5661 3556 5752; baseline -0.008 -15"><span class='ocrx_word' id='word_1_841' title='bbox 1965 5661 2510 5752; x_wconf 78' lang='lat' dir='ltr'><strong>sumptuosissimum</strong></span> <span class='ocrx_word' id='word_1_842' title='bbox 2541 5680 2706 5734; x_wconf 79' lang='lat' dir='ltr'><strong>funus</strong></span> <span class='ocrx_word' id='word_1_843' title='bbox 2727 5676 2978 5748; x_wconf 88' lang='lat' dir='ltr'><strong>quamvis</strong></span> <span class='ocrx_word' id='word_1_844' title='bbox 3013 5661 3227 5745; x_wconf 84' lang='lat' dir='ltr'><strong>pridem</strong></span> <span class='ocrx_word' id='word_1_845' title='bbox 3283 5672 3556 5726; x_wconf 79' lang='lat' dir='ltr'><strong>defuncto</strong></span> 
     </span>
    </p>
   </div>
   <div class='ocr_carea' id='block_1_115' title="bbox 1967 5764 3535 5846">
    <p class='ocr_par' dir='ltr' id='par_1_115' title="bbox 1967 5764 3535 5846">
     <span class='ocr_line' id='line_1_115' title="bbox 1967 5764 3535 5846; baseline -0.007 -14"><span class='ocrx_word' id='word_1_846' title='bbox 1967 5777 2116 5833; x_wconf 80' lang='lat' dir='ltr'><strong>fecit.</strong></span> <span class='ocrx_word' id='word_1_847' title='bbox 2147 5775 2354 5832; x_wconf 88' lang='lat' dir='ltr'><strong>Deinde</strong></span> <span class='ocrx_word' id='word_1_848' title='bbox 2387 5783 2582 5831; x_wconf 85' lang='lat' dir='ltr'><strong>contra</strong></span> <span class='ocrx_word' id='word_1_849' title='bbox 2623 5772 2851 5846; x_wconf 84' lang='lat' dir='ltr'><strong>Nigrum</strong></span> <span class='ocrx_word' id='word_1_850' title='bbox 2879 5780 2964 5828; x_wconf 92' lang='lat' dir='ltr'>est</span> <span class='ocrx_word' id='word_1_851' title='bbox 2999 5768 3319 5842; x_wconf 81' lang='lat' dir='ltr'><strong>proiectus,</strong></span> <span class='ocrx_word' id='word_1_852' title='bbox 3360 5764 3535 5822; x_wconf 83' lang='lat' dir='ltr'><strong>homi-</strong></span> 
     </span>
    </p>
   </div>
  </div>
