4048 6410
429 304 570 373 1323

1690 299 2015 366 JOANNIS
2050 296 2371 360 ΖΟΝΑΒᾸΞ

3527 285 3673 354 1024

421 434 551 475 nem
597 419 791 474 Italum
818 461 832 483 ,
859 433 927 474 ex
956 418 1201 488 equestri
1250 417 1443 472 ordine
1469 457 1484 478 ,
1533 433 1645 472 non
1700 414 1994 471 admodum

2117 410 2391 479 ιαρχήσας
2427 408 2485 462 δὲ
2552 407 2641 462 διά
2694 406 2966 462 πλείστων
3026 400 3246 476 τρόποιν
3301 403 3530 474 ἐτίμησε
3591 405 3689 457 τὸν

423 512 633 565 clarum
721 510 848 577 Qui.
895 512 1063 565 variis
1106 511 1307 580 prmliis
1373 511 1700 570 commissis.
1767 508 2007 575 denique

425 602 760 659 lssiCilicia:
784 604 851 657 ad
898 604 1124 667 Portas,
1178 619 1300 672 qua:
1344 604 1414 658 ab
1446 603 1696 674 angustia
1742 600 1848 655 loci
1902 599 2009 653 hoc

426 710 627 749 nomen
686 710 948 764 accepere
1022 690 1045 766 (
1064 695 1193 749 hinc
1248 695 1395 749 enim
1456 693 1717 764 prterupti
1793 699 2007 745 montes

427 798 728 856 assurgunt
783 805 797 840 :
849 786 978 841 inde
1056 786 1295 855 ingentia
1371 784 1674 855 praecipitia
1740 783 1807 838 ad
1854 795 2007 835 mare

431 877 816 947 de~cendunt)
867 877 979 932 acri
1021 892 1205 947 pugna
1250 886 1563 946 superatus,
1617 875 1853 929 maxima
1914 888 2010 928 co-

431 969 643 1036 piarum
680 978 831 1037 parte
884 984 1044 1031 caesa,
1094 978 1290 1036 captus
1320 968 1373 1021 in
1400 967 1524 1035 fuga
1564 975 1623 1021 et
1684 964 2008 1021 interfectus

429 1062 515 1107 est
562 1069 576 1105 :
622 1066 787 1122 caput
817 1055 936 1123 ejus
966 1054 1286 1124 Byzantium
1324 1053 1585 1116 missum,
1634 1063 1689 1107 et
1729 1054 1878 1109 cruci
1921 1052 2005 1106 af-

431 1144 620 1206 lixum,
658 1151 717 1197 ut
743 1159 809 1197 eo
855 1141 1138 1212 Byzantini
1174 1154 1508 1213 conspecto,
1541 1143 1876 1197 deditionem
1921 1143 2004 1196 fa-

432 1248 646 1291 cerent.
702 1236 839 1293 Cum
885 1237 1127 1294 Severus
1174 1238 1242 1292 de
1286 1237 1445 1308 ﬁigri
1493 1236 1758 1292 studiosis
1816 1251 2010 1309 pinnas

433 1334 721 1393 sumeret,
771 1338 996 1382 senator
1045 1328 1269 1397 quidam
1315 1327 1538 1382 Cassius
1583 1327 1840 1382 Clemens
1878 1342 2009 1382 reus

432 1427 612 1482 actus,
651 1417 837 1472 dicere
869 1435 977 1473 non
1013 1418 1291 1472 dubitavit
1328 1437 1341 1472 :
1384 1417 1496 1487 Ego
1531 1434 1696 1487 neque
1743 1427 1812 1481 te,
1842 1432 2008 1487 neque

434 1505 661 1576 Nigrum
690 1511 879 1578 agnovi
900 1525 919 1562 :
951 1508 1043 1564 sed
1073 1511 1125 1562 in
1167 1508 1311 1563 illius
1342 1509 1509 1580 606
1543 1508 1780 1578 partibus
1820 1513 2009 1579 depre-

433 1596 644 1663 hensus,
673 1615 776 1652 non
808 1610 857 1653 te
889 1616 1231 1669 oppugnare,
1262 1600 1353 1653 sed
1393 1599 1671 1654 lulianum
1711 1612 2010 1666 expugnare

434 1689 633 1742 studui.
665 1686 799 1743 Cum
840 1690 1003 1758 igitur
1029 1692 1168 1745 idem
1202 1691 1333 1744 milii
1364 1691 1505 1760 quod
1549 1690 1641 1743 tibi
1684 1691 2009 1760 propositum

436 1778 611 1847 fuerit,
651 1794 752 1831 non
779 1784 989 1849 peccavi
1011 1798 1028 1836 :
1052 1797 1115 1835 ac
1142 1797 1206 1834 ne
1232 1783 1286 1834 in
1316 1797 1375 1835 eo
1397 1782 1629 1851 quidem.
1663 1783 1804 1852 quod
1827 1791 2010 1851 postea

435 1887 541 1924 non
565 1872 635 1925 ad
670 1879 721 1924 te
755 1874 967 1928 transii.
1010 1872 1155 1928 Nam
1198 1883 1255 1927 tu
1301 1890 1502 1944 quoque
1541 1874 1797 1929 noluisses
1833 1890 2013 1945 quem-

434 1980 592 2033 quam
643 1979 708 2017 επ
761 1966 947 2019 amicis
993 1967 1096 2019 tuis
1142 1966 1213 2019 ad
1251 1965 1405 2020 illum
1448 1966 1687 2033 deﬁcere.
1749 1965 2012 2037 Inquirito

433 2056 595 2125 igitur
623 2072 729 2110 non
768 2058 823 2111 in
859 2073 1112 2128 personas
1144 2067 1373 2123 nostras,
1408 2068 1501 2111 aut
1530 2061 1783 2125 nomina,
1817 2059 1910 2112 sed
1956 2059 2012 2113 in

436 2162 521 2199 res
563 2148 722 2213 ipsas.
760 2145 907 2201 Nam
936 2157 1199 2217 utcunque
1234 2165 1327 2203 nos
1346 2149 1643 2214 damnaris,
1667 2157 1724 2201 tu
1749 2148 2015 2219 amicique

439 2238 518 2290 tui
547 2239 600 2291 in
635 2238 816 2293 eodem
853 2240 1076 2293 crimine
1112 2239 1281 2310 futuri
1308 2241 1449 2295 estis.
1490 2239 1728 2295 Severus
1771 2239 2015 2295 hominis

436 2328 749 2384 libertatem
780 2331 1108 2398 admiratus,
1138 2331 1427 2387 semissem
1452 2332 1725 2387 bonorum
1774 2331 1826 2387 ei
1883 2332 2014 2385 reli-

440 2421 583 2490 quit.
616 2422 687 2477 At
735 2421 1021 2493 Byzantini
1068 2432 1125 2479 et
1174 2423 1391 2479 vivente
1441 2435 1498 2480 et
1546 2432 1767 2478 mortuo
1823 2423 2013 2495 Nigro,

439 2513 611 2567 multa
647 2513 898 2569 fecerunt
926 2514 1294 2570 admiratione
1330 2515 1517 2586 digna,
1545 2531 1669 2570 cum
1712 2515 2014 2571 triennium

440 2602 853 2659 obsiderentur.
906 2604 1089 2661 Naves
1136 2605 1285 2660 enim
1325 2606 1537 2677 aliquot
1582 2616 2012 2677 pmtereuntes,

438 2702 495 2749 et
535 2695 791 2751 triremes
821 2696 875 2750 in
911 2696 1153 2752 hostium
1194 2699 1529 2754 stationibus
1565 2707 1871 2768 ceperunt,
1919 2716 2019 2753 an-

439 2786 585 2840 coris
618 2802 811 2841 earum
864 2803 962 2858 per
992 2792 1306 2844 urinatores
1335 2791 1569 2847 resectis
1610 2808 1625 2846 :
1658 2806 1795 2861 quas
1845 2791 2019 2848 clavis

440 2874 497 2931 in
529 2875 730 2935 inndos
757 2895 949 2935 earum
988 2881 1261 2952 impactis,
1298 2882 1637 2953 annexisque
1684 2883 1912 2938 funibus
1940 2883 2018 2938 ita

334 2976 339 2979 '
439 2969 796 3025 attrabcbant
817 3011 830 3035 ,
862 2981 925 3027 ut
956 2972 1103 3027 ultro
1131 2971 1399 3028 accedere
1429 2974 1775 3031 viderentur.
1830 2975 2017 3031 Rebus

442 3060 706 3117 omnibus
738 3064 1118 3135 consumptis,
1166 3066 1534 3122 nihilominus
1575 3080 2018 3138 perseverantes,

441 3148 611 3219 tignis
649 3150 849 3204 aedium
877 3152 944 3206 ad
973 3168 1162 3221 naves,
1197 3154 1447 3211 detonsis
1479 3156 1774 3212 mulierum
1804 3158 2021 3228 capillis

441 3239 510 3294 ad
545 3240 707 3296 funes
734 3242 1061 3312 plectendos
1088 3245 1411 3301 utebantur.
1440 3245 1576 3303 Cum
1607 3249 1810 3304 muenia
1843 3265 2019 3320 oppu-

442 3330 789 3401 gnabantur,
830 3341 889 3389 et
933 3350 1274 3392 marmoreas
1319 3347 1378 3393 et
1422 3354 1604 3395 enicas
1648 3349 1859 3396 statuas
1906 3349 2018 3396 tam

443 3437 716 3491 equorum
749 3440 914 3495 quam
955 3427 1243 3484 hominum
1283 3431 1338 3484 in
1378 3431 1572 3487 bostes
1614 3433 2019 3503 iaculabantur.

443 3514 688 3571 Cibariis
716 3519 976 3575 omnibus
1003 3521 1226 3577 usitatis
1252 3522 1528 3590 destituti,
1561 3526 1710 3581 coria
1745 3533 2021 3582 macerata

445 3611 851 3668 comederunt:
885 3614 954 3671 iis
989 3632 1213 3687 quoque
1241 3618 1568 3689 absumptis,
1610 3620 1870 3676 carnibus
1915 3622 2022 3676 hu-

447 3703 625 3759 manis
653 3706 907 3774 gustatis,
935 3707 1028 3762 alii
1060 3708 1200 3764 alios
1227 3709 1581 3765 devorarunt.
1616 3710 1722 3767 Sed
1751 3728 1875 3766 cum
1906 3720 2027 3766 tan-

446 3795 571 3849 dem
628 3798 714 3851 Vl'l
760 3796 920 3854 inviti
961 3798 1301 3856 deditionem
1351 3799 1632 3858 fecissmt.
1691 3802 1925 3858 Romani
1968 3811 2027 3859 et

449 3886 657 3943 milites
699 3895 757 3943 et
799 3889 1153 3962 magistratus
1203 3906 1394 3947 omnes
1424 3893 1750 3949 occiderunt
1781 3912 1796 3948 :
1824 3905 1880 3949 et
1923 3894 2026 3951 Se-

450 3993 638 4047 verus,
671 3994 736 4034 ea
755 3985 1163 4063 expugnatione
1187 3983 1419 4040 miritice
1448 3985 1685 4053 Iactatus,
1704 3987 1922 4055 urbem,
1953 3987 2025 4042 li-

453 4069 667 4127 bertate
711 4080 768 4127 et
821 4073 1090 4145 dignitate
1136 4075 1287 4132 civili
1340 4077 2025 4155 ademptaktributariam

453 4161 583 4217 fecit
615 4180 631 4221 :
665 4173 721 4218 et
758 4165 1051 4235 publicatis
1075 4168 1278 4223 civium
1324 4167 1486 4225 bonis
1508 4211 1521 4233 ,
1554 4168 1727 4240 ipsam
1767 4178 1825 4226 et
1867 4185 2028 4241 agros

2111 498 2445 567 Περτίνακα,
2473 498 2569 551 καὶ
2598 497 2776 566 ταφὴν
2804 496 2972 550 αὐτοῦ
3009 496 3188 549 καίτοι
3225 496 3392 548 πάλαι
3426 494 3689 560 θανόντος

2110 586 2584 657 πολυτελεστάτην
2612 587 2897 657 ἐποίησεν.
2948 583 3082 640 Εἶτα
3145 587 3286 639 κατά
3331 586 3426 639 τοῦ
3474 586 3685 656 Νίγρου

2108 678 2497 750 ἐστράτευσεν,
2564 680 2623 743 ὃς
2677 680 2879 742 Ἰταλὸς
2934 674 3003 749 ἦν
3060 678 3119 744 ἐξ
3176 679 3411 741 ἱππέων,
3456 677 3518 731 οὐ
3573 677 3689 731 τῶν

2109 772 2252 825 πάνυ
2284 771 2328 825 δ’
2360 773 2674 841 ἐπισήμων.
2707 772 2813 825 Καὶ
2834 771 3112 841 διαφόρων
3148 772 3406 841 πολέμων
3446 788 3690 841 συγκρο-

2106 863 2404 932 τηθέντων,
2433 864 2587 926 τέλος
2620 865 2680 917 ἐν
2750 864 2909 932 Ἰσοῷ
2970 864 3067 932 τῆς
3108 862 3362 926 Κιλικίας
3419 865 3547 932 περὶ
3587 864 3689 925 τὰς

2108 954 2453 1023 καλουμένας
2480 954 2684 1020 Πύλας,
2715 954 2773 1008 αἲ
2803 954 2893 1008 διὰ
2926 956 3024 1015 τὴν
3058 954 3149 1007 τοῦ
3179 956 3346 1008 τόπου
3391 956 3687 1022 στενότητα

2109 1045 2252 1099 οῦτω
2276 1046 2572 1115 κέκληνται
2608 1044 2785 1115 (ἐνθεν
2822 1046 2921 1115 μὲν
2953 1046 3064 1115 γὰρ
3103 1046 3206 1115 ὅρη
3244 1046 3517 1099 ἀνατείνει
3550 1046 3661 1099 ἀπό

2106 1155 2274 1208 τομα,
2331 1138 2575 1209 κρημνοὶ
2628 1137 2674 1191 δ’
2731 1137 2944 1191 ἐκεῖθεν
3011 1137 3199 1207 βαθεῖς
3235 1138 3578 1208 καθήκουσιν
3608 1140 3687 1199 είς

2107 1231 2205 1303 τὴν
2232 1231 2534 1299 Θάλασσαν)
2568 1230 2754 1301 μάχης
2780 1232 3061 1302 καρτερᾶς
3093 1230 3417 1300 γενομένης,
3474 1228 3688 1299 ήττήίιη

2107 1327 2135 1378 ό
2162 1324 2391 1394 Νίγρος,
2420 1323 2601 1377 καὶτὸ
2657 1322 2821 1377 πλέον
2890 1323 2989 1390 μὲν
3035 1322 3136 1390 τῆς
3180 1321 3347 1376 αὐτοῦ
3402 1323 3690 1389 δυνάμεως

2112 1416 2291 1469 ἐκεῖσε
2324 1414 2568 1467 διώλετο.
2618 1414 2857 1475 Ἐκεῖνος
2889 1413 2945 1466 δὲ
2984 1412 3205 1481 φεύγων
3252 1412 3566 1482 κατελήφθη
3595 1414 3692 1466 uel

2110 1508 2373 1580 ἀνῃρέθη.
2425 1500 2501 1562 Οὐ
2556 1505 2866 1576 τμηθεῖσαν
2916 1505 3017 1575 τὴν
3060 1504 3305 1576 κεφαλὴν
3367 1506 3396 1559 ὁ
3452 1505 3693 1574 Σευῆρος

2114 1600 2344 1669 πέμψας
2378 1599 2458 1660 εἰς
2486 1596 2548 1651 τὸ
2579 1595 2877 1661 Βυζάντιον
2906 1595 3349 1665 ἀνεσταύρωσεν,
3377 1594 3443 1647 ἶν’
3486 1593 3692 1656 ἰδόντες

2115 1690 2287 1760 αὐτὴν
2314 1689 2369 1743 οἱ
2399 1687 2687 1753 Βυζάντιοι
2718 1687 3181 1758 προσχωρήσωσι.
3221 1686 3360 1750 Τούς
3382 1686 3441 1739 δὲ
3486 1687 3555 1739 τὰ
3597 1684 3696 1737 Ni-

2113 1799 2248 1853 γρου
2287 1781 2668 1852 φρονήσαντας
2683 1779 3020 1843 δικαιοῦντος
3054 1779 3297 1850 Σευήρου
3320 1821 3337 1844 ,
3395 1778 3694 1848 βουλευτής

2111 1889 2197 1935 τις
2222 1872 2466 1936 Κάσσιος
2492 1871 2728 1942 Κλήμης
2758 1870 3087 1942 κρινόμενος
3111 1871 3243 1942 παρ’
3266 1869 3417 1940 αὐτῷ
3447 1871 3696 1941 ἐπαρρησ-

2117 1964 2343 2016 σιάσατο
2373 1962 2574 2033 φήσας,
2602 1962 2702 2025 ὡς,
2746 1960 2896 2030 Ἐγὼ
2945 1960 3087 2016 οὔτε
3156 1974 3232 2014 σε
3282 1961 3423 2014 οὔτε
3472 1962 3697 2030 Νίγρον

2114 2051 2489 2123 ἠπιστάμην,
2524 2052 2935 2123 καταληφθεὶς
2964 2052 3034 2107 δὲ
3083 2053 3155 2108 ἐν
3180 2051 3257 2122 τῇ
3307 2054 3544 2108 ἐκείνου
3591 2070 3703 2122 με-

2105 2146 2254 2214 ρίδι,
2288 2147 2361 2201 οὐ
2401 2144 2502 2200 σοί
2533 2144 2909 2216 πολεμήσειν
2947 2144 3194 2213 ἤθελον,
3244 2144 3386 2200 ἀλλ’
3452 2146 3699 2199 Ἰουλια-

2113 2240 2227 2295 νὸν
2249 2241 2641 2295 καταλύσεινο
2666 2239 2768 2295 καί
2820 2239 2894 2293 τὰ
2949 2238 3104 2294 αὐτά
3157 2254 3259 2294 σοι
3306 2237 3697 2305 σπουδάσας,

2115 2334 2227 2387 οὐκ
2252 2331 2541 2401 ἠδίκησα.
2568 2330 2724 2387 Ἀλλ’
2752 2331 2880 2387 οὐδ’
2902 2332 2993 2386 ὅτι
3014 2331 3101 2402 μὴ
3134 2333 3294 2400 πρὸς
3326 2333 3403 2387 σὲ
3436 2332 3705 2402 ὕστερον
3748 2396 3751 2397 ν

2112 2425 2418 2497 μετέστην
2449 2441 2463 2455 ·
2500 2425 2637 2480 οὐδὲ
2667 2425 2777 2496 γὰρ
2814 2425 2959 2481 οὐδὲ
2985 2428 3067 2481 σὺ
3129 2426 3207 2480 ἂν
3228 2427 3539 2494 ἠθέλησας
3593 2427 3703 2480 οὐ-

2116 2516 2262 2572 δένα
2284 2515 2403 2571 τῶν
2431 2516 2560 2572 σῶν
2593 2517 2843 2583 ἑταίρων
2880 2519 3027 2588 πρὸς
3067 2517 3303 2574 ἐκεῖνον
3351 2517 3699 2590 αὐτομολῆ-

2117 2627 2243 2667 σαι.
2285 2608 2556 2675 Ἐξέταζε
2581 2604 2696 2665 οὖν
2736 2609 2822 2681 μὴ
2880 2610 2952 2666 τὰ
3007 2611 3254 2678 σώματα
3297 2610 3489 2681 ἡμῶν,
3542 2612 3706 2682 μηδὲ

2118 2706 2191 2761 τὰ
2217 2705 2502 2774 ὀνόματα,
2553 2703 2706 2758 αὐτὰ
2754 2701 2825 2757 δὲ
2876 2703 2948 2759 τὰ
2969 2705 3302 2772 πράγματα·
3339 2704 3463 2763 πᾶν
3501 2706 3612 2775 γὰρ
3669 2705 3707 2759 ὅ

2118 2813 2173 2850 τι
2214 2795 2292 2851 ἂν
2328 2792 2496 2864 ἡμῶν
2525 2792 2858 2861 καταγνῷς,
2917 2792 3094 2849 τοῦτο
3127 2794 3227 2850 καί
3290 2796 3554 2851 σεαυτοῦ
3599 2795 3704 2851 καί

2117 2884 2237 2941 τῶν
2264 2883 2393 2939 σῶν
2412 2884 2662 2952 ἑταίρων
2680 2882 3059 2953 καταψηφιῇ.
3113 2883 3317 2938 Τοῦτον
3373 2886 3401 2938 ό
3464 2885 3707 2954 Σευῆρος

2119 2982 2221 3049 τῆς
2250 2977 2570 3049 παρρησίας
2603 2975 2919 3045 θαυμάσας,
2948 2976 3166 3046 ἀφῆκεν
3203 2975 3351 3045 ἔχειν
3375 2978 3473 3046 τῆς
3513 2975 3710 3039 οὐσίας

2044 3071 2091 3134 C
2123 3074 2182 3125 τὸ
2208 3073 2403 3141 ἣμισυ.
2439 3070 2503 3123 Oi
2535 3068 2592 3122 δέ
2619 3067 2933 3133 Βυζάντιοι,
2969 3067 3065 3121 uel
3113 3066 3319 3132 ζῶντος
3350 3066 3446 3120 τοῦ
3493 3066 3711 3136 Νίγρου

2127 3164 2224 3219 uel
2254 3161 2529 3226 θανόντος,
2567 3159 2738 3215 πολλά
2763 3160 2860 3214 uel
2892 3158 3190 3230 θαυμαστὰ
3211 3158 3444 3229 ἔδρασαν
3468 3160 3562 3213 ἐπὶ
3580 3158 3714 3228 χρό-

2130 3276 2223 3312 νον
2294 3253 2745 3325 πολιορκούμενοι
2797 3253 3008 3325 τριετῆ.
3042 3251 3248 3325 ’ᾘρουν
3297 3250 3394 3323 μὲν
3450 3252 3559 3321 γὰρ
3614 3252 3715 3305 καὶ

2127 3348 2291 3403 πλοῖά
2344 3363 2472 3401 τινα
2500 3343 2910 3417 παραπλέοντα.
2947 3345 3155 3416 ’ᾘρουν
3212 3343 3271 3396 δὲ
3316 3342 3413 3396 uel
3454 3342 3714 3413 τριήρεις

2128 3440 2236 3495 τῶν
2284 3440 2341 3492 ἐν
2367 3437 2445 3509 τῷ
2477 3437 2633 3508 ὅρμῳ
2667 3436 2779 3490 τῶν
2811 3435 3074 3489 ἐναντίων
3104 3434 3303 3487 οὐσῶν.
3335 3433 3446 3497 Τάς
3476 3432 3585 3502 γάρ
3609 3434 3716 3499 ἀγ-

2130 3535 2304 3605 κύρας
2339 3531 2524 3586 αὐτῶν
2555 3529 2817 3598 ὐφύδροις
2848 3527 3226 3598 κολυμϐηταῖς
3281 3525 3711 3595 ἀποτέμνοντες,

2129 3629 2227 3682 καὶ
2250 3624 2414 3696 ἥλους
2452 3624 2512 3686 ἐς
2557 3621 2686 3683 τοὺς
2735 3620 2976 3692 ταρσοὺς
3031 3619 3182 3689 σφῶν
3229 3617 3562 3687 πηγνύντες,
3615 3619 3717 3672 uel

2130 3718 2339 3772 τούτων
2363 3713 2605 3770 καλώδια
2645 3712 3000 3777 ἐξάπτοντες,
3031 3710 3355 3764 ἐπεσπῶντο
3384 3708 3580 3773 αὐτὰς,
3605 3709 3716 3762 αὐ-

2129 3806 2375 3875 τομάτας
2411 3801 2745 3873 προσπλέειν
2773 3799 3061 3862 δοκούσας.
3105 3798 3262 3852 Ἐπεὶ
3288 3799 3343 3851 δέ
3382 3799 3561 3851 πάντα
3612 3799 3714 3851 αὐ-

2131 3900 2245 3961 τοῖς
2278 3893 2796 3964 ἐξεδαπανήθησαν,
2828 3892 2979 3961 ὅμως
3014 3890 3285 3960 ἀντεῖχον,
3318 3890 3411 3943 uel
3439 3887 3617 3954 ξύλοις
3647 3893 3715 3943 ἐκ

2130 3989 2240 4044 τῶν
2264 3985 2453 4041 οἰκιῶν
2499 3987 2557 4048 ἐς
2588 3983 2689 4047 τὰς
2727 3982 2861 4046 ναῦς
2916 3981 3179 4052 ἐχρῶντο,
3221 3981 3318 4033 καὶ
3368 3981 3599 4050 σχοίνοις
3646 3981 3717 4043 ἃς

2132 4080 2364 4135 ἐπλεκον
2394 4076 2674 4148 κείροντες
2711 4073 2813 4137 τάς
2851 4075 3045 4145 τρίχας
3088 4072 3199 4128 τῶν
3250 4072 3542 4140 γυναικῶν.
3604 4073 3718 4125 Kal

2132 4172 2223 4227 ὅτε
2250 4172 2366 4231 τοῖς
2390 4167 2598 4237 τείχεσι
2626 4163 3004 4236 προσέϐαλλον
3046 4162 3098 4215 οί
3156 4162 3432 4232 πολέμιοι,
3476 4160 3715 4226 λιθίνοος

449 4270 641 4310 eorum
677 4256 980 4316 Perinthiis
1025 4260 1271 4316 donavit.
1315 4262 1587 4317 anibus
1635 4272 1817 4318 autem
1853 4264 2017 4318 robu-

2137 4279 2198 4316 τε
2225 4261 2319 4315 καὶ
2347 4262 2411 4312 ἐκ
2435 4255 2642 4329 χαλκοῦ
2677 4253 3081 4324 πεποιημένους
3110 4252 3203 4305 καὶ
3237 4251 3562 4321 ἀνδριάντας
3616 4249 3716 4303 uel

451 4346 712 4403 stissimis
757 4350 998 4417 eversis,
1049 4367 1159 4408 non
1208 4361 1318 4408 tam
1357 4354 1480 4409 illos
1522 4354 1731 4424 majore
1777 4355 2017 4410 molestia

2133 4356 2339 4417 ἵππους
2370 4347 2659 4423 ἠκόντιζον
2689 4349 2770 4409 είς
2793 4345 3012 4409 αὐτούς.
3031 4346 3119 4407 Ὠς
3147 4345 3204 4397 δὲ
3234 4343 3328 4398 uel
3366 4342 3474 4395 πᾶν
3514 4341 3714 4406 αὐτοὺς

450 4437 670 4508 aﬂ‘ccit,
702 4450 798 4497 aut
841 4444 1017 4516 gloria
1042 4445 1389 4502 fortitudinis
1422 4447 1689 4518 privavit,
1721 4464 1885 4517 quam
1917 4449 2017 4503 Ro-

2136 4448 2364 4503 ὲπέλιπε
2424 4443 2819 4514 νενομισμένον
2853 4439 3156 4509 ἐδώδιμον,
3210 4436 3421 4508 βύρσας
3487 4434 3714 4504 διαϐρέ-

454 4547 741 4589 manorum
801 4553 985 4593 arcem
1030 4539 1456 4594 munitissimam
1514 4552 1707 4597 contra
1759 4542 2017 4596 Barbaros

2129 4557 2321 4613 χοντες
2358 4537 2567 4609 ἤσθιον.
2596 4536 2706 4590 Καὶ
2727 4533 2933 4587 τούτων
2962 4532 3019 4585 δέ
3046 4529 3449 4592 ἀναλωθεισῶν,
3479 4527 3573 4580 uel
3622 4521 3714 4577 ἐπ’

455 4623 714 4683 Ponticos
736 4640 792 4685 et
815 4630 1046 4686 Asianos
1066 4646 1130 4686 ac
1151 4632 1482 4687 tutissimum
1500 4634 1709 4704 asylum
1733 4632 2017 4690 destruxitt

2132 4633 2399 4703 ἀλλήλους
2434 4630 2762 4701 ἐτράποντο,
2797 4627 2893 4680 καὶ
2926 4624 3146 4694 σαρκῶν
3175 4620 3532 4693 ἀνθρωπείων
3558 4615 3719 4685 ἐγεύ-

455 4734 598 4774 οντο.
641 4717 773 4774 Εἶτα
801 4723 895 4777 uel
928 4725 1154 4787 ἄκοντες
1194 4725 1294 4795 τὴν
1332 4724 1487 4778 πόλιν
1518 4726 1844 4796 παρέδοσαν,
1876 4729 1970 4782 καὶ
1999 4728 2050 4781 oi
2086 4726 2348 4796 Ῥωμαῖοι
2379 4723 2504 4786 τούς
2531 4718 2871 4791 στρατιώτας
2895 4718 2990 4772 uel
3016 4718 3145 4780 τοὺς
3182 4719 3241 4770 ὲν
3272 4716 3418 4769 τέλει
3461 4712 3719 4783 σύμπαν-

455 4823 556 4873 τας
587 4812 966 4884 διεχρήσαντο.
1005 4814 1063 4869 Ὀ
1092 4815 1149 4868 δὲ,
1197 4816 1436 4887 Σευῆρος
1472 4816 1613 4889 ἥσθη
1645 4818 1765 4872 λίαν
1787 4818 1882 4873 ἐπὶ
1922 4823 1991 4890 τῇ
2031 4819 2232 4874 ἁλώσει
2260 4816 2357 4871 τοῦ
2381 4813 2702 4880 Βυζαντίου.
2742 4809 3023 4879 Ἀφείλετο
3054 4809 3112 4863 δὲ
3140 4809 3242 4878 τήν
3287 4824 3348 4860 τε
3397 4805 3717 4876 ἐλευθερίαν

456 4904 558 4973 τῆς
615 4904 848 4971 πόλεως,
907 4907 1091 4963 καὶτὸ
1113 4907 1332 4981 ἀξίωμα
1378 4909 1438 4961 τὸ
1472 4907 1772 4975 πολιτικὸν,
1817 4915 1911 4966 uel
1950 4912 2299 4982 δασμοφόρον
2326 4907 2638 4977 ἀποφήνας,
2677 4903 2959 4974 δημεύσας
2990 4919 3049 4955 τε
3084 4901 3182 4964 τάς
3201 4900 3392 4961 οὐσίας
3415 4898 3521 4952 τῶν
3558 4896 3719 4950 πολι-

457 4999 589 5063 τῶν,
644 5000 950 5072 Περινθίοις
981 5003 1155 5075 αὐτήν
1215 5020 1278 5057 τε
1303 5002 1396 5056 uel
1427 5003 1528 5073 τὴν
1572 5004 1758 5075 χώραν
1794 5004 1962 5076 αὐτῆς
2014 5005 2332 5076 ἐχαρίσατο.
2362 5002 2444 5055 Te
2463 5000 2521 5055 δὲ
2552 4997 2707 5068 τείχη
2736 4997 2839 5065 τῆς
2898 4996 3110 5058 πόλεως
3161 4992 3409 5047 καθελὼν
3468 4989 3718 5053 ἐκείνους

463 5094 562 5166 μὲν
625 5096 780 5150 οὐδὲν
811 5095 974 5150 πλέον
1032 5098 1326 5171 ἐλύπησεν,
1363 5097 1397 5169 ἢ
1439 5100 1525 5153 ὅτι
1574 5099 1672 5167 τῆς
1715 5100 1876 5170 δόξης
1912 5102 2114 5163 αὐτοὺς
2164 5099 2481 5170 ἐστέρησεν,
2526 5095 2593 5166 ἧν
2634 5092 2981 5175 ἐκαρποῦντο
3014 5092 3080 5143 ἐκ
3135 5089 3234 5156 τῆς
3277 5087 3457 5141 αὐτῶν
3508 5082 3719 5137 ἐπιδεί-

459 5189 620 5257 ξεως.
687 5190 810 5246 Τῶν
871 5190 929 5245 δέ
1006 5192 1297 5262 Ῥωμαίων
1322 5191 1464 5264 μέγα
1487 5191 1739 5246 καθεῖλεν
1800 5194 2145 5264 ὁρμητήριον
2210 5191 2348 5262 πρὸς
2391 5190 2519 5252 τοὺς
2541 5189 2606 5240 ἐκ
2640 5186 2844 5239 Πόντου
2888 5184 2983 5237 καὶ
3012 5181 3114 5250 τῆς
3133 5181 3324 5245 Ἀσίας
3365 5179 3717 5252 Βαρϐάρους,

462 5283 601 5340 ἀλλὰ
640 5285 748 5355 μὴν
788 5283 883 5342 uel
912 5283 1312 5355 κρησφύγετον·
1344 5280 1414 5355 ἦν
1457 5284 1568 5355 γὰρ
1615 5284 1683 5337 τὰ
1712 5285 1867 5355 τείχη
1899 5284 1996 5338 τοῦ
2031 5283 2327 5350 Βυζαντίου
2359 5277 2774 5353 καρτερώτατα.

536 5378 629 5433 IX.
669 5378 788 5434 Jam
840 5394 964 5433 cum
1020 5380 1214 5433 insano
1259 5378 1446 5449 gloria:
1493 5376 1679 5432 Studia
1732 5385 2036 5442 teneretur,

468 5470 723 5527 Barbarie
750 5469 1033 5532 Osroenis,
1069 5469 1403 5528 Adiabenis.
1437 5477 1494 5523 et
1538 5468 1810 5522 Arabibus
1838 5467 2040 5522 bellum

474 5562 706 5617 intulit:
738 5577 804 5617 ac
844 5561 1078 5617 Nisibim
1114 5560 1394 5632 profectus
1420 5600 1435 5623 ,
1473 5558 1658 5614 missis
1709 5558 1948 5614 ducibus
1987 5568 2045 5614 et

483 5653 829 5723 legionibus.
887 5654 1102 5708 illarum
1159 5652 1403 5723 gentium
1459 5667 1618 5721 agros
1679 5652 1937 5715 vastavit,
1989 5659 2047 5706 et

486 5745 656 5801 urbes
691 5746 1044 5816 expugnavit.
1078 5745 1183 5802 Sed
1214 5760 1341 5802 eum
1375 5744 1572 5801 Albino
1602 5743 1835 5802 Cesaris
1873 5744 2051 5800 honoo

2207 5376 2285 5429 8'.
2330 5374 2569 5444 Σευῆρος
2596 5372 2651 5425 δέ
2676 5367 3011 5437 δοξομανῶν,
3058 5365 3204 5420 κατά
3257 5363 3368 5419 τῶν
3401 5364 3719 5433 Ὀσροηνων

2142 5468 2457 5539 βαρϐάρων,
2483 5465 2579 5519 uel
2615 5463 2723 5517 τῶν
2747 5459 3113 5530 Ἀδιαϐηνῶν,
3149 5458 3245 5511 uel
3287 5457 3398 5511 τῶν
3442 5455 3720 5525 ’Δραϐίων

2141 5559 2493 5628 ἐστράτευσε,
2529 5556 2624 5609 καὶ
2646 5556 2725 5618 είς
2758 5553 2859 5623 τὴν
2878 5551 3098 5605 Νίσιϐιν
3133 5548 3471 5620 ἀφικόμενος
3502 5546 3721 5599 ἐκεῖθεν

2143 5650 2242 5704 ἐπε
2251 5649 2358 5719 μψε
2378 5644 2719 5717 στρατηγούς
2740 5660 2799 5696 τε
2818 5643 2915 5696 uel
2933 5640 3189 5711 τάγματα
3207 5637 3347 5692 κατά
3363 5637 3471 5690 τῶν
3485 5633 3721 5706 εἰρημέ-

2144 5761 2252 5799 νων
2269 5740 2464 5811 ἐθνῶν,
2485 5739 2535 5795 oi
2559 5739 2656 5813 τὴν
2671 5755 2731 5792 τε
2749 5734 2933 5810 χώραν
2951 5733 3131 5792 αὐτῶν
3152 5732 3362 5806 ἐδῄουν,
3383 5730 3477 5786 uel
3496 5728 3595 5791 τὰς
3613 5725 3719 5781 τιό⁴
