4048 6410
315 443 452 512 125

1526 455 1931 518 ANNALIUM
1979 455 2105 515 LIB
2169 457 2315 515 XII.

3426 461 3562 525 1026

310 565 426 628 λεις
443 563 772 634 ἐλάμϐανον.
790 565 953 630 Λυθις
971 565 1028 619 δέ
1047 566 1284 638 πόλεμος
1303 567 1612 638 συνηνέχθη
1631 566 1710 636 τῷ
1723 567 1892 636 Σευη-

1997 580 2110 618 rem
2149 575 2392 636 negaret.
2428 565 2586 637 isque
2629 569 3038 638 imperatoriam
3066 571 3176 642 jam
3220 574 3454 630 ambiret
3483 576 3566 630 lii"

312 674 392 726 ρῳ
416 655 705 726 ἐμφύλιος.
722 657 781 709 '0
804 657 902 728 μὲν
921 659 1029 728 γὰρ
1049 659 1161 726 (5‘2)
1181 657 1260 727 τῷ
1277 656 1510 727 Ἀλϐίνῳ
1530 658 1659 710 οὐδὲ
1682 657 1781 728 τὴν
1797 657 1888 710 τοῦ

311 748 592 816 Καίσαρος
602 747 773 800 ὲδδου
789 747 974 817 τιμὴν,
991 749 1016 800 ὁ
1029 748 1074 800 δ’
1093 747 1213 818 ᾔτει
1228 749 1322 801 καὶ
1334 747 1433 817 τὴν
1447 746 1540 800 τοῦ
1558 747 1889 816 αὐτοκράτο-

313 855 428 910 ρος.
446 838 894 907 Συγκινουμένης
911 839 966 890 δὲ
985 839 1070 890 διὰ
1088 839 1261 890 ταῦτα
1278 838 1734 908 τῆςοίκουμένης,
1754 837 1782 888 ὁ
1801 839 1892 907 δῆ-

315 947 416 998 μος
438 930 495 981 ἐν
518 929 859 1001 ἱπποδρομίᾳ
885 931 1306 999 συνειλεγμένος
1324 931 1494 995 πολὺς
1517 933 1891 1000 ἐκφανέστατα

312 1018 523 1073 κατωδύ
536 1037 690 1087 ρατο,
725 1023 912 1093 Μέχρι
943 1023 1088 1075 πότε
1123 1023 1363 1076 τοιαῦτα
1385 1023 1722 1091 πάσχομεν,
1751 1022 1890 1090 κρά-

309 1116 519 1177 ζοντες,
561 1111 866 1182 καὶμέχρι
919 1115 1039 1168 ποῦ
1091 1115 1553 1183 πολεμούμεθα;
1609 1116 1704 1170 καὶ
1750 1114 1886 1167 ἄλλα

243 1220 258 1242 τ
312 1204 369 1255 δέ
401 1220 524 1256 τινα
567 1203 795 1257 τοιαῦτα
836 1203 912 1266 ώς
962 1206 1026 1257 ἐκ
1071 1203 1351 1274 θειοτέρας
1403 1205 1548 1267 τινὸς
1601 1204 1889 1267 ἐπιπνοίας

312 1293 701 1358 ἐνθουσιῶντες
731 1295 984 1366 ἐϐόησαν.
1020 1295 1142 1359 Πῶς
1177 1296 1288 1366 γὰρ
1322 1296 1584 1349 τοσαῦται
1623 1297 1885 1367 μυριάδες

313 1384 388 1447 ὡς
423 1385 527 1438 ὑπὸ
555 1386 851 1457 χορολὲκτη
884 1387 996 1458 (55)
1025 1383 1181 1441 εἷπον
1228 1390 1569 1453 ἀπταίστως,
1589 1367 1654 1442 κά
1693 1384 1884 1454 εἷπονς

315 1476 466 1539 Τέως
519 1476 704 1547 μέντοι
762 1477 944 1550 μάχης
1001 1478 1497 1549 συγκροτηθείσης,
1544 1479 1638 1531 καὶ
1686 1477 1887 1542 πολλὰς

318 1565 462 1628 ἰδέας
488 1583 547 1618 τε
582 1569 676 1619 καὶ
705 1570 934 1637 τροπάς,
987 1571 1080 1621 καὶ
1114 1569 1466 1639 μετακλίσεις
1501 1571 1596 1622 τοῦ
1627 1570 1872 1639 πολέμου

315 1657 632 1726 ἐσχηκότος,
670 1661 698 1712 ὁ
739 1660 980 1724 Ἀλϐῖνος
1024 1660 1254 1731 ἡττήθη,
1309 1661 1586 1714 πεσόντων
1621 1661 1718 1730 μὲν
1772 1665 1884 1731 ἀμο

316 1749 632 1818 φοτέρωθεν
661 1750 847 1818 σχεδὸν
877 1752 1317 1820 ὑπερϐαινόντων
1348 1752 1443 1804 καὶ
1491 1752 1751 1823 ἀριθμὸν,
1794 1752 1885 1804 τοῦ

315 1837 373 1890 δὲ
421 1838 666 1891 Ἀλϐίνου
717 1842 910 1894 ἐαυτὸν
968 1841 1272 1906 ἀνελόντος.
1328 1836 1399 1914 ⁷ῼ
1447 1843 1683 1914 κειμένῳ
1731 1845 1892 1895 ἐπεν-

1995 656 2283 726 gnitatem,
2328 657 2527 711 iterum
2573 659 2732 714 civile
2781 660 2988 714 bellum
3037 677 3161 716 cum
3215 665 3381 720 totius
3414 668 3568 723 orbis

1992 757 2146 801 motu
2179 755 2264 801 est
2295 759 2570 812 exortum,
2611 761 2665 805 et
2696 767 2891 822 magna
2925 755 3112 822 populi
3143 753 3372 810 Romani
3427 759 3572 812 mul-

1993 837 2172 892 titudo
2212 839 2266 892 in
2301 839 2450 893 circo
2477 843 2722 910 equestri
2756 845 3104 912 apertissime
3145 847 3394 902 fortunas
3439 864 3567 902 snas

1989 931 2154 1000 607
2188 940 2272 984 est
2295 931 2584 987 miserata:
2618 934 2896 1005 Quousque
2929 937 3145 990 tandem
3181 939 3283 992 ista
3316 941 3572 1008 feremus?

1993 1023 2232 1090 quandiu
2280 1027 2754 1094 omirtgnabimnr?
2801 1036 2853 1080 et
2911 1029 3014 1080 alia
3099 1027 3150 1082 id
3198 1045 3370 1099 genus
3411 1032 3570 1099 quasi

1989 1112 2216 1167 numine
2255 1113 2472 1168 afﬂatus
2509 1118 2820 1170 vociferans
2883 1118 3018 1171 Nam
3069 1119 3276 1188 alioqui
3325 1119 3441 1173 ﬁeri
3475 1122 3570 1190 qui

1989 1202 2279 1270 potuisset,
2308 1211 2366 1256 ut
2395 1213 2473 1257 tot
2499 1206 2782 1260 hominum
2814 1207 3008 1272 millia,
3039 1224 3102 1262 ea
3137 1224 3258 1279 qua:
3283 1211 3568 1272 dicebant,

1989 1301 2250 1363 tanquam
2284 1295 2436 1350 chori
2485 1299 2751 1367 magistro
2786 1309 3105 1368 praeeunte,
3148 1301 3286 1356 citra
3319 1318 3568 1356 errorem

1987 1386 2454 1454 pronuntiarent?
2489 1386 2544 1441 ld
2584 1389 2788 1443 bellum
2823 1405 3016 1461 magna
3053 1391 3321 1448 varietate
3365 1404 3423 1446 et
3465 1409 3570 1448 an-

1986 1474 2139 1543 cipiti
2177 1475 2346 1530 Marte
2380 1474 2594 1544 geétum
2630 1494 2644 1530 :
2681 1478 2776 1532 sed
2806 1479 3042 1534 Albinus
3084 1480 3302 1534 tandem
3350 1481 3566 1546 victus,

1987 1565 2251 1621 Romanis
2304 1569 2564 1638 utrinque
2607 1584 2744 1638 pene
2798 1569 3300 1625 innumerabilibus
3371 1573 3564 1638 caesis,

1988 1655 2203 1725 sibiipsi
2233 1673 2431 1711 manus
2460 1659 2669 1714 attulit.
2710 1658 2880 1730 Cujus
2915 1660 3168 1715 cadaveri
3212 1661 3449 1715 Severus
3482 1662 3568 1715 in-

1989 1744 2302 1800 solentibus
2339 1755 2396 1800 et
2439 1748 2727 1802 atrocibus
2759 1749 2942 1802 verbis
2977 1749 3262 1804 iusultavit
3290 1768 3304 1803 :
3337 1759 3568 1806 trunco-

1991 1851 2098 1904 que
2125 1836 2360 1905 abjccto,
2411 1847 2576 1907 caput
2629 1839 2858 1892 Romam
2917 1841 3170 1905 missum,
3229 1841 3382 1896 cruci
3423 1841 3567 1911 adigi

313 1929 655 1998 τρυφήσαςὸ
690 1931 950 2001 Σευῆρος,
1019 1934 1110 1985 καὶ
1161 1933 1612 2003 γλωσσαλγὴσας,
1670 1935 1731 1986 τὸ
1789 1934 1890 2002 μὲν

1996 1927 2174 1997 iussit.
2207 1927 2504 1983 Senatores
2537 1931 2743 1984 multos
2779 1931 2983 1985 occidit
3007 1971 3022 1995 ,
3059 1934 3357 1986 nonnullos
3399 1933 3567 1986 etiam

315 2016 444 2071 ἄλλο
501 2019 660 2090 σῶμα
714 2024 937 2092 ῥιφῆναι
995 2023 1270 2087 ἐκέλευσε,
1325 2023 1424 2094 τὴν
1462 2023 1701 2094 κεφαλὴν
1757 2024 1888 2087 δ’ὲς

314 2111 414 2181 τὴν
455 2110 674 2182 Ῥώμην
732 2113 968 2180 στείλας,
1035 2115 1449 2186 ἀνεσταύρωσε.
1519 2117 1628 2169 Καὶ
1657 2115 1890 2178 πολλοὺς

315 2201 426 2254 τῶν
457 2203 554 2272 τῆς
584 2205 876 2273 γερουσίας
905 2205 1220 2269 ἀπέκτεινε,
1253 2204 1404 2270 τινὰς
1431 2206 1488 2258 δέ
1512 2209 1604 2258 καὶ
1625 2207 1886 2262 ἀπέλυσε.

317 2295 474 2348 Μετά
506 2295 678 2350 ταῦτα
711 2295 766 2349 δὲ
792 2297 935 2351 κατὰ
979 2297 1089 2351 τῶν
1141 2297 1372 2368 Πάρθων
1420 2299 1744 2369 ἐστράτευσε
1787 2298 1888 2368 τὴν

320 2389 750 2459 Μεσοποταμίαν
790 2389 1040 2444 ἑλόντων.
1089 2391 1198 2444 Καὶ
1248 2391 1410 2443 πλοῖα
1469 2390 1887 2452 κατασκευάσας

319 2482 380 2533 ἐν
403 2479 481 2550 τῷ
510 2479 768 2551 Εὐφράτῃ
795 2521 810 2546 ,
849 2481 950 2551 τήν
991 2496 1052 2532 τε
1084 2479 1410 2533 Σελεύκειαν
1437 2479 1534 2532 καὶ
1569 2478 1667 2548 τὴν
1705 2479 1890 2531 Βαϐυ-

317 2573 463 2626 λῶνα
519 2573 897 2641 ἐκλειφθεῖσαν
947 2572 1132 2627 ἔλαϐε.
1203 2574 1315 2627 Καὶ
1371 2572 1470 2644 τὴν
1521 2572 1888 2642 Κτησιφῶντα

321 2663 479 2730 ἐλὼν,
505 2664 804 2734 διαρπάσαι
832 2666 943 2728 τοῖς
994 2665 1357 2736 στρατιώταις
1407 2665 1611 2734 ἀφῆκε,
1659 2661 1890 2726 πολλούς

319 2773 378 2809 τε
413 2754 616 2823 ἀνεῖλε,
671 2755 762 2810 καὶ
819 2753 1031 2820 ζῶντας
1061 2754 1316 2817 πλείονας
1343 2747 1508 2810 εἷλεν.
1546 2750 1683 2806 Οὗτε
1713 2753 1771 2806 δέ
1799 2751 1890 2804 τὸν

321 2849 681 2918 Οὐολόγαισον
708 2846 989 2914 ἐπεδίωξε,
1018 2847 1109 2901 τὸν
1147 2845 1253 2900 τῶν
1309 2844 1543 2918 Πάρθων
1594 2843 1896 2916 ἡγεμονεύ-

323 2957 474 3008 οντα,
503 2942 941 3012 ἀναχωρήσαντα
981 2939 1191 3005 οίκαδε,
1236 2937 1360 2992 οὔτε
1389 2938 1488 3007 τὴν
1527 2935 1893 3005 Κτησιφῶντα

319 3033 608 3102 κατέσχεν.
655 3032 798 3084 Ἀλλ’
822 3030 998 3101 ῷχετο
1029 3029 1220 3102 ὥσπερ
1244 3030 1332 3084 ἴνα
1353 3027 1636 3101 διαρπάσῃ
1683 3026 1892 3098 ταύτην

325 3125 487 3195 μόνον
511 3123 913 3194 ἐστρατευκώς.
959 3123 1049 3175 Ἐν
1075 3115 1120 3191 ᾧ
1148 3123 1206 3176 δὲ
1239 3121 1520 3190 ἐπολέμει,
1554 3119 1753 3189 ἄνδρας
1782 3117 1892 3172 δύω

1993 2018 2224 2072 dimisit.
2259 2020 2388 2075 Post
2434 2020 2551 2075 haec
2608 2030 2799 2076 contra
2844 2022 3076 2078 Parthos
3124 2035 3212 2078 est
3265 2022 3568 2093 profectus,

1994 2109 2089 2179 qui
2151 2109 2600 2180 Mesopotamiam
2655 2124 2994 2183 occuparant
3045 2128 3060 2168 :
3117 2123 3169 2169 et
3223 2115 3461 2169 navibus
3514 2115 3572 2170 in

1992 2203 2277 2272 Euphrate
2308 2204 2616 2270 aedificetis,
2650 2203 2957 2260 Seleuciam
2991 2215 3050 2262 et
3095 2206 3430 2277 Babylonem
3472 2205 3576 2260 de-

1992 2304 2169 2349 sertas
2199 2295 2368 2365 cepit.
2417 2295 2834 2365 Ctesiphontem
2880 2309 3245 2368 expugnatam
3302 2297 3574 2352 militibus

1994 2383 2364 2454 diripiendam
2412 2383 2706 2440 dedit:ac
2755 2385 2946 2442 multis
2997 2387 3327 2450 interfectis,
3381 2388 3574 2458 plures

1993 2476 2150 2532 vivos
2204 2475 2372 2545 cepit.
2437 2475 2544 2530 Sed
2591 2491 2772 2546 neque
2821 2478 3167 2548 Vologaesum
3239 2476 3569 2534 Parthorum

1993 2567 2300 2637 principem
2336 2565 2560 2621 domum
2591 2583 2875 2622 reversum
2903 2568 3150 2638 fugavit,
3179 2583 3356 2637 neque
3391 2568 3574 2625 Ctesi-

1994 2660 2256 2728 phontem
2290 2659 2524 2714 retinuit
2560 2677 2573 2714 :
2608 2658 2682 2715 ita
2708 2659 2836 2716 inde
2862 2661 3176 2731 profectus,
3206 2660 3364 2729 quasi
3404 2675 3572 2732 expe-

1995 2752 2260 2806 ditionem
2306 2751 2634 2821 direptionis
2683 2767 2848 2807 causa
2894 2753 3161 2808 duntaxat
3214 2752 3566 2821 suscepisset.

1996 2844 2170 2915 Hujus
2198 2844 2325 2899 belli
2369 2854 2616 2914 tempore
2641 2884 2655 2909 ,
2693 2845 2832 2900 duos
2863 2846 3043 2899 claros
3073 2845 3220 2898 viros
3253 2844 3568 2903 interfecit:

1994 2933 2200 2989 Julium
2234 2934 2488 3004 Crispum
2525 2936 2806 2990 tribunum
2839 2935 3075 2989 militum
3097 2972 3114 2998 ,
3161 2934 3290 2989 belli
3328 2937 3572 2990 vexatio-

1995 3043 2097 3083 nes
2119 3042 2260 3097 aagre
2292 3026 2557 3082 ferentem
2581 3069 2597 3095 ,
2627 3037 2682 3082 et
2711 3027 2900 3082 nescio
2927 3027 3059 3097 quid
3087 3026 3330 3082 locutum
3351 3069 3366 3091 ,
3395 3028 3573 3082 milite

2000 3133 2030 3172 a
2062 3134 2172 3188 quo
2195 3128 2484 3174 accusatus
2523 3119 2743 3184 fuerat,
2795 3120 2851 3173 in
2891 3120 3010 3190 ejus
3055 3119 3236 3174 locum
3290 3118 3571 3188 suffecto;

321 3214 611 3268 ἀπέκτεινε
640 3213 750 3267 τῶν
776 3215 1078 3284 ἐπιφανῶν,
1105 3214 1197 3269 τὸν
1231 3215 1330 3286 μὲν
1378 3215 1627 3287 Κρίσπον
1672 3213 1892 3267 Ἰούλιον

1998 3209 2204 3264 Laetum
2237 3211 2309 3266 ob
2353 3211 2521 3266 animi
2569 3211 3004 3282 magnitudinem
3051 3220 3107 3265 et
3145 3210 3378 3281 gratiam
3423 3209 3569 3279 apud

322 3305 707 3378 χιλιαρχοῦντα
755 3307 864 3360 τῶν
906 3307 1246 3380 δορυφόρων,
1297 3309 1382 3360 ὅτι
1435 3305 1630 3376 ῆχθετο
1680 3306 1747 3375 τῇ
1797 3304 1892 3358 τοῦ

325 3397 567 3467 πολέμου
603 3397 870 3463 κακώσει,
925 3397 1020 3452 καί
1072 3415 1123 3450 τι
1173 3398 1267 3451 καὶ
1324 3393 1765 3466 παρεφθέγξατο,
1799 3395 1896 3448 καὶ

323 3489 416 3540 τὸν
478 3490 941 3557 κατηγορήσαντα
991 3485 1158 3539 αὐτοῦ
1216 3484 1559 3556 στρατιώτην
1615 3484 1896 3555 χιλίαρχον

322 3578 605 3642 ἀπέδειξεν
637 3577 753 3632 ἀντ’
781 3577 970 3630 αὑτοῖν
1023 3577 1116 3630 τὸν
1159 3577 1216 3630 δὲ
1246 3577 1466 3638 Λαῖτον,
1509 3576 1594 3630 ὅτι
1637 3576 1894 3646 φρόνημα

320 3669 456 3740 εἶχε,
483 3673 574 3724 καὶ
607 3673 687 3723 ὅτι
719 3670 824 3722 ὑπὸ
851 3669 960 3722 τῶν
995 3667 1342 3739 στρατιωτῶν
1370 3668 1641 3738 ἠγαπᾶτο,
1675 3669 1768 3720 καὶ
1797 3668 1896 3722 οὐκ

326 3765 502 3827 ἄλλως
566 3762 918 3834 στρατεύσειν
961 3761 1173 3826 ελεγον,
1225 3763 1274 3812 εί
1325 3760 1400 3830 μὴ
1467 3761 1667 3824 Δαῖτος
1715 3759 1896 3814 αὐτῶν

322 3859 531 3926 ἡγοῖτο,
565 3854 777 3907 καὶτὸν
809 3853 968 3923 φόνον
997 3853 1163 3906 αὑτοῦ
1192 3854 1306 3916 τοῖς
1326 3851 1693 3922 στρατιώταις
1725 3869 1898 3924 προσ-

325 3949 520 4018 ῆπτεν,
572 3947 653 4001 ὅτι
702 3947 881 4016 φθόνῳ
922 3946 1084 4000 αὑτὸν
1127 3945 1352 4012 ἀνελὼν,
1412 3946 1513 3998 οὐκ
1553 3940 1667 4016 εἶχε
1717 3945 1897 4013 λέγειν

326 4039 528 4094 αἰτίαν.
582 4036 716 4092 Εἶτα
765 4040 859 4092 ἐπὶ
889 4038 958 4091 τὰ
1011 4039 1190 4109 ’Λτρα
1236 4036 1585 4107 ἐστράτευσε.
1645 4037 1808 4100 Πόλις
1839 4037 1896 4090 δὲ

327 4131 504 4186 ταῦτα
544 4131 815 4201 Ἀράϐιος,
849 4133 906 4184 ἐν
930 4124 964 4202 ᾖ
991 4130 1161 4183 πολλά
1187 4145 1248 4180 τε
1283 4128 1419 4180 ἄλλα
1442 4128 1734 4180 ἀπέκειντο
1757 4131 1896 4199 χρή-

331 4241 499 4295 ματα,
554 4226 650 4278 καὶ
681 4224 750 4276 τά
774 4221 868 4275 τοῦ
909 4220 1091 4275 Ἡλίου
1131 4219 1568 4290 δὲσάναθήματα,
1602 4212 1646 4287 ᾧ
1680 4220 1714 4289 ἡ
1743 4219 1897 4280 πόλις

329 4319 526 4371 ἀνεῖτο.
559 4315 724 4368 Οὐδὲν
753 4313 810 4367 δὲ
833 4311 1058 4380 ἀνύσας,
1090 4311 1266 4364 καίτοι
1293 4311 1353 4365 τὸ
1382 4310 1539 4374 ἐκτὸς
1560 4314 1735 4380 τεῖχος
1763 4309 1898 4364 καθ-

326 4407 576 4480 ῃρηκὼς,
611 4407 704 4460 καὶ
764 4404 996 4466 πολλοὺς
1028 4403 1137 4456 τῶν
1165 4402 1386 4456 οἰκείων
1417 4399 1730 4466 ἀποϐαλὼν,
1769 4401 1896 4454 ἀνε-

327 4501 569 4572 χώρησε,
621 4499 715 4551 καὶ
769 4498 850 4560 είς
879 4497 979 4565 τὴν
1011 4493 1376 4562 Παλαιστίνην
1423 4492 1674 4560 ἀφίκετο,
1712 4494 1806 4544 καὶ
1839 4493 1896 4554 ἐς

1999 3301 2224 3365 milites,
2259 3302 2351 3372 qni
2386 3318 2445 3358 se
2472 3303 2694 3357 nonnisi
2743 3303 2839 3356 illo
2870 3307 3008 3358 duce
3055 3303 3388 3356 militaturos
3419 3303 3572 3356 amr-

1999 3395 2242 3459 maban‘t,
2273 3403 2330 3449 et
2356 3395 2562 3450 crimen
2598 3395 2764 3450 czedis
2790 3396 2910 3464 ejus
2943 3395 2997 3449 in
3034 3396 3238 3449 milites
3269 3395 3570 3462 transtulit,

1999 3486 2145 3556 quod
2172 3501 2238 3540 co
2268 3502 2335 3541 ex
2385 3485 2589 3540 invidia
2630 3486 2922 3542 interfecto
2944 3529 2957 3552 ,
2993 3501 3212 3540 causam
3244 3485 3428 3541 dicere
3461 3500 3574 3542 non

2000 3586 2234 3648 poterat.
2284 3577 2492 3632 Deinde
2523 3577 2654 3632 Atra
2697 3579 2892 3633 urbem
2927 3577 3140 3633 Arabiae
3175 3577 3290 3632 Soli
3336 3577 3572 3631 dicatam

1999 3668 2369 3738 Oppugnavit,
2421 3668 2476 3722 in
2526 3684 2660 3736 qua,
2718 3677 2917 3738 praeter
2949 3669 3084 3722 alias
3130 3683 3352 3736 magnas
3404 3683 3573 3737 opes,

1999 3765 2164 3816 etiam
2193 3761 2336 3816 Solis
2362 3761 2591 3815 donaria
2643 3762 2881 3830 reposita
2931 3769 3115 3816 erant.
3168 3759 3272 3814 Sed
3322 3761 3574 3830 quamvis

1997 3853 2258 3910 exteriori
2291 3869 2447 3907 muro
2474 3863 2653 3922 capto,
2703 3868 2762 3907 re
2805 3852 3008 3906 infecta
3062 3854 3251 3908 multis
3306 3854 3576 3908 militibus

1997 3947 2216 4000 amissis
2260 3946 2316 3999 in
2374 3945 2716 4000 Palaestinam
2761 3944 3036 4006 discessit,
3080 3954 3244 4013 atque
3293 3944 3348 3998 in
3411 3944 3573 4015 Egy-

1999 4051 2180 4109 ptum,
2227 4053 2391 4108 quam
2443 4046 2611 4092 totam
2661 4035 3040 4106 perlustravit,
3087 4035 3307 4090 arcanis
3352 4051 3572 4106 quoque

2000 4131 2166 4184 rebus
2213 4129 2502 4200 indagatis.
2535 4129 2614 4183 Eo
2651 4128 2800 4182 enim
2842 4135 2960 4182 erat
3010 4128 3252 4197 ingenio,
3283 4135 3344 4180 ut
3392 4141 3573 4196 neque

1999 4220 2247 4275 divinum
2291 4235 2470 4288 neque
2524 4221 2825 4275 humanum
2870 4218 3174 4289 quidquam
3212 4219 3570 4288 impervesti-

1998 4320 2184 4379 gatum
2216 4312 2576 4382 relinqueret.
2613 4311 2812 4366 Libros
2840 4325 3169 4367 arcanarum
3207 4325 3391 4365 rerum
3429 4325 3572 4379 quos

1999 4401 2223 4473 quidem
2259 4401 2512 4456 invenire
2557 4408 2790 4470 poterat,
2821 4417 2889 4455 ex
2919 4399 3180 4454 omnibus
3226 4399 3406 4470 adytis
3454 4417 3576 4455 sus-

2003 4496 2152 4550 tulit.
2196 4495 2376 4564 Atque
2403 4493 2521 4548 hazc
2554 4493 2842 4547 hactenus.
2883 4492 3042 4546 Nunc
3084 4491 3269 4546 obiter
3307 4491 3397 4546 illa
3442 4509 3578 4562 quo-

328 4593 626 4662 Αῖγυπτον,
661 4591 756 4644 καὶ
786 4591 966 4642 πᾶσαν
993 4581 1123 4651 εἶδε,
1149 4586 1247 4639 καὶ
1287 4586 1354 4639 τά
1378 4582 1741 4655 κεκρυμμένα
1772 4584 1892 4635 ἐπο-

2006 4601 2112 4656 que
2144 4584 2400 4649 referam,
2439 4598 2560 4653 qua:
2583 4581 2728 4652 apud
2762 4583 2988 4636 Dionem
3031 4581 3100 4637 de
3130 4581 3253 4636 Nilo
3297 4583 3575 4638 memoriae

332 4683 816 4755 λυπραγμόνησεν.
845 4677 956 4735 Ἦν
992 4680 1100 4750 γὰρ
1125 4673 1236 4741 οἷος
1266 4678 1404 4749 μήτε
1446 4676 1590 4730 θεῖον
1623 4675 1765 4746 μήτε
1797 4675 1898 4726 ἀν-

334 4777 605 4848 θρώπινον
636 4773 958 4828 καταλιπεῖν
990 4769 1370 4843 ἀνερεύνητον.
1415 4769 1525 4821 Καὶ
1553 4767 1622 4820 τά
1657 4766 1835 4836 βιϐλία
1865 4763 1902 4818 ἃ.

331 4885 387 4922 τι
425 4864 571 4940 εἶχον
615 4867 946 4936 ἀπόρρητον,
980 4864 1045 4917 ἐκ
1080 4863 1298 4916 πάντων
1322 4860 1432 4912 τῶν
1447 4858 1656 4912 ἀδύτων
1687 4855 1896 4910 ἀνείλε-

332 4975 416 5028 το,
449 4959 550 5012 ὅσα
576 4957 712 5020 τέως
764 4956 946 5025 εὑρεῖν
978 4951 1254 5022 δεδύνητο.
1292 4949 1454 5004 Ἀλλά
1471 4947 1645 5002 ταῦτα
1675 4947 1774 5016 μὲν
1809 4943 1901 4998 οὔ·

332 5065 464 5116 τωςο
490 5051 730 5122 εἰρήσθω
753 5048 798 5101 δ’
816 5050 890 5110 ώς
913 5050 971 5100 ἐν
990 5045 1228 5116 παρόδῳ,
1242 5043 1337 5098 καὶ
1353 5044 1453 5095 ὅσα
1473 5043 1564 5094 τὸν
1579 5041 1753 5093 Δίωνα
1771 5037 1899 5109 περὶ

332 5143 428 5197 τοῦ
461 5143 653 5198 Νείλου
703 5141 928 5210 λέγοντα
959 5137 1217 5209 εὕρομεν,
1275 5135 1398 5189 ὅθεν
1451 5150 1513 5186 τε
1569 5131 1897 5192 ἀναδίδοται,

335 5236 434 5290 καὶ
458 5234 546 5289 διὰ
569 5234 620 5287 τί
646 5233 789 5287 κατὰ
840 5233 903 5286 τὸ
949 5230 1106 5300 θέρος
1146 5229 1444 5296 πεποίηται
1477 5227 1575 5296 τὴν
1611 5223 1894 5278 ἀνάϐασιν.

336 5330 503 5397 Λέγει
529 5326 730 5392 τοίνυν,
755 5325 830 5390 ώς
879 5326 944 5377 ἐκ
973 5325 1069 5378 τοῦ
1106 5321 1401 5382 Ἀτλαντος
1446 5316 1772 5380 ἀναδίδοται,
1807 5313 1900 5366 τὸν

2000 4675 2216 4746 prodita
2249 4683 2376 4728 sunt
2409 4689 2422 4726 :
2460 4673 2605 4726 unde
2639 4672 2685 4727 is
2708 4673 2941 4738 oriatur,
2969 4687 3069 4727 cur
3101 4672 3292 4728 aestivo
3329 4683 3578 4743 tempore

2002 4767 2284 4822 ascendat.
2340 4765 2538 4820 Narrat
2587 4771 2808 4830 autem,
2855 4779 2982 4818 eum
3035 4779 3101 4818 ex
3145 4765 3365 4819 Atlante
3416 4765 3576 4830 oriri,

2003 4866 2187 4913 monte
2220 4855 2622 4918 Maceunitidis,
2653 4855 2718 4909 ad
2757 4856 2923 4926 608
2957 4855 3135 4926 ipsum
3174 4855 3576 4911 occidentalem

2001 4949 2302 5011 Oceanum,
2357 4946 2602 5000 omnium
2677 4950 2949 5000 montium
3003 4946 3274 5000 altiss'mo
3309 4964 3322 4999 :
3357 4961 3463 5014 qua
3511 4945 3580 5001 de

2005 5053 2169 5096 causa
2207 5038 2331 5092 coeli
2383 5039 2640 5092 columna
2691 5052 2721 5091 a
2769 5037 2947 5106 poetis
3007 5037 3334 5106 appelletur.
3387 5035 3579 5104 Neque

2006 5131 2152 5186 enim
2185 5143 2516 5200 quemquam
2560 5129 2680 5193 eius
2723 5142 2988 5181 cacumen
3021 5125 3354 5190 ascendisse,
3399 5139 3580 5194 neque

2007 5219 2223 5290 fastigia
2275 5217 2524 5279 vidisse,
2575 5230 2796 5284 semper
2849 5213 3070 5283 cppleta
3125 5213 3363 5266 nivibus.
3420 5211 3577 5267 Unde

2007 5311 2198 5368 ατειὶνο
2241 5319 2488 5378 tempore
2520 5321 2718 5376 magna
2755 5318 3026 5376 aquarum
3075 5301 3232 5370 copia
3280 5300 3577 5367 deﬂuente,

1513 5453 1712 5517 Variae
1750 5452 2056 5516 lectiones
2095 5457 2158 5512 et
2188 5457 2375 5513 notae.

408 5593 522 5664 (52)
565 5591 629 5664 '0
653 5589 768 5659 μὲν
799 5587 928 5664 γάρ,
947 5594 1079 5664 _etc.
1132 5583 1202 5664 In.
1237 5580 1492 5664 versione
1514 5577 1610 5664 hic
1641 5575 1899 5664 quaedam

339 5644 748 5718 im‘tnu'tavin'ius
790 5644 818 5710 τ’
843 5644 1072 5711 Wbllius
1097 5654 1412 5724 scripserat,
1444 5649 1534 5724 sed
1563 5644 1900 5724 quianAlbin'o

338 5715 734 5803 iiitperritoriam
785 5727 1164 5803 maiestatem“
1191 5715 1478 5800 ﬂagitanti,
1539 5715 1901 5803 uethresarif

343 5794 590 5855 honorem
641 5801 886 5867 negabat,
941 5804 1048 5867 etc.
1088 5794 1241 5847 Alius
1299 5794 1580 5867 enimcst‘
1610 5800 1805 5864 sensus
1834 5799 1901 5867 ex

348 5854 517 5926 Dione
541 5890 552 5924 :
578 5854 782 5936 quippe
803 5854 928 5921 cum
947 5865 1144 5919 Albino
1177 5861 1498 5930 promissam
1542 5854 1776 5911 Czesaris
1819 5854 1904 5908 di-

2003 5575 2267 5654 gnitatem
2297 5578 2544 5641 negaret,
2585 5577 2698 5622 tum
2730 5567 2778 5622 is
2809 5565 3194 5635 imperatorem
3227 5577 3346 5618 sese
3387 5559 3578 5630 appel-

2003 5645 2187 5786 Ιῗιὲϐ)
2231 5713 2329 5786 Ὠς
2362 5705 3016 5786 ύπ-ὸλχοροτιέκτηλῐλίο,
3049 5702 3240 5786 ῶσπερ
3292 5719 3375 5765 τις
3429 5703 3582 5786 ὁκριῖ

2004 5767 2119 5905 eos
2146 5767 2326 5850 γυρὸς
2374 5767 2784 5849 δεδιδαγμένος.
2825 5767 3110 5833 Ὀοευι-τίι
3137 5767 3251 5829 huic
3278 5789 3379 5828 vox
3433 5767 3581 5840 apud

2029 5855 2082 5905 ‘0
2128 5867 2305 5904 ucetn.
