4048 6410
497 470 640 535 1027

492 584 656 638 Nilus
721 581 968 637 exundet

497 674 835 728 Mauritaniae
875 672 1194 728 hominibus
1228 669 1581 725 Macennitidi
1629 668 1876 722 finitimis
1919 681 2074 720 com-

497 763 732 832 pcrisse,
783 778 848 818 ac
893 764 1096 817 multos
1131 763 1413 816 Romanos
1449 760 1726 814 exercitus
1777 757 1842 810 ad
1896 758 2072 825 ipsum

498 854 774 909 Atlantem
828 858 1170 925 pervenisse.
1219 857 1344 912 llaec
1402 857 1468 911 de
1519 856 1642 910 Nilo
1689 853 1827 907 Dion
1882 851 2072 913 refert,

498 944 602 998 etsi
643 947 734 999 alii
767 947 982 1002 diversa
1010 949 1202 1003 eadem
1233 948 1300 1002 de
1331 963 1390 1001 re
1419 945 1787 1001 tradiderunt.

1766 463 2088 528 JOANNIS
2119 465 2440 526 ΖΟΝΛΒΑΞ

1014 597 1028 634 :
1071 590 1128 636 et
1185 580 1303 635 hate
1358 579 1635 633 Romanos
1683 590 1754 629 cx
1795 573 2075 630 inferioris

2198 576 2227 614 ιι.
2283 577 2523 629 ηΑ--χηο⁴
2595 575 2617 588 ·’
2694 593 2716 604 ρ
2799 571 2821 610 ‘.’
2959 577 2999 611 ι.
3113 579 3138 592 ·’
3336 596 3356 606 -
3437 579 3483 610 ’.-
3739 581 3751 599 ν

2198 605 2228 628 ι..
2363 612 2380 628 .
2419 593 2552 628 αλια
2591 593 2713 647 ορο,
2770 593 2908 628 enm
2957 595 3014 628 ει
3077 594 3142 646 τῃ
3199 576 3558 632 Πικεννιυιδι
3627 599 3734 648 παρ

2182 663 2333 734 αὐτῷ
2363 665 2442 735 τῷ
2479 649 2886 735 Ὠκεανῷ-πρὸς
2921 667 3189 736 ἑσπέραν,
3250 671 3345 720 καὶ
3395 669 3540 739 ὁρῶν
3588 670 3755 723 απάν-

2181 775 2290 810 των
2327 758 2821 827 ὑπερανίστασθαι,
2878 757 3018 811 ὥστε
3051 760 3140 812 διὰ
3188 761 3248 812 τι
3282 758 3421 830 ὕψος
3465 763 3558 813 καὶ
3605 764 3753 814 κίονα

2181 847 2345 899 αὑτὸν
2385 846 2538 916 παρὰ
2585 847 2696 897 τῶν
2747 847 2996 917 ποιητῶν
3033 849 3302 919 κληθῆναι
3351 849 3451 902 τοῦ
3506 849 3751 922 οὐρανοῦ.

2183 937 2336 1006 Μήτε
2367 939 2473 1006 γὰρ
2499 937 2767 1006 ἀναϐῆναί
2793 938 2916 991 τινα
2941 953 3073 990 ποτε
3101 943 3180 1002 εἰς
3208 939 3383 1011 ἄκρον
3415 941 3602 1006 αὑτοῦ,
3631 938 3750 1010 μήτ’

3625 466 3755 532 10Ξῖ

504 1036 711 1089 ιδέσθαι
749 1041 846 1098 τὰς
878 1039 1046 1092 αὑτοῦ
1096 1042 1338 1109 κορυφὰς
1388 1040 1566 1108 χιόνος
1606 1035 1694 1091 ἀεὶ
1733 1031 2066 1104 πληθούσας,
2109 1029 2167 1095 ἐξ
2201 1024 2266 1100 ἦς
2306 1027 2441 1079 πολὺ
2507 1029 2808 1098 καταρρεῖν
2869 1029 2931 1080 τὸ
2964 1028 3109 1100 ὕδωρ
3176 1032 3285 1086 ὑπὸ
3331 1033 3393 1084 τὸ
3445 1033 3617 1102 θέρος⁸
3665 1036 3752 1086 καὶ

496 1132 589 1186 διὰ
629 1135 787 1188 τοῦτο
819 1136 941 1188 τότε
973 1135 1064 1188 τὸν
1107 1136 1298 1188 Νεῖλον
1337 1132 1707 1200 πληθύνεσθαι
1755 1130 1926 1194 λέγει,
1972 1125 2275 1180 καὶταῦτα
2341 1123 2638 1194 Ῥωμαίοις
2684 1125 3063 1195 ἀκριϐωθῆναι
3148 1128 3210 1177 ἐκ
3263 1123 3378 1176 τῶν
3461 1126 3557 1192 τῆς
3605 1140 3741 1177 κατω

500 1225 877 1295 Μαυριτανίας
904 1226 1230 1296 ἀνθρώπων,
1261 1225 1572 1296 προσοίκων
1645 1224 1818 1276 ὄντων
1871 1223 1938 1289 τῇ
2017 1216 2390 1282 Μακεννίτιδι,
2451 1218 2546 1268 καὶ
2612 1218 2843 1280 πολλοὺς
2918 1221 3024 1270 τῶν
3071 1217 3189 1270 ἐκεῖ
3269 1221 3724 1286 στρατευσαμὲνω

515 1321 800 1389 Ῥωμαίων
835 1320 1132 1387 ἀφικέσθαι
1175 1320 1425 1384 καὶπρὸς
1461 1318 1550 1371 τδν
1584 1315 1878 1370 Ἀτλαντα.
1944 1308 2136 1364 Ταῦτα
2199 1309 2300 1378 μέν
2367 1306 2462 1364 οὖν
2528 1310 2658 1378 περὶ
2688 1310 2780 1363 τοῦ
2812 1310 3006 1363 Νείλου
3032 1309 3110 1382 τῷ
3133 1309 3320 1374 Δίωνι,
3350 1313 3400 1364 εί
3454 1314 3548 1365 καὶ
3582 1313 3747 1375 ἄλλοις

500 1413 622 1482 οὐχ’
648 1411 790 1464 οὕτω
814 1410 882 1464 τὰ
915 1410 1045 1478 περὶ
1077 1409 1270 1462 τούτου
1312 1409 1613 1480 ἱστόρηται.

576 1509 644 1564 Χ.
687 1507 954 1563 Caeterum
985 1507 1307 1561 Plautianus
1336 1505 1652 1574 praefectus,
1700 1499 1913 1571 imperii
1947 1510 2088 1568 pene

502 1613 634 1652 cum
683 1595 888 1650 Severo
936 1593 1216 1663 particeps
1244 1601 1300 1646 et
1340 1607 1551 1646 summa
1587 1598 1870 1660 potestate
1901 1585 2090 1640 subni—

504 1703 650 1754 xus,
687 1686 890 1740 multos
947 1685 1126 1738 claros
1183 1684 1334 1738 viros
1387 1691 1443 1736 et
1473 1681 1589 1751 pari
1645 1681 1913 1750 dignitate
1954 1693 2090 1748 pra:-

507 1780 652 1832 ditos
689 1775 1001 1830 interfecit:
1051 1784 1106 1829 et
1137 1789 1247 1844 pra:
1273 1771 1566 1826 insatiabili
1598 1771 1827 1824 avaritia
1859 1767 1926 1821 ab
1965 1781 2088 1820 om-

503 1870 674 1924 nibus
721 1867 928 1937 aliquid
977 1864 1250 1935 flagitans,
1302 1879 1483 1932 neque
1528 1861 1868 1932 provinciam
1904 1873 2084 1926 neque
2119 1893 2161 1952 Β

509 1957 704 2012 urbem
726 1957 889 2009 ullam
907 1953 1281 2023 praetermisit,
1307 1965 1472 2020 quam
1497 1966 1606 2003 non
1629 1949 1910 2017 Spoliaret.
1927 1947 2085 2002 Unde

502 2064 700 2106 omnes
723 2050 771 2103 ei
793 2048 948 2117 plura
975 2060 1136 2114 quam
1157 2043 1259 2114 ipsi
1287 2043 1492 2098 Severo
1512 2042 1734 2096 dabant.
1777 2040 1925 2097 ldem
1949 2055 2084 2093 cen-

511 2153 627 2196 tum
663 2141 876 2194 nobiles
918 2139 1216 2201 Romanos,
1245 2151 1352 2189 non
1379 2151 1578 2206 pueros
1597 2134 1858 2187 duntaxat
1880 2141 1933 2185 et
1960 2130 2094 2185 ado-

520 2235 816 2295 lescentes,
855 2229 948 2286 sed
993 2229 1217 2283 maritos
1237 2230 1402 2282 etiam
1445 2225 1724 2290 castravit,
1750 2236 1810 2278 ut
1841 2225 2002 2279 iidem
2034 2231 2090 2277 et

513 2326 623 2380 viri
656 2333 710 2379 et
741 2323 1006 2388 eunuchi,
1038 2329 1092 2375 et
1119 2330 1303 2390 patres
1341 2318 1680 2373 intestabiles
1743 2317 1844 2388 (ut
1890 2314 2088 2371 comici

514 2415 684 2470 verbo
718 2413 863 2483 utar)
896 2421 952 2468 et
983 2413 1203 2468 castrati
1249 2411 1571 2481 barbatique
1615 2409 2088 2479 conspicerentur.

513 2509 718 2564 Verum
765 2517 891 2560 ante
935 2506 986 2560 id
1019 2505 1235 2560 facinus
1291 2506 1484 2574 ingens
1545 2513 1703 2556 cetus
1749 2501 1803 2554 in
1855 2500 2087 2570 Augusti

513 2610 732 2670 pomum
749 2599 964 2653 delatus
990 2607 1096 2658 est.
1117 2606 1172 2650 et
1193 2604 1424 2665 captus:
1455 2596 1615 2666 cujus
1647 2594 1999 2647 simulacrum
2036 2594 2088 2646 in

517 2689 998 2759 Amphitheatrum
1023 2689 1318 2757 perlatum,
1341 2701 1502 2740 ursos
1536 2685 1941 2740 Labscondisse
1979 2685 2089 2738 fcr-

516 2793 630 2838 tur.
675 2781 995 2836 Plautianus
1023 2795 1154 2834 vero
1186 2780 1307 2832 lilite
1333 2779 1602 2833 Plautillac
1631 2796 1660 2832 a
1687 2777 1893 2832 Severo
1915 2779 2090 2832 Anto-

515 2878 650 2930 nino
679 2875 792 2928 lilio
846 2875 1132 2944 desponsa:
1176 2881 1386 2926 tantum
1419 2871 1589 2933 dedit,
1621 2881 1889 2941 quantum
1945 2872 2090 2940 regi-

515 2967 605 3020 nis
651 2966 900 3036 pluribus
939 2965 1072 3021 satis
1123 2963 1336 3019 fuisset.
1377 2965 1478 3030 Qui
1528 2979 1653 3017 cum
1719 2964 2092 3033 amplissimus

517 3057 783 3114 evasisset
809 3098 823 3120 .
875 3058 1123 3127 adeoque
1149 3057 1412 3111 Severum
1441 3055 1618 3126 ipsum
1647 3057 1888 3125 potentia
1923 3071 2091 3125 supe-

518 3161 691 3218 raret,
717 3151 932 3206 insidiis
955 3148 1213 3204 Antonini
1246 3149 1431 3220 generi
1457 3148 1697 3214 occisus,
1742 3157 1798 3202 et
1829 3164 1894 3204 ex
1928 3164 2092 3218 supe-

518 3244 666 3298 riore
701 3243 824 3298 loco
859 3243 913 3296 in
943 3241 1082 3295 viam
1118 3243 1394 3312 projectus
1418 3252 1518 3296 est.
1548 3240 1666 3309 Quo
1695 3249 1950 3309 tanquam
1985 3257 2092 3311 pm—
2117 3231 2161 3290 C

516 3336 730 3406 dagogo
756 3343 964 3400 amoto,
991 3334 1181 3389 Severi
1221 3334 1317 3388 lilii
1337 3333 1650 3390 Antoninus
1683 3343 1736 3386 et
1765 3332 1901 3391 Geta
1941 3335 2093 3389 nullo

519 3427 729 3498 ﬂagitio
760 3428 1172 3482 abstinuerunt.
1195 3425 1274 3480 Eo
1293 3435 1540 3495 tempore
1560 3425 1712 3478 Bulla
1733 3425 1904 3488 Felix,
1932 3427 2096 3481 homo

523 3519 704 3575 Italus
733 3558 748 3584 ,
795 3534 860 3573 nc
898 3517 1206 3573 latronibus
1253 3516 1458 3572 coactis
1485 3557 1501 3582 ,
1548 3516 1754 3571 Italiam
1798 3533 1896 3586 per
1945 3519 2098 3572 bien-

525 3611 678 3664 nium
714 3609 1018 3664 infestavit.
1069 3609 1137 3664 Et
1181 3608 1433 3679 quamvis
1470 3608 1627 3663 multi
1675 3624 1801 3663 eum
1841 3624 2096 3679 compre-

526 3701 772 3757 hendere
833 3701 1142 3767 studerent,
1188 3711 1371 3756 tamen
1409 3701 1576 3756 variis
1603 3701 1839 3756 subinde
1868 3703 2099 3757 rationi-

525 3792 630 3848 bus
663 3807 968 3862 mngnaque
1000 3792 1223 3847 solertia
1249 3802 1645 3863 persequentes
1674 3792 1906 3850 eludens
1926 3833 1943 3860 ,
1986 3809 2098 3848 non

524 3883 847 3954 capiebatur
872 3899 886 3937 :
919 3884 1076 3954 cujus
1101 3883 1204 3938 hoc
1231 3884 1506 3954 specimen
1538 3893 1679 3940 esto.
1704 3883 2098 3940 Centurionem

524 3976 716 4032 Severi
752 3978 911 4048 jussu
940 3976 1044 4030 sibi
1092 3977 1468 4041 insidiantem,
1517 3978 1635 4048 ipse
1659 3979 1813 4047 quasi
1847 3979 1989 4033 alius
2013 3994 2101 4033 es-

527 4077 610 4123 set
665 4070 921 4133 accessit,
956 4069 1225 4123 latronem
1268 4069 1319 4123 ei
1354 4084 1413 4124 se
1444 4070 1800 4135 traditurum,
1826 4069 1870 4124 si
1900 4084 2098 4140 seque-

529 4167 703 4223 retur,
731 4158 996 4228 pollicens
1021 4177 1034 4213 :
1069 4167 1126 4212 et
1153 4159 1430 4214 hominem
1460 4176 1648 4215 verum
1679 4159 1732 4214 id
1755 4175 1875 4216 esse
1900 4167 2101 4229 putan-

527 4261 660 4316 tem,
717 4251 772 4304 in
794 4251 976 4306 locum
1012 4250 1337 4306 insidiarum
1371 4252 1720 4322 perductum,
1750 4253 1906 4308 facile
1931 4252 2099 4322 cepit.

529 4343 736 4397 Deinde
767 4359 865 4413 pro
897 4343 1156 4398 tribunali
1195 4345 1409 4410 sedens,
1437 4354 1498 4399 ut
1519 4345 1629 4399 dux
1652 4346 2104 4414 latronum,cen-

529 4436 803 4490 tnrioncm
830 4436 1011 4506 capite
1030 4452 1154 4491 raso
1192 4453 1314 4491 cum
1339 4437 1428 4492 his
1450 4440 1632 4494 verbis
1648 4429 1813 4510 609
1841 4441 2054 4498 dimisit
2085 4461 2098 4498 :

2258 1494 2315 1548 l’.
2361 1492 2699 1555 Πλαυτιανὸς
2729 1493 2786 1546 δὲ
2847 1493 3348 1563 παραδυναστεύων
3397 1496 3476 1566 τῷ
3524 1498 3747 1567 Σευήρῳ,

2186 1585 2281 1637 καὶ
2305 1586 2411 1656 τὴν
2444 1585 2751 1654 ἐπαρχικὴν
2785 1586 2925 1654 ἔχων
2951 1585 3221 1649 ἐξουσίαν,
3259 1587 3356 1639 καὶ
3405 1588 3632 1655 μέγιστα
3664 1589 3748 1640 δυ·

2190 1675 2396 1744 νηθεὶς,
2429 1675 2656 1736 πολλοὺς
2707 1676 2814 1727 τῶν
2862 1676 3166 1746 ἐλλογίμων
3201 1676 3418 1746 ἀνδρῶν
3461 1683 3551 1730 καὶ
3587 1678 3751 1746 ὁμοτίο

2193 1787 2308 1837 μων
2341 1768 2489 1838 αὐτῷ
2517 1768 2879 1822 ἐθανάτωσεν.
2918 1769 3230 1838 ’Λπληστος
3257 1769 3314 1822 δὲ
3350 1769 3428 1824 ὢν
3464 1772 3610 1841 παρὰ
3631 1771 3750 1823 πάν-

2189 1879 2294 1914 των
2323 1861 2464 1932 ᾔτει,
2516 1862 2608 1914 καὶ
2646 1861 2769 1913 οὔτε
2833 1860 2987 1922 ἔθνος
3021 1861 3135 1931 (54)
3179 1861 3304 1914 οὔτε
3350 1863 3504 1916 πόλιν
3556 1863 3750 1931 ἀφῆκεν

2193 1952 2482 2022 ἀσύλητον,
2517 1953 2611 2006 καὶ
2639 1953 2857 2005 πλείονα
2889 1953 3036 2022 αὑτῷ
3073 1953 3296 2018 πάντες,
3334 1956 3367 2024 ἢ
3415 1955 3492 2024 τῷ
3547 1957 3750 2024 Σευήρῳ

2193 2045 2434 2098 ἐδίδουν.-
2465 2045 2720 2115 Ἐξέτεμε
2751 2044 2806 2097 δὲ
2848 2046 2938 2097 καὶ
2966 2045 3292 2114 ἀνθρώπους
3331 2049 3634 2116 Ῥωμαίους
3663 2052 3748 2102 καὶ

2191 2139 2432 2206 εὐγενεῖς
2468 2139 2686 2201 ἑκατὸν,
2717 2140 2777 2190 οὺ
2803 2137 2997 2200 παῖδας
3042 2138 3222 2206 μόνον,
3274 2139 3399 2192 οὐδὲ
3444 2141 3620 2210 μέντοι
3647 2155 3754 2208 μει-

2193 2233 2384 2302 ράκια,
2417 2231 2552 2285 ἀλλὰ
2583 2235 2674 2284 καὶ
2705 2231 2900 2301 ἄνδρας
2919 2234 3184 2299 γυναῖκας
3217 2229 3468 2300 ἔχοντας,
3490 2231 3614 2284 ὥσθ’
3637 2232 3752 2301 6ρὶ-

2195 2323 2318 2376 σθαι
2369 2324 2494 2386 τοὺς
2555 2324 2751 2386 αὐτοὺς
2789 2323 2882 2376 καὶ
2935 2321 3222 2390 εὐνούχους
3268 2325 3365 2376 καὶ
3409 2323 3624 2392 ἄνδραη
3671 2325 3753 2374 καὶ

2192 2416 2440 2487 πατέρας
2466 2416 2685 2486 ἁόρχεις
2715 2417 2807 2467 καὶ
2840 2415 3124 2484 ἐκτομίας,
3160 2417 3254 2469 καὶ
3289 2415 3603 2484 πωγωνίας.
3651 2412 3750 2482 Πρὸ

2193 2507 2249 2560 δὲ
2279 2506 2467 2560 τούτου
2501 2507 2662 2575 κῆτος
2698 2507 3004 2578 ὑπέρογκον
3051 2509 3131 2568 εἰς
3179 2508 3271 2559 τὸν
3324 2510 3632 2576 Αὐγούστου
3676 2520 3749 2558 κε-

2193 2599 2464 2668 κλημένον
2491 2598 2688 2668 λιμένα
2737 2599 3017 2666 ἐξώκειλε,
3055 2601 3148 2652 καὶ
3177 2599 3344 2662 ἑάλω,
3397 2601 3491 2651 καὶ
3545 2597 3752 2666 μίμημα

2193 2690 2362 2744 αὑτοῦ
2418 2690 2662 2758 γεγονὸς,
2722 2694 2814 2744 καὶ
2857 2693 2938 2754 εἱς
2983 2691 3044 2744 τὺ
3100 2693 3452 2760 κυνηγέσιον
3504 2689 3752 2759 εἰσαχθὲν,

2195 2782 2532 2851 πεντήκοντα
2566 2783 2808 2852 ἄρκτους
2865 2784 2994 2835 εἴσω
3042 2783 3263 2852 λέγεται
3327 2783 3600 2849 δέξασθαι.
3654 2781 3752 2848 Τὴν

2193 2875 2249 2929 δὲ
2291 2875 2384 2928 τοῦ
2422 2875 2761 2930 Πλαυτιανοῦ
2796 2876 3072 2950 θυγατέρα
3126 2878 3464 2933 Πλαυτίλλαν
3509 2875 3596 2930 τοῦ
3636 2875 3754 2927 Σευρ

2195 2967 2330 3037 ήρου
2363 2967 2440 3036 τῷ
2491 2968 2592 3037 υἱῴ
2648 2968 2957 3036 ’Λντωνίνῳ
3014 2969 3398 3034 συζεύξαντος,
3433 2969 3658 3022 τοσαῦτα
3692 2965 3752 3035 τῇ

2195 3059 2426 3129 θυγατρὶ
2454 3061 2482 3112 ὁ
2513 3060 2844 3122 Πλαυτιανὸς
2875 3059 3098 3125 ἔδωκεν,
3128 3063 3232 3114 ὅσα
3256 3062 3481 3124 πολλαῖς
3515 3055 3744 3128 βασιλίσ-

2199 3168 2323 3214 σαις
2377 3151 2614 3224 ἤρκεσεν
2655 3152 2740 3204 ἄν.
2798 3147 2962 3214 Οὗτος
3015 3152 3346 3222 ὕπερμέγας
3397 3150 3627 3222 γεγονὼς
3669 3146 3754 3199 καὶ

2198 3245 2450 3297 πλεῖστον
2500 3244 2770 3312 δυνηθεὶς,
2803 3244 2836 3314 ἢ
2870 3244 2964 3298 καὶ
2999 3245 3138 3315 ὑπὲρ
3165 3245 3255 3297 τὸν
3309 3245 3549 3315 Σευῆρον
3583 3239 3750 3301 αὑτὸν.

2197 3337 2302 3392 ὑπὸ
2331 3337 2424 3390 τοῦ
2452 3335 2696 3406 γαμϐροῦ
2735 3335 3056 3388 Ἀντωνίνου
3103 3335 3509 3398 ἐπιϐουλευθεὶς
3535 3333 3750 3400 sapam,

2197 3429 2292 3481 καὶ
2316 3427 2522 3482 ἄνωθεν
2557 3428 2635 3489 εἰς
2663 3425 2786 3478 ὀδόν
2818 3442 2939 3477 τινα
2962 3424 3184 3496 ἐρρίφη.
3219 3425 3282 3477 Οἱ
3315 3424 3372 3478 δὲ
3404 3421 3495 3476 τοῦ
3528 3421 3750 3486 Σευῆρον

2197 3523 2388 3586 παῖδες
2431 3522 2744 3584 Ἀντωνῖνος
2777 3519 2870 3574 καὶ
2911 3519 3103 3582 Γέτας,
3155 3519 3351 3590 ὥσπερ
3397 3515 3518 3570 τινὰ
3577 3510 3754 3565 παιδαρ

2199 3615 2376 3685 γωγδν
2425 3614 2516 3668 τὸν
2575 3612 2904 3668 ιιλαυτιανὸν
2951 3613 3403 3682 ἀποσεισάμενοι,
3453 3609 3592 3664 ἅπαν
3631 3617 3752 3673 p.37-

2197 3707 2365 3780 ῄεσαν
2389 3707 2680 3778 χείριστον.
2732 3706 2867 3759 Τότε
2922 3708 3017 3758 καὶ
3066 3704 3305 3767 Βούλλας
3340 3703 3526 3773 Φῆλιξ,
3569 3695 3751 3757 Ἰταλὸς

2201 3801 2362 3871 ἀνὴρ,
2409 3799 2704 3874 λῃστήριον
2736 3797 3145 3866 συστησάμενος
3189 3795 3492 3862 ἑξακοσίων
3539 3783 3749 3856 ἀνδρῶν,

2199 3891 2443 3963 ἐληίζετο
2468 3891 2564 3961 τὴν
2607 3889 2837 3943 Ἰταλίαν
2872 3887 2960 3940 ἐπ’
2990 3888 3084 3960 ἐτη
3116 3888 3228 3941 δύο.
3259 3886 3480 3943 Πολλῶν
3519 3883 3571 3936 δὲ
3615 3879 3747 3948 φιλο-

2201 3984 2549 4055 τιμουμένων
2597 3985 2890 4054 κατασχεῖν
2947 3981 3131 4045 αὑτὸν,
3164 3981 3276 4035 ὁδὲ
3332 3977 3447 4050 οὐχ’
3500 3975 3750 4045 ἡλίσκετοο

2203 4075 2512 4146 εὐμεθὸδως
2538 4075 2628 4127 διὰ
2655 4073 2874 4144 τρόπων
2906 4073 3114 4126 πολλῶν
3168 4073 3296 4137 τοὺς
3349 4071 3510 4127 αὐτὸν
3552 4069 3754 4121 διώκων

2203 4183 2304 4231 τας
2351 4166 2892 4234 κατασοφιζόμενος·
2948 4161 3023 4219 ὦν
3075 4165 3170 4218 ἕνα
3234 4167 3316 4228 είς
3371 4164 3618 4229 ἔνδειγμα
3657 4153 3751 4207 τῶν

2204 4259 2382 4315 ἄλλων
2418 4257 2672 4330 ἐροῦμεν.
2715 4256 3150 4326 Ἐκατοντάρχου
3199 4257 3352 4327 παρὰ
3399 4254 3635 4323 Σευήρου
3669 4261 3751 4298 κε-

2203 4349 2521 4410 λευσθέντος
2549 4347 2781 4418 λοχῆσαι
2812 4347 2994 4412 αὑτὸν,
3055 4347 3219 4410 αὐτὸς
3262 4347 3457 4417 ἐκείνῳ
3504 4333 3750 4411 προσῆλθε

2203 4443 2270 4496 δι’
2293 4439 2488 4495 ἐαυτοῦ
2524 4441 2601 4502 ὡς
2630 4440 2786 4502 ἄλλος
2816 4455 2918 4503 τις,
2952 4440 3045 4492 καὶ
3073 4439 3513 4497 διεϐεϐαιώπατο,
3547 4436 3590 4487 εἰ
3623 4429 3752 4497 ἕψοι·

525 4525 728 4584 Nuntia
777 4528 993 4581 domino
1031 4538 1154 4593 tuo,
1201 4537 1256 4581 ut
1289 4545 1461 4583 seruos
1509 4547 1632 4584 suos
1667 4531 1801 4597 alat,
1841 4548 1904 4586 ne
1933 4534 2099 4587 latro-

2208 4553 2290 4600 το,
2328 4533 2664 4604 παραδοῦναι
2690 4533 2841 4606 αὐτῷ
2873 4533 2964 4585 τὸν
2993 4531 3218 4603 λῃστήν.
3249 4534 3356 4586 Τοῦ
3382 4532 3437 4584 δὲ
3463 4526 3750 4618 πεισθέντος

527 4622 791 4672 tinentur.
843 4620 995 4674 Multi
1030 4621 1177 4675 enim
1227 4619 1522 4677 Caesariani
1577 4623 1760 4679 liberti
1791 4640 1848 4680 se
1877 4627 1943 4680 ad
1977 4643 2102 4684 eum

529 4712 903 4766 contulerant.
955 4713 1080 4766 l‘ost
1121 4721 1299 4768 tamen
1353 4725 1567 4784 captus,
1617 4725 1674 4771 et
1716 4717 1913 4775 bestiis
1957 4721 2112 4792 obje-

531 4815 655 4857 ctus
701 4813 803 4858 est.
843 4805 1080 4860 Severus
1128 4816 1312 4861 autem
1362 4808 1768 4876 expeditionem
1810 4811 1862 4865 in
1895 4812 2114 4868 Britan-

531 4895 680 4950 niam
730 4897 991 4966 suscepit,
1025 4913 1092 4952 ne
1129 4908 1183 4952 et
1213 4898 1310 4953 filii
1357 4900 1488 4952 luxu
1522 4912 2029 4975 corrumperentur,
2057 4915 2113 4961 et

532 4987 780 5056 legiones
843 4989 955 5043 otio
1021 4990 1490 5045 remollescerent.
1568 4992 1708 5048 Sunt
1752 5003 1934 5050 autem
1989 4997 2112 5053 duae

529 5089 724 5149 gentes
771 5081 1098 5137 Britannica:
1146 5085 1412 5150 maximae,
1457 5083 1737 5156 Calydonii
1783 5097 1839 5143 et
1885 5089 2106 5155 Meam,

533 5173 756 5242 utrique
804 5189 1028 5243 asperos
1062 5187 1276 5230 montes
1303 5187 1360 5230 et
1390 5192 1612 5248 campos
1658 5179 1893 5234 incultos
1921 5197 1984 5235 ac
2013 5199 2106 5250 pa-

533 5264 738 5317 lustres
789 5264 1129 5328 incolentes,
1191 5281 1372 5337 neque
1422 5267 1586 5321 urbes
1639 5267 1882 5333 habent,
1929 5285 2110 5339 neque

533 5364 741 5409 terram
795 5357 1027 5411 colunt:
1061 5356 1157 5412 sed
1209 5373 1276 5411 ex
1334 5366 1516 5426 pastu,
1557 5361 1872 5425 venatione,
1916 5360 2111 5415 fructi-

534 5447 642 5502 bus
691 5445 950 5501 arborum
1005 5447 1276 5502 vietitant.
1338 5449 1588 5504 Piscibus
1643 5450 1811 5512 enim,
1861 5453 2112 5520 quamvis

531 5537 782 5590 abundet
827 5537 1045 5599 insula,
1096 5553 1205 5592 non
1255 5551 1598 5594 vescuntur:
1645 5543 1698 5596 in
1749 5542 2113 5599 tabernaculis

537 5627 809 5694 habitant,
860 5632 992 5685 nudi
1027 5639 1084 5685 et
1117 5631 1235 5688 sine
1284 5632 1482 5687 calceis
1519 5633 1745 5703 degunt,
1788 5635 2114 5692 mulieribus

2209 4629 2288 4692 είς
2343 4626 2555 4696 λοχὼδη
2594 4625 2761 4678 τόπον
2813 4623 3122 4692 ἀπαγαγὼν
3161 4625 3323 4680 αὐτὸν
3371 4621 3568 4694 ῥᾳδίως
3613 4607 3750 4666 συνέν

2203 4719 2394 4776 λαϐεν.
2426 4716 2558 4772 Εἶτα
2592 4719 2686 4771 ἐπὶ
2721 4717 2966 4789 βήματος
2997 4717 3252 4782 καθίσας,
3298 4717 3374 4780 ὡς
3403 4714 3557 4784 δῆθεν
3587 4706 3749 4776 ἄρχων

2206 4811 2300 4865 τοῦ
2333 4811 2630 4882 λῃστηρίου
2666 4809 3168 4880 μεταστειλάμενος
3220 4809 3310 4862 τὸν
3359 4803 3746 4866 ἑκατόνταρχονν

2206 4903 2306 4966 τὰς
2333 4904 2524 4974 τρίχας
2552 4902 2651 4973 τῆς
2678 4901 2921 4972 κεφαλῆς
2950 4899 3116 4954 αὑτοῦ
3141 4899 3478 4971 ἀπεξύρησε,
3507 4891 3593 4946 καὶ
3622 4883 3747 4974 dig?!

2206 5009 2302 5047 κεν
2335 4971 2516 5056 αθτδν,
2547 4971 2736 5045 εἰπών’
2783 4971 3059 5061 "Miracle
3094 4990 3173 5054 τῷ
3221 4990 3482 5054 δεσπότῃ
3527 4994 3633 5035 σου
3669 4971 3746 5024 ὅτι

2217 5085 2370 5153 Τοὺς
2387 5086 2649 5151 δούλους
2671 5083 2838 5154 ὑμῶν
2864 5084 3125 5153 τρέφετε,
3155 5085 3254 5137 ἵνα
3271 5084 3358 5152 μὴ
3404 5070 3739 5146 λῃστεύωσι.

2209 5177 2444 5240 Πολλοὺς
2467 5177 2574 5247 γὰρ
2602 5177 2711 5230 τῶν
2744 5175 3089 5245 Καισαρείων
3135 5173 3280 5244 εἶχεν
3313 5169 3462 5239 αὐτῷ
3516 5170 3746 5233 προσχω”

2213 5269 2511 5338 ρήσανταςο
2570 5267 2836 5338 Ὕστερον
2905 5267 3090 5336 μέντοι
3136 5267 3363 5337 ἐλήφθη,
3421 5260 3512 5314 καὶ
3557 5247 3740 5318 θηρίοις

2209 5358 2388 5428 ἐδόθη·
2424 5359 2660 5428 Σευῆρος
2689 5356 2747 5410 δὲ
2773 5359 2854 5420 εις
2899 5357 3000 5427 τὴν
3027 5357 3355 5426 Βρεττανίαν
3385 5348 3735 5428 ἐστράτευσεν..

2210 5453 2295 5504 El”
2329 5421 2458 5520 μέθ’
2491 5421 2580 5503 Ol"
2599 5449 2782 5511 παῖδες
2830 5421 3206 5501 ἐκδιαιτωνται
3259 5443 3445 5507 αὑτοῦ,
3506 5435 3628 5508 μήτε
3667 5421 3738 5520 ’τὰ

2213 5517 2600 5616 στρατεύματα
2643 5543 2734 5596 ὑπ’
2785 5543 2986 5613 ἀργίας
3031 5543 3348 5596 ἐκλύωνται.
3395 5535 3493 5591 Δύο
3537 5517 3734 5616 δὲτέῖη

2210 5607 2316 5692 τῶν
2345 5607 2661 5709 Βρεττανῶν
2683 5637 2786 5689 εἰσι
2820 5607 3074 5704 μέγιστα,
3116 5635 3427 5688 Καλυδόνιοι
3469 5622 3555 5678 καὶ
3576 5607 3736 5672 Μπιᾶν

1737 5788 2256 5852 νθπὶω1‹,ιοῑίοηοε
2288 5798 2350 5852 et
2382 5800 2574 5854 notua.

615 5903 726 5971 (5.5)
763 5900 1001 5968 Ἐθνος.
1037 5906 1202 5962 Wolf.
1233 5917 1460 5977 gentem.
1508 5909 1954 5977 Emendavimus,
1986 5916 2330 5982 provinciam.
2360 5915 2492 5971 Vide
2521 5916 2699 5971 Gloss.
2730 5914 2874 5970 med.
2906 5913 3188 5970 Graecitat.
