4048 6426
363 428 505 500 1023
592 429 596 433 ‘

1592 432 2002 495 ANNALIUM
2039 434 2184 497 LIB.
2230 436 2373 496 ΧΠ.

3473 441 3613 507 1030

356 565 470 610 ται,
512 547 606 601 καὶ
650 546 906 616 νέμονται
941 547 1196 619 ἑκάτεροι
1246 546 1415 617 ἄγρια
1453 545 1581 616 ὅρη,
1631 544 1726 601 καὶ
1769 543 1916 597 πεδία

2036 549 2346 614 promiscue
2395 552 2652 610 utuntur,
2695 546 2932 603 infantes
2978 563 3171 605 omnes
3208 549 3467 609 educant.
3500 555 3614 611 Re-

356 639 541 730 ξρημα
578 638 674 692 καὶ
707 636 904 709 ἑλώδη,
943 640 1082 708 μήτε
1108 638 1293 701 πόλεις
1325 637 1543 708 ἔχοντες
1573 638 1712 706 μήτε
1742 652 1927 706 γεωρ-

354 728 580 797 γοῦντες
604 730 704 800 τὴν
731 731 855 800 γῆν,
874 731 989 784 ἀλλ’
1005 733 1070 784 ὲκ
1083 731 1278 801 νομῆς,
1303 732 1397 784 καὶ
1419 730 1615 800 θήρας,
1643 728 1739 782 καὶ⁵
1761 730 1931 799 ἀκροο

353 821 533 892 δρύων
577 822 647 875 τά
705 822 848 894 πρὸς
892 823 953 876 τὸ
1000 823 1100 894 ζῇν
1150 824 1529 894 ποριζόμενοι.
1583 821 1761 892 Ἰχθῦς
1817 820 1926 892 γὰρ

354 912 534 966 καίτοι
565 915 918 985 παμπληθεῖς
950 914 1103 983 παρὰ
1154 915 1220 983 τῇ
1266 914 1418 984 νήσῳ
1458 913 1830 981 τυγχάνοντας
1863 911 1926 964 οὐ

356 1003 649 1069 σιτοῦνται,
699 1007 967 1076 σκηνῆται
1008 1005 1053 1059 δ’
1109 1007 1239 1067 εἰσὶ,
1293 1004 1490 1075 γυμνοί
1541 1021 1601 1056 τε
1648 1003 1785 1067 ζῶσι
1835 1002 1927 1055 καὶ

352 1096 673 1149 ἇνυπόδετοι
700 1137 717 1162 ,
758 1099 964 1160 κοιναῖς
1017 1097 1352 1167 κεχρημένοι
1401 1097 1519 1159 ταῖς
1559 1093 1797 1164 γυναιξὶ,
1828 1093 1925 1148 καὶ

351 1188 423 1241 τὰ
453 1186 769 1257 γεννώμενα
799 1185 976 1242 πάντα
1026 1187 1406 1259 ὲκτρέφοντες.
1445 1183 1925 1258 Δημοκρατοῦνταί

350 1293 411 1330 τε
438 1280 532 1331 καὶ
556 1277 903 1347 λῃστεύουσι,
931 1279 1026 1331 καὶ
1073 1277 1464 1347 στρατεύονται
1501 1277 1593 1330 ἐπὶ
1633 1278 1922 1347 ἁρμάτων,

353 1370 555 1432 ἵππους
580 1370 798 1439 ἔχοντες
834 1371 1067 1441 μικροὺς
1106 1373 1201 1425 καὶ
1228 1374 1438 1442 ταχεῖς,
1478 1372 1573 1425 καὶ
1601 1370 1762 1433 πεζοὶ
1790 1370 1921 1438 τρέ-

353 1461 507 1531 χουσι
549 1479 607 1515 τε
629 1462 882 1529 ὀξύτατα.
917 1463 986 1517 Ὅ
1003 1465 1143 1525 τλοις
1166 1463 1222 1516 δὲ
1256 1465 1553 1533 κέχρηνται
1579 1462 1920 1524 ἀσπίδιτινὶ,

350 1551 446 1604 καὶ
474 1553 666 1623 βραχεῖ
691 1569 798 1606 τινι
828 1552 1013 1622 δόρατι
1045 1554 1139 1606 καὶ
1168 1554 1497 1624 ἐγχειριδίῳ.
1534 1553 1692 1625 Λιμῷ
1724 1553 1782 1607 δὲ
1826 1553 1923 1607 καὶ

348 1643 512 1715 ψύχει
570 1644 1084 1715 ταλαιπωρούμενοι
1124 1646 1218 1699 καὶ
1267 1645 1456 1708 ἄλλαις
1516 1645 1794 1699 κακώσεσι
1829 1645 1924 1713 φέ-

358 1752 535 1806 ρουσι,
586 1736 681 1789 καῖ
730 1736 810 1798 είς
861 1736 929 1789 τὰ
971 1735 1067 1806 ἕλη
1127 1737 1524 1806 καταδυόμενοι
1561 1736 1923 1809 καρτεροῦσιν

352 1828 448 1881 ἐπὶ
486 1827 709 1891 πλείους
754 1828 989 1898 ἡμέρας,
1031 1828 1207 1900 μόνην
1254 1827 1355 1899 τὴν
1391 1827 1639 1897 κεφαλὴν
1677 1826 1784 1892 ἔξω
1826 1825 1920 1880 τοῦ

2038 636 2254 705 publica
2319 639 2571 707 populari
2637 649 2910 707 utuntur,
2960 651 3017 697 et
3062 642 3500 712 latroc'nantur,
3558 650 3613 705 in

2035 729 2295 784 curribus
2329 730 2589 796 militant,
2626 746 2798 800 equos
2830 731 3036 789 habent
3065 750 3264 804 parvos
3284 746 3339 792 et
3362 738 3570 793 celeres
3594 754 3613 793 :

1976 870 1985 877 κ
2035 818 2140 888 ipsi
2175 836 2393 890 quoque
2441 821 2732 877 celerrime
2774 824 3062 880 cursitant.
3102 826 3265 882 Arma
3303 836 3451 895 sunt,
3495 831 3613 899 cly-

2035 926 2189 979 pvus,
2223 912 2406 967 brevis
2438 913 2594 968 hasta
2638 922 2694 969 et
2736 915 2921 986 pugio.
2959 915 3257 973 JErumnas
3304 919 3485 984 famis,
3515 920 3617 975 fri-

2032 1002 2211 1073 goris,
2241 1003 2487 1073 aliasque
2526 1006 2844 1063 vexationes
2890 1007 3146 1062 tolerant.
3200 1009 3433 1065 Paludes
3478 1010 3616 1066 sub-

2032 1106 2185 1160 eunt,
2219 1107 2275 1150 et
2301 1098 2356 1149 in
2387 1097 2451 1152 iis
2479 1112 2576 1166 per
2610 1097 2729 1152 dies
2761 1100 3075 1169 complures
3120 1112 3427 1168 morantur,
3481 1104 3615 1160 solis

2031 1187 2306 1256 capitibus
2331 1203 2397 1242 ex
2423 1189 2581 1259 aquis
2631 1192 2966 1256 eminentes,
2998 1201 3053 1246 et
3092 1193 3148 1246 in
3183 1193 3357 1259 silvis,
3414 1196 3617 1252 radici-

2030 1277 2134 1332 bus
2160 1290 2215 1334 et
2237 1280 2538 1335 corticibus
2557 1296 2615 1336 se
2647 1290 2976 1339 sustentant.
3008 1283 3211 1339 Parant
3242 1287 3408 1340 etiam
3437 1287 3614 1357 quod-

2031 1367 2154 1422 dam
2209 1368 2377 1423 edulii
2433 1386 2626 1441 genus,
2680 1370 2750 1425 de
2791 1387 2901 1441 quo
2945 1372 2988 1428 si
3046 1374 3182 1428 faba
3236 1375 3613 1445 magnitudine

2030 1460 2341 1528 gnstarint,
2394 1477 2572 1531 neque
2619 1463 2856 1528 sitiunt,
2907 1480 3085 1535 neque
3135 1467 3410 1521 esuriunt.
3461 1466 3612 1524 Talia

2029 1549 2195 1618 igitur
2246 1550 2422 1607 insula
2487 1553 2769 1610 Britannia
2835 1564 3002 1611 erat:
3045 1564 3103 1612 et
3151 1568 3424 1627 quatenus
3483 1575 3609 1615 eam

2028 1642 2258 1698 Romani
2287 1659 2397 1698 non
2436 1647 2713 1709 tenebant,
2746 1662 2776 1701 a
2807 1647 3007 1706 talibus
3052 1649 3373 1705 hominibus
3398 1652 3608 1706 incole-

2028 1732 2211 1788 batur.
2252 1733 2387 1789 Nam
2439 1746 2650 1806 partem
2701 1738 2820 1808 ejus
2873 1740 3123 1807 Romani,
3180 1742 3410 1798 semisse
3458 1743 3607 1799 haud

2026 1817 2202 1880 multo
2258 1827 2565 1894 minorem,
2617 1829 2963 1886 obtinebant.
3015 1831 3326 1903 Longitudo
3371 1834 3491 1904 ejus
3535 1835 3606 1889 ad

352 1918 543 1983 ὓδατος
589 1894 827 1989 ἔχοντες,
877 1920 972 1973 καὶ
999 1894 1056 1971 ἐν
1090 1894 1210 1982 ταὶς
1256 1894 1410 1983 ὕλαις
1461 1894 1752 1990 τρέφονται
1802 1922 1916 1982 ταῖς

2027 1932 2099 1970 vn
2137 1916 2305 1972 millia
2354 1933 2532 1973 cxxxu
2578 1919 2825 1983 extendi,
2858 1921 2911 1975 in
2942 1894 3291 1977 latitudinem
3323 1894 3421 1978 bis'
3455 1925 3609 1982 mille

352 2011 531 2081 ῥίζαις
567 2013 664 2065 καὶ
700 2010 779 2081 τῷ
820 2011 1012 2078 πλοιῷ.
1049 2008 1385 2075 Σκευάζουσι
1415 2011 1472 2064 δὲ
1503 2010 1597 2063 καί
1632 2028 1686 2064 τι
1724 2009 1924 2082 βρῶμα

347 2101 408 2167 ἐξ
429 2097 489 2156 οὗ
514 2101 636 2155 ὅσον
659 2102 870 2173 κυάμου
903 2102 1132 2172 μέγεθος
1151 2102 1491 2173 ἐμφαγόντες
1516 2100 1638 2157 οὕτε
1663 2102 1923 2157 πεινῶσιν

344 2192 471 2247 οὒτε
510 2192 759 2263 διψῶσιν.
807 2194 870 2247 'H
907 2194 1008 2265 μὲν
1037 2192 1134 2247 οὖν
1185 2193 1489 2264 Βρεττανία
1544 2191 1774 2262 τοιαύτη
1825 2193 1915 2256 τίς

345 2284 465 2337 ἐστι
504 2285 688 2353 νῆσος,
721 2284 815 2338 καὶ
850 2285 956 2338 ὑπὸ
982 2284 1300 2357 τοιούτω-δή
1339 2285 1416 2357 μὴ
1461 2286 1762 2356 Ῥωμαίοις
1782 2287 1919 2340 61:0-

348 2374 583 2445 κειμένη
628 2377 777 2440 τότε,
817 2375 1035 2446 ᾠκεῖτο.
1091 2372 1260 2447 Εἶχον
1313 2377 1423 2449 γὰρ
1471 2376 1677 2446 ταύτης
1726 2378 1920 2447 μοῖραν

357 2465 627 2537 Ῥωμαῖοι
677 2468 781 2523 οὐκ
829 2469 1236 2542 ὲλαττουμένην
1292 2469 1474 2541 πολλῷ
1518 2469 1616 2523 τοῦ
1666 2471 1916 2541 ἡμίσεος,

344 2560 441 2613 καὶ
470 2559 530 2612 τδ
570 2559 670 2629 μὲν
703 2559 878 2629 μῆκος
907 2561 1007 2627 τῆς
1061 2560 1190 2631 ὅλης
1231 2562 1397 2631 νήσου
1429 2562 1487 2624 ἐς
1529 2561 1718 2615 στάδια
1750 2562 1920 2614 ἑπτα-

344 2652 586 2723 κισχίλια
613 2654 714 2706 καὶ
755 2652 953 2708 ἑκατὸν
986 2653 1286 2723 τριάκοντα
1317 2653 1411 2707 δύο
1457 2653 1798 2708 ὲκτείνεσθαι
1831 2654 1918 2707 λέ-

344 2760 526 2812 γεται,
567 2745 629 2798 τὸ
662 2745 720 2798 δὲ
773 2744 976 2807 πλάτος
1039 2744 1116 2807 ώς
1167 2746 1373 2799 ἐπίπαν
1409 2748 1467 2808 ἐς
1517 2747 1759 2819 δισχίλιά
1811 2764 1914 2800 που

343 2838 440 2890 καὶ
487 2837 801 2907 τριακόσια,
861 2836 977 2889 ἐστι
1008 2837 1052 2890 δ’
1082 2834 1144 2890 οὗ
1174 2840 1269 2890 καὶ
1315 2837 1600 2892 ἐλάττονα.
1639 2841 1697 2892 ’0
1730 2839 1776 2892 δ’
1821 2835 1916 2893 οὖν

341 2927 582 3000 Σευῆρος
610 2928 796 2995 πάσης
850 2929 1123 2999 κρατῆσαι
1171 2930 1270 3000 τῆς
1326 2931 1495 3000 νήσου
1533 2931 1915 3002 διανοούμενος

342 3020 422 3083 τίς
452 3019 551 3091 τὴν
581 3019 919 3075 Καλυδονίαν
967 3020 1239 3084 είσέὸαλε.
1292 3022 1389 3076 καὶ
1437 3021 1742 3093 πράγματα
1785 3023 1914 3094 ἔσχε

345 3111 484 3183 μήτε
545 3110 952 3182 μαχεσάμενος,
1008 3111 1136 3183 μήτ’
1186 3115 1247 3166 ὲν
1299 3113 1606 3183 παρατάξει
1653 3113 1914 3186 πολέμιον

2025 2024 2119 2065 ccc
2152 2008 2267 2064 fere
2299 2010 2474 2065 stadia
2503 2019 2694 2081 patere
2727 2011 2968 2068 dicitur:
2995 2013 3197 2068 alicubi
3224 2015 3389 2070 etiam
3426 2032 3607 2084 angu-

2023 2101 2183 2156 stior.
2230 2099 2467 2156 Severus
2502 2101 2672 2173 igitur
2721 2102 2891 2159 totius
2925 2103 3121 2159 insulae
3153 2106 3319 2176 potiri
3354 2109 3604 2178 cupiens,

2024 2190 2078 2245 in
2130 2192 2482 2264 Calydoniam
2524 2193 2891 2265 impressione
2934 2194 3106 2259 facta,
3149 2208 3451 2267 occupatus
3501 2199 3609 2254 fuit

2022 2296 2132 2338 non
2168 2284 2465 2355 pugnando
2498 2284 2700 2354 (neque
2733 2285 2881 2341 enim
2921 2285 3180 2342 hostilem
3210 2288 3386 2343 aciem
3419 2288 3605 2357 vidit),

2021 2376 2115 2432 sed
2150 2375 2501 2431 succidendis
2541 2378 2715 2438 silvis.
2754 2386 2810 2432 et
2848 2378 3128 2434 montibus
3165 2381 3604 2450 complanandis.

2019 2466 2152 2538 Ejus
2178 2482 2311 2522 vero
2342 2468 2543 2522 milites
2585 2469 2854 2537 palantes,
2890 2484 2990 2538 per
3021 2470 3249 2526 insidias
3273 2472 3606 2528 etcideban-

2020 2569 2129 2621 tur,
2165 2576 2340 2630 coque
2375 2568 2537 2629 pacto
2586 2561 2758 2615 multa
2812 2561 2982 2616 millia
3033 2562 3342 2633 perierunt.
3371 2564 3449 2619 Ac
3480 2565 3602 2620 Bri-

2019 2634 2214 2704 tannos
2262 2649 2486 2720 quidem
2528 2650 2595 2704 ad
2638 2650 2977 2707 deditionem
3017 2653 3305 2723 compulit.
3336 2653 3601 2712 Antonini

2016 2749 2201 2796 autem
2237 2741 2331 2797 filii
2360 2742 2522 2797 luxus
2548 2753 2605 2797 et
2630 2741 2995 2805 immodestia,
3031 2758 3094 2799 se
3116 2743 3367 2812 fratrem,
3396 2748 3441 2802 si
3470 2763 3603 2817 pos-

2018 2842 2122 2897 set,
2155 2832 2468 2889 oecisurum
2511 2833 2658 2889 haud
2701 2834 3124 2899 dissimulantis,
3170 2837 3603 2894 sollicitudinem

2015 2925 2067 2980 ei
2110 2925 2314 2981 attulit.
2370 2925 2515 2992 Quin
2561 2927 2701 2996 patri
2736 2922 2902 2981 etiam
2955 2927 3245 2994 insidians,
3276 2928 3363 2984 bis
3404 2929 3602 3000 depre-

2015 3013 2242 3078 hensus,
2277 3015 2557 3088 graviores
2588 3030 2778 3086 pmnas
2809 3030 2920 3070 non
2962 3015 3135 3073 dedit.
3172 3017 3306 3072 Nam
3333 3027 3491 3089 pater
3519 3018 3604 3088 ei,

2014 3106 2316 3176 Papiniano
2340 3120 2395 3162 et
2420 3107 2647 3163 Castore
2696 3107 3060 3177 praesentibus
3098 3111 3242 3180 (erat
3271 3120 3455 3166 autem
3486 3109 3599 3167 Ca-

341 3201 702 3273 θεασάμενος,
730 3202 848 3257 ἀλλ’
877 3202 1159 3273 ὑλοτομῶν
1190 3203 1287 3257 καὶ
1333 3205 1402 3257 τὰ
1445 3203 1695 3276 μετέωρα
1745 3223 1914 3260 κατα-

2020 3207 2133 3254 stor
2187 3215 2380 3254 servus
2434 3201 2588 3271 ejus,
2645 3199 2730 3254 vir
2778 3200 3025 3269 optimus
3075 3208 3132 3256 et
3187 3201 3597 3273 integerrimus)

341 3295 623 3349 σκάπτων.
656 3294 719 3348 Οί
749 3294 805 3348 δὲ
834 3293 1004 3348 αὐτοῦ
1048 3294 1383 3364 στρατιῶται
1417 3297 1770 3366 σκιδνάμενοι
1810 3301 1910 3354 ὲκ-

339 3385 614 3441 τιννύοντο
640 3383 1136 3453 ἐπιϐουλευόμενοι,
1162 3388 1252 3441 καὶ
1284 3385 1475 3442 πολλαὶ
1503 3389 1742 3459 χιλιάδες
1759 3390 1911 3445 ἀπώ-

338 3479 512 3533 λοντο.
563 3478 710 3543 Τέως
746 3478 927 3548 μέντοι
975 3476 1034 3540 ις
1075 3478 1367 3549 ὁμολογίαν
1394 3479 1524 3543 τοὺς
1569 3481 1908 3551 Βρεττανοὺς

337 3572 512 3627 ἐλθεῖν
541 3571 953 3640 κατηνάγκασε.
980 3568 1230 3641 Φροντίσι
1256 3569 1312 3624 δὲ
1340 3569 1507 3625 αὐτὸν
1536 3572 1566 3624 δ
1593 3570 1909 3637 ’Δντωνῖνος

2013 3291 2183 3362 610
2211 3307 2345 3349 ense
2367 3293 2421 3349 in
2444 3296 2685 3353 medium
2715 3296 2920 3368 posito,
2955 3296 3089 3353 illud
3121 3297 3391 3353 duntaxat
3418 3300 3595 3356 dixit:

2017 3386 2081 3441 Si
2108 3403 2190 3440 me
2217 3387 2362 3458 cupis
2410 3388 2726 3459 inter/icere,
2763 3390 2848 3444 hic
2875 3406 2956 3444 me
2993 3389 3256 3458 conﬁcito,
3292 3407 3393 3445 non
3426 3392 3603 3462 inspe-

2014 3480 2280 3536 ctantibus
2326 3482 2567 3537 omnibus
2602 3497 2622 3539 :
2661 3484 2744 3538 ain
2790 3485 2892 3538 tuis
2942 3487 3182 3539 manibus
3232 3500 3316 3540 me
3363 3486 3601 3542 orciderc

2014 3569 2260 3632 dubitas,
2314 3570 2622 3641 Papianum
2672 3573 2979 3643 pra'fectum
3026 3576 3278 3646 pra'torio
3322 3575 3377 3631 id
3425 3577 3602 3647 facere

338 3664 369 3717 ὁ
396 3666 508 3724 uio;
542 3662 897 3733 περιέδαλλεν
920 3660 1233 3716 ἀκολάστως
1256 3660 1427 3733 βιοὺς,
1456 3663 1551 3717 καὶ
1571 3663 1728 3735 δῆλος
1754 3662 1830 3716 ὢν
1857 3665 1908 3717 εί

2020 3660 2105 3726 iub
2138 3669 2211 3715 to.
2260 3660 2441 3733 Neque
2490 3666 2630 3718 enim
2678 3664 2794 3728 tibi,
2847 3681 2969 3719 cum
3011 3667 3083 3719 sis
3132 3668 3444 3737 imperator,
3493 3683 3599 3721 non

339 3756 595 3828 δυνηθείη
615 3748 715 3809 ’τὸν
743 3754 972 3825 ἀδελφὺν
1011 3753 1499 3826 διαχειρισόμενος.
1528 3757 1641 3811 Καὶ
1656 3756 1804 3828 αὐτῷ
1849 3757 1909 3811 δὲ

336 3848 415 3920 τῷ
444 3847 609 3918 πατρὶ
637 3845 990 3912 ὲπεὸούλευε,
1021 3846 1116 3899 καὶ
1141 3846 1471 3916 ἐπεφώρατο
1493 3845 1595 3913 δὶς,
1640 3846 1759 3901 ἀλλ’
1806 3848 1904 3902 ού-

335 3940 423 3994 δὲν
449 3938 622 3992 δεινὸν
673 3936 874 3990 ἔπαθεν
899 3936 928 3989 ὁ
968 3934 1285 3999 ’Δντωνῖνος
1332 3936 1474 4006 πρὸς
1524 3936 1620 3991 τοῦ
1675 3941 1905 4010 πατρός.

244 4084 253 4095 ,
337 4028 575 4091 καλέσας
633 4028 690 4080 δὲ
718 4027 883 4081 αὐτὸν
922 4027 1016 4080 καὶ
1063 4026 1157 4081 τὸν
1207 4028 1485 4081 Παπιανδν
1514 4027 1649 4099 (55),
1689 4029 1782 4083 καὶ
1814 4032 1907 4084 τὸν

337 4121 599 4190 Κάστορα
637 4118 843 4190 (δοῦλος
894 4118 940 4171 δ’
974 4115 1041 4190 ἦν
1101 4120 1130 4172 ὁ
1180 4118 1420 4190 Κάστωρ
1465 4118 1653 4193 αὐτοῦ,
1682 4121 1907 4190 ἄριστος

336 4212 476 4282 ἀνὴρ
502 4213 597 4265 καὶ
627 4212 994 4281 πιστότατος),
1039 4212 1132 4265 καὶ
1163 4210 1315 4283 ξίφος
1344 4214 1424 4275 είς
1451 4211 1512 4264 τὸ
1545 4213 1713 4282 μέσον
1746 4212 1908 4282 θέμε-

2015 3752 2237 3821 parebit.
2282 3751 2418 3808 Cum
2463 3752 2715 3809 Britanni
2768 3753 3149 3818 defecissent,
3199 3753 3255 3808 in
3298 3753 3418 3824 ipso
3468 3754 3598 3810 belli

2014 3850 2276 3912 apparatu
2325 3858 2395 3896 ex
2426 3843 2620 3898 morbo
2650 3843 2706 3898 in
2753 3842 2932 3899 insula
2975 3844 3235 3907 decessit,
3289 3855 3467 3898 morte
3513 3847 3599 3913 (ut

2014 3933 2207 4004 aiant)
2257 3935 2326 3988 ab
2379 3934 2657 3990 Antonino
2726 3936 3049 3991 accelera'a.
3107 3934 3214 3991 Sed
3273 3937 3593 4005 priusquam

2013 4027 2356 4095 exspiraret,
2412 4025 2540 4080 [iliis
2596 4025 2888 4079 mandasse
2938 4024 3150 4089 fertur,
3208 4032 3267 4078 ut
3315 4026 3595 4080 concordes

2013 4128 2206 4185 essent,
2260 4117 2452 4172 milites
2506 4118 2771 4181 ditarent,
2823 4124 3037 4171 crateras
3083 4132 3186 4171 non
3240 4116 3591 4188 negligercnt.

2015 4210 2310 4280 imperavit
2357 4222 2531 4263 annos
2574 4223 2701 4272 xw,
2749 4220 2966 4262 menses
3011 4220 3130 4270 vm,
3183 4204 3303 4261 dies
3336 4221 3418 4260 nl.
3449 4206 3596 4262 Vixit

2015 4316 2189 4355 annos
2234 4315 2359 4366 va,
2410 4314 2631 4353 menses
2678 4314 2762 4363 Ix,
2814 4297 2937 4353 dies
2966 4314 3057 4352 xx.
3104 4297 3235 4369 Ejus
3279 4298 3405 4352 vita:
3453 4297 3594 4351 ratio

2016 4393 2327 4464 huiusmodi
2355 4392 2479 4447 fuit.
2516 4392 2576 4446 In
2606 4406 2758 4461 pace,
2793 4399 2959 4445 noctu
3008 4390 3203 4460 agebat
3250 4389 3457 4460 aliquid
3487 4389 3595 4445 sub

336 4318 446 4365 νος,
461 4300 562 4370 ἔφη
581 4301 717 4372 πρὸς
741 4301 833 4353 τὸν
858 4302 995 4355 υἱόν·
1023 4303 1094 4355 El
1112 4301 1547 4370 ἀποκτεῖναιμε
1567 4301 1784 4367 θέλεις,
1806 4304 1907 4356 ἐν-

335 4391 525 4447 ταῦθά
543 4410 621 4461 με
651 4391 1046 4460 κατάχρησαι,
1085 4397 1184 4446 καί
1206 4392 1292 4462 μὴ
1323 4393 1568 4447 πάντων
1599 4394 1898 4462 ὁρώντων.

337 4488 404 4540 El
433 4485 484 4536 δ’
517 4487 795 4554 αὐτόχειρ
828 4501 948 4553 μου
986 4484 1267 4552 γενέσθαι
1326 4484 1548 4551 ὀκνεῖς,
1602 4488 1908 4541 κέλευσον

2020 4486 2344 4542 diluculum.
2399 4482 2609 4539 Deinde
2661 4482 2996 4537 ambulando
3062 4497 3124 4537 ea
3190 4482 3482 4537 mandalat
3537 4492 3594 4539 et

337 4578 588 4645 παρόντι
615 4575 898 4641 Humani)
935 4575 1017 4641 τῷ
1058 4574 1299 4644 ἐπάρχῳ
1347 4576 1448 4631 ἵνα
1487 4593 1564 4646 με
1592 4576 1911 4646 ἐξεργάση-

2020 4578 2310 4640 audiebat,
2362 4590 2485 4646 qua:
2537 4574 2606 4630 ad
2660 4574 2951 4644 imperium
3006 4572 3393 4644 pertinebant:
3429 4583 3592 4644 atque

334 4686 452 4726 ται.
516 4671 598 4724 Οὐ
651 4672 762 4739 γὰρ
805 4669 1122 4737 ἀπειθήσει
1169 4684 1269 4722 σοι
1315 4668 1710 4737 αὐτοκράτορι
1757 4669 1908 4727 ὄντι.

2020 4670 2092 4725 ita
2124 4669 2216 4740 jus
2265 4667 2485 4724 dicebat
2531 4681 2703 4735 usque
2731 4666 2798 4721 ad
2827 4665 3141 4729 meridiem,
3183 4663 3289 4720 nisi
3332 4679 3594 4736 magnum

346 4758 725 4814 ’Δποστάντων
753 4761 797 4813 δ’
836 4758 994 4823 αὖθις
1024 4759 1135 4812 τῶν
1177 4758 1522 4831 Βρεττανῶν,
1579 4761 1910 4831 ἡτοιμάζετο

2020 4761 2214 4817 festum
2242 4770 2410 4820 esset.
2434 4758 2806 4814 assessoribus
2834 4758 3122 4814 sententia:
3152 4756 3324 4811 libere
3346 4755 3595 4814 dicendae

331 4850 408 4914 ὡς
432 4851 762 4922 πολεμήσων
795 4850 1001 4914 αὐτοῖς.
1048 4851 1139 4904 Ἐν
1161 4851 1216 4904 δὲ
1243 4850 1320 4922 τῷ
1361 4851 1567 4922 μεταξὺ
1622 4850 1766 4905 κατὰ
1807 4852 1908 4922 τὴν

2020 4861 2284 4925 potestate
2313 4852 2459 4909 data.
2497 4851 2744 4908 Posthac
2779 4850 3087 4922 equitabat,
3128 4848 3327 4904 deinde
3356 4850 3592 4914 lavabat,

335 4943 498 5012 νῆσον
526 4943 750 5010 διάγων,
805 4942 1089 5011 ἀπήλλαξε
1136 4942 1329 5009 νοσῶν,
1369 4946 1465 4997 καὶ
1515 4942 1614 4997 τοῦ
1662 4944 1915 4997 Ἀντωνί-

2020 4945 2335 5017 prandebat,
2378 4944 2728 5001 meridiabat.
2769 4944 3140 5015 Experrectus
3179 4944 3390 5011 reliqua
3426 4957 3595 5012 nego.

332 5052 446 5099 νου,
475 5034 548 5097 ὡς
579 5034 801 5102 λέγεται
850 5036 1330 5105 συνεργασαμένου
1364 5036 1500 5108 πρὸς
1538 5035 1717 5092 τοῦτο.
1775 5037 1911 5106 Πρὶν

2020 5039 2081 5093 tia
2111 5037 2443 5108 peragebat,
2480 5044 2538 5092 et
2573 5037 2718 5092 inter
2769 5034 3231 5090 deambulandum
3279 5031 3485 5086 (ἐπι-»οἰδ
3531 5040 3592 5085 et

333 5122 426 5180 οὖν
469 5126 792 5190 ἐκπνεῦσαι,
850 5126 1007 5195 λόγος
1076 5125 1239 5181 αὐτὸν
1297 5129 1414 5190 τοῖς
1461 5126 1650 5179 παισὶν
1699 5126 1901 5180 εἰπεῖν’

2020 5128 2219 5185 Latinis
2249 5127 2576 5197 disciplinis.
2604 5126 2856 5182 vacabat.
2894 5125 3118 5196 Vesperi
3154 5124 3337 5178 denuo
3373 5121 3595 5175 lavabat

338 5218 708 5286 Ὂμονοεῖτε.
759 5220 902 5284 τοὺς
955 5218 1328 5286 στρατιώτας
1372 5217 1743 5283 πλουτίζετε,
1792 5216 1914 5272 τῶν

2020 5228 2064 5275 3t
2103 5218 2379 5275 emanabat.
2439 5217 2647 5272 Diebus
2698 5230 2911 5272 summe
2963 5212 3294 5270 necessariis
3338 5209 3593 5266 convivxa

332 5308 538 5362 ἄλλων
568 5306 655 5375 μὴ
702 5307 980 5377 ἁμελεῖτε
1024 5309 1162 5381 (56).
1212 5304 1387 5377 Ἦρξε
1428 5307 1485 5361 δὲ
1538 5307 1908 5362 ἑπτακαίδεκα

2020 5307 2227 5378 publica
2256 5307 2662 5378 frequentabat.

330 5401 426 5468 ῑτη
458 5402 553 5453 καὶ
588 5402 763 5472 μῆνας
809 5399 956 5454 ὀκτὼ
1000 5401 1085 5468 ἐφ’
1131 5402 1362 5471 ἡμέραις
1405 5398 1574 5471 τρισὶ,
1620 5397 1830 5469 βιώσας
1894 5399 1954 5452 τδ
1989 5398 2211 5470 σύμπαν
2241 5398 2336 5469 ἔτη
2385 5397 2651 5469 ἐξήκοντα
2700 5396 2796 5451 καὶ
2834 5396 2999 5450 πέντε
3068 5397 3164 5451 καὶ
3208 5395 3387 5467 μῆνας
3430 5398 3590 5452 ἐννέα

331 5496 429 5548 καὶ
454 5492 669 5564 ἡμέρας
701 5493 861 5546 ἐννέα
894 5493 990 5547 καὶ
1030 5493 1227 5549 εἴκοσι.
1254 5492 1494 5563 Τοιαύτη
1517 5491 1562 5544 δ’
1587 5486 1656 5563 ἦν
1687 5492 1838 5563 αὖτῷ
1864 5494 1899 5563 ἡ
1919 5492 2164 5564 διαγωγὴ
2204 5495 2263 5548 ὲν
2290 5494 2515 5564 εἰρήνης
2545 5490 2742 5562 καιρῷ·
2773 5490 3012 5561 ἔπραττε
3044 5507 3096 5544 τι
3128 5493 3323 5555 νυκτὸς
3368 5490 3474 5544 ὑπὸ
3497 5490 3591 5546 τὸν

1528 5608 1725 5670 Varias
1765 5610 2074 5672 lectiones
2118 5618 2180 5670 et
2223 5619 2413 5670 notm.

2016 5740 2265 5806 nogativa
2301 5736 2441 5803 apud
2477 5735 2730 5800 Dionem,
2764 5744 2824 5790 ut
2858 5749 3056 5791 sensus
3087 5735 3160 5790 sit
3198 5752 3208 5787 :
3242 5742 3457 5790 ca'teros
3474 5749 3589 5790 om-

401 5731 872 5818 (ᾅδχηαπιανόν.
924 5736 1002 5791 Ita
1055 5745 1169 5791 tres
1198 5751 1329 5790 mss.
1364 5735 1431 5790 At
1486 5736 1584 5792 Dio
1636 5739 1905 5791 Παπινια-

2020 5740 2265 5806 ncgativa
2301 5753 2396 5818 apt]

2014 5826 2101 5861 ms
2136 5817 2470 5861 contemnite.

331 5802 639 5943 “Halyn
679 5875 975 5947 ἀμελεῖτε.
1030 5876 1108 5932 Ita
1170 5888 1300 5935 tres.
1334 5893 1464 5934 mss.
1527 5878 1597 5932 At
1629 5875 1905 5932 omittitur
