4048 6442
1702 412 2034 473 JOANNlS
2074 412 2399 473 ΖΟΝΛΙΙΕ

441 415 571 483 1031
1702 415 2034 473 JOANNlS
2074 415 2399 473 ZONAIlE
3567 421 3717 489 1032

433 536 652 609 ὄρθρον·
688 529 812 590 εἶτα
853 531 1071 596 ἐϐάδιζε
1095 531 1272 600 λέγων
1308 530 1405 585 καὶ
1438 529 1656 584 ἀκούων
1676 529 1747 583 τά
1781 534 1848 601 τῇ
1886 532 2029 605 ἀρχῇ
2065 533 2376 604 πρόσφορα,
2419 533 2512 587 καὶ
2563 533 2735 599 οὕτως
2779 534 3027 601 ἐδτκαζεν
3060 536 3167 602 ἕως
3201 536 3302 608 τῆς
3337 539 3696 611 μεσημϐρίας

430 631 480 682 εἰ
515 632 701 700 μήτις
737 626 952 697 μεγάλη
991 620 1059 695 ἦν
1101 624 1286 695 ἐορτὴ,
1326 625 1421 678 καὶ
1466 626 1580 686 τοῖς
1658 623 2042 689 συνδικάζουσι
2084 628 2401 698 παρρησίαν
2451 626 2647 680 ἐδίδου·
2702 630 2796 682 καὶ
2826 630 2919 682 ἐπὶ
2970 630 3184 695 τούτοις
3230 633 3485 698 ἵππευεν,
3563 631 3691 703 εἶτ’,

431 722 670 786 ἐλούετο,
724 719 926 790 ἠρίστα
947 734 1007 770 τε
1040 717 1135 770 καὶ
1177 714 1459 777 ἐκάθευδε,
1508 715 1603 768 καὶ
1648 716 1887 778 ἀναστάς
1938 717 2213 785 τάνῗλοιπά
2237 717 2620 789 προσεδιῴκει,
2688 722 2788 774 καὶ
2836 722 3020 790 λόγοις
3048 724 3247 794 ὡμίλει
3277 727 3336 778 ἐν
3395 731 3697 799 περιπάτῳ

431 816 686 874 Λατίνοις
737 829 797 864 τε
857 811 953 862 καὶ
1008 808 1367 875 Ἑλληνικοῖς,
1430 806 1523 858 καὶ
1574 805 1710 875 πρὸς
1760 807 2003 877 ἑσπέραν
2039 806 2277 874 ἐλούετο,
2337 805 2492 872 αὖθις
2530 810 2625 863 καὶ
2684 810 2945 876 ἐδείπνει,
2974 813 3068 865 καὶ
3107 814 3166 866 ἐν
3186 817 3311 878 ταῖς
3349 817 3493 869 πάνυ
3527 820 3707 888 ἀναγ,

430 908 615 970 καίαις
642 905 878 975 ἡμέραις
908 903 978 955 τὰ
1017 900 1288 969 πολυτελῆ
1334 900 1528 952 δεῖπνα
1559 900 1899 969 συνεκρότει,

502 1001 749 1057 XLMOta
767 997 871 1051 sub
883 998 1003 1066 ejus
1018 994 1250 1064 imperio
1265 1009 1491 1063 persccu
1501 993 1649 1047 tione
1670 1005 1860 1047 contra
1878 994 2006 1063 pios.

2200 987 2302 1043 Μ’.
2352 988 2475 1043 Ἐπὶ
2497 988 2689 1043 τούτου
2719 989 2855 1059 (37).
2903 989 3149 1061 διωγμοῦ
3205 992 3519 1063 κινηθέντος
3564 996 3715 1051 κατά

430 1094 591 1150 multi
656 1091 873 1145 fortiter
912 1087 1068 1143 obito
1112 1084 1413 1141 certamine
1466 1085 1714 1155 martyrii
1748 1100 2006 1138 coronant

2118 1080 2232 1134 τῶν
2264 1079 2531 1144 εὐσεϐῶν,
2586 1078 2774 1133 πολλοὶ
2833 1078 2936 1149 μὲν
2977 1081 3307 1151 ὴνδρίσαντο
3356 1084 3452 1135 καὶ
3494 1100 3714 1153 μαρτυ-

434 1191 779 1239 mcruerunt.
824 1179 964 1233 Tum
996 1179 1164 1233 etiam
1201 1176 1500 1241 Leonides,
1533 1177 1789 1247 Origenis
1827 1189 2010 1246 pater,

431 1286 624 1347 captus
664 1283 721 1328 et
768 1280 891 1343 post
934 1272 1041 1326 alia
1088 1270 1367 1340 supplicia
1408 1270 1796 1336 obtruncatus,
1835 1270 2010 1325 lilium

436 1368 730 1425 admodum
761 1380 992 1436 parvum
1031 1363 1261 1433 reliquit
1292 1381 1306 1416 :
1340 1364 1435 1433 qui
1472 1380 1610 1432 puer
1651 1364 1833 1417 adhuc
1864 1379 2013 1417 mar-

434 1460 560 1530 tyrii
590 1457 826 1526 cupidus
881 1454 1051 1509 fuisse
1087 1453 1439 1523 perhibetur.
1475 1453 1649 1508 Mater
1678 1454 1846 1523 igitur
1884 1467 2011 1507 cum

432 1566 561 1606 eum
604 1547 793 1602 verbis
812 1548 1015 1601 frustra
1039 1562 1066 1598 a
1096 1546 1368 1601 sententia
1393 1545 1668 1601 deducere
1692 1555 2009 1611 conaretur,

428 1640 677 1697 vestibus
704 1638 967 1693 omnibus
1007 1637 1323 1702 occultatis,
1354 1636 1543 1691 effecit
1592 1646 1653 1690 ut
1682 1636 1767 1692 vel
1801 1636 2012 1691 invitus

432 1740 684 1788 maneret
732 1729 907 1785 domi.
959 1728 1096 1785 Cum
1151 1739 1336 1785 autem
1388 1730 1579 1798 egredi
1644 1744 1753 1783 non
1800 1738 2010 1799 posset,

430 1834 642 1895 patrem
685 1837 786 1893 per
824 1822 1041 1876 litteras
1077 1820 1145 1875 ad
1180 1821 1503 1892 martyrium
1538 1829 1625 1875 est
1664 1819 2009 1883 cohortatus,

432 1918 578 1973 inter
603 1927 796 1971 caetera
830 1918 919 1971 bis
947 1914 1113 1968 etiam
1151 1912 1344 1968 verbis
1370 1912 1566 1983 pesitis
1592 1930 1603 1965 :
1644 1910 2008 1977 Perseveralo,

433 2026 601 2079 neque
629 2009 794 2061 nostri
829 2022 996 2060 causa
1041 2005 1272 2058 mutaris
1303 2005 1649 2058 sententiam.
1679 2003 1738 2058 In
1772 2004 2010 2072 pueritia

428 2115 711 2155 sacrarum
769 2099 1105 2153 Litterarum
1161 2096 1407 2152 studiqu
1457 2096 1630 2164 patris
1672 2095 1827 2166 jussu
1883 2111 2009 2151 cum

429 2190 757 2245 liberalibus
811 2188 1120 2258 disciplinis
1171 2186 1460 2259 conjunxit
1506 2204 1521 2241 :
1584 2202 1765 2256 neque
1820 2186 2009 2242 divina

430 2282 652 2336 oracula
686 2281 868 2336 obiter
898 2280 1049 2348 legit,
1078 2280 1175 2335 sed
1212 2279 1280 2333 ad
1323 2278 1664 2332 reconditam
1696 2278 2008 2334 doctrinam

2124 1173 2244 1243 ρίου
2277 1172 2582 1239 στεφάνους
2641 1171 2871 1241 ἤραντο.
2928 1171 3064 1225 Τότε
3117 1171 3173 1224 δέ
3217 1172 3314 1225 καὶ
3365 1174 3644 1245 Λεωνίδης
3681 1177 3743 1228 δ

2119 1262 2307 1334 πατὴρ
2348 1263 2661 1333 Ὠριγένους
2693 1262 3057 1333 κατασχεθεὶς
3102 1268 3198 1316 καὶ
3241 1264 3329 1330 ἐφ’
3371 1265 3587 1335 ἑτέραις
3624 1285 3712 1320 τι-

2123 1357 2361 1428 μωρίαις
2391 1357 2544 1419 τέλος
2578 1354 2679 1426 τὴν
2717 1355 2960 1427 κεφαλὴν
2987 1357 3309 1427 ἐκτμηθείς,
3354 1358 3476 1410 νέον
3508 1361 3711 1431 κομιδῇ

2124 1449 2450 1502 καταλείπει
2477 1447 2570 1500 τὸν
2607 1447 2795 1512 παῖδα,
2829 1447 2887 1510 ὃς
2938 1448 3020 1501 ἔτι
3066 1452 3196 1510 παῖς
3239 1449 3318 1502 ὣν
3356 1449 3532 1521 ὀργᾷν
3567 1450 3713 1520 πρὸς

2117 1540 2182 1593 τὸ
2224 1538 2528 1611 μαρτύριον
2564 1540 2806 1609 λέγεται.
2826 1539 2892 1594 Ἦ
2927 1540 2987 1594 δέ
3022 1558 3087 1609 γε
3117 1542 3303 1612 μητὴρ
3332 1542 3495 1596 αὐτοῦ
3527 1543 3712 1612 λόγοις

2136 1633 2405 1703 πρότερον
2428 1633 2693 1703 ἐπειρᾶτο
2720 1632 2815 1686 τὸν
2857 1633 2973 1687 υίδν
3023 1635 3257 1701 ἀπάγειν
3301 1635 3400 1703 τῆς
3451 1638 3713 1707 ἐγχειρή-

2122 1742 2284 1788 σεως.
2324 1726 2412 1789 Ὠς
2446 1726 2492 1779 δ’
2517 1726 2618 1779 οὐκ
2652 1726 2864 1793 ἔπειθε,
2920 1728 3020 1798 τὴν
3072 1728 3280 1797 ἐσθῆτα
3329 1730 3515 1782 πᾶσαν
3550 1732 3713 1797 ἀφεξ-

2116 1819 2243 1872 λετο
2272 1819 2368 1872 καὶ
2397 1817 2575 1883 οὕτως
2606 1820 2749 1873 οἴκοι
2784 1820 2970 1889 μένειν
3003 1821 3099 1873 καὶ
3132 1819 3340 1873 ἄκοντα
3374 1822 3709 1891 παρεσκεύ-

2121 1925 2277 1963 ασεν.
2321 1909 2381 1962 '0
2412 1908 2470 1962 δέ
2496 1909 2757 1981 ἀπρόῖτος
2798 1910 2875 1963 ὢν
2921 1909 3230 1963 ἐπιστέλλει
3259 1909 3339 1979 τῷ
3382 1912 3560 1982 πατρὶ
3609 1931 3712 1966 κα-

2118 1999 2448 2072 θειργμὲνῳ,
2478 2000 2798 2072 ὑπαλείφων
2841 2004 3052 2054 ἐκεῖνον
3102 2003 3239 2072 πρὸς
3270 2004 3332 2055 τὸ
3378 2004 3704 2073 μαρτύριον,

2120 2093 2261 2162 πρδς
2306 2095 2419 2156 τοῖς
2449 2092 2635 2156 ἀλλοις
2689 2094 2786 2146 καὶ
2834 2093 3009 2146 ταῦτα
3047 2094 3291 2163 γράψας,
3327 2096 3573 2162 Ἔπεχε,
3611 2099 3697 2165 μὴ

2115 2182 2191 2237 δι’
2230 2181 2389 2252 ἡμᾶς
2436 2182 2596 2239 ἄλλο
2622 2201 2677 2238 τι
2728 2183 3069 2254 φρονήσῃς.
3115 2186 3247 2248 Παῖς
3300 2187 3345 2239 δ’
3377 2187 3461 2241 ἐτι
3495 2190 3699 2259 τυγχά-

2117 2290 2225 2327 νων
2261 2274 2360 2328 καὶ
2411 2274 2513 2346 τὴν
2553 2274 2848 2344 ἐγκύκλιον
2899 2275 3103 2347 μετιὼν
3148 2278 3403 2332 παιδείαν
3451 2280 3549 2333 καὶ
3581 2283 3704 2345 ταῖς

431 2383 721 2444 penetrare
754 2372 988 2437 studuit,
1020 2373 1163 2442 patri
1195 2371 1582 2441 frequentibus
1612 2370 2006 2442 interrogatio-

2115 2365 2286 2430 θείαις
2339 2366 2590 2438 Γραφαῖς
2639 2367 2997 2437 ἐνησχόλητο,
3051 2366 3213 2422 τοῦτό
3269 2369 3320 2422 οί
3347 2369 3443 2423 τοῦ
3489 2373 3705 2442 πατρὶς

430 2464 597 2519 nibus
627 2466 911 2521 molestus.
941 2466 1044 2532 Qui
1082 2480 1208 2519 cum
1239 2466 1361 2536 ejus
1406 2464 1789 2518 curiositatem
1822 2465 2008 2520 verbis

428 2556 769 2628 objurgaret,
808 2572 1003 2613 revera
1045 2556 1330 2627 ingenium
1370 2555 1722 2611 mirabatur:
1757 2564 1815 2611 et
1849 2556 2007 2626 pueri

429 2648 758 2705 dormientis
817 2658 1015 2720 peetus
1080 2649 1371 2713 nudatum,
1425 2658 1488 2704 ut
1537 2648 1711 2705 sancti
1767 2647 2010 2719 Spiritus

427 2739 845 2803 habitationem,
891 2755 1036 2811 saepe
1067 2739 1521 2805 deosculabatur,
1571 2739 1791 2809 sibique
1839 2740 2006 2794 talem

428 2830 601 2885 ﬁlium
649 2831 1052 2901 gratulabatur.
1109 2830 1240 2885 Post
1279 2830 1604 2903 martyrium
1635 2832 1806 2900 patris
1842 2832 2003 2902 611

425 2921 611 2992 inopia
640 2923 919 2987 laborans,
951 2938 982 2977 a
1017 2922 1329 2978 clarissima
1375 2931 1433 2978 et
1465 2923 1738 2994 locuplete
1773 2924 2009 2993 quadam

423 3012 798 3069 Alexandrina
827 3024 1078 3070 matrona
1111 3024 1406 3086 susceptus
1430 3025 1538 3080 est,
1566 3032 1689 3086 qua:
1713 3015 2011 3072 Antioche—

423 3121 556 3160 num
597 3106 826 3161 Paulum
857 3121 924 3161 ex
956 3106 1233 3162 haereticis
1268 3106 1662 3163 Alexandrinis
1697 3124 1873 3163 unum
1900 3109 2008 3163 sibi

424 3194 717 3264 adoptarat
743 3211 758 3248 :
790 3193 858 3249 ad
889 3209 1053 3265 quem
1080 3209 1205 3249 cum
1230 3193 1302 3249 ob
1333 3194 1665 3264 eloquentia:
1689 3194 2008 3264 opinionem

424 3285 484 3340 in
526 3285 645 3340 dies
692 3286 852 3341 turba
893 3284 1221 3349 conﬂueret,
1266 3283 1538 3356 Origenes
1580 3283 1896 3337 necessario
1932 3283 2010 3338 illi

424 3376 713 3432 familiaris
729 3391 1011 3447 nunquam
1040 3375 1129 3431 vel
1151 3376 1397 3447 precanti
1429 3380 1778 3431 consensisse
1811 3374 2008 3444 fertur,

427 3482 747 3538 perversam
782 3467 1024 3522 hominis
1070 3467 1387 3538 opinionem
1416 3466 1789 3523 abominatus.
1820 3469 2011 3522 Annos

426 3574 561 3612 xvm
591 3567 773 3621 natus,
812 3558 1171 3612 instituendis
1193 3556 1526 3613 Christianae
1566 3557 1848 3627 religionis
1872 3559 2007 3612 tiro-

2111 2455 2526 2521 ἐπιτάσσοντος.
2570 2457 2629 2510 '0
2655 2456 2714 2511 δέ
2744 2457 2844 2528 οὐχ
2893 2457 2968 2520 ὡς
3007 2460 3137 2523 παῖς
3184 2461 3299 2524 τοῖς
3348 2462 3534 2530 λόγοις
3587 2469 3707 2528 τοῖς

2115 2550 2282 2621 ίεροίς
2306 2550 2367 2615 ἐξ
2388 2551 2655 2621 ἐπιπολῆς
2679 2550 3062 2621 ἐνετύγχανεν,
3095 2553 3234 2607 ἀλλά
3265 2556 3360 2606 καὶ
3392 2553 3706 2627 βαθυτέρας

2110 2643 2320 2713 ἥπτετο
2351 2643 2610 2715 θεωρίας,
2651 2646 2748 2698 καὶ
2783 2644 3007 2715 ἐρωτῶν
3047 2644 3293 2714 συνεχῶς
3331 2647 3426 2699 τὸν
3454 2649 3696 2715 πάτερα,

2116 2735 2729 2806 πράγματα,παρεῑχεν
2783 2734 2959 2806 αὐτῷ.
3018 2736 3256 2799 Ἐκεῖνος
3294 2736 3353 2789 δέ
3400 2736 3549 2807 λόγῳ
3597 2740 3702 2807 μὲν

2114 2826 2428 2896 ἐπέπληττε
2475 2827 2568 2880 τδν
2632 2827 2802 2881 παῖδα
2860 2828 2955 2896 τῆς
3012 2828 3578 2899 πολυπραγμοσύνης,
3626 2835 3695 2902 τῇ

2112 2917 2156 2970 δ’
2223 2917 2455 2989 ἀληθεία
2497 2918 2599 2991 τὴν
2662 2919 2831 2973 αὐτοῦ
2879 2918 3124 2973 διάνοιαν
3168 2919 3553 2991 ἐξεπλήττετοο
3600 2923 3702 2976 καὶ

2114 3009 2374 3064 ὕπνοῦντι
2416 3010 2495 3081 τῷ
2526 3011 2624 3082 υἱῷ
2673 3010 3060 3082 ἐφιστάμενος,
3106 3011 3348 3083 ἐγύμνου
3377 3016 3445 3067 τά
3496 3016 3701 3085 στέρνα

2115 3101 2379 3167 πολλάκις
2462 3102 2681 3169 τούτου,
2766 3105 2861 3158 καὶ
2937 3105 3324 3176 κατησπάζετο
3397 3108 3476 3171 ὡς
3548 3108 3700 3162 θείου

2113 3197 2433 3267 Πνεύματος
2491 3200 2805 3268 οἰκητήρια,
2857 3198 2950 3252 καὶ
2994 3201 3095 3269 τῆς
3170 3199 3461 3263 εὐτεκνίας
3501 3202 3701 3256 ἑαυτὸν

2112 3287 2444 3359 ἐμακάριζε.
2476 3287 2584 3341 Τοῦ
2638 3287 2695 3341 δέ
2760 3289 2970 3361 πατρὸς
3030 3289 3198 3345 αὐτοῦ
3262 3291 3552 3362 μαρτυρίῳ
3604 3309 3700 3345 τε-

2110 3381 2436 3445 λειωθέντος
2484 3382 2746 3449 ἐσπάνιζε
2809 3384 2919 3438 τῶν
2960 3384 3335 3452 ἀναγκαίωνό
3381 3372 3693 3458 Ὢριγένης.

2113 3475 2491 3547 Προσληφθεὶς
2521 3476 2580 3530 δὲ
2608 3478 2763 3548 παρά
2790 3495 2934 3542 τινος
2957 3478 3222 3544 γυναικὸς
3284 3478 3399 3532 τῶν
3433 3481 3700 3548 ἐπιφανεο

2116 3567 2333 3620 στάτων
2356 3569 2415 3620 ἐν
2455 3565 2856 3639 Ἀλεξανδρείᾳ,
2953 3568 3049 3622 καὶ
3072 3568 3302 3633 πλοῦτος
3329 3565 3400 3641 ἦν
3439 3570 3694 3640 δαψιλής,

422 3651 589 3705 nibus
606 3652 862 3721 pra-fuit‘:
879 3664 933 3705 et
954 3660 1247 3722 martyres,
1267 3665 1392 3705 cum
1405 3650 1472 3704 ad
1501 3659 1733 3706 mortem
1752 3666 2006 3721 raperen-

2112 3659 2208 3713 καί
2241 3676 2326 3723 τις
2365 3659 2507 3728 ἀνὴρ
2560 3660 2872 3730 Ἀντιοχεὺς
2916 3664 2998 3726 είς
3033 3661 3191 3715 θετοῦ
3215 3665 3374 3730 τάξιν
3397 3666 3537 3735 αὐτῇ
3575 3667 3695 3718 είσ.

425 3750 482 3797 tu
495 3760 539 3808 ν,
560 3742 833 3798 comitans
853 3752 1019 3813 atque
1045 3743 1113 3798 ad
1130 3754 1411 3798 certamen
1446 3744 1663 3798 fortiter
1684 3743 2002 3799 obeundum

2113 3749 2405 3821 πεποίητο,
2463 3751 2672 3815 Παῦλος
2705 3753 2766 3805 τὸ
2795 3753 2991 3822 ὄνομα,
3025 3750 3107 3818 εἷς
3136 3772 3223 3819 τις
3253 3758 3364 3811 τῶν
3408 3762 3465 3814 ἐν
3507 3763 3698 3833 Ἀλεξ-

423 3834 748 3900 cohortans,
783 3835 1075 3891 carniﬁces
1106 3835 1308 3905 saepius
1355 3843 1551 3890 contra
1589 3850 1650 3889 se
1695 3836 2007 3891 concitatos

422 3925 607 3980 divina
642 3941 745 3997 0pc
776 3926 987 3998 effugit.
1019 3926 1211 3998 Neque
1252 3942 1385 3983 vero
1431 3928 1687 3982 doctrina
1738 3928 2008 3984 duntaxat

424 4019 711 4084 exeelluit,
743 4020 838 4075 sed
872 4028 930 4074 et
959 4018 1126 4074 vitam
1165 4019 1495 4090 philosopho
1537 4019 1759 4089 dignam
1797 4020 2007 4075 doctri-

422 4121 616 4177 naeque
695 4117 1120 4162 consentaneam
1183 4109 1315 4179 egit.
1395 4108 1586 4179 Neque
1642 4109 1793 4164 enim
1868 4110 2007 4166 duas

423 4196 683 4253 habuisse
734 4200 968 4264 tunicas,
1021 4215 1206 4270 neque
1255 4200 1461 4255 calceis
1519 4201 1782 4270 pluribus
1835 4202 1999 4258 annis

423 4303 558 4344 usus
590 4304 735 4353 esse,
766 4298 823 4345 et
861 4291 991 4345 vino
1039 4291 1398 4354 abstinuisse,
1436 4307 1619 4362 neque
1654 4293 1841 4347 cibum
1891 4293 2000 4348 nisi

423 4381 794 4436 necessarium
817 4385 1030 4452 cepisse
1056 4382 1255 4438 fertur.
1280 4385 1381 4449 Ac,
1408 4393 1470 4437 ut
1500 4393 1689 4438 narrat
1708 4384 2001 4452 Eusebius,

424 4473 693 4528 eaStitatis
721 4488 910 4528 amore
937 4475 1207 4545 genitales
1234 4474 1338 4529 sibi
1370 4485 1559 4546 partes
1588 4475 1706 4545 ipse
1730 4479 2001 4547 praecidit.

424 4562 628 4617 Verum
663 4565 756 4620 alii
794 4582 904 4621 non
934 4567 1195 4636 praecisas
1226 4566 1369 4632 illas,
1405 4568 1502 4623 sed
1534 4568 1787 4623 adhibita
1822 4570 2001 4626 herba

423 4655 498 4709 ita
529 4658 864 4713 emarcuisse
888 4658 1096 4723 ferunt,
1138 4667 1197 4712 ut
1230 4670 1461 4715 mortuae
1492 4675 1616 4715 esse
1648 4661 1999 4717 viderentur.

424 4744 725 4815 Zephiriuo
777 4748 1061 4818 pontifice,
1098 4749 1329 4803 Romam
1381 4751 1665 4821 profectus
1704 4762 1810 4808 est.
1868 4753 2002 4809 Inde

423 4837 811 4892 Alexandriam
846 4854 1125 4905 reversus,
1157 4839 1430 4897 Hebraieo
1461 4858 1721 4899 sermone
1750 4845 1997 4915 cognito,

423 4927 626 4996 scripta
670 4927 1024 4983 Hebraeorum
1070 4933 1393 4987 enarravit:
1436 4949 1614 5004 eaque
1645 4936 1847 4990 litteris
1891 4936 2000 4990 He-

2113 3842 2341 3913 ανδρεία
2400 3844 2766 3913 αίρεσιωτῶν,
2799 3844 2888 3913 ἐφ’
2929 3845 2989 3900 ὃν
3019 3846 3259 3917 πλήθους
3288 3850 3415 3905 καθ’
3448 3854 3696 3930 ἑκάστην

2107 3933 2498 4005 ἀθροιζομένου
2530 3934 2729 4006 (ἐδόκει
2750 3937 2859 4007 γὰρ
2889 3936 3076 4003 ίκανδς
3104 3939 3163 3991 ἐν
3184 3939 3410 4015 λόγοις)
3439 3944 3498 4010 ἐξ
3521 3947 3695 4017 ἀνάγ-

2109 4045 2213 4097 κηε
2242 4027 2416 4080 συνὼν
2441 4028 2640 4099 accipe
2689 4030 2993 4101 Ὠριγένης,
3030 4033 3153 4087 οὐδέ
3190 4052 3324 4090 ποτε
3374 4039 3523 4110 αὐτῷ
3563 4059 3688 4097 συνο

2112 4119 2300 4174 ίστατο
2334 4121 2482 4173 κατὰ
2530 4121 2629 4192 τὴν
2657 4122 2845 4193 εὐχὴν,
2878 4123 2955 4187 ὼς
2990 4125 3295 4198 ἱστόρηται,
3328 4128 3694 4204 βδελυττόμε-

2107 4228 2197 4275 νος
2251 4211 2345 4265 τὸν
2394 4212 2569 4284 ἄνδρα
2601 4213 2677 4277 ὡς
2723 4214 2800 4285 μὴ
2832 4214 3141 4286 ὀρθόδοξον.
3187 4217 3602 4279 Ὀκτωκαίδεκα
3643 4227 3691 4280 δ’

2107 4302 2249 4356 ἐτῶν
2296 4302 2561 4372 γεγονὼς,
2614 4304 2711 4358 τοῦ
2752 4307 2813 4359 ὲν
2871 4306 3256 4382 Ἀλεξανδρείᾳ
3310 4317 3693 4384 κατηχητικοῦ

2107 4395 2349 4467 προέστη
2404 4396 2808 4463 διδασκαλείου,
2873 4401 2972 4452 καὶ
3033 4402 3159 4465 τοὺς
3213 4402 3337 4456 τότε
3389 4405 3693 4473 ἀθλοῦντας

2104 4486 2391 4557 ἐπώτρυνε
2440 4488 2578 4559 πρὸς
2603 4489 2704 4559 τὴν
2740 4489 2994 4558 ἄθλησιν,
3028 4494 3124 4545 καὶ
3177 4494 3405 4549 ἀπιοῦσι
3433 4496 3533 4567 τὴν
3595 4501 3693 4553 ἐπὶ

2106 4576 2336 4631 θάνατον
2372 4581 2737 4649 παρωμάρτει
2767 4581 2863 4633 καὶ
2894 4582 3292 4654 ἐπεθάρῤυνεν,
3325 4586 3401 4649 ὡς
3431 4588 3529 4639 καὶ
3557 4589 3692 4642 πολ-

2104 4667 2262 4731 λάκις
2290 4669 2442 4738 αὐτῷ
2475 4671 2600 4731 τοὺς
2635 4668 2866 4739 δημίους
2900 4672 3261 4742 ἐπιμανῆναι,
3293 4674 3388 4738 οὓς
3438 4679 3503 4729 ἐκ
3536 4677 3692 4741 θείας

2103 4758 2329 4829 ἀρωγῆς
2352 4758 2746 4829 διεδίδρασκεν.
2782 4762 2857 4815 Οὐ
2890 4763 3032 4834 λόγῳ
3065 4764 3122 4816 δέ
3151 4767 3302 4837 μόνῳ
3333 4767 3509 4836 μέγας
3543 4766 3609 4841 ἧν
3658 4773 3689 4824 ό

2102 4850 2265 4920 ἀνὴρ,
2301 4850 2439 4904 ἀλλά
2468 4853 2560 4903 καὶ
2593 4851 2709 4920 βίον
2739 4854 2925 4909 διεϐίω
2959 4857 3274 4926 φιλόσοφον,
3307 4861 3501 4931 καὶτῷ
3541 4862 3690 4934 λόγῳ

2109 4943 2438 5013 συνᾴδοντα.
2476 4944 2614 4997 Οὔτε
2639 4946 2748 5016 γάρ
2781 4947 3039 5018 δεύτερον
3074 4949 3220 5020 ἔχειν
3260 4953 3464 5022 χιτῶνα
3546 4956 3690 5009 ίστό-

424 5018 630 5074 braicis
656 5030 900 5082 exarata,
932 5021 1209 5092 adjunctis
1239 5022 1817 5094 interpretationibus,
1845 5028 1999 5084 vide-

2112 5051 2294 5105 ρηται,
2324 5035 2439 5087 οὗθ’
2471 5035 2788 5091 ὑποδεῖσθαι
2818 5041 2945 5104 τοὺς
2989 5018 3157 5104 πόδας
3203 5018 3292 5095 ea;
3317 5043 3465 5097 ἔτεσι
3504 5046 3687 5099 πλείο-

423 5110 555 5164 licet
613 5110 976 5182 Septuaginta
1041 5113 1302 5178 duorum,
1361 5115 1594 5185 Aquilae,
1648 5116 2003 5189 Symmachi,

424 5199 842 5269 Tlieodotionis,
905 5214 962 5260 et
1010 5204 1248 5259 duorum
1309 5207 1550 5262 aliorum
1614 5208 2004 5279 interpretum,

2099 5143 2207 5191 σιν,
2264 5126 2381 5179 οὔτ’
2438 5128 2570 5198 οἴνῳ
2601 5129 2930 5199 κεχρῆσθαι,
2975 5130 3100 5185 οὔτε
3134 5134 3349 5205 τροφὴν
3386 5136 3538 5207 παρά
3589 5137 3686 5206 τὴν

2099 5216 2415 5284 ἀναγκαίαν
2474 5218 2827 5287 προσίεσθαι.
2872 5219 2959 5283 Ὠς
3002 5220 3060 5273 δὲ
3090 5222 3119 5273 ό
3150 5221 3417 5284 Εὐσέϐιος
3475 5225 3688 5296 ἱστορεῖ

422 5310 658 5363 quorum
715 5298 938 5353 nomina
1000 5300 1351 5370 ignorantur,
1409 5313 1818 5359 commentana
1877 5322 2004 5376 quae

2112 5312 2183 5363 Ξτι
2216 5310 2383 5381 ἔρωτι
2420 5313 2805 5382 σωφροσύνης,
2847 5315 2942 5365 καὶ
2991 5314 3240 5384 ἀπέκοψε
3274 5316 3344 5368 τά
3383 5317 3685 5386 παιδογόνα

428 5387 697 5458 Hexapla,
749 5390 906 5460 quasi
951 5390 1290 5463 Sextuplicia
1341 5395 1516 5462 dicas,
1568 5395 1896 5452 elaboravit.
1943 5399 2003 5453 In

425 5478 655 5536 Psalmis
686 5496 821 5536 vero
867 5484 1038 5540 etiam
1074 5488 1325 5557 septima:
1375 5489 1846 5558 interpretationis
1891 5506 2005 5545 me-

2100 5404 2268 5473 μόρια
2336 5402 2501 5462 αὐτὸς
2564 5402 2791 5455 ἐαυτοῦ⁹
2849 5402 3000 5458 ἄλλοι
3026 5404 3084 5458 δέ
3112 5422 3246 5475 φασι
3306 5406 3383 5478 μὴ
3425 5409 3685 5477 ἐκτεμεῖν

2094 5495 2258 5547 αὐτὸν
2303 5498 2502 5559 ταῦτα,
2558 5498 2696 5548 πόαν
2726 5495 2783 5549 δέ
2813 5513 2935 5549 τινα
2963 5495 3181 5560 τούτοις
3219 5499 3564 5566 ἐπενεγκεῖν,
3615 5502 3681 5566 ἐξ

423 5570 604 5640 minit,
633 5572 993 5633 llicrichunte
1033 5590 1289 5649 repertae.
1321 5581 1532 5651 Aquilae
1564 5596 1720 5648 vero,
1754 5582 2002 5654 Symma-

2112 5584 2165 5657 ἧς
2206 5585 2564 5656 ναρκωθῆναι
2624 5588 2800 5643 ταῦτα
2856 5590 3055 5659 συνέϐη
3111 5591 3395 5661 τοσοῦτον,
3446 5593 3522 5658 ὡς
3580 5599 3681 5648 καὶ

1616 5743 1822 5806 Variae
1869 5738 2175 5809 lectiones
2219 5757 2281 5811 et
2322 5755 2509 5811 noue.

502 5851 763 5923 (57)’E:zl
790 5857 1029 5927 τούτου,
1065 5868 1173 5915 etc.
1215 5860 1295 5915 Ex
1326 5862 1564 5920 Eusebio
1613 5865 1708 5922 lib.
1749 5883 1798 5922 γι
1852 5869 1988 5924 Hist.

2118 5872 2153 5925 l.
2185 5887 2307 5943 cap.
2353 5871 2399 5935 Ι,
2429 5871 2483 5936 9.,
2509 5870 2565 5937 3,
2596 5871 2654 5937 4,
2688 5879 2799 5927 etc.
