4048 6396
334 376 478 442 1333

1570 376 1971 437 ANNALIUM
2015 366 2165 440 LIB.
2208 380 2349 439 xu.

3443 384 3577 451 103i

332 492 552 561 νεκροῖς
594 488 854 545 ἐοικέναι.
900 490 1154 560 Ἀφίκετο
1200 490 1257 544 δὲ
1310 488 1404 544 καὶ
1432 492 1513 553 εἰς
1552 492 1774 561 Ῥώμην
1804 493 1895 544 Ζε-

2007 495 2091 548 clti
2122 503 2178 550 et
2210 496 2602 551 Τιιιιοιίυιέοκίε
2628 496 2871 553 editione
2898 500 3174 557 rectisimc
3205 518 3327 558 cum
3362 519 3569 577 septua-

333 583 561 653 φυρίνου
591 582 690 651 τῆς
710 584 771 636 ἐν
808 583 948 653 αὐτῇ
985 582 1315 652 Ἑκκλησίας
1346 583 1779 651 προῖοταμένου,
1806 580 1903 635 εἶτ’

331 670 489 735 αὖθις
518 671 822 742 ἐπανῆλθεν
848 674 930 735 εἰς
972 672 1402 743 Ἀλεξάνδρειαν.
1447 671 1728 740 Ἐξηγεῐτο
1762 672 1817 724 δὲ
1839 672 1907 723 sit

343 761 635 832 Ἑϐραϊκὰ,
697 760 790 815 καὶ
835 762 933 832 τὴν
997 761 1255 831 Ἐὅραῖδα
1315 761 1593 815 διάλεκτον
1624 761 1906 831 ἐκμαθὼν⁹

333 856 431 907 καὶ
462 855 561 917 τὰς
594 854 744 924 παρὰ
772 857 886 916 τοῖς
932 853 1208 916 Ἰουδαίοις
1240 851 1410 916 οὔσας
1436 852 1657 925 γραφὰς
1692 854 1909 923 Ἐϐραϊ-

333 947 451 1009 κοῖς
506 946 794 1015 στοιχείοις
824 945 1171 1015 κτησάμενός
1196 962 1256 997 τε
1287 947 1380 998 καὶ
1415 944 1608 1012 ἐπιὼν,
1650 945 1746 999 καὶ
1798 947 1905 999 τῶν

332 1034 537 1096 ταύτας
563 1035 990 1104 ἡρμηνευκότων
1022 1033 1344 1102 συναγαγὼν
1368 1035 1436 1087 τὰ
1471 1036 1903 1113 συγγράμματα,

332 1128 440 1178 τῶν
472 1126 943 1197 ἑϐδομηκονταδύο
973 1126 1196 1196 δηλαδὴ,
1220 1127 1315 1180 τοῦ
1348 1144 1408 1181 τε
1443 1128 1644 1181 Ἀκύλα
1684 1128 1779 1181 καὶ
1808 1127 1903 1180 τοῦ

331 1219 660 1289 Συμμάχου,
696 1219 793 1272 καὶ
844 1218 939 1271 τοῦ
998 1217 1357 1281 θεοδοτίωνος
1411 1220 1506 1273 καὶ
1555 1218 1667 1272 δύω
1726 1218 1903 1272 ἄλλων

330 1307 634 1375 ἀνωνύμων
696 1308 984 1380 ἑρμηνέων
1054 1308 1345 1380 (ἠγνόηται
1401 1309 1511 1381 γὰρ
1559 1310 1626 1363 τὰ
1680 1311 1903 1362 ἐκείνων

329 1398 573 1470 ὀνόματα
598 1402 615 1467 )
655 1400 1020 1469 ἐφιλοπόνησε
1054 1399 1123 1453 τά
1151 1400 1264 1452 τῶν
1292 1399 1573 1465 Ἐξαπλῶν
1610 1402 1721 1471 (58)
1747 1400 1902 1467 λεγο-

332 1490 511 1561 μένων
536 1490 965 1564 συγγράμματα.
1007 1491 1096 1544 Ἑν
1119 1489 1179 1543 δὲ
1204 1493 1316 1555 τοῖς
1341 1490 1592 1560 Ψαλμοῖς
1626 1491 1720 1543 καὶ⁴
1757 1491 1904 1544 {662’-

334 1599 442 1652 μης
506 1583 780 1656 μέμνηται
827 1583 1149 1654 ἑρμηνείας,
1185 1583 1263 1646 ὼς
1297 1584 1356 1636 ἐν
1398 1583 1620 1653 Ἱεριχοῖ
1662 1584 1904 1654 εὑρημέ-

330 1687 451 1740 νης.
514 1669 807 1725 Ἰδιαίτατα
835 1672 893 1725 δέ
920 1673 1020 1743 τὴν
1065 1672 1270 1725 Ἀκύλα
1326 1672 1419 1724 καὶ
1462 1671 1760 1743 Συμμάχου
1811 1673 1901 1725 καὶ

330 1762 686 1826 Θεοδοτίωνος
735 1763 950 1817 ἔκδοσιν
985 1765 1123 1832 μετά
1147 1775 1221 1832 γε
1240 1764 1339 1833 τῆς
1380 1762 1489 1816 τῶν
1528 1763 1902 1833 ἐϐδομήκοντα

2016 584 2165 652 ginta
2186 583 2423 638 duorum
2450 586 2903 655 interpretatione
2927 597 3263 659 comparata,
3282 592 3570 651 Conmen-

2014 672 2150 726 taria
2199 672 2477 743 Tetrapla,
2525 674 2631 729 hoc
2678 684 2763 730 est
2810 678 3193 748 quadruplicia
3246 688 3576 754 composuit.

2014 764 2315 828 Demetrio,
2355 780 2516 835 quem
2545 781 2707 836 supra
2733 768 2988 823 Ecclesize
3018 770 3402 829 Alexandrinae
3437 794 3578 846 prae-

2009 854 2181 909 fuisse
2200 856 2446 920 memini,
2468 856 2748 919 defuncto,
2770 859 3048 928 lleraxlas,
3070 861 3322 933 Origcnis
3338 868 3579 934 auditor,

2011 946 2257 1014 pontifex
2311 955 2396 1000 est
2440 946 2709 1001 delectus.
2766 948 3275 1021 llierosolytuitanze
3324 957 3579 1012 Ecclesia:

2010 1034 2229 1105 praefuit
2279 1038 2591 1102 Narcissus,
2642 1040 2727 1092 vir
2782 1041 3066 1096 miraculis
3112 1045 3321 1111 clarus,
3368 1058 3423 1101 et
3459 1051 3580 1102 vit»

2006 1127 2263 1181 solitaria:
2290 1143 2479 1182 amans
2507 1147 2518 1181 :
2548 1129 2641 1197 qui
2668 1145 2794 1184 cum
2820 1131 2889 1184 ob
2915 1132 3103 1186 falsam
3138 1136 3578 1193 criminationem

2006 1217 2145 1270 clam
2179 1218 2507 1288 profugisset
2534 1228 2700 1288 atque
2729 1221 2781 1273 in
2815 1221 3051 1278 desertis
3078 1227 3298 1289 lateret,
3335 1229 3389 1282 in
3452 1230 3575 1299 ejus

2005 1306 2187 1359 locum
2246 1306 2379 1363 Dius
2445 1309 2841 1367 introducitur.
2906 1314 3036 1369 Post
3089 1331 3217 1371 eum
3253 1318 3577 1390 designatur

2003 1396 2319 1451 Germanio.
2370 1398 2502 1453 Inde
2549 1399 2831 1457 Gordius:
2875 1404 2979 1458 sub
3033 1421 3143 1475 quo
3186 1407 3480 1465 Narcissus
3521 1412 3574 1465 in

2004 1488 2197 1543 urbem
2238 1504 2494 1546 reversus
2523 1505 2646 1545 cum
2674 1492 2930 1550 Eccles'a:
2957 1496 3284 1564 ministeria,
3311 1500 3378 1555 ad
3408 1518 3598 1572 quam.

2003 1579 2416 1649 gubernandam
2448 1596 2480 1636 a
2531 1583 2783 1639 tidelibus
2825 1587 2988 1657 612
3038 1590 3359 1656 vocabatur,
3418 1593 3576 1649 obire

2004 1685 2116 1740 pra:
2148 1672 2304 1725 senio
2339 1685 2448 1726 non
2481 1683 2688 1742 posset,
2730 1676 3043 1733 Alexander
3087 1681 3299 1749 pridem
3352 1685 3570 1741 confes-

2006 1762 2161 1816 sione
2215 1760 2419 1816 Christi
2482 1763 2743 1834 inclytus.
2806 1778 2919 1822 tttm
2971 1784 3102 1823 vero
3138 1772 3189 1824 in
3222 1771 3573 1843 Cappadocia

332 1857 431 1909 καὶ
472 1855 567 1908 δύο
602 1856 952 1927 παρατιθεὶς,
981 1856 1049 1910 τὰ
1093 1856 1362 1926 λεγόμενα
1391 1857 1686 1927 Τετραπλᾶ
1712 1873 1898 1926 παρα-

2007 1858 2317 1925 cpiscopus,
2348 1872 2414 1911 ex
2446 1859 2777 1912 revelatione
2810 1874 2839 1913 a
2883 1860 3141 1916 ﬁdelibus
3174 1863 3572 1937 Hierosolymi-

330 1948 552 2004 δέδωκε.
584 1950 899 2019 Δημητρίου
953 1949 1161 2019 μέντοι,
1190 1940 1251 2003 οὗ
1325 1947 1439 2000 ἄνω
1476 1949 1505 2000 δ
1537 1946 1693 2015 λόγος
1743 1948 1914 2018 ἐμνή-

338 2039 465 2110 σθη,
499 2041 598 2111 τῆς
645 2042 703 2093 ἐν
767 2040 1147 2111 Ἀλεξανδρείᾳ
1197 2038 1526 2109 Ἐκκλησίας
1578 2040 1903 2110 προστῆναι,

334 2132 613 2197 θανόντος,
657 2132 935 2203 Ἠρακλᾶς
964 2135 1063 2203 τῆς
1089 2131 1399 2201 ἐπισκοπῆς
1421 2129 1690 2194 ἀξιοῦται,
1721 2148 1906 2201 φοιτη-

331 2224 431 2294 τὴς
470 2223 783 2294 Ὠριγένους
813 2225 1122 2293 γενόμενος.
1162 2223 1275 2293 Τῆς
1303 2221 1349 2274 δ’
1394 2223 1452 2274 ἐν
1512 2221 1905 2293 Ἱεροσολύμοις

347 2315 678 2387 Ἐκκλησίας
724 2318 1023 2388 προῖστατο
1061 2315 1397 2385 Νάρκισσος,
1449 2314 1590 2385 ἀνὴρ
1637 2313 1885 2384 θαυματο

2003 1947 2146 2002 tanis
2168 1950 2471 2003 accersitus
2491 1957 2596 2017 est,
2621 1958 2681 2003 ιιι
2706 1967 2811 2005 una
2835 1968 2959 2006 cum
2992 1953 3247 2010 Narcisso
3272 1955 3573 2014 Ecclesiam

2003 2037 2436 2103 administraret,
2511 2037 2815 2109 Serapione
2873 2040 3159 2107 defuncto,
3218 2047 3577 2104 Autioclteua:

2001 2127 2260 2184 Ecclesiae
2306 2130 2485 2185 factus
2517 2142 2603 2186 est
2648 2133 3006 2203 Asclepiades
3042 2137 3361 2209 cpiscopus,
3415 2142 3577 2206 cujus

1995 2223 2419 2276 commentarios
2444 2232 2660 2277 exstare
2688 2235 2877 2279 narrat
2906 2225 3200 2286 Eusebius.
3235 2232 3418 2302 Atque
3459 2235 3572 2288 ltt-c

2005 2313 2295 2367 hactenus.

332 2410 504 2475 ποιὸς,
561 2410 618 2472 ὃς
655 2409 849 2479 ψεῦδος
885 2409 1037 2480 παρά
1094 2425 1254 2461 τινων
1318 2406 1742 2477 κατηγορηθεὶς,
1810 2404 2045 2474 ἐραστὴς
2123 2404 2179 2457 δὲ
2253 2403 2369 2472 βίου
2404 2401 2481 2455 ὢν
2513 2405 2953 2475 ἀναχωρητικοῦ,
3018 2409 3201 2479 διέδρα
3253 2413 3433 2466 λαεὼν
3488 2415 3579 2467 καὶ

332 2503 392 2554 ἐν
426 2502 688 2572 ἐρημίαις
733 2499 988 2571 ηὐλίζετο
1038 2498 1427 2568 ἀγνοούμενος.
1469 2497 1578 2552 Τοῦ
1633 2498 1692 2551 δὲ
1757 2497 2262 2568 ἀνακεχωρηκότος,
2330 2497 2711 2567 ἀντεισάγεταν
2741 2503 2881 2566 Δῖος,
2963 2503 3085 2572 μεθ’
3124 2505 3181 2558 ὃν
3223 2511 3572 2579 προχειρίζε-

331 2594 426 2651 ται
496 2595 840 2665 Γερμανίων,
901 2590 1023 2647 εἶτα
1075 2594 1311 2663 Γόρδιος·
1388 2592 1476 2661 ἐφ’
1513 2586 1576 2647 οὗ
1629 2591 1944 2647 ἐπανελθὼν
1982 2589 2139 2655 αὖθις
2201 2594 2229 2645 δ
2265 2592 2601 2661 Νάρκισσος,
2631 2593 2733 2646 ύπδ
2766 2594 2873 2647 τῶν
2903 2595 3112 2649 πιστῶν
3142 2599 3234 2652 ἐπὶ
3273 2600 3371 2670 τὴν
3438 2620 3575 2673 προο

339 2687 573 2742 στασίαν
620 2687 1043 2756 παρακαλεῖται.
1074 2686 1165 2755 Μὴ
1205 2684 1502 2754 δυναμένου
1553 2684 1610 2738 δὲ
1678 2684 1770 2737 τοῦ
1852 2684 2167 2753 Ναρκίσσου
2222 2682 2311 2736 διὰ
2353 2685 2531 2752 γῆρας
2585 2684 2726 2753 βαθὺ
2779 2684 3139 2759 λειτουργεῖν,
3224 2691 3573 2766 Ἀλέξανδρος

332 2780 641 2851 διαπρέψας
672 2780 935 2851 πρότερον
962 2782 1028 2851 τῇ
1062 2778 1151 2833 διὰ
1180 2779 1419 2848 Χριστὸν
1445 2777 1731 2849 ὁμολογίᾳ,
1778 2777 1901 2830 τότε
1940 2776 1995 2829 δέ
2062 2777 2371 2846 ἐπισκοπῆς
2405 2779 2462 2829 ἐν
2504 2780 2571 2849 τῇ
2633 2778 2744 2832 τῶν
2776 2781 3176 2851 ,Καππειδοκῶν
3220 2787 3372 2859 χώρᾳ
3417 2790 3580 2860 ὴξεω.

335 2874 522 2945 μένος,
561 2874 621 2941 ἐξ
656 2873 1052 2942 ἀποκαλύψεως
1098 2873 1453 2945 προσελήφθη
1507 2872 1660 2944 παρά
1722 2871 1832 2925 τῶν
1875 2872 1935 2926 ἐν
1983 2871 2383 2941 Ἱεροσολύμοις
2427 2871 2635 2925 πιστῶν
2662 2875 2773 2944 Ξμα
2806 2875 2883 2945 τῷ
2905 2877 3209 2951 Ναρκίσσῳ
3271 2884 3481 2940 διέπειν
3510 2889 3579 2941 τὰ

331 2972 434 3038 τῆς
480 2967 829 3037 ⁹Εκκλτ,σίας.
896 2967 985 3019 Ἐν
1020 2965 1079 3019 δὲ
1131 2967 1198 3036 τῇ
1284 2963 1608 3036 Ἀντιοχέων
1689 2963 2013 3033 Ἐκκλησία,
2059 2963 2414 3035 Σαραπίωνος
2470 2964 2945 3035 ἀναπαυσαμένου,
3016 2971 3418 3049 Ἀσκληπιάδης
3479 2984 3579 3053 τὴν

333 3060 642 3128 ἐπισκοπὴν
675 3058 1030 3130 παρειλήφει,
1061 3051 1121 3111 οὗ
1160 3057 1253 3111 καὶ
1285 3056 1656 3126 ὑπομνήματα
1696 3054 1963 3119 σώζεσθαί
1989 3072 2156 3125 φησιν
2187 3055 2215 3106 δ
2243 3053 2523 3118 Εὐσέϐιος.
2581 3054 2746 3109 Ἀλλά
2773 3056 2945 3111 ταῦτα
2978 3059 3076 3128 μὲν
3099 3061 3292 3126 οὓτως.

404 3152 507 3206 lB'.
559 3151 876 3211 Ἀντωνῖνος
929 3148 986 3202 δὲ
1036 3149 1214 3200 ἐδόκει
1257 3147 1357 3217 μὲν
1416 3146 1676 3201 κοινωνὸν
1729 3148 1900 3200 ποιεῖ-

2076 3145 2194 3201 XII.
2227 3145 2542 3202 Antoninus
2571 3149 2673 3204 etsi
2716 3158 3045 3218 potestatem
3081 3172 3205 3211 cum
3234 3158 3401 3216 fratre
3441 3163 3575 3222 Geta

334 3243 464 3298 σθαι
522 3243 623 3310 τῆς
656 3242 834 3311 ἀρχῆς
886 3240 1058 3291 Γέταν
1090 3238 1181 3290 τὸν
1208 3238 1459 3306 ἀδελφὸν,
1480 3240 1548 3307 τῇ
1580 3236 1625 3288 δ’
1671 3237 1902 3308 ἀληθείᾳ

337 3335 610 3405 μόναρχος
658 3328 749 3402 ἦν.
783 3332 892 3385 Καὶ
918 3333 1033 3393 τοῖς
1068 3329 1169 3397 μὲν
1202 3328 1485 3397 πολεμίοις
1518 3328 1628 3380 τῶν
1664 3328 1903 3398 Βρεττα-

335 3428 443 3481 νῶν
464 3427 664 3480 αὐτίκα
688 3422 1010 3486 ἐσπείσατο,
1041 3421 1139 3491 τῆς
1167 3436 1226 3472 τε
1250 3418 1437 3490 χώρας
1463 3420 1649 3480 αὐτοῖς
1675 3420 1901 3472 καὶτῶν

336 3515 615 3589 φρουρίων
664 3514 892 3579 ἐκστὰς,
940 3513 1030 3567 τὸν
1078 3510 1136 3564 δὲ
1180 3511 1422 3580 ἔπαρχον
1471 3510 1563 3563 τδν
1622 3509 1901 3562 Παπιανδν

336 3608 638 3679 μετέστησε
690 3606 791 3674 τ’ἠς
845 3604 1044 3675 ἀρχῆς,
1079 3603 1302 3675 ἐτέρους
1342 3602 1388 3655 δ’
1444 3602 1753 3665 ἀπέκτεινε,
1809 3601 1903 3653 καὶ

332 3703 425 3755 τὸν
472 3701 681 3771 τροφέα
731 3699 898 3754 αὑτοῦ
957 3696 1177 3763 Εὔοδον,
1224 3696 1318 3750 τὸν
1351 3696 1446 3749 καὶ
1475 3696 1751 3764 Κάστορα,
1808 3697 1903 3746 καὶ

330 3792 431 3862 τὴν
467 3792 603 3844 ίδίαν
628 3792 863 3858 γυναῖκα
906 3789 1007 3857 τὴν
1041 3787 1417 3851 Πλαυτίλλαν,
1464 3786 1561 3839 καὶ
1593 3785 1683 3838 τὸν
1732 3784 1902 3853 αὐτῆς

333 3882 567 3950 ἀδελφὺν
610 3881 702 3934 τὸν
735 3879 1033 3944 Πλαύτιον,
1069 3881 1165 3932 καὶ
1196 3877 1292 3931 ἐπὶ
1325 3876 1533 3939 τούτοις
1559 3877 1650 3929 τὸν
1704 3875 1901 3928 ἐαυτοῦ

300 3972 586 4043 ¹ἀδελφὸν.
631 3970 990 4024 Ἐπεὸούλευε
1026 3971 1125 4039 μὲν
1181 3970 1291 4040 γὰρ
1324 3967 1475 4038 αύτῷ
1523 3967 1630 4039 πρὸ
1663 3967 1900 4039 μακροῦ,

332 4065 434 4119 ούκ
459 4062 694 4134 ἠδύνατο
726 4063 782 4115 δὲ
822 4065 1032 4116 κτεῖναι
1072 4062 1237 4114 αὐτὸν
1266 4062 1372 4115 ὑπὸ
1401 4059 1750 4132 στρατιωτῶν
1801 4077 1907 4129 φυ-

335 4153 665 4223 λαττόμενον
717 4151 815 4204 καὶ
870 4150 1073 4218 ἐτέρων
1109 4150 1342 4219 συχνῶν.
1408 4146 1541 4203 Είτα
1585 4150 1772 4202 ἔπεισε
1802 4148 1903 4218 τὴν

340 4243 559 4313 μητέρα
631 4242 831 4313 μόνους
882 4242 1146 4311 σφᾶςέπὶ
1178 4240 1498 4309 καταλλαγῇ
1538 4237 1905 4309 μεταπέμψα-

336 4334 482 4388 σθαι.
540 4335 647 4388 Καὶ
694 4334 723 4386 δ
757 4333 929 4395 Γέτας
971 4331 1274 4395 πιστεύσας
1329 4331 1550 4401 εἰσῆλθε
1615 4330 1756 4400 μετὰ
1804 4329 1917 4382 τοῦ·

348 4425 673 4479 Ἀντωνίνου
713 4427 794 4490 είς
828 4427 890 4478 τὸ
918 4425 1219 4495 δωμάτιον,
1244 4426 1342 4479 καὶ
1374 4424 1558 4478 ὀπίσω
1588 4423 1741 4493 σφῶν
1776 4424 1906 4477 ἐκα-

2006 3237 2417 3293 communicare
2434 3238 2937 3303 videbatur,tamen
2960 3260 3149 3300 revera
3167 3248 3316 3305 solus
3331 3250 3582 3310 domina-

2006 3329 2170 3384 batur
2199 3345 2213 3383 :
2240 3338 2296 3384 et
2326 3345 2450 3385 cum
2471 3330 2754 3386 Britannis
2772 3332 3027 3391 hostibus
3048 3340 3231 3393 statim
3260 3359 3390 3412 pace
3410 3345 3576 3411 laeta,

2008 3419 2153 3488 agris
2181 3430 2235 3474 et
2264 3421 2504 3475 castellis
2539 3423 2763 3486 cedens,
2811 3425 3111 3496 Papiniano
3152 3433 3409 3501 praefecto
3440 3454 3578 3506 pra:-

2008 3512 2151 3564 torio
2191 3513 2568 3581 magistratum
2613 3516 2921 3586 abrogavit,
2958 3520 3094 3575 al~os
3139 3526 3361 3590 occidit,
3415 3540 3580 3599 atque

2008 3601 2154 3656 inter
2194 3616 2422 3659 caeteros
2472 3606 2745 3672 Evodum,
2798 3612 2892 3679 qui
2944 3620 3000 3666 et
3038 3612 3233 3669 Castor
3265 3617 3577 3687 dicebat-Ir,

2007 3691 2300 3781 nutritium
2353 3709 2556 3758 suum,
2604 3704 2661 3749 et
2699 3713 2923 3752 uxorem
2970 3701 3300 3772 l’lautillam,
3347 3708 3579 3781 ejusque

2007 3777 2233 3835 fratrem
2258 3780 2554 3837 Plautium.
2576 3784 2824 3853 Denique
2844 3786 3066 3842 fratrem
3089 3807 3307 3863 quoque
3336 3777 3526 3853 Getam
3564 3822 3576 3856 :

2007 3884 2173 3938 quem
2208 3885 2333 3924 cum
2369 3873 2696 3941 jampridem
2738 3874 2963 3933 insidiis
2988 3881 3314 3953 appetitum,
3351 3900 3579 3959 preptcr

2009 3961 2315 4015 custodiam
2352 3962 2698 4019 militutntct
2762 3967 2999 4035 plurium
3037 3973 3269 4028 aliorum
3320 3979 3580 4038 occidere

2011 4065 2122 4104 non
2170 4053 2463 4121 potuisset,
2504 4053 2724 4108 tandem
2778 4060 2943 4111 matri
2980 4066 3279 4129 persuasit,
3330 4078 3390 4122 ut
3421 4070 3575 4141 ipsos

2009 4142 2156 4198 solos
2182 4145 2602 4201 reconciliandae
2625 4150 2813 4217 gratiae
2843 4162 3007 4205 causa
3055 4166 3385 4212 accerseret.
3422 4162 3578 4227 Quod

2008 4233 2143 4290 Geta
2186 4250 2376 4291 verum
2422 4251 2545 4292 esse
2589 4250 2761 4304 ratus,
2806 4255 2932 4294 cum
2986 4242 3270 4299 Antonino
3320 4251 3580 4307 conclave

2011 4326 2288 4396 ingressus
2308 4336 2412 4383 est.
2443 4327 2581 4384 Tum
2604 4333 2961 4387 centuriones
2983 4333 3052 4387 ab
3074 4336 3353 4393 Antonino
3384 4341 3581 4396 subor-

2009 4418 2124 4471 nati
2162 4433 2263 4488 per
2298 4420 2406 4473 vim
2448 4420 2749 4485 subsecuti,
2800 4422 2992 4477 Getam
3024 4428 3190 4495 collo,
3242 4431 3498 4486 mamill;s
3525 4444 3583 4489 et

336 4516 628 4588 τοντάρχαι
658 4516 797 4588 πρὸς
845 4514 1007 4569 τοῦτο
1044 4517 1439 4585 ἡτοιμασμένοι
1466 4515 1617 4585 παρά
1646 4514 1742 4567 τού
1782 4514 1903 4567 Ἀν-

2012 4511 2223 4578 pectori
2249 4511 2438 4566 matris
2460 4511 2818 4566 inhaerentes-1
2841 4515 3193 4582 occiderunt,
3222 4528 3282 4572 ut
3306 4522 3580 4591 sanguine

344 4608 575 4660 τωνίνου
604 4606 1011 4678 είσωθήσαντες
1035 4605 1412 4667 ἐαυτοῦς,ἐκεῖ
1444 4604 1535 4658 τὸν
1564 4605 1738 4658 Γέταν
1766 4622 1901 4658 κατ·

349 4697 581 4768 έκοψαν,
637 4698 717 4770 τῷ
758 4698 1015 4770 τραχήλῳ
1051 4699 1151 4769 τῆς
1195 4698 1400 4769 μητρὸς
1438 4697 1778 4768 προσφύντα,
1808 4700 1905 4751 καὶ

336 4786 452 4857 τοῖς
485 4788 713 4854 μαστοῖς
755 4788 852 4841 καὶ
882 4790 996 4850 τοῖς
1032 4787 1311 4856 στήθεσιν,
1360 4787 1505 4840 ὥστε
1538 4787 1633 4839 τοῦ
1671 4787 1905 4855 αἵματος

339 4873 507 4925 αὐτοῦ
569 4875 996 4947 ἀναπλησθῆναι
1027 4878 1219 4948 αὐτὴν,
1254 4878 1535 4947 πληγῆναι
1591 4879 1648 4933 δὲ
1678 4880 1772 4933 καὶ
1806 4878 1904 4949 τὴν

338 4962 518 5029 χεῖρα.
574 4961 635 5014 Ἡ
667 4963 712 5017 δ’
753 4964 819 5018 ἐκ
870 4964 966 5019 τοῦ
1016 4967 1185 5035 φόόου
1255 4967 1378 5019 οὐδὲ
1436 4967 1530 5019 τοῦ
1593 4966 1908 5037 τραύματος

338 5049 555 5119 ᾔσθετο,
614 5052 735 5105 οὐδὲ
783 5054 1050 5125 πενθῆσαι
1109 5059 1247 5128 αὐτῇ
1295 5058 1386 5110 τὸν
1440 5057 1556 5110 υίὸν
1603 5057 1904 5126 ἐξεγένετο,

337 5142 513 5207 οὕτως
543 5145 777 5214 οἰκτρῶς
804 5148 899 5199 καὶ
926 5146 1119 5214 ἀώρως
1147 5148 1471 5201 ἀπολωλότα
1499 5148 1615 5218 (δύο
1646 5150 1759 5218 γὰρ
1804 5149 1900 5200 καὶ

340 5236 548 5287 εἴκοσιν
591 5236 732 5290 ἐτῶν
789 5233 880 5309 ἦν,
923 5239 1018 5291 καὶ
1054 5239 1212 5290 ἐννέα
1236 5239 1446 5308 μηνῶν)
1508 5239 1786 5292 δεδοικυῖα
1826 5237 1901 5307 μὴ

343 5331 441 5378 καὶ
499 5329 639 5396 αὑτὴ
692 5328 1088 5397 συναπόληται.
1131 5330 1193 5383 '0
1240 5332 1557 5392 Ἀντωνῖνος
1612 5330 1658 5383 δ’
1701 5328 1902 5383 αὐτίκα

339 5418 667 5474 καταλαϐὼν
694 5420 757 5473 τὸ
799 5419 1186 5491 στρατόπεδον,
1212 5423 1479 5491 Χαίρετε,
1516 5417 1693 5501 εἶπεν,
1723 5414 1770 5473 ὦ
1801 5419 1907 5471 ἄν·

2010 4599 2166 4655 sinus
2188 4600 2336 4656 illius
2359 4602 2705 4673 impleretur,
2726 4619 2890 4659 manu
2904 4622 3124 4677 quoque
3145 4610 3450 4667 vulnerata.
3471 4611 3580 4669 Sed

2010 4706 2074 4746 ea
2095 4707 2203 4761 pra:
2234 4692 2427 4748 timore
2451 4694 2650 4749 vulnus
2678 4711 2788 4750 non
2822 4699 3018 4764 sensit,
3051 4714 3155 4755 nec
3178 4701 3372 4773 lugere
3403 4705 3577 4761 filium

2013 4799 2146 4839 ausa
2190 4794 2301 4851 est,
2349 4786 2487 4841 adeo
2544 4787 2932 4845 miserabiliter
2978 4802 3034 4846 et
3080 4793 3373 4851 immatura
3421 4808 3584 4856 atate

2013 4875 2359 4931 interfectum
2393 4880 2576 4946 (natus
2601 4880 2747 4933 enim
2789 4891 2904 4936 tum
2940 4894 3060 4938 erat
3080 4902 3258 4943 annos
3289 4904 3402 4943 χχιι
3437 4901 3492 4946 et
3528 4909 3583 4947 nt

2015 4967 2278 5037 menses),
2307 4969 2479 5021 verita
2525 4986 2593 5023 ne
2623 4981 2678 5024 et
2711 4972 2825 5040 ipsa
2865 4975 3233 5031 occideretur.
3268 4979 3582 5039 Antoninus

2013 5066 2198 5110 autem
2238 5072 2472 5128 pmpere
2506 5070 2685 5115 castra
2730 5064 3011 5133 ingressus
3044 5083 3057 5118 :
3092 5066 3347 5133 Gaudete,
3380 5070 3581 5141 inquit,

2011 5147 2407 5215 commilitones,
2439 5166 2576 5204 nunc
2599 5154 2737 5206 enim
2773 5155 2898 5208 mihi
2931 5156 3071 5210 vobis
3098 5158 3401 5227 benefacere
3430 5162 3583 5215 licet:

2009 5241 2262 5308 quoniam
2291 5258 2425 5294 unus
2446 5259 2472 5295 e
2512 5245 2654 5299 vobis
2691 5262 2829 5309 sum,
2853 5256 2902 5299 et
2932 5249 3191 5302 vobiscum
3214 5259 3264 5303 et
3281 5267 3375 5321 per
3392 5270 3479 5307 vos
3503 5258 3585 5307 oi-

2010 5346 2130 5383 vere
2163 5332 2302 5396 toto,
2335 5341 2392 5385 ut
2424 5334 2590 5388 multa
2621 5336 2676 5387 in
2704 5353 2791 5389 vos
2818 5338 3068 5405 beneﬁcia
3105 5342 3399 5411 conferam.
3430 5343 3585 5410 Quod

2009 5421 2054 5471 si
2103 5437 2207 5473 non
2246 5431 2448 5491 potero,
2502 5425 2635 5477 mori
2690 5426 2946 5479 vobiscum
2977 5436 3119 5497 apto.
3154 5430 3427 5488 Postridie
3457 5444 3585 5504 post

1535 5555 1735 5619 Variae
1768 5553 2074 5617 lectiones
2114 5563 2177 5618 et
2220 5564 2413 5619 noun.

410 5679 527 5753 (58)
548 5678 684 5753 ATth
719 5681 1056 5747 Ἐξαπλῶν.
1090 5684 1226 5741 Vide
1267 5682 1490 5739 Henric.
1523 5684 1801 5740 Valesium
1831 5682 1898 5737 ad

335 5748 560 5807 Eusebii
601 5752 738 5807 Hist.
773 5755 970 5817 ltb.v1,
999 5770 1121 5825 cap.
1159 5757 1245 5822 16,
1305 5757 1402 5808 ubi
1442 5755 1705 5811 observat
1750 5772 1891 5825 pra:-

650 5845 917 5907 PATBOL.
966 5848 1081 5910 Gtt.
1132 5847 1449 5912 CXXXIV.

1981 5672 2162 5739 "terea
2220 5703 2340 5752 qum
2378 5697 2693 5755 sequuntur
2723 5706 2789 5747 es
2846 5691 3042 5749 eodem
3081 5693 3330 5751 Eusebio
3373 5695 3583 5753 deseri.

2006 5760 2180 5824 psisso
2221 5757 2509 5811 Zonaram.

3184 5853 3262 5915 33
