4048 6410
463 396 601 461 1037

1659 405 2071 466 ANNMJUM
2120 408 2264 467 UB.
2322 409 2458 468 ΧΗ.

3581 408 3713 472 107'8

455 517 766 588 γερουσίας,
799 516 937 569 ἀλλὰ
991 517 1080 569 καὶ
1129 517 1436 586 ἐμιαιφόνει
1471 519 1564 571 καὶ
1595 520 1901 590 παρηνόμει
1940 521 2028 572 καὶ

2144 521 2308 576 filiam
2341 523 2394 577 ei
2430 523 2760 594 desponsam
2792 541 2902 579 non
2934 524 3174 578 dedisset
3201 525 3382 595 (norat
3410 525 3558 580 enim
3587 541 3712 581 cum

454 612 520 662 τὰ
575 613 835 680 χρήματα
878 609 1303 678 κατανήλισκεν.
1333 609 1445 663 οὐδ’
1476 611 1726 664 ἐπείθετο
1755 615 1824 682 τῇ
1860 613 2032 682 μητρὶ

455 703 547 754 καὶ
581 704 706 772 περὶ
737 703 946 754 τούτων
971 702 1065 754 καὶ
1097 703 1206 756 τῶν
1244 702 1421 756 ἄλλων
1453 705 1798 776 παραινούσῃ
1857 705 2029 756 πολλὰ

453 797 552 848 καὶ
597 795 831 865 χρηστά.
904 795 1131 864 Ἐχαιρε
1189 794 1246 846 δὲ
1311 796 1404 849 καὶ
1445 797 1642 866 μάγοις
1694 799 1788 850 καὶ
1843 799 2027 867 γόησι.

454 887 611 940 Κατά
673 886 904 956 Πάρθων
939 887 996 938 δὲ
1045 885 1403 954 στρατεύσας.
1461 890 1555 940 καὶ
1610 889 1669 940 ἐν
1729 889 2033 959 Ἀντιοχείᾳ

389 1011 401 1019 ο
457 978 746 1046 γενόμενος
806 976 902 1030 καὶ
971 977 1215 1047 τρυφῶν,
1266 977 1362 1030 καὶ
1415 978 1630 1044 ἀγῶνας
1690 980 2031 1050 μονομαχίας

2140 626 2237 678 per
2271 613 2513 681 speciem
2563 614 2880 683 nuptiarum
2911 614 2978 668 de
3007 613 3360 675 {vindicando
3391 615 3496 668 sibi
3545 630 3716 686 regno

2135 698 2424 768 eugitare),
2462 715 2620 772 agros
2664 702 2866 772 passim
2913 703 3171 768 vastavit,
3225 702 3425 758 Arbela
3473 705 3712 776 subegit,

2136 790 2484 861 revulsisque
2565 792 2897 847 Parthorum
2965 809 3155 864 regum
3222 795 3508 865 sepulcris,
3589 811 3713 850 Ossa

2135 878 2395 950 disjecit:
2434 895 2560 936 cum
2615 881 2729 950 ipsa
2779 893 2962 937 autem
3009 896 3172 953 gente
3204 885 3323 940 acie
3370 900 3480 940 non
3534 886 3710 956 depu-

2133 970 2342 1039 gnavit.
2401 970 2460 1025 In
2517 987 2576 1027 re
2623 973 2845 1028 militari
2880 974 3050 1028 multa
3085 983 3276 1029 contra
3327 990 3538 1031 morem
3601 993 3717 1031 ma-

455 1071 734 1134 συνιστὰς,
763 1070 838 1134 ὡς
882 1072 940 1124 ἐν
977 1071 1234 1141 μεγάλοις
1277 1070 1462 1131 πόνοις
1495 1071 1893 1140 ὲγκινδυνεύων
1936 1074 2028 1126 καὶ

2130 1060 2310 1128 jortttn
2347 1062 2480 1132 egit,
2513 1072 2569 1118 et
2615 1064 2950 1133 peculiarem
2986 1067 3279 1135 quamdam
3324 1076 3532 1122 vestem
3587 1069 3716 1122 bar-

452 1162 743 1232 καρτερῶν
811 1163 1148 1232 ἀπωδύρετο,
1209 1164 1305 1216 καὶ
1365 1163 1464 1230 τὴν
1513 1165 1810 1234 γερουσίαν
1845 1163 1922 1228 ὠς
1972 1167 2031 1218 ὲν

457 1253 716 1327 ῥᾳστώνῃ
768 1254 948 1319 ζῶσαν
981 1254 1248 1321 ὠνείδιζε,
1289 1255 1384 1308 καὶ
1412 1254 1564 1318 τέλος
1591 1256 1832 1326 ἔγραψεν
1865 1260 2027 1328 αὐτῇ,

451 1348 528 1410 ὡς
577 1343 720 1400 οἶδα
751 1346 840 1398 ὅτι
871 1348 982 1400 οὐκ
1017 1345 1266 1413 ἀρέσκει
1297 1347 1441 1417 ὑμῖν
1471 1349 1540 1401 τὰ
1590 1346 1726 1417 ἐμά·
1751 1348 1913 1402 ἀλλὰ
1935 1349 2032 1404 διὰ

451 1435 628 1490 τοῦτο
654 1437 752 1489 καί
788 1436 948 1490 ὅπλα
975 1438 1072 1490 καὶ
1098 1437 1468 1505 στρατιώτας
1504 1438 1644 1507 ἔχω,
1683 1439 1888 1509 ἵναμὴ
1919 1439 2031 1493 τῶν

448 1526 984 1597 λογοποιουμένων
1006 1527 1475 1597 ἐπιστρέφωμαι.
1505 1529 1674 1594 Αὖθις
1701 1530 1759 1584 δὲ
1792 1534 1874 1595 είς
1902 1533 2032 1596 τοὺς

453 1619 700 1692 Πάρθους
736 1619 1100 1686 στρατεύσας,
1150 1620 1230 1672 ὅτι
1281 1621 1310 1672 ὁ
1336 1619 1678 1691 Δρτάϐανος,
1717 1621 1820 1692 τὴν
1857 1621 2030 1689 θυγαο

447 1713 586 1782 τέρα
647 1711 846 1766 ἑαυτοῦ
904 1711 1054 1781 αύτῷ
1114 1713 1622 1783 μνηστευσάμενος,
1675 1714 1738 1768 ού
1786 1715 2032 1786 παρέσχε

450 1805 660 1876 ταύτην
695 1803 846 1872 αὐτῷ
878 1805 1169 1875 (ἠπίστατο
1196 1804 1303 1876 γὰρ
1353 1804 1438 1858 ὅτι
1469 1805 1749 1875 πρόφασιν
1796 1805 1892 1861 τὸν
1935 1807 2034 1874 γά-

455 1915 556 1967 μον
622 1898 715 1950 τοῦ
787 1898 888 1966 τὴν
958 1895 1194 1968 Πάρθων
1267 1897 1693 1968 σφετερίσασθαι
1753 1897 2032 1966 βασιλείαν

452 1988 768 2060 πεποίητο),
805 1987 978 2042 πολλά
1029 1989 1128 2056 μὲν
1176 1989 1277 2060 τῆς
1320 1988 1507 2059 χώρας
1546 1990 1727 2043 αὐτῶν
1758 1991 2032 2056 ἐκάκωσε,

455 2089 550 2140 καὶ
582 2084 654 2140 τὰ
699 2085 952 2156 ’Ἄρϐηλα
994 2084 1392 2155 παρεστήσατο,
1417 2082 1510 2135 καὶ
1537 2083 1605 2135 τά
1648 2083 1890 2154 μνημεῖα
1923 2082 2034 2134 τῶν

454 2178 722 2248 βασιλέων
742 2178 852 2230 τῶν
885 2175 1116 2246 Πάρθων
1140 2174 1478 2249 ἀναρρήξας,
1515 2174 1761 2246 διέρριψε
1781 2174 1851 2227 τά
1875 2173 2028 2227 ὀστᾶο

455 2273 689 2340 πςλεμος
724 2271 783 2323 δὲ
833 2269 983 2340 αύτῷ
1035 2268 1174 2339 πρὸς
1217 2269 1278 2321 τὸ
1304 2268 1461 2332 ἔθνος
1493 2269 1556 2320 ού
1594 2267 2027 2338 συγκεκρότητο.

455 2358 644 2412 Τάλλα
677 2375 737 2410 τε
767 2357 864 2411 οὖν
910 2359 1224 2429 παρηνόμει
1281 2358 1340 2410 ὲν
1381 2360 1502 2420 ταῖς
1547 2357 1883 2429 στρατείαις,
1934 2357 2029 2411 καί

451 2467 578 2503 τινα
629 2450 766 2503 ἰδίαν
795 2450 1010 2504 ἔνδυσιν
1064 2448 1422 2521 βαρϐαρικῶς
1452 2465 1571 2512 πως
1609 2449 1938 2518 συγκόπτων
1972 2454 2030 2512 ἐς

456 2541 665 2612 μανδύα
688 2543 891 2609 τρόπον
914 2539 1271 2612 προσεξεῦρε,
1304 2540 1394 2591 καὶ
1432 2539 1675 2609 συνεχῶς
1704 2539 1872 2592 αὑτὸν
1906 2541 2029 2592 ἐνε-

452 2633 631 2687 δύετο·
668 2635 792 2688 ὄθεν
841 2634 933 2687 καὶ
984 2631 1346 2704 Καράκαλλος
1406 2629 1707 2700 ἐπεκλήθη.
1762 2632 1871 2684 Καὶ
1905 2631 2034 2694 τοὺς

455 2729 794 2798 στρατιώτας
815 2728 869 2780 δὲ
898 2725 1070 2788 οὕτως
1101 2723 1410 2776 ἐστολίσθαι
1445 2723 1716 2775 ἐκέλευεν.
1764 2722 2034 2794 Ἀνῃρέθη

2135 1153 2325 1208 barico
2357 1171 2507 1210 more
2540 1155 2593 1209 in
2627 1155 2841 1225 penula:
2875 1157 3100 1211 modum
3147 1157 3377 1212 incisam
3427 1171 3484 1214 et
3528 1164 3718 1215 conle-

2133 1251 2300 1308 ctam,
2327 1243 2524 1299 crebro
2560 1245 2761 1310 induit,
2793 1246 3112 1318 eademque
3148 1249 3354 1303 milites
3397 1250 3474 1305 uti
3502 1251 3667 1321 jussit
3696 1267 3711 1314 ;

2136 1338 2283 1389 unde
2312 1334 2593 1391 Caracalla
2627 1339 3051 1408 cognominatus
3087 1349 3197 1397 est.
3235 1341 3441 1398 Tamen
3490 1358 3521 1398 a
3567 1345 3716 1398 mili-

2134 1426 2281 1480 tibus
2324 1437 2408 1481 est
2436 1427 2676 1483 occisus.
2726 1430 2858 1484 Nam
2898 1431 3174 1487 Macrinus
3228 1435 3486 1504 prattorio
3520 1435 3715 1505 pra2fe-

2133 1527 2292 1583 etus,
2347 1518 2436 1573 cui
2489 1529 2642 1575 vates
2689 1522 2914 1590 quidam
2979 1523 3270 1594 imperium
3342 1527 3710 1596 praedixerat,

2135 1612 2345 1666 veritus
2393 1627 2461 1667 ne
2499 1628 2564 1667 ea
2599 1614 2668 1669 de
2714 1630 2880 1670 causa
2937 1617 3007 1671 ab
3055 1619 3338 1673 Antonino
3398 1621 3710 1686 tolleretur,

2132 1705 2272 1759 nihil
2301 1716 2612 1773 cunctatus,
2664 1725 2760 1778 per
2790 1711 2930 1766 duos
2997 1712 3246 1767 tribunos
3285 1713 3519 1768 militum
3574 1715 3714 1768 insi-

2138 1797 2259 1851 dias
2307 1799 2358 1853 ci
2414 1802 2638 1854 struxit.
2680 1800 2812 1856 Nam
2851 1817 2976 1856 cum
3027 1804 3232 1858 Edessa
3290 1805 3489 1860 Carras
3550 1807 3716 1876 profi-

2061 1865 2106 1924 B
2137 1889 2376 1956 ciscens,
2433 1893 2770 1948 cxonerandi
2820 1895 3030 1950 ventris
3080 1911 3242 1950 causa
3289 1913 3432 1966 equo
3475 1898 3712 1953 descen-

2140 1981 2334 2048 disset,
2357 1983 2514 2038 miles
2534 1984 2754 2052 quidam
2787 2003 2816 2038 a
2841 1985 3078 2041 tribunis
3103 2001 3431 2052 submissus,
3455 1999 3712 2058 tauquam

2139 2072 2392 2128 dicturus
2427 2073 2658 2144 aliquid,
2700 2090 2827 2129 eum
2858 2076 3098 2147 pugione
3139 2079 3435 2147 percussit.
3479 2079 3570 2134 Sic
3622 2081 3713 2134 ille

2136 2167 2276 2222 vixit
2309 2175 2364 2222 et
2394 2167 2580 2237 periit,
2606 2182 2752 2221 anno
2786 2183 2938 2236 xxix,
2988 2169 3202 2238 imperii
3229 2186 3301 2229 vr.
3339 2185 3465 2226 cum
3498 2171 3716 2227 duobus

2137 2257 2424 2313 mensibus
2456 2266 2511 2312 et
2545 2258 2746 2314 diebus
2773 2259 3003 2329 aliquot.
3032 2260 3252 2328 Fertur,
3278 2277 3402 2317 eum
3431 2274 3715 2334 postremo

2136 2351 2445 2406 Antiochiae
2495 2359 2662 2414 esset,
2712 2352 3038 2417 somniasse,
3085 2363 3295 2423 patrem
3335 2358 3532 2412 stricto
3577 2374 3713 2414 ense

2132 2452 2402 2498 astantem
2438 2443 2544 2498 sibi
2571 2443 2758 2498 dicere
2793 2462 2806 2497 :
2843 2443 2913 2500 Ut
2963 2454 3019 2498 tu
3071 2451 3294 2516 fratrem
3335 2449 3594 2513 occidisti,
3637 2453 3715 2506 sic

2133 2551 2226 2606 ego
2257 2544 2304 2589 te
2328 2536 2585 2590 occidam.
2621 2537 2716 2591 Est
2750 2547 2804 2591 et
2842 2553 2872 2592 a
2906 2539 3125 2594 vatibus
3165 2541 3433 2606 monitus,
3473 2552 3534 2597 ut
3563 2542 3711 2598 diem

2135 2630 2289 2684 illum
2334 2639 2578 2684 caveret.
2642 2629 3018 2684 Memorantur
3074 2632 3181 2686 alia
3243 2648 3466 2704 quoque
3557 2635 3717 2706 signa

2137 2725 2258 2794 ejus
2285 2721 2570 2777 interitum
2600 2722 2975 2792 prmeessisse.

456 2825 641 2893 μέντοι
674 2821 780 2874 ὑπὸ
811 2817 1184 2890 στρατιωτῶν.
1222 2814 1279 2870 ὐ
1314 2816 1426 2888 γὰρ
1470 2816 1750 2885 Μακρῖνος
1801 2817 1830 2868 ὁ
1893 2817 2156 2890 ἔπαρχος,
2198 2820 2262 2870 ὲκ
2331 2813 2583 2885 μάντεώς
2645 2831 2794 2879 τινος
2824 2815 3226 2887 προειρημένον
3267 2815 3406 2889 ἔχων
3462 2819 3612 2893 αύτῷ
3638 2821 3717 2886 ὡς

449 2914 809 2985 αὗταρχήσει,
861 2912 957 2963 καὶ
1004 2908 1262 2979 φοϐηθεὶς
1316 2907 1393 2978 μὴ
1465 2906 1554 2960 διά
1601 2905 1762 2959 τοῦτο
1825 2907 1932 2961 ὑπὸ
1993 2909 2089 2962 τοῦ
2145 2904 2468 2962 Ἀντωνίνου
2518 2904 2818 2976 διαφθαρῇ,
2881 2906 2982 2960 οὐκ
3041 2907 3357 2975 ἀνεϐάλετο,
3413 2909 3550 2964 ἀλλά
3603 2910 3716 2964 δύω

448 3007 602 3069 τινας
639 3002 1058 3076 χιλιαρχοῦντας
1102 3003 1161 3054 ὲν
1222 2998 1303 3066 τῷ
1367 2997 1720 3069 δορυφορικῷ
1776 3000 2229 3070 παρασκευάσας,
2281 2995 2681 3050 ἐπεϐούλευσεν
2743 2997 2913 3068 αύτῷ.
2953 2999 3063 3054 Καὶ
3093 2999 3154 3064 ἐξ
3192 2999 3412 3070 Ἐδέσης
3442 3002 3501 3062 ἐς
3523 3001 3717 3073 Κᾶρας

447 3104 688 3168 ἀπιόντι,
727 3107 825 3154 καὶ
881 3097 1153 3154 ἀποϐάντι
1209 3094 1306 3148 τοῦ
1368 3094 1540 3147 ίππου
1591 3091 1662 3147 δι’
1719 3092 2026 3158 ἀπόπατον,
2106 3091 2386 3162 προσῆλθέ
2451 3107 2538 3153 τις
2599 3092 2964 3162 στρατιώτης,
3047 3092 3157 3145 τῶν
3215 3094 3515 3165 χιλιάρχων
3576 3097 3717 3151 ἀπο-

449 3197 784 3268 πεμψάντων
819 3193 1004 3258 αὐτὸν,
1048 3189 1126 3254 ὡς
1193 3191 1372 3243 εἰπεῖν
1394 3205 1448 3242 τι
1508 3187 1788 3260 δεόμενος,
1861 3187 1960 3241 καὶ
2028 3185 2350 3260 προσελθὼν
2391 3183 2661 3248 ἐπάταξεν
2713 3184 2877 3237 αὑτὸν
2929 3184 3140 3256 ξιφιδίῳ
3181 3185 3386 3257 μικρῷ.
3432 3187 3539 3241 Καὶ
3567 3191 3714 3260 ὁμὲν

447 3293 622 3354 οὕτως
668 3290 822 3354 ὲϐίω,
851 3289 946 3340 καὶ
975 3286 1152 3348 οὕτως
1181 3283 1452 3348 ἀπώλετο,
1495 3283 1669 3353 ζήσας
1705 3283 1802 3353 ἐτη
1841 3282 1999 3336 ἐννέα
2037 3284 2132 3336 καὶ
2168 3283 2400 3344 εἴκοσιν,
2445 3281 2804 3350 αὑταρχήσας
2863 3277 2908 3332 δ’
2977 3282 3042 3333 ὲκ
3085 3281 3290 3333 τούτων
3317 3283 3599 3346 ἐνιαυτοὺς
3628 3283 3713 3349 ἒξ,

447 3388 542 3440 ἐπὶ
570 3385 679 3438 δύω
713 3381 847 3452 μησὶ
891 3385 983 3434 καὶ
1007 3379 1250 3449 ἡμέραις
1277 3378 1408 3432 τισί.
1442 3377 1678 3446 Λέγεται
1712 3377 1770 3432 δὲ
1842 3380 1901 3431 ἐν
1946 3377 2249 3446 Ἀντιοχείᾳ
2312 3374 2372 3427 τὺ
2435 3374 2750 3427 τελευταῖον
2800 3371 2916 3427 ὄντι
2983 3372 3132 3443 αὑτῷ
3161 3372 3309 3439 δόξαι
3380 3374 3505 3426 κατ’
3581 3376 3716 3446 δναρ

446 3481 537 3530 τὸν
567 3475 782 3542 πατέρα
810 3470 1016 3540 ξιφήρη
1047 3467 1362 3537 ἐπιστῆναι,
1393 3467 1646 3536 λέγοντα·
1692 3468 1794 3534 Ὠς
1833 3469 1915 3525 σὺ
1972 3466 2080 3520 τὸν
2115 3466 2390 3535 ἀδελφὸν
2417 3465 2710 3530 ἔκτεινας,
2740 3463 2839 3516 καὶ
2865 3461 2982 3531 ἐγὼ
3030 3463 3109 3516 σὲ
3143 3462 3353 3521 κτενῶ,
3399 3466 3506 3519 Καὶ
3571 3469 3708 3537 μάν-

444 3587 559 3636 τεις
589 3569 644 3625 δὲ
684 3563 838 3622 εἷπον
871 3565 1024 3636 αὐτῷ
1085 3561 1186 3636 τὴν
1241 3562 1458 3635 ἡμέραν
1491 3564 1711 3635 ἐκείνην
1777 3560 2180 3632 φυλάσσεσθαι,
2250 3562 2345 3616 καὶ
2373 3559 2509 3614 ἄλλα
2558 3559 2616 3614 δέ
2688 3575 2827 3630 φασι
2870 3557 2966 3612 τοῦ
3033 3557 3256 3630 ὀλέθρου
3319 3559 3469 3633 αὐτῷ
3501 3561 3714 3634 συμϐᾓ.

447 3683 534 3720 ναι
561 3662 858 3731 τεκμήρια.

519 3756 624 3811 ιΓ’.
686 3754 794 3807 Τοῦ
843 3752 890 3806 δ’
928 3749 1250 3804 Ἀντωνίνου
1316 3749 1734 3819 διαφθαρέντος,
1804 3749 1863 3802 ὃν
1932 3749 2026 3801 καὶ

2201 3741 2342 3796 Χία.
2381 3739 2679 3804 Antonino,
2717 3740 2810 3809 qui
2835 3748 2889 3794 et
2917 3738 3221 3803 Caracalla,
3255 3750 3314 3796 ut
3353 3741 3559 3797 dictum
3601 3753 3706 3805 est,

450 3846 812 3920 Καράκαλλον
846 3843 1096 3907 ἐκάλουν,
1139 3841 1215 3903 ὼς
1246 3840 1484 3911 εἴρηται,
1520 3842 1659 3892 ἀλλὰ
1704 3842 1892 3909 μέντοι
1935 3842 2028 3892 καὶ¹

2131 3849 2186 3892 ct
2245 3837 2418 3890 Taras
2477 3837 2542 3890 de
2588 3835 2907 3906 gladiatoris
2958 3836 3241 3907 cujusdam
3299 3838 3599 3906 turpissimi
3655 3849 3712 3893 et

449 3941 728 4010 Τάραντα,
781 3937 848 3986 ὲκ
897 3935 1210 4004 μονομάχου
1276 3935 1421 3993 τινὸς
1469 3933 1882 4002 είδεχθεστάτον
1931 3933 2028 3984 καὶ

2130 3927 2506 3984 crudelissimi
2594 3928 2817 3980 nomine
2900 3929 3246 3990 vocabatur,
3327 3928 3705 3998 interempto.

451 4028 914 4102 μιαιφοιωτάτου,
947 4026 974 4076 ὁ
1005 4026 1291 4089 Μακρῖνος
1338 4025 1480 4091 μετά
1510 4024 1782 4094 τετάρτην
1813 4023 2028 4094 ἡμέραν

2131 4022 2406 4074 Macrinus
2437 4029 2639 4088 quarto
2677 4019 2766 4073 die
2794 4027 2918 4088 post
2965 4033 2994 4072 ἰ
3051 4019 3322 4074 nulitibus
3354 4022 3566 4089 accepit
3599 4021 3708 4075 im-

2129 4112 2369 4183 perium.
2427 4111 2648 4164 natione
2705 4111 2925 4165 Maurus
2987 4111 3312 4176 Siciliensis,
3383 4115 3709 4183 parentibus

2128 4213 2285 4258 u-tus
2317 4202 2736 4257 obscurissimis
2768 4219 2782 4254 :
2818 4203 2964 4256 unde
3012 4203 3326 4258 Maurorum
3369 4219 3522 4260 more
3572 4209 3706 4262 alte-

2131 4311 2248 4348 ram
2285 4309 2479 4349 aurem
2511 4293 2838 4363 perforatam
2874 4293 3090 4358 habuit,
3118 4296 3213 4348 sed
3249 4295 3332 4349 vir
3361 4297 3702 4362 moderatus,

2127 4398 2184 4440 et
2231 4387 2410 4458 legum
2446 4394 2636 4441 custos
2672 4385 3029 4441 fidelissimus
3061 4403 3076 4440 :
3118 4387 3211 4458 qui
3245 4390 3540 4457 praefectus
3568 4407 3710 4460 pra:-

2132 4479 2295 4545 torio,
2327 4479 2708 4549 magistratum
2743 4494 2868 4532 eum
2904 4479 3112 4548 optime
3139 4479 3579 4547 administrarat,
3610 4483 3706 4537 sed

2131 4572 2425 4642 imperium
2479 4585 2589 4624 non
2641 4585 2740 4639 per
2771 4571 2956 4624 omnia
3014 4581 3164 4626 recte
3198 4573 3385 4642 gessit.
3417 4573 3552 4627 Nam
3593 4589 3710 4628 ma-

2129 4665 2396 4736 gistratus
2432 4661 2673 4731 indignis
2721 4661 3083 4731 largiebatur,
3134 4678 3257 4732 qum
3309 4665 3544 4718 maxima
3580 4681 3710 4734 pars

2129 4765 2215 4811 est
2245 4755 2586 4825 imperatorii
2620 4754 2868 4808 muneris
2895 4769 2910 4806 :
2947 4764 3005 4808 et
3049 4755 3263 4808 ratione
3289 4755 3472 4811 victus
3502 4755 3710 4811 delica-

2133 4853 2273 4906 tiore
2304 4850 2585 4913 utebatur,
2617 4857 2673 4901 et
2707 4849 2904 4904 fastum
2929 4849 3222 4919 quemdam
3252 4865 3362 4920 prae
3388 4866 3446 4905 se
3470 4850 3708 4905 ferebat.

2128 4943 2268 4998 Julia
2327 4956 2480 5008 vero,
2544 4940 2809 4995 Antonini
2870 4949 3069 5006 mater,
3127 4941 3434 4996 Antiochia:
3471 4941 3704 5011 degens,

2131 5034 2279 5089 ca:dc
2320 5033 2584 5088 Antonini
2635 5032 2874 5102 cognita,
2927 5033 3034 5088 sibi
3097 5033 3200 5103 ipsi
3249 5050 3447 5088 manus
3500 5034 3705 5088 afferre

447 4124 549 4190 τὴν
586 4117 886 4188 ἡγεμονίαν
917 4115 1133 4183 είληςει
1164 4113 1320 4181 παρὰ
1371 4113 1470 4179 τῆς
1504 4113 1787 4181 στρατιᾶς,
1826 4111 1886 4162 τὸ
1927 4111 2026 4179 μὲν

447 4214 610 4279 γένος
660 4206 889 4276 Μαῦρος
925 4204 1214 4272 τυγχάνων
1241 4203 1306 4255 ἐκ
1342 4200 1594 4263 Σικελίας
1635 4200 1748 4270 (61)
1778 4201 1874 4253 καὶ
1929 4215 2025 4266 γοα

448 4304 585 4358 νέων
616 4299 999 4370 ἀσημοτάτων,
1035 4296 1160 4348 ὅθεν
1193 4293 1336 4347 κατὰ
1365 4294 1427 4344 τὸ
1461 4291 1572 4344 τῶν
1633 4291 1871 4362 Μαύρων
1905 4292 2027 4353 ἔθος

447 4390 556 4443 τῶν
608 4386 766 4440 ὢτων
819 4385 883 4438 τὸ
943 4386 1129 4453 ἕτερον
1182 4381 1517 4452 διετέτρητο,
1556 4382 1807 4452 ἐπιεικὴς
1847 4382 1905 4434 δὲ
1934 4382 2030 4434 καὶ

447 4484 554 4536 τῶν
581 4482 761 4550 νόμων
791 4477 966 4546 φύλαξ
993 4476 1337 4536 πιστότατος.
1381 4476 1480 4537 Ὃς
1507 4475 1603 4528 καὶ
1647 4475 1889 4544 ἔπαρχος
1928 4489 2028 4541 γε·

447 4573 621 4643 τονὼς
650 4571 850 4640 ἄριστα
882 4570 952 4621 τά
980 4569 1078 4637 τῆς
1108 4568 1286 4637 ἀρχῆς
1319 4568 1649 4638 διῳκήσατο.
1721 4569 2018 4640 Αύταρχή.

449 4683 546 4730 σας
600 4665 658 4716 δέ
687 4662 748 4716 ού
797 4662 978 4714 πάντα
1039 4661 1221 4723 καλῶς
1268 4659 1530 4730 ἔπραξεν.
1578 4659 1856 4723 Ἀναξίους
1919 4662 2028 4732 γὰρ

449 4758 645 4824 ἐφίστα
714 4755 838 4817 ταῖς
910 4755 1134 4824 ἀρχαῖς,
1190 4752 1220 4804 δ
1271 4753 1332 4804 τὸ
1387 4753 1646 4822 μέγιστόν
1699 4755 1820 4806 ἐστι
1863 4754 2028 4824 μέρος

447 4849 547 4916 τῆς
609 4846 896 4915 βασιλικῆς
949 4845 1271 4914 διο;κήσεως
1315 4858 1330 4874 ο
1369 4842 1466 4896 καὶ
1521 4845 1919 4916 τρυφερωτέρᾳ
1977 4847 2030 4898 ἐ-

449 4941 691 5007 χρήσαιτο
741 4936 915 5006 βιοτῇ,
951 4936 1087 4989 ἀλλά
1125 4936 1307 5004 μέντοι
1357 4939 1455 4987 καὶ
1512 4936 1861 5006 σοϐαρότητι.
1897 4939 2028 4990 Ἰου-

450 5031 538 5083 λία
600 5029 657 5081 δὲ
710 5032 742 5098 ή
812 5031 1000 5098 μήτηρ
1060 5027 1156 5080 τοῦ
1232 5027 1551 5080 ’Δντωνίνου
1608 5031 1674 5083 ὲν
1728 5029 2028 5099 Ἀντιοχείᾳ

444 5122 729 5187 διάγουσα,
764 5120 857 5171 καὶ
882 5119 972 5172 τὸν
1006 5118 1238 5172 θάνατον
1273 5116 1369 5170 τοῦ
1396 5116 1516 5169 υίοῦ
1576 5117 1850 5188 μαθοῦσα,
1887 5121 2018 5173 tau-

2130 5124 2341 5186 statuit,
2369 5141 2478 5179 non
2515 5134 2740 5194 propter
2771 5124 2969 5185 filium,
2999 5123 3095 5179 sed
3125 5125 3350 5193 privata:
3379 5125 3505 5178 vita:
3533 5133 3707 5179 metu.

443 5211 544 5277 τὴν
613 5205 1016 5276 διαχρήσασθαι
1091 5204 1355 5276 ὥρμησεν
1451 5208 1513 5258 ού
1588 5205 1678 5259 διά
1737 5206 1829 5260 τὸν
1883 5206 2019 5274 υίόν,

445 5299 582 5352 ἀλλὰ
631 5299 904 5350 δεδοικυῖα
961 5295 1095 5366 περὶ
1136 5297 1304 5366 ἑαυτῇ
1373 5296 1450 5366 μὴ
1499 5295 1806 5367 ίδιωτεύσῃ.
1869 5298 2022 5351 Ἐπεὶ

442 5393 499 5445 δὲ
529 5393 684 5445 οὐδὲν
737 5388 1002 5461 ἠλλοίωτο
1031 5389 1144 5444 τῶν
1189 5388 1322 5458 περὶ
1370 5389 1565 5460 αὐτὴν,
1620 5389 1758 5444 ἀλλά
1783 5389 1880 5442 καὶ
1922 5389 2023 5458 τὴν

2132 5213 2239 5269 Sed
2271 5229 2396 5269 cum
2441 5229 2530 5268 res
2561 5216 2684 5286 ejus
2717 5230 2824 5269 non
2875 5215 3330 5279 immutarentur,
3382 5211 3708 5269 ministeriis

2130 5314 2189 5360 et
2239 5305 2574 5360 satellitibus
2626 5307 2879 5371 retentis,
2936 5307 2990 5360 in
3049 5305 3162 5360 vita
3213 5320 3437 5362 manere
3488 5305 3705 5360 maluit.

2127 5394 2292 5466 615
2347 5396 2478 5450 Post
2527 5411 2651 5451 cum
2710 5395 2983 5452 Macrinus
3039 5397 3362 5464 audivisset,
3413 5410 3537 5452 eam
3597 5395 3705 5451 sib'

1638 5530 1843 5594 Varia)
1888 5529 2195 5594 lectiones
2229 5538 2290 5595 et
2316 5539 2506 5596 notce.

517 5677 628 5750 (61)
663 5677 902 5750 Μαῦρος
952 5677 1268 5749 τυγχάνων
1331 5679 1402 5732 ἐκ
1456 5678 1759 5744 Σικελίας.
1815 5677 1894 5750 Ita
1957 5676 2012 5732 in

486 5749 774 5803 uibusdam
836 5749 1027 5819 Dionis
1083 5750 1368 5819 Excerptis
1415 5764 1546 5804 mss.
1609 5750 1714 5816 legi
1787 5749 2015 5803 adnotat

489 5819 824 5874 asaubonus.
856 5817 1176 5889 Xiphilinus
1208 5817 1318 5873 ἀπὸ
1382 5820 1636 5884 Σικελίας
1665 5821 2010 5889 Καισαρείας

2120 5675 2495 5756 bamb/Vide
2519 5681 2900 5756 conjecturam
2957 5683 3208 5756 ejusdem
3268 5683 3582 5743 Casauboni
3633 5685 3702 5743 ad

2121 5747 2424 5804 Macrin’um
2456 5747 2776 5819 Capitolini.
2987 5747 3004 5756 ⁷
3030 5753 3048 5762 ”
3154 5762 3156 5764 ’
