4048 6442
395 494 541 561 ιθιι

1633 489 2037 553 ANNALIUM
2077 487 2224 549 LIB.
2265 487 2347 547 Χῐ
2361 488 2408 547 ῐ.

3515 473 3663 539 1042

398 613 643 684 ᾐσχύνθη
677 610 832 665 τοῦτο
860 615 924 682 τῇ
959 610 1123 682 βουλῇ
1152 610 1388 680 γράψαι.
1421 609 1662 671 Ἐκεῖνος
1692 608 1748 661 δὲ
1784 607 1972 678 ἠνδρί-

2089 601 2296 671 puduit.
2327 600 2537 669 Agebat
2587 605 2771 652 autem
2806 605 2862 650 ct
2916 593 3095 648 virum
3138 602 3194 646 et
3242 590 3553 654 mulierem.
3595 600 3656 648 ct

356 757 368 789 Ξ
401 705 526 768 ζετό
555 721 616 757 τε
646 705 740 757 καὶ
775 693 1090 773 ἐθηλύνετο,
1121 703 1216 755 καὶ
1245 701 1379 773 ἔδρα
1426 701 1517 754 καὶ
1548 700 1789 769 ἔπασχεν
1845 699 1975 752 ὲκά-

399 813 539 865 τερα
571 796 972 863 ἀσελγέστατα.
1005 793 1116 848 Kal
1143 795 1206 848 οὐ
1234 794 1363 856 τοὺς
1387 792 1582 856 ἄλλους
1624 792 1833 846 ἔκτεινε
1881 791 1975 859 μό-

402 902 518 948 νον,
545 885 682 939 ἀλλά
703 885 800 939 καὶ
822 884 930 937 τῶν
964 884 1108 938 πάνυ
1141 883 1415 953 φιλτάτων
1454 881 1628 946 τινὰς,
1665 881 1713 935 οἳ
1763 879 1976 950 σωφρό·

401 994 512 1040 νως
546 977 713 1030 αὑτὸν
748 976 1036 1047 παρῄνουν
1071 974 1244 1046 βιοῦν.
1278 974 1391 1029 Καὶ
1417 972 1540 1026 θεδν
1568 973 1628 1026 δέ
1657 989 1783 1026 τινα
1837 970 1979 1036 ξενι-

401 1069 497 1119 κὸν
519 1069 599 1130 εἰς
627 1068 725 1138 τὴν
762 1066 982 1137 Ῥώμην
1006 1067 1358 1138 εἰσήνεγκεν,
1425 1062 1835 1128 Ἐλεαγάσαλον
1881 1078 1975 1116 κα-

400 1158 686 1228 λούμενον,
723 1159 818 1213 καὶ
867 1159 963 1213 τοῦ
1012 1159 1137 1222 Διὸς
1199 1158 1370 1212 αὑτὸν
1414 1157 1807 1228 προετίμησεν,
1851 1153 1975 1209 ὅθεν

402 1251 658 1312 κάκεῖνος
694 1247 1058 1319 ἐπωνομάσθη
1134 1247 1554 1317 Ἐλεαγάόαλος.
1620 1244 1973 1315 Περιετμὴθη

402 1359 462 1393 τε
495 1341 558 1394 τὸ
590 1340 812 1402 αἰδοῖον,
868 1341 963 1394 καὶ
1018 1340 1197 1410 κρεῶν
1243 1341 1497 1410 χοιρείων
1549 1338 1829 1408 ἀπείχετο,
1880 1335 1976 1388 καὶ

401 1432 607 1499 ἐσθῆτα
638 1431 984 1503 βαρϐαρικὴν
1010 1431 1353 1502 δημοσιεύων
1396 1429 1727 1499 ἠμπίσχετο,
1784 1428 1875 1497 ο“ᾳ
1925 1426 1973 1478 οἱ

400 1520 725 1594 τῶνΣύρων
781 1523 1083 1593 κέχρηνται
1135 1524 1323 1591 ἱερεῖς,
1369 1520 1493 1574 ὅθεν
1549 1518 1639 1571 καὶ
1693 1515 1973 1587 ἐπεκλήθη

415 1615 725 1686 Ἀσσύριος.
764 1617 981 1685 Ἔγημε
1007 1614 1062 1667 δὲ
1083 1614 1220 1683 πρὸς
1259 1614 1383 1674 ταῖς
1439 1610 1629 1672 ἄλλαις
1676 1608 1773 1662 καὶ
1818 1609 1977 1677 ἱερω-

404 1709 579 1775 μένην
611 1710 677 1777 τῇ
718 1707 906 1779 Ἑστίᾳ
930 1705 1231 1776 παρθένον,
1262 1703 1539 1774 ἀσεϐήσας
1578 1703 1707 1772 περὶ
1745 1703 1813 1754 τὰ
1869 1701 1977 1752 πά-

401 1814 533 1866 τρια
561 1797 948 1851 ἀναιδέστατα.
982 1796 1093 1851 Καὶ
1117 1795 1270 1862 ἔλεγε
1299 1793 1388 1846 διὰ
1443 1792 1603 1846 τοῦτο
1659 1790 1838 1861 γῆμαι
1880 1788 1977 1861 τὴν

2078 703 2312 763 utraque
2365 702 2422 746 et
2472 691 2706 746 faciebat
2735 696 2793 744 et
2824 686 3137 758 patiebatur
3165 682 3649 754 impudicissime:

2076 800 2181 840 nec
2208 785 2349 838 alios
2367 784 2653 845 duntaxat,
2692 780 2787 836 sed
2828 794 2898 833 ex
2950 774 3306 832 amicissimis
3358 773 3655 830 nonnullos

2075 876 2142 931 ad
2174 876 2302 930 vitte
2328 873 2657 929 modestiam
2700 870 3085 929 adhortantes.
3131 864 3446 920 occidebat.
3482 864 3654 919 Pere-

2075 974 2295 1039 grinum
2357 965 2652 1037 quemdam
2703 963 2867 1016 deum
2917 956 3372 1029 Hcleagabalum,
3422 954 3653 1010 Romam

2077 1060 2474 1123 introductum,
2506 1055 2624 1112 Jovi
2653 1054 2863 1125 optimo
2908 1051 3146 1105 maximo
3174 1046 3417 1117 praetulit
3447 1062 3462 1099 :
3508 1044 3657 1102 unde

2077 1150 2179 1220 ipsi
2235 1165 2456 1220 quoque
2508 1152 2933 1218 cognomentum
3009 1139 3357 1211 Heleagabali
3418 1137 3652 1193 factum.

2077 1242 2334 1297 Pudentla
2357 1256 2454 1296 sua
2474 1236 2843 1302 circumcidit,
2862 1234 3040 1290 suillis
3063 1230 3329 1289 carnibus
3350 1228 3653 1284 abstinuit:

2076 1340 2227 1387 veste
2268 1330 2554 1387 barbarica
2590 1329 2644 1383 in
2680 1328 2960 1398 publicum
2998 1322 3229 1394 prodiit,
3260 1320 3410 1393 quali
3442 1319 3655 1393 Syriaci

2077 1423 2393 1479 sacerdotes
2422 1430 2678 1486 utuntur,
2728 1419 2874 1474 unde
2901 1415 3162 1488 Assyrius
3197 1412 3507 1484 appellatus
3547 1418 3655 1468 est.
3706 1449 3718 1460 .

2077 1515 2281 1569 Praeter
2307 1523 2534 1569 caeteras
2566 1511 2838 1582 virginem
2888 1507 3151 1563 vestafem
3193 1520 3423 1560 umrem
3473 1504 3656 1568 duxit,

2077 1607 2252 1677 patria
2280 1605 2542 1676 religione
2570 1618 2666 1673 per
2693 1614 2959 1656 summam
2986 1595 3382 1667 impudentiam
3408 1595 3611 1651 violata
3639 1615 3654 1652 :

2078 1715 2242 1769 quam
2275 1698 2401 1753 ideo
2433 1712 2489 1751 se
2526 1693 2810 1764 accepisse
2846 1689 3082 1755 ferebat,
3120 1697 3184 1743 ut
3233 1704 3299 1745 ex
3351 1686 3668 1745 saerillcula'

2079 1796 2134 1841 et
2168 1802 2227 1841 se
2262 1784 2580 1841 sacrificulo
2612 1781 2979 1854 lleliogabali.
3031 1778 3190 1851 pueri
3247 1777 3423 1834 divini
3464 1778 3659 1849 gigne-

403 1891 504 1958 τῆς
552 1889 769 1952 Ἑστίας
805 1890 1034 1959 ἱέρειαν,
1069 1887 1138 1943 ἶν’
1168 1888 1228 1953 ἐξ
1258 1886 1470 1940 ἐκείνου
1497 1884 1800 1956 ἀρχιερέως
1828 1884 1979 1947 ὄντος

2089 1887 2295 1932 rentur.
2347 1877 2538 1946 Neque
2594 1889 2726 1929 vero
2786 1871 3109 1928 barbaricas
3165 1870 3435 1927 duntaxat
3486 1872 3665 1929 canti-

401 1952 499 2032 τοῦ
535 1952 930 2047 Ἐλεογαὸἀλόυ
960 1952 1055 2032 καὶ
1079 1976 1183 2047 τῆς
1220 1976 1432 2046 ἱερείας
1462 1952 1733 2043 γένωνται
1793 1971 1981 2035 παῖδες

2089 1968 2259 2027 lenas.
2295 1982 2421 2021 cum
2456 1972 2633 2020 matre
2658 1972 2714 2020 et
2746 1964 2867 2018 avia
2895 1962 3189 2035 peregrino
3232 1962 3338 2018 deo
3377 1963 3660 2029 cantabat,

403 2071 760 2142 θεοπρεπεῖς.
792 2070 906 2125 Kal
925 2069 987 2123 οὐ
1025 2071 1191 2140 μόνον
1220 2068 1566 2139 βαρϐαρικὰς
1594 2066 1738 2137 ᾠδὰς
1769 2065 1887 2133 ἅμα
1915 2065 1981 2135 τῇ

409 2162 581 2231 μητρὶ
612 2160 708 2213 καὶ
748 2162 815 2230 τῇ
861 2160 1004 2230 τήθῃ
1061 2157 1140 2228 τῷ
1188 2158 1326 2228 ξένῳ
1375 2155 1485 2225 θεῷ
1513 2154 1679 2210 αὑτοῦ
1716 2149 1838 2228 ⁴ᾖδε,
1889 2155 1985 2209 καὶ

403 2250 754 2320 ἀπορῤύτους
787 2249 1032 2319 προσῆγε
1059 2247 1276 2310 θυσίας,
1301 2247 1500 2310 παῖδας
1538 2244 1860 2315 σφαγιάξων
1886 2242 1983 2298 καὶ

406 2339 755 2408 γοητεύμασι
772 2339 1085 2409 χρώμενος,
1116 2340 1214 2393 καὶ
1240 2339 1570 2409 περιάπτοις
1602 2336 1817 2406 μυρίοις
1848 2334 1979 2389 ἐκά-

407 2447 586 2490 ato-.5,
612 2429 749 2483 ἀλλά
781 2430 876 2483 καὶ
898 2431 1134 2498 γυναῖκα
1162 2429 1240 2497 τῷ
1264 2429 1359 2500 θεᾷ
1398 2429 1565 2482 αὑτοῦ
1595 2428 1791 2495 ἐκείνῳ
1820 2426 1986 2496 ἐμνή-

407 2534 634 2573 στευσεν
670 2520 750 2583 ὡς
785 2521 881 2573 καὶ
905 2520 1115 2574 παίδων
1143 2521 1410 2591 δεομένῳ,
1460 2520 1557 2574 καὶ
1601 2520 1698 2590 τὴν
1748 2520 1987 2586 γυναῖκα

409 2614 467 2673 ἐς
496 2612 555 2663 τὸ
575 2611 847 2664 παλᾶτιον
880 2610 1268 2680 καθιδρύσατο,
1301 2612 1402 2664 καὶ
1422 2611 1548 2663 ἕδνα
1579 2611 1717 2679 αὐτῇ
1757 2610 1823 2661 ὲκ
1875 2609 1985 2663 τῶν

408 2701 674 2767 ὑπηκόων
711 2702 1008 2771 ἐπράξατο,
1038 2701 1202 2765 αὐτὸς
1227 2704 1281 2756 δὲ
1320 2702 1716 2770 ’ἀσελγέστατα
1764 2702 1980 2756 διεϐίω.

421 2792 562 2845 Ἀλλ’
588 2793 820 2845 ἕκαστον
847 2792 956 2845 τῶν
1006 2793 1221 2846 ἐκείνου
1278 2794 1664 2864 καταριθμεῖν,
1724 2794 1819 2846 καὶ
1869 2795 1986 2855 τοῖς

409 2885 633 2950 λέγουσι
672 2884 903 2946 καὶτοῖς
951 2883 1246 2937 ἀκούουσιν
1286 2884 1642 2952 ἀηδέστατον·
1677 2882 1917 2954 εἰρήσθω
1940 2882 1984 2936 δ’

409 2973 570 3041 ὀλίγα
593 2973 733 3027 τινά.
777 2973 868 3035 Ἐς
903 2973 1178 3043 καπηλεῖα
1207 2978 1403 3037 νυκτὸς
1445 2973 1638 3046 εἰσῄει,
1664 2975 1840 3044 κόμας
1890 2992 1986 3028 πε-

415 3066 665 3136 ριάπτων
682 3068 750 3135 τῇ
769 3065 1006 3137 κεφαλῇ,
1030 3066 1128 3118 καὶ
1153 3067 1273 3128 ταῖς
1306 3067 1569 3135 καπηλίσι
1595 3064 1988 3137 συνεξητάξετό

411 3154 594 3207 τεκαὶ
626 3153 1038 3224 συνειργάζετο.
1099 3155 1210 3207 Kal
1263 3153 1345 3217 είς
1398 3156 1466 3208 τὰ
1515 3154 1820 3225 περιϐόητα
1879 3155 1988 3208 τῶν

2075 2050 2140 2113 et
2189 2055 2452 2112 nefandas
2503 2054 2714 2111 hostias
2776 2052 3121 2119 immolabat,
3181 2068 3386 2122 pueros
3452 2054 3667 2109 sacrifi-

2082 2149 2263 2204 cando
2291 2156 2347 2202 et
2382 2147 2678 2218 prmetigiis
2722 2143 2957 2210 utendo,
3006 2152 3064 2199 et
3115 2154 3377 2201 sexcenta
3423 2147 3665 2202 amuleta

2084 2241 2318 2296 subinde
2359 2238 2763 2311 appendendo;
2816 2238 2914 2295 sed
2945 2253 3174 2295 uxorem
3217 2238 3384 2295 etiam
3429 2239 3536 2296 deo
3585 2239 3668 2296 illi

2084 2349 2186 2388 suo
2217 2341 2477 2402 tanquam
2505 2331 2699 2387 liberis
2723 2331 2907 2402 egenti
2937 2330 3255 2400 despondit,
3290 2347 3453 2402 quam
3481 2333 3537 2387 in
3568 2347 3667 2404 pa-

2084 2425 2217 2480 latio
2266 2423 2579 2491 collocavit,
2643 2423 2773 2480 dote
2822 2440 2855 2479 a
2915 2422 3157 2481 subditis
3208 2433 3424 2480 exacta.
3486 2425 3667 2497 ipsius

2085 2531 2221 2571 vero
2278 2524 2387 2570 tam
2449 2523 2712 2587 corrupta
2761 2514 2867 2569 fuit
2919 2515 3056 2580 vita,
3107 2523 3169 2571 ut
3223 2515 3438 2587 singula
3484 2532 3669 2588 neque

2087 2604 2515 2661 commemorari
2537 2620 2719 2674 neque
2754 2604 2934 2660 audiri
2981 2605 3102 2661 sine
3148 2605 3404 2663 molestia
3451 2621 3666 2662 summa

2084 2698 2319 2768 possint.
2383 2699 2558 2753 Pauca
2619 2708 2799 2753 tamen
2848 2696 3241 2754 delibabimus.
3296 2698 3476 2754 Noctu
3536 2713 3672 2754 cau-

2086 2805 2259 2860 ponas
2288 2788 2724 2860 ingrediebatur,
2763 2789 2945 2859 capite
2976 2789 3295 2860 apposititia
3325 2805 3482 2846 coma
3514 2791 3666 2847 redi-

2085 2882 2222 2936 mito
2256 2899 2270 2935 :
2314 2892 2372 2938 et
2405 2881 2552 2936 inter
2599 2882 2901 2952 cauponias
2936 2880 3316 2945 mulierculas,
3346 2897 3543 2951 cperas
3583 2883 3667 2939 fa-

2087 2974 2292 3036 ciebat,
2349 2972 2671 3044 famosaque
2740 2973 3053 3044 prostibula
3094 2972 3491 3045 frequentabat
3537 2991 3552 3030 :
3610 2985 3670 3029 et

2087 3065 2458 3122 meretriculis
2487 3065 2754 3135 expulsis,
2788 3080 2893 3136 pro
2924 3065 3218 3121 meretrice
3266 3065 3553 3137 quibusvis
3582 3065 3670 3121 sui

2090 3157 2306 3227 copiam
2377 3156 2634 3211 faciebat.
2696 3157 2757 3211 In
2825 3155 3028 3226 palatio
3093 3172 3315 3228 quoque
3389 3157 3670 3225 peculiare

413 3242 687 3314 πορνείων
712 3242 926 3311 ἐφοίτα,
955 3243 1053 3296 καὶ
1082 3245 1182 3307 τὰς
1219 3244 1445 3313 ἑταίρας
1485 3243 1791 3309 ἐξελαύνων
1822 3246 1987 3316 excp-

2090 3248 2351 3303 conclave
2399 3247 2617 3311 habuit,
2664 3249 2824 3317 cujus
2864 3262 2969 3318 pro
3010 3246 3227 3303 foribus
3272 3247 3447 3302 instar
3488 3264 3669 3304 merc-

413 3351 563 3388 νευε.
608 3334 721 3386 Kal
746 3336 804 3385 ἐν
828 3334 908 3402 τῷ
935 3335 1189 3404 παλατίῳ
1224 3334 1435 3404 οῐκημά
1476 3352 1528 3388 τι
1562 3336 1866 3402 ἀποτάξας,
1888 3353 1991 3405 γυ-

417 3426 550 3494 μνός
575 3441 634 3476 τε
664 3425 758 3477 ἐπὶ
779 3425 878 3488 τὰς
905 3424 1078 3495 θύρας
1098 3427 1292 3479 τούτου
1326 3427 1502 3490 ἑστὼς
1549 3428 1626 3491 ὡς
1674 3431 1732 3482 al
1772 3429 1990 3498 πόρναι,

418 3515 595 3568 καὶτὸ
632 3516 897 3570 σινδόνιον
926 3518 1238 3589 γυναικώδη
1291 3521 1386 3573 καὶ
1450 3519 1600 3591 ἀὸρᾷ
1643 3520 1738 3574 καὶ
1793 3521 1994 3576 κεκλα-

418 3607 595 3679 σμένῃ
626 3611 779 3680 φωνῇ
811 3610 941 3674 τοὺς
970 3611 1270 3682 παριόντας
1307 3611 1794 3684 προσηταιρίζετο,
1851 3615 1990 3685 χρή-

418 3700 568 3769 ματά
600 3716 660 3752 τε
688 3700 947 3770 συνέλεγε
978 3700 1108 3774 παρ’
1139 3701 1338 3757 αὐτῶν.
1378 3704 1489 3756 Kal
1526 3704 1665 3775 πρὸς
1684 3705 1812 3767 τοὺς
1858 3721 1992 3756 συν⁹

416 3792 866 3862 ἀσχημονοῦντας
957 3794 1109 3865 αύτῷ
1163 3794 1469 3866 διεφέρετο,
1530 3795 1750 3858 πλείους
1813 3796 1994 3850 αὐτῶν

415 3888 658 3956 ἐραστὰς
674 3886 821 3958 ἔχειν
853 3887 1059 3958 αύχῶν,
1099 3889 1195 3942 καὶ
1248 3887 1453 3958 μᾶλλον
1481 3887 1668 3942 αὐτῶν
1705 3887 1996 3960 ἀργυρίζες

418 3979 567 4033 σθαι.
592 3979 701 4031 Καὶ
730 3979 831 4047 οὐχ
884 3977 1028 4031 οὕτω
1061 3977 1224 4048 μόνον
1270 3977 1618 4047 ἠσέλγαινεν,
1677 3978 2018 4049 ί,ρματηλά-.

417 4083 500 4118 τει
530 4083 589 4117 τε
616 4068 710 4118 καὶ
746 4065 1002 4135 ὠρχεῖτο,
1028 4066 1163 4119 ἀλλά
1183 4067 1279 4118 καὶ
1300 4066 1471 4136 ἄνδρα
1502 4069 1652 4136 σχεῖν
1674 4066 1867 4136 ἤθελεν
1898 4066 1995 4120 ἕνα

417 4155 607 4226 ὥσπερ
648 4157 898 4225 γαμέτην
928 4157 992 4226 δή
1025 4174 1150 4211 τινα
1184 4158 1442 4226 νόμιμον,
1473 4158 1569 4210 καὶ
1605 4159 1861 4228 Καίσαρα
1894 4160 1996 4213 αύ-

418 4246 511 4299 τόν
542 4246 795 4299 ἐϐούλετο
820 4247 1307 4318 προχειρίσασθαι,
1368 4248 1465 4301 καὶ
1489 4248 1748 4302 δέσποινα
1766 4250 1863 4303 καὶ
1898 4248 1996 4320 βα-

422 4341 565 4402 σιλὶς
596 4337 939 4410 ὠνομάζετο,
960 4342 1057 4393 καὶ
1082 4340 1275 4412 ἐφόρει
1313 4340 1691 4411 κεκρύφαλον,
1744 4343 1841 4396 καὶ
1886 4345 1998 4413 ἐρι-

418 4429 634 4501 ούργει,
659 4431 752 4483 καὶ
779 4432 905 4493 τοὺς
936 4429 1255 4503 ὀφθαλμοὺς
1297 4431 1669 4502 ὑπεγράφετο.
1725 4435 1910 4506 ’Λιπαξ
1936 4453 1995 4490 τι

416 4524 478 4576 τὸ
502 4523 712 4592 γένειον
740 4525 1048 4596 ἀποκείρας
1078 4525 1379 4597 μετέπειτα
1418 4526 1717 4596 tamtam,
1779 4528 1868 4582 ἵνα
1911 4528 1996 4582 60-

2094 3339 2421 3405 trieylarum
2472 3338 2659 3395 nudus
2715 3347 2887 3406 stans,
2945 3348 3003 3395 et
3056 3337 3370 3395 flammeum
3421 3339 3670 3404 vibrans,

2091 3431 2428 3498 effeminata,
2481 3430 2672 3497 molli,
2738 3431 3025 3502 fractaque
3079 3446 3215 3486 voce
3270 3441 3676 3502 pnetereuntes

2090 3521 2254 3592 617
2281 3519 2350 3575 ad
2383 3520 2592 3576 coitum
2627 3519 2914 3586 invitabat,
2940 3530 2996 3576 et
3023 3521 3313 3591 pecuniam
3343 3523 3413 3577 ab
3442 3522 3525 3579 eis
3551 3526 3674 3579 exi-

2094 3612 2277 3682 gebat.
2313 3610 2450 3667 Cum
2485 3612 2736 3683 ejusdem
2762 3625 2894 3668 vero
2923 3621 3170 3683 qnazstus
3199 3612 3414 3669 aemulis
3446 3614 3669 3668 rixaba-

2099 3712 2209 3767 tur,
2241 3712 2299 3758 et
2345 3717 2405 3758 se
2458 3702 2651 3772 plures
2701 3718 2865 3774 quam
2927 3703 3049 3759 illos
3108 3716 3385 3761 amatores
3443 3706 3678 3775 habere,

2095 3795 2470 3864 maioremque
2497 3795 2785 3864 pecuniam
2807 3795 3065 3866 colligere
3089 3797 3450 3869 gloriabatur.
3481 3798 3678 3868 Neque

2096 3887 2179 3940 bis
2207 3885 2429 3956 ﬂagitiis
2462 3895 2782 3952 contentus,
2818 3885 3129 3956 aurigabat,
3173 3888 3428 3953 saltabat,
3466 3889 3675 3943 nubere

2093 3977 2260 4032 etiam
2292 3976 2533 4044 volebat,
2562 3984 2625 4030 ut
2671 3991 2840 4031 unum
2872 3976 3179 4047 legitimum
3210 3979 3469 4034 maritum
3499 3979 3675 4035 babe-

2097 4075 2199 4128 ret,
2231 4081 2393 4135 quem
2426 4063 2697 4121 Caesarem
2727 4066 3043 4136 designaret
3076 4085 3089 4120 :
3121 4083 3185 4122 ac
3220 4067 3458 4124 domina:
3479 4078 3535 4125 et
3564 4069 3675 4123 im-

2097 4157 2389 4226 peratricis
2421 4160 2647 4213 nomine
2694 4158 2990 4230 gaudebat,
3043 4160 3372 4215 calanticam
3428 4172 3670 4233 gestans,

2095 4257 2155 4303 et
2178 4247 2358 4303 lanam
2389 4258 2651 4315 tractans,
2678 4257 2735 4305 et
2764 4263 2934 4321 genas
2960 4249 3211 4321 pingens.
3243 4248 3424 4308 Semel
3453 4269 3675 4325 quoque

2097 4340 2326 4395 barbam
2360 4340 2587 4406 abrasit,
2618 4349 2680 4397 ut
2708 4340 2897 4413 glabra
2931 4350 2989 4396 et
3022 4341 3143 4397 laevi
3176 4340 3315 4397 facie
3349 4342 3676 4400 muliercula

2098 4433 2407 4500 videretur,
2433 4433 2592 4504 cujus
2637 4432 2974 4489 mulierculae
3002 4434 3237 4489 maritus
3268 4442 3388 4490 erat
3415 4434 3673 4491 Caricum

2100 4524 2460 4595 mancipium,
2494 4525 2720 4580 nomine
2750 4525 3055 4581 Hierocles.
3107 4525 3297 4582 Voluit
3322 4534 3379 4581 et
3413 4526 3677 4582 adulterii

418 4615 543 4684 κοίη
584 4615 748 4686 γυνή.
790 4614 856 4668 ὐ
880 4614 937 4668 δὲ
966 4614 1106 4686 ἀνὴρ
1135 4616 1308 4686 αὐτῆς
1337 4619 1585 4689 Καρικὸν
1619 4613 1689 4688 ἦν
1721 4618 1988 4690 ἀνδράπο-

2099 4625 2387 4687 suspectus
2406 4631 2551 4674 esse.
2577 4627 2640 4672 ut
2658 4616 3027 4685 nequissimae
3047 4616 3286 4673 feminas
3316 4617 3629 4674 imitaretur
3658 4637 3674 4674 :

417 4704 531 4769 δον,
567 4706 817 4760 ἐκαλεῖτο
845 4705 895 4759 δ’
938 4705 1237 4778 Ἱεροκλῆς.
1285 4707 1482 4761 Ἤθελε
1517 4709 1698 4763 δοκεῖν
1735 4710 1832 4763 καὶ
1878 4728 1997 4778 μοι·

420 4795 700 4865 χεύεσθαι,
751 4796 838 4850 ῐνα
866 4798 966 4861 τὰς
993 4797 1400 4867 ἀσελγεστάτας
1438 4801 1680 4872 μιμῆται
1724 4801 1836 4855 τῶν
1898 4819 1998 4871 γυ·

418 4886 644 4939 ναικῶν.
675 4889 783 4941 Kal
812 4887 1192 4961 ὲπαυτοφὼρῳ
1231 4890 1504 4955 ἑκουσίως
1563 4892 1843 4963 ἡλίσκετο,
1900 4893 1998 4946 καὶ

419 4977 749 5050 ἐλοιδορεῖτο
781 4981 919 5053 πρὸς
942 4980 1038 5034 τοῦ
1067 4982 1286 5052 ἀνδρὸς,
1317 4984 1619 5055 ὲπλήττετό
1656 5003 1716 5038 τε
1750 4985 1995 5040 ὑπώπια.

418 5070 531 5123 Καί
569 5087 652 5133 τις
683 5069 729 5124 δ’
756 5071 1029 5141 Αὐρήλιος
1064 5073 1228 5137 καλὸς
1279 5075 1379 5144 μὲν
1435 5077 1530 5129 καὶ
1559 5078 1669 5130 πᾶν
1721 5078 1781 5131 τὸ
1812 5077 1994 5147 σῶμα,

418 5161 490 5215 τὰ
523 5161 572 5213 δ’
603 5161 781 5215 αίδοῐα
814 5163 1000 5232 φέρων
1039 5165 1395 5237 ὑπερμεγέθη
1427 5168 1674 5238 ἐμηνύθη
1702 5168 1875 5239 αὐτῷ,
1899 5170 1997 5222 καὶ

417 5253 618 5307 αὐτίκα
642 5253 746 5307 ὑπὸ
771 5258 966 5327 πομπῇ
997 5257 1412 5327 μεγαλοπρεπεῖ
1435 5260 1739 5331 προσήχθη,
1757 5255 1802 5329 ᾧ
1824 5277 1999 5331 προσ-

419 5343 650 5410 ειπόντι,
700 5344 901 5413 Xana,
961 5348 1133 5415 κύριε
1178 5350 1580 5419 αὐτοκράτωρ,
1637 5352 1846 5415 ὲκείνος
1874 5352 1995 5423 θρύ-

416 5436 511 5507 ψει
542 5436 874 5504 γυναικώδει
903 5436 996 5490 τὸν
1027 5438 1239 5507 αὐχένα
1287 5438 1688 5509 παρεγκλίνας,
1732 5439 1830 5493 καὶ
1872 5443 1998 5494 ἐπι-ο

423 5528 602 5598 μύσας
638 5527 814 5599 βραχύ
840 5545 894 5582 τι
927 5528 996 5580 τὰ
1019 5528 1266 5611 ὄμματα,
1304 5528 1398 5596 Μή
1445 5546 1526 5597 με
1575 5528 1719 5599 λέγε
1760 5532 1994 5600 κύριον,

421 5619 549 5691 ἔφη,
580 5619 694 5689 ἐγὼ
722 5621 833 5689 τὰρ
862 5619 1042 5689 κυρία
1063 5619 1206 5690 ειμι.
1252 5622 1407 5674 Ἐπεὶ
1435 5622 1494 5675 δὲ
1560 5622 1997 5694 συλλουσάμενος

420 5711 595 5784 αὐτῷ,
619 5706 746 5783 εὗρε
779 5710 880 5781 τὴν
916 5713 1107 5783 φήμην
1136 5713 1198 5765 οὐ
1221 5710 1598 5785 ψευσαμένην,
1656 5713 1716 5767 έν
1773 5731 1833 5769 τε
1883 5716 1996 5780 τοῖς

425 5806 672 5875 στέρνοις
712 5801 879 5858 αὑτοῦ
909 5802 1229 5874 κατεκλίθη,
1259 5804 1355 5858 καὶ
1398 5807 1458 5858 ὲν
1515 5808 1630 5869 τοῖς
1661 5805 1887 5871 κόλποις
1913 5807 1996 5870 ὡς

419 5895 676 5966 ἐρωμένη
750 5886 1057 5964 ἐδείπνησε.
1115 5893 1309 5961 Δείσας
1345 5889 1442 5950 οὖν
1484 5896 1515 5950 δ
1579 5894 1852 5972 Ἱεροκλῆς
1914 5899 1990 5969 μὴ

2097 4716 2153 4763 ct
2187 4710 2239 4763 in
2269 4708 2391 4778 ipso
2419 4719 2613 4779 stupro
2650 4707 2719 4763 de
2754 4706 3028 4763 industria
3053 4708 3457 4779 deprehensus,
3497 4724 3528 4764 a
3559 4725 3677 4764 ma-

2099 4801 2206 4855 rito
2255 4800 2653 4872 objurgabatur
2705 4809 2763 4855 et
2815 4800 3132 4871 vapulabat,
3186 4810 3248 4856 ut
3300 4802 3476 4858 livore
3529 4803 3677 4859 oculi

2099 4891 2580 4947 sutiunderentur.
2642 4890 2931 4948 Aurelium
2986 4892 3322 4962 quemdam,
3376 4908 3502 4948 cum
3562 4903 3680 4952 toto

2098 4994 2334 5050 corpore
2361 4980 2691 5051 elegantem,
2728 4989 2845 5035 tum
2877 4981 3157 5050 pudendis
3191 4982 3507 5051 ingentibus
3533 4998 3678 5052 pra:-

2098 5071 2297 5136 ditum,
2327 5072 2595 5127 comitatu
2622 5070 2916 5143 magnifico
2949 5072 3136 5127 statim
3188 5073 3579 5129 adducendum
3606 5074 3678 5129 ad

2099 5179 2157 5219 se
2183 5164 2437 5230 curavit;
2474 5162 2570 5234 qui
2601 5178 2728 5218 cum
2778 5162 2835 5218 ei
2889 5161 3122 5218 dixisset
3151 5180 3165 5217 :
3199 5161 3396 5230 Salve,
3457 5163 3675 5219 domine

2098 5258 2411 5325 imperator,
2448 5254 2540 5309 ille
2570 5254 2831 5311 muliebri
2860 5254 3092 5310 mollitie
3133 5256 3277 5311 collo
3304 5256 3595 5325 inclinato,
3618 5266 3679 5315 et

2099 5346 2278 5400 oculis
2308 5344 2563 5400 nonnihil
2612 5343 3042 5400 conniventibus
3074 5363 3088 5398 :
3117 5343 3211 5399 Ne'
3248 5362 3332 5400 me
3378 5346 3676 5414 dominum,

2099 5438 2302 5509 inquit,
2330 5438 2550 5501 diaetis,
2580 5436 2800 5491 domina
2836 5439 2976 5491 enim
3010 5453 3150 5491 sum.
3179 5436 3316 5493 Cum
3346 5447 3533 5495 autem
3564 5455 3675 5496 una

2099 5547 2224 5586 cum
2255 5544 2324 5585 eo
2352 5529 2502 5585 lotus
2534 5528 2737 5584 famam
2767 5542 2881 5583 non
2914 5529 3140 5585 mentiri
3193 5530 3582 5601 comperisset,
3618 5532 3677 5589 in

2099 5630 2326 5691 pectore
2354 5619 2476 5689 ejus
2505 5615 2784 5683 recubuit,
2812 5626 2870 5672 et
2903 5616 2957 5671 in
2991 5616 3115 5672 sinu
3146 5617 3267 5688 ejus
3297 5618 3559 5685 manavit,
3585 5617 3678 5674 in-

2101 5722 2219 5767 star
2248 5711 2460 5765 amicae.
2499 5709 2727 5765 Veritus
2752 5708 2921 5780 igitur
2969 5708 3277 5774 Hierocles,
3322 5724 3393 5765 ne
3424 5725 3536 5781 pra:
3562 5712 3674 5766 Au-

2101 5804 2240 5858 relio
2272 5801 2671 5873 negligeretur,
2726 5815 2868 5855 enm-
2900 5800 3196 5873 praestigiis
3247 5810 3342 5856 aut
3394 5800 3678 5858 veneﬁciis

2101 5893 2431 5967 quibusdam
2465 5892 2803 5949 elleminavit
2830 5899 2885 5949 et
2915 5891 3212 5963 stupefecit
3271 5901 3333 5949 ut
3362 5906 3464 5963 per
3496 5903 3667 5949 totam
