4048 6410
401 331 540 399 1013

1661 350 1988 414 JOANNIS
2025 355 2351 419 ZONAR£

3515 365 3659 432 104$

393 457 609 503 noctem
644 449 874 521 ignavus
916 453 983 510 ad
1012 456 1222 513 coitum
1257 458 1469 530 jaceret
1506 477 1521 514 :
1552 477 1662 533 qua
1699 463 1770 520 de
1795 480 1948 521 causa

2080 467 2188 521 ὑπὸ
2219 471 2314 522 τοῦ
2352 470 2628 543 Αὐρηλίου
2667 475 3144 548 παρευδοκιμηθῇ,
3187 478 3466 548 γοητείαις
3496 484 3528 552 ἦ
3563 501 3656 535 και

390 549 448 594 et
477 539 682 610 palatio
713 552 771 599 et
804 543 980 600 Roma
1021 555 1077 601 et
1107 557 1222 607 tota
1259 551 1414 606 Italia
1450 552 1642 623 pulsus
1686 564 1791 610 est.
1823 554 1968 610 Tan-

389 630 514 687 dem
546 649 613 689 eo
645 634 887 693 lasciviae
917 638 1090 706 venit,
1125 652 1182 698 ut
1205 641 1527 713 ingentibus
1559 647 1802 716 praemiis
1832 664 1963 718 pro—

391 723 607 791 positis,
649 742 679 780 a
725 729 956 784 medicis
1012 735 1339 801 postularet,
1389 744 1451 790 ut
1517 752 1619 808 per
1669 739 1966 796 incisiones

387 814 606 870 vulvam
633 817 738 872 sibi
769 818 1033 876 facerent.
1074 823 1170 879 llis
1200 825 1269 880 de
1301 827 1491 882 causis
1532 830 1792 887 omnibus
1819 831 1965 886 invi-

388 921 484 960 sus
509 906 635 974 fuit,
664 919 724 964 ut
748 911 1172 984 Sardanapalus,
1206 917 1410 988 ﬂagitia
1441 930 1498 976 et
1529 922 1817 978 mollitiem
1845 924 1966 994 ejus

389 1010 501 1050 non
551 997 875 1072 ferentibus.
922 1003 1115 1058 Postea
1147 1006 1470 1062 Bassianum
1519 1010 1816 1067 Mammaea:
1842 1028 1964 1067 ma-

389 1094 610 1142 tertera:
649 1087 819 1144 lilium
856 1092 911 1146 in
936 1095 1146 1149 curiam
1200 1098 1501 1155 adductum
1549 1103 1854 1172 adoptavit,
1909 1114 1965 1160 et

384 1176 756 1236 Alexandrum
819 1183 1088 1253 appellari
1141 1189 1350 1259 jussit;
1412 1207 1516 1248 nec
1567 1194 1742 1249 multo
1815 1205 1960 1262 post,

385 1282 578 1325 omnes
608 1285 897 1343 suspectos
919 1277 1123 1334 habere
1147 1283 1333 1352 cmpit,
1366 1300 1604 1356 cumque
1635 1287 1712 1341 illi
1745 1287 1962 1357 pleros-

383 1375 493 1430 que
525 1361 666 1418 bene
691 1380 896 1436 cupere
935 1368 1244 1438 didicisset,
1276 1373 1407 1430 facti
1441 1376 1738 1446 peenitens,
1795 1377 1864 1434 de
1894 1393 1962 1434 eo

383 1454 707 1522 perimendo
750 1459 1032 1527 cogitavit.
1073 1463 1180 1520 Sed
1231 1481 1356 1522 cum
1395 1467 1441 1522 is
1470 1484 1501 1522 a
1535 1469 1803 1525 militibus
1831 1470 1959 1525 dili-

380 1554 575 1614 genter
613 1551 1016 1620 custodiretur,
1043 1571 1221 1628 eaque
1266 1558 1335 1614 de
1383 1574 1550 1614 causa
1598 1576 1832 1632 magnus
1871 1570 1960 1616 tu-

383 1637 589 1693 multus
620 1643 917 1698 satellitum
945 1657 1102 1703 ortus
1152 1660 1323 1714 esset,
1382 1652 1505 1721 ejus
1535 1653 1764 1707 sedandi
1794 1669 1959 1709 causa

382 1742 509 1781 cum
563 1730 883 1791 Alexandro
943 1748 1125 1795 castra
1189 1740 1498 1810 ingressus,
1558 1743 1958 1800 animadversis

2078 560 2400 630 φαρμακείᾳ
2428 563 2536 614 τινὶ
2589 561 2912 633 ἐξεθήλυνεν
2959 567 3124 619 αὐτὸν
3177 569 3272 622 καὶ
3305 569 3655 640 Ἐνάρκωσεν,

2075 647 2152 709 ὼς
2177 647 2271 701 ἐπὶ
2292 651 2476 704 πᾶσαν
2506 653 2605 718 τὴν
2631 651 2804 708 νύκτα
2829 657 3010 724 μεῖναι
3039 660 3175 727 πρὸς
3201 658 3349 726 μίξιν
3373 660 3652 729 ἀκίνητον.

2075 739 2167 793 Διὸ
2190 741 2284 794 καὶ
2320 743 2386 796 ἐκ
2413 742 2508 796 τοῦ
2542 745 2806 801 παλατίου
2826 749 3090 819 ἐξηλάθη,
3132 751 3224 804 καὶ
3278 754 3343 804 ἐκ
3381 753 3479 822 τῆς
3521 754 3642 808 Ἱδὼι

2079 847 2206 899 μης,
2243 835 2340 886 καὶ
2363 834 2429 886 ἐκ
2449 835 2548 904 τῆς
2567 837 2796 898 Ἰταλίας
2827 839 3019 910 αὐτῆς.
3056 840 3147 904 Ἐς
3162 842 3430 912 τοσαύτην
3447 843 3503 896 δέ
3531 859 3613 900 συι
3632 874 3652 882 -

2070 921 2245 994 ηλάθη
2305 926 2620 992 ἀσέλγειαν.
2647 929 2722 993 ὡς
2757 933 2856 984 καὶ
2878 933 3005 996 τοὺς
3034 935 3254 1003 ἰατροὺς
3293 935 3489 1001 ἀξιοῦν
3515 935 3656 989 αίδὼ

2071 1015 2393 1082 γυναικείαν
2419 1018 2489 1070 δι’
2519 1021 2800 1090 ἀνατομῆς
2833 1021 2985 1090 αὐτῷ
3038 1025 3492 1092 μηχανήσασθαι,
3553 1044 3656 1096 μεο

2072 1104 2276 1172 γάλους
2301 1104 2442 1177 ὑπερ
2493 1109 2685 1162 τοὺτου
2720 1110 2950 1179 μισθοὺς
2984 1113 3172 1176 αὐτοῖς
3217 1114 3648 1185 προϊσχόμενος.

2071 1197 2173 1248 Διά
2202 1196 2376 1249 ταῦτα
2424 1198 2661 1270 ἐμισήθη
2721 1200 2825 1254 ὑπὸ
2877 1201 3149 1256 πάντωνδ
3199 1203 3648 1275 Σαρδανάπαλος,

2073 1287 2150 1357 μὴ
2183 1289 2486 1356 στεγόντων
2522 1293 2623 1353 τὰς
2667 1291 2895 1362 μιαρίας
2954 1293 3143 1349 αὐτοῦ.
3198 1290 3333 1348 Εἶτα
3381 1294 3652 1350 Βασιανὸν

2068 1380 2160 1435 τὸν
2191 1381 2308 1434 υἱὸν
2337 1382 2607 1451 Μαμαίας
2631 1384 2732 1453 τῆς
2768 1384 3011 1454 ἀδελφῆς
3063 1387 3166 1456 τῆς
3220 1389 3428 1459 μητρὸς
3480 1388 3653 1441 αὐτοῦ

2069 1473 2152 1535 είς
2185 1473 2248 1525 τὸ
2271 1473 2556 1543 συνέδριον
2589 1475 2818 1544 ἀγαγὼν
2846 1479 3014 1532 παῖδα
3043 1479 3218 1537 ἔθετο.
3243 1479 3339 1532 καὶ
3392 1480 3648 1546 Ἀλέξανο

2066 1562 2194 1634 δρον
2225 1563 2406 1617 αὑτὸν·
2426 1563 2713 1620 καλεῖσθαι
2734 1568 3046 1623 ἐκέλευσεν.
3073 1571 3210 1623 Μετ’
3231 1571 3292 1624 οὐ
3331 1569 3468 1623 πολὺ
3511 1571 3644 1640 μέν-

2065 1671 2148 1707 τοι
2206 1655 2420 1718 πάντας
2472 1657 2819 1723 ὑποπτεύων,
2869 1662 3160 1730 μανθάνων
3211 1662 3396 1715 δὲκαὶ
3435 1662 3646 1715 εὐνοεῖν

2067 1745 2263 1815 ἐκείνῳ
2293 1746 2423 1810 τοὺς
2450 1747 2726 1811 πλείονας,
2781 1751 3056 1818 μετέγνω,
3099 1752 3193 1806 καὶ
3238 1753 3394 1819 τέλος
3434 1753 3645 1806 ἀνελεῖν

383 1817 621 1886 insidiis,
648 1837 770 1892 quae
797 1840 829 1879 a
857 1827 1130 1884 militibus
1163 1830 1272 1884 sibi
1306 1834 1665 1899 parabantur,
1711 1833 1948 1904 etl‘ugere

2060 1837 2223 1890 αὑτὸν
2253 1838 2562 1910 ἐπεχείρει.
2607 1839 2665 1892 '0
2688 1840 2745 1893 δὲ
2771 1817 2876 1893 ύπὸ
2897 1842 3008 1894 τῶν
3031 1817 3388 1912 στρατιωτῶν
3449 1845 3646 1912 ἐπιμε-

379 1909 610 1966 studuit.
664 1914 770 1970 Sed
821 1917 1206 1987 deprehensus
1260 1923 1428 1992 618
1459 1923 1512 1977 in
1545 1925 1800 1993 amplexu
1840 1941 1956 1980 ma-

382 2001 483 2056 tris
514 2018 620 2058 una
655 2020 780 2060 cum
815 2007 931 2078 ipsa
959 2009 1242 2080 jugulatus
1266 2021 1370 2077 est,
1401 2013 1804 2085 amborumque
1835 2031 1958 2072 cor-

377 2106 514 2159 pora
549 2093 694 2148 nuda
724 2111 823 2165 per
857 2099 1094 2154 mediam
1123 2101 1319 2156 urbem
1354 2113 1525 2160 tracta
1560 2116 1713 2164 sunt.
1746 2107 1956 2165 Deinde

379 2180 734 2254 Sardanapali
763 2186 1000 2243 cadaver
1027 2190 1082 2245 in
1117 2191 1360 2248 Tiberim
1409 2184 1711 2266 abjeétum,
1748 2213 1954 2269 cogno-

377 2280 625 2326 mentum
656 2275 706 2330 ei
738 2288 938 2346 praeter
989 2281 1204 2351 reliqua
1240 2285 1490 2341 Tiberini
1527 2287 1678 2343 fecit.
1729 2288 1956 2346 Occisus

373 2369 462 2416 est
497 2377 620 2418 cum
651 2381 718 2420 eo
749 2366 1034 2426 Hierocles
1065 2388 1313 2443 quoque,
1345 2385 1402 2430 et
1425 2376 1520 2431 alii
1554 2379 1736 2432 multi.
1773 2379 1956 2448 lmpe-

373 2451 515 2507 ravit
559 2469 733 2511 annos
759 2473 842 2524 ιιι,
877 2474 1098 2518 menses
1131 2479 1207 2528 ix,
1241 2473 1298 2520 et
1329 2466 1448 2522 dies
1481 2482 1558 2534 ιν,
1595 2485 1666 2524 ο(
1697 2485 1807 2540 quo
1840 2471 1956 2526 Μαι

374 2543 530 2599 crino
560 2546 678 2602 acie
715 2549 865 2605 victo
898 2567 1086 2607 rerum
1113 2555 1328 2624 potitus
1351 2556 1477 2612 fuit.
1512 2559 1592 2614 Eo
1619 2560 1950 2631 imperante,

373 2634 719 2708 Zephyrinus
753 2640 1015 2700 Ecclesia:
1068 2646 1328 2703 Romana:
1372 2651 1664 2722 episcopus
1737 2653 1956 2710 decimo

371 2738 568 2783 octavo
599 2745 712 2786 suae
744 2733 1166 2804 gubernationis
1197 2755 1344 2795 anno
1383 2741 1552 2798 vitam
1605 2759 1732 2800 cum
1775 2756 1953 2801 morte

370 2826 756 2884 commutavit.
809 2827 940 2884 Post
994 2847 1158 2900 quem
1213 2835 1385 2891 coetui
1439 2837 1684 2893 ﬁdelium
1737 2839 1958 2909 praefuit

369 2911 648 3055 Sallistus,
709 2933 809 2988 per
870 2923 1336 2995 quinquennium.
1399 2929 1466 2986 Ei
1524 2942 1792 2990 successu
1847 2933 1948 2992 Ur-

410 3018 569 3055 anus.

2055 1925 2165 1992 λῶς
2187 1927 2554 1993 ἐφυλάσσετο,
2587 1930 2684 1983 καὶ
2713 1931 2764 1982 oi
2812 1932 3103 2002 δορυφόροι
3135 1932 3225 1987 διὰ
3258 1932 3417 1987 τοῦτο
3449 1934 3642 1998 δεινῶς

2056 2019 2426 2090 ἐθορύϐησαν.
2472 2022 2713 2084 Ἐκεῖνος
2738 2023 2792 2077 δὲ
2830 2024 2928 2078 σὺν
2961 2024 3042 2094 τῷ
3086 2024 3423 2096 Ἀλεξάνδρῳ
3455 2027 3538 2090 είς
3569 2029 3634 2081 τὸ

2056 2112 2422 2182 στρατόπεδον
2467 2113 2754 2181 εἰσελθὼν,
2809 2117 3069 2186 ἐπειρᾶτο
3131 2115 3498 2170 καταπαῦσαι
3549 2119 3644 2173 τὸν

2057 2203 2312 2274 θόρυϐον.
2352 2204 2440 2268 Ὠς
2473 2205 2520 2258 δ’
2547 2205 2745 2276 ᾔσθετο
2776 2209 2925 2276 παρά
2956 2209 3068 2261 τῶν
3119 2208 3474 2278 στρατιωτῶν
3531 2211 3646 2263 ἐπι-

2054 2293 2468 2362 ϐουλευόμενος,
2498 2294 2726 2365 ὥρμησε
2762 2297 2861 2365 μὲν
2907 2299 3196 2366 ἐκδρᾶναι.
3248 2299 3534 2370 Φωραθεὶς
3585 2301 3643 2356 δὲ

2054 2383 2320 2456 ἀνῃρέθη,
2347 2385 2494 2456 καὶή
2531 2389 2715 2458 μητὴρ
2744 2390 3157 2454 περιπλακεῖσα
3187 2389 3336 2461 αὐτῷ
3381 2390 3640 2445 συναπώ-

2053 2471 2199 2538 λετο,
2231 2465 2308 2526 ὧν
2337 2474 2545 2542 ἀμφοῖν
2574 2476 2934 2546 γυμνωθέντα
2967 2479 3037 2532 τά
3071 2477 3306 2548 σώματα
3360 2481 3642 2551 ἐσύρησαν

2051 2562 2142 2616 διὰ
2181 2563 2359 2632 μέσης
2383 2565 2485 2634 τῆς
2520 2566 2749 2630 πόλεως.
2785 2564 2922 2622 Εἶτα
2948 2569 3010 2622 τὸ
3058 2568 3156 2622 τοῦ
3208 2570 3639 2640 Σαρδαναπάλου

2054 2653 2135 2715 εἰς
2161 2653 2254 2706 τὸν
2279 2653 2504 2724 Τίϐεριν
2551 2656 2842 2730 ἐνεϐλήθη,
2881 2658 2962 2712 διὸ
2991 2658 3130 2731 πρὸς
3169 2663 3284 2725 τοῖς
3323 2661 3506 2723 ἄλλοις
3543 2661 3635 2714 καὶ

2055 2746 2342 2816 Τιϐερῖνος
2377 2748 2778 2822 ἐπωνομάσθη.
2809 2751 3252 2825 Συγκατεσφάγη
3284 2753 3329 2807 δ’
3355 2751 3501 2822 αὐτῷ
3538 2753 3633 2803 καὶ

2052 2841 2082 2892 6
2124 2839 2406 2910 Ἱεροκλῆς
2437 2842 2535 2896 καὶ¹
2567 2842 2721 2897 ἄλλοι
2778 2843 2990 2910 πολλοὶ,
3060 2846 3292 2916 ἄρξαντι
3351 2845 3447 2914 ἐτη
3501 2843 3632 2914 τρία

2054 2931 2151 2985 ἐπὶ
2180 2932 2349 3002 μησὶν
2379 2932 2538 2986 ἐννέα
2566 2933 2808 3005 ἡμέραις
2838 2951 2898 2988 τε
2939 2935 3260 3007 τέσσαρσιν,
3309 2935 3492 3003 ἐξότου
3539 2935 3634 2987 τδν

2051 3021 2336 3094 Μακρῖνον
2367 3025 2620 3094 νικήσας,
2645 3027 2706 3079 ἐν
2729 3029 2797 3096 τῇ
2829 3025 2978 3100 μάχῃ
3010 3028 3110 3098 τῆς
3141 3029 3447 3102 αὐταρχίας
3474 3027 3632 3082 τετύ-

369 3115 527 3167 χηκε.
601 3101 812 3158 Τούτου
888 3107 1245 3179 κρατοῦντος,
1296 3112 1594 3183 Ζεφυρῖνος
1647 3116 1676 3168 6
1737 3113 2027 3184 Ῥωμαίων
2065 3118 2164 3187 τῆς
2210 3114 2542 3189 Ἐκκλησίας
2584 3118 2888 3182 ἐπίσκοπος
2945 3101 3305 3187 μεταλλάττει
3353 3121 3445 3174 τὸν
3497 3120 3637 3190 βίον.

371 3188 558 3254 ίθύνας
585 3193 792 3265 ταύτην
819 3195 999 3253 ἐτεσιν
1025 3201 1424 3259 ὀκτωκαίδεκα.
1459 3206 1597 3260 Μεθ’
1645 3207 1706 3260 ὃν
1757 3206 2065 3274 Κάλλιστος
2130 3209 2376 3282 προέστη
2403 3188 2409 3189 ⁷
2435 3209 2546 3266 τῶν
2610 3213 2797 3266 ἐκεῖσε
2827 3213 3038 3268 πιστῶν
3079 3214 3175 3268 ἐπὶ
3230 3213 3396 3270 πέντε
3447 3188 3634 3269 ἐνιαυ-

365 3283 514 3346 τοὺς,
563 3287 658 3339 καὶ
688 3287 884 3344 τοῦτον
908 3293 1189 3363 Οὐρϐανδς
1217 3297 1551 3368 διαδέχεται.

433 3373 551 3430 XV.
585 3377 1036 3437 Pseudantonino
1064 3385 1378 3448 interfecto,
1415 3388 1728 3446 Alexander
1771 3391 1940 3446 Mam—

2115 3384 2219 3444 lE'.
2253 3389 2362 3443 Τοῦ
2390 3389 2446 3444 δέ
2471 3390 2923 3446 Ψευδαντωνίνου
2947 3393 3352 3465 ἀναιρεθέντος,
3378 3392 3633 3458 Ἀλέξαν-

368 3483 520 3522 nia-aa
564 3468 733 3532 Illius.
759 3474 1134 3532 consobrinus
1157 3479 1326 3545 illius,
1356 3481 1650 3550 imperium
1686 3484 1942 3555 adeptus,

367 3561 552 3616 statim
584 3577 819 3621 matrem
855 3567 1193 3626 Mammaeam
1246 3574 1548 3644 Augustam
1583 3577 1886 3634 declaravit
1926 3597 1940 3634 :

364 3671 488 3724 quae
515 3671 702 3711 rerum
727 3658 1212 3720 administratione
1247 3679 1532 3738 suscepta,
1556 3669 1706 3726 viros
1755 3673 1946 3727 erudi-

367 3759 452 3803 tos
479 3748 548 3804 ad
583 3747 757 3806 ﬁlium
785 3753 1100 3822 accersivit,
1127 3772 1226 3827 per
1256 3774 1397 3829 quos
1429 3776 1611 3818 mores
1661 3765 1782 3835 ejus
1829 3765 1944 3820 for-

366 3854 670 3910 marentur,
717 3855 774 3900 et
819 3846 1089 3917 optimum
1139 3866 1416 3924 quemque
1460 3870 1528 3910 ex
1572 3868 1766 3913 senatu
1793 3859 1942 3914 acci-

363 3935 464 3998 vit,
497 3950 624 3990 cum
654 3937 860 4004 quibus
906 3940 1150 3995 omnium
1188 3945 1468 3999 actionum
1525 3949 1755 4003 consilia
1791 3965 1944 4005 com-

363 4027 695 4084 municaret.
728 4031 1002 4087 Domitius
1031 4032 1301 4105 Ulpianus
1329 4039 1588 4108 praetorio
1620 4041 1938 4110 prmicctus,

362 4120 683 4189 reipublicae
710 4125 970 4194 gerenda:
1002 4143 1135 4182 cura
1157 4140 1440 4200 suscepta,
1473 4134 1647 4189 multa
1674 4135 1945 4190 Sardana-

363 4209 471 4278 pali
499 4223 620 4270 acta
652 4217 878 4272 rescidit
910 4235 925 4272 :
957 4219 1052 4289 qui
1086 4220 1347 4278 Flaviano
1373 4233 1430 4279 et
1454 4223 1690 4281 Chresto
1719 4229 1938 4294 occisis,

360 4315 422 4359 ut
450 4304 532 4361 eis
563 4310 913 4376 succederet,
946 4328 1057 4367 non
1092 4315 1267 4370 multo
1297 4326 1421 4386 post
1453 4327 1510 4374 et
1537 4318 1655 4388 ipse
1688 4335 1720 4374 a
1749 4319 1939 4375 militi-

361 4400 462 4454 bus
494 4410 662 4456 noctu
691 4404 912 4460 occisus
935 4413 1043 4460 est.
1076 4405 1198 4472 Quo
1227 4407 1411 4464 adhuc
1465 4411 1792 4478 superstite,
1829 4411 1938 4466 levi

359 4489 428 4545 de
455 4508 621 4548 causa
657 4494 803 4549 inter
837 4497 1046 4554 milites
1076 4507 1131 4553 et
1157 4501 1426 4570 populum
1467 4513 1590 4558 orta
1640 4503 1936 4570 seditione,

360 4599 458 4651 per
497 4585 738 4639 triduum
760 4597 845 4642 est
874 4588 1212 4646 dimicatum.
1251 4593 1356 4648 Sed
1394 4609 1519 4649 cum
1549 4595 1753 4650 milites
1781 4595 1936 4662 victi,

359 4675 540 4743 ignem
570 4677 786 4732 aedibus
814 4679 1130 4749 injicerent,
1162 4686 1401 4754 populus
1432 4686 1515 4740 vel
1549 4685 1781 4757 ingratis
1810 4703 1934 4742 cum

2048 3481 2176 3552 δρος
2207 3483 2236 3536 6
2257 3483 2526 3554 Μαμαίας
2553 3486 2581 3538 6
2601 3485 2817 3538 ἐκείνου
2839 3485 3063 3556 ἀνεψιὸς
3094 3485 3261 3556 (οὕτω
3289 3487 3401 3556 γὰρ
3430 3487 3482 3540 οἱ
3527 3503 3634 3539 πα-

2047 3572 2192 3627 λαιοὶ
2240 3576 2368 3639 τοὺς
2411 3575 2740 3645 ἐξαδέλφους
2804 3575 3116 3649 ὠνόμαζον)
3167 3578 3269 3651 τὴν
3326 3579 3636 3649 αὐταρχίαν

2046 3665 2510 3738 ἀπεκληρώσατω
2534 3668 2634 3733 ’⁷ος
2659 3669 2862 3723 αὐτίκα
2894 3669 2994 3741 τὴν
3023 3671 3236 3724 οἰκείαν
3263 3670 3476 3740 μητέρα
3508 3672 3632 3724 Μα-

2047 3755 2216 3826 μαίαν
2245 3756 2572 3827 Δύγούσταν
2597 3759 2846 3824 ἀνεῖπεν,
2876 3761 2911 3832 ἢ
2950 3761 3050 3832 τὴν
3109 3759 3220 3813 τῶν
3281 3761 3632 3831 πραγμάτων

2044 3850 2371 3918 οἰκονομίαν
2401 3850 2891 3922 μετακεχείριστο,
2927 3851 3024 3904 καὶ
3057 3852 3188 3922 περ)⁸
3217 3851 3311 3906 τὸν
3359 3852 3478 3904 υἱὸν
3539 3869 3629 3905 σο-

2045 3942 2182 4010 φοὺς
2217 3940 2418 4012 ἄνδρας
2445 3944 2779 4012 συνήγαγεν,
2815 3943 2902 3996 ῖνα
2955 3942 3026 3996 δι’
3078 3943 3306 3998 ἐκείνων
3359 3942 3510 4015 αὐτῷ
3558 3942 3631 3996 τὰ

2044 4034 2152 4105 ἢθη
2191 4034 2538 4106 ῥυθμίζοιτο,
2569 4036 2682 4090 κάκ
2706 4037 2806 4106 τῆς
2835 4035 3134 4107 γερουσίας
3159 4037 3286 4100 τοὺς
3331 4036 3628 4107 ἀμείνονας

2045 4125 2393 4195 συμϐούλους
2426 4127 2774 4197 προσείλετο,
2808 4126 2960 4182 ἅπαν
2989 4128 3268 4198 πρακτέον
3299 4129 3624 4199 κοινουμένη

2043 4218 2256 4280 αὐτοῖς.
2284 4218 2525 4288 Δομιτίῳ
2555 4218 2615 4272 δέ
2644 4235 2710 4286 γε
2750 4218 3044 4289 Οὐλπιανῷ
3084 4221 3186 4290 τῆς
3225 4220 3336 4273 τῶν
3393 4220 3625 4290 δορυφό-

2048 4325 2158 4379 ρων
2189 4309 2554 4380 ἀνατεθείσης
2585 4309 2765 4380 ἀρχῆς
2797 4311 2895 4365 καὶ
2919 4311 3020 4380 τῆς
3045 4311 3154 4363 τῶν
3184 4311 3382 4365 κοινῶν
3407 4309 3624 4382 διοική-

2044 4417 2207 4464 σεως,
2243 4400 2419 4454 πολλά
2467 4403 2578 4454 τῶν
2625 4402 2730 4456 ὑπὸ
2782 4403 3212 4474 Σαρδαναπάλου
3265 4404 3624 4475 πραχθέντων

2043 4495 2176 4566 παρ’
2213 4494 2431 4548 ἐκείνου
2461 4494 2864 4566 ἐπηνωρθὼθη.
2897 4497 2992 4561 Ὃς
3041 4497 3135 4552 τὸν
3191 4497 3492 4551 Φλαϐιανδν
3526 4502 3625 4551 καὶ

2039 4589 2134 4640 τὸν
2172 4588 2426 4657 Χρῆστον
2483 4587 2840 4653 ἀποκτείνας,
2900 4588 2970 4642 ἵν’
3019 4589 3224 4653 αὐτοὺς
3283 4589 3616 4660 διαδέξηται,

2041 4682 2136 4733 καὶ
2169 4677 2335 4741 αὐτὸς
2375 4678 2438 4732 οὑ
2474 4679 2658 4749 πολλῷ
2693 4679 2926 4752 ὕστερον
2988 4680 3096 4734 ὑπὸ
3159 4681 3267 4735 τῶν
3301 4680 3620 4752 δορυφόρων

357 4765 439 4820 eis
468 4765 522 4819 in
550 4769 782 4837 gratiam
815 4745 1000 4826 rediit.
1054 4745 1198 4828 Sun—t
1237 4745 1295 4830 et
1342 4777 1434 4831 alii
1502 4745 1687 4835 motus
1739 4780 1932 4838 sedati.

2052 4770 2240 4834 νυκτὸς
2277 4745 2807 4843 ἐπιθεμένων-αὑτῷ
2831 4745 3190 4841 κατεσφάγη.
3227 4745 3618 4836 Ζῶντος’δ”έτι

355 4858 628 4914 Caeterum
665 4860 962 4917 Alexandri
995 4873 1172 4920 mater
1222 4882 1384 4922 avara
1419 4870 1640 4936 mulier,
1676 4873 1937 4942 undique

356 4945 648 5014 pecuniam
679 4949 880 5019 coegit.
928 4949 1168 5007 Uxorem
1227 4954 1342 5010 tilio
1399 4956 1714 5028 despondit,
1770 4977 1935 5031 quam

355 5051 463 5092 nec
488 5037 792 5109 Augustam
839 5042 1110 5112 appellari
1172 5061 1332 5114 passa
1387 5057 1493 5115 est,
1553 5060 1610 5106 et
1653 5053 1936 5124 aliquanto

357 5137 482 5182 'tosl
513 5128 582 5183 ab
621 5145 688 5185 eo
738 5133 986 5187 avulsam
1040 5133 1096 5188 in
1148 5134 1390 5191 Africam
1426 5139 1689 5210 relegavit
1720 5159 1736 5198 :
1768 5158 1932 5212 quam

356 5221 459 5276 etsi
490 5221 801 5279 Alexander
849 5225 1136 5297 diligebat,
1193 5237 1374 5284 tamen
1417 5231 1602 5295 matri,
1659 5233 1714 5286 in
1780 5235 1942 5305 cujus

357 5322 631 5380 potestate
693 5325 836 5381 erat,
896 5317 1164 5389 refragari
1223 5337 1332 5374 non
1388 5321 1646 5377 audebat.
1710 5324 1933 5380 Interim

353 5402 685 5461 Artaxerxes
713 5409 901 5473 Persa,
928 5411 1098 5466 homo
1120 5415 1359 5468 obscuro
1385 5423 1440 5468 et
1467 5414 1703 5484 inglorio
1730 5431 1932 5486 genere

353 5507 532 5561 ortus,
565 5496 898 5554 Parthorum
949 5517 1177 5573 regnum
1233 5505 1301 5560 ad
1355 5505 1551 5563 Persas
1602 5509 1928 5564 translatum

354 5586 458 5640 sibi
516 5589 820 5647 vindicavit
873 5611 886 5647 :
931 5609 961 5648 a
1020 5611 1130 5665 quo
1183 5596 1444 5654 Cbosroae
1505 5615 1681 5670 genus
1729 5601 1929 5656 deduci

356 5678 556 5731 fertur.
589 5681 726 5736 Nam
773 5694 901 5753 post
954 5686 1249 5744 Alexandri
1313 5690 1630 5747 Macedonis
1689 5693 1926 5760 obitum,

356 5783 708 5827 successores
755 5774 906 5830 illius
945 5777 1274 5837 Macedones
1319 5783 1644 5855 longissimo
1683 5795 1929 5857 tempore

370 6021 404 6082 Ξ·

2034 4860 2130 4914 τοῦ
2165 4861 2499 4926 Οὐλπιανοῦ,
2569 4863 2761 4926 στάσις
2800 4864 2866 4916 ἐκ
2916 4879 3066 4927 τινος
3122 4861 3387 4934 βραχείας
3445 4863 3619 4932 λαϐῆς

2039 4953 2207 5024 μέσον
2238 4951 2334 5007 τοῦ
2361 4953 2539 5024 δήμου
2575 4953 2804 5007 καὶτῶν
2845 4954 3164 5024 δορυφόρων
3224 4955 3466 5021 ἐγένετο,
3523 4953 3620 5007 καὶ

2034 5045 2126 5098 ἐπὶ
2157 5047 2309 5116 τρεῖς
2377 5043 2592 5114 ἡμέρας
2620 5045 2872 5116 ἀλλήλοις
2921 5046 3210 5114 ἐμάχοντο.
3260 5046 3618 5116 Ἠττωμένων

2033 5139 2090 5192 δὲ
2115 5138 2216 5193 τῶν
2248 5139 2624 5210 στρατιωτῶν,
2660 5138 2755 5192 καὶ
2798 5136 2911 5208 πῦρ
2940 5140 3065 5199 ταῖς
3097 5137 3335 5200 οἰκείαις
3365 5138 3610 5192 ὑποϐαλ-

2033 5233 2262 5298 λόντων,
2287 5232 2471 5296 δείσας
2499 5235 2526 5286 6
2548 5233 2720 5302 δῆμος
2745 5233 2876 5304 περὶ
2901 5233 3001 5302 τῆς
3048 5232 3258 5295 πόλεως
3295 5233 3616 5303 κατηλλάγη

2032 5327 2128 5378 καὶ
2156 5325 2306 5380 ἄκων
2335 5326 2545 5388 αὐτοῖς.
2579 5326 2691 5379 Καὶ
2719 5325 2878 5379 ἄλλαι
2901 5324 2945 5377 δ’
2995 5325 3405 5389 ἐπαναστάσεις
3456 5326 3608 5393 γενό-

2040 5437 2202 5487 μεναι
2230 5418 2682 5489 κατεπαύθησαν.
2710 5418 2930 5472 ’Ἣττων
2977 5417 3021 5471 δ’
3053 5414 3190 5474 οὖσα
3237 5418 3543 5488 χρημάτων
3582 5419 3616 5486 ἠ

2045 5511 2394 5583 Ἀλεξάνδρου
2434 5513 2622 5584 μήτηρ
2652 5512 3065 5582 ἐχρηματίζετο
3093 5511 3386 5565 πάντοθεν.
3444 5509 3617 5578 Ἠγά-

2035 5605 2238 5672 γετοδέ
2265 5604 2468 5674 καὶτῷ
2508 5605 2610 5675 υἱῷ
2663 5606 2936 5675 γαμετὴν,
2989 5607 3058 5677 ἢν
3104 5607 3168 5658 ού
3223 5602 3614 5672 συνεχώρησεν

2033 5697 2418 5768 ἀναρρηθῆναι
2441 5698 2779 5765 Αὑγούσταν’
2818 5699 2955 5751 ἀλλὰ
2991 5699 3085 5750 καὶ
3117 5696 3258 5766 μετά
3282 5712 3404 5748 τινα
3423 5694 3616 5763 χρόνον

2035 5789 2130 5844 τοῦ
2162 5789 2279 5842 υίοῦ
2318 5790 2490 5859 αὐτὴν
2515 5790 2884 5845 ἀποσπάσασα
2930 5791 3011 5854 είς
3070 5787 3278 5859 Λιϐύην
3337 5785 3611 5858 ἀπήλασε,
