4048 6396
349 353 495 416 1015

1554 353 1952 414 ANNALIUM
1996 353 2142 414 LIB.
2191 353 2335 415 Χῐῐ.

3478 342 3617 407 ιοις

343 463 522 518 καίτοι
563 463 943 535 στεργομένην
975 463 1112 534 παρ’
1140 464 1380 520 ἐκείνου.
1422 467 1484 520 '0
1536 468 1594 520 δὲ
1652 467 1934 520 ἀντειπεῖν

2054 466 2226 523 Persis
2254 478 2311 524 et
2341 465 2562 522 Parthis
2600 465 2966 536 imperarunt,
3001 461 3096 518 sed
3132 458 3378 516 tandem
3401 457 3627 513 intesti-

344 560 411 628 τῇ
441 559 611 628 μητρὶ
639 559 740 612 οὐκ
773 558 1025 628 ἠδύνατο,
1070 558 1426 631 καταρχούσῃ
1480 560 1668 612 αὑτοῦ.
1734 561 1933 626 Ἀρτα-

295 670 302 716 ;
353 652 552 722 ξέρξης
587 651 828 721 μέντοιό
862 651 1107 720 Πέρσης.
1133 651 1192 714 ὃς
1231 651 1292 716 ἐξ
1329 651 1558 720 ἀφανῶν
1596 655 1691 706 καὶ
1730 651 1936 716 ἀδόξων

2039 561 2128 613 nis
2189 559 2350 615 bellis
2404 559 2494 614 alii
2555 557 2694 612 alios
2741 563 3080 610 everterunt.
3133 554 3378 619 Quorum
3425 549 3622 604 fractis

2039 651 2256 706 viribus
2293 651 2506 721 pri’mus
2541 648 2836 705 Arsacides
2880 647 3116 702 Parthus
3147 645 3216 698 ab
3246 644 3327 698 eis
3357 641 3622 699 deficere.

288 721 306 828 ξ
349 721 440 811 ἦν,
469 745 570 810 τὴν
591 741 705 793 τῶν
733 741 968 810 Πάρθων
995 739 1284 810 βασιλείαν
1309 742 1552 812 Πέρσαις
1605 745 1937 812 περιεποιή-

2054 750 2096 796 2t
2135 742 2352 796 Parthis
2384 741 2658 796 dominari
2697 739 2888 809 rmpit',
2942 752 3117 808 regno
3157 737 3210 790 in
3272 746 3624 789 successores

295 825 305 864 έ
350 849 504 891 σατο,
534 832 626 884 καὶ
649 832 832 886 αὐτῶν
869 830 1247 885 ἐϐασίλευσεν.
1284 831 1408 901 Ἀφ’
1446 826 1508 887 οὗ
1561 833 1782 902 λέγεται
1841 835 1938 887 καὶ

2054 835 2206 906 519
2232 843 2529 904 prorogato
2559 851 2572 887 :
2603 849 2842 903 quorum
2897 842 3212 901 postremos
3239 827 3345 883 fuit
3393 825 3629 881 Artaba-

265 919 301 967 -’
349 925 412 976 τὸ
443 924 690 994 Χοσρόου
714 924 1058 993 κατάγεσθαι
1099 929 1278 994 γένος.
1315 927 1473 980 Μετά
1495 926 1606 997 γὰρ
1654 927 1755 997 τὴν
1783 927 1938 982 Ἀλεο

352 1015 584 1086 ξάνδρου
605 1016 700 1070 τοῦ
729 1015 1044 1081 Μακεδόνος
1065 1017 1328 1088 τελευτήν
1363 1019 1412 1072 οῖ
1451 1017 1664 1072 ἐκείνου
1698 1018 1938 1090 διάδοχοι

353 1105 672 1168 Μακεδόνες
712 1107 805 1159 ἐπὶ¹
829 1105 1090 1162 πλεῖστον
1131 1107 1231 1176 μὲν
1269 1109 1497 1178 Περσῶν
1523 1125 1584 1162 τε
1646 1108 1744 1162 καὶ⁵
1789 1109 1940 1182 Παρ-

343 1195 562 1249 ’θυαίων
590 1191 786 1267 ἦρχον,
806 1198 902 1252 καὶ
927 1197 1034 1252 τῶν
1065 1197 1243 1252 ἄλλων
1273 1199 1468 1254 ἐθνῶνο
1502 1199 1630 1254 κατ’
1687 1199 1942 1270 ἀλλήλων

350 1285 412 1338 δέ
443 1303 505 1353 γε
531 1289 916 1358 χωρήσαντες,
965 1290 1236 1360 ἀλλήλους
1295 1291 1626 1347 κατέλυσαν.
1677 1292 1939 1346 Ἐκείνων

355 1378 404 1430 δ’
431 1378 606 1444 οὕτως
641 1380 1294 1454 ἠσθενηκότων,πρῶτος
1343 1383 1680 1455 Ἀρσακίδης
1728 1383 1946 1456 Παρθυ-

355 1472 475 1532 αῖος
493 1473 560 1541 τῇ
577 1469 636 1538 ἐξ
653 1471 833 1526 αὐτῶν
855 1473 1165 1546 ἀποστασία⁵
1187 1475 1578 1547 ἐπικεχείρηκε
1600 1475 1696 1528 καὶ
1718 1476 1944 1545 Παρθυ-

355 1561 490 1614 αίων
530 1563 832 1634 ἐκράτησε,
876 1565 972 1618 καὶ
989 1568 1101 1630 τοῖς
1122 1568 1317 1622 ἑαυτοῦ
1339 1568 1639 1637 ἀπογόνοις
1669 1567 1938 1624 κατέλιπε

352 1651 452 1720 τὴν
481 1653 678 1724 ἀρχὴν,
700 1647 776 1708 ὧν
804 1655 1115 1720 τελευταῖος
1147 1659 1370 1728 γέγονεν
1395 1660 1425 1713 ὁ
1452 1659 1823 1730 ’Δρτάϐανοςο
1856 1659 1950 1713 τὸν

354 1745 414 1798 δὲ
437 1745 466 1798 ὁ
505 1747 690 1818 ῥηθεὶς
704 1746 1074 1820 Ἀρταξέρξης
1107 1751 1313 1822 μάχαις
1341 1753 1571 1824 νικήσας
1602 1750 1777 1824 τρισὶ,
1809 1769 1942 1806 συνο

359 1835 521 1890 έλαϐε
585 1839 679 1892 καὶ
709 1839 1054 1896 ἀπέκτεινεν.
1085 1820 1219 1897 Εἶτα
1251 1844 1347 1898 καὶ
1397 1820 1491 1898 ἐπὶ
1513 1843 1616 1916 τήν
1638 1820 1949 1914 *Ἀρμενίαν
1975 1820 2023 1881 Β

357 1927 581 1988 ἐλάσας.
608 1928 818 2000 ἡττήθη
841 1930 951 1983 τῶν
971 1932 1281 2002 Ἀρμενίων
1311 1934 1408 1988 καὶ
1437 1934 1642 2005 Μήδων
1674 1933 1816 2004 μετά
1838 1933 1950 1986 τῶν

359 2020 571 2073 παίδων
601 2021 696 2075 τοῦ
728 2021 1071 2091 Ἀρταϐάνου
1101 2024 1528 2095 προσϐαλόντων
1585 2025 1756 2096 αὐτῷ.
1802 2025 1864 2079 '0
1892 2025 1952 2080 δὲ

359 2106 519 2173 αὖθις
547 2110 1003 2180 ἀνακτησάριιενος
1032 2115 1246 2178 ὲαυτὺν,
1295 2115 1437 2184 μετά
1477 2115 1771 2183 δυνάμεως
1829 2115 1953 2184 μεί-

359 2198 520 2261 ζονος
547 2203 613 2270 τῇ
651 2202 1057 2274 Μεσοποταμίᾳ
1091 2203 1190 2257 καὶ
1219 2207 1288 2276 τῇ
1322 2206 1494 2274 Συρίερ⁵
1530 2205 1820 2275 ἐφήδρευε,
1857 2205 1954 2259 καὶ

358 2289 573 2359 ἠπείλει
607 2293 1027 2362 ἀνακτήσασθαι
1063 2295 1242 2348 πάντα
1267 2297 1344 2358 ὡς
1378 2297 1615 2361 Πέρσαις
1638 2297 1706 2350 ὲκ
1739 2297 1952 2366 προγάσ-

361 2399 474 2434 νιυν
508 2385 884 2455 προσήκοντα.
916 2383 1050 2440 Εἶτα
1080 2389 1488 2443 Καππαδοκίαν
1519 2393 1547 2441 ό
1584 2389 1957 2461 Ἀρταξέρξης

361 2469 520 2538 οὗτος
551 2475 652 2528 σὺν
677 2479 792 2540 τοῖς
825 2479 1088 2549 Πέρσαις·
1127 2481 1452 2553 κατέτρεχε,
1507 2482 1602 2536 καὶ
1640 2483 1957 2551 ἐπολιόρκει

361 2565 464 2633 τὴν
499 2564 740 2624 Νίσιϐιν.
776 2567 836 2620 ὐ
874 2571 1063 2636 μέντοι
1090 2570 1445 2639 Ἀλέξανδρος
1495 2567 1652 2636 οὗτος
1695 2573 1957 2644 πρέσϐεις

361 2654 580 2726 ἔπεμψε
617 2658 753 2727 πρὸς
784 2661 968 2722 αὐτὸν,
999 2663 1225 2731 εἰρήνην
1259 2663 1447 2717 αἰτῶν.
1478 2664 1536 2716 '0
1567 2665 1626 2718 δὲ
1672 2665 1958 2734 Βάρϐαρος

363 2745 465 2815 τὴν
487 2748 788 2816 πρεσϐείαν
867 2751 970 2821 μὲν
997 2753 1057 2806 ού
1088 2755 1433 2825 προσήκατο,
1485 2755 1688 2824 ἄνδρας
1743 2756 1800 2808 δὲ
1865 2773 1961 2825 με·

364 2840 594 2906 γίστους
621 2845 1012 2913 τετρακοσίους
1043 2847 1400 2900 πολυτελέσιν
1427 2847 1707 2918 ἀμφιέσας
1739 2846 1959 2908 στολαῖς

365 2931 466 2984 καὶ
497 2931 692 2997 ἵπποις
720 2934 832 2989 τῶν
891 2936 1166 3007 ἐκκρίτων
1213 2938 1564 3005 ἐπιϐιϐάσας,
1621 2940 1718 2992 καὶ
1767 2937 1964 3000 ὅπλοις

366 3023 662 3094 κοσμήσας
691 3025 970 3096 λαμπροῖς
999 3028 1216 3100 έπεμψε
1251 3030 1389 3102 πρὸς
1441 3030 1533 3084 τὸν
1571 3029 1956 3100 Ἀλέξανδρωῶ

363 3113 510 3168 οὕτω
535 3117 906 3188 καταπλήξειν
935 3121 1104 3174 αὐτόν
1159 3139 1222 3176 τε
1301 3123 1396 3176 καὶ
1467 3123 1596 3186 τοὺς
1649 3121 1956 3192 Ῥωμαίους

2041 943 2168 990 nus,
2195 942 2361 998 quem
2397 927 2488 982 hic
2531 926 2866 982 Artaxerxes
2902 922 3302 992 tribus-praeliis
3333 919 3540 973 victum
3573 928 3631 973 et

2043 1017 2514 1087 comprehensum
2565 1015 2864 1071 interfecit.
2922 1013 3133 1070 Deinde
3183 1012 3326 1066 bello
3358 1009 3631 1065 Armenia:

2045 1105 2222 1169 illato,
2249 1105 2319 1160 ab
2349 1107 2628 1162 Armeniis
2661 1116 2718 1160 et
2749 1103 2940 1160 Mcdis-
2976 1114 3144 1173 atque
3197 1101 3466 1156 Artabani
3507 1099 3632 1154 filiis

2046 1207 2371 1267 superatus,
2390 1209 2448 1255 et
2479 1197 3020 1269 repa'ratisviribus,
3068 1194 3479 1266 Mesopotamiae
3533 1191 3633 1262 Sy-

2046 1289 2252 1360 riaeque
2283 1291 2624 1360 occupanda:
2654 1304 2779 1345 cum
2808 1287 3114 1359 majoribus
3138 1287 3316 1357 copiis
3364 1285 3630 1345 intentus.

2046 1382 2232 1438 omnia
2269 1397 2350 1448 se,
2388 1391 2449 1437 ut
2471 1399 2595 1453 qua:
2628 1381 2940 1452 antiquitus
2987 1380 3054 1436 ad
3086 1395 3314 1452 regnum
3346 1377 3630 1434 Persicum

2048 1474 2420 1544 pertinerent.
2457 1483 2920 1544 recuperaturum
2978 1490 3102 1530 esse
3147 1473 3486 1526 minabatur.
3523 1468 3630 1524 Sed

2047 1565 2397 1638 Cappadocia
2419 1568 2696 1623 incursata
2729 1585 2854 1624 cum
2882 1569 3115 1624 Nisibim
3163 1565 3474 1626 obsideret,
3508 1563 3633 1618 Aie-

2049 1657 2262 1712 xander
2311 1674 2412 1728 per
2463 1659 2675 1729 legams
2710 1674 2902 1730 pacem
2941 1658 3010 1714 ab
3042 1674 3111 1714 eo
3141 1657 3322 1728 petiit.
3359 1655 3643 1710 Barbarus

2051 1763 2186 1802 vero
2211 1749 2486 1820 legatione
2517 1750 2834 1822 repudiata,
2860 1765 2986 1806 cccc
3021 1749 3448 1820 procerissimos
3483 1747 3630 1800 viros

2055 1842 2316 1910 pretiosis
2364 1843 2614 1898 vestibus
2643 1843 2894 1904 amictos,
2928 1851 2985 1896 et
3010 1840 3315 1912 splendidis
3345 1838 3515 1894 armis
3540 1853 3638 1894 cr—

2053 1942 2300 1998 ornatos,
2326 1934 2379 1988 in
2412 1935 2571 2004 equis
2595 1934 2812 1990 eximiis
2849 1934 2916 1989 ad
2962 1933 3331 1989 Alexandrum
3368 1932 3540 1998 misit,
3570 1947 3634 1984 ea

2055 2022 2271 2078 ratione
2299 2038 2360 2078 se
2394 2023 2704 2080 Alexandro
2741 2032 2799 2080 et
2845 2024 3110 2080 Romanis
3149 2032 3430 2080 terrorem
3451 2023 3636 2078 incus-

2055 2123 2249 2163 surum
2285 2119 2511 2180 putans.
2547 2110 2650 2179 Qui
2683 2128 2810 2169 cum
2871 2112 2926 2167 in
2996 2112 3352 2183 imperatoris
3405 2127 3636 2182 conspe-

2055 2210 2205 2255 ctum
2231 2202 2532 2266 venissent,
2569 2203 2833 2260 dixerunt
2871 2221 2884 2258 :
2920 2204 3076 2259 lubet
3115 2221 3340 2275 magnus
3365 2219 3458 2258 rex
3486 2204 3637 2257 Arta-

2053 2309 2242 2346 xerxes
2273 2292 2539 2348 Romanos
2565 2296 2745 2349 cedere
2769 2295 2948 2366 Syria,
2983 2305 3041 2350 et
3061 2297 3308 2350 universa
3339 2295 3488 2359 Asia,
3520 2310 3637 2366 qua

2055 2379 2342 2454 Europam
2358 2392 2580 2453 spectat,
2608 2393 2658 2438 et
2685 2378 3171 2455 Per-risimperium
3204 2403 3365 2458 usque
3392 2387 3463 2440 ad
3493 2402 3637 2441 mare

2056 2472 2357 2526 concedere.
2394 2473 2510 2529 llos
2535 2475 2849 2530 Alexander
2892 2479 3349 2547 comprehensos,
3380 2487 3436 2532 et
3471 2479 3635 2532 vesti-

2059 2561 2166 2615 bus
2209 2571 2377 2632 atquc
2430 2565 2604 2621 armis
2645 2576 2863 2628 exutos,
2925 2566 3309 2637 ademptisque
3365 2567 3544 2637 equis,
3583 2568 3637 2620 in

2059 2651 2331 2720 plurimos
2386 2670 2560 2725 pagos
2618 2656 2969 2724 distributos,
3007 2673 3170 2728 agros
3234 2659 3417 2713 colere
3470 2659 3637 2726 jussit

2062 2745 2225 2813 (nam
2261 2761 2360 2801 eos
2393 2747 2651 2802 occidere
2698 2749 2858 2804 nefas
2893 2765 3016 2804 esse
3072 2751 3356 2821 putabat),
3415 2765 3480 2804 ac
3524 2749 3637 2806 suis

2058 2833 2370 2904 legionibus
2396 2836 2452 2891 in
2483 2845 2594 2893 tres
2625 2849 2808 2908 partes
2839 2839 3178 2905 distributis,
3209 2839 3476 2896 trifariam
3507 2839 3636 2895 Per-

2059 2939 2150 2980 sas
2177 2934 2264 2980 est
2301 2927 2549 2988 adortus.
2586 2945 2824 2999 quorum
2862 2932 3018 2986 multi
3065 2940 3198 2987 sunt
3223 2932 3412 2986 occisi.
3449 2931 3638 2987 Peric-

2061 3025 2194 3071 runt
2223 3017 2456 3073 Rotttani
2475 3034 2698 3090 quoque
2726 3021 2972 3090 plurimi,
2992 3036 3103 3076 non
3126 3028 3234 3076 tant
3263 3020 3332 3075 ab
3358 3019 3637 3083 hostibus,

2060 3123 2225 3178 quam
2261 3110 2315 3163 in
2342 3109 2524 3165 reditu
2550 3127 2650 3181 per
2675 3111 2950 3167 Armenia:
2975 3119 3223 3166 montes:
3245 3110 3338 3181 qui
3361 3126 3485 3165 cum
3515 3110 3638 3180 gelu

363 3210 638 3278 οἰόμενος.
675 3211 742 3264 Ui
763 3181 1093 3283 ἀφικόμενοι
1121 3215 1217 3268 καὶ
1268 3216 1350 3279 είς
1395 3214 1521 3284 ὄψιν
1570 3181 1818 3277 item}:
1870 3181 1948 3284 "il

2058 3200 2290 3271 rigeant,
2309 3201 2566 3266 euntium;
2585 3203 2752 3272 pedes
2801 3213 2859 3259 et
2880 3203 3250 3274 quorumdam
3282 3217 3478 3256 manus
3509 3209 3643 3256 sunt

365 3299 729 3372 Ἀλεξάνδρῳ,
757 3305 1003 3359 {falsust
1034 3307 1068 3360 ὁ
1091 3306 1282 3376 μέγας
1298 3307 1606 3374 ,ϐασιλεὺς
1635 3306 1949 3376 Ἀρταξέρ-

368 3392 503 3459 ξης,
541 3389 716 3454 εἷπον.
761 3395 1137 3464 ἀφίστασθαι
1209 3399 1528 3469 Ῥωμαίους
1575 3401 1792 3467 Συρίας
1848 3399 1948 3453 και

365 3485 479 3554 τῆς
509 3486 929 3557 ἀντικειμένης
968 3488 1045 3560 τῇ
1077 3494 1334 3561 Εὐρώπῃ
1363 3493 1574 3558 Ἀσίας
1601 3490 1826 3559 πάσης,
1849 3491 1948 3546 καί

366 3567 801 3649 παραχωρῆσαι
830 3581 1090 3650 Πέρσαις
1122 3583 1336 3652 ἄρχειν
1358 3583 1539 3654 μέχρι
1602 3582 1949 3650 θαλάσσης-ο

367 3669 607 3732 Τούτους
636 3671 917 3725 συλλαϐὼν
945 3674 974 3726 ὁ
1006 3673 1386 3744 Ἀλέξανδρος,
1425 3674 1520 3727 καὶ
1549 3671 1848 3744 περιδύσας
1883 3672 1966 3727 τὰ·

363 3759 508 3814 ὅπλα
537 3765 632 3816 καὶ
658 3763 759 3826 τὰς
799 3763 1016 3828 στολὰς,
1063 3765 1409 3836 ἀφελόμενός
1437 3782 1499 3819 τε
1554 3767 1680 3830 τοὺς
1723 3765 1950 3827 ἵππους.

368 3853 451 3915 εἰς
485 3854 680 3924 κώμας
705 3855 967 3920 πλείστας
997 3857 1277 3928 διέσπειρε
1325 3861 1417 3911 καὶ
1451 3857 1731 3928 ἠνάγκαζε
1779 3875 1953 3928 γεωρο

367 3947 510 4009 γεῖν·
541 3947 756 3998 κτεῖναι
783 3945 896 4016 γὰρ
929 3946 1129 4011 αὐτοὺς
1156 3949 1261 4001 οὐκ
1297 3947 1517 4018 ἔκρινεν
1559 3949 1734 4004 ὅσιον.
1783 3947 1956 4011 Αὐτὸς

369 4035 430 4088 δὲ
458 4035 525 4088 τὰ
548 4036 728 4088 οἰκεῖα
756 4035 1150 4106 στρατεύματα
1196 4039 1280 4101 είς
1306 4040 1460 4110 τρεῖς
1510 4038 1706 4093 διελὼν
1753 4039 1957 4110 μοίρας

369 4129 533 4199 τριχῆ
556 4133 667 4193 τοῖς
702 4130 944 4198 Πέρσαις
977 4132 1311 4201 προσέϐαλε.
1348 4132 1458 4185 Καὶ
1491 4133 1664 4194 πολὺς
1694 4134 1795 4204 μὲν
1849 4133 1964 4206 τῶν

371 4220 605 4292 Περσῶν
635 4221 988 4292 συμϐέϐηκεν
1018 4220 1265 4293 ϐλεθροςο
1308 4223 1556 4276 πλεῖστοι
1586 4223 1644 4276 δι
1697 4223 1796 4278 καὶ
1848 4225 1959 4276 τῶν

379 4309 672 4382 Ῥωμαίων
694 4312 1040 4384 ἐφθάρησαν,
1079 4314 1141 4368 οὐ
1189 4313 1454 4368 τοσοῦτον
1490 4315 1598 4368 ὑπὸ
1641 4315 1755 4369 τῶν
1799 4315 1962 4369 πολε-

373 4404 537 4474 μίων,
558 4406 684 4460 ὅσον
719 4407 776 4459 ἐν
795 4405 873 4476 τῷ
900 4406 1189 4462 ἐπανιέναι
1218 4407 1310 4461 διά
1356 4405 1466 4460 τῶν
1517 4407 1621 4477 τῆς
1655 4407 1959 4479 Ἀρμενίας

2050 3294 2332 3359 mutilatae,
2354 3295 2377 3350 f
2378 3293 2778 3363 rigore-adusta:
2789 3305 2952 3367 atque
2965 3305 3230 3352 etum-tuae
3261 3294 3376 3362 Qua
3395 3295 3460 3350 de
3478 3309 3646 3350 causa

2051 3389 2316 3445 Romanis
2332 3391 3151 3462 conquerentibus,.Alexander
3169 3392 3286 3447 sive
3307 3407 3372 3445 ex
3403 3405 3652 3446 mmrore

2051 3481 2167 3535 sive
2191 3495 2258 3535 ex
2295 3481 2438 3536 aeris
2459 3483 2762 3537 mutatione
2797 3483 3036 3554 graviter
3069 3482 3648 3554 aegrotavitﬁeeupco

2055 3581 2172 3626 rata
2199 3571 2513 3628 valetudine
2529 3583 2724 3629 contra
2749 3573 3057 3631 Germanos
3079 3584 3168 3631 est
3193 3575 3498 3646 profectus,
3521 3590 3648 3629 cos-

2055 3677 2163 3732 que
2186 3679 2282 3732 per
2304 3663 2632 3722 ferentarius
2651 3675 2705 3722 et
2722 3666 3034 3738 sagittarios
3047 3668 3284 3722 vexavit.
3316 3667 3520 3722 Deinde
3551 3683 3648 3738 pe-

2057 3756 2220 3810 cunia
2250 3756 2453 3823 oblata,
2475 3757 2541 3812 ad
2562 3774 2752 3828 pacem
2783 3759 3063 3816 invitavit.
3097 3761 3464 3826 Quamobrem
3499 3760 3645 3815 mili-

2058 3855 2142 3903 tes
2173 3847 2222 3902 ei
2257 3848 2406 3914 irati,
2459 3848 2781 3906 defecerunt
2819 3867 2834 3904 :
2867 3860 2924 3905 et
2963 3850 3319 3905 Maximinum
3348 3850 3642 3921 quemdam

2059 3937 2287 3993 natione
2317 3939 2620 4006 Thracem,
2644 3940 2738 4010 qui
2771 3957 2800 3995 ιι
2834 3957 3009 4009 puero
3037 3941 3410 3997 armentarius
3438 3941 3641 4008 fuerat,

2059 4040 2250 4100 postea
2277 4029 2437 4084 miles
2468 4028 2648 4084 factus
2677 4039 2787 4094 est,
2817 4030 3056 4084 invitum
3096 4030 3332 4097 scilicet,
3362 4031 3430 4086 ad
3467 4032 3642 4102 impe-

2060 4121 2201 4175 rium
2241 4129 2659 4191 pertraxerunt.
2701 4121 2808 4186 Qui
2843 4121 2911 4177 iis
2949 4122 3226 4178 militibus
3256 4124 3577 4193 assumptis,
3609 4139 3640 4178 a

2060 4211 2271 4282 quibus
2323 4212 2629 4282 imperator
2689 4213 3004 4284 appellatus
3059 4213 3288 4277 fuerat,
3345 4215 3533 4270 statim
3571 4216 3642 4271 ad

2058 4305 2356 4362 Alexandri
2397 4307 2699 4360 tentorium
2730 4305 3044 4362 contendit.
3074 4307 3195 4375 Quo
3218 4311 3264 4363 is
3289 4309 3500 4374 audito,
3534 4310 3644 4364 mi-

2060 4398 2186 4454 lites
2214 4414 2358 4469 quos
2387 4413 2575 4455 secum
2609 4399 2870 4463 habebat,
2895 4399 2963 4454 ad
2989 4401 3074 4455 sui
3105 4401 3483 4458 defensionem
3513 4402 3646 4457 hor-

366 4496 536 4569 ὀρῶν.
568 4499 964 4569 Δυσχειμέρων
994 4500 1104 4571 γὰρ
1131 4500 1304 4554 ὄντων
1333 4498 1564 4561 τούτων.
1591 4501 1642 4554 οί
1672 4499 1786 4554 τῶν
1816 4500 1953 4553 ὁδοιη

2063 4500 2208 4546 tatus
2242 4501 2374 4548 est:
2409 4492 2506 4563 qui
2563 4507 2690 4547 cum
2735 4507 2959 4562 operam
3021 4507 3177 4548 suam
3222 4493 3639 4563 pollicerentur,

369 4590 687 4662 πορούντων
715 4590 899 4656 πόδες.
929 4590 1090 4645 ἐνίων
1123 4591 1180 4646 δὲ
1205 4592 1300 4646 καὶ
1325 4595 1514 4663 χεῖρες
1536 4594 1603 4647 ἐκ
1626 4593 1723 4647 τοῦ
1750 4591 1957 4664 ψύχους

367 4681 911 4755 ἡκρωτηριάσθησαν
947 4683 1304 4755 μελανθεῖσαι
1335 4685 1430 4738 καὶ
1445 4686 1832 4753 νεκρωθεῖσαι.
1863 4685 1957 4738 Διὸ

369 4774 465 4826 καὶ
487 4775 545 4828 ἐν
575 4775 726 4848 αἰτία
763 4775 1065 4846 Ῥωμαίοις
1097 4777 1325 4848 γέγονεν
1351 4779 1380 4832 ό
1425 4778 1800 4847 Ἀλέξανδρος,
1831 4778 1956 4833 ὅθεν

369 4863 429 4930 ἐξ
461 4864 704 4935 ἀθυμίας
740 4866 775 4939 ἢ
815 4866 915 4920 καὶ
961 4867 1074 4922 ἀπὸ
1099 4869 1202 4938 τῆς
1252 4868 1362 4923 τῶν
1417 4869 1600 4939 ἀέρων
1653 4869 1956 4937 ἐναλλαγῆς

372 4955 582 5027 σφόδρα
612 4954 894 5028 ἐνόσησεν.
922 4957 1330 5032 Ἀναρῤωσθεὶς
1361 4959 1418 5013 δέ
1449 4960 1548 5014 καὶ
1605 4961 1687 5024 είς
1731 4961 1954 5030 Γερμα-

369 5046 496 5111 νοὺς
542 5047 799 5118 ἐμϐαλὼν
838 5050 910 5104 δι’
956 5052 1293 5107 ἀκοντιστῶν
1322 5054 1418 5107 καὶ
1472 5053 1712 5118 τοξοτῶν
1761 5052 1955 5107 ἐλύπει

370 5139 590 5202 αὐτούς.
623 5140 844 5194 Στέλλει
873 5142 930 5196 δὲ
972 5144 1069 5198 καὶ
1103 5145 1242 5215 πρὸς
1265 5145 1464 5210 αὐτοὺς
1511 5144 1776 5213 πρέσϐεις
1823 5145 1955 5213 περὶ

370 5230 702 5300 συμϐάσεων
732 5231 828 5284 ἐπὶ
847 5232 1117 5304 χρήμασι.
1141 5233 1234 5287 Διὸ
1273 5234 1682 5304 χαλεπήναντες
1713 5233 1765 5287 oi
1796 5251 1956 5304 στρα·

364 5323 583 5388 τιῶται,
618 5321 756 5392 πρὸς
797 5323 1146 5378 ἀποστασίαν
1191 5325 1438 5379 ἀπεῖδον.
1471 5322 1582 5377 Καί
1609 5341 1733 5378 τινα
1775 5323 1953 5389 Mai-.-

370 5417 523 5484 μῖνον
550 5413 744 5485 Θρᾷκα
773 5414 835 5467 τὸ
865 5415 1050 5483 γένος,
1085 5416 1150 5468 ἐκ
1178 5415 1388 5469 παίδων
1414 5415 1473 5468 δὲ
1509 5418 1834 5486 ποιμαίνειν
1858 5415 1954 5469 λα-

367 5507 556 5577 χόντα,
619 5506 716 5560 καὶ
781 5507 922 5578 μετά
960 5505 1134 5561 ταῦτα
1209 5507 1556 5577 στρατιώτην
1632 5508 1950 5579 γενόμενον,

369 5599 575 5654 ἄκοντα
599 5599 764 5670 δῆθεν
802 5599 1062 5662 λαϐόντες
1113 5599 1410 5668 ὠνόμασαν
1443 5600 1846 5672 αὐτοκράτορα.
1891 5599 1952 5655 '0

365 5691 424 5745 δὲ
457 5693 586 5756 τοὺς
618 5692 951 5757 ἀνειπόντας
973 5692 1142 5746 αὐτὸν
1190 5692 1547 5764 παραλαϐὼν,
1571 5692 1738 5764 ἀπῄει
1790 5691 1952 5757 εὐθὺς

367 5781 503 5836 ὅπου
532 5782 802 5854 διέτριϐεν
837 5785 863 5838 ὸ
892 5783 1266 5857 Ἀλέξανδρος.
1301 5784 1486 5839 Ταῦτα
1528 5785 1572 5838 δ’
1609 5786 1816 5847 ἐκεῖνος
1850 5801 1950 5840 πν-

2060 4583 2369 4640 exercitum
2403 4584 2604 4655 coegit,
2635 4593 2692 4640 et
2723 4600 2850 4639 cum
2887 4583 3186 4640 Maximino
3213 4584 3501 4640 decertare
3518 4585 3642 4656 jus-

2061 4676 2152 4732 sit.
2179 4676 2451 4733 Caeterum
2514 4676 2595 4732 illi
2635 4675 2800 4731 matri
2850 4677 2988 4748 ejus-
3025 4675 3443 4740 maledicentes,
3473 4677 3642 4749 620

2059 4778 2116 4822 et
2153 4766 2274 4837 ejus
2296 4766 2584 4822 avaritiam
2620 4764 3005 4825 criminantes.
3050 4764 3404 4835 ipsiquoque
3455 4775 3519 4820 ut
3571 4766 3641 4821 ti-

2061 4859 2212 4914 mido
2241 4858 2597 4922 insultantes,
2627 4872 2696 4911 co
2727 4857 2924 4912 relicto
2953 4857 3243 4915 abierunt.
3291 4859 3429 4914 Cum
3467 4858 3636 4929 igitur

2058 4964 2124 5005 se
2149 4949 2299 5003 omni
2349 4963 2455 5020 ope
2517 4949 2846 5004 destitutum
2898 4959 3188 5015 eerncrct,
3229 4951 3284 5005 in
3334 4950 3632 5005 tentorium

2057 5055 2364 5112 regressus,
2401 5050 2459 5096 et
2503 5048 2734 5095 matrem
2784 5041 3095 5111 amplexus,
3154 5041 3431 5096 fortunam
3479 5057 3633 5098 suam

2057 5116 2386 5204 deploravit.
2445 5133 2776 5188 Maximinus
2828 5148 2959 5188 vero
3009 5148 3111 5200 per
3156 5133 3540 5188 centurionem
3578 5143 3636 5188 ct

2057 5229 2177 5302 ipso
2204 5238 2262 5286 et
2291 5238 2464 5284 matre
2495 5240 2552 5284 et
2583 5228 2946 5283 familiaribus
2975 5243 3170 5282 eorum
3193 5227 3422 5292 occisis,
3449 5243 3633 5282 rerum

2057 5321 2267 5392 potitus
2299 5330 2407 5377 est.
2441 5321 2719 5375 Mammaea
2745 5319 3039 5374 Alexandri
3078 5329 3258 5374 mater
3284 5319 3513 5374 virtutis
3534 5319 3636 5374 bo-

2056 5421 2342 5484 nestaeque
2375 5413 2502 5468 vitae
2535 5412 2810 5477 studiosa,
2845 5410 2978 5466 dum
3013 5411 3324 5467 Antiochiae
3355 5426 3480 5466 eum
3521 5411 3635 5466 filio

2055 5505 2300 5577 degeret,
2333 5504 2595 5576 Origene,
2622 5503 2768 5558 fama
2797 5503 3038 5558 hominis
3083 5512 3351 5572 permota,
3398 5505 3636 5560 Alexan-

2055 5596 2178 5652 dria
2216 5595 2514 5661 accersito,
2552 5595 2621 5650 ab
2667 5609 2846 5664 eoque
2903 5593 3156 5652 doctrina
3204 5594 3331 5650 fidei
3389 5594 3632 5662 erudita,

2057 5688 2228 5743 Deum
2262 5685 2609 5742 sanctissime
2637 5684 2830 5750 coluit,
2885 5693 2947 5740 ut
3001 5685 3278 5742 Eusebius
3302 5696 3358 5742 et
3387 5686 3482 5741 alii
3518 5701 3638 5742 me-

2057 5780 2246 5837 morie
2277 5777 2666 5849 prodiderunt.
2701 5778 2820 5844 Quo
2845 5775 3048 5834 factum
3071 5787 3177 5843 est.
3225 5787 3284 5834 ut
3313 5779 3630 5846 persecutio
