4048 6408
388 316 526 383 ῙΟΠ
1673 324 1977 387 JOANNIE

2083 325 2228 388 ONA
2241 325 2362 384 Ri!
3515 316 3659 384 1048

383 435 827 492 Christianorum
856 453 924 493 eo
979 447 1225 509 tempore
1258 454 1369 492 nou
1402 437 1566 493 modo
1606 438 1962 505 conquiesce-

2083 437 2319 505 ιόμενος,
2344 437 2473 498 τοὺς
2509 436 2631 506 μετ’
2664 434 2834 490 αὐτοῦ
2873 435 3217 508 στρατιώτας
3247 436 3329 499 είς
3370 435 3669 505 ἀντίληψτν

387 535 490 589 ret,
527 527 622 585 sed
651 536 708 583 et
743 529 918 583 honos
949 530 1221 584 maximus
1272 528 1477 584 Christi
1516 529 1826 584 cultoribus
1858 530 1961 581 ba-

2083 524 2232 577 ιύτνιῦ
2257 525 2587 597 παρεκάλει.
2621 527 2685 580 Oi
2711 526 2769 580 δὲ
2800 528 3193 597 ἑπηγγέλοντο,
3215 528 3315 580 καὶ
3331 526 3672 585 ἐπιστάντος

390 616 639 672 beretur.
709 618 824 673 Sub
879 619 1104 675 Urbano
1167 619 1417 674 Romano
1475 618 1738 688 episcopo
1795 617 1961 672 etiam

2083 617 2160 669 τοῦ
2190 616 2528 685 Μαξιμίνου.
2567 618 2850 688 συνήγαγε
2887 619 2992 688 τὴν
3024 617 3293 686 στρατιὰν
3336 617 3366 670 ὁ
3402 615 3673 681 Ἀλέξαν-

385 708 733 779 Hippolytus.
774 711 859 763 vir
882 709 1266 766 sanctissimus
1313 717 1367 765 et
1422 708 1798 773 doctissimus,
1852 708 1963 762 Ru-

2083 711 2210 775 ipo;,
2236 708 2332 761 καὶ
2361 708 2663 777 συμϐαλεῖν
2699 711 2814 772 τοῖς
2843 707 2939 762 τοῦ
2981 708 3295 776 Μαξιμίνου
3323 707 3669 777 ἐπέτρεπεν.

384 801 530 855 mani
565 801 762 856 Portus
799 803 1092 872 episcopus
1123 802 1330 868 floruit,
1372 804 1465 874 qui
1499 803 1555 858 in
1581 802 1753 856 multa
1785 815 1957 855 sacrae

2083 800 2131 851 )i
2159 799 2214 852 δὲ
2233 799 2336 868 τήν
2358 816 2417 851 τε
2454 800 2673 870 μητέρα
2696 800 2862 853 αὐτοῦ
2898 799 3231 869 ἐλοιδόρουν,
3270 801 3365 853 καὶ
3388 799 3485 851 ἐπὶ
3511 797 3675 867 φιλο-

385 892 687 960 Scripturte
723 910 891 963 opera
941 895 1374 950 commentarios
1432 893 1780 962 conscripsit.
1818 891 1959 945 Tum

2083 891 2353 963 (ρηματίᾳ
2391 891 2667 962 διέσυρον,
2719 892 2816 944 καλ⁴
2851 892 2932 954 είς
2977 892 3191 944 ἐκεῖνον
3242 890 3541 960 ἐξύϐριζον
3597 888 3678 948 ὡς

384 982 693 1037 Antiochia:
719 985 955 1054 praefuit,
1004 995 1060 1042 et
1090 998 1293 1041 emtum
1319 988 1438 1056 ejus
1466 987 1568 1042 loci
1598 986 1842 1041 fidelith
1872 1000 1960 1038 re-

2083 981 2264 1034 ἰειλόν·
2297 983 2391 1034 καὶ
2432 981 2833 1046 καταλιπόντες
2891 980 3053 1035 αὐτὸν
3118 980 3457 1053 ἀνεχώρουν.
3516 980 3583 1033 Ὀ
3617 978 3678 1032 δὲ

384 1070 463 1124 xit
497 1071 584 1125 ASt
606 1073 871 1141 lepiades,
904 1076 1299 1147 Hierosolymis
1330 1076 1654 1133 Sardianus.

2083 1073 2282 1142 ἔρημον
2311 1071 2570 1142 βοηθείας
2598 1073 2742 1145 ὁρῶν
2772 1075 2991 1140 ἑαυτὸν,
3052 1072 3363 1142 ἐπανῆλθεν
3418 1074 3498 1137 είς
3569 1069 3679 1140 τὴν

389 1162 622 1230 σκηνὴν,
650 1163 744 1216 καὶ
772 1166 838 1235 τῇ
869 1165 1037 1235 μητρὶ
1068 1166 1455 1237 περιπλακεὶς,
1486 1166 1823 1235 ὠλοφύρετο.
1858 1164 1968 1218 Καὶ
2008 1165 2034 1216 ὁ
2071 1163 2402 1233 Μαξιμῖνοτ,
2438 1165 2843 1237 ἑκατόνταρχον
2870 1166 3109 1229 στείλας,
3164 1167 3257 1219 καὶ
3287 1165 3452 1219 αὐτὸν
3483 1162 3680 1217 ἀνεῖλε
3730 1182 3731 1185 η

384 1250 482 1305 καὶ
513 1251 608 1320 τὴν
646 1255 881 1324 μητέρα,
917 1255 1014 1310 καὶ
1049 1264 1174 1320 τοὺς
1203 1256 1254 1311 οἳ
1306 1258 1548 1329 συνῆσαν
1607 1260 1815 1324 αὐτοῖς,
1870 1260 1966 1311 καὶ
2041 1257 2142 1326 τῆς
2223 1258 2504 1327 βασιλείας
2558 1261 2787 1329 γέγονεν
2841 1262 3140 1331 ἐγκρατής.
3221 1258 3459 1329 Μαμαία
3510 1258 3576 1312 δὲ
3642 1257 3681 1325 ἡ

383 1350 741 1420 Ἀλεξάνδρου
782 1353 966 1423 μήτηρ
990 1354 1197 1424 ἀρετῆς
1255 1350 1323 1426 ἦν
1367 1356 1822 1426 ἀντιποιουμένη,
1876 1352 1971 1407 καὶ
2012 1353 2065 1423 βί
2103 1375 2131 1407 υ
2165 1353 2386 1424 σεμνοῦ,
2428 1355 2463 1427 ή
2531 1357 2590 1409 ὲν
2660 1357 2971 1429 Ἀντιοχείᾳ
3026 1352 3391 1422 συνδιάγουσα
3423 1352 3505 1422 τῷ
3540 1349 3679 1419 υίῷ,

384 1441 480 1493 καὶ
532 1445 660 1511 περὶ
718 1441 1035 1515 Ὠριγὲνους
1090 1446 1392 1519 πυθομένη.
1460 1447 1853 1519 μετεπέμψατο
1900 1444 1962 1512 ἐξ
1999 1446 2410 1515 Ἀλεξανδρείας
2438 1448 2622 1501 αὐτόν’
2659 1451 2754 1502 καὶ
2784 1448 2875 1502 ὐπ’
2942 1445 3110 1501 αὐτοῦ
3149 1447 3243 1499 τόν
3302 1446 3463 1513 λόγον
3528 1457 3681 1496 κατ·

387 1535 657 1607 ηχηθεϊσα
723 1539 821 1609 τῆς
862 1540 1121 1606 πίστεως,
1148 1542 1544 1614 θεοσεϐεστάτη
1595 1541 1844 1611 γέγονεν,
1893 1539 1971 1601 ὡς
2008 1540 2037 1592 ό
2104 1539 2362 1604 Εὐσέϐιος
2399 1543 2627 1612 ἱστορεῖ,
2695 1545 2791 1596 καὶ
2815 1542 2968 1597 ἄλλοι
3001 1541 3057 1595 δέ
3085 1558 3231 1603 τινες
3270 1539 3381 1593 τῶν
3418 1552 3685 1605 συγγρα-

387 1628 536 1697 ςέων
566 1630 746 1700 φασίν.
824 1633 985 1686 Ὅθεν
1031 1633 1093 1687 οὐ
1147 1635 1310 1703 μόνον
1361 1635 1390 1687 ὁ
1456 1635 1600 1688 κατὰ
1657 1629 2000 1698 Χριστιανῶν
2074 1632 2327 1701 ήρέμησε
2377 1631 2619 1703 διωγμὸς
2668 1635 2813 1697 τότε,
2870 1634 3006 1686 ἁλλά
3066 1631 3162 1685 καὶ⁵
3200 1633 3369 1700 τιμῆς
3433 1627 3685 1698 ἠξίωντο

391 1721 630 1791 μάλιστα
659 1726 708 1779 οί
755 1728 1041 1798 σεϐόμενοι
1080 1726 1170 1781 τὸν
1208 1729 1467 1797 Χριστόν.
1540 1726 1675 1780 Τότε
1720 1721 2004 1793 Οὐρϐανοῦ
2046 1723 2144 1790 τῆς
2209 1724 2521 1794 ἐπισκοπῆς
2575 1726 2675 1795 τῆς
2711 1726 3000 1795 Ῥωμαίων
3055 1724 3266 1787 πάλεωῖ
3290 1721 3683 1804 προεστῶτοςν

389 1817 484 1869 καὶ
518 1818 819 1884 ῐππόλυτος
836 1821 1011 1891 ήνθει,
1032 1823 1173 1893 ἀνὴρ
1198 1820 1495 1893 ἱερώτατος
1551 1821 1651 1874 καὶ
1706 1817 2042 1888 σοφώτατος,
2112 1818 2420 1883 ἐπίσκοπος
2465 1821 2562 1875 τοῦ
2601 1821 2747 1875 κατά
2793 1820 3011 1891 Ῥώμην
3071 1819 3284 1889 Πόρθου
3343 1819 3683 1888 γενόμενος,

387 1911 446 1974 δς
473 1914 771 1968 καὶπολλὰ
807 1918 1225 1987 συγγράμματα
1279 1915 1681 1986 συνεγράψατο,
1732 1913 1967 1981 διάφορα
2007 1912 2104 1981 τῆς
2127 1912 2282 1977 θείας
2319 1915 2544 1987 Γραφῆς
2608 1917 3043 1987 ἐξηγησάμενος.
3088 1915 3423 1983 Ἀντιοχείας
3489 1916 3546 1969 δὲ
3601 1911 3687 1988 ἦν

386 2005 693 2075 τηνικαῦτα
720 2009 1077 2077 προεστηκὼς
1177 2007 1275 2061 καὶ
1337 2005 1437 2079 τὴν
1468 2009 1586 2061 ἐκεῖ
1665 2002 1776 2057 τῶν
1838 2001 2046 2056 πιστῶν
2086 2001 2421 2075 Ἐκκλησίαν
2489 2006 2687 2062 ίθύνων
2738 2006 3167 2077 ’Δσκληπιάδης,
3228 2004 3323 2058 καὶ
3369 2003 3686 2074 Σαρδιανὸς

397 2095 819 2168 Ἶεροσυλύμων.

456 2189 598 2246 XVI.
648 2190 980 2257 Alexandro,
1020 2206 1146 2247 cum
1194 2190 1523 2246 decennium
1561 2187 1826 2244 Romanis
1871 2185 1972 2239 im-

2149 2186 2265 2251 ἶς’.
2296 2187 2406 2239 Καὶ
2443 2187 2471 2239 ό
2518 2187 2616 2255 μὲν
2643 2186 3022 2257 Ἀλέξανδρος,
3060 2186 3157 2256 ἔτη
3195 2185 3485 2255 Ῥωμαίων
3543 2188 3680 2257 ήγε·

388 2295 639 2354 perasset
683 2282 751 2338 ad
798 2284 948 2339 hunc
980 2286 1203 2339 modum
1260 2282 1577 2341 interfecto.
1640 2277 1971 2334 Maximinus

2083 2278 2347 2345 μονεύσας
2368 2278 2527 2343 δέκα,
2560 2277 2619 2331 ὃν
2649 2278 2868 2349 εἴρηται
2917 2278 3123 2347 τρόπον
3166 2277 3430 2348 ἀνῄρητο.
3498 2280 3559 2332 Ὀ
3610 2280 3676 2333 δὲ
3758 2292 3764 2297 ’

391 2374 581 2429 statim
651 2386 912 2445 suscepto
991 2377 1228 2446 imperio
1276 2373 1721 2445 persecutionem
1776 2378 1968 2423 contra

2083 2368 2385 2440 Μαξιμῖνος
2441 2369 2540 2441 τήν
2595 2371 2774 2441 ἀρχὴν
2832 2370 3131 2434 διεδέξατο,
3196 2369 3255 2431 ὃς
3304 2370 3507 2425 αὐτίκα
3573 2373 3672 2425 καὶ

387 2464 737 2521 Christianos
761 2467 955 2530 movit,
987 2478 1043 2521 et
1075 2466 1445 2521 Ecclesiarum
1481 2464 1883 2535 gubernatores
1913 2467 1973 2511 ut

2083 2464 2319 2532 διωγμὸν
2348 2465 2490 2517 κατά
2523 2464 2634 2516 τῶν
2657 2466 2703 2517 Χ
2713 2463 3079 2534 ριστωνύμων
3102 2463 3392 2535 ἐπήγειρε,
3425 2468 3520 2519 καὶ
3539 2468 3668 2526 τοὺς

392 2556 650 2612 doctores
683 2556 1130 2612 Christianorum
1179 2570 1511 2613 arcanorum
1561 2568 1625 2608 ac
1662 2565 1969 2623 praecones,

392 2648 509 2704 tolli
534 2649 699 2720 jussit
732 2667 744 2703 :
778 2650 945 2719 idque.
970 2649 1347 2720 indignatione
1365 2657 1554 2703 contra
1575 2646 1970 2706 Alexandrum,

389 2742 486 2812 qui
531 2741 813 2798 Christum
850 2743 1140 2806 coluisset,
1174 2741 1372 2795 fecisse
1427 2738 1774 2809 perhibetur.
1841 2734 1974 2805 Ejus

391 2834 541 2890 enim
568 2834 917 2905 imperatoris
950 2835 1145 2888 insano
1178 2833 1307 2887 odio
1335 2832 1599 2902 ﬂagrabat
1630 2847 1642 2885 :
1671 2845 1701 2883 a
1724 2842 1836 2899 quo
1862 2826 1973 2880 dux

302 2955 312 2963 -
395 2925 670 2992 delectus,
706 2935 765 2981 et
803 2941 833 2980 a
865 2924 1051 2981 Persis
1079 2924 1399 2994 turpissime
1457 2929 1778 2992 superatus,
1833 2918 1971 2971 iram

394 3018 548 3073 illius
575 3030 840 3089 expertus
869 3018 1072 3074 fuerat.
1115 3019 1247 3074 Erat
1278 3027 1335 3073 et
1355 3017 1533 3071 altera
1566 3012 1975 3085 persecutionis

395 3126 585 3178 causa,
608 3111 755 3182 quod
790 3112 848 3167 in
878 3111 1179 3188 Alexandri
1215 3110 1422 3165 familia
1472 3108 1638 3163 multi
1687 3106 1970 3161 Christum

395 3204 573 3260 Deum
658 3204 1057 3275 agnoscebant.
1137 3204 1258 3270 Quo
1323 3213 1573 3272 tempore
1649 3197 1976 3253 Ambrosius

394 3295 586 3359 etiam,
622 3295 709 3349 vir
729 3294 1063 3351 eruditionis
1087 3310 1303 3357 amans,
1343 3295 1439 3364 qui
1469 3291 1747 3362 Originem
1786 3288 1854 3343 ad
1882 3303 1975 3343 sa-

394 3402 615 3442 crarum
639 3386 973 3442 Litterarum
1014 3388 1422 3442 enarrationem
1458 3383 1703 3453 impulit,
1735 3380 1977 3450 sumpti-

396 3478 503 3534 bus
534 3479 755 3534 abunde
787 3479 1179 3549 suppeditatis,
1213 3488 1271 3533 et
1300 3492 1374 3531 vu
1418 3474 1695 3545 expeditis
1743 3472 1977 3528 notariis

2079 2557 2188 2609 τῶν
2206 2556 2550 2625 Ἐκκλησιῶν
2580 2558 2930 2627 προεστῶτας
2957 2555 3305 2626 ἀναιρεῖσθαι
3336 2559 3662 2611 κεκέλευκεν

2080 2644 2156 2707 ὡς
2193 2643 2549 2707 διδασκάλους
2585 2645 2681 2698 τοῦ
2722 2646 2866 2699 κατά
2912 2646 3155 2715 Χριηστδν
3210 2648 3509 2717 μυστηρίου
3564 2645 3656 2699 καὶ

2082 2736 2353 2806 κήρυκας.
2392 2738 2625 2805 Λέγεται
2656 2740 2712 2793 δὲ
2739 2740 2881 2793 κατά
2915 2740 3080 2808 μῆνιν
3104 2740 3206 2807 τὴν
3236 2739 3368 2809 πρὸς
3409 2738 3657 2803 Ἀλέξαν-

2079 2828 2206 2896 δρον
2230 2830 2453 2899 κινῆσαι
2484 2831 2576 2883 τὸν
2599 2831 2863 2901 διωγμὸν,
2891 2831 2968 2895 ὡς
2994 2833 3206 2886 ἐκείνου
3233 2831 3501 2899 τιμῶντος
3529 2828 3658 2891 τοὺς

2082 2922 2409 2990 σεϐομένους
2429 2924 2682 2995 Χριστόν.
2708 2925 3015 2997 Ἐμεμήνει
3050 2927 3163 2993 γὰρ
3189 2924 3307 2979 κατ’
3338 2923 3547 2977 ἐκείνου
3564 2919 3660 2975 τοῦ

2083 3014 2513 3086 αὐτοκράτορος,
2538 3018 2621 3069 ὅτι
2659 3018 2972 3087 στρατηγὸς
3001 3016 3095 3070 ὐπ’
3136 3015 3345 3069 ἐκείνου
3377 3030 3664 3086 προχειρι-

2084 3110 2254 3171 σθεὶς,
2289 3109 2542 3164 καὶκατὰ
2572 3110 2797 3180 Περσῶν
2826 3111 3259 3178 ἐκστρατεύσας,
3290 3109 3385 3162 καὶ
3409 3107 3667 3178 αἴσχιστα

2092 3203 2372 3273 ἡττηθεὶς,
2406 3202 2579 3273 ὀργῆς
2634 3205 2780 3275 tam;
2798 3203 2901 3275 άθη
2953 3204 3261 3275 βασιλικῆς.
3290 3199 3399 3255 Ἦν
3449 3201 3508 3254 δὲ
3567 3198 3666 3253 τοῦ

2081 3295 2322 3363 διωγμοῦ
2358 3295 2451 3349 καὶ
2483 3294 2738 3367 δεύτερον
2789 3297 2985 3361 αἴτιον,
3018 3298 3103 3350 ὅτι
3141 3296 3333 3349 πολλοὶ
3388 3293 3534 3348 κατὰ
3570 3294 3666 3346 τὸν

2085 3386 2436 3457 Ἀλεξάνδρου
2460 3382 2608 3440 οἷκον
2659 3382 2803 3457 ἦσαν
2861 3389 2953 3441 τὸν
2995 3389 3040 3441 Χ
3051 3387 3233 3458 ριστὸν
3286 3387 3665 3455 ἐπεγνωκότες

2083 3477 2240 3532 Θεόν.
2276 3480 2405 3532 Ὅτε
2434 3479 2526 3532 καὶ
2552 3479 2883 3550 Ἀμϐρόσιος
2913 3480 3204 3548 φιλολόγος
3249 3478 3390 3549 ἀνὴρ
3444 3479 3524 3549 (ὃς
3573 3478 3665 3531 τὸν

398 3569 705 3633 adhibitis,
741 3570 836 3638 qui
859 3536 969 3639 per
1007 3536 1177 3624 vices
1210 3536 1557 3630 scriberent,
1620 3581 1686 3621 ac
1732 3564 1977 3619 librariis

2093 3571 2377 3642 Ὠριγένην
2413 3536 2666 3642 ἠρέθισεν
2689 3536 2767 3635 είς
2801 3536 3065 3643 ἐξήγησιν
3235 3536 3385 3634 θείας
3410 3536 3661 3639 Γραφῆς.

401 3676 511 3714 nou
542 3659 904 3730 paucioribus
950 3670 1007 3715 et
1041 3660 1354 3726 virginibus
1404 3658 1688 3728 eleganter
1734 3657 1977 3710 scribere

400 3751 637 3816 eductis,
666 3751 915 3823 martyrii
947 3766 1152 3806 corona
1207 3766 1333 3806 cum
1389 3750 1706 3805 Protocteto
1741 3747 1977 3817 presby-

2081 3666 2176 3717 καὶ
2209 3664 2405 3733 δαψιλῆ
2442 3665 2591 3734 αὐτῷ
2625 3665 2877 3735 ἐχορήγει
2911 3664 2980 3717 τά
3022 3663 3379 3731 ἀναλώματα,
3412 3663 3508 3716 καὶ
3561 3678 3666 3714 τα-

2082 3755 2404 3825 χυγράφους
2476 3756 2617 3809 ἑπτὰ
2688 3755 2838 3827 αὐτῷ
2907 3755 3293 3825 παρεστήσατο
3366 3751 3665 3820 ἀμοιϐαδὸν

400 3852 521 3895 tero
555 3841 847 3897 redimitus
877 3857 1000 3897 esse
1032 3842 1376 3913 perhibetur.
1426 3841 1757 3896 Maximinus
1791 3852 1977 3894 rerum

2083 3847 2146 3914 τῇ
2171 3846 2355 3916 γραφῇ
2389 3845 2705 3914 χρωμένους
2728 3845 2875 3899 κατὰ
2903 3843 3139 3914 καιροὺς
3168 3883 3183 3908 ,
3225 3843 3319 3895 καὶ
3347 3840 3666 3912 βιϐλιογρά-

398 3934 627 4005 potitus,
660 3938 877 3990 senatui
909 3936 1122 3998 statim,
1172 3944 1231 3989 ut
1276 3950 1306 3988 a
1360 3933 1632 3989 militibus
1679 3933 1977 4001 imperator

2084 3954 2217 4006 φους
2246 3939 2343 4007 οὐχ
2369 3938 2565 4006 ἥττους
2589 3937 2756 4008 κόρας
2804 3953 2863 3990 τε
2903 3937 3295 4006 καλλιγραιξεῖν
3316 3932 3662 4006 ἠσκημένας)

399 4027 707 4096 appellatus
733 4035 903 4093 esset,
949 4027 1300 4099 signiﬁcavit.
1358 4028 1472 4083 Nec
1531 4027 1584 4081 in
1634 4026 1977 4083 Christianos

2083 4027 2159 4097 τῷ
2202 4026 2297 4080 τοῦ
2345 4028 2645 4099 μαρτυρίου
2701 4029 2918 4097 λέγεται
2965 4028 3310 4097 κοσμηθῆναι
3381 4023 3659 4095 στεφάνῳ,

401 4121 671 4176 duntaxat
698 4136 880 4177 saevus
907 4131 1073 4192 atque
1100 4121 1359 4175 immanis
1378 4121 1611 4183 exstitit,
1641 4120 1735 4175 sed
1771 4120 1823 4173 in
1853 4119 1977 4174 sub-

2087 4120 2204 4188 ἆμα
2242 4120 2624 4192 Πρωτοκτήτῳ
2656 4120 3037 4192 πρεσϐυτέρω.
3059 4119 3422 4190 Δύταρχήσας
3445 4116 3490 4169 δ’
3510 4112 3668 4179 οὗτος

400 4214 548 4269 ditos
576 4229 734 4285 aeque
765 4229 984 4270 omnes.
1033 4215 1170 4269 Nam
1205 4225 1264 4270 et
1312 4214 1589 4284 superbus
1618 4221 1757 4272 erat.
1795 4220 1853 4267 et
1886 4227 1983 4281 pe-

400 4308 578 4363 cunia:
604 4307 823 4375 avidus,
854 4323 1031 4379 eaque
1077 4308 1146 4364 de
1178 4323 1341 4363 causa
1395 4307 1794 4377 injustissimus
1816 4306 1978 4378 621

402 4405 459 4452 et
509 4398 919 4469 sanguinarius,
958 4400 1200 4470 denique
1252 4399 1413 4469 plane
1465 4410 1752 4471 tyrannus.
1781 4398 1851 4453 ad
1888 4412 1982 4452 ra-

401 4488 561 4558 pinas
584 4499 642 4546 et
670 4490 849 4546 czcdcs
884 4492 1170 4547 hominum
1201 4490 1321 4546 sine
1355 4490 1467 4546 ulla
1505 4488 1783 4559 probabili
1813 4502 1983 4543 causa

2083 4214 2112 4264 ό
2139 4212 2443 4281 Μαξιμῖνος
2477 4254 2493 4279 ,
2524 4212 2684 4277 εὐθὺς
2710 4212 2994 4266 ἐπέστειλε
3026 4214 3093 4282 τῇ
3147 4212 3437 4280 συγκλήτῳ
3476 4209 3574 4280 τὴν
3600 4211 3667 4262 ὲκ

2085 4304 2194 4357 τῶν
2221 4305 2655 4377 στρατευμάτων
2686 4306 2991 4378 ἀνάρρησιν
3014 4305 3190 4375 ταύτῃ
3214 4303 3394 4375 δηλῶν
3444 4302 3664 4360 ἑαυτοῦ.

2086 4397 2162 4449 Οὐ
2188 4396 2371 4466 μόνοις
2396 4396 2454 4449 δὲ
2484 4396 2835 4465 Χριπιανοῖς
2867 4395 3040 4467 βαρὺς
3066 4395 3282 4467 ὑπῆρχε
3303 4393 3397 4447 καὶ
3418 4392 3663 4464 ἀπηνὴς.

2085 4487 2222 4542 ἁλλά
2255 4488 2353 4541 καὶ⁵
2379 4487 2516 4541 πᾶσι
2539 4489 2652 4552 τοῖς
2678 4486 2966 4558 ὑπηκόοις.
3012 4486 3317 4558 ’Υϐριστής
3369 4503 3430 4540 τε
3460 4485 3569 4556 γάρ
3597 4480 3669 4555 ἦν

404 4597 576 4637 ruens
606 4598 621 4636 :
649 4582 717 4637 ad
745 4598 885 4653 quas
906 4583 1046 4639 adeo
1072 4598 1384 4655 propensus
1414 4582 1541 4646 fuit,
1567 4584 1632 4637 ut
1663 4596 1765 4637 nec
1792 4582 1977 4637 uxoris

2087 4581 2184 4634 καὶ
2203 4580 2675 4651 ὲρασιχρήματος,
2707 4577 3010 4634 κάντεῦθεν
3038 4580 3136 4633 καὶ
3176 4576 3542 4642 ἀδικώτατος,
3568 4577 3668 4630 καὶ

404 4689 520 4729 sua:
548 4674 677 4728 vitae
726 4685 998 4744 parceret.
1029 4674 1383 4731 Occultandae
1412 4689 1581 4743 porro
1624 4673 1977 4746 ignobilitatis

2087 4675 2265 4742 φόνων
2293 4673 2558 4744 ἐργάτης,
2575 4674 2687 4727 καὶ
2703 4674 2969 4745 τύραννος
2991 4671 3278 4741 ἄντικρυς,
3306 4671 3567 4742 χωρήσας
3587 4670 3670 4732 είς

405 4777 520 4817 sua:
552 4762 737 4817 studio
770 4763 1016 4832 patriciis
1046 4764 1347 4835 despectis,
1389 4764 1678 4821 hominum
1714 4765 1983 4819 obscuro-

2087 4765 2344 4836 ἁρπαγὰς
2365 4766 2462 4818 καὶ
2483 4764 2797 4835 ἀναιρέσεις
2810 4764 3120 4834 ἀνθρώπων
3141 4761 3203 4827 ἐξ
3221 4762 3485 4831 οὐδεμιᾶς
3512 4761 3669 4814 εὐλό-

405 4868 530 4907 rum
564 4851 943 4908 familiaritate
973 4854 1253 4909 utebatur.
1295 4855 1511 4922 Quibus
1535 4856 1605 4910 de
1645 4855 1829 4913 causis
1863 4870 1977 4912 om-

2088 4873 2187 4926 γου
2225 4856 2421 4926 λαϐῆς.
2453 4857 2722 4911 Τοσοῦτον
2770 4856 2817 4911 δ’
2860 4859 2942 4920 εἰς
2993 4856 3310 4927 μιαιφονίας
3353 4856 3665 4923 ἐξώκειλεν,

404 4946 562 5001 nium
588 4944 716 4999 odia
743 4947 1008 5015 suscepit.
1039 4945 1190 5001 Bello
1234 4945 1522 5003 Germanis
1555 4947 1729 5008 illato.
1768 4949 1977 5018 praedas

2086 4952 2163 5015 ώς
2193 4950 2331 5021 μηδὲ
2364 4949 2467 5019 τῆς
2512 4949 2650 5013 ἰδίας
2719 4949 3015 5019 φείσασθαι
3062 4949 3343 5015 γυναικός
3405 4948 3670 5017 κάκείνην

407 5054 475 5093 ex
506 5036 656 5108 agris
685 5037 821 5107 egit.
860 5036 1227 5094 Barbarorum
1277 5039 1501 5094 nemine
1544 5039 1598 5093 in
1627 5051 1977 5109 conspectum

2085 5043 2195 5112 γὰρ
2228 5041 2430 5095 ἀνεῖλε.
2463 5041 2574 5111 Τὴν
2593 5041 2801 5095 οἰκείαν
2841 5041 2889 5095 δ’
2935 5037 3048 5095 οἷον
3088 5040 3482 5095 ἐπικαλύπτων
3540 5041 3667 5093 δυσ-

406 5130 690 5184 veniente.
727 5128 935 5185 Deinde
966 5129 1117 5184 circa
1146 5129 1379 5199 paludes
1415 5141 1471 5185 ct
1497 5141 1794 5203 perpetuas
1821 5134 1977 5187 silvas

2084 5135 2305 5201 γένειαν
2327 5174 2342 5196 ,
2376 5134 2503 5196 τοὺς
2540 5135 2639 5203 μὲν
2656 5132 2992 5205 εὐπατρίδας
3005 5134 3226 5203 ἠτίμου,
3261 5131 3668 5203 προσῳκειοῦτο

404 5230 801 5293 apparuerunt.
831 5221 951 5288 Quo
974 5238 1099 5278 cum
1132 5224 1362 5278 Romani
1392 5224 1705 5285 irruissent,
1732 5239 1977 5295 magnam

2084 5227 2141 5280 δὲ
2166 5228 2294 5290 τοὺς
2327 5227 2384 5294 ἐξ
2418 5227 2663 5296 ἀφανῶν.
2711 5230 2808 5283 Διά
2846 5227 3022 5281 ταῦτα
3075 5227 3258 5280 τοίνυν
3308 5227 3414 5280 ὑπὸ
3452 5228 3668 5282 πάντων

406 5331 599 5375 eorum
633 5315 1050 5371 multitudinem
1081 5316 1429 5373 occiderunt.
1486 5315 1565 5371 Ita
1595 5317 1775 5371 victor
1820 5316 1985 5371 Μεικί-

2089 5320 2384 5389 μεμίσητο.
2413 5320 2859 5391 Ἐκστρατεύσας
2911 5320 2969 5373 δὲ
3019 5321 3165 5374 κατά
3212 5320 3534 5391 Γερμανῶν,
3569 5321 3668 5391 τὴν

408 5409 619 5473 minus,
649 5424 772 5462 eum
823 5408 1059 5462 maxima
1122 5408 1466 5478 captivorum
1516 5408 1677 5463 turba
1732 5425 1977 5465 reversus

2085 5413 2271 5482 χώραν
2293 5410 2472 5464 αὐτῶν
2495 5412 2768 5479 ὲληῖσατο,
2796 5410 2901 5464 τῶν
2935 5411 3240 5481 Βαρϐάρων
3271 5411 3497 5482 μηδενὸς
3533 5412 3669 5464 ὐπο-

407 5509 512 5555 est.
553 5500 660 5556 Sed
691 5502 818 5571 quia
861 5502 965 5558 sibi
990 5502 1174 5558 omnia
1225 5503 1574 5559 subditorum
1631 5503 1773 5558 bona
1808 5503 1988 5557 vindi-

2088 5506 2443 5574 φαινομένου.
2475 5502 2610 5558 Εἶτα
2639 5507 2772 5573 περὶ⁸
2799 5504 2867 5558 τὰ
2888 5504 2983 5574 ἕλη
3014 5505 3108 5557 καὶ
3136 5505 3238 5567 τάς
3275 5507 3524 5574 συνεχεῖς
3546 5504 3670 5557 ἀνε-

410 5594 595 5657 cahat,
633 5608 739 5648 nec
784 5594 950 5649 ullam
1000 5596 1249 5665 pecunia:
1312 5595 1593 5666 rapienda:
1640 5595 1977 5651 occasionem

2085 5598 2339 5666 φάνησαν
2374 5596 2525 5660 ὔλας.
2559 5597 2737 5651 Κάκεῖ
2765 5596 2823 5648 δὲ
2854 5596 2963 5649 τῶν
3019 5595 3309 5664 Ῥωμαίων
3349 5594 3670 5647 είσελασὰν-

413 5682 744 5752 negligcbat,
786 5701 849 5741 ac
879 5702 948 5741 ne
984 5690 1158 5744 sacris
1197 5689 1421 5757 quidem
1466 5690 1599 5758 ipsis
1648 5689 1981 5753 abstinebat,

2084 5707 2212 5755 των,
2253 5688 2432 5759 πλήθη
2484 5688 2654 5742 πολλά
2686 5688 3053 5761 ἀνῃρέθησαν.
3090 5688 3198 5741 Καὶ
3247 5674 3394 5740 οὓτω
3437 5685 3672 5756 νικήσας

416 5773 674 5831 omnibus
711 5792 809 5832 eos
859 5778 1083 5847 milites,
1127 5795 1155 5835 a
1194 5780 1396 5850 quibus
1429 5781 1726 5853 imperator
1769 5790 1977 5838 creatus

2090 5779 2392 5852 ἐπανῆλθεν
2432 5783 2459 5834 ὁ
2511 5780 2839 5848 Μαξεμῖνος,
2902 5779 3268 5853 αἰχμαλώτων
3324 5779 3534 5851 πληθὺν
3569 5777 3666 5830 ἐττ-
