4048 6442
282 367 418 436 1051

1557 374 1877 438 JOA‘NNIS
1913 374 2239 439 ΖΟΝΑΜΞ

3402 370 3545 436 1052

279 498 414 538 num
462 496 648 537 rerum
697 484 935 555 potitum
983 500 1111 542 esse
1151 484 1416 552 tradam;
1472 486 1573 543 sed
1621 487 1857 556 imperio

1982 488 2249 559 τξήκοντα.
2286 489 2399 544 Καὶ
2419 489 2779 544 ἒύασῖλευσαν
2804 484 2951 541 κατά
2976 503 3131 552 τινας
3186 486 3288 557 μὲν
3328 486 3547 555 ἡμέρας

279 590 370 628 Vix
415 588 514 644 per
554 575 834 632 somnium
866 578 1180 647 degustato,
1221 577 1516 634 celerrime
1560 579 1855 634 excidisse.

279 664 610 734 Priusquam
658 666 808 721 enim
858 667 972 721 duo
1023 682 1244 723 menses
1295 669 1697 735 elaberentur,
1750 683 1859 723 una

280 769 408 811 cum
439 754 673 825 imperio
712 756 823 810 vita
871 756 1038 811 etiam
1086 757 1363 827 privatum
1404 773 1566 813 esse:
1596 773 1627 814 a
1657 758 1862 827 quibus

282 855 490 913 autem,
538 853 597 902 et
640 846 845 916 quibus
891 846 960 901 de
1010 848 1216 910 causis,
1268 864 1393 903 cum
1438 848 1707 918 scriptum
1750 864 1861 903 non

285 936 613 1004 invenerim,
638 938 860 993 silentio
882 947 939 993 et
969 939 1085 1009 ipse
1107 939 1370 1009 praeterii.
1403 939 1464 993 Ei
1490 941 1551 995 P.
1577 939 1862 995 Balbinum

284 1029 620 1084 successisse
673 1027 938 1084 tradunt:
996 1030 1129 1101 qui,
1174 1045 1302 1085 cum
1347 1046 1447 1101 per
1494 1040 1606 1087 tres
1648 1046 1866 1087 menses

286 1120 506 1188 imperii
552 1120 793 1175 fructum
833 1122 1057 1177 brevem
1097 1124 1457 1193 percepisset,
1501 1125 1557 1180 in
1602 1124 1866 1180 Gordiani

286 1211 556 1284 designati
603 1213 952 1284 imperatoris
1000 1214 1098 1285 (ut
1127 1215 1336 1271 dictum
1378 1217 1505 1289 est)
1581 1233 1650 1274 ex
1681 1217 1868 1273 Africa

288 1304 530 1360 adventu
561 1305 778 1362 occisus
807 1305 998 1361 fuerit.
1031 1307 1372 1364 Gordianum
1400 1324 1557 1375 vero,
1594 1325 1722 1366 cum
1753 1309 1872 1366 Ro-

291 1412 437 1453 mam
490 1400 767 1464 venisset,
822 1408 1152 1471 acgrotasse,
1203 1402 1400 1471 partim
1449 1402 1521 1459 ob
1565 1413 1869 1459 extremam

290 1498 508 1546 aetatem
554 1491 751 1559 (annos
793 1491 943 1546 enim
978 1508 1140 1548 ιιιιι
1172 1494 1681 1566 habebat),partim
1720 1495 1869 1568 quod

290 1598 360 1637 ex
404 1581 653 1653 longiore
696 1584 1066 1653 navigationis
1097 1586 1388 1642 vexatione
1427 1587 1665 1644 alllictus
1700 1599 1870 1652 esset,

292 1674 530 1747 obiisse,
573 1691 686 1730 xm
722 1673 991 1731 duntaxat
1021 1675 1221 1733 diebus
1253 1679 1309 1733 in
1344 1680 1579 1749 imperio
1616 1681 1871 1735 exactis:

295 1766 580 1837 liliumque
617 1766 956 1825 Gordianqu
1001 1783 1382 1825 successorem
1423 1770 1739 1841 reliquisse.
1777 1772 1875 1826 At-

293 1871 404 1925 que
437 1857 530 1913 alii
563 1857 679 1913 haec
720 1857 795 1912 ita
825 1868 1125 1914 consecuta
1153 1873 1275 1913 esse
1302 1858 1546 1915 tradunt.
1583 1860 1691 1916 Alii
1731 1860 1875 1916 scri-

295 1945 457 2013 bunt,
491 1948 759 2018 quosdam
794 1947 1078 2006 Gordiano
1104 1949 1160 2005 in
1188 1950 1375 2005 Africa
1408 1949 1734 2019 imperatori
1770 1966 1874 2021 ap-

294 2037 522 2105 pellato,
545 2038 874 2094 seditionem
908 2039 1172 2104 movisse,
1202 2050 1259 2097 et
1281 2040 1546 2096 Gordiani
1575 2041 1738 2113 623
1766 2042 1875 2096 mi-

295 2127 424 2181 lites
471 2127 832 2184 succubuisse
878 2146 896 2187 :
951 2130 1253 2202 multisque
1298 2132 1480 2196 caasis,
1527 2142 1698 2203 atque
1752 2131 1875 2204 ipso

296 2214 559 2273 Gordiani
598 2217 742 2284 ﬁlios,
769 2233 959 2277 senem
994 2236 1109 2291 prae
1147 2222 1358 2285 doloris
1387 2224 1756 2296 impatientia.
1794 2227 1877 2282 la-

298 2322 446 2376 queo
489 2309 659 2363 vitum
708 2308 972 2367 iinivisse.
1017 2310 1150 2379 Alii,
1201 2313 1297 2383 qui
1341 2315 1552 2385 juniori
1598 2314 1878 2373 Gordiano

301 2405 428 2469 post
451 2399 628 2469 patris
663 2399 879 2461 obitum
905 2416 973 2457 ex
995 2402 1190 2458 morbo
1221 2401 1514 2476 imperium
1541 2406 1879 2475 attribuunt,

299 2505 429 2544 eum
473 2489 659 2545 Persis
700 2490 960 2553 intulisse
1006 2492 1217 2549 bellum
1259 2494 1486 2550 ferunt:
1532 2496 1777 2568 dumque
1823 2498 1878 2552 in

301 2597 485 2651 pugna
526 2596 673 2653 equo
720 2583 952 2640 incitato
997 2585 1172 2641 aciem
1217 2586 1701 2652 circumvolitans,
1748 2606 1882 2646 suos

302 2672 374 2727 ad
397 2689 514 2727 rem
532 2682 757 2730 strenue
780 2676 1077 2745 gerendam
1106 2678 1453 2743 cohortatur,
1473 2694 1541 2735 ex
1567 2680 1693 2750 equi
1722 2680 1880 2751 lapsu

302 2765 515 2822 femore
562 2765 737 2823 fracto
781 2768 1010 2825 Romam
1057 2771 1327 2840 perlatum
1374 2770 1714 2834 decessisse.
1754 2788 1882 2827 cum

306 2873 403 2912 sex
424 2873 602 2913 annos
631 2858 976 2929 imperasset.
1003 2860 1257 2918 Urbanus
1280 2862 1529 2918 Romano
1556 2863 1878 2934 pontiﬁcatu

305 2948 470 3003 annis
523 2958 652 3004 octo
706 2948 965 3017 functus,
1018 2951 1318 3007 Maximino
1370 2953 1676 3022 imperante
1722 2953 1880 3015 obiit.

306 3037 581 3094 Pontiano
637 3053 984 3097 successore.
1040 3039 1403 3099 Antiochensi
1450 3042 1711 3098 Ecclesiae
1762 3051 1886 3112 post

1900 1823 1948 1883 Β

1958 580 2055 634 δύο
2068 582 2166 634 καὶ
2185 582 2383 648 εἰκοσι,
2403 581 2526 636 καθ’
2543 583 2631 635 ἑτέ
2641 598 2766 649 ρους
2778 580 2837 633 δὲ
2859 580 2961 651 οὐχ
3003 566 3160 641 ὄλοιῖς
3184 577 3360 648 μῆνας
3372 578 3498 647 τρεῖ
3511 595 3547 633 :.

1961 673 2117 728 Μετά
2128 671 2352 736 τούτους
2366 674 2415 727 οῖ
2450 673 2550 743 μὲν
2577 672 2931 743 Πομπηῖανόν
2951 687 3074 723 τινα
3099 669 3212 740 (6‘2)
3238 666 3553 737 συγγεγρά-

1963 781 2096 832 φασι
2130 764 2233 836 τῆν
2286 763 2577 834 Ῥωμαίων
2616 763 2908 835 ἑσχηκέναι
2942 761 3146 832 ἀρχὴν,
3181 758 3465 829 ταχύτατα
3501 757 3549 812 δ’

1964 854 2389 910 ἐκπεπτωκέναι
2443 855 2635 926 αὐτῆς,
2671 856 2750 917 ὼς
2791 855 2851 906 ἓν
2902 852 3105 924 ὀνείρῳ
3148 854 3248 921 τῆς
3298 851 3553 917 ἔξουσίας

1965 942 2374 998 ἀπολαύσαντα.
2407 942 2576 998 Οὔπω
2603 946 2711 1015 γὰρ
2743 944 2839 998 δύο
2870 940 3312 1014 παρεληλυθέναι
3348 941 3550 1010 μῆνας,

1965 1038 2065 1089 καὶ
2095 1035 2428 1106 στερηθῆναι
2463 1035 2630 1089 αὐτὸν
2664 1035 2804 1106 πρὸς
2849 1037 2915 1106 τῇ
2984 1032 3262 1106 μοναρχίᾳ
3302 1032 3399 1086 καὶ
3449 1031 3553 1100 τῆς

1967 1126 2115 1197 ζωῆς
2134 1126 2516 1197 ἀναιρεθέντα·
2541 1125 2693 1198 παρὰ
2715 1127 2878 1181 τίνων
2901 1126 2957 1181 δὲ
2977 1126 3074 1180 καὶ
3093 1126 3180 1179 διὰ
3197 1126 3321 1178 τίνα
3345 1126 3433 1177 ait
3443 1124 3552 1190 ίαν,

1972 1218 2048 1289 μὴ
2081 1218 2357 1287 εὑρηκὼς,
2392 1218 2798 1290 παρεσιὼπησα
2829 1218 2925 1272 καὶ
2957 1216 3143 1279 αὑτός.
3164 1214 3307 1271 Μεθ’
3335 1214 3395 1269 ὃν
3415 1215 3552 1287 (65),

1971 1311 2248 1366 Πούπλιον
2293 1311 2721 1383 ἀντεισαχθῆναι
2756 1311 3020 1365 Βαλόῖνον
3072 1310 3391 1381 ἱστόρησαν.
3442 1309 3555 1365 Καὶ

1974 1404 2173 1476 μικρόν
2203 1421 2257 1458 τι
2300 1406 2559 1459 κάκεῖνον
2601 1404 2699 1475 τῆς
2738 1403 3050 1474 αὑταρχῖας
3099 1402 3557 1473 ἀπογευσάμενον

1972 1496 2089 1567 (ἐπὶ
2136 1496 2284 1568 τρισὶ
2314 1496 2424 1566 γὰρ
2454 1497 2623 1568 μησὶν
2650 1494 2804 1567 αὐτῷ
2830 1495 2933 1566 τὴν
2966 1495 3143 1567 ἀρχὴν
3176 1495 3558 1566 περιγράφου-

1976 1589 2106 1659 σιν),
2138 1588 2497 1659 ἀναιρεθῆναι
2551 1589 2830 1656 κάκεῖνον,
2879 1589 3005 1658 ἄρτι
3042 1587 3446 1651 καταλαϐόντος
3478 1586 3558 1639 »ὲκ

1974 1679 2184 1748 Λιϐύης
2214 1679 2254 1731 Γ
2256 1677 2539 1749 ορδιανοῧ,
2581 1677 2642 1741 ὃς
2691 1679 2829 1744 ἐκεῖ,
2884 1678 2961 1739 ὡς
3018 1677 3121 1748 ἤδη
3178 1694 3269 1747 μοι
3323 1677 3555 1751 ἐρρήθη,

1975 1771 2443 1840 προανηγόρευτο.
2481 1767 2586 1822 Τὸν
2609 1768 2667 1822 δὲ
2693 1766 2990 1838 Γορδιανδν
3038 1767 3141 1834 τῆς
3175 1765 3400 1835 Ῥώμης
3438 1767 3561 1818 ἐπι-

1975 1860 2252 1929 ϐεϐηκότα
2286 1861 2542 1929 νοσῆσαι,
2570 1857 2633 1911 τὸ
2665 1858 2767 1929 μὲν
2809 1858 2894 1911 ὅτι
2926 1855 3263 1926 ὑπέργηρως
3284 1851 3353 1925 ἦν
3383 1855 3559 1924 (ἐϐδο-

1978 1954 2225 2023 μήκοντα
2243 1949 2353 2021 γὰρ
2377 1950 2472 2004 καὶ
2498 1948 2660 2003 ἐννέα
2704 1947 2838 2001 ἐϐίω
2865 1944 3199 2016 ἑνιαυτοὺς),
3258 1946 3321 1997 τὸ
3379 1944 3426 1999 δ’
3475 1946 3559 1999 ὅτι

1974 2041 2412 2114 χρονοτριϐῆσας
2439 2041 2498 2094 ὲν
2525 2043 2593 2110 τῇ
2627 2038 2878 2110 θαλάσσῃ
2905 2036 3050 2092 κατά
3082 2036 3176 2089 τὸν
3194 2032 3388 2099 πλοῦν,
3414 2034 3557 2087 πάνυ

1975 2132 2450 2200 τεταλαιπὼρητο.
2478 2132 2577 2184 καὶ⁸
2604 2131 2669 2185 ix
2696 2129 2795 2199 τῆς
2818 2127 2977 2181 νόσου
3004 2127 3210 2195 ταύτης
3240 2122 3562 2176 ἐκλελοιπέ-

1976 2241 2090 2291 ναι,
2127 2224 2295 2295 μόνας
2329 2223 2506 2277 εῖκοσι
2542 2222 2638 2276 καὶ
2666 2219 2778 2275 δύω
2804 2220 3020 2292 ἡμέρας
3040 2219 3099 2271 εν
3146 2216 3327 2289 ταύτῃ
3374 2214 3564 2282 διαγα-

1977 2320 2167 2386 γόνταο
2199 2315 2298 2385 καὶ.
2336 2317 2488 2385 σχεῖν
2518 2314 2613 2368 ἐπὶ
2663 2315 2730 2384 τῇ
2766 2310 3016 2383 βασιλεία
3061 2307 3307 2377 διάδοχον
3341 2305 3434 2360 τὸν
3482 2307 3566 2358 oi-

1978 2408 2126 2461 κεῖον
2171 2405 2306 2469 υῖθιν,
2361 2401 2655 2473 Γορδιανὺν
2716 2402 2973 2454 κάκεῖνον
3047 2395 3413 2463 καλούμενον,
3466 2396 3564 2449 καὶ

1980 2496 2378 2568 ὁμωνυμοῦντα
2414 2495 2496 2562 τῷ
2546 2494 2733 2564 οἰκείῳ
2774 2491 2966 2564 πατρί.
3019 2492 3083 2545 Ol
3119 2491 3218 2561 μὲν
3270 2485 3365 2544 οὖν
3420 2487 3567 2544 οὕτω

1982 2586 2530 2661 παρηκολουθηκέναι
2551 2585 2706 2640 ταῦθ’
2728 2584 3106 2655 ἱστορήκασιν·
3138 2583 3187 2661 oi
3209 2582 3268 2635 δὲ
3308 2581 3388 2652 τῷ
3429 2598 3561 2653 πρεο

1983 2660 2159 2751 σ6ύτῃ
2174 2677 2450 2749 Γορδιανῷ
2466 2675 2832 2748 ἀναῤῥηθέντι
2861 2673 3004 2729 κατὰ
3029 2660 3238 2740 Λιϐύην
3268 2675 3399 2743 φασὶ
3424 2689 3561 2726 ναυ-

1982 2775 2298 2843 τοκρᾶιτορι,
2331 2767 2703 2839 ὲπαναστῆναι
2734 2784 2909 2830 τινας,
2952 2766 3051 2819 καὶ
3107 2766 3290 2835 μάχης
3324 2778 3537 2831 συγκρο

1982 2860 2264 2929 τηθείσης,
2282 2856 2587 2929 ἡττηθῆναι
2613 2857 2741 2916 τοὺς
2762 2855 2860 2908 τοῦ
2877 2854 3196 2926 Γορδιανοῦ,
3216 2854 3310 2908 καὶ
3330 2851 3556 2915 πολλοὺς

1983 2949 2187 3016 αὐτῶν,
2217 2948 2353 3004 ἀλλὰ
2389 2949 2503 3018 μὴν
2534 2946 2630 3001 καὶ
2661 2946 2755 3001 τὸν
2801 2945 2920 2998 υἱὸν
2972 2943 3140 2999 αὐτοῦ
3186 2943 3557 3014 ἀναιρεθῆναι.

1984 3041 2092 3094 Τὸν
2134 3039 2194 3091 δὲ
2245 3037 2707 3108 ύπεραλγήσαντα
2762 3035 3134 3104 ἀπάγξεσθαι,
3206 3036 3297 3089 καὶ
3384 3033 3563 3098 οὕτως

308 3128 588 3185 Pliiletum
611 3130 854 3186 Zebinus
874 3131 1115 3203 praefuit.
1141 3133 1257 3189 Sub
1277 3132 1553 3189 Gordiano
1578 3133 1713 3201 ﬁlio,
1736 3134 1880 3189 Pon-

1991 3131 2181 3184 ἑαυτὸν
2208 3130 2311 3199 τῆς
2343 3129 2489 3198 ζωῆς
2522 3125 2917 3196 ὑπεξαγαγεῖν.
2951 3128 3014 3180 Οἱ
3038 3126 3098 3181 δὲ
3118 3125 3196 3196 τῷ
3227 3125 3332 3195 υἱῷ
3354 3125 3566 3179 ἐκείνου

310 3221 464 3277 tiano
497 3222 749 3278 Romano
777 3223 1050 3294 pontiﬁci,
1080 3236 1239 3281 sexto
1278 3225 1574 3282 ministerii
1611 3241 1755 3281 anno
1783 3224 1884 3281 de-

311 3313 537 3381 functo,
578 3316 845 3372 successit
876 3316 1140 3384 Anteros,
1168 3334 1231 3372 ac
1272 3318 1437 3388 paulo
1474 3329 1598 3388 post
1634 3318 1690 3373 in
1723 3319 1886 3374 aliam

310 3405 483 3460 vitam
516 3407 791 3477 migravit.
827 3408 959 3464 Post
987 3424 1152 3477 quem
1190 3410 1506 3477 Flavianus,
1546 3410 1738 3467 divino
1765 3412 1888 3467 suf-

312 3497 509 3568 fragio,
554 3507 617 3552 ut
658 3509 849 3554 narrat
884 3501 1183 3566 Eusebius,
1223 3502 1603 3572 episcopatum
1638 3512 1725 3558 est
1755 3504 1890 3559 ade-

313 3602 465 3659 ptus.
513 3588 711 3643 Fertur
749 3589 938 3655 enim,
988 3591 1243 3647 ﬁdelibus
1291 3592 1567 3662 deligendi
1610 3593 1891 3664 pontiﬁcis

314 3695 480 3734 causa
518 3680 896 3750 congregatis,
947 3682 1267 3738 Flavianum
1314 3699 1537 3755 quoque
1585 3700 1781 3741 recens
1823 3702 1890 3741 cx

316 3785 451 3840 agro
499 3769 824 3834 advenisse,
885 3787 1065 3841 neque
1113 3773 1182 3828 ab
1232 3774 1342 3829 ullo
1388 3776 1727 3830 mentionem
1768 3791 1891 3833 esse

316 3861 549 3924 factam,
592 3863 750 3931 quasi
797 3862 843 3919 is
887 3864 1149 3920 Ecclesia;
1191 3865 1530 3936 praefuturus
1568 3878 1758 3924 esset:
1793 3868 1890 3924 sed

316 3952 616 4007 concilium
665 3968 914 4018 curasse,
946 3969 1243 4025 quemnam
1285 3972 1354 4013 ex
1399 3956 1524 4013 aliis
1566 3958 1890 4016 anteferret.

320 4047 533 4102 interea
578 4046 890 4102 columbam
932 4048 1277 4105 advolantem
1355 4050 1521 4121 capiti
1555 4051 1704 4107 illius
1743 4051 1893 4107 inse-

319 4140 490 4205 disse,
512 4148 679 4209 atque
708 4139 837 4195 inde
863 4155 1056 4196 omnes
1081 4143 1249 4197 veluti
1280 4144 1438 4214 signo
1466 4144 1597 4199 dato
1622 4158 1730 4199 una
1758 4159 1892 4199 voce

319 4231 674 4299 exclamasse,
702 4246 829 4287 eum
852 4233 1078 4305 dignum
1100 4236 1424 4306 pontiﬁcatu
1451 4254 1465 4292 :
1485 4252 1550 4293 ac
1566 4239 1703 4292 citra
1724 4236 1890 4292 ullam

320 4325 732 4379 cunctationem
764 4324 820 4379 in
855 4325 1054 4380 throno
1084 4327 1414 4382 collocatum
1440 4342 1586 4384 esse.
1618 4327 1760 4382 Tum
1793 4327 1895 4383 Ze-

322 4416 456 4472 lnino
480 4432 702 4488 quoque
730 4417 1035 4475 Antiochia:
1066 4418 1350 4482 defuncto.
1372 4421 1887 4492 successitBabyla.

1988 3222 2066 3294 τῷ
2088 3224 2196 3290 νέῳ
2222 3219 2498 3292 Γορδιανῷ
2527 3219 2627 3289 τὴν
2646 3220 2758 3272 τῶν
2792 3217 3080 3287 Ῥωμαίων
3104 3218 3407 3287 ἡγεμονίαν
3431 3216 3569 3287 μετὰ.

1988 3316 2080 3369 τὸν
2106 3315 2173 3368 ὲκ
2203 3312 2361 3366 νόσου
2417 3311 2647 3367 θάνατον
2692 3308 2788 3364 τοῦ
2849 3308 3229 3381 πρεσϐυτέρου
3273 3307 3571 3382 Γορδιανοῦ

1989 3403 2492 3475 προσκληροῦντες,
2537 3403 2683 3457 κατά
2735 3400 2961 3472 Περσῶν
3013 3400 3179 3454 αὐτὸν
3226 3402 3585 3472 γεγράφασιν

1989 3496 2469 3569 ὲκστρατεύσαντα
2507 3496 2603 3550 καὶ
2660 3493 3012 3564 συμϐαλόντα
3059 3495 3267 3557 αὐτοῖς.
3342 3495 3451 3548 κάν
3500 3496 3569 3564 τῇ

1993 3588 2142 3659 μάχῃ
2172 3588 2265 3640 τὸν
2293 3586 2461 3640 ῖππον
2486 3583 2800 3647 ἐλαύνοντα,
2830 3584 2925 3637 καὶ
2956 3582 3083 3646 τοὺς
3127 3583 3362 3645 οἰκείους
3385 3598 3571 3652 παρα-

1992 3680 2355 3753 θαρρύνοντα,
2393 3680 2488 3732 καὶ
2522 3677 2659 3748 πρὸς
2682 3676 2856 3746 ἀλκὴν
2883 3674 3274 3743 ὲπαλεῖφοντα.
3319 3675 3571 3746 Ὀλισθὴ-

1993 3788 2188 3835 σαντος
2221 3770 2279 3823 δὲ
2307 3768 2404 3824 τοῦ
2455 3768 2627 3823 ῖππου
2668 3767 2766 3820 καὶ
2822 3764 3201 3836 συμπεσόντος
3252 3764 3425 3836 αὐτῷ,
3476 3767 3573 3820 τὸν

1995 3864 2170 3937 μηρὸν
2220 3861 2579 3929 κατεαγῆναι.
2635 3859 2748 3913 Καὶ
2791 3854 2965 3920 οὕτως
2996 3855 3432 3926 ἀνακομισθῆναι
3488 3857 3571 3919 εἰς

2002 3954 2247 4025 Ῥώμην,
2275 3951 2373 4007 καὶ
2400 3953 2466 4005 ἑκ
2512 3947 2610 4003 τοῦ
2661 3945 3025 4017 κατάγματος
3082 3943 3428 4015 τελευτῆσαι,
3477 3945 3572 4000 ἐπὶ

1993 4046 2055 4113 ἒξ
2095 4046 2378 4110 ινιαυτοὺς
2423 4040 2877 4112 αύταρχὴσαντα.
2933 4038 3212 4110 Οὐρϐανὸς
3276 4038 3335 4092 δὲ
3385 4041 3415 4094 ὁ
3472 4040 3570 4111 τῆς

2005 4137 2227 4209 Ῥώμης
2247 4138 2543 4210 ἀρχιερεὺς
2573 4140 2752 4193 ἔτεσιν
2799 4138 3237 4210 ἀρχιερατεύσας
3281 4138 3448 4206 ὀκτὼ,
3473 4138 3573 4193 τοῦ

1993 4232 2304 4304 Μαξιμενου
2347 4232 2730 4305 βασιλεύοντος
2760 4232 2996 4296 ἀπεδίω,
3045 4232 3104 4287 ὃν
3139 4234 3432 4297 Ποντιανὸς
3465 4232 3575 4285 διε·-

1993 4327 2206 4391 δὲξατο.
2226 4328 2339 4397 Τῆς
2364 4329 2411 4382 δ’
2435 4327 2755 4398 Ἀντιοχέων
2776 4325 3110 4397 Ἐκκλησιας
3153 4327 3294 4398 μετά
3344 4326 3575 4396 Φιλητδν

1995 4420 2236 4490 προέστη
2267 4419 2515 4490 Ζηϐῖνος.
2561 4421 2685 4475 Ἐπὶ
2713 4420 2774 4474 δέ
2810 4436 2873 4489 γε
2905 4419 3200 4491 Γορδιανοῦ
3244 4418 3340 4473 τοῦ
3371 4418 3496 4473 νέου
3545 4421 3575 4472 ὁ

321 4483 587 4578 Origenes
612 4483 765 4561 tvero
804 4507 908 4563 sub
958 4508 1015 4563 id
1040 4518 1255 4580 tempus
1281 4510 1547 4569 Caesarea:
1591 4483 1880 4569 Palaestina

1999 4483 2107 4565 τιῖιν
2133 4513 2192 4565 ὲν
2222 4483 2428 4585 -Ῥιῖλμῃ
2459 4483 2671 4566 πιστῶν
2727 4483 3088 4582 προεστηκὼς
3126 4509 3425 4576 Ποντιανὸς
3444 4526 3578 4580 μετ-

322 4599 560 4685 degens,
616 4609 817 4670 prater
867 4600 1009 4658 alios
1056 4601 1152 4673 qui
1201 4602 1447 4673 undique
1494 4601 1895 4668 conﬂuxerant,

2000 4602 2239 4671 αλλάξας
2298 4603 2395 4658 τὸν
2436 4603 2551 4678 βίον
2575 4645 2590 4672 ,
2614 4602 2740 4676 ἔσχε
2763 4603 3008 4674 διάδοχον
3029 4601 3122 4655 τὸν
3156 4601 3485 4672 Ἀντέρωτα,
3514 4603 3577 4659 ὲν

1482 4752 1682 4815 νοτία)
1716 4753 2026 4816 lectiones
2057 4760 2123 4816 et
2160 4760 2351 4819 notae.

399 4875 512 4947 (62)
553 4876 968 4947 Πομπητανόν.
1026 4875 1260 4947 Maximo
1312 4889 1370 4933 et
1399 4877 1600 4933 Albino
1645 4876 1899 4933 Publium

327 4939 658 5002 successisse
707 4939 902 4999 scribit
952 4958 1143 5000 auctor
1195 4939 1440 5001 (Σήνοηὶσὶ
1502 4948 1890 5013 Alexandrini,

328 5019 573 5086 huicque
612 5014 950 5086 Gordianum
983 5016 1257 5086 seniorem
1290 5034 1306 5082 ;
1340 5017 1388 5071 is
1438 5026 1624 5071 autem
1662 5017 1897 5073 Publius

328 5084 598 5157 Maximus
656 5084 918 5140 Balbinus
985 5085 1263 5157 Pupienus
1298 5156 1301 5157 ν
1340 5088 1667 5148 vocabatur,
1728 5102 1891 5157 quem

328 5156 584 5213 eumdem
614 5169 737 5226 esse
765 5170 891 5210 eum
927 5156 1261 5225 Pompeiano
1290 5156 1518 5212 Zonaras
1568 5166 1729 5226 putat
1748 5156 1760 5157 ί
1786 5157 1892 5212 Ca-

330 5227 634 5283 saubonus.
666 5224 900 5295 [slvero,
936 5224 1300 5295 Pompeianus
1324 5227 1531 5290 Civica,
1565 5224 1758 5282 consul
1783 5226 1889 5281 fuit

332 5311 460 5368 cum
490 5290 768 5368 Gordiano
802 5290 1128 5368 secundum,
1178 5298 1336 5368 cujus
1384 5297 1721 5368 consulatus
1738 5312 1892 5350 men-

340 5366 614 5439 ;_ioqest_in
647 5363 819 5420 veteri
851 5365 1215 5436 inscriptione
1240 5363 1420 5439 nuper
1443 5366 1591 5423 edita
1618 5381 1650 5423 a
1681 5366 1891 5422 Tboma

334 5436 592 5494 Rcinesio
625 5452 640 5492 :

867 5507 933 5561 Θ.
1150 5508 1197 5561 Κ

689 5579 1040 5634 ΔΝἸὩΝΕΙΑ
1074 5578 1287 5634 MouCA

692 5651 815 5704 ΚΑΙ
844 5651 920 5704 Μ.
952 5647 1394 5705 ΔΝΤΩΝΕΙΝΟΟ

692 5719 991 5773 ΑΛΚΜᾹΝ
1016 5718 1315 5775 ΦΙλΟΟΟΦ.

706 5787 939 5844 (ΣῬΩιΚ.
974 5788 1158 5842 ΛΝΕΘ

2346 4952 2489 5006 ATT
2522 4953 2708 5008 KAIC.
2741 4955 2818 5007 Μ.
2854 4951 3164 5005 ΑΝΤΩΝΙΩ

2353 5022 2692 5077 ΓοΡΔιΑΝο
2724 5024 2810 5076 TE
2844 5021 3038 5085 (scrib.
3065 5021 3155 5092 Β.)

2341 5092 2463 5147 ΚΑΙ
2494 5093 2888 5148 ΠΟΜΠΗΑΝΩ

2342 5162 2644 5217 ΚΙυΥΙΚΔ
2681 5163 2843 5219 KOC.

1995 5275 2173 5348 ljujus
2232 5275 2556 5348 Pompeiani
2619 5276 2842 5348 gentilis
2886 5275 2990 5330 fuit
3026 5274 3229 5348 Sextus
3262 5276 3565 5348 Vetulenus

1996 5346 2183 5401 Civica
2231 5346 2360 5401 Pom

2001 5416 2166 5471 modo
2193 5431 2285 5471 an.
2314 5416 2402 5474 Vl.
2433 5417 2497 5473 C.
2529 5418 2654 5474 838.

2439 5352 2597 5403 ianus
2625 5345 2830 5403 consul
2876 5361 3003 5401 cum
3037 5345 3100 5402 L.
3135 5345 3367 5403 Calonio
3397 5347 3565 5402 Com-

2080 5506 2192 5576 (65)
2223 5507 2659 5577 Παρεσιώπησα
2687 5507 2784 5562 καὶ
2814 5507 3021 5575 αὐτός·
3070 5510 3125 5562 οἱ
3166 5506 3221 5561 δ’
3255 5508 3462 5577 ἕτερόν
3492 5523 3575 5560 τις

2008 5593 2088 5633 να
2112 5576 2242 5647 μεθ’
2265 5576 2357 5633 δν.
2408 5578 2615 5632 Locum
2661 5579 2810 5634 hunc
2839 5578 3068 5633 Wolﬁus
3128 5587 3187 5632 ut
3246 5576 3569 5633 mendosum

2010 5646 2163 5702 notat
2191 5646 2247 5701 in
2279 5647 2457 5703 tribus
2504 5647 2801 5704 Codicibus
2828 5648 2975 5702 unde
3006 5647 3107 5701 tria
3143 5648 3260 5703 haec
3296 5650 3463 5703 verba
3516 5648 3570 5701 in

2013 5717 2291 5788 versione,
2353 5720 2402 5771 oi
2437 5716 2483 5770 δ’
2542 5719 2731 5788 ἕτερόν
2798 5734 2921 5771 τινα
2978 5717 3165 5773 omisit
3210 5734 3224 5773 :
3265 5729 3319 5774 et
3381 5732 3574 5774 revera

2016 5786 2218 5842 desunt
2255 5787 2307 5842 in
2337 5788 2498 5844 codd.
2532 5786 2665 5859 Reg.
2701 5797 2756 5845 et
2781 5790 3097 5845 Colbcrtco.
