4048 6406
400 349 541 413 1053
1627 348 1960 408 ANNAIJU

2074 349 2218 409 LIB.
2252 349 2398 408 XII.
3516 345 3656 412 1054

399 462 459 526 ἒξ
487 460 632 514 ἔτεσι
663 463 728 531 τῇ
757 459 1072 531 λειτουργίᾳ
1102 456 1432 530 ἐσχολακὼς.
1478 461 1540 512 Ὀ
1584 461 1641 514 δέ
1694 477 1757 528 γε
1795 460 1970 513 Ἀντέ-

2083 462 2250 514 etiam
2287 474 2544 529 magnum
2579 458 2928 530 Gregorium,
2957 460 3253 516 miriﬁcum
3281 461 3460 524 illum,
3492 459 3656 514 audi-

400 569 532 619 ρως,
567 552 661 602 ἐπὶ
713 551 1007 620 βράχιστον
1047 552 1189 605 πάνυ
1255 551 1448 620 καιρὸν
1497 553 1598 623 τὴν
1647 552 1970 620 Ἐκκλησίαν

2090 563 2264 604 torem
2299 551 2515 612 habuit,
2549 559 2605 604 et
2634 551 2858 605 fratrem
2893 552 3014 621 ejus
3046 552 3486 607 Athenodorum.
3513 551 3656 605 Tum

401 641 608 706 ῑθύνας,
643 642 780 712 πρὸς
818 641 985 706 ἄλλην
1011 641 1157 711 ζωὴν
1188 641 1547 711 μετελήλυθε.
1583 643 1717 696 Μεθ’
1745 641 1805 694 ὃν
1836 641 1970 694 Φλα-

2089 658 2312 712 quoque
2343 641 2634 696 Africanus
2667 641 2968 696 historicus
2999 645 3352 698 noscebatur.

399 732 585 793 σιανὸς
621 734 740 805 θείᾳ.
769 734 934 802 ψήφῳ
964 737 1064 805 τῆς
1095 733 1514 805 ἀρχιερωσύνης
1547 734 1869 804 τετύχηκεν,
1935 735 2010 798 ὡς
2075 735 2364 803 ἱστόρησεν
2420 735 2448 787 ὁ
2502 732 2782 796 Εὐσέϐιος.
2831 736 3069 801 Λέγεται
3123 736 3234 802 γὰρ
3291 735 3400 787 τῶν
3451 732 3660 786 πιστῶν

399 821 818 891 ἀθροισθέντων,
885 823 1023 876 ὥστε
1083 823 1176 876 τὸν
1236 825 1500 893 μέλλοντα
1529 825 1646 893 (τῆς
1695 823 2001 892 ἐπισκοπῆς
2045 824 2368 893 προστῆναι,
2416 822 2547 892 παρ’
2594 821 2776 875 αὐτῶν
2853 823 3179 895 ἐκλεγῆναιο
3268 827 3522 894 παρεῖναι
3569 820 3662 874 καὶ

401 921 494 971 τὸν
522 921 822 976 Φλασιανὺν
866 925 994 992 ἄρτι
1025 925 1230 994 ἥκοντα
1275 925 1335 990 ἐξ
1379 925 1550 998 ἀγροῦ
1582 969 1596 993 ,
1657 929 1733 997 μὴ
1791 928 1973 998 μέντοι
2015 929 2168 1000 παρά
2231 948 2327 984 του
2391 930 2548 998 λόγον
2583 928 2837 998 γενέσθαι
2866 924 2995 995 περὶ
3030 921 3216 984 αὑτοῦ,
3242 920 3316 982 ὡς
3356 933 3664 988 προστησο-

407 1011 572 1077 μένου
606 1013 708 1080 τῆς
743 1014 1092 1085 Ἐκκλησίας,
1119 1016 1238 1070 ἀλλ’
1285 1019 1508 1089 ἐτέρους
1561 1014 1701 1073 εἶναι
1743 1023 1872 1093 περὶ
1942 1019 2017 1075 ὧν
2055 1018 2124 1093 ἦν
2186 1026 2300 1086 τοῖς
2328 1022 2767 1092 συνειλεγμένοις
2816 1019 3041 1088 φροντὶς
3087 1013 3169 1078 τίς
3214 1013 3282 1067 ἂν
3333 1009 3661 1082 προκριθείη

402 1107 604 1162 αὐτῶν.
645 1108 733 1161 Ἐν
755 1112 996 1182 τοσούτῳ
1024 1112 1082 1165 δὲ
1129 1115 1460 1184 περιστερὰν
1489 1115 1858 1186 καταπτῆναι,
1903 1119 1998 1170 καὶ
2052 1117 2311 1188 ἐφιζῆσαι
2333 1120 2398 1189 τῇ
2431 1117 2525 1171 τοῦ
2551 1113 2853 1171 Φλαόιανοῦ
2913 1109 3146 1180 κεφαλῇ’
3169 1106 3467 1162 κάντεῦθεν
3491 1107 3666 1159 ἃπαν-

402 1214 502 1258 τας
533 1198 662 1262 τοὺς
679 1199 1076 1270 ἠθροισμένους
1118 1203 1236 1256 ἐκεῖ
1279 1205 1379 1276 μιᾷ
1427 1209 1580 1276 φωνῇ
1627 1207 1959 1278 χρήσασθαι,
2000 1208 2192 1280 ὥσπερ
2222 1210 2329 1264 ἀπὸ
2362 1208 2728 1277 συνθήματος,
2769 1204 2864 1258 καὶ
2913 1203 3118 1268 Ἀξιος,
3174 1197 3462 1268 ἐπιδοῆσαι
3487 1196 3659 1267 αὐτῷ,

403 1292 498 1342 καὶ
517 1290 595 1361 τῷ
615 1293 714 1360 τῆς
741 1295 1160 1368 ἀρχιερωσύνης
1189 1297 1366 1368 θρόνῳ
1413 1300 1504 1353 τὸν
1555 1301 1724 1372 ἄνδρα
1800 1305 2214 1371 προσενεγκεῖν,
2293 1302 2465 1372 μηδέν
2505 1319 2558 1355 τι
2628 1285 3024 1370 μελλήσαντας.
3096 1297 3231 1348 Τότε
3265 1294 3356 1346 καὶ
3393 1290 3419 1341 ὁ
3457 1292 3553 1360 τῆς
3605 1291 3665 1342 ὲν

417 1378 718 1453 Ἀντιοχείᾳ
749 1383 859 1437 τῶν
889 1385 1102 1440 πιστῶν
1143 1388 1472 1458 Ἐκκλησίας
1499 1389 1856 1462 προεστηκὼς
1885 1391 2104 1456 Ζεδίνος
2175 1393 2269 1446 τὸν
2341 1393 2455 1462 βίον
2481 1390 2716 1456 -λιπὼν,
2750 1390 2858 1444 ὑπὸ
2895 1380 3109 1443 Βαλύλα
3135 1385 3462 1453 διαδέχεται.
3517 1380 3678 1448 Ὠριοα

402 1479 569 1547 γένης
600 1477 656 1532 δὲ
685 1482 826 1533 κατά
875 1480 974 1550 τὴν
1027 1483 1086 1535 ἐν
1142 1483 1480 1556 Παλαιστίνῃ
1549 1485 1843 1556 διατρίϐων
1910 1489 2216 1560 τηνικαῦτα
2269 1471 2644 1560 Καισάρειαν,
2703 1484 2936 1546 πολλοὺς
2999 1471 3098 1551 μὲν
3181 1480 3278 1533 καὶ
3332 1475 3666 1544 πολλαχόθεν

402 1571 672 1640 ἐκέκτητο
701 1571 983 1641 φοιτητάς.
1018 1567 1143 1642 Εῐχε
1175 1572 1232 1626 δὲ
1255 1573 1463 1626 καὶτὸν
1505 1575 1681 1645 μέγαν
1740 1576 2041 1647 Γρηγόριον
2079 1579 2169 1631 τὸν
2205 1575 2656 1648 Θαυματουργὸν,
2699 1574 2796 1628 καὶ
2830 1573 2925 1626 τὸν
2949 1571 3146 1624 τούτου
3177 1568 3453 1637 ὁμαίμονα
3505 1563 3666 1633 Ἀθηο

401 1668 636 1736 νόδωρον
689 1665 801 1718 τῶν
834 1664 1033 1719 ἑαυτοῦ
1073 1666 1250 1735 λόγων
1291 1668 1590 1738 ἀκροατάς.
1628 1669 1764 1724 Τότε
1795 1671 1852 1724 δὲ
1884 1674 1980 1725 καὶ
2019 1672 2353 1743 Ἀφρικανὸς
2377 1675 2405 1726 ό
2439 1671 2794 1741 συγγραφεὺς
2818 1668 3163 1738 ἐγνωρίζετοο
3350 1649 3353 1651 ί

476 1755 582 1812 IH'.
613 1758 766 1810 Μετὰ
820 1755 878 1809 δὲ
927 1757 1022 1809 τὸν
1075 1757 1194 1810 νέον
1239 1758 1528 1830 Γορδιανδν
1583 1761 1770 1832 ἕτερος
1825 1758 1970 1824 αὖθις

2153 1765 2338 1820 XVIII.
2374 1765 2506 1835 qut
2548 1762 2885 1819 Gordianum
2923 1760 3198 1830 iuniorem
3221 1798 3236 1822 ,
3268 1756 3411 1810 alius
3435 1754 3668 1811 Gordia-

405 1854 693 1926 Γορδιανδς
745 1855 846 1924 τῆς
895 1855 1072 1925 ἀρχῆς
1133 1856 1451 1924 ἐπελάϐετο,
1504 1863 1646 1913 κατὰ
1689 1859 1846 1928 γένος
1880 1861 1978 1930 (ὡς

401 1947 582 2016 λόγος)
620 1947 916 2018 προσήκων
983 1951 1097 2012 τοῖς
1152 1950 1448 2004 ἀπελθοῦσι
1506 1952 1545 2004 Γ
1548 1953 1836 2024 ορδιανοϊς.
1880 1955 1978 2018 ’ος

404 2039 820 2104 ἐκστρατεύσας
859 2039 940 2104 είς
997 2039 1232 2110 Πέρσας,
1267 2043 1365 2096 καὶ
1411 2041 1731 2114 πολεμήσας
1774 2046 1979 2109 αὐτοῖς,

403 2127 669 2199 Σαπὼρου
708 2127 803 2182 τοῦ
841 2129 960 2182 υίοῦ
1001 2130 1362 2201 Ἀρταξέρξου
1406 2133 1500 2186 τοῦ
1546 2134 1742 2200 ἐθνους
1770 2137 1981 2208 ἡγεμο-

405 2217 673 2284 νεύοντος,
725 2219 926 2289 ῆττησέ
977 2237 1037 2273 τε
1085 2223 1213 2284 τοὺς
1265 2224 1565 2289 ἐναντίους,
1612 2227 1708 2279 καὶ
1762 2221 1982 2281 Νίσιϐιν

406 2311 500 2361 καὶ
529 2311 719 2382 Κάρας
759 2311 1056 2381 Ῥωμαίοις
1082 2312 1238 2376 αὖθις
1272 2314 1680 2377 ὲπανεσώσατο,
1709 2317 1815 2371 ὑπὸ
1841 2319 1983 2390 Περ-

409 2401 517 2453 σῶν
548 2402 640 2454 ἐπὶ
670 2401 976 2472 Μαξιμίνου
1011 2404 1486 2474 ὑφαρπασθείσας.
1515 2403 1648 2460 Εἶτα
1672 2407 1810 2480 πρὸς
1831 2411 1983 2480 Κτη-

408 2492 650 2559 σιφῶντα
706 2493 1043 2562 γενόμενος,
1098 2495 1156 2560 ἐξ
1209 2497 1506 2568 ἐπιϐουλῆς
1559 2499 1833 2554 Φιλίππου
1885 2501 1979 2553 τοῦ

403 2583 644 2653 ἐπάρχου
693 2583 789 2637 τοῦ
839 2585 1196 2658 δορυφορικοῦ
1253 2589 1523 2660 ἀνῃρέθη.
1595 2581 1764 2654 Οὗτος
1799 2592 1908 2661 γὰρ
1952 2591 1981 2644 ό

404 2675 690 2748 Γορδιανὺς
723 2677 915 2750 ἄρξας,
970 2679 1212 2749 ἔπαρχον
1240 2679 1328 2733 τὸν
1355 2684 1557 2734 οἰκεῖον
1591 2683 1982 2754 προχειρίσατο

402 2768 685 2838 πενθερόν.
734 2770 1085 2842 Τιμησοκλέα
1116 2770 1473 2843 καλούμενον.
1507 2774 1688 2843 Μέχρι
1739 2774 1837 2844 μὲν
1887 2772 1980 2828 οὖν

404 2861 603 2931 περιῆν
634 2856 812 2929 οὗτος,
847 2863 1024 2927 καλῶς
1056 2859 1169 2934 εἶχε
1205 2865 1271 2918 τὰ
1296 2866 1394 2934 τῆς
1428 2867 1680 2931 ἐξουσίας
1710 2866 1787 2937 τῷ
1815 2867 1979 2920 αύτο-

402 2955 652 3024 κράτορι,
683 2955 778 3006 καὶ
812 2955 954 3008 κατά
1021 2953 1152 3027 ῥοῦν
1178 2955 1404 3026 ἐφέρετό
1439 2958 1489 3009 οἱ
1536 2959 1604 3010 τὰ
1650 2958 1977 3029 πράγματα.

401 3046 810 3116 Ίίμησοκλέους
842 3047 898 3099 δὲ
923 3046 1353 3118 τελευτήσαντος
1381 3049 1653 3112 Φίλιππος
1687 3051 1981 3122 προκεχεί-

404 3151 556 3204 ριστο
610 3134 866 3204 ἔπαρχος.
923 3136 1039 3189 »Καὶ
1101 3139 1393 3192 στασιάσαι
1440 3139 1569 3204 τοὺς
1628 3140 1978 3211 στρατιώτας

401 3226 860 3295 βουλόμενος,τάς
883 3225 1062 3278 αὐτῶν
1089 3229 1334 3297 σιτήσεις
1365 3229 1700 3300 ἠλάττωσεν,
1733 3230 1809 3294 ὡς
1835 3229 1979 3301 τάχα

399 3317 556 3368 τοῦτο
583 3315 975 3379 κεκελευκότος
1001 3316 1097 3369 τοῦ
1124 3319 1546 3388 αὐτοκράτορος.
1592 3322 1654 3374 Οί
1692 3320 1751 3374 δέ
1783 3339 1970 3390 φασιν,

402 3409 487 3460 ὅτι
517 3407 610 3460 τὸν
640 3410 783 3460 σῖτον
807 3407 1004 3477 ἐπέσχε
1035 3407 1128 3462 τὸν
1153 3408 1233 3471 εἰς
1255 3409 1315 3463 τὸ
1343 3411 1711 3482 στρατόπεδον
1744 3410 1975 3482 κομιζό-

399 3515 580 3568 μενον,
645 3497 788 3552 ὥστε
843 3500 971 3563 τοῦς
1030 3499 1369 3572 στρατιώτας
1424 3502 1604 3574 ἐνδείᾳ
1661 3503 1974 3568 πιέζεσθαι,

395 3588 688 3643 κάντεῦθεν
718 3589 918 3653 αὐτοὺς
949 3589 1088 3657 πρὸς
1119 3591 1310 3646 στάσιν
1341 3591 1720 3663 ὲρεθισθῆναι.
1747 3592 1977 3645 Στασιά-

396 3699 586 3744 σαντες
614 3681 670 3735 δὲ
711 3681 854 3735 κατά
882 3679 977 3735 τοῦ
1008 3681 1418 3754 αὐτοκράτορος
1453 3684 1860 3754 ἐπανέστησαν,
1897 3682 1974 3744 ὡς

395 3773 570 3825 αἰτίου
599 3773 785 3836 αὐτοῖς
812 3772 1097 3841 γεγονότος
1123 3772 1309 3844 λιμοῦ,
1327 3774 1425 3827 καὶ
1451 3773 1774 3836 ἐπελθόντες
1799 3773 1969 3843 αὐτῷ,

392 3863 725 3917 ἀπέκτειναν
783 3863 969 3927 αὐτὸν,
1027 3864 1121 3918 ἐπὶ
1173 3865 1459 3928 ἐνιαυτοὺς
1513 3864 1970 3936 ὴγεμονεύσαντα

391 3953 472 4016 ἐξ,
506 3953 602 4006 καὶ
631 3951 832 4004 αὐτίκα
867 3954 896 4006 ό
927 3953 1196 4018 Φίλιππος
1225 3956 1542 4026 ἐπεπήδησε
1574 3961 1639 4028 τῇ
1674 3960 1839 4029 ἀρχῇ.
1881 3958 1970 4021 Ὠς

388 4043 434 4094 δ’
458 4043 746 4113 ἀπηγγέλη
781 4045 848 4114 τῇ
896 4045 1160 4117 γερουσίᾳ
1192 4047 1226 4116 ἠ
1275 4046 1372 4100 τοῦ
1414 4049 1707 4120 Γορδιανοῦ
1756 4054 1964 4122 σφαγὴ,

2001 3098 2048 3162 C

2084 1873 2211 1924 nus,
2246 1856 2548 1919 defunctis,
2601 1863 2661 1909 ut
2691 1854 2890 1919 fertur,
2931 1868 3132 1923 genere
3173 1851 3526 1920 conjunctus,
3563 1847 3667 1900 im-

2081 1947 2298 2018 perium
2345 1946 2614 2016 suscepit.
2657 1945 2709 2000 Is
2752 1943 2959 2013 Sapore
3001 1940 3323 1996 Artaxerxis
3369 1939 3664 1993 Persarum

2086 2040 2232 2110 regis
2266 2039 2384 2094 ﬁlio
2415 2038 2532 2094 acie
2569 2045 2864 2107 superato,
2902 2033 3134 2090 Nisibim
3161 2042 3217 2088 et
3247 2031 3465 2088 Cariam
3497 2045 3662 2084 recu-

2082 2113 2317 2203 peravit,
2357 2147 2386 2185 a
2412 2131 2629 2195 Persis,
2666 2129 2964 2184 Maximino
3008 2127 3348 2197 imperante,
3400 2122 3664 2179 Romanis

2082 2235 2325 2293 ereptas.
2371 2223 2584 2279 Deinde
2622 2221 3041 2291 Ctesiphontem
3087 2216 3396 2288 profectus,
3444 2212 3665 2270 insidiis

2083 2313 2323 2384 Philippi
2356 2313 2603 2384 praefecti
2639 2311 2899 2382 praetorio
2931 2309 3120 2381 periit.
3151 2307 3287 2362 Nam
3318 2321 3443 2361 cum
3477 2321 3662 2359 rerum

2082 2405 2291 2474 potitus
2313 2411 2483 2466 esset,
2516 2401 2881 2456 Timesoclem
2905 2415 3160 2456 socerum
3187 2396 3504 2468 prafectum
3530 2411 3666 2464 pra:-

2085 2496 2228 2552 torio
2260 2493 2608 2565 designavit:
2647 2508 2826 2560 eoque
2857 2491 3155 2561 superstite
3175 2529 3190 2554 ,
3229 2487 3397 2560 624
3427 2501 3514 2541 res
3558 2487 3665 2540 im-

2083 2587 2220 2660 perii
2246 2589 2385 2644 bene
2409 2604 2466 2643 se
2490 2586 2806 2641 habuerunt
2852 2597 3223 2654 prospereque
3246 2587 3660 2637 successerunt.

2083 2685 2163 2739 Eo
2191 2697 2322 2736 vero
2349 2679 2631 2746 defuncto,
2660 2677 2947 2748 Philippus
2986 2675 3280 2746 prazfectus
3313 2671 3658 2740 designatus,

2083 2785 2145 2829 ut
2192 2771 2518 2828 seditionem
2568 2770 2895 2829 concitaret.
2943 2767 3226 2836 stipendia
3270 2765 3507 2820 militum
3553 2763 3661 2817 mi-

2081 2867 2272 2921 nuisse
2318 2864 2547 2929 dieitur,
2591 2862 2748 2932 quasi
2798 2861 2853 2916 id
2896 2860 3156 2932 jussisset
3195 2859 3518 2928 imperator.
3549 2855 3660 2911 Alii

2082 2957 2444 3018 frumentum,
2493 2953 2642 3025 quod
2706 2955 2760 3010 in
2813 2961 2997 3008 castra
3049 2949 3436 3021 perferendum
3487 2959 3657 3013 esset,

2084 3064 2210 3104 eum
2245 3048 2550 3103 inhibuisse
2594 3046 2816 3101 ferunt:
2854 3045 3040 3114 itaque
3071 3043 3277 3098 milites
3313 3051 3659 3097 commeatus

2079 3141 2310 3211 penuria
2347 3139 2685 3200 laborantes,
2729 3146 2921 3192 contra
2961 3135 3352 3206 imperatorem
3395 3143 3655 3204 tanquam

2073 3231 2238 3288 famis
2265 3245 2487 3285 causam
2521 3228 2924 3291 insurrexisse,
2972 3241 3215 3295 eumque
3247 3235 3404 3279 sexto
3437 3223 3657 3294 imperii

2073 3335 2221 3375 anno
2262 3317 2559 3382 occidisse,
2610 3315 2930 3385 Philippum
2975 3329 3109 3368 vero
3151 3311 3338 3368 statim
3383 3327 3659 3366 summam

2075 3426 2260 3466 rerum
2306 3409 2629 3479 arripuisse.
2668 3406 2929 3461 Nuntiata
2977 3404 3246 3460 Gordiani
3307 3403 3477 3470 caede,
3506 3418 3538 3457 a
3565 3419 3656 3458 se-

2073 3510 2204 3556 natu
2236 3499 2477 3554 Marcum
2521 3497 2815 3568 quemdam
2863 3495 3258 3565 phiIOSOpbum
3302 3495 3494 3549 statim
3536 3492 3656 3548 C32-

2076 3608 2257 3658 sarem
2297 3591 2675 3646 renuntiatum
2723 3604 2844 3644 esse
2875 3604 2893 3644 ι
2925 3588 3019 3658 qui
3053 3596 3182 3642 ante
3222 3587 3502 3640 firmatum
3550 3587 3659 3639 im-
3727 3597 3730 3600 '

2075 3684 2316 3755 perium,
2377 3683 2434 3738 in
2486 3682 2691 3752 palatio
2740 3691 2968 3752 repente
3003 3680 3229 3737 obierit.
3285 3679 3364 3734 Eo
3411 3687 3654 3741 mortuo,

2075 3793 2264 3834 rerum
2299 3777 2536 3846 potitum
2573 3775 2838 3831 Severum
2877 3774 3244 3829 Ilostilianum
3276 3790 3292 3829 :
3331 3773 3424 3841 qui
3452 3783 3509 3826 et
3537 3773 3655 3840 ipse

2074 3870 2191 3926 fere
2225 3869 2552 3939 priusquam
2583 3866 2829 3921 habenas
2873 3865 3092 3935 imperii
3127 3874 3470 3933 capesseret,
3512 3876 3656 3917 vena

2073 3967 2300 4030 propter
2337 3957 2589 4012 morbum
2627 3955 2834 4020 incisa,
2881 3963 3096 4010 natura:
3140 3954 3389 4009 debitum
3436 3951 3651 4022 persol-

2079 4050 2234 4106 verit.

392 4132 582 4203 ἕτερον
665 4097 1048 4206 αύτοκιράτόρα
1132 4097 1415 4210 διήγειρεν
1491 4097 1667 4211 αὐτὴν
1719 4097 2194 4213 πρόχειρίσασθαι,
2271 4139 2369 4194 καὶ
2426 4140 2652 4193 ἀνεῖπεν
2702 4138 2900 4192 αὐτίκα
2951 4097 3209 4206 Καίσαρα
3255 4138 3482 4205 Μάρκον
3534 4137 3650 4208 (64)

391 4228 512 4280 τινὰ
563 4227 877 4297 φιλόσοφον.
915 4229 974 4282 '0
1022 4228 1080 4282 δὲ
1125 4231 1258 4300 πρὶν
1309 4233 1520 4301 ἐρεῖσαι
1565 4235 1657 4287 τὸν
1705 4234 1844 4288 πόδα
1892 4237 1959 4304 τῇ
1999 4233 2292 4304 αὐταρχῖᾳ,
2313 4231 2538 4300 θνήσκει
2571 4229 2839 4298 αίφνίδιον
2905 4230 2966 4281 ἐν
3031 4227 3109 4297 τῷ
3139 4228 3392 4298 παλατίῳ
3417 4229 3645 4290 διάγων.

388 4320 494 4374 Τοῦ
539 4323 597 4376 δὲ
632 4322 906 4386 θανόντος,
942 4326 1137 4392 κρατεῖ
1183 4326 1283 4396 τῆς
1326 4327 1616 4396 Ῥωμαίων
1661 4324 1961 4396 ἡγεμονίας
1988 4325 2227 4394 Σευῆρος
2270 4324 2300 4376 ό
2341 4320 2642 4383 Στιλιανός.

2720 4318 2883 4372 Ἀλλά
2922 4318 3017 4373 καὶ
3051 4312 3208 4382 οὗτος
3277 4317 3420 4372 οὕτω
3460 4319 3648 4389 σχεδὸν

387 4415 595 4486 ταύτης
626 4414 1054 4486 ἐπειλημμένος,
1112 4418 1339 4471 ἀπέτισε
1371 4419 1431 4472 τὸ
1459 4420 1658 4490 χρεών.
1697 4420 1956 4490 Νοσήσας
1997 4419 2107 4490 γὰρ
2137 4417 2232 4470 καὶ
2262 4412 2693 4484 φλεϐοτομηθεὶς
2723 4410 3101 4482 ἐτελεύτησεν.

460 4512 556 4566 ΙΘ’.
593 4509 934 4563 Ἐπανελθὼν
984 4507 1077 4565 οὖν
1121 4513 1150 4565 ό
1208 4513 1474 4576 Φίλιππος
1516 4515 1656 4584 (65),
1691 4517 1965 4588 ἐγκρατὴς

2143 4510 2286 4567 XIX.
2329 4507 2619 4578 Philippus
2652 4507 2720 4561 ab
2760 4506 3114 4576 expeditione
3153 4519 3429 4570 reversus,
3474 4503 3649 4574 impe—

385 4603 603 4671 ἐγένετο
635 4602 734 4672 τῆς
767 4601 877 4655 τῶν
917 4601 1206 4671 Ῥωμαίων
1246 4604 1442 4675 ἀρχῆς.
1493 4605 1582 4659 Ἐν
1605 4607 1661 4660 δὲ
1689 4607 1769 4678 τῷ
1795 4610 1967 4662 ἐπαν-

387 4694 530 4746 ιέναι
607 4691 702 4745 τὸν
753 4692 869 4745 υἱὸν
914 4691 1183 4745 Φίλιππον
1228 4695 1489 4748 κοινωνὸν
1539 4697 1638 4767 τῆς
1685 4697 1966 4767 βασιλείας

388 4783 729 4850 προσείλετο.
765 4783 1006 4847 Σπονδάς
1039 4785 1096 4838 δὲ
1126 4785 1280 4857 πρὸς,
1303 4789 1581 4859 Σαπώρην
1612 4790 1838 4861 θέμενος
1872 4793 1964 4846 τὸν

385 4875 496 4924 τῶν
528 4875 751 4942 Περσῶν
776 4874 1154 4945 βασιλεύοντα,
1171 4879 1263 4932 τὸν
1287 4881 1424 4952 πρὸς
1454 4882 1668 4953 Πέρσας
1693 4884 1960 4940 κατέλυσε

386 4963 644 5033 πόλεμον,
679 4968 1092 5038 παραχωρήσας
1131 4971 1320 5033 αὐτοῖς
1378 4973 1812 5045 Μεσοποταμίας
1863 4978 1959 5031 καὶ

396 5057 712 5124 Ἀρμενίας.
749 5058 915 5121 Γνοὺς
943 5059 1000 5112 δὲ
1038 5061 1346 5132 Ῥωμαίους
1377 5065 1715 5136 ἀχθομένους
1739 5070 1828 5123 διὰ
1856 5071 1958 5139 τὴν

381 5148 491 5199 τῶν
526 5148 717 5217 χωρῶν
747 5148 954 5203 τούτων
995 5153 1416 5226 παραχώρησιν,
1450 5159 1570 5227 μετ’
1599 5159 1780 5227 ὀλίγον
1828 5161 1956 5232 ἠθέ-

379 5255 514 5306 τησε
541 5241 642 5304 τάς
675 5240 971 5310 συνθήκας,
999 5244 1092 5296 καὶ
1124 5247 1235 5299 τῶν
1261 5249 1456 5320 χωρῶν
1490 5252 1812 5308 ἐπελάϐετο.
1846 5251 1956 5308 Ἦν

2067 4605 2210 4659 rium
2262 4603 2572 4657 Romanum
2621 4599 2931 4668 occupavit,
2981 4598 3239 4668 Philippo
3289 4597 3406 4652 lilio
3457 4597 3514 4650 in
3559 4597 3649 4652 via

2065 4695 2272 4765 collega
2300 4693 2494 4748 ascito.
2535 4683 2672 4746 Cum
2718 4690 2924 4760 Sapore
2959 4691 3249 4745 Persarum
3291 4704 3417 4760 rege
3454 4705 3646 4758 pacem

2063 4787 2216 4850 fecit,
2246 4785 2638 4857 Mesopotamia
2668 4793 2726 4840 et
2755 4782 3015 4838 Armenia
3045 4782 3346 4838 concessis.
3381 4781 3488 4836 Sed
3517 4797 3649 4836 eum

2064 4881 2344 4936 Romanos
2385 4893 2580 4934 earum
2624 4877 3038 4948 provinciarum
3077 4877 3356 4946 jacturam
3401 4874 3650 4944 graviter

2062 4979 2208 5033 ferre
2244 4979 2628 5041 intellexisset,
2675 4976 2843 5047 paulo
2868 4984 2991 5046 post
3037 4989 3172 5044 pace
3217 4973 3504 5042 abrogata,
3547 4987 3646 5025 eas

2063 5071 2442 5130 defendendas
2483 5069 2748 5138 suscepit.
2791 5067 2918 5122 Fuit
2948 5075 3133 5120 autem
3166 5064 3433 5133 Sapores,
3471 5071 3532 5115 ut
3564 5062 3644 5114 fe,

2064 5172 2216 5229 runt,
2253 5171 2403 5218 tanta
2434 5163 2577 5217 mole
2609 5160 2881 5230 corporis,
2921 5167 3126 5228 quanta
3152 5171 3219 5210 eo
3245 5165 3491 5223 tempore
3522 5152 3640 5207 visa

2063 5255 2308 5310 nondum
2342 5253 2468 5309 fuit.
2517 5253 2804 5324 Philippus
2837 5267 2867 5305 a
2907 5249 3052 5305 bello
3085 5247 3309 5303 Persico
3357 5259 3636 5311 reversus,

1570 5365 1775 5428 Varia:
1827 5367 2129 5432 lectiones
2163 5377 2224 5432 et
2249 5377 2436 5430 notae.

412 5458 567 5550 εξ(θῆ
599 5463 1052 5550 ΜάμοἈΜΞι-οι
1089 5473 1148 5519 et
1195 5464 1381 5550 Severi
1421 5464 1710 5550 Hostilianl
1773 5470 1959 5550 impe-
2053 5487 2207 5550 num.
2256 5470 2347 5539 qui
2389 5467 2815 5550 Ifarcinpariler
2869 5465 3136 5550 meminit,
3199 5462 3296 5518 sed
3354 5463 3433 5550 in.
3469 5460 3633 5516 annis

381 5534 446 5582 rii
483 5535 744 5589 memoria
804 5537 900 5590 uni
934 5537 1161 5606 Zonaras
1196 5534 1452 5606 debetur.
1491 5546 1550 5591 ut
1579 5539 1790 5606 pridem
1849 5534 1948 5594 ob-

376 5615 655 5658 servatum
713 5620 742 5658 a
778 5607 912 5680 viris
942 5605 1164 5680 _t_l_o(_:t__is.
1223 5604 1594 5680 Posterioreui
1642 5608 1948 5680 Stylianum

380 5684 665 5738 perperam
720 5676 889 5728 vertit
942 5675 1198 5736 Wolfius,
1255 5673 1472 5730 divulso
1506 5693 1536 5731 a
1567 5673 1786 5734 voce'b.
1812 5681 1951 5734 Cor-

379 5753 542 5810 rapte
591 5746 756 5800 etiam
801 5745 1182 5808 Ἰουστινιανός
1204 5747 1512 5815 appellatur
1561 5750 1702 5820 apud
1745 5751 1952 5806 Cedre-

2053 5537 2345 5608 utriusque
2389 5539 2606 5605 imperii
2647 5538 2844 5608 mier
2890 5537 2944 5590 in
2977 5537 3199 5590 modum
3241 5540 3460 5608 peccat.

2126 5600 2670 5676 (65)’“Επακελθὼν
2709 5603 2825 5662 οὖν
2861 5610 2894 5659 ὀ
2929 5600 3255 5676 Φίλιππος-ξ
3277 5603 3432 5657 Alter
3453 5600 3627 5676 codex

2053 5672 2309 5736 addit'ix
2345 5680 2452 5747 τῆς
2472 5677 2783 5747 στρατείας,
2808 5677 2990 5747 inquit
3020 5675 3254 5732 Wolfius
3285 5691 3300 5729 :
3333 5682 3406 5727 at.
3433 5672 3636 5726 desunt

2057 5752 2112 5806 in
2147 5751 2280 5820 Reg.
2329 5757 2385 5803 et
2414 5745 2658 5802 Colbert.
