4048 6472
351 400 490 517 loss

1623 447 1949 510 JOANNIS
1990 447 2312 509 ZONARE

3470 439 3607 506 10.36

349 576 482 631 erga
537 557 889 615 Christianos
946 556 1091 612 bene
1149 555 1382 612 aﬁ‘cctus
1436 555 1579 621 fuit;
1631 570 1698 611 ac
1746 556 1931 625 potius

2040 555 2088 609 δὲ
2116 558 2144 609 6
2177 554 2470 626 Σαπώρης,
2506 536 2696 624 ὥσπερ
2743 552 3053 624 ἱστόρηται,
3098 550 3485 622 ὑπερμεγέθης
3512 547 3608 602 τὸν

346 661 606 704 auctores
630 648 856 720 quidam
885 655 1038 711 sunt,
1066 662 1193 702 eum
1219 646 1591 704 Christianam
1619 643 1780 698 ﬁdem
1806 658 1925 698 am-

346 756 606 812 ptexum,
662 741 718 795 in
765 740 1000 795 ecclesia
1048 739 1361 795 communia
1422 754 1551 795 cum
1597 736 1929 794 Christianis

346 840 475 885 vota
511 830 731 895 fecisse,
774 840 831 884 et
861 840 1089 898 peccata
1129 843 1228 884 sua
1271 846 1377 883 non
1413 838 1675 901 gravatim
1706 826 1928 882 confes-

348 937 472 976 sum
501 934 645 974 csse.
676 919 811 974 Nam
846 935 971 974 cum
999 935 1031 975 a
1065 922 1360 989 praeposito
1386 919 1647 975 Ecclesiae
1677 918 1745 973 ad
1776 932 1928 973 com-

352 1013 676 1067 munionem
707 1027 820 1067 non
859 1012 1271 1076 admitteretur,
1314 1011 1420 1066 nisi
1458 1010 1711 1065 conﬁteri
1742 1009 1925 1073 vellet,

350 1112 409 1159 et
444 1117 644 1157 nomen
694 1117 858 1159 suum
894 1102 1038 1157 inter
1079 1102 1412 1172 paenitentes
1446 1101 1690 1172 proﬁteri
1728 1118 1744 1156 :
1784 1101 1929 1158 haud

352 1206 656 1248 recusasse.
682 1192 788 1257 Qui
819 1206 952 1247 vero
980 1207 1108 1248 eum
1137 1193 1392 1264 martyris
1417 1191 1674 1263 Eugeniae
1701 1201 1921 1263 patrem

351 1294 476 1335 esse
510 1280 756 1346 tradunt,
792 1288 1004 1335 errant.
1035 1278 1174 1334 Nam
1207 1281 1253 1336 is
1285 1281 1510 1351 quidem
1544 1290 1601 1337 et
1631 1282 1750 1352 ipse
1785 1298 1929 1352 pra:-

353 1374 537 1431 fectus
569 1375 739 1432 fuisse
767 1385 1043 1441 narratur,
1082 1376 1177 1431 sed
1212 1374 1453 1447 Egypti,
1484 1393 1595 1432 non
1629 1379 1925 1447 praetorio:

352 1479 416 1519 ac
443 1473 566 1533 post
585 1465 950 1521 Christianam
978 1465 1162 1534 ﬁdem,
1187 1468 1371 1537 posito
1397 1468 1742 1538 magistratu,
1770 1468 1931 1523 Chri-

352 1564 497 1610 stum
531 1555 748 1612 fortiter
773 1557 1077 1627 professus,
1109 1574 1172 1613 ac
1196 1559 1443 1629 martyrii
1472 1575 1677 1615 corona
1704 1570 1933 1617 ornatus

351 1653 458 1699 est.
492 1646 592 1701 Hic
630 1659 820 1702 autem
854 1647 1147 1718 Philippus
1180 1649 1477 1718 imperator
1519 1664 1642 1703 cum
1673 1660 1932 1721 suscepto

352 1738 618 1794 adversus
648 1737 880 1810 Scythas
908 1739 1072 1805 bello,
1107 1739 1340 1796 Romam
1372 1740 1658 1807 rediisset,
1684 1741 1930 1796 Marinus

357 1826 582 1897 quidam
607 1828 867 1885 ordinum
894 1829 1095 1886 ductor
1124 1843 1155 1884 a
1184 1828 1530 1885 militibusin
1558 1829 1728 1901 Mysia
1756 1830 1933 1898 impe-

2034 645 2197 709 ὄγκον
2227 646 2321 698 τοῦ
2354 646 2629 715 σώματος,
2660 646 2753 698 καὶ
2779 642 2891 709 οἷος
2918 643 3077 698 οὔπω
3102 646 3223 698 τότε
3253 643 3411 713 ὤφθη
3442 643 3604 711 ἀνήρ.

2047 733 2454 800 Ἐπαναζεύξας
2486 735 2597 789 δὲ·ὁ
2625 734 2916 801 Φίλιππος,
2949 735 3184 805 εὐμενὴς
3212 729 3281 806 ἦν
3309 736 3426 795 ,τοῖς
3472 732 3603 801 Χριο

2037 828 2295 891 στιανοῖς,
2332 827 2566 895 μάλιστα
2589 826 2646 880 δὲ
2676 826 2820 879 κατὰ
2845 826 3046 891 ένίους,
3074 827 3169 880 καὶ
3203 824 3513 897 προσετέθη
3536 825 3607 895 τῇ

2037 918 2215 972 πίστει
2265 920 2524 989 Χριστοῦ,
2580 919 2724 974 ῶστε
2776 919 2874 973 καὶ
2919 920 3099 999 εὐχῶν
3151 921 3239 974 ἀπ’
3280 918 3612 1000 Ἐκκλησίας

2036 1011 2369 1081 κοινωνῆσαι
2415 1012 2787 1081 Χριστιανοῖς,
2821 1014 2916 1067 καὶ
2962 1014 3216 1083 ἀσμένως
3249 1010 3611 1081 ἔξαγορεῦσαι

2036 1100 2137 1153 ὅσα
2162 1100 2214 1153 οἰ
2248 1101 2560 1172 ἡμάρτητο.
2586 1099 2663 1156 Οὐ
2689 1102 2800 1173 γάρ
2829 1102 3006 1166 ἄλλως
3039 1106 3119 1167 εἰς
3151 1101 3439 1156 κοινωνίαν
3463 1103 3614 1173 παρά

2036 1190 2132 1245 τοῦ
2191 1192 2539 1262 προεστῶτος
2598 1191 2701 1263 τῆς
2753 1193 3089 1264 Ἐκκλησίας
3141 1195 3381 1264 ἐδέχετο,
3432 1193 3482 1245 εἰ
3534 1192 3613 1264 μὴ

2038 1283 2521 1355 ἐξομολογήσεται,
2562 1282 2658 1337 καὶ
2686 1284 2800 1345 τοῖς
2833 1282 3046 1337 αἰτοῦσι
3077 1283 3370 1353 μετάνοιαν
3417 1282 3612 1335 ἑαυτὸν

2040 1372 2332 1438 καταλέξει
2360 1389 2375 1405 ο
2435 1372 2690 1426 κάκεῖνον
2754 1372 2978 1442 λέγεται
3033 1372 3423 1444 πειθαρχήσαι.
3476 1371 3615 1424 σινασί⁵

2044 1466 2227 1536 μέντοι
2259 1467 2403 1528 τινὲς
2436 1467 2627 1521 τοῦτον
2653 1463 2793 1522 εἶναι
2826 1467 2920 1521 τὸν
2952 1467 3167 1539 πατέρα
3198 1467 3299 1535 τῆς
3333 1466 3614 1536 μάρτυρος

2041 1558 2306 1625 Εὐγενίας
2339 1558 2474 1628 (66),
2504 1557 2641 1612 ἀλλά
2674 1557 2808 1629 περὶ
2838 1557 2938 1629 τὴν
2964 1558 3124 1622 δόξαν
3166 1557 3373 1627 ταύτην
3400 1555 3614 1610 πεπλά-

2041 1665 2251 1718 νηνται.
2297 1650 2577 1718 Ἐπαρχος
2619 1648 2721 1718 μὲν
2752 1649 2860 1719 γάρ
2892 1649 3145 1710 κάκεῖνος
3177 1646 3435 1715 γενέσθαι
3471 1646 3616 1700 ἱστό-

2043 1757 2226 1813 ρηται,
2252 1728 2376 1794 ’ἀλλ’
2400 1740 2706 1808 Αἰγύπτου,
2740 1739 2837 1794 καὶ
2875 1739 2935 1792 ού
2971 1738 3068 1791 τοῦ
3101 1737 3489 1807 ὼρυφορικοῦ·
3520 1737 3618 1790 καί⁹

2043 1831 2183 1904 μετά
2224 1830 2323 1902 τὴν
2347 1832 2428 1895 εἰς
2458 1830 2698 1901 Χριστὸν
2725 1830 2909 1884 πίστιν
2946 1830 3154 1892 ἐκεῖνος
3189 1826 3617 1900 παραιτησάμε-

358 1925 514 1970 rator
550 1925 637 1973 est
675 1915 946 1971 delectus.
1010 1915 1130 1982 Qua
1178 1915 1455 1972 seditione
1503 1917 1761 1974 turbatus
1809 1932 1936 1973 cum

2040 1941 2131 1989 νος
2174 1924 2274 1995 τὴν
2319 1922 2515 1995 ἀρχὴν,
2562 1922 2704 1995 ὑπὲρ
2755 1922 2853 1992 τῆς
2906 1922 2987 1985 εἰς
3034 1919 3273 1990 Χριστὸν
3322 1918 3620 1988 ὁμολογίας

358 2003 505 2075 apud
534 2013 784 2063 senatum
815 2007 981 2060 verba
1013 2007 1241 2071 faceret,
1268 2006 1481 2062 ceteris
1508 2007 1837 2076 tacentibus,
1863 2010 1934 2066 dc

362 2097 573 2155 Marino
601 2096 764 2169 625
784 2097 836 2153 ei
865 2113 973 2153 non
1000 2098 1366 2153 laborandum
1389 2114 1514 2155 esse
1540 2100 1681 2157 dixit
1712 2102 1931 2168 Decius,

360 2192 508 2261 quod
551 2199 614 2246 ut
658 2190 826 2245 homo
868 2206 1041 2261 regno
1087 2191 1369 2262 indignus,
1415 2194 1563 2248 ultro
1589 2209 1619 2249 a
1660 2195 1934 2251 militibus

357 2281 695 2337 occidendus
721 2292 871 2338 esset
898 2300 910 2334 ε
949 2284 1116 2352 idque
1149 2293 1209 2338 ut
1255 2284 1346 2338 ille
1377 2286 1736 2354 praedixerat,
1768 2289 1934 2357 paulo

358 2381 486 2442 post
514 2372 737 2429 accidit.
764 2373 880 2439 Qua
905 2374 973 2429 de
1003 2391 1166 2430 causa
1193 2374 1483 2447 Philippus
1508 2379 1730 2435 Decium
1758 2380 1935 2435 admi-

358 2471 544 2529 ratus,
585 2463 638 2517 in
680 2464 903 2534 Mysiam
939 2465 1093 2520 abire
1131 2475 1186 2521 et
1225 2467 1515 2524 seditionis
1544 2481 1797 2526 auctores
1829 2488 1934 2542 pu-

358 2555 481 2609 nire
509 2556 693 2625 jussit.
729 2554 777 2610 Is
809 2572 942 2611 vero
975 2572 1096 2612 eam
1130 2558 1485 2629 legationem,
1513 2563 1659 2630 quod
1696 2580 1798 2620 nec
1825 2566 1932 2620 sibi

361 2659 543 2714 neque
592 2645 832 2702 mittenti
889 2646 1073 2702 futura
1122 2659 1271 2705 esset
1326 2652 1513 2715 utilis,
1567 2654 1932 2723 deprecatus:

363 2743 547 2790 tamen
580 2746 811 2806 urgente
849 2737 1128 2810 Philippo,
1165 2741 1304 2797 abiit
1334 2744 1562 2810 invitus,
1596 2754 1652 2798 et
1681 2761 1712 2798 a
1742 2747 1934 2802 militi-

2036 2018 2346 2090 ἡνδρίσατο,
2393 2016 2488 2069 καὶ
2540 2012 2828 2087 μαρτυρίῳ
2865 2014 3235 2082 κεκόσμηται.
3265 2009 3452 2075 Οὕτως
3509 2010 3557 2064 δ’
3586 2011 3618 2064 6

2035 2107 2399 2180 αὐτοκράτωρ
2427 2106 2455 2160 6
2483 2107 2746 2167 Φίλιππος
2773 2103 2908 2175 πρὸς
2941 2103 3156 2164 Σκύθας
3202 2102 3485 2172 ἀράμενος
3516 2099 3611 2152 πό-

2032 2202 2221 2272 λεμον,
2273 2202 2354 2263 εἰς
2390 2199 2612 2270 Ῥώμην
2647 2196 2974 2267 ἐπανῆλθεν.
3023 2196 3112 2249 Ἑν
3146 2195 3205 2249 δὲ
3234 2195 3444 2257 Μυσοῖς
3499 2194 3621 2248 Μα-

2037 2296 2182 2365 ρϊνος
2220 2291 2332 2364 (67)
2354 2308 2438 2353 τις
2468 2289 2771 2360 ταξιάρχης
2799 2288 2899 2354 ὢν,
2927 2287 3080 2358 παρά
3114 2285 3225 2339 τῶν
3260 2283 3613 2357 στρατιωτῶν

2037 2383 2344 2455 βασιλεύειν
2373 2376 2569 2456 ᾕρέθη.
2600 2382 2712 2434 Καὶ
2737 2380 2826 2433 διὰ
2851 2379 3009 2433 τοῦτο
3033 2380 3060 2431 6
3085 2377 3355 2439 Φίλιππος
3383 2372 3610 2441 τεθορύ-

2038 2477 2194 2546 ϐητο,
2219 2474 2317 2529 καὶ
2348 2476 2415 2546 τῇ
2442 2473 2733 2544 συγκλήτῳ
2756 2469 3032 2541 διειλέχθη
3059 2469 3186 2539 περί
3215 2467 3315 2535 τῆς
3349 2466 3613 2524 στάσεως.

2038 2566 2161 2621 Τῶν
2194 2566 2369 2622 ἄλλων
2399 2565 2457 2618 δὲ
2496 2565 2849 2624 σιωπώντων,
2880 2563 2907 2615 6
2940 2561 3134 2623 Δέκιος
3196 2558 3271 2628 μὴ
3309 2558 3418 2611 δεῖν
3449 2572 3619 2625 φρον-

2037 2659 2208 2719 τίζειν
2239 2651 2393 2710 εἷπεν
2427 2653 2575 2724 αὐτῷ
2628 2654 2756 2724 περὶ
2790 2651 2884 2706 τοῦ
2940 2650 3214 2722 Μαρίνου,
3254 2648 3329 2711 ῶς
3360 2646 3491 2718 παρ’
3519 2645 3620 2699 αὑ-

2038 2750 2147 2804 τῶν
2176 2748 2680 2818 ἀναιρεθησομένου
2711 2744 2820 2798 τῶν
2856 2742 3231 2814 στρατιωτῶν,
3268 2734 3358 2794 οἷα
3399 2740 3618 2805 ἀναξίου

360 2826 465 2882 bus
506 2828 695 2883 statim
750 2830 961 2886 strictis
1020 2833 1250 2890 ensibus
1304 2836 1560 2906 accipere
1618 2838 1934 2907 imperium,

2040 2841 2140 2912 τῆς
2169 2838 2447 2911 βασιλείας
2473 2856 2566 2907 τυγ
2578 2837 2857 2910 χάνοντος.
2891 2837 2956 2890 Ὃ
2990 2835 3107 2906 μετ’
3133 2832 3318 2900 ὀλίγον
3347 2830 3487 2885 κατά
3518 2830 3616 2899 τὴν

357 2920 717 2989 quantumvis
758 2932 1076 2990 recusaret,
1113 2936 1370 2992 coactus,
1416 2928 1668 2999 Philippo
1719 2931 1933 2998 scribit,

2040 2933 2252 2986 ἐκείνου
2286 2932 2478 2999 γέγονε
2522 2930 2851 3000 πρόρρησιν.
2882 2927 3185 2995 Θαυμάσας
3213 2919 3309 2977 οὖν
3353 2923 3381 2976 6
3428 2922 3620 2974 Φίλιπ-

359 3023 431 3062 ne
467 3009 761 3066 turbetur:
803 3028 861 3067 se
894 3015 1066 3077 enim,
1110 3014 1204 3070 ubi
1248 3015 1479 3072 Romam
1519 3021 1754 3081 venerit,
1787 3022 1936 3090 posi-

2045 3041 2145 3086 πος
2174 3022 2261 3075 διά
2283 3021 2442 3074 τοῦτο
2471 3023 2563 3074 τὸν
2599 3020 2809 3075 Δέκιον.
2838 3016 3095 3072 ἀπελθεῖν
3139 3015 3517 3085 προετρέπετο
3541 3012 3622 3073 εἰς

360 3107 547 3155 turum
577 3115 700 3157 esse
736 3103 972 3175 insignia
1016 3105 1259 3176 imperii.
1303 3108 1461 3175 Quod
1496 3111 1785 3181 Philippus
1824 3129 1936 3169 non

2042 3115 2284 3178 Μυσίαν,
2319 3113 2415 3166 καὶ
2445 3112 2676 3165 κολάσαι
2708 3112 2834 3174 τοὺς
2862 3110 3071 3171 αἰτίους
3101 3109 3200 3177 τῆς
3252 3106 3520 3167 στάσεως.
3560 3102 3618 3156 '0

359 3191 631 3258 credens,
679 3193 887 3249 bellum
919 3197 970 3251 ci
1015 3198 1241 3253 intulit:
1277 3201 1685 3271 commissoque
1722 3204 1935 3282 praelia,

2041 3206 2098 3260 δὲ
2146 3205 2246 3276 τὴν
2302 3204 2608 3275 ἀποστολὴν
2661 3204 2982 3274 παρῃτεῖτο,
3033 3200 3212 3269 λέγων
3261 3197 3426 3268 μήθ’·-
3442 3195 3618 3302 ἐαυτῷ

362 3281 420 3336 in
462 3285 638 3354 prima
676 3287 794 3342 acie
822 3288 1098 3344 dimicans
1128 3308 1234 3345 una
1268 3307 1393 3347 cum
1423 3291 1538 3347 ﬁlio
1568 3294 1820 3366 Philippo
1848 3312 1936 3353 ce-

2045 3297 2180 3367 μήτε
2218 3294 2294 3364 τῷ
2326 3294 2599 3348 στέλλοντι
2644 3295 2950 3364 συμφέρειν
2982 3292 3148 3346 αὐτὸν
3184 3291 3302 3344 ἐκεῖ
3337 3288 3618 3343 ἀπελθεῖν*

361 3375 520 3430 cidit.
554 3377 765 3442 Quibus
790 3379 1039 3445 sublatis,
1073 3382 1318 3437 universi
1344 3398 1402 3438 se
1434 3384 1501 3438 ad
1542 3384 1768 3439 Decium
1805 3402 1936 3441 οοιιε

2040 3392 2067 3441 6
2095 3389 2150 3441 δὲ
2180 3386 2446 3451 Φίλιππος
2470 3387 2564 3442 καὶ
2611 3386 2692 3441 ἔτι
2723 3386 2966 3440 ἐνέκειτο
2990 3403 3006 3418 ο
3039 3385 3293 3447 κάκεῖνος
3337 3383 3436 3436 καὶ
3473 3382 3624 3436 ἀκων

362 3468 634 3522 tulerunt.
671 3469 942 3538 Regnavit
969 3482 1179 3535 autem,
1214 3483 1274 3527 ut
1302 3474 1526 3544 quidam
1561 3475 1805 3541 tradunt,
1841 3494 1936 3531 an-

2040 3479 2232 3551 ἀπῄει,
2277 3479 2374 3531 καὶ
2422 3477 2729 3533 ἀπελθόντα
2767 3477 2930 3540 εὐθὺς
2980 3474 3145 3529 αὐτὸν
3194 3474 3246 3527 οἰ
3291 3472 3625 3544 στρατιῶται

368 3574 472 3613 nos
503 3573 557 3624 v,
593 3567 653 3613 ιιι
700 3561 793 3614 alii
822 3577 899 3625 Vl,
937 3570 991 3616 et
1033 3564 1261 3619 totidem
1305 3580 1543 3621 menses.
1590 3567 1718 3621 Fuit
1758 3579 1936 3624 autem

2042 3568 2273 3640 βασιλέα
2300 3569 2652 3641 εὐφήμησαν.
2681 3567 2789 3621 Τοῦ
2817 3567 2873 3621 δὲ
2902 3565 3367 3633 ἀπαναινομένου,
3396 3561 3467 3615 τὰ
3496 3561 3627 3631 ξίφη

326 3671 342 3686 ο
363 3648 575 3704 Boslris
596 3649 887 3713 oriundus,
931 3650 1020 3706 ubi
1047 3668 1216 3724 regno
1239 3656 1470 3725 potitus,
1515 3657 1936 3730 Philippopolim

2042 3663 2409 3729 σπασάμενοι,
2442 3660 2698 3727 δέξασθαι
2729 3658 2895 3712 αὐτὸν
2932 3656 3255 3729 ἠνάγκασαν
3294 3654 3396 3724 τὴν
3420 3653 3619 3724 ἀρχήν.

363 3737 434 3792 de
464 3753 566 3791 suo
598 3739 821 3793 nomine
852 3741 1124 3797 condidit.

2040 3753 2241 3823 Γράφει
2275 3748 2370 3808 οὖν
2413 3753 2624 3807 ἐκεῖθεν
2650 3750 2726 3821 τῷ
2752 3751 3005 3818 Φιλίππῳ
3047 3750 3122 3820 μὴ
3159 3747 3535 3817 ταραχθῆναι*
3572 3743 3624 3796 εἰ

363 3832 474 3898 γὰρ
524 3830 779 3902 ἐπισταίη
827 3835 892 3904 τῇ
939 3832 1151 3906 Ῥώμῃ,
1217 3835 1553 3908 ἀποϐήσεται
1596 3838 1666 3892 τά
1728 3843 1829 3911 τῆς
1894 3840 2175 3911 βασιλείας
2214 3845 2546 3915 παράσημα.
2626 3842 2765 3897 Ἀλλ’
2788 3843 3097 3912 ἀπιστήσας
3138 3839 3312 3909 τούτῳ
3354 3839 3383 3891 6
3434 3836 3629 3891 Φίλιπ-

364 3937 486 3984 πος.
526 3920 912 3993 ἐξεστράτευσε
960 3928 1082 3980 κατ’
1110 3928 1276 3982 αὐτοῦ
1302 3944 1316 3960 ο
1369 3932 1462 3984 καί
1497 3931 1793 4001 συμϐαλὼν
1859 3936 1975 3998 τοῖς
2048 3936 2145 3991 τοῦ
2182 3937 2373 3991 Δεκίου
2417 3938 2616 3991 ἔπεσεν
2665 3936 2725 3989 ὲν
2757 3939 2872 4000 τοῖς
2919 3937 3156 4002 πρώτοις
3198 3932 3626 4003 ἀγωνιζόμενος.

364 4015 471 4067 Σὺν
506 4015 652 4085 αὐτῷ
703 4015 760 4068 δὲ
802 4017 894 4070 καὶ
940 4020 967 4072 6
1017 4018 1133 4082 υίὸς
1170 4021 1335 4075 αὐτοῦ
1371 4022 1614 4095 ἀνῄρητο
1645 4024 1934 4090 Φίλιππος·
1975 4020 2052 4082 ὧν
2097 4027 2397 4094 θανόντων,
2464 4029 2545 4099 τῷ
2607 4028 2783 4097 Δεκίῳ
2827 4025 3132 4096 ξύμπαντες.
3172 4023 3629 4096 προσεχώρησανο

376 4108 726 4163 Ἐὂασίλευσε
782 4111 838 4165 δὲ
889 4113 1030 4166 κατά
1063 4112 1166 4182 μέν
1213 4131 1369 4178 τινας
1415 4118 1581 4169 πέντε
1627 4118 1933 4183 ἐνιαυτοὺς,
1975 4118 2099 4174 καθ’
2166 4119 2390 4192 ἑτέρους
2424 4121 2481 4174 δὲ
2518 4120 2600 4185 ἒξ,
2635 4117 2731 4175 ἐπὶ
2794 4112 3084 4181 τοσούτους
3136 4118 3336 4188 μῆνας.
3377 4118 3632 4188 Ὦρμητο

362 4200 504 4253 δ’ἐκ
551 4199 824 4272 Βόστρων,
857 4204 991 4259 ὅπου
1038 4206 1135 4259 καὶ
1178 4208 1333 4259 πόλιν
1365 4206 1693 4277 βασιλεύσας
1753 4209 2044 4282 ἐπώνυμον
2109 4214 2288 4284 ἑαυτῷ
2359 4213 2694 4285 ὲδομήσατο,
2755 4209 3185 4265 Φιλιππούπολιν
3218 4209 3328 4280 (68)
3352 4209 3631 4280 ὀνομάσας

365 4292 557 4362 αὐτήν.

438 4386 557 4441 xx.
600 4388 898 4446 Enimvero
947 4391 1147 4449 Decius
1192 4395 1451 4452 omnibus
1501 4397 1814 4468 legionibus
1854 4412 1936 4453 ac-

2126 4396 2214 4453 K'.
2258 4395 2327 4450 '0
2371 4412 2436 4464 γε
2481 4393 2591 4467 μὴν
2632 4392 2823 4456 Δέκιος
2864 4390 3103 4457 πάντων,
3131 4387 3208 4451 ὡς
3247 4389 3489 4459 εἴρηται,
3519 4386 3636 4440 τῶν

364 4477 543 4546 ceptis
568 4478 800 4537 Romam
824 4480 1128 4550 profectus,
1155 4483 1450 4555 imperium
1480 4485 1752 4553 ﬁrmavit;
1779 4499 1947 4559 atque

365 4570 488 4639 ejus
522 4571 884 4641 amplitudine
944 4588 1009 4628 ac
1040 4577 1396 4648 negotiorum
1428 4579 1786 4636 multitudine
1814 4596 1947 4637 con-

367 4661 641 4726 siderata,
684 4671 746 4719 ut
784 4664 1015 4735 quidam
1062 4668 1255 4736 aiunt,
1288 4671 1641 4728 Valerianum
1682 4674 1945 4745 collegam

365 4752 561 4807 ascivit
586 4770 600 4805 :
632 4762 688 4807 et
718 4764 952 4826 uterque
980 4758 1215 4814 alterum
1239 4761 1584 4831 cohortatus,
1612 4766 1949 4834 persecutio-

368 4856 496 4896 nem
527 4842 933 4899 atrocissirnam
959 4856 1151 4902 contra
1182 4847 1527 4906 Christianos
1562 4851 1944 4911 instituerunt.

372 4931 514 4987 Sunt
536 4934 629 5001 qui
658 4935 870 5001 dicant,
900 4937 1137 5008 Philippi
1167 4940 1318 5008 odio,
1351 4942 1792 4998 Christianorum
1831 4946 1949 5001 cul-

370 5025 531 5088 toris,
568 5025 795 5081 Decium
822 5037 1041 5085 nostros
1103 5044 1452 5101 persecutum
1489 5051 1635 5092 esse.
1675 5037 1809 5094 Utut
1840 5047 1945 5104 est,

370 5120 562 5168 contra
613 5114 804 5172 ﬁdeles
838 5118 1085 5188 profecto
1111 5122 1359 5179 insaniit.
1407 5125 1486 5178 Eo
1526 5134 1772 5197 tempore
1820 5127 1946 5183 Fla-

372 5199 606 5265 vianus,
662 5204 922 5262 Ecclesiae
979 5208 1240 5267 Romanae
1298 5215 1626 5285 episcopus,
1686 5219 1949 5290 martyrio

372 5289 541 5347 vitam
569 5292 729 5351 ﬁniit.
760 5297 897 5354 Item
934 5300 1164 5374 Babylas
1192 5302 1593 5370 Antiocltenus,
1631 5319 1689 5362 et
1714 5289 1950 5365 Alexan-

2046 4487 2478 4562 στρατευμάτων
2508 4483 3019 4556 προσχωρησάντων
3046 4479 3221 4550 αὐτῷ,
3244 4481 3325 4566 εἰς
3350 4479 3449 4548 τήν
3494 4476 3631 4541 Ῥώ-

2050 4598 2161 4652 μην
2209 4577 2604 4649 ὲπανελήλυθε,
2652 4578 2747 4630 καὶ
2788 4576 2889 4643 τῆς
2925 4573 3228 4646 ἡγεμονίας
3275 4573 3500 4639 γέγονεν
3537 4572 3632 4639 ἑγ-

2045 4671 2275 4743 κρατής.
2334 4669 2756 4738 ’Δποσκοπήσας
2800 4666 2861 4720 δὲ
2912 4665 3051 4736 πρὸς
3094 4663 3186 4717 τὸν
3233 4662 3331 4732 τῆς
3374 4661 3632 4728 ἐξουσίας

2044 4762 2231 4830 ὄγκον,
2256 4759 2352 4814 καὶ
2378 4759 2477 4833 τὴν
2506 4758 2615 4813 τῶν
2643 4758 2990 4829 πραγμάτων
3019 4754 3360 4824 οἰκονομίαν,
3388 4752 3464 4815 ὡς
3492 4751 3634 4805 ἔνιοι

2044 4855 2287 4924 λέγουσι,
2332 4853 2426 4906 τὸν
2477 4852 2805 4923 Βαλεριανὸν
2858 4849 2955 4904 ἐπὶ
3003 4849 3069 4921 τῇ
3125 4847 3237 4901 τῶν
3289 4844 3632 4916 πραγμάτιον

2044 4947 2312 5018 διοικήσει
2339 4947 2681 5018 προσείλετο.
2713 4948 2824 5000 Καὶ
2852 4944 3055 4999 αὐτίκα
3088 4941 3360 5011 ἀλλήλους
3389 4940 3474 5002 εἰς
3506 4937 3632 4992 Oso-

2050 5037 2254 5108 μαχίαν
2286 5039 2835 5109 παρακροτήσαντες,
2868 5032 3109 5103 διωγμὸν
3149 5030 3454 5099 ἐπήγειραν
3488 5024 3626 5079 κατά

2043 5129 2158 5183 τῶν
2208 5128 2620 5202 Χριστωνύμων
2666 5128 3057 5199 σφοδρότατον.
3106 5122 3229 5176 Εἰσὶ
3278 5120 3323 5174 δ’
3357 5117 3407 5172 οἳ
3438 5119 3532 5171 καὶ
3559 5114 3626 5167 δι’

2046 5220 2205 5291 ἔχθος
2232 5222 2296 5275 τὺ
2330 5222 2467 5292 πρὸς
2504 5221 2601 5276 τὸν
2645 5219 2913 5275 Φίλιππόν
2945 5234 3082 5289 φασι
3120 5217 3233 5278 τοῖς
3278 5208 3626 5284 Χριστιανοῖς

2047 5312 2332 5367 ἐπιθέσθαι
2378 5313 2470 5368 τὸν
2512 5313 2725 5379 Δέκιον,
2770 5306 2860 5365 οἷα
2903 5310 3035 5377 παρ’
3058 5305 3271 5361 ἐκείνου
3316 5297 3627 5370 σεϐαςομέυ

1585 5460 1787 5524 Varitn
1828 5462 2139 5545 lectiones
2182 5471 2244 5528 et
2281 5472 2477 5528 notas.

449 5632 566 5705 (66)
596 5632 906 5705 Ειῖγενίας.
939 5634 1073 5691 Vide
1106 5632 1502 5693 Casaubonum
1535 5637 1603 5694 ad
1635 5633 1776 5691 Hist.
1835 5635 1950 5690 Au-

379 5704 618 5773 gustam.
664 5704 726 5757 P.
756 5704 894 5773 201,
927 5722 961 5761 ll
996 5708 1133 5763 edit.

458 5772 574 5847 (δῖ)
600 5772 900 5847 ,Μαρῖνοςο
944 5777 1121 5847 istius
1158 5779 1374 5840 Marini.
1416 5787 1626 5847 'praater
1657 5775 1951 5847 Zonaram,

387 5842 643 5898 meminit
703 5848 871 5899 etiam
942 5845 1243 5906 Zosimus:
1297 5842 1458 5920 cujus
1538 5857 1799 5903 caterum
1864 5844 1956 5900 vix

2058 5633 2187 5689 alibi
2245 5634 2452 5689 mentio
2519 5633 2784 5689 occurrit.

2133 5704 2245 5772 (68)
2269 5704 2754 5757 Φιλιππούπολιν
2785 5699 3115 5772 ὀνομάσαςτ
3133 5700 3285 5772 HVide
3330 5697 3633 5772 observata

2061 5789 2092 5829 a
2122 5767 2403 5846 Scaligero
2428 5773 2497 5830 ad
2528 5773 2850 5840 Eusebium,
2880 5767 3005 5844 pag.
3053 5771 3182 5828 245.
3216 5786 3253 5826 ιι
3277 5767 3411 5824 edit.
