4048 6432
324 345 467 411 1057

1571 344 1971 406 ANNALIUM
2015 346 2160 407 LIB.
2203 346 2344 405 XII.

3418 355 3563 422 1058

312 455 445 520 νοις.
486 454 780 528 Ἐμεμήνει
833 455 966 525 γοῦν
1024 454 1165 508 κατὰ
1216 453 1324 507 τῶν
1376 454 1609 518 πιστῶν,
1649 454 1739 507 ὅτε
1789 458 1884 505 καὶ

2003 453 2087 507 ler
2120 454 2649 526 lltcrosolyntitanus
2677 456 2991 528 cpiscopus,
3033 461 3126 531 qui
3156 477 3264 517 non
3303 468 3415 519 tum
3448 471 3562 537 pri-

309 547 606 610 Φλαϐιανὸς
654 548 682 599 ὁ
733 547 834 615 τῆς
882 546 941 598 ἐν
984 545 1174 616 Ῥώμῃ
1210 545 1610 613 προϊστάμενος
1652 543 1882 612 Ἐκκλη-

313 638 431 701 σίας
468 638 627 708 ἔτυχε
656 637 841 699 τέλους
875 634 1240 705 μαρτυρικοῦ,
1273 634 1367 687 καὶ
1416 634 1665 697 Βαϐύλας
1697 636 1726 687 ὁ
1773 637 1882 686 τῶν

311 731 368 783 ἐν
411 729 711 799 Ἀντιοχείᾳ
764 727 970 780 πιστῶν
1002 725 1101 795 τὴν
1144 724 1475 796 Ἐκκλησίαν
1514 725 1738 790 διέπων,
1788 728 1883 778 καὶ

324 818 668 889 Ἀλέξανδρος
716 821 743 871 ὁ
788 817 900 885 τῶν
944 815 1336 886 Ἰεροσολύμων
1376 816 1696 879 ἐπίσκοπος,
1730 815 1787 876 ὃς
1817 817 1878 868 ού

311 910 429 961 τότε
462 908 696 978 πρώτως
724 906 1074 977 ύπερήθλησε
1119 905 1218 976 τῆς
1262 906 1342 969 εἰς
1369 905 1461 958 τὸν
1494 906 1724 977 Σωτῆρα
1766 907 1879 959 Κύ-

315 1018 430 1071 ριον
466 1001 725 1062 πίστεως,
753 999 888 1052 ἀλλὰ
915 996 1011 1053 καὶ
1042 998 1258 1070 πρώην,
1291 998 1367 1061 ὡς
1397 998 1499 1069 ἢδη
1530 999 1879 1070 προείρηται,

312 1092 408 1145 καὶ
449 1091 571 1144 τότε
613 1090 672 1143 δέ
734 1089 1080 1160 καθειρχθεὶς
1115 1127 1132 1154 ,
1194 1089 1339 1144 κατὰ
1400 1089 1882 1160 τὸδεσμωτὴριον

311 1184 559 1253 τελευτᾷ.
608 1180 768 1236 Ἀλλά
816 1182 911 1235 καὶ
957 1184 985 1234 ὁ
1021 1182 1194 1250 μέγας
1240 1180 1558 1251 Κυπριανὸς
1599 1181 1698 1250 τῆς
1728 1183 1882 1251 Καρ-

315 1277 551 1345 θαγένης
596 1277 893 1338 ἐπίσκοπος
949 1275 1025 1328 ὢν
1069 1275 1374 1346 τηνικαῦτα
1404 1276 1503 1341 τῆς
1534 1277 1615 1339 εἰς
1647 1277 1883 1345 Χριστὸν

314 1368 597 1437 ύπερήθλη
609 1384 663 1418 τε
686 1366 943 1429 πίστεως.
964 1365 1084 1420 Τῶν
1116 1362 1211 1420 οὖν
1236 1367 1547 1437 εἰρημένων
1579 1369 1883 1438 ἀρχιερέων

318 1457 730 1529 μετηλλαχότων
762 1458 852 1511 τὸν
882 1457 1016 1528 βίον,
1050 1460 1107 1511 ἐν
1141 1458 1242 1528 μὲν
1286 1460 1474 1530 Ῥώμῃ
1504 1459 1626 1512 ἀντὶ
1651 1460 1886 1513 Φλαϐια-

316 1551 409 1606 νοῦ
454 1552 750 1623 Κορνήλιος
780 1554 1185 1620 ἐπεσκόπησεν,
1223 1554 1282 1605 ἐν
1319 1552 1626 1623 Ἀντιοχείᾳ
1664 1552 1720 1605 δὲ
1764 1554 1886 1606 ἀντὶ

317 1642 537 1696 Βαϐύλα
563 1642 884 1709 Φλαϐιανδς,
917 1643 1010 1695 καὶ⁵
1047 1644 1108 1696 ἐν
1153 1640 1534 1712 Ἀλεξανδρείᾳ
1583 1642 1883 1709 Διονύσιος,

317 1735 376 1786 ἐν
422 1733 468 1787 δ’
515 1733 912 1805 Ἱεροσολύμοις
950 1732 1073 1787 ἀντὶ
1124 1730 1479 1802 Ἀλεξάνδρου
1525 1732 1884 1805 Μαζαϐάνης,

1997 561 2145 599 mum
2205 562 2304 616 pro
2357 546 2667 603 Christiana
2710 548 2817 604 ﬁdc
2878 551 3200 618 decertavit,
3260 555 3355 610 sed
3405 562 3560 624 prius

1989 637 2179 704 etiam,
2212 646 2273 692 ut
2297 639 2409 709 jam
2436 644 2748 710 espos‘ttum
2785 650 2908 698 est:
2939 651 3051 698 tum
3086 660 3217 701 vero
3248 647 3303 701 in
3335 664 3557 705 carcere

1990 728 2141 783 obiit.
2187 728 2294 785 Sed
2344 743 2399 786 et
2444 748 2672 803 magnus
2724 732 3065 803 Cyprianus,
3092 736 3559 809 Carthaginiensis

1991 821 2312 892 episcopus,
2355 839 2456 893 pro
2494 823 2809 880 Christiana
2841 825 2945 880 ﬁde
2977 829 3228 883 certavit.
3264 830 3360 884 His
3393 831 3560 901 igitur

1990 913 2347 981 pontiﬁcibus
2377 915 2683 978 defunctis,
2730 917 2920 972 Roma:
2948 918 3210 972 Flaviano
3245 919 3560 988 Cornelius,

1987 1008 2332 1066 Antiocheno
2375 1010 2589 1082 Babylze
2638 1012 2963 1073 Flavianus,
2989 1012 3334 1068 Alexandriae
3358 1013 3560 1085 Diony-

1989 1099 2125 1163 sius,
2158 1101 2558 1172 Hierosolymis
2583 1104 2892 1157 Alexandro
2919 1104 3241 1159 Mazabanes
3272 1109 3558 1160 successit.

1991 1194 2096 1250 Sed
2137 1207 2191 1252 et
2222 1197 2313 1250 alii
2351 1198 2577 1266 plurimi
2610 1199 2856 1269 martyrii
2897 1198 3162 1268 dignitate
3193 1208 3322 1254 sunt
3357 1202 3560 1255 ornati.

1990 1285 2145 1340 Tunc
2192 1287 2357 1340 etiam
2404 1286 2671 1357 Origenes
2719 1287 2787 1341 ad
2834 1289 3178 1358 tyrannicum
3219 1290 3458 1344 tribunal
3503 1299 3566 1346 ut

1995 1375 2200 1431 Christi
2244 1379 2425 1432 cultor
2465 1379 2736 1434 adductus
2778 1390 2883 1444 est,
2931 1381 3026 1435 sed
3070 1381 3281 1436 honore
3313 1385 3565 1456 martyrii

1991 1469 2168 1522 caruit
2203 1471 2393 1534 miser,
2430 1471 2480 1525 ei
2520 1480 2738 1541 negato,
2774 1483 2835 1525 ut
2875 1473 3091 1541 opinor.
3127 1489 3156 1528 a
3196 1474 3309 1530 Deo
3335 1474 3406 1529 ob
3440 1491 3566 1545 perv

1991 1573 2180 1615 versas
2210 1559 2519 1629 opiniones.
2552 1562 2686 1617 Nam
2724 1570 2992 1617 tormenta
3037 1565 3204 1636 626
3225 1567 3335 1636 jam
3359 1581 3565 1636 exper-

1994 1657 2104 1711 tus,
2141 1653 2325 1702 tamen
2359 1648 2609 1703 ordinem
2646 1647 2909 1703 deseruit.
2948 1649 3067 1709 llic.
3103 1660 3161 1704 ut
3190 1661 3318 1705 ante
3350 1650 3560 1706 dictum

1993 1744 2099 1802 est,
2137 1753 2261 1793 cum
2292 1738 2548 1793 doctrina
2585 1747 2640 1794 et
2673 1739 2990 1809 eloquentia
3028 1741 3347 1808 excelleret,
3375 1757 3568 1812 super-

319 1825 411 1879 καὶ
437 1824 665 1879 ἄλλοιδέ
694 1824 936 1879 πλεῖστοι
962 1825 1265 1895 μαρτυρίου
1292 1822 1416 1876 τότε
1442 1822 1887 1895 κατηξιώθησαν.

2003 1832 2083 1887 bia
2104 1840 2162 1888 et
2180 1835 2494 1903 arrogantia
2513 1834 2710 1897 elatus,
2735 1842 2983 1889 veterum
3009 1843 3322 1890 sanctorum
3343 1836 3566 1891 Patrum

317 1915 450 1968 Τότε
475 1917 572 1969 καὶ
614 1914 894 1988 ὐριγένης
926 1915 1184 1986 παρήχθη
1223 1914 1324 1984 μὲν
1376 1917 1462 1979 εἰς
1493 1916 1643 1985 βῆμα
1690 1932 1893 1985 τυραν-

318 2007 472 2061 νικὸν
498 2008 572 2071 ὡς
603 2006 894 2076 σεϐόμενος
924 2007 1014 2059 τὸν
1038 2006 1402 2076 Χριστὸν,ούκ
1436 2007 1592 2076 ἔτυχε
1621 2007 1677 2060 δέ
1708 2008 1892 2071 τέλους

321 2099 688 2170 μαρτυρικοῦ,
722 2094 879 2168 οἶμαι
911 2096 1007 2151 τοῦ
1052 2097 1187 2151 Θεοῦ
1235 2099 1442 2167 ταύτης
1472 2097 1633 2151 αὐτὸν
1668 2098 1745 2169 μὴ
1774 2099 1897 2168 κρί-

319 2209 510 2252 ναντος
557 2191 705 2255 ἄξιον
736 2189 824 2243 διὰ
853 2188 914 2242 τὸ
956 2189 1087 2258 περὶ
1131 2190 1198 2242 τὰ
1228 2188 1488 2261 ὁρθόδοξα
1519 2190 1768 2260 δόγματα
1799 2191 1893 2242 τοῦ

320 2282 509 2336 ἀθλίου
562 2281 773 2334 ἐκείνου
819 2280 1171 2350 διάστροφον.
1221 2282 1588 2333 Λειποτακτεῐ
1627 2280 1758 2351 γὰρ,
1800 2282 1896 2333 καὶ

319 2375 495 2427 ταῦτα
525 2374 662 2443 μετὰ
697 2374 891 2442 πεῖραν
925 2369 1197 2441 βασάνων.
1234 2367 1424 2436 Οὗτος,
1460 2371 1537 2436 ὡς
1581 2371 1895 2443 ἔμπροσθεν

322 2464 556 2534 εἴρηται,
620 2466 794 2535 μέγας
857 2463 915 2515 ἐν
973 2462 1157 2530 λόγοις
1221 2463 1533 2533 γενόμενος,
1597 2463 1899 2516 κάντεῦθεν

322 2556 746 2626 ὑπερφρονήσας
792 2555 888 2607 καὶ
925 2553 1464 2622 ἀλαζονευσάμενος,
1516 2553 1578 2606 οὐ
1622 2554 1738 2616 τοῖς
1788 2553 1897 2606 τῶν

323 2647 433 2717 πρὸ
478 2646 643 2699 αὐτοῦ
691 2645 950 2716 Πατέρων
1007 2645 1170 2717 ἱερῶν
1219 2643 1555 2715 ἠκολούθησε
1609 2645 1894 2714 δόγμασιν,

322 2737 437 2790 ἀλλ’
472 2735 651 2806 ἐαυτῷ
679 2735 984 2806 θαρρήσας,
1004 2735 1207 2788 καινῶν
1240 2733 1530 2804 δογμάτων
1559 2734 1898 2804 εἰσαγωγεύς

324 2828 687 2901 ἐχρημάτισε,
715 2829 810 2879 καὶ
832 2827 1184 2896 βλασφημίας
1206 2828 1287 2890 εῐς
1309 2842 1370 2878 τε
1391 2826 1493 2896 τὴν
1511 2826 1674 2894 ἁγίαν
1693 2827 1899 2900 Τριάδα

325 2923 420 2975 καὶ
463 2921 565 2989 τὴν
617 2919 767 2973 θείαν
814 2919 1234 2989 ἐνανθρώπησιν
1281 2922 1346 2972 ἐκ
1391 2918 1486 2971 τοῦ
1523 2920 1764 2989 πονηροῦ
1800 2922 1900 2992 θη-

328 3013 532 3085 σαυροῦ
575 3013 675 3084 τῆς
710 3013 943 3085 καρδίας
984 3010 1150 3065 αὑτοῦ
1186 3008 1541 3081 ἐξηρεύξατο,
1574 3012 1672 3065 καὶ
1722 3013 1901 3083 πάσης

1994 1924 2232 1980 decretis
2261 1923 2547 1993 neglectis,
2578 1938 2842 1978 novarum
2872 1925 3192 1994 opinionum
3225 1934 3417 1979 auvtor
3446 1940 3569 1981 esse

1995 2033 2103 2071 non
2129 2016 2404 2071 dubitavit
2431 2033 2445 2070 :
2474 2025 2528 2071 et
2559 2017 2931 2085 hlasphemias
2963 2019 3016 2070 in
3051 2026 3293 2072 sanctam
3321 2017 3569 2073 Trinita-

1995 2118 2129 2168 tem,
2154 2108 2512 2176 divinamque
2536 2106 3048 2161 inhumanationem
3082 2122 3150 2162 ex
3175 2108 3425 2178 improbo
3451 2123 3573 2162 cor-

1995 2197 2083 2252 dis
2107 2197 2190 2252 sui
2225 2197 2485 2251 thesauro
2516 2196 2809 2263 eructavit,
2858 2212 2961 2251 nec
2996 2198 3105 2252 ulla
3136 2198 3250 2252 fere
3283 2206 3430 2253 secta
3461 2206 3569 2258 est.

1996 2290 2085 2343 cui
2118 2305 2228 2343 non
2265 2288 2481 2342 initium
2511 2288 2830 2357 praebuerit.
2852 2288 2985 2342 Nam
3021 2297 3077 2343 ct
3099 2289 3445 2359 unigenitum
3473 2289 3571 2344 Dei

1999 2381 2194 2436 Filium
2236 2382 2522 2437 conditum
2569 2398 2692 2438 esse
2738 2383 2960 2446 docuit,
2991 2398 3021 2438 a
3064 2395 3287 2453 paterna
3316 2384 3485 2455 gloria
3518 2394 3576 2438 ct

1995 2474 2239 2529 essentia
2272 2475 2513 2529 alienum
2543 2492 2556 2527 :
2584 2483 2640 2529 et
2664 2475 2926 2544 Spiritum
2954 2485 3203 2529 sanctum
3228 2475 3370 2530 infra
3394 2476 3574 2530 Patris

1997 2574 2054 2620 et
2105 2564 2232 2619 Filii
2284 2565 2609 2635 dignitatem
2667 2566 2977 2630 collocavit,
3033 2565 3345 2632 atﬁrmans,
3395 2582 3575 2636 neque

1998 2654 2216 2709 Patrem
2240 2670 2270 2709 a
2300 2640 2459 2719 Filio,
2482 2670 2660 2723 neque
2686 2654 2881 2709 Filium
2904 2670 2934 2709 a
2958 2654 3166 2724 Spiritu
3192 2662 3385 2710 sancto
3408 2670 3573 2725 posse

1999 2745 2153 2801 cerni
2182 2762 2197 2799 :
2226 2752 2289 2802 ut
2327 2760 2430 2801 nec
2458 2745 2726 2815 Spiritum
2758 2744 2827 2798 ab
2854 2744 3085 2815 angelis,
3128 2758 3230 2798 nec
3257 2745 3479 2816 angelos
3505 2746 3575 2801 ab

2001 2835 2426 2891 hominibus.Ac
2456 2836 2539 2889 ha!
2569 2843 2697 2889 sunt
2722 2833 2976 2902 Origenis
3002 2834 3053 2888 in
3085 2842 3329 2889 sanctam
3359 2843 3416 2891 et
3442 2850 3578 2890 eon-

2000 2926 2414 2982 suhstantialem
2438 2925 2767 2980 Trinitatem
2793 2923 3168 2992 blasphemiae.
3189 2922 3347 2980 Circa
3367 2923 3577 2980 Christi

2002 3032 2135 3070 vero
2163 3015 2695 3081 inhumanationem,
2725 3013 3005 3069 Christum
3031 3013 3326 3068 animatam
3348 3029 3571 3069 carnem

328 3108 515 3178 σχεδὸν
552 3108 816 3177 αἱρέσεως
866 3105 1082 3176 ἐγένετο
1117 3105 1382 3175 ἀρχηγόςο
1420 3104 1616 3158 ΤδΨτε
1663 3104 1772 3177 γὰρ
1804 3123 1897 3176 μθ·

2006 3125 2071 3164 ex
2112 3117 2301 3165 sancta
2346 3108 2569 3181 Virgine
2610 3109 2971 3179 assumpsisse
3015 3108 3180 3178 impie
3216 3120 3419 3180 negat;
3479 3111 3577 3165 sed

328 3200 524 3270 νογενῆ
559 3198 654 3252 τοῦ
684 3198 821 3252 θεοῦ
867 3198 997 3255 Υἰδν
1036 3198 1255 3251 κτιστδν
1282 3197 1630 3267 ἐδογμάτισε,
1663 3200 1758 3252 καὶ
1802 3199 1899 3267 τῆς

327 3290 486 3361 δόξης
512 3289 673 3343 αὑτὸν
707 3290 990 3359 ὴλλοτρίου
1019 3291 1116 3343 καὶ
1141 3290 1239 3359 τῆς
1263 3289 1453 3352 οὐσίας
1479 3289 1581 3359 τῆς
1602 3290 1899 3361 πατρικῆς·

330 3384 425 3435 καὶ
462 3383 524 3434 τὸ
549 3381 776 3451 Πνεῦμα
803 3381 862 3434 τὸ
891 3379 1047 3450 ἆγιον
1077 3380 1380 3444 ύπεϐίϐαζε
1413 3382 1514 3451 τῆς
1544 3380 1638 3435 τοῦ
1688 3382 1902 3453 Πατρὶς

322 3474 486 3541 ,ἀξίας
537 3474 632 3528 καὶ
680 3474 775 3527 τοῦ
827 3472 983 3538 Υἰοῦ,
1030 3472 1204 3542 λέγων
1238 3471 1314 3536 ὡς
1362 3470 1490 3527 οὔτε
1541 3473 1634 3528 τὸν
1681 3476 1903 3544 Πατέρα

330 3566 555 3619 δύναται
579 3566 715 3636 ὁρᾷν
747 3565 775 3618 ὁ
808 3563 956 3628 Υἱὸς,
997 3562 1123 3617 οὔτε
1153 3563 1262 3634 μὴν
1293 3564 1380 3618 τὸν
1413 3562 1543 3617 Υίὸν
1571 3564 1631 3617 τὸ
1652 3564 1902 3635 Πνεῦμα,

330 3656 415 3711 ὥσ
429 3673 524 3727 περ
552 3655 676 3709 οὐδὲ
711 3656 761 3709 οἰ
797 3657 1022 3725 ἄγγελοι
1050 3655 1108 3708 τδ
1142 3654 1390 3725 Πνεῦμα,
1421 3654 1546 3708 οὕτε
1577 3655 1704 3718 τοὺς
1734 3655 1901 3724 άγγέ-

330 3747 456 3812 λους
484 3749 535 3800 οἰ
560 3746 864 3818 ἅνθρωποι.
904 3740 1076 3801 Αῦται
1105 3746 1204 3818 μὲν
1232 3746 1289 3799 αἰ
1324 3748 1456 3817 περὶ
1484 3746 1584 3817 τῆς
1615 3747 1779 3816 ἁγίας
1810 3750 1903 3800 καὶ

329 3842 617 3913 όμοουσίου
646 3840 880 3917 Τριάδος
912 3840 1256 3910 βλασφημίαι
1298 3839 1632 3907 Ὦριγένους.
1682 3839 1817 3910 Περὶ
1846 3840 1904 3891 δέ

330 3951 396 4003 γε
422 3937 522 4006 τὴν
560 3933 978 4004 ἐνανθρώπησιν
1006 3931 1102 3985 τοῦ
1134 3929 1266 3983 Υίοῦ
1300 3929 1397 3984 τοῦ
1446 3928 1584 3982 Θεοῦ
1627 3928 1904 3997 ἐϐλασφή-

335 4042 446 4094 μει,
478 4023 754 4085 δυσσεϐῶς
802 4023 1042 4091 εἰσάγων
1093 4019 1168 4091 μὴ
1227 4019 1409 4090 σάρκα
1436 4018 1804 4088 ἐψυχωμένην
1839 4020 1906 4070 ἐκ

331 4118 433 4187 τῆς
468 4115 630 4184 ἁγίας
662 4112 941 4183 Παρθένου
970 4112 1157 4166 λαϐεῖν
1204 4111 1297 4164 τὸν
1329 4112 1587 4181 Χριστόν.
1630 4110 1904 4163 Ἦνῶσθαι

333 4207 445 4274 γὰρ
501 4202 800 4274 ἐμυθεύετο
846 4201 942 4257 τὸν
976 4201 1247 4272 μονογενῆ
1295 4201 1388 4253 τοῦ
1431 4200 1570 4253 Θεοῦ
1616 4199 1747 4255 Υἰὸν
1797 4200 1907 4270 πρὸ

334 4294 644 4365 καταϐολῆς
687 4294 899 4364 κόσμου
931 4294 1010 4363 τῷ
1044 4292 1143 4363 νῷ,
1197 4291 1259 4345 δν
1310 4291 1648 4346 άνέπλαττεν
1697 4293 1904 4356 ἐκεῖνος

334 4385 747 4457 ἐκλελεγμένον,
790 4383 886 4439 καὶ
932 4383 1125 4436 κλόνον
1162 4383 1262 4455 οὐχ
1289 4382 1626 4448 ὑποστάντα,
1657 4383 1754 4437 καὶ
1804 4383 1902 4437 σὺν

2012 3203 2357 3274 unigenitum
2403 3203 2495 3257 Dei
2546 3202 2744 3256 Filium
2791 3212 2917 3256 ante
2968 3201 3233 3256 mundum
3289 3203 3572 3258 conditum

2007 3294 2177 3348 menti
2239 3294 2456 3349 unitqu
2509 3292 2682 3347 fuisse
2729 3292 3043 3358 fabulatur,
3096 3299 3153 3346 et
3175 3292 3410 3346 electum
3457 3308 3585 3349 esse

2008 3385 2195 3455 ﬁngit,
2237 3392 2293 3438 et
2337 3399 2553 3438 ramum
2599 3385 2693 3453 qui
2744 3383 3040 3453 aliquando
3073 3397 3182 3437 non
3223 3382 3413 3450 fuerit,
3454 3400 3581 3440 cum

2010 3493 2189 3548 eoque
2243 3476 2505 3532 extremis
2563 3475 2905 3545 temporibus
2962 3474 3378 3530 inhumanatum
3433 3493 3581 3543 esse,

2008 3578 2289 3640 assumpta
2334 3583 2501 3623 carne
2544 3568 2755 3637 abeque
2803 3567 2983 3621 anima
3026 3567 3368 3638 intelligente
3410 3577 3467 3622 et
3497 3583 3583 3622 ra-

2012 3664 2159 3717 tione
2203 3660 2473 3731 prasdita:
2519 3674 2583 3714 ac
2617 3675 2809 3714 rursus
2855 3658 3182 3729 deposuisse
3214 3674 3435 3716 carnem
3468 3660 3579 3714 Do-

2011 3751 2244 3814 minum,
2269 3760 2325 3805 ct
2360 3749 2523 3803 ﬁnem
2562 3747 2873 3802 habiturum
2907 3762 3028 3801 esse
3055 3748 3175 3817 ejus
3199 3761 3427 3818 regnum
3463 3756 3578 3800 sta-

2012 3841 2137 3895 tuit.
2185 3841 2252 3895 Et
2300 3840 2576 3894 dwmones
2622 3839 2678 3892 in
2725 3840 2998 3907 integrum
3042 3836 3421 3891 restituendos
3460 3852 3585 3892 esse

2013 3929 2218 3983 tradit:
2260 3936 2318 3982 et
2351 3925 2682 3996 snpplicium
2725 3925 2887 3989 ﬁniti,
2921 3940 3030 3979 non
3065 3927 3257 3980 teterni
3284 3924 3403 3978 fore
3443 3933 3580 3979 tem-

2011 4021 2183 4090 poris,
2217 4017 2528 4088 purgationi
2563 4015 2887 4071 delictorum
2916 4014 3161 4068 omnium
3211 4013 3581 4068 destinatum:

2009 4125 2117 4180 qua
2178 4118 2421 4180 peracta,
2464 4122 2656 4162 omnes
2700 4105 2768 4160 ad
2810 4105 3080 4160 unitatem
3120 4103 3397 4159 redituros
3434 4117 3581 4168 esse,

2011 4209 2123 4255 tam
2153 4198 2409 4255 homines
2435 4213 2599 4269 quam
2630 4197 2931 4254 daemones.
2960 4195 3201 4253 Unitatis
3225 4205 3408 4251 autem
3433 4195 3585 4252 illius

2012 4294 2304 4356 rationem,
2347 4306 2445 4346 seu
2484 4303 2660 4362 nugas
2689 4288 2897 4360 potius,
2932 4303 3057 4344 cum
3094 4288 3215 4345 sine
3243 4288 3432 4344 multis
3455 4302 3582 4343 ver-

2013 4383 2100 4438 bis
2138 4381 2406 4438 declarari
2456 4381 2600 4435 haud
2650 4379 2885 4450 possint,
2925 4377 3398 4449 praetermisimus,
3437 4387 3585 4434 utet

333 4477 509 4549 τούτῳ
536 4477 624 4531 ἐπ’
654 4476 896 4546 ἐσχάτων
920 4474 1364 4545 ἐνανθρωπῆσαι,
1395 4477 1489 4527 καὶ.
1534 4474 1715 4546 σάρκα
1736 4491 1897 4546 προσ-

2011 4476 2146 4530 alias
2173 4475 2292 4545 ejus
2325 4472 2712 4542 blasphemias.
2748 4473 2928 4539 Atque
2964 4471 3079 4525 haec
3106 4468 3175 4523 de
3201 4468 3458 4539 Origene,
3486 4470 3582 4539 qui

334 4570 619 4641 ειληφέναι
688 4568 811 4637 δίχα
843 4566 1020 4637 ψυχῆς
1055 4566 1248 4638 νοερᾶς
1273 4582 1335 4619 τε
1365 4566 1459 4619 καὶ
1487 4565 1737 4636 λογικῆς.
1796 4567 1908 4619 Καὶ

335 4663 636 4716 ἀποθέσθαι
657 4660 836 4731 δὲτὴν
860 4662 1041 4729 σάρκα
1069 4658 1234 4712 πάλιν
1254 4658 1344 4710 τὸν
1372 4656 1602 4728 Κύριον,
1629 4658 1725 4710 καὶ
1753 4656 1909 4718 τέλος

336 4754 483 4820 ἐξειν
509 4753 609 4822 τὴν
642 4749 923 4821 βασιλείαν
950 4750 1115 4802 αὑτοῦ
1147 4748 1495 4816 ἐδογμάτιζε.
1521 4748 1631 4801 Καὶ
1655 4747 1762 4802 τῶν
1792 4748 1910 4801 δαι-

340 4845 516 4915 μόνων
569 4845 845 4913 εἰσηγεῖτο
895 4841 1116 4896 ἐσεσθαι
1167 4839 1384 4911 μέλλειν
1434 4841 1906 4923 ἀποκατάστασιν,

340 4935 433 4987 καὶ
469 4932 570 5002 τὴν
619 4933 843 4985 κόλασιν
880 4929 1165 5002 χρονικὴν,
1211 4926 1329 4982 ἀλλ’
1370 4927 1474 4980 οὐκ
1525 4926 1907 4991 αἰωνίςουσαν·

339 5022 476 5092 πρὸς
524 5019 798 5090 κάθαρσιν
843 5019 900 5072 δέ
951 5019 1060 5073 τῶν
1114 5016 1531 5088 ἁμαρτημάτων
1555 5016 1909 5088 γενησεσθαι,

344 5114 483 5184 μετὰ
506 5114 565 5166 τὸ
592 5111 935 5181 καθαρθῆναι
973 5111 1048 5177 δὲ,
1084 5113 1296 5174 πάντας
1326 5111 1408 5174 εἰς
1440 5108 1541 5180 τὴν
1573 5107 1737 5162 ἐνάδα
1775 5110 1911 5160 άπο-

341 5206 701 5275 καταστῆναι,
724 5206 820 5258 καὶ
846 5205 974 5266 τοὺς
995 5203 1319 5274 ἀνθρώπους
1350 5204 1443 5255 καὶ
1476 5202 1604 5264 τοὺς
1625 5201 1908 5270 δαίμονας.

343 5299 423 5352 Τά
455 5298 512 5350 δέ
538 5297 666 5365 περὶ
690 5296 789 5362 τῆς
823 5295 1007 5358 ἐνάδος
1038 5295 1244 5363 ταύτης
1271 5291 1474 5359 πολλῆς
1527 5292 1911 5361 μακρηγορίας

345 5388 597 5457 δεόμενα,
626 5385 693 5438 ἵν’
719 5387 747 5438 ό
777 5384 982 5455 ταύτης
1022 5383 1183 5445 ὕθλος
1216 5381 1602 5450 σαφηνισθείη,
1638 5381 1909 5450 παρείθη⁶

345 5494 469 5544 σαν,
501 5476 690 5547 ὥσπερ
722 5476 816 5529 καὶ
849 5473 985 5527 ἄλλα
1021 5472 1130 5525 τῶν
1163 5471 1373 5525 ἐκείνου
1412 5471 1799 5540 βλασφημιῶν.
1829 5471 1912 5524 Τά

346 5572 445 5640 μὲν
478 5567 571 5621 οῦν
601 5568 743 5620 κατὰ
767 5567 862 5619 τὸν
908 5563 1217 5637 Ὠριγένην,
1247 5561 1306 5615 ὃν
1335 5562 1566 5616 ἐκάλουν
1622 5563 1717 5614 καὶ
1756 5562 1911 5615 Ἀδαο

348 5661 592 5732 μάντιον,
623 5660 682 5713 ἐν
707 5657 941 5720 τούτοις.
968 5657 1104 5710 Τότε
1122 5655 1179 5708 δὲ
1213 5654 1307 5707 καὶ
1330 5652 1603 5719 Ναυάτος,
1639 5652 1739 5724 τῆς
1768 5655 1912 5708 κατὰ

352 5751 576 5823 Ῥώμην
650 5747 976 5822 Ἐκκλησίας
1056 5746 1477 5825 πρεσϐύτερος,
1548 5745 1912 5820 αἰρεσιάρκης

2013 4565 2180 4620 etiam
2204 4563 2563 4617 Adamantius
2588 4561 2896 4617 dicebatur.
2917 4560 3057 4615 Tum
3074 4560 3318 4615 Novatus
3339 4575 3581 4630 quoque,

2014 4655 2277 4710 Romanae
2303 4653 2565 4708 Ecclesia:
2591 4652 2905 4723 presbyter,
2934 4652 3330 4726 bzeresiarcbes
3349 4651 3582 4711 exstitit:

2012 4764 2318 4818 eorumque
2347 4748 2442 4819 qui
2472 4762 2530 4803 se
2552 4747 2823 4803 Catbaros
2848 4761 2945 4802 seu
2982 4747 3158 4801 Puros
3187 4745 3403 4811 dicunt,
3430 4745 3577 4816 prin-

2011 4856 2175 4910 ceps:
2207 4840 2274 4894 iis
2300 4839 2391 4909 qui
2416 4840 2804 4908 persecutione
2829 4837 3031 4902 territi,
3059 4836 3371 4892 simulacris
3395 4837 3587 4891 immo-

2010 4934 2230 4999 larunt,
2279 4940 2335 4987 ct
2384 4939 2544 5001 post,
2592 4928 2781 5001 agnito
2830 4937 3087 4999 peccato,
3130 4944 3191 4984 se
3229 4937 3602 4992 convertunt,

2013 5020 2396 5091 pmnitentiam
2426 5035 2656 5090 negans,
2693 5029 2751 5076 et
2779 5019 3060 5089 supplices
3093 5032 3158 5072 ac
3189 5017 3373 5073 delicti
3403 5018 3583 5074 medi-

2012 5113 2193 5166 cinam
2229 5110 2481 5165 dolenter
2515 5109 2828 5179 aﬁlictoque
2855 5108 3042 5162 animo
3075 5106 3423 5178 requirentes
3472 5121 3584 5161 non

2013 5202 2328 5257 admittens.
2361 5202 2565 5256 Contra
2595 5202 2744 5256 hunc
2779 5202 2963 5256 Roma!
2997 5199 3291 5254 concilium
3324 5207 3407 5252 est
3439 5197 3585 5252 indi-

2013 5305 2186 5360 ctum,
2219 5296 2308 5349 cui
2335 5293 2626 5349 Cornelius
2652 5294 2870 5364 praal‘uit
2899 5310 2913 5349 :
2945 5293 3000 5347 in
3028 5308 3137 5361 quo
3165 5292 3447 5347 decretum
3474 5297 3581 5349 est.

2016 5396 2260 5456 tempore
2313 5387 2717 5456 persecutionis
2762 5386 2950 5454 lapsos
3006 5383 3387 5455 recipiendos,
3435 5382 3482 5436 si
3524 5397 3583 5436 se

2015 5479 2428 5540 converterint,
2464 5479 2627 5549 627
2676 5487 2733 5532 et
2775 5476 3115 5546 pcenitentia:
3160 5473 3434 5527 medicina
3482 5487 3582 5527 cu-

2012 5571 2218 5626 randos
2255 5585 2396 5624 esse.
2427 5570 2694 5623 Novatum
2727 5582 2857 5622 vero
2889 5566 3064 5620 sancti
3095 5565 3173 5619 illi
3209 5574 3414 5635 patres,
3447 5580 3584 5618 con-

2014 5662 2127 5718 cilii
2162 5663 2384 5717 decreto
2418 5674 2530 5714 non
2565 5657 3028 5728 acquiescentem,
3058 5655 3300 5711 Ecclesia
3337 5655 3582 5725 pulsum,

2015 5763 2076 5812 ut
2105 5752 2336 5809 fratrum
2382 5750 2632 5817 hostem,
2671 5749 3016 5805 abdicarunt.
3053 5747 3323 5803 Eusebius
3359 5759 3580 5816 quoque
