4026 6434
361 395 499 456 ιοθι

1618 388 2024 449 ANNALIUM
2071 389 2218 450 LIB.
2257 390 2402 451 Χιῐ.

3491 395 3634 460 1062

361 507 701 578 γεγράφασι,
729 505 826 560 καὶ
861 503 1161 574 συνάρχειν
1196 502 1369 574 αύτῷ.
1405 502 1708 572 Κρατήσας
1766 507 1951 555 τοίνυν

2064 517 2174 572 gam
2220 514 2342 571 ejus
2374 539 2392 567 ,
2427 500 2789 557 Volusianum
2838 503 3174 573 appellatum
3229 508 3416 575 esse),
3444 521 3639 577 pactus

363 600 466 668 τῆς
498 599 609 652 τῶν
652 599 944 669 Ῥωμαίων
979 600 1008 650 ό
1049 596 1251 659 Γάλλος
1283 595 1461 665 ἀρχῆς
1509 593 1800 648 σπένδεται
1843 598 1957 657 τοῖς

364 692 674 762 Βαρϐἀροις
718 690 816 744 ἐπὶ
867 688 1171 759 συνθήκαις
1205 687 1302 741 τοῦ
1351 686 1655 756 λαμϐάνειν
1712 687 1958 748 ἐκείνους

370 785 517 854 παρᾶ
557 781 855 851 Ῥωμαίων
877 778 1088 850 δασμὸν
1132 776 1406 832 ἐνιαύσιον
1440 776 1538 830 καὶ
1574 777 1652 848 μὴ
1701 776 1774 829 τὰ
1816 776 1954 829 Ῥω-

365 877 544 946 μαίων
580 872 864 946 ληῖζεσθαι
887 888 902 903 ⁸
927 875 1023 926 καὶ
1048 871 1418 940 σπεισάμενος
1437 867 1613 932 οὕτως
1643 869 1958 938 ἐπανῆλθεν

366 973 445 1033 εἰς
478 967 723 1038 Ῥώμην,
776 964 1000 1019 καὶτὸν
1049 963 1166 1016 υἱὸν
1230 961 1400 1016 αὑτοῦ
1454 961 1547 1015 τὸν
1599 961 1959 1014 Βολουσιανὸν

367 1061 702 1129 ἀνηγόρευσε
727 1058 1008 1126 Καίσαρα.
1065 1055 1247 1126 Βαρὺς
1275 1054 1334 1106 δὲ
1359 1053 1452 1106 καὶ
1480 1048 1602 1106 εἶτα
1627 1053 1820 1120 γέγονε
1845 1055 1960 1114 τοῖς

368 1150 744 1220 Χριστιανοῖς.
787 1149 886 1201 καὶ
916 1147 1018 1216 οὐχ
1046 1146 1249 1216 ἥττονα
1277 1145 1475 1197 Δεκίου
1532 1141 1778 1210 διωγμὸν
1836 1141 1958 1195 κατ’

367 1243 551 1294 αὐτῶν
595 1243 841 1310 ἐγείρας,
898 1239 993 1293 καὶ
1047 1237 1280 1298 πολλοὺς
1338 1234 1568 1289 ἀνελών.
1627 1234 1874 1304 Ἤρξατο
1912 1233 1957 1288 δ’

370 1331 530 1394 αὖθις
569 1332 661 1383 ἐπὶ
703 1329 895 1383 τούτου
923 1328 956 1399 ἡ
981 1327 1198 1396 κίνησις
1223 1325 1334 1379 τῶν
1371 1323 1622 1396 Περσῶν,
1665 1326 1764 1378 καὶ
1827 1341 1960 1376 κατ-

373 1423 574 1492 εσχέθη
599 1421 732 1492 παρ’
759 1421 942 1476 αὑτῶν
971 1422 1004 1490 ἡ
1038 1419 1321 1490 Ἀρμενία,
1344 1417 1440 1470 τοῦ
1469 1415 1676 1486 ταύτης
1694 1415 1960 1486 βασιλέως

369 1516 674 1585 ἰὐριδάτου
731 1513 1019 1581 φυγόντος,
1072 1511 1182 1565 τῶν
1207 1511 1262 1564 δέ
1297 1509 1506 1563 παίδων
1537 1508 1748 1562 ἐκείνου
1799 1524 1964 1575 προσ-

373 1607 612 1676 ρυέντων
645 1607 758 1666 τοῖς
790 1604 1058 1674 Πέρσαις.
1099 1603 1208 1656 Καὶ
1240 1601 1448 1656 Σκύθαι
1505 1601 1563 1654 δὲ
1588 1602 1670 1662 είς
1690 1599 1791 1669 τὴν
1825 1599 1962 1652 Ἰτα-

370 1691 492 1750 λίαν
519 1695 826 1760 εἰσέϐαλον,
855 1695 1062 1765 πλῆθος
1099 1694 1255 1757 όντες
1289 1691 1478 1763 σχεδὸν
1511 1690 1846 1761 ὑπερϐαῖνον
1866 1691 1962 1743 καὶ

371 1787 632 1858 ἀριθμὸν,
670 1787 765 1840 καὶ
797 1785 1170 1850 Μακεδονίαν,
1227 1784 1322 1837 καὶ
1349 1782 1674 1847 Θεσσαλίαν,
1703 1781 1801 1834 καὶ
1844 1780 1961 1832 Ἑλ-

372 1879 510 1933 λάδα
571 1880 934 1951 κατέδραμον.
979 1878 1218 1948 Λέγεται
1265 1879 1323 1930 δὲ
1359 1876 1568 1931 τούτων
1615 1877 1811 1947 μοῖράν
1835 1893 1957 1929 τινα
1987 1859 2032 1917 Β

371 1971 460 2024 διὰ
497 1971 778 2042 Βοσπόρου
816 1970 1220 2041 παρελθοῦσαν,
1251 1969 1346 2022 καὶ
1374 1968 1476 2040 τὴν
1534 1967 1820 2023 Μαιώτιδα
1879 1966 1962 2019 λί-

376 2081 516 2132 μνην
543 2063 881 2131 ὑπερϐᾶσαν,
915 2061 1006 2114 ἐπὶ
1032 2061 1124 2116 τὸν
1162 2058 1414 2127 Εὔξεινον
1437 2059 1692 2127 γενέσθαι
1735 2058 1959 2123 Πόντον,

373 2154 467 2207 καὶ
491 2153 677 2223 χώρας
708 2153 986 2224 πορθῆσαι
1017 2152 1242 2216 πολλάς.
1276 2152 1391 2207 Καὶ
1417 2150 1555 2207 ἄλλα
1582 2151 1640 2205 δέ
1661 2150 1832 2204 πολλὰ
1851 2151 1962 2204 τῶν

374 2243 544 2296 ἐθνῶν
577 2243 702 2297 τότε
769 2245 915 2298 κατὰ
941 2245 1043 2313 τῆς
1090 2242 1412 2315 Ῥωμαϊκῆς
1459 2243 1822 2316 ἐπικρατείας
1847 2242 1961 2314 ώρο

378 2339 650 2407 μήκεσαν.
695 2336 856 2391 Ἀλλὰ
891 2337 988 2390 καὶ
1021 2335 1210 2406 λοιμὸς
1238 2337 1364 2389 τότε
1409 2338 1532 2400 ταῖς
1593 2335 1800 2405 χώραις
1839 2333 1958 2387 ἐνέ-

379 2445 448 2481 σκ
474 2428 581 2498 ,ψε,
611 2425 670 2491 ἐξ
700 2426 988 2490 Αἰθιοπίας
1034 2425 1363 2496 ἀρξάμενος,
1417 2426 1514 2479 καὶ
1545 2428 1731 2478 πᾶσαν
1763 2424 1956 2494 σχεδόν

377 2518 735 2589 ἐπινεμηθεὶς
760 2516 944 2590 χώραν
971 2515 1112 2588 ἑῴαν
1134 2534 1194 2569 τε
1229 2518 1323 2571 καὶ
1375 2517 1654 2587 ἑσπέριον,
1705 2517 1801 2569 καὶ
1831 2515 1964 2568 πολ-

377 2611 480 2673 λὰς
507 2610 618 2666 τῶν
643 2611 856 2665 πόλεων
878 2609 988 2664 τῶν
1027 2609 1336 2679 οἰκητόρων
1368 2607 1660 2674 ἐκένωσεν,
1707 2608 1801 2660 ἐπὶ
1833 2624 1963 2660 πεν-

378 2701 674 2755 τεκαίδεκα
708 2699 1010 2770 διαρκέσας
1042 2697 1350 2760 ἐνιαυτούς.
1415 2697 1484 2749 Oi
1511 2713 1576 2766 γε
1611 2697 1720 2768 μὴν
1758 2695 1964 2750 Σκύθαι

376 2794 692 2865 τεταγμένα
726 2793 880 2863 παρὰ
919 2789 1215 2862 Ῥωμαίων
1243 2789 1388 2844 κατά
1429 2789 1706 2858 συνθήκας
1744 2787 1964 2860 λαμϐά-

384 2903 569 2949 νοντες
601 2884 887 2950 ἐπετείως,
937 2884 1111 2955 ἧκασι
1160 2881 1336 2936 ταῦτα
1368 2881 1694 2952 ληψόμενοι,
1746 2882 1844 2936 καὶ
1870 2879 1969 2951 ἥτ-

380 2995 511 3031 τονα
568 2977 824 3047 λέγοντες
872 2971 1010 3029 εἶναι
1079 2973 1185 3028 τῶν
1232 2973 1637 3044 ὑπεσχημένων
1689 2972 1761 3026 τὰ
1809 2973 1964 3042 σφίσι

378 3071 658 3141 διδόμενα,
689 3069 940 3140 ἀπῄεσαν
965 3066 1376 3137 ἀπειλούμενοι·
1415 3065 1739 3136 Αἰμιλιανὸς
1789 3065 1848 3120 δέ
1883 3069 1968 3130 τις

378 3161 547 3224 Λίϐυς
580 3160 742 3232 ἀνὴρ,
787 3160 972 3231 ἄρχων
1015 3158 1114 3212 τοῦ
1167 3159 1227 3212 ἐν
1277 3157 1465 3230 Μυσία
1530 3157 1962 3228 στρατεύματος,

379 3255 492 3314 τοῖς
541 3251 909 3319 στρατιώταις
939 3249 1135 3303 δώσειν
1194 3249 1379 3303 πάντα
1431 3249 1500 3302 τὰ
1572 3250 1688 3311 τοῖς
1728 3247 1966 3311 Σκύθαις

380 3341 638 3411 διδόμενα
665 3341 1059 3411 ἐπηγγείλατο,
1093 3341 1143 3392 εί
1181 3341 1295 3402 τοῖς
1327 3338 1634 3410 Βαρϐἀροις
1669 3340 1972 3409 συνάψειαν

383 3431 647 3500 πόλεμον.
683 3433 748 3484 οι
777 3432 859 3496 δέ,
889 3433 1213 3503 ἀπροόπτως
1235 3431 1557 3495 ἐπελθόντες
1583 3434 1692 3493 τοῖς
1710 3431 1970 3500 Σκύθαις,

383 3517 516 3587 ἄτερ
568 3518 765 3587 ὀλίγων
811 3519 1146 3573 ἀπέκτειναν
1199 3519 1472 3581 ἅπαντας,
1520 3520 1617 3574 καὶ
1663 3520 1885 3590 λάφυρα
1913 3520 1974 3586 ἐξ

390 3609 620 3664 ἐκείνων
652 3611 881 3665 πλεῖστα
924 3611 1258 3683 συνήγαγον,
1308 3609 1410 3681 τὴν
1448 3611 1635 3683 χώραν
1696 3613 1975 3682 καταδρα-

2058 607 2184 646 cum
2229 590 2510 658 Barbaris,
2535 603 2595 647 ut
2623 608 2811 648 annuo
2849 594 3058 649 tributo
3111 608 3341 667 accepto
3367 638 3383 664 ,
3431 599 3636 656 Roma-

2058 685 2144 738 nis
2176 685 2477 756 provinciis
2503 686 2864 749 abstinerent,
2899 688 3128 742 Romam
3153 689 3326 754 abiit,
3361 706 3426 746 ac
3460 691 3633 748 ﬁlium

2060 776 2418 831 Voiusianum
2451 777 2720 832 Caesarem
2755 778 3074 833 declaravit.
3114 779 3239 834 Fuit
3266 793 3320 835 et
3356 782 3444 838 hic
3475 782 3642 838 Chri-

2058 869 2253 926 stianis
2279 872 2480 940 gravis,
2512 885 2623 924 non
2655 872 2868 926 minore
2917 887 3080 941 quam
3133 873 3330 929 Decius
3377 891 3641 944 perseeuo

2060 966 2210 1020 tione
2238 966 2510 1030 inchoata,
2544 967 2839 1036 multisque
2872 967 3199 1024 interfectis.
3234 968 3348 1024 Sub
3374 970 3478 1024 hoc
3511 985 3628 1023 mo-

2062 1067 2151 1112 tus
2171 1059 2460 1112 Persarum
2490 1059 2794 1124 recruduit,
2813 1063 2906 1130 qui
2929 1063 3241 1116 Armeniam
3274 1072 3636 1132 occuparunt,

2059 1149 2320 1220 Tyridate
2351 1164 2478 1220 rege
2516 1150 2640 1221 fuga
2663 1153 2869 1221 elapso,
2899 1153 3057 1223 cujus
3105 1153 3200 1208 lilii
3242 1170 3303 1209 se
3344 1154 3411 1208 ad
3452 1155 3640 1208 hostes

2059 1241 2429 1296 contulerant.
2485 1241 2812 1314 Scytharum
2879 1259 3100 1314 quoque
3157 1245 3455 1302 multitudo
3498 1261 3642 1315 pene

2062 1333 2482 1387 innumerabilis
2509 1334 2564 1388 in
2619 1335 2832 1389 Italiam
2883 1335 3302 1406 impressionem
3343 1338 3516 1396 fecit:
3569 1338 3636 1393 ii-

2061 1422 2298 1492 demque
2355 1422 2775 1490 Macedoniam,
2851 1426 3192 1483 Thessaliam
3245 1439 3303 1484 et
3369 1429 3636 1484 Graeciam

2063 1513 2442 1568 incursarunt.
2474 1513 2679 1568 Eorum
2709 1531 2931 1586 quoque
2956 1532 3108 1588 pars,
3169 1518 3419 1574 Maeotide
3443 1518 3642 1588 palude

2062 1614 2364 1673 superata,
2420 1619 2520 1676 per
2553 1606 2902 1677 Bosporum,
2960 1609 3018 1664 in
3071 1610 3304 1665 Pontum
3362 1609 3638 1665 Euxinum

2064 1694 2350 1764 irripuisse
2390 1695 2603 1762 fertur,
2654 1713 2719 1753 ac
2768 1699 2968 1756 multas
3010 1710 3252 1756 vastasse
3299 1700 3637 1771 provincias.

2065 1785 2206 1841 Sunt
2233 1794 2289 1842 et
2315 1787 2435 1842 aliae
2469 1789 2656 1856 plures
2683 1798 2876 1860 gentes
2904 1801 3099 1846 contra
3147 1791 3384 1848 ditiones
3436 1793 3640 1847 Roma-

2063 1893 2259 1932 norum
2291 1879 2598 1935 concitatae.
2649 1882 2828 1938 Pestis
2879 1898 3103 1953 quoque
3143 1892 3258 1939 tum
3301 1885 3637 1954 'provincias

2063 1969 2306 2026 invasit:
2343 1987 2466 2041 quae
2508 1972 2578 2027 ab
2638 1971 2914 2044 Ethiopia
2975 1983 3096 2028 orta
3122 2015 3137 2039 ,
3173 1983 3462 2045 totumque
3496 1989 3640 2045 pene

2062 2061 2341 2118 Orientem
2373 2070 2429 2118 et
2458 2063 2814 2119 Occidentem
2860 2076 3186 2136 pervagata,
3221 2065 3422 2121 multas
3473 2065 3642 2120 urbes

2062 2153 2280 2209 civibus
2309 2154 2601 2221 desolavit,
2623 2156 2952 2228 (iuravitque
2982 2173 3081 2228 per
3107 2171 3276 2212 annos
3303 2156 3639 2227 quindecim.

2065 2245 2282 2316 Scythae
2316 2261 2448 2301 vero
2474 2261 2660 2301 annuo
2712 2248 2923 2302 tributo
2982 2263 3052 2304 ex
3092 2257 3253 2318 pacto
3301 2263 3330 2302 a
3380 2247 3644 2303 Romanis

2065 2335 2260 2405 petito,
2303 2335 2562 2404 pauciora
2611 2335 2716 2390 sibi
2752 2351 2919 2406 quam
2965 2337 3234 2407 promissa
3265 2346 3489 2396 essent.
3523 2335 3645 2391 dari

2064 2426 2268 2495 questi,
2325 2426 2693 2481 minitabundi
2738 2427 3016 2482 abierunt.
3066 2427 3340 2484 Caeterum
3386 2427 3641 2483 IEmiiia-

2064 2527 2190 2574 nus,
2227 2513 2393 2568 homo
2419 2513 2571 2578 Afer,
2610 2514 2796 2584 Mysiis
2825 2516 3134 2587 legionibus
3175 2517 3494 2588 pmfectus,
3536 2519 3646 2576 mi-

2065 2605 2256 2660 litibus
2281 2621 2346 2662 ca
2375 2607 2559 2662 omnia
2589 2609 2842 2678 promisit
2895 2625 3016 2680 qua:
3063 2609 3282 2681 Scythis
3331 2611 3644 2681 penderen-

2069 2706 2177 2761 tur,
2217 2698 2262 2753 si
2295 2713 2420 2753 cum
2450 2699 2561 2754 illis
2593 2710 2918 2769 pugnarent.
2967 2699 3074 2766 Qui
3117 2701 3384 2756 Barbaros
3423 2716 3492 2757 ex
3544 2700 3649 2756 im-

2067 2787 2292 2858 proviso
2318 2789 2583 2859 aggressi,
2610 2789 2804 2859 paucis
2847 2793 3092 2861 exceptis
3117 2832 3133 2857 ,
3180 2806 3374 2847 omnes
3421 2791 3648 2846 occide-

2069 2889 2242 2935 runt:
2275 2891 2330 2936 et
2358 2881 2560 2951 epimis
2603 2882 2791 2952 spoliis
2851 2883 3020 2952 partis
3048 2922 3064 2949 ,
3127 2881 3406 2953 regionem
3451 2897 3647 2939 eorum

2069 2970 2520 3026 incursarunt.Eo
2555 2986 2812 3026 successu
2840 2971 3016 3027 elatus
3060 2971 3393 3026 .Emilianus
3416 3010 3434 3037 ,
3474 2985 3506 3026 a
3532 2970 3650 3026 suis

2068 3062 2379 3134 legionibus
2416 3063 2756 3132 impetravit,
2799 3071 2862 3117 ut
2911 3063 3210 3132 imperator
3259 3062 3644 3116 salutaretur:

2071 3153 2386 3223 coactisque
2417 3153 2472 3207 in
2507 3168 2676 3208 unum
2703 3153 2900 3223 copiis,
2934 3153 3002 3208 ad
3030 3152 3240 3208 italiam
3268 3151 3646 3222 occupandam

2069 3244 2402 3315 properavit,
2439 3245 2560 3311 Quo
2594 3245 2782 3301 Gallus
2827 3246 3071 3317 cognito,
3109 3256 3165 3300 et
3195 3245 3312 3315 ipse
3341 3253 3536 3299 contra
3586 3259 3648 3300 se

2068 3335 2280 3406 paravit
2311 3351 2325 3390 :
2361 3335 2770 3406 commissoque
2804 3337 2992 3405 praelio
3028 3335 3230 3402 victus,
3256 3350 3288 3390 a
3327 3337 3445 3390 suis
3493 3334 3646 3390 mili-

2071 3428 2220 3482 tibus
2245 3443 2353 3481 una
2391 3442 2515 3481 cum
2546 3425 2659 3482 filio
2688 3431 2904 3482 occisus
2931 3435 3038 3492 est,
3074 3442 3200 3481 eum
3255 3426 3544 3482 biennium
3587 3436 3649 3482 et

2071 3533 2289 3573 menses
2317 3527 2441 3573 octo
2480 3518 2824 3588 imperasset.
2863 3518 2998 3588 Ejus
3017 3532 3149 3574 vero
3172 3517 3378 3573 milites
3431 3527 3488 3573 et
3539 3516 3651 3587 ipsi

2071 3609 2373 3666 ASmiliano
2416 3609 2724 3680 conjuncti,
2759 3611 3052 3681 imperium
3077 3609 3498 3665 conﬁrmarunt.

383 3700 582 3770 μόντες
609 3701 813 3758 αὑτῶν.
834 3702 1124 3756 Ἐντεῦθεν
1165 3703 1194 3755 ό
1239 3702 1560 3773 Αἰμιλιανὸς
1603 3703 2024 3774 ὑπερφρονήσας
2062 3702 2140 3772 τῷ
2173 3701 2586 3772 κατορθώματι,
2621 3703 2774 3772 μέτει
2816 3719 2869 3755 σι
2899 3703 3026 3765 τοὺς
3059 3701 3152 3754 ὑπ’
3189 3701 3353 3755 αὑτὸν
3386 3697 3652 3771 στρατιώ’

377 3810 497 3857 τας,
525 3793 620 3847 καὶ
663 3794 952 3864 Ῥωμαίων
1013 3793 1178 3848 αὑτὸν
1239 3795 1668 3866 ἀναγορεύουσιν
1714 3795 2115 3865 αὐτοκράτορα.

2195 3795 2298 3856 ’ος
2351 3793 2552 3848 αὐτίκα
2609 3794 2708 3856 τὰς
2767 3793 3032 3862 δυνάμεις
3087 3793 3384 3864 ἀγείρας.’
3419 3791 3648 3844 ἔσπευδε

379 3884 478 3957 τὴν
500 3885 732 3940 Ἰταλίαν
763 3886 1116 3944 καταλαϐεῖν.
1155 3886 1245 3950 Ὠς
1275 3886 1407 3956 γοῦν
1432 3890 1513 3952 είς
1541 3887 1747 3957 γνῶσιν
1791 3884 1955 3958 ἦλθον
1991 3889 2162 3940 ταῦτα
2200 3888 2280 3956 τῷ
2347 3887 2566 3958 Γάλλῳ,
2612 3889 2866 3950 κάκεῖνος
2898 3885 3166 3957 ἑτέρωθεν
3212 3888 3648 3958 παρασκευασά-

383 3994 564 4048 μενος,
592 3977 671 4047 τῷ
699 3977 1008 4048 Δίμιλιανῷ
1057 3979 1555 4049 ἁντιπαρετάξατο,
1601 3980 1696 4033 καὶ
1749 3981 2140 4052 συρραγέντων
2200 3981 2460 4050 ἀλλήλοις
2521 3979 2632 4032 τῶν
2695 3979 3149 4049 στρατευμάτων,
3179 3980 3412 4049 ἥττηντο
3473 3979 3648 4035 οιτοῦ

382 4067 607 4122 Γάλλου.
640 4066 978 4135 Ἦττώμενοι
1003 4067 1060 4120 δὲ
1090 4068 1352 4121 ἐπέθεντο
1419 4068 1501 4140 τῷ
1567 4069 1721 4138 σφῶν
1786 4070 2186 4140 αὑτοκράτοριυ
2250 4070 2347 4123 καὶ
2401 4069 2686 4134 ἀνελόντες
2715 4071 2992 4136 κάκεῖνον,
3020 4069 3116 4123 καὶ
3144 4071 3237 4123 τὸν
3269 4071 3435 4124 παῖδα
3453 4071 3645 4134 αὑτοῦ,

381 4158 814 4230 βασιλεῦσαντας
867 4159 964 4230 ἐτη
1018 4158 1111 4212 δύο
1173 4161 1267 4213 καὶ
1326 4159 1506 4230 μῆνας
1535 4159 1702 4229 ὀκτὼ,
1759 4164 2140 4233 προστίθενται
2208 4163 2285 4234 τῷ
2350 4162 2803 4235 Αἱμιλιανῷ,καὶ
2831 4162 2990 4218 αὐτοὶ
3015 4164 3114 4234 τὴν
3178 4163 3456 4235 βασιλείαν
3495 4164 3646 4238 αὑτῷ

379 4250 772 4321 ψηφισάμενοι.

453 4347 581 4400 RB’.
625 4343 986 4416 ’Λναρῤηθεὶς
1024 4345 1080 4399 δέ
1125 4343 1300 4409 οὕτως
1354 4345 1715 4418 αὐτοκράτωρ
1740 4347 1768 4399 ὁ
1800 4347 1970 4417 Alps.-~

383 4437 567 4499 λιανὸς
600 4435 882 4489 ἐπέστειλε
913 4438 980 4505 τῇ
1034 4435 1348 4506 συγκλήτῳ,
1375 4436 1853 4508 ἐπαγγελλόμενος
1885 4437 1958 4500 ώς

2137 4344 2304 4400 Χλιι.
2331 4343 2646 4414 Appellatus
2705 4343 3003 4412 imperator
3047 4341 3380 4398 Emilianus
3425 4342 3645 4398 senatui

2068 4453 2166 4507 per
2202 4437 2406 4490 litteras
2439 4435 2714 4505 promisit,
2740 4449 2799 4488 se
2854 4433 3130 4488 Barbaros
3178 4434 3344 4487 etiam
3410 4433 3647 4489 Thracia

388 4532 485 4584 καὶ
513 4529 612 4602 τὴν
670 4529 897 4602 Θρᾴκην
949 4528 1250 4593 ἀπαλλάξει
1311 4527 1634 4600 Βαρϐάρων,
1688 4532 1782 4582 καὶ
1824 4536 1963 4582 κατὰ

2073 4529 2378 4599 pulsurum,
2409 4535 2465 4580 et
2491 4526 2672 4580 Persis
2714 4525 2922 4580 bellum
2968 4524 3295 4579 illaturum:
3350 4524 3644 4596 omniaque

388 4621 618 4694 Περσῶν
678 4620 1168 4692 ἐκστρατεύσεται,
1233 4620 1330 4673 καὶ
1386 4621 1568 4676 πάντα
1617 4621 1815 4692 πράξει
1865 4621 1962 4674 καὶ

387 4716 721 4783 ἀγωνίσεται
751 4713 828 4778 ώς
865 4713 1173 4785 στρατηγός
1195 4711 1399 4778 αὐτῶν,
1439 4715 1540 4783 τὴν
1573 4712 1853 4783 βασιλείαν
1893 4715 1960 4783 τῇ

388 4805 649 4876 γερουσίᾳ
673 4805 1015 4860 καταλιπών.
1046 4803 1202 4857 ’Δλλ’
1247 4803 1403 4858 οὑδέν
1433 4805 1641 4859 τούτων
1687 4805 1826 4876 ἔφθη
1864 4821 1964 4857 πε·

389 4896 654 4965 ποιηκὼς,
689 4895 1058 4966 Οὐαλεριανοῦ
1095 4895 1503 4959 ἐπαναστάντος
1533 4896 1715 4967 αὐτῷ’
1744 4896 1802 4960 ὃς
1853 4897 1964 4950 τῶν

389 4987 528 5059 ὑπὲρ
577 4987 679 5050 τὰς
714 4987 943 5050 Ἀλπεις
981 4988 1169 5058 ἄρχων
1207 4986 1517 5057 δυνάμεων,
1571 4988 1640 5042 τὰ
1689 4987 1832 5041 κατά
1863 4987 1956 5040 τὸν

387 5079 709 5148 Αίμιλιανὸν
764 5077 976 5148 μαθὼν,
1035 5077 1131 5130 καὶ
1164 5077 1328 5141 αὑτὸς
1391 5079 1669 5147 τυραννεῖ.
1723 5077 1830 5130 Καὶ
1865 5081 1963 5141 τὰς

385 5171 478 5225 ὑπ’
513 5171 677 5224 αὑτδιν
703 5169 964 5240 δυνάμεις
994 5168 1345 5237 συναγαγὼν,
1395 5168 1534 5236 πρὸς
1565 5168 1666 5239 τὴν
1739 5168 1961 5240 Ῥώμην

387 5263 666 5334 ⁴ι-ιπείγετο.
708 5261 774 5315 Oi
811 5261 943 5329 γοῦν
979 5261 1058 5330 τῷ
1085 5258 1390 5330 Αίμιλιανῷ
1437 5261 1958 5332 συστρατευόμενοι,

385 5356 484 5409 οὑκ
517 5353 850 5424 ἀξιομάχους
879 5353 1110 5414 ἑαυτοὺς
1164 5352 1471 5420 ἐγνωκότες
1526 5351 1666 5423 πρὸς
1711 5352 1810 5423 τὴν
1863 5353 1959 5407 τοῦ

385 5446 753 5517 Οὐαλεριανοῦ
781 5445 1066 5516 στρατιὰν,
1095 5444 1228 5514 μηδέ
1253 5443 1498 5514 φθείρειν
1518 5446 1614 5499 καὶ
1638 5443 1960 5515 φθείρεσθαι

395 5539 704 5610 Ῥωμαίους
733 5537 824 5591 ὑπ’
851 5537 1099 5606 ἀλλήλων
1145 5536 1294 5588 ὅσιον
1347 5537 1636 5608 κρίναντες
1663 5539 1762 5592 καὶ
1805 5538 1960 5592 πολέ-

388 5649 520 5704 μους
549 5630 966 5702 συγκροτεῖσθαι
984 5628 1289 5701 ὁμογενῶν,
1315 5631 1408 5684 καὶ
1433 5630 1608 5694 ἄλλως
1635 5631 1693 5685 δὲ
1713 5631 1810 5686 τὸν
1857 5633 1958 5703 μὲν

383 5724 699 5796 Αἰμιλιανδν
721 5723 942 5790 ἀνάξιον
961 5722 1302 5793 λογιζόμενοι
1335 5721 1637 5792 βασιλείας,
1672 5722 1749 5789 ὡς
1773 5724 1959 5789 ἄδοξόν

383 5835 442 5872 τε
471 5821 567 5872 καὶ
618 5815 903 5889 χαμερπῆ,
957 5814 1049 5872 τόν
1089 5812 1461 5885 Οὐαλεριανὸν
1511 5813 1568 5869 δὲ
1622 5814 1957 5888 οἰκειότερον

2065 4620 2339 4674 facturum
2371 4627 2428 4672 et
2456 4603 2844 4672 dimicaturum
2879 4657 2896 4683 ,
2931 4626 2992 4671 ut
3022 4617 3220 4672 ducem
3261 4631 3450 4671 eorum
3481 4656 3496 4682 ,
3535 4619 3642 4671 im-

2067 4712 2224 4781 perio
2255 4711 2391 4780 ipsis
2425 4709 2639 4780 relicto.
2675 4708 2782 4762 Sed
2813 4709 3138 4777 priusquam
3186 4710 3384 4762 horum
3435 4709 3643 4776 aliquid

2065 4803 2288 4867 faceret,
2325 4802 2645 4858 Valerianus
2677 4799 3160 4869 Transalpinarum
3191 4799 3470 4868 legionum
3508 4799 3640 4864 dux,

2066 4897 2232 4952 rebus
2278 4894 2558 4949 Emiliani
2601 4892 2854 4963 cognitis,
2884 4901 2940 4946 et
2974 4893 3091 4962 ipse
3131 4908 3360 4963 regnum
3417 4891 3643 4947 affecta-

2065 4988 2191 5042 vit:
2254 4986 2653 5054 conductisque
2704 4984 2761 5037 in
2815 4983 2982 5054 629
3031 4997 3202 5037 unum
3254 4985 3373 5038 suis
3428 4981 3638 5052 cepiis,

2065 5080 2296 5134 Romam
2371 5078 2707 5148 preperavit.
2747 5076 2928 5142 Quare
2974 5075 3014 5130 ii
3063 5073 3158 5144 qui
3194 5073 3299 5129 sub
3342 5071 3639 5128 IEmiliano

2063 5170 2338 5240 stipendia
2399 5168 2729 5235 merebant,
2781 5167 2911 5237 quia
2964 5180 3023 5221 se
3077 5165 3366 5221 Valeriano
3396 5164 3642 5234 impares

2063 5278 2184 5318 esse
2204 5271 2420 5326 norant,
2452 5271 2510 5316 et
2552 5261 2831 5315 Romanos
2877 5258 3087 5314 mutuis
3126 5257 3308 5327 perire
3353 5255 3636 5320 caedibus,

2064 5368 2129 5408 ac
2164 5352 2446 5408 intestina»
2468 5352 2612 5407 bella
2643 5349 2868 5405 conﬂari
2901 5347 3060 5404 nefas
3108 5347 3406 5418 putabant.
3429 5345 3637 5401 Eodem

2062 5444 2377 5510 accedebat,
2403 5443 2551 5513 quod
2594 5441 2968 5504 Emilianum,
3001 5447 3062 5494 ut
3095 5439 3388 5509 inglorium
3427 5445 3485 5491 et
3530 5435 3638 5490 hu-

2063 5537 2274 5604 milem,
2309 5550 2481 5606 regno
2524 5533 2807 5606 indignum
2861 5530 3182 5604 judicabant
3218 5549 3232 5586 :
3281 5530 3636 5586 Valerianum

2062 5643 2197 5684 vero
2235 5628 2303 5682 ad
2330 5627 2696 5697 principatum
2731 5625 3025 5710 aptiorem,
3053 5631 3116 5679 ut
3139 5624 3237 5691 qui
3282 5621 3477 5693 majori
3508 5636 3636 5678 eum

2063 5721 2392 5779 auctoritate
2425 5735 2518 5777 res
2559 5719 3043 5775 administraturus
3093 5726 3241 5775 esset
3275 5734 3291 5772 :
3339 5715 3640 5773 Emiiiano

2063 5814 2310 5873 nondum
2364 5821 2605 5887 quatuor
2647 5827 2866 5871 menses
2921 5813 3154 5884 imperio
3197 5811 3372 5887 potito
3399 5851 3416 5880 ,
3463 5821 3639 5866 annos
