4026 6414
313 386 335 447 1
348 387 453 448 063

1571 375 1896 437 JOANNIS
1933 373 2261 433 ZONARE

3426 368 3568 432 1054

307 508 440 548 vero
497 489 857 560 quadraginta
892 495 1044 549 nato,
1089 484 1382 540 interfecto
1403 523 1418 548 ,
1448 483 1513 537 ad
1546 484 1888 537 Valerianum

2003 484 2292 552 ἡγούμενοι
2325 482 2390 551 τῇ
2428 480 2568 550 ἀρχῇ
2599 475 2690 533 οἷα
2718 481 2853 549 δῆτα
2907 480 3001 533 καὶ
3056 479 3170 534 τῶν
3227 484 3573 553 πραγμάτων

306 593 618 649 transeunt,
664 583 827 651 eique
856 580 994 635 citra
1045 578 1457 633 dimicationem
1511 577 1882 630 Romanorum

307 676 602 745 imperium
654 673 898 728 tradunt.
962 670 1223 726 Flaviano
1277 669 1381 722 sub
1426 668 1592 723 Decio
1641 665 1887 735 martyrii

307 782 513 823 c-rona
546 773 744 820 ornato
775 805 789 825 ,
822 762 1113 817 Cornelius
1142 760 1424 814 Romanus
1452 768 1639 830 pastor
1667 757 1843 813 factus
1867 797 1882 821 ,

302 873 530 914 munere
560 872 661 912 suo
692 871 790 925 per
820 855 1118 910 triennium
1150 853 1410 922 praeclare
1469 850 1614 906 abito
1641 890 1656 914 ,
1691 849 1888 904 deces-

303 951 392 1005 sit.
429 948 602 1003 Lucio
647 948 701 1001 in
735 944 1083 1014 pontiﬁcatus
1110 943 1309 1018 solium
1345 950 1541 997 evecta
1568 983 1583 1007 ,
1641 950 1698 1015 et
1753 950 1883 996 ante

301 1040 667 1112 expletum'in
697 1053 765 1092 eo
809 1045 1061 1090 octavum
1098 1051 1304 1089 annum
1342 1043 1559 1088 mortuo
1583 1074 1599 1099 ,
1651 1032 1886 1101 Slepha-

304 1147 409 1186 nus
439 1141 524 1185 cst
551 1130 902 1199 subrogatus.
947 1126 1118 1196 llujus
1148 1125 1361 1179 sanctio
1415 1134 1541 1189 est,
1597 1141 1665 1178 ne
1726 1124 1888 1180 Chri-

304 1223 461 1276 stiani
497 1223 566 1275 ab
598 1221 871 1276 hzercticis
902 1218 968 1272 ad
1031 1217 1329 1271 Erclesiam
1380 1227 1724 1272 revertentes
1747 1257 1762 1279 ,
1796 1233 1887 1270 re-

306 1314 678 1380 baptizentur,
713 1311 808 1366 sed
854 1309 1168 1380 precatione
1215 1323 1312 1377 per
1345 1324 1604 1361 manuum
1657 1308 1885 1377 IIIlpJSi-

307 1403 512 1455 tionem
550 1402 855 1456 Iustrentur
898 1416 911 1452 :
944 1414 1120 1467 eaque
1152 1396 1219 1450 de
1278 1412 1339 1450 re
1376 1396 1611 1463 epistola
1650 1396 1767 1464 ejus
1817 1394 1883 1448 ad

301 1491 634 1561 Cyprianum
677 1500 973 1559 martyrem
1007 1496 1206 1541 exstat.
1241 1485 1377 1540 Cum
1411 1485 1732 1554 Stephanus
1763 1494 1886 1553 post

302 1583 444 1637 duos
511 1596 688 1636 annos
744 1580 1159 1640 obdormisset,
1220 1577 1426 1648 Xystus
1485 1577 1539 1629 in
1604 1575 1885 1645 pontiﬁcio

304 1673 490 1730 Romae
523 1675 662 1731 Solio
692 1674 963 1728 consedit.
998 1672 1137 1726 Tum
1174 1671 1338 1725 etiam
1369 1669 1680 1724 Sabelliana
1708 1667 1885 1721 haere-

304 1768 381 1821 sis
447 1766 785 1822 Ptolomaide
824 1764 1186 1833 Pentapoleos
1223 1761 1359 1816 urbe
1400 1768 1545 1815 mota
1572 1759 1884 1828 est.Atquo

306 1857 424 1913 hmo
451 1858 519 1913 de
546 1858 812 1911 Romanis
839 1856 1215 1927 pontiﬁcibus.

1986 574 2388 642 ἐπιληψόμενον
2440 571 2839 642 ἁρχικώτερον,
2879 572 3152 625 κτείνουσι
3198 574 3291 627 τὸν
3320 576 3575 643 Αἰμιλια-

1988 666 2078 717 νὸν
2109 664 2263 720 οὐπω
2289 665 2567 732 τέσσαρας
2604 663 2782 731 μῆνας
2839 662 3311 733 ήγεμονεύσαντα,
3369 666 3574 733 ἄγοντα

1985 757 2041 809 δὲ
2078 759 2176 824 τῆς
2210 756 2423 824 ἡλικίας
2476 753 2723 807 ἐνιαυτὸν
2756 757 3228 823 τεσσαρακοστὸν
3279 758 3373 809 καὶ
3406 775 3577 823 προσ-

1994 845 2136 899 ίασιν
2202 844 2559 914 Οὐαλεριανῷ
2585 845 2680 897 καὶ
2705 845 2937 913 ἀμάχως
2966 845 3115 915 αὐτῷ
3143 846 3242 916 τὴν
3285 847 3576 916 Ῥωμαίων

1988 939 2162 1008 ἀρχὴν
2218 937 2610 1007 ἐγχειρίζουσι.
2642 934 2946 990 Φλαϐιανοῦ
2991 935 3198 990 δέ.ἐπὶ
3243 939 3458 1002 Δεκίου,
3499 940 3577 1002 ιῖις

1988 1030 2227 1098 εἴρηται,
2265 1030 2747 1100 μαρτυρήσαντος,
2795 1029 3098 1099 Κορνήλιος
3136 1029 3235 1100 τὴν
3284 1030 3387 1099 τῆς
3449 1031 3580 1083 Ῥώ-

1990 1137 2099 1190 μης
2127 1123 2494 1189 ποιμαντικὴν
2512 1119 2805 1185 διεδέξατο.
2839 1120 2949 1172 Καὶ
2967 1120 3059 1172 ἐπὶ
3080 1122 3262 1190 τρισὶν
3288 1122 3580 1193 ἐμπρῖψας

1987 1213 2162 1282 ταύτῃ
2187 1215 2464 1275 ἐνιαυτοῖς
2498 1214 2598 1283 τὴν
2631 1212 2776 1282 ζωὴν
2806 1211 3161 1284 ἐξεμέτρησε.
3201 1213 3315 1267 Καὶ
3344 1215 3578 1277 Λούκιος

1994 1305 2088 1356 ἐπὶ
2120 1305 2211 1355 τὸν
2245 1304 2345 1371 τῆς
2386 1305 2800 1375 ἀρχιερωσύνης
2832 1303 3039 1373 ἀνήχθη
3082 1304 3292 1373 θρόνον,
3345 1305 3406 1368 ὃς
3454 1305 3571 1359 οὐδ’

1992 1394 2190 1461 ὄγδοον
2221 1393 2505 1456 ἐκπλήσας
2556 1392 2803 1444 ἐνιαυτὸν
2837 1393 2895 1443 ἐν
2948 1394 3014 1460 τῇ
3043 1392 3141 1459 τῆς
3179 1391 3396 1462 Ῥώμης
3451 1393 3577 1445 ἐπι-

1993 1486 2169 1554 σκοπῇ
2203 1483 2449 1551 τελευτᾷ.
2495 1482 2603 1533 Καὶ
2652 1480 2923 1550 Στέφανος
2962 1481 3023 1532 τὸ
3051 1480 3149 1549 τῆς
3203 1481 3579 1549 ποιμαντικῆς

1990 1573 2367 1642 λειτούργημα
2390 1570 2684 1634 διεδέξατο.
2721 1565 2908 1639 Οὖπερ
2963 1568 3229 1638 τυγχάνει
3274 1567 3578 1637 διάταγμα,

1993 1666 2118 1727 τοὺς
2158 1665 2215 1730 ἐξ
2258 1663 2524 1732 αἱρέσεων
2589 1662 3022 1729 ἐπιστρέφοντας
3078 1660 3448 1726 Χριστιανοὺς
3502 1659 3579 1727 μὴ

2000 1758 2302 1829 βαπτίζειν,
2334 1755 2472 1808 ἀλλὰ
2495 1758 2559 1825 τῇ
2601 1755 2689 1806 διὰ
2725 1754 2925 1824 χειρῶν
2967 1753 3270 1816 ἐπιθέσεως
3311 1754 3445 1822 εὐχῇ
3478 1769 3578 1805 κα-

1912 1842 1954 1900 Β
1984 1850 2194 1917 θαίρειν
2226 1849 2449 1910 αὐτοὺς,
2474 1843 2537 1901 οὐ
2569 1847 2663 1900 καὶ
2694 1847 2959 1912 ἐπιστολὴ
3010 1849 3141 1914 περὶ
3197 1845 3388 1898 τούτου
3440 1845 3578 1914 πρὸς

307 1947 627 2017 Κυπριανὸν
684 1948 775 2000 τὸν
834 1948 1213 2015 ἱερομὲιρτυρα.
1285 1942 1680 2012 ἀναγράφεται.
1745 1943 2020 2007 Στεφάνου
2050 1941 2104 1993 δὲ
2136 1939 2490 2008 κοιμηθέντος
2553 1937 2690 2007 μετὰ
2758 1937 2866 1989 δύω
2911 1938 3216 1999 ἐνιαυτοὺς,
3259 1936 3464 2000 Ξύστος
3496 1937 3578 2000 εἰς

306 2038 395 2091 τὸν
422 2040 808 2110 ἀρχιερατικὸν
860 2039 955 2105 τὴ.
1028 2038 1249 2104 Ῥώμης
1275 2035 1463 2105 θρόνον
1532 2035 1776 2089 ἐκάθισε.
1829 2037 1963 2087 Τότε
2005 2035 2099 2086 καὶ
2134 2035 2166 2103 ἡ
2196 2033 2339 2085 κατὰ
2370 2031 2661 2085 Σαϐελλιον
2720 2032 2976 2100 κεκίνητο
3035 2032 3248 2102 α⁷ρεσις
3286 2034 3343 2084 ἐν
3384 2031 3584 2084 Πτολε-

309 2132 463 2202 μαΐδι
512 2132 607 2201 τῆς
673 2130 1084 2190 Ιιενταπόὶοεως.
1136 2129 1297 2180 Ἀλλά
1325 2127 1391 2178 τὰ
1430 2127 1530 2194 μὲν
1582 2126 1724 2179 κατὰ
1755 2126 1880 2188 τοὺς
1920 2126 2017 2196 τῆς
2062 2125 2283 2193 Ῥώμης
2316 2125 2594 2192 ἀρχιερεῖς
2623 2122 2780 2191 ἔσχον
2811 2122 3005 2184 οὕτως.

380 2223 575 2278 XXIII.
617 2221 945 2276 Valerianus
982 2230 1164 2274 autem
1192 2261 1207 2284 ,
1242 2235 1365 2273 cum
1398 2219 1627 2274 Galiouo
1668 2219 1781 2272 lilio
1813 2234 1899 2270 rc-

311 2330 434 2369 rum
471 2312 719 2384 potitus,
754 2321 811 2364 et
862 2311 976 2380 ipse
1029 2309 1375 2364 Christianos
1419 2309 1899 2365 vehementissime

307 2411 634 2475 persecutus
661 2409 745 2455 est
776 2417 790 2454 :
825 2416 887 2455 ac
916 2400 1071 2453 multi
1107 2399 1341 2452 diversis
1370 2398 1425 2452 in
1456 2400 1594 2453 locis
1620 2407 1897 2465 martyres

312 2495 437 2548 lacti
496 2501 669 2551 sunt,
725 2491 893 2544 variis
943 2506 1043 2560 pro
1098 2489 1303 2545 Christi
1358 2489 1467 2543 ﬁde
1503 2490 1900 2544 certaminibus

308 2585 573 2640 defuncti.
641 2583 755 2637 Sub
818 2583 923 2637 hoc
977 2596 1197 2651 quoque
1235 2623 1249 2642 ,
1313 2591 1538 2651 propter
1577 2592 1888 2636 exterarum

310 2674 555 2745 gentium
588 2683 794 2736 motus,
828 2671 968 2727 male
999 2686 1057 2726 se
1086 2686 1175 2726 res
1210 2672 1457 2727 Romana
1499 2671 1715 2726 habuit.
1754 2672 1889 2726 Nam

312 2766 528 2834 Scytha:
556 2765 762 2820 Istrum
804 2764 1158 2834 transgressi,
1213 2763 1503 2818 Thraciam
1555 2764 1739 2818 denuo
1791 2780 1894 2834 po-

310 2857 505 2926 pulati,
540 2856 734 2910 urbem
770 2854 1040 2908 illustrem
1076 2852 1523 2908 Thessalonicam
1557 2853 1896 2909 obsederunt

311 2949 392 3003 illi
423 2949 677 3019 quidem,
715 2946 810 3001 sed
847 2961 959 3000 non
1020 2953 1405 3015 expugnarunt
1441 2962 1455 2998 :
1514 2960 1578 2999 ac
1629 2955 1894 3000 terrorem

2068 2217 2194 2270 Kl".
2251 2214 2619 2282 Οὐαλεριανὸς
2670 2214 2725 2267 δὲ
2777 2216 2874 2267 σὺν
2933 2214 3281 2285 Γαλιηνῳτῷ
3336 2215 3437 2287 υεῷ
3480 2222 3581 2287 τῆς

2007 2308 2295 2377 Ῥωμαίων
2332 2308 2629 2376 ἡγεμυνὲας
2653 2306 3011 2376 δραξάμενος,
3042 2312 3135 2361 καὶ
3158 2303 3314 2374 οὗτος
3352 2313 3581 2383 σφοδρά-

1993 2419 2155 2453 τατον
2184 2401 2406 2469 ἐκίνησε
2444 2401 2584 2453 κατὰ
2616 2400 2965 2469 Χριστιανῶν
3001 2401 3287 2470 διωγμὸν,¹
3329 2405 3423 2457 καὶ
3454 2406 3583 2457 πολι

1995 2491 2075 2543 λοι
2122 2491 2267 2543 κατὰ
2319 2489 2614 2559 διαφόρους
2681 2489 2863 2558 χώρας
2924 2489 3204 2560 μάρτυρες
3272 2499 3580 2562 γεγόνασιν,

1999 2583 2141 2652 ὑπὲρ
2174 2583 2274 2651 τῆς
2320 2584 2401 2644 εἰς
2448 2581 2689 2652 Χριστὸν
2715 2581 2958 2646 πίστεως
3007 2582 3305 2649 πολυειδῶς
3352 2589 3585 2656 ἐναθλή-

1998 2689 2212 2735 σαντες.
2274 2672 2481 2727 Ἐθνῶν
2553 2670 2648 2725 οὖν
2704 2675 2801 2725 καὶ
2860 2675 2955 2727 ἐπὶ
3028 2675 3222 2730 τούτου
3284 2682 3588 2750 γενομένης

2012 2760 2466 2828 ἐπαναστάσεως,
2504 2764 2701 2828 κακῶς
2754 2760 2898 2834 εἶχον
2976 2764 3274 2836 Ῥωμαίοις
3325 2771 3393 2823 τά
3440 2776 3583 2840 πρά-

2002 2871 2210 2924 γματα.
2238 2854 2307 2908 Οἵ
2359 2872 2419 2907 τε
2482 2856 2590 2922 γάρ
2640 2855 2844 2908 Σκύθαι
2892 2856 2984 2909 τὸν
3049 2858 3261 2927 Ἴστρον
3302 2860 3585 2925 διαϐάντες

2007 2946 2106 3000 καὶ
2129 2943 2287 3009 αὖθις
2307 2948 2408 3015 τὴν
2443 2946 2716 3017 Θρᾳκῲαν
2743 2949 2929 3018 χώραν
2970 2950 3458 3020 ἠνδραποδίσαντο,
3487 2959 3579 3006 καὶ

311 3050 526 3096 tantum
562 3041 877 3094 intulerunt
922 3037 1225 3101 omnibus,
1278 3044 1338 3091 ut
1386 3036 1754 3092 Athenienses
1800 3053 1896 3091 sua

2003 3038 2161 3092 πόλιν
2206 3038 2483 3106 περιφανῆ
2552 3038 2652 3107 τὴν
2711 3040 3115 3111 Θεσσαλονίκην
3177 3042 3577 3111 ἐπολιόρκησαν

311 3132 517 3188 nitentia
546 3132 656 3202 jam
708 3129 838 3193 inde
892 3146 921 3183 α
971 3129 1130 3200 Syllae
1187 3128 1532 3197 temporibus
1581 3138 1895 3198 prostrata,

314 3223 685 3277 instaurarcnt
717 3241 727 3274 :
759 3220 1205 3289 Peloponuenscs
1238 3233 1370 3271 vero
1417 3216 1679 3274 isthmum
1704 3233 1735 3271 α
1759 3218 1897 3271 mari

314 3312 383 3367 ad
416 3326 568 3366 mare
597 3312 767 3365 ducto
817 3324 974 3362 muro
1024 3307 1483 3362 intercluderent.
1531 3306 1713 3362 Persa:
1760 3324 1896 3378 quo-

316 3420 425 3474 que
450 3402 655 3472 Sapore
702 3415 827 3471 rege
876 3398 1089 3470 Syriam
1130 3399 1481 3454 incursaruut
1506 3440 1521 3460 .
1563 3410 1619 3453 et
1639 3398 1899 3454 Edessam

317 3493 708 3550 obsederunt:
759 3506 899 3560 quos
949 3490 1270 3545 Valerianus
1311 3490 1466 3559 prius
1525 3504 1634 3543 non
1679 3490 1899 3559 aggredi

318 3602 509 3651 ausus,
543 3601 668 3640 cum
699 3584 1010 3639 Edessenos
1045 3582 1251 3637 milites
1274 3582 1666 3652 eruptionibus
1688 3581 1900 3637 facien—

318 3677 405 3731 dis
451 3675 652 3729 multos
714 3674 986 3728 Barbaros
1032 3675 1281 3737 caedere,
1336 3683 1391 3728 et
1437 3672 1689 3743 plurimis
1738 3674 1900 3744 potiri

319 3767 512 3838 spoliis
552 3766 860 3830 ιίἰόίοἱεηοι,
897 3774 1121 3834 recepto
1160 3765 1345 3818 animo
1376 3765 1605 3820 adortus
1632 3774 1734 3819 est.
1771 3766 1899 3831 Qui,

323 3870 386 3912 ut
420 3858 579 3927 longe
611 3856 821 3925 plures,
881 3855 1157 3909 Romanos
1188 3856 1351 3925 630
1377 3856 1857 3913 circumdederunt
1885 3897 1900 3925 ,

320 3948 524 4018 quibus
564 3946 798 4000 maxima
837 3961 903 3999 ex
941 3955 1095 4015 parte
1144 3948 1342 4001 occisis
1366 3988 1378 4005 .
1410 3947 1690 4000 nonnullis
1735 3949 1901 4002 etiam

318 4039 541 4108 elapsis,
572 4037 892 4091 Valerianus
926 4051 1052 4090 cum
1089 4037 1204 4090 suis
1234 4037 1568 4092 satellitibus
1612 4039 1682 4092 ab
1729 4040 1904 4095 hosti-

322 4130 425 4184 bus
452 4136 662 4197 captus,
716 4136 882 4196 atque
908 4125 976 4180 ad
1034 4124 1299 4196 Saporem
1356 4126 1631 4182 abductus
1678 4137 1787 4185 est.
1852 4130 1904 4185 Is

321 4235 456 4274 vero
507 4234 633 4274 cum
693 4218 1083 4297 imperatorem
1137 4227 1395 4284 teneret,
1446 4220 1631 4274 omnia
1682 4235 1743 4276 se
1790 4221 1902 4292 jam

324 4311 520 4366 vicisse
554 4320 727 4376 ratus,
764 4311 931 4365 homo
964 4325 1062 4381 per
1088 4324 1148 4365 se
1199 4310 1441 4366 crudelis
1464 4351 1480 4376 ,
1532 4312 1707 4367 multo
1751 4319 1905 4368 dete-

2005 3129 2129 3199 μὲν,
2186 3129 2247 3182 οὐ
2304 3130 2490 3199 μέντοι
2540 3134 2634 3183 καὶ
2694 3129 2859 3186 εἷλον.
2929 3135 3020 3196 Εἰς
3050 3134 3170 3197 δέος
3220 3135 3278 3189 δὲ
3328 3138 3579 3192 τοσοῦτον

2002 3221 2248 3284 ἅπαντας
2268 3222 2655 3290 περιέστησαν,
2678 3223 3218 3297 ὠςἋθηναίους(Ἱί)
3247 3229 3345 3299 μὲν
3372 3232 3584 3284 bona-

2000 3312 2231 3383 δομῆσαι
2253 3313 2314 3365 τὸ
2334 3314 2508 3381 τεῖχος
2534 3312 2633 3382 τῆς
2665 3313 2877 3368 ἑαυτῶν
2910 3318 3135 3382 πόλεως,
3195 3320 3581 3394 καθῃρημένον

2000 3404 2067 3458 ὲκ
2120 3404 2232 3457 τῶν
2257 3405 2353 3458 τοῦ
2381 3405 2558 3459 Σύλλα
2590 3407 2800 3477 χρόνων
2827 3447 2842 3471 ,
2892 3410 3360 3481 Πελοποννησίους
3384 3415 3441 3468 δὲ
3473 3414 3588 3468 δια-

2003 3498 2242 3567 τειχίσαι
2266 3496 2359 3550 τὸν
2412 3496 2626 3567 Ἰσθμὸν
2672 3499 2781 3552 ἀπὸ
2831 3499 3109 3572 θαλάσσης
3166 3506 3248 3567 εἰς
3289 3505 3589 3563 θάλασσαν.

2014 3587 2174 3641 Ἀλλὰ
2209 3588 2307 3657 μὲν
2341 3589 2431 3642 καὶ
2469 3590 2696 3660 napus,
2723 3591 2987 3660 Σαπὼρου
3012 3593 3163 3660 σφῶν
3180 3592 3583 3661 βασιλεύοντος,

2002 3677 2099 3748 τὴν
2120 3679 2320 3748 Συρίαν
2354 3681 2720 3751 κατέδραμον,
2738 3683 2832 3735 καὶ
2861 3682 2960 3750 τὴν
2981 3683 3383 3737 Καππαδοκίαν
3416 3685 3585 3756 ἐδῄω-

2006 3786 2127 3836 σαν,
2156 3773 2251 3824 καὶ
2272 3770 2375 3842 τὴν
2407 3774 2641 3826 Ἐδεσαν
2675 3773 3061 3845 ἐπολιόρκουν.
3112 3775 3476 3845 Οὐαλεριανὸς
3532 3779 3591 3832 δὲ

2005 3861 2179 3915 ὤκνει
2228 3863 2531 3933 προσμίξαι
2570 3869 2679 3928 τοῖς
2707 3865 3005 3936 πολεμίοις.
3038 3866 3242 3921 Μαθὼν
3263 3869 3320 3921 δὲ
3342 3870 3417 3933 ὡς
3448 3873 3497 3924 oi.
3530 3875 3589 3923 ἐι

2020 3954 2213 4027 Ἐδέσῃ
2240 3956 2580 4025 στρατιῶται
2632 3955 2870 4022 ἐξιόντες
2929 3960 3030 4027 τῆς
3092 3958 3299 4021 πόλεως
3331 3962 3426 4015 καὶ
3457 3979 3597 4032 συμ-

2009 4044 2339 4116 πλεκόμενοι
2360 4049 2478 4110 τοῖς
2508 4046 2825 4116 Βαρϐάροις
2858 4047 3093 4113 πολλοὺς
3151 4052 3443 4120 ἀναιροῦσι
3499 4056 3595 4109 κιὶ

2008 4134 2412 4191 πλεῖστασκύλα
2433 4138 2823 4209 λαμϐάνουσιν,
2867 4140 3233 4212 ἀνεθάρσησε,
3277 4143 3376 4196 καὶ
3427 4147 3597 4198 ἀπε).-

2008 4226 2117 4282 θὼν
2147 4228 2286 4298 μετὰ
2341 4230 2439 4299 τῆς
2478 4228 2748 4300 συνούσης
2782 4227 2933 4301 αὑτῷ
2971 4234 3232 4304 στρατιᾶς
3279 4235 3594 4306 συνεπλάκη

2008 4319 2122 4381 τοῖς
2149 4319 2411 4390 Πιρσαις.
2457 4321 2522 4374 Οί
2552 4319 2613 4374 δὲ
2660 4321 3068 4387 πολυπλασίους
3096 4324 3248 4389 ὄντες
3284 4328 3411 4391 τοὺς
3460 4327 3599 4381 Ῥω-

325 4404 442 4458 rior
478 4404 674 4458 evasit.
731 4403 991 4458 Nonnulli
1047 4401 1117 4457 ad
1172 4401 1320 4456 hunc
1363 4403 1587 4457 modum
1644 4419 1674 4458 a
1724 4404 1896 4459 Persis

2016 4410 2212 4480 μαίους
2265 4410 2620 4476 ἐκύκλωσαν,
2678 4413 2775 4466 καὶ
2828 4416 2876 4467 oi
2925 4415 3151 4479 πλείους
3211 4417 3314 4487 μὲν
3373 4418 3593 4485 ἔπεσον,

325 4492 677 4550 Valerianum
735 4508 857 4548 esse
904 4504 1126 4563 captum
1185 4494 1432 4548 tradunt.
1492 4493 1629 4549 Sunt
1687 4502 1736 4549 et
1806 4494 1901 4563 qui

2009 4500 2141 4555 ἔνιοι
2167 4502 2225 4555 δὲ
2246 4502 2344 4556 καὶ
2371 4503 2654 4573 διέφυγον.
2678 4505 3045 4575 Οὐαλεριανὸς
3086 4509 3143 4561 δὲ
3176 4512 3276 4563 σὺν
3302 4511 3414 4574 τοῖς
3464 4514 3599 4581 περὶ

325 4598 454 4639 eum
485 4584 630 4638 ultro
657 4581 997 4637 deditionem
1043 4582 1239 4637 fecisse
1265 4594 1491 4639 narrent
1520 4622 1536 4650 ,
1580 4585 1728 4655 quod
1779 4601 1896 4639 cum

2005 4593 2170 4646 αὐτὸν
2198 4595 2513 4666 συνελήφθη
2562 4600 2676 4660 τοῖς
2734 4600 3040 4666 πολεμίοις,
3083 4602 3337 4673 καὶπρὸς
3372 4604 3468 4655 τὸν
3487 4605 3599 4658 Σα-

328 4675 548 4730 Edessae
579 4686 789 4743 ageret.
821 4674 1027 4729 milites
1050 4675 1193 4729 fame
1230 4675 1546 4731 laborantes
1574 4717 1591 4741 ,
1632 4677 1907 4733 seditione

331 4775 499 4829 mota,
528 4764 598 4819 de
632 4764 1018 4820 interﬁciendo
1049 4764 1170 4834 ipso
1218 4766 1530 4836 cogitarint.
1576 4768 1715 4823 Eum
1776 4784 1910 4824 vero

330 4873 401 4913 ne
423 4872 455 4911 a
492 4856 607 4913 suis
631 4855 998 4918 occideretur,
1032 4857 1099 4910 ad
1133 4854 1398 4927 Saporem
1431 4858 1748 4930 profugum,
1805 4862 1909 4916 ho-

336 4948 407 5004 sti
469 4962 528 5003 se
555 4946 868 5013 tradidisse,
901 4962 965 5001 ac
999 4947 1171 5002 nihilo
1201 4948 1381 5003 secius
1425 4949 1572 5019 ipsas
1616 4951 1861 5022 legiones
1892 4969 1905 5005 :

333 5057 456 5111 quae
493 5039 638 5110 quod
671 5038 738 5093 ad
770 5038 951 5109 ipsum
988 5039 1185 5093 attinet
1208 5079 1223 5105 ,
1257 5055 1389 5095 sane
1418 5042 1713 5111 periissent
1736 5083 1752 5110 ,
1806 5046 1911 5099 mi-

333 5132 462 5186 lites
492 5140 673 5184 tamen
711 5146 819 5183 non
850 5131 1161 5197 perierunt,
1188 5130 1282 5184 sed
1328 5132 1638 5200 proditione
1671 5135 1911 5204 cognita,

240 5266 246 5272 .
340 5222 534 5293 paucis
582 5221 825 5285 occisis,
882 5222 1218 5293 eﬂ'ugerunt.
1271 5223 1564 5278 Enimvero
1616 5226 1917 5295 imperator

337 5315 454 5370 sive
492 5314 548 5367 in
579 5315 694 5368 acie
728 5322 944 5383 captus,
974 5317 1090 5369 sive
1128 5316 1270 5369 ultro
1319 5317 1577 5386 profugus
1606 5357 1621 5382 ,
1684 5318 1915 5387 ignomi-

340 5407 495 5460 niose
520 5420 549 5458 a
581 5406 785 5475 Sapore
824 5407 1182 5461 tractabatur.
1219 5407 1397 5462 Persae
1449 5423 1579 5463 vero
1629 5409 1751 5464 sine
1800 5410 1912 5463 ullo

345 5509 493 5554 metu
532 5500 697 5553 urbes
730 5499 949 5566 adorti,
993 5498 1341 5555 Antiochiam
1396 5500 1464 5555 ad
1502 5498 1765 5554 Orontem
1798 5540 1814 5564 ,
1862 5512 1919 5555 et

2009 4684 2205 4754 πώρην
2250 4684 2497 4756 ἀπήχθη.
2577 4686 2637 4738 Ὀ
2688 4686 2746 4739 δέ
2809 4687 2903 4739 τοῦ
2955 4689 3224 4757 βασιλέως
3293 4693 3598 4760 κρατήσας,

2012 4776 2234 4828 πάντων
2261 4775 2363 4846 ήδη
2378 4778 2606 4847 κρατεῖν
2630 4776 2792 4847 ᾤετο,
2829 4779 2925 4831 καὶ
2945 4779 3098 4848 ὠμὸς
3133 4779 3209 4834 ὢν
3232 4783 3385 4850 πρὶν,
3418 4785 3603 4855 πολλῷ

2018 4865 2218 4936 χείρων
2235 4867 2521 4921 είσέπειτα
2550 4869 2801 4937 γέγονεν.
2825 4871 2889 4924 Oi
2929 4871 3028 4939 μὲν
3067 4870 3162 4925 οὐν
3184 4872 3361 4937 οὕτως
3402 4879 3605 4946 αἰχμά-

2017 4957 2188 5011 λωτον
2249 4958 2550 5014 ἑαλωκέναι
2598 4964 2691 5016 τὸν
2753 4962 3120 5034 Οὐαλεριανὸν
3179 4966 3292 5028 τοῖς
3365 4967 3606 5038 Πέρσαις

2024 5049 2350 5119 ἱστόρησαν.
2386 5049 2513 5103 Εἰσὶ
2541 5049 2589 5103 δ’
2622 5052 2676 5105 οἳ
2715 5053 2914 5105 ἑκόντα
2948 5055 3084 5121 φασὶ
3117 5054 3211 5107 τὸν
3238 5056 3603 5125 Οὐαλεριανὸν

2019 5140 2415 5210 προσχωρῆσαι
2441 5144 2553 5205 τοῖς
2588 5143 2850 5214 Πέρσαις,
2876 5144 2960 5197 ὅτι
2986 5147 3043 5196 ἐν
3088 5145 3281 5216 Ἐδὲσῃ
3313 5147 3595 5215 διάγοντος

2019 5234 2207 5295 αὐτοῦ,
2245 5235 2401 5305 λιμὸς
2449 5239 2659 5307 ἐπῆκτο
2688 5240 2801 5300 τοῖς
2854 5240 3246 5308 στρατιώταις,
3306 5241 3607 5293 κάντεῦθεν

2021 5328 2099 5389 είς
2133 5328 2323 5381 στάσιν
2352 5331 2664 5399 κεκίνηντο,
2697 5331 2792 5383 καὶ
2819 5332 3028 5384 ἀνελεῖν
3060 5331 3290 5403 ἐζήτουν
3328 5333 3419 5385 τὸν
3446 5334 3609 5385 αὐτο-

2023 5419 2291 5491 κράτορα.
2323 5421 2381 5474 Ὀ
2409 5422 2579 5491 δὲτὴν
2604 5422 2716 5475 τῶν
2741 5422 3094 5494 στρατιωτῶν
3118 5422 3374 5487 δεδοικὼς
3398 5424 3611 5477 ἐπανά-

2028 5524 2219 5563 στασιν
2268 5514 2404 5583 πρεις
2450 5516 2542 5567 τὸν
2564 5513 2838 5587 Σαπώρην
2895 5516 3228 5586 κατέφυγεν,
3280 5518 3369 5572 ἵνα
3404 5515 3478 5587 μὴ
3503 5514 3611 5568 ὑπὸ

1508 5667 1712 5730 Varia)
1755 5669 2065 5734 lectiones
2107 5680 2167 5734 et
2210 5683 2378 5738 note)

414 5817 530 5890 (7t)
568 5819 663 5889 Ὠς
701 5824 1064 5896 Ἀθηναίους.
1098 5827 1234 5886 Vide
1259 5830 1598 5904 Scaiigerum
1634 5836 1701 5892 ad
1737 5837 1896 5896 Eusel

2003 5856 2058 5909 η,
2089 5857 2140 5913 ρ.
2168 5841 2285 5900 2l5.
