4026 6406
367 367 510 432 1065

1627 361 2043 423 ANNALIUM
2088 360 2241 424 LIB.
2282 358 2426 422 XII.

3468 355 3618 417 ’1060

346 480 456 535 τῶν
504 475 725 533 οἰκείων
770 475 1066 548 ἀπόληται,
1114 474 1193 547 τῷ
1248 474 1503 547 πολεμίῳ
1561 476 1929 547 προδεδωκὼς

2044 475 2396 534 clarissimam
2424 472 2631 530 Ciliciae
2661 472 2938 529 civitatem
2955 471 3208 539 Tarsum,
3251 478 3308 527 et
3334 467 3622 540 Cappado-

348 572 562 628 ἑαυτόν.
598 571 761 625 Ἀλλὰ
787 571 974 641 μέντοι
999 571 1122 624 ὅσον
1152 571 1212 623 τὸ
1256 568 1344 622 ἐπ’
1389 567 1543 640 αὐτῷ
1576 570 1674 623 καὶ
1700 570 1770 626 τὰ
1806 571 1942 627 Ῥω-

351 664 525 733 μαίων
544 663 951 737 στρατεύματα,
974 664 1035 716 οὑ
1058 662 1166 733 μὴν
1198 662 1248 715 οξ
1275 662 1610 733 στρατιῶται
1636 662 1941 733 ἀπώλοντο,

351 755 488 808 ἀλλὰ
511 756 736 824 γνόντες
761 756 859 826 τὴν
890 754 1186 824 προδοσίαν
1235 753 1518 823 διέφυγον,
1545 754 1747 824 ὀλίγων
1780 756 1938 809 ἀναι-

359 845 648 915 ρεθέντων.
689 846 815 900 Είτε
846 845 903 899 δὲ
940 844 1284 917 δοροάλωτος
1311 845 1525 918 ἐλήφθη
1555 849 1668 910 τοῖς
1705 847 1942 918 Πέρσαις

350 942 376 991 ὁ
411 939 690 1009 βασιλεὺς,
738 938 841 993 εἴθ’
893 939 1037 991 έκὼν
1089 932 1284 992 ἑαυτὸν
1338 932 1528 1004 αὐτοῖς
1582 940 1938 1010 ἐνεχείρισεν,

350 1032 566 1101 ἀτίμως
630 1032 796 1101 ἦγετο
825 1031 979 1103 παρὰ
1034 1030 1131 1084 τοῦ
1180 1031 1472 1100 Σαπὼρου.
1509 1032 1573 1085 Οί
1621 1032 1830 1103 Πέρσαι
1858 1031 1939 1096 δὲ,

355 1123 497 1175 κατὰ
525 1122 709 1174 πᾶσαν
767 1122 958 1177 ἄδειαν
989 1123 1108 1184 ταῖς
1165 1122 1393 1176 πόλεσιν
1436 1123 1706 1189 ἐπιόντες,
1750 1124 1853 1194 τήν
1879 1139 1941 1176 τε

351 1213 486 1280 πρὸς
506 1212 585 1283 τῷ
646 1212 876 1286 Ὀρόντῃ
906 1211 1155 1283 αἱροῦσιν
1177 1213 1293 1284 (72)
1344 1213 1677 1284 Ἀντιόχειαν
1715 1215 1810 1269 καὶ
1839 1216 1942 1288 τὴν

351 1305 831 1374 περιφανεστέραν
856 1304 967 1358 τῶν
994 1304 1093 1374 τῆς
1121 1304 1383 1368 Κιλικίας
1432 1305 1645 1359 πόλεων
1669 1305 1769 1377 τὴν
1791 1307 1941 1378 Ταρ-

352 1396 467 1462 σὸν,
495 1396 589 1449 καὶ
613 1397 713 1466 τὴν
741 1400 802 1450 έν
839 1396 1212 1467 Καππαδοκίᾳ
1269 1396 1638 1467 Καισάρειαν.
1659 1397 1772 1450 Καὶ
1804 1395 1945 1467 πλῆ-

356 1487 451 1551 θος
475 1486 849 1556 αἰχμαλώτων
881 1489 1304 1557 συναγαγόντες,
1340 1488 1462 1541 οὐδὲ
1506 1488 1712 1559 τροφῆς
1760 1489 1944 1552 αὐτοῖς

352 1581 685 1650 μετεδίδουν,
731 1582 785 1634 εἰ
839 1581 915 1651 μὴ
965 1579 1288 1651 βραχίστης,
1329 1578 1462 1633 ὥστ’
1520 1582 1767 1652 ἀποξῇνο
1816 1580 1942 1635 οὔτε

355 1671 455 1742 μὲν
480 1670 670 1735 ὓδατος
705 1672 958 1743 μετέχειν
1010 1673 1092 1735 εἰς
1150 1673 1315 1744 κόρον
1367 1671 1496 1726 είων
1556 1673 1777 1738 αὐτοὺς,
1826 1674 1944 1728 ἀλλ’

351 1760 499 1824 ἅπαξ
522 1762 623 1830 τῆς
650 1761 760 1831 ὴμέ
772 1778 872 1831 ρας
895 1762 945 1814 οἰ
976 1760 1185 1815 τούτων
1221 1762 1455 1833 φρουροὶ
1480 1762 1713 1833 ήλαυνον
1742 1763 1945 1828 αὐτοὺς

352 1852 437 1919 ἐφ’
462 1825 629 1924 ὓδωρ,
665 1825 857 1923 ὧσπερ
905 1825 1275 1924 βοσκήματαιν
1301 1825 1417 1923 Την
1484 1825 1827 1929 Καισάρειαν
1885 1825 1944 1910 δέ
1973 1825 2019 1882 Β

352 1942 788 2015 πολυάνθρωπον
818 1943 987 2001 οὖσαν
1034 1946 1187 2017 (περὶ
1230 1945 1647 2018 τεσσαράκοντα
1685 1948 1795 2019 γὰρ
1842 1965 1947 2018 μυ-

353 2037 551 2108 ριάδας
600 2036 912 2108 ἀνθρώπων
967 2039 1026 2091 ὲν
1077 2038 1218 2110 αὐτῇ
1272 2038 1495 2107 λέγεται
1553 2038 1851 2112 κατοικεῖν)
1881 2040 1944 2095 οὐ

355 2132 624 2200 πρότερον
660 2124 831 2197 εἶλον,
872 2131 1157 2200 γενναίως,
1189 2131 1303 2185 τῶν
1345 2133 1406 2185 ὲν
1436 2132 1577 2203 αὐτῇ
1613 2134 1729 2195 τοῖς
1783 2134 1947 2186 πολε-

357 2221 510 2289 μίοις
540 2219 1112 2291 ἀντικαθισταμένων,
1140 2221 1240 2274 καὶ
1288 2224 1787 2294 στρατηγουμένων
1834 2223 1942 2278 ὑπό

358 2330 505 2376 τινος
533 2311 938 2382 Δημοσθένους,
965 2312 1159 2383 ἀνδρὸς
1185 2314 1283 2367 καὶ
1305 2313 1555 2384 ἀνδρείου
1579 2315 1672 2367 καὶ
1699 2314 1946 2383 συνετοῦ,

355 2401 522 2470 πρινή
557 2417 639 2462 τις
666 2399 1006 2469 δορυάλωτος
1040 2399 1407 2472 κατασχεθεὶς
1463 2402 1674 2473 ἰατρὸς,
1723 2405 1820 2457 καὶ
1848 2405 1948 2468 τὰς

353 2491 701 2560 ἐπαγομένας
742 2489 894 2560 αὐτῷ
924 2489 1001 2562 μὴ
1052 2491 1238 2562 φέρων
1268 2492 1476 2557 αἰκίας,
1519 2492 1773 2559 ὑπέδειξέ
1817 2512 1944 2550 τινα

351 2583 538 2647 τόπον,
567 2584 689 2637 ὅθεν
720 2584 919 2655 νυκτὸς
945 2583 1201 2654 εἰσῆλθον
1243 2586 1295 2639 οἰ
1330 2585 1539 2658 Πέρσαι
1586 2586 1683 2640 καὶ
1738 2588 1949 2650 πάντας

354 2673 592 2727 ἀνεῖλον.
658 2674 717 2726 '0
747 2672 894 2741 δέγε
959 2667 1174 2726 τούτων
1219 2672 1531 2744 στρατηγὸς
1588 2674 1950 2748 Δημοσθένης

356 2763 464 2815 ὑπὸ
487 2761 701 2816 πολλῶν
723 2761 1032 2827 κυκλωθεὶς
1064 2761 1297 2832 Περσῶν
1343 2763 1761 2819 κελευσθέντων
1807 2763 1949 2830 ζωὸν

351 2849 517 2903 αὐτὸν
550 2850 840 2903 συλλαϐεῖν
861 2890 877 2917 ,
936 2851 1028 2903 τὸν
1081 2850 1247 2905 ἵππον
1290 2850 1499 2915 ἀναϐὰς
1532 2853 1626 2906 καὶ
1654 2854 1861 2923 γυμνὸν
1888 2854 1950 2907 τὸ

352 2942 504 3010 ξίφος
517 2941 724 3013 ἠρκὼς,
755 2941 1057 3014 εἰσώθησεν
1079 2944 1273 2998 ἑαυτὸν
1305 2944 1476 3013 μέσον
1499 2944 1611 2999 τῶν
1639 2945 1946 3016 πολεμίων·

351 3035 449 3086 καὶ
481 3033 765 3097 πλείστους
818 3032 1149 3101 καταϐαλὼν
1205 3034 1488 3102 διεξέπεσε
1549 3035 1650 3107 τῆς
1708 3036 1948 3108 πόλεως,

348 3126 445 3181 καὶ
510 3125 799 3196 διαφυγεῖν
845 3128 1086 3199 ῐσχυσεν.
1150 3127 1309 3182 Οὕτω
1341 3128 1399 3181 δὲ
1447 3128 1560 3185 τῶν
1599 3130 1942 3202 πραγμάτων

348 3220 461 3283 τοῖς
490 3219 726 3290 Πέρσαις
761 3218 1218 3290 συνενεχθέντων,
1257 3219 1402 3273 κατὰ
1445 3222 1629 3275 πᾶσαν
1665 3222 1766 3292 τὴν
1809 3221 1941 3275 ὐπο-

351 3309 614 3378 κειμένην
658 3307 958 3379 Ῥωμαίοις
998 3307 1176 3378 Ἐῴαν
1221 3308 1682 3378 διεσκεδάσθησαν
1732 3309 1939 3382 χώραν,

355 3401 450 3454 καὶ
510 3400 781 3472 ἐπόρθουν
830 3398 1005 3470 αὐτὴν
1055 3399 1252 3464 ἀδεῶς.
1314 3400 1378 3453 Οἰ
1441 3401 1631 3470 μέντοι
1675 3400 1941 3472 Ῥωμαῖοι

353 3492 644 3561 φυγόντες,
687 3491 763 3556 ὡς
786 3493 1027 3564 εἴρηται,
1061 3493 1366 3564 στρατηγὸν
1392 3493 1607 3557 ἑαυτοῖς
1629 3495 1941 3566 ἐπέστησαν

352 3586 656 3641 Κάλλιστόν
713 3602 862 3653 τινα,
914 3585 972 3650 ὃς
1032 3586 1499 3656 σκεδαννυμένους
1549 3588 1677 3650 τοὺς
1726 3589 1942 3659 Πέρσας

347 3679 511 3750 ὀρῶν,
541 3678 636 3733 καὶ
670 3680 1097 3750 ἀπερισκέπτως
1132 3679 1390 3742 ἐπιόντας
1439 3681 1561 3742 ταῖς
1608 3678 1836 3749 χώραις,
1863 3678 1942 3752 τῷ

353 3772 429 3843 μή
451 3789 575 3824 τινα
633 3771 844 3825 οῐεσθαι
911 3771 1101 3835 αὐτοῖς
1165 3770 1584 3838 ἀντιτάξασθαι,
1637 3772 1940 3826 ἐπιτίθεται

348 3864 547 3935 ἁθρόον
589 3865 797 3926 αὐτοῖς,
838 3863 936 3917 καὶ
967 3864 1129 3931 φόνον
1161 3861 1273 3916 τῶν
1314 3862 1627 3933 Βαρϐάρων
1679 3864 1939 3916 πλεῖστον

347 3959 668 4029 εἰργάσατο,
698 3961 791 4011 καὶ
833 3957 1124 4019 παλλακὰς
1149 3950 1262 4008 εἷλε
1294 3956 1564 4026 Σαπώρου
1599 3958 1700 4009 σὺν
1726 3956 1942 4026 πλούτῳ

348 4048 671 4121 πολὶῷ.οἷς
704 4051 914 4112 ἐκεῖνος
966 4047 1345 4120 περιαλγήσας
1393 4047 1578 4101 οἴκαδε
1635 4048 1942 4112 σπουδαίως

347 4142 683 4213 ὑπέστρεψε,
720 4142 931 4195 καὶτὸν
960 4140 1332 4211 Οὐαλεριανὸν
1363 4140 1726 4210 ἐπαγόμενος,
1756 4139 1814 4203 ὅς
1844 4143 1940 4195 καὶ

348 4237 406 4287 ἐν
439 4234 661 4303 Περσίδι
721 4231 1062 4303 κατέστρεψε
1098 4231 1199 4300 τὴν
1257 4231 1429 4303 ζωὴν,
1467 4231 1544 4295 ὡς
1591 4230 1941 4303 αἰχμάλωτος

345 4324 741 4395 ὀνειδιζόμενός
770 4339 831 4377 τε
891 4324 985 4377 καὶ
1014 4323 1445 4393 ἐμπαιςόμενος.
1503 4322 1578 4376 υύ
1643 4324 1808 4393 μόνος
1833 4321 1878 4377 δ’
1910 4323 1939 4375 ὁ

348 4418 648 4480 Κάλλιστος
678 4418 969 4487 ἠρίστευσε
1002 4415 1125 4469 τότε
1159 4416 1303 4470 κατά
1342 4415 1596 4486 Περσῶν,
1653 4415 1793 4469 ἀλλά
1840 4416 1938 4472 καί

2042 568 2142 625 cia:
2167 565 2440 622 Caesarem
2467 572 2768 635 ceperunt,
2819 579 2924 619 nec
2971 564 3313 634 captivorum
3368 563 3621 618 multitu-

2040 658 2160 715 dini
2187 659 2296 714 cibi
2330 659 2455 728 plus
2490 656 2784 721 dederunt,
2834 670 2998 724 quam
3042 662 3309 724 quantum
3348 653 3415 711 ad
3460 663 3626 708 tuen-

2039 748 2166 804 dam
2193 749 2364 804 vitam
2394 749 2526 803 satis
2575 758 2775 802 esset:
2835 747 2947 801 imo
3001 760 3106 800 nec
3156 760 3358 816 aquam
3411 745 3618 799 aifatim

2041 840 2237 897 bibere
2276 840 2365 895 siti
2413 848 2592 905 sunt,
2646 837 2744 895 sed
2794 854 2826 894 a
2872 837 3203 894 custodibus
3243 836 3301 893 in
3329 836 3419 892 die
3451 836 3623 892 semel

2043 932 2217 988 instar
2260 933 2535 1003 pecudum
2604 939 2867 1002 aquatum
2927 929 3061 985 acti.
3120 928 3425 985 Cmsaream
3488 942 3625 984 vero

2041 1023 2402 1094 Cappadocia:
2453 1022 2960 1093 frequentissimam
3049 1020 3241 1076 urbem
3328 1020 3496 1090 (nam
3557 1019 3627 1072 all

2043 1113 2446 1184 quadringenta
2484 1112 2773 1167 hominum
2807 1112 2978 1167 millia
3004 1127 3127 1167 eam
3171 1113 3470 1167 incoluisse
3518 1120 3631 1166 tra-

2042 1207 2298 1280 duntur),
2333 1222 2444 1263 non
2474 1206 2628 1276 prius
2653 1206 2839 1260 hostes
2870 1213 3137 1275 ceperunt
3166 1244 3182 1270 ,
3213 1204 3455 1259 obsessis
3485 1210 3629 1258 stre-

2042 1314 2154 1354 nue
2177 1315 2236 1355 se
2258 1297 2715 1363 defendentibus,
2747 1297 3119 1352 Demosthene
3150 1335 3166 1359 ,
3218 1295 3340 1350 viro
3381 1295 3508 1349 forti
3572 1304 3632 1349 et

2040 1393 2289 1458 cordate,
2324 1391 2464 1447 duce
2493 1407 2510 1446 :
2541 1407 2705 1462 quam
2753 1390 3006 1461 captivus
3040 1390 3265 1461 quidam
3323 1388 3576 1443 medicus
3611 1426 3628 1447 ,

2040 1485 2587 1542 exearnilicationum
2624 1483 2906 1539 hostilium
2934 1483 3230 1553 impatiens
3253 1523 3268 1546 ,
3306 1481 3493 1536 locum
3546 1480 3632 1535 eis

2044 1579 2341 1651 quemdam
2371 1577 2812 1647 demonstravit,
2842 1593 2944 1649 per
2996 1592 3163 1648 quem
3222 1577 3405 1632 Persa:
3456 1582 3663 1630 noctu'

2045 1671 2299 1740 ingressi,
2332 1686 2522 1727 omnes
2552 1671 2970 1728 interfecerunt.
3050 1669 3269 1726 Civium
3325 1682 3461 1724 vero
3511 1666 3627 1722 dux

2046 1766 2445 1822 Demosthenes
2470 1804 2487 1830 ,
2518 1779 2551 1819 a
2593 1765 2785 1820 multis
2826 1764 3014 1819 Persis
3056 1762 3436 1817 circumdatus
3461 1801 3480 1827 ,
3530 1759 3628 1830 qui

2044 1874 2171 1915 eum
2198 1857 2472 1913 viventem
2499 1873 2694 1928 capere
2717 1856 2857 1925 jussi
2888 1865 3078 1921 erant,
3112 1869 3416 1910 conscenso
3439 1868 3586 1923 equo
3611 1889 3629 1915 ,

2044 1958 2101 2007 et
2130 1951 2326 2006 stricto
2360 1964 2493 2006 ense
2527 1950 2770 2015 sublato,
2812 1948 2869 2004 in
2901 1949 3115 2004 medios
3149 1948 3336 2003 hostes
3360 1963 3419 2002 se
3447 1948 3627 2002 immi-

2046 2043 2136 2108 sit,
2163 2051 2220 2097 et
2243 2042 2497 2113 plurimis
2527 2040 2825 2108 prostratis
2860 2039 2995 2094 urbe
3024 2041 3243 2109 elapsus
3275 2040 3490 2110 eﬂ‘ugit.
3514 2039 3631 2095 Hoc

2047 2149 2235 2190 rerum
2284 2143 2430 2190 statu
2473 2134 2690 2199 Persae,
2736 2148 2930 2188 omnes
2982 2132 3257 2187 Romanas
3311 2133 3366 2186 in
3405 2130 3632 2189 Oriente

2049 2227 2363 2297 provincias
2391 2226 2696 2297 pervagati,
2725 2227 2845 2281 sine
2879 2225 2991 2281 ullo
3019 2233 3171 2279 metu
3220 2234 3529 2280 vastarunt.
3560 2229 3633 2280 At

2049 2318 2281 2373 Romani
2307 2317 2456 2390 fuga,
2513 2328 2578 2372 ut
2631 2317 2843 2372 dictum
2905 2325 3011 2381 est,
3074 2315 3294 2386 elapsi,
3342 2314 3630 2371 Callistum

2048 2407 2342 2477 quemdam
2389 2407 2587 2463 ducem
2618 2414 2900 2472 crearunt,
2936 2407 3182 2476 quicum
3208 2405 3404 2462 Persas
3438 2407 3629 2477 palan-

2058 2509 2142 2555 tes
2178 2518 2191 2554 :
2232 2515 2299 2556 ac
2336 2500 2518 2556 omnis
2578 2499 2796 2555 hostilis
2851 2509 3070 2565 metus,
3126 2507 3380 2569 expertes
3423 2507 3632 2555 temere

2049 2593 2364 2664 provincias
2393 2593 2683 2648 incursare
2708 2590 2926 2647 videret
2959 2608 2973 2645 :
3029 2590 3380 2662 aggressione
3429 2606 3632 2662 repen-

2049 2686 2167 2741 tina
2195 2686 2489 2741 maximam
2529 2685 2894 2740 Barbarorum
2925 2683 3128 2739 caedem
3179 2683 3395 2749 edidit,
3432 2692 3492 2740 et
3530 2684 3634 2739 Sa-

2047 2781 2200 2850 poris
2225 2779 2565 2835 concubinas
2608 2793 2732 2833 eum
2786 2778 3002 2847 magnis
3050 2775 3252 2847 opibus
3300 2776 3466 2847 cepit.
3513 2776 3631 2843 Qua

2049 2869 2204 2925 clade
2238 2869 2331 2924 ille
2370 2868 2531 2940 631
2563 2868 2777 2934 dolens,
2806 2866 3138 2923 festinanter
3172 2866 3400 2922 domutn
3449 2868 3630 2933 abiit,

2049 2961 2287 3017 abducto
2317 2962 2485 3017 etiam
2550 2961 2840 3016 Valeriano
2897 2974 3138 3014 secum:
3191 2959 3286 3029 qui
3328 2960 3385 3015 in
3435 2961 3629 3018 Persia

2049 3053 2218 3108 vitam
2243 3053 2388 3108 inter
2415 3052 2751 3123 captivitatis
2785 3051 3086 3123 Opprobria
3135 3059 3193 3107 et
3240 3052 3484 3109 ludibria
3535 3071 3634 3109 ex-

2051 3145 2182 3214 egit.
2225 3143 2416 3213 Neque
2469 3158 2600 3198 vero
2632 3142 2892 3198 Callistus
2942 3141 3208 3197 duntaxat
3252 3158 3384 3199 rem
3439 3153 3632 3203 contra

2045 3236 2240 3292 Persas
2267 3247 2379 3292 tum
2411 3236 2551 3291 bene
2591 3236 2755 3305 gessit
2789 3252 2803 3290 :
2846 3235 2942 3291 sed
2991 3244 3046 3289 et
3079 3234 3362 3293 Odenatus
3411 3238 3632 3310 Palmy-

2043 3327 2230 3389 renus.
2267 3329 2637 3383 Romanorum
2671 3328 2880 3390 socius,
2912 3328 3118 3382 multos
3157 3329 3368 3384 occidit
3394 3371 3410 3393 ,
3467 3333 3633 3387 rede-

2043 3419 2377 3490 untesjuxta
2428 3419 2758 3489 Euphratem
2792 3416 3040 3481 adortus,
3072 3432 3248 3488 eaque
3295 3419 3363 3475 de
3404 3434 3566 3475 causa
3603 3437 3634 3476 a

2041 3511 2267 3567 Galieno
2297 3511 2650 3582 imperatore,
2679 3510 2817 3581 grati
2845 3510 3015 3565 animi
3041 3525 3173 3579 ergo
3202 3553 3215 3573 ,
3243 3511 3355 3565 dux
3384 3510 3636 3568 Orientis

2041 3613 2127 3659 est
2159 3614 2397 3659 creatus.
2421 3603 2571 3659 Inter
2595 3604 2952 3673 spoliandum
2984 3602 3253 3659 cadavera
3310 3603 3630 3675 Persarum,

2043 3696 2302 3752 dicuntur
2323 3697 2491 3752 etiam
2523 3697 2785 3752 mulieres
2817 3696 3010 3750 habitu
3061 3703 3118 3750 et
3150 3695 3324 3751 armis
3380 3697 3632 3754 virorum

2042 3796 2250 3842 ornata:
2282 3797 2534 3856 repertae,
2568 3796 2623 3841 et
2651 3785 2789 3841 tales
2832 3784 3043 3854 aliquot
3092 3783 3232 3838 viva:
3282 3798 3310 3837 a
3368 3784 3633 3841 Romanis

2042 3886 2218 3946 captae
2251 3892 2394 3931 esse.
2430 3875 2667 3946 Sapores
2696 3890 2826 3930 vero
2876 3890 3003 3930 cum
3052 3874 3108 3929 in
3161 3874 3343 3930 reditu
3396 3876 3448 3930 in
3503 3892 3634 3946 pro-

2043 3964 2272 4020 fundam
2319 3965 2518 4019 vallem
2597 3964 2921 4028 incidisset,
2978 3979 3080 4034 per
3138 3979 3302 4034 quam
3363 3966 3632 4033 iumentis

2042 4056 2306 4112 transitus
2354 4071 2465 4111 non
2509 4055 2774 4127 patebat,
2830 4056 3081 4125 captivos
3139 4055 3376 4111 interﬁci
3404 4098 3420 4124 ,
3471 4066 3529 4113 et
3573 4057 3631 4112 in

2040 4148 2236 4204 vallem
2290 4148 2453 4218 abjici
2507 4148 2787 4219 iussisse:
2846 4148 3033 4218 itaque
3073 4148 3419 4219 complanata
3449 4151 3630 4218 valle,

2042 4252 2141 4310 per
2171 4240 2440 4293 cadavera
2467 4238 2717 4309 iumenta
2765 4237 3079 4293 traduxisse
3118 4237 3317 4294 fertur.
3378 4242 3456 4295 Ac
3501 4257 3627 4296 cum

2040 4331 2334 4387 Valeriano
2394 4330 2476 4385 sic
2521 4337 2703 4385 actum
2751 4337 2857 4385 est.
2903 4329 3207 4385 Romanam
3271 4342 3458 4387 autem
3516 4334 3625 4389 Ec-

2039 4421 2262 4477 clesiam
2340 4421 2668 4493 gubernavit
2740 4419 2995 4492 Xystus:
3060 4423 3461 4479 Antiochenam
3518 4426 3627 4482 De~

355 4526 443 4573 τις
477 4507 839 4581 Παλμυρηνδς
868 4508 1027 4578 ἀνὴρ,
1068 4506 1411 4578 κεκλημένος
1445 4506 1738 4571 Ὀδέναθος
1796 4525 1938 4580 συμ-

2046 4514 2369 4578 metrianus,
2407 4511 2652 4567 Flaviani
2683 4521 2971 4568 successor
3009 4531 3027 4567 :
3066 4511 3626 4586 Hierosolymitanam

348 4602 542 4674 μαχῶν
583 4600 878 4673 Ῥωμαίοις
911 4600 1150 4663 πολλοὺς
1199 4599 1479 4672 διέφθειρε
1527 4602 1638 4654 τῶν
1691 4603 1941 4675 Περσῶν,

347 4694 788 4764 ἀναστρέφουσιν
826 4693 1016 4758 αὐτοῖς
1049 4693 1193 4746 κατᾶ
1235 4693 1339 4764 τὴν
1377 4693 1776 4765 Εὐφρατησίαν
1825 4697 1945 4749 ἑπι-

2051 4603 2349 4658 Mazabeno
2429 4612 2650 4658 mortuo
2745 4601 3114 4675 Hymenaeus,
3193 4602 3626 4662 Alexandrinam

2041 4695 2359 4766 Dionysius.

345 4786 577 4856 θέμενος
629 4789 852 4860 χώραν’
897 4789 957 4842 ὃν
1005 4790 1045 4841 Γ
1048 4789 1269 4860 αλιηνὸς
1317 4788 1414 4843 τοῦ
1470 4794 1932 4863 στρατηγήματος
1970 4791 2354 4862 ἀμειϐόμενος,
2415 4790 2519 4861 τῆς
2565 4789 2741 4862 Ἐᾠας
2813 4791 3232 4863 προεχειρίσατο
3294 4799 3628 4867 στρατηγόν.

357 4880 446 4932 Ἐν
482 4881 666 4950 μέντοι
717 4884 832 4945 τοῖς
885 4880 1145 4936 πεσοῦσιν
1183 4884 1250 4936 ὲκ
1295 4882 1390 4937 τοῦ
1446 4882 1718 4954 Περσικοῦ
1797 4884 2211 4955 στρατεύματος
2286 4883 2708 4953 σκυλευομένοις
2764 4883 3019 4952 λέγονται
3043 4886 3137 4939 καὶ
3188 4889 3445 4955 γυναῖκες
3475 4891 3629 4962 εὗρε·

345 4973 507 5043 θῆναι
536 4975 658 5030 κατ’
687 4977 885 5046 ἄνδρας
910 4978 1244 5049 έσταλμέναι
1279 4980 1373 5032 καὶ
1398 4978 1768 5048 ὡπλισμέναι,
1829 4979 1965 5033 άλλά
2005 4981 2100 5033 καὶ
2139 4981 2314 5045 ζῶσαι
2379 4979 2629 5034 τοιαῦται
2686 4978 3093 5049 κατασχεθῆναι
3145 4980 3250 5033 ὑπὸ
3314 4982 3627 5053 Ῥωμαίων.

357 5067 444 5119 Ἐν
501 5067 561 5120 δὲ
609 5072 675 5139 τῇ
714 5069 959 5141 ἐπανόδῳ
1014 5071 1261 5141 φάραγγι
1319 5072 1515 5144 βαθείᾳ
1570 5072 1883 5144 περιτυχὼν
1947 5075 1975 5126 ὁ
2014 5074 2307 5143 Σαπώρης,
2357 5072 2426 5142 ἥν
2491 5069 2722 5124 διελθεῖν
2773 5072 2885 5133 τοῖς
2921 5070 3241 5139 ὑποζυγίοις
3283 5072 3488 5143 ἄπορον
3533 5073 3625 5149 ἦιι,

342 5160 725 5231 αἰχμαλώτους
761 5161 1051 5215 ἐκέλευσεν
1106 5163 1493 5233 ἀναιρεθῆναι,
1528 5164 1622 5216 καὶ
1686 5163 1916 5232 ῥιφῆναι
1952 5165 2096 5217 κατὰ
2158 5163 2262 5231 τῆς
2333 5164 2639 5232 φάραγγος,
2694 5160 2764 5211 ἶν’
2807 5158 2982 5222 οὕτως
3044 5159 3138 5211 τοῦ
3207 5160 3407 5235 βάθους
3449 5166 3628 5245 aut};

344 5251 723 5323 πληρωθέντος
777 5252 866 5304 διὰ
913 5253 1023 5307 τῶν
1074 5254 1287 5326 νεκρῶν
1365 5256 1636 5322 σωμάτων
1682 5254 1753 5308 τὰ
1812 5253 1963 5322 σφῶν
2000 5254 2287 5307 διέλθωσιν
2341 5252 2636 5320 ὑποζύγια.
2702 5250 2814 5304 Καὶ
2857 5248 3000 5302 οὕτω
3038 5248 3267 5302 δι;λθεῐν
3331 5253 3628 5325 ἱστορεῖται

341 5347 440 5418 τὴν
465 5347 750 5416 φάραγγα.
800 5347 910 5400 Kal.
964 5348 1035 5401 τά
1090 5348 1191 5418 μὲν
1240 5349 1388 5401 κατὰ
1432 5350 1524 5403 τὸν
1565 5350 1934 5421 Οὐαλεριανὸν
1974 5356 2031 5404 έν
2096 5349 2329 5414 τούτοις.
2386 5351 2500 5419 Τῆς
2530 5349 2587 5402 δὲ
2618 5347 2730 5401 τῶν
2781 5346 3075 5416 Ῥωμαίων
3133 5347 3461 5417 Ἐκκλησίας
3495 5359 3628 5406 και)-

342 5445 532 5513 ηγείτο
561 5440 800 5506 Ξύστοςο
828 5443 927 5512 τῆς
963 5444 1020 5495 δὲ
1063 5443 1175 5496 τῶν
1207 5443 1526 5514 Ἀντιοχέων
1575 5445 1961 5516 Δημητριανὸς
1999 5444 2386 5516 διαδεξάμενος
2456 5441 2789 5496 Φλαϐιανόν·
2839 5440 2937 5510 τῆς
2975 5440 3034 5493 δὲ
3069 5441 3179 5493 τῶν
3236 5441 3627 5514 Ἰεροσολύμιιν

352 5537 667 5608 Ὑμέναιος,
698 5534 1036 5600 Μαζαϐάνου
1065 5536 1336 5601 θανόντος·
1372 5537 1470 5608 τῆς
1502 5537 1547 5590 δ’
1573 5539 1632 5590 ὲν
1673 5536 2052 5608 Ἀλεξανδρείᾳ
2079 5539 2379 5609 προῖστατο
2404 5535 2702 5598 Διονύσιος.
3106 5540 3111 5543 ’

1557 5647 1765 5710 νει-ἰῶ
1826 5648 2136 5712 lectiones
2169 5660 2231 5711 et
2272 5658 2460 5711 noue.

423 5755 541 5826 (τῇ)
565 5755 979 5828 λᾊντιοχειαν.
1008 5753 1061 5806 Id
1095 5752 1200 5828 sub
1230 5753 1450 5828 initium
1481 5752 1693 5828 Calieni
1715 5753 1943 5828 Marcel-
2048 5768 2175 5828 sant
2198 5752 2633 5828 veroinfelicem
2675 5764 2935 5828 pugnam,
2958 5747 3230 5806 accidisse
3263 5749 3460 5807 scribit
3492 5748 3621 5809 Tre-

354 5822 532 5893 l'tn'us,
559 5826 659 5880 lin.
694 5838 848 5887 nui,
886 5834 1047 5891 capto
1080 5826 1297 5879 scilicet
1334 5824 1620 5880 Valeriano
1649 5841 1664 5887 ;
1690 5835 1817 5880 ante
1851 5826 1935 5894 ip-
2049 5824 2252 5880 bellius
2271 5824 2445 5881 Pollio
2470 5822 2524 5879 in
2552 5837 2662 5878 xxx
2688 5822 2980 5894 'l‘yrannis.

687 5918 966 5981 l‘nnon.
1017 5919 1136 5982 Cn.
1179 5920 1488 5983 ΕΧΧΧΝ

3214 5912 3291 5975 34
