4026 6398
445 349 578 413 ιοοτ

1714 336 1957 397 JOANN
1971 337 2039 397 lS
2074 334 2396 396 ZONABz’E

3554 334 3575 396 l
3588 332 3696 397 ἶ]ΰὸ

502 466 685 522 XXIV.
742 465 869 518 Post
901 462 1270 527 Valerianum,
1315 460 1580 516 Galienus
1629 456 1778 511 illius
1831 453 2001 520 ﬁlius,

2179 451 2309 506 ΚΝ.
2332 452 2489 506 Μετά
2518 449 2574 503 δὲ
2607 449 2698 504 τὸν
2740 450 3114 523 Οὐαλεριανὸν
3140 451 3409 524 Γαλιηνὸς
3433 452 3462 506 6
3486 452 3699 506 ἐκείνου

430 559 650 630 imperii
683 555 914 611 Romani
946 554 1156 623 potitus
1190 560 1300 615 est,
1334 568 1364 606 a
1392 559 1549 621 patre
1581 556 1776 602 contra
1805 545 2009 599 Persas

2110 546 2222 609 υίδς
2249 544 2351 614 τῆς
2379 542 2490 597 τῶν
2542 541 2838 613 Ῥωμαίων
2878 544 3181 613 ⁷ιιγεμονίας
3224 545 3453 613 γέγονεν
3490 544 3669 614 ἐγκρα

427 652 667 706 abeunte
719 648 774 701 in
824 644 1126 701 Occidente
1158 644 1403 707 relictus,
1461 651 1521 696 ut
1568 640 1639 695 iis
1689 639 1782 708 qui
1839 637 2009 692 Italiae

2119 640 2230 708 τῆς,
2277 638 2336 690 ὃν
2366 639 2394 688 ὁ
2428 634 2637 706 πατὴρ,
2671 635 2816 688 κατὰ
2838 636 3067 707 Περσῶν
3103 637 3560 709 στρατευόμενος,
3618 637 3701 700 είς

430 742 571 796 male
605 740 934 810 cogitarent,
955 744 1013 790 et
1036 734 1325 788 Thraciam
1350 741 1650 792 vastarent,
1682 729 1964 784 resisteret
1991 744 2007 780 :

375 826 387 853 ”
429 834 524 904 qui
589 847 715 887 cum
772 844 879 883 non
942 828 1181 896 amplius
1244 827 1437 881 decem
1499 825 1675 879 millia
1746 822 2005 881 haberet,

430 932 678 979 trecenta
733 922 901 975 millia
948 919 1387 973 Alernaunorum
1428 917 1587 988 juxta
1639 914 2009 971 Mediolanum

430 1015 586 1070 vicit.
633 1012 844 1069 Deinde
893 1011 1128 1067 Herulos
1168 1010 1363 1076 etiam,
1406 1018 1627 1078 gentem
1672 1005 2009 1077 Scythicam,

430 1118 488 1164 et
539 1105 825 1162 Gothicam
892 1102 1225 1174 proﬂigavit.
1266 1099 1448 1155 Gessit
1494 1108 1555 1153 et
1595 1112 1724 1153 cum
1786 1094 2013 1151 Francis

433 1200 659 1254 bellum.
713 1197 987 1251 Aureolos
1036 1209 1165 1247 vero
1220 1207 1290 1246 ex
1336 1189 1624 1261 provincia
1669 1186 1861 1243 Getica
1904 1183 2013 1257 (sic

430 1292 578 1348 enim
628 1291 792 1345 Dacia
831 1287 1107 1359 quondam
1154 1283 1476 1352 vocabatur)
1516 1281 1759 1336 obscuro
1807 1291 2012 1349 genere

430 1395 589 1440 ortus
622 1385 834 1455 (pastor
870 1381 1020 1435 enim
1054 1377 1181 1449 fuit)
1212 1391 1340 1433 cum
1368 1391 1402 1430 a
1437 1375 1662 1429 fortuna
1692 1370 2014 1427 evehendus

430 1485 601 1539 esset,
646 1472 928 1537 militavit,
995 1480 1163 1540 atque
1207 1464 1481 1522 industria
1525 1471 1862 1519 consecutus
1903 1468 2012 1523 est,

431 1577 495 1622 ut
518 1564 647 1634 equi
682 1560 1024 1633 imperatorii
1067 1572 1182 1613 sua:
1227 1555 1357 1611 iidei
1405 1555 1824 1608 mandarentur.
1862 1550 2014 1616 Quos

430 1657 560 1727 quia
604 1654 868 1724 praeclare
925 1647 1229 1711 tractabat,
1283 1645 1491 1700 charos
1544 1642 1858 1698 habebatur
1907 1642 2012 1694 im-

432 1746 697 1820 peratori.
738 1742 949 1800 Deinde
995 1755 1125 1796 cum
1171 1739 1358 1809 Mysia:
1407 1735 1654 1807 legiones
1710 1734 2013 1803 Ingenuum

2115 732 2182 783 τὰ
2208 726 2447 797 ἑσπέρια
2485 727 2642 780 είασε
2691 726 2808 789 τοῖς
2878 726 2938 779 ἐν
2968 728 3033 796 τῇ
3085 725 3290 796 Ἰταλία
3345 725 3703 797 ἐφεδρεύουσι

2113 827 2209 876 καὶ
2241 825 2353 885 τοῖς
2376 821 2475 891 τὴν
2516 820 2745 892 Θρᾴκην
2795 820 3143 892 ληϊζομένοις
3175 820 3697 874 ἀντικαθίστασθαι.

2118 917 2214 977 Ὃς
2276 914 2604 983 Ἀλαμανοῖς
2671 914 2805 984 περὶ
2864 914 3167 983 τριάκοντα
3242 912 3514 983 μυριάδας
3580 911 3706 965 οὖσι

2113 1007 2244 1077 περὶ
2275 1007 2345 1058 τὰ
2381 1005 2694 1059 Μεδιόλανα
2731 1004 3028 1074 συμϐαλὼν
3092 1004 3229 1073 μετά
3262 1006 3473 1076 μυρίων
3515 1005 3705 1075 ἐνίκη-

2117 1114 2236 1152 σεν.
2281 1093 2415 1151 Ιδζῐτα
2445 1100 2543 1150 καὶ
2578 1097 2865 1168 Αίρούλοις
2915 1097 3053 1170 (75),
3089 1098 3345 1170 Σκυθικῷ
3397 1099 3549 1167 γένει
3606 1097 3703 1151 καὶ

2113 1191 2381 1262 Γοτθικῷ,
2414 1190 2732 1258 ἐπεξελθὼν
2758 1191 3091 1262 ἐκράτησεν.
3133 1192 3475 1263 Ἑπολέμησε
3521 1193 3580 1246 δέ
3603 1193 3702 1246 καὶ

2111 1285 2407 1356 Φράγγοις.
2438 1284 2706 1357 Δῦρίολος
2743 1284 2803 1338 δὲ
2858 1288 2925 1339 ἐκ
2954 1287 3142 1356 χώρας
3179 1272 3259 1339 ὧν
3303 1277 3559 1356 Γετικῆς,
3595 1290 3698 1357 τῆς

2115 1376 2344 1447 ὕστερον
2398 1378 2607 1439 Δακίας
2638 1376 3058 1450 ἐπικληθείσης,
3092 1378 3187 1431 καὶ
3242 1376 3438 1446 γένους
3478 1379 3700 1449 ἀσήμου

2115 1470 2348 1540 (ποιμὴν
2400 1471 2512 1539 γάρ
2567 1469 2840 1540 ἐτύγχανε
2888 1469 3185 1541 πρότερον)
3246 1470 3350 1540 τῆς
3417 1468 3592 1541 τύχης
3646 1472 3707 1525 δὲ

2113 1560 2279 1613 αὐτὸν
2310 1560 2385 1623 είς
2430 1560 2575 1629 μέγα
2607 1559 2964 1630 βουληθείσης
2995 1561 3225 1631 ἐπᾶραι,
3270 1560 3702 1630 ἐστρατεύσατοο

2116 1652 2212 1705 καί
2278 1651 2591 1722 περιδέξιος
2652 1651 2921 1720 γεγονὼς,
2977 1653 3092 1704 τῶν
3149 1651 3449 1721 βασιλικῶν
3513 1652 3706 1706 ἵππων

2119 1745 2443 1810 φροντιστὴς
2477 1744 2922 1813 προκεχείριστο.
2963 1744 3075 1795 Καὶ
3123 1744 3255 1814 περὶ
3292 1741 3516 1804 τούτους
3555 1746 3709 1796 εὐδο-

433 1856 534 1912 per
557 1838 885 1895 seditionem
914 1834 1309 1904 imperatorem
1338 1829 1633 1890 dixissent,
1660 1836 1718 1882 et
1743 1825 2010 1881 Galienus

2119 1832 2319 1901 κιμῶν,
2352 1835 2751 1901 κεχαρισμένος
2785 1833 2933 1897 εδοξε
2989 1832 3067 1903 τῷ
3100 1832 3416 1904 κρατοῦντι.
3470 1834 3592 1886 Τῶν
3646 1836 3707 1889 δὲ

434 1942 634 2003 praeter
685 1937 917 1985 caeteros
961 1926 1128 1981 etiam
1181 1923 1401 1978 Mauros
1448 1921 1575 1993 (hos
1611 1936 1641 1975 a
1674 1919 1846 1974 Medis
1888 1932 2017 1987 pro-

436 2032 663 2095 pagatos
706 2034 827 2076 esse
862 2015 1041 2087 aiunt)
1092 2023 1288 2070 contra
1331 2027 1458 2068 eum
1503 2012 1570 2066 ad
1605 2011 1869 2066 Sirmium
1920 2008 2020 2064 ad-

435 2117 742 2172 duxisset:
804 2110 1080 2167 Aureolus
1140 2111 1411 2179 magister
1474 2105 1728 2174 equitum
1790 2112 2019 2159 strenue

437 2209 773 2273 dimicando,
821 2207 1012 2261 multis
1058 2205 1312 2259 hostibus
1360 2203 1539 2265 carsis,
1612 2202 1877 2270 reliquos,
1937 2200 2020 2269 ip-

434 2301 1019 2374 psumquelngeuuum
1054 2297 1223 2351 rebus
1252 2294 1562 2363 desperatis
1589 2297 1643 2347 in
1670 2294 1851 2362 fugam
1883 2307 2019 2346 con-

432 2396 587 2470 iecit,
637 2396 691 2449 in
734 2409 841 2463 qua
887 2407 918 2444 a
954 2392 1071 2446 suis
1108 2390 1444 2445 satellitibus
1486 2398 1572 2441 est
1621 2387 1863 2440 occisus.
1902 2384 2021 2439 [loc

437 2489 667 2551 domito,
713 2487 1043 2540 Posthuinus
1088 2491 1283 2537 contra
1333 2480 1725 2549 imperatorem
1781 2477 2022 2547 insurgit

439 2583 529 2638 tali
563 2582 632 2636 de
682 2593 871 2635 causa.
931 2576 1196 2632 Galienus
1246 2573 1421 2628 lilium
1473 2572 1790 2635 Galienum,
1850 2570 2017 2641 632

435 2674 842 2729 adolescentem
871 2670 1133 2724 solertem
1161 2678 1218 2721 et
1247 2668 1584 2728 formosum,
1631 2679 1796 2734 quem
1841 2663 2023 2732 impe-

436 2769 501 2822 rii
532 2778 906 2823 successorem
939 2762 1274 2827 destinabat,
1303 2762 1360 2814 in
1388 2760 1525 2815 urbe
1549 2758 1853 2828 Agrippina
1886 2756 2020 2811 relic

434 2866 632 2928 querat
663 2874 676 2910 :
716 2866 779 2909 ut
810 2853 1001 2914 Gallis,
1040 2867 1181 2922 quos
1207 2851 1424 2921 Scythae
1461 2848 1813 2918 premebant,
1845 2860 2010 2915 opem

436 2955 626 3016 ferret,
646 2948 858 3004 Albano
881 2945 1099 3000 cuidam
1131 2953 1358 3013 propter
1379 2951 1601 2995 aetatem
1627 2940 2012 2994 commissum.

437 3041 767 3097 Posthumus
804 3053 931 3091 vero
956 3034 1022 3088 ad
1046 3035 1355 3088 custodiam
1390 3030 1571 3086 llheni
1610 3029 1856 3084 (luminis
1886 3028 2020 3083 reli-

434 3143 581 3197 ctus,
640 3140 701 3185 ut
767 3127 1229 3183 Transrhenanos
1297 3123 1574 3178 Barbaros
1632 3122 2010 3177 Romanarum

437 3223 845 3295 provinciarum
878 3217 1200 3271 incursione
1234 3214 1605 3285 prohiberet:
1642 3214 1881 3267 transitu
1915 3226 2014 3267 eo-

436 3332 556 3371 rum
605 3328 714 3368 non
762 3311 1172 3371 animadverso,
1208 3307 1263 3361 in
1316 3305 1499 3360 reditu
1554 3304 1738 3375 praeda
1785 3314 2017 3359 onustos

434 3407 680 3467 adortus,
715 3401 904 3456 multis
930 3400 1152 3463 occisis,
1194 3397 1436 3468 praedam
1468 3411 1690 3452 omnem
1724 3406 2013 3466 receptam

435 3502 581 3553 inter
623 3495 825 3549 milites
863 3491 1054 3546 statim
1087 3490 1296 3544 divisit.
1337 3488 1477 3543 Cum
1530 3495 1717 3541 autem
1772 3487 2018 3541 Albanus

437 3590 739 3660 postularet
797 3598 857 3638 ut
910 3600 974 3637 ea
1038 3582 1107 3637 ad
1160 3596 1220 3635 se
1270 3588 1327 3634 et
1378 3578 1668 3635 Juniorem
1720 3576 2010 3634 Galienum

435 3682 771 3737 aderretur:
814 3677 1018 3731 milites
1046 3690 1111 3729 ea
1155 3675 1390 3744 repetita
1433 3672 1502 3726 ad
1545 3671 1879 3727 seditionem
1909 3671 2015 3725 im-

440 3775 648 3845 pulsos,
675 3770 744 3825 ad
772 3770 1086 3840 Agrippina:
1117 3766 1319 3821 mmnia
1344 3764 1597 3830 adduxit,
1631 3763 2017 3833 Albanumque

436 3879 491 3922 et
514 3864 801 3920 .Iuaiorem
824 3860 1111 3917 Galienum
1131 3872 1161 3912 e
1185 3856 1402 3913 civibus
1420 3856 1526 3912 sibi
1551 3854 1772 3911 deditos
1789 3854 2016 3910 occidit.

436 3959 697 4014 Galienus
732 3956 900 4024 igitur
932 3951 1081 4006 bello
1113 3956 1310 4005 contra
1334 3947 1700 4004 Posthumum
1735 3955 2015 4017 suscepto,

436 4052 615 4120 primo
648 4059 948 4117 congressu
995 4043 1176 4096 victus
1226 4051 1335 4096 est.
1382 4040 1594 4095 Deinde
1634 4050 1933 4111 tyrannum
1961 4041 2017 4092 in

436 4140 616 4210 fugam
658 4136 997 4206 conjectum,
1038 4131 1336 4187 Aureolum
1375 4130 1635 4202 persequi
1674 4131 1835 4201 jubet
1868 4148 1883 4186 :
1916 4129 2015 4201 qui

434 4246 560 4288 cum
594 4245 721 4285 eum
762 4225 981 4295 assequi
1015 4233 1224 4294 posset,
1257 4223 1466 4278 diutius
1498 4222 1759 4292 persequi
1798 4222 2015 4287 nolens,

435 4332 696 4379 causatus
726 4329 831 4382 est,
879 4332 938 4372 se
982 4329 1112 4371 eum
1151 4316 1389 4384 adipisci
1436 4331 1547 4368 non
1599 4330 1784 4383 posse.
1833 4312 2017 4379 Quare

437 4414 798 4471 Posthumum
849 4411 929 4465 sic
978 4408 1248 4478 elapsum,
1292 4416 1351 4461 et
1398 4407 1589 4476 capias
1639 4416 2016 4476 reparantem,

2121 1925 2179 1976 ἐν
2221 1927 2285 1993 τῇ
2312 1925 2497 1992 Μυσίᾳ.
2519 1925 2867 1994 στρατιωτῶν
2902 1929 3339 1991 στασιασάντων,
3374 1929 3470 1982 καὶ
3529 1914 3707 1995 ἰ’γγεκ

2120 2010 2275 2065 νοῦον
2338 2013 2725 2084 αὐτοκράτορα
2777 2015 3140 2081 ἀνειπόντων,
3186 1996 3283 2069 καί
3308 2015 3405 2070 τοῦ
3436 2016 3707 2087 Γαλιηνοῦ

2120 2105 2272 2175 αὐτῴ
2309 2106 2744 2177 ἀντιταξαμένου
2805 2109 2950 2186 περὶ,
2985 2107 3048 2161 τὸ
3091 2109 3342 2179 Σίρμιον,
3403 2110 3545 2178 μετά
3592 2111 3707 2163 τῶν

2120 2196 2295 2250 ἄλλων
2334 2199 2430 2252 καὶ
2458 2200 2844 2269 Μαυρουσίους
2868 2203 3237 2271 ἐπαγομένου,
3270 2200 3320 2254 οἳ
3354 2202 3463 2255 ἀπὸ
3498 2202 3705 2272 Μήδων

2121 2289 2458 2357 κατάγεσθαι
2511 2290 2785 2358 λέγονται,
2843 2294 2871 2344 6
2923 2294 3187 2362 Adpiom;
3233 2293 3531 2365 ἱππαρχῶν
3578 2312 3707 2363 γεν-

2121 2378 2288 2442 ναίως
2321 2381 2461 2450 μετά
2486 2381 2596 2434 τῶν
2629 2383 2841 2435 ἱππέων
2865 2385 3305 2456 ἀγωνισάμενος,
3335 2386 3565 2449 πολλοὺς
3592 2391 3705 2439 τῶν

2120 2476 2191 2524 τὰ
2228 2472 2528 2540 Ἱγγενούου
2560 2475 2903 2544 φρονούντων
2925 2476 3177 2542 διώλεσε,
3208 2479 3305 2531 καὶ
3331 2480 3460 2541 τοὺς
3479 2479 3708 2543 λοιποὺς

2122 2567 2392 2633 ἐτρέψατο
2448 2567 2530 2630 είς
2557 2566 2759 2637 φυγὴν,
2792 2567 2867 2631 ὡς
2900 2570 2990 2621 καὶ
3034 2569 3201 2622 αὑτὸν
3248 2570 3339 2623 τὸν
3399 2571 3708 2640 Ἰγγενοῦον

2123 2656 2353 2725 φεύγειν
2379 2658 2745 2726 ἀπεγνωκότα
2780 2664 2876 2713 καὶ
2897 2663 2954 2712 ἐν
2986 2662 3061 2730 τῲ
3096 2661 3321 2730 φεύγειν
3351 2663 3707 2735 ἀναιρεθῆναι

2122 2751 2276 2820 παρά
2309 2749 2421 2803 τῶν
2453 2750 2768 2822 δορυφόρων
2802 2754 2993 2807 αὑτοῦ.
3029 2749 3198 2818 Αὖθις
3255 2751 3349 2808 οὖν
3387 2755 3707 2826 ῙΙοστοῦμος

2123 2842 2238 2913 (Ἠ)
2290 2841 2369 2913 τῷ
2418 2843 2669 2914 Γαλιηνῴ
2722 2846 3108 2901 ἐπανίσταται.
3154 2847 3328 2902 Παίὅα
3372 2847 3480 2917 γὰρ
3506 2848 3648 2917 ἔχων
3676 2850 3707 2900 6

2122 2934 2485 3005 αὐτοκράτωρ
2511 2932 2664 2999 οὗτος
2695 2937 3008 3007 ὁμώνυμον,
3039 2937 3216 3005 δεξιόν
3248 2955 3306 2991 τε
3344 2939 3440 2991 καὶ
3462 2938 3705 3009 εὐπρόσ-

2122 3042 2305 3091 ωπον,
2358 3026 2417 3081 ὃν
2476 3030 2571 3081 καὶ
2624 3029 2722 3099 τῆς
2786 3029 3069 3100 βασιλείας
3130 3026 3243 3101 εἶχε
3296 3028 3577 3100 διάδοχον,
3638 3031 3700 3081 ἐν

2136 3104 2474 3192 Ἀγριππίνῃ
2506 3124 2570 3192 τῇ
2620 3123 2774 3175 πόλει
2804 3124 3095 3191 κατέλιπε,
3147 3126 3262 3188 τοῖς
3315 3122 3537 3185 Γάλλοις
3593 3122 3702 3174 ὑπὸ

2117 3210 2340 3263 Σκυθῶν
2378 3210 2770 3282 πορθουμένοις
2814 3214 3284 3285 ἐπικουρήσαντα.
3336 3207 3407 3285 ᾯ
3453 3215 3548 3268 καί
3578 3229 3706 3268 τινα

2128 3301 2387 3356 Ἀλϐανὸν
2434 3305 2774 3374 κεκλημένον
2828 3307 3105 3377 ἐπέστησε
3172 3307 3264 3363 διὰ
3319 3307 3420 3378 τὴν
3472 3306 3707 3378 νεότητα

2115 3395 2286 3448 αὐτοῦ
2336 3395 2432 3449 τοῦ
2493 3397 2634 3450 υἱοῦ.
2695 3399 3010 3468 Ποστούμος
3056 3400 3135 3463 δὲ,
3172 3405 3254 3464 είς
3313 3400 3562 3472 φυλακὴν
3609 3402 3706 3454 τοῦ

2128 3486 2329 3557 Ῥήνου
2362 3491 2610 3557 ποταμοῦ
2641 3490 2844 3559 suam,
2898 3491 3042 3545 ὥστε
3081 3493 3315 3547 κωλύειν
3369 3497 3484 3558 τοῖς
3526 3495 3706 3565 πέραν

2115 3580 2362 3635 οἰκοῦσιν
2414 3584 2728 3656 Βαρϐάροις
2775 3587 2876 3654 τὴν
2923 3589 3002 3651 είς
3038 3589 3138 3658 τὴν
3180 3589 3465 3661 Ῥωμαῖδα
3522 3589 3710 3660 χώραν

2114 3674 2392 3741 διάϐασιν,
2433 3675 2657 3730 λαθοίσί
2705 3695 2842 3745 τισι,
2884 3681 2978 3733 καὶ⁵
3013 3680 3238 3735 διαϐᾶσι
3297 3687 3388 3735 τὸν
3433 3685 3709 3753 ποταμὸν,

2118 3771 2213 3822 καὶ
2264 3768 2416 3822 λείαν
2477 3771 2852 3842 ἐπαγομένοις
2921 3772 3129 3844 πολλὴν
3177 3777 3237 3828 ἐν
3287 3775 3368 3845 τῷ
3419 3779 3713 3831 ἐπανιέναι

2118 3859 2367 3927 ἐπέθετο,
2403 3862 2501 3916 καὶ
2527 3862 2755 3927 πολλοὺς
2780 3864 2878 3934 μὲν
2911 3865 3119 3932 ἀνεῖλε,
3146 3867 3248 3937 τὴν
3271 3868 3329 3921 δὲ
3364 3867 3515 3922 λείαν
3547 3869 3711 3938 ἀφεί-

2117 3952 2242 4005 λετο
2277 3952 2590 4024 ξύμπασαν,
2626 3957 2723 4009 καὶ
2754 3956 2966 4027 ταύτην
3026 3959 3229 4013 αὐτίκα
3267 3963 3384 4022 τοῖς
3436 3962 3709 4032 στρατιώ-

2117 4061 2241 4108 ταις
2262 4044 2560 4116 διένειμεν.
2605 4047 2672 4100 ’0
2703 4048 2894 4118 μαθὼν
2923 4050 2953 4103 6
2993 4050 3274 4117 Ἀλϐανὸς,
3310 4052 3536 4125 πέμψας
3565 4056 3709 4107 ἀπο·
3804 4044 3813 4057 ’

2128 4139 2465 4210 κομισθῆναι
2501 4139 2651 4211 αὐτῷ
2689 4144 2785 4195 καὶ
2843 4143 2923 4214 τῷ
2951 4145 3059 4215 νέῳ
3113 4145 3366 4218 Γαλιηνῷ
3422 4149 3521 4218 τὴν
3550 4147 3704 4202 λείαν

2119 4230 2343 4302 ἀπῄτει.
2398 4232 2509 4285 Καὶ
2534 4235 2563 4285 6
2596 4233 2940 4302 Ποστοῦμος,
2979 4237 3323 4303 συγκαλέσας
3379 4241 3506 4304 τοὺς
3541 4257 3708 4311 στρα-

2118 4325 2343 4390 τιώτας,
2400 4324 2761 4393 είσέπραττεν
2787 4326 2846 4392 ἐξ
2902 4329 3086 4382 αὐτῶν
3133 4331 3205 4383 τὰ
3251 4331 3354 4400 τῆς
3405 4332 3558 4396 λείας
3623 4336 3709 4395 εἰς

2122 4415 2462 4469 ἀποστασίαν
2518 4418 2719 4481 αὐτοὺς
2773 4420 3157 4491 παρακινῆσαι
3214 4424 3631 4495 μηχανώμενος,
3680 4426 3711 4479 6

439 4506 703 4563 Galieuus
741 4510 927 4557 denuo
958 4502 1210 4561 adortus,
1242 4501 1298 4554 in
1327 4500 1611 4570 quoddam
1645 4499 1835 4554 Galliae
1859 4498 2014 4569 oppi-

2126 4509 2222 4560 καὶ
2250 4509 2470 4576 γέγονε’
2526 4510 2622 4563 καὶ
2664 4511 2781 4579 μετ’
2809 4512 2990 4566 αὐτῶν
3019 4516 3085 4584 τῇ
3141 4515 3296 4569 πόλει
3343 4520 3410 4587 τῇ
3479 4515 3711 4586 ’Λγριπ-

438 4600 573 4656 dum
626 4597 973 4666 compulsum
1036 4592 1314 4648 obsedit:
1368 4591 1676 4661 sagittaque
1734 4592 1789 4644 in
1849 4589 2019 4645 dorso

439 4693 616 4756 ’ctus,
670 4689 740 4743 ob
797 4686 1040 4741 vulneris
1093 4685 1345 4740 dolorem
1401 4683 1753 4738 obsidionem
1813 4682 2016 4737 solvit.

437 4787 546 4842 Sed
573 4782 723 4838 aliud
748 4794 973 4851 quoque
1008 4778 1219 4834 bellum
1249 4794 1282 4833 a
1316 4776 1560 4831 Macrino
1595 4785 1681 4831 est
1709 4786 1968 4832 exortum
2001 4793 2016 4831 :

436 4879 532 4949 qui
570 4890 699 4931 cum
729 4873 871 4929 duos
909 4870 1053 4925 ﬁlios
1083 4870 1334 4935 haberet,
1384 4869 1722 4924 Macrianum
1750 4878 1809 4923 et
1839 4868 2015 4935 Quin-

438 4985 577 5033 tum,
604 4981 832 5039 regnum
857 4962 1156 5019 aﬂ'cctavit.
1177 4962 1255 5018 Ac
1284 4961 1402 5033 ipse
1425 4961 1653 5032 quidem
1679 4963 1751 5019 ob
1774 4962 2013 5018 alterum

435 5063 630 5134 pedem
653 5058 990 5120 mutilatum,
1017 5063 1225 5109 vestem
1242 5053 1657 5125 imperatoriam
1675 5071 1787 5110 non
1810 5054 2014 5122 induit,

435 5156 532 5212 sed
560 5154 705 5219 ﬁlios
730 5151 962 5207 induere
989 5147 1157 5218 jussit
1190 5165 1204 5201 :
1255 5157 1422 5217 atque
1449 5148 1519 5202 ab
1546 5147 1770 5203 Asianis
1810 5147 2014 5219 cupide

435 5254 748 5317 susceptus,
794 5257 922 5298 cum
956 5240 1025 5295 ad
1067 5240 1238 5295 breve
1272 5249 1487 5306 tempus
1518 5239 1788 5295 adversus
1817 5239 2016 5294 Persas

435 5346 806 5395 commoratus
860 5342 1033 5399 esset,
1074 5341 1269 5387 contra
1298 5330 1586 5387 Gatienum
1627 5346 1687 5386 se
1728 5330 1963 5401 parabat
1997 5346 2011 5385 :

2120 4600 2254 4670 πίνῃ
2284 4600 2619 4671 προσέϐαλε,
2670 4604 2767 4654 καὶ
2798 4603 2848 4655 oi
2897 4604 3001 4672 τῆς
3043 4604 3255 4670 πόλεως
3305 4606 3400 4659 τόν
3433 4623 3491 4660 τε
3540 4610 3709 4661 παῖδα

2116 4684 2213 4739 τοῦ
2246 4686 2514 4756 βασιλέως
2557 4690 2653 4742 καὶ
2683 4691 2775 4743 τὸν
2821 4690 3083 4746 Ἀλϐανὸν
3108 4693 3260 4765 αύτῷ
3307 4695 3705 4763 ἐκδεδώκασιν,

2115 4774 2210 4838 οὓς
2245 4774 2344 4830 καὶ
2376 4776 2548 4846 ἄμφω
2592 4780 2910 4835 ἀπέκτεινε.
2971 4781 3162 4836 Ταῦτα
3191 4784 3405 4853 γνοὺςςὸ
3442 4785 3707 4857 Γαλιηνὸς

2115 4867 2257 4937 πρὸς
2301 4868 2395 4921 τὸν
2443 4869 2762 4940 Ποστοῦμον
2815 4872 3006 4945 ἀπῄει,
3062 4875 3162 4929 καὶ
3220 4876 3507 4947 συμμίξας
3553 4880 3708 4949 αὐτῷ

2119 4960 2390 5031 πρότερον
2456 4960 2556 5032 μὲν
2590 4962 2823 5035 ἡττήθη,
2860 4960 2984 5019 εἶτα
3038 4968 3136 5021 καὶ
3188 4968 3592 5042 ἐπεκράτησεν,
3626 4973 3702 5033 ὡς

2117 5054 2324 5107 καὶτὸν
2357 5053 2675 5125 Ποστοῦμον
2707 5057 2955 5127 φεύγειν.
2993 5061 3287 5116 Στέλλεται
3313 5058 3409 5116 οὖν
3433 5064 3461 5115 6
3500 5064 3698 5136 Αῦρίο-

2116 5143 2207 5203 λος
2293 5144 2627 5211 καταδιῶξαι
2679 5148 2867 5203 αὐτόν.
2941 5151 3000 5204 Ὀ
3052 5151 3132 5215 δὲ,
3183 5153 3363 5207 καίτοι
3404 5155 3705 5226 δυνάμενος

2115 5234 2450 5289 καταλαϐεῖν
2509 5238 2674 5293 αὐτὸν
2702 5279 2717 5305 ,
2769 5243 2873 5295 οὐκ
2920 5243 3188 5314 ⁴ὴθέλησεν
3247 5245 3537 5313 ἐπιδιῶξαι
3604 5249 3704 5300 ἐπὶ

2112 5330 2270 5399 πολὺ,
2290 5330 2406 5385 ἀλλ’
2419 5331 2732 5387 ἐπανελθὼν
2757 5332 2879 5388 εἷπε
2913 5336 2988 5407 μὴ
3013 5336 3307 5408 δυνηθῆναι
3333 5340 3499 5394 αὐτὸν
3527 5357 3707 5393 καταο

1592 5466 1788 5528 Varie:
1832 5466 2145 5531 lectiones
2187 5478 2249 5533 et
2289 5478 2481 5535 noue.

500 5601 612 5668 (75)
658 5596 994 5668 Λιρούλοις,
1051 5590 1134 5668 l_ta
1165 5606 1300 5648 mss.
1348 5592 1631 5668 codd.__ut
1682 5589 1898 5668 Δζῖιιίί,
1940 5593 1995 5645 in

437 5662 603 5739 [legio
641 5662 1106 5739 cod.__Am_miani,
1160 5669 1220 5716 ut
1268 5674 1455 5739 nionet
1509 5662 1677 5717 llenr.
1724 5662 1997 5739 Valesius,

438 5733 572 5807 quos
632 5734 1055 5807 οὶίἱᾼἘλούρους
1109 5742 1327 5807 vocant.
1375 5733 1612 5789 chrcm
1651 5748 1752 5786 ius.
1806 5736 1999 5786 Λιλου·

440 5804 551 5878 ρος.
600 5805 847 5874 Ἐν.ούρος
874 5804 930 5855 δε
962 5805 1133 5867 ἔθνος,
1160 5806 1337 5871 ψιλόν.

2178 5594 2290 5667 (ῃ)
2317 5595 2691 5667 Ποστοῦμος.
2726 5596 2801 5650 Ita
2833 5596 3052 5652 Zosimo
3082 5596 3417 5667 appellatur,
3470 5600 3688 5653 Victori

2107 5670 2163 5784 et
2216 5664 2482 5785 Elutropio
2526 5664 2862 5729 Post/nimus,
2896 5664 3198 5733 Trebellio,
3233 5675 3289 5722 et
3330 5666 3389 5720 in
3415 5668 3701 5725 Nummis.

2159 5748 2235 5785 οδι
2256 5752 2472 5785 (annus.

2159 5748 2472 5788 οειηιιηιιιιδ.
