4026 6394
316 374 454 439 1069

1571 378 1975 442 ANNALIUM
2017 379 2164 442 LIB.
2207 377 2349 443 XII.

3426 391 3564 456 1070

310 489 599 562 λήψεσθαι.
657 491 972 562 Ποστοῦμος
1044 493 1089 546 δ’
1144 493 1288 548 οὕτω
1350 495 1658 565 διαφυγὼν,
1732 492 1885 556 αὖθις

1993 490 2219 559 Balisla,
2255 511 2419 564 quem
2455 496 2778 566 magistrum
2820 499 3068 568 equitum
3102 511 3338 564 crearat,
3370 519 3565 561 cu-nzra

311 583 532 636 συνίστα
593 585 846 655 στρατόν.
907 587 1018 638 Καὶ
1081 586 1298 639 πάλινὸ
1339 588 1602 659 Γαλιηνδς
1652 587 1885 658 ἤλαυνεν

310 675 397 728 ἐπ’
427 676 611 739 αὑτὸν,
655 677 751 730 καὶ
783 679 840 730 ὲν
866 678 1020 730 πόλει
1047 679 1158 731 τινὶ
1189 679 1286 747 τῆς
1321 679 1554 741 Γαλλίας
1592 678 1884 732 κατακλεί-

311 785 408 830 σας
437 767 748 838 ἐπολιόρκει
779 771 871 821 τὸν
898 769 1187 840 τύραννον.
1233 769 1320 822 Ἐν
1354 770 1411 822 δὲ
1457 775 1522 840 τῇ
1589 767 1886 839 πολιορκίᾳ

311 859 610 928 πλήττεται
642 861 837 930 βέλειὸ
879 861 1144 932 βασιλεὺς
1175 863 1241 916 τά
1285 863 1626 931 μετάφρενα,
1655 863 1750 914 καὶ
1797 878 1884 912 νου

319 953 490 1020 οήσας
529 951 595 1003 ὲκ
662 950 878 1017 τούτου,
947 955 1047 1024 τὴν
1105 955 1429 1024 πολιορκίαν
1482 955 1714 1008 διέλυσε.
1776 952 1886 1005 Καὶ

311 1041 472 1104 ἄλλος
503 1042 560 1094 δὲ
589 1041 668 1112 τῷ
699 1043 737 1094 Γ
739 1043 946 1112 αλιηνῷ
997 1045 1254 1116 κεκίνητο
1294 1047 1532 1115 πόλεμος
1584 1044 1736 1116 παρὰ
1757 1045 1886 1098 Μα-

308 1134 496 1202 κρίνου
548 1133 692 1204 (⁸75),
766 1134 849 1199 ὃς,
885 1135 981 1188 δύο
1027 1136 1166 1206 ἔχων
1198 1139 1345 1202 υἱοὺς
1415 1138 1732 1209 Μακριανδν
1785 1135 1885 1189 καὶ

309 1225 562 1290 Κόϊντον,
597 1227 875 1296 τυραννίδι
940 1229 1356 1300 ἐπικεχείρηκε.
1400 1231 1509 1283 Καὶ
1545 1227 1708 1290 αὐτὸς
1763 1226 1882 1297 μὲν,

305 1315 388 1366 ὅτι
420 1315 650 1384 θάτερον
696 1319 994 1386 πεπήρωτο
1023 1319 1130 1370 τῶν
1167 1320 1417 1385 σκελῶν,
1463 1319 1563 1372 οὐκ
1587 1317 1741 1371 ἐνέδυ
1785 1315 1885 1387 τὴν

309 1405 502 1477 στολὴν
531 1409 629 1478 τὴν
661 1407 957 1476 βασίλειον,
988 1413 1102 1470 τοῖς
1134 1411 1332 1474 δὐίοῖς
1361 1411 1530 1482 αὐτὴν
1563 1409 1882 1477 περιέϐαλε,

309 1499 405 1549 καὶ
431 1499 478 1550 οἱ
509 1499 566 1551 ὲν
594 1500 660 1568 τῇ
729 1499 885 1567 Ἀσίᾳ
935 1501 1188 1570 ἁσμένως
1237 1503 1403 1555 αὑτὸν
1450 1501 1880 1574 προσεδέξαντο.

321 1589 380 1642 ὐ
400 1590 457 1642 δὲ
481 1591 639 1658 ὀλίγα
668 1591 804 1658 πρὸς
837 1593 1049 1660 Πέρσας
1071 1593 1441 1663 ὲνδιατρίῲας,
1493 1593 1588 1646 ἐπὶ
1622 1592 1884 1663 Γαλιηνὸν

309 1681 774 1750 παρεσκευάζετο.
806 1683 915 1736 Καὶ
947 1685 1060 1745 τοῖς
1093 1684 1336 1752 Πέρσαις
1381 1683 1689 1737 Βαλλίσταν
1734 1683 1886 1735 ἀντι-

314 1774 696 1843 κατέστησεν,
757 1774 816 1827 δν
871 1774 1035 1838 αὐτὸς
1098 1777 1518 1845 προεχειρίσατο
1584 1775 1882 1842 ἵππαρχον,

308 1867 403 1919 καὶ
435 1867 530 1919 σὺν
561 1865 738 1937 τούτῳ
767 1866 860 1919 τὸν
892 1867 1009 1921 υίδν
1037 1867 1207 1920 αὐτοῦ
1239 1867 1603 1920 καταλέλοιπε
1633 1867 1884 1920 Κύῖντον.

315 1959 537 2030 Πέμπει
581 1955 676 2013 οὖν
722 1958 753 2011 6
802 1961 1063 2029 βασιλεὺς
1117 1961 1262 2014 κατὰ
1305 1962 1587 2032 Μακρίνου
1638 1961 1735 2013 καὶ
1766 1959 1889 2013 Μα-

309 2051 538 2123 κριανοῦ
596 2052 690 2106 τοῦ
744 2052 864 2105 υίοῦ
921 2052 1087 2106 αὐτοῦ
1137 2054 1231 2107 τὸν
1262 2053 1548 2123 Αὺρίολον,
1609 2052 1749 2123 μετὰ
1793 2053 1890 2106 καὶ

313 2143 642 2215 στρατηγῶν
663 2144 892 2215 ἑτέρων·
923 2146 1017 2198 καὶ
1073 2144 1482 2216 προσμίξαντες
1517 2146 1723 2209 αὐτοῖς,
1757 2143 1888 2198 ἐκύ-

310 2238 529 2291 κλωσαν
573 2238 738 2306 σφᾶς,
789 2239 885 2290 καί
934 2254 1086 2302 τινας
1138 2240 1373 2294 ἀνεῖλον.
1440 2236 1747 2306 Ἐφείδοντο
1779 2233 1888 2307 γὰρ

310 2329 494 2384 αὐτῶν
519 2331 596 2393 ὼς
621 2331 926 2401 ὁμογενῶν,
978 2331 1077 2384 καίΙ
1115 2331 1346 2401 ῆλπιζον
1398 2331 1743 2403 προσρυῆναι
1783 2328 1886 2381 αὑ-

307 2423 435 2487 τοὺς
481 2423 559 2494 τῷ
601 2422 829 2493 βασιλεῖ·
885 2425 1086 2476 ἐκεῖνοι
1124 2421 1171 2477 δ’
1219 2423 1320 2476 οὐκ
1363 2421 1654 2486 ἐνεδίδουν,
1715 2423 1779 2472 ὲκ
1827 2417 1887 2471 δέ

307 2531 452 2577 τινος
527 2514 752 2585 τυχαίου
818 2513 1178 2582 συμϐάματος
1241 2514 1483 2576 ἅπαντες
1544 2512 1623 2582 τῷ
1679 2510 1890 2581 βασιλεῖ

310 2607 770 2678 προσεχώρησαν.
821 2609 1141 2672 Βαδίζοντες
1168 2607 1277 2678 γὰρ
1305 2607 1355 2661 οἱ
1387 2606 1516 2678 περὶ
1542 2607 1668 2669 τοὺς
1690 2621 1891 2675 τυραν-

309 2700 536 2764 νυῦντας
595 2701 786 2771 ὀρθίας
827 2700 926 2762 τὰς
973 2699 1217 2770 σημαίας
1250 2700 1489 2769 ἀνεῖχον.
1541 2692 1634 2760 Εἷς
1666 2698 1723 2751 δὲ
1777 2697 1888 2751 τῶν

311 2793 552 2861 σημαίας
603 2793 879 2864 φερόντων
926 2794 986 2846 έν
1041 2792 1121 2862 τῷ
1180 2791 1421 2862 βαδίζειν
1499 2789 1889 2855 συμποδισθεὶς

309 2887 590 2949 πέπτωκε,
642 2887 735 2939 καὶ
787 2887 821 2957 ή
882 2883 1095 2955 σημαία
1154 2884 1364 2937 ἐκείνου
1399 2885 1659 2946 πεσόντος
1711 2885 1886 2954 κατή-

315 2994 492 3031 νεκτο.
560 2977 782 3040 ’ἰδόντες
834 2975 928 3030 οὖν
981 2976 1032 3027 οί
1093 2975 1275 3028 λοιποὶ
1316 2976 1431 3030 ὅσοι
1484 2976 1584 3039 τὰς
1648 2976 1889 3044 σημαίας

313 3069 532 3140 ἔφερον,
567 3071 674 3139 τὴν
723 3068 1030 3123 κλινθεῖσαν
1079 3070 1342 3140 σημαίαν,
1379 3068 1475 3120 καὶ
1522 3067 1888 3137 ἀγνοήσαντες

1986 580 2184 636 Persas
2215 584 2426 648 relicto,
2465 586 2726 656 adjuncto
2760 586 2926 640 etiam
2972 587 3176 652 Quinto
3207 591 3341 644 lilio.
3382 593 3566 658 Quale

1987 673 2286 743 imperator
2305 677 2604 732 Aureolum
2638 693 2763 733 cum
2793 679 2919 734 aliis
2948 679 3187 735 ducibus
3221 693 3414 737 contra
3443 686 3564 738 Ma-

1987 765 2200 820 crinum
2258 776 2314 822 et
2348 768 2683 824 Macrianum
2724 772 2875 825 misit
2930 788 2946 825 :
2989 773 3083 841 qui
3126 772 3283 828 hoste
3329 776 3567 829 circuni~

1984 867 2153 913 vento
2208 861 2505 916 nonnullos
2555 862 2880 917 occiderunt
2920 864 3241 931 (parcebant
3273 866 3421 919 enim
3457 870 3564 930 eis,

1985 951 2429 1020 utp0pularibus
2458 953 2596 1024 suis)
2627 963 2935 1023 sperantes,
2962 969 3061 1010 eos
3104 955 3250 1010 ultro
3289 957 3355 1010 ad
3394 957 3566 1027 impe-

1986 1053 2224 1099 ratorem
2297 1048 2666 1103 transituros.
2727 1047 2833 1103 Sed
2895 1064 3023 1104 cum
3092 1065 3203 1104 non
3265 1051 3569 1118 cedert-nt,

1986 1138 2215 1194 fortuito
2261 1140 2486 1207 accidit,
2539 1151 2600 1197 ut
2647 1157 2839 1198 omnes
2889 1143 2956 1196 ad
3012 1142 3248 1198 officium
3300 1145 3566 1200 redirent.

1986 1227 2119 1281 bam
2143 1227 2272 1282 dum
2288 1237 2644 1300 tyrannorum
2658 1232 2861 1288 milites
2873 1233 3076 1290 erectis
3091 1235 3264 1304 signis
3284 1235 3567 1299 incedunt,

1985 1318 2206 1386 quidam
2237 1334 2305 1374 ex
2334 1320 2612 1391 signiferis
2638 1323 2936 1394 impeditus
2965 1327 3209 1380 concidit
3241 1345 3253 1381 :
3289 1326 3560 1395 signoque

1985 1421 2094 1460 una
2140 1407 2427 1476 inclinato,
2458 1413 2660 1481 reliqui
2707 1414 2954 1485 signiferi
3002 1431 3184 1472 causa:
3224 1417 3422 1488 ignari,
3466 1434 3572 1488 pu-

1987 1508 2166 1556 tantes
2203 1503 2358 1557 illum
2393 1504 2537 1560 ultro
2568 1506 2730 1577 633
2769 1523 2828 1562 se
2857 1509 3174 1578 imperatori
3214 1511 3570 1579 submisisse,

1985 1591 2143 1647 humi
2193 1598 2458 1663 prostrati
2504 1612 2697 1652 omnes
2747 1599 2889 1653 idem
2943 1603 3218 1665 fecerunt,
3275 1602 3568 1660 Galienum

1985 1681 2185 1739 faustis
2217 1687 2494 1742 ominibus
2517 1699 2916 1758 prosequentes
2945 1708 2961 1754 ς
3004 1708 3185 1762 neque
3224 1695 3344 1756 ulli,
3371 1708 3570 1766 praeter

1988 1774 2233 1842 Paaones,
2252 1778 2396 1846 apud
2411 1778 2711 1833 Macrinum
2739 1793 3078 1838 manserunt.
3100 1785 3202 1850 Qui
3231 1802 3354 1840 cum
3381 1797 3436 1841 et
3463 1789 3568 1858 ipsi

1994 1867 2274 1922 transituri
2304 1877 2509 1934 essent,
2541 1870 2784 1926 Macrino
2804 1883 2858 1927 et
2890 1873 3024 1938 lilio,
3059 1875 3304 1944 ipsorum
3341 1888 3566 1946 rogatu,

1991 1973 2061 2014 ne
2120 1959 2177 2015 in
2234 1961 2476 2015 hostium
2528 1971 2858 2031 potestatem
2906 1966 3180 2031 venirent,
3238 1968 3566 2034 interfectis,

1992 2050 2314 2121 imperatori
2368 2067 2427 2108 se
2477 2052 2835 2109 dediderunt.
2890 2055 3152 2113 Galienus
3197 2075 3332 2114 vero
3375 2070 3570 2117 contra

1990 2142 2276 2210 Quintum,
2303 2144 2578 2215 juniorem
2609 2147 2830 2201 Macrini
2866 2146 3060 2215 filium,
3091 2150 3185 2220 qui
3217 2159 3392 2206 totum
3425 2168 3568 2223 pene

1989 2233 2270 2289 Orientem
2321 2235 2653 2305 subegerat,
2707 2226 3018 2293 Odenatum
3083 2239 3566 2312 l’alamyrenorum

1989 2323 2184 2378 ducem
2233 2325 2404 2379 misit.
2461 2325 2662 2380 Verum
2723 2327 2952 2382 Macrini
2987 2339 3043 2384 et
3094 2329 3357 2386 Macriani
3411 2332 3568 2388 clade

1988 2413 2303 2469 Pannonica
2357 2416 2634 2481 nuntiata,
2685 2421 2876 2473 multa;
2939 2418 3109 2475 urbes
3167 2435 3197 2474 a
3253 2421 3460 2487 Quinto
3510 2431 3569 2478 et

1987 2505 2192 2560 Balista
2208 2507 2548 2562 defecerunt.
2565 2508 2714 2574 Quos
2733 2508 3014 2566 Odenatus
3027 2511 3236 2567 Emesa:
3252 2529 3563 2584 aggressus.

1988 2599 2164 2665 vicit;
2214 2613 2278 2653 ac
2320 2598 2580 2653 Balistam
2632 2599 2750 2669 ipse
2803 2602 3029 2668 occidit,
3083 2601 3346 2670 Quintum
3394 2605 3564 2660 cives.

1985 2687 2106 2756 Qua
2141 2690 2207 2744 de
2235 2706 2402 2746 causa
2443 2691 2498 2747 in
2542 2695 2622 2748 rei
2669 2696 2892 2750 fortiter
2916 2702 3084 2765 gestae
3132 2697 3418 2765 praemium
3455 2697 3567 2752 dux

1991 2783 2160 2840 totius
2195 2783 2438 2840 Orientis
2467 2786 2535 2840 ab
2571 2787 2902 2856 imperatore
2952 2787 3295 2858 designatus,
3343 2789 3564 2844 ﬁdelem

1988 2892 2048 2934 se
2076 2893 2206 2948 erga
2229 2878 2507 2932 Romanos
2537 2878 2770 2947 praebuit
2796 2896 2810 2932 :
2846 2894 3152 2950 magnaque
3175 2889 3330 2950 parta
3365 2882 3561 2951 gloria.

1987 2972 2167 3024 varias
2201 2980 2392 3040 gentes
2427 2989 2440 3025 :
2473 2973 2660 3026 multis
2693 2970 2852 3026 bellis
2882 2970 3104 3035 devicit,
3139 2981 3328 3026 contra
3366 2972 3564 3029 Persas

1989 3061 2155 3116 etiam
2183 3077 2241 3116 re
2271 3061 2410 3116 bene
2449 3072 2619 3132 gesta.
2665 3061 2773 3116 Sed
2807 3061 3025 3117 tandem
3054 3077 3085 3116 a
3108 3062 3295 3128 fratris
3327 3064 3414 3118 sui
3452 3064 3565 3118 lilio

305 3161 457 3224 ὅπως
506 3159 688 3232 ἐκείνη
732 3160 998 3227 ἐκέκλιτο,
1055 3161 1325 3214 ὑπέλαϐον
1375 3158 1487 3231 (76)
1542 3158 1738 3212 ἑκόντα
1795 3156 1885 3212 τὸν

1991 3164 2076 3209 est
2105 3155 2340 3210 occisus.
2364 3156 2466 3221 Qui
2503 3170 2627 3210 cum
2662 3155 2719 3209 in
2743 3155 3037 3210 venatione
3061 3153 3298 3209 belluam
3333 3170 3565 3226 surgen-

311 3251 528 3320 ταὺτην
568 3250 876 3317 κατέχοντα
914 3250 1187 3304 ἐπικλῖναι
1231 3251 1400 3319 αὐτὴν
1425 3247 1504 3319 τῷ
1559 3247 1770 3319 βασιλεῖ
1795 3263 1885 3317 με-

1992 3254 2101 3298 tam
2141 3245 2292 3312 prior
2319 3245 2520 3299 emisso
2543 3245 2728 3315 jacnlo
2755 3243 3063 3315 dejecisset,
3095 3261 3271 3315 eaque
3299 3246 3366 3301 de
3390 3261 3560 3303 causa

309 3337 629 3406 ταθέμενον.
682 3339 793 3390 Καὶ
840 3339 1040 3390 αὐτίκα
1079 3340 1325 3392 κάκεῖνοι
1359 3339 1540 3402 πάσας
1576 3337 1888 3404 κεκλίκασι,

310 3428 404 3481 καὶ
444 3427 824 3499 προσούδισαν,
850 3430 944 3483 καὶ
970 3427 1062 3482 τδν
1093 3429 1355 3499 Γαλιηνὸν
1378 3430 1727 3500 εὐφήμησαν,
1784 3430 1853 3499 μό
1871 3461 1883 3470 -

310 3536 417 3573 νων
457 3519 568 3574 τῶν
625 3519 872 3574 Παιόνων
932 3520 1395 3592 περιλειφθέντων
1446 3525 1557 3585 τοῖς
1603 3521 1734 3592 περὶ
1795 3521 1888 3576 τὸν

308 3610 614 3681 Μακρῖνον.
648 3607 782 3665 Εἶτα
835 3613 1109 3666 κάκείνων
1136 3611 1470 3681 μεταθέσθαι
1518 3612 1880 3683 βουλομένων,

308 3703 338 3752 ὁ
369 3705 650 3771 Μακρῖνος
677 3706 775 3758 σὺν
803 3705 880 3775 τῷ
907 3704 1010 3776 υίῷ
1054 3704 1221 3760 αὑτοῦ
1257 3705 1333 3775 μὴ
1377 3705 1630 3759 ἐκδοῦναι
1684 3705 1884 3768 αὐτοὺς

312 3793 496 3848 αὐτῶν
553 3794 879 3868 ἐδεήθησαν,
908 3797 1022 3850 ἁλλ’
1051 3797 1260 3850 ἀνελεῖν
1286 3798 1556 3867 πρότερον
1609 3799 1752 3866 σφᾶς
1790 3799 1884 3852 καὶ

307 3886 453 3940 οὕτω
498 3891 894 3960 προσχωρῆσαι
963 3889 1042 3958 τῷ
1072 3888 1318 3958 βασιλεῖ’
1359 3889 1388 3942 δ
1435 3891 1804 3960 πεποιηκότες
1833 3893 1884 3946 oi

309 3981 538 4043 Παίονες
599 3981 926 4049 παρέδωκαν
982 3981 1230 4044 ἑαυτούς.
1290 3981 1522 4045 Κύῖντός
1586 3999 1652 4050 γε
1707 3985 1814 4056 μὴν
1854 3995 1885 4047 ὁ

1987 3349 2020 3388 a
2049 3344 2245 3404 patruo
2266 3335 2612 3405 objurgatus,
2635 3335 2838 3390 iterum
2865 3351 2928 3390 ac
2948 3336 3112 3391 tertio
3133 3335 3279 3391 idem
3303 3337 3560 3392 fecisset:

1985 3424 2266 3481 Odenatus
2312 3427 2506 3492 iratus,
2561 3442 2764 3496 equum
2815 3427 2866 3482 ei
2913 3427 3140 3491 ademit,
3190 3443 3313 3498 qum
3368 3443 3564 3499 magna

1986 3519 2288 3590 ignominia
2335 3519 2573 3575 habetur
2617 3520 2762 3590 apud
2812 3520 3134 3576 Barbaros:
3175 3529 3232 3574 et
3282 3523 3562 3577 hominem

1985 3629 2049 3668 ea
2077 3614 2146 3668 de
2174 3629 2338 3668 causa
2384 3616 2562 3669 minas
2606 3613 2932 3682 Spirantem,
2967 3613 3025 3666 in
3058 3613 3278 3668 vincula
3305 3615 3562 3684 conjecit.

1984 3705 2092 3761 Sed
2128 3717 2315 3775 postea
2368 3715 2559 3776 rogatu
2603 3705 2696 3758 filii
2731 3703 2962 3759 Odenati
2991 3713 3120 3758 natu
3161 3705 3388 3774 majoris
3415 3707 3564 3761 solu-

1987 3806 2096 3863 tus,
2123 3799 2316 3853 stricto
2350 3798 2531 3868 gladio
2563 3797 2741 3866 ipsum
2771 3794 3102 3859 Odenatum,
3138 3805 3194 3849 et
3221 3797 3343 3866 ejus
3382 3797 3558 3851 ﬁlium

1983 3891 2337 3945 liberatorem
2391 3902 2576 3947 suum,
2633 3887 2690 3939 in
2739 3885 2995 3939 convivio
3045 3883 3346 3951 interfecit,
3393 3894 3559 3956 atque

1987 3985 2104 4054 ipse
2137 3985 2303 4038 etiam
2331 3979 2398 4033 ab
2426 3978 2547 4031 aliis
2579 3988 2663 4031 est
2692 3976 2931 4030 occisus.

308 4069 571 4141 νεώτερος
598 4072 691 4124 τοῦ
723 4071 1008 4142 Μακρίνου
1040 4073 1156 4135 υίὸς
1187 4076 1246 4126 ὲν
1271 4075 1337 4143 τῇ
1365 4072 1510 4146 Ἐᾠᾳ
1529 4071 1598 4146 ἦν
1635 4080 1734 4135 σὺν
1762 4085 2055 4158 Boxum”,
2081 4083 2260 4134 πᾶσαν
2293 4074 2463 4140 αὐτὴν
2495 4069 2681 4138 σχεδὸν
2714 4068 3080 4138 πεποιημένος
3107 4066 3198 4136 ὑφ’
3228 4067 3558 4136 ἐαυτόν.Ἐφ

307 4162 407 4226 οὓς
455 4167 483 4219 ό
542 4163 810 4233 Γαλιηνὸς
857 4164 1138 4219 Ὠδέναθον
1188 4164 1453 4233 ἐπεμψεν,
1480 4169 1886 4240 ἡγεμονεύοντα
1922 4180 2030 4234 τῶν
2099 4163 2496 4240 Παλμυρηνῶν.
2535 4161 2646 4230 Τῆς
2675 4161 2847 4231 ἥττης
2902 4159 2959 4212 δὲ
2984 4159 3096 4212 τῶν
3118 4159 3414 4229 Μακρίνων
3457 4161 3559 4229 τῆς

309 4261 453 4315 κατὰ
483 4261 742 4315 Παιονίαν
802 4259 1094 4331 συμδάσης
1148 4261 1514 4334 ἀγγελθείσης
1541 4266 1620 4337 τῷ
1668 4269 1887 4344 Κυῖντφ
1923 4274 2019 4328 καὶ
2077 4269 2154 4339 τῷ
2183 4261 2478 4330 Βαλλίστᾳ,
2507 4257 2700 4310 πολλαὶ⁵
2755 4255 2863 4308 τῶν
2893 4255 2984 4308 ὑπ’
3022 4255 3218 4318 αὐτοὺς
3243 4254 3559 4326 ἀπέστησαν

309 4352 541 4408 πόλεων.
571 4353 633 4405 Οί
666 4349 710 4404 δ’
737 4353 796 4404 ὲν
843 4351 1047 4422 Ἑμέση
1101 4351 1310 4422 διῆγονο
1344 4352 1476 4408 ἔνθα
1540 4359 1833 4429 γενόμενος
1890 4366 1923 4417 d
1973 4359 2191 4416 Ὠδέναθ
2212 4373 2294 4420 ος,
2325 4354 2419 4409 καὶ
2445 4347 2737 4420 συμϐαλὼν
2769 4349 2952 4412 αὐτοῖς
2989 4349 3115 4418 νικᾷ
3146 4364 3161 4380 ο
3201 4346 3296 4401 καὶ
3323 4348 3416 4400 τδν
3459 4347 3560 4417 μὲν

308 4443 612 4502 Βαλλὲσταν
661 4443 824 4508 αὐτὸς
878 4445 1116 4516 ἀναιρεῖ,
1172 4446 1262 4497 τὸν
1313 4444 1370 4498 δὲ
1440 4447 1674 4503 Κόϊντον
1721 4452 1771 4503 οἱ
1821 4453 1922 4523 τῆς
1961 4455 2187 4514 πόλεως.
2261 4444 2540 4501 Ὠδέναθον
2580 4441 2639 4495 δὲ
2699 4441 2799 4510 τῆς
2831 4440 3200 4510 ἀνδραγαθίας
3230 4442 3259 4494 ὁ
3303 4439 3559 4511 βασιλεὺς

311 4540 694 4609 ἀμειϐόμενος,
727 4537 910 4606 πάσης
944 4534 1236 4605 ’Λνατολῆς
1284 4537 1448 4592 αὐτὸν
1499 4547 1927 4615 προεχειρίσατο
1968 4543 2296 4617 στρατηγόν.
2327 4534 2494 4600 Οὗτος
2526 4537 2552 4588 6
2591 4533 2888 4598 Ὠδὲναθος,
2909 4532 3079 4602 μέγας
3123 4533 3432 4601 γενόμενος,
3461 4535 3559 4586 καὶ

324 4634 612 4704 Ῥωμαίοις
645 4634 857 4696 πιστὸς,
880 4633 975 4684 καὶ
1011 4635 1068 4685 ὲν
1118 4630 1335 4694 πολλοῖς
1386 4632 1648 4704 πολέμοις
1691 4639 1964 4709 διαφόρων
2028 4637 2201 4692 ἐθνῶν
2257 4635 2352 4688 καὶ
2410 4630 2532 4684 κατ’
2595 4627 2909 4682 αὐτῶντῶν
2944 4626 3170 4698 Περσῶν
3279 4623 3556 4689 ιστεύσας,

309 4729 622 4780 τελευταῖον
649 4727 754 4779 ὑπὸ
786 4724 879 4778 τοῦ
908 4725 1039 4777 ἰδίου
1067 4723 1458 4793 ἁδελφόπαιδος
1520 4728 1784 4799 ἀνῃρέθη.
1865 4731 1952 4782 Ἐν
1991 4731 2100 4804 γὰρ
2133 4730 2278 4799 θήρᾳ
2304 4726 2382 4795 τῷ
2416 4725 2546 4793 θείῳ
2577 4719 2756 4776 συνὼν
2803 4721 3031 4783 ἐκεῖνος,
3077 4719 3202 4773 ἐπεὶ
3242 4718 3429 4789 θηρίον
3469 4718 3558 4782 ἐξ-

313 4819 490 4889 έθορε,
530 4819 986 4889 προεπεχείρησε,
1014 4817 1228 4872 καὶτὸν
1272 4818 1416 4888 θῆρα
1446 4818 1624 4889 βαλὼν
1655 4822 1869 4875 ἀνεῖλεν
1892 4838 1907 4853 ·
1949 4823 1976 4874 ὁ
2040 4824 2096 4876 δὲ
2136 4819 2414 4882 Ὠδέναθος
2452 4815 2826 4886 ἠγανάκτησε,
2881 4815 2973 4866 καὶ
3018 4813 3281 4882 ἠπείλησε
3328 4811 3404 4882 τῷ
3431 4812 3558 4864 ἁνε-

310 4913 444 4984 ψιῷ.
503 4913 562 4965 Ὀ
590 4912 645 4964 δὲ
696 4913 798 4966 οὐκ
831 4912 1135 4976 ἐπαύσατο,
1186 4912 1322 4966 ἀλλὰ
1353 4915 1448 4967 καὶ
1481 4915 1564 4978 δὶς
1603 4919 1699 4969 καὶ
1755 4919 1876 4987 τρὶς
1917 4917 2077 4970 τοῦτο
2131 4916 2388 4984 ἐποίησε·
2461 4909 2740 4983 ὀργισθεὶς
2767 4911 2795 4963 6
2835 4907 3116 4971 Ὠδέναθος
3164 4908 3415 4977 ἀφείλετο
3465 4907 3555 4962 τὸν

313 5006 480 5058 ἱππον
503 5005 692 5056 αὐτοῦ·
730 5005 888 5057 τοῦτο
910 5005 966 5058 δὲ
1003 5007 1084 5067 είς
1121 5005 1366 5076 μεγάλην
1440 5005 1601 5078 ὓϐριν
1672 5012 1785 5071 τοῖς
1853 5009 2159 5080 Βαρϐάροις
2214 5007 2513 5074 λογίζεται.
2596 5002 2924 5073 Ἀχθόμενος
2983 5002 3165 5055 τοίνυν
3220 5003 3249 5054 6
3317 5002 3553 5066 νεανίας,

310 5102 519 5172 ἠπείλει
547 5100 625 5170 τῷ
653 5098 802 5169 θείῳ·
840 5102 867 5152 ὁ
903 5100 959 5152 δὲ
987 5100 1074 5152 διὰ
1141 5099 1302 5153 τοῦτο
1364 5101 1557 5153 τοῦτον
1620 5101 1945 5171 ἐδέσμησεν.
1988 5101 2120 5156 Εἶτα
2150 5106 2176 5156 ό
2223 5098 2596 5171 πρεσϐύτερος
2641 5099 2751 5150 τῶν
2789 5095 3072 5150 Ὠδενάθου
3135 5095 3270 5149 υἱῶν
3326 5095 3555 5166 λυθῆναι

309 5195 402 5250 τὸν
429 5195 654 5264 δέσμιον
705 5190 800 5244 τὸν
865 5192 1078 5260 πατέρα
1140 5191 1403 5261 ᾐτήσατο·
1488 5191 1744 5253 κάκεῖνος
1795 5190 1998 5257 λυθεὶς,
2086 5193 2509 5261 συμπισιάζοντι
2589 5188 2668 5259 τῷ
2755 5187 3022 5256 Ὧδενάθῳ
3102 5189 3345 5242 ἐπελθὼν
3415 5196 3554 5258 μετὰ

309 5288 517 5359 ξίφους,
549 5287 798 5340 κάκεῖνον
851 5285 1051 5352 ἀνεῖλε,
1097 5284 1192 5338 καὶ
1233 5285 1325 5338 τὸν
1379 5284 1592 5337 ἐκείνου
1623 5284 1760 5349 υἱὸν,
1815 5285 1885 5338 δι’
1918 5280 2091 5356 οὗπερ
2150 5286 2386 5339 ἐλέλυτο.
2437 5281 2708 5354 Ἀνῃρέθη
2739 5281 2796 5334 δὲ
2865 5281 3139 5346 κάκεῖνος,
3179 5281 3342 5336 τινῶν
3370 5283 3552 5336 ἐπιθε-

311 5387 489 5456 μένων
520 5381 689 5451 αὐτῷ.

1480 5490 1687 5552 Var-ite
1730 5490 2043 5552 lectiones
2084 5495 2146 5551 et
2177 5493 2368 5548 nota-3.

380 5601 493 5673 (75)
524 5601 686 5668 Παρὰ
721 5596 1388 5673 ΜακρΙν-,ουηῇριιεηιλιιι
1417 5602 1474 5649 et
1510 5593 1705 5662 filium,
1762 5593 1879 5649 Ma-
1987 5593 2202 5647 dosium
2231 5608 2252 5673 ,ε
2290 5591 2577 5673 Aliquanto
2635 5586 2824 5673 melius
2874 5599 3081 5673 manus
3119 5584 3548 5673 ἔρια-εςοιιεηιμὶι,

307 5653 548 5728 orion—um
579 5653 1150 5739 appellat'i‘rebellius
1178 5653 1367 5739 Pollio.
1629 5733 1644 5739 _
1801 5733 1812 5739 _
1987 5680 2105 5732 qua!
2159 5653 2431 5739 submissis
2488 5656 2824 5739 gregali-unda
2879 5653 3086 5739 τεαίιίίξ
3136 5656 3300 5739 P9155."
3344 5659 3547 5737 υεῖιίητη

381 5724 494 5812 (ἧϐ)
536 5724 990 5812 ’Υἱτὲλαϐον.λ1ι1
1023 5736 1420 5812 enim_sig_num
1452 5743 1573 5788 erat
1612 5733 1876 5812 defectio-
1985 5724 2333 5812 necessitatis,
2358 5738 2466 5812 etcf;
2489 5724 3189 5812 iVi‘dt’.‘"Lglttttttttlnhllib:fit
3219 5743 3232 5790 ;
3261 5725 3545 5812 Q‘rosium,

309 5793 398 5870 nis
433 5793 490 5869 éi
517 5810 836 5868 deditionis.
907 5809 1143 5864 Pacatus
1174 5805 1229 5860 in
1255 5793 1544 5876 ‘Panegyr.
1585 5804 1654 5858 ad
1694 5803 1880 5858 Tlieo-
1986 5804 2086 5858 lib.
2119 5817 2211 5866 vn,
2243 5793 2362 5865 cap.
2399 5796 2468 5852 56
2494 5811 2509 5862 ;
2539 5795 2914 5859 Ammianum,
2940 5793 3040 5850 lib.
3087 5810 3238 5854 xxvn.
3264 5805 3375 5852 etc.
