  <div class='ocr_page' id='page_1' title='image "/cluster/home/n/w/nwhite01/storage/ocr_20150623/134:no.1/coo.31924054870393/545.png"; bbox 0 0 4026 6418; ppageno 0'>
   <div class='ocr_carea' id='block_1_1' title="bbox 1274 330 1287 367">
    <p class='ocr_par' dir='ltr' id='par_1_1' title="bbox 1274 330 1287 367">
     <span class='ocr_line' id='line_1_1' title="bbox 1274 330 1287 367; baseline 0 0"><span class='ocrx_word' id='word_1_1' title='bbox 1274 330 1287 367; x_wconf 66' lang='grc' dir='ltr'><em>Ι</em></span> 
     </span>
    </p>
   </div>
   <div class='ocr_carea' id='block_1_2' title="bbox 442 377 575 443">
    <p class='ocr_par' dir='ltr' id='par_1_2' title="bbox 442 377 575 443">
     <span class='ocr_line' id='line_1_2' title="bbox 442 377 575 443; baseline 0 0"><span class='ocrx_word' id='word_1_2' title='bbox 442 377 575 443; x_wconf 64' lang='grc'><strong>2071</strong></span> 
     </span>
    </p>
   </div>
   <div class='ocr_carea' id='block_1_3' title="bbox 1711 358 2398 425">
    <p class='ocr_par' dir='ltr' id='par_1_3' title="bbox 1711 358 2398 425">
     <span class='ocr_line' id='line_1_3' title="bbox 1711 358 2398 425; baseline -0.012 0"><span class='ocrx_word' id='word_1_3' title='bbox 1711 359 2034 425; x_wconf 77' lang='lat' dir='ltr'><strong>JOANNIS</strong></span> <span class='ocrx_word' id='word_1_4' title='bbox 2074 358 2398 420; x_wconf 65' lang='lat' dir='ltr'><strong>ZONARZE</strong></span> 
     </span>
    </p>
   </div>
   <div class='ocr_carea' id='block_1_4' title="bbox 3571 357 3715 423">
    <p class='ocr_par' dir='ltr' id='par_1_4' title="bbox 3571 357 3715 423">
     <span class='ocr_line' id='line_1_4' title="bbox 3571 357 3715 423; baseline 0 -3"><span class='ocrx_word' id='word_1_5' title='bbox 3571 357 3715 423; x_wconf 67' lang='grc' dir='ltr'><strong>10ῗὲ</strong></span> 
     </span>
    </p>
   </div>
   <div class='ocr_carea' id='block_1_5' title="bbox 450 464 2036 563">
    <p class='ocr_par' dir='ltr' id='par_1_5' title="bbox 450 471 2016 563">
     <span class='ocr_line' id='line_1_5' title="bbox 450 471 2016 563; baseline -0.013 -19"><span class='ocrx_word' id='word_1_6' title='bbox 450 562 453 563; x_wconf 15' lang='grc' dir='ltr'><em>ν</em></span> <span class='ocrx_word' id='word_1_7' title='bbox 506 488 672 543; x_wconf 81' lang='lat' dir='ltr'><strong>XXV.</strong></span> <span class='ocrx_word' id='word_1_8' title='bbox 718 485 923 540; x_wconf 82' lang='lat' dir='ltr'><strong>Deinde</strong></span> <span class='ocrx_word' id='word_1_9' title='bbox 954 482 1229 538; x_wconf 86' lang='lat' dir='ltr'><strong>Aureolus</strong></span> <span class='ocrx_word' id='word_1_10' title='bbox 1260 477 1362 563; x_wconf 86' lang='lat' dir='ltr'><strong>toti</strong></span> <span class='ocrx_word' id='word_1_11' title='bbox 1384 475 1659 547; x_wconf 87' lang='lat' dir='ltr'><strong>equitatui</strong></span> <span class='ocrx_word' id='word_1_12' title='bbox 1702 471 2016 545; x_wconf 65' lang='lat' dir='ltr'><strong>praefectus.</strong></span> 
     </span>
    </p>
   </div>
   <div class='ocr_carea' id='block_1_6' title="bbox 2139 464 3711 563">
    <p class='ocr_par' dir='ltr' id='par_1_6' title="bbox 2196 464 3711 537">
     <span class='ocr_line' id='line_1_6' title="bbox 2196 464 3711 537; baseline 0.001 -16"><span class='ocrx_word' id='word_1_13' title='bbox 2196 467 2333 521; x_wconf 83' lang='lat' dir='ltr'><strong>KE‘.</strong></span> <span class='ocrx_word' id='word_1_14' title='bbox 2372 464 2539 531; x_wconf 79' lang='grc' dir='ltr'><strong>Αὖθις</strong></span> <span class='ocrx_word' id='word_1_15' title='bbox 2565 465 2624 519; x_wconf 78' lang='grc' dir='ltr'><strong>δὲ</strong></span> <span class='ocrx_word' id='word_1_16' title='bbox 2652 465 2819 537; x_wconf 80' lang='grc' dir='ltr'><strong>ἑτέρα</strong></span> <span class='ocrx_word' id='word_1_17' title='bbox 2859 464 3001 519; x_wconf 79' lang='grc' dir='ltr'><strong>κατὰ</strong></span> <span class='ocrx_word' id='word_1_18' title='bbox 3045 465 3142 519; x_wconf 88' lang='grc' dir='ltr'><strong>τοῦ</strong></span> <span class='ocrx_word' id='word_1_19' title='bbox 3187 465 3462 537; x_wconf 79' lang='grc' dir='ltr'><strong>Γαλιηνοῦ</strong></span> <span class='ocrx_word' id='word_1_20' title='bbox 3498 468 3711 524; x_wconf 79' lang='grc' dir='ltr'><strong>ἐπανᾶ-</strong></span> 
     </span>
    </p>
   </div>
   <div class='ocr_carea' id='block_1_7' title="bbox 435 558 2021 650">
    <p class='ocr_par' dir='ltr' id='par_1_7' title="bbox 435 558 2021 650">
     <span class='ocr_line' id='line_1_7' title="bbox 435 558 2021 650; baseline -0.013 -13"><span class='ocrx_word' id='word_1_21' title='bbox 435 562 602 638; x_wconf 86' lang='lat' dir='ltr'><strong>homo</strong></span> <span class='ocrx_word' id='word_1_22' title='bbox 658 589 877 650; x_wconf 87' lang='lat' dir='ltr'><strong>potens,</strong></span> <span class='ocrx_word' id='word_1_23' title='bbox 932 584 1125 630; x_wconf 89' lang='lat' dir='ltr'><strong>contra</strong></span> <span class='ocrx_word' id='word_1_24' title='bbox 1175 558 1465 627; x_wconf 79' lang='lat' dir='ltr'><strong>Galienum</strong></span> <span class='ocrx_word' id='word_1_25' title='bbox 1537 565 1905 623; x_wconf 76' lang='lat' dir='ltr'><strong>insurrexit:</strong></span> <span class='ocrx_word' id='word_1_26' title='bbox 1963 570 2021 629; x_wconf 81' lang='lat' dir='ltr'><strong>et</strong></span> 
     </span>
    </p>
   </div>
   <div class='ocr_carea' id='block_1_8' title="bbox 433 656 2019 736">
    <p class='ocr_par' dir='ltr' id='par_1_8' title="bbox 433 656 2019 736">
     <span class='ocr_line' id='line_1_8' title="bbox 433 656 2019 736; baseline -0.015 -7"><span class='ocrx_word' id='word_1_27' title='bbox 433 672 744 730; x_wconf 81' lang='lat' dir='ltr'><strong>Mediolano</strong></span> <span class='ocrx_word' id='word_1_28' title='bbox 792 676 1085 736; x_wconf 87' lang='lat' dir='ltr'><strong>occupato,</strong></span> <span class='ocrx_word' id='word_1_29' title='bbox 1137 679 1198 719; x_wconf 87' lang='lat' dir='ltr'><strong>se</strong></span> <span class='ocrx_word' id='word_1_30' title='bbox 1230 661 1298 717; x_wconf 88' lang='lat' dir='ltr'><strong>ad</strong></span> <span class='ocrx_word' id='word_1_31' title='bbox 1351 658 1724 715; x_wconf 89' lang='lat' dir='ltr'><strong>invadendum</strong></span> <span class='ocrx_word' id='word_1_32' title='bbox 1778 656 2019 725; x_wconf 83' lang='lat' dir='ltr'><strong>impera—</strong></span> 
     </span>
    </p>
   </div>
   <div class='ocr_carea' id='block_1_9' title="bbox 436 747 2019 833">
    <p class='ocr_par' dir='ltr' id='par_1_9' title="bbox 436 747 2019 833">
     <span class='ocr_line' id='line_1_9' title="bbox 436 747 2019 833; baseline -0.01 -16"><span class='ocrx_word' id='word_1_33' title='bbox 436 774 615 819; x_wconf 90' lang='lat' dir='ltr'><strong>torem</strong></span> <span class='ocrx_word' id='word_1_34' title='bbox 658 761 895 833; x_wconf 89' lang='lat' dir='ltr'><strong>paravit.</strong></span> <span class='ocrx_word' id='word_1_35' title='bbox 923 757 1033 813; x_wconf 88' lang='lat' dir='ltr'><strong>Sed</strong></span> <span class='ocrx_word' id='word_1_36' title='bbox 1064 758 1133 810; x_wconf 91' lang='lat' dir='ltr'><strong>ab</strong></span> <span class='ocrx_word' id='word_1_37' title='bbox 1159 770 1249 818; x_wconf 91' lang='lat' dir='ltr'><strong>eo,</strong></span> <span class='ocrx_word' id='word_1_38' title='bbox 1292 753 1482 808; x_wconf 86' lang='lat' dir='ltr'><strong>multis</strong></span> <span class='ocrx_word' id='word_1_39' title='bbox 1513 764 1741 806; x_wconf 90' lang='lat' dir='ltr'><strong>suorum</strong></span> <span class='ocrx_word' id='word_1_40' title='bbox 1773 747 2019 810; x_wconf 87' lang='lat' dir='ltr'><strong>amissis,</strong></span> 
     </span>
    </p>
   </div>
   <div class='ocr_carea' id='block_1_10' title="bbox 435 837 2023 918">
    <p class='ocr_par' dir='ltr' id='par_1_10' title="bbox 435 837 2023 918">
     <span class='ocr_line' id='line_1_10' title="bbox 435 837 2023 918; baseline -0.012 -9"><span class='ocrx_word' id='word_1_41' title='bbox 435 864 493 909; x_wconf 89' lang='lat' dir='ltr'><strong>et</strong></span> <span class='ocrx_word' id='word_1_42' title='bbox 530 853 762 907; x_wconf 83' lang='lat' dir='ltr'><strong>vulnere</strong></span> <span class='ocrx_word' id='word_1_43' title='bbox 802 858 1052 918; x_wconf 87' lang='lat' dir='ltr'><strong>accepto,</strong></span> <span class='ocrx_word' id='word_1_44' title='bbox 1100 843 1477 900; x_wconf 82' lang='lat' dir='ltr'><strong>Mediolanum</strong></span> <span class='ocrx_word' id='word_1_45' title='bbox 1519 840 1860 910; x_wconf 84' lang='lat' dir='ltr'><strong>compulsus,</strong></span> <span class='ocrx_word' id='word_1_46' title='bbox 1899 837 2023 891; x_wconf 91' lang='lat' dir='ltr'><strong>ubi-</strong></span> 
     </span>
    </p>
   </div>
   <div class='ocr_carea' id='block_1_11' title="bbox 436 934 2020 1015">
    <p class='ocr_par' dir='ltr' id='par_1_11' title="bbox 436 934 2020 1015">
     <span class='ocr_line' id='line_1_11' title="bbox 436 934 2020 1015; baseline -0.01 -15"><span class='ocrx_word' id='word_1_47' title='bbox 436 961 546 1015; x_wconf 90' lang='lat' dir='ltr'><strong>que</strong></span> <span class='ocrx_word' id='word_1_48' title='bbox 595 945 858 999; x_wconf 89' lang='lat' dir='ltr'><strong>obsessus</strong></span> <span class='ocrx_word' id='word_1_49' title='bbox 914 949 1019 997; x_wconf 90' lang='lat' dir='ltr'><strong>est.</strong></span> <span class='ocrx_word' id='word_1_50' title='bbox 1078 940 1216 995; x_wconf 88' lang='lat' dir='ltr'><strong>Dum</strong></span> <span class='ocrx_word' id='word_1_51' title='bbox 1269 950 1453 993; x_wconf 90' lang='lat' dir='ltr'><strong>autem</strong></span> <span class='ocrx_word' id='word_1_52' title='bbox 1508 934 1772 990; x_wconf 89' lang='lat' dir='ltr'><strong>Galienus</strong></span> <span class='ocrx_word' id='word_1_53' title='bbox 1825 938 2020 985; x_wconf 90' lang='lat' dir='ltr'><strong>contra</strong></span> 
     </span>
    </p>
   </div>
   <div class='ocr_carea' id='block_1_12' title="bbox 441 1026 2021 1100">
    <p class='ocr_par' dir='ltr' id='par_1_12' title="bbox 441 1026 2021 1100">
     <span class='ocr_line' id='line_1_12' title="bbox 441 1026 2021 1100; baseline -0.012 -7"><span class='ocrx_word' id='word_1_54' title='bbox 441 1040 630 1093; x_wconf 92' lang='lat' dir='ltr'><strong>hostes</strong></span> <span class='ocrx_word' id='word_1_55' title='bbox 671 1034 1032 1091; x_wconf 83' lang='lat' dir='ltr'><strong>excursiones</strong></span> <span class='ocrx_word' id='word_1_56' title='bbox 1078 1031 1232 1096; x_wconf 80' lang='lat' dir='ltr'><strong>facit,</strong></span> <span class='ocrx_word' id='word_1_57' title='bbox 1264 1026 1607 1100; x_wconf 79' lang='lat' dir='ltr'><strong>imperatrix,</strong></span> <span class='ocrx_word' id='word_1_58' title='bbox 1634 1039 1797 1095; x_wconf 92' lang='lat' dir='ltr'><strong>quam</strong></span> <span class='ocrx_word' id='word_1_59' title='bbox 1832 1036 2021 1077; x_wconf 85' lang='lat' dir='ltr'><strong>secum</strong></span> 
     </span>
    </p>
   </div>
   <div class='ocr_carea' id='block_1_13' title="bbox 439 1109 2022 1193">
    <p class='ocr_par' dir='ltr' id='par_1_13' title="bbox 439 1109 2022 1193">
     <span class='ocr_line' id='line_1_13' title="bbox 439 1109 2022 1193; baseline -0.013 -10"><span class='ocrx_word' id='word_1_60' title='bbox 439 1129 766 1192; x_wconf 73' lang='lat' dir='ltr'><strong>adduxerat,</strong></span> <span class='ocrx_word' id='word_1_61' title='bbox 810 1125 867 1178; x_wconf 91' lang='lat' dir='ltr'><strong>in</strong></span> <span class='ocrx_word' id='word_1_62' title='bbox 917 1122 1164 1193; x_wconf 86' lang='lat' dir='ltr'><strong>periculo</strong></span> <span class='ocrx_word' id='word_1_63' title='bbox 1191 1120 1318 1174; x_wconf 85' lang='lat' dir='ltr'><strong>fuit.</strong></span> <span class='ocrx_word' id='word_1_64' title='bbox 1348 1118 1487 1173; x_wconf 85' lang='lat' dir='ltr'><strong>Nam</strong></span> <span class='ocrx_word' id='word_1_65' title='bbox 1519 1131 1647 1171; x_wconf 90' lang='lat' dir='ltr'><strong>cum</strong></span> <span class='ocrx_word' id='word_1_66' title='bbox 1684 1114 1872 1167; x_wconf 78' lang='lat' dir='ltr'><strong>hostes</strong></span> <span class='ocrx_word' id='word_1_67' title='bbox 1903 1109 2022 1165; x_wconf 91' lang='lat' dir='ltr'><strong>val-</strong></span> 
     </span>
    </p>
   </div>
   <div class='ocr_carea' id='block_1_14' title="bbox 437 1203 2023 1291">
    <p class='ocr_par' dir='ltr' id='par_1_14' title="bbox 437 1203 2023 1291">
     <span class='ocr_line' id='line_1_14' title="bbox 437 1203 2023 1291; baseline -0.013 -14"><span class='ocrx_word' id='word_1_68' title='bbox 437 1223 552 1278; x_wconf 86' lang='lat' dir='ltr'><strong>lum</strong></span> <span class='ocrx_word' id='word_1_69' title='bbox 580 1239 609 1276; x_wconf 93' lang='lat' dir='ltr'><strong>a</strong></span> <span class='ocrx_word' id='word_1_70' title='bbox 632 1220 823 1291; x_wconf 88' lang='lat' dir='ltr'><strong>paucis</strong></span> <span class='ocrx_word' id='word_1_71' title='bbox 850 1217 1146 1272; x_wconf 87' lang='lat' dir='ltr'><strong>admodum</strong></span> <span class='ocrx_word' id='word_1_72' title='bbox 1178 1213 1448 1268; x_wconf 79' lang='lat' dir='ltr'><strong>militibus</strong></span> <span class='ocrx_word' id='word_1_73' title='bbox 1474 1207 1742 1265; x_wconf 76' lang='lat' dir='ltr'><strong>custodiri</strong></span> <span class='ocrx_word' id='word_1_74' title='bbox 1773 1203 2023 1260; x_wconf 74' lang='lat' dir='ltr'><strong>animad-</strong></span> 
     </span>
    </p>
   </div>
   <div class='ocr_carea' id='block_1_15' title="bbox 437 1301 2019 1380">
    <p class='ocr_par' dir='ltr' id='par_1_15' title="bbox 437 1301 2019 1380">
     <span class='ocr_line' id='line_1_15' title="bbox 437 1301 2019 1380; baseline -0.014 -9"><span class='ocrx_word' id='word_1_75' title='bbox 437 1315 762 1379; x_wconf 80' lang='lat' dir='ltr'><strong>vertissent,</strong></span> <span class='ocrx_word' id='word_1_76' title='bbox 802 1308 1153 1380; x_wconf 85' lang='lat' dir='ltr'><strong>imperatoris</strong></span> <span class='ocrx_word' id='word_1_77' title='bbox 1206 1302 1627 1360; x_wconf 87' lang='lat' dir='ltr'><strong>tabernaculum</strong></span> <span class='ocrx_word' id='word_1_78' title='bbox 1677 1301 2019 1362; x_wconf 87' lang='lat' dir='ltr'><strong>invaserunt,</strong></span> 
     </span>
    </p>
   </div>
   <div class='ocr_carea' id='block_1_16' title="bbox 439 1390 2025 1479">
    <p class='ocr_par' dir='ltr' id='par_1_16' title="bbox 439 1390 2025 1479">
     <span class='ocr_line' id='line_1_16' title="bbox 439 1390 2025 1479; baseline -0.015 -14"><span class='ocrx_word' id='word_1_79' title='bbox 439 1406 810 1479; x_wconf 89' lang='lat' dir='ltr'><strong>imperatricis</strong></span> <span class='ocrx_word' id='word_1_80' title='bbox 865 1401 1142 1472; x_wconf 68' lang='lat' dir='ltr'><strong>rapiendae</strong></span> <span class='ocrx_word' id='word_1_81' title='bbox 1181 1414 1369 1454; x_wconf 89' lang='lat' dir='ltr'><strong>causa.</strong></span> <span class='ocrx_word' id='word_1_82' title='bbox 1414 1395 1523 1452; x_wconf 86' lang='lat' dir='ltr'><strong>Sed</strong></span> <span class='ocrx_word' id='word_1_83' title='bbox 1584 1393 1744 1448; x_wconf 89' lang='lat' dir='ltr'><strong>miles</strong></span> <span class='ocrx_word' id='word_1_84' title='bbox 1799 1390 2025 1460; x_wconf 88' lang='lat' dir='ltr'><strong>quidam</strong></span> 
     </span>
    </p>
   </div>
   <div class='ocr_carea' id='block_1_17' title="bbox 438 1483 2019 1572">
    <p class='ocr_par' dir='ltr' id='par_1_17' title="bbox 438 1483 2019 1572">
     <span class='ocr_line' id='line_1_17' title="bbox 438 1483 2019 1572; baseline -0.012 -18"><span class='ocrx_word' id='word_1_85' title='bbox 438 1497 745 1572; x_wconf 84' lang='lat' dir='ltr'><strong>gregarius,</strong></span> <span class='ocrx_word' id='word_1_86' title='bbox 784 1494 880 1565; x_wconf 91' lang='lat' dir='ltr'><strong>qui</strong></span> <span class='ocrx_word' id='word_1_87' title='bbox 911 1500 1040 1548; x_wconf 86' lang='lat' dir='ltr'><strong>ante</strong></span> <span class='ocrx_word' id='word_1_88' title='bbox 1067 1488 1487 1545; x_wconf 84' lang='lat' dir='ltr'><strong>tabernaculum</strong></span> <span class='ocrx_word' id='word_1_89' title='bbox 1516 1486 1742 1550; x_wconf 87' lang='lat' dir='ltr'><strong>sedens,</strong></span> <span class='ocrx_word' id='word_1_90' title='bbox 1768 1483 2019 1538; x_wconf 87' lang='lat' dir='ltr'><strong>calceum</strong></span> 
     </span>
    </p>
   </div>
   <div class='ocr_carea' id='block_1_18' title="bbox 440 1577 2026 1663">
    <p class='ocr_par' dir='ltr' id='par_1_18' title="bbox 440 1577 2026 1663">
     <span class='ocr_line' id='line_1_18' title="bbox 440 1577 2026 1663; baseline -0.011 -15"><span class='ocrx_word' id='word_1_91' title='bbox 440 1592 581 1663; x_wconf 80' lang='lat' dir='ltr'><strong>pede</strong></span> <span class='ocrx_word' id='word_1_92' title='bbox 629 1590 938 1644; x_wconf 90' lang='lat' dir='ltr'><strong>detractum</strong></span> <span class='ocrx_word' id='word_1_93' title='bbox 971 1582 1137 1655; x_wconf 59' lang='lat' dir='ltr'><strong>63h.</strong></span> <span class='ocrx_word' id='word_1_94' title='bbox 1189 1580 1495 1638; x_wconf 90' lang='lat' dir='ltr'><strong>consuebat</strong></span> <span class='ocrx_word' id='word_1_95' title='bbox 1524 1596 1538 1633; x_wconf 89' lang='lat'><strong>:</strong></span> <span class='ocrx_word' id='word_1_96' title='bbox 1568 1587 1791 1649; x_wconf 87' lang='lat' dir='ltr'><strong>arrepto</strong></span> <span class='ocrx_word' id='word_1_97' title='bbox 1831 1577 2026 1649; x_wconf 88' lang='lat' dir='ltr'><strong>clypeo</strong></span> 
     </span>
    </p>
   </div>
   <div class='ocr_carea' id='block_1_19' title="bbox 439 1672 2026 1757">
    <p class='ocr_par' dir='ltr' id='par_1_19' title="bbox 439 1672 2026 1757">
     <span class='ocr_line' id='line_1_19' title="bbox 439 1672 2026 1757; baseline -0.013 -15"><span class='ocrx_word' id='word_1_98' title='bbox 439 1697 496 1743; x_wconf 87' lang='lat' dir='ltr'><strong>et</strong></span> <span class='ocrx_word' id='word_1_99' title='bbox 528 1684 788 1757; x_wconf 82' lang='lat' dir='ltr'><strong>pugione,</strong></span> <span class='ocrx_word' id='word_1_100' title='bbox 821 1681 875 1736; x_wconf 91' lang='lat' dir='ltr'><strong>in</strong></span> <span class='ocrx_word' id='word_1_101' title='bbox 915 1694 1013 1736; x_wconf 88' lang='lat' dir='ltr'><strong>eos</strong></span> <span class='ocrx_word' id='word_1_102' title='bbox 1052 1676 1320 1733; x_wconf 80' lang='lat' dir='ltr'><strong>ferociter</strong></span> <span class='ocrx_word' id='word_1_103' title='bbox 1368 1672 1560 1737; x_wconf 86' lang='lat' dir='ltr'><strong>irruit,</strong></span> <span class='ocrx_word' id='word_1_104' title='bbox 1605 1681 1664 1727; x_wconf 90' lang='lat' dir='ltr'><strong>et</strong></span> <span class='ocrx_word' id='word_1_105' title='bbox 1708 1686 1820 1725; x_wconf 91' lang='lat' dir='ltr'><strong>uno</strong></span> <span class='ocrx_word' id='word_1_106' title='bbox 1860 1678 2026 1738; x_wconf 88' lang='lat' dir='ltr'><strong>atque</strong></span> 
     </span>
    </p>
   </div>
   <div class='ocr_carea' id='block_1_20' title="bbox 440 1763 2026 1847">
    <p class='ocr_par' dir='ltr' id='par_1_20' title="bbox 440 1763 2026 1847">
     <span class='ocr_line' id='line_1_20' title="bbox 440 1763 2026 1847; baseline -0.013 -13"><span class='ocrx_word' id='word_1_107' title='bbox 440 1780 613 1834; x_wconf 90' lang='lat' dir='ltr'><strong>altero</strong></span> <span class='ocrx_word' id='word_1_108' title='bbox 649 1788 930 1847; x_wconf 88' lang='lat' dir='ltr'><strong>percusso,</strong></span> <span class='ocrx_word' id='word_1_109' title='bbox 960 1779 1191 1826; x_wconf 82' lang='lat' dir='ltr'><strong>caeteros</strong></span> <span class='ocrx_word' id='word_1_110' title='bbox 1230 1768 1378 1822; x_wconf 90' lang='lat' dir='ltr'><strong>illius</strong></span> <span class='ocrx_word' id='word_1_111' title='bbox 1412 1764 1640 1821; x_wconf 82' lang='lat' dir='ltr'><strong>audacia</strong></span> <span class='ocrx_word' id='word_1_112' title='bbox 1674 1763 1894 1817; x_wconf 91' lang='lat' dir='ltr'><strong>territos</strong></span> <span class='ocrx_word' id='word_1_113' title='bbox 1936 1775 2026 1815; x_wconf 87' lang='lat' dir='ltr'><strong>re-</strong></span> 
     </span>
    </p>
   </div>
   <div class='ocr_carea' id='block_1_21' title="bbox 2131 558 3720 635">
    <p class='ocr_par' dir='ltr' id='par_1_21' title="bbox 2131 558 3720 635">
     <span class='ocr_line' id='line_1_21' title="bbox 2131 558 3720 635; baseline 0.003 -24"><span class='ocrx_word' id='word_1_114' title='bbox 2131 576 2325 622; x_wconf 88' lang='grc' dir='ltr'><strong>στασις</strong></span> <span class='ocrx_word' id='word_1_115' title='bbox 2360 560 2610 627; x_wconf 87' lang='grc' dir='ltr'><strong>γέγονεν,</strong></span> <span class='ocrx_word' id='word_1_116' title='bbox 2663 559 2732 629; x_wconf 81' lang='grc' dir='ltr'><strong>ἢν</strong></span> <span class='ocrx_word' id='word_1_117' title='bbox 2781 558 3046 629; x_wconf 81' lang='grc' dir='ltr'><strong>Αύρίολος</strong></span> <span class='ocrx_word' id='word_1_118' title='bbox 3093 562 3489 630; x_wconf 83' lang='grc' dir='ltr'><strong>συνεστήσατο,</strong></span> <span class='ocrx_word' id='word_1_119' title='bbox 3531 564 3720 635; x_wconf 81' lang='grc' dir='ltr'><strong>πάσης</strong></span> 
     </span>
    </p>
   </div>
   <div class='ocr_carea' id='block_1_22' title="bbox 2118 650 3721 727">
    <p class='ocr_par' dir='ltr' id='par_1_22' title="bbox 2118 650 3721 727">
     <span class='ocr_line' id='line_1_22' title="bbox 2118 650 3721 727; baseline 0.004 -23"><span class='ocrx_word' id='word_1_120' title='bbox 2118 650 2307 719; x_wconf 76' lang='grc' dir='ltr'><strong>ἄρχων</strong></span> <span class='ocrx_word' id='word_1_121' title='bbox 2360 650 2461 719; x_wconf 81' lang='grc' dir='ltr'><strong>τῆς</strong></span> <span class='ocrx_word' id='word_1_122' title='bbox 2494 651 2668 704; x_wconf 81' lang='grc' dir='ltr'>ἵππου</span> <span class='ocrx_word' id='word_1_123' title='bbox 2722 652 2821 705; x_wconf 77' lang='grc' dir='ltr'><strong>καὶ</strong></span> <span class='ocrx_word' id='word_1_124' title='bbox 2880 652 3029 721; x_wconf 97' lang='grc' dir='ltr'><strong>μέγα</strong></span> <span class='ocrx_word' id='word_1_125' title='bbox 3086 652 3422 723; x_wconf 72' lang='grc' dir='ltr'><strong>δυνάμενος⁸</strong></span> <span class='ocrx_word' id='word_1_126' title='bbox 3473 655 3558 719; x_wconf 84' lang='grc' dir='ltr'><strong>ὃς.</strong></span> <span class='ocrx_word' id='word_1_127' title='bbox 3615 657 3721 727; x_wconf 81' lang='grc' dir='ltr'><strong>τὴν</strong></span> 
     </span>
    </p>
   </div>
   <div class='ocr_carea' id='block_1_23' title="bbox 2121 743 3722 821">
    <p class='ocr_par' dir='ltr' id='par_1_23' title="bbox 2121 743 3722 821">
     <span class='ocr_line' id='line_1_23' title="bbox 2121 743 3722 821; baseline 0.005 -25"><span class='ocrx_word' id='word_1_128' title='bbox 2121 743 2279 796; x_wconf 78' lang='grc' dir='ltr'><strong>πόλιν</strong></span> <span class='ocrx_word' id='word_1_129' title='bbox 2309 743 2379 797; x_wconf 80' lang='grc' dir='ltr'><strong>τὰ</strong></span> <span class='ocrx_word' id='word_1_130' title='bbox 2401 743 2713 798; x_wconf 87' lang='grc' dir='ltr'><strong>Μεδιόλανα</strong></span> <span class='ocrx_word' id='word_1_131' title='bbox 2738 744 3058 815; x_wconf 86' lang='grc' dir='ltr'><strong>κατασχὼν,</strong></span> <span class='ocrx_word' id='word_1_132' title='bbox 3081 746 3419 816; x_wconf 75' lang='grc' dir='ltr'><strong>ἡτοιμάζετο</strong></span> <span class='ocrx_word' id='word_1_133' title='bbox 3439 749 3722 821; x_wconf 84' lang='grc' dir='ltr'><strong>συμμίξαι</strong></span> 
     </span>
    </p>
   </div>
   <div class='ocr_carea' id='block_1_24' title="bbox 2121 834 3721 910">
    <p class='ocr_par' dir='ltr' id='par_1_24' title="bbox 2121 834 3721 910">
     <span class='ocr_line' id='line_1_24' title="bbox 2121 834 3721 910; baseline 0.006 -24"><span class='ocrx_word' id='word_1_134' title='bbox 2121 834 2202 904; x_wconf 86' lang='grc' dir='ltr'><strong>τῷ</strong></span> <span class='ocrx_word' id='word_1_135' title='bbox 2253 834 2491 905; x_wconf 77' lang='grc' dir='ltr'><strong>βασιλεῖ.</strong></span> <span class='ocrx_word' id='word_1_136' title='bbox 2558 835 2765 890; x_wconf 84' lang='grc' dir='ltr'><strong>Ἐλθὼν</strong></span> <span class='ocrx_word' id='word_1_137' title='bbox 2812 836 2871 890; x_wconf 90' lang='grc' dir='ltr'><strong>δέ</strong></span> <span class='ocrx_word' id='word_1_138' title='bbox 2913 839 3168 900; x_wconf 86' lang='grc' dir='ltr'><strong>κάκεῖνος</strong></span> <span class='ocrx_word' id='word_1_139' title='bbox 3222 840 3361 909; x_wconf 84' lang='grc' dir='ltr'><strong>μετὰ</strong></span> <span class='ocrx_word' id='word_1_140' title='bbox 3404 841 3721 910; x_wconf 79' lang='grc' dir='ltr'><strong>δυνάμεως,</strong></span> 
     </span>
    </p>
   </div>
   <div class='ocr_carea' id='block_1_25' title="bbox 2123 926 3725 998">
    <p class='ocr_par' dir='ltr' id='par_1_25' title="bbox 2123 926 3725 998">
     <span class='ocr_line' id='line_1_25' title="bbox 2123 926 3725 998; baseline 0.004 -19"><span class='ocrx_word' id='word_1_141' title='bbox 2123 926 2220 979; x_wconf 82' lang='grc' dir='ltr'><strong>καὶ</strong></span> <span class='ocrx_word' id='word_1_142' title='bbox 2272 926 2353 997; x_wconf 84' lang='grc' dir='ltr'><strong>τῷ</strong></span> <span class='ocrx_word' id='word_1_143' title='bbox 2402 927 2764 997; x_wconf 79' lang='grc' dir='ltr'><strong>τυραννοῦντι</strong></span> <span class='ocrx_word' id='word_1_144' title='bbox 2821 928 3275 998; x_wconf 77' lang='grc' dir='ltr'><strong>ἀντιταξάμενος,</strong></span> <span class='ocrx_word' id='word_1_145' title='bbox 3317 931 3552 995; x_wconf 84' lang='grc' dir='ltr'><strong>πολλοὺς</strong></span> <span class='ocrx_word' id='word_1_146' title='bbox 3600 932 3725 985; x_wconf 82' lang='grc' dir='ltr'><strong>τῶν</strong></span> 
     </span>
    </p>
   </div>
   <div class='ocr_carea' id='block_1_26' title="bbox 2122 1019 3725 1095">
    <p class='ocr_par' dir='ltr' id='par_1_26' title="bbox 2122 1019 3725 1095">
     <span class='ocr_line' id='line_1_26' title="bbox 2122 1019 3725 1095; baseline 0.004 -23"><span class='ocrx_word' id='word_1_147' title='bbox 2122 1019 2273 1088; x_wconf 89' lang='grc' dir='ltr'><strong>αύτῷ</strong></span> <span class='ocrx_word' id='word_1_148' title='bbox 2337 1020 2611 1074; x_wconf 79' lang='grc' dir='ltr'><strong>συνόντων</strong></span> <span class='ocrx_word' id='word_1_149' title='bbox 2674 1020 3009 1092; x_wconf 85' lang='grc' dir='ltr'><strong>διέφθειρεν.</strong></span> <span class='ocrx_word' id='word_1_150' title='bbox 3058 1022 3186 1077; x_wconf 88' lang='grc' dir='ltr'><strong>Ὅτε</strong></span> <span class='ocrx_word' id='word_1_151' title='bbox 3238 1025 3335 1076; x_wconf 73' lang='grc' dir='ltr'><strong>καὶ</strong></span> <span class='ocrx_word' id='word_1_152' title='bbox 3369 1025 3398 1077; x_wconf 83' lang='grc' dir='ltr'><strong>ὁ</strong></span> <span class='ocrx_word' id='word_1_153' title='bbox 3451 1024 3725 1095; x_wconf 81' lang='grc' dir='ltr'><strong>Δύρίολος</strong></span> 
     </span>
    </p>
   </div>
   <div class='ocr_carea' id='block_1_27' title="bbox 2124 1110 3726 1187">
    <p class='ocr_par' dir='ltr' id='par_1_27' title="bbox 2124 1110 3726 1187">
     <span class='ocr_line' id='line_1_27' title="bbox 2124 1110 3726 1187; baseline 0.004 -24"><span class='ocrx_word' id='word_1_154' title='bbox 2124 1110 2362 1181; x_wconf 89' lang='grc' dir='ltr'><strong>ἐτρώθη,</strong></span> <span class='ocrx_word' id='word_1_155' title='bbox 2416 1112 2511 1165; x_wconf 78' lang='grc' dir='ltr'><strong>καὶ</strong></span> <span class='ocrx_word' id='word_1_156' title='bbox 2543 1114 2625 1175; x_wconf 86' lang='grc' dir='ltr'><strong>είς</strong></span> <span class='ocrx_word' id='word_1_157' title='bbox 2661 1113 2971 1167; x_wconf 85' lang='grc' dir='ltr'><strong>Μεδιόλανα</strong></span> <span class='ocrx_word' id='word_1_158' title='bbox 3000 1114 3396 1186; x_wconf 79' lang='grc' dir='ltr'><strong>κατεκλείσθη,</strong></span> <span class='ocrx_word' id='word_1_159' title='bbox 3431 1119 3587 1187; x_wconf 79' lang='grc' dir='ltr'><strong>παρὰ</strong></span> <span class='ocrx_word' id='word_1_160' title='bbox 3618 1118 3726 1170; x_wconf 79' lang='grc' dir='ltr'><strong>τοῦ</strong></span> 
     </span>
    </p>
   </div>
   <div class='ocr_carea' id='block_1_28' title="bbox 2126 1204 3726 1283">
    <p class='ocr_par' dir='ltr' id='par_1_28' title="bbox 2126 1204 3726 1283">
     <span class='ocr_line' id='line_1_28' title="bbox 2126 1204 3726 1283; baseline 0.005 -27"><span class='ocrx_word' id='word_1_161' title='bbox 2126 1204 2395 1274; x_wconf 75' lang='grc' dir='ltr'><strong>βασιλέως</strong></span> <span class='ocrx_word' id='word_1_162' title='bbox 2423 1206 2608 1259; x_wconf 85' lang='grc' dir='ltr'><strong>ἐκεῖσε</strong></span> <span class='ocrx_word' id='word_1_163' title='bbox 2661 1207 3150 1280; x_wconf 86' lang='grc' dir='ltr'><strong>πολιορκούμενος.</strong></span> <span class='ocrx_word' id='word_1_164' title='bbox 3187 1209 3296 1263; x_wconf 85' lang='grc' dir='ltr'><strong>Τοῦ</strong></span> <span class='ocrx_word' id='word_1_165' title='bbox 3337 1211 3394 1264; x_wconf 81' lang='grc' dir='ltr'><strong>δέ</strong></span> <span class='ocrx_word' id='word_1_166' title='bbox 3448 1211 3726 1283; x_wconf 75' lang='grc' dir='ltr'><strong>Γαλιηνοῦ</strong></span> 
     </span>
    </p>
   </div>
   <div class='ocr_carea' id='block_1_29' title="bbox 2126 1295 3726 1371">
    <p class='ocr_par' dir='ltr' id='par_1_29' title="bbox 2126 1295 3726 1371">
     <span class='ocr_line' id='line_1_29' title="bbox 2126 1295 3726 1371; baseline 0.004 -24"><span class='ocrx_word' id='word_1_167' title='bbox 2126 1295 2478 1365; x_wconf 79' lang='grc' dir='ltr'><strong>ἐπεκδρομὰς</strong></span> <span class='ocrx_word' id='word_1_168' title='bbox 2516 1298 2854 1368; x_wconf 73' lang='grc' dir='ltr'><strong>ποιουμένου</strong></span> <span class='ocrx_word' id='word_1_169' title='bbox 2899 1300 3046 1352; x_wconf 91' lang='grc' dir='ltr'><strong>κατὰ</strong></span> <span class='ocrx_word' id='word_1_170' title='bbox 3080 1318 3227 1363; x_wconf 85' lang='grc' dir='ltr'><strong>τινας</strong></span> <span class='ocrx_word' id='word_1_171' title='bbox 3259 1301 3371 1353; x_wconf 86' lang='grc' dir='ltr'><strong>τῶν</strong></span> <span class='ocrx_word' id='word_1_172' title='bbox 3414 1302 3726 1371; x_wconf 83' lang='grc' dir='ltr'><strong>πολεμίων,</strong></span> 
     </span>
    </p>
   </div>
   <div class='ocr_carea' id='block_1_30' title="bbox 2128 1387 3726 1466">
    <p class='ocr_par' dir='ltr' id='par_1_30' title="bbox 2128 1387 3726 1466">
     <span class='ocr_line' id='line_1_30' title="bbox 2128 1387 3726 1466; baseline 0.006 -28"><span class='ocrx_word' id='word_1_173' title='bbox 2128 1387 2188 1439; x_wconf 88' lang='grc' dir='ltr'><strong>ἐν</strong></span> <span class='ocrx_word' id='word_1_174' title='bbox 2237 1387 2474 1458; x_wconf 79' lang='grc' dir='ltr'><strong>κινδύνῳ</strong></span> <span class='ocrx_word' id='word_1_175' title='bbox 2509 1388 2641 1442; x_wconf 85' lang='grc' dir='ltr'><strong>ποτέ</strong></span> <span class='ocrx_word' id='word_1_176' title='bbox 2681 1392 2967 1463; x_wconf 81' lang='grc' dir='ltr'><strong>γέγονενή</strong></span> <span class='ocrx_word' id='word_1_177' title='bbox 3019 1391 3348 1462; x_wconf 73' lang='grc' dir='ltr'><strong>βασίλισσαο</strong></span> <span class='ocrx_word' id='word_1_178' title='bbox 3385 1394 3553 1465; x_wconf 82' lang='grc' dir='ltr'><strong>συνῆν</strong></span> <span class='ocrx_word' id='word_1_179' title='bbox 3603 1397 3726 1466; x_wconf 80' lang='grc' dir='ltr'><strong>γὰρ</strong></span> 
     </span>
    </p>
   </div>
   <div class='ocr_carea' id='block_1_31' title="bbox 2126 1476 3729 1555">
    <p class='ocr_par' dir='ltr' id='par_1_31' title="bbox 2126 1476 3729 1555">
     <span class='ocr_line' id='line_1_31' title="bbox 2126 1476 3729 1555; baseline 0.007 -27"><span class='ocrx_word' id='word_1_180' title='bbox 2126 1476 2300 1544; x_wconf 83' lang='grc' dir='ltr'><strong>αὐτῷ.</strong></span> <span class='ocrx_word' id='word_1_181' title='bbox 2350 1477 2439 1539; x_wconf 81' lang='lat'><strong>&#39;0;</strong></span> <span class='ocrx_word' id='word_1_182' title='bbox 2486 1480 2597 1550; x_wconf 80' lang='grc' dir='ltr'><strong>γὰρ</strong></span> <span class='ocrx_word' id='word_1_183' title='bbox 2636 1482 2664 1534; x_wconf 89' lang='grc' dir='ltr'>ὁ</span> <span class='ocrx_word' id='word_1_184' title='bbox 2709 1481 2970 1551; x_wconf 82' lang='grc' dir='ltr'><strong>βασιλεὺς</strong></span> <span class='ocrx_word' id='word_1_185' title='bbox 3008 1483 3357 1555; x_wconf 82' lang='grc' dir='ltr'><strong>ἐπεξέδραμε</strong></span> <span class='ocrx_word' id='word_1_186' title='bbox 3413 1486 3556 1555; x_wconf 85' lang='grc' dir='ltr'><strong>μετὰ</strong></span> <span class='ocrx_word' id='word_1_187' title='bbox 3606 1486 3729 1539; x_wconf 80' lang='grc' dir='ltr'><strong>τῶν</strong></span> 
     </span>
    </p>
   </div>
   <div class='ocr_carea' id='block_1_32' title="bbox 2128 1564 3715 1647">
    <p class='ocr_par' dir='ltr' id='par_1_32' title="bbox 2128 1564 3715 1647">
     <span class='ocr_line' id='line_1_32' title="bbox 2128 1564 3715 1647; baseline 0.01 -31"><span class='ocrx_word' id='word_1_188' title='bbox 2128 1564 2392 1620; x_wconf 83' lang='grc' dir='ltr'><strong>πλειόνων</strong></span> <span class='ocrx_word' id='word_1_189' title='bbox 2416 1572 2795 1640; x_wconf 80' lang='grc' dir='ltr'><strong>στρατιωτῶν,</strong></span> <span class='ocrx_word' id='word_1_190' title='bbox 2849 1572 3025 1641; x_wconf 81' lang='grc' dir='ltr'><strong>ὀλίγοι</strong></span> <span class='ocrx_word' id='word_1_191' title='bbox 3051 1574 3197 1627; x_wconf 84' lang='grc' dir='ltr'><strong>πάνυ</strong></span> <span class='ocrx_word' id='word_1_192' title='bbox 3236 1576 3715 1647; x_wconf 77' lang='grc' dir='ltr'><strong>περιελείφθησαν</strong></span> 
     </span>
    </p>
   </div>
   <div class='ocr_carea' id='block_1_33' title="bbox 2128 1657 3723 1736">
    <p class='ocr_par' dir='ltr' id='par_1_33' title="bbox 2128 1657 3723 1736">
     <span class='ocr_line' id='line_1_33' title="bbox 2128 1657 3723 1736; baseline 0.009 -29"><span class='ocrx_word' id='word_1_193' title='bbox 2128 1657 2260 1726; x_wconf 80' lang='grc' dir='ltr'><strong>περὶ</strong></span> <span class='ocrx_word' id='word_1_194' title='bbox 2285 1657 2344 1711; x_wconf 82' lang='grc' dir='ltr'><strong>τὸ</strong></span> <span class='ocrx_word' id='word_1_195' title='bbox 2373 1660 2710 1729; x_wconf 70' lang='grc' dir='ltr'><strong>χαράκωμα.</strong></span> <span class='ocrx_word' id='word_1_196' title='bbox 2763 1661 2945 1732; x_wconf 85' lang='grc' dir='ltr'><strong>Ὅπερ</strong></span> <span class='ocrx_word' id='word_1_197' title='bbox 2967 1662 3017 1716; x_wconf 76' lang='grc' dir='ltr'><strong>οἱ</strong></span> <span class='ocrx_word' id='word_1_198' title='bbox 3058 1662 3328 1734; x_wconf 64' lang='grc' dir='ltr'><strong>πολέμιοι</strong></span> <span class='ocrx_word' id='word_1_199' title='bbox 3383 1665 3723 1736; x_wconf 80' lang='grc' dir='ltr'><strong>θεασάμενοι</strong></span> 
     </span>
    </p>
   </div>
   <div class='ocr_carea' id='block_1_34' title="bbox 2129 1750 3717 1829">
    <p class='ocr_par' dir='ltr' id='par_1_34' title="bbox 2129 1750 3717 1829">
     <span class='ocr_line' id='line_1_34' title="bbox 2129 1750 3717 1829; baseline 0.006 -25"><span class='ocrx_word' id='word_1_200' title='bbox 2129 1750 2367 1819; x_wconf 76' lang='grc' dir='ltr'><strong>ἐπῆλθον</strong></span> <span class='ocrx_word' id='word_1_201' title='bbox 2388 1754 2453 1821; x_wconf 84' lang='grc' dir='ltr'><strong>τῇ</strong></span> <span class='ocrx_word' id='word_1_202' title='bbox 2484 1752 2579 1805; x_wconf 87' lang='grc' dir='ltr'><strong>τοῦ</strong></span> <span class='ocrx_word' id='word_1_203' title='bbox 2627 1753 2898 1824; x_wconf 80' lang='grc' dir='ltr'><strong>βασιλέως</strong></span> <span class='ocrx_word' id='word_1_204' title='bbox 2923 1758 3130 1827; x_wconf 81' lang='grc' dir='ltr'><strong>σκηνῇ,</strong></span> <span class='ocrx_word' id='word_1_205' title='bbox 3157 1758 3410 1829; x_wconf 79' lang='grc' dir='ltr'><strong>ἁρπάσαι</strong></span> <span class='ocrx_word' id='word_1_206' title='bbox 3470 1761 3717 1813; x_wconf 81' lang='grc' dir='ltr'><strong>διανοού-</strong></span> 
     </span>
    </p>
   </div>
   <div class='ocr_carea' id='block_1_35' title="bbox 443 1836 2036 1941">
    <p class='ocr_par' dir='ltr' id='par_1_35' title="bbox 443 1853 2027 1941">
     <span class='ocr_line' id='line_1_35' title="bbox 443 1853 2027 1941; baseline -0.011 -18"><span class='ocrx_word' id='word_1_207' title='bbox 443 1870 605 1941; x_wconf 83' lang='lat' dir='ltr'><strong>pulit,</strong></span> <span class='ocrx_word' id='word_1_208' title='bbox 643 1868 774 1923; x_wconf 87' lang='lat' dir='ltr'><strong>dum</strong></span> <span class='ocrx_word' id='word_1_209' title='bbox 827 1862 1070 1937; x_wconf 87' lang='lat' dir='ltr'><strong>plurium</strong></span> <span class='ocrx_word' id='word_1_210' title='bbox 1110 1874 1382 1914; x_wconf 80' lang='lat' dir='ltr'><strong>concursu</strong></span> <span class='ocrx_word' id='word_1_211' title='bbox 1432 1858 1631 1927; x_wconf 70' lang='lat' dir='ltr'><strong>coniux</strong></span> <span class='ocrx_word' id='word_1_212' title='bbox 1675 1853 2027 1924; x_wconf 88' lang='lat' dir='ltr'><strong>imperatoris</strong></span> 
     </span>
    </p>
   </div>
   <div class='ocr_carea' id='block_1_36' title="bbox 2139 1836 3721 1941">
    <p class='ocr_par' dir='ltr' id='par_1_36' title="bbox 2139 1842 3721 1922">
     <span class='ocr_line' id='line_1_36' title="bbox 2139 1842 3721 1922; baseline 0.007 -29"><span class='ocrx_word' id='word_1_213' title='bbox 2139 1860 2281 1913; x_wconf 78' lang='grc' dir='ltr'><strong>μενοι</strong></span> <span class='ocrx_word' id='word_1_214' title='bbox 2312 1843 2410 1913; x_wconf 75' lang='grc' dir='ltr'><strong>τὴν</strong></span> <span class='ocrx_word' id='word_1_215' title='bbox 2437 1844 2781 1914; x_wconf 76' lang='grc' dir='ltr'><strong>βασίλισσαν.</strong></span> <span class='ocrx_word' id='word_1_216' title='bbox 2829 1842 2925 1910; x_wconf 80' lang='grc' dir='ltr'><strong>Εἷς</strong></span> <span class='ocrx_word' id='word_1_217' title='bbox 2969 1849 3026 1901; x_wconf 88' lang='grc' dir='ltr'><strong>δέ</strong></span> <span class='ocrx_word' id='word_1_218' title='bbox 3066 1866 3150 1909; x_wconf 88' lang='grc' dir='ltr'><strong>τι;</strong></span> <span class='ocrx_word' id='word_1_219' title='bbox 3177 1849 3287 1903; x_wconf 84' lang='grc' dir='ltr'><strong>τῶν</strong></span> <span class='ocrx_word' id='word_1_220' title='bbox 3348 1850 3721 1922; x_wconf 72' lang='grc' dir='ltr'><strong>ἠμελημένων</strong></span> 
     </span>
    </p>
   </div>
   <div class='ocr_carea' id='block_1_37' title="bbox 441 1945 2026 2030">
    <p class='ocr_par' dir='ltr' id='par_1_37' title="bbox 441 1945 2026 2030">
     <span class='ocr_line' id='line_1_37' title="bbox 441 1945 2026 2030; baseline -0.011 -14"><span class='ocrx_word' id='word_1_221' title='bbox 441 1969 635 2030; x_wconf 87' lang='lat' dir='ltr'><strong>erepta</strong></span> <span class='ocrx_word' id='word_1_222' title='bbox 702 1966 811 2013; x_wconf 89' lang='lat' dir='ltr'><strong>est.</strong></span> <span class='ocrx_word' id='word_1_223' title='bbox 863 1954 984 2020; x_wconf 87' lang='lat' dir='ltr'><strong>Quo</strong></span> <span class='ocrx_word' id='word_1_224' title='bbox 1042 1950 1417 2006; x_wconf 83' lang='lat' dir='ltr'><strong>Mediolanum</strong></span> <span class='ocrx_word' id='word_1_225' title='bbox 1475 1948 1658 2002; x_wconf 87' lang='lat' dir='ltr'><strong>adhuc</strong></span> <span class='ocrx_word' id='word_1_226' title='bbox 1706 1945 2026 2010; x_wconf 85' lang='lat' dir='ltr'><strong>obsidente,</strong></span> 
     </span>
    </p>
   </div>
   <div class='ocr_carea' id='block_1_38' title="bbox 442 2035 2026 2113">
    <p class='ocr_par' dir='ltr' id='par_1_38' title="bbox 442 2035 2026 2113">
     <span class='ocr_line' id='line_1_38' title="bbox 442 2035 2026 2113; baseline -0.011 -7"><span class='ocrx_word' id='word_1_227' title='bbox 442 2050 775 2107; x_wconf 85' lang='lat' dir='ltr'><strong>Aurelianus</strong></span> <span class='ocrx_word' id='word_1_228' title='bbox 818 2060 946 2100; x_wconf 91' lang='lat' dir='ltr'><strong>cum</strong></span> <span class='ocrx_word' id='word_1_229' title='bbox 1005 2040 1306 2113; x_wconf 67' lang='lat' dir='ltr'><strong>equitibus,</strong></span> <span class='ocrx_word' id='word_1_230' title='bbox 1351 2038 1421 2093; x_wconf 88' lang='lat' dir='ltr'><strong>ad</strong></span> <span class='ocrx_word' id='word_1_231' title='bbox 1477 2038 1770 2093; x_wconf 88' lang='lat' dir='ltr'><strong>Galienum</strong></span> <span class='ocrx_word' id='word_1_232' title='bbox 1828 2035 2026 2091; x_wconf 86' lang='lat' dir='ltr'><strong>venit:</strong></span> 
     </span>
    </p>
   </div>
   <div class='ocr_carea' id='block_1_39' title="bbox 443 2132 2028 2217">
    <p class='ocr_par' dir='ltr' id='par_1_39' title="bbox 443 2132 2028 2217">
     <span class='ocr_line' id='line_1_39' title="bbox 443 2132 2028 2217; baseline -0.009 -15"><span class='ocrx_word' id='word_1_233' title='bbox 443 2148 603 2217; x_wconf 82' lang='lat' dir='ltr'><strong>cujus</strong></span> <span class='ocrx_word' id='word_1_234' title='bbox 625 2140 911 2199; x_wconf 86' lang='lat' dir='ltr'><strong>occidendi</strong></span> <span class='ocrx_word' id='word_1_235' title='bbox 948 2138 1241 2193; x_wconf 87' lang='lat' dir='ltr'><strong>consilium</strong></span> <span class='ocrx_word' id='word_1_236' title='bbox 1276 2150 1533 2206; x_wconf 71' lang='lat' dir='ltr'><strong>proceres</strong></span> <span class='ocrx_word' id='word_1_237' title='bbox 1565 2149 1690 2190; x_wconf 88' lang='lat' dir='ltr'><strong>cum</strong></span> <span class='ocrx_word' id='word_1_238' title='bbox 1735 2132 2028 2187; x_wconf 82' lang='lat' dir='ltr'><strong>Aureliano</strong></span> 
     </span>
    </p>
   </div>
   <div class='ocr_carea' id='block_1_40' title="bbox 445 2225 2033 2301">
    <p class='ocr_par' dir='ltr' id='par_1_40' title="bbox 445 2225 2033 2301">
     <span class='ocr_line' id='line_1_40' title="bbox 445 2225 2033 2301; baseline -0.008 -10"><span class='ocrx_word' id='word_1_239' title='bbox 445 2239 501 2291; x_wconf 90' lang='lat' dir='ltr'><strong>in</strong></span> <span class='ocrx_word' id='word_1_240' title='bbox 530 2246 668 2301; x_wconf 91' lang='lat' dir='ltr'><strong>tum,</strong></span> <span class='ocrx_word' id='word_1_241' title='bbox 693 2235 823 2289; x_wconf 88' lang='lat' dir='ltr'><strong>dum</strong></span> <span class='ocrx_word' id='word_1_242' title='bbox 865 2231 1235 2286; x_wconf 81' lang='lat' dir='ltr'><strong>Mediolanum</strong></span> <span class='ocrx_word' id='word_1_243' title='bbox 1268 2236 1581 2297; x_wconf 83' lang='lat' dir='ltr'><strong>caperetur,</strong></span> <span class='ocrx_word' id='word_1_244' title='bbox 1609 2225 1837 2281; x_wconf 66' lang='lat' dir='ltr'><strong>diﬂcrre</strong></span> <span class='ocrx_word' id='word_1_245' title='bbox 1862 2225 2033 2279; x_wconf 83' lang='lat' dir='ltr'><strong>habe-</strong></span> 
     </span>
    </p>
   </div>
   <div class='ocr_carea' id='block_1_41' title="bbox 444 2317 2025 2387">
    <p class='ocr_par' dir='ltr' id='par_1_41' title="bbox 444 2317 2025 2387">
     <span class='ocr_line' id='line_1_41' title="bbox 444 2317 2025 2387; baseline -0.008 -4"><span class='ocrx_word' id='word_1_246' title='bbox 444 2330 577 2384; x_wconf 84' lang='lat' dir='ltr'><strong>bau&#39;.</strong></span> <span class='ocrx_word' id='word_1_247' title='bbox 609 2329 665 2381; x_wconf 92' lang='lat' dir='ltr'><strong>in</strong></span> <span class='ocrx_word' id='word_1_248' title='bbox 710 2325 911 2380; x_wconf 88' lang='lat' dir='ltr'><strong>animo.</strong></span> <span class='ocrx_word' id='word_1_249' title='bbox 960 2322 1069 2378; x_wconf 88' lang='lat' dir='ltr'><strong>Sed</strong></span> <span class='ocrx_word' id='word_1_250' title='bbox 1105 2337 1230 2376; x_wconf 88' lang='lat' dir='ltr'><strong>cmn</strong></span> <span class='ocrx_word' id='word_1_251' title='bbox 1265 2320 1318 2374; x_wconf 89' lang='lat' dir='ltr'><strong>id</strong></span> <span class='ocrx_word' id='word_1_252' title='bbox 1353 2335 1477 2375; x_wconf 89' lang='lat' dir='ltr'><strong>esse</strong></span> <span class='ocrx_word' id='word_1_253' title='bbox 1516 2319 1802 2387; x_wconf 85' lang='lat' dir='ltr'><strong>proditum</strong></span> <span class='ocrx_word' id='word_1_254' title='bbox 1846 2317 2025 2373; x_wconf 78' lang='lat' dir='ltr'><strong>intel-</strong></span> 
     </span>
    </p>
   </div>
   <div class='ocr_carea' id='block_1_42' title="bbox 444 2409 2029 2480">
    <p class='ocr_par' dir='ltr' id='par_1_42' title="bbox 444 2409 2029 2480">
     <span class='ocr_line' id='line_1_42' title="bbox 444 2409 2029 2480; baseline -0.006 -7"><span class='ocrx_word' id='word_1_255' title='bbox 444 2423 730 2480; x_wconf 76' lang='lat' dir='ltr'><strong>lexissent.</strong></span> <span class='ocrx_word' id='word_1_256' title='bbox 768 2415 1055 2471; x_wconf 83' lang='lat' dir='ltr'><strong>maturatis</strong></span> <span class='ocrx_word' id='word_1_257' title='bbox 1099 2413 1337 2480; x_wconf 73' lang='lat' dir='ltr'><strong>insidiis,</strong></span> <span class='ocrx_word' id='word_1_258' title='bbox 1376 2411 1613 2467; x_wconf 86' lang='lat' dir='ltr'><strong>Galieno</strong></span> <span class='ocrx_word' id='word_1_259' title='bbox 1650 2412 1896 2466; x_wconf 83' lang='lat' dir='ltr'><strong>hostium</strong></span> <span class='ocrx_word' id='word_1_260' title='bbox 1928 2409 2029 2464; x_wconf 89' lang='lat' dir='ltr'><strong>ad-</strong></span> 
     </span>
    </p>
   </div>
   <div class='ocr_carea' id='block_1_43' title="bbox 445 2502 2029 2577">
    <p class='ocr_par' dir='ltr' id='par_1_43' title="bbox 445 2502 2029 2577">
     <span class='ocr_line' id='line_1_43' title="bbox 445 2502 2029 2577; baseline -0.004 -12"><span class='ocrx_word' id='word_1_261' title='bbox 445 2523 670 2569; x_wconf 79' lang='lat' dir='ltr'><strong>ventum</strong></span> <span class='ocrx_word' id='word_1_262' title='bbox 701 2511 981 2571; x_wconf 85' lang='lat' dir='ltr'><strong>nuntiant,</strong></span> <span class='ocrx_word' id='word_1_263' title='bbox 1000 2516 1193 2563; x_wconf 88' lang='lat' dir='ltr'><strong>contra</strong></span> <span class='ocrx_word' id='word_1_264' title='bbox 1216 2522 1356 2577; x_wconf 90' lang='lat' dir='ltr'><strong>quos</strong></span> <span class='ocrx_word' id='word_1_265' title='bbox 1381 2506 1460 2560; x_wconf 88' lang='lat' dir='ltr'><strong>illi</strong></span> <span class='ocrx_word' id='word_1_266' title='bbox 1486 2505 1671 2560; x_wconf 85' lang='lat' dir='ltr'><strong>statim</strong></span> <span class='ocrx_word' id='word_1_267' title='bbox 1695 2508 1796 2560; x_wconf 90' lang='lat' dir='ltr'><strong>sub</strong></span> <span class='ocrx_word' id='word_1_268' title='bbox 1813 2502 2029 2575; x_wconf 89' lang='lat' dir='ltr'><strong>prandii</strong></span> 
     </span>
    </p>
   </div>
   <div class='ocr_carea' id='block_1_44' title="bbox 446 2595 2032 2673">
    <p class='ocr_par' dir='ltr' id='par_1_44' title="bbox 446 2595 2032 2673">
     <span class='ocr_line' id='line_1_44' title="bbox 446 2595 2032 2673; baseline -0.009 -12"><span class='ocrx_word' id='word_1_269' title='bbox 446 2615 665 2673; x_wconf 88' lang='lat' dir='ltr'><strong>tempus</strong></span> <span class='ocrx_word' id='word_1_270' title='bbox 698 2600 887 2671; x_wconf 80' lang='lat' dir='ltr'><strong>paucis</strong></span> <span class='ocrx_word' id='word_1_271' title='bbox 928 2598 1326 2654; x_wconf 83' lang='lat' dir='ltr'><strong>comitantibus</strong></span> <span class='ocrx_word' id='word_1_272' title='bbox 1373 2595 1703 2667; x_wconf 71' lang='lat' dir='ltr'><strong>egredienti,</strong></span> <span class='ocrx_word' id='word_1_273' title='bbox 1731 2603 2032 2649; x_wconf 90' lang='lat' dir='ltr'><strong>occurrunt</strong></span> 
     </span>
    </p>
   </div>
   <div class='ocr_carea' id='block_1_45' title="bbox 446 2687 2033 2766">
    <p class='ocr_par' dir='ltr' id='par_1_45' title="bbox 446 2687 2033 2766">
     <span class='ocr_line' id='line_1_45' title="bbox 446 2687 2033 2766; baseline -0.006 -16"><span class='ocrx_word' id='word_1_274' title='bbox 446 2697 683 2766; x_wconf 85' lang='lat' dir='ltr'><strong>equites.</strong></span> <span class='ocrx_word' id='word_1_275' title='bbox 717 2693 821 2759; x_wconf 84' lang='lat' dir='ltr'><strong>Qui</strong></span> <span class='ocrx_word' id='word_1_276' title='bbox 852 2708 976 2747; x_wconf 93' lang='lat' dir='ltr'><strong>cum</strong></span> <span class='ocrx_word' id='word_1_277' title='bbox 1009 2708 1119 2745; x_wconf 89' lang='lat' dir='ltr'><strong>non</strong></span> <span class='ocrx_word' id='word_1_278' title='bbox 1156 2688 1346 2760; x_wconf 91' lang='lat' dir='ltr'><strong>procul</strong></span> <span class='ocrx_word' id='word_1_279' title='bbox 1381 2689 1450 2743; x_wconf 90' lang='lat' dir='ltr'><strong>ab</strong></span> <span class='ocrx_word' id='word_1_280' title='bbox 1482 2704 1546 2743; x_wconf 93' lang='lat' dir='ltr'><strong>eo</strong></span> <span class='ocrx_word' id='word_1_281' title='bbox 1588 2687 1860 2742; x_wconf 83' lang='lat' dir='ltr'><strong>distantes</strong></span> <span class='ocrx_word' id='word_1_282' title='bbox 1881 2729 1896 2752; x_wconf 87' lang='lat'><strong>,</strong></span> <span class='ocrx_word' id='word_1_283' title='bbox 1930 2701 2033 2741; x_wconf 83' lang='lat' dir='ltr'><strong>nec</strong></span> 
     </span>
    </p>
   </div>
   <div class='ocr_carea' id='block_1_46' title="bbox 448 2780 2031 2857">
    <p class='ocr_par' dir='ltr' id='par_1_46' title="bbox 448 2780 2031 2857">
     <span class='ocr_line' id='line_1_46' title="bbox 448 2780 2031 2857; baseline -0.006 -15"><span class='ocrx_word' id='word_1_284' title='bbox 448 2805 517 2843; x_wconf 81' lang='lat' dir='ltr'><strong>ex</strong></span> <span class='ocrx_word' id='word_1_285' title='bbox 550 2787 709 2857; x_wconf 89' lang='lat' dir='ltr'><strong>equis</strong></span> <span class='ocrx_word' id='word_1_286' title='bbox 740 2786 1165 2847; x_wconf 83' lang='lat' dir='ltr'><strong>descenderent,</strong></span> <span class='ocrx_word' id='word_1_287' title='bbox 1210 2797 1314 2838; x_wconf 89' lang='lat' dir='ltr'><strong>nec</strong></span> <span class='ocrx_word' id='word_1_288' title='bbox 1347 2782 1520 2835; x_wconf 90' lang='lat' dir='ltr'><strong>ullum</strong></span> <span class='ocrx_word' id='word_1_289' title='bbox 1555 2782 1726 2834; x_wconf 75' lang='lat' dir='ltr'><strong>alium</strong></span> <span class='ocrx_word' id='word_1_290' title='bbox 1763 2780 2031 2833; x_wconf 87' lang='lat' dir='ltr'><strong>honorem</strong></span> 
     </span>
    </p>
   </div>
   <div class='ocr_carea' id='block_1_47' title="bbox 451 2874 2031 2952">
    <p class='ocr_par' dir='ltr' id='par_1_47' title="bbox 451 2874 2031 2952">
     <span class='ocr_line' id='line_1_47' title="bbox 451 2874 2031 2952; baseline -0.008 -16"><span class='ocrx_word' id='word_1_291' title='bbox 451 2880 769 2952; x_wconf 86' lang='lat' dir='ltr'><strong>imperatori</strong></span> <span class='ocrx_word' id='word_1_292' title='bbox 796 2878 1050 2934; x_wconf 89' lang='lat' dir='ltr'><strong>debitum</strong></span> <span class='ocrx_word' id='word_1_293' title='bbox 1086 2875 1397 2930; x_wconf 85' lang='lat' dir='ltr'><strong>haberent:</strong></span> <span class='ocrx_word' id='word_1_294' title='bbox 1433 2874 1669 2928; x_wconf 87' lang='lat' dir='ltr'><strong>comites</strong></span> <span class='ocrx_word' id='word_1_295' title='bbox 1696 2887 1829 2927; x_wconf 74' lang='lat' dir='ltr'><strong>suos</strong></span> <span class='ocrx_word' id='word_1_296' title='bbox 1853 2879 2031 2942; x_wconf 83' lang='lat' dir='ltr'><strong>rogat,</strong></span> 
     </span>
    </p>
   </div>
   <div class='ocr_carea' id='block_1_48' title="bbox 449 2965 2036 3042">
    <p class='ocr_par' dir='ltr' id='par_1_48' title="bbox 449 2965 2036 3042">
     <span class='ocr_line' id='line_1_48' title="bbox 449 2965 2036 3042; baseline -0.005 -15"><span class='ocrx_word' id='word_1_297' title='bbox 449 2972 581 3042; x_wconf 87' lang='lat' dir='ltr'><strong>quid</strong></span> <span class='ocrx_word' id='word_1_298' title='bbox 615 2972 692 3027; x_wconf 93' lang='lat' dir='ltr'><strong>illi</strong></span> <span class='ocrx_word' id='word_1_299' title='bbox 726 2970 831 3026; x_wconf 88' lang='lat' dir='ltr'><strong>sibi</strong></span> <span class='ocrx_word' id='word_1_300' title='bbox 880 2968 1121 3024; x_wconf 74' lang='lat' dir='ltr'><strong>vellent?</strong></span> <span class='ocrx_word' id='word_1_301' title='bbox 1158 2966 1253 3037; x_wconf 92' lang='lat' dir='ltr'><strong>qui</strong></span> <span class='ocrx_word' id='word_1_302' title='bbox 1291 2981 1416 3020; x_wconf 92' lang='lat' dir='ltr'><strong>cum</strong></span> <span class='ocrx_word' id='word_1_303' title='bbox 1457 2965 1895 3035; x_wconf 66' lang='lat' dir='ltr'><strong>respondissent,</strong></span> <span class='ocrx_word' id='word_1_304' title='bbox 1938 2979 2036 3019; x_wconf 92' lang='lat' dir='ltr'><strong>eos</strong></span> 
     </span>
    </p>
   </div>
   <div class='ocr_carea' id='block_1_49' title="bbox 451 3056 2036 3135">
    <p class='ocr_par' dir='ltr' id='par_1_49' title="bbox 451 3056 2036 3135">
     <span class='ocr_line' id='line_1_49' title="bbox 451 3056 2036 3135; baseline -0.006 -16"><span class='ocrx_word' id='word_1_305' title='bbox 451 3065 746 3135; x_wconf 86' lang='lat' dir='ltr'><strong>imperium</strong></span> <span class='ocrx_word' id='word_1_306' title='bbox 781 3062 857 3117; x_wconf 90' lang='lat' dir='ltr'><strong>illi</strong></span> <span class='ocrx_word' id='word_1_307' title='bbox 887 3062 1291 3131; x_wconf 85' lang='lat' dir='ltr'><strong>abrogaturos:</strong></span> <span class='ocrx_word' id='word_1_308' title='bbox 1332 3058 1519 3112; x_wconf 90' lang='lat' dir='ltr'><strong>statim</strong></span> <span class='ocrx_word' id='word_1_309' title='bbox 1567 3057 1765 3112; x_wconf 62' lang='lat' dir='ltr'><strong>lanatis</strong></span> <span class='ocrx_word' id='word_1_310' title='bbox 1802 3056 2036 3111; x_wconf 77' lang='lat' dir='ltr'><strong>habenis</strong></span> 
     </span>
    </p>
   </div>
   <div class='ocr_carea' id='block_1_50' title="bbox 451 3148 2035 3224">
    <p class='ocr_par' dir='ltr' id='par_1_50' title="bbox 451 3148 2035 3224">
     <span class='ocr_line' id='line_1_50' title="bbox 451 3148 2035 3224; baseline -0.005 -14"><span class='ocrx_word' id='word_1_311' title='bbox 451 3156 507 3210; x_wconf 92' lang='lat' dir='ltr'><strong>in</strong></span> <span class='ocrx_word' id='word_1_312' title='bbox 551 3155 735 3224; x_wconf 81' lang='lat' dir='ltr'><strong>fugam</strong></span> <span class='ocrx_word' id='word_1_313' title='bbox 789 3166 1114 3216; x_wconf 87' lang='lat' dir='ltr'><strong>conversus,</strong></span> <span class='ocrx_word' id='word_1_314' title='bbox 1169 3148 1524 3204; x_wconf 85' lang='lat' dir='ltr'><strong>insidiatores</strong></span> <span class='ocrx_word' id='word_1_315' title='bbox 1574 3148 1701 3219; x_wconf 90' lang='lat' dir='ltr'><strong>equi</strong></span> <span class='ocrx_word' id='word_1_316' title='bbox 1752 3148 2035 3203; x_wconf 83' lang='lat' dir='ltr'><strong>celeritate</strong></span> 
     </span>
    </p>
   </div>
   <div class='ocr_carea' id='block_1_51' title="bbox 451 3242 2035 3320">
    <p class='ocr_par' dir='ltr' id='par_1_51' title="bbox 451 3242 2035 3320">
     <span class='ocr_line' id='line_1_51' title="bbox 451 3242 2035 3320; baseline -0.004 -16"><span class='ocrx_word' id='word_1_317' title='bbox 451 3248 759 3320; x_wconf 78' lang='lat' dir='ltr'><strong>ell&#39;ugisset,</strong></span> <span class='ocrx_word' id='word_1_318' title='bbox 819 3246 923 3300; x_wconf 88' lang='lat' dir='ltr'><strong>nisi</strong></span> <span class='ocrx_word' id='word_1_319' title='bbox 978 3246 1024 3301; x_wconf 91' lang='lat' dir='ltr'><strong>is</strong></span> <span class='ocrx_word' id='word_1_320' title='bbox 1070 3243 1139 3299; x_wconf 88' lang='lat' dir='ltr'><strong>ad</strong></span> <span class='ocrx_word' id='word_1_321' title='bbox 1187 3242 1387 3297; x_wconf 74' lang='lat' dir='ltr'><strong>fossam</strong></span> <span class='ocrx_word' id='word_1_322' title='bbox 1448 3242 1741 3312; x_wconf 89' lang='lat' dir='ltr'><strong>quamdam</strong></span> <span class='ocrx_word' id='word_1_323' title='bbox 1804 3243 2035 3298; x_wconf 90' lang='lat' dir='ltr'><strong>territus</strong></span> 
     </span>
    </p>
   </div>
   <div class='ocr_carea' id='block_1_52' title="bbox 453 3334 2034 3407">
    <p class='ocr_par' dir='ltr' id='par_1_52' title="bbox 453 3334 2034 3407">
     <span class='ocr_line' id='line_1_52' title="bbox 453 3334 2034 3407; baseline -0.004 -12"><span class='ocrx_word' id='word_1_324' title='bbox 453 3341 813 3404; x_wconf 88' lang='lat' dir='ltr'><strong>substitisset,</strong></span> <span class='ocrx_word' id='word_1_325' title='bbox 869 3339 961 3392; x_wconf 89' lang='lat' dir='ltr'><strong>ubi</strong></span> <span class='ocrx_word' id='word_1_326' title='bbox 1020 3336 1488 3407; x_wconf 86' lang='lat' dir='ltr'><strong>persequentibus</strong></span> <span class='ocrx_word' id='word_1_327' title='bbox 1528 3349 1655 3388; x_wconf 89' lang='lat' dir='ltr'><strong>cum</strong></span> <span class='ocrx_word' id='word_1_328' title='bbox 1727 3334 2034 3397; x_wconf 86' lang='lat' dir='ltr'><strong>assecutis,</strong></span> 
     </span>
    </p>
   </div>
   <div class='ocr_carea' id='block_1_53' title="bbox 454 3427 2038 3502">
    <p class='ocr_par' dir='ltr' id='par_1_53' title="bbox 454 3427 2038 3502">
     <span class='ocr_line' id='line_1_53' title="bbox 454 3427 2038 3502; baseline -0.004 -14"><span class='ocrx_word' id='word_1_329' title='bbox 454 3449 485 3489; x_wconf 95' lang='lat' dir='ltr'><strong>a</strong></span> <span class='ocrx_word' id='word_1_330' title='bbox 517 3432 756 3502; x_wconf 87' lang='lat' dir='ltr'><strong>quodam</strong></span> <span class='ocrx_word' id='word_1_331' title='bbox 807 3430 960 3484; x_wconf 81' lang='lat' dir='ltr'><strong>hasta</strong></span> <span class='ocrx_word' id='word_1_332' title='bbox 1004 3429 1167 3489; x_wconf 88' lang='lat' dir='ltr'><strong>ictus,</strong></span> <span class='ocrx_word' id='word_1_333' title='bbox 1206 3428 1416 3482; x_wconf 88' lang='lat' dir='ltr'><strong>decidit</strong></span> <span class='ocrx_word' id='word_1_334' title='bbox 1466 3442 1653 3495; x_wconf 76' lang='lat' dir='ltr'><strong>equo:</strong></span> <span class='ocrx_word' id='word_1_335' title='bbox 1708 3443 1808 3481; x_wconf 86' lang='lat' dir='ltr'><strong>nec</strong></span> <span class='ocrx_word' id='word_1_336' title='bbox 1861 3427 2038 3481; x_wconf 91' lang='lat' dir='ltr'><strong>multo</strong></span> 
     </span>
    </p>
   </div>
   <div class='ocr_carea' id='block_1_54' title="bbox 457 3514 2040 3594">
    <p class='ocr_par' dir='ltr' id='par_1_54' title="bbox 457 3514 2040 3594">
     <span class='ocr_line' id='line_1_54' title="bbox 457 3514 2040 3594; baseline -0.006 -17"><span class='ocrx_word' id='word_1_337' title='bbox 457 3530 585 3594; x_wconf 85' lang='lat' dir='ltr'><strong>post</strong></span> <span class='ocrx_word' id='word_1_338' title='bbox 636 3536 706 3575; x_wconf 77' lang='lat' dir='ltr'><strong>ex</strong></span> <span class='ocrx_word' id='word_1_339' title='bbox 754 3518 1042 3588; x_wconf 86' lang='lat' dir='ltr'><strong>sanguinis</strong></span> <span class='ocrx_word' id='word_1_340' title='bbox 1100 3515 1373 3586; x_wconf 82' lang='lat' dir='ltr'><strong>proﬂuvio</strong></span> <span class='ocrx_word' id='word_1_341' title='bbox 1430 3515 1689 3570; x_wconf 84' lang='lat' dir='ltr'><strong>decessit.</strong></span> <span class='ocrx_word' id='word_1_342' title='bbox 1748 3514 2040 3582; x_wconf 88' lang='lat' dir='ltr'><strong>Imperavit</strong></span> 
     </span>
    </p>
   </div>
   <div class='ocr_carea' id='block_1_55' title="bbox 458 3603 2039 3677">
    <p class='ocr_par' dir='ltr' id='par_1_55' title="bbox 458 3603 2039 3677">
     <span class='ocr_line' id='line_1_55' title="bbox 458 3603 2039 3677; baseline -0.006 -9"><span class='ocrx_word' id='word_1_343' title='bbox 458 3613 631 3675; x_wconf 88' lang='lat' dir='ltr'><strong>solus,</strong></span> <span class='ocrx_word' id='word_1_344' title='bbox 684 3620 741 3665; x_wconf 90' lang='lat' dir='ltr'><strong>et</strong></span> <span class='ocrx_word' id='word_1_345' title='bbox 806 3626 931 3663; x_wconf 76' lang='lat' dir='ltr'><strong>cum</strong></span> <span class='ocrx_word' id='word_1_346' title='bbox 988 3617 1167 3677; x_wconf 85' lang='lat' dir='ltr'><strong>patre,</strong></span> <span class='ocrx_word' id='word_1_347' title='bbox 1223 3620 1400 3661; x_wconf 90' lang='lat' dir='ltr'><strong>annos</strong></span> <span class='ocrx_word' id='word_1_348' title='bbox 1450 3604 1788 3675; x_wconf 85' lang='lat' dir='ltr'><strong>quindecim.</strong></span> <span class='ocrx_word' id='word_1_349' title='bbox 1839 3603 2039 3659; x_wconf 85' lang='lat' dir='ltr'><strong>Animo</strong></span> 
     </span>
    </p>
   </div>
   <div class='ocr_carea' id='block_1_56' title="bbox 457 3696 2038 3775">
    <p class='ocr_par' dir='ltr' id='par_1_56' title="bbox 457 3696 2038 3775">
     <span class='ocr_line' id='line_1_56' title="bbox 457 3696 2038 3775; baseline -0.006 -14"><span class='ocrx_word' id='word_1_350' title='bbox 457 3704 675 3762; x_wconf 86' lang='lat' dir='ltr'><strong>liberali</strong></span> <span class='ocrx_word' id='word_1_351' title='bbox 735 3702 860 3764; x_wconf 83' lang='lat' dir='ltr'><strong>fuit,</strong></span> <span class='ocrx_word' id='word_1_352' title='bbox 910 3715 1077 3772; x_wconf 84' lang='lat' dir='ltr'><strong>atque</strong></span> <span class='ocrx_word' id='word_1_353' title='bbox 1133 3699 1396 3755; x_wconf 91' lang='lat' dir='ltr'><strong>omnibus</strong></span> <span class='ocrx_word' id='word_1_354' title='bbox 1451 3697 1754 3775; x_wconf 83' lang='lat' dir='ltr'><strong>gratiﬁcari</strong></span> <span class='ocrx_word' id='word_1_355' title='bbox 1802 3696 2038 3761; x_wconf 88' lang='lat' dir='ltr'><strong>studuit,</strong></span> 
     </span>
    </p>
   </div>
   <div class='ocr_carea' id='block_1_57' title="bbox 458 3789 2041 3867">
    <p class='ocr_par' dir='ltr' id='par_1_57' title="bbox 458 3789 2041 3867">
     <span class='ocr_line' id='line_1_57' title="bbox 458 3789 2041 3867; baseline -0.006 -15"><span class='ocrx_word' id='word_1_356' title='bbox 458 3814 640 3867; x_wconf 84' lang='lat' dir='ltr'><strong>neque</strong></span> <span class='ocrx_word' id='word_1_357' title='bbox 694 3810 1025 3865; x_wconf 80' lang='lat' dir='ltr'><strong>quemquam</strong></span> <span class='ocrx_word' id='word_1_358' title='bbox 1061 3793 1175 3847; x_wconf 89' lang='lat' dir='ltr'><strong>voti</strong></span> <span class='ocrx_word' id='word_1_359' title='bbox 1225 3792 1490 3858; x_wconf 86' lang='lat' dir='ltr'><strong>impotem</strong></span> <span class='ocrx_word' id='word_1_360' title='bbox 1527 3790 1777 3844; x_wconf 86' lang='lat' dir='ltr'><strong>dimisit:</strong></span> <span class='ocrx_word' id='word_1_361' title='bbox 1823 3805 1892 3844; x_wconf 87' lang='lat' dir='ltr'><strong>ne</strong></span> <span class='ocrx_word' id='word_1_362' title='bbox 1943 3789 2041 3844; x_wconf 86' lang='lat' dir='ltr'><strong>ad-</strong></span> 
     </span>
    </p>
   </div>
   <div class='ocr_carea' id='block_1_58' title="bbox 458 3881 2041 3958">
    <p class='ocr_par' dir='ltr' id='par_1_58' title="bbox 458 3881 2041 3958">
     <span class='ocr_line' id='line_1_58' title="bbox 458 3881 2041 3958; baseline -0.006 -13"><span class='ocrx_word' id='word_1_363' title='bbox 458 3889 721 3945; x_wconf 87' lang='lat' dir='ltr'><strong>versariis</strong></span> <span class='ocrx_word' id='word_1_364' title='bbox 751 3887 971 3958; x_wconf 86' lang='lat' dir='ltr'><strong>quidem</strong></span> <span class='ocrx_word' id='word_1_365' title='bbox 1000 3885 1138 3946; x_wconf 83' lang='lat' dir='ltr'><strong>suis,</strong></span> <span class='ocrx_word' id='word_1_366' title='bbox 1187 3892 1285 3938; x_wconf 88' lang='lat' dir='ltr'><strong>aut</strong></span> <span class='ocrx_word' id='word_1_367' title='bbox 1315 3884 1381 3938; x_wconf 90' lang='lat' dir='ltr'><strong>iis</strong></span> <span class='ocrx_word' id='word_1_368' title='bbox 1426 3881 1520 3953; x_wconf 91' lang='lat' dir='ltr'><strong>qui</strong></span> <span class='ocrx_word' id='word_1_369' title='bbox 1564 3890 1824 3952; x_wconf 79' lang='lat' dir='ltr'><strong>tyrannos</strong></span> <span class='ocrx_word' id='word_1_370' title='bbox 1865 3881 2041 3936; x_wconf 89' lang='lat' dir='ltr'><strong>secuti</strong></span> 
     </span>
    </p>
   </div>
   <div class='ocr_carea' id='block_1_59' title="bbox 460 3972 2044 4050">
    <p class='ocr_par' dir='ltr' id='par_1_59' title="bbox 460 3972 2044 4050">
     <span class='ocr_line' id='line_1_59' title="bbox 460 3972 2044 4050; baseline -0.006 -12"><span class='ocrx_word' id='word_1_371' title='bbox 460 3984 702 4046; x_wconf 83' lang='lat' dir='ltr'><strong>fuerant,</strong></span> <span class='ocrx_word' id='word_1_372' title='bbox 754 3980 1026 4050; x_wconf 88' lang='lat' dir='ltr'><strong>supplicio</strong></span> <span class='ocrx_word' id='word_1_373' title='bbox 1067 3978 1299 4032; x_wconf 75' lang='lat' dir='ltr'><strong>affectis.</strong></span> <span class='ocrx_word' id='word_1_374' title='bbox 1331 3976 1425 4043; x_wconf 65' lang='lat' dir='ltr'><strong>{Ac</strong></span> <span class='ocrx_word' id='word_1_375' title='bbox 1450 3974 1541 4028; x_wconf 89' lang='lat' dir='ltr'><strong>alii</strong></span> <span class='ocrx_word' id='word_1_376' title='bbox 1572 3974 1655 4028; x_wconf 87' lang='lat' dir='ltr'><strong>sic</strong></span> <span class='ocrx_word' id='word_1_377' title='bbox 1689 3973 1916 4045; x_wconf 77' lang='lat' dir='ltr'><strong>periisse</strong></span> <span class='ocrx_word' id='word_1_378' title='bbox 1938 3972 2044 4028; x_wconf 86' lang='lat' dir='ltr'><strong>Ga-</strong></span> 
     </span>
    </p>
   </div>
   <div class='ocr_carea' id='block_1_60' title="bbox 461 4067 2045 4138">
    <p class='ocr_par' dir='ltr' id='par_1_60' title="bbox 461 4067 2045 4138">
     <span class='ocr_line' id='line_1_60' title="bbox 461 4067 2045 4138; baseline -0.006 -8"><span class='ocrx_word' id='word_1_379' title='bbox 461 4075 691 4138; x_wconf 89' lang='lat' dir='ltr'><strong>lienum,</strong></span> <span class='ocrx_word' id='word_1_380' title='bbox 738 4073 831 4126; x_wconf 91' lang='lat' dir='ltr'><strong>alii</strong></span> <span class='ocrx_word' id='word_1_381' title='bbox 878 4072 947 4125; x_wconf 88' lang='lat' dir='ltr'><strong>ab</strong></span> <span class='ocrx_word' id='word_1_382' title='bbox 993 4069 1317 4124; x_wconf 84' lang='lat' dir='ltr'><strong>lleracliano</strong></span> <span class='ocrx_word' id='word_1_383' title='bbox 1366 4067 1627 4138; x_wconf 81' lang='lat' dir='ltr'><strong>praefecto</strong></span> <span class='ocrx_word' id='word_1_384' title='bbox 1669 4082 1870 4121; x_wconf 74' lang='lat' dir='ltr'><strong>czesum</strong></span> <span class='ocrx_word' id='word_1_385' title='bbox 1921 4081 2045 4121; x_wconf 89' lang='lat' dir='ltr'><strong>esse</strong></span> 
     </span>
    </p>
   </div>
   <div class='ocr_carea' id='block_1_61' title="bbox 463 4157 2044 4229">
    <p class='ocr_par' dir='ltr' id='par_1_61' title="bbox 463 4157 2044 4229">
     <span class='ocr_line' id='line_1_61' title="bbox 463 4157 2044 4229; baseline -0.004 -9"><span class='ocrx_word' id='word_1_386' title='bbox 463 4166 707 4220; x_wconf 82' lang='lat' dir='ltr'><strong>tradunt.</strong></span> <span class='ocrx_word' id='word_1_387' title='bbox 746 4164 881 4218; x_wconf 73' lang='lat' dir='ltr'><strong>Nam</strong></span> <span class='ocrx_word' id='word_1_388' title='bbox 935 4178 1059 4216; x_wconf 88' lang='lat' dir='ltr'><strong>cum</strong></span> <span class='ocrx_word' id='word_1_389' title='bbox 1102 4160 1397 4223; x_wconf 81' lang='lat' dir='ltr'><strong>Aureulus,</strong></span> <span class='ocrx_word' id='word_1_390' title='bbox 1442 4160 1536 4229; x_wconf 88' lang='lat' dir='ltr'><strong>qui</strong></span> <span class='ocrx_word' id='word_1_391' title='bbox 1587 4157 1815 4213; x_wconf 75' lang='lat' dir='ltr'><strong>Gallicis</strong></span> <span class='ocrx_word' id='word_1_392' title='bbox 1854 4158 2044 4228; x_wconf 83' lang='lat' dir='ltr'><strong>legio—</strong></span> 
     </span>
    </p>
   </div>
   <div class='ocr_carea' id='block_1_62' title="bbox 464 4251 2045 4325">
    <p class='ocr_par' dir='ltr' id='par_1_62' title="bbox 464 4251 2045 4325">
     <span class='ocr_line' id='line_1_62' title="bbox 464 4251 2045 4325; baseline -0.004 -14"><span class='ocrx_word' id='word_1_393' title='bbox 464 4258 632 4311; x_wconf 88' lang='lat' dir='ltr'><strong>nibus</strong></span> <span class='ocrx_word' id='word_1_394' title='bbox 685 4262 958 4325; x_wconf 76' lang='lat' dir='ltr'><strong>pra&#39;crat,</strong></span> <span class='ocrx_word' id='word_1_395' title='bbox 1006 4263 1152 4307; x_wconf 90' lang='lat' dir='ltr'><strong>mota</strong></span> <span class='ocrx_word' id='word_1_396' title='bbox 1201 4252 1474 4307; x_wconf 88' lang='lat' dir='ltr'><strong>seditione</strong></span> <span class='ocrx_word' id='word_1_397' title='bbox 1515 4267 1639 4306; x_wconf 90' lang='lat' dir='ltr'><strong>cum</strong></span> <span class='ocrx_word' id='word_1_398' title='bbox 1691 4253 1935 4306; x_wconf 78' lang='lat' dir='ltr'><strong>exercitu</strong></span> <span class='ocrx_word' id='word_1_399' title='bbox 1991 4251 2045 4305; x_wconf 91' lang='lat' dir='ltr'><strong>iu</strong></span> 
     </span>
    </p>
   </div>
   <div class='ocr_carea' id='block_1_63' title="bbox 464 4343 2046 4412">
    <p class='ocr_par' dir='ltr' id='par_1_63' title="bbox 464 4343 2046 4412">
     <span class='ocr_line' id='line_1_63' title="bbox 464 4343 2046 4412; baseline -0.004 -8"><span class='ocrx_word' id='word_1_400' title='bbox 464 4350 675 4405; x_wconf 88' lang='lat' dir='ltr'><strong>.ltaliam</strong></span> <span class='ocrx_word' id='word_1_401' title='bbox 727 4345 1136 4412; x_wconf 86' lang='lat' dir='ltr'><strong>contenderet,</strong></span> <span class='ocrx_word' id='word_1_402' title='bbox 1186 4343 1478 4399; x_wconf 89' lang='lat' dir='ltr'><strong>Galienum</strong></span> <span class='ocrx_word' id='word_1_403' title='bbox 1531 4353 1724 4398; x_wconf 89' lang='lat' dir='ltr'><strong>contra</strong></span> <span class='ocrx_word' id='word_1_404' title='bbox 1766 4358 1892 4396; x_wconf 90' lang='lat' dir='ltr'><strong>cum</strong></span> <span class='ocrx_word' id='word_1_405' title='bbox 1944 4345 2046 4398; x_wconf 82' lang='lat' dir='ltr'><strong>ab-</strong></span> 
     </span>
    </p>
   </div>
   <div class='ocr_carea' id='block_1_64' title="bbox 464 4437 2047 4504">
    <p class='ocr_par' dir='ltr' id='par_1_64' title="bbox 464 4437 2047 4504">
     <span class='ocr_line' id='line_1_64' title="bbox 464 4437 2047 4504; baseline 0.001 -10"><span class='ocrx_word' id='word_1_406' title='bbox 464 4450 711 4501; x_wconf 84' lang='lat' dir='ltr'><strong>euntem.</strong></span> <span class='ocrx_word' id='word_1_407' title='bbox 766 4440 895 4492; x_wconf 88' lang='lat' dir='ltr'><strong>dum</strong></span> <span class='ocrx_word' id='word_1_408' title='bbox 961 4447 1130 4494; x_wconf 89' lang='lat' dir='ltr'><strong>noctu</strong></span> <span class='ocrx_word' id='word_1_409' title='bbox 1188 4439 1240 4492; x_wconf 92' lang='lat' dir='ltr'><strong>in</strong></span> <span class='ocrx_word' id='word_1_410' title='bbox 1298 4437 1657 4495; x_wconf 87' lang='lat' dir='ltr'><strong>tabernaculo</strong></span> <span class='ocrx_word' id='word_1_411' title='bbox 1707 4439 1934 4504; x_wconf 86' lang='lat' dir='ltr'><strong>dormit,</strong></span> <span class='ocrx_word' id='word_1_412' title='bbox 1976 4442 2047 4496; x_wconf 91' lang='lat' dir='ltr'><strong>ab</strong></span> 
     </span>
    </p>
   </div>
   <div class='ocr_carea' id='block_1_65' title="bbox 2136 1938 3723 2013">
    <p class='ocr_par' dir='ltr' id='par_1_65' title="bbox 2136 1938 3723 2013">
     <span class='ocr_line' id='line_1_65' title="bbox 2136 1938 3723 2013; baseline 0.009 -27"><span class='ocrx_word' id='word_1_413' title='bbox 2136 1938 2492 2003; x_wconf 83' lang='grc' dir='ltr'><strong>στρατιωτῶν</strong></span> <span class='ocrx_word' id='word_1_414' title='bbox 2525 1940 2632 2007; x_wconf 79' lang='grc' dir='ltr'><strong>πρὸ</strong></span> <span class='ocrx_word' id='word_1_415' title='bbox 2660 1940 2761 2009; x_wconf 81' lang='grc' dir='ltr'><strong>τῆς</strong></span> <span class='ocrx_word' id='word_1_416' title='bbox 2801 1941 3011 2013; x_wconf 85' lang='grc' dir='ltr'><strong>σκηνῆς</strong></span> <span class='ocrx_word' id='word_1_417' title='bbox 3034 1944 3366 2013; x_wconf 78' lang='grc' dir='ltr'><strong>καθήμενος,</strong></span> <span class='ocrx_word' id='word_1_418' title='bbox 3409 1947 3503 1999; x_wconf 80' lang='grc' dir='ltr'><strong>καὶ</strong></span> <span class='ocrx_word' id='word_1_419' title='bbox 3536 1952 3598 1998; x_wconf 77' lang='grc' dir='ltr'><strong>τὸ</strong></span> <span class='ocrx_word' id='word_1_420' title='bbox 3638 1949 3723 2000; x_wconf 81' lang='grc' dir='ltr'><strong>οἰ-</strong></span> 
     </span>
    </p>
   </div>
   <div class='ocr_carea' id='block_1_66' title="bbox 2130 2028 3722 2110">
    <p class='ocr_par' dir='ltr' id='par_1_66' title="bbox 2130 2028 3722 2110">
     <span class='ocr_line' id='line_1_66' title="bbox 2130 2028 3722 2110; baseline 0.009 -32"><span class='ocrx_word' id='word_1_421' title='bbox 2130 2030 2276 2080; x_wconf 87' lang='grc' dir='ltr'><strong>κεῖον</strong></span> <span class='ocrx_word' id='word_1_422' title='bbox 2336 2028 2592 2100; x_wconf 86' lang='grc' dir='ltr'><strong>ὑπόδημα</strong></span> <span class='ocrx_word' id='word_1_423' title='bbox 2648 2030 2744 2085; x_wconf 87' lang='grc' dir='ltr'><strong>τοῦ</strong></span> <span class='ocrx_word' id='word_1_424' title='bbox 2816 2034 2978 2098; x_wconf 79' lang='grc' dir='ltr'><strong>ποδὸς</strong></span> <span class='ocrx_word' id='word_1_425' title='bbox 3030 2034 3279 2088; x_wconf 76' lang='grc' dir='ltr'><strong>ἐκϐαλών</strong></span> <span class='ocrx_word' id='word_1_426' title='bbox 3343 2037 3722 2110; x_wconf 76' lang='grc' dir='ltr'><strong>συνέρραπτεν</strong></span> 
     </span>
    </p>
   </div>
   <div class='ocr_carea' id='block_1_67' title="bbox 2130 2119 3721 2200">
    <p class='ocr_par' dir='ltr' id='par_1_67' title="bbox 2130 2119 3721 2200">
     <span class='ocr_line' id='line_1_67' title="bbox 2130 2119 3721 2200; baseline 0.008 -28"><span class='ocrx_word' id='word_1_427' title='bbox 2130 2119 2281 2173; x_wconf 86' lang='grc' dir='ltr'><strong>αύ.ό.</strong></span> <span class='ocrx_word' id='word_1_428' title='bbox 2333 2120 2423 2184; x_wconf 81' lang='grc' dir='ltr'><strong>Ὦς</strong></span> <span class='ocrx_word' id='word_1_429' title='bbox 2470 2121 2566 2176; x_wconf 81' lang='grc' dir='ltr'><strong>οῦν</strong></span> <span class='ocrx_word' id='word_1_430' title='bbox 2617 2119 2728 2177; x_wconf 86' lang='grc' dir='ltr'><strong>εἶδε</strong></span> <span class='ocrx_word' id='word_1_431' title='bbox 2772 2126 2900 2188; x_wconf 84' lang='grc' dir='ltr'><strong>τοὺς</strong></span> <span class='ocrx_word' id='word_1_432' title='bbox 2929 2126 3224 2196; x_wconf 85' lang='grc' dir='ltr'><strong>πολεμίους</strong></span> <span class='ocrx_word' id='word_1_433' title='bbox 3282 2130 3721 2200; x_wconf 84' lang='grc' dir='ltr'><strong>ἐπερχομένους,</strong></span> 
     </span>
    </p>
   </div>
   <div class='ocr_carea' id='block_1_68' title="bbox 2132 2212 3722 2296">
    <p class='ocr_par' dir='ltr' id='par_1_68' title="bbox 2132 2212 3722 2296">
     <span class='ocr_line' id='line_1_68' title="bbox 2132 2212 3722 2296; baseline 0.009 -32"><span class='ocrx_word' id='word_1_434' title='bbox 2132 2212 2388 2282; x_wconf 80' lang='grc' dir='ltr'><strong>ἁρπάσας</strong></span> <span class='ocrx_word' id='word_1_435' title='bbox 2419 2215 2621 2269; x_wconf 81' lang='grc' dir='ltr'><strong>ἀσπίδα</strong></span> <span class='ocrx_word' id='word_1_436' title='bbox 2645 2218 2738 2270; x_wconf 79' lang='grc' dir='ltr'><strong>καὶ</strong></span> <span class='ocrx_word' id='word_1_437' title='bbox 2769 2221 3116 2290; x_wconf 84' lang='grc' dir='ltr'><strong>ἐγχειρίδιον,</strong></span> <span class='ocrx_word' id='word_1_438' title='bbox 3137 2221 3462 2293; x_wconf 82' lang='grc' dir='ltr'><strong>περιθύμως</strong></span> <span class='ocrx_word' id='word_1_439' title='bbox 3484 2223 3722 2296; x_wconf 83' lang='grc' dir='ltr'><strong>ὥρμησε</strong></span> 
     </span>
    </p>
   </div>
   <div class='ocr_carea' id='block_1_69' title="bbox 2130 2305 3721 2389">
    <p class='ocr_par' dir='ltr' id='par_1_69' title="bbox 2130 2305 3721 2389">
     <span class='ocr_line' id='line_1_69' title="bbox 2130 2305 3721 2389; baseline 0.009 -33"><span class='ocrx_word' id='word_1_440' title='bbox 2130 2306 2252 2357; x_wconf 79' lang='grc' dir='ltr'><strong>κατ’</strong></span> <span class='ocrx_word' id='word_1_441' title='bbox 2284 2305 2492 2373; x_wconf 83' lang='grc' dir='ltr'><strong>αὐτῶν,</strong></span> <span class='ocrx_word' id='word_1_442' title='bbox 2534 2311 2632 2361; x_wconf 78' lang='grc' dir='ltr'><strong>καὶ</strong></span> <span class='ocrx_word' id='word_1_443' title='bbox 2669 2310 2880 2381; x_wconf 83' lang='grc' dir='ltr'><strong>πλήξας</strong></span> <span class='ocrx_word' id='word_1_444' title='bbox 2909 2310 3028 2375; x_wconf 76' lang='grc' dir='ltr'><strong>ἕνα,</strong></span> <span class='ocrx_word' id='word_1_445' title='bbox 3058 2313 3155 2365; x_wconf 84' lang='grc' dir='ltr'><strong>καὶ</strong></span> <span class='ocrx_word' id='word_1_446' title='bbox 3180 2314 3458 2387; x_wconf 83' lang='grc' dir='ltr'><strong>δεύτερον,</strong></span> <span class='ocrx_word' id='word_1_447' title='bbox 3485 2318 3721 2389; x_wconf 73' lang='grc' dir='ltr'><strong>ἀνέκυψε</strong></span> 
     </span>
    </p>
   </div>
   <div class='ocr_carea' id='block_1_70' title="bbox 2129 2398 3723 2479">
    <p class='ocr_par' dir='ltr' id='par_1_70' title="bbox 2129 2398 3723 2479">
     <span class='ocr_line' id='line_1_70' title="bbox 2129 2398 3723 2479; baseline 0.009 -29"><span class='ocrx_word' id='word_1_448' title='bbox 2129 2398 2256 2462; x_wconf 79' lang='grc' dir='ltr'><strong>τοὺς</strong></span> <span class='ocrx_word' id='word_1_449' title='bbox 2289 2399 2537 2466; x_wconf 86' lang='grc' dir='ltr'><strong>λοιποὺς,</strong></span> <span class='ocrx_word' id='word_1_450' title='bbox 2608 2402 3127 2469; x_wconf 85' lang='grc' dir='ltr'><strong>ἀποδεδειλιακότας</strong></span> <span class='ocrx_word' id='word_1_451' title='bbox 3182 2408 3318 2473; x_wconf 89' lang='grc' dir='ltr'><strong>πρὸς</strong></span> <span class='ocrx_word' id='word_1_452' title='bbox 3372 2407 3471 2479; x_wconf 86' lang='grc' dir='ltr'><strong>τὴν</strong></span> <span class='ocrx_word' id='word_1_453' title='bbox 3506 2411 3723 2465; x_wconf 79' lang='grc' dir='ltr'><strong>ἐκείνου</strong></span> 
     </span>
    </p>
   </div>
   <div class='ocr_carea' id='block_1_71' title="bbox 2130 2492 3727 2572">
    <p class='ocr_par' dir='ltr' id='par_1_71' title="bbox 2130 2492 3727 2572">
     <span class='ocr_line' id='line_1_71' title="bbox 2130 2492 3727 2572; baseline 0.009 -29"><span class='ocrx_word' id='word_1_454' title='bbox 2130 2492 2331 2564; x_wconf 79' lang='grc' dir='ltr'><strong>ὁρμήν.</strong></span> <span class='ocrx_word' id='word_1_455' title='bbox 2362 2495 2473 2547; x_wconf 75' lang='grc' dir='ltr'><strong>Καὶ</strong></span> <span class='ocrx_word' id='word_1_456' title='bbox 2506 2494 2649 2548; x_wconf 73' lang='grc' dir='ltr'><strong>οὕτω</strong></span> <span class='ocrx_word' id='word_1_457' title='bbox 2676 2496 2943 2549; x_wconf 84' lang='grc' dir='ltr'><strong>πλειόνων</strong></span> <span class='ocrx_word' id='word_1_458' title='bbox 2979 2498 3405 2570; x_wconf 82' lang='grc' dir='ltr'><strong>συνδραμόντων</strong></span> <span class='ocrx_word' id='word_1_459' title='bbox 3453 2518 3727 2572; x_wconf 87' lang='grc' dir='ltr'><strong>στρατιω-</strong></span> 
     </span>
    </p>
   </div>
   <div class='ocr_carea' id='block_1_72' title="bbox 2130 2584 3725 2661">
    <p class='ocr_par' dir='ltr' id='par_1_72' title="bbox 2130 2584 3725 2661">
     <span class='ocr_line' id='line_1_72' title="bbox 2130 2584 3725 2661; baseline 0.008 -25"><span class='ocrx_word' id='word_1_460' title='bbox 2130 2584 2238 2636; x_wconf 76' lang='grc' dir='ltr'><strong>τῶν</strong></span> <span class='ocrx_word' id='word_1_461' title='bbox 2265 2588 2298 2655; x_wconf 77' lang='grc' dir='ltr'><strong>η</strong></span> <span class='ocrx_word' id='word_1_462' title='bbox 2330 2585 2423 2637; x_wconf 58' lang='grc' dir='ltr'><strong>τοῦ</strong></span> <span class='ocrx_word' id='word_1_463' title='bbox 2484 2585 2754 2655; x_wconf 82' lang='grc' dir='ltr'><strong>βασιλέως</strong></span> <span class='ocrx_word' id='word_1_464' title='bbox 2811 2586 3152 2643; x_wconf 88' lang='grc' dir='ltr'><strong>διασέσωστο</strong></span> <span class='ocrx_word' id='word_1_465' title='bbox 3198 2593 3441 2661; x_wconf 82' lang='grc' dir='ltr'><strong>γαμετή.</strong></span> <span class='ocrx_word' id='word_1_466' title='bbox 3484 2593 3610 2646; x_wconf 85' lang='grc' dir='ltr'><strong>Ἐτι</strong></span> <span class='ocrx_word' id='word_1_467' title='bbox 3663 2595 3725 2648; x_wconf 73' lang='grc' dir='ltr'><strong>δέ</strong></span> 
     </span>
    </p>
   </div>
   <div class='ocr_carea' id='block_1_73' title="bbox 2132 2677 3727 2758">
    <p class='ocr_par' dir='ltr' id='par_1_73' title="bbox 2132 2677 3727 2758">
     <span class='ocr_line' id='line_1_73' title="bbox 2132 2677 3727 2758; baseline 0.007 -29"><span class='ocrx_word' id='word_1_468' title='bbox 2132 2677 2552 2748; x_wconf 60' lang='grc' dir='ltr'><strong>πολιορκοῦντος</strong></span> <span class='ocrx_word' id='word_1_469' title='bbox 2590 2680 2684 2732; x_wconf 78' lang='grc' dir='ltr'><strong>τοῦ</strong></span> <span class='ocrx_word' id='word_1_470' title='bbox 2724 2679 2992 2750; x_wconf 76' lang='grc' dir='ltr'><strong>βασιλέως</strong></span> <span class='ocrx_word' id='word_1_471' title='bbox 3046 2680 3118 2734; x_wconf 88' lang='grc' dir='ltr'><strong>τὰ</strong></span> <span class='ocrx_word' id='word_1_472' title='bbox 3156 2683 3488 2751; x_wconf 81' lang='grc' dir='ltr'><strong>Μεδιόλανα,</strong></span> <span class='ocrx_word' id='word_1_473' title='bbox 3539 2688 3727 2758; x_wconf 76' lang='grc' dir='ltr'><strong>Λύρη-</strong></span> 
     </span>
    </p>
   </div>
   <div class='ocr_carea' id='block_1_74' title="bbox 2132 2766 3726 2843">
    <p class='ocr_par' dir='ltr' id='par_1_74' title="bbox 2132 2766 3726 2843">
     <span class='ocr_line' id='line_1_74' title="bbox 2132 2766 3726 2843; baseline 0.007 -25"><span class='ocrx_word' id='word_1_474' title='bbox 2132 2766 2317 2830; x_wconf 78' lang='grc' dir='ltr'><strong>λιανὸς</strong></span> <span class='ocrx_word' id='word_1_475' title='bbox 2354 2768 2455 2820; x_wconf 83' lang='grc' dir='ltr'><strong>σὺν</strong></span> <span class='ocrx_word' id='word_1_476' title='bbox 2481 2768 2712 2821; x_wconf 81' lang='grc' dir='ltr'><strong>ίππεῦσι</strong></span> <span class='ocrx_word' id='word_1_477' title='bbox 2765 2770 3074 2839; x_wconf 75' lang='grc' dir='ltr'><strong>προσῆλθεν</strong></span> <span class='ocrx_word' id='word_1_478' title='bbox 3112 2771 3284 2841; x_wconf 81' lang='grc' dir='ltr'><strong>αύτῷ,</strong></span> <span class='ocrx_word' id='word_1_479' title='bbox 3337 2772 3460 2843; x_wconf 85' lang='grc' dir='ltr'><strong>μεθ’</strong></span> <span class='ocrx_word' id='word_1_480' title='bbox 3505 2768 3566 2828; x_wconf 79' lang='grc' dir='ltr'><strong>οὗ</strong></span> <span class='ocrx_word' id='word_1_481' title='bbox 3624 2777 3726 2828; x_wconf 85' lang='grc' dir='ltr'><strong>ἁν-</strong></span> 
     </span>
    </p>
   </div>
   <div class='ocr_carea' id='block_1_75' title="bbox 2134 2857 3728 2935">
    <p class='ocr_par' dir='ltr' id='par_1_75' title="bbox 2134 2857 3728 2935">
     <span class='ocr_line' id='line_1_75' title="bbox 2134 2857 3728 2935; baseline 0.005 -27"><span class='ocrx_word' id='word_1_482' title='bbox 2134 2857 2275 2909; x_wconf 83' lang='grc' dir='ltr'><strong>ελεῖν</strong></span> <span class='ocrx_word' id='word_1_483' title='bbox 2306 2859 2470 2911; x_wconf 72' lang='grc' dir='ltr'><strong>αὑτὸν</strong></span> <span class='ocrx_word' id='word_1_484' title='bbox 2506 2860 2552 2911; x_wconf 79' lang='grc' dir='ltr'><strong>οἱ</strong></span> <span class='ocrx_word' id='word_1_485' title='bbox 2591 2861 2922 2926; x_wconf 73' lang='grc' dir='ltr'><strong>μεγιστᾶνες</strong></span> <span class='ocrx_word' id='word_1_486' title='bbox 2953 2861 3463 2932; x_wconf 75' lang='grc' dir='ltr'><strong>προεϐουλεύσαντο</strong></span> <span class='ocrx_word' id='word_1_487' title='bbox 3496 2879 3511 2894; x_wconf 87' lang='grc'><strong>·</strong></span> <span class='ocrx_word' id='word_1_488' title='bbox 3553 2865 3728 2935; x_wconf 84' lang='grc' dir='ltr'><strong>ὑπερ-</strong></span> 
     </span>
    </p>
   </div>
   <div class='ocr_carea' id='block_1_76' title="bbox 2134 2947 3720 3022">
    <p class='ocr_par' dir='ltr' id='par_1_76' title="bbox 2134 2947 3720 3022">
     <span class='ocr_line' id='line_1_76' title="bbox 2134 2947 3720 3022; baseline 0.006 -23"><span class='ocrx_word' id='word_1_489' title='bbox 2134 2948 2377 3000; x_wconf 85' lang='grc' dir='ltr'><strong>ετίθεντο</strong></span> <span class='ocrx_word' id='word_1_490' title='bbox 2416 2947 2474 3000; x_wconf 87' lang='grc' dir='ltr'><strong>δὲ</strong></span> <span class='ocrx_word' id='word_1_491' title='bbox 2518 2948 2581 3000; x_wconf 84' lang='grc' dir='ltr'><strong>τὸ</strong></span> <span class='ocrx_word' id='word_1_492' title='bbox 2621 2950 2869 3019; x_wconf 85' lang='grc' dir='ltr'><strong>σκέμμα,</strong></span> <span class='ocrx_word' id='word_1_493' title='bbox 2934 2950 3040 3013; x_wconf 77' lang='grc' dir='ltr'><strong>ἕως</strong></span> <span class='ocrx_word' id='word_1_494' title='bbox 3073 2952 3249 3022; x_wconf 75' lang='grc' dir='ltr'><strong>ἁλῷεν</strong></span> <span class='ocrx_word' id='word_1_495' title='bbox 3277 2955 3345 3006; x_wconf 82' lang='grc' dir='ltr'><strong>τὰ</strong></span> <span class='ocrx_word' id='word_1_496' title='bbox 3391 2953 3720 3009; x_wconf 79' lang='grc' dir='ltr'><strong>Μεδιόλανα.</strong></span> 
     </span>
    </p>
   </div>
   <div class='ocr_carea' id='block_1_77' title="bbox 2134 3030 3719 3112">
    <p class='ocr_par' dir='ltr' id='par_1_77' title="bbox 2134 3030 3719 3112">
     <span class='ocr_line' id='line_1_77' title="bbox 2134 3030 3719 3112; baseline 0.003 -21"><span class='ocrx_word' id='word_1_497' title='bbox 2134 3030 2412 3104; x_wconf 71' lang='grc' dir='ltr'><strong>Μιθὸντες</strong></span> <span class='ocrx_word' id='word_1_498' title='bbox 2449 3039 2493 3092; x_wconf 78' lang='grc' dir='ltr'><strong>δ’</strong></span> <span class='ocrx_word' id='word_1_499' title='bbox 2523 3042 2794 3108; x_wconf 74' lang='grc' dir='ltr'><strong>ἐγνῶσθαι</strong></span> <span class='ocrx_word' id='word_1_500' title='bbox 2832 3044 2893 3094; x_wconf 81' lang='grc' dir='ltr'><strong>τὸ</strong></span> <span class='ocrx_word' id='word_1_501' title='bbox 2931 3044 3082 3112; x_wconf 75' lang='grc' dir='ltr'><strong>σφῶν</strong></span> <span class='ocrx_word' id='word_1_502' title='bbox 3139 3042 3460 3108; x_wconf 78' lang='grc' dir='ltr'><strong>διαϐούλιον,</strong></span> <span class='ocrx_word' id='word_1_503' title='bbox 3514 3046 3719 3096; x_wconf 78' lang='grc' dir='ltr'><strong>ἐπετά-</strong></span> 
     </span>
    </p>
   </div>
   <div class='ocr_carea' id='block_1_78' title="bbox 2141 3133 3718 3205">
    <p class='ocr_par' dir='ltr' id='par_1_78' title="bbox 2141 3133 3718 3205">
     <span class='ocr_line' id='line_1_78' title="bbox 2141 3133 3718 3205; baseline 0.003 -21"><span class='ocrx_word' id='word_1_504' title='bbox 2141 3150 2308 3200; x_wconf 85' lang='grc' dir='ltr'><strong>χυναν</strong></span> <span class='ocrx_word' id='word_1_505' title='bbox 2335 3134 2436 3203; x_wconf 82' lang='grc' dir='ltr'><strong>τὴν</strong></span> <span class='ocrx_word' id='word_1_506' title='bbox 2466 3133 2763 3205; x_wconf 73' lang='grc' dir='ltr'><strong>ἐπιϐουλὴν</strong></span> <span class='ocrx_word' id='word_1_507' title='bbox 2792 3137 2886 3187; x_wconf 80' lang='grc' dir='ltr'><strong>καὶ</strong></span> <span class='ocrx_word' id='word_1_508' title='bbox 2927 3136 3210 3189; x_wconf 78' lang='grc' dir='ltr'><strong>στέλλουσι</strong></span> <span class='ocrx_word' id='word_1_509' title='bbox 3242 3152 3392 3199; x_wconf 86' lang='grc' dir='ltr'><strong>τινας</strong></span> <span class='ocrx_word' id='word_1_510' title='bbox 3422 3134 3718 3205; x_wconf 79' lang='grc' dir='ltr'><strong>πολεμίους</strong></span> 
     </span>
    </p>
   </div>
   <div class='ocr_carea' id='block_1_79' title="bbox 2064 3183 3723 3296">
    <p class='ocr_par' dir='ltr' id='par_1_79' title="bbox 2064 3183 3723 3296">
     <span class='ocr_line' id='line_1_79' title="bbox 2064 3183 3723 3296; baseline 0.004 -21"><span class='ocrx_word' id='word_1_511' title='bbox 2064 3183 2110 3246; x_wconf 79' lang='lat' dir='ltr'><strong>C</strong></span> <span class='ocrx_word' id='word_1_512' title='bbox 2141 3183 2359 3278; x_wconf 64' lang='grc' dir='ltr'><strong>ἐπιέναι</strong></span> <span class='ocrx_word' id='word_1_513' title='bbox 2390 3183 2481 3296; x_wconf 84' lang='grc' dir='ltr'><strong>⁸τῷ</strong></span> <span class='ocrx_word' id='word_1_514' title='bbox 2544 3183 2794 3296; x_wconf 62' lang='grc' dir='ltr'><strong>Γαλιηνῴ</strong></span> <span class='ocrx_word' id='word_1_515' title='bbox 2858 3229 3246 3296; x_wconf 76' lang='grc' dir='ltr'><strong>ἀγγέλλοντας.</strong></span> <span class='ocrx_word' id='word_1_516' title='bbox 3310 3183 3391 3284; x_wconf 61' lang='grc' dir='ltr'><strong>⁸ον</strong></span> <span class='ocrx_word' id='word_1_517' title='bbox 3418 3230 3472 3282; x_wconf 75' lang='grc' dir='ltr'><strong>δὲ</strong></span> <span class='ocrx_word' id='word_1_518' title='bbox 3522 3183 3723 3282; x_wconf 42' lang='lat' dir='ltr'><strong>statim:</strong></span> 
     </span>
    </p>
   </div>
   <div class='ocr_carea' id='block_1_80' title="bbox 2137 3316 3723 3392">
    <p class='ocr_par' dir='ltr' id='par_1_80' title="bbox 2137 3316 3723 3392">
     <span class='ocr_line' id='line_1_80' title="bbox 2137 3316 3723 3392; baseline 0.003 -23"><span class='ocrx_word' id='word_1_519' title='bbox 2137 3316 2425 3387; x_wconf 82' lang='grc' dir='ltr'><strong>ἐξώρμησε</strong></span> <span class='ocrx_word' id='word_1_520' title='bbox 2451 3316 2571 3370; x_wconf 86' lang='grc' dir='ltr'><strong>κατ’</strong></span> <span class='ocrx_word' id='word_1_521' title='bbox 2597 3319 2799 3381; x_wconf 79' lang='grc' dir='ltr'><strong>αὐτῶν,</strong></span> <span class='ocrx_word' id='word_1_522' title='bbox 2826 3318 2976 3389; x_wconf 81' lang='grc' dir='ltr'><strong>ὥρας</strong></span> <span class='ocrx_word' id='word_1_523' title='bbox 3001 3322 3101 3391; x_wconf 71' lang='grc' dir='ltr'><strong>ἤδη</strong></span> <span class='ocrx_word' id='word_1_524' title='bbox 3124 3322 3442 3391; x_wconf 74' lang='grc' dir='ltr'><strong>ἐφεστώσης</strong></span> <span class='ocrx_word' id='word_1_525' title='bbox 3472 3322 3723 3392; x_wconf 75' lang='grc' dir='ltr'><strong>ἀρίστου,</strong></span> 
     </span>
    </p>
   </div>
   <div class='ocr_carea' id='block_1_81' title="bbox 2139 3394 3730 3485">
    <p class='ocr_par' dir='ltr' id='par_1_81' title="bbox 2139 3412 3730 3485">
     <span class='ocr_line' id='line_1_81' title="bbox 2139 3412 3730 3485; baseline 0.004 -24"><span class='ocrx_word' id='word_1_526' title='bbox 2139 3412 2234 3462; x_wconf 79' lang='grc' dir='ltr'><strong>καὶ</strong></span> <span class='ocrx_word' id='word_1_527' title='bbox 2300 3412 2499 3477; x_wconf 77' lang='grc' dir='ltr'><strong>ὀλίγων</strong></span> <span class='ocrx_word' id='word_1_528' title='bbox 2565 3417 3032 3482; x_wconf 67' lang='grc' dir='ltr'><strong>συνεφεπομένων</strong></span> <span class='ocrx_word' id='word_1_529' title='bbox 3111 3416 3282 3485; x_wconf 63' lang='grc' dir='ltr'><strong>αὐτῷ.</strong></span> <span class='ocrx_word' id='word_1_530' title='bbox 3356 3416 3600 3468; x_wconf 86' lang='grc' dir='ltr'><strong>Ἀπιόντι</strong></span> <span class='ocrx_word' id='word_1_531' title='bbox 3667 3416 3730 3467; x_wconf 81' lang='grc' dir='ltr'><strong>δὲ</strong></span> 
     </span>
    </p>
   </div>
   <div class='ocr_carea' id='block_1_82' title="bbox 2141 3502 3729 3577">
    <p class='ocr_par' dir='ltr' id='par_1_82' title="bbox 2141 3502 3729 3577">
     <span class='ocr_line' id='line_1_82' title="bbox 2141 3502 3729 3577; baseline 0.005 -24"><span class='ocrx_word' id='word_1_532' title='bbox 2141 3503 2479 3556; x_wconf 86' lang='grc' dir='ltr'><strong>συναντῶσιν</strong></span> <span class='ocrx_word' id='word_1_533' title='bbox 2540 3505 2750 3565; x_wconf 79' lang='grc' dir='ltr'><strong>ἱππεῖς·</strong></span> <span class='ocrx_word' id='word_1_534' title='bbox 2780 3502 2855 3559; x_wconf 69' lang='grc' dir='ltr'>ὡν</span> <span class='ocrx_word' id='word_1_535' title='bbox 2904 3507 2963 3557; x_wconf 85' lang='grc' dir='ltr'><strong>ού</strong></span> <span class='ocrx_word' id='word_1_536' title='bbox 2998 3505 3191 3577; x_wconf 77' lang='grc' dir='ltr'><strong>πόρρω</strong></span> <span class='ocrx_word' id='word_1_537' title='bbox 3233 3524 3338 3559; x_wconf 78' lang='grc' dir='ltr'><strong>που</strong></span> <span class='ocrx_word' id='word_1_538' title='bbox 3395 3506 3729 3575; x_wconf 71' lang='grc' dir='ltr'><strong>ἀφεστώτων</strong></span> 
     </span>
    </p>
   </div>
   <div class='ocr_carea' id='block_1_83' title="bbox 2141 3591 3733 3670">
    <p class='ocr_par' dir='ltr' id='par_1_83' title="bbox 2141 3591 3733 3670">
     <span class='ocr_line' id='line_1_83' title="bbox 2141 3591 3733 3670; baseline 0.006 -26"><span class='ocrx_word' id='word_1_539' title='bbox 2141 3591 2330 3659; x_wconf 85' lang='grc' dir='ltr'><strong>αὑτοῦ,</strong></span> <span class='ocrx_word' id='word_1_540' title='bbox 2365 3594 2462 3646; x_wconf 80' lang='grc' dir='ltr'><strong>καὶ</strong></span> <span class='ocrx_word' id='word_1_541' title='bbox 2509 3598 2651 3665; x_wconf 84' lang='grc' dir='ltr'><strong>μήτε</strong></span> <span class='ocrx_word' id='word_1_542' title='bbox 2703 3596 2811 3648; x_wconf 82' lang='grc' dir='ltr'><strong>τῶν</strong></span> <span class='ocrx_word' id='word_1_543' title='bbox 2868 3598 3052 3650; x_wconf 80' lang='grc' dir='ltr'><strong>ἵππων</strong></span> <span class='ocrx_word' id='word_1_544' title='bbox 3101 3598 3448 3664; x_wconf 81' lang='grc' dir='ltr'><strong>ἁποὸάντων,</strong></span> <span class='ocrx_word' id='word_1_545' title='bbox 3486 3601 3628 3670; x_wconf 83' lang='grc' dir='ltr'><strong>μήτε</strong></span> <span class='ocrx_word' id='word_1_546' title='bbox 3673 3617 3733 3653; x_wconf 87' lang='grc' dir='ltr'><strong>τι</strong></span> 
     </span>
    </p>
   </div>
   <div class='ocr_carea' id='block_1_84' title="bbox 2141 3687 3735 3762">
    <p class='ocr_par' dir='ltr' id='par_1_84' title="bbox 2141 3687 3735 3762">
     <span class='ocr_line' id='line_1_84' title="bbox 2141 3687 3735 3762; baseline 0.004 -22"><span class='ocrx_word' id='word_1_547' title='bbox 2141 3687 2329 3757; x_wconf 73' lang='grc' dir='ltr'><strong>ἕτερον</strong></span> <span class='ocrx_word' id='word_1_548' title='bbox 2360 3688 2662 3743; x_wconf 85' lang='grc' dir='ltr'><strong>ποιούντων</strong></span> <span class='ocrx_word' id='word_1_549' title='bbox 2693 3688 2730 3743; x_wconf 77' lang='grc' dir='ltr'>ἃ</span> <span class='ocrx_word' id='word_1_550' title='bbox 2770 3690 2905 3761; x_wconf 86' lang='grc' dir='ltr'><strong>πρὸς</strong></span> <span class='ocrx_word' id='word_1_551' title='bbox 2952 3690 3191 3760; x_wconf 82' lang='grc' dir='ltr'><strong>βασιλεῖς</strong></span> <span class='ocrx_word' id='word_1_552' title='bbox 3230 3695 3547 3762; x_wconf 80' lang='grc' dir='ltr'><strong>νενόμισται</strong></span> <span class='ocrx_word' id='word_1_553' title='bbox 3576 3697 3735 3762; x_wconf 86' lang='grc' dir='ltr'><strong>γίνε-</strong></span> 
     </span>
    </p>
   </div>
   <div class='ocr_carea' id='block_1_85' title="bbox 2145 3778 3741 3859">
    <p class='ocr_par' dir='ltr' id='par_1_85' title="bbox 2145 3778 3741 3859">
     <span class='ocr_line' id='line_1_85' title="bbox 2145 3778 3741 3859; baseline 0.006 -26"><span class='ocrx_word' id='word_1_554' title='bbox 2145 3780 2299 3848; x_wconf 85' lang='grc' dir='ltr'><strong>σθαι,</strong></span> <span class='ocrx_word' id='word_1_555' title='bbox 2329 3782 2499 3852; x_wconf 74' lang='grc' dir='ltr'><strong>ἠρετο</strong></span> <span class='ocrx_word' id='word_1_556' title='bbox 2529 3784 2656 3847; x_wconf 83' lang='grc' dir='ltr'><strong>τοὺς</strong></span> <span class='ocrx_word' id='word_1_557' title='bbox 2693 3787 2970 3856; x_wconf 81' lang='grc' dir='ltr'><strong>παρόντας</strong></span> <span class='ocrx_word' id='word_1_558' title='bbox 3015 3778 3246 3849; x_wconf 84' lang='grc' dir='ltr'><strong>ἐκεῖνος,</strong></span> <span class='ocrx_word' id='word_1_559' title='bbox 3286 3787 3351 3838; x_wconf 88' lang='grc' dir='ltr'><strong>Τί</strong></span> <span class='ocrx_word' id='word_1_560' title='bbox 3404 3780 3554 3840; x_wconf 76' lang='grc' dir='ltr'><strong>οὗτοι</strong></span> <span class='ocrx_word' id='word_1_561' title='bbox 3605 3788 3741 3859; x_wconf 83' lang='grc' dir='ltr'><strong>βού-</strong></span> 
     </span>
    </p>
   </div>
   <div class='ocr_carea' id='block_1_86' title="bbox 2143 3874 3733 3951">
    <p class='ocr_par' dir='ltr' id='par_1_86' title="bbox 2143 3874 3733 3951">
     <span class='ocr_line' id='line_1_86' title="bbox 2143 3874 3733 3951; baseline 0.005 -24"><span class='ocrx_word' id='word_1_562' title='bbox 2143 3874 2365 3943; x_wconf 70' lang='grc' dir='ltr'><strong>λονταις</strong></span> <span class='ocrx_word' id='word_1_563' title='bbox 2393 3876 2442 3928; x_wconf 82' lang='grc' dir='ltr'><strong>οῖ</strong></span> <span class='ocrx_word' id='word_1_564' title='bbox 2468 3875 2549 3941; x_wconf 83' lang='grc' dir='ltr'><strong>δὲ,</strong></span> <span class='ocrx_word' id='word_1_565' title='bbox 2593 3876 2809 3929; x_wconf 80' lang='grc' dir='ltr'><strong>Παῦσαί</strong></span> <span class='ocrx_word' id='word_1_566' title='bbox 2846 3894 2904 3930; x_wconf 93' lang='grc' dir='ltr'><strong>σε</strong></span> <span class='ocrx_word' id='word_1_567' title='bbox 2936 3877 3035 3948; x_wconf 83' lang='grc' dir='ltr'><strong>τῆς</strong></span> <span class='ocrx_word' id='word_1_568' title='bbox 3084 3879 3282 3949; x_wconf 82' lang='grc' dir='ltr'><strong>ἀρχῆς,</strong></span> <span class='ocrx_word' id='word_1_569' title='bbox 3320 3881 3733 3951; x_wconf 78' lang='grc' dir='ltr'><strong>ἀπεκρίθησαν.</strong></span> 
     </span>
    </p>
   </div>
   <div class='ocr_carea' id='block_1_87' title="bbox 2146 3970 3738 4045">
    <p class='ocr_par' dir='ltr' id='par_1_87' title="bbox 2146 3970 3738 4045">
     <span class='ocr_line' id='line_1_87' title="bbox 2146 3970 3738 4045; baseline 0.005 -23"><span class='ocrx_word' id='word_1_570' title='bbox 2146 3972 2256 4028; x_wconf 79' lang='grc' dir='ltr'><strong>Καὶ</strong></span> <span class='ocrx_word' id='word_1_571' title='bbox 2305 3970 2364 4034; x_wconf 84' lang='grc' dir='ltr'><strong>ὃς</strong></span> <span class='ocrx_word' id='word_1_572' title='bbox 2398 3971 2601 4024; x_wconf 85' lang='grc' dir='ltr'><strong>αὐτίκα</strong></span> <span class='ocrx_word' id='word_1_573' title='bbox 2639 3972 2732 4025; x_wconf 85' lang='grc' dir='ltr'><strong>τὸν</strong></span> <span class='ocrx_word' id='word_1_574' title='bbox 2765 3973 2985 4043; x_wconf 80' lang='grc' dir='ltr'><strong>χαλινὸν</strong></span> <span class='ocrx_word' id='word_1_575' title='bbox 3037 3972 3114 4045; x_wconf 83' lang='grc' dir='ltr'><strong>τῷ</strong></span> <span class='ocrx_word' id='word_1_576' title='bbox 3164 3974 3321 4045; x_wconf 87' lang='grc' dir='ltr'><strong>ἵππῳ</strong></span> <span class='ocrx_word' id='word_1_577' title='bbox 3374 3977 3586 4042; x_wconf 83' lang='grc' dir='ltr'><strong>ἐνδοὺς,</strong></span> <span class='ocrx_word' id='word_1_578' title='bbox 3647 3979 3738 4041; x_wconf 83' lang='grc' dir='ltr'><strong>είς</strong></span> 
     </span>
    </p>
   </div>
   <div class='ocr_carea' id='block_1_88' title="bbox 2147 4062 3737 4133">
    <p class='ocr_par' dir='ltr' id='par_1_88' title="bbox 2147 4062 3737 4133">
     <span class='ocr_line' id='line_1_88' title="bbox 2147 4062 3737 4133; baseline 0.005 -19"><span class='ocrx_word' id='word_1_579' title='bbox 2147 4062 2328 4133; x_wconf 79' lang='grc' dir='ltr'><strong>φυγὴν</strong></span> <span class='ocrx_word' id='word_1_580' title='bbox 2356 4062 2591 4133; x_wconf 80' lang='grc' dir='ltr'><strong>ἐτράπη.</strong></span> <span class='ocrx_word' id='word_1_581' title='bbox 2627 4063 2737 4115; x_wconf 78' lang='grc' dir='ltr'><strong>Καὶ</strong></span> <span class='ocrx_word' id='word_1_582' title='bbox 2761 4064 2865 4117; x_wconf 78' lang='grc' dir='ltr'><strong>κᾶν</strong></span> <span class='ocrx_word' id='word_1_583' title='bbox 2901 4063 3129 4133; x_wconf 80' lang='grc' dir='ltr'><strong>διέφυγε</strong></span> <span class='ocrx_word' id='word_1_584' title='bbox 3161 4066 3289 4129; x_wconf 85' lang='grc' dir='ltr'><strong>τοὺς</strong></span> <span class='ocrx_word' id='word_1_585' title='bbox 3343 4067 3737 4121; x_wconf 80' lang='grc' dir='ltr'><strong>ἐπιϐουλεύον-</strong></span> 
     </span>
    </p>
   </div>
   <div class='ocr_carea' id='block_1_89' title="bbox 2146 4154 3737 4230">
    <p class='ocr_par' dir='ltr' id='par_1_89' title="bbox 2146 4154 3737 4230">
     <span class='ocr_line' id='line_1_89' title="bbox 2146 4154 3737 4230; baseline 0.004 -23"><span class='ocrx_word' id='word_1_586' title='bbox 2146 4172 2244 4219; x_wconf 79' lang='grc' dir='ltr'><strong>τας</strong></span> <span class='ocrx_word' id='word_1_587' title='bbox 2277 4158 2344 4225; x_wconf 82' lang='grc' dir='ltr'><strong>τῇ</strong></span> <span class='ocrx_word' id='word_1_588' title='bbox 2380 4158 2647 4226; x_wconf 82' lang='grc' dir='ltr'><strong>ταχυτῆτι</strong></span> <span class='ocrx_word' id='word_1_589' title='bbox 2670 4154 2764 4209; x_wconf 90' lang='grc' dir='ltr'><strong>τοῦ</strong></span> <span class='ocrx_word' id='word_1_590' title='bbox 2808 4156 3004 4222; x_wconf 87' lang='grc' dir='ltr'><strong>ἵππου,</strong></span> <span class='ocrx_word' id='word_1_591' title='bbox 3041 4160 3092 4211; x_wconf 84' lang='grc' dir='ltr'><strong>εί</strong></span> <span class='ocrx_word' id='word_1_592' title='bbox 3134 4159 3212 4229; x_wconf 83' lang='grc' dir='ltr'><strong>μὴ</strong></span> <span class='ocrx_word' id='word_1_593' title='bbox 3245 4157 3437 4223; x_wconf 77' lang='grc' dir='ltr'><strong>ὕδατος</strong></span> <span class='ocrx_word' id='word_1_594' title='bbox 3472 4161 3737 4230; x_wconf 81' lang='grc' dir='ltr'><strong>ἐνέτυχεν</strong></span> 
     </span>
    </p>
   </div>
   <div class='ocr_carea' id='block_1_90' title="bbox 2147 4248 3733 4319">
    <p class='ocr_par' dir='ltr' id='par_1_90' title="bbox 2147 4248 3733 4319">
     <span class='ocr_line' id='line_1_90' title="bbox 2147 4248 3733 4319; baseline 0.006 -21"><span class='ocrx_word' id='word_1_595' title='bbox 2147 4249 2341 4319; x_wconf 71' lang='grc' dir='ltr'><strong>ἀχετῷ.</strong></span> <span class='ocrx_word' id='word_1_596' title='bbox 2379 4248 2681 4318; x_wconf 82' lang='grc' dir='ltr'><strong>Παρελθε-ῖν</strong></span> <span class='ocrx_word' id='word_1_597' title='bbox 2717 4248 2825 4319; x_wconf 74' lang='grc' dir='ltr'><strong>γὰρ</strong></span> <span class='ocrx_word' id='word_1_598' title='bbox 2859 4251 3051 4304; x_wconf 88' lang='grc' dir='ltr'><strong>τοῦτον</strong></span> <span class='ocrx_word' id='word_1_599' title='bbox 3077 4253 3104 4304; x_wconf 78' lang='grc' dir='ltr'>ὁ</span> <span class='ocrx_word' id='word_1_600' title='bbox 3143 4253 3311 4316; x_wconf 88' lang='grc' dir='ltr'><strong>ἵππος</strong></span> <span class='ocrx_word' id='word_1_601' title='bbox 3346 4253 3733 4308; x_wconf 78' lang='grc' dir='ltr'><strong>ἀποδ-δειλια-</strong></span> 
     </span>
    </p>
   </div>
   <div class='ocr_carea' id='block_1_91' title="bbox 2149 4340 3739 4413">
    <p class='ocr_par' dir='ltr' id='par_1_91' title="bbox 2149 4340 3739 4413">
     <span class='ocr_line' id='line_1_91' title="bbox 2149 4340 3739 4413; baseline 0.007 -20"><span class='ocrx_word' id='word_1_602' title='bbox 2149 4342 2288 4407; x_wconf 84' lang='grc' dir='ltr'><strong>κὼς,</strong></span> <span class='ocrx_word' id='word_1_603' title='bbox 2319 4340 2449 4413; x_wconf 76' lang='grc' dir='ltr'><strong>ἔστη</strong></span> <span class='ocrx_word' id='word_1_604' title='bbox 2475 4360 2489 4373; x_wconf 90' lang='grc'><strong>·</strong></span> <span class='ocrx_word' id='word_1_605' title='bbox 2524 4343 2619 4395; x_wconf 76' lang='grc' dir='ltr'><strong>καὶ</strong></span> <span class='ocrx_word' id='word_1_606' title='bbox 2642 4343 2786 4395; x_wconf 78' lang='grc' dir='ltr'><strong>οὓτω</strong></span> <span class='ocrx_word' id='word_1_607' title='bbox 2818 4344 3127 4399; x_wconf 78' lang='grc' dir='ltr'><strong>κατέλαϐον</strong></span> <span class='ocrx_word' id='word_1_608' title='bbox 3180 4347 3231 4398; x_wconf 83' lang='lat' dir='ltr'><strong>oi.</strong></span> <span class='ocrx_word' id='word_1_609' title='bbox 3275 4347 3586 4413; x_wconf 83' lang='grc' dir='ltr'><strong>διώκοντες,</strong></span> <span class='ocrx_word' id='word_1_610' title='bbox 3637 4349 3739 4404; x_wconf 81' lang='grc' dir='ltr'><strong>καί</strong></span> 
     </span>
    </p>
   </div>
   <div class='ocr_carea' id='block_1_92' title="bbox 2148 4435 3739 4513">
    <p class='ocr_par' dir='ltr' id='par_1_92' title="bbox 2148 4435 3739 4513">
     <span class='ocr_line' id='line_1_92' title="bbox 2148 4435 3739 4513; baseline 0.006 -26"><span class='ocrx_word' id='word_1_611' title='bbox 2148 4452 2235 4498; x_wconf 87' lang='grc' dir='ltr'><strong>τις</strong></span> <span class='ocrx_word' id='word_1_612' title='bbox 2294 4436 2416 4487; x_wconf 86' lang='grc' dir='ltr'><strong>κατ’</strong></span> <span class='ocrx_word' id='word_1_613' title='bbox 2456 4435 2624 4488; x_wconf 84' lang='grc' dir='ltr'><strong>αὑτοῦ</strong></span> <span class='ocrx_word' id='word_1_614' title='bbox 2676 4436 2737 4488; x_wconf 84' lang='grc' dir='ltr'><strong>τὸ</strong></span> <span class='ocrx_word' id='word_1_615' title='bbox 2764 4435 2892 4507; x_wconf 83' lang='grc' dir='ltr'><strong>δόρυ</strong></span> <span class='ocrx_word' id='word_1_616' title='bbox 2925 4437 3238 4507; x_wconf 72' lang='grc' dir='ltr'><strong>ἡκόντισεν.</strong></span> <span class='ocrx_word' id='word_1_617' title='bbox 3291 4441 3354 4493; x_wconf 86' lang='lat'><strong>&#39;0</strong></span> <span class='ocrx_word' id='word_1_618' title='bbox 3406 4441 3464 4494; x_wconf 87' lang='grc' dir='ltr'><strong>δέ</strong></span> <span class='ocrx_word' id='word_1_619' title='bbox 3501 4442 3739 4513; x_wconf 70' lang='grc' dir='ltr'><strong>πληγεὶς</strong></span> 
     </span>
    </p>
   </div>
   <div class='ocr_carea' id='block_1_93' title="bbox 467 4526 2036 4606">
    <p class='ocr_par' dir='ltr' id='par_1_93' title="bbox 467 4531 2036 4601">
     <span class='ocr_line' id='line_1_93' title="bbox 467 4531 2036 4601; baseline 0 -15"><span class='ocrx_word' id='word_1_620' title='bbox 467 4532 794 4586; x_wconf 75' lang='lat' dir='ltr'><strong>llerat&#39;liano</strong></span> <span class='ocrx_word' id='word_1_621' title='bbox 838 4531 1061 4585; x_wconf 88' lang='lat' dir='ltr'><strong>Aureoli</strong></span> <span class='ocrx_word' id='word_1_622' title='bbox 1108 4535 1395 4601; x_wconf 82' lang='lat' dir='ltr'><strong>conjutato</strong></span> <span class='ocrx_word' id='word_1_623' title='bbox 1437 4532 1737 4587; x_wconf 78' lang='lat' dir='ltr'><strong>excitatum</strong></span> <span class='ocrx_word' id='word_1_624' title='bbox 1771 4548 1913 4588; x_wconf 86' lang='lat' dir='ltr'><strong>esse.</strong></span> <span class='ocrx_word' id='word_1_625' title='bbox 1949 4533 2036 4600; x_wconf 85' lang='lat' dir='ltr'><strong>Qu</strong></span> 
     </span>
    </p>
   </div>
   <div class='ocr_carea' id='block_1_94' title="bbox 2139 4526 3739 4606">
    <p class='ocr_par' dir='ltr' id='par_1_94' title="bbox 2157 4526 3739 4606">
     <span class='ocr_line' id='line_1_94' title="bbox 2157 4526 3739 4606; baseline 0.008 -27"><span class='ocrx_word' id='word_1_626' title='bbox 2157 4526 2251 4580; x_wconf 91' lang='grc' dir='ltr'><strong>τοῦ</strong></span> <span class='ocrx_word' id='word_1_627' title='bbox 2286 4527 2458 4581; x_wconf 81' lang='grc' dir='ltr'><strong>ἵππου</strong></span> <span class='ocrx_word' id='word_1_628' title='bbox 2509 4529 2839 4598; x_wconf 82' lang='grc' dir='ltr'><strong>κατήνεκτο,</strong></span> <span class='ocrx_word' id='word_1_629' title='bbox 2873 4532 2969 4584; x_wconf 81' lang='grc' dir='ltr'><strong>καὶ</strong></span> <span class='ocrx_word' id='word_1_630' title='bbox 3012 4533 3108 4584; x_wconf 84' lang='grc' dir='ltr'><strong>ἐπὶ</strong></span> <span class='ocrx_word' id='word_1_631' title='bbox 3156 4534 3356 4602; x_wconf 86' lang='grc' dir='ltr'><strong>μικρὸν</strong></span> <span class='ocrx_word' id='word_1_632' title='bbox 3413 4535 3739 4606; x_wconf 79' lang='grc' dir='ltr'><strong>διαρκέσας,</strong></span> 
     </span>
    </p>
   </div>
   <div class='ocr_carea' id='block_1_95' title="bbox 468 4618 2045 4687">
    <p class='ocr_par' dir='ltr' id='par_1_95' title="bbox 468 4618 2045 4687">
     <span class='ocr_line' id='line_1_95' title="bbox 468 4618 2045 4687; baseline 0.003 -13"><span class='ocrx_word' id='word_1_633' title='bbox 468 4636 594 4674; x_wconf 84' lang='lat' dir='ltr'><strong>cum</strong></span> <span class='ocrx_word' id='word_1_634' title='bbox 631 4620 680 4673; x_wconf 84' lang='lat' dir='ltr'><strong>ei</strong></span> <span class='ocrx_word' id='word_1_635' title='bbox 715 4628 772 4673; x_wconf 89' lang='lat' dir='ltr'><strong>et</strong></span> <span class='ocrx_word' id='word_1_636' title='bbox 819 4618 1052 4673; x_wconf 87' lang='lat' dir='ltr'><strong>Claudio</strong></span> <span class='ocrx_word' id='word_1_637' title='bbox 1106 4619 1226 4674; x_wconf 88' lang='lat' dir='ltr'><strong>viro</strong></span> <span class='ocrx_word' id='word_1_638' title='bbox 1264 4618 1710 4687; x_wconf 80' lang='lat' dir='ltr'><strong>bellicosissima,</strong></span> <span class='ocrx_word' id='word_1_639' title='bbox 1744 4621 2045 4678; x_wconf 85' lang='lat' dir='ltr'><strong>Aureolum</strong></span> 
     </span>
    </p>
   </div>
   <div class='ocr_carea' id='block_1_96' title="bbox 463 4709 2044 4782">
    <p class='ocr_par' dir='ltr' id='par_1_96' title="bbox 463 4709 2044 4782">
     <span class='ocr_line' id='line_1_96' title="bbox 463 4709 2044 4782; baseline 0.004 -19"><span class='ocrx_word' id='word_1_640' title='bbox 463 4713 577 4782; x_wconf 87' lang='lat' dir='ltr'><strong>jam</strong></span> <span class='ocrx_word' id='word_1_641' title='bbox 636 4725 762 4763; x_wconf 89' lang='lat' dir='ltr'><strong>cum</strong></span> <span class='ocrx_word' id='word_1_642' title='bbox 826 4709 1043 4779; x_wconf 86' lang='lat' dir='ltr'><strong>magnis</strong></span> <span class='ocrx_word' id='word_1_643' title='bbox 1096 4709 1280 4779; x_wconf 90' lang='lat' dir='ltr'><strong>copiis</strong></span> <span class='ocrx_word' id='word_1_644' title='bbox 1339 4710 1644 4767; x_wconf 79' lang='lat' dir='ltr'><strong>adventare</strong></span> <span class='ocrx_word' id='word_1_645' title='bbox 1710 4714 2044 4779; x_wconf 89' lang='lat' dir='ltr'><strong>nuntiasset,</strong></span> 
     </span>
    </p>
   </div>
   <div class='ocr_carea' id='block_1_97' title="bbox 466 4802 2051 4872">
    <p class='ocr_par' dir='ltr' id='par_1_97' title="bbox 466 4802 2051 4872">
     <span class='ocr_line' id='line_1_97' title="bbox 466 4802 2051 4872; baseline 0.001 -13"><span class='ocrx_word' id='word_1_646' title='bbox 466 4802 755 4859; x_wconf 86' lang='lat' dir='ltr'><strong>Galienum</strong></span> <span class='ocrx_word' id='word_1_647' title='bbox 801 4802 988 4857; x_wconf 90' lang='lat' dir='ltr'><strong>subito</strong></span> <span class='ocrx_word' id='word_1_648' title='bbox 1036 4802 1233 4856; x_wconf 89' lang='lat' dir='ltr'><strong>nuntio</strong></span> <span class='ocrx_word' id='word_1_649' title='bbox 1284 4803 1660 4872; x_wconf 89' lang='lat' dir='ltr'><strong>perterritum,</strong></span> <span class='ocrx_word' id='word_1_650' title='bbox 1699 4819 1764 4860; x_wconf 88' lang='lat' dir='ltr'><strong>ac</strong></span> <span class='ocrx_word' id='word_1_651' title='bbox 1807 4806 2051 4860; x_wconf 86' lang='lat' dir='ltr'><strong>seminu-</strong></span> 
     </span>
    </p>
   </div>
   <div class='ocr_carea' id='block_1_98' title="bbox 469 4894 2049 4966">
    <p class='ocr_par' dir='ltr' id='par_1_98' title="bbox 469 4894 2049 4966">
     <span class='ocr_line' id='line_1_98' title="bbox 469 4894 2049 4966; baseline 0.003 -17"><span class='ocrx_word' id='word_1_652' title='bbox 469 4897 602 4950; x_wconf 89' lang='lat' dir='ltr'><strong>dum</strong></span> <span class='ocrx_word' id='word_1_653' title='bbox 665 4894 817 4948; x_wconf 84' lang='lat' dir='ltr'><strong>lecto</strong></span> <span class='ocrx_word' id='word_1_654' title='bbox 873 4894 1248 4957; x_wconf 77' lang='lat' dir='ltr'><strong>exsilientem,</strong></span> <span class='ocrx_word' id='word_1_655' title='bbox 1308 4908 1575 4964; x_wconf 89' lang='lat' dir='ltr'><strong>armaque</strong></span> <span class='ocrx_word' id='word_1_656' title='bbox 1624 4905 1927 4966; x_wconf 78' lang='lat' dir='ltr'><strong>petentem,</strong></span> <span class='ocrx_word' id='word_1_657' title='bbox 1979 4899 2049 4954; x_wconf 90' lang='lat' dir='ltr'><strong>ab</strong></span> 
     </span>
    </p>
   </div>
   <div class='ocr_carea' id='block_1_99' title="bbox 471 4983 2052 5055">
    <p class='ocr_par' dir='ltr' id='par_1_99' title="bbox 471 4983 2052 5055">
     <span class='ocr_line' id='line_1_99' title="bbox 471 4983 2052 5055; baseline 0.002 -16"><span class='ocrx_word' id='word_1_658' title='bbox 471 4986 568 5039; x_wconf 85' lang='lat' dir='ltr'><strong>illo</strong></span> <span class='ocrx_word' id='word_1_659' title='bbox 619 4998 819 5038; x_wconf 67' lang='lat' dir='ltr'><strong>caesum</strong></span> <span class='ocrx_word' id='word_1_660' title='bbox 872 4998 1014 5038; x_wconf 87' lang='lat' dir='ltr'><strong>esse.</strong></span> <span class='ocrx_word' id='word_1_661' title='bbox 1070 4983 1248 5052; x_wconf 85' lang='lat' dir='ltr'><strong>llujus</strong></span> <span class='ocrx_word' id='word_1_662' title='bbox 1281 4984 1625 5053; x_wconf 89' lang='lat' dir='ltr'><strong>temporibus</strong></span> <span class='ocrx_word' id='word_1_663' title='bbox 1672 4984 1896 5055; x_wconf 79' lang='lat' dir='ltr'><strong>Xystus,</strong></span> <span class='ocrx_word' id='word_1_664' title='bbox 1950 5004 2052 5042; x_wconf 91' lang='lat' dir='ltr'><strong>un-</strong></span> 
     </span>
    </p>
   </div>
   <div class='ocr_carea' id='block_1_100' title="bbox 472 5073 2044 5144">
    <p class='ocr_par' dir='ltr' id='par_1_100' title="bbox 472 5073 2044 5144">
     <span class='ocr_line' id='line_1_100' title="bbox 472 5073 2044 5144; baseline 0.001 -13"><span class='ocrx_word' id='word_1_665' title='bbox 472 5075 690 5131; x_wconf 88' lang='lat' dir='ltr'><strong>decimo</strong></span> <span class='ocrx_word' id='word_1_666' title='bbox 720 5075 952 5129; x_wconf 84' lang='lat' dir='ltr'><strong>Romani</strong></span> <span class='ocrx_word' id='word_1_667' title='bbox 997 5073 1350 5144; x_wconf 89' lang='lat' dir='ltr'><strong>episcopatus</strong></span> <span class='ocrx_word' id='word_1_668' title='bbox 1380 5090 1525 5129; x_wconf 91' lang='lat' dir='ltr'><strong>anno</strong></span> <span class='ocrx_word' id='word_1_669' title='bbox 1557 5077 1873 5143; x_wconf 78' lang='lat' dir='ltr'><strong>defunctus,</strong></span> <span class='ocrx_word' id='word_1_670' title='bbox 1914 5079 2044 5134; x_wconf 86' lang='lat' dir='ltr'><strong>Dio-</strong></span> 
     </span>
    </p>
   </div>
   <div class='ocr_carea' id='block_1_101' title="bbox 418 5166 2054 5240">
    <p class='ocr_par' dir='ltr' id='par_1_101' title="bbox 418 5166 2054 5240">
     <span class='ocr_line' id='line_1_101' title="bbox 418 5166 2054 5240; baseline 0 -16"><span class='ocrx_word' id='word_1_671' title='bbox 418 5168 435 5205; x_wconf 61' lang='grc' dir='ltr'><strong>δ’</strong></span> <span class='ocrx_word' id='word_1_672' title='bbox 473 5169 692 5240; x_wconf 85' lang='lat' dir='ltr'><strong>nysium</strong></span> <span class='ocrx_word' id='word_1_673' title='bbox 743 5181 1121 5221; x_wconf 90' lang='lat' dir='ltr'><strong>successorem</strong></span> <span class='ocrx_word' id='word_1_674' title='bbox 1180 5166 1402 5223; x_wconf 86' lang='lat' dir='ltr'><strong>habuit.</strong></span> <span class='ocrx_word' id='word_1_675' title='bbox 1458 5166 1813 5223; x_wconf 89' lang='lat' dir='ltr'><strong>Demetriano</strong></span> <span class='ocrx_word' id='word_1_676' title='bbox 1858 5169 2054 5225; x_wconf 89' lang='lat' dir='ltr'><strong>Antio-</strong></span> 
     </span>
    </p>
   </div>
   <div class='ocr_carea' id='block_1_102' title="bbox 473 5258 2055 5332">
    <p class='ocr_par' dir='ltr' id='par_1_102' title="bbox 473 5258 2055 5332">
     <span class='ocr_line' id='line_1_102' title="bbox 473 5258 2055 5332; baseline 0.001 -15"><span class='ocrx_word' id='word_1_677' title='bbox 473 5262 653 5318; x_wconf 88' lang='lat' dir='ltr'><strong>cheno</strong></span> <span class='ocrx_word' id='word_1_678' title='bbox 694 5270 931 5322; x_wconf 81' lang='lat' dir='ltr'><strong>mortuo,</strong></span> <span class='ocrx_word' id='word_1_679' title='bbox 980 5258 1182 5313; x_wconf 82' lang='lat' dir='ltr'><strong>Paulus</strong></span> <span class='ocrx_word' id='word_1_680' title='bbox 1221 5258 1615 5315; x_wconf 83' lang='lat' dir='ltr'><strong>Samosatenus</strong></span> <span class='ocrx_word' id='word_1_681' title='bbox 1649 5260 1915 5315; x_wconf 85' lang='lat' dir='ltr'><strong>successit</strong></span> <span class='ocrx_word' id='word_1_682' title='bbox 1958 5263 2055 5332; x_wconf 90' lang='lat' dir='ltr'><strong>qui</strong></span> 
     </span>
    </p>
   </div>
   <div class='ocr_carea' id='block_1_103' title="bbox 476 5352 2056 5417">
    <p class='ocr_par' dir='ltr' id='par_1_103' title="bbox 476 5352 2056 5417">
     <span class='ocr_line' id='line_1_103' title="bbox 476 5352 2056 5417; baseline 0.001 -7"><span class='ocrx_word' id='word_1_683' title='bbox 476 5355 547 5409; x_wconf 92' lang='lat' dir='ltr'><strong>de</strong></span> <span class='ocrx_word' id='word_1_684' title='bbox 595 5354 812 5409; x_wconf 86' lang='lat' dir='ltr'><strong>Christo</strong></span> <span class='ocrx_word' id='word_1_685' title='bbox 867 5352 1155 5407; x_wconf 90' lang='lat' dir='ltr'><strong>humiliter</strong></span> <span class='ocrx_word' id='word_1_686' title='bbox 1205 5352 1417 5417; x_wconf 88' lang='lat' dir='ltr'><strong>docuit,</strong></span> <span class='ocrx_word' id='word_1_687' title='bbox 1451 5367 1577 5407; x_wconf 87' lang='lat' dir='ltr'><strong>eum</strong></span> <span class='ocrx_word' id='word_1_688' title='bbox 1604 5353 1882 5409; x_wconf 89' lang='lat' dir='ltr'><strong>hominem</strong></span> <span class='ocrx_word' id='word_1_689' title='bbox 1934 5372 2056 5412; x_wconf 84' lang='lat' dir='ltr'><strong>esse</strong></span> 
     </span>
    </p>
   </div>
   <div class='ocr_carea' id='block_1_104' title="bbox 476 5442 2056 5514">
    <p class='ocr_par' dir='ltr' id='par_1_104' title="bbox 476 5442 2056 5514">
     <span class='ocr_line' id='line_1_104' title="bbox 476 5442 2056 5514; baseline 0.002 -13"><span class='ocrx_word' id='word_1_690' title='bbox 476 5455 678 5501; x_wconf 86' lang='lat' dir='ltr'><strong>natura</strong></span> <span class='ocrx_word' id='word_1_691' title='bbox 710 5444 993 5499; x_wconf 89' lang='lat' dir='ltr'><strong>communi</strong></span> <span class='ocrx_word' id='word_1_692' title='bbox 1029 5442 1350 5514; x_wconf 68' lang='lat' dir='ltr'><strong>praeditum,</strong></span> <span class='ocrx_word' id='word_1_693' title='bbox 1380 5453 1437 5498; x_wconf 86' lang='lat' dir='ltr'><strong>et</strong></span> <span class='ocrx_word' id='word_1_694' title='bbox 1471 5460 1580 5498; x_wconf 89' lang='lat' dir='ltr'><strong>non</strong></span> <span class='ocrx_word' id='word_1_695' title='bbox 1618 5446 1812 5500; x_wconf 91' lang='lat' dir='ltr'><strong>Deum.</strong></span> <span class='ocrx_word' id='word_1_696' title='bbox 1852 5449 2056 5504; x_wconf 89' lang='lat' dir='ltr'><strong>Contra</strong></span> 
     </span>
    </p>
   </div>
   <div class='ocr_carea' id='block_1_105' title="bbox 477 5524 2055 5607">
    <p class='ocr_par' dir='ltr' id='par_1_105' title="bbox 477 5524 2055 5607">
     <span class='ocr_line' id='line_1_105' title="bbox 477 5524 2055 5607; baseline 0.004 -18"><span class='ocrx_word' id='word_1_697' title='bbox 477 5524 640 5606; x_wconf 78' lang='lat'><strong>635</strong></span> <span class='ocrx_word' id='word_1_698' title='bbox 661 5537 809 5591; x_wconf 92' lang='lat' dir='ltr'><strong>hunc</strong></span> <span class='ocrx_word' id='word_1_699' title='bbox 833 5537 1063 5592; x_wconf 90' lang='lat' dir='ltr'><strong>aliarum</strong></span> <span class='ocrx_word' id='word_1_700' title='bbox 1088 5536 1457 5591; x_wconf 87' lang='lat' dir='ltr'><strong>Ecclesiarum</strong></span> <span class='ocrx_word' id='word_1_701' title='bbox 1488 5548 1737 5607; x_wconf 81' lang='lat' dir='ltr'><strong>pastores</strong></span> <span class='ocrx_word' id='word_1_702' title='bbox 1763 5541 2055 5597; x_wconf 91' lang='lat' dir='ltr'><strong>concilium</strong></span> 
     </span>
    </p>
   </div>
   <div class='ocr_carea' id='block_1_106' title="bbox 478 5627 2054 5711">
    <p class='ocr_par' dir='ltr' id='par_1_106' title="bbox 478 5627 2054 5711">
     <span class='ocr_line' id='line_1_106' title="bbox 478 5627 2054 5711; baseline 0.003 -28"><span class='ocrx_word' id='word_1_703' title='bbox 478 5628 820 5711; x_wconf 75' lang='lat' dir='ltr'><strong>indixerunt,</strong></span> <span class='ocrx_word' id='word_1_704' title='bbox 883 5628 976 5683; x_wconf 87' lang='lat' dir='ltr'><strong>cui</strong></span> <span class='ocrx_word' id='word_1_705' title='bbox 1028 5628 1194 5683; x_wconf 89' lang='lat' dir='ltr'><strong>etiam</strong></span> <span class='ocrx_word' id='word_1_706' title='bbox 1244 5627 1545 5698; x_wconf 83' lang='lat' dir='ltr'><strong>Gregorius</strong></span> <span class='ocrx_word' id='word_1_707' title='bbox 1593 5629 2054 5703; x_wconf 82' lang='lat' dir='ltr'><strong>Thaumaturgus,</strong></span> 
     </span>
    </p>
   </div>
   <div class='ocr_carea' id='block_1_107' title="bbox 479 5717 2058 5794">
    <p class='ocr_par' dir='ltr' id='par_1_107' title="bbox 479 5717 2058 5794">
     <span class='ocr_line' id='line_1_107' title="bbox 479 5717 2058 5794; baseline 0.006 -22"><span class='ocrx_word' id='word_1_708' title='bbox 479 5729 537 5772; x_wconf 87' lang='lat' dir='ltr'><strong>ct</strong></span> <span class='ocrx_word' id='word_1_709' title='bbox 568 5719 739 5773; x_wconf 65' lang='lat' dir='ltr'><strong>frater</strong></span> <span class='ocrx_word' id='word_1_710' title='bbox 776 5720 896 5787; x_wconf 86' lang='lat' dir='ltr'><strong>cjus</strong></span> <span class='ocrx_word' id='word_1_711' title='bbox 936 5717 1329 5773; x_wconf 85' lang='lat' dir='ltr'><strong>Athenodorus</strong></span> <span class='ocrx_word' id='word_1_712' title='bbox 1357 5719 1733 5776; x_wconf 64' lang='lat' dir='ltr'><strong>inzcrfucrunt</strong></span> <span class='ocrx_word' id='word_1_713' title='bbox 1764 5740 1776 5774; x_wconf 94' lang='lat'><strong>:</strong></span> <span class='ocrx_word' id='word_1_714' title='bbox 1812 5737 2058 5794; x_wconf 86' lang='lat' dir='ltr'><strong>eumque</strong></span> 
     </span>
    </p>
   </div>
   <div class='ocr_carea' id='block_1_108' title="bbox 482 5804 2056 5883">
    <p class='ocr_par' dir='ltr' id='par_1_108' title="bbox 482 5804 2056 5883">
     <span class='ocr_line' id='line_1_108' title="bbox 482 5804 2056 5883; baseline 0.008 -27"><span class='ocrx_word' id='word_1_715' title='bbox 482 5820 540 5857; x_wconf 78' lang='lat' dir='ltr'><strong>ut</strong></span> <span class='ocrx_word' id='word_1_716' title='bbox 589 5823 873 5876; x_wconf 81' lang='lat' dir='ltr'><strong>perperam</strong></span> <span class='ocrx_word' id='word_1_717' title='bbox 913 5807 981 5861; x_wconf 87' lang='lat' dir='ltr'><strong>de</strong></span> <span class='ocrx_word' id='word_1_718' title='bbox 1028 5804 1250 5863; x_wconf 88' lang='lat' dir='ltr'><strong>Christo</strong></span> <span class='ocrx_word' id='word_1_719' title='bbox 1300 5808 1655 5875; x_wconf 86' lang='lat' dir='ltr'><strong>sentientem,</strong></span> <span class='ocrx_word' id='word_1_720' title='bbox 1715 5813 2056 5883; x_wconf 86' lang='lat' dir='ltr'><strong>convictum,</strong></span> 
     </span>
    </p>
   </div>
   <div class='ocr_carea' id='block_1_109' title="bbox 2154 4617 3741 4697">
    <p class='ocr_par' dir='ltr' id='par_1_109' title="bbox 2154 4617 3741 4697">
     <span class='ocr_line' id='line_1_109' title="bbox 2154 4617 3741 4697; baseline 0.008 -28"><span class='ocrx_word' id='word_1_721' title='bbox 2154 4619 2220 4671; x_wconf 82' lang='grc' dir='ltr'><strong>ἐκ</strong></span> <span class='ocrx_word' id='word_1_722' title='bbox 2248 4619 2346 4689; x_wconf 86' lang='grc' dir='ltr'><strong>τῆς</strong></span> <span class='ocrx_word' id='word_1_723' title='bbox 2371 4617 2467 4671; x_wconf 89' lang='grc' dir='ltr'><strong>τοῦ</strong></span> <span class='ocrx_word' id='word_1_724' title='bbox 2506 4618 2738 4689; x_wconf 77' lang='grc' dir='ltr'><strong>αἵματος</strong></span> <span class='ocrx_word' id='word_1_725' title='bbox 2767 4619 3090 4694; x_wconf 72' lang='grc' dir='ltr'><strong>ἐτελεύτησε</strong></span> <span class='ocrx_word' id='word_1_726' title='bbox 3114 4625 3346 4693; x_wconf 81' lang='grc' dir='ltr'><strong>ῥύσεως,</strong></span> <span class='ocrx_word' id='word_1_727' title='bbox 3408 4626 3741 4697; x_wconf 82' lang='grc' dir='ltr'><strong>βασιλεύσας</strong></span> 
     </span>
    </p>
   </div>
   <div class='ocr_carea' id='block_1_110' title="bbox 2155 4710 3743 4790">
    <p class='ocr_par' dir='ltr' id='par_1_110' title="bbox 2155 4710 3743 4790">
     <span class='ocr_line' id='line_1_110' title="bbox 2155 4710 3743 4790; baseline 0.009 -29"><span class='ocrx_word' id='word_1_728' title='bbox 2155 4710 2436 4773; x_wconf 74' lang='grc' dir='ltr'><strong>ἐνιαυτοὺς</strong></span> <span class='ocrx_word' id='word_1_729' title='bbox 2470 4710 2872 4764; x_wconf 88' lang='grc' dir='ltr'><strong>πεντεκαίδεκα</strong></span> <span class='ocrx_word' id='word_1_730' title='bbox 2899 4712 2997 4766; x_wconf 83' lang='grc' dir='ltr'><strong>σὺν</strong></span> <span class='ocrx_word' id='word_1_731' title='bbox 3029 4715 3142 4777; x_wconf 88' lang='grc' dir='ltr'><strong>τοῖς</strong></span> <span class='ocrx_word' id='word_1_732' title='bbox 3169 4713 3263 4767; x_wconf 90' lang='grc' dir='ltr'><strong>τοῦ</strong></span> <span class='ocrx_word' id='word_1_733' title='bbox 3294 4720 3517 4790; x_wconf 85' lang='grc' dir='ltr'><strong>πατρός.</strong></span> <span class='ocrx_word' id='word_1_734' title='bbox 3548 4713 3659 4772; x_wconf 84' lang='grc' dir='ltr'><strong>Ἦν</strong></span> <span class='ocrx_word' id='word_1_735' title='bbox 3681 4722 3743 4776; x_wconf 75' lang='grc' dir='ltr'><strong>δὲ</strong></span> 
     </span>
    </p>
   </div>
   <div class='ocr_carea' id='block_1_111' title="bbox 2155 4801 3739 4879">
    <p class='ocr_par' dir='ltr' id='par_1_111' title="bbox 2155 4801 3739 4879">
     <span class='ocr_line' id='line_1_111' title="bbox 2155 4801 3739 4879; baseline 0.007 -24"><span class='ocrx_word' id='word_1_736' title='bbox 2155 4804 2254 4872; x_wconf 77' lang='grc' dir='ltr'><strong>τὴν</strong></span> <span class='ocrx_word' id='word_1_737' title='bbox 2280 4801 2509 4872; x_wconf 88' lang='grc' dir='ltr'><strong>γνώμην</strong></span> <span class='ocrx_word' id='word_1_738' title='bbox 2544 4803 2832 4874; x_wconf 84' lang='grc' dir='ltr'><strong>φιλότιμος</strong></span> <span class='ocrx_word' id='word_1_739' title='bbox 2871 4805 2971 4857; x_wconf 78' lang='grc' dir='ltr'><strong>καὶ</strong></span> <span class='ocrx_word' id='word_1_740' title='bbox 2993 4808 3131 4859; x_wconf 84' lang='grc' dir='ltr'><strong>πᾶσι</strong></span> <span class='ocrx_word' id='word_1_741' title='bbox 3178 4806 3349 4860; x_wconf 80' lang='grc' dir='ltr'><strong>θέλων</strong></span> <span class='ocrx_word' id='word_1_742' title='bbox 3386 4812 3739 4879; x_wconf 78' lang='grc' dir='ltr'><strong>χαρίζεσθαι,</strong></span> 
     </span>
    </p>
   </div>
   <div class='ocr_carea' id='block_1_112' title="bbox 2157 4897 3742 4977">
    <p class='ocr_par' dir='ltr' id='par_1_112' title="bbox 2157 4897 3742 4977">
     <span class='ocr_line' id='line_1_112' title="bbox 2157 4897 3742 4977; baseline 0.008 -28"><span class='ocrx_word' id='word_1_743' title='bbox 2157 4898 2255 4949; x_wconf 77' lang='grc' dir='ltr'><strong>καὶ</strong></span> <span class='ocrx_word' id='word_1_744' title='bbox 2275 4897 2449 4958; x_wconf 81' lang='grc' dir='ltr'><strong>οὐδεὶς</strong></span> <span class='ocrx_word' id='word_1_745' title='bbox 2478 4897 2801 4969; x_wconf 73' lang='grc' dir='ltr'><strong>αἰτούμενος</strong></span> <span class='ocrx_word' id='word_1_746' title='bbox 2827 4899 2990 4953; x_wconf 83' lang='grc' dir='ltr'><strong>αὑτὸν</strong></span> <span class='ocrx_word' id='word_1_747' title='bbox 3030 4900 3402 4971; x_wconf 83' lang='grc' dir='ltr'><strong>διημάρτανεν</strong></span> <span class='ocrx_word' id='word_1_748' title='bbox 3427 4921 3440 4934; x_wconf 89' lang='grc'><strong>·</strong></span> <span class='ocrx_word' id='word_1_749' title='bbox 3475 4904 3600 4958; x_wconf 78' lang='grc' dir='ltr'><strong>οὔτε</strong></span> <span class='ocrx_word' id='word_1_750' title='bbox 3633 4908 3742 4977; x_wconf 80' lang='grc' dir='ltr'><strong>μὴν</strong></span> 
     </span>
    </p>
   </div>
   <div class='ocr_carea' id='block_1_113' title="bbox 2158 4990 3733 5063">
    <p class='ocr_par' dir='ltr' id='par_1_113' title="bbox 2158 4990 3733 5063">
     <span class='ocr_line' id='line_1_113' title="bbox 2158 4990 3733 5063; baseline 0 -21"><span class='ocrx_word' id='word_1_751' title='bbox 2158 4990 2285 5052; x_wconf 83' lang='grc' dir='ltr'><strong>τοὺς</strong></span> <span class='ocrx_word' id='word_1_752' title='bbox 2319 4990 2740 5053; x_wconf 77' lang='grc' dir='ltr'><strong>ἐναντιωθέντας</strong></span> <span class='ocrx_word' id='word_1_753' title='bbox 2783 4990 2954 5060; x_wconf 83' lang='grc' dir='ltr'><strong>αὐτῷ,</strong></span> <span class='ocrx_word' id='word_1_754' title='bbox 2996 4990 3029 5060; x_wconf 83' lang='grc' dir='ltr'>ἢ</span> <span class='ocrx_word' id='word_1_755' title='bbox 3063 4994 3470 5063; x_wconf 77' lang='grc' dir='ltr'><strong>προστεθέντας</strong></span> <span class='ocrx_word' id='word_1_756' title='bbox 3500 5001 3614 5062; x_wconf 84' lang='grc' dir='ltr'><strong>τοῖς</strong></span> <span class='ocrx_word' id='word_1_757' title='bbox 3646 5016 3733 5052; x_wconf 76' lang='grc' dir='ltr'><strong>τυ-</strong></span> 
     </span>
    </p>
   </div>
   <div class='ocr_carea' id='block_1_114' title="bbox 2164 5083 3735 5154">
    <p class='ocr_par' dir='ltr' id='par_1_114' title="bbox 2164 5083 3735 5154">
     <span class='ocr_line' id='line_1_114' title="bbox 2164 5083 3735 5154; baseline 0.006 -20"><span class='ocrx_word' id='word_1_758' title='bbox 2164 5085 2518 5153; x_wconf 85' lang='grc' dir='ltr'><strong>ραννήσασιν,</strong></span> <span class='ocrx_word' id='word_1_759' title='bbox 2575 5083 2981 5154; x_wconf 78' lang='grc' dir='ltr'><strong>ἐτιμωρήσατο.</strong></span> <span class='ocrx_word' id='word_1_760' title='bbox 3021 5084 3084 5136; x_wconf 85' lang='grc' dir='ltr'><strong>Οί</strong></span> <span class='ocrx_word' id='word_1_761' title='bbox 3110 5084 3211 5154; x_wconf 83' lang='grc' dir='ltr'><strong>μὲν</strong></span> <span class='ocrx_word' id='word_1_762' title='bbox 3242 5086 3338 5139; x_wconf 81' lang='grc' dir='ltr'><strong>οῦν</strong></span> <span class='ocrx_word' id='word_1_763' title='bbox 3370 5085 3549 5153; x_wconf 75' lang='grc' dir='ltr'><strong>οὕτως</strong></span> <span class='ocrx_word' id='word_1_764' title='bbox 3598 5091 3735 5143; x_wconf 85' lang='grc' dir='ltr'><strong>ἱστό-</strong></span> 
     </span>
    </p>
   </div>
   <div class='ocr_carea' id='block_1_115' title="bbox 2167 5174 3743 5254">
    <p class='ocr_par' dir='ltr' id='par_1_115' title="bbox 2167 5174 3743 5254">
     <span class='ocr_line' id='line_1_115' title="bbox 2167 5174 3743 5254; baseline 0.006 -29"><span class='ocrx_word' id='word_1_765' title='bbox 2167 5190 2341 5245; x_wconf 88' lang='grc' dir='ltr'><strong>ρησαν</strong></span> <span class='ocrx_word' id='word_1_766' title='bbox 2379 5174 2738 5245; x_wconf 82' lang='grc' dir='ltr'><strong>ἀναιρεθῆναι</strong></span> <span class='ocrx_word' id='word_1_767' title='bbox 2766 5176 2859 5227; x_wconf 86' lang='grc' dir='ltr'><strong>τὸν</strong></span> <span class='ocrx_word' id='word_1_768' title='bbox 2882 5175 3143 5236; x_wconf 87' lang='grc' dir='ltr'><strong>Γαλιηνόν</strong></span> <span class='ocrx_word' id='word_1_769' title='bbox 3175 5194 3186 5206; x_wconf 93' lang='grc'><strong>·</strong></span> <span class='ocrx_word' id='word_1_770' title='bbox 3214 5180 3262 5230; x_wconf 86' lang='grc' dir='ltr'><strong>οῖ</strong></span> <span class='ocrx_word' id='word_1_771' title='bbox 3292 5179 3350 5232; x_wconf 84' lang='grc' dir='ltr'><strong>δὲ</strong></span> <span class='ocrx_word' id='word_1_772' title='bbox 3375 5186 3522 5252; x_wconf 79' lang='grc' dir='ltr'><strong>παρᾶ</strong></span> <span class='ocrx_word' id='word_1_773' title='bbox 3577 5184 3743 5254; x_wconf 83' lang='grc' dir='ltr'><strong>Ἦρα-</strong></span> 
     </span>
    </p>
   </div>
   <div class='ocr_carea' id='block_1_116' title="bbox 2163 5265 3747 5344">
    <p class='ocr_par' dir='ltr' id='par_1_116' title="bbox 2163 5265 3747 5344">
     <span class='ocr_line' id='line_1_116' title="bbox 2163 5265 3747 5344; baseline 0.008 -27"><span class='ocrx_word' id='word_1_774' title='bbox 2163 5265 2414 5320; x_wconf 79' lang='grc' dir='ltr'><strong>κλειανοῦ</strong></span> <span class='ocrx_word' id='word_1_775' title='bbox 2451 5266 2545 5320; x_wconf 86' lang='grc' dir='ltr'><strong>τοῦ</strong></span> <span class='ocrx_word' id='word_1_776' title='bbox 2605 5269 2850 5339; x_wconf 75' lang='grc' dir='ltr'><strong>ἐπάρχου</strong></span> <span class='ocrx_word' id='word_1_777' title='bbox 2883 5271 3160 5341; x_wconf 70' lang='grc' dir='ltr'><strong>σφαγῆναι</strong></span> <span class='ocrx_word' id='word_1_778' title='bbox 3198 5274 3388 5327; x_wconf 87' lang='grc' dir='ltr'><strong>τοῦτόν</strong></span> <span class='ocrx_word' id='word_1_779' title='bbox 3425 5292 3581 5344; x_wconf 86' lang='grc' dir='ltr'><strong>φασι.</strong></span> <span class='ocrx_word' id='word_1_780' title='bbox 3636 5277 3747 5330; x_wconf 85' lang='grc' dir='ltr'><strong>Τοῦ</strong></span> 
     </span>
    </p>
   </div>
   <div class='ocr_carea' id='block_1_117' title="bbox 2163 5360 3754 5433">
    <p class='ocr_par' dir='ltr' id='par_1_117' title="bbox 2163 5360 3754 5433">
     <span class='ocr_line' id='line_1_117' title="bbox 2163 5360 3754 5433; baseline 0.008 -23"><span class='ocrx_word' id='word_1_781' title='bbox 2163 5361 2270 5429; x_wconf 71' lang='grc' dir='ltr'><strong>γὰρ</strong></span> <span class='ocrx_word' id='word_1_782' title='bbox 2296 5360 2561 5429; x_wconf 78' lang='grc' dir='ltr'><strong>Αύριόλου</strong></span> <span class='ocrx_word' id='word_1_783' title='bbox 2594 5363 2652 5412; x_wconf 83' lang='grc' dir='ltr'><strong>ἐν</strong></span> <span class='ocrx_word' id='word_1_784' title='bbox 2702 5361 2929 5424; x_wconf 78' lang='grc' dir='ltr'><strong>Κελτοῖς</strong></span> <span class='ocrx_word' id='word_1_785' title='bbox 2982 5364 3440 5433; x_wconf 83' lang='grc' dir='ltr'><strong>στρατηγοῦντος,</strong></span> <span class='ocrx_word' id='word_1_786' title='bbox 3499 5370 3595 5422; x_wconf 79' lang='grc' dir='ltr'><strong>καὶ</strong></span> <span class='ocrx_word' id='word_1_787' title='bbox 3649 5372 3754 5423; x_wconf 80' lang='grc' dir='ltr'><strong>ἐπ-</strong></span> 
     </span>
    </p>
   </div>
   <div class='ocr_carea' id='block_1_118' title="bbox 2164 5450 3751 5527">
    <p class='ocr_par' dir='ltr' id='par_1_118' title="bbox 2164 5450 3751 5527">
     <span class='ocr_line' id='line_1_118' title="bbox 2164 5450 3751 5527; baseline 0.009 -25"><span class='ocrx_word' id='word_1_788' title='bbox 2164 5451 2500 5513; x_wconf 52' lang='grc' dir='ltr'><strong>αναστάντος</strong></span> <span class='ocrx_word' id='word_1_789' title='bbox 2529 5450 2681 5522; x_wconf 85' lang='grc' dir='ltr'><strong>αύτῷ</strong></span> <span class='ocrx_word' id='word_1_790' title='bbox 2718 5451 2947 5516; x_wconf 74' lang='grc' dir='ltr'><strong>ἦκοντός</strong></span> <span class='ocrx_word' id='word_1_791' title='bbox 2976 5470 3036 5505; x_wconf 89' lang='grc' dir='ltr'><strong>τε</strong></span> <span class='ocrx_word' id='word_1_792' title='bbox 3086 5454 3181 5507; x_wconf 79' lang='grc' dir='ltr'><strong>ἐπὶ</strong></span> <span class='ocrx_word' id='word_1_793' title='bbox 3215 5455 3448 5512; x_wconf 85' lang='grc' dir='ltr'><strong>Ἰταλίαν</strong></span> <span class='ocrx_word' id='word_1_794' title='bbox 3490 5460 3588 5512; x_wconf 84' lang='grc' dir='ltr'><strong>σὺν</strong></span> <span class='ocrx_word' id='word_1_795' title='bbox 3626 5465 3751 5527; x_wconf 84' lang='grc' dir='ltr'><strong>ταῖς</strong></span> 
     </span>
    </p>
   </div>
   <div class='ocr_carea' id='block_1_119' title="bbox 2164 5541 3750 5622">
    <p class='ocr_par' dir='ltr' id='par_1_119' title="bbox 2164 5541 3750 5622">
     <span class='ocr_line' id='line_1_119' title="bbox 2164 5541 3750 5622; baseline 0.01 -29"><span class='ocrx_word' id='word_1_796' title='bbox 2164 5541 2452 5610; x_wconf 78' lang='grc' dir='ltr'><strong>δυνάμεσι,</strong></span> <span class='ocrx_word' id='word_1_797' title='bbox 2498 5545 2592 5595; x_wconf 81' lang='grc' dir='ltr'><strong>καὶ</strong></span> <span class='ocrx_word' id='word_1_798' title='bbox 2626 5545 2654 5596; x_wconf 88' lang='grc' dir='ltr'><strong>ό</strong></span> <span class='ocrx_word' id='word_1_799' title='bbox 2691 5543 2731 5595; x_wconf 87' lang='grc' dir='ltr'><strong>Γ</strong></span> <span class='ocrx_word' id='word_1_800' title='bbox 2734 5544 2954 5612; x_wconf 84' lang='grc' dir='ltr'><strong>αλιηνὸς</strong></span> <span class='ocrx_word' id='word_1_801' title='bbox 3015 5544 3139 5597; x_wconf 86' lang='grc' dir='ltr'><strong>κατ’</strong></span> <span class='ocrx_word' id='word_1_802' title='bbox 3191 5548 3403 5602; x_wconf 87' lang='grc' dir='ltr'><strong>ἐκείνου</strong></span> <span class='ocrx_word' id='word_1_803' title='bbox 3431 5550 3750 5622; x_wconf 78' lang='grc' dir='ltr'><strong>ἐξώρμησε.</strong></span> 
     </span>
    </p>
   </div>
   <div class='ocr_carea' id='block_1_120' title="bbox 2165 5631 3752 5709">
    <p class='ocr_par' dir='ltr' id='par_1_120' title="bbox 2165 5631 3752 5709">
     <span class='ocr_line' id='line_1_120' title="bbox 2165 5631 3752 5709; baseline 0.01 -27"><span class='ocrx_word' id='word_1_804' title='bbox 2165 5631 2380 5694; x_wconf 86' lang='grc' dir='ltr'><strong>Νυκτὸς</strong></span> <span class='ocrx_word' id='word_1_805' title='bbox 2414 5632 2469 5683; x_wconf 82' lang='grc' dir='ltr'><strong>δὲ</strong></span> <span class='ocrx_word' id='word_1_806' title='bbox 2504 5632 2785 5702; x_wconf 82' lang='grc' dir='ltr'><strong>πρόσεισιν</strong></span> <span class='ocrx_word' id='word_1_807' title='bbox 2817 5634 2990 5705; x_wconf 82' lang='grc' dir='ltr'><strong>αύτῷ,</strong></span> <span class='ocrx_word' id='word_1_808' title='bbox 3026 5636 3084 5687; x_wconf 84' lang='grc' dir='ltr'><strong>ἐν</strong></span> <span class='ocrx_word' id='word_1_809' title='bbox 3106 5638 3172 5707; x_wconf 87' lang='grc' dir='ltr'><strong>τῇ</strong></span> <span class='ocrx_word' id='word_1_810' title='bbox 3201 5642 3373 5709; x_wconf 80' lang='grc' dir='ltr'><strong>σκηνῇ</strong></span> <span class='ocrx_word' id='word_1_811' title='bbox 3425 5642 3752 5699; x_wconf 79' lang='grc' dir='ltr'><strong>καθεύδοντι</strong></span> 
     </span>
    </p>
   </div>
   <div class='ocr_carea' id='block_1_121' title="bbox 2165 5722 3753 5803">
    <p class='ocr_par' dir='ltr' id='par_1_121' title="bbox 2165 5722 3753 5803">
     <span class='ocr_line' id='line_1_121' title="bbox 2165 5722 3753 5803; baseline 0.01 -28"><span class='ocrx_word' id='word_1_812' title='bbox 2165 5724 2193 5775; x_wconf 89' lang='grc' dir='ltr'>ὁ</span> <span class='ocrx_word' id='word_1_813' title='bbox 2246 5722 2637 5789; x_wconf 79' lang='grc' dir='ltr'><strong>Ἰἰρακλειανὸς</strong></span> <span class='ocrx_word' id='word_1_814' title='bbox 2684 5726 3111 5798; x_wconf 84' lang='grc' dir='ltr'><strong>κεκοινωνηκὼς</strong></span> <span class='ocrx_word' id='word_1_815' title='bbox 3144 5731 3245 5800; x_wconf 80' lang='grc' dir='ltr'><strong>τῆς</strong></span> <span class='ocrx_word' id='word_1_816' title='bbox 3300 5733 3595 5803; x_wconf 75' lang='grc' dir='ltr'><strong>ἐπιϐουλῆς</strong></span> <span class='ocrx_word' id='word_1_817' title='bbox 3648 5738 3753 5791; x_wconf 77' lang='grc' dir='ltr'><strong>καὶ</strong></span> 
     </span>
    </p>
   </div>
   <div class='ocr_carea' id='block_1_122' title="bbox 2168 5815 3752 5894">
    <p class='ocr_par' dir='ltr' id='par_1_122' title="bbox 2168 5815 3752 5894">
     <span class='ocr_line' id='line_1_122' title="bbox 2168 5815 3752 5894; baseline 0.007 -22"><span class='ocrx_word' id='word_1_818' title='bbox 2168 5815 2441 5886; x_wconf 66' lang='grc' dir='ltr'><strong>Κλαυδίῳ,</strong></span> <span class='ocrx_word' id='word_1_819' title='bbox 2491 5818 2646 5891; x_wconf 76' lang='grc' dir='ltr'><strong>ἀνδρὶ</strong></span> <span class='ocrx_word' id='word_1_820' title='bbox 2702 5824 3229 5894; x_wconf 79' lang='grc' dir='ltr'><strong>στρατηγικωτάτῳ,</strong></span> <span class='ocrx_word' id='word_1_821' title='bbox 3280 5826 3641 5893; x_wconf 72' lang='grc' dir='ltr'><strong>ἀπαγγέλλων</strong></span> <span class='ocrx_word' id='word_1_822' title='bbox 3671 5829 3752 5894; x_wconf 82' lang='grc' dir='ltr'><strong>ὡς</strong></span> 
     </span>
    </p>
   </div>
  </div>
