4026 6394
313 378 449 447 1073
1562 391 1969 453 ANNALIUM
2011 392 2161 452 LIB.
2199 392 2341 455 XII.
3438 390 3570 455 1074

299 491 570 562 Λῦρίολος
597 494 699 566 ἤδη
721 494 902 549 ἔπεισι
925 497 1065 567 μετὰ
1099 497 1329 568 βαρείας
1357 498 1666 567 δυνάμεως.
1705 499 1765 554 Ὅ
1798 500 1879 567 δὲ,

1994 501 2235 558 Ecclesia
2257 502 2788 574 cedcrcjusscrttut.
2834 502 3230 568 Recusantem,
3277 503 3425 573 apud
3459 505 3572 556 Au-

304 582 444 652 πρὸς
471 583 529 637 τὸ
552 586 651 655 τῆς
683 586 946 655 ἀγγελίας
978 590 1245 658 αἰφνίδιον
1278 590 1742 661 τεθορυϐημένος,
1791 594 1890 662 τῆς

1996 595 2290 658 relianutn,
2347 596 2440 665 qui
2497 608 2611 648 tum
2654 594 2983 664 imperabat,
3021 595 3342 649 detulerunt
3379 594 3570 649 ortho-

306 676 496 749 κλίνης
521 680 802 752 ἀναθορὼν
833 683 927 736 καὶ
970 684 1286 754 ἡμίγυμνος
1310 685 1432 756 ᾔτει
1462 686 1531 738 τά
1579 686 1743 739 ὅπλα.
1782 686 1890 739 Καὶ

1996 685 2122 740 doxi
2174 702 2187 738 :
2239 686 2335 754 qui
2387 700 2511 740 cum
2565 684 2799 739 decreto
2852 685 2922 739 iis
2977 684 3281 738 Ecclesiam
3336 682 3569 737 attribui

301 768 337 820 ἁ
371 769 765 841 Ἠρακλειανὸς
792 774 1020 846 πλήττει
1051 775 1245 829 τοῦτον
1289 777 1536 847 καιρίαν,
1588 777 1685 831 καὶ
1755 779 1890 832 ἀπο-

1994 776 2265 846 jussisset,
2304 777 2508 846 quibus
2537 776 2767 831 Romani
2799 786 2851 831 et
2889 775 3058 830 Italici
3087 774 3329 844 episcopi
3361 775 3567 828 suil‘ra-

302 860 604 920 κτίννυσιν.
660 865 750 918 Ἐν
779 869 893 930 τοῖς
937 867 1130 921 τούτου
1191 868 1410 939 χρόνοις
1459 869 1739 932 Ξύστος,ὁ
1788 869 1890 939 τῆς

1994 877 2278 939 garentur,
2324 868 2493 923 Paulo
2539 883 2637 938 per
2686 866 3041 938 ignominiam
3091 866 3272 936 pulso,
3332 865 3573 919 Donmus

318 952 617 1025 Ῥωμαίων
671 958 1007 1032 Ἐκκλησίας
1064 962 1304 1033 ἐπἠἕτη
1362 964 1608 1034 προστὰς
1669 963 1885 1029 ἕνδεκα,

1994 960 2286 1015 successit.

299 1045 553 1120 τελευτᾷ,
587 1051 682 1104 καὶ
732 1052 1014 1117 Διονύσιος
1036 1054 1200 1109 αὑτὸν
1232 1054 1559 1126 διαδέχεται.
1593 1055 1760 1109 Ἀλλὰ
1820 1055 1917 1108 καὶ
1953 1053 2050 1107 τοῦ
2098 1053 2158 1105 ἐν
2194 1052 2501 1123 Ἀντιοχείᾳ
2577 1054 2677 1123 τὴν
2733 1051 2830 1106 τοῦ
2882 1049 3125 1123 Χριστοῦ
3173 1049 3563 1120 ποιμαίνοντος

301 1143 541 1215 ποίμνην
567 1146 960 1218 Δημητριανοῦ
987 1150 1089 1221 τὴν
1114 1151 1263 1222 ζωὴν
1325 1153 1772 1222 ἐκμετρῆσαντος
1836 1150 2052 1213 Παῦλος
2119 1151 2148 1203 6
2189 1150 2551 1219 Σαμοσατεὺς
2603 1149 3153 1220 παραλαμϐάνειτὴν
3196 1146 3558 1218 Ἐκκλησίαν,

300 1233 363 1297 ὃς
396 1238 627 1291 ταπεινᾶ
658 1240 787 1310 περὶ
810 1241 1052 1310 Χριστοῦ
1085 1243 1463 1312 ἐδογμάτισεν,
1497 1244 1573 1308 ὡς
1620 1242 1922 1315 ἀνθρώπου
1968 1242 2153 1296 κοινοῦ
2210 1240 2310 1312 τὴν
2342 1241 2506 1311 φύσιν
2529 1242 2848 1313 γενομένου,
2873 1242 2966 1296 καὶ
3013 1242 3079 1295 οὐ
3136 1240 3295 1295 Θεοῦ.
3337 1240 3476 1294 Καθ’
3505 1231 3570 1291 οὗ

303 1325 523 1382 σύνοδον
545 1331 597 1384 οί
626 1331 739 1385 τῶν
768 1332 972 1386 λοιπῶν
997 1332 1343 1404 Ἐκκλησιῶν
1391 1336 1650 1406 ποιμένες
1697 1332 2138 1404 συνηθροικότες,
2175 1334 2234 1386 ἐν
2268 1332 2301 1402 ᾗ
2344 1332 2530 1402 παρῆν
2580 1333 2677 1386 καὶ
2715 1333 3024 1405 Γρηγόριος
3049 1332 3089 1386 6~
3120 1332 3560 1403 Θαυματουργὸς

298 1418 396 1470 καὶ
429 1421 457 1473 6
483 1420 676 1475 τούτου
718 1422 1052 1491 αὐτάδελφος
1078 1424 1470 1497 Ἀθηνόδωρος,
1511 1425 1750 1497 ῆλεγεαν
1796 1424 1964 1478 αὐτὸν
2008 1423 2195 1487 κακῶς
2242 1425 2370 1495 περὶ
2394 1423 2637 1497 Χριστοῦ
2683 1425 3007 1495 φρονοῦντα,
3048 1427 3143 1479 καὶ
3188 1426 3569 1495 ἁπεκήρυξαν.

296 1512 389 1581 Μὴ
421 1513 747 1585 πειθομένου
774 1514 819 1569 δ’
853 1516 1068 1572 ἐκείνου
1102 1516 1419 1588 ἀποστῆναι
1460 1517 1560 1586 τῆς
1595 1515 1949 1585 Ἐκκλησίας,
1987 1514 2333 1585 Αὐρηλιανδς
2382 1516 2505 1569 τότε
2537 1517 2778 1587 κρατῶν,
2831 1517 2926 1571 καὶ
2958 1518 3202 1586 ἔντευξιν
3222 1520 3353 1589 περὶ
3372 1518 3568 1572 τούτου

295 1606 593 1675 δεξάμενος
627 1607 781 1677 παρὰ
815 1610 927 1662 τῶν
948 1609 1271 1680 όρθοδόξων,
1300 1611 1581 1680 διάταγμα
1620 1609 1794 1673 ἐθετο,
1829 1608 2059 1671 ἐκείνοις
2086 1608 2395 1678 νεμηθῆναι
2422 1607 2522 1679 τὴν
2550 1610 2907 1680 Ἐκκλησίαν,
2960 1606 3043 1675 οἷς
3068 1611 3135 1665 ἂν
3186 1613 3239 1665 oi.
3265 1614 3411 1666 κατὰ
3470 1611 3571 1684 τὴν

312 1703 533 1771 Ῥώμην
563 1704 658 1757 καὶ
687 1704 789 1773 τὴν
816 1703 1051 1758 Ἰταλίαν
1091 1706 1390 1759 ἐπίσκοποι
1417 1704 1763 1775 πρόσθοιντο.
1790 1703 2079 1758 Ἐντεῦθεν
2106 1703 2319 1773 ἀτίμως
2357 1703 2595 1776 ἐξηλάθη
2628 1706 2729 1776 τῆς
2750 1705 3081 1775 Ἐκκλησίας
3118 1708 3147 1762 6
3200 1707 3435 1774 Παῦλος,
3476 1712 3572 1765 καὶ

297 1796 626 1867 ἀντεισήχθη
658 1797 889 1867 Δόμνος.

370 1886 518 1955 κε’.
548 1888 656 1940 Τοῦ
692 1888 873 1955 μέντοι
899 1888 937 1942 Γ
940 1888 1164 1960 αλιηνοῦ
1197 1886 1573 1960 ἀνῃρημένου.
1618 1888 1889 1951 Κλαύδιος

2059 1886 2253 1942 XXVI.
2298 1887 2529 1943 Galieno
2574 1888 2883 1956 interfecto,
2939 1888 3205 1947 Claudius
3250 1891 3433 1949 Caesar
3486 1906 3573 1951 est

297 1977 580 2050 ἀνερρήθη
627 1980 866 2046 Καῖσαρ.
922 1980 1033 2033 Καὶ
1059 1981 1086 2032 6
1129 1980 1503 2049 Αὐρέολος,τὰ
1545 1979 1687 2033 ὅπλα
1721 1996 1892 2033 κατα-

298 2071 551 2141 Εέμενος,
587 2070 739 2141 αὐτῷ
763 2072 1012 2144 ὑπετάγη
1035 2088 1050 2102 ⁸
1085 2072 1168 2136 ὃς,
1198 2069 1356 2136 αὖθις
1389 2072 1729 2141 τυραννῆσαι
1767 2072 1891 2124 ἐπι-

298 2165 522 2235 χειρῶν,
556 2165 664 2218 ύπδ
699 2164 809 2217 τῶν
874 2166 1228 2232 στρατιωτῶν
1281 2165 1574 2237 διεφθάρη.
1624 2163 1892 2227 Κλαύδιος

299 2259 358 2311 δὲ
393 2258 535 2329 (77),
579 2258 820 2329 χρηστὸς
878 2260 1168 2327 τυγχάνων
1202 2258 1367 2330 ἀνὴρ,
1418 2260 1514 2313 καὶ
1570 2257 1892 2330 δικαιοσύνῃ

301 2351 557 2420 στοιχῶν,
591 2351 945 2422 ἀπηγόρευσε
984 2353 1121 2405 πᾶσι
1167 2351 1353 2420 ζητεῖν
1385 2351 1451 2404 ἐκ
1489 2350 1759 2420 βασιλέως
1796 2350 1891 2404 ἀλ-

297 2443 495 2513 λότρια
538 2444 866 2514 πράγματα.
903 2444 1241 2514 Νενόμισται
1304 2443 1415 2514 γὰρ
1471 2443 1600 2506 τοὺς
1651 2443 1892 2513 βασιλεῖς

299 2534 571 2589 δύνασθαι
605 2535 901 2606 δωρεῖσθαι
935 2534 1118 2590 καὶτὰ
1148 2533 1577 2605 ἀλλότρια,ὃθεν
1608 2534 1704 2589 καὶ
1734 2536 1783 2586 οί
1811 2534 1891 2587 ἔτι

300 2627 551 2694 κείμενοι
580 2627 739 2697 νόμοι
774 2627 928 2698 παρὰ
970 2629 1035 2696 τῇ
1082 2627 1335 2699 πολιτείᾳ
1365 2626 1635 2697 ἐσχήκασι
1663 2625 1763 2697 τὴν
1793 2628 1892 2695 ἀρ-

299 2721 423 2790 χὴν.
457 2710 775 2789 Προσῆλθεν
806 2716 899 2773 οὖν
934 2721 1071 2789 γυνή
1102 2736 1211 2783 τις,
1246 2713 1315 2790 ἧς
1358 2719 1559 2790 χωρίον
1591 2716 1753 2780 αὐτὸς
1784 2718 1891 2788 πρὸ

298 2811 399 2876 τῆς
424 2810 705 2880 βασιλείας
730 2810 947 2879 εἰλήφει
987 2811 1054 2863 ἐκ
1084 2810 1371 2881 βασιλικῆς
1388 2807 1884 2879 δωρεᾶς,λέγουσα·

299 2907 348 2956 ιτ
367 2902 600 2968 ὶαύδιος
630 2904 663 2956 ό
691 2902 995 2970 ἵππαρχος
1021 2901 1282 2970 ἠδίκησέ
1301 2919 1397 2972 με.
1433 2902 1493 2955 Ὀ
1529 2901 1609 2966 δέ,
1639 2900 1817 2968 Ὅπερ
1859 2901 1892 2954 ό

298 2994 604 3060 Κλαύδιος
642 2994 882 3062 ἰδιώτης
906 2994 991 3047 ὢν
1036 2995 1345 3064 ἀφείλετο,
1382 2989 1561 3058 εἶπεν,
1590 2994 1772 3063 ἡνίκα
1803 2995 1889 3065 μή

301 3105 356 3139 τι
428 3086 589 3152 αὺτῷ
626 3088 747 3143 τῶν
794 3091 997 3158 νόμων
1038 3088 1238 3159 ἔμελε,
1284 3088 1465 3143 τοῦτο
1508 3088 1892 3155 βασιλεύσας

299 3181 807 3247 ἀποκαθίστησιν.
853 3181 943 3233 Ἐν
986 3179 1178 3253 Ῥώμῃ
1202 3181 1259 3233 δέ
1328 3196 1417 3248 γε,
1492 3182 1526 3251 ἡ
1577 3179 1891 3250 σύγκλητος

304 3272 557 3342 μαθοῦσα
584 3273 685 3340 τὴν
735 3274 830 3325 τοῦ
879 3272 1144 3343 Γαλιηνοῦ
1190 3272 1502 3343 ἀναίρεσιν,
1538 3274 1630 3327 τὸν
1658 3273 1892 3341 ἀδελφὸν

302 3365 520 3418 ἐκείνου
572 3365 668 3418 καὶ
725 3365 818 3419 τὸν
849 3366 966 3419 υἱὸν
1010 3364 1382 3420 ἐθανάτωσαν.
1428 3366 1537 3420 Τοῦ
1574 3366 1761 3438 μέντοι
1790 3368 1896 3420 Πο-

303 3455 543 3524 στούμου
583 3454 979 3526 τυραννοῦντος
1044 3457 1151 3521 ἔτι,
1185 3457 1280 3511 καὶ
1332 3456 1639 3528 Βαρϐάρων
1676 3456 1764 3509 διὰ
1796 3458 1893 3524 τῆς

300 3546 614 3611 Μαιώτιδος
675 3548 983 3602 διαϐάντων
1028 3548 1229 3620 λίμνης
1290 3550 1374 3613 εἰς
1438 3548 1629 3603 Ἀσίαν
1688 3566 1749 3602 τε
1795 3548 1893 3601 καὶ

300 3641 581 3712 Εὐρώπην
611 3642 706 3696 καὶ
738 3639 1077 3711 ληϊζομένων
1122 3643 1317 3706 αὐτὰς,
1369 3641 1567 3712 βουλῆς
1603 3660 1663 3696 τε
1687 3659 1893 3713 προτε·

302 3736 491 3804 θείσης
516 3733 624 3788 τίνι
654 3734 921 3805 πρότερον
954 3735 1341 3804 ἐπιχειρητέον
1364 3734 1589 3805 πολέμῳ
1611 3752 1623 3767 ο
1650 3737 1678 3789 6
1710 3735 1892 3789 Κλαύ-

298 3824 408 3890 διος
444 3825 548 3895 ἔφη
574 3825 650 3890 ὡς
696 3826 761 3877 '0
805 3825 958 3893 πρὸς
986 3827 1092 3879 τὸν
1129 3823 1433 3893 τύραννον
1473 3828 1737 3894 πόλεμος
1764 3827 1894 3896 ἐμοὶ

299 3918 587 3987 διαφέρει,
615 3920 647 3971 ὀ
673 3916 742 3970 δὲ
771 3918 923 3985 πρὸς
947 3918 1091 3983 τοὺς
1112 3912 1455 3985 Βαῤϐάρους
1493 3917 1569 3986 τῇ
1594 3920 1890 3987 πολιτείᾳ,

300 4009 400 4062 καὶ
453 4008 572 4075 χρὴ
632 4005 1073 4073 προτιμηθῆναι
1131 4009 1239 4059 τόν
1286 4005 1392 4073 τῆς
1445 4009 1773 4073 πολιτείας.
1829 4010 1893 4063 Ol

300 4100 577 4169 Βάρῦαροι
609 4100 664 4151 δὲ
695 4099 895 4161 πολλὰς
952 4101 1054 4167 μὲν
1094 4100 1433 4168 κατέδραμον
1470 4100 1676 4171 χώρας.
1707 4101 1808 4168 τὴν
1836 4099 1894 4153 δέ

300 4208 363 4259 γε
388 4189 794 4260 Θεσσαλονίκην
825 4190 1201 4260 ἐπολιόρκουν,
1226 4188 1261 4259 ἢ
1280 4190 1449 4245 πάλαι
1484 4190 1585 4260 μὲν
1648 4189 1894 4260 Ἢμαθία

301 4281 591 4335 καλεῖσθαι
614 4281 858 4349 λέγεται,
899 4280 1270 4352 Θεσσαλονίκη
1313 4281 1372 4334 δὲ
1411 4279 1893 4351 μετονομασθῆναι

300 4377 366 4430 ἐκ
395 4376 494 4444 τῆς
541 4374 814 4428 Φιλίππου
848 4375 947 4445 μέν
997 4373 1294 4443 θυγατρὸς,
1332 4373 1656 4444 Κασάνδρου
1699 4372 1758 4426 δὲ
1791 4389 1894 4441 γυ-

302 4468 491 4531 ναικὸς
530 4465 939 4532 Θεσσαλονίκης
1005 4466 1150 4519 Ἀλλ’
1184 4466 1403 4537 ἐκείνης
1436 4465 1533 4536 μὲν
1562 4466 1662 4535 τῆς
1688 4464 1895 4527 πόλεως

1995 1977 2347 2048 designatus,
2385 1978 2475 2033 cui
2518 1978 2795 2034 Aureolus
2832 1981 3003 2035 armis
3035 1984 3230 2051 positis
3263 1999 3321 2039 se
3360 1988 3573 2042 submi-

1995 2071 2067 2126 sit
2102 2089 2116 2126 :
2152 2071 2247 2127 sed
2274 2087 2398 2126 cum
2426 2071 2609 2125 denuo
2635 2088 2865 2143 regnum
2891 2073 3201 2138 aﬂectaret,
3230 2091 3261 2130 a
3305 2079 3574 2135 militibus

1994 2163 2210 2219 occisus
2262 2172 2370 2217 est.
2423 2161 2689 2218 Claudius
2731 2179 2863 2219 vero
2899 2180 3024 2220 cum
3061 2166 3147 2219 vir
3192 2167 3368 2222 bonus
3410 2169 3576 2239 justi-

1994 2256 2195 2326 tichue
2220 2264 2458 2311 sectator
2487 2264 2656 2320 esset,
2691 2256 2979 2313 interdixit
3023 2274 3095 2314 ne
3121 2259 3265 2316 ultra
3311 2263 3571 2332 cuiquam

1993 2348 2142 2403 bona
2190 2349 2370 2403 aliena
2415 2350 2484 2403 ab
2513 2348 2849 2419 imperatore
2891 2357 3126 2420 peteret.
3172 2352 3474 2423 Receptum
3520 2354 3574 2409 id

1992 2443 2143 2497 enim
2192 2442 2445 2497 moribus
2470 2451 2589 2497 erat
2630 2442 2998 2512 imperatores
3045 2444 3212 2499 etiam
3261 2446 3441 2502 aliena
3472 2447 3572 2502 doc

1993 2550 2149 2599 nare,
2198 2534 2645 2605 quandoquidem
2700 2535 2847 2591 idem
2882 2536 2972 2606 jus
3029 2537 3353 2607 reipublicae
3406 2542 3573 2596 stanti

1993 2641 2095 2697 per
2141 2626 2287 2697 leges
2335 2626 2535 2682 fuerat.
2580 2627 2775 2697 Itaque
2829 2628 3030 2683 mulier
3067 2629 3315 2715 quaedam
3342 2671 3356 2694 ,
3412 2632 3575 2701 cujus

1993 2719 2259 2790 praedium
2308 2719 2429 2789 ipse
2479 2729 2608 2775 ante
2676 2719 2970 2788 imperium
3022 2737 3089 2775 ex
3141 2722 3288 2777 dono
3338 2723 3576 2793 impera-

1992 2808 2133 2863 toris
2155 2815 2465 2879 acceperat,
2502 2808 2768 2873 accessit,
2796 2824 2828 2864 a
2859 2808 3092 2865 Claudio
3129 2812 3576 2883 magistroequi-

1996 2907 2111 2956 tum
2167 2901 2422 2970 iniuriam
2462 2901 2571 2956 sibi
2609 2916 2731 2956 esse
2775 2900 2973 2956 factam
3013 2917 3384 2973 conquerens.
3434 2905 3572 2960 Tum

1995 2994 2087 3049 ille
2130 3011 2143 3047 :
2184 2992 2355 3058 Quod,
2406 2992 2609 3062 inquit,
2660 2991 2937 3057 Claudius,
2982 2994 3107 3048 dum
3155 2996 3394 3065 privatus
3437 3006 3574 3061 erat,

1995 3102 2087 3140 nec
2140 3085 2277 3156 leges
2316 3087 2561 3149 curabat,
2616 3085 2857 3152 abstulit,
2921 3088 3018 3141 hoc
3070 3087 3240 3157 factus
3286 3091 3577 3159 imperator

1996 3176 2242 3229 restituit.
2285 3175 2525 3230 Senatus
2558 3175 2863 3236 Romanus,
2889 3173 3107 3230 Galieni
3146 3178 3291 3230 caede
3317 3178 3534 3247 cognita
3560 3220 3574 3241 ,

1995 3265 2224 3321 fratrem
2256 3266 2404 3320 illius
2432 3277 2488 3320 et
2514 3264 2685 3319 lilium
2716 3266 2884 3320 etiam
2924 3266 3146 3321 occidit.
3199 3267 3337 3322 Cum
3392 3276 3576 3325 autem

1994 3361 2330 3416 Posthumus
2357 3359 2540 3414 adhuc
2570 3359 2915 3432 tyrannidem
2947 3360 3245 3423 obtineret,
3268 3370 3325 3416 et
3349 3361 3577 3418 Barbari

1997 3453 2248 3507 Maeotide
2304 3452 2508 3522 palude
2575 3461 2875 3522 superata,
2930 3452 3114 3508 Asiam
3188 3453 3581 3523 Eumpamque

1994 3553 2299 3609 vastarent,
2344 3561 2409 3600 ac
2464 3554 2651 3600 utrum
2698 3544 2903 3599 bellum
2948 3545 3103 3615 prius
3172 3544 3578 3600 conﬁciendum

1994 3647 2164 3700 esset,
2210 3637 2634 3700 deliberaretur,
2662 3636 2927 3692 Claudius
2955 3637 3116 3702 dixit,
3151 3636 3362 3693 Bellum
3418 3637 3577 3693 Post-

1993 3732 2260 3786 humicum
2330 3746 2449 3784 mea
2518 3731 2766 3791 interest,
2836 3728 3190 3784 Barbaricam
3249 3730 3579 3801 reipublicw,

1995 3824 2146 3893 cujus
2176 3824 2231 3875 in
2260 3822 2444 3892 primis
2477 3821 2718 3875 habenda
2750 3828 2829 3874 est
2862 3822 3025 3875 ratio.
3051 3820 3324 3875 Caeterum
3355 3820 3577 3875 Barbati

1995 3913 2196 3967 multas
2263 3912 2580 3982 provincias
2647 3912 3037 3976 incursantes,
3089 3912 3577 3980 Thessalonicam,

1995 4021 2137 4074 quae,
2179 4019 2305 4059 cum
2339 4004 2470 4057 olim
2505 4002 2757 4058 Emathia
2785 4002 3091 4069 diceretur,
3124 4018 3154 4057 a
3183 4002 3423 4075 Philippi
3465 4003 3581 4060 lilia

1994 4096 2307 4155 Cassandro
2338 4105 2509 4163 nupta
2538 4096 2646 4151 hoc
2677 4111 2878 4151 nomen
2904 4094 3185 4165 accepisse
3216 4095 3431 4159 fertur,
3479 4096 3583 4151 ob-

1997 4190 2263 4247 sederunt
2296 4206 2308 4241 :
2338 4189 2408 4244 ab
2451 4204 2629 4258 eaque
2672 4186 2925 4257 repulsi,
2983 4187 3229 4241 Athenas
3286 4196 3578 4257 ceperunt.

1995 4280 2248 4337 Ulnicum
2288 4293 2481 4333 omnes
2523 4277 2698 4332 libros
2746 4275 2802 4330 in
2850 4291 3020 4330 unum
3069 4291 3330 4331 acervum
3379 4290 3581 4346 congc-

1997 4380 2114 4426 stos
2171 4369 2471 4425 crematuri
2530 4375 2758 4431 essent,
2821 4381 2967 4421 unus
3032 4380 3099 4421 ex
3167 4367 3581 4422 cordatioribus

2000 4462 2292 4534 populares
2320 4475 2454 4516 suos
2475 4474 2504 4513 a
2530 4457 2817 4529 preposito
2849 4457 3127 4513 revocavit
3156 4476 3170 4512 :
3197 4457 3346 4528 quod
3378 4456 3577 4523 Graeci,

301 4558 766 4632 ἁπεκρούσθησαν
819 4573 835 4589 ⁸
882 4558 1204 4621 ἐπελθόντες
1283 4558 1341 4611 δὲ
1421 4560 1543 4621 ταῖς
1616 4556 1889 4627 Ἀθήναις,

2000 4554 2132 4610 dum
2168 4553 2233 4607 iis
2272 4551 2438 4606 rebus
2481 4546 2762 4617 occupati,
2813 4560 2933 4600 rem
2984 4545 3281 4601 militarem
3332 4545 3577 4615 neglige-

301 4648 448 4707 εἷλον
521 4653 719 4718 αὐτὰς,
772 4652 868 4707 καὶ
925 4652 1330 4721 συναγαγόντες
1387 4652 1566 4706 πάντα
1613 4649 1682 4704 τὰ
1719 4651 1777 4702 ὲν
1820 4653 1886 4722 τῇ

302 4744 457 4797 πόλει
488 4743 698 4811 Βιϐλία,
743 4743 946 4799 καῦσαι
1012 4744 1188 4798 ταῦτα
1219 4744 1536 4815 ἠϐούλοντο.
1582 4738 1680 4806 Εἷς
1713 4741 1773 4794 δέ
1801 4759 1886 4806 τις

2002 4656 2158 4711 rent,
2188 4643 2349 4699 facile
2397 4638 2648 4710 superari
2693 4643 2939 4708 possent.
2994 4636 3291 4692 Enimvero
3344 4634 3580 4690 Cleode-

1996 4753 2143 4802 mus,
2196 4734 2281 4789 vir
2327 4728 2715 4795 Atheniensis,
2774 4727 2900 4799 fuga
2953 4726 3219 4798 elapsus,
3280 4733 3580 4795 coactaquc

1512 4921 1715 4983 Varia)
1739 4916 2054 4982 lectiones
2083 4923 2143 4979 et
2179 4919 2370 4977 notas.

381 5090 494 5156 (77)
541 5091 839 5158 Κλαύδιος
888 5090 978 5146 δέ.
1052 5091 1177 5147 Ηιιιο
1241 5091 1309 5146 dc
1366 5088 1581 5146 Claudii
1642 5087 1880 5157 iustitia,

306 5161 498 5232 verbis
532 5162 684 5217 Petri
724 5162 886 5217 Fabri
918 5162 1253 5232 Sanjoriani,
1281 5162 1379 5216 lib.
1413 5177 1448 5214 ιι
1480 5160 1723 5215 Senestr.
1754 5173 1878 5232 cap.

308 5231 402 5289 25.
450 5232 812 5293 reddidimus.
857 5249 982 5287 cum
1028 5227 1235 5287 Iterum
1278 5247 1500 5287 sensum
1535 5232 1622 5283 vix
1674 5227 1886 5293 ceperit

314 5303 610 5372 interpres,
651 5313 707 5357 et
739 5318 860 5371 quae
893 5304 1174 5358 salebrosa
1223 5302 1447 5371 agnovit
1478 5300 1700 5372 Henric.
1731 5298 1888 5372 Vale-

309 5373 423 5427 sius
449 5368 514 5426 ad
552 5368 1062 5441 Dionis'Excerpta,
1089 5389 1142 5442 p.
1174 5368 1302 5426 ‘208.
1339 5372 1413 5425 Ea
1446 5386 1579 5442 vero
1626 5368 1885 5442 (“inpli-

308 5458 397 5496 tno
436 5444 672 5512 quodam
706 5454 929 5497 auctore
948 5438 1172 5512 sumpta
1205 5442 1487 5495 existimat
1518 5440 1664 5512 idem
1690 5438 1887 5512 Faber.

306 5521 363 5567 et
404 5508 596 5566 vocem
629 5514 910 5579 ἀλλότρια,
963 5508 1309 5575 δίνεάίὶεηιι,
1342 5512 1446 5564 hoc
1472 5512 1612 5571 loco,
1652 5508 1892 5579 intelligi

306 5598 417 5637 non
456 5584 662 5638 debere
701 5584 884 5637 omnia
917 5598 1037 5650 qua:
1066 5582 1316 5651 privatus
1362 5581 1599 5650 quisque
1628 5580 1757 5651 jure
1785 5579 1889 5632 do-

308 5653 466 5707 minii
511 5654 772 5721 pertinet.
813 5654 951 5708 Nam
998 5653 1146 5720 quis.
1183 5651 1384 5720 inquit,
1418 5651 1583 5704 fando
1651 5664 1889 5718 unquam

312 5723 548 5794 audivit,
577 5739 643 5778 ea
674 5724 760 5778 vel
798 5723 911 5794 peti
940 5723 1100 5794 solita
1128 5735 1291 5794 esse,
1322 5721 1405 5775 vel
1448 5722 1517 5794 a_h
1559 5721 1893 5794 imperatore

312 5792 447 5851 olim
470 5793 666 5851 donari
707 5791 954 5865 pot—uisse
981 5794 1004 5846 ?
1035 5791 1141 5848 nisi
1169 5793 1311 5848 forte
1342 5791 1490 5862 quod
1541 5791 1717 5847 multo
1764 5799 1893 5845 ante

1993 5086 2043 5141 in
2096 5085 2222 5140 Asia
2275 5083 2558 5138 factitasse
2606 5078 2907 5135 Antonium
2957 5075 3155 5131 scribit
3216 5073 3573 5134 Plutarchus,

1996 5155 2049 5209 id
2082 5154 2512 5227 imperatoribus
2546 5149 2917 5227 usuvcnerit__:
2955 5143 3577 5227 quod-quidemfaer

1996 5170 2049 5209 ιιι
2082 5172 2154 5209 Im
2197 5170 2512 5209 eratortuus
2546 5170 2873 5205 usuvcnertt
2906 5170 2917 5201 :
2955 5170 3104 5214 quuu
3140 5170 3365 5214 qmucm
3398 5170 3577 5197 rum"

1992 5242 2103 5279 non
2132 5170 2330 5295 placet,
2369 5223 2463 5295 qui
2497 5221 2791 5295 pertinere
2822 5219 3065 5272 edictum
3112 5216 3265 5295 istud
3307 5223 3457 5295 putat
3505 5211 3577 5295 ad

1994 5285 2213 5350 titulum
2255 5285 2331 5348 De
2361 5285 2700 5363 petitionibus
2750 5288 3032 5363 bonorum”
3068 5285 3290 5339 sublatis
3319 5299 3338 5336 :
3390 5285 3464 5336 ita
3516 5290 3577 5335 ut

1993 5368 2174 5421 aliena
2224 5357 2454 5435 intelligi
2505 5361 2764 5435 debeant,
2798 5375 2863 5411 ea
2916 5357 3128 5435 scilicet
3176 5371 3319 5435 qum.
3356 5366 3575 5435 reorum

1992 5436 2241 5505 quidem,
2288 5434 2383 5489 sed
2405 5427 2879 5505 findetnnatorttm
2944 5427 3126 5481 adhuc
3169 5438 3225 5479 ct
3270 5427 3573 5505 viventium

1996 5498 2144 5561 bona
2198 5515 2349 5568 sunt,
2409 5504 2654 5569 itemque
2707 5498 2914 5552 caduca
2971 5512 3067 5550 seu
3111 5498 3422 5569 vacantia;
3467 5498 3577 5544 imo
3642 5560 3647 5563 _

1994 5593 2127 5631 vero
2175 5562 2348 5629 etiam
2398 5562 2784 5644 damnatorum
2818 5578 2874 5622 et
2911 5566 3357 5644 proscriptorum
3404 5562 3571 5620 bona.

1994 5662 2119 5715 quae
2182 5655 2367 5699 tamen
2427 5641 2560 5695 ﬁsco
2618 5634 3174 5715 nuntiata,’nondttt_n
3234 5634 3444 5715 addita,
3471 5645 3571 5685 seu

1994 5700 2344 5785 incorporata
2369 5720 2519 5785 sunt,
2551 5725 2677 5764 cum
2713 5709 2830 5765 haec
2857 5700 3079 5783 quoque
3100 5706 3279 5762 aliena
3300 5700 3573 5774 quodam-

1996 5780 2170 5843 modo
2195 5800 2317 5841 esse
2354 5780 2673 5837 vidcantur.
