4026 6410
450 382 591 449 tom

1713 393 2038 455 JOANNIS
2072 393 2399 456 ΖΟΝΑΒΑΞ

3561 398 3706 460 1076

438 498 817 566 multitudine,
855 499 1090 556 navibus
1116 515 1183 556 ex
1210 502 1346 557 mari
1371 503 1568 560 hostes
1607 505 1864 572 adortus,
1900 516 2014 562 tan-

2119 507 2228 562 τῶν
2269 508 2509 562 συνετῶν
2545 509 2675 580 παρ’
2728 509 2916 569 αὐτοῖς
2950 507 3255 564 δοκούντων
3311 509 3540 580 ἀπεῖρξε
3581 509 3714 574 τούς

438 601 546 644 tam
579 591 782 646 aedem
809 591 1014 657 edidit,
1059 605 1118 648 ut
1171 594 1367 666 reliqui
1413 597 1578 651 etiam
1628 597 1756 654 inde
1790 599 2018 669 aufuge-

439 691 583 738 rent.
622 682 889 740 Claudius
927 702 1060 740 vero
1103 703 1229 742 cum
1271 704 1368 744 eos
1411 689 1466 744 in
1497 692 1666 747 variis
1717 693 2017 763 provinciis

437 774 743 844 dispersos,
785 777 952 847 636
1005 779 1204 846 partim
1253 781 1548 836 navalibus
1579 824 1592 846 ,
1654 785 1849 850 partim
1905 792 2018 838 ter-

438 867 710 921 restribus
740 869 945 936 prteliis
979 881 1316 940 superasset,
1353 875 1540 930 multis
1579 876 1744 930 etiam
1803 886 2016 948 tempe-

438 966 642 1012 statum
673 961 1063 1017 vexationibus
1103 972 1160 1019 et
1211 963 1355 1020 fame
1402 969 1781 1038 consumptis,
1827 968 2017 1025 Sirmii

438 1057 710 1118 aegrotans
741 1065 756 1102 :
789 1066 914 1106 cum
967 1053 1302 1122 primoribus
1350 1056 1625 1112 exercitus
1662 1057 2018 1124 convocatis,

439 1137 508 1193 de
573 1139 904 1210 imperatore
964 1145 1206 1198 creando
1264 1146 1600 1210 dissereret,
1657 1148 2016 1204 Aurelianum

439 1230 674 1300 imperio
708 1233 934 1303 dignum
970 1251 1090 1291 esse
1121 1237 1280 1293 dixit.
1317 1237 1486 1302 Sunt,
1518 1241 1609 1308 qui
1655 1255 1783 1293 eum
1831 1241 2016 1294 statim

438 1322 827 1392 imperatorem
867 1326 1168 1382 salutatum
1194 1343 1317 1384 esse
1354 1329 1560 1384 dicant.
1590 1329 1694 1384 Alii
1739 1343 2015 1393 asserunt,

438 1423 714 1480 senatum,
755 1414 967 1472 Claudii
1019 1429 1197 1476 morte
1243 1421 1450 1485 audita,
1477 1421 1817 1487 Quintiliano
1861 1422 2017 1478 fratri

435 1506 587 1578 ejus,
627 1507 699 1562 ob
738 1508 912 1578 ipsius
949 1510 1288 1567 desiderium
1314 1555 1328 1578 ,
1364 1513 1628 1570 detulisse
1676 1515 2015 1586 imperium:

437 1599 532 1668 qui
563 1609 624 1654 ut
656 1600 823 1656 homo
861 1603 1129 1675 simplex,
1153 1614 1211 1661 et
1261 1606 1328 1661 ad
1370 1621 1458 1662 res
1505 1608 1776 1679 gerendas
1824 1625 2017 1679 parum

437 1689 704 1757 idoneus,
745 1709 870 1750 cum
926 1696 1281 1753 Aurelianum
1327 1714 1358 1754 a
1403 1699 1674 1755 militibus
1725 1702 2020 1772 imperato-

436 1797 551 1837 rem
581 1785 876 1842 salutatum
912 1803 1036 1844 esse
1065 1790 1402 1856 audivisset,
1432 1791 1608 1848 incisa
1652 1809 1846 1849 manus
1879 1811 2016 1850 vena

435 1889 504 1928 ex
529 1878 798 1944 proﬂuvio
824 1881 1110 1952 sanguinis
1141 1884 1288 1938 ultro
1316 1899 1506 1940 necem
1533 1884 1635 1940 sibi
1660 1887 2014 1954 consciverit,

434 1982 538 2038 per
568 1984 674 2023 xvrt
708 1970 975 2028 duntaxat
1005 1975 1124 2030 dies
1149 1975 1306 2046 quasi
1342 1977 1618 2032 somniato
1643 1979 1896 2049 imperio.
1938 1981 2015 2036 De

434 2058 615 2127 spatio
641 2060 861 2132 imperii
885 2063 1124 2129 Claudii,
1151 2068 1451 2138 scriptores
1479 2086 1584 2124 non
1621 2073 1975 2127 consentiunt
1999 2088 2014 2126 :

434 2163 673 2216 quorum
703 2154 818 2211 alii.
857 2169 982 2210 eum
1025 2174 1195 2212 unum
1229 2175 1455 2224 annum,
1488 2160 1612 2223 alii,
1643 2170 1704 2216 ut
1745 2172 1802 2218 et.
1841 2163 2015 2218 Euse-

434 2239 602 2305 bius,
637 2242 922 2301 biennium
968 2249 1267 2320 imperasse
1301 2253 1506 2307 ferunt.
1560 2253 1734 2324 llujus
1774 2254 2014 2324 impera-

435 2334 575 2392 toris
605 2336 818 2394 Claudii
849 2356 916 2395 ex
953 2342 1061 2397 lilia
1105 2358 1273 2412 nepos
1304 2344 1410 2400 fuit
1447 2343 1719 2400 Constans
1756 2344 2012 2414 Chlorus,

436 2427 614 2501 Magni
650 2432 996 2490 Constantini
1030 2447 1204 2506 pater.

2117 600 2426 668 ὁμοφύλους
2475 601 2568 655 τοῦ
2629 602 3074 672 ἐγχειρήματος,
3143 601 3388 670 φάμενος
3433 601 3509 664 ὡς
3576 600 3714 671 περὶ

2117 691 2291 744 ταῦτα
2317 693 2367 746 οί
2401 692 2665 760 Ἕλληνες
2703 691 3100 762 ἀσχολούμενοι
3124 692 3444 761 πολεμικῶν
3469 691 3714 761 ἀμελοῦ-

2120 801 2205 836 σιν
2236 782 2436 853 ἔργων,
2465 784 2560 838 καὶ
2599 784 2775 845 οὓτως
2808 784 3134 854 εὐχείρωτοι
3168 783 3436 852 γίνονται.
3465 784 3714 855 Κλεόδη-

2126 895 2224 946 μος
2259 875 2372 947 (78)
2419 875 2499 942 δὲ,
2544 876 2833 946 Ἀθηναῖος
2895 875 3059 946 ἀνὴρ,
3116 875 3402 944 διαδράναι
3460 874 3712 943 ἰσχύσας.

2117 971 2214 1022 καὶ
2245 969 2450 1041 πλῆθος
2495 968 2847 1039 συναγαγὼν,
2893 969 3035 1039 μετὰ
3079 969 3285 1022 πλοίων
3321 971 3386 1022 ἐκ
3429 967 3716 1038 θαλάσσης

2119 1063 2358 1134 ἐπῆλθεν
2403 1065 2614 1128 αὐτοῖς,
2655 1065 2752 1117 καὶ
2783 1064 3018 1127 πολλοὺς
3057 1063 3293 1124 ἀνεῖλεν,
3345 1063 3422 1126 ὡς
3457 1061 3714 1123 καὶτοὺς

2119 1157 2581 1228 περιλειφθέντας
2639 1156 2859 1210 ἐκεῖθεν
2910 1157 3129 1224 φυγεῖν.
3166 1154 3439 1216 Κλαύδιος
3473 1152 3529 1206 δὲ
3565 1150 3717 1205 κατὰ

2119 1249 2327 1302 τούτων
2355 1248 2633 1319 ὁρμήσας,
2677 1249 2736 1301 ἐν
2776 1247 3001 1308 πολλαῖς
3039 1245 3448 1298 σκεδασθέντων
3473 1242 3711 1314 χώραις,

2123 1340 2254 1395 ποτὲ
2300 1340 2398 1409 μὲν
2429 1339 2756 1412 ναυμαχίαις
2787 1339 2918 1392 ποτὲ
2946 1337 3006 1392 δὲ
3046 1337 3191 1392 κατά
3231 1337 3338 1406 γῆν
3377 1335 3715 1405 συνισταμέ-

2120 1445 2243 1490 ναις
2273 1426 2478 1498 μάχαις
2509 1427 2752 1496 ἐνίκησε.
2803 1427 2914 1479 Καὶ
2949 1424 3221 1496 χειμῶνες
3246 1423 3302 1476 δὲ
3329 1423 3532 1486 αὐτοὺς
3570 1421 3715 1476 ἑκά-

2121 1536 2331 1584 κωσαν,
2372 1519 2468 1572 καὶ
2498 1518 2656 1589 λιμὸς
2679 1518 2980 1572 ὲπίεσεκαὶ
3023 1516 3360 1587 διέφθειρεν.
3397 1515 3488 1568 Ἐν
3530 1515 3587 1568 δὲ
3629 1515 3714 1585 τῷ

2120 1610 2333 1680 Σιρμίῳ
2362 1610 2660 1682 διατρίϐων
2699 1612 2727 1664 ὁ
2757 1609 3031 1673 Κλαύδιος
3060 1609 3310 1679 ἐνόσησε,
3347 1608 3445 1662 καὶ
3501 1623 3717 1675 συγκα-

2118 1703 2281 1764 λέσας
2310 1703 2371 1757 τὸ
2403 1703 2780 1773 λογιμώτερον
2801 1703 2897 1756 τοῦ
2939 1701 3353 1773 στρατεύματος
3387 1701 3516 1771 περὶ
3549 1699 3712 1769 βασι-

2117 1795 2255 1858 λέως
2313 1795 2561 1866 διελέχθη
2618 1795 2806 1858 αὐτοῖς
2837 1834 2852 1858 ,
2917 1797 3014 1848 καὶ
3049 1795 3142 1847 τὸν
3181 1793 3526 1863 Αὐρηλιανδν
3558 1791 3714 1856 ἄξιον

2120 1890 2221 1955 τῆς
2276 1888 2560 1959 βασιλείας
2610 1883 2735 1942 εῐπε
2782 1888 3096 1957 τυγχάνειν.
3132 1889 3250 1941 Elui.
3277 1886 3322 1940 δ’
3369 1885 3418 1938 οἳ
3449 1885 3714 1953 λέγουσιν

2121 1979 2205 2033 ὃτι
2252 1979 2347 2032 καὶ
2399 1980 2600 2034 αὐτίκα
2645 1979 2874 2049 βασιλέα
2930 1981 3152 2032 ἀνεῖπεν
3199 1979 3381 2032 αὐτόν.
3415 1977 3592 2030 Ἔνιοι
3649 1975 3713 2030 δὲ

2121 2069 2345 2138 λέγουσι
2402 2071 2501 2142 τὴν
2569 2071 2873 2142 σύγκλητον
2905 2072 2964 2124 ὲν
3021 2068 3240 2141 Ῥώμῃ,
3291 2067 3575 2137 μαθοῦσαν
3609 2066 3711 2119 τοῦ

2124 2163 2400 2218 Κλαυδίου
2427 2167 2518 2217 τὸν
2549 2165 2802 2227 θάνατον,
2829 2163 3187 2216 Κυντιλιανὺν
3213 2163 3325 2234 (79)
3354 2164 3446 2214 τὸν
3475 2160 3714 2226 ἀδελφὸν

2122 2261 2358 2322 ἐκείνου,
2393 2258 2484 2311 διὰ
2519 2259 2611 2310 τὸν
2644 2259 2782 2328 πρῗις
2833 2257 3105 2311 Κλαύδιον
3148 2257 3315 2309 πόθον
3350 2255 3580 2319 ἀξιῶσαι
3607 2255 3712 2324 τῆς

2124 2350 2426 2421 βασιλείας,
2481 2349 2542 2402 τὸ
2600 2349 2658 2402 δὲ
2713 2349 3108 2419 στρατιωτικὸν
3178 2346 3552 2416 ἀναγορεῦσαι
3614 2345 3711 2398 τὸν

2120 2442 2484 2512 Αὐρηλιανόν.
2539 2443 2769 2510 Ἀφελὴς
2797 2442 2852 2494 δὲ
2875 2440 2949 2494 ὢν
2976 2444 3004 2494 ὁ
3037 2439 3416 2503 Κυντιλιανός,
3445 2440 3540 2492 καὶ
3571 2437 3712 2509 πρὸς

433 2525 784 2595 πραγμάτων
841 2527 1215 2596 ἁποπεφυκὼς
1264 2529 1663 2601 μεταχείρισιν,
1705 2530 1896 2601 μαθὼν
1960 2533 2060 2601 τὴν
2097 2535 2408 2606 ἀνάρρησιν
2455 2533 2550 2588 τοῦ
2598 2535 2966 2603 Αὐρηλιανού,
3027 2533 3220 2586 ἑαυτὸν
3288 2534 3492 2594 ἀνεῖλε,
3522 2529 3715 2600 τεμὼν

432 2615 540 2688 τὴν
562 2619 737 2688 φλέϐα
781 2620 883 2691 τῆς
937 2619 1145 2684 οίκείας
1178 2621 1387 2692 χειρὸς,
1433 2627 1529 2676 καὶ
1567 2625 1634 2692 τῇ
1674 2623 1886 2677 ἐκεῖθεν
1957 2623 2052 2678 τοῦ
2091 2625 2329 2697 αἵματος
2366 2627 2716 2695 ὲναποζύξας
2785 2629 2906 2698 ῥοῇ.
2952 2627 3327 2681 ἑπτακαίδεκα
3366 2625 3532 2695 μόνας
3568 2622 3712 2694 ἠμέ-

434 2728 541 2782 ρας
595 2714 706 2784 (80)
764 2715 1065 2784 ὀνειρώξας
1118 2713 1308 2787 ὥσπερ
1358 2717 1457 2788 τὴν
1501 2717 1828 2788 αὐταρχίαν.
1872 2718 2016 2772 ’Λλλ⁹
2054 2720 2176 2774 οὐδὲ
2247 2721 2377 2791 περὶ
2427 2722 2521 2774 τοῦ
2553 2722 2750 2791 χρ-ὗνου
2795 2722 2896 2791 τῆς
2931 2725 3023 2775 τοῦ
3060 2722 3324 2776 Κλαυδίου
3367 2721 3542 2790 ἀρχῆς
3608 2719 3711 2770 άλ-

431 2808 617 2877 λήλοις
674 2810 1063 2880 συμφωνοῦσιν
1116 2814 1165 2866 oi
1231 2813 1592 2882 συγγραφεῖς.
1644 2812 1708 2866 Οἱ
1761 2811 1862 2882 μὲν
1896 2811 2007 2882 γὰρ
2047 2811 2133 2880 ἐφ’
2180 2813 2277 2865 ἕνα
2353 2815 2514 2886 ἄρξαι
2565 2815 2755 2868 τοῦτον
2824 2815 3128 2886 ίστοροῦσιν
3201 2815 3488 2876 ἐνιαυτὸν,
3536 2814 3588 2866 οἱ
3646 2811 3708 2865 δὲ

431 2905 527 2962 liti.
553 2905 670 2968 δύο,
699 2900 774 2960 ὧν
797 2907 915 2960 ἔστι
942 2908 1039 2960 καὶ
1067 2907 1350 2970 Εὐσέϐιος.
1415 2907 1622 2962 Τούτου
1687 2908 1782 2962 τοῦ
1822 2908 2090 2980 βασιλέως
2131 2909 2401 2964 Κλαυδίου
2463 2911 2823 2982 θυγατριδοῦς
2877 2909 2946 2983 ἦν
2989 2911 3253 2976 Κώνστας
3315 2912 3343 2964 ὁ
3382 2909 3623 2980 Χλωρδς,
3676 2913 3706 2962 ὁ

430 2999 528 3056 τοῦ
557 3002 792 3072 μεγάλου
838 3004 1250 3057 Κωνσταντίνου
1277 3005 1483 3074 πατήρ.

500 3093 717 3152 XXVII.
763 3095 1100 3151 Aurelianus
1137 3098 1452 3167 principatu
1487 3099 1864 3154 Romanorum
1911 3113 2012 3168 po-

2187 3092 2316 3152 Κῖ·
2351 3093 2696 3167 Αὐρηλιανδς
2721 3094 2800 3160 δὲ,
2857 3093 2958 3164 τῆς
2997 3093 3298 3164 ἡγεμονίας
3345 3088 3696 3158 ἐπιϐεϐηκὼς

430 3187 588 3253 titus,
636 3198 920 3260 magnetes
973 3191 1207 3260 rogavit,
1253 3207 1365 3261 quo
1421 3202 1583 3262 pacto
1632 3193 2012 3263 imperandum

2136 3190 2449 3261 Ῥωμαίων,
2515 3189 2682 3260 ῆρετο
2745 3189 2872 3249 τούς
2921 3190 2978 3240 ὲν
3029 3187 3174 3240 τέλει
3205 3189 3350 3247 ὅπως
3395 3181 3700 3254 βασιλεύειν

430 3289 600 3336 esset.
644 3280 892 3346 Quorum
919 3297 1063 3335 unus
1095 3281 1148 3336 ei
1177 3283 1462 3352 respondit
1489 3302 1501 3337 :
1528 3281 1588 3338 Si
1633 3285 2014 3353 rempublicam

2120 3284 2317 3355 χρεών.
2359 3279 2462 3335 Ὧν
2506 3277 2589 3345 εἷς
2644 3276 2800 3336 εἶπεν
2851 3279 3002 3350 αὐτῷ
3047 3279 3122 3343 ὡς
3161 3279 3304 3334 Ἐὰν
3353 3273 3707 3342 ,βούλειβα-

429 3373 533 3426 rite
559 3372 941 3426 administrare
963 3371 1211 3440 volueris,
1243 3390 1375 3427 auro
1411 3383 1461 3428 et
1500 3376 1640 3445 ferro
1671 3383 1720 3429 te
1754 3377 2014 3430 munitum

431 3477 542 3517 esse
569 3463 868 3533 oportebit:
904 3480 970 3517 ac
1006 3465 1148 3533 ferro
1184 3466 1393 3538 quidem
1443 3475 1627 3521 contra
1688 3468 1858 3523 hostes
1901 3471 2013 3536 uti,

433 3553 509 3608 tui
545 3570 664 3608 vero
701 3554 1037 3608 observantes
1065 3571 1196 3609 auro
1230 3558 1584 3612 remunerari.
1617 3557 1796 3628 Atque
1827 3561 1874 3615 is
1905 3561 2017 3629 pri-

431 3663 558 3703 mus
592 3649 677 3702 sui
707 3648 928 3702 consilii
968 3648 1160 3705 tulisse
1187 3649 1428 3704 fructum
1463 3649 1660 3716 fertur,
1693 3666 1802 3705 non
1838 3651 2014 3706 multo

431 3750 558 3812 post
598 3741 881 3796 Aureliani
910 3741 1118 3796 ferrum
1149 3751 1432 3812 expertus.
1463 3741 1566 3809 Qui
1607 3742 1880 3813 principio
1908 3742 2014 3796 im-

431 3835 572 3906 perii
614 3835 949 3891 Christianis
976 3835 1304 3890 clementem
1335 3851 1394 3891 se
1428 3836 1703 3906 praebuit:
1740 3835 1836 3891 sed
1886 3851 2015 3906 pro-

431 3943 595 3998 gessu
647 3926 916 3998 temporis
973 3935 1255 3992 mutatus,
1303 3927 1751 3997 persecutionem
1799 3935 1854 3981 et
1892 3926 2016 3996 ipse

430 4027 626 4073 contra
659 4033 758 4074 eos
789 4018 1091 4074 meditatus
1120 4025 1228 4073 est.
1254 4017 1456 4073 Verum
1487 4034 1611 4073 cum
1637 4019 1750 4090 jam
1790 4017 2015 4072 decreta

431 4122 624 4166 contra
653 4109 860 4168 Christi
907 4111 1152 4167 cultores
1195 4110 1600 4176 scriberentur,
1661 4109 1849 4164 divina
1887 4110 2014 4164 vin-

431 4203 588 4281 dicta
609 4202 1020 4272 improbitatem
1047 4203 1202 4274 ejus,
1227 4203 1340 4257 vita
1378 4203 1636 4273 adempta
1656 4241 1672 4268 ,
1742 4203 2012 4258 coercuit.

432 4293 538 4350 Sed
568 4295 812 4348 nondum
846 4295 913 4348 de
939 4295 1062 4365 ejus
1087 4294 1268 4358 obitu,
1292 4293 1468 4348 donec
1492 4309 1581 4348 res
1609 4293 1713 4350 sub
1733 4308 1800 4348 eo
1833 4303 2014 4364 gestas

431 4392 872 4461 exposuerimus.
904 4390 1040 4445 Nam
1071 4406 1197 4446 eum
1234 4390 1312 4444 rei
1342 4390 1600 4446 militaris
1641 4389 2015 4460 peritissimus

2119 3377 2405 3433 σιλεῦσαι
2435 3375 2657 3441 καλῶς,
2694 3374 2904 3444 χρυσῷ
2934 3387 3008 3427 σε
3033 3373 3253 3427 δεῖ-καὶ
3286 3370 3517 3438 σιδήρῳ
3542 3383 3707 3434 περιο

2119 3469 2340 3540 φράξαι
2404 3467 2670 3522 σεαυτὸν
2697 3506 2712 3531 ,
2767 3465 2920 3519 κατὰ
2979 3464 3092 3534 μὲν
3149 3463 3270 3518 τῶν
3338 3461 3709 3516 λυπούντων

2117 3559 2494 3630 κεχρημένον
2546 3559 2802 3628 σιδήρῳ,
2853 3557 2995 3624 τοὺς
3049 3557 3118 3611 δέ
3164 3574 3232 3627 τε
3261 3557 3708 3624 θεραπεύοντας

2116 3654 2328 3724 χρυσῷ
2356 3654 2769 3724 ἀμειϐόμενον.
2815 3653 2914 3716 Ὃς
2949 3651 3192 3723 πρῶτος,
3218 3650 3295 3714 ὡς
3327 3649 3570 3716 λέγεται,
3604 3644 3711 3714 τῆς

2117 3746 2326 3806 οἰκείας
2376 3744 2584 3815 ταύτης
2642 3743 2899 3798 ἀπώνατο
2948 3743 3286 3814 συμϐουλῆς,
3322 3743 3441 3812 μετ’
3471 3740 3534 3793 οὐ
3566 3736 3707 3793 πολὺ

2067 3904 2084 3922 ⁶
2117 3836 2212 3891 τοῦ
2249 3835 2472 3906 σιδήρου
2507 3833 2812 3906 πειραθείς.
2850 3827 3019 3898 Οὗτος
3052 3836 3080 3887 ὁ
3110 3833 3472 3902 αὐτοκράτωρ
3507 3832 3711 3903 πρότε-

2120 3947 2215 4000 ρον
2275 3929 2378 3997 μὲν
2430 3931 2546 3993 τοῖς
2603 3929 2696 3980 τὸν
2753 3927 2993 3999 Χριστὸν
3053 3925 3376 3996 σεϐομένοις
3437 3923 3708 3988 ἐπιεικῶς

2117 4022 2495 4094 προσεφέρετο
2520 4040 2534 4056 ο
2573 4024 2856 4091 προϊόντος
2895 4019 2953 4074 δέ
2985 4020 3036 4073 oi
3075 4017 3171 4072 τοῦ
3198 4017 3395 4087 χρόνου
3432 4016 3535 4085 τῆς
3565 4015 3704 4068 αὐτ-

2118 4114 2342 4184 αρχίας,
2396 4111 2678 4180 ἠλλοίωτο,
2724 4111 2820 4164 καὶ
2868 4106 3108 4178 διωγμὸν
3167 4108 3383 4176 ἐγεῖραι
3416 4105 3558 4158 κατὰ
3591 4103 3707 4156 τῶν

2119 4206 2332 4260 πιστῶν
2381 4205 2476 4258 καὶ
2529 4202 2696 4266 αὐτὸς
2750 4199 3136 4260 ἐϐουλεύσατο,
3181 4203 3275 4252 καὶ
3315 4198 3415 4268 ἢδη
3462 4198 3558 4251 καὶ
3587 4196 3705 4248 δια-

2116 4301 2378 4372 τάγματα
2426 4295 2827 4368 συνεγράφετο.
2887 4291 3031 4347 Ἀλλ’
3067 4292 3301 4362 ἐπέσχεν
3351 4293 3384 4361 ή
3425 4290 3546 4344 θεία
3577 4290 3703 4360 δίκη

2117 4391 2216 4462 τὴν
2251 4391 2393 4445 κατὰ
2422 4389 2532 4443 τῶν
2559 4387 2871 4458 σεϐομένων
2908 4385 3114 4456 Ἰησοῦν
3143 4385 3232 4438 τὸν
3265 4381 3500 4454 Χριστὸν
3523 4381 3708 4450 ὁρμὴν

431 4457 602 4550 esset,
634 4484 806 4538 multa
835 4483 978 4538 bella
1017 4496 1281 4553 prospere
1325 4482 1584 4537 confecit.
1620 4457 2012 4554 Palamyrenos

2118 4483 2220 4553 τῆς
2265 4481 2465 4544 κακίας
2507 4478 2704 4543 αὐτοῦ,
2753 4476 3104 4547 ὑποτεμοῦσα
3148 4477 3247 4548 τὴν
3275 4477 3490 4529 έκεῖνου
3529 4471 3702 4542 ζωήν.

432 4575 674 4647 subegit,
762 4591 1069 4644 eorumque
1125 4576 1365 4646 reginam
1423 4573 1761 4642 Zenobiam,
1830 4576 2012 4632 Probo

431 4678 669 4739 praztore
701 4679 885 4740 capto,
913 4669 1151 4739 Λεωτριο
1175 4669 1406 4738 potitam
1441 4667 1740 4724 debellavit
1770 4678 1826 4723 et
1873 4669 2010 4724 sub—

431 4759 564 4829 egit.
622 4759 773 4814 Hanc
824 4759 916 4814 alii
1003 4760 1232 4813 Romam
1305 4758 1630 4828 perductam
1681 4759 1804 4813 viro
1861 4760 2010 4814 claro

431 4852 688 4921 nupsisse
715 4850 904 4906 ferunt
937 4867 951 4907 :
979 4851 1069 4905 alii
1113 4851 1166 4904 in
1211 4851 1407 4906 itinere
1446 4865 1558 4920 prae
1583 4850 1753 4906 animi
1785 4853 2010 4923 aegritu-

433 4944 562 5000 dine
589 4943 658 4998 ob
684 4953 948 4998 mutatam
973 4943 1249 4998 fortunam
1281 4943 1484 4998 obiisse
1509 4961 1521 4996 :
1547 4943 1821 4998 defuncta:
1847 4943 2011 4998 ﬁliam

433 5055 600 5094 unam
634 5054 860 5095 uxorem
885 5038 1109 5094 duxisse
1133 5037 1518 5099 Aurelianum,
1549 5047 1780 5092 caeteras
1809 5037 2014 5093 nobili-

432 5131 539 5186 bus
572 5130 835 5186 Romanis
874 5131 1256 5201 despondisse.
1307 5128 1408 5185 llic
1436 5129 1639 5185 Gallias
1667 5129 1858 5194 etiam,
1890 5129 2014 5198 plu-

435 5223 591 5280 rimis
619 5225 782 5280 annis
807 5240 838 5280 a
872 5224 1120 5296 tyrannis
1145 5231 1466 5292 occupatas,
1498 5221 1734 5292 imperio
1764 5222 2014 5276 Romano

2127 4574 2290 4628 Ἀλλά
2326 4575 2495 4646 μήπω
2550 4573 2682 4644 περὶ
2748 4571 2846 4624 τοῦ
2893 4571 3085 4634 τέλους
3133 4569 3326 4634 αὐτοῦ,
3362 4569 3431 4623 τά
3473 4567 3601 4622 δ’έν
3633 4566 3707 4636 τῇ

2114 4665 2391 4736 αὐταρχία
2445 4663 2597 4733 αὐτῷ
2656 4662 2973 4734 πραχθέντα
3019 4662 3333 4734 διηγητέον.
3397 4662 3704 4732 Στρατηγι-

2114 4757 2360 4822 κώτατος
2395 4758 2506 4828 γὰρ
2532 4756 2609 4810 ὢν
2633 4757 2866 4820 πολλοὺς
2892 4757 3168 4826 πολέμους
3197 4755 3441 4824 ἐνίκησε.
3479 4754 3620 4817 Τούς
3643 4770 3706 4808 τι

2113 4851 2225 4922 γὰρ
2256 4849 2655 4922 Παλμυρηνοὺς
2677 4848 3035 4919 ἐχειρώσατο,
3063 4849 3157 4902 καὶ
3198 4849 3299 4918 τὴν
3335 4847 3516 4902 αὐτῶν
3549 4845 3702 4917 βασί·

2115 4944 2312 4996 λισσαν
2348 4940 2616 5012 Ζηνοϐίαν
2648 4940 3008 5011 κρατήσασαν
3047 4939 3144 4994 καὶ
3181 4939 3465 5008 Αἰγύπτου
3490 4939 3703 4992 καὶτὸν

2117 5035 2236 5088 ἐκεῖ
2264 5035 2388 5088 τότε
2421 5033 2838 5104 στρατηγοῦντα
2867 5032 3078 5102 Πρόϐον
3101 5031 3331 5086 έλοῦσαν
3390 5031 3556 5095 αὐτὸς
3580 5031 3701 5086 κατ’

2119 5129 2290 5199 αὐτῆς
2367 5125 2710 5198 στρατεύσας
2771 5125 3192 5195 κατεπολέμησε
3251 5125 3348 5178 καὶ
3403 5123 3696 5190 ὑπέταξεν.

2123 5223 2230 5274 Ἳιν
2289 5218 2421 5273 ἔνιοι
2477 5218 2576 5288 μὲν
2622 5218 2702 5281 εἰς
2742 5216 2968 5288 Ῥώμην
3018 5218 3131 5290 (81)
3191 5215 3506 5287 ἀπαχθῆναι
3565 5233 3700 5286 φασι

1626 5375 1832 5438 Varia)
1874 5375 2183 5439 lectiones
2222 5383 2283 5435 et
2328 5380 2518 5438 nottP.

508 5498 619 5568 (78)
640 5495 1010 5580 Κλεόδημος.
1040 5495 1130 5550 Sic
1169 5507 1280 5550 tres
1312 5511 1446 5550 mss.
1475 5494 1616 5549 alter
1643 5511 1674 5550 e
1703 5493 2013 5558 Wollianis,

435 5567 782 5636 Κλεομήδης.

509 5642 622 5706 (79)
658 5639 1079 5691 Κυντιλιανὸν.
1133 5638 1306 5698 Quem
1333 5634 1649 5706 Quintilium
1686 5645 1844 5689 vocat
1879 5634 2004 5706 Tre-

443 5705 647 5763 bellius
681 5707 877 5776 Pollio,
915 5720 968 5760 ut
1001 5717 1058 5760 et
1087 5706 1351 5776 Vopiscus
1393 5705 1447 5760 in
1483 5705 1783 5760 Aureliano
1817 5723 1831 5759 :
1867 5705 2012 5759 Κύν-

445 5780 644 5837 τιλλον,
675 5775 947 5835 Zosimus.
995 5776 1088 5830 lib.
1123 5793 1161 5830 ι.

516 5847 627 5914 (80)
667 5845 851 5901 Ἑπτὰ
885 5848 981 5900 καὶ
1015 5845 1162 5900 δέκα
1193 5847 1439 5916 ἡμέρας.
1472 5846 1551 5904 lta
1600 5847 1768 5903 etiam
1801 5844 2008 5903 PolliO'

2117 5492 2305 5575 Victor
2330 5493 2519 5563 paucis
2545 5495 2743 5551 diebus
2769 5496 3061 5566 imperium
3094 5495 3338 5550 tenuisse
3365 5491 3701 5560 Quintilium

2115 5573 2299 5702 alt(.Sl)
2344 5635 2461 5689 ’Ἢν
2511 5635 2662 5692 ἔνιοι
2711 5635 2832 5705 μὲν
2875 5638 2964 5701 εις
3002 5634 3260 5703 Ῥώμην.
3299 5635 3508 5690 Locum
3545 5631 3704 5705 hunc

2115 5704 2341 5830 ἐξίησι-ιε
2372 5706 2634 5777 expendit
2673 5703 2918 5779 Scaliger
2960 5708 3026 5764 ad
3061 5705 3367 5763 Eusebium
3405 5719 3441 5775 p
3491 5703 3620 5770 259.
3660 5719 3704 5760 ιι

2191 5793 2204 5830 ι
2238 5816 2254 5832 .
