4026 6394
372 334 506 399 1077

1610 342 2017 404 ANNALIUM
2056 346 2202 409 LIB.
2241 349 2387 413 XII.

3499 353 3633 417 1078

365 447 462 498 καὶ
520 445 675 515 ῤ’,δρὶ
729 446 1076 514 συναφθῆναι
1109 446 1218 500 τῶν
1249 448 1697 519 ἐπιφανεστέρων
1743 451 1826 502 ἐνί
1852 466 1866 482 ο
1906 449 1955 503 οί

2058 458 2414 528 recuperavit
2440 469 2531 516 :et
2562 460 2979 532 magistratibus
3001 462 3077 518 ibi
3101 461 3376 520 ordinatis
3407 461 3637 517 Ruinam

366 537 425 591 δέ
459 539 582 591 καθ’
612 538 732 592 ὁδον
783 539 956 611 αὐτὴν
989 540 1176 593 θανεῖν
1216 541 1457 609 λέγουσι,
1504 543 1955 612 περιαλγήσασαν

364 631 452 686 διὰ
479 632 580 703 τὴν
624 632 726 702 τῆς
783 631 958 703 τύχης
1001 634 1312 704 μεταϐολήν
1336 651 1350 664 ·
1391 635 1521 705 μίαν
1561 636 1617 690 δὲ
1643 636 1755 689 τῶν
1784 636 1958 705 θυγα-

328 752 335 759 -
364 726 544 793 τὲρων
605 725 778 795 αὐτῆς
839 727 921 789 είς
957 729 1196 795 γυναῖκα
1231 727 1418 781 λαϐεῖν
1467 728 1559 781 τὸν
1587 729 1954 798 Αὐρηλιανὸν,

366 819 465 882 τάς
485 819 542 871 δὲ
574 818 774 883 λοιπάς
820 819 1130 889 ἐπισήμους
1179 819 1290 873 τῶν
1348 820 1637 884 Ῥωμαίων
1667 821 1952 890 συζεῦξαι.

366 905 539 975 Οὗτος
591 912 649 966 δέ
704 914 805 976 τὰς
873 913 1106 978 Γαλλίας
1154 914 1250 968 ἐπὶ
1301 913 1578 979 πλείστοις
1618 916 1767 971 ἔτεσι
1804 918 1958 988 παρά

364 1022 527 1057 τινων
578 1005 993 1073 τυραννούντων
1062 1008 1477 1079 κατεχομένας,
1538 1012 1604 1082 τῇ
1663 1011 1958 1080 Ῥωμαίων

366 1096 638 1166 ἡγεμονία
658 1094 817 1161 αὖθις
848 1098 1263 1168 ἐπανεσώσατσ,
1310 1100 1403 1154 καὶ
1428 1101 1701 1174 ἄρχοντας
1724 1106 1959 1167 ταύταις

366 1188 814 1258 ἐγκαταστήσας,
840 1190 1013 1253 αὐτὸς
1043 1190 1137 1243 ἐπὶ
1171 1191 1397 1262 Ῥώμην
1434 1193 1828 1263 ἐπανελήλυθε.
1863 1193 1957 1248 καὶ

366 1280 771 1348 ἐθριάμϐευσεν
804 1282 898 1335 ἐπὶ
951 1284 1230 1353 ὀχήματος
1289 1285 1608 1353 ἐλεφάντων
1645 1287 1950 1357 τεσσάρων.

380 1369 545 1422 Ἀλλὰ
576 1372 672 1425 καὶ
694 1371 934 1435 Γάλλους
965 1373 1088 1427 τότε
1144 1376 1469 1446 κινηθέντας
1509 1377 1957 1448 κατηγωνίσατο.

379 1460 538 1515 Ἐπεὶ
586 1462 644 1515 δὲ
705 1465 799 1517 καὶ
860 1465 954 1518 ἐπὶ
1008 1466 1225 1530 Σκύθας
1273 1467 1375 1540 τὴν
1430 1471 1725 1539 στρατείαν
1776 1470 1955 1536 ἔθετο,

363 1553 631 1625 ἀνῃρέθη,
669 1555 963 1625 γενόμενος
986 1560 1125 1612 κατά
1152 1560 1253 1630 τὴν
1292 1560 1565 1631 Θρακῲαν
1599 1560 1954 1632 Ἡράκλειαν.

370 1642 557 1712 Ἔρως
588 1645 696 1716 γάρ
730 1664 816 1709 τις
866 1647 1229 1718 καλούμενος,
1256 1650 1352 1704 καὶ
1401 1650 1511 1704 τῶν
1555 1650 1756 1716 ἔξωθεν
1788 1669 1956 1723 φερο-

2054 565 2334 616 reversus,
2365 553 2530 625 637
2566 554 2852 626 quadrigis
2878 554 3299 624 elephantorum
3337 554 3617 625 triumpha

2051 640 2154 695 vit.
2191 640 2379 697 Gallos
2402 659 2645 714 quoque,
2682 654 2796 699 tum
2832 661 2921 700 res
2945 660 3119 699 novas
3143 646 3385 709 molitos,
3407 644 3638 701 devicit.

2053 731 2161 788 Sed
2194 749 2321 789 cum
2351 735 2761 805 expeditionem
2793 745 2988 791 contra
3017 735 3249 808 Scythas
3277 736 3638 807 suscepisset,

2048 824 2204 894 juxta
2228 823 2478 879 Thraciae
2508 826 2830 882 Heracleam
2873 834 2961 882 est
3015 826 3252 881 occisus.
3304 825 3437 880 Nam
3500 827 3639 882 Eros

2054 917 2277 987 quidam
2316 933 2343 972 a
2378 919 2657 987 responsis
2686 920 2960 985 externis,
2995 930 3121 981 aut,
3156 929 3219 974 ut
3250 920 3340 974 alii
3392 919 3638 981 tradunt,

2054 1010 2298 1074 ili-lator,
2355 1010 2674 1080 imperatori
2723 1026 2788 1065 ea
2819 1027 2942 1082 quae
2993 1012 3048 1065 in
3101 1026 3227 1066 cum
3274 1010 3638 1070 dicerentur,

2054 1101 2261 1156 referre
2291 1101 2507 1167 solitus,
2535 1102 2764 1158 insidias
2795 1102 3097 1159 Aureliano
3117 1144 3131 1167 ,
3162 1120 3189 1158 a
3224 1119 3335 1174 quo
3383 1118 3482 1170 per
3529 1102 3641 1154 ira-

2054 1191 2314 1246 cundiam
2348 1192 2675 1264 objurgatus
2701 1204 2843 1259 erat,
2881 1195 3224 1265 comparavit
3260 1213 3272 1248 :
3306 1203 3364 1249 et
3416 1207 3639 1246 manum

2053 1284 2173 1354 ejus
2205 1284 2451 1338 imitatus
2472 1324 2486 1344 ,
2518 1284 2734 1339 litteras
2768 1286 3080 1356 composuit
3102 1327 3116 1351 ,
3147 1284 3351 1355 quibus
3386 1291 3640 1354 potentes

2054 1376 2278 1448 quidam
2305 1376 2410 1430 viri
2438 1377 2636 1447 capitis
2681 1377 3103 1444 damnarentur,
3156 1377 3333 1447 iisque
3377 1377 3636 1438 ostcus‘s,

2054 1469 2279 1523 eosdem
2313 1469 2381 1523 ad
2413 1469 2620 1524 caedem
2649 1468 3004 1538 imperatoris
3031 1470 3281 1525 incitavit
3322 1486 3337 1524 :
3379 1467 3474 1539 qui
3516 1466 3640 1519 vitze

2056 1575 2168 1615 sine
2206 1566 2543 1625 metuentes,
2570 1560 2929 1614 Aurelianum
2964 1561 3345 1623 sustulerunt,
3379 1574 3435 1614 v1
3481 1557 3640 1612 annis

2058 1650 2297 1720 imperio
2327 1651 2591 1721 potitum,
2623 1651 2813 1720 paucis
2839 1652 3125 1707 mensibus
3162 1650 3422 1720 demptis.

371 1732 550 1801 μένων
591 1734 703 1805 (82)
765 1738 1118 1808 ἀποκρίσεων
1163 1739 1241 1796 ὢν
1304 1743 1570 1814 μηνυτὴς,
1602 1743 1679 1807 ὡς
1716 1744 1773 1797 δέ
1811 1760 1958 1806 τινες
2001 1740 2335 1812 ἱστοροῦσιν,
2373 1741 2729 1813 ὠτακουστὴς
2797 1742 2890 1796 καὶ
2937 1742 3368 1813 προσαγγέλλων
3434 1739 3512 1809 τῷ
3542 1738 3637 1807 βα-

368 1826 512 1880 σιλεῖ
549 1830 616 1884 τά
661 1831 817 1901 παρά
871 1849 1038 1886 τινων
1086 1833 1221 1904 περὶ
1266 1835 1434 1889 αὐτοῦ
1468 1835 1765 1905 λεγόμενα,
1832 1834 2189 1908 ὀργισθέντος
2250 1834 2417 1888 αὐτὸν
2447 1834 2543 1887 τοῦ
2572 1834 2940 1905 Λύρηλιανοῦ,
3009 1832 3404 1887 ἐπεϐούλευσεν
3469 1828 3636 1899 αὐτῷ.

370 1921 478 1973 Kal
532 1924 920 1993 μιμησάμενος
962 1924 1035 1979 τά
1087 1927 1302 1982 ἐκείνου
1355 1931 1685 2000 γράμματα,
1729 1931 1954 1999 γραφήν
1991 1945 2113 1982 τινα
2182 1925 2472 1990 συνέταξεν
2504 1926 2747 1996 ὀνόματα
2813 1925 3176 1999 περιέχουσάν
3202 1942 3366 1978 τινων
3394 1924 3639 1977 δυνατῶν

370 2012 705 2067 κελεύουσαν
751 2015 852 2086 τὴν
901 2018 995 2071 ἐπὶ
1035 2018 1271 2074 θάνατον
1298 2021 1543 2086 ἐκείνους
1569 2020 1953 2092 ἀχθήσεσθαι·
1992 2019 2061 2090 ἢν
2123 2018 2358 2081 ἐκείνοις
2422 2017 2738 2084 ὑποδείξας,
2806 2016 3086 2089 παρέοηξε
3122 2015 3251 2078 τοὺς
3281 2014 3481 2085 ἀνδρας
3503 2016 3641 2085 πρὸς

371 2107 531 2176 φόνον
558 2109 651 2163 τοῦ
683 2112 1113 2183 αὐτοκράτορος.
1148 2114 1437 2181 Δείσαντες
1462 2116 1571 2187 γάρ
1628 2117 1829 2171 ἐκεῖνοι
1893 2115 2023 2183 περὶ
2060 2118 2129 2187 τῇ
2162 2116 2401 2186 σφετέρᾳ
2445 2113 2581 2184 ζωῇ,
2627 2113 2968 2167 ἐπιτίθενται
3010 2111 3090 2182 τῷ
3142 2109 3490 2182 Λύρηλιανῷ,
3544 2112 3641 2165 καὶ

369 2207 687 2277 ἀναιροῦσιν
725 2208 913 2275 αὐτὸν,
953 2210 1014 2276 ἐξ
1063 2212 1347 2276 ἐνιαυτοὺς
1398 2213 1640 2284 ἠνυκότα
1691 2212 1845 2284 παρά
1889 2214 1956 2283 τῇ
2000 2211 2271 2283 βασιλείᾳ,
2309 2212 2494 2284 μηνῶν
2532 2212 2731 2281 ὀλίγων
2762 2211 2875 2283 (85)
2917 2211 3215 2279 ἐνδέοντας.

446 2300 588 2354 ΚΗ’.
628 2301 725 2353 Ὃν
758 2300 1037 2366 διεδέξατο
1085 2304 1343 2369 Τὰκιτος,
1410 2305 1732 2378 πρεσϐύτης
1781 2308 1956 2378 ἀνήρ·

2137 2307 2375 2363 XXVIII.
2417 2307 2482 2362 Ei
2511 2306 2781 2362 successit
2811 2305 3057 2368 Tacitus,
3097 2305 3265 2360 homo
3293 2320 3461 2361 senex
3484 2345 3500 2367 .
3545 2307 3639 2375 qui

372 2392 532 2445 πέντε
556 2392 667 2465 γὰρ
696 2394 834 2448 ἐτῶν
863 2392 1003 2448 εἶναι
1029 2394 1127 2449 καὶ
1149 2395 1528 2468 ἐϐδομήκοντα
1550 2399 1956 2469 ἀναγράφιται,

370 2484 459 2535 ὂτε
496 2483 667 2556 ᾑρέθη
725 2487 805 2548 είς
843 2487 1170 2557 μοναρχίαν.
1204 2487 1280 2542 Τὸ
1324 2490 1724 2559 στρατιωτικὸν
1764 2492 1877 2561 (84)
1900 2492 1957 2545 δὲ

371 2577 538 2630 αὐτὸν
604 2578 947 2649 ἀνηγόρευσε
987 2580 1082 2634 καὶ
1134 2581 1343 2637 ἀπόντα
1383 2583 1465 2655 (ἐν
1499 2585 1810 2658 Καμπανίᾳ
1845 2587 1957 2659 γὰρ

371 2669 492 2720 τότε
552 2669 880 2740 διέτριϐεν),
912 2671 1044 2725 ἔνθα
1102 2672 1424 2743 δεδεγμένος
1457 2676 1518 2729 τὸ
1563 2676 1846 2747 ψήφισμα,
1875 2681 1956 2744 είς

382 2759 605 2830 Ῥώμην
659 2763 921 2832 είσήλασε
972 2765 1111 2831 μετά
1165 2769 1445 2838 σχήματος
1500 2770 1799 2835 ἰδιωτικοῦ,
1858 2773 1956 2827 καὶ

373 2852 569 2924 γνώμῃ
597 2854 696 2922 τῆς
726 2855 1040 2926 συγκλήτου
1071 2875 1129 2911 τε
1159 2859 1254 2912 καὶ
1279 2860 1375 2913 τοῦ
1419 2860 1597 2929 δήμου
1629 2864 1728 2931 τὴν
1762 2864 1956 2931 στολὴν

375 2947 735 3018 περιεϐάλετο
757 2948 858 3019 τήν
892 2949 1188 3018 βασίλειον.
1219 2953 1424 3006 Σκύθαι
1458 2954 1515 3007 δέ
1544 2956 1642 3023 τὴν
1673 2956 1957 3011 Μαιώτιδα

373 3038 572 3108 λίμνην
608 3039 817 3094 καὶτὸν
843 3041 1017 3094 Φᾶσιν
1052 3043 1297 3111 ποταμὸν
1326 3045 1731 3111 περαιωθέντες
1768 3047 1958 3119 Πόντῳ

374 3132 470 3183 διαὶ
498 3132 874 3205 Καππαδοκίᾳ.
908 3133 1146 3204 ἐπῆλθον
1182 3136 1281 3190 καὶ
1324 3137 1563 3208 Γαλατία
1590 3141 1685 3192 καὶ
1709 3140 1952 3211 Κιλικίᾳ.

374 3223 602 3287 Τούτοις
662 3226 692 3277 6
746 3224 985 3290 Τάκιτος
1051 3228 1357 3297 συμμίξας.
1415 3230 1513 3283 καὶ
1566 3231 1594 3282 6
1643 3231 1957 3303 Φλωριανὺς

375 3316 625 3386 ὕπαρχος
654 3316 731 3370 ὢν
756 3317 988 3403 πολλοὺς
1040 3320 1250 3373 ἀνεῖλον
1272 3339 1283 3351 ·
1319 3322 1367 3373 οί
1407 3322 1462 3374 δὲ
1486 3322 1665 3376 λοιποὶ
1684 3327 1828 3395 φυγῇ
1858 3324 1956 3396 τὴν

375 3409 651 3479 σωτηρίαν
674 3410 1230 3481 ἐπραγματεύσαντο.
1262 3414 1571 3484 Μαξιμῖνον
1588 3414 1644 3469 δέ
1674 3433 1798 3470 τινα
1828 3433 1958 3485 συγ-

375 3502 507 3571 γενῆ
566 3503 766 3557 ἑαυτοῦ
832 3505 1079 3574 ἡγεμόνι
1142 3506 1242 3574 τῆς
1294 3506 1494 3575 Συρίας
1532 3507 1955 3578 προεχειρίσατο

2059 2411 2237 2451 annos
2275 2411 2411 2450 Lxxv
2448 2406 2613 2450 natus
2648 2394 2942 2465 imperium
2970 2394 3282 2464 suscepisse
3317 2394 3557 2460 dicitur,
3584 2405 3640 2449 (οι

2059 2489 2263 2543 absens
2292 2488 2350 2543 in
2381 2486 2682 2559 Campania
2737 2487 3055 2542 declaratus
3102 2502 3225 2542 esse
3267 2503 3297 2542 a
3348 2486 3639 2541 militibus.

2057 2580 2161 2638 Ubi
2185 2582 2408 2638 decreto
2458 2589 2724 2651 accepto,
2766 2580 2979 2650 privato
3036 2580 3225 2634 habitu
3276 2579 3509 2636 Romam
3555 2578 3639 2633 irr-

2056 2690 2300 2745 gressus,
2341 2673 2410 2729 de
2452 2673 2730 2729 sententia
2780 2680 3008 2728 senatus
3049 2671 3349 2742 populique
3401 2672 3639 2740 impera-

2058 2766 2199 2821 toria
2234 2764 2471 2836 insignia
2496 2764 2754 2835 sumpsit.
2780 2762 2917 2820 Cum
2960 2771 3144 2819 autem
3192 2762 3431 2834 Scytlize,
3477 2761 3639 2816 Mteo-

2060 2857 2172 2912 tide
2216 2858 2418 2928 palude
2463 2864 2521 2912 et
2570 2855 2806 2912 Phaside
2851 2870 3012 2910 amne
3055 2863 3336 2924 superato,
3383 2853 3649 2915 Pontum,

2058 2950 2487 3021 Cappadociam,
2536 2949 2805 3005 Galatiam
2856 2957 2913 3004 ct
2954 2947 3204 3003 Ciliciam
3258 2945 3637 3001 invasissent:

2060 3043 2285 3099 Tacitus
2314 3052 2370 3098 et
2401 3043 2694 3097 Florianus
2725 3040 3018 3112 prazl'eetus
3056 3040 3260 3094 multos
3291 3037 3637 3096 occiderunt.

2059 3136 2258 3206 reliqui
2296 3135 2423 3206 fuga
2451 3134 2684 3190 salutem
2709 3133 3099 3204 quaesiverunt.
3132 3130 3270 3186 Cum
3311 3146 3444 3185 vero
3468 3128 3635 3183 Maxi-

2059 3229 2268 3283 minum
2298 3226 2616 3300 quemdam,
2644 3243 2675 3281 a
2716 3226 2906 3281 Tacito
2947 3232 3179 3292 cognato
3230 3222 3399 3294 Syria:
3441 3221 3637 3276 ducem

2060 3334 2330 3384 creatum,
2358 3319 2561 3375 milites
2602 3328 2872 3389 potestate
2911 3317 3235 3373 abutentem
3282 3314 3636 3384 occidissent.

2061 3414 2394 3486 supplicium
2425 3414 2548 3487 ejus
2576 3412 2840 3469 facinoris
2868 3420 3202 3471 metuentes,
3244 3410 3637 3480 imperatorem

2062 3522 2281 3577 quoque
2316 3504 2614 3575 persecuti,
2648 3503 2893 3560 nondum
2921 3502 3004 3557 vel
3034 3501 3269 3570 septimo
3296 3514 3520 3561 mense,
3555 3496 3640 3550 vel

374 3595 631 3659 Τάκιτος.
680 3596 740 3649 ’0
775 3596 834 3650 δέ
859 3597 1049 3661 κακῶς
1079 3600 1145 3667 τῇ
1178 3598 1321 3668 ἀρχῇ
1366 3599 1658 3669 χρώμενος
1706 3600 1951 3671 ἀνῃρέθη

2057 3596 2211 3667 juxta
2250 3596 2520 3665 quosdam
2564 3594 2802 3651 necdum
2837 3596 3052 3666 integro
3087 3592 3313 3649 biennio
3362 3591 3418 3646 in
3464 3590 3639 3659 impe-

384 3686 525 3756 παρὰ
553 3686 926 3758 στρατιωτῶν.
981 3660 1095 3744 Kal
1120 3660 1421 3754 ἐείὲᾶᾄτέξ
1440 3660 1706 3745 οίῖτοῦτον
1734 3660 1956 3744 dive-16v;

2057 3689 2144 3742 rio
2172 3695 2387 3754 exacto,
2420 3687 2789 3743 trucidarunt.

372 3797 487 3843 τες,
556 3779 634 3843 ὡς
693 3780 793 3834 ούκ
856 3781 1247 3852 ἀτιμωρήτους
1307 3782 1505 3845 αὐτοὺς
1553 3784 1581 3834 6
1642 3783 2004 3852 αὐτοκράτωρ
2070 3781 2403 3852 παρόψεται,
2469 3777 2853 3844 ἐπιδιώξαντες
2899 3779 3153 3831 κάκεῖνον
3207 3777 3438 3840 ἀνεῖλον,
3488 3774 3655 3830 οὔπω

373 3874 600 3941 ἕϐδομον
627 3872 771 3941 μῆνα
811 3875 964 3944 παρὰ
999 3878 1064 3945 τῇ
1102 3874 1359 3946 βασιλεία
1376 3875 1676 3937 ἀνύσαντα,
1711 3877 1853 3928 κατὰ
1887 3875 1947 3927 δέ
1986 3891 2148 3939 τινας
2184 3874 2259 3941 μὴ
2295 3874 2452 3936 ὅλους
2488 3873 2599 3926 δύω
2630 3871 2934 3934 ἐνιαυτούς.

449 3966 577 4019 KB'.
640 3967 751 4019 Καὶ
789 3965 982 4019 τούτου
1046 3968 1374 4036 σφαγέντος,
1414 3968 1525 4020 δύω
1570 3968 1710 4020 κατὰ
1762 3969 1962 4022 ταύτδν

373 4055 761 4127 ἀνερρήθησαν
789 4056 1052 4125 βασιλεῖς,
1080 4056 1287 4127 Πρόϐος
1322 4058 1420 4126 μὲν
1439 4061 1495 4113 ἐν
1522 4061 1590 4129 τῇ
1629 4058 1775 4130 Έῴᾳ
1806 4058 1956 4128 παρά

373 4148 482 4200 τῶν
518 4148 893 4216 στρατιωτῶν,
916 4150 974 4201 ἐν
1000 4149 1057 4203 δὲ
1100 4149 1292 4221 Ῥώμῃ
1321 4149 1477 4220 παρά
1513 4150 1613 4219 τῆς
1649 4148 1960 4221 συγκλήτου

373 4240 710 4310 Φλωριανός.
748 4239 860 4292 Καὶ
897 4235 1069 4310 ἦρχον
1130 4239 1320 4309 ἄμφω,
1375 4241 1585 4312 Πρόϐος
1642 4242 1742 4311 μὲν
1790 4243 1848 4294 ἐν
1892 4243 1957 4312 τῇ

374 4334 639 4404 Δίγύπτῳ
663 4335 757 4387 καὶ
788 4333 964 4405 Συρίᾳ
994 4335 1091 4388 καὶ
1124 4333 1353 4406 Φοινίκῃ
1390 4336 1484 4387 καὶ
1508 4332 1845 4403 Παλαιστίνῃ
1874 4376 1888 4397 ,
1931 4336 1959 4386 6

371 4424 430 4478 δέ
477 4442 542 4495 γε
584 4424 897 4493 Φλωριανδς
933 4426 1000 4477 ἐκ
1055 4423 1312 4486 Κιλικίας
1354 4422 1551 4494 μέχρις
1602 4422 1826 4485 Ἰταλίας
1863 4424 1957 4476 καὶ

371 4517 483 4570 τῶν
542 4515 878 4586 Ἐσπερίων.
949 4513 1096 4568 Ἀλλ’
1151 4506 1310 4577 οὗτος
1370 4513 1482 4566 οὐδ’
1521 4513 1645 4567 ὅλον
1686 4513 1955 4583 τρίμηνον

373 4608 578 4673 ἀνύσας
603 4611 661 4663 ἐν
680 4612 745 4679 τῇ
780 4609 925 4681 ἀρχῇ
960 4608 1054 4660 καὶ
1087 4606 1185 4676 τῆς
1214 4605 1363 4674 ζωῆς
1398 4604 1515 4676 ἅμα
1542 4606 1640 4687 καὶ
1668 4605 1768 4675 τῆς
1798 4604 1955 4668 ἐξουη

375 4703 500 4763 σίας
524 4702 885 4756 ἐκπέπτωκεν
918 4700 1233 4771 ἀναιρεθεὶς
1268 4699 1374 4753 ὑπὸ
1412 4697 1763 4771 στρατιωτῶν
1807 4697 1961 4767 παρά

376 4792 591 4861 Πρόϐου
621 4792 933 4862 λεγομένων
976 4791 1267 4861 σταλῆναι.
1318 4791 1427 4846 Τοῦ
1469 4791 1526 4844 δὲ
1576 4791 1852 4853 θανόντος,
1883 4794 1959 4853 ὡς

379 4884 619 4953 εἴρηται,
648 4884 677 4937 ὁ
702 4882 913 4955 Πρόϐος
940 4885 1042 4953 τὴν
1097 4882 1227 4952 ὅλην
1271 4878 1526 4946 ἐξουσίαν
1557 4876 1957 4951 περιεζώσατο,

378 4972 438 5037 ὃς
463 4973 900 5045 ἐλλογιμώτατος
923 4971 1065 5031 εἶναι
1102 4974 1413 5045 ἱστόρηται,
1437 4974 1532 5027 καὶ
1562 4974 1706 5026 κατὰ
1744 4970 1959 5025 πολλῶν

2131 3966 2325 4021 XXIX.
2370 3965 2563 4020 'I‘acito
2602 3964 2847 4025 sublato,
2886 3963 3000 4017 duo
3039 3962 3400 4032 imperatores
3442 3961 3638 4016 eodem

2059 4066 2308 4126 tempore
2336 4067 2467 4112 sunt
2496 4056 2784 4118 declarati,
2811 4056 3028 4111 Probus
3066 4055 3119 4108 in
3153 4052 3378 4109 Oriente
3416 4071 3447 4108 a
3493 4054 3639 4108 mili-

2057 4146 2224 4209 tibus,
2271 4147 2458 4201 Romae
2489 4161 2517 4200 a
2546 4155 2739 4201 senatu
2779 4145 3095 4200 Florianus.
3146 4146 3223 4197 Ac
3258 4154 3491 4213 uterque
3534 4143 3640 4196 im-

2056 4238 2554 4308 peravitzProbus
2589 4237 2644 4293 in
2690 4237 2963 4309 Egypto.
3015 4236 3205 4308 Syria,
3255 4235 3534 4291 thnicia
3585 4246 3642 4291 et

2056 4330 2346 4386 Palaestina
2382 4348 2393 4384 :
2425 4330 2719 4386 Florianus
2759 4345 2789 4384 a
2826 4328 3022 4385 Cilicia
3052 4345 3226 4399 usque
3254 4327 3319 4382 ad
3351 4327 3561 4382 Italiam
3585 4336 3642 4382 et

2058 4422 2412 4480 Occidentem
2483 4421 2755 4477 Craterum
2804 4421 2894 4475 hic
2939 4420 3184 4475 nondum
3233 4420 3398 4476 tertio
3454 4436 3641 4475 mense

2061 4522 2279 4577 exacto,
2309 4525 2366 4569 et
2401 4513 2571 4569 vitam
2601 4522 2658 4567 et
2698 4511 2990 4582 imperium
3017 4511 3205 4566 amisit
3232 4529 3243 4565 :
3269 4525 3299 4564 a
3334 4509 3635 4573 militibus,

2062 4621 2202 4676 quos
2259 4604 2472 4660 Probus
2521 4603 2858 4659 subornasse
2910 4602 3229 4664 ferebatur,
3293 4599 3638 4656 interfectus.

2058 4698 2178 4766 Quo
2222 4697 2303 4753 sic
2356 4703 2604 4763 mortuo,
2655 4695 2873 4752 Probus
2921 4695 3087 4750 totius
3136 4695 3350 4766 imperii
3397 4693 3641 4748 habenas

2058 4790 2292 4860 accepit,
2326 4790 2416 4860 qui
2444 4788 2858 4844 eruditissimus
2886 4787 3080 4847 fuisse.
3116 4795 3173 4843 et
3212 4787 3280 4842 de
3314 4786 3502 4841 multis
3539 4800 3642 4855 po-

2059 4881 2204 4952 pulis
2246 4881 2621 4951 triumphasse
2662 4881 2861 4944 fertur,
2903 4889 2958 4936 et
3007 4880 3212 4936 milites
3252 4877 3532 4934 Aureliani
3584 4886 3642 4933 ct

2059 4973 2223 5030 Probi
2260 4988 2614 5043 percussores
2639 4984 3003 5035 convocatos.
3042 4988 3166 5028 cum
3203 4973 3393 5027 multis
3436 4988 3641 5042 oppro-

379 5066 552 5122 ἐθνῶν
580 5070 822 5141 τρόπαια
877 5068 1208 5139 στήσασθαι,
1274 5066 1373 5120 καὶ
1429 5066 1557 5129 τοὺς
1592 5064 1953 5137 στρατιώτας,

2063 5066 2202 5121 briis
2246 5067 2542 5123 occidisse.
2606 5068 2909 5124 Saturnino
2962 5067 3172 5135 Mauro,
3218 5066 3313 5137 qui
3362 5075 3485 5121 erat
3533 5064 3635 5135 ipsi

1574 5198 1772 5261 Varia)
1803 5198 2106 5261 lectiones
2146 5208 2208 5262 et
2252 5210 2439 5265 notte.

455 5325 567 5394 (8‘2)
604 5324 711 5378 Καὶ
740 5324 859 5377 τῶν
882 5326 1108 5389 ἔξωθεν
1142 5324 1383 5395 φερομέτ
1405 5343 1509 5381 ων.
1536 5325 1749 5391 Quibus
1777 5324 1964 5377 veritis

381 5395 794 5465 frumentarium
824 5395 1110 5459 describit,
1169 5406 1228 5449 ut
1268 5399 1529 5449 observat
1568 5395 1954 5450 Casaubonus.

379 5464 516 5522 Vide
557 5464 728 5520 (gloss.
762 5466 898 5528 med,
928 5467 1044 5519 Lat.

453 5537 563 5603 (85)
596 5535 818 5601 Μηνῶν
851 5537 1093 5605 ὀλίγων.
1128 5535 1219 5591 Sic
1256 5552 1387 5590 mss.
1427 5538 1597 5590 minus
1628 5537 1808 5604 paucis
1837 5537 1950 5588 dic-

377 5604 494 5665 [πως.
531 5606 817 5670 Vopiscus.

449 5679 561 5739 (iii)
620 5675 687 5728 Τὸ
723 5676 1172 5745 στρατιωτικρν.
1229 5676 1391 5745 Atqui
1441 5676 1664 5731 Tacitus
1704 5678 1943 5746 impera-

2069 5325 2385 5395 Vopiscus:
2443 5343 2623 5397 neque
2671 5344 2861 5383 eorum
2923 5324 3194 5397 sententia
3232 5325 3520 5397 requisita,
3557 5335 3635 5378 ta-

2065 5400 2221 5453 metsi
2254 5396 2544 5467 przufectus
2597 5399 2749 5452 urbis
2780 5398 2954 5451 [Elius
2985 5396 3283 5467 Cmsiauus
3313 5396 3392 5451 sic
3420 5398 3635 5467 exerci-

2065 5478 2180 5520 tum
2230 5465 2316 5522 est
2340 5470 2614 5523 allocutus
2645 5469 2699 5521 in
2730 5468 2937 5535 Campo
2964 5467 3159 5519 Martio
3193 5482 3212 5518 .'
3246 5465 3337 5518 Vos
3364 5466 3637 5521 sanctissi-

2060 5539 2129 5591 mi
2183 5539 2415 5603 milites,
2469 5547 2519 5591 et
2584 5538 2936 5592 sacratissimi
3000 5552 3088 5589 vos
3151 5535 3372 5602 quirites
3432 5536 3639 5591 habetis

2056 5610 2373 5676 principem.
2418 5627 2571 5677 quem
2624 5609 2689 5660 de
2734 5608 2994 5661 sententia
3030 5607 3269 5677 omnium
3311 5609 3634 5661 exercituum

2049 5689 2268 5734 senatus
2302 5676 2481 5750 elegit,
2513 5678 2753 5733 Tacitum
2788 5679 2927 5744 dico,
2960 5676 3390 5748 augustissimum
3437 5680 3633 5736 vitam,

380 5757 467 5803 tor
509 5766 538 5803 a
578 5760 771 5802 senatu
821 5748 1052 5813 electus,
1088 5762 1197 5802 non
1255 5747 1603 5812 amilitibus,
1640 5760 1694 5802 ut
1750 5748 1947 5802 scribit
2046 5761 2153 5807 etc.
