4026 6406
365 364 504 427 lu79

1629 366 1958 428 JOANNIS
1997 367 2319 432 ΖΟΝᾹΒιΕ

3510 369 3656 437 1080

360 476 764 539 cnarissimus,
828 491 1061 548 regnum
1119 477 1452 543 affectante,
1518 479 1640 551 ejus
1691 480 1948 536 facinoris

2055 484 2106 536 οἳ
2136 484 2228 537 τὸν
2257 483 2601 556 Αὑρηλιανδν
2629 485 2724 539 καὶ
2749 485 2840 540 τὸν
2871 487 3110 542 Τάκιτον
3149 486 3490 561 ἀνῃρήκασι.
3523 501 3651 538 συν.

357 570 526 640 638
568 570 807 625 indicem
858 571 1078 626 mentiri
1131 580 1369 642 putans,
1399 570 1673 642 supplicio
1713 573 1944 628 affecit:

361 665 725 719 Saturninum
768 681 900 719 vero
933 666 1137 720 milites
1188 664 1534 722 occiderunt.
1589 665 1735 721 Cum
1807 668 1948 722 alius

359 756 584 823 quidam
648 756 702 810 in
755 756 1058 811 Britanniis
1122 757 1490 812 defectionem
1548 759 1946 827 meditaretur,

360 863 527 916 quem
566 848 682 917 ipse
717 849 954 912 Probus,
992 849 1262 905 Victorini
1313 849 1488 904 Mauri
1534 850 1822 906 familiaris
1863 851 1948 906 sui

361 941 848 994 commendatione
913 941 1223 1003 adductus,
1274 941 1341 995 ad
1389 942 1770 1012 magistratum
1823 957 1951 997 eve-

360 1042 521 1087 xerat
554 1049 568 1086 :
602 1048 728 1086 cum
765 1033 1052 1088 Victorino
1087 1035 1482 1102 expostulavit,
1516 1033 1609 1104 qui
1659 1034 1948 1103 impetrata

361 1124 430 1178 aal
463 1124 618 1179 illum
651 1124 891 1179 abeundi
924 1134 1220 1194 potestate,
1258 1141 1316 1181 se
1345 1127 1736 1196 imperatorem
1763 1126 1951 1197 fugere

361 1215 654 1280 simulans,
697 1224 950 1270 amanter
972 1232 1001 1270 a
1031 1226 1266 1288 tyranno
1295 1226 1622 1288 susceptus,
1653 1227 1822 1274 noctu
1857 1233 1950 1272 oe-

361 1306 480 1362 ciso
532 1307 786 1372 homine,
837 1309 902 1362 ad
954 1309 1195 1365 Probum
1247 1310 1442 1372 rediit,
1493 1310 1564 1364 ob
1627 1321 1951 1368 mansuetu-

363 1399 551 1454 dinem
581 1440 596 1462 ,
645 1401 1074 1469 placabilitatcm
1128 1411 1184 1454 et
1225 1401 1660 1456 munificentiam
1718 1403 1946 1458 charum

361 1491 643 1546 omnibus.
678 1491 814 1547 Cum
846 1491 1143 1548 Germanis
1165 1494 1441 1550 Romanas
1463 1495 1720 1550 civitates
1751 1512 1951 1550 vexan-

361 1583 513 1638 tibus
548 1585 852 1649 resisteret,
882 1583 1029 1639 bello
1059 1584 1272 1638 diutius
1306 1585 1544 1640 durante
1566 1630 1579 1650 ,
1612 1601 1677 1641 ex
1718 1587 1950 1656 penuria

361 1682 702 1729 commeatus
728 1675 1072 1743 periclitatus
1103 1685 1207 1729 est.
1247 1674 1443 1730 Fertur
1474 1687 1657 1730 autem
1710 1678 1950 1732 maximo

361 1767 524 1821 imbri
572 1767 829 1821 iucastra
865 1768 986 1837 ejus
1016 1767 1221 1824 delato.
1277 1766 1511 1821 multum
1559 1781 1781 1837 quoque
1831 1769 1944 1822 fru-

361 1860 530 1914 menti
565 1860 644 1928 (si
674 1860 760 1915 cui
792 1865 1018 1914 credere
1046 1859 1213 1928 libet)
1240 1859 1523 1929 depluisse
1553 1877 1568 1914 :
1607 1876 1718 1930 quo
1746 1861 1950 1916 milites

360 1953 595 2007 collecto
622 1961 677 2006 et
729 1953 892 2007 famis
938 1952 1248 2021 periculum
1297 1951 1614 2022 effugerint,
1662 1960 1719 2007 et
1764 1953 1952 2009 hostes

360 2045 727 2116 proﬂigarint.
784 2046 882 2100 Est
927 2056 983 2100 et
1035 2045 1140 2099 alia
1195 2045 1398 2099 seditio
1452 2054 1646 2100 contra
1707 2046 1947 2101 Probum

360 2148 532 2191 mota.
591 2137 727 2192 Nam
780 2136 976 2200 Carus,
1034 2137 1129 2207 qui
1178 2139 1320 2207 parti
1379 2138 1615 2207 Europte
1675 2148 1948 2208 praeerat,

361 2229 756 2284 animadvertit
785 2246 916 2284 suos
947 2230 1151 2284 milites
1173 2230 1239 2284 de
1267 2245 1325 2284 se
1357 2230 1687 2300 imperatore
1715 2233 1950 2285 creando

363 2323 573 2390 agitare
611 2340 624 2376 :
656 2338 764 2391 qua
812 2339 870 2377 re
905 2322 1086 2376 Probo
1123 2321 1426 2391 significata
1451 2364 1467 2389 ,
1507 2311 1667 2393 petiit
1714 2333 1775 2378 ut
1821 2324 1949 2380 inde

365 2427 744 2470 revocaretur.
781 2414 885 2470 Sed
913 2431 1037 2469 cum
1072 2415 1118 2470 is
1142 2415 1191 2470 ei
1237 2431 1613 2471 successorem
1654 2416 1786 2472 dare
1833 2417 1952 2472 nol-

357 2505 458 2570 let,
495 2507 700 2562 milites
745 2523 948 2562 corona
992 2507 1134 2562 facta
1190 2507 1391 2563 Carum
1437 2509 1524 2564 vel
1574 2509 1806 2565 invitum
1855 2527 1947 2565 su-

361 2599 580 2669 scipere
611 2599 907 2670 imperium
947 2611 1271 2670 coegerunt,
1306 2605 1601 2673 statimque
1632 2617 1755 2658 cum
1790 2619 1858 2658 eo
1894 2603 1948 2659 in

360 2692 382 2746 Ι
411 2692 572 2747 aliam
603 2701 992 2763 properarunt.
1045 2693 1167 2759 Quo
1197 2695 1411 2750 Probus
1447 2697 1670 2766 cognito
1691 2735 1704 2759 ,
1739 2695 1951 2751 exerci-

361 2793 481 2837 tum
514 2795 570 2840 et
599 2784 820 2849 ducem,
849 2787 943 2856 qui
979 2787 1057 2841 illi
1087 2787 1435 2850 resisterent.
1470 2789 1644 2843 misit.
1677 2788 1814 2843 Cum
1847 2803 1948 2843 au-

359 2889 470 2932 tem
505 2894 536 2932 a
570 2877 711 2933 Caro
740 2893 912 2949 prope
939 2877 1236 2938 abessent,
1269 2877 1467 2932 ducem
1511 2894 1672 2934 suum
1721 2879 1774 2932 in
1825 2879 1948 2932 vin-

361 2971 487 3023 cula
516 2971 853 3041 conjectum,
891 2984 1063 3040 seque
1100 2986 1208 3024 una
1243 2970 1706 3026 illi-dediderunt.
1735 2971 1950 3027 Probus

362 3075 517 3125 vero,
553 3077 619 3116 ea
655 3061 890 3116 militum
923 3061 1255 3117 transitione
1287 3062 1528 3132 cognita,
1559 3079 1588 3117 a
1628 3063 1744 3117 suis
1787 3064 1948 3118 satel-

2050 580 2303 644 αγαγεῖν,
2337 579 2432 631 καὶ
2466 578 2639 632 πολλά
2694 581 2977 644 ὀνειδίσαι,
3011 583 3105 634 καὶ
3143 582 3466 634 ἀποκτεῖναι
3494 598 3508 610 ·
3535 579 3652 634 Σα-

2048 666 2291 737 τορνίνου
2343 667 2398 721 δέ
2459 669 2816 736 Μαυρουσίου
2859 671 3138 741 τυραννίδι
3163 673 3648 742 ἐπιχειρήσαντος,

2049 758 2107 819 ὃς
2135 754 2202 828 ἦν
2242 759 2392 830 αὐτῷ
2425 761 2702 830 φίλτατος,
2741 763 2833 816 τὸν
2861 763 3020 816 τοῦτο
3053 764 3410 834 μεμηνυκότα
3439 765 3648 833 ἐτιμωο

2053 853 2281 919 ρήσατο,
2305 855 2370 911 τῇ
2404 854 2636 924 ἀγγελίᾳ
2667 855 3000 908 διαπιστῶψ
3033 856 3062 909 ό
3093 855 3151 908 δέ
3185 857 3505 924 Σατορνῖνος
3534 856 3646 909 ὑπὸ

2053 945 2407 1012 στρατιωτῶν
2444 945 2709 1015 ἀνῃρέθη.
2736 945 2967 1015 Ἕτερος
2995 947 3053 1000 δέ
3084 965 3168 1011 τις
3195 949 3254 1001 ἐν
3283 949 3647 1019 Βρεττανίαις

2050 1035 2394 1088 ἀποστασίαν
2431 1035 2840 1106 διεμελέτησεν,
2865 1035 2923 1088 δν
2958 1038 3052 1090 ἐπὶ
3083 1037 3184 1104 τῆς
3214 1038 3390 1107 ἀρχῆς
3425 1041 3453 1091 ὁ
3482 1037 3647 1107 βασι-

2050 1125 2177 1188 λεὺς
2208 1126 2525 1197 ἐποιήσατο,
2549 1128 2881 1196 Βικτωρίνου
2905 1129 3256 1199 Μαυρουσίου
3287 1129 3643 1200 ᾠκειωμένου

2051 1213 2221 1285 αὐτῷ,
2252 1213 2410 1268 τοῦτο
2445 1216 2837 1286 αἰτησαμένου.
2873 1218 2982 1271 Καὶ
3011 1218 3168 1271 τοῦτο
3222 1217 3412 1287 μαθὼν
3434 1220 3462 1271 ό
3496 1219 3640 1289 Πρόν-

2051 1307 2168 1370 ϐος,
2195 1309 2387 1378 ᾐτιᾶτο
2422 1309 2511 1362 τὸν
2540 1309 2891 1380 Βικτωρῖνον.
2929 1310 3042 1363 Καὶ
3070 1309 3127 1374 ὃς
3158 1311 3474 1380 πεμφθῆναι
3501 1312 3645 1380 πρὸς

2051 1401 2262 1454 ἐκεῖνον
2321 1401 2591 1473 ᾐτήσατο,
2642 1401 2739 1454 καὶ
2770 1401 2937 1472 ἀπῄει
2987 1401 3064 1464 ὡς
3099 1401 3260 1471 δῆθεν
3294 1402 3516 1470 φεύγων
3546 1404 3662 1456 τδνη

2050 1494 2451 1565 αὐτοκράτορα,
2481 1494 2577 1547 καὶ
2613 1493 2902 1557 ἀσπασίως
2936 1493 3090 1564 παρὰ
3131 1495 3229 1547 τοῦ
3262 1495 3646 1565 τυραννήσαν-

2050 1605 2141 1651 τος
2170 1589 2520 1642 ὑπεδέδεκτο.
2575 1587 2634 1641 'U
2669 1588 2726 1642 δέ
2757 1587 2847 1641 διὰ
2870 1589 2970 1656 τῆς
2994 1588 3189 1650 νυκτὸς
3213 1586 3426 1642 ἀνελὼν
3450 1588 3646 1654 αὐτὸν,

2051 1681 2328 1748 ἐπανῆλθε
2360 1681 2492 1748 πρδς
2537 1680 2770 1751 Πρόϐον.
2817 1680 3088 1748 Ἐφιλεῖτο
3127 1680 3184 1733 δέ
3234 1684 3387 1750 παρά
3420 1681 3647 1734 πάντων

2053 1773 2080 1824 ό
2121 1771 2357 1843 Πρόϐος,
2413 1771 2489 1834 ὡς
2549 1771 2723 1840 πρᾶος
2767 1770 2863 1822 καὶ
2895 1771 3131 1839 εὐμενὴς
3171 1770 3266 1822 καὶ
3320 1769 3644 1838 φιλόδωρος.

2054 1857 2224 1928 υῦτος
2255 1861 2332 1932 τῷ
2369 1861 2514 1914 ἐθνει
2567 1861 2677 1914 τῶν
2728 1863 3031 1932 Γερμανῶν
3079 1860 3478 1928 ἐπιτιθεμένων
3517 1862 3648 1922 ταῖς

2053 1958 2159 2011 ὑπὸ
2205 1956 2513 2026 Ῥωμαίους
2549 1957 2771 2008 πόλεσιν
2819 1954 3294 2022 ἀντιταττόμενος,
3329 1951 3424 2005 τοῦ
3478 1953 3650 2005 πολέοσ

2055 2068 2160 2120 μου
2195 2048 2415 2101 πλείονα
2459 2047 2648 2118 χρόνον
2681 2048 3182 2116 ἐπικρατήσαντος,
3227 2046 3285 2096 ἐν
3316 2044 3648 2113 περιστάσει

2054 2143 2296 2210 ἐγένετο,
2335 2139 2500 2210 λιμοῦ
2535 2138 2954 2209 συμϐεϐηκότος
2981 2137 3076 2190 ἐπὶ
3098 2139 3163 2207 τῇ
3195 2136 3362 2188 αὐτοῦ
3388 2137 3643 2206 στρατιᾷ.

2055 2235 2188 2288 Ὅτε
2241 2233 2444 2304 λαῦρος
2494 2231 2716 2296 λέγεται
2776 2233 3198 2301 καταρραγῆναι
3232 2228 3437 2298 δμϐρος
3479 2230 3538 2281 ἐν
3565 2229 3650 2298 τῷ

2053 2323 2226 2378 αὑτοῦ
2262 2322 2636 2395 στρατοπέδῳ,
2679 2321 2758 2392 τῷ
2804 2321 2848 2373 δ’
2891 2321 3033 2391 ὐετῷ
3069 2321 3166 2373 καὶ
3195 2321 3338 2373 σῖτον
3370 2336 3649 2386 συγκατε-

2051 2417 2308 2489 νεχθῆναι
2340 2416 2530 2479 πολὺν,
2566 2415 2619 2467 εί
2682 2431 2792 2466 τισι
2825 2414 2987 2466 τοῦτο
3035 2412 3383 2464 πιστεύοιτο·
3415 2411 3510 2464 καὶ⁸
3545 2411 3649 2481 τὴν

2055 2509 2319 2581 στρατιὰν
2349 2505 2770 2575 συναγαγοῦσαν
2811 2505 2997 2569 αὑτὸν,
3047 2504 3116 2556 δι’
3155 2504 3323 2557 αὐτοῦ
3362 2504 3647 2572 τραφῆναι

2053 2600 2148 2653 καὶ
2172 2596 2600 2666 διαπεφευγέναι
2646 2595 2736 2648 τὸν
2769 2595 3037 2658 κίνδυνον,
3080 2595 3174 2646 καὶ
3207 2594 3335 2655 τοὺς
3363 2593 3648 2657 ἐναντίους

2052 2689 2618 2761 κατατροπώσασθαι.
2674 2690 2876 2756 Γέγονε
2925 2689 2981 2740 δέ
3026 2689 3146 2740 κατ’
3179 2686 3348 2739 αὑτοῦ
3380 2687 3477 2740 καὶ
3507 2687 3643 2758 άλλη

2050 2801 2136 2846 τις
2167 2783 2559 2843 ἐπανάστασις.
2592 2782 2813 2846 Μέρους
2833 2781 2942 2848 γὰρ
2970 2779 3064 2848 τῆς
3095 2780 3366 2848 Εὐρώπης
3400 2781 3427 2831 ὁ
3455 2781 3644 2848 Κάρος

2053 2874 2238 2944 ἄρχων
2269 2872 2412 2940 ἔγνω
2454 2874 2578 2934 τοὺς
2606 2870 2698 2923 ὑπ’
2744 2870 2906 2922 αὑτὸν
2937 2868 3276 2934 στρατιώτας
3309 2869 3638 2938 βουλευομέ-

2053 2981 2178 3028 νους
2217 2964 2466 3018 ἀνειπεῖν
2527 2963 2691 3016 αὑτὸν
2741 2962 3145 3032 αὐτοκράτορα,
3214 2962 3312 3014 καὶ
3355 2959 3514 3013 τοῦτο
3557 2961 3635 3029 τῷ

2052 3056 2252 3127 Πρόϐῳ
2284 3055 2545 3124 ἐδήλωσε,
2582 3053 2840 3123 δεόμενος
2887 3052 3103 3106 ἐκεῖθεν
3132 3052 3524 3122 ἀνακληθῆναι,
3573 3053 3632 3102 ’0

358 3154 377 3208 l
409 3153 554 3208 tibus
584 3163 668 3209 est
704 3154 1054 3221 interfectus,
1085 3170 1196 3208 non
1233 3153 1465 3226 integris
1497 3171 1551 3209 γι
1587 3154 1748 3210 annis
1772 3154 1948 3225 impe-

2053 3152 2110 3205 δέ
2142 3151 2242 3204 οὐκ
2266 3150 2461 3219 ἤθελεν
2526 3147 2826 3216 ἀφελέσθαι
2865 3147 3032 3199 αὑτὸν
3087 3147 3188 3216 τὴν
3223 3147 3414 3216 ἀρχήν.
3464 3144 3630 3213 Περι-

360 3245 444 3298 rio
482 3243 730 3301 functus.

2059 3243 2284 3305 στάντες
2314 3237 2408 3295 οὖν
2446 3241 2497 3294 οἱ
2563 3239 2897 3310 στρατιῶται
2950 3239 3043 3291 τὸν
3072 3239 3280 3307 Κάρον,
3319 3238 3412 3290 καὶ
3433 3238 3633 3292 ἄκοντα

358 3341 763 3408 καταδέξασθαι
819 3340 920 3413 τὴν
961 3342 1071 3396 τῶν
1103 3342 1401 3412 Ῥωμαίων
1428 3342 1606 3415 ἀρχὴν
1664 3343 1982 3409 ἐϐιάσαντο,
2017 3341 2112 3395 καὶ
2186 3339 2391 3392 αὐτίκα
2431 3336 2527 3389 σὺν
2555 3336 2704 3406 αὐτῷ
2726 3335 2817 3387 ἐπὶ
2862 3334 3095 3388 Ἰταλίαν
3123 3333 3481 3403 ὡρμήκεσαν.
3523 3332 3636 3382 Καὶ

359 3434 571 3506 Πρόδος
602 3434 764 3488 τοῦτο
794 3433 984 3505 μαθὼν
1009 3434 1328 3505 στράτευμα
1354 3435 1572 3505 ἔπεμψε
1633 3437 1732 3491 σὺν
1797 3437 2019 3506 ἄρχοντι
2054 3431 2378 3502 ἀντιστῆναι
2400 3429 2580 3500 αὐτῷ·
2608 3427 2710 3498 ἤδη
2755 3428 2812 3480 δέ
2847 3427 3248 3496 πλησιάσαντες
3273 3426 3322 3477 οἱ
3355 3423 3640 3493 πεμφθέν-

357 3548 451 3593 τες
493 3526 570 3597 τῷ
614 3526 811 3598 Κάρῳ,
865 3527 1246 3598 δεσμήσαντες
1293 3529 1385 3582 τὸν
1430 3528 1670 3600 ἄρχοντα
1705 3529 1942 3594 ἑαυτῶν,
1985 3527 2238 3582 κάκεῖνον
2312 3522 2407 3576 καὶ
2471 3519 2699 3582 ἑαυτοὺς
2743 3518 2820 3587 τῷ
2870 3519 3039 3588 Κάρῳ
3065 3515 3536 3587 παραδεδώκασιν.
3579 3513 3643 3566 '0

360 3623 420 3676 δὲ
473 3619 685 3692 Πρόϐος
751 3619 857 3672 ὑπὸ
889 3620 998 3673 τῶν
1031 3618 1252 3672 οἰκείων
1296 3620 1615 3692 δορυφόρων
1658 3621 1938 3692 ἀνῄρητο,
1986 3617 2273 3690 μαθόντων
2337 3614 2568 3685 τὴντῶν
2632 3611 2987 3683 στρατιωτῶν
3017 3607 3642 3680 πρὸςΚάρονπροσχὼ-

363 3729 546 3785 ρησιν.
599 3711 656 3764 '0
689 3710 746 3765 δὲ
768 3711 961 3782 χρόνος
997 3711 1099 3780 τῆς
1155 3711 1457 3782 αὑταρχίας
1485 3711 1579 3765 τοῦ
1607 3711 1818 3782 Πρόϐου
1845 3711 1945 3780 οὐχ
1979 3709 2267 3778 ὁλόκληροι
2330 3706 2622 3775 γεγόνασιν
2655 3701 2890 3756 ἐνιαυτοὶ
2923 3700 3004 3768 ἓξ.

432 3807 604 3864 XXX.
645 3805 825 3863 Carus
851 3822 1040 3862 rerum
1071 3807 1284 3878 potitus
1306 3848 1318 3872 ,
1351 3807 1482 3863 filiis
1514 3811 1632 3863 suis
1659 3806 1865 3863 Carino
1897 3817 1948 3863 el

2129 3803 2208 3858 Ν.
2247 3802 2430 3871 Κάρος
2463 3800 2519 3854 δέ
2545 3799 2648 3867 τῆς
2703 3795 2980 3867 βασιλείας
3033 3794 3330 3864 γενόμενος
3361 3791 3642 3864 ἐγκρατὴς

363 3902 707 3958 Numeriano
753 3901 1112 3972 imperatorio
1171 3900 1482 3956 diademate
1543 3899 1794 3961 ornatis.
1843 3906 1948 3954 sta-

2052 3897 2182 3957 τοὺς
2213 3894 2452 3955 οἰκείους
2497 3886 2650 3953 υἱοὺς
2676 3889 2788 3960 (85)
2824 3890 3064 3958 Καρῖνον
3109 3887 3204 3940 καὶ
3256 3886 3646 3956 Νουμεριανὸν»

365 3995 466 4051 tim
498 4003 693 4050 contra
725 3993 921 4049 Persas
967 3992 1252 4064 profectus
1277 4036 1290 4058 ,
1337 3991 1677 4047 Numeriano
1721 3989 1834 4045 ﬁlio
1861 4005 1954 4045 co-

362 4088 630 4152 mitante,
677 4085 1095 4156 Ctesiphontem
1125 4093 1183 4140 et
1256 4083 1564 4140 Seleuciam
1631 4085 1947 4152 occupavit.

2051 3987 2334 4042 ἐταινίωσε
2390 3979 2661 4053 βασιλικῷ
2707 3979 3024 4050 διαδήματι.
3083 3976 3194 4030 Καὶ
3244 3976 3444 4031 αὐτίκα
3496 3976 3639 4030 κατά

2053 4078 2281 4149 Περσῶν
2315 4075 2742 4144 ἐξεστράτευσεν
2776 4068 2893 4139 ἅμα
2940 4067 3019 4140 τῷ
3062 4069 3142 4122 ἐνὶ
3173 4068 3284 4121 τῶν
3323 4067 3531 4121 παίδων
3558 4068 3646 4140 τῷ

363 4179 470 4234 Sed
527 4177 762 4235 Romani
815 4193 941 4233 cum
997 4177 1052 4232 in
1109 4193 1246 4233 cavo
1293 4177 1535 4246 quodam
1595 4175 1719 4230 loco
1771 4184 1948 4229 castra

2052 4167 2418 4237 Νουμεριανῷ
2448 4165 2541 4219 καὶ
2565 4163 2801 4234 κατέσχε
2833 4159 3205 4230 Κτησιφῶντά
3230 4177 3290 4212 τε
3316 4161 3410 4213 καὶ
3444 4159 3641 4213 Σελεύ-

363 4271 657 4338 baberent,
689 4285 831 4341 pene
861 4269 1027 4325 undis
1055 4277 1242 4325 essent
1275 4268 1524 4340 oppressi
1549 4308 1563 4330 .
1608 4266 1776 4322 ﬂuvio
1811 4282 1952 4337 prae-

367 4365 658 4418 terfluente
684 4378 785 4433 per
816 4361 1018 4417 fossam
1049 4377 1080 4416 a
1108 4361 1296 4416 Persis
1334 4361 1388 4415 in
1434 4375 1530 4416 eos
1577 4358 1803 4414 emisso.
1847 4358 1952 4413 Ve-

365 4473 488 4510 rum
516 4455 692 4512 Carus
727 4454 1033 4525 proﬂigatis
1063 4453 1320 4508 hostibus
1366 4468 1426 4507 re
1457 4453 1596 4507 bene
1642 4459 1792 4521 gesta
1821 4465 1947 4504 cum

364 4564 562 4619 magna
606 4548 952 4616 captivorum
990 4545 1382 4611 multitudine,
1431 4545 1725 4614 opimaque
1767 4543 1946 4614 prteda

2050 4279 2224 4316 κειαν.
2263 4257 2479 4329 Μικροῦ
2519 4257 2565 4310 δ’
2609 4256 2674 4310 ἂν
2705 4253 3048 4310 ἐκινδύνευσε
3083 4254 3144 4306 τὸ
3177 4253 3496 4324 στράτευμα
3524 4252 3643 4309 τῶν

2061 4354 2372 4423 Ῥωμαίων.
2406 4352 2495 4405 Ἐν
2527 4350 2693 4420 κοίλῳ
2718 4348 2828 4419 γὰρ
2857 4347 3432 4420 ἐστρατοπεδεύσαντο
3457 4345 3634 4416 τόπῳο

2049 4447 2076 4501 ὃ
2108 4448 2158 4499 οἱ
2193 4448 2400 4517 Πέρσαι
2432 4441 2870 4512 θεασάμενοιτὸν
2895 4443 3011 4494 ἐκεῖ
3045 4439 3434 4510 παραρρέοντα
3467 4454 3638 4490 ποτα-

2055 4539 2152 4608 μὸν
2181 4537 2262 4599 εἰς
2288 4536 2379 4588 τὴν
2410 4535 2593 4588 κοῖλον
2631 4534 2844 4586 ἐκεῖνον
2872 4530 3038 4584 τόπον
3064 4530 3152 4583 διὰ
3203 4528 3470 4597 διώρυγος
3501 4528 3638 4578 ἐπα-

364 4603 596 4697 Romam
652 4639 836 4695 rediit.
915 4638 1127 4693 Deinde
1197 4639 1476 4693 Sarmatas
1549 4636 1948 4690 tumultuantes

2055 4603 2284 4698 έρῆκασιι
2314 4627 2437 4688 Τοῖς
2457 4625 2698 4697 Πέρσαις
2722 4623 2780 4677 δὲ
2811 4620 3138 4694 προσϐαλὼν
3172 4621 3199 4672 ό
3232 4621 3436 4690 Κάρος,
3471 4616 3634 4670 εὐτύ-

364 4735 483 4788 acie
515 4733 666 4791 vicit.
695 4739 753 4785 et
789 4738 1009 4804 gentem
1033 4729 1272 4797 subegit.
1302 4729 1430 4783 Fuit
1472 4727 1694 4782 natione
1736 4727 1950 4791 Gallus,

365 4825 464 4880 sed
498 4824 583 4877 vir
613 4822 810 4882 fortis,
850 4829 906 4875 et
935 4821 1012 4877 rei
1065 4821 1322 4874 militaris
1368 4821 1600 4889 peritus.
1659 4820 1734 4874 De
1777 4828 1953 4872 morte

365 4919 488 4987 ejus
522 4931 630 4970 non
656 4915 848 4969 eadem
881 4913 1136 4968 historici
1166 4913 1556 4983 prodiderunt.
1588 4913 1725 4969 Nam
1757 4913 1848 4967 alii
1895 4911 1950 4966 in

366 5008 720 5079 expeditione
774 5006 1025 5062 llunnica
1077 5005 1322 5060 occisum
1367 5005 1584 5071 ferunt;
1646 5003 1761 5069 alii,
1824 5019 1951 5058 cum

365 5099 532 5170 639
557 5098 625 5153 ad
653 5098 860 5170 Tigrim
883 5096 1111 5152 ﬂuvium
1153 5107 1332 5151 castra
1363 5095 1626 5159 haberet,
1665 5110 1771 5149 una
1821 5109 1946 5150 cum

370 5191 734 5247 tabernaculo
782 5205 885 5246 suo
929 5188 1162 5244 fulmine
1222 5186 1610 5257 conﬂagrasse.
1666 5187 1786 5253 Quo
1833 5185 1952 5240 sive

367 5284 476 5340 hoc
527 5285 644 5340 sive
691 5283 785 5339 illo
840 5281 1006 5340 modo
1061 5280 1317 5346 sublato,
1368 5277 1741 5335 Nnmerianus
1808 5276 1954 5331 ﬁlius

2050 4736 2209 4788 χησε,
2243 4717 2337 4771 καὶ
2368 4713 2848 4784 κατετρωπώσατο
2881 4711 3102 4774 αὐτούς.
3133 4713 3244 4764 Καὶ
3270 4709 3638 4774 ἐπανέζευξεν

2050 4814 2130 4874 εἰς
2183 4811 2424 4880 Ῥώμην,
2491 4807 2643 4874 ἄγων
2699 4804 3069 4876 αἰχμαλώτων
3103 4803 3315 4870 πληθὺν
3353 4802 3448 4854 καὶ
3477 4801 3635 4854 λείαν

2053 4905 2277 4975 πολλήν.
2307 4899 2442 4956 Εἶτα.
2471 4899 2566 4952 τοῦ
2606 4897 2797 4960 ἔθνους
2828 4897 3236 4956 ἐπαναστάντος
3273 4894 3383 4946 τῶν
3410 4894 3632 4961 Σαρμαο

2050 5000 2182 5061 τῶν,
2203 4997 2476 5057 κάκείνοις
2501 4991 2813 5063 προσμίξας
2845 4990 2996 5060 νικᾷ,
3022 4989 3117 5042 καὶ
3150 4987 3213 5040 τὸ
3245 4985 3397 5049 ἔθνος
3428 4986 3637 5040 ὑπέτα-

2058 5091 2169 5156 ξεν.
2204 5090 2300 5153 Ὃς
2324 5089 2385 5141 τὸ
2414 5089 2512 5158 μὲν
2539 5088 2693 5154 γένος
2726 5085 2975 5154 Γαλάτης
3009 5083 3121 5152 (86)
3158 5078 3248 5152 ἦν.
3305 5081 3551 5151 ἀνδρεῖος
3579 5079 3637 5132 δέ

2058 5185 2153 5238 καὶ
2207 5183 2276 5236 τά
2324 5180 2563 5250 πολέμια
2622 5179 2817 5243 δεξιός.
2859 5176 2920 5229 '0
2958 5176 3016 5228 δὲ
3078 5175 3207 5244 περὶ
3251 5173 3351 5242 τῆς
3377 5171 3638 5240 τελευτῆς

2060 5273 2228 5327 αὑτοῦ
2269 5273 2428 5342 λόγος
2487 5272 2586 5342 οὐχ
2639 5269 2839 5342 ὁμοίως
2869 5271 2985 5332 τοῖς
3043 5267 3365 5338 ίστορήσασι
3430 5263 3637 5333 συγγέ-

1521 5410 1723 5472 Varios
1764 5407 2077 5469 lectiones
2105 5413 2168 5468 et
2199 5411 2393 5467 nota).

441 5547 555 5620 (ΒΞ)
595 5546 742 5620 Τὸὺίς
774 5547 1040 5620 οἰκείους
1063 5545 1256 5620 υἱούς.
1282 5541 1419 5620 “ille
1447 5541 1500 5593 in
1527 5541 1705 5620 legum
1729 5538 1946 5620 aliquot

369 5610 494 5675 Cari
539 5610 1008 5687 inscriptionibus
1050 5633 1063 5668 :
1132 5615 1322 5687 lmpp._
1355 5611 1547 5673 Carus,
1611 5610 1859 5687 Carinas.
1894 5617 1945 5660 et

371 5679 741 5744 Nnmerianui
775 5690 840 5740 Α.
867 5687 934 5738 Α.
959 5687 1020 5738 Α.
1071 5679 1228 5755 quod
1273 5683 1624 5755 observatum
1665 5696 1696 5732 a
1737 5679 1944 5732 Casau-

373 5761 540 5813 lmuu.
575 5758 668 5824 qui
707 5757 759 5809 id
813 5751 1106 5810 Zonaram'
1147 5771 1174 5810 a
1207 5753 1376 5823 probo
1441 5751 1680 5822 quodam
1714 5759 1940 5806 auctore

373 5829 656 5896 accepisse
683 5827 981 5881 existimat.

2127 5534 2239 5606 (8ϐὶ
2279 5531 2582 5606 Γαλάτης.
2605 5529 2671 5606 id
2702 5538 2787 5584 est
2821 5526 3029 5606 Gallus.
3065 5525 3244 5606 inquit
3267 5523 3632 5605 _Casau.bonus

2054 5595 2453 5671 ad‘Vopiscum
2511 5595 2565 5655 in
2596 5601 2758 5662 Caro,
2811 5599 2902 5667 qui
2938 5599 3087 5651 illius
3139 5595 3373 5671 patriam
3438 5595 3632 5671 incer-

2055 5686 2164 5731 tam
2217 5662 2388 5728 fuisse
2427 5672 2527 5734 ait,
2565 5681 2621 5724 et
2651 5662 2842 5724 Romai
2871 5677 3059 5722 natum
3123 5662 3302 5719 videri
3365 5663 3502 5734 vult.
3557 5662 3633 5716 At

2054 5754 2288 5812 uterque
2354 5731 2543 5812 Victor
2596 5750 2662 5812 οι
2714 5738 2991 5812 Sidonius
3045 5735 3306 5792 Narbone
3378 5731 3632 5804 genitum

2051 5809 2323 5873 scribunt.
2357 5811 2587 5869 Wollius
2621 5809 2844 5882 Galata,
2873 5815 3131 5866 verterat.
