4026 6396
375 385 512 451 1081

1644 399 2050 464 ANNALIUM
2090 403 2236 464 LIB.
2275 406 2420 468 XII.

3493 408 3638 476 1082

369 528 644 600 γραπται.
677 515 742 566 Οἱ
778 513 877 584 μὲν
910 516 1019 587 γάρ
1060 534 1195 598 φασι
1223 519 1364 572 κατά
1393 520 1607 574 Οὺννων
1653 523 1951 592 ἐστρατεύο

2055 530 2197 595 ejus,
2229 531 2384 584 solus
2415 530 2471 583 in
2503 530 2751 585 exercitu
2785 530 3015 586 relictus
3060 531 3362 602 imperator
3389 573 3404 598 ,
3445 520 3632 589 statim

369 594 506 659 κότα
541 607 722 660 ἐκεῖσε
758 596 1174 681 ἀναιρεθῆναι,
1207 613 1257 665 οἱ
1307 613 1364 666 δέ
1412 614 1566 684 παρά
1601 616 1680 684 τῷ
1717 617 1950 688 ποταμῷ

371 699 606 770 Τίγρητι
661 699 916 769 λέγουσιν
957 703 1123 757 αὐτὸν
1167 705 1540 776 ἐσκηνῶσθαι,
1575 708 1695 762 ἐκεῖ
1722 711 1816 763 καὶ⁷
1848 713 1949 781 τῆς

372 791 538 844 αὑτοῦ
567 793 826 862 στρατιᾶς
848 792 1152 867 βαλομένης
1173 797 1265 849 τὸν
1282 797 1518 868 χάρακα,
1553 798 1682 852 ἔνθα
1699 801 1951 870 κεραυνῷ

376 883 478 952 τὴν
508 884 720 938 ἐκείνου
752 887 958 957 σκηνὴν
989 886 1275 959 βληθῆναι,
1331 889 1425 943 καὶ
1485 891 1951 964 συνδιαφθαρῆναι

373 977 510 1047 αὐτῇ
540 979 796 1032 κάκεῖνον
831 980 1150 1050 ἱστόρησαν.
1182 974 1253 1053 ᾯ
1297 981 1421 1036 ἐπεὶ
1453 983 1513 1038 τδ
1555 984 1820 1056 βιώσιμον
1853 986 1951 1040 εἷθ’

369 1066 550 1131 οὕτως
593 1069 694 1123 εἰτ’
736 1069 912 1135 ἄλλως
946 1073 1310 1141 ἐπιλελοίπει,
1347 1077 1727 1147 Νουμεριανὸς
1779 1080 1808 1132 ὁ
1836 1078 1953 1140 υἱὸς

371 1157 541 1210 αύτοῦ
594 1159 757 1228 μόνος
816 1160 1071 1231 βασιλεὺς
1100 1166 1158 1218 ἐν
1195 1164 1273 1235 τῷ
1317 1153 1952 1237 στρατοπέδῳπεριελέο

371 1248 580 1317 λειπτο,
608 1252 704 1306 καὶ
731 1252 932 1309 αὐτίκα
961 1255 1105 1310 κατά
1126 1257 1354 1327 Περσῶν
1381 1257 1809 1329 ἐστρατεύσατο.
1843 1261 1953 1314 Καὶ

375 1343 748 1414 συρραγέντος
777 1346 1016 1417 πολέμου
1053 1351 1535 1420 ἐπικρατεστέρων
1569 1369 1628 1404 τε
1667 1353 1777 1406 τῶν
1811 1355 1956 1424 Περ-

373 1435 482 1487 σῶν
516 1438 842 1503 γεγονότων,
894 1439 986 1492 καὶ
1019 1439 1318 1494 κ-λινάντων
1357 1441 1505 1496 νῶτα
1550 1441 1868 1512 Ῥωμαίων,
1900 1442 1952 1495 οἱ

375 1526 476 1595 μὲν
510 1527 675 1580 αὑτὸν
698 1529 756 1580 ἐν
784 1531 850 1600 τῇ
887 1533 1035 1601 φυιγῇ
1089 1531 1465 1602 συλληφθῆναι
1507 1533 1826 1603 ἱστόρησαν,
1860 1535 1955 1587 καὶ

369 1618 496 1671 ὅλου
545 1619 642 1672 τοῦ
706 1619 959 1690 σώματος
1017 1624 1116 1694 τὴν
1180 1624 1344 1694 δορὰν
1395 1626 1743 1694 ἀποσυρῆναι
1798 1625 1956 1696 δίκην

367 1709 564 1773 ἀσκοῦ,
618 1710 715 1764 καὶ
762 1711 906 1764 οὕτω
953 1713 1372 1786 διαφθαρῆναι·
1417 1718 1469 1769 οἱ
1501 1716 1560 1768 δέ
1605 1716 1669 1769 ἐκ
1695 1717 1955 1786 Περσίδος

367 1802 531 1857 αὐτὸν
558 1803 852 1858 ἐπανιόντα
881 1805 1162 1879 ὀφθαλμία
1183 1811 1504 1877 περιπεσεῖν
1524 1808 1954 1879 συνεγράψαντο,

369 1895 468 1947 καὶ
521 1897 674 1968 παρά
725 1896 821 1950 τοῦ
873 1899 1080 1954 οἰκείου
1143 1898 1410 1970 πενθεροῦ
1469 1900 1801 1970 ἐπάρχοντος
1859 1900 1952 1953 τοῦ
1987 1880 2028 1934 Β

372 1989 747 2057 στρατοπέδου
793 1989 1192 2059 ἀναιρεθῆναι,
1237 1994 1305 2063 τῇ
1362 1992 1640 2063 αὐταρχίᾳ.
1675 1991 1954 2062 ἐποφθαλ-

372 2085 695 2154 μιάσαντος,
731 2083 806 2156 μὴ
869 2086 1180 2154 μέντοικαὶ
1213 2087 1473 2156 τυχόντος
1515 2086 1708 2156 αὐτῆς.
1744 2085 1809 2139 Ἦ
1844 2085 1954 2158 γὰρ

369 2176 606 2245 στρατιὰ
630 2177 721 2229 τὸν
749 2178 1139 2248 Διοκλητιανδν
1173 2179 1560 2250 αὐτοκράτορα
1603 2178 1802 2242 εἵλετο,
1838 2180 1956 2232 ἐκεῖ

369 2268 495 2320 τότε
529 2269 796 2339 παρόντα,
830 2271 924 2323 καὶ
953 2270 1209 2340 ἀνδρείας
1240 2270 1380 2341 ἔργα
1412 2272 1585 2325 πολλὰ
1616 2273 1673 2325 ἐν
1703 2272 1781 2343 τῷ
1812 2273 1955 2326 κατὰ

369 2357 599 2425 Περσῶν
639 2357 864 2429 πολέμῳ
883 2359 1319 2431 ἐπιδειξάμενον.
1352 2360 1597 2431 Θάτερος
1633 2363 1818 2431 μέντοι
1845 2362 1954 2416 τῶν

367 2451 560 2518 Κάρου
596 2451 731 2504 υἱῶν
757 2455 785 2506 ὁ
815 2455 1058 2523 Καρῖνος
1087 2454 1167 2518 εἱς
1209 2452 1432 2524 Ῥώμην
1465 2455 1689 2521 διάγων,
1718 2456 1954 2528 χαλεπὸς

369 2545 483 2605 τοῖς
525 2542 827 2613 Ῥωμαίοις
883 2545 1202 2617 ἐτύγχανεν,
1247 2547 1486 2618 ἀσελγὴς
1511 2547 1827 2618 γενόμενος,
1858 2550 1953 2602 καὶ

340 2634 542 2700 νώμὸς,
576 2636 672 2688 καὶ
730 2637 1094 2707 μνησίκακος.
1133 2639 1233 2704 Ὃς
1277 2640 1384 2694 ὑπὸ
1421 2640 1816 2711 Διοκλητιανοῦ
1870 2642 1952 2704 εἱς

381 2723 604 2796 Ῥώμην
637 2727 1086 2800 ἐπιδημήσαντος
1119 2732 1411 2802 διεφθάρη.
1444 2734 1505 2786 '0
1534 2733 1592 2786 δὲ
1613 2735 1713 2802 τῆς
1744 2732 1954 2789 τούτων

365 2818 544 2886 ἀρχῆς
567 2819 759 2888 χρόνος
789 2821 852 2873 οὐ
888 2823 1083 2889 γέγονε
1117 2823 1241 2877 καθ’
1281 2824 1476 2895 ὀλόκλη
1488 2843 1580 2896 ρον
1604 2826 1846 2896 τριετής.
1865 2825 1954 2877 Ἐν

365 2908 580 2972 τούτοις
607 2911 721 2973 τοῖς
750 2911 967 2982 χρόνοις
998 2915 1194 2982 Μάνης
1224 2917 1252 2968 ὁ
1292 2918 1732 2988 τρισκατάρατος
1758 2920 1822 2972 ἐκ
1845 2919 1954 2971 τῶν

368 3001 600 3073 Περσῶν
630 3003 709 3066 εἱς
735 3003 832 3073 τὴν
862 3005 984 3058 καθ’
1030 3007 1180 3077 ἡμᾶς
1232 3008 1564 3081 οἰκουμένην
1610 3011 1955 3081 παρεισφθα-

370 3097 507 3166 ρεὶς,
535 3096 593 3147 ἐν
628 3095 803 3168 ταύτῃ
855 3097 946 3150 τὸν
987 3101 1190 3152 οἱκεϊον
1227 3101 1304 3154 ἱὸν
1339 3102 1633 3172 ἐξήμεσεν,
1679 3104 1774 3173 ἀφ’
1799 3097 1860 3157 οῦ
1893 3106 1953 3170 τὸ

2052 620 2236 674 Persis
2282 622 2490 676 bellum
2535 623 2744 687 intulit,
2789 623 3195 694 commissaque
3235 626 3448 694 praelio,
3508 642 3633 681 cum

2053 711 2288 766 Romani
2314 729 2344 767 a
2367 714 2552 769 Persis
2584 715 2830 784 superati
2865 723 3013 783 terga
3039 715 3345 781 dedissent,
3374 717 3464 770 alii
3505 733 3632 772 eum

2053 804 2108 858 in
2158 805 2282 876 fuga
2333 808 2820 877 comprehensum,
2874 809 3016 877 pelle
3061 817 3174 863 toto
3215 824 3447 878 corpore
3496 811 3664 865 utris'

2053 896 2229 952 instar
2269 899 2514 955 detracta
2568 900 2800 970 periisse
2833 909 3187 954 memorant:
3235 901 3352 966 alii,
3403 917 3527 956 cum
3580 903 3636 958 in

2053 990 2234 1044 reditu
2269 1006 2337 1046 ex
2367 991 2551 1048 Persia
2578 1007 2644 1047 ex
2673 993 2847 1047 oculis
2881 993 3194 1056 laboraret,
3229 1008 3258 1047 a
3289 1009 3488 1048 socero
3537 1011 3638 1050 suo

2052 1082 2312 1150 praetorio
2357 1083 2616 1152 praefecto
2666 1084 2972 1152 cupiditate
3015 1084 3235 1153 imperii
3286 1085 3636 1140 interfectum

2052 1188 2215 1228 esse:
2251 1174 2400 1243 quod
2449 1183 2631 1230 tamen
2669 1191 2779 1229 non
2810 1177 2884 1230 sit
2933 1184 3243 1242 assecutus,
3297 1177 3640 1234 Diocletiano

2054 1279 2085 1317 a
2119 1264 2385 1320 militibus
2415 1267 2679 1332 delatum,
2710 1282 2776 1320 eo
2811 1266 2957 1320 bello
2984 1267 3206 1321 Persico
3237 1267 3429 1322 multis
3469 1267 3631 1322 forti-

2053 1354 2157 1411 bus
2204 1355 2546 1413 facinoribus
2606 1359 2921 1412 nobililato.
2980 1357 3254 1412 Caeterum
3312 1359 3453 1414 alter
3513 1358 3638 1414 Cari

2053 1447 2201 1505 ﬁlius
2224 1449 2482 1516 Carinus,
2516 1467 2642 1506 cum
2671 1452 2934 1506 Romanis
2964 1451 3145 1521 gravis
3181 1459 3352 1516 esset,
3387 1451 3639 1505 luxurio-

2055 1556 2187 1606 sus,
2212 1543 2475 1606 crudelis,
2530 1551 2588 1598 et
2633 1545 2782 1598 ultor
2829 1543 3158 1614 injuriarum
3180 1583 3194 1606 ,
3229 1559 3260 1598 a
3294 1543 3639 1598 Diocletiano

2055 1634 2285 1688 Romam
2327 1635 2580 1705 ingresso
2608 1634 2825 1690 occisus
2854 1643 2959 1689 est.
2997 1633 3240 1703 Tempus
3271 1634 3486 1704 imperii
3537 1635 3636 1688 ho-

2057 1743 2180 1780 rum
2216 1731 2406 1790 trium,
2437 1727 2738 1782 triennium
2783 1743 2893 1784 non
2949 1727 3211 1796 explevit.
3267 1727 3366 1781 His
3420 1733 3640 1790 tempos

2057 1819 2213 1874 ribus
2261 1817 2483 1884 Manes,
2547 1819 2714 1873 homo
2774 1819 3165 1880 detestandus.
3224 1834 3292 1874 ex
3340 1818 3528 1873 Persia
3579 1817 3636 1871 in

2057 1922 2308 1966 nostrum
2341 1912 2533 1966 orbem
2561 1911 2796 1972 delatus,
2829 1927 2992 1965 suum
3029 1924 3304 1966 venenum
3338 1907 3588 1964 evomuit

2055 2004 2204 2060 unde
2238 2004 2663 2058 Manichaeorum
2698 2017 2901 2056 nomen
2953 2003 3009 2055 in
3064 1999 3215 2072 hunc
3262 2014 3436 2067 usque
3490 1998 3637 2052 diem

2058 2098 2240 2154 durat.
2278 2098 2328 2152 Is
2357 2098 2496 2152 alias
2528 2096 2875 2151 Peracletum
2907 2102 2964 2150 et
3003 2093 3272 2163 Spiritum
3301 2101 3552 2146 sanctum
3579 2106 3638 2146 se

2056 2207 2178 2246 esse
2211 2190 2575 2261 profitebatur
2599 2232 2612 2255 ,
2651 2203 2776 2244 cum
2830 2185 3073 2256 Spiritus
3102 2182 3473 2253 improbitatis
3517 2181 3637 2236 evi-

2056 2285 2254 2339 denter
2286 2283 2340 2336 in
2386 2298 2454 2336 eo
2489 2281 2767 2335 habitaret
2803 2297 2816 2333 :
2849 2277 2987 2332 alias
3014 2276 3297 2331 Christum
3353 2289 3412 2328 se
3460 2273 3643 2326 nomi-

2054 2392 2215 2440 nans,
2271 2389 2396 2429 cum
2425 2389 2454 2428 a
2481 2371 2824 2426 dazmonibus
2863 2368 2932 2422 ad
2969 2369 3218 2437 ipsorum
3263 2364 3640 2419 ministerium

2055 2475 2256 2520 unctus
2285 2474 2470 2530 esset;
2500 2461 2793 2518 dubdecim
2825 2457 3127 2528 discipulos
3167 2456 3250 2511 sui
3304 2454 3483 2510 delirii
3510 2496 3524 2518 ,
3574 2468 3641 2506 ex

2055 2557 2242 2612 multis
2269 2559 2435 2610 sectis
2460 2557 2572 2626 jam
2607 2553 2800 2632 desitis
2827 2549 3163 2615 coacervati,
3196 2548 3375 2603 socios
3411 2557 3467 2601 et
3505 2562 3643 2615 prae-

2053 2662 2221 2703 cones
2246 2644 2726 2701 circumducebat.
2756 2640 3052 2712 Dionysius
3077 2655 3201 2694 cum
3231 2640 3420 2693 Romae
3451 2635 3643 2691 fideles

2055 2758 2109 2796 Ix
2142 2741 2300 2795 annis
2332 2739 2596 2809 pavisset,
2629 2735 2946 2797 defunctus,
2974 2732 3215 2787 Felicem
3255 2743 3635 2785 successorem

2054 2831 2273 2887 habuit.
2305 2830 2404 2885 Cui
2437 2839 2562 2898 post
2586 2825 3030 2898 quinquennium
3064 2831 3306 2885 mortuo,
3340 2819 3640 2890 Eutychia—

2052 2940 2160 2979 nus
2212 2922 2499 2978 successit.
2551 2921 2672 2987 Quo
2717 2919 2863 2974 intra
2898 2934 2933 2972 x
2963 2933 3181 2971 menses
3233 2916 3387 2969 illum
3441 2918 3638 2969 c'onse-

2054 3027 2204 3082 cuto,
2232 3016 2470 3087 pastoris
2493 3029 2696 3068 munus
2719 3012 2852 3067 Caio
2882 3020 2967 3066 est
2993 3009 3310 3064 mandatum
3339 3024 3352 3060 :
3379 3007 3472 3076 qui
3510 3020 3638 3060 cum

2055 3122 2231 3164 annos
2262 3105 2486 3161 circiter
2516 3120 2586 3158 xv
2609 3102 2868 3186 lo'lcclesiec
2893 3100 3222 3167 praefuisset,
3261 3095 3636 3152 Marcellinum

366 3188 475 3238 τῶν
507 3187 825 3256 Μανιχαίων
860 3190 1032 3260 ὄνομα
1079 3184 1244 3262 μέχρι
1278 3195 1372 3246 τοῦ
1397 3194 1494 3249 νῦν
1523 3198 1623 3249 οὐκ
1656 3197 1916 3252 ἐπέλιπεν
1936 3215 1951 3231 ·

2057 3196 2251 3252 habuit
2279 3184 2673 3250 successorem.
2712 3191 2776 3246 Hi
2812 3189 3158 3259 temporibus
3183 3188 3634 3258 persecutionum

365 3276 425 3340 ὃς
457 3278 587 3331 ποτὲ
641 3280 740 3347 μὲν
790 3281 1150 3352 Παράκλητον
1200 3284 1395 3338 ἐαυτὸν
1434 3287 1531 3340 καὶ
1561 3288 1787 3358 Πνεῦμα
1816 3289 1954 3344 ὠνό-

371 3369 512 3440 μαζε
544 3371 722 3440 ἅγιον,
758 3367 802 3441 ᾧ
831 3375 891 3427 τὸ
938 3376 1040 3444 τῆς
1079 3377 1346 3447 πονηρίας
1396 3379 1617 3451 πνεῦμα
1658 3383 1956 3452 προφανῶς

369 3463 747 3534 ἐγκατῴκιστο
767 3481 782 3498 ·
816 3467 950 3519 ποτὲ
979 3468 1035 3521 δὲ
1059 3469 1297 3540 Χριστὸν
1328 3472 1525 3526 ἑαυτὸν
1557 3474 1768 3542 ἐκάλει,
1797 3478 1824 3529 ὁ
1854 3477 1956 3530 ὑπὸ

368 3555 477 3606 τῶν
514 3555 787 3627 δαιμόνων
838 3560 919 3622 εἱς
969 3559 1314 3629 λειτουργίαν
1370 3563 1618 3627 ἐκείνους
1666 3566 1954 3635 χρισθεὶς,

369 3646 462 3697 καὶ
493 3645 746 3717 μαθητάς
773 3650 1016 3720 ἐπήγετο
1049 3650 1280 3718 δώδεκα,
1336 3654 1438 3724 τῆς
1469 3655 1636 3708 αὐτοῦ
1683 3656 1953 3727 φλυαρίας

369 3741 664 3804 κοινωνούς
695 3759 754 3796 τε
803 3745 897 3797 καὶ
951 3748 1224 3816 κήρυκας,
1274 3747 1343 3818 ἥν
1393 3749 1458 3802 ὲκ
1510 3741 1724 3804 πολλῶν
1775 3751 1953 3805 ἀθέων

367 3832 663 3902 δογμάτων
728 3834 839 3890 τῶν
896 3837 998 3907 ήδη
1063 3838 1457 3907 ἀπεσϐηκυιῶν
1500 3842 1771 3911 αἱρέσεων
1826 3860 1954 3895 συν-

369 3928 637 3996 εφόρησε.
689 3927 976 3980 Διονυσίου
1003 3930 1190 3997 μέντοι
1219 3930 1314 3983 τοῦ
1367 3931 1495 3995 τοὺς
1523 3933 1582 3984 ἐν
1634 3931 1825 4003 Ῥώμῃ
1858 3951 1952 3988 πι-

370 4019 533 4079 στοὺς
557 4017 945 4087 ποιμαίνοντος
987 4019 1080 4090 ἔτη
1109 4021 1266 4075 ἐννέα
1301 4023 1358 4076 ἐν
1401 4023 1577 4096 ταύτῃ
1607 4028 1674 4095 τῇ
1709 4026 1955 4096 λειτουρ-

367 4109 466 4178 γίᾳ.
488 4111 754 4177 ήνυκότος
789 4111 885 4162 καὶ
931 4113 1324 4181 μεταστάντος,
1359 4114 1530 4184 Φήλιξ
1559 4116 1652 4168 τὸν
1679 4116 1777 4185 τῆς
1821 4116 1956 4170 Ῥώ-

371 4217 481 4270 μης
517 4201 793 4271 ἱερατικὸν
849 4201 1127 4268 διεδέξατο
1180 4202 1394 4274 θρόνον.
1445 4205 1654 4259 Τούτου
1718 4207 1774 4260 δὲ
1818 4210 1956 4278 μετὰ

367 4295 559 4364 χρόνον
592 4293 847 4359 θανόντος
883 4295 1183 4365 πενταετῆ,
1237 4297 1571 4367 Εὐτυχιανὸς
1611 4299 1821 4372 ἠξιώθη
1854 4304 1955 4373 τῆς

2055 3290 2301 3346 fuerunt.
2350 3289 2412 3340 in
2460 3284 2803 3339 Antiochena
2862 3282 3109 3337 Ecclesia
3177 3289 3301 3350 post
3363 3279 3637 3333 Domnum

2054 3382 2349 3451 episcopus
2383 3376 2487 3430 fuit
2522 3375 2792 3437 Timaeus,
2832 3373 3038 3428 Timaeo
3072 3371 3340 3426 successit
3361 3368 3637 3440 Cyrillus,

2052 3473 2256 3546 Cyrillo
2281 3471 2570 3544 Tyrannus
2604 3487 2616 3522 :
2648 3467 2751 3522 sub
2789 3481 2899 3536 quo
2934 3464 3309 3518 Ecclesiarum
3357 3476 3640 3532 oppugna-

2054 3569 2133 3622 tio
2169 3566 2364 3636 viguit,
2391 3579 2456 3619 ac
2496 3561 2746 3633 tyrannis
2780 3560 2923 3613 facta
2955 3570 3040 3612 est
3077 3556 3466 3612 intolerabilis.
3504 3555 3636 3608 Hie-

2053 3656 2508 3725 rosolymitanam
2543 3651 2846 3708 Ecclesiam
2881 3658 3006 3719 post
3035 3648 3390 3719 Hymenaeum
3432 3644 3638 3715 guber-

2054 3750 2208 3806 navit
2235 3747 2450 3803 Zabdas
2489 3762 2503 3799 :
2547 3760 2658 3814 quo
2687 3744 2852 3813 paulo
2881 3750 3009 3810 post
3047 3739 3336 3801 defuncto,
3370 3739 3636 3791 thronum

2053 3859 2180 3899 eum
2241 3841 2484 3896 Hermon
2543 3836 2783 3891 ornavit.
2837 3832 3182 3887 Alexandriae
3228 3829 3494 3893 Maximo,
3541 3829 3638 3899 qui

2051 3945 2178 4008 post
2222 3933 2542 4004 Dionysium
2587 3945 2722 3987 xvm
2765 3927 2926 3980 annis
2974 3925 3275 3979 Ecclesiam
3319 3923 3639 3977 moderatus

2049 4038 2155 4093 est,
2189 4036 2429 4088 mortuo,
2475 4021 2640 4093 640
2692 4019 2882 4074 Theon
2932 4019 3109 4070 factus
3156 4026 3242 4069 est
3283 4014 3575 4082 episcopus
3617 4029 3634 4067 :

2051 4122 2139 4177 cui
2177 4118 2444 4173 successit
2473 4114 2690 4173 Petrus,
2724 4108 2817 4179 qui
2849 4108 3219 4163 obtruncatus
3251 4106 3497 4176 martyrii
3544 4120 3640 4159 co-

2051 4224 2244 4266 ronam
2301 4204 2564 4274 suscepit.
2614 4202 2693 4255 Ac
2739 4200 3062 4270 pontiﬁcum
3117 4197 3502 4252 successiones
3553 4196 3640 4251 has

2051 4306 2305 4361 fuerunt.

365 4389 476 4442 τῶν
517 4388 806 4460 Ῥωμαίων
841 4391 1172 4461 ἐπισκοπῆς.
1218 4390 1384 4444 Οὔπω
1417 4393 1474 4446 δὲ
1508 4396 1651 4462 μησὶ
1683 4394 1816 4451 δέκα
1879 4406 1979 4455 καὶ
2016 4395 2172 4463 οὗτος
2213 4392 2600 4462 ἐπισκοπήσας
2631 4384 2936 4457 μετήλλαξε
2965 4383 3064 4454 τὴν
3096 4381 3264 4452 cmi":
3296 4381 3392 4434 καὶ
3418 4382 3639 4434 ἀντεισ”

365 4487 505 4560 ήχθη
570 4489 649 4549 εἱς
681 4486 739 4538 τὸ
803 4490 902 4558 τῆς
933 4487 1302 4556 ποιμαντικῆς
1355 4487 1732 4562 λειτούργημα
1799 4494 1984 4558 Γάϊος.
2029 4491 2219 4564 Οὗπερ
2269 4489 2414 4561 ἀμφὶ
2466 4485 2535 4538 τά
2567 4481 2962 4537 πεντεκαίδεκα
3027 4480 3122 4550 ἐτη
3173 4479 3511 4549 προστάντος
3539 4477 3640 4546 τῆς

377 4581 707 4651 Ἐκκλησίας
765 4580 1110 4650 Μαρκελῖνος
1154 4580 1401 4651 διάδοχος
1433 4582 1679 4651 γέγονεν.
1715 4579 1878 4640 Οὗτοι
1937 4588 1984 4642 δ’
2023 4584 2165 4661 ἦσαν
2222 4583 2416 4643 ἐντοῖς
2469 4576 2685 4649 χρόνοις
2740 4572 2851 4626 τῶν
2904 4571 3182 4641 διωγμῶν.
3231 4571 3319 4623 Ἐν
3357 4569 3414 4622 δέ
3458 4585 3522 4638 γε
3571 4571 3636 4640 τῇ

377 4673 702 4742 Ἀντιοχέων
746 4671 1048 4742 Ἐκκλησίᾳ
1110 4672 1248 4741 μετά
1312 4672 1518 4742 Δόμνον
1577 4675 1926 4747 ἐπεσκόπησε
1965 4679 2220 4750 Τίμαιος,
2271 4673 2363 4727 τὸν
2415 4670 2473 4724 δέ
2541 4667 2773 4737 Τίμαιον
2822 4663 3095 4730 διεδέξατο
3172 4661 3462 4732 Κύριλλοςν
3539 4662 3637 4750 καί

369 4766 510 4831 μετὰ
550 4764 814 4835 Κύριλλον
847 4765 1125 4834 Τύραννον
1163 4768 1192 4818 ὁ
1221 4765 1412 4837 θρόνος
1440 4762 1678 4832 ἐδέξατο,
1709 4771 1832 4824 καθ’
1871 4771 1930 4826 ὃν
1969 4775 2000 4842 ἡ
2033 4748 2142 4825 τῶν
2181 4763 2521 4835 Ἐκκλησιῶν
2567 4759 2856 4830 πολιορκία
2893 4757 2993 4827 τὴν
3061 4755 3247 4826 ἀκμὴν
3300 4756 3502 4826 ἔσχηκε
3541 4748 3638 4808 καὶ

366 4856 399 4924 ἡ
471 4858 729 4925 τυραννὶς
788 4857 1063 4928 ἀφόρητος
1112 4859 1326 4927 γέγονε.
1395 4859 1508 4929 Τῆς
1575 4862 1632 4912 δέ
1674 4861 1782 4915 τῶν
1855 4864 2245 4936 Ἰεροσολύμων
2303 4857 2636 4926 Ἐκκλησίας
2699 4854 2841 4925 μετά
2887 4853 2978 4906 τὸν
3044 4849 3337 4921 Ὑμέναιον
3392 4850 3634 4921 προέστη

365 4948 574 5011 Ζὰὅδας
597 4949 730 5018 (87),
753 4945 814 5004 οῦ
848 4952 966 5020 μετ’
997 4952 1059 5004 ού
1090 4951 1226 5005 πολὺ
1258 4953 1690 5023 κεκοιμημένου,
1753 4955 1981 5028 Ἕρμων
2019 4959 2112 5011 τὸν
2179 4953 2368 5026 θρόνον
2393 4950 2585 5004 τοῦτον
2616 4946 2898 5016 ἐκόμισεν.
2937 4945 3027 4997 Ἐν
3070 4943 3126 4997 δὲ
3152 4945 3218 5014 τῇ
3260 4940 3638 5010 Ἀλεξανδρείᾳ

367 5043 624 5114 Μαξίμου
644 5042 740 5095 τοῦ
767 5043 906 5112 μετὰ
933 5043 1211 5097 Διονύσιον
1239 5043 1419 5097 ἐτεσιν
1437 5044 1816 5100 ὀκτωκαίδεκα
1883 5045 1982 5118 τὴν
2024 5044 2342 5117 ἱερουργίαν
2388 5039 2709 5100 ἀνύσαντος,
2785 5035 2847 5088 τὸ
2887 5031 3066 5105 χρεὼν
3117 5033 3633 5117 λειτουργήσαντοςτ

365 5138 583 5200 Θςῶνας
607 5136 1010 5207 ἐπεσκόπησεν.
1052 5137 1150 5192 Ὃν
1187 5137 1463 5203 διεδέξατο
1502 5139 1732 5208 Πέτρος,
1794 5140 1856 5203 ὃς
1912 5143 2010 5194 καὶ
2071 5140 2163 5194 τὸν
2201 5138 2296 5193 τοῦ
2356 5132 2659 5207 μαρτυρίου
2717 5129 2983 5200 στέφανον
3029 5129 3222 5200 ᾔρατο,
3260 5127 3359 5198 τὴν
3389 5128 3631 5197 κεφαλὴν

363 5230 686 5301 ἐκτμηθείς.
742 5231 810 5283 Αἱ
869 5231 969 5300 μέν
1009 5229 1102 5284 οῦν
1126 5231 1234 5284 τῶν
1258 5230 1565 5302 ἀρχιερέων
1593 5231 1800 5286 τούτων
1833 5233 2080 5304 διαδοχαὶ
2107 5232 2265 5302 ἔσχον
2297 5229 2495 5292 οὕτως.

434 5324 557 5378 AA’.
608 5321 991 5392 Διοκλητιανδς
1036 5323 1094 5376 δέ
1150 5322 1246 5393 τὴν
1297 5323 1598 5394 ἡγεμονίαν
1644 5323 1845 5394 λαχὼν,
1882 5325 1940 5388 ὃς

2121 5323 2315 5378 XXXI.
2347 5321 2642 5392 Imperium
2662 5328 2845 5374 autem
2872 5315 3246 5370 Diocletianus
3267 5321 3351 5368 est
3371 5311 3628 5381 adeptus.

363 5416 656 5485 Δαλμάτης
714 5416 813 5484 μὲν
866 5409 935 5485 ἦν
984 5415 1044 5468 τὸ
1097 5415 1276 5483 γένος,
1311 5415 1569 5486 πατέρων
1623 5416 1670 5469 δ’
1713 5418 1945 5488 ἀσήμων

2053 5417 2272 5470 natione
2336 5415 2604 5477 Dalmata,
2649 5411 2904 5467 obscuris
2945 5417 3102 5462 ortus
3154 5405 3499 5476 parentibus,
3551 5413 3628 5470 et,

363 5505 532 5574 (τινὲς
595 5504 652 5558 δέ
712 5505 1079 5575 ἀπελεύθερον
1154 5506 1318 5559 αὐτόν
1393 5525 1559 5576 φασιν
1625 5508 1940 5562 Ἀνουλίνου

2053 5517 2109 5562 ut
2143 5506 2367 5577 quidam
2403 5505 2650 5567 tradunt,
2681 5499 2906 5556 Anulini
2958 5499 3232 5554 senatoris
3273 5497 3529 5561 libertus,
3560 5511 3628 5550 ex

364 5597 780 5670 συγκλητικοῦ),
817 5597 876 5662 ἐξ
902 5597 1137 5652 εὐτελῶν
1173 5600 1525 5668 στρατιωτῶν
1564 5599 1690 5666 δοὺξ
1728 5600 1941 5664 Μυσίας

2053 5600 2223 5654 milite
2278 5597 2532 5669 gregario
2585 5594 2772 5666 Mysia:
2821 5597 2929 5646 dux
2963 5592 3157 5647 evasit.
3209 5591 3314 5645 Alii
3360 5605 3493 5646 vero
3519 5605 3630 5644 co-

1551 5712 1749 5773 Variaa
1781 5711 2088 5777 lectiones
2130 5720 2192 5775 et
2234 5718 2424 5774 notae.

436 5833 546 5903 (87)
575 5831 830 5888 Ζάεδαν.
862 5833 980 5890 Duo
1023 5834 1185 5891 codd.
1223 5833 1357 5907 Reg.
1419 5845 1470 5893 et
1521 5834 1768 5894 Colbcrt.
1797 5838 1952 5908 Ζάμϐ

2062 5879 2074 5906 ,
2109 5839 2248 5895 alter
2276 5836 2411 5905 Reg.
2450 5834 2635 5890 Ζιὶδαν
2669 5831 2995 5904 ρτωίυηιηι.
