4026 6402
375 366 517 428 1083

1638 351 1968 419 JOANNIS
2003 348 2325 412 ZONAIUE

3495 344 3637 409 1084

362 485 562 539 "mitem
592 481 1040 537 domesticormm
1092 480 1262 535 fuisse
1313 476 1561 539 tradunt,
1610 488 1751 546 quos
1808 486 1950 527 non-

2052 466 2269 536 ἐγένετο
2289 480 2303 494 ·
2329 461 2480 518 ἄλλοι
2500 442 2802 532 δὲᾪόμητα
2826 462 3167 532 δομεστίκων
3189 462 3357 516 αὐτὸν
3379 463 3636 530 γενέσθαι

374 575 510 629 nulli
540 575 757 644 equites
801 589 926 628 esse
968 581 1188 644 putant.
1226 571 1387 642 Apud
1432 569 1636 625 milites
1682 582 1784 638 pro
1814 581 1950 620 con-

371 670 532 724 cione
570 667 882 728 aﬂirmavit.
920 682 980 721 se
1031 666 1199 720 czedis
1251 663 1572 719 Numeriani
1622 676 1732 716 non
1779 659 1951 714 fuisse

371 760 654 816 conscium
680 776 696 814 :
728 760 1002 828 simulque
1029 758 1097 812 ad
1128 760 1333 826 Aprum
1366 756 1683 827 praefectum
1712 754 1949 809 militum

371 867 705 907 conversus:
735 850 865 915 Hoc,
891 850 1091 920 inquit,
1118 849 1265 903 illius
1295 864 1569 919 percussor
1585 858 1684 909 est,
1709 860 1949 915 eumque

369 959 505 999 ense
548 954 794 1012 arrepto,
853 942 1154 997 interfecit.
1211 941 1445 996 Romam
1497 954 1621 996 cum
1683 939 1947 1002 venisset,

373 1049 561 1088 rerum
594 1031 1133 1088 administrationem
1164 1032 1410 1100 suscepit
1442 1047 1456 1085 :
1484 1029 1946 1098 considerataque

371 1126 723 1195 principatus
777 1123 1165 1194 amplitudine.
1227 1123 1345 1178 sive
1400 1131 1635 1192 quarto,
1685 1121 1823 1185 sive,
1888 1128 1950 1174 ut

370 1218 464 1271 alii
523 1218 748 1281 docent,
822 1215 1068 1270 secundo
1138 1215 1356 1284 imperii
1428 1230 1612 1280 anno,
1680 1214 1946 1283 collegam

368 1310 753 1365 Maximianum
790 1307 1112 1364 Herculium
1140 1310 1382 1373 asciscit,
1409 1316 1573 1363 tanta:
1600 1307 1729 1362 moli
1764 1322 1949 1362 rerum

367 1418 428 1455 se
476 1416 645 1456 unum
701 1400 969 1470 imparem
1002 1415 1126 1455 esse
1165 1408 1339 1455 ratus.
1392 1400 1571 1454 Ambo
1618 1399 1787 1468 igitur
1814 1414 1948 1452 con-

366 1492 741 1548 sentientibus
782 1491 984 1547 animis
1039 1492 1487 1561 persecutionem
1547 1502 1741 1546 contra
1787 1491 1950 1547 Chri-

365 1587 577 1639 stianos
606 1584 990 1648 instituerunt.
1039 1584 1426 1653 superioribus
1464 1584 1727 1639 omnibus
1771 1583 1947 1638 vehe-

366 1677 695 1731 mentiorem
722 1684 779 1731 et
823 1676 1233 1732 immaniorem.
1279 1676 1507 1732 Summo
1530 1677 1682 1732 enim
1732 1676 1947 1739 studio,

366 1783 431 1822 ac
465 1768 650 1838 potius
684 1767 896 1835 furore,
931 1769 1025 1823 Dei
1059 1769 1239 1824 nostri
1274 1769 1404 1825 Jesu
1442 1769 1650 1825 Christi
1702 1769 1945 1824 salutare

367 1872 570 1912 nomen
608 1857 664 1912 in
700 1859 959 1913 omnibus
988 1858 1175 1914 delere
1212 1860 1380 1913 terris
1413 1869 1545 1915 sunt
1586 1859 1792 1915 conati.
1825 1859 1948 1926 Quo
1982 1835 2019 1888 Β

367 1960 617 2019 tempore
645 1959 797 2004 tanta
829 1966 1024 2005 eorum
1076 1951 1169 2021 qui
1220 1966 1322 2022 pro
1354 1951 1561 2008 Christi
1601 1953 1951 2010 confessione

366 2040 422 2094 in
471 2040 734 2095 omnibus
777 2041 1103 2096 civitatibus
1150 2051 1207 2097 et
1254 2043 1559 2114 provinciis
1601 2044 1821 2100 fortiter
1854 2060 1951 2101 oc-

367 2131 716 2195 cumberent,
770 2132 1072 2187 multitudo
1124 2134 1250 2199 fuit,
1301 2144 1362 2189 ut
1416 2151 1611 2190 eorum
1659 2137 1789 2192 iniri
1843 2153 1949 2192 nu-

365 2240 553 2279 merus
588 2240 734 2296 agre
766 2227 963 2296 possit.
1024 2226 1176 2282 Hanc
1220 2230 1368 2283 enim
1421 2229 1794 2287 carniﬁcinam
1845 2248 1943 2288 cae-

368 2317 506 2370 teris
534 2316 703 2372 rebus
729 2319 992 2373 omnibus
1022 2320 1478 2375 antevertendam
1505 2336 1627 2377 esse
1652 2323 1947 2392 putabant.

368 2404 682 2460 Busiridem
735 2422 870 2462 vero
915 2416 974 2463 et
1018 2407 1259 2480 Coptum
1289 2412 1479 2478 urbes,
1524 2413 1733 2470 Thebis
1787 2413 1948 2486 (Egy-

366 2493 563 2562 ptiacis
616 2495 868 2562 vicinas,
932 2514 1061 2553 cum
1129 2500 1504 2569 defecissent,
1567 2505 1951 2562 Diocletianus

367 2586 517 2656 cepit
572 2596 739 2657 atque
773 2590 999 2644 evertit.
1044 2590 1196 2652 Post.
1251 2593 1584 2649 Alexandria
1619 2611 1845 2665 quoque
1893 2606 1951 2652 et

365 2679 633 2751 (Egyplus
659 2680 872 2736 Achille
901 2682 1140 2751 quodam
1168 2692 1398 2740 auctore
1427 2701 1581 2741 arma
1613 2696 1811 2743 contra
1836 2688 1949 2743 Ro-

365 2785 561 2825 manos
634 2782 1031 2842 sumpserunt:
1100 2775 1195 2829 sed
1257 2776 1599 2833 Diocletiano
1646 2779 1795 2835 haud
1852 2781 1949 2837 diu

362 2864 717 2930 restiterunt,
770 2865 1041 2936 multique
1089 2866 1383 2924 seditionis
1427 2870 1798 2927 concitatores
1842 2888 1949 2928 una

364 2971 494 3011 cum
538 2955 753 3013 Achille
783 2974 977 3028 plenas
1007 2959 1309 3016 dederunt.
1355 2961 1732 3020 Diocletianus
1780 2980 1948 3034 porro

360 3059 420 3104 et
472 3050 859 3118 Maximianus,
915 3066 1077 3107 suum
1127 3062 1363 3124 uterque
1410 3070 1675 3125 generum
1705 3055 1948 3112 Caesares

2052 559 2205 629 φασί.
2234 555 2603 625 Δομεστίκους
2642 555 2700 608 δέ
2732 572 2880 618 τινες
2925 556 3053 617 τοὺς
3086 554 3290 613 ἱππέας
3324 553 3631 624 νομίζουσι.

2050 648 2443 717 Διαλεγόμενος
2480 645 2536 699 δὲ
2594 649 2707 708 τοῖς
2758 646 3127 716 στρατιώταις
3182 645 3494 698 διεόεδαίου
3554 644 3635 715 μὴ

2049 741 2379 811 κοινωνῆσαι
2424 738 2502 808 τῷ
2553 738 2701 808 φόνῳ
2745 738 2838 791 τοῦ
2884 738 3270 808 Νουμεριανοῦ
3296 754 3309 771 ·
3343 738 3526 791 καὶέν
3555 737 3637 805 τῷ

2049 832 2224 887 ταῦτα
2267 832 2450 900 λέγειν
2496 832 2761 899 στραφεὶς
2822 831 2960 901 πρὸς
3005 831 3097 883 τὸν
3139 831 3351 902 Ἀπρον
3395 830 3637 900 ἔπαρχον

2049 925 2180 978 ὕντα
2230 923 2326 976 τοῦ
2380 923 2820 992 στρατεύματος,
2874 918 3085 987 Οὗτος,
3142 921 3271 994 ἔφη,
3325 925 3359 977 ὁ
3398 923 3636 976 ἐκείνου

2049 1017 2293 1086 φονεύς.
2332 1014 2444 1068 Καὶ
2478 1016 2678 1068 αὐτίκα
2732 1015 2812 1084 τῷ
2874 1014 3016 1085 μετά
3063 1017 3253 1085 χεῖρας
3288 1013 3435 1081 ξίφει
3472 1014 3638 1068 αὑτὸν

2048 1107 2282 1162 ἀνεῖλεν.
2328 1107 2418 1159 Ἐν
2441 1107 2498 1160 δὲ
2527 1109 2593 1178 τῇ
2638 1106 2829 1179 Ῥώμῃ
2851 1108 3146 1178 γενόμενος
3176 1107 3289 1159 τῶν
3319 1107 3419 1176 τῆς
3458 1106 3639 1174 ἀρχῆς

2051 1198 2397 1268 πραγμάτων
2448 1199 2875 1269 ἀντεποιήσατο,
2925 1201 3021 1252 καὶ
3062 1199 3165 1269 τῆς
3210 1198 3416 1253 τούτων
3454 1199 3640 1268 ἥψατο

2047 1290 2395 1360 διοικήσεως.
2470 1290 2711 1343 ’Δπιδὼν
2759 1291 2816 1345 δὲ
2864 1291 3005 1363 πρὸς
3062 1292 3125 1344 τὸ
3186 1292 3283 1361 τῆς
3354 1292 3639 1361 βασιλείας

2050 1381 2380 1451 ὑπέρογκον,
2430 1383 2687 1435 κοινωνὸν
2738 1384 2909 1453 αὐτῆς
2952 1384 3443 1455 προσλαμϐάνεται
3497 1386 3645 1438 κατά

2048 1477 2111 1529 τὸ
2138 1477 2400 1547 τέταρτον
2459 1475 2580 1539 ἔτος
2637 1477 2740 1546 τῆς
2802 1477 3105 1547 ἡγεμονίας
3171 1477 3363 1539 αὐτοῦ,
3427 1477 3457 1539 ἢ
3513 1476 3651 1533 καθῖ

2050 1569 2271 1639 ἐτέρους
2322 1568 2463 1621 κατὰ
2510 1568 2571 1621 τὸ
2600 1568 2855 1638 δεύτερον
2907 1569 3252 1639 Μαξιμιανὸν
3283 1569 3376 1622 τὸν
3413 1566 3648 1638 Ἐρκού-

2050 1662 2188 1723 λιον,
2240 1660 2317 1731 μὴ
2356 1661 2553 1714 ἑαυτὸν
2607 1661 2767 1731 μόνον
2828 1661 3105 1733 ἀρκοῦντα
3162 1661 3302 1731 πρὸς
3366 1662 3645 1729 τοσαύτης

2052 1752 2228 1823 ἀρχῆς
2276 1752 2546 1822 διοίκησιν
2596 1752 2982 1822 λογισάμενος.
3035 1754 3238 1823 Ἀμφω
3280 1753 3468 1807 τοίνυν
3495 1770 3643 1824 συμ-

2052 1843 2393 1908 πνεύσαντες
2449 1845 2695 1915 διωγμὸν
2746 1845 3026 1917 ἐγείρουσι
3078 1846 3220 1899 κατά
3265 1846 3643 1915 Χριστιανῶν,

2053 1936 2162 1990 τῶν
2202 1938 2335 2007 πρὶν
2385 1940 2694 2007 γεγονότων
2741 1938 3003 1992 ἁπάντων
3038 1939 3403 2008 σφοδρότερόν
3437 1956 3497 1991 τε
3540 1941 3644 1992 καὶ

2051 2026 2419 2096 ἀγριώτερον.
2451 2025 2743 2097 Ἑκούμως
2782 2025 2914 2095 γὰρ,
2947 2025 3153 2095 μᾶλλον
3203 2026 3261 2080 δὲ
3319 2027 3650 2098 περιμανῶς

2051 2116 2113 2170 τδ
2141 2115 2237 2171 τοῦ
2265 2117 2403 2170 Θεοῦ
2442 2117 2601 2188 ήμῶν
2636 2118 2815 2188 Ἰησοῦ
2844 2118 3082 2189 Χριστοῦ
3118 2117 3384 2172 ἔσπευδον
3436 2121 3499 2172 ἐκ
3532 2121 3647 2173 πά-

2053 2227 2155 2280 σης
2207 2210 2313 2279 γῆς
2370 2210 2655 2281 ἐξαλεῖψαι
2723 2212 2993 2283 σωτήριον
3047 2211 3242 2280 ὄνομα.
3296 2212 3438 2266 ’ῦτε
3496 2215 3647 2267 κατά

2050 2309 2232 2360 πᾶσαν
2286 2308 2443 2361 πόλιν
2502 2309 2598 2361 καὶ
2662 2308 2852 2378 χώραν
2902 2309 3149 2362 τοσοῦτοι
3205 2309 3348 2378 ὑπὲρ
3405 2310 3505 2378 τῆς
3559 2311 3651 2374 είς

2050 2400 2291 2469 Χριστὸν
2349 2401 2648 2470 ὁμολογίας
2714 2402 3062 2471 ὴνδρίσαντο,
3106 2401 3183 2465 ὡς
3242 2403 3370 2472 μηδ’
3417 2403 3645 2474 ἀριθμῷ

2053 2490 2241 2562 σχεδὸν
2279 2491 2481 2555 αὐτοὺς
2527 2492 2842 2563 ὑπαχθῆναι
2884 2493 3071 2563 ῥᾴδιον
3118 2490 3260 2549 εῖναι
3283 2514 3296 2528 ·
3334 2496 3499 2566 ἔργον
3528 2500 3647 2570 γὰρ

2056 2583 2221 2637 τοῦτο
2259 2582 2371 2636 τῶν
2411 2583 2590 2638 ἄλλων
2617 2585 2878 2639 ἀπάντων
2915 2584 3160 2639 ἐτίθεντο
3197 2587 3643 2659 σπουδαιότερον.

2051 2673 2373 2744 Βουσίρεως
2435 2673 2491 2727 δέ
2557 2675 2654 2728 καὶ
2704 2675 2928 2730 Κοπτοῦ
2980 2677 3190 2730 πόλεων
3247 2678 3650 2747 Δίγυπτιακῶν

2050 2765 2184 2835 περὶ
2224 2765 2326 2830 τὰς
2376 2766 2497 2819 ἐκεῖ
2548 2766 2731 2835 Θήϐας
2778 2768 3117 2838 οίκουμένων
3165 2771 3247 2833 είς
3300 2773 3651 2826 ἀποστασίαν

2050 2856 2415 2919 ἐκκλινασῶν,
2481 2860 2510 2912 ὁ
2570 2858 2961 2929 Διοκλητιανὸς
3037 2861 3451 2931 ἐκστρατεύσας
3516 2866 3646 2917 κατ’

2048 2949 2229 3003 αὐτῶν
2269 2944 2382 3002 εἷλέ
2413 2967 2474 3003 τε
2516 2954 2614 3006 καὶ
2648 2952 2820 3016 αὑτὰς
2853 2954 2951 3006 καὶ
2985 2954 3366 3025 κατέσκαψεν.
3393 2953 3510 3009 Εἶτ’
3544 2953 3641 3012 αὖ·

2049 3041 2134 3104 θις
2162 3041 2540 3114 Ἀλεξάνδρεια
2574 3046 2718 3115 καὶὴ
2740 3047 3015 3115 Αἴγυπτος
3046 3048 3180 3120 ἀντῆ
3189 3066 3291 3119 ραν
3319 3052 3471 3119 χεῖρα
3499 3049 3642 3104 Ῥω-

362 3142 759 3200 declararunt:
800 3145 1180 3203 Diocletianus
1226 3144 1584 3203 Maxiininum
1618 3149 1943 3214 Gallerium.

2057 3136 2262 3206 μαίοις,
2296 3137 2591 3206 Ἀχιλλέως
2626 3140 2771 3201 τινὸς
2797 3142 2879 3203 εἰς
2920 3140 3083 3194 τοῦτο
3122 3145 3254 3206 τοὺς
3296 3142 3624 3211 Αἰγυπτίους

361 3235 454 3291 cui
488 3234 654 3291 ﬁliam
683 3236 959 3292 Valeriam
1003 3238 1416 3309 desponderat:
1451 3239 1745 3297 Herculius
1773 3240 1948 3297 Maxi-

363 3325 582 3381 mianus
604 3326 1011 3394 Constantium,
1057 3332 1152 3399 qni
1196 3346 1224 3384 a
1259 3332 1470 3400 pallore
1497 3331 1740 3388 Chlorus
1786 3350 1949 3389 voca-

364 3416 554 3481 batur,
589 3427 851 3487 nepotem
882 3418 1119 3484 Claudii,
1146 3422 1239 3490 qui
1276 3422 1438 3492 paulo
1465 3434 1593 3479 ante
1623 3423 1946 3492 imperarat,

364 3518 427 3563 ut
448 3510 560 3578 jam
591 3510 845 3580 exposui,
874 3512 1146 3581 desponsa
1178 3514 1288 3569 [ilia
1319 3515 1633 3572 Theodora.
1684 3518 1952 3585 Quamvis

363 3607 549 3653 autem
581 3599 744 3654 ambo
771 3599 1018 3657 Ctesares
1064 3620 1263 3659 uxores
1294 3605 1588 3675 haberent,
1630 3616 1814 3664 tamen
1856 3626 1948 3665 re-

262 3708 269 3721 -
363 3689 756 3759 pudiatisillis,
781 3691 1180 3763 imperatorum
1209 3695 1531 3752 aﬂinitatem
1557 3702 1946 3768 praetulerunt.

362 3779 730 3838 Maximianus
788 3783 846 3838 in
893 3782 1098 3840 Gallias
1134 3785 1295 3859 641
1346 3788 1650 3858 profectus,
1709 3790 1948 3849 Amandi

366 3872 662 3941 cujusdam
711 3885 921 3931 motum
958 3881 1244 3947 repressit.
1286 3880 1569 3945 Crassum,
1607 3882 1701 3953 qui
1731 3884 1950 3939 Britan-

363 3964 514 4018 niam
576 3981 673 4036 per
719 3968 1023 4024 triennium
1055 3984 1374 4039 occuparat,
1416 3972 1712 4043 praefectus
1765 3974 1951 4031 Ascle-

363 4057 624 4129 piodotus
651 4062 896 4116 sustulit.
929 4063 1520 4134 Quinque-Gentianos
1560 4068 1655 4136 qui
1705 4067 1947 4124 Africam

364 4160 745 4217 occuparant,
822 4151 1114 4211 Herculius
1185 4155 1507 4213 debellavit.
1590 4159 1949 4218 Constantius

371 4239 555 4294 Caesar
582 4241 636 4294 in
675 4241 867 4299 Galliis
897 4245 1166 4302 adversus
1215 4234 1548 4304 Alemannos
1600 4250 1808 4306 bellum
1850 4268 1946 4322 ge-

363 4345 515 4396 rens,
548 4333 747 4389 eodem
776 4335 868 4391 die
904 4344 960 4392 et
994 4337 1175 4394 victus
1200 4347 1306 4405 est,
1354 4349 1413 4396 et
1459 4343 1612 4397 vicit.
1650 4341 1785 4398 Nam
1835 4344 1949 4413 pri—

364 4439 516 4479 mum
548 4441 674 4481 cum
699 4427 989 4485 Alemanni
1019 4446 1221 4502 magno
1258 4432 1466 4504 impetu
1499 4433 1555 4487 in
1580 4435 1699 4505 ejus
1728 4436 1947 4490 exerci-

2054 3229 2434 3297 ὐπαγαγόντος
2460 3248 2473 3260 ·
2523 3230 2660 3285 ἀλλὰ
2707 3232 3000 3302 Ῥωμαίων
3059 3233 3247 3297 αὐτοῖς
3298 3235 3639 3289 ἐπελθόντων

2052 3320 2151 3373 σὺν
2198 3320 2594 3391 Διοκλητιανῷ,
2625 3322 2727 3375 οὐκ
2755 3323 3023 3393 ἀντέσχον
3053 3324 3146 3377 ἐπὶ
3180 3325 3342 3389 πολὺ,
3377 3326 3472 3379 καὶ
3508 3325 3638 3378 πολ-

2050 3411 2134 3466 λοὶ
2170 3410 2281 3466 τῶν
2308 3411 2501 3468 αίτίων
2527 3414 2628 3484 τῆς
2664 3415 2911 3478 στάσεως
2940 3416 3317 3488 ἀνῃρέθησαν,
3351 3419 3449 3471 καὶ
3476 3419 3646 3482 αύτδς

2063 3501 2366 3574 Ἀχιλλεύς.
2396 3503 2783 3572 Διοκλητιανὸς
2819 3505 2876 3558 δὲ
2909 3506 3004 3558 καὶ
3033 3506 3384 3575 Μκξιμιανδς
3426 3510 3644 3563 Καίσα-

2055 3611 2155 3666 ρας
2208 3595 2635 3666 ἐχειροτόνησαν
2687 3598 2817 3660 τοὺς
2868 3599 3080 3652 ἐαυτῶν
3140 3601 3492 3668 κηδεστὰς,ό
3538 3584 3671 3672 μὲνΔ

2051 3687 2444 3757 Διοκλητιανὸς
2476 3686 2787 3758 Μαξιμίνον
2815 3692 2904 3744 τὸν
2930 3691 3254 3763 Γαλλὲριον,
3291 3695 3390 3765 τὴν
3429 3695 3645 3749 οἰκείαν

2051 3779 2331 3850 θυγατέρα
2365 3778 2634 3844 συζεύξας
2673 3781 2827 3853 αὐτῷ
2869 3783 3131 3854 Βαλερίαν
3181 3802 3194 3815 ·
3246 3787 3275 3839 ὁ
3318 3786 3365 3840 δ’
3408 3787 3649 3856 Ἐρκού-

2049 3872 2166 3936 λιος
2213 3872 2563 3943 Μαξιμιανδς
2623 3875 2966 3930 Κώνσταντα
3021 3877 3194 3945 (88).
3250 3878 3310 3943 ὃς
3354 3879 3640 3950 ἐπεκλήθη

2050 3964 2277 4037 Χλωρὺς
2302 3964 2391 4018 διὰ
2421 3965 2519 4037 τὴν
2549 3966 2861 4037 ὠχρότητα,
2892 3968 3254 4038 θυγατριδοῦν
3280 3969 3413 4025 ὄντα
3454 3971 3642 4025 Κλαυ-

2049 4055 2167 4109 δίου
2212 4057 2307 4110 τοῦ
2367 4058 2476 4128 πρὸ
2520 4060 2725 4129 μικροῦ
2787 4059 3237 4128 βασιλεύσαντος,
3272 4062 3350 4125 ὡς
3394 4062 3495 4133 ἤδη
3549 4080 3645 4132 μοι

2050 4151 2294 4221 εἴρηται,
2353 4154 2449 4206 καὶ
2512 4152 2678 4215 αὐτὸς
2729 4152 2908 4225 τούτῳ
2963 4154 3062 4224 τὴν
3114 4154 3312 4208 ἑαυτοῦ
3363 4154 3643 4223 Θυγατέρα

2051 4241 2336 4314 Θεοδώραν
2384 4245 2801 4314 κατεγγυήσας.
2851 4245 2964 4297 Καὶ
2995 4244 3161 4315 ἄμφω
3194 4245 3249 4297 δὲ
3285 4247 3360 4298 τὼ
3398 4246 3645 4315 Καίσαρε

2050 4334 2228 4389 τούτω
2275 4335 2530 4405 γαμετὰς
2585 4337 2834 4406 εἰχέτην·
2886 4336 3024 4389 ἀλλά
3053 4336 3142 4389 διὰ
3200 4336 3262 4388 τὸ
3325 4336 3461 4404 πρὸς
3512 4338 3647 4400 τοὺς

2054 4427 2296 4497 βασιλεῖς
2335 4427 2504 4496 κῆδος
2561 4430 2662 4491 τὰς
2724 4428 2825 4497 μὲν
2888 4429 3204 4495 ἀπώσαντο,
3235 4431 3359 4492 ταῖς
3417 4430 3475 4483 δὲ
3526 4429 3641 4483 τῶν

365 4521 485 4567 tum
520 4516 816 4585 irruerent,
848 4528 1003 4591 terga
1043 4536 1239 4577 omnes
1268 4522 1561 4588 dederunt,
1616 4540 1759 4595 quos
1813 4526 1943 4580 dum

2054 4519 2325 4590 βασιλέων
2356 4518 2665 4592 θυγατράσι
2707 4519 3058 4591 συνῴκησαν.
3094 4519 3365 4589 ’Δμάνδου
3406 4519 3462 4573 δέ
3495 4537 3645 4585 τινος

366 4601 729 4661 Constantius
783 4606 912 4678 fuga
956 4619 1276 4679 postremus
1322 4614 1706 4681 consequitur,
1755 4631 1949 4686 parum

366 4693 550 4748 abluit
581 4696 717 4764 quin
753 4698 930 4768 portis
950 4700 1065 4768 jam
1091 4700 1295 4756 clausis
1325 4712 1658 4771 caperetur:
1689 4720 1754 4760 ac
1789 4706 1952 4776 plane

368 4785 439 4841 ab
463 4785 717 4843 hostibus
738 4790 1174 4859 comprehensus
1195 4801 1362 4857 esset,
1387 4794 1440 4847 in
1465 4809 1591 4848 eum
1623 4797 1952 4866 capiendum

367 4876 623 4943 intentis,
654 4880 759 4936 nisi
800 4880 1032 4938 funibus
1060 4898 1128 4938 ex
1186 4899 1346 4939 muro
1374 4885 1634 4942 demissis
1683 4899 1954 4945 attractus

365 4981 536 5029 esset.
591 4973 669 5029 ita
719 4984 1103 5041 conservatus,
1138 4985 1304 5046 atque
1347 4977 1401 5033 in
1444 4980 1635 5034 urbem
1672 4992 1950 5052 receptus,

368 5077 671 5122 convocato
707 5069 894 5123 statim
935 5070 1211 5134 exercitu,
1264 5073 1519 5127 oratione
1569 5074 1781 5141 habita,
1841 5091 1951 5146 qua

369 5155 608 5210 militum
644 5158 843 5214 animis
878 5159 1218 5216 alacritatem
1242 5162 1309 5216 ad
1346 5179 1460 5218 rem
1493 5174 1718 5220 strenue
1747 5181 1950 5237 geren-

368 5247 494 5301 dam
536 5251 740 5316 attulit,
791 5266 856 5306 ac
895 5251 1152 5308 ﬁduciam
1204 5254 1498 5322 quamdam
1555 5256 1711 5326 quasi
1774 5256 1951 5327 inspi—

370 5343 536 5408 ravit,
571 5346 757 5399 statim
795 5346 954 5401 duxit
984 5357 1177 5402 contra
1218 5350 1456 5413 hostem,
1515 5361 1683 5418 atque
1745 5349 1948 5405 illustri

370 5435 600 5491 victoria
635 5439 841 5507 potitus
872 5451 977 5504 est,
1020 5441 1242 5496 circiter
1299 5457 1364 5495 ις
1413 5442 1661 5497 millibus
1689 5440 1953 5496 Aleman-

2050 4611 2486 4683 νεωτερίσαντος
2563 4613 2620 4665 ἐν
2684 4612 2964 4676 Γαλλίαις,
3027 4612 3381 4682 Μαξιμιανὺς
3454 4614 3645 4667 ἐκεῖσε

2050 4706 2348 4775 γενόμενος
2373 4704 2468 4759 τὴν
2497 4706 2871 4775 νεωτερισμὸν
2910 4705 3250 4760 κατέστειλε.
3279 4705 3538 4774 Κράσσον
3564 4723 3629 4759 τε

2051 4798 2389 4867 Βρεττανίαν
2455 4797 2843 4867 κατεσχηκότα
2898 4798 2993 4851 ἐπὶ
3061 4799 3349 4861 ἐνιαυτοὺς
3406 4801 3560 4869 τρεῖς
3615 4802 3647 4853 ὁ

2052 4887 2296 4958 ἔπαρχος
2347 4886 2563 4941 ἀνεῖλεν
2604 4885 3093 4955 ’Δσκληπιόδοτοςο
3147 4890 3244 4939 καὶ
3280 4886 3445 4938 πέντε
3474 4885 3648 4938 τινῶν

2051 4977 2362 5033 Γεντιανῶν
2398 4977 2513 5050 (89)
2540 4978 2640 5049 τὴν
2677 4977 2953 5048 Ἀφρικὴν
2992 4977 3404 5047 κατασχόντων,
3442 4979 3470 5029 ό
3514 4976 3641 5045 Ἐρ-

2051 5072 2267 5133 κούλιος
2317 5072 2545 5134 τούτους
2587 5069 3031 5140 κατηγωνίσατο.
3080 5071 3140 5124 Ὁ
3183 5070 3242 5124 δέ
3294 5085 3360 5138 γε
3416 5072 3638 5138 Καῖσαρ

2049 5164 2317 5226 Κώνστας
2349 5165 2408 5217 ἐν
2441 5165 2563 5226 ταῖς
2590 5163 2847 5224 Γαλλίαις
2874 5162 3011 5233 πρὸς
3052 5161 3430 5233 Ἀλαμαννοὺς
3459 5161 3641 5232 μαχόο

2055 5274 2214 5328 μενος
2270 5257 2371 5327 τῆς
2434 5256 2609 5321 αὐτῆς
2658 5255 2872 5326 ἡμέρας
2923 5254 3130 5326 ἥττητο
3198 5256 3295 5309 καὶ
3354 5254 3642 5324 νενίκηκε.

2052 5352 2331 5421 Πρότερον
2390 5350 2489 5421 μὲν
2543 5348 2655 5421 γὰρ
2712 5349 2822 5402 τῶν
2878 5347 3238 5419 Ἀλαμαννῶν
3332 5351 3403 5419 τῇ
3467 5348 3643 5402 αὐτοῦ

2053 5445 2283 5514 στρατιᾷ
2326 5443 2467 5513 μετά
2524 5441 2708 5512 ῥύμης
2762 5439 3202 5510 ἐφορμησάντων
3260 5439 3522 5511 σφοδρᾶς,
3559 5441 3647 5504 είς

1592 5558 1797 5620 Varias
1828 5557 2145 5622 lectiones
2193 5570 2255 5621 et
2301 5568 2491 5620 notae.

448 5661 561 5727 (88)
597 5660 980 5717 Κώνσταν-τα.
1017 5661 1093 5717 ita
1133 5663 1376 5717 Zonaras
1427 5662 1766 5718 Constantem
1821 5679 1944 5733 per-

374 5744 542 5801 petuo
576 5743 751 5801 νυνδὶ,
778 5748 942 5800 quem
976 5732 1067 5786 alii
1112 5733 1497 5788 Constantium
1532 5751 1545 5786 :
1582 5732 1946 5801 quemadmo-

375 5800 506 5855 dum
535 5799 698 5855 ctiam
729 5799 1126 5858 Constantinus
1156 5802 1492 5870 i'oruhyrog.
1551 5799 1647 5859 lib.
1673 5803 1751 5858 De
1798 5805 1943 5868 adm,

2054 5666 2186 5731 imp.
2217 5678 2340 5735 cap.
2379 5663 2481 5735 ult.
2508 5670 2571 5735 et
2597 5659 2798 5735 Menam
2821 5659 3084 5735 *ΞΙ-ξγιειίἰζ
3158 5731 3192 5735 __
3471 5726 3480 5735 .
3530 5728 3564 5735 -.

2129 5726 2242 5802 (89)
2276 5726 2461 5787 Τινῶν
2483 5726 2854 5802 Γειςτιατςῷν.
2891 5730 3028 5784 Vide
3052 5730 3389 5799 Scaligcrum
3418 5726 3483 5780 ad
3529 5728 3641 5781 liu-

2057 5798 2297 5870 sebiuin,
2331 5818 2382 5872 ι).
2429 5801 2557 5866 215,
2594 5800 2650 5853 Η
2682 5798 2818 5852 edit.
