4026 6408
448 373 588 440 1085

1641 396 2048 458 ANNALIUM
2090 395 2240 459 LIB.
2282 399 2423 464 XII.

3562 408 3701 472 1086

445 489 624 562 φυγὴν
651 491 973 590 ἐτράπησαν
1009 497 1268 565 ἅπαντες,
1296 497 1378 566 οἷς
1404 506 1500 559 καὶ
1524 507 1690 571 αὐτὸς
1713 510 1740 562 6
1757 509 2010 572 Κῶνστας

2126 527 2328 567 norum
2403 515 2579 570 caesis.
2668 514 2827 584 Apud
2903 518 3096 574 Persas
3169 528 3351 576 autem
3450 524 3702 590 regnavit

447 583 960 655 συναποδιδρὰσκων
990 591 1136 644 ἐάλω
1159 593 1226 647 ἂν
1258 596 1410 665 παρὰ
1439 597 1638 668 βραχύ.
1673 601 1880 654 Ὀπίσω
1908 601 2016 673 γὰρ

443 673 757 763 ἐρχόμενος,
807 680 1205 752 κεκλεισμένας
1256 679 1386 756 εὗρε
1426 690 1525 756 τὰς
1572 691 1748 756 πύλας
1791 694 1890 763 τῆς
1921 695 2020 746 πό-

442 762 600 826 λεως.
633 768 693 822 0i
733 769 789 821 δὲ
823 769 1110 833 διώκοντες
1142 776 1457 845 ἐγγίζοντες
1502 782 1602 853 ήδη
1630 762 1852 853 ἕτοιμοι
1874 782 2018 858 ἦσαν

443 858 648 911 ἐκεῖνον
700 861 1085 932 συλλήψεσθαι,
1131 870 1226 922 καὶ⁵
1273 871 1375 925 κᾶν
1424 875 1651 946 ἀπήχθη
1690 877 1936 948 δέσμιος,
1967 881 2017 933 εί

443 951 518 1019 μὴ
554 953 800 1023 σχοίνους
831 959 896 1011 ἐκ
929 959 1024 1012 τοῦ
1058 961 1277 1032 τείχους
1321 965 1532 1020 ἄνωθεν
1572 968 2013 1040 καθιμήσαντες,

440 1041 663 1106 ταύταις
697 1046 864 1100 αὐτὸν
899 1049 1256 1121 ἀνιμήσαντο.
1289 1053 1447 1108 Οῦτω
1469 1055 1524 1108 δὲ
1556 1059 1889 1128 περισωθεὶς
1920 1062 2015 1116 καὶ

439 1134 534 1201 τῆς
587 1136 796 1201 πόλεως
860 1140 1012 1205 ἐντὸς
1087 1144 1360 1213 γεγονὼς,
1425 1149 1519 1202 καὶ
1585 1149 1686 1220 τὴν
1749 1153 2015 1221 στρατιὰν

440 1228 704 1298 ἀθροίσας
752 1232 977 1296 αὐτίκα,
1017 1235 1113 1290 καὶ
1149 1235 1334 1305 λόγοις
1372 1240 1543 1310 αὐτὴν
1579 1243 2015 1315 παρακλητικοῐς

437 1320 515 1384 είς
582 1323 754 1395 ἀλκὴν
812 1326 1110 1398 διεγείρας,
1162 1331 1254 1383 καὶ
1311 1332 1512 1402 θάρσος
1544 1331 1657 1388 οἷον
1699 1337 2014 1406 ἐμπνεύσας

436 1413 594 1482 αὐτῇ,
631 1415 830 1481 ἔξεισιν
893 1420 1076 1483 εὐθὺς,
1110 1421 1206 1474 καὶ
1251 1424 1532 1495 συμμίξας
1579 1429 1693 1490 τοῖς
1724 1429 2012 1494 πολεμίοις

436 1507 562 1577 νικᾷ
600 1509 755 1580 νίκην
791 1517 1087 1582 περιφανῆ,
1111 1513 1254 1568 ὥστε
1294 1517 1425 1588 περὶ
1463 1517 1730 1589 ἐξήκοντα
1765 1521 2013 1590 χιλιάδας

436 1599 662 1652 ἐκείνων
701 1605 908 1657 πεσεῖν.
948 1607 1180 1675 Περσῶν
1230 1607 1287 1662 δὲ
1332 1610 1556 1679 Ναρσοῦ
1601 1611 2008 1682 βασιλεύοντος,

433 1687 492 1750 ὃς
539 1689 771 1762 ἕϐδομος
822 1697 1201 1767 ἀναγράφεται
1268 1699 1590 1769 βασιλεῦσαι
1649 1705 1880 1775 Περσῶν
1903 1707 2010 1759 ἀπὸ

446 1778 828 1851 Ἀρταξέρξου,
861 1778 922 1838 οὗ
952 1788 1248 1860 πρόσθενή
1290 1789 1388 1859 τῆς
1422 1793 1664 1862 ίστορίας
1707 1795 2006 1866 συγγραφὴ

433 1869 868 1940 ἐμνημόνευσεν,
903 1875 980 1939 ὡς
1014 1877 1170 1941 αὖθις
1207 1878 1451 1952 Πέρσαις
1489 1885 1878 1954 ἀνανεωμένου
1913 1885 2013 1956 τὴν

434 1961 740 2032 βασιλείανο
773 1967 940 2035 (μετὰ
970 1975 1078 2040 γὰρ
1107 1972 1200 2025 τὸν
1225 1972 1605 2048 Ἀρταξέρξην
1636 1977 1825 2031 τοῦτον
1859 1980 1890 2051 ἢ
1923 1980 2015 2036 τὸν

447 2055 813 2128 Ἀρταξάρην,
844 2059 1116 2130 διώνυμον
1136 2063 1287 2131 ὄντα,
1312 2067 1580 2139 Σαπώρης
1606 2065 1740 2141 ἦρξε
1766 2071 2012 2142 Περσῶν,

431 2146 525 2198 καὶ
545 2147 662 2216 μετ’
683 2150 886 2204 ἐκεῖνον
903 2154 1215 2222 Ὀρμίσδας,
1231 2152 1349 2210 εἶτα
1368 2161 1851 2230 Οὐαραράνης,καὶ
1873 2166 2012 2234 μετὰ

429 2240 616 2292 τοῦτον
665 2243 1055 2312 Οὑαραράκης,
1093 2247 1188 2299 καὶ
1235 2246 1392 2311 αὖθις
1425 2251 1584 2316 ἄλλος
1627 2254 2011 2326 υύαραράνης,

429 2331 525 2383 καὶ
571 2330 664 2382 ἐπὶ
689 2333 900 2396 τούτοις
931 2334 1176 2404 Ναρσῆς.
1206 2337 1313 2390 Τοῦ
1341 2340 1564 2410 Ναρσοῦ
1615 2344 1793 2398 τοίνυν
1821 2347 2012 2402 τούτου

427 2415 546 2468 τότε
579 2417 674 2487 τὴν
701 2419 898 2489 Συρίαν
940 2422 1290 2492 ληϊζομένου,
1335 2428 1424 2481 τὸν
1474 2430 1606 2483 ἴδιον
1642 2433 1891 2505 γάμϐρον
1921 2440 2014 2492 τὸν

428 2508 722 2579 Γαλλέριον
770 2512 1077 2582 Μαξιμῖνον
1110 2517 1138 2568 6
1194 2518 1574 2587 Διοκλητιανδς
1605 2524 1691 2578 διὰ
1719 2527 1814 2596 τῆς
1848 2530 2010 2598 Αίγύ-

428 2613 562 2650 πτου
595 2600 688 2652 ἐπὶ
711 2601 837 2666 τοὺς
867 2603 1130 2668 Αἰθίοπας
1147 2606 1347 2673 ἀπιὼν,
1373 2612 1668 2679 συμϐαλεῖν
1688 2617 1839 2688 αὐτῷ
1873 2621 2012 2689 μετὰ

427 2689 712 2760 δυνάμεως
734 2694 1030 2766 ἀξιομάχου
1050 2698 1380 2771 ἐξέπεμψεν·
1399 2704 1456 2768 ὃς
1481 2708 1573 2759 καὶ
1596 2712 1876 2779 συμμίξας
1899 2717 2013 2778 τοῖς

428 2782 668 2852 Πέρσαις
698 2786 904 2859 ἡττήθη
938 2791 1030 2842 καὶ
1062 2790 1282 2860 ἔφυγεν.
1312 2793 1480 2858 Αὖθις
1508 2796 1563 2850 δέ
1593 2803 1730 2866 μετά
1766 2803 2012 2868 πλείονος

426 2876 590 2964 αύτὸν
612 2879 639 2931 6
669 2880 1050 2951 Διοκλητιανὸς
1081 2885 1354 2956 ἐξέπεμψε
1388 2893 1670 2959 στρατιᾶς.
1712 2895 2011 2964 Συμϐαλὼν

422 2961 518 3018 οὖν
535 2965 720 3031 αὐτοῖς
742 2971 906 3023 πάλιν
930 2971 1104 3036 οὕτως
1127 2975 1483 3045 ὲνίκησεν,ὼς
1509 2981 1600 3032 καὶ
1620 2979 1719 3052 τὴν
1738 2961 2011 3055 προτέραν

423 3049 594 3125 ἧτταν
615 3060 1075 3115 ἀνακαλέσασθαι.
1092 3063 1230 3129 Τούς
1245 3082 1303 3118 τε
1322 3067 1428 3137 γὰρ
1446 3049 1699 3135 πλείονας
1719 3049 2009 3130 ἀπέκτεινε

2126 603 2352 670 Narses,
2389 607 2484 676 qui
2538 608 2812 677 septimus
2861 610 2930 664 ab
2977 611 3276 666 Artaxerxe
3326 626 3696 670 numeratur:

2127 698 2286 768 cujus
2319 714 2483 768 supra
2513 700 2657 756 facta
2684 711 2770 756 est
2801 702 3028 766 mentio,
3066 711 3124 755 ιιι
3165 704 3315 773 regni
3351 705 3554 759 Persici
3613 707 3702 760 in—

2125 793 2468 847 stauratoris.
2497 793 2632 848 Nam
2665 804 2788 863 post
2817 794 2966 849 hunc
3007 795 3123 849 sive
3167 797 3543 862 Artaxerxem,
3579 799 3698 854 sive

2124 883 2447 939 Artaxarem
2522 885 2802 955 (utroque
2866 887 3014 940 enim
3070 890 3695 958 nomineappellatur)

2125 978 2362 1048 Sapores
2393 981 2574 1036 Persis
2605 982 2916 1051 imperavit.
2964 981 3124 1036 Hunc
3164 983 3500 1047 Hormisdas,
3559 986 3698 1038 lior-

2123 1069 2355 1125 misdam
2409 1071 2733 1136 Vararanes,
2769 1074 3102 1128 Vararanem
3145 1075 3441 1130 Vararaces
3475 1089 3699 1131 secutus

2121 1170 2243 1218 est:
2289 1163 2417 1218 huic
2455 1163 2594 1218 alius
2635 1165 2942 1220 Vararanes
2993 1166 3282 1231 successit,
3328 1175 3385 1220 et
3427 1177 3551 1236 post
3596 1167 3700 1223 hos

2120 1253 2322 1308 Narses
2357 1256 2625 1319 regnavit.
2668 1254 2873 1310 Contra
2922 1256 3261 1327 huncigitur
3311 1256 3542 1318 Narsen,
3594 1259 3699 1328 Sy-

2121 1345 2262 1400 riam
2307 1355 2640 1409 vastantem,
2714 1347 3088 1402 Diocletianus
3139 1365 3236 1416 per
3281 1347 3575 1420 [Egyptum
3639 1349 3703 1404 in

2118 1436 2452 1506 Ethiopiam
2489 1440 2786 1508 profectus,
2817 1452 3081 1507 generum
3114 1439 3415 1494 Gallerium
3445 1440 3695 1493 Maximi-

2117 1544 2274 1593 num,
2325 1546 2450 1585 cum
2473 1530 2636 1602 justis
2664 1531 2840 1601 copiis
2865 1532 3016 1587 misit
3048 1549 3062 1587 :
3111 1548 3140 1585 a
3190 1532 3373 1587 Persis
3407 1533 3612 1586 victum
3640 1541 3696 1586 et

2120 1620 2489 1690 proﬂigatum,
2518 1637 2642 1676 cum
2670 1622 2874 1692 majore
2902 1623 3148 1677 exercitu
3180 1622 3473 1692 ablegavit.
3504 1624 3695 1678 Denuo

2121 1711 2289 1780 igitur
2335 1711 2525 1767 hostes
2583 1713 2834 1779 adortus,
2901 1723 3009 1768 tam
3071 1714 3340 1769 illustrem
3400 1715 3690 1770 victoriam
3791 1727 3803 1744 '

2123 1804 2360 1875 adeptus
2409 1814 2513 1870 est,
2568 1816 2629 1861 ut
2657 1815 2898 1876 accepta
2934 1807 3109 1861 cladis
3165 1807 3519 1877 ignominiam
3559 1806 3694 1861 abo-

2116 1895 2276 1951 leret.
2342 1897 2632 1951 Persarum
2693 1908 2846 1952 certe
2897 1898 3119 1968 quidem
3171 1907 3380 1967 partem
3426 1898 3692 1969 majorem

2115 1987 2339 2052 occidit,
2387 1987 2615 2044 Narsem
2657 1989 3004 2043 vulneratum
3051 2005 3226 2058 usque
3253 1989 3320 2043 ad
3364 1989 3693 2044 interiorem

2116 2080 2362 2136 Persiam
2388 2091 2734 2149 persecutus,
2759 2084 2879 2151 ejus
2906 2097 3128 2145 uxores,
3147 2082 3352 2137 liberos
3373 2093 3430 2135 et
3451 2096 3692 2147 sorores,

2115 2189 2180 2229 ac
2212 2175 2416 2228 multos
2449 2175 2691 2230 illustres
2722 2175 2918 2229 Persas
2948 2175 3115 2243 cepit,
3153 2175 3417 2244 omnique
3452 2174 3683 2241 pecunia

2113 2283 2144 2323 a
2173 2267 2346 2322 Narse
2406 2267 2462 2321 in
2511 2266 2762 2322 militiam
2817 2265 3045 2322 advecta
3090 2266 3300 2336 potitus
3343 2274 3446 2320 est.
3489 2266 3696 2320 Narscs

2114 2372 2248 2412 vero
2306 2372 2374 2412 ex
2420 2356 2652 2411 vulnere
2698 2365 3001 2422 recreatus,
3041 2371 3142 2426 per
3171 2357 3378 2425 legatos
3419 2372 3448 2410 a
3479 2357 3696 2417 Diocle-

2115 2448 2264 2504 tiano
2295 2455 2348 2501 et
2373 2446 2632 2508 Gallerio,
2669 2455 2726 2500 ut
2755 2447 2858 2502 sibi
2900 2447 3164 2502 mulieres
3196 2456 3254 2501 et
3282 2447 3446 2502 liberi
3489 2447 3694 2503 redde-

2114 2547 2330 2600 rentur,
2360 2545 2416 2590 et
2452 2536 2602 2606 pacis
2651 2536 2832 2591 foedus
2873 2535 3152 2601 feriretur,
3202 2537 3537 2606 impetravit,
3566 2553 3692 2594 cum

2116 2630 2398 2692 Romanis,
2430 2629 2592 2683 rebus
2623 2627 2882 2684 omnibus
2905 2643 3042 2696 quas
3077 2628 3359 2691 volebant,
3408 2630 3690 2684 cessisset.

2113 2718 2250 2774 Aliis
2273 2733 2492 2787 quoque
2522 2718 2714 2771 multis
2737 2715 2897 2770 bellis
2925 2717 3301 2773 Diocletianus
3323 2728 3379 2772 et
3405 2717 3689 2773 Maximia.

2111 2829 2218 2867 nus
2255 2811 2454 2881 partim
2504 2825 2602 2880 per
2648 2825 2730 2874 se,
2784 2809 2949 2881 642
2978 2810 3178 2880 partim
3214 2825 3314 2879 per
3360 2809 3606 2866 Caesares
3634 2820 3692 2866 et

2111 2905 2282 2958 duces
2307 2916 2570 2971 prospere
2611 2901 2902 2967 confectis,
2949 2903 3168 2972 imperii
3214 2901 3354 2959 ﬁnes
3387 2902 3693 2973 ampliﬁca-

2111 3003 2262 3050 runt.
2295 2993 2509 3059 Quibus
2539 2991 2788 3047 victoriis
2843 2992 3020 3047 elatus
3050 2993 3442 3058 Diocletianus,
3477 3008 3536 3048 se
3574 3009 3685 3048 non

2110 3087 2366 3158 amplius,
2410 3095 2470 3140 ut
2521 3084 2697 3154 prius,
2729 3099 2760 3138 a
2803 3094 2996 3140 senatu
3029 3085 3280 3149 salutari,
3329 3085 3426 3140 sed
3468 3085 3686 3140 adorari

422 3144 531 3200 τῶν
573 3149 819 3219 Περσῶν,
855 3155 948 3204 καὶ
992 3153 1084 3206 τὸν
1127 3155 1352 3227 Ναρσῆν
1391 3159 1672 3229 τρωθέντα
1701 3163 1862 3236 μέχρι
1901 3169 2001 3238 τῆς

2117 3182 2282 3237 voluit
2302 3197 2318 3233 :
2357 3187 2539 3233 vestes
2567 3193 2695 3232 suas
2715 3186 2772 3232 et
2793 3178 3005 3236 calceos
3022 3193 3180 3243 auro,
3197 3179 3450 3249 gemmis,
3470 3193 3685 3248 marga-

422 3239 705 3310 ἐνδοτέρας
737 3243 995 3312 Περσίδος
1021 3247 1234 3311 ἐδίωκε,
1266 3250 1360 3303 καὶ
1385 3251 1483 3314 τὰς
1507 3253 1702 3308 τούτου
1741 3265 2002 3329 γυναῖκας

423 3329 521 3382 καὶ
543 3333 669 3396 τοὺς
686 3335 904 3402 παῖδας,
929 3339 1022 3390 καὶ
1041 3338 1278 3408 ἀδελφὰς
1309 3344 1401 3413 αίχ
1409 3345 1694 3412 μαλώτους
1716 3351 2001 3422 ἀπήγαγε,

2107 3272 2231 3328 ritis
2254 3270 2563 3333 exornavit,
2599 3277 2656 3323 et
2688 3269 3043 3339 imperatoria
3097 3270 3332 3338 insignia
3380 3270 3689 3339 majoribus

2106 3363 2422 3434 sumptibus
2455 3361 2758 3416 decoravit.
2791 3361 3118 3431 Superiores
3145 3361 3293 3416 enim
3325 3363 3692 3431 imperatores

424 3422 523 3476 καὶ
560 3429 824 3496 χρήματα
867 3430 969 3483 ὅσα
1008 3432 1246 3500 ἐπήγετο
1275 3434 1506 3506 Ναρσῆς
1559 3445 2002 3514 στρατευόμενος

2117 3455 2380 3509 :onsulari
2439 3453 2707 3506 duntaxat
2777 3453 2984 3508 honore
3037 3452 3440 3516 adiciebantur,
3480 3462 3539 3508 et
3583 3451 3686 3506 im.-

423 3516 778 3620 ἐχειρώσατο,
834 3522 929 3575 καὶ
993 3523 1225 3588 πολλοὺς
1285 3528 1396 3582 τῶν
1449 3531 1508 3583 ἐν
1556 3533 1796 3603 Πέρσαις
1841 3557 2002 3609 περι-

2117 3546 2243 3600 )erii
2279 3545 2497 3615 insigne
2525 3559 2826 3613 purpuram
2858 3553 3072 3598 tantum
3104 3545 3415 3615 gestabant.

423 3611 627 3708 ιρανῶν.
671 3611 1074 3708 Ἀναρρωσθεὶς
1108 3615 1154 3669 δ’
1199 3620 1266 3672 ἐκ
1341 3620 1438 3673 τοῦ
1469 3624 1789 3694 τραύματος
1860 3632 1888 3684 6
1954 3611 2208 3708 Ναρσῆς,
2263 3611 2562 3706 πρεσϐείας
2615 3611 2754 3704 πρὸς
2801 3611 3183 3706 Διοκλητιανὺν
3250 3637 3345 3690 καὶ
3394 3638 3694 3707 Γαλλέριον.

421 3701 735 3803 ἐποιήσατο,
767 3705 894 3803 τοῦς
923 3709 1118 3774 παῖδας
1159 3712 1254 3766 καὶ¹
1295 3715 1398 3777 τὰς
1469 3722 1740 3786 γυναῖκας
1803 3701 2149 3800 ἀποδοθῆναι.
2199 3701 2349 3803 αὑτῶ
2399 3731 2588 3797 ἀξιῶν,
2654 3701 2750 3786 καὶ
2804 3701 3039 3795 σπονδάς
3123 3732 3314 3786 θέσθαι
3375 3701 3690 3803 εἰρηνικάς,

419 3793 533 3847 καὶ
579 3796 740 3869 ἔἰτυὶίειε
798 3800 900 3869 τῆς
948 3803 1249 3873 αἰτήσεως,
1295 3808 1499 3874 ἐκστάς
1547 3815 1662 3878 τοῖς
1737 3793 2044 3890 Ῥωμαίοις.
2070 3825 2211 3878 ὅσων
2271 3793 2583 3880 ἐϐούλοντο.-
2622 3826 2734 3880 Καὶ
2782 3825 2976 3888 ἄλλους
3016 3793 3074 3878 δέ
3141 3827 3370 3890 πολλοὺς
3411 3793 3700 3894 eiciamus}

419 3895 794 3991 κατώρθωσαν
850 3897 1235 3991 Διοκλητιανὸς
1289 3904 1384 3956 καὶ
1433 3905 1805 3978 Μαξιμιανὸς,
1868 3916 1995 3979 τοὺς
2039 3918 2140 3988 μὲν
2174 3919 2243 3973 δι’
2269 3920 2479 3973 ἑαυτῶν
2542 3919 2574 3988 ἢ
2606 3917 2716 3970 τῶν
2757 3920 3074 3991 Καισάρων.
3107 3919 3239 3982 τοὺς
3267 3918 3324 3970 δὲ
3359 3917 3446 3971 διὰ
3481 3931 3696 3986 στρῖτ“»

418 3989 590 4057 ηγῶν,
621 3989 864 4050 καὶτοὺς
899 3989 1061 4058 ὅρους
1096 3993 1194 4062 τῆς
1225 3992 1506 4062 βασιλείας
1536 4000 1868 4060 ἐπλάτυναν.
1935 4002 2033 4072 οἷς
2071 4009 2334 4080 ἐπαρθεὶς
2399 4013 2427 4062 ὁ
2457 4007 2837 4079 Διοκλητιανδς
2872 3989 2964 4061 καλ⁵
3001 4008 3142 4078 μέγα
3171 4009 3466 4078 φρονήσας,
3496 4007 3680 4060 οὐκέτι

419 4082 930 4153 προσαγορεύεσθαι
973 4085 1124 4156 παρὰ
1173 4089 1270 4160 τῆς
1357 4095 1660 4162 γερουσίας
1705 4097 1784 4158 ὡς
1839 4099 2033 4173 πρώην
2069 4103 2338 4176 ἠνείχετο,
2423 4104 2562 4158 ἀλλὰ
2624 4103 3049 4174 προσκυνεῖσθαι
3091 4103 3204 4175 (90)
3255 4103 3532 4170 ἐθέσπισε,
3584 4105 3693 4168 καὶι

419 4178 518 4240 τὰς
548 4177 783 4244 ἐσθῆτας
827 4179 1045 4246 ἑαυτοῦ,
1075 4183 1170 4236 καὶ
1210 4185 1281 4239 τὰ
1312 4185 1638 4260 ὑποδήματα
1668 4193 1854 4264 χρυσῷ
1892 4198 1988 4249 καὶ
2027 4197 2199 4260 λίθοις
2267 4201 2364 4254 καὶ
2431 4200 2745 4271 μαργάροις
2795 4200 3096 4268 ἐκόσμησε,
3127 4200 3223 4254 καὶ
3258 4199 3480 4253 πλείονα
3516 4201 3680 4253 πολυ-

416 4273 628 4367 τέλειαν
677 4276 812 4367 τοῖς
854 4273 1157 4367 βασιλικοῖς
1225 4285 1583 4354 παρασήμοις
1627 4287 1865 4345 ἐνέθετο.
1922 4293 1984 4345 Oi
2028 4294 2224 4367 πρώην
2285 4297 2394 4364 γὰρ
2427 4297 2668 4367 βασιλεῖς
2703 4295 2850 4349 κατὰ
2882 4295 3009 4359 τοὺς
3051 4295 3296 4358 ὑπάτους
3361 4296 3689 4366 τετίμηντο,

416 4366 510 4419 καὶ
541 4366 638 4436 τῆς
673 4364 952 4434 βασιλείας
991 4370 1324 4444 παράσημον
1371 4376 1536 4445 μόνον
1582 4376 1731 4453 εἶχον
1783 4364 2104 4457 πορφυροῦν
2137 4364 2510 4458 περιϐόλαιον.

485 4460 610 4516 AB’.
675 4461 784 4516 Τοῦ
831 4460 1074 4533 διωγμοῦ
1121 4465 1166 4519 δ’
1207 4468 1603 4540 ἐπιταθέντος,
1652 4476 1747 4529 καὶ
1802 4479 1994 4552 ἀναρι-

2170 4482 2388 4538 XXXII.
2421 4483 2814 4538 Persecutione
2857 4483 3148 4554 gliscente,
3173 4483 3421 4552 virisque
3459 4490 3517 4538 et
3560 4498 3682 4537 mu-.

416 4555 642 4627 θμήτων
669 4557 880 4629 ἀνδρῶν
905 4558 998 4610 καὶ
1021 4559 1303 4623 γυναικῶν
1336 4561 1480 4634 ὑπὲρ
1505 4563 1611 4636 τῆς
1637 4566 1718 4631 είς
1745 4569 1988 4638 Χριστὸν

2119 4572 2330 4628 ieribus
2353 4574 2664 4629 innumeris
2685 4589 2787 4644 pro
2810 4573 3017 4630 Christi
3043 4569 3395 4630 confessione
3426 4573 3687 4628 morienna

414 4647 703 4716 ὁμολογίας
741 4649 1105 4720 θνησκόντων,
1148 4653 1244 4707 καὶ
1270 4653 1382 4707 τῶν
1410 4657 1620 4711 πιστῶν
1647 4659 1729 4713 ἐτι
1761 4661 1993 4717 πλεονα-

2122 4666 2271 4730 ibus,
2329 4683 2456 4722 cum
2510 4666 2876 4722 nihilominus
2927 4682 3120 4738 magna
3178 4665 3423 4721 ﬁdelium
3482 4665 3674 4720 multi-

414 4737 638 4804 ζόντων,
674 4741 1004 4808 ἐκμανέντες
1045 4743 1094 4795 οἱ
1149 4742 1406 4816 τύραννοι
1435 4739 1583 4801 οὗτοι
1635 4751 1768 4819 περὶ
1814 4752 1878 4805 τὸ
1907 4754 1994 4807 ὲν-

2117 4757 2226 4812 udo
2253 4767 2569 4827 superesset
2599 4776 2613 4812 :
2642 4758 2700 4812 hi
2730 4758 2950 4830 tyranni
2981 4737 3086 4813 sub
3109 4774 3314 4812 annum
3341 4773 3429 4812 xxx
3457 4756 3683 4826 imperii,

413 4832 838 4886 νεακαιδέκατον
893 4833 1016 4897 ἔτος
1081 4834 1182 4904 τῆς
1244 4837 1631 4908 Διοκλητιανοῦ
1709 4842 1989 4913 βασιλείας

2117 4847 2442 4912 iiocletiani,
2496 4848 2679 4904 edicta
2737 4852 2936 4919 quovis
2999 4860 3275 4904 terrarum
3345 4849 3668 4909 mittebant.

413 4919 758 4990 θεσπίσματα
816 4923 1094 4994 πανταχοῦ
1139 4925 1535 4996 διεπέμψαντο,
1596 4930 1983 5003 καθαιρεῖσθαι

2125 4934 2288 4990 uibus
2338 4936 2586 4991 ecclesiae
2647 4935 3091 4993 Christianorum
3161 4936 3331 5002 dirui,
3379 4936 3504 4991 libri
3552 4951 3672 4991 cre-

413 5011 510 5063 καὶ
556 5013 1047 5070 κατασκάπτεσθαι
1096 5015 1194 5080 τὰς
1237 5017 1348 5073 τῶν
1395 5019 1739 5090 Χριστιανῶν
1782 5025 1986 5095 ἐκκλη-

2117 5027 2219 5080 tari
2247 5027 2606 5097 jubebantur,
2649 5038 2704 5084 et
2731 5030 3047 5084 sacerdotes
3073 5045 3287 5092 eorum,
3319 5038 3380 5082 ut
3408 5030 3678 5083 doctores

412 5104 536 5168 σίας
589 5105 919 5169 κελεύοντα,
973 5108 1194 5172 καὶτὰς
1267 5109 1488 5178 βίϐλους
1547 5112 1729 5166 αὐτῶν
1808 5132 1984 5169 κατα-

2117 5127 2137 5173 t
2166 5135 2452 5188 pra-cones
2483 5120 2632 5186 ﬁdei,
2675 5121 2974 5177 crudeliter
3000 5119 3259 5175 interﬁci.
3297 5119 3540 5174 Caeteros
3572 5119 3673 5187 qui.-

409 5194 684 5260 καίεσθαι,
714 5197 808 5250 καὶ
834 5199 961 5262 τοὺς
987 5199 1155 5270 ἱερεῖς
1180 5201 1360 5255 αὐτῶν
1385 5203 1462 5266 ὡς
1498 5203 1859 5269 διδασκάλους
1889 5209 1985 5261 καὶ

2125 5211 2575 5282 indignitatibus
2606 5213 2843 5281 przcdili,
2875 5222 2966 5266 aut
3023 5213 3078 5266 in
3135 5211 3388 5265 militiam
3439 5210 3669 5278 ascripti

409 5287 656 5359 κήρυκας
689 5293 787 5362 τῆς
819 5290 1057 5354 πίστεως
1083 5293 1428 5363 ἀσυμπαθῶς
1469 5297 1983 5365 προσαπόλλυσθαι.

2117 5312 2288 5369 ssent,
2320 5303 2682 5373 ignominiose
2727 5303 2853 5374 ejici
2913 5311 3079 5373 atque
3135 5303 3508 5358 exauctorari.
3545 5301 3669 5355 Pri‘

1641 5453 1843 5516 Varias
1870 5453 2184 5520 lectiones
2214 5465 2277 5520 et
2299 5466 2490 5520 notae.

478 5576 590 5647 (90)
623 5575 811 5654 _’A.1.i.d
839 5576 1365 5654 _Jtp90'xvrs7o‘0(tt:
1413 5577 1467 5631 Id
1495 5579 1704 5654 _ipsu_n_t
1746 5590 1974 5654 narrant

2121 5601 2148 5636 ν
2179 5601 2191 5637 :
2227 5582 2474 5638 Omnium
2501 5586 2704 5653 primus
2724 5592 2904 5639 extero
2946 5587 3052 5636 ritu
3093 5595 3141 5638 et
3189 5586 3331 5654 regio
3387 5601 3532 5638 more
3581 5587 3654 5637 in-

409 5646 707 5716 Eutropius
744 5646 924 5770 “cuius
948 5649 1306 5770 ἰηιειὲποιθιιι
1331 5647 1605 5702 Ρ.ιωιίυιη
1638 5649 1728 5703 hic
1760 5651 1972 5704 exscri-
2075 5655 2250 5708 stituit
2283 5646 2522 5718 adorari,
2543 5670 2659 5707 cum
2680 5670 2884 5724 semper
2927 5663 3086 5706 antea
3141 5656 3212 5706 ad
3246 5646 3660 5717 similitudinem

409 5721 535 5770 "sit.
566 5727 623 5770 ut
679 5717 750 5770 ali
797 5719 808 5770 i
861 5733 1025 5770 saepe.
1119 5716 1365 5770 onarasl.
1427 5719 1687 5770 Aurelius
1713 5719 1898 5770 Victor
1915 5730 1969 5770 et
2079 5725 2312 5770 iudicum
2350 5722 2616 5770 salutatos
2647 5725 2908 5770 nriucines
2938 5723 3239 5770 letter-imus-

407 5721 623 5795 psit,_u_l
679 5716 1025 5795 a_|ibi_;s;epe,
1077 5716 1382 5795 Zonaras),_
1427 5719 1687 5795 Aurelius
1713 5719 1969 5795 Victorct
2068 5725 2312 5795 judicum
2350 5716 2616 5778 salutatos
2647 5716 2908 5795 principes
2938 5723 3240 5794 legerimus.

407 5787 680 5854 Eusebius
706 5786 760 5848 in
789 5787 1084 5854 Chronico,
1123 5796 1286 5857 atque
1319 5786 1458 5847 adeo
1491 5787 1832 5855 Ammianus,
1867 5789 1964 5850 lib.
