4026 6416
306 398 444 456 1087
1384 447 1396 456 ,
1575 388 1897 451 ΙΟΑΝΝΙΞ
1934 387 2257 449 ΖΟΝᾹΒᾸΞ
3418 385 3557 451 1088

302 525 441 566 ratae
470 524 601 564 vero
632 507 971 563 conditionis
1010 504 1289 568 homines,
1322 505 1377 558 in
1409 504 1731 559 servitutem
1764 502 1881 573 rapi

2005 505 2128 566 [οὺς
2172 502 2223 557 δ’
2262 502 2439 558 ἄλλων
2476 502 2602 565 τοὺς
2651 502 2832 569 ἀξίαις
2869 501 2903 573 ἢ
2953 500 3267 572 στρατείαις
3315 503 3564 555 κατειλε-

302 622 372 660 1x
399 618 544 670 anno
584 602 796 670 imperii
843 599 1177 655 Diocletiani
1224 607 1444 663 exacto,
1491 598 1652 652 ambo
1704 598 1880 663 impe-

2005 596 2215 665 ’μένους
2267 595 2480 664 ἀτίμως
2536 593 2920 660 ἐξελαύνεσθαι
2963 594 3056 646 καὶ
3106 596 3206 661 τῆς
3262 594 3419 659 ἀξίας
3466 593 3563 646 καὶ⁵

296 669 531 751 ι·ειιοι·ιιε⁵
572 693 1064 750 consentientibus
1110 690 1313 745 animis
1351 690 1586 759 imperio
1626 704 1685 744 se
1730 688 1884 742 abdi-

2005 688 2085 757 τῆς
2146 686 2471 757 στρατείας,
2539 687 2667 749 τοὺς
2729 686 2787 739 δὲ
2864 684 3036 755 τύχης
3107 684 3367 749 ἰδιώτιδος
3450 686 3562 755 (91)

304 796 525 851 carunt,
563 787 784 857 publice
832 784 1180 854 profitentes,
1229 798 1288 838 se
1349 783 1480 835 moli
1532 781 1882 851 negotiou'um

2005 781 2143 842 ivra;
2217 777 2561 833 δουλοῦσθαι.
2626 778 2765 847 Ἤδη
2831 777 2889 830 δὲ
2958 778 3202 831 εἰκοστὸν
3268 777 3566 841 ἀνύσαντος

308 879 721 935 succumbere:
756 880 851 932 sed
892 876 1035 945 apud
1069 889 1167 928 eos
1202 873 1405 942 quibus
1444 887 1638 926 arcana
1676 871 1759 925 sui
1793 886 1885 939 pe-

310 972 481 1026 ctoris
503 970 822 1034 credebant,
855 969 905 1024 id
947 984 1013 1022 ex
1037 967 1420 1036 desperatione
1445 964 1628 1019 facere
1661 981 1718 1018 se
1747 964 1888 1019 fate-

312 1062 535 1118 bantur.
570 1062 708 1129 Quia
748 1062 895 1116 enim
947 1076 1051 1115 nec
1093 1057 1439 1115 Christianos
1476 1070 1738 1125 superare
1786 1068 1889 1109 nec

309 1156 646 1223 paeonium
669 1154 969 1210 Christiani
998 1152 1238 1207 nominis
1263 1151 1618 1218 exstinguere
1638 1154 1887 1216 possent,

310 1260 371 1299 se
413 1261 517 1300 nec
583 1244 822 1314 imperio
893 1244 1035 1298 velle
1104 1242 1235 1297 frui.
1286 1240 1424 1297 Cum
1484 1249 1668 1293 autem
1722 1237 1888 1291 ambo

309 1334 505 1388 eodem
549 1334 640 1389 die
667 1334 902 1403 imperio
932 1349 991 1388 se
1030 1348 1097 1386 ex
1154 1331 1464 1401 composito
1512 1328 1886 1391 abdicassent,

310 1426 683 1482 Diocletianus
745 1425 1102 1490 Nicomediae,
1146 1425 1511 1479 Maximianus
1551 1421 1886 1477 Mediolani:

313 1518 407 1572 ille
464 1516 688 1571 Salonis
733 1516 787 1571 in
841 1517 1130 1579 Dalmatia.
1163 1531 1304 1586 quas
1345 1515 1581 1586 patriam
1627 1513 1888 1577 habebat,

1984 869 2237 924 ἐνιαυτὸν
2298 868 2687 936 Διοκλητιανοῦ
2747 868 2904 937 παρὰ
2953 871 3021 938 τῇ
3085 871 3249 939 ἀρχῇ,
3306 871 3371 923 ὲκ
3427 887 3568 939 συμ-

1986 964 2164 1031 φώνου
2207 960 2375 1030 ἄμφω
2431 958 2510 1012 τὼ
2560 960 2933 1032 αὐτοκράτορε
2982 961 3081 1032 τὴν
3138 962 3415 1031 βασιλείαν
3464 965 3555 1016 ἀπ-

1988 1055 2209 1119 έθεντο,
2261 1054 2499 1124 δημοσίᾳ
2556 1052 2654 1123 μὲν
2720 1054 2813 1106 τὸν
2865 1052 3021 1119 ὄχλον
3053 1054 3163 1107 τῶν
3226 1055 3569 1124 πραγμάτων

1986 1143 2461 1208 ἀποσκευάζεσθαι
2502 1144 2754 1213 λέγοντες
2783 1160 2798 1175 ·
2839 1139 2923 1208 οἷς
2949 1144 3005 1197 δὲ
3054 1144 3122 1198 τά
3177 1145 3282 1213 τῆς
3335 1145 3571 1214 καρδίας

1988 1236 2356 1301 ὲξεκάλυπτον
2388 1235 2599 1305 κρύφια
2649 1235 2710 1300 ἐξ
2748 1235 3010 1299 ἀπονοίας
3061 1235 3376 1306 ὡμολόγουν
3433 1238 3571 1290 ἀπο-

1986 1327 2232 1381 τίθεσθαι
2256 1325 2355 1398 τὴν
2391 1326 2589 1397 ἀρχὴν,
2615 1327 2699 1379 ὅτι
2743 1325 2818 1397 μὴ
2864 1326 3256 1397 περιγενέσθαι
3298 1329 3566 1397 Χριστια-

1988 1421 2094 1473 νῶν
2144 1419 2512 1490 ἠδυνήθησαν,
2550 1419 2677 1489 μηδ’
2714 1419 3020 1473 ἀποσϐέσαι
3067 1420 3128 1473 τὸ
3160 1421 3565 1491 Χριστὼνυμον

1989 1511 2443 1583 κήρυγμα,,μηδὲ
2476 1511 2574 1579 τῆς
2606 1510 2888 1580 βασιλείας
2937 1511 3237 1566 ἀπολαύειν
3294 1514 3568 1584 αἱρούμε-

313 1608 405 1661 hic
440 1608 493 1661 in
527 1607 767 1662 Lucania
798 1608 961 1662 vitam
1012 1608 1141 1678 egit.
1195 1607 1358 1662 Prius
1392 1616 1573 1661 tamen
1598 1591 1673 1660 de
1705 1604 1891 1659 Persis

2005 1621 2095 1658 θοι.
2146 1604 2502 1672 ’Δποθὲμενοι
2559 1604 2615 1656 δὲ
2663 1604 2760 1674 τὴν
2821 1603 2997 1672 ἀρχὴν
3046 1606 3189 1658 κατά
3244 1605 3344 1673 τὴν
3392 1606 3573 1675 αὐτὴν

316 1701 502 1755 Romae
574 1700 1011 1768 triumpharunt,
1087 1700 1143 1753 in
1204 1714 1316 1768 quo
1366 1697 1649 1765 triumpho
1702 1694 1894 1750 Narsis

2005 1694 2211 1765 ἡμέραν
2245 1696 2309 1748 ὲκ
2362 1695 2734 1765 συνθήματος,
2765 1697 2792 1748 ὁ
2826 1696 2925 1764 μὲν
2961 1698 3017 1749 ἐν
3053 1696 3394 1765 Νικομηδεία
3435 1696 3574 1764 (92),

316 1805 541 1850 uxores,
589 1789 797 1843 liberos
844 1799 901 1843 et
955 1803 1200 1851 sorores,
1249 1789 1597 1855 aliarumque
1641 1784 1891 1854 gentium

2005 1788 2110 1841 Βδὲ
2148 1787 2492 1854 Μαξιμιανδς
2530 1789 2587 1840 ὲν
2618 1787 2958 1855 Μεδιολάνῳ,
3002 1789 3099 1841 καὶ
3139 1787 3575 1851 ἰδιωτεύσαντες

316 1880 488 1936 duces
515 1879 813 1944 duxerunt,
840 1894 1143 1949 omnesque
1186 1879 1410 1934 divitias
1457 1894 1523 1933 ex
1576 1878 1762 1932 Persia
1798 1892 1896 1945 ap-

2005 1853 2382 1948 Διοκλητιανὸς
2438 1879 2534 1947 μὲν
2580 1880 2641 1931 ὲν
2677 1853 3092 1932 Σάλωνι-πόλει
3132 1880 3231 1946 τῆς
3262 1881 3578 1950 Δαλματίας

317 1979 585 2039 portatas.
618 1971 769 2025 Haud
804 1987 937 2025 vero
971 1972 1074 2026 abs
1116 1987 1174 2026 re
1205 1970 1375 2025 fuerit
1412 1968 1699 2036 explicari,
1743 1968 1892 2021 unde

2005 1970 2207 2038 διῆγεν,
2239 1969 2362 2038 ἥτις
2419 1964 2487 2037 ῆν
2519 1968 2686 2020 αὐτοῦ
2723 1968 2816 2020 καὶ
2862 1967 3084 2037 πατρὶς,
3114 1968 3141 2020 ὁ
3168 1968 3215 2020 δ’
3257 1969 3578 2039 Ἐρκούλιος

319 2061 585 2131 triumphi
638 2077 837 2115 nomen
889 2073 1172 2131 sumptum
1213 2062 1304 2122 sit,
1357 2076 1422 2115 ac
1485 2062 1538 2114 id
1596 2060 1819 2128 quidem
1866 2074 1897 2113 a

2005 2063 2056 2113 ὲν
2079 2062 2377 2129 Λουκανία.
2408 2059 2518 2128 Πρὸ
2539 2059 2595 2111 δὲ
2630 2058 2733 2128 τῆς
2765 2060 3082 2121 ἀποθέσεως
3112 2059 3214 2129 τῆς
3268 2062 3447 2131 ἀρχῆς
3484 2064 3578 2116 τὺν

329 2154 540 2219 Thriis,
600 2169 724 2223 qua:
784 2155 983 2209 ficulna
1038 2155 1168 2208 folia
1219 2164 1370 2219 sunt,
1424 2152 1629 2207 factum
1681 2158 1896 2221 putant.

325 2245 653 2315 Priusquam
710 2250 858 2300 enim
903 2261 1170 2315 personas
1215 2244 1419 2300 scenici
1470 2246 1897 2315 excogitassent,

324 2336 542 2392 ficulnis
572 2337 722 2391 foliis
763 2338 935 2392 facies
985 2338 1168 2401 velati,
1207 2338 1437 2391 dicteria
1466 2336 1722 2391 versibus
1763 2338 1901 2389 iam-

322 2429 464 2485 bicis
490 2429 866 2500 proferebant.
899 2431 1160 2484 Eamdem
1203 2439 1259 2484 et
1308 2429 1514 2484 milites
1557 2428 1610 2481 in
1651 2428 1900 2483 victoria:

324 2519 627 2576 festivitate
650 2523 927 2577 licentiam
953 2522 1146 2577 eodem
1169 2532 1365 2577 ornatu
1396 2522 1452 2577 in
1480 2522 1716 2576 victores
1745 2537 1904 2576 usuro

324 2613 549 2683 pabant,
570 2622 736 2684 atque
756 2615 885 2669 hinc
905 2614 1186 2684 triumpho
1218 2629 1418 2668 nomen
1440 2630 1560 2669 esse
1580 2613 1780 2667 factum
1800 2628 1903 2665 an-

327 2714 556 2758 tumant.
587 2705 692 2760 Alii
726 2721 856 2760 vero
886 2722 953 2760 ex
982 2721 1069 2769 eo,
1096 2705 1239 2775 quod
1264 2706 1443 2760 tribus
1460 2715 1675 2760 constet
1696 2704 1906 2759 ordini-

327 2794 451 2860 bus,
479 2797 871 2868 senatu,653
894 2798 1116 2867 populo,
1134 2807 1191 2852 et
1205 2798 1495 2862 militibus,
1520 2813 1626 2852 una
1647 2796 1905 2852 inceden-

326 2884 499 2950 tibus,
533 2886 843 2942 litterarum
878 2889 933 2943 in
954 2887 1145 2943 Grzeco
1169 2890 1437 2944 vocabulo
1468 2889 1734 2960 Θρίαμϐος
1768 2905 1906 2944 non-

1999 2153 2090 2204 ἐπὶ
2134 2154 2199 2222 τῇ
2230 2151 2355 2220 νίκῃ
2405 2150 2515 2202 τῶν
2574 2150 2799 2223 Περσῶν
2826 2152 3249 2221 ,ἐπανελθόντες
3279 2154 3337 2204 ὲν
3380 2152 3574 2227 Ῥώμῃ

2000 2245 2318 2311 κατήγαγον
2352 2242 2645 2311 θρίαμϐον,
2687 2244 2744 2293 ὲν
2775 2234 2819 2309 ᾧ
2849 2242 2946 2304 τάς
2974 2260 3032 2294 τε
3068 2242 3162 2295 τοῦ
3207 2244 3433 2314 Ναρσοῦ
3477 2262 3582 2313 γα-

2005 2334 2173 2405 μετὰς
2198 2336 2293 2387 καὶ
2320 2335 2389 2387 τά
2426 2334 2593 2387 τέκνα
2639 2335 2732 2385 καὶ
2762 2333 2863 2396 τὰς
2907 2334 3214 2404 ὁμαίμονας
3247 2335 3585 2407 ἐθριάμϐευ-

2003 2445 2123 2493 σαν,
2172 2428 2266 2481 καὶ
2310 2428 2590 2497 ἀρχηγοὺς
2622 2428 2823 2496 ἐτέρων
2867 2428 3058 2491 ἐθνῶν,
3108 2428 3323 2481 καὶτὸν
3352 2429 3584 2482 πλοῦτον

2001 2519 2140 2573 ὅσων
2172 2520 2236 2571 ἐκ
2277 2519 2501 2587 Περσῶν
2531 2519 2834 2589 ἐληῖσαντο.
2877 2519 3015 2571 ’Δλλ⁹
3049 2518 3285 2572 ἐνταῦθα
3332 2519 3582 2591 δηλωθῆ-

2003 2628 2093 2662 ναι
2141 2610 2326 2673 καλὸν,
2364 2610 2488 2662 ὅθεν
2543 2611 2635 2664 καὶ
2674 2611 2734 2663 τὸ
2792 2610 2886 2663 τοῦ
2941 2610 3210 2681 θριάμϐου
3264 2611 3585 2682 ὲξείληπται

2003 2698 2194 2767 ὄνομα.
2223 2700 2392 2750 Φασὶν
2418 2695 2513 2752 οὖν
2536 2698 2808 2768 κληθῆναι
2839 2698 3033 2751 τοῦτον
3075 2700 3139 2751 ὲκ
3182 2698 3291 2752 τῶν
3326 2700 3514 2771 θρίων,
3550 2703 3586 2755 ἆ

2005 2791 2121 2843 ἐστι
2159 2790 2227 2843 τὰ
2260 2791 2359 2859 τῆς
2414 2791 2584 2860 συκῆς
2630 2791 2824 2858 φύλλα.
2870 2792 2982 2862 Πρὸ
3031 2791 3143 2862 γὰρ
3174 2791 3269 2845 τοῦ
3309 2794 3378 2846 τὰ
3415 2810 3588 2863 προσ·-

2004 2885 2183 2937 ωπεῖα
2212 2882 2564 2953 ἐπινοηθῆναι
2593 2887 2703 2946 τοῖς
2736 2886 3037 2955 σκηνικοῖς,
3062 2886 3234 2954 συκῆς
3261 2885 3484 2955 φύλλοις
3508 2888 3579 2940 τΞι

326 2976 477 3032 nulla
526 2980 829 3034 mutatione
870 2979 1034 3036 iacta.
1074 2981 1153 3035 Ea
1195 2981 1375 3049 agitur
1408 2980 1655 3036 victoriae
1692 2981 1903 3036 festivi-

2006 2974 2216 3028 ἑαυτῶν
2241 2974 2608 3038 καλύπτοντες
2634 2976 2927 3044 πρόσωπα,
2946 2977 3021 3029 δι’
3046 2976 3262 3045 ἰάμϐων
3296 2977 3580 3032 ἐποιοῦντο

331 3075 440 3122 tate
472 3080 693 3137 peracta
724 3072 1132 3141 imperatoriam
1182 3083 1507 3143 potestatem
1560 3075 1615 3128 in
1664 3073 1903 3131 Caesares

2010 3065 2082 3121 τὰ
2116 3065 2459 3137 σκώμματα⁶
2495 3069 2589 3121 καὶ
2622 3070 2671 3120 οἱ
2704 3069 3036 3137 στρατιῶται
3066 3070 3123 3123 δὲ
3161 3071 3220 3124 ὲν
3251 3072 3373 3134 ταῖς
3402 3073 3579 3124 ἐπινι-

330 3162 750 3227 transtulerunt,
779 3173 834 3217 et
863 3164 1049 3233 partiti
1076 3165 1394 3234 imperium,
1420 3165 1749 3221 Orientalem
1781 3183 1903 3237 par-

2010 3161 2150 3220 κίοις
2182 3163 2431 3230 πομπαῖς
2461 3160 2636 3229 φύλλα
2670 3161 2843 3231 συκῆς
2880 3164 2998 3224 ταῖς
3035 3163 3248 3216 ἑαυτῶν
3284 3163 3576 3231 ἐπάγοντες

329 3262 440 3307 tem
469 3269 576 3308 una
616 3270 743 3309 eum
795 3256 1011 3325 Illyrico
1043 3258 1284 3312 Gallerio
1327 3258 1623 3313 Maximino
1657 3260 1907 3329 assigna-

330 3356 464 3401 runt
495 3362 508 3399 :
538 3343 867 3401 Constantio
896 3347 1100 3403 Chloro
1151 3349 1463 3418 provincias
1511 3351 1903 3416 occidentales,

330 3451 439 3490 una
465 3450 588 3489 cum
615 3434 797 3491 Africa
825 3439 1221 3493 attribuerunt.
1257 3440 1353 3494 His
1375 3440 1448 3494 ita
1473 3442 1663 3510 gestis,
1703 3442 1907 3496 milites

330 3524 650 3589 praetoriani
698 3524 871 3578 filium
905 3525 1148 3580 Herculii
1204 3528 1515 3583 Maximiani
1568 3530 1906 3584 Maxentium

329 3613 519 3668 Romae
566 3615 961 3684 imperatorem
1020 3618 1392 3673 declararunt.
1458 3622 1537 3675 Ex
1586 3621 1673 3677 his
1731 3624 1908 3679 tribus

331 3705 520 3775 igitur,
543 3706 900 3764 Constantius
923 3710 977 3763 in
1003 3710 1321 3775 Britanniis,
1357 3711 1555 3768 Cottiis
1589 3714 1817 3783 Alpibus
1856 3724 1911 3770 et

330 3795 522 3854 Galliis
564 3797 871 3865 dominans,
907 3802 1108 3858 Christi
1152 3806 1402 3859 cultores
1439 3807 1742 3862 admodum
1794 3809 1910 3863 cle-

331 3897 549 3944 menter
572 3893 851 3955 tractavit,
875 3903 1039 3965 atque
1064 3896 1203 3950 adeo
1232 3898 1484 3953 subditos
1514 3915 1646 3954 suos
1672 3916 1866 3955 omnes
1891 3917 1906 3955 :

333 3989 392 4034 et
419 3983 667 4050 pecunia:
695 3995 1043 4056 contemptor
1073 3987 1193 4043 fuit.
1222 3989 1327 4044 Sed
1354 3990 1684 4048 Maximinus
1707 3992 1909 4047 0rien«

337 4070 408 4124 tis
430 4071 749 4141 imperator,
772 4083 886 4129 tum
908 4076 1254 4133 Christianos
1281 4084 1550 4136 acerrime
1588 4092 1912 4151 persecutus

322 4166 443 4222 est,
488 4168 605 4213 tum
646 4163 860 4218 caeteris
913 4165 1152 4220 subditis
1193 4169 1548 4236 gravissimus
1593 4169 1714 4224 fuit.
1774 4170 1910 4225 Nam

339 4264 466 4304 cum
511 4252 745 4309 libidine
784 4256 1024 4321 arderet,
1067 4273 1132 4312 ac
1181 4275 1434 4314 summus
1477 4260 1694 4315 adulter
1726 4272 1908 4317 esset:

338 4355 450 4394 non
478 4342 703 4410 privata:
725 4347 1064 4401 conditionis
1096 4348 1274 4402 solum
1308 4350 1573 4404 mulieres
1614 4352 1680 4405 ad
1720 4361 1911 4421 stupra

339 4431 607 4498 rapiebat,
643 4437 739 4490 sed
765 4438 932 4491 etiam
979 4438 1276 4493 illustrium
1320 4441 1564 4511 virorum
1593 4443 1853 4513 coniuges
1880 4459 1911 4498 a

2005 3252 2216 3322 ὄψεσιν,
2244 3254 2322 3315 εἰς
2347 3252 2473 3314 τοὺς
2503 3252 2599 3315 τὰς
2628 3254 2851 3322 πομπὰς
2876 3253 3166 3317 ποιοῦντας
3196 3256 3580 3308 ἀπέσκωπτον*

2008 3344 2306 3398 κάντεῦθεν
2354 3345 2724 3415 ὀνομασθῆναι
2784 3348 3066 3416 νομίζεται
3127 3348 3434 3419 θριάμϐους
3483 3349 3583 3411 τάς

2008 3433 2312 3496 ἐπινικίους
2360 3435 2609 3504 πομπάς.
2644 3435 2862 3505 Ἐτεροι
2901 3436 2958 3489 δέ
2996 3454 3161 3506 φασιν
3215 3439 3589 3508 ὀνομασθῆναι

2007 3524 2099 3576 τὸν
2149 3522 2442 3594 θρίαμϐον,
2479 3526 2561 3577 ὅτι
2600 3527 2665 3578 ὲκ
2708 3527 2881 3594 τριῶν
2930 3527 2981 3579 οἱ
3030 3527 3129 3599 τὴν
3174 3528 3402 3601 πομπὴν
3444 3529 3583 3599 πλη.

2011 3613 2233 3684 ροῦντες
2260 3614 2583 3668 συνίσταντο
2611 3615 2841 3682 τάξεων,
2865 3614 2959 3669 τοῦ
2989 3618 3184 3687 δήμου.
3208 3617 3308 3687 τῆς
3342 3619 3589 3688 συγκλή-

2007 3722 2125 3771 του,
2165 3706 2260 3759 καὶ
2294 3706 2402 3758 τῶν
2433 3708 2808 3775 στρατιωτῶν,
2835 3709 2931 3759 καὶ
2960 3709 3025 3761 ὲκ
3063 3707 3161 3761 τοῦ
3195 3708 3403 3778 βαίνειν
3447 3711 3586 3780 ὁμοῦ

2010 3795 2110 3858 τὰς
2167 3794 2351 3859 τάξεις
2413 3796 2514 3859 τάς
2569 3798 2743 3865 τρεῖς,
2799 3795 3071 3866 τρίαμϐόν
3122 3816 3246 3853 τινα
3300 3800 3591 3871 κληθῆναι,

2010 3887 2132 3939 ἀντὶ
2177 3886 2234 3938 δὲ
2278 3884 2371 3939 τοῦ
2404 3903 2457 3952 τ,
2493 3887 2554 3940 τὸ
2597 3887 2625 3940 θ
2661 3889 3090 3961 παραληφθῆναι
3141 3890 3229 3943 διά
3261 3891 3322 3944 τὸ
3350 3892 3595 3960 εύφωνὸ·

2010 3995 2187 4048 τερον.
2215 3980 2369 4033 Μετά
2415 3978 2473 4031 δὲ
2503 3979 2603 4049 τὴν
2628 3980 2894 4034 ἐπινίκιον
2924 3981 3133 4052 ταύτην
3182 3983 3413 4054 πομπὴν
3440 3986 3591 4037 ἐκεῖ·

2013 4088 2095 4124 νοι
2131 4070 2232 4139 μὲν
2262 4071 2361 4139 τῆς
2405 4070 2654 4135 ἐξουσίας
2684 4072 3027 4144 ἀπέστησαν,
3056 4075 3185 4137 τοὺς
3220 4075 3508 4146 Καίσαρας
3545 4059 3594 4130 δὂ

2013 4163 2295 4228 ἀνέδειξαν
2363 4166 2801 4239 αὐτοκράτορας,
2853 4167 3178 4239 μερίσαντες
3244 4169 3428 4232 αὐτοῖς
3488 4171 3594 4241 τὴν

2013 4254 2207 4325 ἀρχὴν,
2248 4257 2343 4310 καὶ
2396 4257 2496 4328 τὴν
2554 4258 2655 4325 μὲν
2697 4256 2874 4328 Ἐᾡαν
2932 4260 3126 4329 μοῖραν
3181 4258 3260 4329 τῷ
3313 4258 3593 4332 Γαλλερίῳ

2014 4346 2546 4417 προσκληρὼσαντες
2576 4350 2871 4420 Μαξιμίνῳ
2909 4349 3007 4403 σὺν
3043 4348 3123 4421 τῷ
3166 4350 3477 4421 Ἰλλυρικῷ,
3512 4352 3593 4422 τῷ

2014 4437 2229 4508 Χλωρῷ
2286 4438 2342 4490 δὲ
2372 4439 2692 4493 Κώνσταντι
2726 4440 3156 4510 προσνείμαντες
3199 4442 3270 4495 τά
3324 4443 3593 4514 Ἐσπέρια

337 4525 552 4579 maritis
574 4542 671 4595 per
697 4527 803 4581 vim
819 4532 1056 4594 avulsas,
1073 4532 1290 4601 expleta
1315 4531 1548 4586 libidine
1571 4548 1670 4587 sua
1691 4533 1903 4603 domum

2023 4532 2122 4582 σὺν
2172 4532 2241 4599 τῇ
2304 4530 2570 4603 ’Δφρικῇ.
2605 4532 2826 4586 Τούτων
2877 4532 2936 4586 δὲ
2979 4532 3123 4589 οὕτω
3171 4535 3497 4603 γεγονότων,
3543 4535 3593 4587 οἱ

341 4616 692 4671 remittebat:
728 4619 1167 4676 divinationibus
1211 4623 1351 4677 adeo
1391 4622 1638 4687 deditus,
1684 4634 1746 4679 ut
1796 4625 1914 4679 nul-

339 4704 449 4757 lam
486 4721 601 4760 rem
625 4708 907 4764 minimam
930 4712 995 4765 iis
1027 4713 1352 4767 inconsultis
1380 4717 1712 4783 susciperet,
1741 4723 1798 4770 et
1823 4733 1913 4771 ar-

338 4810 603 4851 canorum
646 4800 864 4854 illorum
913 4805 1287 4871 patratoribus
1341 4806 1611 4861 honorem
1657 4807 1911 4863 haberet.

338 4886 440 4941 Hic
467 4889 589 4957 pios
630 4890 880 4947 homines
922 4893 989 4946 ad
1034 4894 1464 4950 internecionem
1505 4898 1912 4966 condemnavit,

338 4994 645 5049 eorumque
668 4980 957 5038 facultates
981 4986 1302 5053 publicavit,
1340 4989 1495 5043 nullo
1535 4990 1645 5043 alio
1681 4991 1916 5048 crimine

342 5071 650 5129 insontibus
674 5076 912 5145 objecto,
946 5088 1312 5148 praeterquam
1358 5080 1453 5134 Dei
1494 5080 1813 5149 cognitione
1857 5091 1914 5138 et

342 5161 449 5220 ﬁde
478 5168 531 5220 in
561 5167 866 5223 Christum.

2022 4621 2378 4693 στρατιῶται,
2407 4623 2457 4677 οἳ
2506 4625 2907 4693 πραιτωριανοὶ
2960 4625 3276 4692 ἐκαλοῦντο,
3324 4627 3417 4681 τὸν
3475 4627 3593 4680 υἱὸν

2019 4715 2115 4767 τοῦ
2154 4716 2470 4783 Ἐρκουλίου
2503 4717 2851 4787 Μαξιμιανοῦ
2880 4719 2972 4773 τὸν
3011 4720 3322 4787 Μαξέντιον
3364 4722 3590 4790 βασιλέα

2015 4806 2074 4859 ἐν
2123 4809 2190 4877 τῇ
2236 4806 2425 4878 Ῥώμῃ
2462 4808 2708 4862 ἀνεῖπον.
2752 4810 2848 4862 Ἐκ
2889 4811 3071 4866 τοίνυν
3117 4813 3226 4865 τῶν
3268 4813 3436 4884 τριῶν
3466 4814 3594 4867 τού-

2011 4914 2121 4950 των
2161 4900 2189 4951 6
2217 4898 2318 4967 μὲν
2353 4899 2619 4964 Κώνστας
2665 4903 2722 4954 ἐν
2764 4902 3115 4971 Βρεττανίαις
3151 4905 3247 4958 καὶ
3280 4909 3402 4968 ταῖς
3458 4908 3599 4961 Κοτ-

2012 4990 2156 5055 τίαις
2194 4993 2423 5045 ’Ἄλπεσι
2449 4994 2545 5047 καὶ
2583 4997 2704 5059 ταῖς
2751 4996 3009 5059 Γαλλίαις
3065 5000 3304 5067 κρατῶν,
3339 5001 3455 5063 τοῖς
3500 5001 3595 5055 τὸν

2015 5084 2257 5153 Χριστὸν
2307 5085 2628 5155 σεϐομένοις
2677 5088 2820 5158 μάλα
2872 5090 3129 5155 ἐπιεικῶς
3189 5093 3595 5162 προσεφέρετο,

2015 5176 2154 5229 ἀλλά
2184 5176 2370 5247 μέντοι
2400 5178 2497 5231 καὶ
2526 5181 2661 5233 πᾶσι
2684 5184 2796 5245 τοῖς
2830 5181 2922 5234 ὑπ’
2951 5182 3138 5249 αὐτὸν,
3158 5182 3254 5236 καὶ
3278 5182 3597 5258 ὑπερόπτης

1519 5353 1717 5415 Variaa
1746 5352 2056 5417 lectiones
2089 5362 2149 5417 et
2183 5364 2368 5420 notae.

417 5520 529 5589 (9|)
565 5521 710 5587 Τοὺς
743 5520 811 5572 δὲ
871 5521 1058 5589 τύχης
1108 5523 1417 5585 ἰδιώτιδος.
1472 5523 1767 5587 Eusebius,
1806 5525 1907 5580 lib.

344 5596 463 5665 Vlil,
492 5607 612 5659 cap.
634 5592 668 5644 ‘2
701 5609 715 5644 :
742 5591 880 5652 Τοὺς
900 5591 956 5643 δὲ
978 5594 1037 5643 ἐν
1073 5593 1335 5655 οίκετίαις
1356 5593 1671 5665 ἐλευθερίας
1698 5598 1909 5665 στερεῖ-

350 5660 531 5807 fciam
573 5729 674 5781 Ἐν
706 5729 1101 5807 Ννκιηεῃδεζςι.Δ
1124 5734 1222 5790 Ubi
1256 5734 1453 5807 palatia
1478 5742 1915 5807 construxerant

351 5800 712 5858 imperatores
729 5809 855 5853 ante
878 5800 1300 5869 Dioclctiauum,
1320 5814 1380 5857 ut
1400 5804 1604 5860 indicat
1629 5806 1910 5871 Socrates,

2019 5525 2158 5580 lib.|
2197 5525 2337 5589 Hist,
2368 5525 2495 5591 θεοί,
2528 5540 2629 5593 cap
2698 5524 2752 5578 6.
2810 5524 2949 5580 Vide
2992 5534 3238 5578 nostram
3286 5523 3604 5578 Constanti-

2015 5596 2251 5665 nopolim
2284 5597 2381 5650 lib.
2408 5612 2480 5654 Iv,
2517 5605 2659 5665 sect.
2694 5595 2779 5657 15,
2807 5611 2864 5649 n.
2892 5598 2945 5665 4-,
2982 5595 3141 5648 Aliud
3172 5595 3430 5665 palatium
3456 5609 3602 5665 prae-

2017 5664 2167 5719 terea
2200 5665 2532 5719 Nicomedia:
2562 5664 2857 5720 aedificavit
2906 5664 3305 5721 Constantinus
3356 5664 3595 5719 lleraclii

2018 5735 2182 5789 filius.
2217 5735 2444 5805 Niceph.
2471 5734 2577 5800 ΟΡ,
