4026 6406
429 373 563 437 1039
1668 370 2011 435 ANNALIU

2111 377 2259 438 LIB.
2298 377 2440 441 xu.
2486 413 2495 423 -
2574 441 2593 461 ,
3536 381 3675 446 1090

424 488 729 558 χρημάτων
758 487 1042 557 ἐτύγχανε·
1077 486 1382 558 Μαιξιμῖντς
1406 485 1461 538 es
1491 486 1590 555 τῆς
1632 484 1801 555 Ἐᾠας
1835 484 2039 555 ἄρχων,
2079 487 2177 539 καὶ
2219 491 2359 543 κατά
2378 491 2719 561 Χριστιανῶν
2739 490 2981 562 διωγμδν
3004 493 3294 562 κεκίνηκεν
3335 495 3679 567 ἐπαχθέστα-

423 599 534 646 τον,
570 581 807 641 καὶτοῖς
835 579 1015 643 ἄλλοις
1058 580 1168 632 τῶν
1212 579 1470 649 ὑπηκόων
1530 578 1811 651 βαρύτατα
1880 580 2278 651 προσεφέρετο.
2347 583 2387 636 Γ
2391 586 2920 654 υναικομανέστατος
2949 588 3060 656 γὰρ
3127 588 3224 641 καὶ
3278 588 3677 659 μοιχικῶτατος

422 677 519 739 ὢν,
550 675 651 726 οὐκ
679 672 955 737 ίδιώτιδας
1012 675 1172 745 μόνον
1223 677 1488 743 γυναῖκας
1538 673 1781 737 ἀκούσας
1861 672 2160 743 ἐλάμϐανε,
2224 678 2321 731 καὶ
2380 677 2589 739 ταύτας
2668 680 2983 750 ἐμοίχευεν,
3032 681 3170 735 ἀλλά
3222 684 3319 736 καὶ
3394 684 3490 745 τὰς
3568 682 3678 735 τῶν

425 769 745 836 περιφανῶν
771 768 983 837 ἀνδρῶν
1018 769 1290 838 γαμετὰς,
1330 769 1422 841 βίᾳ
1450 768 1559 821 τῶν
1629 767 1841 839 ἀνδρῶν
1880 768 2170 832 ἀποσπῶν,
2230 771 2326 822 καὶ
2384 771 2690 842 ἐνυϐρίζων
2758 774 2954 837 αὐταῖς
2988 772 3162 835 οὓτως
3194 774 3331 843 πρὸς
3355 776 3481 837 τοὺς
3515 774 3678 827 ἰδίους

423 863 629 925 ταύτας
685 862 976 926 συνεύνους
1042 864 1355 934 ἀνέπεμπε.
1431 864 1731 927 Μαντείαις
1787 864 1833 916 δ’
1892 860 1961 933 ἦν
2001 864 2361 933 προεσχηκὼς
2417 866 2696 927 τοσοῦτον,
2765 867 2841 929 ὡς
2898 866 3034 935 μηδὲ
3084 866 3436 935 τούλάχιστον
3504 870 3680 919 ποιεῖν

427 953 556 1008 ἄνευ
589 955 885 1022 μαντειῶν,
923 955 1018 1006 καὶ
1054 955 1141 1007 διὰ
1165 955 1332 1024 τιμῆς
1360 956 1514 1026 αὐτῷ
1548 958 1597 1009 οἱ
1631 954 1917 1019 ποιοῦντες
1979 956 2049 1010 τὰ
2088 956 2375 1025 ἀπόρρητα
2407 956 2623 1026 ἤγοντο.
2689 950 2857 1020 Οὗτος
2882 958 2994 1010 τῶν
3037 957 3275 1010 εὐσεϐῶν
3322 957 3681 1028 πανολεθρίαν

428 1041 861 1111 κατεψηφίσατο,
892 1044 987 1096 καὶ
1024 1043 1124 1105 τὰς
1153 1044 1418 1114 ὑπάρξεις
1449 1046 1630 1099 αὐτῶν
1655 1044 1993 1116 δημεύεσθαι
2034 1046 2375 1115 ἀπεφήνατο,
2439 1046 2594 1099 οὐδὲν
2638 1046 2827 1116 ἕτερον
2868 1051 2982 1111 τοῖς
3053 1048 3319 1111 ἀναιτίοις
3348 1048 3679 1116 προσάπτων

430 1137 661 1202 αἰτίαμα
712 1136 744 1207 ἢ
779 1135 876 1205 τὴν
905 1135 1239 1204 οεογνωσίαν
1299 1139 1394 1193 καὶ
1424 1139 1522 1210 τὴν
1545 1140 1728 1192 πίστιν
1768 1138 1868 1209 τὴν
1919 1139 2000 1200 είς
2038 1137 2293 1206 Χριστόν.

499 1225 621 1281 AI“.
656 1228 958 1292 Μαξεντιος
990 1228 1036 1281 δ’
1062 1233 1119 1281 ἐν
1155 1229 1340 1301 Ῥώμῃ
1373 1231 1523 1283 οὐδέν
1550 1249 1600 1284 τι
1634 1231 2000 1303 μετριώτερος

2173 1226 2412 1282 XXXIII.
2445 1228 2750 1283 Maxentius
2774 1243 2905 1283 vero
2941 1228 3125 1285 Roma:
3152 1232 3328 1287 nihilo
3360 1232 3679 1287 clementior

427 1317 693 1389 τύραννος
738 1320 849 1381 τοῖς
883 1320 1147 1387 ὑπηκόοις
1194 1321 1491 1392 ἐτύγχανεν
1519 1322 1617 1383 ὢν,
1664 1322 1779 1375 ἀλλ’
1810 1323 2006 1392 ἐπίσης

428 1408 508 1479 τῷ
538 1407 828 1477 Μαξιμίνῳ
861 1407 1038 1462 διεῖπε
1074 1410 1144 1463 τὰ
1174 1411 1272 1482 τῆς
1302 1413 1496 1482 ἀρχῆς,
1525 1411 1732 1464 λυττῶν
1755 1413 2007 1476 κάκεῖνος

428 1500 572 1552 κατὰ
604 1500 712 1550 τῶν
755 1498 860 1551 ὑπὸ
918 1502 1075 1569 χεῖρα
1123 1502 1487 1570 Χριστιανῶν,
1537 1502 1632 1555 καὶ
1671 1502 1874 1565 πάσαις
1902 1504 2005 1554 αὐο

427 1589 555 1652 τοὺς
595 1590 824 1655 ὑπάγων
875 1590 1175 1654 κακώσεσι,
1216 1591 1313 1645 καὶ
1346 1592 1482 1662 πρὸς
1535 1592 1744 1653 πάντας
1784 1592 1842 1644 δὲ
1880 1594 2006 1654 τοὺς

428 1679 520 1732 ὑπ’
568 1680 731 1732 αὐτὸν
785 1680 1092 1750 πικρότατα
1134 1682 1494 1752 διακείμενος.
1537 1683 1756 1751 Σφαγάς
1799 1697 1857 1751 τε
1898 1682 2006 1753 γὰρ

429 1769 641 1823 πολλῶν
692 1772 1011 1841 περιφανῶν
1056 1773 1267 1842 ἀνδρῶν
1294 1772 1355 1838 ἐξ
1400 1773 1656 1844 οὐδεμιᾶς
1686 1772 1897 1826 ἐνδίκου
1926 1773 2008 1826 δί-

429 1879 533 1932 κης
556 1863 787 1929 ἐτίθετο,
824 1866 917 1917 καὶ
958 1866 1203 1936 μοιχείας
1231 1866 1505 1937 ὁσημέραι
1535 1866 1773 1935 εὐγενῶν
1804 1865 2008 1937 ἐτόλμα

430 1956 672 2022 γυναίων
721 1957 816 2009 καὶ
852 1958 1138 2027 παρθένων
1186 1958 1416 2028 φθορὰς,
1467 1958 1768 2026 ἐνυϐρίζων
1814 1959 2007 2022 αὐταῖς

430 2047 814 2113 ἀναιδέστατα,
846 2053 939 2100 καὶ
967 2049 1163 2101 οὐσιῶν
1198 2052 1520 2121 ἀφαιρέσεις
1546 2051 1763 2116 ἀδίκους
1783 2053 1895 2114 τοῖς
1917 2052 2010 2104 εὐ-

432 2137 695 2206 ποροῦσιν
740 2139 934 2210 ἐπῆγε,
981 2143 1079 2196 καὶ
1123 2147 1336 2207 καιναῖς
1384 2144 1707 2214 είσπράξεσι
1763 2145 1858 2197 καὶ
1911 2143 2008 2213 βα-

434 2228 607 2297 ρείαις
664 2229 849 2292 ἐπίεζε
890 2232 1152 2303 ὑπήκοον.
1202 2234 1369 2298 Οὗτος
1428 2237 1486 2289 ἐν
1545 2234 1732 2307 Ῥώμῃ
1790 2236 2009 2303 εὐγενε-

435 2321 635 2390 στάτης
678 2323 821 2386 τινὸς
864 2325 1147 2391 γυναικὸς,
1192 2325 1328 2378 ἀλλὰ
1361 2325 1544 2396 μέντοι
1584 2328 1678 2379 καὶ
1729 2325 2007 2397 σώφρονος

431 2411 590 2481 ἀνδρὶ
635 2412 887 2482 συζώσης
932 2414 1041 2467 τῶν
1088 2417 1144 2467 ἐν
1198 2414 1383 2487 Ῥώμῃ
1432 2418 1714 2487 ἐπιφανῶν
1754 2417 2008 2488 ἐρασθεὶς

432 2504 732 2557 ἀκόλαστον
762 2507 959 2574 ἔρωτα,
983 2506 1190 2560 ἔστειλε
1224 2510 1352 2570 τοὺς
1374 2509 1442 2561 τὰ
1473 2509 1700 2562 τοιαῦτα
1727 2509 2006 2562 διακονου-

2109 1326 2376 1388 tyrannus
2417 1320 2554 1386 fuit,
2593 1321 2688 1375 sed
2719 1336 2875 1389 azquc
2915 1331 2974 1375 ut
3007 1322 3353 1388 Maximinus,
3391 1324 3680 1392 imperium

2107 1408 2531 1473 administravit,
2571 1412 2625 1465 in
2652 1414 2932 1482 proximos
2955 1428 3207 1482 quosque
3227 1413 3576 1469 Christihnos
3597 1414 3678 1468 in-

2107 1499 2373 1554 saniendo
2398 1540 2413 1565 ,
2471 1512 2527 1555 et
2555 1503 2814 1557 omnibus
2843 1504 3111 1558 :crumnis
3144 1505 3493 1573 exagitando,
3532 1520 3671 1559 sum.

2106 1604 2304 1659 maquc
2335 1592 2564 1661 perﬁdia
2598 1593 2653 1646 in
2678 1608 2869 1648 omnes
2894 1610 3025 1648 suos
3063 1594 3314 1648 subditos
3357 1596 3680 1665 grassando.

2106 1682 2242 1737 Nam
2269 1694 2324 1737 et
2352 1684 2552 1738 mullos
2590 1686 2768 1740 claros
2807 1685 2958 1738 viros
2983 1685 3136 1738 nullo
3160 1686 3307 1756 justo
3332 1684 3544 1753 judicio
3584 1702 3679 1738 oc-

2108 1774 2348 1838 cidebat,
2375 1785 2429 1830 et
2461 1758 2675 1830 nobiles
2702 1785 2981 1830 matronas
3004 1790 3067 1830 ac
3099 1776 3338 1845 virgines
3367 1775 3420 1828 in
3444 1775 3562 1829 dies
3584 1790 3680 1844 per

2109 1879 2380 1919 summam
2408 1867 2797 1920 centumi-liam
2811 1866 3224 1932 constuprabat,
3245 1865 3682 1935 etlocupletibus

2110 1955 2252 2010 bona
2293 1973 2414 2026 per-
2450 1957 2703 2026 injuriatn
2763 1957 3055 2027 eripiebat,
3103 1966 3160 2011 et
3226 1957 3477 2011 subditos
3502 1957 3683 2024 novis,

2110 2047 2287 2117 iisque
2344 2049 2606 2118 gravibus
2655 2049 3043 2103 exactionibus
3087 2050 3382 2103 atterebat.
3444 2047 3543 2102 llic
3586 2052 3678 2100 ait.

2109 2137 2330 2206 quando
2385 2138 2571 2192 Romae
2630 2137 2988 2192 nobilissimae
3040 2149 3313 2208 castaeque
3365 2148 3627 2193 matronze
3666 2176 3682 2202 ,

2111 2242 2233 2296 qua:
2261 2229 2380 2281 viro
2406 2228 2607 2283 illustri
2639 2238 2808 2298 nupta
2826 2238 2967 2293 erat,
2992 2230 3321 2284 immodesto
3345 2243 3535 2283 amore
3563 2245 3684 2282 cor-

2112 2329 2325 2388 reptus,
2360 2320 2550 2373 talium
2590 2335 2820 2389 operum
2846 2321 3131 2374 ministros
3157 2320 3223 2374 ad
3257 2335 3379 2374 eam
3412 2320 3684 2374 adducen-

2112 2409 2237 2463 dam
2275 2409 2447 2463 misit.
2479 2411 2610 2476 Quae
2640 2426 2765 2464 cum
2815 2411 3044 2465 lenones
3083 2408 3301 2465 aedibus
3342 2413 3458 2465 suis
3506 2421 3685 2467 astare

2113 2501 2348 2565 videret,
2370 2501 2749 2570 adventusque
2776 2518 2943 2557 causa
2964 2504 3205 2570 cognita,
3236 2503 3374 2557 citra
3401 2503 3567 2557 ullam
3591 2504 3686 2556 de-

438 2594 632 2663 μένους
712 2573 859 2665 αὐτῷ
909 2597 970 2651 τὸ
1011 2598 1237 2667 γύναιον
1296 2600 1543 2663 ἄξοντας.
1600 2601 1685 2662 Ὠς
1735 2598 1782 2653 δ’
1837 2601 2010 2653 ἐκεῖνο

2118 2594 2495 2664 precationem
2537 2594 2604 2646 ad
2653 2603 2942 2664 tyrannum
2976 2596 3292 2649 abeundum
3332 2610 3455 2650 esse
3483 2594 3685 2649 intelli-

433 2686 766 2750 ἐπιστάντας
791 2689 868 2760 τῷ
897 2690 1027 2757 οἴκῳ
1058 2691 1181 2753 τοὺς
1212 2692 1571 2761 πριαγωγοὺς
1603 2691 1761 2767 ἔγνω,
1789 2693 1880 2746 καὶ
1913 2693 2010 2762 τὴν

433 2780 612 2832 αἰτίαν
655 2781 754 2850 τῆς
787 2782 967 2834 αὐτῶν
1011 2782 1304 2852 ἐπιδημίας
1359 2786 1692 2854 μεμαθήκει,
1724 2787 1818 2838 καὶ
1869 2787 2015 2840 ἀπα-

437 2866 692 2937 ραίτητον
726 2869 823 2940 τὴν
869 2872 1006 2941 πρὸς
1053 2872 1143 2925 τὸν
1182 2873 1446 2942 τύραννον
1486 2875 1777 2927 ἀπέλευσιν
1814 2876 2012 2948 ᾔσθετο

432 2959 486 3029 (ὁ
512 2960 617 3030 γάρ
652 2962 792 3032 ἀνὴρ
833 2963 1007 3033 αὐτῆς
1055 2963 1207 3035 φόϐῳ
1248 2964 1341 3016 τοῦ
1395 2967 1576 3019 Θανεῖν
1621 2966 2008 3039 ὑποπτήσσων,

434 3053 621 3105 λαϐεῖν
647 3056 746 3125 τὴν
781 3057 1019 3123 γυναῖκα
1052 3056 1148 3110 καὶ
1185 3057 1343 3125 ἄγειν
1392 3058 1716 3128 ἐπέτρεπεν)
1745 3062 2011 3130 ἑτέρωθεν

432 3146 480 3198 δ’
508 3147 609 3200 οὐκ
652 3143 720 3219 ἦν
765 3150 902 3219 αὐτῇ
954 3148 1329 3220 ἐπικούρημα,
1372 3149 1523 3219 ῶραν
1579 3153 1715 3224 αὐτῇ
1751 3153 2012 3224 βραχεῖαν

435 3238 713 3307 ἐνδοθῆναι
752 3241 1015 3309 ᾐτήσατο,
1063 3240 1131 3293 ἵν’
1177 3243 1583 3313 ἐπικοσμηθείη
1613 3247 1707 3298 καὶ
1740 3245 1883 3299 οὕτω
1916 3247 2012 3302 σὺν

436 3333 620 3392 αὐτοῖς
643 3331 1020 3386 ἀπελεύσοιτο.
1054 3328 1162 3385 Ἦν
1192 3333 1249 3386 δὲ
1284 3336 1379 3388 καὶ
1401 3337 1495 3388 τὸν
1535 3338 1769 3407 Χριστὸν
1798 3340 1831 3408 ἡ
1870 3341 2011 3413 γυνὴ

438 3422 729 3492 σεϐομένη,
760 3425 853 3476 καὶ
895 3424 957 3475 τὸ
987 3423 1128 3477 θεῖον
1168 3426 1491 3497 μεμνημένη
1532 3432 1851 3500 μυστήριον.
1883 3432 2013 3484 Εἰσ-

435 3510 598 3578 ῆλθεν
641 3507 737 3565 οὖν
778 3513 856 3575 εἰς
898 3515 989 3566 τὸν
1025 3515 1228 3585 ἑαυτῆς
1284 3518 1658 3583 κοιτωνίσκον,
1712 3521 1806 3575 καὶ
1856 3540 2015 3592 μονο-

437 3602 593 3655 θείσα
628 3603 989 3676 διεχειρίσατο
1018 3606 1239 3677 ἐαυτην,
1274 3608 1339 3661 ἵν’
1378 3610 1702 3681 ἀνύϐριστος
1731 3615 1889 3687 μείνῃ
1916 3616 2012 3669 καὶ

435 3694 534 3765 τὴν
588 3696 946 3767 σωφροσύνην
990 3684 1065 3768 μὴ
1093 3699 1337 3769 πρόοιτο,
1372 3701 1604 3771 ἑλομένη
1639 3703 1732 3757 τὸν
1763 3684 2011 3759 ἑκούσιον

437 3786 689 3852 θάνατον,
724 3790 817 3842 καὶ
852 3791 912 3843 τὸ
948 3792 1110 3862 σῶμα
1156 3794 1349 3864 νεκρὸν
1384 3797 1496 3857 τοῖς
1537 3800 1884 3866 προαγωγοῖς
1915 3799 2011 3853 καὶ

435 3878 512 3971 τῷ
554 3881 742 3949 ἐναγεῖ
768 3884 969 3954 ἐραστῇ
1028 3884 1428 3953 καταλείψασα.
1463 3887 1525 3939 Ol
1574 3888 1674 3957 μὲν
1706 3884 1799 3942 οὗν
1835 3887 2009 3956 οὕτως
2034 3906 2079 3971 C

435 3966 629 4040 ἦρχον,
658 3975 1042 4044 Διοκλητιανὶς
1065 3976 1121 4028 δὲ
1145 3981 1236 4029 καὶ
1265 3977 1612 4045 Μαξιμιανὸς
1646 3979 2012 4048 ίδιωτεύοντες

434 4059 649 4114 ἔθανον.
686 4064 821 4132 Περὶ
849 4064 905 4114 δὲ
945 4066 1042 4135 τῆς
1068 4065 1219 4132 σφῶν
1267 4067 1527 4138 τελευτῆς
1573 4070 1935 4140 διαφωνοῦσιν
1960 4076 2010 4128 οἱ

439 4156 802 4222 συγγραφεῖς.
848 4154 906 4207 Ὀ
932 4158 1028 4224 μὲν
1062 4159 1170 4224 γὰρ
1213 4159 1469 4221 Εὐσέϐιος
1507 4160 1620 4232 (95)
1662 4164 1720 4214 ἐν
1741 4162 1820 4233 τῷ
1844 4164 2012 4234 ὀγδόῳ

437 4242 580 4313 λόγῳ
607 4244 706 4313 τῆς
722 4243 1269 4317 Ἐκκλησιαστικῆς
1301 4248 1618 4318 Ἱστορίας,
1644 4253 1901 4309 ἔκστασιν
1922 4259 2012 4311 τὸν

436 4334 822 4404 Διοκλητιανὺν
876 4338 1179 4408 ὑποστῆναι
1226 4342 1375 4410 λέγει
1431 4345 1667 4415 φρενῶν,
1725 4349 1818 4399 καὶ
1870 4348 2012 4418 νόσῳ

437 4425 630 4495 χρονία
693 4426 753 4478 τὸ
812 4428 972 4496 σῶμα
1024 4430 1618 4500 κατασκελετευθέντα,
1681 4433 1870 4505 βιαίως
1913 4438 2012 4507 τὴν

439 4516 632 4570 ἀθλίαν
661 4517 827 4571 αὐτοῦ
870 4517 1049 4590 ψυχὴν
1088 4522 1525 4592 ἁπερεύξασθαι.
1556 4526 1659 4578 Τὸν
1689 4526 1746 4579 δέ
1783 4544 1849 4596 γε
1893 4529 2013 4582 Μα-

442 4605 693 4678 ξιμιανὸν
750 4610 842 4662 τὸν
892 4610 1203 4680 Ἐρχούλιον
1236 4613 1440 4685 ἀγχόνῃ
1490 4616 1684 4670 ἐαυτὸν
1723 4618 1826 4687 τῆς
1867 4620 2011 4689 ζωῆς

441 4701 814 4772 ὑπεξαγαγεῖν
846 4719 861 4732 ·
897 4703 1077 4775 ἐτεροι
1123 4704 1168 4757 δ’
1221 4707 1321 4776 οὐχ
1371 4706 1544 4772 οὓτως
1591 4710 1862 4779 ἱστοροῦσι
1885 4711 2014 4765 τού-

438 4807 567 4855 τους
599 4792 803 4856 θανεῖν,
852 4794 990 4847 ἀλλὰ
1020 4796 1520 4866 μεταμεληθέντας,
1572 4800 1666 4851 καὶ
1695 4800 1793 4868 τῆς
1836 4801 2013 4871 ἀρχῆς

441 4880 598 4947 αὖθις
649 4886 1010 4940 ἐπιλαϐέσθαι
1057 4886 1503 4958 βουλευομένους,
1540 4890 1888 4959 φωραθῆναι,
1920 4895 2014 4946 καὶ

437 4979 671 5048 δόγματι
699 4980 797 5049 τῆς
836 4981 1141 5051 συγκλήτου
1187 4983 1559 5054 ἀναιρεθῆναι.
1594 4984 1715 5036 Εἰσὶ
1746 4984 1802 5037 δὲ
1841 4986 1936 5038 καὶ
1964 4985 2014 5039 οἳ

436 5071 529 5123 τὸν
563 5071 877 5139 Ἐρκούλιον
913 5073 1133 5141 λέγουσι
1160 5073 1260 5142 τῆς
1294 5073 1571 5143 βασιλείας
1599 5074 1754 5138 αὖθις
1786 5077 2013 5147 ἐφιέμε-

438 5177 528 5213 νον
552 5161 629 5230 τῴ
655 5161 1023 5232 Διοκλητιανῴ
1050 5162 1419 5216 κοινώσασθαι
1447 5163 1507 5216 τὸ
1547 5160 1705 5227 αὖθις
1744 5167 2013 5236 πειραθῆ-

437 5267 527 5304 ναι
557 5253 655 5320 τὴν
679 5251 958 5322 βασιλείαν
981 5253 1290 5307 ἀναλαϐεῖν.
1322 5255 1426 5307 Τὸν
1451 5255 1508 5308 δὲ
1539 5256 2008 5327 παραιτήσασθαι,

439 5344 646 5398 ἐκεῖνον
675 5344 731 5398 δέ
762 5345 898 5416 πρὸς
925 5345 987 5397 τὸ
1014 5347 1124 5399 τῶν
1160 5345 1447 5415 Ῥωμαίων
1478 5346 1815 5417 παρελθόντα
1843 5349 2011 5418 φάναι

442 5438 742 5509 σίνέδριον,
775 5440 851 5510 μὴ
897 5441 1089 5511 ἀρκεῖν
1135 5438 1228 5492 τὸν
1281 5438 1396 5493 υἱὸν
1445 5438 1612 5492 αὐτοῦ
1661 5439 1745 5503 είς
1777 5439 1877 5511 τὴν
1905 5442 2015 5495 τῶν

2112 2693 2268 2754 geret
2295 2684 2462 2755 644
2502 2687 2648 2754 (nam
2691 2686 2922 2740 maritus
2952 2685 3150 2740 mortis
3188 2693 3335 2740 metu
3382 2686 3682 2746 attonitus.

2113 2776 2181 2829 ab
2212 2776 2322 2830 illis
2360 2775 2559 2831 abduci
2592 2777 2880 2830 mulierem
2913 2778 3273 2849 patiebatur),
3306 2793 3489 2847 neque
3513 2779 3685 2832 ullum

2112 2865 2338 2920 aliunde
2391 2867 2655 2920 auxilium
2687 2876 3036 2936 eXSpectaret
3094 2885 3108 2922 :
3168 2869 3421 2939 exiguam
3477 2883 3686 2923 moram

2111 2958 2438 3028 postulavit,
2469 2968 2526 3012 ut
2547 2974 2605 3013 se
2631 2970 2931 3014 exornaret
2953 2961 3128 3029 prius,
3160 2977 3325 3031 quam
3357 2961 3556 3016 abiret.
3584 2961 3677 3016 Cu-

2112 3050 2262 3104 lebat
2282 3058 2465 3105 autem
2501 3049 2806 3113 Christum,
2854 3060 2914 3104 et
2946 3050 3133 3106 divino
3166 3053 3430 3123 mysterio
3471 3053 3685 3107 initiata

2113 3147 2255 3194 erat.
2303 3140 2552 3210 ingressa
2593 3141 2761 3210 igitur
2792 3140 3136 3206 cubiculum,
3177 3142 3404 3196 remOtis
3441 3141 3687 3203 arbitris.

2112 3233 2218 3288 sibi
2256 3249 2448 3289 necem
2484 3234 2790 3298 conscivit,
2833 3244 2894 3289 ut
2946 3235 3297 3289 contumelia:
3341 3250 3538 3305 expers
3572 3250 3690 3290 mo-

2112 3325 2344 3378 destiam
2366 3332 2742 3392 conservaret,
2765 3323 3131 3379 voluntariam
3154 3334 3392 3379 mortem
3412 3325 3687 3396 amplexa,

2114 3415 2385 3471 cadavere
2440 3415 2737 3470 lenonibus
2805 3424 2860 3470 et
2906 3415 3120 3471 nefario
3170 3415 3406 3470 amatori
3471 3416 3688 3470 relicto.

2113 3505 2212 3563 llis
2255 3506 2333 3561 ita
2375 3506 2779 3577 imperantibus
2827 3507 3202 3563 Diocletianus
3245 3516 3304 3562 et
3329 3507 3689 3564 Maximianus

2112 3601 2170 3655 in
2200 3600 2309 3655 vita
2330 3581 2542 3669 privati
2570 3599 2865 3654 obierunt:
2899 3599 3003 3654 etsi
3026 3599 3095 3654 de
3124 3600 3348 3654 illorum
3384 3599 3538 3655 obitu
3560 3601 3691 3655 scri-

2111 3700 2302 3762 ptores
2316 3706 2429 3746 non
2445 3692 2819 3746 consentiunt.
2840 3690 2979 3746 Nam
3001 3690 3275 3747 Eusebius
3307 3690 3689 3747 Ecclesiastij

2113 3784 2347 3838 historia:
2402 3783 2502 3837 lib.
2549 3798 2668 3848 νηί,
2716 3782 3117 3838 Diocletianum
3152 3783 3353 3838 mentis
3382 3797 3572 3838 errore
3603 3785 3691 3838 al-

2113 3874 2344 3938 fectum,
2386 3882 2444 3928 et
2477 3873 2739 3929 diuturno
2767 3873 2963 3928 morbo
2992 3873 3387 3939 tabescentem,
3425 3873 3686 3929 miseram

2111 3966 2350 4022 animam
2381 3965 2656 4022 violenter
2687 3973 2967 4021 eructasse
3014 3964 3252 4020 scribit:
3297 3964 3686 4020 Maximianum

2111 4074 2245 4115 vero
2283 4058 2605 4114 herculium
2659 4060 2857 4129 laqueo
2911 4056 3017 4113 sibi
3064 4072 3259 4113 necem
3324 4057 3686 4115 conscivisse.

2111 4151 2221 4206 Alit
2247 4165 2381 4205 vero
2416 4150 2646 4205 tradunt
2675 4165 2792 4214 eos,
2825 4166 2951 4205 cum
2977 4150 3239 4219 depositae
3254 4152 3541 4220 potestatis
3568 4166 3690 4221 poe-

2111 4248 2335 4316 niteret,
2387 4246 2446 4301 in
2493 4252 2694 4300 conatu
2733 4244 3100 4314 recuperandi
3140 4245 3359 4314 imperii
3377 4244 3690 4313 deprehen-

2114 4353 2240 4405 sos,
2306 4346 2364 4394 et
2418 4335 2902 4393 senatusconsulto
2973 4335 3293 4390 interiectos
3337 4351 3479 4390 esse.
3550 4335 3691 4391 Sunt

2112 4432 2279 4487 etiam
2307 4431 2402 4501 qui
2439 4431 2648 4495 dicant,
2679 4429 2999 4485 Herculium
3038 4442 3229 4481 rursus
3263 4427 3557 4498 imperium
3592 4430 3693 4484 de-

2113 4524 2483 4590 siderantem,
2517 4523 2810 4577 consilium
2842 4536 2969 4576 cum
3003 4520 3347 4575 Diocletiano
3391 4520 3461 4575 de
3499 4535 3566 4575 eo
3596 4536 3691 4575 re-

2113 4615 2431 4685 cuperando
2475 4614 2953 4669 communicasse:
2999 4627 3178 4681 eoque
3221 4622 3479 4666 conatum
3533 4612 3690 4666 illum

2115 4718 2431 4769 recusante,
2471 4707 2681 4761 curiam
2718 4708 3025 4777 ingressum
3057 4705 3284 4764 dixisse.
3322 4703 3494 4758 ﬁlium
3529 4719 3691 4758 suum

2115 4797 2432 4866 reipublicae
2466 4796 2720 4867 gerendae
2750 4811 2869 4851 esse
2898 4796 3187 4865 imparem.
3219 4795 3484 4849 Militibus
3508 4805 3691 4849 autem

2116 4889 2186 4943 iis
2212 4889 2396 4943 verbis
2423 4890 2491 4943 ad
2526 4890 2662 4943 iram
2709 4890 3021 4952 concitatis,
3061 4888 3218 4958 quasi
3254 4888 3546 4958 imperium
3587 4888 3689 4943 sibi

2114 4979 2466 5035 vindicaret:
2518 4980 2766 5050 periculo
2819 4989 3106 5043 territum,
3156 4995 3382 5050 negasse
3429 4979 3485 5033 id
3533 4993 3593 5034 se
3636 4995 3690 5034 in

2115 5072 2301 5126 animo
2327 5072 2607 5134 habuisse,
2639 5073 2735 5128 sed
2762 5074 2994 5126 militum
3025 5073 3241 5127 animos
3269 5081 3330 5126 ut
3355 5087 3485 5141 erga
3515 5071 3690 5125 ﬁlium

2119 5176 2283 5217 suum
2329 5164 2511 5219 aﬁ'ccti
2559 5172 2781 5230 essent,
2827 5165 3127 5233 periclitari
3170 5163 3450 5217 voluisse:
3502 5162 3690 5233 itaque

2040 5238 2094 5299 Β
2118 5255 2342 5309 sedasse
2371 5256 2689 5310 tumultum.
2725 5257 2933 5311 Deinde
2963 5257 3020 5311 in
3046 5255 3252 5310 Gallias
3279 5254 3348 5310 ad
3378 5253 3690 5311 Constanti-

2116 5362 2251 5401 num
2286 5347 2572 5417 Magnum,
2616 5349 2711 5417 qui
2757 5348 3011 5402 Faustam
3044 5348 3211 5401 ﬁliam
3242 5348 3363 5418 ejus
3389 5355 3446 5402 et
3479 5346 3597 5416 ipse
3633 5348 3689 5402 in

2123 5439 2481 5496 matrimonio
2509 5439 2763 5504 haberet,
2795 5440 3026 5505 abiisse,
3058 5455 3124 5495 ac
3148 5439 3204 5494 in
3244 5453 3417 5508 regno
3444 5439 3564 5509 ejus
3588 5454 3690 5509 per

1641 5603 1841 5665 ναι-ξω
1867 5603 2175 5666 lectiones
2205 5607 2268 5665 et
2302 5613 2495 5664 notae.

515 5726 625 5797 (95)
664 5730 728 5782 '0
755 5732 873 5799 μὲν
913 5731 1024 5800 γὰρ
1057 5731 1369 5797 Εὐσέϐιος.
1406 5732 1703 5795 Eusebius,
1743 5731 1843 5785 lib.
1892 5747 2013 5797 vm,

448 5810 569 5865 cap.
603 5800 765 5863 i5,et
793 5803 848 5856 in
886 5802 1037 5859 Orat.
1063 5802 1411 5860 Constantini
1438 5807 1506 5859 ad
1543 5811 1864 5859 sanctorum
1894 5816 2009 5859 ca:-

2125 5740 2242 5785 tum
2266 5746 2387 5802 cap.
2422 5730 2517 5794 25,
2545 5729 2638 5802 ubi
2671 5730 3047 5802 consulendus
3080 5732 3347 5788 Valesius.
3381 5731 3517 5789 Vide
3544 5748 3687 5802 pre-

2123 5809 2273 5858 terea
2312 5800 2688 5868 Lactantium,
2732 5800 2809 5855 De
2844 5803 3058 5857 mortib.
3096 5815 3419 5868 persecutor.
3444 5800 3566 5869 cap}
3596 5803 3688 5857 42.
