4026 6422
358 348 490 415 ιοςι

1506 402 1513 407 .
1625 347 1951 410 JOANNIS
1990 347 2314 409 ZONAR/E

3476 341 3623 405 1092

347 464 578 519 insidias
608 462 712 517 sibi
752 462 1084 518 vindicando
1123 462 1196 516 ibi
1246 478 1467 532 quoque
1500 462 1926 534 deprehensum,

2036 463 2236 516 κοινῶν
2282 459 2636 532 πραγμάτων
2659 460 2952 529 διοίκησιν.
3004 458 3355 530 Κινηθέντων
3403 455 3462 511 δὲ
3507 458 3621 509 τῶν

350 574 529 629 coque
563 568 763 613 conatu
798 558 1098 629 deiectum,
1130 568 1244 612 tum
1274 559 1496 613 demum
1532 560 1701 613 vitam
1731 559 1933 629 laqueo

350 649 614 704 iinivisse.
665 650 871 704 Verum
916 649 1005 703 isti
1057 664 1168 703 uno
1210 650 1469 719 quopiam
1515 651 1680 706 modo
1717 667 1785 706 ex
1821 652 1929 718 his,

345 748 558 793 natura:
597 739 844 794 debitum
889 741 1304 811 persolverunt.
1341 744 1701 797 Constantius
1745 754 1930 799 autem

348 828 646 882 undecimo
688 846 834 885 anno
878 831 933 884 in
978 830 1212 900 imperio
1241 846 1459 895 exacw,
1499 847 1566 886 ex
1600 848 1710 902 quo
1750 832 1933 888 Caesar

345 922 661 990 appellatus
691 921 894 986 fuerat,
955 932 1225 992 potestate
1250 924 1550 978 clementer
1580 933 1638 979 et
1671 925 1931 980 humani-

346 1020 434 1066 ter
461 1028 614 1076 usus,
642 1013 698 1067 in
720 1014 1005 1068 Britannia
1037 1027 1344 1069 extremum
1368 1016 1513 1070 diem
1549 1016 1770 1081 clausit,
1802 1031 1929 1070 cum

344 1103 500 1158 luctu
547 1105 919 1172 subditorum,
948 1107 1250 1161 bonitatem
1291 1110 1414 1178 ejus
1449 1108 1927 1164 desiderantium:

346 1192 463 1247 lilio
499 1202 633 1247 natu
668 1197 896 1263 majore,
932 1196 1127 1266 Magno
1159 1196 1417 1251 videlicet
1447 1196 1835 1263 Constantino,
1861 1214 1930 1254 ex

344 1283 532 1352 priore
552 1287 804 1356 conjuge,
826 1286 1044 1355 imperii
1063 1302 1386 1342 successore
1408 1288 1709 1344 declarato.
1729 1289 1932 1345 Habuit

346 1375 496 1428 enim
538 1392 599 1429 ωι
645 1378 885 1431 secunda
933 1394 1155 1447 quoque
1203 1380 1449 1434 Herculii
1488 1379 1597 1435 tilia
1639 1380 1929 1437 Theodora

343 1465 481 1520 alios
519 1468 683 1531 ﬁlios,
723 1467 1175 1534 Constantinum,
1212 1472 1632 1525 Auaballiauum
1684 1480 1740 1525 et
1767 1470 1927 1539 iCon-

344 1559 629 1612 stantium.
662 1559 771 1614 Sed
800 1578 1030 1632 magnus
1054 1562 1452 1618 Constantinus
1478 1563 1642 1634 65.5
1666 1564 1930 1633 praelatus

342 1658 457 1713 est,
493 1649 641 1718 quod
680 1650 734 1704 hi
772 1656 915 1721 patri
956 1654 1026 1709 ad
1067 1654 1361 1723 imperium
1411 1655 1581 1722 inepti
1626 1669 1747 1708 esse
1779 1654 1931 1708 vide-

2034 554 2388 625 στρατιωτῶν
2438 553 2578 625 πρὸς
2644 553 2817 624 θυμὸν
2871 554 2968 606 ἐπὶ
3015 554 3095 623 τῷ
3138 552 3286 623 λόγῳ
3322 548 3490 605 αὐτοῦ
3541 551 3618 615 ῶς

2035 645 2497 716 σφετεριζομένου
2524 645 2626 717 τὴν
2665 644 2863 716 ἀρχὴν,
2893 645 2986 699 τὸν
3035 643 3358 713 Ἐρκούλιον
3384 642 3479 697 τὸν
3502 641 3593 696 κίν

2030 738 2188 792 δυνον
2220 739 2495 803 δείσαντα,
2526 738 2604 810 μὴ
2641 736 2785 791 οὕτω
2810 737 3039 810 γνώμης
3073 737 3218 807 ἔχειν
3242 737 3443 804 εἰπεῖν,
3476 733 3616 789 άλλὰ

2030 831 2318 902 διάπειραν
2379 830 2491 884 τῶν
2547 829 2996 901 στρατευομένων
3054 828 3404 901 ποιούμενον,
3464 827 3616 889 ὅπως

2030 922 2216 993 ἔχουσι
2246 922 2385 994 πρὸς
2415 922 2509 977 τὸν
2528 922 2643 976 υίὸν
2673 920 2839 976 αὑτοῦ
2864 920 3184 988 διαθέσεως,
3212 921 3388 975 ταῦτα
3416 918 3615 972 εἰπεῖν’

2032 1017 2129 1067 καὶ
2149 1013 2294 1069 οὕτω
2324 1014 2679 1069 καταστεῖλαι
2716 1014 2810 1067 τὸν
2837 1012 3070 1085 θόρυϐον
3095 1012 3206 1066 τῶν
3238 1010 3616 1083 στρατιωτῶν.

2032 1102 2166 1159 Εἶτα
2201 1107 2282 1170 είς
2310 1105 2544 1170 Γαλλίας
2578 1104 2758 1160 ἐλθεῖν
2795 1105 2935 1177 πρὸς
2972 1105 3066 1159 τὸν
3115 1104 3291 1174 μέγαν
3323 1104 3616 1155 Κωνσταν-

2031 1201 2201 1266 τῖνον,
2250 1197 2520 1269 κηδεστὴν
2555 1197 2722 1252 αὐτοῦ
2754 1198 2850 1252 καὶ
2895 1196 3058 1252 αὐτὸν
3088 1196 3220 1249 ὅντα
3270 1195 3363 1249 ἐπὶ
3395 1193 3617 1266 Φαύστῃ

2029 1292 2096 1362 τῇ
2133 1288 2303 1347 αὑτοῦ
2331 1288 2585 1362 θυγατρὶ,
2616 1290 2860 1362 κάκείνῳ
2888 1289 3315 1344 ἐπιϐουλεύοντα
3362 1288 3461 1342 καὶ
3495 1304 3616 1341 mt-

2032 1383 2284 1455 ρώμενον
2313 1382 2415 1453 τὴν
2446 1383 2662 1436 ἐκείνου
2705 1381 2989 1449 βασιλείαν
3031 1380 3255 1436 λαϐεῖν’
3301 1378 3616 1450 γνωσθῆναι

2030 1476 2089 1531 δὲ
2134 1477 2359 1530 κάκεῖσε
2393 1476 2489 1530 καὶ
2540 1474 2989 1545 άποκρουσθῆναι
3032 1472 3130 1528 τοῦ
3184 1472 3617 1543 ἐγχειρήματος.

2029 1567 2126 1620 καὶ
2158 1565 2334 1628 οὕτως
2362 1565 2736 1635 ἀπάγξασθαι.
2779 1566 2924 1621 Ἀλλ’
2961 1559 3117 1620 οῦτοι
3169 1564 3269 1637 μὲν
3307 1563 3392 1618 ἑνί
3429 1579 3495 1633 γε
3536 1562 3619 1635 τῷ

2024 1660 2218 1731 τρόπῳ
2249 1658 2362 1712 τῶν
2389 1660 2696 1729 εἰρημένων
2714 1658 2813 1728 τὴν
2845 1658 2991 1728 ζωὴν
3023 1658 3430 1727 ὲξεμέτρησαν·
3460 1655 3590 1710 Κῶν

342 1743 568 1799 bantur.
618 1746 734 1801 lmo
763 1756 937 1801 totum
983 1750 1267 1819 negotium
1313 1745 1512 1801 divinae
1556 1746 1926 1802 Providentiae

2032 1770 2166 1816 στας
2205 1752 2262 1807 δὲ
2299 1752 2585 1806 ἑνδέκατον
2625 1750 2843 1823 ηνυκὼς
2872 1750 3120 1806 ἐνιαυτὸν
3170 1749 3323 1819 παρὰ
3350 1750 3415 1819 τῇ
3467 1748 3615 1817 ἀρχῇ

343 1837 473 1904 luit,
508 1841 737 1895 salutari
780 1813 1150 1910 prazcouio'ac
1176 1842 1359 1911 potius
1387 1839 1647 1894 onmibus
1690 1840 1925 1894 Romani

2028 1813 2210 1909 ὲξότου
2258 1845 2478 1914 Καῖσαρ
2537 1813 2882 1917 ἀνηγορεύθη
2948 1841 3044 1896 καὶ
3084 1813 3268 1912 ἠπίως
3288 1813 3460 1911 ἄρξας

340 1927 563 1998 imperii
599 1932 839 1986 subditis
868 1933 1243 1997 consulentis,
1282 1943 1341 1986 ut
1374 1948 1473 2000 per
1501 1946 1629 1984 eum
1676 1932 1927 2001 tyranni-

338 2020 439 2076 des
468 2022 916 2079 destruerentur.
952 2025 1151 2079 Fertur
1178 2025 1348 2091 enim,
1379 2023 1708 2080 Constantio
1738 2040 1929 2095 aegro-

340 2114 501 2179 tanti,
530 2124 586 2169 et
628 2115 701 2169 ob
749 2127 1074 2170 exterarum
1116 2116 1351 2170 liliorunt
1402 2116 1640 2187 ineptam
1686 2118 1926 2171 indolem

340 2213 571 2268 incesto,
618 2208 844 2276 angelus
871 2209 1134 2267 astitisse.
1167 2208 1262 2277 qui
1284 2207 1526 2278 juberet,
1560 2222 1621 2263 ut
1648 2208 1925 2264 Constan-

339 2294 458 2348 tino
495 2295 836 2365 relinqueret
866 2297 1179 2368 imperium.
1215 2296 1377 2351 Hunc
1411 2298 1575 2368 igitur
1603 2297 1923 2355 Constanti-

341 2400 473 2439 num
518 2396 711 2455 pater,
741 2389 1148 2443 adolescentem
1181 2392 1516 2455 etiamnum,
1552 2388 1794 2444 Gallerio
1826 2390 1926 2447 de-

340 2476 489 2531 disse
529 2479 778 2531 obsidem
821 2487 1183 2541 memoratur,
1219 2488 1278 2531 ut
1312 2479 1534 2533 interim
1565 2481 1730 2532 etiam
1763 2478 1820 2533 in
1862 2494 1923 2534 re

342 2568 568 2622 militari
599 2580 975 2624 exerceretur.
1007 2569 1109 2636 Qui
1141 2584 1267 2623 cum
1299 2570 1350 2624 ei
1382 2569 1453 2623 ob
1490 2568 1695 2639 ingenii
1726 2568 1923 2625 dexte-

341 2657 562 2711 ritatem
592 2674 660 2712 ex
696 2658 903 2713 invidia
934 2659 1161 2713 insidias
1190 2668 1453 2723 strueret,
1488 2658 1541 2712 in
1576 2672 1755 2728 pugna
1794 2657 1924 2714 Sar-

338 2751 541 2805 matica
594 2752 910 2814 mandarit,
960 2760 1021 2806 ut
1071 2752 1440 2805 Barbarorum
1499 2752 1695 2805 ducem
1751 2749 1923 2805 armis

337 2842 611 2913 insignem
672 2845 1085 2915 aggrederetur.
1145 2842 1573 2897 Constantinum
1632 2856 1765 2895 vero
1824 2856 1921 2911 pa-

337 2934 540 3000 ruisse,
567 2951 806 3005 eumque
839 2944 1183 3005 correptum,
1216 2934 1493 2988 viventem
1523 2933 1591 2987 ad
1618 2932 1919 2988 Gallerium

337 3035 610 3095 portasse.
659 3028 870 3083 Deinde
922 3028 1135 3083 leonem
1188 3027 1487 3084 immanem
1529 3037 1587 3083 et
1630 3034 1919 3081 cruentam

336 3116 576 3170 helluatn
607 3117 841 3189 jussisse
864 3117 1171 3173 subsistere
1202 3136 1215 3173 :
1251 3118 1405 3172 illum
1445 3123 1577 3173 vero
1611 3116 1665 3171 id
1695 3132 1919 3187 quoque

2028 1940 2344 2010 προσηνῶς,
2392 1939 2450 1991 ὲν
2497 1938 2856 2009 Βρεττανίαις
2894 1937 3144 2003 διάγων,
3198 1933 3467 1988 κατέλυσε
3509 1933 3615 1998 τὴν

2027 2028 2199 2100 ζωὴν,
2226 2031 2425 2094 πένθος
2458 2028 2655 2084 ἑαυτοῦ
2694 2031 2810 2093 τοῖς
2855 2030 2948 2083 ὑπ’
2989 2028 3157 2083 αὐτὸν
3201 2024 3615 2089 καταλελοιπὼς

2025 2119 2114 2173 διὰ
2140 2121 2242 2189 τὴν
2267 2120 2636 2191 χρηστότητα,
2666 2120 2937 2191 πρότερον
2979 2116 3071 2171 τὸν
3097 2116 3473 2187 πρεσϐύτερον
3498 2115 3614 2168 τῶν

2025 2212 2245 2265 οἰκείων
2291 2211 2425 2265 υἱῶν
2470 2212 2571 2278 τῆς
2605 2213 2781 2283 ἀρχῆς
2812 2211 3170 2281 καταστήσας
3218 2208 3483 2280 διάδοχον,
3516 2210 3615 2262 τὸν

2028 2304 2205 2373 μέγαν
2247 2303 2451 2377 δηλαδὴ
2498 2304 2938 2365 Κωνοταντῖνον.
2987 2301 3048 2353 ὃν
3089 2303 3156 2355 ἑκ
3200 2299 3305 2370 τῆς
3332 2299 3616 2370 προτέρας

2025 2396 2197 2451 αὐτοῦ
2224 2397 2475 2465 ιγείνατο
2505 2396 2782 2467 γαμετῆς.
2826 2390 2955 2466 Εἶχε
2983 2393 3043 2448 δὲ
3074 2394 3185 2448 κάκ
3216 2395 3316 2463 τῆς
3344 2391 3615 2463 δευτέρας

2023 2491 2125 2560 τῆς
2154 2487 2248 2542 τοῦ
2285 2486 2601 2565 Ἐρκουλίου
2622 2488 2896 2557 θυγατρὸς
2927 2483 3212 2556 Θεοδώρας
3239 2484 3337 2539 καὶ
3386 2484 3614 2555 ἑτέρους

2028 2580 2202 2645 υἱοὺς,
2233 2581 2667 2644 Κωνσταντῖνον,
2715 2578 3157 2645 Ἀναϐαλλιανδν,
3188 2578 3286 2632 καὶ
3317 2577 3616 2632 Κωνστάν-

2022 2690 2161 2728 τιον.
2194 2672 2577 2744 Προτετίμητο
2603 2672 2661 2725 δὲ
2686 2672 2892 2725 τούτων
2916 2674 2945 2725 ό
2972 2671 3148 2742 μέγας
3172 2670 3610 2734 Κωνσταντῖνος,

2023 2765 2104 2818 ὅτι
2134 2767 2334 2819 ἐκεῖνοι
2369 2764 2449 2836 τῷ
2496 2767 2666 2836 πατρὶ
2721 2764 3091 2835 ἀνεπιτήδειοι
3139 2764 3278 2834 πρὸς
3315 2763 3415 2834 τὴν
3451 2761 3601 2834 βασι-

2023 2859 2174 2911 λείαν
2208 2859 2529 2931 ἐκρίθησαν.
2568 2860 2643 2913 Τὸ
2690 2859 2738 2912 δ’
2778 2857 2901 2911 ὅλον
2938 2853 3009 2930 ἦν
3054 2859 3119 2911 ὲκ
3159 2855 3295 2911 Θεοῦ
3325 2858 3586 2927 οίκονομη

2025 2953 2114 3006 θὲν
2146 2952 2288 3023 ὑπὲρ
2318 2951 2414 3005 τοῦ
2455 2951 2603 3006 θείου
2636 2950 3023 3022 κηρύγματος,
3054 2949 3087 3019 ἢ
3118 2949 3321 3020 μᾶλλον
3346 2951 3442 3005 καὶ
3468 2949 3608 3017 ὑπὲρ

2027 3045 2248 3099 πάντων
2296 3047 2365 3116 τῇ
2413 3045 2523 3099 τῶν
2557 3044 2851 3114 Ῥωμαίων
2892 3045 3275 3117 ὑποκειμένων
3316 3049 3476 3117 ἀρχῇ,
3515 3045 3602 3098 La

2023 3135 2092 3189 δι’
2116 3136 2285 3191 αὐτοῦ
2329 3137 2690 3193 καταλυθεῖεν
2728 3140 2785 3192 al
2823 3137 3163 3209 τυραννίδες.
3214 3138 3441 3207 Λέγεται
3485 3138 3594 3207 γὰρ

334 3219 638 3274 certamen,
667 3210 922 3277 quamvis
944 3226 1057 3265 non
1087 3212 1204 3264 sine
1229 3210 1497 3280 periculo,
1518 3210 1705 3265 divina
1736 3219 1919 3265 tamen

2028 3183 2074 3189 ’⁷
2117 3183 2281 3191 ’⁷⁷⁷⁷⁷
2332 3183 2684 3193 """'""""
2729 3183 2784 3192 "'
2834 3183 3163 3209 "l'""""'
3214 3183 3441 3207 ""|""'
3496 3183 3590 3207 Ι“Γ

2027 3231 2104 3285 ὅτι
2130 3232 2378 3285 νοσοῦντι
2416 3231 2496 3303 τῷ
2528 3231 2849 3285 Κώνσταντι
2889 3231 2986 3284 καὶ
3029 3231 3334 3301 ἀθυμοῦντι
3379 3229 3465 3285 διὰ
3497 3230 3596 3301 τὴν

334 3301 512 3369 gratia
542 3301 876 3356 incolumem
900 3303 1124 3357 abiisse.
1152 3302 1308 3359 Unde
1341 3319 1468 3357 cum
1495 3302 1798 3357 Gallerium
1834 3302 1921 3357 in-

2027 3326 2113 3378 ὲπὶ
2154 3330 2269 3387 τοῖς
2307 3301 2492 3384 ἄλλοις
2542 3325 2734 3376 παισὶν
2766 3324 3071 3393 ἀποτυχίαν
3103 3322 3339 3392 ἅγγελος
3370 3322 3603 3391 ἐπέστη,

334 3392 525 3447 videre
557 3392 663 3448 sibi
692 3403 859 3463 atque
888 3393 1139 3447 insidiari
1177 3393 1561 3458 intellexisset,
1597 3402 1763 3449 noctu
1792 3408 1920 3449 cum

2027 3415 2096 3484 τῷ
2156 3414 2555 3483 Κωνσταντίνῳ
2609 3413 2854 3469 κελεύων
2908 3392 3009 3486 την
3069 3414 3325 3481 ἐξουσίαν
3381 3415 3607 3468 καταλι-

338 3484 404 3538 iis
431 3485 633 3554 quibus
660 3487 883 3552 lldebat,
915 3486 1038 3555 luga
1063 3488 1310 3556 elapsum
1333 3488 1401 3541 ad
1421 3496 1634 3557 patrem
1666 3485 1920 3543 rediisse:

2027 3507 2165 3561 πεῖν.
2218 3504 2428 3561 Τοῦτον
2472 3505 2539 3577 δὴ
2584 3505 2676 3561 τὸν
2722 3484 3132 3561 Κωνσταντῖνον
3174 3508 3203 3561 ό
3247 3505 3430 3578 πατὴρ
3480 3523 3606 3576 μει-

338 3592 519 3646 eoque
553 3588 716 3647 pacto
740 3590 796 3632 et
827 3580 1139 3648 periculum
1171 3581 1435 3646 evasisse,
1463 3589 1521 3636 et
1551 3588 1786 3651 paterno
1816 3579 1921 3634 im-

2027 3600 2218 3671 ράκιον
2256 3599 2389 3654 ὄντα
2421 3599 2504 3671 τῷ
2538 3599 2815 3672 Γαλλερίῳ
2857 3602 2938 3664 εἰς
2967 3598 3237 3670 ὁμηρείαν
3268 3599 3605 3670 παρέσχετο,

335 3673 497 3739 Ρθτίο
523 3672 761 3740 Wlin
789 3687 936 3728 εεεθ·
1638 3726 1641 3729 λ
2022 3693 2091 3746 ἵν’
2139 3691 2431 3763 ὁμηρεύων
2478 3690 2599 3762 ἅμα
2646 3693 2741 3745 καὶ
2785 3692 2921 3763 πρὸς
2967 3693 3203 3761 ἄσκησιν
3253 3690 3606 3762 γυμνάζηται

331 3786 433 3855 τῆς
488 3787 689 3859 τέχνης
739 3789 839 3861 τῆς
898 3789 1309 3861 στρατιώτιδος.
1370 3789 1431 3844 '0
1500 3790 1559 3843 δὲ
1614 3789 1927 3861 περιδέξιον
1959 3788 2150 3842 τοῦτον
2201 3787 2370 3858 ὁρῶν,
2439 3790 2536 3843 καὶ
2591 3787 2827 3857 φθονῶν,
2871 3786 3021 3859 αὐτῷ
3064 3785 3409 3841 ἐπεϐούλευε.
3490 3786 3606 3839 Καὶ

335 3881 556 3950 πρῶτον
612 3884 713 3952 μὲν
756 3888 871 3949 τοῖς
914 3888 1239 3958 Σαρμάταις
1316 3887 1630 3958 μαχόμενος
1669 3885 1752 3959 τῷ
1830 3885 2058 3941 ἐκείνων
2114 3883 2347 3954 ἀρχηγῷ
2388 3885 2454 3936 ὲκ
2508 3886 2607 3953 τῆς
2694 3881 3001 3946 πανοπλίας
3049 3881 3311 3952 ἐπισήμῳ
3396 3879 3605 3948 τυγχά-

333 3991 478 4028 νοντι
525 3978 865 4048 προσέταξεν
916 3980 1188 4035 ἐπελθεῖν.
1241 3981 1300 4035 'U
1330 3981 1388 4034 δὲ
1431 3986 1529 4035 καὶ¹
1591 3981 1821 4052 ἐπῆλθε,
1884 3980 1982 4033 καὶ
2020 3977 2274 4048 ἀρπάσας
2314 3976 2481 4031 αὐτὸν
2516 3975 2696 4040 ζῶντα
2723 3976 2803 4048 τῷ
2843 3975 3125 4047 Γαλλερίῳ
3152 3975 3433 4045 ἐκόμισεν.
3460 3973 3603 4029 Εἶτα

332 4070 522 4122 λέοντα
582 4071 812 4140 φρικτόν
864 4090 986 4126 τινα
1039 4072 1183 4145 θῆρα
1245 4074 1341 4128 καὶ
1396 4075 1738 4145 παλαμναῖον
1816 4070 2073 4126 ἐκέλευσε
2140 4069 2419 4135 δέξασθαι.
2506 4070 2568 4123 '0
2630 4068 2690 4122 δὲ
2729 4069 2826 4123 καὶ
2855 4068 3047 4123 τοῦτον
3068 4069 3162 4123 τὸν
3204 4064 3368 4122 ἆθλον
3398 4067 3601 4140 ῆνυσεν

332 4161 694 4226 ἐπικινδύνως
740 4164 861 4233 μὲν,
900 4165 1003 4235 τῆς
1043 4166 1193 4229 θείας
1230 4166 1287 4220 δέ
1339 4182 1402 4235 γε
1446 4169 1668 4238 χάριτος
1735 4162 2117 4235 συντηρούσης
2180 4164 2367 4218 αὐτόν.
2439 4161 2606 4225 Γνοὺς
2643 4160 2689 4215 δ’
2750 4160 3004 4216 ἐντεῦθεν
3036 4160 3406 4233 φθονούμενος
3443 4162 3599 4230 παρά

332 4260 426 4313 τοῦ
474 4260 792 4331 Γαλὶερίου,
837 4263 933 4316 καὶ
987 4263 1481 4335 ἐπιϐουλευόμενος
1518 4263 1716 4327 νυκτὸς
1769 4261 1911 4331 μετά
1947 4276 2112 4314 τινων
2159 4254 2244 4323 οἷς
2297 4258 2522 4331 eodem
2605 4256 2838 4326 ἀπέδρα,
2881 4257 2979 4311 καὶ
3053 4257 3193 4329 πρὸς
3239 4257 3333 4311 τὸν
3382 4257 3598 4329 πατέρα

334 4352 731 4421 ἐπανελήλυθε.
814 4355 925 4406 Καὶ
974 4355 1003 4407 ό
1055 4357 1157 4423 μὲν
1214 4353 1390 4418 οὓτως
1443 4354 1538 4407 τόν
1597 4370 1660 4407 τε
1720 4351 1968 4407 κίνδυνον
2018 4351 2395 4421 διαπέφευγε,
2468 4350 2567 4406 καὶ
2617 4350 2717 4421 τῆς
2754 4348 3019 4421 πατρῴας
3063 4349 3345 4421 βασιλείας
3370 4351 3596 4423 ⁴Ιιξίωτο.

405 4446 650 4504 XXXIV.
696 4449 1025 4504 Maximinus
1062 4449 1369 4515 Licinium,
1415 4452 1642 4505 natione
1683 4449 1913 4514 Dacum,

2091 4445 2216 4504 AA'.
2253 4445 2562 4516 Μαξιμῖνος
2594 4444 2652 4498 δὲ
2702 4446 2963 4499 κοινωνὸν
3008 4445 3107 4514 τῆς
3151 4445 3328 4517 ἀρχῆς
3368 4446 3462 4499 τὸν
3500 4448 3589 4502 At.

332 4540 430 4609 qui
464 4539 814 4595 Constantini
855 4540 1033 4610 Magni
1060 4557 1306 4597 sororem
1342 4543 1397 4597 in
1426 4541 1780 4597 matrimonio
1811 4547 1913 4596 ha-

2027 4539 2217 4591 ιίννιον
2269 4537 2381 4608 (94)
2432 4534 2815 4605 προσειλήφει,
2863 4537 2927 4588 ὲκ
2965 4534 3165 4588 Δακῶν
3212 4535 3440 4589 ἕλκοντα
3492 4537 3594 4607 τὴν

338 4628 524 4693 bebat,
559 4629 780 4697 imperii
821 4630 1086 4698 collegam
1120 4631 1419 4695 asciturus,
1449 4630 1505 4685 in
1540 4630 1757 4702 Illyrico
1786 4630 1917 4684 reli-

2027 4629 2107 4681 τοῦ
2150 4634 2344 4697 γένους
2398 4627 2613 4696 σειρὰν,
2662 4626 2758 4679 καὶ
2809 4628 3060 4699 γαμϐρὸν
3099 4628 3230 4681 ὄντα
3259 4629 3348 4680 ἐπ’
3386 4629 3591 4701 άδελςξῇ

333 4722 474 4789 quit,
503 4729 563 4773 ut
588 4719 900 4774 Thracibus
921 4720 1014 4789 qui
1038 4736 1067 4774 a
1092 4720 1349 4776 Barbaris
1371 4721 1728 4787 vexabantur,
1751 4736 1914 4791 opem

2027 4720 2103 4774 τοῦ
2130 4720 2369 4792 μεγάλου
2415 4719 2854 4775 Κωνσταντίνου.
2905 4722 3181 4775 Κοινωνδν
3219 4720 3277 4775 δὲ
3305 4721 3401 4792 τῆς
3429 4722 3590 4793 βασι-

333 4812 525 4867 ferret.
552 4811 674 4880 Ipse
705 4810 936 4865 Romam
959 4811 1239 4881 profectus
1266 4820 1373 4878 est,
1400 4822 1462 4868 ut
1490 4828 1615 4868 cum
1643 4813 1917 4868 Maxentio

2027 4812 2162 4876 ιείας
2212 4799 2378 4865 αὐτὸν
2427 4813 2802 4882 ποιησάμενος
2833 4811 2924 4865 τὸν
2957 4813 3057 4881 μὲν
3089 4811 3150 4867 ἐν
3190 4811 3269 4882 τῷ
3307 4813 3592 4885 Ἰλλυρικῷ

335 4912 622 4974 pugnaret.
652 4901 863 4958 Deinde
892 4917 1017 4957 eum
1042 4904 1157 4958 suis
1185 4903 1455 4959 militibus
1480 4903 1770 4968 difﬁderet,
1795 4920 1918 4961 me-

2027 4903 2407 4958 ιαταλὲλοιπεν
2442 4903 2510 4957 ἶν’
2546 4902 2733 4975 ἀμύνῃ
2755 4906 2871 4969 τοῖς
2916 4903 3122 4977 Θρᾳξὶν
3156 4905 3261 4959 ὑπὸ
3288 4906 3592 4977 Βαρϐάρων

337 5006 500 5051 tuens
530 5009 598 5049 ne
621 4995 690 5049 ad
721 4994 934 5050 hostem
969 4995 1288 5062 transirent,
1319 4997 1524 5052 omisso
1552 4995 1696 5051 bello
1720 5011 1909 5053 reces-

2027 4994 2357 5066 thopévozg
2400 5011 2417 5026 ·
2449 4996 2653 5059 ἐκεῖνος
2673 4995 2721 5049 δ’
2751 4997 2831 5060 είς
2867 4995 3091 5066 Ῥώμην
3128 4996 3379 5066 ἀφίκετο,
3415 4998 3588 5066 μαχό-

332 5090 424 5144 sit.
455 5086 532 5142 Ac
556 5085 853 5153 Licinium,
883 5086 1012 5158 quia
1045 5087 1307 5158 collegam
1341 5100 1468 5141 eum
1494 5087 1753 5142 ascivisse
1786 5102 1906 5157 pce-

2027 5104 2174 5157 μενος
2202 5087 2340 5157 πρὸς
2363 5088 2689 5154 Μαξέντιον.
2708 5084 2865 5155 Εἶτα,
2888 5089 3017 5152 τοὺς
3041 5088 3277 5152 οἰκείους
3309 5087 3590 5152 ὑπόπτους

1530 5248 1726 5311 Variae
1759 5244 2063 5312 lectiones
2092 5253 2156 5311 et
2184 5253 2378 5312 notae.

407 5377 515 5445 (95)
551 5378 661 5433 Τὸν
696 5380 1019 5434 Λικίννιον.
1053 5378 1257 5434 Scribit
1312 5390 1620 5447 anonymus
1667 5375 1724 5447 in
1760 5375 1900 5447 AVita

2027 5376 2443 5447 natrimonium,
2483 5390 2573 5429 an.
2611 5375 2739 5435 5l'5.
2764 5391 2959 5430 verum
3007 5376 3203 5431 scribit
3237 5375 3581 5439 Lactantius,

333 5449 389 5503 S.
418 5444 626 5502 'Basilei
660 5450 1062 5519 archiepiscopi
1096 5448 1379 5512 Amazcni,
1416 5444 1477 5500 ιιζ
1507 5446 1540 5501 5
1565 5454 1623 5500 et
1649 5446 1706 5519 6,
1754 5444 1904 5501 Lici-
1999 5446 2058 5499 in
2089 5446 2185 5502 lib.
2218 5446 2292 5499 De
2314 5446 2525 5519 mortib,
2564 5456 2890 5513 persecutor.
2933 5462 2992 5519 n_.
3042 5448 3134 5514 46,
3176 5448 3245 5519 47
3274 5457 3330 5519 et
3355 5448 3445 5511 48,
3478 5450 3581 5500 alt-

337 5522 485 5571 nium
516 5519 802 5573 simulasse
833 5515 892 5573 se
923 5515 1045 5574 esse
1073 5519 1473 5576 Christianum.
1524 5526 1586 5571 ut
1630 5518 1905 5586 Constan-
1999 5526 2207 5584 quanto
2238 5525 2360 5586 post
2387 5516 2550 5569 initas
2578 5530 2704 5569 cum
2728 5530 2919 5571 sorore
2947 5515 3296 5571 Constantini
3333 5519 3581 5586 nuptias,

334 5590 464 5641 tiam
492 5586 835 5641 Constantini
874 5589 942 5642 M.
972 5604 1219 5643 sororem
1245 5591 1299 5641 in
1332 5602 1559 5641 uxorem
1595 5585 1879 5641 obtineret
1998 5601 2066 5639 ac
2097 5602 2220 5640 cum
2259 5584 2555 5639 Maximino
2579 5600 3032 5654 caugressurum,
3056 5602 3250 5641 somno
3282 5584 3580 5652 monitum,

334 5666 389 5708 ιιι
417 5660 614 5724 adepto
642 5658 872 5726 imperio
896 5660 948 5711 in
979 5658 1226 5721 Oriente,
1248 5658 1314 5710 atl
1344 5659 1607 5710 vomitum
1646 5656 1899 5711 rediisse.
1996 5654 2280 5710 Christum
2313 5656 2622 5726 invocasse,
2652 5654 2983 5725 dedisseque
3013 5656 3225 5712 litteras
3249 5658 3316 5711 ad
3349 5657 3577 5726 provin-

334 5726 495 5779 Certe
522 5724 913 5781 Constantinus
947 5728 1426 5782 Christianismum
1466 5728 1754 5788 amplexus
1783 5728 1905 5781 fue-
1998 5727 2212 5781 ciarum
2244 5725 2507 5795 prasides
2534 5724 2603 5778 de
2634 5724 2995 5780 restituendis
3031 5724 3365 5783 Christianis
3393 5728 3579 5783 cccle-

338 5807 422 5847 rat
446 5805 572 5851 ante
618 5796 815 5849 initum
884 5796 1026 5853 inter
1083 5797 1357 5852 Licinium
1408 5808 1467 5853 et
1517 5795 1901 5853 Constantiam
1978 5794 2508 5867 Isiis,()onstantiuo
2531 5802 2589 5850 et
2621 5794 2741 5864 ipso
2774 5810 2831 5849 ιιι
2862 5811 3005 5851 coss.
