4026 6430
347 392 483 457 moi
1577 389 1991 451 ANNALIUM
2038 389 2187 450 Lm.
2220 390 2361 450 xu.
2772 344 2779 349 ’
3219 409 3225 416 ·
3479 312 3617 455 lost

348 508 492 577 σχὼν
519 509 884 579 στρατιώτας,
937 505 1032 560 καὶ
1083 502 1349 575 φοϐηθεὶς
1387 502 1463 575 μὴ
1498 502 1823 573 πρόσθοιντο
1857 502 1937 573 τῷ

2053 501 2304 566 :iitncrat,
2332 500 2568 571 primum
2609 501 2748 555 clam
2780 516 2881 571 per
2909 484 3397 569 insidiasﬂleinde
3426 520 3620 577 aperto

347 601 549 673 ἐχθρῷ,
592 602 803 672 ἀπέστη
841 603 941 669 τῆς
976 600 1182 669 μάχης,
1223 596 1319 650 καὶ
1364 595 1709 665 ἀνεχώρησε.
1751 596 1936 649 Μετα-

2053 603 2214 649 :narte
2245 593 2497 657 adortus,
2535 593 2589 648 in
2626 592 2807 665 fugam
2841 596 3100 660 vertitur,
3139 599 3192 651 in
3228 614 3335 668 qua
3372 600 3616 669 seipsum

351 692 611 763 μεληθεὶς
644 691 690 744 δ’
730 693 826 745 ἐπὶ
870 693 935 762 τῇ
983 688 1296 760 προσλήψει
1328 687 1424 740 τοῦ
1476 686 1776 750 Λικιννίου,
1809 682 1939 754 πρό-

347 802 509 856 τερον
546 785 648 855 μέν
694 783 972 855 λαθραίως
1029 780 1180 851 αὐτῷ
1231 778 1634 840 ἐπεϐούλευεν,
1678 772 1798 829 εἶτα
1840 775 1937 828 καὶ

354 877 535 947 μάχην
575 875 697 930 κατ’
744 875 912 929 αὐτοῦ
948 874 1028 936 είς
1058 871 1373 942 τούμφανὲς
1403 869 1794 938 συνεστήσατο.
1825 866 1938 920 Καὶ

353 968 651 1039 συμϐαλὼν
702 968 854 1036 αὺτῷ
903 967 1196 1036 τρέπεται,
1238 962 1336 1017 καὶ
1383 962 1698 1033 ἡττώμενος
1740 958 1934 1029 ἔφυγε,

351 1061 448 1114 καὶ
508 1062 566 1113 ἐν
615 1063 681 1130 τῇ
737 1060 888 1128 φυγῇ
938 1056 1130 1111 ἐαυτὸν
1172 1055 1524 1125 διεχρήσατο.
1580 1053 1644 1106 Οί
1693 1051 1793 1122 μὲν
1843 1045 1937 1103 οὖν

350 1151 580 1222 τοιούτῳ
611 1150 759 1204 τέλει
817 1148 1128 1203 καταλῦσαι
1169 1147 1269 1218 τὴν
1309 1146 1455 1216 ζωὴν
1505 1145 1802 1215 ἱστόρησαν
1845 1141 1939 1195 τὸν

356 1242 687 1313 Μαξιμῖνον,
738 1242 789 1294 οῖ
842 1241 899 1295 δέ
953 1242 1096 1294 κατά
1153 1238 1502 1313 Χριστιανῶν
1542 1236 1708 1291 αὑτὸν
1761 1236 1938 1304 ἐκμα-

355 1337 517 1390 νέντα
561 1334 839 1405 μετελθεῖν
883 1334 986 1406 τὴν
1035 1333 1188 1388 θείαν
1229 1333 1387 1402 δίκην
1460 1327 1938 1400 παραδεδώκασιν.

354 1427 554 1490 Ἕλκος
583 1427 692 1496 γὰρ
746 1426 1028 1496 ἐνσκῆψαν
1062 1424 1230 1480 αὐτοῦ
1265 1426 1394 1496 περὶ
1436 1422 1528 1477 τὸν
1553 1421 1800 1492 βουϐῶνα
1844 1418 1942 1474 καὶ

353 1518 452 1589 τὴν
505 1517 639 1572 αίδὼ
692 1518 1106 1589 χαλεπώτατον,
1154 1518 1224 1571 τά
1271 1518 1374 1587 τῆς
1429 1513 1727 1576 ἀκολασίας
1770 1509 1939 1565 αὐτοῦ

354 1609 742 1663 ἐπιϐόσκεσθαι
773 1608 1005 1680 ὄργανα.
1038 1608 1138 1664 Ἐκ
1162 1608 1220 1662 δέ
1249 1624 1315 1676 γε
1348 1607 1450 1677 τῆς
1482 1605 1703 1676 σήψεως
1730 1604 1941 1658 τούτων

353 1703 449 1757 καὶ
492 1702 787 1772 σκώληκας
845 1701 1316 1773 ἀναϐράσσεσθαι,
1367 1701 1464 1753 καὶ
1508 1695 1739 1753 εἶναιτὸ
1767 1698 1940 1763 πάθος

356 1794 597 1849 ἀνίατον.
638 1793 864 1864 ’ἰατρῶν
889 1794 944 1846 δέ
967 1794 1094 1856 τοὺς
1121 1793 1221 1863 μὲν
1245 1792 1474 1845 αὐτόθεν
1491 1790 1941 1862 ἀπαγορεύοντας

2038 685 2347 740 interemit.
2384 686 2452 739 Et
2488 685 2593 740 hoc
2624 684 2790 740 modo
2818 686 3172 742 Maximinum
3204 690 3457 759 periisse,
3493 694 3619 762 qui-

2040 777 2166 832 dam
2203 778 2448 832 tradunt.
2481 778 2588 832 Alii
2625 786 2880 834 auctores
2914 789 3065 845 sunt,
3099 795 3228 835 eum
3258 781 3447 839 furore
3481 801 3623 855 quo-

2039 868 2165 923 dam
2211 881 2402 923 contra
2440 868 2788 926 Christianos
2833 879 3173 939 grassantem
3198 913 3214 936 ,
3255 874 3456 930 divinae
3494 879 3620 932 vin-

2038 961 2203 1015 dictae
2230 975 2422 1031 poenas
2454 960 2710 1027 dedisse,
2748 962 2935 1017 ulcere
2974 963 3299 1034 gravissimo
3333 967 3475 1022 circa
3514 969 3617 1024 bu-

2037 1048 2241 1105 bonem
2268 1061 2327 1105 et
2355 1049 2610 1120 pudenda
2636 1060 2781 1116 orto,
2810 1054 2955 1121 quod
2982 1053 3350 1111 instrumenta
3374 1057 3624 1115 libidinis

2038 1142 2158 1213 ejus
2186 1144 2599 1212 consumpserit
2628 1162 2639 1195 :
2676 1159 2800 1197 nam
2828 1159 2897 1199 ex
2926 1160 2989 1200 ca
3021 1146 3424 1215 putrefactione
3454 1152 3619 1207 etiam

2039 1250 2261 1291 vermes
2298 1238 2584 1305 erupisse,
2630 1244 2687 1291 et
2728 1238 2931 1291 malum
2980 1239 3149 1295 fuisse
3193 1241 3617 1301 immedicabile.

2038 1326 2281 1383 Medicus
2328 1339 2535 1394 autem,
2585 1328 2680 1399 qui
2721 1339 2980 1384 conatum
3028 1331 3296 1389 faciendae
3336 1336 3624 1393 medicina?

2040 1418 2225 1474 statim
2271 1419 2587 1484 vetuvrinl,
2644 1421 2948 1475 crudelitcr
2992 1436 3115 1498 esse
3154 1424 3477 1494 iugulatus:
3526 1430 3620 1498 qui

2040 1527 2177 1566 vero
2223 1513 2512 1566 curatione
2562 1522 2817 1582 suscepta
2868 1514 3005 1568 nihil
3049 1514 3215 1588 646
3264 1520 3621 1587 profecerim,

2042 1602 2439 1658 immanissime
2498 1604 2834 1669 trucidatos,
2888 1606 3035 1675 quod
3094 1623 3159 1662 ea
3206 1620 3467 1678 praestare
3514 1629 3624 1668 non

2042 1707 2309 1766 possent,
2357 1711 2481 1766 quae
2536 1697 2676 1751 artis
2723 1696 3042 1753 facultatem
3088 1712 3433 1770 superarent.
3486 1703 3626 1760 Sero

2046 1786 2269 1843 tandem
2306 1788 2644 1857 suspicatum
2681 1797 3005 1861 tyrannum,
3052 1806 3111 1847 se
3156 1792 3483 1861 injustarum
3517 1813 3626 1851 cm-

354 1882 454 1956 τὴν
512 1883 829 1955 ἐγχείρησιν
873 1882 1041 1952 ὠμῶς
1084 1880 1556 1951 ἀποσφάττεσθαι,
1589 1881 1717 1944 τοὺς
1757 1881 1802 1933 δ’
1826 1883 1946 1934 ἐπι-

2053 1878 2200 1934 dium
2234 1879 2513 1935 cultorum
2545 1879 2751 1935 Christi
2781 1880 2913 1935 dare
2948 1897 3162 1951 poenas,
3193 1885 3398 1954 ubique
3430 1887 3628 1943 edictis

355 1973 677 2046 χειροῦντας
724 1975 844 2044 μὲν,
889 1974 966 2045 μὴ
995 1974 1328 2044 δυναμένους
1352 1972 1398 2026 δ’
1432 1973 1763 2038 ἀκέσασθαι,
1795 1972 1946 2025 κτεί-

356 2066 544 2119 νεσθαι
605 2066 976 2136 ἀπηνέστατα,
1029 2066 1114 2118 ὅτι
1184 2064 1260 2136 μὴ
1315 2064 1633 2136 κατώρθουν
1684 2063 1943 2119 ἀδύνατα.

370 2157 501 2225 ’0ψέ
533 2157 575 2210 δ’
603 2153 702 2210 οὖν
732 2157 1077 2223 ὑποτοπῆσαι
1126 2156 1217 2210 τὸν
1255 2156 1520 2227 τύραννον
1557 2156 1646 2210 διὰ
1678 2157 1805 2220 τοὺς
1826 2157 1948 2210 ἀδί·

358 2265 487 2311 κους
535 2251 728 2316 φόνους
775 2250 886 2302 τῶν
929 2247 1021 2301 τὸν
1064 2249 1301 2318 Χριστὸν
1351 2247 1663 2318 σεϐομένων
1705 2246 1947 2301 τιννύναι

358 2336 537 2406 δίκην,
563 2337 660 2389 καὶ
690 2336 945 2390 ἐκθέσθαι
967 2336 1318 2404 θεσπίσματα
1349 2334 1626 2404 πανταχοῦ
1656 2333 1946 2387 κελεύοντα

360 2430 635 2498 παυθῆναι
690 2429 780 2481 τὸν
828 2428 969 2482 κατά
1019 2429 1366 2499 Χριστιανῶν
1409 2427 1672 2498 διωγμὸν,
1709 2427 1807 2479 καὶ
1849 2425 1948 2496 ζῇν

361 2522 607 2584 ἐκείνους
640 2520 737 2574 καὶ
777 2519 1103 2591 θρησκεύειν
1152 2519 1226 2582 ώς
1265 2518 1561 2589 βούλοιντο,
1597 2517 1855 2589 εὔχεσθαί
1890 2534 1948 2570 τε

362 2613 504 2683 ὑπὲρ
540 2612 727 2666 αὐτοῦ.
763 2611 1060 2665 Κάνταῦθα
1095 2610 1151 2664 δὲ
1199 2610 1366 2663 διττοὶ
1408 2610 1657 2678 λέγονται
1687 2609 1870 2678 λόγοι·
1922 2610 1950 2662 ό

368 2708 467 2778 μὲν
491 2707 601 2776 γὰρ
638 2705 1023 2774 ἀπαλλαγῆναι
1065 2704 1229 2757 αὐτὸν
1260 2703 1355 2757 τοῦ
1404 2704 1614 2766 πάθους
1662 2703 1814 2772 παρά
1841 2705 1949 2757 πᾶ-

368 2816 468 2853 σαν
500 2798 694 2850 ἐλπίδα
726 2798 912 2867 φησιν,
946 2793 1048 2847 εἶτ’
1085 2793 1243 2857 αὖθις
1278 2795 1561 2865 ἐπεγεῖραι
1593 2794 1683 2846 τὸν
1713 2794 1951 2864 διωγμὸν

368 2878 461 2943 καὶ
501 2887 827 2957 ἀδιόρθωτον
877 2887 1081 2956 μεῖναι,
1111 2884 1215 2949 ἕως
1246 2879 1308 2936 οὗ
1344 2886 1436 2937 τοῦ
1464 2886 1522 2937 ἐν
1562 2885 1708 2954 χειρὶ
1747 2885 1951 2955 Κυρίου

368 2983 629 3053 ποτηρίου
664 2981 757 3034 τὸν
781 2980 1012 3050 τρυγίαν
1040 2978 1257 3043 ἐξέπιεν
1303 2993 1319 3008 ⁶
1356 2979 1384 3031 ὁ
1414 2978 1456 3030 δ’
1485 2977 1673 3048 ἐτερος
1706 2979 1953 3047 ἀρνεῖται

362 3076 444 3148 τῷ
464 3074 650 3128 ἀσεϐεῖ
681 3072 775 3143 τὴν
821 3073 1152 3142 ἀνάρῤωσιν,
1196 3070 1270 3133 ώς
1301 3071 1366 3122 ἐκ
1407 3071 1506 3139 τῆς
1536 3069 1835 3140 εἰρημένης
1862 3084 1953 3121 τε·

364 3163 689 3235 λευτήσαντι
723 3161 902 3224 νόσου,
941 3159 1038 3211 καὶ
1077 3157 1426 3225 ἀνενεγκόντι
1452 3159 1517 3209 ἐκ
1546 3157 1642 3209 τοῦ
1684 3155 1952 3226 στόματος

367 3255 679 3325 σκώληκας.
729 3251 786 3306 '0
819 3252 919 3321 μὲν
961 3246 1053 3304 οὗν
1084 3249 1208 3304 καθ’
1250 3249 1348 3302 ἐνα
1390 3249 1609 3319 τρόπων
1652 3247 1761 3301 τῶν
1803 3249 1947 3300 ίστο-

370 3346 645 3416 ρηθέντων
693 3341 882 3411 βιαίως
931 3341 1214 3412 ἀπέρρηξε
1270 3339 1371 3410 τὴν
1425 3339 1595 3409 ζωήν.
1649 3338 1737 3391 Ἐν
1783 3337 1842 3390 δὲ
1880 3339 1947 3408 τῇ

383 3437 571 3507 Ῥώμῃ
619 3436 729 3507 ($5)
780 3435 878 3503 τῆς
923 3434 1033 3487 τῶν
1081 3436 1290 3485 πιστῶν
1343 3431 1669 3500 Ἐκκλησίας
1710 3433 1948 3501 προέστη

372 3530 511 3600 μετά
554 3525 923 3598 Μαρκελλῖνον
947 3525 1004 3577 ἐν
1033 3522 1176 3576 ἔτεσι
1201 3523 1324 3577 δυσὶ
1369 3522 1467 3595 τὴν
1494 3521 1838 3593 λειτουργίαν
1860 3523 1951 3574 ἐκ-

373 3622 656 3692 πλήσαντα
702 3617 983 3682 Εὐσέϐιος,
1016 3616 1076 3671 ὃν
1120 3617 1261 3687 μετὰ
1297 3615 1545 3670 ἐνιαυτὸν
1590 3615 1821 3669 θανόντα
1873 3615 1953 3666 δι-

369 3714 589 3782 εδέξατο
639 3710 959 3781 Μιλτιάδης.
1017 3709 1126 3762 Καὶ
1179 3708 1273 3761 ἐπὶ
1301 3709 1566 3778 τέσσαρσι
1618 3705 1951 3775 προστάντος

373 3810 642 3871 ἐνιαυτοῖς
697 3807 808 3859 τῶν
866 3809 927 3860 ἐν
988 3804 1175 3876 Ῥώμῃ
1228 3805 1437 3856 πιστῶν
1484 3803 1579 3855 τοῦ
1627 3800 1949 3866 Μιλτιάδου,

371 3902 694 3971 Σίλϐεστρος
719 3899 963 3969 διάδοχος
985 3899 1231 3965 γέγονεν.
1269 3897 1358 3950 Ἐν
1399 3895 1701 3965 ’Δντιοχείᾳ
1726 3893 1784 3947 δέ
1814 3893 1955 3962 μετὰ

371 3996 646 4064 Τύραννον
668 3994 786 4055 ἐτος
811 3993 1262 4059 ἐπισκοπήσαντα
1304 3986 1772 4056 τρισκαιδέκατον,
1815 4001 1953 4054 προ-

371 4083 651 4152 εχειρίσθη
701 4081 974 4145 Βιτὰλιος,
1002 4082 1092 4133 καὶ
1125 4079 1313 4132 τοῦτον
1350 4076 1508 4130 ἕκτον
1542 4075 1658 4138 ἔτος
1684 4074 1954 4129 ἀνύσαντα

373 4174 645 4239 διεδέξατο
704 4173 1035 4242 Φιλογένης,
1105 4169 1351 4238 κάκείνῳ
1400 4169 1563 4222 πέντε
1613 4167 1956 4221 ἁνυσθέντων

376 4265 659 4329 ἐνιαυτῶν,
695 4266 887 4332 γέγονε
928 4262 1194 4324 Παυλῖνος
1244 4259 1511 4331 διάδοχος.
1551 4259 1673 4317 Τῶν
1703 4258 1746 4312 δ’
1799 4258 1960 4330 Ἰερο-

376 4359 626 4430 σολύμων
657 4358 792 4428 μετὰ
825 4355 1036 4409 Ζάϐδιν
1068 4356 1160 4407 ἐπὶ
1200 4354 1427 4406 δέκατον
1466 4351 1957 4424 λελειτουργηκότα

375 4456 617 4507 ἐνιαυτὸν
680 4453 908 4520 Ἕρμων
962 4446 1314 4518 ἐκληρώσατο
1368 4445 1459 4500 τδν
1501 4445 1690 4515 θρόνον
1719 4445 1811 4497 τὸν
1860 4447 1958 4514 ἀρ-

2049 1972 2351 2042 propositis
2395 1971 2841 2042 persecutionem
2884 1972 3323 2031 Christianorum
3361 1978 3626 2044 inhiberi,

2048 2070 2214 2133 atque
2260 2063 2384 2118 illos
2428 2065 2638 2127 vivere,
2675 2078 2740 2119 ac
2779 2065 2951 2120 Deum
2980 2081 3081 2121 suo
3113 2068 3382 2123 arbitratu
3420 2071 3622 2135 colere,

2047 2164 2104 2210 et
2132 2170 2230 2224 pro
2265 2154 2440 2224 ipsius
2474 2155 2653 2210 salute
2685 2166 2810 2211 vota
2836 2156 3017 2212 facere
3041 2158 3294 2226 iussisse.
3331 2162 3509 2232 Atque
3536 2164 3627 2218 hic

2048 2246 2217 2300 etiam
2257 2244 2463 2315 duplex
2501 2261 2692 2301 rumor
2728 2256 2886 2302 ortus
2924 2255 3029 2302 est.
3074 2249 3213 2304 Nam
3246 2250 3339 2305 alii
3380 2252 3628 2317 tradunt,

2049 2342 2251 2405 praeter
2297 2350 2517 2389 omnem
2559 2351 2713 2406 spem
2746 2351 2814 2392 eo
2857 2338 3051 2393 morbo
3092 2338 3418 2410 liberatum,
3468 2358 3631 2397 renu-

2049 2442 2209 2481 vasse
2239 2429 2681 2496 persecutionem
2726 2443 2833 2483 non
2872 2434 3101 2486 mutatis
3139 2434 3417 2499 moribus,
3453 2434 3631 2489 donec

2049 2519 2234 2588 poculi
2271 2519 2419 2589 quod
2452 2519 2717 2574 Dominus
2752 2535 2917 2575 manu
2951 2530 3122 2588 tenet,
3153 2523 3326 2579 fecem
3362 2526 3634 2581 exhausi--

2052 2614 2162 2667 rit:
2193 2612 2287 2666 alii
2320 2612 2695 2667 valetudinem
2728 2621 3115 2684 recuperatam
3146 2626 3433 2687 negantes,
3475 2633 3541 2672 ex
3564 2637 3632 2672 eo

2053 2705 2465 2777 malo-impium
2504 2705 2809 2761 decessisse
2847 2707 3090 2774 tradunt,
3122 2723 3186 2763 ac
3222 2724 3438 2765 vermes
3461 2711 3628 2766 etiam

2052 2814 2152 2869 per
2191 2813 2255 2854 os
2296 2799 2576 2870 rejecisse.
2628 2797 2748 2853 Uno
2793 2810 2949 2853 certo
2995 2815 3064 2854 ex
3111 2800 3201 2856 his
3243 2802 3421 2857 modis
3462 2804 3631 2858 vitam

2053 2890 2295 2959 abrupit.
2344 2889 2533 2945 Romae
2568 2890 2735 2944 ccetui
2783 2887 3027 2943 ﬁdelium
3057 2899 3184 2960 post
3223 2891 3632 2956 Marcellinum,

2054 2981 2274 3036 duobus
2318 2980 2480 3036 annis
2516 2981 2825 3036 sacerdotio
2860 2982 3135 3049 functum,
3176 2984 3451 3040 Eusebius
3491 3002 3633 3055 prm-

2056 3074 2198 3130 fuit:
2232 3075 2320 3130 cui
2353 3082 2478 3144 post
2511 3089 2714 3128 annum
2750 3082 3006 3142 mortuo,
3040 3077 3310 3131 successit
3336 3077 3632 3140 Miltiades,

2055 3166 2151 3236 qui
2195 3181 2321 3221 cum
2371 3166 2628 3221 fidelibus
2672 3165 3101 3236 quadriennium
3145 3167 3476 3237 praefuisset,
3522 3168 3628 3224 Sil-

2059 3266 2303 3312 vestrum
2341 3273 2716 3315 successorem
2760 3258 3008 3328 reliquit.
3039 3258 3347 3313 Antiochiae
3376 3268 3501 3328 post
3531 3259 3637 3330 Ty-

2059 3364 2293 3404 rannum
2321 3366 2417 3404 xtn
2441 3350 2604 3405 annis
2631 3350 2954 3421 episcopatu
2982 3348 3253 3412 functum,
3282 3347 3529 3404 delectus
3552 3361 3639 3405 est

2060 3443 2274 3499 Vitalis.
2311 3443 2452 3498 Huic
2484 3453 2606 3514 post
2632 3443 2958 3498 sexennium
2988 3442 3259 3497 successit
3288 3442 3637 3514 Philogenes;

2060 3542 2227 3604 atque
2267 3533 2314 3588 is
2346 3548 2566 3603 quoque
2596 3537 2755 3588 annis
2786 3549 2821 3587 v
2859 3532 3088 3597 exactis,
3123 3531 3414 3587 Paulinum
3447 3532 3642 3587 habuit

2061 3641 2464 3682 successorem.
2504 3625 2903 3695 Hierosolymis
2939 3635 3067 3696 post
3103 3624 3367 3692 Zabdam,
3405 3625 3501 3695 qui
3533 3626 3640 3679 mi-

2061 3719 2350 3774 nisterium
2381 3718 2446 3772 ad
2478 3718 2753 3772 decimum
2790 3733 2998 3772 annum
3030 3718 3190 3784 obiit,
3231 3717 3472 3773 Hermon
3503 3733 3645 3788 pon-

2064 3811 2285 3865 tificiam
2309 3809 2496 3863 sedem
2516 3818 2601 3863 est
2620 3790 2866 3865 sortitus.
2885 3809 3226 3863 Alexandriae
3243 3817 3366 3879 post
3387 3819 3639 3864 sanctum

2062 3909 2358 3970 martyrem
2386 3898 2643 3963 Petrum,
2675 3898 2772 3967 qui
2807 3897 3145 3967 pontiﬁcium
3180 3899 3370 3979 sedem
3404 3915 3500 3967 per
3534 3914 3636 3953 an-

2063 4006 2165 4045 nos
2194 4007 2248 4045 xt
2295 4000 2553 4055 ornarat,
2596 3991 2908 4046 Alexander
2953 3990 3329 4061 pontificatum
3371 3992 3635 4047 obtinuit.

2062 4082 2250 4136 Romae
2276 4080 2540 4136 Silvestro
2565 4098 2662 4151 per
2687 4096 2864 4136 annos
2884 4097 3049 4136 xxvm
3077 4083 3396 4153 episcopatu
3422 4083 3634 4148 functo,

2060 4171 2242 4227 Julius
2270 4170 2529 4225 Ecclesiae
2566 4186 2635 4225 xv
2661 4172 2822 4226 annis
2850 4171 3089 4242 praefuit.
3117 4173 3246 4227 Post
3272 4189 3436 4242 quem
3469 4171 3635 4229 Libe-

2065 4264 2181 4317 rius
2203 4270 2418 4317 sextum
2439 4261 2678 4316 absolvit
2700 4276 2939 4329 annum;
2968 4263 3131 4332 eique
3153 4266 3423 4319 successit
3445 4265 3645 4319 Dama-

2064 4370 2188 4421 sus,
2220 4354 2313 4425 qui
2350 4368 2520 4408 xxvm
2558 4368 2733 4409 annos
2770 4352 2961 4409 ﬁdeles
2995 4354 3166 4424 pavit.
3210 4354 3368 4409 Hunc
3408 4354 3645 4411 Siricius

2065 4455 2311 4511 secutus,
2343 4446 2504 4501 annis
2536 4463 2622 4500 xvn
2656 4444 3023 4502 ministerium
3051 4447 3212 4502 obiit.
3243 4446 3454 4503 Deinde
3477 4447 3643 4502 Innu-

375 4546 708 4619 χιερατικόν.
748 4545 859 4613 Τῆς
909 4542 952 4595 δ’
1021 4539 1439 4609 ’Λλεξανδρείας
1499 4539 1638 4609 μετὰ
1673 4537 1767 4590 τὸν
1819 4538 1950 4608 ἱερο-

2064 4539 2279 4596 ccntius
2302 4547 2387 4594 est
2409 4539 2639 4604 electus,
2671 4538 2766 4608 qui
2803 4539 3064 4608 populum
3097 4540 3314 4594 Domini
3340 4555 3440 4609 per
3463 4553 3639 4593 annos

380 4643 630 4711 μάρτυρα
666 4637 895 4704 Πέτρον,
937 4635 1071 4686 δέκα
1110 4634 1290 4685 ἐτεσιν
1334 4632 1419 4701 ἐφ’
1450 4632 1532 4685 ἐνὶ
1575 4631 1668 4684 τὸν
1719 4630 1819 4698 τῆς
1857 4632 1958 4699 ἁρ-

377 4731 717 4803 χιερωσύνης
773 4728 965 4798 θρόνον
1026 4729 1403 4794 κοσμήσαντα,
1462 4721 1808 4790 Ἀλέξανδρος
1865 4722 1963 4791 τὴν

378 4823 795 4894 ἀρχιερωσύνην
840 4824 1097 4891 ἔσχηκεν.
1150 4818 1240 4871 Ἐν
1279 4815 1336 4869 δέ
1382 4814 1570 4887 Ῥώμῃ
1613 4815 1749 4884 μετά
1775 4813 1962 4865 Σίλίέε-

2062 4649 2129 4688 xv
2153 4630 2380 4687 erudiit.
2420 4629 2540 4696 Quo
2571 4638 2812 4693 mortuo,
2858 4629 3112 4685 Zosimus
3143 4630 3197 4683 in
3233 4630 3492 4685 Ecl-lesiaa
3525 4629 3638 4684 Ru—

2059 4739 2235 4778 manae
2281 4722 2423 4778 solio
2461 4731 2549 4776 est
2593 4722 2937 4777 collo‘catus:
2980 4723 3068 4776 cui
3118 4722 3449 4777 duodecimo
3494 4737 3645 4776 anno

2058 4824 2252 4872 exacto
2294 4814 2561 4869 successit
2604 4812 2973 4882 Caelestinus,
3006 4814 3100 4884 qui
3146 4813 3307 4869 annis
3347 4814 3537 4869 decem
3583 4813 3645 4866 in

381 4933 541 4985 στρον
596 4914 684 4967 ἐπ’
730 4914 878 4967 ἔτεσι
920 4908 1412 4981 λελειτουργηκότα
1449 4908 1625 4961 εἰκοσι
1664 4905 1762 4959 καὶ
1817 4902 1950 4956 me

2057 4906 2376 4979 pontiﬁcatu
2398 4905 2617 4969 claruit,
2646 4905 2818 4975 Hujus
2846 4921 3136 4961 successor
3154 4906 3259 4961 fuit
3289 4905 3515 4978 Xystus,
3543 4905 3645 4974 qui.

392 5009 609 5071 Ἰούλιος
650 5008 890 5076 προέστη
920 5005 1020 5073 τῆς
1068 5001 1399 5070 Ἐκκλησίας
1421 4998 1518 5069 ἐτη
1545 4996 1961 5051 πεντεκαίδεκα.

380 5102 515 5156 Μεθ’
560 5100 620 5154 ὃν
658 5098 912 5168 Αιϐέριος
958 5097 1118 5150 ’ἐκτον
1157 5094 1356 5166 ἦνυσεν
1395 5091 1666 5157 ἐνιαυτὸν,
1708 5091 1963 5144 κάκεῖνον

379 5194 653 5260 διεδέξατο
721 5192 1008 5262 Δάμασος,
1062 5187 1210 5242 ὀκτὼ
1267 5186 1365 5241 καὶΙ
1418 5186 1623 5239 εἴκοσιν
1681 5183 1965 5244 ἐνιαυτοὺς

384 5290 654 5356 ποιμάνας
711 5286 837 5349 τοὺς
888 5284 1153 5346 πιστούς·
1195 5282 1292 5335 καὶ
1341 5280 1531 5333 τοῦτον
1578 5279 1838 5350 Σιρίκιο,,
1868 5280 1967 5348 ἐτη

384 5383 773 5448 λειτουργήσας
819 5376 1139 5430 ἑκκαίδεκα.
1178 5371 1311 5427 Εἶτα
1350 5371 1768 5442 προκεχείριστο
1806 5370 1964 5423 'lvvo-

388 5472 592 5534 κέντιος
624 5469 757 5540 (96),
807 5470 867 5521 ἐν
904 5467 1303 5520 πεντεκαίδεκα
1330 5466 1595 5526 ἐνιαυτοῖς
1622 5463 1840 5526 διδάξας
1873 5462 1964 5513 τὸν

2061 5012 2156 5053 vni
2197 5013 2375 5053 annos
2404 4997 2646 5055 duravit.
2686 4998 2895 5053 Deinde
2922 4998 3037 5054 Leo
3063 5000 3117 5053 in
3157 4999 3279 5070 ejus
3314 4999 3498 5053 locum
3528 4998 3643 5051 suf-

2063 5091 2244 5147 fectus
2286 5099 2394 5155 est,
2436 5090 2533 5160 qui
2581 5105 2768 5145 veram
2808 5090 3119 5146 doctrinam
3161 5099 3268 5159 “per
3305 5105 3483 5144 annos
3515 5104 3642 5143 xxiv

2062 5180 2331 5236 defendit.
2377 5180 2563 5236 Leone
2593 5180 2892 5244 defuncto,
2933 5180 3144 5235 Hilario
3187 5180 3245 5235 in
3289 5179 3425 5234 sede
3467 5178 3643 5233 collo-

2064 5282 2223 5330 catus
2250 5283 2335 5330 est
2361 5292 2375 5327 :
2407 5278 2499 5344 qui
2533 5290 2587 5328 γι
2618 5275 2780 5328 annis
2802 5274 3059 5344 expletis,
3088 5272 3344 5328 electioni
3369 5271 3641 5342 Simplicii

2062 5367 2427 5432 locnm'fccit,
2469 5367 2562 5437 qui
2589 5376 2645 5422 et
2679 5369 2794 5436 ipse
2822 5382 2969 5421 anno
2998 5382 3091 5419 xix
3118 5365 3416 5420 ministerii
3441 5364 3638 5418 deces-

2066 5461 2156 5514 ait.
2191 5459 2353 5531 647
2388 5460 2445 5514 In
2470 5461 2593 5530 ejus
2624 5459 2804 5514 locum
2832 5457 3184 5514 introductus
3213 5467 3297 5513 est
3320 5456 3509 5511 Felix:
3545 5456 3643 5525 qui

1583 5581 1779 5642 Varias
1814 5579 2118 5641 lectiones
2160 5588 2213 5640 el
2259 5586 2451 5639 notua.

465 5694 573 5763 (95)
620 5694 721 5747 Ἓν
754 5692 823 5746 δὲ
852 5689 925 5758 τῇ
967 5690 1176 5763 Ῥώμῃ.
1206 5688 1337 5755 Quze
1356 5686 1618 5763 deinceps
1654 5684 1957 5763 adduntur,

387 5756 588 5822 absumi
613 5766 681 5818 ab
714 5780 822 5817 uno
854 5756 1083 5817 e'codd.
1103 5760 1233 5829 lteg.
1263 5769 1320 5813 et
1353 5758 1536 5823 Colb.,
1565 5756 1959 5829 describuntur

385 5848 518 5893 vero
547 5835 604 5891 in
634 5834 811 5890 tribus
841 5834 964 5887 aliis
993 5828 1123 5902 lleg.
1159 5827 1324 5900 atque
1349 5829 1462 5885 haec
1485 5827 1707 5897 quidem
1750 5840 1959 5895 suppo-

2065 5684 2258 5745 sititia.
2303 5698 2406 5737 nec
2435 5683 2661 5736 Zonarze
2689 5695 2811 5735 esse
2844 5680 3121 5735 videntur.

2139 5756 2249 5824 (96)
2289 5752 2703 5819 ’Iwoxérnoc.
2735 5750 2866 5823 Reg.
2916 5752 3254 5811 ἰνοκεντιοςο
