4026 6414
377 376 520 445 i895

1655 362 1982 426 JOANNIS
2036 357 2358 422 ZONARA!

3502 341 3667 407 1096

375 508 525 550 nono
543 503 690 546 anno
714 485 1031 549 defunctus,
1057 480 1279 539 Gelasio
1308 479 1579 535 honorem
1603 475 1834 545 reliquit
1861 489 1959 545 per
1983 530 1984 533 η

2087 470 2153 525 τοῦ
2184 469 2394 541 Κυρίου
2421 465 2570 520 λαόν.
2610 462 2724 517 Καὶ
2754 457 3004 529 Ζώσιμος
3050 454 3129 527 τῷ
3168 455 3346 527 θρόνῳ
3375 455 3475 525 τῆς
3512 456 3676 509 Ῥω..

373 579 817 657 quinquennium
849 576 1167 634 fruendum.
1206 574 1336 629 Post
1365 586 1493 626 eum
1523 568 1848 623 Anastasius
1877 575 1963 622 est

375 679 627 733 electus:
662 671 757 742 qui
782 684 926 724 anno
948 677 1148 738 quarto
1176 666 1388 734 elapso,
1415 662 1807 733 Symmachum
1840 672 1965 714 suc-

377 780 653 824 cessorem
685 762 901 826 habuit,
934 759 1031 830 qui
1063 773 1187 812 cum
1219 770 1395 810 annos
1428 770 1504 808 xu
1541 752 1598 806 in
1641 750 1965 820 pontiﬁcatu

379 858 685 927 exegisset,
721 851 1044 907 Hormisdas
1085 858 1170 905 est
1212 848 1445 910 electus,
1485 843 1593 897 Sed
1626 841 1718 895 hic
1743 855 1966 909 quoque

381 949 600 1004 decimo
657 960 802 999 anno
851 941 1143 997 ministerii
1198 948 1431 992 mortem
1486 935 1648 990 obiit.
1705 933 1968 989 Romanae

382 1052 516 1091 vero
539 1034 795 1089 Ecclesiae
814 1031 972 1086 sedes
996 1030 1263 1085 Joannem
1290 1027 1344 1080 in
1374 1026 1677 1081 triennium
1700 1020 1966 1091 suscepit.

384 1127 517 1183 Post
535 1140 697 1195 quem
722 1123 870 1178 Felix
897 1121 1163 1175 Romanis
1187 1118 1442 1173 ﬁdelibus
1466 1117 1707 1187 praal’uit.
1731 1122 1971 1185 quatuor

387 1232 563 1273 annos
605 1231 672 1270 eo
717 1216 927 1268 honore
955 1213 1199 1283 gavisus.
1254 1211 1463 1265 Deinde
1509 1208 1826 1263 Bonifacius
1871 1220 1972 1275 per

387 1308 674 1363 biennium
704 1307 1085 1375 episcopatum
1111 1303 1462 1373 gubernavit.
1494 1302 1625 1356 Post
1652 1300 1799 1353 hunc
1824 1298 1969 1365 Aga-

388 1407 551 1466 petus
576 1396 892 1466 designatus
915 1402 1019 1457 est,
1052 1394 1144 1461 qui
1175 1407 1300 1446 cum
1326 1391 1527 1445 summi
1551 1389 1786 1460 pastoris
1807 1386 1971 1443 Chri-

388 1488 457 1541 sti
488 1502 708 1556 gregem
732 1485 1041 1538 Romanum
1065 1481 1281 1536 duobus
1306 1481 1467 1536 annis
1489 1490 1546 1535 et
1569 1481 1685 1549 ipse
1710 1479 1971 1549 pavisset,

389 1588 602 1633 natura:
643 1578 895 1632 debitum
938 1574 1227 1645 persolvit.
1272 1574 1461 1628 Roma:
1504 1583 1686 1626 autem
1730 1571 1976 1641 pontifex

388 1670 602 1723 electus
658 1677 745 1724 est
792 1668 1115 1724 Silvcrius:
1170 1681 1394 1735 unoque
1451 1680 1599 1718 anno
1651 1662 1975 1733 pontiﬁcatu

392 1759 638 1821 functus,
680 1761 847 1813 vitam
889 1758 1091 1827 exegit.
1138 1756 1313 1825 llujus
1362 1769 1654 1809 successor
1689 1752 1972 1821 Virgilius,

2067 562 2246 634 μαίων
2284 557 2619 630 Ἐκκλησίας
2666 552 2932 624 ἐνίδρυτο,
2971 549 3224 610 θανόντος
3270 546 3664 601 Ἰννοκεντίου.

2071 658 2168 708 ⁸ον
2200 652 2500 707 δωδέκατον
2538 646 2779 717 ἠνυκότα
2837 642 3085 697 ἐνιαυτὸν
3118 640 3439 701 Κελεστῖνος
3479 638 3670 693 διεδέ-

2066 746 2217 813 ξατο,
2246 744 2337 796 ἐπ’
2369 742 2464 813 έτη
2513 741 2580 809 τῇ
2629 731 3012 807 ἀρχιερωσύνη
3064 731 3201 784 δέκα
3255 728 3665 799 ἐνδιαπρέψας.

2067 838 2258 906 Τούτῳ
2305 834 2510 895 Ξύστος
2561 831 2809 900 διάδοχος
2864 828 3115 896 γέγονεν,
3159 822 3347 892 ὃγδοον
3401 821 3668 875 ἐνιαυτὸν

2067 929 2385 999 διαρκέσας.
2430 920 2563 978 Εἶτα
2595 920 2748 976 Λέων
2785 916 3142 987 ἀντεισήχθη,
3202 914 3314 967 τῶν
3346 912 3522 983 ὀρθῶν
3580 913 3674 966 60-

2069 1022 2297 1091 γμάτων
2315 1016 2833 1086 άντιποιησάμενος,
2862 1012 2950 1065 ἐπ’
2974 1012 3152 1062 ἐτεσιν
3174 1009 3348 1062 εἴκοσι
3378 1004 3516 1077 πρὸς
3543 1006 3671 1068 τοῖς

2068 1114 2354 1180 τέσσαρσι.
2398 1109 2506 1163 Καὶ
2540 1105 2855 1167 ἐκλιπόντος
2882 1102 2977 1155 τοῦ
3009 1101 3240 1163 Λέοντος
3289 1097 3538 1168 Ἰλαρίων
3577 1097 3669 1158 είς

2069 1203 2163 1257 τὸν
2213 1200 2403 1271 θρόνον
2455 1197 2773 1268 ἀνθίδρυτο,
2833 1193 2993 1246 ἐκτον
3049 1189 3335 1260 ἐκπλήσας
3382 1186 3667 1241 ἐνιαυτόν.

2072 1291 2216 1345 Ἀνθ’
2273 1283 2447 1359 οὗπερ
2516 1284 2845 1357 Σιμπλίκιος
2895 1279 3009 1349 (97)
3072 1276 3506 1347 κεχειροτόνητο,
3561 1276 3672 1328 καὶ

2073 1384 2167 1436 ἐπὶ
2195 1379 2687 1436 ἐννεακαιδέκατον
2725 1375 2844 1436 ἐτος
2889 1371 2951 1425 τδ
2994 1371 3094 1437 τῆς
3146 1368 3517 1439 ποιμαντικῆς
3563 1363 3673 1419 καί

2072 1470 2226 1535 οὕτω
2267 1472 2643 1543 λειτούργημα
2697 1464 2979 1528 διανύσας,
2999 1462 3216 1529 ἐξέλιπε
3240 1477 3256 1493 ⁸
3304 1459 3401 1513 καὶ
3439 1459 3673 1512 ἀντεισ-

2076 1566 2217 1637 ῆκτο
2250 1564 2440 1635 Φῆλιξ.
2478 1560 2716 1629 Ἐννάτῳ
2746 1558 2791 1612 δ’
2844 1554 3075 1625 ἐνιαυτῷ
3106 1556 3199 1607 καὶ
3229 1549 3382 1616 οὗτος
3421 1551 3673 1605 ἐκλελοι-

2079 1659 2217 1725 πὼς,
2250 1656 2496 1728 Γελασίῳ
2524 1655 2624 1725 τὴν
2657 1650 2825 1723 τιμὴν
2849 1648 3233 1712 καταλέλοιπε,
3266 1646 3431 1698 πέντε
3455 1643 3677 1714 ταύτης

2080 1751 2452 1806 ἁπολαύσαντι
2520 1749 2638 1819 ἐτη.
2693 1744 2829 1800 Μεθ’
2879 1742 2940 1797 ὃν
2988 1739 3346 1800 ’Δναστάτιος
3398 1735 3672 1804 ἐπελέγη.

392 1868 518 1907 cum
551 1867 679 1905 xvut
710 1851 871 1904 anuis
901 1849 1159 1903 Ecclesia:
1188 1846 1523 1918 praefuisset,
1559 1845 1614 1897 in
1640 1846 1761 1914 ejus
1789 1844 1972 1898 locum

2087 1847 2241 1900 Μετὰ
2282 1845 2543 1913 τέταρτον
2595 1817 2655 1894 δὲ
2713 1836 2809 1893 καὶ
2860 1829 3013 1898 οὗτος
3061 1831 3312 1888 ἐνιαυτὸν
3365 1830 3473 1884 ὑπὸ
3525 1831 3681 1900 Συμ-

394 1944 664 1996 sull'ectus
712 1950 798 1994 est
846 1940 1145 2010 Pelagius:
1190 1939 1283 2008 qui
1332 1938 1579 2007 quinque
1624 1936 1784 1988 anuis
1826 1934 1980 1989 obito

395 2033 724 2093 ministerio,
766 2029 1028 2084 decessit.
1073 2029 1318 2083 Romana
1352 2042 1484 2079 vero
1517 2025 1675 2079 sedes
1711 2025 1978 2078 Joannem

398 2127 458 2178 in
485 2140 577 2177 vui
612 2139 787 2177 anno
818 2119 1083 2189 suscepit,
1114 2128 1171 2173 et
1210 2128 1336 2189 post
1380 2118 1527 2171 hunc
1565 2115 1890 2186 Gregorium
1925 2114 1980 2168 iu

399 2230 575 2269 annos
620 2230 709 2267 xv.
754 2212 888 2267 Post
936 2211 1087 2277 hunc
1130 2220 1399 2280 perpetua
1444 2209 1605 2263 sedes
1648 2220 1839 2261 eorum
1887 2204 1982 2274 qui

403 2309 667 2363 Romanae
702 2305 963 2361 Ecclesiae
994 2303 1367 2374 praefuerunt,
1405 2318 1513 2356 nou
1543 2300 1837 2369 reperitur.
1868 2298 1982 2351 Au—

402 2401 622 2456 liochize
673 2415 802 2453 Vero
852 2398 1167 2468 Ctelesyria:
1209 2395 1533 2449 Eustathius
1581 2392 1843 2457 Paulino,
1888 2389 1983 2458 qui

402 2491 717 2546 ministerio
757 2488 1202 2559 quinquennium
1240 2494 1484 2547 vacarat,
1523 2482 1814 2538 successit.
1845 2480 1983 2536 Cum

402 2583 729 2637 Eustathius
754 2582 941 2636 lideles
968 2595 1144 2635 annos
1174 2595 1305 2633 xuu
1334 2578 1599 2648 pavisset,
1628 2574 1986 2644 Euphronius

404 2692 505 2746 per
526 2691 701 2729 annos
723 2690 819 2728 vut
850 2671 1208 2727 ministravit.
1234 2670 1365 2725 Post
1386 2684 1549 2738 quem
1587 2667 1865 2721 Phlacitus
1910 2682 1985 2720 xu

406 2769 656 2842 explevit
703 2783 900 2823 annos.
952 2765 1161 2820 Deinde
1204 2762 1521 2832 Stephanus
1571 2759 1686 2812 Arii
1726 2766 1986 2821 sectator,

407 2863 666 2919 Ecclesia:
699 2877 795 2932 per
825 2858 1126 2914 triennium
1173 2871 1232 2910 se
1271 2852 1518 2923 ingessit.
1566 2850 1695 2904 Post
1726 2849 1876 2906 hunc
1906 2850 1991 2902 in-

408 2956 700 3010 troductus
730 2963 815 3009 est
860 2951 1147 3011 Leontius,
1190 2948 1285 3018 qui
1321 2963 1412 2999 \lll
1445 2960 1592 3000 anno
1637 2943 1990 3012 episcopatus

414 3058 649 3102 mortem
681 3047 837 3101 obiit.
868 3046 998 3099 Post
1026 3044 1174 3096 hunc
1198 3039 1557 3093 Antiochense
1586 3036 1848 3090 Ecclesiae
1880 3035 1992 3088 Eu-

2085 1939 2260 2009 μάχου
2313 1935 2582 2005 διεδέχθη.
2622 1927 2697 1987 OB
2744 1928 3071 1985 δυοκαίδεκα
3124 1923 3411 1987 ἐνιαυτοὺς
3470 1922 3567 1976 ἐπὶ
3595 1924 3675 1993 τῇ

2082 2029 2463 2103 ἀρχιερωσύνη
2543 2024 2937 2094 διαγαγόντος,
3007 2018 3303 2090 Ὀρμίσδας
3366 2015 3678 2081 ἐξείλεκτο.

2083 2125 2308 2192 Δεκάτῳ
2333 2122 2391 2176 δέ
2430 2120 2524 2175 καὶ
2581 2113 2743 2181 οὗτος
2773 2114 3010 2186 ἐνιαυτῷ
3041 2117 3105 2167 τὸ
3136 2109 3515 2181 λειτούργημα
3546 2107 3682 2160 δια·

2087 2214 2277 2276 νύσας,
2336 2212 2601 2267 κατέλυσε
2627 2209 2729 2279 τὴν
2780 2208 2948 2277 ζωὴν,
2990 2205 3087 2260 καὶ
3133 2202 3391 2270 Ἰωάννην
3418 2202 3446 2252 ό
3475 2197 3683 2268 θρόνος

2083 2312 2183 2378 τῆς
2228 2307 2519 2376 Ῥωμαίων
2560 2303 2895 2374 Ἐκκλησίας
2942 2299 3214 2363 διεδέξατο
3256 2297 3349 2350 ἐπὶ
3402 2292 3681 2365 τριετίαν.

2086 2400 2219 2455 Μεθ’
2247 2382 2315 2452 ὃν
2339 2397 2507 2467 Φῆλιξ
2543 2398 2648 2449 τῶν
2697 2398 2756 2449 ἐν
2815 2394 2999 2463 Ῥώμη
3042 2391 3279 2462 προέστη
3329 2386 3559 2451 πιστῶν,
3582 2402 3686 2438 τε-

2085 2494 2347 2564 τραετίαν
2374 2493 2471 2561 τῆς
2504 2489 2673 2560 τιμῆς
2708 2486 3043 2547 ἀπολαύσας.
3075 2480 3209 2536 Εἶτα
3235 2482 3553 2550 Βονιφάτιος
3582 2477 3687 2532 ἐπὶ

2087 2584 2289 2639 διετίαν
2352 2585 2451 2655 τῆς
2520 2581 2855 2651 προστασίας
2925 2578 3145 2651 ἠξίωτο,
3207 2575 3302 2626 καὶ
3357 2573 3452 2626 ἐπὶ
3501 2571 3686 2634 τούτῳ

2103 2675 2411 2743 Ἀγαπητὸς
2448 2672 2558 2744 (98)
2609 2670 3057 2741 προκεχείριστο.
3109 2664 3231 2718 Δύω
3279 2662 3337 2715 δὲ
3378 2664 3472 2717 καὶ
3518 2655 3688 2725 οὗτος

2089 2768 2373 2829 ἐνιαυτοὺς
2421 2766 2694 2834 ποιμάνας
2736 2764 2797 2816 τὸ
2828 2770 2886 2815 ἐν
2932 2762 3123 2833 Ῥώμῃ
3156 2757 3252 2813 τοῦ
3283 2756 3688 2827 ἀρχιποιμένος

2092 2856 2330 2924 Χριστοῦ
2368 2856 2641 2925 ποίμνιον,
2684 2853 2914 2908 ἀπέτισε
2960 2850 3020 2904 τὸ
3045 2849 3243 2921 χρεών,
3273 2849 3370 2902 καὶ
3396 2850 3684 2917 ἐχειροτοο

2092 2946 2228 3019 νήθη
2269 2947 2486 3016 Ῥώμης
2514 2944 2808 3014 ἀρχιερεὺς
2851 2941 3161 3012 Σιλϐήριος.
3204 2938 3419 2993 Ἐναδέ
3461 2942 3554 2991 καὶ
3581 2930 3686 2992 οὗ·-

2092 3056 2183 3102 τος
2212 3036 2653 3109 ἀρχιερατεύσας
2704 3033 2954 3088 ἐνιαυτὸν
2990 3033 3090 3103 τὴν
3126 3030 3273 3102 ζωὴν
3320 3030 3683 3100 ἐξεμέτρησε.

410 3147 609 3196 d..xtus
663 3139 901 3193 alterum
953 3149 1159 3189 annum
1209 3130 1450 3202 praefuit.
1503 3129 1633 3184 Post
1680 3127 1984 3183 Eudoxium

2100 3133 2208 3185 Καὶ
2230 3130 2403 3200 τούτῳ
2448 3127 2693 3198 διάδοχος
2737 3126 2976 3195 Βιγίλιος
3028 3125 3274 3193 γέγονεν.
3326 3119 3684 3176 Ὀκτωκαιδέ-

416 3237 656 3287 Arianus
691 3239 949 3301 quartum
976 3242 1183 3282 annum
1212 3225 1316 3278 fuit
1339 3223 1651 3294 episcopus.
1678 3220 1803 3275 Post
1843 3219 1992 3273 hunc

414 3325 668 3380 Meletius
699 3339 879 3379 annos
915 3337 1040 3374 xxv.
1076 3320 1207 3374 Post
1232 3319 1382 3372 hunc
1411 3316 1704 3370 Flavianus
1729 3314 1996 3368 Christia-

416 3418 505 3474 nis
528 3431 703 3471 annos
730 3430 856 3468 xxvi
888 3412 1129 3483 prmfuit.
1161 3408 1368 3464 Deinde
1394 3407 1713 3461 Theodotus
1743 3406 1997 3460 ministe-

420 3512 565 3565 rium
600 3507 868 3576 suscepit,
908 3506 963 3558 in
1004 3517 1182 3572 eoque
1213 3516 1389 3556 annos
1426 3516 1479 3555 IV
1508 3501 1714 3569 exegit.
1744 3497 1803 3552 ln
1833 3498 1998 3568 hujus

422 3616 603 3657 tocum
626 3600 868 3655 Joannes
894 3596 1265 3661 introductus,
1292 3609 1390 3664 per
1410 3607 1584 3647 annos
1609 3606 1735 3645 xvui
1759 3588 1998 3646 duravit.

423 3692 532 3747 Pro
552 3690 761 3746 Joanne
790 3689 1034 3742 Domnus
1061 3685 1291 3746 electus,
1318 3697 1494 3737 annos
1513 3697 1603 3736 xtu
1628 3691 1815 3751 postea
1842 3679 2001 3736 vixit.

426 3787 560 3839 Post
590 3798 752 3853 quem
783 3784 838 3837 in
871 3777 1231 3836 Antiochense
1260 3775 1515 3831 Ecclesiae
1542 3775 1798 3827 thronum
1828 3772 2000 3827 Maxi-

426 3897 549 3935 mus
571 3875 943 3939 iutroductus,
963 3874 1019 3927 in
1047 3888 1115 3927 eo
1139 3886 1369 3926 munere
1392 3868 1821 3939 quadriennium
1843 3866 2000 3920 vixit:

426 3984 748 4028 successore
785 3965 1068 4036 Martyrio,
1108 3965 1200 4033 qui
1239 3979 1289 4016 ιχ
1327 3961 1567 4032 explevit
1595 3962 1651 4014 in
1681 3959 2004 4029 magistratu

426 4077 634 4118 annos.
666 4058 873 4114 Deinde
891 4054 1153 4110 Julianus
1176 4053 1230 4107 in
1254 4067 1316 4107 ca
1350 4050 1630 4121 pontiﬁcia
1656 4049 1806 4115 sede,
1831 4061 2006 4102 annos

431 4170 482 4207 νι
516 4151 786 4213 consedit,
826 4158 876 4202 et
908 4146 1133 4201 Petrum
1172 4155 1554 4197 successorem
1587 4139 1802 4193 habuit.
1841 4136 2008 4208 648

2096 3241 2263 3280 κατον
2299 3223 2358 3277 δέ
2405 3221 2599 3275 τούτου
2648 3219 2768 3284 ἐτος
2806 3218 3123 3289 διηνυκότος
3171 3219 3227 3271 ἐν
3265 3219 3332 3289 τῇ
3380 3217 3540 3288 ἀρχῇ,
3581 3214 3683 3267 άν-

2098 3312 2303 3387 θῃρέθη
2323 3311 2612 3380 Πελάγιος.
2649 3312 2768 3377 Ὃς,
2805 3310 3055 3379 πέμπτον
3085 3308 3329 3361 ἐνιαυτὸν
3356 3312 3420 3377 τῇ
3444 3307 3687 3376 λειτουρ-

2098 3406 2195 3476 γίᾳ
2221 3402 2555 3475 ἐσχολακὼς,
2588 3401 2824 3473 ἀπῆλθε,
2848 3403 2944 3455 καὶ
2985 3401 3238 3469 Ἰωάννην
3263 3401 3296 3471 ή
3320 3398 3689 3470 ἀρχιερατικὴ

2100 3496 2340 3566 καθέδρα
2377 3495 2489 3550 τῶν
2524 3493 2813 3564 Ῥωμαίων
2866 3491 3084 3557 ἐδέξατο
3133 3493 3225 3544 ἐπὶ
3256 3494 3470 3563 χρόνοις
3515 3490 3690 3554 ὀκτὼ,

2101 3585 2199 3638 καὶ
2232 3585 2372 3656 μετά
2413 3583 2603 3637 τοῦτον
2638 3584 2936 3654 Γρηγόριυν
2976 3581 3069 3635 ἐπὶ
3101 3583 3519 3635 πεντεκαίδεκα.
3547 3580 3691 3634 Μεθ’

2100 3677 2159 3731 δν
2185 3678 2368 3731 οὐκέτι
2403 3674 2545 3729 κατὰ
2578 3678 2863 3745 συνέχειαν
2894 3675 2944 3728 οί
2970 3674 3071 3746 τῆς
3119 3675 3411 3744 Ῥωμαίων
3457 3673 3695 3743 Ἐκκλη-

2106 3768 2228 3832 σίας
2274 3767 2611 3837 προστάντες
2670 3765 2957 3837 εὕρηνται.
3009 3765 3098 3818 Ἐν
3155 3764 3456 3833 Ἀντιοχείᾳ
3498 3763 3556 3816 δὲ
3618 3764 3694 3834 τῇ

2107 3862 2251 3917 κατὰ
2302 3861 2506 3931 Κοίλην
2561 3859 2764 3930 Συρίαν
2813 3858 2904 3913 τὸν
2953 3859 3218 3911 Παυλῖνον
3261 3856 3356 3926 ἐτη
3405 3855 3567 3909 πέντε
3619 3859 3693 3925 τῇ

2104 3952 2424 4024 λειτουργίᾳ
2469 3950 2810 4022 σχολάσαντα
2862 3948 3166 4012 Εὐστάθιος
3224 3948 3536 4015 διεδέξατο,
3596 3951 3698 4001 καὶ

2105 4045 2201 4099 τοῦ
2249 4043 2548 4098 Εὑσταθίου
2596 4042 2684 4097 ἐπ’
2729 4042 2823 4114 έτη
2872 4042 3241 4111 ποιμάναντος
3282 4042 3412 4104 τοὺς
3465 4041 3697 4105 πιστοὺς

2107 4137 2508 4200 ὀκτωκαίδεκα,
2537 4135 2835 4206 Εὐφρόνιος
2873 4132 3290 4205 ἐλειτούργησεν
3329 4133 3445 4195 ἔτος
3480 4133 3693 4202 ὄγδοον.

429 4241 532 4299 Cui
564 4240 804 4294 triennio
826 4218 1298 4308 post'Stephanus
1331 4231 1621 4295 successit,
1655 4227 1881 4282 totidem
1908 4242 1978 4281 an

2108 4226 2245 4282 Μεθ’
2272 4228 2331 4281 ὃν
2363 4225 2629 4288 Φλάκιτος
2652 4224 2957 4278 δωδέκατον
2996 4224 3194 4294 ἤνυσεν
3233 4223 3383 4286 ἔτος·
3415 4219 3537 4277 εἶτα
3565 4224 3699 4277 Στέ-

433 4347 536 4387 ιιοε
573 4328 902 4401 pontiﬁcatu
932 4326 1179 4381 functus.
1213 4322 1267 4375 lu
1297 4317 1567 4389 Stephani
1598 4317 1783 4372 locum
1813 4313 1984 4370 Calan.

2111 4336 2278 4390 φανος
2330 4318 2657 4389 αἱρεσιώτης
2709 4315 2922 4383 Ἀρείου
2981 4313 3400 4386 παρεισεφθάρη
3458 4317 3523 4385 τῇ
3581 4314 3702 4366 Ἐκ-

434 4424 527 4479 dio
568 4423 836 4477 sulfectus
864 4426 972 4484 est,
1002 4425 1059 4471 et
1097 4415 1228 4469 huic
1260 4420 1384 4483 post
1408 4409 1838 4481 quadriennium
1870 4407 1979 4460 aliu

2113 4412 2314 4483 κλησίᾳ
2352 4410 2446 4463 ἐπὶ
2491 4409 2673 4483 τρίτον
2705 4408 2974 4474 ἐνιαυτὸν,
3027 4407 3124 4461 καὶ
3176 4407 3315 4475 μετά
3356 4405 3547 4460 τοῦτον
3577 4406 3695 4458 εἰσ-

437 4515 632 4571 Petrus
670 4510 960 4572 successit.
1001 4507 1098 4577 qui
1131 4504 1428 4560 Ecclesiam
1463 4517 1561 4572 per
1583 4497 1885 4554 triennium
1908 4513 1984 4567 gul

2087 4499 2249 4579 ’ἦκτο
2288 4481 2568 4567 -Λεόντιος.
2609 4501 2835 4571 Ὄγδοον
2886 4501 2946 4554 δὲ
3000 4500 3097 4555 καὶ
3138 4494 3292 4564 οὗτος
3326 4499 3445 4563 ἔτος
3476 4501 3702 4552 ἐπισκο-

436 4604 708 4660 hernavit.
734 4601 908 4671 Hujus
942 4611 1230 4653 successor
1251 4592 1464 4648 exstitit
1488 4590 1786 4651 Palladius,
1820 4587 1984 4643 decen

2115 4601 2317 4668 πήσας,
2363 4595 2629 4651 κατέλυσε
2661 4594 2764 4663 τὴν
2804 4592 2974 4664 ζωὴν,
3003 4592 3099 4646 καὶ
3121 4594 3214 4645 ἐπὶ
3244 4591 3422 4662 τούτῳ
3453 4591 3697 4661 προέστη

436 4693 598 4749 annis
654 4693 711 4746 in
769 4692 1092 4761 magistratu
1150 4685 1383 4740 exactis.
1446 4681 1657 4736 Deinde
1721 4678 1984 4733 Flavianu

2112 4692 2214 4761 τῆς
2254 4689 2572 4760 Ἀντιοχέων
2622 4685 2950 4756 Ἐκκλησίας
2991 4685 3241 4751 Εὑδόξιος
3270 4683 3390 4748 ἐτος
3422 4683 3698 4752 δεύτερον,

440 4792 660 4839 creatus
700 4780 1017 4851 cpiscOpus,
1062 4792 1158 4832 xm
1200 4773 1381 4828 annis.
1428 4772 1560 4827 Post
1612 4785 1739 4825 eum
1779 4768 1984 4824 Sevcru

2114 4784 2211 4838 καὶ
2244 4782 2336 4836 ἐπὶ
2394 4779 2472 4851 τῷ
2524 4778 2766 4847 Εὑδοξίῳ
2822 4778 3106 4849 ’Δρῤιανὸς
3154 4777 3536 4846 ἐπεσκόπησεν
3578 4775 3701 4836 ἔτος

441 4891 518 4931 vu
572 4873 733 4929 annis
778 4872 1087 4942 gubernata
1138 4866 1402 4930 Ecclesia,
1452 4862 1765 4933 Euphrasio
1804 4873 1984 4915 sacrar

2115 4875 2399 4947 τέταρτον.
2435 4874 2551 4928 Καὶ
2584 4872 2728 4944 μετὰ
2754 4870 2942 4926 τοῦτον
2975 4871 3258 4935 Μελέτιος,
3297 4869 3578 4931 ἐνιαυτοὺς
3619 4867 3703 4920 ef-

445 4968 631 5025 sedem
662 4965 890 5034 reliquit
923 4981 938 5017 :
967 4963 1056 5017 cui
1093 4970 1220 5032 post
1255 4974 1459 5012 annum
1488 4956 1744 5027 quintum
1780 4949 2018 5022 Ephrai-

2118 4982 2273 5022 κοσιν
2320 4964 2414 5018 ἐπὶ
2458 4962 2642 5017 πέντε.
2690 4961 2827 5017 Μεθ’
2865 4960 2924 5014 δν
2971 4960 3268 5023 Φλαϐιανὸς
3319 4961 3559 5030 προέστη
3593 4958 3700 5010 τῶν

448 5074 571 5114 mus
599 5054 885 5121 successit,
914 5064 972 5110 et
1000 5054 1057 5107 in
1084 5050 1393 5105 ministerio
1420 5062 1595 5103 annos
1625 5059 1756 5100 xvut
1787 5042 1944 5099 vixit.

2117 5057 2531 5129 Χριστωνύμων
2574 5055 2661 5108 ἐπ’
2693 5056 2872 5107 ἔτεσιν
2916 5054 3089 5107 εἴκοσι
3123 5053 3259 5122 πρὸς
3289 5056 3403 5115 τοῖς
3449 5052 3532 5125 ἒξ.
3568 5049 3696 5104 Εἶτα

446 5176 695 5237 Θεόδοτος
736 5174 835 5243 τὴν
885 5167 1233 5241 λειτουργίαν
1256 5164 1551 5231 διεδέξατο,
1586 5162 1682 5215 καὶ
1739 5154 2058 5228 τετραετίαν
2095 5153 2286 5225 ἤνυσε.
2333 5148 2445 5203 Καὶ
2514 5147 2637 5201 ἀντὶ
2716 5144 2908 5199 τούτου
2975 5145 3231 5214 Ἰωάννης
3297 5145 3551 5215 εἰσήχθη,
3611 5143 3701 5196 καὶ

447 5233 733 5338 διήρκεσεν
764 5233 849 5315 ἐπ’
880 5261 997 5324 ἔτος
1020 5233 1510 5313 ὀκτωκαιδέκατον.
1562 5251 1709 5303 Ἀντὶ
1776 5248 1835 5302 δὲ
1913 5244 2163 5299 Ἰωάννου
2228 5242 2437 5311 Δόμνος
2508 5235 2945 5308 κεχειροτόνητο,
2990 5233 3259 5305 ἐπιζήσας
3300 5239 3365 5306 τῇ
3400 5238 3707 5307 χειροτονίᾳ

447 5329 633 5431 ὄγδοον
677 5360 830 5421 έτος·
885 5357 979 5409 καὶ
1029 5351 1325 5423 ἀνθιδρύθη
1353 5347 1431 5418 τῷ
1473 5345 1648 5416 θρόνῳ
1712 5343 1811 5412 τῆς
1892 5341 2210 5410 Ἀντιοχέων
2286 5332 2609 5403 Ἐκκλησίας
2653 5330 2927 5399 Μάξιμος,
2964 5329 3050 5381 ἐπ’
3111 5332 3393 5392 ἐνιαυτοὺς
3416 5334 3708 5399 ἐπιμείνας

448 5422 518 5528 τῇ
564 5453 869 5525 προστασίᾳ
925 5422 1217 5517 τέσσαρας.
1265 5444 1361 5505 Ὃς
1441 5440 1547 5494 ὑπὸ
1590 5433 1907 5509 Μαρτυρίου
1961 5430 2233 5503 διεδέχθη,
2286 5428 2503 5481 ἔννατον
2557 5426 2655 5480 καὶ
2739 5422 2930 5475 τούτου
2993 5424 3058 5495 τῇ
3142 5426 3286 5495 ἀρχῇ
3352 5424 3707 5486 διανύσαντος

452 5519 621 5612 ἔτος.-
666 5519 953 5607 Ἰουλιανὸς
1012 5542 1055 5594 δ’
1108 5541 1301 5594 ἔπειτα
1357 5537 1436 5600 είς
1488 5533 1584 5605 τὴν
1634 5527 2029 5602 ἀρχιερατικὴν
2067 5525 2274 5595 ταύτην
2337 5521 2605 5592 καθέδραν
2655 5519 2908 5574 ἐκάθισεν
2943 5521 3035 5574 ἐπὶ
3099 5521 3257 5576 ἕκτον
3297 5519 3559 5583 ἐνιαυτὸν,
3610 5520 3709 5573 καὶ

1644 5686 1844 5753 Variae
1876 5680 2180 5746 lectiones
2210 5687 2271 5743 et
2303 5689 2493 5743 notua.

427 5813 434 5819 ’
530 5823 640 5893 (97)
667 5822 1037 5894 Σιμπλίκιος.
1066 5820 1201 5891 Reg.
1225 5815 1578 5889 Συμπλίκιος.

2214 5805 2322 5877 (98)
2368 5804 2708 5876 Ἀγαπητός.
2738 5803 2869 5874 Reg.
2915 5800 3309 5874 Ἀγαπητικὸς.
3342 5797 3535 5855 Melius
3552 5797 3674 5854 alii.
