4026 6418
297 430 430 494 109⁸1
1519 424 1891 488 ANNALIU]

1974 425 2122 485 LIB.
2161 425 2336 484 XIII.
3394 421 3532 486 1093

286 535 445 606 οὗτος
476 541 602 613 ἔσχε
656 539 859 612 Πέτρον
914 537 1178 610 διάδοχον.
1221 536 1318 592 ’ον
1370 537 1511 607 μετὰ
1557 541 1744 610 τριετῆ
1811 538 2004 610 χρόνον
2035 539 2307 609 Στέφανος
2379 534 2670 604 διεδέξατο,
2719 535 3040 607 ἰσαρίθμους
3103 537 3539 608 ἀρχιερατεύσας

286 637 587 700 ἐνιαυτούς.
632 635 722 706 Τῷ
749 637 805 690 δὲ
846 635 1105 704 Στεφάνῳ
1175 632 1495 688 Καλανδίων
1540 634 1652 706 (99)
1684 634 1902 705 ἐγένετο
1940 633 2188 706 ἔφεδρος.
2249 629 2362 687 Καὶ
2401 631 2577 703 τούτῳ
2610 627 2753 702 μετά
2796 632 3115 700 τετραετίαν
3156 634 3356 702 Πέτρος
3383 633 3542 696 άὶλος

286 729 629 801 ἐφήδρευσε,
681 729 870 799 τριετῆ
921 726 1113 797 χρόνον
1163 725 1264 797 τὴν
1319 726 1652 798 Ἐκκλησίαν
1727 726 2110 798 κατεσχηκὼς.
2157 716 2236 779 0³5
2306 722 2550 794 διάδοχος
2615 721 2913 786 Παλλάδιος
2989 723 3202 791 γέγονε,
3254 721 3541 778 δεκαετίαν

287 824 498 888 ἀνύσας
546 825 605 878 ἐν
646 825 712 894 τῇ
772 823 937 893 ἀρχῇ.
993 817 1126 876 Εῐτα
1170 821 1471 886 Φλαϐιανδς
1520 821 1716 894 ᾑρέθη,
1773 822 1868 875 ἐπὶ
1939 821 2074 875 δέκα
2139 818 2235 875 καὶ
2281 819 2432 891 τρεῖς
2479 816 2914 890 ἀρχιερατεύσας
2966 816 3265 881 ἐνιαυτούς.
3313 819 3450 872 Μεθ’
3479 817 3539 870 ὃν

285 911 522 982 Σευῆρος
589 911 820 981 ἕϐδομον
874 911 1272 981 λειτουργήσας
1343 913 1593 965 ἐνιαυτὸν
1644 912 1859 983 ἀφῆκεν
1932 910 2230 981 Εὐφρασίῳ
2291 909 2392 979 τῆν
2467 908 2738 978 καθέδραν
2798 907 2899 978 τὴν
2969 907 3143 978 ἱεράν.
3251 910 3350 961 Ὃν
3402 909 3546 978 μετά

287 1005 538 1073 πέμπτον
603 1003 722 1067 ἔτος
788 1003 1115 1074 Ἐφραῖμιος
1184 1001 1488 1070 διεδέξατοο
1521 1001 1668 1056 ὀκτὼ
1742 1002 1789 1056 δ’
1823 1004 1917 1057 ἐπὶ
1959 1005 2093 1057 δέκα
2117 1001 2341 1073 χρόνους
2361 1000 2568 1055 ἐπεϐίω
2605 993 2762 1064 οὗτος
2805 999 2883 1070 τῷ
2941 999 3391 1071 λειτουργήματι.

1129 1395 1480 1482 LIBER
1565 1393 2084 1482 DECIMUS
2161 1397 2715 1486 TERTIUS.

361 1605 434 1663 a'.
490 1604 647 1660 Οὕτω
672 1604 800 1676 ’μὲν
859 1598 974 1669 οὖν,
1012 1603 1089 1667 ὡς
1121 1604 1357 1675 είρηται,
1387 1601 1489 1672 τῆς
1518 1602 1614 1656 τοῦ
1652 1602 1864 1672 πατρὸς

2045 1603 2136 1671 1|.
2155 1605 2245 1660 Sic
2265 1605 2453 1676 igitur,
2473 1615 2533 1661 ut
2551 1607 2765 1663 dictum
2785 1618 2890 1676 est,
2908 1609 3305 1667 Constantinus
3321 1611 3548 1684 Magnus

280 1699 570 1771 βασιλείας
598 1700 627 1752 ὁ
664 1698 840 1768 μέγας
879 1698 1291 1759 Κωνσταντίνος
1339 1697 1586 1765 διάδοχος
1614 1695 1862 1764 γέγονεν,

1973 1697 2118 1765 regni
2144 1699 2357 1766 paterni
2382 1714 2672 1755 successor
2685 1701 2919 1769 exstitit,
2948 1702 3254 1773 imperator
3276 1713 3546 1774 perpetua

275 1792 315 1845 ὁ
355 1791 414 1844 ἐν
440 1787 754 1861 βασιλεῦσιν
813 1787 1060 1859 ἀοίδιμος
1120 1786 1216 1840 καὶ
1250 1787 1310 1840 ἐν
1335 1785 1641 1856 ὀρθοδόξοις
1668 1788 1866 1853 ἐπιση-

278 1883 543 1954 μότατος.
571 1882 670 1944 ’Ὀς
709 1881 773 1934 ἐκ
822 1881 922 1950 τῆς
983 1877 1266 1950 μακαρίας
1332 1878 1558 1947 Ἑλένης
1601 1875 1867 1945 γεγένητο

273 1975 364 2047 τῷ
385 1975 575 2045 πατρὶ,
606 1975 735 2045 περὶ
764 1967 834 2045 ἦς
871 1971 1238 2042 διαφωνοῦσιν
1284 1971 1334 2024 oi
1359 1971 1722 2039 συγγραφεῖς,
1771 1968 1868 2022 καὶ

280 2066 426 2139 παρ’
480 2066 668 2128 αὐτοῖς
701 2065 772 2118 τά
801 2065 932 2133 περὶ
991 2063 1196 2132 ταύτης
1254 2062 1353 2132 οὐχ
1401 2061 1772 2131 ὡμολόγηται.
1803 2061 1866 2113 Οί

286 2159 393 2231 μὲν
423 2160 532 2230 γάρ
583 2159 658 2228 τῷ
692 2157 1058 2226 Κωνσταντίῳ
1095 2157 1245 2225 νόμῳ
1267 2155 1452 2224 γάμου
1491 2153 1658 2223 φασὶν
1696 2154 1869 2223 αὐτὴν

288 2253 586 2314 συνοικεῖν,
634 2249 1065 2318 ἀποπεμφθῆναι
1111 2247 1188 2311 δέ,
1225 2246 1319 2300 τοῦ
1355 2245 1706 2314 Μαξιμιανοῦ
1747 2243 1869 2314 Ἐρ-

289 2340 535 2403 κουλίου,
568 2340 644 2403 ὡς
668 2338 982 2408 ἔμπροσθεν
1029 2335 1270 2407 εἴρηται,
1324 2336 1423 2405 τὴν
1456 2334 1668 2388 οίκείαν
1701 2333 1870 2388 παῖδα

293 2432 394 2502 τὴν
443 2431 726 2502 Θεοδώραν
753 2430 928 2500 τούτῳ
978 2428 1483 2496 κατεγγυήσαντος,
1522 2427 1618 2478 καὶ
1653 2424 1872 2478 ἀναδεί-

295 2523 489 2587 ξαντος
541 2523 817 2592 Καίσαρα.
853 2522 918 2573 Οἱ
949 2519 1004 2572 δέ
1029 2520 1090 2571 οὐ
1123 2517 1374 2588 γαμετὴν
1439 2516 1671 2586 νόμιμον
1700 2516 1871 2585 αὐτὴν

295 2615 552 2683 γενέσθαι
581 2614 676 2666 τοῦ
705 2612 1086 2667 Κωνσταντίου
1115 2609 1428 2678 ἱστόρησαν,
1466 2608 1605 2662 ἀλλὰ
1658 2608 1872 2679 πάρερ-

296 2723 392 2776 γον
413 2705 694 2776 ἐρωτικῶν
729 2703 1059 2772 ἐπιθυμιῶν,
1090 2702 1187 2755 καὶ
1222 2701 1280 2765 ἐξ
1310 2700 1522 2754 ἐκείνου
1564 2700 1752 2753 τοῦτον
1805 2701 1869 2770 δὴ

298 2798 667 2853 συλλαϐέσθαι
697 2796 788 2849 τὸν
815 2797 988 2866 μέγαν
1024 2793 1452 2847 Κωνσταντῖνον.
1477 2791 1872 2860 Διαδεξάμενος

293 2892 353 2944 δὲ
369 2895 468 2961 τὴν
488 2888 771 2959 βασιλείαν
804 2886 901 2958 τὴν
935 2883 1212 2956 πατρικὴν
1242 2879 1382 2955 ἦρχε
1412 2884 1508 2953 τῆς
1538 2883 1872 2954 Βρεταννίας

295 3000 357 3036 τε
383 2982 478 3035 καὶ
514 2982 620 3034 τῶν
657 2980 930 3044 Ἀλπεων,
964 2978 1058 3030 καὶ
1087 2977 1176 3028 ἐπὶ
1206 2975 1432 3038 ταύταις
1460 2974 1570 3028 τῶν
1603 2973 1866 3041 Γαλλιῶν,

293 3077 376 3128 ἔτι
403 3077 468 3145 τῇ
531 3075 643 3126 τῶν
677 3073 946 3143 Ἑλλήνων
1009 3069 1280 3142 θρησκείᾳ
1302 3069 1727 3139 προσκείμενος,
1773 3071 1870 3122 καὶ

295 3170 414 3229 τοῖς
464 3166 815 3236 Χριστιανοίς
879 3163 1281 3232 ἀντικείμενος,
1315 3161 1472 3232 παρά
1495 3161 1748 3230 Φαύστης
1769 3160 1870 3232 τῆς

297 3259 552 3328 γαμετῆς
573 3261 652 3320 είς
687 3255 848 3326 ζῆλον
879 3257 976 3325 τῆς
1000 3255 1111 3306 τῶν
1144 3252 1378 3306 εἰδώλων
1404 3253 1571 3323 τιμῆς
1608 3254 1872 3307 ἐκκαλού-

303 3368 487 3422 μενος.
540 3349 802 3418 Θυγάτηρ
834 3347 881 3399 δ’
925 3343 994 3416 ἦν
1025 3348 1057 3416 ἡ
1083 3343 1301 3398 Φαύστα
1352 3345 1448 3398 τοῦ
1498 3345 1868 3415 Μαξιμιανοῦ.

302 3442 473 3503 Αὐτὸς
504 3439 614 3508 γὰρ
669 3438 766 3492 καὶ
793 3441 820 3491 ὁ
852 3437 1034 3508 πατὴρ
1087 3435 1346 3504 ἀδελφαῖς
1403 3434 1683 3506 συνῴκουν
1723 3434 1867 3490 δυσί.

299 3531 482 3602 Τριῶν
518 3530 564 3584 δ’
619 3530 787 3583 ὄντων
821 3528 928 3582 τῶν
961 3528 1255 3598 βασιλέων,
1295 3528 1460 3581 αὑτοῦ
1492 3544 1551 3580 τε
1581 3531 1874 3583 Κωνσταν-

298 3625 450 3676 τίνου
507 3623 599 3675 καὶ
645 3622 896 3675 Λικινίου
923 3622 1013 3673 καὶ
1045 3619 1374 3687 Μαξεντίου,
1406 3619 1465 3683 ὃς
1496 3622 1554 3672 ἐν
1581 3622 1647 3690 τῇ
1686 3619 1872 3692 Ῥώμῃ

303 3716 400 3767 καὶ
423 3716 480 3766 ἐν
507 3716 572 3784 τῇ
617 3711 818 3784 Ἰταλίᾳ
855 3710 1077 3780 ἐκράτει
1113 3712 1142 3762 ὁ
1174 3710 1472 3775 Μαξέντιος
1494 3703 1652 3772 οὗτος
1679 3710 1776 3779 οὐχ
1798 3711 1874 3774 ῶς

302 3807 577 3879 βασιλεὺς,
602 3805 715 3860 ἀλλ’
748 3805 823 3868 ὡς
851 3804 1117 3872 τύραννος
1147 3802 1404 3872 ἄντικρυς
1433 3801 1607 3869 διῆγε,
1645 3801 1874 3855 πλεῖστα

295 3903 447 3952 δεινὰ
500 3901 592 3951 καὶ
639 3899 820 3951 ἄτοπα
880 3898 992 3957 τοῖς
1061 3892 1154 3945 ὑπ’
1188 3892 1354 3946 αὑτοῦ
1411 3893 1875 3962 τυραννουμένοις

300 3992 546 4058 ἐπάγων,
584 3989 660 4050 ὼς
688 3989 789 4058 ἤδη
821 4004 912 4055 μοι
935 3984 1372 4054 ἀναγέγραπται.
1405 3984 1471 4036 Ἀ
1517 3985 1592 4053 μὴ
1617 3985 1876 4056 φέροντες

297 4085 346 4134 οε
406 4086 462 4134 ἐν
499 4085 566 4150 τῇ
611 4079 802 4150 Ῥώμῃ
856 4076 1422 4145 διαπέμπονταιπρὸς
1454 4075 1546 4128 τὸν
1580 4078 1875 4129 Κωνσταν-

298 4176 448 4225 τῖνον
479 4171 787 4233 ἀπαλλάξαι
814 4171 955 4238 σφᾶς
985 4168 1083 4237 τῆς
1109 4167 1427 4237 τυραννίδος
1452 4166 1544 4219 τοῦ
1565 4167 1872 4232 Μαξεντίου

1967 1787 2234 1840 memoria
2260 1787 2478 1858 dignus,
2505 1797 2565 1844 et
2587 1790 2732 1846 inter
2760 1793 3097 1850 ortliodoxos
3113 1795 3544 1851 illustrissimus.

1969 1879 2107 1933 Eum
2151 1895 2218 1934 ex
2269 1880 2432 1936 beata
2483 1880 2686 1938 Helena
2733 1885 3046 1954 procreavit
3090 1896 3283 1958 pater,
3325 1891 3394 1944 de
3436 1904 3544 1959 qua

1967 1970 2306 2026 dissentiunt
2355 1972 2629 2028 historici.
2674 1974 2810 2030 Nam
2855 1977 2949 2032 alii
2996 1978 3244 2049 legitimo
3289 1981 3546 2051 coniugio

1969 2067 2206 2128 nuptam
2231 2062 2398 2117 fuisse
2425 2063 2768 2131 Constantio,
2793 2081 2858 2122 ac
2891 2066 3196 2136 dimissam,
3219 2086 3346 2126 cum
3377 2072 3549 2126 Maxi-

1969 2153 2187 2207 mianus
2219 2153 2528 2222 Herculius,
2564 2165 2625 2210 ut
2658 2168 2784 2214 ante
2823 2159 3033 2214 dictum
3077 2169 3182 2226 est,
3219 2162 3327 2218 ﬁlia
3363 2163 3548 2219 Theo-

1971 2241 2104 2298 dora
2129 2245 2422 2314 desponsa,
2452 2247 2722 2303 Caesarem
2743 2266 2871 2305 eum
2904 2251 3270 2324 designasset.
3295 2255 3399 2310 Alii
3437 2271 3547 2310 non

1971 2336 2470 2403 matremfamilias,
2537 2340 2633 2393 sed
2701 2342 3098 2410 concubinam,
3139 2345 3332 2401 formae
3372 2346 3550 2418 gratia

1969 2424 2294 2482 Constantio
2317 2429 2693 2497 conciliatam,
2725 2430 3148 2489 Constantinum
3181 2438 3232 2491 ei
3265 2438 3549 2507 peperisse

1974 2517 2336 2572 tradiderunt.
2356 2519 2457 2585 Qui
2481 2531 2737 2592 suscepto
2753 2533 2984 2593 paterno
3007 2540 3198 2595 regno,
3224 2527 3544 2595 Britanniae,

1971 2607 2203 2677 Alpibus
2228 2617 2286 2664 et
2307 2608 2498 2666 Galliis
2533 2612 2842 2681 imperavit,
2882 2616 3167 2684 gentilium
3204 2619 3386 2674 adhuc
3416 2622 3550 2676 reli-

1971 2701 2120 2770 gioni
2170 2701 2457 2763 addictus.
2525 2712 2583 2757 et
2635 2704 2969 2762 Christianis
3019 2708 3286 2772 infestus,
3347 2713 3547 2768 Fausta

1973 2807 2144 2847 uxore
2186 2793 2255 2847 ad
2298 2793 2724 2851 simulacrorum
2763 2799 2974 2853 cultum
3015 2815 3142 2855 eum
3189 2813 3545 2870 provocante.

1975 2885 2100 2939 Fuit
2144 2886 2566 2944 autemrFausta
2606 2888 2916 2944 Maximiani
2968 2891 3098 2946 filia.
3149 2893 3285 2948 Nam
3331 2896 3449 2966 ipse
3491 2905 3550 2953 et

1971 2988 2127 3046 pater
2155 2977 2292 3035 duas
2314 2995 2536 3036 sorores
2563 2980 2617 3035 in
2650 2983 3003 3039 matrimonio
3041 2985 3377 3042 habuerunt.
3408 2988 3547 3044 Cum

1968 3083 2101 3124 vero
2134 3078 2242 3125 tres
2277 3081 2460 3125 essent
2503 3073 2898 3142 imperatores,
2925 3074 3357 3144 Constantinus,
3386 3079 3552 3135 Luci-

1969 3160 2120 3224 nius,
2163 3171 2220 3217 et
2258 3164 2601 3219 Maxentius:
2637 3166 2728 3220 hic
2760 3167 2948 3222 Romae
2983 3176 3040 3223 et
3073 3170 3127 3223 in
3167 3169 3325 3226 ltalia
3360 3187 3546 3227 rerum

1971 3255 2186 3324 potiens
2207 3297 2221 3315 .
2259 3271 2366 3310 non
2394 3273 2576 3326 regem
2613 3259 2834 3329 agebat,
2868 3259 2963 3315 sed
2991 3260 3150 3330 plane
3183 3277 3281 3331 pro
3316 3271 3549 3332 tyranno

1971 3363 2030 3402 se
2056 3349 2304 3418 gerebat,
2339 3349 2654 3420 importune
2687 3350 2739 3419 2
2769 3359 2825 3404 et
2845 3350 3150 3407 crudeliter
3175 3353 3230 3408 in
3264 3368 3360 3409 eos
3393 3370 3552 3425 gras-

1971 3442 2167 3503 sando,
2196 3439 2400 3509 quibus
2424 3439 2815 3496 dominabatur
2839 3457 2854 3495 :
2882 3443 3348 3511 quemadmodum
3375 3446 3486 3516 jam
3515 3460 3548 3499 a

1972 3542 2061 3582 me
2115 3528 2483 3597 perscriptum
2543 3535 2648 3583 est.
2670 3527 2801 3594 Quae
2849 3529 3084 3586 Romani
3132 3532 3279 3589 haud
3321 3532 3546 3589 ferenda

1973 3621 2100 3680 rati,
2125 3620 2333 3690 legatos
2356 3618 2424 3673 ad
2455 3618 2878 3675 Constantinum
2901 3623 3193 3688 missitant,
3214 3635 3273 3679 ut
3292 3626 3547 3682 Maxentii

1975 3712 2266 3782 tyrannide
2295 3725 2355 3766 se
2384 3711 2616 3776 liberet,
2646 3714 3042 3784 supplicantes.
3078 3717 3151 3772 lis
3182 3719 3441 3787 precibus
3475 3721 3543 3773 ad

1975 3802 2291 3870 pellendum
2338 3802 2490 3856 illum
2543 3814 2875 3870 commotus,
2927 3807 3155 3861 Romam
3193 3824 3385 3864 versus
3423 3826 3549 3865 cum

1976 3895 2222 3948 exercitu
2243 3894 2632 3963 proﬁciscitur.
2657 3895 2960 3951 Maxentius
2981 3913 3133 3961 vero,
3150 3914 3275 3952 cum
3294 3900 3386 3954 diu
3409 3902 3550 3954 intra

1979 3985 2180 4040 mmnia
2216 4000 2273 4038 se
2314 3985 2662 4051 contineret,
2694 4002 2796 4041 nec
2833 3986 2888 4040 in
2929 3989 3104 4042 aciem
3145 3999 3335 4044 contra
3366 4007 3481 4056 eos,
3518 4009 3547 4047 a

1977 4077 2181 4145 quibus
2211 4075 2591 4142 obsidebatur,
2617 4077 2998 4140 descenderet,
3029 4078 3236 4133 salibus
3257 4094 3288 4133 a
3314 4084 3550 4135 ιιοηηιιι-

1977 4171 2046 4225 lis
2092 4169 2491 4224 incessebatur.
2547 4168 2654 4224 Sed
2709 4170 2928 4225 tandem
2978 4171 3166 4226 educit
3214 4175 3541 4232 exercitum.

296 4265 572 4336 δεόμενοι.
618 4260 904 4316 Ἐντεῦθεν
958 4261 1097 4330 πρὸς
1146 4257 1471 4325 καθαίρεσιν
1506 4257 1672 4310 αὑτοῦ
1701 4259 1871 4312 διανί-

1978 4262 2270 4334 praestigiis
2294 4261 2619 4330 quibusdam
2645 4277 2779 4316 usus
2808 4281 2822 4317 :
2856 4273 2911 4317 et
2941 4274 3140 4333 praatcr
3161 4265 3266 4319 alia
3291 4268 3545 4329 nefanda,

299 4373 520 4421 σταται,
545 4353 640 4408 καὶ
671 4349 977 4424 στρατεύει,
1011 4349 1104 4402 καὶ
1129 4348 1267 4419 πρὸς
1294 4349 1394 4416 τὴν
1433 4346 1654 4419 Ῥώμην
1682 4352 1870 4420 χωρεῖ.

312 4451 376 4502 Ὀ
408 4451 466 4503 δέ
514 4465 580 4518 γε
629 4447 929 4509 Μαξέντιος
986 4443 1220 4496 ἐπιπολὺ
1269 4441 1370 4512 μὲν
1428 4442 1579 4503 ἐντὸς
1629 4442 1871 4512 καθῆστο

296 4542 521 4612 τειχῶν,
550 4538 626 4611 μὴ
667 4534 1002 4601 άντεπεξιῶν
1066 4536 1178 4598 τοῖς
1233 4533 1618 4605 πολιορκοῦσιν
1683 4533 1868 4601 αὐτὸν,

297 4633 440 4687 ὥστε
497 4632 592 4686 καὶ
639 4629 728 4684 διὰ
783 4627 943 4681 τοῦτο
998 4624 1311 4695 σκώμματα
1358 4623 1480 4679 κατ’
1542 4624 1709 4677 αὑτοῦ
1767 4626 1870 4678 ὑπό

299 4741 467 4777 τινων
524 4719 879 4792 πεποιῆσθαι.
947 4718 1074 4787 Ὀψὲ
1112 4717 1169 4769 δέ
1224 4734 1353 4770 ποτε
1393 4716 1869 4788 ἀντιπαρετάξατο

299 4812 582 4882 γοητείαις
636 4809 996 4880 κεχρημένος,
1071 4807 1164 4860 καὶ
1220 4807 1288 4858 δι’
1315 4807 1592 4875 ἀνατομῆς
1649 4806 1869 4878 βρεφῶν

304 4903 732 4972 μαντευόμενος,
783 4904 880 4954 καὶ
939 4900 1076 4953 ἄλλα
1106 4899 1365 4968 πράττων
1409 4899 1726 4969 ἀθέμιτι,ἆ
1752 4899 1871 4962 δέος

300 4993 580 5045 ἐνεποίουν
637 4991 712 5062 τῷ
763 4990 1189 5059 Κωνσταντίνῳ.
1237 4989 1566 5057 Ἀγωνιῶντι
1623 4990 1756 5057 γοῦν
1779 4990 1868 5044 διὰ

303 5084 506 5147 ταῦτα,
536 5083 704 5146 τύπος
733 5083 880 5152 αὑτῷ
919 5081 1214 5150 σταυρικὸς
1247 5085 1520 5151 μεσούσης
1548 5081 1762 5152 ἡμέρας
1798 5081 1866 5134 δι’

302 5178 548 5246 ἀστέρων
585 5175 660 5244 (ι)
689 5173 863 5242 ἐφάνη
922 5173 1044 5224 κατ’
1092 5170 1343 5239 οὐρανὸν,
1375 5169 1469 5224 καὶ
1519 5173 1706 5241 γραφὴ
1740 5174 1868 5240 περὶ

302 5269 393 5322 τὴν
429 5269 660 5338 σταυρὸν
685 5267 761 5337 ('2)
800 5266 1133 5333 Ῥωμαϊκοῖς
1161 5265 1466 5332 στοιχείοις,
1497 5263 1568 5316 δι’
1617 5266 1866 5334 ἀστέρων

1980 4369 2047 4408 ex
2081 4353 2368 4406 infantium
2410 4342 2741 4406 dissectione
2775 4353 3008 4422 captatis
3039 4354 3303 4425 auguriis.
3335 4355 3548 4420 Quibus

1978 4445 2341 4500 Constantino
2373 4444 2696 4513 perterrito,
2736 4452 2793 4498 et
2830 4444 3017 4499 animo
3059 4446 3336 4511 aestuanti,
3375 4448 3546 4518 figura

1978 4537 2160 4592 crucis
2181 4535 2327 4589 circa
2354 4534 2637 4588 meridiem
2671 4533 2843 4588 stellis
2874 4533 3165 4589 informata
3197 4537 3252 4590 in
3277 4539 3417 4592 cmlo
3445 4554 3539 4608 ap-

1978 4628 2159 4699 paruit
2186 4643 2200 4679 :
2227 4634 2282 4680 ct
2303 4625 2573 4693 scriptura
2597 4625 2741 4679 circa
2765 4639 3006 4688 crucem,
3029 4625 3293 4680 Romanis
3324 4627 3544 4696 litteris,

1976 4732 2033 4774 et
2061 4722 2174 4790 ipsa
2222 4733 2318 4788 per
2343 4719 2527 4772 stellas
2574 4732 2856 4787 expressa,
2895 4717 2963 4770 In
3000 4720 3096 4772 hoc
3141 4722 3308 4774 vince.
3344 4720 3542 4776 Statim

1977 4811 2144 4882 igitur
2195 4824 2357 4864 cruce
2399 4825 2464 4862 ex
2509 4824 2665 4870 auro,
2698 4808 2767 4862 ad
2812 4807 3041 4863 formam
3093 4825 3256 4880 quam
3309 4811 3544 4876 viderat,

1978 4902 2149 4960 facta.
2188 4909 2244 4955 et
2286 4900 2552 4954 exercitui
2588 4915 2688 4953 suo
2737 4900 2980 4968 praeferri
3023 4901 3206 4972 jussa,
3248 4904 3544 4959 commisso

1979 4993 2167 5061 praelio
2207 4991 2534 5045 Maxentium
2579 4990 2780 5055 vincit,
2819 4991 3024 5060 majore
3058 4993 3341 5060 copiarum
3391 4995 3542 5048 illius

1977 5094 2130 5153 parte
2162 5098 2320 5143 cmsa,
2352 5082 2567 5136 caeteris
2604 5082 2657 5134 in
2692 5081 2871 5150 fugam
2905 5082 3108 5147 versis;
3143 5083 3286 5138 inter
3320 5099 3458 5152 quos
3486 5092 3544 5139 et

1977 5177 2093 5244 ipse
2136 5175 2440 5228 Maxentius
2469 5184 2689 5243 pontem
2723 5173 2967 5227 Milvium
3000 5175 3368 5238 transiturus,
3400 5191 3548 5245 equo

1973 5267 2146 5336 lapsu,
2191 5265 2244 5319 iu
2289 5265 2530 5319 Tiberim
2580 5265 2987 5334 praecipitatus,
3034 5267 3425 5338 submergitur.
3471 5269 3541 5323 Et

1425 5399 1622 5460 Variae
1677 5401 1983 5463 lectiones
2015 5411 2077 5463 et
2113 5410 2276 5463 noue

378 5550 490 5618 (99)
525 5547 898 5604 Kadardt'wr.
931 5545 1166 5602 Wolfius
1195 5543 1538 5618 Καλαυδίων,
1585 5562 1870 5618 perperam
1907 5550 1948 5605 ι)
1979 5560 2159 5609 uaras;
2179 5545 2586 5618 atLactantius,
2613 5546 2665 5618 in
2687 5547 2828 5602 libro
2863 5547 2935 5601 De
2954 5549 3198 5603 mortibus
3216 5559 3544 5618 persecuter.

303 5615 601 5677 ediderat:
635 5621 708 5674 ita
755 5618 902 5673 enim
946 5633 977 5672 a
1019 5615 1384 5686 scriptoribus
1419 5615 1622 5682 passim
1680 5615 1871 5685 appel-

298 5693 566 5829 ΙὸιῗίῒΔυ
594 5757 886 5826 ἀστέρων.
918 5758 985 5812 ν.
1011 5773 1067 5826 ι).
1097 5756 1181 5829 ll,
1202 5757 1237 5812 2
1265 5758 1402 5812 edit.

374 5825 452 5902 (Ξ)
490 5829 633 5896 Περὶ
664 5825 773 5881 τὸν
803 5825 1090 5895 σταυρόν.
1132 5827 1188 5880 ld
1218 5844 1284 5882 ex
1323 5829 1562 5883 Eusebio
1587 5825 1750 5882 tradit
1777 5825 1879 5878 Ζο-

614 5925 884 5984 Ρλτιιοι..
932 5923 1048 5983 Gn.
1096 5922 1442 5984 CXXXIV.

1981 5618 2169 5687 scribit
2197 5617 2570 5668 communitum
2593 5617 2751 5685 fuisse
2765 5620 2821 5672 in
2842 5621 3010 5687 quiete
3030 5617 3458 5680 Constantinum.
3487 5634 3549 5676 ut

1981 5685 2400 5757 caelestesignum
2418 5687 2513 5739 Dei
2547 5697 2751 5740 notaret.
2781 5692 2834 5742 in
2854 5685 3016 5743 scutis
3035 5701 3189 5757 atque
3203 5693 3277 5742 ita
3300 5708 3398 5753 pm
3415 5691 3491 5746 (:u
3505 5713 3550 5746 -ιι

1976 5755 2322 5826 committeret
2352 5771 2368 5808 :
2401 5757 2679 5826 fecisseque
2708 5769 2761 5811 ut
2787 5760 2960 5825 iussus
2991 5755 3127 5816 erat.
3163 5771 3210 5812 et
3273 5771 3542 5814 (rimsrr'r-

1975 5841 2089 5878 sam
2126 5824 2172 5876 Χ
2195 5827 2446 5890 titteram,
2467 5824 2671 5881 sumina
2698 5824 2865 5896 capite
2886 5833 3242 5900 circumﬂexo,
3278 5831 3548 5885 Christum

3154 5922 3228 5980 35
