4026 6408
462 416 609 481 ³1009

1739 412 2065 475 JOANNIS
2100 409 2419 473 ΖΟΝΑΒᾹΞ

3592 407 3753 478 1100

458 533 548 585 hic
580 527 728 584 illius
750 525 854 581 fuit
886 525 1087 581 exitus.
1115 523 1287 597 Cujus
1309 514 1600 598 tyrannide
1626 520 1861 579 Romani
1891 520 2033 576 libe-

2158 519 2234 572 ιαὶ
2262 518 2452 581 αὐτοῖς
2482 518 2876 590 τυπουμένοις,
2917 521 3014 575 καὶ
3049 520 3370 591 φράζουσιν,
3409 524 3508 580 Ἐν
3538 527 3760 593 τούτῳ

461 622 602 687 rati,
622 620 816 691 'portis
843 619 1051 689 apertis
1081 617 1507 686 Constantinum
1544 613 1832 687 splendide
1871 627 2036 669 exce-

459 720 685 784 perunt,
720 719 782 765 ut
808 709 1170 765 liberatorem
1200 700 1358 764 u'rbis
1379 705 1521 763 laetis
1549 701 2041 762 acclamationibus

460 803 841 859 celebrantes:
875 800 1100 866 decreta
1137 799 1195 855 in
1231 799 1354 856 foro
1379 806 1582 863 statua,
1624 810 1790 868 quam
1830 793 1922 849 ille
1962 793 2040 849 ita

461 895 582 951 ﬁeri
604 894 790 966 jussit,
813 900 874 948 ut
894 892 1128 948 formam
1151 889 1336 947 crucis
1355 903 1522 946 manu
1546 894 1765 944 teneret
1789 903 1804 941 :
1826 884 2040 943 edicto-

462 1000 572 1057 que
599 984 776 1042 vetuit
813 999 884 1040 ne
905 1025 920 1052 ,
949 983 1022 1039 ob
1052 982 1400 1053 religionem,
1432 979 1472 1036 ii
1497 978 1592 1049 qui
1631 977 1912 1034 Christum
1937 991 2042 1046 pro

462 1079 578 1133 Deo
602 1077 872 1143 colerent,
898 1076 1294 1146 plecterentur.
1326 1072 1418 1128 Sic
1442 1071 1619 1137 Italia,
1652 1080 1708 1126 et
1730 1069 1844 1140 ipsa
1868 1068 2042 1123 Roma

463 1170 585 1241 ejus
614 1168 848 1238 imperio
873 1166 1155 1238 adjuncta,
1190 1180 1317 1220 cum
1347 1163 1586 1228 Licinio,
1615 1160 1705 1216 cui
1739 1175 1897 1216 soror
1923 1160 2044 1229 ejus

467 1271 640 1331 nupta
666 1269 806 1328 erat,
849 1260 1142 1331 imperium
1187 1259 1384 1315 tenuit.
1421 1259 1469 1312 ls
1507 1271 1634 1312 cum
1675 1254 1954 1310 Maximini
1987 1261 2045 1309 et

469 1349 641 1405 filium
671 1359 729 1405 et
773 1348 942 1404 filiam
973 1347 1300 1412 occidisset,
1341 1347 1454 1418 jam
1497 1355 1731 1415 uterque
1761 1343 1920 1399 alteri
1949 1357 2044 1397 su-

470 1451 712 1513 spectus,
745 1439 963 1496 sublato
987 1439 1182 1504 altero,
1203 1453 1262 1493 se
1283 1438 1460 1492 solum
1483 1436 1716 1506 imperio
1741 1436 2046 1504 potiturum

468 1534 734 1606 putabat,
775 1533 999 1587 nemine
1031 1531 1140 1586 alio
1170 1531 1223 1585 id
1253 1529 1358 1586 sibi
1386 1529 1765 1584 vendicaturo.
1797 1525 1875 1581 Ac
1904 1541 2046 1580 non-

471 1625 612 1680 nulli
647 1625 728 1680 sic
754 1624 991 1694 potitum
1015 1637 1136 1677 esse
1165 1620 1441 1676 Licinium
1477 1628 1634 1688 parte
1657 1616 1862 1673 Galerii
1895 1630 2049 1671 asse-

474 1723 628 1783 runt,
656 1715 872 1772 socium
910 1714 982 1770 ab
1016 1709 1112 1768 illo
1141 1712 1399 1774 ascitum,
1434 1717 1496 1764 ut
1521 1709 1728 1764 dictum
1765 1715 1869 1762 est.
1903 1707 2051 1762 Non-

473 1807 638 1874 nulli,
671 1806 726 1861 in
765 1802 1114 1862 Constantini
1143 1800 1399 1872 gratiam,
1439 1814 1566 1856 cum
1596 1813 1843 1854 sororem
1872 1797 1924 1852 ei
1953 1796 2051 1852 de-

473 1899 808 1970 Spondissct,
842 1912 875 1952 a
903 1894 1180 1950 militibus
1216 1891 1489 1949 Caesarem
1523 1890 1818 1946 salutatum
1841 1929 1856 1954 ,
1887 1896 1944 1944 et
1980 1887 2051 1942 ab

475 1989 599 2060 ipso
641 1996 834 2044 contra
884 1985 1242 2041 Maximinum
1284 1982 1539 2050 missum,
1585 1996 1762 2053 eoque
1808 1981 1956 2036 victo
1997 1989 2054 2036 et

475 2080 804 2151 profligato,
853 2092 1025 2149 regno
1063 2075 1214 2132 illius
1239 2074 1505 2131 donatum
1549 2088 1701 2139 esse,
1747 2087 1813 2128 ea
1857 2071 2053 2128 condi-

476 2172 650 2236 tione,
678 2179 741 2226 ut
765 2184 836 2226 ne
855 2167 1204 2225 Christianos
1226 2166 1459 2222 violaret
1483 2181 1497 2220 :
1528 2179 1636 2236 qua
1664 2163 1756 2219 ille
1779 2164 2050 2234 neglecta,

479 2277 593 2318 non
631 2261 838 2322 minus.
872 2275 938 2316 ac
965 2258 1152 2328 potius
1174 2258 1368 2330 magis,
1402 2270 1565 2327 quam
1599 2255 1920 2312 decessores
1943 2253 2052 2323 sui,

481 2353 540 2410 in
581 2351 929 2409 Christianos
959 2349 1285 2418 insanierit,
1325 2347 1480 2404 nullo
1508 2355 1768 2403 extremae
1813 2344 2055 2402 crudeli-

478 2443 611 2499 tatis
632 2458 834 2514 genere
867 2439 1266 2514 praetermisso.
1302 2437 1355 2510 3
1385 2437 1467 2494 Ad
1496 2437 1631 2493 alias
1649 2437 1818 2508 igitur
1838 2435 2056 2491 dissen-

480 2535 654 2589 sionis
672 2548 863 2589 eorum
888 2546 1084 2588 causas
1120 2531 1284 2607 etiam
1313 2530 1458 2586 hanc
1477 2529 1798 2584 accessisse.
1819 2525 2056 2583 Proinde

479 2625 899 2692 Constantinus,
938 2623 1106 2679 ducto
1137 2631 1330 2678 contra
1377 2621 1653 2677 Licinium
1698 2620 1972 2684 exercitu,
2000 2627 2058 2674 et

479 2735 626 2790 saepe
653 2718 948 2774 commissa
978 2732 1182 2788 pugna,
1207 2715 1446 2785 denique
1474 2713 1670 2769 vincit.
1698 2711 1805 2768 Sed
1833 2719 2058 2783 propter

481 2825 730 2868 sororem
770 2807 1189 2873 reconciliatus,
1236 2805 1529 2876 imperium
1573 2805 1624 2859 ei
1660 2805 1828 2860 certis
1866 2802 2060 2859 condi-

484 2901 725 2958 tionibus
756 2899 1017 2954 restituit.
1046 2897 1117 2952 At
1151 2897 1277 2962 ille,
1311 2911 1459 2961 cum,
1492 2903 1552 2949 ut
1581 2894 1746 2950 homo
1787 2893 2058 2963 perﬁdus,
2122 2890 2126 2894 ’

485 2994 661 3064 pactis
691 3008 800 3047 non
828 2991 1104 3055 stetisset,
1143 3006 1174 3045 a
1203 2989 1567 3045 Constantino
1607 2987 1790 3042 denuo
1829 2999 2060 3056 supera-

487 3098 596 3150 tus,
643 3084 906 3157 Byzantio
945 3093 1002 3138 et
1047 3080 1375 3152 Chrysopoli
1422 3080 1632 3148 captis,
1684 3077 2060 3133 Nicomediam

2138 613 2300 666 νίκα.
2342 609 2436 664 Ἐκ
2468 609 2674 682 χρυσοῦ
2738 612 2921 666 τοίνυν
2973 611 3178 666 αὐτίκα
3215 615 3506 684 σχεδιάσας
3561 633 3754 670 σταυ-

2143 701 2238 772 ρὸν
2277 700 2403 770 ((3),
2431 699 2576 753 κατά
2596 699 2688 754 τὸν
2719 699 2960 768 φανέντα
2993 701 3166 755 τύπον
3193 702 3371 773 αὐτῷ,
3409 706 3508 759 καὶ
3529 705 3754 760 τοῦτον

2140 790 2408 854 κελεύσας
2459 791 2563 860 τῆς
2626 792 2890 861 στρατιᾶς
2939 791 3108 846 αὐτοῦ
3151 793 3596 867 προπορεύεσθαι
3620 800 3759 860 τοῖς

2139 883 2235 941 τοῦ
2267 883 2574 949 Μαξεντίου
2624 885 3116 956 συρῤήγνυταικαὶ
3143 886 3460 959 ὑπερτερεῖ,
3492 889 3569 952 ώς
3601 892 3755 954 τοὺς

2142 975 2432 1041 πλείστους
2483 974 2596 1029 τῶν
2647 975 2742 1029 ὑπ’
2768 975 2984 1029 ἐκείνου
3015 978 3470 1048 στρατευομένων
3500 981 3758 1051 ἀναιρε-

2143 1065 2326 1138 θῆναι,
2349 1068 2476 1130 τοὺς
2503 1066 2562 1120 δέ
2593 1066 2817 1130 λοιποὺς
2866 1068 2948 1131 είς
2970 1069 3150 1138 φυγὴν
3199 1071 3438 1126 ἀπιδεῖν.
3492 1067 3588 1135 Οἷς
3638 1084 3761 1135 καὶ

2142 1159 2306 1225 αὐτὸς
2348 1161 2379 1212 6
2432 1159 2739 1226 Μαξέντιος
2797 1160 3354 1229 συναποδιδράσκων,
3415 1164 3513 1216 καὶ
3557 1167 3619 1216 ἐν
3667 1168 3757 1235 τῇ

2144 1248 2364 1320 γεφύρᾳ
2418 1250 2719 1320 γενόμενος
2774 1250 2873 1304 τοῦ
2963 1250 3247 1322 Τιὸερίδος
3287 1256 3354 1323 τῇ
3415 1254 3759 1325 καλουμέτῃ

2143 1342 2350 1415 Μιλϐίᾳ
2372 1342 2472 1417 (4),
2497 1345 2594 1396 σὺν
2645 1341 2724 1413 τῷ
2755 1343 2907 1414 ἵππῳ
2937 1345 3081 1398 κατά
3120 1343 3216 1397 τοῦ
3248 1345 3498 1415 ποταμοῦ
3545 1347 3759 1410 ἐξωλε-

2149 1434 2316 1505 σθησε
2355 1436 2448 1488 καὶ
2474 1433 2745 1490 ἀπώλετο.
2781 1436 2892 1488 Καὶ
2923 1436 2952 1488 6
2971 1435 3071 1505 μὲν
3092 1436 3238 1489 οὕτω
3255 1435 3571 1506 διέφθαρτο.
3595 1439 3663 1492 Οἱ
3680 1438 3757 1493 δέ

2149 1543 2210 1596 γε
2231 1526 2492 1596 Ῥωμαῖοι
2513 1525 2614 1596 τῆς
2629 1527 2839 1581 ἐκείνου
2856 1526 3170 1597 τυραννίδος
3188 1526 3754 1596 ἀπαλλαγέντες,τὰς

2146 1616 2327 1680 ,πύλας
2355 1616 2454 1686 τῆς
2507 1617 2728 1688 Ῥώμης
2782 1619 3224 1682 ἀναπετάσαντες
3272 1601 3616 1686 εἰσεδέξαντο
3648 1623 3756 1684 τὸν

2148 1709 2558 1763 Κωνσταντῖνον
2574 1708 2845 1780 λαμπρῶς
2865 1711 2961 1782 καὶ
2975 1709 3048 1772 ὡς
3067 1711 3438 1794 έλευθειρωτὴν
3456 1713 3619 1782 αύτὺν
3636 1716 3754 1785 τῆς

2151 1800 2362 1866 πόλεως
2424 1803 2707 1887 εὐφήμουν
2765 1803 2858 1860 καὶ
2914 1804 3294 1874 ἀπεσέμνυνον
3328 1844 3346 1871 ,
3379 1808 3476 1860 κα)⁵
3531 1809 3754 1880 στήλην

2153 1894 2306 1965 αύτῷ
2359 1897 2417 1949 ἐν
2473 1900 2542 1970 τῇ
2590 1897 2692 1966 τῆς
2749 1895 2969 1968 Ῥώμης
3032 1899 3209 1969 ἀγορᾷ
3265 1899 3462 1969 στῆσαι
3541 1903 3753 1967 κοινῶς

2156 1986 2520 2058 ἐψηφίσαντο.
2561 1990 2622 2046 Ὀ
2656 1989 2735 2056 δὲ,
2769 1990 2830 2043 τὸ
2857 1992 2952 2044 τοῦ
2989 1993 3227 2063 σταυροῦ
3294 1997 3522 2065 σημεῖον
3576 1996 3754 2064 ἐγκε-

2153 2079 2513 2152 χειρισμένην
2598 2080 2698 2151 τὴν
2782 2083 2989 2154 στήλην
3066 2084 3236 2138 αὐτοῦ
3318 2086 3750 2158 πλασθήσεσθᾳι

2153 2167 2470 2233 διετάξατοο
2525 2171 2624 2224 καὶ
2682 2171 2860 2242 δόγμα
2907 2173 2965 2228 δὲ
3017 2173 3094 2246 μὴ
3150 2175 3485 2242 κολάζεσθαι
3515 2178 3604 2236 διὰ
3635 2181 3745 2250 τὴν

2156 2256 2452 2329 θρησκείαν
2497 2261 2622 2324 τοὺς
2667 2262 2762 2316 τὸν
2807 2263 3043 2332 Χριστὸν
3107 2267 3433 2336 σεϐομένους
3491 2271 3567 2334 ὡς
3606 2271 3753 2326 Θεὸν

2156 2349 2574 2420 ἐκπεφώνηκεν.
2643 2350 2802 2406 Οὕτω
2836 2353 2894 2406 δὲ
2935 2357 3032 2408 καὶ
3080 2357 3178 2426 τῆς
3241 2358 3470 2421 Ἰταλίας
3502 2364 3598 2417 καὶ
3638 2364 3750 2436 τῆς

2168 2440 2393 2512 Ῥώμης
2455 2441 2629 2512 αὐτῆς
2679 2443 3077 2517 προστεθείσης
3139 2451 3208 2519 τῇ
3239 2447 3494 2521 βασιλείᾳ
3546 2454 3750 2524 αὑτοῦ,

2164 2533 2330 2596 αὑτός
2355 2549 2416 2586 τε
2447 2533 2542 2586 καὶ
2565 2535 2808 2599 Λικίνιος
2839 2539 2867 2590 6
2901 2538 2991 2590 ἐπ’
3015 2537 3222 2610 ἀδελφῇ
3265 2542 3515 2614 γαμϐρὶς
3571 2545 3756 2600 αὐτοῦ

2165 2626 2606 2700 κατελείφθησαν
2632 2628 2898 2699 βασιλεῖς.
2933 2632 2993 2685 '0
3024 2633 3134 2702 γὰρ
3157 2617 3403 2702 ’Λικίνιος
3428 2639 3518 2691 τόν
3557 2656 3618 2692 τε
3647 2642 3757 2696 τοῦ

2160 2717 2470 2791 Μαξιμίνου
2537 2722 2652 2775 υίὸν
2694 2723 2788 2776 καὶ
2831 2725 2934 2794 τὴν
2995 2725 3272 2799 θυγατέρα
3298 2729 3617 2798 ἀπέκτεινε,
3649 2737 3761 2790 καὶ

2161 2811 2346 2865 λοιπὸν
2412 2813 2676 2884 ἑκάτερος
2714 2815 2922 2869 τούτων
2972 2817 3063 2870 τὸν
3115 2819 3303 2890 ἕτερον
3355 2822 3755 2880 ὑπεϐλὲπετο·

2161 2899 2296 2973 ᾤετο
2326 2902 2435 2986 γὰρ
2495 2903 2752 2972 ἕκαστος,
2790 2906 2884 2960 τοῦ
2941 2908 3060 2972 ἐνὸς
3113 2910 3522 2981 ἐπιλείποντος,
3577 2917 3760 2982 αὐτὸς

2167 2995 2328 3064 μόνος
2395 2993 2616 3048 ἔσεσθαι
2653 2997 2942 3068 μόναρχος,
2979 2998 3055 3071 μὴ
3077 2999 3228 3065 ὄντος
3267 3001 3363 3056 τοῦ
3386 3004 3761 3078 ἀμφισϐητή-

2165 3101 2348 3151 σοντος
2383 3088 2514 3159 περὶ
2534 3090 2632 3160 τῆς
2666 3091 2864 3161 ἀρχῆς.
2900 3091 2962 3144 Ol
2999 3093 3102 3164 μὲν
3148 3089 3241 3148 οὖν
3283 3095 3427 3157 οὕτω
3469 3098 3562 3151 τὸν
3588 3099 3762 3154 Λικί-

482 3175 645 3248 fugit.
689 3175 828 3230 Tum
867 3189 1030 3230 soror
1071 3172 1501 3229 Constantinum
1549 3179 1707 3241 rogat
1754 3177 1814 3222 ut
1860 3169 2056 3224 marito

2163 3180 2273 3235 νιόν
2305 3198 2470 3250 φασιν
2500 3181 2745 3253 ἐγκρατῆ
2769 3181 3024 3251 γενέσθαι
3045 3187 3144 3254 τῆς
3169 3185 3466 3258 Γαλλερίου
3500 3188 3756 3260 μερίδος,

483 3268 683 3324 reddat
739 3265 1068 3336 imperium;
1124 3278 1235 3334 quo
1292 3278 1401 3318 non
1450 3261 1781 3331 impetrato,
1827 3260 2059 3315 salutem

485 3360 635 3415 illius
657 3373 688 3414 a
715 3357 887 3413 fratre
909 3364 1123 3412 exorat.
1148 3355 1338 3424 Itaque
1361 3351 1608 3409 Licinius
1628 3351 1842 3422 plebeio
1866 3352 2060 3408 habitu

485 3452 875 3520 imperatorem
897 3446 1032 3510 adit,
1067 3461 1132 3500 ac
1149 3442 1554 3499 Thessalonica:
1589 3443 1858 3512 privatam
1891 3443 2058 3497 vitam

482 3557 650 3614 agere
675 3540 924 3612 jubetur.
964 3537 1024 3593 Id
1053 3535 1258 3592 factum
1291 3536 1627 3591 accusabant
1653 3535 1878 3602 milites,
1911 3536 2060 3608 quod

487 3632 700 3687 homini
733 3629 964 3701 perfido,
991 3629 1086 3700 qui
1111 3626 1319 3684 fmdera
1349 3625 1548 3697 saepius
1575 3627 1836 3698 rupisset,
1868 3643 2062 3699 parce-

487 3732 662 3780 retur.
707 3723 892 3790 Quare
937 3722 1240 3792 imperator
1289 3735 1411 3777 eam
1448 3735 1565 3777 rem
1607 3738 1706 3793 per
1743 3721 1958 3778 litteras
1992 3723 2060 3778 ad

487 3825 714 3870 senatus
739 3813 1012 3885 judicium
1043 3811 1234 3867 refert.
1265 3813 1310 3868 A
1344 3827 1454 3883 quo
1483 3813 1576 3868 alii
1605 3828 1732 3868 eum
1766 3814 2058 3885 militibus,

488 3883 754 3976 ipsorum
778 3905 1049 3961 arbitratu
1089 3905 1468 3971 tractandum,
1512 3920 1636 3962 esse
1670 3883 1954 3975 deditum,
1997 3921 2062 3964 ac

488 4003 529 4056 Τ
534 4000 916 4066 hessalonicaa,
956 4008 1054 4054 aut
1098 4013 1270 4070 prope
1317 3997 1532 4064 Serras,
1572 3999 1761 4054 nescio
1785 4014 1894 4071 quo
1919 4015 2061 4056 eun-

492 4103 624 4161 tem,
657 4093 1038 4148 interfectum:
1067 4093 1182 4159 alii,
1219 4107 1321 4148 nec
1351 4091 1480 4148 dum
1511 4092 1586 4148 ibi
1616 4093 1875 4163 degeret,
1907 4093 2064 4165 quie-

491 4191 654 4252 visse,
697 4185 794 4241 sed
837 4184 1179 4256 tyrannidem
1221 4185 1510 4240 affectasse
1546 4185 1794 4249 tradunt,
1827 4199 1936 4256 quo
1963 4201 2061 4241 co-

490 4280 644 4350 gnito
684 4280 986 4347 imperator
1023 4292 1150 4333 eum
1198 4276 1377 4333 occidi
1405 4276 1647 4349 jusserit.
1680 4277 1888 4333 Ferunt
1915 4277 2063 4334 Con-

492 4372 795 4427 stantinum
826 4371 881 4425 in
909 4370 1114 4441 praeliis
1142 4385 1266 4424 cum
1299 4369 1395 4424 illo
1418 4378 1475 4424 et
1500 4369 1772 4425 Maxentio
1799 4372 2064 4426 commis-

2166 3275 2424 3329 κοινωνὸν
2480 3274 2611 3346 παρ’
2640 3275 2850 3329 ἐκείνου
2897 3277 3338 3348 προσληφθέντα,
3365 3279 3442 3344 ὡς
3471 3280 3694 3352 εἴρηται
3735 3302 3752 3317 ο

2163 3369 2214 3420 οἱ
2239 3365 2295 3419 δὲ
2329 3365 2428 3436 τῆς
2476 3365 2571 3420 τοῦ
2631 3367 3045 3421 Κωνσταντίνου
3103 3369 3342 3440 ἀδελφῆς
3379 3373 3512 3442 παρ’
3571 3372 3753 3428 αὐτοῦ

2169 3457 2495 3529 συξυγείσης
2556 3457 2726 3529 αὐτῷ,
2799 3458 3018 3528 λέγουσι
3077 3461 3204 3523 τοὺς
3272 3462 3615 3532 στρατιώτας
3668 3465 3752 3535 τῷ

2169 3552 2566 3623 Κωνσταντίνῳ
2635 3551 3054 3624 χαριζομένους,
3114 3553 3372 3626 Καίσαρα
3405 3555 3568 3610 αὐτὸν
3596 3557 3756 3612 avst-

2166 3648 2309 3712 πεῖν,
2342 3646 2436 3700 καὶ
2467 3646 2596 3718 παρ’
2619 3648 2826 3700 ἐκείνου
2869 3645 3127 3717 σταλῆναι
3158 3647 3321 3703 αὐτὸν
3340 3647 3417 3720 τῷ
3448 3648 3755 3723 Μαξιμίνῳ

2166 3736 2740 3807 ἀντιπαραταξάμενον
2787 3739 3094 3804 νενικηκότι
3123 3738 3169 3792 δ’
3213 3740 3421 3794 ἐκεῖνον
3453 3742 3549 3794 καὶ
3573 3759 3754 3796 κατα-

2166 3829 2604 3900 τροπωσαμένῳ,
2628 3829 2945 3901 ἐκχωρῆσαι
2974 3833 3074 3901 τῆς
3100 3829 3378 3901 βασιλείας
3409 3833 3645 3900 ἐκείνου,
3672 3834 3754 3905 μὴ

2168 3915 2404 3986 ἐνοχλεῖν
2445 3916 2795 3988 Χριστιανοίς
2859 3918 3263 3988 ἐπισκήψαντα,
3321 3921 3398 3992 μὴ
3429 3922 3617 3990 μέντοι
3647 3926 3754 3987 τὰς

2168 4006 2388 4071 ἐντολὰς
2412 4007 2648 4078 τηρῆσαι
2669 4007 2850 4074 αὑτὸν,
2873 4008 3005 4061 ἀλλά
3031 4009 3287 4082 λυττῆσαι
3317 4014 3457 4067 κατὰ
3478 4013 3752 4084 Χριστια-

2169 4098 2295 4166 νῶν,
2328 4099 2482 4153 οὐδὲν
2515 4093 2678 4171 ἦττον
2701 4100 2807 4153 τῶν
2844 4102 2948 4171 πρὸ
2977 4101 3162 4164 αὐτοῦ,
3201 4104 3251 4155 εἰ
3284 4105 3360 4174 μὴ
3390 4104 3485 4158 καὶ
3518 4105 3746 4175 μᾶλλον.

2170 4191 2359 4244 Πᾶσαν
2383 4190 2490 4260 γὰρ
2514 4189 2819 4262 ὑπερϐολὴν
2848 4191 3183 4263 ύπερελάσαι
3240 4193 3544 4265 ὠμότητος*
3606 4198 3750 4268 πρὸς

2173 4285 2360 4350 ἄλλαις
2388 4284 2433 4338 δ’
2483 4285 2685 4350 αἰτίαις
2713 4285 2821 4340 τῶν
2848 4287 2985 4357 πρὸς
3018 4285 3283 4358 ἀλλήλους
3316 4288 3613 4360 διαφορῶν,
3647 4292 3750 4344 καὶ

2171 4373 2376 4445 ταύτην
2425 4373 2700 4443 γενέσθαι.
2749 4375 2993 4445 Κινήσας
3032 4375 3125 4430 οὖν
3157 4379 3294 4431 κατά
3335 4378 3580 4432 Λικινίου
3642 4384 3748 4450 τὴν

491 4467 601 4532 sis,
639 4467 845 4521 vidisse
878 4475 1150 4520 armatum
1180 4466 1458 4535 equitem,
1499 4465 1716 4536 signum
1758 4465 1939 4520 crucis
1967 4481 2056 4532 pro

2176 4465 2438 4534 στρατιὰν
2465 4467 2493 4519 6
2523 4466 2953 4530 Κωνσιαντῖνος,
3007 4468 3104 4521 καὶ
3133 4468 3395 4533 πολλάκις
3427 4469 3577 4540 αύτῷ
3606 4487 3750 4540 συμ-

495 4560 694 4615 vexillo
733 4568 862 4616 ante
898 4561 1075 4616 aciem
1121 4573 1278 4615 suam
1319 4556 1704 4628 praeferentem
1734 4577 1748 4613 :
1781 4574 1846 4615 ac
1875 4573 2056 4614 rursus

2171 4532 2376 4625 ϐαλὼν,
2414 4557 2564 4621 τέλος
2631 4551 2782 4628 νικᾷ.
2814 4553 2948 4612 Εἶτα
2993 4559 3282 4615 σπένδεται
3313 4565 3491 4633 τούτῳ
3527 4532 3619 4616 διὰ
3644 4532 3751 4636 την

494 4651 871 4722 Adrianopoli,
893 4650 1031 4706 duos
1047 4649 1097 4706 ei
1120 4649 1268 4705 visos
1283 4649 1686 4716 adolescentes,
1708 4651 1803 4722 qui
1827 4651 2056 4706 hostium

2168 4649 2427 4722 ἀδελφὴν,
2487 4652 2582 4705 καὶ
2645 4649 2744 4721 τὴν
2785 4650 2958 4722 ἀρχὴν
3002 4652 3164 4707 αὑτὸν
3194 4654 3292 4708 ούκ
3325 4655 3597 4725 ἀφείλετο,
3624 4653 3751 4710 ἁλλ⁹

496 4744 792 4815 phalanges
833 4745 1126 4798 caederent.
1172 4742 1305 4798 Item
1349 4742 1496 4798 circa
1537 4743 1857 4814 Byzantium
1899 4756 2066 4801 noctu

496 4837 753 4891 omnibus
786 4836 1220 4902 dormientibus,
1263 4843 1625 4905 conspectum
1665 4837 1734 4891 ab
1765 4851 1832 4892 eo
1863 4836 2065 4907 ignem,

495 4931 614 5003 qui,
646 4931 876 5002 fulguris
905 4931 1100 4996 instar,
1125 4929 1327 4986 vallum
1359 4929 1636 4985 exercitus
1665 4930 1750 4984 sui
1773 4929 2068 4985 collustra-

2167 4745 2260 4796 ἐπὶ
2287 4743 2582 4813 συνθήκαις
2641 4741 2798 4806 αὖθις
2835 4742 3040 4814 ταύτης
3066 4744 3215 4816 αύτῷ
3246 4747 3641 4818 παρεχώρησεν
3668 4765 3683 4778 ’
3717 4750 3749 4802 6

2165 4836 2240 4892 δὲ.
2279 4834 2506 4897 ἄπιστος
2526 4832 2624 4897 ὢν,
2654 4835 2753 4886 οὐκ
2793 4833 3028 4902 ἐτήρησε
3060 4837 3154 4898 τάς
3193 4837 3518 4906 συμϐάσεις.
3575 4838 3746 4892 Ὅθεν

2168 4932 2262 4983 καὶ
2325 4931 2536 4983 πάλινὸ
2564 4933 2968 4996 Κωνστειντῖνος
3028 4933 3177 5004 αὐτῷ
3236 4934 3547 5004 ἐπολέμησε
3575 4951 3591 4964 ·
3641 4935 3743 4988 καὶ

1704 5086 1903 5147 Variae
1933 5086 2244 5186 lectiones
2271 5094 2329 5147 et
2363 5091 2548 5146 notae.

496 5270 549 5319 gn
572 5260 728 5312 scutis
758 5268 986 5312 notasse.
1016 5257 1104 5313 Sic
1127 5257 1273 5310 enim
1317 5256 1582 5328 legendus
1643 5257 1732 5312 hic
1756 5258 1929 5324 locus,
1961 5255 2056 5312 ubi

499 5344 784 5406 perperam
819 5329 1024 5406 Christo
1051 5328 1230 5406 _editio
1260 5327 1502 5406 prml‘ert.
1527 5327 1704 5398 Atque
1759 5331 1956 5406 erinde
2006 5329 2055 5381 is

502 5398 616 5459 inus
643 5400 904 5464 obtinuit,
949 5409 1008 5453 ut
1050 5398 1106 5451 in
1133 5399 1304 5453 scutis
1329 5398 1564 5450 militum
1600 5400 2066 5468 praetorianarum

493 5472 695 5532 Christi
735 5484 1166 5541 monogramma,
1198 5468 1287 5541 _uti
1321 5468 1410 5541 hic
1431 5469 1788 5541 describitur,
1833 5469 2058 5541 eflinge-

498 5557 647 5600 retur
670 5557 682 5593 :
703 5541 848 5608 qund
873 5537 938 5593 cit
957 5540 1172 5593 musivo
1191 5537 1486 5609 Iustiniani
1519 5537 1885 5609 Bavennensi.
1914 5537 2061 5609 quod

497 5617 550 5674 in
585 5607 826 5668 Familiis
865 5609 1170 5681 Byzantini:
1199 5608 1415 5673 damus,
1461 5607 1717 5679 colligere
1749 5618 1835 5664 est
1889 5607 2063 5679 putis-

493 5701 712 5740 bllIllll“.

557 5755 629 5824 (ὅ)
673 5749 1006 5824 Σκεδιιάσας
1054 5752 1348 5824 σταυρόν.
1382 5748 1748 5819 Theophanes
1775 5765 1830 5824 ρ.
1863 5752 1924 5824 11
1936 5791 1950 5824 .

566 5820 641 5891 (εί)
671 5821 912 5876 Μιλῢίἀ.
945 5820 1199 5888 Βουλεία,
1232 5823 1308 5876 ita
1338 5829 1578 5889 Quatuor
1610 5836 1742 5878 mss.
1797 5821 1974 5893 ltegii,
2008 5831 2064 5878 et

2168 5255 2458 5332 Wolfiapi;
2488 5255 2723 5332 Μξίοίιιηι
2756 5259 3055 5332 scriptores
3112 5276 3274 5332 vulgo
3327 5261 3742 5327 vocant;Mul-

2173 5328 2332 5390 vium,
2359 5326 2678 5381 Lactantius
2705 5328 2758 5380 in
2792 5328 2932 5380 libro
2954 5327 3027 5381 De
3050 5326 3256 5384 mariti).
3281 5326 3616 5394 persecutﬁn.
3639 5335 3737 5389 45.

2157 5394 2470 5470 βίη-ηλιίεοη
2524 5397 2955 5470 Alexandrinum
3011 5401 3315 5453 Μουλυόίου
3359 5405 3607 5470 γέφυραν
3641 5403 3746 5459 htt-

2165 5467 2276 5538 bet.
2297 5466 2669 5538 Damascenus
2690 5468 2927 5530 Studita,
2958 5470 3146 5522 homil.
3174 5471 3270 5523 ὅδε
3293 5466 3524 5538 πλησίον
3544 5474 3625 5533 εἰς
3647 5474 3745 5526 ἄλ-

2164 5537 2254 5612 λρν
2287 5537 2521 5612 γεφύμριν
2540 5538 2681 5612 ’ὅπου
2707 5537 2769 5591 τὸ
2799 5537 3416 5612 ώνόμαζανᾼψουὶῦίαν.
3469 5541 3750 5612 Georgius

2165 5605 2509 5661 llamartolus
2539 5608 2590 5661 in
2625 5607 2830 5663 Chron.
2864 5624 2966 5662 IIIS.
3005 5611 3056 5662 in
3090 5609 3449 5666 Constantino
3494 5610 3564 5663 Μ.
3595 5605 3659 5665 ’ὗ
3681 5614 3745 5669 δὲ

2164 5676 2430 5750 δυσσεϐὴς
2464 5678 2727 5750 τύραννος
2753 5678 3033 5747 θαρσήσας
3052 5682 3163 5743 τοῖς
3195 5697 3286 5732 σου
3337 5682 3579 5750 δαίμοσι,
3639 5688 3745 5737 καὶ

2165 5746 2492 5826 γεφυρώσας
2513 5748 2604 5801 τὸν
2635 5746 3016 5826 παραρρέοντα
3047 5751 3290 5826 ποταμὸν
3315 5767 3383 5804 πο
3405 5746 3530 5814 λαῖ,
3551 5755 3742 5823 ναυσὶ,

2167 5817 2392 5885 ἐξῆλθεν
2420 5820 2497 5881 είς
2530 5817 2835 5889 παράταξιν
2860 5817 2953 5872 τοῦ
2979 5817 3237 5886 πολέμου.
