4026 6424
327 436 462 503 1101
1556 433 1963 493 ANNALIUM
2006 432 2153 494 LIB.
2197 431 2368 492 XIII.
3433 432 3576 498 1102

312 555 568 624 νικήσας,
600 547 712 605 εἷλε
740 549 861 605 τότε
883 548 943 602 τὶ
967 547 1265 614 Βυζάντιον
1296 544 1390 599 καὶ
1412 543 1508 614 τὴν
1530 544 1900 615 Χρυσόπολιν.

2025 551 2112 598 -et.
2162 543 2381 610 Qui-bus
2426 541 2661 597 ostentis
2707 543 2762 596 in
2805 557 2924 597 eam
2976 545 3304 600 sententiam
3352 545 3600 602 adduce~

333 649 394 702 '0
423 646 479 700 δέ
505 661 569 714 γε
598 642 842 705 Λικίνιος
909 641 990 704 είς
1045 637 1416 707 Νικομήδειαν
1471 637 1662 707 ἔφυγε,
1727 641 1822 690 καὶ
1869 637 1902 706 ἡ

2025 636 2199 697 batur,
2229 644 2289 688 ut
2315 633 2589 699 crederet,
2623 649 2913 690 successus
2939 635 3062 690 illos
3089 652 3275 691 rerum
3308 646 3362 693 et
3416 639 3592 693 victo-

321 734 527 804 ἀδελφὴ
575 733 669 788 τοῦ
715 729 1132 786 Κωνσταντίνου
1163 727 1538 798 προσελθοῦσα
1565 728 1642 796 τῷ
1688 727 1904 798 ἀδελφῷ

2025 726 2126 781 rius
2151 726 2256 782 sibi
2285 726 2555 780 divinitus
2583 724 2794 780 oﬂ‘erri.

322 828 501 882 ἐδέετο
530 825 676 896 ὑπὲρ
700 825 795 879 τοῦ
813 822 1004 894 ἀνδρὸς
1027 821 1331 891 τηρηθῆναι
1361 819 1510 891 αὐτῷ
1567 819 1666 890 τὴν
1711 821 1906 891 ἀρχήν.
1958 817 2048 881 Ὠς
2081 818 2138 872 δὲ
2204 818 2338 889 πρὸς
2391 817 2549 871 τοῦτο
2612 820 2713 874 οὐκ
2753 818 2965 890 ἔσχηκε
3011 819 3104 874 τὸν
3171 822 3400 892 ἀδελφὺν
3431 842 3594 880 κατα.

325 921 571 982 νεύοντα,
634 917 764 986 περὶ
799 915 896 986 τῆς
947 913 1154 968 ἐκείνου
1197 913 1471 980 σωτηρίας
1527 911 1772 980 προσῆγε
1829 909 1932 980 τὴν
1970 911 2157 981 δέησιν
2185 925 2202 942 ·
2247 909 2344 963 καὶ
2393 908 2587 962 ἔπεισε
2617 910 2712 964 τὸν
2747 912 3068 984 ὁμαίμονα(
3113 915 3372 986 Πρόσεισι
3413 914 3593 967 τοίνυν

321 1017 522 1086 αύτῷὁ
550 1014 793 1075 Λικίνιος
821 1013 880 1064 ὲν
939 1010 1180 1080 σχήματι
1257 1006 1530 1074 ἰδιωτικῷ,
1591 1006 1686 1060 καὶ
1737 1007 1818 1070 είς
1891 1005 2297 1076 Θεσσαλονίκην
2348 1004 2650 1075 διατρίϐειν
2721 1008 3012 1063 ἰδιωτεύων
3066 1012 3371 1066 κελεύεται.
3435 1011 3601 1065 Καὶὸ

321 1110 426 1180 μὲν
497 1109 676 1162 ἐκεῖσε
743 1103 954 1173 διῆγεν.
1025 1101 1090 1154 Ol.
1147 1099 1205 1153 δέ
1258 1115 1322 1167 γε
1387 1098 1721 1168 στρατιῶται
1776 1097 2010 1169 ᾐτιῶντο
2078 1098 2349 1162 σώζεσθαι
2413 1098 2504 1151 τίν
2569 1097 2808 1154 Λικίνιον
2837 1139 2854 1166 ,
2893 1102 3120 1157 ἄπιστον
3177 1107 3416 1173 φανέντα
3473 1105 3602 1157 πολ-

327 1203 506 1266 λὰκις,
579 1199 674 1252 καὶ
713 1195 1037 1268 παραϐάτην
1075 1192 1182 1246 τῶν
1231 1189 1557 1260 συνθηκῶνο
1591 1189 1676 1243 διὸ
1717 1191 1812 1242 καὶ
1876 1193 1942 1261 τῇ
1990 1189 2282 1261 συγκλήτῳ
2342 1191 2430 1244 διὰ
2477 1194 2826 1262 γραμμάτων
2876 1194 2974 1246 τοῦ
3039 1195 3310 1265 βασιλέως
3373 1200 3401 1268 ἡ
3475 1202 3603 1270 περὶ

326 1296 514 1351 τούτου
544 1291 773 1360 ἀνετέθη
809 1287 994 1359 βουλή.
1029 1285 1186 1347 Τινὲς
1231 1283 1331 1352 μὲν
1395 1277 1490 1335 οὖν
1553 1283 1668 1342 τοῖς
1749 1281 2116 1350 στρατιώταις
2180 1281 2470 1353 ἐκδοθῆναι
2534 1284 2687 1355 παρὰ
2740 1287 2842 1355 τῆς
2901 1288 3197 1355 γερουσίας
3225 1290 3542 1360 ἱστόρησαν,
3575 1294 3602 1345 ὃ

327 1389 481 1459 σφίσι
535 1386 686 1440 δοκεί
745 1383 839 1435 ἐπὶ
872 1379 951 1448 τῷ
984 1376 1212 1446 Λικινίῳ
1286 1374 1708 1442 διαπράξασθαι,
1785 1375 2077 1439 κάκείνους
2131 1376 2192 1428 ὲν
2248 1374 2619 1446 Θεσσαλονίκῃ
2672 1377 2836 1430 αὐτὸν
2897 1379 3214 1448 ἀναιρῆσαι,
3279 1381 3312 1450 ἢ
3373 1381 3602 1451 πλησίον

328 1485 549 1558 Σερᾠ
580 1482 678 1552 (5),
705 1478 938 1532 ἀπιόντα
1002 1489 1114 1528 ποι.
1163 1469 1426 1524 ’Λλλοιδὲ
1461 1470 1585 1523 οὐδὲ
1611 1471 1672 1523 ἐν
1730 1469 2106 1542 Θεσσαλονίκῃ
2165 1471 2331 1524 αὐτόν
2401 1487 2534 1540 φασι
2597 1471 2946 1543 διατρίϐοντα
2983 1475 3282 1546 ἠρεμῆσαι,
3312 1485 3603 1552 τυραννίδα

327 1581 384 1636 δὲ
414 1577 664 1650 μελετᾷν·
722 1572 816 1625 καὶ
867 1569 1028 1622 τοῦτο
1073 1567 1268 1634 γνόντα
1324 1563 1676 1633 τὸνβασιλέα
1743 1566 2154 1618 Κωνσταντῖνον
2226 1565 2430 1623 στεῖλαι
2498 1567 2624 1628 τοὺς
2694 1566 2856 1618 αὐτὸν
2910 1569 3330 1639 ἀναιρήσοντας.
3364 1576 3600 1642 Λέγεται

326 1670 386 1724 δὲ
411 1672 471 1724 ἐν
496 1669 615 1729 ταῖς
639 1663 777 1734 πρὸς
803 1659 964 1714 αὐτὸν
985 1661 1208 1729 μάχαις,
1236 1655 1268 1725 ἢ
1298 1658 1415 1718 ταῖς
1466 1654 1603 1725 πρὸς
1657 1654 1981 1720 Μαξέντιον,
2023 1655 2320 1711 θεάσασθαί
2367 1674 2490 1709 τινα
2540 1658 2631 1710 τὸν
2699 1659 3111 1712 Κωνσταντῖνον
3167 1663 3438 1734 ἱππότην,
3501 1669 3600 1720 καὶ

327 1759 695 1831 ὡπλισμένον,
747 1758 840 1810 τὸν
868 1755 961 1808 τοῦ
1015 1751 1253 1820 σταυροῦ
1314 1749 1487 1803 τύπον
1551 1749 1679 1803 ἀντὶ
1748 1751 1990 1820 σημαίας
2029 1752 2442 1823 ἐπιφερόμενον,
2463 1754 2556 1806 καὶ
2582 1753 2856 1822 τῆςαύτοῦ
2908 1758 3388 1827 προπορευόμενον
3424 1779 3604 1834 παρα-

327 1857 557 1925 τάξεως.
612 1855 724 1911 Καὶ
771 1851 930 1913 αὖθις
977 1848 1072 1903 δύο
1132 1846 1396 1917 ὤφθησαν
1444 1843 1595 1914 αὐτῷ
1655 1847 1866 1900 νεανίαι
1928 1849 1984 1898 ἐν
2037 1847 2318 1919 Ἀδριανοῦ
2378 1848 2532 1901 πόλει
2561 1849 2660 1912 τὰς
2715 1850 2823 1902 τῶν
2880 1852 3145 1907 ἐναντίων
3203 1859 3605 1924 συγκόπτοντες

314 1955 644 2026 φάλαγγας,
731 1947 846 2002 Καὶ
916 1944 1050 2015 περὶ
1141 1942 1202 1995 τὸ
1295 1940 1589 2005 Βυζάντιον
1697 1939 1795 2006 δὲ,
1884 1943 2080 2004 νυκτὸς
2187 1942 2558 1996 καθευδόντων
2644 1943 2924 2009 ἁπάντων,
3023 1946 3142 2014 φῶς
3220 1947 3378 2020 ὼφοη
3453 1951 3606 2020 αὖτῷ

328 2045 741 2121 περιαστράψαν
770 2043 863 2096 τὸν
915 2040 1008 2094 τοῦ
1068 2039 1272 2093 οἰκείου
1345 2035 1756 2107 στρατεύματος
1814 2037 2056 2107 χάρακα.
2110 2037 2205 2090 Ἐκ
2277 2037 2482 2091 τούτων
2549 2033 2644 2092 οὖν
2712 2041 2791 2101 εἰς
2851 2039 3060 2094 ἔννοιαν
3097 2039 3322 2112 ὲνήγετο
3357 2045 3450 2098 τοῦ
3487 2046 3608 2100 θεό-

327 2150 415 2196 θεν
441 2141 590 2210 αὐτῷ
615 2138 714 2202 τὰς
751 2133 1006 2204 εὐτυχίας
1040 2132 1135 2185 καὶ
1163 2132 1261 2193 τὰς
1292 2130 1447 2192 νίκας
1478 2127 1888 2199 προσγίνεσθαι.

398 2235 475 2288 B’.
529 2231 694 2285 Οὕτω
747 2227 811 2281 δὲ
875 2226 1227 2296 μοναρχήσας
1280 2225 1309 2276 ὁ
1361 2224 1772 2281 Κωνσταντίνος
1821 2220 1917 2271 καὶ

2114 2222 2178 2276 Il.
2220 2221 2311 2277 Sic
2334 2223 2483 2277 solus
2526 2239 2711 2277 rerum
2748 2225 2958 2294 potitus
2991 2223 3409 2294 Constantinus,
3438 2233 3606 2287 etiam

329 2325 560 2386 ᾠλάόιος
633 2317 960 2389 ὠνομάσθη.
1021 2317 1132 2367 Καὶ
1195 2311 1340 2366 οὕτω
1403 2329 1521 2374 πως
1578 2310 1918 2380 ἐχρημάτιζε

2025 2313 2198 2368 Flavii
2227 2313 2332 2366 sibi
2373 2328 2690 2383 praenomen
2721 2315 2936 2378 ascivit,
2967 2324 3023 2371 et
3047 2317 3238 2373 Romae
3266 2319 3430 2376 Vitam
3458 2325 3602 2394 egit:
3679 2372 3681 2374 .

329 2417 567 2478 Φλάϐιος
594 2411 1006 2470 Κωνσταντίνος
1029 2407 1126 2460 καὶ
1156 2405 1214 2457 ὲν
1257 2403 1447 2474 Ῥώμῃ
1471 2402 1650 2472 διῆγε,
1679 2401 1780 2470 τῆς
1815 2401 1915 2470 μὲν

2025 2405 2266 2459 nondum
2309 2405 2534 2474 quidem
2568 2405 2996 2461 simulacrorum
3035 2408 3257 2464 deserto
3291 2413 3467 2476 cultu,
3509 2416 3608 2470 sed

259 2568 263 2572 ν
329 2512 438 2562 τῶν
467 2507 705 2560 εἰδώλων
737 2501 1045 2573 θρησκείας
1069 2498 1172 2550 οὐκ
1197 2494 1469 2559 ἀποστὰς,
1505 2495 1575 2548 τὰ
1619 2493 1748 2564 περὶ
1773 2494 1914 2562 Χρι-

2025 2494 2343 2550 Christianae
2394 2495 2681 2564 religionis
2709 2498 2971 2567 mysteria
3011 2499 3276 2568 paulatim
3308 2502 3609 2562 admittens

329 2598 540 2654 στοῦδὲ
583 2597 914 2669 μυούμενος,
955 2591 1053 2645 καὶ⁹
1109 2589 1210 2661 ἥδη
1265 2586 1732 2657 παραδεχόμενος.
1795 2585 1917 2637 Σώ-

332 2709 500 2762 ματος
526 2691 602 2759 (6)
625 2690 683 2742 δὲ
714 2686 892 2758 τυχὼν
941 2682 1188 2752 νοσεροῦ,
1253 2681 1348 2734 καὶ
1403 2680 1634 2731 πλεῖστα
1685 2677 1916 2746 φύοντος

333 2787 398 2836 ἐκ
432 2780 780 2851 κακοχυμίας
843 2777 939 2830 καὶ
1003 2775 1136 2841 ὕλης
1189 2770 1476 2842 μοχθηρᾶς
1537 2769 1914 2838 ἐξανθήματα,

329 2875 408 2935 ὡς
463 2873 612 2943 λώϐῃ
681 2871 857 2924 ταῦτα
899 2866 1056 2937 παρὰ
1090 2865 1199 2918 τῶν
1251 2864 1479 2934 ἰατρῶν,
1518 2862 1614 2914 καὶ
1641 2861 1824 2930 λέπρᾳ.
1859 2859 1917 2912 δὲ

334 2962 794 3037 παρεικάζεσθαι,
843 2959 938 3014 καὶ
1001 2960 1103 3029 τὴν
1153 2955 1347 3010 τούτου
1372 2952 1669 3026 θεραπείαν
1702 2953 1916 3020 ἀπαγο-

337 3059 596 3131 ρεύεσθαι
621 3073 633 3087 ·
692 3049 820 3125 εὗρε
871 3053 998 3116 τοὺς
1031 3051 1198 3119 ἱερεῖς
1248 3048 1343 3102 τοῦ
1381 3050 1441 3100 ὲν
1488 3045 1566 3117 τῷ
1601 3044 1918 3114 Καπιτολίῳ

325 3153 458 3215 ’Διὸς
512 3150 613 3203 οὐκ
665 3147 841 3210 ἄλλως
925 3144 1185 3212 λέγοντας
1246 3139 1534 3205 τεύξεσθαι
1613 3137 1917 3206 Θεραπείας

335 3242 522 3305 αὐτὸν,
563 3241 611 3291 εί
647 3237 721 3307 μὴ
759 3236 820 3288 ὲν
865 3231 1079 3286 παίδων
1103 3230 1319 3301 νηπίων
1353 3226 1639 3298 ἁτμίζοντι
1669 3226 1751 3279 ἔτι
1786 3225 1914 3279 λού-

337 3349 494 3387 σαιτο
539 3331 753 3399 αἶματι.
802 3325 1007 3379 Αὐτίκα
1055 3323 1234 3376 τοίνυν
1281 3323 1346 3372 ἐκ
1395 3319 1578 3389 πάσης
1648 3317 1750 3389 τῆς
1822 3317 1916 3370 ὑπ’

339 3425 552 3476 ἐκεῖνον
605 3418 794 3489 χώρας
839 3417 1072 3486 συνῆκτο
1145 3413 1215 3466 τὰ
1289 3413 1463 3482 νήπια
1497 3451 1514 3474 ,
1577 3411 1674 3464 καὶ
1731 3411 1917 3481 ἡμέρα

2017 2583 2184 2655 atque
2208 2586 2522 2641 addiscens.
2543 2586 2680 2642 Cum
2703 2596 2888 2643 autem
2907 2604 3139 2660 corpore
3159 2602 3307 2648 esset
3329 2597 3609 2664 morbido,

2018 2675 2165 2745 quod
2191 2690 2223 2730 e
2253 2675 2610 2744 corruptione
2631 2676 2926 2732 humorum
2954 2678 3213 2748 plurimis
3234 2685 3482 2739 scatebat
3505 2703 3606 2756 pu-

2015 2766 2198 2828 stulis,
2225 2765 2363 2820 adeo
2390 2775 2450 2820 ut
2473 2766 2761 2821 curatione
2791 2767 3102 2838 desperata.
3128 2771 3296 2841 lepra:
3317 2790 3347 2829 a
3372 2777 3606 2835 medicis

2017 2854 2139 2911 lues
2169 2855 2260 2910 illa
2290 2866 2708 2926 compararetur
2734 2876 2748 2913 :
2775 2857 3075 2929 Capitolini
3105 2863 3258 2921 Jovis
3285 2869 3606 2927 sacerdotes

2017 2948 2447 3018 responderunt,
2473 2965 2602 3005 eum
2635 2951 2924 3021 pristinam
2955 2954 3328 3013 valetudinem
3361 2975 3472 3016 non
3505 2964 3608 3018 ali-

2021 3048 2105 3096 ter
2129 3050 2610 3112 recuperaturum,
2637 3059 2799 3113 quam
2832 3046 2876 3100 si
2917 3046 2971 3100 in
3003 3050 3272 3120 sanguine
3300 3052 3594 3110 infantium

2017 3132 2202 3188 adhuc
2248 3143 2550 3204 vaporante
2599 3136 2840 3192 lavisset.
2891 3137 3088 3195 Statim
3132 3142 3298 3212 igitur
3339 3160 3406 3200 ex
3456 3149 3610 3204 omni

2020 3224 2258 3294 imperio
2300 3226 2550 3282 collectis
2592 3227 2929 3296 infantibus,
2957 3233 3124 3288 caedis
3160 3235 3251 3290 die
3277 3238 3604 3304 constituta,

2021 3315 2324 3385 imperator
2359 3316 2491 3372 dum
2525 3319 2580 3372 in
2616 3318 2944 3390 Capitolium
2965 3361 2981 3385 ,
3012 3326 3282 3396 sanguine
3310 3345 3607 3398 puerorum

2022 3407 2240 3462 loturus
2267 3409 2536 3476 ascendit,
2579 3421 2782 3467 matres
2812 3413 3032 3468 illorum
3066 3417 3399 3488 lugubribus
3423 3421 3478 3494 4
3510 3441 3610 3480 νο-

335 3513 542 3582 ῶριστο
587 3509 685 3579 τῆς
715 3505 921 3560 τούτων
981 3506 1217 3572 σφαγῆς.
1255 3501 1368 3555 Καὶ
1405 3501 1434 3554 ὁ
1471 3500 1724 3570 βασιλεὺς
1751 3500 1918 3572 ἀπῄει

2027 3500 2188 3555 cibus
2223 3501 2494 3572 ejulantes
2525 3503 2700 3569 audit,
2744 3519 2866 3574 qua:
2895 3505 2969 3560 sit
3004 3505 3167 3565 ﬂetus
3209 3526 3374 3567 causa
3415 3526 3606 3586 rogat:

329 3607 481 3666 τύτε,
530 3602 610 3672 τῷ
656 3600 848 3671 αἵματι
904 3597 1014 3652 τῶν
1079 3596 1283 3649 παίδων
1350 3594 1682 3664 λουσόμενος
1726 3595 1806 3657 είς
1852 3593 1916 3646 τὸ

340 3695 711 3751 Καπιτώλιον.
745 3693 810 3746 Αἱ
837 3691 894 3744 δὲ
920 3689 1127 3744 τούτων
1159 3685 1394 3757 μητέρες
1425 3685 1709 3757 προϊόντος
1748 3682 1915 3737 αὑτοῦ

337 3788 539 3857 γοερὰς
582 3784 778 3853 ὴφίουν
812 3779 1016 3851 φωνὰς,
1061 3779 1155 3830 καὶ
1187 3776 1480 3840 ὠλόλυζον.
1543 3767 1643 3826 ’Ὧν
1669 3772 1914 3836 ἀκούσας

339 3883 546 3942 ἐκεῖνος
610 3879 775 3948 ἡρετο
805 3875 858 3926 τί
889 3871 982 3927 τοῦ
1029 3870 1231 3940 θρήνου
1255 3868 1316 3921 τὸ
1362 3866 1559 3933 αἴτιον,
1592 3867 1687 3920 καὶ
1729 3865 1918 3936 μαθὼν

338 3975 437 4036 τὰς
463 3969 710 4042 μητέρας
743 3966 964 4036 θρηνεῖν
999 3962 1110 4015 τῶν
1161 3957 1404 4030 βρεφῶν,
1438 3955 1631 4027 ὥσπερ
1662 3958 1727 4010 ἐκ
1746 3954 1918 4026 μέθης

331 4061 668 4130 ἀνενεγκὼν,
699 4058 770 4111 Τὸ
798 4055 916 4123 μὲν
938 4051 1049 4121 τῆς
1075 4049 1371 4118 πράξεως,
1403 4045 1580 4112 εἶπεν,
1633 4047 1916 4108 ἀνόσιον,

339 4150 686 4222 πρόδηλον·
745 4145 978 4212 ἄδηλον
1006 4139 1074 4194 δέ
1128 4156 1195 4210 γε
1224 4140 1292 4193 τὸ
1329 4137 1717 4207 ἀποτέλεσμα
1735 4153 1748 4167 ·
1773 4139 1825 4190 εὶ
1853 4135 1928 4190 δὲ

339 4241 654 4299 καὶτοῦτο
703 4235 783 4310 ἦν
833 4234 1267 4304 ἀναμφίὸολον,
1316 4232 1614 4298 κρεῖσσον
1661 4228 1924 4298 πάσχειν

339 4337 447 4407 ἐμὲ
471 4337 598 4399 ταῖς
619 4332 829 4396 νόσοις
872 4324 1460 4394 ταλαιπωρούμενον,
1510 4319 1550 4389 ἢ
1616 4321 1924 4374 τοσούτων

337 4423 585 4496 ,βρεφῶν
609 4417 1118 4490 καταψηφιεῖσθαι
1147 4412 1473 4475 ἀπώλειαν,
1501 4412 1601 4465 καί
1647 4411 1918 4480 ῥομφαίᾳ

347 4523 553 4587 λύπης
582 4515 691 4582 τὰς
727 4512 845 4568 τῶν
869 4508 1139 4578 μητέρων
1161 4503 1359 4561 αὐτῶν
1380 4503 1656 4559 διελάσαι
1693 4502 1924 4572 ψυχάς.

347 4614 461 4668 Καὶ
510 4609 684 4665 ταῦτα
749 4603 920 4660 εἰπὼν
967 4600 1278 4671 ἐπανῆλθεν
1313 4638 1328 4665 ,
1413 4597 1747 4667 ἀποδοθῆναι
1804 4599 1926 4661 ταῖς

353 4707 594 4776 μητράσι
654 4699 966 4772 προστάξας
1026 4695 1095 4749 τὰ
1150 4694 1341 4763 νήπια,
1405 4692 1500 4746 καὶ
1562 4692 1822 4761 χρήματα
1869 4689 1926 4742 δὲ

348 4800 572 4865 δοθῆναι
603 4796 816 4859 αὑταῖς,
860 4792 926 4845 ἵν’
953 4789 1282 4860 ἀντίρροπον
1315 4785 1524 4850 ἕξουσιν
1550 4783 1583 4854 ἢ
1613 4783 1705 4836 καὶ
1736 4781 1928 4834 διπλαο

2025 3607 2202 3662 eaque
2253 3595 2509 3664 cognita,
2554 3596 2707 3650 velut
2759 3597 2828 3650 ab
2870 3597 3140 3654 ebrietate
3181 3616 3606 3674 experrrectus:

2029 3684 2337 3752 Facinoris,
2377 3687 2578 3757 inquit,
2612 3689 2862 3758 impietas
2885 3698 2962 3744 est
2997 3693 3243 3759 evidens,
3282 3709 3494 3754 eventus
3528 3703 3611 3755 in-

2033 3789 2229 3831 certus.
2268 3777 2370 3842 Qui
2410 3781 2457 3832 si
2499 3778 2582 3832 vel
2621 3779 3080 3850 exploratissimus
3119 3794 3290 3854 esset,
3329 3801 3614 3859 pnes-taret

2031 3875 2210 3921 tamen
2255 3884 2336 3921 me
2378 3870 2676 3939 conﬂictari
2709 3872 2876 3925 morbi
2911 3873 3183 3943 molestiis,
3225 3894 3386 3948 quam
3415 3892 3489 3936 tot
3524 3885 3614 3939 in-

2033 3961 2264 4029 lantibus
2293 3963 2362 4015 ad
2394 3978 2572 4015 necem
2601 3963 2903 4032 damnatis,
2931 3967 3115 4036 gladio
3145 3967 3346 4026 doloris
3379 3983 3613 4032 matrum

2033 4051 2240 4103 animos
2267 4050 2622 4104 diverberare.
2651 4051 2748 4107 His
2781 4053 2944 4110 dictis
2973 4058 3224 4125 receSsit,
3255 4071 3312 4116 et
3343 4066 3630 4123 matribus

2034 4157 2165 4197 suos
2189 4142 2344 4197 reddi
2369 4143 2576 4198 liberos
2597 4145 2797 4214 jussit:
2831 4147 3017 4202 addita
3050 4153 3306 4219 pecunia,
3336 4165 3394 4208 ut
3422 4156 3613 4214 latitia

2033 4232 2280 4286 dolorem
2305 4247 2416 4286 non
2446 4241 2660 4287 tantum
2686 4245 2951 4303 aequaret,
2978 4239 3073 4294 sed
3105 4241 3276 4312 duplo
3296 4246 3461 4300 etiam
3490 4249 3614 4304 vin—

2034 4331 2234 4380 ceret:
2281 4338 2394 4378 non
2445 4324 2575 4381 ﬁliis
2627 4333 2843 4381 tantum
2893 4330 3190 4397 restitutis,
3236 4335 3333 4390 sed
3379 4342 3615 4407 pecunia

2035 4431 2256 4486 quoque
2281 4416 2428 4470 data.
2455 4415 2552 4471 llis
2576 4419 2838 4488 peractis,
2865 4432 3034 4477 noctu
3063 4424 3112 4478 ei
3138 4434 3318 4481 astare
3346 4428 3448 4483 visi
3482 4440 3615 4486 sunt

1987 4504 1997 4510 ’
2037 4507 2149 4561 duo
2189 4507 2328 4573 viri,
2372 4506 2469 4577 qui
2507 4522 2564 4562 se
2598 4509 2822 4562 Petrum
2852 4519 2907 4564 et
2948 4510 3178 4566 Paulum
3221 4529 3372 4578 esse,
3407 4515 3616 4574 Christi

2037 4598 2354 4668 apostolos,
2386 4597 2742 4667 proﬁtentes,
2784 4600 3070 4656 dicerent:
3103 4604 3158 4658 Si
3187 4613 3241 4658 et
3276 4611 3528 4676 corporis
3557 4622 3615 4665 et

2037 4691 2207 4744 animi
2255 4689 2548 4745 sanitatem
2595 4693 2858 4761 consequi
2889 4693 3090 4757 vellet,
3131 4694 3460 4753 Silvestrum
3499 4703 3617 4769 epi-

2036 4797 2277 4852 scopum.
2305 4797 2426 4837 esse
2463 4783 2888 4849 accersendum,
2931 4785 3027 4855 qui
3075 4795 3131 4840 et
3173 4787 3320 4842 luem
3365 4795 3616 4862 corporis

349 4891 502 4941 σίονα
528 4889 626 4958 τὴν
673 4887 870 4956 χαρὰν,
930 4885 1011 4936 ὅτι
1047 4891 1106 4934 τε
1151 4878 1328 4943 ζῶντα
1349 4878 1417 4929 τὰ
1473 4875 1673 4942 ἔκγονα
1703 4869 1920 4942 ἀπειλή-

2031 4873 2365 4943 depulsurus
2391 4883 2618 4938 esset,et
2647 4875 2810 4928 vitam
2848 4875 3106 4933 interitus
3135 4889 3416 4950 expertem
3457 4899 3616 4938 com-

349 4996 503 5050 φασι,
534 4982 629 5033 καὶ
662 4981 744 5031 ὅτι
770 4978 864 5029 ἐπὶ
880 4974 1087 5036 τούτοις
1108 4971 1200 5024 καὶ
1217 4970 1478 5041 χρήματα
1501 4965 1928 5036 προσειλήφασι.

351 5071 536 5126 Ταῦτα
595 5069 653 5123 δὲ
696 5064 1142 5139 διαπραξαμένῳ,
1208 5061 1402 5123 νυκτὸς
1457 5057 1607 5127 αὐτῷ
1671 5054 1926 5124 ἐδοξάτην

2037 4967 2438 5022 municaturus.
2489 4966 2861 5036 Experreetus
2902 4969 3238 5041 imperator,
3289 4974 3614 5046 episcopum

2035 5069 2356 5117 reverenter
2406 5062 2614 5119 accersi
2655 5061 2849 5134 jubet,
2893 5074 3061 5135 atque
3104 5065 3172 5120 ad
3209 5076 3460 5121 sanctum
3503 5069 3612 5124 Sil-

1464 5200 1666 5262 νοτία)
1696 5177 2003 5261 lectiones
2031 5210 2090 5262 et
2123 5209 2311 5262 notua.

425 5355 501 5426 (5)
531 5350 794 5426 ιξιέῤῥῶνζ
812 5349 1148 5426 Ita_qua_tuor
1184 5343 1499 5426 mss_._codd.
1525 5343 1678 5424 Ptegii
1703 5360 1745 5426 ;_.
1769 5343 1919 5426 ννοιτ

2028 5346 2085 5402 S.
2118 5343 2370 5402 Silvestri
2395 5346 2842 5402 consarcinatore
2876 5359 2908 5401 a
2937 5345 3270 5403 Combeﬂsio
3291 5346 3441 5402 edito
3473 5349 3612 5406 hau-

359 5413 463 5482 lius
485 5413 733 5494 Σαρξἱῖὒν.
769 5421 846 5474 De
881 5413 1061 5474 Sérris
1125 5417 1259 5471 urbe
1287 5413 1638 5478 Macedoniae,
1695 5413 1806 5467 dixi
1852 5413 1920 5467 ad
2020 5416 2396 5494 sitZonarasz
2434 5420 2553 5472 sive
2588 5417 2682 5471 ille
2715 5417 2993 5494 Eusebius
3014 5417 3087 5494 sit
3121 5416 3613 5494 Casariensis,__ut

353 5494 816 5554 Villharduinum.

426 5567 503 5636 (6)
541 5564 833 5636 Σώματρς.
869 5557 995 5636 _Ha:c
1016 5564 1071 5636 et
1094 5555 1515 5636 sequentian‘ut
1573 5563 1648 5636 et,
1677 5553 1922 5636 ﬁetitiam

354 5623 601 5691 Sil‘vestri
628 5623 706 5686 ἐι
735 5623 999 5685 zambres
1040 5627 1108 5680 de
1153 5623 1376 5680 Christo
1421 5623 1926 5686 Concertatiouem,

354 5715 412 5760 et
440 5707 508 5760 de
531 5714 688 5758 tauro
712 5700 976 5755 suscitato
1000 5695 1500 5764 narratiunculam.
1524 5708 1691 5764 quam
1723 5694 1935 5764 habent

355 5777 523 5829 etiam
563 5772 870 5835 Cedrenus,
902 5777 958 5823 et
985 5766 1253 5834 Georgius
1273 5762 1625 5835 llamartolus
1654 5764 1707 5821 in
1765 5762 1938 5835 Chro-

368 5846 494 5900 nico
527 5859 631 5899 ms.
663 5833 902 5909 Symeon
936 5833 1240 5907 Logotheta
1269 5834 1324 5888 in
1351 5833 1557 5892 Chron.
1590 5849 1694 5892 ms.
1715 5849 1782 5889 ex
1800 5834 1939 5888 Vitae

2018 5487 2296 5542 existimat
2327 5488 2658 5542 ltatramnus
2686 5488 2991 5546 monachus
3023 5486 3395 5553 Corbeiensis,
3427 5489 3482 5542 in
3513 5491 3612 5546 lib.

2025 5558 2225 5612 Contra
2259 5557 2494 5628 ϐναοορ.
2521 5558 2788 5627 opposita,
2820 5570 2944 5628 sap.
2973 5554 3030 5623 ὃ,
3060 5556 3179 5628 sive
3224 5556 3366 5628 alius
3415 5573 3611 5628 recen-

2029 5627 2170 5692 tior,
2202 5626 2352 5694 quod
2381 5626 2610 5682 omnino
2639 5642 2787 5682 reor.
2821 5626 3070 5682 Habetur
3099 5626 3267 5683 etiam
3293 5627 3396 5682 ista
3431 5627 3614 5683 Silva.

2031 5697 2131 5778 διζὶ
2183 5697 2488 5768 disputatio
2548 5711 2676 5753 cum
2731 5696 2936 5755 Iudaeis
2971 5698 3026 5753 in
3076 5713 3130 5754 ιν
3178 5696 3465 5755 codicibus
3505 5700 3612 5756 Re-

2033 5780 2160 5837 gus.
