4026 6394
448 411 583 474 “03
1713 395 2040 457 JOANNIS
2077 395 2402 457 ZONAIUE
3574 396 3733 463 μοι

440 547 683 592 vestrum
711 546 723 582 :
761 526 856 580 Dic
887 523 1048 586 mihi,
1081 518 1277 588 inquit,
1319 516 1588 587 episcope,
1625 530 1692 566 an
1726 514 1849 566 deos
1882 512 2026 566 cola-

2145 511 2288 582 ἱνδρε
2323 511 2664 582 παρεστάναι
2695 510 2878 576 διττὼ,
2919 513 3127 583 Πέτρος
3169 507 3332 576 εἶναι,
3367 514 3464 568 καὶ
3497 517 3735 582 Παῦλος

441 630 540 691 iis,
585 623 674 694 qui
722 619 912 672 I’etrus
943 623 993 666 et
1041 609 1242 665 Paulus
1281 609 1650 662 nominantur.
1700 603 2018 674 Respondet

2147 600 2375 668 έγοντες
2401 603 2451 655 οἱ
2478 601 2873 656 ἀπόπολοιτοῦ
2892 603 3154 674 Χριστοῦ,
3179 604 3296 663 καὶ,
3317 607 3378 658 Εἰ
3394 611 3737 679 σωματικῆς

440 722 530 774 illc
554 736 568 772 :
614 716 758 771 Unas
781 730 810 765 a
838 709 983 762 nobis
1013 706 1150 759 Deus
1177 701 1522 771 agnoscitur:
1556 697 1748 752 Petrus
1769 705 1947 751 autem
1969 704 2017 749 et

2154 713 2180 748 ε
2218 696 2313 750 καὶ
2355 696 2617 767 ψυχικῆς,
2654 697 2860 764 ἔλεγον,
2927 697 3140 765 ὑγιείας
3184 698 3364 767 βούλει
3382 704 3591 770 τυχεῖν,
3625 705 3738 754 τὶν

447 808 645 862 I'aulus
679 813 797 858 sunt
817 801 930 870 ejus
968 794 1159 867 famuli
1180 801 1227 846 et
1250 792 1502 846 ministri.
1529 789 1670 844 Tum
1695 789 2017 858 imperator,

2142 786 2418 840 ,πίσκοπον
2479 787 2850 856 μετακάλεσαι
2905 788 3254 860 Σίλὸεστρον,
3311 791 3569 853 κάκεῖνός
3629 811 3732 846 σοι

441 907 668 956 narrato
707 895 759 950 ei
796 889 1040 953 somnio,
1089 884 1309 940 arcanis
1353 892 1554 939 nostra:
1604 882 1887 952 religionis
1931 881 2020 934 in-

2151 882 2216 932 ,αὶ
2271 878 2372 950 τὴν
2412 879 2592 952 λύμην
2636 881 2895 934 ἀκέσεται
2950 881 3050 952 τῆς
3101 884 3304 953 σαρκὸς
3337 924 3352 948 ,
3417 887 3509 938 καὶ
3565 887 3741 954 ζωῆς

441 993 696 1051 struitur,
745 986 1089 1056 baptizatur.
1136 987 1195 1035 et
1234 994 1266 1034 e
1315 977 1666 1034 sanctissimo
1703 977 1794 1033 illo
1826 977 2020 1033 balneo

2143 970 2433 1043 ἱνωλέθρου
2473 971 2807 1037 καταξιὼσει
2843 990 2926 1027 σε.
2983 975 3106 1028 Ἐπὶ
3143 976 3361 1039 τούτοις
3385 980 3412 1030 ὁ
3446 977 3733 1048 βασιλεὺς

441 1095 608 1137 sanus
636 1088 692 1134 et
725 1078 939 1146 integer
973 1071 1261 1136 ascendit;
1298 1069 1630 1125 Christianis
1660 1069 2016 1125 securitatem

2154 1060 2216 1114 οῦ
2241 1059 2412 1114 ὕπνου
2439 1061 2772 1131 ἀνενεγκὼν,
2795 1063 3006 1146 στέλλει
3023 1065 3153 1130 τοὺς
3179 1068 3674 1138 μεταπεμψομένοι
3698 1085 3741 1134 ς

437 1189 538 1246 per
567 1163 1201 1242 praeconesdenuntiat;
1243 1161 1445 1232 templa
1485 1176 1675 1217 eorum
1707 1161 1932 1231 aperiri,
1963 1170 2021 1216 et

2148 1152 2224 1206 νὺν
2289 1153 2432 1206 αίδιιϊ
2470 1154 2561 1208 τὸν
2605 1145 2927 1212 ἐπίσκοπον.
2983 1159 3094 1213 ΚαὶΙ
3151 1161 3591 1232 παραγενομένῳ
3641 1163 3738 1231 τῷ

440 1243 581 1319 nova
612 1260 778 1317 condi
807 1258 1111 1330 permittit;
1143 1269 1209 1310 ac
1229 1253 1496 1319 vicissim,
1528 1251 1670 1308 fanis
1697 1252 2018 1308 ﬁctitiorum

2145 1243 2258 1314 ερῷ
2309 1245 2620 1318 Σιλόέστρῳ
2659 1289 2674 1315 ,
2718 1247 2864 1302 Εἰπέ
2931 1267 3075 1320 μοι,
3142 1251 3245 1322 ἔφη
3283 1291 3299 1315 ,
3395 1253 3735 1322 ἐπίσκοπε,

440 1356 672 1410 deorum
716 1350 954 1412 clausis,
999 1349 1226 1417 impune
1265 1343 1748 1400 Christianismum
1793 1341 2021 1414 quosvis

2144 1338 2561 1405 φησκεύονται
2592 1341 2729 1410 παρ’
2750 1341 2894 1411 ὑμῖν
2913 1343 3035 1398 θεοί
3069 1345 3297 1413 Πέτρος
3339 1344 3439 1399 καὶ
3467 1346 3734 1413 Παῦλος

435 1445 694 1518 amplecti
733 1443 884 1500 sinit.
925 1441 1062 1497 Nam
1098 1454 1157 1494 se
1181 1437 1292 1493 vim
1332 1435 1559 1507 quidem
1591 1435 1867 1491 facturum
1896 1449 2018 1490 esse

2139 1428 2535 1499 δνομαζόμενοι
2555 1449 2575 1498 ;
2614 1432 2678 1486 '0
2709 1433 2790 1500 δὲ,
2810 1427 2915 1502 Εἷς
2955 1435 3101 1505 ἡμῖν
3131 1435 3278 1503 Θεὸς
3333 1437 3729 1508 γινώσκεται,

442 1540 684 1594 nemini:
733 1535 828 1606 qui
860 1548 994 1588 vero
1035 1531 1181 1587 ultro
1221 1528 1290 1584 ad
1334 1528 1618 1584 Christum
1659 1542 1718 1582 se
1749 1527 2021 1583 contulis-

2138 1521 2478 1592 irraxpivaro,
2508 1525 2733 1594 Πέτρος
2780 1527 2851 1580 δὲ
2873 1527 2976 1582 καὶ
3046 1529 3295 1596 Παῦλος
3349 1529 3728 1596 θεράποντες

438 1643 589 1693 sent,
636 1643 732 1684 eos
772 1641 831 1681 se
877 1622 1108 1679 laudare
1149 1618 1532 1691 profitebatur.
1580 1617 1674 1674 Sic
1723 1619 1814 1673 ille
1857 1617 2018 1673 fidem

2139 1615 2355 1670 ἑκείνου
2386 1617 2486 1671 καὶ
2544 1620 2836 1688 ὑπηρέται
2854 1623 3035 1676 εἰσιν.
3073 1621 3238 1693 Ἑξῆς
3279 1621 3375 1676 οῦν
3399 1625 3426 1676 ὁ
3454 1622 3729 1692 βασιλεὺς

437 1722 805 1779 Christianam
852 1715 1132 1786 suscepit,
1172 1712 1492 1784 evangelico
1535 1712 1811 1782 praeconio
1857 1712 2017 1767 inva-

2140 1709 2391 1776 ῑιηγεϊται
2449 1709 2602 1782 αὐτῷ
2627 1713 2688 1765 τὸ
2716 1698 2997 1782 ἐνύπνιον,
3039 1714 3134 1769 καὶ
3157 1715 3220 1768 τὸ
3249 1714 3373 1770 καθ’
3413 1716 3562 1786 ἡμᾶς
3582 1711 3730 1784 παρ’

441 1818 706 1878 lesrcnte,
736 1821 792 1866 et
813 1806 1118 1865 Christiani
1151 1803 1390 1860 nominis
1421 1802 1740 1858 hominibus
1763 1803 2019 1873 adempto

2138 1798 2293 1852 ιὺτοῦ
2349 1803 2568 1871 μυεῖται
2629 1806 2974 1877 μυστήριον,
3040 1807 3136 1861 καὶ
3204 1807 3550 1878 βαπτίζεται.
3606 1808 3728 1862 Καὶ

443 1915 612 1963 metu.
631 1905 904 1961 Czeterum
926 1897 1099 1955 Judaei
1125 1904 1355 1950 matrem
1381 1894 1732 1960 imperatoris
1754 1896 2020 1965 aggressi,

2136 1891 2334 1946 Ξνεισιν
2363 1895 2428 1946 ὲκ
2467 1895 2566 1962 τῆς
2611 1898 2890 1965 παναγοῦς
2941 1898 3338 1971 κολυμϐήθρας
3370 1899 3530 1970 ὑγιὴς
3569 1898 3726 1964 ὅλος,

439 2000 731 2067 deceptum
763 2007 890 2048 eum
929 2004 1052 2046 esse
1095 1994 1383 2051 asserunt,
1420 1995 1475 2040 et
1510 1985 1600 2055 pio
1633 1984 1775 2040 facto
1808 1985 2020 2041 facinus

2141 1982 2223 2036 ιιαὶ
2270 1982 2469 2037 αὐτίκα
2517 1984 2707 2039 ἄδειάν
2742 2003 2802 2040 τε
2849 1987 3116 2058 κηρύττει
3181 1989 3561 2058 Χριστιανοίς,
3623 1988 3731 2042 καὶ

441 2087 669 2158 impium
710 2082 1055 2154 adjunxisse,
1089 2077 1512 2134 simulacrorum
1557 2077 2017 2143 destructionem,

2141 2074 2254 2138 τοὺς
2314 2075 2476 2138 ναοὺς
2509 2076 2694 2146 σφίσιν
2721 2077 3156 2146 ἀναπετάννυσι,
3178 2079 3274 2135 καὶ
3311 2083 3467 2144 νέους
3496 2081 3731 2152 ἐφίησιν

442 2193 555 2233 rem
585 2175 730 2247 piam
754 2212 771 2239 ,
797 2171 958 2226 ﬁdem
992 2171 1046 2225 in
1073 2169 1377 2230 Christum,
1400 2167 1622 2238 impiam
1649 2168 2019 2224 nominantes.

2141 2167 2530 2238 ὶνεγείρεσθαι.
2583 2168 2770 2224 κλείει
2796 2170 2854 2224 δὲ
2883 2168 3204 2238 τοῦμπαλιν
3259 2169 3329 2225 τὰ
3373 2171 3578 2241 τεμένη
3607 2169 3731 2222 τῶν

440 2269 629 2326 Solum
657 2266 804 2322 enim
837 2279 963 2318 eum
999 2276 1193 2316 verum
1227 2274 1348 2314 esse
1387 2261 1577 2325 Deum,
1610 2275 1772 2329 quem
1799 2259 1900 2330 ipsi
1929 2275 2022 2315 co-

2142 2258 2497 2329 Ρευδωνύμων
2561 2260 2704 2315 θεῶν
2735 2300 2753 2328 ,
2807 2261 2980 2326 ἀδεῶς
3025 2279 3086 2316 τε.
3132 2263 3422 2334 προσιέναι
3467 2262 3732 2327 θεσπίζει

439 2363 622 2416 icrent
647 2375 662 2412 :
689 2357 876 2413 Jesum
903 2364 1110 2418 autem,
1141 2351 1338 2407 nefarii
1369 2351 1469 2416 illi,
1505 2352 1784 2406 hominem
1812 2351 2021 2406 malefi-

2144 2352 2257 2416 τοὺς
2310 2351 2743 2423 θεσπιζομένους
2797 2355 2865 2426 τῇ
2915 2337 3101 2409 πίστει
3162 2357 3232 2426 τῇ
3283 2353 3380 2409 τοῦ
3451 2353 3734 2427 Χριστοῦ.

441 2465 602 2514 cum,
641 2455 698 2504 et
742 2444 1196 2517 praestigiatorem
1232 2440 1573 2497 vocitabant.
1606 2441 1774 2496 Mater
1805 2442 1920 2497 haec
1951 2441 2021 2497 ad

2146 2443 2427 2509 Βιάζεσθαι
2461 2445 2561 2514 μὲν
2581 2444 2692 2514 γὰρ
2736 2445 2931 2499 οὐδένα
2963 2445 3119 2513 ἔλεγε
3148 2446 3442 2518 βούλεσθαι
3473 2463 3488 2478 ·
3518 2448 3653 2510 τοὺς
3681 2447 3736 2501 δ’

441 2545 828 2613 imperatorem
859 2537 1050 2593 refert.
1095 2536 1146 2591 ls
1179 2536 1444 2600 decrevit,
1483 2543 1545 2588 ut
1573 2533 1746 2589 Judaei
1786 2535 1879 2605 qui
1917 2537 2020 2591 ista

2146 2535 2352 2599 ἑκόντας
2373 2535 2452 2606 τῷ
2480 2535 2702 2607 Χριστῷ
2735 2537 3201 2607 προστιθεμένους
3256 2539 3645 2610 ἀποδέχεσθαι.
3664 2540 3736 2594 Ὀ

440 2641 710 2694 asseram,
743 2644 801 2684 se
819 2637 877 2684 et
899 2626 1132 2682 delectis
1156 2640 1186 2680 e
1220 2631 1417 2679 senatu
1440 2624 1768 2694 quibusdam
1790 2624 2025 2680 audien-

2144 2627 2235 2697 μὲν
2268 2626 2365 2681 οῦν
2394 2626 2541 2682 οὕτω
2563 2632 2629 2699 τῇ
2664 2628 2848 2683 πίστει
2876 2629 2972 2682 τοῦ
3012 2629 3254 2700 Χριστοῦ
3294 2632 3676 2703 προσελήλυθε
3711 2648 3734 2668 ο

442 2729 615 2789 tibus,
647 2739 771 2779 cum
795 2721 1064 2777 Silvestre
1091 2718 1353 2788 episcopo
1385 2716 1634 2772 Romano
1666 2725 1722 2771 et
1749 2716 2021 2773 Christia-

2147 2718 2191 2771 ιδ
2227 2719 2492 2789 κήρυγμα
2522 2718 3069 2784 δ’ὲπλατύνετο,ςκαὶ
3103 2724 3398 2796 παρρησίᾳ.
3429 2727 3544 2788 τοῖς
3585 2725 3737 2795 Χρι-

439 2820 528 2874 nis
562 2818 878 2887 disputent,
930 2826 1041 2884 quo
1073 2820 1403 2882 cognoscat,
1450 2809 1714 2880 quidnam
1755 2825 1785 2864 a
1815 2808 2024 2865 Judaais

2142 2810 2442 2882 ςτωνύμοις
2467 2811 2698 2867 ἐδέδοτο.
2743 2813 3046 2883 Προσίασιν
3087 2813 3182 2868 οῦν
3212 2818 3279 2886 τῇ
3316 2816 3410 2870 τοῦ
3445 2817 3732 2886 βασιλέως

441 2911 728 2968 aﬂ'eratur.
766 2907 816 2978 5
844 2907 1188 2976 Disputatum
1211 2911 1317 2967 est,
1343 2902 1576 2956 victoria
1599 2902 1667 2956 ad
1696 2901 2019 2958 Silvestrum

2137 2902 2305 2974 μητρὶ
2346 2904 2609 2971 Ἰουδαῖοι,
2643 2907 2962 2978 ἠπατῆσθαι
3026 2907 3275 2977 λέγοντες
3330 2909 3424 2962 τὸν
3459 2909 3727 2980 βασιλέα,

444 3003 708 3058 inclinare
753 2999 891 3054 visa.
941 2997 1081 3051 Tum
1130 2994 1304 3050 ,ιιιάωὶ
1347 2993 1672 3048 Silvestrum
1714 2993 2024 3048 disserendi

2146 2995 2225 3047 ιαὶ
2248 2995 2395 3066 ἔργῳ
2421 2995 2667 3064 θεοφιλεῖ
2697 2998 2859 3068 ἔργον
2882 2999 3151 3069 ἀναμίξαι
3214 3001 3490 3071 θεομισές.
3523 3001 3736 3070 6:02;:-

433 3095 698 3150 acuminc
725 3090 1068 3160 superiorem
1097 3102 1220 3143 esse
1243 3085 1515 3149 dicentes,
1537 3087 1816 3156 signorum
1839 3095 2023 3142 osten-

2140 3085 2221 3149 λὲς
2252 3088 2374 3157 μὲν,
2410 3086 2510 3158 τὴν
2537 3088 2647 3143 τῶν
2678 3089 2916 3143 εἰδώλων
2955 3091 3279 3163 καθαίρεσιν
3329 3093 3730 3162 ὀνομάζοντεςο

446 3185 709 3239 tationem
759 3179 1135 3250 postulabant.
1187 3175 1368 3245 Atque
1413 3174 1550 3231 adeo
1589 3176 1811 3245 quidam
1856 3178 2024 3233 exiis

2144 3179 2384 3251 ὶεομισὲς
2454 3179 2514 3233 δὲ
2558 3218 2575 3246 ,
2627 3180 2730 3252 τὴν
2778 3181 2961 3235 πίστιν
3011 3183 3111 3254 τὴν
3162 3185 3244 3246 είς
3286 3185 3527 3258 Χριστόν
3558 3203 3570 3216 ·
3626 3189 3734 3257 μό-

444 3278 728 3348 impostor,
760 3275 985 3328 nomine
1022 3267 1307 3330 Zambres,
1338 3266 1534 3322 bovem
1559 3267 1744 3323 afferri
1770 3268 2022 3338 iubebat,

2138 3291 2218 3327 νον
2267 3272 2376 3343 γὰρ
2431 3267 2575 3325 εἶναι
2613 3271 2746 3327 Θεὸν
2797 3274 2973 3344 ἀληθῆ
3016 3274 3108 3329 τὸν
3160 3277 3296 3345 παρ’
3345 3277 3530 3332 αὐτῶν
3577 3277 3728 3351 θρη-

445 3369 501 3422 in
535 3385 644 3437 quo
674 3364 759 3420 sui
787 3363 879 3418 Dei
916 3363 1216 3431 potentiam
1249 3377 1308 3416 se
1334 3360 1841 3414 demonstraturum
1871 3374 2025 3414 asse-

2137 3364 2484 3433 σκευόμενονο
2524 3363 2620 3417 τὸν
2669 3363 2879 3435 Ἰησοῦν
2913 3365 2985 3432 ,δὲ
3013 3365 3301 3437 ἄνθρωπον
3350 3370 3401 3423 οἱ
3446 3371 3727 3441 ἀλιτήριοι

444 3458 622 3512 rebat.
649 3453 956 3510 Adducitur
995 3454 1114 3515 bos,
1152 3453 1367 3507 accedit
1400 3451 1684 3516 Zambrcs,
1720 3452 2028 3507 insusurrat

2140 3451 2440 3521 κακοῦργον
2464 3451 2773 3505 ἀπεκάλουν
2835 3452 2931 3506 καὶ
2983 3454 3181 3523 γόητα.
3247 3455 3536 3526 ’Δναφέρει
3585 3458 3730 3510 ταῦ-

444 3551 496 3605 ei
521 3546 728 3618 aliquid
757 3546 811 3600 in
836 3561 1026 3600 aurem
1053 3561 1067 3598 :
1100 3545 1211 3610 ille,
1240 3547 1510 3614 magnoet
1540 3543 1876 3598 lamentabili
1909 3559 2029 3598 mu-

2136 3545 2254 3614 ταή
2284 3545 2472 3615 μήτηρ
2505 3543 2585 3614 τῷ
2623 3543 2834 3613 βασιλεῖ
2881 3547 2975 3598 καὶ
3011 3546 3114 3617 υἱῷ
3151 3563 3168 3581 ο
3201 3547 3230 3600 ὁ
3258 3547 3317 3602 δὲ
3366 3548 3726 3618 διαλεχθῆναι

445 3643 560 3714 gitu
594 3639 764 3703 edito,
793 3653 916 3692 cum
945 3645 1185 3691 tremore
1225 3643 1280 3690 et
1309 3633 1580 3705 vertigine
1633 3634 2026 3701 circumactus,

2138 3635 2239 3688 δεῖν
2298 3634 2515 3705 ἔκρινεν
2581 3635 2669 3688 ἐπ’
2738 3635 3000 3707 ἀκροάσει
3057 3637 3225 3692 αὐτοῦ
3296 3640 3394 3694 καὶ
3446 3639 3556 3692 τῶν
3620 3641 3728 3712 τῆς

446 3731 694 3788 concidit
730 3738 1003 3784 mortuus.
1051 3728 1126 3782 Ea
1176 3743 1235 3782 re
1277 3726 1658 3797 gloriabantur
1695 3726 1894 3794 Judaei,
1929 3725 2027 3782 Dei

2138 3728 2419 3798 γερουσίας
2478 3727 2719 3796 λογάδων
2747 3769 2763 3795 ,
2832 3729 2961 3793 τοὺς
3026 3730 3202 3786 ταῦτα
3254 3733 3511 3802 λέγοντας
3580 3735 3728 3789 ἰου-

447 3826 532 3882 sui
567 3837 768 3879 nomen
813 3837 922 3876 non
955 3823 1166 3890 cepisse
1192 3834 1357 3872 aures
1401 3818 1548 3872 illius
1579 3817 1844 3873 dicentes.
1891 3816 2029 3882 Quid

2137 3820 2353 3886 Βαίους,
2424 3821 2506 3892 τῷ
2573 3819 2795 3892 Ῥώμης
2869 3823 3154 3895 ἐπισκόπῳ
3234 3827 3549 3898 Σιλϐέστρῳ
3621 3831 3727 3883 καὶ

447 3933 590 3982 νει-ο,
629 3915 809 3985 inquit
839 3913 1124 3978 Silvester,
1165 3914 1253 3980 qui
1284 3911 1338 3965 id
1371 3911 1549 3966 bestia:
1581 3911 1707 3965 dicit
1734 3913 1788 3965 in
1820 3926 2026 3975 aurem,

2135 3915 2244 3978 τοῖς
2277 3914 2406 3981 περὶ
2445 3913 2644 3966 αὐτόν·
2688 3913 2758 3970 ἵν’
2797 3912 2942 3968 οὕτω
2975 3916 3155 3984 γνοίη,
3176 3916 3301 3971 τίνα
3333 3919 3400 3972 τὰ
3429 3919 3539 3972 τῶν
3579 3920 3725 3974 ἰου-

447 4011 604 4065 verba
642 4025 740 4062 sua
781 4022 885 4060 non
919 4005 1068 4058 audit
1097 4003 1121 4056 ?
1157 4019 1251 4056 cur
1279 4013 1328 4056 et
1359 4003 1468 4073 ipse
1511 4019 1616 4057 non
1645 4001 1907 4056 moritur?
1946 3999 2028 4055 lbi

2135 4005 2294 4059 Βειίων
2314 4005 2454 4058 είσὶν
2488 4005 2844 4075 εἰσαγόμενα.
2870 4006 3105 4076 Γέγονεν
3143 4007 3458 4079 ἡδιὰλεξις.
3485 4011 3725 4078 Ἔδοξαν

449 4101 753 4156 Zambres:
787 4097 910 4152 Jam
964 4095 1119 4159 nihil,
1172 4095 1372 4166 inquit,
1415 4111 1545 4162 opus
1585 4101 1662 4148 est
1699 4094 1944 4164 argutiis,
1980 4101 2030 4146 et

2133 4099 2175 4150 οί
2208 4096 2359 4166 λόγοι
2377 4097 2472 4152 τοῦ
2517 4098 2664 4170 ἱεροῦ
2705 4099 3034 4172 Σιλόέστρου
3063 4103 3548 4174 ἐπικρατέστεροι.
3619 4107 3723 4161 Ἐκ

449 4191 820 4264 probabilitate
853 4189 1148 4251 verborum,
1185 4188 1274 4240 sed
1311 4187 1486 4256 factis.
1521 4187 1776 4256 episcopo.
1818 4183 1876 4240 Si
1906 4201 2030 4255 ergo

2131 4189 2481 4260 διαλεκτικῆς
2535 4191 2822 4262 δυνάμεως
2883 4195 3212 4266 ὑπερτερεῖν
3242 4197 3293 4249 οἱ
3338 4194 3590 4251 Ἰουδαῖοι
3620 4200 3721 4252 τὸν

450 4297 666 4336 taurum
692 4283 853 4336 istum
894 4295 927 4333 a
959 4289 1007 4332 te
1047 4278 1160 4332 neci
1201 4279 1410 4343 datum,
1453 4276 1717 4331 Silvester
1753 4278 1849 4340 ait,
1919 4277 2031 4346 ipse

2130 4281 2456 4353 Σίλόεστρον
2514 4283 2745 4353 ἔλεγον,
2802 4285 3047 4356 σημείων
3131 4288 3364 4358 ἐζήτουν
3426 4291 3718 4354 ἐπίδειξιν.

453 4374 652 4430 Christi
686 4375 898 4428 nomine
935 4376 988 4426 in
1016 4373 1181 4425 vitam
1209 4371 1460 4425 revocabo
1483 4386 1500 4423 :
1527 4387 1632 4423 non
1669 4371 1843 4440 majus
1879 4369 2030 4440 quid-

2133 4372 2350 4427 Μᾶλλον
2401 4373 2460 4426 δέ
2507 4391 2594 4439 τις
2637 4376 2768 4446 παρ’
2835 4377 3025 4442 αὐτοῖς
3085 4379 3218 4451 γόης
3263 4381 3402 4451 ἀνὴρ
3449 4382 3723 4452 Ζαμδρῆς

450 4470 576 4522 dum
599 4468 925 4537 prrcstitisse,
950 4473 997 4518 et
1023 4480 1275 4535 magnam
1298 4464 1685 4517 demonstrasse
1713 4461 1907 4518 Christi
1933 4478 2030 4532 po-

2133 4463 2470 4536 καλούμενος
2525 4464 2657 4536 βοῦν
2683 4467 2974 4538 ἐνεχθῆναι
3000 4469 3177 4538 ἠξίου,
3204 4471 3296 4524 διὰ
3314 4471 3507 4525 τούτου
3537 4473 3723 4541 λέγων

451 4563 674 4614 tentiam
701 4560 947 4614 videbor?
978 4557 1290 4643 Assentitur
1315 4556 1425 4618 ille,
1458 4565 1514 4609 et
1545 4571 1641 4624 per
1664 4555 1894 4609 salutem
1923 4555 2027 4608 im-

2135 4553 2351 4621 μέλλειν
2408 4555 2750 4620 ἐνδείξασθαι
2776 4557 2876 4627 τὴν
2917 4557 3148 4630 δύναμιν
3178 4560 3274 4613 τοῦ
3314 4561 3521 4614 οἰκείου
3541 4561 3682 4614 Θεοῦ
3702 4603 3717 4617 .

455 4651 725 4720 peratoris
757 4649 940 4704 statim
970 4649 1138 4717 iurat,
1176 4646 1221 4700 si
1248 4655 1468 4699 taurum
1499 4644 1767 4700 revixisse
1793 4645 2025 4708 videret,

2131 4646 2484 4718 Προσηνέχθη
2525 4649 2553 4701 ὁ
2586 4646 2736 4718 βοῦς,
2766 4649 3145 4718 πεπλησίακεν
3171 4651 3326 4722 αὐτῷ
3351 4654 3379 4706 ὁ
3425 4652 3719 4722 Ζαμσρῆς,

453 4759 513 4795 se
547 4741 928 4797 coniessurum
955 4738 1235 4794 Christum
1265 4753 1385 4793 esse
1415 4739 1607 4792 Deum.
1633 4737 1897 4794 Silvester
1926 4755 2031 4793 au-

2134 4737 2494 4808 ὑπεψιθύρισέ
2542 4756 2596 4792 τι
2631 4739 2780 4808 αὐτῷ
2825 4743 2905 4804 είς
2950 4741 3010 4795 τὸ
3036 4737 3153 4806 οὖς.
3187 4743 3455 4807 Κάκεῖνος
3492 4745 3638 4815 μέγα
3663 4762 3724 4799 τι

460 4845 602 4896 tem,
635 4833 809 4888 oculis
841 4832 894 4886 in
929 4831 1127 4886 coelum
1164 4829 1358 4884 deﬁxis
1391 4840 1446 4884 et
1478 4829 1711 4885 Domino
1751 4829 2028 4894 invocato,

2136 4833 2226 4884 καὶ
2276 4830 2470 4900 γοερὸν
2525 4832 2939 4902 μυκησὰμενος,
3004 4834 3100 4886 καὶ
3135 4834 3326 4906 τρόμῳ
3379 4833 3726 4905 συνδινηθεὶς

457 4940 627 4996 prope
671 4932 884 4978 taurum
931 4931 1094 4990 astat,
1142 4922 1467 4991 sublataque
1506 4936 1642 4976 voce
1685 4921 1928 4976 clamat:
1971 4919 2031 4976 Si

2137 4921 2549 4974 καταπέπτωκε
2577 4924 2674 4975 καὶ
2702 4925 3034 4994 νενέκρωτο.
3069 4923 3288 4995 Ηῦχουν
3332 4926 3426 4979 ἐπὶ
3462 4928 3640 4997 τούτῳ
3671 4932 3721 4981 oi

452 5016 592 5069 Deus
622 5030 772 5070 verus
801 5020 898 5078 est,
929 5029 1081 5084 quem
1111 5028 1202 5084 ego
1230 5013 1486 5066 annuntio
1513 5010 1802 5076 Christum,
1836 5009 2030 5082 Surge,

2149 5013 2418 5079 Ἰουδαῖοι,
2441 5011 2622 5065 τὸτοῦ
2678 5014 2943 5085 σφετέρου
2968 5015 3105 5069 Θεοῦ
3143 5016 3323 5087 ὄνομα
3373 5017 3450 5089 μὴ
3499 5019 3713 5088 στέγειν

456 5117 624 5175 taure,
666 5123 728 5161 ac
766 5105 982 5175 pedibus
1023 5106 1126 5159 tuis
1166 5105 1417 5159 insistito.
1457 5103 1651 5159 Statim
1685 5112 1876 5158 taurus
1909 5118 2030 5157 sese

2129 5104 2383 5172 λέγοντες
2411 5103 2503 5156 τὸν
2542 5104 2834 5160 ἀκούοντα.
2892 5105 2959 5160 Τί
2983 5107 3074 5173 δὲ,
3112 5109 3279 5178 φησὶν
3303 5112 3331 5162 ὁ
3361 5109 3715 5183 Σὶλσεστρος,

451 5215 837 5264 commovens,
887 5196 1090 5254 exsilit.
1143 5196 1246 5263 Qui
1297 5195 1555 5261 aderant,
1602 5209 1858 5264 maguum
1907 5207 2029 5248 esse

2135 5197 2161 5248 ὁ
2193 5194 2388 5264 λέγων
2415 5195 2592 5249 τοῦτο
2615 5195 2696 5262 τῷ
2734 5194 2854 5261 ζ’ὠῳ
2877 5197 2954 5268 (7)
2978 5199 3130 5269 πρὸς
3157 5199 3224 5254 τὸ
3245 5195 3353 5268 οὖς
3377 5203 3487 5255 οὐκ
3509 5202 3725 5257 ἀκούει

455 5295 706 5348 Silvestri
743 5294 913 5348 Deum
937 5333 953 5358 ,
989 5292 1300 5347 exclamare
1325 5307 1340 5345 :
1369 5289 1568 5356 Judaei,
1595 5287 1868 5341 miraculo
1901 5301 2032 5356 per-

2134 5285 2234 5340 τοῦ
2262 5287 2630 5356 λεγομένου;
2667 5287 2795 5355 πῶς
2836 5286 2950 5344 οὖν
2987 5292 3062 5346 οὐ
3119 5291 3373 5359 θνήσκει
3391 5294 3724 5362 κὰκεῖνος;

452 5385 618 5452 culsi,
651 5386 717 5439 ad
753 5387 919 5454 pedes
951 5385 1054 5438 viri
1087 5383 1263 5439 sancti
1296 5380 1569 5444 accidere,
1606 5389 1794 5450 petere
1823 5389 1883 5434 ut
1913 5380 2030 5449 pla-

2135 5379 2238 5431 Καὶ
2267 5379 2296 5430 ὁ
2321 5379 2585 5451 Ζαμϐρῆς
2607 5396 2620 5410 ·
2660 5383 2744 5435 Οὐ
2772 5381 2996 5450 λόγων,
3033 5384 3163 5456 ἔφη,
3194 5386 3470 5457 στροφῆς
3521 5404 3586 5440 τε
3622 5389 3725 5442 καὶ

455 5485 605 5529 caret
630 5476 731 5528 sibi
753 5475 944 5533 Deum,
969 5482 1023 5527 et
1046 5473 1377 5542 baptismum
1398 5471 1799 5540 impertiretur.
1823 5471 2026 5540 Inclyta

2137 5471 2521 5539 πιθανότητος
2563 5471 2697 5540 ἄρτι
2753 5475 2947 5543 χρεία,
2978 5475 3115 5531 ἀλλ’
3149 5477 3363 5548 ἔργων,
3396 5479 3727 5536 ἐπίσκοπε.

457 5575 586 5616 vero
619 5561 972 5634 imperatoris
1002 5570 1197 5628 mater,
1227 5560 1470 5616 nondum
1507 5562 1780 5628 instituta,
1811 5562 2026 5618 erudiri

2135 5564 2189 5618 Et
2211 5559 2325 5618 οὖν
2348 5568 2457 5621 τὸν
2512 5566 2672 5634 παρὰ
2687 5567 2804 5623 σοῦ
2825 5571 3199 5641 νεκρωθέντα
3225 5575 3442 5632 τοῦτον
3469 5574 3725 5642 ταῦρον,

1644 5724 1844 5786 Variae
1893 5724 2202 5788 lectiones
2252 5734 2314 5790 et
2351 5737 2544 5792 nota.

523 5849 603 5920 (7)
639 5849 702 5904 ὐ
733 5853 929 5919 λέγων
953 5849 1129 5907 τοῦτο
1158 5851 1239 5916 τῷ
1267 5852 1401 5920 ζώῳ.
1436 5855 1526 5911 Sic
1561 5856 1616 5910 in
1661 5873 1771 5911 uno
1805 5871 1835 5911 e
1894 5872 2024 5912 mss.
2070 5857 2110 5913 Β

1158 5851 1239 5916 τῷ
1267 5852 1401 5920 ζώῳ.
1436 5855 1526 5911 Sic
1561 5856 1616 5910 in
1661 5873 1771 5911 uno
1805 5871 1835 5911 e
1894 5872 2024 5912 mss.
2070 5857 2274 5931 Regiis,
2309 5862 2363 5917 in
2394 5861 2503 5917 alio
2532 5861 2726 5932 τούτῳ.
