4026 6484
313 522 452 587 1105

1537 523 1958 590 ANNALIUM
1993 527 2146 594 LIB.
2189 527 2365 588 XIII.
2416 553 2420 556 ·

3443 519 3606 586 Πθϐ’

306 639 334 689 6
363 635 687 706 Σίλϐεστρος
753 628 900 701 εἷπε,
958 628 1167 696 ζωώσω
1193 635 1379 702 αὐτὸς
1401 635 1476 706 τῇ
1498 636 1606 692 τοῦ
1637 639 1897 707 Χριστοῦ

2003 655 2063 696 se
2112 648 2169 695 et
2213 635 2481 709 baptizari
2527 634 2774 707 ﬂagitare
2817 647 2831 687 :
2877 647 2941 688 ac
2986 630 3098 687 vati
3131 643 3360 701 compos
3415 629 3585 698 facta,

304 725 642 794 ἐπικλήσει,
694 727 804 780 οὐκ
864 723 943 780 ἄν
972 742 1026 779 τι
1049 722 1254 794 μεῖζον
1319 725 1478 792 δόξω
1541 728 1758 796 ποιεῖν,
1799 728 1900 783 καί

303 817 579 888 μεγάλην
611 816 912 881 ἀποδείξω
972 816 1091 884 τὴν
1141 817 1404 888 δύναμιν
1447 819 1556 874 τοῦ
1603 821 1862 890 Χριστοῦ
1877 837 1898 886 ;

306 909 576 970 Κάκεῖνος
625 905 887 960 κατέθετο
925 923 942 939 ·
993 904 1090 959 καὶ
1141 907 1286 960 κατὰ
1321 909 1429 980 τῆς·
1467 910 1747 980 σωτηρὲας
1801 910 1897 964 τοῦ

305 996 572 1066 βασιλέως
611 995 687 1065 (8)
717 993 884 1058 εὐθὺς
947 993 1283 1064 ἐξωμόσατο,
1324 998 1373 1051 εί
1426 997 1521 1052 τὸν
1573 998 1776 1069 ταῦρον
1796 1000 1896 1053 ἴδοι

303 1088 714 1154 ἀναϐιώσαντα,
767 1087 859 1141 τὸν
886 1089 1126 1157 Χριστὸν
1154 1089 1491 1162 ὁμολογῆσαι
1522 1091 1677 1147 Θεόν.
1713 1095 1825 1147 Καὶ
1867 1095 1898 1147 6

303 1179 635 1250 Σίλϐεστρος
685 1179 766 1242 εἰς
798 1179 1030 1252 οὐρανὸν
1085 1181 1367 1248 ἁτενίσαῖ,
1427 1183 1524 1236 καὶ
1553 1184 1648 1236 τὸν
1684 1182 1896 1255 Κύριον

302 1270 808 1342 ἐπικαλεσάμενος,
867 1272 999 1344 ἔστη
1045 1273 1142 1326 τοῦ
1189 1273 1395 1344 ταύρου
1441 1273 1634 1343 ἐγγὺς,
1662 1276 1757 1327 καὶ
1792 1278 1894 1347 τὴν

304 1362 490 1433 φωνὴν
535 1362 773 1433 ἐπάρας,
821 1362 1048 1430 ἐϐόησεν
1085 1379 1098 1395 ο
1137 1364 1207 1417 Et
1246 1364 1392 1430 Θεὸς
1429 1363 1666 1431 ἀληθής
1698 1365 1891 1432 ἐστιν,

304 1454 378 1506 ὃν
399 1451 515 1520 ἐγὼ
573 1452 842 1519 κηρύττω
899 1453 1184 1520 Χριστὸν,
1232 1452 1450 1523 ἕγ-ειραι
1482 1495 1496 1519 ,
1540 1453 1739 1522 ταῦρε,
1795 1454 1898 1508 καὶ

303 1544 482 1611 στῆθι
500 1543 601 1596 ἐπὶ
630 1543 774 1608 τοὺς
811 1543 1006 1609 πόδας
1034 1559 1174 1598 σου.
1209 1544 1420 1598 Αὐτίκα
1458 1542 1593 1612 γοῦν
1643 1544 1894 1614 κινηθεὶς

301 1635 330 1684 6
361 1632 562 1703 ταῦρος
614 1632 865 1702 ἅνέθορε.
926 1633 1036 1685 Καὶ
1069 1635 1117 1686 οἱ
1145 1636 1439 1704 παρόντες,
1493 1634 1684 1701 Μέγας
1716 1636 1744 1687 6
1797 1632 1893 1688 τοῦ

304 1726 632 1796 Σιλϐέστρου
687 1725 850 1790 Θεὸς,
889 1724 1207 1795 ἐξεϐόησαν.
1263 1728 1326 1779 Οί
1369 1727 1617 1778 Ἰουδαῖοι
1646 1726 1704 1778 δὲ
1735 1743 1896 1780 κατα·

304 1813 607 1882 πλαγέντες
640 1813 717 1883 τῷ
747 1813 988 1882 θαύματι
1045 1816 1158 1877 τοῖς
1194 1815 1322 1867 ποσὶ
1353 1813 1449 1867 τοῦ
1517 1815 1672 1882 ἁγίου
1727 1832 1898 1884 προσ-

311 1907 542 1956 έπιπτον
595 1903 690 1955 καὶ
739 1903 986 1956 ἱκέτευον
1057 1901 1592 1967 ἱλεώσασθαιαῦτοῖς
1621 1905 1714 1958 τὸν
1737 1904 1894 1970 Θεὸν,

2003 747 2136 787 vero
2161 733 2274 786 Deo
2319 729 2538 801 agnito,
2571 728 2690 783 loca
2719 741 2842 796 quae
2879 723 3104 779 formosi
3151 721 3356 777 Christi
3395 717 3588 791 pedes,

2001 824 2206 895 quippe
2253 838 2444 893 pacem
2488 819 2820 876 annuntiare
2869 816 3052 882 soliti,
3089 814 3587 885 perambulassent,

2001 923 2250 986 spectare
2277 929 2504 984 cupere.
2543 911 2730 967 Ascito
2764 911 2931 981 igitur
2962 909 3027 963 Ι).
3061 907 3330 962 Silvestre
3359 905 3589 967 comite.

2001 1005 2380 1076 Hierosolyma
2407 1001 2779 1073 proﬁciscitur
2803 1018 2818 1055 :
2843 1009 2898 1055 et
2919 998 3177 1069 sepulcro
3209 995 3431 1051 Domini
3459 995 3590 1048 ado-

2000 1106 2154 1161 rato,
2187 1103 2244 1151 et
2299 1105 2494 1151 sancta
2538 1107 2706 1148 cruce
2756 1092 3011 1154 inventa,
3065 1088 3156 1144 cui
3213 1089 3358 1143 Deus
3400 1093 3591 1142 noster

2000 1203 2233 1259 corpore
2262 1203 2362 1244 suo
2391 1187 2589 1242 afﬁxus
2612 1185 2817 1248 fuerat,
2855 1192 2912 1238 et
2943 1181 3162 1252 templis
3192 1194 3393 1250 magno
3433 1192 3588 1233 sum-

2001 1289 2097 1352 ptu
2128 1280 2448 1346 exstructis,
2482 1279 2548 1334 ad
2577 1278 2746 1333 ﬁlium
2776 1276 3096 1331 revertitur.
3128 1271 3387 1342 Suscepit
3415 1270 3591 1339 impe-

2000 1385 2206 1427 ratore
2239 1371 2475 1436 Fausta,
2520 1369 2631 1424 ﬁlia
2673 1365 3027 1429 Maximiani,
3071 1373 3185 1420 tres
3214 1363 3392 1425 ﬁlios,
3437 1359 3590 1415 Con-

1997 1463 2304 1518 stantinum
2325 1503 2340 1527 ,
2377 1460 2764 1517 Constantium
2797 1467 2853 1513 et
2881 1456 3238 1511 Constantem
3266 1469 3280 1506 :
3313 1466 3379 1506 ac
3419 1449 3590 1504 ﬁliam

2000 1554 2300 1618 Helenam,
2339 1569 2460 1623 quae
2502 1553 2721 1608 Juliano
2765 1559 2964 1621 postea.
2988 1546 3197 1616 nupsit.
3246 1541 3449 1598 Habuit
3478 1550 3591 1596 ete

1998 1645 2308 1701 concubina
2341 1644 2511 1699 ﬁlium
2543 1655 2676 1697 natu
2708 1641 3009 1695 maximum
3043 1637 3326 1706 Crispum,
3364 1632 3461 1701 qui
3491 1631 3591 1686 Li-

2001 1738 2223 1793 ciniano
2267 1737 2414 1792 bello
2453 1737 2627 1791 multa
2673 1734 2892 1788 fortiter
2931 1731 3158 1786 fecerat.
3204 1728 3344 1782 Eum
3390 1723 3591 1780 Fausta

1999 1844 2258 1892 noverca,
2295 1827 2490 1882 insano
2521 1841 2711 1881 amore
2739 1832 3019 1894 correpta,
3048 1835 3173 1876 cum
3288 1816 3354 1872 ad
3385 1829 3592 1870 concu-

2001 1918 2176 1974 bitum
2215 1918 2472 1988 pellicere
2501 1915 2862 1986 nequivisset,
2918 1913 3063 1984 apud
3096 1919 3308 1981 patrem
3349 1905 3576 1968 detulit,

312 1997 408 2049 καὶ
459 1994 554 2048 τοῦ
606 1995 744 2048 Θεοῦ
808 1996 952 2063 σφᾶς
1007 1995 1239 2060 ἀξιῶσαι
1293 1995 1693 2066 βαπτίσματος·
1733 1997 1827 2050 καὶ
1862 1999 1897 2069 ἡ

2003 2021 2063 2066 ιιι
2091 2027 2122 2066 a
2146 1985 2257 2082 qu—o
2282 1985 2652 2074 adamaretur,
2677 2023 2776 2064 sua
2811 2004 3076 2078 pudicitia
3104 2017 3248 2072 saepe
3275 1999 3589 2054 sollicitata.

311 2089 560 2159 ἀοίδιμος
625 2088 683 2141 δὲ
742 2087 839 2142 τοῦ
897 2088 1162 2158 βασιλέως
1217 2088 1407 2161 μήτηρ
1461 2090 1707 2159 ἀμύητος
1762 2085 1902 2145 οὖσα

1995 2104 2081 2161 Ob
2113 2104 2168 2159 id
2195 2103 2428 2167 crimen,
2459 2100 2658 2170 capitis
2685 2100 2940 2169 Crispum
2971 2096 3198 2151 damnat
3229 2102 3410 2164 pater,
3443 2103 3582 2145 con-

306 2179 461 2248 ἠξίου
502 2179 780 2250 μυηθῆναι
817 2180 911 2234 καὶ
974 2179 1370 2250 βαπτισθῆναιο
1432 2181 1674 2253 τυχοῦσα
1719 2182 1898 2236 τοίνυν

2002 2193 2112 2266 iugi
2139 2193 2462 2248 obsecutus.
2515 2189 2624 2246 Sed
2674 2179 2882 2244 deinde
2941 2185 3176 2242 veritate
3222 2180 3478 2252 cognita,
3520 2175 3590 2232 de
3648 2195 3652 2200 λ

304 2271 400 2325 τοῦ
436 2271 654 2340 ἐφετοῦ,
695 2273 792 2325 καὶ
851 2272 946 2324 τὸν
994 2272 1171 2342 ἀληθῆ
1237 2273 1542 2342 ἐπιγνοῦσα
1576 2273 1737 2336 Θεὸν,
1770 2273 1902 2334 τοὺς

309 2364 510 2425 τόπους
564 2362 658 2425 οὓς
687 2364 737 2415 οἱ
766 2362 963 2435 ὡραῖοι
1013 2363 1175 2427 πόδες
1231 2365 1494 2434 Χριστοῦ,
1548 2366 1624 2428 ὡς
1673 2366 1901 2436 εἰρήνην

309 2455 839 2525 εὐαγγελισαμένου,
873 2455 1194 2516 διώδευσαν,
1227 2455 1528 2510 θεάσασθαι
1560 2457 1898 2526 ἐπεθύμησε.

310 2547 420 2600 Καὶ
477 2546 991 2617 συμπαραλαϐοῦσα
1054 2546 1148 2600 τὸν
1221 2546 1516 2600 Θεσπέσιον
1570 2547 1898 2618 Σίλϐεστρον

308 2640 390 2702 είς
435 2640 788 2711 Ἰεροσόλυμα
845 2641 1239 2717 παραγέγονε·
1300 2642 1482 2696 καὶτὸ
1537 2641 1632 2695 τοῦ
1691 2641 1898 2712 Κυρίου

309 2731 741 2801 προσκυνήσασα
770 2731 962 2803 μνῆμα
997 2731 1094 2786 κοιλ⁵
1140 2731 1233 2783 τὸν
1263 2733 1409 2785 θεῖον
1437 2732 1706 2802 εὑρηκυία
1727 2748 1897 2784 σταυ-

311 2823 402 2891 ρόν
459 2825 518 2876 ἐν
579 2817 624 2891 ᾦ
679 2825 1007 2895 προσεπάγη
1070 2823 1405 2894 σωματικῶς
1451 2826 1479 2877 ὁ
1519 2823 1654 2888 θεὸς
1713 2825 1896 2895 ἡμῶν,

307 2917 471 2979 ναούς
496 2933 556 2968 τε
583 2916 941 2987 δομησαμένη
984 2915 1322 2981 πολυτελεῖς,
1357 2914 1496 2986 πρὸς
1522 2915 1613 2968 τὸν
1637 2917 1752 2970 υίδν
1801 2917 1899 2970 καὶ

1999 2286 2118 2356 ipsa
2164 2299 2408 2355 quoque,
2454 2296 2581 2337 cum
2626 2281 2698 2335 ob
2745 2277 3178 2350 impudicitiam,
3217 2283 3332 2330 tum
3365 2276 3596 2342 propter

2001 2376 2097 2431 ﬁlii
2127 2375 2354 2438 credem,
2398 2388 2591 2444 pmnas
2631 2373 2825 2426 sumit.
2863 2369 2998 2424 Nam
3038 2368 3096 2422 in
3125 2367 3382 2421 balneum
3421 2361 3592 2414 vehe-

2001 2477 2217 2523 menter
2267 2465 2593 2521 calefactum
2640 2463 2977 2524 introducta,
3037 2470 3178 2516 testu
3230 2455 3588 2528 prtefocatur.

2003 2559 2142 2615 Cum
2173 2565 2357 2612 autem
2391 2555 2663 2611 Sarmatas
2685 2563 2741 2608 et
2765 2553 2950 2609 Gotthi
2979 2549 3290 2622 provincias
3315 2548 3592 2602 Romanas

2019 2647 2395 2711 invasissent,
2451 2653 2508 2701 et
2565 2644 2816 2698 Thraciae
2857 2653 3044 2712 partes
3089 2643 3404 2700 vastarent,
3448 2632 3590 2688 Con-

2003 2739 2284 2794 stantinus
2315 2737 2586 2792 Maximus
2613 2744 2805 2789 contra
2837 2749 2933 2790 eos
2959 2731 3196 2803 insurgit
3222 2747 3237 2784 ι
3261 2743 3326 2783 ac
3353 2722 3590 2780 Thracia

2005 2837 2316 2898 occupata,
2377 2825 2786 2894 eommissoque
2845 2823 3033 2892 praelia
3087 2819 3252 2874 victis
3309 2811 3590 2878 Barbaris,

2005 2920 2512 2990 Splendidissimum
2547 2919 2889 2988 triumphum
2923 2915 3304 2986 consequitur.

309 3007 538 3078 βασιλέα
584 3007 1006 3076 ἐπανελήλυθεν.
1057 3006 1224 3070 Υίοὺς
1263 3007 1321 3061 δ”
1368 3009 1434 3060 ἐκ
1501 3008 1753 3078 Φαύστης
1809 3009 1912 3080 τῆς
1968 3011 2066 3065 τοῦ
2144 3009 2491 3083 Μαξιμιανοῦ
2563 3009 2834 3078 θυγατρὸς
2900 3010 2928 3060 6
2999 3005 3254 3077 βασιλεὺς
3329 2998 3582 3070 ἐγείνατο

308 3103 460 3169 τρεῖς
526 3098 600 3171 (9)
629 3140 644 3166 .

732 3101 1145 3156 Κωνσταντῖνον
1211 3101 1306 3155 καὶ
1371 3101 1755 3155 Κωνστάντιον
1798 3103 1894 3156 καὶ
1932 3102 2291 3160 Κώνσταντα.
2356 3107 2470 3160 Καὶ
2531 3103 2810 3173 θυγατέρα
2850 3101 3097 3171 Ἑλένην,
3160 3089 3590 3170 ἢτῷἸουλιανῷ

311 3193 628 3266 συνῴκησεν
669 3196 920 3267 ὕστερον.
979 3196 1106 3268 Εἶχε
1134 3197 1192 3252 δὲ
1218 3198 1311 3250 καὶ
1355 3199 1420 3251 ἐκ
1490 3197 1775 3269 παλλακῆς
1811 3199 1926 3252 υἱὸν
1966 3197 2153 3271 ἕτερον
2217 3201 2466 3272 Κρίσπον
2500 3200 2857 3271 καλούμενον,
2885 3197 2996 3250 τῶν
3026 3193 3204 3250 ἄλλων
3237 3188 3402 3244 αὐτοῦ
3429 3185 3591 3247 υἱέων

309 3287 704 3358 πρεσϐύτερον,
736 3287 796 3350 ὃς
825 3290 916 3341 καὶ
955 3290 1106 3361 παρὰ
1128 3290 1206 3361 τῷ
1233 3290 1370 3360 πρὸς
1439 3290 1684 3346 Λικίνιον
1747 3292 1970 3364 πολέμω
2009 3293 2274 3357 πολλάκις
2328 3295 2641 3366 ἠρίστευσε.
2709 3292 2900 3361 Τούτῳ
2947 3291 2981 3360 ἡ
3039 3283 3285 3357 μητρυιὰ
3369 3281 3590 3334 Φαύστσ

312 3381 646 3445 ἐπιμανεῖσα
704 3379 1009 3448 ἐρωτικῶς,
1065 3382 1190 3435 ἐπεὶ
1236 3382 1312 3453 μὴ
1364 3383 1653 3447 εὐπειθοῦς
1718 3385 1929 3439 ἐκείνου
1970 3385 2263 3456 ἐτύγχανε,
2327 3389 2560 3444 κατεῖπε
2615 3387 2751 3457 πρὸς
2797 3385 2889 3440 τὸν
2954 3381 3169 3450 πατέρα
3215 3378 3289 3440 ὥς
3357 3373 3590 3445 ἐρῶντος

314 3470 484 3540 αὐτῆς
513 3472 608 3524 καὶ
635 3471 932 3541 βιάσασθαι
979 3473 1241 3536 πολλάκις
1293 3475 1771 3547 ἐπιχειρήσαντος.
1837 3477 1928 3530 Διὸ
1969 3480 2064 3531 καὶ
2096 3479 2326 3534 θάνατον
2350 3479 2378 3531 6
2404 3480 2654 3550 Κρίσπος
2713 3478 2869 3548 παρὰ
2894 3473 2989 3530 τοῦ
3031 3472 3238 3542 πατρὸς
3266 3464 3589 3536 κατεκρίθη,

315 3565 637 3630 πὶισθὲντος
695 3569 760 3636 τῇ
812 3569 1051 3640 γαμετῇ.
1101 3569 1188 3633 Ὠς
1260 3569 1306 3623 δ’
1349 3570 1494 3640 ἔγνω
1547 3573 1850 3642 μετέπειτα
1911 3573 1939 3626 ὁ
1977 3573 2345 3645 αὐτοκράτωρ
2407 3574 2468 3628 τὸ
2502 3573 2724 3645 ἀληθὲς,
2785 3572 2882 3626 καὶ
2922 3569 3024 3640 τὴν
3079 3567 3315 3636 γυναῖκα
3343 3561 3596 3632 ἐκόλασε⁹

309 3657 401 3711 διὰ
441 3657 498 3710 δὲ
535 3658 593 3710 τὸ
622 3657 829 3727 ταύτης
859 3659 1158 3714 ἀκόλαστον
1201 3660 1336 3733 (10),
1372 3663 1468 3716 καὶ
1527 3664 1618 3716 τὸν
1686 3663 1846 3733 φόνον
1883 3663 1975 3718 τὸν
2013 3664 2110 3719 τοῦ
2161 3665 2354 3728 παιδός
2378 3682 2394 3698 ο
2429 3665 2750 3735 είσαχθεῖσα
2797 3662 2908 3732 γὰρ
2943 3662 3002 3713 ἐν
3028 3657 3242 3728 λουτρῷ
3290 3657 3324 3726 ἡ
3371 3653 3588 3708 Φαύστο

315 3751 563 3821 σφοδρῶς
617 3751 949 3808 ὲκκαυθέντι
999 3757 1119 3809 ἐκεῖ
1164 3754 1264 3826 τὴν
1321 3755 1468 3827 ζωὴν
1530 3756 1724 3826 βιαίως
1797 3756 2106 3830 ἀπέρρηξε.
2181 3757 2500 3830 Σαρματῶν
2554 3757 2612 3812 δὲ
2672 3756 2768 3812 καὶ
2821 3754 3040 3808 Γότθων
3101 3749 3215 3821 (il)
3270 3747 3414 3802 κατὰ
3486 3746 3587 3816 τῆς

323 3841 622 3913 Ῥωμαίοις
669 3846 914 3917 ὑπηκόου
941 3848 1340 3918 κεκινημένων,
1367 3847 1462 3901 καὶ⁸
1487 3847 1585 3918 τὴν
1614 3847 1896 3920 Θρακῴαν
1938 3851 2138 3921 μοῖραν
2210 3849 2580 3922 ληϊζομένων,
2648 3847 2996 3901 διανίσταται
3035 3843 3158 3896 κατ’
3200 3839 3384 3895 αὐτῶν
3436 3839 3597 3891 Κωνι

315 3939 594 4000 σταντίνος
626 3939 654 3990 6
688 3939 948 4007 μέγιστος
986 3953 1003 3970 ο
1038 3941 1134 3992 καὶ⁵
1172 3939 1271 4011 τὴν
1301 3940 1526 4012 Θρᾴκην
1578 3939 1903 3995 καταλαϐὼν
1940 3943 2054 4005 τοῖς
2120 3941 2430 4012 Βαρϐάροις
2488 3939 2886 4011 συρρήγνυται,
2917 3934 3015 3990 καὶ
3043 3935 3164 3988 κατ’
3197 3929 3379 3988 αὐτῶν
3409 3931 3592 4001 ἵστησι

311 4028 702 4098 λαμπρότατον
747 4029 1037 4098 τρόπαιον.

387 4120 464 4173 Γ.
499 4120 656 4174 Κατὰ
681 4120 739 4173 δὲ
797 4120 940 4174 θεῖον
996 4122 1246 4192 χρησμὸν
1301 4120 1583 4193 βουληθεὶς
1615 4123 1898 4194 ἀνεγεῖραι

2080 4118 2169 4174 ιιι.
2199 4118 2405 4175 Urbem
2433 4131 2600 4188 porro
2627 4132 2696 4173 ex
2728 4115 2958 4171 oraculo
2983 4114 3052 4170 de
3078 4127 3180 4169 suo
3213 4110 3436 4166 nomine
3464 4123 3600 4164 con-

316 4211 496 4278 πῖλιν,
528 4212 604 4274 ὡς
638 4210 704 4264 ἂν
739 4211 910 4283 αὐτὴν
934 4212 1027 4265 ἐπὶ
1064 4212 1140 4284 τῷ
1177 4212 1367 4284 οἰκείῳ
1417 4214 1622 4286 καλέση
1652 4215 1904 4285 ὀνόματι,

317 4303 583 4373 πρότερον
632 4302 732 4373 μὲν
783 4304 842 4358 ἐν
870 4304 1111 4376 Σαρδικῇ
1145 4305 1330 4358 κτίσαι
1364 4305 1571 4378 ταύτην
1595 4305 1859 4378 προέθετο
1882 4319 1901 4340 ⁸

314 4389 436 4446 εἶτα
470 4395 529 4447 ἐν
579 4393 787 4464 Σιγαῐῳ
833 4394 914 4459 (τὸ
967 4395 1024 4449 δὲ
1077 4395 1179 4466 τῆς
1228 4397 1485 4470 Τρωάδος
1533 4399 1682 4452 ἐστὶν
1713 4399 1898 4469 ἀκρωη

315 4483 554 4555 τήριον),
590 4484 719 4540 ἔνθα
753 4486 848 4540 καὶ
904 4486 1191 4558 θεμελίους
1259 4490 1425 4546 αὑτὸν
1484 4489 1893 4545 καταϐαλέσθαι

315 4577 470 4646 φασί.
514 4578 624 4630 Καὶ
675 4576 831 4641 αὖθις
885 4579 946 4632 ἐν
987 4577 1292 4652 Χαλκηδόνι
1336 4579 1437 4653 τὴν
1491 4582 1646 4638 πόλιν
1689 4581 1895 4654 ἤρξατο

314 4669 560 4741 ἀνιστᾷν.
605 4670 838 4739 Λέγεται
892 4671 950 4723 δὲ
1006 4671 1379 4728 καθίπτασθαι
1431 4673 1646 4742 ἀετοὺς,
1693 4674 1793 4729 καὶ
1831 4673 1900 4728 τὰ

313 4762 426 4814 τῶν
484 4763 787 4834 οἰκοδόμων
850 4763 1121 4835 ἁρπάζειν
1175 4766 1422 4836 σπαρτία
1454 4783 1471 4799 ο
1534 4767 1628 4820 τὸν
1693 4767 1898 4838 μεταξὺ

313 4850 373 4906 δὲ
433 4852 820 4923 διιπταμένους
854 4853 1125 4926 πορθμὸν,
1175 4855 1399 4924 ῥίπτειν
1449 4857 1591 4913 αὐτὰ
1640 4857 1783 4911 κατὰ
1821 4839 1900 4915 ’τὸ

318 4942 636 5008 Βυζάντιον.
681 4944 855 4999 Τοῦτο
883 4944 1016 5016 γοῦν
1049 4947 1317 5013 πολλάκις
1374 4950 1668 5021 γενόμενον
1710 4951 1902 5021 ἀπηγ-

2005 4211 2245 4276 diturus,
2302 4209 2546 4280 primum
2600 4207 2657 4264 in
2703 4206 2928 4265 Sardiea
2978 4215 3263 4262 exstruere
3307 4202 3589 4258 inauime

2003 4301 2220 4367 habuit,
2254 4300 2458 4358 deinde
2493 4299 2550 4354 in
2583 4298 2758 4371 Sigazo
2792 4297 3175 4370 promontorio
3219 4294 3469 4359 Troadis,
3497 4291 3593 4349 ubi

1996 4395 2162 4450 etiam
2193 4392 2553 4448 fundamenta
2596 4392 2798 4464 iecisse
2832 4391 3028 4447 fertur.
3064 4389 3314 4458 Denique
3335 4387 3583 4443 -Clialce-

1993 4492 2136 4547 done
2165 4504 2333 4560 opere
2368 4466 2650 4552 inchoato,
2681 4488 2894 4560 aquilas
2923 4487 3210 4543 devolasse
3241 4491 3572 4548 memorant,

1998 4581 2396 4652 fabrorumque
2457 4580 2733 4637 funiculus
2789 4589 3016 4652 raptos,
3080 4578 3223 4634 freto
3284 4582 3582 4647 superato.

1998 4676 2151 4748 iuxta
2200 4674 2521 4747 Byzantium
2576 4672 2864 4745 deiecisse.
2915 4670 3073 4739 Quod
3110 4671 3312 4740 sacpius
3357 4668 3584 4732 factum,

1999 4781 2056 4824 et
2089 4768 2408 4840 imperatori
2464 4765 2811 4834 nuntiatum,
2865 4781 2991 4822 cum
3025 4781 3138 4821 non
3182 4773 3392 4820 temere
3442 4775 3583 4824 esse.

1999 4859 2099 4918 sed
2141 4876 2174 4915 a
2228 4860 2454 4916 numine
2513 4859 2772 4932 portendi
2829 4857 3041 4931 aliquid
3101 4856 3424 4913 videretur:
3471 4854 3591 4924 ipse

2000 4951 2324 5025 Byzantium
2369 4966 2428 5007 se
2458 4951 2692 5016 confert,
2741 4949 2926 5006 locum
2977 4947 3406 5019 contemplatur,
3454 4957 3582 5015 pro-

1517 5102 1718 5165 Variae
1749 5103 2056 5168 lectiones
2101 5111 2161 5168 et
2202 5111 2397 5168 notae.

392 5243 470 5324 (8)
497 5245 660 5324 Κᾳζὰ
672 5261 712 5324 ’τ
723 5243 796 5311 ἧς
825 5247 1136 5324 σωτηρίας.
1147 5248 1619 5324 τοῦλβαᾳιλέως.
1656 5249 1717 5324 in
1739 5250 1831 5324 Δνί
1841 5259 1893 5305 ta

2002 5251 2086 5324 sp_i
2113 5262 2174 5324 et
2193 5251 2584 5324 Faustamvide
2603 5267 2728 5324 quas
2750 5258 3160 5324 commentatur
3185 5249 3431 5324 Jocobus
3449 5249 3580 5306 Got-

315 5317 375 5390 ὃ.
431 5315 624 5390 Basilii
665 5315 793 5390 Jun.
857 5331 916 5370 n.
966 5315 1063 5390 υἱέε
1116 5319 1201 5390 Νὴ
1230 5321 1331 5387 τὴν
1372 5315 1682 5390 ὑγείαντοῦ
1734 5319 1898 5388 βασι-

317 5387 476 5460 λέως.
510 5385 588 5460 De
611 5386 715 5460 bac
739 5385 1040 5454 juramenti
1087 5385 1328 5460 formula
1357 5385 1485 5445 vide
1515 5405 1639 5460 quae
1663 5385 1897 5446 adnota-

317 5457 500 5527 vimus
525 5455 590 5509 ad
612 5455 963 5527 Cinnamum,
997 5473 1052 5527 p.
1091 5459 1217 5513 485.

391 5525 466 5600 _(9)
511 5526 685 5591 Υὶοὺς
715 5524 785 5577 δὲ
809 5527 876 5600 ἐκ
907 5524 1193 5597 Φαῦστης
1225 5529 1500 5600 ἐγείνατο
1532 5529 1712 5596 τρεῖς.
1759 5529 1898 5585 Tres

314 5598 624 5671 palmarum
653 5597 972 5671 surculosa
1001 5607 1149 5671 terra
1196 5597 1506 5671 surgentes,
1559 5602 1614 5656 iu
1670 5616 1899 5655 nummo

313 5667 685 5741 Constantini,
722 5667 1181 5741 tresilliusﬁlios
1203 5667 1472 5741 denotare
1507 5671 1757 5741 apposite
1785 5671 1900 5741 col:

313 5735 453 5811 legit
483 5734 793 5811 Tristanus,
825 5737 1204 5806 Artemidore,
1266 5739 1365 5796 lib.
1396 5757 1435 5806 ι,
1487 5734 1613 5810 cap.
1659 5741 1748 5804 79,
1807 5740 1904 5811 qui

313 5805 635 5881 principum
668 5805 874 5881 liberos
903 5824 1004 5881 per
1026 5805 1213 5881 ramos
1263 5805 1574 5880 palmarum
1625 5805 1907 5881 designari

315 5876 563 5949 scripsit,
588 5876 733 5949 quod
759 5876 926 5934 etiam
949 5877 1192 5935 Achmes
1220 5876 1409 5948 tradit,
1438 5896 1564 5949 cap.
1598 5881 1727 5936 256.

395 5948 510 6017 (t0)
541 5947 646 6003 Διά
672 5963 736 6001 τε
771 5949 836 6003 τὸ
866 5950 1088 6020 ταύτης
1119 5947 1487 6008 ἀκόλαστον.
1506 5947 1595 6008 ’Βο
1623 5951 1768 6008 οωιίε
1789 5951 1900 6009 Cri--

2001 5322 2248 5394 tofredus
2278 5323 2346 5377 ad
2392 5322 2841 5394 Philostorgium,
2874 5323 2993 5394 lib.‘
3014 5338 3072 5388 ιι,
3100 5322 3304 5394 cap._4.

2072 5393 2185 5463 (Η)
2218 5394 2483 5463 Γότθων.
2522 5391 2826 5463 Victo—riam
2869 5407 2902 5446 a
2955 5391 3325 5463 Constantino
3389 5391 3471 5463 Μ.
3497 5407 3590 5463 ex

1997 5461 2220 5518 Gotthis
2247 5462 2479 5518 relatam
2511 5472 2747 5519 narrant
2781 5462 3037 5518 Zosimus
3066 5462 3165 5518 lib.
3224 5477 3286 5525 ιι,
3343 5478 3399 5531 p.
3445 5461 3589 5530 680;

1997 5542 2197 5587 auctor
2216 5531 2354 5587 Vitae
2368 5532 2738 5598 Constantini,
2759 5533 2856 5589 lib.
2892 5549 2932 5597 ι,
2964 5546 3085 5602 cap.
3109 5533 3162 5595 8;
3195 5541 3253 5586 et
3283 5547 3588 5601 anonymus

1999 5603 2350 5673 Valesianus,
2383 5618 2438 5673 p.
2463 5603 2591 5670 474,
2620 5604 2750 5669 476,
2775 5602 2872 5673 qui
2909 5601 3052 5656 hanc
3094 5601 3162 5673 ad
3197 5616 3430 5673 annum
3482 5602 3592 5656 525

2005 5618 2350 5669 νλιοειιιηιιε,
2425 5644 2438 5657 .
2463 5618 2591 5670 4η,
2620 5618 2750 5669 uo,
2775 5619 2872 5673 qui
2910 5618 3052 5656 nane
3094 5618 3162 5657 au
3222 5618 3430 5655 annum
3482 5618 3588 5656 ozo

2003 5672 2300 5738 referunt;
2333 5618 2574 5728 atrhane
2605 5676 2776 5729 etiam
2807 5678 3062 5742 spectant
3088 5671 3226 5726 Ludi
3269 5673 3500 5742 Gott/uici
3529 5673 3588 5727 in

2003 5742 2331 5797 Kalendario
2357 5743 2702 5812 Hervagiano
2735 5741 3158 5799 etBueheriano
3190 5741 3336 5812 prid.
3357 5741 3499 5797 Non.
3528 5751 3587 5796 et

2005 5811 2040 5883 _5
2072 5813 2157 5883 Id.
2182 5812 2345 5868 Febr.
2377 5828 2488 5882 quo
2513 5811 2737 5883 quidem
2766 5829 2958 5871 mense
2981 5811 3296 5870 confectum
3332 5813 3438 5869 hoc
3461 5812 3578 5868 bet-

2004 5881 2120 5936 lum
2147 5882 2277 5940 inde
2308 5881 2580 5956 arguitur.
