4026 6394
351 378 496 444 1109

1575 371 1987 443 ANNALIUM
2027 375 2181 440 LIB.
2218 376 2391 442 XIII.

3453 374 3602 442 1110'

347 492 592 566 ἐτηρεῖτο
633 493 754 566 ἐθη,
813 496 909 549 καὶ
956 495 990 566 ἡ
1031 495 1386 560 κατάστασις,
1444 493 1540 548 καὶ
1592 494 1626 564 ἡ
1658 489 1920 562 γερουσία

2022 485 2112 542 Sic
2144 489 2276 546 urbs
2313 506 2344 546 a
2375 486 2466 561 pio
2511 489 2606 546 illo
2645 489 2974 560 imperatore
3007 489 3060 543 in
3106 483 3304 546 veteris
3351 491 3594 562 Byzantii

345 585 642 656 τετίμητο,
706 585 804 640 καὶ
861 589 909 640 οἱ
971 586 1177 656 ταύτης
1242 584 1442 657 ἡνθουν
1518 584 1732 637 πολῖται
1757 622 1772 647 ,
1826 583 1922 635 καὶ

347 678 573 749 ἔννομος
602 675 670 750 ἦν
707 680 1018 745 ἐπιστασία,
1040 679 1102 733 τὸ
1141 679 1340 750 κράτος
1372 677 1435 748 δὴ
1487 677 1547 731 τὸ
1600 676 1870 747 βασίλειον
1902 689 1916 705 ⁸

353 768 467 820 ἀλλ’
513 770 618 821 οὐχ’
672 770 938 840 ἄντικρυς
994 773 1270 842 τυραννὶς,
1333 771 1443 823 ίδια
1497 769 1567 822 τὰ
1625 767 1780 822 κοινὰ
1812 766 1918 820 τῶν

349 861 702 930 κρατούντων
741 861 1131 930 λογιζομένων,
1181 863 1276 915 καὶ
1325 863 1407 925 είς
1447 861 1651 924 οἰκείας
1682 857 1921 912 ἀπολαύ-

351 969 466 1016 σεις
495 953 798 1024 χρωμένων
837 955 1020 1017 αὐτοῖς
1046 971 1061 986 ο
1092 955 1186 1006 καὶ
1217 952 1422 1007 τούτων
1453 953 1600 1015 ἐνίας
1643 952 1744 1004 οὐκ
1785 951 1918 1003 εύα-

350 1047 490 1110 γεῖς,
523 1047 616 1098 καὶ
664 1046 1027 1117 δωρουμένων
1089 1041 1174 1110 οἷς
1235 1046 1516 1115 βούλονται
1560 1046 1630 1098 τὰ
1657 1043 1916 1113 δημόσια,

349 1137 443 1188 καὶ
463 1137 523 1188 ού
554 1138 828 1207 ποιμένων
857 1139 1062 1210 τρόπον
1101 1143 1213 1204 τοῖς
1250 1138 1512 1208 ὑπηκόοις
1535 1134 1918 1208 προσφερομὲ-

349 1243 476 1289 νων,
521 1228 815 1299 κειρόντων
862 1230 922 1284 τὸ
971 1231 1223 1298 περιττὸν
1279 1231 1380 1301 τῆς
1426 1228 1634 1300 τριχὸς,
1686 1226 1784 1281 καὶ
1820 1240 1921 1278 πει

349 1325 659 1392 φεισμένως
687 1326 1112 1396 ἐμφορουμένων
1140 1326 1236 1381 τοῦ
1273 1327 1564 1395 γάλακτος,
1597 1323 1734 1379 ἀλλὰ
1761 1323 1918 1389 δίκην

349 1413 563 1483 λῃστῶν
609 1416 748 1470 αὐτὰ
805 1416 1185 1471 καταθυόντων
1238 1417 1306 1472 τὰ
1354 1417 1622 1488 πρόϐατα,
1673 1413 1916 1469 καὶτῶν

347 1507 568 1574 σαρκῶν
591 1509 1040 1576 ἐμφορουμένων,
1095 1509 1127 1579 ἢ
1189 1508 1285 1564 καὶ
1334 1509 1532 1571 αὐτοὺς
1566 1505 1916 1577 ἐκμυςόντων

344 1597 470 1658 τοὺς
505 1597 757 1666 μυελούς.
813 1599 878 1652 Ἦ
932 1601 1031 1671 μέν
1089 1595 1182 1654 οὖν
1238 1600 1392 1664 πόλις
1444 1597 1588 1654 οὕτω
1641 1596 1795 1668 παρὰ
1821 1595 1916 1649 τοῦ

343 1687 602 1750 εὐσεϐοῦς
628 1690 840 1745 ἐκείνου
897 1691 1162 1761 βασιλέως
1213 1691 1619 1762 ἀνῳκοδόμητο,
1681 1687 1826 1743 κατὰ
1854 1686 1916 1740 τὸ

344 1778 513 1832 πάλαι
542 1780 855 1845 Βυζάντιον.
897 1783 970 1836 Τὸ
1003 1782 1061 1837 δὲ
1089 1782 1382 1846 Βυζάντιον
1406 1782 1563 1845 πόλις
1593 1780 1689 1835 καλ⁸
1721 1778 1916 1850 πρώην
1942 1817 1993 1878 Β

343 1869 663 1941 ἐτύγχανεν,
690 1873 751 1926 ού
796 1873 906 1927 τῶν
949 1874 1248 1944 ἀνωνύμων
1291 1874 1324 1944 ἢ
1357 1872 1466 1927 τῶν
1496 1871 1754 1942 ἀσήμων,
1780 1870 1918 1925 ἀλλὰ

344 1965 440 2018 καὶ
495 1963 724 2034 πλήθεσι
781 1965 1013 2019 πολιτῶν
1070 1965 1466 2036 εὐθηνουμένη,
1525 1965 1620 2018 καὶ
1674 1962 1915 2031 πλούτῳ,

345 2055 438 2107 καὶ
472 2054 683 2127 ἀνδρῶν
739 2055 1116 2126 γενναιότητι,
1177 2055 1272 2108 καὶ⁵
1316 2054 1515 2125 τειχῶν
1564 2053 1916 2124 ἐρυμνότητι,

343 2147 438 2199 καὶ
471 2145 748 2211 τοσοῦτον,
777 2147 852 2210 ὡς
879 2147 972 2201 ἐπὶ
1009 2149 1160 2217 τρεῖς
1195 2146 1478 2210 ἐνιαυτοὺς
1515 2146 1608 2199 ἐπὶ
1648 2145 1918 2214 Σεόήρου,

343 2234 439 2288 τοῦ
463 2237 520 2289 ἐν
555 2233 744 2308 Ῥώμῃ
765 2239 834 2307 τῇ
873 2236 1082 2308 παλαιᾷ
1111 2237 1552 2308 βασιλεύσαντος,
1580 2237 1732 2308 παρὰ
1769 2236 1912 2289 Ῥω-

347 2326 527 2396 μαίων
569 2327 1000 2398 πολιορκεῐσθαι,
1041 2329 1137 2382 καὶ
1173 2328 1343 2382 πολλὰ
1383 2327 1534 2399 παρὰ
1557 2327 1666 2380 τῶν
1697 2327 1918 2397 πολιορ-

347 2419 632 2487 κουμένων
661 2419 965 2490 ὑποστῆναι
1001 2420 1220 2484 αὐτοὺς,
1251 2419 1326 2483 ώς
1357 2421 1415 2473 ἐν
1444 2421 1558 2483 τοῖς
1589 2419 1715 2490 περὶ
1743 2418 1918 2489 Σευή-

359 2526 454 2580 ρου
489 2527 579 2580 μοι
615 2511 1026 2582 προῖστόρηται.
1073 2509 1210 2582 Περὶ
1237 2511 1293 2566 δὲ
1323 2510 1424 2581 τῆς
1459 2511 1567 2564 τῶν
1610 2509 1920 2574 Βυζαντίων

353 2601 658 2672 δυνάμεως,
705 2603 803 2656 καὶ
835 2602 940 2672 τῆς
965 2601 1076 2658 τῶν
1104 2603 1303 2673 τειχῶν
1345 2604 1694 2674 ὀχυρότητος,
1747 2601 1920 2654 ταῦτα

348 2693 375 2744 ὁ
398 2692 535 2745 Δίων
568 2691 681 2762 (14)
707 2694 764 2747 ἐν
798 2695 910 2756 τοῖς
935 2693 1062 2764 περὶ
1121 2694 1367 2765 Σευήρου
1416 2694 1552 2764 φησί
1583 2709 1600 2728 ο
1649 2693 1821 2762 Τείχη
1851 2693 1922 2746 δὲ

350 2786 417 2838 τὸ
474 2784 800 2845 Βυζάντιον
866 2785 1277 2854 καρτερώτατα
1332 2783 1496 2854 εἶχεν
1527 2802 1541 2817 ο
1605 2785 1639 2838 ὅ
1689 2802 1756 2839 τε
1809 2785 1921 2856 γὰρ

351 2874 546 2944 θώραξ
592 2874 702 2944 (15)
761 2873 961 2929 αὐτῶν
1014 2877 1207 2942 λίθοις
1259 2875 1641 2956 τετραπέδοις
1697 2875 1923 2945 παχέσι

352 2967 844 3036 συνῳκοδόμητο,
907 2968 1096 3032 πλαξὶ
1152 2969 1408 3038 χαλκαῖς
1463 2968 1918 3037 συνδουμένοις,

353 3059 551 3113 καὶτὰ
595 3060 768 3126 ἐντὸς
806 3060 1008 3116 αὐτῶν
1056 3059 1157 3115 καὶ
1198 3061 1431 3131 χώμασι
1481 3062 1580 3115 καὶ
1611 3047 1920 3131 οἰκοδομήο

2025 583 2141 638 solo
2179 569 2399 638 condita
2447 593 2550 638 est.
2607 581 2926 654 Byzantium
2982 579 3164 636 autem
3199 583 3378 652 prius
3429 585 3595 639 etiam

2023 675 2157 730 urbs
2207 675 2310 730 fuit
2342 674 2488 730 haud
2537 676 2792 738 obseura,
2845 689 3024 743 neque
3078 674 3352 743 ignobilis,
3399 676 3494 730 scd
3541 687 3596 730 ct

2022 767 2335 838 frequentia
2358 769 2560 822 civium
2601 766 2829 830 ﬂorens,
2862 775 2918 822 et
2943 767 3160 836 Opibus,
3196 776 3252 822 et
3278 768 3412 822 viris
3443 768 3594 822 torti-

2022 859 2235 925 bus,.et
2264 859 2538 916 moenibus
2576 860 2925 931 permunitis,
2961 859 3100 914 adeo
3127 867 3188 913 ut
3213 857 3315 913 sub
3368 859 3592 923 Severo,

2021 953 2115 1023 qui
2161 961 2344 1008 vetere
2377 953 2551 1008 Roma
2602 952 2926 1023 imperabat,
2963 967 3061 1022 per
3096 951 3398 1006 triennium
3426 968 3456 1006 a
3490 951 3598 1006 Ro.

2021 1045 2200 1099 manis
2227 1044 2599 1110 obsideretur,
2631 1060 2694 1101 ac
2722 1046 2890 1100 multa
2926 1045 3225 1100 tolerarent
3256 1044 3424 1108 cives,
3456 1044 3600 1099 sicut

2018 1144 2186 1205 supra
2214 1135 2271 1190 in
2305 1134 2512 1192 Severo
2547 1137 2914 1192 narravimus.
2946 1135 3086 1190 Dion
3121 1136 3253 1190 item
3287 1135 3356 1192 de
3387 1136 3597 1206 Byzan-

2019 1228 2220 1284 tiorum
2271 1227 2537 1298 potentia,
2573 1236 2629 1283 et
2661 1223 2946 1282 murorum
2983 1225 3265 1291 ﬁrmitate,
3297 1227 3353 1282 in
3395 1226 3598 1284 Severo

2017 1317 2086 1373 ad
2119 1318 2269 1374 hunc
2313 1318 2510 1374 scribit
2552 1317 2778 1374 modum
2805 1335 2818 1370 :
2842 1317 3166 1389 Byzantium
3197 1320 3389 1373 naenia
3415 1319 3599 1373 habuit

2017 1414 2380 1470 robustissima
2405 1430 2430 1469 :
2457 1432 2582 1470 nam
2608 1432 2789 1471 eorum
2822 1415 2989 1471 lorica
3027 1415 3291 1486 lapidibus
3321 1417 3599 1488 quadratis

2015 1509 2208 1562 crassis
2240 1516 2538 1563 constructa
2581 1515 2720 1576 erat,
2744 1516 2794 1563 et
2819 1509 3032 1564 laminis
3067 1509 3251 1578 ferreis
3295 1509 3548 1580 colligata
3577 1527 3596 1564 :

2015 1599 2273 1654 interiora
2306 1608 2358 1654 et
2388 1601 2664 1669 aggeribus
2693 1607 2744 1654 et
2780 1599 3018 1668 (adiﬁciis
3073 1602 3278 1654 munita
3331 1610 3508 1664 erant,
3541 1608 3600 1654 ut

2017 1690 2197 1744 omnia
2229 1706 2367 1744 unus
2407 1707 2618 1745 crassus
2659 1707 2840 1745 murus
2875 1693 2994 1745 esse
3020 1691 3346 1745 viderentur.
3377 1690 3599 1745 Inerant

2016 1789 2066 1835 et
2101 1780 2281 1836 multa:
2300 1797 2506 1852 magna
2538 1790 2710 1836 turres
2744 1783 2890 1852 foras
2917 1783 3293 1852 prominentes,
3325 1791 3376 1835 et
3404 1783 3598 1836 crebris

2020 1873 2261 1944 fenestris
2322 1873 2618 1928 adornatm.
2676 1872 2816 1928 Pars
2872 1873 3160 1928 continenti
3218 1874 3434 1928 obuersa
3462 1913 3477 1938 ,
3528 1873 3598 1926 ad

2019 1975 2274 2034 magnam
2312 1964 2629 2035 exsurgebat
2664 1963 2999 2019 altitudinem
3027 1980 3046 2020 :
3071 1980 3188 2036 quer
3217 1980 3365 2019 mare
3389 1973 3598 2032 specta~

2020 2056 2420 2122 bat,‘huniilior
2467 2066 2602 2121 erat,
2633 2063 2686 2112 et
2718 2067 2900 2129 portus
2952 2067 3173 2129 uterque
3215 2060 3360 2114 intra
3407 2059 3596 2112 mania

2019 2149 2222 2202 catenis
2271 2146 2450 2203 claudi
2481 2155 2726 2219 poterat,-
2762 2137 3047 2219 eorumque
3092 2149 3306 2204 brachia
3352 2150 3597 2218 utrinque

2021 2245 2194 2294 turres
2221 2237 2446 2292 multum
2477 2239 2764 2293 eminentes
2804 2239 3156 2293 sustinebant.
3191 2236 3422 2308 Navigia
3479 2253 3598 2292 uero

2018 2331 2280 2386 habebant
2327 2329 2571 2402 Byzantii
2630 2332 2951 2402 quingenta,
3009 2329 3265 2402 pleraque
3311 2330 3597 2385 solitaria:

2019 2427 2279 2497 quasdam
2330 2428 2491 2482 etiam
2536 2426 2796 2492 biremes,
2859 2441 3090 2497 quarum
3129 2423 3402 2480 nonnulla:
3452 2429 3502 2477 et
3544 2425 3599 2476 in

2020 2533 2181 2588 prora
2233 2526 2282 2571 et
2324 2518 2380 2571 in
2429 2519 2592 2589 puppi
2644 2515 3012 2587 gubernaculis
3061 2523 3112 2570 et
3162 2514 3599 2587 gubernatoribus

2021 2619 2291 2666 exornatae
2337 2618 2512 2675 erant,
2553 2617 2602 2664 et
2633 2609 2806 2680 duplis
2855 2609 3052 2674 nautis,
3099 2617 3231 2660 utet
3275 2606 3518 2661 accedere
3549 2614 3599 2658 et

2021 2704 2260 2758 recedere
2297 2711 2538 2774 possent,
2589 2703 2810 2757 navibus
2861 2717 2968 2756 non
3017 2700 3295 2763 conversis,
3335 2705 3386 2753 et
3427 2700 3598 2752 hostes

2021 2803 2134 2849 tam
2167 2798 2222 2850 in
2249 2811 2450 2848 recessu
2479 2810 2640 2864 quam
2670 2808 2874 2848 accessu
2902 2798 3174 2847 vexarent.
3211 2788 3414 2859 Adjicit
3441 2787 3597 2851 Dion,

2020 2906 2098 2945 vn
2149 2898 2332 2944 turres
2361 2905 2390 2944 a
2439 2888 2672 2943 Thracia
2722 2893 2883 2957 porta
2925 2885 2997 2940 ad
3040 2898 3192 2940 mare
3240 2881 3598 2954 pertinuisse,

2023 2997 2260 3052 quarum
2288 2981 2333 3038 si
2364 2981 2488 3051 quis
2527 2981 2688 3035 aliam
2736 2979 3024 3050 attigisset,
3077 2975 3240 3032 tacita
3270 2973 3436 3030 fuerit
3469 2992 3482 3029 :
3514 2973 3601 3029 sin

2027 3074 2082 3128 in
2114 3075 2346 3145 primam
2381 3073 2587 3143 aliquid
2626 3071 2997 3136 inclama‘sset,
3027 3077 3122 3125 aut
3147 3067 3383 3138 lapidem
3412 3066 3602 3136 conje-

345 3167 537 3220 μασιν
561 3153 886 3220 ὠχύροντο,
940 3153 1096 3208 ὥστε
1148 3155 1248 3208 καί
1295 3153 1366 3208 ἐν
1417 3154 1616 3222 τεῖχος
1664 3153 1922 3223 παχὺτό

2025 3168 2211 3232 cisset,
2243 3180 2364 3221 eam
2393 3171 2492 3235 per
2526 3163 2832 3219 machinam
2861 3160 3153 3232 quamdam
3181 3159 3517 3222 resonuisse,
3545 3165 3604 3213 et

353 3244 478 3298 πᾶν
518 3241 670 3298 εἶναι
695 3243 916 3299 δοκεῖν.
944 3247 1166 3316 Πύργοι
1190 3262 1255 3300 τε
1284 3246 1504 3302 πολλοὶ
1535 3246 1634 3300 καί
1671 3246 1925 3317 μεγάλοι

352 3335 470 3398 ἔξω
501 3351 564 3388 τε
607 3335 965 3404 ἐκκείμενοι,
1006 3335 1106 3390 καὶ
1155 3337 1402 3404 θυρίδας
1433 3336 1608 3406 πέριξ
1654 3337 1926 3408 suasm-

353 3433 503 3494 λους
531 3428 776 3496 ἔχοντες
805 3429 989 3498 ἦσαν.
1021 3429 1130 3484 Kal
1165 3431 1238 3484 τὰ
1261 3430 1380 3498 μὲν
1399 3432 1548 3499 πρὸς
1593 3431 1708 3501 τὴν
1753 3431 1923 3502 ἤπει-

348 3537 462 3588 ρον
515 3521 684 3588 τείχη
704 3521 770 3585 ἐς
792 3521 948 3590 μέγα
971 3521 1129 3590 ὕψος
1173 3518 1341 3593 ἦρτο.
1405 3523 1484 3579 Τὰ
1531 3521 1600 3578 δὲ
1643 3524 1795 3594 πρὸς
1822 3525 1926 3580 θά-

353 3617 600 3669 λασσαν
626 3610 810 3686 ἧττον
838 3615 1093 3685 ὑψοῦτο,
1139 3618 1198 3672 οἵ
1227 3634 1292 3672 τε
1320 3618 1563 3687 λιμένες
1602 3618 1775 3686 ἐντὸς
1809 3621 1928 3674 τεί-

356 3720 506 3773 χους
542 3705 865 3774 ἀμφότεροι
922 3707 1194 3762 κλειστοί
1242 3710 1546 3765 ἁλύσεσιν
1591 3706 1776 3781 ἦσαν,
1823 3713 1924 3768 καί

354 3796 417 3850 αι
445 3797 629 3866 χηλαὶ
657 3796 856 3854 αὐτῶν
879 3799 1148 3869 πύργους
1179 3799 1274 3870 ἐφ’
1309 3801 1564 3870 ἑκάτερα
1588 3805 1749 3860 πολὺ
1783 3819 1929 3876 προ-

353 3886 609 3956 έχοντας
629 3889 868 3958 ἔφερον.
911 3889 1102 3945 Πλοῖα
1146 3889 1201 3943 δ’
1239 3887 1402 3962 ἦσαν
1427 3893 1553 3958 τοῖς
1585 3894 1927 3965 Βυζαντίοις

355 3980 727 4031 πεντακόσια
758 3993 774 4010 ο
834 3977 909 4031 τὰ
957 3976 1076 4046 μὲν
1132 3979 1413 4044 πλεῖστα,
1470 3985 1706 4052 μονήρη
1733 3999 1745 4014 ·
1795 3985 1927 4042 ἐστι

353 4067 409 4120 δ’
459 4065 498 4121 d
537 4068 635 4122 καί
670 4067 931 4135 δικροτα,
959 4069 1062 4124 καί
1109 4085 1273 4125 τισιν
1314 4073 1514 4128 αὐτῶν
1558 4077 1656 4130 καὶ
1707 4077 1775 4132 ἐκ
1827 4077 1928 4146 τῆς

353 4158 593 4228 πρώρας
624 4161 724 4214 καί
769 4161 838 4214 ἐκ
874 4161 985 4230 τῆς
1031 4163 1306 4232 πρύμνης
1355 4165 1622 4232 πηδάλια
1669 4168 1926 4240 ἤσκητο,

354 4251 451 4304 καὶ
485 4251 881 4319 κυϐερνήτας·
916 4255 1143 4322 ναύτας
1169 4272 1234 4310 τε
1263 4255 1525 4324 διπλοῦς
1550 4256 1738 4328 εἶχον,
1767 4263 1929 4331 ὅπως

353 4343 450 4395 καὶ
500 4343 831 4400 ἐπιπλέωσι
881 4347 978 4400 καὶ
1013 4348 1362 4419 ἀναχωρῶσι
1417 4354 1504 4421 μὴ
1551 4354 1924 4427 ἀναστρεφόι

349 4450 539 4501 μενοι,
587 4433 687 4487 καὶ
730 4434 873 4500 τοὺς
915 4436 1230 4505 ἐναντίους
1265 4439 1336 4493 ἕν
1377 4458 1442 4496 τε
1497 4442 1576 4509 τῷ
1630 4449 1926 4516 πρόσπλῳ

352 4526 449 4579 καί
484 4527 563 4590 τῷ
619 4526 876 4592 ἀπόπλῳ
929 4528 1132 4583 αὐτῶν
1181 4531 1486 4600 σφάλωσι.
1539 4537 1683 4606 Πρὸς
1715 4540 1926 4604 τούτοις

353 4619 550 4686 ἐπάγει
591 4619 620 4672 ό
659 4618 818 4683 Δίων,
863 4618 940 4682 ώς
973 4621 1116 4675 ἑπτὰ
1163 4623 1272 4676 ἀπὸ
1302 4624 1412 4680 τῶν
1455 4627 1709 4699 Θρᾳκίων
1743 4631 1929 4684 πυλῶν

355 4711 555 4782 πύργοι
616 4711 1017 4781 καθεστηκότες
1080 4713 1217 4785 πρὸς
1260 4717 1360 4788 τὴν
1400 4717 1677 4775 θάλασσαν
1728 4716 1871 4793 ἦσαν
1910 4739 1925 4755 ο

353 4802 558 4857 τούτων
595 4805 640 4858 δ’
684 4808 732 4858 εἰ
769 4805 868 4874 μέν
897 4823 982 4868 τις
1031 4805 1176 4877 ἄλλῳ
1216 4824 1293 4880 τῳ
1340 4812 1694 4882 προσέμιξεν,
1727 4815 1930 4885 ἥσυχος

356 4887 442 4961 ἦν.
466 4892 528 4944 Ei
580 4892 636 4945 δέ
685 4893 750 4965 δὴ
793 4895 870 4965 τῷ
913 4895 1117 4966 πρώτῳ
1143 4914 1197 4950 τι
1235 4899 1543 4972 ἐνεϐόησεν,
1595 4903 1753 4973 ἢκαὶ
1781 4905 1929 4958 λίθον

357 4979 746 5052 προσέρριψεν,
788 4983 952 5048 αὐτός
985 5001 1046 5038 τε
1075 4984 1254 5041 ἐλάλει
1284 4986 1348 5041 ἐκ
1374 5004 1520 5053 τινος
1547 4993 1798 5062 μηχανῆς
1832 4993 1927 5047 καὶ

356 5069 435 5141 τῷ
483 5071 722 5143 δευτέρῳ
761 5073 824 5126 τὸ
858 5074 994 5130 αὐτὸ
1039 5077 1329 5148 παρεδίδου
1378 5081 1556 5133 ποιεῖν
1584 5096 1600 5113 ο
1651 5082 1746 5135 καὶ
1787 5083 1931 5138 οὕτω

356 5164 445 5218 διὰ
473 5165 693 5219 πάντων
721 5165 925 5236 όμοίως
957 5168 1178 5240 ἐχώρει,
1209 5171 1330 5225 ούδέ
1360 5173 1731 5247 ἐπετάραττον
1760 5177 1930 5250 ἀλλή-

356 5253 502 5318 λους,
543 5254 658 5309 ἀλλ’
688 5255 749 5309 ἐν
777 5256 855 5326 τῷ
885 5257 1044 5330 μέρει
1072 5261 1274 5327 πάντες
1299 5264 1450 5332 παρὰ
1483 5266 1578 5319 τοῦ
1619 5267 1726 5337 πρὸ
1765 5267 1930 5322 αὑτοῦ

356 5344 544 5414 ἕτερος
569 5346 668 5417 τήν
703 5363 763 5400 τε
804 5347 986 5421 φωνὴν
1022 5350 1119 5404 καὶ
1151 5350 1251 5424 τὴν
1281 5353 1422 5424 ἠχὴν
1449 5354 1769 5427 διεδέχοντο.
1802 5359 1930 5412 Τοι-

357 5435 500 5509 αύτη
534 5436 633 5507 μὲν
675 5433 770 5494 οὖν
803 5438 901 5492 τοῦ
945 5440 1244 5506 Βυζαντίου
1282 5445 1448 5500 πάλαι
1485 5448 1519 5497 ἢ
1573 5448 1729 5513 πόλις
1769 5450 1930 5521 ἐτύγ-

1975 3323 1978 3326 ,
2027 3257 2280 3314 eumdem
2323 3267 2518 3312 sonum
2561 3252 2821 3324 proxima:
2863 3249 3176 3314 tradidisse,
3204 3248 3380 3304 donec
3409 3259 3602 3301 omnes

2024 3345 2357 3418 pervasisset
2387 3362 2401 3399 :
2429 3358 2610 3414 neque
2658 3351 2841 3399 tamen
2873 3341 3035 3397 aliam
3071 3339 3142 3396 ab
3170 3339 3275 3394 alia
3305 3336 3598 3402 turbatam,

2026 3439 2124 3496 sed
2169 3454 2270 3508 per
2312 3435 2464 3494 vices
2492 3436 2562 3491 ab
2585 3434 2844 3490 omnibus
2891 3447 3084 3489 vocem
3115 3439 3174 3487 et
3201 3444 3396 3487 sonum
3437 3442 3602 3484 exce-

2024 3538 2202 3602 ptum.
2232 3530 2312 3586 Ac
2345 3528 2471 3584 talis
2493 3526 2621 3584 olim
2648 3525 2944 3598 Byzantina
2971 3523 3106 3580 urbs
3129 3521 3234 3578 fuit
3260 3538 3276 3577 :
3308 3519 3405 3577 sed
3433 3518 3604 3590 incly-

2026 3633 2119 3681 tus
2149 3623 2544 3681 Constantinus
2587 3635 2708 3678 eam
2739 3619 2794 3675 in
2829 3619 3156 3674 immensum
3197 3614 3369 3680 auxit,
3399 3611 3604 3683 templa

2029 3713 2396 3778 inmdiﬂcavit,
2452 3720 2510 3768 et
2557 3711 2748 3766 multis
2793 3709 2961 3764 rebus
2998 3704 3330 3762 adornavit:
3363 3701 3602 3772 denique

2027 3810 2255 3859 teretem
2286 3801 2433 3856 illam
2472 3799 2782 3854 columnam
2817 3794 3280 3867 porphyreticam,
3309 3792 3502 3856 Roma,
3541 3799 3603 3846 ut

2029 3895 2242 3960 ierunt,
2287 3892 2506 3946 allatam
2561 3888 2616 3944 in
2647 3889 2768 3944 foro
2814 3887 3046 3956 lapideis
3084 3885 3301 3942 tabellis
3346 3885 3600 3945 instrato.

2028 3983 2177 4040 unde
2205 3999 2237 4038 a
2266 3981 2470 4037 Graecis
2500 3981 2758 4036 Placoton
2793 3979 3132 4042 nominatur,
3173 3974 3350 4031 erexit
3377 3992 3390 4029 :
3419 3975 3602 4042 iuxta-

2028 4091 2137 4148 que
2170 4075 2521 4132 simulacrum
2553 4085 2789 4137 aaneum,
2826 4078 2941 4124 tum
2979 4067 3212 4123 artificio
3240 4065 3476 4121 mirabili
3506 4080 3604 4120 ano

2031 4169 2198 4239 liqua:
2231 4181 2426 4222 manus
2456 4178 2594 4235 pene
2636 4162 2873 4217 viventis
2910 4161 3084 4216 instar
3113 4174 3455 4230 expressum,
3487 4165 3600 4212 tum

2029 4257 2407 4329 magnitudine
2436 4255 2633 4322 insigni
2666 4250 2964 4323 spectabile
3005 4249 3296 4306 dedicavit.
3327 4249 3459 4304 Eam
3487 4257 3604 4304 sta-

2031 4359 2182 4404 tuam
2225 4345 2493 4417 Apollinis
2537 4359 2659 4400 esse
2700 4341 2908 4408 ferunt,
2947 4341 3045 4397 Ilio
3073 4341 3132 4411 8
3159 4339 3604 4411 Phrygiaatrans-

2029 4439 2220 4496 latam.
2270 4437 2376 4493 Sed
2434 4436 2653 4490 divinus
2697 4434 2996 4502 imperator
3025 4431 3139 4498 ille,
3182 4445 3343 4485 suum
3389 4428 3468 4484 illi
3498 4443 3602 4483 no-

2027 4551 2157 4592 men
2193 4534 2414 4598 indidit,
2451 4532 2620 4588 clavis
2653 4529 2979 4601 quibusdam
3032 4527 3196 4599 capiti
3229 4527 3474 4588 insertis.
3506 4526 3602 4596 qui

2026 4643 2232 4699 corpus
2273 4624 2491 4681 Domini
2536 4622 2833 4680 salutifera:
2883 4621 3033 4677 cruci
3078 4619 3380 4675 aﬂixerant.
3428 4619 3506 4674 Ea
3534 4617 3602 4674 ad

2027 4729 2272 4776 nostram
2319 4731 2538 4789 quoque
2593 4723 2810 4771 aetatem
2871 4713 3175 4784 permansit
3228 4704 3462 4782 integra,
3511 4725 3604 4766 co-

2019 4812 2226 4866 lumna:
2277 4811 2578 4865 insistens:
2612 4807 2709 4863 sed
2746 4805 2851 4863 sub
2885 4805 3076 4860 Alexio
3119 4803 3402 4860 Comneno
3432 4801 3603 4858 vehe-

2023 4903 2228 4959 mentis
2274 4901 2424 4956 venti
2476 4900 2685 4969 impetu
2735 4897 2946 4968 deiecta
2993 4895 3240 4951 concidit
3278 4911 3292 4949 :
3336 4909 3438 4950 nec
3486 4895 3603 4964 ipsa

2026 4997 2204 5052 solum
2243 4991 2584 5049 communita
2612 4997 2718 5054 est,
2756 4989 2852 5045 sed
2886 4989 3089 5044 multos
3112 4989 3300 5052 etiam,
3349 4985 3444 5052 qui
3471 5000 3599 5040 casu

2025 5087 2139 5143 illic
2169 5092 2348 5151 erant,
2399 5081 2682 5141 contrivit.
2721 5079 3024 5137 Palladium
3075 5073 3210 5133 item
3236 5077 3401 5145 Troja
3431 5076 3488 5130 in
3515 5075 3601 5131 io-

2025 5192 2149 5232 rum
2183 5175 2467 5232 Placotum
2513 5171 2812 5229 transtulit.
2845 5169 2922 5224 Ita
2947 5164 3342 5223 Constantinus
3378 5161 3602 5232 Magnus

2027 5285 2152 5327 cum
2202 5267 2326 5323 aliis
2365 5265 2555 5322 multis
2613 5263 2806 5318 urbem
2855 5257 3183 5321 adornavit,
3232 5265 3347 5311 tum
3401 5252 3602 5324 Byzan-

2029 5364 2186 5429 tium,
2235 5361 2382 5432 qnod
2436 5360 2588 5429 prius
2633 5355 2880 5411 Thraciae
2934 5351 3209 5408 Heracleae
3252 5347 3600 5419 episcopatus

2027 5463 2164 5520 crat,
2199 5469 2228 5507 a
2257 5451 2460 5507 Severo
2496 5445 2796 5502 Perintbiis
2839 5450 2962 5513 post
3004 5440 3377 5512 captivitatem
3411 5437 3599 5507 subje-

1536 5606 1732 5671 νει-ἰῶ
1775 5609 2080 5674 lectiones
2125 5618 2186 5671 et
2218 5613 2407 5669 notae.

432 5739 544 5814 (14)
571 5739 738 5814 Δίων.
773 5739 943 5814 Cujus
970 5740 1140 5800 verba
1175 5741 1536 5812 expendimus
1586 5747 1641 5803 in
1689 5749 1935 5814 Byzantii

360 5807 753 5876 deScriptione.
852 5807 871 5814 ⁷
1246 5807 1267 5812 ’
1735 5807 1752 5821 ⁸

2118 5746 2229 5826 (15)
2261 5743 2487 5826 Θώραξ..
2528 5743 2811 5826 Murorurn
2840 5743 3038 5826 lorica;
3064 5741 3228 5826 vulgo
3248 5739 3602 5826 CortinaLa‘t-

2044 5812 2150 5886 quc
2181 5812 2259 5873 sic
2282 5839 2291 5865 ι
2315 5815 2722 5881 mcndnvimus,
2761 5815 2852 5869 ubi
2879 5813 3113 5869 Wolﬁus
3137 5812 3282 5882 frons
3314 5816 3578 5866 verterat.
