4026 6400
423 351 563 415 1115

1686 347 2014 410 JOANNIS
2053 325 2375 408 ZO'NARrE

3531 341 3673 408 1116

419 467 692 536 sapientia:
727 464 820 519 Dei
849 465 922 518 ait
957 480 975 518 :
1008 463 1264 518 Dominus
1305 463 1537 518 condidit
1569 481 1650 518 me
1678 466 1993 534 principium

2107 464 2310 516 τούτου
2336 461 2760 530 δευτερεύοντα
2787 459 2948 516 θεῖον
2971 460 3186 530 Λόγον,
3212 460 3342 528 ταῖς
3369 457 3683 530 πατρικαῖς

421 561 632 612 viarum
662 575 904 618 sitarum,
933 566 1040 612 etc.
1078 557 1286 612 Deinde
1317 565 1439 625 post
1469 556 1572 610 alia
1605 557 1760 626 plura
1789 558 1952 612 infert
1979 575 1993 611 :

422 649 493 702 Et
527 665 684 717 super
712 651 820 703 haec
876 650 1075 710 omnia,
1113 651 1247 702 sicut
1282 649 1380 702 Dei
1427 647 1672 712 Verbum,
1706 652 1844 717 quod
1875 658 1997 702 ante

423 740 542 809 fuit,
569 728 617 792 et
647 749 770 794 ante
801 739 996 794 saecula
1045 742 1224 794 omnia
1260 741 1461 810 factum
1509 751 1605 806 est,
1646 739 1996 794 venerabilem

420 833 672 886 honorem
707 850 738 885 a
786 832 893 885 Deo
929 832 1091 886 Patre
1147 834 1420 902 adeptum,
1477 832 1696 885 adorari
1740 840 1996 900 tanquam

429 925 614 976 Deum.
645 921 770 977 Haec
801 932 857 977 et
881 924 984 977 alia
1017 925 1426 987 demonstrant,
1460 923 1760 977 Eusebium
1795 923 1996 977 Ariana

422 1011 672 1080 dogmata
726 1012 1006 1080 probasse.
1044 1011 1160 1066 Nisi
1206 1012 1331 1080 quis
1373 1011 1539 1074 dicat,
1589 1011 1641 1064 id
1697 1026 1836 1078 opus
1870 1021 1996 1065 ante

421 1102 842 1156 conversionem
865 1104 934 1156 ab
960 1118 1026 1157 eo
1055 1103 1225 1157 fuisse
1244 1102 1640 1171 conscriptum.
1667 1101 1806 1155 Illud
1830 1101 1998 1171 igitur

423 1202 677 1246 sanctum
732 1194 1028 1248 concilium
1087 1193 1284 1264 dogma
1342 1194 1412 1249 de
1465 1194 1654 1249 eadem
1699 1203 1895 1248 natura
1939 1203 1998 1250 et

420 1285 732 1340 asternitate
766 1285 888 1340 Filii
914 1286 1128 1348 statuit,
1161 1295 1218 1341 et
1241 1285 1489 1341 divinum
1522 1286 1646 1340 tldei
1674 1285 1996 1357 Symbolum

423 1375 610 1430 statim
634 1376 827 1440 edidit,
867 1376 936 1432 de
969 1378 1146 1432 Patris
1173 1385 1230 1432 et
1283 1377 1404 1432 Filii
1467 1378 1760 1433 divinitate
1817 1377 1996 1434 disse-

425 1466 621 1530 rendo,
665 1482 776 1521 non
835 1468 978 1522 ultra
1020 1469 1156 1524 illud
1208 1485 1560 1540 progressum
1596 1470 1806 1540 :Ctijus
1850 1472 2000 1542 regni

427 1574 534 1611 non
562 1560 659 1612 erit
678 1558 821 1627 ﬁnis.
862 1561 1043 1630 Atque
1092 1561 1148 1616 in
1182 1562 1274 1617 illo
1309 1562 1476 1618 deslit
1507 1580 1520 1617 :
1553 1562 1622 1616 Et
1648 1564 1702 1617 in
1737 1563 1998 1633 Spiritum

426 1661 690 1706 sanctum.
716 1651 852 1706 Nam
887 1652 1162 1724 theologia
1195 1652 1265 1709 de
1304 1655 1513 1724 Spiritu
1548 1663 1761 1721 sancto,
1795 1664 1917 1726 post
1942 1655 1998 1710 in

423 1741 668 1796 secundo
705 1743 946 1798 concilio
984 1753 1176 1800 contra
1211 1745 1589 1801 Macedonium
1641 1755 1995 1818 congregato,

2104 554 2523 623 ὑπουργοῦντα
2570 555 2898 622 ἐπιταγαῖς.
2956 555 3063 606 Καὶ
3121 554 3260 622 μετά
3311 571 3431 607 τινα
3481 554 3677 620 λέγει’

2109 648 2326 702 Τοῦτον
2363 648 2584 702 ὡσανεὶ
2624 649 2727 702 τοῦ
2766 647 2995 713 Πατρός
3034 646 3382 716 ὑπάρχοντα
3425 647 3683 716 δύναμιν

2103 742 2197 791 καὶ
2241 741 2488 805 cogo/ar,
2525 740 2621 792 καὶ
2659 739 2730 792 τὰ
2767 739 3069 807 δευτερεῖα
3101 737 3207 807 τῆς
3249 738 3399 792 κατὰ
3439 738 3684 792 πάντων

2098 831 2419 896 ,Βασιλείας
2445 831 2540 884 καὶ
2570 829 2760 899 ἀρχῆς
2785 831 3360 900 ἐμπεπιστευμένον.
3392 830 3497 883 Καὶ
3526 827 3682 894 αὖθις

2106 925 2223 989 μετ’
2251 924 2440 992 ὀλίγα*
2479 923 2586 978 Καὶ
2627 924 2715 977 ὅτι
2754 923 2926 978 ἐστίν
2961 925 3142 978 οὐσία
3179 940 3269 988 τις
3311 924 3682 992 προκόσμιος

2103 1016 2257 1077 ζῶσα
2299 1016 2398 1070 καί
2436 1015 2792 1085 ὑφεστῶσα,
2840 1014 2876 1082 ἦ
2920 1015 2998 1080 τῷ
3040 1013 3162 1080 Θεῷ
3201 1015 3298 1067 καὶ
3343 1015 3520 1082 Harp)
3564 1012 3685 1066 τῶν

2103 1107 2262 1160 ὅλων
2283 1111 2371 1174 εἰς
2395 1108 2510 1174 τὴν
2532 1107 2650 1160 τῶν
2673 1106 2940 1175 γενητῶν
2963 1107 3352 1174 δημιουργίαν
3374 1108 3676 1172 ὑπηρετη-

2101 1201 2356 1268 σαμένη,
2386 1202 2483 1253 καὶ
2513 1201 2545 1253 ό
2573 1196 2858 1267 Σολομῶν
2880 1198 3042 1267 λέγει
3069 1198 3366 1266 προσώπῳ
3388 1214 3402 1229 ·
3434 1196 3542 1264 τῆς
3567 1195 3678 1250 τοῦ

2105 1291 2256 1346 Θεοῦ
2287 1292 2542 1360 σοφίας·
2576 1291 2790 1358 Κύριος
2821 1288 3024 1343 ἑκτισέ
3051 1305 3128 1358 με
3161 1287 3358 1356 ἀρχὴν
3388 1287 3543 1341 ὁδῶν
3570 1290 3676 1339 at).

2103 1383 2228 1446 τοῦ,
2263 1381 2360 1437 καὶ
2408 1381 2555 1450 ἑξῆς.
2585 1383 2692 1434 Καὶ
2724 1379 2842 1450 μεθ’
2867 1381 3027 1450 ἕτερα
3056 1380 3280 1433 πλείονα
3306 1379 3504 1447 φάσκει
3524 1395 3538 1408 ο
3569 1377 3684 1432 Καὶ

2103 1473 2205 1528 ἐπὶ
2228 1473 2380 1530 πᾶσι
2420 1474 2686 1538 τούτοις,
2720 1463 2818 1526 οἶα
2861 1471 3007 1525 Θεοῦ
3049 1471 3244 1540 Λόγον
3277 1471 3540 1538 προόντιι
3579 1470 3681 1522 καί

2103 1567 2218 1636 πρὸ
2243 1567 2469 1620 αιώνων
2493 1563 2772 1620 ἁπάντων
2795 1563 3185 1632 οὐσιωμένον,
3213 1562 3326 1629 τὴν
3350 1547 3686 1629 σεϐάσμιον

2104 1657 2284 1728 τιμὴν
2305 1655 2463 1724 παρὰ
2487 1654 2594 1708 τοῦ
2626 1653 2854 1721 Ιιατρὸς
2877 1653 3182 1722 εἰληφότα,
3209 1651 3685 1721 προσκυνεῖσθαι

2103 1749 2184 1814 ὡς
2219 1747 2294 1803 ἂν
2327 1747 2496 1801 Θεόν.
2531 1745 2718 1800 Ταῦτα
2753 1747 2847 1796 καὶ
2879 1743 3042 1815 ἕτερα
3076 1743 3132 1796 δὲ
3164 1747 3276 1806 τοῖς
3311 1743 3684 1812 ἀρειανίζουσι

423 1845 488 1886 ea
521 1833 826 1901 quaestione
871 1834 1093 1905 agitata,
1141 1835 1351 1908 adjecta
1409 1847 1515 1893 est.
1577 1837 1646 1892 At
1695 1815 1995 1907 imperator

2107 1841 2332 1911 δόγμασι
2371 1837 2707 1892 δεικνύουσιν
2742 1837 3024 1905 ὁμὸφρονα
3055 1834 3144 1887 τὸν
3179 1834 3437 1888 Εὐσέϐιον
3459 1875 3473 1897 ,
3510 1836 3559 1886 εί
3603 1836 3680 1902 μή

428 1924 539 1993 ιο
565 1939 664 1994 par
709 1925 994 1993 apostolis,
1057 1927 1278 1981 Patrum
1325 1929 1618 1982 concordia
1666 1927 1992 1992 delectatus,

425 2015 675 2071 dextram
711 2016 794 2072 eis
821 2019 1086 2086 porrexit,
1121 2029 1178 2074 ct
1209 2019 1575 2088 quorumdam
1601 2020 1694 2090 qui
1737 2019 1807 2074 ob
1836 2019 1998 2076 Chri-

426 2107 498 2160 sti
527 2108 930 2163 confessionem
961 2119 1118 2165 notas
1136 2110 1190 2164 in
1214 2111 1541 2181 corpOribns
1569 2114 1684 2166 suis
1711 2111 1994 2183 gerebant,

429 2197 684 2252 mutilata
729 2199 818 2253 illa
870 2199 1116 2255 membra
1149 2213 1206 2256 et
1259 2211 1442 2272 partes
1491 2203 1842 2258 deosculatus
1891 2211 1996 2269 est,

428 2301 638 2357 eosque
668 2289 741 2343 ob
783 2291 1159 2347 mulilationes
1196 2293 1318 2347 illas
1354 2295 1542 2349 beatos
1595 2295 1995 2365 pronuntiavit.

431 2380 682 2437 Libellos
701 2391 893 2438 contra
939 2384 1208 2454 quosdam
1238 2386 1526 2456 episcopos
1559 2387 1794 2454 oblatos,
1820 2401 2000 2457 neque

429 2471 579 2543 legit,
614 2488 794 2544 neque
825 2475 1126 2530 examinari
1149 2491 1342 2545 passus
1367 2487 1471 2541 est,
1505 2479 1600 2534 sed
1624 2481 1675 2533 in
1701 2489 1998 2550 conspectu

429 2563 677 2620 omnium
707 2566 818 2636 igni
850 2567 1178 2638 absumpsit,
1213 2583 1336 2622 cum
1373 2571 1458 2625 his
1506 2573 1691 2626 verbis
1721 2591 1733 2626 :
1769 2570 2001 2626 Etiamsi

429 2656 542 2718 ipse
567 2658 866 2730 episcOpum
895 2659 1129 2731 aliquem
1161 2659 1546 2732 delinquentem
1580 2665 1830 2728 viderem,
1878 2681 2003 2734 pur-

430 2764 569 2816 pura
597 2767 714 2804 mea
737 2767 857 2806 eum
892 2762 1138 2825 tegerem.
1165 2757 1296 2813 lnde
1331 2765 1552 2812 sanctos
1583 2756 1774 2811 Patres
1804 2757 1858 2810 in
1910 2771 2002 2810 ur-

429 2836 557 2895 bem
592 2844 795 2911 regiam
829 2859 859 2897 a
884 2860 942 2900 se
973 2847 1251 2903 conditam
1281 2849 1540 2911 traduxit,
1575 2857 1629 2902 ut
1663 2864 1783 2903 eam
1810 2848 2002 2904 faustis

433 2936 980 3002 comprecationibus
1039 2951 1533 3011 prosequerentur,
1593 2951 1650 2996 et
1695 2942 2000 2997 secundum

432 3026 805 3094 patriarcham
872 3030 1217 3100 deligerent,
1275 3044 1526 3090 sanctum
1605 3033 1998 3088 Alexandrum.

428 3116 567 3172 Nam
600 3119 835 3180 inclvtus
864 3122 1248 3194 Metrophanes
1275 3125 1506 3180 obierat.
1542 3126 1613 3181 Iis
1635 3126 1894 3195 peractis,
1931 3123 2000 3179 ad
2027 3153 2073 3214 α

431 3224 589 3264 suam
639 3227 914 3282 quemque
976 3219 1271 3286 parmciam
1320 3217 1552 3281 dimisit,
1591 3217 1904 3273 honoribus
1947 3225 2004 3271 et

432 3300 594 3356 donis
626 3303 931 3372 magniﬁcis
952 3306 1198 3363 aﬂ'ectos.
1231 3308 1586 3378 Imperatoris
1612 3316 1787 3364 mater
1817 3317 2004 3363 sancta

432 3389 640 3446 Helena
672 3395 894 3464 grandis
918 3405 1049 3453 natu
1075 3399 1223 3469 (nam
1250 3401 1648 3470 octogesimum
1695 3399 1875 3456 aetatis
1909 3415 2006 3455 an-

431 3498 566 3537 num
595 3485 841 3555 attigisse
871 3488 1213 3561 perhibetur)
1269 3491 1326 3546 in
1380 3491 1634 3547 cmlestes
1688 3491 2008 3547 mansiones

432 3573 689 3631 discessit
727 3595 739 3630 :
768 3593 933 3648 quam
958 3579 1102 3636 [ilius
1133 3580 1190 3636 in
1216 3584 1331 3638 aede
1370 3592 1686 3639 sanctorum
1715 3584 2009 3654 Apostolo-

433 3681 556 3720 rum
616 3669 876 3738 regaliter
926 3673 1198 3727 condidit.
1257 3673 1526 3745 Suscepta
1583 3687 1774 3733 contra
1809 3677 2006 3732 Persas

431 3759 803 3828 expeditione,
836 3763 1155 3821 triremibus
1179 3767 1548 3838 Soteropolim
1587 3770 1856 3836 defertur,
1884 3784 2006 3840 qua:

433 3861 584 3905 nunc
612 3851 806 3922 Pythia
837 3861 1194 3912 vocaturzet
1221 3865 1420 3912 natura
1462 3857 1658 3912 calidis
1701 3857 1851 3912 illius
1898 3855 2004 3912 loci

433 3942 595 4012 aquis
623 3959 780 4010 usus,
823 3946 917 4002 ubi
942 3949 1109 4003 etiam
1175 3951 1439 4016 toxicum,
1473 3967 1503 4005 a
1538 3950 1804 4006 fratribus
1850 3960 2006 4022 patre

433 4036 704 4093 duntaxat
729 4039 926 4095 eodem
955 4043 1100 4098 natis
1149 4051 1538 4115 temperatum,
1592 4044 1844 4101 hausisse
1897 4045 2008 4100 fer-

434 4135 546 4182 tur.
617 4128 775 4185 Unde
823 4132 1204 4190 Nicomediam
1273 4136 1574 4207 prol'ectus,
1636 4137 2007 4194 diuturnitate

432 4221 613 4276 morbi
673 4223 982 4281 exstinctus
1049 4237 1155 4294 est,
1214 4243 1389 4283 annos
1432 4229 1678 4299 quinque
1743 4238 1800 4284 et
1845 4245 2006 4286 sexa-

433 4309 582 4380 ginta
613 4323 797 4381 natus,
831 4330 956 4371 cum
986 4317 1092 4372 duo
1125 4327 1183 4372 et
1214 4319 1434 4389 triginta
1465 4321 1812 4390 imperasset.
1844 4320 1908 4375 Ei
1942 4321 2007 4376 ﬁ-

433 4401 544 4458 lius
600 4401 986 4476 Constantius,
1043 4409 1336 4466 Antiochia
1389 4411 1668 4480 profectus
1711 4415 1872 4481 (nam
1927 4414 2004 4468 ibi

2096 1953 2182 2000 τις
2214 1934 2349 2004 φαίη
2369 1971 2385 1996 ,
2418 1930 2525 2002 πρὸ
2553 1930 2649 1999 τῆς
2681 1926 3019 1998 ἐπιστροφῆς
3053 1927 3198 1996 αὐτῷ
3229 1925 3527 1998 πονηθῆναι
3557 1925 3684 1978 τού.

2097 2045 2205 2083 των
2246 2027 2346 2098 τὴν
2393 2025 2738 2095 συγγραφήν.
2778 2021 2842 2074 'll
2893 2025 2990 2091 μὲν
3034 2017 3130 2074 οὖν
3176 2020 3308 2088 ἁγία
3361 2019 3574 2095 σύνοδος
3617 2018 3684 2071 τὸ

2099 2119 2386 2192 ὁμοούσιον
2416 2115 2511 2171 καὶ
2548 2114 2820 2168 συνατδιον
2851 2114 2943 2168 ἐπὶ
2973 2112 3065 2166 τοῦ
3103 2112 3232 2165 Υίοῠ
3266 2112 3642 2182 δογματίσασα
3661 2151 3678 2175 ,

2098 2211 2194 2267 καὶ.
2227 2210 2289 2265 to
2326 2209 2469 2262 θεῖον
2503 2207 2701 2261 αὐτίκα
2736 2208 2834 2276 τῆς
2879 2205 3117 2268 πίστεως
3156 2202 3372 2269 ἐξέθετο
3411 2199 3684 2270 σύμϐολον

2099 2303 2348 2374 περὶτοῦ
2379 2299 2588 2370 Πατρὸς
2616 2299 2708 2352 καὶ
2733 2297 2828 2350 τοῦ
2859 2297 2990 2350 Υἱοῦ
3023 2295 3394 2366 θεολογήσασα
3425 2295 3481 2346 ἐν
3505 2291 3678 2363 αὐτῷ.

2099 2393 2210 2448 Καὶ
2236 2392 2398 2464 μέχρι
2419 2390 2513 2445 τοῦ
2535 2407 2548 2421 ο
2572 2385 2654 2445 Οὗ
2679 2387 2790 2456 τῆς
2809 2385 3132 2452 βασιλείας
3152 2387 3263 2441 οὐκ
3285 2386 3456 2440 ἔσται
3481 2384 3680 2448 τέλος,

2099 2485 2199 2540 καί
2227 2486 2315 2550 είς
2343 2481 2410 2537 τὸ
2439 2481 2682 2550 Πνεῦμα
2712 2479 2774 2532 τὸ
2809 2479 3002 2547 ἅγιον,
3032 2479 3093 2530 τὸ
3118 2478 3309 2530 τούτου
3337 2474 3489 2538 τέλος
3520 2492 3682 2545 ποιη-

2103 2575 2338 2646 σαμένη.
2372 2574 2438 2628 Ἦ
2471 2572 2580 2644 γὰρ
2612 2575 2739 2642 περὶ
2769 2570 2863 2624 τοῦ
2895 2569 3050 2638 ἁγίου
3083 2567 3400 2637 Πνεύματος
3433 2565 3683 2634 θεολογία

2105 2668 2401 2740 μετέπειτα
2429 2665 2730 2737 προσετέθη
2759 2667 2818 2718 ὲν
2841 2666 2906 2733 τῇ
2935 2663 3164 2732 δευτέρᾳ
3193 2661 3396 2729 συνόδῳ
3422 2661 3518 2729 τῆς
3552 2659 3684 2728 περὶ

2101 2758 2292 2813 τούτου
2318 2759 2612 2828 γενομένης
2638 2756 2936 2826 ζητήσεως,
2967 2756 3001 2824 ἡ
3027 2755 3168 2807 κατὰ
3194 2752 3528 2808 Μακεδονίου
3561 2769 3686 2803 συν·
3745 2788 3750 2792 -

2101 2850 2257 2921 ῆκτο.
2305 2848 2364 2904 '0
2419 2850 2463 2902 δ’
2503 2848 2854 2908 ἱσαπὸστολος
2907 2845 3262 2914 αὐτοκράτωρ
3313 2841 3406 2894 ἐπὶ
3455 2843 3522 2912 τῇ
3574 2841 3684 2894 τῶν

2103 2941 2362 3011 Πατέρων
2387 2939 2608 3009 ὁμονοίᾳ
2634 2937 2823 3007 ήσθεὶς
2855 2935 3121 3002 ἐδεξιοῦτο
3145 2933 3363 2995 αὐτούς.
3391 2931 3500 2984 Καί
3523 2947 3686 2983 τινων

2101 3032 2212 3086 τῶν
2245 3032 2386 3101 ὑπὲρ
2419 3031 2516 3100 τῆς
2547 3029 2643 3082 τοῦ
2685 3030 2933 3098 Σωτῆρος
2973 3026 3265 3096 ὁμολογίας
3305 3027 3583 3093 φερόντων
3619 3021 3686 3075 τὰ

2106 3122 2384 3193 στίγματα
2417 3123 2475 3176 ὲν
2508 3124 2619 3184 τοῖς
2662 3119 2906 3190 σώμασιν
2927 3159 2942 3183 ,
2981 3117 3364 3187 κατησπάζετο
3398 3115 3468 3168 τὰ
3502 3131 3687 3183 πεπη-

2113 3217 2336 3286 ρωμένα
2362 3215 2565 3268 τούτων
2598 3213 2736 3284 μέλη
2781 3212 2875 3264 καὶ
2907 3213 3093 3281 μόρια.
3123 3211 3215 3264 καὶ
3243 3210 3442 3272 αὐτοὺς
3472 3207 3561 3261 διὰ
3589 3207 3689 3270 τὰς

2107 3309 2388 3381 πηρώσεις
2433 3308 2613 3360 αὐτῶν
2652 3304 2976 3376 ἐμακάριζε.
3016 3303 3289 3357 Δοθέντων
3327 3301 3384 3353 δὲ
3428 3300 3688 3353 λιϐέλλων

2108 3401 2256 3470 αὐτῷ
2300 3400 2443 3454 κατά
2483 3417 2643 3453 τινων
2685 3394 3150 3462 ἔπισκόπων,οὐτ’
3175 3395 3389 3462 ἀνέγνω
3434 3393 3679 3458 τούτους,

2107 3489 2327 3553 οὐτέίς
2377 3489 2605 3560 ζήτησιν
2655 3488 2921 3555 ἧνεγκενο
2975 3485 3088 3538 ἀλλ’
3147 3483 3378 3538 ἐνώπιον
3429 3485 3680 3536 ἁπάντων

2108 3585 2244 3656 πυρὶ
2277 3584 2472 3644 αὐτοὺς
2510 3581 2898 3650 ἀπετὲφρωσεν
2929 3575 3199 3642 ἐπειπὼν,
3235 3578 3318 3629 ὅτι
3353 3575 3482 3628 Κάν
3507 3573 3674 3627 αὐτό-

2107 3693 2262 3745 πτης
2307 3676 2600 3746 ἐγενόμην
2641 3673 2957 3742 ἀρχιερέως
3001 3669 3166 3736 τινὸς
3213 3668 3672 3737 ἁμαρτάνοντος,

2109 3769 2183 3839 τῇ
2216 3767 2538 3839 πορφυρίδι
2568 3783 2685 3836 μου
2720 3763 2797 3818 ἂν
2829 3763 3016 3816 αὐτὸν
3046 3759 3464 3827 συνεκάλυψα.
3500 3756 3679 3808 Ἐκεῖ-

2111 3863 2204 3916 θεν
2240 3864 2319 3925 είς
2353 3860 2413 3914 τὸ
2453 3859 2582 3930 παρ’
2612 3855 2780 3912 αὐτοῦ
2820 3853 3037 3909 κτισθὲν
3079 3852 3342 3924 βασίλειον
3379 3852 3514 3905 ἄστυ
3553 3849 3682 3912 τοὺς

2112 3954 2288 4018 θείους
2318 3951 2557 4013 ἐκείνους
2592 3946 2918 4018 μεταγαγὼν
2949 3946 3219 4015 Πατέρας,
3248 3945 3341 3998 καὶ
3371 3944 3468 4014 τῆς
3497 3941 3557 4007 ἐξ
3585 3942 3687 3994 αὐ-

2109 4044 2217 4100 τῶν
2247 4043 2494 4112 εὐλογίας
2519 4039 2757 4106 ἀξιώσας
2787 4037 2940 4102 αὐτὸ,
2975 4038 3066 4090 καὶ
3097 4034 3548 4106 χειροτονηθῆναι
3581 4051 3687 4087 πα-

2112 4135 2460 4208 ρασκευάσας
2488 4135 2544 4188 ὲν
2565 4131 2714 4203 αὐτῷ
2740 4131 2993 4200 δεύτερον
3021 4129 3399 4200 πατριάρχην,
3427 4129 3519 4182 τὸν
3547 4129 3690 4198 ἱερὸν

2122 4229 2469 4300 Ἀλέξανδρον
2495 4227 2544 4298 (ὁ
2572 4225 2679 4296 γὰρ
2705 4224 2948 4292 ἀοίδιμος
2976 4223 3348 4292 Μητροφάνης
3379 4219 3688 4292 μετήλλαξε

2110 4323 2208 4392 τὴν
2243 4319 2430 4392 ζωὴν),
2463 4317 2676 4388 ἀφῆκεν
2704 4316 2935 4369 ἕκαστον
2965 4317 3044 4377 είς
3064 4315 3163 4383 τὴν
3192 4315 3399 4368 οἰκείαν
3433 4315 3692 4368 ἀπελθεῖν

2112 4411 2438 4482 παροικίαν,
2488 4411 2677 4480 τιμαῖς
2722 4424 2781 4461 τε
2831 4406 2928 4460 καὶ
2973 4407 3201 4476 δωρεαῖς
3250 4405 3690 4476 μεγαλοπρεπῶς

434 4493 620 4549 Persis
639 4498 999 4568 repugnabat)
1023 4515 1148 4554 cum
1168 4500 1349 4556 adhuc
1376 4503 1653 4558 viventem
1680 4503 2004 4571 invenisset,

2111 4506 2310 4567 αὐτοὺς
2337 4499 2888 4572 φιλοφρονησάμενος.
2920 4498 2984 4560 Ἦ
3008 4497 3063 4550 δὲ
3091 4497 3180 4550 τοῦ
3207 4496 3475 4567 βασιλέως
3503 4498 3692 4567 μήτηρ

435 4587 723 4655 magniﬁce
769 4591 1102 4658 parentavit,
1149 4601 1206 4647 et
1239 4593 1296 4647 in
1343 4604 1660 4650 sanctorum
1711 4596 2008 4665 Apostolo-

436 4693 558 4731 rum
594 4681 731 4744 ωδε,
767 4682 1034 4748 peculiari
1062 4692 1243 4738 tamen
1273 4686 1491 4754 porticu
1516 4686 1583 4740 ad
1626 4687 1678 4742 id
1707 4688 1999 4755 aediﬁcata,

409 4770 677 4838 'sepeliit.
711 4770 1048 4828 Memoratur
1078 4783 1263 4829 autem
1291 4776 1532 4848 inclytus
1563 4778 1654 4834 hic
1708 4779 2010 4851 imperator

438 4862 727 4932 pecuniam
755 4871 811 4918 et
850 4865 990 4920 citra
1039 4865 1315 4922 delectum
1375 4870 1759 4940 insumpsisse,
1805 4882 1860 4926 et
1903 4873 2011 4927 mi-

439 4955 561 5019 nori
599 4970 724 5010 cum
755 4957 974 5012 delectu
1013 4973 1369 5030 comparasse
1403 4980 1416 5014 :
1466 4962 1540 5016 ita
1576 4973 1634 5018 ut
1657 4965 1776 5034 ejus
1804 4966 1857 5019 in
1899 4967 2012 5020 lar-

438 5047 636 5118 giendo
667 5048 911 5104 studium
959 5049 1381 5121 magnificentia:
1425 5068 1533 5108 non
1575 5055 1870 5121 tribuatur,
1913 5056 2008 5111 sed

439 5147 630 5194 contra
665 5159 678 5192 :
711 5157 900 5196 verum
927 5143 1344 5212 temperandum
1377 5156 1463 5201 est
1491 5145 1723 5210 calamo,
1755 5163 1824 5202 ne
1847 5163 2010 5217 quam

439 5232 629 5286 divino
655 5233 731 5287 illi
759 5234 880 5288 viro
908 5234 1088 5296 labem
1125 5249 1437 5306 aspergam.
1481 5237 1781 5293 Enimvero
1825 5239 2014 5308 profa-

442 5338 549 5381 nus
575 5323 668 5377 ille
697 5323 974 5388 Julianus,
1005 5325 1060 5380 in
1095 5326 1239 5382 libro
1264 5327 1332 5382 de
1354 5327 1685 5393 Caesaribus,
1721 5315 1877 5398 quasi
1918 5346 2016 5399 per

444 5413 686 5469 derisum
755 5417 1132 5486 impensarum
1186 5418 1536 5490 imperatoris
1597 5419 2013 5490 religiosissimi,

444 5505 602 5574 ﬁngit
631 5505 961 5563 Mercurium
1003 5524 1129 5565 cum
1166 5525 1235 5566 eo
1266 5511 1699 5580 colloquentem,
1748 5526 2016 5580 quaerere,

447 5610 689 5662 quamam
719 5599 788 5650 sit
831 5599 952 5652 boni
983 5601 1118 5671 regis
1147 5603 1319 5657 nota?
1354 5600 1456 5657 Cui
1517 5601 1608 5657 ille
1659 5602 2014 5672 respondeat,

446 5681 767 5750 Imperatori
812 5694 862 5739 et
911 5687 1152 5744 habenda
1197 5700 1246 5743 et
1301 5691 1618 5746 insumenda
1664 5707 1773 5746 esse
1822 5691 2017 5748 multa.

451 5771 652 5836 Fertur
681 5793 781 5833 nec
813 5794 843 5837 a
875 5779 1076 5837 studiis
1119 5781 1496 5840 doctrinarum
1544 5783 1712 5842 fuisse
1783 5785 2018 5850 alienus,

2113 4598 2147 4668 ή
2209 4595 2454 4667 μακαρία
2490 4593 2678 4662 Ἑλένη
2735 4594 2816 4655 εἰς
2869 4592 3046 4662 γῆρας
3101 4587 3237 4659 βαθὺ
3300 4591 3695 4658 καταντήσασα

2112 4688 2470 4760 (ὀγδοήκοντα
2500 4685 2612 4754 γὰρ
2640 4685 2860 4753 λέγεται
2892 4681 3054 4750 ζῆσαι
3086 4679 3394 4751 ἐνιαυτοὺς)
3425 4680 3563 4752 πρὸς
3591 4679 3696 4746 τὰς

2111 4779 2392 4850 οὐρανίους
2427 4778 2608 4848 ἀπῆρε
2647 4775 2834 4847 μονάς,
2872 4776 2938 4846 ἢν
2969 4774 2996 4825 ὁ
3029 4774 3143 4836 υἱὸς
3178 4777 3235 4827 ὲν
3267 4771 3344 4842 τῷ
3377 4773 3486 4826 τῶν
3519 4773 3696 4842 ἀγίων

2113 4871 2427 4928 ἀποστόλων
2458 4871 2572 4941 ναῷ
2609 4869 2905 4939 βασιλικῶς
2939 4868 3326 4939 ὲθησαύρισεν.
3359 4868 3601 4932 Ἐκεῖνος
3632 4867 3693 4920 δὲ

2112 4962 2256 5015 κατὰ
2301 4961 2524 5032 Περσῶν
2565 4957 2946 5029 ὲκστρατεύων
2985 4959 3235 5028 τριήρεσι
3280 4957 3567 5029 κομίζεται
3610 4959 3696 5021 είς

2111 5051 2210 5121 την
2241 5050 2642 5120 Σωτηρὼῖολιν,
2674 5051 2707 5120 ἡ
2739 5049 2832 5102 νῦν
2861 5047 3182 5120 ὀνομάζεται
3212 5047 3387 5101 Πύθια
3409 5066 3421 5080 ·
3459 5049 3552 5101 καὶ
3581 5050 3701 5111 τοῖς

2112 5145 2290 5197 ἐκεῖσε
2323 5143 2665 5214 χρησάμενος
2701 5141 3028 5211 αὐτομάτοις
3061 5143 3282 5211 θερμοῖς
3316 5138 3531 5202 ὕδασιν,
3565 5139 3703 5194 ἔνθα

2113 5237 2211 5290 καὶ
2265 5236 2558 5306 φάρμακόν
2602 5252 2657 5287 τι
2711 5236 2856 5287 πιεῖν
2901 5233 3230 5304 δηλητήριον
3276 5233 3494 5301 λέγεται
3545 5234 3705 5304 παρά

2115 5332 2224 5384 τῶν
2257 5329 2592 5400 έτεροθαλῶν
2624 5327 2774 5396 αὐτῷ
2808 5327 3074 5398 κερασθὲν
3107 5327 3378 5396 ἀδελφῶν,
3415 5328 3494 5386 είς
3528 5325 3705 5379 Νικο-

2121 5423 2348 5493 μήδειαν
2377 5419 2757 5490 παραγίνεται·
2784 5420 2917 5472 ὅπου
2945 5421 3036 5471 καὶ
3060 5417 3436 5487 τετελεύτηκε,
3459 5416 3701 5486 νοσήσας

2119 5513 2203 5582 ἐφ’
2227 5511 2434 5574 ἱκανὸν,
2468 5510 2606 5564 ὲτῶν
2639 5507 2877 5580 γεγονὼς
2909 5509 3072 5562 πέντε
3103 5509 3240 5580 πρὸς
3265 5511 3378 5572 τοῖς
3407 5508 3698 5578 ἑξήκοντα,

2122 5603 2447 5676 βασιλεύσας
2483 5603 2527 5656 δ’
2557 5605 2621 5656 ὲκ
2659 5601 2864 5655 τούτων
2903 5603 3195 5672 τριάκοντι
3237 5601 3370 5671 πρὸς
3407 5599 3583 5666 δυσὶν,
3604 5601 3702 5653 ὲν-

2119 5692 2348 5745 δεόντων
2378 5689 2471 5744 δ’ὐο
2507 5691 2713 5761 μηνῶν.
2739 5693 2835 5744 Ὃν
2863 5691 2891 5742 ὁ
2926 5691 3040 5755 υἱὸς
3076 5691 3453 5754 Κωνστάντιος
3487 5689 3545 5754 ἐξ
3573 5690 3701 5743 Ἀνε-

2122 5787 2360 5853 τιοχείας
2402 5785 2840 5856 παραγενόμενος
2883 5786 3021 5855 (ἐκεῖ
3059 5788 3164 5856 γὰρ
3192 5780 3270 5857 ιῆν
3309 5787 3419 5848 τοῖς
3458 5783 3702 5855 Πέρσαις
