4026 6408
479 391 614 456 1119

1671 451 1674 454 λ
1737 391 2059 454 JOANNIS
2097 392 2426 456 ΖΟΝΑΒᾸΞ

3595 391 3758 460 11⁸20

465 503 861 559 Constantinus
888 520 1012 558 cum
1042 504 1344 560 Constante
1397 507 1468 561 ob
1506 505 1858 575 partitionem
1911 519 2009 575 pro

2114 502 2242 560 ,καὶ
2275 504 2413 572 πρὸς
2442 502 2655 567 τούτοις
2693 504 2790 572 τὴν
2828 503 3053 576 Θρᾴκην
3086 507 3188 560 σὺν
3222 509 3286 579 τῇ
3341 508 3495 563 πόλει
3525 514 3590 582 τῇ
3627 531 3747 566 πα-

464 595 776 647 vineiarum
800 597 1131 665 expostulat,
1169 607 1402 667 petens,
1437 609 1498 653 ut
1540 609 1636 654 aut
1682 609 1837 667 parte
1889 599 2043 668 regni

462 686 570 740 sibi
600 686 781 750 cedat,
807 697 902 741 aut
927 672 1148 757 partitio
1181 689 1249 744 de
1277 690 1489 760 integro
1537 691 1878 745 instituatur.
1903 690 2042 746 Cum

463 787 650 832 autem
711 780 802 834 ille
871 783 1056 850 priore
1111 783 1385 840 divisione
1436 785 1708 841 niteretur
1743 826 1758 851 ,
1812 796 1867 840 et
1920 801 2043 856 qua:

462 870 803 926 obvenerant
837 881 1127 938 tueretur,
1179 891 1358 946 neque
1408 875 1566 931 fratri
1613 877 1698 932 vel
1749 877 2039 931 minimum

461 961 791 1016 concederet
821 981 834 1017 :
865 961 1278 1030 Constantinus,
1310 968 1477 1021 armis
1521 967 1776 1035 arreptis,
1821 969 2040 1036 provin-

461 1052 577 1107 cias
609 1053 928 1110 Constantis
968 1056 1196 1112 invadit.
1232 1057 1336 1124 Qui
1377 1069 1490 1112 tum
1523 1059 1578 1113 in
1608 1060 1772 1115 Dacia
1825 1076 1993 1130 agens
2021 1102 2036 1126 ,

467 1151 621 1197 motu
659 1144 752 1199 illo
783 1147 1024 1215 cognito,
1107 1149 1279 1204 duces
1345 1164 1471 1204 cum
1530 1151 1777 1205 exercitu
1845 1161 2036 1206 contra

458 1247 586 1286 eum
621 1235 811 1300 mittit,
841 1236 957 1306 ipse
989 1253 1115 1292 mox
1152 1254 1278 1294 cum
1327 1241 1628 1311 majoribus
1655 1241 1828 1310 copiis
1873 1255 2034 1294 secu-

461 1329 637 1377 turus.
667 1323 772 1388 Qui
806 1326 957 1380 missi
983 1337 1161 1392 erant,
1191 1343 1317 1383 cum
1367 1346 1557 1398 parum
1597 1346 1628 1384 a
1665 1326 2034 1387 Constantino

456 1411 737 1479 abessent,
768 1416 995 1473 insidias
1036 1419 1259 1475 locant:
1302 1436 1592 1492 pugnaque
1638 1424 1774 1478 inita
1800 1466 1815 1490 ,
1843 1426 2028 1497 fugam

454 1503 738 1560 simulant.
779 1507 927 1574 Quos
956 1550 970 1574 ,
1015 1511 1144 1565 dum
1197 1511 1541 1569 Constantini
1592 1517 1796 1574 milites
1843 1535 2033 1589 perse-

450 1607 720 1666 quuntur,
750 1601 847 1669 qui
883 1602 936 1656 in
970 1604 1184 1660 insidiis
1216 1607 1466 1664 collocati
1504 1609 1766 1676 fuerant,
1813 1627 1843 1666 a
1878 1623 2032 1683 tergo

449 1683 739 1742 invadunt.
771 1689 863 1746 Sic
897 1691 1232 1762 fugientibus
1266 1699 1368 1767 12
1413 1700 1579 1755 etiam
1617 1705 1901 1760 conversis
1927 1745 1941 1768 ,
1975 1706 2030 1761 in

2145 600 2308 668 τρικῇ
2343 596 2478 668 (29).
2513 597 2670 651 Οὕτω
2700 597 2756 650 δὲ
2783 597 2878 651 τοῦ
2918 601 3192 670 μερισμοῦ
3224 601 3323 670 τῆς
3352 603 3531 673 ἀρχῆς
3585 621 3745 675 προ-

2145 687 2360 756 ϐάντος,
2385 691 2413 742 6
2443 691 2542 759 μὲν
2575 692 2956 753 Κωνστέιντιος
2989 695 3070 756 εἰς
3100 693 3199 763 τὴν
3231 692 3371 762 ἑῴαν
3421 693 3734 765 ἐχώρησεν,

2143 780 2528 850 ἐκστρατεύων
2571 781 2712 835 κατὰ
2767 782 2997 851 Περσῶν
3045 781 3180 852 (50).
3245 783 3303 836 Ὀ
3355 787 3464 854 γὰρ
3514 785 3741 839 τούτων

2142 872 2496 941 ἡγεμονεύων
2521 873 2798 944 Σαπὼρης
2829 874 2940 943 (31)
2973 874 3065 928 τὸν
3094 875 3326 928 θάνατον
3352 875 3444 928 τοῦ
3479 877 3736 946 μεγάλου

2141 965 2304 1030 γνοὺς
2336 966 2775 1029 Κωνσταντίνου,
2805 967 2948 1021 κατά
2994 965 3102 1020 τῶν
3141 968 3247 1022 ὑπὸ
3292 968 3602 1037 Ῥωμαίους
3632 985 3736 1021 τε-

2140 1056 2378 1112 λούντων
2425 1058 2595 1112 ἐπιὼν
2642 1059 2737 1113 καὶ
2768 1059 3089 1131 ληϊζόμενος
3118 1060 3220 1114 ούκ
3274 1060 3530 1114 ἐπαύετο.
3569 1061 3632 1114 ’0
3664 1061 3731 1114 δὲ

2141 1149 2556 1215 Κωνσταντϊνος
2601 1151 2677 1220 τῷ
2718 1153 3040 1206 Κώνσταντι
3069 1152 3360 1220 ἐπεφύετο,
3392 1153 3493 1223 τὴν
3538 1153 3730 1206 διανέη

2141 1256 2306 1309 μησιν
2331 1239 2439 1293 τῶν
2465 1241 2662 1311 χωρῶν
2691 1240 3022 1312 αἰτιώμενος
3046 1259 3062 1274 ο
3113 1244 3210 1297 καὶ
3249 1244 3282 1314 ἢ
3315 1245 3729 1314 παραχωρῆσαι

2141 1332 2342 1403 μέρους
2367 1333 2516 1402 αὐτῷ
2540 1336 2640 1404 τῆς
2664 1335 2838 1405 ἀρχῆς
2867 1335 3186 1407 ἀπαιτῶν,ῆ
3213 1336 3588 1391 ἀναδάσασθαι
3617 1337 3729 1402 τὰς

2137 1423 2416 1494 βασιλείας
2448 1424 2617 1494 ἄμφω
2647 1425 2849 1496 ζητῶν.
2896 1429 2985 1490 Ὠς
3017 1427 3064 1480 δ’
3093 1429 3302 1490 ἐκεῖνος
3325 1428 3424 1497 τῆς
3472 1429 3574 1500 ἢδη
3620 1445 3728 1494 γε-

2135 1517 2356 1586 γονυίας
2390 1518 2767 1588 διανεμήσεως
2817 1519 3016 1588 εἴχετο,
3053 1517 3148 1572 καὶ
3194 1517 3304 1570 τῶν
3339 1518 3490 1588 αὐτῷ
3543 1535 3730 1588 προσ-

2134 1610 2531 1680 κληρωθέντων
2581 1612 2884 1681 ἀντείχετο,
2940 1612 3034 1664 καὶ
3081 1611 3204 1664 ούδέ
3261 1611 3357 1664 τοῦ
3414 1609 3727 1682 βραχίστου

2133 1704 2448 1776 παρεχώρει
2503 1704 2581 1776 τῷ
2633 1704 2868 1773 ἀδελφῷ,
2921 1703 3062 1757 ὅπλα
3111 1703 3235 1756 κατ’
3278 1703 3443 1756 αὐτοῦ
3501 1699 3639 1773 ἦρεν
3695 1704 3729 1754 6

447 1767 630 1832 medio
657 1778 892 1836 duorum
924 1787 1270 1842 exercituum
1321 1791 1655 1860 intercepti,
1715 1809 1910 1865 magna
1958 1812 2009 1851 et

447 1875 600 1894 τισι-..Α
643 1868 841 1894 Α...1....ι
907 1871 1021 1894 3..--
1083 1877 1210 1894 _.-_,
1291 1877 1329 1894 η
1443 1890 1453 1894 -
1542 1881 1574 1894 ,ι
1707 1883 1718 1893 .
1772 1893 1779 1894 ,
1859 1884 1878 1894 -

2132 1767 2665 1860 Κωνστανττνοςυκαὶ
2689 1767 2897 1865 ἐπῆλθε
2921 1795 2999 1865 τῷ
3019 1795 3178 1864 λάχει
3203 1793 3298 1848 τοῦ
3331 1767 3724 1858 Κώνσταντος.

445 1875 602 1933 parte
641 1868 866 1935 cadunt,
905 1871 1026 1941 ipso
1074 1877 1240 1930 etiam
1289 1877 1655 1935 Constantino
1707 1883 2021 1941 interfecw.

442 1955 584 2011 Nam
611 1975 756 2029 equo
789 1964 1102 2030 vulnerato,
1139 1977 1191 2022 et
1223 1985 1290 2024 ex
1322 1971 1554 2026 vulnere
1590 1973 1842 2038 efferata,
1888 1976 2022 2032 sella

443 2064 731 2117 excussus,
762 2054 950 2110 multis
967 2057 1298 2115 vulneribus
1328 2062 1624 2117 conficitur
1651 2082 1664 2118 :
1697 2080 1879 2136 neque
1904 2068 2021 2124 voti

441 2152 669 2209 compos
699 2141 900 2212 factus,
927 2158 983 2204 et
1016 2151 1144 2219 quia
1180 2152 1400 2223 injuriae
1425 2153 1608 2211 fuerat
1637 2167 1855 2225 auctor,
1882 2177 2022 2231 prte-

441 2236 528 2282 ter
559 2231 833 2300 jacturam
865 2240 950 2292 sui
989 2240 1207 2310 imperii
1272 2245 1383 2300 vita
1413 2248 1582 2302 etiam
1613 2251 1886 2320 privatus.
1928 2254 2021 2313 Sic

439 2321 774 2380 occidentali
822 2343 992 2400 regno
1037 2332 1105 2386 ad
1133 2350 1304 2389 unum
1340 2336 1698 2398 Constantem
1731 2345 2016 2416 devoluta,

439 2412 487 2465 is
512 2419 678 2470 etiam
712 2419 966 2478 nefandis
992 2426 1279 2482 amoribus
1313 2429 1651 2500 implicatus,
1687 2445 1743 2492 et
1787 2412 2017 2508 perver;

435 2518 553 2558 sam
586 2505 710 2562 vitae
740 2511 1008 2568 rationem
1040 2528 1286 2581 secutus,
1321 2520 1540 2578 insidiis
1580 2505 1882 2598 Magnentii
1915 2533 2019 2586 mi-

433 2597 751 2655 serabiliter
776 2606 941 2673 periit
974 2626 987 2662 :
1017 2625 1180 2679 quem
1209 2613 1580 2684 Magnentium
1609 2633 1641 2673 e
1662 2597 1899 2678 militum
1927 2639 2017 2679 se-

432 2685 668 2783 ditione,
716 2695 927 2752 strictis
969 2700 1080 2770 jam
1129 2704 1328 2773 gladiis
1369 2707 1426 2762 in
1456 2725 1647 2765 necem
1690 2713 1812 2783 ejus
1848 2731 2015 2772 ruen-

434 2777 594 2870 tium,
627 2783 932 2854 eripuerat.
978 2793 1114 2849 Dum
1157 2796 1276 2853 haec
1318 2810 1611 2870 geruntur,
1652 2777 2012 2866 Constantius

433 2866 769 2970 in.0riente,
807 2895 932 2936 cum
976 2883 1270 2942 Persarum
1323 2866 1454 2962 rege
1509 2866 1721 2965 Sapore
1775 2910 2007 2970 pugnat,

432 2961 548 3059 filio
575 2964 789 3034 Narsei,
817 2988 1008 3029 verum
1049 2993 1116 3032 ex
1150 2980 1374 3050 ignobili
1427 2988 1660 3043 muliere
1694 3003 2004 3059 procreato.

428 3050 566 3152 Nam
613 3056 658 3112 is
706 3074 737 3114 e
783 3064 1033 3135 principe
1079 3085 1249 3126 uxore
1298 3081 1409 3130 tres
1475 3076 1616 3133 ﬁlios
1663 3093 2004 3152 susceperat,

425 3143 790 3219 Adanarsem,

427 3234 699 3296 Defuncto
751 3244 994 3314 Narseo,
1053 3251 1364 3311 Adanarses
1420 3270 1551 3314 natu
1609 3265 1880 3320 maximus
1946 3267 2004 3322 in

425 3327 658 3398 imperio
687 3338 953 3394 succedit.
983 3340 1089 3396 Sed
1117 3358 1186 3399 ex
1217 3347 1382 3404 nimia
1412 3351 1736 3409 crudelitate
1752 3366 1808 3410 et
1841 3356 2008 3412 inhu-

426 3423 696 3480 manitate
735 3429 866 3484 odio
893 3432 1188 3491 Persarum
1239 3451 1520 3512 suscepto,
1557 3460 1730 3516 regno
1773 3450 2000 3507 excidit.

423 3511 596 3611 Cujus
625 3520 832 3611 atrocis
867 3525 1072 3595 ingenii
1099 3531 1379 3598 specimen
1407 3511 1682 3604 quoddam
1713 3549 1796 3594 est
1816 3541 2003 3611 profe-

423 3603 683 3702 rendum.
717 3609 1031 3681 Aliquando
1062 3621 1204 3687 patri
1239 3623 1360 3692 ejus
1391 3603 1688 3682 tentorium
1722 3603 2001 3702 Babylone

419 3694 650 3752 allatum
674 3709 780 3768 est,
813 3718 844 3757 e
875 3707 1044 3762 variis
1079 3709 1228 3766 illius
1256 3713 1363 3769 loci
1390 3713 1628 3785 pellibus
1657 3694 1998 3783 confectum.

418 3785 576 3854 Quod
613 3792 777 3849 modo
803 3805 1118 3864 extensum,
1150 3803 1282 3858 dum
1314 3806 1518 3865 Narses
1567 3815 1996 3886 contemplatur,

419 3885 948 3977 rogatfmanarsem
975 3911 1209 3966 puerum
1235 3901 1440 3970 adhuc,
1475 3907 1820 3977 utfplaceat?
1849 3885 1991 3969 Tum

416 3973 552 4068 ille:
583 3975 698 4044 Ubi,
729 3981 929 4051 inquit,
959 4002 1119 4058 regno
1145 3993 1339 4060 potitus
1364 3995 1536 4063 fuero,
1563 3973 1847 4068 pulchrius
1880 4011 1997 4057 ten-

415 4065 699 4164 tet-iantes:
725 4073 974 4129 Immanis
1013 4078 1235 4146 pellibus
1264 4065 1582 4152 conﬁciam.
1618 4089 1712 4146 Sic
1761 4093 1831 4147 ab
1877 4095 1994 4164 ipsa

412 4155 642 4256 infantia
674 4161 1072 4224 immanitatem
1110 4187 1265 4230 suam
1301 4176 1632 4235 declarabat.
1678 4183 1760 4238 Eo
1807 4155 1979 4256 igitur

411 4247 597 4316 pulso,
649 4249 841 4322 Sapori
891 4272 1122 4328 regnum
1179 4271 1264 4318 est
1310 4263 1594 4324 delatum:
1647 4272 1744 4338 qui
1793 4247 1984 4330 statim

2141 1885 2202 1940 '0
2253 1886 2310 1939 δέ
2362 1889 2422 1940 ἐν
2475 1887 2648 1958 Δακίᾳ
2681 1886 3003 1955 ἀποδημῶν,
3062 1887 3157 1939 καὶ
3207 1887 3308 1956 τὴν
3360 1885 3578 1956 κίνησιν
3616 1885 3724 1938 τοῦ

2127 1975 2546 2031 Κωνσταντίνου
2581 1977 2788 2047 μαθὼν,
2816 1978 3134 2045 στράτευμα
3167 1975 3478 2030 κατάύτοῦ
3499 1978 3724 2046 πέμπει

2126 2070 2222 2122 καὶ
2266 2070 2632 2140 στρατηγοὺς,
2668 2071 2762 2123 καὶ
2799 2071 2960 2133 αὐτὸς
2989 2070 3114 2123 ὅσον
3144 2069 3244 2140 ἤδη
3285 2069 3426 2139 μετά
3462 2069 3723 2134 πλείονος

2126 2162 2366 2233 στρατοῦ
2424 2163 2718 2232 ἐπιστῆναι
2767 2162 3259 2232 ἐπαγγειλάμενος.
3297 2162 3361 2215 Οἱ
3396 2161 3528 2230 γοῦν
3561 2180 3719 2231 πεμ-

2124 2254 2352 2321 φθέντες
2387 2254 2556 2323 ἐγγὺς
2596 2253 2691 2306 τοῦ
2741 2255 3158 2307 Κωνσταντίνου
3193 2253 3478 2322 γενόμενοι
3511 2252 3719 2322 λόχους

2121 2345 2409 2411 καθίζουσι
2441 2365 2456 2380 ·
2489 2348 2578 2400 καὶ
2612 2346 2990 2416 συμϐαλόντες
3022 2345 3174 2415 αὐτῷ
3206 2345 3434 2414 φεύγειν
3464 2346 3716 2414 ὑπεκρί-

2121 2439 2430 2494 νοντο.Τῶν
2457 2439 2513 2492 δὲ
2548 2439 2642 2492 τοῦ
2673 2439 3092 2493 Κωνσταντίνου
3123 2437 3438 2491 διωκόντων
3476 2437 3707 2504 αὐτοὺς,

2118 2529 2407 2596 ἐξόπισθεν
2464 2530 2648 2585 αὐτῶν
2697 2532 2748 2584 oi
2801 2530 3075 2600 λοχῶντες
3129 2529 3330 2594 αὐτοὺς
3389 2531 3704 2600 γενόμενοι,

2117 2626 2262 2680 κατά
2291 2625 2478 2680 νώτων
2505 2626 2691 2689 αὐτοῖς
2741 2623 3098 2678 ἐπιτίθενται.
3135 2623 3247 2678 Καὶ
3297 2624 3347 2677 οἱ
3397 2622 3706 2692 φεύγοντες

2115 2717 2571 2786 ἐπιστραφέντες,
2616 2715 2780 2784 μέσον
2809 2714 3110 2787 περιέσχον
3148 2713 3371 2777 αὐτούς.
3419 2713 3530 2767 Καὶ
3559 2714 3702 2768 πολὺ

2112 2806 2216 2875 τῆς
2240 2805 2334 2860 τοῦ
2366 2806 2781 2861 Κωνσταντίνου
2805 2806 3100 2876 διέφθαρτο
3129 2807 3414 2876 στρατιᾶς,
3440 2805 3704 2866 κάκεῖνος

2113 2899 2298 2960 αὑτός.
2329 2899 2437 2952 Τοῦ
2459 2899 2569 2968 γὰρ
2618 2900 2791 2952 ἵππου
2821 2898 3131 2971 τρωθέντος
3163 2897 3330 2952 αὐτοῦ
3367 2898 3463 2950 καὶ
3512 2896 3602 2950 διὰ
3633 2895 3702 2949 τὸ

2108 2988 2335 3061 τραῦμα
2368 2991 2730 3059 σφαδάζοντος
2756 2991 2850 3044 καὶ
2878 2989 3697 3061 ἀνασκιρτῶντος,ἐκπέπτωκε

2108 3083 2209 3152 τῆς
2242 3083 2405 3152 ἕδρας
2431 3085 2459 3136 6
2488 3084 2897 3146 Κωνσταντῖνος
2928 3083 3024 3138 καὶ
3054 3083 3318 3155 ἀνῃρέθη,
3339 3082 3513 3136 πολλά
3538 3081 3701 3147 δεξά-

844 3153 1215 3228 Hormisdam,
1264 3175 1323 3218 et
1385 3169 1610 3223 tertium
1685 3177 2002 3242 quemdam.

2114 3189 2274 3241 μενος
2303 3172 2616 3244 τραύματα,
2645 3174 2769 3228 οὔτε
2805 3173 2984 3246 τυχὼν
3008 3175 3112 3243 τῆς
3135 3153 3413 3244 ἐφέσεως,
3463 3175 3561 3228 καὶ
3607 3176 3694 3229 ὅτι

2107 3264 2309 3318 ἀδίκων
2342 3261 2497 3337 ἦρξε,
2549 3267 2642 3320 καὶ
2695 3268 2794 3337 τὴν
2845 3269 3057 3322 οἰκείαν
3107 3268 3205 3339 τῆς
3263 3268 3441 3338 ἀρχῆς
3493 3269 3692 3337 μοῖραν

2107 3357 2420 3426 ἀποϐαλὼν,
2483 3359 2576 3413 καὶ
2637 3360 2808 3431 αὐτὴν
2864 3360 3311 3432 προσζημιωθεὶς
3361 3359 3462 3430 τὴν
3518 3358 3688 3430 ζωήν.

2105 3450 2217 3504 Καὶ
2249 3449 2474 3520 γέγονεν
2502 3453 2535 3523 ἡ
2563 3453 2661 3521 τῆς
2690 3453 2952 3524 ἑσπερίου
2995 3451 3202 3524 λήξεως
3230 3454 3561 3524 ἐπικράτεια
3591 3452 3684 3519 ὑφ’

2103 3542 2186 3594 ἑνὶ
2223 3543 2323 3610 μὲν
2353 3543 2671 3600 Κώνσταντι
2700 3545 2812 3616 (52)
2854 3545 3088 3615 βασιλεῖ.
3122 3541 3256 3598 Εἶτα
3306 3545 3560 3607 κάκεῖνος
3601 3547 3684 3606 είς

2104 3631 2430 3696 ἀλλοκότους
2460 3634 2809 3699 ἐκκυλισθεὶς
2841 3635 3052 3706 ἔρωτας
3093 3635 3190 3688 καὶ
3220 3633 3498 3705 ἐκδεδιῃτη
3508 3633 3679 3701 μένην

2104 3723 2251 3796 ζωὴν
2310 3725 2415 3779 ὑπὸ
2475 3727 2822 3795 Μαγνεντίου
2870 3725 3260 3795 ἐπεϐουλεύθη,
3323 3725 3418 3779 καὶ
3471 3722 3672 3785 ἀθλίως

2101 3817 2376 3885 ἀπώλετο,
2405 3819 2772 3888 Μαγνεντίου,
2800 3818 2859 3872 ὃν
2895 3819 3104 3882 ἐκεῖνος
3128 3821 3194 3872 ἐκ
3239 3818 3473 3877 στάσεως
3503 3828 3666 3882 στρα-

2098 3910 2361 3980 τιωτικῆς
2407 3909 2712 3979 περιέσωσε
2766 3909 3171 3974 κινδυνεύοντα,
3221 3909 3326 3980 ἤδη
3372 3905 3474 3960 τῶν
3500 3919 3666 3973 στρα·

2096 3998 2307 4052 τιωτῶν
2347 3999 2469 4052 κατ’
2495 3999 2709 4054 ἐκείνου
2748 4002 2817 4054 τὰ
2857 3998 2987 4070 ξίφη
3015 4001 3286 4072 ῂρκότων,
3340 3998 3438 4051 καὶ
3466 3996 3671 4062 διαχει-

2099 4090 2356 4160 ρίσασθαι
2408 4092 2572 4148 αὐτὸν
2627 4092 2992 4163 ὡρμηκότων.
3056 4094 3115 4146 '0
3167 4090 3551 4152 Κωνστάντιος
3615 4086 3678 4140 δὲ

2095 4179 2227 4249 περὶ
2278 4179 2378 4250 τὴν
2431 4180 2573 4251 ἑῴαν
2621 4182 2921 4252 διατρίϐων
2968 4184 3081 4244 τοῖς
3117 4183 3354 4252 Πέρσαις
3411 4179 3674 4250 ἐμάχετο,

2093 4271 2360 4341 Σαπώρου
2390 4273 2501 4343 (53)
2529 4272 2624 4328 τού
2659 4273 2870 4338 ἔθνους,
2892 4272 2968 4336 ὼς
2996 4273 3235 4345 εἴρηται,
3269 4271 3674 4342 βασιλεύοντος

410 4339 640 4398 fratrem
690 4345 927 4404 alterum
971 4353 1150 4411 oculis
1199 4356 1401 4426 privat,
1458 4360 1808 4419 Hormisdam
1861 4367 1990 4421 vinv

2114 4364 2150 4427 ίς
2198 4339 2408 4436 Νάρσῆ-
2435 4339 2536 4436 μέν
2563 4359 2633 4437 ἦν
2677 4365 2815 4432 υίὸς,
2843 4366 2905 4418 οὐ
2947 4339 3133 4435 μέντοι
3172 4365 3230 4431 ἐξ
3260 4339 3542 4434 ἐπισήμου
3573 4379 3678 4431 γυ-

593 4431 649 4487 in
679 4439 931 4495 custodia
962 4450 1130 4500 tenet.
1161 4445 1438 4503 Caeterum
1478 4461 1679 4521 mater,
1735 4465 1795 4511 et
1846 4473 1984 4514 uxor

2114 4431 2304 4520 ναικός.
2336 4431 2564 4524 Ἱιξκτγάρ
2585 4431 2692 4528 τῆς
2723 4431 3118 4528 πρωτευούσης
3141 4456 3254 4510 τῶν
3283 4431 3453 4509 αὐτού
3481 4473 3677 4524 γυναι-

408 4519 581 4589 illius,
614 4528 942 4586 custodibus
974 4535 1210 4602 pecunia
1250 4537 1518 4606 delinitis,
1565 4543 1632 4597 ad
1666 4519 1981 4603 visendum

2114 4546 2200 4601 ιῶν
2241 4549 2392 4617 τρεῖς
2439 4519 2688 4617 sire-voveo
2732 4519 2812 4620 τῶ
2840 4551 3034 4621 Ναρσῇ
3079 4519 3288 4614 παῖδες,
3328 4519 3676 4618 Ἀδανάρσης

408 4625 536 4667 eum
565 4614 838 4684 admissae,
869 4620 1055 4677 limam
1085 4625 1164 4679 illi
1187 4626 1479 4695 dederunt,
1509 4647 1618 4702 qua
1651 4633 1833 4692 ferrea
1856 4638 1982 4692 vin-

404 4705 530 4759 cula
578 4705 885 4766 dissecaret
930 4730 946 4768 :

402 4805 572 4864 esset,
597 4813 958 4872 monuerunt,
981 4811 1190 4878 paratis
1225 4815 1384 4884 equis
1411 4826 1467 4873 et
1496 4817 1639 4888 fugae
1655 4823 1978 4880 comitibus.

2083 4641 2180 4692 καὶ
2225 4639 2525 4710 Ὀρμίσδας
2573 4640 2670 4693 καὶ
2715 4643 2903 4711 τρίτος
2951 4640 3163 4710 ἔτερος.
3217 4639 3670 4710 Τελευτήσαντος

1029 4726 1088 4772 et
1148 4721 1284 4788 quid
1346 4722 1610 4795 deinceps
1659 4726 1982 4788 faciendum

2114 4731 2138 4785 ὲ
2167 4733 2412 4803 Ναρσοῦ,
2448 4735 2476 4786 6
2510 4733 2885 4805 πρεσϐύτερος
2912 4733 3022 4787 τῶν
3048 4732 3220 4804 τριῶν
3251 4731 3459 4785 τούτων
3501 4731 3668 4784 Ἀδα-

2078 4824 2289 4898 νάρσης
2333 4826 2434 4895 τῆς
2481 4827 2655 4899 ἀρχῆς
2682 4827 2925 4898 διάδοχος
2975 4828 3223 4897 γέγονεν.
3263 4826 3427 4897 Ὠμδς
3453 4825 3510 4878 δὲ
3538 4824 3667 4878 λίαν

1599 4977 1798 5040 Varia:
1831 4978 2139 5044 lectiones
2172 4989 2236 5046 et
2268 4990 2458 5048 notae.

472 5104 696 5190 ςεονιναι
725 5109 1129 5191 aede-5015mm
1147 5114 1514 5191 ῖῄνθρᾲκην
1539 5122 1663 5175 σὺν
1685 5122 1762 5191 τῇ
1789 5127 1964 5179 πόλει

399 5179 476 5259 ζῇ
543 5179 826 5259 πατρικῇ.
879 5181 1102 5237 Errasse
1134 5179 1468 5259 fictorem,
1517 5193 1612 5259 qui
1672 5179 1962 5250 Tl'i'raciam

396 5250 679 5320 Constanti
707 5260 999 5320 postremo
1034 5268 1100 5307 ex
1124 5250 1472 5313 Constantini
1511 5250 1638 5316 liliis
1663 5263 1960 5320 obvenisse

397 5319 612 5381 scribit,
637 5319 848 5386 pridem
885 5321 1242 5378 observatum
1272 5327 1341 5381 ab
1382 5330 1526 5384 aliis.

469 5389 581 5459 ('50)
615 5389 780 5443 Κατὰ
826 5389 1092 5458 Περσῶν.
1133 5393 1238 5459 Qui
1285 5396 1631 5456 Antiochiam
1660 5403 1958 5458 circumse-

395 5458 591 5579 gerant
619 5470 676 5514 et
706 5471 992 5530 ceperant,
1024 5472 1084 5517 ut
1111 5458 1194 5520 est
1226 5467 1371 5537 apud
1407 5470 1720 5542 Eunapium
1768 5473 1825 5527 in
1862 5473 1959 5527 ZE-

435 5544 560 5579 esto.

435 5544 560 5583 εδιο.

472 5596 692 5679 (illi!)
721 5597 1027 5679 Σαπώρης.
1060 5604 1153 5679 _De
1186 5606 1289 5662 hac
1333 5607 1557 5676 Saporis
1599 5611 1970 5679 expeditione,

397 5674 450 5752 et
486 5667 734 5752 lalisibina
779 5667 993 5752 Persis;
1022 5673 1269 5752 obsessa,
1316 5667 1512 5752 agn-nt
1538 5667 1964 5752 Phili-istorgius,

399 5739 465 5820 ἒ...
483 5739 786 5820 ρει-εμὲ)
817 5740 1151 5820 Ammianus,
1180 5739 1396 5820 ⁸(ζίινριῖ.
1430 5748 1711 5810 Alexand.
1752 5739 1967 5820 p.157"),

399 5799 522 5870 67a,
558 5806 680 5874 676;
706 5799 1069 5877 Theophanes
1097 5799 1150 5881 υἱ
1175 5799 1261 5883 28,
1297 5799 1824 5891 δνέεῐέιίἷίᾟᾷέὲίῆἱ.

2141 5129 2254 5196 (52)
2281 5131 2399 5200 Ὑφ’
2422 5131 2513 5185 ἐνί
2544 5131 2912 5187 Κώνσταντι.
2945 5133 3054 5187 Res
3079 5141 3260 5198 gestas
3291 5145 3320 5183 a
3350 5128 3656 5185 Constante

2067 5200 2293 5272 scripsit
2350 5201 2693 5272 Eustochius
2744 5202 3039 5272 Cappadox
3102 5203 3383 5271 Sophista,
3444 5205 3512 5272 _ut
3565 5206 3657 5272 est

2066 5266 2212 5347 apud
2245 5271 2548 5347 Eudociam
2591 5266 2893 5347 Augustali!
2945 5273 3012 5347 in_
3045 5266 3215 5347 laniis
3259 5287 3395 5347 mss.
3423 5266 3655 5347 ἔγραψε

2066 5337 2319 5411 τάκιτά
2350 5337 2705 5395 Κώνσταντί
2725 5343 2815 5395 τὸν
2869 5341 3118 5411 βασιλέα,
3169 5352 3280 5398 etc.
3343 5338 3436 5395 ubi
3498 5337 3649 5404 ἕψω]

2067 5407 2288 5465 Suidam
2319 5425 2604 5478 perperam
2647 5413 2846 5467 omissa
2869 5407 2996 5466 'vox
3027 5412 3114 5466 τά.

2138 5479 2248 5546 (55)
2294 5481 2606 5548 Σαπώρου.
2640 5482 2775 5537 Vide
2812 5481 3092 5537 Zosintum
3136 5484 3236 5540 lib.
3268 5500 3330 5549 ιι,
3378 5489 3466 5539 ιιΙιί
3494 5497 3550 5542 et
3576 5489 3654 5544 de

2077 5546 2478 5622 Hormisdtead
2501 5551 2882 5606 Constantium
2916 5553 3063 5621 fuga,
3095 5554 3162 5608 de
3189 5570 3296 5622 qua
3319 5546 3494 5610 etiam
3518 5559 3652 5612 Am-

2077 5617 2313 5682 mianus,
2375 5620 2470 5674 lib.
2513 5637 2622 5686 xvi,
2759 5623 2850 5677 71.
2901 5617 3091 5677 Narsei
3137 5617 3270 5679 vei-'0
3309 5630 3514 5681 mentio
3564 5638 3652 5682 est

2077 5689 2220 5743 anud
2255 5690 2600 5743 Eutronium.
2652 5691 2666 5708 '
2701 5692 3064 5743 heonhanem.
3098 5703 3154 5743 et
3193 5696 3349 5743 alios.
3389 5697 3463 5743 De
3505 5698 3652 5743 nor.

2075 5689 2220 5759 apud
2255 5690 2600 5759 Eutropium,
2652 5689 2732 5745 Th

2076 5758 2249 5813 misda
2281 5758 2498 5830 agimus
2524 5761 2783 5832 pluribus
2805 5758 2822 5762 “
2840 5763 2896 5818 iu
2926 5763 3430 5835 Constantinopoli.

2737 5692 3064 5762 euphanem.
3098 5703 3154 5748 et
3193 5696 3349 5750 alios.
3389 5697 3463 5751 De
3503 5698 3653 5752 Her-
