4026 6392
351 423 483 489 1191
1570 429 1892 492 ANNALII

2020 431 2171 490 LIB.
2211 431 2384 491 XIII.
3451 432 3590 497 1122

343 538 630 610 τυγχάνων
671 538 767 594 καὶ
804 541 1038 610 ἀπηνὴς,
1091 538 1388 594 κάντεῦθεν
1440 541 1766 611 μισούμενος
1816 541 1890 594 ὑπ

1994 541 2230 600 .Deindo
2285 556 2423 594 uxor
2465 543 2586 612 ejus
2636 542 2962 598 custodibus
3016 547 3300 614 apiparam
3365 560 3589 601 emnam

344 627 453 680 τῶν
503 629 726 698 Περσῶν
785 630 885 698 τῆς
919 630 1200 699 βασιλείας
1248 631 1628 684 ἐκπέπτωκεν.
1661 629 1892 701 Είρήσθιι

2018 633 2268 702 apponit.
2301 633 2382 686 Illi
2414 644 2471 688 et
2505 633 2686 703 epulis
2717 635 2968 698 distenti,
3001 644 3057 690 et
3101 651 3254 690 mero
3286 639 3495 703 obruti,
3529 641 3587 694 in

340 715 398 768 δέ
423 733 476 770 τι
503 718 597 770 καὶ
626 718 726 788 τῆς
755 718 965 772 ἐκείνου
989 719 1276 790 γνωμικῆς
1298 719 1580 790 ὠμότητος
1602 717 1890 787 γνώρισμα

2016 722 2356 792 profundum
2386 738 2638 777 somnum
2682 723 3036 780 delabuntur.
3059 723 3272 791 Quibus
3307 727 3588 782 dormien-

341 806 520 878 Σκηνή
558 825 687 862 ποτε
727 809 804 876 τῷ
841 809 1012 878 πατρὶ
1059 810 1224 862 αὐτοῦ
1270 808 1589 879 διεκομίσθη
1637 809 1701 861 ἐκ
1739 808 1892 862 Βαὸυη

2020 812 2188 878 tibus,
2237 812 2557 868 llormisdas
2599 822 2657 868 et
2697 813 2917 870 vincula
2966 815 3192 885 rumpit.
3253 827 3309 871 et
3362 818 3590 873 castello

341 895 530 963 λῶνος,
578 899 845 969 δέρμασιν
879 901 1168 972 ἐγχωρίοις
1208 901 1320 972 (54)
1370 899 1764 968 ποικιλώτερον
1799 903 1892 970 είρι

2015 904 2257 974 elapsus,
2290 921 2319 958 a
2349 903 2612 960 Romanis
2659 905 3217 961 honoriﬁcentissime
3270 909 3588 978 suscipitur.

337 992 610 1061 γασμένη.
647 992 864 1063 Ταύτην
909 988 1004 1050 οὖν
1042 993 1368 1047 ἐκταθεῖσαν
1412 993 1536 1062 ἄρτι
1581 991 1853 1062 θεώμενος
1885 1014 1892 1043 ι

2015 995 2086 1050 At
2121 996 2298 1065 Sapor
2326 995 2452 1068 fuga
2477 997 2598 1067 ejus
2627 998 2798 1051 Ia:tari
2833 1012 2892 1054 se
2930 999 3281 1065 ostendebat,
3333 1011 3394 1054 ut
3436 1011 3590 1056 metu

335 1082 563 1152 Ναρσῆς
594 1081 847 1154 ἠρώτησε
881 1083 973 1138 τὸν
1009 1083 1346 1154 ’Δδανάρσην
1383 1084 1539 1155 (54⁸),
1573 1083 1785 1138 παιδὶον
1831 1085 1890 1137 ιτ

2015 1088 2084 1142 ab
2114 1087 2828 1158 eo'_imminenteliberatus.
2859 1089 2994 1144 Nam
3018 1091 3264 1146 exsulem
3295 1107 3404 1146 non
3426 1093 3591 1148 modo

334 1173 690 1241 τυγχάνοντα,
715 1176 764 1228 εί
808 1176 1035 1246 ἀρέσκει
1072 1175 1221 1245 αὑτῷ
1263 1179 1296 1247 ἠ
1348 1177 1564 1247 σκηνή;
1605 1177 1664 1229 '0
1688 1174 1746 1228 δὲ
1779 1176 1892 1230 ἀπε·

2013 1179 2140 1234 dedi
2174 1180 2279 1234 sibi
2305 1194 2414 1234 non
2451 1180 2773 1250 postulavit,
2798 1180 2894 1236 sed
2934 1197 3161 1237 uxorem
3198 1183 3366 1238 etiam
3409 1185 3590 1238 hono-

332 1263 598 1332 κρίνατο·
651 1268 722 1321 Et
780 1267 1074 1336 κρατήσει
1117 1267 1229 1337 τῆς
1268 1269 1617 1334 βασιλείας,
1669 1268 1892 1336 κρείτ-το

2012 1271 2165 1326 ritice
2195 1270 2260 1325 ad
2285 1286 2412 1326 eum
2443 1271 2614 1326 misit.
2644 1271 2776 1327 Erat
2801 1282 2983 1327 autem
3015 1273 3355 1339 llormisdas,
3389 1283 3446 1330 et
3470 1290 3590 1329 man

331 1354 555 1423 ταύτης
591 1357 872 1424 ποιήσειν
912 1359 983 1419 ἐξ
1039 1360 1368 1428 ἀνθρώπων
1397 1358 1598 1427 δορᾶςο
1627 1359 1785 1413 οὕτω
1812 1378 1892 1431 νη·

2012 1361 2102 1430 gni
2139 1361 2238 1430 13
2275 1361 2515 1422 roboris.
2543 1370 2600 1416 et
2623 1361 2897 1432 jaculator
2919 1362 3056 1416 adeo
3097 1362 3330 1431 peritus,
3357 1369 3417 1416 ut
3453 1363 3587 1416 dum

332 1442 524 1497 πιόθεν
568 1447 824 1516 ἐνέφαινε
869 1447 967 1520 τὴν
1009 1448 1289 1520 ὠμότητα.
1325 1451 1368 1502 Τ
1371 1449 1527 1503 ούτου
1557 1448 1740 1502 τοίνυν
1767 1447 1892 1502 οὗτοι

2008 1451 2258 1520 jaculum
2299 1449 2576 1516 vibrabat,
2623 1450 2970 1520 praediceret,
2999 1466 3106 1520 qua
3159 1459 3314 1520 parte
3368 1451 3587 1506 hostem

330 1535 426 1604 τῆς
467 1535 748 1606 βασιλείας
780 1541 1222 1606 ἐκπεπτωκότος,
1261 1542 1534 1611 Σαπώρης
1573 1541 1656 1603 εἰς
1685 1540 1785 1612 τὴν
1813 1543 1885 1610 ἀρ

2013 1557 2379 1612 percussurus
2420 1551 2592 1598 esset.
2662 1542 2762 1598 llic
2805 1543 2973 1613 igitur
3017 1542 3342 1598 Constantio
3395 1553 3588 1598 contra

330 1625 434 1696 χὴν
473 1629 820 1700 άντεισῆκτο.
860 1632 972 1686 Καὶ
999 1634 1058 1696 ὃς
1087 1633 1251 1695 εὐθὺς
1287 1634 1382 1686 τὸν
1433 1633 1533 1702 μὲν
1567 1633 1756 1702 ἓτερον
1801 1631 1892 1684 τῶι

2013 1631 2308 1700 populares
2357 1646 2490 1686 suos
2536 1640 2700 1686 navat
2763 1646 3012 1701 operam,
3075 1633 3265 1687 multis
3329 1633 3586 1704 equitnm

325 1720 581 1791 ἀδελφῶν
634 1724 1017 1796 ἐξετύφλωσε·
1065 1728 1158 1782 τὸν
1198 1727 1496 1797 Ὀρμίσδαν
1530 1724 1589 1779 δὲ
1630 1725 1892 1796 δεσμήσας

2013 1722 2210 1779 turmis
2259 1722 2572 1791 praefectus.
2607 1723 2810 1779 Verum
2859 1723 3214 1779 Constantius
3262 1724 3585 1794 imperator,

325 1809 638 1884 ἔμφρουρον
668 1814 836 1890 εἶχεν.
876 1819 940 1872 Ἦ
964 1819 1022 1873 δέ
1046 1836 1111 1888 γε
1137 1820 1323 1890 μήτηρ
1345 1818 1557 1872 ἐκείνου
1586 1818 1682 1872 καὶ
1707 1819 1743 1887 ἡ
1768 1816 1892 1886 γυνῦ

2013 1828 2156 1883 saepe
2215 1828 2340 1869 cum
2383 1815 2568 1870 Persis
2614 1830 2966 1884 congressus,
3003 1814 3232 1871 inferior
3273 1816 3588 1880 recedebat,

323 1905 574 1973 χρήμασι
607 1906 1006 1979 δεξιωσάμεναι
1038 1911 1165 1974 τοὺς
1204 1909 1497 1981 φρουροὺς,
1539 1912 1620 1974 εἰς
1675 1909 1892 1962 ἐπίσκε-

2007 1905 2195 1960 multis
2224 1920 2448 1960 suorum
2474 1906 2689 1961 amissis
2713 1922 2729 1961 :
2759 1907 3080 1962 ceciderunt
3101 1907 3268 1962 etiam
3293 1907 3586 1962 Persarum

322 1991 416 2059 ψιν
462 1996 672 2052 ἐκείνου
722 2004 1201 2075 παρεχωρήθησαν
1247 2003 1532 2056 εἰσελθεῖν.
1587 2003 1696 2056 Καὶ
1727 2002 1892 2055 είσελ-

2006 1999 2255 2069 plurimi,
2277 1997 2482 2068 Sapore
2501 1999 2622 2070 ipso
2641 1999 2951 2054 vulnerato.

322 2087 514 2144 θοῦσαι
571 2093 726 2164 ῥίνην
775 2098 889 2166 (55)
944 2098 1095 2170 αὺτῷ
1151 2101 1448 2170 παρέσχον,
1473 2097 1574 2153 ’ἵνα
1647 2096 1822 2170 ταύτῃ
1871 2095 1943 2150 τὰ
1981 2096 2207 2166 σιδήρεα
2253 2093 2486 2166 διακόψῃ
2534 2095 2731 2164 δεσμὰ,
2801 2096 3139 2167 ὑποθέμεναι
3186 2098 3284 2152 καὶ
3328 2098 3431 2152 ὅσα
3475 2097 3588 2152 δέοι

329 2181 467 2248 μετὰ
503 2184 683 2241 ταῦτα
714 2192 912 2256 ποιεῖν,
942 2190 1146 2254 ἵππους
1193 2208 1253 2244 τε
1285 2190 1434 2261 αὐτῷ
1510 2189 1606 2244 καὶ
1679 2189 1808 2252 τοὺς
1885 2187 2393 2256 συναποδράσοντας
2441 2187 2825 2256 ἐτοιμάσασαι.
2916 2185 3048 2242 Εῐτα
3096 2191 3208 2253 τοῖς
3258 2189 3513 2262 φρουροῖς
3550 2192 3584 2260 ἡ

321 2276 536 2330 ἐκείνου
571 2278 828 2343 σύνευνος
858 2282 1080 2338 δεῖπνον
1119 2282 1388 2353 παρέθετο
1432 2282 1659 2351 δαψιλές
1680 2297 1697 2314 ο
1744 2281 1797 2334 οἱ
1844 2279 1900 2333 δὲ
1937 2280 2035 2332 καὶ
2095 2277 2406 2349 βρωμάτων
2465 2278 2895 2350 ἐμφορηθέντας,
2919 2278 3142 2334 καὶτοῦ
3172 2281 3416 2351 ἀκράτου
3444 2283 3584 2338 σπά-

323 2389 518 2439 σαντες
572 2377 1002 2452 ἀκρατέστερον,
1053 2378 1368 2450 ἐλήφθησαν
1450 2377 1604 2448 ὓπνῳ
1655 2377 1834 2448 βαρεῖ.
1879 2375 1939 2432 Ὀ
1976 2376 2025 2430 δ’
2059 2374 2359 2446 Ὀρμίσδας
2409 2377 2773 2446 κοιμωμένων
2809 2377 3060 2442 ἐκείνων,
3137 2379 3233 2432 καὶ
3285 2379 3357 2432 τά
3409 2379 3588 2450 δεσμά

319 2469 385 2538 τῇ
424 2468 548 2540 ῥίνῃ
584 2468 825 2541 διέκοψε,
873 2473 967 2525 καὶ
1007 2472 1107 2542 τῆς
1156 2472 1404 2542 φρουρᾶς
1472 2467 1706 2535 ἐξελθὼν
1775 2465 1970 2539 ᾤχετο,
1999 2469 2103 2550 οιαὶ
2149 2467 2288 2536 πρὸς
2341 2468 2470 2529 τοὺς
2519 2466 2828 2538 Ῥωμαίους
2873 2469 3107 2540 ἀπέδρα,
3164 2469 3260 2523 καὶ
3313 2469 3582 2543 ὑπεδέχθη

320 2564 734 2636 φιλοτιμότατα.
757 2569 817 2624 Ὀ
845 2569 902 2622 δὲ
928 2567 1197 2640 Σαπώρης
1231 2567 1392 2638 ἐῴκει
1416 2569 1482 2639 τῇ
1543 2568 1691 2637 φυγῇ
1752 2565 1966 2618 ἐκείνου
2004 2563 2324 2634 ἐφήδεσθαι,
2379 2557 2469 2617 οἷα
2519 2563 2614 2617 τὸν
2679 2563 2741 2629 ἐξ
2794 2563 3005 2618 ἐκείνου
3055 2565 3584 2636 ἀποσκευασάμενον

320 2661 506 2727 φόϐον,
547 2663 609 2715 οὐ
655 2665 818 2731 μόνον
863 2663 1151 2734 ἐκδοθῆναι
1186 2668 1234 2716 οἱ
1268 2663 1360 2716 τὸν
1390 2661 1609 2731 φυγάδα
1676 2660 1778 2713 οὐκ
1843 2658 2193 2729 ἐξεζήτησεν,
2261 2658 2396 2712 ἀλλὰ
2436 2657 2531 2712 καὶ
2558 2657 2657 2728 τὴν
2717 2659 2954 2726 γυναῖκα
2997 2657 3165 2712 αὑτοῦ
3196 2657 3430 2727 ἐντίμως
3457 2658 3582 2722 ἐξέο

320 2754 556 2823 πέμψεν.
585 2751 694 2809 Ἦν
732 2757 788 2809 δὲ
827 2757 855 2810 ὁ
901 2753 1195 2826 ὐρμίσδας
1228 2756 1322 2808 καὶ
1352 2753 1518 2816 πολὺς
1568 2751 1667 2822 τὴν
1717 2751 1892 2822 ἰσχὺν,
1932 2749 2031 2804 καὶ
2077 2749 2400 2818 ἀκοντιστὴς
2444 2747 2748 2818 περιδέξιος
2807 2746 2882 2810 ώς
2928 2747 2987 2800 ἐν
3030 2746 3108 2816 τῷ
3175 2747 3400 2802 πάλλειν
3438 2748 3583 2800 κατά

317 2861 461 2907 τινος
499 2847 561 2898 τὸ
604 2847 852 2901 ἀκόντιον
891 2847 1071 2916 λέγειν
1118 2848 1254 2900 ὅπου
1301 2847 1456 2916 βαλεῖ
1485 2844 1576 2898 τὸν
1609 2842 1892 2912 πολέμιον.
1933 2837 2103 2906 Οὗτος
2148 2842 2330 2894 τοίνυν
2378 2840 2456 2912 τῷ
2498 2837 2867 2910 Κωνσταντίῳ
2926 2837 3068 2892 κατά
3112 2837 3222 2891 τῶν
3287 2837 3580 2908 ὁμοφύλων

321 2939 800 3010 συνεστρατεύετο,
847 2939 1038 3011 ἄρχειν
1083 2939 1304 3010 ταχθεὶς
1355 2938 1566 2991 ἱππέων
1615 2937 1734 3007 ῐλης
1800 2934 2026 3005 πολλῆς.
2115 2933 2174 2988 '0
2235 2933 2489 3004 βασιλεὺς
2539 2931 2599 2984 δὲ
2651 2929 3034 2994 Κωνστάντιος
3119 2929 3383 2994 πολλάκις
3463 2933 3581 2985 τοῖς

321 3031 558 3102 Πέρσαις
613 3032 909 3102 συμϐαλὼν
955 3031 1056 3102 τὴν
1111 3031 1313 3101 ἥττονα
1373 3033 1566 3101 μοῖραν
1615 3025 1752 3099 εἶχε,
1803 3026 1897 3081 καὶ
1931 3025 2163 3088 πολλοὺς
2231 3024 2344 3078 τῶν
2377 3022 2596 3077 οἰκείων
2667 3019 2936 3088 ἀπέϐαλε,
2967 3020 3062 3074 καὶ
3089 3019 3198 3074 τῶν
3237 3021 3466 3093 Περσῶν
3518 3012 3578 3075 δὲ

321 3127 563 3180 πλεῖστοι
616 3123 964 3188 πεπτώκασι,
1015 3125 1112 3178 καὶ
1164 3123 1328 3184 αὐτὸς
1376 3125 1404 3176 ὁ
1459 3121 1732 3192 Σαπώρης
1781 3119 2070 3188 ἐτέτρωτο.

391 3216 484 3286 (τ’.
515 3216 671 3270 Οὕτω
720 3217 907 3285 μέντοι
954 3215 1063 3268 τῶν
1107 3217 1200 3269 ἐπὶ
1228 3217 1446 3286 Πέρσας
1481 3213 1737 3283 πολέμων
1769 3231 1892 3268 συν-

2076 3207 2164 3262 Vl.
2191 3206 2438 3278 Cognitis
2470 3217 2655 3262 autem
2686 3205 2935 3262 adversis
2981 3206 3204 3264 Persico
3245 3209 3390 3264 bello
3433 3209 3580 3265 Con-

319 3310 650 3380 ενεχθέντων
685 3307 763 3378 τῷ
805 3306 1022 3376 βασιλεῖ
1056 3309 1444 3379 Κωνσταντίῳ,
1497 3306 1690 3378 μαθὼν
1721 3306 1897 3361 ταῦτα

319 3403 657 3471 Μαγνέντιος
690 3400 750 3463 δς
782 3401 848 3454 ἐκ
880 3399 1089 3469 πατρὸς
1121 3399 1220 3468 μὲν
1258 3399 1523 3468 γεγένητο
1567 3398 1896 3470 Βρεττανοῦ,

319 3495 377 3545 ἐν
403 3496 516 3556 τοῖς
548 3491 910 3563 προτίκτορσι
957 3491 1408 3561 δ’ἐστρατεύετο,
1437 3487 1556 3544 εἶτα
1584 3493 1679 3544 καὶ
1718 3491 1897 3561 κόμης

319 3584 612 3655 ὠνομάσθη
664 3584 967 3655 ταγμάτων
1015 3582 1107 3637 δύο
1167 3581 1511 3653 Ῥωμαϊκῶν,
1561 3580 1899 3654 τυραννῆσαί

318 3692 375 3728 τε
429 3676 522 3729 καὶ
576 3675 769 3746 πρώην
818 3675 1154 3746 ἐπιθυμῶν,
1209 3674 1332 3728 τότε
1379 3673 1583 3744 μᾶλλον
1615 3673 1768 3728 έθετο
1817 3673 1896 3745 τῷ

320 3769 532 3838 σκοπῷ,
573 3769 654 3822 ὃτι
699 3769 1005 3838 ἀτυχοῦντα
1044 3769 1175 3838 περ)⁵
1207 3767 1301 3822 τὸν
1331 3767 1604 3837 Περσικὸν
1655 3767 1898 3839 πόλεμον

317 3860 481 3931 ἤκουε
520 3862 612 3913 τὸν
661 3849 1064 3922 Κωνστάντιον.
1119 3860 1229 3914 Καὶ
1260 3859 1547 3932 εὐκαιρίαν
1580 3858 1765 3930 ἔκρινε
1799 3877 1897 3930 τη-

317 3951 548 4004 νικαῦτα
575 3949 670 4003 τοῦ
702 3951 1192 4022 ἐπικεχειρηκέναι
1211 3954 1280 4022 τῇ
1306 3950 1605 4020 τυραννίδι’
1633 3952 1728 4004 καὶ
1754 3950 1894 4005 πλα-

319 4041 553 4111 σάμενος
584 4043 654 4095 τά
687 4041 881 4095 ἑαυτοῦ
907 4041 1188 4112 ἑορτάζειν
1221 4041 1472 4110 γενέθλια
1500 4045 1557 4096 ἐν
1584 4043 1896 4110 Αὑγουστα-

314 4131 415 4202 λίῳ
467 4135 533 4204 τῇ
574 4133 730 4186 πόλει
787 4134 900 4204 (56)
954 4133 1283 4186 συνεκάλεσε
1339 4133 1466 4196 τοὺς
1517 4133 1738 4204 ἐξόχους
1793 4133 1894 4204 τῆς

317 4224 546 4288 πόλεως,
575 4223 670 4277 τοῦ
712 4224 1020 4294 συμποσίου
1066 4223 1218 4296 αὐτῷ
1268 4223 1737 4294 συμμεθέξοντας,
1765 4227 1894 4290 τοὺς

319 4312 417 4382 μὲν
449 4312 543 4366 καὶ
579 4313 902 4382 συνίστορας
932 4312 1084 4383 αὐτῷ
1121 4312 1217 4365 τοῦ
1274 4313 1500 4377 σκοποῦ,
1530 4315 1656 4377 τοὺς
1700 4315 1757 4368 δὲ
1798 4318 1896 4370 καὶ

315 4407 618 4474 άμετ-ὖχους
651 4403 747 4457 τοῦ
778 4405 1120 4474 σκέμματος.
1163 4407 1272 4460 Καὶ
1310 4405 1602 4475 παρέτεινε
1636 4407 1728 4460 τὸν
1790 4407 1893 4460 πό·

313 4515 405 4551 τον
457 4497 560 4558 ἕως
601 4496 864 4566 ἑσπέρας.
915 4497 1250 4564 Ἑξαναστάς
1298 4497 1354 4551 δὲ
1412 4496 1507 4550 τοῦ
1557 4498 1888 4568 συμποσίου,

1999 3300 2183 3355 stantii
2219 3300 2406 3364 rebus,
2442 3298 2820 3370 Magnentius,
2870 3308 3024 3369 patre
3065 3299 3326 3354 Britanno
3375 3309 3576 3364 natus.

1999 3392 2094 3461 qui
2125 3391 2362 3460 primum
2398 3389 2542 3445 inter
2584 3398 2934 3462 protectores
3007 3390 3271 3445 militarat
3299 3431 3315 3455 ,
3375 3391 3577 3447 deinde

1999 3497 2190 3538 comes
2227 3483 2454 3537 duarum
2507 3483 2876 3538 Romanarum
2925 3483 3203 3554 legionum
3264 3485 3575 3553 appellatus

1999 3575 2200 3641 fuerat,
2237 3591 2360 3630 cum
2383 3574 2712 3646 jampridem
2743 3575 2894 3645 regni
2922 3575 3229 3644 occupandi
3272 3574 3577 3644 cupiditate

1998 3678 2276 3734 aestuaret,
2311 3679 2441 3723 tunc
2475 3668 2648 3738 magis
2671 3668 2835 3722 etiam
2863 3669 3153 3722 consilium
3203 3683 3364 3722 suum
3413 3684 3576 3737 urge-

1997 3761 2114 3826 bat,
2149 3775 2274 3816 cum
2304 3761 2524 3815 Persico
2560 3759 2702 3814 bello
2732 3775 2847 3814 rem
2873 3759 3015 3814 male
3065 3774 3256 3830 gerere
3294 3759 3571 3815 Constan-

2001 3858 2137 3909 tium
2179 3851 2439 3915 audiret,
2486 3850 2951 3919 opportunitatem
3005 3858 3191 3918 Optata
3243 3850 3566 3919 perﬁciendi

1995 3946 2115 4001 dari
2175 3944 2282 4000 sibi
2334 3955 2503 3998 ratus.
2555 3942 2746 4012 Itaque
2797 3958 2894 4011 per
2945 3941 3185 4011 speciem
3235 3941 3433 3995 natalis
3486 3939 3571 3995 sui

1996 4036 2314 4092 celebrandi
2377 4033 2800 4104 Augustuduni,
2853 4034 3126 4103 primores
3203 4033 3443 4086 civitatis
3500 4032 3569 4086 ad

1996 4127 2192 4198 epulas
2273 4127 2491 4191 invitat,
2557 4125 2825 4195 quosdam
2885 4124 3102 4180 consilii
3151 4124 3237 4179 sui
3299 4126 3572 4188 conscios,

1995 4217 2295 4273 nonnullos
2332 4218 2669 4288 ignorantes,
2707 4216 2842 4285 quid
2889 4215 3058 4269 animi
3104 4215 3384 4270 haberet:
3437 4230 3570 4285 pro-

1994 4314 2274 4383 ductoque
2307 4328 2478 4382 usque
2515 4313 2581 4367 ad
2631 4327 2915 4382 vesperam
2963 4312 3238 4378 convivio,
3282 4313 3479 4384 surgit,
3517 4323 3572 4367 et

1992 4417 2228 4473 propere
2280 4401 2597 4458 cubiculum
2637 4402 2937 4472 ingressus,
2978 4403 3144 4471 paulo
3194 4410 3320 4472 post
3380 4402 3573 4457 habitu

1977 4496 2149 4566 ‘regio
2179 4510 2306 4550 cum
2355 4495 2545 4548 multis
2583 4493 2918 4549 satellitibus
2953 4493 3329 4562 progreditur.
3364 4493 3442 4547 Ea
3482 4507 3573 4547 res

313 4591 513 4658 αίφνης
561 4588 642 4651 είς
691 4588 784 4640 τὸν
834 4587 1071 4642 κοιτῶνα
1129 4588 1443 4659 είσέδραμε,
1493 4589 1589 4641 καὶ
1640 4588 1890 4660 πρόεισιν

1998 4586 2221 4658 ignaros
2248 4585 2379 4656 quid
2409 4586 2704 4641 moliretur
2731 4584 3110 4640 consternavit
3145 4602 3158 4638 :
3192 4583 3287 4639 sed
3319 4584 3572 4640 oratione

313 4679 527 4732 ἐκεῖθεν
580 4679 720 4750 μετὰ
769 4680 944 4750 βραχὺ
979 4683 1040 4734 ἐν
1069 4682 1311 4751 σχήματι
1343 4680 1625 4750 βασιλείας
1674 4681 1773 4734 σὺν
1802 4681 1890 4734 δοο

1995 4681 2065 4737 ad
2102 4698 2200 4738 eos
2240 4683 2335 4752 qui
2382 4682 2609 4738 aderant
2658 4681 2869 4739 habita.
2905 4681 3045 4734 alios
3083 4679 3289 4744 verbis,
3340 4679 3477 4734 alios
3515 4679 3572 4732 vi

318 4773 574 4842 ρυφόροις
606 4771 848 4838 πολλοῖς,
893 4771 922 4823 δ
962 4774 1090 4835 τοὺς
1121 4775 1197 4842 μὴ
1237 4773 1550 4836 συνειδότας
1600 4773 1751 4841 αὐτῷ
1788 4773 1889 4844 τὴν

1996 4773 2054 4829 in
2080 4789 2208 4829 suas
2239 4782 2423 4844 partes
2442 4774 2713 4842 traducit;
2743 4773 2921 4843 iisque
2947 4771 3344 4828 comitantibus
3367 4771 3571 4841 regiam

314 4860 512 4930 πρᾶξιν
543 4861 826 4932 ἐτάραξεν.
869 4865 1106 4928 Ἐκεῖνος
1135 4863 1189 4918 δὲ
1233 4865 1539 4936 διαλεχθεὶς
1584 4867 1695 4929 τοῖς
1741 4881 1888 4934 παρ-

1999 4865 2329 4936 ingreditur,
2354 4865 2643 4936 pecuniam
2690 4865 3002 4937 dilargitur,
3051 4865 3232 4934 portis
3286 4862 3441 4918 urbis
3476 4877 3574 4916 cu-

1469 5021 1680 5084 Varite
1713 5020 2023 5083 lectiones
2066 5028 2129 5082 et
2167 5029 2360 5082 notae.

383 5139 497 5209 (54)
561 5141 667 5210 Ἐκ
704 5137 1087 5210 Βαϐυλῶνος,
1112 5139 1406 5209 δέρμασιν
1443 5140 1767 5210 ἐγχωρίοις.
1820 5139 1892 5194 De

1994 5138 2216 5194 vincula
2247 5140 2552 5210 conjectus,
2590 5149 2780 5209 postea
2819 5131 3011 5195 uxoris
3051 5135 3326 5195 industria
3362 5136 3561 5190 libera-

312 5209 925 5282 pellibusgBabylonicis
977 5210 1090 5264 dixi
1136 5211 1206 5266 ad
1235 5210 1574 5275 Joinvillam,
1609 5209 1895 5266 dissertat.
1996 5218 2104 5282 tus,
2128 5209 2668 5282 adrCon’stan‘tinum
2719 5210 3032 5282 transfugit.

315 5274 762 5354 ;,p_._i_ss,_izgt.
970 5348 983 5354 _
1280 5348 1292 5354 _
1514 5274 1644 5354 ς-
1719 5348 1731 5354 -

1994 5347 2027 5354 _
2063 5280 2176 5354 (55)
2223 5281 2446 5354 Ῥίιξην.
2476 5280 2686 5354 Limam
2719 5282 2852 5354 pisci
2883 5274 3203 5354 immissam,
3231 5284 3398 5354 utest
3421 5274 3564 5354 apud

383 5346 516 5419 (54⁸)
534 5418 541 5420 _
561 5346 1034 5420 Ἡρώτηοξεητὸν
1069 5347 1474 5420 ξΑδανάρσην.
1498 5348 1569 5402 At
1596 5347 1892 5420 iZosimus,

1994 5346 2296 5415 Zosimum,
2324 5351 2424 5404 lib.
2459 5366 2517 5414 ιι,
2569 5361 2625 5404 et
2653 5346 2877 5420 Suidam
2905 5368 2918 5404 :
2946 5352 3041 5402 Διά
3089 5353 3188 5420 τῆς
3237 5349 3330 5398 τοῦ
3384 5349 3567 5415 ἰχθύος

311 5417 409 5477 lib.
446 5417 506 5480 Il,
531 5418 673 5491 hanc
697 5418 1040 5491 crudelitatis
1067 5417 1303 5473 indicem
1347 5434 1552 5491 vocem
1594 5419 1892 5491 llormisda:

1995 5422 2248 5491 μηχανῆς
2295 5421 2449 5489 ῥίνην
2498 5419 2908 5485 εἰσενεγκοῦσιν..

313 5492 531 5545 videtur
563 5488 828 5560 tribuere,
846 5488 1103 5560 scribens
1126 5493 1208 5560 (ει
1237 5504 1306 5543 ex
1334 5503 1400 5542 eo
1419 5489 1620 5560 suidas
1652 5489 1708 5560 in
1731 5491 1890 5560 Μαρ-

2057 5485 2176 5560 (56)
2202 5485 2214 5491 ⁷
2246 5485 2349 5544 Ἐν
2390 5485 2822 5560 Ᾱὺγουσςιιλίῳ
2860 5485 2950 5560 ,τῇ
3001 5489 3196 5560 πόλει.
3234 5486 3329 5560 Ita
3388 5485 3563 5560 editio

1990 5557 2260 5644 weltlana
2290 5577 2304 5613 :
2344 5569 2400 5613 at
2426 5559 2586 5644 cpodd.
2611 5558 2814 5644 ΔΒρείἰ,
2851 5559 2909 5610 ἐν
2965 5558 3343 5644 Αὑιγουστιόλιρ,
3374 5563 3430 5609 et
3457 5557 3567 5637 Λύ-

1989 5628 2298 5697 γουστούλῳ
2329 5627 2626 5697 praeferunt
2660 5645 2674 5680 :
2705 5627 2811 5698 qua
2840 5641 2973 5682 voce
3020 5629 3460 5696 Augustodunum
3511 5630 3565 5680 in

1989 5698 2189 5752 Eduis
2220 5700 2504 5762 innuitur,
2540 5697 2634 5751 ubi
2661 5713 2956 5767 purpuram
2989 5698 3167 5751 induit
3194 5695 3562 5766 Magnentius,

1990 5771 2069 5823 uti
2109 5769 2312 5824 habent
2338 5768 2611 5822 Eusebius
2650 5779 2707 5823 ct
2731 5769 2993 5822 Aurelius
3031 5769 3238 5823 Victor.

313 5560 493 5627 σύας),
526 5571 650 5612 cum
681 5559 822 5613 forte
844 5559 901 5611 in
922 5557 1176 5628 convivio
1206 5559 1618 5627 supervenienti
1652 5559 1758 5614 sibi
1789 5557 1888 5628 op-

315 5630 532 5684 timates
576 5642 685 5680 non
728 5627 1178 5690 assurrexissent,
1228 5630 1496 5682 minatum
1539 5627 1883 5683 llormisdam

311 5714 372 5754 se
403 5700 484 5753 eis
513 5697 737 5767 Marsyae
764 5697 1095 5767 supplicium
1144 5697 1518 5766 irrogaturum
1551 5715 1566 5750 :
1605 5699 1884 5768 huiusque

315 5768 464 5824 vocis
490 5781 762 5821 memores
797 5782 1078 5836 proceres,
1114 5777 1332 5822 mortuo
1360 5767 1590 5834 Narseo,
1615 5767 1881 5837 Saporem

317 5838 630 5906 inrcgnum
662 5837 1034 5904 substituisse,
1086 5852 1116 5892 a
1149 5853 1259 5905 quo
1309 5851 1436 5891 mox
1484 5838 1776 5893 llormisda
1822 5839 1880 5891 in
