4026 6418
451 425 588 493 1123

1709 419 1952 477 JOANN
1969 417 2036 475 lS
2076 417 2404 476 ZUNARIE

3567 414 3731 479 112i

444 536 630 592 stades
684 531 969 590 adhibet:
1022 527 1267 591 mandat,
1344 534 1404 584 ut
1475 525 1687 596 ingredi
1751 525 2027 594 patiantur

2138 524 2270 586 οὖσι,
2296 525 2422 587 τοὺς
2459 523 2558 592 μὲν
2583 521 2769 576 ἔπεισε
2799 521 3096 577 συνθέσθαι
3133 523 3311 594 αὐτῷ,
3341 522 3518 590 ἐνίους
3550 526 3610 580 δέ
3649 545 3732 594 γε

450 642 666 688 omnes.
695 625 848 680 exire
876 611 1178 684 neminem,
1222 634 1292 672 ne
1329 617 1545 674 facinus
1581 631 1743 670 suum
1775 616 2026 685 publice-

448 723 559 772 tttr.
593 714 791 771 Statim
819 712 988 767 mittit
1013 709 1106 779 qui
1134 707 1488 764 Constantem
1519 707 1734 770 tollant,
1761 706 1838 759 rei
1868 705 2024 774 igna-

448 825 593 867 rum.
635 810 772 868 Erat
825 807 918 862 ille
979 802 1275 860 venatione
1332 810 1446 854 tum
1493 809 1818 868 occupatus,
1865 799 2025 870 cujus

447 903 642 958 insano
693 898 878 954 studio
932 895 1243 952 tenebatur.
1297 892 1514 970 quue,
1559 907 1683 947 cum
1741 890 2024 946 articulari

420 975 645 1045 'morbo
704 996 972 1058 perpetuo
1038 993 1357 1046 vexaretur,
1422 998 1585 1052 quem
1645 982 2027 1038 inmoderatis

449 1081 552 1137 sibi
573 1079 948 1149 voluptatibus
968 1077 1200 1146 vitatque
1230 1074 1649 1144 intemperantia
1671 1074 1987 1131 conciliarat
2009 1091 2023 1127 :

447 1180 548 1230 aut
576 1172 741 1228 etiam
790 1185 887 1238 per
946 1168 1184 1238 speciem
1237 1166 1550 1220 venationis
1596 1165 1650 1218 in
1686 1166 1854 1220 silvas
1899 1180 2020 1220 sese

449 1260 710 1321 abdebat,
743 1273 872 1314 cum
926 1256 1114 1326 pueris
1149 1263 1204 1310 et
1258 1252 1710 1315 adolescentulis,
1765 1266 1906 1322 quos
1956 1254 2026 1305 ob

450 1353 681 1406 formam
711 1350 1060 1419 conquisitos
1104 1349 1157 1402 in
1189 1345 1405 1401 deliciis
1440 1345 1648 1402 habere
1693 1344 2022 1398 dicebatur:

450 1447 542 1514 qui
578 1444 912 1512 exquisitum
947 1441 1001 1494 in
1039 1440 1263 1494 modum
1285 1439 1442 1501 culti,
1472 1437 1664 1492 avidos
1687 1439 1808 1507 ejus
1837 1437 2029 1490 oculos

452 1535 596 1604 turpi
636 1533 887 1587 libididis
911 1531 1129 1585 ﬂamma
1167 1530 1558 1584 incendebant.
1598 1529 1674 1582 Ea
1710 1543 1932 1597 quoque
1958 1528 2027 1582 de

453 1638 617 1678 causa
654 1622 824 1677 silvas
869 1621 1041 1691 magis
1084 1619 1497 1689 frequentabat,
1548 1627 1606 1672 ut
1644 1617 2026 1671 modestorum

453 1714 706 1769 virorum
748 1712 1212 1780 consuetudinem
1275 1711 1530 1764 evitaret.
1590 1709 1792 1764 Milites
1843 1724 1871 1763 a
1915 1709 2030 1764 Ma-

453 1807 678 1876 gnentio
717 1805 895 1870 missi,
929 1819 1055 1860 cum
1102 1804 1170 1858 ad
1213 1803 1541 1858 Rhodanum
1574 1801 1802 1860 ﬂuvium
1842 1803 2028 1856 venis-

453 1907 596 1960 sent,
623 1897 976 1953 Constantem
1010 1911 1042 1952 a
1072 1905 1272 1951 venatu
1323 1895 1696 1952 dormientem
1747 1893 2028 1960 occidunt,
2065 1880 2104 1935 Β

459 1987 770 2043 interfectis
795 1988 964 2043 etiam
1012 1985 1375 2050 satellitibus,
1416 2000 1554 2055 quos
1588 2000 1792 2055 paucos
1823 1985 2030 2041 circum

458 2096 520 2135 se
552 2081 811 2139 habebat.
880 2079 986 2151 14
1046 2079 1153 2134 Alii
1195 2093 1312 2131 rem
1365 2077 1529 2134 aliter
1571 2087 1798 2137 narrant
1839 2094 1852 2129 :
1903 2092 2030 2132 cum

457 2172 792 2228 seditionem
827 2153 1022 2226 contra
1055 2185 1113 2224 se
1140 2178 1345 2225 motam
1377 2168 1702 2238 cognovisse
1751 2177 1806 2224 et
1842 2185 1870 2221 a
1915 2169 2028 2224 suis

458 2264 814 2326 destitutum,
851 2262 1121 2333 depositis
1161 2263 1376 2332 imperii
1422 2261 1734 2331 insignibus
1766 2265 1818 2318 in
1852 2263 2031 2316 sacel-

467 2356 583 2410 lum
641 2355 916 2425 quoddam
947 2355 1278 2424 confugisse,
1327 2364 1384 2409 ct
1426 2353 1553 2407 inde
1595 2364 1897 2411 extractum
1940 2369 2036 2409 oc-

459 2449 748 2516 cisumque
787 2460 909 2501 esse
941 2447 1093 2518 regni
1127 2461 1272 2500 anno
1315 2444 1528 2502 decimo
1563 2445 1818 2514 septimo,
1859 2446 2034 2500 atatis

462 2539 742 2595 tricesimo
790 2538 1034 2608 expleto.
1087 2537 1290 2592 Ferunt
1353 2549 1567 2606 patrem
1631 2537 1751 2604 ejus
1802 2537 2034 2607 jussisse

460 2630 792 2698 astrologos,
829 2628 1057 2684 infantis
1107 2644 1301 2684 recens
1344 2629 1477 2683 editi
1513 2629 1695 2683 thema
1724 2629 2034 2682 natalitiuzn

463 2723 830 2787 constituere,
857 2722 950 2790 qui
982 2729 1185 2791 praeter
1223 2731 1421 2776 caetera
1454 2721 1531 2776 illi
1574 2706 1860 2790 praedicta,
1897 2721 2033 2775 illud

459 2814 625 2867 etiam
666 2813 991 2883 adjecerint,
1015 2828 1141 2868 eum
1170 2814 1224 2867 in
1249 2813 1374 2868 sinu
1406 2814 1539 2868 avia:
1567 2811 1919 2868 interfectum
1945 2814 2032 2867 iri.

461 2904 543 2969 ld,
581 2905 671 2960 illa
696 2914 938 2971 mortua,
975 2905 1080 2960 etsi
1126 2904 1400 2960 Constans
1448 2905 1634 2969 elusit,
1678 2905 2038 2960 nihilominus

463 3004 551 3050 est
631 3004 834 3050 eventu
881 2995 1320 3064 comprobatum,
1350 3009 1460 3048 non
1502 2993 1764 3050 frustrata
1801 2996 2038 3050 astrolo-

465 3103 654 3158 gorum
688 3087 1064 3156 pra-dictione,
1101 3086 1356 3156 quamvis
1383 3084 1630 3154 obliqua.
1666 3085 1802 3138 Nam
1850 3085 1905 3138 in
1939 3101 2038 3156 op-

461 3177 652 3249 pidulo
701 3177 790 3232 cui
834 3177 904 3234 de
953 3176 1323 3247 imperatricis
1379 3177 1604 3231 nomine
1662 3175 1868 3230 factum
1918 3184 2035 3230 erat

462 3287 667 3326 nomen
714 3271 956 3338 Helenae,
1007 3269 1331 3326 interfectus
1371 3279 1479 3336 est,
1513 3269 1606 3334 qui
1637 3278 1696 3323 ut
1730 3267 1897 3322 vitam
1941 3282 2040 3339 pe-

463 3365 734 3418 tulantem
762 3371 972 3433 egerat,
1005 3362 1082 3416 ita
1114 3360 1487 3416 miserabilem
1527 3360 1647 3431 ejus
1686 3360 1898 3414 exitum
1951 3367 2038 3413 est

447 3437 719 3509 sortitus.
774 3452 1121 3523 Magnentius
1155 3460 1364 3517 autem,
1404 3466 1528 3506 cum
1562 3460 1827 3521 usurpato
1858 3450 2037 3520 impe-

465 3543 550 3600 rio
574 3543 811 3599 feliciter
859 3543 1240 3605 successisset,
1290 3557 1482 3600 eorum
1542 3543 1636 3613 qui
1689 3542 2039 3613 magisuatus

466 3636 732 3708 gerebant
758 3635 1184 3691 celeberrimum
1231 3649 1510 3705 quemque
1553 3650 1582 3690 c
1628 3634 1810 3688 medio
1843 3633 2038 3689 tollere

467 3727 704 3793 studuit,
737 3727 922 3782 missis
949 3726 1017 3782 ad
1051 3741 1147 3782 eos
1177 3727 1280 3782 sub
1313 3727 1537 3782 nomine
1577 3725 1898 3782 Constantis
1946 3724 2037 3779 lit-

469 3821 623 3884 teris,
667 3819 871 3889 quibus
921 3819 1046 3874 illos
1089 3819 1157 3873 ad
1216 3833 1275 3874 se
1337 3827 1667 3881 accerseret,
1733 3832 2041 3889 eorumque

468 3914 738 3983 plurimos
765 3913 822 3967 in
854 3911 1055 3967 itinere
1081 3926 1178 3981 per
1214 3910 1443 3966 insidias
1475 3909 1767 3976 interfecit,
1801 3925 1870 3964 ne
1907 3924 2043 3968 con-

467 4003 664 4072 juratis
699 4001 927 4072 quidem
953 4003 1068 4056 suis
1095 4015 1349 4072 parcens.
1386 4001 1485 4055 lllo
1535 4002 1648 4054 haec
1693 4000 1760 4054 ad
1797 3999 2044 4072 tyranni-

470 4095 597 4150 dem
649 4110 806 4150 suam
883 4094 1273 4151 stabiliendam
1347 4093 1611 4164 agitante,
1686 4092 2044 4148 Constantius

475 4193 655 4240 morte
707 4185 898 4240 fratris
933 4185 1142 4249 audita,
1189 4198 1395 4253 anceps
1444 4183 1614 4238 animi
1662 4192 1803 4249 erat,
1857 4194 2043 4237 utrum

472 4275 658 4330 Persis
694 4277 975 4331 Romanas
1004 4275 1324 4346 provincias
1353 4275 1704 4330 vastantibus
1734 4273 2043 4339 resisteret,

473 4382 543 4420 an
577 4381 642 4422 ea
672 4382 731 4421 re
766 4367 823 4421 in
857 4367 1152 4437 praesentia
1187 4367 1414 4429 omissa,
1440 4365 1712 4419 novitium
1750 4374 2045 4434 tyrannum

473 4459 798 4518 invaderet:
844 4468 959 4514 tum
991 4458 1177 4514 fratris
1218 4472 1416 4513 necem
1471 4457 1712 4525 ulturus,
1757 4465 1871 4510 tum
1900 4455 2049 4510 occi-

474 4552 660 4604 dentis
691 4549 984 4621 imperium
1017 4548 1123 4604 sibi
1159 4547 1579 4602 vendicaturus.

2129 619 2224 670 καὶ
2263 617 2546 671 ἐϐιάσατο.
2577 617 2689 670 Καὶ
2720 616 3173 687 συμπαραλαϐὼν
3204 617 3402 682 αὐτοὺς
3434 619 3598 683 εὐθὺς
3627 623 3731 682 εἰς

2127 711 2192 763 τὰ
2237 709 2485 778 βασίλεια
2525 709 2728 773 ἔπεισι,
2779 709 2877 761 κα)⁵
2925 708 3188 780 διανομὰς
3239 712 3545 781 χρημάτων
3606 731 3724 767 πε..

2128 801 2348 873 ποίητο.
2398 801 2534 864 Ταῖς
2585 817 2647 852 τε
2678 798 2879 864 πύλαις
2904 799 3006 869 τῆς
3037 800 3248 866 πόλεως
3286 803 3555 874 ἐπέστησε
3605 807 3730 875 φύ-

2125 895 2298 956 λακα;
2334 892 2690 957 ἐνταλθέντας
2722 894 2838 956 τοῖς
2903 893 3002 962 μὲν
3057 892 3290 948 εἰσιοῦσι
3343 895 3444 964 τὴν
3496 897 3728 951 εἴσοδον

2130 986 2455 1054 συγχωρεῖν,
2493 984 2691 1050 ἐξιέναι
2722 982 2780 1036 δὲ
2829 983 3035 1054 μηδένα
3068 987 3449 1056 παραχωρεῖν,
3484 987 3572 1040 ῖνα
3636 990 3722 1059 μὴ

2127 1077 2266 1137 τέως
2297 1077 2357 1127 τδ
2382 1075 2652 1146 τολμηθὲν
2679 1074 2951 1146 κηρυχθῇ.
2979 1077 3090 1132 Καὶ
3119 1077 3326 1132 αὐτίκα
3349 1079 3555 1132 στέλλει
3584 1082 3725 1143 τοὺς

2128 1169 2221 1221 τᾶν
2252 1167 2585 1221 Κώνσταντα
2630 1168 3057 1239 ἀναιρήσοντας,
3091 1170 3258 1239 πρινὴ
3301 1171 3454 1242 γνοίη
3488 1172 3551 1224 τὸ
3593 1173 3723 1225 τόλ-

2129 1276 2313 1329 μημα.
2355 1259 2413 1311 Ὀ
2447 1259 2505 1312 δὲ
2553 1258 2681 1330 περὶ
2715 1259 2893 1330 θήραν
2925 1259 3218 1330 ὴσχόλητο.
3278 1262 3388 1314 Καὶ
3421 1264 3529 1331 γὰρ
3580 1266 3718 1331 ἐμε-

2133 1353 2292 1420 μήνει
2353 1353 2484 1422 περὶ
2539 1352 2607 1405 τὰ
2667 1351 2991 1420 κυνηγέσια,
3049 1353 3148 1406 καὶ
3205 1353 3381 1408 ταῦτα
3439 1355 3726 1424 ἀρθρίτιδι

2131 1442 2523 1513 προσπαλαίων
2557 1443 2818 1512 διηνεκεῖ,
2855 1445 2920 1513 ἣν
2954 1443 3012 1507 ἐξ
3039 1444 3247 1512 ἡδονῶν
3281 1445 3554 1514 ἀμετρίας
3593 1447 3727 1498 ἑνό-

2133 1551 2299 1603 σησεν
2328 1534 2646 1596 ἀκολάστως
2679 1535 2826 1603 βιούς
2854 1551 2868 1566 ο
2918 1535 2950 1604 ἢ
2988 1536 3082 1588 καὶ
3122 1537 3180 1589 ἐν
3211 1538 3567 1607 προσχήματι
3611 1537 3728 1606 Θή-

2133 1641 2253 1694 ρας,
2301 1627 2382 1689 είς
2425 1625 2554 1687 ὕλας
2605 1626 2968 1693 ἐγκατεδύετο
3014 1627 3154 1696 μετὰ
3203 1628 3316 1680 τῶν
3363 1628 3494 1698 περὶ
3529 1629 3728 1681 αὐτῶν

2135 1717 2510 1787 μειρακίσκων
2560 1718 2654 1770 καὶ
2706 1717 3030 1784 νεανίσκων,
3059 1720 3111 1772 οἳ
3142 1720 3336 1790 ἐκείνῳ
3384 1720 3473 1774 διὰ
3517 1720 3730 1786 κάλλος

2135 1808 2485 1876 συνελέγοντο
2519 1808 2614 1862 καὶ
2643 1808 2940 1879 ᾠκείωντο,
2991 1810 3428 1876 ἐκαλλωπίζοντο
3461 1829 3519 1865 τε
3554 1829 3700 1882 περι

2135 1902 2444 1971 εργότερον,
2483 1905 2578 1955 καὶ
2625 1902 2830 1972 λίχνοις
2875 1898 3018 1974 ἦσαν
3066 1903 3366 1972 ὀφθαλμοῖς
3414 1904 3730 1970 ἀκολασίας

2135 1992 2485 2062 ἐμπύρευμα,
2528 1993 2768 2064 κάκείνῳ
2801 1995 3116 2063 ἐτύγχανον.
3149 1994 3226 2058 ὡς
3272 1996 3528 2064 λέγεται,
3587 2015 3730 2051 παι-

2134 2083 2280 2137 δικά.
2336 2083 2497 2137 Ἀλλὰ
2542 2085 2640 2138 καὶ
2690 2085 2786 2138 ἐπὶ
2833 2083 2996 2138 πλέον
3039 2087 3161 2149 ταῖς
3208 2085 3362 2149 ὕλαις
3419 2087 3726 2157 διέτριϐεν,

2135 2175 2400 2229 ἐκκλίνων
2441 2176 2543 2246 τήν
2585 2177 2725 2244 μετὰ
2759 2178 3002 2246 κοσμίων
3052 2177 3260 2247 ἀνδρῶν
3314 2180 3728 2248 συνδιαγωγήν.

2136 2265 2296 2336 Παρὰ
2340 2265 2432 2317 τὸν
2477 2265 2730 2318 Ῥοδανὸν
2779 2264 2962 2318 τοίνυν
2995 2264 3239 2334 ποταμὸν
3273 2267 3323 2318 ot
3387 2264 3541 2334 παρά
3595 2268 3732 2322 Μα-

2136 2359 2379 2424 γνεντίου
2441 2357 2726 2419 σταλέντες
2780 2356 3116 2426 γενόμενοι,
3177 2357 3321 2426 μετὰ
3389 2359 3488 2428 τὴν
3543 2359 3731 2428 θήραν

2140 2449 2486 2504 ὑπνώττοντα
2509 2449 2600 2502 τὸν
2631 2451 2966 2505 Κώνσταντα
2997 2451 3385 2521 διεχρήσαντο
3441 2451 3536 2506 καὶ
3590 2455 3732 2515 τοὺς

2138 2542 2332 2611 ἐκεί-,ῳ
2374 2539 2431 2593 δὲ
2463 2539 2720 2602 συνόντας
2748 2539 2966 2607 ὀλίγους
2995 2539 3154 2603 ὄντας
3204 2541 3539 2596 ἀπέκτειναν
3579 2541 3726 2612 (57).

2139 2630 2205 2684 Οἱ
2246 2631 2302 2684 δέ
2346 2630 2420 2700 μὴ
2467 2629 2611 2682 οὕτω
2643 2630 2775 2697 φασὶ
2812 2629 3067 2696 γενέσθαι
3099 2629 3198 2699 τὴν
3241 2630 3451 2682 ἐκείνου
3503 2629 3732 2698 ἀναίρε-

2140 2740 2244 2775 σιν’
2281 2721 2486 2791 γνῶναι
2511 2722 2556 2774 δ’
2583 2722 2796 2774 ἐκεῖνον
2824 2723 2924 2791 τὴν
2965 2721 3084 2774 κατ’
3117 2719 3285 2774 αὐτοῦ
3319 2720 3724 2785 ἐπανάστασιν,

2139 2814 2233 2868 καὶ
2269 2813 2581 2884 μονωθέντα
2610 2812 3044 2884 (καταλιπόντων
3083 2813 3249 2866 αὑτὸν
3290 2811 3400 2864 τῶν
3452 2811 3583 2881 περὶ
3622 2813 3727 2866 αύ-

2138 2905 2251 2977 τὸν)
2279 2905 2389 2976 ναῷ
2423 2907 2780 2974 προσφυγεῖν,
2814 2906 2978 2959 κάκεῖ
3004 2903 3073 2957 τὰ
3100 2905 3199 2974 τῆς
3227 2903 3507 2974 βασιλείας
3541 2906 3726 2975 παρά-

2139 3013 2293 3068 σημα
2341 2994 2772 3060 ἀπεκδύσασθαι,
2806 2994 3067 3048 κάκεῖθεν
3121 2995 3458 3064 ἐκῦληθέντα
3497 2997 3730 3063 ἀναιρεο

2140 3085 2322 3156 θῆναι,
2361 3085 2736 3139 ἑπτακαίδεκα
2768 3085 2863 3157 ἔτη
2899 3085 3134 3139 ἀνύοντα
3163 3087 3312 3157 παρὰ
3337 3089 3404 3158 τῇ
3431 3089 3599 3158 ἀρχῇ.
3621 3087 3729 3156 τῆς

2139 3179 2187 3232 δ’
2219 3179 2435 3252 ήλικίας
2486 3179 2589 3251 ήδη
2641 3178 3055 3249 παρεληλυθότα
3095 3181 3442 3251 τριακοστόν.
3483 3181 3730 3248 Λέγεται

2141 3269 2198 3322 δέ
2225 3269 2352 3342 ἄρτι
2386 3270 2740 3341 γεννηθέντος
2775 3272 2965 3336 αὐτοῦ,
2995 3271 3288 3343 ἐπιτρέψαι
3315 3275 3426 3337 τοῖς
3456 3273 3727 3342 ἀστρολό-

2141 3380 2261 3432 γοις
2311 3363 2404 3417 τὸν
2456 3363 2672 3435 πατέρα
2724 3363 2897 3419 αὐτοῦ
2944 3364 3038 3418 ἐπὶ
3084 3363 3164 3436 τῷ
3215 3365 3407 3418 τούτου
3463 3365 3728 3433 γενεθλίῳ

2145 3456 2372 3523 ποιῆσαι
2407 3455 2695 3527 θεμάτιον.
2739 3457 3045 3519 Κάκείνους
3092 3456 3229 3527 πρὸς
3262 3457 3443 3523 ἄλλοις
3475 3452 3554 3520 οἷς
3595 3457 3729 3527 περὶ

2144 3547 2306 3601 αύτοῦ
2361 3549 2724 3620 προειρήκασι
2779 3551 2874 3605 καὶ
2920 3548 3081 3602 τοῦτο
3125 3549 3302 3603 εἰπεῖν
3354 3549 3431 3611 ὡς
3488 3552 3546 3602 ὲν
3600 3550 3727 3612 ταῖς

2142 3637 2416 3708 ἀγκάλαις
2465 3639 2564 3710 τῆς
2613 3637 2782 3695 αὑτοῦ
2848 3640 3085 3710 μάμμης
3147 3639 3592 3710 ἀναιρεθήσεται.
3655 3640 3724 3691 Ὃ

2146 3731 2416 3800 θανούσης
2460 3730 2698 3802 ἐκείνης,
2733 3730 2830 3785 καὶ
2875 3731 3156 3796 διέπαιζεν
3189 3735 3217 3784 ό
3255 3731 3517 3792 Κώνστας
3539 3747 3553 3761 ·
3587 3731 3649 3782 τὸ
3673 3730 3724 3782 δ’

2147 3825 2227 3888 εἰς
2275 3823 2437 3895 ἔργον
2489 3823 2845 3895 ἀποϐεϐήκει,
2896 3825 2991 3876 καὶ
3029 3825 3061 3896 ή
3113 3824 3224 3877 τῶν
3271 3823 3606 3894 ἄστρ’,λόγων
3647 3821 3712 3871 ού

2146 3915 2412 3985 διήμαρτε
2432 3913 2759 3986 πρόρρησις,
2789 3913 2891 3968 κᾶν
2929 3914 3143 3985 ὑπῆρχε
3171 3913 3322 3984 λοξή.
3369 3913 3451 3966 Ἐν
3479 3912 3580 3978 γὰρ
3611 3925 3714 3960 ποι

2147 4007 2302 4079 λίχνῃ
2351 4008 2539 4079 Ἑλένῃ
2588 4007 2904 4078 καλουμένῃ
2935 4009 3015 4072 εἰς
3061 4007 3232 4077 ὄνομα
3260 4005 3362 4076 τῆς
3402 4002 3719 4075 βασιλίσσης

2149 4099 2366 4167 ἐκείνης
2401 4100 2429 4152 δ
2465 4097 2729 4159 Κώνστας
2760 4095 3020 4167 ἀνῄρητοσ
3046 4096 3075 4148 δ
3113 4095 3214 4166 μὲν
3237 4094 3330 4148 οὖν
3355 4093 3500 4148 οὕτω
3531 4089 3729 4162 βεδιω-

2151 4189 2262 4252 κὼς
2298 4188 2567 4258 ἀσελγῶς,
2609 4188 2783 4250 οὕτως
2821 4187 3054 4258 οἰκτρῶς
3099 4186 3361 4258 ἐστέρητο
3405 4184 3504 4254 τῆς
3556 4181 3730 4250 ζωῆς.

2163 4280 2224 4333 '0
2271 4282 2329 4335 δὲ
2367 4282 2710 4350 Μαγνέντιος
2741 4281 2887 4334 κατὰ
2919 4281 3046 4352 ῥοῦν
3072 4279 3223 4349 αύτῷ
3261 4281 3369 4330 τῶν
3396 4276 3496 4344 τῆς
3524 4289 3735 4343 τυραν-

2153 4373 2292 4435 νίδος
2321 4372 2689 4444 χωρησάντων
2731 4371 3100 4443 πραγμάτων,
3133 4366 3437 4420 ἐσπούδασε
3487 4362 3598 4415 τῶν
3629 4363 3737 4423 τὰς

2153 4462 2328 4534 ἀρχὰς
2375 4465 2609 4534 ἐχόντων
2656 4465 2785 4526 τοὺς
2835 4462 3242 4533 λογιμωτέρους
3275 4463 3339 4514 ἐκ
3371 4458 3541 4529 μέσου
3573 4455 3740 4525 ποιή-

2157 4556 2376 4612 σασθαι.
2415 4556 2523 4612 Καὶ
2549 4555 2895 4626 πλασάμενος
2922 4553 3142 4624 γραφὰς
3175 4551 3312 4622 πρὸς
3346 4548 3545 4610 αὐτοὺς
3568 4547 3645 4607 ὡς
3671 4547 3743 4597 ἐκ

475 4661 568 4714 τιῦ
606 4662 962 4727 Κώνσταντος
1013 4661 1304 4724 σταλείσας
1369 4659 1574 4724 αὐτοῖς,
1643 4653 2120 4726 μετακαλουμένου
2158 4649 2320 4722 δῆθεν
2372 4649 2508 4718 πρὸς
2559 4647 2772 4712 ἑαυτὸν,
2818 4645 2940 4701 καθ’
2966 4645 3086 4698 ὁδὸν
3121 4645 3393 4715 λοχήσας,
3445 4640 3740 4700 πλείστους

476 4752 789 4817 ἀπέκτεινε,
861 4753 997 4821 μηδὲ
1065 4752 1175 4805 τῶν
1225 4751 1443 4804 οἰκείων
1493 4749 1805 4818 συνομοτῶν
1853 4746 2199 4818 φειδόμενος,
2277 4741 2415 4795 ἀλλὰ
2483 4741 2578 4793 καὶ
2623 4739 2848 4800 τούτους
2895 4737 3250 4810 διαφθείρων.
3286 4735 3397 4788 Καὶ
3445 4733 3475 4785 ὁ
3530 4730 3628 4792 μὲν
3678 4732 3741 4821 ἐν

477 4840 739 4904 τοιούτοις
906 4819 1086 4910 ἐαυτῷ
1120 4840 1405 4910 κρατύνων
1452 4839 1551 4908 τὴν
1595 4837 1914 4907 τυραννίδα.
1961 4834 2050 4904 Τῷ
2088 4833 2183 4902 δὲ,
2213 4830 2585 4901 Κωνσταντίῳ
2614 4830 2706 4884 τὸν
2767 4831 2997 4884 θάνατον
3026 4826 3318 4897 πυθομένῳ
3349 4824 3444 4878 τού
3474 4819 3740 4890 ἀδελφοῦ,

482 4930 762 5002 ἐμερίζετο
809 4934 842 5002 ή
892 4931 1102 4985 διάνοια
1145 4929 1485 4999 ἐννοουμένῳ
1539 4930 1770 4998 πότερον
1838 4925 1904 4980 ἂν
1933 4926 2396 4996 ιπροτιμήσαιτο,
2443 4923 2503 4976 τὸ
2555 4923 2793 4993 Πέρσαις
2857 4919 3341 4976 ἀντικαθίστασθαι
3370 4917 3614 4986 κείρουσι
3664 4913 3739 4966 τὰ

491 5025 783 5094 Ῥωμαίοις
830 5025 1068 5094 ὑπήκοα,
1121 5024 1154 5093 ἢ
1201 5022 1430 5088 τούτων,
1481 5024 1624 5077 κατὰ
1653 5040 1717 5092 γε
1748 5024 1810 5078 τὸ
1843 5021 2040 5092 παρὸν,
2081 5019 2412 5089 ἀμελῆσαι,;
2430 5018 2527 5071 καὶ
2592 5018 2840 5088 χωρῆσαι
2871 5016 3012 5070 κατά
3038 5014 3132 5068 τοῦ
3158 5015 3621 5085 τυραννήσαντος,
3640 5008 3737 5062 ἴνα

484 5118 576 5173 καὶ
631 5117 723 5170 τὸν
753 5115 847 5172 τοῦ
901 5115 1169 5185 συγγόνου
1223 5115 1444 5184 τίσηται
1500 5115 1681 5182 φόνον,
1731 5116 1826 5166 καὶ
1877 5114 2058 5180 ἐαυτῷ
2095 5111 2630 5182 προσποιήσηταιτὰ
2660 5109 2911 5179 ἑσπέρια.

1670 5291 1875 5352 Varia:
1903 5288 2210 5353 lectiones
2253 5296 2318 5351 et
2357 5297 2526 5351 nota}

552 5485 673 5555 (57)
720 5484 1131 5556 Ἀπέκτειναν.
1168 5477 1376 5556 _Nescio
1409 5493 1479 5556 an
1516 5477 1585 5533 ab
1600 5478 1714 5556 _l_t_oc
1755 5477 2035 5556 Constanti

2164 5474 2479 5556 Extis-78‘th
2509 5471 2570 5556 τὸ
2601 5471 2903 5556 Σταυρίονκ
2921 5470 2980 5556 ἐξ
3005 5462 3066 5526 οὗ
3093 5469 3227 5542 πρὸς
3250 5467 3308 5523 τὸ
3337 5468 3602 5556 κάταντες
3641 5470 3742 5556 pd.-

483 5539 816 5623 int'per'atore
853 5553 1139 5608 aediﬁcata:
1164 5549 1371 5624 fuerint
1399 5550 1544 5603 mdes
1599 5551 1706 5624 illis
1724 5545 2035 5624 _magni[ica

2169 5561 2262 5624 ρος
2293 5539 2434 5597 εἰσιν
2456 5612 2475 5624 _
2484 5539 2810 5624 εὐμεγέθεις
2840 5542 3033 5624 ,οἰκίαι
3097 5539 3644 5624 προσαγορευόμεναι
3671 5541 3743 5593 τὰ

482 5609 981 5701 Constantinopoli,
1008 5620 1222 5701 quiescit
1253 5619 1484 5701 Κῴνστα
1504 5609 1976 5701 appellabant—ur“
2000 5632 2028 5670 c

2165 5609 2430 5701 ξςώνσταὲ
2455 5609 2770 5701 Monasterii
2797 5612 2904 5664 τῶν
2933 5609 3187 5701 Κίώνστα,
3222 5609 3276 5664 in
3287 5609 3556 5701 [conciliis
3587 5622 3746 5701 men;

484 5708 717 5773 quarum
749 5678 1002 5773 meminit
1026 5678 1279 5758 Scriptor
1308 5678 1556 5769 ineditus
1577 5678 1714 5744 'Vitte
1827 5678 2035 5754 Stephai

487 5776 544 5814 ιιι
570 5762 816 5818 Juniorts
837 5781 852 5820 :
877 5759 986 5816 Ἦν
1009 5761 1067 5814 δὲ
1093 5757 1245 5823 οὗτος
1280 5761 1444 5810 οίκων
1473 5761 1608 5826 πρὸς
1633 5759 1692 5826 τῇ
1725 5773 1821 5826 της
1850 5755 2035 5826 βασιλιι

2167 5686 2371 5739 tionem
2402 5683 2517 5737 ﬁeri
2547 5683 2906 5738 observamus
2965 5683 3022 5736 in
3054 5689 3244 5736 nostra
3285 5678 3743 5747 Constantinopoli

2152 5755 2264 5812 .lib.
2307 5769 2380 5820 tv,
2425 5761 2557 5809 sect.
2590 5752 2642 5822 6,
2684 5751 2856 5808 ιι.26.

487 5766 544 5814 ni
570 5762 816 5818 Junioris
837 5781 852 5820 :
877 5762 986 5816 Ἦν
1009 5762 1067 5814 δὲ
1093 5762 1245 5823 οὗτος
1280 5762 1444 5810 οἰκῶν
1473 5762 1608 5828 πρὸς
1633 5762 1692 5810 τὸ
1725 5762 1821 5826 τῆς
1850 5762 2060 5826 βασιλι-
2152 5762 2264 5812 lib.
2307 5769 2380 5820 Iv,
2425 5762 2557 5809 sect.
2590 5762 2642 5822 ϋ,

492 5833 594 5899 κῆς
627 5832 892 5901 δημοσίλς
937 5830 1216 5906 λεωφόρου
1264 5828 1492 5898 πρανὲς,
1541 5831 1596 5881 ἐν
1644 5821 1689 5897 ᾧ
1719 5827 1932 5896 ἵδρυται
1965 5825 2060 5878 καὶ
