4026 6438
369 437 510 505 1125

1593 430 2004 494 ANNALIUM
2048 431 2194 491 LIB.
2236 431 2406 490 XIII.

3471 421 3614 494 1126

432 549 509 608 Z'.
540 549 724 611 Ταῦτα
789 548 884 604 τοῦ
918 546 1304 603 Κωνσταντίου
1347 544 1678 608 σκοποῦντος
1708 543 1803 598 καὶ
1831 543 1941 597 δια-

2120 539 2232 594 VII.
2270 537 2375 593 Sed
2403 535 2729 592 Constantio
2753 534 2858 591 hac
2888 534 3292 594 deliberatione
3323 552 3613 608 suspenso,

369 640 665 709 μέλλοντος
713 641 741 692 ό
789 639 1085 710 Σαπώρης,
1119 638 1245 692 ἐπεὶ
1274 636 1514 708 κάκείνῳ
1561 636 1698 707 πρὸς
1734 635 1939 702 γνῶσιν

363 726 497 798 ἦλθε
529 727 600 782 τὰ
638 727 1026 798 συμϐεϐηκότα
1058 727 1190 799 περὶ
1231 727 1323 780 τὸν
1375 725 1728 789 Κώνσταντα,
1761 723 1941 778 ὲπιτ-ί-

364 820 514 875 θεται
563 817 639 889 τῷ
684 818 885 888 καιρῷ,
924 817 1023 880 ,καὶ
1054 817 1152 870 σὺν
1193 817 1354 889 βαρεῖ
1395 815 1770 888 στρατεύματι
1796 814 1939 871 κατά

362 910 470 964 τῶν
517 907 898 976 ὑποκειμένων
939 907 1233 977 Ῥωμαίοις
1277 906 1458 959 ἔπεισι
1490 906 1684 976 χωρῶν
1731 923 1792 960 τε
1841 905 1938 960 καὶ

362 999 596 1064 πόλεων,
628 997 725 1052 καὶ
755 996 958 1066 πολλὴν
987 996 1094 1068 μὲν
1123 995 1379 1068 ἐληΐσατο
1403 994 1612 1066 χώραν,
1641 994 1780 1048 ἀλλὰ
1809 993 1939 1066 μέν·

360 1107 443 1143 τοι
499 1092 593 1143 καὶ
650 1089 884 1160 φρούρια
936 1083 1069 1155 εἷλε,
1113 1089 1207 1141 καὶ
1263 1088 1418 1150 τέλος
1471 1087 1784 1158 ἐπολιόρκει
1836 1085 1936 1156 τὴν

362 1181 583 1248 Νίσιϐιν
610 1184 746 1251 (58),
783 1183 817 1253 ἣ
859 1180 1028 1234 πάλαι
1075 1180 1176 1250 μὲν
1217 1183 1284 1251 τῇ
1337 1180 1446 1234 τῶν
1485 1181 1789 1250 Ἀρμενίων
1827 1180 1938 1233 διέ-

363 1289 496 1343 φερε
541 1274 809 1345 βασιλείᾳ,
845 1274 937 1327 ἐπὶ
971 1273 1028 1327 δὲ
1055 1271 1393 1341 Μιθριδάτου
1446 1271 1506 1333 ὃς
1541 1271 1808 1342 Τιγράνου
1842 1269 1936 1324 τοῦ

362 1365 471 1418 τῶν
511 1365 815 1435 Ἀρμενίων
865 1365 989 1417 τότε
1047 1361 1377 1434 κρατοῦντος
1423 1359 1492 1434 ἦν
1538 1363 1806 1433 γαμϐρὸς,
1843 1365 1936 1426 καὶ

364 1456 423 1520 ἐξ
473 1455 684 1508 ἐκείνου
730 1458 829 1525 τὴν
863 1455 1018 1508 πόλιν
1063 1456 1298 1525 εἰλήφει,
1329 1454 1432 1509 ὑπὸ
1473 1453 1758 1523 Ῥωμαίων
1791 1456 1937 1508 ἑάλω

367 1544 671 1616 πολιορκίᾳ.
716 1543 806 1600 Ἐν
834 1543 1008 1618 ταύτῃ
1036 1544 1169 1613 γοῦν
1203 1547 1230 1597 ὀ
1261 1543 1529 1615 Σαπὼρης
1556 1543 1725 1597 ἐλ-οὼν
1758 1547 1938 1610 πᾶσαν

366 1631 586 1703 ἐκίνησε
627 1633 900 1704 μηχανὴν,
935 1634 1002 1687 ἵν’
1030 1631 1178 1702 αὐτῷ
1209 1633 1240 1702 ἠ
1276 1630 1432 1694 πόλις
1472 1629 1606 1700 ἁλῷ,
1641 1630 1830 1700 κριούς
1877 1647 1937 1699 τε

365 1723 474 1794 γὰρ
499 1725 740 1795 προσῆγε
773 1726 885 1788 τοῖς
925 1723 1150 1794 τείχεσι,
1184 1725 1280 1776 καὶ
1307 1723 1580 1794 διώρυχας
1637 1723 1938 1790 ὑπογαίους

2042 629 2238 699 Sapor,
2267 629 2450 698 quiet
2505 627 2622 697 ipse
2668 626 2986 682 Constantis
3026 641 3214 683 casum
3262 639 3611 700 cognoverat,

2040 720 2390 776 occasionem
2435 727 2615 790 urget,
2647 725 2864 774 etcum
2918 718 3132 790 ingenti
3180 702 3425 774 exercitu
3481 735 3614 788 pro-

2045 812 2260 868 vincias
2275 822 2330 867 et
2358 812 2526 868 urbes
2546 812 2922 866 Romanorum
2952 810 3185 876 invadit,
3204 810 3364 880 longe
3395 811 3614 879 lateque

2039 904 2257 974 praedas
2288 919 2482 974 agens,
2510 903 2756 959 castellis
2783 901 2953 958 etiam
2983 902 3182 972 captis,
3216 893 3460 970 denique
3510 900 3609 956 Ni-

2039 995 2187 1058 sibin
2221 994 2458 1051 obsidet.
2509 995 2586 1049 Ea
2632 994 2908 1064 quondam
2939 993 3009 1049 ad
3051 993 3328 1049 Armeniae
3385 1007 3612 1062 regnum

2040 1086 2339 1157 pertinuit,
2370 1087 2464 1141 sed
2495 1085 2599 1141 sub
2626 1085 2946 1141 Mithridate
2971 1084 3226 1156 Tigranis
3249 1083 3392 1155 regis
3420 1087 3612 1136 Arme-

2037 1180 2262 1233 niorum
2302 1193 2528 1249 genero,
2569 1179 2664 1248 qui
2707 1187 2822 1232 tum
2849 1178 2996 1232 illam
3030 1177 3268 1232 dotalem
3311 1174 3553 1235 tenebal,
3585 1188 3616 1225 a

2040 1271 2310 1327 Romanis
2344 1283 2503 1341 capta
2529 1271 2658 1324 .l'uit.
2706 1269 2860 1325 Hanc
2904 1271 3071 1340 igitur
3098 1269 3272 1340 Sapor
3305 1279 3612 1339 aggressus,

2039 1375 2240 1416 .omnes
2286 1360 2354 1415 ad
2390 1360 2817 1431 expugnandum
2871 1359 3155 1414 machinas
3201 1359 3478 1421 adhibuit,
3521 1359 3616 1411 ad-

2037 1453 2204 1507 motis
2229 1452 2295 1506 ad
2325 1467 2516 1506 muros
2563 1451 2851 1515 arieti-bus,
2888 1451 3135 1520 actisque
3174 1451 3466 1504 cuniculis.
3505 1449 3612 1502 Sed

2039 1543 2133 1613 qui
2183 1542 2622 1607 obsidebantur,
2661 1541 2968 1598 .fortiterad
3021 1542 3203 1596 omnia
3250 1541 3610 1594 resis'ebaut.

2037 1633 2289 1704 Cumque
2321 1633 2511 1700 ﬂuvio,
2543 1636 2636 1705 qui
2679 1635 2913 1690 mediam
2960 1634 3150 1688 urbem
3203 1631 3446 1702 perﬂuit,
3507 1631 3614 1684 alio

2041 1725 2311 1792 derivato,
2351 1736 2412 1780 ut
2442 1726 2703 1797 oppidani
2744 1727 2835 1782 siti
2869 1727 3045 1781 coacti
3080 1740 3202 1780 sese
3232 1724 3520 1786 dederent,
3545 1737 3615 1775 ex

363 1815 653 1885 πεποίητο,
679 1815 817 1868 ἀλλὰ
845 1815 982 1886 πρὸς
1007 1814 1184 1875 πάντα
1210 1813 1475 1881 γενναίως
1487 1813 1939 1868 ἀντικαθίσταντο

2041 1819 2223 1890 puteis
2256 1829 2312 1874 et
2361 1819 2611 1874 fontibus
2651 1819 2872 1873 abunde
2916 1819 3030 1873 illis
3075 1823 3611 1888 aqua'suppetente,

359 1899 414 1956 οἱ
438 1880 911 1981 πολιορκούμενοι,
945 1907 1042 1959 καὶ
1076 1904 1167 1958 τὸν
1207 1906 1456 1976 ποταμὸν
1498 1905 1576 1971 δὲ,
1610 1905 1666 1969 ὃς
1707 1905 1796 1959 διὰ
1842 1907 1941 1982 μέ*-

2041 1880 2180 1967 nihil
2218 1911 2564 1982 profecisset,
2606 1910 2673 1966 ad
2721 1910 2870 1965 aliud
2915 1910 3276 1966 convertitur.
3314 1909 3615 1978 Regressus

367 2012 466 2066 σης
513 1996 664 2070 ἔρῤει
704 1977 803 2068 τῆς
831 1997 1062 2060 πόλεως,
1096 1997 1486 2070 μετωχέτευεν,
1523 1997 1609 2051 ἵνα
1644 1997 1786 2067 δίψει
1817 1977 1940 2051 πιέ-

365 2085 584 2158 ζόμενοι
635 2087 687 2143 οἱ
725 2089 823 2160 τῆς
871 2088 1078 2152 πόλεως
1129 2087 1376 2160 προδῷεν
1421 2087 1568 2159 αὐτῷ
1610 2090 1708 2160 τὴν
1757 2089 1934 2144 πόλιν.

366 2177 495 2243 Τοῖς
536 2179 594 2233 δὲ
637 2178 868 2252 ἀφθονία
906 2175 974 2253 ἦν
1011 2179 1221 2234 ὑδάτων
1255 2179 1350 2234 καὶ
1375 2181 1439 2233 ὲκ
1471 2182 1724 2251 φρεάτων
1751 2182 1846 2234 καὶ
1873 2183 1939 2234 ἐκ

365 2286 582 2341 πηγων.
627 2270 714 2335 Ὠς
747 2271 794 2326 δ’
833 2273 915 2335 εἰς
943 2271 1106 2330 οὐδὲν
1143 2269 1293 2341 αὐτῷ
1353 2274 1636 2340 κατήντων
1673 2270 1938 2341 ἀνύσιμον

366 2360 422 2413 αί
475 2361 734 2429 ἐπίνοιαι,
768 2363 989 2432 .ἒτερόν
1045 2379 1097 2416 τι
1153 2361 1301 2432 αὐτῷ
1358 2363 1731 2434 μεμηχάνητο.
1787 2362 1939 2416 Ἄνα-

387 2453 618 2524 δραμὼν
651 2455 744 2507 τὸν
795 2455 1062 2524 ποταμὸν,
1124 2454 1199 2518 ὡς
1225 2455 1463 2524 εἴρηται,
1492 2455 1581 2506 διὰ
1613 2454 1711 2525 τῆς
1731 2453 1938 2517 πόλεως

370 2543 539 2612 ἕρῤει,
567 2547 662 2597 καὶ
694 2545 830 2615 πρὸς
870 2545 1160 2616 φάραγγας
1197 2545 1457 2615 γεγονὼς,
1491 2544 1622 2599 ἔνθα
1677 2548 1704 2598 ὁ
1760 2546 1938 2618 χῶρος

368 2633 436 2686 δι’
461 2627 521 2686 οὗ
548 2633 709 2705 διῄει,
777 2636 1068 2701 ὲστένωτο,
1133 2635 1416 2706 ἀπέὼραξε
1472 2637 1564 2690 τὸν
1627 2637 1790 2691 τόπον
1843 2637 1940 2692 καὶ

369 2726 570 2796 ἐπέσχε
600 2727 662 2779 τὸ
687 2727 868 2797 ῥεῦμα
892 2727 1078 2781 αὐτοῦ.
1114 2727 1222 2782 Τοῦ
1273 2728 1316 2781 δ’
1347 2728 1539 2793 ὓδατος
1598 2729 1939 2802 πλημμυρή-

371 2836 585 2887 σαντος,
619 2820 813 2888 ἀθρόον
838 2821 904 2874 τὰ
945 2819 1261 2890 φραγνύντα
1290 2823 1387 2892 τὴν
1434 2821 1525 2875 τοῦ
1550 2821 1743 2887 ὓδατος
1768 2823 1940 2880 δίοδον

370 2910 569 2974 ἐξελὼν
598 2912 779 2983 ἀφῆκε
828 2913 890 2964 τὸ
914 2903 1093 2983 ῥεῦμα
1128 2913 1272 2966 κατὰ
1327 2917 1429 2992 τῆς
1486 2916 1729 2978 πόλεως·
1777 2915 1838 2970 τὸ
1882 2916 1939 2971 δὲ

373 3003 541 3058 πολύν
562 3022 622 3057 τε
651 3005 1066 3076 σεσωρευμένον
1099 3007 1196 3059 καὶ
1233 3007 1332 3060 σὺν
1365 3005 1457 3076 βίᾳ
1486 3007 1691 3076 σφοδρᾷ
1719 3006 1800 3078 τῷ
1826 3009 1942 3062 τεί-

371 3111 456 3165 χει
494 3097 810 3166 προσπεσὸν
839 3097 1012 3169 μέρος
1040 3097 1253 3151 ἐκείνου
1288 3098 1647 3172 κατέῤῥαξεν.
1681 3101 1796 3154 Ούκ
1845 3101 1938 3155 εύ-

372 3187 468 3250 θὺς
499 3187 557 3240 δὲ
587 3190 614 3241 ὁ
654 3188 933 3261 βάρϐαρος
964 3189 1144 3243 εἰσέδυ
1166 3188 1266 3260 τὴν
1298 3178 1476 3253 πόλιν,
1511 3191 1627 3244 ἀλλ’
1679 3190 1756 3256 ὡς
1833 3193 1936 3264 ἤδη
1965 3218 2010 3278 ο

371 3279 680 3351 ήλωθείσης
707 3282 1035 3352 αὐτῆς(ἐπεὶ
1059 3281 1159 3336 καὶ
1188 3282 1326 3353 πρὸς
1371 3284 1618 3352 ἑσπέραν
1641 3279 1710 3357 ἦν
1739 3285 1767 3338 ό
1816 3302 1941 3340 και-

373 3372 485 3441 ρὸς)
513 3373 794 3444 εἰσαύριον
829 3375 1254 3447 παραλήψεσθαι
1283 3375 1383 3448 τὴν
1437 3377 1616 3445 πόλιν,
1671 3378 1746 3450 μή
1794 3394 1941 3443 τινος

369 3461 792 3530 ἀντιϐαίνοντος,
844 3465 1162 3536 ὑπερέθετο.
1196 3467 1261 3520 Οί
1287 3467 1331 3521 δ’
1362 3470 1422 3528 ὲν
1452 3471 1520 3539 τῇ
1580 3468 1736 3524 πόλει
1795 3471 1938 3542 πρὸς

375 3553 474 3622 μὲν
499 3555 562 3609 τὸ
593 3557 786 3628 ῥῆγμα
821 3559 918 3612 τοῦ
957 3559 1175 3636 τείχους
1236 3561 1679 3634 ἐθορυϐήθησαν.
1751 3562 1840 3627 Ὠς
1895 3564 1942 3618 δ’

369 3642 509 3702 εἶδον
541 3648 668 3713 τοὺς
699 3649 914 3722 Πέρσας
932 3652 1343 3724 ὑπερθεμένους
1371 3654 1472 3724 τὴν
1521 3654 1745 3719 εἴσοδον,
1801 3654 1945 3709 ἀΰπ-

373 3741 578 3810 νοιτὴν
609 3741 779 3795 νύκτα
799 3743 1216 3810 διατελέσαντες
1274 3745 1601 3818 πολυχειρίᾳ
1639 3746 1734 3801 τὸν
1777 3745 1942 3800 τόπον

371 3829 697 3903 ὠχύρωσαν,
725 3838 906 3907 τεῖχος
927 3838 1079 3902 ἐντὸς
1102 3839 1487 3908 ἀνεγείραντες
1531 3838 1722 3908 ἕτερον
1741 3877 1757 3903 ,
1805 3839 1942 3910 ὅπερ

371 3923 540 3978 ἕωθεν
571 3927 599 3977 ό
629 3927 905 3997 Σαπώρης
934 3927 1058 3980 ἰδὼν
1092 3929 1328 4000 ἀμελείᾳ
1361 3929 1542 3999 οἰκείᾳ
1568 3928 1630 3981 τὸ
1681 3927 1941 3998 ἀτύχημα

371 4016 739 4087 ἐπεγράφετο,
767 4018 882 4072 ἀλλ’
935 4017 1046 4072 οὐδ’
1102 4019 1245 4073 οὓτω
1287 4020 1387 4091 τῆς
1439 4019 1758 4090 πολιορκίας
1812 4018 1942 4088 ἁφίυ

374 4122 557 4163 στατο.
577 4107 756 4161 Πολλὰ
782 4109 840 4162 δὲ
873 4112 966 4163 καί⁵
989 4109 1154 4181 ἕτερα
1183 4112 1325 4164 κατὰ
1347 4112 1446 4182 τῆς
1479 4110 1687 4174 πόλεως
1717 4112 1944 4181 ἐπινοη-

371 4199 624 4266 σάμενος,
653 4199 749 4253 καὶ
784 4199 1068 4265 πλείστους
1096 4202 1206 4255 τῶν
1231 4203 1450 4264 οἰκείων
1470 4204 1944 4276 ἀποϐαλὼν(ὖπὲρ

371 4289 479 4358 γὰρ
503 4288 600 4352 τὰς
624 4288 801 4343 εἴκοσι
831 4290 1081 4360 χιλιάδας
1099 4291 1444 4347 κινδυνεῦσαι
1465 4293 1686 4363 λέγεται
1712 4294 1824 4366 (59)
1846 4295 1942 4348 τοῦ

372 4379 650 4450 Περσικοῦ
677 4381 1094 4454 στρατεύματος
1126 4384 1600 4457 πολιορκουμένης
1646 4385 1943 4458 Νισίϐεως)

373 4471 495 4542 μετ’
523 4471 787 4544 αἰσχύνης
809 4475 1183 4546 ἀνεχώρησεν.
1214 4475 1351 4546 Ἤδη
1369 4478 1477 4550 γὰρ
1508 4479 1600 4530 καὶ
1619 4479 1942 4548 Μασαγέται

2045 2002 2146 2072 15
2174 2003 2320 2058 enim
2347 2017 2538 2058 versus
2563 2013 2727 2073 caput
2755 2002 3001 2072 ejusdem
3027 1999 3226 2064 amnis,
3254 2014 3360 2068 qua
3385 2000 3437 2051 in
3475 2012 3611 2050 con-

2039 2093 2277 2149 vallibus
2300 2109 2407 2165 ang
2423 2102 2546 2149 usto
2575 2095 2730 2149 alveo
2752 2092 3030 2148 deﬂuebat
3059 2111 3074 2148 ;
3096 2092 3218 2147 loco
3245 2093 3338 2145 illo
3358 2091 3608 2158 obsepto,

2037 2196 2263 2242 cursum
2303 2183 2564 2249 inhibuit,
2609 2193 2671 2239 et
2723 2199 2924 2253 aquam
2974 2191 3343 2255 stagnantem,
3391 2181 3618 2236 remotis

2037 2273 2330 2344 aggeribus
2380 2272 2672 2329 confestim
2711 2288 2907 2328 versus
2957 2274 3146 2328 urbem
3205 2272 3435 2328 emisit:
3494 2287 3616 2341 qua:

2038 2362 2168 2432 quia
2204 2363 2443 2433 plurima
2469 2364 2697 2420 collecta
2740 2363 2942 2428 fuerat,
2982 2379 3178 2435 magno
3224 2363 3430 2431 impetu
3485 2377 3616 2430 par-

2041 2463 2150 2509 tem
2184 2455 2330 2509 muri
2365 2454 2586 2525 dejecit.
2621 2454 2895 2509 Barbarus
2925 2470 3056 2510 vero
3097 2469 3222 2509 cum
3267 2454 3458 2509 urbem
3504 2469 3614 2506 non

2039 2545 2224 2612 statim
2272 2544 2524 2612 intraret,
2567 2554 2681 2599 tum
2712 2545 2842 2616 quia
2883 2545 2994 2601 diei
3063 2559 3247 2600 serum
3289 2556 3442 2610 erat,
3497 2553 3612 2596 tum

2039 2639 2184 2708 quod
2205 2639 2316 2708 jam
2341 2649 2734 2709 expugnatam,
2755 2638 3019 2707 postridie
3042 2638 3178 2692 citra
3201 2637 3613 2692 dimicationem

2041 2745 2101 2787 se
2131 2741 2490 2800 accepturum
2541 2731 2813 2800 putabat:
2846 2731 3104 2800 oppidani
3140 2731 3242 2786 etsi
3279 2731 3345 2784 ad
3399 2732 3612 2786 ruinam

2041 2822 2187 2878 muri
2218 2823 2581 2887 consternati,
2615 2831 2794 2884 tamen
2826 2832 2886 2877 ut
2914 2823 3107 2877 Persas
3138 2822 3362 2877 diﬂerre
3398 2823 3614 2893 ingres-

2042 2927 2164 2968 sum
2197 2911 2482 2977 viderunt,
2522 2923 2740 2968 noctem
2784 2914 2930 2967 illam
2975 2928 3139 2985 egere
3182 2914 3513 2979 insomnem,
3557 2924 3612 2970 e'

2042 3021 2330 3076 operarum
2355 3007 2710 3062 multitudine
2741 3020 2884 3060 novo
2913 3015 3200 3064 exstructo
3236 3021 3396 3062 muro
3427 3007 3610 3064 locum

2041 3100 2198 3155 illum
2249 3099 2626 3153 muniverunt.
2678 3096 2797 3164 Quo
2850 3095 3025 3167 Sapor
3081 3113 3242 3158 mane
3297 3108 3616 3167 conspecto,

2043 3205 2231 3247 casum
2262 3205 2388 3246 eum
2432 3204 2544 3244 suae
2577 3189 2925 3260 negligentiae.
2967 3188 3276 3255 aseribens,
3321 3188 3495 3248 nihilo
3520 3204 3611 3244 se-

2043 3283 2164 3340 cius
2191 3282 2662 3354 oppugnationem
2689 3290 2870 3352 urget,
2902 3282 3095 3337 multis
3145 3281 3270 3342 aliis
3304 3281 3614 3340 rationibus

2043 3374 2288 3430 tentatis.
2342 3373 2481 3429 Cum
2526 3382 2712 3428 autem
2758 3387 2984 3436 suorum
3037 3373 3308 3452 plurimos
3337 3373 3613 3432 amisisset

2044 3469 2193 3538 (nam
2221 3467 2288 3522 ad
2319 3465 2518 3538 viginti
2565 3464 2739 3522 millia
2770 3465 3065 3522 Persarum
3111 3465 3180 3524 ad
3210 3465 3426 3522 Nisibin
3469 3466 3616 3521 ceci-

2041 3561 2189 3617 disse
2218 3559 2526 3628 dicuntur),
2557 3573 2683 3613 cum
2712 3558 2984 3626 dedecore
3011 3558 3262 3625 discedit,
3287 3557 3434 3628 quod
3473 3557 3617 3614 Mas-

2043 3662 2245 3725 sagetae
2269 3651 2418 3708 facta
2453 3651 2820 3723 impressione
2845 3651 3088 3712 Persian:
3117 3660 3420 3714 vastarent.
3459 3650 3610 3706 Con-

2043 3747 2281 3802 stantius
2339 3746 2661 3812 imperator,
2722 3743 2894 3800 Nisibi
2967 3744 3205 3808 munita,
3276 3753 3333 3800 et
3394 3745 3614 3802 civibus

2043 3836 2326 3902 recreatis,
2388 3835 2603 3893 Orienti
2677 3850 2708 3891 a
2759 3837 2944 3892 Persis
2990 3837 3101 3907 jam
3157 3835 3396 3895 induciis
3441 3835 3609 3901 datis,

2041 3943 2239 3983 versus
2275 3929 2629 3983 Occidentem
2667 3927 3041 3998 pragreditur,
3076 3942 3199 3982 cum
3237 3928 3289 3982 ei
3327 3928 3616 3984 nuntiatur

2043 4019 2307 4078 Vetranio
2341 4020 2622 4082 colludere
2651 4036 2778 4081 cum
2826 4020 3160 4090 Magnentio.
3190 4021 3322 4076 Erat
3354 4023 3400 4087 is
3431 4021 3612 4092 Illyri-

2043 4128 2232 4170 carum
2275 4113 2555 4184 legionum
2593 4113 2725 4179 dux,
2751 4114 3086 4183 cognitoque
3109 4112 3405 4182 Magnentii
3433 4120 3610 4179 motu,

2043 4217 2100 4263 et
2128 4207 2274 4262 crede
2305 4205 2642 4271 Constantis,
2670 4214 2900 4276 tyranno
2937 4204 3082 4260 haud
3123 4215 3387 4273 cesserat,
3432 4205 3528 4260 sed
3560 4217 3615 4261 et

2046 4298 2163 4368 ipse
2191 4296 2324 4363 alibi
2359 4296 2703 4368 tyrannidem
2735 4306 3031 4365 occuparat
3065 4313 3080 4351 :
3125 4296 3228 4351 etsi
3263 4311 3364 4365 per
3403 4297 3616 4350 litteras

2045 4405 2102 4446 se
2139 4397 2371 4461 tyranno
2403 4389 2659 4448 resistere
2693 4388 3078 4458 profitebatur,
3137 4388 3427 4459 ipsumque
3465 4388 3614 4444 ϐοη-

2046 4481 2308 4538 stantium
2342 4479 2410 4544 ad
2436 4478 2590 4548 illum
2620 4493 2850 4549 propere
2883 4478 3304 4549 opprimendum
3327 4478 3614 4535 evocabat.

369 4567 436 4635 τῇ
473 4564 697 4640 Περσίδι
725 4565 1059 4636 ἐπήλθοσαν,
1091 4567 1189 4621 καί⁵
1217 4568 1358 4637 αὐτῇ
1387 4546 1941 4638 ἐλυμαίνοντο.Κων-

2045 4571 2304 4628 Vetranio
2331 4570 2499 4640 igitur
2518 4546 2579 4625 et
2617 4546 3162 4639 Magnentius—certis
3202 4567 3618 4624 conditionibus

372 4657 621 4722 στάντιος
648 4657 706 4712 δὲ
728 4659 756 4712 ὀ
788 4658 1048 4730 βασιλεὺς
1070 4659 1169 4728 τὴν
1192 4659 1294 4730 μὲν
1309 4661 1355 4713 Ν
1363 4660 1526 4714 ίσισιν
1548 4665 1947 4738 κατωχύρωσε,

373 4748 466 4798 καὶ
496 4749 621 4810 τοὺς
644 4748 868 4812 πολίτας
889 4748 1062 4818 αὐτῆς
1090 4750 1455 4820 ἀνεκτήσατο.
1479 4751 1654 4815 Αὐτὸς
1715 4753 1772 4807 δὲ
1809 4756 1944 4808 ἀνα-

369 4839 552 4907 κωχῆς
579 4839 680 4910 ἠδη
699 4841 766 4910 τῇ
793 4838 906 4911 trp;
933 4840 1238 4911 γενομένης
1273 4845 1337 4894 ὲκ
1358 4841 1464 4897 τῶν
1516 4843 1745 4914 Περσῶν
1806 4846 1945 4916 πρὸς

369 4929 438 4979 τὰ
455 4928 689 4998 ἑσπέρια
721 4929 971 5000 ὥρμησε.
1028 4931 1139 4985 Καί
1193 4933 1244 4984 οἰ
1274 4932 1597 5000 ἀγγέλλεται
1633 4935 1941 5008 Βετρανίων

373 5017 484 5088 (40)
509 5021 959 5090 κοινοπραγὴσας
982 5021 1064 5093 τῷ
1094 5023 1444 5092 Μαγνεντίῳ.
1487 5023 1608 5077 Τῶν
1665 5026 1772 5097 γὰρ
1813 5026 1943 5096 παρ’

2039 4662 2403 4727 reconciliati,
2458 4660 2622 4716 ambo
2671 4659 3039 4715 communiter
3090 4661 3298 4731 legatos
3348 4659 3416 4720 ad
3465 4659 3614 4716 Gon-

2040 4752 2306 4808 stantinm
2338 4753 2586 4818 mittunt,
2613 4760 2885 4822 petentes,
2922 4761 2984 4820 ut
3015 4753 3186 4814 armis
3230 4752 3426 4822 positis
3458 4752 3615 4822 prin-

2040 4843 2225 4915 cipem
2249 4843 2515 4899 honorem
2546 4843 2839 4908 obtineret.
2868 4842 2990 4902 Harc
3015 4844 3199 4916 legati,
3225 4844 3612 4915 imperatorem

2038 4937 2185 4991 circa
2215 4935 2462 4990 Thraciae
2490 4935 2809 5009 Heracleam
2838 4937 3019 5008 adepti
3052 4941 3390 5004 renuntiant,
3421 4938 3517 5008 qui
3541 4937 3615 4994 ob

2039 5028 2131 5082 illa
2185 5026 2476 5093 sollicitus,
2534 5036 2700 5084 noctu
2749 5031 3029 5090 somnium
3083 5028 3401 5100 hujusmodi
3445 5029 3608 5084 vidit.

1520 5185 1716 5247 Varia
1759 5183 2072 5248 lectiones
2095 5193 2155 5249 et
2186 5193 2377 5249 noue.

447 5333 558 5410 {58)
619 5332 878 5410 Νίσιϐιν.
928 5333 1066 5410 Vide
1125 5336 1522 5410 Marcellinum,
1567 5338 1665 5393 lib.
1693 5355 1848 5406 xvm,
1880 5355 1935 5410 p.

374 5403 495 5468 ηδ,
524 5406 548 5458 1
587 5404 718 5458 edit.
750 5405 844 5468 qui
889 5418 956 5459 ex
990 5405 1200 5464 Zonara
1243 5407 1564 5463 illustratur.

444 5473 556 5545 (59)
581 5472 865 5547 Χιλιιίδας
895 5473 1288 5547 κινδυνεῦσαι
1314 5477 1569 5547 λέγεται.
1604 5478 1952 5534 Κινδυνεύειν

369 5559 473 5668 pri:
501 5545 834 5669 {festiv-hic
871 5545 1123 5616 ponitur,
1157 5555 1218 5601 ut
1249 5545 1594 5620 alibi'saepe,
1633 5558 1694 5604 ut
1746 5550 1943 5608 obser-

371 5631 438 5669 va
577 5653 590 5668 .

371 5623 465 5670 vat
507 5623 590 5669 W.

441 5683 552 5754 (40)
584 5679 939 5752 Βετρανίων.
968 5687 1048 5742 Ita
1095 5686 1528 5752 emendavimus,
1565 5703 1691 5743 cum
1719 5689 1949 5746 Wolﬁus

367 5755 459 5809 hic
486 5763 543 5826 et
564 5755 710 5826 intra
731 5756 1043 5826 Βρετανίων
1067 5757 1330 5814 edidisset
1361 5775 1374 5811 :
1396 5759 1476 5815 sic
1502 5760 1649 5813 enim
1677 5767 1789 5818 tres
1813 5775 1947 5817 mss.

370 5824 531 5894 Regii
563 5824 888 5895 praeferunt,
915 5827 1194 5899 quomodo
1228 5829 1393 5884 etiam
1427 5828 1633 5884 habent
1668 5828 1946 5898 Zosimus,

2045 5341 2285 5396 Joannes

2050 5413 2261 5470 nummi
2317 5421 2554 5476 veteres,
2609 5419 2667 5468 et
2707 5410 3010 5476 scriptores
3065 5406 3264 5462 Latini.
3317 5407 3616 5477 Eutropius

2047 5497 2182 5538 vero
2241 5481 2664 5542 Veteranionem,
2705 5477 3106 5549 Philostorgius
3180 5477 3612 5548 Οὐετερανίωνα,

2047 5561 2248 5606 vocant
2281 5569 2294 5604 :
2331 5567 2438 5621 qua
2487 5552 2680 5621 ultima
2719 5547 3132 5621 nomenclatura
3174 5547 3615 5621 quemdammeé-

2048 5631 2228 5676 morat
2249 5616 2571 5676 Ammianus
2598 5619 2702 5675 sub
2721 5618 2912 5674 eadem
2945 5618 3060 5672 fere
3090 5626 3358 5685 tempora,
3391 5618 3484 5687 qui
3512 5616 3615 5672 Zo-

2049 5691 2214 5756 simo,
2277 5691 2375 5746 lib.
2423 5705 2504 5756 Ill,
2579 5705 2636 5759 p.
2701 5689 2789 5754 72,
2860 5689 3168 5759 Βρετανίων
3242 5696 3615 5758 nuncupatur.

2047 5761 2358 5821 Βρετανίων
2391 5759 2556 5816 habet
2579 5756 2759 5815 codex
2795 5756 3070 5814 recentior
3132 5756 3380 5821 Zonarae,
3437 5756 3502 5812 ut
3557 5767 3616 5810 et

2047 5776 2089 5812 υ
2129 5776 2358 5814 ετανιων
2392 5776 2556 5816 naue:
2588 5776 2759 5815 eoae:
2795 5776 3070 5814 reeennor
3134 5776 3380 5821 eonaraa,
3443 5776 3502 5812 ut
3557 5776 3616 5810 et

2047 5776 2432 5900 TEeOphaues.
2489 5828 2792 5901 Βριτανίων
2838 5829 3192 5896 Athanasius,
3236 5828 3292 5883 in
3323 5827 3496 5899 Epist.
3547 5825 3617 5886 ad

2357 5339 2757 5404 Antiochenus,
2815 5336 3112 5393 Chronicon
3171 5336 3616 5405 Alexandrinum,
