4026 6402
435 412 570 473 “‘17
1707 407 2030 470 JOANNIS
2063 407 2388 469 ZONAR/E
3154 505 3164 507 _
3275 505 3282 507 _
3551 408 3700 507 li28

433 531 646 584 Patrem
685 533 865 579 astare
893 521 997 576 sibi
1033 519 1280 590 putabat,
1312 517 1405 589 qui
1446 518 1615 573 tilium
1648 518 2002 574 Constantem

2137 519 2434 591 Ιλλυρικοῖς
2488 519 2674 591 άρχων
2727 513 2883 584 οὗτος
2946 504 3373 592 στρατευμάτων
3408 504 3705 594 τυγχάνων

431 635 589 673 manu
627 626 821 671 tenens
851 657 864 679 ,
906 615 980 668 ita
1043 613 1148 668 sibi
1183 612 1431 666 diceret:
1473 610 1768 672 Constanti,
1803 625 1865 662 en
1893 609 2010 678 {ra-

2137 618 2208 674 ιαὶ
2236 617 2428 687 μαθὼν
2457 615 2556 669 τοῦ
2602 616 2944 683 Μαγνεντὶου
3007 615 3108 687 τὴν
3161 617 3538 668 ἐπανάστασιν
3598 618 3705 667 καὶ

431 717 562 762 trem
608 717 758 761 tuum
789 705 1153 767 Constantem,
1197 701 1378 755 multis
1434 701 1644 770 regibus
1703 699 2008 762 oriundum,

2137 710 2206 763 τὸν
2243 709 2405 778 φόνον
2434 707 2531 762 τοῦ
2563 706 2950 774 Κώνσταντος,
2975 706 3075 778 οὒχ
3095 706 3282 772 ὑπεῖξε
3321 706 3399 778 τῷ
3433 708 3710 779 τυραννή-

432 801 519 868 qui
555 816 588 853 a
621 807 856 869 tyranno
885 811 1051 849 cauus
1073 802 1168 848 est.
1200 793 1333 862 Eius
1362 809 1537 847 necem
1568 800 1617 845 te
1647 790 1828 844 ulcisci
1859 805 2013 860 opor-

2137 818 2292 866 παντι,
2328 799 2468 854 ἀλλὰ
2527 799 2625 852 καὶ
2657 798 2822 861 αὐτὸς
2855 798 3128 868 ἑτέρωθεν
3159 799 3442 870 τυραννίδι
3505 801 3708 852 ἐπικε-

433 891 573 952 tebit,
606 905 770 958 neque
816 889 1095 942 connivere
1129 887 1201 942 ad
1234 887 1444 956 imperii
1490 885 1924 938 dilacerationem
1961 890 2014 936 et

2137 895 2366 964 [είρηκε.
2415 890 2506 962 Τῷ
2537 889 2912 961 Κωνσταντίῳ
2939 890 2986 942 δ’
3015 890 3356 945 ἐπιστέλλων
3413 891 3570 955 ἔλεγε
3620 889 3709 959 τῷ

434 983 749 1035 eversionem
800 978 1119 1050 reipublicaz.
1160 978 1340 1043 Quare
1380 976 1451 1030 ad
1498 977 1834 1046 tyrannidem
1866 989 2014 1029 euer—
2113 986 2370 1059 τυράννῳ
2399 983 2926 1048 ἀντικαθίστασθαι,
2966 984 3063 1037 καὶ
3085 982 3250 1037 αὐτὸν
3276 982 3573 1052 ἀφικέσθαι
3619 983 3710 1046 εἰς

435 1072 644 1125 tendam
668 1087 919 1141 propera,
948 1085 1114 1136 neque
1153 1069 1382 1124 inultum
1415 1069 1640 1138 fratrem
1667 1083 1777 1122 esse
1806 1077 2009 1138 patere.

435 1161 787 1217 Constantius
816 1177 847 1217 e
875 1176 1070 1216 somno
1115 1168 1493 1231 experrectus,
1515 1160 1727 1231 legatos
1746 1159 1801 1213 in
1828 1166 2014 1214 custo-

436 1251 580 1306 diam
627 1255 743 1319 dat,
787 1254 906 1323 ipse
959 1252 1168 1316 statim,
1206 1253 1347 1307 nihil
1382 1262 1696 1319 cunctatus,
1729 1251 2014 1309 Sardicam

437 1346 705 1412 pervenit.
741 1343 1003 1401 Vetranio
1031 1344 1334 1414 improviso
1380 1345 1486 1416 16
1523 1345 1880 1415 imperatoris
1914 1345 2016 1400 ad-

2114 1082 2217 1151 τὴν
2241 1079 2452 1134 ἐκείνου
2501 1077 2802 1132 κατάλυσιν
2835 1077 3180 1147 κατήπειγεν
3201 1076 3346 1146 (41).
3396 1075 3522 1128 Ἐπὶ
3573 1091 3711 1128 συν-

2120 1173 2323 1244 θήκαις
2354 1166 2450 1225 οὖν
2479 1171 2508 1223 δ
2537 1169 2849 1238 Βετρανίων
2879 1167 2974 1221 καὶ
3005 1166 3394 1236 ὁΜαγνέντιος
3441 1164 3710 1236 ἀλλήλοις

2119 1264 2486 1333 σπεισάμενοι
2515 1259 2778 1330 πρέσϐεις
2798 1259 2968 1328 ἄμφω
2996 1259 3195 1321 κοινῶς
3215 1261 3351 1329 πρὸς
3391 1258 3486 1311 τὸν
3540 1259 3714 1312 Κων-

2119 1357 2376 1412 στάντιον
2407 1353 2746 1417 στέλλουσιν,
2792 1349 3078 1415 ἀξιοῦντες
3131 1349 3297 1403 αὐτὸν
3361 1349 3714 1404 καταθέσθαι

440 1444 604 1488 ventu
643 1435 888 1500 territus,
919 1435 1246 1490 Constantio
1283 1443 1345 1490 ut
1382 1435 1608 1490 domino
1640 1435 1893 1506 procedit
1917 1435 2018 1491 ob-

2137 1450 2188 1503 ῖὰ
2211 1445 2495 1516 ὃπλα,καὶ
2524 1445 2624 1517 τὴν
2669 1443 2895 1515 πρώτην
2947 1442 3096 1512 ἔχειν
3135 1441 3325 1512 τιμήν.
3381 1441 3516 1510 Περὶ
3567 1441 3714 1508 γοῦν

437 1527 608 1590 viam,
643 1526 856 1582 relictis
911 1526 1192 1597 prioribus
1241 1527 1511 1594 consiliis,
1565 1535 1623 1582 et
1665 1527 1844 1598 pactis
1895 1543 2018 1598 quae

2137 1542 2224 1612 τὴν
2259 1539 2362 1609 τῆς
2396 1537 2619 1608 Θρᾴκης
2652 1533 2990 1604 Ἡράκλειαν
3013 1533 3334 1602 ἐντυχόντες
3357 1532 3406 1584 oi
3437 1530 3713 1602 πρέσϐεις

435 1631 560 1671 cum
592 1616 905 1697 Magnentio
957 1617 1163 1673 inierat
1209 1619 1452 1690 rejectis.
1489 1619 1627 1674 Eum
1659 1619 2020 1677 Constantius

2231 1628 2601 1700 αὐτοκράτορι
2625 1625 2697 1679 τὰ
2721 1626 3088 1696 μεμηνυμένα
3138 1626 3188 1678 oi
3231 1624 3600 1695 ἀπήγγειλαν.
3645 1625 3714 1676 ’0

434 1706 649 1762 sincere
674 1707 920 1774 admisit,
948 1709 1114 1764 etiam
1140 1724 1346 1765 mensa:
1371 1725 1484 1764 suae
1511 1709 1847 1766 adhibitum.
1878 1712 2017 1768 Nam

2137 1723 2179 1775 ῑὲ
2219 1723 2277 1775 ὲν
2315 1719 2560 1790 φροντίδι
2582 1717 2671 1771 διὰ
2701 1716 2879 1771 ταῦτα
2914 1718 3230 1787 γενόμενος,
3268 1715 3463 1778 νυκτὸς
3517 1718 3716 1783 ἐπιγε-

435 1801 585 1872 regni
610 1801 921 1872 insignibus
947 1802 1238 1870 depositis,
1274 1803 1534 1859 Vetranio
1570 1805 1785 1874 plebeio
1821 1806 2015 1861 habitu

2137 1812 2378 1884 ιομένης,
2407 1813 2511 1884 ὁρᾷ
2543 1810 2786 1864 τοιοῦτον
2857 1809 3015 1878 δναρ.
3080 1809 3290 1863 Ἐδόκει
3349 1807 3444 1861 τὸν
3487 1808 3716 1875 πατέρα

435 1889 606 1959 pedes
637 1888 989 1960 imperatoris
1015 1894 1305 1961 amplexus
1351 1892 1553 1949 fuerat.
1591 1895 1641 1950 Is
1673 1910 1803 1951 vero
1837 1896 2018 1952 bomi-

2137 1905 2286 1960 ιύτοῦ
2305 1905 2454 1974 αὐτῷ
2491 1903 2852 1972 παρεστάναι,
2887 1902 2980 1954 τὸν
3015 1900 3132 1954 υἱὸν
3199 1899 3368 1952 αὑτοῦ
3430 1899 3523 1952 τὸν
3549 1897 3718 1951 Κών-

436 1992 561 2030 nem
621 1979 910 2048 amplexus
975 1989 1188 2050 patrem
1253 1982 1586 2048 nominavit,
1647 1995 2018 2058 porrectaque

2137 2017 2323 2052 τταντα
2354 1997 2653 2067 κατέχοντα
2685 1997 2751 2064 τῇ
2779 1995 2924 2065 χειρὶ
2959 1993 3052 2046 καὶ
3073 1992 3253 2060 λέγειν
3292 1990 3443 2059 αὐτῷ
3462 2007 3476 2022 ⁸
3545 1993 3716 2043 Κων-

440 2082 607 2120 manu
639 2083 831 2123 seume
860 2069 1123 2136 fulciens,
1150 2086 1321 2126 omna:
1352 2071 1626 2141 adhibuit,
1662 2076 1935 2148 assignata
1967 2081 2020 2133 ei

2137 2091 2381 2154 rtdrtte,
2401 2088 2533 2143 ἰδοὺ
2562 2087 2850 2152 Κώνστας
2868 2089 2901 2139 ὀ
2925 2086 3039 2151 σὸς
3061 2083 3348 2152 ἀδελφὸς,
3367 2079 3617 2136 πολλῶν
3639 2080 3717 2133 δὲ

440 2157 617 2213 Prusa
647 2161 783 2216 urbe
824 2161 1092 2233 Bithynia:
1137 2163 1190 2217 in
1238 2178 1348 2233 qua
1387 2163 1686 2232 habitaret,
1713 2177 1769 2221 et
1796 2168 2020 2238 praediis

2137 2179 2426 2233 Βασιλέων
2455 2178 2792 2245 ἀπόγονος,
2816 2175 2897 2239 ὡς
2954 2175 3024 2228 ἐκ
3074 2173 3376 2241 τυράννου
3435 2169 3712 2224 διώλετο.

442 2249 592 2306 unde
639 2253 855 2308 viveret
915 2253 1220 2308 attributis.
1266 2255 1346 2310 lbi
1383 2256 1476 2311 ille
1528 2271 1622 2312 sex
1655 2259 1817 2313 annis
1850 2260 2016 2314 vitam

2137 2272 2241 2342 [pri
2277 2287 2350 2325 σε
2380 2271 2594 2324 τοίνυν
2618 2269 2813 2334 τούτῳ
2841 2284 2906 2321 τε
2937 2265 3273 2336 τιμωρῆσαι
3297 2263 3394 2318 καὶ
3427 2261 3545 2330 τὴν
3597 2260 3715 2330 dp—

444 2341 688 2396 molliter
741 2353 921 2399 actam
964 2345 1124 2400 ﬁniit.
1167 2345 1246 2402 Ac
1298 2346 1649 2403 Vetranionis
1703 2349 2020 2422 hujusmodi

2137 2341 2246 2432 [llr
2267 2363 2353 2431 μὴ
2403 2362 2784 2430 παρόψεσθαι
2848 2355 3329 2425 διακοπτομένην
3386 2353 3541 2424 μήτε
3589 2351 3717 2419 τὴν

442 2432 548 2486 fuit
582 2435 786 2491 exitus.

2137 2458 2441 2512 τολιτείαν
2479 2451 2993 2520 ἀνατρεπομένην.
3027 2448 3295 2502 Σπεῦσαι
3327 2445 3396 2500 δὲ
3440 2446 3556 2512 τὴν
3603 2463 3714 2498 τυ-

435 2542 696 2609 ραννίδα
726 2543 1025 2610 καθελεῖν,
1058 2545 1155 2599 καί
1172 2545 1258 2615 μὴ
1288 2548 1578 2616 περιϊδεῖν
1602 2549 1710 2603 τὸν
1755 2549 2033 2621 ἀδελφὸν
2064 2535 2302 2609 ἀνεκδίιι
2319 2564 2482 2615 ητον.
2557 2545 2679 2597 Ἐπὶ
2709 2543 2921 2606 τούτοις
2975 2541 3312 2606 ammon;
3338 2543 3365 2594 ὁ
3414 2541 3716 2594 Κωνστάν-

443 2649 558 2696 τιος
575 2635 701 2697 τοὺς
735 2635 836 2704 μὲν
863 2637 1125 2706 πρέσϐεις
1156 2642 1414 2712 κατέσχε,
1449 2647 1544 2697 καὶ
1594 2647 1808 2716 φρουρᾷ
1845 2649 2234 2718 παραδέδωκε.
2310 2646 2484 2706 Αὐτὸς
2537 2643 2582 2695 δ’
2615 2642 2815 2695 αὐτίκα
2877 2642 3043 2712 μηδὲν
3112 2639 3388 2710 μελλήσας
3446 2638 3525 2698 είς
3568 2635 3715 2703 Σαρο

445 2728 603 2799 δικὴν
631 2731 1021 2798 παραγίνεται,
1052 2736 1194 2786 καὶὸ
1221 2735 1530 2805 Βετρανίων
1573 2741 1674 2810 τὴν
1741 2740 2062 2796 ἀνέλπιστον
2101 2741 2398 2810 ἐπιδημίαν
2465 2736 2678 2808 πτήξας
2715 2735 2810 2789 τοῦ
2872 2735 3284 2795 Κωνσταντίου,
3341 2733 3415 2794 ὡς
3469 2731 3716 2799 δεσπότῃ

444 2822 597 2889 αὐτῷ
635 2825 1078 2895 προῦπηντήκει.
1122 2827 1219 2890 τάς
1250 2845 1310 2881 τε
1366 2830 1648 2902 προτέρας
1695 2833 2032 2904 καταλείψας
2071 2833 2290 2905 βουλὰς,
2343 2832 2438 2886 καὶ
2502 2831 2778 2900 ἀθετήσας
2810 2828 2907 2891 τὰς
2925 2827 3198 2896 συνθήκας
3217 2825 3316 2886 τὰς
3358 2823 3494 2893 πρὸς
3544 2822 3714 2889 Μαγ-

450 2916 682 2970 νέντιον.
715 2916 826 2970 Καὶ
855 2919 883 2970 ὁ
914 2918 1297 2983 Κωνστάντιος
1320 2920 1376 2973 δὲ
1409 2922 1575 2975 αὐτὸν
1600 2924 1843 2994 γνησίως
1890 2927 2216 2997 προσήκατο
2282 2926 2380 2978 καὶ
2442 2921 2759 2993 ὁμοδίαιτον
2817 2920 3141 2989 ἐποιήσατο.
3208 2917 3288 2969 Τὰ
3341 2915 3449 2984 γὰρ
3481 2915 3580 2982 τῆς
3615 2911 3717 2980 βα-

448 3011 655 3073 σιλείας
683 3011 1100 3082 ἀποδυσάμενος
1129 3012 1158 3064 ὀ
1182 3013 1497 3084 Βετρανίων
1569 3018 1932 3088 γνωρίσματα
1997 3021 2055 3071 ὲν
2097 3017 2316 3072 ίδιὼτου
2400 3016 2563 3086 στολῇ
2593 3013 2705 3069 τῶν
2739 3011 2833 3067 τοῦ
2867 3011 3132 3084 βασιλέως
3162 3010 3338 3062 ποδῶν
3384 3007 3712 3060 ἐπελάϐετο.

458 3104 518 3158 Ὀ
549 3105 606 3158 δὲ
632 3104 1039 3178 περιεπτύξατό
1062 3122 1120 3158 τε
1151 3106 1242 3158 τὸν
1273 3105 1643 3178 Βετρανίωνα,
1664 3111 1761 3163 καὶ
1799 3112 2014 3180 πατέρα
2053 3109 2331 3179 ὠνόμασε.
2401 3108 2513 3163 Καὶ
2564 3108 2723 3177 χεῖρα
2753 3105 2964 3174 ὀρέγων
2984 3102 3136 3172 αὐτῷ
3173 3102 3267 3154 καὶ⁸
3321 3100 3716 3168 ὑποστηρίζων

449 3197 768 3272 πρεσϐύτην
863 3197 993 3250 ὄντα
1065 3195 1386 3251 σύνδειπνον
1469 3199 1786 3269 ἐποιήσατο,
1844 3195 1966 3256 εἶτα
2004 3205 2038 3273 ἡ
2075 3203 2300 3274 Προῦσα
2355 3199 2504 3271 αὐτῷ
2535 3199 2716 3269 (πόλις
2752 3199 2797 3252 δ’
2825 3197 2965 3268 αὕτη
3012 3196 3121 3272 τῶν
3164 3194 3429 3259 Βιθυνῶν)
3462 3194 3540 3255 εἰς
3574 3209 3718 3244 κατ-

447 3293 626 3348 οικίαν
673 3288 976 3360 ἀφώριστο,
1006 3290 1103 3343 καὶ
1155 3288 1331 3359 χωρία
1395 3289 1534 3361 πρὸς
1599 3292 2036 3362 χορηγίαν-τῶν
2109 3295 2438 3366 ἐπιτηδείων
2495 3293 2894 3363 άπονενέμητο.
2983 3289 3154 3342 Ἔνθα
3212 3288 3436 3360 τρυφῶν
3501 3287 3596 3339 ἐπὶ
3652 3285 3718 3352 ἒξ

449 3379 1035 3449 ἑνιαυτοὺς,τὴνζωὴν
1057 3380 1417 3452 ὲξεμὲτρησε.
1468 3382 1580 3434 Καὶ
1624 3381 1693 3435 τὰ
1746 3383 1848 3454 μὲν
1890 3385 2020 3456 περὶ
2057 3387 2401 3459 Βετρανίωνα
2443 3388 2524 3450 είς
2569 3385 2810 3440 τοιοῦτον
2836 3383 3212 3451 κατηντήκασι
3250 3380 3425 3440 τέλος.

547 3472 700 3528 Vlll.
762 3471 1121 3527 Constantius
1182 3479 1366 3526 autem
1431 3471 1755 3542 imperator,
1828 3485 2023 3530 contra

2201 3480 2271 3550 η’.
2317 3481 2376 3534 ’0
2406 3479 2769 3549 αὐτοκράτωρ
2794 3475 3172 3538 Κωνστάντιος
3199 3473 3336 3544 πρδς
3365 3473 3716 3538 Μαγνέντεον

450 3565 823 3636 Magnentium
889 3565 1176 3636 profectus
1205 3571 1313 3619 est.
1354 3562 1402 3619 ls
1449 3564 1743 3621 Mediolani
1799 3567 2026 3639 degens,

450 3660 679 3714 fratrem
742 3657 1092 3724 Decentium,
1148 3672 1314 3727 quem
1369 3657 1641 3714 Caesarem
1689 3660 2028 3726 nominarat,

455 3751 522 3806 ad
574 3749 875 3805 Galliarum
929 3748 1312 3804 defensionem
1362 3750 1558 3812 misit.!
1589 3751 1806 3806 Interea
1861 3752 2032 3823 Sapor

452 3843 923 3913 opportunitatem
959 3852 1177 3910 nactus,
1205 3841 1489 3898 Orientem
1523 3853 1722 3907 vastat,
1751 3857 1808 3899 et
1839 3862 2030 3915 magna

453 3931 636 4002 praeda
669 3940 848 4002 parta,
899 3932 1199 4002 multisque
1240 3932 1417 4003 captis
1451 3933 1674 3989 domum
1708 3937 2031 3992 revertitur.

455 4021 549 4078 Sic
599 4020 898 4090 imperator
941 4020 1093 4075 curis
1141 4020 1439 4076 hostilibus
1487 4023 1752 4092 utrinque
1795 4023 2034 4079 circum-

454 4121 675 4180 ventus,
699 4113 913 4168 Gallum
947 4112 1255 4182 patruelem
1287 4128 1473 4182 suum,
1511 4123 1569 4169 et
1596 4115 1823 4171 nomine
1855 4115 2034 4171 Caesa-

456 4207 532 4260 ris
563 4206 838 4277 dignatus,
869 4213 925 4260 et
947 4203 1271 4260 Constantia
1306 4219 1497 4262 sorore
1529 4207 1584 4260 in
1615 4209 2032 4263 matrimonium

462 4299 609 4363 data,
650 4297 704 4350 in
743 4295 1026 4352 Orientem
1075 4295 1319 4367 ablegat.
1359 4295 1438 4352 lta
1486 4297 1674 4354 Gallus
1715 4298 1898 4355 Caesar
1945 4315 2034 4354 sa-

454 4389 684 4452 lutatus,
752 4403 859 4442 una
918 4403 1043 4442 cum
1106 4402 1281 4443 uxore
1325 4389 1610 4444 Orientem
1669 4391 1829 4460 petit,
1889 4390 2036 4446 Con-

453 4485 690 4540 stantius
753 4483 958 4540 bellum
1027 4491 1219 4539 contra
1284 4483 1658 4555 Magnentium
1716 4496 1894 4556 parat.
1955 4486 2036 4542 Ne

452 4592 588 4632 vero
627 4578 826 4647 pugnis
853 4576 1134 4631 intestinis
1175 4585 1232 4630 et
1266 4577 1480 4632 mutuis
1522 4577 1765 4634 caedibus
1799 4578 2033 4633 Romani

453 4669 854 4737 polluerentur,
909 4680 1204 4741 tyrannum
1259 4672 1325 4726 ad
1383 4673 1670 4742 pactiones
1721 4689 2033 4744 provocan-

455 4759 587 4813 dum
642 4773 764 4814 esse
837 4771 1048 4816 censet.
1118 4761 1299 4817 Missis
1357 4763 1522 4832 igitur
1585 4764 1653 4819 ad
1714 4780 1842 4820 eum
1896 4766 2034 4821 viris

453 4848 784 4915 illustribus,
848 4850 1052 4906 litteris
1109 4852 1279 4907 etiam
1345 4854 1611 4922 exaratis,
1667 4855 1886 4910 veniam
1949 4857 2029 4912 illi

455 4940 761 5008 pollicetur,
791 4941 835 4996 si
863 4942 934 4995 ab
965 4943 1136 4998 armis
1179 4942 1528 5013 discesserit,
1575 4955 1634 5002 et
1663 4947 1868 5002 Gallias
1895 4964 2031 5004 con-

454 5027 626 5096 cedit,
673 5039 734 5085 ut
766 5032 887 5102 ejus
933 5032 1086 5102 regni
1133 5031 1336 5089 ﬁnibus
1380 5047 1441 5090 se
1482 5036 1781 5092 contineat.
1823 5038 2027 5094 Verum

456 5119 548 5176 ille
600 5122 738 5182 nihil
785 5123 1064 5178 modicum
1120 5125 1308 5180 animo
1353 5126 1588 5196 agitans,
1647 5142 1757 5183 non
1816 5131 2031 5198 accepit

2131 3572 2381 3642 ὥρμητο.
2427 3570 2486 3624 Ὀ
2518 3569 2575 3623 δὲ
2625 3572 2684 3623 ὲν
2743 3567 3064 3636 Μεδιολάνῳ
3114 3566 3291 3635 διῆγε,
3331 3564 3424 3616 τὸν
3472 3561 3715 3629 ἀδελφὸν

2130 3665 2413 3717 Δεκέντιον
2449 3661 2693 3715 ἀνειπὼν
2718 3660 2999 3730 Καίσαρα,
3044 3659 3136 3711 καὶ
3170 3657 3389 3719 στείλας
3419 3655 3582 3708 αὑτὸν
3611 3655 3713 3719 τὰς

2132 3754 2364 3816 Γαλλίας
2392 3753 2721 3822 φυλάξοντα.
2767 3751 2856 3804 Ἐν
2879 3751 3094 3814 τούτοις
3133 3749 3178 3802 δ’
3214 3745 3414 3807 αὖθιςό
3441 3747 3708 3814 Σαπώρης

2134 3847 2246 3916 (42)
2281 3847 2466 3907 ἁδείας
2495 3845 2838 3916 δραξάμενος
2873 3845 2940 3896 τὰ
2974 3845 3105 3911 περὶ
3148 3843 3223 3895 ἓω
3260 3841 3548 3912 ἐπόρθησε,
3605 3838 3700 3887 καὶ

2133 3939 2284 3992 λείαν
2309 3935 2508 3990 λαϐὼν.
2548 3937 2656 3989 Καὶ
2687 3933 3062 4006 δορυαλώτους
3115 3933 3351 3996 πολλοὺς
3409 3927 3700 3991 ἐπανέζευο

2136 4027 2244 4094 ξεν.
2274 4027 2433 4080 Οὕτω
2465 4026 2521 4078 δὲ
2551 4025 2898 4096 ἑκατέρωθεν
2931 4026 2959 4078 ὁ
3007 4023 3264 4094 βασιλεὺς
3317 4017 3710 4093 περιστοιχιζόο

2141 4139 2299 4192 μενος
2325 4123 2444 4184 ταῖς
2478 4121 2543 4174 ἐκ
2573 4119 2684 4172 τῶν
2725 4119 3006 4188 πολεμίων
3040 4118 3312 4189 φροντίσι,
3355 4117 3559 4169 Γάλλον
3619 4114 3716 4165 τὸν

2137 4217 2339 4268 οἰκεῖον
2375 4213 2665 4281 ἐξάδελφον
2696 4214 2936 4282 τιμήσας
2993 4214 3060 4282 τῇ
3092 4211 3219 4282 ἀξίᾳ
3266 4209 3362 4264 τοῦ
3433 4209 3719 4277 Καίσαρος

2138 4306 2251 4377 (45)
2285 4306 2377 4358 καὶ
2409 4305 2508 4374 τὴν
2536 4304 2736 4356 ἑαυτοῦ
2794 4303 3032 4372 ἀδελφὴν
3093 4303 3486 4356 Κωνσταντίαν
3515 4316 3723 4367 κατεγ-

2136 4396 2349 4466 γυήσας
2379 4395 2551 4464 αὐτῷ,
2589 4394 2671 4456 εἰς
2719 4392 2816 4464 τὴν
2840 4393 2982 4464 ἑῴαν
2999 4393 3301 4463 ἐξέπεμψε,
3334 4394 3436 4456 τὰς
3490 4393 3723 4460 ἐφόδους

2136 4487 2236 4548 τὰς
2269 4486 2542 4558 Περσικὰς
2576 4485 2977 4538 ἀνακύπτοντα.
3011 4485 3068 4538 'U
3093 4485 3190 4554 μὲν
3209 4484 3304 4537 οὖν
3331 4484 3533 4548 Γάλλος
3572 4485 3726 4537 Καῖ-

2141 4595 2248 4648 σαρ
2287 4577 2478 4631 τοῦτον
2512 4578 2604 4631 τὸν
2657 4577 2858 4648 τρόπον
2910 4576 3245 4648 ἀναρρηθεὶς
3295 4579 3387 4630 ἐπὶ
3426 4582 3528 4647 τὴν
3574 4576 3726 4647 ἑῴαν

2138 4671 2329 4742 ἀπῄει,
2353 4670 2449 4722 καὶ
2472 4668 2573 4739 τὴν
2609 4667 2846 4736 σύζυγον
2872 4670 3244 4737 ἑπαγόμενος.
3278 4669 3337 4722 '0
3362 4668 3419 4721 δέ
3443 4685 3506 4736 γε
3563 4669 3727 4719 Κων-

2144 4762 2393 4825 στάντιος
2430 4763 2511 4825 εἰς
2543 4761 2637 4815 τὸν
2670 4763 2812 4814 κατὰ
2864 4763 3211 4830 Μαγνεντίου
3253 4763 3503 4832 ἐχώρησε
3557 4761 3729 4814 πόλε-

2149 4870 2272 4924 μον.
2301 4853 2424 4906 Ἵνα
2449 4853 2506 4906 δὲ
2529 4852 2606 4922 μὴ
2630 4853 2836 4922 μάχαις
2859 4852 3145 4921 ἐμφυλίοις
3184 4853 3278 4904 καὶ
3339 4853 3582 4920 σφαγαῖς
3625 4853 3728 4904 άλ-

2137 4945 2316 5016 λήλων
2342 4946 2392 4998 οἱ
2433 4946 2694 5015 Ῥωμαῖοι
2724 4945 3045 5014 μιαίνοιντο,
3080 4946 3190 4998 δεῖν
3231 4944 3446 5014 ἔκρινεν
3463 4945 3540 5006 είς
3573 4961 3726 5012 συμ-

2139 5035 2330 5099 ϐάσεις
2357 5035 2448 5089 τὸν
2485 5035 2752 5105 τύραννον
2782 5035 3253 5104 προκαλέσασθαι.
3286 5035 3503 5087 Στέλλει
3533 5035 3724 5088 τοίνυν

2139 5129 2282 5198 πρὸς
2338 5128 2507 5183 αὑτὸν
2532 5127 2734 5199 ἄνδρας
2759 5129 2870 5181 τῶν
2895 5127 3200 5196 ἐπιφανῶν,
3252 5130 3347 5181 καὶ
3407 5125 3725 5197 γράμματα

1647 5284 1848 5346 Variae
1879 5284 2188 5350 lectiones
2221 5294 2282 5349 et
2313 5292 2508 5347 notae.

457 5407 606 5462 solit.
643 5407 718 5461 De
753 5407 857 5462 hoc
879 5408 1212 5463 Vetranione
1247 5407 1420 5463 multa
1461 5419 1862 5477 congesserunt
1899 5409 2038 5464 Sca-

457 5478 594 5549 liger
625 5477 692 5530 ad
718 5477 1038 5549 Eusebium,
1065 5477 1458 5549 Gotthoiredtls
1476 5479 1545 5532 ad
1584 5478 2035 5549 Philustorgium,

457 5546 867 5622 suntamantius
913 5549 968 5601 in
1009 5547 1349 5622 Comment._
1376 5547 1521 5622 Hist.
1552 5557 1610 5602 et
1659 5550 1756 5602 alii-
1809 5546 2034 5622 passim.

529 5618 641 5685 (Μ)
680 5617 1071 5684 Κατήπειγεν.
1131 5619 1217 5672 Al.
1252 5618 1606 5671 ὲπέσπευδεν.
1810 5617 1829 5622 ⁷
1910 5681 1914 5683 _

530 5687 642 5754 (42)
671 5686 976 5753 Σαπώρης.
1023 5685 1124 5753 Qui
1171 5689 1472 5755 Saporinus
1523 5687 1730 5741 dicitur
1778 5687 2038 5742 Ln'cil'cro

457 5754 792 5827 Calaritang.
823 5756 959 5809 lib.l
991 5773 1087 5824 pro
1119 5758 1176 5810 S.
1211 5754 1515 5810 Athanasio
1554 5776 1566 5808 :
1609 5757 1748 5827 Ergo
1780 5761 1904 5826 quia
1931 5762 2038 5810 Sa-

457 5826 693 5890 porinus,
731 5823 1014 5878 Persarum
1046 5841 1160 5891 rex,
1213 5842 1349 5878 nunc
1396 5836 1579 5880 contra
1623 5823 1698 5880 ιε’
1725 5823 1857 5898 gerit
1901 5838 2063 5897 prw-'

2146 5410 2310 5484 tium:
2331 5418 2442 5464 etc.
2478 5409 2864 5484 Constantium,
2885 5411 3204 5484 alloquitur.

2209 5482 2322 5551 (45)
2385 5482 2649 5549 Τιμήσας
2717 5481 2791 5550 τῇ
2836 5483 2978 5550 ἀξίᾳ
3016 5481 3349 5551 Ἀάίσαρος.
3409 5485 3729 5540 Constantii

2138 5561 2406 5619 praeterea
2459 5551 2634 5604 indito
2684 5553 2925 5611 nomine.
2981 5563 3040 5608 ut
3068 5554 3320 5609 scribunt
3355 5552 3564 5614 Victor.
3621 5556 3735 5609 So-

2137 5631 2337 5691 crates,
2374 5619 2668 5674 Chronicon
2711 5622 3155 5689 Alexandrinum,
3200 5632 3256 5677 et
3301 5624 3671 5691 Theophanes
3711 5642 3728 5678 :

2139 5705 2235 5762 seu
2266 5688 2507 5741 Junioris
2575 5691 2890 5745 Constantii.
2928 5694 3004 5747 uti
3046 5688 3370 5748 Ammonius
3403 5688 3732 5762 cllisCtipus,

2146 5761 2240 5826 qui
2268 5773 2330 5812 ca
2359 5770 2520 5813 actate
2561 5763 2718 5823 vixit,
2756 5775 2809 5833 ιιι
2835 5775 3076 5833 ipsemet
3109 5774 3365 5828 testatur,
3393 5766 3447 5816 in
3478 5761 3607 5817 iih.’
3647 5769 3731 5817 Ite

2141 5833 2249 5882 vita
2277 5839 2324 5882 ct
2350 5833 2742 5884 conversatione
2764 5830 2880 5885 SS."
2903 5833 3175 5888 Pachumii
3201 5842 3247 5888 et
3273 5834 3544 5891 Theodori.
3578 5851 3633 5885 ιι.
3667 5836 3722 5886 4.
