4026 6428
286 404 313 467 1
328 405 428 470 129

1574 397 1977 460 ANNALIUM
2018 398 2164 460 LIB.
2184 395 2361 459 XIII.

3410 396 3543 460 1130

278 516 333 569 δ’
362 503 690 584 ἐγχαράττει
722 508 893 581 αὖτῷ,
932 508 1268 580 συγγνώμην
1295 505 1445 579 αὐτῷ
1474 506 1648 571 διδοὺς
1674 506 1769 560 ἐπὶ
1790 505 1845 577 τι]

1969 520 2033 561 ea
2066 520 2189 575 qua:
2222 520 2322 576 per
2348 504 2520 561 otium
2548 522 2576 562 a
2607 505 2928 564 Constantio
2961 507 3211 579 accipere
3242 509 3535 579 potuisset.

278 605 625 675 τολμήματι,
659 603 707 655 εἰ
739 601 854 655 τῶν
896 600 1079 654 ὅπλων
1118 600 1433 670 ἀπόσχοιτο,
1471 597 1567 653 καὶ
1602 614 1866 668 παραχω-

280 693 400 764 ρῶν
434 692 584 762 αὐτῷ
613 692 723 747 τῶν
745 691 1008 756 Γαλλιῶν,
1043 691 1133 745 ἵνα
1162 691 1367 745 τούτων
1395 689 1540 761 ἄρχῃ
1586 687 1682 742 καὶ
1733 686 1863 741 τού-

276 802 400 849 τοις
427 785 837 856 περιορίζηται.
879 785 939 838 '0
966 783 1024 837 δὲ
1057 784 1217 837 οὐδέν
1260 801 1316 837 τι
1368 782 1581 853 φρονῶν
1618 782 1860 852 μέτριον,

274 876 349 929 οὐ
366 877 689 946 προσήκατο
713 875 782 929 τὰ
834 875 986 946 παρὰ
1015 874 1113 928 τοῦ
1140 875 1530 930 Κωνσταντίου
1570 871 1866 943 ἀπραγμό·

274 987 391 1031 νως
416 968 567 1039 αὐτῷ
595 968 974 1039 παρεχόμενα,
1032 967 1171 1023 ἀλλά
1230 967 1324 1022 τὸν
1381 966 1619 1037 πόλεμον
1664 964 1861 1028 εἵλετο,

275 1060 621 1129 καὶμᾶλλον
651 1061 752 1112 σὺν
778 1061 933 1130 τάχει
984 1060 1121 1132 πρὸς
1172 1058 1366 1113 τοῦτον
1425 1056 1727 1129 ἐχώρησεν,
1781 1055 1863 1108 ὅτι

270 1150 538 1215 mem;
571 1150 708 1222 (44),
740 1147 819 1215 εἷς
855 1152 964 1204 τῶν
989 1152 1156 1206 αὑτοῦ
1189 1150 1518 1222 ταξιάρχων,
1555 1148 1694 1218 μετά
1725 1147 1865 1218 πλή-

269 1243 407 1305 θους
455 1242 713 1305 ὁπλιτῶν,
765 1246 976 1298 ἐκεῖνον
1033 1243 1227 1310 λιπὼν,
1289 1240 1656 1311 Κωνσταντίῳ
1692 1255 1864 1310 προσ-

285 1333 428 1402 ῆλθε
482 1335 560 1406 τῷ
598 1335 988 1408 αὐτοκράτορι.
1025 1337 1163 1407 Ἤδη
1187 1337 1244 1391 δὲ
1294 1333 1716 1407 πλησιασάντων
1773 1331 1864 1386 ἀλ-

275 1423 492 1495 λήλοις,
524 1428 622 1480 καὶ
675 1428 1447 1499 ἀντιστρατοπεδευσαμένων,
1506 1427 1536 1481 ὅ
1582 1441 1644 1479 τε
1701 1425 1860 1478 Κων-

271 1517 535 1581 στάντιος
563 1520 691 1583 τοὺς
720 1518 964 1583 οἰκείους
991 1519 1335 1590 στρατιώτας
1370 1519 1552 1587 λόγοις
1584 1516 1862 1588 διήγειρεν

276 1610 367 1672 εἰς
387 1609 583 1681 ἀλκὴν,
625 1612 720 1664 καὶ
765 1614 793 1666 ό
821 1613 1168 1681 Μαγνέντιος
1190 1613 1320 1676 τοὺς
1345 1612 1543 1666 ἑαυτοῦ
1614 1611 1862 1681 παρεκά-

263 1698 362 1752 let
396 1700 595 1772 ἄνδρας
620 1701 1100 1772 φανῆναιπιστούς
1123 1719 1184 1755 τε
1214 1703 1309 1756 καὶ
1367 1701 1631 1771 ἀγαθοὺς,
1688 1700 1863 1754 πολλά

1967 595 2075 652 Sed
2120 598 2327 652 bellum
2372 600 2480 668 pati
2517 600 2826 669 praelatum,
2860 616 2928 655 eo
2959 600 3195 656 celerius
3217 616 3535 671 -aggressus

1964 695 2069 754 est,
2112 689 2259 758 quod
2304 689 2557 746 Silvanus
2585 691 2809 760 quidam
2842 708 2908 747 ex
2955 693 3195 747 tribunis
3241 692 3409 758 illius,
3463 694 3535 748 ab

1966 777 2086 848 ipso
2138 778 2205 833 ad
2253 778 2642 849 imperatorem
2691 795 2816 835 cum
2870 781 3059 837 multis
3112 781 3387 836 militibus
3439 783 3538 838 de-

1963 870 2186 926 fecerat.
2221 870 2358 925 Cum
2388 886 2558 942 prope
2590 883 2816 928 ventum
2849 880 3017 936 esset,
3051 873 3250 928 castris
3275 873 3538 943 utrinque

1964 963 2181 1032 positis,
2231 973 2288 1017 et
2325 961 2681 1019 Constantius
2721 980 2853 1020 suos
2899 965 3105 1019 milites
3146 964 3214 1018 ad
3256 979 3373 1019 rem
3419 965 3537 1019 ior-
3622 1010 3625 1013 λ

1966 1055 2096 1110 titer
2147 1058 2444 1127 gerendam
2497 1058 2841 1118 cohortatur,
2893 1065 2951 1111 et
3007 1055 3355 1126 Magnentius
3406 1070 3539 1111 suos

1965 1148 2120 1213 item,
2152 1157 2218 1203 ut
2236 1164 2296 1205 se
2327 1150 2477 1204 viros
2506 1147 2678 1203 fortes
2715 1156 2772 1203 et
2803 1147 2942 1203 ﬁdos
2980 1147 3318 1217 praeberent,
3355 1148 3535 1203 multa

1963 1241 2266 1311 pollicitus.
2326 1241 2445 1297 Jam
2514 1240 2808 1295 instructis
2885 1239 3178 1295 ordinibus
3239 1238 3537 1293 maximam

1963 1333 2070 1389 diei
2119 1342 2328 1404 partem
2377 1333 2627 1403 ignavam
2680 1341 3019 1403 transegere,
3070 1326 3286 1388 neutris
3333 1331 3540 1386 alteros

1963 1426 2252 1495 aggressis.
2301 1424 2647 1496 Magnentius
2688 1424 2856 1479 etiam
2906 1424 3207 1495 praestigiis
3248 1437 3381 1478 usus
3425 1432 3537 1478 cst.
3628 1470 3631 1473 .

1962 1516 2098 1571 Nam
2160 1531 2288 1588 saga
2350 1517 2601 1586 quaedam
2664 1530 2793 1570 eum
2852 1516 3089 1581 monuit,
3143 1523 3201 1570 ut
3265 1513 3538 1584 virginem

1964 1609 2297 1674 immolaret,
2337 1611 2568 1683 ejusque
2610 1610 2933 1679 sanguinem
2967 1608 3098 1663 vino
3150 1607 3378 1662 mistum
3432 1606 3538 1661 mi-

1963 1701 2152 1758 litibus
2207 1703 2539 1775 gustandum
2612 1704 2922 1773 praeberet,
2977 1702 3080 1771 l7
3134 1700 3252 1775 ipsa
3313 1699 3537 1754 interim

256 1790 462 1859 σφίσιν
491 1793 984 1863 ἐπαγγειλάμενος.
1036 1794 1646 1864 Ἀντιπαραταξάμενοι
1678 1793 1758 1856 δὲ,
1793 1793 1845 1846 τί

1965 1796 2208 1849 carmina
2256 1796 2503 1865 quaedam
2545 1796 2853 1862 recitante,
2910 1803 2970 1850 et
3014 1794 3324 1849 daemonum
3371 1805 3536 1861 opem

269 1885 387 1955 μὲν
420 1883 673 1938 πλεῖστον
698 1885 794 1952 τῆς
821 1886 1038 1956 ἡμέρας
1075 1886 1494 1957 ἀπρακτοῦντες
1570 1885 1855 1953 διήγαγον,

262 1976 504 2047 μηδενὸς
536 1976 613 2046 τῷ
661 1978 1270 2048 ἁντιπαρατεταγμένῳ
1313 1976 1472 2048 μέρει
1521 1976 1854 2042 ἐπεξιόντος.

275 2066 345 2121 Ὅ
371 2067 428 2120 δὲ
458 2068 799 2136 Μαγνέντιος
822 2070 916 2122 καὶ¹
941 2069 1228 2138 γοητείαις
1245 2070 1542 2140 ἐχρήσατο.
1568 2066 1714 2137 Γυνὴ
1747 2069 1857 2139 γάρ

260 2177 365 2224 τις
398 2160 575 2229 μάγος
600 2160 878 2231 παρθένον
908 2160 1061 2232 αὐτῷ
1115 2163 1422 2229 σφαγιάσαι
1470 2161 1725 2227 ὑπέθετο,
1758 2162 1856 2216 καὶ

254 2252 399 2323 οἴνῳ
424 2252 486 2305 τὸ
511 2253 720 2324 ταύτης
791 2249 931 2322 αἷμα
989 2252 1293 2322 προσμῖξαι
1336 2254 1431 2307 καλ⁸
1501 2253 1690 2307 δοῦναι
1741 2254 1855 2315 τοῖς

257 2339 643 2410 στρατιώταις
674 2340 808 2394 αὐτὸ
836 2342 1281 2410 ἀπογεύσασθαι,
1314 2343 1408 2398 ἐπὶ
1428 2345 1638 2407 τούτοις
1694 2344 1845 2397 ὲκείο

254 2445 365 2498 νης
408 2428 626 2497 ἐπῳδάς
658 2446 814 2491 τινας
847 2428 1136 2500 είπούσης,
1197 2432 1292 2485 καὶ
1323 2431 1597 2502 δαιμόνων
1650 2434 1847 2487 ἐπικα-

256 2520 542 2591 λουμένης
573 2522 919 2593 ὲπικουρίαν.
959 2524 1121 2593 "Ap-rt
1158 2524 1215 2577 δὲ
1236 2522 1336 2594 τῆς
1370 2524 1583 2595 ἡμέρας
1637 2525 1851 2579 κλινού-

256 2631 391 2684 σης,
419 2614 837 2687 συνερράγησαν
875 2615 1131 2687 ἀλλήλοις
1162 2617 1231 2670 τά
1295 2617 1709 2687 στρατεύματα,
1754 2617 1850 2672 καὶ

255 2706 472 2770 πολλὰς
498 2708 597 2776 τῆς
622 2708 804 2779 μάχης
838 2710 1077 2780 σχούσης
1104 2709 1439 2780 μεταϐολὰς,
1460 2710 1612 2773 τέλος
1654 2714 1688 2783 ἡ
1719 2712 1843 2786 νίκη

253 2798 340 2869 τῷ
368 2799 741 2870 Κωνσταντίῳ
764 2800 1143 2871 ἐπεμειδίασε,
1174 2800 1269 2855 καὶ
1298 2803 1460 2873 μέχρι
1509 2801 1733 2874 βαθείας
1748 2822 1846 2858 νυ-

254 2891 394 2955 κτὸς
420 2891 469 2943 oi
497 2890 590 2944 τοῦ
614 2892 956 2960 Μαγνεντίου
984 2894 1379 2951 συνεκόπτοντο
1396 2895 1488 2948 καὶ
1505 2896 1839 2951 ἀπώλλυντο·

261 2983 420 3036 οὕτω
464 2982 520 3036 δὲ
552 2986 653 3053 τῆς
699 2984 794 3038 τοῦ
824 2985 1066 3058 πολέμου
1097 2988 1273 3060 ῥοπῆς
1302 2990 1381 3061 τῷ
1410 2991 1663 3063 τυράννῳ
1712 3007 1841 3045 συν-

256 3072 583 3143 ενεχθείσης
601 3076 683 3138 είς
709 3074 886 3147 φυγὴν
918 3078 1129 3142 ἐκεῖνος
1182 3079 1421 3134 ἀπεῖδεν.
1492 3081 1611 3135 Ἵνα
1635 3080 1694 3135 δὲ
1764 3082 1840 3153 μὴ

1964 1885 2316 1956 implorante.
2374 1886 2482 1942 Sed
2542 1886 2632 1941 die
2679 1888 2784 1947 iam
2832 1886 3149 1950 inclinante,
3194 1882 3536 1939 exercitibus

1960 1979 2291 2049 congressis,
2350 1994 2476 2033 cum
2530 1978 2624 2035 diu
2688 1978 2916 2048 ancipiti
2984 1985 3157 2032 marte
3221 1983 3534 2047 pugnatum

1961 2081 2128 2136 esset,
2171 2070 2403 2124 victoria
2456 2069 2676 2125 tandem
2737 2083 2910 2140 penes
2965 2067 3351 2123 Constantium
3403 2065 3530 2131 fuit,

1956 2159 2356 2230 Magnentianis
2417 2159 2472 2215 in
2530 2161 2759 2215 multam
2815 2170 3037 2216 noctem
3087 2159 3244 2215 caesis
3291 2166 3349 2213 et
3397 2173 3519 2228 pro-

1955 2252 2175 2321 ﬂigatis.
2222 2251 2514 2323 Tyrannus
2557 2267 2713 2317 vero,
2755 2252 2858 2307 hac
2887 2253 3042 2323 plaga
3063 2259 3309 2320 accepta,
3344 2249 3532 2319 fugam

1954 2344 2169 2412 arripit,
2207 2352 2264 2396 ct
2293 2358 2362 2398 ne
2400 2354 2754 2413 agnoscatur,
2785 2344 3063 2414 plebeiam
3097 2350 3303 2397 vestem
3336 2341 3530 2406 sumit,

1952 2445 2009 2490 et
2057 2451 2263 2504 equum
2324 2450 2487 2490 suum
2534 2436 2702 2507 regiis
2748 2436 3060 2507 ins-ignibus
3098 2434 3395 2505 impositis,
3440 2450 3532 2490 so-

1948 2529 2127 2583 lutum
2168 2528 2416 2591 dimittit,
2448 2545 2462 2581 :
2495 2538 2553 2582 ut
2575 2528 2669 2598 qui
2705 2540 2917 2584 sessore
2948 2544 3181 2583 vacuum
3211 2539 3528 2584 currentem

1950 2620 2229 2685 viderent,
2291 2619 2473 2689 ipsum
2530 2619 2887 2675 interfectum
2944 2620 3351 2684 existimantes.
3410 2635 3527 2676 non

1946 2718 2441 2780 persequerentur.
2490 2708 2583 2765 Sic
2634 2710 2726 2765 ille
2773 2710 2987 2782 ell‘ugit.
3037 2711 3195 2766 Mane
3255 2702 3532 2767 Constan;

1949 2804 2107 2870 tium,
2156 2819 2281 2860 cum
2320 2803 2533 2859 tumulo
2578 2802 2817 2873 quodam
2876 2816 3180 2858 conscenso
3219 2801 3526 2872 subjectam

1945 2896 2228 2968 planitiem
2269 2904 2326 2951 et
2382 2894 2845 2966 praeterﬂuentem
2888 2908 3106 2949 amnem
3156 2893 3525 2950 cadaveribus

1946 2992 2108 3062 plena
2154 2989 2403 3054 vidisset,
2452 2989 2510 3044 in
2565 2986 2890 3043 manifestas
2935 2985 3186 3055 erupisse
3253 2986 3526 3057 lacrymas

1946 3083 2152 3147 ferunt,
2198 3097 2307 3136 non
2358 3091 2467 3136 tam
2511 3078 2743 3135 victoria
2774 3079 3041 3142 laetatum,
3081 3090 3245 3146 quam
3293 3074 3365 3131 ob
3412 3090 3525 3130 cte-

255 3168 378 3228 τοῖς
411 3161 713 3233 βασιλικοῖς
763 3169 1121 3239 παρασήμοις
1199 3172 1419 3242 φεύγων
1497 3173 1838 3245 γνωρίζοιτο,

1949 3190 2133 3230 sorum
2191 3172 2476 3228 interitum
2544 3178 2822 3227 maestum.
2885 3169 3020 3224 Nam
3083 3183 3209 3223 cum
3241 3167 3309 3222 ad
3365 3175 3524 3222 octo-

262 3254 594 3312 ἀποτίθεται
618 3257 794 3311 ταῦτα
830 3259 927 3313 καὶ
961 3261 1245 3333 ἰδιωτικὴν
1280 3264 1658 3332 ἀναλαμϐάνει
1719 3283 1842 3320 στο·

259 3347 390 3416 λήν.
424 3348 533 3399 Καὶ
555 3347 635 3419 τῷ
665 3348 921 3421 βασιλείῳ
953 3351 1107 3424 ἵππῳ
1135 3356 1204 3408 τά
1234 3356 1550 3429 παράσημα
1571 3358 1843 3430 ἐπιθέμε-

158 3518 166 3523 _
260 3450 381 3495 νος,
421 3433 610 3487 ἄνετον
639 3436 822 3506 ἀφῆκε
851 3441 1067 3510 τρέχειν
1084 3442 1269 3511 αὑτὸν,
1295 3444 1382 3498 ίνα
1404 3446 1679 3515 νομίζοιτο
1703 3449 1841 3522 πρὸς

258 3526 378 3580 τῶν
415 3525 670 3598 ὁρώντων
695 3530 786 3584 τὸν
812 3530 981 3587 ἵππον
1006 3533 1199 3590 θέοντα
1222 3537 1313 3591 τοῦ
1350 3540 1615 3595 ἐπιϐάτου
1643 3544 1839 3615 χωρὶς,

262 3621 615 3691 ἀνῃρημένος
646 3623 831 3688 αὐτὸς,
868 3626 963 3679 καὶ
995 3626 1073 3700 μὴ
1113 3629 1508 3687 καταδιώκοιτο
1558 3636 1699 3707 πρός
1758 3655 1843 3692 τι·

260 3728 371 3765 νων
391 3726 406 3741 ⁸
437 3714 466 3766 ό
488 3714 588 3783 μὲν
617 3712 713 3770 οὖν
730 3717 872 3772 οὕτω
902 3718 1111 3793 διέδρα.
1154 3722 1370 3777 Ἕωθεν
1403 3726 1458 3779 δὲ
1486 3728 1513 3780 ό
1541 3729 1839 3784 Κωνστάν-

261 3819 379 3867 τιος
403 3804 494 3858 ἐπί
523 3822 667 3872 τινος
695 3809 909 3873 ἀναῦάς
949 3810 1140 3879 λόφου,
1189 3816 1284 3867 καὶ
1322 3815 1424 3886 τὴν
1485 3819 1839 3890 παρακειμέ-

261 3910 364 3965 νην
389 3896 641 3962 πεδιάδα,
674 3898 814 3953 ά>.λά
843 3902 951 3972 μὴν
983 3904 1078 3955 καὶ
1116 3904 1209 3956 τὸν
1250 3909 1644 3978 παραρρέοντα
1674 3927 1839 3966 ποτα-

264 3988 367 4056 μὸν
399 3988 610 4059 νεκρῶν
637 3988 764 4043 ἰδὼν
819 3992 1084 4061 γέμοντα,
1136 3997 1218 4058 εἰς
1268 3998 1479 4067 φανερά
1534 4001 1841 4071 κατήνεκτο

259 4077 497 4145 δάκρυα,
517 4077 578 4129 ού
617 4079 818 4148 μᾶλλον
840 4080 930 4135 διὰ
964 4083 1065 4155 τὴν
1126 4085 1286 4156 νίκην
1364 4088 1650 4158 ἡδόμενος,
1713 4093 1838 4147 ὅσον

259 4171 352 4225 διὰ
401 4169 497 4224 τὸν
524 4170 633 4225 τῶν
677 4173 961 4229 πεσόντων
992 4177 1328 4248 δακνόμενος
1358 4180 1606 4253 ὄλεθρον.
1665 4184 1837 4255 Λέγε-

262 4281 352 4317 ται
384 4262 495 4334 γάρ
522 4264 635 4335 (45)
667 4265 733 4319 ἐκ
763 4265 864 4335 μὲν
883 4265 994 4321 τῶν
1028 4270 1266 4336 ἐκείνου,
1342 4272 1474 4341 περὶ⁸
1536 4275 1835 4345 τριάκοντα

265 4355 452 4406 πεσεῖν
504 4355 763 4426 χιλιάδες,
807 4357 1036 4413 ἀπασῶν
1056 4359 1486 4432 ἀριθμουμένων
1519 4365 1603 4429 είς
1642 4366 1836 4438 ὀγδοή-

1945 3267 2095 3339 ginta
2141 3266 2307 3321 millia
2343 3264 2596 3327 haberet,
2647 3262 2714 3318 ad
2753 3261 2974 3333 triginta
3030 3259 3201 3315 millia
3234 3259 3519 3316 cecidise:

1944 3360 2013 3414 de
2027 3356 2324 3430 Magnentii
2354 3356 2580 3428 triginta
2602 3370 2697 3411 sex
2714 3352 2978 3419 millibus,
3001 3359 3307 3422 quatuoret
3323 3351 3521 3421 viginti

1944 3449 2186 3520 periise.
2235 3448 2419 3503 (laesos
2483 3460 2678 3501 omnes
2743 3444 2927 3499 statim
2992 3443 3111 3496 sine
3171 3440 3518 3507 discrimine,

1945 3544 2061 3600 sive
2088 3543 2274 3598 hostes
2300 3539 2418 3595 sive
2450 3537 2614 3594 amici
2636 3541 2841 3599 essent,
2876 3533 3096 3605 sepeliri
3117 3532 3302 3604 jussit,
3334 3531 3522 3588 adhuc

1943 3641 2220 3711 spirantes
2269 3637 2567 3708 diligenter
2614 3633 2806 3689 haberi
2855 3643 2911 3686 et
2953 3629 3139 3687 curari
3182 3645 3213 3685 a
3259 3628 3519 3686 medicis.

1945 3730 2313 3802 Magnentius,
2343 3737 2402 3782 ut
2431 3726 2640 3781 dictum
2667 3731 2772 3789 est,
2802 3723 3046 3792 elapsus,
3076 3719 3337 3791 reliquias
3376 3735 3514 3777 suo-

1946 3839 2066 3879 rum
2135 3819 2551 3891 conquirendo,
2621 3825 2679 3872 et
2749 3816 2889 3870 alios
2940 3812 3302 3878 aseiscendo,
3363 3813 3514 3868 vires

1940 3913 2264 3984 recolligere
2313 3909 2613 3980 satagebat,
2662 3906 2830 3962 misso
2870 3903 2938 3959 ad
2991 3902 3376 3959 Constantium
3422 3918 3516 3959 se-

1941 4005 2144 4060 natorii
2178 4001 2391 4058 ordinis
2434 4000 2654 4070 legato,
2697 4012 2861 4066 quem
2890 3995 2997 4066 ;ille
3057 3993 3281 4048 nomine
3326 3993 3513 4063 legati,

1940 4096 2009 4151 ad
2054 4108 2155 4149 sua
2205 4088 2541 4162 exploranda
2593 4086 2812 4141 venisse
2867 4095 3042 4149 ratus,
3099 4097 3211 4137 non
3268 4082 3514 4138 admisit.

1938 4186 2009 4242 At
2057 4183 2405 4255 Magnentius
2464 4193 2656 4234 rursus
2722 4175 2999 4247 episcOpis
3055 4175 3237 4229 missis
3284 4173 3507 4229 veniam

1938 4279 2236 4349 impetrare
2265 4274 2469 4339 studet,
2497 4282 2553 4326 ut
2579 4286 2678 4342 pro
2714 4269 2891 4324 milite
2923 4266 3246 4337 imperatori
3276 4274 3510 4321 navaret

1939 4384 2185 4444 operam.
2227 4367 2309 4424 Ad
2338 4381 2458 4421 eam
2491 4363 2819 4435 legationem
2868 4359 3008 4415 nihil
3041 4358 3329 4428 respondit
3371 4356 3517 4411 ϐοη-

264 4460 449 4500 κοντα.
481 4448 582 4502 Ἐκ
604 4447 661 4503 δὲ
689 4447 798 4502 τῶν
843 4450 1187 4519 Μαγνεντίου
1237 4455 1535 4526 τριάκοντα
1619 4461 1716 4513 καλ⁵
1774 4459 1834 4528 ἒξ

1949 4460 2197 4525 stantius,
2262 4457 2359 4513 sed
2412 4454 2609 4526 legatis
2663 4467 2724 4506 re
2781 4450 2983 4505 infecta
3041 4447 3307 4511 dimissis,
3361 4455 3514 4500 moto

264 4536 438 4590 οὐσῶν
467 4541 747 4610 χιλιάδων,
781 4541 1148 4616 διαφθαρῆναι
1174 4546 1276 4612 τὰς
1308 4549 1484 4602 εἰκοσι
1531 4551 1670 4621 πρὸς
1715 4554 1835 4617 ταῖς

1949 4551 2184 4610 exercitu
2243 4546 2444 4620 pergit,
2492 4543 2684 4600 multis
2724 4542 2818 4613 qui
2866 4542 2970 4597 sub
3017 4539 3328 4610 Magnentio
3369 4537 3517 4592 mili-

263 4623 820 4696 τέσσαρσιν.Αὐτίκα
848 4631 1031 4684 τοίνυν
1085 4632 1216 4697 τοὺς
1289 4634 1389 4704 μὲν
1453 4636 1837 4708 ἀνῃρημένους

267 4715 378 4769 τῶν
406 4721 682 4773 πεσόντων
715 4723 896 4793 ταφῆς
926 4723 1230 4794 ἀξιωθῆναι
1281 4726 1496 4791 πάντας
1554 4730 1834 4797 ἐκέλευσε,

271 4805 346 4877 μὴ
370 4805 796 4880 διακρινομένων
850 4815 959 4869 τῶν
999 4817 1220 4870 οἰκείων
1271 4819 1304 4890 ἢ
1359 4820 1469 4872 τῶν
1535 4820 1833 4891 πολεμίων.

269 4896 402 4961 Τοὺς
428 4899 470 4950 δ’
502 4900 583 4955 ἔτι
612 4904 974 4973 ἐμπνέοντας,
1006 4909 1328 4978 ἐπιμελείας
1371 4913 1560 4982 τυχεῖν
1610 4917 1706 4968 καὶ
1746 4917 1833 4968 ία-

267 4992 455 5061 τρικῆς
490 4992 811 5064 θεραπείας.
833 4999 1070 5070 Διαδρὰς
1105 5001 1183 5067 δὲ,
1216 5002 1294 5065 ώς
1328 5003 1570 5076 εἴρηται,
1627 5007 1654 5058 ό
1711 5008 1831 5061 Μα-

268 5083 501 5151 γνέντιος
523 5085 648 5149 τούς
687 5104 747 5141 τε
788 5091 1194 5159 περισωθέντας
1237 5096 1303 5148 ὲκ
1353 5096 1463 5150 τῶν
1517 5098 1736 5153 οἰκείων
1767 5100 1828 5170 ἦ-

271 5173 443 5246 θροιζε
464 5178 558 5230 καὶ
582 5176 777 5242 ἄλλους
807 5183 1063 5251 συνέλεγε
1090 5200 1105 5215 ο
1140 5185 1234 5239 καὶ
1280 5181 1439 5251 αὖθις
1511 5189 1833 5260 ὲπαναλαμυ

1941 4653 2121 4701 Iarant
2176 4642 2245 4697 ad
2302 4655 2429 4695 eum
2488 4635 2915 4697 confluentibus,
2964 4646 3030 4687 ac
3086 4632 3412 4700 semetipsos
3458 4637 3515 4683 et

1934 4737 2154 4794 castella
2203 4733 2328 4789 ﬁdei
2354 4732 2505 4787 illius
2543 4726 3035 4784 committentibus.
3066 4723 3137 4778 At
3170 4722 3515 4792 Magnentius

1932 4832 2091 4886 venia
2120 4827 2434 4897 desperata,
2471 4838 2531 4877 se
2569 4822 2635 4876 ad
2667 4820 2872 4875 bellum
2910 4825 3091 4888 parat,
3128 4826 3189 4870 et
3224 4815 3283 4868 in
3318 4813 3513 4868 Galliis

1933 4918 2123 4988 copias
2173 4915 2405 4985 colligit.
2452 4912 2520 4969 Ut
2553 4918 2737 4965 autem
2767 4907 3067 4963 sollicitum
3116 4903 3376 4960 redderet
3406 4903 3513 4957 im-

1933 5018 2266 5080 peratorem,
2293 5016 2349 5060 et
2388 5019 2418 5058 a
2463 5016 2585 5059 sese
2618 5001 2726 5055 alio
2755 4999 3074 5055 adverteret
3102 5014 3116 5052 :
3153 4993 3507 5049 familiarium

1931 5113 2157 5155 suorum
2207 5095 2503 5166 quemdam
2551 5092 2718 5148 mittit
2744 5090 3117 5154 Antiochiam,
3152 5087 3247 5156 qui
3294 5085 3510 5140 Gallum

1931 5193 2107 5249 tollat.
2140 5191 2193 5245 is
2221 5204 2332 5260 quo
2384 5189 2568 5242 minus
2595 5193 2892 5255 suspectus
2938 5188 3107 5245 esset,
3141 5180 3196 5232 in
3233 5191 3374 5232 anus
3411 5190 3513 5228 cu-

273 5270 445 5326 δάνειν
475 5271 668 5326 ἑαυτὸν
695 5274 980 5345 ἐπειρᾶτο.
1006 5276 1255 5331 Ἐστειλε
1279 5278 1340 5332 δὲ
1393 5282 1491 5335 καὶ
1542 5282 1682 5352 πρὸς
1733 5283 1828 5338 τὸν

1952 5284 2145 5340 usdam
2200 5282 2422 5354 tugurio
2461 5282 2614 5352 juxta
2669 5276 2935 5333 Orontem
2982 5273 3207 5329 ﬂuvium
3259 5268 3511 5335 dirertit,

1350 5521 1355 5528 _
1409 5444 1611 5507 Variae
1634 5444 1949 5508 lectiones
1978 5453 2040 5508 et
2087 5448 2280 5508 notua.

310 5651 319 5667 ‘
344 5578 448 5667 (ﬁ)
484 5582 795 5667 ξιέλϐανός.
844 5587 1156 5667 Cbronicon
1187 5591 1414 5667 Eusebii
1442 5607 1458 5646 :
1489 5590 1738 5648 Silvanus
1769 5594 1825 5647 in

281 5650 444 5734 Gellia
482 5665 562 5734 θ’ξῦ
604 5650 764 5734 Ερμιιᾶ
789 5663 1003 5714 molitus
1043 5662 1289 5734 vigesimo
1311 5671 1510 5734 koctaro
1540 5667 1826 5718 exstinctus

281 5721 466 5801 est‘dig.
494 5721 571 5774 De
603 5720 826 5801 §jlvano
857 5742 1024 5801 agunt
1066 5731 1254 5786 Victor
1304 5731 1540 5795 Sebotti.
1581 5735 1826 5788 Ammia.

282 5806 399 5858 nus,
427 5791 460 5846 l.
486 5806 575 5852 xv,
615 5790 934 5865 Hieronyni.
984 5800 1041 5851 in
1083 5801 1323 5866 Cbron.,
1346 5790 1671 5874 Theophan.
1704 5815 1818 5859 etc.

539 5883 813 5946 ΡΑΤιιοι..
865 5887 986 5947 GR.
1030 5887 1354 5957 CXXXIV.

2007 5595 2126 5668 (ιδ)
2187 5592 2431 5668 Λέγεται
2465 5603 2576 5668 mp
2600 5601 2734 5658 μενο
2774 5579 3515 5668 Euseb.;,0hr99-_§!99¥f§-

1932 5650 2034 5722 tiu‘s
2076 5650 2487 5728 Murue'victus;
2509 5650 2564 5715 in
2600 5650 2703 5728 quo
2734 5651 2921 5728 pretio
2941 5650 3197 5706 Romam:
3224 5650 3360 5703 vires
3386 5662 3514 5701 cono

1929 5739 2195 5793 dderunt.

3119 5872 3196 5937 36
