4026 6400
503 353 637 420 1121
1799 347 2125 416 JOANNIS
2158 345 2482 412 ZONAR/E
3610 346 3771 413 1132

496 472 614 542 qni,
652 478 711 525 nt
733 468 958 541 quidam
990 469 1237 537 tradunt,
1279 469 1411 525 olim
1442 467 1672 541 Ophites
1702 466 1908 535 dictus,
1948 477 2076 538 post

2180 465 2567 522 Κωνστάντιον
2588 460 2957 533 συγκλητικόν
2992 477 3116 516 τινα
3159 460 3609 533 πρεσϐεύσαντα,
3653 462 3721 518 ὃν
3758 465 3794 516 ό

495 563 563 615 de
604 561 827 615 nomine
872 560 969 614 lilii
1023 560 1310 629 Cambysis
1356 560 1502 630 regis
1547 558 1864 621 Persarum,
1914 557 1968 611 in
2003 554 2078 610 eo‘

2180 559 2557 621 Κωνστάντιος
2573 554 2782 627 οίηθεὶς
2799 554 2880 626 τῷ
2907 554 3008 625 τῆς
3028 554 3326 627 πρεσϐείας
3348 553 3577 625 ὀνόματι
3600 571 3797 608 κατα-

493 653 787 715 submersi,
821 653 900 706 sic
930 653 1349 723 cognominatus
1371 660 1476 707 est.
1507 650 1728 706 lnsidiis
1766 653 1877 721 jam
1918 649 2073 705 Gallo

492 746 844 817 comparatis,
888 754 947 801 et
996 746 1186 800 multis
1235 744 1556 814 legionariis
1585 744 1696 800 sibi
1733 742 2067 807 conciliatis,

490 838 707 909 vesperi
767 854 894 893 ctnn
948 837 1281 906 quihusdam
1333 837 1412 891 rei
1476 838 1718 892 consciis
1766 837 1823 890 in
1876 834 2074 889 vetulae

490 931 714 1001 tugurio
747 944 1101 993 concmnans,
1143 929 1376 983 liberius
1424 928 1493 982 de
1533 929 1651 984 suis
1684 925 2074 998 ls-consiliis

490 1023 954 1093 colloquebatur,
1018 1032 1338 1092 contempta
1404 1022 1666 1085 anicula,
1726 1029 1786 1075 ut
1847 1018 2072 1073 minime

490 1117 731 1178 curiosa,
794 1124 851 1168 et
903 1113 976 1167 ob
1034 1114 1251 1167 senium
1312 1128 1381 1167 ne
1442 1112 1791 1166 intellectura
1844 1109 2071 1179 quidem

489 1204 625 1273 quid
681 1205 985 1260 diceretur.
1031 1206 1101 1259 At
1127 1205 1239 1270 illa,
1280 1213 1341 1259 ut
1380 1213 1632 1274 apparet,
1676 1202 1891 1257 acriore
1934 1216 2075 1271 prm-

488 1298 603 1351 dita
654 1297 894 1367 ingenio,
942 1294 1029 1351 vel
1076 1293 1269 1351 audire
1315 1310 1374 1350 se
1422 1296 1512 1349 illa
1562 1296 1898 1358 dissimulat,
1973 1292 2069 1346 sed

487 1389 766 1443 memoria:
794 1388 1098 1460 diligenter
1129 1388 1355 1443 mandat
1399 1388 1623 1442 omnia:
1662 1401 1903 1457 cumque
1937 1385 2071 1440 hos-

487 1497 605 1552 pes.
633 1482 763 1536 vino
813 1482 1017 1553 gravis,
1064 1483 1177 1552 jam
1226 1482 1619 1543 obdormisset.
1664 1480 1803 1534 clam
1854 1495 2072 1550 egressa

488 1577 731 1642 tugurio,
773 1573 967 1628 urbem
1010 1574 1202 1639 intrat,
1247 1583 1306 1628 et
1348 1573 1537 1628 omnia
1584 1572 1787 1628 Caesari
1830 1571 2070 1636 nuntiat,

485 1684 513 1721 a
548 1684 658 1737 quo
689 1668 842 1722 missi
872 1668 1095 1738 quidam
1141 1667 1522 1723 insidiatorem
1565 1665 2069 1736 comprehendunt,

485 1762 581 1830 qui
637 1761 1042 1830 quaestionibus
1089 1760 1376 1824 adhibitis,
1432 1774 1653 1814 omnem
1703 1758 1944 1813 fabulam
1988 1774 2075 1812 re-

2195 650 2546 720 σκοπήσοντα
2631 648 2814 718 ἥκειν,
2852 646 2950 700 καὶ
2973 646 3044 700 τά
3065 647 3187 699 κατ’
3212 647 3379 700 αὑτὸν
3399 647 3794 717 περιεργασά-

2177 763 2360 817 μενον,
2384 741 2752 817 περιώρησεν.
2768 743 2827 797 Ὀ
2844 741 2900 796 δέ
2919 741 3251 810 Μαγνέντιος
3270 740 3592 803 ἐπισκόποις
3609 737 3721 792 αὖο
3734 758 3747 789 ι
3760 738 3809 817 ς’

2178 808 2258 894 εἰς
2275 808 2577 909 πρεσϐείαν
2597 808 2886 906 expulsa-ro,
2917 808 3441 903 συγγνωμονηθηναι
3474 828 3657 901 ζητῶν
3701 808 3790 881 ἵν⁹

2173 932 2231 984 ἐν
2254 929 2587 1003 στρατιώτου
2602 929 2767 1000 μοίρᾳ
2792 928 2867 996 τῷ
2886 926 3096 997 βασιλεῖ
3112 923 3593 995 συστρατεύσοιτο.
3631 921 3794 975 Ἀλλ’

2172 1025 2325 1079 ούδέν
2370 1024 2509 1095 πρὸς
2577 1024 2677 1095 τὴν
2729 1022 3029 1095 πρεσϐείαν
3091 1020 3299 1090 ταύτην
3332 1016 3795 1087 άνταπεκρίνατο

2173 1120 2203 1171 ὁ
2232 1117 2636 1179 Κωνστάντιος.
2690 1114 2898 1186 ’Ᾱφῆκε
2924 1114 2983 1167 δὲ
3016 1112 3142 1176 τοὺς
3168 1109 3431 1183 πρέσϐεις
3450 1107 3795 1177 ἀπράκτους

2173 1210 2518 1264 ἐπανελθεῖν.
2553 1209 2823 1270 Κάκεῖνος
2857 1207 3026 1278 ἀπῄει
3054 1205 3288 1274 κινήσας
3324 1200 3386 1255 τὸ
3415 1200 3783 1273 στράτευμα,

2173 1304 2268 1357 καὶ
2288 1302 2475 1356 πολλοὶ
2485 1301 2596 1356 τῶν
2616 1300 2720 1354 ὑπὸ
2740 1299 3080 1369 λίαγνέντιον
3104 1295 3256 1367 αύτῷ
3284 1294 3622 1366 προσῄεσαν,
3643 1293 3793 1346 ἐαυ-

2172 1396 2300 1459 τούς
2329 1411 2389 1447 τε
2415 1394 2508 1448 καὶ
2540 1393 2610 1446 τὰ
2648 1392 2886 1464 φρούρια
2911 1387 3332 1461 ἐγχειρίζοντες.
3360 1382 3709 1454 Μαγνέντιος
3727 1387 3793 1439 δὲ

2173 1484 2447 1553 ἀπογνοὺς
2467 1482 2529 1538 τὸ
2544 1483 2640 1537 τοῦ
2658 1483 2992 1553 συγγνώμης
3011 1476 3195 1552 τυχεῖν
3219 1479 3355 1552 πρὸς
3369 1477 3607 1547 πόλεμον
3621 1478 3792 1545 ἡτοι-

2176 1578 2404 1648 μάζετο,
2435 1577 2534 1631 καὶ
2560 1578 2620 1631 ἐν
2647 1575 2905 1637 Γαλλίαις
2940 1573 3147 1641 διάγων
3175 1571 3360 1643 πλήθη
3391 1568 3786 1649 συνήθροιζεν.

2175 1670 2293 1723 Ἵνα
2329 1670 2386 1723 δέ
2435 1670 2688 1741 φροντίσι
2717 1667 2993 1741 περιϐάλῃ
3009 1667 3106 1720 τὸν
3140 1667 3551 1735 αὐτοκράτορα,
3584 1664 3688 1717 καὶ
3721 1663 3790 1728 ἐξ

2176 1761 2374 1817 ἐαυτοῦ
2392 1759 2839 1832 ἀντιπερισπάσῃ
2864 1760 3002 1833 πρὸς
3031 1756 3462 1829 Ξτερα,ἐπεμψέ
3500 1773 3626 1809 τινα
3656 1754 3786 1807 τῶν

484 1860 693 1907 censet.
737 1853 827 1907 Sic
857 1852 1306 1914 Gallus.evitatis
1345 1851 1584 1918 insidiis,
1615 1851 1684 1907 de
1717 1851 1812 1905 illo
1854 1859 1910 1905 et
1936 1866 2071 1905 con-

2180 1852 2377 1907 ἐαυτοῦ
2434 1853 2652 1907 οίκείων
2668 1854 2748 1907 είς
2766 1853 3124 1921 ’Δντιόχειαν,
3145 1850 3516 1921 ἀναιρήσοντα
3545 1845 3786 1899 Γάλλον.

487 1946 618 1998 sciis
643 1943 974 2015 supplicium
1000 1944 1191 1999 sumit.

2182 1946 2296 2000 Kal
2312 1947 2340 1998 ό
2365 1944 2661 2016 πεμφθεὶς,
2695 1943 2782 1997 διὰ
2802 1945 2863 1996 τὸ
2891 1942 3231 2008 ἀνύποπτον,
3249 1942 3331 2005 εις
3353 1938 3601 2009 καλύϐην
3628 1937 3788 2000 τινὸς

494 2035 761 2087 κατέλυσε
792 2034 984 2105 γραὸς,
1020 2032 1282 2104 παράτῷ
1318 2034 1590 2108 Ὀῥρόντῃ
1625 2033 1860 2105 ποταμῷ
1928 2036 2318 2106 πεπηγμένην,
2402 2035 2463 2098 ὃς
2511 2035 2734 2105 Ὀφίτης
2800 2033 2996 2105 πρώην
3054 2033 3418 2103 καλούμενος,
3474 2031 3552 2095 ὣς
3628 2046 3790 2090 τινες

493 2128 824 2200 ἱστοροῦσιν,
896 2128 1196 2200 Ὀρρόντης
1255 2129 1536 2201 ἐπεκλήθη
1611 2130 1935 2201 μετέπειτα,
2009 2130 2106 2184 τοῦ
2147 2130 2266 2183 υἱοῦ
2327 2128 2632 2199 Καμϐύσου
2682 2127 2780 2183 τοῦ
2835 2127 3067 2200 Περσῶν
3133 2126 3403 2199 βασιλέως
3465 2127 3548 2188 εἰς
3606 2125 3791 2178 αὐτὸν

492 2222 1216 2294 ἐμπεπόντος,καλουμένου
1255 2223 1567 2293 ὐῤῥόντου.
1639 2224 1776 2295 Ἤδη
1854 2225 1989 2292 γοῦν
2046 2226 2075 2278 ὁ
2115 2224 2267 2294 παρά
2323 2221 2420 2276 τοῦ
2484 2223 2827 2292 Μαγνεντίου
2863 2222 3085 2287 σταλεὶς
3115 2222 3218 2292 τὴν
3248 2221 3395 2275 κατά
3422 2220 3519 2275 τοῦ
3568 2219 3792 2275 Γάλλου

498 2317 804 2389 ἐξαρτύσας
843 2318 1163 2391 ἐπιϐουλὴν,
1195 2321 1289 2374 καὶ
1343 2319 1573 2382 πολλοὺς
1623 2319 1734 2371 τῶν
1782 2320 1903 2371 ἐκεῖ
1947 2317 2465 2390 προσποιησάμενος
2527 2316 2786 2382 ὁπλιτῶν,
2822 2317 3066 2385 ἑσπέρας
3135 2316 3285 2387 παρά
3342 2317 3408 2387 τῇ
3460 2314 3558 2384 τῆς
3604 2312 3791 2382 γραὸς
3882 2330 3891 2335 ·

497 2409 613 2480 (46)
662 2409 872 2481 καλύϐῃ
934 2411 1043 2465 τῶν
1115 2412 1450 2482 συνιστόρων
1507 2412 1618 2465 τισὶ
1710 2411 2065 2475 συνδειπιῶν,
2124 2412 2445 2484 ἀδεέστερον
2520 2411 2707 2471 αὐτοῖς
2768 2410 2950 2481 ὁμίλει
3030 2410 3164 2479 περὶ
3241 2401 3318 2463 ὧν
3394 2405 3790 2469 ἐϐουλεύοντο,

492 2505 851 2575 καταφρονῶν
904 2506 1007 2576 τῆς
1075 2508 1244 2577 γραὸς
1290 2507 1365 2571 ὡς
1425 2507 1808 2578 ἀπράγμονος,
1882 2507 1978 2560 καὶ
2019 2506 2156 2578 μηδὲ
2212 2506 2491 2577 συνιείσης
2542 2506 2634 2560 διά
2669 2506 2732 2561 τὸ
2789 2506 2974 2576 γῆρας
3021 2505 3132 2559 τῶν
3183 2504 3519 2573 λεγομένων.
3589 2501 3659 2554 Ἦ
3724 2502 3792 2555 δὲ

484 2598 726 2667 φύτεως,
786 2595 863 2660 ὡς
918 2597 1119 2664 ἔοικε),
1172 2596 1596 2668 ἐντρεχεῖτέρας
1649 2600 2017 2670 τυγχάνωσι.
2094 2596 2258 2668 ἐῴκει
2310 2598 2410 2668 μὲν
2479 2598 2605 2669 μηδ’
2666 2598 2894 2657 ἀκούειν
2920 2597 3028 2651 τῶν
3058 2596 3417 2668 λεγομένωνο
3477 2596 3660 2650 πάντα
3725 2597 3794 2651 δὲ

490 2691 792 2760 συνετήρει
823 2686 946 2741 καθ’
969 2689 1194 2759 ἐαυτήν.
1239 2689 1348 2742 Kal
1368 2688 1491 2741 ἐπεὶ
1513 2691 1540 2742 ὁ
1568 2689 1722 2761 ξένος
1775 2690 1946 2759 αὐτῆς
2038 2688 2290 2752 οἰνωθεὶς
2348 2687 2622 2755 ὕπνωσεν,
2678 2688 2866 2759 ἐκείνη
2902 2686 3081 2758 λάθρα
3105 2685 3208 2756 τῆς
3269 2684 3517 2759 καλύϐης
3548 2688 3797 2755 ὑπεξελα-

488 2781 658 2837 Θοῦσα
679 2779 835 2852 παρά
863 2778 965 2849 τὴν
994 2779 1149 2832 πόλ.ν
1178 2781 1432 2850 ἀφίκετο.
1469 2783 1577 2835 Kal
1642 2782 1828 2835 πάντα
1881 2780 2247 2851 καταγγέλλει
2314 2780 2393 2851 τῷ
2461 2780 2887 2853 Καίσαρι.Παρ’
2954 2774 3017 2835 οὗ
3078 2780 3370 2843 σταλέντες
3414 2782 3584 2847 τινὲς,
3648 2800 3793 2838 συν-

487 2876 646 2944 έσχον
670 2871 839 2928 αὐτοῦ
873 2870 968 2925 τὸν
995 2871 1308 2939 ἐπίϐουλον,
1342 2872 1401 2937 ὃς
1424 2874 1482 2927 ἐν
1500 2874 1721 2947 ἀνάγκῃ
1766 2873 2069 2938 καταστὰς,
2114 2873 2175 2927 τὸ
2233 2872 2382 2927 ἅπαν
2421 2872 2610 2943 δράμα
2645 2873 2901 2945 ἐξέφηνε.
2936 2872 3049 2928 Kal
3088 2871 3233 2927 οὕτω
3262 2874 3364 2944 τὴν
3424 2873 3729 2949 ἐπιϐουλὴν
3759 2885 3793 2938 ό

486 2969 691 3031 Γάλλος
715 2966 994 3037 διέφυγεν,
1028 2966 1241 3019 ἐκεῖνον
1264 2965 1503 3029 κολάσας
1559 2966 1654 3019 καὶ
1688 2966 1815 3028 τοὺς
1855 2965 2068 3018 ἐκείνου
2111 2964 2459 3036 συνίστορας.
3596 3006 3604 3011 .

556 3062 645 3120 IX.
698 3061 794 3116 llis
845 3063 918 3115 ita
959 3060 1149 3132 gestis,
1207 3060 1554 3130 Magnentius
1601 3059 1788 3114 denuo
1841 3057 1909 3114 ad
1961 3074 2066 3128 pu-

2243 3056 2323 3113 Θ’.
2356 3056 2578 3114 Τούτων
2633 3056 2779 3113 οὕτω
2828 3058 3281 3131 συμϐεϐηκότων,
3337 3061 3367 3113 ό
3429 3061 3789 3133 Μαγνέντιος

485 3173 646 3230 gnam
722 3164 969 3228 paratus,
1010 3154 1419 3225 commissoque
1473 3153 1665 3223 prrelio
1691 3168 1722 3207 a
1753 3151 2083 3207 Constantio

486 3251 694 3316 victus,
742 3247 902 3319 fugit.
949 3245 1056 3301 Sed
1121 3244 1328 3300 milites
1368 3245 1508 3316 fuga:
1556 3244 1705 3299 illius
1747 3243 1904 3306 socii,
1955 3257 2083 3297 cum

488 3339 697 3395 nullam
750 3336 948 3394 salutis
1020 3350 1174 3406 spem
1227 3334 1494 3404 reliquam
1549 3334 1822 3398 viderent,
1885 3348 2083 3403 supcr-

488 3443 792 3484 vacaneum
819 3426 1068 3481 arbitrati
1111 3439 1212 3494 pro
1250 3424 1476 3479 homine
1501 3424 1801 3494 desperato
1834 3423 2081 3494 pericula

489 3520 667 3580 adire.
700 3535 828 3572 cum
856 3519 1175 3585 imperaturi
1209 3514 1429 3569 tradere
1455 3514 1852 3579 decreverunt,
1889 3514 2080 3583 Itaque

490 3607 853 3665 diversorium
916 3606 1036 3676 ejus
1080 3606 1528 3671 circumstantes,
1580 3588 1862 3660 hominem
1911 3604 2079 3659 satel-

489 3701 650 3760 Lﬁtum
715 3700 824 3754 ritu
885 3696 1228 3761 custodiunt,
1289 3712 1359 3752 ne
1415 3698 1560 3752 clam
1648 3698 1922 3754 elabatur.
1973 3697 2083 3751 Ma-

491 3792 754 3866 gnentius
803 3789 1078 3847 sententia
1127 3789 1347 3844 illorum
1396 3790 1636 3859 cognita,
1688 3790 1743 3843 in
1792 3789 2082 3860 angustias

492 3885 749 3941 redactus
773 3882 1143 3946 inevitabiles,
1171 3898 1272 3952 per
1292 3881 1760 3953 desperationem,
1788 3893 1848 3936 ut
1876 3883 2074 3946 fertur,

491 3977 688 4033 furiosi
736 3972 979 4029 hominis
1014 3970 1261 4027 facinora
1302 3971 1501 4037 edidit,
1555 3970 1879 4036 interfectis,
1935 3985 2078 4040 quos

494 4069 643 4123 circa
689 4080 749 4121 se
801 4065 1098 4126 habuerat,
1147 4064 1398 4133 cognatis
1442 4072 1499 4117 et
1553 4062 1747 4119 amicis
1790 4063 2072 4118 omnibus.

493 4156 780 4213 Desiderio
810 4155 980 4210 etiam
1028 4153 1184 4206 fratri
1219 4153 1407 4208 multis
1455 4153 1777 4208 vulneribus
1824 4151 2075 4218 inflictis,

494 4251 646 4306 nullo
670 4259 851 4304 tamen
871 4263 939 4304 ex
959 4248 1041 4304 eis
1067 4246 1277 4314 letbali,
1302 4247 1539 4317 denique
1566 4246 1808 4317 seipsum
1830 4244 2078 4309 sustulit,

2184 3145 2343 3213 αὖθις
2374 3148 2513 3221 πρὸς
2540 3149 2725 3219 μάχην
2758 3148 3116 3220 ηὐτρέπιστο,
3151 3151 3251 3203 καὶ
3294 3150 3600 3221 συμϐαλὼν
3662 3158 3792 3221 τοῖς

2181 3240 2277 3295 τοῦ
2315 3241 2702 3304 Κωνσταντίου
2734 3242 2967 3313 ἡττᾶται
3000 3240 3098 3294 καὶ
3127 3240 3345 3310 φεύγει.
3383 3242 3449 3296 οι
3470 3242 3606 3313 γοῦν
3624 3248 3790 3318 αύτῷ

2188 3334 2575 3405 συμφυγόντες
2631 3334 2990 3405 στρατιῶται,
3022 3332 3148 3388 ἐπεὶ
3210 3334 3527 3405 μηδαμόθεν
3584 3337 3789 3409 ἐώρων

2182 3426 2369 3488 αὐτοῖς
2394 3425 2682 3495 σωτηρίας
2705 3425 2901 3478 ἐλπίδα
2924 3424 3220 3495 περιλιπῆ,
3265 3425 3510 3495 μάταιον
3548 3429 3789 3499 κρίναν-

2182 3533 2276 3581 τες
2302 3516 2646 3571 κινδυνεύειν
2683 3518 2825 3588 ὺπέρ
2858 3518 3293 3587 ἀπεγνωσμένου
3318 3517 3542 3589 ἀνδρὸς,
3575 3521 3781 3575 ἐκδοῦο

2182 3629 2269 3665 ναι
2305 3611 2470 3665 αὐτὸν
2504 3611 2583 3682 τῷ
2615 3610 2836 3682 βασιλεῖ
2874 3610 3293 3666 ἐϐουλεύσαντο.
3334 3611 3446 3666 Kal
3474 3616 3783 3685 περιστάνο

2179 3718 2271 3766 τες
2300 3702 2400 3772 τὴν
2424 3704 2605 3757 οἰκίαν
2637 3702 2772 3756 ἐνθα
2808 3704 3109 3773 κατήγετο,
3153 3702 3214 3756 ἐν
3241 3703 3490 3774 σχήματι
3514 3706 3780 3776 φρουρῶν

2181 3793 2489 3864 ἐφρούρουν
2524 3794 2715 3861 αὐτὸν,
2743 3793 2833 3849 ἴνα
2863 3794 2939 3865 μὴ
2990 3794 3131 3865 λάθῃ
3162 3796 3305 3863 σφᾶς
3346 3797 3619 3865 ἐκφυγών.
3675 3798 3775 3860 Ὠς

2179 3885 2389 3953 δ’ἐγνω
2417 3886 2516 3958 τὴν
2545 3887 2732 3941 αὐτῶν
2775 3886 3023 3943 διάνοιαν
3072 3891 3100 3940 ὁ
3136 3885 3503 3955 Μαγνέντιος,
3561 3888 3654 3941 καὶ
3700 3891 3767 3942 ἐν

2180 3977 2451 4048 ἀφύκτοις
2476 3978 2621 4048 ιγνω
2641 3980 2834 4034 ἐαυτδν
2860 3980 3350 4053 περιειλημμένον,
3370 3983 3433 4049 ἐξ
3484 3983 3773 4048 ἀπονοίας,

2185 4071 2495 4144 μεμηνότος
2517 4072 2702 4145 ἔργον,
2730 4071 2806 4137 ώς
2835 4071 3018 4140 λόγος,
3083 4074 3417 4146 εἰργάσατο,
3474 4077 3604 4141 τοὺς
3649 4076 3780 4147 μεθ’

2182 4164 2377 4221 ἐαυτοῦ
2407 4165 2615 4227 πάντας
2635 4166 2921 4234 συγγενεῖς
2942 4166 3040 4220 καὶ
3074 4168 3264 4236 φίλους
3293 4166 3616 4242 ἀνῃρηκὼς,
3653 4164 3785 4224 εἶτα

2182 4258 2277 4313 καὶ
2307 4257 2596 4330 Δισιδερίῳ
2613 4258 2692 4329 τῷ
2719 4258 2936 4329 ἀδελφῷ
2983 4260 3187 4325 πολλὰς
3214 4261 3428 4333 πληγάς
3453 4262 3545 4317 διὰ
3583 4262 3786 4331 ξίφους

493 4358 564 4400 ne
622 4357 653 4397 a
712 4339 1044 4396 satellitibus
1098 4336 1422 4394 Constantio
1484 4337 1801 4407 imperatori
1845 4336 2078 4392 traditus

2183 4350 2510 4420 ἐπήνεγκεν,
2538 4350 2602 4402 οὐ
2636 4350 2825 4419 μέντοι
2853 4365 2940 4414 τις
2965 4351 3151 4404 αὐτῶν
3186 4351 3494 4423 θανάσιμος
3519 4347 3612 4425 ἦν.
3660 4351 3785 4404 Καὶ

494 4449 658 4505 pinna
724 4431 1081 4488 diuturniore
1144 4430 1477 4486 afﬁceretur.
1546 4430 1842 4485 Dccentius
1892 4429 2077 4485 Caesar

2180 4416 2374 4496 ταύτα-
2392 4442 2623 4513 πράξας
2638 4416 2744 4495 ’καὶ
2771 4442 2968 4496 ἐαυτὸν
2990 4444 3220 4509 ἀνεῖλεν,
3260 4444 3346 4497 ἵνα
3373 4416 3450 4515 μὴ
3482 4416 3784 4515 παραδοθῇ
3835 4458 3853 4471 ο

370 4565 380 4575 .
494 4527 564 4581 ab
610 4526 705 4581 illo
729 4524 1061 4595 appellatus,
1099 4538 1223 4578 cum
1272 4522 1327 4576 in
1377 4522 1570 4578 Galliis
1597 4523 1663 4577 ad
1706 4538 1874 4593 opem
1921 4521 2102 4579 fratre

494 4614 781 4670 ferendam
835 4629 894 4670 se
942 4622 1186 4683 pararet,
1231 4613 1381 4667 illius
1423 4615 1650 4667 interitu
1693 4615 1939 4684 cognito,
1985 4627 2083 4683 spe

495 4706 729 4777 ahjt:cta,
793 4704 965 4758 vitam
1032 4704 1233 4773 laqueo
1300 4703 1442 4757 finit.
1510 4703 1831 4759 Desiderius
1892 4712 2123 4759 autem-

496 4813 562 4852 cx
623 4796 945 4849 vulneribus
993 4809 1022 4847 a
1061 4793 1233 4848 fratre
1275 4794 1590 4865 Magnentio
1641 4797 1884 4866 acceptis
1921 4811 2083 4850 recu-

496 4898 687 4961 perata
751 4873 1090 4950 valetudine,
1169 4886 1313 4939 ultro
1384 4900 1444 4940 se
1504 4887 1831 4942 Constantio
1902 4887 2079 4943 dedit.

499 4981 593 5036 Sic
645 4977 937 5049 Magnentii
997 4978 1287 5048 tyrannide
1336 4993 1549 5044 eversa,
1590 4995 1935 5050 quaecunque
1987 4980 2080 5036 ille

496 5079 812 5143 occuparat,
836 5084 901 5125 ea
926 5072 1092 5125 etiam
1121 5070 1178 5124 in
1209 5070 1519 5126 Constantii
1545 5081 1878 5141 potestatem
1904 5087 2080 5129 vene-

497 5176 647 5233 runt,
688 5174 746 5220 ut
786 5174 1019 5235 paterno
1051 5163 1286 5235 imperio
1321 5165 1541 5235 integro
1587 5166 1738 5221 solus
1782 5168 2075 5235 potiretur.

499 5258 579 5313 Ex
616 5272 683 5311 co
715 5265 945 5326 pacatus
974 5254 1083 5309 fuit
1114 5253 1405 5318 Occidens,
1452 5254 1549 5310 sed
1595 5254 1908 5311 Orientales
1954 5271 2079 5325 par-

500 5363 585 5405 tes
632 5347 1001 5404 subturbatae.
1032 5347 1168 5401 Nam
1194 5345 1384 5402 Gallus
1409 5348 1578 5404 rebus
1596 5349 1858 5405 secundis
1871 5349 2075 5415 elatus,

2185 4533 2327 4607 πρὸς
2363 4533 2474 4587 τῶν
2513 4534 2677 4589 αὐτὸν
2710 4534 3105 4603 φυλασσόντων
3148 4536 3519 4604 Κωνσταντίῳ
3553 4534 3633 4605 τῷ
3665 4534 3785 4587 αὒ-

2185 4625 2502 4698 τοκράτορι,
2532 4626 2630 4678 καὶ
2663 4624 3031 4700 χρονιώτερον
3069 4626 3465 4699 κολασθῇ.Καὶ
3488 4626 3789 4691 Δεκέντιος

2182 4718 2240 4772 δέ
2276 4717 2561 4786 όάδελφὸς
2593 4717 2863 4784 αὐτοῦ,δν
2893 4720 3323 4791 προεχειρίσατο
3388 4719 3676 4789 Καίσαρα,
3718 4721 3786 4774 ἐν

2183 4809 2438 4873 Γαλλίαις
2465 4808 2565 4874 ὢν,
2595 4810 2853 4881 καὶπρὸς
2903 4812 2997 4865 τὶν
3053 4812 3285 4881 ἀδελφὸν
3341 4811 3789 4881 ἐτοιμαζόμενος

2181 4896 2476 4966 ἀφίξεσθαι
2500 4898 2818 4971 σύμμαχος,
2849 4900 3049 4977 ώςτδν
3080 4904 3297 4956 ἐκείνου
3360 4900 3596 4955 ἐπύθετο
3653 4901 3791 4953 ὁλευ-

2183 4990 2333 5062 θρον,
2360 4991 2632 5060 ἀπογνοὺς
2655 4992 2865 5064 ἀγχόνῃ
2899 4995 3202 5067 ἐχρήσατο.
3247 4996 3308 5048 ’0
3362 4994 3420 5048 δὲ
3465 4993 3622 5062 πειρά
3677 4991 3787 5046 τοῦ

2180 5080 2528 5147 Μαγνεντίου
2558 5081 2777 5152 πληγάς
2815 5083 3111 5154 δεξάμενος
3196 5086 3409 5139 ἐκείνου
3462 5084 3729 5154 ὁμαίμων
3755 5086 3790 5139 ὁ

2182 5169 2505 5239 Δισιδὲριος,
2534 5171 2629 5224 τὸν
2666 5172 2904 5226 θάνατον
2934 5172 3196 5244 ἐκφυγὼν
3233 5174 3332 5229 καὶ
3382 5173 3789 5245 ἀναρρωσθεὶς

2181 5260 2291 5314 ἀπὸ
2325 5262 2438 5317 τῶν
2476 5261 2727 5334 πληγῶν,
2758 5264 2836 5334 τῷ
2872 5266 3245 5336 Κωνσταντίῳ
3292 5265 3607 5338 προσῆλθεν
3661 5264 3791 5318 ἐθεο

2179 5353 2391 5421 λοντής.
2409 5353 2565 5408 Οὕτω
2585 5356 2640 5408 δὲ
2660 5356 2755 5427 τῆς
2777 5357 2868 5410 τού
2886 5359 3230 5426 Μαγνεντίου
3249 5358 3561 5428 τυραννίδος
3589 5356 3788 5411 διαλυ-

1672 5506 1873 5569 V’arize
1920 5507 2234 5570 lectiones
2267 5516 2329 5571 et
2374 5518 2564 5573 notas.

571 5622 693 5696 (46)Δ
713 5624 828 5693 Τῆς
857 5640 1059 5695 τραος.
1098 5626 1158 5681 ld
1188 5627 1360 5682 etiam
1388 5626 1569 5696 attigit
1598 5627 1945 5693 Ammianus,
1976 5629 2077 5684 lib.

500 5707 591 5748 xw
618 5710 633 5746 :
664 5694 987 5770 Accenderat
1011 5712 1171 5767 super
1189 5698 1283 5770 [iis
1324 5694 1602 5770 incitatum
1646 5702 1980 5770 prepositum
2011 5699 2082 5753 ad

503 5767 789 5819 nocendum
830 5764 1036 5855 aliqua
1078 5764 1279 5821 ’mulier
1312 5768 1470 5842 pilis,
1504 5783 1620 5839 qua:
1648 5764 1756 5824 'ad'
1796 5768 2086 5842 palatium,

2187 5638 2245 5683 ut
2280 5641 2620 5701 poposcerat,
2676 5636 3009 5697 intromissa.
3058 5636 3281 5690 insidias
3327 5626 3376 5681 εἰ
3411 5625 3651 5701 (dicitur
3678 5628 3789 5687 0b-

2190 5703 2335 5756 tcndi
2351 5699 2678 5772 prodiderat
2699 5708 2764 5761 ab
2793 5707 3045 5763 militibus
3080 5699 3484 5763 obscurissimis.
