4026 6482
263 467 393 531 1137

1480 462 1889 529 ᾹΝΝΛῙΛΙΙΜ
1920 462 2066 523 LIB.
2111 462 2287 523 XIII.

3373 455 3511 522 1133

330 575 385 630 ι’.
420 550 796 642 Κωνστάντιος
826 578 882 630 δὲ
931 577 1007 648 μὴ
1034 572 1146 639 οἷός
1186 595 1245 630 τε
1294 577 1369 632 ὢν
1397 578 1497 649 τὴν
1532 577 1662 648 ὅλην
1690 575 1831 628 διευ⁶

2005 570 2073 625 Χ.
2114 568 2468 626 Constantius
2518 582 2701 625 autem
2755 584 2880 623 eum
2930 574 3139 623 tantum
3194 566 3512 636 imperium,

258 666 441 721 θύνειν
497 669 658 735 μόνος
697 668 872 739 ἀρχὴν
914 668 1185 740 τοσαύτην
1215 664 1404 734 οὖσαν,
1431 669 1507 733 ὼς
1550 668 1609 733 ὲξ
1641 668 1829 737 ἄκρων

260 756 450 827 σχεδὸν
478 758 731 828 περάτων
754 758 853 829 τῆς
882 758 989 827 γῆς
1020 759 1105 822 εἰς
1125 759 1270 829 ἄκρα
1295 760 1507 829 πέρατα
1536 759 1829 828 καταντᾷν,

260 847 321 911 ἐξ
362 849 603 918 Ἀθηνῶν
655 850 748 903 τὸν
778 849 873 903 τοῦ
912 850 1117 904 Γάλλου
1148 851 1425 921 ὁμαίμονα
1476 850 1570 904 τὸν
1611 848 1835 902 Ἰουλια-

262 941 353 992 νὺν
414 940 965 1011 μετακαλεσάμενος,
1019 941 1276 1012 Καίσαρά
1338 959 1395 996 τε
1452 942 1675 1006 ἀνεῖπε,
1739 940 1834 993 κα).

273 1029 495 1099 Ἑλένην
543 1030 693 1100 αὐτῷ
722 1032 822 1102 τὴν
854 1032 1060 1085 οἰκείαν
1089 1033 1391 1103 συνῴκισεν
1423 1032 1688 1102 ἀδελφήν.
1731 1030 1836 1083 Λέ-

261 1136 416 1186 γεται
436 1119 565 1189 δὲτῇ
600 1120 769 1189 μητρὶ
798 1121 963 1174 αὐτοῦ
982 1124 1193 1195 κυούσῃ
1211 1124 1375 1177 αὐτὸν
1399 1122 1654 1176 ἐνύπνιον
1683 1121 1838 1189 γενέ-

267 1206 392 1260 σθαι
416 1209 510 1260 καὶ
533 1209 681 1274 δόξαι
698 1210 792 1262 τὸν
809 1209 1057 1279 Ἀχιλλέα
1077 1213 1280 1266 τεκεῖν.
1299 1211 1361 1264 Ἢ
1387 1211 1445 1265 δὲ
1464 1208 1840 1263 διυπνισθεῖσα

266 1299 359 1351 καὶ
384 1298 444 1352 τὸ
469 1299 601 1369 ὄναρ
622 1300 955 1372 διηγουμένη
987 1301 1064 1372 τῷ
1086 1302 1265 1373 ἀνδρὶ,
1294 1302 1447 1358 ἔτεκε
1484 1300 1678 1355 τοῦτον
1710 1300 1838 1370 μητ*

263 1391 470 1445 ὠδίνων
519 1391 707 1462 σχεδὸν
755 1393 845 1445 ἐπ’
875 1392 1029 1463 αὐτῷ
1076 1393 1429 1464 πειραθεῖσά.
1459 1393 1556 1446 καὶ
1601 1391 1841 1448 τεκοῦσα

264 1480 432 1549 πρινὴ
456 1481 635 1552 γνοίη,
657 1482 733 1546 ὡς
762 1483 946 1552 μέλλει
985 1484 1214 1537 τίκτειν.
1264 1482 1545 1535 Ἐντεῦθεν
1572 1483 1660 1536 ἐπ’
1690 1481 1843 1553 αὐτῷ

269 1570 512 1637 μεγάλας
534 1572 831 1642 ἐσχηκότες
862 1554 1088 1637 ἐλπίδας
1110 1575 1160 1627 oi
1193 1573 1386 1627 τούτου
1431 1576 1636 1642 γονεῖς,
1673 1573 1844 1627 Εὐσε-

265 1660 368 1730 ϐίῳ
400 1660 514 1730 (50)
552 1664 633 1731 τῷ
658 1665 1035 1735 Νικομηδείας
1064 1665 1228 1718 αὑτὸν
1251 1666 1677 1735 παραδεδώκασι
1711 1666 1845 1737 παρ’

265 1751 432 1805 αὐτοῦ
479 1755 899 1826 μυηθησόμενον
935 1758 1036 1825 τὴν
1086 1757 1237 1810 θείαν
1284 1757 1530 1827 Γραφήν.
1586 1757 1846 1828 Καίσαρα

260 1845 317 1897 δὲ
351 1846 540 1899 τοῦτον
585 1846 961 1917 ἀναγορεύσας
989 1850 1018 1901 ὁ
1048 1846 1409 1919 αὐτοκράτωρ
1440 1848 1845 1912 Κωνστάντιος,

1930 663 2078 734 quod
2106 665 2174 718 ab
2196 662 2458 719 extremis
2508 669 2666 716 terra:
2713 660 2938 726 finibus,
2975 659 3088 717 fere
3119 659 3173 714 in
3210 666 3512 715 extremos.

1932 753 2385 824 protendcbatur,
2426 753 2576 809 solus
2610 753 2917 824 gubernare
2948 767 3057 805 non
3099 758 3321 822 posset,
3367 747 3505 802 Galli

1933 845 2160 899 fratrem
2213 845 2491 900 Julianum
2546 844 2777 899 Athenis
2830 842 3183 904 accersitum,
3237 840 3508 895 Caesarem

1940 938 2197 1007 appellat,
2234 952 2423 992 sorore
2468 936 2675 990 Helena
2705 936 2761 990 in
2792 934 3207 989 matrimonium
3237 932 3379 986 data.
3409 930 3516 983 Fe-

1942 1036 2073 1081 runt
2106 1036 2335 1081 matrem
2366 1027 2485 1096 ejus
2517 1033 2735 1080 uterum
2778 1024 3067 1089 ferentem,
3096 1022 3149 1076 in
3179 1019 3387 1076 somnis
3413 1017 3517 1072 sibi

1940 1120 2110 1175 visam
2169 1134 2289 1174 esse
2339 1117 2605 1172 Achillem
2664 1130 2884 1186 parcre.
2954 1115 3330 1184 Expcrrecta,
3386 1110 3517 1164 dum

1940 1210 2212 1267 somnium
2269 1209 2467 1263 marito
2518 1216 2727 1273 narrat,
2776 1207 2928 1261 illum
2981 1206 3160 1276 parit,
3214 1218 3357 1274 pene
3399 1203 3520 1257 sine

1941 1302 2247 1365 doloribus,
2279 1299 2415 1355 fmtu
2444 1299 2596 1355 edito
2626 1299 2946 1368 priusquam
2970 1312 3029 1352 se
3059 1296 3364 1365 parituram
3393 1307 3520 1347 sen-

1942 1393 2122 1449 sisset.
2156 1391 2295 1446 llinc
2344 1404 2538 1459 magna
2570 1388 2637 1443 de
2668 1389 2762 1442 illo
2796 1402 2891 1456 spe
2930 1394 3197 1454 concepta
3243 1393 3521 1450 parentes,

1943 1499 2176 1557 puerum
2240 1482 2509 1538 EusebiO'
2546 1480 2878 1535 Nicomediae
2946 1478 3207 1547 episcopo
3256 1474 3311 1528 in
3368 1488 3523 1528 sacra

1945 1576 2230 1645 Scriptura
2281 1570 2648 1629 erudiendum
2699 1569 3065 1623 tradiderunt.
3099 1566 3205 1622 Sed
3248 1566 3521 1622 Constan-

1948 1672 2060 1727 tius
2112 1671 2411 1740 imperator
2463 1682 2591 1722 eum
2638 1667 2747 1737 jam
2793 1654 3104 1727 Czesareni,
3152 1677 3279 1717 cum
3332 1658 3525 1730 paucis

1946 1761 2172 1815 omnino
2221 1758 2491 1813 militibus
2530 1757 2586 1811 in
2617 1755 2821 1812 Gallias
2854 1753 3146 1825 ablegavit,
3182 1761 3243 1807 ut
3271 1751 3399 1806 inde
3430 1766 3523 1805 su-

1950 1852 2125 1923 spicio
2170 1857 2534 1913 nasceretur,
2586 1848 2863 1904 lulianum
2918 1861 3028 1900 non
3082 1844 3355 1900 delectum
3404 1856 3525 1897 csse

261 1937 343 1997 είς
367 1935 596 1999 Γαλλίας
624 1936 900 2007 ἐξέπεμψε
930 1938 1049 2007 μετ’
1068 1938 1271 2007 ὀλίγων
1300 1940 1444 1993 πάνυ
1475 1940 1838 2009 στρατιωτῶν,

1954 1943 2169 2014 imperii
2217 1942 2502 2011 collegam,
2551 1939 2645 1994 sed
2689 1937 2765 1993 ad
2805 1934 3229 1992 dissimulandas
3276 1934 3523 1993 insidias.

259 2027 335 2090 ὡς
373 2026 632 2081 ὑπόνοιαν
678 2029 934 2083 ἐντεῦθεν
981 2030 1322 2097 ἐγγίνεσθαι,
1363 2033 1446 2083 ὅτι
1481 2031 1541 2083 οὑ
1590 2029 1850 2085 κοινωνὸν

258 2118 364 2187 τῆς
419 2120 596 2189 ἀρχῆς
646 2119 741 2173 τὸν
808 2121 1101 2176 Ἰουλιανὸν
1155 2123 1184 2174 ὁ
1218 2123 1599 2186 Κωνστάντιος
1650 2122 1849 2187 είλετο,

257 2207 379 2259 ἀλλ’
407 2209 488 2272 είς
522 2210 820 2279 ἐπιϐουλῆς
853 2211 1003 2281 αὐτῷ
1037 2212 1313 2281 πρόφασιν
1344 2212 1405 2267 τὸ
1428 2213 1618 2282 σχῆμα
1653 2217 1846 2282 περιέ-

258 2298 397 2353 ϐαλε
427 2300 488 2353 τὸ
519 2300 613 2354 τοῦ
652 2303 956 2372 Καίσαρος,
994 2302 1062 2356 ἵν’
1102 2302 1208 2356 ὑπὸ
1259 2304 1366 2357 τῶν
1429 2304 1710 2374 πολεμίων
1735 2305 1850 2358 δια-

258 2396 470 2466 φθαρῇ,
509 2397 584 2466 μὴ
637 2397 776 2468 ἔχων
827 2398 1062 2466 δύναμιν
1111 2398 1249 2469 πρὸς
1302 2400 1396 2452 τὸν
1452 2401 1574 2453 κατ’
1620 2401 1848 2455 ἐκείνων

260 2484 505 2554 πόλεμον
559 2485 878 2558 ἀξιόχρεων.
948 2489 1006 2543 '0
1070 2488 1128 2543 δὲ
1185 2488 1443 2544 ἀπελθὼν
1504 2492 1600 2544 καὶ
1667 2491 1847 2563 ἀγαθῇ

258 2575 406 2646 τύχῃ
431 2575 544 2645 (51)
569 2579 915 2647 χρησάμενος
943 2579 1241 2649 συμϐάλλει
1266 2582 1377 2644 τοῖς
1416 2580 1717 2652 πολεμίοις,
1754 2583 1849 2635 καὶ¹

263 2664 608 2731 ἀνελπίστως
635 2671 780 2739 νικᾷ.
808 2671 916 2723 Καὶ
940 2670 1096 2733 αὖθις
1121 2671 1350 2733 ἑαυτοὺς
1379 2672 1849 2742 ἁνακτησαμένων

262 2757 380 2809 τῶν
416 2756 711 2827 πολεμίων,
761 2760 1165 2830 προσ-μίγνυται
1196 2760 1402 2827 αὐτοῖς,
1438 2763 1532 2814 καὶ
1579 2764 1847 2833 τρόπαιον

269 2849 479 2914 ἵστησι,
524 2849 736 2902 πολλῶν
785 2850 886 2920 μὲν
917 2850 1338 2922 ἀναιρεθέντων,
1373 2852 1586 2907 πολλῶν
1626 2853 1672 2907 δ’
1708 2857 1848 2911 ἀπο-

268 2936 519 3007 λομένων
553 2938 612 2990 ἐν
654 2938 731 3009 τῷ
766 2940 1134 3011 παραρρέοντι
1181 2940 1435 3011 ποταμῷ,
1489 2943 1584 2996 καὶ
1634 2944 1849 3017 ζωγρη-

268 3029 480 3082 θέντων
500 3029 613 3104 ¹οὐκ
640 3029 960 3084 ἐλαττόνων.
988 3032 1115 3084 Ὅτε
1148 3032 1241 3085 καὶ
1266 3031 1461 3086 ἕνδεκά
1502 3051 1634 3103 φασι
1664 3035 1849 3106 χιλιά-

265 3124 369 3184 δας
420 3121 787 3191 αἰχμαλώτων
824 3121 1138 3197 Ῥωμαίων,
1170 3121 1282 3176 τῶν
1321 3123 1421 3193 τῆς
1468 3125 1848 3196 αἰχμαλωσίας

266 3214 614 3285 ἀπολυθῆναι
674 3214 910 3282 δεσμῶν,
965 3214 1310 3285 ἡττηθέντων
1363 3217 1472 3271 τῶν
1544 3218 1841 3288 πολεμίων.

266 3302 410 3360 Εἶτα
437 3306 905 3375 καὶἈλαμαννοῖς
954 3306 1293 3377 πολεμήσας,
1339 3309 1430 3362 καὶ
1468 3309 1611 3364 κατὰ
1638 3309 1844 3365 τούτων

265 3392 569 3464 ηὐτύχησε,
593 3392 688 3446 καὶ
716 3393 1015 3463 δεηθέντων
1034 3395 1235 3460 αὐτῶν,
1262 3397 1341 3468 τῷ
1363 3397 1840 3466 ἔθνειὲσπείσατο,

244 3480 496 3556 ’λύσαντι
530 3479 631 3547 τῆς
660 3479 906 3543 δουλείας
936 3481 1064 3544 τοὺς
1098 3483 1229 3555 παρ’
1260 3484 1445 3548 αὐτοῖς
1468 3485 1629 3549 ὄντας
1652 3486 1843 3558 δορυα-

263 3563 475 3627 λώτους
512 3565 836 3635 Ῥωμαίους.
889 3567 1114 3634 Τούτοις
1167 3565 1261 3625 οὖν
1286 3574 1328 3639 ρὸ
1357 3573 1577 3645 Καῖσαρ
1618 3574 1841 3630 Ἰουλια-

258 3656 357 3718 νὸς
398 3656 657 3728 ἐπαρθεὶς
690 3660 783 3712 καὶ
839 3661 1284 3734 ὑπερφρονήσας,
1305 3664 1383 3726 ὡς
1431 3666 1478 3718 δ’
1509 3665 1641 3720 ἔνιοι
1690 3684 1843 3722 συνε-

258 3746 571 3818 γράψαντο,
602 3751 686 3804 ὅτι
718 3750 812 3805 καὶ
841 3751 1029 3814 δεδιὼς
1078 3754 1169 3808 τὸν
1198 3755 1581 3812 Κωνστάντιον
1610 3756 1839 3827 βασκαί-

256 3839 430 3893 νοντά
455 3842 503 3893 oi
537 3841 625 3895 διὰ
673 3843 743 3895 τά
794 3844 1174 3915 εὐτυχήματα,
1208 3846 1283 3917 μὴ
1312 3848 1452 3902 κατὰ
1489 3849 1580 3904 τὸν
1610 3850 1840 3918 ἀδελφὸν

254 3929 469 3984 Γάλλον
500 3932 595 3985 καὶ
629 3933 789 3985 αὐτὸν
819 3933 1269 4006 ὑπεξαγάγῃίτοῦ
1306 3936 1430 4008 ζῇν,
1459 3940 1540 4002 είς
1594 3940 1840 3993 ἀποστα-

253 4022 391 4075 σίαν
442 4023 653 4086 ἀπεῖδε,
709 4023 805 4076 καί
838 4041 989 4085 τινας
1045 4025 1157 4078 τῶν
1188 4025 1281 4078 ὑπ’
1317 4026 1482 4081 αὑτὸν
1521 4028 1836 4101 ταξιαρχῶν

251 4110 518 4165 ὑπελθὼν
547 4111 613 4164 δι’
644 4112 871 4167 ἐκείνων
914 4114 974 4166 τὸ
1020 4115 1417 4184 στρατιωτικὸν
1472 4118 1836 4188 παρεκίνησε,

248 4203 354 4258 καὶ
381 4203 587 4257 συστὰν
619 4205 837 4258 ἀνεῖπεν
862 4205 1026 4258 αὐτὸν
1057 4204 1389 4273 Αὔγουστον.
1420 4204 1555 4263 Εἶτα
1588 4209 1838 4282 ξιφήρεις

1953 2036 2143 2090 habitu
2195 2034 2444 2091 Czesareo
2498 2043 2750 2089 ornatum
2780 2048 2921 2097 esse,
2979 2038 3042 2086 ut
3093 2028 3320 2100 paribus
3375 2034 3526 2081 tanto

1951 2127 2098 2183 bello
2147 2124 2322 2194 c0piis
2370 2140 2480 2179 non
2518 2125 2838 2189 instructus,
2881 2121 2952 2177 ab
2993 2119 3247 2176 hostibus
3284 2116 3520 2173 caedere

1954 2226 2061 2272 tur.
2103 2216 2372 2270 Cazterum
2412 2213 2684 2279 Julianus,
2716 2211 2956 2269 secunda
2986 2211 3204 2267 fortuna
3236 2224 3391 2275 usus,
3420 2209 3527 2263 ho-

1950 2319 2063 2364 stes
2113 2317 2315 2377 praeter
2350 2322 2502 2376 spem
2553 2307 2745 2370 vincit,
2793 2305 3128 2374 eosdemque
3189 2302 3528 2373 recuperatis

1950 2399 2162 2453 viribus
2225 2397 2579 2464 rebellantes,
2647 2397 2830 2453 denuo
2892 2396 3093 2463 fundit,
3145 2411 3209 2451 ac
3262 2403 3526 2466 tropmum

1949 2489 2131 2560 erigit,
2168 2489 2357 2544 multis
2401 2488 2577 2555 caesis,
2628 2489 2814 2543 multis
2848 2489 2974 2543 item
3009 2488 3062 2542 in
3095 2502 3254 2541 amne
3304 2495 3502 2556 praeter

1950 2580 2155 2641 ﬂuente
2208 2581 2541 2646 submersis,
2592 2583 2766 2651 captis
2822 2580 2966 2636 haud
3022 2578 3394 2649 paucioribus.
3450 2578 3527 2631 Eo

1952 2673 2140 2743 prmlio
2172 2673 2332 2728 victis
2365 2673 2639 2738 hostibus,
2668 2671 2922 2727 undecim
2954 2670 3123 2725 millia
3154 2670 3526 2724 Romanorum

1950 2765 2130 2819 soluta
2161 2764 2397 2819 vinculis
2429 2762 2764 2833 captivitatis
2787 2763 3057 2818 feruntur.
3095 2763 3223 2817 Post
3251 2761 3368 2815 haec
3391 2774 3525 2814 conv

1951 2858 2033 2904 tra
2063 2850 2399 2906 Alemannos
2434 2852 2600 2905 etiam
2632 2866 2692 2906 re
2722 2851 2859 2907 bene
2893 2859 3068 2921 gesta,
3108 2844 3278 2921 genti,
3331 2857 3525 2918 peten-

1951 2939 2098 2995 tibus
2150 2941 2281 3007 illis,
2343 2957 2534 3012 pacem
2586 2940 2777 3007 dedit,
2834 2943 3065 3013 captivis
3122 2941 3378 3011 receptis.
3428 2939 3524 2995 llis

1948 3027 2131 3083 Ca‘sar
2175 3029 2428 3085 Julianus
2455 3029 2524 3084 ad
2554 3030 2868 3101 superbiam
2921 3032 3121 3098 elatus,
3154 3040 3272 3095 aut,
3305 3040 3365 3084 ut
3396 3030 3525 3099 qui-

1949 3117 2073 3172 dam
2126 3127 2379 3173 auctores
2410 3126 2559 3182 sunt,
2589 3118 2967 3174 Constantium
3027 3118 3376 3174 successibus
3408 3116 3525 3171 suis

1949 3209 2287 3264 invidentem
2330 3209 2559 3274 veritus,
2587 3224 2680 3276 ne,
2711 3210 2896 3265 fratris
2926 3208 3064 3265 Galli
3096 3210 3367 3279 exemplo,
3412 3207 3524 3262 vita

1950 3301 2283 3372 privaretur,
2339 3300 2702 3356 defectionem
2742 3301 3007 3366 molitur,
3059 3300 3368 3356 conciliatis
3417 3299 3522 3355 sibi

1951 3390 2188 3445 tribunis
2234 3390 2463 3461 aliquot,
2513 3406 2545 3445 a
2593 3391 2797 3460 quibus
2839 3390 3043 3447 milites
3093 3390 3376 3454 concitati,
3425 3405 3527 3459 per

1947 3482 2411 3551 conspirationem
2442 3497 2569 3537 eum
2598 3484 2906 3553 Augustum
2949 3484 3208 3548 salutant,
3236 3490 3294 3537 et
3318 3480 3526 3537 strictis

1945 3573 2162 3644 gladiis,
2199 3573 2416 3646 imperii
2459 3574 2679 3630 titulum
2730 3575 3112 3646 repudiantem
3154 3574 3383 3642 scilicet,
3414 3574 3527 3630 cir-

1946 3673 2306 3732 cumstantcs,
2355 3666 2639 3722 occisuros
2683 3666 2988 3731 minantur,
3015 3667 3121 3722 nisi
3153 3666 3519 3736 obtemperet.

1947 3756 2037 3812 Sic
2062 3756 2247 3827 igitur,
2284 3757 2491 3812 invitus
2532 3757 2787 3826 forsitan,
2816 3759 2885 3813 ad
2914 3760 3177 3829 impetum
3210 3756 3521 3812 multitudi-

1946 3850 2033 3906 nis
2057 3851 2399 3917 evitandum,
2427 3850 2627 3921 accipit
2667 3852 2982 3921 imperium.
3014 3851 3150 3907 Cum
3184 3860 3374 3904 autem.
3399 3849 3520 3903 dia-

1945 3942 2104 3998 dema
2150 3953 2511 4014 quaereretur,
2544 3957 2655 4012 quo
2680 3942 2969 3997 confestim
3005 3940 3260 3997 coronari
3310 3945 3519 4010 posset,

1944 4040 2109 4105 atque
2156 4033 2248 4089 ille
2291 4034 2394 4089 sibi
2466 4033 2683 4089 nullum
2727 4048 2849 4089 esse
2887 4033 3103 4105 iuraret
3143 4028 3518 4101 :quibusdam

1943 4130 2268 4179 ornamenta
2298 4123 2589 4179 muliebria
2633 4125 2968 4193 petentibus,
2999 4125 3103 4194 21
3137 4131 3198 4179 ut
3230 4122 3359 4178 inde
3384 4137 3518 4177 con-

1944 4211 2223 4277 ficeretur,
2276 4224 2566 4270 recusante
2611 4215 2853 4279 Juliano,
2899 4225 2960 4271 ut
2988 4216 3129 4269 mali.
3163 4214 3385 4281 ominis,
3408 4213 3517 4273 .tri-

247 4293 589 4357 ἐπιστάντες
624 4294 792 4364 αύτῷ,
822 4295 897 4359 ὡς
925 4295 1088 4367 δῆθεν
1117 4296 1191 4367 μὴ
1226 4300 1575 4370 προσιεμένῳ
1609 4300 1708 4370 τὴν
1737 4302 1840 4371 τῆς

247 4386 544 4459 βασιλείας
558 4388 880 4459 ἀνάρρησιν,
910 4386 1172 4458 ἠπείλουν
1188 4389 1621 4460 διαχειρίσασθαι
1650 4391 1836 4459 αὑτὸν,

244 4476 299 4534 εί
338 4478 422 4548 μὴ
462 4477 726 4532 πείθοιτο.
774 4477 933 4533 Οὕτω
996 4479 1053 4532 δὲ
1081 4480 1224 4549 τάχα
1283 4482 1379 4534 καὶ
1420 4481 1572 4537 ἄκων
1620 4485 1687 4555 τῇ
1740 4484 1834 4539 τοῦ

1944 4482 2259 4552 magistrum
2310 4483 2786 4552 imperatoriarum
2827 4485 3103 4554 legionum
3131 4500 3254 4539 cum
3289 4484 3413 4539 aliis
3443 4483 3522 4540 atl

244 4569 658 4641 στρατιωτικοῦ
720 4569 959 4638 πλήθους
1014 4568 1241 4636 ὑπείξας
1284 4572 1429 4643 ὁρμῇ
1457 4613 1471 4639 ,
1519 4574 1837 4646 προσήκατο

1944 4571 2322 4627 Constantium
2357 4573 2541 4634 mittit,
2570 4573 2770 4627 additis
2809 4573 3030 4640 litteris,
3066 4574 3347 4644 quibusse
3378 4589 3513 4643 pur.-

239 4663 351 4732 τὴν
389 4660 588 4730 ἀρχήν.
622 4659 963 4730 Ζητουμένου
1013 4659 1070 4713 δὲ
1113 4660 1446 4732 διαδήματος
1473 4663 1585 4734 (52)
1626 4665 1694 4716 ἵν’
1736 4664 1835 4717 αὐ-

1944 4663 2125 4733 gabat,
2149 4663 2296 4734 quod
2323 4662 2540 4733 imperii
2569 4663 2786 4718 titulum
2819 4680 2929 4721 non
2955 4674 3151 4735 sponte
3178 4665 3513 4733 admisisset,
3596 4700 3601 4706 ~

236 4754 379 4805 τίκα
406 4749 583 4819 τούτῳ
618 4750 954 4818 ταινιωθείη,
1006 4753 1216 4816 ἐκεῖνος
1275 4754 1374 4823 μὲν
1406 4755 1481 4827 μὴ
1539 4755 1685 4826 ἔχειν
1742 4757 1835 4824 ἐξ·

1944 4755 2035 4810 scd
2064 4770 2095 4809 a
2127 4754 2396 4809 militibus
2443 4763 2685 4818 coactus,
2733 4756 2825 4826 qui
2861 4772 2969 4810 non
3010 4756 3112 4811 sub
3143 4755 3377 4819 Cazsare,
3415 4756 3526 4812 sed.

236 4843 495 4911 ώμνυτο.
520 4842 694 4896 Τινῶν
717 4843 772 4896 δὲ
793 4843 998 4913 κόσμον
1025 4845 1320 4899 αἰτούντων
1357 4849 1664 4914 γυναικεῖόν
1688 4865 1830 4916 τινα,

1944 4846 2044 4902 sub
2092 4847 2423 4916 imperatore
2471 4845 2710 4901 militare
2758 4848 2977 4909 vellent,
3030 4863 3141 4917 quo
3182 4846 3345 4918 digna
3398 4849 3513 4903 suis

166 4935 171 4939 ’
240 4930 317 4984 ἶν’
378 4930 449 4981 ὲκ
500 4928 705 4982 τούτων
764 4932 1109 5004 σχεδιασθείη
1152 4935 1430 5007 διάδημα,
1474 4938 1834 5008 παρῃτήσατο

1944 4936 2223 4992 laboribus
2248 4951 2430 5006 operae
2453 4936 2628 5005 pretia
2660 4936 2905 5009 flagitare
2940 4938 3169 5008 possint.
3204 4938 3417 5003 Petere,
3450 4949 3511 4992 ut

239 5021 416 5105 σεοῦτο
453 5018 484 5070 ὁ
526 5020 830 5086 Ἰουλιανὸς,
864 5025 938 5088 ὡς
995 5025 1258 5082 ἀπαίσιον
1307 5030 1519 5088 οἰωνόν.
1571 5031 1728 5084 Ἐπεὶ
1775 5032 1834 5084 δὲ

1944 5028 2151 5097 imperii
2200 5028 2645 5083 communionem
2677 5044 2745 5084 ex
2776 5043 2874 5084 usu
2905 5029 3222 5099 reipublicze
3264 5028 3507 5083 futuram

238 5107 495 5184 χρύσεόν
522 5125 608 5172 τις
637 5110 745 5163 τῶν
794 5113 1105 5186 ταξιαρχῶν
1142 5118 1330 5188 ἐφόρει
1376 5122 1642 5190 στρεπτὸν
1690 5121 1832 5193 (5'5),

1944 5135 2094 5188 {equo
2127 5119 2309 5173 animo
2333 5127 2650 5189 pateretur:
2673 5120 2940 5191 polliceri,
2967 5134 3026 5176 se
3053 5134 3527 5189 cursorescquos

1941 4301 2074 4355 buni
2105 4303 2388 4373 cujusdam
2419 4312 2667 4374 torquem
2696 4319 2945 4371 aureum,
2978 4304 3208 4375 gemmis
3234 4313 3513 4369 ornatum,

1939 4392 2105 4462 capiti
2155 4393 2302 4449 illius
2357 4395 2792 4450 accommodant.
2857 4395 2997 4449 Tum
3046 4396 3136 4452 ille
3184 4394 3526 4451 Pcntadium.

1452 5257 1649 5318 Varia;
1678 5256 1986 5319 lectiones
2014 5262 2077 5320 et
2114 5264 2304 5321 notae.

280 5365 443 5450 .(50).
502 5368 793 5450 Εέσεᾷίῳ.
850 5369 986 5450 H_uc_
1006 5383 1256 5450 spectant
1282 5391 1403 5445 qua:
1432 5380 1597 5450 habet
1624 5380 1814 5436 Euna-

235 5436 375 5517 pilis
428 5436 487 5517 in
545 5436 998 5517 blasitup‘:__l{att
1035 5436 1382 5517 ’ψιλωθέντος
1439 5448 1549 5517 τοῦ
1610 5451 1820 5517 γένους,

239 5506 656 5588 ζβρῃεῑξηιὶηἰ
715 5508 810 5577 Μ.)
851 5506 1138 5588 Ἰουλιανὸς
1166 5583 1176 5588 _
1205 5506 1562 5588 περιελείφθη
1622 5506 1822 5588 ’μόνοᾷ

233 5573 306 5658 {35’
331 5573 575 5658 ᾐλικίαν
604 5573 1042 5658 περιφρσνηθιεὶς,
1095 5573 1189 5658 δέαὶ
1231 5573 1824 5658 πραότηταξἐύῖιοῦχοῖ

234 5651 295 5726 δὲ
328 5644 492 5726 ὅμως
516 5644 696 5726 αὺτὺνὲ
708 5644 1084 5726 ἀμφεπόλευον
1106 5644 1410 5726 βασιλικοὶ,
1430 5644 1541 5708 ’καὶ
1561 5644 1819 5726 παραφᾟ-

236 5710 430 5795 λακὲᾁ-ί.
456 5729 605 5795 τέγεςς
644 5710 830 5795 ,ἦσαῇ
878 5718 1028 5795 ὅπως
1073 5710 1529 5795 εἵη-*Χριστιανὸς
1583 5710 1820 5794 βεέαίός.

313 5786 436 5856 (5|)
477 5781 588 5867 Καὶ
625 5781 819 5867 ἄγξαθῇ
840 5855 851 5867 .
874 5781 1056 5855 τύχῃ.
1085 5781 1289 5867 Julian}
1322 5781 1642 5867 felicitatem
1673 5781 1816 5866 prae--

234 5853 393 5917 dicat
449 5853 622 5909 etiam
675 5853 1026 5927 Ammianus,
1068 5875 1126 5931 p.
1181 5860 1338 5919 295:
1411 5853 1691 5920 Felicitas.
1744 5869 1820 5921 ita

1922 5382 2162 5446 eminuit,
2197 5390 2254 5435 ut
2299 5382 2425 5450 ipsis
2484 5378 2871 5451 quodammodo
2929 5375 3214 5431 cervicibus
3247 5375 3495 5451 fartum

1919 5451 2237 5521 aliquandiu
2278 5446 2436 5521 bona:
2480 5446 2879 5521 gubernatricis
2925 5455 3150 5510 evectus,
3206 5446 3496 5500 victoriosis

1919 5518 2152 5574 cursibus
2183 5519 2512 5588 diﬁicuuates
2543 5525 2834 5588 superaret
2861 5518 3171 5588 immensas.

1992 5589 2110 5658 (52)
2162 5584 2558 5658 Ζήεουμένου
2577 5584 2680 5658 ,δὲ’
2707 5585 3096 5658 διαδήματος.
3130 5584 3210 5658 Ita
3246 5584 3489 5658 blame}-

1919 5653 2100 5727 linus,
2129 5653 2245 5727 lib.
2270 5653 2371 5721 xx,
2394 5672 2448 5727 p.
2490 5655 2621 5727 160,
2660 5655 2684 5708 1
2716 5653 2897 5727 (δύης
2920 5653 3379 5727 prmter_Julian.
3432 5655 3521 5710 ἰιι⁷

1918 5725 2096 5796 Epist.
2128 5725 2195 5781 ad
2221 5723 2430 5781 Athen'.
2459 5734 2516 5780 et
2540 5724 2833 5796 Libaniurm
2866 5723 3104 5796 in:0rat.
3131 5723 3376 5796 funebri.

1991 5796 2109 5867 (55)
2165 5796 2442 5867 Χρύσεοῂ
2517 5795 2841 5867 στρεπτόν.
2906 5793 3070 5850 Certe
3115 5795 3340 5867 torquis
3402 5792 3522 5848 ille-—

1920 5862 2143 5933 aureus,
2198 5862 2380 5931 λίθους
2418 5864 2955 5936 ἐχωνχρυσοδέτους,
2989 5864 3170 5938 potuit
3216 5862 3503 5933 diadema,
