4026 6420
226 397 356 460 IIII

1411 398 1814 461 ANNALIUM
1856 399 2001 458 LIB.
2043 400 2214 460 XIII.

3344 393 3498 459 114:?

297 518 405 570 Μ’.
441 514 501 569 ’0
543 513 809 586 τύραννος
848 513 906 567 δὲ
949 513 1183 576 πολλοὺς
1233 513 1388 578 είδὼς
1423 515 1480 567 ἐν
1514 516 1627 578 τοῖς
1658 510 1807 582 αὐτῷ

1980 513 2074 570 Xl.
2106 513 2418 585 Tyrannus,
2447 524 2571 566 cum
2604 524 2663 564 se
2693 507 2898 563 multos
2915 506 3226 565 Cdnstantii
3262 509 3482 565 studio—

225 606 449 661 συνοῦσι
492 605 560 658 τὰ
586 604 971 660 Κωνσταντίου
1016 602 1377 674 φρονοῦντας,
1412 604 1621 668 πάντας
1650 605 1796 657 ἐκεῖο

222 702 320 750 θεν
367 697 653 767 ἐξήλασεν.
696 698 870 759 Αὐτὸς
912 696 969 750 δὲ
1007 695 1147 766 πρὸς
1181 695 1447 765 ἐμφύλιον
1472 695 1798 766 ἡτοιμάζετο

222 791 485 859 πόλεμον.
531 787 621 841 Ἐν
647 787 857 850 τούτοις
877 787 990 858 (57)
1015 785 1110 841 καὶ
1140 789 1174 857 ἠ
1194 786 1360 841 αὐτοῦ
1392 787 1530 859 γυνὴ
1548 787 1794 858 τελευτᾷ,

221 882 300 945 ὡς
339 881 437 951 μέν
497 882 642 944 τινές
682 897 841 948 φασι,
902 880 1166 934 τίκτουσα
1228 879 1359 948 παρ’
1426 879 1595 949 αὐτῷ,
1629 879 1707 943 ὡς
1751 879 1796 931 δ’

223 974 430 1043 ἕτεροι,
461 974 564 1042 ήδη
597 971 999 1042 ἐκΰεὸλημένη.
1032 972 1270 1035 Ἐκεῖνος
1292 972 1349 1025 δὲ
1379 972 1506 1035 τοὺς
1529 968 1797 1040 στρατιά)⁶

221 1082 324 1126 τας
357 1062 686 1131 συναγαγὼν
726 1062 818 1116 ἐπὶ
843 1061 935 1117 τδν
965 1062 1236 1132 ἐμφύλιον
1265 1061 1486 1132 ἠρέθιζε
1539 1062 1799 1132 πόλεμον,

223 1155 320 1209 καὶ
347 1153 702 1207 συνεϐούλευε
728 1154 843 1208 δεῖν
873 1153 1071 1217 αὐτοὺς
1102 1153 1245 1207 κατὰ
1278 1151 1370 1207 τοῦ
1414 1153 1795 1207 Κωνσταντίου

229 1245 502 1317 χωρῆσαι,
526 1245 622 1299 καὶ
648 1244 724 1316 μὴ
753 1244 935 1314 μένειν
952 1246 1160 1300 ἐκεῖνον
1185 1244 1304 1298 κατ’
1320 1243 1503 1298 αὐτῶν
1527 1242 1794 1300 ἐπελθεῖν.

224 1334 366 1402 Ἤδη
400 1333 457 1386 δὲ
493 1334 592 1405 τὴν
625 1334 705 1396 είς
733 1333 969 1404 Χριστὸν
1003 1333 1407 1404 ἐξομοσάμενος
1432 1334 1653 1398 πίστιν,
1693 1332 1796 1402 ηὐ-

222 1425 442 1479 λαὸεῖτο
487 1425 576 1480 διὰ
627 1424 787 1479 τοῦτο
835 1426 965 1491 τοὺς
1005 1426 1369 1494 στρατιώτας,
1398 1423 1556 1488 εἰδὼς
1612 1424 1797 1497 σχεδὸν

222 1517 551 1587 ξύμπαντας
596 1517 963 1589 Χριστιανοὺς
1002 1517 1184 1581 ὄντας.
1232 1517 1326 1570 Διὸ
1360 1517 1670 1580 συσκιάζων
1697 1515 1797 1586 τὴν

223 1606 419 1661 ἑαυτοῦ
452 1607 654 1663 κακίαν
675 1608 910 1662 ἕκαστον
938 1608 1161 1662 ἐκέλευε
1198 1607 1526 1679 θρησκεύειν
1565 1607 1641 1670 ὡς
1676 1605 1799 1676 βού-

218 1695 386 1751 λοιτο.
448 1698 625 1761 Αὐτὸς
673 1697 731 1753 δὲ
770 1698 870 1767 τῆς
918 1699 1197 1767 γενεθλίου
1252 1699 1347 1752 τοῦ
1396 1697 1651 1767 Σωτῆρος
1684 1698 1795 1768 (58)

219 1789 435 1859 ἡμέρας
494 1791 904 1859 ἐφεστηκυίας,
955 1791 1206 1860 εἰσῆλθεν
1237 1792 1318 1854 εἰς
1354 1791 1447 1844 τὸν
1494 1791 1644 1855 ναὸν,
1700 1788 1796 1843 καὶ

1901 621 2011 670 sos,
2058 621 2245 661 secum
2299 604 2502 659 habere
2532 602 2720 665 sciret,
2762 602 2830 656 iis
2872 601 3046 670 pulsis
3096 601 3374 668 omnibus,
3408 604 3489 656 ad'

1899 693 2058 748 civile
2085 693 2289 748 bellum
2336 706 2458 748 sese
2493 698 2669 761 parat.
2712 690 2925 744 Interea
2951 701 3006 743 et
3032 704 3168 744 uxor
3204 691 3326 761 ejus
3356 705 3474 744 mo-

1902 786 2064 849 ritur,
2105 796 2165 841 ut
2206 784 2428 856 quidam
2459 784 2635 847 aiunt,
2676 782 2857 837 adhuc
2888 790 3061 838 mater
3105 782 3358 846 familias.
3390 784 3488 837 vel?

1903 886 1962 932 ut
2012 876 2126 942 alii,
2157 877 2271 947 jam
2314 875 2619 945 repudiata.
2666 872 3011 929 Convocatos
3062 873 3228 943 igitur
3275 873 3478 929 milites

1901 969 1970 1024 ad
2017 969 2224 1025 bellum
2270 968 2594 1023 intestinum
2642 966 2904 1032 concitat,
2951 966 3191 1021 suadens
3232 974 3292 1020 ut
3334 965 3480 1021 Con-

1901 1058 2087 1113 stantii
2140 1057 2377 1113 adventu
2413 1073 2520 1111 non
2552 1046 2891 1127 exspectato,
2921 1056 3023 1126 ipsi
3055 1056 3210 1111 iHum
3255 1057 3477 1111 invade-

1903 1160 2044 1203 rent.
2090 1147 2227 1203 Cum
2261 1162 2393 1203 vero
2456 1148 2786 1219 jampridem
2822 1148 3177 1202 christianam
3213 1149 3483 1219 ejurasset

1906 1238 2093 1303 iidem,
2141 1238 2435 1294 verebatur
2463 1238 2534 1294 ob
2562 1239 2615 1293 id
2648 1238 2886 1303 milites,
2933 1252 3072 1307 quos
3120 1238 3237 1293 fere
3287 1252 3483 1293 omnes

1902 1320 2236 1376 christianos
2291 1335 2412 1376 esse
2465 1330 2647 1376 norat.
2730 1320 3001 1392 Tegendae
3060 1335 3173 1376 sua:
3223 1321 3482 1390 nequitia:

1901 1428 2085 1478 causa,
2136 1413 2370 1468 liberum
2418 1414 2621 1483 cuique
2667 1412 2818 1477 facit,
2864 1410 3116 1481 quamvis
3154 1410 3479 1482 religionem

1902 1504 2105 1568 colere,
2132 1502 2422 1573 Natalique
2469 1503 2768 1559 Salvatoris
2790 1501 2904 1565 die,
2934 1502 2993 1556 in
3027 1502 3232 1571 templo
3265 1501 3479 1563 adorat,

1903 1607 1964 1649 ut
1988 1594 2299 1649 consentire
2328 1609 2452 1648 cum
2485 1593 2754 1649 militibus
2798 1593 3072 1648 videatur.
3111 1592 3182 1647 Et
3207 1592 3482 1647 mandaris

1902 1679 2312 1749 magistratibus
2339 1678 2406 1735 iis
2433 1695 2573 1749 quos
2606 1680 2724 1749 ipse
2758 1679 3050 1749 probabat,
3074 1677 3143 1732 ad
3175 1674 3379 1733 bellum
3405 1678 3485 1733 ci-

1902 1770 2008 1825 vile
2042 1770 2418 1841 proﬁciscens,
2449 1786 2509 1826 se
2537 1771 2920 1827 Constantium
2947 1770 3265 1826 invasurum
3296 1782 3481 1841 negat,

216 1855 626 1954 προσκυνήσας,
676 1855 742 1936 ῖν⁹
773 1883 1027 1952 ὀμόδοξος
1066 1855 1185 1946 τοῖς
1232 1880 1594 1952 στρατιώταις
1643 1880 1795 1949 δοκῇ,

1899 1862 1993 1917 sed
2040 1855 2176 1917 illud
2212 1862 2371 1927 velle,
2400 1871 2463 1917 ut
2499 1863 2798 1919 orientales
2847 1861 3126 1917 exercitus
3158 1876 3284 1916 cum
3327 1861 3483 1916 occi-

214 1960 478 2039 ἀπῆλθενζ
522 1971 823 2042 Ἐπέστησε
858 1971 914 2025 δὲ
954 1972 1054 2026 καὶ
1087 1973 1206 2035 ταῖς
1237 1972 1435 2043 ἀρχαῖς
1466 1970 1560 2033 οὒς
1586 1971 1791 2033 ἐκεῖνος

213 2062 468 2116 ἐϐούλετο
492 2079 506 2094 ο
531 2066 626 2118 καὶ¹
653 2062 829 2127 οὕτως
852 2063 939 2133 ᾔει
965 2062 1101 2132 πρὸς
1122 2063 1212 2115 τὸν
1235 2060 1498 2133 ἐμφύλιον
1526 2061 1787 2129 πόλεμον.

217 2158 413 2226 Ἔλεγε
440 2158 497 2211 δὲ
521 2160 596 2227 μὴ
620 2161 765 2213 κατὰ
790 2160 1175 2214 Κωνσταντίου
1201 2162 1424 2232 χωρεῖν,
1448 2160 1564 2213 ἀλλ’
1588 2160 1796 2215 ἐθέλειν

214 2252 291 2312 εἰς
323 2250 382 2302 ἓν
413 2251 688 2305 συνελθεῖν
718 2252 784 2305 τὰ
814 2252 928 2321 ἐῷα
985 2251 1375 2323 στρατεύματα
1407 2252 1503 2305 καὶ
1533 2252 1602 2305 τὰ
1631 2251 1795 2304 ἐσπέο

218 2358 328 2409 ρια,
359 2341 428 2396 ἵν’
483 2342 620 2414 ὁμοῦ
652 2346 922 2414 γενόμενα
949 2344 1042 2397 τὸν
1080 2344 1259 2398 αὐτῶν
1282 2344 1611 2410 ἐκλὲξωνται
1643 2344 1794 2414 βασι-

213 2431 496 2488 λεύσοντα.
530 2432 700 2505 Ηύχει
732 2433 789 2489 δὲ
823 2434 917 2488 καὶ
973 2435 1382 2506 προεγνωκέναι
1430 2436 1530 2506 τὴν
1572 2436 1790 2506 ἡμέραν

1902 1954 2220 2009 dentalibus
2251 1955 2553 2023 congressi,
2587 1955 2975 2024 imperatorem
3008 1952 3113 2009 sibi
3155 1952 3482 2023 deligerent.

1899 2037 2254 2093 Gloriabatur
2276 2037 2440 2092 etiam
2465 2053 2525 2094 se
2549 2038 2693 2094 diem
2723 2038 2910 2094 obitus
2931 2035 3240 2093 ConStantii
3267 2036 3483 2089 somnio

1896 2128 2243 2199 cognovisse,
2286 2128 2373 2186 his
2403 2130 2653 2185 versibus
2679 2146 2694 2183 :

1997 2227 2207 2300 Jupiter
2277 2230 2538 2300 Augustos
2598 2228 2687 2300 ubi
2729 2228 2860 2300 fines
2921 2229 3095 2300 intrat
3152 2226 3380 2300 Aquarii

2007 2297 2378 2366 Yirgiueoque'
2412 2302 2532 2352 sinu
2596 2298 2847 2352 vicesima
2912 2298 3119 2366 quinta,
3187 2298 3380 2365 recepit

1997 2364 2182 2421 Por'tio
2222 2364 2578 2429 Falciferum,
2620 2364 2960 2423 Constantius
3016 2364 3378 2431 Induperator

1994 2435 2231 2506 Regnum
2248 2438 2387 2490 Asiw
2407 2438 2545 2491 tristi
2568 2442 2846 2508 superatus
2871 2443 3037 2489 morte
3062 2435 3341 2505 relinquet.

215 2524 336 2579 καθ’
366 2527 432 2598 ἢν
466 2528 786 2600 τεθνήξεται
815 2531 844 2582 ὁ
900 2530 1317 2593 Κωνστάντιοςο
1355 2531 1413 2585 ἐν
1456 2529 1652 2601 ὀνείρῳ
1690 2531 1862 2603 αὐτὴν
1893 2531 2145 2602 μυηθεὶς,
2179 2531 2248 2584 δι’
2284 2530 2433 2585 ἐπῶν
2467 2531 2642 2585 ταῦτα
2672 2531 2991 2602 φραζόντων
3024 2547 3039 2561 ο

926 2642 1078 2708 Ζεὺς
1115 2642 1264 2711 ὅταν
1331 2642 1444 2709 (59)
1474 2644 1564 2709 εις
1600 2643 1799 2697 πλατὺ
1857 2641 2042 2711 τέρμα

2087 2641 2252 2711 μολῇ
2284 2642 2515 2713 κλυτοῦ
2561 2644 2931 2713 Ὑδροχόοιο.

914 2710 1410 2784 ΙΙαρθενικ-ῆς-δὲ
1450 2713 1679 2784 Κρόνος
1721 2710 2165 2784 μοίρης-βαίνῃ
2217 2713 2316 2784 est!
2368 2711 2643 2784 πέμπτης

929 2781 1247 2850 Εἱκοστῆς,
1284 2782 1587 2848 ,βασιλεὺς
1634 2781 2065 2847 Κωνστάντιος
2105 2781 2335 2848 Ἀσίδος
2373 2782 2514 2849 αἴης

923 2851 1111 2921 Τέρμα
1141 2853 1328 2920 φίλου
1355 2853 1570 2916 βιότου
1602 2853 1897 2921 στυγερὸν
1933 2852 2033 2906 καί
2057 2851 2372 2907 ἐπώδυνον
2393 2851 2535 2917 ἕξει.

214 2964 456 3034 Τέθνηκε
489 2961 598 3016 δὲὸ
638 2963 1024 3028 Κωνστάντιος
1053 2963 1123 3018 τὰ
1168 2963 1266 3034 μὲν
1295 2962 1405 3016 τῶν
1446 2962 1673 3034 Περσῶν
1703 2962 1787 3016 λι-
1814 2977 1822 3017 1

1899 2961 2142 3017 Mortuus
2189 2971 2373 3017 autem
2402 2974 2487 3019 est
2514 2963 2893 3032 Constantius,
2941 2968 3136 3024 relicto
3170 2968 3317 3025 bello
3349 2970 3485 3025 Per~

215 3054 369 3108 πῶν·
421 3055 542 3109 ἐπεὶ
576 3056 673 3109 καὶ
715 3057 743 3109 ὁ
785 3056 1012 3110 ἐκείνων
1053 3055 1307 3125 βασιλεὺς
1347 3056 1434 3109 ἐπ’
1473 3054 1624 3110 οἴκου
1673 3054 1795 3109 ἀνε-

215 3147 437 3218 χώρησε
460 3164 475 3179 ⁸
509 3148 653 3202 κατὰ
673 3149 730 3201 δὲ
766 3148 863 3202 τοῦ
913 3150 1352 3220 τυραννήσαντος
1394 3148 1587 3205 ἐπιών.
1624 3151 1796 3220 Φρον-

213 3241 325 3293 τίσι
348 3241 406 3293 δὲ
441 3240 683 3305 πολλαῖς·
714 3240 1094 3312 συνεχόμενος,
1127 3241 1424 3295 κάντεῦθεν
1470 3241 1796 3311 συλληφθεὶς

215 3330 455 3399 πυρετῷ,
491 3332 657 3400 χολήν
694 3346 756 3383 τε
787 3331 1083 3400 ἀναγαγὼν
1114 3332 1381 3401 μέλαιναν
1438 3332 1795 3400 ἐτελεύτησεν

217 3422 275 3474 ἐν
300 3420 489 3491 Μόψου
522 3421 700 3494 κρήνῃ
736 3421 847 3491 (60)
918 3424 1119 3490 (κεῖται
1144 3424 1200 3477 δὲ
1231 3424 1371 3495 αὕτη
1409 3425 1550 3480 κατὰ
1573 3425 1673 3495 τὴν
1699 3425 1795 3480 τοῦ

220 3511 434 3581 Ταύρου
468 3512 798 3585 ὑπώρειαν),
837 3515 929 3566 ἐπὶ
956 3515 1157 3586 τρισὶν,
1184 3515 1258 3580 ὠς
1292 3516 1529 3585 λέγεται,
1586 3518 1798 3588 μεμφό-

222 3617 383 3668 μενος
412 3601 612 3671 ἐαυτῷ,
641 3602 719 3672 τῷ
753 3604 901 3675 φόνῳ
933 3604 1041 3658 τῶν
1087 3608 1402 3674 συγγενῶν·
1435 3605 1517 3679 (οὐ
1559 3607 1670 3679 γὰρ
1705 3607 1795 3659 τὸν

218 3691 423 3746 Γάλλον
461 3693 623 3762 μόνον
648 3695 997 3762 ἀπέκτεινεν,
1018 3696 1094 3761 ὼς
1131 3698 1344 3770 εἴρηται
1376 3698 1502 3768 ἤδη,
1537 3699 1675 3753 ἀλλὰ
1700 3698 1795 3752 καὶ

217 3785 345 3850 τοὺς
383 3786 648 3854 ἀδελφοὺς
704 3787 800 3840 τοῦ
849 3788 1051 3843 οἰκείου
1095 3790 1326 3860 πατρὸς)
1375 3792 1442 3861 τῇ
1492 3791 1793 3862 ἅναῤῥήσει

217 3879 309 3932 τοῦ
343 3879 658 3944 Ἰουλιανοῦ,
691 3881 785 3933 καὶ
813 3882 880 3951 τῇ
912 3881 1242 3953 καινοτομίᾳ
1272 3882 1373 3951 τῆς
1402 3883 1661 3946 πίστεως.
1685 3880 1793 3937 Ἦν

217 3970 272 4023 δὲ
304 3974 332 4024 ό
359 3972 720 4041 αὐτοκράτωρ
748 3964 903 4034 οὗτος
930 3971 1163 4042 εὐμενὴς
1210 3972 1311 4041 μὲν
1348 3973 1461 4035 τοῖς
1508 3973 1793 4040 ὑπηκόοις,

218 4058 530 4129 δικαιοσύνῃ
586 4059 643 4110 δὲ
696 4060 826 4129 περὶ
850 4061 950 4121 τὰς
1001 4060 1213 4129 κρίσεις
1246 4061 1499 4130 στοιχῶν.
1529 4062 1665 4131 Περὶ
1692 4062 1791 4132 τὴν

219 4146 430 4198 δίαιταν
464 4145 762 4215 ἐγκρατὴς,
806 4148 898 4199 καὶ
930 4149 988 4200 ἐν
1018 4149 1137 4208 ταῖς
1181 4148 1288 4201 τῶν
1330 4149 1663 4218 ἡγεμονιῶν,
1697 4152 1792 4205 καὶ

220 4235 340 4297 ταῖς
389 4235 499 4287 τῶν
530 4234 861 4305 ἀξιωμάτων
905 4237 1213 4307 διανομαῖς,
1271 4238 1364 4291 τοῦ
1418 4240 1789 4311 προσήκοντος

222 4325 639 4396 στοχαζόμενος,
690 4325 896 4396 μηδένα
930 4330 998 4398 τῇ
1045 4327 1307 4400 γερουσίᾳ
1362 4330 1700 4392 συντάσσων,
1732 4329 1792 4395 ὃς

221 4416 471 4480 παιδείας
525 4416 861 4489 μετείληχεν,
913 4418 1035 4471 οὐδὲ
1066 4420 1275 4491 ἤσκητο
1311 4420 1450 4490 πρὸς
1484 4420 1545 4474 τὺ
1582 4421 1788 4491 λέγειν,

224 4510 321 4562 καὶ
348 4508 466 4579 ⁴ᾔδει
517 4509 753 4578 γράφειν
805 4511 1098 4580 ἐμμέτρως
1144 4528 1205 4564 τε
1263 4512 1361 4566 καὶ
1411 4514 1615 4579 πεζῶς.
1654 4517 1791 4587 Περὶ

222 4597 280 4650 δὲ
326 4597 425 4666 τὴν
488 4598 673 4651 πίστιν
713 4598 959 4668 ὑπῆρχεν
1013 4599 1113 4652 οὐκ
1141 4600 1385 4672 εὐαγής·
1441 4604 1502 4656 οὐ
1558 4604 1666 4675 γὰρ
1723 4609 1790 4677 τῇ

222 4690 464 4759 πατρικῇ
499 4688 756 4761 εὐσεϐείᾳ
782 4687 1122 4759 ἐστοίχησεν,
1174 4690 1311 4744 ἀλλὰ
1339 4693 1637 4760 προσέθετο
1678 4697 1792 4759 τοῖς

236 4778 632 4847 ’Δρειανίζουσι
655 4780 791 4854 (61),
836 4783 1040 4854 σπουδῇ
1077 4781 1170 4836 τοῦ
1208 4783 1318 4837 τῶν
1368 4784 1666 4854 βασιλικῶν
1705 4788 1797 4841 εὐ-

1899 3052 2037 3119 sieo,
2071 3067 2197 3108 cum
2226 3053 2400 3109 hostis
2424 3054 2590 3110 etiam
2629 3055 2852 3112 domum
2890 3057 3165 3126 rediisset,
3194 3071 3485 3132 tyrannum

1899 3159 2279 3215 aggressurus.
2318 3144 2426 3200 Sed
2463 3146 2617 3203 curis
2649 3148 2840 3203 multis
2872 3158 3131 3217 aestuans,
3175 3151 3317 3207 febri
3355 3166 3479 3207 cor-

1901 3238 2124 3307 ripitur,
2155 3253 2219 3295 ac
2247 3240 2419 3295 multa
2467 3248 2585 3296 atra
2636 3240 2745 3298 bile
2790 3242 3017 3314 reiecta,
3060 3244 3128 3299 ad
3153 3245 3324 3316 Mopsi
3360 3245 3486 3299 fon-

1901 3339 2012 3384 tem
2050 3330 2230 3401 (locus
2273 3339 2358 3385 est
2397 3330 2466 3386 ad
2495 3331 2660 3387 Tauri
2715 3333 2951 3404 radices)
3004 3334 3146 3402 obit,
3199 3336 3390 3401 trium,
3421 3346 3485 3391 ut

1897 3420 2073 3488 aiunt,
2095 3436 2154 3476 se
2182 3423 2452 3492 ptenitere
2483 3422 2784 3494 professus,
2816 3425 2981 3482 caedis
3007 3427 3442 3498 propinquorum
3467 3444 3481 3481 :

1897 3526 2002 3567 nec
2039 3512 2187 3567 enim
2235 3513 2448 3569 Gallum
2483 3514 2771 3579 duntaxat,
2806 3522 2868 3570 ut
2890 3516 3152 3584 diximus,
3180 3518 3276 3573 sed
3304 3526 3361 3574 et
3387 3533 3483 3589 pa-

1900 3611 2054 3660 truos
2083 3620 2215 3660 suos
2251 3606 2563 3662 occiderat:
2599 3608 2781 3663 collati
2822 3608 2881 3664 in
2906 3608 3183 3665 Julianum
3228 3611 3397 3676 tituli,
3429 3622 3487 3666 et

1899 3703 2123 3766 mutatae
2175 3695 2323 3751 ﬁdei.
2374 3695 2501 3750 Fuit
2548 3696 2697 3750 enim
2740 3697 2982 3753 clemens
3025 3713 3155 3769 erga
3187 3698 3441 3755 subditos
3466 3736 3484 3764 ,

1894 3790 2566 3861 :equitatisinjudicando
2614 3808 2883 3858 servans,
2946 3795 3001 3848 in
3063 3794 3212 3849 victu
3275 3802 3486 3863 tempe-

1896 3896 2048 3946 rans,
2076 3880 2129 3934 in
2149 3881 2470 3937 mandandis
2502 3881 2754 3952 imperiis
2783 3893 2839 3938 et
2858 3882 3271 3953 magistratibus
3301 3881 3488 3943 decori

1895 3976 2197 4030 observans
2222 4015 2236 4039 ,
2269 3989 2449 4045 neque
2482 3980 2536 4030 in
2571 3985 2824 4032 senatum
2862 3990 3195 4046 quemquam
3248 3974 3475 4030 admisit

1896 4062 2003 4118 nisi
2033 4062 2336 4127 eruditum,
2380 4072 2437 4117 et
2467 4064 2521 4118 in
2555 4063 2777 4119 dicendi
2818 4062 3076 4118 facultate
3107 4063 3182 4117 ita
3210 4060 3482 4116 exercita-

1898 4163 2036 4218 tum,
2074 4159 2135 4206 ut
2165 4152 2399 4206 solutam
2447 4151 2780 4221 ligatamque
2832 4151 3105 4206 scriberet
3147 4148 3476 4205 orationem.

1895 4242 2168 4298 Caeterum
2195 4241 2250 4295 in
2294 4240 2558 4312 religione
2605 4256 2714 4295 non
2743 4240 2849 4322 fuit
2881 4254 3055 4311 purus
3082 4249 3267 4309 putus,
3301 4251 3481 4306 neque

1900 4331 2071 4401 patris
2120 4338 2346 4386 secutus
2377 4339 2463 4385 est
2493 4329 2792 4400 pietatem,
2841 4330 2936 4385 sed
2980 4328 3201 4386 Arianis
3245 4327 3479 4392 studuit,

1900 4420 2120 4476 Eusebii
2175 4420 2641 4477 cubiculariorum
2678 4422 2947 4493 principis
2993 4421 3253 4492 impulsu,
3288 4420 3394 4490 23
3424 4430 3478 4475 et

1902 4513 1964 4567 D.
1998 4510 2388 4576 Alexandrum,
2439 4520 2564 4581 post
2614 4512 3027 4582 Metrophancm
3081 4511 3247 4566 Novae
3292 4511 3483 4565 Romae

1900 4601 2301 4673 patriarcham-
2344 4602 2582 4657 electum
2615 4641 2628 4664 ,
2700 4602 2756 4656 in
2833 4602 3152 4658 societatem
3229 4601 3479 4670 recipere

1901 4694 2113 4760 Arium,
2145 4703 2309 4762 atque
2338 4693 2432 4749 illo
2467 4695 2767 4760 abnuente,
2827 4694 3125 4751 concilium
3167 4693 3336 4749 indici
3359 4694 3479 4765 jus-

1904 4790 1995 4846 sit.
2044 4789 2220 4859 Hujus
2255 4787 2377 4845 dies
2424 4803 2549 4844 cum
2605 4789 2857 4858 instaret,
2911 4789 3217 4845 Alexander
3262 4788 3477 4859 vesperi

1431 4918 1630 4982 Variae
1666 4920 1971 4985 lectiones
2013 4929 2076 4986 et
2118 4930 2311 4985 notae.

210 5022 215 5049 ¹
302 5029 415 5111 (57)
459 5032 564 5111 ’ἢν
617 5034 877 5111 τούτοις.
926 5038 1051 5094 Ηωο

225 5103 481 5179 versione
513 5103 930 5179 immuta_vimus
960 5125 973 5159 :
1013 5103 1312 5179 scripserat
1338 5114 1486 5167 cnim
1502 5114 1738 5170 Wolﬁus
1775 5135 1787 5171 :

224 5171 433 5250 Interea
458 5182 505 5224 et
536 5188 673 5250 υτον
705 5176 818 5250 ejus
847 5178 1092 5250 moritur,
1120 5171 1250 5245 sive,
1281 5189 1338 5234 ut
1374 5184 1592 5249 quidam
1615 5188 1789 5250 aiunt,

226 5239 396 5325 adtrito
440 5239 849 5325 materfamilias
900 5248 1035 5316 ejus,
1062 5239 1185 5325 sive
1212 5239 1270 5304 ut
1305 5239 1421 5325 alii.
1475 5254 1597 5325 jam
1635 5239 1793 5325 repu:

224 5311 395 5394 uicta.
441 5311 1135 5394 Ἰεῖκξεὸλημένηζρετρᾳίεα
1164 5333 1202 5394 ς
1248 5311 1496 5394 palatio:
1525 5311 1798 5394 interpre-

229 5387 373 5462 tatus
415 5387 499 5434 est
532 5378 801 5462 Henricus
839 5378 1129 5462 'Yalesius.
1164 5378 1408 5446 Decessit
1437 5378 1569 5447 vero
1590 5378 1793 5450 llel'ena

222 5458 516 5516 postquam
552 5451 804 5508 Julianus
843 5456 913 5510 ab
947 5458 1195 5513 exercitu
1253 5470 1474 5516 creatus
1514 5475 1635 5517 erat
1679 5465 1792 5519 Au-

221 5529 437 5642 ﬁlasllélns,
499 5528 557 5574 ut
608 5530 842 5603 testatur
911 5526 1029 5597 ipse
1064 5528 1313 5586 Julianus
1379 5532 1437 5586 in
1493 5531 1669 5602 Epist.
1721 5536 1790 5590 ad

318 5604 430 5659 ten.
1407 5630 1419 5659 ,

301 5658 414 5723 (58)
460 5659 576 5741 Τῆς
610 5662 939 5741 ηεξ-εθλίου
968 5665 1075 5741 τοᾷ
1110 5666 1403 5741 Σωτῆρος.
1444 5672 1790 5740 Ammianus,

224 5726 267 5780 l.
320 5743 440 5792 xxi,
491 5730 570 5784 ait
639 5731 920 5788 lulianum
983 5726 1304 5791 solemnitcr
1359 5726 1426 5794 'in
1485 5726 1791 5799 Ecclesiani

227 5812 582 5868 pmgrcssum
618 5805 885 5875 feriarum.
918 5806 1021 5874 die,
1060 5822 1214 5877 quem
1255 5808 1575 5867 celebrantes
1619 5831 1794 5872 mense

1106 5042 1273 5121 paulo
1298 5119 1304 5121 Α
1333 5042 1677 5121 int_rica_t_io_ra
1732 5044 1789 5101 in
1889 5048 2475 5121 JanuarioC/zrisﬁnni
2509 5048 2810 5120 Epiphania
2835 5051 3104 5104 dictitant.
3146 5047 3285 5103 Vide
3314 5048 3476 5121 Yalc-

1890 5121 2033 5202 siurn
2065 5120 2132 5174 ad
2170 5118 2318 5174 hunc
2350 5118 2563 5185 locum,
2599 5129 2656 5176 ct
2681 5129 2983 5190 utrumque
3029 5126 3284 5175 nostrum
3314 5120 3476 5175 Glos-

1892 5205 2121 5246 sarium.

1965 5260 2078 5330 (59)
2111 5258 2263 5325 Ζεὺς
2317 5260 2484 5313 ὅταν.
2514 5249 2754 5330 Eosdem
2804 5272 3000 5330 versus
3029 5257 3245 5330 recitat
3304 5257 3472 5330 etiam

1894 5327 2169 5392 Zosimus,
2201 5330 2345 5398 apud
2387 5344 2571 5399 quem
2607 5329 2680 5381 ita
2704 5328 2987 5399 secundus
3028 5329 3228 5397 legitur
3248 5346 3272 5399 Δε
3326 5327 3477 5396 Παρ-

1897 5400 2119 5468 θενικῆς
2152 5400 2208 5452 δὲ
2235 5397 2439 5466 Κρόνος
2485 5397 2666 5468 μοίρηῄ
2694 5397 2971 5468 βαίνῃ-επὶ
3019 5399 3182 5468 πέντε
3214 5397 3462 5468 είκοετῇἶ

1903 5540 1942 5593 Γ
1972 5453 2246 5591 (δφκεν
2286 5453 2502 5538 Μόψου)
2557 5453 2777 5535 σξρῆὠῃ.
2822 5453 2961 5521 vide
3012 5466 3353 5537 Scaligerum
3400 5453 3488 5520 εὶίι-

1921 5554 2048 5593 ause
2069 5555 2107 5593 1.

1921 5554 2107 5593 διιεοι).

1971 5609 2084 5678 (6i)
2120 5607 2451 5678 Προσέθετο
2490 5604 2644 5678 τοῖς-η
2671 5604 3121 5678 ’Apelarlcoua't.
3180 5606 3333 5678 liinc‘
3357 5604 3471 5678 Eu-

1899 5675 2087 5731 sebius
2119 5675 2174 5731 in
2207 5678 2483 5741 Chronico,
2533 5675 2739 5746 quibus
2792 5676 3145 5730 consentiunt
3179 5676 3429 5746 historici
3452 5714 3468 5736 ,

1898 5749 2224 5819 impietatem
2265 5742 2566 5819 Arianam;
2587 5744 2883 5819 Constantii
2916 5747 3249 5819 imperatoris
3279 5742 3499 5819 [ultam-

1901 5816 2171 5889 pra’sidio,
2220 5817 2513 5874 carceribus
2564 5823 2611 5870 et
2665 5816 2833 5872 variis
2894 5817 3236 5889 aﬂlictionum
3301 5816 3483 5872 modis
