4026 6426
326 436 463 505 1153

1543 434 1946 499 ANNALIUM
1981 433 2125 495 LIB.
2165 432 2340 496 XIII.

3419 434 3563 502 1154

330 552 430 622 μὲν
459 548 755 621 ηὐτύχησε,
807 546 901 602 καὶ
945 545 1131 611 πόλεις
1197 539 1309 600 εἷλέ
1342 562 1516 611 τινας,
1544 547 1635 600 καὶ
1664 547 1894 610 πολλοὺς

2008 559 2111 599 rem
2159 544 2298 597 bene
2341 543 2502 613 gerit,
2542 553 2598 602 et
2631 548 2960 617 quibusdam
3007 526 3238 606 urbibus
3287 566 3568 623 expugna-

323 641 526 708 ἀνεῖλε,
549 641 644 693 καὶ
673 640 821 699 λείας
845 639 1046 707 πολλῆς
1080 639 1173 693 καὶ
1199 638 1565 709 αἰχμαλώτων
1597 640 1893 709 ἐκράτησε,

324 733 421 786 καὶ
502 730 872 799 Κτησιφῶντα
941 727 1275 798 ἐπολιόρκει.
1356 724 1474 782 Εἶτ’
1525 729 1725 800 ἀθρόον
1783 728 1893 782 τῶν

326 824 672 893 πραγμάτων
702 822 852 893 αὐτῷ
874 824 952 885 είς
968 822 1030 875 τὸ
1050 820 1231 891 χεῖρον
1251 821 1716 893 περιτραπέντων,
1734 820 1894 883 αὐτός

327 932 386 964 τε
417 917 512 967 καὶ
533 914 626 967 τοῦ
659 912 1072 984 στρατεύματος
1098 912 1160 965 τὸ
1195 912 1359 965 πλέον
1388 910 1657 967 ἀπώλετο.
1690 915 1752 965 0i
1785 910 1895 981 γὰρ

326 1006 533 1077 Πέρσαι
560 1005 888 1073 ἀπογνόντες
910 1006 1003 1057 καὶ
1022 1008 1098 1065 εἰς
1121 1004 1341 1074 ὄλεθρον
1360 1004 1586 1066 ἑαυτοὺς
1620 1002 1897 1073 περιφανῆ

330 1098 591 1150 συνωθεῖν
651 1096 1023 1158 ἐϐουλεύοντο,
1060 1096 1145 1148 ἵνα
1188 1112 1243 1147 τι
1290 1095 1741 1166 κατεργάσωνται
1772 1096 1896 1157 τοὺς

338 1189 645 1255 Ῥωμαίους
679 1186 873 1240 δεινόν.
932 1187 1053 1239 Δύω
1093 1186 1227 1255 γοῦν
1280 1188 1340 1239 ἐν
1384 1188 1623 1256 σχήματι
1663 1185 1898 1256 αὐτομό-

327 1279 434 1332 λων
466 1278 578 1348 (84)
605 1279 683 1349 τῷ
723 1279 934 1347 βασιλεί
966 1278 1407 1350 προσερῤύησαν,
1444 1280 1537 1330 καὶ
1558 1278 1714 1347 νίκην
1748 1276 1897 1347 αὐτῷ

328 1373 472 1423 κατὰ
527 1372 791 1442 Περσῶν,
852 1373 902 1423 εἰ
954 1373 1145 1423 ἐποιτο
1185 1373 1413 1435 αὐτοῖς,
1471 1369 1894 1438 ἐπηγγέλλοντο.

339 1463 528 1516 Ἐἆάαι
576 1464 687 1533 γὰρ
737 1461 887 1533 αὐτῷ
939 1463 1029 1515 τὸν
1066 1462 1311 1531 ποταμὸν
1355 1460 1758 1526 συνεσούλευον,
1804 1461 1899 1514 καὶ

326 1555 424 1615 τὰς
457 1556 702 1625 τριήρεις
747 1554 812 1617 ἃς
843 1555 1083 1624 ἐπήγετο
1113 1552 1492 1617 κατακαῦται,
1521 1552 1618 1606 καὶ
1648 1552 1716 1605 τὰ
1763 1552 1901 1606 ἄλλα

327 1644 488 1697 πλοῖα
515 1645 585 1696 τά
616 1643 887 1713 φορτηγὰ,
928 1644 1015 1696 ἵνα
1050 1644 1125 1713 μὴ
1155 1643 1367 1706 τούτοις
1395 1644 1447 1695 οἱ
1482 1643 1730 1713 πολέμιοι
1764 1644 1902 1713 χρή-

328 1752 530 1789 σωνται
559 1752 571 1767 ⁸
604 1736 785 1790 αὐτῶν
814 1738 859 1790 δ’
889 1735 1210 1805 ἡγουμένων
1247 1735 1317 1788 δι’
1354 1735 1559 1805 ἐτέρων
1602 1734 1737 1788 ὁδῶν
1780 1735 1898 1787 δια-

326 1832 518 1896 γαγεῖν
543 1830 613 1882 τὰ
656 1829 1049 1901 στρατεύματα
1069 1844 1086 1861 ο
1126 1826 1427 1890 ἀκινδύνως
1459 1843 1520 1879 τε
1552 1825 1646 1880 καὶ
1679 1826 1748 1881 δι’
1777 1827 1900 1880 ὀλί-

1999 637 2089 700 tis,
2139 634 2323 690 multis
2371 634 2710 713 interfectis.
2759 640 2947 694 multis
2994 639 3204 709 captis,
3261 657 3565 712 magnaque

1995 730 2179 800 praeda
2221 740 2399 802 parta,
2445 730 2859 801 Ctesiphontem
2907 731 3142 786 obsidet.
3194 732 3332 786 Tum
3380 734 3572 789 subito

1999 837 2265 878 conversa
2312 824 2365 877 in
2397 823 2645 878 deterius
2681 821 2923 887 fortuna,
2970 829 3028 876 et
3068 825 3185 893 ipse
3229 834 3286 878 ct
3331 826 3569 880 maxima

2001 929 2127 981 pars
2148 914 2426 969 exercitus
2453 914 2613 983 perit.
2649 913 2780 966 Nam
2808 913 2987 967 Persa:
3006 913 3251 982 quidem,
3278 914 3566 983 desperata

2000 1005 2198 1069 salute,
2234 1021 2398 1059 ruere.
2428 1005 2480 1058 itt
2513 1003 2861 1067 maniftstunt
2888 1006 3172 1058 interitum
3202 1005 3567 1074 destinarant,

2002 1104 2062 1148 ut
2094 1095 2303 1149 cladem
2339 1096 2581 1165 aliquant
2609 1095 2873 1148 Romanis
2903 1095 3188 1150 inferrent.
3218 1096 3408 1166 Itaque
3454 1098 3569 1151 duo

1998 1202 2099 1256 pro
2139 1189 2431 1257 transfugis
2475 1189 2542 1242 ad
2578 1188 2967 1256 imperatorem
3011 1202 3069 1241 se
3108 1188 3431 1253 conferunt,
3484 1192 3571 1243 vi-

2000 1278 2229 1331 ctoriam
2267 1277 2552 1332 Persarum
2592 1277 2938 1347 pollicentes,
2973 1276 3019 1330 si
3052 1277 3260 1333 omisso
3290 1278 3480 1343 ﬂuvio,
3514 1288 3572 1335 et

2003 1369 2340 1433 triremibus,
2396 1370 2718 1439 exterisque
2772 1369 3002 1423 navibus
3068 1372 3340 1425 onerariis
3434 1387 3572 1440 quas

2001 1459 2318 1514 adduxisset
2344 1460 2606 1527 incensis,
2639 1479 2705 1515 ne
2736 1461 2991 1515 hostibus
3019 1461 3139 1514 usui
3167 1468 3392 1525 essent,
3426 1462 3573 1530 ipsos

2003 1560 2351 1618 sequeretur.
2381 1550 2517 1604 Nam
2562 1566 2660 1619 per
2696 1552 2830 1606 alias
2874 1553 2989 1605 vias
3035 1550 3339 1605 exercitum
3387 1553 3576 1606 tradu-

2004 1649 2211 1703 cturus.
2240 1651 2298 1694 ut
2320 1642 2444 1695 sine
2467 1641 2790 1697 discrimine
2816 1652 2871 1697 et
2895 1644 3219 1712 compendio
3248 1645 3302 1698 in
3334 1645 3576 1699 Persidis

2006 1730 2196 1785 intima
2228 1741 2568 1801 penetraret’,
2596 1746 2772 1802 caque
2803 1733 2963 1789 facile
2993 1738 3287 1805 potiretur.
3331 1737 3426 1790 llis
3456 1753 3576 1791 sce-

2006 1821 2176 1878 lestus
2208 1824 2296 1877 ille
2328 1839 2527 1878 vesano
2555 1824 2737 1877 animo
2764 1840 3078 1894 persuasus.
3106 1827 3358 1897 quamvis
3413 1827 3574 1881 multi

328 1890 426 1985 γού
473 1918 542 1971 τὰ
598 1890 1015 1990 τῆςῚΠερσίδος
1062 1917 1451 1987 κατειληφέναι
1491 1917 1769 1986 ἐνδότερα,
1803 1917 1900 1970 καὶ

2008 1922 2169 1983 atque
2224 1915 2340 1984 ipse
2395 1916 2681 1969 llormisda
2733 1917 2919 1970 dolum
2989 1918 3214 1971 subesse
3282 1919 3574 1982 dicerent,

325 2006 585 2077 εὐμαρῶς
612 2007 904 2078 κυριεῦσαι
945 2007 1139 2077 αὐτῆς.
1177 2006 1402 2068 Τούτοις
1448 2006 1832 2075 φρενοδλαϐῶς
1868 2009 1896 2059 ὁ

326 2097 604 2168 ἁλιτήριος
645 2102 850 2162 ἐκεῖνος
876 2100 1142 2165 πεισθεὶς,
1169 2100 1262 2152 καὶ
1288 2098 1460 2151 ταῦτα
1480 2097 1689 2151 πολλῶν
1713 2099 1905 2165 λεγόν-

327 2207 437 2242 των
505 2191 618 2261 (85)
647 2190 817 2261 αὐτῷ,
861 2190 955 2244 καὶ
1004 2191 1169 2243 αὐτοῦ
1240 2191 1334 2244 τοῦ
1396 2190 1707 2260 Ὀρμίσδου,
1748 2189 1899 2244 δόλον

327 2276 550 2334 εἶναιτὸ
581 2282 834 2350 πρᾶγμα,
889 2280 1001 2351 πῦρ
1025 2280 1247 2334 ἐνέϐαλε
1270 2280 1382 2352 (86)
1420 2283 1541 2343 ταῖς
1583 2280 1769 2333 ναυσί⁹
1801 2282 1899 2334 καὶ

334 2370 475 2441 πλὴν
500 2369 847 2436 δυοκαίδεκα,
877 2372 975 2436 τὰς
1003 2372 1185 2435 πάσας
1217 2373 1580 2425 κατέκαυσεν.
1623 2368 1801 2425 ἰισαν
1841 2371 1901 2425 δὲ

327 2462 576 2532 τριήρεις
609 2462 706 2533 μὲν
737 2463 1079 2527 ἑπτακόσιαι,
1107 2463 1373 2533 φορτηγοὶ
1406 2464 1465 2516 δέ
1525 2463 1899 2531 τετρακόσιαι.

332 2554 471 2624 ’Ἤδη
484 2554 541 2607 δέ
561 2556 786 2608 ἐκείνων
814 2555 1283 2625 ἐκτεφρωθεισῶν,
1319 2558 1440 2609 ἐπεὶ
1465 2554 1649 2606 πολλοὶ
1666 2554 1773 2607 τῶν
1792 2572 1890 2609 τα-

333 2642 571 2714 ξιαρχῶν
599 2644 821 2716 ἐνέδραν
844 2646 939 2698 καὶ
976 2645 1126 2698 δόλον
1158 2646 1439 2698 ἐνίσταντο
1464 2643 1605 2699 εἶναι
1636 2649 1703 2698 τὰ
1748 2646 1901 2715 παρὰ

330 2732 440 2787 τῶν
459 2734 773 2805 αὐτομόλων
796 2736 1021 2789 ἐκείνων
1035 2734 1327 2805 λεγόμενα,
1349 2738 1498 2806 μόλις
1521 2753 1624 2789 που
1645 2742 1903 2790 κατένευ-

332 2843 425 2879 σεν
454 2827 743 2897 ἐτασθῆναι
764 2829 875 2900 (87)
898 2831 1022 2891 τοὺς
1044 2817 1518 2898 ψευδαυτομόλους
1541 2844 1554 2857 ο
1579 2825 1634 2879 οἵ
1651 2826 1900 2880 ἐκδοθέν-

331 2938 424 2983 τες
436 2922 694 2991 βασάνοις
713 2922 980 2993 ἐξέφηναν
997 2924 1055 2975 τὸ
1071 2922 1402 2993 ἀπόρρητον.
1423 2921 1486 2972 0i
1503 2921 1602 2989 μὲν
1619 2917 1712 2974 οὖν
1728 2919 1901 2981 οὓτως

332 3011 681 3082 ἀπατηθῆναι
714 3029 847 3081 φασι
878 3012 970 3066 τδν
1013 3011 1325 3066 Ἰουλιανόν.
1356 3012 1418 3063 Οἱ
1437 3010 1494 3063 δὲ
1524 3009 1903 3081 άπειπάμενόν

335 3119 469 3172 φασι
488 3104 623 3173 πρὸς
635 3105 737 3174 τὴν
756 3104 1144 3174 Κτησιφῶντος
1159 3101 1477 3173 πολιορκίαν
1494 3100 1563 3154 δι’
1576 3103 1901 3172 ὀχυρότητα,

2008 2007 2187 2077 ignem
2225 2006 2399 2077 injicit
2427 2008 2681 2072 navibus,
2714 2024 2935 2070 omnes,
2968 2009 3260 2063 duodecim
3309 2013 3576 2079 exceptis,

2008 2106 2260 2164 cremat,
2317 2113 2440 2152 cum
2518 2098 2771 2152 triremes
2847 2100 3238 2169 septingenta,
3309 2116 3578 2154 onerariae

2008 2188 2421 2257 quadringentae
2455 2198 2662 2243 essent.
2700 2189 2770 2243 lis
2803 2190 2915 2260 jam
2970 2190 3024 2243 itt
3069 2193 3283 2246 cineres
3316 2192 3575 2255 redactis,

2006 2295 2132 2333 cum
2202 2281 2359 2332 multi
2407 2295 2473 2333 ex
2540 2280 2779 2334 tribunis
2828 2292 3215 2337 asseverari-nt
3304 2285 3393 2337 illa
3452 2287 3578 2339 dolo

2008 2368 2116 2422 dici
2149 2383 2179 2421 a
2214 2368 2511 2438 transfugis
2550 2407 2565 2433 ,
2603 2369 2690 2422 vix
2722 2370 2940 2423 tandem
2966 2373 3263 2435 consensit,
3296 2385 3353 2427 ut
3397 2389 3576 2443 qua-s-

2009 2459 2086 2513 tio
2115 2461 2182 2512 de
2214 2460 2281 2513 iis
2305 2460 2622 2519 haberetur,
2646 2459 2740 2526 qui
2773 2460 2826 2511 in
2863 2462 3150 2514 tormentis
3174 2462 3280 2531 27
3311 2454 3574 2518 arcanum

2008 2548 2245 2605 confessi
2287 2557 2434 2602 sunt.
2487 2548 2720 2614 Quidam
2776 2550 2944 2619 igitur
2986 2552 3067 2606 sic
3121 2553 3409 2623 deceptum
3456 2570 3577 2610 esse

2005 2639 2193 2695 ferunt
2219 2640 2516 2696 Iulianum.
2559 2637 2665 2693 Alii
2696 2639 2889 2694 dicunt
2913 2642 3204 2713 desperata
3246 2644 3578 2714 Ctesiphon-

2011 2733 2082 2788 tis
2125 2733 2196 2788 ob
2250 2734 2589 2790 munitiones
2642 2748 3077 2804 expugnattone,
3123 2750 3249 2790 cum
3301 2737 3579 2792 exercitus

2008 2824 2177 2879 etiam
2246 2825 2475 2895 penuria
2545 2835 2885 2879 commeatus
2963 2824 3279 2891 laboraret,
3338 2828 3576 2882 reditum

2016 2917 2354 2972 adornasse:
2404 2919 2701 2984 abeuntes,
2731 2918 2926 2972 Persas
2954 2931 2983 2969 a
3016 2926 3169 2987 tergo
3209 2918 3476 2973 invasisse
3526 2930 3581 2975 ιιι

2009 3018 2315 3064 extremum
2357 3025 2548 3081 agmen
2608 3011 2879 3065 turbasse.
2928 3006 3113 3063 Gallos
3162 3016 3344 3063 autem
3383 3012 3477 3079 qui
3521 3012 3577 3065 in

2012 3105 2276 3160 subsidiis
2313 3115 2533 3170 essent,
2586 3105 2801 3161 fortiter
2858 3103 3129 3158 restitisse
3189 3105 3463 3171 hostibus,
3522 3118 3579 3162 ct

333 3196 428 3248 καὶ
452 3198 538 3249 ὅτι
566 3197 663 3251 καὶ
695 3196 776 3267 τῷ
803 3197 1182 3267 στρατεύματι
1207 3197 1279 3250 τά
1309 3202 1583 3266 ἀναγκαῖα
1618 3196 1902 3260 ἐπέλιπον,

2011 3195 2214 3249 multos
2258 3210 2451 3250 eorum
2500 3197 2803 3261 caecidisse,
2849 3213 2953 3253 nec
3000 3202 3249 3270 plebeios
3290 3204 3579 3270 duntaxat,

336 3288 599 3342 ἐπανόδου
641 3286 987 3359 μνησθῆναι⁸
1035 3290 1259 3343 ἀπιοῦσι
1286 3290 1344 3343 δέ
1393 3288 1731 3359 ἐπιφανῆναι
1775 3288 1903 3350 τοὺς

337 3383 553 3449 Πέρσας
599 3382 844 3443 ὄπισθεν,
890 3383 983 3434 καὶ
1014 3383 1138 3445 τούς
1164 3382 1540 3453 οὐραγοῦντας
1572 3382 1864 3451 ταράττειν
1889 3393 1903 3409 ⁸

337 3475 464 3539 τοὺς
499 3474 732 3538 Γάλλους
769 3474 882 3545 (88)
913 3473 958 3527 δ’
1002 3472 1599 3543 ὀπισθοφυλακοῦντας,
1619 3472 1907 3538 ἀντιτάξα-

339 3569 464 3621 σθαι
484 3570 596 3631 τοῖς
624 3565 902 3635 πολεμίιις
923 3565 1322 3634 γενναιότερον,
1347 3566 1443 3617 καὶ
1474 3563 1703 3626 πολλοὺς
1726 3561 1906 3614 αὐτῶν

337 3661 567 3726 ἀνελεῖν,
614 3662 675 3713 οὐ
733 3658 844 3711 τῶν
898 3657 1170 3726 τυχόντων
1227 3655 1412 3726 μόνον,
1464 3654 1601 3707 ἀλλὰ
1645 3654 1738 3707 καὶ
1796 3652 1907 3706 τῶν

336 3758 472 3826 παρ’
503 3753 736 3816 ἐκείνοις
764 3751 1068 3819 ἐπιφανῶν.
1116 3748 1326 3818 Ἐνδείᾳ
1351 3746 1410 3800 δὲ
1436 3746 1544 3799 τῶν
1583 3745 1907 3815 ἐπιτηδείων

336 3851 385 3902 οἱ
453 3848 719 3917 Ῥωμαῖοι
769 3845 1016 3914 σφοδρῶς
1082 3841 1383 3905 ἐπιέζοντο.
1424 3837 1708 3901 Ἰουλιανὸς
1760 3839 1806 3892 δ’
1849 3839 1908 3891 ἐν

336 3938 544 4011 ἀπορίᾳ
576 3936 671 3991 τοῦ
692 3938 744 3988 τί
765 3936 846 3988 δεῖ
875 3936 1137 4005 πράττειν
1157 3935 1252 3986 καὶ
1272 3932 1394 3986 ὅθεν
1424 3930 1703 3983 ἐπανιέναι
1729 3929 1906 4001 χρεὼν

339 4030 644 4093 καταστάς,
676 4029 851 4081 εἵλετο
882 4026 970 4079 διὰ
1006 4025 1104 4095 τῆς
1121 4025 1338 4096 ὀρεινῆς
1369 4025 1469 4097 τὴν
1493 4023 1717 4095 πορείαν
1747 4021 1909 4091 ποιή-

343 4125 564 4177 σασθαι.
618 4122 793 4175 Ίόῦτο
819 4123 871 4175 οἱ
927 4122 1137 4191 Πέρσαι
1194 4120 1657 4189 κατανοήσαντες,
1696 4117 1790 4169 καὶ
1829 4117 1911 4179 είς

339 4215 534 4268 ταύτὸν
564 4213 968 4285 ἀθροισθέντες,
1001 4215 1114 4274 τοῖς
1155 4209 1455 4280 Ῥωμαίοις
1505 4208 1783 4272 ἐπέθεντο,
1812 4209 1910 4261 καὶ

342 4310 483 4361 κατὰ
520 4306 620 4378 μὲν
645 4307 707 4358 τὸ
733 4303 1015 4366 εὐώνυμον
1051 4302 1220 4371 κέρας
1247 4300 1517 4371 ἐκράτουν
1543 4299 1594 4353 οἱ
1620 4299 1908 4369 Ῥωμαῖοι·

343 4401 492 4454 κατὰ
527 4398 585 4452 δέ
623 4414 686 4467 γε
707 4396 767 4449 τὸ
800 4395 971 4460 δεξιὸν
1005 4392 1360 4465 ⁴ίγλαττοῦντο.
1385 4394 1450 4445 Ὀ
1478 4390 1641 4459 γνοὺς
1683 4389 1907 4442 Ἰουλιαο

342 4495 432 4557 νδς
476 4490 709 4561 ἀμύνειν
765 4492 876 4553 τοῖς
933 4491 1274 4561 ἡττωμένοις
1302 4487 1586 4558 ἠπείγετο.
1613 4485 1814 4554 Ἔτυχε
1852 4485 1910 4538 δέ

2007 3286 2102 3341 sed
2134 3300 2392 3356 proceres
2417 3287 2603 3342 etiam.
2650 3287 2759 3343 Sed
2801 3289 2929 3358 quia
2969 3291 3202 3349 Romani
3241 3308 3584 3352 commeatus

2008 3380 2191 3450 inopia
2222 3380 2580 3434 vehementer
2605 3394 3013 3458 premerentur,
3041 3393 3318 3449 lulianum
3356 3401 3573 3466 inopem

2008 3472 2245 3537 consilii,
2278 3473 2409 3542 quid
2437 3470 2707 3542 agendum
2731 3509 2746 3535 ,
2783 3484 2837 3528 et
2863 3493 2970 3547 qua
3007 3485 3349 3541 redeundum
3392 3501 3577 3554 esset,

2008 3565 2227 3620 tandem
2268 3581 2368 3636 per
2409 3574 2665 3619 montana
2697 3566 2803 3622 iter
2844 3573 3174 3632 intendisse.
3219 3580 3339 3645 Quo
3388 3581 3582 3636 Persas

2010 3659 2437 3722 animadverso,
2490 3662 2697 3716 coactis
2752 3663 2807 3717 in
2859 3680 3029 3721 unum
3080 3670 3255 3740 ecpiis
3309 3671 3583 3729 Romanos

2011 3749 2300 3814 invasisse,
2348 3750 2526 3819 quiin
2589 3751 2815 3807 sinistro
2879 3770 3050 3811 cornu
3117 3761 3464 3830 superiores,
3529 3767 3583 3822 in

2009 3841 2203 3896 dextro
2238 3843 2606 3896 vincerentur.
2640 3842 2919 3899 Julianutn
2961 3848 3130 3918 igitur
3169 3852 3287 3906 suis
3328 3855 3586 3909 laborau-

2013 3934 2158 3989 tibus
2186 3950 2343 4004 opem
2373 3937 2632 4000 laturum,
2677 3940 2731 3996 in
2777 3942 3059 3997 confertos
3098 3944 3285 4001 hostes
3329 3948 3580 4015 irruisse,

2010 4033 2067 4080 et
2098 4025 2319 4080 thorace
2353 4041 2477 4081 cum
2548 4029 2620 4083 ob
2664 4030 2880 4100 pondus
2933 4042 3046 4086 tum
3101 4034 3172 4089 ob
3230 4038 3403 4092 aestivi
3452 4041 3585 4096 solis

2010 4116 2265 4172 ardorem
2288 4128 2474 4179 exuto,
2514 4119 2668 4175 hasta
2698 4123 2752 4175 in
2787 4122 2957 4177 latere
2993 4139 3334 4195 percussum.
3389 4130 3585 4186 Fertur

2010 4221 2216 4278 autem,
2252 4211 2565 4268 vehementi
2594 4223 2719 4268 orto
2754 4215 2976 4270 turbine
3004 4257 3019 4282 ,
3049 4232 3233 4273 aerem
3266 4220 3378 4275 illic
3409 4223 3575 4280 densa

2011 4302 2247 4373 caligine
2300 4302 2471 4358 fuisse
2517 4305 2841 4375 oppletum,
2900 4306 3221 4378 ingentique
3277 4312 3503 4380 pulvere
3549 4330 3582 4369 a

2014 4393 2177 4449 tantis
2222 4394 2561 4449 exercitibus
2590 4396 2851 4459 excitato,
2893 4397 3125 4453 scivisse
3155 4401 3431 4456 neminem
3478 4418 3581 4458 ηοω

2013 4500 2120 4556 que
2147 4484 2241 4540 ubi
2271 4495 2440 4553 esset,
2480 4503 2658 4558 neque
2701 4491 2835 4561 quid
2887 4501 3074 4564 ageret
3117 4510 3132 4547 :
3168 4494 3483 4565 ambiguum
3529 4504 3586 4551 et

342 4580 433 4636 διὰ
494 4578 659 4651 βάρος
694 4578 791 4632 καλ⁹
824 4579 922 4650 τὴν
965 4581 1028 4632 ἐκ
1073 4579 1166 4632 τοῦ
1194 4577 1348 4649 ἡλίου
1395 4577 1667 4647 φλόγωσιν
1697 4578 1904 4648 (Θέρους

2024 4576 2160 4632 illud
2216 4577 2428 4644 fuisse,
2480 4580 2628 4636 unde
2675 4582 2829 4638 hasta
2883 4599 3005 4655 qua:
3049 4584 3328 4640 lulianum
3372 4585 3585 4659 ie'erat,

1468 4731 1671 4794 Variis
1702 4731 2015 4793 lectiones
2059 4738 2121 4793 et
2155 4742 2343 4796 notae.

345 4859 472 4924 λεύς
500 4857 788 4930 Ἰουλιανὸς
822 4857 989 4930 μονάς
1015 4858 1096 4922 ιε’,
1130 4853 1320 4930 intuit
1369 4852 1614 4930 Περσικὰ
1644 4853 1784 4930 μέρη
1837 4854 1904 4906 at:

2018 4853 2324 4930 lib._xxtv5
2352 4857 2517 4930 Parui
2539 4860 2728 4916 habitis
2760 4866 3050 4920 vetantium
3078 4865 3252 4922 dictis.

349 4930 444 5003 τοῦ
476 4928 758 5003 Εὐφράτου
794 4924 1034 5003 είσῆλθε,
1092 4926 1186 5003 καλ
1240 4924 1543 5003 ἐπικρατὴς
1594 4927 1915 5003 γενόμενος,

349 5002 445 5055 καὶ
471 4992 721 5077 νικήσας,
770 4992 980 5078 πάντας
1013 4992 1383 5078 ,παρί),α6εν,“
1412 4993 1516 5078 Emi
1560 4992 1654 5073 τῆς
1712 4994 1921 5078 πόλεως

348 5061 757 5142 Κτησιφῶντος,
788 5066 918 5142 ἔνθα
941 5066 1036 5119 καὶ
1069 5061 1405 5142 ιδ’-βασιλεῦς
1471 5061 1697 5142 Πέρσῶν
1723 5061 1923 5132 ἐκάθη-

347 5157 429 5205 το,
454 5130 695 5191 ’ἐκείνου
729 5130 1024 5207 φεύγοντος
1066 5130 1165 5187 ἐπῐ
1188 5134 1257 5187 τὰ
1289 5132 1428 5202 μέρη
1460 5132 1569 5183 τῶν
1593 5130 1920 5203 ιιερσαρμε-

350 5211 501 5264 νίων.

422 5278 535 5350 (84)
578 5280 683 5350 Ἔν
706 5274 972 5350 σχήματι
991 5272 1363 5350 αὐτομρόλων.
1389 5269 1620 5350 _Chron.
1642 5268 1871 5350 Eusebii
1898 5286 1914 5323 :

350 5340 450 5403 Ubi
474 5340 1031 5421 a'quodant'siinutato
1066 5343 1285 5412 perfuga
1330 5342 1422 5421 ad”
1448 5342 1659 5421 deserta
1716 5340 1913 5421 perdu-

348 5428 461 5472 ctus
495 5410 613 5471 eum
651 5419 794 5484 [ante
818 5423 868 5467 et
884 5416 972 5469 siti
993 5410 1247 5484 Apostata
1274 5410 1582 5479 perdidisset
1602 5411 1914 5484 exercitum,

348 5498 399 5543 et
453 5478 801 5541 inconsultius
857 5502 890 5538 a
947 5478 1166 5537 suorum
1216 5478 1419 5532 erraret
1472 5480 1791 5548 agminibus,
1846 5478 1913 5548 ab

348 5557 497 5611 obvio
520 5559 651 5626 forte
666 5556 893 5626 hostium
909 5555 1077 5626 equite
1102 5560 1253 5604 conto
1279 5548 1372 5626 ilia
1402 5547 1667 5626 perfossus
1689 5547 1913 5626 int_eriit.

348 5628 503 5682 Adde
520 5617 979 5697 'Philostorgium',
1005 5623 1047 5675 ι.
1071 5637 1167 5697 vn,
1192 5635 1243 5674 c.
1292 5619 1392 5697 1§;
1420 5617 1705 5697 Tlteod'or.
1761 5619 1798 5671 l.
1831 5632 1914 5682 ιιι,

355 5716 401 5752 c.
425 5697 528 5763 20;
565 5686 855 5751 Sozomeri.
883 5693 923 5747 Ι.
955 5686 1029 5758 vt,
1071 5706 1119 5746 c.
1149 5694 1202 5756 1,
1229 5699 1285 5743 et
1321 5687 1551 5757 Gregor.
1576 5686 1804 5741 Nazian.
1853 5701 1915 5752 ιι,

355 5768 563 5821 στηλιτ.

420 5786 679 5910 ῗέἑῖιίαι
704 5834 893 5892 ταῦτα
924 5828 1172 5889 πολλῶν
1199 5827 1523 5898 λεγόντων.
1568 5825 1914 5891 Ammianus,

2090 4928 2202 5004 (§6)
2231 4926 2355 4994 Πῦρ
2389 4929 2655 5004 {ir-Male.
2677 4931 2842 5004 Aldem
2882 4936 3232 4990 Marcellinus
3265 4952 3278 4989 :
3327 4932 3586 5004 Snbjectis

2015 4995 2222 5063 ignibus
2252 4999 2403 5050 exuri
2420 5008 2643 5075 cunctas
2660 5001 2895 5075 iusserat
2921 5021 3101 5063 naves.
3132 5013 3325 5075 pra'ter
3361 4995 3587 5075 minores

2016 5078 2113 5128 xtl,
2148 5081 2279 5147 quas
2310 5068 2619 5138 profuturas
2640 5068 2900 5141 pagendis
2926 5068 3169 5143 pontibus
3193 5075 3446 5144 disposuit
3472 5074 3585 5127 aelii

2012 5145 2292 5202 carpentis.

2051 5205 2198 5284 $87)
2234 5207 2616 5284 Κατένευσεν
2639 5210 2993 5284 ἐτασᾷἦναι.
3047 5212 3197 5284 idem
3232 5210 3584 5267 Marcellinus

2015 5280 2291 5351 attigi-tos
2316 5280 2560 5351 perfugas
2584 5280 2931 5351 apertefasso
2959 5297 3012 5334 se
3035 5281 3303 5351 fefellisse.

2095 5342 2207 5426 (88)
2246 5342 2390 5426 Τοςύς
2410 5342 2723 5426 ἰ’ἱμλοιίς..
2752 5342 2871 5426 Hoc
2896 5342 3147 5426 spectant
3169 5364 3291 5426 quae
3323 5350 3391 5404 de
3411 5348 3585 5404 Gallis

2006 5410 2225 5484 J_uliano
2252 5410 2619 5472 militantibus
2640 5410 2802 5472 habet
2824 5410 3166 5484 Ammianus,
3186 5410 3287 5473 lib.
3314 5434 3437 5473 xxv:
3456 5433 3588 5473 cum

2008 5481 2196 5556 qupro
2234 5487 2594 5556 multis'nosse
2617 5487 2852 5556 sufﬁciet,
2913 5481 3250 5543 exhortatum
3295 5504 3413 5542 eum
3457 5491 3588 5541 sim-

2010 5551 2134 5624 plici
2156 5556 2402 5607 concione
2430 5555 2644 5609 militem
2682 5551 3046 5621 Gallicanum,
3078 5559 3283 5624 pruinis
3318 5565 3585 5611 assuetum

2012 5630 2060 5673 et
2091 5622 2293 5683 Rheno,
2321 5626 2621 5698 peragratis
2645 5628 2831 5694 spatiis
2880 5622 3150 5698 regionum
3194 5629 3438 5688 extentis,
3490 5642 3585 5698 per

2010 5700 2281 5811 zepentem
2328 5694 2607 5765 Assyriam
2664 5705 2900 5766 adusque
2941 5694 3181 5766 conﬁnia
3221 5698 3445 5752 traxisse
3469 5694 3585 5752 ﬂe-

2047 5775 2219 5811 arum.

2047 5775 2219 5815 orum.
