4026 6412
317 397 453 464 1157
1564 392 1968 455 ANNALIUM
1992 392 2142 452 LIB.
2181 391 2356 452 XIII.
3434 390 3570 458 1158

309 513 546 569 .ltardr.
588 508 828 578 Λέγεται
857 505 913 560 δὲ
953 504 1076 560 κατ’
1108 503 1281 577 αὐτὴν
1307 502 1406 577 τὴν
1442 503 1660 576 ἡμέραν
1683 505 1807 558 καθ’
1828 504 1893 574 ἣν

1997 507 2291 575 quemdam
2318 517 2611 574 paganum,
2641 503 2998 576 ejusdemque
3022 520 3145 562 cum
3171 506 3453 565 desertore
3480 526 3571 567 re-

313 604 690 673 ἐτελεύτησεν,
721 604 779 657 ὲν
814 599 1143 672 Ἀντιοχείᾳ,
1168 597 1485 668 γνωσθῆναι
1539 597 1632 650 τὸν
1664 597 1893 652 θάνατον

1995 596 2235 666 ligiouis,
2287 611 2351 650 ex
2383 595 2578 651 ordine
2621 596 2871 667 judicum
2904 598 3052 653 illius
3079 599 3206 664 loci,
3260 615 3385 656 cum
3410 602 3570 673 juxta

313 694 504 751 αὑτοῦ.
530 694 667 747 Τινά
692 694 803 763 γάρ
849 693 960 747 τῶν
985 692 1085 760 τῆς
1109 690 1322 756 τάξεως
1366 688 1466 742 τοῦ
1513 689 1693 742 ἐκεῖσε
1738 688 1893 740 δικα-

2000 687 2316 771 praetorium
2348 687 2667 749 excubaret.
2699 691 3009 760 congeriem
3041 693 3322 748 stellarum
3352 695 3405 749 in
3430 697 3572 754 cmlo

316 787 562 859 στηρίου,
598 787 838 858 Ἕλληνα
863 787 1137 850 κάκεῖνον,
1166 785 1260 838 καὶ
1283 787 1385 855 τῆς
1401 784 1573 854 αὐτῆς
1598 784 1893 854 θρησκείας

1998 780 2226 847 vidisse,
2281 798 2404 852 qua:
2437 782 2649 838 litteras
2700 784 3028 841 iul‘ormaret
3084 787 3138 841 in
3167 788 3309 844 hanc
3343 802 3570 847 senten-

313 878 395 949 τῷ
431 877 750 947 παραϐἁτῃ,
786 874 1284 946 διανυκτερεύοντα
1323 876 1454 946 περὶ
1504 873 1605 941 τὴν
1642 872 1893 942 φυλακὴν

2003 872 2182 926 tiam:
2223 873 2389 927 Hodie
2424 874 2673 929 Julianus
2726 878 2781 929 in
2825 875 3006 930 Persia
3051 880 3322 934 occiditur.
3374 883 3574 938 Notato

310 968 408 1021 τοῦ
459 969 683 1038 ἀρχείου
741 965 1023 1036 συνθήκην
1068 965 1316 1035 ἀστέρων
1366 967 1424 1018 ὲν
1451 963 1664 1035 οὐρανῴ
1699 963 1893 1017 θεάσα-

2003 974 2249 1036 tempore
2285 977 2471 1036 postea
2509 968 2786 1037 cognitum
2814 978 2918 1033 est,
2950 970 3144 1025 eodem
3176 972 3266 1028 die
3297 973 3465 1029 fuisse
3492 975 3575 1029 in-

314 1058 464 1121 σθαι,
496 1058 804 1129 γράμματα
828 1055 1193 1121 ὲκτυποῢσαν,
1222 1054 1450 1123 λέγοντα
1478 1070 1493 1088 ο
1530 1053 1801 1122 Σήμερον
1831 1052 1893 1104 ἐν

2000 1054 2313 1109 terfectum.
2351 1056 2472 1110 Vita
2498 1056 2736 1111 excessit
2764 1073 2909 1125 anno
2938 1061 3115 1115 tctatis
3148 1062 3429 1117 tricesimo
3457 1065 3575 1134 pri-

312 1149 559 1219 Περσίδι
606 1148 945 1214 Ἰουλιανὸς
980 1146 1327 1215 ἀναιρεῖται.
1365 1145 1774 1217 Σημειωθείσης
1805 1141 1893 1198 οὖν

2000 1160 2111 1198 mo.
2158 1144 2211 1199 ls
2243 1160 2374 1199 vero
2416 1147 2506 1200 cui
2545 1162 2644 1215 per
2695 1157 2844 1203 astra
2876 1152 2997 1220 ejus
3021 1150 3209 1207 obitus
3235 1153 3577 1223 signiﬁcatus

309 1243 413 1313 τῆς
443 1244 686 1314 ἡμέρας,
718 1243 858 1313 μετά
887 1241 1064 1295 ταῦτα
1112 1239 1362 1310 ἐγνώσθη
1405 1239 1490 1292 ὅτι
1519 1236 1643 1292 κατ’
1681 1236 1893 1307 ἐκείνην

1998 1234 2200 1299 fuerat,
2238 1237 2468 1292 visionis
2515 1238 2664 1294 iflius
2710 1241 2998 1298 occasione
3032 1259 3215 1300 veram
3250 1246 3573 1316 religionem

311 1334 411 1407 τὴν
445 1337 660 1407 ἡμέραν
700 1335 966 1406 ἀνῄρητο.
994 1334 1105 1386 Καὶ
1130 1334 1158 1386 ὁ
1198 1332 1297 1402 μὲν
1327 1331 1624 1401 τριάκοντα
1649 1328 1785 1400 πρὸς
1816 1329 1893 1382 Νι

1996 1336 2082 1382 est
2109 1329 2416 1398 amplexus.

314 1424 521 1495 βιώσας
565 1424 872 1486 ἐνιαυτοὺς,
911 1423 1108 1485 οὕτως,
1156 1421 1232 1485 ῶς
1274 1422 1515 1492 εἴρηται,
1562 1418 1796 1473 ἀπεΰίω.
1835 1419 1897 1471 '0
1934 1417 1992 1471 δὲ
2042 1420 2133 1472 διὰ
2158 1420 2265 1474 τῶν
2314 1422 2562 1493 ἀστέρων
2580 1423 2682 1495 τὴν
2705 1424 2914 1479 ἐκείνου
2938 1427 3278 1499 προμυηθεὶς
3298 1428 3576 1501 τελευτὴν,

311 1516 567 1587 ἀφορμὴν
607 1515 734 1585 ἔσχε
766 1515 902 1584 πρὸς
926 1513 1212 1568 εὐπιστίαν
1242 1514 1301 1566 τὸ
1332 1514 1538 1583 ὅραμα.

389 1610 489 1660 ω’.
544 1607 989 1677 Τελευτήσαντος
1038 1606 1096 1658 δὲ
1157 1603 1481 1672 ’1ουλιανοῦ,
1524 1603 1692 1674 ψήφῳ
1746 1603 1893 1673 κοινῇ

2075 1599 2214 1655 XIV.
2241 1599 2460 1656 Juliano
2482 1607 2726 1668 mortuo,
2758 1617 3025 1660 consensu
3051 1604 3321 1671 omnium,
3344 1606 3578 1665 Joviano

323 1700 586 1762 Ἰοϐιανδς
615 1699 695 1763 είς
724 1698 824 1769 τὴν
861 1695 1169 1769 αύταρχίαν
1205 1696 1597 1766 προύκέκριτο,
1648 1694 1771 1748 τότε
1803 1711 1889 1762 χι-

312 1789 579 1861 λιαρχῶν,
604 1789 746 1859 ἀνὴρ
779 1789 1038 1860 εὐσεὸὴς,
1075 1788 1190 1851 υίὸς
1221 1785 1572 1856 Βαρωνιανοῦ
1607 1786 1721 1857 (99)
1753 1801 1893 1857 χρη-

318 1882 652 1952 ματίσαντος
681 1881 947 1951 κόμητος.
973 1880 1036 1934 '0
1056 1880 1100 1933 δ’
1136 1876 1202 1949 ἦν
1228 1881 1328 1950 τὴν
1354 1877 1628 1949 βασιλείαν
1657 1878 1896 1930 ἀπαναισ-

314 1976 539 2044 νόμενος
560 1988 577 2006 ο
612 1974 708 2026 καὶ
729 1973 829 2043 τὴν
868 1973 1051 2027 αἰτίαν
1094 1971 1413 2043 ιρωτηθεὶς,
1463 1969 1719 2040 ὲξεϐόησε
1755 1969 1894 2039 Χρι-

314 2064 531 2127 στιανὸς
562 2060 727 2128 εἶναι,
750 2066 848 2117 καὶ
870 2064 953 2134 ’μὴ
985 2064 1278 2134 ἀνέχεσθαι
1303 2061 1615 2134 βασιλεύειν
1659 2059 1891 2132 στρατοῦ

314 2153 717 2225 ἔλληνίζοντος.
787 2155 903 2209 Kal.
940 2155 1104 2217 εὐθὺς
1130 2154 1436 2224 ὁμοφώνως
1478 2152 1575 2217 ὡς,
1602 2152 1666 2205 ὲκ
1699 2151 1894 2220 συνθή-

319 2262 490 2314 ματος
516 2244 759 2310 ἆπαντες
806 2246 1147 2317 ἀντεϐόησαν
1194 2242 1336 2299 εἶναι
1388 2243 1733 2316 Χριστιανοί.
1783 2244 1894 2295 Καὶ

316 2334 493 2399 οὕτως
545 2338 755 2400 ἐκεῖνος
805 2337 1101 2404 δεξάμενος
1124 2336 1224 2408 τὴν
1253 2336 1448 2407 ἀρχὴν,
1499 2338 1612 2398 τοῖς
1653 2334 1893 2404 Πέρσαις

318 2426 633 2491 ἐσπείσατο,
662 2428 724 2480 ού
761 2427 1148 2498 προσηκούσας
1205 2427 1499 2497 Ῥωμαίοις
1546 2426 1781 2488 σπονδᾶς
1815 2424 1891 2491 (l)

317 2518 378 2583 ἐξ
400 2519 649 2590 ἀνάγκης
688 2518 1031 2589 πεποιηκώς.
1064 2521 1173 2591 Τῆς
1203 2520 1311 2589 γὰρ
1341 2517 1613 2580 Νισίϐεως
1642 2516 1739 2570 καὶ
1763 2518 1894 2583 Σιγο

318 2612 499 2681 γάρας
529 2611 742 2665 πόλεων
759 2613 1082 2681 περιφανῶν
1106 2612 1304 2679 ἐξέστη
1323 2611 1533 2674 αὐτοῖς,
1570 2609 1894 2679 μετοικίσας

319 2703 444 2764 τοὺς
465 2703 755 2765 κατοίκους
782 2703 891 2756 τῶν
915 2702 1143 2756 πόλεωνο
1179 2701 1268 2770 ὑφ’
1296 2695 1371 2755 ὧν
1414 2699 1760 2772 θρηνούντων
1797 2700 1894 2753 καὶ

319 2793 517 2863 ἀνέδην
550 2793 984 2864 ὲδλασφημείτο.
1020 2792 1182 2846 Ἀλλὰ
1207 2793 1303 2846 καὶ
1324 2792 1521 2863 χωρῶν
1555 2791 1737 2853 αὐτοῖς
1764 2788 1894 2843 πολ-

320 2884 430 2937 λῶν
463 2884 849 2955 παρεχώρησε,
878 2882 974 2938 κα)⁸
999 2883 1225 2937 δικαίων
1258 2882 1555 2953 Ῥωμαίοις
1576 2882 1891 2954 ἀνηκόντων

1997 1691 2247 1745 defertur
2285 1690 2599 1761 imperium,
2626 1693 2720 1760 qui
2750 1701 2865 1748 tum
2893 1694 3151 1751 tribunus
3171 1696 3405 1751 militum
3429 1709 3575 1768 erat,

1996 1783 2082 1837 vir
2116 1784 2263 1853 pius,
2293 1784 2618 1839 Varroniani
2645 1786 2865 1842 comitis
2900 1786 3083 1842 filius:
3128 1788 3277 1858 quod
3316 1805 3440 1845 cum
3479 1808 3573 1846 re-

1994 1882 2238 1943 cusaret,
2272 1887 2493 1929 causam
2527 1884 2771 1945 rogatus,
2807 1891 2867 1931 se
2905 1876 3280 1932 Christianum
3322 1894 3441 1935 esse
3471 1896 3573 1936 ex-

1995 1963 2219 2030 clamat,
2269 1979 2451 2034 neque
2501 1966 2773 2035 imperare
2826 1983 2985 2038 posse
3036 1984 3248 2039 pagano
3277 1974 3570 2027 exercitui.

1997 2055 2137 2109 Tum
2189 2069 2403 2121 omnes,
2462 2057 2937 2113 consentientibus
2987 2060 3233 2125 vocibus,
3288 2062 3442 2130 quasi
3501 2080 3571 2118 ex

1995 2147 2306 2215 composito
2347 2148 2670 2213 reclamant,
2720 2163 2779 2203 se
2817 2160 2935 2203 esse
2965 2147 3329 2206 Christianos.
3358 2151 3449 2207 Sic
3482 2153 3574 2207 ille

1995 2244 2225 2306 accepto
2264 2238 2519 2307 imperio,
2574 2254 2698 2293 cum
2734 2240 2916 2294 Persis
2948 2255 3138 2310 pacem
3194 2241 3345 2307 fecit,
3376 2259 3578 2299 neces-

1995 2329 2196 2381 sariam
2227 2330 2399 2399 magis
2426 2346 2588 2399 quam
2621 2330 2902 2384 decoram.
2955 2332 3090 2385 Nam
3126 2332 3301 2387 Nisibi
3351 2343 3408 2388 et
3446 2333 3579 2389 Sin-

1994 2434 2125 2493 gara
2176 2420 2408 2474 urbibus
2467 2422 2778 2477 illustribus
2827 2423 2905 2478 eis
2958 2426 3147 2489 cessit,
3203 2424 3418 2480 civibus
3467 2427 3576 2481 alio

1996 2511 2303 2576 translatis,
2339 2526 2369 2565 a
2396 2513 2600 2581 quibus
2629 2513 2976 2583 plorantibus
3005 2516 3143 2570 citra
3179 2515 3571 2571 verecundiam

1995 2602 2307 2656 maledictis
2341 2602 2740 2658 incessebatur.
2771 2604 3091 2660 Provincias
3123 2606 3255 2660 item
3290 2605 3490 2661 multas
3517 2614 3575 2661 et

1990 2693 2113 2762 jura
2144 2693 2455 2763 antiquitus
2486 2694 2553 2748 ad
2590 2695 2868 2751 Romanos
2897 2697 3269 2766 'pertincnlia,
3322 2696 3404 2753 eis
3440 2713 3577 2752 con-

1995 2786 2178 2840 cessit.
2214 2786 2366 2841 Datis
2398 2786 2657 2857 utrinque
2702 2787 2990 2844 obsidibus
3021 2790 3231 2844 firmata
3272 2805 3427 2860 pace,
3464 2789 3577 2844 Ro-

1996 2875 2143 2930 mani
2182 2876 2309 2931 inde
2336 2876 2707 2940 discedentes,
2736 2879 2970 2948 penuria
3006 2894 3188 2934 rerum
3234 2881 3575 2935 necessaria-

320 2974 611 3028 ἀνέκαθεν.
644 2976 754 3027 Καὶ
778 2975 1005 3045 ὁμήρων
1029 2974 1292 3028 δοθέντων
1328 2972 1690 3045 ἑκατέρωθεν,
1719 2971 1888 3035 οὕτως

1996 2982 2117 3020 rum
2145 2966 2443 3022 conﬂictati
2470 2976 2619 3030 sunt,
2653 2969 2793 3023 adeo
2822 2980 2882 3024 ut
2906 2986 3045 3040 aqua
3074 2972 3240 3025 etiam
3269 2971 3573 3026 deﬁceren-

321 3065 736 3136 ἐϐεϐαιώθησαν
762 3067 817 3119 αἱ
863 3066 1110 3120 σπονδαί.
1158 3063 1443 3118 Ἐντεῦθεν
1498 3063 1895 3132 ἀναζευγνύον-

320 3173 412 3220 τες
446 3157 496 3208 et
528 3157 793 3226 Ῥωμαῖοι
826 3156 1023 3210 σπάνει
1051 3154 1162 3209 τῶν
1183 3154 1500 3223 ἀναγκαίων
1536 3154 1894 3225 περιπεπτω-

324 3263 507 3310 κασιν,
541 3246 616 3308 ῶς
710 3246 847 3317 μηδὲ
914 3246 1104 3308 ὓδατος
1147 3247 1422 3317 εὐπορεῖν.
1461 3243 1627 3308 Μόλις
1657 3245 1787 3314 γοῦν
1814 3245 1895 3308 εἰς

321 3338 423 3410 τὴν
443 3338 542 3408 τῆς
561 3338 763 3409 Κοίλης
788 3339 984 3406 Συρίας
1009 3338 1341 3408 Ἀντιόχειαν
1368 3341 1396 3392 ὀ
1428 3338 1682 3402 Ἰοδιανὺς
1701 3354 1897 3390 κατανο

322 3434 518 3500 τήσας,
549 3431 673 3493 τοὺς
700 3430 812 3483 τῶν
832 3428 1179 3500 Χριστιανῶν
1213 3430 1378 3500 ἱερεῖς
1403 3429 1505 3501 (2),
1553 3431 1669 3484 ὅσοι
1711 3446 1767 3483 τε
1803 3430 1896 3484 ἰπὶ

327 3519 707 3575 Κωνσταντίου
742 3519 837 3573 καὶ
861 3520 977 3574 ὅσοι
1023 3520 1116 3573 ἐπὶ
1141 3519 1236 3573 τοῦ
1263 3521 1583 3590 παραϐάτου
1643 3519 1755 3573 τῶν
1808 3522 1896 3574 ὲκ-

324 3611 566 3682 κλησιῶν
597 3611 964 3680 ἐξηλάθησαν,
991 3613 1070 3675 εἰς
1094 3611 1266 3675 αὑτὰς
1297 3612 1639 3681 ἐπανήγαγε,
1671 3611 1767 3665 καὶ
1790 3621 1897 3681 προ

321 3705 430 3758 τῶν
469 3704 669 3768 ἀλλων,
704 3706 797 3758 τὸν
827 3707 1003 3775 μέγαν
1042 3704 1366 3759 Ἀθανάσιον
1406 3703 1482 3775 (3)
1510 3704 1606 3757 ἐπὶ
1646 3703 1896 3771 Ἀλεξάν-

320 3799 531 3869 δρειαν.
575 3798 666 3862 Ἐξ
709 3798 1044 3867 ’Δντιοχείας
1066 3813 1126 3849 τε
1162 3799 1241 3852 είς
1269 3797 1485 3866 Θαρσὸν
1512 3795 1775 3864 γεγονὼς,
1802 3796 1896 3848 καὶ

318 3891 383 3944 τὸ
431 3873 626 3960 μνῆμα
673 3891 961 3961 κοσμήσας
1003 3889 1080 3958 (ι)
1141 3889 1236 3942 τοῦ
1275 3886 1566 3941 Ἰουλιανοῦ
1619 3885 1847 3957 ἐπανῄει
1875 3901 1891 3919 ο

320 3984 417 4037 καὶ
471 3983 553 4046 είς
595 3982 694 4051 τὴν
733 3982 1020 4052 Ἄγκυραν
1085 3980 1188 4049 τῆς
1236 3979 1506 4043 Γαλατίας
1555 3979 1892 4048 γενόμενος,

319 4072 581 4126 κάκεῖθεν
617 4069 860 4140 ἀπάρας,
885 4071 981 4123 καὶ
1008 4070 1247 4139 σταθμὸν
1274 4066 1578 4138 προελθὼν,
1611 4071 1691 4131 εἰς
1722 4068 1894 4122 Δαδά-

323 4159 496 4213 στανὰ
534 4159 614 4230 (5)
657 4176 717 4211 τε
755 4158 1093 4222 καταλύσας,
1133 4158 1400 4227 αἰφνίδιον
1451 4155 1841 4225 τετελεύτηκεν
1874 4171 1889 4187 ³

1998 3068 2108 3114 tur.
2162 3059 2426 3116 Jovianus
2480 3076 2603 3116 cum
2655 3078 2799 3133 aegre
2858 3064 3206 3119 Antiochiam
3260 3064 3574 3136 leesyrize

1995 3174 2129 3229 perv
2145 3159 2372 3221 enisset.
2404 3169 2677 3229 quotquot
2703 3159 3000 3216 Christiani
3030 3161 3131 3216 sub
3162 3159 3485 3217 Constantio
3518 3170 3576 3217 et

1993 3251 2216 3307 Juliano
2263 3251 2531 3308 Ecclesiis
2581 3252 2725 3323 pulsi
2780 3254 3019 3315 fuerant,
3068 3268 3165 3308 eos
3216 3254 3476 3315 restituit,
3510 3269 3575 3309 ac

1994 3357 2110 3411 pra:
2134 3344 2351 3398 catteris
2382 3342 2636 3413 Magnum
2666 3342 3029 3398 Athanasium
3070 3344 3455 3399 Alexandriam
3490 3361 3577 3398 re—

1993 3433 2232 3488 vocavit.
2292 3433 2590 3489 Antiochia
2630 3434 2861 3489 Tarsum
2897 3435 3201 3505 profectus,
3255 3447 3449 3491 ornato
3477 3437 3577 3492 Ju-

1994 3523 2128 3578 liarii
2157 3525 2429 3595 sepulcro,
2459 3526 2752 3598 Ancyram,
2780 3525 3004 3583 Galatiae
3036 3529 3249 3593 urbem,
3280 3542 3341 3582 se
3377 3537 3575 3583 contu-

1993 3615 2099 3670 lit:
2142 3615 2269 3672 inde
2321 3615 2430 3672 iter
2470 3617 2636 3672 unius
2679 3616 2789 3672 diei
2837 3634 3197 3689 progressus,
3250 3617 3576 3674 Dadastanis

1996 3716 2225 3777 repente
2252 3707 2413 3772 obiit,
2439 3724 2563 3764 cum
2598 3709 2681 3781 (ut
2730 3709 2822 3765 alii
2857 3711 3129 3779 scribunt)
3164 3719 3415 3763 recentes
3445 3708 3575 3764 fun-

1994 3813 2092 3869 gos
2108 3809 2405 3854 venenatos
2433 3802 2765 3858 comedisset
2794 3800 2912 3871 (vili
2933 3801 3082 3855 enim
3108 3800 3256 3854 victu
3283 3815 3417 3854 usus
3442 3802 3572 3870 est);

1997 3898 2057 3944 ut
2087 3889 2205 3955 alii,
2256 3889 2489 3945 hiberno
2522 3874 2768 3961 tempore
2810 3891 2863 3945 in
2911 3890 3158 3969 conclavi
3217 3890 3449 3943 tectorio
3487 3906 3576 3942 re-

1994 3994 2127 4035 cens
2166 3980 2397 4037 inducto
2427 3982 2539 4052 29
2579 3982 2971 4037 obdormisset.
3026 3980 3161 4034 Nam
3204 3995 3329 4035 cum
3372 3981 3444 4035 ob
3471 3980 3576 4033 irin

1994 4073 2146 4143 goris
2194 4072 2554 4128 acrimoniam
2603 4072 2942 4128 carbonibus
2986 4072 3137 4127 intus
3169 4070 3417 4127 accensis
3459 4086 3576 4124 ma-

1996 4180 2136 4236 gnus
2168 4180 2341 4234 vapor
2370 4180 2400 4221 e
2448 4165 2597 4220 calce
2636 4174 2904 4220 aestuante
2957 4164 3279 4224 exstitisset,
3326 4178 3395 4218 eo
3446 4162 3577 4217 dor-

321 4250 397 4313 ὡς
418 4249 517 4320 μὲν
537 4248 670 4303 Ενιοι
686 4249 1118 4320 συνεγράψαντο,
1138 4250 1423 4317 ἀρτιφυεϊς
1449 4248 1700 4320 μύκητας
1725 4247 1893 4319 δηλη-

1998 4259 2176 4314 miens
2209 4258 2329 4314 sine
2363 4274 2525 4314 sensu
2571 4257 2769 4313 mortis
2804 4257 3106 4312 suffocatus
3134 4263 3238 4323 est,
3286 4254 3416 4309 vino
3450 4271 3577 4324 gra-

321 4343 547 4411 τηρίους
579 4340 656 4412 (6)
690 4341 916 4410 φαγών
945 4336 1014 4411 ἦν
1056 4340 1165 4410 γὰρ
1195 4338 1341 4403 λιτὸς
1385 4339 1517 4409 περὶ
1542 4339 1785 4392 δίαιταν·
1817 4338 1893 4402 ὡς

1996 4348 2095 4404 vis.
2159 4348 2327 4403 Multo
2374 4347 2521 4402 enim
2569 4362 2721 4402 mero
2771 4361 2903 4402 usus
2950 4360 3070 4401 esse
3122 4344 3320 4400 fertur.
3374 4344 3568 4414 Neque

321 4436 367 4491 δ’
390 4437 591 4508 ἕτεροι,
617 4436 889 4507 χειμῶνος
913 4435 1087 4501 ὄντος,
1106 4437 1164 4488 ὲν
1185 4435 1449 4506 οἰκήματι
1483 4433 1559 4505 (Ἰ)
1587 4430 1888 4498 κατέδαρθε

1999 4452 2139 4492 uxor
2211 4437 2335 4509 ejus
2365 4436 2577 4490 obitum
2609 4435 2928 4498 antevertit,
2981 4434 3084 4490 etsi
3112 4434 3163 4489 ei
3193 4434 3412 4489 obviam
3442 4449 3568 4488 cum

320 4530 440 4584 νέον
495 4528 944 4601 ὲμτιεπλασμένῳ
975 4527 1152 4599 κονίᾳ.
1183 4527 1293 4584 Καὶ
1327 4525 1415 4579 διὰ
1444 4525 1505 4578 τὸ
1551 4523 1646 4577 τοῦ
1686 4525 1889 4595 ψύχους

1997 4531 2149 4602 regio
2179 4530 2445 4585 comitatu
2494 4537 2550 4584 et
2574 4528 2686 4583 ﬁlio
2715 4528 3058 4584 Varroniano
3088 4540 3399 4597 progressa.
3427 4525 3579 4609 Jovi-

323 4621 460 4676 πολὺ
484 4619 779 4691 ἀνθράκων
839 4618 1192 4687 ἁναφθέντων
1245 4616 1421 4683 ἐντὸς,
1477 4614 1640 4685 ἀτμὶς
1684 4616 1749 4668 ὲκ
1791 4616 1890 4684 τῆς

1998 4620 2149 4674 niani
2182 4628 2358 4674 morte
2390 4618 2733 4674 consternati
2763 4618 2967 4673 milites
3016 4617 3251 4672 Nicmam
3279 4626 3573 4685 occupant,

319 4712 505 4777 κονίας
534 4711 888 4786 πνρουμένης
930 4709 1156 4780 ἀνεδόθη
1223 4707 1417 4778 πολλὴ,
1467 4707 1564 4761 καὶ
1604 4704 1674 4760 δι’
1709 4702 1893 4778 ἀὐτῆς

2001 4708 2071 4764 de
2119 4709 2453 4780 imperatore
2500 4708 2741 4765 creando
2778 4708 3176 4765 deliberantes.
3223 4705 3362 4761 Aliis
3387 4712 3574 4759 autem

1508 4866 1708 4929 Varias
1737 4866 2047 4929 lectiones
2072 4872 2131 4929 et
2151 4874 2345 4930 notae.

396 5013 506 5083 (99)
538 5015 945 5084 Βαρωνιαγοῦ.
995 5011 1505 5084 Μαι-εειιὶηιιεηιίιι.
1559 5027 1707 5065 xxv:
1762 5007 1893 5063 Erat

2069 5010 2146 5084 (4)
2192 5014 2262 5067 Τὸ
2288 5012 2500 5084 μνῆμα
2557 5014 2899 5084 κοσμήσας.
2949 5014 3293 5072 Ammianus.
3345 5011 3383 5065 l.
3442 5026 3568 5084 xxv,

321 5086 460 5140 enim
490 5081 813 5139 Varroniani
843 5085 1120 5158 notissimi
1139 5085 1344 5158 comitis
1367 5082 1534 5150 ﬁlius.
1580 5150 1603 5158 Α
1631 5149 1642 5158 _
1756 5147 1817 5158 ψ
1845 5147 1856 5158 _
1994 5096 2052 5152 p.
2080 5081 2213 5148 305,
2238 5082 2622 5158 Socrat.
2658 5081 2697 5158 ι’.
2733 5101 2812 5149 ut,
2842 5081 2962 5156 cap.
3015 5085 3106 5158 2‘2,
3143 5084 3485 5158 _Philosto_rg.
3525 5081 3568 5133 Ι.

394 5158 468 5224 (I)
501 5158 583 5208 Οὺ
611 5157 1044 5226 προσηκούσας
1077 5147 1378 5226 Ῥωμαιοις
1405 5149 1701 5226 σξτᾳγδίὶς.
1756 5147 1893 5226 ﬁde

1994 5147 2114 5217 vm,
2143 5147 2206 5226 ε.
2230 5154 2282 5219 l;
2327 5154 2609 5211 Theodor.
2657 5155 2697 5209 l.
2728 5147 2806 5222 Iv,
2838 5147 2959 5226 cap.
3004 5157 3040 5210 4
3069 5147 3102 5221 ;“
3138 5153 3357 5207 Sozom.
3397 5147 3568 5216 Ιξιγὸ

320 5216 592 5279 Aditotata
624 5216 690 5278 ail
716 5216 1116 5287 Marcellinum,
1142 5216 1239 5277 lib.
1268 5238 1391 5284 xxv,
1418 5222 1485 5276 ab
1506 5221 1743 5292 Henrico
1780 5216 1892 5292 Ὗιι-
1993 5216 2115 5292 cap.
2148 5224 2201 5278 5.

321 5294 479 5358 lesio,
521 5295 740 5366 p._309,
777 5310 792 5347 ι
825 5295 960 5348 edit.
1006 5295 1117 5366 ubi
1161 5293 1328 5348 etiam
1368 5292 1436 5346 de
1485 5290 1658 5348 Nisibi
1709 5288 1893 5343 Persis

2060 5288 2148 5366 (5)
2191 5296 2295 5366 Elg
2327 5293 2706 5366 Δαδάστανα.
2740 5295 2845 5361 Qui
2876 5295 3016 5366 Ipsus
3041 5292 3348 5366 Bithyniam
3384 5291 3570 5345 distiu-

321 5362 755 5435 reddttti,_Syrite
786 5364 1191 5435 propttgaculo.
1273 5432 1330 5435 -Α
1360 5431 1391 5435 __
1635 5428 1648 5435 _
1989 5362 2103 5433 guit
2129 5362 2199 5418 ἐι
2248 5362 2495 5420 Galatas.
2555 5365 2826 5420 Aminian.
2882 5362 3219 5419 Theodoret.
3270 5363 3308 5417 Ι.
3340 5378 3413 5428 tv,
3440 5375 3565 5430 cap.

390 5436 465 5504 (2)
504 5428 1013 5501 ΤῶίΧρισὶιαὶ-ῶὶι
1046 5434 1238 5504 ἱερεῖς.
1273 5431 1606 5500 Philosturg.
1635 5428 1885 5504 l_._vn,_c.
1988 5428 2042 5495 It,
2064 5444 2174 5489 etc.

321 5503 632 5569 5;Socrat.
663 5506 801 5567 Lm,
832 5519 884 5558 c.
915 5507 1025 5569 20;

320 5589 461 5628 20m.
491 5574 629 5637 LM,
655 5589 703 5628 c.
728 5574 783 5626 5.

389 5644 465 5713 (5)
514 5643 890 5698 Ἀθανάσιον.
922 5642 1135 5698 Socrat.
1173 5641 1211 5695 l.
1242 5641 1541 5713 m,c.20__;
1605 5636 1886 5713 Thvodor.

318 5714 357 5767 Ι.
386 5706 458 5779 ιν,
486 5724 606 5782 Cap.
635 5713 722 5783 ll;
748 5713 1039 5770 Sozonicn.
1069 5714 1108 5770 ι.
1139 5727 1215 5778 v1,
1244 5726 1365 5782 cap.
1395 5712 1451 5780 5;
1486 5710 1608 5767 Vita
1631 5711 1687 5764 S.
1716 5706 1887 5760 Atha-

319 5784 479 5853 nasii,
504 5794 613 5840 etc.

1109 5504 1337 5557 beodor.
1375 5504 1414 5556 l.
1453 5517 1524 5565 Iv,
1560 5498 1610 5554 ε.
1650 5499 1706 5552 Η
1743 5498 1886 5563 ;So-

2061 5505 2137 5575 (6)
2174 5506 2461 5575 Μύκητας
2487 5502 2915 5575 δηλητηριόγς.
2945 5502 3156 5559 Similia
3182 5502 3349 5575 habet
3381 5517 3449 5556 ex
3472 5513 3569 5575 ve:

1990 5568 2092 5628 teri
2119 5568 2394 5642 scriptore
2431 5568 2651 5627 Suidas.
2679 5575 2744 5627 A‘t
2800 5568 3227 5641 Chrysostomus
3286 5572 3439 5627 hom.
3486 5568 3569 5642 715

1989 5644 2044 5697 in
2308 5642 3001 5729 5tjlijttjpf01chtpapjtdtf0t;
3024 5645 3353 5729 exstinctlti‘m
3379 5641 3568 5729 tradit.

2063 5712 2610 5792 (7)_’Er_olmjyart.
2644 5715 2718 5792 lta
2739 5712 3080 5792 Ammianus,
3110 5730 3164 5792 ρ.
3196 5712 3334 5784 308;
3383 5712 3570 5767 Philo-

1992 5782 2255 5851 sturgius,
2278 5782 2317 5836 Ι.
2349 5797 2467 5849 vui,
2499 5797 2621 5853 cap.
2654 5782 2710 5841 8.
2985 5782 3027 5794 ”
3052 5782 3072 5792 ⁷
3110 5782 3129 5799 τ
