4026 6398
525 399 659 465 1163

1683 387 1716 405 ’
1773 395 2096 458 JOANNIS
2136 394 2276 454 ΖΟΝ
2291 394 2456 454 ΑΒΕ

3634 390 3774 454 1164

517 511 740 583 quando
768 510 1104 567 Nicomediae
1143 519 1394 582 agentem
1438 508 1601 582 legati
1632 515 1871 562 exeth
1915 505 2102 559 ortho-

2215 504 2446 575 Δομνίνᾳ
2498 501 2822 572 πειθόμενος
2873 500 3010 572 (26).
3041 501 3151 556 Καί
3204 517 3336 556 ποτε
3363 500 3421 556 ἐν
3441 501 3778 573 Νικομηδείᾳ

521 605 812 668 doxorum,
855 605 960 658 viri
1010 604 1328 658 sacerdotes
1369 601 1646 672 octoginta
1684 597 2095 662 convenissent,

521 711 620 753 eos
659 710 857 750 omnes
908 709 1016 750 una
1051 709 1177 748 cum
1209 694 1334 747 navi
1389 708 1495 762 qua
1530 699 1818 754 venerant,
1849 687 2098 744 comburi

438 801 442 816 ‘
519 791 686 862 jussit
714 809 726 844 :
768 790 953 858 itaque
985 789 1396 859 coallagrarunt
1427 803 1618 842 omnes
1647 787 1702 839 in
1733 785 1874 839 mari
1897 783 2099 849 medio,

522 896 633 934 una
664 895 787 933 cum
825 877 970 942 navi,
1015 893 1136 946 qua:
1195 886 1374 932 tamen
1427 891 1602 945 usque
1658 873 1724 927 ad
1776 873 2099 942 Dacybizam

510 969 766 1023 -duravit.
805 966 1011 1021 [lorum
1043 966 1209 1021 etiam
1247 981 1477 1036 magnus
1511 965 1564 1018 in
1593 963 1864 1034 theologia
1888 962 2099 1031 Grego-

525 1063 646 1114 rius
676 1058 945 1122 meminit,
975 1058 1060 1112 his
1085 1057 1308 1112 verbis:
1348 1056 1773 1127 Presbyterorum
1806 1056 2104 1109 exustiones

515 1151 770 1204 marinis.
799 1149 993 1218 Neque
1021 1163 1157 1202 vero
1197 1147 1537 1202 orthodoxos
1573 1156 1785 1202 tantum
1817 1145 2104 1215 suppliciis

525 1240 629 1309 31
671 1239 958 1305 adiciebat,
1013 1237 1109 1292 sed
1158 1247 1214 1292 et
1251 1238 1426 1306 pulsis
1464 1235 1739 1305 episcopis
1788 1243 1936 1288 recte
1974 1248 2102 1287 scn-

502 1329 815 1394 -ticntibus,
847 1342 1039 1382 omnes
1079 1326 1342 1383 ecclesias
1371 1324 1588 1379 Arianis
1616 1322 1969 1378 attribuebat.
2004 1320 2105 1374 Fe-

525 1433 727 1474 runtur
761 1420 852 1488 qui
899 1419 1177 1473 catholica
1233 1418 1455 1472 Nicaaua
1513 1415 1756 1470 Ecclesia
1800 1413 1958 1484 ejecti
1987 1413 2106 1466 fue-

527 1520 674 1574 rant,
701 1525 844 1565 vera:
871 1510 1092 1578 pictatis
1125 1508 1380 1571 studiosi,
1416 1505 1679 1559 Basiliam
1728 1503 1981 1574 Magnum
2009 1516 2104 1555 ae-

521 1607 776 1669 cessisse,
806 1604 898 1674 qui
926 1619 1024 1673 pro
1045 1604 1127 1659 eis
1153 1604 1366 1674 legatus
1393 1601 1461 1656 ad
1487 1587 1769 1654 Valentem
1802 1598 2103 1668 profectus,

527 1713 651 1752 cum
701 1696 838 1751 nihil
889 1698 1262 1766 impetrasset,
1316 1694 1556 1748 dixerit:
1619 1691 1892 1747 Iudicium
1943 1689 2104 1758 hujus

525 1789 926 1851 contrauersim,
985 1789 1308 1857 imperator,
1367 1785 1474 1838 Deo
1531 1792 1610 1837 est
1668 1781 2102 1854 permittendum.

2197 593 2444 662 διάγοντι
2478 593 2786 666 προσῆλθον
2813 593 2962 660 αύτῴ
2997 591 3078 654 είς
3113 591 3412 663 πρεσϐείαν
3453 593 3518 644 ἐκ
3542 591 3639 645 τοῦ
3674 592 3780 644 τῶν

2202 683 2506 756 όρθοδόξων
2533 686 2884 756 συστήματος
2918 684 3112 752 ἄνδρες
3140 683 3408 753 ἱερατικοὶ
3453 682 3568 754 (27)
3591 683 3777 754 όγδοὴ⁹

2205 795 2391 842 κοντα,
2424 777 2520 840 οὓς
2543 776 2792 840 ἅπαντας
2824 779 2921 830 σὺν
2949 775 3040 846 τῷ.
3070 776 3240 843 πλοίῳ
3271 776 3341 829 δι’
3375 771 3434 830 οὗ
3461 777 3777 846 ἐκομίζοντο

2201 869 2470 939 καυθῆναι
2492 867 2812 939 προσέταξε.
2835 867 2946 920 Kal
2982 866 3434 938 κατεφλέχθησαν
3480 869 3685 929 nives;
3719 868 3778 918 ἐν

2209 961 2349 1032 μέσῃ
2389 963 2454 1031 τῇ
2508 959 2756 1030 θαλάσσῃ
2786 959 2881 1012 σὺν
2915 962 2980 1030 τῇ
3012 957 3125 1028 νηῒ,
3171 961 3299 1030 άχρι
3327 957 3634 1028 Δακυϐίζης
3672 958 3781 1026 (28)

2203 1053 2563 1126 δίαρκεσάσῃ.
2608 1046 2709 1104 Ὦν
2760 1053 2856 1104 καὶ
2911 1053 2939 1104 ό
2979 1053 3150 1122 μέγας
3183 1053 3241 1104 ἐν
3265 1051 3518 1120 θεολογίᾳ
3571 1050 3780 1120 Γρηγό-

2206 1161 2320 1215 ριος
2352 1142 2464 1214 (29)
2498 1144 2795 1214 μέμνηται,
2829 1141 3041 1209 λέγων·
3085 1141 3513 1210 Πρεσϐυτέρων
3553 1141 3780 1210 ἐμπρη-

2204 1236 2348 1304 quo!
2393 1234 2718 1290 θαλάττιοι.
2755 1235 2830 1290 Ού
2865 1237 3026 1306 μόνον
3055 1235 3112 1288 δὲ
3161 1235 3288 1297 τοὺς
3315 1234 3633 1306 ὀρθοδόξους
3664 1234 3782 1287 ἐκό-

2203 1325 2386 1393 λαζεν,
2438 1326 2573 1378 ἀλλὰ
2624 1328 2718 1379 καὶ
2779 1326 2875 1388 τὰς
2921 1326 3217 1396 ἐκκλησίας
3265 1326 3481 1386 ἁπάσας
3521 1326 3783 1392 ἀπένειμε

2204 1417 2315 1477 τοῖς
2365 1416 2687 1486 Ἀρειανοῖς,
2719 1416 2844 1477 τοὺς
2871 1414 3187 1486 όμθοδόξους
3224 1415 3555 1477 ἐπισκόπους
3589 1411 3783 1466 ἐκδιώ-

2209 1524 2318 1558 κων
2367 1507 2566 1562 αύτῶν.
2632 1506 2865 1574 Λέγεται
2911 1507 3042 1574 γοῦν
3096 1505 3205 1574 ('50)
3241 1507 3336 1557 καὶ
3369 1505 3466 1575 τῆς
3487 1507 3546 1557 ἐν
3579 1505 3784 1574 Νικαῐᾳ

2209 1597 2503 1667 καθολικῆς
2539 1598 2868 1667 Ἐκκλησίας
2904 1597 3300 1666 ἐκδιωχθέντας
3344 1598 3468 1660 τοὺς
3502 1596 3594 1648 τοῦ
3627 1593 3783 1667 ὀρθοῦ

2209 1688 2480 1757 δόγματος
2507 1689 2585 1758 τῷ
2614 1688 2838 1756 μεγάλῳ
2871 1687 3192 1758 προσελθεῖν
3219 1687 3504 1758 Βασιλείῳ,
3533 1691 3782 1742 κάκεῖνον

2211 1779 2550 1850 πρεσϐεῦσαι
2581 1781 2709 1850 περὶ
2761 1780 2968 1834 τούτων
3001 1780 3135 1851 πρὸς
3163 1782 3252 1832 τὸν
3282 1779 3581 1843 Οὐάλεντα,
3613 1780 3702 1832 τὸν
3729 1779 3782 1832 δὲ

528 1877 827 1932 Claudatur
879 1877 1134 1945 templum
1165 1883 1436 1939 accurate,
1483 1875 1674 1928 Ariani
1723 1874 1849 1942 [oris
1878 1876 2104 1932 stantes,

2215 1875 2288 1943 μὴ
2316 1874 2624 1938 πείθεσθαι,
2657 1875 2754 1928 καὶ
2805 1876 2896 1929 τὸν
2927 1876 3102 1944 μέγαν
3147 1874 3313 1944 φάναι
3364 1874 3650 1928 Βασίλειον
3713 1874 3782 1936 ὡς

527 1978 806 2037 precentur
855 1967 1043 2020 Deum.
1096 1966 1161 2020 Id
1198 1967 1244 2020 si
1274 1968 1416 2018 uitro
1445 1965 1519 2018 eis
1565 1963 1816 2031 patuerit,
1857 1962 2104 2015 habento.

529 2059 628 2112 Sin
659 2061 851 2124 minus,
881 2058 1197 2112 concedatur
1224 2042 1451 2110 et'nobis
1492 2056 1700 2126 precari
1730 2055 1918 2108 Deum.
1957 2053 2108 2118 Quod

529 2152 576 2203 si
631 2149 797 2202 valva:
853 2149 994 2201 ultro
1053 2156 1253 2216 aperta:
1314 2147 1536 2214 fuerint,
1582 2145 1923 2199 statuendum
1984 2145 2106 2208 erit,

530 2249 772 2292 sanctam
821 2239 988 2294 azdem
1019 2256 1051 2292 a
1086 2237 1194 2292 Deo
1233 2239 1378 2291 nobis
1412 2253 1521 2290 esse
1553 2236 1884 2289 attributam.
1920 2234 2013 2288 Sin
2046 2250 2109 2287 ea

533 2344 630 2382 nec
658 2329 802 2382 nobis
830 2338 1020 2399 aperta
1056 2330 1232 2398 fuerit,
1278 2331 1354 2383 sic
1388 2330 1548 2385 etiam
1584 2329 1652 2382 ad
1678 2327 1907 2381 Arianos
1943 2327 2108 2397 perti-

535 2428 677 2474 neto.
727 2419 912 2474 Placet
967 2422 1287 2490 imperatori
1338 2420 1600 2483 conditio,
1633 2420 1929 2483 consentit,
1965 2418 2111 2472 aedes

529 2511 752 2566 Nieaana
773 2511 1014 2581 undique
1043 2511 1339 2568 clauditur.
1366 2511 1668 2565 Precantur
1686 2509 1873 2565 Ariani
1895 2509 2066 2563 Deum
2093 2523 2108 2562 :

523 2620 659 2660 cum
710 2606 844 2662 satis
889 2605 983 2660 diu
1025 2606 1212 2677 nugati
1263 2614 1468 2672 essent,
1520 2606 1666 2660 aedes
1698 2619 1811 2658 non
1842 2603 2108 2674 aperitur.

541 2692 677 2749 Sero
729 2695 947 2749 tandem
995 2695 1258 2767 digressis
1313 2695 1609 2762 haereticis,
1659 2703 1716 2750 et
1765 2691 2111 2758 orthodoxis,

536 2801 736 2855 magno
784 2785 986 2841 Basilio
1042 2787 1225 2852 duce,
1276 2802 1469 2857 preces
1527 2785 1869 2856 auspicatis,
1925 2783 2110 2838 statim

537 2875 798 2931 claustris
825 2884 881 2930 et
905 2877 1158 2932 vectibus
1201 2877 1380 2947 ruptis
1409 2877 1580 2931 valvae
1622 2877 1906 2946 patefactae.
1935 2873 2114 2929 ﬁdeli-

539 2965 646 3021 bus
672 2966 977 3036 ingressum
1013 2966 1390 3037 przebuerunt.
1426 2965 1478 3022 ls
1509 2965 1736 3037 paganis
1769 2963 2113 3024 sacriﬁcandi

539 3064 872 3127 potestatem
909 3057 1095 3122 dabat,
1150 3064 1207 3112 et
1230 3056 1434 3112 Judaeis
1469 3055 1750 3111 studebat.
1793 3053 1936 3109 Solis
1965 3061 2114 3109 recte

2220 1965 2642 2033 Ἐπιτρεπτέον
2666 1967 2782 2035 τὴν
2798 1967 2928 2036 περὶ
2953 1968 3166 2021 τούτου
3193 1969 3420 2036 κρίσιν,
3438 1962 3484 2021 ὦ
3499 1964 3781 2031 βασιλεῦ,

2207 2057 2288 2122 τῷ
2316 2056 2457 2122 Θεῷ,
2514 2057 2616 2110 καὶ
2668 2057 3002 2124 κλεισθήτω
3052 2058 3168 2128 μὲν
3215 2057 3506 2128 ἀσφαλῶς
3538 2061 3571 2112 ὁ
3603 2059 3778 2121 ναός’

2208 2149 2380 2214 ἐκτός
2420 2146 2678 2214 ἑστῶτες
2702 2150 2758 2202 oi
2780 2149 2851 2201 τὰ
2889 2149 3120 2217 Ἀρείου
3143 2149 3508 2218 φρονοῦντες
3542 2149 3781 2202 δείσθω-

2209 2252 2332 2294 σαν
2387 2239 2495 2295 τοῦ
2537 2238 2706 2293 Θεοῦ.
2769 2239 2874 2293 Καὶ
2931 2241 2983 2293 εὶ
3040 2241 3157 2309 μὲν
3206 2239 3556 2308 αὐτομάτως
3585 2239 3781 2304 αὐτοῖς

2208 2329 2464 2399 ἀνοιχθῇ
2493 2333 2526 2384 ὁ
2553 2330 2722 2396 ναὸς,
2764 2330 3071 2398 ἐχέτωσαν
3092 2331 3281 2385 αὐτόν
3301 2347 3315 2361 ⁶
3339 2333 3392 2385 et
3421 2329 3594 2399 δὲμὴ
3627 2331 3780 2385 ἀνοι-

2211 2419 2310 2491 τῆ,
2346 2419 2732 2488 ἐπιτρεπτέον
2753 2419 2852 2473 καὶ
2877 2421 3019 2490 ἡμῖν
3038 2421 3324 2490 δεηθῆναι
3349 2421 3455 2475 τοῦ
3485 2423 3657 2478 Θεοῦ.
3679 2419 3780 2476 Καὶ

2210 2514 2264 2566 εί
2286 2510 2405 2580 μέν
2429 2511 2780 2581 αὐτομάτως
2806 2510 3307 2567 ἁναπετασθῶσιν
3325 2514 3385 2565 at
3408 2513 3598 2581 θύραι,
3625 2530 3779 2580 νομι-

2212 2602 2396 2658 στέον
2442 2602 2511 2656 ἐκ
2547 2603 2696 2657 Θεοῦ
2735 2602 3282 2673 σφοσκληρωθῆναι
3314 2603 3461 2673 ἡμῖν
3514 2605 3583 2659 τὸ
3627 2605 3778 2660 θεῖον

2213 2693 2572 2761 τεμένισμαο
2595 2694 2649 2747 ει
2679 2691 2748 2745 δὲ
2768 2692 2896 2747 οὐδ’
2916 2693 3060 2762 ἡμῖν
3097 2693 3166 2746 τὸ
3197 2693 3358 2762 ἱερὸν
3397 2692 3634 2762 ἀνοιγῇ,
3687 2693 3778 2748 καὶ

2213 2782 2402 2849 οὕτως
2449 2782 2708 2838 άνείσθω
2754 2783 2901 2838 αὐτό
2933 2782 3058 2849 τοῖς
3091 2781 3548 2852 ἀρειανίζουσιν.
3586 2786 3777 2855 Ἤρισε

2212 2873 2387 2928 ταῦτα
2442 2873 2522 2944 τῷ
2555 2873 2790 2944 βασιλεῖ,
2844 2876 2939 2928 καὶ
2969 2875 3226 2944 γενέσθαι
3258 2874 3434 2929 ταῦτα
3464 2875 3773 2946 ἐπέτρεψεν.

2228 2964 2512 3034 Ἐκλεῐσθη
2543 2959 2638 3017 οὖν
2669 2963 2936 3018 πάντοθεν
2965 2965 2992 3017 ό
3021 2965 3078 3018 ἐν
3108 2962 3316 3034 Νικαία
3363 2966 3512 3028 ναός.
3546 2964 3775 3017 Ἐδέοντο

2215 3055 2266 3108 oi
2307 3055 2578 3125 ’Δρειανοὶ
2611 3053 2706 3106 τοῦ
2737 3053 2897 3120 Θεοῦ,
2948 3055 3045 3107 καὶ
3093 3053 3415 3124 ὴδολέσχουν
3440 3055 3525 3123 ἐφ’
3559 3054 3734 3107 ίκανόν
3759 3067 3774 3084 ⁸

542 3147 915 3203 sentientibus
970 3147 1390 3203 adversabatur.
1461 3146 1599 3202 Cum
1654 3157 1839 3201 autem
1900 3145 2110 3215 Scythae

2217 3147 2246 3200 6
2272 3147 2329 3200 δὲ
2355 3145 2482 3208 ναὸς
2512 3146 2613 3198 οὐκ
2641 3145 2909 3216 ὴνέῳκτο.
2954 3144 3083 3213 Ὀψὲ
3108 3145 3166 3198 δέ
3191 3161 3325 3198 ποτε
3356 3144 3465 3199 τῶν
3495 3144 3775 3215 αἱρετικῶν

539 3240 856 3310 provincias
899 3240 1193 3295 Thraciam
1225 3249 1282 3294 et
1326 3238 1701 3293 Macedoniam
1749 3237 2110 3303 ineursarent,

2224 3238 2630 3310 μεταστάντων,
2666 3209 2731 3291 ὀἱ
2756 3209 2769 3216 ⁷
2791 3209 3074 3308 όρθόδοξοι
3119 3236 3213 3290 τοῦ
3247 3238 3487 3308 μεγάλου
3512 3209 3774 3291 Βασιλείου

544 3342 777 3398 magnus
804 3337 958 3397 pater
1004 3328 1243 3383 lsaacius
1268 3328 1318 3383 ei
1350 3338 1540 3382 contra
1594 3327 1718 3382 illos
1751 3326 2120 3397 proﬁciscenti

541 3433 686 3486 equo
719 3433 1042 3486 occurrens,
1093 3417 1290 3485 Redde,
1333 3418 1534 3488 inquit,
1588 3421 1901 3490 imperator,
1945 3420 2121 3472 ortho—

547 3510 698 3563 doctis
727 3510 993 3574 ecclesias,
1044 3519 1096 3564 et
1142 3512 1271 3566 scito
1306 3521 1356 3565 te
1386 3501 1634 3566 victorem
1674 3513 1992 3566 rediturum.
2024 3509 2121 3566 Sin

548 3606 736 3652 contra
796 3598 962 3653 Deum
1014 3600 1301 3670 militaris,
1359 3603 1482 3656 inde
1527 3617 1632 3655 non
1685 3604 1979 3657 reverteris.
2028 3601 2124 3656 His

549 3699 860 3744 commotus
909 3690 1071 3745 homo
1124 3691 1348 3761 impius,
1401 3691 1669 3746 custodiri
1718 3691 1878 3762 jubet
1941 3692 2121 3745 virum

546 3790 797 3836 sanctum
855 3784 1032 3840 donec
1096 3785 1348 3842 redierit.
1405 3786 1546 3840 Tum
1593 3786 1726 3840 ille:
1782 3785 1842 3840 Si
1884 3786 2122 3849 redieris.

548 3869 752 3938 inquit,
785 3889 887 3926 non
933 3872 1133 3928 locutus
1170 3884 1246 3928 est
1276 3891 1372 3946 per
1403 3890 1485 3929 me
1520 3874 1677 3930 Deus.
1737 3875 1887 3941 Post,
1927 3875 2125 3930 Valens

2221 3330 2637 3402 προηγουμένου
2686 3329 2868 3383 αὐτῶν
2921 3329 3021 3398 τῆς
3075 3327 3316 3400 δεήσεως
3367 3327 3633 3400 1ἤρξαντο·
3686 3323 3775 3379 καὶ

2221 3423 2420 3477 αὐτίκα
2441 3420 2550 3474 τῶν
2574 3419 2846 3490 κλείθρων
2871 3419 3279 3491 διαρραγέντων
3302 3419 3524 3472 καὶτῶν
3555 3417 3770 3490 μοχλῶν,

2221 3514 2276 3566 αἱ
2301 3511 2466 3566 πύλαι
2491 3513 2782 3582 διέστησαν
2828 3512 2926 3564 ἀπ’
2981 3510 3246 3580 ἀλλήλων,
3301 3511 3394 3564 καὶ
3450 3511 3550 3581 τῆς
3584 3506 3769 3561 εἰσόδου

2220 3605 2335 3666 τοῖς
2355 3604 2570 3666 πιστοῖς
2597 3601 3020 3673 παρεχώρησαν.
3046 3595 3217 3664 Οὗτος
3240 3605 3266 3654 6
3295 3601 3545 3670 βασιλεὺς
3567 3596 3764 3664 Ἕλλησι

2223 3693 2325 3764 μὲν
2349 3692 2519 3747 ἐδίδου
2547 3681 2746 3755 θυσίας’
2768 3695 2967 3758 ποιεῖν,
2993 3693 3091 3746 καὶ
3134 3692 3415 3756 Ἰουδαίοις
3449 3688 3766 3761 προσέκειτω

2220 3787 2334 3848 τοῖς
2365 3784 2410 3838 δ’
2445 3783 2738 3854 όρθόφροσι
2772 3785 2957 3855 μόνοις
2987 3785 3290 3840 ἀντέκειτο.
3342 3783 3560 3838 Σκυθῶν
3599 3780 3653 3832 δὲ
3682 3776 3778 3848 τὴν

2221 3876 2492 3948 Θρᾳκῴαν
2545 3878 2640 3929 καὶ
2677 3876 3060 3948 Μακεδονικὴν
3116 3877 3563 3946 κατατρεχόντων
3587 3873 3782 3943 χώραν,

549 3961 608 4016 in
639 3966 850 4022 somnis
887 3967 1065 4021 virum
1097 3967 1266 4033 videt,
1291 3969 1396 4024 sibi
1422 3967 1698 4023 dicentem
1729 3984 1743 4022 :

2223 3966 2372 4038 ἐξῄει
2401 3966 2619 4031 τούτοις
2652 3965 3098 4037 ἀντιταξόμενος.
3129 3966 3260 4020 Ὅτε
3293 3967 3391 4020 καὶ
3424 3970 3451 4020 6
3485 3966 3649 4035 μέγας
3688 3978 3789 4014 πα-

547 4056 656 4127 τὴρ
698 4059 962 4123 ’Ῑσαάκιος
997 4059 1085 4128 ἐφ’
1117 4060 1275 4130 ἵππῳ
1329 4059 1478 4131 αὐτῷ
1525 4059 1766 4129 ἐντυχών
1787 4077 1802 4092 ’
1851 4059 2124 4126 Ἀπόδος,
2225 4058 2352 4130 ἔφη,
2379 4062 2488 4126 τὰς
2517 4059 2856 4126 ἐκκλησίας
2883 4058 3009 4123 τοῖς
3037 4056 3399 4125 όρθοδόξοις,
3438 4053 3485 4112 ὦ
3516 4051 3789 4124 βασιλεῦ,

550 4151 650 4206 καὶ
679 4152 802 4206 τσθι
832 4153 912 4219 ὡς
970 4153 1294 4222 ἐπανήξεις
1337 4141 1697 4220 νενικηκώς·
1749 4154 1804 4205 εί
1849 4153 1918 4205 δὲ
1973 4154 2123 4206 κατὰ
2163 4152 2312 4207 Θεοῦ
2368 4154 2691 4221 στρατεύῃ,
2729 4153 2840 4206 οὐκ
2869 4151 3196 4218 ἐπανήξεις
3255 4151 3506 4206 ἐκεῖθεν.
3545 4147 3792 4219 Ὠργισθη

549 4244 643 4296 ἐπὶ
671 4245 878 4307 τούτοις
907 4245 935 4296 ό
964 4244 1388 4308 δυσσεϐέστατος
1421 4243 1696 4314 βασιλεὺς,
1730 4243 1825 4296 καὶ
1882 4242 2238 4313 φρουρεῖσθαι
2297 4246 2627 4312 προστάττει
2655 4245 2745 4296 τὸν
2780 4245 2936 4311 ἆγιον
2987 4242 3090 4306 ἕως
3153 4242 3596 4297 ἐπανελεύσεται.
3634 4239 3691 4293 ὐ
3720 4238 3792 4290 δὲ,

535 4337 622 4390 ,Εί
653 4334 735 4389 σὺ
763 4337 1337 4408 ὑποστρέψεις,έφη,
1359 4339 1433 4392 οὐ
1461 4333 1810 4403 λελάληκεν
1831 4336 1901 4389 ἐν
1930 4335 2061 4405 ἐμοὶ
2127 4338 2162 4391 ὁ
2203 4336 2370 4403 Θεός.
2405 4336 2521 4389 Καὶ
2585 4339 2644 4390 έν
2679 4336 2872 4406 όνείρῳ
2912 4334 2968 4388 δὲ
3019 4334 3282 4390 ἐθεάσατο
3319 4333 3348 4385 6
3380 4332 3596 4405 Οὐάλης
3637 4330 3798 4403 ἄνδρα

542 4429 672 4481 »τινὰ
697 4429 920 4497 λέγοντα
950 4430 1095 4500 αὐτῷ
1115 4447 1130 4460 ·

2302 4547 2490 4618 Τάχος
2517 4542 2727 4618 ,βάδιζε
2758 4542 2910 4618 πρός
2938 4542 3214 4618 Μίμαντα
3221 4539 3354 4618 μή)
3381 4539 3503 4618 τόν
3515 4538 3738 4609 μέγ-αν,
3846 4519 3851 4524 ’

662 4543 827 4618 Miser
848 4547 927 4618 ad
947 4546 1209 4600 Mimanta
1235 4561 1488 4617 magnum
1519 4548 1620 4602 iter
1645 4550 1901 4618 capessito

2306 4609 2489 4673 ἐἰὶθά
2505 4609 2691 4686 μόρος
2720 4628 2796 4667 σε
2825 4609 3027 4678 δεινὸς
3048 4609 3294 4680 ἁρπάζει
3325 4609 3536 4664 τάλαν.

659 4613 806 4668 Citus
825 4631 843 4668 :
877 4615 958 4670 hic
987 4624 1036 4668 te
1053 4632 1206 4670 suam
1233 4613 1413 4671 mortis
1439 4613 1894 4688 apprimet'dolor.

542 4747 941 4816 .Experreetus,
968 4757 1319 4817 percontatur
1341 4750 1464 4820 quis
1499 4751 1573 4806 sit
1600 4751 1833 4805 Mimas?
1876 4750 1955 4804 lbi
2006 4749 2110 4820 qui

2235 4746 2582 4809 Διυπνισθεὶς
2613 4741 2710 4799 οὖν
2733 4743 3062 4798 ἐπυνθάνετο
3088 4743 3172 4808 τίς
3187 4742 3255 4798 ἂν
3278 4742 3366 4814 εἴη
3393 4744 3421 4796 6
3449 4741 3670 4812 Μίμας;
3699 4739 3804 4794 Καί

558 4838 684 4892 dam
717 4838 882 4892 homo
919 4839 1114 4892 doetus
1149 4841 1293 4908 (nam
1330 4841 1467 4896 tales
1509 4857 1578 4896 eo
1619 4851 1888 4911 tempore,
1921 4840 2110 4895 utinan

2238 4855 2321 4903 τις
2355 4837 2463 4892 τῶν
2487 4837 2666 4906 λόγοις
2707 4833 3081 4905 ἐσχολακότων
3127 4831 3399 4903 (τοιοῦτοι
3431 4833 3539 4903 γὰρ
3565 4834 3683 4895 τοῖς
3714 4831 3807 4900 βα-

543 4944 708 4984 .nunc
728 4930 916 4996 etiam,
939 4931 996 4984 in
1019 4931 1170 5001 regio
1192 4931 1454 4988 comitatu
1480 4942 1536 4988 et
1557 4932 1930 4988 familiaritate
1950 4941 2108 4988 erant

2253 4929 2460 4983 σιλεῦσι
2493 4925 3011 4998 συμπαρωμάρτουν
3039 4942 3100 4979 τε
3127 4925 3220 4981 καὶ
3248 4922 3566 4991 ὠκειοῦντο,
3594 4923 3673 4987 ὡς
3697 4921 3806 4976 εἴθε

1802 5134 2007 5197 Varia
2044 5133 2352 5197 lectiones
2389 5137 2450 5193 et
2491 5135 2688 5192 notua.

634 5305 748 5376 (26)
781 5307 1038 5375 Δομνίνᾳ
1055 5309 1427 5376 πειθόμενος.
1455 5307 1772 5363 Theodorit.
1807 5307 1847 5360 Ι.
1874 5322 1950 5370 tv,
1968 5321 2018 5364 ο,
2041 5307 2130 5361 ll.

633 5377 746 5446 (27)
778 5377 1018 5444 Ἄνδρες
1035 5379 1332 5447 ἱερατικοί.
1375 5378 1588 5433 Socrat.
1617 5378 1658 5432 ι.
1695 5393 1768 5440 ιν,
1800 5377 1992 5447 c._15;
2024 5376 2131 5447 So,-

566 5445 709 5500 zom.
741 5447 886 5569 list,
927 5462 978 5502 c.
1012 5445 1113 5514 ης
1140 5447 1420 5502 Theodor.
1449 5448 1487 5502 Ι.
1511 5461 1585 5514 Iv,
1617 5462 1668 5502 c.
1697 5447 1800 5512 22;
1833 5445 2060 5516 Niceph.
2090 5446 2130 5503 l.

566 5531 643 5569 ιι.
680 5531 730 5569 ο.
842 5556 856 5569 .
1060 5539 1071 5548 -

566 5531 643 5581 ιι,
680 5531 730 5570 ο.
768 5531 856 5570 1ο.
1060 5539 1071 5548 ·

637 5586 750 5654 (28)
795 5587 967 5653 Ἀχρι
1008 5583 1346 5653 Δακυϐἰζης.
1380 5586 1599 5648 Nictetas
1652 5585 1751 5640 lib.
1795 5601 1830 5639 ν
1878 5583 2130 5639 Τὴεοοιιν.

568 5655 771 5708 orthod.
815 5654 959 5720 ﬁdei,
999 5670 1120 5723 cap.
1151 5656 1241 5718 54,
1298 5657 1390 5724 qui
1435 5671 1546 5710 rem
1598 5663 1802 5716 narrat.
1854 5654 2130 5708 Dacidizen

570 5730 746 5794 vocat,
776 5733 832 5776 et
857 5724 1141 5778 maritima:
1170 5724 1435 5794 Bithyniae
1458 5725 1637 5778 locum
1669 5739 1791 5778 esse
1835 5726 1932 5779 ait.

641 5792 751 5862 (29)
782 5794 1126 5860 Γρηγόριος.
1152 5792 1312 5847 Orat.‘
1325 5794 1394 5848 ad
1415 5809 1478 5848 οι.
1501 5796 1807 5864 episcopos.

2309 5302 2714 5376 (ἕξω-Λέγεται
2745 5300 3124 5376 -τοῦνηξειί-υς
3185 5293 3442 5376 miraculi
3487 5293 3807 5376 memoriam

2233 5365 2610 5443 agunt'Graaci
2641 5375 2707 5429 19
2735 5365 2998 5443 Januarii.
3019 5372 3221 5443 Mentea
3241 5365 3621 5443 :__‘Avdg.vyat;
3651 5365 3809 5434 μεγί-

2237 5435 2363 5496 στου
2397 5443 2698 5512 θαύματος,
2738 5443 2886 5513 ὅτε-ό
2923 5442 3096 5513 μέγας
3127 5437 3408 5513 Βασίλειος
3433 5435 3522 5513 διά
3569 5449 3808 5513 προσευ-

2235 5513 2338 5582 χῆς
2367 5502 2573 5583 ἀνέῳξε
2615 5502 2714 5575 τὰς
2760 5502 3403 5583 πύλαέᾼτῆς-κᾷαθολικῆς
3465 5502 3810 5571 Ἐκκλησίας,

2235 5576 2331 5636 καὶ
2361 5576 2632 5654 παρέθετο
2657 5581 2827 5654 αὐτὴν
2863 5581 2974 5654 τοῖς
3002 5576 3320 5654 ὀρθοδό-ξζὶιςο
3395 5644 3408 5654 _
3451 5645 3463 5654 _
3601 5643 3612 5654 ,

2309 5652 2420 5721 (51)
2444 5644 2595 5720 Πρὸς
2614 5644 3131 5721 Μίμανταενοτειιε
3145 5646 3240 5701 alii
3266 5644 3410 5721 apud
3434 5644 3810 5704 Ammianum,

2245 5715 2345 5778 lib.
2381 5715 2650 5792 ixxix,7p.
2677 5715 2784 5776 388
2818 5736 2834 5775 :
2870 5719 2958 5773 Ἐν
2998 5718 3233 5770 πεδίοισι
3263 5715 3566 5787 Μίμαντος.
