4026 6410
1468 270 1497 277 ,κ

381 347 518 433 I169

1601 372 2004 435 ANNALIUM
2043 374 2190 433 LIB.
2240 378 2416 437 XIII.

3473 386 3611 455 ῙιΠθ

376 476 677 546 ἱστόρηται.
715 476 849 562 ξὈτε
898 477 955 530 δὲ
982 478 1011 531 δ
1056 477 1499 543 Οὐαλεντινιανδς
1563 480 1936 551 ἐτελεύτησεν,

2050 490 2284 549 paterna
2304 503 2413 541 non
2436 488 2670 556 adesset,
2679 491 2952 562 juniorcm
2983 496 3146 551 etiam
3169 497 3610 558 Valentinianum

372 568 432 619 οὐ
459 566 642 636 παρῆν
665 560 820 632 οὗτος
850 568 943 621 ἐπὶ
991 571 1067 638 τῷ
1103 568 1316 641 θανάτῳ
1342 570 1420 640 τῷ
1451 571 1542 625 τοῦ
1599 571 1826 641 πατρός.
1870 572 1937 624 Ἦ

373 657 502 725 γοῦν
533 661 760 728 στρατιά
792 659 1097 730 τηνικαῦτα
1157 661 1254 714 καὶ
1284 661 1376 715 τὸν
1404 663 1520 716 νέον
1550 661 1938 717 Οὐαλεντινια-

372 748 460 800 νδν
500 748 721 815 βασιλέα
746 750 933 803 ἀνεῖπε
963 751 1225 822 τετραέτη
1247 753 1369 805 τότε
1413 754 1769 823 τυγχάνοντα.
1813 752 1942 805 Ἐττ-

373 839 609 893 ανελθὼν
642 839 690 893 δ’
724 842 788 892 ὲκ
823 840 922 910 τῆς
961 841 1264 912 ἀποδημίας
1286 845 1315 896 ὁ
1344 844 1640 914 Γρατιανδς
1668 845 1792 907 τοὺς
1845 842 1943 913 μὲν

377 930 715 1000 στρατιώτας
736 931 981 997 ὲκάκισε,
1020 933 1113 986 καί
1146 950 1299 998 τινας
1341 935 1520 989 αὐτῶν
1544 935 1639 988 καλ⁵
1669 935 1940 998 ἐκάκωσε,

376 1023 609 1084 κολάσας
638 1026 765 1086 τοὺς
799 1024 899 1091 τῆς
922 1023 1015 1077 τοῦ
1055 1025 1286 1094 ἀδελφοῦ
1332 1028 1724 1097 πρωτουργούς
1771 1028 1943 1100 ἀναῤ-

376 1112 607 1179 ρήσεως,
658 1113 735 1176 ὡς
790 1113 924 1184 άτερ
973 1115 1198 1186 γνώμης
1256 1116 1421 1169 αὐτοῦ
1464 1116 1727 1187 βασιλέως
1791 1119 1971 1183 ὄντος

375 1200 534 1253 ἄλλον
554 1203 1051 1273 ἀναγορεύσαντας.
1091 1205 1195 1260 Τὸν
1242 1207 1299 1260 δὲ
1329 1207 1557 1276 ἀδελφὸν
1602 1207 1767 1262 αὐτοῦ
1817 1226 1944 1263 συν-

376 1291 565 1360 άρχειν
631 1293 693 1347 οὐ
728 1296 1121 1365 παρῃτήσατο,
1162 1296 1297 1351 ἀλλὰ
1323 1299 1582 1353 κοινωνὸν
1636 1300 1737 1369 τῆς
1786 1299 1945 1369 βασι-

376 1382 524 1446 λείας
559 1386 899 1455 προσείλετο.
962 1382 1131 1453 Οὗτος
1182 1390 1210 1442 ὀ
1284 1390 1539 1459 βασιλεὺς
1584 1392 1677 1446 τὸν
1731 1393 1945 1464 πατέρα

376 1475 649 1545 ἐζήλωσεν
679 1480 759 1542 είς
785 1480 1087 1534 εὐσέϐειαν.
1120 1480 1285 1534 Ὅθεν
1308 1480 1401 1534 καὶ
1421 1480 1499 1550 τῷ
1529 1481 1657 1549 θείῳ
1682 1483 1944 1536 Οὐάλεντι

377 1569 694 1637 συμμαχίαν
723 1571 1009 1641 αίτήσαντί
1038 1589 1169 1626 ποτε
1208 1572 1351 1625 κατά
1407 1573 1629 1627 Σκυθῶν
1681 1572 1741 1638 ἐξ
1778 1575 1944 1629 αὐτοῦ

373 1659 436 1712 οὐ
470 1663 790 1730 παρέσχετο,
814 1664 1033 1734 γράψεις
1060 1664 1231 1733 αὐτῷ,
1284 1665 1360 1728 ὠς
1383 1667 1465 1718 Οὐ
1494 1665 1592 1719 δεῖ
1629 1665 1709 1732 τῷ
1755 1666 1946 1736 ἐχθρῷ

375 1750 484 1805 τοῦ
514 1753 661 1807 Θεοῦ
710 1756 1071 1823 συμμαχεῖν.
1133 1757 1257 1818 Τοῖς
1294 1755 1340 1808 δ’
1387 1756 1684 1821 ἐξελαθεῐσι
1723 1760 1948 1829 ποιμέσι

378 1843 489 1895 τῶν
508 1844 725 1899 οἰκείων
754 1820 1061 1917 ἐκκλησιῶν
1089 1848 1175 1900 διά
1200 1820 1475 1915 δόγματος
1514 1848 1686 1917 ἐφῆκε
1737 1820 1837 1921 τήν
1866 1852 1947 1914 εἰς
1977 1820 2022 1877 Β

379 1934 551 1997 αὐτάς
584 1935 971 2006 ὑπονόστησιν.
1036 1937 1157 1992 Τῶν
1184 1938 1408 1992 Σκυθῶν
1432 1940 1489 1993 δὲ
1518 1940 1630 2010 (Η)
1660 1942 1800 2011 μετὰ
1847 1942 1949 2012 τήν

375 2023 470 2076 τοῦ
499 2025 794 2088 Οὐάλεντος
816 2022 985 2097 ἧτταν
1007 2027 1424 2098 ὲξογκωθέντων
1452 2029 1512 2083 τὸ
1543 2031 1822 2101 φρόνημα,
1853 2032 1950 2085 καὶ

377 2117 475 2182 τήν
498 2131 556 2168 τε
579 2116 803 2188 Θρᾴκην
832 2117 1191 2187 ληῖξομένων,
1224 2119 1319 2172 καὶ
1343 2121 1411 2172 τά
1457 2121 1587 2191 περὶ
1617 2121 1813 2191 αὐτὴν,
1854 2121 1955 2176 καὶ

381 2205 701 2260 ἀκαθέκτων
728 2207 917 2273 ὄντων,
952 2208 1039 2261 τὸν
1104 2209 1165 2274 ἐξ
1223 2208 1499 2274 Ἱσπανίας
1549 2211 1953 2282 μετεκαλέσατο

378 2295 657 2364 Θεοδόσιον
712 2299 767 2369 (ή
828 2299 886 2352 δὲ
946 2298 1203 2353 Ἰσπανία
1261 2300 1377 2371 (42)
1443 2301 1545 2370 τῆς
1618 2302 1953 2373 Εὐρωπαίας

391 2381 633 2454 Ἰϐηρίας
676 2386 815 2449 ,ἐστὶ
863 2387 1020 2451 πόλις
1062 2389 1099 2459 ή
1123 2388 1506 2459 διαφορωτάτη
1545 2390 1652 2444 τῶν
1677 2391 1737 2443 ἐν
1788 2389 1951 2460 αὐτῇ)

382 2477 550 2548 ἄνδρα
580 2480 962 2546 γενναιότατόν
1006 2497 1066 2533 τε
1115 2480 1211 2535 καὶ
1267 2481 1685 2537 εὐσεϐέστατον.
1748 2482 1955 2537 Τοῦτον

380 2568 474 2624 οὖν
503 2572 985 2642 προχειρισάμενος
1010 2572 1316 2643 στρατηγὸν
1342 2576 1482 2643 μετὰ
1508 2575 1768 2644 στρατιᾶς
1807 2576 1949 2630 κατὰ

381 2664 492 2718 τῶν
530 2664 835 2736 Βαρϐάρων
865 2665 1220 2735 ὲκπέπομφεν
1246 2682 1260 2697 ’
1319 2666 1380 2730 δς
1430 2666 1724 2734 συμϐαλὼν
1766 2667 1953 2734 αὐτοῖς

382 2755 478 2808 καὶ
505 2756 732 2824 νικήσας
762 2754 1020 2825 τρόπαιον
1040 2755 1233 2826 ήρατο,
1267 2755 1507 2826 πλήθους
1538 2758 1637 2827 μὲν
1666 2757 1942 2813 Σκυθικοῦ

381 2845 827 2915 κατασφαγέντος
857 2847 913 2898 ὲν
935 2845 1015 2917 τῷ
1036 2846 1257 2918 πολέμῳ
1285 2847 1509 2915 πολλοῦ,
1531 2849 1641 2905 τῶν
1662 2849 1720 2903 δὲ
1746 2849 1953 2905 λοιπῶν

381 2938 462 3000 ετς
491 2936 669 3006 φυγὴν
697 2937 1036 3007 τραπέντων,
1071 2940 1166 2992 καὶ
1191 2939 1301 2992 τῶν
1327 2940 1428 3010 μὲν
1466 2940 1859 3012 ἀπολλυμένων
1892 2944 1955 2998 ἐν

381 3031 459 3102 τῷ
495 3030 1034 3101 καταλαμϐάνεσθαι,
1070 3032 1180 3085 τῶν
1208 3031 1254 3086 δ’
1283 3033 1377 3087 ὐπ’
1405 3033 1653 3104 ἀλλήλων
1719 3034 1953 3103 διαφθα-

385 3123 590 3192 ρέντων
623 3125 681 3176 ἐν
737 3125 806 3195 τῇ
861 3126 1032 3194 φυγῇ.
1083 3122 1313 3178 Πάντων
1364 3125 1547 3178 τοίνυν
1597 3132 1785 3196 σχεδον
1842 3127 1954 3180 τῶν

384 3215 689 3284 Βαρϐάρων
730 3216 960 3269 ἐκείνων
995 3215 1355 3269 ἀπολωλότων
1380 3215 1495 3286 ιτὴν
1544 3216 1804 3287 στρατιάν
1842 3218 1960 3293 licet

382 3305 714 3376 καταλείψας
737 3307 766 3359 ό
798 3306 1080 3369 Θεοδόσιος
1109 3307 1275 3369 αὐτὸς
1320 3306 1460 3377 πρὸς
1506 3307 1600 3360 τὸν
1663 3308 1961 3377 Γρατιανδν

380 3397 480 3465 τῆς
502 3396 660 3467 νίκης
680 3391 817 3468 ἦκεν
841 3396 1173 3466 αὐτάγγελος
1202 3398 1260 3450 ἐν
1282 3398 1512 3469 Παιονίᾳ
1538 3398 1661 3452 τότε
1678 3399 1956 3467 διάγοντα.

396 3484 765 3569 Ἀπαγγείλας
791 3486 849 3540 δὲ
876 3486 978 3556 τὴν
1005 3486 1165 3556 νίκην
1188 3486 1268 3555 τῷ
1296 3485 1529 3555 βασιλεῖ,
1573 3487 1665 3541 καὶ
1707 3487 1804 3539 τὸν
1849 3487 1960 3539 τῶν

378 3576 676 3648 Βαρϐάρων
724 3578 1217 3649 εὐαγγελισάμενος
1260 3572 1504 3649 ὄλεθρον,
1554 3579 1841 3648 ἠπιστεῖτο
1867 3579 1961 3635 διά

382 3684 443 3722 τε
477 3670 540 3722 τὸ
568 3670 664 3723 τοῦ
719 3669 886 3741 ἔργου
935 3672 1070 3743 ταχὺ
1131 3671 1226 3724 καλ⁵
1281 3670 1338 3724 τὸ
1383 3669 1810 3741 δυσμαχώτατον
1847 3671 1962 3727 τῶν

384 3759 630 3816 Σκυθῶν.
665 3762 820 3817 Ἐπεὶ
847 3762 894 3815 δ’
925 3761 1067 3830 ἔγνω
1091 3762 1152 3816 τὸ
1175 3761 1399 3831 ἀληθὲς.
1428 3762 1523 3816 καὶ
1540 3762 1638 3830 τὴν
1665 3761 1772 3815 τῶν
1814 3763 1958 3832 Βαρ-

383 3852 567 3919 ϐάρων
612 3853 820 3924 φθορὰν
849 3854 878 3906 δ
921 3853 1282 3925 αὐτοκράτωρ
1333 3851 1813 3923 πεπληροφόρητο,
1864 3853 1960 3906 καὶ

383 3943 667 4012 ἐθαύμασε
694 3944 785 3997 τὸν
813 3945 985 4016 ἄνδρα
1000 3946 1098 4016 τῆς
1127 3962 1186 3997 τε
1214 3944 1512 4015 ταχυτῆτος
1552 3945 1648 3997 καὶ
1703 3943 1800 3996 τοῦ
1829 3946 1957 4013 άρι-

386 4031 691 4102 στεύματος
738 4033 904 4087 ἕνεκα
956 4036 1053 4088 καὶ
1106 4033 1400 4104 ἐπῄνεσεν.
1452 4033 1594 4102 Ἤδη
1626 4033 1681 4086 δὲ
1732 4034 1825 4086 καὶ
1856 4036 1957 4103 τῆς

383 4122 686 4186 Οὐάλεντος
736 4123 935 4193 μοίρας
980 4123 1421 4195 προσκτηθείσης
1465 4114 1615 4194 αὐτῷ
1669 4123 1806 4193 μετὰ
1857 4124 1960 4192 τὴν

384 4212 596 4265 ἐκείνου
626 4214 854 4283 φθορὰν,
883 4212 1093 4268 ἀπιδὼν
1120 4215 1257 4286 πρὸς
1285 4213 1348 4266 τδ
1373 4213 1605 4286 ἄπειρον
1635 4213 1822 4284 σχεδὸν
1860 4216 1959 4283 τῆς

2047 578 2432 645 imperatorem
2465 581 2724 636 salutavit
2742 584 3039 646 exercitus,
3058 589 3406 657 quadrimum
3431 593 3611 648 adhuc

2046 682 2296 736 puerum.
2319 669 2434 737 Qua
2455 671 2523 727 de
2545 687 2709 728 causa
2729 689 2955 746 peregre
2977 693 3250 742 reversus.
3268 683 3471 737 milites
3497 683 3610 737 acri

2046 768 2130 813 ter
2152 760 2448 817 insectatus
2477 765 2872 835 est:quosdam
2897 768 3060 823 etiam
3078 779 3330 826 auctores
3358 771 3614 829 fraterna

2044 854 2387 911 salutationis
2410 857 2679 927 supplicio
2707 858 2910 924 all‘ccit,
2930 860 3075 929 quod
3094 876 3176 924 se,
3196 862 3290 931 qui
3314 863 3614 933 imperato:-

2044 957 2213 1014 esset,
2245 964 2358 1004 non
2416 952 2827 1018 consentiente,
2869 954 3035 1008 alium
3078 955 3389 1024 elegissent.
3422 957 3613 1031 Neque

2048 1052 2229 1098 tamen
2247 1043 2542 1111 recusavit,
2565 1046 2862 1116 quominus
2894 1045 3119 1101 fratrem
3148 1046 3361 1116 imperii
3384 1061 3612 1101 consor-

2047 1146 2155 1193 tem
2174 1137 2427 1202 haberet,
2443 1152 2680 1207 eumque
2706 1137 2969 1207 collegam
2995 1136 3208 1191 ascivit.
3235 1134 3480 1190 Paterna
3500 1135 3615 1204 pic-

2048 1231 2175 1287 tatis
2191 1230 2420 1286 amulus
2442 1230 2567 1293 fuit,
2585 1239 2643 1285 et
2657 1229 2950 1299 aliquando
2971 1228 3185 1285 Valenti
3214 1236 3409 1298 patruo
3426 1234 3616 1282 contra

2046 1323 2277 1395 Scythas
2304 1338 2463 1392 opem
2505 1322 2741 1391 petenti,
2778 1320 2986 1392 negatis
3016 1320 3234 1375 auxiliis
3276 1316 3560 1387 respondit
3597 1332 3611 1368 :

2046 1409 2164 1464 Non
2195 1424 2309 1463 esse
2338 1426 2457 1463 cum
2496 1408 2592 1462 Dei
2627 1410 2773 1463 hoste
2810 1409 3112 1462 sacietatem
3152 1407 3274 1460 belli
3303 1406 3613 1460 coeundam.

2047 1501 2365 1557 Pastoribus
2393 1501 2612 1571 ejectis,
2652 1499 2876 1554 decreto
2912 1498 3149 1552 reditum
3181 1497 3235 1550 in
3271 1511 3399 1552 suas
3427 1495 3617 1550 Eccle-

2047 1593 2158 1648 sias
2182 1593 2474 1648 concessit.
2502 1590 2640 1646 Cum
2672 1598 2854 1645 autem
2883 1588 3096 1659 Scytha
3122 1595 3253 1656 post
3269 1587 3477 1643 cladem
3506 1586 3617 1640 Va-

2048 1682 2215 1736 lentis
2252 1680 2378 1734 elati
2421 1693 2680 1735 successu
2714 1692 2896 1732 rerum
2937 1676 3222 1730 Thraciam
3271 1673 3614 1742 finitimaque

2048 1773 2171 1829 loca
2212 1779 2517 1833 vastarent,
2567 1779 2624 1826 et
2674 1768 2917 1826 coerceri
2959 1759 3121 1822 nullo
3162 1767 3324 1822 modo
3370 1771 3621 1834 possent.

2050 1860 2421 1916 Theodosium
2446 1859 2746 1928 Hispanum
2771 1857 3003 1913 accersit
3030 1856 3133 1926 (est
3152 1864 3334 1910 autem
3358 1852 3617 1923 Hispania

2050 1953 2320 2025 Euro‘pea
2345 1951 2536 2007 Iberia
2577 1951 2708 2005 urbs
2748 1947 3241 2019 praestantissima),
3282 1947 3464 2000 virum
3505 1942 3619 1997 for-

2053 2045 2326 2100 tissimum
2374 2052 2429 2098 et
2468 2041 2963 2112 religiosissimum.
3011 2038 3169 2092 Hunc
3215 2036 3383 2107 igitur
3417 2033 3616 2088 ducem

2014 2137 2360 2200 ,delectum,
2411 2135 2627 2205 ablegat
2683 2138 2879 2188 contra
2936 2130 3237 2188 Barbaros.
3276 2126 3374 2196 qui
3428 2123 3620 2194 pralio

2054 2227 2250 2292 victor,
2284 2238 2530 2294 magnam
2562 2221 2832 2293 Scythica
2864 2218 3043 2290 gentis
3074 2215 3481 2272 multitudinem
3516 2226 3623 2266 ca-

2052 2317 2155 2381 dit,
2181 2315 2396 2371 caeteris
2416 2315 2471 2368 in
2501 2313 2683 2383 fugam
2708 2311 2993 2382 conjectis,
3018 2308 3111 2379 qui
3138 2308 3223 2362 vel
3254 2323 3286 2362 a
3316 2303 3623 2360 victoribus

2052 2405 2417 2477 deprehensi,
2457 2404 2542 2459 vel
2575 2419 2605 2457 a
2632 2418 2752 2458 sese
2794 2401 3032 2456 invicem
3080 2397 3272 2453 obtriti
3313 2395 3619 2466 perierunt.

2053 2496 2309 2553 Barbaris
2337 2495 2506 2566 igitur
2531 2494 2636 2549 illis
2659 2492 2775 2548 fere
2797 2491 3055 2545 omnibus
3083 2486 3409 2549 interfectis,
3436 2484 3625 2538 Theo-

2053 2590 2243 2645 dosius
2272 2588 2516 2645 exercitu
2549 2585 2662 2641 illic
2688 2585 2913 2648 relicto,
2949 2583 3065 2651 ipse
3094 2579 3340 2635 victoria
3370 2577 3622 2636 nuntius,

2051 2682 2119 2737 ad
2148 2679 2469 2737 Gratianum
2494 2676 2684 2732 tumin
2707 2672 2989 2731 Pannonia
3011 2672 3296 2743 degentem
3315 2667 3622 2725 contendit.

2051 2774 2165 2831 Nec
2201 2781 2383 2827 tamen
2410 2769 2694 2825 victoriam
2725 2766 2834 2839 35
2857 2780 3034 2830 suam,
3061 2773 3115 2819 et
3146 2762 3512 2817 Barbarorum
3537 2757 3623 2811 in—

2053 2862 2275 2917 teritum
2298 2858 2594 2923 nuntianti,
2619 2856 2753 2911 ﬁdes
2774 2855 2957 2910 habita
2981 2861 3084 2918 est,
3111 2867 3236 2907 cum
3260 2850 3332 2905 ob
3353 2849 3433 2904 rei
3457 2854 3623 2918 gesta

2052 2949 2416 3010 celeritatem,
2458 2957 2575 3003 tum
2602 2946 2674 3002 ob
2704 2944 3029 3017 Scytharum
3065 2956 3333 2998 summam
3361 2938 3441 2994 rei
3479 2936 3623 2991 mili-

2055 3043 2187 3097 taris
2229 3041 2504 3112 peritiam.
2541 3039 2680 3094 Cum
2721 3044 2903 3091 autem
2948 3035 3236 3090 veritatem
3271 3030 3624 3100 cognovisset

1981 3154 2027 3214 ε
2056 3136 2372 3203 imperator,
2405 3131 2583 3199 deque
2626 3127 3006 3182 internecione
3048 3123 3415 3178 Barbarorum
3457 3119 3621 3189 plane

2060 3231 2368 3288 constaret,
2411 3221 2517 3277 viri
2558 3220 2895 3275 celeritatem
2930 3215 3237 3271 admiratus
3266 3221 3383 3278 est,
3417 3220 3478 3265 et
3505 3224 3622 3264 rem

2059 3316 2200 3372 bene
2215 3325 2420 3387 gestam
2441 3311 2699 3368 laudibus
2718 3315 3065 3380 prosecutus.
3087 3307 3207 3362 Iam
3228 3304 3354 3375 quia
3383 3299 3626 3356 Valentis

2058 3411 2224 3468 etiam
2252 3416 2461 3480 partem
2485 3415 2612 3477 post
2635 3405 2784 3460 illius
2808 3402 3093 3458 interitum
3125 3405 3474 3481 c‘onsecutus,
3496 3409 3629 3464 pro-

2059 3499 2317 3563 videbat,
2354 3512 2411 3552 se
2455 3504 2563 3551 tam
2608 3495 2931 3550 immensam
2974 3491 3109 3546 tanti
3156 3487 3372 3557 imperii
3426 3484 3625 3540 molem

2059 3585 2333 3641 sustinere
2383 3582 2561 3637 solum
2610 3597 2720 3637 non
2767 3596 2930 3651 posse
2971 3596 2985 3632 :
3043 3575 3427 3633 Theodosium
3463 3570 3628 3628 Nova

2061 3676 2249 3729 Roma
2297 3673 2679 3742 imperatorem
2718 3670 2984 3740 appellat,
3030 3668 3261 3738 partim,
3295 3673 3357 3721 ut
3385 3665 3507 3734 ejus
3543 3662 3628 3715 in-

2059 3764 2325 3821 dustriam
2348 3769 2817 3827 remuneraretur,
2850 3760 3047 3830 partim
3076 3757 3223 3828 quod
3246 3755 3524 3811 neminem
3556 3750 3623 3805 ad

2061 3853 2279 3923 imperii
2307 3853 2631 3908 societatem
2663 3850 2833 3922 magis
2869 3850 3125 3904 idoneum
3153 3846 3458 3918 judicabat.
3490 3842 3628 3897 Tra-

2059 3944 2177 3998 dito
2215 3943 2383 4013 igitur
2420 3942 2499 3998 illi
2536 3942 2796 3997 universo
2831 3940 3056 3996 Oriente
3089 3946 3145 3994 et
3178 3937 3434 3998 Thracia,
3471 3932 3631 3989 Occi-

2057 4035 2282 4090 dentem
2323 4033 2430 4089 sibi
2472 4033 2774 4089 reservavit
2810 4049 2824 4086 :
2870 4040 2929 4087 et
2972 4033 3028 4085 in
3069 4027 3276 4105 Gallias
3318 4025 3625 4095 profectus,

2059 4138 2205 4179 anno
2223 4122 2438 4193 imperii
2462 4130 2586 4194 post
2606 4122 2819 4177 obitum
2842 4120 3020 4192 patris
3044 4127 3221 4182 sexto,
3249 4114 3446 4171 fraude
3471 4114 3631 4169 ducis

2060 4213 2418 4285 Andragathii
2442 4212 2736 4269 occiditur.

384 4309 580 4379 ἀρχῆς,
614 4309 710 4362 καὶ
731 4308 959 4363 συνιδὼν
987 4309 1063 4373 ὡς
1097 4309 1197 4379 οὐχ
1218 4304 1331 4373 οἷός
1354 4308 1405 4362 τ’
1439 4309 1507 4362 ἂν
1535 4308 1620 4379 εἴη
1653 4308 1812 4366 αὐτὸς
1877 4307 2039 4378 μόνος
2073 4307 2174 4380 τήν
2230 4307 2499 4379 τοσαύτην
2558 4307 2758 4363 ίθύνειν
2806 4306 3002 4379 ἀρχὴν,
3055 4303 3281 4376 βασιλέα
3340 4302 3440 4373 τῆς
3486 4299 3631 4359 Νέας

396 4405 619 4474 Ῥώμης
638 4403 965 4474 άναγορεύει
985 4404 1078 4457 τὸν
1100 4403 1401 4472 Θεοδόσιον,
1432 4403 1549 4475 ἅμα
1576 4404 1675 4475 μὲν
1740 4405 1841 4474 τῆς
1898 4404 2182 4476 ἀριστείας
2216 4404 2380 4459 αὐτὸν
2410 4403 2796 4477 ἀμειϐόμενος,
2860 4404 2977 4474 ἅμα
3008 4402 3067 4457 δὲ
3104 4402 3199 4454 καὶ
3250 4399 3458 4469 μηδένα
3514 4396 3628 4466 κρί-

381 4516 478 4563 νας
504 4497 692 4568 ἒτερον
723 4499 807 4561 είς
832 4496 1120 4551 κοινωνίαν
1149 4499 1249 4567 τῆς
1278 4498 1455 4568 ἀρχῆς
1505 4497 1699 4552 τούτου
1734 4496 1980 4568 κρείττω
2007 4497 2289 4574 ἐσόμενον.
2320 4496 2434 4570 Τὴν
2474 4496 2606 4566 γοῦν
2646 4496 2819 4567 Ἐᾠαν
2853 4496 3075 4553 ἃπασαν
3137 4493 3231 4546 καὶ
3259 4490 3359 4563 τὴν
3409 4489 3632 4560 Θρᾴκην

382 4593 533 4664 αὐτῷ
584 4589 918 4659 ἀναθέμενος
979 4591 1185 4653 ἐκεῖνος
1245 4589 1429 4659 ἑαυτῷ
1481 4590 1843 4662 ἀπεκλήρωσε
1898 4589 1969 4643 τά
2018 4589 2303 4659 Ἐσπέρια.
2371 4590 2485 4644 Καὶ
2519 4589 2614 4643 ἐπὶ
2636 4587 2736 4650 τὰς
2760 4586 2994 4649 Γαλλίας
3045 4585 3359 4654 γενόμενος,
3390 4578 3629 4651 ἀνῃρέθη

381 4685 519 4754 δόλῳ
566 4684 660 4738 ὐπ’
696 4682 1086 4755 Ἀνδραγαθίου
1112 4683 1209 4737 τοῦ
1256 4682 1597 4754 στρατηγοῦ,
1625 4683 1953 4755 βασιλεύσας
1991 4682 2137 4754 μετά
2198 4684 2301 4738 τὶην
2361 4680 2457 4737 τοῦ
2524 4681 2735 4753 πατρὸς
2789 4679 2954 4735 αὐτοῦ
3010 4678 3266 4747 τελευτήν
3315 4677 3410 4730 ἐπὶ
3452 4678 3632 4727 ὲνιαυα

380 4779 507 4839 τούς
542 4777 623 4843 ἐξ.

394 4904 399 4911 ι
453 4868 562 4924 ιη’.
586 4868 695 4922 Τοῦ
730 4869 787 4924 δὲ
809 4868 1110 4940 Γρατιανοῦ
1134 4869 1588 4939 τελευτήσαντος,
1622 4870 1953 4940 κατελείφθη

2132 4862 2323 4921 XVIII.
2365 4863 2628 4919 Gratiano
2662 4859 2923 4916 defuncto
2945 4899 2962 4924 ,
2994 4857 3367 4916 Occidentalis
3415 4852 3631 4924 imperii

385 4956 640 5025 βασιλεὺς
687 4961 1048 5031 αὐτοκράτωρ
1102 4961 1210 5014 τῶν
1250 4960 1556 5031 Ἐσπερίων
1583 4964 1612 5015 ὁ
1641 4962 1781 5026 Νέος
1815 4963 1958 5016 Οὐαο

380 5048 734 5114 λεντινιανδς,
778 5053 944 5123 μήπω
1013 5051 1151 5122 μηδὲ
1205 5052 1482 5122 πρόσηϐος
1533 5052 1794 5122 γεγονώς.
1861 5053 1957 5116 ’ος

382 5136 719 5208 ὐποφθαρεὶς
756 5139 908 5210 παρὰ
934 5137 1040 5210 τῆς
1084 5138 1292 5211 μητρὸς
1325 5140 1622 5210 Ἰουστίνης
1671 5140 1947 5210 Ἀρειανι-

2061 4963 2303 5028 potestas
2352 4954 2408 5009 in
2471 4951 2911 5008 Valentinianum
2958 4948 3243 5005 iuniorem
3291 4946 3630 5016 impuberem

2062 5047 2280 5111 adhuc,
2324 5045 2519 5101 collata
2551 5051 2677 5098 est:
2711 5043 2806 5112 qui
2841 5042 3104 5112 paulatim
3146 5054 3177 5094 a
3205 5039 3416 5095 Iustina
3456 5045 3637 5090 matre

2063 5137 2282 5194 Arianis
2309 5136 2526 5191 favente
2562 5143 2879 5204 corruptus,
2913 5133 3245 5201 illorumque
3279 5129 3475 5199 dogma
3508 5143 3629 5182 am-

1530 5311 1731 5373 Varia
1760 5309 2067 5372 lectiones
2102 5315 2164 5371 et
2204 5315 2395 5371 nota.

346 5537 348 5540 ν
382 5542 396 5556 ι
456 5471 563 5556 (4.1)
599 5473 729 5556 Τῶν,
756 5474 1002 5529 Σκυθῶν
1025 5475 1110 5530 δέ.
1133 5475 1238 5556 Sed
1266 5488 1323 5533 et
1355 5477 1548 5556 scribit
1579 5478 1863 5556 Eunapius
1892 5481 1947 5534 ἰιι

382 5542 545 5617 tegat.
591 5542 659 5617 ad
700 5543 886 5617 “ipsam
941 5561 1120 5617 usque
1151 5545 1687 5617 ConstantinOpolim
1733 5542 1949 5604 venisse

381 5609 647 5684 Scythas}:
698 5609 1001 5684 'Ilﬁqydp
1032 5609 1146 5684 ’καί
1213 5617 1313 5684 τὴν
1381 5609 1953 5672 Κωνᾶταντινούπολιν

382 5680 733 5752 κατέτρεχον,
787 5680 882 5736 καὶ
918 5680 1032 5747 τοῖς
1066 5680 1300 5755 τείχεσιν
1347 5685 1621 5756 ἠνώχλουν
1656 5688 1956 5759 περικαθή-

394 5765 567 5819 μενοι.

2129 5479 2240 5551 (42)
2276 5478 2430 5533 Ἡδὲ
2461 5476 2770 5551 Ἰᾳςπιινι’ςι-.
2791 5476 2867 5529 Ita
2898 5474 3058 5551 codd.
3096 5473 3274 5551 Regii,
3310 5471 3412 5551 etsi
3453 5472 3628 5551 mani-

2057 5541 2460 5605 festo'errore.
2522 5548 2657 5602 Nam
2710 5545 2982 5612 Hispania
3025 5544 3247 5598 nomine
3292 5541 3627 5612 nulladurhs

2060 5619 2323 5680 occurrit,
2351 5618 2502 5671 itaut
2532 5618 2585 5670 in
2607 5631 2673 5670 eo
2690 5610 2961 5670 erraverit
2977 5613 3238 5676 Zonaras,
3259 5613 3402 5682 quod
3431 5610 3628 5681 Hispa-

2061 5689 2210 5740 niam
2257 5687 2327 5739 ab
2375 5686 2552 5739 Iberia
2596 5683 2930 5746 distinxerit,
2985 5699 3108 5737 cum
3164 5681 3510 5738 Theodosius
3559 5695 3631 5735 ex

2065 5756 2248 5811 Italica
2283 5755 2551 5824 IIiSpania
2583 5756 2716 5813 urbe
2738 5763 2892 5809 ortus
2920 5754 3103 5807 fuerit.
