4026 6414
383 381 520 450 1177

1563 379 1972 444 ANNALIUM
2010 381 2156 443 LIB.
2207 383 2383 447 XIII.

3480 378 3622 446 1178

373 499 451 570 τῷ
482 495 595 568 Υἱῷ
623 493 916 567 ὁμοσθενές
950 493 1046 548 καὶ
1073 491 1335 562 ὁμότιμον
1357 533 1374 561 ,
1407 490 1502 550 τόν
1529 508 1588 545 τε
1609 490 1942 546 Μακεδόνιον

2062 495 2593 559 ›οι·ειη,Μοοεᾶοηῑο
2645 501 2702 551 et
2747 495 2868 568 ejus
2925 491 3296 550 sectatoribus
3349 491 3623 547 catholica

376 588 617 648 καὶτοὺς
639 583 1026 656 ὁμοδοξοῦντας
1058 581 1208 654 αύτῷ
1240 583 1342 652 τῆς
1373 582 1669 652 καθολικῆς
1708 580 1947 649 Ἐκκλη-

375 679 497 740 σίας
517 676 778 745 ἐξέκοψαν
806 673 942 743 (55),
975 674 1074 728 καὶ⁹
1096 673 1178 736 είς
1229 672 1291 726 τδ
1322 671 1478 741 ἀγιον
1517 672 1792 742 σύμϐολον
1843 670 1944 740 τὴν

379 769 512 840 περὶ
541 767 636 822 τοῦ
662 768 820 835 ἀγίου
855 765 1174 832 Πνεύματος
1228 765 1556 843 προσέθεντο
1622 763 1948 834 συγγραφὴν

377 855 485 907 ἀπὸ
523 853 616 906 τοῦ
643 855 736 907 καὶ
766 854 852 918 εις
869 852 933 906 τὸ
961 851 1202 921 Πνεῦμα
1235 851 1302 904 τὸ
1340 850 1512 920 ἅγιον
1543 851 1704 923 μέχρι
1731 851 1945 913 τέλουςσ

380 945 476 998 καὶ
501 944 570 998 τά
599 945 657 996 ἐν
693 947 760 1012 τῇ
796 943 990 1014 πρώτῃ
1037 943 1240 1013 συνόδῳ
1269 942 1702 1012 δογματισθέντα
1733 940 1953 994 ,ἐπεϐε-

379 1035 639 1090 ϐαίωσαν.
677 1035 803 1088 Ὅτε
825 1034 919 1088 καί
947 1051 1094 1098 τινες
1110 1033 1217 1087 τῶν
1235 1033 1552 1086 ἐπισκόπων
1582 1033 1954 1104 βασκήναντες

380 1129 459 1199 τῷ
477 1127 725 1198 Θεολόγῳ
755 1126 848 1179 τοῦ
883 1127 1074 1196 θρόνου
1107 1126 1268 1197 χάριν
1293 1126 1395 1191 τῆς
1437 1123 1955 1178 Κωνσταντινουπό-

385 1219 546 1284 λεως,
579 1219 640 1271 οὐ
690 1218 987 1281 κανενικᾶς
1025 1213 1178 1270 εἶπον
1233 1216 1394 1270 αὐτὸν
1425 1214 1814 1284 ἐπιϐεϐηκέναι
1860 1212 1953 1266 τοῦ

379 1309 592 1380 θρόνου,
643 1311 719 1372 ώς
783 1310 953 1379 ἑτέρῳ
997 1310 1260 1378 πρότερον
1335 1306 1792 1378 ἐπικηρυχθέντα.
1862 1305 1954 1358 Διὸ

395 1402 484 1454 καὶ
508 1402 598 1454 τὸν
621 1399 1068 1466 Συντακτήριον
1095 1401 1124 1452 6
1150 1399 1308 1468 ἅγιος
1361 1397 1818 1468 συγγραψάμενος
1861 1397 1956 1448 καὶ

391 1492 630 1560 δημοσίᾳ
657 1491 978 1558 ἀνεγνωκὼς
1013 1489 1204 1558 ἐξέστη
1247 1489 1342 1541 τοῦ
1385 1487 1577 1557 θρόνου
1611 1487 1704 1541 καὶ
1728 1489 1810 1550 είς
1856 1486 1958 1557 τὴν

383 1581 594 1633 οἰκείαν
617 1581 851 1650 πατρίδα
879 1581 978 1650 τὴν
1018 1578 1312 1644 Ναζιανξὼ
1368 1577 1660 1646 ἐπανῆλθε.
1694 1579 1958 1648 Κεχειρο-

380 1675 572 1742 τόνητο
622 1673 678 1725 δέ
744 1673 842 1740 τῆς
903 1670 1536 1734 Κωνσταντινουπόλεως
1609 1670 1958 1740 πατριάρχης

2049 587 2292 642 Ecclesia
2325 587 2537 657 ejectis,
2565 595 2622 642 et
2655 585 2710 641 in
2749 593 3003 640 sanctum
3051 582 3369 654 Symbolum
3408 581 3619 636 inserta
3668 570 3675 590 ’

2050 681 2292 736 clausula
2329 681 2450 746 illa,
2481 695 2604 750 quae
2652 677 2848 748 incipit
2889 683 2940 730 et
2976 678 3033 730 in
3088 673 3342 742 Spiritum
3387 683 3627 726 sanctum

2051 784 2227 838 usque
2258 768 2324 822 ad
2350 754 2540 831 linem,
2572 767 2846 837 primique
2886 763 3111 819 concilii
3148 760 3390 816 decretis
3420 758 3626 814 conﬁr-

2052 860 2235 914 matis.
2268 857 2375 914 Sed
2404 859 2628 928 quidam
2652 854 2898 927 episcopi
2927 854 3190 908 thronum
3231 851 3625 906 Constantino-

2053 950 2243 1020 poleos
2276 949 2528 1020 theologo
2557 948 2899 1008 invidentes,
2947 950 3219 1015 negarunt
3245 957 3312 996 eo
3343 941 3447 996 rite
3489 940 3631 1011 poti-

2053 1050 2193 1103 tum,
2229 1038 2336 1109 'qui
2397 1040 2550 1109 prius
2593 1037 2751 1092 alteri
2794 1037 3012 1090 delatus
3070 1042 3239 1088 esset.
3307 1030 3484 1096 Quare
3541 1028 3628 1082 vir

2054 1139 2277 1185 sanctus
2310 1129 2514 1200 scripta
2546 1127 2816 1192 oratione,
2863 1142 2985 1197 quae
3015 1122 3382 1195 Syntacterion
3427 1118 3630 1174 inscri-

2055 1222 2226 1284 bitur,
2285 1236 2349 1277 ac
2386 1222 2605 1292 publice
2647 1223 2910 1282 recitata,
2961 1216 3233 1271 Nazianza
3285 1213 3340 1266 in
3390 1211 3624 1281 patriam

2057 1313 2263 1385 rediit._
2286 1312 2488 1368 Fuerat
2518 1321 2701 1366 autem
2732 1308 3042 1380 patriarcha
3081 1306 3398 1374 designatus
3435 1301 3631 1356 Necta-

2057 1403 2175 1458 rius
2199 1403 2282 1456 vir
2313 1402 2642 1464 senatorius,
2677 1410 2733 1455 et
2756 1399 3015 1454 civilibus
3053 1397 3274 1450 functus
3298 1390 3632 1463 magistrati-

2057 1494 2182 1548 bus.
2220 1492 2377 1547 Tunc
2406 1492 2570 1548 Novae
2604 1493 2790 1546 Romae
2826 1489 2982 1544 sedes
3014 1485 3321 1543 secundum
3375 1483 3629 1537 ordinem

2060 1585 2256 1641 sortita
2285 1593 2369 1640 est
2400 1602 2414 1640 :
2443 1585 2570 1655 post
2607 1584 2837 1638 Romam
2868 1589 3110 1635 veterem
3155 1577 3442 1639 collocata,
3492 1589 3632 1644 prte-

2057 1678 2277 1746 lataque
2324 1675 2557 1732 caeteris.
2601 1673 2757 1729 Tunc
2819 1681 2875 1727 et
2926 1671 3154 1740 Magnus
3210 1664 3632 1736 Amphilochius

382 1763 686 1833 Νεκτάριος
713 1763 848 1833 (56),
890 1761 1253 1834 συγκλητικὸς
1305 1761 1468 1831 ἀνὴρ,
1529 1762 1624 1814 καὶ
1674 1760 1956 1822 πολιτικὰς

2062 1767 2130 1821 ab
2189 1767 2518 1837 imperatore
2575 1761 2870 1833 postulavit
2904 1768 3047 1837 ,_ut
3108 1757 3338 1820 Ariani,
3417 1753 3472 1807 in
3538 1751 3631 1806 Dei

383 1853 558 1922 ἀρχὰς
609 1855 842 1924 ὴνυκώς.
885 1853 1022 1906 Τότε
1082 1855 1175 1906 καὶ
1205 1854 1233 1905 ό
1269 1851 1461 1922 θρόνος
1511 1853 1626 1920 (57)
1687 1851 1788 1921 τῆς
1832 1851 1956 1913 νέας

393 1945 610 2016 Ῥώμης
631 1945 888 2015 δευτέραν
916 1945 1070 2012 τάξιν
1093 1945 1272 2015 ἔλαχε,
1303 1945 1442 2014 μετὰ
1462 1946 1560 2013 τὴν
1579 1943 1959 2014 πρεσϐυτέραν

397 2035 618 2105 Ῥώμην
671 2036 913 2105 ταχθεὶς,
961 2037 1057 2090 καὶ
1105 2037 1216 2090 τῶν
1268 2036 1472 2106 ἐτέρων
1499 2036 1557 2090 δὲ
1614 2035 1956 2107 προκριθείς.

407 2125 569 2178 Ἀλλά
609 2129 702 2179 καὶ
727 2129 755 2179 6
790 2127 958 2197 μέγας
1003 2128 1353 2198 Ἀμφιλόχιος
1382 2128 1495 2199 (58)
1526 2129 1648 2182 τότε
1688 2128 1838 2198 ἠξίου
1869 2127 1960 2180 τὸν

388 2215 612 2285 βασιλέα
651 2217 970 2286 ἐξελαθῆναι
1027 2218 1128 2288 τῆς
1161 2219 1372 2281 πόλεως
1424 2221 1552 2281 τοὺς
1620 2219 1959 2288 Ἀρειανοὺς,

384 2301 474 2357 οά
501 2305 592 2358 τὸν
624 2304 750 2358 Υίὸν
781 2305 874 2358 τοῦ
928 2305 1062 2358 Θεοῦ
1118 2305 1603 2376 βλασφημοῦντας,
1647 2305 1843 2377 ῆτέως
1885 2305 1961 2377 μὴ

390 2395 840 2464 παραχωρεῖσθαι
875 2395 1121 2462 συνάξεις
1166 2399 1366 2450 ποιεῖν.
1428 2396 1517 2458 Ὠς
1556 2396 1611 2449 δὲ
1649 2395 1796 2465 νωθῆ
1825 2395 1962 2465 πρὸς

383 2485 541 2538 τοῦτο
569 2485 715 2564 ἐώρα
741 2484 832 2538 τὸν
869 2486 1174 2548 Θεοδόσιον,
1219 2486 1469 2555 φυλάξας
1500 2487 1715 2554 καιρὸν,
1750 2485 1838 2536 ὅτε
1866 2484 1963 2550 καὶ

393 2578 422 2626 6
459 2575 740 2646 Ἀρκάδιος
767 2577 1130 2647 συνεδριάζων
1156 2572 1224 2648 ἦν
1253 2575 1332 2646 τῷ
1366 2575 1554 2645 πατρὶ,
1585 2573 1826 2644 εἰσῆλθε,
1856 2575 1954 2628 καὶ

385 2661 463 2734 τῷ
494 2664 594 2733 μὲν
643 2664 908 2733 Θεοδοσίῳ
953 2667 1050 2736 τὴν
1098 2666 1482 2736 προσήκουσαν
1534 2665 1831 2735 ἀπένειμεν
1885 2664 1962 2728 ὡς

395 2755 607 2824 βασιλεῖ
627 2757 724 2810 καὶ
743 2757 1048 2828 πρόσρησιν
1077 2760 1170 2811 καὶ
1191 2757 1562 2828 προσκύνησιν
1583 2771 1597 2788 ο
1622 2761 1759 2826 πρὸς
1789 2757 1846 2810 δέ
1865 2757 1959 2810 τὸν

400 2845 678 2918 Ἀρκάδιον
709 2849 923 2918 ἀμελῶς
947 2849 1118 2913 οὕτως
1145 2848 1248 2918 ἔφη
1269 2865 1284 2881 ο
1313 2850 1550 2917 Χαίροις
1576 2847 1799 2913 καὶσὺ,
1830 2866 1953 2905 παι-

385 2937 538 2991 δίον.
551 2939 964 3010 Χαλεπήναντος
989 2941 1048 2994 δέ
1081 2939 1172 2993 τοῦ
1208 2939 1467 3009 βασιλέως
1486 2941 1580 2994 ἐπὶ
1609 2946 1675 3011 τῇ
1715 2943 1807 2994 τοῦ
1844 2941 1962 2995 υίοῦ

388 3031 805 3100 καταφρονήσει,
828 3027 946 3085 εἶτά
975 3047 1139 3101 φησιν
1169 3032 1198 3084 6
1219 3031 1396 3099 ἅγιοςο
1419 3031 1504 3084 Σὺ
1522 3031 1637 3101 μὲν
1655 3032 1964 3100 ἅνθρωπος

2063 1831 2286 1911 Filium‘
2328 1831 2616 1914 maledici.
2677 1851 2813 1905 urbe
2862 1831 3238 1919 pelIerentur,
3289 1852 3383 1898 aut
3438 1843 3632 1896 saltem

2060 1953 2367 2001 conventus
2446 1943 2649 2012 agitare
2713 1939 3156 2010 prohiberentur.
3223 1933 3360 1989 Cum
3445 1941 3632 1986 autem

2061 2053 2283 2112 segnem
2333 2035 2403 2091 ad
2463 2034 2517 2094 id
2560 2031 2772 2089 videret
2815 2045 2935 2084 esse
2987 2026 3389 2089 Theodosium,
3448 2032 3636 2092 capta-

2064 2143 2119 2187 to
2175 2141 2457 2198 tempore,
2517 2140 2626 2195 quo
2674 2125 2842 2178 etiam
2889 2121 2995 2191 37
3064 2117 3332 2172 Arcadius
3392 2115 3534 2184 patri
3576 2113 3632 2166 in

2061 2219 2301 2276 concilio
2331 2213 2636 2277 assidebat,
2680 2209 2993 2265 Theodosio
3041 2206 3264 2276 quidem
3301 2205 3634 2258 convenien-

2063 2320 2172 2366 tem
2224 2311 2489 2364 honorem
2524 2303 2738 2368 habuit,
2788 2309 2850 2356 ut
2891 2298 3237 2369 imperatori,
3279 2311 3403 2350 cum
3448 2293 3633 2350 verbis

2064 2412 2179 2458 tum
2205 2400 2486 2472 gestibus:
2518 2395 2586 2450 ad
2620 2393 2916 2449 Arcadium
2953 2403 3138 2445 autem
3181 2387 3509 2456 simpliciter
3556 2383 3633 2436 ita

2062 2493 2238 2557 dixit,
2293 2489 2449 2545 Salue
2508 2496 2557 2540 et
2617 2494 2692 2550 tu,
2745 2484 2849 2553 ﬁli.
2906 2484 3248 2552 Imperatore
3312 2486 3494 2532 autem
3530 2475 3630 2528 lilii

2063 2591 2436 2652 contemptum
2480 2579 2717 2650 graviter
2765 2576 3014 2637 ferente,
3050 2573 3134 2626 vir
3192 2579 3458 2625 sanctus:
3519 2567 3633 2632 Tu,

2062 2676 2256 2746 inquit,
2310 2690 2428 2727 cum
2473 2674 2628 2726 homo
2687 2669 2794 2734 sic,
2837 2667 2914 2719 tui
2956 2663 3058 2733 ﬁlii
3103 2661 3395 2732 neglectum
3454 2659 3633 2721 iniquo

2065 2768 2246 2819 animo
2284 2763 2476 2816 tulisti.
2519 2759 2688 2813 Deum
2723 2773 2844 2812 vero
2890 2772 2996 2810 non
3041 2754 3309 2808 existimas
3337 2750 3636 2804 abominari

2065 2873 2151 2910 cos
2185 2864 2233 2910 et
2269 2855 2458 2916 odisse,
2501 2852 2590 2922 qui
2635 2849 2776 2903 Filio
2823 2849 2935 2918 ejus
2983 2847 3250 2916 unigenito
3290 2842 3632 2904 maledicunt,

2066 2962 2233 3018 neque
2277 2947 2438 3000 irasci
2499 2943 2564 2997 iis
2628 2941 2719 3010 qui
2777 2955 2862 2992 eos
2924 2940 2979 2991 in
3036 2946 3167 2990 cortu
3223 2934 3635 2989 orthodoxarum

2067 3039 2293 3099 uersari,
2349 3051 2410 3089 ac
2443 3032 2637 3087 multos
2683 3044 3023 3100 corrumpere
3063 3027 3358 3097 patiuntur.
3385 3023 3640 3078 Admira~

385 3118 606 3186 ὢν,τὴν
617 3119 1190 3192 τοῦπαιδὸςὰτιμίαν
1203 3122 1310 3177 τοῦ
1325 3121 1443 3176 σοῦ
1457 3122 1656 3190 πράως
1673 3127 1782 3178 οὐκ
1800 3124 1960 3196 ἤνεγ-

2074 3139 2162 3184 tus
2199 3128 2364 3199 igitur
2397 3125 2500 3179 viri
2533 3122 2708 3179 sancti
2751 3121 3046 3176 artiﬁcium
3069 3160 3084 3185 ,
3131 3118 3357 3172 decreto
3395 3129 3638 3170 conven-

389 3226 520 3273 κιις.
561 3211 682 3264 Οἴει
711 3211 780 3264 δὲ
803 3212 909 3265 τὸν
947 3213 1095 3267 Θεὸν
1115 3212 1256 3279 τοὺς
1277 3212 1385 3266 τὸν
1408 3213 1644 3268 ἐκείνου
1666 3215 1970 3284 μονογενῆ

389 3299 578 3353 Παῖδα
601 3301 1124 3370 ,βλασφημοῦντας
1165 3302 1249 3371 μὴ
1275 3303 1718 3366 ,βδελύττεσθαι
1751 3321 1815 3358 τε
1859 3305 1969 3359 καὶ

392 3389 862 3458 ἀπεχθάνεσθαι,
896 3391 1040 3460 μηδ’
1083 3391 1414 3462 ὀργίζεσθαι
1451 3411 1602 3450 κατα
1636 3397 1756 3448 τῶν
1782 3397 1969 3465 ἐκχω-

387 3482 658 3549 ρούντων
687 3482 962 3548 ἐκείνους
1021 3484 1148 3550 τοῖς
1181 3485 1526 3553 όρθοδόξοις
1557 3488 1972 3555 συναναστρέ-

391 3576 609 3640 φεσθαι
640 3574 739 3628 καὶ
783 3574 1149 3645 διαφθείρειν
1202 3578 1512 3644 πολλούς;
1543 3579 1844 3648 θαυμάσας
1880 3577 1972 3632 οῦν

391 3665 488 3717 ἐπὶ
511 3667 578 3736 τῇ
607 3666 818 3738 μεθόδῳ
857 3666 950 3721 τοῦ
998 3668 1158 3736 ἁγίου
1180 3669 1210 3722 6
1237 3667 1512 3738 βασιλεὺς,
1569 3669 1804 3740 δόγματι
1843 3671 1972 3734 τοὺς

391 3757 502 3810 τῶν
535 3759 834 3828 αἱρετικῶν
859 3759 1150 3828 συλλόγους
1181 3761 1484 3815 κεκώλυκε.
1518 3760 1623 3814 Τὸν
1653 3762 1970 3817 τελευταῖον

391 3848 448 3901 δέ
479 3851 893 3920 τυραννήσαντα
927 3851 1208 3904 καθελόντι
1243 3851 1500 3920 Εὐγένιον
1549 3851 1725 3920 τούτῳ
1759 3851 1838 3921 τῷ
1872 3850 1969 3922 βα-

395 3943 554 4004 σιλεῖ,
585 3941 618 4010 ἡ
655 3941 756 3993 τῶν
801 3941 1086 4007 Ῥωμαίων
1131 3941 1273 4012 ἀρχὴ
1301 3943 1657 4012 περιελήλυθε
1684 3943 1968 4013 ξύμπασα,

395 4032 486 4083 καὶ
502 4030 835 4100 ἀνηγόρευσε
857 4032 984 4094 τοὺς
1010 4031 1103 4086 δύο
1130 4034 1283 4092 υἱοὺς
1309 4033 1472 4086 αὐτοῦ
1499 4033 1762 4101 βασιλεῖς.
1787 4034 1971 4089 Θέλων

393 4119 450 4171 δέ
485 4121 779 4188 μετασχεῖν
809 4120 1008 4183 αὐτοὺς
1035 4121 1131 4174 καὶ
1151 4122 1252 4192 τῆς
1275 4124 1334 4175 ἐν
1371 4123 1552 4191 λόγοις
1597 4125 1847 4188 παιδείας
1875 4126 1973 4179 καὶ

392 4215 492 4281 τῆς
511 4214 567 4264 ἐν
596 4213 805 4280 ἤθεσιν,
827 4214 893 4266 ἐκ
933 4213 1152 4284 Ῥώμης
1173 4217 1347 4286 ἤγαγε
1375 4215 1466 4270 τὸν
1491 4217 1667 4287 μέγαν
1697 4218 1974 4288 Ἀρσένιον

392 4305 491 4372 τῆς
529 4305 646 4356 ἐκεῖ
679 4304 1008 4373 Ἐκκλησίας
1061 4305 1192 4360 ὄντα
1224 4307 1503 4374 διάκονον,
1546 4308 1640 4362 ἐπὶ
1689 4309 1872 4377 λόγοις
1911 4325 1973 4362 τε

2072 3221 2238 3277 tieula
2265 3218 2647 3273 haereticorum
2671 3213 2915 3269 sustulit.
2938 3211 3134 3267 Amoto
3152 3217 3332 3263 autem
3357 3215 3638 3276 postremo

2070 3324 2304 3386 tyranno
2350 3311 2620 3380 Eugenio,
2675 3314 2790 3361 toto
2833 3305 3082 3358 Romano
3121 3300 3352 3369 imperio
3403 3302 3636 3367 potitus,

2070 3407 2210 3462 duos
2243 3403 2386 3459 ﬁlios
2435 3415 2566 3456 suos
2600 3399 2964 3468 imperatores
2992 3391 3311 3462 appellavit,
3341 3403 3482 3459 quos
3511 3401 3636 3440 cum

2067 3496 2271 3553 litteris
2307 3503 2365 3550 et
2404 3490 2654 3547 moribus
2684 3487 2896 3542 erudiri
2939 3486 3126 3546 vellet,
3176 3497 3432 3554 magnum
3456 3480 3640 3536 -Arse-
3743 3476 3746 3478 ’

2070 3589 2246 3652 nium,
2276 3585 2464 3640 Romae
2486 3581 2747 3638 Ecclesiae
2788 3579 3104 3637 diaconum,
3139 3575 3320 3629 virum
3364 3581 3420 3628 et
3451 3571 3638 3628 erudi-

2073 3683 2220 3738 tione
2245 3690 2300 3736 et
2323 3680 2527 3734 virtute
2544 3675 2818 3731 celebrem
2849 3671 3104 3733 accersit,
3127 3669 3270 3722 ﬁlios
3295 3667 3482 3729 tradit,
3509 3656 3637 3719 cuni

2070 3773 2152 3827 eis
2215 3786 2325 3825 non
2388 3777 2449 3822 ut
2503 3763 2973 3832 imperatoribus.
3033 3759 3127 3814 sed
3187 3768 3247 3812 ut
3307 3756 3538 3827 plebeiis
3584 3763 3640 3810 ct

2071 3860 2395 3928 vulgaribus
2422 3871 2590 3926 agerc
2619 3854 2816 3923 jubet,
2851 3851 3039 3920 ﬂagris
3068 3849 3234 3902 etiam
3271 3847 3554 3907 adhibitis,
3593 3845 3638 3898 si

2072 3952 2414 4022 negligentes
2443 3961 2539 4000 eos
2562 3959 2706 4006 esse,
2748 3952 2845 3996 aut
2878 3941 2946 3995 ab
2984 3940 3162 3994 oﬂicio
3191 3939 3455 3992 decedere
3485 3936 3640 3989 vide-

2073 4043 2181 4105 rit,
2217 4048 2274 4094 et
2313 4040 2475 4110 plane
2507 4051 2611 4105 pro
2645 4035 2760 4090 suis
2790 4033 2916 4087 [iliis
2957 4039 3212 4084 tractare.
3258 4029 3337 4083 Ac
3385 4042 3640 4096 magnum

2071 4133 2302 4189 Arsenio
2355 4131 2621 4185 honorem
2670 4125 2904 4190 habuit,
2941 4135 3303 4192 magnamque
3347 4119 3641 4190 pecuniam

2073 4225 2320 4280 donavlt.
2355 4223 2406 4277 ls
2445 4220 2633 4291 pueris
2666 4218 2719 4271 in
2751 4217 2914 4272 sellas
2963 4215 3270 4276 collocatis,
3320 4226 3444 4266 cum
3491 4218 3642 4264 stans

2075 4328 2306 4370 munere
2375 4309 2729 4382 praeceptoris
2793 4307 3135 4376 fungeretur,
3196 4305 3496 4372 imperator
3545 4301 3642 4355 ali-

394 4396 490 4448 καὶ
516 4396 688 4466 ἀρετῇ
719 4396 1045 4466 περιϐόητον
1064 4413 1080 4430 ο
1121 4397 1216 4450 καὶ
1247 4397 1395 4468 αύτῷ
1425 4400 1554 4463 τοὺς
1577 4400 1775 4462 παῖδας
1825 4417 1960 4471 παρ-

2077 4403 2299 4474 quando
2345 4403 2413 4456 de
2452 4399 2752 4469 improviso
2776 4397 3076 4465 ingressus,
3109 4405 3171 4448 ut
3216 4407 3417 4464 pueros
3447 4393 3642 4446 seden-

394 4487 586 4549 ἐδωκε,
621 4486 696 4556 μὴ
727 4487 801 4548 ὡς
831 4485 1145 4556 βασιλεῦσιν
1186 4490 1393 4554 αὐτοῖς,
1423 4490 1539 4544 ἀλλ’
1594 4490 1672 4554 ώς
1731 4470 1960 4555 ἰδιώταις

2074 4470 2178 4560 tes,
2218 4492 2510 4548 Arsenium
2549 4496 2786 4544 stantem
2829 4485 3214 4556 deprehendit,
3254 4497 3458 4554 pueros
3499 4489 3642 4536 astas

395 4577 632 4639 καὶτοῖς
688 4579 913 4646 τυχοῦσι
981 4579 1388 4649 προσφέρεσθαι
1445 4581 1846 4661 ἐντειλάμενος,
1876 4583 1960 4636 καΊ

2075 4600 2156 4651 re,
2205 4582 2498 4638 Arsenium
2531 4579 2810 4634 sedentem
2839 4576 3037 4630 docere
3063 4575 3248 4644 jussit,
3293 4571 3439 4642 quod
3477 4571 3547 4626 ab
3573 4585 3640 4626 eo

401 4671 686 4740 μαστίζειν
715 4671 765 4724 εἰ
784 4671 1116 4742 ἀμελοῦντας
1143 4673 1312 4743 ὁρῴη,
1346 4674 1380 4744 ἢ
1414 4673 1773 4745 παρεξιόντας
1801 4692 1856 4730 τι
1875 4675 1960 4730 τοῦ

2074 4684 2325 4748 tempore
2370 4673 2449 4727 illi
2481 4671 2872 4725 observarunt.
2921 4665 3190 4721 Arcadius
3243 4673 3426 4719 autem
3468 4663 3641 4732 plagis

395 4761 746 4829 καθήκοντος,
771 4763 864 4816 καὶ⁵
885 4760 1191 4827 ὥςοίκείοις
1219 4764 1422 4826 τούτοις
1453 4764 1754 4834 κεχρῆσθαι
1789 4767 1960 4820 παισί.

2073 4765 2368 4836 aliquando
2417 4763 2489 4818 ob
2517 4763 2782 4816 delictum
2833 4760 3072 4828 acceptis
3130 4759 3342 4822 iratus,
3412 4757 3642 4810 insidias

397 4850 574 4918 Τιμῆς
602 4851 657 4904 δὲ
694 4853 937 4921 μεγάλης
998 4854 1199 4923 ἠξίωσε
1247 4853 1341 4907 τὸν
1402 4856 1681 4925 ’Λρσένιον
1721 4855 1834 4926 (59)
1872 4857 1960 4910 καὶ

2070 4855 2398 4929 praeceptori
2433 4862 2737 4923 comparat,
2773 4851 2841 4905 de
2869 4865 2936 4905 eo
2962 4848 3266 4903 occidendo
3295 4847 3513 4902 assidue
3549 4862 3642 4902 co-

400 4939 504 5046 ipf}
515 4955 650 5007 μασι
672 4943 1118 4998 κατεπλούτισεν.
1155 4943 1216 4997 '0
1245 4944 1302 4996 δὲ
1329 4945 1454 5008 τοὺς
1481 4947 1678 5009 παῖδας
1717 4947 1960 5016 παραλα-

2070 4951 2268 5020 gitans,
2302 4961 2627 5018 percussore
2654 4939 3108 4999 subornato.'Sed
3141 4940 3429 5002 Arsenius,
3459 4939 3640 4994 eonsi-~

402 5027 514 5082 ϐὼν
559 5033 798 5096 ἐκείνους
850 5033 950 5104 μὲν
995 5035 1090 5089 ἐπὶ⁹
1115 5034 1328 5107 θρόνων
1385 5035 1662 5103 ἐκάθιζεν,
1711 5038 1877 5102 αὐτὸς
1917 5037 1960 5092 δ’

2069 5040 2146 5094 lio
2201 5039 2322 5110 ejus
2353 5037 2596 5106 cognito,
2635 5035 2774 5090 clam
2809 5027 2960 5101 regis
3003 5045 3299 5101 egressus,
3350 5027 3532 5082 Scetin
3579 5041 3640 5082 se

1567 5192 1772 5256 Varia
1799 5193 2105 5258 lectiones
2145 5199 2209 5256 et
2248 5201 2438 5259 notae.

472 5357 582 5427 (55)
623 5361 738 5425 Τῆς
766 5357 1472 5427 καθολικῆςἜκκλησίας
1519 5358 1844 5427 ἐξέκοψαν-τ
1881 5359 1960 5414 Ita

2062 5375 2156 5423 vu,
2187 5375 2238 5416 c.
2273 5363 2326 5415 7.
2612 5426 2618 5427 ί
2789 5423 2889 5427 ____
3099 5421 3112 5427 _
3291 5421 3319 5427 _
3549 5384 3555 5391 '

399 5417 576 5510 eadem
602 5417 931 5510 Sophianam
966 5417 1264 5510 indigitat,
1312 5417 1378 5510 ut
1417 5417 1765 5510 yicepho‘rus
1811 5417 1962 5510 Con:-
2105 5417 2242 5510 A(’_57)
2280 5432 2418 5510 Τόεε
2515 5426 2748 5510 θρόνος.
2788 5423 2926 5510 Vide
2953 5421 3233 5510 Allatium,
3263 5421 3354 5510 IDe
3389 5435 3640 5501 consensu

401 5489 804 5568 stantinopolit.
853 5499 908 5568 in
966 5489 1257 5568 Breviario'
1279 5497 1382 5568 sub
1415 5496 1508 5568 lin.
1538 5489 1772 5568 προόδου
1820 5499 1960 5550 κατά
2058 5489 2329 5568 utriusque
2354 5497 2496 5552 Eccl.
2525 5489 2819 5568 Morinum,
2845 5493 3104 5568 blarcam,
3135 5502 3191 5545 et
3229 5489 3563 5568 al._pas_sim.

402 5564 463 5646 τὸ
500 5557 816 5646 είιηθὸςιέπὶ.
838 5566 939 5635 τὴν
962 5566 1267 5646 καθολικὴν
1285 5557 1620 5646 Ἐκκλησίαν
1637 5567 1960 5646 γενομένης,

2062 5636 2073 5646 _
2133 5557 2253 5634 (58).
2295 5562 3028 5646 Ἀμφέεῇόχιρς..Τὴεοᾰοτὶἑ.
3054 5561 3173 5646 Ιλν,
3195 5576 3246 5615 c.
3280 5557 3384 5625 Hi;
3415 5557 3634 5614 Socrat.

403 5630 669 5720 ύπατείαν
697 5629 982 5705 ἐποίησαν.
1012 5634 1148 5690 Vide
1207 5629 1384 5689 Gloss.
1447 5629 1592 5688 med.
1645 5629 1862 5688 Graecit.
1895 5629 1960 5689 'in

2062 5636 2098 5690 Ι.
2134 5629 2863 5720 virgo“;{plicephhluxiu
2897 5645 2947 5684 c.
2983 5629 3128 5720 θὼρ.

404 5701 702 5768 Καθολική.
841 5695 852 5705 ’

2133 5695 2247 5770 (59)
2284 5695 2605 5770 ’Apo-éwoi.
2645 5701 2883 5770 Cedren.
2913 5714 2967 5768 p.
2988 5699 3126 5770 527,
3159 5697 3283 5752 528.
3307 5697 3380 5770 De
3407 5695 3631 5770 Arsenii

475 5770 582 5841 (56)
615 5771 956 5842 Νεκτάριος.
1001 5773 1212 5830 Socrat.
1255 5773 1294 5828 Ι.
1330 5788 1382 5838 v,
1418 5788 1466 5829 c.
1495 5771 1556 5839 6;
1588 5771 1881 5827 Sozomen.
1913 5773 1951 5826 l.
2060 5767 2349 5828 sanctitate
2377 5782 2542 5840 agunt
2573 5785 2681 5826 non
2703 5769 2872 5826 semel
2895 5767 3192 5836 scriptorcs
3229 5767 3606 5824 ecclesiastici.
