4026 6412
450 361 590 424 1179
1709 355 2032 420 JOANNIS

2144 349 2390 412 lNARIE
3520 342 3688 408 1130

445 467 499 522 in
532 469 698 523 vitam
729 467 1032 524 solitariam
1061 467 1333 533 contulit,
1363 467 1584 536 ibique,
1638 466 1813 520 instar
1836 463 2012 535 angell

2149 459 2366 531 στηκὼς
2427 457 2666 528 ἐπλήρου
2715 456 2814 528 τὴν
2877 455 3231 511 διδασκαλίαν
3293 456 3499 518 αὐτοῖς.
3578 458 3709 510 Καί

445 559 601 612 vixit.
638 559 983 615 Theodosius
1012 569 1196 615 autem
1231 560 1532 627 imperator
1561 573 1687 612 eum
1719 556 2012 626 diligenter

2144 571 2250 608 τοτε
2278 552 2475 622 ἀθρόον
2500 551 2684 614 αὐτοῖς
2705 552 2732 604 6
2763 549 3016 619 βασιλεὺς
3034 549 3284 616 ἐπιστὰς,
3310 548 3407 602 καὶ
3441 548 3576 610 τοὺς
3609 546 3728 616 μὲν

447 651 771 721 inquisitum
822 666 1096 722 nusquam
1161 651 1418 719 reperit,
1487 656 1543 704 et
1598 645 1892 702 Mediolani
1945 661 2013 701 ex

2144 643 2464 715 εαθημένους
2525 642 2723 713 εὑρὼν,
2783 641 3068 711 ἱστάμενον
3118 642 3174 694 δὲ
3254 640 3346 695 τὸν
3389 640 3725 708 Ἀρσένιον,

448 740 642 792 morbo
697 740 953 803 moritur,
1002 756 1147 793 anno
1204 738 1422 807 imperii
1481 737 1695 792 decimo
1756 735 2012 805 septimo,

2144 736 2499 806 ιγανάκτησε,
2524 735 2621 787 καὶ
2659 734 2787 796 τοὺς
2828 733 2928 803 μὲν
2962 733 3157 796 παῖδας
3203 731 3312 784 τῶν
3363 730 3579 800 θρόνων
3638 728 3729 792 ἐξ·

451 843 620 896 supra
645 845 861 884 menses
883 830 1128 900 quinque
1150 869 1165 894 ,
1204 845 1272 882 eo
1311 829 1456 883 inter
1480 827 1620 881 duos
1647 826 1787 880 filios
1814 824 2013 878 diviso.

2144 826 2455 895 ιναστήσας,
2493 825 2726 888 καθίσας
2777 826 2834 878 δὲ
2891 826 2982 879 τὸν
3045 826 3348 894 ’Δρσένιον,
3381 823 3527 876 οὕτω
3562 821 3733 875 διδα-

448 919 686 973 Arcadio
729 936 871 975 nova
923 922 1097 975 Roma
1144 921 1406 976 attributa
1445 929 1530 974 est
1583 933 1706 974 cum
1767 913 2017 971 ﬁnitimis

2144 919 2274 969 rxsi'v
2302 916 2500 979 αὐτοὺς
2549 916 2853 981 διετάξατο.
2909 916 3020 970 Καὶ
3052 911 3193 984 ἦσαν
3244 915 3432 968 ἔκτοτε
3492 915 3542 967 oi
3615 912 3731 982 μὲν

453 1011 770 1079 regionibus
785 1022 842 1066 et
862 1010 1025 1067 Orien
1035 1012 1123 1067 tali
1149 1020 1332 1082 parte;
1351 1010 1615 1075 Honorio,
1640 1009 1814 1064 Roma
1832 1017 2019 1061 vetere

2144 1008 2477 1079 παρεστῶτες
2514 1009 2592 1080 τῷ
2635 1007 2967 1079 διδασκάλῳ,
2999 1009 3026 1060 ὁ
3053 1007 3108 1061 δέ
3139 1007 3409 1061 διδάσκων
3449 1004 3604 1074 καθὴ
3620 1021 3732 1071 με·

451 1103 772 1172 raeterisque
829 1102 1276 1160 Occidentalibus
1311 1102 1615 1174 provinciis
1653 1099 1965 1170 assignatis.

2144 1115 2238 1161 ρος.
2277 1099 2417 1152 Ποτέ
2455 1098 2637 1152 τοίνυν
2690 1098 3104 1168 παρασιραλέντι
3157 1096 3234 1165 τῷ
3292 1095 3570 1165 Ἀρκαδίῳ
3613 1093 3732 1159 μά-

455 1211 648 1261 στιγας
709 1195 972 1250 ἐνέτεινεν
1015 1199 1042 1250 ό
1070 1195 1410 1258 διδάσκαλος.
1485 1194 1542 1249 '0
1571 1194 1629 1248 δέ
1685 1192 1890 1264 μηνιῶν
1935 1190 2026 1244 διὰ
2063 1191 2269 1253 ταύτας
2329 1189 2480 1268 αὐτῷ
2528 1189 2824 1262 ἐπιϐουλὴν
2873 1189 3155 1260 συντίθησι
3209 1189 3330 1242 κατ’
3399 1186 3581 1240 αὐτοῦ
3628 1186 3736 1239 καὶ

453 1295 662 1346 κτεῖναι
714 1293 806 1344 τὸν
861 1291 1030 1361 ἄνδρα
1089 1291 1462 1362 διεμελέτησε,
1515 1291 1610 1344 καὶ
1663 1288 1755 1343 τὸν
1807 1288 2021 1356 σφαγέα
2060 1285 2354 1355 ἡτοίμαζε.
2405 1286 2574 1350 Γνοὺς
2626 1285 2684 1340 δὲ
2743 1285 2804 1340 τὸ
2871 1285 3251 1357 μελετώμενον
3307 1287 3336 1337 6
3398 1283 3730 1351 Ἀρσένιος,

452 1387 628 1457 λάθρα
669 1386 780 1440 τῶν
866 1386 1155 1456 βασιλείων
1225 1385 1658 1458 ὑπανεχώρησεο
1715 1383 1811 1439 καὶ
1863 1383 1943 1446 είς
1997 1379 2098 1450 τὴν
2136 1381 2337 1451 Σκῆτιν
2387 1378 2674 1447 ἀπελθὼν,
2731 1380 2829 1450 τὴν
2883 1383 3094 1452 μονήρη
3145 1380 3290 1450 ζωὴν
3344 1377 3558 1446 ὑπῆλθε
3629 1378 3736 1429 καὶ

458 1476 744 1542 ἰσάγγελος
801 1477 1018 1546 γέγονε.
1053 1477 1263 1549 Πολλὴν
1285 1478 1343 1533 δέ
1372 1478 1540 1532 αὐτοῦ
1576 1477 1804 1547 θέμενος
1880 1473 2112 1544 ζήτησιν
2175 1475 2204 1526 6
2273 1471 2529 1542 βασιλεὺς
2568 1475 2851 1539 Θεοδόσιος
2923 1477 3026 1530 οὐκ
3083 1477 3228 1544 ἐγνω
3285 1475 3409 1527 ὅποι
3461 1475 3574 1541 γῆς
3633 1466 3733 1539 ἦν.

454 1566 709 1637 Νοσήσας
759 1568 807 1622 δ’
858 1563 1016 1632 οὗτος
1053 1571 1081 1623 6
1150 1570 1408 1640 βασιλεὺς
1457 1569 1516 1622 ἐν
1560 1566 1918 1628 Μεδιολάνοις
1991 1563 2106 1633 (60)
2148 1563 2451 1635 μετήλλαξε
2503 1565 2604 1636 τήν
2658 1566 2824 1638 ζωὴν,
2861 1567 3236 1622 ἑπτακαίδεκα
3283 1565 3379 1634 ἐτη
3425 1564 3528 1633 τὴν
3567 1563 3735 1631 βασι-

451 1650 608 1710 λείαν
648 1658 856 1725 ίθύνας,
893 1661 986 1713 ἐπὶ
1020 1660 1176 1713 πέντε
1213 1661 1388 1731 μησί·
1445 1661 1678 1730 μερίσας
1714 1658 1772 1712 δέ
1821 1655 2031 1726 ταύτην
2069 1656 2183 1719 τοῖς
2248 1653 2400 1709 δυσὶν
2451 1657 2626 1711 υἱέσιν
2691 1657 2880 1723 αὐτοῦ,
2929 1658 3128 1726 καὶτῷ
3185 1658 3284 1727 μὲν
3313 1655 3597 1724 Ἀρκαδίῳ
3633 1656 3736 1722 τὴν

456 1756 600 1808 Νέαν
631 1754 936 1822 ἀπονείμας
972 1753 1215 1822 Ῥώμην,
1247 1754 1430 1809 καὶτὰ
1466 1752 1596 1823 περὶ
1620 1751 1810 1822 αὐτὴν,
1839 1748 1932 1804 καὶ
1966 1748 2028 1802 τὸ
2064 1746 2200 1817 ἑῷον
2226 1749 2440 1818 τμῆμα,
2470 1750 2549 1821 τῷ
2577 1752 2821 1823 Ὀνωρίῳ
2841 1751 2900 1806 δὲ
2931 1752 3027 1824 τὴν
3055 1752 3432 1824 πρεσϐυτέραν
3495 1751 3735 1824 Ῥώμην

456 1847 890 1917 προσκληρώσσς
915 1847 1007 1901 καλ⁵
1037 1847 1105 1901 τὰ
1141 1847 1405 1917 Ἐσπέρια
1428 1848 1600 1900 ὁπόσα
1639 1841 1938 1913 Ῥωμαίοις
1955 1835 2096 1910 ἦσαν
2122 1839 2362 1910 ὑπήκοα.

523 1938 642 1993 XX.
692 1937 930 2008 Imperio
961 1939 1336 1992 Romanorum
1368 1939 1451 1994 sic
1481 1938 1626 1993 inter
1645 1933 1942 1991 Theodosii
1968 1934 2030 1988 ll-

2201 1935 2288 1990 ις’.
2320 1935 2477 1990 Οὕτω
2513 1937 2937 2009 διανεμηθείσης
2974 1939 3088 2002 τοῖς
3118 1937 3212 1994 τοῦ
3256 1938 3544 1992 Θεοδοσίου
3591 1941 3732 2004 υἱοῖς

455 2030 559 2084 lios
587 2030 784 2088 diviso.
821 2045 974 2084 suam
1007 2039 1239 2099 uterque
1269 2041 1478 2101 partem
1506 2030 1865 2101 gubernabat.
1889 2029 2027 2085 Cum

2144 2029 2234 2098 τῆς
2261 2028 2370 2081 τῶν
2411 2028 2695 2099 Ῥωμαίων
2714 2029 3030 2099 ἡγεμονίας.
3055 2024 3194 2102 ἦρχε
3217 2030 3318 2098 τῆς
3349 2029 3564 2094 οἰκείας
3607 2031 3730 2098 μοί-

457 2133 643 2176 autem
677 2121 992 2184 rescissent,
1033 2138 1286 2193 magnum
1314 2123 1606 2179 Arsenium
1640 2123 1829 2178 Scethi
1862 2123 2028 2177 vitam

2144 2134 2236 2180 ρας
2268 2117 2549 2186 ἑκάτερος,
2578 2117 2672 2170 καὶ
2696 2117 2913 2185 γνόντες
2941 2119 3018 2181 ώς
3052 2119 3111 2172 ἐν
3133 2123 3198 2191 τῇ
3233 2121 3427 2188 Σκήτει
3465 2120 3731 2187 μονάζων

457 2227 616 2279 agere
633 2213 951 2274 solitariam,
975 2213 1084 2286 38
1095 2215 1392 2283 saepissime
1409 2231 1508 2286 per
1529 2217 1740 2272 litteras
1765 2217 1834 2272 ab
1853 2233 1920 2272 eo
1936 2232 2031 2286 pe-

460 2303 690 2365 tierunt,
717 2312 778 2357 ut
802 2313 926 2358 vota
967 2321 1065 2374 pro
1088 2306 1222 2374 ipsis
1255 2307 1480 2372 faceret,
1513 2307 1748 2363 Arcadio
1771 2309 2026 2378 privatim

460 2409 489 2446 a
521 2393 639 2448 viro
660 2403 871 2460 sancto,
895 2396 1108 2451 veniam
1129 2405 1368 2466 petente,
1396 2398 1467 2453 ob
1487 2407 1725 2455 structas
1760 2400 1837 2455 illi
1860 2400 2027 2455 etiam

462 2482 712 2545 insidias,
761 2485 964 2541 donato
1006 2487 1154 2542 illius
1192 2489 1322 2544 anni
1366 2489 1573 2544 tributo
1612 2489 1883 2562 Egyptio,
1919 2507 2030 2560 quo

459 2589 562 2629 suo
585 2575 855 2632 arbitratu
885 2587 1154 2634 uteretur.
1182 2578 1252 2636 At
1279 2580 1370 2636 ille
1398 2582 1706 2638 rescribere
1734 2583 2032 2653 imperato-

461 2665 616 2720 ribus
654 2667 854 2733 noluit,
898 2668 991 2724 sed
1024 2669 1234 2740 legatos
1275 2669 1358 2725 eis
1390 2672 1713 2727 renuntiare
1739 2673 1924 2743 jussit,
1971 2687 2030 2728 se

460 2759 676 2828 precari
709 2761 882 2816 Deum
919 2771 978 2818 ut
1011 2763 1120 2819 illis
1159 2764 1375 2819 veniam
1423 2764 1554 2829 det,
1601 2775 1766 2835 atque
1810 2764 2029 2832 eIIiciat,

461 2860 526 2908 ut
552 2853 820 2909 voluntati
842 2855 962 2926 ejus
989 2867 1254 2926 pareant:
1289 2857 1393 2912 sibi
1429 2873 1580 2922 vero,
1613 2859 1709 2929 qui
1735 2859 1845 2929 jam
1870 2874 2032 2915 mun-

461 2947 536 2999 do
573 2957 721 3002 esset
750 2957 1022 3011 mortuus,
1062 2949 1196 3004 nulli
1249 2950 1371 3006 usui
1419 2963 1542 3008 esse
1579 2953 1889 3022 pecuniam.
1923 2953 2032 3008 Ar.

463 3037 653 3094 cadius
672 3041 864 3096 urbem
895 3039 1184 3096 aedificavit
1211 3042 1266 3097 in
1286 3042 1542 3106 Thracia,
1571 3058 1736 3113 quam
1763 3044 2031 3100 Arcadio-

461 3131 629 3200 polim
663 3133 986 3188 nominavit.
1035 3133 1096 3188 In
1127 3133 1447 3204 Xerolopho
1477 3135 1788 3191 columnam
1831 3137 2030 3206 erexit,

463 3218 518 3273 in
553 3235 660 3290 qua
698 3236 852 3278 suam
875 3232 1110 3278 statuam
1136 3224 1452 3279 collocavit.
1481 3224 1738 3281 Nectario
1761 3226 2032 3284 Constan-

465 3313 831 3381 tinopolitano
877 3314 1189 3382 patriarcha
1240 3323 1481 3381 mortuo,
1537 3317 1807 3374 Joannem
1852 3317 2030 3390 Chry-

467 3411 772 3456 sostomum
836 3403 1128 3461 Antiochia
1187 3407 1554 3471 accersitum,
1623 3423 1779 3464 novae
1846 3410 2036 3466 Roma:

463 3493 840 3562 patriarcham
873 3495 1145 3564 designat.
1191 3495 1303 3552 Sed
1345 3513 1471 3552 cum
1514 3498 1784 3556 Arcadius
1848 3500 2038 3557 tardus

460 3593 612 3639 esset
643 3584 896 3656 iustoque
931 3587 1164 3644 mollior.
1200 3587 1269 3642 ab
1307 3604 1477 3644 uxore
1534 3590 1779 3647 Eudoxia
1810 3595 2039 3663 regeba-

467 3685 580 3740 tur,
611 3677 936 3733 muliercula
981 3678 1246 3745 l'erocula,
1283 3689 1340 3736 et
1383 3696 1450 3736 ex
1476 3681 1706 3740 avaritia
1743 3683 2042 3753 iniustissi—

470 3781 558 3820 ma
591 3783 606 3819 :
640 3767 798 3837 cujus
830 3767 1106 3838 cupiditas
1132 3784 1256 3824 cum
1291 3786 1320 3825 a
1352 3785 1551 3841 magno
1589 3772 1682 3828 illo
1713 3784 1868 3843 patre
1900 3774 2041 3830 inhi-

466 3858 720 3920 beretur.
763 3859 1061 3929 aliquando
1091 3862 1258 3917 etiam
1298 3863 1708 3934 obiurgaretur.
1747 3867 2040 3922 iracundia

470 3949 854 4016 inﬂammata,
902 3951 1084 4006 virum
1135 3961 1400 4012 sanctum
1457 3955 1648 4010 ulcisci
1699 3956 1936 4022 studet,
1985 3965 2042 4012 et

471 4040 908 4096 Alexandrinum
939 4041 1309 4112 Theophilum
1339 4045 1714 4115 improbitatis
1741 4062 1854 4102 sum
1879 4056 2042 4103 nacta

484 4133 828 4198 ministrum,
871 4133 1106 4190 Arcadio
1133 4135 1449 4204 persuadet,
1485 4145 1545 4192 ut
1578 4137 1756 4192 virum
1789 4149 2040 4196 sanctum

477 4222 704 4294 releget.
753 4223 849 4280 Sic
877 4225 967 4281 ille
993 4226 1205 4295 ejectus
1230 4227 1488 4293 ecclesia,
1519 4229 1817 4290 relegatur.
1845 4230 1918 4286 At
1946 4246 2045 4300 po-

476 4314 641 4381 pulus
701 4313 964 4376 urbanus,
1015 4317 1214 4384 partim
1265 4317 1490 4386 lugere,
1536 4319 1737 4385 partim
1778 4334 1890 4374 non
1927 4321 2046 4378 sine

476 4401 754 4459 seditione
814 4404 1163 4460 tumultuari.
1216 4405 1338 4472 Quo
1391 4407 1583 4462 tardus
1637 4409 1728 4464 ille
1777 4409 2048 4466 Arcadius

474 4495 694 4564 cognito
718 4535 734 4559 ,
781 4495 1048 4551 Joannem
1080 4498 1337 4554 celeriter
1365 4500 1610 4554 revocari
1636 4501 1814 4571 jubet.
1863 4502 2047 4558 Revo-

2134 2205 2202 2280 ἦν
2237 2211 2264 2263 6
2310 2210 2485 2278 μέγας
2534 2210 2830 2282 Ἀρσένιος,
2889 2211 3211 2274 πλειστάκις
3257 2211 3408 2281 αὑτῷ
3446 2212 3728 2266 ἐπεστάλ-

2137 2320 2298 2357 κασιν
2356 2301 2613 2372 εὔχεσθαι
2664 2303 2946 2370 ἀξιοῦντες
2989 2305 3132 2370 ὑπὲρ
3185 2303 3383 2358 αὐτῶν.
3447 2303 3505 2358 Ὀ
3553 2305 3618 2357 δέ
3662 2323 3727 2372 γε
3780 2349 3788 2357 .

2150 2396 2435 2468 Ἀρκάδιος
2473 2395 2570 2450 καὶ
2621 2395 2728 2466 ίδίᾳ
2753 2395 2833 2466 τῷ
2869 2395 3008 2465 ἁγίῳ
3035 2395 3338 2459 ἐπέστειλε,
3377 2396 3726 2465 παρακαλῶν

2139 2487 2469 2558 συγγνώμην
2509 2489 2690 2555 νεῖμαι
2721 2487 2871 2557 αὐτῷ
2901 2488 2981 2540 ὅτι
3021 2487 3171 2557 αὐτῷ
3206 2487 3597 2551 ἐπεϐούλευσε,
3630 2488 3726 2540 καὶ

2137 2579 2408 2648 ἐπέτρεπε
2455 2577 2642 2632 λαϐεῖν
2699 2578 2860 2632 αὐτὸν
2907 2579 3001 2632 τὸν
3045 2578 3146 2648 τῆς
3208 2579 3484 2646 Αἰγύπτου
3529 2583 3719 2648 πάσης

2137 2672 2344 2741 δασμὸν
2383 2671 2477 2726 τοῦ
2502 2672 2654 2736 ἐτους
2701 2673 2934 2740 ἐκείνου,
2965 2674 3060 2728 καὶ
3100 2673 3413 2743 χρήσασθαι
3453 2674 3528 2734 ὡς
3561 2675 3720 2742 αὖτῷ

2140 2763 2278 2834 πρὸς
2317 2763 2534 2832 βουλῆς.
2575 2764 2635 2817 '0
2662 2763 2720 2817 δέ
2763 2765 2938 2834 μέγας
2975 2765 3252 2834 Ἀρσένιος
3306 2765 3718 2818 ἀντεπιστεῖλαι

2144 2855 2245 2926 μὶν
2284 2856 2399 2918 τοῖς
2440 2853 2872 2924 αὐτοκράτορσιν
2918 2855 3019 2910 οὐκ
3066 2857 3321 2925 ἠθέλησε,
3368 2858 3484 2915 τοῖς
3530 2856 3582 2908 δ’
3637 2858 3717 2920 είς

2139 2945 2304 3002 αὐτὸν
2360 2945 2742 3000 ἀποσταλεῖσιν
2790 2947 2964 2999 είπεῖν
3008 2947 3192 3011 αὐτοῖς
3238 2947 3540 3001 ἐνετείλατο
3567 2987 3584 3008 .
3637 2949 3716 3002 ὅτι

2154 3038 2215 3093 Ὀ
2259 3038 2396 3101 Θεὸς
2452 3040 2797 3108 συγχωρήσοι
2828 3039 2979 3108 ὑμῖν,
3024 3039 3120 3096 καὶ
3148 3042 3216 3094 τὰ
3249 3041 3413 3094 αὐτοῦ
3447 3041 3716 3112 πράττειν

2143 3131 2359 3201 ποιήσοι
2413 3130 2725 3199 θελήματα’
2767 3131 2891 3199 ἐμοὶ
2921 3131 2978 3183 δὲ
3004 3132 3103 3201 ήδη
3142 3133 3471 3202 νεκρωθέντι
3497 3135 3578 3204 τῷ
3621 3134 3714 3188 κό-

2144 3241 2268 3294 σμῳ
2309 3221 2378 3276 τὰ
2416 3223 2674 3292 χρήματα
2702 3221 2969 3292 ἀχρηστα.
3009 3217 3179 3286 Οὗτος
3216 3227 3244 3278 6
3295 3225 3547 3296 βασιλεὺς
3586 3228 3714 3292 Ἀρ-

2138 3315 2321 3377 κάδιος
2368 3314 2428 3366 ἐν
2463 3316 2528 3382 τῇ
2564 3312 2762 3384 Θρᾴκῃ
2799 3315 2956 3368 πόλιν
2985 3316 3352 3386 οἰκοδομήσας
3396 3317 3709 3386 Ἀρκαδιού-

2138 3406 2292 3459 πολιν
2321 3406 2433 3472 (6|)
2479 3407 2648 3475 αὐτὴν
2677 3406 3021 3476 ἐπωνόμασε.
3067 3409 3180 3462 Καὶ
3213 3409 3305 3462 τὸν
3341 3411 3397 3462 ἐν
3435 3410 3514 3477 τῷ
3549 3411 3701 3479 Ξηρο

2137 3498 2286 3568 λόφῳ
2309 3497 2422 3567 (6‘2)
2457 3498 2714 3566 ἀνήγειρε
2758 3498 2932 3560 κίονα,
2963 3501 3057 3568 καὶ
3101 3503 3188 3554 ἐπ’
3233 3501 3382 3571 αὐτῷ
3420 3503 3708 3571 ἀνδριάντι

2140 3590 2339 3642 οίκεϊον
2368 3588 2633 3658 ἐνίδρυσε.
2661 3587 2767 3642 Τοῦ
2799 3590 3142 3660 πατριάρχου
3191 3592 3248 3645 δέ
3278 3594 3708 3648 Κωνσταντινου-

2142 3680 2350 3740 πόλεως
2377 3679 2683 3749 Νεκταρίου
2717 3679 2994 3747 θανόντος,
3023 3681 3115 3735 τὸν
3149 3683 3385 3751 χρυσοῦν
3421 3685 3524 3754 τὴν
3552 3669 3707 3753 γλῶτ-

2140 3785 2238 3823 ταν
2283 3770 2537 3839 Ἰωάννην
2565 3769 2624 3834 ἐξ
2660 3769 2994 3840 Ἀντιοχείας
3018 3773 3117 3841 τῆς
3155 3772 3391 3841 μεγάλης
3429 3791 3698 3843 μεταστει-

2141 3861 2372 3930 λάμενος
2404 3860 2746 3931 πατριάρχην
2770 3863 2870 3930 τῆς
2895 3863 3043 3926 Νέας
3077 3863 3301 3933 Ῥώμης
3328 3865 3684 3933 προϐάλλεται.

2143 3951 2340 4020 Νωθὴς
2383 3950 2442 4004 δέ
2499 3951 2576 4003 ὢν
2623 3953 2718 4005 καὶ
2759 3951 2856 4019 τὴν
2901 3953 3130 4022 γνώμην
3181 3954 3328 4024 πέρα
3375 3955 3471 4008 τοῦ
3509 3957 3692 4012 δέοντος

2147 4042 2424 4111 μαλθακὸς
2464 4043 2493 4094 6
2535 4041 2842 4111 Ἀρκάδιος,
2875 4043 2978 4096 ὕπὸ
3009 4045 3106 4112 τῆς
3145 4045 3392 4113 γαμετῆς
3431 4046 3704 4112 κατείχετο

2144 4131 2421 4196 Εὑδοείας.
2477 4129 2540 4183 Ἦ
2585 4131 2642 4186 δὲ
2677 4127 2746 4202 ἦν
2779 4130 3004 4198 γύναιον
3049 4133 3242 4203 ίταμδν
3279 4133 3373 4186 καὶ
3418 4137 3710 4204 χρημάτων

2145 4219 2462 4290 ἡττώμενον
2486 4218 2709 4290 ἐρωτος,
2739 4222 3031 4275 κάντεῦθεν
3058 4223 3154 4277 καὶ
3177 4222 3528 4278 ἀδικώτατον.
3558 4225 3713 4278 Ὅθεν

2147 4311 2300 4380 παρά
2347 4309 2443 4364 τοῦ
2495 4311 2731 4382 μεγάλου
2775 4311 2967 4366 τούτου
3011 4314 3225 4385 Πατρδς
3277 4315 3717 4382 ἀνακοπτόμενον

2145 4403 2245 4470 τῆς
2276 4401 2474 4473 ὁρμῆς,
2520 4403 2636 4456 ἐστι
2683 4403 2740 4456 δ’
2765 4399 2825 4457 οὗ
2867 4404 2960 4457 καὶ
2995 4404 3418 4474 ἐπιτιμώμενον,
3465 4407 3720 4476 ἠρέθιστο

2149 4496 2229 4557 είς
2255 4495 2446 4564 ὀργὴν,
2486 4495 2578 4549 καὶ
2627 4495 2938 4563 ἀμύνασθαι
2973 4484 3064 4547 τὸν
3107 4495 3260 4561 ἅγιον
3294 4495 3578 4549 ἔσπευδεν.
3618 4494 3720 4547 E6-

476 4592 656 4648 catus,
687 4584 946 4640 Ecclesiae
973 4587 1242 4642 redditur.
1276 4586 1382 4642 Sed
1421 4589 1550 4658 quia
1585 4589 1670 4644 vir
1702 4589 1889 4646 invicti
1932 4591 2039 4646 ani-

2153 4585 2320 4656 ροῦσα
2353 4585 2408 4639 δέ
2439 4586 2532 4638 καὶ
2561 4585 2656 4638 τὸν
2704 4585 3121 4654 Ἀλεξανδρείας
3178 4587 3436 4655 Θεόφιλον
3487 4587 3588 4654 τῆς
3622 4604 3722 4640 κα-

478 4672 576 4736 mi,
620 4673 864 4743 linguam
897 4684 1089 4730 contra
1129 4677 1365 4745 iniustos
1405 4693 1602 4736 acuere
1652 4693 1760 4734 non
1815 4679 2049 4736 desiste-

479 4761 596 4825 bat,
657 4763 903 4819 Eudoxia
935 4765 1284 4833 imperatrix,
1327 4782 1448 4835 quae
1475 4766 1773 4824 conciones
1807 4767 1876 4824 de
1905 4768 2050 4840 inju-

477 4853 630 4908 stitia
651 4853 718 4908 ad
747 4867 870 4909 sese
917 4857 1357 4910 accommodaret
1405 4860 1579 4926 (,nam
1610 4872 1641 4912 a
1667 4867 1859 4928 suapte
1916 4874 2054 4914 con-

439 4934 712 4999 ‘scieutia
766 4943 1500 5012 arguebatur).intlammato
1543 4955 1736 5001 contra
1788 4963 2048 5019 magnum

483 5033 703 5090 Patrem
738 5033 945 5100 animo,
979 5049 1171 5092 rursus
1205 5035 1290 5104 (ut
1322 5049 1447 5104 qua;
1490 5034 1852 5094 intercessere
1886 5040 2051 5094 omit-

2155 4677 2278 4740 adac
2323 4677 2496 4739 αὐτῆς
2529 4677 2808 4748 συνεργὸν,
2859 4678 3036 4731 πείθει
3080 4679 3172 4732 τὸν
3211 4680 3494 4748 Ἀρκάδιον
3552 4679 3720 4748 ὑπερ-

2154 4765 2309 4834 ορίαν
2355 4763 2451 4818 τοῦ
2480 4765 2638 4833 άγίου
2697 4766 3202 4837 καταψηφίσασθαι.
3257 4769 3366 4821 Καὶ
3407 4770 3434 4821 6
3485 4768 3584 4836 μὲν
3628 4769 3726 4835 τῆς

2153 4856 2450 4926 ἐκκλησίας
2491 4856 2790 4927 ἐκϐέϐλητο
2817 4859 2913 4911 καὶ
2963 4858 3210 4928 ἀπήγετο
3241 4858 3532 4928 ὑπερόριος
3558 4873 3574 4887 ’
3611 4859 3642 4910 6
3668 4857 3723 4910 δὲ

2153 4949 2252 5017 τῆς
2278 4947 2484 5011 πόλεως
2511 4949 2698 5017 δῆμος,
2714 4949 2764 5002 oi
2798 4950 2898 5018 μὲν
2919 4949 3201 5020 ἐθρήνουν,
3223 4949 3274 5001 oi
3301 4949 3357 5000 δὲ
3382 4947 3722 5010 ἐστασίαζον.

2159 5040 2226 5092 '0
2254 5039 2418 5107 γνοὺς
2445 5039 2473 5092 6
2503 5039 2678 5111 νωθὴς
2713 5039 2998 5110 Ἀρκάδιος
3047 5039 3253 5093 στέλλει
3284 5039 3426 5093 κατά
3452 5040 3616 5109 τάχος
3637 5037 3725 5091 τὸν

1715 5192 1916 5255 Variae
1953 5186 2265 5262 lectiones
2295 5205 2358 5260 et
2399 5201 2592 5258 notre.

562 5353 676 5423 (εο)
721 5352 826 5407 Ἐν
867 5352 1282 5421 Μεδιολάνοις.
1347 5355 1500 5410 Illius
1555 5371 1755 5417 corpus
1807 5357 2048 5413 relatum

488 5423 1023 5494 Constantinopolim
1055 5425 1124 5478 ab
1157 5424 1390 5480 Arcadio
1423 5425 1558 5479 ﬁlio.
1594 5424 1906 5480 Chronicon
1941 5443 2046 5481 ms.

489 5495 559 5565 ab
606 5492 935 5565 A_damo_'ad
998 5492 1252 5565 Leonem
1276 5495 1668 5565 Philosophum
1707 5513 1721 5549 :
1785 5497 1858 5549 T6
1889 5497 2050 5565 σῶμα

487 5561 657 5642 αὐτοῦ
685 5562 967 5642 Ἀρκάδιρς
1000 5563 1138 5642 ἐνκτῇ
1172 5563 1326 5642 πόλει
1358 5561 1722 5642 ἀποκομίσας,
1753 5561 2052 5642 κατατίθη-

492 5647 578 5683 σιν
599 5631 656 5681 ἐν
688 5629 765 5703 τῷ
813 5629 998 5703 ἡρώῳ,
1059 5629 1194 5703 ὅπερ
1240 5635 1298 5703 ἐν
1350 5629 1585 5698 ἀγίοιςό
1639 5629 2050 5697 Κώνσταντῖνὸς

476 5695 973 5768 ’κατε-σκεῦασξείς
995 5695 1197 5768 ταφήν.
1224 5702 1359 5757 Vide
1402 5695 1707 5759 Chronicon
1755 5695 2048 5761 Alexandri

495 5780 586 5818 an.
621 5765 642 5819 l
668 5765 912 5834 Arcadii,
941 5765 1273 5838 Cedrenum,
1296 5781 1404 5826 etc.

2229 5355 2341 5423 (6|)
2389 5354 2902 5422 Ἀρκαδιούπολιν.
2943 5353 3310 5424 Theopnanes
3334 5367 3424 5407 an.
3465 5351 3498 5406 9
3526 5349 3720 5407 Arcad.

2150 5425 2385 5483 Cedren.
2417 5441 2469 5483 ι).
2494 5425 2618 5478 δελ.

2222 5441 2469 5561 ῗθτὲθίέἷὲ
2485 5441 2935 5570 ἕὲἐηρολόφφ.
2970 5492 3046 5570 ita
3085 5491 3384 5570 scriptores
3407 5488 3722 5570 Byzantini,

2153 5556 2418 5632 praeterea
2476 5556 2784 5617 Chronicon
2825 5556 2941 5616 'ms.
3003 5556 3220 5632 Georgii
3293 5556 3617 5632 llama'rtoli,
3651 5556 3718 5611 de

2153 5629 2389 5690 Arcadio
2422 5649 2434 5684 :
2476 5633 2574 5694 Ὃς
2603 5634 2692 5686 τὸν
2717 5634 2871 5686 κίονα
2897 5632 2989 5683 τοῦ
3021 5629 3565 5699 Ξηρὸλόφουίστήσας
3590 5629 3722 5678 ἐαυο

2152 5701 2253 5767 τῷ,
2286 5702 2377 5753 τὸν
2397 5701 2596 5771 ἐαυτοῦ
2624 5701 2949 5768 καθίδρυσεν
2979 5698 3291 5771 ἀνδριάντα.
3314 5698 3438 5759 Vid.
3467 5703 3717 5753 nostram

2156 5770 2692 5836 Constantinopolim,
2733 5771 2831 5826 lib.
2855 5786 2914 5826 ll.
