4026 6396
283 371 412 438 1181
1535 372 1938 435 ANNAL-IUM
1972 371 2121 434 LIB.
2156 371 2329 434 XIII.
3379 371 3520 436 1132

282 481 538 552 Ἰωάννην
599 479 1042 551 ἀνακαλούμενος
1063 517 1079 545 ,
1153 479 1247 533 καὶ
1311 479 1641 550 ἐπαναχθεὶς
1694 479 1851 544 αὖθις

1956 479 2092 549 tam)
2122 477 2322 534 marito
2356 491 2519 547 quem
2541 476 2713 532 veluti
2750 475 2996 548 capistro
3026 476 3224 548 quovis
3253 477 3530 546 trahebat,

283 571 518 641 ἀπεδόθη
561 573 629 642 τῇ
680 569 968 640 ἐκκλησίᾳ.
1015 569 1075 626 Ὅ
1124 569 1183 623 δέ
1225 569 1528 634 ἀδούλωτος
1579 570 1676 635 ὢν,
1711 571 1851 626 κατά

1964 569 2264 639 persuadet
2344 575 2404 623 ut
2466 570 2649 623 virum
2699 577 2951 623 sanctum
3013 569 3239 639 releget.
3294 569 3397 635 Qui
3451 570 3532 623 sic

280 663 394 715 τῶν
426 661 756 716 ἀδικούντων
799 661 899 732 τὴν
945 663 1194 730 γλῶτταν
1248 662 1414 716 κινῶν
1459 662 1560 716 οὐκ
1597 663 1852 719 ἐπαύετο.

289 751 358 802 'H
390 749 446 802 δέ
474 748 680 819 βασιλὶς
707 749 934 814 Εύδοξία
964 750 1064 812 τὰς
1105 749 1231 820 περὶ
1266 750 1480 812 ἀδικίας
1509 750 1856 816 διδασκαλίας

281 842 446 911 ἐαυτῇ
501 841 994 910 προσαρμόττουσα
1044 840 1264 911 (ἤλεγχε
1303 842 1412 913 γὰρ
1459 842 1627 913 αὐτὴν
1657 845 1690 914 η
1725 860 1853 897 συν-

281 931 486 1000 είδησις
529 931 784 1001 τοιαύτην
827 929 1016 996 οὖσαν)
1059 933 1288 1002 ἐμηνία,
1353 933 1448 986 καὶ
1487 935 1610 995 τοὺς
1649 933 1853 1004 θυμοὺς

283 1021 496 1086 ἐξέκαιε
523 1023 667 1076 κατά
707 1022 799 1075 τοῦ
842 1025 1079 1092 μεγάλου
1126 1023 1356 1092 Πατρός.
1391 1023 1500 1077 Καὶ
1539 1023 1700 1076 πάλιν
1743 1024 1852 1094 (ἵνα

281 1113 348 1166 τά
395 1115 453 1165 ἐν
505 1113 654 1182 μέσῳ
689 1113 873 1183 παρῶ)
919 1113 1095 1166 πείθει
1152 1111 1240 1166 τὸν
1289 1113 1559 1184 γαμέτην,
1619 1114 1852 1168 ἕλκουσα

280 1201 469 1257 τοῦτον
499 1203 690 1273 ὥσπερ
721 1207 783 1257 ἐκ
825 1204 1073 1274 φορϐιᾶς,
1109 1205 1410 1276 ὑπερορίαν
1436 1205 1527 1258 τοῦ
1555 1206 1715 1272 ἁγίου
1746 1223 1848 1259 κα-

280 1293 714 1363 ταψηφίσασθαι.
769 1297 881 1348 Καὶ
926 1297 954 1348 ὁ
998 1295 1097 1364 μὲν
1157 1296 1254 1364 τῆς
1305 1295 1597 1360 ἐκκλησίας
1637 1295 1846 1366 ἐξώσθη

281 1383 646 1452 τυραννικῶς,
699 1385 793 1436 καὶ
825 1385 906 1446 είς
955 1384 1139 1454 χώρας
1185 1385 1528 1446 κινδυνώδεις
1581 1385 1847 1455 ἀπήγετο,

280 1472 362 1536 είς
393 1489 452 1526 τε
493 1475 832 1545 πορρωτάτω
885 1475 1148 1545 κειμένας
1173 1475 1452 1547 ἐσχατιὰς,
1483 1477 1693 1530 πολλῶν
1727 1494 1846 1530 πει-

280 1562 466 1629 ραθεὶς
495 1563 637 1616 κατά
669 1564 770 1632 τὴν
807 1563 928 1617 ὁδὸν
971 1565 1249 1636 δυσχερῶν
1298 1582 1354 1619 τε
1393 1567 1488 1619 καὶ
1542 1566 1806 1634 ἀλγεινῶν
1828 1583 1844 1600 ο

277 1649 314 1703 ἃ.
356 1651 458 1720 τῆς
493 1652 706 1706 ἐκείνου
749 1654 987 1723 χρυσέας
1027 1655 1276 1724 γλώττης
1310 1658 1367 1708 ἐν
1417 1657 1728 1720 ἐπιστολαῖς
1767 1656 1848 1722 ἐξ-

277 1755 428 1794 εστιν
458 1741 678 1796 ἀκούειν
709 1743 1099 1813 διηγουμένης.
1132 1745 1492 1814 Καταντήσας
1520 1745 1564 1798 δ’
1594 1747 1674 1810 είς
1699 1748 1844 1800 Κου-

1962 660 2249 730 tyrannice
2279 661 2472 729 pulsus
2519 660 2786 724 Ecclesia,
2826 659 2881 713 in
2916 659 3229 728 provincias
3257 661 3534 728 periculo-

1960 766 2051 806 sas
2111 751 2423 814 abducitur,
2483 761 2540 805 et
2582 751 2704 805 loca
2750 751 3121 804 remotissima
3170 765 3200 805 a
3235 765 3531 819 congressu

1961 841 2246 896 hominum
2273 881 2288 905 ,
2336 843 2537 896 multas
2579 849 2839 910 expertus
2881 840 3230 895 dimcultates
3273 850 3330 893 et
3365 841 3533 895 mole-

1958 930 2091 984 stias
2143 931 2196 984 in
2253 931 2489 996 itinere,
2544 947 2665 1000 qua:
2712 931 2766 983 in
2827 931 3078 998 epistolis
3139 945 3361 983 auream
3413 932 3530 998 ejus

1958 1022 2200 1091 linguam
2239 1031 2556 1075 narrantem
2606 1021 2800 1074 audire
2834 1021 2996 1087 licet.
3062 1019 3370 1074 Perductus
3418 1019 3531 1088 pri-

1957 1128 2106 1167 mum
2132 1111 2439 1176 Cucusum,
2473 1113 2602 1168 inde
2638 1113 2950 1183 Pityuntem
2979 1153 2994 1178 ,
3021 1113 3259 1182 denique
3290 1111 3530 1167 Comana

1958 1203 2300 1272 (oppidulum
2356 1204 2410 1258 id
2446 1203 2556 1274 εει)
2586 1205 2698 1259 illic
2726 1205 2892 1258 vitam
2921 1219 3044 1258 cum
3077 1212 3253 1257 morte
3280 1206 3529 1257 commu-

1960 1294 2119 1357 tavit,
2182 1303 2345 1348 natus
2390 1309 2566 1348 annos
2617 1311 2692 1350 ιιι
2753 1294 3078 1364 pontiﬁcatu
3126 1294 3293 1350 Urbis
3344 1293 3530 1362 Regiae

1956 1383 2177 1439 functus
2215 1400 2415 1438 annov
2440 1399 2564 1439 cum
2598 1385 2850 1440 dimidio.
2911 1386 3114 1440 Verum
3166 1400 3370 1439 numen
3417 1399 3528 1439 non

1954 1473 2291 1540 dormitavit,
2321 1474 2416 1530 sed
2439 1476 2694 1530 celeriter
2717 1485 2801 1530 est
2824 1490 3143 1545 aggressum
3162 1473 3526 1528 miserrimam

1955 1567 2105 1622 illam
2181 1566 2616 1636 imperatricem.
2689 1567 2942 1622 Nondum
3023 1566 3172 1620 enim
3242 1565 3421 1619 tribus
3494 1580 3524 1620 a

1953 1655 2364 1725 Chrysostomoi
2398 1655 2508 1725 39
2557 1657 2707 1711 obitu
2738 1656 3024 1712 mensibus
3043 1655 3525 1724 elapsis,violenta

1959 1755 2136 1802 morte
2179 1747 2366 1816 periit.
2401 1747 2537 1802 Nam
2577 1761 2700 1802 cum
2743 1750 3082 1820 parturiret.
3129 1749 3271 1802 intra
3303 1757 3524 1803 uterum

276 1833 511 1896 κουσὺν,
561 1832 818 1888 κάκεῖθεν
865 1836 943 1896 είς
1006 1837 1314 1890 Πιτυοῦντα
1365 1836 1734 1904 ἀπαγόμενος,
1791 1839 1848 1890 ἐν

1954 1845 2260 1892 maternum
2295 1839 2566 1894 exstincto
2600 1839 2713 1894 fetu
2753 1847 2810 1894 et
2834 1841 3291 1909 computret‘acto,
3318 1840 3529 1894 acerri-

277 1924 553 1994 Κομάνοις
586 1925 897 1995 γενόμενος,
941 1926 1237 1996 (πολίχνιον
1264 1928 1320 1981 δέ
1347 1927 1507 1982 τοῦτο
1532 1927 1651 2001 [65]
1681 1928 1700 1998 )
1735 1929 1855 1983 ἐκεῖ

275 2015 376 2084 τὴν
429 2015 574 2085 ζωὴν
617 2015 1006 2088 ἐξεμέτρησεν,
1063 2018 1200 2072 ἐτῶν
1248 2018 1487 2088 γεγονὼς
1521 2019 1618 2072 δύο
1665 2035 1726 2073 τε
1757 2021 1852 2073 καὶ

274 2107 634 2174 πεντήκοντα,
693 2109 1129 2178 ἀρχιερατεύσας
1175 2109 1234 2162 δὲ
1276 2112 1376 2180 τῆς
1430 2109 1700 2180 βασιλίδος
1739 2110 1852 2163 τῶν

274 2195 484 2248 πόλεων
509 2196 602 2266 ἐτη
642 2196 804 2250 πέντε
849 2199 986 2268 πρὸς
1011 2200 1088 2269 τῷ
1117 2200 1326 2270 ἡμίσει.
1358 2201 1474 2254 Οὐκ
1520 2201 1851 2268 ἐπενύσταξε

278 2286 464 2354 μέντοι
493 2288 524 2358 ή
564 2287 682 2342 θεία
721 2287 870 2358 δίκη,
904 2289 1039 2342 ἀλλά
1063 2291 1277 2359 ταχέως
1323 2290 1556 2360 μετῆλθε
1601 2292 1702 2360 τὴν
1731 2309 1853 2362 τρι-

278 2373 535 2430 τάλαιναν
566 2376 782 2446 ἐκείνην
813 2377 1156 2449 βασίλισσαν.
1180 2379 1351 2434 Οὔπω
1389 2381 1498 2451 γὰρ
1529 2383 1679 2450 τρεῖς
1713 2399 1854 2451 παρα

274 2465 440 2532 ἦλθον
503 2467 676 2538 μῆνες
728 2472 869 2539 μετὰ
914 2472 1007 2523 τὸν
1057 2470 1286 2524 θάνατον
1319 2471 1414 2524 τοῦ
1460 2472 1852 2542 Χρυσοστόμου

279 2555 508 2626 Πατρὺς,
556 2559 650 2611 καὶ
694 2558 854 2629 βιαίῳ
909 2560 1301 2632 περιπέπτωκε
1339 2562 1510 2632 μόρῳ.
1549 2563 1854 2633 Τικτούσης

277 2647 387 2717 γὰρ
409 2649 470 2702 τὸ
497 2649 741 2720 ἔμϐρυον
781 2653 1029 2721 τέθνηκε,
1079 2654 1174 2708 καὶ
1214 2652 1399 2717 ὠδῖνες
1422 2655 1638 2724 ἐκείνην
1672 2659 1851 2710 συνετ-

278 2754 373 2807 χον
397 2740 673 2814 δριμεῖαι)
715 2743 1104 2814 διαφθαρέντος
1145 2744 1190 2797 δ’
1219 2743 1367 2797 ἔνδον
1415 2746 1655 2810 ἐκείνου,
1690 2749 1784 2802 καὶ
1814 2749 1846 2818 ή

279 2833 440 2903 νηδὺς
493 2835 594 2904 τῆς
641 2835 960 2906 βασιλίσσης
1008 2837 1291 2907 διέφθορεν
1331 2837 1398 2890 ἐκ
1453 2839 1554 2908 τῆς
1610 2841 1851 2911 σήψεως,

278 2922 372 2974 καὶ
403 2921 576 2986 οὔτως
620 2925 818 2988 ἀθλίως
871 2927 982 2997 (64)
1033 2927 1334 2998 μετήλλαξε
1381 2930 1482 2999 τὴν
1527 2930 1691 3000 ζωήν.
1745 2934 1852 2989 Τοῦ

281 3013 462 3082 μέντοι
493 3015 959 3089 Χρυσορρήμονος
994 3021 1208 3073 ἐκείνου
1247 3021 1460 3090 Πατρὸς
1493 3023 1852 3093 ἐκϐληθέντος

275 3104 379 3173 τῆς
424 3106 768 3180 Ἐκκλησίας,
799 3111 1120 3174 ἁντεισῆκτο
1157 3110 1442 3180 Ἀρσάκιος
1467 3112 1603 3182 (65),
1637 3117 1732 3169 καὶ
1759 3116 1852 3170 ἐπὶ

1957 1929 2063 1983 mis
2091 1928 2288 1984 aﬂecta
2318 1928 2625 1993 doloribus,
2658 1939 2816 1984 utero
2843 1946 2949 1984 una
2978 1938 3266 1999 corrupto,
3297 1928 3529 1983 misera-

1955 2020 2140 2075 biliter
2181 2029 2398 2075 mortua
2447 2030 2553 2076 est.
2602 2020 2994 2093 Chrysostomo
3039 2021 3285 2077 Ecclesia
3325 2021 3524 2090 ejecto,

1955 2112 2291 2168 substitutus
2323 2121 2408 2166 est
2440 2112 2720 2177 Arsacius,
2755 2115 2850 2182 qui
2889 2113 3172 2167 biennium
3201 2113 3524 2181 episcopatu

1954 2202 2178 2257 functus
2201 2202 2361 2258 obiit.
2394 2203 2457 2257 Ei
2498 2202 2765 2258 successit
2797 2203 3030 2258 Atticus.
3080 2202 3381 2256 Eudoxiam
3423 2200 3522 2255 de-

1954 2294 2200 2348 functam
2256 2294 2525 2349 Arcadius
2568 2295 2866 2364 imperator
2914 2310 3026 2348 non
3070 2293 3233 2362 longo
3279 2301 3527 2361 tempore

1955 2394 2098 2454 post,
2137 2394 2362 2441 secutus
2403 2393 2511 2449 est,
2543 2401 2668 2440 cum
2714 2393 2838 2455 post
2871 2386 3082 2440 obitum
3137 2385 3313 2454 patris
3352 2383 3528 2452 impe-

1953 2487 2130 2531 rasset
2186 2492 2361 2531 annos
2425 2477 2719 2532 duodecim
2777 2489 2833 2532 et
2892 2487 3003 2532 tres
3067 2492 3321 2539 menses,
3396 2490 3523 2530 cum

1953 2567 2163 2635 aliquot
2211 2567 2429 2623 diebus.
2467 2567 2736 2623 Columna
2773 2585 2895 2638 quae
2947 2570 3001 2623 in
3047 2568 3290 2622 Pittaciis
3339 2575 3525 2620 erecta

1953 2668 2059 2722 est,
2107 2659 2368 2714 Eudoxiae
2396 2675 2536 2729 Opus
2565 2676 2686 2715 esse
2721 2661 2947 2715 dicitur.
2977 2660 3216 2715 Moriens
3258 2657 3525 2714 Arcadius

1954 2754 2126 2807 tilium
2160 2769 2321 2808 suum
2365 2752 2762 2815 Theodosium,
2806 2751 2899 2820 qui
2931 2751 3128 2806 Junior
3163 2749 3390 2812 dicitur,
3431 2745 3518 2800 vcl

1953 2847 2021 2900 ad
2080 2846 2376 2902 discrimen
2423 2845 2531 2911 avi,
2579 2845 2666 2898 vel
2711 2843 2839 2912 quia
2887 2841 3147 2897 defuncto
3193 2853 3347 2910 patre
3386 2851 3526 2907 puer

1955 2937 2242 3006 septennis
2266 2945 2407 3002 erat,
2453 2935 2672 3004 imperii
2705 2947 3080 2988 successorem
3120 2930 3366 2999 reliquit.
3415 2925 3522 2982 Sed

1955 3029 2024 3084 de
2066 3029 2172 3084 hoc
2219 3037 2334 3082 tum
2383 3041 2646 3097 agemus,
2691 3025 2782 3078 ubi
2822 3040 2909 3078 res
2949 3023 3018 3078 ab
3060 3021 3304 3077 Honorio
3344 3026 3526 3091 gestas

1956 3119 2200 3174 breviter
2236 3119 2675 3188 exposuerimus.

279 3194 374 3249 δύο
397 3197 777 3266 ἐπισκοπήσας
811 3203 1112 3269 ἐιιαυτοὺς,
1143 3203 1339 3256 έθανεο
1398 3205 1521 3274 μεθ’
1577 3206 1636 3261 δν
1707 3211 2118 3282 κεχειροτόνητο
2157 3211 2403 3273 ’Δττικός
2458 3208 2592 3276 (66).
2645 3207 2756 3276 Τῆς
2799 3205 2844 3260 δ’
2916 3205 3172 3270 Εὑδοξίας
3223 3201 3528 3274 προτεθνη-

279 3290 440 3352 κυίας
470 3290 564 3344 τοῦ
612 3293 906 3362 ὀμευνέτου
931 3297 1026 3348 καὶ
1053 3297 1477 3367 αὐτοκράτορος,
1536 3299 1632 3353 καὶ
1683 3301 1844 3364 αὐτὸς
1882 3303 1946 3356 οὐ
2016 3305 2154 3373 μετὰ
2195 3302 2410 3374 μακρὸν
2453 3299 2750 3368 ἐπανῆλθεν
2785 3301 2924 3370 αὐτῇ
2972 3299 3000 3349 ὁ
3082 3296 3385 3367 Ἀρκάδιοςι
3427 3293 3526 3364 βα·

279 3380 536 3446 σιλεύσας
589 3383 730 3452 μετά
775 3383 1007 3438 θάνατον
1051 3385 1337 3452 Θεοδοσίου
1379 3387 1475 3441 τοῦ
1547 3391 1754 3444 οίκείου
1819 3394 2048 3463 πατρὸς,
2082 3393 2177 3465 ἔτη
2228 3395 2729 3463 τεσσαρεσκαίδεκα
2812 3393 2906 3443 καὶ
2957 3389 3135 3459 μῆνας
3174 3389 3328 3455 τρεῖς
3383 3384 3526 3456 πρδς

281 3471 515 3542 ἡμέραις
551 3474 684 3532 τισί,
725 3475 1046 3544 Λέγεταιδέ
1088 3478 1185 3543 τῆς
1265 3479 1520 3544 Εὑδοξίας
1564 3481 1728 3552 ἔργον
1785 3485 2075 3554 τυγχάνειν
2147 3487 2177 3538 ὁ
2223 3486 2302 3548 είς
2348 3485 2416 3538 τά
2467 3485 2736 3553 λεγόμενα
2777 3482 3045 3536 Πιττάκια
3120 3475 3292 3540 ἐστὼς
3367 3476 3523 3529 κίων.

279 3565 544 3637 Θνήσκων
573 3569 631 3622 δέ
659 3571 687 3622 ὁ
724 3569 1030 3640 ’Δρκάδιος,
1069 3569 1160 3624 τὸν
1199 3573 1312 3626 υίὸν
1371 3573 1566 3628 ἐαυτοῦ
1628 3577 1732 3647 τῆς
1793 3578 2072 3647 βασιλείας
2131 3579 2376 3649 διάδοχον
2433 3580 2792 3633 καταλέλοιπε
2861 3574 3138 3630 Θεοδόσιον
3182 3573 3272 3625 τὸν
3314 3572 3527 3642 Μικρὸν

278 3660 571 3730 λεγόμενον
622 3661 761 3733 πρὸς
803 3662 1211 3734 ἀντιδιαστολὴν
1244 3664 1338 3718 τοῦ
1387 3665 1614 3720 πάππου
1681 3669 1881 3722 αὐτοῦ·
1918 3671 1950 3741 ἢ
1991 3673 2073 3725 ὅτι
2138 3671 2197 3725 έν
2243 3673 2468 3741 παιδικῇ
2517 3673 2659 3724 πάνυ
2713 3670 3011 3737 ἐτύγχανεν
3047 3665 3238 3736 ἡλικίᾳ
3291 3664 3384 3716 τοῦ
3414 3681 3526 3718 πα-

277 3752 408 3822 τρὸς
455 3752 621 3806 αὐτοῦ
679 3753 1101 3824 τελευτησαντος
1131 3770 1146 3786 ο
1197 3755 1339 3809 ἐπτά
1391 3760 1500 3828 γὰρ
1554 3753 1626 3828 ἦν
1673 3758 1794 3812 τότε
1863 3762 2041 3829 μόνων
2092 3761 2375 3816 ἐνιαυτῶν.
2424 3762 2564 3814 Ἀλλ’
2628 3758 3020 3830 ἀναϐεϐλήσθω
3087 3757 3156 3810 τά
3203 3754 3334 3824 περὶ
3395 3755 3526 3808 τού·

277 3861 403 3902 του⁹
447 3847 512 3900 τά
555 3847 616 3900 δέ
650 3857 793 3900 κατα
821 3846 916 3901 τὸν
956 3845 1214 3916 Ὀνὼριον
1252 3851 1280 3901 ὁ
1313 3847 1469 3916 λόγος
1513 3848 1572 3902 ἐν
1608 3849 1843 3920 ἐπιτομῇ
1881 3853 2114 3917 διεξίτω.

350 3943 483 3995 KA'.
543 3939 642 4001 ⁸ος
698 3937 954 4007 βασιλεὺς
1029 3939 1130 4009 τῆς
1188 3940 1567 4011 πρεσϐυτέρας
1637 3941 1851 4011 Ῥώμης

2029 3945 2174 4000 XXI.
2223 3943 2326 3999 Hic
2370 3945 2559 4007 Romae
2605 3941 2809 3997 veteris
2863 3941 3184 4010 imperator,
3227 3937 3524 3994 admodum

279 4029 664 4098 καταλειφθεὶς
711 4029 863 4099 παρὰ
909 4028 1004 4082 τοῦ
1041 4029 1250 4100 πατρὸς
1287 4032 1346 4084 ἐν
1384 4031 1636 4104 νεωτάτῃ
1666 4031 1851 4102 ἡλικίᾳ

1954 4033 2295 4098 adolescens,
2325 4033 2514 4089 decem
2548 4034 2817 4088 duntaxat
2851 4041 3013 4085 natus
3060 4046 3255 4093 annos,
3289 4030 3523 4090 relictus

279 4122 530 4193 (δεκέτης
560 4121 670 4193 γὰρ
693 4118 784 4193 ἦν)
815 4121 919 4174 ὑπὸ
963 4121 1260 4187 ἐπίτροπον
1295 4122 1470 4174 ἐτέλει
1510 4123 1705 4194 γνώμῃ
1756 4122 1851 4176 τοῦ

1954 4139 1982 4178 a
2014 4132 2188 4192 patre,
2214 4124 2282 4178 de
2321 4124 2468 4177 illius
2498 4122 2770 4177 sententia
2807 4129 3046 4174 tutorem
3078 4120 3270 4174 habuit
3296 4118 3521 4173 Stilico-

281 4215 489 4284 πατρὸς
533 4213 627 4267 τὸν
681 4214 1005 4282 Στιλίχωνα,
1061 4213 1230 4282 ἀνδρα
1271 4213 1382 4268 τῶν
1431 4217 1490 4269 ἐν
1529 4217 1596 4286 τῇ
1661 4214 1853 4286 Ῥώμῃ

279 4305 653 4377 πρωτεύοντα,
687 4304 785 4358 καὶ
812 4303 912 4374 τὴν
945 4303 1054 4358 τῶν
1081 4303 1278 4358 κοινῶν
1329 4305 1671 4375 πραγμάτων
1696 4307 1855 4373 ἐγκε-

280 4397 626 4468 χειρισμένον
675 4394 964 4464 διοίκησιν.
1001 4396 1228 4462 Ἀγεται
1282 4397 1463 4448 τοίνυν
1512 4396 1614 4464 τὴν
1660 4397 1852 4450 τούτου

283 4490 562 4562 θυγατέρα
587 4489 808 4559 Μαρίαν
843 4489 923 4550 εἰς
961 4489 1233 4558 γαμετήν.
1263 4482 1372 4550 Ἧς
1405 4486 1672 4556 θανούσης
1699 4487 1853 4556 λέγει

282 4598 373 4634 ται
405 4580 506 4649 τὴν
541 4580 780 4648 ἀδελφὴν
823 4579 995 4648 αὐτῆς
1045 4578 1362 4649 θερματίαν
1416 4579 1530 4648 (67)
1565 4579 1742 4647 γῆμαι
1790 4581 1851 4632 ἐν

279 4672 466 4726 ἀτελεῖ
513 4673 891 4742 τυγχάνουσαν
937 4671 1148 4741 ἡλικίᾳ.
1189 4671 1434 4739 Κάκείνη
1473 4669 1531 4722 δὲ
1566 4670 1704 4739 ταχὺ
1729 4670 1850 4723 ἐτε-

279 4763 560 4833 λεύτησεν.
610 4757 778 4826 Οὗτος
827 4760 1121 4830 ἀϐέλτερος
1174 4759 1272 4821 ὢν,
1319 4757 1474 4829 παρά
1513 4759 1620 4812 τῶν
1675 4761 1733 4812 ἐν
1780 4761 1848 4831 τῇ

293 4854 482 4924 Ῥώμῃ
529 4853 801 4923 μεμίσητο
850 4849 1111 4904 δυνατῶν.
1164 4850 1275 4904 Καὶ
1304 4851 1466 4918 γνοὺς
1504 4851 1854 4904 ἐπιϐουλευό-

286 4961 469 5013 μενος,
521 4946 602 5007 είς
639 4941 928 4997 Ῥάϐεννάν
973 4940 1086 5013 (68)
1130 4957 1190 4994 τε
1247 4942 1712 5009 μεταναστεύσας,
1770 4941 1849 4994 δι-

1956 4230 2104 4279 nem,
2147 4216 2325 4270 virum
2366 4214 2554 4268 Romae
2603 4213 2932 4282 principem,
2983 4227 3014 4265 a
3057 4225 3168 4279 quo
3212 4208 3524 4278 respublica

1954 4305 2461 4361 administrabatur.
2506 4304 2677 4374 Hujus
2708 4304 2873 4374 igitur
2901 4303 3065 4356 tiliam
3114 4301 3340 4356 Mariam
3388 4314 3524 4354 uxo-

1955 4411 2071 4450 rem
2103 4396 2274 4461 ducit,
2303 4412 2410 4465 qua
2431 4405 2666 4460 mortua,
2699 4395 2873 4448 fertur
2903 4394 3024 4462 ejus
3052 4407 3320 4456 sororem,
3343 4391 3522 4444 Ther-

1926 4470 2177 4540 'matiam
2228 4485 2522 4538 immatura
2571 4482 2754 4536 adhuc
2807 4489 2966 4536 aetate
3017 4479 3262 4543 duxisse,
3298 4494 3419 4548 quae
3465 4485 3523 4533 et

1953 4575 2070 4645 ipsa
2102 4575 2255 4630 brevi
2285 4574 2542 4629 defuncta
2573 4581 2676 4628 est.
2714 4571 2813 4626 Hic
2839 4587 2966 4626 cum
3002 4572 3072 4625 ob
3102 4570 3417 4624 vecordiam
3461 4584 3526 4624 se

1951 4667 2214 4722 Romanis
2245 4665 2591 4736 magnatibus
2625 4665 2864 4718 invisum
2895 4677 3038 4721 esse.
3069 4672 3126 4717 et
3167 4661 3386 4714 insidiis
3427 4675 3520 4729 ap-

1952 4758 2065 4826 peti
2091 4755 2586 4818 animadvertisset,
2615 4755 2932 4808 Ravennam
2969 4753 3124 4818 abiit,
3157 4763 3214 4807 et
3241 4753 3519 4807 Romano-

1954 4862 2077 4901 rum
2131 4848 2185 4901 in
2237 4862 2296 4902 se
2340 4846 2529 4902 odium
2577 4849 2812 4907 ulturus,
2868 4845 3076 4916 legatos
3128 4845 3195 4899 ad
3239 4845 3526 4899 Alaricum

1953 4937 2264 4993 Vandalicas
2294 4951 2392 4991 seu
2434 4935 2702 4992 Gottbicae
2746 4936 2925 5006 gentis
2964 4934 3159 4990 ducem
3208 4935 3378 4998 misit,
3419 4949 3524 5003 pe-

1426 5035 1627 5096 νει-ἰὼ
1670 5033 1975 5096 lectiones
2019 5035 2082 5089 et
2124 5035 2314 5089 notm.

355 5138 468 5205 (65)
497 5136 823 5203 Πολιχνιον
869 5135 938 5190 δὲ
966 5137 1161 5192 τοῦτο.
1191 5137 1270 5190 Ad
1302 5138 1538 5192 Pontum
1568 5138 1842 5193 Euxinum
1875 5140 1921 5196 ι)

286 5207 419 5262 urbs
441 5207 566 5260 sita.
599 5205 812 5260 Socrat.
836 5207 874 5260 l.
905 5223 981 5266 vr.
1010 5221 1060 5262 ε.
1095 5207 1184 5262 19.

355 5275 866 5347 (ϐωηιίαὶάᾂλίως.
899 5275 1009 5347 §ed
1043 5285 1103 5347 et_
1127 5276 1240 5330 haec
1282 5275 1492 5347 addunt
1543 5276 1840 5347 Synasaria

285 5343 451 5401 adi?)
471 5343 765 5400 Novembr.
799 5345 867 5397 de
897 5345 1158 5398 Eudoxia:
1192 5345 1402 5398 tumulo
1432 5362 1448 5400 :
1494 5343 1636 5397 Φασὶ
1677 5345 1733 5397 δὲ
1758 5347 1840 5400 ὅτι

291 5414 428 5484 μετά
459 5415 553 5480 τὴν
581 5412 753 5484 αὐτῆς
786 5413 1062 5484 τελευτὴν,
1095 5414 1233 5484 πρὸς
1266 5413 1485 5484 ἔλεγχον
1515 5413 1614 5484 τῆς
1643 5417 1723 5473 είς
1749 5417 1841 5467 τὸν

289 5482 676 5566 Χρυσάστομον
695 5483 982 5566 ἀδικίαςὶή
1010 5483 1366 5566 λάρναξένθα
1394 5482 1618 5566 κατερεέο
1633 5501 1689 5566 η.
1714 5487 1840 5566 ’ἐκι-

285 5551 428 5605 νεῗτο
460 5553 553 5606 ἐπὶ
578 5551 789 5623 χρόνοις
818 5551 1114 5623 τ-ριάκοντα
1149 5553 1242 5623 καὶ
1273 5552 1366 5604 δύο
1385 5568 1406 5623 '_
1425 5554 1483 5604 ἐν
1511 5553 1576 5623 δέ,
1602 5551 1680 5623 τῷ
1701 5553 1839 5606 ἀνα-

289 5620 634 5700 κομισθῆναι,
660 5621 720 5672 τὸ
758 5621 864 5700 ’τοῦ
919 5620 1534 5700 Χρυσοστόμουςτίμιον
1567 5620 1844 5700 λείψανον,

289 5703 377 5744 και
413 5689 725 5762 ἀποτιθέναι
755 5689 886 5744 ἔνθα
932 5689 1026 5745 νῦν
1059 5691 1199 5756 ἐστι,
1250 5690 1342 5744 τοῦ
1374 5689 1565 5762 κλόνου
1615 5689 1712 5745 καὶ
1744 5692 1843 5761 τῆς

289 5762 534 5833 κυήσεως
565 5759 717 5830 ιστη.

2021 5133 2136 5202 (65)
2188 5131 2525 5201 Ἀρσάκιος.
2580 5132 2792 5188 Socrat.
2821 5131 2858 5184 l.
2893 5133 2965 5193 vr,
3002 5147 3054 5202 ε.
3082 5131 3183 5197 l7;
3215 5127 3434 5183 Sozom.
3477 5127 3526 5182 l.

1948 5219 2065 5265 vm,
2102 5219 2154 5259 c.
2182 5203 2272 5264 25,
2302 5203 2406 5266 27;
2435 5203 2664 5270 Nicepb.
2701 5203 2738 5255 Ι.
2769 5217 2885 5262 xm,
2918 5217 2968 5254 c.
3001 5201 3086 5252 12.

2021 5272 2130 5340 (66)
2178 5265 2466 5336 Ἀττικός.
2507 5265 2677 5340 Cujus
2711 5272 2910 5324 festum
2938 5270 3126 5324 colunt
3164 5265 3336 5322 Graeci
3360 5265 3393 5319 8
3425 5265 3524 5320 Ja-

1949 5343 2153 5403 nuarii.
2202 5351 2262 5395 ιιι
2291 5350 2375 5396 εει
2415 5340 2467 5394 in
2505 5340 2745 5394 Menaeis.

2019 5411 2130 5480 (67)
2171 5412 2515 5480 Θερματίαν.
2564 5411 2636 5461 Ita
2663 5419 2784 5480 tres
2830 5404 3522 5480 mss._Reg._Ther_mantia

1948 5473 2080 5535 vero
2105 5473 2621 5548 vulgo'appellatur.
2660 5478 2790 5548 Vide
2824 5473 3098 5548 Familias:
3124 5477 3256 5543 Aug.
3291 5473 3521 5548 Byzaut.

2023 5550 2134 5617 (68)
2173 5543 2521 5602 Ῥάϐενναν.
2561 5546 2698 5599 Hinc
2723 5545 3136 5617 Claudianusin
3159 5561 3226 5617 _V|
3262 5543 3522 5598 consula-

1951 5615 2066 5674 tum
2093 5618 2342 5681 Honorii,
2380 5617 2606 5670 Romam
2628 5625 2952 5685 querentem
2988 5615 3232 5672 inducit:

2161 5740 2177 5754 .
2229 5738 2242 5753 .
2291 5738 2306 5751 .
2349 5736 2364 5751 .
2409 5697 2651 5763 Quonam
2681 5714 2841 5766 usque
2880 5698 3076 5753 tenebit

2124 5767 2387 5824 Praelata:
2413 5785 2528 5823 mea
2551 5778 2671 5823 vota
2717 5769 2901 5836 Ligur.
