4026 6408
515 362 656 430 1183

1828 367 2151 427 JOANNIS
2190 369 2513 428 ZONARE

3629 362 3810 425 1184

509 485 651 535 tens,
709 479 769 526 ut
843 471 1074 526 Romam
1150 482 1519 541 oppugnaret.
1594 472 1844 528 Alaricns
1901 485 2076 529 autem

2192 477 2479 546 επέμψατο
2525 476 2660 546 πρὸς
2695 475 3164 548 ’Δλλάριχον’(69).
3205 474 3281 538 ὡς
3323 473 3501 539 λόγος,
3541 472 3640 526 τὸν
3673 474 3816 543 ἄρ-

508 563 734 618 Romam
771 561 1057 627 invasisse,
1090 577 1200 616 non
1229 571 1410 616 tamen
1443 571 1685 618 vastasse
1735 563 1933 628 fertur,
1986 566 2083 619 sed

509 668 695 722 pacem
745 653 941 727 fecisse
979 669 1104 709 cum
1135 655 1422 719 Romanis,
1472 664 1804 726 acceptaque
1851 660 2084 728 pecunia

508 745 656 797 omni
690 746 1061 814 imperatoria,
1105 756 1162 800 et
1200 746 1429 801 Honorii
1481 763 1672 803 sorore
1720 750 1959 804 Placidia
1995 769 2084 806 re-

509 838 782 892 cessisse:
821 839 1053 906 puellam
1099 849 1284 894 autem
1324 840 1616 897 tradidisse
1660 844 2084 898 custodiendam

509 930 698 982 comiti
749 930 968 984 cuidam
1003 930 1349 996 Constantio,
1381 933 1476 1002 qui
1515 949 1636 988 eam
1685 945 1907 1004 arrepta
1956 937 2083 1007 luga

508 1017 575 1072 ad
617 1018 840 1074 fratrem
875 1021 1233 1090 perduxerit:
1273 1038 1303 1076 a
1349 1037 1460 1092 quo
1485 1032 1541 1078 et
1571 1026 1853 1080 senatoria
1898 1027 2083 1097 digni-

509 1118 618 1164 tate
664 1111 735 1183 sit
769 1121 1017 1176 ornatus,
1050 1123 1106 1167 et
1151 1112 1330 1168 aﬂinis
1363 1115 1590 1181 ascitus,
1637 1115 1880 1186 denique
1911 1119 2081 1172 etiam

509 1197 807 1267 imperator
857 1203 1185 1271 appellatus,
1235 1219 1361 1258 cum
1413 1205 1691 1260 Honorius
1740 1207 1968 1261 omnino
2015 1208 2086 1262 li-

511 1289 656 1344 beris
679 1292 849 1348 orbus
885 1302 1052 1348 esset.
1087 1293 1472 1351 Constantium
1512 1306 1698 1352 autem
1748 1299 1912 1367 paulo
1957 1308 2082 1366 post

506 1382 775 1447 occisum,
809 1398 933 1438 cum
965 1399 996 1439 e
1027 1386 1266 1440 Placidia
1297 1387 1747 1443 Valentinianum
1793 1399 1856 1444 et
1895 1390 2083 1444 Hono-

508 1471 714 1526 riadem
745 1475 1045 1544 genuisset.
1081 1477 1314 1543 Quidam
1345 1476 1514 1548 igitur
1549 1479 1665 1534 hrec
1715 1481 1789 1534 ita
1831 1491 2082 1537 narrant.

507 1562 612 1616 Alii
643 1577 775 1617 vero
803 1565 1014 1629 dicunt,
1051 1568 1297 1621 occisum
1325 1583 1447 1622 esse
1479 1568 1832 1634 Stiliconem,
1872 1579 1930 1625 et
1974 1573 2084 1626 Ro-

509 1665 700 1708 manos
732 1654 914 1710 odisse
945 1654 1274 1716 Honorium.
1309 1657 1403 1727 qui
1439 1659 1758 1713 Ravennam
1808 1661 2079 1730 migrarit.

509 1742 783 1798 Alaricum
814 1755 996 1801 autem
1031 1759 1341 1818 contempta
1374 1751 1494 1820 ejus
1544 1750 1800 1805 vecordia
1847 1751 2078 1806 Romam

456 1846 460 1851 ·
507 1833 796 1890 obsidione
826 1838 1039 1905 cepisse
1065 1855 1080 1892 :
1111 1855 1219 1908 qua
1249 1840 1754 1908 capta,.quemdam
1791 1841 2076 1911 oppletum

505 1925 764 1997 lacrymis
783 1930 1086 1995 nuntiasse,
1111 1929 1221 2001 ω
1237 1932 1466 1985 Romam
1491 1932 1559 1987 ab
1578 1931 1797 1987 Alarico
1821 1943 2037 2002 captam
2062 1952 2076 1989 :

502 2015 570 2068 ad
600 2031 728 2071 eum
763 2019 1018 2073 nuntium
1050 2031 1467 2076 consternatum
1509 2023 1773 2078 convulso
1819 2039 2078 2094 corpore,

501 2116 557 2160 et
581 2107 782 2162 femora
815 2110 1070 2165 manibus
1120 2109 1433 2178 ferientem,
1479 2113 1684 2169 dixisse
1728 2114 2080 2173 Honorium;

504 2198 669 2254 Roma
695 2201 848 2256 modo
874 2204 955 2256 hic
973 2204 1070 2273 fuit
1096 2221 1115 2259 :
1141 2207 1401 2275 quomodo
1436 2207 1598 2277 igitur
1637 2217 1794 2278 capta
1827 2219 1903 2262 est
1926 2210 1952 2263 γ
1975 2227 2086 2280 quo

501 2307 692 2346 errore
723 2295 980 2348 nuntium
1019 2295 1321 2360 intellecto,
1353 2313 1479 2351 cum
1523 2299 1732 2368 gemitu
1772 2300 2000 2365 dixisse,
2029 2317 2086 2355 se

503 2381 567 2433 de
589 2381 713 2434 urbe
741 2370 1038 2452 [aqua-non
1067 2385 1132 2437 de
1155 2402 1272 2439 ave.
1313 2383 1564 2440 Habebat
1591 2389 1738 2441 enim
1776 2389 1832 2442 in
1863 2389 2081 2444 deliciis

500 2473 752 2542 gallinam
813 2476 1226 2546 praagrandem,
1297 2479 1520 2534 nomine
1589 2480 1855 2544 Romam,
1912 2496 2079 2550 quam

497 2579 622 2616 eum
650 2573 897 2632 putasset
937 2581 1057 2621 esse
1107 2577 1347 2638 captam,
1406 2569 1774 2640 ingemuerat.
1827 2570 2078 2626 Mortuus

493 2666 580 2710 cst
610 2656 969 2726 hydropicus,
999 2666 1163 2713 natus
1201 2674 1375 2713 annos
1423 2676 1510 2724 λι,
1555 2676 1794 2730 quorum
1847 2661 2078 2730 triginta

497 2747 648 2800 nulla
689 2763 816 2802 cum
858 2749 1023 2804 laude
1077 2750 1392 2816 imperavit,
1445 2751 1688 2806 Joannes
1739 2761 1926 2806 autem
1982 2753 2075 2823 qui

501 2839 684 2892 Romae
715 2840 1060 2909 tyrannidem
1100 2841 1399 2903 invaserat,
1432 2855 1681 2896 sororem
1726 2843 1847 2911 ejus
1897 2843 2078 2897 Placi-

496 2929 644 2984 diam
684 2946 808 2985 cum
853 2932 1046 2988 liberis
1074 2935 1346 2990 ambobus
1375 2935 1761 2990 Valentiniano
1794 2943 1848 2988 et
1891 2935 2076 2988 llono-

500 3021 653 3078 riade
679 3023 817 3078 urbe
852 3025 1086 3094 expulit.

2189 585 2351 637 γοντα
2388 567 2481 620 τοῦ
2513 569 2620 620 τῶν
2664 568 2988 637 Οὐανδήλων
3030 567 3062 636 ἢ
3109 565 3324 620 Γότθων
3355 565 3564 627 ἔθνους.
3604 564 3814 629 ἀξιῶν

2187 659 2349 712 αὐτὸν
2384 659 2526 712 κατὰ
2548 660 2647 728 τῆς
2691 659 2910 729 Ῥώμης
2941 657 3402 730 στρατεύσασθαι,
3447 655 3804 724 ἀμύνασθαι

2189 749 2358 805 θέλων
2392 749 2562 813 οὕτως
2617 751 2744 814 τοὺς
2785 750 2885 818 τῆς
2932 747 3153 818 Ῥώμης
3185 748 3430 812 πολίτας,
3467 747 3556 800 διὰ
3587 748 3650 800 τὸ
3682 750 3809 816 μῖ-

2189 855 2281 899 σος
2309 839 2370 891 τὸ
2409 839 2545 909 πρὸς
2573 839 2756 892 αὐτόν.
2803 838 2912 892 Καὶ
2940 838 3190 890 ἐπελθεῖν
3219 836 3317 906 μὲν
3345 840 3413 907 τῇ
3453 837 3644 906 Ῥώμῃ
3681 837 3804 888 τὸν

2200 930 2541 1000 ’Δλλάριχον,
2577 931 2652 1002 μὴ
2695 931 2879 1000 μέντοι
2918 929 3190 1002 πορθῆσαι
3217 928 3410 998 αὐτὴν,
3441 928 3578 981 ἀλλά
3616 929 3811 981 σπεί-

2189 1023 2384 1076 σασθαι
2417 1025 2527 1084 τοῖς
2564 1023 2882 1093 Ῥωμαίοις,
2935 1022 3171 1076 λαϐόντα
3232 1021 3410 1075 ὁπόσα
3441 1023 3498 1074 ὲν
3531 1023 3647 1083 τοῖς
3679 1021 3807 1090 βα.-

2187 1113 2406 1176 σιλείοις
2482 1113 2789 1184 εὑρέθησαν
2845 1115 3140 1184 χρήματα,
3223 1113 3320 1168 καὶ
3374 1113 3474 1183 τὴν
3533 1113 3804 1184 ἀδ-·λφὴν

2199 1207 2459 1276 Ὀνωρίου
2515 1205 2616 1276 τὴν
2680 1205 2978 1259 Πλακιδίαν
3043 1205 3183 1275 (70),
3235 1203 3334 1258 καὶ
3375 1204 3802 1273 ὐποωστῆσαε.

2185 1294 2527 1366 Παραδοῦναι
2555 1297 2612 1349 δὲ
2642 1297 2742 1368 τὴν
2788 1296 2958 1366 κόρην
3015 1284 3380 1365 Κωνσταντίῳ
3414 1296 3522 1348 τινὶ
3562 1295 3802 1364 κόμητι

2185 1389 2279 1441 ἐπὶ
2317 1387 2396 1458 τῷ
2441 1387 2812 1456 φυλάττεσθαι
2838 1404 2853 1418 ·
2909 1387 3003 1439 τδν
3037 1386 3096 1440 δὲ
3144 1387 3550 1456 προσειληφότα
3595 1386 3802 1456 αὐτὴν

2185 1477 2486 1543 ἀποδράναι
2515 1477 2611 1531 καὶ
2661 1477 2886 1546 κομίσαι
2925 1475 3004 1548 τῷ
3041 1476 3256 1545 ἀδελφῷ
3287 1476 3484 1546 αὐτῆς,
3516 1475 3801 1531 κάκεῖνον

2187 1568 2444 1636 συζεῦξαι
2495 1567 2697 1638 ταύτην
2753 1567 2929 1638 αὐτῷ,
2981 1567 3317 1637 τετιμηκότα
3379 1567 3796 1637 συγκλητικὸν⁹

2185 1655 2303 1712 εἶτα
2341 1661 2437 1713 καὶ
2470 1659 2696 1729 βασιλέα
2744 1657 3150 1728 ἀναγορεῦσαιο
3201 1656 3368 1726 γονῆς
3424 1658 3532 1728 γὰρ
3567 1659 3798 1720 οἰκείας

2182 1752 2406 1822 ὴμοίρει
2455 1752 2690 1820 πάμπαν
2733 1749 3013 1820 Ὀνώριος.
3061 1751 3347 1822 Σφαγῆναι
3399 1750 3458 1802 δὲ
3503 1749 3644 1819 μετὰ
3702 1769 3800 1818 pu-

2183 1845 2316 1914 κρὸν
2370 1843 2463 1897 τὸν
2512 1845 2932 1909 Κωνστάντιον,
2992 1843 3316 1912 γειναμένης
3366 1841 3516 1911 αὑτῷ
3576 1844 3796 1904 παῖδας

2181 1935 2283 2004 τῆς
2312 1935 2628 1998 Πλακιδίας,
2668 1933 3119 1989 Οὑαλεντινιανδν
3153 1933 3249 1986 καὶ
3293 1931 3618 2002 Ὀνωριάδα.
3670 1935 3797 1987 Καὶ

2183 2027 2231 2080 οἰ
2269 2025 2369 2096 μὲν
2399 2019 2494 2078 οὖν
2537 2024 2681 2077 οὕτω
2715 2023 2868 2077 ταῦθ’
2919 2023 3264 2092 ἰστοροῦσινο
3321 2021 3502 2091 ἕτεροι
3544 2022 3603 2075 δὲ
3635 2039 3794 2090 σιρα-

2184 2117 2350 2184 γῆναι
2389 2115 2488 2184 μὲν
2527 2114 2745 2181 λέγουσι
2775 2113 2868 2166 τὸν
2909 2112 3230 2182 Στιλίχωνα,
3279 2111 3695 2180 ἀπεχθάνεσθαι
3729 2113 3796 2166 δὲ

2184 2207 2311 2271 τοὺς
2358 2206 2418 2258 ἐν
2469 2207 2536 2275 τῇ
2594 2205 2782 2275 Ῥώμῃ
2825 2204 2903 2274 τῷ
2945 2204 3213 2275 Ὀνωρίῳ,
3249 2204 3346 2256 καὶ
3391 2203 3482 2256 τδν
3521 2204 3605 2267 εἰς
3647 2204 3796 2258 Ῥά-

2187 2296 2383 2348 ϐενναν
2455 2294 2910 2365 μετοικήσασθαι.
2979 2295 3084 2348 Τὸν
3155 2295 3213 2348 δὲ
3281 2295 3604 2364 Ἀλλάρεχον
3679 2297 3798 2364 τῆς

2181 2386 2512 2456 ἀσελτηρίας
2595 2387 2804 2440 ἐκείνου
2862 2386 3357 2456 καταφρονήσαντα
3413 2387 3798 2456 ἐπιστρατεῦ-

2185 2493 2278 2530 σαι
2302 2479 2368 2548 τῇ
2417 2474 2601 2547 Ῥώμῃ
2637 2475 2733 2529 καὶ
2773 2476 2978 2546 ταύτην
3011 2475 3304 2546 πολιορκίᾳ
3331 2476 3502 2528 ἑλεῖν·
3537 2476 3794 2547 ἀλούσης

2182 2568 2264 2632 δὲ,
2295 2568 2588 2635 ἐπιστῆναι
2612 2567 2687 2637 τῷ
2724 2567 2970 2638 Ὀνωρίῳ
3003 2567 3408 2638 δεδακρυμένον
3438 2568 3562 2621 τινὰ
3588 2569 3792 2635 ἀπαγ-

2185 2659 2447 2727 γέλλοντα
2493 2659 2569 2720 ὡς
2611 2657 2787 2711 Ἐόιλω
2826 2658 2932 2711 ὑπὸ
2974 2657 3296 2726 Ἀλλαρίχου
3336 2659 3370 2727 ἡ
3419 2655 3635 2726 Ῥώμη.
3674 2659 3795 2710 Τὸν

2181 2751 2238 2804 δὲ
2289 2751 2426 2821 πρὸς
2468 2751 2568 2820 τὴν
2615 2749 2879 2818 ἀγγελίαν
2933 2747 3372 2818 συγκλονηθέντα
3423 2748 3670 2818 σπασμῷ
3722 2750 3792 2802 τὸ

2181 2843 2362 2910 σῶμα,
2400 2840 2496 2894 καὶ
2525 2841 2600 2892 τὼ
2626 2838 2788 2909 μηρὼ
2819 2839 3136 2904 πατάξαντα
3166 2842 3288 2892 ταῖν
3318 2844 3524 2910 χεροῖν,
3562 2840 3741 2908 φάναι
3767 2855 3786 2871 ⁸

2179 2933 2332 2998 Ἕως
2355 2931 2487 2999 ἄρτι
2522 2924 2638 2984 ὦδε
2667 2930 2748 2999 ἦν
2772 2933 2809 2999 ἠ
2856 2931 3070 3000 Ῥώμη,
3098 2928 3224 2996 πῶς
3285 2926 3399 2985 οὖν
3425 2931 3619 2994 ἑάλως
3649 2947 3788 2984 συν-

2183 3026 2336 3078 ιέντα
2394 3024 2454 3078 δὲ
2481 3023 2572 3076 τὸν
2603 3023 2839 3091 ἀγγελέα
2878 3024 2972 3075 καὶ
3019 3024 3162 3092 μέγα
3201 3023 3535 3086 στενάξαντα
3566 3024 3774 3092 εἰπεῖν,

434 3202 436 3204 _
495 3123 571 3184 ὡς
607 3121 744 3189 Περὶ
787 3122 897 3191 τῆς
931 3125 1162 3190 πόλεως
1195 3123 1373 3192 λέγω,
1425 3123 1525 3177 καί
1565 3125 1638 3178 οὐ
1708 3123 1844 3192 περὶ
1911 3123 2020 3191 τῆς
2070 3124 2329 3192 ὄρνιθος.
2404 3115 2514 3174 Ἦν
2563 3118 2674 3190 γὰρ
2703 3118 2778 3188 τῷ
2815 3118 3025 3188 βασιλεῖ
3056 3119 3233 3189 τούτῳ
3268 3119 3558 3190 ἀλεκτορὶς
3599 3119 3784 3186 ὑπερ-

501 3219 738 3288 μεγέθης
786 3214 819 3294 ᾖ
873 3220 1150 3290 ὲγεγήθει,
1193 3221 1262 3291 ἣν
1299 3220 1552 3291 ὠνόμασε
1600 3219 1843 3292 Ῥώμην,
1891 3221 1960 3273 δι’
2005 3220 2071 3292 ἣν
2110 3222 2204 3274 καὶ
2232 3216 2548 3289 ἀνῴμωξεν,
2601 3216 2818 3287 ἐκείνην
2891 3220 3120 3289 νομίσας
3164 3217 3488 3273 ἑαλωκέναι.
3562 3217 3786 3288 ’Υδέρῳ

495 3314 554 3366 δὲ
606 3315 1042 3383 περιπεπτωκὼς
1102 3315 1132 3366 ό
1179 3314 1452 3384 Ὀνώριος,
1499 3316 1724 3384 θνήσκει
1780 3317 1953 3386 ζήσας
2018 3316 2118 3379 μὲν
2191 3315 2470 3375 ἐνιαυτοὺς
2519 3315 2930 3382 τεσσαράκοντα
2960 3353 2976 3375 ,
3019 3311 3345 3383 βασιλεύσας
3388 3311 3445 3365 δὲ
3491 3310 3784 3374 δυσκλεῶς

495 3406 560 3456 ὲκ
586 3405 791 3457 τούτων
832 3404 1146 3473 τριάκοντα,
1181 3406 1432 3474 Ἰωάννης
1459 3406 1571 3477 (71)
1597 3409 1654 3460 δὲ
1716 3406 2049 3474 τυραννίσας
2095 3408 2151 3458 ὲν
2203 3403 2394 3474 Ῥώμῃ
2445 3405 2544 3476 τὴν
2594 3403 2806 3456 ἐκείνου
2845 3404 3086 3474 ἀδελφὴν
3131 3403 3426 3458 Πλακιδίαν
3479 3402 3618 3472 μετά
3663 3401 3784 3457 τῶν

495 3494 589 3547 δύο
622 3496 831 3550 τέκνων
877 3499 1051 3567 αὐτῆς
1085 3497 1536 3551 Οὐαλεντινιανοῦ
1575 3515 1632 3552 τε
1681 3501 1777 3554 καὶ
1815 3501 2140 3568 Ὀνωριάδος
2176 3497 2385 3550 ὲκεῖθεν
2417 3495 2664 3566 ἐξήλασε.

569 3591 735 3646 XXII.
765 3589 960 3646 Junior
982 3602 1165 3646 autem
1193 3591 1542 3646 Theodosius
1571 3593 2070 3662 Constantinopoli,

2253 3589 2382 3643 ΚΒ.
2427 3591 2487 3641 Ὀ
2526 3591 2738 3659 Μικρὸς
2787 3587 2970 3657 μέντοι
3003 3587 3285 3650 Θεοδόσιος
3314 3589 3373 3640 ὲν
3408 3589 3771 3642 Κωνσταντι-

498 3684 805 3738 Pulcherias
833 3684 1046 3738 sororis
1077 3684 1284 3746 studio,
1328 3684 1624 3753 diligenter
1649 3685 1996 3740 educabatur
2022 3696 2078 3742 et

495 3775 881 3841 erudiebatur,
955 3784 1105 3829 metu
1172 3773 1472 3845 lsdigerdis
1535 3775 1827 3831 Persarum
1910 3778 2077 3846 regis,

498 3867 718 3920 nemine
747 3876 938 3921 contra
971 3881 1068 3921 eos
1099 3866 1442 3937 insurgente.
1479 3867 1616 3922 Nam
1656 3867 1926 3923 Arcadius
1960 3886 2077 3923 mo-

499 3957 646 4011 riens
678 3957 1012 4026 lsdigerdem
1048 3957 1101 4011 in
1131 3967 1484 4023 testamento,
1523 3958 1641 4023 lilii,
1677 3961 1833 4028 pueri
1870 3963 2072 4026 adhuc,

497 4057 556 4102 ut
589 4048 796 4103 dictum
845 4058 951 4115 est,
1002 4058 1244 4104 tutorem
1295 4050 1614 4119 scripserat.
1661 4050 1782 4117 Quo
1831 4052 1922 4106 ille
1977 4069 2073 4107 ac-

491 4148 675 4208 cepto,
709 4141 1041 4195 Antiochum
1075 4141 1454 4195 cunuchorum
1489 4157 1716 4196 suorum
1761 4143 2068 4212 principem

491 4230 660 4295 misit,
701 4231 987 4287 custodem
1033 4239 1089 4286 et
1134 4241 1451 4287 curatorem
1486 4232 1840 4303 imperatoris
1886 4233 2067 4288 Theo-

489 4317 640 4386 disii,
669 4319 967 4376 admonitis
997 4336 1097 4391 per
1120 4321 1335 4378 litteras
1355 4323 1704 4392 proceribus,
1734 4331 1794 4376 ut
1825 4322 2064 4392 impera-

2183 3679 2439 3732 νουπόλει
2495 3679 2720 3743 διάγων,
2783 3677 2935 3746 παρὰ
2991 3677 3326 3748 Πουλχερίας
3401 3679 3504 3746 τῆς
3560 3679 3778 3743 οἰκείας

2188 3771 2422 3840 ἀνήγετο
2483 3769 2754 3837 ἀδελφῆς,
2813 3768 3092 3838 ἐπιμελῶς
3148 3769 3486 3838 τρεφόμενός
3551 3785 3613 3821 τε
3671 3771 3774 3823 καὶ

2183 3863 2606 3933 παιδευόμενος,
2640 3861 2867 3932 μηδενὸς
2902 3861 3339 3930 ἐπανισταμένου
3376 3863 3583 3924 αὐτοῖς.
3614 3863 3774 3933 φόϐῳ

2181 3953 2274 4007 τοῦ
2290 3953 2398 4007 τῶν
2419 3954 2643 4024 Περσῶν
2662 3952 3042 4021 βασιλεύοντος
3064 3952 3183 4021 (72)
3204 3951 3547 4022 Ἰσδιγέρδου.
3580 3954 3642 4006 '0
3659 3954 3775 4024 γὰρ

2182 4044 2471 4113 Ἀρκάδιος
2499 4044 2772 4098 τελευτῶν
2803 4043 3099 4113 ἐπίτροπον
3124 4043 3218 4095 τοῦ
3244 4043 3447 4096 οἰκείου
3485 4043 3605 4096 υίοῦ
3636 4062 3774 4098 παι-

2178 4137 2266 4199 δὸς
2296 4137 2398 4200 ἔτι,
2450 4139 2528 4200 ὡς
2575 4138 2814 4207 εἴρηται,
2855 4136 3027 4199 ὄντος,
3077 4136 3317 4206 ἔγραψεν
3371 4140 3431 4190 ἐν
3479 4139 3776 4208 διαθήκαις

2175 4230 2265 4282 τὸν
2287 4229 2636 4299 Ίσδιγέρδην·
2670 4229 2750 4292 ὃς,
2780 4231 2879 4296 τῆς
2908 4227 3171 4298 διαθήκης
3202 4229 3557 4298 κομισθείσης
3590 4232 3773 4302 αὐτῷ,

2171 4323 2412 4377 ἔστειλεν
2467 4320 2738 4391 Ἀντίοχον
2787 4319 2902 4391 (7'5)
2958 4321 3069 4374 τῶν
3119 4321 3251 4387 παρ’
3301 4321 3452 4391 αὖτῷ
3484 4323 3774 4393 εὐνούχων

1676 4500 1876 4561 Varia:
1908 4499 2219 4563 lectiones
2256 4507 2316 4563 et
2353 4505 2543 4562 notae.

488 4668 662 4736 Agere
694 4677 876 4722 autem
903 4665 1072 4735 coepit
1104 4665 1451 4736 potissimum
1475 4668 1751 4723 Ravennae
1785 4669 2067 4722 Honorius

490 4735 800 4792 Theodosio
827 4737 846 4790 l
870 4747 926 4790 et
951 4735 1255 4790 Rumdrido
1281 4753 1425 4792 coss.
1459 4753 1606 4792 anno
1628 4737 1760 4794 Chr.
1787 4737 1892 4792 603
1916 4747 1975 4791 ut
1995 4753 2064 4793 ex

488 4806 638 4861 illius
663 4805 1168 4875 Constitutionibus
1197 4806 1494 4875 colligitur.
1929 4821 1932 4824 λ

561 4877 672 4946 (69)
715 4876 874 4946 Πρρς
926 4873 1305 4946 Ἀλλὰρᾼιχωκ
1334 4873 1483 4929 'Vide
1533 4876 1843 4946 Eunapium
1873 4876 1928 4930 in
1958 4875 2068 4930 Ma-

439 4923 460 5014 ?
485 4923 864 5014 ιῑτῖἷτῖίρῗῑιέζ
892 4923 1601 5014 ρὲἑέιὲἑίῐιῶξέοτίρἶηῷζ

443 5007 456 5052 ἰ
526 5087 535 5089 _
561 5007 1054 5089 (70)'H.lazg'6iar.
1097 5013 1334 5089 Placidia
1361 5007 1841 5089 ⁸ᾖιοει-(Ϊεοιιιιιειιιιίἰ
1867 5015 2064 5081 conju-

486 5069 583 5156 gis‘,
603 5069 813 5140 obitum
847 5083 1075 5156 Romam
1117 5081 1185 5136 ad
1234 5069 1462 5156 _l'ralrém
1494 5083 1800 5156 Honorium
1832 5069 1890 5138 Se
1922 5069 2058 5156 96..-
2099 5069 2140 5124 Ῑ)

489 5153 635 5214 tulit.
669 5170 825 5223 aquo
857 5153 928 5206 ob
961 5153 1168 5223 aliquas
1203 5153 1513 5223 simultates
1546 5153 1771 5223 remissa
1807 5162 1890 5207 est
1915 5153 2056 5207 Con-

2159 5153 2318 5215 tium,
2359 5167 2414 5222 p.

2174 4666 2268 4720 νῦν
2296 4668 2352 4720 δὲ
2410 4667 2707 4730 Πλακιδίας
2741 4668 2858 4720 ἐστὶ
2891 4667 2992 4736 τῆς
3041 4671 3154 4720 τοῖν
3179 4666 3455 4732 βασιλέοιν
3488 4668 3762 4736 ἀδελφῆς.

2167 4737 2445 4807 incertum
2479 4747 2664 4790 utrum
2693 4739 2893 4791 horum
2927 4738 3257 4805 palntiorum
3301 4737 3571 4805 intelligat
3604 4739 3768 4807 Vigi-

2165 4807 2271 4860 lius
2300 4805 2402 4859 PP.
2429 4807 2482 4858 in
2505 4807 2662 4874 epist.
2688 4807 2720 4859 5
2751 4823 2763 4858 :
2792 4807 2914 4860 ch
2943 4807 3179 4867 dicendo,
3199 4809 3253 4860 in
3285 4817 3462 4859 nostro
3491 4805 3767 4875 obsequio,

2167 4884 2216 4927 et
2250 4878 2306 4928 in
2337 4875 2579 4945 Ecclesia
2611 4875 2836 4944 publice,
2859 4885 2906 4928 et
2937 4878 2990 4929 in
3032 4876 3280 4930 Placidus
3317 4877 3541 4945 ofﬁcium
3578 4877 3771 4931 diaco-

2165 4955 2324 4998 natus
2347 4944 2628 5013 implebas.
2662 4945 2807 5000 Idem
2839 4946 2891 4997 in
2922 4947 3193 4999 sententia
3215 4944 3768 5000 excommunicatio-

2165 5017 2251 5068 nis
2274 5015 2326 5067 in
2350 5013 2700 5068 Theodorum
2734 5033 2746 5068 :
2778 5016 2973 5068 Deinde
3004 5017 3058 5066 in
3089 5015 3244 5067 domo
3278 5013 3618 5078 Placidiana,
3642 5027 3757 5070 etc.

2237 5083 2352 5152 (71)
2391 5082 2695 5155 Ἰωάννης.
2743 5085 2816 5139 De
2852 5100 2963 5155 quo
2984 5083 3405 5155 Olympiodorus
3435 5084 3580 5153 apud
3614 5083 3766 5138 Pho-

2475 5152 2616 5217 196;
2680 5152 2937 5208 Socrates
2995 5152 3160 5215 l.'vn,
3224 5169 3273 5208 c.
3329 5153 3434 5219 25;
3471 5152 3760 5221 Prosper,

488 5221 1053 5293 stantinopolim,eta
1092 5221 1408 5293 Theodosio
1459 5221 1688 5293 Juniore
1719 5232 1969 5293 excepta,
2005 5224 2058 5276 in
2163 5221 2406 5293 IA-tlacius1
2452 5221 2822 5293 Marcellinus.
2895 5223 3196 5293 Procopius
3257 5222 3357 5276 lib.
3416 5238 3479 5276 ιιι
3515 5222 3756 5280 Vandal.

487 5310 550 5347 ea
588 5291 1032 5360 urbe‘reliquum
1063 5291 1188 5346 vitae
1212 5294 1414 5360 exegit,
1442 5291 1680 5345 conditis
1734 5292 1803 5345 ab
1832 5307 1895 5345 ea
1926 5293 2062 5346 dua-

487 5362 593 5417 bus
615 5363 871 5417 domibus
889 5361 1166 5430 Augustis,
1185 5377 1280 5416 seu
1304 5362 1543 5430 palatiis,
1560 5375 1796 5429 quorum
1824 5361 2061 5415 alterum

489 5432 543 5486 in
576 5433 749 5501 prima
788 5432 939 5486 urbis
967 5429 1467 5501 regioneiex’stitit,
1517 5429 1585 5484 de
1609 5446 1717 5501 quo
1761 5431 1975 5501 egimus
2010 5431 2065 5484 in

491 5499 953 5571 Constantinopoli
978 5499 1172 5571 Christ.
1205 5500 1305 5555 lib.
1344 5517 1402 5562 ιι,
1438 5500 1658 5571 δθοῑτῦ,
1683 5516 1739 5554 n.
1772 5500 1825 5562 4,
1858 5508 2062 5571 ςιειιρι.

488 5569 542 5639 β,
567 5587 622 5623 n.
653 5570 678 5622 ι
704 5587 720 5637 ;
747 5569 976 5624 alterum
1002 5569 1065 5639 in
1090 5571 1323 5634 decima,
1352 5571 1511 5639 cujus
1549 5570 1714 5624 situm
1746 5571 1820 5622 ita
1847 5569 2062 5639 deseri:-

488 5636 572 5708 bit
599 5636 860 5704 Syn’esius
886 5640 943 5693 in
985 5638 1148 5708 epist.
1175 5639 1234 5693 6i
1271 5636 1434 5693 hisce
1463 5640 1681 5692 verbis:
1729 5639 1885 5708 Οἰνεί
1917 5638 2068 5708 παρὰ

489 5707 590 5776 τὴν
619 5708 926 5777 βασιλικὴν
985 5707 1184 5773 οἰκίαν,
1248 5709 1308 5777 οὐ
1340 5708 1436 5774 τὴν
1476 5709 1767 5777 δημοσίαν,
1807 5707 1941 5759 ἀλλὰ
1969 5708 2067 5777 τὴν

397 5802 412 5812 -
495 5773 725 5829 κατόπιν
766 5773 961 5844 αὐτῆς,
1014 5778 1138 5845 ἥτις
1220 5773 1638 5844 Ἀὅλαδίουμὲν
1678 5778 1944 5846 πρότερον
1974 5773 2066 5850 ἦν,

2161 5291 2323 5362 Greg.
2367 5291 2697 5362 Turon._l.il
2735 5290 2874 5346 Hist.
2903 5292 3044 5362 cLS,
3071 5303 3125 5345 et
3154 5292 3269 5344 alii.

2236 5359 2347 5429 (72)
2385 5359 2768 5430 Ἰσδιγέρδου.
2831 5363 2906 5414 Ita
2943 5360 3421 5430 Theophanes,p.
3457 5361 3546 5416 69.
3605 5361 3755 5416 lsdi-

2198 5431 2344 5484 erd:e
2372 5431 2675 5484 meminere
2709 5434 3009 5498 scriptores
3057 5429 3440 5490 ecclesiastici,
3487 5430 3753 5486 Socrates

2195 5542 2206 5553 .
2233 5517 2334 5561 vu,
2374 5515 2424 5554 c.
2455 5500 2520 5564 8;
2549 5499 2850 5554 Theodorit
2901 5501 2936 5552 I.
2974 5516 3023 5561 ν,
3054 5516 3104 5552 c.
3142 5501 3249 5564 58;
3305 5499 3570 5566 Evagrius
3598 5501 3638 5553 l.
3673 5519 3749 5565 vr,

2169 5585 2218 5624 c.
2258 5571 2356 5633 l9;
2391 5567 2688 5637 Nicephor.
2737 5569 2771 5622 Ι.
2826 5585 2935 5632 xw,
2973 5585 3024 5623 c.
3067 5569 3357 5639 l;Agath.
3412 5570 3450 5622 l.
3493 5585 3566 5633 IV,
3600 5569 3750 5625 idem

2172 5639 2493 5706 Thenpban.
2524 5655 2579 5706 p.
2616 5639 2703 5692 71.

2245 5711 2355 5776 (75)
2399 5708 2722 5774 Ἀντίοχον.
2759 5708 2861 5774 Qui
2923 5722 3033 5762 non
3090 5709 3231 5762 alius
3273 5707 3493 5776 videtur
3547 5708 3618 5761 ab
3654 5708 3749 5764 illo

2172 5775 2466 5841 Antiocho,
2494 5793 2654 5847 quem
2687 5779 2950 5850 Synesius
2997 5779 3158 5849 epist.
3207 5777 3306 5832 ΗΟ
3339 5796 3353 5833 :
3383 5775 3454 5832 Τὸ
3480 5778 3626 5847 ἱερὸν
3658 5780 3754 5833 ἀν-
