4026 6404
286 391 424 456 1185

1513 380 1922 445 ANNALIUM
1962 381 2109 441 LIB.
2151 380 2326 445 XIII.

3404 384 3544 453 1186

280 509 375 565 τὸν
431 506 804 579 ἐντιμότερον,
859 505 1077 576 φύλακα
1124 503 1221 559 τοῦ
1279 503 1547 577 βασιλέως
1583 502 1857 557 Θεοδοσίου

1967 501 2072 555 tori
2105 517 2206 556 suo
2239 510 2496 574 parerent
2529 520 2543 556 :
2577 502 2724 574 quod
2760 504 2868 561 nisi
2899 503 3182 572 fecissent,
3219 521 3279 563 se
3315 506 3543 578 injurias

282 601 377 653 καὶ
411 600 686 670 κηδεμόνα
742 599 1036 669 ἐσόμενον·
1091 598 1428 667 παραινέσας
1466 597 1552 650 διὰ
1595 595 1865 665 γραμμά-

283 709 392 744 των
431 691 558 754 τοὺς
608 691 876 760 ἄρχοντας
921 691 1169 743 ὑπείκειν
1215 689 1292 760 τῷ
1333 689 1581 758 σφετέρῳ
1615 687 1861 756 βασιλεῖ·

281 780 332 832 εί
383 777 441 831 δὲ
497 779 570 848 μὴ
631 776 775 830 οὕτω
831 779 1055 841 ποιοῖεν,
1107 776 1412 845 ἀπειλήσας
1465 775 1652 834 αὐτοῖς
1701 772 1865 834 αὐτὸς

283 869 572 935 ἐπιστῆναι
617 869 696 929 είς
741 868 1022 936 ἐκδίκησιν
1057 869 1151 920 τοῦ
1204 867 1414 928 παιδός.
1462 864 1652 935 Τούτῳ
1682 865 1864 916 τοίνυν

278 960 456 1012 τελεῖν
497 959 725 1029 ήγμένῳ
775 961 855 1021 είς
895 959 1184 1028 μείρακας,
1233 959 1266 1028 ή
1314 956 1514 1027 ἀδελφὴ
1561 953 1865 1026 Πουλχερία

281 1050 650 1122 μνηστεύεται
677 1049 776 1120 τὴν
809 1050 868 1116 ἐξ
907 1032 1148 1120 Ἀθηνῶν
1183 1049 1469 1115 Εὐδοκίαν,
1501 1047 1730 1110 κάλλους
1765 1046 1863 1115 μὲν

278 1142 510 1211 ἔχουσαν
536 1140 826 1211 περιττῶς,
861 1141 1053 1210 σοφίας
1095 1139 1152 1192 δὲ
1185 1138 1568 1210 μετασχοῦσαν
1597 1137 1865 1190 παντοδα-

280 1231 407 1303 πῆςῖ
461 1233 533 1287 Ἠ
583 1232 832 1302 θυγάτηρ
867 1233 967 1302 μὲν
1002 1228 1070 1304 ἦν
1116 1232 1370 1286 Λεοντίου
1400 1230 1513 1300 (74)
1539 1230 1685 1293 τινὸς
1714 1229 1865 1298 φιλο-

281 1324 449 1394 σόφου
501 1325 800 1396 ’Λθήνηθεν
849 1324 1182 1395 ὡρμημένου
1209 1341 1223 1356 ο
1267 1322 1520 1394 Ἀθηναϊς
1567 1323 1611 1375 δ’
1643 1319 1865 1390 ὠνομά-
1919 1386 1921 1390 η

279 1416 423 1480 ζετο.
461 1417 561 1487 Ὃς
595 1417 755 1485 γνοὺς
785 1415 845 1480 ἐξ
869 1417 1180 1487 ἐπιστήμης
1221 1415 1520 1485 εὐτυχῆσαι
1558 1413 1862 1484 μέλλουσαν

275 1507 377 1579 τὴν
419 1486 696 1577 θύγατέρα
737 1506 1036 1577 λαμπρῶς,
1076 1503 1473 1574 διατιθέμενος,
1507 1505 1608 1571 τήν
1639 1502 1739 1571 μὲν
1771 1518 1865 1553 πε-

279 1599 531 1669 ριουσίαν
561 1597 726 1651 αὐτοῦ
763 1601 876 1661 τοῖς
925 1600 1059 1660 υἱοῖς
1091 1597 1450 1650 καταλέλοιπε
1489 1593 1606 1662 (δύο
1647 1592 1692 1645 δ’
1722 1588 1861 1663 ἦσαν

278 1691 579 1760 Οὐαλέριος
640 1691 734 1742 καὶ
795 1690 1098 1756 Γενέσιος),
1155 1689 1229 1758 τῇ
1267 1687 1324 1740 δὲ
1375 1684 1612 1755 θυγατρὶ
1667 1684 1861 1736 ἐκατδν

280 1783 570 1852 χρυσίνους
599 1781 793 1850 μόνους
826 1781 1046 1850 δοθῆναι
1077 1778 1380 1849 ἐπέσκηψε,
1413 1777 1632 1849 γράψας
1667 1777 1861 1846 ἀρκεῖν

1968 593 2124 662 pueri
2156 609 2280 647 non
2299 609 2420 649 esse
2454 597 2857 666 neglecturum.
2886 598 3005 654 Jam
3040 599 3360 668 pubescenti
3386 615 3543 656 soror

1967 681 2254 736 Pulcheria
2330 683 2630 739 Eudociam
2715 687 3112 742 Atheniensem
3193 688 3539 758 despondet,

1967 769 2140 825 forma
2169 774 2458 828 excellenti
2503 775 2812 843 praeditam,
2860 785 2917 830 et
2957 779 3107 832 omni
3139 779 3405 834 doctrinae
3449 798 3542 852 ge-

1965 872 2101 913 nere
2133 861 2482 928 perpolitam.
2512 862 2643 916 Erat
2677 879 2742 917 ea
2775 863 2996 920 Leontii
3036 867 3325 936 cujusdam
3371 869 3542 924 Athe-

1965 949 2178 1004 niensis
2211 951 2526 1019 philosophi
2562 953 2695 1017 lilia,
2727 963 2783 1008 et
2826 957 3091 1012 Athenais
3123 962 3538 1027 nominabatur,
3579 1001 3583 1010 .

1965 1041 2058 1110 qui
2095 1056 2219 1096 cum
2280 1058 2398 1098 eam
2431 1044 2770 1114 splendidam
2805 1047 3076 1103 fortunam
3121 1062 3540 1108 consecuturam

1963 1144 2031 1182 ex
2060 1139 2176 1184 arte
2200 1134 2568 1201 cognovisset,
2611 1144 2939 1192 testamento
2985 1154 3113 1193 suas
3141 1155 3276 1209 epes
3322 1143 3542 1199 duobus

1964 1219 2094 1276 ﬁliis
2146 1223 2466 1292 reliquerat,
2500 1226 2719 1281 Valerio
2761 1235 2817 1281 et
2864 1228 3120 1296 Genesio,
3169 1231 3294 1287 tiliae
3329 1243 3538 1290 tantum

1963 1323 2183 1369 centum
2218 1317 2404 1371 aureis
2447 1317 2658 1388 legatis,
2693 1319 2796 1373 hac
2840 1319 3054 1390 adjecta
3089 1323 3356 1390 clausula,
3390 1329 3538 1396 quod

1962 1402 2182 1459 fortuna
2210 1406 2332 1475 ejus
2359 1407 2656 1461 sutiectura
2689 1408 2741 1462 ei
2765 1419 2932 1464 esset.
2966 1411 3188 1467 Fratres
3237 1415 3407 1484 igitur
3437 1434 3539 1487 pa-

1966 1496 2230 1550 trimonio
2289 1497 2396 1553 sibi
2446 1491 2760 1564 vend'icato,
2814 1502 3178 1558 Athenaidem
3239 1506 3536 1577 legitimam

1963 1602 2116 1641 suam
2147 1589 2539 1656 postulantem,
2571 1601 2627 1646 et
2676 1601 3066 1648 testamentum
3113 1596 3327 1667 injuriae
3375 1616 3541 1654 accu-

1964 1689 2201 1744 santem,
2262 1682 2510 1751 paternis
2567 1683 2731 1738 etiam
2784 1685 2998 1741 aedibus
3042 1698 3362 1758 exegerunt.
3420 1691 3536 1758 Qua

1963 1778 2257 1824 matertera
2287 1782 2560 1841 suscepta,
2599 1782 2656 1827 et
2678 1773 3215 1848 ConstantinOpolim
3245 1782 3535 1850 perducta,

276 1875 413 1944 αὐτῇ
453 1874 552 1942 τήν
585 1871 756 1943 τύχην
798 1872 990 1941 αὐτῆς.
1027 1871 1151 1925 Τῶν
1205 1869 1339 1939 γοῦν
1384 1867 1665 1937 συγγόνων
1688 1867 1857 1934 αὐτῆς

1963 1877 2126 1915 causa
2172 1865 2420 1932 exposita
2473 1864 2777 1921 Pulcher-ite
2838 1869 3170 1937 supplicant.
3223 1873 3356 1939 Quae
3410 1890 3535 1929 cum

278 1966 762 2037 σφετερισαμένων
790 1964 890 2036 τὴν
959 1963 1233 2035 πατρικὴν
1267 1963 1477 2028 οὐσίαν,
1524 1962 1556 2031 ἡ
1607 1957 1859 2030 Ἀθηναῒς

283 2056 516 2126 νόμιμον
553 2057 616 2109 τὸ
653 2059 857 2110 οἰκεῖον
915 2057 1117 2128 ἀπῄτει
1156 2055 1354 2124 λάχοςο
1399 2053 1494 2106 καὶ
1532 2051 1688 2122 ήξίου
1733 2053 1860 2112 τοὺς

277 2147 541 2213 ἀδελφοὺς
580 2147 656 2216 μή
679 2146 820 2198 κατὰ
845 2145 943 2209 τὰς
967 2145 1063 2198 τοῦ
1108 2144 1318 2214 πατρὸς
1345 2142 1612 2213 διαθήκας
1635 2139 1859 2202 ἀδίκους

279 2237 445 2299 οὔσας
491 2239 689 2291 ποιεῖν.
726 2236 789 2289 Οί
830 2236 887 2288 δὲ
928 2236 1024 2289 καὶ
1071 2237 1173 2305 τῆς
1220 2234 1398 2296 οἰκίας
1444 2234 1616 2305 αὐτὴν
1650 2231 1860 2297 ἐξῶσαν

275 2329 375 2398 τῆς
416 2327 715 2397 πατρικῆς.
766 2327 1049 2398 Δεξαμένη
1083 2328 1267 2380 τοίνυν
1308 2326 1545 2396 αὐτὴνή
1587 2323 1722 2393 πρὸς
1755 2338 1857 2393 μη-

273 2419 402 2489 τρδς
473 2419 592 2473 θεία
677 2419 1008 2491 ἀνελήλυθεν
1090 2420 1170 2482 είς
1233 2415 1855 2472 Κωνσταντινούπολιν⁶

276 2508 371 2561 καὶ
424 2509 525 2577 τῆς
595 2508 934 2579 Πουλχερίας
995 2507 1237 2571 ἐδέοντο,
1316 2506 1674 2577 διηγούμεναι
1756 2503 1857 2574 τήν

277 2600 556 2654 ὑπόθεσιν.
593 2600 805 2653 ’ἰδοῦσα
865 2599 910 2653 δ’
963 2600 1149 2669 ἐκείνη
1186 2600 1288 2669 τὴν
1331 2599 1501 2669 κόρην
1548 2597 1855 2669 περικαλλῆ

243 2689 370 2745 ’καὶ
437 2692 771 2758 νεάζουσαν,
828 2693 995 2764 ἤρετο
1047 2691 1097 2744 εί
1157 2689 1457 2760 ἀπείρατος
1521 2689 1602 2742 ἔτι
1661 2688 1856 2750 ἀνδρός

274 2786 432 2836 ἐστι’
503 2785 598 2838 καὶ
669 2781 874 2851 γνοῦσα
951 2782 1132 2848 τοῦτο,
1199 2782 1451 2853 βαπτίζει
1523 2781 1699 2852 αὐτὴν
1775 2779 1856 2832 ἔτι

274 2870 442 2928 οὖσαν
486 2875 754 2945 ἀμύητον,
809 2877 904 2928 καὶ
956 2875 1220 2928 Εὐδοκίαν
1272 2873 1713 2944 μετονομάσασα,
1769 2871 1849 2943 τῷ

272 2967 487 3038 ἀδελφῷ
550 2959 752 3039 ταύτην
830 2968 1098 3036 Θεοδοσίῳ
1165 2965 1530 3035 συζεύγνυσι,
1590 2968 1686 3018 καὶ
1741 2965 1856 3018 δια-

272 3061 474 3130 δήματι
532 3053 727 3112 ταινιοῖ
785 3060 880 3113 καὶ
929 3058 1250 3127 Αὐγούσταν
1321 3058 1500 3111 καλεῖ.
1559 3058 1750 3127 Γήμας
1798 3058 1855 3110 δὲ

272 3155 478 3225 ταύτην
529 3157 557 3207 ὁ
610 3155 890 3217 Θεοδόσιος
927 3153 1018 3206 τὸν
1064 3151 1364 3220 Ἀντίοχον,
1401 3149 1458 3214 ὃς
1499 3149 1599 3203 τῶν
1641 3149 1854 3220 βασιλι-

1965 1955 2198 2022 puellam
2239 1956 2718 2026 formosissimam,
2748 1968 2802 2016 et
2852 1962 3065 2034 integra
3104 1971 3266 2019 aetate
3302 1980 3425 2021 esse
3454 1968 3538 2021 vi-

1963 2046 2153 2110 disset,
2202 2050 2391 2119 rogati,
2425 2050 2506 2104 An
2540 2052 2724 2107 adhuc
2763 2053 2862 2106 viri
2889 2069 3085 2124 expers
3113 2057 3295 2111 esset?
3338 2073 3405 2113 eo
3441 2075 3538 2114 co-

1960 2138 2134 2207 gnito,
2163 2139 2404 2209 baptizat
2433 2141 2625 2198 rudem
2662 2144 2844 2200 adhuc
2875 2145 3199 2201 Christiame
3232 2149 3535 2220 religionis,

1959 2238 2018 2284 et
2047 2240 2258 2286 mutato
2283 2235 2402 2303 ejus
2426 2235 2651 2290 nomine
2701 2237 2754 2289 in
2803 2237 3125 2305 Eudociam,
3166 2240 3321 2295 fratri
3351 2243 3538 2296 Theo-

1961 2319 2120 2374 dosio
2154 2321 2488 2390 despondet,
2541 2324 2853 2379 diademate
2910 2334 3094 2392 ornat,
3136 2335 3193 2382 et
3237 2333 3536 2398 Augustam

1960 2411 2220 2479 appellat.
2265 2411 2378 2468 Hac
2424 2427 2595 2468 uxore
2633 2415 2798 2470 ducta
2844 2415 3210 2480 Theodosius,
3261 2417 3537 2473 Antiocho

1962 2499 2514 2570 interimperatorios
2556 2502 2660 2575 41
2711 2507 2998 2561 eunuchos
3045 2507 3446 2576 potentissimo,
3481 2519 3537 2564 et

1957 2591 2142 2644 omnia
2174 2608 2272 2660 pro
2297 2592 2553 2662 imperio,
2585 2610 2693 2649 non
2724 2609 2824 2664 pro
2853 2595 3070 2665 imperii
3103 2597 3358 2652 ministro
3383 2615 3535 2653 com-

1959 2681 2238 2743 miscenti,
2299 2685 2581 2752 praepositi
2655 2685 2922 2740 honorem
2993 2687 3206 2753 adimit,
3278 2692 3536 2745 omnibus

1956 2771 2122 2826 etiam
2155 2771 2356 2840 opibus
2388 2775 2620 2843 ereptis.
2655 2775 2706 2830 ls
2743 2791 2874 2831 vero
2905 2777 3181 2845 tondetur,
3218 2788 3273 2833 et
3306 2779 3536 2837 Chalce-

1963 2861 2228 2918 donensis
2260 2864 2515 2921 Ecclesiae
2547 2865 2605 2919 fit
2637 2868 2873 2923 clericus
2901 2870 2956 2924 in
2989 2871 3104 2924 aede
3141 2873 3356 2944 inclytte
3388 2889 3535 2928 mar-

1960 2955 2097 3024 tyris
2125 2955 2466 3024 Eupltemize,
2499 2972 2602 3012 nec
2637 2960 2810 3014 multo
2841 2970 2965 3029 post
3007 2963 3268 3019 moritur.
3307 2965 3376 3019 At
3425 2966 3538 3020 Eu-

1957 3047 2113 3102 docia
2149 3049 2468 3118 imperatrix
2495 3051 2694 3107 fratres
2722 3054 2978 3121 accersit,
3015 3071 3193 3125 neque
3229 3057 3366 3112 irata
3401 3059 3534 3124 illis,

1958 3139 2052 3193 sed
2118 3141 2324 3210 gratias
2377 3143 2564 3210 potius
2615 3159 2818 3214 agens,
2883 3156 2944 3202 ut
3013 3148 3298 3218 dignitatis
3363 3159 3529 3205 tanta:

273 3245 387 3298 κῶν
446 3243 720 3314 εὐνούχων
773 3245 1017 3314 ὑπῆρχεν
1075 3245 1103 3296 ὁ
1149 3242 1462 3312 κράτιστος,
1519 3241 1618 3293 καὶ
1673 3239 1850 3292 πάντα

1958 3232 2278 3286 auctoribus
2308 3233 2435 3301 (nisi
2473 3235 2622 3288 enim
2665 3236 2732 3290 ab
2767 3237 2849 3291 eis
2895 3247 3083 3292 exacta
3134 3239 3348 3305 fuisset,
3387 3258 3532 3296 nun-

277 3334 552 3389 συνεκύκα
609 3333 976 3400 δυναστεύων,
1039 3334 1100 3387 οὐ
1163 3331 1684 3403 παραδυναστεύων,
1719 3332 1856 3383 ἀποο

276 3425 598 3489 σκευάζεται
625 3425 758 3495 (75).
789 3425 902 3478 Kal.
935 3422 1112 3488 οὕτως
1143 3422 1484 3492 παραλύεται
1514 3424 1544 3475 ό
1581 3422 1855 3491 Ἀντίοχος

273 3514 375 3585 τῆς
441 3514 536 3568 τοῦ
608 3515 974 3584 πραιποσίτου
1023 3514 1229 3585 τιμῆςο
1293 3514 1609 3583 ἀφαιρεῖται.
1654 3511 1711 3565 δὲ
1763 3511 1858 3565 καὶ

275 3607 457 3659 πᾶσαν
503 3605 601 3676 τὴν
652 3604 911 3677 ὕπαρξιν,
971 3603 1136 3667 αὐτὸς
1181 3603 1240 3658 δὲ
1296 3603 1544 3674 κείρεται
1593 3601 1856 3680 κληρικὺς

275 3699 352 3760 είς
378 3695 470 3750 τὸν
488 3699 545 3750 ἐν
574 3696 884 3766 Χαλκηδόνι
919 3694 1045 3748 ναὸν
1071 3693 1172 3764 τῆς
1195 3694 1446 3764 πανευφή
1457 3709 1558 3763 μου
1581 3693 1856 3763 μάρτυρος

273 3788 587 3859 Εὐφημίας,
619 3786 712 3840 καὶ
760 3787 984 3856 θνήσκει
1042 3784 1161 3854 μετ’
1212 3785 1272 3836 οὐ
1329 3784 1490 3837 πολύ.
1549 3783 1616 3836 Ἦ
1661 3783 1717 3836 δὲ
1764 3781 1858 3852 βα-

275 3881 417 3943 σιλὶς
473 3878 704 3944 Εὐδοκία
765 3875 1154 3947 μετακαλεῖται
1212 3875 1338 3937 τοὺς
1405 3872 1691 3940 ἀδελφοὺς,
1761 3871 1857 3926 καὶ

277 3971 448 4040 μηδὲν
481 3970 664 4030 αὐτοῖς
715 3967 1016 4038 μηνίσασα,
1064 3966 1200 4018 ἀλλά
1238 3964 1466 4034 χάριτας
1495 3963 1698 4034 μᾶλλον
1728 3965 1859 4033 ὁμο·

275 4062 577 4129 λογήσασα,
633 4058 710 4120 ῶς
762 4058 863 4110 οὐκ
915 4058 983 4110 ἂν
1010 4055 1251 4125 τυχοῦσα
1300 4054 1399 4124 τῆς
1450 4053 1752 4123 βασιλείας,
1805 4054 1856 4106 εί

281 4153 358 4224 μὴ
412 4151 544 4221 παρ’
605 4150 785 4203 αὐτῶν
839 4148 1074 4217 ἐξώσθη,
1132 4148 1227 4200 καὶ
1280 4145 1370 4199 διὰ
1414 4145 1572 4198 τοῦτο
1611 4146 1693 4208 είς
1756 4145 1856 4215 τὴν

277 4241 855 4298 Κωνστα-ιτινούπολιν
909 4241 1254 4310 πεπόρευτο,
1320 4238 1410 4290 τὸν
1471 4238 1572 4307 μὲν
1604 4237 1854 4290 Γενέσιον

275 4323 516 4407 ἔπαρχον
543 4333 652 4387 τῶν
694 4332 969 4402 Ἰλλυριῶν
997 4331 1086 4384 διὰ
1112 4329 1208 4383 τοῦ
1242 4329 1510 4400 βασιλέως
1541 4328 1812 4399 πεποίηκε
1836 4345 1852 4362 ο

275 4431 365 4484 τὸν
393 4431 449 4483 δὲ
480 4428 774 4498 Οὐαλέριον
812 4423 1178 4495 (76)’ἐτίμησε
1218 4424 1542 4494 μὰγιστρον.
1580 4424 1638 4476 Ὀ
1669 4423 1854 4493 μέντοι

275 4521 622 4592 πατριάρχης
664 4519 908 4581 Ἀττικὸς
945 4516 1204 4571 Ἱουδαῖόν
1237 4515 1350 4588 (77)
1379 4531 1503 4570 τινα
1537 4513 1852 4586 παράλυτον

1959 3337 2124 3392 quam
2161 3333 2450 3380 venturam
2487 3327 2655 3381 fuisse
2689 3331 3252 3399 Constantinopolim)
3296 3332 3532 3388 Gcnosio

1957 3416 2338 3485 praefecturam
2394 3418 2704 3488 Illyriorum
2749 3420 2818 3474 ab
2868 3421 3199 3490 imperatore
3251 3426 3530 3495 impetrat,

1959 3507 2234 3563 Valerium
2273 3511 2519 3580 magistri
2553 3511 2763 3568 honore
2813 3513 3000 3568 donat.
3035 3515 3149 3572 Su!)
3202 3515 3253 3569 id
3291 3525 3528 3587 tempus,

1959 3599 2180 3656 Atticus
2205 3604 2520 3672 patriarcha
2547 3605 2798 3659 Judaeum
2837 3607 3132 3674 quemdam
3172 3609 3530 3679 paralyticum

1957 3693 2182 3748 monitis
2216 3694 2271 3747 in
2299 3694 2513 3750 Christi
2555 3697 2925 3766 cognitionem
2972 3696 3323 3765 perductum,
3373 3713 3530 3754 sacro

1955 3783 2178 3838 lavacro
2226 3793 2312 3839 est
2362 3785 2642 3856 dignatus,
2675 3795 2732 3841 et
2778 3802 2974 3841 sanum
3024 3805 3091 3842 ex
3138 3805 3281 3858 aqua
3316 3793 3527 3844 eduxit.

1961 3874 2061 3930 Hic
2087 3877 2254 3930 etiam
2286 3879 2460 3932 sancti
2489 3877 2871 3949 Chrysostomi
2920 3895 3118 3934 nomen
3167 3882 3219 3934 in
3273 3882 3531 3938 Ecclesiae

1957 3967 2218 4039 diptycha
2249 3959 2458 4031 retulit,
2498 3968 2652 4036 prius
2683 3984 2790 4021 non
2826 3969 3177 4037 inscriptum.
3225 3969 3360 4024 Nam
3401 3973 3530 4026 reli-

1955 4057 2298 4128 giosissimus
2340 4059 2432 4112 ille
2463 4067 2640 4128 pater,
2673 4057 2982 4128 Origenista
3024 4069 3106 4118 et,
3124 4061 3428 4115 vocabatur
3473 4073 3530 4117 et

1956 4147 2281 4203 habebatur.
2314 4150 2496 4203 Attico
2527 4157 2770 4212 mortuo,
2800 4149 2894 4219 qui
2926 4165 2995 4203 xx
3036 4165 3211 4206 annos
3257 4153 3422 4206 coetui
3466 4153 3531 4206 fi-

1955 4240 2160 4295 delium
2204 4240 2518 4310 praefuerat,
2561 4239 2836 4296 Sisinnius
2879 4243 3122 4313 eligitur,
3155 4252 3211 4298 et
3246 4244 3526 4298 biennium

1955 4331 2275 4402 pontificatu
2324 4332 2571 4396 functus,
2619 4333 2787 4387 vitam
2832 4348 2958 4388 cum
3006 4343 3181 4400 morte
3226 4346 3530 4392 commutat

1955 4439 2100 4480 anno
2127 4425 2344 4493 imperii
2377 4423 2674 4478 Theodosii
2702 4441 2833 4490 χχιι,
2861 4425 2916 4480 in
2949 4427 3108 4496 cujus
3137 4427 3320 4482 locum
3352 4429 3528 4483 intro-

1956 4515 2160 4570 ductus
2205 4523 2292 4570 est
2349 4514 2662 4578 Nestorius,
2716 4516 2811 4585 qui
2856 4531 2985 4571 cum
3034 4517 3333 4573 triennium
3385 4535 3529 4590 prte-

1495 4637 1702 4700 Varite
1740 4635 2049 4699 lectiones
2073 4643 2136 4700 et
2181 4643 2372 4701 notae.

275 4769 552 4840 θρὼπιον,
584 4771 648 4840 το
699 4765 973 4840 βέλτιστον
1025 4765 1274 4840 μὲν-τούς
1303 4765 1640 4840 τρόπουςηες

279 4827 473 4891 aia-too
508 4827 564 4890 δὲ
588 4827 872 4907 τῆν’ὅψιν,
895 4827 1170 4907 t‘uisseait
1194 4827 1507 4907 :_cujusque
1565 4827 1848 4907 fuit_pala-

278 4907 436 4972 tium,
464 4908 610 4979 quod
645 4898 729 4979 'de
768 4898 897 4979 'eju's
947 4898 1457 4979 nornineAtttiochi
1507 4898 1840 4979 appellatum

274 4988 378 5041 est,
419 4968 896 5031 ut‘docuimus—in
930 4984 1116 5029 nostra
1151 4970 1628 5041 Constantinopoli,
1660 4968 1845 5041 lib._tt,

274 5039 410 5102 sect.
443 5048 532 5109 16,
578 5062 632 5098 ιι.
670 5046 722 5109 5,
783 5045 852 5098 de
889 5060 998 5114 quo
1025 5045 1189 5098 etiam
1223 5039 1628 5114 intelligendus
1672 5039 1848 5114 codex

275 5133 377 5170 ms.
411 5133 478 5170 ex
512 5107 846 5170 bibliotheca
880 5107 1012 5185 Reg.
1041 5114 1182 5185 sign.
1216 5111 1375 5185 1261,
1409 5107 1514 5172 hoc
1564 5107 1722 5185 titulo
1740 5109 1849 5185 Συο

278 5187 425 5256 μεὼν
463 5179 1452 5256 πρωτοδε-στἀρχηςῖτῶνζἈντιόχου,
1489 5179 1846 5256 qtt_i__quidetn

274 5248 358 5310 est
382 5248 672 5328 Symeonis
704 5248 888 5328 senii;
912 5248 1076 5328 liber
1108 5251 1182 5304 De
1213 5248 1499 5328 alimentis:
1555 5248 1851 5328 Videpraao

278 5316 440 5380 terea'
463 5325 733 5379 (Lodinum
757 5325 814 5378 in
849 5322 1002 5392 Orig.
1037 5316 1504 5392 Constantinopol.
1525 5333 1599 5392 _t_t.
1629 5317 1748 5392 ιοι.

343 5397 452 5466 (74)
484 5396 798 5466 Λεοντίου.
836 5385 1226 5466 ipsa'Eudocia
1255 5393 1322 5443 de
1357 5385 1416 5442 se
1446 5387 1500 5440 in
1523 5385 1851 5457 Metaphrasi

275 5461 625 5529 Octateuchi,
659 5463 805 5532 apud
835 5461 1093 5517 Photium
1128 5479 1142 5515 :

445 5568 676 5639 Εὐδοκίη
714 5567 963 5638 βασίλεια
997 5565 1255 5629 Λεοντιὰς
1279 5562 1631 5634 εὐπατέρεια.

273 5677 408 5734 Vide
433 5677 733 5733 Stemmata
769 5671 1088 5745 Byzantina.

338 5749 453 5818 (75)
497 5735 1017 5818 ’ᾼποοςκευᾶζεζαα
1048 5743 1217 5818 Anno
1251 5737 1544 5818 Theodosii
1571 5737 1639 5794 ν.
1660 5735 1848 5818 Theo-

273 5808 448 5887 pltea.
478 5835 492 5874 :
528 5815 620 5887 Τῷ
646 5815 690 5869 δ’
723 5815 876 5884 αὐτῷ
905 5812 1017 5866 ἐτει
1048 5810 1320 5887 Ἀντίοχος
1350 5812 1379 5862 ὁ
1399 5810 1636 5878 ,Πέρσης
1687 5808 1852 5861 ἐκπο-

1025 4761 1274 4835 μέν-τούς
1303 4758 1836 4835 τρόπουςηείδεχθέ-
1874 4747 1919 4802 D
1944 4758 2051 4835 δῶν
2086 4758 2425 4835 γέγονεηκαὶ
2455 4758 2494 4835 ή-
2524 4759 2924 4835 μακαριωτάτη
2948 4757 3280 4835 ’Πουλχερία
3308 4757 3529 4835 τελείως

1951 4829 2058 4882 τῶν
2091 4827 2435 4899 πραγμάτων
2477 4827 2806 4898 ἐκράτησεν.
2859 4827 2960 4884 Ubi
3015 4827 3260 4881 ἐκποδὼν
3309 4831 3529 4895 γέγονε,

1953 4914 2062 4952 non
2098 4908 2202 4960 est,
2251 4914 2279 4950 e
2314 4899 2438 4952 vivis
2482 4901 2721 4964 excessit,
2790 4909 2850 4953 ut
2884 4899 3048 4952 vertit
3099 4900 3395 4966 interpres,
3431 4900 3527 4952 sed

1954 4976 2208 5038 potestate
2229 4976 2279 5019 et
2301 4985 2474 5021 rerum
2496 4970 2957 5022 administratione
2986 4970 3194 5021 excidit.
3220 4969 3355 5023 Nam
3386 4983 3530 5023 anno

1954 5037 2175 5092 demum
2205 5039 2273 5092 56
2301 5037 2608 5093 Antioohus
2633 5039 2789 5093 bonis
2821 5038 3118 5108 publicatis
3139 5038 3374 5092 clericus
3406 5053 3530 5093 esse

1947 5109 2136 5178 jussus
2161 5119 2266 5172 est,
2297 5118 2354 5164 ut
2387 5109 2552 5162 habet
2587 5109 2728 5162 idem
2759 5109 3137 5176 ’l‘tieOphanes.

2026 5178 2137 5249 (76)
2165 5178 2512 5249 Οὐαλέριον.
2561 5178 2831 5249 Valerium
2881 5175 3199 5249 ttiagislrum
3224 5175 3527 5249 ofﬁciorum

1947 5246 2154 5302 habent
2183 5248 2330 5317 leges
2354 5249 2565 5317 aliquot
2617 5247 2914 5317 Theodosii
2955 5246 3199 5301 Junioris
3249 5247 3528 5317 subanno

1945 5318 2070 5379 455,
2105 5319 2160 5371 in
2189 5315 2261 5372 C.
2304 5319 2404 5372 Th.
2435 5315 2473 5371 l7.
2507 5318 2604 5371 ult.
2637 5318 2704 5371 de
2747 5316 2987 5386 princip.
3036 5325 3215 5386 agent.
3245 5325 3300 5369 et
3329 5316 3427 5369 ult.
3457 5315 3527 5370 de

1949 5392 2187 5442 metatis.
2234 5386 2512 5443 Valerium
2567 5385 2821 5441 comitem
2874 5385 3528 5454 rerum’privatarumet

1948 5459 2206 5512 comitem
2263 5473 2542 5512 sacrarum
2595 5458 2944 5526 largitionum
2989 5457 3090 5526 sub
3137 5471 3281 5526 anno
3328 5458 3433 5510 425
3468 5465 3526 5510 et

1949 5529 2075 5591 427,
2137 5537 2406 5581 memorat
2455 5527 2595 5579 idem
2662 5525 2834 5580 codex
2905 5525 3335 5581 Theodosianus.
3390 5526 3524 5582 Vide

1952 5595 2149 5651 Chron.
2177 5596 2471 5650 Alemandr.
2505 5613 2559 5665 p.
2590 5596 2712 5658 722,
2741 5595 2865 5650 724.

2026 5667 2138 5736 (77)
2175 5666 2479 5728 Ἰουδαῖον.
2526 5668 2738 5720 Socrat.
2792 5668 2888 5722 lib.
2920 5683 3018 5729 vn,
3066 5665 3288 5732 ,capJ;
3342 5665 3527 5719 Theo-

1955 5737 2185 5806 phanes,
2237 5751 2380 5790 anno
2411 5738 2445 5788 2
2476 5737 2771 5791 Theodosii
2805 5738 2933 5793 Jun.
2994 5737 3159 5790 Attici
3207 5750 3338 5789 vero
3374 5737 3524 5790 Patr.

1955 5806 2426 5878 Constantinopol.
2453 5808 2774 5862 memoriam
2807 5816 2977 5879 agunt
2998 5806 3172 5863 Graeci
3206 5806 3526 5867 8Januarii.
