4026 6406
479 359 618 427 1187

1775 353 2099 417 JOANNIS
2137 353 2460 415 ZONARIE

3589 351 3730 417 1188

475 469 701 536 fuisset,
729 467 919 525 docuit
953 477 1195 525 sanctam
1224 468 1504 539 Virginem
1525 464 1763 522 Mariam
1797 483 1906 522 non
1932 481 2054 522 esse

2177 467 2239 528 εἰς
2265 465 2563 533 ἐπίγνωσιν
2585 459 2677 515 τοῦ
2702 460 2941 533 Χριστοῦ
2966 461 3056 516 διὰ
3081 461 3457 530 παραινέσεων
3481 465 3732 536 ἀγαγὼν.

475 561 764 631 Deiparam
831 560 1145 627 dicendam,
1199 561 1485 621 Christum
1553 575 1686 616 vero
1733 575 1842 615 non
1900 558 2051 613 aliud

477 653 586 708 nisi
616 653 896 708 hominem
919 668 1040 709 esse
1066 653 1350 709 asserebat
1377 670 1391 708 :
1421 654 1477 707 in
1502 667 1682 722 eoque
1710 653 1807 707 Dei
1828 650 2051 716 Filium,

481 753 544 798 ut
595 745 652 798 in
711 745 982 814 propheta
1039 745 1299 813 quopiam
1367 743 1647 798 habitasse
1722 741 2052 810 nugahatur,

479 851 719 906 eumque
766 836 1088 906 bipertiens,
1134 835 1460 896 afﬁrmabat,
1509 835 1603 888 Dei
1652 834 1895 890 Verbum
1942 845 2054 886 non

481 926 784 995 sumpsisse
817 941 1036 980 carnem
1067 941 1098 980 e
1121 934 1271 980 casto
1298 923 1566 994 sanguine
1591 923 1783 976 matris
1813 920 1932 983 Dei,
1958 918 2056 974 sed

485 1016 656 1074 alium
705 1029 828 1068 esse
867 1015 1064 1068 Filium
1112 1024 1170 1070 et
1219 1015 1458 1069 Verbum
1508 1013 1626 1078 Dei,
1675 1014 1844 1067 alium
1889 1011 2054 1066 Chri-

483 1117 664 1170 stum,
693 1107 789 1174 qui
824 1105 996 1160 Filius
1029 1115 1177 1160 esset
1220 1105 1536 1175 adoptivus,
1573 1114 1629 1159 et
1686 1103 1860 1174 gratia
1911 1103 2058 1158 Deus

486 1197 686 1249 iactus.
722 1195 817 1250 l-lis
851 1197 1034 1251 ueteri
1061 1195 1393 1266 patriarchae
1442 1194 1702 1266 cognitis,
1745 1192 2060 1248 Celestinus

486 1285 790 1350 Romanus,
839 1285 1078 1356 Cyrillus
1107 1285 1536 1352 Alexandrinus,
1579 1285 1822 1340 Joannes
1868 1282 2062 1337 Antio-

487 1378 722 1440 cltenus,
757 1377 1041 1432 Juvenalis
1082 1375 1636 1449 liierosolymitanus,
1663 1376 1944 1446 negotium
1991 1372 2060 1428 ad

488 1467 876 1536 imperatorem
901 1467 1276 1523 Theodosium
1311 1478 1366 1524 et
1402 1467 1751 1524 Pulcheriam
1779 1466 2059 1530 deferunt,

488 1565 736 1625 petentes
772 1565 831 1610 ut
861 1557 1066 1612 indicto
1096 1557 1337 1614 concilio
1372 1558 1429 1612 in
1451 1556 1780 1613 Nestoriana
1805 1557 2062 1626 dogmata

489 1647 826 1717 inquiratur.
869 1649 1042 1720 igitur
1071 1649 1332 1705 ducentis
1377 1649 1640 1706 Patribus
1689 1648 1962 1719 Ephesum
1993 1647 2061 1702 ad

489 1741 788 1794 concilium
820 1743 1166 1812 congregatis
1203 1743 1466 1811 princeps
1515 1749 1635 1796 erat
1679 1741 2062 1796 sanctissimus

2153 554 2247 608 τοῦ
2314 555 2458 608 θείου
2517 553 2742 623 λουτροῦ
2809 552 3142 621 κατηξίωσε,
3186 556 3281 608 καὶ¹
3327 555 3455 626 ὑγιῆ
3511 557 3578 610 ἐκ
3625 557 3736 627 τῆς

2153 645 2540 716 κολυμϐήθρας
2588 643 2876 715 ἐξήγαγεν.
2942 637 3110 707 Οὗτος
3177 644 3274 698 καὶ
3320 644 3380 698 τό
3429 645 3524 700 τοῦ
3575 647 3736 718 ἱεροῦ

2153 735 2541 804 Χρυσοστόμου
2577 734 2746 804 ὄνομα
2803 737 2863 789 ἐν
2913 738 3025 799 τοῖς
3049 735 3151 804 τῆς
3189 734 3515 805 Ἐκκλησίας
3541 736 3740 790 διπτύ-

2154 843 2274 897 χοις
2315 827 2426 899 ('78)
2471 828 2794 900 ἐνέγραψεν,
2831 829 2906 900 μὴ
2931 829 3195 900 πρότερον
3226 830 3502 899 ἐγγραφέν
3529 846 3546 860 ·
3587 831 3743 900 Ὦρι-

2155 917 2450 987 γενιαστὴς
2495 917 2611 989 (79)
2649 916 2760 987 γὰρ
2789 919 2816 970 6
2846 917 3244 984 εὐσεϐέστατος
3306 920 3516 981 ἐκεῖνος
3541 919 3743 989 Πατὴρ

2155 1008 2408 1062 ἐκαλεῖτο
2437 1009 2532 1063 καὶ
2573 1007 2884 1078 ἐνομίζετο.
2933 1009 3203 1072 Θανόντος
3247 1008 3306 1062 δέ
3363 1008 3634 1075 Ἀττικοῦ,
3675 1009 3743 1074 ὃς

2158 1100 2366 1153 εἴκοσιν
2395 1099 2494 1168 ἐτη
2522 1098 2618 1152 τοῦ
2673 1099 2784 1152 τῶν
2829 1099 3037 1154 πιστῶν
3085 1101 3325 1171 προέστη
3362 1101 3745 1170 συστήματος,

2160 1196 2552 1264 χειροτονεῖται
2609 1193 2876 1257 Σισίννιος
2928 1193 3064 1265 (80),
3094 1193 3191 1247 καὶ
3222 1194 3318 1247 ἐπὶ
3346 1192 3440 1246 δύο
3481 1192 3576 1261 ἐτη
3634 1190 3748 1264 τὴν

2161 1285 2583 1356 ,ἀρχιερωσύνην
2621 1285 3000 1356 κατεσχηκὼς,
3035 1285 3135 1356 τὴν
3181 1285 3326 1357 ζωὴν
3375 1283 3746 1356 ἐξεμέτρησε,

2163 1380 2310 1433 κατά
2341 1377 2404 1430 τὸ
2435 1375 2679 1430 εἰκοστὸν
2707 1375 2960 1445 δεύτερον
2994 1375 3114 1438 ἐτος
3155 1375 3254 1444 τῆς
3298 1373 3576 1444 βασιλείας
3604 1375 3751 1426 Θεο-

2159 1470 2366 1524 δοσίου.
2426 1469 2537 1522 Καὶ
2589 1467 2922 1538 ἀντεισήχθη
2948 1467 3264 1534 Νεστόριος,
3301 1466 3360 1530 ὃς
3415 1466 3509 1518 ἐπὶ
3559 1468 3753 1535 τρισὶν

2174 1558 2616 1631 ἀρχιερατεύσας
2649 1560 2918 1621 ἐνιαυτοῖς
2951 1558 3199 1611 ἐδίδασκε
3217 1557 3316 1628 τὴν
3341 1557 3504 1626 ἀγίαν
3528 1555 3754 1626 Παρθέ-

2163 1670 2254 1708 νον
2300 1652 2519 1722 Μαρίαν
2582 1651 2846 1707 Θεοτόκον
2885 1652 2959 1723 μὴ
2988 1653 3194 1720 λέγειν,
3247 1651 3402 1720 ψιλὸν
3451 1650 3756 1719 ἄνθρωπον

2164 1745 2260 1798 τὸν
2302 1744 2540 1816 Χριστὸν
2596 1743 2960 1813 δογματίζων,
2998 1742 3272 1811 κα.ὶαύτῷ
3328 1743 3610 1811 ἐνοικῆσαι
3649 1742 3755 1795 τὸν

489 1831 752 1902 Cyrillus,
788 1831 1048 1888 Celestini
1100 1834 1259 1903 Papae
1298 1833 1532 1888 Romani
1562 1835 1728 1886 etiam
1775 1831 1896 1886 vice
1938 1830 2066 1884 fun-

2177 1836 2296 1888 Υίὸν
2329 1835 2422 1888 τοῦ
2453 1833 2587 1888 Θεοῦ
2639 1833 2898 1904 φλυαρῶν
2932 1833 3008 1897 ὼς
3038 1834 3120 1886 ἐνὶ
3159 1834 3267 1887 τῶν
3297 1831 3615 1903 προφητῶν,
3647 1833 3758 1885 xui.

489 1938 646 1993 gens,
677 1923 772 1993 qui
824 1941 922 1994 per
956 1925 1328 1979 valetudinem
1382 1924 1578 1978 adesse
1627 1939 1737 1977 non
1799 1933 2062 1993 paterat:

489 2016 727 2070 Nestorii
750 2015 973 2070 decreta
997 2017 1334 2083 examinata,
1362 2023 1422 2070 et
1457 2024 1517 2070 ut
1555 2030 1815 2085 perversa
1863 2016 2067 2084 rejecta

491 2113 662 2160 sunt:
692 2115 750 2161 et
777 2107 1164 2170 constitutum,
1217 2119 1278 2162 ut
1316 2115 1506 2162 sancta
1551 2107 1715 2176 Virgo
1745 2106 1976 2175 Deipara
2011 2116 2069 2160 et

492 2197 794 2251 haberetur
825 2197 1212 2264 et‘diceretur,
1245 2208 1301 2252 et
1331 2198 1426 2266 qui
1458 2212 1680 2251 carnem
1711 2213 1773 2251 ex
1823 2212 1889 2252 ea
1930 2197 2068 2251 citra

493 2288 713 2342 virilem
745 2303 969 2356 operam
995 2288 1318 2356 sumpserit,
1355 2287 1448 2341 Dei
1485 2285 1592 2357 42
1624 2287 1794 2342 Filius
1830 2295 1886 2341 et
1923 2285 2070 2340 Deus

496 2391 526 2429 a
551 2376 754 2431 sanctis
779 2377 1034 2431 Patribus
1053 2387 1133 2430 est
1159 2377 1570 2445 pronuntiatus.
1597 2377 1748 2429 Acin
1775 2374 2070 2430 certiorem

497 2467 628 2522 fidei
687 2467 1116 2532 confessionem,
1178 2476 1233 2522 et
1279 2466 1682 2522 evidentiorem
1730 2466 2073 2521 Nestoriana:

498 2561 799 2631 impietatis
833 2558 1220 2614 refutationem
1249 2567 1483 2623 sanctus
1512 2557 1749 2630 Cyrillus
1775 2558 2068 2613 duodecim

501 2653 682 2720 capita
715 2650 770 2703 in
805 2665 948 2704 vera:
977 2649 1264 2704 sententiae
1311 2649 1710 2704 monimentum
1765 2649 2077 2718 composuit

501 2742 877 2812 Ecclesiaeque
917 2742 1165 2808 tradidit,
1197 2742 1459 2797 Nestorio
1483 2742 1711 2812 rejecto,
1737 2749 1793 2796 et
1834 2751 2022 2795 amoto
2043 2754 2076 2796 e

507 2845 656 2889 coetu
685 2845 834 2888 recte
860 2834 1218 2888 sentientium
1266 2834 1606 2903 pontiﬁcum.
1653 2833 1923 2888 Caeterum
1953 2840 2079 2902 post

504 2926 724 2979 tertiam
751 2925 968 2979 concilii
1000 2925 1146 2980 diem
1175 2924 1459 2994 Ephesum
1498 2922 1890 2992 ingrediuntur
1914 2921 2080 2977 Joan-

503 3029 603 3070 nes
655 3015 1080 3080 Autiochenus,
1149 3013 1537 3069 Theodoretus
1594 3011 1896 3085 Cyrensis,
1956 3010 2080 3065 lhas

506 3105 834 3169 Etlessenus,
861 3114 919 3159 et
942 3105 1057 3171 alii,
1090 3104 1325 3174 iratique
1348 3103 1575 3176 Cyrillo,
1601 3113 1663 3158 ut
1690 3101 1924 3174 principi
1947 3116 2080 3156 con-

2170 1929 2250 1989 είς
2289 1925 2385 1979 δύο
2435 1923 2660 1996 διαιρῶν
2713 1924 2899 1991 αὐτὸν,
2934 1924 2993 1975 ού
3049 1924 3228 1994 σάρκα
3278 1923 3465 1976 λαϐεῖν
3520 1924 3585 1975 ἐκ
3635 1923 3755 1977 τῶν

2169 2015 2354 2084 ἁγνῶν
2381 2015 2635 2085 αἱμάτων
2661 2013 2760 2084 τῆς
2784 2014 3128 2084 Θεομήτορος
3158 2015 3250 2068 τὸν
3273 2014 3370 2067 τοῦ
3400 2013 3537 2067 Θεοῦ
3557 2013 3637 2066 Λό
3649 2031 3747 2082 γον

2169 2105 2588 2178 ἀπισχυρίζετο,
2621 2106 2758 2160 ἀλλά
2809 2105 2968 2161 ἀλλον
3022 2107 3124 2176 μὲν
3183 2100 3324 2159 εἶναι
3361 2104 3452 2158 τὸν
3484 2105 3612 2158 Υἱδν
3649 2105 3751 2159 τοῦ

2170 2198 2308 2252 Θεοῦ
2364 2199 2458 2252 καὶ
2507 2197 2703 2264 Λόγον,
2745 2196 2904 2250 ἄλλον
2929 2196 2988 2250 δὲ
3017 2195 3108 2250 τὸν
3143 2195 3381 2267 Χριστὸν
3430 2194 3581 2248 θέσει
3633 2197 3754 2248 υἱο-

2169 2286 2489 2358 ποιηθέντα,
2516 2287 2612 2341 καὶ
2641 2290 2825 2356 χάριτι
2853 2285 3149 2342 θεωθέντα.
3179 2283 3366 2338 Ταῦτα
3389 2285 3446 2338 δέ
3474 2284 3747 2356 μαθόντες

2170 2378 2222 2431 οἱ
2265 2377 2373 2432 τῶν
2424 2377 2627 2430 λοιπῶν
2653 2378 3065 2448 πατριαρχικῶν
3123 2375 3467 2448 προεστῶτες
3515 2375 3752 2445 θρόνων,

2171 2471 2200 2522 6
2227 2469 2325 2541 τῆς
2351 2468 2570 2540 Ῥώμης
2593 2470 2937 2536 Κελεστῖνος,
2968 2468 3232 2536 Κύριλλος
3255 2469 3284 2522 6
3323 2467 3753 2540 Ἀλέξανδ,.είας,

2203 2560 2442 2630 Ιωάννης
2509 2561 2840 2630 ’Δντοχείας,
2917 2559 3272 2623 Ἰουϐενάλιος
3336 2558 3755 2631 Ἱεροσολύμων,

2177 2653 2518 2722 ἀναφέρουσι
2566 2652 2705 2722 πρὸς
2757 2651 2850 2705 τὸν
2901 2651 3117 2706 ἄνακτα
3167 2651 3454 2704 Θεοδόσιον
3500 2651 3596 2705 καὶ
3649 2650 3756 2721 τὴν

2179 2745 2538 2816 Πουλχερίσν,
2594 2743 2908 2814 αἰτούμενοι
2976 2743 3190 2798 σύνοδον
3232 2742 3590 2815 ἀθροισθῆναι
3655 2742 3759 2796 καὶ

2177 2837 2562 2906 γυμνασθῆναι
2617 2835 2686 2889 τὰ
2745 2836 2898 2906 παρά
2947 2835 3044 2888 τοῦ
3083 2835 3382 2906 Νεστορίου
3428 2834 3756 2904 δογματιζό-

2184 2945 2344 2998 μενα.
2380 2927 2852 2998 Συγκροτηθείσης
2889 2921 2981 2981 οὖν
3013 2928 3073 2979 ἐν
3131 2927 3342 2996 Ἐφέσῳ
3383 2925 3597 2979 συνόδου
3625 2925 3744 2978 δια·

2178 3019 2377 3072 κοσίων
2403 3020 2686 3088 Πατέρων,
2715 3013 2784 3088 ἦς
2815 3017 3046 3088 ἐξῆρχεν
3067 3019 3094 3071 6
3121 3017 3422 3086 ἀγιὼτατος
3455 3015 3756 3086 Κύριλ).ος,

2183 3111 2400 3180 ἐπέχων
2433 3109 2527 3163 καὶ
2553 3109 2647 3163 τὸν
2696 3110 2861 3163 τόπον
2916 3109 3245 3163 Κελεστίνου
3293 3108 3388 3162 τοῦ
3421 3108 3578 3162 πάπα
3619 3106 3760 3162 Ῥώο

507 3197 646 3262 cilii,
680 3197 750 3252 ob
781 3196 1077 3251 adventum
1109 3211 1270 3251 suum
1308 3211 1420 3251 non
1450 3205 1849 3266 exspectatum,
1874 3201 1989 3248 tum
2023 3199 2076 3248 et

2189 3217 2320 3272 μης,
2359 3200 2434 3270 μὴ
2486 3199 2806 3269 δυνηθέντος
2862 3199 3139 3254 συνελθεῖν
3193 3199 3262 3252 δι’
3322 3199 3632 3263 ἀσθένειαν,
3679 3198 3752 3250 -τά

509 3291 877 3354 adhaerentes,
913 3288 1153 3344 Nestorii
1191 3287 1600 3343 abdicationem
1641 3289 1918 3351 incusant,
1963 3291 2081 3338 tum

508 3392 705 3435 sancto
754 3379 958 3451 Cyrillo
1001 3388 1060 3434 et
1107 3379 1386 3435 Memnoni
1433 3379 1712 3450 Ephesino
1733 3377 2083 3448 episcopatus

508 3471 830 3540 eripiendos
877 3473 1208 3526 decernunt.
1262 3470 1647 3526 Theodoretus
1683 3470 1853 3524 etiam
1901 3467 2084 3539 capita

509 3564 828 3628 duodecim,
869 3578 900 3617 a
954 3563 1160 3634 Cyrillo
1205 3562 1512 3632 composita
1559 3561 1781 3626 invasit,
1822 3569 1879 3616 et
1908 3559 1975 3614 ad
2017 3574 2084 3614 ea

506 3653 834 3717 evertenda,
868 3654 1046 3710 edidit
1080 3655 1227 3709 alia:
1265 3669 1388 3724 quae
1416 3668 1542 3708 cum
1573 3667 1804 3724 magnus
1845 3651 2086 3723 Cyrillus

508 3745 722 3800 erroris
748 3745 1100 3811 convicisset,
1143 3745 1523 3800 Antiochenus
1574 3753 1632 3800 et
1673 3744 1858 3798 caeteri
1891 3758 1924 3797 a
1951 3757 2087 3798 con-

510 3839 642 3892 cilio
673 3837 940 3901 damnati,
974 3837 1044 3891 ab
1069 3837 1391 3892 orthodoxis
1411 3837 1740 3892 alienantur.
1770 3835 2044 3907 Episcopo
2061 3848 2088 3890 s

510 3936 600 3986 .sic
626 3931 857 3986 affectos
899 3941 955 3986 et
1002 3931 1145 3985 inter
1197 3945 1318 3988 sese
1373 3930 1745 3998 decertantes,
1789 3930 2090 4000 imperator

519 4022 878 4078 Theodosius
936 4036 1128 4077 omnes
1197 4020 1731 4092 ConstantinOpolim
1802 4021 2088 4077 accersit:

513 4128 711 4169 coram
748 4128 859 4182 quo
892 4113 1094 4184 agitata
1120 4112 1442 4182 quaestione,
1494 4112 1734 4182 rejectus
1778 4109 2090 4176 Nestorius,

522 4206 578 4261 in
611 4205 893 4261 Orientem
923 4206 1227 4276 relegatur,
1255 4204 1605 4260 Antiocheno
1645 4213 1704 4259 et
1747 4203 2093 4258 Theodoreto

515 4297 686 4352 etiam
716 4309 907 4352 sancto
939 4297 1175 4352 concilio
1198 4297 1461 4362 assensis,
1487 4304 1548 4350 ut
1577 4297 1663 4350 cui
1689 4304 1820 4350 ante
1845 4309 1944 4365 per
1967 4308 2096 4348 con-

517 4390 824 4443 tentionem
862 4396 920 4442 et
968 4402 1036 4442 ex
1081 4402 1319 4443 maerore
1371 4387 1647 4444 adversati
1696 4395 1903 4441 essent.
1953 4384 2092 4440 Cum

2181 3289 2277 3360 τοῦ
2322 3291 2624 3366 Νεστορίου
2674 3288 3160 3360 κατεξητάσθησαν
3201 3288 3449 3359 δόγματα
3499 3289 3594 3342 καὶ
3648 3289 3756 3341 ἀπ-

2185 3381 2497 3452 εϐλήθησαν
2521 3381 2596 3446 ῶς
2621 3381 2890 3448 κακόδοξα
2913 3396 2929 3412 ⁸
2953 3383 2987 3450 ὴ
3020 3381 3084 3450 δὴ
3117 3380 3247 3450 ἁγία
3273 3381 3546 3451 Παρθένος
3571 3380 3763 3435 Θεατό-

2185 3492 2283 3539 κος
2319 3473 2610 3544 ἀπεδείχθη
2669 3473 2761 3526 καὶ
2809 3473 3126 3544 φρονεῖσθαι
3187 3474 3279 3528 καὶ
3337 3473 3616 3542 λέγεσθαι,
3663 3473 3768 3528 καὶ

2185 3567 2214 3620 6
2237 3564 2298 3630 ἐξ
2321 3565 2490 3635 αὐτῆς
2526 3564 2832 3635 σαρκωθεὶς
2870 3563 3151 3634 ἀνάνδρως
3199 3563 3328 3628 Υἱὸς
3375 3563 3471 3617 τοῦ
3501 3563 3637 3616 Θεοῦ
3665 3565 3769 3618 καὶ

2186 3656 2319 3721 Θεὸς
2355 3658 2507 3727 παρά
2533 3655 2642 3712 τῶν
2677 3655 2838 3726 ιερῶν
2875 3655 3101 3710 ἐκείνων
3141 3656 3400 3727 Πατέρων
3426 3655 3764 3724 κεκήρυκτο.

2189 3751 2334 3822 Πρὸς
2359 3750 2692 3821 τρανοτέραν
2721 3749 2778 3802 δέ
2801 3749 2897 3820 τῆς
2923 3751 3162 3813 πίστεως
3190 3747 3505 3820 ὁμολογίαν,
3536 3749 3628 3801 καῖ
3663 3749 3768 3820 τῆς

2189 3840 2507 3904 δυσσεϐείας
2555 3841 2650 3894 τοῦ
2678 3840 2975 3913 Νεστορίου
3011 3842 3344 3910 σαφέστερον
3377 3841 3624 3910 ἔλεγχον,
3669 3842 3770 3893 καὶ

2191 3931 2402 3986 δώδεκα
2437 3932 2702 3997 συντάξας
2759 3931 3032 4000 κεφάλαια
3091 3934 3120 3985 6
3174 3931 3465 4003 ἱερώτατος
3495 3931 3771 4003 Κύριλλος

2192 4025 2290 4094 τῆς
2329 4022 2498 4094 ὀρθῆς
2557 4024 2718 4093 δόξης
2752 4007 3124 4094 ὑπομνήματα
3155 4027 3224 4095 τῇ
3285 4023 3585 4095 Ἐκκλησία
3625 4041 3774 4094 παρο

2197 4113 2420 4168 έδωκεν.
2463 4115 2522 4168 '0
2571 4113 2630 4167 δὲ
2660 4113 2956 4184 Νεστόριος
2998 4113 3305 4184 ἀπεϐλήθη,
3357 4116 3454 4168 καὶ
3511 4113 3607 4166 τοῦ
3652 4114 3772 4168 τῶν

2195 4205 2331 4277 ὀρθὰ
2351 4205 2695 4277 φρονούντων
2727 4204 3032 4276 ἀρχιερέων
3060 4204 3372 4276 ἀπεκινήθη
3397 4205 3582 4276 χοροῦ.
3611 4207 3775 4261 Μετά

2193 4298 2386 4370 τρίτην
2407 4298 2462 4352 δέ
2485 4300 2584 4368 τῆς
2614 4299 2834 4352 συνόδου
2867 4299 3079 4368 ἡμέραν
3101 4298 3422 4366 ἐφίστανται
3451 4301 3518 4369 τῇ
3553 4298 3774 4370 Ἐφέσῳ

2195 4390 2223 4443 ὃ
2257 4407 2314 4443 τε
2361 4391 2694 4461 Ἀντιοχείας
2755 4389 3030 4460 Ἰωάννης,
3063 4389 3159 4442 καὶ
3200 4393 3230 4443 6
3258 4389 3444 4460 Κύρου
3473 4391 3778 4454 ἐπίσκοπος

517 4492 708 4536 autem
757 4481 1048 4536 Nestorius
1100 4481 1155 4536 in
1187 4479 1382 4534 exsilio
1412 4480 1574 4535 etiam
1620 4479 1823 4534 multos
1863 4493 2076 4550 perver-

2196 4483 2568 4554 Θεοδώρητος,
2601 4483 2694 4536 καὶ
2727 4483 2754 4536 6
2818 4481 3041 4552 Ἐδέσης
3089 4479 3243 4544 Ἰϐας
3285 4481 3380 4534 καὶ
3430 4480 3634 4550 ἕτεροι,
3677 4483 3782 4536 καὶ

522 4581 692 4637 teret,
717 4571 957 4627 Joannes
984 4571 1384 4638 Antiochenus,
1416 4570 1485 4626 de
1518 4583 1585 4626 eo
1618 4570 1786 4624 alium
1826 4569 1882 4623 in
1900 4569 2076 4623 locutt

2191 4575 2275 4628 ὅτι
2337 4573 2412 4644 μὴ
2471 4574 2565 4628 καὶ
2612 4573 2712 4643 τήν
2743 4571 2926 4625 αὐτῶν
2957 4571 3263 4643 παρουσίαν
3291 4573 3341 4624 οἱ
3397 4571 3496 4641 τῆς
3552 4573 3778 4627 συνόδου

523 4662 914 4716 transferendo
942 4661 1129 4716 refert.
1160 4661 1348 4731 itaque
1380 4663 1546 4716 miser
1579 4662 1634 4716 in
1662 4659 1848 4725 Oasin,
1883 4659 2100 4715 Arabiae

527 4752 811 4820 regionem
837 4752 1107 4815 sterilem,
1133 4763 1191 4806 et
1210 4753 1390 4807 ventis
1417 4751 1805 4822 pestilentibus
1825 4751 2100 4816 infestam,

2192 4666 2506 4736 ἀνέμειναν,
2537 4663 2880 4733 ὀργισθέντες
2903 4662 3047 4716 κατὰ
3082 4660 3177 4714 τοῦ
3223 4661 3462 4731 μεγάλου
3505 4662 3781 4734 Κυρίλλου

2195 4757 2272 4821 ὡς
2315 4755 2426 4811 τῶν
2467 4755 2647 4810 ἄλλων
2696 4753 3047 4824 ἐξάρχοντος,
3101 4753 3200 4823 τήν
3244 4769 3306 4805 τε
3353 4753 3446 4807 τοῦ
3472 4753 3783 4825 Νεστορίου

531 4843 893 4897 transfertur.
945 4843 1115 4897 Nova:
1181 4853 1364 4898 autem
1422 4844 1610 4898 Roma:
1669 4843 1784 4898 sedi
1839 4842 2076 4913 pastoral

2197 4847 2521 4918 καθαίρεσιν
2568 4846 2884 4926 ᾐτιάσαντο,
2943 4847 3038 4899 κοιλ¹
3070 4844 3264 4916 ἐκείνῳ
3297 4845 3536 4914 θέμενοι,
3577 4847 3672 4900 τοῦ
3720 4863 3786 4902 τε

537 4934 910 4990 Maximianus
962 4935 1228 4991 Ecclesia:
1273 4936 1562 5006 presbyter
1605 4933 1925 5005 praeficitur.
1977 4935 2076 4989 Pos

2197 4947 2344 5001 θείου
2394 4944 2665 5015 Κυρίλλου
2715 4944 2812 5000 καὶ
2857 4946 3138 5016 Μέμνονος
3193 4945 3286 4999 τοῦ
3332 4945 3562 5015 Ἐφέσου
3631 4943 3781 4998 καθ-

529 5043 695 5100 quem
723 5027 1044 5098 pontiﬁcatu
1071 5028 1272 5084 bicnno
1305 5027 1574 5095 functum,
1598 5028 1891 5093 Proculus,
1924 5026 2100 5096 Chry-

531 5122 763 5177 sostomi
791 5121 1117 5190 discipulus,
1147 5121 1461 5190 patriarcha
1493 5129 1732 5187 creatur,
1759 5120 1853 5190 qui
1887 5119 2101 5190 pridem

532 5226 564 5265 a
588 5209 834 5265 Sisinnio
873 5211 1190 5265 Patriarcha
1214 5211 1396 5281 Cyzici
1434 5214 1731 5281 episcopus
1760 5210 2099 5280 designatus,

533 5303 630 5357 sed
651 5318 680 5356 a
711 5302 1018 5375 Cyzicenis,
1039 5305 1136 5372 qui
1170 5305 1336 5358 alium
1354 5303 1655 5374 elegerant,
1685 5318 1796 5356 non
1821 5309 2102 5370 receptus,

539 5407 785 5468 tempore
837 5397 1126 5468 interjecto
1171 5398 1344 5453 otium
1383 5405 1590 5468 egerat.
1610 5385 1715 5452 'Hi'c
1756 5396 1924 5463 igitur
1971 5393 2105 5448 sede

2195 5039 2408 5110 αίρεσιν
2456 5038 2812 5109 ἐψηφίσαντο.
2875 5037 2934 5092 '0
2981 5036 3327 5110 Θεοδώρητος
3395 5022 3456 5091 ’δέ
3495 5037 3592 5091 καὶ
3636 5037 3788 5091 κατά

2198 5133 2306 5183 τιῖιν
2331 5129 2542 5187 δώδεκα
2570 5129 2884 5198 κεφαλαίων
2912 5129 3022 5182 τῶν
3061 5129 3156 5182 τοῦ
3192 5128 3463 5200 Κυρίλλου
3506 5127 3787 5199 ἐχώρησε,

2201 5222 2295 5276 καὶ
2319 5222 2738 5292 είςάνατροπὴν
2765 5222 2951 5280 ¹αὐτῶν
2974 5222 3249 5292 κεφάλαια
3279 5220 3567 5286 συνέταξεν
3589 5220 3790 5291 ἔτερα,

2202 5313 2338 5382 πρὸς
2365 5312 2402 5366 ἃ
2439 5313 2601 5366 πάλιν
2629 5315 2659 5366 6
2712 5315 2884 5383 μέγας
2912 5313 3321 5383 ἀντηγωνίσατο
3347 5309 3642 5381 Κύριλλος,
3680 5313 3794 5367 οὐκ

2203 5402 2380 5472 ὀρθῶς
2414 5402 2756 5474 δογματίζειν
2808 5403 3048 5474 ἐλέγχων
3076 5403 3169 5456 τὸν
3215 5401 3585 5473 Θεοδώρητον.
3635 5403 3788 5457 Κατ.

1733 5557 1930 5619 γωνίαι
1991 5556 2292 5620 lectiones
2334 5566 2397 5623 et
2433 5567 2619 5622 notae.

614 5699 728 5768 (78)
761 5700 1098 5768 Διπτύχοις.
1141 5698 1353 5771 Socrat.
1396 5699 1492 5753 lib.
1522 5715 1620 5771 vn,
1657 5715 1779 5771 cap.
1809 5701 1900 5756 25.

614 5771 727 5840 (79)
781 5769 1245 5838 Ὠριτενιιιστής.
1285 5768 1500 5826 Socrat.
1535 5770 1630 5825 lib.
1655 5768 1742 5839 vt,
1781 5769 2024 5842 synodus
2044 5769 2112 5826 ad

2219 5700 2494 5769 Quercum
2514 5701 2658 5770 apud
2699 5702 2976 5765 Photium,
3001 5717 3056 5756 u.
3095 5701 3184 5758 59.

2291 5774 2405 5842 (80)
2436 5769 2760 5838 Σισίννιος.
2803 5773 3015 5828 Socrat.
3040 5773 3139 5827 lib.
3169 5786 3270 5840 VII,
3291 5784 3417 5841 cap.
3441 5769 3532 5826 26.
