4026 6406
392 365 531 434 1189

1613 368 2018 430 ANNALIUM
2058 371 2204 433 LlB.
2248 372 2420 435 XIII.

3513 387 3656 456 1197)

391 477 746 549 εγνώσθησαν
777 478 833 531 δὲ
869 475 1018 548 παρά
1073 479 1174 549 τῆς
1205 475 1427 530 συνόδου
1465 477 1494 531 ὃ
1523 495 1583 532 τε
1631 477 1964 549 Ἀντιοχείας

2082 481 2676 552 Ionstantinopolitana
2709 498 2990 560 receptus,
3026 493 3167 562 petit
3193 493 3262 550 ab
3287 494 3646 568 imperatoreo

381 573 480 626 καὶ
507 572 558 624 οἱ
600 570 804 635 λοιποὶ,
840 571 938 624 καὶ
983 569 1095 623 τῶν
1145 569 1446 641 ὀρθοδόξων
1495 570 1961 641 ὴλλοτριὼθησαν.

385 660 572 722 Οὕτως
610 655 704 714 οῦν
754 660 960 712 τούτων
1009 659 1246 729 ἐχόντων
1281 659 1378 712 καὶ
1417 661 1540 714 κατ’
1577 661 1822 731 ἀλλήλων
1871 677 1970 730 γε-

259 764 270 774 ·
384 750 628 819 νομένων
693 749 805 803 τῶν
859 750 1218 816 ἐπισκόπων,
1287 751 1382 803 καὶ
1447 749 1750 820 σχίσματος
1817 750 1970 813 ὄντος

390 841 554 913 μέσον
581 841 784 905 αὐτῶν,
809 844 836 893 6
859 841 1112 910 βασιλεὺς
1133 843 1410 906 Θεοδόσιος
1431 841 1727 911 ἀφικέσθαι
1758 843 1969 905 πάντας

385 933 676 985 ἐκέλευσεν
710 934 791 995 είς
812 934 1391 988 Κωνσταντινούπολιν
1417 949 1432 965 ·
1467 936 1560 986 καὶ
1581 935 1968 1004 παραγενομέ-

384 1040 492 1077 νων
520 1023 754 1078 ένὼπιον
794 1023 890 1076 τοῦ
950 1023 1215 1092 βασιλέως
1266 1027 1299 1093 ἡ
1357 1024 1586 1094 ζήτησις
1628 1025 1844 1092 γέγονε,
1876 1023 1971 1076 καὶ

381 1114 664 1186 καθῃρέθη
705 1113 1024 1185 Νεστόριος,
1044 1115 1139 1168 καὶ
1171 1117 1249 1177 είς
1281 1115 1422 1186 ἑῴαν
1455 1115 1841 1187 ύπερωρίσθη,
1875 1114 1970 1168 τοῦ

395 1207 726 1277 Ἀντιοχείας
781 1209 878 1260 καὶ
935 1208 1029 1262 τοῦ
1060 1208 1413 1280 Θεοδωρὴτου
1467 1210 1973 1280 συμφρονησάντων

381 1301 448 1368 τῇ
485 1299 608 1368 ἱερᾷ
653 1299 883 1370 συνόδῳ,
933 1299 1009 1362 ὡς
1057 1299 1147 1353 διὰ
1191 1299 1368 1370 λύπην
1400 1301 1494 1354 καὶ
1545 1301 1664 1372 ἔριν
1717 1300 1975 1355 ἀντικαθ-

387 1391 696 1455 ισταμένων
759 1389 824 1441 τὸ
893 1393 1180 1461 πρότερον.
1233 1390 1340 1443 Τοῦ
1400 1391 1458 1443 δὲ
1497 1390 1797 1460 Νεστορίου
1859 1391 1970 1444 κάν

384 1483 452 1550 τῇ
515 1481 703 1552 ὲξορίᾳ
759 1481 990 1544 πολλοὺς
1050 1482 1489 1553 διαστρέφοντος,
1547 1486 1575 1537 6
1645 1485 1976 1554 Ἀντιοχείας

400 1572 657 1642 Ἰωάννης
713 1575 992 1642 ἀναφορὰν
1046 1574 1174 1644 περὶ
1231 1573 1427 1627 τούτου
1472 1574 1609 1644 πρὸς
1657 1574 1748 1627 τὸν
1811 1577 1976 1628 αύτο-

389 1666 638 1736 κράτορα
685 1666 1002 1737 ἐποιήσατο,
1046 1667 1213 1732 ἀξιῶν
1244 1667 1638 1737 μετενεχθῆναι
1673 1666 1838 1721 αὑτὸν
1882 1667 1981 1720 ἀλ-

385 1755 576 1826 λαχοῦ.
617 1759 725 1810 Καὶ
773 1758 1060 1829 ἀπηνέχθη
1116 1760 1146 1810 6
1200 1758 1446 1822 δείλαιος·
1484 1761 1565 1823 εἰς
1631 1758 1979 1830 Ὀάσιν(8ί),

2075 582 2134 628 ιιι
2167 589 2388 629 sacrum
2423 574 2803 648 Chrysostomi
2829 595 3032 652 corpus
3067 585 3324 657 Pityunte
3351 589 3652 657 referatur,

2073 679 2142 719 ne
2176 664 2263 718 vir
2300 674 2522 722 sanctus
2547 679 2670 737 post
2704 670 2916 726 obitum
2937 675 3103 729 etiam
3125 679 3420 734 exsularet.
3462 680 3649 747 Parit,

2075 755 2393 825 imperator,
2422 759 2773 830 relatumque
2809 772 2865 817 et
2910 765 3110 836 insigni
3140 783 3263 822 cum
3310 769 3522 825 honore
3562 789 3655 826 su-

2073 855 2344 918 sceptum,
2402 850 2543 905 intra
2596 857 2902 910 sacrarium
2940 858 3075 913 αξιίὶε
3123 859 3454 916 Sanctorum
3501 863 3654 932 Apo-

2075 937 2340 991 stolorum
2414 941 2698 996 conditur.
2779 943 3128 1002 Theodosius
3197 959 3382 1003 autem
3449 954 3654 1006 mmnia

2078 1029 2475 1097 translaturus,
2523 1042 2580 1088 et
2627 1035 2820 1090 urbem
2852 1038 3309 1107 amplificaturus,
3361 1057 3561 1096 munus
3601 1043 3656 1096 id

2075 1119 2218 1190 Cyro
2258 1122 2522 1191 praefecto
2561 1127 2807 1190 mandat,
2844 1129 2939 1197 qui
2980 1146 3181 1202 magno
3208 1133 3392 1188 studio
3426 1142 3483 1189 et
3514 1134 3662 1189 cele-

2077 1209 2268 1275 r—itate,
2304 1221 2622 1269 terrestrem
2656 1232 2899 1284 murum,
2942 1236 2970 1274 a
3018 1224 3155 1276 mari
3191 1224 3260 1278 ad
3293 1238 3442 1279 mare
3483 1226 3659 1295 perti-
3691 1215 3700 1251 "‘

2077 1309 2328 1365 nentem,
2359 1302 2505 1358 intra
2531 1305 2652 1361 dies
2690 1309 2972 1379 sexaginta
3007 1312 3266 1367 absolvit.
3300 1315 3521 1371 Urbana
3557 1315 3666 1385 igi-

2081 1399 2172 1445 tur
2195 1392 2301 1464 43
2331 1397 2652 1465 multitudo,
2683 1409 2739 1454 et
2778 1417 2946 1471 Opere
2985 1405 3278 1470 delectata,
3321 1415 3379 1463 et
3414 1410 3661 1478 praefecti

2080 1486 2427 1542 celeritatem
2460 1491 2751 1557 admirata,
2790 1496 3014 1565 publice
3046 1497 3360 1554 exclamat:
3398 1501 3667 1554 Constan—

2082 1577 2226 1630 tinus
2253 1579 2501 1646 concidit,
2530 1581 2702 1652 Cyrus
2751 1593 3035 1644 renovavit.
3086 1590 3454 1657 Quamobrem
3490 1591 3666 1663 Cyrus

2083 1666 2298 1723 invisus
2324 1680 2381 1726 et
2410 1684 2706 1743 suspectus
2732 1677 3077 1749 imperatori,
3112 1683 3197 1738 vel
3242 1683 3445 1738 invitus
3479 1685 3667 1738 tonde-

2084 1769 2178 1812 tur
2206 1769 2268 1814 ut
2298 1763 2556 1831 clericus,
2585 1777 2711 1836 post
2766 1772 2932 1824 etiam
2962 1773 3208 1844 Smyrnae
3246 1773 3307 1828 ﬁt
3346 1775 3663 1850 episcopus.

386 1847 574 1921 χώραν
609 1848 777 1904 οὖσαν
811 1851 910 1920 τῆς
952 1850 1214 1923 Ἀραϐίας
1277 1851 1498 1922 λυπρὰν
1532 1852 1628 1904 καὶ
1694 1852 1788 1904 ὑπ’
1829 1852 2052 1922 ἀνέμων
2091 1857 2549 1928 καταπνεομένην
2609 1861 2973 1932 φθοροποιῶν.
3052 1866 3410 1938 ’Λντεισήχθη
3475 1847 3530 1920 δὲ
3591 1869 3668 1928 είς

384 1944 486 2012 τὴν
509 1943 608 2011 τῆς
639 1943 783 2005 Νέας
831 1942 1052 2013 Ῥώμης
1095 1941 1466 2012 ποιμαντικὴν
1529 1941 1878 2011 Μαξιμιανὺς
1944 1943 2047 2012 τῆς
2093 1941 2427 2014 Ἐκκλησίας
2492 1950 2887 2022 πρεσόύτερος.
2966 1954 3078 2008 Καὶ
3137 1957 3276 2027 μετά
3330 1959 3522 2012 τοῦτον
3576 1961 3669 2014 ἐπὶ

383 2035 590 2088 διετίαν
632 2036 1141 2106 ἀρχιερατεύσαντα
1180 2034 1428 2104 Πρόκλος
1472 2034 1584 2106 (82)
1630 2035 1659 2088 6
1734 2034 1829 2088 τοῦ
1897 2037 2289 2108 Χρυσοστόμου
2359 2042 2635 2112 μαθητὴς,
2714 2048 3062 2119 πατριάρχης
3107 2050 3517 2121 προεχειρίσθη,
3565 2046 3670 2108 ὑπὸ

387 2129 656 2182 Σισιννίου
688 2127 781 2182 τοῦ
809 2129 1152 2199 πατριάρχου
1177 2129 1476 2192 ἐπίσκοπος
1506 2129 1753 2191 Κυζίκου
1817 2129 2013 2199 πρώην
2053 2134 2476 2202 χειροτονηθεὶς,
2514 2135 2590 2207 μὴ
2650 2137 2860 2209 δεχθεὶς
2889 2140 2945 2194 δὲ
2981 2144 3132 2212 παρὰ
3162 2142 3272 2196 τῶν
3307 2145 3443 2208 ἐκεῖ,
3479 2144 3670 2215 ἕτερον

388 2220 668 2290 ἑλομένων
696 2220 982 2290 ἀρχιερέα,
1031 2221 1126 2272 καὶ
1184 2219 1277 2274 τὸν
1324 2217 1532 2290 μεταξὺ
1599 2219 1794 2289 χρόνον
1861 2221 2137 2291 σχολάζων
2169 2223 2308 2295 (85).
2383 2226 2553 2291 Οὗτος
2595 2229 2777 2284 τοίνυν
2840 2232 2918 2302 τῷ
2959 2233 3137 2305 θρόνῳ
3182 2235 3279 2302 τῆς
3323 2237 3696 2289 Κωνσταντι--

390 2314 697 2383 νουπόλεως
731 2313 1124 2385 ἔνθρονισθεὶς,
1168 2313 1312 2378 ἀξιοί
1335 2315 1428 2367 τὸν
1461 2314 1690 2385 βασιλέα
1763 2315 1823 2366 τὸ
1891 2315 2184 2382 ἱερώτατον
2267 2319 2366 2375 τοῦ
2408 2323 2802 2396 Χρυσοστόμου
2867 2327 2981 2398 (84)
3025 2327 3186 2393 σῶμα
3228 2329 3294 2380 ὲκ
3349 2325 3671 2388 Πιτυοῦντος

389 2405 852 2477 ἀνακομισθῆναι,
907 2407 1003 2460 καὶ
1057 2405 1132 2476 μὴ
1203 2405 1388 2477 μένειν
1450 2405 1547 2460 καὶ
1601 2405 1836 2462 θανόντα
1887 2408 1980 2461 τὸν
2057 2410 2216 2478 άγιον
2285 2413 2603 2485 ὑπερόριον.
2659 2418 2914 2473 Πείθεται
2964 2419 3139 2490 τούτῳ
3194 2420 3222 2473 6
3267 2418 3541 2490 βασιλεὺς,
3579 2419 3672 2473 καὶ

387 2499 788 2567 ἀνακομίζεται
837 2498 866 2549 6
905 2497 998 2551 τοῦ
1048 2498 1203 2566 ἁγίου
1246 2497 1462 2566 νεκρὸς,
1504 2497 1600 2550 καὶ
1651 2497 1976 2568 ὑποδέχεται
2021 2501 2140 2570 μεθ’
2211 2503 2668 2578 ὑπερϐαλλούσης
2734 2509 2924 2579 τιμῆς,
2976 2511 3072 2564 καὶ
3113 2509 3473 2563 κατατίθεται
3520 2510 3671 2573 ἐντὸς

387 2592 486 2647 τοῦ
520 2592 910 2663 θυσιαστηρίου
964 2592 1058 2645 τοῦ
1113 2593 1225 2646 τῶν
1285 2592 1484 2661 Ἀγίων
1545 2593 1886 2650 Ἀποστόλων
1919 2597 2268 2668 περιωνύμου
2313 2601 2465 2657 ναοῦ.
2516 2604 2810 2677 Βουληθεὶς
2878 2606 2934 2660 δὲ
2998 2609 3026 2660 6
3097 2605 3353 2677 βασιλεὺς
3393 2604 3671 2668 Θεοῖόςιος

389 2685 460 2741 τὰ
523 2683 684 2754 τείχη
719 2683 1036 2755 μεταθεῖναι
1085 2683 1188 2753 τῆς
1236 2685 1469 2750 πόλεως,
1514 2685 1608 2737 καὶ
1655 2685 1882 2755 μείζονα
1949 2687 2050 2758 τὴν
2088 2688 2297 2763 ταύτης
2358 2692 2551 2748 θέσθαι
2606 2697 2890 2768 περιοχὴν,
2943 2697 3112 2769 Κύρῳ
3141 2697 3219 2769 τῷ
3270 2697 3499 2768 ἐπάρχῳ
3555 2696 3670 2765 (85)

389 2779 452 2832 τί,
497 2779 660 2848 ἔργον
696 2777 920 2832 ἀνέθετο
947 2791 965 2810 ο
1011 2778 1107 2832 καὶ
1143 2777 1203 2841 ὃς
1247 2778 1450 2848 σπουδῇ
1510 2776 1680 2846 πολλῇ
1755 2777 1850 2832 καὶ
1913 2779 2196 2853 προθυμία
2270 2785 2619 2855 χρησάμενος
2651 2789 2912 2860 ἀνήγειρε
2979 2787 3039 2842 τὸ
3065 2791 3320 2858 χερσαῖον
3349 2789 3527 2858 τεῖχος
3562 2785 3672 2844 ἀπὸ

392 2873 670 2946 θαλάσσης
717 2873 825 2937 ἓως
868 2873 1146 2943 θαλάσσης
1203 2872 1272 2927 δι’
1317 2872 1585 2945 ἐξήκοντα
1652 2872 1899 2946 ἡμερῶν.
1953 2873 2012 2930 '0
2051 2875 2181 2944 γοῦν
2219 2877 2391 2949 δῆμος
2437 2880 2538 2952 τῆς
2583 2881 2813 2948 πόλεως,
2876 2881 2971 2935 ὲπί
3026 2898 3086 2935 τε
3131 2881 3210 2952 τῷ
3245 2881 3393 2952 ἔργῳ
3460 2879 3672 2952 ἡσθεὶς,

391 2968 485 3021 καὶ
512 2969 611 3036 τῆς
640 2967 943 3038 ταχύτητος
983 2965 1292 3037 θαυμάσας,
1323 2965 1415 3020 τὸν
1443 2966 1681 3038 ἔπαρχον
1711 2965 1968 3040 ἐξεϐόησε
2005 2967 2266 3042 δημοσίᾳ,
2335 2962 2790 3040 Κωνσταντῖνος
2817 2975 3042 3037 ἔκτισε,
3083 2972 3284 3041 Κῦρος
3347 2973 3668 3032 ἀνενέωσε.

393 3065 487 3118 Διὸ
543 3063 832 3135 φθονηθεὶς
890 3062 1047 3134 παρά
1106 3063 1203 3117 τοῦ
1255 3063 1523 3134 βασιλέως
1597 3067 1625 3118 6
1673 3063 1860 3136 Κῦρος
1918 3065 2016 3119 καὶ
2056 3065 2442 3135 ὑποπτευθεὶς,
2499 3071 2596 3124 καὶ
2651 3070 2802 3125 άκων
2881 3072 3132 3142 κείρεται
3179 3069 3485 3140 κληρικός⁹
3550 3064 3670 3125 εἶτα

395 3160 491 3212 καὶ
525 3157 784 3227 Σμύρνης
824 3155 1123 3219 ἐπίσκοπος
1163 3157 1401 3225 γίνεται.

466 3246 595 3302 Kl".
634 3246 742 3299 Τοῦ
773 3247 1122 3317 πατριάρχου
1165 3246 1222 3300 δὲ
1261 3246 1509 3318 Πρόκλου
1554 3246 1809 3311 θανόντος
1846 3245 1978 3316 μετὰ

2163 3244 2358 3301 XXlll.
2419 3245 2615 3300 Proclo
2683 3255 2866 3300 autem
2937 3244 3273 3315 patriarcha,
3341 3259 3466 3300 eum
3523 3243 3666 3300 duo-

395 3339 697 3393 ὃωδέκατον
731 3339 853 3400 ἔτος
899 3339 958 3404 ἐξ
1005 3339 1128 3391 ὅτου
1171 3341 1414 3410 προέστη
1464 3339 1558 3393 τοῦ
1591 3342 1650 3393 ὲν
1693 3342 1978 3394 Κωνσταν·

2087 3339 2268 3396 decim
2298 3355 2472 3394 annos
2497 3339 2804 3394 orthodoxe
2819 3336 3427 3407 ConstantinOpolitano
3453 3336 3660 3408 populo

395 3427 705 3481 τινουπόλει
756 3426 1046 3498 ὀρθοδόξου
1103 3428 1259 3494 λαοῦ,
1305 3431 1334 3483 6
1385 3430 1528 3494 θεῖος
1565 3430 1867 3494 Φλαῦιανδς
1905 3434 1978 3497 είς

2085 3432 2417 3504 ρτωίυὶεεει,
2457 3441 2700 3493 mortuo,
2759 3439 2988 3484 sanctus
3054 3429 3354 3484 Flavianus
3428 3426 3484 3483 in
3548 3430 3670 3499 ejus

397 3517 492 3571 τὸν
545 3517 758 3571 ἐκείνου
831 3517 1018 3588 θρόνον
1099 3519 1544 3590 έγκαθιδρύεται.
1609 3521 1742 3575 Ὅτε
1808 3522 1906 3574 καὶ
1959 3521 1978 3575 ί

2086 3519 2217 3576 sedc
2277 3519 2632 3574 collocatur:
2684 3534 2794 3589 qua
2849 3526 3176 3588 tempestate
3232 3518 3668 3583 archimandrita

398 3607 648 3680 Εὑτυχὴς
694 3609 1133 3681 ἀρχιμανδρίτης
1170 3611 1246 3663 ὢν
1287 3609 1617 3681 ὲδογμάτιζε
1646 3612 1739 3666 τὸν
1783 3611 1991 3683 Κύριον

397 3703 559 3772 ἡμῶν
616 3702 823 3772 Ἰησοῦν
866 3702 1104 3773 Χριστὸν
1140 3702 1216 3774 μὴ
1248 3703 1347 3766 τὰς
1391 3703 1487 3758 δύο
1515 3703 1712 3774 φύσεις
1743 3704 1985 3776 τηρῆσαι

401 3795 542 3865 μετὰ
579 3797 675 3864 τὴν
715 3793 1150 3866 ἐνανθρώπησιν,
1182 3796 1296 3850 ἀλλ’
1339 3797 1418 3861 είς
1462 3797 1594 3868 μίαν
1620 3795 1784 3866 φύσιν
1814 3795 1982 3866 ἄμφω

401 3887 784 3958 συγκραθῆναι
824 3887 919 3940 καὶ
967 3888 1374 3959 συμφυρθῆναι.
1403 3889 1605 3942 Τοῦτον
1651 3887 1983 3959 ἀδιόρθωτον

403 3982 635 4050 μένοντα
673 3982 701 4033 6
747 3980 1050 4044 Φλαὸιανδς
1087 3981 1179 4034 τοῦ
1221 3981 1319 4051 τῆς
1372 3981 1700 4051 Ἐκκλησίας
1753 3981 1980 4053 ἐξέκοψε

403 4071 677 4138 σώματος,
739 4071 826 4123 ἵνα
885 4069 960 4140 μὴ
1018 4071 1115 4141 τῆς
1167 4071 1348 4141 λύμης
1394 4073 1491 4125 καὶ
1543 4072 1622 4144 τῷ
1676 4073 1979 4142 ὑγιαίνοντι

403 4160 638 4230 μεταδῷ.
684 4160 973 4231 Πρόσεισιν
1019 4158 1115 4214 οῦν
1157 4161 1185 4213 6
1229 4160 1473 4233 Εὐτυχὴς
1520 4163 1827 4235 Χρυσαφίῳ
1867 4161 1977 4232 (86)

2087 3609 2312 3680 quidam
2377 3610 2678 3681 Eutyches,
2739 3608 2995 3674 docebat,
3069 3609 3366 3664 Dominum
3414 3616 3669 3664 nostrum

2087 3703 2273 3760 Jesum
2307 3702 2613 3767 Christum,
2642 3702 2780 3756 duas
2806 3713 3036 3758 naturas
3059 3711 3183 3772 post
3214 3703 3658 3756 incarnationem

2092 3811 2200 3849 non
2248 3794 2567 3858 retinuisse,
2593 3793 2691 3849 sed
2735 3793 3001 3848 ambasin
3037 3809 3204 3848 unam
3239 3800 3496 3847 naturam
3529 3807 3666 3847 con-

2089 3893 2424 3955 tcmperatas
2453 3895 2508 3940 et
2530 3885 2822 3956 permistas
2854 3901 2998 3941 esse.
3033 3885 3212 3950 Hunc,
3250 3899 3404 3939 suam
3445 3885 3667 3954 Opinio-

2086 3993 2212 4032 nem
2247 3978 2606 4049 pertinacitcr
2625 3977 3036 4042 defendentem,
3063 3977 3356 4033 Flavianus
3383 3977 3451 4032 ab
3477 3978 3671 4032 Eccle-

2088 4071 2185 4126 siae
2233 4085 2463 4140 corpore
2507 4072 2768 4136 resecuit,
2829 4086 2900 4126 ne
2951 4077 3106 4141 peste
3145 4069 3261 4135 illa,
3318 4084 3452 4123 sana
3499 4069 3666 4123 etiam

2086 4160 2336 4216 membra
2365 4161 2744 4218 inlicerentur.
2791 4160 2899 4217 Sed
2948 4162 3222 4234 Eutycch
3257 4161 3666 4234 Chrysaphium

1565 4343 1765 4408 Variis
1802 4343 2112 4409 lectiones
2155 4350 2218 4411 et
2263 4350 2452 4408 notis.

471 4527 585 4598 (8t)
636 4527 869 4583 Ὀάσιν.
909 4525 1046 4584 Vide
1091 4526 1398 4600 Cujacium,
1450 4526 1549 4582 lib.
1607 4541 1707 4582 viti
1741 4525 1976 4582 Obseiv.
2006 4535 2049 4592 c
2081 4524 2388 4600 Cedrcnus,
2419 4527 2956 4600 Porpnyrogenitus,
2981 4526 3151 4600 libari
3177 4526 3257 4582 De
3287 4530 3508 4584 themat.
3537 4545 3662 4600 cap.

399 4611 521 4655 can.
539 4600 631 4655 27.

467 4615 906 4741 l()8‘22)].dezcsloqp
976 4665 1398 4741 Προχειρίζεται
1440 4667 1794 4741 πατριάρχης
1854 4667 1978 4724 ΚΠ.

402 4737 497 4792 καὶ
559 4737 924 4808 ένθρονίζεται
969 4737 1090 4790 κατ’
1112 4739 1292 4808 αὐτὴν
1317 4807 1323 4808 γ
1348 4738 1447 4808 τὴν
1475 4737 1641 4808 ἁγίαν
1672 4737 1766 4790 τοῦ
1799 4753 1980 4808 σωτη-

444 4809 522 4879 tog
578 4805 786 4870 πάθους
829 4808 926 4879 τὴν
964 4805 1538 4879 μεγάλην-πέμπτην.
1584 4806 1888 4879 Synaxa_ria
1920 4805 1980 4860 in

447 4825 522 4860 ιου
578 4824 786 4870 παυους
829 4824 926 4879 την
1007 4824 1232 4889 εγαλην.
1258 4824 1538 4879 πέμπτην.
1584 4824 1622 4862 δ
1660 4824 1888 4861 naxarta
1920 4824 1980 4860 ιιι

447 4919 459 4930 .
487 4877 696 4942 Proclo,
729 4879 800 4932 24
823 4824 1045 4933 Octobr.
1078 4877 1168 4932 die
1220 4876 1366 4932 illius
1411 4877 1572 4935 festo.
1607 4824 1764 4932 Kdde
1786 4876 1982 4932 Socra-

403 4956 512 5002 tem
548 4949 646 5002 lib.
674 4964 773 5012 vu,
814 4963 936 5017 cap.
977 4947 1070 5001 28.

473 5017 586 5088 (85)
617 5015 953 5086 Σχολάζών.
995 5017 1066 5073 Ut
1089 5015 1459 5087 σχολάζουσαν
1487 5016 1821 5088 Ecclesiam,
1840 5030 1980 5087 quo-
2017 5058 2022 5062 -

402 5085 507 5141 ties
538 5085 759 5142 viduata
790 5096 931 5152 erat,
974 5090 1054 5142 vel
1097 5085 1244 5143 illius
1273 5088 1468 5142 titulus
1493 5104 1523 5142 a
1546 5087 1698 5141 nullo
1731 5085 1980 5156 posside-

400 5157 583 5228 batur,
613 5159 687 5212 ita
719 5159 1006 5228 episcopos
1045 5159 1141 5227 qui
1175 5173 1206 5213 a
1229 5157 1458 5228 Paganis
1486 5157 1573 5211 vel
1604 5157 1684 5228 ab,
1704 5155 1977 5214 haereticis

400 5227 532 5298 sede
564 5244 664 5282 sua
689 5227 834 5298 pulsi
851 5227 1018 5298 (citra
1053 5242 1208 5282 suam
1244 5227 1545 5282 Ecclesiam
1571 5227 1825 5297 agebant,
1853 5243 1980 5298 σχο-

399 5296 1388 5379 “(levitati'vocabant._:E1t-iononoq
1437 5296 1835 5379 σχολαζόμενρς
1860 5337 1876 5362 ,
1912 5296 1978 5350 in

400 5380 522 5437 syn.
551 5367 808 5423 Antioch.
837 5382 960 5422 can.
1003 5368 1070 5424 l6
1101 5385 1115 5422 :
1141 5367 1388 5438 Episwpi
1425 5367 1681 5438 vagantes
1698 5368 1787 5438 qui
1818 5381 1980 5437 paro-

399 5439 544 5490 chius
598 5452 703 5490 non
755 5437 968 5492 habent.
1010 5438 1066 5492 in
1112 5437 1348 5492 concilio
1406 5435 1634 5492 Vasensi
1673 5451 1822 5493 anno
1849 5437 1976 5503 755,

397 5507 729 5644 L31184358017
761 5576 1214 5645 Χρυσοστόμου.
1257 5575 1552 5631 Historiam
1604 5575 1980 5632 translationis

401 5646 760 5715 reliquiarum
811 5651 983 5702 sancti
1043 5646 1272 5702 Joannis
1313 5646 1689 5718 Chrysostouii
1729 5649 1977 5718 attigero

401 5731 603 5785 passnui
632 5721 947 5787 scriptores,
976 5718 1250 5784 Socrates,
1299 5718 1393 5772 lib.
1432 5717 1529 5781 vu,
1557 5733 1678 5786 cap.
1712 5717 1817 5783 45,;
1837 5717 1980 5771 Mar-

404 5787 640 5842 cellinus
679 5803 885 5854 comes,
927 5788 1218 5844 Chronicon
1275 5787 1567 5842 Alexandr.
1591 5788 1976 5860 Theophanes,

2081 4596 2137 4660 2,
2162 4596 2386 4668 Mentea,
2405 4606 2462 4653 et
2487 4596 2754 4668 Metiolog.
2777 4597 2960 4652 Basilii
2984 4599 3054 4652 26
3081 4599 3306 4654 Januar.

2153 4667 2267 4741 (85)
2292 4668 2470 4741 ΚύρῳΔ
2499 4666 2582 4732 τῷ
2627 4666 2890 4741 eadem).
2918 4737 2930 4741 Α
2962 4669 3109 4741 Vide?
3146 4669 3663 4741 Constantinopolim

2083 4734 2284 4792 Christ.
2320 4737 2411 4790 ubi
2443 4739 2510 4792 de
2533 4739 2706 4793 muris
2745 4734 3165 4795 Theodosianis.

2153 4804 2265 4874 (86)
2296 4807 2648 4878 Χρυσαφιφ.
2671 4807 2843 4879 Cujus
2871 4816 3011 4873 tum,
3049 4821 3109 4863 ut
3127 4819 3452 4866 cmterorum
3477 4826 3662 4866 eunu-

2081 4873 2556 4947 ch_0rum,’magn'a
2586 4887 2704 4932 erat
2736 4873 3055 4932 auctoritas.
3107 4880 3417 4935 Chronicon
3451 4897 3557 4936 nis.
3590 4883 3662 4936 ab

2079 4943 2292 5019 AdaAmo
2323 4945 2390 5000 ad
2415 4943 2654 5019 L'eonem
2684 4949 3002 5017 PhiIOSOph.
3046 4949 3100 5003 in
3138 4951 3376 5005 Arcadio
3413 4969 3426 5004 :
3474 4953 3664 5019 Πάσης

2081 5014 2350 5090 διταιδείεις⁸
2394 5018 2689 5090 μετασχῲν
2728 5019 2825 5071 καὶ
2853 5014 3274 5090 λᾶστρονομίας,
3318 5022 3572 5074 ἱππεύειν
3597 5014 3660 5073 τε

2081 5085 2177 5161 καὶ
2199 5085 2438 5161 τοξεύειν
2467 5085 2733 5161 ἀσκηθεὶς
2785 5086 2880 5161 τοῦ
2915 5085 3138 5161 μετρίου
3183 5090 3358 5161 πέρα,
3395 5090 3660 5161 μειλίχιος

2079 5153 2171 5228 ὢν-
2184 5154 2274 5207 τὸν
2303 5153 2652 5228 τρόπον,νκαὶ
2671 5159 2752 5220 είς
2800 5153 2978 5228 ἄγραν
3000 5153 3658 5228 ,ἐπιτήδειόςζέάκτέδιά

2079 5223 2240 5300 τοῦτο
2265 5228 2360 5278 καὶ
2391 5226 2562 5278 πολλά
2583 5228 2692 5300 τῷν
2720 5223 2918 5300 κοινῶν
2939 5230 2968 5300 Α·
2991 5223 3329 5300 διαπεπέστη
3359 5230 3497 5300 πρὸς
3531 5231 3660 5293 τοὺς

2080 5292 2402 5370 εὐνούχους.
2436 5297 2782 5370 κρατηθέντα
2808 5295 2992 5370 ⁸αίδςῖι),
3049 5297 3246 5370 οἵτινές
3291 5292 3428 5370 εἰσιν

2083 5379 2228 5436 πιος,
2258 5365 2522 5436 γΛαῦσος,
2574 5365 2669 5420 καὶ
2719 5365 3076 5436 Καλοπόδιος,
3133 5369 3227 5420 καὶ
3277 5367 3416 5436 πρὸς
3441 5365 3660 5429 τούτοις

2080 5433 2423 5514 Χρῦυσίάφιος,
2449 5436 2611 5514 αὑτὸν
2639 5434 3109 5514 κατεδουλώσατο.
3171 5433 3475 5514 Νυξοὶοέιη
3507 5439 3657 5514 idem

2079 5503 2175 5578 qui
2223 5503 2573 5576 Chrysoretis
2618 5506 2842 5578 nomine
2889 5505 3212 5578 indignatur
3241 5507 3322 5578 in
3368 5503 3655 5578 (Synodieo

2079 5573 2372 5648 adversum
2424 5575 2747 5648 tragoediam
2801 5573 3032 5648 lre_naei,'
3064 5577 3156 5632 ubi
3201 5577 3322 5648 ejus
3365 5573 3654 5648 in'palatio

2079 5644 2322 5712 potentia
2359 5644 2724 5719 praedicatur,
2749 5653 2806 5700 et
2867 5645 3168 5704 Ecclesiain
3213 5644 3656 5719 fortiter—oppu-

2079 5729 2274 5783 gnasse
2310 5715 2538 5785 perinde
2560 5715 2845 5773 scribitur.
