4026 6418
380 368 514 432 1191

1677 362 1999 425 JOANNIS
2039 361 2358 423 ZONARE

3486 361 3632 426 1192

377 473 708 528 Eunuchum
759 471 896 539 adit,
959 487 1072 530 suae
1135 469 1424 528 sententiae
1483 469 1942 542 suffragatorem:

2051 469 2128 541 τῷ
2163 469 2395 541 ἐκτομίᾳ
2439 467 2789 540 όμοδοξοῦντι
2839 467 3010 539 αὐτῷ,
3067 468 3160 522 καὶ
3201 467 3426 524 πλεῖστα
3457 472 3634 527 δυνα-

375 565 470 634 qui
499 580 624 620 cum
651 565 793 634 apud
825 565 1214 634 imperatorem
1256 564 1553 634 plurimum
1587 569 1794 631 posset,
1831 561 1936 615 imo

377 666 578 726 petrat,
609 667 668 710 ut
697 657 960 712 Dioscoro
989 655 1082 725 qui
1106 665 1230 725 post
1257 653 1444 726 Cyrilli
1465 654 1676 708 obitum
1704 653 1942 708 Alexan-

376 747 592 802 drinam
623 748 924 802 Ecclesiam
973 746 1314 816 gubernabat
1342 760 1466 800 cum
1506 745 1629 798 aliis
1671 742 1946 812 episcopis

376 839 652 908 Ephesum
679 848 894 902 vocato,
923 837 1321 907 Eutychianum
1349 836 1544 906 dogma
1569 844 1942 900 excuteretur,

376 940 646 998 praesente
673 930 837 985 etiam
879 929 1156 983 Flaviano.
1189 929 1241 982 Is
1268 927 1434 996 igitur
1469 927 1786 988 Dioscorus,
1820 940 1944 979 cum

376 1025 622 1096 Eutyche
652 1028 1023 1091 consentiens,
1051 1025 1303 1080 adductis
1340 1025 1462 1079 aliis
1482 1024 1648 1078 etiam
1674 1022 1949 1092 episcopis

375 1115 621 1184 ejusdem
655 1115 950 1185 opinionis,
1004 1116 1277 1185 Ephesum
1325 1115 1625 1184 profectus,
1677 1112 1946 1182 suifraga-

377 1215 469 1259 tur
492 1206 830 1275 Eutychiano
860 1206 1122 1276 dogmati.
1153 1207 1424 1260 Caeterum
1460 1213 1654 1259 sancto
1679 1202 1946 1258 Flaviano

377 1296 728 1359 adversante,
784 1299 1074 1352 Dioscorus
1133 1296 1394 1351 exsiliens
1466 1295 1638 1350 instar
1694 1291 1949 1348 indomiti

378 1389 543 1452 asini,
609 1389 853 1444 calcibus
905 1391 1078 1443 sancti
1126 1386 1274 1444 illius
1307 1389 1412 1442 viri
1458 1396 1652 1458 pectus
1693 1386 1950 1456 impetiit,

375 1491 431 1536 et
459 1483 657 1553 pugnis
693 1483 939 1536 maxillas
967 1482 1086 1551 ejus
1126 1479 1358 1535 tundere
1390 1495 1501 1534 non
1530 1479 1683 1549 prius
1716 1477 1946 1542 destitit,

377 1588 538 1641 quam
577 1571 813 1627 concilio
849 1573 1170 1642 expulisset.
1203 1571 1277 1625 At
1321 1578 1548 1626 sanctus
1595 1569 1686 1624 ille
1715 1583 1784 1622 ex
1829 1567 1948 1636 pla-

378 1679 444 1734 ga
507 1664 742 1730 pectoris
802 1671 926 1732 post
991 1662 1234 1717 triduum
1297 1660 1546 1724 decedit,
1607 1672 1732 1712 cum
1788 1657 1953 1712 Novae

379 1755 564 1808 Rosz
608 1755 866 1811 thronum
910 1769 1007 1823 per
1037 1753 1320 1807 biennium
1356 1758 1631 1806 ornasset.
1665 1748 1952 1804 Dioscovus

377 1857 560 1898 autem
605 1845 895 1915 episcopos
952 1845 1046 1914 qui
1130 1843 1362 1898 aderant
1419 1840 1767 1896 subscribere
1824 1854 1949 1892 sen-

379 1934 564 1990 tentiae
618 1949 729 1988 sua!
788 1935 986 2004 coegit.
1045 1933 1182 1989 Nam
1243 1932 1544 1986 Eunuchus
1600 1929 1690 1983 ille
1749 1929 1950 1983 milites

379 2033 617 2078 armatos
667 2023 856 2077 adesse
910 2024 1171 2092 jusserat,
1219 2030 1284 2074 ut
1332 2020 1687 2074 adversantes
1739 2029 1951 2088 perter-

378 2113 663 2168 refaceret.
689 2113 891 2167 Verum
905 2114 1165 2177 Domnus,
1182 2111 1534 2165 Anliocbena:
1554 2109 1708 2164 urbis
1729 2123 1947 2179 praeses,

379 2220 506 2260 cum
549 2213 604 2259 et
639 2207 754 2276 ipse
787 2205 842 2259 in
888 2206 1128 2259 tumultu
1157 2205 1250 2259 illo
1284 2203 1721 2273 subscripsisset,
1763 2210 1950 2272 postea

337 2285 436 2350 'in
503 2297 828 2350 Dioscorum
893 2295 1262 2358 vociferatur,
1319 2295 1550 2364 ejusque
1616 2293 1948 2347 sententiam

379 2397 441 2442 ut
486 2387 768 2457 impietate
825 2387 1037 2458 plenam
1083 2385 1410 2456 proscindit.
1466 2383 1561 2437 His
1606 2381 1952 2436 Theodosius

380 2478 604 2543 auditis,
651 2488 708 2532 et
749 2479 992 2534 Flaviani
1036 2477 1257 2547 cognito
1304 2474 1555 2541 interitu,
1607 2473 1782 2526 iratus
1826 2487 1951 2526 cum

383 2569 735 2638 Chrysaphio
790 2569 1147 2638 exposmlat:
1193 2566 1285 2621 cui
1353 2566 1650 2620 Dioscorus
1716 2560 1950 2632 periculi

381 2670 530 2714 metu
579 2659 792 2723 suadet,
827 2668 886 2713 ut
910 2659 978 2712 ab
1008 2657 1340 2728 imperatore
1385 2659 1668 2725 impetret,
1718 2663 1776 2707 ut
1811 2653 1953 2705 Ana-

382 2750 597 2814 tolium,
643 2751 738 2819 qui
773 2749 826 2804 ei
865 2765 895 2803 a
935 2749 1213 2819 responsis
1251 2756 1392 2810 erat,
1438 2760 1600 2816 quem
1649 2741 1949 2814 apocrisia-

382 2840 525 2894 rium
593 2835 808 2901 vocant,
866 2840 1234 2910 patriarcham
1283 2835 1960 2910 Constantinopolitanum

382 2929 654 3000 designet,
697 2948 806 3000 quo
826 2942 882 2986 et
934 2932 1237 2999 Eutychem
1285 2929 1340 2983 in
1376 2929 1692 2982 societatem
1740 2923 1950 2992 recipe-

382 3031 486 3085 ret,
535 3021 687 3077 etde
733 3022 978 3077 Flaviani
1029 3023 1340 3077 calamitate
1379 3018 1489 3090 44
1534 3016 1766 3087 quaestio
1797 3015 1950 3069 nulla

382 3106 701 3164 haberetur.
748 3109 823 3164 Ea
871 3125 931 3163 re
976 3125 1074 3180 per
1121 3109 1451 3164 Eunuchum
1500 3109 1570 3161 ab
1618 3107 1949 3175 imperatore

381 3198 541 3252 facile
588 3199 895 3269 impetrata,
939 3199 1251 3269 patriarcha
1283 3197 1601 3267 designatur
1639 3193 1945 3249 Anatolius.

381 3288 528 3342 Idem
555 3288 946 3360 Chrysaphius,
971 3290 1140 3343 ascita
1167 3289 1333 3344 etiam
1363 3286 1610 3341 Eudoxia
1636 3285 1908 3356 adjutrice
1929 3325 1944 3350 ,

381 3379 638 3434 facilitari
683 3381 950 3450 principis
1005 3377 1613 3449 illudensypersuadet,
1647 3385 1710 3430 ut
1740 3383 1795 3429 et
1824 3374 1950 3429 Pul-

382 3473 571 3526 cheria
625 3473 695 3526 ab
743 3471 1230 3526 administratione
1270 3484 1454 3524 rerum
1495 3476 1830 3522 amoveatur.
1872 3467 1949 3521 Ea

382 3561 571 3630 igitur,
618 3561 742 3613 aula
794 3560 1004 3625 relicta,
1057 3559 1228 3614 vitam
1279 3558 1550 3628 privatam
1609 3555 1744 3626 agit,
1786 3564 1844 3610 et
1891 3555 1948 3609 in

381 3652 663 3705 Hebdomo
705 3651 960 3720 quiescit.
1000 3653 1068 3706 At
1112 3651 1436 3721 imperator,
1481 3649 1571 3703 vix
1627 3647 1847 3703 tandem
1879 3648 1947 3702 ad

382 3759 571 3798 sanam
626 3753 865 3798 mentem
923 3759 1200 3807 reversus,
1255 3741 1596 3797 considerata
1644 3748 1699 3795 et
1739 3739 1950 3794 nefaria

382 3836 622 3890 Flaviani
687 3836 854 3900 caede,
914 3847 970 3890 et
1009 3835 1330 3891 Pulcheriae
1389 3833 1666 3888 delatione
1714 3869 1731 3897 ,
1795 3833 1944 3903 justa

380 3927 755 3997 indignatione
797 3936 988 3983 contra
1034 3927 1362 3982 Eunuchum
1401 3932 1734 3987 commotus,
1783 3938 1949 3993 quem

381 4035 575 4072 earum
626 4035 810 4073 rerum
855 4019 1100 4072 omnium
1141 4028 1422 4073 auctorem
1466 4032 1589 4072 esse
1639 4018 1946 4081 constabat,

380 4111 662 4164 hominem
726 4112 964 4180 relegat,
1025 4111 1224 4180 opibus
1294 4110 1414 4182 ejus
1475 4107 1829 4173 confiscatis,
1893 4115 1950 4163 et

275 4210 294 4219 ‘
381 4215 622 4254 sororem
654 4202 1010 4271 petita'venia
1036 4207 1284 4256 revocat.
1303 4198 1734 4254 EratPulcheria
1751 4197 1950 4253 mulier

381 4292 801 4361 prudentissima
829 4334 843 4358 ,
885 4308 1007 4362 quae
1055 4295 1229 4347 multa
1273 4291 1463 4347 fratris
1517 4301 1701 4346 errata
1748 4291 1949 4362 partim

379 4384 712 4455 corrigebat,
759 4385 958 4455 partim
994 4384 1230 4454 tegebat.
1265 4381 1489 4438 Litteris
1516 4382 1608 4436 ille
1637 4391 1790 4437 certe
1827 4382 1948 4451 qui-

379 4473 507 4529 dem
562 4476 968 4531 inconsiderate
1026 4476 1379 4530 subscribere
1423 4473 1735 4529 dicebatur.
1793 4472 1950 4540 Quod
1983 4472 2027 4526 D

382 4584 452 4621 ne
509 4567 756 4632 faceret,
811 4577 978 4637 utque
1046 4568 1356 4622 litterarum
1425 4567 1754 4622 sententiam
1814 4580 1950 4621 con-

383 4658 676 4724 sideraret,
737 4659 806 4713 ab
857 4658 948 4712 illa
986 4658 1325 4724 admonitus,
1375 4657 1706 4723 afﬁrmabat,
1757 4671 1789 4711 a
1840 4672 1945 4712 ne-

391 4751 538 4804 mine
571 4750 712 4804 strui
745 4750 853 4804 sibi
884 4749 1158 4814 fraudem,
1196 4759 1252 4805 et
1292 4750 1436 4805 scire
1475 4765 1534 4804 se
1579 4750 1714 4819 quid
1753 4749 1952 4805 litteras

380 4841 748 4895 continerent.
779 4841 960 4907 Quare
1007 4843 1098 4896 illa
1136 4841 1204 4896 ad
1241 4841 1550 4896 socordiam
1584 4841 1769 4896 fratris
1797 4857 1953 4897 coar-

379 4930 656 5002 guendam
707 4931 1021 5002 hujusmodi
1066 4941 1380 4985 commento
1433 4946 1530 4985 usa
1576 4940 1680 4986 est.
1719 4931 1953 4988 Nomine

393 5024 548 5078 illius
600 5025 969 5095 syngrapham
1030 5025 1336 5094 componit,
1381 5039 1490 5093 qua
1535 5025 1639 5078 sibi
1703 5024 1954 5080 Eudoxia

380 5116 626 5186 Augusta
674 5119 1026 5182 venderetur,
1077 5132 1277 5186 eaque,
1341 5133 1440 5172 ceu
1491 5117 1639 5172 aliud
1689 5119 1950 5188 quiddam

379 5216 546 5274 esset,
570 5210 1104 5279 imperatoripblata,
1125 5209 1289 5264 efIicit
1308 5218 1370 5262 ut
1387 5208 1720 5264 subscribat.
1743 5209 1951 5266 Deinde

2049 563 2198 633 μένῳ
2226 562 2377 632 παρὰ
2407 562 2487 634 τῷ
2521 560 2735 632 βασιλεῖ
2757 576 2772 592 ·
2808 560 2904 614 καὶ
2936 559 2995 622 ὃς
3025 560 3202 612 πείθει
3223 560 3314 613 τὸν
3343 562 3632 617 Θεοδόσιον

2047 655 2342 725 ἐπιτρέψαι
2379 654 2457 725 τῷ
2508 655 2645 724 μετά
2669 653 2767 724 τὴν
2810 653 2904 706 τοῦ
2948 654 3107 722 ἀγίου
3141 654 3414 724 Κυρίλλου
3456 657 3632 726 μετά-

2049 763 2240 800 στασιν
2305 747 2404 815 τῆς
2477 745 2886 816 ’Δλεξανδρείας
2957 745 3049 799 τὸν
3119 746 3312 816 θρόνον
3381 747 3633 802 διέποντι

2047 838 2342 908 Διοσκόρῳ,
2394 837 2802 908 παραγενέσθαι
2851 839 2932 901 είς
2971 839 3207 906 Ἔφεσον
3254 839 3375 908 μεθ’
3417 840 3633 910 ἐτέρων

2047 928 2389 993 ἐπισκόπων,
2446 931 2541 983 καὶ
2594 930 2663 984 τά
2719 931 2860 984 κατά
2907 929 3000 983 τὸν
3042 929 3258 1000 Εὐτυχῆ
3320 931 3632 1000 γυμνάσαι,

2049 1022 2315 1090 παρόντος
2338 1021 2546 1075 καὶτοῦ
2583 1019 2908 1074 Φλαϐιανοῦ.
2947 1017 3114 1083 Οὗτος
3143 1016 3238 1074 οὖν
3264 1023 3292 1075 6
3328 1022 3629 1093 Διόσκορος

2049 1113 2144 1165 τοῦ
2191 1113 2470 1183 Εὐτυχοῦς
2498 1112 2786 1183 τυγχάνων
2809 1111 3085 1184 όμόδοξος,
3131 1115 3228 1166 καὶ
3269 1113 3462 1176 ἀλλους
3501 1115 3597 1166 ἐπι

2051 1202 2289 1268 σκόπους
2348 1202 2728 1275 προσειληφὼς
2795 1203 3208 1275 ὁμογνώμονας,
3247 1206 3330 1267 είς
3388 1207 3631 1274 Ἐφεσον

2050 1295 2453 1365 παραγίνεται,
2507 1297 2600 1349 καὶ
2667 1299 2827 1367 κυροῖ
2871 1297 2938 1349 τὰ
2997 1295 3147 1366 παρά
3201 1297 3294 1349 τοῦ
3348 1295 3632 1366 Εὐτυχοῦς

2051 1388 2397 1456 είσαγόμενα.
2459 1387 2856 1455 ’Δντιλέγοντος
2899 1387 2957 1440 δέ
2995 1387 3090 1440 τοῦ
3145 1388 3442 1458 ίερωτάτου
3477 1387 3632 1441 Φλα-

2051 1477 2265 1545 ϐιανοῦ,
2297 1473 2386 1533 οἷά
2423 1496 2509 1538 τις
2549 1479 2737 1549 ἄγριος
2785 1479 2904 1542 ὄνος
2936 1476 3220 1548 ἀναθορὼν
3248 1478 3277 1530 6
3307 1479 3632 1548 Διόσκορος⁹

2050 1568 2151 1633 λὰξ
2174 1569 2251 1640 τῷ
2279 1570 2487 1642 στέρνῳ
2517 1570 2733 1640 ἐνέθορε
2760 1570 2854 1622 τοῦ
2877 1569 3134 1632 εὐσεϐοῦς
3164 1569 3377 1622 ἐκείνου
3407 1569 3629 1640 ἀνδρὸς,

2052 1659 2148 1712 καὶ
2178 1661 2285 1726 πὺξ
2335 1661 2500 1714 αὐτὸν
2558 1661 2702 1714 κατά
2753 1662 2960 1732 κόρρης
3002 1660 3242 1725 τύπτων,
3282 1659 3384 1714 οὐκ
3419 1659 3632 1728 ἀνῆκεν

2051 1751 2157 1814 ἕως
2185 1751 2279 1804 τοῦ
2317 1753 2596 1823 συνεδρίου
2625 1753 2886 1822 ἐξώοησε.
2929 1753 3038 1805 Καὶ
3083 1754 3110 1804 6
3154 1751 3256 1823 μέν
3299 1751 3450 1820 am:
3481 1752 3632 1821 μετὰ

2051 1840 2242 1910 τρίτην
2272 1843 2486 1912 ἡμέραν
2519 1845 2582 1895 ἐκ
2615 1843 2716 1913 τῆς
2756 1841 2849 1896 τοῦ
2893 1842 3116 1913 στέρνου
3157 1843 3373 1913 πληγῆς
3422 1843 3629 1912 μετήλ-

2051 1931 2175 1996 λαξε
2206 1933 2305 2002 τὴν
2345 1932 2490 2004 ζωὴν
2520 1934 2658 2006 (87),
2701 1935 2760 1988 ἐν
2794 1935 2890 1988 δύο
2932 1935 3202 1996 ἐνιαυτοῖς
3236 1933 3329 1986 τὸν
3362 1935 3632 2004 ἀρχιερα-

2050 2019 2201 2072 τικδν
2245 2022 2534 2091 κοσμήσας
2589 2021 2780 2093 θρόνον
2812 2023 2910 2090 τῆς
2952 2022 3246 2093 Νεωτέρας
3293 2021 3514 2094 Ῥώμης
3548 2041 3564 2058 ο
3599 2027 3629 2077 6

2049 2109 2108 2162 δέ
2153 2111 2443 2181 Διόσκορος
2485 2113 2614 2187 τοὺς
2645 2114 2762 2166 ἐκεῖ
2799 2113 3073 2183 παρόντας
3123 2113 3454 2176 ἐπισκόπους
3487 2114 3625 2166 ὑπο-

2054 2204 2402 2272 σημήνασθαι
2474 2203 2734 2257 ἐϐιάσατο
2795 2205 2875 2276 τῷ
2931 2207 3062 2276 παρ’
3123 2205 3288 2258 αὐτοῦ
3346 2204 3628 2258 ἐκτεοέιτι

2051 2295 2182 2364 ὅρῳ.
2225 2293 2291 2347 Ἠ
2341 2293 2449 2366 γὰρ
2497 2295 2590 2348 τοῦ
2649 2296 2978 2367 δηλωθέντος
3033 2296 3288 2367 εὐνούχου
3333 2296 3623 2350 δυναστεία

2056 2387 2401 2454 στρατιώτας
2438 2387 2700 2451 ἐνόπλους
2751 2389 2867 2441 ἐκεῖ
2917 2391 3179 2459 παρεῖναι
3228 2389 3477 2458 ἐποίησε,
3527 2407 3630 2444 και

2053 2475 2177 2540 τοὺς
2206 2476 2588 2545 ἀντιλέγοντας
2619 2478 2894 2547 ἐκφοϐεῖν.
2939 2479 3142 2548 Δόμνος
3175 2478 3234 2531 δέ
3272 2480 3300 2531 ό
3346 2478 3447 2548 τῆς
3498 2479 3626 2534 Ἅν-

2052 2568 2278 2638 τιοχέων
2337 2567 2545 2633 πόλεως
2601 2569 2868 2640 πρόεδρος
2921 2569 3314 2640 ὑπεσημήνατο
3368 2571 3467 2640 μὲν
3525 2570 3630 2624 καὶ

2052 2661 2215 2726 αὐτὸς
2269 2659 2663 2734 συναρπαγεὶς,
2711 2658 2830 2717 είτα
2882 2663 3120 2717 κατεϐόα
3160 2663 3255 2716 τοῦ
3303 2663 3624 2735 Διοσκόρου,

2052 2754 2148 2806 καὶ
2174 2753 2265 2823 τῂν
2294 2754 2419 2824 ὅρον
2456 2752 2733 2807 διέϐαλλεν
2765 2751 2841 2815 ὡς
2874 2752 3127 2817 ἀσεϐείας
3171 2754 3392 2824 μεστόν.
3436 2755 3625 2810 Ταῦτα

2055 2842 2242 2913 μαθὼν
2293 2846 2321 2896 6
2375 2844 2628 2913 βασιλεὺς
2697 2843 3008 2909 Θεοδόσιος,
3056 2845 3152 2897 καὶ
3207 2845 3274 2898 τὰ
3327 2845 3469 2899 κατά
3526 2845 3624 2899 τὸν

2051 2931 2352 2987 Φλαϐιανὺν
2384 2933 2542 3000 γνοὺς
2566 2935 2623 2985 ἐν
2654 2933 2854 2997 αἰτίαις
2879 2933 3143 3004 πεποίητο
3167 2933 3258 2987 τὸν
3278 2935 3619 3006 Χρυσάφιον,

2053 3025 2148 3076 καὶ
2203 3023 2492 3093 ὠργίζετο.
2523 3024 2712 3086 Δείσας
2751 3024 2808 3076 δέ
2854 3025 2883 3076 6
2932 3027 3246 3096 Διόσκορος,
3301 3027 3621 3097 ὑποτίθησιν

2053 3115 2200 3184 αὐτῷ
2250 3118 2440 3168 πεῖσαι
2485 3115 2576 3170 τὸν
2612 3115 2837 3186 βασιλέα
2880 3118 3227 3188 πατριάρχτιν
3270 3119 3613 3171 Κωνσταντι·

2051 3202 2355 3266 νουπόλεως
2415 3203 2864 3274 προχειρίσασθαι
2939 3205 3239 3258 Ἀνατόλιον
3304 3205 3395 3258 τὸν
3447 3205 3607 3258 αὐτοῦ

2049 3296 2498 3368 ἀποκρισιάριον,
2541 3297 2627 3350 ἵνα
2679 3296 2772 3350 καὶ
2825 3297 2914 3351 τὸν
2957 3297 3173 3368 Εὐτυχῆ
3217 3297 3433 3367 δέξηται
3472 3298 3608 3368 πρὸς

2052 3391 2361 3456 κοινωνίαν,
2409 3391 2506 3443 καὶ
2562 3390 2631 3443 τὰ
2683 3389 2824 3443 κατὰ
2864 3391 2956 3443 τὸν
3009 3392 3278 3460 μακάριον
3323 3389 3614 3444 Φλαϐιανδν

2055 3481 2218 3555 μείνῃ
2250 3479 2668 3552 ἀνεξερεύνητα.
2713 3480 2897 3534 Πείθει
2944 3480 3126 3534 τοίνυν
3167 3483 3195 3534 6
3244 3483 3500 3553 ἐκτομίας
3525 3480 3619 3536 τδν

2053 3574 2296 3645 βασιλέα,
2338 3573 2621 3641 εὐάγωγον
2655 3572 2806 3638 ὄντα,
2863 3572 2959 3624 καὶ
2990 3575 3379 3642 χειροτονεῖται
3417 3591 3620 3644 πατρι-

2051 3670 2226 3738 άρχης
2267 3669 2296 3721 6
2343 3665 2646 3727 ’Δνατόλιος
2680 3664 2812 3735 (88).
2857 3658 3025 3728 Οὗτος
3065 3666 3094 3718 6
3142 3665 3430 3736 εἰρημένος
3473 3665 3624 3735 Χρυ-

2053 3761 2270 3828 σάςιος,
2314 3757 2415 3826 τῆς
2440 3757 2684 3820 εὐκολίας
2738 3755 2832 3810 τοῦ
2867 3752 3194 3819 κρατοῦντος
3230 3755 3620 3826 κατατρυφῶν.

2051 3847 2270 3900 ἔπεισεν
2297 3845 2478 3912 αὐτὸν,
2503 3846 2599 3898 καὶ
2631 3844 2729 3914 τὴν
2757 3843 3072 3914 βασίλισσαν
3096 3844 3356 3899 Εύδοκίαν
3395 3861 3624 3917 προσει-

2050 3938 2238 4008 ληφὼς
2295 3937 2576 4008 συνεργὸν,
2620 3936 2718 4006 τὴν
2784 3935 3118 4005 Πουλχερίαν
3173 3935 3274 4004 τῆς
3321 3937 3433 3989 τῶν
3481 3953 3626 4006 πραο

2051 4031 2279 4102 γμάτων
2341 4029 2689 4100 μετενεγκεῖν
2714 4027 3050 4097 διοικήσεως.
3115 4026 3288 4097 Καὶή
3338 4027 3460 4097 μὲν,
3508 4028 3623 4082 τῶν

2053 4121 2373 4192 ἀνακτόρων
2427 4120 2872 4189 ὑποχωρήσασα,
2933 4116 3056 4170 καθ’
3095 4117 3297 4184 ἑαυτὴν
3349 4116 3470 4187 ἔζη,
3524 4120 3622 4171 καὶ

2051 4215 2111 4268 ἐν
2151 4211 2229 4282 τῷ
2283 4209 2526 4281 Ἑϐδόμῳ
2551 4209 2661 4280 (89)
2693 4208 2980 4278 ἡσύχαζεν.
3050 4205 3106 4261 '0
3131 4206 3190 4261 δέ
3239 4207 3512 4278 βασιλεὺς,
3541 4211 3627 4272 είς

2053 4303 2245 4358 ἐαυτὸν
2304 4301 2403 4372 ὀψὲ
2453 4302 2547 4354 καὶ
2584 4299 2736 4368 μόλις
2785 4297 2979 4366 ἐλθὼν,
3026 4298 3121 4352 καὶ
3170 4299 3271 4369 τὴν
3327 4299 3470 4354 κατά
3522 4301 3620 4354 τοῦ

2057 4397 2330 4467 μακαρίου
2394 4390 2698 4447 Φλαϐιανοῦ
2767 4391 3081 4460 μιαιφονίαν
3132 4391 3620 4461 ἀναλογισάμενος,

2055 4487 2151 4541 καὶ
2197 4487 2267 4539 τὰ
2316 4485 2458 4540 κατά
2499 4484 2598 4556 τὴν
2644 4483 2999 4552 Πουλχερίαν,
3035 4483 3132 4536 καὶ
3175 4483 3401 4538 πάντων
3447 4484 3623 4538 αίτιον

2054 4577 2147 4630 τὸν
2203 4574 2430 4646 βέϐηλον
2477 4569 2685 4628 ἐκεῖνον
2737 4572 2992 4642 εὐνοῦχον
3035 4571 3231 4642 εὑρὼν,
3285 4575 3366 4636 είς
3415 4573 3626 4628 δίκαιον

2056 4663 2178 4720 κατ’
2218 4665 2385 4719 αὐτοῦ
2425 4666 2654 4718 κινεῖται
2686 4662 2878 4728 θυμὸν,
2908 4662 3003 4716 καὶ
3041 4662 3135 4716 τοῦ
3171 4663 3272 4733 μὲν
3327 4665 3627 4735 ὑπερορίαν
3665 4698 3672 4735 ρ

2057 4755 2500 4824 καταψηφίζεται
2539 4753 2676 4825 (90),
2707 4755 2804 4807 καὶ
2838 4753 3065 4823 δημεύει
3092 4755 3193 4823 τὴν
3214 4755 3402 4808 οὐσίαν
3429 4733 3623 4820 αὐτοῦ,
3664 4733 3671 4756 ’

2054 4845 2155 4915 τὴν
2177 4843 2235 4896 δὲ
2279 4843 2520 4914 ἀδελφὴν
2566 4841 3076 4913 μετακαλεσάμενος
3130 4843 3460 4914 συγγνώμην
3501 4845 3628 4917 ᾔτει

2053 4936 2149 4989 καὶ
2197 4935 2297 5004 τὴν
2349 4935 2461 4989 τῶν
2525 4935 2870 5005 πραγμάτων
2943 4934 3209 5000 διοίκησιν
3267 4935 3422 5000 αὖθις
3477 4939 3622 5008 αὐτῇ

2051 5026 2402 5096 ἐνεχείρισεν.
2444 5023 2556 5080 Ἦν
2601 5025 2660 5078 δέ
2703 5027 2738 5095 ἡ
2778 5023 3082 5098 Πουλχερία
3116 5026 3482 5097 συνετωτάτη,
3523 5028 3624 5080 καὶ

2053 5118 2224 5170 πολλά
2281 5117 2393 5170 τῶν
2449 5116 2851 5186 ἐλαττωμάτων
2919 5115 3014 5168 τοῦ
3068 5115 3332 5184 ἀδελφοῦ,
3399 5119 3468 5172 τά
3518 5117 3624 5187 μὲν

2055 5208 2397 5280 ἐπηνώρθου,
2415 5208 2483 5262 τά
2502 5207 2558 5261 δέ
2583 5207 2976 5261 συνεκάλυπτε.
2999 5209 3230 5275 Λέγεται
3255 5207 3383 5276 γοῦν
3413 5210 3624 5278 ἀπροσ-

1574 5344 1773 5406 Variae
1804 5343 2112 5429 lectiones
2135 5348 2197 5405 et
2234 5348 2423 5403 nota.

457 5466 571 5537 (87)
596 5468 950 5539 Μετήλλαξε
970 5469 1082 5535 τὴν
1106 5468 1278 5538 ζωήν.
1300 5469 1587 5539 Evagrius,
1608 5469 1952 5526 Marcellinus

383 5547 710 5609 conies,ete.
737 5541 790 5592 ὃ.
818 5538 1054 5609 Flaviani
1082 5539 1226 5593 Patr.
1257 5538 1950 5609 ConstimtinopolJestum

386 5613 552 5676 agunt
584 5605 760 5661 (ἆταισί
795 5609 861 5660 16
891 5608 1051 5662 Febr.
1084 5619 1145 5662 ut
1173 5617 1261 5664 est
1295 5610 1349 5662 in
1372 5611 1610 5663 Menznis.

462 5675 575 5752 (illi)
626 5678 992 5752 ξᾼνατόλιος.
1033 5677 1202 5750 Cujus
1225 5680 1546 5734 memoriam
1573 5690 1741 5750 agunt
1778 5676 1950 5735 Graeci

384 5742 422 5797 5
439 5741 589 5796 Julii.
624 5745 847 5800 Nemea.

2128 5469 2238 5538 (89)
2283 5468 2386 5520 Ἐν
2415 5465 2812 5540 τῷξΕόδόμῳ.
2842 5470 2920 5527 Ita
2947 5470 3107 5528 etiam
3136 5470 3433 5540 Nicephor.
3477 5471 3620 5530 Call.

2056 5537 2150 5592 lib.
2184 5537 2292 5598 xiv,
2325 5553 2446 5605 cap.
2481 5537 2571 5591 47.

2129 5608 2239 5677 (90)
2269 5605 2764 5676 Καταψηφίζεται.
2818 5609 3164 5664 Marcellinus
3205 5625 3411 5672 comes.
3435 5611 3626 5670 Victor

2058 5677 2467 5751 lellllune_llsi§,
2498 5677 2806 5751 Chronicon.
2835 5680 3152 5751 Alexandr.,
3173 5679 3495 5751 Theophan.
3527 5695 3622 5740 an.

2057 5746 2129 5802 62
2155 5745 2469 5812 Theodosii,
2495 5754 2552 5802 et
2584 5749 2606 5802 l
2642 5747 2920 5802 Marciani.
