4026 6406
345 291 485 359 1193

1601 293 2008 353 ANNALIUM
2054 295 2119 352 LI
2137 294 2197 353 Β.
2234 294 2405 355 XIII.

3462 296 3600 367 I196

342 410 520 468 έκτως
574 404 664 458 τὸν
730 403 956 474 βασιλέα
1030 404 1220 459 τοῦτον
1292 405 1766 475 ὑποσημαίνεσθαι
1825 408 1916 468 τὰς

2025 406 2330 462 Eudociam
2384 407 2454 462 ab
2514 407 2607 461 illo
2664 408 3008 473 accersitam,
3074 408 3226 465 abire
3281 425 3388 466 non
3445 411 3602 470 sinito

340 498 580 570 γραφάς.
620 498 684 550 'Il
715 497 772 550 δὲ
804 497 1034 568 παρῄνει
1067 497 1230 550 αὐτὸν
1273 497 1348 567 μὴ
1401 499 1510 550 πᾶν
1550 497 1611 550 τὸ
1646 497 1920 565 προσαγό-

342 607 507 660 μενον
556 588 832 658 βεϐαιοῦν,
869 588 1004 641 ἀλλὰ
1042 589 1112 640 τὰ
1150 588 1513 658 γεγραμμένα
1550 587 1918 658 προσεπισκέ-

340 681 595 735 πτεσθαι.
646 682 706 734 '0
757 681 812 735 δὲ
845 680 1220 734 διεϐεϐαιοῦτο
1277 681 1352 751 μή
1392 697 1446 733 τι
1491 679 1919 749 κακουργεῖσθαι

339 774 491 843 παρά
511 789 602 826 του
627 787 642 803 ⁸
683 773 883 826 εἰδέναι
923 773 1032 844 γὰρ
1061 773 1222 837 αὐτὸς
1251 772 1645 843 ἀπισχυρίζετο
1673 772 1743 826 τὰ
1767 787 1922 840 ιγρα-

340 871 570 939 φόμενα.
636 866 730 929 Εἰς
784 866 1006 936 ἔλεγχον
1051 865 1232 919 τοίνυν
1280 865 1378 933 τῆς
1431 864 1646 933 νωθρᾶς
1690 861 1919 932 γνώμης

339 962 431 1015 τοῦ
459 959 714 1030 ἀδελφοῦ,
771 956 976 1010 τοιόνδε
1017 971 1072 1008 τι
1114 957 1183 1024 τῇ
1214 952 1521 1023 Πούλχερίᾳ
1551 951 1915 1020 ἐπινενόηται.

339 1053 662 1122 Ἐγγραφον
695 1049 754 1115 ἐξ
791 1049 1002 1100 ἐκείνου
1045 1047 1325 1115 συντίθησι
1361 1045 1636 1116 πράσεως,
1675 1043 1752 1106 ὡς
1779 1043 1916 1113 αὐτῇ

337 1147 434 1216 τὴν
454 1143 774 1213 Αὐγούσταν
797 1141 1062 1194 Εὐδοκίαν
1095 1137 1472 1207 πωλήσαντος,
1507 1137 1603 1190 καὶ
1628 1136 1704 1199 ὼς
1733 1135 1918 1206 ἕτερόν

336 1257 387 1292 τι
427 1237 577 1306 αὐτῷ
625 1232 1056 1306 προσαγαγοῦσα
1110 1231 1173 1283 τὸ
1222 1230 1550 1301 ὡνητήριον,
1605 1228 1793 1282 ἔπεισε
1827 1229 1917 1299 βε-

335 1330 572 1384 ϐαιῶσαι
607 1331 673 1400 τῇ
706 1326 884 1398 οἰκεία
908 1325 1230 1395 ὑπογραφῇ,
1261 1317 1385 1376 εἶτα
1431 1321 1917 1392 μετακαλουμένην

336 1423 464 1494 παρ’
495 1419 706 1474 ἐκείνου
738 1418 840 1489 τὴν
887 1415 1153 1470 Εὐδοκίαν
1207 1413 1435 1467 ἀπιέναι
1481 1413 1583 1465 οὐκ
1616 1412 1726 1467 εἷα.
1764 1411 1918 1482 Ἐροο

336 1514 499 1584 μένου
516 1511 574 1564 δὲ
598 1511 698 1581 τὴν
721 1507 907 1565 αἰτίαν
935 1506 1029 1560 τοῦ
1056 1503 1485 1576 αὐτοκράτορος,
1521 1503 1582 1556 τὸ
1615 1503 1918 1575 πρατήριον

333 1609 368 1677 η
405 1603 708 1674 Ποῦλχερία
753 1599 904 1670 αὐτῷ
957 1599 1267 1666 ἐνεφάνισε,
1324 1598 1417 1650 καὶ
1469 1595 1642 1656 οὕτως
1690 1595 1916 1668 ήλεγξεν

333 1695 495 1748 αὐτὸν
525 1694 754 1746 πλεῖστα
812 1687 1294 1760 ὑποσημαίνεσθαι
1352 1688 1388 1743 ἃ
1445 1687 1558 1742 οὐτ’
1606 1684 1766 1754 οἶδεν,
1802 1688 1915 1742 οὔτ’

334 1789 464 1850 ἴσως
503 1785 753 1856 βούλεται
809 1783 1080 1854 γίνεσθαι.
1139 1781 1272 1836 Τότε
1320 1783 1419 1852 μὲν
1448 1777 1541 1835 οὖν
1568 1783 1664 1846 τῆς
1701 1782 1916 1833 πεπλα-

336 1881 545 1950 σμένης
601 1878 818 1946 ἐκείνης
873 1875 1133 1946 πράσεως
1197 1871 1564 1942 σχολασάσης,
1614 1871 1649 1941 ἡ
1705 1870 1915 1941 βασιλὶς

333 1970 686 2040 ἀποκατέστη
715 1967 792 2039 τῷ
854 1965 1246 2036 αὐτοκράτορι.
1308 1963 1621 2018 Μετέπειτα
1668 1961 1712 2014 δ’
1740 1964 1916 2026 αἰτίας

333 2064 624 2135 συμϐάσης
649 2061 815 2127 τινος,
858 2057 1164 2127 ἀπέστερξε
1207 2056 1308 2127 τὴν
1359 2055 1682 2125 Δύγούσταν
1709 2057 1739 2108 ό
1765 2057 1920 2126 βασι·

333 2157 457 2222 λεύς
491 2174 504 2188 ο
540 2157 573 2227 ἡ
615 2154 660 2206 δ’
697 2152 867 2218 αἰτία,
907 2150 1077 2222 μῆλον
1107 2148 1388 2219 ὑπερφυὲς
1416 2149 1496 2211 εἰς
1527 2147 1692 2217 όγκον
1724 2148 1915 2218 ἐκομί-

335 2252 436 2321 σθη
477 2249 554 2318 τῷ
591 2246 824 2318 βασιλεῖ.
872 2243 933 2298 Ὀ
969 2242 1025 2296 δὲ
1051 2241 1212 2295 τοῦτο
1239 2241 1552 2312 θαυμάσας,
1580 2243 1646 2310 τῇ
1685 2239 1916 2311 βασιλίδι

333 2342 646 2404 ἀπέστειλε,
677 2336 907 2407 κάκείνη
959 2335 1041 2403 τῷ
1085 2335 1337 2406 Παυλίνῳ
1385 2335 1499 2404 (91)
1546 2333 1607 2387 τὸ
1634 2334 1806 2406 μῆλον
1833 2335 1919 2388 δέ.

332 2439 524 2492 δωκεν.
559 2432 668 2488 Ἦν
701 2431 758 2487 δὲ
807 2430 988 2500 λόγιος
1039 2429 1069 2482 6
1118 2427 1280 2500 ἀνὴρ,
1329 2426 1628 2482 κάντεῦθεν
1657 2431 1724 2500 τῇ
1760 2428 1916 2499 βασι-

333 2525 490 2596 λίσσῃ
523 2523 788 2594 ᾠκείωτο.
841 2520 904 2574 ὐ
937 2519 996 2572 δὲ
1029 2517 1126 2572 τοῦ
1184 2517 1357 2588 μήλου
1398 2517 1630 2588 μέγεθος
1654 2519 1918 2587 ἀγασθεὶς

333 2621 604 2686 προσάγει
633 2615 793 2669 τοῦτο
819 2613 898 2684 τῷ
943 2612 1175 2679 βασιλεῖ,
1213 2611 1427 2678 ἀγνοῶν
1465 2613 1534 2665 τὰ
1568 2613 1698 2679 περί
1728 2612 1916 2668 αὐτοῦ.

345 2712 585 2771 Ἐκεῖνος
620 2709 665 2761 δ’
694 2707 913 2774 ἐπέγνω
945 2705 1008 2757 τὸ
1038 2702 1372 2774 προσαχθὲν,
1416 2706 1512 2756 καὶ
1543 2700 1762 2773 κρύψας
1783 2704 1917 2756 αὐτὸ

334 2802 434 2871 τὴν
491 2801 726 2867 γυναῖκα
784 2795 1068 2867 ⁴ἰγρὼτησε,
1105 2797 1199 2848 ποῖ
1226 2795 1362 2865 δῆτα
1404 2793 1466 2847 τδ
1525 2794 1718 2847 σταλὲν
1777 2797 1914 2867 αὐτῇ

339 2893 508 2964 μῆλόν
539 2894 728 2955 iactv;
763 2890 828 2943 Ἠ
866 2887 922 2941 δὲ
950 2890 1148 2957 φαγεῖν
1179 2881 1305 2942 εἷπε
1334 2887 1514 2952 τοῦτο,
1561 2887 1788 2942 δείσασα
1839 2890 1915 2960 μὴ

331 2989 360 3040 ὁ
394 2987 532 3057 ἀνὴρ
565 2982 903 3054 ὑποπτεύσῃ,
945 2981 974 3035 ὃ
1025 2981 1234 3044 ὲκεῖνος
1279 2980 1381 3051 ἤδη
1428 2980 1810 3037 ὑπώπτευσεν.
1854 2983 1915 3037 '0

1948 1750 2033 1803 Il:

2022 498 2358 568 quaesitaque
2386 499 2710 555 retentionis
2734 515 2918 566 causa,
2945 501 3155 570 profert
3176 504 3544 573 syngrapham
3584 521 3598 559 :

2024 589 2209 659 itaque
2255 591 2556 657 convincit,
2584 607 2710 646 eum
2763 592 3115 648 subscribere
3164 596 3439 665 plurimis,
3483 613 3606 666 ane

2023 695 2206 748 neque
2265 684 2450 746 norit,
2500 699 2681 752 neque
2739 685 2904 736 etiam
2959 685 3188 738 fortasse
3253 687 3372 740 fieri
3440 688 3600 744 velit.

2021 772 2100 826 Ac
2160 782 2273 827 tum
2343 775 2607 844 quidem,
2676 777 3057 831 commentitia
3135 777 3227 831 illa
3283 779 3605 834 venditione

2021 864 2255 926 sublata,
2291 882 2429 920 uxor
2471 869 2789 936 imperatori
2830 869 3172 924 restituitur.
3228 873 3357 926 Post
3389 879 3601 935 autem,

2021 953 2075 1008 in
2104 956 2292 1012 odium
2325 959 2444 1029 ejus
2477 960 2571 1013 tali
2601 959 2668 1014 de
2693 975 2854 1014 causa
2901 961 3162 1016 incurrit.
3210 963 3440 1016 Pomum
3475 964 3604 1017 inu-

2020 1047 2180 1102 sitata
2232 1051 2614 1119 magnitudine
2667 1051 2772 1105 sibi
2817 1052 3067 1106 oblatum
3126 1053 3434 1122 imperator
3497 1055 3599 1108 ad-

2021 1139 2270 1204 miratus,
2328 1141 2486 1195 uxori
2537 1143 2707 1198 misit.
2766 1143 2821 1197 Id
2861 1145 2950 1198 illa
3002 1147 3230 1200 Paulino
3277 1146 3431 1200 dedit
3475 1145 3600 1200 viro

2019 1231 2263 1296 erudito,
2319 1248 2495 1302 eaque
2548 1235 2616 1289 de
2677 1250 2838 1289 causa
2899 1237 3003 1290 sibi
3058 1237 3340 1292 familiari.
3405 1239 3452 1292 Is
3519 1239 3600 1294 rei

2021 1321 2262 1392 ignarus,
2308 1323 2443 1378 illud
2487 1324 2809 1395 imperatori
2859 1328 3022 1382 offert
3085 1339 3142 1383 ut
3187 1346 3302 1383 rem
3357 1331 3602 1383 miram:

2019 1429 2130 1484 quo
2176 1414 2270 1470 ille
2317 1416 2508 1486 agnito
2551 1427 2607 1472 et
2661 1420 2958 1485 occultato,
3001 1437 3227 1476 uxorem
3279 1436 3458 1494 rogat,
3510 1426 3604 1483 ubi

2018 1507 2091 1559 sit
2118 1507 2322 1562 malum
2361 1507 2466 1577 ipsi
2515 1508 2770 1564 missum.
2826 1510 2946 1574 Illa,
2997 1512 3175 1568 verita
3212 1531 3280 1570 ne
3318 1517 3372 1571 id
3423 1519 3593 1587 suspi‘

2019 1605 2239 1649 caretur
2277 1597 2510 1652 maritus
2543 1599 2692 1669 quod
2733 1601 2843 1670 jam
2897 1601 3307 1670 suspicabatur,
3361 1621 3420 1661 se
3447 1623 3605 1662 com-

2018 1687 2202 1741 edisse
2286 1689 2605 1758 respondet.
2664 1692 2865 1747 Verum
2930 1693 3024 1748 illo
3083 1697 3267 1751 acrius
3329 1710 3602 1771 urgente,

2014 1779 2377 1850 jurejurando
2435 1779 2717 1848 aﬂirmat,
2780 1799 2838 1838 se
2890 1787 3000 1855 jam
3073 1789 3397 1844 comedisse.
3464 1791 3602 1846 Tum

2021 1869 2101 1923 ira
2191 1872 2440 1939 percitus
2520 1872 2862 1944 imperator,
2938 1891 3161 1945 pomum
3217 1880 3445 1950 profert.
3514 1882 3605 1960 Sic

2020 1960 2112 2016 illa
2161 1963 2216 2016 in
2277 1965 2570 2032 manifesto
2622 1967 2910 2023 mendacio
2955 1969 3328 2039 deprehensa,
3363 1973 3604 2041 suspicio

2020 2054 2206 2110 mariti
2301 2057 2710 2123 confirmatur,
2809 2059 3077 2118 Paulinus
3167 2063 3360 2118 insons
3453 2067 3601 2120 occi-

2020 2145 2192 2202 ditur.
2249 2147 2500 2205 Eudocia
2558 2166 2684 2206 cum
2745 2168 2802 2208 se
2867 2153 3100 2210 invisam
3155 2171 3278 2212 esse
3329 2169 3602 2224 cerneret,

2019 2236 2338 2294 facultatem
2388 2239 2630 2298 abeundi
2679 2242 3063 2316 Hierosolyma
3111 2247 3270 2318 petit,
3314 2263 3426 2318 quo
3475 2263 3603 2304 cum

2018 2329 2231 2400 magnis
2257 2329 2458 2400 Opibus
2501 2331 2772 2403 profecta,
2813 2343 2870 2390 et
2898 2336 3010 2407 45
3055 2338 3254 2407 templa
3288 2338 3601 2402 aediﬁcavit,

2017 2429 2074 2476 et
2127 2423 2468 2492 pauperibus
2549 2425 2778 2494 ejusque
2831 2427 2938 2481 loci
3003 2430 3358 2484 monasteriis
3423 2431 3598 2484 multa

2019 2510 2194 2564 dedit.
2241 2511 2374 2566 Inde
2420 2528 2664 2579 reversa,
2719 2529 2842 2584 post
2887 2517 3069 2569 mariti
3123 2517 3359 2583 obitum,
3403 2520 3600 2574 eodem

2020 2602 2208 2669 rediit,
2258 2603 2446 2674 ibique
2500 2615 2719 2658 mortua
2773 2613 2880 2660 est.
2939 2604 3055 2671 Qua
3109 2623 3240 2661 Vero
3289 2611 3603 2666 eruditione

2019 2695 2342 2764 imperatrix
2390 2697 2480 2751 illa
2527 2698 2714 2762 fuerit,
2765 2699 3045 2754 Centones
3091 2699 3368 2758 Homerici
3415 2705 3603 2760 decla-

2019 2799 2166 2843 rant.
2201 2789 2335 2844 Nam
2377 2806 2502 2844 cum
2535 2791 2811 2846 Patricius
2861 2792 3086 2861 quidam
3126 2794 3178 2848 id
3217 2810 3356 2866 opus
3398 2797 3605 2867 imper-

2018 2881 2222 2938 fectum
2255 2890 2313 2937 et
2351 2883 2688 2955 indigestum
2750 2885 3088 2956 reliquisset,
3133 2886 3224 2941 illa
3267 2897 3326 2943 et
3369 2891 3605 2945 absolvit

2016 2981 2075 3031 et
2099 2975 2349 3047 digessit,
2390 2984 2450 3030 ut
2480 2977 2768 3047 inscriptio
2799 2979 3055 3034 versibus
3099 2979 3339 3036 heroicis
3380 2983 3600 3052 praefixa

332 3081 378 3133 δ’
405 3081 484 3133 ἔτι
527 3080 839 3148 προσήρετο
883 3071 1387 3144 ὲπιτακτικώτερον
1419 3088 1434 3104 ’
1480 3074 1515 3144 ή
1555 3073 1602 3127 δ’
1635 3069 1789 3140 αὖθις
1815 3093 1916 3146 φα-

2021 3063 2284 3121 declarat.
2357 3067 2590 3122 Moritur
2656 3067 3005 3124 Theodosius
3065 3071 3601 3142 quinquagenarius,

331 3175 450 3240 γεῖν
474 3171 534 3224 τὸ
557 3169 724 3239 μῆλον
755 3165 1052 3238 ἐξώμνυτο.
1101 3167 1318 3236 Ἐξάγει
1345 3165 1502 3220 τοῦτο
1535 3167 1732 3236 μεστὸς
1761 3171 1788 3222 ό
1812 3169 1914 3223 αύι

331 3267 624 3334 τοκράτωρ
655 3263 846 3333 ὀργῆς.
882 3263 988 3313 Καὶ
1022 3264 1054 3331 ἠ
1089 3261 1188 3328 μὲν
1220 3259 1306 3311 ἐπ’
1332 3249 1636 3329 αὐτοφώρῳ
1667 3262 1810 3316 ἑάλω
1838 3265 1914 3334 μὴ

334 3357 703 3427 ἀληθεύουσα.
726 3354 816 3424 Τῷ
837 3354 893 3407 δὲ
915 3354 981 3406 τὰ
1013 3355 1111 3423 τῆς
1138 3353 1396 3414 ὐπονοίας
1419 3352 1736 3422 ἐστήρικτο.
1769 3356 1914 3408 Κάν-

335 3451 524 3504 τεῦθεν
558 3449 829 3502 κτείνεται
859 3447 954 3516 μὲν
984 3448 1010 3499 6
1034 3445 1303 3509 Παυλῖνος
1326 3443 1385 3507 ἐξ
1407 3444 1639 3514 ὑποψίας
1669 3445 1918 3516 ψευδοῦέ,

336 3544 368 3612 ἡ
401 3541 442 3595 δ’
473 3542 704 3594 Εὐὸοκία
739 3538 1031 3610 μεμίσητο.
1061 3537 1178 3592 Καὶ
1199 3537 1403 3607 ⁴ᾔτησεν
1430 3535 1686 3589 ἀπελθεῖν
1713 3539 1791 3599 εἰς
1828 3537 1926 3592 Ἰε-

342 3634 619 3704 ροσόλυμα
648 3632 783 3700 (9‘2),
809 3631 939 3683 ἔνθα
971 3629 1033 3698 δὴ
1061 3626 1373 3681 ἀπελθοῦσα
1395 3627 1492 3680 σὺν
1512 3625 1724 3695 πλούτῳ
1746 3626 1922 3696 βαθεῖ,

335 3726 495 3790 ναούς
540 3743 600 3777 τε
645 3727 920 3794 ἐδείματο,
959 3724 1052 3773 καὶ
1093 3720 1265 3772 πολλὰ
1290 3721 1403 3781 τοῖς
1454 3719 1777 3788 πενομένοις
1825 3720 1922 3772 καί

333 3823 446 3882 τοῖς
476 3820 595 3871 ἐκεῖ
630 3813 1012 3886 μοναστηρίοις
1043 3812 1318 3865 διέδωκεν.
1345 3810 1584 3864 Ἐκεῖθεν
1610 3809 1666 3862 δὲ
1695 3811 1922 3863 ἐπανελιι

337 3911 511 3964 θοῦσα
545 3908 700 3970 αὖθις
745 3910 882 3975 μετά
930 3903 1163 3960 θάνατον
1207 3901 1302 3956 τοῦ
1332 3903 1550 3972 ἀνδρὸς,
1583 3904 1764 3956 ἐκεῖσε
1793 3904 1920 3972 ἀφί-

335 4017 483 4064 κετο,
527 4001 690 4052 κάκεῖ
717 3994 1131 4063 τετελεύτηκεν.
1170 3993 1273 4048 Οἴα
1309 3992 1367 4046 δὲ
1408 3995 1538 4063 περὶ
1570 3993 1760 4063 λόγους
1805 3994 1916 4064 (93)

323 4087 402 4163 ἦν
446 4093 480 4162 ἠ
543 4089 756 4160 βασιλὶς
799 4087 1005 4156 ἐκείνη,
1038 4085 1259 4155 δηλοῦσι
1301 4084 1368 4138 τὰ
1424 4084 1697 4154 λεγόμενα
1753 4081 1923 4155 Ὅμη-

339 4183 606 4252 ρόκεντρα
642 4179 776 4249 (94).
812 4177 1110 4248 Πατρικίου
1140 4176 1250 4248 γάρ
1283 4194 1431 4238 τινος
1462 4177 1920 4248 ἐπιχειρήσαντος

334 4275 413 4345 τῷ
475 4273 896 4342 σπουδάσματι,
953 4270 1141 4332 ἀτελὲς
1210 4270 1267 4322 δὲ
1310 4269 1707 4332 καταλιπόντος
1763 4269 1915 4332 αὐτὸ,

1998 3158 2283 3229 omnibus
2322 3157 2436 3214 fere
2469 3161 2596 3216 vitae
2629 3176 2742 3217 suae
2776 3164 2935 3217 annis
2988 3163 3309 3233 imperator,
3364 3182 3602 3237 quorum

2025 3254 2215 3323 paucis
2242 3252 2469 3307 omnino
2501 3268 2626 3308 cum
2655 3262 2834 3323 patre,
2863 3256 3077 3310 caeteris
3111 3271 3208 3326 per
3239 3271 3299 3312 se
3331 3259 3598 3330 regnavit.

2023 3348 2256 3402 Causam
2289 3348 2408 3418 ejus
2434 3346 2624 3401 obitus
2673 3346 2766 3400 alii
2807 3348 3060 3402 morbum
3086 3349 3258 3405 fuisse
3283 3353 3599 3420 perhibent,

2023 3439 2112 3492 alii
2150 3439 2205 3492 in
2234 3437 2526 3494 venatione
2554 3453 2680 3493 cum
2714 3453 2860 3509 equo
2891 3441 3127 3509 lapsum,
3156 3443 3303 3496 lassis
3336 3445 3602 3501 vitalibus

2025 3530 2312 3594 membris,
2367 3532 2531 3600 paqu
2609 3541 2737 3600 post
2797 3531 3024 3588 obiisse.
3097 3534 3220 3590 Fuit
3284 3537 3597 3592 litterarum

2023 3635 2133 3674 non
2193 3620 2508 3690 itnperitus,
2574 3619 2668 3673 sed
2724 3637 2848 3674 cum
2911 3621 2965 3674 in
3022 3623 3146 3676 aliis
3193 3627 3602 3682 mathematicis

2023 3712 2189 3766 libris
2250 3723 2524 3775 versatus,
2585 3723 2695 3766 tum
2757 3716 3108 3770 astronomiae
3164 3733 3274 3772 non
3342 3720 3598 3790 ignarus,

2017 3804 2303 3873 equitandi
2353 3813 2414 3862 et.
2458 3803 2753 3873 sagittandi
2807 3805 3004 3873 peritia
3037 3809 3332 3872 excellens,
3375 3821 3600 3880 praeter-

2017 3911 2192 3966 eaque
2237 3897 2513 3967 pingendo
2553 3897 2918 3968 ﬁngendoque
2963 3897 3177 3955 dexter.
3227 3900 3366 3956 Cum
3413 3914 3600 3960 autem

2017 3988 2128 4043 leni
2160 3997 2307 4043 esset
2352 3989 2598 4058 ingenio,
2653 3990 2872 4043 mollior
2905 3990 2971 4044 ad
3030 4006 3120 4045 res
3149 3993 3422 4062 gerendas
3465 3997 3595 4050 fuit.

2024 4079 2183 4135 Unde
2232 4080 2460 4146 factum,
2511 4092 2573 4136 ut
2635 4082 2862 4136 castrati
2918 4083 3064 4153 apud
3133 4084 3286 4138 illum
3343 4088 3598 4157 gratiosi,

2023 4174 2196 4228 multa
2247 4190 2535 4244 perperam
2583 4185 2831 4245 agerent,
2886 4186 2946 4229 ut
2990 4175 3319 4240 Antiochus,
3370 4187 3427 4232 et
3469 4192 3597 4249 post

2026 4267 2180 4320 illum
2231 4267 2545 4332 Amantius,
2593 4283 2657 4321 ac
2700 4269 2934 4334 denique
2983 4267 3378 4338 Chrysaphius.
3427 4270 3604 4344 Hujus

1516 4403 1717 4465 Variae
1749 4403 2065 4466 lectiones
2095 4413 2155 4464 et
2182 4413 2373 4465 notm.

406 4557 518 4624 (9|)
559 4553 644 4618 Τῷ
673 4553 976 4616 Παυλίνῳ.
1007 4550 1298 4624 Historiam
1336 4558 1564 4624 narratu
1597 4549 1914 4624 Chronicou.

2027 4550 2376 4624 ΔῬητόρικοῖς
2407 4553 2615 4619 ἑτέρων
2644 4551 2696 4604 δὲ
2725 4554 2816 4604 καὶ
2845 4554 3153 4621 φιλοσόᾳοιε
3185 4555 3378 4616 ἄλλων,

332 4616 628 4683 Δί’ἐωαὶιάν.
700 4624 1090 4688 'I‘beOphanes,
1150 4620 1420 4688 Georgius
1476 4619 1822 4675 Ilamartolus
1859 4622 1912 4674 in

332 4696 609 4753 Chronico
633 4711 734 4749 ms.
765 4690 1070 4752 Cedrenus,
1097 4701 1154 4747 et
1182 4692 1296 4744 alii.
1327 4690 1677 4744 Marcellinus
1703 4705 1909 4746 comes:

335 4768 596 4822 Paulinus
623 4764 876 4834 magister
892 4764 1177 4834 officiorum
1204 4763 1261 4834 in
1277 4759 1520 4815 Cmarea
1541 4761 1911 4834 Cappadocus,

328 4839 543 4907 jubeute
581 4831 863 4911 Theodosio
917 4831 1168 4911 principe.
1196 4833 1666 4911 iiitgcemptus_eat.
1708 4831 1910 4911 Eadem

335 4901 600 4976 dignitate
630 4905 870 4958 donatur
917 4901 983 4957 in
1036 4901 1240 4957 COdice
1277 4901 1490 4955 Tbeod.
1545 4901 1598 4952 in
1630 4901 1668 4953 I.
1711 4902 1812 4955 ult.
1844 4903 1912 4956 de

335 4972 576 5029 acen'lib.

368 4995 650 5115 εῗὲἑῖυὲις
693 5042 1114 5115 Ἰεροσόλυμα.
1141 5041 1357 5115 Sperat.
1396 5041 1560 5115 1.]11,
1586 5057 1646 5115 ε.
1672 5041 1915 5115 46;_So-

334 5111 548 5168 animi.
576 5130 650 5176 Ix,
693 5129 744 5166 c.
772 5115 866 5178 I7;
926 5112 1122 5182 Evagr.
1159 5113 1196 5167 ι.
1229 5128 1268 5177 ι,
1317 5127 1368 5166 c.
1431 5111 1531 5177 εὶς
1585 5111 1914 5180 TheOphan.

333 5203 386 5254 p.
427 5188 515 5247 ss,
547 5186 616 5238 94
639 5195 694 5238 et
724 5184 832 5254 alii.

401 5256 511 5326 (95)
547 5257 653 5307 Οἴα
687 5253 755 5306 δὲ
778 5251 1184 5326 περί-λόγους.
1240 5250 1329 5326 ΔΒε
1357 5249 1611 5326 Ειιιίοοξαξ
1655 5251 1915 5326 Altgustze

331 5320 642 5379 eruditione
691 5320 1114 5377 audiendus'in
1169 5321 1364 5391 primis
1394 5320 1634 5375 Joannes
1685 5321 1914 5376 Tzetzes

333 5398 463 5450 ch'tl.
503 5413 557 5459 χ,
591 5411 712 5464 cap.
741 5394 867 5448 506.

333 5530 428 5591 ’Ὡς
459 5545 562 5578 που
597 5525 692 5579 καὶ
719 5529 750 5595 ἡ
789 5525 1076 5595 βασίλισσα
1103 5524 1289 5594 εκείνη
1327 5523 1579 5584 Εὐδοκία,

342 5601 402 5651 'Il
427 5597 520 5648 τοῦ
553 5596 792 5664 μεγάλου
823 5597 1052 5658 Λέοντος
1084 5598 1115 5663 ἡ
1145 5598 1424 5661 πάνσοφος
1455 5595 1726 5665 θυγάτηρ,

335 5671 746 5737 Γραμματικοῖέ
776 5666 1055 5734 μαθήτρια
1087 5666 1223 5717 οὖσα
1271 5665 1622 5732 ’1⁸περεχέου,

334 5735 464 5793 [tots
501 5735 592 5788 καὶ
622 5735 713 5787 τοῦ
749 5737 982 5801 Ὤρίονο,
1014 5739 1208 5804 μικρὸν
1237 5737 1591 5804 ἀκροωμενη,

569 5839 842 5899 ΡΔτκυι.
886 5835 999 5894 Gn.
1047 5834 1378 5895 CXXXIV.

2025 4621 2160 4684 Ταῖς
2196 4625 2613 4692 μεταφράσεσιν
2641 4624 2834 4686 αὐταῖς
2869 4629 2992 4687 ταῖς
3021 4626 3278 4691 δι’ὲπὼν,
3325 4628 3562 4698 εἰρήκει.

2090 4756 2203 4826 (94)
2253 4757 2710 4824 Ὀμηροκεντρα.
2771 4759 3091 4815 Homericos
3147 4763 3427 4818 Centones
3491 4765 3604 4820 Eu-

2016 4827 2187 4901 docia:
2207 4827 2436 4901 ascribit
2462 4828 2724 4901 Zonaras,
2761 4845 2899 4897 quos
2930 4832 3146 4901 Pelagio
3173 4834 3293 4888 viro
3339 4833 3601 4898 Patricio,

2016 4896 2109 4966 qui
2143 4911 2174 4950 a
2207 4895 2428 4951 Zenone
2468 4895 2800 4966 imperatore
2842 4895 2988 4954 anno
3030 4895 3137 4957 xvvu
3188 4903 3436 4958 sublatus
3477 4895 3598 4968 est,

2014 4967 2302 5022 Cedrenus
2337 4984 2348 5019 :
2383 4969 2475 5035 qui
2505 4969 2735 5036 proinde
2763 4970 2902 5024 alius
2931 4971 3033 5025 fuit
3077 4973 3147 5026 ah
3181 4974 3275 5027 illo
3323 4967 3598 5037 Patricio,

2022 5052 2052 5112 a
2081 5051 2193 5112 quo
2230 5046 2472 5101 emptum
2507 5054 2652 5112 opus
2675 5041 2763 5112 ait
2779 5038 3022 5112 Zonaras
3056 5060 3068 5095 :
3107 5043 3379 5112 siquidem
3417 5044 3462 5096 is
3497 5046 3603 5098 En:

2019 5106 2234 5177 dociam
2275 5107 2581 5177 prarcessit.
2615 5109 2908 5177 Catalogus
2943 5106 3292 5168 bibliotheca:
3343 5114 3600 5168 Palatinae

2019 5194 2075 5230 η.
2113 5175 2238 5239 526,
2268 5176 2563 5230 Patricmm
2588 5175 2978 5248 presbyterum
3012 5181 3425 5236 I-Ioniericorum
3460 5184 3602 5237 Ceu-

2020 5257 2210 5300 tonum
2247 5258 2528 5300 auctorem
2576 5247 2724 5307 facit.
2770 5247 3103 5316 adnotatque
3153 5252 3206 5306 in
3251 5252 3441 5307 codice
3493 5269 3598 5310 ms.

2019 5317 2637 5387 prteponiiEpigramma
2675 5319 2929 5373 Eudocise
2961 5320 3012 5372 in
3049 5321 3270 5376 eosdem
3294 5321 3596 5380 Centones.

2019 5387 2210 5440 Eidem
2261 5386 2502 5441 Patricio
2559 5398 2820 5455 praeterea
2873 5390 3228 5445 ascribuntur
3293 5392 3418 5447 cod.
3469 5395 3597 5450 385.

2020 5457 2275 5530 Ejusdem
2339 5459 2514 5530 etiam
2547 5458 2827 5530 Ειιιίοαὶω
2881 5469 3008 5512 sunt
3062 5461 3436 5530 Metaphrases
3480 5479 3602 5518 me-

2020 5527 2557 5598 lriczeA0clalcuchi
2625 5537 2681 5580 et
2737 5530 3130 5598 prophetarum
3208 5527 3496 5586 Zacharias
3542 5543 3602 5588 et

2017 5596 2282 5659 Davidis,
2337 5613 2569 5664 quarum
2630 5596 2802 5651 artem
2842 5596 2916 5653 ﬁet
2978 5612 3320 5655 venustatem
3407 5604 3603 5659 multis

2015 5667 2362 5721 conttttendat
2397 5668 2625 5720 I’hntins
2659 5670 2819 5722 codd.
2874 5671 2976 5722 185
3033 5683 3091 5724 et
3148 5673 3269 5727 184.
3320 5671 3598 5728 Cmtcrunl

2015 5753 2300 5805 pet‘put‘um
2351 5736 2623 5791 Πουλυτιιὶ
2673 5739 2946 5794 Centones
2987 5741 3284 5803 Eudoxiaa,
3335 5744 3474 5798 'I.oes
3505 5761 3598 5798 so‘

3209 5834 3286 5896 38
