4026 6406
311 468 444 537 1201

1536 460 1941 532 ANNALIUM
1985 465 2130 527 LIB.
2177 464 2348 526 XIII-

3427 457 3572 524 120?.

309 588 408 643 xui.
433 586 484 640 οί
515 585 715 656 χάρται
765 585 844 657 τῷ
868 585 1056 658 στήθει
1079 585 1180 657 τῆς
1207 585 1488 658 μάρτυρος
1517 584 1882 649 ἐπιτίθενται,

1993 581 2168 648 niunt,
2225 582 2555 650 imperatore
2602 578 2714 651 48
2771 577 2936 634 etiam
3009 585 3302 649 praesente,
3377 589 3571 646 aperto

308 683 406 736 καὶ
450 682 478 734 6
509 679 657 742 λίθος
707 679 864 744 αὖθις
911 683 978 753 τῇ
1034 681 1270 752 λάρνακι
1321 680 1728 751 ἐπενήνεκται,
1790 679 1886 734 καὶ

308 770 675 842 σφραγίζεται
721 771 814 827 ὑπ’
847 772 1050 840 ἀμφοῖν
1078 774 1190 824 τοῖν
1216 774 1422 842 μεροῖν.
1450 770 1525 824 Τδ
1559 770 1604 824 δ’
1633 769 1886 824 ἐντεῦθεν

309 865 514 919 ίκεσίαι
577 866 713 934 πρὸς
738 864 832 918 τὸν
857 863 994 918 Θεὸν
1025 865 1120 918 καὶ
1166 864 1383 936 δεήσεις
1406 861 1721 932 παννύχιοι,
1752 861 1889 914 ἀπο-

308 955 548 1026 καλύψαι
592 956 678 1018 τίς
737 955 888 1026 αύτῷ
925 956 1037 1010 τῶν
1075 955 1249 1020 δοξῶν
1304 954 1644 1026 καταθύμιος
1675 954 1770 1008 καὶ
1801 952 1888 1016 τίς

319 1047 640 1118 ἀποϐλητέα
660 1048 830 1102 δοκεῖ.
867 1049 977 1102 Καὶ
1037 1049 1178 1117 μετὰ
1232 1048 1425 1118 τρίτην
1455 1048 1673 1118 ἡμέραν
1704 1046 1891 1117 συνέρ-

305 1155 516 1210 χονται,
572 1139 708 1210 μηδὲ
765 1140 864 1194 τοῦ
916 1139 1187 1210 βασιλέως
1253 1139 1678 1210 ἀπολειφθέντος
1712 1181 1728 1206 ,
1794 1138 1888 1194 καὶ

303 1231 620 1302 ἀνοιγείσης
677 1232 777 1302 τῆς
817 1232 1092 1304 λάρνακος
1125 1271 1143 1299 ,
1209 1233 1321 1286 τῶν
1380 1231 1700 1302 θαυμασίων
1744 1249 1839 1284 σου
1869 1270 1886 1297 ,

305 1320 502 1392 Κύριε,
557 1323 758 1394 εὑρέθη
787 1327 814 1378 6
847 1324 947 1394 μὲν
990 1324 1102 1378 τῶν
1140 1324 1438 1395 αἱρετικῶν
1485 1325 1651 1396 τόμος
1692 1326 1749 1378 ἐν
1773 1326 1889 1389 τοῖς

305 1418 439 1469 ποσὶ
488 1417 588 1486 τῆς
659 1417 938 1490 μάρτυρος
1001 1418 1260 1489 κείμενος
1297 1459 1313 1484 ,
1361 1419 1391 1471 6
1425 1418 1481 1471 δέ
1507 1435 1570 1486 γε
1604 1416 1792 1481 λοιπὸς
1820 1419 1886 1488 τῇ

301 1506 455 1578 δεξιᾷ
487 1507 690 1578 ταύτης
720 1510 865 1579 χειρὶ
894 1511 1284 1582 κατεχόμενος,
1309 1511 1375 1583 ῆν
1407 1512 1647 1565 ἐκτεῖναι
1670 1511 1888 1578 λέγεται

305 1599 446 1668 πρὸς
489 1599 584 1654 τὸν
640 1599 870 1672 βασιλέα
919 1603 1012 1656 καὶ
1069 1603 1163 1656 τὸν
1217 1602 1570 1673 πατριάρχην
1601 1603 1690 1655 τὸν
1724 1603 1890 1672 τόμον

305 1691 496 1755 αὐτοῖς
549 1693 958 1764 ἐγχειρίζουσα.
1011 1695 1075 1748 Ol
1111 1694 1212 1764 μὲν
1254 1690 1348 1749 οὖν
1399 1695 1460 1748 τὸ
1513 1693 1672 1763 ὀρθὸν
1757 1710 1894 1764 πρε-

306 1782 599 1847 σϐεύοντες
656 1785 837 1854 δόγμα
891 1782 1035 1858 ἦσαν
1086 1787 1147 1840 ἐν
1193 1787 1520 1857 κρότοις,οί
1573 1786 1631 1840 δέ
1678 1785 1891 1851 τούτοις

307 1872 746 1945 ἐτερογνώμονες
769 1873 1150 1944 κατηφιῶντες
1167 1874 1262 1928 καὶ
1287 1874 1477 1938 σκότος
1509 1875 1605 1928 ὑπ’
1627 1873 1890 1944 αἰσχύνης

303 1963 698 2036 περιχυθέντες
747 1966 1092 2036 ἀπήλθοσαψ
1163 1968 1311 2030 τινὲς
1338 1967 1388 2022 δ’
1432 1969 1498 2021 ἐκ
1557 1966 1764 2022 τούτων
1797 1967 1888 2020 καὶ

305 2057 444 2126 πρὸς
487 2056 547 2109 τὸ
601 2056 885 2129 ὀρθόδοξον
946 2058 1332 2130 μετεϐάλοντο.
1397 2060 1559 2115 Κατά
1616 2062 1709 2114 τὸν
1767 2062 1887 2115 τότε

306 2147 508 2217 χρόνον
543 2149 634 2200 καὶ
689 2150 723 2218 ἡ
760 2148 978 2218 βασιλὶς
1025 2151 1333 2223 Πούλχερία
1379 2152 1605 2222 θνήσκει
1649 2153 1890 2218 εὐσεϐῶς

303 2255 364 2292 τε
415 2242 512 2294 καὶ
551 2240 814 2306 εὐκλεῶς,
859 2244 956 2295 καὶ
1001 2243 1088 2296 ἐπ’
1125 2243 1314 2297 ἐλπίσι
1363 2247 1654 2316 χρησταῖς.
1705 2246 1892 2299 Πάντα

305 2333 417 2402 γὰρ
464 2332 554 2384 τὸν
597 2332 830 2386 πλοῦτον
881 2334 1054 2402 αὐτῆς
1092 2335 1332 2405 διένειμε
1384 2337 1605 2406 πένησι,
1675 2340 1769 2390 καὶ
1813 2336 1892 2406 τῷ

307 2423 442 2492 πρὸς
465 2422 691 2487 τούτους
739 2425 874 2494 ἐλέῳ
936 2427 1026 2480 τὸν
1059 2427 1153 2480 τοῦ
1209 2426 1345 2482 Θεοῦ
1410 2429 1682 2498 ἐκτήσατο
1718 2428 1890 2483 ἔλεον.

307 2515 756 2579 Οὐαλεντινιανὸς
779 2517 834 2570 δέ
859 2519 886 2570 6
911 2517 1131 2588 ἀνεψιὸς
1197 2519 1484 2590 Ὀνωρίου,
1541 2513 1603 2574 οὗ
1644 2522 1756 2575 ἀνω
1788 2539 1890 2575 που

308 2607 761 2679 ἐπεμνήσθημεν,
787 2609 863 2673 ὠς
922 2612 986 2664 ἐκ
1036 2611 1138 2677 τῆς
1171 2610 1411 2681 ἀδελφῆς
1471 2611 1638 2666 αὑτοῦ
1698 2631 1892 2683 γεννηο

308 2699 494 2764 θέντος
532 2699 632 2768 τῆς
661 2700 975 2766 Πλακιδίας,
1011 2701 1318 2771 βασιλεύων
1348 2705 1404 2755 ἐν
1429 2707 1498 2776 τῇ
1528 2705 1889 2776 πρεσϐυτέρα

322 2790 534 2863 Ῥώμῃ,
567 2790 760 2859 ἄγεται
818 2795 899 2858 είς
929 2796 933 2800 ’
964 2797 1202 2863 γυναῖκα
1269 2795 1532 2860 Εύδοξίαν
1583 2796 1682 2867 τὴν
1728 2800 1893 2852 παῖδα

309 2881 404 2934 τοῦ
443 2882 566 2936 νέου
628 2884 932 2939 Θεοδοσίου.
1003 2887 1505 2959 Ἐκδεδιῃτημένως
1551 2889 1607 2942 δὲ
1645 2888 1892 2960 βιώσκων

309 2973 406 3024 καὶ
461 2973 730 3041 ἀσελγῶς,
763 2976 862 3046 τὴν
920 2975 1022 3045 μὲν
1049 2978 1260 3031 οίκείαν
1290 2978 1539 3050 γαμετὴν
1571 2980 1679 3043 εἴα,
1712 2981 1892 3034 καίτοι

310 3061 542 3127 κάλλους
585 3059 643 3118 εὖ
684 3064 941 3135 ἔχουσαν,
994 3065 1304 3138 ἀλλοτρίαις
1345 3067 1404 3121 δέ
1471 3068 1888 3139 συνέφθειρετο·

311 3153 581 3224 ἐκέχρητο
625 3155 684 3209 δὲ
727 3155 824 3208 καὶ⁵
876 3157 1164 3225 μαντείαις
1225 3157 1324 3210 καὶ¹
1379 3159 1683 3228 γοητείαις.
1737 3158 1894 3213 Οὕτω

1986 675 2194 738 loculo,
2226 689 2258 729 ο
2288 689 2401 728 rem
2431 674 2660 728 miram!
2697 671 2920 728 libellus
2950 671 3336 727 haereticorum
3367 671 3434 726 ad
3476 687 3572 742 pe-

1988 766 2086 822 des
2123 767 2381 840 martyris
2411 766 2717 830 invenitur,
2742 766 2887 820 alter
2920 764 2975 819 in
3006 780 3171 819 manu
3204 765 3324 835 ejus
3353 763 3568 828 dextra,

1990 871 2156 926 quam
2185 856 2498 912 extendisse
2531 855 2710 911 fertur
2733 854 2806 910 ad
2841 855 3229 924 imperatorem
3259 865 3314 908 et
3341 855 3574 924 patriar-

1989 949 2174 1011 cham,
2220 964 2286 1003 ac
2338 949 2587 1004 libellum
2647 948 2730 1003 eis
2781 948 3119 1017 porrexisse.
3166 946 3355 1015 itaque
3411 954 3572 1000 rectas

1988 1041 2276 1097 sententias
2343 1050 2652 1095 assertores
2718 1039 3014 1110 plaudere,
3077 1037 3381 1092 adversarii
3440 1052 3572 1091 vero

1988 1133 2247 1190 demissis
2275 1132 2525 1188 vultibus
2547 1141 2603 1187 et
2626 1148 2736 1202 prte
2761 1131 2971 1202 pudore
2998 1130 3365 1201 caligantibus
3389 1129 3566 1192 abire,

1987 1225 2210 1297 quidam
2264 1223 2430 1279 etiam
2490 1239 2677 1278 veram
2748 1222 3104 1277 sententiam-
3147 1221 3429 1291 amplecti.
3495 1221 3572 1274 En

1989 1322 2238 1384 tempore
2275 1313 2566 1368 Pulcheria
2603 1310 2924 1381 imperatrix
2957 1309 3065 1378 pic,
3097 1308 3332 1379 gloriose
3363 1317 3419 1361 et
3446 1322 3568 1359 cum

1989 1423 2085 1478 spe
2114 1407 2257 1461 bona
2287 1405 2542 1469 moritur,
2575 1417 2767 1457 omnes
2797 1417 2925 1457 suas
2970 1416 3104 1470 opes
3139 1399 3394 1470 dilargita
3436 1414 3573 1468 pau-

1990 1501 2246 1571 peribus,
2278 1509 2337 1555 et
2377 1496 2756 1553 misericordia
2787 1510 2917 1566 erga
2959 1494 3083 1549 illos
3128 1491 3314 1548 divina
3361 1491 3574 1546 miseri-

1989 1591 2178 1648 cordia
2212 1590 2516 1660 redempta.
2548 1587 2971 1644 Valentinianus
3002 1601 3155 1650 vero,
3187 1586 3348 1656 cujus
3405 1599 3570 1651 supra

1989 1685 2170 1740 obiter
2193 1691 2280 1738 est
2315 1682 2458 1737 facta
2489 1681 2728 1745 mentio,
2771 1678 3002 1735 Honorii
3032 1695 3063 1734 e
3099 1693 3290 1732 sorore
3330 1673 3569 1731 Placidia

1992 1789 2184 1844 nepos,
2221 1772 2407 1828 Romae
2447 1773 2652 1826 veteris
2683 1773 3006 1841 imperator,
3057 1767 3356 1822 Eudoxiam
3383 1765 3572 1838 junio-

1994 1865 2072 1921 ris
2097 1864 2392 1921 Theodosii
2433 1863 2598 1918 filiam
2631 1878 2861 1918 uxorem
2897 1862 3071 1916 ducit.
3109 1859 3217 1915 Sed
3256 1859 3421 1914 homo
3445 1858 3572 1910 vitae

1992 1957 2278 2013 insolentis
2327 1966 2385 2012 et
2414 1955 2698 2028 flagitiosa:
2718 1996 2732 2018 ,
2766 1955 2971 2010 omissa
3001 1953 3235 2023 conjuge
3257 1993 3272 2018 ,
3319 1949 3572 2020 quamvis

1991 2051 2224 2122 eleganti
2259 2051 2458 2112 forma,
2487 2051 2544 2104 in
2572 2048 2781 2118 stupris
2809 2057 2863 2102 et
2885 2045 3174 2101 adulteriis
3193 2043 3568 2103 volutabatur,

1991 2144 2430 2199 divinationibus
2495 2145 2665 2199 etiam
2733 2149 2791 2197 et
2850 2139 3142 2211 praestigiis
3200 2137 3438 2192 deditus.
3505 2135 3574 2189 Ut

1991 2236 2158 2307 igitur
2196 2234 2362 2290 vitam
2394 2235 2592 2306 agebat
2627 2233 2921 2300 nefariam,
2945 2233 3018 2286 ita
3047 2228 3420 2285 miserabilem
3455 2241 3576 2284 sor-

1994 2327 2128 2382 titus
2155 2335 2238 2382 cst
2285 2327 2594 2381 interitum.
2628 2325 2896 2381 Maximus
2947 2324 3116 2386 enim,
3156 2321 3420 2390 patricius
3441 2318 3554 2373 lio—

1994 2433 2216 2483 manus,
2269 2435 2337 2474 ex
2381 2418 2530 2473 illius
2567 2417 2787 2472 Maximi
2824 2415 3029 2471 familia
3075 2428 3238 2483 quem
3285 2411 3574 2484 tyrannide

1991 2521 2256 2583 occupata
2300 2527 2530 2583 magnus
2556 2509 2905 2565 Theodosius
2934 2507 3271 2570 debellarat,
3312 2502 3572 2573 palatium

1994 2607 2305 2674 ingressus,
2355 2604 2804 2661 Valentinianum
2867 2600 3126 2670 perimit,
3166 2596 3467 2651 Eudoaiam
3521 2594 3572 2647 vi

1993 2706 2228 2764 stuprat,
2263 2696 2555 2764 imperium
2595 2693 2826 2748 invadit.
2860 2691 2930 2746 At
2965 2691 3075 2754 illa,
3106 2687 3388 2743 Thodosio
3420 2693 3575 2754 patre

1994 2797 2233 2852 mortuo,
2290 2786 2579 2843 Puleheria
2632 2785 2763 2838 item
2825 2781 3118 2844 defuncta,
3174 2793 3295 2833 cum
3361 2776 3572 2830 nullum

1995 2880 2166 2934 alium
2235 2879 2454 2952 injurize
2508 2876 2786 2932 vindicem
2839 2883 3126 2944 speraret,
3168 2887 3198 2926 a
3233 2867 3574 2926 Gensericho

1997 2973 2370 3028 Vandalornm
2405 2987 2530 3042 rege
2561 2970 2819 3041 precibus
2854 2968 3144 3037 impetrat,
3197 2973 3258 3018 ut
3301 2977 3399 3032 per
3444 2975 3571 3014 eum

1994 3083 2025 3121 a
2058 3066 2273 3121 Maximi
2303 3064 2592 3137 tyrannide
2621 3063 2909 3118 liberetur.
2953 3060 3002 3114 ls
3032 3058 3200 3129 igitur
3237 3071 3361 3111 cum
3399 3055 3574 3109 classe

1996 3166 2053 3213 et
2078 3159 2253 3228 c0piis
2280 3157 2492 3229 magnis
2524 3156 2756 3212 Romam
2783 3153 2956 3216 venit,
2989 3150 3246 3211 Maximo,
3286 3162 3410 3200 cum
3449 3145 3576 3200 inde

309 3243 369 3296 δὲ
429 3245 680 3314 βιώσκων
743 3246 845 3300 οὐκ
899 3246 1137 3314 εὐαγῶς,
1209 3248 1549 3302 ἀποϐιώσκει
1612 3251 1885 3314 ἐλεεινῶς.

1995 3249 2362 3321 profugisset,
2395 3265 2427 3304 a
2459 3249 2574 3303 suis
2603 3247 2807 3309 occiso,
2842 3245 2980 3299 urbe
3011 3243 3152 3298 citra
3199 3241 3442 3296 laborem
3471 3255 3575 3309 po-

310 3333 566 3404 Μάξιμος
592 3335 701 3406 γὰρ
738 3331 818 3398 εἷς
850 3335 960 3390 τῶν
993 3337 1050 3390 ἐν
1073 3337 1138 3408 τῇ
1171 3335 1359 3408 Ῥώμῃ
1377 3337 1709 3408 πατρικίων,
1731 3337 1894 3406 ἔγγο-

311 3440 400 3487 νος
421 3425 476 3478 δὲ
496 3425 587 3479 τοῦ
613 3426 780 3480 πάλαι
803 3430 1242 3500 τυραννήσαντος
1273 3429 1553 3498 Μαξίμου,
1581 3429 1641 3483 δν
1665 3431 1691 3482 6
1717 3430 1892 3499 μέγας

312 3517 732 3589 κατεπολέμησε
800 3519 1129 3584 Θεοδόσιος,
1189 3520 1341 3574 ἔνδον
1411 3521 1522 3574 τῶν
1599 3522 1893 3592 βασιλείων

311 3610 608 3680 γενόμενος
645 3611 704 3668 ἐν
725 3610 911 3676 αὐτοῖς
939 3614 1032 3666 τὸν
1055 3613 1499 3668 Οὐαλεντινιανὸν
1528 3615 1890 3685 ἀπσσφάττει,

312 3703 408 3754 καὶ
440 3704 506 3773 τῇ
544 3703 771 3774 Εὐδοξία
808 3702 903 3775 βίᾳ.
927 3705 1326 3774 συμμίγνυται,
1358 3707 1452 3759 καὶ
1476 3708 1578 3776 τῆς
1613 3707 1894 3777 βασιλείας

311 3796 525 3863 κρατεῖ.
543 3795 605 3846 Ἡ
638 3793 696 3846 δὲ
735 3796 831 3848 τοῦ
866 3799 1073 3866 πατρὸς
1104 3797 1272 3866 αὐτῆς
1301 3797 1582 3851 Θεοδοσίου
1616 3799 1891 3866 θανόντος,

313 3887 408 3938 καὶ
437 3885 539 3954 τῆς
566 3887 903 3956 Πουλχερίας
936 3889 1364 3959 ἐκμετρησάσης
1383 3889 1584 3960 τὸξζῇν,
1612 3890 1894 3961 ἐκδίκησιν

315 3979 590 4048 ἑτέρωθεν
618 3979 694 4049 μὴ
725 3980 1024 4042 ἐλπίζουσα
1051 3980 1428 4051 διαπέμπεται
1445 3983 1582 4053 πρὸς
1610 3983 1893 4054 Γιζέριχον

311 4069 424 4122 τῶν
472 4071 796 4139 Οὑανδήλων
857 4073 1002 4140 ρἦα
1055 4072 1426 4143 καλούμενον,
1477 4075 1572 4127 καὶ
1621 4075 1722 4146 τῆς
1794 4075 1891 4130 τοῦ

313 4161 569 4230 Μαξίμου
599 4161 917 4231 τυραννίδος
944 4164 1010 4216 δι’
1058 4162 1227 4217 αὐτοῦ
1288 4164 1675 4236 ἀπαλλαγῆναι
1740 4168 1893 4221 ἐκλι-

314 4255 517 4323 παρεϊο
563 4255 660 4307 καὶ
690 4253 749 4316 ὃς
784 4255 968 4308 ἔπεισι
1001 4258 1066 4326 τῇ
1113 4254 1300 4328 Ῥώμῃ
1347 4256 1444 4312 σὺν
1480 4259 1556 4326 τῷ
1589 4260 1762 4330 στόλῳ
1797 4261 1894 4313 καὶ

311 4346 542 4415 δυνάμει
602 4347 796 4418 πολλῇ.
836 4347 895 4402 '0
923 4348 979 4401 δὲ
1013 4348 1267 4418 Μάξιμος
1307 4349 1519 4420 ἀπέδρα
1545 4351 1768 4420 ταύτης,
1797 4353 1894 4405 καὶ

315 4431 587 4485 κτείνεται
629 4435 784 4502 παρά
832 4434 943 4488 τῶν
993 4435 1264 4489 συνόντων
1296 4437 1466 4506 αὐτῷ.
1502 4437 1561 4490 ’0
1586 4439 1642 4492 δὲ
1679 4440 1896 4510 Γιζέρι-

314 4539 410 4592 χος
443 4521 521 4594 (7)
563 4524 780 4586 ἀπόνως
801 4523 1140 4594 τῆςῬώμης
1173 4529 1386 4597 κρατεῖ,
1410 4529 1506 4580 καὶ
1541 4528 1635 4580 τὸν
1659 4527 1892 4583 πλοῦτον

1997 3343 2152 3405 titur,
2211 3350 2267 3395 et
2309 3355 2502 3394 omnes
2545 3339 2668 3411 ejus
2720 3337 2980 3399 divitias,
3032 3349 3314 3390 sacrarum
3368 3332 3578 3387 aedium-

1993 3450 2161 3489 aurca
2197 3434 2432 3488 donaria
2457 3443 2512 3487 et
2573 3431 2804 3503 gemmis
2839 3439 3054 3493 ornata,
3095 3427 3358 3480 nonnu’Ja
3407 3426 3572 3479 etiam

1995 3544 2124 3583 vasa
2155 3544 2185 3583 e
2223 3527 2428 3598 templo
2487 3522 2988 3594 llierosolymitano
3033 3537 3062 3574 a
3106 3519 3232 3573 Tito
3262 3517 3446 3577 allata,
3479 3532 3575 3568 au-

1995 3633 2088 3672 rea
2145 3627 2201 3673 et
2249 3617 2388 3686 ipsa,
2456 3629 2561 3668 una
2612 3627 2736 3668 cum
2789 3610 3032 3666 Eudoxia
3084 3617 3139 3662 et
3192 3605 3407 3661 duabus
3443 3605 3565 3670 eius

1997 3709 2216 3763 filiabus
2255 3708 2309 3762 in
2352 3705 2594 3760 Africam
2643 3718 2832 3759 secum
2883 3707 3148 3770 asportat.
3188 3697 3364 3768 Cujus
3408 3695 3572 3749 filiam

1995 3793 2296 3857 Eudociam
2332 3807 2463 3852 natu
2500 3795 2694 3866 majori
2733 3794 2844 3848 lilio
2873 3791 3192 3846 llonoricho
3233 3788 3416 3859 jungit
3447 3805 3461 3841 :
3495 3787 3574 3840 al—

1994 3900 2192 3952 teram,
2222 3890 2351 3960 quia
2395 3887 2622 3960 Olybrio
2671 3883 2907 3956 patricio
2939 3883 3268 3952 desponsam
3323 3885 3574 3938 noverat,

1995 3999 2117 4038 cum
2153 3993 2328 4037 matre
2361 3988 2633 4036 asservat.
2660 3976 2791 4044 Quae
2826 3991 2950 4030 cum
2984 3973 3268 4028 biennium
3314 3970 3386 4024 ibi
3434 3969 3579 4039 egis-

1995 4083 2098 4136 set,
2136 4087 2260 4128 cum
2305 4071 2414 4126 ﬁlia
2445 4069 2710 4133 Placidia,
2745 4074 3014 4136 regnante
3039 4065 3222 4119 adhuc
3280 4063 3575 4119 Marciano.

1994 4165 2316 4236 Byzantium
2364 4160 2699 4224 revertitur,
2733 4157 2925 4211 relicta
2953 4155 3061 4209 filia
3115 4153 3356 4207 Eudocia
3384 4191 3398 4214 ,
3431 4167 3576 4221 quae.

1994 4255 2248 4327 quamvis
2303 4267 2481 4308 annos
2521 4267 2608 4306 xvt
2656 4265 2783 4306 cum
2825 4248 3026 4302 marito
3078 4247 3349 4308 vixisset,
3391 4243 3579 4314 genito

1995 4348 2316 4404 Hildericho
2379 4345 2534 4406 ﬁlio,
2596 4353 2781 4398 tamen
2833 4340 2956 4411 ejus
3000 4336 3457 4392 consuetudinem
3506 4333 3578 4386 ob

1994 4440 2365 4496 Arianismum
2397 4450 2540 4506 aegre
2567 4435 2782 4496 ferens,
2816 4439 2976 4485 nacta
3006 4427 3471 4498 opportunitatem
3523 4432 3582 4477 et

1996 4533 2113 4602 ipsa
2148 4525 2691 4596 Constantinopolim
2729 4521 2971 4580 secedit.
3005 4531 3180 4575 matre
3214 4519 3326 4590 jam
3376 4516 3578 4571 defun-

315 4612 485 4682 αὐτῆς
516 4616 991 4684 συγκομισάμενος
1048 4614 1290 4678 ἅπαντα,
1343 4621 1440 4670 καὶ
1474 4619 1545 4670 τά
1586 4619 1698 4672 τῶν
1725 4621 1886 4675 Οείων

1999 4634 2106 4679 cta.
2135 4620 2267 4676 Inde
2303 4617 2679 4689 Hierosolyma
2704 4614 2815 4687 ω
2839 4614 3110 4684 profecta,
3135 4610 3394 4664 moritur.
3427 4607 3609 4662 Obiit‘

314 4703 458 4756 ναῶν
490 4705 823 4775 ἀναθήματα
856 4707 919 4759 ὲκ
959 4706 1160 4779 χρυσοῦ
1208 4710 1561 4780 πεποιημένα
1593 4712 1689 4764 καὶ
1715 4713 1889 4780 λίθοις

315 4796 697 4865 κοσμούμενα,
736 4798 830 4850 καί
857 4814 984 4852 τινα
1015 4799 1125 4852 τῶν
1149 4799 1303 4869 παρά
1353 4801 1518 4855 Τίτου
1555 4807 1888 4874 κοσμισθέν-

315 4902 425 4938 των
454 4887 513 4951 ἐξ
549 4888 942 4961 Ἰεροσολύμων
970 4893 1180 4944 σκευῶν
1214 4892 1312 4945 τοῦ
1344 4895 1528 4948 ἐκεῖσε
1581 4897 1733 4962 ναοῦ,
1777 4899 1893 4969 είρ-

315 4977 570 5046 γασμένα
624 4981 718 5032 καὶ
781 4982 925 5032 αὐτὰ.
954 4983 1019 5033 ἐκ
1047 4981 1282 5054 χρυσοῦ,
1316 4981 1497 5035 λαϐὼν
1547 4983 1604 5037 δὲ
1631 4987 1725 5038 καὶ
1792 4987 1895 5057 τὴν

315 5069 574 5134 Εὺδοξίαν
609 5071 706 5124 σὺν
729 5075 849 5135 ταῖς
877 5073 972 5126 δύο
1004 5071 1339 5144 θυγατράσιν
1367 5076 1542 5146 αὐτῆς
1589 5078 1895 5148 ἐπανῆλθεν

315 5163 700 5232 είςἈιρρικήν.
733 5164 842 5217 Καὶ
862 5163 961 5234 τὴν
993 5164 1091 5235 μὲν
1117 5166 1228 5217 τῶν
1244 5166 1565 5237 θυγατέρων
1593 5169 1764 5239 αὐτῆς
1793 5171 1896 5242 τὴν

317 5253 580 5307 Εύδοκίαν
595 5255 673 5326 τῷ
704 5257 1063 5327 πρεσϐυτέρῳ
1088 5258 1197 5310 τῶν
1228 5258 1448 5311 οἰκείων
1474 5260 1610 5313 υἱῶν
1628 5261 1893 5334 Ὀνορίχῳ

320 5346 632 5414 συνέζευξε,
674 5347 853 5418 τὴνδέ
896 5366 962 5417 γε
1017 5349 1214 5420 λοιπὴν
1251 5350 1440 5420 μαθὼν
1469 5352 1628 5423 ἀνδρὶ
1687 5371 1898 5424 κατηγ-

316 5437 556 5506 γυῆσθαι
599 5439 677 5508 τῷ
738 5440 1016 5511 πατρικίῳ
1072 5439 1381 5512 Ὀλυϐρίῳ,
1441 5443 1629 5515 ἐτήρει
1677 5447 1775 5498 σὺν
1827 5448 1895 5517 τῇ

321 5532 489 5600 μητρὶ
531 5532 780 5603 Εὐδοξίᾳ,
823 5532 954 5586 ἔνθα
1016 5532 1110 5585 δύο
1159 5533 1501 5600 διαγαγοῦσα
1557 5537 1896 5610 ἐνιαυτοὺςή

316 5622 530 5694 βασιλὶς
582 5625 810 5690 Εὑδοξία
865 5624 1176 5694 ἐπανῆλθεν
1208 5627 1290 5689 είς
1317 5627 1379 5680 τὸ
1409 5628 1707 5691 Βυζάντιον
1752 5630 1895 5700 μετά

1999 4724 2056 4772 et
2105 4713 2437 4778 Marcianus,
2474 4726 2601 4766 cum
2631 4723 2809 4763 annos
2859 4721 2957 4761 sex
3001 4714 3058 4760 et
3097 4703 3309 4771 aliquot
3361 4715 3582 4755 menses

2001 4807 2358 4877 imperasset,
2398 4803 2516 4859 sive
2557 4817 2624 4856 ex
2657 4803 2887 4865 mor-ho,
2945 4799 3062 4853 sive
3104 4809 3318 4850 veneno
3354 4793 3580 4863 Asparis

2001 4897 2220 4969 patricii
2258 4904 2394 4951 nutu
2436 4896 2586 4957 dato,
2618 4892 2916 4948 admodum
2947 4905 3113 4945 senes
3135 4930 3149 4954 ,
3203 4889 3288 4941 vir
3323 4885 3459 4940 miti.
3496 4886 3581 4940 in-

1998 4989 2160 5060 genio
2193 4995 2251 5043 et
2285 5002 2416 5058 erga
2448 4985 2704 5042 subditos
2747 4982 3025 5052 benignus
3059 5001 3072 5036 :
3104 4981 3293 5036 dicere
3339 4979 3536 5034 solitus
3559 5018 3577 5042 ,

1999 5081 2325 5151 imperatori
2374 5094 2484 5133 non
2516 5075 2785 5148 capienda
2814 5089 2939 5130 esse
2983 5089 3166 5137 arma,
3211 5073 3342 5127 dum
3386 5085 3576 5141 pacem

1999 5186 2162 5244 agere
2195 5171 2410 5227 liceret.
2439 5170 2615 5240 Aspar
2645 5167 2945 5239 patricius,
2981 5165 3086 5220 etsi
3131 5163 3364 5217 multum
3416 5170 3576 5232 pote-

2001 5273 2122 5327 rat,
2153 5279 2262 5318 non
2311 5272 2494 5318 tamen
2535 5263 2837 5332 imperator
2884 5266 3104 5314 creatus
3149 5264 3233 5312 est
3281 5271 3312 5308 a
3374 5253 3580 5325 populo

1997 5355 2656 5426 ConstantinOpolitano,
2695 5353 2768 5408 ob
2827 5354 3042 5407 Arianae
3091 5357 3255 5406 secta:
3308 5346 3578 5404 studium.

1997 5448 2179 5515 Quare
2218 5448 2335 5517 ipse
2365 5447 2629 5510 Leonem,
2663 5445 2780 5500 sive
2811 5452 3006 5514 suapte
3043 5440 3373 5496 auctoritate
3395 5479 3411 5504 ,
3461 5440 3576 5494 sive

1999 5547 2226 5610 accepta
2255 5555 2285 5595 a
2313 5539 2516 5610 populo
2549 5545 2844 5607 potestate,
2875 5536 3264 5605 imperatorem
3294 5532 3576 5599 declarat,

1999 5631 2320 5701 stipulatus,
2362 5637 2421 5685 ut
2462 5629 2603 5685 alter
2643 5627 2883 5683 filiorum
2914 5641 3143 5683 suorum
3187 5623 3437 5682 Caesarea
3485 5637 3579 5680 co-

1480 5767 1682 5830 Varite
1727 5748 2039 5832 lectiones
2063 5777 2126 5833 et
2167 5778 2358 5835 notae.

389 5889 466 5958 (7)
497 5889 820 5960 Γιζέριχος.
851 5890 954 5958 Qui
989 5888 1281 5959 chsiricus
1338 5892 1569 5950 Eusebio
1602 5896 1656 5950 in
1709 5895 2010 5963 Chronico.
2046 5897 2355 5954 Gcnsericus
2387 5895 2602 5954 caeteris
2629 5893 3032 5975 scriptoribus.
