4026 6400
327 452 466 516 1⁴ὲο9

1567 453 1979 516 ANNALIUM
2020 457 2164 517 LIB.
2205 457 2366 518 XIV.

3438 446 3581 511 1210

323 568 419 634 τὴν
451 564 593 633 ζωὴν
620 566 1091 636 ὲκμετρήσαντος.
1122 566 1451 638 ἀντεισήχθη
1481 568 1756 631 Ἀκᾰικιος.
1820 571 1929 622 Καὶ
1965 571 1993 622 6
2029 571 2283 639 βασιλεὺς
2317 571 2372 625 δὲ
2415 571 2568 625 Λέων
2637 569 2873 640 νοσήσας
2909 565 3190 631 ἐξέλιπεν,
3221 564 3598 620 ὀκτωκαίδεκα

326 653 652 722 βασιλεύσας
696 659 994 721 ἐνιαυτοὺς,
1033 657 1123 710 τὸν
1160 659 1358 728 μικρὸν
1397 659 1603 713 Λέοντα
1645 657 1891 727 διάδοχον
1929 661 2026 730 τῆς
2063 659 2343 730 βασιλείας
2372 657 2714 715 καταλιπών.
2797 657 3124 726 Κεκόσμητο
3192 655 3250 709 δὲ
3283 655 3377 708 καὶ
3409 655 3598 717 ἄλλαις

327 751 425 819 μὲν
457 753 677 819 ἀρεταῖς
707 752 853 821 (l9).
886 753 1172 822 ἐπέλαμπε
1223 753 1267 807 δ’
1299 754 1496 826 ἐκείνῳ
1568 753 1808 824 μάλιστα
1873 756 1934 807 τὸ
1999 755 2365 823 φιλοίκτιστον
2385 801 2399 822 ,
2433 754 2646 809 εἰωθότι
2683 752 2887 821 λέγειν,
2919 750 3002 802 ὅτι
3025 749 3238 818 Ὥσπερ
3273 749 3300 800 6
3333 747 3484 818 ἣλιος
3516 740 3600 809 οἷς

324 843 624 912 ἐπιλάμπει
651 844 750 914 τῆς
782 843 993 914 θέρμης
1025 846 1189 900 αὑτοῦ
1224 847 1611 914 μεταδίδωσιν,
1677 843 1824 899 οὕτω
1885 845 1968 898 δεῖ
2007 851 2103 900 καὶ
2155 849 2250 903 τὸν
2304 848 2536 921 βασιλέα
2583 843 2668 908 οἷς
2721 846 2788 899 ἂν
2840 841 3108 914 ἐπιβλέψῃ
3160 843 3343 894 οῖκτου
3397 839 3597 904 αὐτοὺς

323 937 532 1001 ἀξιοῦν.

400 1029 476 1083 B'.
523 1027 926 1097 Καταλειφθεὶς
965 1029 1058 1084 οὖν
1095 1031 1124 1081 ό
1167 1031 1362 1101 μικρὸς
1406 1030 1581 1094 Λέων,
1616 1030 1898 1103 νηπιάζων

2071 1028 2138 1084 Il.
2159 1027 2357 1084 Junior
2381 1027 2548 1098 igitur
2569 1024 2702 1089 Leo,
2729 1024 2911 1078 adhuc
2936 1022 3114 1076 infans
3148 1022 3396 1084 relictus,
3426 1035 3595 1074 unum

324 1117 404 1168 ἔτι
430 1117 516 1185 ἐφ’
561 1117 658 1169 ἕνα
707 1118 957 1171 ἐνιαυτὸν
991 1118 1198 1171 ἐπεϐίω
1254 1122 1320 1189 τῇ
1360 1119 1636 1190 βασιλείᾳ,
1675 1123 1772 1174 καὶ
1808 1123 1901 1191 νή-

324 1224 447 1280 πιος
469 1207 753 1276 ὲπαπῆλθε
797 1209 876 1280 τῷ
916 1211 1151 1277 πάππῳ,
1183 1210 1274 1263 τὸν
1315 1212 1511 1264 ἑαυτοῦ
1548 1214 1764 1282 πατέρα
1810 1213 1902 1267 τὸν

323 1301 550 1369 Ζήνωνα
587 1300 812 1370 βασιλέα
845 1300 1186 1362 καταλιπὼν,
1220 1303 1384 1365 αὐτὸς
1430 1307 1552 1367 ταῖς
1579 1305 1746 1358 αὑτοῦ
1778 1323 1905 1376 χερ-

324 1393 380 1444 σ¹ι
415 1395 479 1462 τῇ
519 1393 734 1446 ἐκείνου
793 1395 1006 1465 κεφαλῇ
1041 1394 1286 1465 περιθεὶς
1313 1397 1374 1448 τὸ
1405 1396 1666 1468 διάδημα.
1701 1395 1811 1452 Ἦν
1847 1398 1902 1451 δὲ

323 1485 438 1554 illi}
474 1502 549 1538 ων
580 1484 638 1550 ἐξ
667 1485 853 1550 ἔθνους
879 1486 1161 1558 αἰσχίστου
1193 1487 1286 1541 τοῦ
1315 1487 1428 1541 τῶν
1450 1488 1709 1559 Ἰσαύρων
1735 1491 1900 1556 (19‘),

321 1577 600 1648 αῐςχιστος
632 1580 727 1631 καὶ
751 1579 914 1642 αὐτὸς
952 1583 1047 1632 καὶ
1075 1582 1174 1648 τὴν
1206 1584 1426 1652 μορφὴν
1458 1584 1556 1635 καὶ
1580 1581 1681 1654 τὴν
1721 1583 1903 1652 ψυχὴν

321 1671 585 1738 γεγονώς.
653 1671 762 1726 Καὶ
796 1673 896 1742 οὐχ
925 1671 1000 1734 ὼς
1041 1672 1295 1742 βασιλεὺς
1341 1672 1440 1745 τὴν
1489 1674 1663 1744 ἀρχὴν
1701 1673 1903 1741 ἀνύων,

321 1762 437 1814 ἀλλ’
459 1763 534 1825 ὡς
567 1764 830 1834 ἄντικρυς
859 1764 1151 1832 τύραννος.
1190 1760 1302 1819 Ἦν
1327 1766 1384 1819 δὲ
1417 1769 1597 1835 τούτῳ
1626 1767 1723 1819 καὶ
1749 1767 1905 1819 ἀδελ-

323 1853 424 1920 φὸς
444 1851 632 1905 Κόνων
663 1852 1022 1922 καλούμενος,
1053 1855 1149 1906 καὶ
1180 1855 1274 1906 τὸν
1305 1853 1534 1923 ἀδελφὸν
1569 1856 1650 1918 είς
1701 1855 1906 1908 κακίαν

323 1941 825 2014 ὑπερϐαλλόμενος,
871 1943 1068 2013 αἵμασι
1119 1944 1330 2014 χαίρων
1380 1935 1765 2014 καῖ’σφαγαῖς
1813 1946 1908 1998 ἀν-

323 2032 558 2104 θρώπων
612 2027 896 2105 ἡδόμενος.
948 2035 1108 2090 Κατὰ
1157 2036 1352 2089 τούτου
1397 2036 1496 2089 τοῦ
1538 2038 1789 2104 Ζήνωνος
1849 2040 1906 2090 ὲν

322 2125 518 2199 Θρᾴκῃ
565 2126 863 2197 διατρίϐων
897 2129 925 2180 6
965 2128 1065 2194 τῆς
1119 2126 1441 2200 βασιλίσσης
1489 2129 1731 2199 Βηρίνης
1791 2129 1904 2198 (20)

322 2218 582 2284 ὁμαίμων
615 2218 940 2288 ὁδηλωθεὶς
999 2218 1349 2282 Βασιλίσκος,
1411 2219 1665 2287 ἀνταίρει
1721 2221 1904 2290 χεῖρα,

323 2309 425 2376 τῆς
456 2309 696 2380 Βηρίνης
744 2311 1145 2380 συναιρομένης
1184 2309 1355 2380 αὐτῷ,
1394 2311 1504 2363 κὰκ
1535 2311 1634 2380 τῆς
1668 2310 1906 2378 συγκλή-

2010 1135 2217 1173 annum
2251 1118 2388 1174 vixit
2417 1117 2471 1171 in
2505 1115 2761 1185 imperio,
2799 1122 2855 1168 et
2884 1113 3064 1166 infans
3093 1111 3298 1174 adhuc,
3329 1126 3598 1165 consecu—

2014 1221 2102 1266 tus
2153 1221 2237 1265 est
2270 1225 2434 1265 avum
2491 1228 2504 1263 :
2569 1217 2726 1278 patre
2759 1222 2858 1261 suo
2883 1205 3104 1259 Zenone
3146 1203 3338 1258 relicto
3373 1217 3598 1257 succes-

2009 1321 2157 1365 sore,
2194 1304 2352 1373 cujus
2385 1299 2555 1370 capiti
2587 1298 2842 1354 diadema
2877 1297 2992 1352 suis
3022 1295 3277 1351 manibus
3311 1295 3596 1364 imposuit.

2014 1398 2138 1453 Fuit
2173 1406 2360 1449 autem
2389 1393 2539 1448 Zeno
2561 1407 2626 1447 ex
2657 1390 2962 1447 foedissima
2993 1399 3158 1458 gente
3188 1388 3452 1452 lsaurica,
3481 1385 3597 1456 ipse

2010 1489 2174 1543 etiam
2225 1497 2282 1542 et
2329 1487 2502 1541 forma
2549 1494 2605 1540 et
2657 1483 2843 1538 animo
2888 1480 3251 1545 fmdissimus,
3302 1479 3596 1548 imperium

2011 1591 2160 1634 certe
2187 1580 2410 1649 quidem
2443 1593 2553 1632 non
2577 1586 2638 1632 ut
2663 1577 2984 1646 imperator,
3018 1573 3112 1628 sed
3143 1573 3300 1642 plane
3327 1581 3388 1626 ut
3416 1580 3597 1642 tyran-

2011 1687 2118 1726 nus
2145 1669 2580 1725 administravit.
2615 1669 2863 1722 Fratrem
2915 1665 3110 1719 habuit
3139 1663 3440 1727 Cononem,
3475 1663 3598 1732 ipso

2012 1762 2449 1833 ﬂagitiosiorem,
2481 1760 2760 1815 hominem
2791 1755 3232 1827 sanguinarium,
3265 1754 3356 1809 cui
3387 1761 3598 1808 macta-

2016 1856 2193 1910 tiones
2223 1853 2510 1908 hominum
2539 1851 2808 1921 voluptati
2844 1857 3021 1904 erant.
3051 1847 3191 1902 Huic
3223 1847 3452 1906 Zenoni.
3492 1845 3597 1900 Ve-

2012 1947 2147 2002 rinae
2197 1943 2564 2016 imperatriris
2619 1944 2790 1997 frater
2846 1941 3162 2001 Basiliscus,
3217 1939 3374 2006 cujus
3429 1952 3596 2006 supra

2013 2039 2155 2094 facta
2182 2047 2266 2093 est
2301 2037 2530 2102 mentio,
2569 2037 2624 2090 in
2671 2035 2906 2089 Thracia
2937 2033 3162 2103 degens,
3209 2031 3413 2085 bellum
3448 2030 3595 2082 intu-

2013 2133 2097 2198 lit,
2130 2141 2186 2188 et
2215 2147 2405 2188 sorore
2433 2140 2490 2187 et
2521 2129 2852 2201 quibusdam
2883 2145 2914 2185 e
2951 2136 3143 2183 senatu
3187 2123 3596 2195 adjuvantibus.

2013 2224 2200 2280 Zenon
2261 2225 2452 2296 igitur,
2515 2235 2578 2278 ut
2639 2223 2805 2277 homo
2859 2221 3084 2276 timidus
3126 2226 3184 2274 et
3225 2215 3598 2280 eﬂeminatus,

2013 2331 2138 2370 cum
2168 2331 2338 2370 uxore
2368 2315 2607 2370 Ariadna
2630 2314 2698 2368 ad
2730 2315 2946 2368 Isauros
2977 2311 3273 2382 populares
3304 2323 3434 2364 suos
3463 2322 3596 2362 con-

324 2418 416 2453 του
445 2400 630 2455 τινῶν.
665 2401 850 2464 Δειλδς
873 2399 931 2453 δὲ
958 2398 1034 2453 ὢν
1069 2403 1096 2454 6
1126 2401 1316 2472 Ζήνων
1359 2402 1452 2453 καὶ
1479 2401 1741 2470 ἄνανδρος
1773 2400 1907 2468 φεύ-

2013 2407 2176 2479 fugit.
2219 2408 2519 2464 Basiliscus
2549 2408 2602 2462 in
2637 2407 2832 2462 urbem
2861 2404 3168 2476 profectus,
3203 2411 3261 2458 et
3301 2402 3354 2456 in
3390 2401 3597 2469 Campo

325 2509 414 2560 γει
443 2493 646 2547 αὐτίκα
691 2493 791 2546 σὺν
851 2493 1108 2565 Ἀριάδνῃ
1157 2497 1224 2565 τῇ
1274 2496 1500 2561 γυναικὶ
1547 2495 1605 2546 ὲν
1665 2494 1911 2564 ἰσαυρίᾳ

325 2587 465 2655 πρὸς
485 2586 614 2650 τοὺς
661 2587 971 2656 ὁμογενεῖς.
1017 2587 1076 2640 '0
1110 2585 1440 2648 Βασιλίσκος
1463 2587 1510 2640 δ’
1545 2586 1718 2640 ἐλθὼν
1743 2589 1800 2641 έν
1828 2585 1909 2657 τῷ

325 2681 549 2750 Κάμπῳ
590 2680 988 2751 ἀναγορεύεται
1049 2681 1334 2752 βασιλεὺς,
1389 2682 1486 2736 καὶ
1539 2682 1640 2753 τὴν
1694 2682 1910 2736 οἰκείαν

325 2771 576 2841 γαμετὴν
601 2769 886 2842 Ζῆνωνίδα
923 2772 1250 2842 Αὐγούσταν
1290 2773 1512 2842 έστεψε,
1547 2774 1644 2827 καὶ
1681 2773 1909 2844 Μάρκον

324 2864 418 2914 ττιν
452 2864 568 2916 υίὸν
601 2864 1029 2935 προεχειρίσατο
1065 2865 1344 2938 Καίσαρα.
1379 2861 1489 2920 Ἦν
1521 2866 1578 2920 δὲ
1622 2867 1718 2921 καὶ
1751 2860 1907 2930 οὗτος

325 2953 456 3019 τούς
504 2971 564 3006 τε
619 2954 858 3024 τρόπους
885 2954 1042 3008 οὐδὲν
1105 2955 1335 3026 βελτίων
1377 2955 1472 3008 τοῦ
1504 2957 1774 3026 Ζήνωνος,
1814 2959 1912 3010 καὶ

326 3063 455 3115 περι
477 3048 538 3099 τὸ
566 3045 729 3110 σέϐας
759 3049 860 3100 οὐκ
901 3048 1079 3120 ὀρθῶς
1112 3049 1482 3119 διακείμενος.
1515 3048 1627 3118 Τῆς
1669 3049 1780 3119 γὰρ
1810 3047 1912 3102 Εὐ-

327 3137 523 3208 τυχοῦς
559 3139 672 3208 (2|)
705 3141 799 3192 καὶ
833 3141 1129 3210 Διοσκόρου
1175 3143 1392 3212 μετεῖχε
1433 3141 1528 3196 καὶ
1579 3135 1733 3205 οὗτος
1765 3141 1913 3208 αἶρέ·

326 3249 487 3299 σεως,
525 3235 675 3301 παρὰ
711 3234 810 3301 τῆς
845 3233 1096 3302 γαμετῆς
1125 3236 1206 3296 είς
1238 3235 1445 3302 ταύτην
1472 3233 1902 3305 προϐιϐασθεὶς,

327 3325 421 3378 καὶ
469 3325 680 3394 σφόδρα
729 3327 830 3388 τὰς
873 3325 982 3377 τῶν
1043 3326 1345 3397 ὀρθοδόξων
1397 3327 1730 3398 Ἐκκλησίας
1779 3330 1911 3382 ὲκάσ

326 3433 474 3470 κωσε
539 3419 633 3470 καὶ
709 3416 804 3488 τὴν
854 3419 912 3470 ἐν
969 3418 1280 3489 Χαλκηδόνι
1334 3419 1554 3474 σύνοδον
1599 3422 1911 3493 τυραννικῷ

325 3511 620 3581 γράμματι
667 3510 874 3582 ἄκυρον
910 3507 1056 3566 εἶναι
1104 3513 1424 3579 τεθέσπικε,
1459 3515 1677 3570 καὶτὸν
1713 3533 1912 3587 πατρι-

326 3602 502 3672 ἀρχην
530 3603 632 3672 τῆς
678 3604 826 3667 Νέας
873 3595 1096 3674 Ῥώμης
1153 3606 1412 3660 Ἀκακιον
1450 3606 1614 3660 τοῦτο
1669 3607 1914 3678 ψηφίσα-

327 3693 452 3746 σθαι
475 3693 772 3759 συνοδικῶς
797 3694 1070 3759 ἐϐιάζετο.
1111 3696 1278 3752 Ἀλλά
1300 3697 1363 3750 τὸ
1389 3697 1674 3767 όρθόδοξον
1704 3699 1908 3768 πλῆθος

323 3784 425 3855 τῆς
489 3785 700 3851 πόλεως
770 3787 1030 3842 συνελθὸν
1075 3790 1158 3853 εἰς
1191 3788 1290 3860 τὴν
1333 3789 1635 3860 ἐκκλησίαν
1687 3790 1782 3843 καὶ
1817 3791 1909 3842 τὸν

2014 2499 2314 2568 imperator
2345 2500 2634 2560 salutatus,
2667 2498 2772 2568 52
2806 2510 3030 2550 uxorem
3067 2509 3224 2549 suam
3258 2491 3596 2547 Zenonidem

2011 2591 2295 2663 Augustali
2338 2606 2540 2646 corona
2569 2597 2747 2651 ornat.
2771 2599 2828 2644 et
2854 2588 3092 2642 Marcum
3127 2585 3297 2638 filium
3325 2583 3597 2639 Caesarem

2013 2688 2276 2758 appellat.
2316 2687 2439 2742 Fuit
2475 2687 2569 2742 hic
2601 2685 2851 2740 moribus
2879 2683 3102 2737 Zenone
3134 2679 3312 2734 nihilo
3348 2677 3598 2733 meliori-

2015 2782 2140 2847 bus,
2179 2781 2359 2852 deque
2388 2781 2654 2852 religione
2685 2792 2974 2850 perperam
3007 2774 3202 2836 sensit,
3231 2773 3302 2828 ab
3345 2788 3512 2826 uxore
3541 2773 3597 2825 in

2014 2875 2280 2946 Eutychis
2307 2883 2364 2930 et
2402 2873 2651 2929 Dioscori
2703 2881 2908 2928 sectam
2956 2868 3250 2939 impulsus,
3296 2874 3353 2920 et
3406 2866 3597 2920 ortho-

2015 2966 2286 3021 doxorum
2317 2965 2595 3022 Eeelesias
2626 2963 2816 3018 multis
2847 2960 3006 3015 malis
3053 2956 3262 3011 affecit.
3291 2954 3596 3011 Chalcedo-

2015 3075 2188 3114 nense
2237 3059 2534 3116 concilium
2591 3056 2876 3129 tyrannica
2932 3053 3117 3109 edicto
3169 3051 3475 3120 abrogavit,
3539 3057 3596 3103 et

2014 3154 2182 3210 Novae
2215 3153 2404 3208 Romae
2433 3150 2805 3221 patriarcham
2842 3147 3128 3210 Acacium,
3166 3152 3227 3200 ut
3259 3141 3596 3215 synodaliter

2015 3246 2160 3300 idem
2191 3243 2546 3314 approbaret,
2583 3255 2782 3312 cogere
2824 3239 3020 3294 voluit.
3061 3236 3167 3293 Sed
3205 3235 3416 3290 urbana
3448 3232 3594 3287 mul-

2018 3337 2196 3392 titudo
2231 3335 2695 3399 ortliodoxorum,
2723 3333 2778 3386 in
2809 3331 3042 3386 ecclesia
3097 3341 3411 3397 congressa,
3439 3323 3593 3378 Basi-

2013 3430 2209 3483 liscum
2247 3426 2554 3482 maledictis
2607 3425 2870 3479 insectata
2920 3430 3025 3486 est,
3060 3431 3116 3474 et
3146 3416 3595 3474 Chalcedonense

2014 3520 2338 3582 concilium,
2390 3527 2641 3574 sanctum
2672 3515 2986 3586 appellavit.
3036 3512 3118 3568 Ob
3148 3513 3264 3566 haec
3297 3509 3464 3580 igitur
3495 3507 3598 3560 Ba-

2014 3614 2240 3670 siliscus
2265 3622 2321 3668 et
2356 3612 2564 3683 p0pulo
2599 3619 2656 3666 et
2684 3608 2900 3665 senatui
2952 3607 3056 3662 fuit
3086 3607 3319 3661 invisus.
3351 3604 3508 3660 Illum
3541 3612 3596 3657 et

2017 3705 2372 3762 Trocundum
2422 3713 2612 3759 contra
2658 3702 2937 3757 Zenonem
2993 3714 3119 3754 cum
3153 3696 3396 3754 exercitu
3424 3694 3595 3753 misit.

2011 3814 2174 3868 quem
2209 3807 2334 3853 cum
2366 3795 2713 3859 obsiderent,
2743 3808 2847 3849 nec
2891 3790 3190 3846 Basiliscus
3227 3804 3350 3858 quae
3376 3785 3594 3858 pollici-

325 3878 654 3933 Βισιλίσκον
686 3879 1072 3951 ὲκακηγόρησε
1103 3880 1216 3952 (22)
1247 3882 1342 3934 καὶ
1378 3882 1479 3949 τὴν
1508 3884 1568 3934 ὲν
1596 3880 1907 3951 Χαλκηδόνι

2011 3899 2093 3944 lus
2117 3890 2201 3945 eis
2231 3889 2412 3944 fuerat
2441 3896 2753 3959 praestaret,
2778 3896 2835 3940 et
2857 3893 3104 3948 senatus,
3136 3882 3188 3937 ei
3220 3881 3291 3936 ob
3326 3877 3596 3949 improbi-

328 3969 552 4022 σύνοδον
598 3969 763 4037 ἁγίαν
809 3971 1061 4025 ἐκάλεσε.
1107 3971 1210 4025 Διὰ
1264 3970 1439 4024 ταῦτα
1473 3970 1656 4026 τοίνυν
1684 3971 1711 4022 6
1741 3972 1908 4024 Βασι-

324 4059 515 4124 λίσκος
541 4062 694 4132 παρά
723 4079 783 4114 τε
817 4061 911 4116 τοῦ
944 4063 1120 4134 δήμου
1174 4066 1268 4118 καὶ
1311 4067 1412 4135 τῆς
1470 4064 1769 4134 γερουσίας
1816 4080 1913 4133 με-

329 4155 551 4224 μέσητο.
587 4154 648 4208 ὐ
674 4156 731 4208 δὲ
764 4157 907 4210 κατὰ
946 4157 1195 4228 Ζήνωνος
1229 4155 1449 4226 έπεμψε
1480 4160 1577 4210 σὺν
1607 4157 1910 4225 δυνάμεσιν

331 4246 504 4299 Ἴλλον
539 4247 634 4300 καὶ
668 4247 1004 4320 Τροκοὖνδον
1034 4249 1172 4319 (ἳδν
1221 4249 1270 4302 οἳ
1297 4248 1631 4312 ἀπελθόντες
1664 4247 1914 4318 ἐπολιόρ-

328 4355 485 4392 κουν.
520 4339 706 4393 αὐτόν.
743 4340 868 4394 ’Ότι
923 4341 982 4393 δὲ
1036 4340 1208 4393 πολλὰ
1264 4341 1452 4405 αὐτοῖς
1503 4343 1532 4393 ό
1578 4339 1910 4402 Βασιλίσκος

328 4430 806 4502 ἐπαγγειλάμενος
832 4431 935 4486 οὐκ
981 4431 1256 4495 ἐπιτελεῖς
1292 4431 1392 4495 τὰς
1436 4430 1764 4502 ὑποσχέσεις
1809 4447 1911 4484 πε-

327 4525 543 4593 ποίητο,
574 4526 671 4578 καλ⁵
706 4526 739 4596 ἡ
769 4524 1077 4594 σύγκλητος
1106 4524 1166 4579 δὲ
1208 4524 1559 4595 βαρυνομένη
1599 4523 1695 4577 τὸν
1739 4523 1911 4578 Βασι-

326 4618 516 4673 λίσκον
544 4617 634 4671 διὰ
679 4619 779 4689 τὴν
808 4620 1009 4672 κακίαν
1044 4617 1236 4678 αὑτοῦ.
1277 4615 1488 4689 ἔγραψε
1537 4618 1652 4680 τοῖς
1684 4616 1916 4686 εἰρημέ-

329 4727 441 4773 νοις
475 4709 707 4780 ἀνδράσι
736 4711 806 4763 τὰ
836 4710 968 4780 παρ’
1002 4709 1218 4762 ἐκείνου
1257 4708 1536 4780 δρώμενον
1573 4707 1910 4780 προσέθεντο

2007 3987 2174 4032 tatem
2226 3977 2500 4042 infestus,
2573 3975 2820 4030 facinora
2871 3972 3117 4027 hominis
3172 3970 3240 4024 ad
3289 3968 3593 4024 exercitum

2007 4070 2423 4142 perscripsisset
2452 4109 2467 4135 ,
2499 4068 2704 4123 milites
2737 4083 2796 4124 se
2813 4066 2881 4122 ad
2909 4066 3186 4120 Zenonem
3217 4063 3594 4125 contulerunt,

2007 4178 2075 4216 ex
2132 4162 2387 4216 hostibus
2441 4161 2603 4215 amici
2658 4166 2738 4215 et.
2770 4159 3054 4230 adiutores
3107 4155 3256 4222 facti,
3306 4170 3483 4224 eoque
3508 4170 3596 4208 as-

2008 4264 2232 4323 sumpto
2261 4261 2393 4308 sunt
2421 4252 2680 4323 regressi.
2710 4251 2780 4306 At
2798 4251 3094 4306 Basiliscus
3113 4246 3458 4302 Harmatium
3500 4261 3594 4300 so—

2008 4345 2232 4399 brinum
2262 4359 2389 4399 cum
2423 4343 2708 4398 Thracicis
2745 4343 3055 4413 legionibus
3082 4353 3275 4398 contra
3310 4341 3590 4396 Zenonem

2009 4437 2196 4502 mittit,
2229 4435 2478 4506 quicum
2509 4435 2561 4490 ei
2590 4435 2737 4490 circa
2765 4435 3001 4490 Nicaeam
3031 4434 3390 4497 occurrisset,
3424 4447 3595 4503 pecu-

2009 4529 2100 4584 nia
2132 4539 2187 4583 et
2221 4528 2624 4599 pollicitatione
2654 4527 2754 4582 filii
2787 4529 2910 4598 ejus
2956 4527 3204 4584 Basilisci
3229 4526 3461 4583 Caesaris
3494 4525 3594 4580 de—

2007 4620 2262 4691 signandi
2313 4629 2630 4690 corruptus,
2660 4634 2722 4675 se
2751 4619 2820 4676 ad
2871 4620 3153 4676 Zenonem
3202 4618 3439 4675 confert.
3487 4617 3592 4685 Qui

2009 4713 2208 4768 dehinc
2234 4711 2776 4784 Constantinopolim
2811 4712 3117 4783 profectus,
3140 4728 3170 4768 a
3199 4721 3393 4768 senatu
3425 4727 3593 4784 popu-

1535 4886 1732 4949 νεικείω
1763 4887 2070 4951 lectiones
2113 4899 2175 4950 et
2209 4897 2399 4950 notae.

401 5059 417 5116 (
431 5054 512 5124 l9)
543 5053 894 5126 Κεκόσμηίτο
941 5055 1012 5110 δὲ
1060 5053 1160 5111 καί
1212 5055 1429 5120 ἄλλαις
1459 5053 1717 5126 ἀρεταῖς.
1759 5053 1907 5126 Quas

2014 5070 2091 5121 iv,
2119 5072 2174 5126 p.
2208 5056 2310 5110 “9
2339 5065 2395 5110 et
2439 5055 2562 5121 1M,
2618 5071 2646 5111 a

329 5125 512 5197 attigit
537 5126 771 5194 scriptor
789 5125 926 5180 Vita;
952 5142 1052 5181 ms.
1075 5126 1139 5197 ,S.
1165 5125 1732 5197 Theoclisthesbiaa
1753 5143 1766 5177 :
1787 5124 1904 5197 Kal

329 5194 458 5266 γὰρ’
505 5197 598 5249 ἐπὶ
659 5196 885 5264 Κρήτην
941 5196 1193 5248 διέπλεον
1255 5197 1360 5249 ὑπὸ
1421 5195 1518 5248 τοῦ
1585 5194 1900 5266 μακαρίτου

327 5263 558 5328 Λέοντος
612 5263 850 5318 ἐκείνου
885 5266 1190 5334 πεμφθεὶς,
1256 5267 1510 5330 Λέοντος,
1573 5263 1756 5334 φημὶζ
1804 5263 1900 5316 τοῦ

328 5337 604 5407 εὐτυχοῦς
639 5336 791 5398 ὄντος
845 5335 1128 5407 βασιλέως,
1177 5339 1272 5391 καὶ
1323 5338 1426 5407 τὴν
1469 5335 1724 5405 εὐτυχίαν
1766 5334 1904 5388 Ῥω-

331 5405 511 5476 μαίων
541 5405 617 5476 τῷ
648 5407 807 5473 τάφῳ
835 5405 1231 5474 συνθάψαντος.

402 5476 540 5548 (ΗΓ)
591 5471 700 5548 Ἐξ
735 5471 964 5548 ’ἔθνους
1011 5471 1334 5542 αἰσχίστου
1388 5473 1511 5548 τοῇ
1545 5471 1681 5548 τῶν-
1710 5474 1909 5548 ΔἸοναιξη

325 5543 466 5615 ρων.
517 5546 594 5600 De
644 5545 872 5615 Isauria,
920 5547 999 5599 sic
1050 5561 1160 5613 pra:
1215 5546 1431 5600 caeteris
1471 5543 1794 5600 Eustathius
1845 5544 1904 5597 ll.

2697 5069 2805 5124 qua
2853 5054 3010 5110 urbis
3050 5063 3283 5112 tractum
3328 5055 3396 5124 τὰ
3439 5056 3591 5124 Bapt-

2013 5122 2474 5196 vqg'appellatum
2507 5122 2764 5196 colligere
2791 5125 2916 5180 licet
2949 5141 3019 5181 ex
3049 5125 3288 5180 concilio
3316 5122 3592 5181 Constan-

2012 5197 2292 5265 t.nopolit.
2336 5197 2439 5251 sub
2475 5197 2629 5252 Mena
2657 5204 2763 5250 act.
2794 5197 2845 5249 Ι.

2084 5263 2201 5391 (ἕίέ
2259 5267 2371 5337 Τῆς
2429 5268 2540 5337 γὰρ
2590 5264 2927 5334 Εὐτυχοῦς.
2983 5263 3294 5336 Evagrius,
3347 5265 3446 5320 lib.
3505 5281 3590 5331 ιιι,

2084 5353 2128 5391 ο.
2209 5379 2222 5391 .

2009 5351 2128 5392 can.
2168 5351 2222 5392 4.

2076 5353 2222 5475 E21.
2260 5407 2729 5474 ‘Exaxnrdpno'e.
2764 5404 3088 5475 TheOphan.
3125 5419 3180 5470 p.
3214 5403 3339 5459 105.

2080 5473 2194 5548 (25)
2227 5477 2336 5530 Καὶ
2371 5473 2767 5548 Τροκρῦῖδον.
2801 5476 2882 5548 Ita
2904 5490 3003 5548 ms.
3031 5473 3583 5548 _S._The0phan.__an.

2007 5543 2282 5614 meam.
2323 5543 2420 5603 an.
2474 5547 2542 5600 M
2585 5545 2796 5600 Zenon.
2841 5544 3182 5615 Προκόὖνδον
3231 5543 3410 5615 νόθοι.
3460 5543 3588 5615 Haec

331 5614 371 5686 β’
407 5635 420 5671 :
455 5617 562 5668 Kal
588 5615 754 5688 μέρος
782 5614 918 5682 γοῦν
946 5631 1000 5688 τι
1029 5615 1284 5688 Κιλικίας
1309 5617 1406 5684 τῆς
1443 5615 1546 5688 ἔξω
1569 5616 1667 5688 τού
1691 5615 1906 5688 Ταύρου

2011 5633 2175 5688 porro
2197 5619 2264 5672 de
2296 5615 2874 5688 Basilisciityrannide,
2895 5614 2952 5670 et
2981 5614 3588 5688 Harmatiiproditione

330 5684 598 5756 Τραχεῖαξ
625 5687 878 5752 λέγεται·
930 5686 1134 5738 οἴονται
1194 5684 1251 5738 δέ
1295 5702 1441 5748 τινες
1488 5687 1590 5755 τὴν
1630 5685 1906 5754 Ἰσαυρίαν

2011 5684 2068 5743 ac
2097 5689 2244 5742 caede
2271 5697 2490 5742 narrant
2527 5684 2724 5756 Evagr.
2757 5687 2793 5739 Ι.
2833 5701 2910 5750 Ill,
2945 5701 2997 5740 c.
3030 5685 3086 5750 8,
3125 5685 3224 5756 εις
3257 5685 3582 5756 ProcOpius,

326 5752 464 5813 εἶναι
475 5752 716 5826 ταύτην.

399 5826 512 5896 (20)
557 5823 828 5894 Reply-nc.
876 5825 954 5880 De
1013 5835 1192 5880 Statua
1214 5823 1434 5896 Ver-inte
1466 5823 1904 5896 Augusttequaao

329 5895 454 5954 dam
495 5894 896 5955 adnotavimus
951 5896 1006 5953 in
1049 5906 1234 5954 nostra
1281 5894 1764 5962 Constantinpoli,
1805 5895 1901 5950 lib.

2002 5757 2041 5811 Ι.
2091 5775 2105 5811 ι
2167 5757 2243 5810 De
2293 5757 2427 5811 bello
2481 5755 2711 5814 Vandal.
2757 5771 2807 5826 c.
2843 5757 2910 5824 6;
2961 5755 3258 5810 Chronicon
3290 5755 3586 5813 Alexandra

2004 5828 2394 5897 The0phanes,
2419 5835 2473 5882 et
2493 5827 2611 5884 alii.
