4026 6410
466 289 608 354 1223

1767 273 2087 333 JOANNIS
2126 271 2447 333 ZONARJI

3597 258 3756 325 122i

462 414 743 471 causaque
774 396 903 451 mali
935 411 967 450 a
994 392 1232 465 quodam
1281 388 1469 446 solerti
1522 388 1843 458 conjectura
1890 385 2044 440 inda-

2169 404 2251 440 :0o
2284 388 2384 453 τῆς
2412 386 2639 449 πόλεως.
2675 387 2881 438 Τούτου
2913 385 3047 455 δῆτα
3080 383 3172 436 τοῦ
3218 385 3315 453 τῆς
3361 383 3490 453 νηὸς
3535 385 3761 435 εἰκονί-

464 504 607 566 gata,
641 489 963 561 fragmentis
991 487 1150 541 navis
1195 484 1348 540 illius
1401 495 1568 537 ansae
1613 479 1861 534 studiose
1909 493 2041 531 cori-

466 583 708 654 quisitis,
749 579 894 636 etin
947 593 1108 632 suum
1149 577 1332 630 locum
1380 573 1653 628 restitutis
1678 612 1691 634 ,
1735 570 2044 639 expeditam

465 674 871 746 navigationem
918 680 975 724 et
1036 683 1185 723 mare
1243 665 1477 736 navigiis
1532 663 1803 732 repletum
1855 660 2045 714 fuisse.

468 766 745 821 Utautem
770 770 923 815 certo
969 759 1196 819 scirent,
1249 754 1384 809 illud
1435 751 1778 823 appellendis
1817 748 2050 803 navibus

468 856 773 916 obstitisse,
823 852 1008 907 denuo
1054 849 1286 904 sublatis
1333 844 1655 916 fragmentis
1707 854 2050 911 quaecunque

470 962 637 1001 naves
663 953 777 999 tum
802 943 1181 1013 appellerent,
1214 940 1414 993 iterum
1466 935 1520 989 vi
1560 943 1854 988 ventorum
1910 933 2051 1001 reje

472 1047 588 1093 ctas
612 1036 804 1090 fuisse.
850 1034 924 1087 Ea
972 1048 1030 1086 re
1053 1037 1333 1098 comperta
1354 1067 1370 1091 ,
1399 1041 1594 1080 navem
1627 1024 1812 1087 illam,
1855 1037 2049 1091 magno

474 1126 722 1182 adhibito
752 1124 958 1185 studio,
985 1134 1107 1174 esse
1138 1124 1480 1172 renoi’atam.
1513 1112 1835 1167 Anastasius
1887 1110 2050 1179 paulo

475 1229 600 1273 ante
634 1218 867 1279 obitum,
899 1211 1164 1266 nuntiatis
1194 1207 1298 1262 sibi
1327 1204 1544 1260 insidiis
1572 1203 1774 1257 multos
1799 1216 2053 1270 compre-

477 1312 743 1368 henderat
794 1319 957 1377 atque
995 1306 1138 1359 inter
1163 1302 1298 1356 alios
1354 1298 1636 1354 Justinum
1688 1305 1744 1350 et
1786 1295 2053 1350 Justinia-

477 1418 628 1464 num,
659 1400 752 1470 qui
788 1407 910 1468 post
937 1409 1121 1449 rerum
1184 1391 1342 1462 potiti
1373 1398 1536 1454 sunt,
1569 1396 1735 1457 atque
1782 1388 1835 1441 in
1866 1385 2052 1439 animo

476 1492 713 1548 habebat
734 1504 830 1543 eos
866 1485 1142 1541 occidere.
1183 1481 1289 1536 Sed
1325 1479 1627 1534 deterritus
1685 1485 1771 1532 est
1813 1475 2051 1539 somnio,

476 1596 600 1635 cum
629 1579 713 1631 vir
775 1575 1037 1631 terribilis
1059 1573 1110 1627 ei
1136 1570 1379 1627 astitisse
1423 1569 1576 1623 visus
1631 1575 1822 1632 esset,
1854 1580 1919 1619 ac
1963 1563 2053 1618 di-

2151 495 2376 548 σματος,
2427 477 2461 549 ῆ
2512 478 2591 546 τῷ
2622 477 2802 549 χρόνῳ
2834 477 3201 546 μογήσαντος,
3234 474 3268 545 ἢ
3314 474 3376 539 ἐξ
3415 471 3762 543 ἐπιϐουλῆς,

2155 568 2300 640 μέρη
2330 569 2455 621 τινὰ
2499 568 2842 639 θραυσθέντα
2877 567 3181 639 ἀφῄρηντο.
3209 567 3413 620 Οὐκέτι
3432 566 3571 635 γοῦν
3607 581 3765 634 φορ-

2148 660 2311 728 τηγοὶ
2362 660 2491 731 νῆες
2546 658 2915 729 προσὼρμουν
2975 660 3058 722 είς
3106 657 3169 711 τὸ
3223 657 3542 721 Βυζάντιον,
3602 654 3765 708 ἀλλὰ

2151 752 2378 823 πλησίον
2426 750 2603 806 ἰοῦσαι
2637 750 2784 822 βίαις
2819 751 3151 821 πνευμάτων
3183 749 3525 820 ἀνείργοντα,
3559 749 3667 802 καὶ
3704 748 3764 798 ει

2155 846 2230 915 μὴ
2274 845 2400 913 νῆες
2447 844 2682 915 μακραὶ,
2736 846 2833 899 καὶ
2879 842 3099 907 πολλοῖς
3144 841 3366 913 ἐρέταις
3416 842 3763 912 κινούμεναι

2150 939 2275 1001 τοὺς
2306 938 2540 1008 φόρτους
2570 939 2797 991 ἐκείνων
2831 939 2915 1001 εἰς
2950 937 3049 1008 τὴν
3084 937 3245 991 πόλιν
3276 936 3557 1008 ἐκόμιζον,
3597 924 3766 1004 τᾶχα

2152 1030 2218 1084 ἂν
2247 1032 2390 1099 λιμῷ
2410 1032 2460 1083 οἱ
2493 1032 2550 1083 ὲν
2591 1032 2728 1102 αὐτῇ
2758 1030 3165 1100 κατηνάλωντο.
3198 1029 3372 1084 Τοῦτο
3401 1032 3495 1083 ἐπὶ
3546 1029 3769 1099 καιρὸν

2154 1123 2458 1192 κρατῆσαν,
2492 1125 2605 1187 τοῖς
2642 1121 2752 1175 τῶν
2782 1123 2981 1175 κοινῶν
3010 1124 3361 1193 φροντισταῖς
3393 1121 3487 1175 διὰ
3516 1121 3771 1190 φροντῇ

2152 1217 2241 1280 δος
2269 1216 2507 1284 ἐγένετο.
2526 1214 2912 1286 ’Υπετοπάσθη
2939 1215 3120 1268 τοίνυν
3150 1215 3301 1285 παρὰ
3327 1230 3420 1267 του
3447 1212 3510 1266 τὸ
3542 1212 3764 1271 αἴτιον,

2155 1309 2249 1362 καὶ
2306 1302 2700 1379 προσήγγελτο
2725 1309 2841 1370 τοῖς
2864 1301 2946 1371 οἷς
2975 1309 3009 1378 ὴ
3037 1307 3148 1359 τῶν
3321 1305 3532 1367 πόλεως
3561 1305 3771 1357 ἀνεῖτο

2154 1401 2399 1470 φροντίς⁶
2430 1400 2526 1451 καὶ
2556 1397 2625 1452 τὰ
2653 1397 2988 1469 θραύσματα
3009 1396 3108 1467 τῆς
3132 1395 3341 1467 χαλκῆς
3364 1394 3494 1464 νηὸς
3520 1393 3731 1463 εκείνη
3738 1410 3772 1456 ς

2154 1489 2430 1561 ἐπιμελῶς
2451 1490 2776 1559 ζητηθέντα,
2815 1487 3147 1559 εὑρέθησαν,
3175 1487 3271 1540 καὶ
3305 1487 3446 1556 αὐτῇ
3482 1486 3760 1538 omne-

2159 1578 2396 1650 έστησάν
2433 1595 2495 1631 τε
2521 1580 2619 1632 καὶ
2679 1577 3217 1650 προσηρμόσθησαν·
3260 1574 3358 1628 καὶ
3399 1577 3429 1627 ὁ
3467 1573 3644 1636 πλοῦς
3689 1568 3772 1640 ἦν

476 1689 599 1727 cere
632 1669 880 1724 :Justino
934 1676 983 1720 et
1027 1664 1332 1719 Iustiniano
1379 1676 1444 1714 ne
1474 1659 1599 1728 quid
1650 1658 1783 1712 mali
1820 1658 2003 1727 feceris
2032 1670 2051 1708 .'

2169 1674 2270 1736 τοῖς
2307 1671 2515 1736 πλοίοις
2549 1671 2853 1735 ἀκώλυτος,
2888 1671 2983 1724 καὶ
3013 1671 3188 1741 μεστὴ
3213 1669 3422 1723 τούτων
3463 1667 3771 1721 είσπλεόν⁹

478 1781 602 1818 nam
626 1771 843 1831 uterque
873 1775 967 1812 suo
993 1766 1227 1828 tempore
1270 1755 1376 1807 Deo
1407 1752 1676 1807 inserviat.
1726 1751 1842 1804 lllis
1888 1750 2055 1820 igitur

2169 1730 2267 1814 των
2299 1762 2332 1831 ή
2362 1730 2628 1815 θάλασσα.
2669 1760 2785 1813 Ἰνα
2893 1730 3075 1827 γνοῖεν
3109 1730 3355 1829 ἀκριϐῶς
3385 1758 3435 1811 εί
3461 1756 3628 1810 τοῦτο
3676 1757 3767 1818 ὡς

478 1857 707 1910 crimine
757 1856 895 1907 lazsae
937 1849 1239 1921 maiestatis
1295 1843 1601 1907 absolutis,
1657 1842 1841 1897 denuo
1905 1840 2056 1894 aliud

478 1950 680 2002 vidisse
731 1945 1003 1999 somnium
1051 1948 1424 2000 memoratur,
1476 1935 1652 1989 virum
1707 1933 2055 1997 terribilem,

478 2041 570 2109 qui
607 2040 807 2093 librum
854 2051 1016 2089 manu
1064 2041 1285 2104 gestans
1322 2031 1578 2085 diceret:
1638 2027 1773 2081 Ecce
1828 2026 1890 2078 ob
1940 2041 2057 2091 per-

476 2132 780 2186 uersitatem
805 2129 928 2197 ﬁdei
969 2136 1093 2191 tum,
1127 2141 1295 2178 annos
1339 2138 1428 2177 xw
1468 2123 1588 2175 vitae
1628 2129 1734 2174 tum
1781 2117 1947 2172 deleo.
1993 2118 2061 2172 Et

482 2223 608 2292 quia
644 2220 803 2274 fatale
832 2221 932 2273 sibi
969 2234 1090 2272 esse
1117 2232 1185 2271 ex
1215 2215 1441 2270 oraculo
1481 2213 1782 2276 didicerat,
1821 2219 1883 2265 ut
1936 2210 2058 2264 ful-

482 2313 632 2366 mine
693 2311 966 2371 interiret,
1011 2307 1305 2362 Tholatum
1355 2303 1649 2359 aedilicium
1701 2301 2059 2363 construxit,

485 2405 538 2457 in
570 2416 748 2471 eoque
783 2400 958 2469 degit,
995 2397 1090 2453 scd
1126 2397 1352 2450 frustra.
1398 2395 1533 2449 Nam
1585 2408 1712 2449 cum
1762 2392 2062 2462 aliquando

482 2494 724 2548 tonitrua
784 2491 1124 2546 horrendum
1183 2489 1238 2542 in
1305 2485 1528 2541 modum
1588 2494 1953 2547 resonarent,
2006 2494 2063 2539 et

483 2589 698 2657 fulgura
730 2586 896 2639 multa
932 2582 1310 2646 eliderentur,
1347 2588 1513 2648 atque
1559 2579 1676 2648 ipse
1726 2578 2063 2648 perterritus

480 2678 825 2734 ecmnaculo
859 2676 913 2730 in
971 2674 1317 2730 cenaculum
1369 2670 1766 2734 descenderet,
1822 2680 1878 2725 et
1928 2670 2064 2723 alios

482 2781 647 2841 atque
673 2770 812 2825 alios
863 2768 1134 2823 thalamos
1196 2765 1459 2820 subiret:
1514 2764 1571 2818 in
1622 2762 1860 2834 quodam
1912 2765 2064 2832 regio

484 2863 743 2918 cubiculo
782 2870 1031 2915 mortuus
1087 2869 1172 2914 est
1203 2858 1483 2912 inventus.
1522 2855 1667 2911 Vixut
1688 2869 1865 2910 annos
1905 2864 2063 2909 octo-

485 2957 631 3028 ginta
663 2964 789 3009 octo
825 2972 839 3008 :
877 2956 1125 3024 regnavit
1154 2951 1345 3023 viginti
1377 2958 1612 3019 septem,
1652 2957 1709 3004 et
1752 2956 1863 3003 tres
1905 2962 2064 3003 men-

2158 1852 2375 1924 ἁληθῶς
2423 1851 2519 1905 τοῦ
2567 1852 2677 1905 τῶν
2712 1853 2917 1906 πλοίων
2967 1850 3190 1905 εἴσπλου
3224 1850 3462 1922 κώλυμα
3487 1845 3581 1922 ἦν,
3608 1849 3770 1919 ἀφῄ-

2163 1961 2328 2015 ρηντο
2354 1939 2512 2006 αὖθις
2540 1943 2607 1996 τὰ
2638 1941 2778 2014 μέρη
2807 1943 2907 2012 τῆς
2941 1942 3068 2011 νηὸς
3095 1941 3335 2010 ἐκείνης·
3358 1939 3458 1994 καὶ
3486 1941 3611 1994 ὅσαι
3641 1940 3765 1992 τῶν

2161 2036 2306 2105 νηῶν
2336 2036 2526 2104 ἔτυχον
2553 2034 2674 2085 τότε
2698 2031 3074 2099 εἰσπλέουσαι,
3120 2030 3431 2101 πνεύματος
3466 2025 3629 2093 αὖθις
3662 2028 3764 2100 βίᾳ

2160 2129 2450 2196 γεγόνασιν
2501 2125 2923 2196 ὀπισθὸρμητοι.
2987 2123 3271 2178 Ἐντεῦθεν
3326 2120 3763 2192 ἐϐεϐαιώθησαν

2162 2222 2227 2274 ἑκ
2270 2219 2366 2273 τοῦ
2417 2218 2761 2290 θραυσθῆναι
2814 2218 2916 2289 τὴν
2960 2216 3172 2289 χαλκῆν
3203 2214 3311 2286 νῆα
3360 2213 3601 2284 εκείνην,
3651 2213 3763 2282 τὴν

2164 2312 2428 2383 κωλύμην
2473 2310 2725 2381 γίνεσθαι
2769 2308 2865 2364 τοῦ
2910 2311 2992 2375 είς
3040 2308 3143 2382 τὴν
3192 2307 3348 2363 πόλιν
3381 2307 3610 2361 εῐσπλου
3639 2307 3763 2361 τῶν

2164 2405 2368 2460 πλοίων
2396 2403 2508 2458 τῶν
2532 2403 2845 2476 φορτηγῶνο
2880 2404 2974 2456 καὶ
3007 2404 3107 2474 τὴν
3135 2401 3269 2456 ναῦν
3298 2401 3519 2472 ἐκείνην
3549 2403 3760 2471 ἐπιμε-

2162 2499 2315 2561 λείας
2342 2496 2702 2562 ἀξιώσαντες,
2734 2496 3124 2565 ἀνεκαίνησαν.
3163 2495 3278 2565 Πρὸ
3316 2494 3520 2565 μικροῦ
3561 2493 3623 2546 δὲ
3652 2495 3765 2561 τῆς

2163 2591 2422 2660 τελευτῆς
2459 2589 2626 2643 αὑτοῦ
2658 2591 2686 2643 ὁ
2723 2588 2984 2659 βασιλεὺς
3036 2587 3415 2652 Ἀναστάσιος,
3456 2586 3765 2657 ἐπιϐουλῆς

2164 2682 2316 2755 αὑτῷ
2367 2680 2722 2753 μηνυθείσης,
2773 2681 3003 2751 συνέσχε
3053 2678 3322 2745 πολλοὺς,
3380 2681 3480 2734 σὺν
3525 2673 3609 2742 οἷς
3662 2681 3766 2732 καὶ

2178 2776 2462 2829 Ἰουσττνον
2500 2774 2596 2828 καὶ
2640 2773 3023 2828 Ἰουστινιανδν
3053 2772 3192 2843 (53),
3223 2773 3353 2836 τοὺς
3397 2774 3537 2842 μετά
3576 2772 3767 2825 ταῦτα.

2167 2868 2654 2938 αὖταρχήσαντας,
2710 2865 2808 2920 καὶ
2843 2860 2912 2937 ἦν
2949 2865 3177 2937 γνώμης
3219 2865 3485 2919 ἀπολέσαι
3531 2865 3765 2928 αὐτούς·

2168 2957 2418 3027 ἐκωλύθη
2441 2958 2498 3011 δὲ
2524 2960 2649 3011 κατ’
2681 2957 2838 3030 ὄναρ,
2870 2956 3108 3031 φοϐεροῦ
3141 2974 3293 3022 τινος
3324 2957 3517 3027 ἀνδρὸς
3562 2956 3761 3023 δόξαν-

485 3064 595 3103 ses.
632 3047 805 3118 Hujus
836 3045 1180 3116 temporibus
1208 3052 1367 3097 terra:
1399 3049 1582 3097 motus
1614 3040 1924 3095 horrendus
1956 3039 2065 3110 58

2169 3064 2259 3112 τος
2311 3047 2659 3118 παραστῆναι
2707 3047 2859 3119 αὐτῷ
2894 3048 2990 3101 καὶ
3037 3048 3214 3100 εἰπεῖν
3243 3064 3259 3079 ο
3302 3047 3617 3114 Ἰουστίνφ
3655 3047 3767 3101 καὶ

485 3139 610 3205 fuit,
637 3155 703 3194 ac
731 3139 974 3210 Byzantii
1029 3137 1216 3191 multis
1276 3135 1332 3188 in
1375 3133 1515 3190 locis
1559 3131 1793 3188 aediﬁcia
1840 3147 2065 3188 corrue-

2185 3139 2594 3205 Ἰουστινιανῷ
2640 3139 2838 3210 μηδὲν
2865 3138 3094 3209 ἐργάσῃ
3128 3141 3321 3193 κακόν
3345 3154 3360 3169 ο
3380 3137 3606 3209 ’μέλλει
3646 3140 3772 3207 γὰρ

487 3240 640 3286 runt.
674 3229 965 3286 Antiochia
994 3242 1127 3283 vero
1158 3240 1297 3296 pene
1332 3233 1445 3280 tota
1486 3225 1728 3295 collapsa
1768 3232 1890 3288 est,
1928 3224 2065 3279 civi-

2169 3231 2427 3297 ἕκαστος
2452 3229 2651 3286 αὐτῶν
2682 3229 3067 3301 ὑπουργῆσαι
3104 3230 3185 3297 τῷ
3230 3229 3372 3297 Θεῷ,
3405 3230 3476 3284 ὲν
3524 3226 3770 3299 καιροῖς

488 3325 593 3379 bus
641 3324 801 3378 ruina
872 3320 1172 3392 oppressis.
1243 3318 1393 3373 Idem
1455 3317 1781 3372 Anastasius
1842 3317 2065 3387 longum

2172 3322 2366 3390 ίδίοις.
2397 3323 2567 3377 Ὅθεν
2614 3322 2833 3393 ἀφῆκεν
2884 3323 3070 3386 αὐτοῖς
3108 3323 3172 3377 τὸ
3223 3323 3319 3392 τῆς
3368 3321 3771 3393 καθοσιώσεως

490 3431 708 3469 murum
763 3412 1013 3469 condidit
1075 3426 1107 3465 a
1186 3424 1386 3479 magno
1441 3410 1578 3463 mari
1629 3408 1699 3464 ad
1753 3407 2065 3480 Selybriam

2170 3414 2449 3485 ἔγκλημα.
2485 3415 2596 3469 Καὶ
2626 3414 2790 3478 αὖθις
2829 3416 2967 3485 ὕναρ
3003 3414 3132 3469 ἰδεῖν
3161 3414 3384 3482 λέγεται
3428 3416 3457 3467 ὁ
3502 3413 3773 3483 βασιλεὺς

490 3521 665 3575 usque
686 3505 1076 3577 pertinentem,
1105 3502 1177 3556 ob
1210 3503 1483 3572 Mysorum
1538 3500 1656 3555 sive
1703 3499 2065 3570 Bulgarorum

2169 3503 2379 3567 δκεῖνος
2424 3503 2597 3573 ἄνδρα
2629 3502 2756 3557 τινὰ
2807 3503 3062 3574 φοὸερὸν,
3093 3504 3264 3574 τόμον
3303 3502 3632 3573 κατέχοντα,
3660 3503 3770 3556 καὶ

489 3608 544 3653 et
574 3598 901 3667 Scytharum
931 3594 1297 3656 incursiones,
1319 3599 1378 3646 et
1403 3600 1643 3646 statuam
1674 3605 1831 3645 suam
1856 3606 2065 3644 aeneam

2169 3595 2403 3662 λέγοντα
2444 3597 2584 3666 πρὸς
2630 3595 2815 3650 αὐτόν’
2864 3596 3013 3650 Ἰδοὺ
3059 3595 3158 3667 διὰ
3200 3593 3319 3664 τὴν
3360 3595 3774 3648 κακοπιστίαν

493 3691 549 3745 in
580 3664 743 3743 Tauri
776 3689 1031 3742 columna
1057 3685 1366 3749 collocavit,
1399 3698 1525 3737 cum
1561 3683 1859 3738 Theodosii
1897 3683 2065 3754 Magni

2173 3702 2292 3740 σου
2354 3664 2669 3758 claudatem
2700 3688 2812 3757 τῆς
2857 3685 3004 3755 ζωῆς
3034 3664 3151 3742 σοι)
3185 3685 3292 3756 ἐτη
3324 3688 3774 3754 τεσσαρεσκαί-

495 3792 699 3849 statua,
725 3795 848 3851 quae
882 3780 954 3834 ibi
984 3788 1169 3834 erecta
1218 3777 1398 3832 fuerat
1428 3817 1442 3837 ,
1493 3775 1847 3831 concidisset.
1878 3776 1947 3831 Et
1986 3777 2065 3833 hit

2172 3775 2340 3839 δεκα.
2367 3780 2550 3849 ’Έχων
2581 3780 2639 3833 δὲ
2667 3778 3278 3850 κεχρησμωδοτημένον
3330 3780 3360 3832 ὀ
3409 3778 3771 3840 summ;

493 3872 717 3944 quidem
750 3873 860 3925 vita
891 3870 971 3924 sic
1003 3878 1124 3923 acta
1152 3907 1167 3930 ,
1203 3867 1310 3921 hoc
1336 3864 1497 3920 modo
1518 3874 1604 3919 est
1654 3864 1969 3922 defunctus.

2176 3872 2261 3925 ὅτι
2300 3875 2365 3925 ὲκ
2406 3873 2680 3944 κεραυνοῦ
2732 3875 3014 3939 θανεῖται,
3060 3873 3121 3926 τὸ
3174 3873 3470 3943 λεγόμενον
3520 3871 3768 3924 Θολιυτὺν

494 3962 820 4033 ὲδομήσατο,
861 3961 957 4013 καὶ
996 3962 1054 4012 ὲν
1113 3957 1266 4027 αὐτῷ
1305 3956 1519 4026 διῆγεν,
1570 3955 1687 4009 ἀλλ’
1745 3957 1901 4009 οὐδέν
1966 3975 2023 4010 τι
2090 3960 2289 4015 τούτου
2341 3963 2622 4017 ἀπώνατο.
2682 3962 2932 4033 Βροντῶν
2983 3965 3093 4034 γάρ
3152 3979 3287 4016 ποτε
3339 3964 3775 4034 ἐκρηγνυμένων

496 4053 973 4127 φρικωδεστάτων,
1015 4051 1111 4105 καὶ
1144 4051 1442 4121 ἀστραπῶν
1483 4048 1897 4121 ἑκτριόομένων
1973 4040 2188 4108 ἐκεῖθεν
2252 4056 2486 4123 πολλῶν,
2548 4058 2755 4121 ἐκεῖνος
2808 4058 3106 4127 δειμαίνων
3169 4059 3234 4110 ὲκ
3273 4058 3485 4128 διαίτης
3519 4060 3600 4120 εἰς
3632 4057 3773 4110 δίαι-

496 4171 594 4207 ταν
620 4151 1040 4222 μετέδαινε,καὶ
1064 4150 1127 4200 ὲκ
1150 4140 1399 4217 θαλ.ξλου
1443 4146 1525 4211 είς
1566 4146 1814 4219 θάλαμον
1873 4149 2158 4204 ὑπεδύετο.
2202 4151 2313 4206 και
2355 4151 2530 4216 οὕτως
2576 4154 2635 4206 ἐν
2682 4153 2765 4206 ἑνὶ
2793 4154 2904 4207 τῶν
2936 4151 3232 4224 βασιλικῶν
3265 4154 3536 4208 κοιτῶνων
3565 4153 3781 4222 εὑρέθη

497 4247 752 4314 κείμενος
791 4241 1043 4303 ’τεθνεώς
1090 4239 1227 4308 (54).
1293 4241 1471 4310 Ζήσας
1523 4241 1623 4311 μὲν
1662 4241 1762 4312 ἔτη
1827 4242 2163 4313 ὀγδοήκοντα
2203 4246 2296 4298 καὶ
2342 4245 2514 4311 ὀκτὼ,
2557 4245 2885 4317 βασιλεύσας
2926 4246 2971 4299 δ’
3003 4245 3064 4311 ἐξ
3090 4245 3268 4300 αὐτῶν
3296 4247 3470 4300 είκοσι
3510 4246 3604 4299 καὶ
3631 4248 3780 4300 ἐπτά

1696 4380 1893 4442 Variae
1936 4380 2248 4447 lectiones
2293 4393 2350 4447 et
2383 4392 2570 4447 [10183.

503 4544 667 4600 docet
682 4554 801 4611 prae
831 4536 1047 4611 caeteris
1077 4536 1177 4611 Dio
1202 4536 1256 4611 in
1282 4536 1571 4611 Exegi-ptis
1593 4535 1922 4611 Vgalesianis,
1951 4530 2061 4595 seri

2263 4541 2376 4611 (5'5)
2420 4539 2759 4611 'Iovotiror
2807 4539 2903 4593 mi
2956 4539 3413 4595 'Iovottrlardr.
3468 4538 3605 4598 Vide
3646 4541 3776 4597 A'e.

505 4618 645 4671 hens
675 4607 964 4664 Lucullum
1000 4608 1135 4676 πρὸς
1169 4610 1272 4677 τὴν
1315 4607 1412 4678 τοῦ
1467 4608 1731 4678 Τυχαίου,
1791 4608 1820 4661 ὃ
1871 4611 1936 4663 ἐκ
1982 4611 2065 4663 τοί

2188 4607 2455 4667 manuum
2490 4610 2558 4665 ad
2594 4611 2849 4678 Procopii
2885 4611 3177 4665 Historiam
3202 4626 3462 4664 arcanam
3484 4625 3535 4663 c.
3570 4612 3626 4664 6.

505 4680 783 4753 Ἰϐηρικοῦ
856 4678 1100 4758 πολέμου
1143 4676 1523 4758 κατεσκεύασε
1552 4676 1940 4758 καθιέρωσιν,
1966 4691 2065 4758 sta-

2183 4681 2376 4758 __(54_)
2430 4676 2787 4758 ΤεθνηκώςῘ
2813 4681 3142 4758 Anastasius
3170 4679 3324 4758 βίω.
3379 4680 3435 4734 in
3479 4678 3783 4737 Hormisda

510 4745 639 4809 tuas
663 4745 1011 4820 commodata
1035 4748 1313 4820 accepisse
1335 4762 1364 4800 a
1391 4745 2080 4820 Mummi_o,_nec7reddere
2183 4745 2289 4807 PP.
2326 4745 2527 4805 Eodem
2557 4745 2789 4818 tempore
2825 4759 2957 4803 nutu
3008 4750 3310 4804 Divinitatis
3369 4765 3647 4820 percussus
3699 4763 3781 4806 cst

508 4837 603 4880 eas
637 4817 987 4897 postmodum
1023 4816 1287 4897 voluisse,
1320 4826 1382 4897 ut
1425 4831 1548 4897 qua:
1592 4816 1946 4874 dedicatione
1993 4834 2081 4873 sa-
2186 4822 2408 4892 fulmina
2458 4821 2634 4897 dicina
2664 4816 2988 4897 LAnastasjus
3009 4823 3321 4897 imperator,
3344 4816 3393 4897 et
3417 4821 3578 4897 obiit._
3600 4819 3778 4875 Codi-

510 4907 621 4948 cra:
640 4886 836 4943 essent
858 4888 1035 4960 facta;
1064 4886 1168 4960 ζ]υῆ
1205 4886 1429 4960 Strabo,
1456 4887 1553 4960 lib.
1587 4902 1708 4960 vnn,
1752 4903 1875 4960 rem,
1925 4904 2082 4960 eam-
2185 4886 2312 4952 nus.
2352 4905 2408 4960 p.
2469 4888 2839 4960 60,Afulmine
2898 4886 3094 4945 ictum’
3132 4889 3491 4945 Anastasium
3564 4889 3620 4945 in
3660 4892 3779 4946 Μαι

512 4964 639 5018 dem
673 4971 925 5020 narrans,
952 4958 1054 5023 τῆς
1072 4955 1343 5024 natuita;
1376 4958 1543 5024 ἱερὸν,
1573 4965 1629 5010 et
1649 4957 1846 5012 Cicero
1867 4959 1923 5012 in
1948 4959 2083 5015 Ver-

512 5048 629 5087 rem
662 5028 732 5083 de
765 5028 984 5098 signisL
999 5026 1164 5080 cedem
1196 5024 1526 5098 Felicitatis,
1556 5036 1737 5098 vocat.
1774 5028 1852 5098 Ex
1880 5030 2088 5098 quibus

513 5099 745 5158 omnino
764 5105 916 5167 patet
945 5097 1181 5165 Τυχαῐον
1214 5110 1328 5149 non
1351 5094 1523 5150 fuisse
1550 5096 1717 5151 (edem
1758 5094 1934 5160 Genii,
1990 5100 2089 5153 sed

513 5165 1071 5243 prosperigFortunw,
1102 5180 1265 5243 quam
1309 5168 1520 5243 ἀγαθὴν
1546 5167 1731 5243 ύχην
1770 5178 1929 5221 vocat
1949 5169 2092 5223 Pauv

516 5234 724 5297 sani-as.
752 5238 1023 5292 Caeterum
1060 5236 1188 5288 ναοῦ
1210 5238 1306 5302 τῆς
1342 5237 1523 5305 Τύχης
1554 5234 1837 5301 Cic-sarem,
1895 5246 2091 5293 memi—

518 5313 600 5366 nit
625 5309 994 5378 Theophanes
1028 5321 1121 5359 an.
1166 5307 1189 5358 1
1224 5305 1483 5379 ,ιιιιὶιιηιμεΔ
1508 5306 1835 5362 utEudocia
1900 5308 2092 5379 Augu-

517 5392 602 5437 sta
636 5382 691 5433 in
722 5376 892 5433 Ioniis
916 5392 1064 5448 mss.
1084 5379 1183 5448 τῆς
1208 5377 1386 5448 Τύρου
1412 5376 1616 5448 Ίξύχης,
1655 5393 1820 5443 quam
1869 5376 2089 5448 ιιορῲυ.

522 5449 1003 5524 piavappcilatam
1044 5446 1227 5524 fuisse
1259 5445 1335 5499 ait
1360 5447 1416 5499 in
1440 5447 1728 5516 Porphyrii
1768 5445 2092 5524 philosophi

520 5515 889 5589 Llogiin'llzec
920 5531 1086 5589 porro
1120 5515 1308 5589 fusius
1328 5530 1522 5569 sumus
1579 5515 1878 5589 prosecuti,
1929 5515 2095 5573 ut_ex

522 5585 907 5657 Descriptione
938 5585 1248 5657 Libaniana
1279 5586 1613 5639 doceremur
1640 5601 1739 5641 cur
1778 5588 1831 5641 in
1862 5590 1981 5642 aede
2007 5604 2096 5645 sco

522 5674 685 5715 natus
715 5656 818 5710 una
846 5671 969 5708 cum
996 5656 1254 5710 Fortunae
1274 5656 1430 5709 urbis
1452 5665 1631 5711 statua
1650 5662 1963 5729 complures
1976 5659 2095 5714 aliae

524 5738 633 5781 Sict
672 5729 777 5781 rint
803 5734 1015 5780 statuae.

2182 4957 2402 5032 gnam};
2430 4957 2853 5032 palatioscribit
2870 4959 2965 5032 qui
2983 4973 3108 5032 cum
3125 4960 3507 5023 exclamasset,
3537 4962 3603 5013 ’Ὤ
3623 4964 3779 5032 pain

2188 5028 2294 5086 ὖπὸ
2325 5028 2501 5100 αὔρας
2528 5028 3016 5100 ἀπόλλυμαι,νιιὶι]ο
3044 5028 3355 5100 Magnam-te
3405 5045 3606 5086 nomen
3625 5028 3778 5088 illud

2188 5046 2294 5086 οπο
2325 5046 2501 5100 αυρας
2528 5046 2735 5082 ἀπολλυ
2824 5047 2864 5092 ι,
2884 5046 3016 5084 nine
3044 5046 3355 5099 magnaurte
3405 5046 3606 5086 nomen
3634 5046 3777 5088 uiua

2188 5100 2517 5157 obtinuisse.
2543 5098 2657 5154 Nec
2711 5046 2928 5153 aﬁudit
2954 5098 3353 5167 Luitprandus,
3384 5100 3422 5154 l.
3452 5116 3528 5166 vr,
3558 5116 3684 5169 cap.
3715 5102 3777 5163 2,

2189 5170 2371 5242 quoad
2405 5169 2907 5242 nomenclaturam,
2960 5170 3217 5242 scribens
3269 5171 3360 5242 sic_
3400 5169 3607 5242 dictum
3632 5173 3778 5226 illud

2191 5239 2481 5312 palatium,
2518 5241 2676 5309 quasi
2722 5255 2918 5312 magna
2949 5239 3100 5312 aula,
3144 5239 3328 5312 ploco
3348 5239 3769 5312 iposimglitte-

2193 5309 2273 5366 ra.
2304 5311 2411 5366 Sed
2468 5326 2578 5364 non
2622 5312 2849 5363 omnino
2883 5309 3244 5377 improbanda
3307 5310 3525 5364 videtur
3573 5309 3779 5365 Codini

2194 5382 2496 5442 sententia.
2528 5381 2802 5449 siquidem
2836 5394 2963 5434 cum
3004 5378 3060 5433 in
3088 5378 3361 5448 superiori
3399 5390 3458 5433 et
3480 5380 3779 5435 excelsiori

2193 5453 2349 5506 urbis
2374 5461 2530 5520 parte
2559 5450 2892 5503 mditicatum
2920 5459 3088 5511 esset,
3124 5452 3308 5503 ventis
3330 5451 3656 5519 canet-isque
3680 5466 3780 5505 ae-

2196 5524 2275 5575 ris
2314 5522 2540 5590 injuriis
2571 5520 2885 5590 expositum
2915 5527 3036 5590 erat
3066 5538 3079 5572 :
3113 5522 3263 5588 quod
3287 5521 3343 5573 in
3376 5521 3582 5590 primis
3602 5530 3779 5575 testa—

2196 5602 2286 5646 tur
2326 5589 2472 5644 idem
2506 5589 2894 5657 Luitprandus
2934 5589 2990 5642 in
3025 5590 3360 5659 Legatione:
3397 5605 3524 5643 nam
3574 5589 3651 5644 ibi
3710 5592 3784 5645 do

2196 5662 2302 5715 hoc
2331 5660 2535 5729 palatio
2567 5660 2727 5729 loqui
2748 5667 2986 5722 constat,
3022 5659 3314 5713 licetillud
3348 5675 3455 5714 non
3498 5660 3775 5729 nominet,

2195 5728 2405 5785 culn’in
2440 5744 2509 5785 eo
2552 5728 2734 5798 excipi
2789 5731 3035 5785 solerent
3094 5729 3281 5801 Legati
3317 5745 3330 5785 :
3368 5729 3546 5784 Pridie
3591 5728 3784 5783 Nonas
