4026 6416
418 429 552 489 f23'l
1637 427 2035 488 :lNNALlUM
2069 428 2215 488 LIB.
2256 431 2407 495 XIV.
3540 437 3674 501 123i

414 540 526 592 ἄνω
562 536 664 600 τὰς
700 536 930 600 ἀκτίνας
977 537 1186 606 ἀφιεὶς,
1241 538 1300 599 ὃς
1357 539 1442 606 ἐφ’
1501 539 1717 608 ἡμέρας
1775 538 1988 605 φαίνων

2109 543 2360 610 exposui,
2419 553 2528 598 tam
2563 544 2909 617 imperatoris
2959 563 3124 618 quam
3157 548 3346 604 uxoris
3381 548 3501 619 ejus
3521 549 3673 612 odio.

415 630 707 700 διήρκεσεν
739 630 970 684 είκοσιν.
1009 630 1209 684 Ἔθετο
1239 629 1297 683 δὲ
1327 630 1421 684 καὶ
1461 631 1596 696 πρὸς
1621 632 1748 693 τοὺς
1777 630 1991 700 Πέρσας

2098 633 2282 700 populi
2311 634 2453 690 inter
2482 651 2602 692 sese
2629 649 3046 702 consenserunt,
3088 637 3460 697 tam.Venetai
3493 653 3661 711 quam

419 719 672 788 σπονδάς.
702 721 811 774 Καὶ
836 723 904 776 τὰ
942 723 1041 792 μὲν
1065 723 1207 776 κατά
1233 724 1334 792 τὴν
1367 722 1566 794 Ἐᾠαν,
1600 727 1663 776 ἐκ
1698 723 1808 777 τῶν
1839 725 1995 776 πολε-

2103 729 2342 786 Prasinae
2374 730 2651 797 factionis,
2684 749 2998 803 quanquam
3030 733 3165 788 alias
3201 733 3472 789 dissidere
3497 733 3669 795 soliti,

416 811 560 880 μίων
593 811 902 882 εἰρήνευον,
945 813 1048 884 τὴν
1089 815 1146 868 δὲ
1175 815 1332 868 πόλιν
1379 816 1710 887 κατέτρεχον
1739 815 1994 886 ἐμφύλιοι

2102 821 2540 894 seditionemque
2593 835 2906 880 moverunt.
2953 824 3033 879 Ad
3080 839 3245 894 quam
3302 823 3675 894 comprimen-

418 904 670 974 πόλεμοι,
705 906 801 961 καὶ
831 906 891 960 τὸ
919 906 1116 970 κάλλος
1148 908 1320 976 αὐτῆς
1345 908 1444 962 καὶ
1473 907 1572 978 τὴν
1601 909 1860 978 ἀγλαΐαν,
1894 911 1994 977 ὅση

2102 914 2228 968 dam
2278 923 2434 984 parte
2486 917 2860 972 Barbarorum
2909 917 2978 971 ab
3026 917 3364 986 imperatore
3407 916 3671 981 immissa,

415 995 838 1068 περιελέλειπτο
875 997 983 1052 ἀπὸ
1022 997 1117 1052 τοῦ
1164 1000 1222 1052 ὲν
1261 1001 1328 1068 τῇ
1382 997 1638 1068 βασιλείᾳ
1687 999 1784 1053 τοῦ
1827 999 1996 1052 Λέον-

2102 1005 2195 1072 qui
2229 1004 2421 1061 Heluri
2466 1008 2846 1073 nominantur,
2882 1023 2944 1062 ea
2995 1007 3167 1078 magis
3206 1008 3373 1064 etiam
3401 1015 3674 1061 commota

413 1105 507 1152 τος
557 1089 848 1156 γεγονότος
896 1090 1278 1162 ἐμπρησμοῦ,
1336 1091 1732 1161 διεφθάρκασι.
1786 1091 1996 1154 Μίσους

2102 1104 2209 1150 est.
2259 1097 2447 1168 Pugna
2479 1100 2684 1153 etenim
2733 1098 2880 1153 inter
2914 1100 3062 1154 cives
3105 1109 3162 1154 et
3212 1098 3481 1154 Barbaros
3530 1112 3677 1152 com-

413 1180 528 1250 γάρ
563 1179 843 1250 ὲμφύντος
871 1184 988 1246 τοῖς
1026 1181 1222 1252 δήμοις
1269 1184 1414 1238 κατὰ
1451 1183 1544 1236 τοῦ
1589 1184 1995 1254 αὐτοκράτορος

2109 1188 2298 1248 missa.
2330 1189 2384 1242 in
2413 1189 2535 1243 loco
2560 1191 2650 1258 qui
2684 1191 2890 1245 Milium
2919 1191 3146 1256 dicitur,
3182 1199 3239 1246 et
3274 1189 3464 1244 multis
3495 1190 3675 1242 utrin-

413 1275 513 1327 καὶ
564 1275 666 1344 τῆς
712 1274 1055 1346 βασιλίσσης,
1100 1275 1170 1330 δι⁹
1217 1274 1358 1348 ἀπερ
1391 1277 1632 1347 εἴρηται,
1673 1277 1995 1348 ὡμονόησαν

2101 1293 2210 1348 que
2242 1279 2614 1334 cadentibus:
2665 1280 3026 1335 ecclesiastici
3077 1279 3286 1334 bellum
3349 1288 3406 1333 et
3450 1277 3677 1333 seditio-

412 1367 581 1434 ἄμφω
612 1366 680 1420 τὰ
712 1369 874 1438 μέρη,
905 1368 1026 1421 τότε
1051 1368 1276 1421 Βένετον
1306 1369 1400 1423 καὶ
1439 1368 1498 1421 τὸ
1535 1368 1828 1438 Πράσινον,
1874 1369 1997 1421 καί-

2102 1388 2226 1425 nem
2277 1372 2472 1426 sedare
2510 1372 2800 1440 cupientes
2823 1413 2838 1437 ,
2872 1387 2995 1424 cum
3027 1369 3417 1425 sacratissimis
3467 1368 3679 1422 divino.

412 1477 494 1511 τοι
528 1459 615 1510 ἀεὶ
647 1459 903 1530 ἀλλήλοις
933 1459 1352 1530 ἐναντιούμενα,
1390 1461 1486 1513 καὶ
1513 1461 1760 1524 στάσεως
1792 1460 1995 1531 ἧρξαν-

2103 1478 2223 1516 rum
2256 1462 2676 1532 Evangeliorum
2712 1462 3023 1526 codicibus,
3055 1468 3109 1515 et
3159 1459 3472 1515 Servatoris
3502 1461 3671 1514 nostri

411 1567 472 1602 το
510 1552 570 1603 Ὀ
601 1551 658 1604 δέ
686 1569 749 1620 γε
781 1552 1002 1621 κρατῶν
1032 1552 1229 1623 μοιράν
1259 1569 1380 1606 τινα
1410 1553 1716 1625 Βαρϐάρων
1753 1554 1861 1606 τῶν
1896 1570 1998 1607 κα-

2102 1553 2431 1607 vener-andis
2472 1553 2839 1623 imaginibus,
2897 1553 2951 1606 in
2989 1552 3233 1606 medium
3293 1566 3489 1621 agmen
3543 1566 3678 1620 prae-

418 1641 702 1711 λουμένων
752 1642 1056 1714 Αῑλούρων,
1115 1644 1302 1708 αὐτοῖς
1356 1645 1854 1715 ὲπαφεὶς,’στῆναι
1897 1645 1998 1715 τὴν

2103 1642 2356 1697 liantium
2396 1655 2785 1713 penetrarunt,
2835 1645 2963 1706 rati,
2992 1659 3088 1698 cos
3118 1643 3453 1698 verecundia
3491 1658 3678 1698 sacra-

415 1737 607 1786 στάσιν
641 1733 816 1796 οὕτως
855 1731 1299 1805 ἐπικεχείρηκεν.
1342 1735 1408 1788 Ἥ
1439 1735 1483 1789 δ’
1510 1735 1722 1805 ἀνῆπτο
1767 1736 1993 1805 μᾶλλον*

2105 1751 2224 1788 rum
2259 1736 2366 1805 62
2399 1751 2604 1800 rerum,
2639 1737 2838 1806 positis
2871 1737 3038 1791 armis
3073 1751 3311 1806 pugnam
3351 1737 3673 1790 omissuros.

417 1826 600 1895 μάχης
637 1825 746 1894 γὰρ
783 1826 1160 1898 συῤῥαγείσης
1187 1827 1354 1896 μέσον
1387 1826 1494 1880 τῶν
1524 1827 1715 1898 δήμων
1755 1829 1850 1880 καὶ
1887 1830 1996 1881 τῶν

2104 1828 2208 1882 Sed
2256 1827 2503 1893 Barbari,
2540 1829 2651 1884 illis
2685 1830 2846 1900 plane
2887 1829 3181 1899 despectis,
3213 1828 3473 1898 populum
3508 1827 3678 1881 truci-

413 1917 718 1988 Βαρϐάρων
768 1917 911 1971 κατά
976 1917 1038 1971 τὸ
1100 1916 1402 1989 λεγόμενον
1459 1919 1654 1974 Μίλιον
1708 1920 1845 1991 (89),
1905 1923 1997 1975 καὶ

2101 1919 2338 1987 dabant,
2392 1935 2572 1990 neque
2616 1920 2810 1983 sacris,
2846 1935 3026 1990 neque
3065 1919 3267 1994 baiulis
3305 1933 3500 1973 eorum
3549 1934 3676 1988 pan-

419 2011 734 2064 πιπτόντων
766 2010 981 2065 πολλῶν
1016 2012 1364 2083 ἑκατέρωθεν
1390 2053 1406 2079 ,
1442 2014 1494 2066 οί
1525 2015 1626 2084 τῆς
1671 2014 1998 2084 Ἐκκλησίας

2104 2022 2314 2066 “entes.
2367 2011 2424 2066 ld
2472 2012 2698 2066 urbana:
2744 2011 3085 2067 multitudini
3141 2011 3292 2066 velut
3333 2011 3677 2065 incentivum

417 2102 777 2156 καταπαῦσαι
816 2102 918 2174 τὴν
974 2105 1165 2158 στάσιν
1213 2105 1304 2159 καὶ
1341 2107 1434 2159 τὸν
1467 2106 1702 2178 πόλεμον
1749 2107 2004 2161 σπεύδον-

2114 2101 2400 2156 seditionis
2449 2101 2580 2168 fuit,
2631 2114 2691 2157 ut
2741 2112 3001 2172 tanquam
3045 2101 3292 2156 numinis
3330 2101 3498 2156 ulturi
3537 2102 3679 2170 inju-

415 2210 534 2258 τες,
567 2192 665 2255 τὰς
714 2196 985 2262 παναγεῖς
1014 2195 1124 2247 τῶν
1165 2194 1328 2248 θείων
1373 2196 1732 2266 Εὐαγγελίων
1781 2198 2000 2269 βίϐλους

2103 2193 2238 2245 riam
2285 2193 2479 2264 majori
2537 2193 2922 2264 desperatione
2958 2192 3469 2248 inﬂammarentur:
3503 2207 3680 2261 neque

417 2286 709 2353 ἀράμενοι,
756 2285 852 2337 καὶ
882 2283 977 2338 τοῦ
1013 2286 1267 2357 Σωτῆρος
1306 2287 1467 2358 ἡμῶν
1519 2289 1799 2360 σεϐάσμια
1843 2292 2001 2343 ἐκτυ-

2101 2285 2205 2339 viri
2239 2285 2440 2350 solum,
2467 2285 2562 2340 sed
2604 2287 2866 2342 mulieres
2897 2287 3061 2342 etiam
3089 2300 3120 2340 e
3147 2283 3444 2340 cenaculis
3474 2299 3681 2353 pugna-

420 2372 682 2440 πώματα.
723 2375 803 2437 είς
856 2375 1057 2444 μέσους
1105 2377 1233 2438 τοὺς
1283 2377 1632 2446 μαχομένους
1678 2379 1998 2448 συνὼθησαν

2102 2380 2252 2437 rent,
2295 2372 2507 2443 lapides
2535 2384 2591 2429 et
2613 2384 2806 2439 testas,
2844 2381 2900 2429 et
2929 2372 3197 2442 quidquid
3233 2373 3456 2432 obvium
3476 2380 3597 2426 erat
3626 2371 3682 2426 in

416 2465 662 2528 ἑαυτοὺς,
711 2464 960 2535 οίόμενοι
1027 2465 1378 2530 αἰδεσθέντας
1423 2469 1669 2531 ἐκείνους
1727 2468 1798 2522 τά
1847 2471 1993 2537 am.

2109 2461 2456 2518 barbaricam
2518 2463 2667 2519 illam
2705 2463 3114 2519 multitudinem
3162 2477 3402 2533 superne
3433 2464 3683 2533 jaculan-

357 2557 370 2566 ”
421 2556 868 2610 καταθέσθαιτά
912 2557 1077 2622 ὅπλα,
1141 2559 1236 2611 καὶ
1293 2559 1636 2630 ἀποσχέσθαι
1679 2559 1777 2614 τοῦ
1828 2561 1947 2630 μάχε

2101 2561 2203 2608 tes.
2253 2555 2325 2608 At
2381 2554 2485 2620 illi,
2531 2554 2720 2610 furore
2772 2555 3010 2626 perciti,
3063 2556 3344 2626 ulturiquc
3397 2557 3678 2621 mulieres,

419 2647 726 2701 σθαιοάλλ⁹
766 2650 815 2702 οἱ
865 2649 1156 2720 Βάρϐαροι
1215 2651 1324 2703 τῶν
1380 2652 1554 2720 ἁγίων
1610 2655 2000 2723 φροντίσαντες

2102 2646 2283 2714 ignem
2332 2645 2586 2717 injiciunt
2626 2645 2842 2702 aedibus
2882 2646 3032 2702 unde
3089 2646 3477 2702 feriebantur:
3523 2646 3681 2716 cujus

420 2740 533 2792 οὐδ’
573 2739 907 2806 ὁπωστιοῦν,
959 2741 1087 2803 τούς
1143 2758 1203 2794 τε
1243 2741 1450 2812 δήμους
1500 2743 1855 2806 συνέκοπτον,
1905 2745 2000 2798 καὶ

2102 2737 2316 2792 ﬂamma
2374 2737 2683 2794 vehementi
2739 2747 2854 2792 tum
2894 2740 3138 2808 spirante
3185 2746 3390 2800 vento,
3444 2751 3573 2791 mox
3623 2736 3677 2790 in

419 2830 544 2883 οὐδὲ
585 2830 693 2882 τῶν
735 2831 924 2900 ἱερῶν,
955 2831 986 2900 ἢ
1019 2831 1130 2884 τῶν
1163 2831 1338 2886 ταῦτα
1363 2833 1666 2901 φερόντων,
1703 2835 1998 2904 ἐφείδοντο.

2103 2830 2338 2884 sublime
2380 2830 2525 2885 elata
2557 2831 2726 2885 multa
2757 2831 2996 2885 maxima
3037 2830 3517 2900 pulcherrimaque
3549 2829 3681 2883 tedi-

419 2921 594 2973 Ί“οὖτο
628 2923 740 2983 τοῖς
774 2922 872 2990 τῆς
902 2922 1113 2985 πόλεως
1148 2922 1230 2984 είς
1270 2923 1565 2992 ἐρεθισμὸν
1609 2923 1710 2992 τῆς
1760 2925 2004 2989 στάσεως

2105 2918 2224 2973 licia
2270 2920 2324 2974 in
2375 2919 2594 2975 cineres
2635 2921 2877 2991 redegit,
2936 2930 2993 2975 et
3031 2920 3324 2975 simulacra
3377 2918 3683 2974 combussit

423 3015 620 3083 γέγονε
649 3053 664 3077 ,
699 3015 792 3067 καὶ
825 3013 1018 3083 ὥσπερ
1050 3015 1200 3085 αύτῷ
1233 3015 1313 3086 τῷ
1341 3015 1472 3086 θείῳ
1504 3017 2003 3088 ἐμπαροινουμένῳ

2103 3017 2352 3064 veterum
2389 3009 2653 3074 virorum,
2695 3009 2765 3063 ob
2806 3009 3131 3080 sapientiam
3174 3020 3230 3065 et
3276 3011 3680 3077 fortitudinem,

420 3107 746 3174 ἀμύνοντες,
801 3105 883 3167 είς
935 3105 1199 3159 ἀπόνοιαν
1248 3102 1565 3176 ὲξὴφ(ῗησαν
1610 3105 1855 3169 πλείονα,
1911 3108 2003 3159 καὶ

2106 3110 2161 3152 et
2193 3114 2282 3152 res
2323 3114 2485 3153 manu
2528 3099 2868 3169 consilioque
2914 3100 3054 3154 bene
3101 3111 3285 3170 gestas
3323 3101 3618 3156 illustrium
3665 3121 3677 3155 :

419 3153 522 3249 ούκ
549 3153 746 3266 ἄνδρες
781 3153 962 3266 μόνον,
989 3195 1124 3250 ἀλλά
1169 3196 1262 3248 καὶ
1284 3153 1548 3264 γύναῖικες
1582 3197 1646 3248 ὲκ
1677 3196 1786 3250 τῶν
1823 3153 1998 3267 ύπερ-

2109 3207 2174 3247 ac
2204 3203 2403 3262 prater
2435 3205 2652 3256 uetera,
2701 3193 2913 3264 insigne
2953 3201 3007 3248 et
3051 3196 3246 3265 ingens
3278 3196 3564 3264 templum,
3613 3194 3683 3248 ab

419 3288 544 3358 ῴων
590 3289 880 3358 ἐμάχοντο,
910 3288 1083 3352 λίθοις
1138 3290 1235 3342 καὶ
1287 3291 1556 3360 κεράμοις
1598 3291 1692 3344 καὶ
1731 3291 1893 3343 παντὶ
1923 3290 2002 3360 τῷ

2111 3285 2440 3353 imperatore
2471 3283 2791 3339 Constantio
2825 3293 3116 3348 structum,
3162 3296 3216 3340 et
3248 3286 3460 3342 Sancta:
3514 3287 3685 3340 lrena:

425 3380 791 3451 προστυχόντι
823 3380 1113 3450 βάλλοντες
1143 3381 1352 3436 ἄνωθεν
1383 3383 1482 3452 τὴν
1528 3381 1817 3452 Βάρϐαρον
1857 3382 2002 3435 ἐκεί-

2109 3374 2313 3440 αξύεῐη,
2364 3389 2430 3428 ac
2479 3373 2678 3428 Eubuli
2733 3374 3058 3444 hospitalem
3099 3375 3357 3438 domum,
3398 3386 3455 3430 et
3497 3376 3683 3444 palatii

421 3489 520 3544 νην
549 3473 782 3543 πληθύν.
821 3475 881 3527 ΟΞ
912 3473 970 3528 δὲ
1008 3475 1180 3546 μανίᾳ
1227 3473 1525 3542 ληφθέντες
1563 3475 1658 3527 καὶ
1690 3473 2002 3544 ἀμύνασθαι

2109 3462 2529 3534 Chalcostegum
2556 3503 2572 3529 ,
2626 3479 2747 3533 quae
2796 3480 2943 3519 nunc
2981 3464 3180 3520 Chalce
3247 3465 3552 3535 appellatur
3594 3465 3683 3535 (ab

420 3567 489 3620 τὰ
516 3567 712 3634 γύναια
744 3566 989 3628 θέλοντες
1058 3566 1168 3637 πῦρ
1198 3567 1373 3620 ὲνιᾶσι
1398 3569 1507 3630 τοῖς
1543 3567 1715 3630 οἴκοις
1741 3567 1799 3632 ἐξ
1817 3560 2002 3638 ὧνπερ

2109 3571 2252 3610 aereo
2293 3564 2440 3611 tecto
2471 3570 2671 3611 nomen
2713 3555 2764 3609 id
2806 3555 3009 3612 factum
3043 3559 3146 3626 est)
3172 3567 3225 3611 et
3252 3559 3491 3612 carceris
3520 3573 3679 3612 usum

423 3659 735 3712 ἐϐάλλοντο.
790 3657 1109 3729 Ηνεύματος
1154 3657 1211 3710 δὲ
1267 3658 1806 3727 σφοδροῦπνέοντος
1853 3675 2004 3729 τηνι-

2113 3647 2358 3716 prmbet,
2407 3656 2464 3702 et
2507 3646 2694 3701 Severi
2731 3647 2974 3709 balneas,
3014 3664 3136 3717 quae
3172 3647 3435 3719 Zeuxippi
3484 3663 3683 3703 nomen

422 3751 623 3813 καῦτα,
686 3753 719 3822 ἡ
775 3751 909 3820 φλὸξ
953 3748 1090 3822 ἦρτο
1138 3751 1349 3820 ταχέως
1390 3753 1595 3822 ἀέριος,
1655 3755 1748 3804 καὶ
1803 3751 2004 3813 πολλάς

2113 3738 2339 3802 habent,
2391 3737 2607 3808 aliaque
2665 3737 2835 3793 multa
2886 3755 3008 3808 quae
3065 3739 3188 3794 urbi
3237 3749 3401 3809 atque
3453 3740 3687 3808 imperio

427 3846 703 3915 μεγίστας
729 3861 787 3896 τε
826 3846 922 3898 καὶ
953 3843 1250 3906 καλλίστας
1281 3843 1577 3911 οἰκοδομὰς
1612 3843 2000 3914 κατῃθάλωσε,

2111 3835 2433 3881 ornamenta
2501 3837 2560 3882 et
2628 3829 3047 3882 admirationem
3127 3829 3455 3883 attulerunt.
3531 3828 3689 3885 Tunc

425 3937 522 3989 καὶ
551 3936 852 4006 ἀγάλματα
904 3935 1242 4003 κατέφλεξεν
1278 3935 1528 4004 ἀρχαίων
1561 3935 1772 4004 ἀνδρῶν
1803 3935 2006 4005 ἐπισή-

2112 3919 2277 3989 igitur
2317 3921 2616 3988 imperator
2665 3920 2812 3974 aliud
2878 3919 3170 3974 consilium
3225 3922 3392 3991 coepit
3452 3921 3691 3990 compri-

436 4046 553 4094 μων
585 4030 681 4080 ἐπὶ
713 4027 878 4096 σοφίᾳ
914 4025 1010 4079 καὶ
1043 4025 1130 4078 ἐπ’
1162 4025 1406 4096 ἀνδρείᾳ,
1458 4023 1554 4077 καὶ
1593 4028 1704 4087 τοῖς
1747 4024 1836 4077 διὰ
1887 4041 2007 4095 χει-

2112 4012 2325 4066 mendae
2372 4010 2684 4077 seditionis,
2755 4021 2811 4067 et
2869 4013 2925 4067 in
2980 4013 3256 4067 theatrum
3317 4028 3687 4084 progressus,

431 4121 542 4191 ρῶν
572 4120 668 4174 καὶ
701 4119 941 4173 συνετῶν
970 4118 1363 4188 βουλευμάτων
1389 4118 1886 4188 ἀνδραγαθήμασι·
1911 4118 2006 4171 καὶ

2112 4101 2282 4156 verba
2315 4100 2496 4156 facere
2525 4101 2592 4156 ad
2627 4103 2892 4173 populum
2915 4103 3178 4169 instituit,
3211 4119 3390 4173 eoque
3427 4103 3687 4174 p0pulum

427 4212 521 4264 ἐπὶ
545 4213 716 4264 πᾶσιν
743 4211 876 4264 αὐτὸ
907 4210 967 4263 τὺ
998 4210 1144 4262 θεῖον
1175 4209 1401 4279 τέμενος
1435 4208 1529 4262 τοῦ
1567 4209 1808 4278 μεγάλου
1850 4208 2004 4276 ναοῦ,

2114 4207 2214 4261 per
2266 4190 2491 4246 nuntios
2521 4194 2866 4246 convocavit.
2913 4193 2964 4246 ls
2991 4207 3123 4247 vero
3158 4191 3296 4246 adeo
3336 4209 3445 4246 non
3479 4192 3693 4246 obtem-

427 4305 488 4357 ὃν
521 4306 548 4357 ὁ
581 4303 837 4373 βασιλεὺς
874 4303 1257 4365 Κωνστάντιος
1284 4301 1396 4371 (90)
1434 4302 1765 4371 ἐδομήσατο,
1819 4303 1912 4355 καὶ⁸
1947 4302 2008 4354 ea

2117 4293 2368 4363 peravit,
2419 4300 2480 4345 ut
2513 4292 2607 4346 alii
2660 4293 2796 4347 alios
2843 4303 3167 4357 monerent,
3219 4291 3524 4347 cavendum
3569 4306 3691 4346 esse

431 4397 530 4461 τῆς
571 4396 761 4464 Ἀγίας
795 4395 1058 4466 Είρήνης,
1096 4395 1310 4448 καὶτὸν
1338 4395 1432 4447 τοῦ
1465 4394 1739 4447 Εὐϐούλου
1777 4394 2003 4459 ξενῶνα,

2115 4394 2369 4456 equestre
2419 4384 2727 4450 theatrum,
2767 4401 2833 4440 ne
2867 4385 2919 4438 in
2960 4401 3028 4440 eo
3061 4394 3317 4455 tanquam
3351 4400 3572 4440 carcere
3602 4386 3688 4439 in-

429 4487 526 4540 καὶ
560 4485 660 4556 τὴν
699 4485 791 4539 τοῦ
826 4485 1087 4538 παλατίου
1121 4483 1520 4551 Χαλκόστεγον,
1552 4485 1680 4554 ἥτις
1738 4481 1807 4555 ἦν
1841 4486 1873 4554 ὴ
1909 4485 2006 4537 νῦν

2119 4477 2280 4540 clusi,
2308 4492 2500 4531 eorum
2535 4477 2628 4546 qui
2666 4494 2846 4532 rerum
2881 4479 3194 4548 potirentur
3226 4477 3564 4533 iracundiam
3591 4493 3691 4533 suo

435 4580 747 4649 καλουμένη
789 4579 1005 4650 Χαλκῆ,
1053 4579 1148 4632 καὶ
1197 4581 1273 4642 είς
1306 4577 1532 4648 εἱρκτὴν
1563 4579 2007 4649 χρηματίζουσα,

2116 4570 2342 4622 interitu
2373 4569 2674 4637 explerent.
2712 4569 2916 4623 Deinde
2978 4569 3032 4623 in
3063 4568 3185 4625 foro
3215 4570 3589 4624 discursantes
3620 4569 3689 4622 de

432 4671 528 4725 καὶ
573 4671 637 4724 τὸ
668 4669 914 4742 Σευήρου
959 4670 1186 4739 λουτρὸν
1234 4669 1296 4722 τό
1339 4670 1641 4739 λεγόμενον
1679 4670 2008 4736 Ζεύξιππον,

2115 4661 2224 4714 alio
2248 4661 2576 4729 imperatore
2598 4660 2838 4715 creando
2867 4661 3270 4725 deliberarunt,
3313 4669 3372 4714 et
3400 4661 3689 4731 quemdam

436 4763 533 4814 καὶ
560 4762 698 4817 ἄλλα
727 4763 901 4816 πολλὰ
935 4764 1143 4830 κόσμον
1175 4761 1266 4816 καὶ
1298 4761 1483 4830 θαῦμα
1517 4765 1582 4834 τῇ
1627 4763 1780 4817 πόλει
1813 4766 1911 4818 καὶ
1943 4768 2010 4836 τῇ

2117 4751 2470 4821 imperatoris
2516 4752 2790 4806 Anastasii
2841 4761 3135 4820 cognatum
3173 4750 3463 4822 Hypatium
3513 4751 3690 4812 nacti,

439 4852 688 4926 βασιλείᾳ
745 4855 1205 4926 περιποιούμενα.
1254 4855 1389 4908 Τότε
1445 4856 1628 4908 τοίνυν
1679 4858 1706 4909 ὁ
1753 4855 2012 4927 βασιλεὺς

2118 4843 2314 4913 partim
2361 4843 2613 4907 invitum,
2644 4844 2841 4914 partim
2876 4844 3041 4899 etiam
3077 4861 3422 4915 persuasum,
3477 4845 3531 4898 in
3576 4841 3689 4896 Ma-

437 4946 640 5014 έτέρως
690 4949 1092 5018 καταστορέσαι
1144 4949 1244 5018 τὴν
1290 4949 1484 5002 στᾶσιν
1525 4949 1837 5019 διανενόητο
1870 4967 1884 4981 ο
1923 4953 2016 5004 καὶ

2118 4937 2209 5004 gni
2256 4934 2603 4990 Constantini
2639 4936 2820 4990 forum
2847 4936 3150 5001 adducunt,
3197 4945 3360 5005 atque
3393 4936 3587 5005 clypeo
3637 4933 3691 4986 in

443 5035 686 5088 ἀνελθὼν
727 5039 809 5100 εἰς
846 5038 908 5091 τὸ
953 5039 1203 5109 θέατρον.
1248 5039 1597 5110 διαλεχθῆναι
1647 5044 1766 5103 τοῖς
1814 5042 2012 5113 δήμοις

2121 5027 2358 5081 sublime
2387 5028 2590 5082 clatum
2621 5029 3009 5096 imperatorem
3043 5029 3410 5110 consalutant,
3448 5035 3504 5081 et
3529 5039 3693 5080 occu-

441 5125 775 5192 ἐϐουλεύετο,
823 5132 917 5183 καὶ
961 5131 1202 5200 πέμψας,
1240 5132 1358 5184 ἐκεῖ
1403 5133 1462 5185 τὸ
1507 5132 1798 5202 δημοτικὸν
1832 5151 1993 5201 μετε-

2119 5128 2248 5188 pato
2302 5119 2566 5175 curriculi
2607 5121 2879 5191 equestris
2919 5121 3156 5185 theatro,
3191 5119 3384 5174 faustis
3421 5116 3696 5171 ominibus

1628 5249 1826 5310 Variae
1857 5250 2168 5318 lectiones
2199 5262 2261 5318 et
2291 5262 2480 5319 nota).

514 5369 626 5449 (fill)
661 5373 824 5449 Κατᾲ
844 5373 911 5427 τὸ
935 5377 1269 5449 λεγόμενον
1297 5376 1536 5449 Maior.
1573 5376 1648 5432 De
1666 5392 1778 5449 tum
1802 5378 2020 5447 egimus

2121 5383 2284 5439 theta:
2311 5382 2367 5437 in
2391 5382 2716 5438 Constantio
2752 5400 2765 5436 :
2794 5382 2954 5434 Ἐπεὶ
2977 5381 3033 5434 δὲ
3059 5381 3154 5434 καὶ
3179 5381 3210 5449 ἡ
3232 5377 3327 5432 τοῦ
3359 5379 3496 5432 Θεοῦ
3519 5382 3695 5447 Μεγά-

442 5443 496 5524 in
537 5439 1024 5524 Co'rtstantinopoii,
1061 5439 1098 5499 ιζ
1132 5462 1168 5508 I,
1198 5457 1337 5500 sect.
1362 5445 1453 5524 35.
1503 5463 1560 5500 η.
1588 5449 1643 5524 2,
1683 5439 1793 5524 Τῆς
1825 5439 2020 5524 Μιλίου

2119 5453 2183 5524 λη
2211 5453 2476 5524 ὲκνλησία
2495 5455 2697 5524 μέχρις
2728 5451 2910 5524 αύτῶν
2928 5449 3038 5524 τῶν
3072 5439 3503 5524 κατήχουμένων
3552 5439 3690 5524 ᾠκο-

445 5513 1009 5594 λεωοόρουῄεηθηιῑηὶι
1037 5527 1305 5594 praetcrea
1359 5515 1716 5594 _§gitroi)ulus
1750 5513 1822 5571 in
1871 5519 2014 5594 ζῆθι.

2117 5513 2377 5594 δίμήθηξ
2407 5525 2436 5575 ὁ
2486 5513 2544 5574 δὲ
2575 5513 2912 5594 ’Ὲύιρράτηςμ
2935 5523 2964 5573 ό
3009 5513 3695 5594 ταύτηνξκατασκευᾶζςον

444 5583 958 5663 concilii__ﬂorenl._
981 5583 1117 5640 sect.
1143 5587 1198 5640 6.
1225 5583 1590 5663 cap.'l_'extr.
1650 5589 1752 5663 viae
1808 5589 2025 5663 scilicet

2121 5583 2478 5663 ἐτελεύτήσεν
2501 5595 2562 5663 έν
2588 5591 2666 5663 τῷ
2696 5583 2826 5661 tau,»
2854 5583 3184 5663 emunctae
3204 5588 3310 5663 νῦν
3323 5592 3695 5663 γηροκομεῖόν

447 5668 614 5733 quam
647 5655 1034 5733 Rlécnvyulgo
1071 5665 1270 5733 vocant
1323 5657 1627 5733 scripiores
1710 5657 2020 5728 Byzantini,

2121 5664 2213 5715 ἐστ
2224 5680 2271 5714 ιν
2304 5655 2379 5714 ἐν’
2401 5661 2481 5733 τῷ
2500 5655 2782 5733 λεγομένῳ
2797 5655 3250 5733 ’Διμακέλλῳξ-τά
3272 5655 3695 5733 Εύφρατὰίδ-ιω-

449 5729 647 5800 magna
667 5724 744 5800 _in
769 5724 1162 5800 eodemopere
1198 5725 1235 5778 l.
1275 5741 1313 5787 ι,
1344 5741 1399 5778 n.
1433 5727 1522 5800 25.
1890 5797 1901 5800 Α

2123 5733 2290 5796 τικῶς
2319 5724 2614 5800 λεγόμενα.
2635 5724 2782 5789 ’νίίιὶι
2831 5724 3110 5787 nostram'
3141 5724 3691 5800 Constantinopolim,

521 5793 780 5868 (90)_'01{'
824 5799 856 5850 ό
889 5793 1194 5868 βασιλεὺς
1258 5796 1697 5868 Κωνστάντιος.
1760 5797 2026 5854 Ριδωίυριο

931 5793 1194 5868 τασὶλεὺς
1258 5796 1697 5868 Κωνστάντιος.
1760 5797 2026 5854 Ριιωίυριο
2121 5804 2162 5858 l.
2195 5793 2521 5868 Itt,vsect.2.

451 5865 604 5932 opt-ri
633 5865 938 5936 Euphrata.
973 5867 1291 5923 Chronicon
1317 5881 1451 5921 mss.
1506 5867 1798 5937 Symeouis
1848 5868 2026 5936 Logo-
