4026 6402
410 415 544 481 1235

1696 416 2018 481 IOANNIS
2042 416 2362 479 ZONAR/E

3517 423 3651 490 123(

402 533 829 600 prosequuntur,
866 541 1166 599 purpuram
1226 535 1537 599 quarentes
1587 535 1647 586 et
1698 540 1960 585 coronam

2096 526 2368 582 στέλλετο.
2400 528 2475 582 Τὸ
2512 529 2557 583 δ’
2592 529 2692 585 οὐκ
2724 530 2973 603 ἠνείχετο
3006 532 3349 603 προσελθεῖν,
3389 532 3525 587 ἀλλὰ
3559 536 3659 589 καὶ

402 613 626 684 Populis
661 613 747 669 his
777 613 945 671 rebus
972 615 1276 686 occupatis,
1300 617 1602 687 imperator
1621 616 1834 687 magnis
1864 616 1975 668 lar-

400 706 697 776 gitionibus
714 705 913 762 multos
925 708 1258 764 Venetorum
1277 709 1333 763 in
1367 723 1495 763 suas
1516 716 1701 779 partes
1720 707 1978 778 pellexit,

400 800 781 868 diretnptaque
798 802 1111 864 concordia,
1128 816 1223 856 eos
1244 802 1387 855 inter
1402 815 1523 859 sese
1536 800 1844 855 concitavit.
1861 798 1980 866 Quo

402 892 565 951 facto.
587 891 920 959 imperatorii
936 892 1196 947 satellites
1208 892 1393 947 subito
1414 908 1445 947 e
1462 892 1609 963 regia
1626 898 1981 962 erumpentes

399 982 623 1048 armati,
651 994 707 1038 et
734 999 801 1039 ex
820 983 955 1039 urbe
974 985 1066 1039 alii
1087 984 1305 1050 milites,
1323 985 1431 1056 63
1457 994 1829 1055 praetereaque
1849 984 1981 1038 Bar-

398 1075 517 1137 bari
546 1076 845 1133 intromissi
882 1076 1291 1132 multitudinem
1319 1093 1440 1147 qua:
1468 1085 1525 1131 et
1555 1077 1669 1145 ipsa
1691 1076 1801 1146 jam
1835 1075 1980 1130 inter

335 1150 343 1158 ’
398 1181 458 1220 se
495 1164 815 1229 dissidebat,
852 1164 1112 1236 graminis
1130 1165 1302 1220 instar
1323 1165 1660 1228 ceciderunt,
1691 1174 1979 1235 parcentes

397 1257 625 1313 nemini.
675 1258 958 1312 Refertum
991 1258 1139 1313 enim
1181 1267 1302 1313 erat
1333 1258 1604 1313 theatrum
1637 1258 1975 1322 hominibus,

397 1362 525 1402 cum
583 1346 893 1411 seditionis,
960 1356 1075 1422 tum
1136 1363 1266 1404 vero
1326 1348 1607 1418 spectandi
1657 1350 1852 1421 gratia,
1904 1349 1976 1404 ob

398 1437 614 1508 ilypatii
659 1439 1145 1508 proclamationem
1182 1440 1547 1509 congregatis.
1594 1439 1645 1493 ις
1704 1455 1809 1493 una
1847 1455 1974 1493 cum

398 1528 570 1584 fratre
610 1530 872 1601 Pompeio
894 1530 959 1585 ad
1000 1531 1386 1601 imperatorem
1439 1531 1737 1601 perductus
1770 1532 1977 1600 occidi-

398 1628 513 1680 tur.
545 1620 706 1676 bonis
731 1637 924 1677 eorum
954 1622 1288 1678 conﬁscatis.
1316 1622 1359 1676 E
1392 1623 1594 1693 populo
1619 1623 1744 1678 caesi
1782 1632 1978 1692 putan-

398 1719 488 1765 tur
512 1713 578 1765 ad
614 1728 677 1766 xi.
713 1713 904 1770 millia.
932 1714 1120 1784 Neque
1146 1729 1283 1768 vero
1305 1712 1525 1767 illorum
1555 1701 1790 1767 duorum
1832 1715 1975 1766 duti-

396 1811 545 1857 taxat
571 1803 712 1859 bona
741 1805 1015 1875 publicata
1048 1805 1224 1869 fuere.
1260 1804 1355 1862 sed
1380 1806 1680 1860 multorum
1709 1815 1971 1875 prmterca

396 1896 660 1952 senatorii
697 1896 928 1962 ordinis,
967 1897 1146 1967 deque
1178 1898 1314 1968 ipsis
1354 1913 1466 1953 non
1504 1913 1615 1953 uno
1646 1896 1810 1951 modo
1842 1912 1973 1967 snp-

394 1986 619 2052 plicium
645 1995 949 2057 sumptum.
986 1989 1091 2043 Pro
1120 1988 1308 2057 Magna
1330 1988 1573 2044 Ecclesia
1598 2004 1628 2043 a
1649 1988 1972 2043 Constantio

393 2075 638 2136 condita,
680 2091 803 2145 quae
839 2076 895 2131 in
940 2077 1044 2131 hac
1090 2076 1383 2144 seditione,
1410 2087 1470 2132 ut
1500 2078 1810 2149 expositum
1865 2087 1969 2143 est,

394 2164 781 2237 conﬂagrarat,
824 2167 1170 2224 Justinianus
1209 2169 1369 2223 aliam
1406 2185 1601 2225 novam
1641 2170 1801 2239 longe
1852 2184 1968 2223 ma-

388 2256 566 2327 jorem
614 2267 671 2313 et
741 2258 1099 2314 illustriorem
1157 2270 1442 2317 exstruere
1493 2275 1785 2331 aggressus
1847 2271 1967 2325 est,

391 2347 815 2404 aediﬁcationem
864 2348 1183 2420 auspicatus
1231 2366 1376 2405 anno
1436 2351 1505 2406 ab
1558 2349 1692 2406 orbe
1746 2350 1969 2406 condito

393 2439 574 2495 sexies
642 2441 936 2496 millesimo
996 2442 1460 2513 quadragesimo,
1522 2442 1821 2497 indictione
1870 2458 1962 2505 xv,

394 2547 584 2587 mense
614 2530 939 2587 Februario.
963 2533 1152 2603 Neque
1184 2550 1317 2589 vero
1344 2534 1451 2589 hoc
1471 2535 1757 2598 duntaxat,
1788 2536 1882 2589 sed
1912 2544 1970 2590 et

390 2622 497 2677 alia
551 2623 709 2691 plura
738 2624 942 2692 templa
974 2626 1248 2679 exstruxit
1285 2643 1299 2680 :
1349 2624 1417 2680 ad
1456 2640 1690 2695 quorum
1727 2625 1967 2680 azdiiica-

390 2714 597 2769 tionem
635 2731 759 2771 cum
808 2716 1037 2772 infinitis
1076 2725 1261 2786 egeret
1291 2716 1565 2787 pecuniis,
1614 2717 1684 2772 de
1740 2718 1969 2773 consilio

389 2805 633 2875 praefecti
698 2808 973 2878 stipendia
1038 2808 1346 2864 liberalium
1415 2811 1620 2865 artium
1690 2810 1969 2881 magistris

389 2896 521 2950 olim
579 2898 923 2964 constituta,
987 2898 1043 2954 in
1090 2900 1348 2955 omnibus
1412 2901 1642 2956 urbibus
1706 2900 1964 2964 sustulit,

389 3003 549 3058 quas.
575 2992 901 3046 vacantibus
926 2992 1237 3047 litterarum
1264 2992 1429 3055 ludis,
1450 2994 1728 3048 rusticitas
1745 2992 1965 3058 invasit,

390 3093 534 3135 anno
567 3079 783 3150 imperii
810 3082 925 3151 ejus
949 3097 1080 3145 xvn,
1114 3097 1305 3152 magna
1329 3082 1581 3137 columna
1609 3083 1664 3137 in
1698 3084 1968 3139 vestibulo

2085 620 2341 691 ἀλλήλοις
2376 624 2813 693 παρεκελεύοντο
2847 625 3193 694 φυλάξασθαι
3242 626 3301 680 τὸ
3348 628 3661 697 ἱππήλατον

2086 710 2335 783 θέατρον.
2369 714 2459 767 ἵνα
2490 715 2566 785 μὴ
2593 715 2671 780 ὡς
2702 719 2760 770 ἐν
2787 719 2982 789 εἱρκτῇ
3028 717 3440 787 ωγκλεισθεῖεν
3480 720 3660 786 αὐτῷ,

2084 804 2179 857 καὶ
2208 803 2305 857 τοῦ
2334 805 2509 877 θυμοῦ
2540 806 2652 861 τῶν
2690 808 3041 880 κρατούντων
3081 810 3352 880 γένωνται
3396 810 3662 879 παρανά-

2082 894 2265 964 λωμα.
2305 897 2592 952 Ἐντεῦθεν
2622 901 2703 962 είς
2734 899 2835 969 τὴν
2864 901 3072 971 ἀγορὰν
3099 902 3430 963 διαθέοντες,
3466 902 3661 969 ἕτερον

2086 986 2316 1057 βασιλέα
2351 990 2568 1054 ἑαυτοῖς
2595 990 2991 1046 ἐϐουλεύσαντο
3042 991 3524 1063 προχειρίσασθαι,
3559 992 3658 1043 καί

2082 1094 2206 1131 τινα
2241 1080 2485 1149 συγγενῆ
2529 1080 2626 1135 τοῦ
2663 1081 2932 1152 βασιλέως
2966 1084 3327 1137 Ἀναστασίου
3367 1083 3663 1151 περισχόν-

2078 1186 2171 1232 τες
2204 1170 2485 1235 Ύπάτιον,
2517 1172 2590 1240 πῆ
2625 1172 2724 1242 μὲν
2755 1172 2982 1237 ἄκοντα,
3022 1174 3097 1241 πῆ
3133 1174 3188 1225 δὲ
3223 1175 3316 1226 καὶ
3351 1174 3664 1241 πεπεισμέ·

2080 1277 2193 1328 νον,
2232 1265 2311 1325 είς
2353 1262 2447 1317 τὸν
2473 1262 2567 1317 τοῦ
2614 1264 2847 1334 μεγάλου
2886 1265 3298 1318 Κωνσταντίνου
3334 1265 3500 1335 φόρον
3542 1266 3661 1335 (9i)

2082 1354 2381 1420 ἀπάγουσι,
2437 1357 2534 1409 καὶ
2573 1357 2667 1410 ἐπὶ
2707 1358 2936 1421 ἀσπίδος
2983 1358 3095 1427 (92)
3131 1357 3297 1410 αὑτὸν
3360 1342 3659 1426 μετάρσιον

2078 1447 2333 1513 ἄραντες,
2392 1447 2787 1517 ἀναγορεύουσι
2846 1448 3095 1518 βασιλέα,
3155 1451 3249 1502 καὶ
3301 1450 3362 1501 τὸ
3410 1449 3519 1500 τῶν
3565 1449 3658 1501 ἵπ-

2080 1555 2198 1591 πων
2253 1538 2468 1593 ἐκεῖθεν
2521 1541 2925 1613 ἁμιλλητήριον
2973 1542 3462 1611 καταλαμϐάνουσι
3533 1541 3663 1594 θέαι

2076 1643 2232 1698 τρον.
2269 1630 2655 1700 εὐφημοῦντες
2691 1632 2876 1695 αὑτὸν,
2922 1634 3019 1685 καὶ
3065 1633 3378 1702 πορφυρίδα
3425 1633 3663 1701 ἐζήτουν

2077 1720 2174 1774 καὶ
2203 1722 2425 1790 στέφος.
2455 1722 2551 1777 Ἐν
2594 1723 2808 1786 τούτοις
2839 1724 2948 1777 τῶν
2989 1723 3182 1794 δήμων
3215 1723 3661 1793 ἀσχολουμένων,

2077 1814 2306 1884 ίσχυσαν
2330 1814 2380 1865 oi
2405 1816 2533 1885 περὶ
2554 1814 2644 1868 τὸν
2669 1814 2898 1884 βασιλέα
2919 1814 3189 1868 πλείστων
3212 1817 3518 1885 χρημάτων
3545 1816 3663 1867 δια-

2078 1907 2275 1975 νομαῖς
2310 1906 2588 1977 ὖποσύραι
2627 1906 2737 1959 τῶν
2776 1908 3019 1959 Βενέτων
3053 1908 3306 1968 πολλοὺς,
3346 1907 3440 1958 καὶ
3483 1907 3662 1969 οὓτως

2077 1998 2177 2069 τὴν
2219 1996 2333 2051 τῶν
2379 1999 2574 2065 δήμων
2633 1999 2895 2070 ὁμόνοιαν
2943 2000 3357 2068 διαστήσαντες,
3406 2000 3658 2068 χωρῆσαι

2078 2092 2201 2145 κατ’
2218 2093 2466 2163 ἀλλήλων
2486 2095 2685 2158 αὐτοὺς
2701 2095 3058 2163 πεποιήκασι.
3082 2094 3219 2146 Τότε
3246 2093 3429 2144 τοίνυν
3456 2092 3660 2163 ἀθρόον

2077 2183 2145 2236 ἐκ
2191 2182 2304 2235 τῶν
2358 2182 2649 2252 βασιλείων
2688 2184 2738 2235 oi
2780 2183 3199 2253 προκοιτούντες
3249 2183 3504 2252 ἐξέθορον
3538 2185 3656 2236 ἕνο-

2076 2273 2239 2338 πλοι,
2291 2277 2401 2328 κάκ
2462 2276 2563 2344 τῆς
2618 2258 2827 2337 πόλεως
2896 2275 3075 2344 ἕτεροι
3137 2274 3499 2344 στρατιῶται.
3565 2277 3661 2327 καὶ

2074 2367 2126 2420 oi
2156 2366 2430 2439 Βάρϐαροι
2452 2365 2876 2436 ἐπεισέφρησαν,
2903 2367 2998 2419 καὶ
3029 2366 3096 2418 τά
3126 2366 3304 2433 πλήθη
3337 2367 3412 2427 ὡς
3454 2367 3656 2436 χόρτον

2075 2461 2207 2516 ἄνευ
2238 2458 2454 2529 φειδοῦς
2496 2458 2824 2528 ὲξεθέριζον,
2861 2459 2960 2529 ήδη
3006 2458 3097 2510 καί¹
3130 2457 3266 2525 πρὸς
3297 2458 3503 2522 ἄλληλα
3531 2475 3659 2512 στα-

2076 2532 2371 2607 σιάσαντα·
2411 2551 2604 2622 μεστὸν
2637 2551 2745 2620 γὰρ
2772 2546 2841 2619 ἧν
2885 2549 3188 2618 ἀνθρώπων
3225 2550 3285 2599 τὸ
3314 2547 3567 2617 θέατρον,
3600 2548 3661 2601 τὸ

2078 2644 2180 2716 μὲν
2209 2644 2308 2713 τῆς
2337 2641 2447 2694 τῶν
2474 2639 2878 2703 στασιαζόντων
2915 2639 3129 2708 μοίρας,
3158 2639 3267 2690 τῶν
3302 2639 3358 2690 δέ
3389 2656 3449 2705 γε
3473 2639 3661 2690 πλειό-

2075 2754 2182 2791 νων
2208 2736 2349 2790 κατὰ
2385 2734 2515 2787 θέαν
2553 2734 2663 2785 τῶν
2693 2731 3017 2799 γινομένων,
3068 2731 3161 2783 καλ⁵
3213 2734 3307 2801 ’1εῆ⁸
3351 2733 3443 2783 τοῦ
3480 2733 3659 2784 ’Υπα-

2074 2831 2194 2884 τίου
2263 2828 2621 2898 ἀναρρήσεως
2694 2822 3091 2893 ἠθροισμένων.
3160 2823 3264 2874 Tir:
3338 2823 3395 2876 δέ
3478 2825 3656 2878 Ὑπά-

2075 2938 2191 2974 τιον
2229 2919 2338 2991 (95)
2394 2917 2784 2978 συλλαϐόντες,
2822 2915 2915 2968 καὶ
2977 2916 3265 2983 Πομπήϊον
3297 2916 3385 2968 τὸν
3421 2917 3658 2983 ἀδελφὺν

2077 3011 2267 3073 αὑτοῦ,
2300 3010 2377 3079 τῷ
2416 3009 2629 3080 βασιλεῖ
2663 3008 3039 3078 προσήγαγον,
3071 3006 3120 3058 οἳ
3154 3012 3248 3058 καὶ
3281 3008 3654 3078 ἀνῃρέθησαν,

2077 3104 2175 3157 καὶ
2205 3104 2259 3155 αί
2306 3099 2621 3171 περιουσίαι
2666 3098 2846 3152 αὐτῶν
2899 3097 3305 3167 ἐδημεύθησαν.
3357 3098 3478 3149 Τῶν
3514 3101 3560 3151 δ’
3594 3102 3655 3150 ἐκ

391 3171 574 3240 magni
629 3173 816 3244 templi
867 3174 1156 3235 collocata,
1199 3174 1448 3228 absoluta
1491 3183 1577 3229 est
1613 3192 1625 3227 :
1665 3175 1753 3230 cui
1804 3190 1970 3244 eque-

2075 3196 2170 3250 τοῦ
2202 3196 2377 3266 δήμου
2429 3190 2833 3261 ἀναιρεθέντων
2887 3189 3118 3259 είκάσθη
3159 3187 3301 3243 εἶναι
3347 3191 3378 3243 6
3422 3192 3655 3261 ἀριθμὸς

390 3268 560 3317 strem
616 3277 773 3322 suam
830 3271 1070 3321 statuam
1132 3265 1417 3335 imposuit.
1486 3266 1565 3320 Eo
1620 3265 1742 3320 loco
1818 3267 1971 3336 prius

390 3362 622 3409 steterat
663 3355 944 3422 columna,
970 3356 1150 3426 magni
1192 3356 1487 3411 Theodosii
1520 3366 1755 3410 statuam
1784 3372 1974 3427 argen-

394 3456 535 3502 team
567 3448 867 3512 sustinens,
897 3463 930 3502 a
961 3449 1073 3502 tilio
1094 3450 1212 3519 ejus
1233 3449 1472 3504 Arcadio
1502 3448 1701 3503 factam
1726 3451 1972 3518 pondere

392 3555 466 3594 vn
497 3540 730 3595 millium
763 3550 822 3596 et
856 3555 987 3597 cccc
1010 3540 1279 3596 librarum
1312 3560 1326 3594 :
1374 3558 1538 3617 quam
1581 3542 1671 3597 ille
1708 3557 1833 3598 cum
1875 3557 1971 3598 co-

392 3627 581 3686 lumna
621 3627 956 3693 demolitus,
1001 3641 1229 3698 argento
1287 3632 1502 3702 direpto
1551 3649 1671 3690 eam
1725 3635 1972 3705 reposuit

393 3734 517 3788 quae
555 3718 739 3773 adhuc
779 3734 903 3775 cum
951 3721 1074 3790 ejus
1120 3721 1360 3794 imagine
1416 3725 1635 3782 visitur.
1693 3725 1973 3782 Destruxit

392 3813 558 3868 etiam
603 3813 872 3868 maximos
912 3814 1202 3884 plumbeos
1235 3816 1469 3879 canales,
1499 3818 1702 3887 quibus
1730 3833 1871 3888 aqua
1915 3819 1971 3873 in

398 3904 590 3960 urbem
639 3904 965 3971 ducebatur,
1010 3922 1135 3962 cum
1172 3909 1294 3979 ejus
1330 3908 1573 3964 materiae
1617 3911 1854 3965 multum
1904 3910 1971 3965 ad

396 4005 705 4052 structuras
745 3998 796 4052 ei
845 4007 993 4053 esset
1042 4013 1202 4068 opus.
1263 4000 1341 4054 Eo
1394 4007 1641 4071 tempore
1701 4004 1973 4059 maximus

394 4108 614 4162 quoque
652 4104 813 4148 terrae
857 4102 1039 4147 motus
1080 4094 1316 4157 accidit,
1363 4110 1475 4164 quo
1502 4094 1682 4165 Cyzici
1726 4096 1973 4151 semissis

397 4183 659 4239 concidit.
689 4184 887 4238 Fertur
919 4184 1087 4238 etiam
1130 4192 1245 4238 tum
1289 4184 1511 4253 quidam
1548 4200 1740 4240 canem
1779 4185 1974 4240 miriti-

395 4290 522 4330 cum
570 4276 626 4331 in
670 4275 860 4330 urbem
911 4273 1242 4338 adduxisse,
1282 4274 1350 4329 ad
1402 4291 1565 4346 quem
1612 4277 1969 4346 spectandum

396 4367 709 4427 conﬂuente
760 4367 984 4438 p0pulo,
1041 4369 1195 4422 multi
1245 4384 1376 4424 suos
1433 4369 1668 4423 annulos
1704 4370 1756 4424 in
1799 4384 1969 4424 unum

395 4472 650 4518 acervum
698 4464 986 4527 000885108
1032 4467 1158 4514 ante
1191 4474 1381 4514 canem
1426 4467 1778 4528 posuerunt,
1830 4474 1970 4523 {IUOS

2076 3289 2210 3341 ὡσεὶ
2252 3284 2669 3354 τεσσαράκοντα
2704 3282 2967 3352 χιλιάδες.
3019 3283 3155 3350 Οὐχὶ
3189 3284 3295 3335 τῶν
3342 3284 3655 3352 είρημένων

2074 3379 2132 3434 δὲ
2169 3379 2263 3431 δύο
2304 3374 2515 3446 ἀνδρῶν
2568 3372 2729 3443 μόνον
2764 3372 3152 3442 ἐδημεύθησαν
3200 3374 3254 3424 αἱ
3285 3373 3490 3432 οὐσίαι.
3520 3373 3655 3428 ἀλλὰ

2076 3469 2174 3523 καὶ
2223 3467 2427 3536 ἐτέρων
2475 3463 2742 3517 πλειόνων
2793 3462 3178 3531 συγκλητικῶν
3221 3479 3236 3494 ο
3298 3466 3549 3518 κάκεῖνοι
3599 3466 3653 3518 δὲ

2077 3560 2375 3621 πολυειδῶς
2422 3557 2822 3626 ἐκολάσθησαν.
2859 3555 2950 3608 Ἐν
2991 3556 3048 3609 δὲ
3099 3559 3165 3626 τῇ
3212 3557 3400 3610 στάσει
3450 3558 3651 3630 ταύτῃ,

2075 3654 2153 3716 ὡς
2200 3653 2437 3723 εἴρηται,
2484 3650 2583 3718 τῆς
2657 3648 2919 3717 Μεγάλης
2977 3646 3277 3717 ἐκκλησίας
3326 3648 3649 3714 καυθείσης,

2075 3740 2143 3818 ἦς
2174 3745 2431 3814 δομήτωρ
2459 3737 2530 3814 ἦν
2565 3742 2593 3794 6
2619 3741 2984 3812 αὐτοκράτωρ
3010 3742 3418 3823 Κωνστάντιος,
3456 3743 3653 3812 ἑτέραν

2077 3842 2259 3909 πολλῷ
2290 3839 2460 3910 μείζω
2496 3839 2590 3892 καὶ
2635 3837 3113 3908 περιφανεστέραν
3148 3839 3176 3889 6
3218 3837 3483 3907 βασιλεὺς
3525 3841 3653 3892 Ἰου-

2078 3931 2352 3994 στινιανὸς
2382 3929 2670 4001 ἀπήρξατο
2693 3932 3043 3997 καινουργεῖν
3069 3927 3202 4000 (94),
3230 3930 3329 3997 τῆς
3357 3930 3650 4000 οίκοδομῆς

2074 4026 2247 4093 αὐτῆς
2277 4023 2597 4094 ἀρχθείσης,
2656 4022 2800 4075 κατὰ
2833 4021 2894 4074 τὸ
2940 4021 3405 4091 ἐξακισχιλιοστὸν
3454 4040 3652 4075 τεσσα-

2077 4115 2343 4189 ρακοστὸν
2367 4114 2510 4178 ἔτος,
2546 4100 2884 4177 ίνδικτιῶνος
2910 4112 3413 4183 πεντεκαιδεκάτης
3438 4114 3651 4168 ἐνιστα-

2078 4211 2269 4281 μένης,
2306 4211 2364 4262 ἐν
2392 4209 2747 4279 Φεϐρουαρίῳ
2781 4207 2932 4277 μηνί.
2963 4208 3037 4260 Οὐ
3070 4207 3228 4275 μόνον
3273 4207 3329 4261 δέ
3362 4208 3455 4261 τὸν
3505 4211 3649 4280 ἱερὸν

2074 4302 2267 4355 τοῦτον
2297 4300 2463 4369 δόμον
2488 4302 2517 4354 ό
2550 4298 2807 4369 βασιλεὺς
2833 4300 3044 4360 ἐκεῖνος
3066 4298 3321 4368 ἐδείματο
3342 4340 3358 4363 ,
3386 4299 3529 4352 ἀλλὰ
3559 4300 3650 4353 καὶ

2076 4394 2303 4465 ἐτέρους
2330 4392 2611 4455 πλείονας,
2646 4392 2705 4444 ἐν
2735 4385 2817 4453 οἷς
2845 4389 3094 4460 ἀπείρων
3119 4393 3424 4460 χρημάτων
3458 4391 3648 4463 δεόμε-

2073 4502 2183 4549 νος,
2215 4483 2314 4549 τὰς
2342 4482 2687 4546 τυπωθείσας
2711 4481 2977 4537 ἀνέκαθεν
3005 4484 3061 4532 ἐν
3082 4481 3286 4551 ἑκάστῃ
3309 4481 3418 4535 τῶν
3445 4483 3650 4536 πόλεων

395 4558 608 4614 domini
651 4559 829 4628 jussu,
878 4556 1081 4627 cuique
1144 4571 1306 4612 suum
1363 4558 1499 4611 citra
1564 4572 1811 4613 errorem
1872 4572 1966 4613 ore

2078 4578 2319 4632 δίδοσθαι
2364 4577 2609 4644 σιτήσεις
2658 4577 2771 4638 τοῖς
2815 4576 2871 4627 ἐν
2922 4577 3109 4638 αὐτοῖς
3151 4575 3497 4638 διδασκάλοις
3538 4576 3647 4629 τῶν

395 4651 596 4713 attulit.
621 4651 769 4706 Idem
802 4659 1023 4721 rogatus
1055 4649 1181 4720 quis
1229 4665 1295 4705 ex
1328 4650 1395 4704 iis
1417 4650 1509 4720 qui
1534 4649 1962 4707 adessentdives

395 4750 564 4807 esset,
595 4742 720 4811 quis
754 4755 986 4809 pauper,
1016 4755 1138 4809 quae
1177 4738 1375 4794 mulier
1412 4740 1695 4805 meretrix,
1732 4754 1854 4808 qua:
1888 4740 1968 4794 vi—

2071 4668 2309 4737 λογικῶν
2355 4667 2562 4736 τεχνῶν
2618 4666 2716 4719 καὶ
2791 4665 3152 4733 ἐπιστημῶν,
3195 4666 3501 4732 ὑποθήκαις
3548 4666 3643 4719 τοῦ

2073 4762 2344 4829 ἐπάρχου,
2398 4757 2644 4827 ἐξέκοψε,
2688 4757 2781 4809 καὶ
2829 4750 2976 4809 οὕτω
3023 4756 3135 4809 τῶν
3177 4758 3236 4810 ἐν
3269 4759 3396 4819 ταῖς
3450 4757 3642 4811 πόλεσι

1590 4892 1800 4953 Varia
1842 4893 2147 4956 lectiones
2192 4896 2253 4951 et
2289 4898 2478 4950 notae.

471 5016 1076 5090 (οίὶίΚωκᾳζαντΙιν-ου
1126 5015 1329 5083 φόρον.
1387 5015 1447 5090 in
1484 5015 1965 5090 tbrongimpj‘ra-

399 5085 545 5147 torio
579 5086 985 5155 Amphilheatri
1016 5093 1364 5155 coronatum
1425 5086 1594 5140 habet
1646 5085 1964 5140 Chronicon

399 5175 531 5217 mss.
572 5161 638 5213 ab
665 5154 873 5210 Adamo
903 5157 970 5209 ad
1008 5154 1249 5209 Leonem
1297 5155 1438 5210 Phil.
1484 5156 1538 5209 in
1604 5156 1962 5210 Justiniano:

412 5230 676 5285 ’Υπάτιον
702 5228 760 5280 δὲ
791 5226 1081 5294 πιτρίκιον
1128 5225 1438 5294 εύφήμισαν
1473 5227 1530 5278 ἐν
1551 5224 1626 5292 τῷ
1666 5226 1965 5292 καθίσματι

400 5295 861 5368 στέψαντες-Νιξο
891 5293 1111 5368 abludit
1133 5293 1506 5368 Theophanes
1532 5312 1547 5348 :
1586 5295 1704 5368 linit
1728 5295 1964 5368 καθεζό-

404 5363 566 5442 μενρς
594 5365 758 5442 ἐ-ν-τῷ
789 5365 1025 5442 ίππιςιεῶ,
1061 5366 1391 5442 εξφη-μεῖται
1416 5365 1521 5417 ὑπὸ
1542 5366 1653 5417 τῶν
1683 5363 1888 5442 δήμων.

455 5434 1057 5508 '(92)_‘E:rlda':r16_og.
1092 5435 1168 5508 De
1200 5435 1304 5508 hoc
1335 5449 1486 5508 more
1509 5433 1968 5508 egere‘Pithmus.

398 5510 440 5565 Ι.
472 5502 508 5562 il
537 5506 754 5561 Advers.
787 5519 839 5559 c.
870 5504 923 5567 6,
965 5503 1182 5571 Lipsius
1213 5502 1280 5557 ad
1342 5502 1616 5564 Tacitum,
1653 5505 1972 5557 Dcmsterns

398 5580 467 5635 ad
496 5576 818 5646 Corippum,
845 5574 1098 5630 Valesius
1129 5571 1199 5627 ad
1230 5573 1604 5638 Ammianum,
1630 5581 1687 5629 et
1719 5574 1810 5626 alii
1858 5588 1968 5626 non

437 5661 582 5702 allCl.

399 5663 585 5784 partial}
612 5713 727 5784 Τρν
756 5713 824 5766 δὲ
858 5711 1153 5784 Ὺπάτιως.
1194 5710 1454 5784 Mcmenjt
1481 5712 1830 5784 praaAcaeteris
1857 5710 1966 5782 Hy-

400 5780 537 5864 patii
561 5793 619 5836 et
644 5782 889 5864 Pompeii
915 5782 1081 5836 caedis
1100 5782 1346 5864 {omnes
1382 5780 1645 5864 ρπβ-ιιιὴί
1664 5780 1969 5864 episcopus

404 5849 466 5916 in
491 5849 915 5918 Narrationibus
943 5867 1075 5906 mss.
1101 5851 1171 5906 de
1228 5850 1591 5905 Anachorctis
1642 5849 1914 5928 Egyptiis
1951 5869 1964 5905 :

2069 5015 2223 5070 Μετὰ
2269 5013 2327 5066 δὲ
2379 5017 2528 5084 τρεῖς
2568 5013 2744 5083 μῆνας
2806 5013 3175 5084 ἀκούσαςᾼότι
3239 5012 3643 5084 ἐτελεύτησενδ

2064 5087 2352 5145 Ἰουστῖνος
2375 5083 2402 5134 6
2430 5082 2704 5146 βασιλεὺς,
2734 5085 2828 5136 καὶ
2858 5082 3137 5151 βασιλεύει
3176 5085 3204 5136 6
3233 5082 3639 5143 Ἰοοστινιανός-

2064 5152 2182 5208 εἶτα
2220 5154 2339 5224 μετ’
2370 5152 2551 5221 ὀλίγον
2589 5154 3185 5224 χρόνονέπανίστανται
3206 5154 3355 5224 αύτῷ
3384 5152 3640 5224 Ὑπάτιος

2065 5224 2158 5278 καὶ
2191 5221 2557 5291 Δεξιοκράτης
2589 5221 2682 5274 καὶ
2733 5223 2999 5289 Πόμπιος,
3035 5224 3130 5275 καὶ
3164 5221 3336 5285 αὐτὸς
3381 5223 3636 5287 Εύλόγιος

2065 5294 2179 5363 (qui
2205 5308 2270 5363 ex
2301 5292 2506 5346 latomo
2536 5300 2592 5363 et
2618 5293 2913 5353 monacho,
2937 5293 3181 5363 invento
3211 5293 3493 5354 thesauro,
3526 5292 3635 5363 ta:

2067 5359 2192 5418 ctus
2222 5362 2402 5416 fuerat
2431 5361 2723 5431 praefectus
2771 5362 3050 5430 praetorio)
3087 5365 3114 5415 ό
3157 5361 3425 5431 ὕπαρχοςσ
3457 5361 3547 5431 καὶ
3587 5359 3637 5412 ot

2071 5434 2170 5501 μὲν
2203 5434 2352 5501 τρεῖς
2412 5431 2951 5499 ἁπεκεφαλίσθησαν,
3000 5431 3095 5485 καὶ
3136 5430 3415 5501 διηρπάγη
3457 5430 3634 5484 πάντα

2066 5500 2134 5555 τὰ
2164 5500 2367 5563 αὐτῶν,
2395 5502 2489 5554 καὶ
2514 5502 2546 5568 ἠ
2573 5501 2730 5553 οὐσία
2756 5502 2851 5554 τοῦ
2881 5501 3164 5567 Εὑλογίου,
3193 5500 3304 5556 etc.

2139 5569 2253 5642 (94)
2313 5570 2658 5642 κἈπήρξατο
2690 5570 3089 5642 καινουργεῖν.
3134 5570 3453 5642 Architecto
3505 5581 3635 5621 usus

2064 5640 2363 5696 Anthemio
2402 5641 2751 5697 mechanico.
2786 5641 2868 5694 uti
2900 5642 3317 5695 observavimus
3351 5640 3402 5693 in
3448 5645 3632 5692 nostra

2066 5710 2549 5774 ConstantinOpoli:
2573 5711 2731 5779 cujus
2754 5719 3019 5779 praeterea
3045 5709 3297 5766 meminit
3316 5707 3637 5766 Eustathius

2066 5780 2131 5837 Il.
2167 5798 2225 5851 η,
2257 5796 2315 5851 p.
2340 5778 2465 5834 515.
2493 5778 2823 5841 ediLBom.
