4068 6414
433 388 575 467 1243
865 367 885 403 ’

1735 386 1977 448 JUANN
1993 385 2059 443 lS
2099 385 2423 445 ΖΟΝΑΠΕ

3559 378 3715 445 1244

430 509 742 567 amoveret,
774 501 840 557 ad
874 502 1248 560 Justinianum
1280 504 1477 561 scribit
1509 519 1567 560 se
1601 518 1713 559 non
1744 502 2008 573 regnandi

2127 503 2397 569 πολέμους
2438 500 2797 572 νωθέστερος.
2835 491 3005 563 Οὗτος
3045 498 3112 570 δὴ
3141 503 3170 554 6
3214 498 3500 570 Ἰλδέριχος
3535 502 3711 569 συνή-

430 594 735 667 cupiditate
780 594 1071 666 imperium
1119 597 1408 665 invasisse,
1451 596 1547 653 sed
1595 596 1742 667 quod
1776 595 2015 650 Hilileri-

430 688 596 744 chum
629 687 696 742 ad
730 687 783 742 id
827 687 1328 745 administrandum
1366 700 1563 749 natura
1605 689 1787 745 minus
1825 698 2013 758 aptum

431 794 553 836 esse
591 780 814 836 viderit.
861 781 932 836 At
973 782 1272 852 imperator
1309 783 1587 840 Gelimero
1636 782 1921 845 rescribit,
1956 796 2015 837 se

432 887 543 928 non
597 874 1054 944 conquieturum,
1090 876 1193 930 nisi
1239 884 1295 929 et
1343 876 1546 945 injusta
1585 875 1638 928 vi
1685 890 2013 945 oppressum

431 964 760 1029 vindicanit,
805 973 862 1020 et
890 974 1181 1033 tyrannum
1217 968 1365 1021 ultus
1400 967 1588 1022 fuerit.
1627 967 1817 1036 Itaque
1848 966 2019 1036 patri-

434 1056 581 1110 cium
612 1054 930 1110 Belisarium
959 1073 1026 1111 ex
1052 1055 1299 1121 Oriente,
1323 1058 1413 1112 ubi
1442 1073 1566 1112 cum
1597 1059 1785 1114 Persis
1810 1059 2015 1113 bellum

432 1145 679 1216 gerebat,
710 1146 1069 1212 accersitum,
1095 1161 1219 1201 cum
1250 1162 1412 1201 manu
1445 1146 1785 1205 validissima
1814 1159 1871 1203 et
1903 1163 2019 1203 ma-

432 1251 537 1305 gna
581 1238 780 1302 classe,
821 1238 1084 1292 omnibus
1125 1238 1301 1308 copiis
1342 1254 1470 1294 cum
1520 1254 1737 1294 summo
1784 1239 2018 1310 imperio

436 1328 750 1398 praelectum
784 1330 838 1384 in
864 1330 1089 1401 Libyam
1125 1331 1313 1396 mittit,
1339 1333 1505 1386 etiam
1531 1330 1856 1388 Ciesarieusi
1881 1333 2019 1389 Pro-

436 1419 597 1487 copio
623 1421 945 1486 comitante,
978 1420 1073 1490 qui
1108 1421 1249 1476 bella
1282 1422 1395 1477 illic
1428 1433 1581 1493 gesta
1622 1424 1848 1492 copiose
1887 1440 2017 1495 per-
2056 1446 2065 1463 ς

435 1520 661 1565 secutus
688 1518 795 1566 est.
830 1510 1137 1566 Belisarius
1166 1512 1413 1567 exercitu
1448 1513 1503 1567 in
1535 1513 1707 1586 Libya
1740 1515 2016 1584 exposito,

433 1602 634 1656 vallum
693 1603 942 1659 obducit.
999 1604 1119 1671 Quo
1174 1604 1489 1662 Gelimerus
1536 1608 1795 1678 cognito,
1857 1608 2018 1664 fratri

433 1694 639 1748 Amatae
690 1695 951 1762 mandat,
1008 1704 1071 1751 ut
1128 1696 1513 1753 Hilderichum
1570 1714 1696 1754 cum
1748 1701 2017 1771 cognatis,

434 1801 572 1855 quos
613 1786 668 1840 in
708 1787 962 1842 custodia
1003 1788 1259 1855 tenebat,
1303 1790 1492 1845 statim
1532 1805 1564 1846 e
1613 1791 1798 1847 medio
1843 1792 2015 1849 tollat.

414 1874 528 1939 ,Sic
569 1876 646 1929 illi
679 1875 950 1933 interfecti
980 1888 1121 1933 sunt.
1161 1879 1462 1934 Belisarius
1492 1889 1711 1947 autem,
1741 1881 2021 1939 Gelimero

435 1964 744 2036 proﬂigato,
780 1976 1086 2037 ereptaque
1120 1966 1475 2047 Carthagine,
1510 1971 1683 2027 totius
1718 1971 1907 2044 Libym
1937 1980 2023 2027 est

436 2056 662 2127 potitus,
692 2073 924 2129 eamque
956 2058 1205 2116 Romano
1237 2061 1469 2132 imperio
1500 2063 1773 2134 subjecit,
1808 2079 1838 2119 a
1873 2065 2021 2118 Van-

438 2147 576 2203 dalis
593 2164 691 2217 per
710 2164 885 2205 annos
906 2166 1005 2205 xcv
1028 2162 1374 2222 occupatam,
1399 2162 1454 2209 et
1473 2155 1810 2211 Gelimerum
1826 2157 2021 2212 vivum

438 2254 563 2295 cum
598 2255 769 2296 uxore
804 2249 861 2296 et
901 2242 1092 2298 liberis
1132 2245 1578 2314 comprehendit.
1623 2247 1851 2314 Ferunt,
1891 2264 2020 2304 eum

439 2331 571 2387 dum
614 2334 671 2385 in
713 2332 939 2403 regione
977 2334 1290 2389 Maurorum
1337 2351 1533 2406 aspera
1566 2352 1692 2392 cum
1731 2336 1845 2393 suis
1875 2339 2025 2393 obsi-

437 2423 683 2486 deretur,
719 2438 936 2479 annona
966 2424 1328 2492 destitutum,
1360 2444 1390 2482 a
1422 2427 1645 2483 tribuno
1681 2443 1845 2498 quem
1875 2428 2022 2485 Beli-

439 2515 618 2569 sarius
648 2514 923 2571 obsidioni
960 2516 1297 2586 praefecerat,
1333 2520 1559 2588 petiisse
1589 2536 1810 2592 panem,
1844 2521 2024 2577 citha-

441 2619 555 2659 ram
582 2614 638 2660 et
662 2607 943 2676 spongiam
970 2624 984 2661 :
1012 2606 1107 2677 qui
1133 2623 1257 2662 cum
1291 2624 1401 2664 non
1433 2608 1791 2681 intelligeret,
1816 2627 1927 2682 qua
1955 2612 2024 2668 de

440 2712 603 2753 causa
630 2698 730 2753 ista
761 2708 991 2768 peteret,
1019 2699 1277 2755 nuntium
1306 2700 1697 2774 interrogasse,
1729 2719 1858 2760 eum
1887 2719 2024 2760 vero

443 2790 797 2859 respondisse
821 2832 837 2859 ,
888 2807 1085 2862 panem
1139 2796 1370 2865 petiisse
1410 2795 1694 2866 spectandi
1725 2796 2024 2864 desiderio,

442 2881 589 2951 quod
627 2881 838 2936 nullum
862 2882 1088 2938 vidisset
1116 2902 1181 2939 cx
1209 2902 1319 2956 quo
1347 2885 1680 2957 Carthagine
1704 2887 2022 2949 excidisset;

444 2989 568 3027 nam
613 2973 884 3030 Barbaros
916 2976 1058 3045 apud
1106 2993 1246 3046 quos
1289 2987 1441 3048 agat,
1490 2979 1692 3034 misere
1726 2978 2023 3036 victitare:

443 3066 756 3135 Spongiam,
805 3076 867 3120 ut
900 3066 1170 3139 lacrymas
1217 3079 1507 3140 extergat:
1545 3070 1840 3134 citharam,
1874 3079 1936 3125 ut
1959 3086 2027 3126 ea

2119 594 2220 664 θης
2249 594 2441 661 γέγονε
2475 594 2552 665 τῷ
2568 593 2934 664 Ἰουστινιανῷ
2960 592 3041 647 ἔτι
3080 592 3440 648 ἰδιωτεύοντι.
3461 592 3711 662 Γελίμερ

2117 685 2175 740 δὲ
2221 685 2305 749 τίς
2347 686 2622 756 ὁμογενὴς
2659 686 2984 758 Ἱλδερίχου,
3039 685 3181 757 ἀνὴρ
3231 684 3515 754 κακοήθης
3574 684 3708 753 μὲν,

2117 780 2450 851 δραστήριος
2480 780 2538 834 δὲ
2587 781 2682 834 καὶ
2717 780 3041 850 νεωτερίσαι
3087 778 3281 842 δεινὸς,
3333 777 3562 831 ἐπέθετο
3606 794 3714 829 τυ-

2123 872 2332 943 ραννίδι
2360 889 2374 904 ·
2402 874 2498 926 καὶ⁵
2531 873 2624 927 τὸν
2650 873 2851 927 οἰκεῖον
2874 873 3164 942 κατασχὼν
3193 871 3482 944 δεσπότην,
3507 870 3709 941 εἱρκτῇ

2120 965 2486 1036 παραδίδωσι,
2513 966 2612 1020 καὶ
2642 966 2771 1029 τοὺς
2800 966 2915 1020 ὅσοι
2945 966 3144 1037 ἐκείνῳ
3166 965 3471 1037 ᾠκείωντο.
3518 964 3703 1016 Ἀπο-

2120 1056 2444 1128 τριϐόμενος
2497 1059 2544 1113 δ’
2597 1052 2709 1112 οἷον
2786 1058 2847 1111 τὸ
2902 1060 3005 1126 τῆς
3066 1057 3376 1128 τυραννίδος
3430 1057 3707 1126 αἰτίαμα,

2121 1150 2326 1220 γράφει
2359 1150 2496 1221 πρὸς
2544 1150 2949 1214 Ἰουστινιανὶν,
2978 1151 3056 1213 ὡς
3083 1151 3145 1203 ού
3187 1151 3288 1218 τῆς
3320 1152 3498 1220 ἀρχῆς
3539 1151 3712 1220 ἐρῶν,

2120 1240 2329 1310 ταύτης
2381 1242 2680 1311 ἐδράξατο,
2714 1241 2830 1294 ἀλλ’
2875 1243 2957 1295 ὃτι
3020 1240 3314 1312 Ίλδέριχος
3354 1242 3713 1310 ἀποπεφύκει

2123 1332 2260 1404 πρὸς
2295 1332 2394 1402 τὴν
2420 1334 2628 1400 ταύτης
2662 1333 2954 1399 διοίκησιν.
2995 1332 3054 1386 Ὀ
3081 1332 3139 1385 δὲ
3199 1332 3458 1402 βασιλεὺς
3497 1335 3703 1385 ἀντεπο

2120 1424 2336 1478 ἐστειλε
2372 1425 2453 1494 τῷ
2501 1425 2783 1495 Γελίμερι,
2832 1416 3057 1488 ὡςὀύκ
3102 1425 3373 1490 ἀνέξεται,
3422 1428 3473 1477 εἰ
3526 1426 3599 1496 μὴ
3636 1427 3721 1495 τῷ

2119 1517 2514 1587 τυραννηθέντι
2566 1518 2667 1587 μὲν
2712 1517 3031 1588 τιμωρὴσῃ,
3077 1518 3169 1570 τὸν
3207 1517 3264 1569 δὲ
3309 1516 3723 1587 τυραννίσαντα

2094 1605 2522 1673 τιμωρήσεται.
2551 1605 2643 1658 Διὸ
2666 1605 2758 1657 τὸν
2818 1605 3106 1675 πατρίκιον
3142 1604 3459 1674 Βελισάριον
3494 1608 3556 1657 ἐκ
3609 1608 3715 1672 τῆς

2134 1691 2309 1762 Ἐᾡας
2362 1695 2856 1766 μεταστειλάμενος
2891 1697 3031 1768 (ἐκεῖ
3058 1696 3168 1767 γὰρ
3218 1691 3287 1767 ἦν
3339 1699 3368 1750 6
3420 1698 3563 1769 ἀνὴρ
3600 1703 3724 1762 τοῖς

2126 1785 2362 1856 Πέρσαις
2392 1787 2720 1859 μαχόμενος)
2742 1790 2821 1852 είς
2844 1788 3051 1859 Λιϐύην
3110 1790 3251 1858 μετὰ
3279 1790 3460 1861 χειρὸς
3492 1791 3728 1861 βαρείας

2127 1873 2223 1926 καὶ
2274 1874 2465 1926 στόλου
2524 1877 2737 1944 πέμπει
2786 1876 3011 1942 πολλοῦ,
3069 1878 3319 1941 άπάσαις
3375 1881 3544 1933 αὑτὸν
3593 1884 3727 1946 ταῖς

2122 1964 2422 2034 δυνάμεσιν
2468 1968 2773 2038 ἐπιστήσας
2819 1969 3272 2040 ἀρχιστράτηγον
3305 1970 3726 2043 αὐτοκράτορα,

2119 2049 2166 2124 ᾧ
2205 2058 2299 2111 καὶ
2335 2060 2362 2112 6
2395 2061 2713 2130 Καισαρεὺς
2744 2063 3224 2134 συμπαρωμάρτει
3251 2065 3556 2135 Προκάπιος
3592 2066 3730 2137 (9’).

2122 2149 2181 2213 ὃς
2208 2149 2279 2203 τὰ
2307 2148 2441 2219 περὶ
2466 2150 2575 2204 τῶν
2605 2151 2729 2205 ἐκεῖ
2760 2152 3022 2223 πολέμων
3065 2153 3326 2225 ἱστόρησε
3355 2155 3732 2211 πλατυκὼτε-

2126 2255 2242 2309 ρον,
2293 2240 2701 2305 Καταπλεύσας
2751 2237 2846 2296 οὖν
2889 2243 2969 2307 είς
3008 2243 3218 2315 Λιϐύην
3290 2243 3320 2296 6
3375 2242 3731 2313 Βελισάριος,

2124 2334 2344 2402 χάρακα
2372 2333 2649 2404 βάλλεται.
2705 2333 2764 2390 Ὅ
2790 2335 2847 2389 δὲ
2870 2336 3127 2407 Γελίμερ,
3166 2336 3330 2390 τοῦτο
3365 2335 3578 2407 μαθὼν,
3623 2339 3724 2390 ἐν·

2124 2426 2376 2482 τέλλεται
2424 2427 2504 2496 τῷ
2556 2428 2771 2499 ἀδελφῷ
2817 2428 3035 2499 ’Δματᾷ
3064 2430 3158 2483 τόν
3186 2446 3247 2482 τε
3292 2428 3584 2501 Ἱλδὲριχον
3625 2432 3733 2483 καὶ

2126 2515 2253 2578 τοὺς
2314 2514 2483 2568 αὐτοῦ
2546 2518 2836 2584 συγγενεῖς
2898 2515 2994 2579 οὒς
3057 2517 3410 2589 ἐμφρούρους
3461 2522 3733 2587 κατεῖχεν

2126 2606 2326 2660 αὐτίκα
2353 2610 2580 2663 κτεῖναι.
2610 2610 2718 2662 Καὶ
2765 2609 2815 2660 οἱ
2870 2608 2967 2676 μὲν
3009 2607 3306 2679 ἁνῄρηντο.
3363 2609 3599 2677 Γελίμερ
3633 2612 3730 2675 δὲ,

2129 2697 2425 2767 συμϐαλὼν
2474 2700 2556 2769 τῷ
2607 2700 2915 2771 Βελισαρέῳ
2991 2703 3088 2754 καὶ
3147 2699 3441 2771 ἡττηθεὶς,
3507 2702 3607 2765 τῆς
3665 2719 3736 2753 τε

2130 2788 2489 2860 Καρχηδόνος
2520 2790 2747 2856 ἐξέπεσε
2781 2792 2879 2844 καὶ
2912 2793 3024 2845 τῶν
3053 2792 3254 2856 ἄλλων,
3295 2794 3386 2845 καὶ
3414 2792 3595 2863 πάσης
3620 2793 3732 2860 τῆς
3816 2808 3837 2815 “
3926 2796 3950 2811 ⁴

2132 2880 2349 2952 Λιϐύης
2421 2883 2698 2955 ἐκράτησε
2770 2885 3136 2955 Βελισάριος,
3187 2886 3293 2943 καὶ,
3341 2889 3404 2956 τῇ
3471 2885 3734 2956 βασιλείᾳ

2144 2974 2436 3042 Ῥωμαίων
2469 2975 2739 3043 ὑπέταξεν
2767 3015 2783 3042 ,
2818 2978 3181 3047 ἐννενήκοντα
3220 2977 3315 3031 καὶ
3344 2978 3507 3031 πέντε
3541 2980 3736 3031 ἐνιαυ-

2130 3068 2259 3130 τοὺς
2285 3068 2396 3120 τῶν
2435 3067 2764 3139 Ούανδήλων
2796 3069 3213 3139 κυριευσάντων
3245 3070 3442 3139 αὐτῆς.
3486 3070 3735 3140 Συνέσχε

442 3155 782 3213 calamitates
832 3172 960 3213 suas
1009 3158 1282 3229 deploret.
1330 3161 1494 3216 Facta
1536 3177 1704 3231 porro
1747 3177 1871 3217 cum
1910 3164 2025 3218 suis

2133 3160 2191 3213 δὲ
2236 3159 2377 3226 ζωὸν
2412 3162 2507 3215 καὶ
2542 3162 2707 3216 αὐτὸν
2742 3162 2836 3216 τὸν
2876 3163 3179 3235 Γελίμερα.
3203 3162 3304 3217 σὺν
3355 3167 3572 3234 γαμετῇ
3629 3165 3734 3217 καὶ

444 3247 747 3313 deditione,
781 3248 850 3304 ad
878 3249 1201 3305 Belisarium
1233 3252 1390 3308 vivus
1422 3261 1505 3309 est
1539 3254 1859 3323 perductus,
1886 3255 2029 3311 inte-

446 3340 549 3395 rim
580 3340 805 3395 ridens:
856 3349 917 3395 ut
959 3343 1054 3412 qui
1098 3341 1386 3411 videbant,
1421 3360 1548 3399 eum
1595 3336 1788 3402 errore
1829 3350 2032 3404 mentis

445 3430 583 3486 allici
617 3431 931 3493 crederent,
963 3434 1034 3489 ob
1063 3433 1390 3491 calamitatis
1420 3437 1879 3508 magnitudinem.
1922 3440 2031 3497 Sed

446 3537 538 3577 res
560 3522 722 3577 aliter
751 3536 811 3578 se
836 3522 1097 3578 habebat.
1141 3523 1278 3579 Nam
1311 3525 1440 3580 dum
1470 3525 1707 3582 fortunae
1735 3542 1851 3585 sua:
1879 3543 2030 3585 com-

448 3613 809 3669 mutationem
852 3615 1035 3669 animo
1075 3623 1390 3685 reputaret,
1425 3617 1537 3689 63
1566 3618 1809 3674 humana
1843 3621 2031 3677 omnia

448 3704 681 3760 ridicula
712 3720 835 3760 esse
866 3706 1240 3767 existimabat.
1273 3703 1572 3762 Belisarius
1601 3721 1732 3762 vero
1761 3718 1818 3764 et
1841 3709 2032 3780 ipsum

449 3807 505 3851 et
529 3796 697 3851 duces
724 3797 1093 3852 Vandalorum
1118 3796 1173 3851 in
1201 3796 1454 3854 custodia
1479 3796 1784 3857 honorifice
1815 3799 2031 3869 habuit,

452 3899 514 3944 ut
534 3888 600 3943 ad
628 3888 1012 3959 imperatorem
1036 3889 1495 3959 perducereutur.
1518 3886 1679 3958 Cepit
1701 3897 1760 3946 et
1785 3888 2031 3948 Siciliam

451 3992 507 4038 et
529 3982 836 4038 Sardiniam
877 3982 1134 4047 insulam,
1169 3982 1238 4037 de
1277 3997 1386 4052 qua
1425 3994 1591 4051 supra
1632 3996 1664 4035 a
1695 3997 1785 4039 me
1822 3984 2033 4041 dictum

450 4085 556 4141 est,
580 4083 635 4130 et
665 4074 729 4130 ad
770 4074 951 4130 Gades
993 4089 1166 4144 usque
1212 4074 1460 4131 subactis
1488 4077 1749 4132 omnibus
1775 4095 1790 4132 :
1824 4078 1904 4133 sic
1932 4078 2034 4132 de-

450 4184 601 4224 mum
627 4169 945 4239 Byzantium
968 4176 1053 4223 est
1090 4183 1365 4234 reversus,
1395 4179 1452 4224 et
1478 4169 1660 4240 ipsum
1691 4169 2032 4227 Gelimerum

451 4276 576 4316 cum
611 4276 807 4325 uxore,
838 4259 1047 4326 liberis,
1087 4260 1336 4330 cognatis
1398 4268 1456 4315 et
1486 4260 1747 4316 omnibus
1785 4262 1906 4332 ejus
1937 4263 2036 4317 mi«

455 4355 696 4411 niateriis
729 4354 979 4410 adduxit.
1012 4352 1096 4408 Ob
1127 4366 1249 4423 quae
1289 4367 1520 4424 magnus
1553 4353 1605 4408 ei
1639 4353 1818 4410 honos
1848 4362 1933 4411 est
1965 4354 2035 4410 ab

456 4451 785 4521 imperatore
812 4447 1035 4502 habitus
1063 4452 1120 4500 et
1154 4445 1471 4525 triumphus
1501 4445 1794 4514 decretus,
1826 4456 1883 4502 et
1916 4446 2034 4503 ludi

2134 3252 2347 3311 τέκνοις
2403 3251 2599 3307 αὑτοῦ.
2649 3253 2890 3322 Λέγεται
2947 3254 3008 3306 δε
3064 3253 3514 3325 πολιορκουμένῳ
3574 3255 3733 3325 αὖτῷ

2137 3344 2279 3414 μετὰ
2309 3345 2419 3398 τῶν
2450 3346 2667 3400 οἰκείων
2697 3348 2755 3399 ἐν
2785 3336 2943 3418 χώρα
2976 3346 3161 3418 λυπρᾷ
3208 3349 3274 3417 τῇ
3315 3347 3425 3399 τῶν
3466 3348 3731 3418 Μαυρουο

2138 3437 2293 3497 σίων,
2336 3436 2619 3508 ἐπιλεῖψαι
2668 3440 2736 3491 τὰ
2787 3436 3040 3510 ζωαρκῆ,
3075 3438 3168 3491 τὸν
3199 3438 3256 3491 δὲ
3293 3440 3604 3493 ἐπιστεῖλαι
3647 3442 3730 3511 τῷ

2133 3529 2525 3600 ταγματάρχῃ,
2553 3531 2612 3584 ὃν
2636 3530 2664 3582 6
2694 3530 3010 3600 Βελισάριος
3030 3532 3096 3601 τῇ
3162 3529 3457 3601 πολιορκίᾳ
3489 3530 3731 3599 ἐπέστη-

2137 3638 2251 3683 σεν,
2306 3622 2569 3676 αἰτοῦντα
2622 3621 2833 3675 στεῖλαί
2873 3612 2923 3675 οἱ
2973 3622 3138 3693 ἄρτον
3168 3620 3302 3695 ἕνα,
3337 3623 3432 3674 καὶ
3462 3621 3726 3691 κιθάραν,

2137 3715 2233 3767 καὶ
2267 3714 2530 3782 σπόγγον.
2591 3714 2704 3768 Καὶ
2737 3712 2797 3777 ὃς
2831 3713 3067 3767 συνιδεῖν
3119 3713 3221 3767 οὐκ
3271 3712 3435 3784 ἔχων,
3488 3712 3610 3765 ὅτου
3665 3730 3729 3781 γε

2136 3806 2301 3877 χάριν
2335 3806 2619 3860 αἰτοῦνται
2650 3807 2803 3877 παρὰ
2828 3806 2925 3860 τοῦ
2972 3805 3273 3877 Γελιμερος
3301 3808 3370 3860 τὰ
3404 3806 3729 3875 αἰτούμενα,

2136 3897 2229 3952 τὸν
2269 3898 2370 3969 τῆς
2410 3899 2632 3971 γραφῆς
2682 3899 2940 3970 ἠρώτησε
2991 3900 3263 3969 κομιστὴν
3293 3913 3309 3929 ·
3355 3900 3384 3953 6
3412 3896 3468 3951 δέ
3503 3899 3595 3952 τὸν
3629 3898 3735 3967 μὲν

2137 3994 2304 4061 ἄρτον
2360 3991 2436 4061 (5)
2496 3986 2652 4044 εἶπεν
2725 3992 2937 4055 αἰτεῖν,
2990 3990 3278 4060 ἐπιθυμῶν
3333 3989 3525 4044 τοῦτον
3577 3990 3732 4055 ἰδεῖν,

2137 4086 2263 4137 ἐπεὶ
2315 4081 2391 4154 μὴ
2432 4075 2574 4136 εἶδεν
2608 4081 2797 4147 ἐξότου
2840 4080 2946 4149 τῆς
2985 4079 3337 4151 Καρχηδόνος
3366 4080 3731 4142 ἐκπέπτωκε,

2135 4177 2245 4231 τῶν
2295 4175 2620 4248 Βαρϐάρων,
2681 4173 2815 4244 παρ’
2867 4169 2948 4236 οἷς
3000 4174 3140 4238 ἐστὶ,
3197 4171 3475 4226 κακοϐίων
3515 4170 3690 4224 όντων
3717 4188 3733 4202 ο

2137 4270 2229 4324 τὸν
2271 4270 2330 4324 δὲ
2354 4269 2640 4338 σπόγγον,
2672 4268 2764 4321 ἵνα
2807 4265 2985 4334 τούτῳ
3025 4266 3135 4320 τῶν
3167 4264 3437 4335 ὀμμάτων
3472 4265 3739 4336 ἐκμάσσῃ

2135 4361 2205 4415 τὰ
2229 4360 2443 4431 δάκρυα
2468 4377 2483 4392 ·
2516 4359 2619 4430 τὴν
2647 4360 2705 4413 δὲ
2735 4358 2970 4430 κιθάραν
2990 4399 3005 4423 ,
3036 4358 3125 4411 ἵνα
3160 4357 3337 4430 ταύτῃ
3385 4357 3485 4421 τὰς
3520 4356 3742 4419 οἰκείας

2140 4450 2433 4522 συμφορὰς
2463 4448 2910 4520 ἀποκλαύσηται.
2941 4448 3168 4503 Ἑαυτὸν
3193 4448 3251 4503 δὲ
3277 4449 3427 4519 ὅμως
3450 4451 3477 4501 ὁ
3496 4447 3741 4517 Γελίμερ

452 4549 741 4612 equestres
768 4541 825 4595 in
861 4539 1076 4594 theatro
1110 4538 1239 4603 acti,
1266 4537 1387 4608 ipso
1416 4537 1750 4608 imperatore
1784 4538 1855 4594 de
1878 4554 2025 4595 more

2142 4543 2425 4617 παραδοὺς
2474 4546 2590 4608 τοῖς
2644 4543 3003 4613 πολιορκοῦσι
3057 4541 3197 4612 μετὰ
3256 4540 3368 4595 τῶν
3427 4540 3737 4604 συνόντων,

455 4634 818 4705 przesidente,
856 4642 914 4687 et
956 4639 1151 4687 senatu
1193 4630 1454 4700 omnique
1492 4631 1700 4700 popqu
1740 4644 2034 4703 praesente.

456 4725 797 4785 Procedebat
833 4733 1016 4779 autem
1053 4722 1349 4778 Belisarius
1380 4721 1511 4786 dux,
1543 4721 1810 4779 Gelimeri
1840 4727 2037 4783 subse-

2133 4637 2275 4710 ἧχθη
2308 4635 2449 4707 πρὸς
2503 4634 2850 4706 Βελισάριον,
2898 4633 2994 4688 καὶ
3037 4633 3205 4700 ἐγέλα
3253 4631 3391 4703 πρὸς
3434 4630 3599 4684 αὑτὸν
3627 4632 3745 4683 sic"

2132 4727 2427 4798 αγόμενος,
2482 4724 2561 4790 ὡς
2622 4727 2741 4788 τοῖς
2774 4724 2980 4795 ὁρῶσιν
3012 4723 3366 4798 ἐξεὲστηκέναι
3407 4722 3587 4776 δοκεῖν
3637 4721 3746 4774 αὖ-

455 4821 678 4891 quentis
710 4835 965 4889 purpura:
995 4833 1161 4872 manu
1193 4816 1446 4881 innixus,
1481 4817 1878 4877 comitantibus
1909 4837 2025 4878 cen-

2138 4794 2255 4887 τον,
2287 4820 2382 4875 διὰ
2417 4818 2519 4892 τὴν
2551 4818 2648 4873 τοῦ
2686 4794 2896 4883 πάθους
2919 4794 3254 4888 ύπερϐιῖήν.
3281 4811 3395 4868 Ἦν
3414 4813 3458 4866 δ’
3482 4814 3736 4882 ἑτεροῖόν

459 4911 774 4968 turionibus
807 4919 863 4964 et
903 4908 1173 4972 tribunis,
1217 4915 1274 4963 et
1302 4908 1564 4964 Gelimeri
1596 4911 1868 4982 cognatis.
1903 4914 2025 4969 Cun

2138 4931 2195 4967 τι
2226 4913 2289 4966 τὸ
2315 4911 2626 4983 γινόμενον.
2654 4909 3147 4979 Ἀναλογιζόμενος
3172 4908 3283 4978 γὰρ
3310 4908 3390 4970 είς
3417 4905 3539 4958 οἷαν
3559 4905 3741 4974 τύχην

455 5005 565 5076 jam
612 5002 679 5056 ad
719 5003 1109 5072 imperatorem
1153 5008 1480 5069 perventum
1521 5010 1698 5068 esset,
1744 5005 2025 5063 Belisarius

2143 5003 2203 5069 ἐξ
2236 5002 2356 5065 οἵας
2389 5003 2730 5073 κατήντησε,
2763 5001 2858 5054 καὶ
2891 4999 3129 5068 γέλωτος
3175 4997 3304 5062 ἀξια
3348 4996 3626 5065 κεκρικὼς
3653 4994 3727 5048 τὰ

457 5103 739 5159 Gelimero
770 5102 1086 5173 persuadet,
1114 5110 1176 5157 ut
1204 5101 1358 5156 humi
1394 5100 1741 5173 procumbat,
1771 5106 1829 5155 et
1860 5099 2025 5168 impe-

2140 5093 2489 5164 ἀνθρώπινα,
2525 5093 2691 5162 ἐγέλα
2729 5091 2930 5147 ταῦτα.
2971 5089 3292 5161 Βελισάριος
3323 5087 3381 5140 δὲ
3437 5087 3531 5140 καὶ
3575 5085 3746 5139 αὐτὸν

1610 5252 1815 5314 Varia
1838 5251 2157 5315 lectiones
2200 5255 2263 5312 et
2298 5255 2489 5311 notae.

543 5386 644 5457 (ἵ)
669 5384 1021 5459 Πρρκᾴπιος.
1038 5380 1120 5459 _Ut
1139 5376 1445 5459 ProcOpius
1465 5373 1841 5459 Caasa‘riensis,
1860 5388 2025 5459 rerum

2155 5370 2444 5459 ἕωύρςωη
2470 5368 2782 5459 Βελισάρξε,
2840 5365 3050 5459 στεῖλόρι
3075 5383 3200 5459 ομοι,
3238 5366 3495 5459 σπόγγοὲ,
3527 5364 3717 5434 ἄρτον,

464 5436 883 5525 (ιιιξιξ’ἐοί·ἰρεὶι
928 5436 1188 5507 oculatus
1246 5436 1425 5510 testis,
1478 5454 1536 5502 et
1593 5436 1924 5499 Belisariuut
1980 5445 2025 5523 in

476 5527 646 5557 Δι’..ςηα
673 5533 723 5557 nl
760 5524 812 5557 in
843 5523 998 5557 ιιηιία
1030 5521 1167 5557 Imllo
1197 5530 1481 5557 σονιιηιρητ
1523 5514 1826 5557 nmnimtng
1851 5513 2017 5557 fuerit

2155 5443 2269 5511 Τὴν
2299 5436 2491 5510 item:
2513 5436 2937 5526 τραγῴδήσαιμι
2980 5438 3040 5490 τδ
3074 5436 3501 5521 βαρυσύμφορόν
3526 5453 3657 5503 μου,

2153 5512 2403 5557 Σπόνγου
2445 5510 2491 5557 δ’
2539 5525 2615 5557 ως
2660 5509 3053 5557 ἀπομόργνυιιι
3089 5507 3341 5557 δακουων
3396 5506 3496 5557 τὸς
3556 5505 3750 5557 πλην.-

467 5507 731 5582 λίιῖίοοίρι
760 5507 814 5576 in
843 5523 1002 5577 Italia
1028 5521 1169 5575 bella
1196 5507 1482 5589 gerentem
1523 5514 1826 5570 comitatus
1851 5513 2017 5567 fuerit

2153 5507 2403 5580 Σπόγγον
2445 5510 2491 5564 δ’
2539 5507 3053 5579 ὼςάπομόργνυμι
3089 5507 3341 5571 δακρύων
3396 5507 3529 5589 ’θεὸςΓ
3556 5507 3719 5589 πλημ

469 5572 731 5652 ἰὶὄιίῖῖηῖ
747 5572 1015 5662 {assist},
1028 5572 1306 5644 “tegatur.
1380 5572 1388 5574 “
1998 5653 2007 5664 _

543 5666 621 5697 ,τι
675 5667 739 5697 ἠ
769 5662 836 5697 as
862 5664 969 5697 nx..-
1002 5660 1109 5697 ..ὸν
1136 5659 1320 5697 Amm»
1377 5656 1617 5697 Ιτωηηρςι
1643 5652 1896 5697 Tutus-
1921 5652 2025 5697 nhil

3542 5596 3609 5639 μυ
3652 5594 3720 5627 α’

2160 5652 2362 5697 Ἀοτον
2382 5649 2428 5697 δ’
2453 5649 2528 5697 ὡς
2552 5649 2618 5697 ἂν
2648 5648 2928 5697 κατίδοιμι
2957 5647 3062 5697 κᾶν
3096 5645 3267 5697 μόνην
3294 5644 3486 5697 τούτου
3510 5572 3670 5697 Elaﬁus.
3696 5615 3745 5642 τ’

543 5645 638 5732 ὧι
673 5645 971 5717 esse»
991 5645 1109 5731 μὲν
1136 5659 1339 5728 ἄρτον.
1375 5656 1617 5713 Joannes
1643 5652 1899 5718 Tzetzes,
1921 5652 2025 5708 cbil

2160 5652 2362 5721 Ἀρτον
2382 5649 2428 5702 δ’
2453 5649 2528 5714 ὡς
2552 5649 2618 5703 ἂν
2648 5648 2928 5715 κατίδοιμι
2957 5647 3062 5702 κᾶν
3094 5645 3267 5717 μόνην
3294 5645 3486 5699 τούτου
3512 5645 3670 5699 θέαν.

473 5751 558 5797 ιη’
588 5748 641 5787 θ’
676 5734 745 5787 85
2161 5757 2315 5814 Hanc
2337 5755 2630 5818 historiam
2665 5753 2852 5825 attigit
2889 5753 3059 5810 etiam
3082 5750 3305 5811 Nicetes
3332 5752 3388 5809 in
3426 5751 3660 5819 Isaacio,
3705 5752 3753 5810 l.

476 5838 721 5910 Γράμμα
754 5838 894 5909 πρὸς
923 5835 1242 5906 Βελισάριον
1276 5832 1583 5905 περιπαθὲς
1612 5849 1664 5886 τι
1692 5828 1926 5902 γράφει,
2162 5844 2248 5891 ιιι,
2283 5843 2340 5882 n.
2362 5825 2418 5883 2.
