4068 6452
419 429 559 495 1247

1685 428 1929 488 JUANN
1944 428 2014 487 IS
2050 427 2371 488 ΖΟΝΛΒᾸΞ

3546 411 3719 475 1218

409 554 653 597 laturum
681 552 805 596 esse
832 535 1231 610 respondisset,
1266 550 1331 593 ac
1365 536 1586 594 beatum
1623 538 1764 603 fore,
1794 538 1840 594 si
1866 537 1992 594 talis
2018 546 2037 600 Α

2137 535 2619 601 ταντινουπόλεως,
2650 533 2752 605 τῆς
2803 530 3016 596 οἰκείας
3060 528 3347 610 ἀντείχετο
3399 525 3715 598 πράξεως-

410 632 518 690 sibi
542 632 672 688 vita:
707 631 891 688 exitus
916 630 1145 686 daretur
1170 647 1187 686 :
1212 630 1628 688 verecundatus
1666 632 1994 702 imperator,

413 731 737 793 mutataque
764 723 1059 788 sententia,
1093 738 1209 778 rem
1228 723 1649 779 examinandum
1681 723 1994 795 proposuit.

415 820 495 871 Ac
554 813 807 870 nonnulli
849 828 881 870 e
929 813 1270 885 primoribus
1320 814 1704 871 sacerdotibus
1750 816 1999 887 Agapeto

416 920 571 976 papa:
609 904 860 961 Romano
900 904 957 960 in
1001 904 1370 976 imperatricis
1401 908 1633 976 gratiam
1668 916 1800 962 sunt
1830 905 2003 962 refra-

419 995 555 1065 gati,
576 994 647 1050 ab
668 995 863 1051 eadem
893 1009 1116 1066 quoque
1139 994 1529 1066 largitionibus
1549 995 1795 1066 corrupti
1821 1014 1837 1051 :
1863 1010 2004 1066 quos

424 1097 608 1141 tamen
639 1085 733 1141 ille
764 1085 860 1157 qui
891 1087 1184 1142 veritatem
1220 1085 1571 1152 defenderet,
1611 1101 1807 1143 omnes
1840 1102 2006 1159 supe-

425 1180 589 1235 ravit.
614 1177 804 1251 Itaque
826 1162 1143 1247 Anthimus,
1172 1178 1396 1245 throno,
1415 1193 1581 1250 quem
1602 1193 1810 1233 annum
1832 1193 2003 1234 unum

424 1279 755 1341 occuparat,
797 1279 883 1327 est
931 1273 1170 1344 ejectus.
1220 1271 1557 1342 imperatore
1597 1271 2009 1328 sanctissimum

428 1378 626 1432 papam
660 1371 719 1419 et
751 1364 1041 1419 veritatem
1070 1363 1334 1431 reverito,
1361 1372 1419 1419 et
1445 1364 1500 1419 in
1531 1365 1653 1437 ejus
1676 1364 1859 1419 locum
1896 1364 2012 1419 suf-

429 1456 607 1510 fectus
651 1455 861 1519 Menas,
889 1457 977 1512 vir
1017 1472 1247 1514 summa:
1289 1456 1545 1528 pietatis,
1603 1457 2014 1512 Alexandrinus

432 1549 639 1618 patria,
697 1557 753 1604 et
801 1549 1005 1606 illustri
1054 1565 1258 1622 genere
1305 1561 1500 1614 ortus.
1542 1550 1859 1606 litterarum
1902 1566 2013 1605 non

433 1654 658 1708 expers,
711 1654 992 1695 sacrarum
1039 1642 1297 1698 maxime.
1342 1640 1574 1697 Divinus
1601 1640 1768 1712 igitur
1798 1639 2011 1704 Menas,

2106 631 2501 702 Ἐνισταμένου
2534 628 2582 685 δ’
2604 627 2688 683 ἔτι
2716 625 2812 681 τοῦ
2838 624 2988 681 θείου
3019 609 3365 692 Ἀγαπητοῦ,
3390 620 3488 674 καὶ
3518 619 3630 689 ἠπε
3644 616 3715 671 ι-

2097 727 2181 780 λει
2209 724 2360 797 αὑτῴ
2391 723 2584 797 κύριος
2629 717 2772 777 εἶναι
2817 719 3017 788 λέγων,
3063 718 3326 789 πράττειν
3353 713 3383 769 δ
3411 711 3710 785 βούλοιτο.

2112 819 2204 882 Ὃς
2229 818 2276 873 δ’
2309 818 2549 888 ἔπεγέλα
2586 814 2902 872 ἀπειλοῦντι
2938 811 3016 884 (7)
3058 810 3139 883 τῷ
3184 809 3404 881 βασιλεῖ
3432 811 3463 863 ό
3491 808 3715 879 ἀρχιε-

2107 913 2256 983 ρεὺς,
2289 914 2385 968 καὶ
2412 911 2587 985 ήδέως
2629 911 2698 967 ἂν
2729 908 2991 976 δέξασθαι
3035 907 3133 961 καὶ
3162 906 3265 975 τὴν
3312 904 3531 975 σφαγὴν
3567 903 3721 957 ἀντ-

2108 1008 2307 1078 επῆγε,
2332 1006 2430 1060 καὶ
2474 1003 2747 1075 μακάριος
2773 995 2934 1066 εἶναι,
2966 1000 3017 1054 εί
3042 998 3175 1069 γάρ,
3207 997 3417 1068 ἔλεγεν,
3447 993 3717 1050 τοιούτου

2105 1100 2298 1165 τέλους
2338 1096 2623 1169 ἀξιωθείη,
2657 1094 2863 1169 ᾐδέσθη
2891 1096 2919 1149 ό
2961 1090 3347 1164 αὐτοκράτωρ,
3390 1089 3491 1145 καὶ
3524 1105 3717 1157 μετα-

2109 1192 2311 1263 ϐαλὼν,
2358 1190 2467 1246 ὑπὸ
2511 1189 2744 1262 ζήτησιν
2798 1187 2899 1259 τὴν
2945 1185 3151 1258 πρᾶξιν
3206 1183 3526 1254 καθίστησι.
3588 1180 3718 1235 Καὶ

2111 1287 2368 1340 ἀντεῖπον
2399 1282 2501 1352 μέν
2539 1297 2686 1344 τινες
2733 1278 2846 1334 τῶν
2887 1277 3199 1350 ἀρχιερέων
3234 1276 3314 1346 τῷ
3358 1274 3521 1345 «an;
3561 1273 3717 1327 Ῥώ-

2119 1395 2227 1450 μης
2258 1374 2580 1449 ’Δγαπητῷ,
2613 1377 2680 1446 τῇ
2714 1371 3007 1446 βασιλίσσῃ
3047 1370 3428 1443 χαριζόμενοι,
3465 1370 3601 1438 παρ’
3637 1365 3715 1442 ἧς

2117 1473 2211 1525 καὶ
2236 1472 2524 1543 χρήμασιν
2565 1468 2994 1540 ὕπεφθάρησαν.
3026 1465 3257 1521 Πάντων
3304 1462 3348 1517 δ’
3388 1466 3604 1526 ἐκεῖνος
3637 1464 3712 1533 τῇ

2117 1564 2348 1635 ἀληθείᾳ
2383 1563 2728 1634 συνηγορῶν,
2747 1560 3152 1633 ὑπερετέρησε,
3173 1558 3268 1613 καὶ
3282 1558 3311 1611 ό
3341 1555 3610 1626 Ἀνοιμος
3631 1556 3714 1627 (3)

2121 1658 2217 1712 τοῦ
2266 1658 2463 1729 Θρόνου
2517 1656 2621 1727 τῆς
2671 1651 3304 1717 Κωνσταντινουπόλεως
3366 1649 3711 1718 ὲκϐἑόλητο,

435 1730 544 1786 hoc
578 1731 743 1787 modo
772 1734 1154 1804 patriarchatu
1188 1735 1430 1807 potitus,
1470 1750 1536 1789 ac
1564 1734 1683 1805 ipse
1716 1733 1904 1805 potius
1935 1732 2018 1788 fe-

2137 1752 2242 1814 ξτος
2267 1749 2326 1807 ἓν
2358 1747 2696 1815 ἀπολαύσας,
2726 1746 2894 1802 αὐτοῦ
2920 1745 3018 1800 τοῦ
3047 1744 3318 1816 βασιλέως
3358 1741 3717 1804 αἰδεσθέντος

435 1821 530 1877 1ἰοί
552 1834 700 1879 sorte
725 1825 1125 1895 patriarchatui
1150 1826 1408 1893 traditus,
1427 1826 1748 1897 particulari
1782 1825 2021 1881 concilio

2137 1844 2213 1899 τὸν
2262 1841 2557 1914 ίερώτατον
2604 1841 2816 1905 πάπαν,
2848 1839 2947 1895 καὶ
2982 1838 3082 1911 τήν
3128 1837 3414 1910 ἀλήθειαν.
3454 1835 3708 1888 ’Λντεεσο

437 1926 565 1967 cum
594 1916 854 1987 pontiﬁce
880 1919 1126 1989 Agapeto
1153 1929 1480 1985 convocato,
1526 1917 1818 1983 Severum,
1850 1918 2020 1989 Euty-

439 2005 622 2070 chem,
644 2007 893 2074 Petrum,
921 2004 1398 2067 Halicarnasseum
1419 2010 1722 2074 lulianum,
1746 2019 1803 2066 et
1824 2009 2024 2064 Anthi-

441 2114 593 2155 mum
623 2115 969 2157 assensorem
1014 2103 1234 2158 illorum
1267 2103 1620 2158 anathemate
1643 2110 1818 2158 notat.
1848 2100 2023 2158 Caete-

442 2208 566 2248 rum
609 2195 994 2251 sanctissimus
1037 2212 1177 2267 papa
1233 2200 1512 2268 Agapetus
1547 2195 2026 2264 Constantinopoli

444 2288 742 2346 defunctus
796 2299 903 2346 est.
952 2291 1140 2347 Menas
1181 2306 1309 2347 eum
1354 2291 1658 2347 Ecclesiam
1703 2307 1802 2361 per
1851 2305 2028 2346 annos

444 2396 536 2436 xv:
573 2382 661 2453 pie
692 2383 1074 2455 gubernasset,
1110 2385 1271 2441 obiit.
1306 2385 1371 2440 Ei
1404 2384 1673 2441 successit
1701 2385 2028 2457 Eutychius,

448 2485 714 2547 recteque
758 2477 980 2548 praal‘uit
1022 2494 1120 2550 per
1159 2494 1335 2535 annos
1382 2478 1700 2535 duodecim.
1737 2478 1852 2535 Sub
1895 2478 2027 2546 hoc,

448 2566 706 2636 quintum
728 2569 1027 2624 concilium
1056 2579 1142 2625 εει
1162 2579 1413 2626 coactum
1438 2586 1570 2626 caxv
1590 2578 1909 2627 sanctorum
1928 2569 2034 2625 Pa-

452 2668 623 2722 trum,
654 2674 890 2729 quorum
923 2661 1181 2734 princeps
1215 2663 1319 2718 fuit
1356 2662 1591 2736 Vigilius
1641 2676 1784 2734 papa
1825 2663 2033 2720 Roma-

452 2765 583 2815 nus,
609 2760 665 2807 et
689 2750 737 2805 is
758 2751 919 2823 cujus
936 2753 1050 2825 jam
1078 2752 1222 2811 facta
1253 2755 1461 2811 mentio
1486 2765 1595 2820 est,
1623 2754 1953 2826 Eutychius,
1978 2762 2051 2821 et,

452 2843 859 2901 Alexandrinus
905 2846 1261 2916 Apollinaris.
1310 2846 1544 2903 Coneilii
1617 2847 1782 2919 hujus
1840 2846 2036 2903 indicti

454 2949 620 2991 causa
653 2935 759 2992 fuit
788 2937 1089 3009 Origenes,
1139 2940 1370 3011 ejusque
1415 2955 1691 3010 perversae
1720 2940 2036 3011 opiniones,

454 3038 515 3084 et
554 3039 855 3086 sectatores
892 3032 1013 3103 ejus
1047 3031 1310 3104 Didymus
1351 3041 1518 3104 atque
1559 3032 1827 3103 Evagrius
1856 3051 1869 3088 :
1899 3046 2041 3102 quo-

2123 1933 2267 2008 ήχθη
2308 1933 2369 1989 δὲ
2417 1933 2613 2005 Μηνᾶς
2644 1932 2747 2003 (9),
2776 1930 2918 2003 ἀνὴρ
2946 1929 3368 1994 εὐσεϐέστατος,
3393 1926 3578 1998 αὐχῶν
3607 1928 3722 1997 μὲν

2126 2026 2367 2099 πατρίδα
2413 2024 2516 2097 τὴν
2546 2025 2672 2079 κατ’
2721 2025 3002 2094 Αἴγυπτον
3049 2020 3494 2092 Ἀλεξάνδρειαν,
3539 2021 3725 2088 ὲκφυς

2124 2120 2170 2174 δ’
2196 2120 2317 2184 ἑνὸς
2355 2119 2462 2174 τῶν
2494 2119 2553 2172 ὲν
2583 2116 2760 2189 ταύτῃ
2795 2114 3099 2186 ἐπιφανῶν,
3132 2114 3231 2169 καὶ
3280 2113 3458 2183 λόγων
3502 2114 3605 2167 οὐκ
3638 2112 3724 2166 ὣν

2127 2210 2485 2281 ἀνομίλητος,
2516 2210 2613 2264 καὶ
2665 2207 2902 2279 μάλιστά
2956 2223 3021 2277 γε
3046 2205 3161 2260 τῶν
3207 2205 3524 2276 θειοτέρων.
3560 2203 3731 2258 Οὕτω

2127 2303 2185 2358 δὲ
2214 2303 2315 2374 τῆς
2346 2298 2759 2374 ἀρχιερωσύνης
2791 2298 2985 2369 Μηνᾶς
3013 2296 3042 2350 ὁ
3084 2294 3236 2360 Θετος
3266 2293 3473 2365 τυχὼν,
3509 2294 3542 2365 ἢ
3577 2292 3731 2364 μᾶλ-

2128 2397 2222 2451 λον
2275 2395 2498 2463 ἐκείνης
2544 2388 2933 2463 εὐτυχησάσης
2984 2387 3178 2453 αὐτὸν,
3204 2386 3441 2441 ’σύνοδον
3484 2386 3733 2456 μερικὴν

2132 2486 2445 2557 συγκροτεῖ,
2484 2484 2584 2537 σὺν
2607 2482 2687 2554 τῷ
2727 2480 2885 2553 πάπᾳ
2915 2478 3241 2549 Ἀγαπητῷ,
3277 2480 3374 2532 καὶ
3406 2477 3735 2545 άναθέματι

2134 2574 2457 2647 περιϐάλλει
2490 2570 2754 2644 Σεϐἧρον,
2786 2573 2883 2625 καὶ
2922 2570 3165 2641 Εὐτυχῆ,
3213 2569 3309 2622 καὶ
3354 2568 3587 2637 Πέτρον,
3626 2569 3733 2621 καὶ

2134 2671 2229 2725 τὸν
2292 2666 2704 2739 Ἁλικαρνασέα
2764 2663 3079 2726 Ἰουλιανὸν,
3151 2663 3248 2717 καὶ
3310 2661 3404 2715 τὸν
3457 2661 3736 2727 Ἀνοιμον

2135 2763 2213 2826 ὡς
2277 2761 2507 2824 ἐκείνοις
2564 2759 2870 2831 ὁμόφρονα.
2927 2756 3051 2810 Ἐτι
3089 2755 3140 2810 δ’
3191 2758 3250 2809 ὲν
3307 2754 3384 2826 τῷ
3438 2752 3739 2824 Βυζαντίῳ

2136 2854 2344 2922 διάγων
2381 2856 2411 2909 ό
2455 2852 2755 2925 ίερὼτατος
2804 2853 2993 2915 πάπας
3037 2851 3380 2921 Ἀγαπητδς,
3417 2845 3737 2920 μετήλλαξε

2139 2949 2240 3021 τὴν
2264 2948 2436 3017 ζωήν.
2485 2945 2545 3000 '0
2578 2945 2766 3016 μέντοι
2798 2944 2999 3013 Μηνᾶς
3029 2941 3144 3013 (10)
3188 2941 3285 2994 ἐπὶ
3333 2940 3464 2995 δέκα
3516 2941 3613 2993 καὶ
3665 2938 3739 3005 ἒξ

2140 3040 2241 3110 τὴν
2295 3037 2627 3109 Ἐκκλησίαν
2661 3034 2905 3098 εὐσεϐῶς
2960 3032 3148 3098 ἰθύνας
3198 3032 3316 3104 ἔτη.
3349 3031 3444 3085 τὸν
3477 3033 3593 3102 βίον
3624 3049 3737 3084 κα-

458 3136 588 3177 rum
628 3123 824 3195 dogma
854 3123 956 3180 fuit
983 3125 1198 3181 animas
1224 3132 1353 3181 ante
1385 3140 1622 3195 corpora
1650 3126 1952 3184 exstitisse.
1977 3132 2036 3180 et

2143 3134 2334 3187 τὲλυσε
2388 3131 2549 3205 (11)*
2603 3130 2702 3184 καὶ
2751 3129 2964 3200 ἀνήχθη
3027 3129 3110 3190 είς
3168 3120 3271 3197 τὴν
3321 3123 3736 3196 ἀρχιερατικὴν

460 3216 715 3286 supplicii
772 3215 936 3272 ﬁnem
977 3232 1131 3281 esse,
1178 3226 1237 3273 et
1278 3219 1555 3273 daemones
1596 3218 1887 3289 pristinam
1926 3218 2041 3288 68

460 3308 787 3379 dignitatem
854 3319 1319 3381 recuperaturos,
1386 3310 1604 3380 aliaque
1658 3310 1839 3381 plura.
1904 3310 2040 3374 llos,

461 3417 768 3472 eorumque
786 3402 1059 3474 dogmata,
1087 3418 1300 3459 necnon
1318 3400 1671 3458 Theodorum
1697 3418 1762 3457 ex
1786 3402 2043 3472 Mopsue-

462 3494 570 3549 stia
599 3491 836 3550 Nestorii
871 3495 1311 3566 sull'ragatorem,
1332 3496 1417 3550 vel
1438 3494 1758 3565 magistrum
1780 3494 1964 3566 potius
1986 3494 2047 3550 il-

464 3586 594 3652 lius,
616 3587 965 3643 anathemate
988 3594 1271 3651 notarunt,
1291 3603 1416 3645 eum
1437 3588 1788 3645 Justinianus
1810 3585 2047 3643 concilio

467 3680 779 3745 interesset,
804 3690 859 3736 et
884 3680 971 3749 pia
995 3681 1214 3736 decreta
1240 3681 1465 3737 Patrum
1493 3680 1845 3752 approbaret.
1869 3680 2049 3750 Atque

470 3778 590 3832 haec
618 3777 693 3831 ita
735 3785 885 3845 gesta
918 3786 1067 3831 sunt.
1115 3776 1414 3832 Belisarius
1455 3784 1639 3831 autem
1672 3791 1797 3832 cum
1844 3775 1897 3830 in
1943 3771 2052 3827 ita-

469 3870 602 3927 liam
629 3869 948 3942 trajeeisset,
982 3870 1220 3940 primum
1243 3868 1531 3940 Neapolim
1566 3867 1857 3926 obsidione
1879 3871 2049 3943 capit.

473 3961 683 4018 Deinde
722 3962 910 4018 Romae
953 3978 1175 4034 quoque
1220 3964 1392 4034 ipsius
1441 3964 1682 4033 potitur,
1727 3964 1931 4035 partim
1973 3965 2052 4032 vi,

472 4058 674 4127 partim
720 4056 1107 4113 benevolentia
1149 4057 1376 4113 civium.
1411 4057 1549 4113 Nam
1587 4056 1920 4114 Gotthorum
1956 4073 2056 4114 rex

472 4150 797 4205 Theudatus
850 4150 1124 4213 Ravennae
1173 4149 1428 4221 degebat.
1486 4149 1856 4205 Mediolanum
1918 4150 2052 4206 item

476 4244 708 4307 Romani
739 4252 1024 4315 ceperunt.
1058 4242 1190 4310 Quae
1222 4241 1357 4298 urbs
1384 4256 1510 4298 eum
1550 4256 1580 4296 a
1620 4240 1839 4297 Gotthis
1871 4241 2057 4297 denuo

477 4335 858 4402 obsideretur,
900 4336 1199 4407 imperator
1224 4335 1512 4392 Narsetem
1552 4332 1819 4392 Belisario
1852 4350 2058 4406 suppe-

2143 3224 2421 3297 καθέδραν
2445 3223 2547 3294 τῆς
2573 3222 2721 3284 Νέας
2758 3220 2980 3289 Ῥώμης
3011 3219 3277 3289 Εὑτύχιος
3312 3214 3448 3289 (l2).
3484 3216 3738 3285 προστὰς

2142 3320 2497 3392 όρθοφρόνως
2540 3319 2643 3389 τῆς
2674 3315 3008 3386 Ἐκκλησίας
3057 3311 3344 3376 ἐνιαυτοὺς
3378 3308 3738 3364 δυοκαίδεκα.

2157 3413 2274 3482 Ἐφ’
2300 3407 2363 3467 οὗ
2389 3413 2484 3466 καὶ
2508 3413 2540 3483 ἡ
2579 3409 2809 3480 πέμπτη
2839 3406 2954 3479 (15)
2980 3404 3343 3477 συνήθροιστο
3374 3402 3590 3467 σύνοδος
3622 3403 3742 3456 τῶν

2147 3507 2344 3562 ἑκατὸν
2390 3505 2658 3576 ἑξήκοντα
2708 3504 2805 3557 καὶ
2863 3502 3030 3555 πέντε
3089 3498 3264 3568 ἁγίων
3324 3496 3611 3565 Πατὲρων,
3658 3490 3741 3550 ὧν

2148 3602 2353 3671 ἐξῆρχε
2412 3600 2654 3668 Βιγίλιος
2686 3597 2880 3659 πάπας
2921 3593 3168 3665 Ῥώμης,
3218 3593 3313 3647 καὶ
3357 3594 3385 3646 ό
3443 3590 3741 3662 εἰρημένος

2151 3694 2435 3765 Εὐτύχιος,
2506 3691 2605 3747 καὶ
2676 3692 2705 3744 ό
2790 3684 3216 3758 Ἀλεξανδρείας
3302 3682 3739 3754 Ἀπολλινάριος.

2153 3784 2522 3855 Συνήθροιστο
2553 3782 2611 3837 δὲ
2635 3780 2782 3836 κατὰ
2819 3778 2916 3833 τοῦ
2960 3777 3295 3850 Ὡριγένους,
3324 3777 3421 3831 atat
3439 3774 3551 3829 τῶν
3581 3775 3743 3829 ἀλλο·

2153 3877 2331 3932 κότων
2367 3874 2581 3931 ἐκείνου
2623 3872 2814 3941 δοξῶν,
2849 3870 2947 3925 xui.
2977 3870 3086 3926 τῶν
3113 3869 3184 3926 τά
3215 3870 3432 3925 ἐκείνου
3464 3868 3744 3941 πρεσϐευ-

2157 3971 2367 4025 σάντων
2398 3966 2525 4022 Διδύ
2536 3984 2638 4037 μου
2706 3966 2800 4020 καὶ
2836 3964 3138 4035 Εὐαγρίου,
3168 3964 3371 4028 οἵτινες
3404 3963 3519 4018 τῶν
3549 3963 3745 4035 ψυχῶν

2157 4055 2507 4129 προῦπαρξιν
2536 4053 2921 4126 ὲδογμάτιξον,
2962 4053 3057 4106 καὶ
3106 4052 3260 4114 τέλος
3301 4051 3409 4125 τῆς
3448 4052 3741 4117 κολάσεως

2156 4149 2368 4217 ελεγον,
2400 4148 2494 4203 καὶ
2541 4146 2653 4200 τῶν
2711 4145 2988 4216 δαιμόνων
3023 4145 3104 4209 είς
3150 4145 3212 4198 τὸ
3245 4144 3479 4216 ἀρχαῖον
3527 4143 3746 4198 ἀποκα-

2159 4240 2447 4305 τάστασιν,
2476 4240 2575 4293 καὶ
2621 4237 2791 4310 ἕτερα
2846 4238 3096 4301 πλείονα,
3130 4237 3226 4303 οὒς
3285 4238 3381 4293 καὶ
3430 4236 3748 4307 άναθὲματι

2163 4330 2263 4384 σὺν
2319 4333 2435 4394 τοῖς
2467 4329 2652 4384 αὐτῶν
2687 4328 2928 4383 ὑπέϐαλε
2979 4330 3273 4401 δόγμασιν,
3303 4326 3444 4383 ἀλλὰ
3500 4326 3601 4382 καὶ
3651 4327 3757 4383 τὸν

481 4429 585 4484 tias
605 4428 790 4493 mittit,
808 4428 1127 4484 eunuchum
1148 4428 1303 4483 illum
1324 4427 1570 4498 quidem,
1593 4436 1851 4483 caeterum
1874 4427 2037 4482 virun

2162 4423 2545 4496 Μοψουεστίας
2591 4424 2871 4496 Θεόδωρον
2904 4424 2972 4478 τά
3010 4423 3315 4494 Νεστορίου
3348 4421 3679 4493 φρονοῦντα,
3712 4420 3747 4493 ἢ

480 4528 792 4586 strenuum,
831 4529 886 4576 et
917 4520 997 4575 rei
1034 4520 1295 4576 militaris
1325 4520 1746 4590 peritissimum,
1772 4530 1830 4576 et
1861 4519 1929 4575 iis
1959 4535 2033 4590 qu

2166 4519 2369 4588 μᾶλλον
2395 4518 2613 4572 ἐκείνου
2646 4519 2917 4587 γεγονότα
2949 4517 3299 4581 διδάσκαλον,
3333 4516 3432 4570 καὶ
3461 4514 3553 4569 τοῦ
3586 4513 3750 4585 βασι-

482 4626 668 4667 rerum
713 4612 1085 4684 potiebantur,
1119 4611 1465 4668 familiarem.
1517 4612 1722 4667 Verum
1771 4611 1917 4667 inter
1955 4611 2060 4667 hos

483 4704 628 4759 duos
691 4719 886 4775 parum
951 4704 1336 4761 conveniebat.
1383 4703 1520 4759 Nam
1574 4719 1699 4758 cum
1755 4701 2058 4759 Belisarius

416 4832 423 4838 -
485 4814 756 4855 summam
796 4812 988 4871 rerum
1055 4800 1193 4853 bene
1242 4804 1519 4868 gestarum
1564 4795 1673 4853 sibi
1714 4794 2058 4861 vendicaret,

2158 4610 2297 4676 λέως
2342 4610 2731 4667 Ἰουστινιανοῦ
2790 4612 3063 4683 παρόντος
3114 4613 3174 4664 ἐν
3225 4613 3295 4683 τῇ
3357 4610 3586 4679 συνόδῳ,
3651 4610 3751 4664 καὶ

2163 4705 2619 4769 συνευδοκοῦντος
2639 4698 2723 4770 οἷς
2742 4704 2792 4759 οἱ
2819 4704 2955 4759 θεῖοι
2979 4705 3226 4775 Πατέρες
3245 4706 3446 4758 ἐκεῖνοι
3481 4702 3751 4771 Θεοφιλῶς

2160 4794 2550 4866 ᾠκονόμησαν.
2594 4795 2759 4850 Ἀλλά
2810 4795 2987 4849 ταῦτα
3039 4793 3141 4862 μὲν
3187 4791 3366 4864 ταύτῃ
3422 4793 3749 4863 συνήνεκτο.

1672 4954 1875 5019 νοτία)
1908 4953 2225 5019 lectiones
2254 4961 2318 5019 et
2349 4963 2540 5017 notae.

563 5112 642 5185 (7)
662 5111 1044 5169 Ἀπειλοῦντι
1088 5111 1174 5167 δέ.
1209 5110 1342 5166 Vide
1392 5109 1749 5165 Anastasium
1816 5105 1963 5162 Bibl.
2008 5103 2064 5158 in

491 5189 753 5244 Aaapeto.

539 5200 753 5258 gapeto.

566 5258 642 5326 (8)
695 5254 761 5310 '0
799 5255 1095 5326 Ἀνθίμος.
1115 5253 1447 5326 Anastasius
1473 5251 1542 5326 in_
1565 5249 1796 5326 Agapito
1833 5249 1935 5304 PP.
1961 5248 2068 5303 Eo—

458 5348 461 5351 δ
494 5323 612 5382 dent
627 5323 869 5396 tempore
914 5323 1065 5397 εῙεσὶι
1087 5323 1475 5397 (Jttstinianus)
1510 5323 1817 5377 Antln'mum
1861 5338 1893 5373 a
1922 5335 2069 5374 com-

496 5393 764 5461 munione,
793 5404 842 5451 et
867 5393 1064 5466 expulit
1107 5398 1162 5448 in
1188 5393 1452 5449 exsilium.

567 5467 644 5533 (9)
684 5466 910 5532 Μηνᾶς,
931 5461 1263 5521 Anastasius
1286 5466 1341 5519 in
1384 5467 1669 5535 Agapeto;
1722 5461 1868 5535 Tunc
1897 5462 2071 5535 piissi-

496 5554 612 5592 mus
645 5536 906 5607 Augustus
939 5536 1275 5607 Justirtiamta
1308 5534 1502 5604 rogans
1529 5534 1888 5607 beatissimum
1921 5534 2070 5603 Aga-

495 5610 667 5679 pitugn
696 5605 913 5679 papam.
938 5616 987 5659 et
1010 5608 1065 5660 in
1087 5605 1197 5679 loco
1218 5605 1453 5679 {lntIn'mi
1478 5605 1778 5679 epist-optim
1795 5618 2070 5679 consecra-

495 5674 567 5730 uit
594 5674 928 5731 Catholicam
960 5676 1171 5729 nomine
1211 5675 1479 5729 Mennam.
1515 5674 1617 5730 Ubi
1670 5674 2072 5728 observandum

497 5747 752 5815 eumdem
787 5744 1677 5815 pontiﬁcemConstantinopolit.
1733 5745 2076 5815 ita_semper

499 5812 868 5886 indigitari'in
914 5814 1167 5871 conciliis
1198 5824 1255 5872 et
1310 5815 1458 5884 apud
1496 5812 1795 5886 scriptores
1825 5812 2075 5878 Latinos,

502 5897 614 5938 non
626 5882 772 5939 'vcro
807 5882 1042 5939 Menam.

2240 5104 2352 5177 (10)
2376 5103 2458 5177 ,Ὁ
2478 5103 2595 5177 μὲν
2627 5120 2689 5177 τι
2715 5101 2948 5171 Μηνᾶς.
3004 5101 3158 5158 lllius
3207 5115 3533 5157 memonam
3581 5111 3749 5173 agunt

2164 5174 2340 5237 Graeci
2370 5174 2441 5230 25
2467 5176 2606 5237 Aug.
2642 5174 2867 5230 Menalca.

2240 5248 2351 5318 (ll)
2389 5246 2501 5318 7⁷ρν
2538 5241 2686 5309 βίον
2715 5244 3036 5318 κατέλυσε.
3074 5242 3227 5318 Obiit
3259 5241 3476 5318 Menas_
3496 5243 3557 5296 ὲν
3582 5241 3751 5318 -γήρᾳ

2166 5312 2342 5382 πίονι,
2390 5315 2619 5385 πλήρης
2656 5316 2752 5368 καὶ
2786 5315 2894 5367 τῶν
2933 5315 3250 5385 κατ-ἔθεον
3296 5312 3749 5385 ἡμερῶνηῦςπὰρὲ

2167 5407 2304 5510 {Iug},
2350 5382 2540 5510 ut25a'it
2564 5382 2911 5439 Eustathius
2942 5385 2997 5438 in
3048 5382 3169 5437 Vita
3196 5384 3256 5438 S.
3313 5382 3569 5454 Eutycltii
3605 5383 3747 5437 Patr.

2260 5501 2272 5510 .
2304 5475 2362 5510 η.
2482 5498 2495 5509 .

2167 5460 2378 5599 aha.)
2402 5460 2988 5599 211›Ξίὓιίἆ);ιοςι.*Μοιηῐι
3069 5524 3337 5599 successit
3406 5520 3746 5599 Eutychius,

2170 5590 2287 5723 tgm
2331 5590 2698 5720 annosega't'us
2740 5595 2828 5661 40,
2860 5603 3030 5651 utest
3078 5594 3222 5665 apud
3259 5590 3749 5649 eumdem‘Eusta-

2172 5679 2195 5723 t
2240 5686 2374 5723 tum.
2410 5684 2470 5722 η.
2575 5706 2589 5720 .

2172 5679 2374 5733 tntum,
2410 5684 2470 5722 η.
2498 5679 2589 5720 26.

2246 5731 2455 5810 (15)’Ἠ
2483 5735 2721 5810 πέμπτη
2757 5735 3041 5803 σύνοδος.
3076 5735 3210 5792 Vide
3252 5737 3509 5790 eumdem
3561 5731 3753 5790 Eusta-

2178 5806 2382 5877 thium,
2413 5825 2470 5864 n.
2502 5808 2596 5873 28,
2633 5806 2724 5871 29,
2760 5817 2866 5864 etc.
