4068 6392
310 389 445 454 1249

1530 390 1933 453 ANNALIUM
1964 392 2111 453 LIB.
2153 393 2312 455 XlV.

3431 399 3573 468 1250

317 502 376 555 '0
407 499 723 573 Βελιτάριος
755 498 866 572 (14)
894 499 972 563 δὲ,
1011 500 1092 563 είς
1149 498 1247 569 τὴν
1273 497 1510 553 Ἰταλίαν
1548 498 1884 567 ἐκπλεύσας,

1996 498 2190 557 Narscs
2215 512 2399 557 autem
2433 502 2582 559 illius
2607 502 3135 574 auspiciismiilitare
3160 507 3332 565 videri
3360 511 3570 568 nollet:

309 596 528 662 πρῶτον
567 595 669 665 μὲν
735 593 1026 666 πολιορκίᾳ
1083 592 1352 664 λαμϐάνει
1406 593 1710 658 Νεάπολιν,
1761 589 1883 646 εἶτα

308 687 401 739 καὶ
447 685 529 750 είς
581 685 753 756 αὐτὴν
794 686 896 755 τὴν
941 686 1162 756 Ῥώμην
1204 685 1572 757 ἐπιδημήσας,
1609 684 1749 755 ὁμοῦ
1778 685 1882 753 μὲν

311 775 565 846 δυνάμει,
603 775 737 846 ὁμοῦ
777 776 834 830 δὲ
864 777 957 831 καὶ
984 779 1051 849 τῇ
1085 776 1194 829 τῶν
1227 777 1408 831 ἀστῶν
1450 777 1659 849 εὐνοίᾳ,
1691 778 1886 846 γέγονε

310 865 407 918 καὶ
437 865 640 935 ταύτης
671 867 847 931 ἐντός,
890 866 949 921 '0
982 872 1091 939 γάρ
1123 867 1231 922 τῶν
1255 867 1471 922 Γότθων
1519 869 1705 940 ἄρχων
1743 869 1884 922 Θευ-

308 956 469 1022 δάτος
496 959 555 1013 ὲν
597 959 861 1034 Ῥαϐέννῃ
885 960 1087 1027 διάγων
1116 961 1400 1033 ἐτύγχανε.
1430 964 1538 1017 Καὶ
1575 962 1885 1018 Μεδιόλανα

309 1052 367 1101 δὲ
416 1053 449 1122 ἡ
511 1051 667 1116 πόλις
724 1053 1034 1124 κατεσχέθη
1087 1058 1242 1125 παρά
1303 1055 1614 1126 Ῥωμαίων.
1651 1055 1773 1119 Τῶν
1828 1055 1887 1109 δὲ

1982 593 2221 663 sejuncti
2276 592 2511 649 diversis
2550 595 2606 650 in
2652 594 2791 650 locis
2834 595 3037 651 bellum
3083 598 3568 668 administrarunt,

1980 700 2159 754 eaque
2192 701 2355 740 causa
2415 685 2522 741 fuit
2551 702 2650 741 cur
2690 687 2890 742 alicubi
2918 689 3268 761 impegerint.
3297 691 3434 747 Nam
3462 694 3571 748 im—

1981 777 2246 847 peratorii
2303 778 2530 843 milites,
2558 789 2899 834 commeatus
2957 781 3197 851 inopiam
3253 794 3570 853 causantes,

1979 867 2201 924 Gotthis
2247 870 2556 926 Mediolano
2587 883 2898 940 cesserunt,
2932 883 2989 929 et
3030 876 3210 945 majus
3242 875 3474 930 forsitan
3501 892 3571 931 ex

1982 976 2175 1016 eorum
2205 963 2549 1018 dissensione
2586 965 2791 1019 malum
2825 974 2972 1022 esset
3002 976 3214 1033 ortum,
3249 969 3355 1023 nisi
3392 969 3570 1040 impe-

1986 1065 2138 1109 rator
2164 1054 2444 1110 Narsctcm
2479 1073 2579 1125 per
2609 1058 2829 1113 litteras
2850 1071 3180 1117 revocasset.

309 1142 524 1197 Γότθων
561 1141 717 1208 αὖθις
749 1145 1185 1218 πολιορκούντων
1216 1146 1411 1220 αὐτὴν,
1439 1147 1467 1200 6
1501 1144 1759 1217 βασιλεὺς
1825 1146 1919 1199 τὸν
1955 1146 2186 1219 Ναρσῆν
2245 1149 2385 1218 μετά
2431 1148 2719 1217 δυνάμεως
2770 1151 3047 1221 ἐπαρῆξαι
3116 1153 3196 1223 τῷ
3262 1153 3570 1225 Βελισάρίῳ

311 1236 656 1294 ἀπέστειλεν.
710 1235 819 1294 Ἧν
871 1239 930 1294 δὲ
990 1243 1018 1294 6
1075 1240 1304 1311 Ναρσῆς
1355 1240 1644 1313 ἐκτομίας,
1710 1241 1888 1306 ἄλλως
1930 1241 2119 1312 μέντοι
2187 1242 2441 1311 γενναῖός
2480 1260 2539 1296 τε
2576 1244 2670 1297 καὶ
2712 1244 3256 1315 στρατηγικώτατος,
3327 1247 3423 1299 καὶ
3466 1250 3577 1306 τοῖς

310 1330 606 1401 κρατοῦσιν
655 1331 1026 1403 ᾠκειωμένος.
1070 1332 1349 1404 Ἀλλήλοιν
1393 1332 1487 1386 οὖν
1524 1335 1602 1405 μὴ
1655 1334 2046 1404 συμφωνοῦντε
2092 1334 2269 1405 τούτῳ
2295 1334 2418 1415 κτὼ
2503 1335 2800 1408 στρατηγὼ
2846 1336 2924 1389 τὼ
2989 1337 3152 1390 διττὼ
3190 1338 3238 1405 (ὁ
3317 1339 3415 1408 μὲν
3468 1342 3579 1407 γάρ

311 1425 624 1497 Βελισάριος
687 1424 866 1497 ἑαυτῷ
901 1428 1012 1479 τῶν
1069 1427 1516 1497 κατορθωμάτων
1568 1428 1727 1499 ἤθελε
1785 1431 1847 1480 τὸ
1921 1429 2030 1482 πᾶν
2071 1412 2519 1499 ὲπιγράςρίεσθαιο
2564 1431 2593 1483 6
2645 1430 2704 1483 δέ
2734 1447 2798 1499 γε
2854 1430 3086 1502 Ναρσὴς
3153 1432 3256 1484 οὐκ
3325 1433 3580 1503 ἠνείχετο

313 1517 404 1570 ὑπ’
434 1519 642 1571 ἐκεῖνον
670 1520 930 1590 τετάχθαι
966 1518 1189 1592 δοκεῖν),
1219 1520 1573 1592 διῃρέθησαν,
1605 1521 1704 1575 καὶ
1765 1524 1793 1573 ὁ
1858 1520 1958 1589 μὲν
1997 1520 2158 1592 ἄλλῃ,
2192 1522 2221 1573 6
2277 1520 2322 1573 δ’
2379 1521 2518 1592 ἄλλῃ
2573 1522 2842 1577 διετίθουν
2890 1525 2979 1578 τὸν
3026 1528 3285 1596 πόλεμον,
3337 1526 3419 1579 διὸ
3479 1530 3579 1583 καὶ

310 1605 628 1676 ἐσφάλησαν
655 1607 713 1659 ἐν
743 1624 877 1662 τισι.
907 1609 1029 1664 Τῶν
1067 1609 1177 1678 γάρ
1225 1608 1572 1662 Μεδιολάνων
1617 1611 1669 1662 οί
1742 1610 1920 1664 ταῦτα
1961 1610 2333 1683 φρουροῦντες
2401 1612 2675 1682 βασιλικοὶ
2697 1615 2809 1669 τῶν
2837 1617 3154 1686 ἀναγκαίων
3197 1619 3405 1672 ἔνδειαν
3431 1635 3575 1688 προ-

311 1697 654 1767 ϐαλλόμενοι,
685 1701 797 1764 τοῖς
827 1700 1046 1763 Γότθοις
1098 1703 1421 1769 ἐξέστησαν,
1457 1702 1553 1754 καὶ
1596 1703 1741 1770 τάχα
1785 1702 1883 1754 καὶ
1923 1703 2003 1764 είς
2072 1703 2257 1773 μεῖζόν
2320 1720 2373 1757 τι
2418 1708 2590 1761 κακὸν
2621 1708 2654 1778 ἡ
2685 1708 2803 1782 ἔρις
2844 1708 2911 1762 ἂν
2955 1711 3163 1781 ἀμφοῖν
3193 1713 3577 1784 ἐτελεύτησεν,

310 1793 359 1844 εἰ
393 1791 468 1864 μὴ
503 1793 531 1844 6
562 1792 816 1862 βαςιλεῦς
854 1793 947 1848 τὸν
980 1792 1205 1865 Ναρσῆν
1233 1794 1323 1848 διά
1364 1795 1714 1863 γραμμάτων
1747 1793 1886 1864 πρὸς
1922 1795 2120 1848 ἑαυτὸν
2145 1797 2554 1867 μετεστείλατο.

377 1887 455 1944 Θ’.
525 1887 804 1942 Ἐντεῦθεν
874 1889 1035 1959 μόνος
1087 1889 1242 1953 αὖθι;
1283 1891 1313 1943 6
1347 1890 1661 1960 Βελισάριος
1698 1907 1887 1960 στρατ·

2070 1892 2162 1947 IX.
2190 1896 2318 1950 Post
2349 1895 2404 1949 id
2432 1895 2752 1965 Belisarius,
2784 1899 2936 1954 solus
2968 1917 3085 1956 rem
3112 1916 3331 1972 gerens,
3351 1919 3577 1960 omnem

311 1980 486 2050 ηγῶν,
519 1980 703 2033 πᾶσαν
774 1979 874 2052 τὴν
924 1981 1178 2043 Ἰταλίαν.
1228 1985 1321 2036 καὶ
1358 1984 1454 2047 τὰς
1491 1982 1678 2046 πόλεις
1719 1984 1892 2053 αὐτῆς

316 2075 406 2143 ὑφ’
434 2071 630 2126 ἑαυτὸν
662 2073 983 2146 ἐποιήσατο.
1016 2077 1109 2128 καὶ
1139 2073 1400 2129 τοσοῦτον
1426 2077 1541 2140 τοῖς
1575 2075 1892 2147 Βαρϐάροις

313 2165 410 2218 καὶ
438 2164 673 2234 φοϐερὸς
702 2167 796 2219 καὶ
822 2167 1094 2237 ἐράσμιος
1118 2168 1364 2237 γέγονεν,
1382 2166 1457 2230 ὡς
1488 2167 1587 2221 καὶ
1614 2168 1712 2237 τῆς
1743 2168 1894 2237 σφῶν

316 2259 492 2328 ἀρχῆς
543 2258 706 2312 αὑτὸν
756 2258 965 2324 ἀξιοῦν,
1013 2261 1109 2313 καὶ
1158 2260 1391 2330 βασιλέα
1455 2259 1570 2331 (15)
1624 2259 1893 2314 ἱκετεύειν

316 2351 481 2404 αὐτὸν
530 2352 862 2422 γενήσεσθαι
900 2353 1076 2422 σφῶν,
1107 2355 1201 2407 καὶ
1248 2354 1476 2417 ἑαυτοὺς
1509 2355 1604 2408 καὶ
1647 2357 1714 2408 τά
1761 2355 1894 2424 σφέο

314 2457 453 2513 τερα
481 2443 657 2498 πάντα
688 2444 1091 2516 ἀνατιθεμένων
1119 2445 1291 2516 αὐτῷ.
1323 2447 1383 2500 Ὁ
1411 2445 1489 2513 δὲ,
1521 2447 1635 2500 Ούκ
1663 2445 1729 2500 ἄν
1762 2463 1894 2500 ποτε

318 2535 522 2601 ζῶντος
558 2537 961 2601 Ἰουστινιανοῦ,
992 2538 1120 2609 ἔφη,
1153 2539 1406 2610 βασιλεὺς
1433 2540 1598 2602 αὐτὸς
1624 2538 1893 2610 κληθῆναι

321 2627 608 2699 ἀνέξομαι,
644 2630 719 2693 ὡς
750 2631 877 2701 περὶ
903 2631 1108 2684 τούτων
1142 2632 1171 2684 6
1211 2631 1531 2702 Καισαρεὺς
1561 2631 1891 2701 Προκόπιος,

319 2720 470 2790 αὐτῷ
521 2721 643 2775 τότε
698 2723 1227 2793 συστρατευόμενος,
1285 2721 1552 2792 ἔγραψεν.
1604 2722 1895 2777 Ἐντεῦθεν

318 2814 497 2867 τοίνυν
547 2813 838 2883 ἐπίφθονος
898 2817 1142 2883 γεγονὼς
1195 2813 1551 2869 διαϐάλλεται
1605 2816 1742 2884 πρὸς
1799 2816 1895 2869 τὸν

321 2905 570 2976 βασιλέα,
609 2906 684 2971 ὡς
720 2907 1000 2976 βασιλείας
1032 2907 1172 2978 ἐρῶν
1194 2946 1209 2973 ,
1246 2907 1339 2962 καὶ
1375 2907 1435 2972 ὃς
1472 2908 1634 2962 αὐτὸν
1680 2907 1892 2961 ἐκεῖθεν

322 2999 725 3069 μετεκαλέσατο
759 2999 894 3072 (l6),
916 3000 990 3064 ὼς
1013 3003 1095 3065 είς
1125 3001 1225 3072 τὴν
1257 2999 1432 3073 Ἐῲαν
1468 3001 1894 3073 στρατεύσοντα,

317 3091 414 3145 καὶ
497 3092 590 3145 τὸν
673 3093 921 3163 Μηδικὸν
981 3093 1564 3165 ὲμπιστευθησόμενον
1631 3094 1895 3165 πόλεμον.

317 3183 556 3254 Τελευτᾷ
582 3184 769 3254 μέντοι
803 3184 897 3237 καὶ
920 3186 952 3256 ἡ
980 3184 1268 3253 Αύγοῦστα
1300 3185 1576 3254 Θεοδὼρα,
1600 3185 1894 3240 ὲπιϐιοῦσα

316 3275 383 3345 τῇ
427 3247 675 3344 βασιλείᾳ
716 3274 811 3346 ἔτη
862 3247 1038 3329 εἴκοσι
1073 3247 1229 3347 -πρὸς
1262 3277 1365 3344 ἑνὶ,
1399 3247 1497 3331 καί
1534 3247 1670 3350 μησὶ
1719 3278 1891 3350 τρισί.
1925 3247 1966 3305 C

317 3364 433 3434 Τῆς
465 3364 521 3416 δὲ
564 3365 824 3435 Μεγάλης
876 3367 1171 3440 ἐκκλησίας
1202 3368 1635 3442 ἀπαρτισθείσης
1661 3370 1762 3443 ἤδη
1799 3370 1897 3425 καὶ

318 3453 772 3528 καθιερωοείσης,
798 3457 997 3531 συνέϐη
1029 3462 1218 3512 πεσεῖν
1247 3460 1313 3512 ἐκ
1352 3458 1582 3530 σεισμοῦ
1618 3461 1718 3532 τὴν
1754 3461 1895 3531 πρὸς

315 3549 583 3621 ἀνατολὴν
632 3551 877 3622 μεγάλην
931 3554 1172 3623 σφαῖραν
1224 3552 1321 3606 τοῦ
1380 3555 1625 3609 τοιούτου
1671 3555 1825 3621 ναοῦ,
1857 3554 1894 3628 ἢ

316 3640 562 3696 πεσοῦσα
613 3642 735 3696 τότε
801 3643 1063 3712 κιϐώριον
1105 3643 1206 3716 τῆς
1251 3645 1414 3714 ἁγίας
1456 3647 1759 3719 τραπέζης,
1799 3647 1896 3700 καὶ

317 3732 487 3805 αὐτὴν
527 3734 747 3806 ἐκείνην
800 3736 901 3806 τὴν
944 3736 1111 3805 ἁγίαν
1161 3736 1465 3808 τράπεζαν,
1502 3739 1598 3792 καὶ
1637 3738 1730 3792 τὸν
1788 3737 1896 3809 άμ-

316 3823 465 3876 ϐωνα
528 3824 870 3895 συνέτριψεν,
930 3826 1054 3881 ὅθεν
1105 3826 1326 3896 λέγεται
1370 3830 1466 3883 καὶ
1531 3828 1624 3882 τὸν
1667 3827 1895 3900 τροῦλον

317 3916 618 3988 προστάξει
657 3918 750 3970 τοῦ
783 3917 1056 3987 βασιλέως
1115 3918 1545 3989 καθαιρεθῆναι,
1597 3920 1694 3973 καὶ
1735 3914 1893 3982 αὖθις

316 4006 684 4075 ἀνεγερθῆναι
715 4009 808 4060 ἐπὶ
837 4007 1005 4070 πόδας
1056 4008 1236 4060 εἴκοσι
1277 4009 1373 4061 καὶ
1402 4010 1568 4061 πέντε
1616 4008 1895 4079 μετεωρό-

315 4114 496 4169 τερον,
528 4099 624 4151 mi
672 4099 1077 4169 καθιερωθῆναι
1124 4099 1236 4171 (l7)
1272 4099 1429 4170 παρά
1480 4100 1751 4171 Εὑτυχίου
1791 4100 1890 4153 τοῦ

317 4190 671 4261 Πατριάρχου
702 4191 761 4244 τὸ
790 4190 1066 4261 δεύτερον.
1108 4190 1235 4245 Ἐπὶ
1268 4191 1464 4246 τούτου
1488 4190 1584 4245 τοῦ
1624 4190 1891 4263 βασιλέως
1920 4242 1931 4249 .

316 4285 412 4337 καὶ
440 4284 504 4336 τὸ
549 4284 712 4355 κῆτος
743 4284 905 4350 ἑάλω,
936 4284 965 4337 ὃ
998 4286 1078 4349 είς
1110 4285 1458 4355 πεντήκοντα
1495 4283 1594 4339 καὶ
1635 4282 1894 4337 ἐπέκεινα

318 4376 632 4441 Βυζαντίοις
686 4377 921 4449 ἠνώχλει
978 4379 1286 4442 ἐνιαυτοὺς,
1327 4377 1357 4431 ὃ
1407 4377 1727 4449 Πορφύριον
1757 4377 1894 4431 ἐκά-

317 4474 466 4536 λουν,
510 4472 610 4525 οὐκ
640 4474 724 4524 ἀεὶ
778 4472 877 4541 μὲν
910 4472 1238 4543 φαινόμενον
1277 4471 1395 4525 ἀλλ’
1440 4474 1506 4525 ὲκ
1557 4469 1893 4542 διαλειμμάρ

319 4582 449 4619 των.
484 4565 615 4617 Ὅτε
680 4564 727 4616 δ’
791 4565 1076 4634 ἐφαίνετο,
1130 4563 1335 4629 πολλὰς
1406 4564 1504 4634 μὲν
1569 4563 1680 4619 τῶν
1746 4562 1894 4635 νηῶν

323 4656 691 4725 ὑποϐρυχίους
720 4657 907 4721 ἐτίθει,
936 4657 1137 4728 πολλῆς
1160 4656 1216 4710 δὲ
1240 4656 1447 4728 φθορᾶς
1473 4656 1652 4710 αἴτιον
1678 4655 1896 4727 ἀνθρὼ-

323 4764 448 4810 ποις
490 4750 732 4815 ἐγένετο,
777 4744 901 4802 καθ⁴
926 4743 988 4802 οὗ
1031 4748 1253 4812 πολλαῖς
1297 4748 1395 4819 μὲν
1442 4748 1752 4818 ἐχρήσαντο
1787 4764 1896 4818 μη-

320 4839 536 4905 χαναῖς,
594 4841 769 4895 πᾶσαι
813 4840 856 4893 δ’
898 4840 1091 4910 ἔμενον
1140 4839 1437 4911 ἄπρακτοι,
1490 4834 1635 4893 ἑάλω
1710 4839 1896 4910 μέντοι

323 4926 575 4998 δελφῖνας
617 4930 836 4988 διῶκον.
879 4933 943 4985 0t
972 4932 1074 5002 μὲν
1106 4933 1218 5004 γὰρ
1270 4934 1450 4987 έκεῖνο
1493 4930 1790 5002 φεύγοντες
1825 4934 1892 5003 τῇ

1996 1981 2206 2038 Italiam
2245 1991 2303 2039 et
2346 1984 2513 2040 nrbes
2545 1986 2667 2056 ejus
2688 1987 2933 2059 subegit,
2975 1999 3031 2044 et
3064 1989 3319 2047 Barbaris
3362 2002 3576 2050 tantum

1996 2073 2083 2128 sui
2128 2082 2184 2128 et
2224 2081 2496 2129 terrorem
2540 2085 2596 2130 et
2639 2091 2882 2132 amorem
2922 2078 3176 2147 incussit,
3221 2095 3278 2135 ut
3317 2091 3375 2138 et
3416 2099 3579 2142 suum

1996 2164 2292 2233 imperium
2334 2166 2409 2220 illi
2457 2165 2770 2231 deferrent,
2808 2178 3151 2238 orarentque
3195 2177 3254 2224 ut
3300 2185 3398 2224 rex
3442 2187 3599 2228 suus

1994 2269 2121 2310 esse
2165 2255 2508 2326 dignaretur,
2546 2272 2606 2312 se
2640 2271 2849 2327 suaque
2889 2260 3074 2314 omnia
3112 2259 3261 2315 illius
3295 2261 3416 2317 fidei
3449 2280 3580 2333 pcr—

1996 2346 2298 2402 mittentes.
2345 2347 2414 2402 At
2457 2348 2581 2413 ille,
2631 2359 2690 2402 ut
2731 2349 3085 2407 Caesariensis
3116 2352 3445 2423 Procopius,
3478 2356 3576 2426 qui

1995 2438 2100 2496 sub
2142 2439 2238 2495 illo
2274 2441 2562 2506 militavit,
2598 2441 2798 2507 refert,
2846 2458 3130 2512 nunquam
3159 2460 3217 2500 se
3257 2449 3582 2503 commissu-

1995 2547 2117 2587 rum
2150 2548 2273 2589 esse
2304 2533 2464 2599 dixit,
2504 2543 2565 2588 ut
2605 2535 2831 2590 vivente
2857 2535 3171 2592 Iustiniano
3202 2553 3298 2592 rex
3333 2540 3582 2608 appella.

1995 2634 2175 2681 retur.
2221 2625 2361 2680 Hinc
2425 2626 2634 2680 invidia
2693 2627 2960 2691 conllata,
3011 2628 3080 2682 ab
3129 2628 3463 2695 imperatore
3507 2629 3581 2685 ob

1995 2714 2328 2770 calumniam
2374 2715 2617 2770 all‘ectati
2668 2715 2888 2787 imperii
2937 2717 3269 2786 accersitur,
3314 2735 3414 2790 per
3453 2734 3582 2790 Spe-

1996 2809 2138 2863 ciem
2171 2808 2291 2879 ejus
2329 2808 2385 2863 in
2430 2806 2710 2865 Orientem
2744 2808 2813 2863 ad
2858 2808 3065 2864 bellum
3109 2810 3384 2866 Medicum
3421 2814 3579 2868 able-

1995 2899 2180 2971 gandi.
2218 2900 2436 2956 Interea
2464 2901 2709 2972 Augusta
2729 2901 3023 2957 Theodora
3051 2903 3190 2968 obit,
3220 2920 3345 2959 eum
3381 2906 3437 2960 in
3472 2906 3579 2961 im-

1995 2990 2152 3061 perio
2208 2990 2434 3046 vixisset
2483 3006 2656 3046 annos
2702 3006 2793 3046 xxi
2847 3001 2905 3047 et
2947 3007 3166 3049 menses
3203 3008 3284 3048 Ill.
3331 2995 3575 3053 Ecclesia

1997 3083 2189 3154 Magna
2214 3085 2328 3154 jam
2360 3083 2613 3139 absoluta
2643 3094 2698 3139 et
2732 3093 3083 3150 consecrata,
3113 3086 3338 3152 accidit,
3373 3096 3433 3143 ut
3465 3104 3582 3142 ma-

1998 3193 2137 3247 gnus
2178 3178 2376 3250 globus
2412 3194 2607 3234 versus
2642 3179 2914 3234 orientem
2962 3181 3269 3236 collocatus
3311 3195 3379 3236 ex
3423 3192 3585 3237 terrae

2001 3281 2156 3327 motu
2210 3273 2455 3338 caderet,
2485 3285 2663 3341 eoque
2685 3287 2814 3326 t-asu
2843 3280 2898 3327 et
2926 3272 3197 3327 ciborium
3233 3288 3400 3328 sacrm
3428 3290 3584 3329 men-

2001 3379 2096 3429 sae,
2135 3372 2192 3419 et
2224 3364 2343 3435 ipsa
2380 3363 2755 3419 sacratissima
2793 3379 3004 3430 mensa,
3036 3376 3092 3420 et
3128 3366 3292 3420 ambo
3328 3375 3585 3422 contere-

2002 3464 2174 3511 retur.
2193 3455 2311 3522 Qua
2339 3455 2406 3511 de
2428 3470 2591 3511 causa
2616 3456 2839 3510 trullam
2862 3455 3027 3511 etiam
3052 3456 3207 3527 jussu
3239 3455 3586 3525 imperatoris

2003 3548 2290 3616 demoliti,
2332 3548 2518 3604 denuo
2565 3547 2988 3613 instaurarunt,
3040 3564 3146 3604 xxv
3195 3548 3307 3620 69
3353 3552 3586 3620 pedibus

2002 3643 2166 3698 altius
2208 3641 2473 3697 eductum
2496 3679 2512 3706 ,
2554 3651 2612 3696 et
2640 3640 2711 3695 ab
2745 3640 3016 3712 Eutychio
3050 3641 3364 3710 patriarcha
3399 3640 3587 3696 denuo

2002 3744 2409 3791 consecratum.
2438 3732 2554 3788 Hoc
2579 3732 2914 3803 imperatore
2942 3733 3110 3788 etiam
3136 3742 3293 3790 cetus
3343 3734 3436 3788 illc
3485 3750 3583 3789 ca—

2001 3835 2133 3898 ptus
2162 3834 2270 3891 est,
2288 3826 2383 3896 qui
2415 3824 2697 3894 Byzantiis
2718 3824 2863 3878 ultra
2896 3839 2925 3877 L
2953 3838 3128 3879 annos
3158 3825 3423 3879 molestus
3455 3824 3584 3889 fuit,

2001 3933 2167 3989 quem
2213 3916 2582 3987 Porphyrium
2625 3915 3007 3985 appellabant,
3059 3930 3170 3969 non
3217 3916 3308 3969 ille
3353 3914 3580 3985 quidem

2001 4026 2222 4080 semper
2276 4024 2585 4079 apparens,
2639 4007 2735 4063 sed
2797 4023 2863 4062 ex
2923 4007 3251 4064 intervallis.
3304 4006 3581 4063 Caeterum

2000 4104 2218 4172 quoties
2246 4102 2564 4173 apparebat.
2598 4116 2723 4156 cum
2764 4101 2965 4155 multas
2996 4115 3170 4157 naves
3199 4100 3581 4169 demergebat,

2002 4209 2119 4255 tum
2153 4201 2342 4255 multis
2377 4197 2696 4253 hominibus
2718 4196 2948 4251 exitium
2986 4194 3275 4251 afferebat.
3314 4195 3417 4263 Qui
3447 4210 3574 4250 cum

2002 4291 2193 4347 multis
2242 4289 2512 4346 machinis
2558 4296 2874 4359 peteretur,
2923 4301 3113 4358 earque
3162 4302 3358 4342 omnes
3400 4295 3584 4342 essent

2003 4384 2207 4446 irritae,
2254 4382 2473 4438 tandem
2513 4382 2569 4434 in
2616 4378 3017 4452 persequendis
3064 4378 3344 4448 delphinis
3388 4387 3587 4449 captus

2003 4483 2128 4530 est:
2170 4473 2263 4544 qui
2307 4488 2432 4529 cum
2468 4487 2640 4543 prope
2679 4481 2884 4527 terram
2920 4469 3322 4541 confugissent,
3354 4470 3448 4526 ille
3482 4470 3586 4524 im-

1931 4607 1976 4662 D
2005 4574 2192 4636 petum
2221 4580 2334 4621 non
2373 4564 2645 4631 inhibuit,
2692 4563 2873 4620 donec
2912 4563 3163 4634 proxime
3210 4572 3414 4617 terram
3458 4577 3587 4632 pro-

2008 4668 2221 4723 vectus,
2250 4657 2306 4711 in
2342 4657 2601 4728 uliginem
2629 4665 2688 4711 et
2710 4654 3045 4727 profundum
3074 4655 3251 4711 lutum
3277 4654 3583 4719 incidisset,

2009 4752 2156 4806 unde
2199 4765 2484 4821 emergere
2527 4766 2637 4805 non
2686 4751 2885 4821 potuit.
2935 4748 3058 4816 Quo
3100 4748 3299 4804 accolae
3340 4748 3583 4819 cngnitn,

2004 4841 2274 4896 marinam
2321 4841 2471 4897 illam
2522 4841 2764 4897 belluam
2813 4839 3104 4896 securibus
3146 4847 3204 4894 et
3251 4837 3587 4908 bipennibus

2005 4934 2387 5001 confecerunt,
2409 4947 2466 4990 et
2493 4936 2739 5001 funibus,
2767 4948 2875 5006 qua
2899 4932 3138 4989 crassior
3159 4940 3299 4998 erat,
3321 4930 3559 5002 alligatis

1530 5092 1724 5154 Variae
1756 5090 2062 5155 lectiones
2096 5101 2158 5155 et
2191 5102 2381 5157 notae.

395 5233 505 5298 (It)
551 5228 611 5286 '0
659 5231 729 5285 δὲ
779 5229 1158 5300 Βελισάριος.
1188 5233 1328 5290 Vide
1374 5233 1721 5290 Anastasium
1755 5233 1900 5290 Bibl.

325 5304 380 5356 in
408 5305 462 5356 ὃ.
504 5301 738 5356 Silverio
774 5301 879 5356 PP.
912 5301 1070 5358 initio
1099 5312 1155 5358 et
1175 5305 1335 5359 alios.

395 5372 508 5440 (15)
536 5370 647 5424 Kal
687 5370 978 5436 βασιλέα.
1006 5373 1242 5443 Procop.
1283 5375 1324 5427 ι.
1362 5389 1399 5427 ιι
1444 5371 1522 5428 De
1553 5373 1689 5429 bello
1726 5373 1907 5431 Gatth.

323 5459 372 5497 c.
414 5444 499 5494 ἆυ.

396 5511 510 5583 (16)
545 5508 810 5593 Ἐκεῖθεῖ
847 5510 1317 5593 μετεκαλέσατο.
1348 5512 1649 5593 Gregorius
1692 5517 1903 5593 Τιιιόιιτ

2007 5247 2198 5305 posuit.

2084 5308 2196 5377 (I7)
2245 5301 3054 5377 Ka0tepw0ﬁra_t._Ccleb_rata
3093 5304 3246 5377 gdis
3290 5303 3588 5377 Sophiante

2007 5373 2249 5432 secunda
2300 5373 2556 5433 Encienia
2613 5375 2683 5427 ‘20
2721 5373 3041 5430 Decembris
3092 5373 3480 5444 Theophanes,
3513 5377 3586 5433 24

2004 5446 2249 5529 ejusdem
2281 5446 2487 5529 mensis
2516 5445 2813 5529 Qhrom‘con
2845 5444 3266 5529 A‘te‘iau‘drinunt
3296 5446 3581 5529 adnatant.

2002 5512 2070 5570 A't
2092 5517 2292 5572 Menzea
2326 5518 2399 5571 ita
2427 5516 2772 5585 distinguunt
2797 5530 2809 5566 :
2830 5512 2897 5566 ad
2922 5514 2992 5567 22
3024 5518 3299 5579 l)ecemh.,
3338 5516 3417 5568 Τὰ
3449 5516 3585 5638 θορ-

2002 5588 2281 5638 επανοίεια
2344 5587 2446 5638 τῆς
2500 5586 2594 5638 τοῦ
2643 5583 2778 5635 Θεοῦ
2835 5585 3095 5638 Μεγάλης
3156 5586 3472 5638 ἐκκλησίας.
3534 5587 3582 5638 ’ἦ

326 5580 513 5656 [ibth
549 5595 679 5656 cap.
732 5580 857 5656 5εῇ
882 5581 1115 5656 Cumque
1170 5580 1485 5653 imperator'
1513 5586 1722 5656 uidisset
1765 5596 1895 5656 quoa

2000 5588 2281 5652 επανοίξια
2344 5587 2446 5653 τῆς
2500 5580 2778 5656 ’ποῦ’Θεοῦ
2835 5585 3095 5656 Μεγάλης
3132 5586 3472 5656 ᾲὲκκλησίας.

324 5652 623 5707 Belisarius
667 5651 899 5704 crebrius
934 5651 1257 5716 vinceretur,”
1292 5663 1466 5708 amoto
1505 5672 1585 5723 eo,
1616 5651 1895 5711 Narsétem

324 5725 381 5777 in
438 5725 551 5787 eius
611 5721 782 5775 locum
837 5722 1060 5775 statuit:
1116 5719 1428 5778 Belisart'um
1480 5742 1601 5780 vero
1657 5727 1895 5781 comitem

1996 5656 2134 5726 αὐτῇ
2163 5657 2346 5780 ἒμέρᾳ
2395 5651 2456 5708 τὸ
2489 5654 2856 5738 φωτοδρόμιον
2915 5655 3019 5733 τῆς
3051 5651 3158 5708 τοῦ
3198 5651 3356 5739 Θεοῦ.
3388 5651 3586 5735 ὲκκληῖ
3676 5687 3684 5693 -

1998 5726 2142 5787 σίας.
2222 5730 2330 5780 tad
2370 5726 2438 5780 Ξῖ)
2472 5724 2717 5787 ejusdem
2753 5738 2959 5779 menSIS
2994 5746 3007 5781 :
3062 5727 3142 5780 Τά
3196 5730 3448 5787 ἐγκαινια
3481 5744 3583 5787 της

324 5725 381 5777 in
438 5725 551 5789 eius
611 5721 782 5775 locum
837 5722 1060 5775 statuit:
1116 5719 1428 5778 Belisart'um
1480 5719 1601 5780 vero
1657 5727 1897 5781 comitem

323 5790 537 5855 stabuli,
589 5792 741 5860 quasi
772 5806 868 5861 pro
915 5791 1237 5860 humilitate,
1298 5797 1435 5865 quod
1488 5797 1636 5865 prius
1696 5799 1893 5866 fuerat,

2263 5724 2332 5797 ad
2370 5726 2441 5797 ἓξ
2472 5724 2717 5797 ejusdem
2753 5724 2959 5779 mensis
2994 5746 3007 5781 :
3062 5727 3142 5780 Τὰ
3196 5727 3448 5795 ἐγιαίνια
3481 5724 3583 5797 τῆς

1991 5797 2151 5863 ἁγίας
2188 5796 2281 5848 τοῦ
2312 5795 2447 5848 Θεοῦ
2496 5794 2758 5866 Μεγάλης
2787 5797 3105 5863 ἐκκλησίας.
