4068 6410
451 385 588 451 1255

1703 387 2027 450 JOANNIS
2066 388 2387 451 ZUNAREE

3563 388 3716 454 1256

439 503 616 559 Atille
645 516 714 557 ne
743 511 855 556 tum
876 498 1098 572 quidem
1126 499 1306 565 adest,
1338 510 1658 573 contempto
1679 505 1991 573 apparitore

2122 521 2219 557 και
2241 502 2576 572 αἰτιωμένου
2594 501 2703 555 τῶν
2731 500 3155 572 επισημοτέρων
3181 501 3563 570 συγκλητικῶν
3589 506 3719 563 Eua.

436 594 533 649 sed
581 594 650 649 ad
690 596 1040 666 imperatoris
1076 597 1390 651 convivium
1418 611 1478 653 se
1514 599 1749 664 confert,
1785 614 1897 669 quo
1926 600 2012 653 in-

439 685 642 740 vitatus
669 698 810 743 erat.
837 687 919 742 Eo
948 687 1247 757 praefectus
1295 688 1536 758 cognito,
1575 698 1631 745 et
1661 690 1776 759 ipse
1806 690 2011 761 regiam

439 774 739 847 ingressus,
772 779 1025 848 quamvis
1075 779 1328 834 convivio
1350 780 1462 851 jam
1499 781 1773 846 inchoato,
1807 782 1875 837 ad
1907 782 2012 836 im-

438 876 749 936 peratoreln
801 870 877 924 ait
920 888 935 924 :
984 868 1052 925 Se
1098 871 1181 925 illi
1231 872 1553 941 promisisse,
1608 874 1751 927 intra
1805 881 2013 927 tantum

437 965 642 1028 tempus
671 959 977 1015 relicturum
1008 964 1263 1017 neminem
1295 965 1377 1016 cui
1404 962 1551 1030 fieret
1582 964 1781 1032 injuria
1810 980 1827 1017 :
1859 965 2012 1036 idque

437 1052 651 1105 omnino
692 1038 1016 1121 rﬂ'ecturum,
1052 1054 1099 1108 si
1140 1056 1412 1123 potestatis
1465 1057 1822 1125 imperatoriis
1852 1058 2012 1111 auxi-

436 1138 570 1195 lium
611 1152 768 1214 atque
802 1147 1090 1200 auctoritas
1118 1146 1216 1201 sibi
1243 1157 1554 1216 suppeteret.
1589 1146 1683 1202 Sin
1710 1148 1820 1217 ipse
1851 1152 2014 1218 impe-

439 1239 589 1284 rator
624 1232 854 1310 injurias
886 1236 1101 1304 foveret,
1151 1238 1327 1305 eisque
1354 1238 1535 1291 amicis
1570 1248 1618 1290 et
1643 1239 1868 1292 convivis
1896 1248 2006 1292 ute-

434 1331 600 1388 retur,
630 1341 685 1377 se
711 1325 917 1379 nullum
957 1327 1225 1397 facturum
1253 1345 1425 1398 opera:
1454 1332 1696 1399 pretium.
1724 1330 1829 1384 Aut
1852 1332 2010 1401 igitur

428 1413 537 1469 illis
583 1431 685 1470 non
713 1417 952 1472 dandam
982 1434 1090 1473 esse
1123 1418 1416 1485 licentiam,
1465 1431 1556 1475 aut
1589 1423 1689 1477 sibi
1724 1423 2006 1493 magistra-

431 1514 543 1560 tum
592 1509 978 1580 abrogandam.
1028 1511 1110 1566 Ad
1152 1526 1215 1566 ea
1260 1513 1613 1583 imperatore,
1660 1514 1705 1570 si
1756 1515 1842 1568 vel
1892 1514 2007 1584 ipse

428 1599 684 1669 cuiquam
744 1603 999 1675 iniuriam
1068 1607 1311 1673 fecisset,
1366 1621 1426 1662 se
1481 1606 1678 1662 abduci
1733 1607 2004 1678 iubente:

429 1686 719 1755 praefectus
767 1707 920 1746 reum
948 1709 981 1749 e
1007 1695 1262 1751 convivio
1296 1696 1351 1751 in
1378 1696 1690 1767 praetorium
1740 1697 1967 1752 adduxit
1989 1736 2004 1762 ,

426 1776 724 1850 auditaque
757 1784 1015 1853 utrinque
1044 1800 1230 1851 causa,
1265 1787 1420 1843 illum
1451 1801 1576 1842 cum
1604 1797 1819 1843 sontem
1852 1789 2007 1863 inve-

2054 586 2062 595 ’
2119 590 2521 658 μετεκαλέσατο
2558 589 2650 643 τὸν
2681 588 3030 659 αίτιὼμενονο
3071 591 3191 644 ἀλλ’
3236 593 3336 644 οὐκ
3389 593 3722 663 ἀπ’,ντησεν

2114 685 2345 747 ἐκεῖνος.
2371 680 2506 737 Εἶτα
2537 683 2631 736 καὶ
2658 682 2915 754 δεύτερον
2948 684 3100 736 ἔθετο
3149 686 3379 754 μήνυμα
3434 686 3573 754 πρὸς
3609 687 3720 745 αὖ.

2114 774 2205 827 τόν
2223 790 2237 804 ·
2271 775 2299 825 ὁ
2326 774 2382 827 δὲ
2413 774 2508 826 καὶ
2537 772 2727 826 τούτου
2750 774 3195 845 καταφρονήσας,
3230 775 3313 838 είς
3342 776 3401 827 τὸ
3415 776 3712 844 βασιλικὸν

2113 864 2280 937 ἀπῄει
2337 864 2683 933 συμπόσιον,
2746 863 2907 933 ἔτυχε
2980 866 3091 934 γὶιρ
3149 864 3494 934 κεκλημένος
3549 868 3695 935 πρὸς

2112 957 2293 1013 τοῦτο.
2340 957 2425 1019 Ὠς
2445 957 2502 1009 δὲ
2525 955 2682 1009 τοῦτο
2702 955 2845 1023 ἔγνω
2868 958 2895 1006 ὁ
2918 954 3178 1025 ἕπςιρχος,
3204 956 3414 1026 ἀπῆλθε
3448 958 3709 1024 κάκεῖνος
3778 990 3787 1001 ρ

2113 1053 2193 1113 εἰς
2221 1052 2288 1104 τὰ
2308 1051 2602 1121 ἀνάκτορα,
2627 1049 2720 1102 καὶ
2750 1043 2910 1119 εὗρεν
2934 1049 3036 1119 ήδη
3065 1048 3457 1117 συνιστάμενον
3485 1050 3548 1103 τὸ
3576 1069 3712 1103 συσ-

2113 1142 2302 1208 σίτιον,
2327 1144 2419 1195 καὶ
2446 1142 2580 1211 φησὶ
2601 1141 2735 1212 πρὸς
2755 1143 2846 1194 τὸν
2877 1141 3123 1211 βασιλέα’
3170 1142 3551 1211 Ὑπεσχόμην
3575 1161 3703 1207 σοι,

2104 1234 2391 1300 βασιλεῦ,
2437 1234 2535 1287 διὰ
2564 1236 2750 1288 τόσου
2794 1234 3004 1301 καιροῦ
3059 1232 3290 1301 μηδένα
3343 1236 3707 1292 καταλιπεῖν

2109 1327 2528 1396 ἀδικούμενον,
2557 1326 2726 1379 τοῦτο
2757 1325 2827 1379 δὲ
2854 1324 3095 1386 πάντως
3115 1343 3218 1393 μοι
3253 1326 3703 1393 ἀνυσθήσεται,

2108 1420 2160 1471 sl
2200 1418 2299 1471 καί
2325 1416 2440 1485 τὴν
2481 1417 2551 1470 ἐκ
2603 1416 2709 1470 τοῦ
2745 1417 3006 1484 κράτους
3027 1431 3145 1470 σου
3173 1416 3527 1483 ἐπικουρίαν
3553 1418 3702 1488 ἔχω,

2110 1508 2202 1562 καί
2229 1509 2344 1576 τὴν
2359 1508 2563 1577 ῥοπήν
2584 1524 2601 1541 ο
2631 1511 2685 1562 εὶ
2709 1507 3033 1577 δὲμᾶλλον
3061 1511 3243 1575 αὐτὸς
3267 1509 3387 1564 τῶν
3414 1511 3701 1567 ἀδικούν-

2109 1619 2228 1657 των
2258 1601 2557 1669 ἀντιποιῇ,
2607 1602 2705 1658 καί
2757 1606 2973 1672 φιλίως
3024 1603 3231 1669 αὐτοῖς
3294 1604 3695 1673 διακείμενος,

2107 1695 2623 1761 συνεστιωμένους
2678 1693 2858 1763 ἔχεις,
2895 1693 3075 1749 οὐδέν
3110 1712 3213 1764 μοι
3256 1694 3427 1748 ἔσται
3475 1696 3697 1751 druidi-

2102 1796 2251 1851 μονο
2288 1783 2327 1852 ’ἢ
2357 1784 2507 1853 γοῦν
2529 1783 2615 1852 μὴ
2640 1784 2960 1853 μεταδίδου
3007 1788 3348 1855 παρῤησίας
3400 1787 3625 1854 αὐτοῖς,
3649 1788 3693 1858 ἢ

425 1866 620 1934 nisset,
670 1873 845 1944 plagis
893 1875 1098 1941 aﬂ‘ecit,
1141 1886 1199 1931 et
1231 1878 1538 1933 accusatori
1577 1878 1837 1934 damnum
1878 1896 1994 1935 cun]

2107 1875 2353 1929 παῦσόν
2400 1892 2479 1945 με
2530 1875 2641 1943 τῆς
2664 1875 2874 1946 ἀρχῆς.
2936 1878 3046 1944 Καὶ
3074 1878 3101 1930 ὁ
3134 1878 3407 1949 βασιλεὺς,
3434 1880 3496 1933 El
3525 1879 3694 1945 αὐτὸς

423 1960 744 2017 accessione
796 1966 1089 2035 multiplici
1132 1982 1364 2036 pensare
1399 1968 1584 2038 jussit.
1619 1968 1697 2023 Ex
1729 1984 1797 2025 eo
1826 1969 2008 2025 homi-

424 2064 525 2104 nes
553 2053 636 2107 sui
674 2056 1034 2112 emolumenti
1077 2073 1202 2111 cum
1248 2060 1482 2114 aliorum
1515 2040 1851 2117 detrimento
1892 2072 2008 2117 stu-

423 2140 586 2207 diosi,
631 2143 991 2203 modestiores
1044 2148 1173 2203 facti
1212 2158 1269 2203 et
1297 2150 1364 2204 ad
1396 2150 1653 2221 injuriam
1708 2151 2003 2213 tardiores.

424 2247 550 2287 cum
579 2234 647 2290 iis
706 2252 848 2306 quos
888 2239 1164 2307 laeserant,
1203 2250 1605 2313 transegerunt.
1653 2242 1870 2297 Persica
1901 2259 2004 2312 pax

423 2321 529 2377 hoc
559 2323 888 2393 imperatore
911 2329 1088 2383 soluta
1113 2339 1218 2385 est.
1243 2330 1379 2387 Nam
1408 2345 1532 2385 cum
1559 2330 1788 2387 Romani
1818 2332 2002 2388 Persis

421 2427 633 2468 annuas
662 2416 990 2487 quingentas
1019 2420 1188 2476 libras
1229 2421 1553 2492 penderent,
1594 2432 1653 2477 ut
1679 2423 1787 2477 sibi
1822 2425 2002 2480 vicina

422 2504 680 2561 llomame
702 2509 925 2565 ditionis
945 2512 1165 2567 castella
1190 2513 1351 2569 illaesa
1374 2521 1681 2581 tuerentur,
1714 2514 1997 2582 Justinus,

419 2596 513 2666 qui
552 2607 708 2668 turpe
749 2614 871 2654 esse
903 2601 1119 2656 dicebat
1166 2603 1442 2660 Romanos
1472 2604 1656 2663 Persis
1708 2606 2001 2679 vectigales

416 2703 561 2754 esse,
614 2706 808 2746 aurum
863 2694 1092 2749 retinuit
1130 2712 1148 2750 :
1195 2697 1489 2769 missisque
1535 2699 1729 2770 legatis
1759 2702 1826 2755 ad
1861 2704 1998 2756 Are-

419 2778 569 2833 thatn
625 2781 944 2854 AStltiopum
1009 2801 1216 2857 regem,
1280 2788 1596 2859 impetravit
1641 2797 1702 2844 ut
1750 2790 1997 2846 Persicas

418 2873 736 2941 provincias
787 2877 1083 2948 Athiopiae
1129 2879 1391 2935 ﬁnitimas
1433 2879 1833 2937 incursarctac
1860 2896 1998 2951 prae-

417 2967 659 3020 daretur.
695 2966 906 3034 Quibus
932 2971 1001 3026 de
1027 2973 1209 3027 causis
1236 2986 1361 3027 cum
1394 2971 1579 3028 denuo
1609 2973 1813 3029 bellum
1848 2974 1996 3029 inter

417 3053 694 3112 Romanos
715 3068 771 3114 et
796 3059 991 3116 Persas
1025 3061 1344 3128 exarsisset,
1375 3061 1670 3119 Martinum
1701 3066 1992 3136 patricium

2110 1967 2223 2035 ἐγώ
2255 1967 2396 2037 είμι,
2427 1966 2617 2036 φησὶν,
2647 1967 2874 2033 ἀδικῶν,
2910 1967 3283 2039 ὲξανάστησόν
3308 1988 3375 2040 με
3406 1968 3692 2024 ἐντεῦθεν.

2106 2059 2315 2112 Λύτίκα
2349 2058 2543 2113 τοίνυν.
2570 2061 2596 2112 ὁ
2643 2058 2880 2130 ἔπαρχος
2909 2060 3002 2112 τὸν
3033 2060 3356 2131 αἰτιώμενον
3393 2062 3693 2114 ἐκεῖνονὲκ

2105 2152 2204 2220 τῆς
2237 2151 2557 2214 πανδαισίας
2574 2152 2971 2223 ἐξαναστήσας,
2998 2152 3096 2207 καὶ
3132 2155 3213 2218 είς
3248 2154 3308 2207 τὸ
3334 2152 3693 2222 δικαστήριον

2107 2246 2477 2316 καταστήσας,
2513 2246 2601 2298 καὶ
2636 2244 2715 2316 τῷ
2745 2244 2865 2299 κατ’
2900 2245 3068 2299 αὐτοῦ
3100 2245 3315 2314 λέγοντι
3352 2247 3690 2309 συνδικάσας

2104 2337 2290 2401 αὐτὸν,
2338 2338 2432 2390 καὶ
2481 2336 2644 2405 γνοὺς
2707 2336 3021 2401 ἀδικοῦντα,
3054 2338 3264 2392 ἐκεῖνον
3315 2339 3416 2409 μὲν
3448 2339 3690 2394 ἐκόλασε

2102 2430 2224 2493 ταῖς
2262 2429 2344 2493 είς
2394 2429 2554 2498 σῶμα
2607 2429 2877 2500 πληγαίςο
2904 2428 2983 2499 τῷ
3015 2430 3074 2482 δὲ
3103 2430 3444 2502 ἀδικουμένῳ
3486 2433 3555 2484 ὲκ
3581 2433 3691 2502 τῆς

2104 2520 2319 2572 ἐκείνου
2360 2519 2648 2591 ὑπάρξεως
2706 2519 3115 2574 πολλαπλάσιον
3161 2522 3589 2592 ἀποκατέστησε
3621 2525 3691 2576 τὸ

2101 2613 2365 2684 ἀδίκημα.
2400 2613 2567 2666 Ὅθεν
2595 2613 2896 2676 δείσαντες,
2923 2609 3004 2676 οἷς
3029 2610 3098 2685 ἦν
3125 2615 3451 2686 προαίρεσις
3482 2615 3683 2669 πλεον-

2099 2700 2315 2770 εκτικὴ,
2359 2700 2453 2754 τοῦ
2507 2701 2713 2755 ἀδικεῖν
2750 2701 3145 2772 ἀνεστάλησαν,
3197 2705 3294 2756 καὶ
3336 2705 3447 2767 τοῖς
3481 2705 3685 2775 ἠδικη-

2101 2795 2286 2865 μένοις
2321 2795 2402 2857 είς
2462 2794 2766 2864 συμϐάσεις
2818 2794 3129 2867 ἐχώρησαν.
3188 2799 3256 2851 Δί
3289 2798 3347 2852 δὲ
3376 2800 3513 2870 πρὸς
3536 2802 3687 2870 Πέρ-

2099 2904 2199 2952 σας
2235 2885 2349 2959 (26)
2379 2886 2604 2942 σπονδαὶ
2628 2886 2723 2942 ἐπὶ
2746 2886 2941 2942 τούτου
2963 2886 3058 2942 τοῦ
3092 2887 3354 2959 βασιλέως
3381 2890 3678 2964 ἐλύθησαν*

2094 2979 2302 3051 δασμὸν
2330 2981 2440 3051 γὰρ
2466 2980 2741 3034 ἐνιαύσιον
2761 2979 2950 3052 λίτρας
2981 2983 3347 3045 πεντακοσίας
3386 2984 3497 3038 τῶν
3535 2986 3682 3038 Ῥω-

2099 3072 2275 3141 μαίων
2325 3072 2578 3126 διδόντων
2626 3073 2831 3136 αὐτοῖς,
2895 3075 2983 3128 ῐνα
3028 3075 3096 3129 τὰ
3159 3076 3344 3144 σφίσιν
3393 3079 3681 3149 ἀγχίθυρα

412 3161 538 3203 eum
599 3149 832 3221 imperio
883 3165 1077 3210 contra
1126 3170 1223 3213 eos
1271 3156 1328 3213 in
1375 3153 1657 3213 Orientem
1706 3159 1883 3227 misit,
1935 3170 1990 3215 et

2097 3164 2195 3232 τῆς
2258 3159 2572 3231 Ῥωμαϊκῆς
2653 3162 2951 3232 ἡγεμονίας
3023 3162 3238 3234 ἀϐλαϐῆ
3286 3167 3680 3235 φυλάσσωντιιι

413 3250 610 3311 quarto
639 3246 758 3316 ejus
782 3262 928 3302 anno
965 3249 1262 3305 commisso
1290 3251 1501 3321 praelia,
1529 3252 1783 3323 quamvis
1812 3254 1987 3309 utrin-

409 3350 518 3405 que
558 3339 713 3394 multi
751 3340 1105 3411 cecidissent,
1155 3353 1335 3399 tamen
1376 3344 1606 3401 victoria
1651 3360 1824 3416 penes
1872 3347 1985 3402 Ro-

409 3441 602 3482 manos
663 3428 787 3485 fuit.
849 3429 1123 3487 Caeterum
1171 3448 1266 3489 rex
1312 3433 1607 3491 Persarum
1667 3435 1986 3494 Hormisdas

409 3516 776 3576 Ardamanem
811 3536 937 3576 cum
987 3523 1301 3593 ingentibus
1346 3526 1523 3596 copiis
1570 3528 1720 3583 misit
1754 3529 1824 3583 ad
1854 3544 1983 3598 pro-

408 3610 618 3667 vincias
639 3613 1015 3693 Romanorum
1046 3617 1413 3689 diripiendas;
1441 3620 1559 3690 qui,
1578 3620 1738 3694 longe
1764 3621 1982 3692 lateque

411 3714 759 3773 pervagatus,
796 3708 1141 3778 maximaque
1190 3710 1371 3779 prada
1420 3719 1595 3780 rapta,
1628 3710 1849 3765 domum
1894 3726 1981 3766 re-

410 3793 535 3859 diit,
582 3795 817 3852 Martin
865 3802 1096 3869 patricio
1125 3801 1173 3855 ei
1202 3801 1417 3855 obviam
1457 3802 1537 3856 ire
1581 3817 1691 3856 non
1731 3816 1887 3856 auso.
1924 3802 1979 3856 id

407 3888 709 3955 imperator
743 3891 1025 3960 a-gerrime
1058 3893 1203 3959 tulit,
1234 3904 1397 3964 atque
1423 3895 1713 3966 imperium
1746 3895 1982 3951 Martino

403 3978 750 4051 abrogatum,
796 3982 851 4036 in
892 3984 1224 4039 Archelaum
1256 3986 1509 4053 contulit,
1541 3994 1597 4042 et
1626 4001 1815 4057 pacem
1854 4002 1979 4042 cum

406 4069 692 4127 Hormisda
724 4072 871 4130 fecit.
923 4075 1121 4132 Verum
1154 4093 1219 4132 ex
1249 4093 1316 4132 eo
1346 4093 1583 4134 mmrore
1617 4079 1670 4133 iu
1706 4079 1976 4150 phreniti-

404 4163 528 4217 dem
563 4164 669 4235 72
701 4166 892 4222 incidit
922 4185 935 4222 :
971 4168 1074 4223 fuit
1104 4171 1271 4224 etiam
1302 4170 1535 4240 pedibus
1562 4185 1723 4240 aeger.
1755 4170 1825 4225 Et
1853 4171 1978 4240 quia

404 4252 611 4309 liberos
648 4272 759 4312 nou
798 4258 1053 4326 habebat,
1095 4262 1207 4331 jam
1235 4272 1397 4317 antea
1438 4261 1716 4317 Tiberium
1750 4262 1978 4317 excubi-

406 4357 587 4400 torum
637 4351 892 4406 comitem
944 4350 1262 4422 adoptatum
1333 4351 1601 4408 Caesarem
1655 4355 1976 4423 appellarat.

405 4437 594 4494 Morbo
627 4441 793 4511 igitur
829 4442 1118 4507 liberatus,
1161 4445 1430 4501 accersito
1466 4446 1775 4515 patriarcha
1806 4446 1979 4517 Euty-

2093 3252 2350 3324 φρούρια,
2383 3254 2412 3306 ὁ
2469 3254 2751 3317 Ἰουστϊνος
2800 3248 2956 3317 οὗτος
3011 3256 3377 3311 ἐπονείδιστον
3420 3252 3560 3313 εῐναι
3613 3260 3680 3314 τὺ

2092 3343 2505 3414 φορολογείσοαι
2561 3345 2713 3417 παρά
2801 3345 3029 3416 Περσῶν
3112 3348 3420 3419 Ῥωμαίους
3474 3349 3675 3419 λέγων,

2090 3435 2295 3507 ἐπέσχε
2345 3435 2406 3489 τὸ
2472 3437 2720 3508 χρυσίον.
2775 3437 3365 3511 (διαπρεσϐευσάμενος
3422 3442 3479 3495 δὲ
3532 3442 3678 3514 πρὸς

2104 3528 2334 3599 ’Ᾱρεθάν
2367 3529 2476 3599 (27)
2511 3528 2619 3582 τῶν
2640 3528 2923 3586 Αἰθιόπων
2955 3530 3203 3602 βασιλέα,
3239 3533 3458 3589 ἔπεισεν
3480 3535 3674 3602 αὐτὲν,

2089 3619 2161 3673 τὰ
2190 3621 2562 3692 πλησιάζοντα
2610 3623 2724 3686 τοῖς
2768 3622 2983 3693 Αἰθίοψι
3010 3624 3111 3694 τῆς
3145 3624 3254 3679 τῶν
3299 3625 3523 3698 Περσῶν
3551 3629 3675 3682 ἐπι⁶

2090 3710 2373 3782 κρατείας,
2411 3710 2784 3780 καταδραμεῖν
2810 3712 2907 3764 καὶ
2931 3712 3221 3782 ληῒσασθαι
3239 3728 3256 3743 ⁸
3288 3714 3369 3767 διὸ
3393 3715 3488 3769 καὶ
3512 3710 3675 3778 αὖθις

2092 3807 2258 3875 μέσον
2282 3804 2509 3875 Περσῶν
2542 3805 2636 3858 καὶ
2674 3802 2965 3873 Ῥωμαίων
3001 3807 3360 3876 ἀνερῤίπιστο
3411 3806 3672 3877 πόλεμος.

2089 3895 2405 3967 Στρατηγδν
2432 3894 2525 3949 οὖν
2555 3897 2655 3964 τῆς
2676 3894 2973 3965 ’Δνατολῆς
3001 3897 3030 3949 ὁ
3052 3895 3313 3965 βασιλεὺς
3339 3896 3431 3949 τὸν
3461 3899 3670 3967 πατρίο

2090 4006 2210 4042 κιον
2236 3989 2518 4059 Μαρτῖνον
2548 3985 2658 4057 (28)
2701 3986 3221 4058 προχειρισάμενος,
3276 3987 3495 4058 έπεμψε
3545 3988 3673 4042 κατ’

2087 4078 2294 4143 αὐτῶν,
2322 4077 2418 4132 καὶ
2450 4076 2528 4148 τῷ
2583 4077 2828 4147 τετάρτῳ
2873 4075 2984 4128 ἔτει
3030 4076 3133 4145 τῆς
3167 4075 3448 4146 βασιλείας
3486 4075 3667 4130 αὐτοῦ

2088 4170 2321 4240 συνέστη
2381 4169 2655 4241 πόλεμος,
2710 4170 2807 4223 καὶ
2866 4168 3048 4221 πολλοὶ
3103 4167 3205 4238 μὲν
3264 4169 3667 4239 ἀμφοτέρωθεν

2086 4263 2303 4328 ἔπεσον,
2362 4261 2556 4317 νικῶσι
2582 4261 2628 4315 δ’
2649 4263 2800 4329 ὅμως
2859 4259 3143 4329 Ῥωμαῖοι.
3195 4260 3254 4314 '0
3282 4261 3341 4315 δὲ
3372 4261 3482 4315 τῶν
3520 4264 3672 4332 Περ-

2087 4356 2194 4406 σῶν
2222 4353 2333 4424 (29)
2348 4352 2568 4424 κρατῶν
2600 4350 2895 4422 Ὀρμίσδας
2917 4350 3263 4420 Ἀρδαμάνην
3287 4349 3501 4421 έπεμψε
3526 4351 3672 4420 μετὰ

2091 4445 2312 4516 βαρείας
2343 4444 2647 4512 δυνάμεως,
2677 4441 2747 4495 τά
2768 4441 2875 4496 ὑπὸ
2916 4442 3228 4510 Ῥωμαίους
3258 4442 3577 4513 ληῖσασθαι·
3607 4443 3675 4508 ὃς

404 4527 532 4582 chio
564 4529 712 4600 (nam
741 4530 952 4587 Joanne
991 4536 1414 4590 est-scholastice
1456 4544 1677 4590 mortuo
1718 4536 1979 4591 reductus

2097 4536 2289 4606 πολλὴν
2317 4533 2559 4587 ἐπελθὼν
2580 4531 2764 4603 χώραν
2796 4531 3140 4604 Ῥωμαϊκὴν.
3192 4534 3288 4587 καὶ
3311 4534 3461 4587 λείαν
3509 4534 3671 4587 πλεί-

405 4621 603 4686 luerat,
626 4633 680 4677 et
708 4625 762 4678 in
787 4625 1122 4695 pontiﬁcium
1152 4628 1339 4682 sedem
1366 4629 1679 4697 restitutus)
1705 4636 1762 4682 et
1786 4639 1980 4709 senatu

2084 4649 2217 4701 στην
2249 4631 2309 4697 ἐξ
2342 4630 2514 4701 αὐτῆς
2537 4626 2832 4700 ἡρπακὼς,
2859 4628 3192 4697 ἐπανῆλθεν,
3222 4627 3319 4682 τοῦ
3368 4629 3669 4697 πατρικίου

404 4721 569 4782 atque
607 4718 756 4768 omni
811 4718 959 4772 clero
1008 4718 1266 4773 Ecclesize
1314 4726 1639 4785 convocato,
1696 4719 1978 4773 Tiberium

2097 4723 2354 4792 liaptlvou
2436 4720 2511 4790 μὴ
2566 4719 2938 4791 τολμήσαντος
3000 4720 3153 4788 αὑτῷ
3225 4719 3672 4786 ἀντεπεξελθεῖν.

407 4803 798 4873 imperatorem
828 4809 1088 4878 appellat,
1131 4810 1295 4879 eique
1333 4809 1557 4865 mandat
1593 4812 1850 4865 omnibus
1881 4826 1980 4868 au:

405 4895 710 4962 dientihus,
742 4907 804 4953 ut
848 4900 1019 4954 Deum
1069 4902 1158 4971 pie
1196 4902 1361 4967 colat,
1392 4912 1453 4956 ut
1484 4902 1724 4957 subditis
1756 4902 1979 4957 benefa-

2084 4812 2151 4864 ‘A
2186 4808 2375 4880 μαθὼν
2400 4812 2430 4863 ὁ
2456 4808 2736 4879 βασιλεὺς.
2803 4809 2863 4862 ὲν
2920 4810 3178 4878 συμφορᾷ
3221 4810 3537 4880 ἐποιήσατο,
3572 4810 3673 4862 καὶ

2077 4902 2169 4955 τὸν
2202 4904 2300 4971 μὲν
2331 4901 2605 4970 Μαρτῖνον
2636 4900 2737 4968 τὴν
2762 4898 3102 4969 στρατηγίαν
3124 4897 3401 4971 ἀφείλετο,
3468 4898 3671 4968 Ἀργε-

404 4990 538 5055 ciat,
579 5000 639 5044 ut
677 4994 957 5062 oppressis
988 4993 1188 5063 injuria
1221 5009 1379 5063 opem
1420 4993 1581 5057 lerat,
1614 5010 1682 5049 ne
1712 4996 1981 5049 militibus

2097 4996 2195 5066 ιάῳ
2227 4994 2286 5048 δὲ
2335 4993 2511 5063 αὐτὴν
2572 4993 2952 5053 ἑνεπίστευσε,
3007 4990 3102 5044 καὶ
3163 4992 3300 5062 πρὸς
3366 4991 3671 5062 ὀρμίσδαν

403 5080 626 5151 quidvis
704 5084 943 5139 audendi
1003 5083 1277 5139 licentiam
1341 5085 1567 5153 tribuat,
1618 5101 1686 5142 ne
1741 5100 1985 5157 purpura

2086 5085 2317 5148 σπονδὰς
2341 5083 2494 5140 ἔθετο
2523 5083 2635 5149 (50)
2665 5079 2847 5147 αὖθις.
2894 5082 2988 5135 Ἐκ
3011 5081 3069 5135 δὲ
3096 5081 3197 5151 τῆς
3227 5081 3320 5134 διὰ
3373 5079 3549 5135 ταῦτα
3573 5080 3675 5135 λύ-

1608 5267 1812 5330 V'arite
1843 5265 2153 5329 lectiones
2179 5276 2241 5330 et
2264 5277 2448 5327 nota).

412 5409 591 5491 .__(‘._°.6)
618 5413 682 5463 Al
712 5411 780 5491 δὲ
797 5416 947 5484 πρὸς
974 5417 1229 5491 Πέρσας.
1260 5417 1470 5491 Bellum
1501 5433 1529 5470 a
1551 5417 1774 5491 Justino‘
1804 5417 1987 5491 Persis

411 5480 624 5535 illatum
665 5482 730 5534 ad
763 5480 966 5540 animm
1026 5480 1068 5541 5
1106 5480 1326 5543 revocat
1366 5489 1525 5543 Joan.
1581 5486 1933 5542 Biclariensis
1971 5504 1984 5541 :

409 5548 478 5628 de
524 5567 634 5628 quo
678 5565 843 5621 agunt
879 5569 1142 5624 praeterea
1196 5558 1488 5628 Evagrius,
1549 5558 1647 5611 lib.
1680 5573 1734 5621 ν,
1770 5572 1891 5627 cap.
1925 5559 1976 5625 7,

409 5616 772 5692 Theophanes
798 5634 852 5678 et
879 5616 1182 5689 Cedrenus,
1211 5616 1383 5692 an.v7,
1413 5616 1521 5681 etc.

645 5693 900 5767 ’ᾼρεθάρκ
940 5698 1087 5767 Idem
1130 5689 1492 5767 Theophanes
1517 5713 1609 5751 an.
1642 5697 1694 5751 'l.

483 5761 598 5837 (ηιξ)
662 5762 1021 5839 Maptiror._
1036 5766 1126 5821 Sic
1166 5761 1484 5839 appellatur
1521 5783 1551 5822 a
1595 5767 1934 5839 Theophane
1971 5785 1986 5823 :

412 5822 942 5889 Marcianum'vocat
981 5822 1368 5906 Evagriu's'lib.
1406 5854 1463 5904 v,
1493 5853 1616 5907 cap.
1654 5822 1706 5895 8.

2161 5417 2291 5488 (£9),
2315 5416 2381 5470 '0
2411 5414 2480 5469 δὲ
2507 5413 2644 5488 τῶν·Δ
2682 5413 2952 5488 Περσῶν.
2991 5414 3200 5488 Persas
3221 5429 3345 5471 cum
3403 5415 3670 5488 Romanis

2091 5484 2480 5558 pacis'tmdera
2526 5484 2740 5556 rupisse
2779 5501 2872 5558 an.
2901 5485 3419 5558 8._.Iu_stini_auctur
3455 5496 3540 5540 est
3576 5485 3667 5539 Βι-

2084 5554 2393 5611 elariensis.
2452 5556 2518 5610 At
2571 5554 2734 5624 quem
2798 5554 3142 5609 Hormisdam
3196 5554 3551 5625 Teeophanes
3609 5569 3670 5611 et

2084 5628 2349 5690 Zonaras,
2370 5627 2673 5681 Chosroem
2704 5634 2863 5679 vocat
2890 5626 3173 5693 Evagnus,
3201 5625 3301 5679 lib.
3332 5642 3382 5687 v,
3422 5642 3471 5679 c.
3503 5625 3553 5677 9-
3574 5628 3660 5685 ιε’..

2089 5698 2181 5751 ubi
2237 5707 2295 5751 et
2343 5697 2411 5751 de
2461 5695 2773 5749 Adarmane
2825 5706 2883 5751 et
2939 5695 3155 5748 Martini
3214 5698 3668 5753 exauctoratione

2086 5769 2295 5838 pariter
2322 5767 2452 5835 agit.

2162 5835 2274 5908 (50)
2307 5837 2584 5903 Σπονδίις
2634 5837 2823 5892 ἔθετο.
2873 5835 3162 5910 Evagrius,
3199 5836 3295 5891 lib.
3330 5851 3386 5901 v,
3418 5849 3540 5904 cap.
3581 5836 3648 5890 l2
