4068 6402
328 432 472 497 ηδτ
1598 416 2008 481 ANNALIUM
2049 416 2202 482 LIB.
2250 417 2409 480 xw.
3478 416 3614 484 1253

323 565 433 622 πης
456 549 597 620 νόσῳ
633 543 899 618 φρενίτιδι
926 540 1375 615 περιπέπτωκεν,
1403 536 1564 608 ’ἧλγει
1583 533 1639 588 δέ
1667 532 1761 587 καὶ
1780 531 1909 622 τούς

2030 528 2305 594 :ﬂ'eratur,
2350 536 2411 584 ut
2438 527 2711 586 divitibus
2754 544 2851 585 sua
2882 544 2941 585 re
2975 529 3229 588 familiari
3281 532 3419 590 citra
3469 536 3612 591 invi-

324 618 513 709 πόδας.
564 618 840 714 Ἃμοιρῶν
890 637 1074 709 μέντοι
1128 631 1294 702 γονῆς
1342 627 1573 692 οἰκείας,
1625 622 1765 695 ἔφθη
1821 621 1915 675 τύν

2030 621 2170 678 diam
2219 619 2447 676 fruendi
2493 618 2588 677 det
2636 628 2989 691 potestatem,
3023 632 3082 678 ut
3126 624 3468 695 pauperibus
3512 642 3613 698 pro

325 705 560 809 Κόμητα
590 705 703 807 (ἐι)
724 705 834 786 τῶν
868 705 1199 796 ἐ-ξκουϐίτων
1232 722 1490 794 Τ.ϐέριον
1515 717 1914 789 υίοποιησάμευ

2030 712 2169 768 virili
2194 722 2506 781 succurrat,
2541 721 2602 768 ut
2639 713 3045 782 imperatricem
3083 715 3364 772 dominam
3399 719 3612 777 dudum

327 807 440 893 νος,
468 807 565 880 καὶ
594 823 854 895 Καίσαρα
889 819 1156 876 ἀνειπὼν.
1202 815 1446 880 Ἀνεθεὶς
1477 813 1536 868 δέ
1580 813 1680 882 τῆς
1731 809 1915 873 νόσου,

2030 822 2179 864 suam
2218 807 2571 863 convenienti
2616 807 2830 863 honore
2868 807 3089 865 aﬂiciat.
3122 809 3254 877 Quae
3286 827 3412 868 cum
3444 811 3611 871 Tibe-

329 916 779 989 προσεκαλέσατο
808 913 921 985 (32)
953 912 1045 966 τὸν
1098 907 1449 981 πατριάρχην
1480 904 1743 976 Εὐτύχιον
1769 902 1788 974 (
1821 901 1919 956 θα-

2030 900 2167 956 rium
2204 899 2536 967 monuisset,
2568 899 2706 956 obiit
2731 917 2877 957 anno
2906 902 3125 974 imperii
3154 918 3278 962 xm.

331 988 515 1074 νόντος
543 1009 654 1080 γὰρ
686 1006 780 1061 τοῦ
809 1005 918 1060 ἀπὸ
975 1001 1353 1076 σχολαπικῶν
1409 999 1683 1065 Ἰωάννου,
1742 995 1906 1052 πάλιν
1945 988 2099 1059 οὗτος
2159 992 2466 1066 ἐπανὴχθη,
2496 996 2592 1049 καὶ
2629 996 2711 1060 εἰς
2756 996 2849 1051 τὸν
2899 997 3088 1069 θρόνον
3149 1000 3499 1075 ἀποκατέστη
3523 1005 3616 1062 τὸν

330 1101 762 1175 ἀρχιερατικδν),
807 1099 1170 1172 συναθροίσας
1197 1097 1256 1151 δὲ
1282 1094 1378 1151 καὶ
1428 1095 1531 1167 τὴν
1577 1093 1909 1166 σύγκλητον,
1951 1090 2093 1146 ἀλλὰ
2148 1091 2246 1146 καὶ
2302 1091 2396 1147 τδν
2442 1092 2645 1164 κλῆρον
2689 1093 2788 1165 τῆς
2853 1094 3202 1168 Ἐκκλησίας,
3257 1098 3485 1170 βασιλέα
3522 1103 3618 1161 τὸν

331 1199 589 1272 Τιϐέριον
617 1198 1012 1269 ἀνηγόρευσεν,
1046 1192 1136 1248 ἐπ’
1166 1193 1432 1264 ἀκροάσει
1486 1190 1707 1245 πάντων
1761 1185 1911 1259 αὐτῷ
1950 1185 2351 1257 ἐντειλάμενος,
2412 1184 2483 1240 τὰ
2512 1186 2648 1259 πρὸς
2682 1187 2815 1243 Θεδν
2851 1189 3118 1258 εὐσεϐεῖν,
3178 1186 3305 1261 τοὺς
3340 1197 3617 1268 ὑπηκόους

331 1295 686 1367 εὐεργετεῖν,
740 1292 868 1357 τούς
951 1288 1343 1361 ἀδικουμένους
1405 1287 1733 1351 διεκδικεῖν,
1795 1287 1910 1350 τοῖς
1948 1283 2311 1357 στρατιώταις
2375 1286 2451 1356 μὴ
2506 1286 2766 1340 ἐνδιδόναι
2797 1288 3165 1357 πλεονεκτεῖν,
3215 1293 3291 1365 μὴ
3344 1296 3490 1366 μέγα
3522 1299 3619 1372 ἐπ)Ι

329 1389 398 1456 τῇ
429 1384 712 1456 ἁλουργίδι
778 1384 1022 1455 φρονεῖν,
1075 1383 1191 1445 τοῖς
1234 1379 1569 1451 εὐποροῦσιν
1626 1376 1948 1443 ἀπολαύειν,
2023 1377 2133 1431 τῶν
2189 1376 2407 1431 οἰκείων
2477 1378 2856 1448 ἀνεπιφθόνως
2909 1389 3299 1457 παραχωρεῖν,
3348 1392 3463 1453 τοῖς
3538 1392 3615 1464 μὴ

334 1475 571 1546 ἐχουσιν,
626 1475 705 1537 ὡς
757 1472 1010 1544 δύναμις,
1069 1472 1334 1543 ἐπαρκεῖν
1383 1471 1483 1544 τὴν
1533 1468 1786 1541 βασιλίδα
1824 1468 1919 1523 καὶ
1958 1466 2151 1540 πρώην
2219 1469 2415 1540 κυρίαν
2467 1470 2656 1537 αὐτοῦ,
2735 1474 3128 1545 προσηκόντως
3176 1481 3366 1552 τιμᾷν.
3427 1483 3616 1540 Ταῦτα

332 1569 670 1639 παραινέσας
693 1565 787 1620 καὶ⁸
804 1563 1564 1637 συμϐουλεύσαςδἸουστῖνος
1603 1559 1682 1633 τῷ
1723 1559 1983 1632 Τιϐερίῳ,
2024 1560 2262 1628 ἐξέλιπε,
2287 1562 2614 1632 βασιλεύσας
2644 1563 2738 1635 ἔτη
2773 1567 3152 1635 τρισκαίδεκα.

406 1659 513 1715 ιΑν.
578 1660 849 1729 Στεφθεὶς
888 1657 948 1712 δὲ
991 1661 1018 1712 ὁ
1045 1659 1300 1729 Τιϐέριος
1344 1657 1452 1711 ὑπὸ
1508 1654 1776 1726 Εὐτυχίου
1828 1653 1925 1708 τοῦ

2106 1655 2200 1711 XI.
2220 1657 2486 1717 Tiberius
2531 1660 2601 1714 ab
2629 1660 2900 1732 Eutychio
2931 1664 3244 1733 patriarcha
3295 1658 3615 1739 coronatus,

334 1754 699 1822 πατριάρχου,
722 1752 818 1805 καὶ
844 1751 943 1822 τὴν
990 1748 1201 1805 οἰκείαν
1249 1748 1499 1820 γαμετὴν
1549 1745 1919 1801 Ἀναστασίαν

2030 1765 2254 1804 uxorem
2290 1765 2511 1821 quoque
2545 1766 2699 1806 suam
2744 1731 3090 1809 Anastasiam
3133 1754 3434 1828 Augustam
3464 1762 3618 1817 salu-

333 1844 657 1912 Δύγούσταν
711 1843 1106 1914 ἀνηγόρευσεν,
1149 1844 1184 1914 ἢ
1235 1842 1330 1896 δύο
1363 1838 1551 1911 ηαύτῷ
1614 1837 1923 1908 θυγατέρας

333 1937 601 2006 ἐγείνατο,
658 1932 885 2006 Χαριτὼ
938 1936 1037 1989 καὶ
1090 1934 1500 1989 Κωνσταντίαν.
1568 1931 1740 2000 Σοφία
1791 1929 1848 1983 δὲ
1892 1930 1924 2000 ἡ

334 2029 531 2098 πρώην
563 2026 852 2099 βασίλισσα
875 2026 987 2081 τῶν
1035 2026 1355 2097 ἀνακτόρων
1420 2021 1813 2078 ὑπαπελθοῦσα
1840 2022 1924 2084 είς

335 2120 407 2175 τὰ
431 2120 699 2192 ὁμώνυμα
729 2120 898 2190 έαυτῇ
958 2119 1280 2190 κατῳκίσθη
1315 2115 1587 2189 βασίλεια,
1639 2112 1924 2185 βασιλικὴν

334 2217 477 2287 αὐτῇ
532 2215 626 2270 τοῦ
673 2214 928 2287 Τιϐερίου
971 2214 1155 2277 δόντος
1212 2214 1517 2285 ὑπηρεσίαν
1545 2252 1560 2278 ,
1623 2211 1700 2273 ὡς
1749 2209 1926 2281 οἰκείᾳ

340 2309 529 2382 μητρί.
587 2303 758 2372 Οὗτος
801 2309 830 2361 ὁ
879 2307 1241 2378 αὐτοκράτωρ
1283 2305 1377 2360 καὶ
1428 2305 1565 2377 πρὸς
1624 2302 1926 2374 Ὀρμίσδαν

337 2401 637 2473 πρεσϐείαν
667 2402 990 2471 ἐποιήσατο,
1034 2397 1278 2453 ἀνανεῶν
1317 2397 1416 2462 τὰς
1480 2396 1735 2459 σπονδάς.
1781 2393 1839 2448 Ὀ
1868 2393 1924 2448 δὲ

335 2495 436 2566 τὴν
493 2493 793 2548 ἀνανέωσιν
833 2492 895 2546 οὐ
952 2491 1306 2561 προσήκατο⁶
1349 2488 1431 2542 διὸ
1467 2488 1565 2543 καὶ
1596 2489 1623 2542 ὁ
1657 2486 1921 2558 Τιϐέριος

338 2588 475 2657 πρὸς
512 2586 604 2640 τὸν
632 2588 778 2640 κατά
814 2586 1043 2657 Περσῶν
1074 2584 1279 2655 πολλὴν
1312 2583 1585 2654 ἡτοίμασε
1624 2579 1919 2652 στρατιὰν,

338 2681 435 2733 καὶ
476 2677 852 2732 Ἰουστινιανὸν
876 2677 986 2733 τῶν
1013 2677 1302 2747 ἐπισήμων
1331 2673 1456 2728 τινά
1488 2675 1588 2744 τῆς
1625 2672 1921 2743 Ἀνατολῆς

338 2770 708 2843 προύϐάλλετο
746 2770 1074 2840 στρατηγὸν,
1127 2771 1186 2833 ὃς
1213 2770 1306 2821 ἐπὶ
1356 2767 1574 2837 Πέρσας
1625 2767 1912 2837 χωρήσας,

338 2864 463 2919 ἐπεὶ
491 2863 724 2934 πλησίον
757 2863 940 2918 αὐτῶν
1002 2859 1561 2934 ἐστρατοπεδεύσατο,
1614 2861 1694 2923 εἰς
1729 2858 1922 2928 λόγους

338 2950 444 3029 ἧκε
475 2957 580 3027 πρὸ
614 2955 999 3025 παρατάξεως,
1028 2957 1128 3009 καὶ
1178 2956 1397 3009 ἔπεισεν
1424 2953 1648 3016 αὐτοὺς,
1688 2953 1922 3006 σπείσα·

2028 1841 2361 1911 lavitzqute
2413 1842 2553 1898 duas
2596 1843 2647 1898 ei
2699 1842 2839 1899 filias
2889 1846 3121 1916 peperit,
3174 1847 3529 1908 Charitonem
3559 1862 3619 1909 et

2024 1932 2464 1991 Constantinam.
2518 1933 2723 2005 Sophia
2760 1940 2898 1993 vero
2940 1938 3143 1995 Justini
3191 1942 3379 2011 vidua,
3424 1946 3618 2004 relicta

2025 2026 2150 2080 aula
2198 2026 2253 2080 in
2302 2027 2508 2099 regiam
2544 2029 2651 2084 sibi
2707 2030 3094 2101 cognominem
3145 2033 3419 2106 migravit,
3464 2039 3621 2110 regio

2024 2118 2292 2174 Comitatu
2320 2121 2373 2175 ei
2398 2135 2429 2174 a
2455 2120 2679 2175 Tiberio
2715 2133 2976 2192 tanquam
3004 2125 3168 2179 matri
3192 2141 3306 2183 suat
3327 2128 3617 2186 attributo.

2023 2209 2106 2264 Ad
2130 2209 2480 2266 llormisdam
2513 2212 2804 2268 Persarum
2832 2230 3022 2287 regem
3046 2215 3115 2272 de
3136 2233 3271 2289 pace
3302 2222 3621 2279 renovanda

2024 2299 2235 2371 legatos
2267 2302 2457 2358 misit:
2491 2303 2584 2375 qui
2613 2320 2739 2359 cum
2776 2308 3192 2364 renovationem
3217 2326 3340 2367 eam
3367 2328 3622 2372 recusas-

2025 2402 2133 2456 set,
2169 2393 2430 2450 Tiberius
2458 2396 2524 2451 ad
2567 2396 2776 2453 bellum
2827 2399 3111 2456 Persicum
3151 2403 3402 2474 ingentes
3429 2408 3621 2479 cepias

2021 2486 2345 2553 conscribit,
2378 2495 2434 2541 et
2463 2488 2840 2545 Justinianum
2881 2491 3065 2547 virum
3100 2494 3393 2561 illuSIrem,
3425 2497 3617 2555 Orien-

2025 2579 2095 2631 tis
2114 2575 2310 2631 ducem
2340 2586 2512 2633 creat.
2530 2579 2633 2645 Qui
2651 2589 2843 2635 contra
2866 2579 3059 2637 Persas
3084 2584 3386 2652 profectus,
3420 2589 3618 2645 castris

2022 2684 2193 2740 prope
2215 2669 2338 2726 illos
2357 2672 2571 2740 positis,
2592 2681 2650 2727 et
2670 2673 2738 2729 ad
2763 2675 3096 2745 colloquium
3114 2681 3378 2746 evocatis,
3398 2698 3619 2754 persuac

2024 2760 2137 2827 det,
2177 2769 2236 2817 ut
2264 2763 2488 2818 triennii
2524 2779 2712 2835 pacem
2747 2782 2870 2821 cum
2892 2768 3159 2826 Romanis
3180 2772 3399 2832 faciant.
3430 2775 3619 2834 Tertio

2023 2867 2170 2907 anno
2200 2853 2311 2925 jam
2356 2866 2625 2921 exeunte,
2659 2854 2978 2916 Hormisdas
3020 2862 3314 2920 Persarum
3346 2868 3456 2923 dux
3490 2885 3619 2926 cum

2022 2946 2141 3003 suis
2163 2947 2338 3019 copiis
2359 2949 2675 3007 Armeniam
2700 2953 2940 3010 invadit:
2966 2972 3087 3026 quae
3110 2974 3198 3014 res
3225 2968 3493 3018 terrorem
3532 2965 3622 3019 in-

342 3051 467 3106 σθαι
509 3049 804 3120 Ῥωμαίοις
841 3048 933 3102 ἐπὶ
983 3047 1110 3119 τρία
1140 3048 1259 3118 ἐτη.
1323 3047 1466 3117 Ἤδη
1500 3047 1557 3100 δὲ
1584 3045 1680 3100 τοῦ
1734 3043 1921 3116 τρίτου

2030 3040 2197 3095 cussit
2220 3041 2484 3098 Romanis
2507 3044 2836 3116 legionibus,
2862 3048 2958 3103 sed
2993 3050 3150 3106 ducis
3179 3054 3261 3107 sui
3285 3051 3622 3113 cohortatio—

1946 3094 1997 3157 C

342 3140 898 3214 παραρῤυἳσκομένου
927 3140 1199 3206 ἐνιαυτοῦ,
1247 3140 1546 3210 Ὀρμίσδας
1575 3141 1605 3193 ὁ
1644 3138 1755 3192 τῶν
1786 3138 1921 3207 Περι

2030 3133 2196 3190 nibus
2229 3134 2427 3193 animis
2459 3139 2716 3209 receptis,
2759 3156 3002 3212 pugnare
3032 3159 3158 3198 cum
3190 3146 3477 3203 Hormisda
3506 3167 3621 3208 non

343 3235 457 3289 σῶν
485 3233 734 3306 ἀρχηγὸς
765 3236 865 3287 σὺν
890 3237 1013 3297 ταῖς
1046 3233 1210 3286 αὐτοῦ
1239 3232 1533 3302 δυνάμεσιν
1562 3231 1656 3285 ἐπὶ
1684 3230 1782 3302 τὴν
1805 3228 1931 3301 Ἀρ-

351 3327 543 3399 μενίαν
592 3328 781 3398 χωρεῖ.
840 3325 1015 3380 Τοῦτο
1064 3327 1146 3388 εἰς
1198 3324 1402 3378 δειλίαν
1446 3323 1669 3378 ἐνέϐαλε
1708 3323 1778 3378 τά
1815 3323 1933 3378 ἐκεῖ

351 3419 641 3487 Ῥωμαίων
695 3417 1107 3490 στρατεύματα.
1168 3415 1483 3486 Διαλεχθεὶς
1541 3416 1598 3469 δὲ
1643 3415 1856 3480 τούτοις
1901 3417 1931 3470 ὁ

346 3513 611 3583 σφέτερος
666 3509 913 3582 ἀρχηγὸς
964 3508 1166 3580 θάρσος
1230 3508 1436 3564 ἅπασιν
1491 3509 1805 3581 ἐνεποίησε,
1834 3508 1929 3563 καὶ

342 3604 441 3675 τὴν
466 3605 602 3675 πρὸς
663 3602 961 3673 Ὀρμίσδαν
1002 3604 1185 3675 μάχην
1234 3603 1575 3673 ὑπέστησαν,
1628 3603 1725 3656 καὶ
1765 3603 1930 3673 μέχρι

348 3697 451 3768 μέν
484 3713 630 3761 τινος
659 3698 778 3760 ταῖς
812 3699 877 3750 ἐκ
907 3697 1083 3763 τόξων
1111 3696 1449 3768 κεχρημένοι
1498 3695 1681 3766 βολαῖς
1707 3696 1758 3749 οἰ
1783 3696 1933 3766 Πέρ-

348 3804 462 3854 σαι,
486 3788 706 3842 ἐδόκουν
740 3788 1067 3859 ὑπερτερεῖν
1096 3789 1205 3841 τῶν
1252 3785 1543 3859 Ῥωμαίων
1575 3789 1697 3850 ταῖς
1738 3788 1932 3840 ἀσπίσι

352 3879 869 3950 καταφραγνύντων
908 3880 1155 3944 ἑαυτοὺς,
1204 3879 1299 3933 καὶ
1353 3878 1429 3949 μὴ
1473 3878 1928 3944 ἀντεπεξιόντων.

270 4008 277 4012 -
356 3973 514 4025 Ἐπεὶ
545 3974 591 4024 δ’
616 3973 863 4040 ἔγνωσαν
889 3970 939 4023 oi
995 3969 1258 4040 Ῥωμαῖοι
1307 3970 1410 4041 ἤδη
1467 3969 1806 4023 κεκενῶσθαι
1834 3970 1932 4032 τὰς

345 4063 627 4134 φαρέτρας
691 4064 804 4124 τοῖς
856 4060 1146 4126 ἐναντίοις,
1211 4062 1613 4133 συνησπικότες
1658 4062 1927 4135 ἀλλήλοις,

347 4155 444 4209 καὶ
491 4152 866 4220 ἀλαλάξαντες
913 4152 1181 4219 ἐνυάλιον,
1242 4152 1477 4223 ἐπῆλθον
1531 4156 1644 4217 τοῖς
1691 4155 1931 4226 Πέρσαις

349 4247 495 4300 κατὰ
546 4245 844 4313 συστάδην,
880 4244 1218 4315 ἀγχεμάχοις
1272 4245 1460 4308 ὅπλοις
1491 4247 1689 4310 αὐτοὺς
1729 4248 1930 4318 ἀμυνό-

362 4353 538 4408 μενοι.
572 4337 642 4389 Οἱ
678 4334 799 4387 οὐδὲ
846 4336 984 4403 πρὸς
1024 4336 1205 4406 βραχὺ
1231 4336 1331 4406 τὴν
1358 4338 1537 4409 ὁρμὴν
1587 4339 1767 4393 αὐτῶν
1800 4340 1932 4394 ὑπο·-

2031 3238 2380 3284 recusarunt.
2427 3231 2503 3284 Ac
2547 3232 2793 3301 quandiu
2834 3233 3012 3290 Persa:
3051 3239 3265 3308 sagittis
3300 3241 3617 3307 utebantur,

2032 3320 2298 3376 Romanis
2324 3322 2647 3392 superiores
2672 3339 2795 3381 esse
2825 3326 3179 3397 videbantur,
3210 3332 3305 3403 qui
3334 3349 3393 3389 se
3416 3335 3622 3406 clypeis

2033 3417 2414 3489 obsepiebant,
2438 3435 2540 3475 nec
2562 3429 2755 3475 contra
2784 3421 2956 3477 ibant.
2981 3422 3088 3479 Sed
3117 3440 3242 3480 cum
3264 3425 3620 3481 animadver-

2033 3516 2215 3566 terent
2234 3509 2550 3583 Persasjam
2574 3513 2859 3584 pharetras
2875 3515 3219 3582 exhausisse,
3239 3516 3483 3573 densatis
3504 3519 3619 3591 cly-

2033 3599 2172 3671 peis,
2201 3601 2514 3657 etclatnore
2536 3602 2737 3659 bellico
2760 3605 2995 3672 sublato,
3021 3606 3144 3662 illos
3162 3607 3504 3673 invaserunt,
3533 3627 3624 3666 co-

2034 3691 2219 3747 minus
2248 3691 2423 3747 hastis
2445 3693 2711 3764 etgladiis
2737 3711 2850 3750 rem
2874 3706 3148 3767 gerentes.
3179 3698 3262 3753 Ibi
3302 3699 3489 3756 hostes
3517 3717 3622 3757 nec

2032 3786 2102 3837 ad
2125 3784 2381 3854 exiguum
2411 3793 2629 3855 tempus
2651 3802 2843 3840 eorum
2875 3787 3080 3857 impetu
3111 3789 3341 3844 tolerato
3364 3791 3421 3845 in
3440 3792 3621 3861 fugam

2033 3875 2180 3931 versi
2228 3877 2478 3946 plerique
2523 3877 2751 3936 cadunt.
2805 3883 3113 3949 castrisque
3147 3881 3381 3950 direptis
3410 3886 3621 3954 regium

2033 3969 2339 4025 Hormisda:
2401 3968 2819 4025 tabernaculum
2869 3980 2926 4026 et
2972 3972 3154 4027 omnis
3206 3975 3326 4044 ejus
3372 3976 3622 4045 supellex

2035 4060 2141 4131 73
2175 4068 2231 4115 et
2272 4060 2619 4132 elephantes,
2660 4060 2981 4131 imperatori
3031 4063 3374 4135 seliguntur,
3423 4052 3621 4121 (ἐποίει-ιι

2033 4153 2304 4208 militibus
2356 4167 2638 4208 concessa.
2673 4153 2915 4208 Romani
2961 4155 3016 4208 in
3069 4155 3313 4211 Persidis
3363 4157 3622 4216 interiora

2032 4244 2335 4315 progressi,
2408 4244 2569 4314 longe
2618 4244 2837 4315 lateque
2901 4245 3112 4315 pra-das
3160 4248 3412 4317 egerunt.
3466 4249 3622 4306 Tunc

2034 4334 2290 4390 Tiberius
2323 4335 2543 4390 balneas
2574 4335 2923 4392 Blachernias
2948 4336 3222 4393 aediﬁcare
3255 4339 3443 4409 erepit,
3487 4343 3622 4397 mul-

351 4430 640 4501 μείναντες
662 4436 959 4497 τρέπονται
989 4432 1085 4479 καὶ
1111 4429 1465 4496 ἀναιροῦνται
1485 4431 1584 4500 μὲν
1618 4433 1669 4484 οἱ
1688 4431 1927 4496 πλείους·

2037 4433 2118 4480 tas
2154 4433 2211 4480 et
2246 4440 2433 4480 sacras
2459 4434 2516 4479 et
2545 4424 2797 4496 publicas
2848 4426 2996 4483 aedes
3044 4428 3392 4493 instauravit,
3425 4441 3487 4484 ut
3518 4431 3620 4485 ho-

346 4524 408 4575 τὸ
447 4521 503 4575 δὲ
533 4520 899 4592 στρατόπεδον
948 4519 1128 4574 αὐτῶν
1201 4521 1586 4591 διαρπάζεται·
1652 4525 1806 4596 καὶὴ
1841 4526 1943 4596 μὲν

351 4616 607 4689 βασιλικὴ
663 4614 758 4669 τοῦ
831 4614 1127 4687 Ὁρμίσδου
1182 4618 1378 4688 σκηνὴ.
1434 4619 1529 4670 καὶ
1579 4620 1613 4688 ἡ
1657 4619 1942 4692 ἀποσκευῇ

349 4713 562 4765 ἐκείνου
589 4711 763 4775 πᾶσα,
794 4712 893 4763 καὶ
920 4712 968 4763 οξ
1003 4708 1299 4777 ἐλέφαντες
1352 4708 1431 4779 τῷ
1462 4708 1679 4779 βασιλεῖ
1739 4710 1943 4782 ὑπεξῄ-

353 4816 538 4870 ρηντο,
568 4800 639 4855 τά
659 4801 704 4855 δ’
737 4800 875 4856 ἀλλα
903 4801 1015 4861 τοῖς
1053 4798 1421 4872 στρατιώταις
1446 4798 1741 4871 εἰάθησαν.
1782 4802 1847 4855 Οί
1884 4802 1942 4855 δέ

362 4892 625 4962 Ῥωμαῖοι
658 4891 796 4963 πρὸς
821 4892 890 4946 τὰ
915 4892 1171 4964 ἐνδότερα
1201 4894 1300 4962 τῆς
1336 4891 1599 4964 Περσίδος
1624 4892 1937 4963 ἐχώρησαν,

351 4986 446 5038 καὶ
482 4983 668 5055 χώραν
725 4983 929 5055 πολλὴν
982 4984 1158 5055 αὐτῆς
1216 4985 1528 5055 ἐληῖσαντο.
1582 4985 1719 5038 Τότε
1752 4984 1937 5039 καὶτὸ

349 5076 459 5129 τῶν
487 5076 811 5147 Βλαχερνῶν
852 5075 1075 5147 λοετρδν
1117 5077 1425 5148 οἰκοδομεῖν
1473 5078 1502 5130 ὁ
1535 5076 1787 5147 Τιϐέριος
1830 5077 1934 5147 ἧρ-

351 5168 503 5238 ξατο,
534 5170 629 5223 καὶ
657 5168 890 5233 πολλοὺς
914 5170 1077 5232 ναοὺς
1103 5172 1195 5224 καὶ
1222 5169 1521 5241 δημοσίους
1548 5171 1732 5233 οἴκους
1767 5170 1936 5235 ξενῶ-

352 5263 450 5324 νάς
494 5256 639 5331 φημι
688 5261 788 5317 καὶ
848 5266 1193 5334 γηροκομεῖα
1257 5260 1621 5329 ἀνενεώσατο,
1684 5263 1782 5316 καὶ
1845 5262 1936 5317 τὸν

350 5348 793 5425 χρυσοτρίκλινον
820 5352 973 5426 παρά
1001 5353 1291 5409 Ἰουστίνου
1337 5353 1643 5426 δομηθέντα
1690 5370 1936 5426 προσεπ.

2035 4520 2199 4591 Spitia
2223 4529 2278 4574 et
2316 4533 2510 4573 senum
2551 4520 2916 4588 receptacula,
2950 4530 3004 4576 et
3033 4537 3261 4577 aureum
3320 4524 3621 4580 triclinium

2035 4628 2065 4668 a
2096 4613 2313 4668 Iustino
2343 4612 2623 4667 conditum
2658 4613 2961 4668 renovavit.
2985 4614 3256 4687 Eutychio
3285 4617 3621 4687 patriarcha,

2035 4720 2160 4761 cum
2211 4703 2565 4775 Byzantinam
2610 4705 2795 4758 sedem
2847 4722 2944 4776 per
2991 4722 3043 4761 tv
3088 4722 3263 4764 annos
3316 4711 3621 4765 secundum

2034 4808 2305 4860 ornasset,
2337 4808 2578 4863 mortuo,
2612 4797 2921 4866 patriarcha
2948 4799 3173 4870 eligitur
3202 4800 3408 4872 Magnae
3434 4802 3620 4858 Eccle.

2033 4891 2127 4944 site
2165 4889 2430 4944 diaconus
2475 4889 2716 4945 Joannes
2751 4890 3060 4961 Jejunator,
3098 4895 3184 4947 vir
3221 4896 3620 4951 sanctissimus.

2032 4982 2224 5037 Persas
2282 4983 2529 5052 captivos
2563 4981 3098 5054 Constantinopolim
3157 4985 3477 5054 perductos,
3516 4988 3615 5041 intr

2033 5078 2257 5144 perato‘r
2305 5089 2498 5141 omnes
2545 5075 2830 5146 magniﬁce
2884 5077 3112 5132 vestitos
3159 5077 3384 5132 domum
3438 5079 3621 5135 redire

2034 5164 2162 5219 sivit
2190 5183 2204 5220 :
2237 5179 2377 5234 quos
2420 5163 2668 5235 ipsorum
2716 5167 2931 5236 cognati
2983 5179 3180 5237 praeter
3209 5185 3362 5237 spem
3395 5173 3619 5241 conspi-

2034 5257 2164 5322 cati,
2194 5273 2387 5327 magna
2421 5273 2545 5313 cum
2575 5257 2936 5314 admiratione
2979 5259 3369 5329 imperatorem
3409 5264 3619 5317 collau~

2034 5351 2256 5408 darunt.
2286 5351 2559 5408 Caeterum
2597 5342 2888 5421 Chaganus
2918 5351 3157 5407 Avarum
3189 5351 3300 5407 dux
3336 5368 3368 5409 a
3396 5354 3619 5414 Tiberio

1545 5511 1751 5575 Variae
1782 5511 2102 5575 lectiones
2128 5517 2189 5574 et
2222 5516 2414 5574 notaa.

420 5671 537 5743 (3i)
579 5669 845 5741 Κόμητα.
872 5668 1085 5743 Notaril
1121 5664 1740 5743 Δι]ᾗςιςιιὶιιιεειιιι-οὺίἰιξειιξ
1768 5665 1935 5743 Tibe-

349 5736 742 5799 riu'm'scribit'
769 5741 1089 5798 Eustathius
1119 5738 1175 5793 in
1197 5739 1322 5794 Vita
1372 5737 1430 5793 S.
1484 5736 1742 5809 Eutychii
1784 5736 1934 5792 Patr.

350 5814 828 5882 Constantinopol.
862 5829 895 5867 η
969 5812 1059 5873 67,
1093 5810 1306 5882 scilicet
1353 5810 1554 5882 ordinis
1585 5809 1771 5882 primi,
1796 5821 1938 5882 quo-

351 5885 518 5943 modo
547 5901 668 5942 eam
706 5876 865 5940 vocat
908 5880 1249 5943 Lactantius,
1278 5879 1336 5935 in
1384 5879 1529 5937 libro
1572 5876 1651 5938 De
1682 5876 1937 5934 mortibus

635 5976 907 6040 Panos.
939 5974 1055 6038 Gn.
1101 5971 1449 6039 CXXXIV.

2041 5675 2453 5737 persecutorum.
2483 5679 2601 5734 cap.
2642 5663 2706 5717 10

2112 5736 2226 5803 (52)
2256 5738 2787 5803 Προσεκαλὲσατο.
2827 5735 3365 5791 EustathinsinVita
3413 5734 3471 5793 S.
3510 5735 3623 5791 Ειιο

2041 5806 2211 5878 tychii
2243 5806 2392 5863 Patr.
2427 5804 2901 5879 Constantinopol.
2932 5824 2989 5861 ιι.
3026 5809 3094 5862 70
3126 5818 3182 5863 ct
3218 5824 3374 5879 seqq.
3574 5825 3600 5841 ν

3231 5967 3307 6029 4t)
