4068 6414
414 436 547 504 1261

1646 428 1930 490 ANNALI
1945 428 2054 490 ΗΜ
2093 428 2241 492 LIB.
2282 429 2421 491 XIV

3531 462 3616 495 Διὶ
3639 468 3672 497 ά

410 546 850 620 καταδεξαμένου
893 547 955 602 δέ
1010 545 1104 600 καὶ
1155 544 1364 616 ταύτην
1414 505 1515 614 τήν
1549 543 1873 615 προσθήκην
1896 541 1992 598 τοῦ

2102 540 2294 613 Illyrici
2323 541 2562 613 subegit,
2591 543 2834 598 minatus
2892 557 2953 599 se
2983 540 3232 614 Longum
3263 544 3474 601 Murum
3503 547 3672 602 etiam

412 643 707 712 βασιλέως,
747 641 1076 711 ἐστράτευσε
1111 639 1255 694 κατά
1290 638 1584 707 Ῥωμαίων
1639 637 1848 700 ἐκεῖνος
1896 634 1995 691 καὶ

410 737 598 798 πόλεις
623 734 826 798 πολλὰς
858 732 954 787 τοῦ
995 730 1291 804 Ἰλλυρικοῦ
1321 729 1673 801 ἐχειρώσατο*
1699 727 1912 797 ἠπείλει
1934 745 1994 782 τε

410 828 506 882 καὶ
533 829 594 882 τὸ
619 826 850 898 Μακρὸν
907 823 1284 896 καταστρέψαι
1355 824 1568 892 Τεῖχος.
1637 821 1862 884 Στείλας
1900 819 1996 875 οὖν

408 919 676 990 πρέσϐεις
718 917 857 989 πρὸς
888 917 980 971 τὸν
1016 915 1295 988 βάρϐαρον
1325 917 1353 969 ὁ
1391 913 1704 985 Μαυρίκιος
1761 912 1997 977 σπονδὰς

407 1011 580 1064 Elia-co.
623 1009 684 1063 '0
721 1010 905 1080 μέντοι
931 1006 1208 1076 Χαγάνος,
1243 1005 1524 1075 ἄπληστός
1553 1021 1611 1058 τε
1639 1002 1736 1057 καὶ
1765 1001 1997 1066 ἄπιστος

410 1100 512 1169 ὢν,
545 1101 681 1172 δόλῳ
707 1101 851 1154 κατά
891 1100 1182 1170 Ῥωμαίων
1212 1100 1442 1169 ἐγίνετο,
1478 1097 1640 1163 αὐτὸς
1665 1097 1764 1168 μὲν
1791 1095 2000 1167 ἡσυχάο

408 1194 542 1261 ζων,
576 1193 702 1264 ἔθνη
747 1193 804 1246 δέ
839 1209 962 1246 τινα
1013 1191 1122 1245 τῶν
1178 1189 1508 1263 Σκλαϐηνῶν
1563 1188 1996 1261 παρασκευάσας

404 1282 506 1353 τὴν
533 1284 638 1336 ὑπὸ
708 1284 1016 1353 Ῥωμαίους
1067 1281 1375 1353 ληῖζεσθαι,
1430 1281 1486 1335 οἳ
1523 1281 1618 1334 καὶ
1681 1280 1844 1352 μέχρι
1894 1278 1996 1333 τοῦ

403 1373 636 1443 Μακροῦ
667 1373 892 1443 Τείχους
931 1372 1301 1443 πεφθάκασιν.
1353 1372 1414 1426 '0
1463 1371 1728 1435 Βασιλεὺς
1773 1371 1832 1425 δὲ
1885 1371 1998 1425 Κο-

408 1466 692 1537 μεντίολον
723 1466 1030 1537 στρατηγὸν
1072 1464 1540 1536 προϐαλλόμενος,
1592 1465 1692 1520 καὶ
1731 1462 1800 1518 δι’
1831 1461 1997 1518 αὑτοῦ

403 1560 514 1622 τοῖς
547 1558 854 1630 Βαρϐἀροις
887 1559 1085 1631 ἀθρόον
1139 1557 1470 1624 ἐπεξελθὼν,
1514 1557 1623 1611 τῶν
1667 1555 1998 1628 Ῥωμαϊκῶν

404 1649 602 1714 αὐτοὺς
635 1650 802 1720 ὁρίων
834 1651 1142 1716 ἀπήλασεν,
1179 1648 1581 1718 ἀναιρεθέντων
1626 1646 1860 1716 πολλῶν,
1904 1648 2000 1701 καὶ

401 1740 500 1810 τὴν
530 1740 682 1794 λείαν
709 1741 842 1811 ὅσην
865 1740 1084 1807 ἔλαϐον,
1111 1739 1206 1795 καὶ
1257 1739 1386 1801 τοὺς
1413 1737 1793 1809 αἰχμαλώτους
1832 1741 2000 1793 ἐπαν-

403 1829 672 1887 εσώσατο.
735 1830 1050 1901 Φιλιππικῴ
1093 1829 1152 1883 δὲ
1199 1828 1298 1898 τὴν
1333 1828 1470 1882 ἰδίαν
1529 1826 1793 1893 συζεύξας
1841 1827 2000 1882 ἀδελ-

404 1922 533 1992 φῆν,
561 1922 704 1976 κατά
751 1923 978 1994 Περσῶν
1035 1920 1200 1976 αὑτὸν
1258 1921 1354 1975 σὺν
1413 1920 1574 1992 βαρεῖ
1618 1920 1995 1992 στρατεύματι

403 2013 814 2079 ἐξαπέστειλεν.
848 2016 912 2069 '0
938 2015 994 2069 δέ
1021 2014 1258 2086 ἄγχιστα
1302 2016 1369 2086 τῇ
1401 2013 1634 2081 Νισίϐει,
1676 2013 1995 2083 γενόμενος,

403 2107 664 2162 κάκεῖθεν
692 2109 957 2178 ἐμϐαλὼν
979 2112 1046 2181 τῇ
1073 2109 1320 2181 Περσίδι,
1355 2109 1559 2179 ῆλασεν
1583 2108 1797 2164 ἐκεῖθεν
1843 2109 1996 2165 λείαν

404 2199 628 2272 πολλὴν,
653 2201 745 2254 καὶ
771 2201 1031 2268 ἐπανιὼν,
1065 2204 1130 2272 τῇ
1175 2201 1287 2254 τῶν
1341 2202 1543 2272 Μήδων
1591 2201 1748 2274 χώρα
1785 2203 1995 2276 προσέ·

405 2293 559 2359 ϐαλε,
591 2294 690 2348 καὶ
713 2293 920 2364 ταύτης
946 2296 1006 2348 οὺ
1039 2296 1180 2365 μείω
1204 2294 1328 2349 τινὰ
1359 2295 1700 2367 ληϊσάμενος
1758 2297 1997 2369 ἐπανῆλ-

405 2387 500 2440 θεν
530 2387 610 2450 εἰς
641 2387 708 2441 τὰ
745 2387 1060 2460 Ῥωμαίων.
1097 2389 1210 2443 Καὶ
1234 2387 1392 2454 αὖθις
1438 2388 1495 2442 δὲ
1540 2389 1655 2455 τοῖς
1703 2389 1998 2459 Περσικοῖς

405 2479 652 2532 ἐπελθὼν
677 2479 925 2551 χωρίοις,
965 2480 1172 2552 ὁμοίως
1202 2481 1492 2553 εὐτύχησε.
1528 2482 1784 2554 Νοσήσας
1811 2483 1997 2554 μέντοι

404 2573 488 2636 εἰς
543 2573 970 2644 Μαρτυρόπολιν
1051 2573 1199 2646 (41)
1271 2575 1670 2644 παραγίνεται,
1738 2575 1998 2634 κάκεῖθεν

405 2665 710 2736 ἐπανῆλθεν
752 2669 834 2731 εἰς
856 2667 917 2721 τὸ
963 2667 1280 2733 Βυζάντιον.
1302 2667 1552 2739 ,Ἐτέχθη
1589 2667 1648 2722 δὲ
1673 2667 1751 2740 τῷ
1781 2671 2000 2741 Μαυρι-

409 2758 512 2828 κξῳ
542 2759 657 2823 υἱὸς
705 2758 766 2812 ὃν
795 2759 1052 2830 ὠνόμασε
1108 2760 1410 2815 Θεοδόσιον.
1463 2761 1790 2826 Φιλιππικδς
1821 2762 1879 2817 δέ
1906 2763 2000 2818 καὶ

411 2851 575 2904 πάλιν
631 2851 775 2905 κατὰ
843 2850 1071 2924 Περσῶν
1129 2852 1552 2924 ἐξεστράτευσε,
1613 2853 1710 2908 καὶ
1755 2855 1816 2909 τὸ
1867 2855 2000 2926 περί

408 2945 573 2998 αὑτὸν
645 2944 1046 3016 στρατιωτικὸν
1094 2945 1401 3017 ἠρώτησεν,
1453 2946 1502 3000 εί
1562 2945 1836 3018 πρόθυμοι
1884 2949 2002 3013 τοῖς

410 3037 650 3108 Πέρσαις
701 3035 812 3092 εἷεν
879 3037 1267 3110 μαχέσασθαι;
1327 3040 1394 3094 Ol
1440 3039 1499 3094 δὲ
1554 3040 1653 3094 καὶ
1708 3041 1894 3112 ὅρκοις
1940 3040 2003 3094 τὸ

411 3130 703 3202 πρόθυμον
735 3131 916 3185 αὐτῶν
941 3131 1248 3187 ἐϐεϐαίουν.
1303 3133 1394 3194 Ὠς
1436 3132 1528 3186 οὖν
1556 3133 1846 3189 συνέϐαλον
1887 3134 2001 3198 τοῖς

2095 649 2441 692 eversurum.
2483 635 2672 706 Itaque
2703 634 3026 703 Mauricius,
3059 636 3244 694 missis
3274 638 3342 692 ad
3370 638 3671 694 Barbarum

2095 725 2314 797 legatis,
2357 743 2548 798 pacem
2593 743 2720 783 cum
2774 743 2842 783 eo
2891 727 3042 784 facit.
3098 728 3206 784 Sed
3247 729 3561 804 Chaganus,
3611 742 3677 787 ut

2098 817 2431 876 insatiabilis
2464 830 2520 876 et
2563 820 2826 890 perﬁdus,
2871 821 2999 876 dolo
3044 823 3323 879 Romanos
3356 839 3674 895 aggressus,

2097 910 2216 981 ipse
2243 913 2494 982 quievit:
2531 913 2852 968 Sclavorum
2892 929 3025 970 vero
3070 924 3265 986 gentes
3306 916 3580 988 quasdam
3605 918 3672 976 τέ

2097 1002 2444 1072 populandas
2489 1004 2805 1075 provincias
2854 1006 3178 1074 concitavit,
3227 1025 3351 1081 quae
3385 1029 3560 1084 usque
3607 1016 3677 1069 ad

2095 1093 2343 1166 Longum
2378 1097 2595 1153 Murum
2628 1106 2760 1154 sunt
2791 1113 3118 1170 progresszc.
3165 1102 3518 1177 Quapropter
3566 1108 3676 1162 im-

2095 1196 2339 1257 perator,
2371 1189 2774 1247 Commentiolo
2820 1192 2960 1248 duce
3011 1204 3219 1264 creato,
3259 1197 3527 1256 Barbaros
3567 1201 3676 1256 int--

2095 1282 2318 1350 proviso
2361 1282 2601 1340 adventu
2642 1284 2904 1339 Romanis
2950 1285 3156 1342 ﬁnibus
3204 1290 3437 1359 expulit,
3485 1293 3675 1349 multis

2097 1371 2276 1440 caesis,
2308 1383 2366 1429 et
2407 1374 2590 1445 praeda
2638 1376 2788 1431 omni
2828 1376 3172 1449 captivisque
3229 1383 3488 1452 receptis.
3544 1385 3675 1440 Phi-

2097 1465 2363 1535 lippicum
2397 1481 2589 1522 sorore
2629 1467 2903 1538 desponsa
2937 1483 3063 1524 cum
3108 1487 3276 1527 manu
3332 1475 3674 1532 validissima

2097 1565 2294 1612 contra
2340 1559 2539 1616 Persas
2580 1559 2752 1627 misit,
2795 1560 2892 1631 qui
2935 1577 3062 1618 cum
3125 1565 3376 1633 proxime
3436 1567 3675 1624 Nisibim

2098 1649 2468 1718 pervenisset,
2532 1658 2699 1722 atque
2761 1651 2890 1709 inde
2947 1652 3005 1708 in
3053 1653 3299 1710 Persiam
3357 1657 3676 1728 irrupisset,

2099 1741 2274 1796 multa
2323 1744 2506 1813 prada
2540 1743 2758 1811 abacta,
2808 1745 2863 1800 in
2919 1745 3098 1800 reditu
3144 1747 3562 1817 impressionem
3621 1755 3678 1808 in

2098 1830 2332 1886 Mediam
2379 1832 2528 1897 fecit,
2580 1845 2635 1890 et
2681 1835 2756 1890 ibi
2790 1851 3013 1906 quoque
3061 1837 3244 1908 praeda
3294 1855 3404 1894 non
3465 1842 3679 1900 minore

2098 1931 2277 1994 parta,
2318 1921 2385 1978 irf
2402 1924 2680 1981 Romanas
2718 1927 3035 1997 provincias
3063 1929 3268 1984 rediit:
3301 1929 3431 1986 inde
3473 1931 3676 1990 iterum

2097 2015 2353 2073 Persicos
2381 2015 2520 2073 ﬁnes
2541 2017 2844 2089 ingressus,
2878 2035 2994 2074 rem
3017 2036 3171 2092 aeque
3203 2039 3462 2095 prospere
3487 2029 3677 2096 gessit.

2098 2107 2208 2164 Sed
2258 2118 2488 2181 propter
2540 2111 2792 2167 morbum
2849 2111 3284 2185 Martyropolim,
3339 2127 3504 2188 atque
3545 2120 3676 2176 inde

2097 2201 2423 2273 Byzantium
2473 2203 2662 2259 rediit.
2697 2203 2962 2261 Mauricio
2993 2216 3159 2275 natus
3200 2216 3284 2273 est
3327 2207 3473 2266 ﬁlius
3508 2227 3672 2281 quem

2099 2293 2474 2350 Theodosium
2510 2295 2840 2350 nominavit.
2879 2295 3221 2369 Philippicus
3261 2299 3448 2356 denuo
3482 2301 3679 2360 Persas

2099 2396 2538 2458 oppugnaturus,
2575 2388 2778 2445 milites
2813 2403 2944 2444 suos
2967 2397 3331 2460 percontatur
3353 2407 3424 2447 an
3466 2393 3678 2452 alacres

2099 2489 2286 2536 essent
2310 2481 2378 2536 ad
2419 2481 2776 2554 pugnandum
2808 2496 2934 2537 cum
2963 2481 3194 2540 Persis?
3236 2485 3304 2540 iis
3334 2501 3465 2542 vero
3508 2488 3678 2544 etiam

2094 2565 2476 2645 jurejurando.
2545 2575 2888 2630 alacritatem
2960 2589 3118 2630 suam
3189 2577 3422 2642 testatis,
3489 2580 3680 2638 hostes

2101 2667 2419 2738 aggreditur
2449 2685 2462 2722 :
2491 2667 2592 2737 qui
2621 2668 2726 2723 etsi
2755 2667 2824 2723 ad
2852 2677 3072 2739 tempus
3111 2671 3459 2738 restiterunt,
3493 2683 3676 2731 tamen

2100 2773 2230 2815 cum
2275 2759 2388 2814 dux
2433 2773 2608 2829 equos
2665 2759 2885 2814 illorum
2921 2759 3055 2815 caedi
3105 2761 3380 2832 jussisset,
3413 2773 3470 2820 et
3515 2768 3678 2823 multi

2100 2850 2226 2921 equi
2256 2849 2531 2904 vulnerati
2557 2848 2909 2916 cecidissent,
2967 2847 3148 2904 Persae
3173 2849 3354 2921 fugam
3383 2866 3677 2923 ceperunt,

2101 2952 2361 3016 potenter
2393 2943 2544 3006 victi,
2575 2956 2881 3013 magnaque
2924 2940 3078 2997 clade
3118 2954 3346 3014 accepta
3378 2961 3391 2998 :
3437 2945 3676 3003 Romani

2103 3051 2234 3092 vero
2277 3035 2550 3090 illustrem
2599 3034 2884 3089 victoriam
2941 3034 3246 3099 consecuti,
3314 3034 3556 3091 hostium
3607 3039 3679 3093 ad

2105 3129 2216 3186 duo
2249 3127 2416 3182 millia
2446 3126 2568 3181 viva
2599 3130 2883 3195 ceperunt.
2914 3123 3232 3180 Hormisdas
3257 3123 3549 3182 Persarum
3583 3145 3681 3186 rex

411 3222 699 3288 ἐναντίοις,
755 3223 920 3294 μέχρι
981 3223 1082 3294 μέν
1134 3241 1278 3289 τινος
1328 3225 1575 3294 ἀντεῖχον
1609 3226 1661 3278 oi
1698 3224 1998 3297 Βάρϐαροι.

2107 3223 2400 3282 Baramum
2453 3220 2651 3276 ducem
2705 3217 2966 3289 congredi
3015 3232 3141 3272 cum
3189 3217 3455 3274 Romanis
3495 3221 3679 3290 jussit.

423 3313 583 3368 Ἐπεὶ
607 3314 665 3368 δὲ
691 3315 820 3379 τοὺς
853 3317 1056 3380 ἵππους
1093 3316 1356 3388 πλήττειν
1405 3317 1594 3375 ,αὐτῶν
1633 3320 1660 3373 ό
1688 3319 1996 3390 στρατηγὸς

2104 3315 2281 3384 Quem
2319 3323 2381 3369 ut
2419 3311 2626 3367 victum
2662 3325 2784 3366 esse
2826 3311 3105 3381 cognovit,
3147 3311 3412 3382 abrogato
3459 3313 3537 3367 illi
3575 3314 3682 3368 im-

411 3409 526 3469 τοῖς
550 3406 775 3471 οἰκείοις
817 3407 1296 3479 παρεκελεύσατο,
1325 3410 1420 3463 καὶ
1459 3409 1649 3464 πολλοὶ
1675 3410 1783 3464 τῶν
1813 3410 1998 3465 ἵππων

413 3497 778 3567 πληττόμενοι
829 3495 1081 3564 ἔπιπτον,
1143 3499 1360 3570 ἐτράπη
1389 3499 1449 3552 τὸ
1488 3501 1777 3572 Περσικὸν,
1815 3503 1911 3555 καὶ
1939 3501 2000 3555 τὸ

416 3587 518 3660 μὲν
577 3591 784 3662 ἥττητο
849 3592 1161 3662 κραταιῶς,
1218 3593 1314 3646 καὶ
1387 3592 1524 3647 πολὺ
1570 3593 1768 3648 τούτου
1831 3594 1999 3666 μέρος

412 3677 706 3753 διέφθαρτο
725 3696 740 3712 ·
770 3680 820 3734 οἰ
842 3680 898 3735 δὲ
941 3680 1204 3753 Ῥωμαῖοι
1223 3682 1496 3756 λαμπρῶς
1531 3685 1880 3754 νενικήκασι,
1906 3687 2000 3739 καὶ

414 3773 626 3838 ζῶντας
674 3774 785 3830 τῶν
829 3775 1107 3846 πολεμίων
1155 3777 1286 3848 περὶ
1336 3776 1631 3847 δισχιλίους
1684 3777 1998 3832 συνέλαϐον.

422 3864 721 3936 Ὀρμίσδας
746 3865 804 3920 δὲ
826 3869 854 3920 ό
877 3865 986 3921 τῶν
1007 3868 1234 3938 Περσῶν
1263 3868 1529 3938 ἀρχηγὸς,
1556 3869 1754 3939 Βαρέιμ
1779 3885 2002 3940 προχει-

416 3959 709 4028 ρισάμενος
773 3958 1101 4028 στρατηγὸν,
1168 3959 1465 4029 συμϐαλεῖν
1529 3959 1825 4029 Ῥωμαίοις
1875 3957 2002 4013 ἐκέ-

415 4049 632 4102 λευσεν.
672 4050 732 4102 '0
755 4048 814 4102 δὲ
843 4048 1139 4118 συμϐαλὼν
1169 4052 1430 4120 ἡττᾶται·
1461 4049 1669 4120 ὃγειοὺς
1702 4049 2000 4120 Ὀρμίσδας

415 4137 739 4206 γυναικείαν
804 4137 1012 4207 ἐσθῆτα
1071 4137 1183 4209 (42)
1235 4138 1445 4191 στέλλει
1523 4139 1710 4208 αὐτῷ,
1763 4141 1856 4193 καὶ
1903 4139 2004 4210 τὴν

419 4229 764 4300 στρατηγίαν
799 4229 1083 4298 ἀφείλετο,
1125 4231 1221 4284 καὶ
1255 4229 1329 4300 τῷ
1377 4231 1783 4302 ὑποστρατήγῳ
1834 4230 2002 4284 αὐτοῦ

416 4321 505 4376 διὰ
532 4322 754 4393 γραφῆς
785 4323 1096 4377 ἐνετείλατο
1109 4322 1199 4378 τὸν
1221 4322 1296 4377 Ba
1309 4323 1419 4393 ραμ
1452 4323 1686 4378 ἀνελεῖν.
1723 4325 1780 4376 Ὀ
1813 4323 1868 4377 δὲ
1891 4317 2004 4377 οἷον

417 4417 590 4468 κακοῦ
623 4415 846 4484 γέγονεν
873 4415 1154 4487 ἐννοήσας,
1179 4415 1484 4486 γράμματα
1502 4415 1576 4479 ὡς
1614 4415 1671 4482 ἐξ
1707 4414 2002 4488 Ὀρμίσδου

418 4506 568 4578 αὑτῷ
605 4507 873 4562 σταλέντα
907 4507 1203 4572 ἐπλάσατο,
1249 4507 1422 4580 ὀργὴν
1473 4507 1810 4578 ἐμφαίνοντα
1861 4506 2005 4560 κατά

2100 3409 2257 3481 perio
2289 3416 2495 3464 vestem
2527 3405 2853 3460 muliebrem
2883 3402 3078 3468 mittit,
3113 3419 3178 3460 ac
3207 3405 3386 3475 legato
3419 3407 3541 3478 ejus
3580 3423 3680 3477 per

2100 3502 2318 3558 litteras
2346 3497 2592 3563 mandat,
2643 3504 2703 3551 ut
2750 3511 2878 3552 eum
2910 3495 3150 3550 occidat.
3195 3493 3468 3552 Caeterum
3515 3499 3682 3553 Bara-

2104 3609 2229 3650 mus
2257 3593 2485 3663 quantis
2532 3591 2584 3645 in
2621 3588 2780 3643 malis
2813 3595 2962 3644 esset
3011 3596 3295 3658 reputans,
3350 3588 3564 3644 litteras
3610 3590 3681 3644 ab

2105 3685 2398 3742 llormisda
2429 3681 2497 3738 ad
2525 3698 2584 3740 se
2615 3680 2810 3736 missas
2843 3693 2966 3734 esse
2995 3677 3456 3744 comminiscitur,
3481 3680 3684 3750 quibus

2105 3777 2450 3833 iracundiam
2481 3790 2638 3832 suam
2675 3774 2940 3830 adversus
2981 3788 3200 3828 omnem
3241 3769 3544 3830 exercitum
3585 3775 3682 3832 dc-

2105 3869 2296 3936 clarct,
2320 3881 2524 3937 easque
2547 3864 2816 3920 militibus
2844 3864 3182 3931 convocatis,
3211 3865 3388 3934 palam
3421 3869 3682 3924 omnibus

2107 3958 2330 4015 recitari
2365 3956 2670 4029 75jubet,
2707 3970 2772 4010 ac
2803 3954 3112 4010 Hormisdae
3145 3954 3354 4010 savitia
3395 3968 3452 4011 et
3490 3957 3687 4015 imma-

2108 4052 2278 4107 nitate
2315 4054 2766 4112 commemorata,
2814 4061 2911 4101 eos
2961 4045 3204 4101 concitat
3252 4046 3580 4113 adlbellum
3631 4053 3681 4107 ei

2109 4141 2482 4199 inferendum.
2537 4137 2732 4195 Subito
2778 4137 2943 4210 igitur
2982 4153 3109 4192 cum
3158 4139 3421 4209 aggressi,
3462 4153 3686 4213 captum

2107 4237 2163 4292 in
2186 4251 2462 4292 carcerem
2497 4232 2877 4304 coujccerunt.
2908 4231 2978 4286 At
3006 4229 3098 4288 ille
3127 4233 3429 4302 professus,
3461 4253 3519 4292 se
3548 4254 3687 4293 cou-

2109 4329 2293 4386 silium
2319 4328 2401 4382 eis
2427 4325 2496 4381 de
2517 4325 2808 4380 Persarum
2832 4322 3067 4393 imperio
3100 4323 3380 4391 daturum,
3410 4329 3554 4398 quod
3586 4333 3684 4387 toti

2108 4419 2319 4476 nationi
2355 4418 2493 4474 sciat
2530 4415 2675 4472 bono
2704 4415 2974 4481 futurum,
3004 4423 3191 4470 monet
3213 4432 3281 4472 ne
3316 4417 3485 4473 lilium
3525 4436 3684 4476 suum

2107 4512 2410 4568 Chosroem
2431 4522 2614 4578 regem
2636 4512 2847 4571 creent,
2869 4504 3152 4560 hominem
3171 4505 3580 4578 inexplebilem,
3605 4511 3658 4564 iu
3673 4541 3691 4552 -

418 4601 620 4665 παντὸς
649 4601 746 4655 τοῦ
783 4599 1222 4672 στρατεύματος,
1250 4601 1344 4654 καὶ
1365 4599 1731 4671 συναθροίσας
1760 4599 1912 4661 αὐτὸ,
1932 4598 2000 4652 τά

2104 4605 2334 4676 justum,
2359 4601 2708 4665 insolentem,
2726 4606 2888 4668 atque
2912 4595 3242 4652 intolerandi
3275 4599 3576 4668 supercilii,
3595 4604 3690 4657 sed

415 4711 477 4747 τε
507 4694 814 4764 γράμματα
845 4695 926 4758 εἰς
953 4694 1196 4767 ἐπήκοον
1232 4693 1658 4762 ἀναγνωσθῆναι
1705 4691 2004 4762 πεποίηκε,

419 4786 517 4840 καὶ
573 4786 737 4852 αὐτὸς
789 4786 1176 4858 ἀνεμίμνησκε
1227 4789 1330 4857 τῆς
1386 4782 1653 4855 ἀπηνείας
1715 4782 2007 4854 Ὀρμίσδου

417 4879 514 4933 καὶ
551 4880 648 4950 τῆς
680 4879 988 4950 ὠμότητος,
1029 4879 1127 4934 καὶ
1154 4879 1242 4932 διὰ
1283 4877 1494 4932 τούτων
1535 4877 1770 4948 ἀντᾶραι
1818 4876 2011 4947 χεῖρας

417 4972 645 5044 ἠρέθισε
683 4973 828 5027 κατά
866 4972 959 5026 τοῦ
988 4972 1139 5043 σφῶν
1169 4970 1442 5044 ἀρχηγοῦ.
1491 4969 1844 5031 Ἐπελθόντες
1897 4967 2010 5036 (45)

413 5060 511 5118 οὖν
574 5064 774 5136 ἀθρόον
844 5063 1030 5136 αὐτῷ,
1103 5064 1395 5135 κατέσχον,
1452 5062 1549 5117 καὶ
1617 5061 1872 5116 ἐνέϐαλον
1929 5062 2011 5124 εἰς

417 5155 667 5228 εἱρκτήν.
736 5156 796 5210 '0
846 5157 904 5210 δὲ
953 5155 1259 5212 ὑποθέσθαι
1313 5157 1500 5219 αὐτοῖς
1554 5156 1685 5226 περὶ
1737 5153 1840 5223 τῆς
1900 5153 2007 5206 τῶν

420 5245 647 5314 Περσῶν
683 5246 862 5317 ἀρχῆς
890 5246 1070 5317 ἠξίου,
1103 5246 1242 5300 ἅττα
1288 5245 1366 5315 τῷ
1397 5245 1540 5298 ἐθνει
1580 5245 1841 5314 γινώσκει
1868 5260 2007 5315 συμ-

419 5337 680 5409 φέροντα,
749 5339 844 5393 καὶ
903 5340 1264 5394 συνεϐούλευε
1321 5340 1398 5411 μὴ
1439 5339 1533 5394 τὸν
1581 5339 1834 5412 Χοσρόην
1886 5338 2004 5392 υἱὸν

417 5426 583 5483 αὑτοῦ
619 5429 752 5484 ὄντα
791 5429 1165 5502 προκριθῆναι
1223 5432 1306 5495 εἰς
1346 5430 1446 5502 τὴν
1481 5431 1677 5502 ἀρχὴν,
1723 5429 2003 5501 ἄπληστον

2106 4699 2276 4754 alium
2302 4711 2333 4750 e
2363 4695 2480 4749 suis
2513 4691 2657 4747 ﬁliis.
2695 4689 2802 4746 Sed
2831 4689 2882 4746 ei
2907 4689 3198 4746 sententiae
3222 4705 3520 4760 procerum
3553 4709 3690 4746 non.

2109 4789 2283 4846 nullis
2309 4785 2618 4856 relragatis,
2661 4782 2960 4854 populares
2999 4793 3193 4838 contra
3240 4797 3367 4838 eum
3404 4785 3689 4848 concitati,

2113 4882 2286 4937 ﬁlium
2313 4878 2402 4933 cui
2439 4891 2670 4948 regnum
2695 4876 3039 4938 decreverat,
3075 4884 3132 4930 et
3157 4883 3390 4929 matrem
3427 4875 3598 4941 illius,
3639 4878 3696 4933 in

2113 4981 2410 5042 conspectu
2469 4970 2592 5042 ejus
2650 4967 2838 5024 statim
2896 4966 3282 5022 occiderunt:
3335 4967 3451 5036 ipse
3517 4969 3698 5023 oculis

2111 5063 2310 5129 crutis,
2353 5063 2408 5118 iu
2456 5075 2738 5117 carcerem
2779 5066 3101 5130 compactos
3141 5074 3158 5118 ;
3203 5056 3479 5113 Chosroes
3512 5073 3542 5112 a
3580 5069 3693 5115 tota

2115 5162 2276 5222 gente
2310 5166 2404 5206 rex
2437 5151 2673 5205 electus.
2716 5147 2768 5203 Is
2806 5146 2875 5201 ad
2905 5157 3122 5216 tempus
3149 5153 3359 5216 patrem
3407 5146 3547 5202 bene
3584 5157 3698 5202 tra-

2113 5243 2304 5306 ctavit,
2342 5249 2399 5296 et
2433 5254 2748 5310 quanquam
2777 5254 2808 5293 e
2837 5236 3089 5294 custodia
3137 5251 3249 5290 non
3293 5236 3507 5304 eduxit,
3542 5239 3596 5292 iu
3628 5254 3692 5294 ea

2112 5343 2298 5389 tamen
2329 5347 2548 5387 omnem
2597 5331 2646 5386 ei
2682 5331 2893 5384 cultum
2929 5336 2984 5383 ct
3030 5326 3361 5397 obsequium
3415 5329 3694 5409 praestitit.

2109 5427 2350 5494 Quicum
2370 5425 2505 5479 nihil
2527 5422 2670 5494 quod
2695 5437 2723 5476 a
2747 5421 2858 5475 ﬁlio
2871 5421 3332 5492 proﬁcisceretur,
3359 5431 3570 5494 gratum
3593 5422 3697 5479 ha-

1612 5541 1816 5604 Varim
1859 5541 2172 5604 lectiones
2217 5543 2496 5600 etnotae.
2531 5515 2540 5538 ’

491 5660 604 5733 (Η)
663 5659 1146 5733 Μαρτυρόπολιν.
1177 5659 1346 5731 Cujus
1382 5658 1539 5733 urbis
1605 5661 1859 5716 meminit
1895 5676 2004 5732 pra:

421 5731 639 5787 caeteris
673 5731 996 5798 Simocatta,
1041 5731 1140 5788 lib.
1172 5747 1248 5794 tv.
1273 5746 1395 5800 cap.
1428 5731 1494 5784 15
1531 5741 1587 5786 et
1633 5731 2006 5801 Theophanes

419 5819 512 5858 an.
555 5803 588 5856 5
619 5802 890 5856 Mauricii.

489 5873 606 5947 (42)
662 5873 1028 5929 Γυναικείαν
1075 5871 1327 5944 ἐσθῆτα.
1395 5869 1715 5943 Simocatta,
1778 5871 1873 5928 lib.
1925 5885 2006 5940 Ill,

2111 5673 2232 5726 cap.
2290 5659 2360 5723 8;
2397 5655 2719 5725 Theophan.
2756 5670 2809 5724 p.
2838 5654 2968 5710 2:22.
3009 5654 3147 5711 Vide
3185 5655 3353 5712 Notas
3384 5659 3701 5718 ail'Cinna-

2117 5745 2286 5792 mutu,
2322 5747 2374 5798 ιι.
2409 5729 2531 5780 ύὸΙ.

2116 5873 2149 5926 4
2189 5794 2779 5925 (taJK-1.910637%.
2833 5794 3157 5866 Simocatta,
3208 5797 3307 5857 lih.
3357 5817 3433 5867 ιν,
3490 5816 3610 5874 cap.
3642 5805 3697 5863 5.

2156 5911 2169 5926 .
2206 5887 2259 5926 ο.
2344 5909 2360 5926 .

2155 5887 2259 5939 ,o,
2305 5887 2360 5928 υ.
