4068 6400
389 433 528 500 1.’63

1636 415 1958 478 JOANNIS
1999 411 2323 475 ΖΟΝΑΠΕ

3511 404 3659 469 126i

377 553 556 615 heret,
583 547 694 603 into
731 540 1095 601 contumelias
1130 553 1245 609 pro
1292 531 1579 591 beneflciis
1614 536 1912 599 reponeret
1941 544 1956 583 :

2082 524 2191 578 ἱντα
2228 521 2326 577 καὶ
2376 521 2586 587 ἄδικον,
2627 517 2890 591 ὑϐριστήν
2931 533 2989 571 τε
3028 518 3130 573 καὶ
3163 514 3664 582 ἁλαζθνικὼτατον,

377 646 557 701 iratus
583 640 987 697 Choroeseum
1035 633 1212 688 latera
1244 627 1490 684 fustibus
1541 622 1828 678 tundendo
1870 635 1964 674 oc-

381 736 491 792 cidi
516 734 707 806 jussit.
742 729 801 785 id
839 728 1057 783 facinus
1087 722 1276 778 odium
1307 720 1603 775 Persarum
1631 714 1683 770 ei
1722 712 1962 806 peperit.

380 805 650 896 Suscepta
705 829 898 878 contra
940 816 1232 873 Baramum
1267 811 1645 883 expeditione,
1694 805 1964 878 quosdam

380 937 451 976 ex
478 915 806 990 proceribus
828 913 944 968 suis
973 910 1054 966 illi
1096 907 1322 965 studere
1378 902 1691 971 suspicatus
1735 897 1963 964 occidit,

381 1029 449 1068 ac
480 988 720 1066 “militari
770 1003 1045 1062 seditione
1095 1001 1446 1071 perterritus,
1497 1007 1622 1049 cum
1671 991 1862 1063 paucis
1894 988 1966 1045 ad

382 1104 663 1158 llontanos
700 1094 969 1167 confugit.
1003 1092 1083 1147 Eo
1119 1087 1420 1145 Mauricius
1464 1082 1706 1155 cognito,
1740 1078 1965 1152 praetori

383 1193 685 1267 provinciae
713 1187 954 1251 mandat,
986 1191 1046 1239 ut
1076 1181 1362 1238 Chosroen
1396 1176 1550 1247 regio
1581 1173 1738 1230 cultu
1766 1181 1823 1228 et
1864 1171 1968 1225 ho-

385 1261 525 1342 nore
554 1282 841 1352 suscipiat,
870 1285 926 1334 et
950 1275 1238 1332 Narsetem
1263 1284 1392 1325 cum
1414 1264 1729 1338 legionibus
1756 1261 1966 1318 auxilio

385 1381 575 1442 mittit,
630 1375 700 1431 ad
755 1383 986 1442 regnum
1035 1360 1504 1435 recuperandum.
1546 1355 1597 1412 Is
1636 1355 1805 1427 igitur
1838 1365 1966 1408 cum

385 1474 619 1527 Bai-amo
648 1474 1000 1535 congressus,
1050 1453 1254 1512 illustri
1286 1450 1520 1507 victoria
1552 1448 1784 1520 potitur,
1832 1442 1969 1498 Per—

387 1578 574 1620 sarum
605 1556 795 1613 multis
809 1550 1040 1616 occisis,
1073 1554 1132 1604 et
1162 1545 1231 1602 ad
1270 1560 1368 1601 sex
1402 1542 1572 1597 millia
1600 1537 1797 1609 captis,
1827 1548 1969 1605 quos

383 1661 664 1713 Chosroes
696 1648 779 1706 ad
827 1661 889 1703 se
936 1642 1207 1699 adductos
1250 1635 1451 1706 iaculis
1480 1647 1674 1689 omnes
1705 1626 1967 1686 confecit.

384 1750 494 1819 Qui
549 1761 680 1803 vero
721 1758 791 1799 ex
838 1736 1057 1795 Barami
1110 1730 1397 1789 foederatis
1426 1726 1677 1785 Turcicae
1724 1718 1971 1777 nationis

384 1813 567 1906 grant,
617 1853 715 1895 eos
757 1833 828 1890 ad
888 1826 1213 1886 Mauricium
1274 1822 1448 1887 misit,
1506 1832 1744 1890 quorum
1810 1813 1967 1868 multi

2063 616 2185 671 ἀλλ’
2223 614 2415 686 ἕτερον
2458 613 2578 667 υίδν
2624 609 2792 666 αὑτοῦ
2844 608 3304 682 προχειρισθῆναι
3348 608 3444 662 τοῦ
3470 608 3666 671 ἔθνους

2065 705 2276 777 ἄρξειν.
2321 704 2756 760 ’Δντιπεσόντων
2782 702 2842 757 δὲ
2892 704 3012 766 τοῖς
3042 700 3229 771 λόγοις
3265 699 3462 754 τούτου
3501 701 3668 754 ὲνίων

2065 798 2177 854 τῶν
2214 800 2275 853 ὲν
2333 797 2659 868 ὑπεροχαῖς,
2709 794 2810 850 καὶ
2861 811 2969 850 κατ
3044 792 3213 848 αὐτοῦ
3272 795 3400 855 τοὺς
3438 793 3668 864 Πέρσας

2067 889 2449 963 ικμηνάντων,
2489 891 2519 944 ό
2575 888 2676 960 μὲν
2717 887 2833 952 υἱὸς
2876 886 3068 955 αὑτοῦ,
3114 886 3174 941 δν
3206 887 3289 951 είς
3337 885 3438 958 τὴν
3483 885 3670 956 ἀρχὴν

2067 986 2280 1049 ἐκεῖνος
2310 982 2635 1055 προέκρινε,
2681 982 2780 1035 καὶ
2832 982 2867 1052 ἡ
2929 981 3118 1052 μήτηρ
3155 978 3371 1033 ἐκείνου
3426 979 3667 1033 ἐνώπιον

2068 1076 2238 1132 αὐτοῦ
2287 1075 2454 1140 εὐθὺς
2508 1074 2862 1146 ἀνῃρέθησαν
2918 1073 3071 1142 παρὰ
3106 1072 3200 1126 τοῦ
3252 1072 3517 1143 πλήθους,
3567 1071 3670 1125 καὶ

2068 1170 2233 1235 αὐτὸς
2270 1169 2330 1225 δὲ
2375 1168 2618 1238 ἐξεκόπη
2655 1166 2724 1221 τὰ
2746 1167 2993 1239 ὄμματα,
3019 1168 3117 1221 καὶ
3151 1165 3295 1221 οὕτω
3334 1165 3666 1237 καθείρχθη.

2079 1261 2141 1317 Ὅ
2183 1261 2243 1316 δέ
2277 1277 2342 1330 γε
2380 1259 2633 1330 Χοσρόης
2664 1258 2780 1330 (44)
2834 1260 2915 1323 εἰς
2957 1258 3060 1330 τὴν
3089 1258 3268 1331 ἀρχὴν
3297 1257 3474 1331 ᾑρέθη
3508 1261 3668 1328 παρὰ

2068 1355 2166 1410 τοῦ
2229 1354 2425 1418 ἔθνους
2480 1353 2709 1417 παντός.
2773 1352 2885 1407 Καὶ
2944 1353 3109 1425 μέχρι
3169 1354 3273 1423 μέν
3318 1369 3467 1417 τινος
3523 1352 3669 1423 πρὸς

2068 1450 2163 1505 τδν
2211 1449 2425 1520 πατέρα
2458 1447 2802 1519 φιλοφρόνως
2844 1446 3103 1511 διέκειτο,
3141 1447 3240 1517 τῆς
3281 1446 3382 1516 μὲν
3411 1449 3668 1519 φρουρᾶς

2070 1541 2133 1596 ού
2165 1541 2338 1605 λύσας
2366 1540 2556 1607 αὑτὸν,
2597 1541 2782 1595 πᾶσαν
2826 1538 2885 1593 δὲ
2927 1538 3234 1601 θεραπείαν
3271 1541 3439 1594 αὐτοῦ
3482 1541 3669 1595 ἑκεῖσε

2072 1633 2422 1705 ποιούμενος.
2470 1632 2530 1685 '0
2571 1631 2631 1686 δὲ
2673 1631 2829 1685 οὐδὲν
2875 1630 2986 1684 τῶν
3025 1631 3179 1701 παρὰ
3218 1631 3312 1685 τοῦ
3336 1630 3469 1685 ὐίοῦ
3515 1630 3671 1702 αὐτῷ

2073 1726 2450 1797 στελλομένων
2503 1725 2803 1798 προσίετο,
2862 1722 2999 1777 ἀλλὰ
3045 1724 3143 1777 καὶ
3201 1723 3395 1796 ῦσρεσι
3459 1723 3670 1794 μᾶλλον

2072 1817 2174 1882 τὰς
2204 1815 2607 1889 φιλοφροσύνας
2633 1815 2915 1887 ἠμείϐετο.
2958 1815 3129 1886 Θυμῷ
3175 1815 3309 1885 γοῦν
3357 1817 3448 1871 διὰ
3485 1818 3667 1871 ταῦτα

388 1884 567 1906 .η......,
619 1884 714 1895 ν--
758 1884 828 1890 __
888 1884 934 1886 ,κ
1433 1884 1442 1887 _
1524 1884 1542 1890 _

388 1947 585 1989 cruces
629 1931 686 1985 in
736 1924 1013 1983 frontibus
1043 1921 1329 1993 gerebant,
1380 1911 1730 1984 compunctis
1768 1921 1963 1979 super-

2082 1884 2311 1982 ληφθεὶς
2421 1884 2693 1981 Χοσρόης,
2752 1909 3010 1980 ῥοπάλοις
3046 1884 3320 1964 -ὲκέλευσε
3365 1909 3508 1963 κατὰ
3552 1910 3667 1962 τῶν

390 2024 536 2078 ciliis
602 2021 659 2075 in
720 2016 905 2074 crucis
958 2011 1222 2075 modum,
1285 2006 1581 2073 infusoque
1636 2003 1970 2054 atramento.

2076 2003 2322 2073 λαγόνων
2389 2003 2735 2073 τυπτόμενον
2796 2001 2890 2055 τὸν
2954 2005 3171 2077 πατέρα
3228 2004 3432 2057 θανεῖν.
3493 2003 3669 2056 Τοῦτο

390 2115 563 2188 Cujus
592 2112 669 2168 rei
696 2108 925 2182 quaesita
967 2119 1156 2169 causa,
1205 2097 1638 2171 responderunt,
1693 2088 1971 2161 superiori

2082 2099 2238 2169 μῖσος
2272 2095 2599 2166 ἐγγενέσθαι
2641 2098 2757 2159 τοῖς
2807 2096 3051 2170 Πέρσαις
3103 2099 3247 2153 κατὰ
3282 2096 3379 2150 τοῦ
3416 2098 3667 2168 Χοσρὸου

394 2219 641 2277 tempore
671 2217 797 2258 cum
846 2215 947 2255 sua
997 2211 1135 2269 gens
1186 2194 1331 2249 fame
1365 2188 1797 2263 periclitaretur,
1846 2196 1905 2237 se
1944 2195 1975 2234 a

2082 2191 2326 2262 εποίησε.
2401 2191 2462 2245 '0
2521 2190 2580 2245 δὲ
2630 2189 2776 2243 κατὰ
2820 2191 3023 2263 Βαρὰμ
3070 2192 3191 2264 (45)
3245 2191 3667 2264 ἐξεστράτευσε,

391 2276 711 2357 Christiano
744 2292 982 2365 quodam
1017 2288 1256 2345 monitos
1279 2286 1386 2341 hoc
1424 2283 1641 2347 fecisse,
1668 2293 1772 2335 nec
1800 2276 1974 2332 ullum

2082 2284 2176 2338 καὶ
2225 2283 2380 2348 τινὰς
2450 2283 2560 2339 τῶν
2612 2285 2745 2357 παρ’
2811 2283 2962 2354 αύτῷ
3029 2284 3375 2355 μεγιστάνων
3420 2284 3499 2353 τῷ
3557 2284 3668 2337 Βα-

396 2409 468 2449 ex
499 2390 582 2447 eis
612 2388 708 2459 qui
756 2384 1030 2458 paruerit,
1083 2382 1228 2437 fame
1274 2377 1530 2450 periisse.
1573 2375 1842 2429 Baramus
1883 2384 1979 2425 su-

2082 2376 2196 2448 ρὰμ
2234 2376 2593 2451 προσκεῖσθαι
2639 2377 3008 2443 ὑποπτεύσας,
3056 2378 3265 2433 ἀνεῖλεν
3314 2379 3531 2441 αὐτούς.
3558 2375 3671 2430 Τοῦ

391 2494 643 2558 peratus,
678 2480 805 2551 fuga
838 2477 1077 2532 salutem
1110 2470 1387 2545 qumsivit,
1413 2468 1692 2525 Chosroes
1726 2468 1782 2522 in
1814 2479 1977 2543 suum

2082 2466 2135 2521 δὲ
2187 2467 2598 2539 στρατεύματος
2658 2470 2780 2523 κατ²
2822 2466 3022 2523 ἀὺτοῦ·
3075 2469 3489 2533 στασιάσαντος,
3561 2469 3670 2522 δεί-

393 2588 623 2647 regnum
682 2579 770 2628 est
829 2580 1109 2623 reversus.
1164 2561 1363 2618 Fertur
1421 2568 1605 2614 autem
1659 2572 1786 2613 cum
1849 2565 1979 2612 ante

396 2664 691 2721 victoriam
724 2661 837 2715 dux
876 2659 1254 2714 Romanorum
1306 2662 1518 2709 certam
1569 2651 1698 2707 belli
1747 2648 1982 2706 admini-

394 2755 607 2814 strandi
644 2754 928 2808 (rationem
957 2756 1261 2806 secuturus
1302 2757 1473 2812 esset,
1521 2745 1788 2801 institisse
1828 2742 1979 2800 Cho-

394 2864 569 2916 srocs,
602 2862 670 2903 ne
701 2844 756 2899 id
804 2843 1100 2901 consilium
1148 2848 1566 2909 exsequeretur,
1592 2846 1649 2894 et
1690 2837 1861 2893 alium
1896 2836 1983 2890 in-

393 2939 677 2997 struenda:
718 2936 857 2992 aciei
906 2933 1134 2990 modum
1183 2931 1583 3003 proposuisse:
1634 2945 1801 3001 quem
1853 2943 1981 2984 cum

394 3032 507 3104 '76
564 3031 674 3086 dux
735 3026 987 3082 inutilem
1045 3038 1168 3080 esse
1199 3023 1515 3086 atlirmaret,
1569 3036 1750 3091 neque
1797 3029 1980 3075 tamen

393 3129 671 3180 clinsroes
696 3120 764 3177 de
786 3116 1060 3175 sententia
1093 3132 1192 3172 sua
1224 3115 1543 3179 decederet,
1575 3115 1741 3169 etiam
1763 3112 1982 3171 salibus

394 3218 623 3273 incessit
658 3228 865 3286 regem,
901 3221 962 3267 ut
993 3210 1074 3267 rei
1101 3195 1359 3265 militaris
1387 3219 1444 3264 ct
1465 3209 1809 3265 instruendae
1838 3207 1980 3262 aciei
2007 3232 2050 3291 ο

395 3309 734 3380 imperitum.
776 3306 870 3360 .lis
919 3303 1204 3359 Chosroen
1249 3301 1552 3365 irritatum,
1630 3301 1725 3371 qui
1802 3311 1985 3356 motus

397 3412 673 3457 astrorum
713 3397 927 3468 peritus
976 3402 1143 3461 esset,
1199 3403 1366 3464 atque
1424 3393 1737 3448 futurarum
1798 3407 1985 3447 rerum

397 3489 750 3562 prce-scientia
784 3487 1141 3558 gloriaretur,
1175 3484 1426 3540 dixisse:
1463 3484 1584 3539 Nisi
1614 3486 1839 3555 tempori
1874 3500 1986 3540 ser-

400 3584 642 3640 uiendum
671 3590 823 3646 esset,
853 3595 959 3633 non
983 3579 1231 3645 auderes,
1254 3576 1383 3642 dum,
1414 3594 1665 3647 magnum
1696 3593 1869 3648 regem
1893 3594 1985 3632 sa-

401 3679 537 3733 libus
558 3679 835 3730 incessere.
872 3672 1011 3740 Quia
1035 3688 1156 3728 vero
1186 3672 1504 3728 successibus
1534 3673 1874 3740 prtesentit'as
1902 3676 1988 3726 in-

397 3769 631 3833 solescis,
675 3768 883 3834 audito,
921 3767 1050 3837 quid
1093 3768 1147 3820 in
1195 3765 1433 3836 futurum
1473 3765 1547 3819 dii
1596 3766 1984 3818 constituerint.

398 3865 542 3918 Scito
570 3878 651 3917 res
681 3862 930 3916 adversas
961 3860 1030 3913 ad
1056 3875 1143 3913 vos
1178 3858 1443 3913 Romanos
1471 3873 1583 3912 esse
1620 3860 1915 3921 redituras;
1937 3864 1987 3912 et

400 3965 606 4027 gentem
675 3952 1054 4026 Babylonicum
1107 3949 1309 4022 triplici
1358 3966 1628 4005 annorum
1681 3952 1988 4021 septenario

398 4048 619 4100 circuitu
655 4043 952 4099 Romanam
993 4042 1246 4097 ditionem
1293 4042 1648 4096 obtenturam.
1696 4042 1820 4095 l’ost
1854 4040 1989 4094 illud

403 4151 608 4205 autem,
649 4156 737 4192 vos
768 4137 1015 4203 Romani,
1049 4137 1289 4206 quintum
1333 4136 1693 4204 septenarium
1723 4149 1990 4187 annorum

402 4233 599 4288 Persas
664 4232 914 4284 servitute
968 4229 1238 4299 premetis.
1298 4225 1373 4280 Iis
1430 4227 1666 4295 peractis
1720 4225 1830 4278 dies
1876 4226 1992 4278 sine

402 4340 614 4395 respere
660 4321 955 4378 hominibus
1005 4321 1299 4373 illucescct.
1347 4318 1475 4372 lla‘c
1532 4318 1644 4372 ille.
1691 4316 1992 4371 Mauricius

405 4430 594 4473 autent
630 4416 803 4471 filium
856 4413 1231 4469 Theodosium
1283 4411 1672 4479 imperatorem
1731 4407 1991 4478 appellat,

404 4525 643 4579 eninqne
694 4507 1006 4579 patriarcha
1034 4504 1275 4560 Joannes
1323 4504 1378 4558 in
1422 4502 1690 4558 Paschate
1735 4509 1985 4555 coronat.

403 4578 598 4656 :Edetn
628 4578 1001 4668 Quadraginta
1045 4595 1371 4666 Martyrum,
1424 4592 1737 4647 inchoatam
1773 4591 1988 4661 pridem
2016 4578 2070 4638 D

408 4711 439 4747 a
480 4692 725 4758 Tiberio,
757 4690 993 4744 necdum
1018 4687 1341 4758 perfectam,
1380 4684 1635 4740 absolvit.
1677 4684 1815 4739 Pace
1864 4699 1991 4739 cum

406 4784 592 4840 Persis
617 4783 779 4846 facta,
812 4781 1058 4851 legiones
1081 4794 1147 4833 ex
1176 4777 1403 4834 Oriente
1433 4775 1490 4830 in
1515 4775 1804 4829 Thraciam
1830 4791 1992 4831 revoo

408 4876 577 4941 cavit,
626 4882 685 4929 et
740 4874 858 4941 ipse
900 4871 1201 4943 Byzantina
1259 4880 1405 4926 terra
1454 4887 1730 4942 egressus,
1793 4872 1913 4925 loca
1963 4886 1994 4925 a

408 4967 665 5023 llarbaris
683 4980 881 5022 eversa
915 4963 1281 5034 contemplari
1308 4964 1501 5018 voluit.
1524 4964 1644 5029 Quo
1670 4970 1915 5033 tempore
1939 4970 1996 5017 et

409 5062 489 5116 sol
531 5058 752 5123 dt-feeit,
784 5067 842 5112 et
872 5055 1073 5110 mulier
1102 5053 1353 5124 quaedam
1395 5054 1451 5108 in
1487 5053 1727 5107 Thracia
1759 5068 1994 5122 puerum

408 5152 647 5224 peperit,
684 5150 801 5205 sine
829 5146 1025 5214 oculis,
1058 5147 1178 5202 sine
1226 5145 1526 5216 palpebris,
1578 5146 1698 5198 sine
1742 5145 1997 5201 manibus

410 5257 469 5300 et
531 5243 793 5305 brachiis,
843 5241 1016 5295 cauda
1067 5238 1280 5309 piscina
1328 5252 1501 5306 usque
1552 5236 1617 5291 ad
1670 5236 1998 5291 coxendices

412 5352 633 5393 sursum
682 5342 961 5406 porrecta.
1016 5332 1227 5389 ‘Verum
1281 5327 1540 5400 Chagano
1595 5343 1721 5382 cum
1780 5329 1997 5385 inﬁnita

2081 2576 2181 2623 σας
2230 2561 2459 2625 ἐκεῖνος,
2504 2560 2645 2632 μετά
2662 2578 2825 2616 τινων
2843 2561 3043 2631 ὀλίγων
3093 2562 3481 2633 ἀποδιδράσκει
3528 2564 3669 2632 (46),

2078 2653 2176 2707 καὶ
2227 2653 2367 2727 πρὸς
2429 2653 2736 2725 Ῥωμαίους
2782 2655 3037 2723 ἀφίκετο.
3085 2656 3151 2709 Ὃ
3207 2654 3397 2726 μαθὼν
3440 2657 3469 2709 ό
3507 2657 3671 2711 Μαυ-

2082 2744 2282 2816 ρίκιος,
2325 2743 2543 2798 κελεύει
2588 2745 2668 2817 τῷ
2707 2743 3107 2819 στρατηγοῦντι
3152 2745 3255 2815 τῆς
3295 2744 3503 2816 χώρας,
3535 2746 3672 2799 ὑπο-

2077 2835 2342 2903 δέξασθαι
2391 2837 2487 2891 τὸν
2526 2837 2776 2910 Χοσρόην
2830 2837 3145 2908 βασιλικαῖς
3195 2836 3517 2909 θεραπείαις
3572 2838 3670 2891 κα)⁵

2080 2928 2388 2995 δεξιώσεσι.
2418 2928 2638 2983 Στέλλει
2671 2929 2731 2984 δὲ
2770 2930 3001 3001 Ναρσῆν
3055 2933 3196 3003 μετὰ
3239 2931 3673 3003 στρατευμάτων

2082 3025 2448 3095 συμμαχῆσαι
2513 3023 2754 3097 Χοσρόῃ,
2830 3025 2926 3078 καὶ
2988 3026 3450 3095 ἀποκαταστῆσαι
3504 3024 3671 3079 αὐτὸν

2081 3118 2165 3183 είς
2199 3117 2298 3190 τὴν
2335 3116 2543 3171 οίκείαν
2581 3118 2783 3189 ἀρχὴν.
2826 3117 3131 3183 Συμϐαλὼν
3168 3118 3349 3173 τοίνυν
3388 3121 3416 3170 ό
3446 3119 3670 3189 Nape-‘1};

2082 3208 2159 3280 τῷ
2202 3208 2434 3280 Βαρὰμ,
2486 3207 2648 3279 νίκην
2706 3208 2881 3280 ᾔρατο
2937 3211 3257 3281 περιφανῆ,
3294 3210 3526 3274 πολλοὺς
3569 3210 3671 3281 μὲν

2084 3302 2194 3357 τῶν
2242 3302 2471 3375 Περσῶν
2515 3300 2741 3369 ἀνελὼν,
2788 3304 3084 3375 ζωγρήσας
3126 3304 3185 3357 δὲ
3233 3304 3364 3375 περὶ
3396 3304 3674 3375 ἑξακισχι-

2084 3393 2257 3459 λίους,
2312 3392 2408 3458 οὒς
2456 3393 2533 3464 τῷ
2570 3395 2792 3468 Χοσρόῃ
2850 3398 3250 3468 προσήγαγενο
3304 3397 3333 3448 ό
3390 3397 3448 3450 δὲ
3494 3413 3669 3467 κατη-

2085 3486 2331 3539 κόντισεν
2368 3485 2640 3551 ἅπαντας.
2701 3489 2860 3555 Ὀσοι
2906 3489 2965 3543 δὲ
3022 3489 3080 3541 ὲν
3131 3490 3246 3553 τοῖς
3308 3490 3674 3561 ζωγρηθείσιν

2085 3572 2225 3647 ἦσαν
2288 3578 2383 3631 τοῦ
2434 3577 2697 3649 Τούρκων
2747 3580 2860 3650 (47)
2915 3580 3108 3649 γένους
3162 3580 3240 3651 τῷ
3278 3580 3478 3655 Βαραμ
3530 3598 3671 3651 συμ-

2091 3668 2412 3740 μαχοῦντες,
2461 3671 2690 3735 τούτους
2740 3671 3062 3742 ἀνέπεμψεν
3110 3673 3190 3736 εἰς
3220 3675 3553 3744 Μαυρίκιον,
3595 3667 3672 3726 ὧν

2088 3763 2273 3815 πολλοὶ
2322 3764 2414 3815 ἐπὶ
2468 3763 2578 3817 τῶν
2605 3763 2872 3834 μετώπων
2917 3767 3187 3839 σταυροὺς
3220 3767 3448 3841 ἔφερον,
3499 3784 3674 3819 κατα-

2089 3855 2420 3925 στ.χθέντων
2478 3858 2664 3920 αὐτοῖς
2720 3858 2827 3910 τῶν
2877 3858 3236 3924 ἐπισκυνίων,
3294 3861 3393 3912 καὶ
3440 3860 3674 3931 μέλανος

2088 3948 2413 4018 ἐγχνθέντος
2442 3950 2562 4014 τοῖς
2605 3947 2907 4017 στίγμασιν
2964 3951 3045 4015 είς
3097 3950 3267 4004 τύπον
3309 3951 3564 4022 σταυροῦ.
3608 3955 3673 4004 υἱ

2089 4040 2219 4110 περὶ
2254 4039 2445 4093 τούτου
2472 4042 2845 4111 ἐρωτώμενοι,
2882 4040 3072 4110 ἔλεγον
3113 4043 3218 4113 πρὸ
3261 4042 3454 4112 καιροῦ
3487 4045 3676 4097 ίκανεῦ

2090 4130 2237 4201 λιμῷ
2268 4130 2329 4183 τὸ
2370 4130 2530 4198 γένος
2576 4133 2760 4184 αὐτῶν
2803 4131 3240 4204 διαφθείρεσθαι,
3280 4134 3436 4199 τινὰς
3473 4135 3528 4188 δὲ
3565 4135 3678 4188 τῶν

2090 4227 2222 4295 πσρ’
2272 4226 2456 4290 αὐτοῖς
2515 4224 2864 4296 Χριστιανῶν
2910 4227 3210 4282 ὑποθέσθαι
3257 4229 3415 4282 τοῦτο
3470 4232 3678 4297 trimi“,

2093 4319 2190 4371 καὶ
2255 4318 2462 4388 μηδένα
2509 4318 2619 4371 τῶν
2668 4317 2830 4372 τοῦτο
2880 4324 3266 4390 πεποιηκότων
3328 4321 3678 4377 κινδυνεῦσαι

2094 4411 2159 4463 ὲκ
2209 4409 2306 4463 τοῦ
2356 4408 2541 4480 λιμοῦ.
2597 4410 2653 4464 Ὀ
2687 4410 2787 4480 μὲν
2828 4405 2923 4464 οὖν
2976 4412 3178 4482 Βαρᾶμ
3215 4414 3471 4483 ἡττηθεὶς
3527 4417 3675 4485 φυγῇ

2094 4502 2195 4574 τὴν
2226 4502 2503 4575 σωτηρίαν
2546 4504 3067 4575 ἐπραγματεύσατο.
3113 4506 3170 4558 ’0
3212 4506 3268 4559 δὲ
3305 4508 3552 4578 Χοσρόης
3597 4510 3680 4570 είς

2096 4593 2196 4665 τὴν
2242 4594 2380 4648 ἰδίαν
2420 4593 2598 4665 ἀρχὴν
2647 4597 2742 4648 καὶ
2788 4594 2976 4666 χώραν
3017 4597 3409 4669 ἐπανελήλυθε.
3440 4599 3681 4667 Λέγεται

2097 4686 2154 4740 δὲ
2202 4685 2313 4757 (48)
2358 4687 2467 4758 πρὸ
2496 4687 2595 4755 τῆς
2639 4689 2816 4757 νίκης,
2867 4685 2961 4742 τοῦ
3017 4688 3325 4760 στρατηγοῦ
3381 4690 3490 4743 τῶν
3541 4691 3683 4744 Ῥω-

2103 4782 2283 4852 μαίων
2309 4781 2489 4844 ἄλλως
2542 4780 2839 4834 διατιθέναι
2890 4785 3262 4853 σκεπτομένου
3293 4782 3385 4836 τὸν
3420 4784 3680 4855 πόλεμον,

2102 4874 2195 4929 τὸν
2227 4875 2479 4945 Χοσρόην
2519 4875 2839 4929 ἐνίστασθαι
2873 4873 2947 4946 μὴ
2987 4875 3131 4929 κατὰ
3176 4877 3239 4929 τὸ
3268 4876 3460 4931 δοκοῦν
3489 4879 3683 4949 ἐκείνῳ

2098 4966 2477 5036 συγκροτήσαι
2520 4965 2622 5033 τὴν
2672 4964 2888 5036 μάχην,
2959 4966 3077 5020 ἀλλ’
3125 4967 3305 5021 eum
3363 4967 3686 5022 ὑποτιθέναι

2099 5060 2297 5131 τρόπον
2320 5074 2335 5089 ο
2362 5057 2455 5113 τὸν
2490 5058 2546 5112 δὲ
2584 5058 2897 5129 στρατηγὸν
2935 5059 3259 5131 ἀσύμφορον
3293 5058 3434 5115 εἶναι
3476 5059 3681 5129 λέγειν,

2096 5152 2156 5205 τὸ
2193 5150 2338 5204 οὕτω
2372 5149 2741 5221 μαχέσασθαι,
2782 5151 2879 5205 καὶ
2927 5149 3019 5204 τὸν
3056 5151 3309 5222 Χοσρόην
3347 5149 3442 5203 τοῦ
3475 5149 3684 5203 σκοποῦ

2100 5244 2175 5315 μὴ
2226 5241 2531 5312 μεθίεσθαι,
2579 5242 2722 5297 ὥστε
2778 5243 3183 5314 παροξυνθέντα
3231 5244 3324 5298 τὶν
3353 5243 3684 5314 στρατηγὶν,

2097 5336 2429 5407 ἀποσκῶψαι
2480 5336 2617 5407 πρὸς
2661 5337 2752 5389 τὸν
2793 5334 3083 5406 Χοσρόην,
3120 5336 3537 5409 ἀστρατήγητον
3585 5337 3689 5388 ao-

1620 5471 1815 5533 Variae
1847 5471 2157 5537 lectiones
2194 5480 2256 5537 et
2297 5481 2487 5539 notas.

488 5605 599 5674 (-14)
631 5601 927 5674 Xoo'pong.
954 5599 1126 5674 idem
1153 5596 1475 5674 Simocatta,
1519 5593 1620 5648 lib.
1651 5608 1725 5659 tv,
1758 5568 1881 5664 cap'.
1936 5594 1993 5648 7.

413 5670 734 5743 Tticoptvan.
768 5670 859 5729 an.
897 5672 927 5743 7
959 5670 1227 5743 Mauricii.

488 5734 600 5816 (ιιὲἷι
625 5745 784 5797 Κατὰ
827 5741 1054 5809 Βάραμ.
1092 5739 1416 5802 Snnocatta,
1443 5734 1541 5790 lib.
1593 5751 1669 5801 tv,
1719 5751 1841 5808 cap.
1872 5736 1904 5793 9
1938 5745 1994 5794 et

415 5829 600 5957 malli)
654 5880 1114 5951 Αποδιδράσκει.
1144 5877 1461 5946 Simoentta,
1494 5875 1593 5932 lib.
1626 5892 1700 5948 tv,
1732 5895 1851 5952 cap.
1889 5879 1994 5949 1ος

2100 5594 2348 5652 Chronic.
2380 5597 2674 5652 Alexandr.
2706 5611 2798 5651 an.
2819 5596 2852 5652 9
2886 5596 3153 5652 Mauricii.

2168 5669 2619 5741 (αξη-,Τούριιων-⁹
2657 5667 2976 5723 Simoc.lib.
3011 5683 3066 5735 ν,
3097 5682 3216 5741 cap.
3249 5666 3336 5729 ιο,
3360 5663 3689 5737 Thcophan.

2096 5737 2192 5794 an.
2222 5739 2252 5787 ’1
2284 5737 2549 5792 Mauricii.

2175 5810 2285 5881 (r18)
2327 5807 2567 5878 Λέγεται
2601 5807 2688 5863 δέ.
2716 5806 2921 5864 Simoc.
2953 5807 3050 5865 lib.
3085 5822 3139 5876 ν,
3182 5821 3305 5878 cap.
3349 5808 3434 5867 15.
