4068 6410
441 404 578 469 1287

1703 408 2027 470 JOANNIS
2067 407 2392 468 ΖΟΝΑΒίΈ

3562 408 3584 472 1
3595 410 3703 474 268

433 524 595 577 d.rssc
655 522 856 590 fertur,
908 535 969 580 ut
1029 526 1298 598 legiones,
1349 531 1554 602 quibus
1595 528 1666 584 ob
1710 528 2013 584 seditiones

2130 525 2613 598 Ξιντιταττομὲνων,
2647 525 2778 582 ποτὲ
2806 525 2906 598 μὲν
2935 527 3182 598 ἐκράτει,
3211 526 3385 583 ἐνίοτε
3417 525 3702 599 δ’ῆττητο.

434 616 701 686 quasdam
735 627 790 672 et
817 621 1087 674 tumultus
1117 621 1367 678 infensus
1389 631 1528 686 erat,
1563 620 1816 690 proderet
1843 620 2017 676 hosti-

434 711 559 763 bus.
633 710 822 779 Itaque
892 721 1099 768 temere
1156 730 1280 770 cum
1358 715 1614 771 Barbaris
1690 727 2016 784 congressus

432 803 889 868 Corumentiolus,
926 807 1042 876 ipse
1069 823 1193 862 cum
1249 809 1366 864 suis
1409 809 1618 879 fugam,
1652 807 1742 864 cui
1784 822 1844 862 se
1888 815 2017 861 ante

435 906 675 965 pararat,
737 899 1016 966 capessit:
1069 901 1284 956 caneris
1329 902 1526 973 partim
1574 901 1752 963 czesis,
1815 900 2015 970 partim

434 987 629 1056 captis,
660 987 727 1043 ad
753 1005 1044 1044 numerum
1070 990 1359 1046 duodecim
1391 992 1650 1046 millium.
1680 992 1755 1046 Ea
1785 990 2019 1046 victoria

433 1079 728 1149 (lltaganus
769 1082 967 1146 elatus,
998 1098 1170 1152 usque
1215 1083 1283 1137 ad
1330 1083 1578 1154 Longum
1624 1083 1840 1137 Murum
1887 1098 2015 1152 pro-

437 1171 621 1228 cessit.
668 1175 871 1231 Verum
933 1175 1253 1245 imperator,
1303 1177 1521 1232 delectu
1575 1176 1785 1242 habito,
1816 1176 2020 1231 milites

439 1266 507 1320 ad
551 1268 673 1336 ejus
707 1267 1085 1325 defensionem
1138 1271 1312 1325 misit.
1362 1270 1556 1340 Neque
1594 1285 1724 1326 vero
1775 1267 2018 1338 Chagani

439 1358 707 1412 duntaxat
739 1358 836 1413 filii
867 1371 1044 1430 peste,
1089 1361 1386 1417 utdictum
1437 1370 1542 1427 est,
1593 1361 1872 1424 obierunt,
1921 1358 2019 1413 sed

439 1457 496 1501 et
553 1449 928 1506 Barbarorum
987 1453 1181 1524 ingens
1217 1453 1541 1509 multitudo.
1591 1452 1709 1520 Qua
1751 1452 1818 1507 de
1852 1466 2019 1506 causa

441 1543 719 1598 Barbarus
752 1544 939 1600 animo
966 1561 1112 1616 aeger
1136 1545 1362 1601 domum
1396 1559 1720 1615 properans,
1757 1541 2019 1598 Mauricio

439 1636 735 1706 significat,
789 1639 834 1694 si
886 1641 1136 1710 captivos
1170 1639 1438 1696 redimere
1483 1637 1638 1702 velit,
1676 1646 1736 1692 ut
1788 1635 1842 1690 in
1899 1633 2019 1690 sin-

439 1725 599 1792 gulos
631 1741 919 1781 nummum
951 1743 1120 1782 unum
1149 1728 1372 1798 pendat.
1398 1727 1711 1782 Recusante
1733 1722 2018 1787 Mauricio,

441 1816 684 1869 medium
743 1833 1026 1872 nummum
1084 1819 1348 1890 postulat.
1411 1817 1547 1872 Cum
1592 1831 1724 1871 vero
1769 1815 1860 1870 ille
1913 1828 2019 1869 nec

445 1905 581 1958 tanti
620 1907 827 1962 milites
857 1909 1134 1964 redimere
1164 1909 1350 1974 vellet,
1380 1907 1578 1978 partim
1627 1922 1694 1962 ex
1727 1905 2022 1962 tenacitate

444 1997 725 2062 (sordidus
772 2000 920 2055 enim
980 2003 1145 2070 erat),
1191 2001 1394 2070 partim
1431 2001 1664 2054 militum
1695 1999 1846 2064 odio,
1887 1998 2022 2052 Bar-

444 2090 613 2146 ha-rus
642 2090 831 2147 furore
863 2100 1173 2162 correptus,
1228 2092 1295 2148 iis
1336 2092 1598 2147 omnibus
1651 2091 2019 2155 obtruncatis,

442 2182 667 2237 domum
703 2182 882 2237 rediit.
914 2183 1052 2238 Hinc
1083 2183 1331 2238 omnium
1365 2183 1492 2238 odia
1524 2184 1580 2237 iu
1627 2182 2021 2252 imperatorem

443 2283 594 2341 nata,
645 2285 705 2331 ut
750 2291 852 2330 nec
900 2291 930 2330 a
967 2277 1236 2332 conviciis
1287 2285 1681 2346 temperarent.
1735 2275 2024 2332 Exercitus

443 2382 576 2422 vero
602 2366 1064 2424 Commeutiolum
1096 2368 1425 2439 proditionis
1469 2384 1624 2424 reum
1676 2367 1825 2435 fecit,
1856 2377 2023 2439 atque

439 2476 508 2513 ex
537 2460 955 2517 accusatoribus
996 2462 1156 2517 miles
1201 2461 1423 2532 quidam
1472 2461 1706 2528 Phocas,
1742 2462 1881 2516 adeo
1923 2461 2026 2516 im-

445 2554 716 2622 pudenter
741 2570 864 2609 cum
900 2555 1234 2626 imperatore
1261 2555 1546 2616 disseruit,
1577 2563 1637 2610 ut
1661 2571 1723 2609 ea
1749 2555 1816 2609 de
1858 2570 2024 2610 causa

442 2663 471 2700 ιι
513 2646 845 2716 quibusdam
876 2648 1185 2719 vapularet,
1236 2648 1439 2702 Verum
1488 2647 1810 2712 Mauricius,
1853 2663 2023 2718 repu-

441 2735 997 2793 diata-Commentioli
1020 2739 1316 2806 delatione,
1347 2750 1696 2795 accusatores
1730 2739 1930 2795 infecta
1965 2755 2024 2795 re

445 2829 673 2884 dimisit.
722 2831 921 2886 Postea
963 2847 1088 2887 cum
1122 2833 1484 2903 supplicaret,
1533 2834 1806 2888 seditione
1835 2833 2024 2903 populi

444 2930 655 2988 coorta,
690 2922 856 2978 etiam
891 2924 1101 2994 lapides
1128 2941 1157 2980 a
1190 2927 1472 2980 nonnullis
1497 2936 1690 2980 contra
1717 2941 1842 2981 eum
1870 2926 2023 2995 jacti,

444 3029 679 3082 quorum
731 3015 938 3086 aliquot
969 3015 1252 3088 indagatos
1297 3016 1568 3087 supplicio
1603 3017 1808 3072 affecit.
1848 3017 2026 3071 Theo-

440 3105 598 3162 dosio
620 3107 734 3163 filio
748 3107 1006 3165 Germani
1033 3110 1247 3180 patricii
1281 3110 1443 3164 filiam
1469 3110 1783 3181 despondit,
1807 3110 2024 3180 nuptia-

2133 620 2222 674 Ἑν
2259 623 2356 692 μιᾷ
2383 620 2441 676 δὲ
2493 621 2678 694 ἡμέρᾳ
2723 620 2834 694 (57)
2896 620 3002 674 υἱοὶ
3053 619 3224 676 αὐτοῦ
3277 621 3420 675 ἑπτά
3450 621 3516 674 ἐκ
3541 621 3705 676 νόσου

2118 713 2378 783 λοιμικῆς
2438 715 2534 767 καὶ
2591 714 2830 785 πυρετοῦ
2893 713 3284 784 ἐτελεύτησαν.
3340 713 3708 786 Κομεντίολον

2118 807 2200 871 δὲ,
2232 806 2450 871 στείλας
2515 808 2543 861 ό
2605 806 2859 877 βασιλεὺς
2905 806 3047 862 κατά
3096 804 3194 860 τοῦ
3253 805 3512 875 Χαγάνου
3566 805 3710 876 μετά

2121 899 2505 970 πολυπληθοῇ
2573 900 2861 971 στρατιᾶς,
2911 899 3132 966 λέγεται
3173 897 3515 951 ἐντείλασθαι
3557 896 3714 963 αὑτῷ

2121 993 2415 1063 προδοῦναι
2449 993 2564 1056 τοῖς
2590 992 2863 1055 ἐναντίοις
2895 991 2954 1045 τὸ
2992 989 3394 1063 στρατιωτικὸν
3427 989 3518 1044 διά
3553 1005 3714 1052 τινας

2121 1087 2340 1148 στάσεις
2391 1085 2484 1140 καὶ
2534 1085 2805 1152 ἀταξίας,
2876 1083 3093 1147 τούτοις
3160 1082 3540 1153 μνησικακῶν.
3599 1082 3718 1135 Καὶ

2122 1195 2186 1231 συ
2194 1177 2415 1246 μόαλὼν
2431 1179 2542 1239 τοῖς
2567 1175 2874 1247 Βαρϐάροις
2892 1174 3249 1238 ἀσυντάκτως
3270 1176 3298 1228 6
3320 1171 3718 1245 Κομεντίολος,

2121 1268 2286 1332 αὐτὸς
2319 1268 2421 1337 μὲν
2462 1267 2600 1339 μετὰ
2624 1267 2735 1321 τῶν
2769 1267 2899 1336 περὶ
2929 1266 3118 1332 αὐτὸν,
3146 1267 3227 1328 εἰς
3258 1265 3439 1336 φυγὴν
3466 1265 3716 1336 ἐτράπη,

2121 1360 2262 1432 πρὸς
2303 1359 2463 1414 τοῦτο
2505 1357 3208 1430 προπαρασκευασάμενος.
3241 1356 3365 1409 Τῶν
3411 1357 3468 1409 δὲ
3504 1355 3720 1409 λοιπῶν

2121 1456 2172 1506 οἱ
2225 1453 2322 1523 μὲν
2374 1451 2596 1516 ἔπεσον,
2643 1452 2694 1504 οἱ
2722 1451 2779 1504 δὲ
2809 1449 3228 1520 ἐζωγρήθησαν.
3272 1443 3427 1502 Εἶναι
3474 1447 3531 1502 δὲ
3581 1446 3722 1510 τοὺς

2123 1540 2510 1612 ζωγρηθέντας
2560 1539 2694 1610 φασὶ
2741 1540 2872 1612 περὶ
2923 1538 3133 1593 δώδεκα
3194 1537 3460 1608 χιλιάδας.
3509 1538 3620 1591 Καὶ
3691 1539 3724 1591 ό

2123 1635 2376 1704 Χαγάνος
2401 1633 2513 1701 (58)
2555 1635 2623 1705 τῇ
2671 1632 2799 1707 νίκῃ
2843 1629 3020 1705 ταύτῃ
3072 1630 3426 1701 ὲξογκωθεὶς,
3456 1631 3585 1702 ἄχρι
3614 1630 3719 1684 τοῦ

2122 1724 2354 1798 Μακροῦ
2397 1725 2628 1797 Τείχους
2676 1725 2932 1796 ἀφίκετο.
2974 1723 3242 1788 Συλλέξας
3279 1722 3338 1778 δὲ
3379 1723 3408 1776 6
3455 1721 3723 1794 βασιλεὺς

2122 1819 2274 1881 λαὸν,
2308 1818 2388 1882 εἰς
2416 1817 2663 1890 φυλακὴν
2695 1817 2790 1870 τοῦ
2821 1816 3036 1886 τείχους
3073 1815 3298 1879 τούτους
3331 1814 3720 1884 ὲκπέπομφεν.

2139 1913 2235 1966 Ἐκ
2263 1911 2321 1966 δὲ
2351 1911 2452 1981 τῆς
2478 1909 2738 1980 λοιμικῆς
2769 1909 2929 1963 νόσου
2952 1908 3014 1962 οὐ
3054 1908 3215 1979 μόνον
3251 1907 3301 1960 ol
3336 1905 3430 1960 τοῦ
3454 1907 3716 1976 Χαγάνου

2126 2003 2256 2070 υἱοὶ,
2322 2003 2399 2066 ὡς
2438 2002 2680 2072 εἴρηται,
2743 1999 2959 2067 ἔθανον,
3009 1999 3150 2054 ἀλλὰ
3197 1999 3294 2052 καὶ
3341 1998 3546 2070 πλῆθος
3603 1999 3719 2050 τῶν

2137 2094 2383 2166 Ἀϐάρων
2412 2092 2546 2147 πολύ
2573 2109 2588 2125 ο
2636 2091 2760 2145 ὅθεν
2800 2091 3086 2163 ἀθυμήσας
3113 2092 3140 2144 6
3179 2088 3466 2160 Βάρὸαρος
3512 2088 3719 2140 ἔσπευ-

2127 2205 2220 2241 σεν
2273 2190 2354 2252 εἰς
2402 2187 2469 2240 τὰ
2523 2185 2702 2240 οἰκεῖα
2752 2183 3147 2249 ὲπαναζεῦξαι.
3195 2183 3357 2254 Δηλοῖ
3414 2181 3528 2253 (59)
3578 2179 3719 2249 γοῦν

2124 2279 2202 2350 τῷ
2235 2277 2531 2350 Μαυρικίῳ
2571 2275 2684 2349 (60)
2722 2274 3102 2348 ἐξωνήσασθαι
3133 2276 3260 2338 τοὺς
3307 2273 3719 2360 ειίχμαλὼτους,

2126 2375 2184 2428 ἓν
2251 2375 2334 2444 ἐφ’
2385 2374 2602 2443 ἑκάστῳ
2651 2371 2844 2425 διδόντι
2907 2370 3169 2440 νόμισμα.
3218 2368 3279 2423 '0
3336 2368 3395 2421 δὲ
3457 2367 3718 2437 βασιλεὺς

2125 2467 2187 2520 οὐ
2241 2465 2560 2520 κατένευσε.
2615 2463 2728 2518 Καὶ
2782 2462 2810 2514 6
2863 2462 3120 2530 Χαγάνος
3170 2460 3344 2532 ᾔτησε
3389 2458 3574 2512 λαϐεῖν
3632 2459 3722 2523 εἰς

2124 2559 2360 2612 ’ἑκαστον
2405 2556 2516 2610 τῶν
2578 2552 2946 2625 αἰχμαλώτων
3003 2551 3108 2606 ἀνά
3167 2553 3339 2623 ἥμισυ
3405 2551 3502 2604 τοῦ
3559 2550 3724 2620 νομί-

2129 2669 2358 2722 σματος.
2398 2654 2462 2703 '0
2499 2649 2554 2702 δὲ
2591 2649 2714 2702 οὐδὲ
2755 2647 3014 2701 τοσούτου
3046 2647 3173 2709 τοὺς
3209 2645 3439 2708 ἁλόντας
3479 2643 3721 2714 ἠθέλησε

2126 2743 2436 2816 πρίασθαι,
2486 2745 2547 2797 τὸ
2626 2743 2813 2814 μέντοι
2863 2744 2929 2796 ὲκ
2977 2741 3270 2810 φειδωλίας
3329 2741 3557 2811 (ἥττητο
3605 2740 3724 2811 γὰρ

2129 2835 2474 2907 χρημάτων),
2511 2835 2571 2888 τὸ
2603 2835 2659 2888 δέ
2687 2853 2767 2888 τοι
2794 2838 2904 2898 τοῖς
2929 2834 3294 2906 στρατιώτας
3331 2833 3721 2903 μνησικακῶν.

2142 2929 2432 2997 Ἐκμανεὶς
2461 2926 2554 2981 οὖν
2591 2927 2619 2980 ό
2673 2926 2958 2998 Βάρϐαρος
3023 2927 3231 2988 πάντας
3289 2926 3504 2995 ξίφεσιν
3534 2924 3728 2989 ἐξεϐέ-

2132 3036 2250 3089 ρισε
2309 3020 2445 3091 (Gl),
2508 3019 2604 3073 καὶ
2658 3018 2972 3085 ἀνέζευξεν.
3040 3017 3329 3073 Ἐντεῦθεν
3367 3019 3506 3071 πᾶσι
3559 3019 3723 3087 μῖσος

2131 3112 2273 3166 κατᾶ
2299 3111 2395 3165 τοῦ
2439 3109 2704 3181 βασιλέως
2748 3111 2966 3180 ἐφύετο,
3016 3111 3112 3164 καὶ
3147 3111 3284 3182 πρὸς
3329 3111 3546 3166 πάντων
3574 3110 3716 3164 ὲλοι⁴

445 3217 564 3256 rutn
617 3202 973 3258 caeremonias
1029 3202 1346 3274 patriarcha
1408 3201 1636 3273 Cyriaco
1699 3211 2018 3272 peragente.

2130 3203 2362 3275 δορεῖτο.
2409 3201 2470 3254 Ὃ
2499 3202 2554 3255 δὲ
2587 3185 2817 3274 στρατὸς
2849 3204 2994 3256 κατὰ
3024 3202 3401 3273 Κεμαντιόλου
3433 3201 3724 3273 ἀναφορὰν

449 3293 722 3348 (Steterunt
765 3292 1068 3350 monachus
1091 3294 1314 3364 quidam
1346 3296 1599 3349 strictum
1633 3295 1744 3365 '78
1771 3294 2010 3364 gladium

442 3395 663 3451 tenens,
707 3400 738 3440 ιι
763 3385 886 3441 foro
920 3401 1095 3456 usque
1127 3387 1194 3441 ad
1223 3386 1465 3441 Chalcm
1493 3401 1840 3456 progressus,
1870 3385 2018 3439 Mau-

442 3477 639 3532 ricium
688 3477 843 3533 brevi
907 3479 1218 3549 periturum
1277 3495 1399 3536 esse
1448 3478 1632 3551 gladio
1670 3478 2019 3534 exclamavit.

446 3569 744 3624 Mauricius
799 3571 966 3642 igitur
1011 3571 1266 3643 injuriam
1327 3573 1671 3643 captivorum
1736 3583 2020 3642 reputans,

451 3662 627 3714 Deum
653 3662 854 3728 oravit,
881 3671 942 3717 ut
976 3662 1032 3716 in
1057 3662 1161 3719 hac
1185 3665 1296 3718 vita
1322 3679 1513 3734 poenas
1541 3665 1607 3720 de
1639 3679 1698 3719 se
1740 3673 1942 3729 sumat,
1970 3672 2026 3720 et

449 3768 895 3824 quoquoversum
945 3755 1117 3823 misit,
1155 3765 1350 3826 petens
1410 3757 1479 3813 ab
1527 3757 1784 3812 omnibus
1817 3766 1876 3811 ut
1911 3757 1962 3811 id
1995 3772 2024 3811 a

450 3849 563 3902 Deo
617 3848 879 3918 precibus
927 3851 1314 3921 impetrarent.
1355 3851 1492 3908 Cum
1527 3862 1711 3908 autem
1754 3851 1895 3908 fama
1943 3859 2026 3907 te-

455 3947 629 4005 neret,
663 3954 1048 3995 successurum
1085 3941 1136 3997 ei
1166 3942 1327 4012 cujus
1359 3957 1560 3998 nomen
1599 3958 1629 3997 a
1659 3943 1702 3995 Φ
1733 3941 2024 4012 inciperet,

447 4029 817 4100 Philippicum
848 4049 1112 4104 generum
1155 4049 1282 4090 eum
1307 4050 1429 4090 esse
1456 4035 1712 4097 credens,
1743 4034 2026 4088 hominem

449 4131 765 4192 suspectum
789 4124 990 4180 habere
1015 4128 1212 4196 cmpit:
1238 4143 1301 4183 ac
1320 4127 1395 4182 illi
1422 4143 1490 4182 ne
1514 4126 1780 4198 dcjeranti
1804 4127 2025 4197 quidem

453 4214 589 4269 nihil
640 4214 746 4271 tale
801 4217 908 4272 sibi
941 4234 1185 4289 unquam
1233 4221 1288 4274 in
1335 4227 1576 4275 mentem
1609 4220 1827 4274 venisse
1862 4218 2026 4272 fidem

451 4305 648 4360 habuit
674 4309 851 4377 prius,
893 4326 1058 4380 quam
1092 4311 1409 4383 hujusmodi
1459 4313 1736 4366 somnium
1772 4311 2025 4368 vidisset.

453 4399 687 4455 Putabat
711 4417 957 4473 magnam
984 4403 1198 4458 turbam
1223 4404 1477 4460 insistere
1496 4404 1692 4475 etligiei
1720 4403 2031 4460 Servatoris

453 4492 652 4556 nostri,
675 4508 798 4563 qua:
825 4510 990 4563 supra
1019 4494 1234 4550 (Eream
1266 4506 1477 4566 portam
1501 4505 1608 4560 est,
1633 4505 1689 4550 ct
1712 4507 1903 4550 contra
1929 4497 2030 4550 im-

2129 3294 2449 3365 ἐποιήσατο,
2479 3293 2556 3358 ὡς
2606 3294 2895 3366 προδόντος
2938 3296 2997 3350 ἐν
3048 3295 3126 3365 τῷ
3174 3295 3397 3367 πολέμῳ
3426 3295 3491 3348 τὸ
3547 3311 3723 3365 στρα-

2129 3389 2404 3441 τιωτικόν.
2437 3387 2563 3451 Τοῖς
2594 3386 2652 3440 δὲ
2689 3387 2791 3456 τὴν
2823 3387 3106 3458 ἀναφορὰν
3130 3386 3337 3459 ταύτην
3368 3388 3725 3457 ποιουμένοις

2131 3479 2302 3548 συνῆν
2348 3479 2441 3533 καὶ
2485 3479 2514 3532 6
2565 3479 2911 3551 στρατιώτης
2953 3481 3170 3545 Φωκᾶς,
3213 3481 3311 3534 καὶ
3362 3481 3597 3542 ἀναιδῶς
3639 3479 3724 3549 τῷ

2133 3570 2348 3642 βασιλεῖ
2401 3571 2698 3639 διελέγετο,
2752 3571 2829 3634 ὡς
2871 3573 2961 3626 διὰ
3020 3572 3180 3626 τοῦτο
3223 3572 3320 3627 καὶ
3368 3571 3724 3642 τυπτηθῆναι

2133 3662 2285 3733 παρά
2336 3679 2522 3717 τινων.
2589 3663 2648 3716 '0
2703 3663 2761 3718 δὲ
2825 3663 3078 3735 βασιλεὺς
3137 3665 3214 3736 μὴ
3279 3663 3536 3736 προσχὼν
3601 3664 3726 3726 τοῖς

2132 3755 2277 3811 κατά
2332 3754 2712 3826 Κομεντιόλου
2773 3756 3140 3827 αἰτιάμασιν,
3213 3757 3536 3828 ἀπράκτους
3590 3754 3728 3816 τοὺς

2133 3847 2297 3901 αὑτὸν
2319 3848 2694 3918 αἰτιωμένους
2715 3847 3066 3919 ἀπέπεμψεν.
3082 3847 3474 3909 Λιτανεύοντος
3498 3842 3591 3901 οὖν
3621 3844 3728 3899 τοῦ

2134 3939 2426 4010 βασιλέως,
2469 3941 2664 4006 στάσις
2727 3941 2941 4012 ἠγέρθη
3008 3940 3160 4010 παρὰ
3211 3939 3306 3994 τοῦ
3367 3937 3566 4010 δήμου,
3625 3941 3730 3994 καὶ

2129 4033 2271 4087 λίθοι
2333 4035 2460 4087 κατ’
2518 4033 2684 4088 αὑτοῦ
2739 4033 2892 4105 παρά
2945 4049 3109 4086 τινων
3157 4031 3554 4104 ἡκοντίσθησαν
3588 4048 3603 4063 ’
3645 4025 3727 4086 ὧν

2133 4123 2366 4194 ζήτησιν
2389 4125 2414 4177 6
2440 4125 2698 4194 βασιλεὺς
2728 4125 3124 4196 ποιησάμενος,
3153 4124 3247 4180 καί
3267 4141 3423 4188 τινας
3443 4124 3725 4194 εὑρηκὼς,

2133 4217 2383 4269 ἐκόλασε.
2421 4215 2512 4287 Τῷ
2553 4233 2617 4284 γε
2667 4214 2774 4286 μὴν
2825 4215 2927 4286 υῑῷ
2982 4214 3149 4270 αὐτοῦ
3205 4214 3474 4286 Θεοδοσίῳ
3511 4215 3734 4286 κατηγ-

2131 4309 2307 4378 γύησε
2364 4309 2462 4378 τὴν
2526 4308 2804 4378 θυγατέρα
2864 4307 3150 4381 Γερμανοῦ
3219 4307 3559 4376 Πατρικίου,
3623 4308 3726 4362 τοῦ

2133 4402 2480 4473 πατριάρχου
2533 4401 2818 4471 Κυριακοῦ
2869 4398 2970 4472 τὴν
3019 4401 3115 4456 ἐπὶ
3159 4401 3236 4471 τῷ
3277 4401 3440 4473 γάμῳ
3492 4400 3728 4472 πληρώ-

2137 4513 2332 4560 σαντος
2373 4496 2618 4567 τελετήν.
2652 4494 2908 4565 Μοναχὺς
2937 4494 2995 4550 δέ
3024 4511 3107 4559 τις
3140 4495 3252 4565 (62)
3284 4494 3436 4564 ξίφος
3469 4493 3728 4563 κατέχων

454 4590 762 4650 peratorem
793 4586 1100 4652 vociferari,
1131 4587 1419 4657 audirique
1446 4602 1639 4642 vocem
1679 4602 1740 4641 cx
1770 4587 2023 4657 imagine,

2137 4590 2371 4660 γυμνῆν,
2413 4564 2643 4644 ἀπὸτοῦ
2684 4587 2853 4661 φόρου
2913 4587 3080 4658 μέχρι
3125 4564 3240 4657 «ﬁt
3265 4585 3490 4655 Χαλκῆς
3520 4602 3730 4656 προσε-

453 4690 574 4741 qum
597 4674 918 4731 Mauricium
954 4677 1147 4734 adcssc
1175 4679 1415 4749 juberet.
1440 4693 1679 4748 eumque
1711 4678 1894 4733 statim
1929 4679 2029 4733 ad-

454 4766 680 4821 ductum
727 4767 1077 4837 interrogari,
1121 4780 1245 4825 utro
1274 4771 1327 4824 in
1369 4771 1490 4824 loco
1535 4770 1794 4826 facinoris
1854 4771 1905 4824 in
1940 4787 2029 4825 ca-

451 4857 634 4923 ptivos
655 4857 877 4914 admissi
903 4877 1088 4929 pcenas
1110 4863 1238 4918 dare
1269 4863 1474 4927 mallet,
1499 4863 1553 4916 in
1585 4864 1685 4918 hac
1719 4863 1850 4930 vita,
1871 4880 1936 4918 an
1973 4864 2026 4918 in

2138 4679 2388 4750 λήλυθεν,
2426 4681 2483 4732 ἐν
2526 4678 2674 4748 φόνῳ
2712 4676 2990 4747 μαχαίρας
3019 4674 3196 4743 λέγων
3233 4671 3590 4744 τεθνήξεσθαι
3626 4670 3730 4725 τὸν

2139 4771 2470 4842 Μαυρίκιον.
2519 4771 2578 4825 '0
2607 4770 2663 4823 δὲ
2689 4769 2945 4839 βασιλεὺς
2978 4767 3040 4822 τὸ
3070 4767 3163 4819 ἐπὶ
3200 4766 3314 4828 τοῖς
3352 4762 3730 4833 αἰχμαλώτοις

2138 4865 2402 4936 ἁνόμημα
2443 4860 3182 4946 ἁναλογισάμενος,ιίκέτευε
3223 4857 3300 4929 τῷ
3346 4856 3465 4927 Θεῷ
3499 4855 3612 4928 (6⁸5)
3658 4856 3728 4911 ἐν

1605 4978 1804 5040 Variae
1847 4977 2156 5042 lectiones
2199 4987 2260 5043 et
2301 4985 2492 5042 notae.

681 5073 794 5149 ’Er_
815 5075 921 5147 μιᾷ
958 5079 1028 5133 δὲ
1068 5080 1278 5149 ἡμέρᾳ.
1313 5079 1632 5144 S‘imocatta,
1670 5080 1707 5134 Ι.
1741 5095 1838 5144 vn,
1867 5096 1915 5136 c.
1946 5080 2034 5134 15.

503 5141 639 5223 ⁹(58)
668 5141 869 5223 ⁸Κιξὶξό
891 5141 1239 5223 ᾉΧαγάιῖιρςῖί
1265 5151 1381 5221 Ἐφ’
1416 5141 1630 5223 ἑκάστῳ
1681 5152 1790 5204 τῶν
1826 5141 2038 5221 αἰχμα-

451 5207 639 5294 λώτων
668 5207 1366 5294 λαϐεῖνμῇτειίνομίᾷματοξ
1399 5222 1595 5292 ἥμισύ.

527 5284 636 5353 (59)
689 5284 1107 5358 Δηλοῒ”γοῦν.’
1142 5284 1454 5347 ϐίινοηίσοὴξ
1513 5293 1806 5348 Alexandr.
1865 5307 1956 5346 an.
2007 5291 2033 5345 1

453 5348 674 5428 mmet.
713 5348 1080 5428 Theophanes
1118 5379 1262 5418 anno
1287 5364 1352 5419 18
1379 5365 1555 5419 Maur.

531 5427 769 5507 ςϐρλΤῷ
798 5427 1122 5507 Μάυριξιίῳ.
1162 5433 1310 5507 Τοὺς
1341 5436 1569 5503 αἰχμαλ.
1619 5434 1944 5507 ὲκπρίασθαι
1982 5434 2038 5487 ἓν

453 5493 541 5574 ὲφΪ
560 5493 794 5574 Διῖέδὶςίιστιρ
830 5493 1224 5559 καταϐάλλοντι
1254 5493 1520 5574 νόμισμα.

529 5568 913 5645 (Mincii-tae
948 5574 1192 5645 ξίφεσιν
1221 5568 1544 5642 ἐξεθέρίσε.
1587 5575 1741 5632 Hanc
1782 5576 2029 5645 captivo-

460 5650 579 5690 rum
636 5644 840 5698 credent
897 5644 964 5698 ad
1001 5662 1090 5700 an.
1151 5646 1214 5700 18
1267 5646 1514 5703 Mauricii
1560 5647 1808 5702 referunt
1852 5644 2035 5702 Theo-

459 5709 672 5786 letlcs
721 5722 778 5768 et
813 5714 1122 5786 tiedrenus,
1173 5718 1238 5772 de
1274 5733 1377 5785 qua
1422 5733 1648 5786 prorsus
1687 5719 1810 5774 silet
1858 5718 2039 5774 Theo—

461 5779 748 5847 l‘llylactus
807 5779 1127 5842 Simocatta.
1191 5779 1503 5844 Cltronic'on
1559 5805 1662 5843 ms.
1713 5793 1783 5843 ab
1825 5789 2032 5842 Adamo

464 5849 530 5902 δά
566 5853 807 5912 Leonem
841 5853 1046 5914 Philos.
1079 5860 1187 5916 Καὶ
1235 5859 1366 5931 μηδὲ
1404 5860 1562 5914 τοῦτο
1595 5860 2030 5930 καταδεξαμένου

2135 5080 2246 5156 toi}
2262 5080 2550 5156 βασιλέως,
2597 5077 2872 5156 θῃυμωθεὶς
2914 5080 2943 5133 ὀ
2987 5077 3262 5156 ράρϐαρος
3296 5074 3736 5156 ἀπέκτεινε-χι-

2135 5144 2322 5214 λιάδας
2361 5152 2448 5221 ιβ’,
2493 5144 2562 5221 ὲν
2575 5150 2654 5218 τῷ
2672 5144 3020 5221 ’κάμπῳίτοῧ
3046 5144 3572 5221 Τριϐουναλίουητῷ
3592 5144 3724 5221 βντι

2135 5215 2501 5291 πλησίον’τοῦ
2551 5215 2998 5289 Ἐὄόόμουξεοιὶ
3051 5215 3120 5274 an
3168 5219 3374 5274 Avarcs
3421 5216 3488 5291 ad
3523 5215 3723 5270 urbem

2135 5286 2312 5360 usque
2362 5302 2476 5348 tum
2527 5286 2885 5353 accesserint,
2944 5293 3032 5345 vix
3081 5299 3166 5344 est
3209 5300 3267 5342 ut
3313 5286 3560 5353 credam,
3590 5301 3732 5342 cum

2137 5363 2203 5414 ad
2235 5363 2588 5414 Sinaidonem
2624 5362 2740 5414 haec
2769 5362 2939 5414 ferme
2973 5369 3124 5414 uesta
3162 5359 3498 5414 scribantur.

2137 5363 2203 5416 ad
2235 5363 2588 5434 Singidonem
2624 5362 2740 5417 haec
2769 5362 2939 5416 ferme
2973 5369 3124 5430 gesta
3162 5362 3498 5415 scribantur.

2212 5434 2322 5502 (62)
2367 5434 2648 5502 Μονίιχός
2705 5450 2814 5498 τις.
2887 5433 3208 5496 Sitnocatta,
3260 5431 3300 5484 Ι.
3351 5443 3449 5493 vn,
3503 5442 3557 5484 c.
3625 5425 3720 5483 12.

2136 5503 2461 5573 Theuphan.
2501 5521 2594 5560 an.
2639 5504 2725 5560 19.
2897 5535 2902 5542 -

2188 5569 2318 5642 .(65)
2360 5575 2616 5630 Ἰκέτευε
2637 5574 2718 5639 τῷ
2749 5573 2888 5639 Θεῷ.
2925 5572 3118 5641 lecas
3152 5587 3247 5627 seu
3280 5570 3530 5642 Zonaras
3549 5569 3719 5640 epist.

2132 5641 2245 5698 ’26:
2291 5645 2454 5699 ⁹Αλλέι
2485 5646 2580 5698 καὶ⁹
2616 5647 2644 5697 ό
2688 5643 2951 5704 Βασιλεὺς
2979 5643 3287 5713 Μαυρίκιος
3327 5641 3583 5713 ἁμαρτία.
3618 5658 3720 5713 πεῖ

2134 5714 2372 5785 ριπεσὼν
2423 5715 2627 5784 μείζονι
2679 5713 2775 5768 τοῦ
2827 5711 3310 5785 ἀφεθίῆναιαύτῷ,
3369 5711 3715 5785 μυριοπληθῆ

2132 5783 2242 5853 γὰρ
2284 5783 2517 5857 στρατὸν
2558 5786 2806 5855 μαχαίρᾳ
2833 5784 3119 5854 παρέδωκε
3157 5784 3491 5854 βαρϐαρικῇ,
3527 5783 3726 5853 εὐχαῖς

2130 5857 2337 5930 ἀνδρῶν
2365 5857 2525 5915 ὁσίων
2549 5857 2781 5928 ἐξέφυγε
2828 5855 2928 5926 τὴν
2972 5855 3335 5922 αἰωνίξουσαν
3364 5853 3615 5910 κόλασιν.

2581 5885 2781 5926 ἱδΨυῐι
2828 5885 2927 5926 ἰῐλν
2972 5885 3335 5922 ιιιωνιξυυυυιν
3365 5885 3615 5910 Ianuari.
