4068 6448
1485 389 1516 402 δ

354 432 490 496 Ιίὶῦθ

1647 435 2052 496 ANNAIJUM
2096 436 2246 498 LIB.
2290 437 2448 499 XIV.

3472 432 3623 495 -270‘

339 550 407 616 τῇ
459 547 711 617 παρούσῃ
771 546 886 618 ζωῇ
943 543 1044 615 τὴν
1089 544 1229 616 ὑπὲρ
1263 545 1452 601 τούτου
1491 545 1650 618 δίκην
1689 548 1925 614 ἐκτῖσαι,

2051 550 2258 605 'utura?
2298 549 2440 604 Eum
2481 547 2689 604 dixisse
2720 564 2738 602 :
2767 546 2834 603 1η
2862 551 2980 612 hac,
3011 549 3245 604 humane
3271 546 3532 619 Domine;
3555 559 3613 606 et

342 641 439 694 καὶ
492 641 768 713 πανταχοῦ
826 643 1202 713 διεπέμψατο,
1266 641 1438 707 ἀξιῶν
1493 643 1707 703 πάντας
1766 643 1931 695 τοῦτο

345 733 516 785 αἰτεῖν
570 731 662 786 τὸν
721 732 879 787 Θεόν.
939 733 1135 804 Φήμης
1191 731 1248 786 δὲ
1307 731 1421 801 (61)
1479 733 1790 804 κρατούσης
1847 731 1930 784 ὅτι

345 823 440 877 τοῦ
524 825 811 893 μέλλοντος
890 825 1058 880 αὑτὸν
1150 825 1504 892 διαδέξασθαι
1578 824 1646 878 ἐκ
1723 821 1816 877 τοῦ
1889 824 1932 875 Φ

350 918 622 987 στοιχείου
677 918 738 970 τὸ
771 916 966 990 .δνομα
1016 918 1268 990 ἄρχεται,
1325 917 1418 972 τὸν
1467 917 1720 989 γαμϐρὸν
1763 915 1931 970 αὑτοῦ

347 1001 672 1063 Φιλιππικὸν
735 1010 874 1082 ᾤετο
931 1007 1072 1067 εἶναι
1121 1014 1335 1069 τοῦτον.
1398 1011 1512 1066 Καὶ
1565 1003 1636 1082 ἦν
1675 1007 1825 1080 αὑτῷ
1863 1007 1932 1062 δι’

352 1100 592 1168 ὑποψίας
644 1103 673 1156 6
733 1103 1041 1172 ἄνθρωπος,
1102 1105 1200 1158 καὶ
1233 1090 1610 1176 ,διομνύμενος
1665 1103 1740 1174 μή
1801 1100 1935 1155 ποτέ

353 1207 407 1244 τι
469 1193 609 1248 κατὰ
671 1193 798 1249 νοῦν
865 1194 1112 1250 τοιοῦτον
1173 1173 1472 1267 βαλέσθαι,
1537 1196 1638 1250 οὑκ
1692 1194 1933 1251 ἔπειθεν.

359 1283 532 1354 Ὀνιρ
577 1284 690 1355 (65)
749 1285 808 1340 δέ
857 1304 995 1364 ’ποτε
1035 1287 1116 1357 τῷ
1145 1287 1362 1358 βασιλεῖ
1392 1287 1586 1342 θεαθὲν
1633 1286 1734 1360 τὴν
1791 1286 1936 1341 κατά

353 1373 447 1426 τοῦ
477 1369 806 1431 Φιλιππικοῦ
843 1376 1033 1433 ἔλυσεν
1059 1379 1319 1450 ὑποψίαν.
1349 1379 1423 1433 Τὸ
1457 1378 1514 1433 δὲ
1553 1379 1688 1451 ὄναρ
1711 1393 1727 1408 °
1759 1377 1937 1431 ἐδόκει

354 1465 562 1535 πλῆθος
593 1471 935 1539 παρεστᾶναι
983 1471 1121 1525 πολὺ
1177 1469 1256 1543 τῷ
1297 1471 1506 1528 ἄνωθεν
1562 1471 1666 1542 τῆς
1711 1470 1940 1541 Χαλκῆς

359 1557 534 1626 πύλης
597 1559 692 1612 τοῦ
754 1561 1010 1633 Σωτῆρος
1078 1563 1318 1636 Χριστοῦ
1383 1562 1786 1633 ἐκτυπώματι,
1841 1561 1939 1615 κα)⁵

354 1649 451 1703 τοῦ
493 1651 763 1721 βασιλέως
793 1653 1092 1726 καταϐοᾷν,
1151 1654 1339 1725 φωνὴν
1391 1653 1438 1708 δ’
1483 1655 1551 1707 ὲκ
1601 1653 1703 1723 τῆς
1731 1652 1938 1714 εἰκόνος

354 1745 636 1812 γενέσθαι,
708 1748 1054 1815 παρεστᾶναι
1113 1747 1208 1802 καὶ
1266 1747 1362 1803 τὸν
1423 1746 1770 1818 Μαυρίκιον,
1843 1745 1940 1800 καὶ¹

355 1835 448 1890 τῖιν
481 1835 676 1889 αὐτίκα
724 1837 982 1908 ἀχθῆναι,
1034 1839 1130 1894 καὶ
1187 1839 1502 1911 ἐρωτᾶσθαι
1541 1840 1648 1912 ὃτιη
1685 1839 1938 1910 βούλεται

360 1928 461 1997 τὴν
518 1929 726 1983 ἔκτισιν
787 1930 1086 1986 ἀποδοῦναι
1136 1933 1232 1986 τοῦ
1293 1933 1687 2003 ἀνομήματος,
1737 1925 1800 1986 οῦ
1858 1933 1940 1995 εἰς
1972 1907 2014 1963 Β

356 2017 484 2082 τοὺς
518 2019 903 2100 αἰχμαλώτους
958 2024 1279 2092 εἰργάσατο,
1309 2025 1366 2079 ὲν
1388 2024 1467 2095 τῷ
1489 2022 1584 2080 νῦν
1610 2024 1789 2091 αἰῶνι,
1820 2023 1853 2094 ἢ
1882 2027 1942 2078 ὲν

358 2113 434 2181 τῷ
467 2113 750 2181 μέλλοντι;
774 2115 881 2169 Τὸν
905 2116 962 2170 δὲ
993 2117 1310 2183 Ἐνταῦθα,
1337 2110 1526 2188 φάναι,
1556 2117 1944 2188 φιλάνθρωπα

357 2202 630 2256 Δεόποτα
652 2221 667 2235 ο
707 2206 801 2257 καὶ
833 2205 1066 2258 ἀκοῦσαι
1100 2207 1285 2282 φωνῆς
1333 2198 1600 2278 λεγούσης
1638 2207 1946 2276 Παράδοτε

358 2295 508 2362 γοῦν
539 2295 728 2349 αὐτόν
769 2297 1040 2378 Γ’ταγγενῆ
1094 2297 1267 2367 Φωκᾷ
1307 2298 1385 2365 τῷ
1423 2299 1774 2368 στρατιώτῃ.
1817 2301 1944 2352 Διυ⁶

361 2386 608 2451 πνισθεὶς
659 2389 843 2444 τοίνυν
890 2393 956 2446 ἐκ
1002 2391 1104 2462 τῆς
1150 2391 1395 2460 ἀγωνίας
1430 2394 1459 2447 6
1517 2381 1797 2464 βασιλεὺς,
1848 2393 1944 2447 καὶ

243 2558 248 2560 _
360 2479 455 2530 τὸν
518 2480 850 2536 Φιλιππικὸν
918 2484 1486 2555 μετακαλεσάμενος,
1548 2483 1768 2557 πρῶτον
1842 2487 1944 2556 μὲν

364 2569 700 2642 συγγνώμην
744 2573 885 2645 ᾔτει,
917 2575 993 2638 dt;
1043 2577 1224 2646 μάτην
1276 2578 1527 2632 ὑπονοῶν
1576 2577 1698 2632 κατ’
1751 2577 1944 2634 αὑτοῦ.

363 2655 500 2713 Εἶτα
540 2661 704 2734 ἡρετο
753 2667 802 2718 εἰ
849 2668 908 2720 ὲν
951 2670 1068 2731 τοῖς
1119 2669 1410 2735 Ῥωμαίων
1451 2671 1732 2740 τάγμασιν
1801 2665 1946 2725 οἶδεν

363 2752 557 2807 Φωκᾶν
589 2756 970 2828 στρατιώτην;
1032 2760 1092 2815 '0
1135 2761 1191 2816 δὲ
1240 2762 1443 2818 είδέναι
1486 2764 1949 2834 ἀνταπεκρίνατο,

365 2841 460 2892 καὶ
515 2842 704 2898 τοῦτον
759 2841 900 2901 εἶναι
945 2848 1037 2904 τὸν
1093 2851 1199 2923 πρὸ
1258 2853 1459 2924 μικροῦ
1496 2853 1765 2908 σταλέντα
1799 2856 1951 2926 παρά

364 2932 466 3002 τῆς
523 2939 808 3006 στρατιᾶς,
865 2941 925 3004 ὃς
979 2959 1062 2996 σοι
1119 2945 1214 2998 καὶ
1265 2945 1608 3017 ἰταμώτερον
1654 2946 1950 3017 διελέγετο.

367 3025 478 3080 Καὶ
525 3028 553 3080 ό
603 3029 879 3101 βασιλεὺς,
933 3029 1047 3098 οἷός
1090 3035 1239 3090 ἐστιν
1292 3039 1321 3092 ό
1365 3038 1506 3112 ἀνὴρ
1562 3040 1662 3111 τὴν
1707 3040 1950 3111 ἡλικίαν,

367 3121 464 3173 καὶ
515 3122 576 3176 τὸ
621 3119 755 3196 ἦθος
803 3130 1116 3200 προσήρετο
1145 3147 1161 3161 ’
1217 3131 1312 3184 καὶ
1367 3133 1395 3185 6
1443 3130 1774 3196 Φιλιππικὸς
1829 3134 1950 3186 νέον

2034 641 2257 696 audisse
2289 655 2481 696 vocem
2509 657 2632 710 qua:
2659 638 2909 696 diceret:
2944 640 3165 696 Tradite
3193 657 3316 695 cum
3343 657 3468 712 ergo
3491 658 3613 696 cum

2033 735 2178 789 omni
2214 733 2426 804 familia
2460 733 2648 788 Phoce:
2673 733 2851 792 militi.
2891 733 3258 804 Experrectus
3295 733 3365 789 ab
3406 749 3474 789 eo
3507 749 3614 789 an-

2034 839 2167 896 gore
2222 824 2558 894 imperator,
2618 825 2890 881 accersito
2961 823 3310 894 Philippico,
3370 825 3614 894 primum

2034 915 2253 971 veniam
2279 917 2419 985 petit
2441 915 2623 971 inanis
2644 916 2712 972 de
2737 931 2804 972 eo
2823 915 3192 991 suspicionis;
3213 915 3416 970 deinde
3435 927 3614 986 rogat,

2035 1023 2106 1062 an
2139 1008 2285 1064 inter
2324 1009 2602 1064 Romanas
2632 1009 2879 1078 legiones
2928 1008 3162 1064 militem
3204 1007 3424 1062 noverit
3475 1006 3621 1061 Pho-

2036 1115 2157 1158 cam
2214 1083 2458 1157 nomine.
2513 1101 2616 1156 llle
2667 1100 3002 1171 respondet,
3054 1115 3115 1157 se
3158 1113 3322 1156 nosse
3366 1114 3384 1164 ;
3452 1107 3620 1168 atque

2036 1209 2164 1250 eum
2186 1209 2332 1259 esse,
2356 1196 2453 1266 qui
2498 1194 2708 1250 dudum
2757 1193 3092 1249 insolentius
3120 1209 3247 1249 eum
3294 1193 3417 1263 ipso
3448 1191 3624 1247 collo-

2037 1294 2202 1343 cutus
2236 1295 2402 1342 esset.
2453 1286 2584 1341 Post
2635 1287 2743 1343 hoc
2807 1297 2965 1358 rogat
3022 1285 3344 1354 imperator,
3388 1299 3497 1354 qua
3552 1283 3627 1339 sit

2038 1387 2239 1446 aetate,
2282 1395 2502 1450 quoque
2552 1378 2794 1450 ingenio.
2839 1378 3232 1449 Respondente
3286 1375 3625 1447 Philippica,

2039 1487 2163 1528 esse
2189 1472 2471 1544 juvenem,
2530 1480 2587 1526 et
2637 1470 2861 1542 ingenio
2910 1470 3115 1541 partim
3167 1467 3386 1534 audaci,
3419 1468 3624 1539 partim

2041 1563 2276 1621 timido:
2308 1563 2389 1631 Si,
2410 1564 2609 1634 inquit,
2638 1563 2855 1618 timidus
2883 1572 2984 1629 est,
3015 1562 3280 1617 homicida
3311 1569 3410 1626 est,
3453 1561 3620 1631 eique

2041 1658 2316 1713 somnium
2345 1667 2558 1713 narrat.
2597 1657 2678 1713 Eo
2723 1671 2945 1726 quoque
2986 1665 3234 1726 tempore
3269 1661 3486 1711 cometa
3521 1668 3628 1724 ap-

2042 1749 2244 1819 paruit,
2277 1751 2370 1820 qui
2402 1750 2472 1806 ab
2510 1751 2662 1806 ensis
2689 1750 2872 1821 specie
2901 1748 3133 1819 Xiphias
3159 1746 3386 1803 dicitur.
3414 1746 3627 1801 Dehinc

2042 1844 2198 1899 fratri
2226 1842 2388 1900 Petro
2412 1844 2715 1901 exercitum
2737 1843 2961 1900 ducenti
2993 1841 3208 1908 scribit,
3235 1851 3317 1906 ut,
3340 1841 3480 1896 Istro
3502 1853 3642 1895 cum

2043 1939 2219 2008 cepiis
2244 1939 2492 2010 trajecta.
2525 1938 2652 1994 inde
2681 1944 3054 1994 commeatum
3099 1941 3314 2008 peteret
3352 1949 3367 1988 :
3396 1932 3453 1987 id
3491 1946 3638 1988 cono

2041 2029 2225 2086 silium
2253 2030 2322 2085 ab
2345 2030 2577 2087 avaritia
2604 2040 2691 2086 est
2726 2028 3060 2100 profectum,
3096 2037 3160 2082 ut
3193 2025 3510 2097 legionibus
3543 2023 3630 2078 la-

2043 2122 2280 2180 trocinio
2318 2137 2377 2180 se
2429 2122 2892 2186 sustentanlibus,
2924 2119 3183 2175 militaria
3223 2116 3496 2188 stipendia
3539 2115 3643 2169 lu—

2043 2222 2315 2270 craretur.
2347 2214 2425 2269 Ea
2450 2230 2538 2270 res
2557 2213 2888 2270 seditionem
2912 2213 3058 2267 inter
3079 2211 3287 2266 milites
3307 2206 3632 2272 concitavit,

2043 2305 2137 2376 qui
2160 2306 2344 2361 statim
2374 2308 2610 2362 Phocam
2645 2305 3029 2374 centurionem
3061 2304 3446 2373 imperatorem
3477 2315 3636 2355 crea-

2041 2403 2259 2449 verunt.
2316 2397 2436 2462 Quo
2486 2394 2708 2465 cognito
2739 2394 2850 2450 dux
2885 2393 3010 2465 fuga
3047 2402 3288 2463 arrepta,
3338 2391 3455 2461 ipse
3495 2388 3638 2460 quid

2043 2487 2337 2543 accidisset
2391 2488 2710 2559 imperatori
2762 2487 3002 2542 nuntiat.
3047 2486 3150 2553 Qui
3201 2493 3324 2540 orto
3355 2484 3524 2540 etiam
3572 2482 3631 2537 iu

2045 2578 2180 2635 urbe
2215 2580 2480 2645 tumultu,
2511 2595 2578 2634 ex
2629 2579 2777 2650 regia
2823 2593 2882 2634 se
2926 2578 3213 2641 subducit,
3266 2583 3322 2632 et
3360 2574 3644 2631 dromone-

2045 2687 2169 2726 cum
2195 2685 2369 2726 uxore
2392 2679 2443 2725 et
2464 2671 2656 2726 liberis
2681 2684 3011 2733 conscenso,
3037 2666 3272 2738 aufugit,
3302 2665 3473 2720 tilium
3501 2679 3649 2720 vero-

2050 2764 2427 2820 Theodosium
2473 2763 2543 2819 ad
2588 2763 2892 2820 Chosroem
2926 2761 3164 2831 ablegat,
3195 2770 3254 2814 ut
3283 2772 3634 2813 commemo-

2049 2865 2170 2913 rato
2227 2872 2330 2913 suo
2380 2857 2433 2912 in
2467 2857 2623 2912 illum
2676 2854 2970 2920 beneﬂcio,
3015 2857 3114 2924 par
3139 2851 3243 2908 sibi
3279 2852 3456 2924 gratia
3507 2849 3642 2906 refe-

2050 2959 2223 3005 ratur.
2275 2949 2385 3022 79
2430 2949 2576 3022 Fuga
2630 2945 2978 3020 imperatoris
3042 2943 3246 3018 popqu
3308 2945 3549 3017 cognita,
3580 2953 3648 2999 et

2050 3042 2253 3098 seditio
2290 3052 2449 3098 aucta
2481 3051 2583 3109 est,
2627 3054 2683 3099 et
2709 3039 3008 3097 Mauricius
3039 3053 3138 3110 per
3167 3036 3344 3094 forum
3377 3036 3652 3092 conviciis

2049 3134 2362 3204 proscissus
2395 3145 2500 3191 est.

367 3208 512 3268 εἶναι
550 3218 642 3271 τὸν
687 3221 884 3278 thode
931 3219 1074 3290 εἷπε,
1109 3225 1204 3280 τὸν
1251 3226 1309 3280 δὲ
1350 3227 1554 3299 τρόπον
1627 3228 1835 3299 θρασὺν
1885 3227 1981 3281 καὶ
2020 3228 2214 3286 δειλόν.
2275 3231 2419 3302 Πρὸς
2474 3229 2532 3283 δὲ
2591 3229 2752 3283 τοῦτο
2795 3225 2824 3284 6
2901 3225 3158 3298 βασιλεὺς
3208 3220 3656 3292 ἀντεφθέγξατο»

367 3313 439 3366 El
489 3312 713 3382 δειλὸς,
761 3317 861 3371 καὶ
940 3322 1207 3390 φονεύς·
1283 3325 1371 3378 καὶ
1431 3325 1728 3396 διηγήσατο
1787 3325 1848 3379 τδ
1895 3322 2029 3394 δναρ
2067 3323 2241 3394 αὐτῷ.
2323 3323 2526 3396 Ἐφάνη
2593 3323 2652 3377 δὲ
2706 3322 2830 3376 τότε
2894 3322 2990 3376 καὶ
3050 3320 3301 3392 κομήτης
3360 3319 3558 3390 ἀστὴρ,
3619 3318 3660 3370 ὁ

319 3416 326 3423 “
367 3401 664 3475 λεγόμενος
693 3407 914 3482 Ξιφίας.
962 3413 1056 3483 Τῷ
1105 3415 1241 3484 γοῦν
1297 3415 1516 3487 ἀδελφῷ
1556 3417 1724 3471 αὑτοῦ
1791 3419 1989 3488 Πέτρῳ
2030 3415 2436 3488 στρατηγοῦντι
2500 3415 2623 3470 τότε
2660 3416 2973 3471 ἐπιστέλλει
3022 3417 3049 3470 6
3092 3416 3368 3486 βασιλεὺς,
3399 3411 3651 3466 διαϐάντι

369 3493 463 3547 τὸν
521 3496 735 3569 Ἴστρον
785 3503 925 3572 μετά
993 3505 1094 3576 τῆς
1145 3509 1433 3576 στρατιᾶς,
1507 3508 1718 3563 ἐκεῖθεν
1762 3509 1900 3580 αὐτῇ
1955 3508 2026 3563 τά
2065 3508 2203 3580 πρὸς
2249 3508 2350 3580 τὴν
2405 3506 2596 3578 χρείαν
2643 3508 2992 3580 πορίζεσθαι.
3051 3504 3164 3563 Ἦν
3222 3509 3279 3563 δὲ
3340 3507 3505 3562 τοῦτο
3561 3508 3652 3561 διὰ

371 3588 743 3662 φιλαργυρίαν
833 3596 1331 3671 οίκονομούμενον,
1396 3601 1482 3656 ἵνα
1546 3600 1871 3673 ληϊζόμενον
1938 3603 2000 3654 τὸ
2070 3601 2349 3657 ὁπλιτικὸν
2414 3601 2816 3672 ἀποτρὲφοιτο,
2885 3603 2979 3656 καὶ
3051 3599 3215 3666 αὑτὸς
3290 3600 3532 3671 κερδήση
3590 3598 3653 3652 τδ

373 3689 771 3753 στρατιωτικόν
826 3692 1160 3763 σιτηρέσιον.
1258 3694 1432 3750 Τοῦτο
1494 3694 1687 3750 στάσιν
1749 3693 1861 3766 (66)
1921 3696 1988 3766 τῇ
2069 3693 2304 3766 στρατιᾷ
2361 3692 2690 3764 ἐνεποίησε,
2767 3694 2863 3747 καὶ
2930 3691 3133 3748 αὐτίκα
3206 3689 3463 3762 βασιλεὺς
3519 3683 3661 3757 παρ’

375 3777 554 3832 αὑτῶν
585 3782 613 3834 6
656 3784 852 3846 Φωκᾶς
899 3786 1273 3858 ἀνηγόρευτοὲ
1325 3787 1592 3860 ἐτύγχανε
1639 3789 1685 3842 δ’
1754 3787 1830 3842 ὢν
1906 3787 2326 3858 ἑκατόνταρχος.
2395 3785 2454 3840 '0
2497 3785 2563 3839 ’δὲ
2610 3785 2920 3856 στρατηγὸς
2968 3785 3175 3854 Πέτρος
3227 3781 3392 3835 τοῦτο
3460 3779 3653 3850 μαθὼν

374 3867 566 3942 ἔφυγε,
627 3876 833 3949 καὶτῷ
875 3878 1089 3950 βασιλεῖ
1135 3881 1478 3951 αὐτάγγελος
1521 3881 1618 3935 τοῦ
1666 3881 1958 3951 γεγονότος
1997 3881 2236 3949 ἐγένετο.
2303 3879 2362 3933 '0
2422 3879 2501 3944 δὲ,
2541 3877 2776 3932 καὶτῶν
2809 3877 2866 3929 ὲν
2904 3878 2969 3945 τῇ
3013 3875 3168 3929 πόλει
3219 3871 3649 3956 στασιαζόντων·

376 3967 648 4040 ὑπεξῆλθε
680 3973 789 4028 τῶν
837 3976 1180 4046 ἀνακτόρων,
1225 3977 1322 4032 καὶ
1392 3978 1632 4050 δρόμωνι
1670 3977 1998 4050 ἐμϐεϐηκὼς
2040 3977 2182 4047 μετὰ
2222 3977 2324 4046 τῆς
2377 3975 2639 4044 γυναικὸς
2707 3974 2806 4029 καὶ
2852 3973 2962 4028 τῶν
2999 3973 3208 4026 τέκνων
3257 3971 3470 4040 ἀπέδρα
3497 3985 3512 4000 ·
3558 3967 3653 4021 τὸν

377 4061 435 4115 δὲ
486 4063 602 4118 υἱὸν
631 4065 796 4121 αὑτοῦ
829 4061 1109 4125 Θεοδόσιον
1179 4071 1316 4143 πρὸς
1355 4071 1608 4142 Χοσρόην
1655 4070 2002 4135 ἀπέστειλεν,
2047 4071 2133 4124 ἵνα
2192 4067 2697 4140 ἀπομνημονεύσας
2767 4069 2979 4130 ἐκεῖνος
3025 4064 3135 4120 τῶν
3183 4065 3289 4118 ὑπὸ
3343 4062 3667 4134 Μαυρικίου.

379 4155 692 4227 γενομένων
742 4160 913 4230 αὐτῷ,
969 4162 1223 4227 κάκεῖνος
1253 4164 1336 4228 είς
1395 4163 1562 4217 αὑτὸν
1615 4163 1686 4216 τὰ
1767 4163 1857 4216 ἴσα
1909 4161 2238 4231 ἐνδείξηται.
2283 4162 2370 4224 Ὡς
2433 4161 2479 4214 δ’
2547 4159 2798 4230 ἐγνώσθη
2844 4158 2924 4229 τῷ
2976 4157 3194 4229 πλήθει,
3243 4159 3276 4228 ή
3331 4155 3427 4209 τοῦ
3499 4155 3658 4228 βασι-

379 4247 632 4313 λεύοντος
689 4251 1041 4326 ὑποχώρησις
1096 4254 1246 4325 (67),
1314 4257 1408 4309 καὶ
1459 4256 1560 4329 τὴν
1622 4255 1814 4311 στάσιν
1867 4257 1963 4311 ἐπ).
2004 4252 2192 4326 μεῖζον
2233 4252 2357 4332 ᾔρε,
2415 4272 2512 4308 και
2557 4254 2651 4309 τὸν
2694 4253 3005 4325 Μαυρίκιον
3079 4250 3486 4322 δυσφημεῑσθαι
3563 4249 3659 4304 διὰ

377 4347 478 4416 τῆς
500 4348 707 4418 ἀγορᾶς
735 4351 1175 4420 παρεσκεύασεν.

453 4443 552 4496 1Δ⁹.
587 4443 725 4513 Ἤδη
756 4443 813 4497 δὲ
846 4443 940 4498 τοῦ
966 4447 1132 4500 Φωκᾶ
1162 4445 1235 4518 μὴ
1270 4445 1460 4520 πόρῤω
1498 4449 1600 4519 τῆς
1643 4446 1951 4514 Βυζαντίδο‹

2149 4444 2290 4500 XIV.
2323 4441 2461 4499 Cum
2498 4440 2712 4497 Phocas
2737 4439 2848 4510 jam
2877 4453 3052 4510 prope
3103 4436 3174 4492 ab
3225 4435 3363 4492 urbe
3392 4433 3656 4506 Byzantio

382 4531 761 4601 τυγχάνοντος,
805 4533 855 4586 οἱ
901 4533 996 4587 τοῦ
1027 4535 1203 4606 δήμου
1248 4537 1358 4590 τῶν
1411 4538 1699 4608 Πρασίνων
1741 4536 1972 4609 ἐξῄεσαν

385 4623 762 4694 εὐφημοῦντες
813 4623 995 4692 αὑτὸν,
1027 4626 1087 4692 ὃς
1122 4628 1223 4682 σὺν
1274 4630 1458 4693 αὐτοῖς
1506 4632 1565 4685 ἐν
1607 4629 1686 4702 τῷ
1727 4629 1972 4700 Ἑϐδόμῳ

389 4718 855 4787 παραγενόμενος,
889 4720 1006 4774 ἐκεῖ
1034 4721 1184 4792 παρά
1218 4721 1310 4777 τοῦ
1362 4723 1706 4797 πατριάρχου
1736 4723 1974 4780 ταινιοῦ-

386 4822 477 4860 ται
522 4807 622 4879 τὴν
665 4813 942 4883 κεφαλήν·
973 4813 1067 4868 καὶ
1118 4813 1376 4869 εἰσελθὼν
1429 4815 1510 4880 είς
1557 4816 1627 4870 τά
1701 4817 1972 4887 βασίλεια,

389 4902 484 4954 καὶ
507 4904 607 4974 τὴν
637 4908 870 4971 γυναῖκα
916 4907 1176 4960 Λεοντίαν
1223 4907 1539 4977 Αὑγοὺσταν
1567 4908 1732 4974 εὐθὺς
1774 4909 1975 4980 ἀνηγό-

395 5011 574 5063 ρευσε,
610 4996 720 5054 τῶν
749 4997 939 5068 δήμων
979 4999 1288 5069 παρόντων.
1320 4999 1456 5053 Τότε
1483 5000 1570 5054 διὰ
1613 5001 1814 5064 τόπους
1859 5000 1974 5073 (68)

390 5091 449 5143 ἐν
483 5085 563 5156 οἷς
601 5093 816 5164 ἵσταντο
845 5093 1177 5164 ἀμφιϐολίας
1208 5095 1508 5164 γενομένης
1538 5098 1652 5156 τοῖς
1678 5092 1976 5164 Πρασίνοις

393 5182 487 5236 καὶ
515 5186 622 5247 τοῖς
656 5185 924 5252 Βενέτοις,
953 5187 1265 5251 στασιάζειν
1285 5187 1520 5259 ἧρξαντο
1553 5186 1675 5241 κατ’
1705 5186 1972 5258 ἀλλήλων.

395 5274 627 5346 Πέμψας
655 5278 713 5332 δέ
739 5295 890 5343 τινας
918 5281 946 5333 6
979 5281 1195 5346 Φωκᾶς,
1240 5279 1600 5343 κατευνάζειν
1649 5279 1834 5341 αὐτοῖς
1876 5278 1976 5347 τὴν

396 5367 584 5422 στάσιν
619 5369 912 5442 ἐπεχείρει.
954 5369 1101 5436 Ἐνδς
1130 5367 1226 5426 οῦν
1256 5371 1364 5426 τῶν
1393 5369 1695 5424 σταλέντων
1728 5368 1820 5423 τὸν
1868 5367 1978 5422 τῶν

2069 4535 2315 4598 abesset,
2380 4532 2476 4604 qui
2509 4549 2575 4588 ex
2609 4527 2850 4587 factione
2898 4529 3130 4585 Prasina
3178 4537 3358 4590 erant,
3405 4526 3473 4580 ad
3520 4539 3652 4580 eum

2070 4625 2428 4684 salutandum
2463 4623 2829 4696 egrediuntur
2861 4641 2874 4677 :
2905 4624 3001 4693 qui
3032 4637 3158 4678 cum
3189 4620 3272 4676 eis
3304 4619 3651 4675 llebdomum

2072 4718 2379 4790 ingressus,
2434 4716 2508 4772 ibi
2572 4731 2603 4771 a
2660 4715 2974 4788 patriarcha
3035 4714 3344 4770 diademate
3401 4719 3653 4767 ornatur.

2071 4809 2206 4867 Inde
2247 4811 2303 4866 in
2340 4811 2547 4882 regiam
2593 4825 2652 4866 se
2687 4808 2950 4875 contulit,
3006 4816 3063 4863 et
3121 4807 3307 4863 statim
3367 4805 3655 4861 Leontiam

2072 4918 2304 4960 uxorem
2347 4901 2650 4972 Augustam
2701 4900 2926 4963 salutat,
2985 4898 3352 4970 praesentibus
3399 4895 3657 4951 factioni-

2072 4996 2182 5051 bus
2213 5014 2229 5051 :
2260 4994 2355 5051 ubi
2393 4995 2538 5050 inter
2561 4992 2823 5050 Prasinos
2853 5001 2911 5048 et
2937 4991 3182 5048 Venetos
3211 4989 3279 5045 de
3318 4986 3653 5044 stationibus

2073 5098 2254 5148 ortam
2290 5073 2731 5145 controversiam
2785 5087 3001 5142 Phocas
3050 5097 3384 5154 componere
3440 5081 3654 5145 volens,

2069 5183 2336 5238 satellites
2353 5183 2618 5254 quosdam
2644 5181 2795 5237 misit
2833 5198 2846 5235 :
2877 5158 3112 5249 quorum
3143 5191 3286 5230 unus
3313 5190 3438 5230 cum
3471 5173 3656 5228 tribu-

2075 5289 2212 5329 num
2267 5275 2604 5330 Venctorum
2639 5288 2740 5343 per
2773 5267 3166 5326 contumeliam
3197 5267 3520 5337 pepulisset.
3560 5281 3663 5335 po-

2075 5367 2243 5439 pulus
2286 5366 2339 5422 id
2372 5382 2482 5422 non
2511 5366 2698 5421 ferens
2750 5361 3021 5417 exclamat
3050 5377 3063 5414 :
3093 5359 3216 5425 Abi,
3264 5359 3403 5413 disce
3433 5358 3670 5412 modeste

1631 5495 1829 5559 Varia:
1859 5493 2168 5558 lectiones
2213 5501 2274 5557 et
2319 5499 2508 5556 notat.

470 5591 583 5668 (δέ)
617 5595 822 5663 Φήμης
847 5595 933 5652 δέ.
967 5595 1293 5668 Theophan.
1329 5613 1419 5652 an.
1459 5596 1549 5652 ‘20.

468 5663 582 5729 (65)
618 5668 826 5735 Ὀναρ.
857 5669 997 5723 Ibid.

468 5735 584 5808 (6Q)
613 5737 790 5808 Τοῦτο
828 5740 1071 5798 στάσιν.
1113 5741 1428 5801 Simocatta,
1477 5741 1515 5798 I.
1544 5758 1661 5808 vm,
1687 5757 1734 5795 c.
1769 5738 1820 5803 6,
1849 5737 1903 5791 7.

471 5805 584 5875 (67)
627 5807 1049 5876 Txozdirnmc.
1083 5812 1198 5866 Ibid
1258 5829 1303 5865 (ε.
1345 5813 1395 5872 8.
1423 5813 1475 5867 9.

471 5877 585 5948 (68)
621 5877 724 5934 Διὰ
753 5880 995 5948 τόπους.
1038 5883 1092 5938 Id
1137 5893 1217 5938 cst
1251 5884 1442 5950 βάθρα.
1487 5883 1847 5949 Τιιοιιιιιιαηιέ
1881 5879 1978 5934 ha-

2076 5599 2172 5653 bet
2201 5597 2290 5651 διά
2321 5595 2538 5657 στάσεις
2569 5592 2771 5656 τόπων,
2818 5589 2872 5644 in
2907 5588 3108 5657 quibus
3135 5584 3327 5640 sedere
3354 5594 3660 5657 consueve-

2080 5649 2223 5727 rant,
2257 5667 2402 5719 unde
2428 5649 2692 5718 docemur
2731 5649 2831 5717 cur
2859 5649 3039 5714 τόπων
3074 5656 3365 5727 appellatio
3395 5653 3565 5727 indita
3593 5649 3665 5705 sit

2083 5724 2236 5791 urbis
2268 5734 2484 5796 tractui,
2512 5735 2578 5787 de
2608 5747 2718 5798 quo
2749 5732 2957 5804 egimus
2982 5732 3038 5787 in
3073 5724 3255 5786 neatra
3288 5724 3666 5783 Constantino-

2081 5808 2210 5877 poli,
2249 5807 2344 5861 Itb.
2379 5822 2438 5871 il,
2463 5821 2525 5888 _p.
2559 5804 2688 5880 180.
