  <div class='ocr_page' id='page_1' title='image "/cluster/home/n/w/nwhite01/storage/ocr_20150623/134:no.1/coo.31924054870393/646.png"; bbox 0 0 4068 6410; ppageno 0'>
   <div class='ocr_carea' id='block_1_1' title="bbox 502 392 642 460">
    <p class='ocr_par' dir='ltr' id='par_1_1' title="bbox 502 392 642 460">
     <span class='ocr_line' id='line_1_1' title="bbox 502 392 642 460; baseline 0 -1"><span class='ocrx_word' id='word_1_1' title='bbox 502 392 642 460; x_wconf 75' lang='grc'>1273</span> 
     </span>
    </p>
   </div>
   <div class='ocr_carea' id='block_1_2' title="bbox 1737 391 2528 459">
    <p class='ocr_par' dir='ltr' id='par_1_2' title="bbox 1737 391 2528 459">
     <span class='ocr_line' id='line_1_2' title="bbox 1737 391 2528 459; baseline 0.009 -8"><span class='ocrx_word' id='word_1_2' title='bbox 1737 391 2146 456; x_wconf 79' lang='lat' dir='ltr'><strong>ANNALIUM</strong></span> <span class='ocrx_word' id='word_1_3' title='bbox 2183 394 2329 456; x_wconf 90' lang='lat' dir='ltr'><strong>LIB.</strong></span> <span class='ocrx_word' id='word_1_4' title='bbox 2372 395 2528 459; x_wconf 84' lang='lat' dir='ltr'><strong>XIV.</strong></span> 
     </span>
    </p>
   </div>
   <div class='ocr_carea' id='block_1_3' title="bbox 3611 404 3757 470">
    <p class='ocr_par' dir='ltr' id='par_1_3' title="bbox 3611 404 3757 470">
     <span class='ocr_line' id='line_1_3' title="bbox 3611 404 3757 470; baseline -0.014 0"><span class='ocrx_word' id='word_1_5' title='bbox 3611 404 3757 470; x_wconf 67' lang='grc'>1974*</span> 
     </span>
    </p>
   </div>
   <div class='ocr_carea' id='block_1_4' title="bbox 539 505 2076 594">
    <p class='ocr_par' dir='ltr' id='par_1_4' title="bbox 539 505 2066 582">
     <span class='ocr_line' id='line_1_4' title="bbox 539 505 2066 582; baseline -0.003 -14"><span class='ocrx_word' id='word_1_6' title='bbox 539 511 764 568; x_wconf 82' lang='grc' dir='ltr'><strong>-Ἕθανε</strong></span> <span class='ocrx_word' id='word_1_7' title='bbox 809 510 868 567; x_wconf 75' lang='grc' dir='ltr'><strong>δέ</strong></span> <span class='ocrx_word' id='word_1_8' title='bbox 917 507 1225 582; x_wconf 86' lang='grc' dir='ltr'><strong>Μαυρίκιος</strong></span> <span class='ocrx_word' id='word_1_9' title='bbox 1259 507 1398 564; x_wconf 83' lang='grc' dir='ltr'><strong>ἐτῶν</strong></span> <span class='ocrx_word' id='word_1_10' title='bbox 1433 505 1702 581; x_wconf 80' lang='grc' dir='ltr'><strong>ἐξήκοντα</strong></span> <span class='ocrx_word' id='word_1_11' title='bbox 1731 510 1830 564; x_wconf 84' lang='grc' dir='ltr'><strong>καὶ</strong></span> <span class='ocrx_word' id='word_1_12' title='bbox 1875 508 2066 581; x_wconf 84' lang='grc' dir='ltr'><strong>τριῶν,</strong></span> 
     </span>
    </p>
   </div>
   <div class='ocr_carea' id='block_1_5' title="bbox 2179 505 3750 594">
    <p class='ocr_par' dir='ltr' id='par_1_5' title="bbox 2179 511 3750 594">
     <span class='ocr_line' id='line_1_5' title="bbox 2179 511 3750 594; baseline 0.008 -29"><span class='ocrx_word' id='word_1_13' title='bbox 2179 511 2281 582; x_wconf 76' lang='lat'><strong>30</strong></span> <span class='ocrx_word' id='word_1_14' title='bbox 2302 511 2552 569; x_wconf 77' lang='lat' dir='ltr'><strong>Mortuus</strong></span> <span class='ocrx_word' id='word_1_15' title='bbox 2576 521 2662 569; x_wconf 91' lang='lat' dir='ltr'><strong>est</strong></span> <span class='ocrx_word' id='word_1_16' title='bbox 2689 511 2989 573; x_wconf 76' lang='lat' dir='ltr'><strong>Mauricius</strong></span> <span class='ocrx_word' id='word_1_17' title='bbox 3017 531 3162 576; x_wconf 90' lang='lat' dir='ltr'><strong>anno</strong></span> <span class='ocrx_word' id='word_1_18' title='bbox 3190 519 3368 577; x_wconf 85' lang='lat' dir='ltr'><strong>aetatis</strong></span> <span class='ocrx_word' id='word_1_19' title='bbox 3410 524 3750 594; x_wconf 75' lang='lat' dir='ltr'><strong>sexagesimo</strong></span> 
     </span>
    </p>
   </div>
   <div class='ocr_carea' id='block_1_6' title="bbox 494 600 2070 675">
    <p class='ocr_par' dir='ltr' id='par_1_6' title="bbox 494 600 2070 675">
     <span class='ocr_line' id='line_1_6' title="bbox 494 600 2070 675; baseline -0.004 -15"><span class='ocrx_word' id='word_1_20' title='bbox 494 607 667 661; x_wconf 83' lang='grc' dir='ltr'><strong>εἴκοσι</strong></span> <span class='ocrx_word' id='word_1_21' title='bbox 701 603 1025 675; x_wconf 84' lang='grc' dir='ltr'><strong>βασιλεύσας</strong></span> <span class='ocrx_word' id='word_1_22' title='bbox 1067 601 1371 666; x_wconf 86' lang='grc' dir='ltr'><strong>ἐνιαυτούς.</strong></span> <span class='ocrx_word' id='word_1_23' title='bbox 1401 602 1566 657; x_wconf 80' lang='grc' dir='ltr'><strong>Φωκᾶ</strong></span> <span class='ocrx_word' id='word_1_24' title='bbox 1589 600 1646 657; x_wconf 85' lang='grc' dir='ltr'><strong>δέ</strong></span> <span class='ocrx_word' id='word_1_25' title='bbox 1674 601 2070 672; x_wconf 83' lang='grc' dir='ltr'><strong>κρατήσαντος,</strong></span> 
     </span>
    </p>
   </div>
   <div class='ocr_carea' id='block_1_7' title="bbox 497 693 2071 767">
    <p class='ocr_par' dir='ltr' id='par_1_7' title="bbox 497 693 2071 767">
     <span class='ocr_line' id='line_1_7' title="bbox 497 693 2071 767; baseline -0.001 -15"><span class='ocrx_word' id='word_1_26' title='bbox 497 698 527 752; x_wconf 99' lang='lat'><strong>6</strong></span> <span class='ocrx_word' id='word_1_27' title='bbox 592 697 814 767; x_wconf 83' lang='grc' dir='ltr'><strong>Ναρσῆς</strong></span> <span class='ocrx_word' id='word_1_28' title='bbox 859 695 1210 766; x_wconf 87' lang='grc' dir='ltr'><strong>ἀπεστάτησε</strong></span> <span class='ocrx_word' id='word_1_29' title='bbox 1259 694 1358 750; x_wconf 74' lang='grc' dir='ltr'><strong>καὶ</strong></span> <span class='ocrx_word' id='word_1_30' title='bbox 1402 694 1636 765; x_wconf 79' lang='grc' dir='ltr'><strong>κατέσχε</strong></span> <span class='ocrx_word' id='word_1_31' title='bbox 1677 694 1776 766; x_wconf 82' lang='grc' dir='ltr'><strong>τὴν</strong></span> <span class='ocrx_word' id='word_1_32' title='bbox 1821 693 2071 751; x_wconf 86' lang='grc' dir='ltr'><strong>Ἔδεσαν.</strong></span> 
     </span>
    </p>
   </div>
   <div class='ocr_carea' id='block_1_8' title="bbox 495 786 2078 860">
    <p class='ocr_par' dir='ltr' id='par_1_8' title="bbox 495 786 2078 860">
     <span class='ocr_line' id='line_1_8' title="bbox 495 786 2078 860; baseline -0.001 -18"><span class='ocrx_word' id='word_1_33' title='bbox 495 789 795 858; x_wconf 81' lang='grc' dir='ltr'><strong>Προστάξει</strong></span> <span class='ocrx_word' id='word_1_34' title='bbox 828 789 886 843; x_wconf 89' lang='grc' dir='ltr'><strong>δὲ</strong></span> <span class='ocrx_word' id='word_1_35' title='bbox 928 789 1092 842; x_wconf 79' lang='grc' dir='ltr'><strong>Φωκᾶ</strong></span> <span class='ocrx_word' id='word_1_36' title='bbox 1123 786 1408 860; x_wconf 77' lang='grc' dir='ltr'><strong>Γερμανὸς</strong></span> <span class='ocrx_word' id='word_1_37' title='bbox 1436 786 1514 858; x_wconf 81' lang='grc' dir='ltr'><strong>τῷ</strong></span> <span class='ocrx_word' id='word_1_38' title='bbox 1549 788 1746 859; x_wconf 79' lang='grc' dir='ltr'><strong>Ναρσῇ</strong></span> <span class='ocrx_word' id='word_1_39' title='bbox 1783 787 2078 859; x_wconf 89' lang='grc' dir='ltr'><strong>άντιμαχε-</strong></span> 
     </span>
    </p>
   </div>
   <div class='ocr_carea' id='block_1_9' title="bbox 495 879 2072 952">
    <p class='ocr_par' dir='ltr' id='par_1_9' title="bbox 495 879 2072 952">
     <span class='ocr_line' id='line_1_9' title="bbox 495 879 2072 952; baseline -0.001 -16"><span class='ocrx_word' id='word_1_40' title='bbox 495 882 763 952; x_wconf 87' lang='grc' dir='ltr'><strong>σάμενος,</strong></span> <span class='ocrx_word' id='word_1_41' title='bbox 819 881 1266 952; x_wconf 83' lang='grc' dir='ltr'><strong>συμμαχουμένῳ</strong></span> <span class='ocrx_word' id='word_1_42' title='bbox 1295 881 1449 952; x_wconf 81' lang='grc' dir='ltr'><strong>παρὰ</strong></span> <span class='ocrx_word' id='word_1_43' title='bbox 1492 879 1737 951; x_wconf 84' lang='grc' dir='ltr'><strong>Χοσρόου</strong></span> <span class='ocrx_word' id='word_1_44' title='bbox 1759 918 1775 945; x_wconf 93' lang='grc'><strong>,</strong></span> <span class='ocrx_word' id='word_1_45' title='bbox 1825 880 2032 952; x_wconf 78' lang='grc' dir='ltr'><strong>ἡττήθη</strong></span> <span class='ocrx_word' id='word_1_46' title='bbox 2056 895 2072 913; x_wconf 77' lang='grc' dir='ltr'><strong>ο</strong></span> 
     </span>
    </p>
   </div>
   <div class='ocr_carea' id='block_1_10' title="bbox 499 971 2076 1045">
    <p class='ocr_par' dir='ltr' id='par_1_10' title="bbox 499 971 2076 1045">
     <span class='ocr_line' id='line_1_10' title="bbox 499 971 2076 1045; baseline -0.001 -17"><span class='ocrx_word' id='word_1_47' title='bbox 499 974 594 1028; x_wconf 74' lang='grc' dir='ltr'><strong>καὶ</strong></span> <span class='ocrx_word' id='word_1_48' title='bbox 638 973 870 1043; x_wconf 81' lang='grc' dir='ltr'><strong>πληγεὶς</strong></span> <span class='ocrx_word' id='word_1_49' title='bbox 921 973 1041 1044; x_wconf 83' lang='grc' dir='ltr'><strong>μεθ’</strong></span> <span class='ocrx_word' id='word_1_50' title='bbox 1066 973 1281 1045; x_wconf 80' lang='grc' dir='ltr'><strong>ἡμέρας</strong></span> <span class='ocrx_word' id='word_1_51' title='bbox 1329 972 1580 1044; x_wconf 79' lang='grc' dir='ltr'><strong>τέθνηκε.</strong></span> <span class='ocrx_word' id='word_1_52' title='bbox 1622 972 1778 1027; x_wconf 76' lang='grc' dir='ltr'><strong>Μετὰ</strong></span> <span class='ocrx_word' id='word_1_53' title='bbox 1815 971 2076 1027; x_wconf 82' lang='grc' dir='ltr'><strong>δὲταῦτα</strong></span> 
     </span>
    </p>
   </div>
   <div class='ocr_carea' id='block_1_11' title="bbox 492 1063 2076 1136">
    <p class='ocr_par' dir='ltr' id='par_1_11' title="bbox 492 1063 2076 1136">
     <span class='ocr_line' id='line_1_11' title="bbox 492 1063 2076 1136; baseline 0.001 -17"><span class='ocrx_word' id='word_1_54' title='bbox 492 1063 824 1134; x_wconf 85' lang='grc' dir='ltr'><strong>καταφυγὼν</strong></span> <span class='ocrx_word' id='word_1_55' title='bbox 855 1065 936 1128; x_wconf 89' lang='grc' dir='ltr'><strong>είς</strong></span> <span class='ocrx_word' id='word_1_56' title='bbox 967 1063 1066 1136; x_wconf 79' lang='grc' dir='ltr'><strong>τὴν</strong></span> <span class='ocrx_word' id='word_1_57' title='bbox 1104 1065 1255 1135; x_wconf 79' lang='grc' dir='ltr'><strong>ἱεράν</strong></span> <span class='ocrx_word' id='word_1_58' title='bbox 1293 1064 1472 1132; x_wconf 88' lang='grc' dir='ltr'><strong>πόλιν,</strong></span> <span class='ocrx_word' id='word_1_59' title='bbox 1533 1063 1760 1136; x_wconf 78' lang='grc' dir='ltr'><strong>Ναρσῆς</strong></span> <span class='ocrx_word' id='word_1_60' title='bbox 1799 1065 1896 1119; x_wconf 78' lang='grc' dir='ltr'><strong>καὶ</strong></span> <span class='ocrx_word' id='word_1_61' title='bbox 1924 1065 2076 1136; x_wconf 77' lang='grc' dir='ltr'><strong>παρὰ</strong></span> 
     </span>
    </p>
   </div>
   <div class='ocr_carea' id='block_1_12' title="bbox 492 1157 2075 1230">
    <p class='ocr_par' dir='ltr' id='par_1_12' title="bbox 492 1157 2075 1230">
     <span class='ocr_line' id='line_1_12' title="bbox 492 1157 2075 1230; baseline -0.001 -18"><span class='ocrx_word' id='word_1_62' title='bbox 492 1157 589 1212; x_wconf 83' lang='grc' dir='ltr'><strong>τοῦ</strong></span> <span class='ocrx_word' id='word_1_63' title='bbox 621 1158 852 1230; x_wconf 75' lang='grc' dir='ltr'><strong>ἀδελφοῦ</strong></span> <span class='ocrx_word' id='word_1_64' title='bbox 879 1159 972 1213; x_wconf 81' lang='grc' dir='ltr'><strong>τοῦ</strong></span> <span class='ocrx_word' id='word_1_65' title='bbox 1017 1160 1184 1212; x_wconf 82' lang='grc' dir='ltr'><strong>Φωκᾶ</strong></span> <span class='ocrx_word' id='word_1_66' title='bbox 1213 1159 1307 1213; x_wconf 84' lang='grc' dir='ltr'><strong>τοῦ</strong></span> <span class='ocrx_word' id='word_1_67' title='bbox 1348 1157 1657 1230; x_wconf 80' lang='grc' dir='ltr'><strong>μαγίστρου</strong></span> <span class='ocrx_word' id='word_1_68' title='bbox 1689 1157 2075 1228; x_wconf 83' lang='grc' dir='ltr'><strong>Δομεντζιὸλου</strong></span> 
     </span>
    </p>
   </div>
   <div class='ocr_carea' id='block_1_13' title="bbox 494 1249 2076 1322">
    <p class='ocr_par' dir='ltr' id='par_1_13' title="bbox 494 1249 2076 1322">
     <span class='ocr_line' id='line_1_13' title="bbox 494 1249 2076 1322; baseline 0.001 -18"><span class='ocrx_word' id='word_1_69' title='bbox 494 1252 712 1314; x_wconf 77' lang='grc' dir='ltr'><strong>πίστεις</strong></span> <span class='ocrx_word' id='word_1_70' title='bbox 759 1252 1017 1322; x_wconf 81' lang='grc' dir='ltr'><strong>ἐνόρκους</strong></span> <span class='ocrx_word' id='word_1_71' title='bbox 1045 1251 1246 1315; x_wconf 80' lang='grc' dir='ltr'><strong>λαϐὼν,</strong></span> <span class='ocrx_word' id='word_1_72' title='bbox 1281 1251 1418 1322; x_wconf 85' lang='grc' dir='ltr'><strong>πρὸς</strong></span> <span class='ocrx_word' id='word_1_73' title='bbox 1441 1253 1635 1306; x_wconf 80' lang='grc' dir='ltr'><strong>Φωκᾶν</strong></span> <span class='ocrx_word' id='word_1_74' title='bbox 1665 1250 1969 1322; x_wconf 84' lang='grc' dir='ltr'><strong>ἀπεστάλη.</strong></span> <span class='ocrx_word' id='word_1_75' title='bbox 2017 1249 2076 1305; x_wconf 84' lang='lat'><strong>&#39;0</strong></span> 
     </span>
    </p>
   </div>
   <div class='ocr_carea' id='block_1_14' title="bbox 492 1343 2077 1416">
    <p class='ocr_par' dir='ltr' id='par_1_14' title="bbox 492 1343 2077 1416">
     <span class='ocr_line' id='line_1_14' title="bbox 492 1343 2077 1416; baseline 0.001 -20"><span class='ocrx_word' id='word_1_76' title='bbox 492 1343 550 1396; x_wconf 88' lang='grc' dir='ltr'><strong>δέ</strong></span> <span class='ocrx_word' id='word_1_77' title='bbox 585 1345 752 1414; x_wconf 84' lang='grc' dir='ltr'><strong>μηδὲν</strong></span> <span class='ocrx_word' id='word_1_78' title='bbox 780 1345 906 1408; x_wconf 84' lang='grc' dir='ltr'><strong>τοὺς</strong></span> <span class='ocrx_word' id='word_1_79' title='bbox 941 1345 1136 1416; x_wconf 82' lang='grc' dir='ltr'><strong>ὅρκους</strong></span> <span class='ocrx_word' id='word_1_80' title='bbox 1164 1343 1508 1412; x_wconf 74' lang='grc' dir='ltr'><strong>ὑποσταλεὶς,</strong></span> <span class='ocrx_word' id='word_1_81' title='bbox 1541 1346 1676 1414; x_wconf 75' lang='grc' dir='ltr'><strong>πυρὶ</strong></span> <span class='ocrx_word' id='word_1_82' title='bbox 1702 1344 1865 1397; x_wconf 82' lang='grc' dir='ltr'><strong>αὐτὸν</strong></span> <span class='ocrx_word' id='word_1_83' title='bbox 1895 1360 2077 1414; x_wconf 88' lang='grc' dir='ltr'><strong>παρα-</strong></span> 
     </span>
    </p>
   </div>
   <div class='ocr_carea' id='block_1_15' title="bbox 491 1430 2078 1508">
    <p class='ocr_par' dir='ltr' id='par_1_15' title="bbox 491 1430 2078 1508">
     <span class='ocr_line' id='line_1_15' title="bbox 491 1430 2078 1508; baseline 0 -17"><span class='ocrx_word' id='word_1_84' title='bbox 491 1438 748 1492; x_wconf 77' lang='grc' dir='ltr'><strong>δέδωκεν.</strong></span> <span class='ocrx_word' id='word_1_85' title='bbox 777 1430 946 1500; x_wconf 83' lang='grc' dir='ltr'><strong>Οὗτος</strong></span> <span class='ocrx_word' id='word_1_86' title='bbox 981 1438 1010 1490; x_wconf 89' lang='lat'><strong>6</strong></span> <span class='ocrx_word' id='word_1_87' title='bbox 1048 1436 1280 1508; x_wconf 82' lang='grc' dir='ltr'><strong>Ναρσῆς</strong></span> <span class='ocrx_word' id='word_1_88' title='bbox 1317 1437 1427 1508; x_wconf 89' lang='grc'>(77)</span> <span class='ocrx_word' id='word_1_89' title='bbox 1473 1438 1564 1492; x_wconf 84' lang='grc' dir='ltr'><strong>τὸν</strong></span> <span class='ocrx_word' id='word_1_90' title='bbox 1600 1436 1694 1491; x_wconf 81' lang='grc' dir='ltr'><strong>τοῦ</strong></span> <span class='ocrx_word' id='word_1_91' title='bbox 1729 1437 1884 1506; x_wconf 80' lang='grc' dir='ltr'>ἁγίου</span> <span class='ocrx_word' id='word_1_92' title='bbox 1934 1436 2078 1492; x_wconf 87' lang='grc' dir='ltr'><strong>Παν-</strong></span> 
     </span>
    </p>
   </div>
   <div class='ocr_carea' id='block_1_16' title="bbox 493 1528 2081 1601">
    <p class='ocr_par' dir='ltr' id='par_1_16' title="bbox 493 1528 2081 1601">
     <span class='ocr_line' id='line_1_16' title="bbox 493 1528 2081 1601; baseline 0.001 -18"><span class='ocrx_word' id='word_1_93' title='bbox 493 1530 818 1599; x_wconf 86' lang='grc' dir='ltr'><strong>τελεήμονος</strong></span> <span class='ocrx_word' id='word_1_94' title='bbox 848 1529 975 1583; x_wconf 82' lang='grc' dir='ltr'><strong>ναὸν</strong></span> <span class='ocrx_word' id='word_1_95' title='bbox 1000 1529 1327 1598; x_wconf 85' lang='grc' dir='ltr'><strong>ἐδομήσατο,</strong></span> <span class='ocrx_word' id='word_1_96' title='bbox 1362 1529 1460 1582; x_wconf 79' lang='grc' dir='ltr'><strong>καὶ</strong></span> <span class='ocrx_word' id='word_1_97' title='bbox 1488 1528 1580 1582; x_wconf 81' lang='grc' dir='ltr'><strong>τὸν</strong></span> <span class='ocrx_word' id='word_1_98' title='bbox 1611 1529 1720 1583; x_wconf 87' lang='grc' dir='ltr'><strong>τῶν</strong></span> <span class='ocrx_word' id='word_1_99' title='bbox 1748 1530 1917 1597; x_wconf 82' lang='grc' dir='ltr'>ἁγίων</span> <span class='ocrx_word' id='word_1_100' title='bbox 1941 1547 2081 1601; x_wconf 83' lang='grc' dir='ltr'><strong>μαρ-</strong></span> 
     </span>
    </p>
   </div>
   <div class='ocr_carea' id='block_1_17' title="bbox 491 1619 2080 1690">
    <p class='ocr_par' dir='ltr' id='par_1_17' title="bbox 491 1619 2080 1690">
     <span class='ocr_line' id='line_1_17' title="bbox 491 1619 2080 1690; baseline 0.002 -18"><span class='ocrx_word' id='word_1_101' title='bbox 491 1619 672 1689; x_wconf 86' lang='grc' dir='ltr'><strong>τύρων</strong></span> <span class='ocrx_word' id='word_1_102' title='bbox 718 1619 930 1689; x_wconf 80' lang='grc' dir='ltr'><strong>Πρόὸου</strong></span> <span class='ocrx_word' id='word_1_103' title='bbox 950 1659 964 1684; x_wconf 93' lang='grc'><strong>,</strong></span> <span class='ocrx_word' id='word_1_104' title='bbox 1004 1621 1259 1690; x_wconf 86' lang='grc' dir='ltr'><strong>Ταράχου</strong></span> <span class='ocrx_word' id='word_1_105' title='bbox 1287 1659 1305 1686; x_wconf 86' lang='grc'><strong>,</strong></span> <span class='ocrx_word' id='word_1_106' title='bbox 1333 1620 1430 1674; x_wconf 61' lang='grc' dir='ltr'><strong>καὶ⁸</strong></span> <span class='ocrx_word' id='word_1_107' title='bbox 1459 1620 1800 1690; x_wconf 81' lang='grc' dir='ltr'><strong>Ἀνδρονίκου</strong></span> <span class='ocrx_word' id='word_1_108' title='bbox 1820 1664 1836 1687; x_wconf 89' lang='grc'><strong>,</strong></span> <span class='ocrx_word' id='word_1_109' title='bbox 1865 1622 1960 1674; x_wconf 80' lang='grc' dir='ltr'><strong>καὶ</strong></span> <span class='ocrx_word' id='word_1_110' title='bbox 1989 1623 2080 1676; x_wconf 80' lang='grc' dir='ltr'><strong>τὸν</strong></span> 
     </span>
    </p>
   </div>
   <div class='ocr_carea' id='block_1_18' title="bbox 2176 605 3752 686">
    <p class='ocr_par' dir='ltr' id='par_1_18' title="bbox 2176 605 3752 686">
     <span class='ocr_line' id='line_1_18' title="bbox 2176 605 3752 686; baseline 0.008 -26"><span class='ocrx_word' id='word_1_111' title='bbox 2176 605 2364 674; x_wconf 88' lang='lat' dir='ltr'><strong>tertio,</strong></span> <span class='ocrx_word' id='word_1_112' title='bbox 2393 605 2548 678; x_wconf 81' lang='lat' dir='ltr'><strong>regni</strong></span> <span class='ocrx_word' id='word_1_113' title='bbox 2573 607 2852 665; x_wconf 88' lang='lat' dir='ltr'><strong>vicesimo.</strong></span> <span class='ocrx_word' id='word_1_114' title='bbox 2897 611 3080 667; x_wconf 89' lang='lat' dir='ltr'><strong>Phoea</strong></span> <span class='ocrx_word' id='word_1_115' title='bbox 3107 627 3289 669; x_wconf 89' lang='lat' dir='ltr'><strong>rerum</strong></span> <span class='ocrx_word' id='word_1_116' title='bbox 3321 617 3514 686; x_wconf 90' lang='lat' dir='ltr'><strong>potito,</strong></span> <span class='ocrx_word' id='word_1_117' title='bbox 3548 617 3752 672; x_wconf 80' lang='lat' dir='ltr'><strong>Narscs</strong></span> 
     </span>
    </p>
   </div>
   <div class='ocr_carea' id='block_1_19' title="bbox 2174 696 3752 778">
    <p class='ocr_par' dir='ltr' id='par_1_19' title="bbox 2174 696 3752 778">
     <span class='ocr_line' id='line_1_19' title="bbox 2174 696 3752 778; baseline 0.008 -26"><span class='ocrx_word' id='word_1_118' title='bbox 2174 696 2246 752; x_wconf 88' lang='lat' dir='ltr'><strong>ab</strong></span> <span class='ocrx_word' id='word_1_119' title='bbox 2272 712 2341 754; x_wconf 93' lang='lat' dir='ltr'><strong>eo</strong></span> <span class='ocrx_word' id='word_1_120' title='bbox 2371 697 2591 763; x_wconf 85' lang='lat' dir='ltr'><strong>defecit,</strong></span> <span class='ocrx_word' id='word_1_121' title='bbox 2619 700 2826 758; x_wconf 86' lang='lat' dir='ltr'><strong>Edessa</strong></span> <span class='ocrx_word' id='word_1_122' title='bbox 2863 713 3148 774; x_wconf 89' lang='lat' dir='ltr'><strong>occupata,</strong></span> <span class='ocrx_word' id='word_1_123' title='bbox 3181 714 3238 761; x_wconf 90' lang='lat' dir='ltr'><strong>et</strong></span> <span class='ocrx_word' id='word_1_124' title='bbox 3279 709 3520 778; x_wconf 74' lang='lat' dir='ltr'><strong>acceptis</strong></span> <span class='ocrx_word' id='word_1_125' title='bbox 3548 725 3578 764; x_wconf 87' lang='lat' dir='ltr'><strong>a</strong></span> <span class='ocrx_word' id='word_1_126' title='bbox 3607 709 3752 764; x_wconf 90' lang='lat' dir='ltr'><strong>Cho-</strong></span> 
     </span>
    </p>
   </div>
   <div class='ocr_carea' id='block_1_20' title="bbox 2176 791 3758 871">
    <p class='ocr_par' dir='ltr' id='par_1_20' title="bbox 2176 791 3758 871">
     <span class='ocr_line' id='line_1_20' title="bbox 2176 791 3758 871; baseline 0.005 -25"><span class='ocrx_word' id='word_1_127' title='bbox 2176 804 2303 846; x_wconf 89' lang='lat' dir='ltr'><strong>sroe</strong></span> <span class='ocrx_word' id='word_1_128' title='bbox 2340 791 2560 847; x_wconf 81' lang='lat' dir='ltr'><strong>auxiliis</strong></span> <span class='ocrx_word' id='word_1_129' title='bbox 2593 809 2608 847; x_wconf 90' lang='lat'><strong>:</strong></span> <span class='ocrx_word' id='word_1_130' title='bbox 2645 802 2836 848; x_wconf 89' lang='lat' dir='ltr'><strong>contra</strong></span> <span class='ocrx_word' id='word_1_131' title='bbox 2857 810 3022 864; x_wconf 88' lang='lat' dir='ltr'><strong>quem</strong></span> <span class='ocrx_word' id='word_1_132' title='bbox 3055 796 3214 867; x_wconf 92' lang='lat' dir='ltr'><strong>jussu</strong></span> <span class='ocrx_word' id='word_1_133' title='bbox 3238 797 3434 854; x_wconf 80' lang='lat' dir='ltr'><strong>Phocae</strong></span> <span class='ocrx_word' id='word_1_134' title='bbox 3462 799 3758 871; x_wconf 86' lang='lat' dir='ltr'><strong>profectus-</strong></span> 
     </span>
    </p>
   </div>
   <div class='ocr_carea' id='block_1_21' title="bbox 2175 881 3840 958">
    <p class='ocr_par' dir='ltr' id='par_1_21' title="bbox 2175 881 3840 958">
     <span class='ocr_line' id='line_1_21' title="bbox 2175 881 3840 958; baseline 0.004 -18"><span class='ocrx_word' id='word_1_135' title='bbox 2175 881 2502 949; x_wconf 87' lang='lat' dir='ltr'><strong>Germanus,</strong></span> <span class='ocrx_word' id='word_1_136' title='bbox 2530 885 2711 941; x_wconf 91' lang='lat' dir='ltr'><strong>victus</strong></span> <span class='ocrx_word' id='word_1_137' title='bbox 2736 894 2843 948; x_wconf 88' lang='lat' dir='ltr'><strong>est.</strong></span> <span class='ocrx_word' id='word_1_138' title='bbox 2870 895 2928 942; x_wconf 89' lang='lat' dir='ltr'><strong>et</strong></span> <span class='ocrx_word' id='word_1_139' title='bbox 2957 897 3079 957; x_wconf 88' lang='lat' dir='ltr'><strong>post</strong></span> <span class='ocrx_word' id='word_1_140' title='bbox 3108 889 3322 958; x_wconf 89' lang='lat' dir='ltr'><strong>aliquot</strong></span> <span class='ocrx_word' id='word_1_141' title='bbox 3359 890 3480 946; x_wconf 87' lang='lat' dir='ltr'><strong>dies</strong></span> <span class='ocrx_word' id='word_1_142' title='bbox 3509 907 3576 947; x_wconf 78' lang='lat' dir='ltr'><strong>ex</strong></span> <span class='ocrx_word' id='word_1_143' title='bbox 3631 891 3755 946; x_wconf 83' lang='lat' dir='ltr'><strong>vul-</strong></span> <span class='ocrx_word' id='word_1_144' title='bbox 3831 913 3840 926; x_wconf 89' lang='grc'><strong>·</strong></span> 
     </span>
    </p>
   </div>
   <div class='ocr_carea' id='block_1_22' title="bbox 2175 978 3758 1052">
    <p class='ocr_par' dir='ltr' id='par_1_22' title="bbox 2175 978 3758 1052">
     <span class='ocr_line' id='line_1_22' title="bbox 2175 978 3758 1052; baseline 0.004 -21"><span class='ocrx_word' id='word_1_145' title='bbox 2175 991 2311 1032; x_wconf 87' lang='lat' dir='ltr'><strong>nere</strong></span> <span class='ocrx_word' id='word_1_146' title='bbox 2339 985 2613 1033; x_wconf 90' lang='lat' dir='ltr'><strong>mortuus.</strong></span> <span class='ocrx_word' id='word_1_147' title='bbox 2645 978 2848 1035; x_wconf 91' lang='lat' dir='ltr'><strong>Narses</strong></span> <span class='ocrx_word' id='word_1_148' title='bbox 2874 995 3010 1036; x_wconf 88' lang='lat' dir='ltr'><strong>vero</strong></span> <span class='ocrx_word' id='word_1_149' title='bbox 3044 996 3168 1036; x_wconf 91' lang='lat' dir='ltr'><strong>cum</strong></span> <span class='ocrx_word' id='word_1_150' title='bbox 3194 982 3530 1052; x_wconf 83' lang='lat' dir='ltr'><strong>Hierapolim</strong></span> <span class='ocrx_word' id='word_1_151' title='bbox 3559 984 3758 1040; x_wconf 90' lang='lat' dir='ltr'><strong>confu-</strong></span> 
     </span>
    </p>
   </div>
   <div class='ocr_carea' id='block_1_23' title="bbox 2177 1069 3757 1146">
    <p class='ocr_par' dir='ltr' id='par_1_23' title="bbox 2177 1069 3757 1146">
     <span class='ocr_line' id='line_1_23' title="bbox 2177 1069 3757 1146; baseline 0.006 -23"><span class='ocrx_word' id='word_1_152' title='bbox 2177 1069 2365 1140; x_wconf 82' lang='lat' dir='ltr'><strong>gisset,</strong></span> <span class='ocrx_word' id='word_1_153' title='bbox 2395 1069 2757 1141; x_wconf 84' lang='lat' dir='ltr'><strong>jurejurando</strong></span> <span class='ocrx_word' id='word_1_154' title='bbox 2787 1071 3001 1127; x_wconf 91' lang='lat' dir='ltr'><strong>ﬁrmata</strong></span> <span class='ocrx_word' id='word_1_155' title='bbox 3027 1072 3155 1136; x_wconf 88' lang='lat' dir='ltr'><strong>ﬁde,</strong></span> <span class='ocrx_word' id='word_1_156' title='bbox 3192 1089 3223 1129; x_wconf 85' lang='lat' dir='ltr'><strong>a</strong></span> <span class='ocrx_word' id='word_1_157' title='bbox 3247 1075 3417 1130; x_wconf 82' lang='lat' dir='ltr'><strong>fratre</strong></span> <span class='ocrx_word' id='word_1_158' title='bbox 3457 1077 3757 1146; x_wconf 90' lang='lat' dir='ltr'><strong>imperato-</strong></span> 
     </span>
    </p>
   </div>
   <div class='ocr_carea' id='block_1_24' title="bbox 2178 1161 3754 1235">
    <p class='ocr_par' dir='ltr' id='par_1_24' title="bbox 2178 1161 3754 1235">
     <span class='ocr_line' id='line_1_24' title="bbox 2178 1161 3754 1235; baseline 0.004 -18"><span class='ocrx_word' id='word_1_159' title='bbox 2178 1161 2258 1217; x_wconf 86' lang='lat' dir='ltr'><strong>ris</strong></span> <span class='ocrx_word' id='word_1_160' title='bbox 2287 1162 2636 1218; x_wconf 89' lang='lat' dir='ltr'><strong>Domentiolo</strong></span> <span class='ocrx_word' id='word_1_161' title='bbox 2670 1162 2958 1234; x_wconf 79' lang='lat' dir='ltr'><strong>magistro,</strong></span> <span class='ocrx_word' id='word_1_162' title='bbox 2995 1166 3063 1220; x_wconf 92' lang='lat' dir='ltr'><strong>ad</strong></span> <span class='ocrx_word' id='word_1_163' title='bbox 3117 1167 3357 1223; x_wconf 91' lang='lat' dir='ltr'><strong>Phocam</strong></span> <span class='ocrx_word' id='word_1_164' title='bbox 3401 1167 3604 1223; x_wconf 88' lang='lat' dir='ltr'><strong>missus</strong></span> <span class='ocrx_word' id='word_1_165' title='bbox 3647 1176 3754 1235; x_wconf 85' lang='lat' dir='ltr'><strong>est,</strong></span> 
     </span>
    </p>
   </div>
   <div class='ocr_carea' id='block_1_25' title="bbox 2178 1252 3764 1322">
    <p class='ocr_par' dir='ltr' id='par_1_25' title="bbox 2178 1252 3764 1322">
     <span class='ocr_line' id='line_1_25' title="bbox 2178 1252 3764 1322; baseline 0.004 -15"><span class='ocrx_word' id='word_1_166' title='bbox 2178 1252 2443 1322; x_wconf 86' lang='lat' dir='ltr'><strong>nullaque</strong></span> <span class='ocrx_word' id='word_1_167' title='bbox 2483 1252 2624 1308; x_wconf 77' lang='lat' dir='ltr'><strong>datae</strong></span> <span class='ocrx_word' id='word_1_168' title='bbox 2653 1252 2781 1309; x_wconf 88' lang='lat' dir='ltr'><strong>ﬁdei</strong></span> <span class='ocrx_word' id='word_1_169' title='bbox 2812 1254 3028 1310; x_wconf 89' lang='lat' dir='ltr'><strong>ratione</strong></span> <span class='ocrx_word' id='word_1_170' title='bbox 3068 1255 3281 1321; x_wconf 84' lang='lat' dir='ltr'><strong>habita,</strong></span> <span class='ocrx_word' id='word_1_171' title='bbox 3314 1264 3610 1313; x_wconf 90' lang='lat' dir='ltr'><strong>crematus.</strong></span> <span class='ocrx_word' id='word_1_172' title='bbox 3656 1256 3764 1313; x_wconf 85' lang='lat' dir='ltr'><strong>Hic</strong></span> 
     </span>
    </p>
   </div>
   <div class='ocr_carea' id='block_1_26' title="bbox 2177 1343 3759 1420">
    <p class='ocr_par' dir='ltr' id='par_1_26' title="bbox 2177 1343 3759 1420">
     <span class='ocr_line' id='line_1_26' title="bbox 2177 1343 3759 1420; baseline 0.003 -22"><span class='ocrx_word' id='word_1_173' title='bbox 2177 1343 2380 1399; x_wconf 88' lang='lat' dir='ltr'><strong>Narses</strong></span> <span class='ocrx_word' id='word_1_174' title='bbox 2407 1343 2520 1398; x_wconf 87' lang='lat' dir='ltr'><strong>divi</strong></span> <span class='ocrx_word' id='word_1_175' title='bbox 2551 1345 2990 1402; x_wconf 89' lang='lat' dir='ltr'><strong>Panteleemonis</strong></span> <span class='ocrx_word' id='word_1_176' title='bbox 3013 1355 3069 1403; x_wconf 88' lang='lat' dir='ltr'><strong>et</strong></span> <span class='ocrx_word' id='word_1_177' title='bbox 3099 1357 3415 1403; x_wconf 90' lang='lat' dir='ltr'><strong>sanctorum</strong></span> <span class='ocrx_word' id='word_1_178' title='bbox 3458 1357 3759 1420; x_wconf 88' lang='lat' dir='ltr'><strong>martyrum</strong></span> 
     </span>
    </p>
   </div>
   <div class='ocr_carea' id='block_1_27' title="bbox 2177 1436 3769 1513">
    <p class='ocr_par' dir='ltr' id='par_1_27' title="bbox 2177 1436 3769 1513">
     <span class='ocr_line' id='line_1_27' title="bbox 2177 1436 3769 1513; baseline 0.003 -21"><span class='ocrx_word' id='word_1_179' title='bbox 2177 1436 2368 1502; x_wconf 88' lang='lat' dir='ltr'><strong>Probi,</strong></span> <span class='ocrx_word' id='word_1_180' title='bbox 2403 1437 2638 1494; x_wconf 90' lang='lat' dir='ltr'><strong>Taracbi</strong></span> <span class='ocrx_word' id='word_1_181' title='bbox 2664 1447 2721 1495; x_wconf 92' lang='lat' dir='ltr'><strong>et</strong></span> <span class='ocrx_word' id='word_1_182' title='bbox 2749 1439 3052 1498; x_wconf 86' lang='lat' dir='ltr'><strong>Andronici</strong></span> <span class='ocrx_word' id='word_1_183' title='bbox 3082 1441 3276 1508; x_wconf 71' lang='lat' dir='ltr'><strong>aedem,</strong></span> <span class='ocrx_word' id='word_1_184' title='bbox 3311 1450 3477 1513; x_wconf 87' lang='lat' dir='ltr'><strong>atque</strong></span> <span class='ocrx_word' id='word_1_185' title='bbox 3511 1443 3769 1498; x_wconf 88' lang='lat' dir='ltr'><strong>vicinum-</strong></span> 
     </span>
    </p>
   </div>
   <div class='ocr_carea' id='block_1_28' title="bbox 2180 1528 3768 1602">
    <p class='ocr_par' dir='ltr' id='par_1_28' title="bbox 2180 1528 3768 1602">
     <span class='ocr_line' id='line_1_28' title="bbox 2180 1528 3768 1602; baseline 0.004 -19"><span class='ocrx_word' id='word_1_186' title='bbox 2180 1528 2481 1599; x_wconf 88' lang='lat' dir='ltr'><strong>hospitium</strong></span> <span class='ocrx_word' id='word_1_187' title='bbox 2508 1530 2776 1586; x_wconf 90' lang='lat' dir='ltr'><strong>condidit.</strong></span> <span class='ocrx_word' id='word_1_188' title='bbox 2803 1532 2992 1602; x_wconf 87' lang='lat' dir='ltr'><strong>Neque</strong></span> <span class='ocrx_word' id='word_1_189' title='bbox 3013 1548 3146 1588; x_wconf 89' lang='lat' dir='ltr'><strong>vero</strong></span> <span class='ocrx_word' id='word_1_190' title='bbox 3177 1533 3326 1587; x_wconf 92' lang='lat' dir='ltr'><strong>hunc</strong></span> <span class='ocrx_word' id='word_1_191' title='bbox 3355 1535 3557 1600; x_wconf 92' lang='lat' dir='ltr'><strong>solum,</strong></span> <span class='ocrx_word' id='word_1_192' title='bbox 3582 1534 3678 1589; x_wconf 89' lang='lat' dir='ltr'><strong>sed</strong></span> <span class='ocrx_word' id='word_1_193' title='bbox 3703 1542 3768 1589; x_wconf 73' lang='lat' dir='ltr'><strong>et:</strong></span> 
     </span>
    </p>
   </div>
   <div class='ocr_carea' id='block_1_29' title="bbox 2181 1621 3760 1695">
    <p class='ocr_par' dir='ltr' id='par_1_29' title="bbox 2181 1621 3760 1695">
     <span class='ocr_line' id='line_1_29' title="bbox 2181 1621 3760 1695; baseline 0.001 -19"><span class='ocrx_word' id='word_1_194' title='bbox 2181 1621 2403 1676; x_wconf 89' lang='lat' dir='ltr'><strong>Petrum</strong></span> <span class='ocrx_word' id='word_1_195' title='bbox 2433 1625 2683 1688; x_wconf 80' lang='lat' dir='ltr'><strong>fratrem,</strong></span> <span class='ocrx_word' id='word_1_196' title='bbox 2730 1639 3032 1694; x_wconf 91' lang='lat' dir='ltr'><strong>omnesque</strong></span> <span class='ocrx_word' id='word_1_197' title='bbox 3081 1624 3330 1679; x_wconf 87' lang='lat' dir='ltr'><strong>Mauricii</strong></span> <span class='ocrx_word' id='word_1_198' title='bbox 3380 1633 3664 1695; x_wconf 88' lang='lat' dir='ltr'><strong>cognatos,</strong></span> <span class='ocrx_word' id='word_1_199' title='bbox 3702 1632 3760 1679; x_wconf 88' lang='lat' dir='ltr'><strong>et</strong></span> 
     </span>
    </p>
   </div>
   <div class='ocr_carea' id='block_1_30' title="bbox 493 1707 2076 1782">
    <p class='ocr_par' dir='ltr' id='par_1_30' title="bbox 493 1707 2076 1782">
     <span class='ocr_line' id='line_1_30' title="bbox 493 1707 2076 1782; baseline 0.001 -18"><span class='ocrx_word' id='word_1_200' title='bbox 493 1712 615 1764; x_wconf 78' lang='grc' dir='ltr'><strong>ἐκεῖ</strong></span> <span class='ocrx_word' id='word_1_201' title='bbox 662 1707 902 1764; x_wconf 76' lang='grc' dir='ltr'><strong>Ξενῶνα.</strong></span> <span class='ocrx_word' id='word_1_202' title='bbox 927 1711 1002 1765; x_wconf 81' lang='grc' dir='ltr'><strong>Οὐ</strong></span> <span class='ocrx_word' id='word_1_203' title='bbox 1030 1709 1216 1764; x_wconf 82' lang='grc' dir='ltr'><strong>τοῦτον</strong></span> <span class='ocrx_word' id='word_1_204' title='bbox 1238 1710 1297 1764; x_wconf 85' lang='grc' dir='ltr'><strong>δέ</strong></span> <span class='ocrx_word' id='word_1_205' title='bbox 1330 1711 1511 1782; x_wconf 76' lang='grc' dir='ltr'><strong>μόνον,</strong></span> <span class='ocrx_word' id='word_1_206' title='bbox 1535 1711 1670 1765; x_wconf 76' lang='grc' dir='ltr'><strong>ἀλλὰ</strong></span> <span class='ocrx_word' id='word_1_207' title='bbox 1691 1713 1787 1765; x_wconf 77' lang='grc' dir='ltr'><strong>καὶ</strong></span> <span class='ocrx_word' id='word_1_208' title='bbox 1811 1711 1903 1764; x_wconf 85' lang='grc' dir='ltr'><strong>τὸν</strong></span> <span class='ocrx_word' id='word_1_209' title='bbox 1915 1712 2076 1766; x_wconf 79' lang='grc' dir='ltr'><strong>ἀδελ-</strong></span> 
     </span>
    </p>
   </div>
   <div class='ocr_carea' id='block_1_31' title="bbox 2179 1707 3768 1782">
    <p class='ocr_par' dir='ltr' id='par_1_31' title="bbox 2181 1711 3768 1768">
     <span class='ocr_line' id='line_1_31' title="bbox 2181 1711 3768 1768; baseline -0.001 -1"><span class='ocrx_word' id='word_1_210' title='bbox 2181 1711 2517 1768; x_wconf 88' lang='lat' dir='ltr'><strong>Germanum</strong></span> <span class='ocrx_word' id='word_1_211' title='bbox 2561 1712 2860 1768; x_wconf 87' lang='lat' dir='ltr'><strong>Theodosii</strong></span> <span class='ocrx_word' id='word_1_212' title='bbox 2905 1712 3004 1768; x_wconf 89' lang='lat' dir='ltr'><strong>ﬁlii</strong></span> <span class='ocrx_word' id='word_1_213' title='bbox 3033 1714 3180 1768; x_wconf 90' lang='lat' dir='ltr'><strong>illius</strong></span> <span class='ocrx_word' id='word_1_214' title='bbox 3209 1728 3458 1768; x_wconf 88' lang='lat' dir='ltr'><strong>socerum</strong></span> <span class='ocrx_word' id='word_1_215' title='bbox 3489 1727 3598 1768; x_wconf 91' lang='lat' dir='ltr'><strong>una</strong></span> <span class='ocrx_word' id='word_1_216' title='bbox 3631 1727 3768 1766; x_wconf 87' lang='lat' dir='ltr'><strong>cum</strong></span> 
     </span>
    </p>
   </div>
   <div class='ocr_carea' id='block_1_32' title="bbox 493 1802 2076 1875">
    <p class='ocr_par' dir='ltr' id='par_1_32' title="bbox 493 1802 2076 1875">
     <span class='ocr_line' id='line_1_32' title="bbox 493 1802 2076 1875; baseline 0.001 -21"><span class='ocrx_word' id='word_1_217' title='bbox 493 1804 592 1870; x_wconf 80' lang='grc' dir='ltr'><strong>φδν</strong></span> <span class='ocrx_word' id='word_1_218' title='bbox 637 1803 949 1872; x_wconf 86' lang='grc' dir='ltr'><strong>Μαυρικίου</strong></span> <span class='ocrx_word' id='word_1_219' title='bbox 998 1802 1206 1874; x_wconf 79' lang='grc' dir='ltr'><strong>Πέτρον</strong></span> <span class='ocrx_word' id='word_1_220' title='bbox 1255 1803 1454 1866; x_wconf 80' lang='grc' dir='ltr'><strong>ἀνεῖλε,</strong></span> <span class='ocrx_word' id='word_1_221' title='bbox 1505 1805 1600 1857; x_wconf 77' lang='grc' dir='ltr'><strong>καὶ</strong></span> <span class='ocrx_word' id='word_1_222' title='bbox 1650 1803 1934 1875; x_wconf 81' lang='grc' dir='ltr'><strong>Γερμανὸν</strong></span> <span class='ocrx_word' id='word_1_223' title='bbox 1984 1804 2076 1858; x_wconf 83' lang='grc' dir='ltr'><strong>τὸν</strong></span> 
     </span>
    </p>
   </div>
   <div class='ocr_carea' id='block_1_33' title="bbox 2179 1802 3760 1875">
    <p class='ocr_par' dir='ltr' id='par_1_33' title="bbox 2184 1802 3760 1874">
     <span class='ocr_line' id='line_1_33' title="bbox 2184 1802 3760 1874; baseline 0.004 -17"><span class='ocrx_word' id='word_1_224' title='bbox 2184 1803 2298 1858; x_wconf 91' lang='lat' dir='ltr'><strong>ﬁlia</strong></span> <span class='ocrx_word' id='word_1_225' title='bbox 2324 1804 2548 1860; x_wconf 89' lang='lat' dir='ltr'><strong>occidit.</strong></span> <span class='ocrx_word' id='word_1_226' title='bbox 2613 1803 2958 1874; x_wconf 88' lang='lat' dir='ltr'><strong>Philippicus</strong></span> <span class='ocrx_word' id='word_1_227' title='bbox 3017 1815 3204 1860; x_wconf 89' lang='lat' dir='ltr'><strong>autem</strong></span> <span class='ocrx_word' id='word_1_228' title='bbox 3267 1805 3503 1861; x_wconf 87' lang='lat' dir='ltr'><strong>clericus</strong></span> <span class='ocrx_word' id='word_1_229' title='bbox 3556 1802 3760 1863; x_wconf 74' lang='lat' dir='ltr'><strong>fastus.</strong></span> 
     </span>
    </p>
   </div>
   <div class='ocr_carea' id='block_1_34' title="bbox 492 1863 2076 1972">
    <p class='ocr_par' dir='ltr' id='par_1_34' title="bbox 492 1863 2076 1972">
     <span class='ocr_line' id='line_1_34' title="bbox 492 1863 2076 1972; baseline 0.004 -26"><span class='ocrx_word' id='word_1_230' title='bbox 492 1863 755 1972; x_wconf 72' lang='grc' dir='ltr'><strong>πενθερὸν</strong></span> <span class='ocrx_word' id='word_1_231' title='bbox 772 1863 1064 1948; x_wconf 51' lang='grc' dir='ltr'><strong>’Θεοδοσίου</strong></span> <span class='ocrx_word' id='word_1_232' title='bbox 1087 1863 1182 1948; x_wconf 74' lang='grc' dir='ltr'><strong>τοῦ</strong></span> <span class='ocrx_word' id='word_1_233' title='bbox 1219 1895 1336 1949; x_wconf 84' lang='grc' dir='ltr'><strong>υἱοῦ</strong></span> <span class='ocrx_word' id='word_1_234' title='bbox 1366 1863 1704 1968; x_wconf 84' lang='grc' dir='ltr'><strong>Μαυρικίου,</strong></span> <span class='ocrx_word' id='word_1_235' title='bbox 1726 1863 1829 1952; x_wconf 65' lang='grc' dir='ltr'><strong>καὶ</strong></span> <span class='ocrx_word' id='word_1_236' title='bbox 1851 1897 1948 1968; x_wconf 85' lang='grc' dir='ltr'><strong>τὴν</strong></span> <span class='ocrx_word' id='word_1_237' title='bbox 1978 1897 2076 1952; x_wconf 85' lang='grc' dir='ltr'><strong>θυ-</strong></span> 
     </span>
    </p>
   </div>
   <div class='ocr_carea' id='block_1_35' title="bbox 2179 1863 3759 1972">
    <p class='ocr_par' dir='ltr' id='par_1_35' title="bbox 2180 1893 3759 1967">
     <span class='ocr_line' id='line_1_35' title="bbox 2180 1893 3759 1967; baseline -0.002 -16"><span class='ocrx_word' id='word_1_238' title='bbox 2180 1895 2505 1967; x_wconf 83' lang='lat' dir='ltr'><strong>Chrysopoli</strong></span> <span class='ocrx_word' id='word_1_239' title='bbox 2538 1896 2593 1950; x_wconf 89' lang='lat' dir='ltr'><strong>in</strong></span> <span class='ocrx_word' id='word_1_240' title='bbox 2619 1895 2954 1952; x_wconf 89' lang='lat' dir='ltr'><strong>monasterio</strong></span> <span class='ocrx_word' id='word_1_241' title='bbox 2981 1911 3010 1950; x_wconf 90' lang='lat' dir='ltr'><strong>a</strong></span> <span class='ocrx_word' id='word_1_242' title='bbox 3038 1910 3096 1950; x_wconf 91' lang='lat' dir='ltr'><strong>se</strong></span> <span class='ocrx_word' id='word_1_243' title='bbox 3121 1895 3370 1959; x_wconf 90' lang='lat' dir='ltr'><strong>condito,</strong></span> <span class='ocrx_word' id='word_1_244' title='bbox 3412 1895 3580 1948; x_wconf 85' lang='lat' dir='ltr'><strong>vitam</strong></span> <span class='ocrx_word' id='word_1_245' title='bbox 3626 1893 3759 1964; x_wconf 83' lang='lat' dir='ltr'><strong>egit.</strong></span> 
     </span>
    </p>
   </div>
   <div class='ocr_carea' id='block_1_36' title="bbox 499 1985 2079 2060">
    <p class='ocr_par' dir='ltr' id='par_1_36' title="bbox 499 1985 2079 2060">
     <span class='ocr_line' id='line_1_36' title="bbox 499 1985 2079 2060; baseline 0.004 -22"><span class='ocrx_word' id='word_1_246' title='bbox 499 1985 702 2056; x_wconf 69' lang='grc' dir='ltr'><strong>τατέρα</strong></span> <span class='ocrx_word' id='word_1_247' title='bbox 749 1986 846 2040; x_wconf 78' lang='grc' dir='ltr'><strong>τοῦ</strong></span> <span class='ocrx_word' id='word_1_248' title='bbox 874 1986 1181 2059; x_wconf 82' lang='grc' dir='ltr'><strong>Γερμανοῦ,</strong></span> <span class='ocrx_word' id='word_1_249' title='bbox 1223 1988 1318 2041; x_wconf 73' lang='grc' dir='ltr'><strong>καὶ</strong></span> <span class='ocrx_word' id='word_1_250' title='bbox 1366 1990 1549 2043; x_wconf 79' lang='grc' dir='ltr'><strong>πᾶσαν</strong></span> <span class='ocrx_word' id='word_1_251' title='bbox 1581 1989 1682 2060; x_wconf 82' lang='grc' dir='ltr'><strong>τὴν</strong></span> <span class='ocrx_word' id='word_1_252' title='bbox 1715 1988 1812 2043; x_wconf 79' lang='grc' dir='ltr'><strong>τοῦ</strong></span> <span class='ocrx_word' id='word_1_253' title='bbox 1861 1991 2079 2060; x_wconf 88' lang='grc' dir='ltr'><strong>Μαυρι-</strong></span> 
     </span>
    </p>
   </div>
   <div class='ocr_carea' id='block_1_37' title="bbox 461 2077 2080 2153">
    <p class='ocr_par' dir='ltr' id='par_1_37' title="bbox 461 2077 2080 2153">
     <span class='ocr_line' id='line_1_37' title="bbox 461 2077 2080 2153; baseline 0.001 -21"><span class='ocrx_word' id='word_1_254' title='bbox 461 2101 465 2142; x_wconf 77' lang='lat'>;</span> <span class='ocrx_word' id='word_1_255' title='bbox 492 2078 614 2132; x_wconf 86' lang='grc' dir='ltr'><strong>κίου</strong></span> <span class='ocrx_word' id='word_1_256' title='bbox 643 2077 990 2148; x_wconf 85' lang='grc' dir='ltr'><strong>συγγένειαν.</strong></span> <span class='ocrx_word' id='word_1_257' title='bbox 1045 2079 1376 2144; x_wconf 77' lang='grc' dir='ltr'><strong>Φιλιππικδς</strong></span> <span class='ocrx_word' id='word_1_258' title='bbox 1411 2081 1468 2135; x_wconf 81' lang='grc' dir='ltr'><strong>δὲ</strong></span> <span class='ocrx_word' id='word_1_259' title='bbox 1505 2080 1617 2153; x_wconf 88' lang='lat'><strong>(78)</strong></span> <span class='ocrx_word' id='word_1_260' title='bbox 1651 2082 1895 2152; x_wconf 85' lang='grc' dir='ltr'><strong>κείρεται</strong></span> <span class='ocrx_word' id='word_1_261' title='bbox 1943 2081 2080 2152; x_wconf 85' lang='grc' dir='ltr'><strong>κλη-</strong></span> 
     </span>
    </p>
   </div>
   <div class='ocr_carea' id='block_1_38' title="bbox 462 2169 2078 2244">
    <p class='ocr_par' dir='ltr' id='par_1_38' title="bbox 462 2169 2078 2244">
     <span class='ocr_line' id='line_1_38' title="bbox 462 2169 2078 2244; baseline 0.005 -23"><span class='ocrx_word' id='word_1_262' title='bbox 462 2169 689 2240; x_wconf 81' lang='grc' dir='ltr'><strong>’ρικὸς,</strong></span> <span class='ocrx_word' id='word_1_263' title='bbox 748 2171 845 2223; x_wconf 72' lang='grc' dir='ltr'><strong>καὶ</strong></span> <span class='ocrx_word' id='word_1_264' title='bbox 897 2171 980 2234; x_wconf 87' lang='grc' dir='ltr'><strong>είς</strong></span> <span class='ocrx_word' id='word_1_265' title='bbox 1007 2171 1107 2239; x_wconf 79' lang='grc' dir='ltr'><strong>τὴν</strong></span> <span class='ocrx_word' id='word_1_266' title='bbox 1167 2170 1332 2225; x_wconf 78' lang='grc' dir='ltr'><strong>αὑτοῦ</strong></span> <span class='ocrx_word' id='word_1_267' title='bbox 1397 2172 1566 2242; x_wconf 81' lang='grc' dir='ltr'><strong>μονὴν</strong></span> <span class='ocrx_word' id='word_1_268' title='bbox 1616 2174 1674 2227; x_wconf 84' lang='grc' dir='ltr'><strong>ἐν</strong></span> <span class='ocrx_word' id='word_1_269' title='bbox 1734 2173 2078 2244; x_wconf 84' lang='grc' dir='ltr'><strong>Χρυσοπόλει</strong></span> 
     </span>
    </p>
   </div>
   <div class='ocr_carea' id='block_1_39' title="bbox 493 2258 2075 2333">
    <p class='ocr_par' dir='ltr' id='par_1_39' title="bbox 493 2258 2075 2333">
     <span class='ocr_line' id='line_1_39' title="bbox 493 2258 2075 2333; baseline 0.005 -20"><span class='ocrx_word' id='word_1_270' title='bbox 493 2258 746 2330; x_wconf 79' lang='grc' dir='ltr'><strong>διέτριϐε.</strong></span> <span class='ocrx_word' id='word_1_271' title='bbox 786 2263 897 2316; x_wconf 72' lang='grc' dir='ltr'><strong>Καὶ</strong></span> <span class='ocrx_word' id='word_1_272' title='bbox 929 2261 1128 2326; x_wconf 80' lang='grc' dir='ltr'><strong>ἄλλους</strong></span> <span class='ocrx_word' id='word_1_273' title='bbox 1168 2263 1226 2317; x_wconf 74' lang='grc' dir='ltr'><strong>δὲ</strong></span> <span class='ocrx_word' id='word_1_274' title='bbox 1255 2262 1487 2326; x_wconf 83' lang='grc' dir='ltr'><strong>πολλοὺς</strong></span> <span class='ocrx_word' id='word_1_275' title='bbox 1527 2263 1766 2319; x_wconf 78' lang='grc' dir='ltr'><strong>ἔκτεινεν</strong></span> <span class='ocrx_word' id='word_1_276' title='bbox 1793 2266 1822 2318; x_wconf 94' lang='lat'><strong>6</strong></span> <span class='ocrx_word' id='word_1_277' title='bbox 1861 2267 2075 2333; x_wconf 80' lang='grc' dir='ltr'><strong>Φωκᾶς,</strong></span> 
     </span>
    </p>
   </div>
   <div class='ocr_carea' id='block_1_40' title="bbox 493 2353 2076 2428">
    <p class='ocr_par' dir='ltr' id='par_1_40' title="bbox 493 2353 2076 2428">
     <span class='ocr_line' id='line_1_40' title="bbox 493 2353 2076 2428; baseline 0.004 -22"><span class='ocrx_word' id='word_1_278' title='bbox 493 2353 590 2406; x_wconf 75' lang='grc' dir='ltr'><strong>καὶ</strong></span> <span class='ocrx_word' id='word_1_279' title='bbox 623 2355 838 2417; x_wconf 78' lang='grc' dir='ltr'>ποιναῖς</span> <span class='ocrx_word' id='word_1_280' title='bbox 869 2353 1137 2424; x_wconf 86' lang='grc' dir='ltr'><strong>άπηνέσιν</strong></span> <span class='ocrx_word' id='word_1_281' title='bbox 1168 2355 1416 2420; x_wconf 79' lang='grc' dir='ltr'><strong>ἐκόλαζε.</strong></span> <span class='ocrx_word' id='word_1_282' title='bbox 1453 2354 1735 2428; x_wconf 81' lang='grc' dir='ltr'><strong>Κυριακοῢ</strong></span> <span class='ocrx_word' id='word_1_283' title='bbox 1761 2357 1872 2428; x_wconf 88' lang='grc'>(79)</span> <span class='ocrx_word' id='word_1_284' title='bbox 1897 2358 1954 2414; x_wconf 76' lang='grc' dir='ltr'><strong>δέ</strong></span> <span class='ocrx_word' id='word_1_285' title='bbox 1982 2360 2076 2413; x_wconf 80' lang='grc' dir='ltr'><strong>τοῦ</strong></span> 
     </span>
    </p>
   </div>
   <div class='ocr_carea' id='block_1_41' title="bbox 493 2446 2081 2520">
    <p class='ocr_par' dir='ltr' id='par_1_41' title="bbox 493 2446 2081 2520">
     <span class='ocr_line' id='line_1_41' title="bbox 493 2446 2081 2520; baseline 0.004 -22"><span class='ocrx_word' id='word_1_286' title='bbox 493 2446 838 2517; x_wconf 81' lang='grc' dir='ltr'><strong>πατριάρχου</strong></span> <span class='ocrx_word' id='word_1_287' title='bbox 873 2446 1190 2512; x_wconf 75' lang='grc' dir='ltr'><strong>ἐκλιπόντος</strong></span> <span class='ocrx_word' id='word_1_288' title='bbox 1231 2449 1370 2520; x_wconf 87' lang='grc' dir='ltr'><strong>μετὰ</strong></span> <span class='ocrx_word' id='word_1_289' title='bbox 1421 2449 1700 2514; x_wconf 80' lang='grc' dir='ltr'><strong>ἐνιαυτοὺς</strong></span> <span class='ocrx_word' id='word_1_290' title='bbox 1729 2450 1923 2504; x_wconf 74' lang='grc' dir='ltr'><strong>ἕνδεκα</strong></span> <span class='ocrx_word' id='word_1_291' title='bbox 1963 2451 2081 2516; x_wconf 80' lang='grc' dir='ltr'><strong>ἐξό-</strong></span> 
     </span>
    </p>
   </div>
   <div class='ocr_carea' id='block_1_42' title="bbox 493 2539 2076 2616">
    <p class='ocr_par' dir='ltr' id='par_1_42' title="bbox 493 2539 2076 2616">
     <span class='ocr_line' id='line_1_42' title="bbox 493 2539 2076 2616; baseline 0.004 -25"><span class='ocrx_word' id='word_1_292' title='bbox 493 2554 589 2592; x_wconf 87' lang='grc' dir='ltr'><strong>του</strong></span> <span class='ocrx_word' id='word_1_293' title='bbox 631 2539 1047 2609; x_wconf 85' lang='grc' dir='ltr'><strong>προεχειρίσθη,</strong></span> <span class='ocrx_word' id='word_1_294' title='bbox 1089 2540 1440 2613; x_wconf 84' lang='grc' dir='ltr'><strong>πατριάρχης</strong></span> <span class='ocrx_word' id='word_1_295' title='bbox 1486 2542 1704 2611; x_wconf 85' lang='grc' dir='ltr'><strong>ἐγένετο</strong></span> <span class='ocrx_word' id='word_1_296' title='bbox 1732 2543 1935 2612; x_wconf 83' lang='grc' dir='ltr'><strong>Θωμᾶς</strong></span> <span class='ocrx_word' id='word_1_297' title='bbox 1963 2542 2076 2616; x_wconf 88' lang='grc'><strong>(80)</strong></span> 
     </span>
    </p>
   </div>
   <div class='ocr_carea' id='block_1_43' title="bbox 497 2629 2076 2704">
    <p class='ocr_par' dir='ltr' id='par_1_43' title="bbox 497 2629 2076 2704">
     <span class='ocr_line' id='line_1_43' title="bbox 497 2629 2076 2704; baseline 0.006 -24"><span class='ocrx_word' id='word_1_298' title='bbox 497 2629 876 2698; x_wconf 88' lang='grc' dir='ltr'><strong>σακελλάριος,</strong></span> <span class='ocrx_word' id='word_1_299' title='bbox 905 2631 998 2684; x_wconf 73' lang='grc' dir='ltr'><strong>καὶ</strong></span> <span class='ocrx_word' id='word_1_300' title='bbox 1026 2631 1124 2700; x_wconf 82' lang='grc' dir='ltr'><strong>τῆς</strong></span> <span class='ocrx_word' id='word_1_301' title='bbox 1158 2631 1418 2700; x_wconf 82' lang='grc' dir='ltr'><strong>Μεγάλης</strong></span> <span class='ocrx_word' id='word_1_302' title='bbox 1466 2633 1768 2704; x_wconf 78' lang='grc' dir='ltr'><strong>ἐκκλησίας</strong></span> <span class='ocrx_word' id='word_1_303' title='bbox 1809 2634 2076 2700; x_wconf 87' lang='grc' dir='ltr'><strong>διάκονος.</strong></span> 
     </span>
    </p>
   </div>
   <div class='ocr_carea' id='block_1_44' title="bbox 495 2717 2081 2792">
    <p class='ocr_par' dir='ltr' id='par_1_44' title="bbox 495 2717 2081 2792">
     <span class='ocr_line' id='line_1_44' title="bbox 495 2717 2081 2792; baseline 0.004 -20"><span class='ocrx_word' id='word_1_304' title='bbox 495 2717 765 2787; x_wconf 80' lang='grc' dir='ltr'><strong>Πολυειδῆ</strong></span> <span class='ocrx_word' id='word_1_305' title='bbox 809 2717 1010 2789; x_wconf 86' lang='grc' dir='ltr'><strong>μέντοι</strong></span> <span class='ocrx_word' id='word_1_306' title='bbox 1035 2721 1157 2773; x_wconf 84' lang='grc' dir='ltr'><strong>τότε</strong></span> <span class='ocrx_word' id='word_1_307' title='bbox 1187 2720 1335 2774; x_wconf 86' lang='grc' dir='ltr'><strong>κακὰ</strong></span> <span class='ocrx_word' id='word_1_308' title='bbox 1355 2721 1483 2784; x_wconf 78' lang='grc' dir='ltr'><strong>τοὺς</strong></span> <span class='ocrx_word' id='word_1_309' title='bbox 1514 2721 1816 2792; x_wconf 85' lang='grc' dir='ltr'><strong>Ῥωμαίους</strong></span> <span class='ocrx_word' id='word_1_310' title='bbox 1851 2724 2081 2779; x_wconf 81' lang='grc' dir='ltr'><strong>κατέλα-</strong></span> 
     </span>
    </p>
   </div>
   <div class='ocr_carea' id='block_1_45' title="bbox 498 2807 2080 2886">
    <p class='ocr_par' dir='ltr' id='par_1_45' title="bbox 498 2807 2080 2886">
     <span class='ocr_line' id='line_1_45' title="bbox 498 2807 2080 2886; baseline 0.006 -24"><span class='ocrx_word' id='word_1_311' title='bbox 498 2809 614 2879; x_wconf 81' lang='grc' dir='ltr'><strong>βεν.</strong></span> <span class='ocrx_word' id='word_1_312' title='bbox 652 2807 743 2862; x_wconf 83' lang='grc' dir='ltr'><strong>Ἐν</strong></span> <span class='ocrx_word' id='word_1_313' title='bbox 788 2809 888 2880; x_wconf 85' lang='grc' dir='ltr'><strong>μὲν</strong></span> <span class='ocrx_word' id='word_1_314' title='bbox 917 2809 1026 2879; x_wconf 81' lang='grc' dir='ltr'><strong>γάρ</strong></span> <span class='ocrx_word' id='word_1_315' title='bbox 1053 2813 1121 2882; x_wconf 78' lang='grc' dir='ltr'><strong>τῇ</strong></span> <span class='ocrx_word' id='word_1_316' title='bbox 1171 2809 1321 2884; x_wconf 78' lang='grc' dir='ltr'><strong>Ἐᾠᾳ</strong></span> <span class='ocrx_word' id='word_1_317' title='bbox 1350 2813 1560 2884; x_wconf 80' lang='grc' dir='ltr'><strong>Πέρσαι</strong></span> <span class='ocrx_word' id='word_1_318' title='bbox 1584 2815 1682 2886; x_wconf 83' lang='grc' dir='ltr'><strong>τὴν</strong></span> <span class='ocrx_word' id='word_1_319' title='bbox 1726 2816 1948 2886; x_wconf 86' lang='grc' dir='ltr'><strong>Συρίαν,</strong></span> <span class='ocrx_word' id='word_1_320' title='bbox 1985 2816 2080 2871; x_wconf 61' lang='grc' dir='ltr'><strong>καί⁹</strong></span> 
     </span>
    </p>
   </div>
   <div class='ocr_carea' id='block_1_46' title="bbox 498 2901 2076 2980">
    <p class='ocr_par' dir='ltr' id='par_1_46' title="bbox 498 2901 2076 2980">
     <span class='ocr_line' id='line_1_46' title="bbox 498 2901 2076 2980; baseline 0.007 -26"><span class='ocrx_word' id='word_1_321' title='bbox 498 2901 885 2973; x_wconf 87' lang='grc' dir='ltr'><strong>Παλαιστίνην,</strong></span> <span class='ocrx_word' id='word_1_322' title='bbox 924 2903 1018 2957; x_wconf 79' lang='grc' dir='ltr'><strong>καὶ</strong></span> <span class='ocrx_word' id='word_1_323' title='bbox 1048 2905 1302 2977; x_wconf 77' lang='grc' dir='ltr'><strong>Φοινίκην</strong></span> <span class='ocrx_word' id='word_1_324' title='bbox 1333 2906 1425 2976; x_wconf 80' lang='grc' dir='ltr'><strong>ὑφ’</strong></span> <span class='ocrx_word' id='word_1_325' title='bbox 1467 2907 1696 2970; x_wconf 77' lang='grc' dir='ltr'><strong>ἑαυτοὺς</strong></span> <span class='ocrx_word' id='word_1_326' title='bbox 1726 2907 2076 2980; x_wconf 87' lang='grc' dir='ltr'><strong>ἐποιήσαντο.</strong></span> 
     </span>
    </p>
   </div>
   <div class='ocr_carea' id='block_1_47' title="bbox 499 2997 2079 3075">
    <p class='ocr_par' dir='ltr' id='par_1_47' title="bbox 499 2997 2079 3075">
     <span class='ocr_line' id='line_1_47' title="bbox 499 2997 2079 3075; baseline 0.005 -25"><span class='ocrx_word' id='word_1_327' title='bbox 499 2997 612 3068; x_wconf 85' lang='grc' dir='ltr'><strong>Τὴν</strong></span> <span class='ocrx_word' id='word_1_328' title='bbox 648 2997 942 3069; x_wconf 81' lang='grc' dir='ltr'><strong>’Δρμενίαν</strong></span> <span class='ocrx_word' id='word_1_329' title='bbox 971 2998 1049 3067; x_wconf 88' lang='grc' dir='ltr'><strong>δέ,</strong></span> <span class='ocrx_word' id='word_1_330' title='bbox 1083 3000 1178 3054; x_wconf 77' lang='grc' dir='ltr'><strong>καὶ</strong></span> <span class='ocrx_word' id='word_1_331' title='bbox 1210 3002 1634 3071; x_wconf 87' lang='grc' dir='ltr'><strong>Καππαδοκίαν,</strong></span> <span class='ocrx_word' id='word_1_332' title='bbox 1681 3021 1777 3057; x_wconf 87' lang='grc' dir='ltr'><strong>και</strong></span> <span class='ocrx_word' id='word_1_333' title='bbox 1813 3004 1914 3075; x_wconf 83' lang='grc' dir='ltr'><strong>τὴν</strong></span> <span class='ocrx_word' id='word_1_334' title='bbox 1964 3005 2079 3058; x_wconf 88' lang='grc' dir='ltr'><strong>Πα-</strong></span> 
     </span>
    </p>
   </div>
   <div class='ocr_carea' id='block_1_48' title="bbox 501 3085 2076 3164">
    <p class='ocr_par' dir='ltr' id='par_1_48' title="bbox 501 3085 2076 3164">
     <span class='ocr_line' id='line_1_48' title="bbox 501 3085 2076 3164; baseline 0.004 -24"><span class='ocrx_word' id='word_1_335' title='bbox 501 3085 832 3156; x_wconf 78' lang='grc' dir='ltr'><strong>φλαγονίαν,</strong></span> <span class='ocrx_word' id='word_1_336' title='bbox 879 3089 976 3144; x_wconf 77' lang='grc' dir='ltr'><strong>καὶ</strong></span> <span class='ocrx_word' id='word_1_337' title='bbox 1021 3089 1298 3145; x_wconf 83' lang='grc' dir='ltr'><strong>Γαλατίαν</strong></span> <span class='ocrx_word' id='word_1_338' title='bbox 1347 3091 1727 3163; x_wconf 86' lang='grc' dir='ltr'><strong>κατέδραμον,</strong></span> <span class='ocrx_word' id='word_1_339' title='bbox 1772 3092 1868 3146; x_wconf 75' lang='grc' dir='ltr'><strong>καὶ</strong></span> <span class='ocrx_word' id='word_1_340' title='bbox 1913 3093 2076 3164; x_wconf 86' lang='grc' dir='ltr'><strong>μέχρι</strong></span> 
     </span>
    </p>
   </div>
   <div class='ocr_carea' id='block_1_49' title="bbox 2183 1986 3763 2059">
    <p class='ocr_par' dir='ltr' id='par_1_49' title="bbox 2183 1986 3763 2059">
     <span class='ocr_line' id='line_1_49' title="bbox 2183 1986 3763 2059; baseline -0.003 -14"><span class='ocrx_word' id='word_1_341' title='bbox 2183 1990 2386 2045; x_wconf 84' lang='lat' dir='ltr'><strong>Multos</strong></span> <span class='ocrx_word' id='word_1_342' title='bbox 2415 1995 2685 2059; x_wconf 58' lang='lat' dir='ltr'><strong>praeterea</strong></span> <span class='ocrx_word' id='word_1_343' title='bbox 2713 1988 2941 2043; x_wconf 92' lang='lat' dir='ltr'><strong>sustulit</strong></span> <span class='ocrx_word' id='word_1_344' title='bbox 2961 1987 3194 2052; x_wconf 87' lang='lat' dir='ltr'><strong>Phocas,</strong></span> <span class='ocrx_word' id='word_1_345' title='bbox 3227 1997 3285 2043; x_wconf 88' lang='lat' dir='ltr'><strong>et</strong></span> <span class='ocrx_word' id='word_1_346' title='bbox 3317 1988 3453 2043; x_wconf 91' lang='lat' dir='ltr'><strong>diris</strong></span> <span class='ocrx_word' id='word_1_347' title='bbox 3476 1986 3763 2056; x_wconf 88' lang='lat' dir='ltr'><strong>suppliciis</strong></span> 
     </span>
    </p>
   </div>
   <div class='ocr_carea' id='block_1_50' title="bbox 2180 2077 3768 2151">
    <p class='ocr_par' dir='ltr' id='par_1_50' title="bbox 2180 2077 3768 2151">
     <span class='ocr_line' id='line_1_50' title="bbox 2180 2077 3768 2151; baseline -0.003 -16"><span class='ocrx_word' id='word_1_348' title='bbox 2180 2079 2385 2135; x_wconf 75' lang='lat' dir='ltr'><strong>affecit.</strong></span> <span class='ocrx_word' id='word_1_349' title='bbox 2409 2079 2640 2151; x_wconf 89' lang='lat' dir='ltr'><strong>Cyriaco</strong></span> <span class='ocrx_word' id='word_1_350' title='bbox 2658 2077 2996 2150; x_wconf 73' lang='lat' dir='ltr'><strong>[atriarcha,</strong></span> <span class='ocrx_word' id='word_1_351' title='bbox 3016 2078 3307 2132; x_wconf 90' lang='lat' dir='ltr'><strong>undecimo</strong></span> <span class='ocrx_word' id='word_1_352' title='bbox 3329 2093 3357 2132; x_wconf 88' lang='lat' dir='ltr'><strong>a</strong></span> <span class='ocrx_word' id='word_1_353' title='bbox 3385 2077 3768 2147; x_wconf 82' lang='lat' dir='ltr'><strong>designatione</strong></span> 
     </span>
    </p>
   </div>
   <div class='ocr_carea' id='block_1_51' title="bbox 2180 2167 3764 2241">
    <p class='ocr_par' dir='ltr' id='par_1_51' title="bbox 2180 2167 3764 2241">
     <span class='ocr_line' id='line_1_51' title="bbox 2180 2167 3764 2241; baseline -0.004 -15"><span class='ocrx_word' id='word_1_354' title='bbox 2180 2187 2328 2226; x_wconf 87' lang='lat' dir='ltr'><strong>anno</strong></span> <span class='ocrx_word' id='word_1_355' title='bbox 2366 2180 2608 2234; x_wconf 90' lang='lat' dir='ltr'><strong>mortuo,</strong></span> <span class='ocrx_word' id='word_1_356' title='bbox 2640 2168 2955 2241; x_wconf 87' lang='lat' dir='ltr'><strong>patriarcha</strong></span> <span class='ocrx_word' id='word_1_357' title='bbox 2994 2167 3172 2226; x_wconf 89' lang='lat' dir='ltr'><strong>factus</strong></span> <span class='ocrx_word' id='word_1_358' title='bbox 3197 2181 3282 2225; x_wconf 85' lang='lat' dir='ltr'><strong>est</strong></span> <span class='ocrx_word' id='word_1_359' title='bbox 3307 2169 3546 2224; x_wconf 89' lang='lat' dir='ltr'><strong>Thomas</strong></span> <span class='ocrx_word' id='word_1_360' title='bbox 3577 2167 3764 2222; x_wconf 82' lang='lat' dir='ltr'><strong>sacci--</strong></span> 
     </span>
    </p>
   </div>
   <div class='ocr_carea' id='block_1_52' title="bbox 2177 2261 3767 2335">
    <p class='ocr_par' dir='ltr' id='par_1_52' title="bbox 2177 2261 3767 2335">
     <span class='ocr_line' id='line_1_52' title="bbox 2177 2261 3767 2335; baseline -0.004 -16"><span class='ocrx_word' id='word_1_361' title='bbox 2177 2264 2372 2330; x_wconf 87' lang='lat' dir='ltr'><strong>larius,</strong></span> <span class='ocrx_word' id='word_1_362' title='bbox 2419 2263 2626 2335; x_wconf 68' lang='lat' dir='ltr'><strong>Magnae</strong></span> <span class='ocrx_word' id='word_1_363' title='bbox 2672 2263 2921 2321; x_wconf 79' lang='lat' dir='ltr'><strong>ecclesiae</strong></span> <span class='ocrx_word' id='word_1_364' title='bbox 2976 2263 3264 2318; x_wconf 88' lang='lat' dir='ltr'><strong>diaconus.</strong></span> <span class='ocrx_word' id='word_1_365' title='bbox 3337 2261 3418 2315; x_wconf 89' lang='lat' dir='ltr'><strong>Eo</strong></span> <span class='ocrx_word' id='word_1_366' title='bbox 3488 2268 3767 2328; x_wconf 72' lang='lat' dir='ltr'><strong>tempore,</strong></span> 
     </span>
    </p>
   </div>
   <div class='ocr_carea' id='block_1_53' title="bbox 2179 2349 3762 2424">
    <p class='ocr_par' dir='ltr' id='par_1_53' title="bbox 2179 2349 3762 2424">
     <span class='ocr_line' id='line_1_53' title="bbox 2179 2349 3762 2424; baseline -0.003 -14"><span class='ocrx_word' id='word_1_367' title='bbox 2179 2356 2354 2412; x_wconf 87' lang='lat' dir='ltr'><strong>variis</strong></span> <span class='ocrx_word' id='word_1_368' title='bbox 2376 2355 2536 2412; x_wconf 89' lang='lat' dir='ltr'><strong>malis</strong></span> <span class='ocrx_word' id='word_1_369' title='bbox 2562 2355 2799 2411; x_wconf 85' lang='lat' dir='ltr'><strong>Romani</strong></span> <span class='ocrx_word' id='word_1_370' title='bbox 2830 2363 2960 2410; x_wconf 85' lang='lat' dir='ltr'><strong>sunt</strong></span> <span class='ocrx_word' id='word_1_371' title='bbox 2980 2353 3253 2424; x_wconf 87' lang='lat' dir='ltr'><strong>oppressi.</strong></span> <span class='ocrx_word' id='word_1_372' title='bbox 3287 2352 3423 2407; x_wconf 86' lang='lat' dir='ltr'><strong>Nam</strong></span> <span class='ocrx_word' id='word_1_373' title='bbox 3454 2351 3510 2405; x_wconf 90' lang='lat' dir='ltr'><strong>in</strong></span> <span class='ocrx_word' id='word_1_374' title='bbox 3538 2349 3762 2406; x_wconf 79' lang='lat' dir='ltr'><strong>Oriente</strong></span> 
     </span>
    </p>
   </div>
   <div class='ocr_carea' id='block_1_54' title="bbox 2179 2443 3766 2519">
    <p class='ocr_par' dir='ltr' id='par_1_54' title="bbox 2179 2443 3766 2519">
     <span class='ocr_line' id='line_1_54' title="bbox 2179 2443 3766 2519; baseline -0.006 -13"><span class='ocrx_word' id='word_1_375' title='bbox 2179 2449 2383 2514; x_wconf 87' lang='lat' dir='ltr'><strong>Persae,</strong></span> <span class='ocrx_word' id='word_1_376' title='bbox 2414 2447 2651 2519; x_wconf 87' lang='lat' dir='ltr'><strong>Syriam,</strong></span> <span class='ocrx_word' id='word_1_377' title='bbox 2678 2447 3025 2502; x_wconf 58' lang='lat' dir='ltr'><strong>Palaestinam</strong></span> <span class='ocrx_word' id='word_1_378' title='bbox 3061 2454 3117 2500; x_wconf 90' lang='lat' dir='ltr'><strong>et</strong></span> <span class='ocrx_word' id='word_1_379' title='bbox 3147 2443 3487 2499; x_wconf 81' lang='lat' dir='ltr'><strong>Phoeniciam</strong></span> <span class='ocrx_word' id='word_1_380' title='bbox 3526 2443 3766 2511; x_wconf 89' lang='lat' dir='ltr'><strong>subege-</strong></span> 
     </span>
    </p>
   </div>
   <div class='ocr_carea' id='block_1_55' title="bbox 2180 2533 3764 2608">
    <p class='ocr_par' dir='ltr' id='par_1_55' title="bbox 2180 2533 3764 2608">
     <span class='ocr_line' id='line_1_55' title="bbox 2180 2533 3764 2608; baseline -0.008 -12"><span class='ocrx_word' id='word_1_381' title='bbox 2180 2551 2349 2597; x_wconf 86' lang='lat' dir='ltr'><strong>runt:</strong></span> <span class='ocrx_word' id='word_1_382' title='bbox 2384 2540 2440 2594; x_wconf 90' lang='lat' dir='ltr'><strong>in</strong></span> <span class='ocrx_word' id='word_1_383' title='bbox 2469 2539 2810 2602; x_wconf 86' lang='lat' dir='ltr'><strong>Armeniam,</strong></span> <span class='ocrx_word' id='word_1_384' title='bbox 2854 2536 3278 2608; x_wconf 81' lang='lat' dir='ltr'><strong>Cappadociam,</strong></span> <span class='ocrx_word' id='word_1_385' title='bbox 3330 2533 3764 2603; x_wconf 81' lang='lat' dir='ltr'><strong>Paphlagoniam</strong></span> 
     </span>
    </p>
   </div>
   <div class='ocr_carea' id='block_1_56' title="bbox 2181 2619 3759 2691">
    <p class='ocr_par' dir='ltr' id='par_1_56' title="bbox 2181 2619 3759 2691">
     <span class='ocr_line' id='line_1_56' title="bbox 2181 2619 3759 2691; baseline -0.011 -3"><span class='ocrx_word' id='word_1_386' title='bbox 2181 2641 2240 2689; x_wconf 90' lang='lat' dir='ltr'><strong>et</strong></span> <span class='ocrx_word' id='word_1_387' title='bbox 2284 2630 2554 2687; x_wconf 87' lang='lat' dir='ltr'><strong>Galatiam</strong></span> <span class='ocrx_word' id='word_1_388' title='bbox 2617 2627 2969 2683; x_wconf 87' lang='lat' dir='ltr'><strong>incursiones</strong></span> <span class='ocrx_word' id='word_1_389' title='bbox 3032 2626 3306 2686; x_wconf 89' lang='lat' dir='ltr'><strong>fecerunt,</strong></span> <span class='ocrx_word' id='word_1_390' title='bbox 3379 2619 3759 2691; x_wconf 87' lang='lat' dir='ltr'><strong>p0pulabundi</strong></span> 
     </span>
    </p>
   </div>
   <div class='ocr_carea' id='block_1_57' title="bbox 2179 2711 3762 2790">
    <p class='ocr_par' dir='ltr' id='par_1_57' title="bbox 2179 2711 3762 2790">
     <span class='ocr_line' id='line_1_57' title="bbox 2179 2711 3762 2790; baseline -0.01 -9"><span class='ocrx_word' id='word_1_391' title='bbox 2179 2724 2586 2782; x_wconf 88' lang='lat' dir='ltr'><strong>Cbalcedonem</strong></span> <span class='ocrx_word' id='word_1_392' title='bbox 2612 2735 2788 2790; x_wconf 89' lang='lat' dir='ltr'><strong>usque</strong></span> <span class='ocrx_word' id='word_1_393' title='bbox 2818 2717 3115 2789; x_wconf 78' lang='lat' dir='ltr'><strong>progressi.</strong></span> <span class='ocrx_word' id='word_1_394' title='bbox 3165 2715 3223 2769; x_wconf 92' lang='lat' dir='ltr'><strong>In</strong></span> <span class='ocrx_word' id='word_1_395' title='bbox 3263 2715 3505 2782; x_wconf 84' lang='lat' dir='ltr'><strong>Europa,</strong></span> <span class='ocrx_word' id='word_1_396' title='bbox 3555 2711 3762 2765; x_wconf 85' lang='lat' dir='ltr'><strong>Avares</strong></span> 
     </span>
    </p>
   </div>
   <div class='ocr_carea' id='block_1_58' title="bbox 2181 2799 3767 2874">
    <p class='ocr_par' dir='ltr' id='par_1_58' title="bbox 2181 2799 3767 2874">
     <span class='ocr_line' id='line_1_58' title="bbox 2181 2799 3767 2874; baseline -0.012 -3"><span class='ocrx_word' id='word_1_397' title='bbox 2181 2815 2472 2870; x_wconf 89' lang='lat' dir='ltr'><strong>Thraciam</strong></span> <span class='ocrx_word' id='word_1_398' title='bbox 2539 2816 2867 2873; x_wconf 72' lang='lat' dir='ltr'><strong>vastarunt,</strong></span> <span class='ocrx_word' id='word_1_399' title='bbox 2955 2808 3330 2874; x_wconf 78' lang='lat' dir='ltr'><strong>Romanaeque</strong></span> <span class='ocrx_word' id='word_1_400' title='bbox 3395 2801 3637 2872; x_wconf 87' lang='lat' dir='ltr'><strong>legiones</strong></span> <span class='ocrx_word' id='word_1_401' title='bbox 3702 2799 3767 2852; x_wconf 75' lang='lat' dir='ltr'><strong>in</strong></span> 
     </span>
    </p>
   </div>
   <div class='ocr_carea' id='block_1_59' title="bbox 2181 2889 3764 2976">
    <p class='ocr_par' dir='ltr' id='par_1_59' title="bbox 2181 2889 3764 2976">
     <span class='ocr_line' id='line_1_59' title="bbox 2181 2889 3764 2976; baseline -0.013 -12"><span class='ocrx_word' id='word_1_402' title='bbox 2181 2907 2450 2964; x_wconf 86' lang='lat' dir='ltr'><strong>ambabus</strong></span> <span class='ocrx_word' id='word_1_403' title='bbox 2476 2905 2726 2976; x_wconf 89' lang='lat' dir='ltr'><strong>partibus</strong></span> <span class='ocrx_word' id='word_1_404' title='bbox 2771 2901 3078 2973; x_wconf 88' lang='lat' dir='ltr'><strong>perierunt.</strong></span> <span class='ocrx_word' id='word_1_405' title='bbox 3133 2894 3454 2966; x_wconf 84' lang='lat' dir='ltr'><strong>Absumpsit</strong></span> <span class='ocrx_word' id='word_1_406' title='bbox 3494 2899 3550 2948; x_wconf 91' lang='lat' dir='ltr'><strong>et</strong></span> <span class='ocrx_word' id='word_1_407' title='bbox 3589 2889 3764 2961; x_wconf 81' lang='lat' dir='ltr'><strong>pesti-</strong></span> 
     </span>
    </p>
   </div>
   <div class='ocr_carea' id='block_1_60' title="bbox 2179 2988 3761 3062">
    <p class='ocr_par' dir='ltr' id='par_1_60' title="bbox 2179 2988 3761 3062">
     <span class='ocr_line' id='line_1_60' title="bbox 2179 2988 3761 3062; baseline -0.015 -4"><span class='ocrx_word' id='word_1_408' title='bbox 2179 3002 2350 3058; x_wconf 88' lang='lat' dir='ltr'><strong>lentia</strong></span> <span class='ocrx_word' id='word_1_409' title='bbox 2404 2999 2610 3056; x_wconf 87' lang='lat' dir='ltr'><strong>multos</strong></span> <span class='ocrx_word' id='word_1_410' title='bbox 2673 2995 2960 3059; x_wconf 89' lang='lat' dir='ltr'><strong>mortales,</strong></span> <span class='ocrx_word' id='word_1_411' title='bbox 3029 2988 3478 3062; x_wconf 77' lang='lat' dir='ltr'><strong>gravissimeque</strong></span> <span class='ocrx_word' id='word_1_412' title='bbox 3547 2993 3761 3052; x_wconf 83' lang='lat' dir='ltr'><strong>tempe-</strong></span> 
     </span>
    </p>
   </div>
   <div class='ocr_carea' id='block_1_61' title="bbox 2180 3075 3759 3162">
    <p class='ocr_par' dir='ltr' id='par_1_61' title="bbox 2180 3075 3759 3162">
     <span class='ocr_line' id='line_1_61' title="bbox 2180 3075 3759 3162; baseline -0.013 -12"><span class='ocrx_word' id='word_1_413' title='bbox 2180 3103 2351 3150; x_wconf 84' lang='lat' dir='ltr'><strong>states</strong></span> <span class='ocrx_word' id='word_1_414' title='bbox 2375 3101 2432 3148; x_wconf 88' lang='lat' dir='ltr'><strong>et</strong></span> <span class='ocrx_word' id='word_1_415' title='bbox 2458 3092 2675 3162; x_wconf 80' lang='lat' dir='ltr'><strong>frugum</strong></span> <span class='ocrx_word' id='word_1_416' title='bbox 2698 3098 2754 3144; x_wconf 90' lang='lat' dir='ltr'><strong>et</strong></span> <span class='ocrx_word' id='word_1_417' title='bbox 2773 3085 3093 3143; x_wconf 90' lang='lat' dir='ltr'><strong>animalium</strong></span> <span class='ocrx_word' id='word_1_418' title='bbox 3122 3081 3405 3138; x_wconf 89' lang='lat' dir='ltr'><strong>interitum</strong></span> <span class='ocrx_word' id='word_1_419' title='bbox 3429 3075 3759 3132; x_wconf 82' lang='lat' dir='ltr'><strong>attulerunt.</strong></span> 
     </span>
    </p>
   </div>
   <div class='ocr_carea' id='block_1_62' title="bbox 500 3167 2076 3268">
    <p class='ocr_par' dir='ltr' id='par_1_62' title="bbox 500 3180 2076 3255">
     <span class='ocr_line' id='line_1_62' title="bbox 500 3180 2076 3255; baseline 0.003 -21"><span class='ocrx_word' id='word_1_420' title='bbox 500 3180 844 3249; x_wconf 85' lang='grc' dir='ltr'><strong>Χαλκηδόνος</strong></span> <span class='ocrx_word' id='word_1_421' title='bbox 875 3180 1240 3251; x_wconf 83' lang='grc' dir='ltr'><strong>προήλθοσαν,</strong></span> <span class='ocrx_word' id='word_1_422' title='bbox 1284 3182 1501 3238; x_wconf 74' lang='grc' dir='ltr'><strong>ἅπαντα</strong></span> <span class='ocrx_word' id='word_1_423' title='bbox 1529 3183 1862 3255; x_wconf 80' lang='grc' dir='ltr'><strong>ληϊζόμενοι.</strong></span> <span class='ocrx_word' id='word_1_424' title='bbox 1907 3186 1996 3238; x_wconf 91' lang='grc' dir='ltr'>Ἐν</span> <span class='ocrx_word' id='word_1_425' title='bbox 2021 3185 2076 3238; x_wconf 84' lang='grc' dir='ltr'><strong>δὲ</strong></span> 
     </span>
    </p>
   </div>
   <div class='ocr_carea' id='block_1_63' title="bbox 2179 3167 3758 3268">
    <p class='ocr_par' dir='ltr' id='par_1_63' title="bbox 2181 3167 3758 3257">
     <span class='ocr_line' id='line_1_63' title="bbox 2181 3167 3758 3257; baseline -0.015 -15"><span class='ocrx_word' id='word_1_426' title='bbox 2181 3185 2364 3257; x_wconf 88' lang='lat' dir='ltr'><strong>Super</strong></span> <span class='ocrx_word' id='word_1_427' title='bbox 2405 3185 2522 3240; x_wconf 70' lang='lat' dir='ltr'><strong>haec</strong></span> <span class='ocrx_word' id='word_1_428' title='bbox 2551 3181 2735 3238; x_wconf 89' lang='lat' dir='ltr'><strong>omnia</strong></span> <span class='ocrx_word' id='word_1_429' title='bbox 2783 3179 2955 3250; x_wconf 90' lang='lat' dir='ltr'><strong>pestis</strong></span> <span class='ocrx_word' id='word_1_430' title='bbox 3002 3173 3229 3230; x_wconf 89' lang='lat' dir='ltr'><strong>humani</strong></span> <span class='ocrx_word' id='word_1_431' title='bbox 3263 3169 3482 3243; x_wconf 84' lang='lat' dir='ltr'><strong>generis</strong></span> <span class='ocrx_word' id='word_1_432' title='bbox 3524 3167 3758 3224; x_wconf 87' lang='lat' dir='ltr'><strong>Phocas.</strong></span> 
     </span>
    </p>
   </div>
   <div class='ocr_carea' id='block_1_64' title="bbox 497 3273 2076 3349">
    <p class='ocr_par' dir='ltr' id='par_1_64' title="bbox 497 3273 2076 3349">
     <span class='ocr_line' id='line_1_64' title="bbox 497 3273 2076 3349; baseline 0.002 -23"><span class='ocrx_word' id='word_1_433' title='bbox 497 3274 563 3343; x_wconf 76' lang='grc' dir='ltr'><strong>τῇ</strong></span> <span class='ocrx_word' id='word_1_434' title='bbox 595 3273 833 3346; x_wconf 77' lang='grc' dir='ltr'><strong>Εὐρώπῃ</strong></span> <span class='ocrx_word' id='word_1_435' title='bbox 861 3273 1108 3346; x_wconf 77' lang='grc' dir='ltr'><strong>Ἀσαρες</strong></span> <span class='ocrx_word' id='word_1_436' title='bbox 1134 3273 1250 3346; x_wconf 78' lang='grc'><strong>(81)</strong></span> <span class='ocrx_word' id='word_1_437' title='bbox 1281 3275 1382 3345; x_wconf 83' lang='grc' dir='ltr'><strong>τὴν</strong></span> <span class='ocrx_word' id='word_1_438' title='bbox 1411 3275 1635 3348; x_wconf 82' lang='grc' dir='ltr'><strong>Θρᾴκην</strong></span> <span class='ocrx_word' id='word_1_439' title='bbox 1671 3277 1944 3349; x_wconf 77' lang='grc' dir='ltr'><strong>ἐδῄωσαν,</strong></span> <span class='ocrx_word' id='word_1_440' title='bbox 1975 3278 2076 3330; x_wconf 78' lang='grc' dir='ltr'><strong>καὶ</strong></span> 
     </span>
    </p>
   </div>
   <div class='ocr_carea' id='block_1_65' title="bbox 495 3359 2076 3435">
    <p class='ocr_par' dir='ltr' id='par_1_65' title="bbox 495 3359 2076 3435">
     <span class='ocr_line' id='line_1_65' title="bbox 495 3359 2076 3435; baseline 0.001 -19"><span class='ocrx_word' id='word_1_441' title='bbox 495 3363 568 3416; x_wconf 72' lang='grc' dir='ltr'><strong>τὰ</strong></span> <span class='ocrx_word' id='word_1_442' title='bbox 627 3362 914 3430; x_wconf 81' lang='grc' dir='ltr'><strong>Ῥωμαϊκὰ</strong></span> <span class='ocrx_word' id='word_1_443' title='bbox 966 3362 1313 3434; x_wconf 86' lang='grc' dir='ltr'><strong>στρατόπεδα</strong></span> <span class='ocrx_word' id='word_1_444' title='bbox 1358 3362 1395 3418; x_wconf 77' lang='grc' dir='ltr'>ἃ</span> <span class='ocrx_word' id='word_1_445' title='bbox 1450 3365 1509 3416; x_wconf 87' lang='grc' dir='ltr'><strong>ἐν</strong></span> <span class='ocrx_word' id='word_1_446' title='bbox 1553 3365 1888 3435; x_wconf 82' lang='grc' dir='ltr'><strong>ἀμφοτέροις</strong></span> <span class='ocrx_word' id='word_1_447' title='bbox 1933 3359 2076 3435; x_wconf 83' lang='grc' dir='ltr'><strong>ἦσαν</strong></span> 
     </span>
    </p>
   </div>
   <div class='ocr_carea' id='block_1_66' title="bbox 495 3451 2078 3524">
    <p class='ocr_par' dir='ltr' id='par_1_66' title="bbox 495 3451 2078 3524">
     <span class='ocr_line' id='line_1_66' title="bbox 495 3451 2078 3524; baseline 0.001 -18"><span class='ocrx_word' id='word_1_448' title='bbox 495 3453 608 3516; x_wconf 85' lang='grc' dir='ltr'><strong>τοῖς</strong></span> <span class='ocrx_word' id='word_1_449' title='bbox 630 3454 907 3523; x_wconf 79' lang='grc' dir='ltr'><strong>τμήμασι,</strong></span> <span class='ocrx_word' id='word_1_450' title='bbox 935 3451 1328 3524; x_wconf 84' lang='grc' dir='ltr'><strong>διεφθάρησαν,</strong></span> <span class='ocrx_word' id='word_1_451' title='bbox 1363 3451 1462 3506; x_wconf 73' lang='grc' dir='ltr'><strong>καὶ</strong></span> <span class='ocrx_word' id='word_1_452' title='bbox 1489 3451 1663 3518; x_wconf 84' lang='grc' dir='ltr'><strong>άλλως</strong></span> <span class='ocrx_word' id='word_1_453' title='bbox 1686 3453 1744 3507; x_wconf 82' lang='grc' dir='ltr'><strong>δὲ</strong></span> <span class='ocrx_word' id='word_1_454' title='bbox 1766 3452 1938 3524; x_wconf 84' lang='grc' dir='ltr'><strong>πολλὴ</strong></span> <span class='ocrx_word' id='word_1_455' title='bbox 1965 3454 2078 3508; x_wconf 84' lang='grc' dir='ltr'><strong>τῶν</strong></span> 
     </span>
    </p>
   </div>
   <div class='ocr_carea' id='block_1_67' title="bbox 497 3542 2078 3618">
    <p class='ocr_par' dir='ltr' id='par_1_67' title="bbox 497 3542 2078 3618">
     <span class='ocr_line' id='line_1_67' title="bbox 497 3542 2078 3618; baseline 0.002 -20"><span class='ocrx_word' id='word_1_456' title='bbox 497 3542 804 3616; x_wconf 66' lang='grc' dir='ltr'><strong>ἀνθρώπων</strong></span> <span class='ocrx_word' id='word_1_457' title='bbox 851 3544 1042 3614; x_wconf 85' lang='grc' dir='ltr'><strong>θνῆσις</strong></span> <span class='ocrx_word' id='word_1_458' title='bbox 1082 3545 1321 3614; x_wconf 86' lang='grc' dir='ltr'><strong>ἐγένετο,</strong></span> <span class='ocrx_word' id='word_1_459' title='bbox 1352 3546 1446 3600; x_wconf 79' lang='grc' dir='ltr'><strong>καὶ</strong></span> <span class='ocrx_word' id='word_1_460' title='bbox 1477 3546 1680 3618; x_wconf 83' lang='grc' dir='ltr'>ἀφορία</span> <span class='ocrx_word' id='word_1_461' title='bbox 1703 3546 1955 3618; x_wconf 88' lang='grc' dir='ltr'><strong>καρπῶν,</strong></span> <span class='ocrx_word' id='word_1_462' title='bbox 1981 3547 2078 3601; x_wconf 73' lang='grc' dir='ltr'><strong>καὶ</strong></span> 
     </span>
    </p>
   </div>
   <div class='ocr_carea' id='block_1_68' title="bbox 497 3635 2078 3709">
    <p class='ocr_par' dir='ltr' id='par_1_68' title="bbox 497 3635 2078 3709">
     <span class='ocr_line' id='line_1_68' title="bbox 497 3635 2078 3709; baseline 0.002 -17"><span class='ocrx_word' id='word_1_463' title='bbox 497 3636 653 3703; x_wconf 77' lang='grc' dir='ltr'><strong>ζώων</strong></span> <span class='ocrx_word' id='word_1_464' title='bbox 686 3635 862 3708; x_wconf 79' lang='grc' dir='ltr'>φθορὰ</span> <span class='ocrx_word' id='word_1_465' title='bbox 887 3637 953 3690; x_wconf 90' lang='grc' dir='ltr'><strong>ἐκ</strong></span> <span class='ocrx_word' id='word_1_466' title='bbox 989 3637 1312 3709; x_wconf 83' lang='grc' dir='ltr'><strong>βαρυτάτων</strong></span> <span class='ocrx_word' id='word_1_467' title='bbox 1336 3638 1648 3708; x_wconf 87' lang='grc' dir='ltr'><strong>χειμώνων.</strong></span> <span class='ocrx_word' id='word_1_468' title='bbox 1675 3639 1802 3693; x_wconf 76' lang='grc' dir='ltr'><strong>Ἐπὶ</strong></span> <span class='ocrx_word' id='word_1_469' title='bbox 1826 3641 1961 3694; x_wconf 84' lang='grc' dir='ltr'><strong>πᾶσι</strong></span> <span class='ocrx_word' id='word_1_470' title='bbox 1984 3644 2078 3695; x_wconf 73' lang='grc' dir='ltr'><strong>καὶ</strong></span> 
     </span>
    </p>
   </div>
   <div class='ocr_carea' id='block_1_69' title="bbox 496 3729 2079 3808">
    <p class='ocr_par' dir='ltr' id='par_1_69' title="bbox 496 3729 2079 3808">
     <span class='ocr_line' id='line_1_69' title="bbox 496 3729 2079 3808; baseline 0.003 -24"><span class='ocrx_word' id='word_1_471' title='bbox 496 3729 530 3784; x_wconf 80' lang='lat'><strong>6</strong></span> <span class='ocrx_word' id='word_1_472' title='bbox 551 3731 805 3803; x_wconf 79' lang='grc' dir='ltr'><strong>ἀλάστωρ</strong></span> <span class='ocrx_word' id='word_1_473' title='bbox 844 3733 1040 3795; x_wconf 82' lang='grc' dir='ltr'><strong>Φωκᾶς</strong></span> <span class='ocrx_word' id='word_1_474' title='bbox 1063 3733 1121 3786; x_wconf 89' lang='grc' dir='ltr'><strong>ἐν</strong></span> <span class='ocrx_word' id='word_1_475' title='bbox 1148 3735 1329 3788; x_wconf 76' lang='grc' dir='ltr'><strong>ἵππων</strong></span> <span class='ocrx_word' id='word_1_476' title='bbox 1357 3735 1565 3808; x_wconf 81' lang='grc' dir='ltr'><strong>ἁμίλλῃ</strong></span> <span class='ocrx_word' id='word_1_477' title='bbox 1583 3735 1692 3789; x_wconf 86' lang='grc' dir='ltr'><strong>τῶν</strong></span> <span class='ocrx_word' id='word_1_478' title='bbox 1723 3735 1912 3806; x_wconf 84' lang='grc' dir='ltr'><strong>δήμων</strong></span> <span class='ocrx_word' id='word_1_479' title='bbox 1941 3735 2079 3808; x_wconf 80' lang='grc' dir='ltr'><strong>πρὸς</strong></span> 
     </span>
    </p>
   </div>
   <div class='ocr_carea' id='block_1_70' title="bbox 496 3822 2076 3896">
    <p class='ocr_par' dir='ltr' id='par_1_70' title="bbox 496 3822 2076 3896">
     <span class='ocr_line' id='line_1_70' title="bbox 496 3822 2076 3896; baseline 0.003 -22"><span class='ocrx_word' id='word_1_480' title='bbox 496 3822 656 3874; x_wconf 82' lang='grc' dir='ltr'><strong>αὐτόν</strong></span> <span class='ocrx_word' id='word_1_481' title='bbox 685 3839 736 3876; x_wconf 90' lang='grc' dir='ltr'><strong>τι</strong></span> <span class='ocrx_word' id='word_1_482' title='bbox 759 3822 1204 3892; x_wconf 76' lang='grc' dir='ltr'><strong>άποσκωψάντων</strong></span> <span class='ocrx_word' id='word_1_483' title='bbox 1230 3825 1489 3894; x_wconf 75' lang='grc' dir='ltr'><strong>ἐκμανεὶς</strong></span> <span class='ocrx_word' id='word_1_484' title='bbox 1507 3825 1736 3888; x_wconf 82' lang='grc' dir='ltr'><strong>πολλοὺς</strong></span> <span class='ocrx_word' id='word_1_485' title='bbox 1759 3825 1858 3896; x_wconf 73' lang='grc' dir='ltr'><strong>μὲν</strong></span> <span class='ocrx_word' id='word_1_486' title='bbox 1878 3826 2076 3894; x_wconf 83' lang='grc' dir='ltr'><strong>ἀνεῖλε,</strong></span> 
     </span>
    </p>
   </div>
   <div class='ocr_carea' id='block_1_71' title="bbox 495 3915 2078 3989">
    <p class='ocr_par' dir='ltr' id='par_1_71' title="bbox 495 3915 2078 3989">
     <span class='ocr_line' id='line_1_71' title="bbox 495 3915 2078 3989; baseline 0.003 -20"><span class='ocrx_word' id='word_1_487' title='bbox 495 3915 729 3980; x_wconf 69' lang='grc' dir='ltr'><strong>πολὶοίις</strong></span> <span class='ocrx_word' id='word_1_488' title='bbox 753 3916 811 3970; x_wconf 85' lang='grc' dir='ltr'><strong>δέ</strong></span> <span class='ocrx_word' id='word_1_489' title='bbox 847 3916 1296 3987; x_wconf 74' lang='grc' dir='ltr'><strong>ἡκρωτηρίασεν,</strong></span> <span class='ocrx_word' id='word_1_490' title='bbox 1339 3917 1520 3982; x_wconf 87' lang='grc' dir='ltr'><strong>ἐνίους</strong></span> <span class='ocrx_word' id='word_1_491' title='bbox 1553 3919 1738 3989; x_wconf 84' lang='grc' dir='ltr'><strong>μέντοι</strong></span> <span class='ocrx_word' id='word_1_492' title='bbox 1769 3919 1867 3972; x_wconf 78' lang='grc' dir='ltr'><strong>καὶ</strong></span> <span class='ocrx_word' id='word_1_493' title='bbox 1909 3936 2078 3973; x_wconf 79' lang='grc' dir='ltr'><strong>κατεο</strong></span> 
     </span>
    </p>
   </div>
   <div class='ocr_carea' id='block_1_72' title="bbox 495 4011 2074 4084">
    <p class='ocr_par' dir='ltr' id='par_1_72' title="bbox 495 4011 2074 4084">
     <span class='ocr_line' id='line_1_72' title="bbox 495 4011 2074 4084; baseline 0.001 -19"><span class='ocrx_word' id='word_1_494' title='bbox 495 4011 773 4066; x_wconf 76' lang='grc' dir='ltr'><strong>πόντωσε·</strong></span> <span class='ocrx_word' id='word_1_495' title='bbox 813 4011 1100 4074; x_wconf 89' lang='grc' dir='ltr'><strong>πλείστους</strong></span> <span class='ocrx_word' id='word_1_496' title='bbox 1125 4012 1181 4065; x_wconf 78' lang='grc' dir='ltr'><strong>δὲ</strong></span> <span class='ocrx_word' id='word_1_497' title='bbox 1214 4012 1308 4065; x_wconf 63' lang='grc' dir='ltr'><strong>καὶ¹</strong></span> <span class='ocrx_word' id='word_1_498' title='bbox 1347 4012 1426 4083; x_wconf 84' lang='grc' dir='ltr'><strong>τῷ</strong></span> <span class='ocrx_word' id='word_1_499' title='bbox 1464 4013 1694 4084; x_wconf 85' lang='grc' dir='ltr'><strong>ἐπάρχῳ</strong></span> <span class='ocrx_word' id='word_1_500' title='bbox 1735 4013 2074 4083; x_wconf 85' lang='grc' dir='ltr'><strong>παρέδωκεν,</strong></span> 
     </span>
    </p>
   </div>
   <div class='ocr_carea' id='block_1_73' title="bbox 499 4102 2076 4176">
    <p class='ocr_par' dir='ltr' id='par_1_73' title="bbox 499 4102 2076 4176">
     <span class='ocr_line' id='line_1_73' title="bbox 499 4102 2076 4176; baseline 0.001 -20"><span class='ocrx_word' id='word_1_501' title='bbox 499 4104 585 4156; x_wconf 80' lang='grc' dir='ltr'><strong>ἵνα</strong></span> <span class='ocrx_word' id='word_1_502' title='bbox 609 4103 809 4176; x_wconf 82' lang='grc' dir='ltr'><strong>κολάσῃ</strong></span> <span class='ocrx_word' id='word_1_503' title='bbox 837 4105 1059 4170; x_wconf 71' lang='grc' dir='ltr'><strong>αὐτοὺς,</strong></span> <span class='ocrx_word' id='word_1_504' title='bbox 1075 4102 1122 4156; x_wconf 84' lang='grc' dir='ltr'><strong>οἳ</strong></span> <span class='ocrx_word' id='word_1_505' title='bbox 1142 4105 1198 4156; x_wconf 85' lang='grc' dir='ltr'><strong>ἐν</strong></span> <span class='ocrx_word' id='word_1_506' title='bbox 1218 4103 1297 4174; x_wconf 83' lang='grc' dir='ltr'><strong>τῷ</strong></span> <span class='ocrx_word' id='word_1_507' title='bbox 1322 4105 1636 4176; x_wconf 84' lang='grc' dir='ltr'><strong>πραιτωρίῳ</strong></span> <span class='ocrx_word' id='word_1_508' title='bbox 1653 4104 2076 4176; x_wconf 84' lang='grc' dir='ltr'><strong>καθείρχθησαν.</strong></span> 
     </span>
    </p>
   </div>
   <div class='ocr_carea' id='block_1_74' title="bbox 497 4194 2078 4267">
    <p class='ocr_par' dir='ltr' id='par_1_74' title="bbox 497 4194 2078 4267">
     <span class='ocr_line' id='line_1_74' title="bbox 497 4194 2078 4267; baseline 0.002 -19"><span class='ocrx_word' id='word_1_509' title='bbox 497 4197 562 4248; x_wconf 90' lang='grc' dir='ltr'><strong>Οί</strong></span> <span class='ocrx_word' id='word_1_510' title='bbox 592 4195 646 4248; x_wconf 81' lang='grc' dir='ltr'><strong>δὲ</strong></span> <span class='ocrx_word' id='word_1_511' title='bbox 675 4195 821 4265; x_wconf 73' lang='grc' dir='ltr'><strong>ὄχλοι</strong></span> <span class='ocrx_word' id='word_1_512' title='bbox 849 4194 984 4265; x_wconf 81' lang='grc' dir='ltr'><strong>ὁμοῦ</strong></span> <span class='ocrx_word' id='word_1_513' title='bbox 1031 4194 1342 4264; x_wconf 85' lang='grc' dir='ltr'><strong>γενόμενοι,</strong></span> <span class='ocrx_word' id='word_1_514' title='bbox 1377 4195 1690 4267; x_wconf 80' lang='grc' dir='ltr'><strong>ἐνέπρησαν</strong></span> <span class='ocrx_word' id='word_1_515' title='bbox 1734 4195 1796 4249; x_wconf 80' lang='grc' dir='ltr'><strong>τὸ</strong></span> <span class='ocrx_word' id='word_1_516' title='bbox 1833 4197 2078 4266; x_wconf 75' lang='grc' dir='ltr'><strong>πραιτώο</strong></span> 
     </span>
    </p>
   </div>
   <div class='ocr_carea' id='block_1_75' title="bbox 497 4286 2077 4358">
    <p class='ocr_par' dir='ltr' id='par_1_75' title="bbox 497 4286 2077 4358">
     <span class='ocr_line' id='line_1_75' title="bbox 497 4286 2077 4358; baseline 0.003 -20"><span class='ocrx_word' id='word_1_517' title='bbox 497 4303 638 4358; x_wconf 79' lang='grc' dir='ltr'><strong>ριον,</strong></span> <span class='ocrx_word' id='word_1_518' title='bbox 668 4287 761 4341; x_wconf 82' lang='grc' dir='ltr'><strong>καὶ</strong></span> <span class='ocrx_word' id='word_1_519' title='bbox 789 4287 837 4339; x_wconf 77' lang='lat' dir='ltr'><strong>oi</strong></span> <span class='ocrx_word' id='word_1_520' title='bbox 870 4286 1261 4356; x_wconf 80' lang='grc' dir='ltr'><strong>καθειργμένοι</strong></span> <span class='ocrx_word' id='word_1_521' title='bbox 1282 4286 1562 4356; x_wconf 82' lang='grc' dir='ltr'><strong>διέφυγον.</strong></span> <span class='ocrx_word' id='word_1_522' title='bbox 1599 4287 1841 4357; x_wconf 74' lang='grc' dir='ltr'><strong>Ἑϐραῖοι</strong></span> <span class='ocrx_word' id='word_1_523' title='bbox 1865 4287 1921 4342; x_wconf 87' lang='grc' dir='ltr'><strong>δέ</strong></span> <span class='ocrx_word' id='word_1_524' title='bbox 1945 4305 2077 4342; x_wconf 87' lang='grc' dir='ltr'><strong>στα-</strong></span> 
     </span>
    </p>
   </div>
   <div class='ocr_carea' id='block_1_76' title="bbox 497 4377 2079 4450">
    <p class='ocr_par' dir='ltr' id='par_1_76' title="bbox 497 4377 2079 4450">
     <span class='ocr_line' id='line_1_76' title="bbox 497 4377 2079 4450; baseline 0.001 -18"><span class='ocrx_word' id='word_1_525' title='bbox 497 4380 788 4442; x_wconf 78' lang='grc' dir='ltr'><strong>σιάσαντες</strong></span> <span class='ocrx_word' id='word_1_526' title='bbox 833 4377 974 4432; x_wconf 83' lang='grc' dir='ltr'><strong>κατὰ</strong></span> <span class='ocrx_word' id='word_1_527' title='bbox 1012 4379 1364 4450; x_wconf 85' lang='grc' dir='ltr'><strong>Χριστιανῶν</strong></span> <span class='ocrx_word' id='word_1_528' title='bbox 1404 4381 1463 4431; x_wconf 87' lang='grc' dir='ltr'><strong>ἐν</strong></span> <span class='ocrx_word' id='word_1_529' title='bbox 1505 4380 1836 4450; x_wconf 74' lang='grc' dir='ltr'><strong>Ἀντιοχείᾳ,</strong></span> <span class='ocrx_word' id='word_1_530' title='bbox 1867 4381 2079 4434; x_wconf 79' lang='grc' dir='ltr'><strong>ἀνεῖλον</strong></span> 
     </span>
    </p>
   </div>
   <div class='ocr_carea' id='block_1_77' title="bbox 494 4471 2077 4544">
    <p class='ocr_par' dir='ltr' id='par_1_77' title="bbox 494 4471 2077 4544">
     <span class='ocr_line' id='line_1_77' title="bbox 494 4471 2077 4544; baseline 0.001 -19"><span class='ocrx_word' id='word_1_531' title='bbox 494 4473 604 4526; x_wconf 84' lang='grc' dir='ltr'><strong>τῶν</strong></span> <span class='ocrx_word' id='word_1_532' title='bbox 645 4472 968 4542; x_wconf 85' lang='grc' dir='ltr'><strong>Ἀντιοχέων</strong></span> <span class='ocrx_word' id='word_1_533' title='bbox 998 4471 1256 4536; x_wconf 82' lang='grc' dir='ltr'><strong>πολλοὺς,</strong></span> <span class='ocrx_word' id='word_1_534' title='bbox 1294 4473 1389 4525; x_wconf 69' lang='grc' dir='ltr'><strong>καὶ</strong></span> <span class='ocrx_word' id='word_1_535' title='bbox 1419 4473 1580 4527; x_wconf 74' lang='grc' dir='ltr'><strong>αὐτὸν</strong></span> <span class='ocrx_word' id='word_1_536' title='bbox 1604 4472 1701 4527; x_wconf 76' lang='grc' dir='ltr'><strong>καὶ</strong></span> <span class='ocrx_word' id='word_1_537' title='bbox 1743 4473 1838 4526; x_wconf 86' lang='grc' dir='ltr'><strong>τὸν</strong></span> <span class='ocrx_word' id='word_1_538' title='bbox 1879 4490 2077 4544; x_wconf 83' lang='grc' dir='ltr'><strong>πατρι-</strong></span> 
     </span>
    </p>
   </div>
   <div class='ocr_carea' id='block_1_78' title="bbox 2181 3263 3762 3347">
    <p class='ocr_par' dir='ltr' id='par_1_78' title="bbox 2181 3263 3762 3347">
     <span class='ocr_line' id='line_1_78' title="bbox 2181 3263 3762 3347; baseline -0.015 -11"><span class='ocrx_word' id='word_1_539' title='bbox 2181 3295 2310 3336; x_wconf 88' lang='lat' dir='ltr'><strong>cum</strong></span> <span class='ocrx_word' id='word_1_540' title='bbox 2341 3278 2528 3334; x_wconf 88' lang='lat' dir='ltr'><strong>nescio</strong></span> <span class='ocrx_word' id='word_1_541' title='bbox 2550 3276 2681 3347; x_wconf 90' lang='lat' dir='ltr'><strong>quid</strong></span> <span class='ocrx_word' id='word_1_542' title='bbox 2715 3273 2982 3329; x_wconf 80' lang='lat' dir='ltr'><strong>factiones</strong></span> <span class='ocrx_word' id='word_1_543' title='bbox 3005 3270 3064 3324; x_wconf 91' lang='lat' dir='ltr'><strong>in</strong></span> <span class='ocrx_word' id='word_1_544' title='bbox 3091 3283 3218 3324; x_wconf 90' lang='lat' dir='ltr'><strong>eum</strong></span> <span class='ocrx_word' id='word_1_545' title='bbox 3248 3263 3516 3322; x_wconf 68' lang='lat' dir='ltr'><strong>cavillatae</strong></span> <span class='ocrx_word' id='word_1_546' title='bbox 3548 3268 3762 3324; x_wconf 84' lang='lat' dir='ltr'><strong>essent,</strong></span> 
     </span>
    </p>
   </div>
   <div class='ocr_carea' id='block_1_79' title="bbox 2178 3351 3762 3441">
    <p class='ocr_par' dir='ltr' id='par_1_79' title="bbox 2178 3351 3762 3441">
     <span class='ocr_line' id='line_1_79' title="bbox 2178 3351 3762 3441; baseline -0.015 -12"><span class='ocrx_word' id='word_1_547' title='bbox 2178 3376 2370 3430; x_wconf 83' lang='lat' dir='ltr'><strong>furore</strong></span> <span class='ocrx_word' id='word_1_548' title='bbox 2413 3370 2660 3441; x_wconf 89' lang='lat' dir='ltr'><strong>percitus</strong></span> <span class='ocrx_word' id='word_1_549' title='bbox 2691 3366 2899 3421; x_wconf 90' lang='lat' dir='ltr'><strong>multos</strong></span> <span class='ocrx_word' id='word_1_550' title='bbox 2939 3351 3171 3428; x_wconf 90' lang='lat' dir='ltr'><strong>occidit,</strong></span> <span class='ocrx_word' id='word_1_551' title='bbox 3221 3358 3428 3415; x_wconf 90' lang='lat' dir='ltr'><strong>multos</strong></span> <span class='ocrx_word' id='word_1_552' title='bbox 3459 3353 3762 3415; x_wconf 85' lang='lat' dir='ltr'><strong>truncavit,</strong></span> 
     </span>
    </p>
   </div>
   <div class='ocr_carea' id='block_1_80' title="bbox 2179 3447 3761 3522">
    <p class='ocr_par' dir='ltr' id='par_1_80' title="bbox 2179 3447 3761 3522">
     <span class='ocr_line' id='line_1_80' title="bbox 2179 3447 3761 3522; baseline -0.016 0"><span class='ocrx_word' id='word_1_553' title='bbox 2179 3463 2478 3522; x_wconf 79' lang='lat' dir='ltr'><strong>nonnullos</strong></span> <span class='ocrx_word' id='word_1_554' title='bbox 2529 3460 2588 3516; x_wconf 90' lang='lat' dir='ltr'><strong>in</strong></span> <span class='ocrx_word' id='word_1_555' title='bbox 2649 3459 2788 3514; x_wconf 89' lang='lat' dir='ltr'><strong>mari</strong></span> <span class='ocrx_word' id='word_1_556' title='bbox 2838 3453 3124 3518; x_wconf 89' lang='lat' dir='ltr'><strong>demersit,</strong></span> <span class='ocrx_word' id='word_1_557' title='bbox 3161 3450 3260 3508; x_wconf 90' lang='lat' dir='ltr'><strong>sed</strong></span> <span class='ocrx_word' id='word_1_558' title='bbox 3308 3447 3583 3520; x_wconf 90' lang='lat' dir='ltr'><strong>plurimos</strong></span> <span class='ocrx_word' id='word_1_559' title='bbox 3618 3459 3761 3514; x_wconf 81' lang='lat' dir='ltr'><strong>prae-</strong></span> 
     </span>
    </p>
   </div>
   <div class='ocr_carea' id='block_1_81' title="bbox 2179 3537 3762 3626">
    <p class='ocr_par' dir='ltr' id='par_1_81' title="bbox 2179 3537 3762 3626">
     <span class='ocr_line' id='line_1_81' title="bbox 2179 3537 3762 3626; baseline -0.018 -11"><span class='ocrx_word' id='word_1_560' title='bbox 2179 3559 2327 3616; x_wconf 70' lang='lat' dir='ltr'><strong>tecto</strong></span> <span class='ocrx_word' id='word_1_561' title='bbox 2357 3555 2427 3612; x_wconf 91' lang='lat' dir='ltr'><strong>ad</strong></span> <span class='ocrx_word' id='word_1_562' title='bbox 2455 3552 2788 3626; x_wconf 86' lang='lat' dir='ltr'><strong>supplicium</strong></span> <span class='ocrx_word' id='word_1_563' title='bbox 2831 3550 2890 3604; x_wconf 90' lang='lat' dir='ltr'><strong>in</strong></span> <span class='ocrx_word' id='word_1_564' title='bbox 2929 3543 3194 3618; x_wconf 67' lang='lat' dir='ltr'><strong>praetorio</strong></span> <span class='ocrx_word' id='word_1_565' title='bbox 3225 3537 3620 3599; x_wconf 86' lang='lat' dir='ltr'><strong>custodiendos</strong></span> <span class='ocrx_word' id='word_1_566' title='bbox 3649 3543 3762 3587; x_wconf 86' lang='lat' dir='ltr'><strong>tra-</strong></span> 
     </span>
    </p>
   </div>
   <div class='ocr_carea' id='block_1_82' title="bbox 2180 3629 3757 3718">
    <p class='ocr_par' dir='ltr' id='par_1_82' title="bbox 2180 3629 3757 3718">
     <span class='ocr_line' id='line_1_82' title="bbox 2180 3629 3757 3718; baseline -0.017 -12"><span class='ocrx_word' id='word_1_567' title='bbox 2180 3649 2351 3716; x_wconf 91' lang='lat' dir='ltr'><strong>didit,</strong></span> <span class='ocrx_word' id='word_1_568' title='bbox 2382 3664 2492 3718; x_wconf 87' lang='lat' dir='ltr'><strong>quo</strong></span> <span class='ocrx_word' id='word_1_569' title='bbox 2528 3661 2560 3701; x_wconf 89' lang='lat' dir='ltr'><strong>a</strong></span> <span class='ocrx_word' id='word_1_570' title='bbox 2603 3640 2956 3700; x_wconf 87' lang='lat' dir='ltr'><strong>multitudine</strong></span> <span class='ocrx_word' id='word_1_571' title='bbox 2996 3639 3248 3702; x_wconf 85' lang='lat' dir='ltr'><strong>incenso,</strong></span> <span class='ocrx_word' id='word_1_572' title='bbox 3286 3633 3366 3688; x_wconf 90' lang='lat' dir='ltr'><strong>illi</strong></span> <span class='ocrx_word' id='word_1_573' title='bbox 3396 3629 3757 3699; x_wconf 71' lang='lat' dir='ltr'><strong>diffugerunt.</strong></span> 
     </span>
    </p>
   </div>
   <div class='ocr_carea' id='block_1_83' title="bbox 2182 3721 3762 3809">
    <p class='ocr_par' dir='ltr' id='par_1_83' title="bbox 2182 3721 3762 3809">
     <span class='ocr_line' id='line_1_83' title="bbox 2182 3721 3762 3809; baseline -0.016 -12"><span class='ocrx_word' id='word_1_574' title='bbox 2182 3739 2358 3798; x_wconf 73' lang='grc' dir='ltr'><strong>,ιιιάωὶ</strong></span> <span class='ocrx_word' id='word_1_575' title='bbox 2399 3751 2641 3809; x_wconf 83' lang='lat' dir='ltr'><strong>quoque,</strong></span> <span class='ocrx_word' id='word_1_576' title='bbox 2673 3745 2823 3789; x_wconf 89' lang='lat' dir='ltr'><strong>mota</strong></span> <span class='ocrx_word' id='word_1_577' title='bbox 2852 3729 3160 3787; x_wconf 68' lang='lat' dir='ltr'><strong>Antiochia:</strong></span> <span class='ocrx_word' id='word_1_578' title='bbox 3189 3735 3380 3782; x_wconf 89' lang='lat' dir='ltr'><strong>contra</strong></span> <span class='ocrx_word' id='word_1_579' title='bbox 3417 3721 3762 3776; x_wconf 88' lang='lat' dir='ltr'><strong>Christianos</strong></span> 
     </span>
    </p>
   </div>
   <div class='ocr_carea' id='block_1_84' title="bbox 2180 3812 3761 3896">
    <p class='ocr_par' dir='ltr' id='par_1_84' title="bbox 2180 3812 3761 3896">
     <span class='ocr_line' id='line_1_84' title="bbox 2180 3812 3761 3896; baseline -0.018 -6"><span class='ocrx_word' id='word_1_580' title='bbox 2180 3832 2478 3896; x_wconf 90' lang='lat' dir='ltr'><strong>seditione,</strong></span> <span class='ocrx_word' id='word_1_581' title='bbox 2512 3829 2718 3884; x_wconf 86' lang='lat' dir='ltr'><strong>multos</strong></span> <span class='ocrx_word' id='word_1_582' title='bbox 2751 3825 3096 3885; x_wconf 90' lang='lat' dir='ltr'><strong>occiderunt,</strong></span> <span class='ocrx_word' id='word_1_583' title='bbox 3129 3829 3294 3888; x_wconf 85' lang='lat' dir='ltr'><strong>atque</strong></span> <span class='ocrx_word' id='word_1_584' title='bbox 3320 3817 3500 3886; x_wconf 91' lang='lat' dir='ltr'><strong>ipsum</strong></span> <span class='ocrx_word' id='word_1_585' title='bbox 3528 3812 3761 3883; x_wconf 83' lang='lat' dir='ltr'><strong>patriar-</strong></span> 
     </span>
    </p>
   </div>
   <div class='ocr_carea' id='block_1_85' title="bbox 2178 3904 3757 3987">
    <p class='ocr_par' dir='ltr' id='par_1_85' title="bbox 2178 3904 3757 3987">
     <span class='ocr_line' id='line_1_85' title="bbox 2178 3904 3757 3987; baseline -0.015 -9"><span class='ocrx_word' id='word_1_586' title='bbox 2178 3925 2337 3980; x_wconf 89' lang='lat' dir='ltr'><strong>cbam</strong></span> <span class='ocrx_word' id='word_1_587' title='bbox 2357 3917 2967 3987; x_wconf 88' lang='lat' dir='ltr'><strong>Anastasium,ejusque</strong></span> <span class='ocrx_word' id='word_1_588' title='bbox 3004 3911 3236 3967; x_wconf 84' lang='lat' dir='ltr'><strong>cadaver</strong></span> <span class='ocrx_word' id='word_1_589' title='bbox 3261 3907 3316 3963; x_wconf 91' lang='lat' dir='ltr'><strong>in</strong></span> <span class='ocrx_word' id='word_1_590' title='bbox 3347 3907 3466 3963; x_wconf 90' lang='lat' dir='ltr'><strong>foro</strong></span> <span class='ocrx_word' id='word_1_591' title='bbox 3501 3904 3757 3960; x_wconf 84' lang='lat' dir='ltr'><strong>combus-</strong></span> 
     </span>
    </p>
   </div>
   <div class='ocr_carea' id='block_1_86' title="bbox 2178 3997 3765 4080">
    <p class='ocr_par' dir='ltr' id='par_1_86' title="bbox 2178 3997 3765 4080">
     <span class='ocr_line' id='line_1_86' title="bbox 2178 3997 3765 4080; baseline -0.015 -8"><span class='ocrx_word' id='word_1_592' title='bbox 2178 4025 2386 4072; x_wconf 86' lang='lat' dir='ltr'><strong>serunt.</strong></span> <span class='ocrx_word' id='word_1_593' title='bbox 2415 4014 2523 4068; x_wconf 89' lang='lat' dir='ltr'><strong>Eos</strong></span> <span class='ocrx_word' id='word_1_594' title='bbox 2539 4013 2747 4067; x_wconf 89' lang='lat' dir='ltr'><strong>Phocas</strong></span> <span class='ocrx_word' id='word_1_595' title='bbox 2770 4007 2968 4080; x_wconf 89' lang='lat' dir='ltr'><strong>partim</strong></span> <span class='ocrx_word' id='word_1_596' title='bbox 2999 4004 3223 4069; x_wconf 90' lang='lat' dir='ltr'><strong>occidit,</strong></span> <span class='ocrx_word' id='word_1_597' title='bbox 3251 4000 3448 4071; x_wconf 84' lang='lat' dir='ltr'><strong>partim</strong></span> <span class='ocrx_word' id='word_1_598' title='bbox 3480 3997 3765 4050; x_wconf 88' lang='lat' dir='ltr'><strong>mutilatos</strong></span> 
     </span>
    </p>
   </div>
   <div class='ocr_carea' id='block_1_87' title="bbox 2178 4089 3762 4177">
    <p class='ocr_par' dir='ltr' id='par_1_87' title="bbox 2178 4089 3762 4177">
     <span class='ocr_line' id='line_1_87' title="bbox 2178 4089 3762 4177; baseline -0.015 -12"><span class='ocrx_word' id='word_1_599' title='bbox 2178 4109 2317 4164; x_wconf 86' lang='lat' dir='ltr'><strong>urbe</strong></span> <span class='ocrx_word' id='word_1_600' title='bbox 2336 4105 2537 4177; x_wconf 82' lang='lat' dir='ltr'><strong>exegit.</strong></span> <span class='ocrx_word' id='word_1_601' title='bbox 2557 4104 2796 4159; x_wconf 87' lang='lat' dir='ltr'><strong>Thomas</strong></span> <span class='ocrx_word' id='word_1_602' title='bbox 2823 4098 3130 4170; x_wconf 85' lang='lat' dir='ltr'><strong>patriarcha</strong></span> <span class='ocrx_word' id='word_1_603' title='bbox 3151 4110 3276 4151; x_wconf 91' lang='lat' dir='ltr'><strong>cum</strong></span> <span class='ocrx_word' id='word_1_604' title='bbox 3301 4091 3557 4148; x_wconf 63' lang='lat' dir='ltr'><strong>Ecclesiae</strong></span> <span class='ocrx_word' id='word_1_605' title='bbox 3585 4089 3762 4142; x_wconf 83' lang='lat' dir='ltr'><strong>trien-</strong></span> 
     </span>
    </p>
   </div>
   <div class='ocr_carea' id='block_1_88' title="bbox 2178 4185 3763 4272">
    <p class='ocr_par' dir='ltr' id='par_1_88' title="bbox 2178 4185 3763 4272">
     <span class='ocr_line' id='line_1_88' title="bbox 2178 4185 3763 4272; baseline -0.013 -16"><span class='ocrx_word' id='word_1_606' title='bbox 2178 4204 2334 4257; x_wconf 91' lang='lat' dir='ltr'><strong>nium</strong></span> <span class='ocrx_word' id='word_1_607' title='bbox 2360 4199 2694 4272; x_wconf 80' lang='lat' dir='ltr'><strong>praefuisset,</strong></span> <span class='ocrx_word' id='word_1_608' title='bbox 2726 4195 2864 4251; x_wconf 91' lang='lat' dir='ltr'><strong>obiit</strong></span> <span class='ocrx_word' id='word_1_609' title='bbox 2890 4213 2903 4248; x_wconf 87' lang='lat'><strong>:</strong></span> <span class='ocrx_word' id='word_1_610' title='bbox 2928 4193 2983 4247; x_wconf 86' lang='lat' dir='ltr'><strong>in</strong></span> <span class='ocrx_word' id='word_1_611' title='bbox 3005 4191 3160 4262; x_wconf 92' lang='lat' dir='ltr'><strong>cujus</strong></span> <span class='ocrx_word' id='word_1_612' title='bbox 3179 4190 3358 4244; x_wconf 87' lang='lat' dir='ltr'><strong>locum</strong></span> <span class='ocrx_word' id='word_1_613' title='bbox 3383 4185 3645 4240; x_wconf 80' lang='lat' dir='ltr'><strong>suffectus</strong></span> <span class='ocrx_word' id='word_1_614' title='bbox 3674 4193 3763 4236; x_wconf 82' lang='lat' dir='ltr'><strong>est</strong></span> 
     </span>
    </p>
   </div>
   <div class='ocr_carea' id='block_1_89' title="bbox 2180 4278 3766 4366">
    <p class='ocr_par' dir='ltr' id='par_1_89' title="bbox 2180 4278 3766 4366">
     <span class='ocr_line' id='line_1_89' title="bbox 2180 4278 3766 4366; baseline -0.015 -16"><span class='ocrx_word' id='word_1_615' title='bbox 2180 4293 2426 4366; x_wconf 85' lang='lat' dir='ltr'><strong>Sergius,</strong></span> <span class='ocrx_word' id='word_1_616' title='bbox 2459 4292 2662 4362; x_wconf 78' lang='lat' dir='ltr'><strong>Magnae</strong></span> <span class='ocrx_word' id='word_1_617' title='bbox 2697 4285 2945 4343; x_wconf 85' lang='lat' dir='ltr'><strong>ecclesiae</strong></span> <span class='ocrx_word' id='word_1_618' title='bbox 2967 4283 3254 4338; x_wconf 89' lang='lat' dir='ltr'><strong>diaconus.</strong></span> <span class='ocrx_word' id='word_1_619' title='bbox 3274 4279 3464 4334; x_wconf 84' lang='lat' dir='ltr'><strong>Filiam</strong></span> <span class='ocrx_word' id='word_1_620' title='bbox 3489 4278 3766 4330; x_wconf 75' lang='lat' dir='ltr'><strong>Doruuen-</strong></span> 
     </span>
    </p>
   </div>
   <div class='ocr_carea' id='block_1_90' title="bbox 2183 4371 3770 4449">
    <p class='ocr_par' dir='ltr' id='par_1_90' title="bbox 2183 4371 3770 4449">
     <span class='ocr_line' id='line_1_90' title="bbox 2183 4371 3770 4449; baseline -0.016 -7"><span class='ocrx_word' id='word_1_621' title='bbox 2183 4389 2314 4442; x_wconf 91' lang='lat' dir='ltr'><strong>tiam</strong></span> <span class='ocrx_word' id='word_1_622' title='bbox 2346 4385 2538 4442; x_wconf 91' lang='lat' dir='ltr'><strong>Prisco</strong></span> <span class='ocrx_word' id='word_1_623' title='bbox 2573 4381 2696 4437; x_wconf 90' lang='lat' dir='ltr'><strong>duci</strong></span> <span class='ocrx_word' id='word_1_624' title='bbox 2735 4379 3017 4449; x_wconf 88' lang='lat' dir='ltr'><strong>copiarum</strong></span> <span class='ocrx_word' id='word_1_625' title='bbox 3050 4372 3364 4443; x_wconf 86' lang='lat' dir='ltr'><strong>despondit,</strong></span> <span class='ocrx_word' id='word_1_626' title='bbox 3391 4371 3770 4439; x_wconf 11' lang='lat' dir='ltr'><strong>slvcumque</strong></span> 
     </span>
    </p>
   </div>
   <div class='ocr_carea' id='block_1_91' title="bbox 2181 4458 3760 4550">
    <p class='ocr_par' dir='ltr' id='par_1_91' title="bbox 2181 4458 3760 4550">
     <span class='ocr_line' id='line_1_91' title="bbox 2181 4458 3760 4550; baseline -0.018 -16"><span class='ocrx_word' id='word_1_627' title='bbox 2181 4485 2309 4550; x_wconf 88' lang='lat' dir='ltr'><strong>post</strong></span> <span class='ocrx_word' id='word_1_628' title='bbox 2327 4475 2546 4546; x_wconf 84' lang='lat' dir='ltr'><strong>nuptias</strong></span> <span class='ocrx_word' id='word_1_629' title='bbox 2563 4473 2711 4528; x_wconf 88' lang='lat' dir='ltr'><strong>ludis</strong></span> <span class='ocrx_word' id='word_1_630' title='bbox 2732 4467 3106 4540; x_wconf 85' lang='lat' dir='ltr'><strong>equestribus,</strong></span> <span class='ocrx_word' id='word_1_631' title='bbox 3131 4464 3305 4520; x_wconf 87' lang='lat' dir='ltr'><strong>Prisci</strong></span> <span class='ocrx_word' id='word_1_632' title='bbox 3329 4461 3627 4527; x_wconf 70' lang='lat' dir='ltr'><strong>uxorisque</strong></span> <span class='ocrx_word' id='word_1_633' title='bbox 3651 4458 3760 4508; x_wconf 85' lang='lat' dir='ltr'><strong>Do-</strong></span> 
     </span>
    </p>
   </div>
   <div class='ocr_carea' id='block_1_92' title="bbox 495 4543 2076 4638">
    <p class='ocr_par' dir='ltr' id='par_1_92' title="bbox 495 4543 2076 4638">
     <span class='ocr_line' id='line_1_92' title="bbox 495 4543 2076 4638; baseline -0.001 -18"><span class='ocrx_word' id='word_1_634' title='bbox 495 4568 674 4638; x_wconf 73' lang='grc' dir='ltr'><strong>άρχην</strong></span> <span class='ocrx_word' id='word_1_635' title='bbox 703 4566 801 4635; x_wconf 80' lang='grc' dir='ltr'><strong>τῆς</strong></span> <span class='ocrx_word' id='word_1_636' title='bbox 827 4566 1042 4628; x_wconf 80' lang='grc' dir='ltr'><strong>πόλεως</strong></span> <span class='ocrx_word' id='word_1_637' title='bbox 1087 4565 1444 4619; x_wconf 84' lang='grc' dir='ltr'><strong>Ἀναστάσιον</strong></span> <span class='ocrx_word' id='word_1_638' title='bbox 1479 4565 1614 4635; x_wconf 67' lang='grc' dir='ltr'><strong>(8Ξ),</strong></span> <span class='ocrx_word' id='word_1_639' title='bbox 1645 4566 1738 4619; x_wconf 71' lang='grc' dir='ltr'><strong>καὶ</strong></span> <span class='ocrx_word' id='word_1_640' title='bbox 1762 4566 1854 4621; x_wconf 80' lang='grc' dir='ltr'><strong>τὸν</strong></span> <span class='ocrx_word' id='word_1_641' title='bbox 1883 4543 2076 4636; x_wconf 80' lang='grc' dir='ltr'><strong>νεκρὸν</strong></span> 
     </span>
    </p>
   </div>
   <div class='ocr_carea' id='block_1_93' title="bbox 2179 4543 3770 4638">
    <p class='ocr_par' dir='ltr' id='par_1_93' title="bbox 2184 4543 3770 4635">
     <span class='ocr_line' id='line_1_93' title="bbox 2184 4543 3770 4635; baseline -0.015 -10"><span class='ocrx_word' id='word_1_642' title='bbox 2184 4543 2442 4626; x_wconf 63' lang='lat' dir='ltr'><strong>inuentiae</strong></span> <span class='ocrx_word' id='word_1_643' title='bbox 2479 4565 2745 4635; x_wconf 82' lang='lat' dir='ltr'><strong>imagines</strong></span> <span class='ocrx_word' id='word_1_644' title='bbox 2761 4564 2919 4634; x_wconf 79' lang='lat' dir='ltr'><strong>juxta</strong></span> <span class='ocrx_word' id='word_1_645' title='bbox 2938 4573 3067 4614; x_wconf 91' lang='lat' dir='ltr'><strong>suas</strong></span> <span class='ocrx_word' id='word_1_646' title='bbox 3097 4564 3277 4611; x_wconf 88' lang='lat' dir='ltr'><strong>astare</strong></span> <span class='ocrx_word' id='word_1_647' title='bbox 3297 4553 3543 4616; x_wconf 85' lang='lat' dir='ltr'><strong>vidisset,</strong></span> <span class='ocrx_word' id='word_1_648' title='bbox 3571 4551 3770 4604; x_wconf 73' lang='lat' dir='ltr'><strong>furore</strong></span> 
     </span>
    </p>
   </div>
   <div class='ocr_carea' id='block_1_94' title="bbox 493 4657 2081 4728">
    <p class='ocr_par' dir='ltr' id='par_1_94' title="bbox 493 4657 2081 4728">
     <span class='ocr_line' id='line_1_94' title="bbox 493 4657 2081 4728; baseline -0.001 -16"><span class='ocrx_word' id='word_1_649' title='bbox 493 4657 660 4712; x_wconf 82' lang='grc' dir='ltr'><strong>αὑτοῦ</strong></span> <span class='ocrx_word' id='word_1_650' title='bbox 686 4659 1029 4712; x_wconf 81' lang='grc' dir='ltr'><strong>κατέκαυσαν</strong></span> <span class='ocrx_word' id='word_1_651' title='bbox 1048 4657 1108 4711; x_wconf 85' lang='grc' dir='ltr'><strong>ἐν</strong></span> <span class='ocrx_word' id='word_1_652' title='bbox 1125 4659 1190 4728; x_wconf 81' lang='grc' dir='ltr'><strong>τῇ</strong></span> <span class='ocrx_word' id='word_1_653' title='bbox 1213 4657 1408 4728; x_wconf 73' lang='grc' dir='ltr'><strong>ἀγορᾷ.</strong></span> <span class='ocrx_word' id='word_1_654' title='bbox 1423 4658 1645 4720; x_wconf 84' lang='grc' dir='ltr'><strong>Στείλας</strong></span> <span class='ocrx_word' id='word_1_655' title='bbox 1661 4658 1716 4710; x_wconf 84' lang='grc' dir='ltr'><strong>δὲ</strong></span> <span class='ocrx_word' id='word_1_656' title='bbox 1730 4659 1758 4709; x_wconf 90' lang='lat'><strong>6</strong></span> <span class='ocrx_word' id='word_1_657' title='bbox 1773 4659 1967 4721; x_wconf 82' lang='grc' dir='ltr'><strong>Φωκᾶς</strong></span> <span class='ocrx_word' id='word_1_658' title='bbox 1985 4657 2081 4722; x_wconf 82' lang='grc' dir='ltr'><strong>οὒς</strong></span> 
     </span>
    </p>
   </div>
   <div class='ocr_carea' id='block_1_95' title="bbox 499 4749 2082 4821">
    <p class='ocr_par' dir='ltr' id='par_1_95' title="bbox 499 4749 2082 4821">
     <span class='ocr_line' id='line_1_95' title="bbox 499 4749 2082 4821; baseline -0.001 -18"><span class='ocrx_word' id='word_1_659' title='bbox 499 4751 597 4821; x_wconf 84' lang='grc' dir='ltr'><strong>μὲν</strong></span> <span class='ocrx_word' id='word_1_660' title='bbox 632 4751 863 4816; x_wconf 86' lang='grc' dir='ltr'><strong>ἀνεῖλεν,</strong></span> <span class='ocrx_word' id='word_1_661' title='bbox 899 4749 992 4813; x_wconf 83' lang='grc' dir='ltr'><strong>οὓς</strong></span> <span class='ocrx_word' id='word_1_662' title='bbox 1008 4749 1063 4802; x_wconf 81' lang='grc' dir='ltr'><strong>δὲ</strong></span> <span class='ocrx_word' id='word_1_663' title='bbox 1093 4749 1526 4821; x_wconf 74' lang='grc' dir='ltr'><strong>ἠκρωτηρίασεν,</strong></span> <span class='ocrx_word' id='word_1_664' title='bbox 1561 4749 1821 4814; x_wconf 78' lang='grc' dir='ltr'><strong>ἐκδιώξας</strong></span> <span class='ocrx_word' id='word_1_665' title='bbox 1847 4749 1949 4818; x_wconf 82' lang='grc' dir='ltr'><strong>τῆς</strong></span> <span class='ocrx_word' id='word_1_666' title='bbox 1979 4749 2082 4802; x_wconf 84' lang='grc' dir='ltr'><strong>πό-</strong></span> 
     </span>
    </p>
   </div>
   <div class='ocr_carea' id='block_1_96' title="bbox 496 4830 2084 4914">
    <p class='ocr_par' dir='ltr' id='par_1_96' title="bbox 496 4830 2084 4914">
     <span class='ocr_line' id='line_1_96' title="bbox 496 4830 2084 4914; baseline 0.001 -19"><span class='ocrx_word' id='word_1_667' title='bbox 496 4841 656 4906; x_wconf 84' lang='grc' dir='ltr'><strong>λεως.</strong></span> <span class='ocrx_word' id='word_1_668' title='bbox 692 4840 752 4895; x_wconf 87' lang='grc' dir='ltr'><strong>Ὀ</strong></span> <span class='ocrx_word' id='word_1_669' title='bbox 795 4843 976 4912; x_wconf 77' lang='grc' dir='ltr'><strong>μέντοι</strong></span> <span class='ocrx_word' id='word_1_670' title='bbox 1010 4830 1354 4913; x_wconf 80' lang='grc' dir='ltr'><strong>πατριάρχης</strong></span> <span class='ocrx_word' id='word_1_671' title='bbox 1371 4841 1573 4912; x_wconf 79' lang='grc' dir='ltr'><strong>Θωμᾶς</strong></span> <span class='ocrx_word' id='word_1_672' title='bbox 1597 4843 1694 4896; x_wconf 71' lang='grc' dir='ltr'><strong>ἐπὶ</strong></span> <span class='ocrx_word' id='word_1_673' title='bbox 1720 4843 1845 4913; x_wconf 86' lang='grc' dir='ltr'><strong>τρία</strong></span> <span class='ocrx_word' id='word_1_674' title='bbox 1864 4842 1957 4914; x_wconf 80' lang='grc' dir='ltr'><strong>ἔτη</strong></span> <span class='ocrx_word' id='word_1_675' title='bbox 1986 4842 2084 4896; x_wconf 78' lang='grc' dir='ltr'><strong>καὶ·</strong></span> 
     </span>
    </p>
   </div>
   <div class='ocr_carea' id='block_1_97' title="bbox 499 4932 2080 5006">
    <p class='ocr_par' dir='ltr' id='par_1_97' title="bbox 499 4932 2080 5006">
     <span class='ocr_line' id='line_1_97' title="bbox 499 4932 2080 5006; baseline -0.002 -18"><span class='ocrx_word' id='word_1_676' title='bbox 499 4934 574 5006; x_wconf 85' lang='grc' dir='ltr'><strong>μῆ</strong></span> <span class='ocrx_word' id='word_1_677' title='bbox 589 4950 672 5001; x_wconf 77' lang='grc' dir='ltr'><strong>ιας</strong></span> <span class='ocrx_word' id='word_1_678' title='bbox 691 4934 784 4987; x_wconf 84' lang='grc' dir='ltr'><strong>δύο</strong></span> <span class='ocrx_word' id='word_1_679' title='bbox 795 4933 894 5004; x_wconf 77' lang='grc' dir='ltr'><strong>τῆς</strong></span> <span class='ocrx_word' id='word_1_680' title='bbox 906 4933 1202 5005; x_wconf 88' lang='grc' dir='ltr'><strong>ἐκκλησίας</strong></span> <span class='ocrx_word' id='word_1_681' title='bbox 1213 4933 1475 5005; x_wconf 77' lang='grc' dir='ltr'><strong>προστάς,</strong></span> <span class='ocrx_word' id='word_1_682' title='bbox 1493 4933 1811 5003; x_wconf 77' lang='grc' dir='ltr'><strong>ἐτελεύτησε</strong></span> <span class='ocrx_word' id='word_1_683' title='bbox 1827 4933 1963 5004; x_wconf 81' lang='grc'><strong>(85),</strong></span> <span class='ocrx_word' id='word_1_684' title='bbox 1985 4932 2080 4986; x_wconf 86' lang='grc' dir='ltr'><strong>καί</strong></span> 
     </span>
    </p>
   </div>
   <div class='ocr_carea' id='block_1_98' title="bbox 2187 4641 3762 4732">
    <p class='ocr_par' dir='ltr' id='par_1_98' title="bbox 2187 4641 3762 4732">
     <span class='ocr_line' id='line_1_98' title="bbox 2187 4641 3762 4732; baseline -0.017 -15"><span class='ocrx_word' id='word_1_685' title='bbox 2187 4659 2474 4732; x_wconf 87' lang='lat' dir='ltr'><strong>percitus,</strong></span> <span class='ocrx_word' id='word_1_686' title='bbox 2553 4655 2851 4711; x_wconf 85' lang='lat' dir='ltr'><strong>factionum</strong></span> <span class='ocrx_word' id='word_1_687' title='bbox 2927 4651 3097 4706; x_wconf 86' lang='lat' dir='ltr'><strong>duces</strong></span> <span class='ocrx_word' id='word_1_688' title='bbox 3168 4645 3488 4702; x_wconf 89' lang='lat' dir='ltr'><strong>obtruncari</strong></span> <span class='ocrx_word' id='word_1_689' title='bbox 3552 4641 3762 4712; x_wconf 82' lang='lat' dir='ltr'><strong>jussit,</strong></span> 
     </span>
    </p>
   </div>
   <div class='ocr_carea' id='block_1_99' title="bbox 2188 4730 3758 4819">
    <p class='ocr_par' dir='ltr' id='par_1_99' title="bbox 2188 4730 3758 4819">
     <span class='ocr_line' id='line_1_99' title="bbox 2188 4730 3758 4819; baseline -0.013 -13"><span class='ocrx_word' id='word_1_690' title='bbox 2188 4730 2396 4819; x_wconf 76' lang='lat' dir='ltr'><strong>eosque</strong></span> <span class='ocrx_word' id='word_1_691' title='bbox 2448 4761 2596 4817; x_wconf 72' lang='lat' dir='ltr'><strong>aegre</strong></span> <span class='ocrx_word' id='word_1_692' title='bbox 2634 4760 2663 4799; x_wconf 87' lang='lat' dir='ltr'><strong>a</strong></span> <span class='ocrx_word' id='word_1_693' title='bbox 2691 4741 3029 4799; x_wconf 81' lang='lat' dir='ltr'><strong>factionibus</strong></span> <span class='ocrx_word' id='word_1_694' title='bbox 3059 4746 3323 4794; x_wconf 80' lang='lat' dir='ltr'><strong>exoratus</strong></span> <span class='ocrx_word' id='word_1_695' title='bbox 3364 4734 3562 4790; x_wconf 88' lang='lat' dir='ltr'><strong>missos</strong></span> <span class='ocrx_word' id='word_1_696' title='bbox 3606 4730 3758 4786; x_wconf 86' lang='lat' dir='ltr'><strong>fecit.</strong></span> 
     </span>
    </p>
   </div>
   <div class='ocr_carea' id='block_1_100' title="bbox 2187 4821 3768 4896">
    <p class='ocr_par' dir='ltr' id='par_1_100' title="bbox 2187 4821 3768 4896">
     <span class='ocr_line' id='line_1_100' title="bbox 2187 4821 3768 4896; baseline -0.015 0"><span class='ocrx_word' id='word_1_697' title='bbox 2187 4841 2264 4896; x_wconf 84' lang='lat' dir='ltr'><strong>Ea</strong></span> <span class='ocrx_word' id='word_1_698' title='bbox 2291 4839 2360 4894; x_wconf 90' lang='lat' dir='ltr'><strong>de</strong></span> <span class='ocrx_word' id='word_1_699' title='bbox 2388 4851 2556 4893; x_wconf 90' lang='lat' dir='ltr'><strong>causa</strong></span> <span class='ocrx_word' id='word_1_700' title='bbox 2611 4836 2835 4891; x_wconf 78' lang='lat' dir='ltr'><strong>Priscus</strong></span> <span class='ocrx_word' id='word_1_701' title='bbox 2879 4834 3005 4887; x_wconf 83' lang='lat' dir='ltr'><strong>vitae</strong></span> <span class='ocrx_word' id='word_1_702' title='bbox 3051 4845 3166 4886; x_wconf 67' lang='lat' dir='ltr'><strong>sua:</strong></span> <span class='ocrx_word' id='word_1_703' title='bbox 3215 4837 3493 4886; x_wconf 85' lang='lat' dir='ltr'><strong>metuens,</strong></span> <span class='ocrx_word' id='word_1_704' title='bbox 3528 4821 3768 4877; x_wconf 60' lang='lat' dir='ltr'><strong>consilia</strong></span> 
     </span>
    </p>
   </div>
   <div class='ocr_carea' id='block_1_101' title="bbox 2189 4915 3768 5001">
    <p class='ocr_par' dir='ltr' id='par_1_101' title="bbox 2189 4915 3768 5001">
     <span class='ocr_line' id='line_1_101' title="bbox 2189 4915 3768 5001; baseline -0.013 -14"><span class='ocrx_word' id='word_1_705' title='bbox 2189 4930 2418 4987; x_wconf 91' lang='lat' dir='ltr'><strong>tollendi</strong></span> <span class='ocrx_word' id='word_1_706' title='bbox 2476 4927 2691 5001; x_wconf 83' lang='lat' dir='ltr'><strong>tyranni</strong></span> <span class='ocrx_word' id='word_1_707' title='bbox 2742 4926 2886 4992; x_wconf 91' lang='lat' dir='ltr'><strong>iniit,</strong></span> <span class='ocrx_word' id='word_1_708' title='bbox 2942 4923 3037 4996; x_wconf 91' lang='lat' dir='ltr'><strong>qui</strong></span> <span class='ocrx_word' id='word_1_709' title='bbox 3076 4937 3202 4980; x_wconf 89' lang='lat' dir='ltr'><strong>cum</strong></span> <span class='ocrx_word' id='word_1_710' title='bbox 3251 4927 3308 4976; x_wconf 91' lang='lat' dir='ltr'><strong>et</strong></span> <span class='ocrx_word' id='word_1_711' title='bbox 3358 4918 3414 4973; x_wconf 91' lang='lat' dir='ltr'><strong>in</strong></span> <span class='ocrx_word' id='word_1_712' title='bbox 3465 4915 3768 4971; x_wconf 81' lang='lat' dir='ltr'><strong>mulierum</strong></span> 
     </span>
    </p>
   </div>
   <div class='ocr_carea' id='block_1_102' title="bbox 1698 5090 2583 5153">
    <p class='ocr_par' dir='ltr' id='par_1_102' title="bbox 1698 5090 2583 5153">
     <span class='ocr_line' id='line_1_102' title="bbox 1698 5090 2583 5153; baseline -0.005 -1"><span class='ocrx_word' id='word_1_713' title='bbox 1698 5090 1898 5153; x_wconf 71' lang='lat' dir='ltr'><strong>Variae</strong></span> <span class='ocrx_word' id='word_1_714' title='bbox 1940 5090 2246 5153; x_wconf 83' lang='lat' dir='ltr'><strong>lectiones</strong></span> <span class='ocrx_word' id='word_1_715' title='bbox 2288 5095 2352 5152; x_wconf 88' lang='lat' dir='ltr'><strong>et</strong></span> <span class='ocrx_word' id='word_1_716' title='bbox 2391 5093 2583 5152; x_wconf 75' lang='lat' dir='ltr'><strong>notae.</strong></span> 
     </span>
    </p>
   </div>
   <div class='ocr_carea' id='block_1_103' title="bbox 573 5251 2064 5326">
    <p class='ocr_par' dir='ltr' id='par_1_103' title="bbox 573 5251 2064 5326">
     <span class='ocr_line' id='line_1_103' title="bbox 573 5251 2064 5326; baseline -0.003 -16"><span class='ocrx_word' id='word_1_717' title='bbox 573 5258 685 5326; x_wconf 83' lang='lat' dir='ltr'><strong>(-m</strong></span> <span class='ocrx_word' id='word_1_718' title='bbox 726 5258 792 5312; x_wconf 81' lang='grc' dir='ltr'><em>ὀ</em></span> <span class='ocrx_word' id='word_1_719' title='bbox 822 5255 1089 5326; x_wconf 82' lang='grc' dir='ltr'><strong>Ναρσῆς.</strong></span> <span class='ocrx_word' id='word_1_720' title='bbox 1130 5255 1453 5326; x_wconf 86' lang='lat' dir='ltr'><strong>Theophan,</strong></span> <span class='ocrx_word' id='word_1_721' title='bbox 1485 5262 1542 5309; x_wconf 90' lang='lat' dir='ltr'><strong>et</strong></span> <span class='ocrx_word' id='word_1_722' title='bbox 1582 5252 1867 5310; x_wconf 89' lang='lat' dir='ltr'><strong>Cedrenus</strong></span> <span class='ocrx_word' id='word_1_723' title='bbox 1898 5266 1989 5306; x_wconf 91' lang='lat' dir='ltr'><strong>an.</strong></span> <span class='ocrx_word' id='word_1_724' title='bbox 2039 5251 2064 5306; x_wconf 82' lang='grc' dir='ltr'><strong>ι</strong></span> 
     </span>
    </p>
   </div>
   <div class='ocr_carea' id='block_1_104' title="bbox 497 5330 855 5387">
    <p class='ocr_par' dir='ltr' id='par_1_104' title="bbox 497 5330 855 5387">
     <span class='ocr_line' id='line_1_104' title="bbox 497 5330 855 5387; baseline -0.011 -1"><span class='ocrx_word' id='word_1_725' title='bbox 497 5338 552 5387; x_wconf 91' lang='lat' dir='ltr'><strong>et</strong></span> <span class='ocrx_word' id='word_1_726' title='bbox 579 5331 614 5384; x_wconf 78' lang='grc'><strong>2</strong></span> <span class='ocrx_word' id='word_1_727' title='bbox 641 5330 855 5384; x_wconf 72' lang='lat' dir='ltr'><strong>Phocas.</strong></span> 
     </span>
    </p>
   </div>
   <div class='ocr_carea' id='block_1_105' title="bbox 570 5391 2067 5470">
    <p class='ocr_par' dir='ltr' id='par_1_105' title="bbox 570 5391 2067 5470">
     <span class='ocr_line' id='line_1_105' title="bbox 570 5391 2067 5470; baseline -0.003 -18"><span class='ocrx_word' id='word_1_728' title='bbox 570 5401 681 5470; x_wconf 79' lang='lat'><strong>(&#39;78)</strong></span> <span class='ocrx_word' id='word_1_729' title='bbox 733 5396 1094 5470; x_wconf 55' lang='lat' dir='ltr'><strong>¢t.1_l§£ﬂ_t_x6c</strong></span> <span class='ocrx_word' id='word_1_730' title='bbox 1127 5395 1243 5470; x_wconf 55' lang='grc' dir='ltr'><strong>δέ.⁸</strong></span> <span class='ocrx_word' id='word_1_731' title='bbox 1269 5393 1723 5470; x_wconf 76' lang='lat' dir='ltr'><strong>TbeOphan.__an.</strong></span> <span class='ocrx_word' id='word_1_732' title='bbox 1757 5394 1802 5470; x_wconf 56' lang='lat' dir='ltr'><strong>ﬁ</strong></span> <span class='ocrx_word' id='word_1_733' title='bbox 1849 5391 2067 5470; x_wconf 63' lang='lat' dir='ltr'><strong>Phocm.</strong></span> 
     </span>
    </p>
   </div>
   <div class='ocr_carea' id='block_1_106' title="bbox 498 5462 1948 5534">
    <p class='ocr_par' dir='ltr' id='par_1_106' title="bbox 498 5462 1948 5534">
     <span class='ocr_line' id='line_1_106' title="bbox 498 5462 1948 5534; baseline -0.008 -9"><span class='ocrx_word' id='word_1_734' title='bbox 498 5462 765 5526; x_wconf 52' lang='lat' dir='ltr'><strong>Obiit&#39;an.</strong></span> <span class='ocrx_word' id='word_1_735' title='bbox 795 5468 920 5532; x_wconf 74' lang='grc'><strong>612,</strong></span> <span class='ocrx_word' id='word_1_736' title='bbox 950 5462 1203 5522; x_wconf 85' lang='lat' dir='ltr'><strong>Heraclio</strong></span> <span class='ocrx_word' id='word_1_737' title='bbox 1231 5462 1554 5534; x_wconf 82' lang='lat' dir='ltr'><strong>imperante.</strong></span> <span class='ocrx_word' id='word_1_738' title='bbox 1584 5463 1812 5534; x_wconf 79' lang='lat' dir='ltr'><strong>Niceph.</strong></span> <span class='ocrx_word' id='word_1_739' title='bbox 1843 5462 1948 5517; x_wconf 74' lang='grc' dir='ltr'><strong>ΟΡ.</strong></span> 
     </span>
    </p>
   </div>
   <div class='ocr_carea' id='block_1_107' title="bbox 573 5533 2070 5608">
    <p class='ocr_par' dir='ltr' id='par_1_107' title="bbox 573 5533 2070 5608">
     <span class='ocr_line' id='line_1_107' title="bbox 573 5533 2070 5608; baseline -0.007 -12"><span class='ocrx_word' id='word_1_740' title='bbox 573 5541 683 5608; x_wconf 82' lang='lat'><strong>(79)</strong></span> <span class='ocrx_word' id='word_1_741' title='bbox 719 5536 1038 5608; x_wconf 81' lang='grc' dir='ltr'><strong>Κυριακοῦ.</strong></span> <span class='ocrx_word' id='word_1_742' title='bbox 1067 5533 1504 5608; x_wconf 62' lang='lat' dir='ltr'><strong>ObiitCYriacus</strong></span> <span class='ocrx_word' id='word_1_743' title='bbox 1529 5534 1600 5590; x_wconf 72' lang='lat'><strong>29</strong></span> <span class='ocrx_word' id='word_1_744' title='bbox 1640 5533 1837 5590; x_wconf 87' lang='lat' dir='ltr'><strong>Octob.</strong></span> <span class='ocrx_word' id='word_1_745' title='bbox 1865 5547 2011 5587; x_wconf 88' lang='lat' dir='ltr'><strong>anno</strong></span> <span class='ocrx_word' id='word_1_746' title='bbox 2035 5535 2070 5586; x_wconf 62' lang='grc' dir='ltr'><strong><em>ἃ</em></strong></span> 
     </span>
    </p>
   </div>
   <div class='ocr_carea' id='block_1_108' title="bbox 497 5605 1470 5674">
    <p class='ocr_par' dir='ltr' id='par_1_108' title="bbox 497 5605 1470 5674">
     <span class='ocr_line' id='line_1_108' title="bbox 497 5605 1470 5674; baseline -0.008 -6"><span class='ocrx_word' id='word_1_747' title='bbox 497 5605 714 5674; x_wconf 69' lang='lat' dir='ltr'><strong>Phocaa,</strong></span> <span class='ocrx_word' id='word_1_748' title='bbox 754 5605 815 5663; x_wconf 76' lang='lat' dir='ltr'><strong>ut</strong></span> <span class='ocrx_word' id='word_1_749' title='bbox 846 5617 931 5664; x_wconf 87' lang='lat' dir='ltr'><strong>est</strong></span> <span class='ocrx_word' id='word_1_750' title='bbox 955 5608 1012 5661; x_wconf 86' lang='lat' dir='ltr'><strong>in</strong></span> <span class='ocrx_word' id='word_1_751' title='bbox 1046 5605 1303 5662; x_wconf 77' lang='lat' dir='ltr'><strong>Chronico</strong></span> <span class='ocrx_word' id='word_1_752' title='bbox 1323 5605 1470 5660; x_wconf 74' lang='lat' dir='ltr'><strong>Alex.</strong></span> 
     </span>
    </p>
   </div>
   <div class='ocr_carea' id='block_1_109' title="bbox 570 5672 2063 5748">
    <p class='ocr_par' dir='ltr' id='par_1_109' title="bbox 570 5672 2063 5748">
     <span class='ocr_line' id='line_1_109' title="bbox 570 5672 2063 5748; baseline -0.005 -14"><span class='ocrx_word' id='word_1_753' title='bbox 570 5679 680 5748; x_wconf 79' lang='lat'><strong>(80)</strong></span> <span class='ocrx_word' id='word_1_754' title='bbox 705 5672 937 5748; x_wconf 75' lang='grc' dir='ltr'><strong>Θωμᾶς.</strong></span> <span class='ocrx_word' id='word_1_755' title='bbox 965 5676 1197 5732; x_wconf 87' lang='lat' dir='ltr'><strong>Crealus</strong></span> <span class='ocrx_word' id='word_1_756' title='bbox 1229 5677 1298 5731; x_wconf 76' lang='lat'><strong>23</strong></span> <span class='ocrx_word' id='word_1_757' title='bbox 1329 5676 1552 5748; x_wconf 74' lang='lat' dir='ltr'><strong>Ianuar.</strong></span> <span class='ocrx_word' id='word_1_758' title='bbox 1585 5689 1730 5730; x_wconf 85' lang='lat' dir='ltr'><strong>anno</strong></span> <span class='ocrx_word' id='word_1_759' title='bbox 1773 5672 1805 5748; x_wconf 77' lang='lat' dir='ltr'><strong>l_</strong></span> <span class='ocrx_word' id='word_1_760' title='bbox 1846 5672 2063 5748; x_wconf 58' lang='lat' dir='ltr'><strong>Phocf.</strong></span> 
     </span>
    </p>
   </div>
   <div class='ocr_carea' id='block_1_110' title="bbox 499 5743 2056 5878">
    <p class='ocr_par' dir='ltr' id='par_1_110' title="bbox 499 5743 2056 5878">
     <span class='ocr_line' id='line_1_110' title="bbox 499 5743 2056 5878; baseline -0.004 -74"><span class='ocrx_word' id='word_1_761' title='bbox 499 5743 672 5878; x_wconf 44' lang='lat' dir='ltr'><strong>gldem&#39;</strong></span> <span class='ocrx_word' id='word_1_762' title='bbox 725 5743 942 5817; x_wconf 67' lang='lat' dir='ltr'><strong>Ch&#39;ron.)</strong></span> <span class='ocrx_word' id='word_1_763' title='bbox 980 5747 1134 5801; x_wconf 89' lang='lat' dir='ltr'><strong>Illius</strong></span> <span class='ocrx_word' id='word_1_764' title='bbox 1183 5745 1500 5804; x_wconf 83' lang='lat' dir='ltr'><strong>memoriam</strong></span> <span class='ocrx_word' id='word_1_765' title='bbox 1545 5753 1728 5819; x_wconf 33' lang='lat' dir='ltr'><strong>agunt.</strong></span> <span class='ocrx_word' id='word_1_766' title='bbox 1767 5743 1939 5801; x_wconf 80' lang='lat' dir='ltr'><strong>Graeci</strong></span> <span class='ocrx_word' id='word_1_767' title='bbox 1997 5744 2056 5798; x_wconf 78' lang='lat'><strong>2|</strong></span> 
     </span>
     <span class='ocr_line' id='line_1_111' title="bbox 529 5816 1226 5878; baseline -0.006 -2"><span class='ocrx_word' id='word_1_768' title='bbox 529 5819 698 5878; x_wconf 74' lang='lat' dir='ltr'><strong>lartii.</strong></span> <span class='ocrx_word' id='word_1_769' title='bbox 725 5829 782 5877; x_wconf 92' lang='lat' dir='ltr'><strong>ut</strong></span> <span class='ocrx_word' id='word_1_770' title='bbox 805 5829 885 5877; x_wconf 85' lang='lat' dir='ltr'><strong>est</strong></span> <span class='ocrx_word' id='word_1_771' title='bbox 908 5820 964 5878; x_wconf 91' lang='lat' dir='ltr'><strong>in</strong></span> <span class='ocrx_word' id='word_1_772' title='bbox 988 5816 1226 5876; x_wconf 78' lang='lat' dir='ltr'><strong>Menaeis.</strong></span> 
     </span>
    </p>
   </div>
   <div class='ocr_carea' id='block_1_111' title="bbox 529 5816 1226 5890">
    <p class='ocr_par' dir='ltr' id='par_1_111' title="bbox 529 5816 1226 5890">
     <span class='ocr_line' id='line_1_112' title="bbox 529 5816 1226 5890; baseline -0.006 -14"><span class='ocrx_word' id='word_1_773' title='bbox 529 5819 698 5890; x_wconf 74' lang='lat' dir='ltr'><strong>lartii,</strong></span> <span class='ocrx_word' id='word_1_774' title='bbox 725 5829 782 5877; x_wconf 92' lang='lat' dir='ltr'><strong>ut</strong></span> <span class='ocrx_word' id='word_1_775' title='bbox 805 5829 885 5877; x_wconf 85' lang='lat' dir='ltr'><strong>est</strong></span> <span class='ocrx_word' id='word_1_776' title='bbox 908 5816 964 5880; x_wconf 88' lang='lat' dir='ltr'><strong>in</strong></span> <span class='ocrx_word' id='word_1_777' title='bbox 988 5816 1226 5876; x_wconf 78' lang='lat' dir='ltr'><strong>Menaeis.</strong></span> 
     </span>
    </p>
   </div>
   <div class='ocr_carea' id='block_1_112' title="bbox 2245 5233 3753 5324">
    <p class='ocr_par' dir='ltr' id='par_1_112' title="bbox 2245 5233 3753 5324">
     <span class='ocr_line' id='line_1_113' title="bbox 2245 5233 3753 5324; baseline -0.013 -19"><span class='ocrx_word' id='word_1_778' title='bbox 2245 5249 2371 5324; x_wconf 69' lang='grc' dir='ltr'><strong>(81)Δ</strong></span> <span class='ocrx_word' id='word_1_779' title='bbox 2392 5249 2662 5324; x_wconf 60' lang='grc' dir='ltr'><strong>Ἀϐαρες.</strong></span> <span class='ocrx_word' id='word_1_780' title='bbox 2692 5245 2937 5324; x_wconf 67' lang='lat' dir='ltr'><strong>Quorum</strong></span> <span class='ocrx_word' id='word_1_781' title='bbox 2969 5243 3230 5324; x_wconf 60' lang='lat' dir='ltr'><strong>frequens</strong></span> <span class='ocrx_word' id='word_1_782' title='bbox 3258 5237 3464 5324; x_wconf 67' lang='lat' dir='ltr'><strong>mentio</strong></span> <span class='ocrx_word' id='word_1_783' title='bbox 3495 5233 3753 5324; x_wconf 44' lang='lat' dir='ltr'><strong>inﬁrmi-</strong></span> 
     </span>
    </p>
   </div>
   <div class='ocr_carea' id='block_1_113' title="bbox 2169 5306 3750 5374">
    <p class='ocr_par' dir='ltr' id='par_1_113' title="bbox 2169 5306 3750 5374">
     <span class='ocr_line' id='line_1_114' title="bbox 2169 5306 3750 5374; baseline -0.011 0"><span class='ocrx_word' id='word_1_784' title='bbox 2169 5306 2292 5374; x_wconf 72' lang='lat' dir='ltr'><strong>cicis</strong></span> <span class='ocrx_word' id='word_1_785' title='bbox 2338 5306 2654 5373; x_wconf 60' lang='lat' dir='ltr'><strong>&#39;Annalibui.</strong></span> <span class='ocrx_word' id='word_1_786' title='bbox 2687 5306 3000 5370; x_wconf 73' lang='lat' dir='ltr'><strong>Chronicon</strong></span> <span class='ocrx_word' id='word_1_787' title='bbox 3027 5306 3087 5367; x_wconf 63' lang='lat' dir='ltr'><strong>SI</strong></span> <span class='ocrx_word' id='word_1_788' title='bbox 3118 5310 3389 5366; x_wconf 88' lang='lat' dir='ltr'><strong>Vincentii</strong></span> <span class='ocrx_word' id='word_1_789' title='bbox 3423 5309 3490 5361; x_wconf 90' lang='lat' dir='ltr'><strong>de</strong></span> <span class='ocrx_word' id='word_1_790' title='bbox 3526 5306 3750 5358; x_wconf 84' lang='lat' dir='ltr'><strong>Vultur-</strong></span> 
     </span>
    </p>
   </div>
   <div class='ocr_carea' id='block_1_114' title="bbox 2169 5374 3751 5460">
    <p class='ocr_par' dir='ltr' id='par_1_114' title="bbox 2169 5374 3751 5460">
     <span class='ocr_line' id='line_1_115' title="bbox 2169 5374 3751 5460; baseline -0.011 -16"><span class='ocrx_word' id='word_1_791' title='bbox 2169 5406 2261 5453; x_wconf 86' lang='lat' dir='ltr'><strong>no,</strong></span> <span class='ocrx_word' id='word_1_792' title='bbox 2294 5406 2350 5460; x_wconf 90' lang='lat' dir='ltr'><strong>p.</strong></span> <span class='ocrx_word' id='word_1_793' title='bbox 2378 5388 2484 5445; x_wconf 77' lang='lat'><strong>692</strong></span> <span class='ocrx_word' id='word_1_794' title='bbox 2511 5403 2525 5440; x_wconf 90' lang='lat'><strong>:</strong></span> <span class='ocrx_word' id='word_1_795' title='bbox 2561 5387 2604 5441; x_wconf 83' lang='grc' dir='ltr'><strong><em>Α</em></strong></span> <span class='ocrx_word' id='word_1_796' title='bbox 2626 5386 2981 5454; x_wconf 51' lang='grc' dir='ltr'><strong>ϐαεαηοννρςε</strong></span> <span class='ocrx_word' id='word_1_797' title='bbox 3009 5383 3323 5446; x_wconf 83' lang='lat' dir='ltr'><strong>Avarorum,</strong></span> <span class='ocrx_word' id='word_1_798' title='bbox 3359 5380 3448 5449; x_wconf 83' lang='lat' dir='ltr'><strong>qui</strong></span> <span class='ocrx_word' id='word_1_799' title='bbox 3491 5385 3540 5430; x_wconf 84' lang='lat' dir='ltr'><strong>et</strong></span> <span class='ocrx_word' id='word_1_800' title='bbox 3569 5374 3751 5429; x_wconf 78' lang='lat' dir='ltr'><strong>Hunni</strong></span> 
     </span>
    </p>
   </div>
   <div class='ocr_carea' id='block_1_115' title="bbox 2168 5461 2441 5514">
    <p class='ocr_par' dir='ltr' id='par_1_115' title="bbox 2168 5461 2441 5514">
     <span class='ocr_line' id='line_1_116' title="bbox 2168 5461 2441 5514; baseline 0 -1"><span class='ocrx_word' id='word_1_801' title='bbox 2168 5461 2441 5514; x_wconf 78' lang='lat' dir='ltr'><strong>dicuntur.</strong></span> 
     </span>
    </p>
   </div>
   <div class='ocr_carea' id='block_1_116' title="bbox 2243 5515 3756 5599">
    <p class='ocr_par' dir='ltr' id='par_1_116' title="bbox 2243 5515 3756 5599">
     <span class='ocr_line' id='line_1_117' title="bbox 2243 5515 3756 5599; baseline -0.009 -15"><span class='ocrx_word' id='word_1_802' title='bbox 2243 5531 2351 5599; x_wconf 70' lang='lat'><strong>(82)</strong></span> <span class='ocrx_word' id='word_1_803' title='bbox 2393 5525 2812 5599; x_wconf 57' lang='lat' dir='ltr'><strong>’Araa’qdogpr.</strong></span> <span class='ocrx_word' id='word_1_804' title='bbox 2847 5523 2928 5578; x_wconf 88' lang='lat' dir='ltr'><strong>Ita</strong></span> <span class='ocrx_word' id='word_1_805' title='bbox 2958 5521 3126 5599; x_wconf 72' lang='lat' dir='ltr'><strong>etiam</strong></span> <span class='ocrx_word' id='word_1_806' title='bbox 3161 5519 3528 5599; x_wconf 61' lang='lat' dir='ltr'><strong>Theophanes</strong></span> <span class='ocrx_word' id='word_1_807' title='bbox 3565 5526 3622 5572; x_wconf 87' lang='lat' dir='ltr'><strong>et</strong></span> <span class='ocrx_word' id='word_1_808' title='bbox 3646 5515 3756 5599; x_wconf 66' lang='lat' dir='ltr'><strong>Cc:</strong></span> 
     </span>
    </p>
   </div>
   <div class='ocr_carea' id='block_1_117' title="bbox 2171 5588 3756 5660">
    <p class='ocr_par' dir='ltr' id='par_1_117' title="bbox 2171 5588 3756 5660">
     <span class='ocr_line' id='line_1_118' title="bbox 2171 5588 3756 5660; baseline -0.008 -6"><span class='ocrx_word' id='word_1_809' title='bbox 2171 5588 2398 5660; x_wconf 80' lang='lat' dir='ltr'><strong>dremis,</strong></span> <span class='ocrx_word' id='word_1_810' title='bbox 2444 5613 2535 5651; x_wconf 88' lang='lat' dir='ltr'><strong>an.</strong></span> <span class='ocrx_word' id='word_1_811' title='bbox 2592 5597 2623 5649; x_wconf 91' lang='lat'><strong>7</strong></span> <span class='ocrx_word' id='word_1_812' title='bbox 2674 5595 2869 5648; x_wconf 71' lang='lat' dir='ltr'><strong>Phorm</strong></span> <span class='ocrx_word' id='word_1_813' title='bbox 2899 5612 2912 5646; x_wconf 91' lang='lat'>:</span> <span class='ocrx_word' id='word_1_814' title='bbox 2944 5601 3000 5646; x_wconf 89' lang='lat' dir='ltr'><strong>at</strong></span> <span class='ocrx_word' id='word_1_815' title='bbox 3055 5588 3347 5644; x_wconf 72' lang='lat' dir='ltr'><strong>Chronicon</strong></span> <span class='ocrx_word' id='word_1_816' title='bbox 3387 5588 3542 5660; x_wconf 59' lang='lat' dir='ltr'><strong>Alex.</strong></span> <span class='ocrx_word' id='word_1_817' title='bbox 3574 5603 3667 5642; x_wconf 89' lang='lat' dir='ltr'><strong>an.</strong></span> <span class='ocrx_word' id='word_1_818' title='bbox 3712 5588 3756 5642; x_wconf 78' lang='lat'><strong>8</strong></span> 
     </span>
    </p>
   </div>
   <div class='ocr_carea' id='block_1_118' title="bbox 2173 5659 3545 5740">
    <p class='ocr_par' dir='ltr' id='par_1_118' title="bbox 2173 5659 3545 5740">
     <span class='ocr_line' id='line_1_119' title="bbox 2173 5659 3545 5740; baseline -0.009 -16"><span class='ocrx_word' id='word_1_819' title='bbox 2173 5659 2427 5740; x_wconf 75' lang='lat' dir='ltr'><strong>ejusdem</strong></span> <span class='ocrx_word' id='word_1_820' title='bbox 2453 5667 2655 5740; x_wconf 71' lang='lat' dir='ltr'><strong>Phocze</strong></span> <span class='ocrx_word' id='word_1_821' title='bbox 2677 5679 2708 5718; x_wconf 87' lang='lat' dir='ltr'><strong>a</strong></span> <span class='ocrx_word' id='word_1_822' title='bbox 2739 5662 3416 5740; x_wconf 42' lang='lat' dir='ltr'><strong>militibus-interemptum</strong></span> <span class='ocrx_word' id='word_1_823' title='bbox 3450 5659 3545 5740; x_wconf 54' lang='lat' dir='ltr'><strong>ait.</strong></span> 
     </span>
    </p>
   </div>
   <div class='ocr_carea' id='block_1_119' title="bbox 2249 5727 3759 5808">
    <p class='ocr_par' dir='ltr' id='par_1_119' title="bbox 2249 5727 3759 5808">
     <span class='ocr_line' id='line_1_120' title="bbox 2249 5727 3759 5808; baseline -0.008 -17"><span class='ocrx_word' id='word_1_824' title='bbox 2249 5738 2362 5804; x_wconf 78' lang='lat'><strong>(85)</strong></span> <span class='ocrx_word' id='word_1_825' title='bbox 2416 5736 2832 5808; x_wconf 42' lang='lat' dir='ltr'><strong>Taele-32mm.</strong></span> <span class='ocrx_word' id='word_1_826' title='bbox 2878 5732 3124 5808; x_wconf 56' lang='lat' dir='ltr'><strong>Moritur</strong></span> <span class='ocrx_word' id='word_1_827' title='bbox 3166 5727 3414 5808; x_wconf 64' lang='lat' dir='ltr'><strong>Thomas</strong></span> <span class='ocrx_word' id='word_1_828' title='bbox 3469 5729 3614 5786; x_wconf 82' lang='lat' dir='ltr'><strong>Patr.</strong></span> <span class='ocrx_word' id='word_1_829' title='bbox 3673 5727 3759 5808; x_wconf 50' lang='lat'><strong>2‘}</strong></span> 
     </span>
    </p>
   </div>
   <div class='ocr_carea' id='block_1_120' title="bbox 2175 5799 3296 5865">
    <p class='ocr_par' dir='ltr' id='par_1_120' title="bbox 2175 5799 3296 5865">
     <span class='ocr_line' id='line_1_121' title="bbox 2175 5799 3296 5865; baseline -0.008 0"><span class='ocrx_word' id='word_1_830' title='bbox 2175 5799 2356 5865; x_wconf 76' lang='lat' dir='ltr'><strong>Martii</strong></span> <span class='ocrx_word' id='word_1_831' title='bbox 2381 5823 2526 5864; x_wconf 85' lang='lat' dir='ltr'><strong>anno</strong></span> <span class='ocrx_word' id='word_1_832' title='bbox 2555 5809 2585 5862; x_wconf 84' lang='lat'>8</span> <span class='ocrx_word' id='word_1_833' title='bbox 2614 5799 2829 5863; x_wconf 68' lang='lat' dir='ltr'><strong>Phocea.</strong></span> <span class='ocrx_word' id='word_1_834' title='bbox 2867 5802 3109 5859; x_wconf 74' lang='lat' dir='ltr'><strong>Chronic.</strong></span> <span class='ocrx_word' id='word_1_835' title='bbox 3143 5799 3296 5856; x_wconf 68' lang='lat' dir='ltr'><strong>Alex.</strong></span> 
     </span>
    </p>
   </div>
  </div>
