4068 6402
334 401 478 466 12ῖῦ

1607 388 1931 454 JOANNIS
1968 383 2293 447 ΖΟΝΑΠΑΞ

3467 386 3623 457 1276

330 510 545 584 stupris
571 506 941 575 volutaretur,
973 514 1029 564 et
1056 505 1337 572 ebriosus,
1385 510 1443 559 et
1495 517 1700 567 savus,
1753 507 1921 569 atque

2022 493 2360 567 άντεισήχθη
2409 495 2636 564 Σέργιος
2692 494 2807 567 (84)
2837 533 2854 563 ,
2901 494 3000 567 τῆς
3079 496 3346 570 Μεγάλης
3408 500 3619 572 ἐκκλη-

329 600 723 675 sanguinarius
760 607 929 666 esset,
962 598 1019 655 in
1051 597 1272 670 publico
1307 603 1429 653 erat
1466 593 1716 649 omnium
1762 589 1918 647 ordi-

334 711 469 754 num
500 694 652 751 odio.
686 693 879 764 Itaque
916 702 1142 749 senatus
1178 698 1237 746 et
1269 688 1389 759 ipse
1437 686 1551 742 dux
1583 684 1811 743 Priscus
1839 684 1921 738 le-

336 795 494 861 gates
520 784 590 842 ad
618 782 931 840 Heracliutn
966 783 1218 847 mittunt,
1247 780 1371 852 ejus
1402 775 1639 832 Heraclii
1681 783 1917 846 patrem,

278 882 432 954 equi
464 889 590 951 post
622 878 856 951 imperio
886 877 1096 949 potitus
1119 884 1227 941 est,
1264 873 1463 930 Africa:
1487 881 1543 929 et
1564 871 1751 944 Libya:
1781 885 1920 941 pra:-

333 974 566 1039 l‘ectum,
596 980 842 1029 orantes.
876 979 939 1027 ut
966 987 1025 1027 se
1057 985 1086 1025 a
1115 967 1405 1042 tyrannide
1433 966 1633 1022 Phocae
1653 963 1918 1019 vindicet.

333 1066 470 1122 Erat
516 1064 776 1121 Heraclio
811 1065 1024 1135 legatus
1078 1061 1349 1133 Gregoras
1395 1060 1479 1114 vir
1522 1057 1917 1128 illustris;qui

331 1157 445 1213 duo
474 1158 610 1213 inita
634 1157 1050 1228 conspiratione
1080 1168 1212 1210 suos
1242 1153 1382 1208 filios
1406 1160 1599 1207 contra
1628 1160 1919 1223 tyrannum

332 1250 584 1317 mittunt,
612 1249 897 1306 Heraclius
918 1252 1042 1303 cum
1071 1246 1247 1302 classe
1276 1252 1334 1299 et
1369 1242 1583 1314 magnis
1617 1241 1790 1313 Copiis
1819 1242 1924 1296 mi-

330 1339 494 1394 litum
531 1339 868 1405 Heraclium,
898 1338 1171 1408 Grcgoras
1203 1336 1475 1407 patricius
1524 1333 1775 1389 Nicetam
1819 1348 1921 1402 pc-

333 1428 505 1485 destri
560 1430 781 1495 itinere,
836 1444 964 1483 cum
1025 1427 1214 1484 multis
1268 1426 1556 1495 equitibus
1609 1433 1665 1480 et
1719 1434 1919 1495 magno

331 1519 627 1575 exercitu:
682 1534 748 1574 ea
815 1516 1154 1585 conditione,
1217 1525 1278 1572 ut
1332 1527 1457 1573 uter
1509 1516 1664 1588 prior
1723 1517 1918 1572 urbem

331 1619 681 1681 occupasset,
747 1619 1159 1684 tyrannumque
1203 1610 1541 1675 sustulisset,
1592 1610 1641 1666 is
1686 1608 1920 1681 imperio

331 1703 628 1771 potiretur.
680 1700 778 1757 His
830 1700 1090 1773 cognitis,
1122 1701 1336 1757 Phocas
1381 1700 1618 1757 lieraclii
1660 1710 1917 1768 matrem,

329 1802 380 1847 et
437 1809 697 1865 sponsam
751 1794 1080 1859 Eudociatn,
1115 1794 1390 1866 principis
1439 1794 1729 1865 cujusdam
1772 1794 1921 1850 Afri-

334 1880 458 1936 cani
508 1881 701 1949 ﬁliam,
762 1883 1199 1954 comprehensas
1268 1884 1608 1940 monasterio
1670 1884 1916 1942 inclusit.

335 1972 605 2029 Cazterum
658 1972 948 2032 Heraclius
997 1974 1313 2041 antevertit,
1361 1984 1418 2032 et
1473 1976 1531 2031 in
1584 1974 1949 2047 Sophiarum'

333 2073 499 2134 portu
525 2066 760 2136 appulit,
790 2067 1202 2139 commissaque
1234 2083 1417 2138 pugna
1443 2067 1618 2123 evasit
1639 2069 1919 2139 superior,

332 2156 616 2228 adjutaute
644 2158 858 2224 Prisco,
898 2159 995 2230 qui
1038 2160 1285 2232 praal‘ecti
1318 2161 1530 2217 honore
1561 2160 1916 2233 iungebatur.

330 2247 565 2305 l’hotius
589 2260 814 2320 quoque
850 2266 997 2307 unus
1033 2267 1099 2308 ex
1124 2251 1456 2321 illustribus,
1490 2257 1650 2325 cujus
1683 2259 1917 2312 uxorem

333 2346 601 2407 tyrannus
651 2340 704 2396 vi
754 2352 1168 2414 constuprarat,
1195 2345 1347 2417 regia
1374 2361 1500 2402 cum
1550 2348 1743 2404 multis
1780 2349 1920 2405 mili-

339 2429 486 2486 tibus
530 2438 822 2504 occupata,
877 2443 1172 2507 tyrannum
1217 2437 1359 2493 solio
1408 2437 1727 2495 deturbavit
1761 2438 1911 2513 (nam

330 2522 451 2593 ejus
475 2523 742 2581 satellites
768 2525 1061 2598 desperata
1088 2528 1265 2585 salute
1312 2531 1461 2602 regia
1496 2538 1803 2604 cesserant)
1830 2535 1919 2589 di-

330 2622 600 2687 reptaque
652 2633 925 2689 purpura,
960 2621 1165 2692 pullam
1216 2622 1270 2677 ei
1322 2632 1532 2678 vestem
1590 2624 1919 2691 induxit,et

335 2709 616 2779 captivum
654 2709 910 2768 Heraclio
936 2714 1210 2771 exhibuit.
1245 2714 1351 2782 Qui
1394 2731 1521 2772 cum
1555 2716 1606 2773 ei
1637 2717 1867 2775 dixisset
1899 2738 1915 2777 :

330 2800 508 2866 Itane,
537 2803 714 2870 miser,
743 2806 1122 2876 rempublicam
1141 2809 1567 2868 administrasti?
1593 2811 1808 2869 Phocas
1848 2816 1919 2870 ei

331 2893 720 2965 desperatione
756 2900 1042 2971 respondit
1067 2920 1080 2956 :
1122 2902 1197 2958 Tu
1222 2918 1345 2959 vero
1374 2904 1562 2960 mlius
1595 2918 1714 2961 eam
1738 2908 1921 2962 admi-
1952 2926 1955 2929 ·

334 2987 742 3047 ιιὶειι-αὺὶεἳοι)
783 2994 933 3064 quod
977 2995 1188 3052 dictum
1225 2999 1400 3054 iratus
1450 2998 1760 3067 lleraclius,
1805 3000 1923 3057 eal-

333 3079 494 3136 cibus
525 3082 578 3137 in
608 3097 736 3139 eum
765 3085 998 3156 insiluit,
1026 3099 1084 3146 et
1121 3091 1349 3147 castrari
1392 3091 1578 3154 iussit.
1625 3092 1737 3148 Alii
1785 3107 1916 3150 eum

333 3172 519 3229 statim
562 3178 813 3233 occisum
860 3194 984 3237 esse
1021 3181 1270 3248 tradunt,
1302 3183 1395 3239 alii
1445 3184 1707 3241 manibus
1761 3186 1918 3256 prius
1944 3201 1989 3261 ο

330 3274 389 3318 et
417 3266 658 3335 pedibus
683 3272 1000 3341 amputatis,
1036 3273 1297 3330 virilibus
1334 3272 1600 3345 denique,
1644 3275 1717 3331 ob
1754 3274 1922 3331 lasci-

332 3358 480 3413 viam
514 3370 571 3416 et
607 3363 917 3419 multorum
943 3366 1210 3438 coniuges
1249 3365 1616 3431 adulteratas.
1658 3366 1919 3434 exsectis,

331 3461 619 3522 postremo
647 3455 1064 3523 obtruncatum,
1092 3467 1151 3514 et
1189 3458 1380 3514 infelix
1417 3459 1655 3515 cadaver
1679 3457 1738 3514 in
1772 3458 1920 3515 Bove

333 3553 641 3630 crematum
699 3562 843 3615 esse,
903 3540 1001 3606 ubi
1057 3549 1313 3607 caminus
1361 3550 1536 3607 fuisse
1584 3550 1918 3622 perhibetur

331 3651 533 3703 atreus,
558 3636 737 3694 forma
788 3641 966 3707 bovis,
1015 3643 1281 3714 Pergamo
1315 3643 1636 3711 translatus,
1667 3643 1819 3699 unde
1858 3648 1916 3701 et

332 3727 456 3784 loco
482 3745 684 3813 nomen
713 3732 941 3789 factum.
967 3734 1108 3792 Sunt
1135 3745 1190 3792 et
1211 3735 1407 3792 fratres
1426 3736 1549 3807 eius
1571 3735 1780 3806 aliique
1813 3750 1918 3791 ne-

332 3824 564 3881 cessarii
602 3826 901 3885 interfecti.
937 3828 1138 3886 Phoce
1166 3830 1337 3901 igitur
1356 3830 1584 3903 pessimi
1610 3830 1919 3903 tyrannidis

334 3914 428 3971 hic
479 3914 585 3974 fuit
627 3921 834 3988 exitus,
877 3937 1005 3979 cum
1034 3922 1147 3995 82
1175 3923 1412 3996 imperio
1441 3936 1542 3996 per
1575 3936 1752 3982 annos
1792 3933 1921 3981 octo

334 4006 676 4067 insultasset.

2020 587 2143 653 σίας
2161 589 2430 652 διάκονος.
2489 588 2603 659 Τὴν
2657 587 2715 642 δὲ
2763 587 3045 659 θυγατέρα
3074 590 3105 644 6
3132 591 3328 656 Φωκᾶς
3369 593 3620 663 Δομνεν-

2027 680 2149 733 τίαν
2199 680 2427 752 Πρίσκῳ
2472 679 2587 751 (85)
2627 679 2707 750 τῷ
2746 681 3103 755 στρατηλάτῃ
3153 682 3468 751 συνέζευξε,
3516 687 3619 740 καὶ

2022 773 2161 844 μετὰ
2207 773 2334 837 τοὺς
2373 772 2587 842 γάμους
2632 771 2858 827 ἰππικδν
2897 772 3085 842 ἀγῶνα
3128 772 3303 841 άγων,
3350 773 3621 830 ἐθεάσατο

2022 866 2122 920 σὺν
2146 868 2265 930 ταῖς
2293 866 2463 919 αὐτοῦ
2492 865 2666 920 εἰκόσι
2697 866 2833 937 (86),
2865 866 2959 920 καὶ
2985 865 3081 920 τοῦ
3112 867 3357 938 Πρίσκου
3387 868 3486 922 καὶ
3511 870 3619 940 τῆς

2017 958 2185 1014 αὐτοῦ
2225 958 2485 1030 γυναικὸς
2518 958 2619 1027 τῆς
2657 958 2985 1029 Δομνεντίας
3024 959 3327 1030 ἱσταμένας
3365 962 3612 1026 εἰκόνας,

2020 1053 2114 1107 καὶ
2144 1053 2393 1125 ἐκμανὴς
2424 1050 2687 1121 γεγονὼς,
2715 1052 3104 1124 ἀποτμηθῆναι
3131 1054 3259 1118 τοὺς
3289 1054 3617 1127 δημάρχους

2019 1146 2296 1201 ἐκέλευσε.
2338 1144 2648 1217 Δεηθέντων
2690 1144 2749 1199 δὲ
2788 1144 2899 1198 τῶν
2938 1145 3149 1216 δήμων,
3194 1146 3350 1215 μόλις
3393 1147 3620 1216 ἀφῆκεν

2020 1236 2239 1301 αύτούς.
2276 1236 2371 1291 Ἐκ
2401 1234 2731 1306 ταύτηςιοΰν
2760 1236 2861 1307 τῆς
2893 1236 3074 1301 αἰτίας
3106 1239 3135 1292 6
3171 1237 3411 1309 Πρίσκος
3443 1238 3623 1309 δεδοι-

2019 1328 2132 1393 κὼς
2163 1332 2288 1401 περὶ
2317 1332 2384 1402 τῇ
2416 1329 2562 1402 ζωῇ,
2595 1328 2712 1400 ἅμα
2746 1328 2805 1384 δὲ
2840 1329 2932 1383 καὶ
2963 1329 3066 1402 τὴν
3092 1330 3236 1384 κατὰ
3267 1330 3486 1384 πάντων
3514 1331 3621 1385 τοῦ

2019 1423 2184 1476 Φωκᾶ
2209 1422 2501 1493 τυραννίδα
2530 1420 2727 1493 μισῶν,
2755 1420 2940 1493 ἐζήτει
2966 1421 3281 1475 καταλῦσαι
3303 1421 3395 1475 τὸν
3418 1422 3624 1494 τύραν-

2019 1531 2130 1570 νον.
2155 1507 2256 1568 Ὧν
2288 1513 2346 1568 δὲ
2379 1515 2408 1568 6
2438 1515 2633 1578 Φωκᾶς
2664 1515 3077 1586 γυναικομανὴς
3107 1528 3166 1569 τε
3204 1516 3297 1568 καὶ
3332 1515 3573 1586 μέθυσος
3598 1554 3619 1581 ,

2021 1605 2118 1660 κα).
2162 1605 2315 1677 ὠμὸς
2359 1607 2454 1661 καὶ
2494 1606 2837 1679 αἱμοχαρὴς,
2886 1606 3125 1679 ἐμισήθη
3171 1609 3329 1679 παρὰ
3370 1608 3619 1665 πάντων.

2019 1698 2132 1754 Καὶ
2156 1698 2594 1769 στρατηγοῦντος
2618 1701 2675 1752 ὲν
2704 1699 2937 1772 Ἀρρικῇ
2962 1699 3059 1753 καὶ
3080 1698 3261 1773 Λιϐύῃ
3286 1699 3623 1771 Ἡρακλείου

2019 1788 2113 1843 τοῦ
2141 1789 2350 1860 πατρὸς
2373 1789 2468 1843 τοῦ
2497 1788 2918 1861 βασιλεύσαντος
2943 1790 3240 1862 μετέπειτα
3265 1790 3621 1862 Ἡρακλείου,

2020 1883 2070 1937 οἱ
2091 1883 2189 1952 τῆς
2214 1882 2517 1955 συγκλήτου
2546 1882 2640 1938 καὶ
2663 1883 2827 1947 αὐτὸς
2855 1884 2884 1937 6
2912 1884 3150 1956 Πρίσκος
3175 1885 3203 1938 6
3230 1885 3621 1957 στρατηλάτης

2019 1973 2386 2045 διεπέμποντο
2418 1974 2555 2046 πρὸς
2587 1974 2787 2041 αὐτδν,
2818 1976 3065 2046 δεόμενοι
3098 1975 3485 2047 ἀπαλλαγῆναι
3515 1979 3623 2048 τῆς

2019 2066 2335 2136 τυραννίδος
2378 2069 2564 2124 omna.
2597 2061 2708 2122 Ἦν
2733 2068 2812 2123 ’δὲ
2860 2067 2940 2139 τῷ
2987 2068 3268 2141 εἰρημένῳ
3319 2070 3620 2143 στρατηγῷ

2031 2157 2344 2231 Ἡρακλείῳ
2399 2160 2816 2232 ὑποστράτηγος
2838 2162 3129 2235 Γρηγορᾶς
3158 2179 3245 2227 τις
3274 2161 3385 2217 τῶν
3417 2164 3621 2235 ἐπισή-

2022 2266 2162 2324 μων.
2209 2246 2370 2309 Οὗτοι
2420 2253 2553 2323 γοῦν
2601 2253 2772 2325 ἄμφω
2822 2253 3274 2325 συμπνεύσαντες
3327 2254 3616 2310 στέλλουσι

2019 2344 2166 2400 κατὰ
2204 2345 2300 2400 τοῦ
2333 2345 2601 2418 τυράννου
2638 2347 2766 2412 τοὺς
2812 2347 2976 2412 ἰδίους
3012 2345 3201 2412 υἱούς·
3239 2348 3270 2402 6
3312 2348 3416 2417 μὲν
3445 2344 3616 2417 Ἡρά-

2018 2439 2201 2504 κλειος
2249 2439 2343 2494 τὸν
2386 2439 2710 2511 Ἡράκλειον
2761 2438 2998 2509 πολλαῖς·
3040 2441 3199 2495 ναυσὶ
3251 2439 3348 2495 καὶ
3407 2441 3620 2510 πλῆθος

2021 2530 2372 2603 στρατιωτῶν
2406 2531 2814 2603 πλωϊζόμενονο
2848 2534 2877 2586 6
2908 2532 2964 2586 δὲ
2997 2532 3287 2605 πατρίκιος
3322 2534 3621 2607 Γρηγσρᾶς

2017 2624 2111 2679 τὸν
2155 2625 2404 2685 Νικήταν
2446 2624 2862 2697 πεζοποροῦντα
2907 2625 3005 2679 σὺν
3051 2625 3310 2691 ἱππόταις
3357 2626 3575 2692 πολλοῖς
3598 2652 3616 2679 9

2018 2717 2113 2771 καὶ
2146 2718 2284 2788 πεζῇ
2322 2718 2577 2789 στρατιᾷ,
2608 2717 2701 2771 ἐπὶ
2737 2716 3038 2788 συνθήκαις
3072 2715 3186 2789 (87)
3219 2717 3315 2772 τοῦ
3346 2717 3439 2773 τὸν
3474 2732 3618 2789 προ-

2020 2808 2400 2865 κάταλαϐόντά
2453 2810 2557 2880 τὴν
2607 2806 3018 2880 ὑπερκειμένήν
3064 2810 3174 2863 τῶν
3224 2809 3471 2877 πόλεων,
3520 2809 3619 2865 καὶ

2019 2899 2325 2956 καθελόντα
2369 2900 2463 2955 τὸν
2501 2898 2801 2971 τύραννόν,
2841 2900 2942 2971 τῆς
2985 2898 3268 2971 βασιλείας
3311 2899 3622 2972 ἀξιωθήσε-

2020 2993 2170 3048 σθαι.
2216 2992 2405 3048 Ταῦτα
2447 2991 2636 3063 μαθὼν
2676 2993 2706 3046 6
2731 2993 2962 3058 Φωκεῖς,
3011 2993 3112 3065 τὴν
3154 2992 3253 3048 τοῦ
3286 2993 3616 3065 Ἡρακλείου

2024 3083 2269 3155 μητέρα,
2298 3084 2394 3139 καὶ
2421 3083 2520 3156 τὴν
2550 3083 2793 3155 μνηστὴν
2822 3084 3118 3151 Εύδοκίαν,
3147 3085 3217 3156 ἢν
3247 3083 3306 3151 ἐξ
3341 3086 3614 3158 Ἀφρικῆς

2021 3173 2462 3245 ἐμνηστεύσατο,
2492 3175 2771 3248 θυγατέρα
2799 3171 2970 3231 οὖσαν
2995 3175 3088 3231 τοῦ
3117 3177 3219 3248 τῆς
3246 3177 3428 3248 χώρας
3456 3178 3607 3231 ὲκεί-

2019 3283 2120 3337 νης
2161 3266 2565 3339 πρωτεύοντος,
2608 3269 2903 3341 κατασχὼν
2940 3268 3294 3323 κατέκλεισεν
3339 3273 3399 3324 ἐν
3444 3274 3613 3342 μονῇ.

2016 3360 2401 3432 Προκατέλασε
2429 3362 2611 3416 τοίνυν
2640 3360 2981 3433 Ἡράκλειος,
3008 3363 3104 3418 καὶ
3139 3361 3504 3435 προσώρμισε
3529 3365 3611 3437 τῷ

2014 3451 2197 3522 λιμένι
2245 3453 2355 3507 τῶν
2404 3453 2650 3523 Σοφιῶν,
2704 3456 2802 3508 καὶ
2856 3454 3038 3527 μάχης
3091 3442 3566 3527 συγκροτηθείσης
3594 3483 3612 3510 ν

2015 3545 2285 3617 ὑπερέσχε
2310 3545 2420 3601 τῶν
2441 3545 2536 3601 τοῦ
2562 3544 2746 3602 Φωκᾶ.
2778 3547 3099 3620 Συνήργητο
3123 3548 3235 3619 γάρ
3261 3548 3357 3602 καὶ
3383 3548 3490 3602 ὑπὸ
3514 3547 3613 3603 τοῦ

2013 3639 2262 3712 Πρίσκου
2310 3641 2411 3712 τὴν
2456 3639 2553 3696 τοῦ
2602 3642 2848 3719 ἐπάρχου
2897 3642 3018 3698 τότε
3076 3642 3355 3714 μετιόντος
3409 3644 3614 3715 ἀρχήν·

2015 3730 2223 3795 Φώτιος
2249 3730 2306 3785 δὲ
2331 3730 2443 3786 τῶν
2470 3732 2758 3802 ἐπιφανῶν
2785 3732 3047 3804 ὑπάρχων
3066 3772 3083 3799 ,
3111 3725 3173 3788 οὗ
3198 3732 3299 3805 τὴν
3323 3735 3561 3802 γυναῖκα
3587 3733 3620 3786 6

2013 3823 2281 3895 τύραννος
2334 3824 2428 3896 βίᾳ
2478 3824 2808 3896 ἐμοίχευσε,
2861 3825 2960 3895 σὺν
3009 3820 3207 3896 πλήθει
3256 3824 3613 3896 στρατιωτῶν

2019 3914 2349 3974 καταλαϐὼν
2382 3917 2452 3972 τά
2488 3915 2739 3987 βασίλεια
2760 3958 2775 3980 ,
2812 3916 3127 3971 κατέσπασε
3162 3916 3255 3971 τοῦ
3290 3917 3486 3988 θρόνου
3520 3915 3616 3971 τὸν

2018 4010 2286 4082 τύραννον
2316 4007 2398 4081 (oi
2429 4009 2540 4081 γάρ
2569 4010 2699 4081 περὶ
2727 4008 2892 4062 αὐτὸν
2918 4009 3281 4078 ἀπογνόντες,
3313 4007 3425 4063 τῶν
3457 4006 3614 4077 βασι-

332 4098 496 4155 λείων
523 4104 992 4181 ὑπανεχώρησαν)
1019 4108 1114 4164 καὶ
1141 4109 1420 4175 ἀποδύσας
1481 4110 1584 4180 τὴν
1650 4106 1991 4182 πορφυρίδα,
2036 4106 2208 4175 φαιὰν
2250 4104 2456 4175 ἐσθῆτα
2501 4102 2740 4167 ἐνέδυσε,
2787 4103 2882 4157 καὶ
2924 4103 3149 4173 δέσμιον
3190 4100 3267 4172 τῷ
3303 4102 3612 4172 Ἡρακλείῳ

334 4197 699 4271 παρέστησεν.
735 4202 795 4257 ’0
845 4203 903 4257 δὲ
952 4203 1075 4259 ἰδὼν
1122 4202 1287 4258 αὐτὸν
1332 4204 1461 4273 ἔφη,
1496 4203 1719 4270 Οὕτως,
1770 4201 1946 4256 ἄθλιε
2008 4199 2148 4268 (88),
2175 4197 2251 4252 τὰ
2299 4196 2408 4265 τῆς
2458 4197 2694 4262 πόλεως
2751 4193 3061 4263 διῴκησας
3087 4192 3405 4263 πράγματα
3416 4210 3439 4259 ;
3495 4191 3608 4245 Kal.

332 4293 364 4346 6
405 4294 601 4359 Φωκᾶς
643 4298 871 4370 ἀπονοίᾳ
915 4300 1147 4371 κάτοχος
1187 4298 1266 4355 ὢν
1303 4299 1678 4370 ἁπεκρίνατο,
1719 4297 1806 4353 Σὺ
1848 4296 1920 4350 δὲ
1957 4296 2313 4365 κρειττόνως
2351 4291 2599 4365 μᾶλλον
2658 4289 2989 4358 διοικήσεις
3032 4288 3223 4354 adzd;
3299 4287 3608 4358 Ὀργισθεὶς

332 4386 390 4439 δὲ
418 4388 447 4439 6
475 4388 794 4460 Ἡράκλειος
831 4389 934 4456 λὰξ
968 4393 1162 4464 ἐκείνῳ
1191 4392 1432 4463 ἑνέθορε,
1473 4393 1571 4446 καί⁵
1636 4389 1983 4462 ἐκτμηθῆναι
2022 4386 2378 4459 προσέταξεν.
2422 4386 2488 4440 Ol
2530 4386 2628 4456 μὲν
2671 4380 2765 4438 οὖν
2804 4384 3004 4436 αὐτίκα
3042 4383 3207 4436 αὐτὸν
3248 4381 3606 4451 ἀναιρεθῆναι

336 4481 658 4553 ἱστόρησαν,
685 4484 735 4537 οἰ
760 4482 817 4538 δὲ
846 4484 1110 4557 πρότερον
1135 4483 1300 4539 αὑτοῦ
1328 4489 1426 4550 τάς
1453 4487 1644 4556 χεῖρας
1671 4468 1774 4537 καί
1826 4483 1953 4545 τοὺς
1988 4481 2156 4544 πόδας
2222 4478 2528 4549 ἐκκοπῆναι
2563 4494 2730 4548 φασιν
2752 4517 2768 4542 ,
2804 4471 2924 4530 εἶτα
2956 4475 3051 4530 καὶ⁶
3083 4474 3151 4529 τά
3182 4474 3354 4528 αἰδοῖα
3388 4473 3477 4528 διὰ
3508 4475 3608 4545 τὴν

335 4577 548 4631 ἐκείνου
580 4577 869 4645 ἀσέλγειαν
891 4616 907 4642 ,
936 4578 1033 4631 κα)⁵
1061 4579 1144 4632 ὅτι
1173 4578 1389 4633 πολλῶν
1419 4575 1730 4648 κατῄσχυνε
1767 4574 2015 4645 γαμετὰς
2035 4611 2052 4636 ,
2124 4571 2221 4626 καὶ
2286 4569 2430 4625 οὕτω
2458 4571 2516 4625 δὲ
2546 4569 2712 4624 αὐτοῦ
2743 4570 2843 4640 τὴν
2876 4566 3122 4639 κεφαλὴν
3176 4567 3514 4636 ἐκκοπῆναι,
3543 4566 3608 4621 τὸ

332 4673 389 4726 δὲ
420 4673 680 4742 δύστηνον
714 4673 875 4743 σῶμα
904 4674 1174 4744 καυθῆναι
1206 4677 1349 4728 κατά
1376 4673 1467 4728 τὸν
1497 4673 1654 4737 Βοῦν,
1723 4671 1853 4725 ἔνθα
1918 4667 1988 4742 ἦν
2025 4671 2278 4740 κάμινος,
2321 4666 2399 4729 ὡς
2444 4667 2686 4734 λέγεται,
2736 4666 2801 4717 ὲκ
2846 4661 3049 4734 χαλκοῦ
3094 4660 3605 4731 κατεσκευασμένη,

336 4770 522 4841 σχῆμα
558 4770 677 4839 βοὸς
710 4769 907 4841 ἔχουσα
927 4811 941 4832 ,
972 4771 1118 4842 ἥπερ
1150 4772 1215 4823 ὲκ
1249 4770 1547 4841 Περγάμου
1580 4769 1911 4839 κεκόμιστο,
1950 4767 2009 4836 ἐξ
2077 4763 2145 4838 ἧς
2179 4766 2276 4819 zeal.
2309 4767 2339 4818 6
2366 4765 2527 4827 τόπος
2559 4763 2866 4833 ὡνόμαστο.
2901 4759 3010 4815 Kal.
3040 4762 3091 4815 οἰ
3159 4760 3382 4830 ἀδελφοὶ
3412 4761 3469 4815 δὲ
3503 4759 3607 4813 αὒ-

334 4865 451 4932 τοῦ,
477 4865 571 4918 καὶ
597 4866 646 4918 οἱ
677 4864 825 4917 ἄλλοι
851 4863 957 4917 τῶν
981 4864 1345 4935 ᾠκειωμένων
1367 4863 1518 4934 αὐτῷ
1579 4863 1947 4934 ἀνῃρέθησαν.
2018 4861 2111 4931 Τῷ
2152 4860 2253 4932 μὲν
2290 4854 2385 4914 οὖν
2427 4859 2675 4929 κακίστῳ
2710 4857 2876 4929 Φωκᾷ
2909 4855 3150 4912 τοιοῦτον
3189 4855 3341 4920 τέλος
3375 4857 3474 4924 τῆς
3510 4872 3608 4909 τυ-

338 4959 583 5033 ραννίδος
609 4961 845 5028 ἐγένετο,
876 4958 972 5031 ἐτη
1003 4960 1469 5033 κατορχησαμένῳ
1497 4962 1597 5027 τῆς
1628 4957 1905 5028 βασιλείας
1942 4957 2108 5012 όκτὼ.

406 5054 521 5111 XV.
572 5053 855 5111 Heraclius
905 5061 1090 5110 autem
1120 5068 1151 5108 a
1180 5052 1371 5123 Sergio
1410 5050 1721 5122 patriarcha
1752 5065 1916 5107 coro-

2089 5048 2194 5102 lE'.
2229 5045 2552 5118 Ἡράκλειος
2597 5045 2680 5113 δὲ,
2736 5045 2843 5102 ὑπὸ
2871 5044 3101 5120 Σεργίου
3136 5041 3232 5098 τοῦ
3255 5044 3605 5117 Πατριάρχου

1529 5209 1732 5273 Varias
1772 5209 2083 5274 lectiones
2125 5212 2189 5270 et
2231 5212 2423 5269 notae.

418 5358 532 5431 (86)
563 5359 827 5429 Σέργιος.
860 5358 932 5431 22
946 5358 1155 5431 Martii.
1186 5356 1384 5431 Chron.
1416 5356 1569 5431 Alea.
1691 5426 1726 5431 _

2024 5356 2152 5431 876,
2211 5370 2242 5408 a
2266 5356 2574 5431 candidatis
2604 5356 2838 5431 scilicet,
2879 5357 2940 5431 et
2971 5364 3095 5405 cum
3127 5356 3303 5431 cereis
3326 5363 3398 5431 ac:

418 5358 504 5425 (86
563 5359 827 5429 Σέργιος.
860 5358 932 5414 22
953 5358 1155 5414 Martii.
1186 5358 1384 5414 Chron.
1416 5358 1569 5412 Alex.

415 5358 532 5557 (δέ
561 5432 819 5512 Πρίσκῳ.
853 5430 955 5511 Qui
989 5430 1216 5499 Crispus
1246 5429 1452 5483 dicitur
1480 5429 1660 5482 eidem
1691 5426 1921 5505 Zonarre

521 5501 726 5556 eraclto
749 5538 764 5557 .
818 5500 1133 5557 Nicephoro
1180 5500 1286 5556 CP.
1339 5508 1397 5554 et
1456 5498 1732 5555 Cedrcno.
1790 5496 1922 5551 Vide

2024 5358 2152 5417 876,
2211 5370 2242 5408 a
2266 5358 2574 5409 candidatis
2604 5358 2838 5413 scilicet,
2879 5358 2936 5405 et
2971 5364 3095 5405 cum
3127 5358 3303 5406 cereis
3326 5358 3600 5423 accensis,

2028 5425 2167 5492 μετὰ
2206 5423 2511 5492 κηραψίας,
2545 5421 2823 5492 quomodo
2854 5420 3039 5475 videre
3071 5430 3156 5475 est
3180 5420 3344 5473 etiam
3386 5419 3439 5473 in
3488 5420 3605 5474 No-

2024 5495 2145 5548 titia
2171 5494 2460 5557 utriusque
2509 5491 2748 5557 imperii,
2789 5491 2882 5546 ubi
2915 5490 2983 5545 de
3014 5490 3286 5557 prrefe‘ctis
3313 5492 3605 5557 prmt’orio-

346 5490 435 5556 in‘
473 5490 726 5557 Heraclio
749 5490 781 5563 ,⁷
818 5490 1133 5570 Νἷοθριιοτὸ
1180 5500 1286 5556 CP.
1339 5508 1397 5554 et
1456 5498 1732 5555 Cedrcno.
1790 5496 1925 5551 Vide
2024 5490 2145 5548 titia
2171 5490 2460 5565 utriusque
2509 5490 2748 5563 imperii,
2789 5491 2882 5546 ubi
2915 5490 2983 5545 de
3014 5490 3286 5561 praefectis
3313 5492 3607 5561 prmt’orio-

346 5572 650 5641 Stemmata
682 5570 1004 5641 Byzantina.
1132 5639 1143 5641 _
1356 5637 1419 5641 __
1507 5632 1567 5641 Δ-
1701 5636 1715 5641 _
2023 5579 2170 5641 run].

419 5640 530 5708 (86)
557 5628 786 5694 Εἰκόᾶι.
812 5639 945 5696 Vide
960 5639 1328 5710 Nicephorum
1344 5637 1476 5703 CP.,
1507 5632 1922 5710 TheOphanem,

2096 5633 2209 5707 (87)
2241 5633 2377 5690 Ἐπὶ
2395 5632 2753 5703 συνθήκαις.
2777 5631 3123 5703 Nicephorus
3146 5628 3232 5687 CP
3262 5669 3280 5697 ,
3304 5631 3605 5702 Theopha-

346 5706 683 5778 Ccdrenum,
719 5718 826 5764 etc.
855 5706 1146 5778 Λαυράτας
1177 5720 1332 5763 vocat
1360 5706 1628 5773 ejusmodi
1663 5707 1928 5777 imagines
2026 5718 2147 5778 nes,

351 5766 715 5865 Theophanes
742 5780 912 5865 δοκε)
940 5766 1156 5865 Phocis.
1203 5778 1277 5860 Ut
1322 5766 1455 5865 vel}?
1495 5792 1574 5831 ea;
1598 5777 1674 5865 lin
1715 5766 1922 5831 circum

2101 5774 2215 5849 (88)
2240 5776 2438 5844 Οὕτως
2462 5775 2653 5832 ἄθλιε.
2681 5773 2886 5831 Eadem
2922 5772 3082 5865 habet
3119 5766 3466 5843 Nicephorus
3492 5770 3603 5830 CP.

352 5847 782 5919 deducerentur,
839 5848 1000 5908 docet
1038 5849 1333 5907 Chronicon
1368 5848 1812 5916 Alexandrinum,
1870 5863 1926 5919 p.

1950 5356 1994 5412 D
2024 5352 2152 5417 876,
2211 5370 2242 5408 a
2266 5351 2574 5409 candidatis
2604 5350 2838 5413 scilicet,
2879 5357 2936 5405 et
2971 5364 3095 5405 cum
3127 5350 3303 5406 cereis
3326 5349 3600 5419 accensis,
3696 5372 3721 5396 κ
