4068 6410
437 377 590 472 ἰεπ

1699 424 2114 487 ANNALIUM
2145 428 2296 494 LIB.
2337 433 2497 500 XIV.

3588 456 3729 520 1273

451 524 721 594 στεφθεὶς,
750 527 950 584 αὐτίκα
981 532 1074 586 καὶ
1101 531 1200 605 τὴν
1224 534 1488 592 Εὐδοκίαν
1514 537 1614 609 τὴν
1643 539 1889 610 μνηστὴν
1915 550 2035 594 ται-

2139 551 2320 612 natus,
2349 549 2535 606 statim
2576 550 2743 610 etiam
2775 553 3075 612 Eudociam
3123 574 3380 631 sponsam
3414 563 3727 630 diademate

447 620 584 683 νιοῖ,
619 621 715 673 καὶ
749 620 866 692 ἃμα
896 624 964 678 τά
993 642 1050 678 τε
1083 626 1333 697 βασίλεια
1368 632 1540 702 στέφη
1571 633 1665 685 καὶ
1693 633 1821 696 τοὺς
1848 648 2035 703 γαμη-

448 707 595 773 λίους
643 715 940 783 στεφάνους
993 719 1278 786 ἐδέξαντο,
1329 721 1472 777 ὥστε
1523 724 1666 780 κατά
1713 725 1812 796 τὴν
1862 726 2033 797 αὐτὴν

449 803 664 875 ἡμέραν
702 808 794 859 καὶ
826 809 1063 879 βασιλεῖς
1107 814 1274 884 άμφω
1317 817 1655 887 χρηματίσαι
1697 818 1896 882 αὐτοὺς
1937 818 2048 873 καὶ.

449 898 737 966 νυμφίους.
773 903 836 954 Οἱ
869 903 926 956 δέ
961 920 1024 972 γε
1061 906 1270 978 Πέρσαι
1307 909 1418 980 (89)
1451 911 1554 980 τὴν
1589 910 1734 983 ἑῴαν
1767 913 2032 981 κατέτρε-

448 1004 572 1057 χον,
606 990 702 1042 καὶ
733 992 830 1053 τὰς
863 994 962 1063 μὲν
987 997 1095 1048 τῶν
1122 1000 1319 1070 χωρῶν
1344 999 1436 1071 ὑφ’
1462 1004 1690 1068 ἑαυτοὺς
1719 1004 2032 1072 ἐποιοῦντο,

446 1080 546 1142 τὰς
574 1081 630 1134 δὲ
661 1083 959 1154 ἐληΐζοντο,
990 1090 1087 1142 καὶ
1117 1093 1149 1162 ή
1183 1092 1466 1168 Ῥωμαῖκή
1497 1097 1728 1168 στρατιά
1759 1098 2037 1168 προσϐάλ-

445 1173 611 1228 λουσα
643 1181 854 1243 τούτοις
887 1181 1093 1252 ἥττητο
1136 1186 1231 1239 καὶ
1265 1185 1548 1254 διώλλυτο,
1587 1190 1836 1262 βραχέων
1870 1191 2033 1245 τινῶν

448 1267 868 1336 περισωθέντων
909 1278 1078 1346 φυγῇ.
1121 1279 1233 1331 Καὶ
1276 1277 1373 1350 τὴν
1419 1281 1692 1353 Εὐρώπην
1732 1283 2034 1356 οίἈϐαροι

447 1356 544 1408 καὶ
570 1359 619 1409 οἱ
650 1360 852 1415 Σκύθαι
885 1364 1210 1436 ήρήμωσαν.
1244 1371 1336 1423 Διὸ
1369 1372 1461 1426 καὶ
1491 1372 1688 1445 ἠπόρει
1717 1374 1745 1428 ὀ
1778 1375 2036 1446 βασιλεὺς

459 1449 780 1518 Ἡράκλειος
807 1455 902 1509 ὅτι
930 1462 1022 1510 καὶ
1050 1458 1256 1528 δράσει.
1275 1462 1748 1536 Ἐπισκεψάμενος
1775 1468 1882 1538 γάρ
1909 1469 2037 1534 τοὺς

448 1547 880 1612 στρατιωτικοὺς
908 1550 1242 1620 καταλόγους
1262 1598 1277 1620 ,
1311 1557 1454 1609 πάνυ
1484 1557 1707 1622 τούτους
1737 1554 1864 1631 εὗρε
1897 1561 2034 1632 βρα-

453 1638 579 1704 (sig,
609 1640 864 1695 ἁπάντων
893 1645 1079 1714 σχεδὸν
1105 1648 1164 1698 ἐν
1189 1652 1301 1711 τοῖς
1332 1650 1592 1722 πολέμοις
1619 1654 2032 1714 ἀναλωθέντων.

459 1728 556 1781 Ἐκ
589 1731 698 1801 γὰρ
729 1732 841 1785 τῶν
872 1734 984 1804 (90)
1017 1737 1108 1790 ἐπὶ
1141 1739 1453 1810 Μαυρικίου
1487 1743 1579 1797 τὸν
1609 1747 1804 1800 Φωκᾶν
1833 1749 2036 1817 ἀναγο-

455 1824 764 1888 ρευσάντων
800 1827 880 1887 είς
925 1829 1128 1894 πολλὰς
1169 1832 1413 1902 χιλιάδας
1450 1836 1908 1909 ἀριθμουμένων,
1943 1840 2036 1895 δύο

452 1914 605 1983 μόνει
642 1917 974 1989 στρατιῶται
1012 1922 1453 1994 περιλειφθέντες
1489 1930 1811 2003 εὑρέθησαν.
1849 1933 2038 2007 Στρα-

446 2007 749 2078 τολογήσας
769 2007 862 2064 οὖν
888 2014 1136 2084 Κρίσπον
1159 2019 1463 2088 στρατηγὸν
1485 2023 1884 2090 Καππαδοκίας
1905 2044 2037 2099 προ-

450 2097 700 2156 ϐάλλεται
722 2142 735 2165 ,
772 2104 868 2159 καὶ
903 2107 1114 2162 στέλλει
1147 2111 1339 2166 τοῦτον
1373 2116 1509 2170 ἐκεῖ.
1547 2118 1762 2173 Γίνεται
1795 2121 1853 2174 δὲ
1887 2097 2038 2194 αὐτῷ

450 2194 516 2250 ὲκ
557 2197 659 2266 τῆς
702 2197 1022 2270 Αύγούστης
1067 2204 1351 2273 Εὐδοκίας,
1401 2212 1470 2282 ἢν
1513 2213 1607 2266 καὶ
1654 2214 1857 2269 Φοιϐίαν
1903 2215 2038 2270 ὠνό-

455 2305 628 2358 μασε,
663 2289 911 2364 θυγάτηρ
947 2296 1262 2366 Ἐπιφανία.
1297 2299 1432 2356 Εἶτα
1468 2304 1562 2358 καὶ
1597 2306 1712 2371 υίὸς
1747 2308 1940 2380 ἐτέχθη
1963 2350 1977 2373 ,
2009 2310 2037 2363 ὁ

455 2382 654 2453 μικρὸς
684 2381 1011 2454 Ἡράκλειος
1047 2389 1140 2442 καὶ
1177 2391 1294 2456 νέος
1331 2395 1740 2462 Κωνσταντῖνος
1775 2399 2035 2470 κληθεὶς,

451 2473 546 2526 καὶ
576 2473 744 2544 ἄμφω
770 2474 826 2528 δέ
853 2476 929 2530 τὼ
955 2479 1112 2532 παῖδε
1138 2482 1312 2553 τούτῳ
1341 2483 1605 2557 βασιλικῷ
1631 2487 1924 2561 διαδήματι
1950 2511 2038 2547 τεο

451 2566 728 2622 ταινίωκε.
759 2569 868 2623 Καὶ
901 2571 1020 2640 μετ’
1042 2572 1222 2642 ὀλίγον
1251 2577 1282 2647 ή
1315 2578 1529 2650 γαμετή
1570 2581 1735 2636 αὐτοῦ
1769 2585 1798 2655 ή
1829 2584 2038 2653 Αὐγού-

453 2674 554 2712 στα
581 2658 813 2714 Εὐδοκία
841 2661 934 2716 τὸν
964 2663 1076 2734 βίον
1107 2667 1392 2724 ἀπέλιπεν.
1425 2672 1822 2745 Ἐκφερομένου
1855 2675 1912 2729 δὲ
1941 2677 2035 2732 τοῦ

451 2749 656 2821 ταύτης
712 2753 909 2826 νεκροῦ
966 2755 1263 2827 βασιλικῶς
1317 2761 1404 2817 διὰ
1455 2755 1574 2837 τῆς
1607 2767 1846 2838 ἀγορᾶς,
1901 2769 2038 2842 κόρη

453 2857 536 2906 τις
569 2844 679 2916 (91)
710 2847 1111 2915 προκύπτουσα
1135 2853 1434 2925 βάρϐαρος,
1459 2859 1701 2928 τυχαίως
1728 2861 2036 2931 ἀπέπτυσε,

455 2937 549 2990 καὶ
591 2938 652 2992 τὸ
692 2939 922 3011 πτύσμα
962 2943 1044 3008 είς
1080 2945 1178 3018 τὴν
1219 2946 1440 3020 κλίνην,
1481 2949 1548 3004 δι’
1569 2945 1638 3024 ἧς
1677 2953 1964 3026 ἐξεφέρετο
2004 2957 2037 3028 ή

453 3030 777 3099 Λύγούστα,
827 3035 1169 3104 κατήνεκτο,
1248 3039 1340 3092 καὶ
1402 3041 1766 3113 συλληφθεῖσα
1813 3048 1846 3116 ή
1902 3046 2037 3120 κόρη

454 3123 682 3196 ἐκαύθη,
713 3129 1140 3200 προσενεχθεῖσα
1166 3133 1227 3203 τῇ
1261 3132 1495 3208 θανούσῃ
1525 3135 1645 3190 λίαν
1670 3139 1889 3212 οἰκτρὸν
1912 3142 2037 3196 ἐπι-

2135 647 2316 695 ornat.
2353 639 2428 697 Ita
2473 643 2636 700 simul
2664 657 2718 701 et
2754 647 3132 719 imperatorias
3159 663 3216 709 et
3243 657 3520 726 nuptiales
3562 677 3727 720 coro-

2135 745 2236 785 nas
2305 747 2657 804 acceperunl,
2700 742 2894 796 eodem
2956 743 3046 798 die
3101 753 3158 799 et
3235 747 3594 818 imperatores
3666 766 3726 814 et

2135 822 2320 912 sponsi
2364 826 2644 895 appellati.
2680 831 2751 885 At
2793 832 3000 898 Persae,
3055 834 3361 896 Orientales
3410 844 3725 912 provincias

2136 911 2509 984 incursantes,
2561 921 2697 976 alias
2733 922 3084 995 subegerant,
3134 929 3268 985 alias
3314 933 3723 1007 praedabantur,

2135 1006 2506 1080 Romanaeque
2547 1012 2793 1084 legiones
2821 1017 2890 1072 ab
2913 1017 2996 1074 eis
3026 1019 3185 1078 victm
3232 1039 3494 1096 caesaeque
3537 1006 3723 1085 erant:

2134 1103 2329 1172 paucis
2375 1103 2502 1176 fuga
2551 1106 2771 1177 elapsis.
2823 1109 3098 1182 EurOpam
3162 1114 3377 1188 Scythae
3421 1129 3478 1176 et
3518 1120 3726 1179 Avares

2135 1204 2441 1252 vastarant.
2493 1199 2625 1266 Qua:
2672 1218 2762 1258 res
2815 1203 3205 1272 imperatorem
3269 1213 3440 1269 animi
3493 1214 3725 1272 dubium

2136 1286 2464 1346 reddebant.
2509 1291 2646 1347 Nam
2695 1295 2752 1350 in
2802 1297 3139 1356 militaribus
3202 1303 3466 1375 catalogis
3517 1323 3726 1378 paucos

2136 1382 2363 1437 omnino
2396 1385 2727 1454 reperiebat,
2760 1404 2901 1458 pene
2925 1392 3183 1448 omnibus
3213 1393 3361 1451 bello
3393 1397 3725 1470 absumptis.

2135 1472 2217 1528 Ex
2248 1475 2433 1532 multis
2476 1477 2625 1534 enim
2667 1494 2858 1536 eorum
2896 1484 3160 1552 millibus,
3189 1488 3285 1558 qui
3328 1489 3431 1545 sub
3459 1490 3722 1549 Mauricio

2136 1567 2376 1623 Phocam
2427 1569 2815 1641 imperatorem
2875 1580 3306 1647 consalutarant,
3356 1581 3466 1638 duo
3507 1592 3722 1642 tantum

2136 1661 2341 1718 milites
2390 1663 2588 1734 reliqui
2637 1677 2765 1722 sunt
2794 1668 3022 1724 inventi.
3056 1672 3259 1727 Verum
3312 1673 3526 1730 delectu
3574 1686 3721 1744 acto,

2137 1751 2392 1824 Crispum
2444 1773 2571 1812 cum
2625 1760 2857 1832 imperio
2883 1761 2936 1816 in
2968 1761 3369 1834 Cappadociam
3421 1768 3608 1824 mittit.
3641 1770 3724 1826 Ex

2139 1845 2382 1902 Endocia
2432 1849 2718 1922 Augusta,
2779 1868 2943 1923 quam
2994 1863 3050 1910 et
3098 1853 3322 1912 Fabiam
3375 1859 3724 1929 nominavit,

2139 1937 2366 1994 ﬁliolam
2411 1943 2657 2013 suscepit
2688 1943 3073 2014 Epiphaniam.
3125 1946 3331 2005 Deinde
3369 1950 3538 2004 filium
3581 1966 3725 2020 quo-

2139 2047 2247 2102 que
2286 2030 2596 2089 Heraclium
2643 2035 2941 2107 juniorem,
2982 2039 3075 2110 qui
3105 2049 3162 2095 et
3186 2041 3367 2094 minor
3413 2041 3728 2098 Constantiv

2138 2140 2246 2182 nus
2271 2124 2454 2182 dictus
2487 2136 2591 2192 est,
2626 2129 2928 2201 ambosque
2980 2148 3182 2202 pueros
3219 2133 3527 2189 diademate
3555 2150 3726 2192 orna-

2138 2220 2239 2274 vit.
2275 2219 2463 2290 Neque
2509 2220 2684 2276 multo
2714 2231 2840 2292 post
2887 2227 3087 2297 conjux
3116 2227 3236 2297 ejus
3265 2227 3519 2281 moritur.
3557 2227 3726 2299 Cujus

2137 2312 2308 2369 funus
2360 2329 2486 2369 cum
2538 2325 2737 2370 ornatu
2796 2318 2946 2388 regio
2999 2335 3099 2388 per
3153 2319 3335 2376 forum
3395 2320 3723 2387 efferretur,

2137 2405 2323 2476 puella
2399 2406 2650 2476 quaedam
2731 2407 2968 2463 Barbara
3051 2419 3444 2482 prospectans,
3492 2420 3716 2480 sputum

2140 2496 2463 2567 imprudens
2507 2499 2562 2552 in
2611 2499 2875 2555 feretrum
2923 2501 3157 2572 deiecit,
3204 2502 3275 2557 ob
3317 2502 3465 2573 quod
3519 2503 3723 2557 factum

2138 2591 2535 2660 comprehensa
2563 2601 2619 2646 et
2647 2601 2885 2651 cremata
2919 2594 3256 2665 imperatrici
3285 2594 3556 2651 defunctae
3588 2595 3728 2649 infc-

2137 2682 2322 2738 liciter
2353 2685 2683 2754 parentavit.
2737 2685 3022 2741 lleraclius
3062 2695 3187 2758 post
3229 2701 3374 2750 eam,
3420 2686 3610 2741 fratris
3637 2684 3738 2743 sui-

2139 2776 2308 2832 filiam
2357 2777 2642 2832 Martinam
2697 2777 2886 2842 ducit,
2935 2788 3100 2849 atque
3147 2778 3446 2851 Augustam
3500 2779 3726 2835 salutat.

2137 2870 2275 2926 Cum
2300 2880 2484 2926 autem
2527 2870 2802 2927 Chosroes
2827 2879 2882 2927 et
2907 2872 3088 2928 Persa:
3126 2872 3456 2942 impotenter
3474 2886 3735 2943 grassan-

2142 2971 2244 3024 tes.
2279 2962 2462 3017 omnia
2497 2963 2914 3033 popularentur,
2954 2961 3257 3033 imperator
3289 2977 3390 3033 per
3419 2963 3626 3033 legatos
3653 2963 3724 3017 ah

2139 3071 2206 3112 eo
2237 3056 2411 3126 petiit,
2448 3065 2508 3110 ut
2533 3055 2752 3112 tandem
2782 3055 3009 3110 interitu
3055 3054 3347 3132 hominum
3375 3055 3603 3110 satiatus
3633 3071 3728 3125 pa-

2140 3164 2258 3203 cem
2289 3149 2513 3212 faceret,
2555 3163 2846 3219 annuaque
2893 3148 3098 3203 tributa
3140 3149 3435 3217 acciperet.
3468 3147 3545 3202 Ea
3580 3147 3728 3218 lega-

453 3215 665 3283 τάφιον.
705 3217 764 3272 ’0
812 3219 869 3273 δέ
915 3238 980 3290 γε
1016 3222 1342 3294 Ἡράκλειος
1391 3226 1565 3299 ἔγημε
1612 3231 1896 3302 Μοιρτίναν
1941 3234 2038 3306 τὴν

2143 3240 2294 3296 tione
2327 3240 2635 3310 repudiata,
2685 3215 2853 3298 mittit
2900 3240 3087 3306 aliam,
3122 3250 3178 3294 et
3207 3215 3395 3311 pacem
3432 3240 3589 3310 petit.
3619 3239 3725 3295 Cui

454 3306 844 3376 ἀδελφόπαιδα,
873 3313 968 3364 καὶ
994 3312 1315 3381 Αύγούσταν
1344 3317 1516 3388 αὐτὴν
1544 3320 1901 3393 ἀνηγόρευσε.
1931 3325 2039 3379 Τοῦ

459 3399 641 3471 μέντοι
682 3403 925 3473 Χοσρόου
966 3406 1063 3460 καὶ
1100 3407 1209 3460 τῶν
1249 3410 1475 3480 Περσῶν
1514 3413 1772 3484 ἀκρατῶς
1813 3420 2044 3490 φερομέ-

457 3509 586 3560 νων,
616 3494 710 3547 καὶ
741 3497 921 3551 πάντα
947 3497 1378 3568 λεηλατούντων,
1407 3504 1671 3574 πρέσϐεις
1702 3508 1814 3580 (92)
1841 3511 1868 3562 ὁ
1895 3511 2044 3582 βασι-

455 3583 581 3649 λεὺς
611 3587 748 3660 πρὸς
777 3588 940 3644 αὐτὸν
972 3591 1204 3661 ἔστειλε,
1235 3595 1396 3667 κόρον
1426 3597 1611 3652 λαϐεῖν
1643 3601 1776 3655 ποτέ
1803 3602 1905 3674 τῆς
1933 3603 2043 3658 τῶν

458 3676 768 3749 ἀνθρώπων
805 3680 1016 3752 φθορᾶς
1046 3683 1250 3753 ἀξιῶν,
1286 3687 1381 3740 καὶ
1418 3689 1747 3746 σπείσασθαι
1782 3695 1876 3748 ἐπὶ
1911 3711 2042 3749 συν-

461 3769 656 3841 θήκαις
700 3773 938 3845 ἐτησίων
985 3774 1234 3848 δασμῶν.
1271 3779 1331 3833 Ὀ
1378 3780 1436 3833 δὲ
1484 3782 1585 3852 τὴν
1631 3784 1930 3854 πρεσϐείαν
1979 3788 2041 3842 οὐ

461 3866 796 3936 προσήκατο.
849 3869 1016 3922 Πάλιν
1067 3865 1163 3924 οὖν
1219 3871 1384 3943 ἑτέρα
1444 3874 1721 3930 στέλλεται
1777 3877 2042 3948 πρεσϐεία

461 3955 602 4026 πρὸς
616 3956 778 4010 αὐτὸν
807 3958 1033 4030 εἰρήνην
1057 3961 1436 4034 ἐξαιτουμένη.
1457 3963 1516 4019 Ὀ
1543 3966 1598 4018 δέ
1629 3967 1844 4038 Πέρσης
1873 3968 2042 4039 ὖπΞΡ⁶

462 4049 702 4118 ηφάνους
746 4051 840 4104 καὶ
867 4051 1223 4125 βλασφήμους
1259 4057 1358 4119 τὰς
1401 4057 1723 4128 ἀποκρίσεις
1748 4061 2038 4132 πεποίηκε,

462 4140 637 4211 λέγων
668 4144 742 4215 μὴ
773 4145 839 4200 ἄν
868 4163 997 4199 ποτε
1030 4148 1315 4216 φείσασθαι
1346 4151 1454 4204 τῶν
1483 4153 1850 4224 Χριστιανῶν,
1883 4157 1928 4208 εί
1964 4156 2040 4228 μὴ

462 4235 551 4288 τον
585 4237 1002 4310 ἐσταυρωμένον
1038 4242 1148 4311 (95)
1185 4243 1561 4315 ἀρνήσωνται,
1600 4248 1695 4300 καὶ
1731 4247 2040 4302 σεϐασθῶσι

463 4329 554 4383 τὸν
598 4331 769 4402 ἥλιον.
801 4334 1100 4403 Ἀπογνοὺς
1147 4334 1242 4390 οὖν
1283 4338 1381 4405 τὴν
1426 4341 1650 4411 εἰρήνην
1695 4344 1722 4395 ὁ
1765 4342 2038 4414 βασιλεὺς,

465 4423 888 4495 ἐπιστρατεῦσαι
950 4427 1206 4483 διενοεῖτο
1271 4431 1412 4484 κατὰ
1481 4433 1748 4502 Περσῶν,
1805 4435 1886 4490 διὸ
1947 4439 2039 4491 καὶ

467 4516 690 4572 ἔσπευδε
729 4519 916 4574 θέσθαι
945 4522 1084 4593 πρὸς
1113 4523 1202 4578 τὸν
1233 4525 1483 4593 Χαγάνον
1518 4527 1631 4598 (94)
1666 4529 1927 4594 σπονδὰς,
1966 4531 2040 4603 μὴ

465 4612 835 4684 ἀφιστάμενον
891 4613 982 4668 τοῦ
1035 4616 1134 4688 τὴν
1184 4617 1407 4690 Θρᾴκην
1457 4618 1760 4689 ληῖζεσθαι.
1815 4621 2040 4688 Στείλας

464 4705 644 4758 τοίνυν
683 4708 820 4779 πρὸς
863 4710 1058 4776 αὐτὸν,
1104 4712 1330 4783 είρήνην
1370 4713 1523 4784 ᾔτει,
1569 4715 1665 4768 καὶ
1701 4717 1729 4768 ὁ
1769 4715 2046 4788 βάρϐαρος

465 4800 567 4853 οὐκ
605 4800 917 4859 ἀνένευσεν.
952 4804 1170 4870 Ἡσθεὶς
1207 4803 1300 4859 οὖν
1337 4808 1365 4860 ὁ
1406 4807 1680 4877 βασιλεὺς,
1719 4807 1910 4878 ἐξῆλθε
1947 4810 2044 4880 τῆς

469 4895 708 4962 πόλεως,
765 4897 860 4951 καὶ
915 4897 1020 4964 ἔξω
1068 4899 1162 4952 τοῦ
1216 4900 1448 4970 Μακροῦ
1502 4901 1729 4972 Τείχους
1781 4902 2047 4974 ηὐλίσατο

471 4989 612 5057 μετά
654 4989 754 5058 τῆς
804 4990 1095 5060 βασιλικῆς
1144 4991 1498 5056 πολυτελείας
1547 4997 1644 5047 καλ⁹
1689 4995 2041 5065 δορυφορίας,

469 5081 562 5133 καὶ
604 5081 910 5152 χρημάτων
955 5084 1198 5152 πολλῶν,
1247 5083 1283 5138 ἃ
1321 5083 1400 5156 τῷ
1445 5085 1684 5156 Χαγάνῳ
1724 5085 1873 5158 δῶρα
1919 5085 2043 5139 ἐκό-

472 5173 650 5241 μιζεν.
691 5172 750 5228 Ὁ
783 5176 840 5230 δὲ
876 5176 1151 5247 βάρϐαρος
1191 5177 1467 5247 ἀλογήσας
1502 5179 1610 5233 τῶν
1642 5177 1823 5251 ὅρκων
1853 5195 1912 5231 τε
1947 5178 2045 5231 καὶ

467 5265 577 5319 τῶν
617 5267 924 5340 συνθηκῶν,
964 5267 1192 5341 ὥρμησε
1219 5270 1312 5325 τὸν
1343 5269 1568 5341 βασιλέα
1607 5272 1845 5342 συσχετν.
1882 5270 2046 5324 Ἀλλὰ

2143 3333 2307 3389 Persa
2333 3335 2570 3404 superbe
2601 3335 3111 3406 contumelioseque
3141 3333 3425 3402 respondit
3451 3372 3466 3396 ,
3493 3333 3560 3389 Se
3586 3348 3730 3386 nun-

2142 3439 2306 3493 quam
2354 3441 2646 3494 parsurum
2689 3426 3041 3490 Christianis,
3079 3425 3188 3481 nisi
3218 3423 3552 3481 Crucifixum
3603 3422 3726 3478 infi-

2143 3515 2298 3581 ciati,
2330 3515 2512 3572 Solem
2555 3519 2867 3572 adorarent.
2895 3517 3197 3587 Imperator
3240 3516 3407 3585 igitur
3454 3528 3585 3584 pace
3622 3513 3727 3568 de.

2142 3619 2356 3677 sperata
2407 3609 2554 3664 bello
2598 3610 2792 3666 Persas
2839 3609 3101 3665 invadere
3145 3607 3455 3674 constituit,
3499 3613 3553 3661 et
3596 3621 3728 3661 cum

2142 3701 2422 3773 Chagano,
2450 3704 2540 3773 qui
2583 3703 2871 3759 Thraciam
2906 3703 3258 3758 continenter
3290 3700 3598 3763 infestabat,
3630 3713 3728 3767 pa.

2143 3809 2262 3850 cem
2307 3809 2540 3865 propere
2579 3794 2761 3850 facere
2791 3812 2805 3848 :
2833 3810 2940 3864 qua
2972 3809 3072 3865 per
3118 3794 3327 3864 legatos
3357 3792 3552 3862 petita,
3593 3790 3729 3845 Bar-

2143 3885 2310 3941 barus
2367 3901 2479 3940 non
2533 3885 2749 3941 abnuit.
2801 3885 2878 3940 Ea
2920 3902 2982 3942 re
3026 3885 3332 3941 delectatus
3389 3884 3722 3953 imperator,

2143 3975 2336 4030 urbem
2368 3990 2645 4044 egressus,
2683 3985 2837 4032 extra
2872 3975 3117 4046 Longum
3149 3975 3385 4035 Murum,
3422 3989 3546 4028 eum
3576 3971 3730 4042 regia

2143 4067 2552 4140 magniﬁcentia
2575 4076 2630 4122 et
2655 4067 2941 4134 comitatu,
2973 4067 3170 4123 stativa
3202 4065 3417 4131 habuit,
3442 4065 3734 4134 multaque-

2143 4173 2372 4214 mnncra
2403 4158 2660 4229 Chagano
2707 4158 2912 4214 attulit.
2945 4160 3014 4214 At
3037 4159 3310 4213 Barbarus
3355 4165 3540 4226 spreto
3564 4155 3728 4226 jure-

2137 4251 2376 4323 jurando
2403 4261 2460 4307 et
2481 4250 2689 4306 foedere
2713 4290 2730 4315 ,
2761 4249 3072 4307 lleraclium
3102 4249 3572 4321 comprehendere
3601 4259 3740 4303 stu-

2143 4342 2285 4398 duit.
2321 4342 2429 4398 Sed
2461 4357 2526 4398 eo
2556 4351 2757 4398 conatu
2807 4342 2918 4412 83
2965 4341 3260 4397 frustratus
3310 4344 3458 4410 (nam
3494 4340 3583 4394 ille
3610 4340 3738 4411 jam»

2143 4436 2476 4508 aufugerat),
2515 4450 2679 4490 omne
2715 4437 2926 4506 regium
2959 4435 3384 4490 instrumentum
3415 4440 3469 4487 et
3494 4431 3738 4488 comita—

2146 4538 2282 4594 tum,
2325 4530 2614 4601 pecuniam
2651 4543 2872 4599 quoque
2896 4537 2952 4583 et
2979 4527 3149 4582 multa
3179 4526 3522 4596 captivorum
3550 4523 3736 4578 millia

2145 4623 2394 4692 diripuit,
2432 4623 2717 4692 otioseque
2751 4621 2973 4677 domum
3004 4630 3088 4676 est
3119 4634 3394 4675 reversus.
3437 4617 3738 4673 Heraclius.

2146 4714 2314 4786 igitur
2347 4714 2530 4770 denuo
2582 4731 2680 4784 per
2714 4714 2944 4785 legatos,
2972 4714 3039 4769 de
3065 4713 3296 4784 perfidia
3334 4713 3456 4783 ejus
3484 4726 3730 4780 conque-

2145 4812 2280 4870 stus,
2330 4819 2518 4872 pacem
2552 4803 2622 4859 ab
2657 4793 2752 4860 illo
2786 4804 3064 4874 impetrat.
3097 4803 3195 4859 Ille
3223 4818 3378 4867 vero,
3401 4801 3551 4874 regia
3587 4799 3731 4854 urbe

2146 4894 2466 4966 digressus,
2521 4893 2860 4960 Caesaream,
2921 4894 3015 4950 ubi
3071 4894 3299 4964 Crispus
3349 4893 3460 4948 dux
3509 4892 3732 4962 agebat,

2146 4988 2437 5061 pervenit,
2485 5003 2724 5059 cumque
2769 4987 2855 5043 vel
2901 4995 3291 5059 aegrotantem,
3338 4984 3426 5041 vel
3471 4984 3730 5038 morbum

2143 5082 2494 5138 simulantem
2535 5082 2742 5148 invisit,
2782 5081 2849 5137 de
2881 5081 3048 5138 rebus
3077 5080 3334 5152 gerendis
3372 5094 3497 5135 cum
3532 5092 3600 5133 eo
3629 5077 3728 5131 de-

2141 5175 2498 5230 liberaturus.
2537 5173 2644 5230 Sed
2680 5175 3020 5246 negligenter
3053 5173 3123 5228 ab
3153 5187 3219 5228 eo
3247 5171 3541 5241 excipitur.
3587 5167 3729 5224 Nam

2141 5283 2322 5339 neque
2355 5267 2573 5324 obviam
2619 5282 2943 5340 progressus
2971 5275 3076 5334 est,
3107 5279 3286 5337 neque
3313 5280 3344 5322 e
3370 5264 3576 5321 lectulo
3600 5279 3724 5321 sur-

1663 5385 1863 5448 Variae
1902 5384 2217 5448 lectiones
2268 5387 2330 5444 et
2363 5385 2553 5444 notas.

537 5511 656 5580 .(89l
695 5513 760 5565 Οί
810 5509 878 5564 δέ
916 5525 983 5582 τε
1022 5508 1267 5582 ηέρσαι.
1323 5508 1556 5582 Niceph.
1605 5508 1711 5567 CP.
1761 5525 1854 5567 an.
1906 5509 2044 5581 616;

473 5578 798 5652 Th'eOphan.
833 5596 926 5635 an.
959 5578 1260 5652 2._Het;acl.
1320 5650 1332 5652 μ
1460 5578 1479 5582 ’
1603 5650 1619 5652 Α
1877 5592 1882 5598 ’

543 5648 654 5718 (90)
684 5653 787 5707 Ἐκ
821 5652 926 5720 γὰρ
961 5648 1100 5720 τῶν,
1127 5650 1448 5720 Theophan.
1479 5666 1570 5706 an.
1594 5650 1630 5705 2
1666 5651 1882 5707 Herae].

547 5719 854 5803 (9|)7Kép'n
892 5739 1004 5803 τις.
1053 5719 1296 5803 Niceph.
1335 5721 1441 5803 GP.
1492 5737 1584 5803 an.
1635 5723 1741 5777 612
1792 5721 2047 5803 incendio

473 5799 804 5924 gamnatam,
836 5799 948 5850 neu
983 5801 1365 5864 consumptam
1399 5793 1587 5863 tradit,
1615 5809 1740 5852 cum
1770 5807 1889 5851 sese
1917 5793 2047 5852 sub-

515 5867 742 5924 uxisset.

2221 5505 2331 5578 (92)
2367 5508 2670 5576 Πρέσϐεις.
2700 5508 2931 5578 Niceph.
2960 5506 3064 5565 CP.
3096 5522 3188 5563 an.
3220 5506 3354 5576 616;
3397 5505 3722 5577 Theophan.

2145 5588 2203 5636 et
2235 5578 2471 5636 Cedren.
2502 5595 2594 5633 an.
2631 5582 2664 5634 4
2698 5579 2912 5635 Heracl.

2219 5653 2330 5722 (95)
2378 5651 2445 5703 Et
2476 5651 2564 5722 μὴ
2604 5652 2718 5722 τὸν
2765 5649 3246 5722 ἐσταυρωμένον.
3289 5648 3610 5720 TheOphan.
3667 5654 3726 5702 et

2145 5719 2378 5778 Cedren.
2412 5736 2502 5774 an.
2541 5720 2574 5774 8
2604 5719 2818 5775 l-leracl.

2216 5791 2525 5865 (94)_npo¢
2554 5791 2660 5865 τὸν
2684 5791 2981 5865 Χιιγὰνον.
3028 5792 3262 5865 Niceph.
3301 5790 3407 5849 ΟΡ.
3443 5804 3534 5846 an.
3577 5787 3682 5845 0l9
3706 5804 3724 5854 :-

2148 5862 2475 5936 Thcophan.
2503 5879 2591 5919 an.
2625 5863 2679 5931 9,
2715 5862 2799 5919 ιο.
