4068 6392
487 385 630 452 1283

1755 389 2083 451 JOANNIS
2119 386 2444 450 ZONAIUE

3603 381 3737 446 128i

477 519 542 558 ac
575 499 894 573 Byzantium
930 501 1215 571 perducto,
1249 503 1599 573 magistratus
1625 502 1793 557 lectas
1828 503 2060 565 litteras,

2176 501 2424 570 στρέφων
2450 498 2518 553 τὰ
2549 497 2608 551 έν
2635 495 2816 550 ποσίν.
2865 496 2924 549 '0
2971 497 3162 564 μέντοι
3194 492 3470 564 Χοσρόης,
3510 490 3607 546 τοῦ
3638 492 3737 564 βα-

479 610 588 649 una
628 609 754 648 cum
803 591 1088 648 tabellario
1128 594 1194 648 ad
1223 594 1522 648 Sarharum
1563 595 1811 648 mittunt.
1843 593 1893 648 Is
1921 593 2060 647 lecta

477 687 735 758 epistola,
761 695 820 740 et
845 686 1103 741 Chosroac
1133 686 1404 740 sententia
1429 701 1460 740 e
1491 686 1777 740 tabellario
1809 686 2058 755 cognita,

484 782 646 837 aliam
681 775 966 850 epistolam
1016 778 1298 848 contingit,
1331 793 1564 848 eamque
1611 779 1930 834 convocatis
1963 777 2064 831 tri-

485 872 648 924 bunis
689 881 744 924 et
794 869 1214 925 centurionibus
1277 869 1612 923 recitandam
1678 877 1857 925 curat.
1907 868 2065 924 Unde

479 960 559 1016 illi
599 960 884 1015 iracundia
932 958 1274 1024 inﬂammati,
1314 958 1592 1012 communi
1629 959 1862 1012 consilio
1898 973 1956 1013 se
1996 957 2065 1012 ad

482 1052 856 1111 Romanorum
885 1053 1269 1122 imperatorem
1297 1051 1550 1107 conferre
1576 1060 1903 1106 statuerunt.
1935 1052 2067 1109 Post

482 1143 600 1199 haec
623 1144 789 1198 etiam
833 1143 979 1198 aliud
1015 1143 1274 1213 quiddam
1321 1143 1522 1197 accidit
1544 1142 1612 1196 ad
1636 1142 1895 1198 Chosroa:
1928 1143 2069 1198 inte-

482 1238 652 1292 ritum
683 1237 1096 1291 maturandum.
1129 1236 1264 1290 Nam
1298 1252 1425 1291 cum
1456 1237 1658 1292 multos
1683 1236 1913 1292 haberet
1936 1236 2070 1292 libe-

481 1347 596 1398 ros,
628 1332 832 1402 rejecto
869 1338 999 1384 natu
1035 1330 1273 1384 maximo
1317 1327 1494 1394 Siroe,
1523 1330 1616 1384 alii
1652 1331 1869 1386 tradere
1892 1331 2070 1387 voluit

482 1438 749 1494 regnum,
813 1423 1033 1477 nomine
1088 1423 1369 1477 Merdasze.
1418 1421 1537 1487 Quo
1589 1421 1776 1478 Siroes
1823 1425 2066 1495 cognito,

483 1515 791 1570 conciliatis
821 1515 925 1569 sibi
956 1514 1285 1584 quibusdam
1332 1515 1604 1584 satrapis,
1656 1525 1868 1586 patrem
1917 1518 2070 1571 inva-

485 1601 589 1664 dit,
639 1603 801 1672 eique
841 1603 897 1657 in
933 1604 1150 1658 vincula
1190 1605 1462 1674 conjecto,
1509 1619 1634 1658 cum
1673 1605 1906 1659 multum
1947 1607 2070 1662 auri

484 1703 541 1750 et
571 1697 936 1763 pretiosarum
975 1712 1316 1766 gemmarum
1359 1711 1586 1752 acervos
1612 1697 1723 1768 85
1750 1699 2069 1769 proposuis-

482 1794 570 1841 set
598 1802 611 1838 :
642 1785 714 1842 Ob
746 1787 875 1851 Im'c,
919 1787 1119 1857 inquit,
1155 1786 1423 1842 Romanos
1469 1795 1650 1842 contra
1679 1789 1870 1844 Persas
1895 1792 2070 1844 conci-

2172 586 2367 649 σιλέως
2389 587 2489 654 τὴν
2512 585 2758 655 Περσίδα
2792 583 3122 655 ληϊζομένου
3147 581 3245 636 καὶ
3289 583 3738 653 κατατρέχοντος,

2170 679 2250 740 εἰς
2283 675 2657 747 Κτησιφῶντα
2695 675 3004 745 κατέφυγε.
3054 673 3456 743 Διαϐληθέντος
3505 673 3562 725 δὲ
3609 675 3744 743 πρὸς

2171 769 2335 823 αὑτὸν
2373 769 2467 824 τοῦ
2486 768 2918 840 Δἁρχισατρςὶττου
2946 765 3259 837 Σαρϐἀρου,
3280 764 3356 828 ὡς
3373 764 3442 818 τὰ
3466 764 3576 817 τῶν
3609 763 3745 816 Ῥω-

2175 861 2351 932 μαίων
2379 859 2732 932 φρονοῦντος,
2791 857 2942 929 αὐτῷ
3003 859 3060 911 δὲ
3111 854 3552 928 λοιδορουμένου,
3633 856 3749 907 ἐπι-

2175 953 2383 1006 στέλλει
2473 951 2550 1021 τῷ
2631 952 3035 1022 ὑποστρατήγῳ
3091 948 3259 1004 αὐτοῦ
3317 948 3408 1001 τὸν
3467 947 3749 1018 Σάρϐαρον

2173 1046 2390 1101 ἀνελεῖν
2420 1045 2518 1118 (8).
2557 1045 2665 1099 Τοῦ
2693 1045 2750 1098 δὲ
2811 1045 2911 1116 τὴν
2959 1042 3253 1111 ἐπιστολὴν
3307 1041 3516 1109 ταύτην
3593 1043 3750 1108 κομί-

2175 1138 2362 1205 ζοντος
2418 1140 2480 1193 έν
2532 1138 2611 1210 τῷ
2661 1138 2886 1193 ἀπιέναι
2944 1135 3350 1206 συλληφθέντος
3411 1133 3568 1205 παρὰ
3623 1134 3752 1186 Ῥω-

2176 1230 2375 1298 μαίων,
2403 1233 2500 1284 καὶ
2522 1229 2868 1300 ἀπαχθέντος
2909 1229 2992 1292 εἰς
3041 1225 3103 1280 τὸ
3157 1224 3477 1289 Βυζάντιον,
3534 1221 3753 1291 γνόντες

2173 1323 2243 1376 τὰ
2271 1325 2329 1377 έν
2359 1323 2502 1395 αὐτῇ
2529 1320 2904 1393 γεγραμμένα
2931 1322 2981 1374 οἱ
3015 1319 3123 1373 τῶν
3160 1317 3359 1372 κοινῶν
3408 1312 3755 1387 πραγμάτων

2173 1415 2446 1487 διοικηταὶ
2471 1415 2755 1469 στέλλουσι
2779 1413 3010 1485 ταύτην,
3040 1413 3137 1466 καὶ
3165 1411 3259 1464 τὸν
3282 1410 3456 1477 αὐτῆς
3482 1405 3754 1477 κομιστὴν

2174 1509 2314 1578 πρὸς
2346 1507 2439 1561 τὸν
2478 1507 2767 1578 Σάρϐαρον
2792 1522 2808 1541 ο
2840 1505 2937 1559 καὶ
2973 1504 3032 1569 ὃς
3085 1503 3157 1558 τὰ
3219 1498 3591 1570 γεγραμμένα
3631 1498 3758 1552 ἀνα·

2180 1604 2370 1673 γνοὺς,
2429 1604 2528 1656 καὶ
2588 1601 2684 1656 τοῦ
2729 1599 3203 1672 γραμματοφόρου
3272 1581 3607 1666 πυθόμενος,
3667 1591 3758 1647 καὶ

2180 1691 2369 1764 μαθὼν
2394 1693 2494 1764 τὴν
2533 1693 2763 1764 γνώμην
2779 1692 3053 1765 Χοσρόου,
3090 1693 3295 1761 ἑτέραν
3355 1688 3591 1742 πλάττει
3643 1686 3758 1738 ὲπι-

2177 1785 2374 1849 στολὴν
2405 1785 2737 1839 κελεύουσαν
2768 1785 2933 1838 αὐτόν
2961 1800 3020 1836 τε
3073 1782 3169 1836 καὶ
3230 1779 3463 1844 πολλοὺς
3541 1777 3758 1850 ἑτέρους

487 1879 638 1940 tasti,
671 1888 720 1932 et
748 1881 940 1933 mutuis
969 1879 1196 1933 caedibus
1225 1888 1275 1932 et
1304 1879 1540 1933 cladibus
1574 1883 1814 1951 grassari
1841 1884 2073 1953 coegisti.

2179 1879 2471 1950 σατράπας
2499 1879 2593 1932 καὶ
2618 1877 2939 1948 χιλιάρχους
2965 1874 3350 1946 ἀναιρεθῆναι,
3385 1874 3483 1926 καὶ
3510 1872 3642 1934 τοὺς
3667 1869 3754 1924 τοῦ

485 1968 683 2022 Fruere
725 1971 884 2038 igitur
931 1971 1205 2024 desideriis
1238 1971 1361 2025 tuis.
1393 1970 1602 2026 Deinde
1639 1973 1811 2026 lilium
1855 1988 2074 2044 quoque

483 2058 634 2115 illius
677 2060 1006 2127 Merdasam,
1052 2062 1141 2115 cui
1176 2077 1405 2132 regnum
1451 2062 1776 2130 destinarat,
1819 2074 2077 2120 caeteros-

486 2166 595 2220 que
643 2150 849 2206 liberos
896 2152 951 2206 in
996 2162 1297 2222 conspectu
1345 2153 1530 2217 illius,
1581 2169 1646 2210 ac
1698 2162 1814 2209 tum
1853 2154 2076 2210 demum

488 2239 669 2309 ipsum
701 2257 918 2310 quoque
947 2243 1188 2299 sustulit.
1223 2242 1297 2297 lta
1328 2259 1496 2314 regno
1522 2244 1812 2300 Persarum
1845 2245 2075 2316 potitus,

486 2332 700 2400 icgatos
752 2333 820 2388 ad
869 2334 1180 2389 Heraclium
1235 2336 1426 2401 mittit,
1475 2335 1733 2391 Chosroa:
1789 2339 2074 2393 interitum

487 2425 568 2478 illi
594 2428 876 2488 nuntians,
911 2442 1155 2497 paceque
1179 2426 1342 2489 facta,
1379 2443 1571 2484 omnes
1601 2429 1877 2484 Romanos
1904 2430 2080 2502 captio

483 2529 585 2569 vos
615 2516 868 2582 dimittit,
899 2526 955 2572 et
987 2519 1322 2574 venerabilia
1375 2519 1520 2590 ligna
1570 2520 1828 2576 salutaris
1870 2521 2076 2585 crucis,

485 2617 544 2662 et
589 2609 962 2678 patriarcham
1025 2611 1583 2683 Hierosolymitanum
1629 2611 1951 2668 Zachariam
2001 2611 2079 2670 illi

481 2701 755 2758 restituit.
792 2701 1101 2773 Imperator
1131 2704 1374 2760 vicissim
1407 2706 1610 2774 Persis,
1640 2707 1787 2777 quia
1814 2708 2080 2764 Romanis

479 2793 844 2860 tenebantur,
873 2794 1097 2850 domum
1126 2795 1392 2852 redeundi
1421 2807 1748 2867 potestatem
1781 2798 1950 2854 dedit.
1981 2799 2083 2855 His

485 2887 752 2941 sexennio
791 2889 1050 2957 peractis,
1089 2899 1146 2946 et
1187 2892 1442 2962 pretiosis
1491 2891 1655 2963 lignis
1698 2892 1934 2963 ipsoque
1982 2907 2080 2962 pa-

477 2977 730 3034 atriarcha
783 2980 1180 3055 Hierosolyma
1227 2984 1542 3050 restitutis,
1599 2984 1888 3042 Heraclius
1932 3000 2079 3041 anno

479 3069 725 3138 septimo
771 3071 828 3127 in
855 3073 1060 3145 regiam
1111 3089 1416 3146 regressus,
1449 3089 1480 3128 a
1512 3085 1708 3131 senatu
1762 3075 2079 3146 pepuloque

488 3159 790 3230 Byzantino
833 3161 974 3220 laetis
1022 3164 1551 3231 acclamationibus,
1594 3175 1653 3221 et
1696 3180 1820 3221 cum
1860 3165 2077 3235 plausu,

491 3253 942 3321 splendidissime
981 3258 1282 3328 excipitur.

2176 1971 2593 2042 στρατεύματος
2633 1969 3006 2042 προῦχοντας.
3033 1968 3297 2024 Πείθειδὲ
3341 1969 3440 2021 καὶ
3493 1967 3590 2020 τὸν
3661 1963 3758 2033 τὴν

2175 2063 2481 2136 ἐπιστολήν
2504 2065 2599 2118 τοῦ
2619 2064 2865 2136 Χοσρόου
2897 2062 3208 2134 κομίσαντα
3241 2061 3424 2130 λέγειν
3486 2061 3574 2112 ὅτι
3609 2057 3758 2127 παρὰ

2175 2158 2420 2230 Χοσρόου
2440 2157 2653 2230 ταύτην
2678 2157 2841 2211 έλαϐε
2885 2157 2987 2228 τὴν
3044 2154 3359 2225 ἐπιστολήν.
3424 2151 3759 2219 Συναγαγὼν

2177 2246 2278 2304 οὖν
2310 2250 2437 2312 τοὺς
2467 2249 2575 2305 τῶν
2602 2249 2903 2320 ταγμάτων
2933 2246 3397 2318 ἡγεμονεύοντας,
3430 2248 3487 2298 ὲν
3539 2244 3760 2316 ἐπηκόῳ

2177 2343 2396 2398 πάντων
2419 2342 2520 2415 τήν
2549 2342 2840 2413 ἐπιστολὴν
2865 2340 3286 2411 ἀναγνωσθῆναι
3321 2340 3618 2409 πεποίηκε.
3657 2339 3760 2391 Θυ-

2181 2437 2285 2508 μοῦ
2316 2436 2495 2492 τοίνυν
2516 2436 2852 2507 πλησθέντες
2873 2435 2925 2488 οἱ
2951 2435 3061 2488 τῶν
3081 2433 3381 2505 ταγμάτων
3411 2431 3758 2503 ἐξάρχοντες,

2179 2526 2336 2597 κοινῆ
2367 2527 2651 2581 συνέθεντο
2682 2525 2760 2597 τῷ
2790 2523 3007 2594 βασιλεῖ
3030 2522 3374 2596 προσελθεῖν.
3394 2521 3517 2574 Ἐπὶ
3547 2519 3758 2580 τούτοις

2183 2619 2260 2690 (9)
2295 2622 2388 2674 καὶ
2433 2620 2626 2690 ’ἐτερόν
2645 2635 2698 2674 τι
2731 2617 3100 2688 συμϐέϐηκεν,
3137 2614 3167 2668 ὃ
3191 2613 3284 2667 τὸν
3306 2611 3562 2682 Χοσρόην
3638 2609 3759 2663 διῶ-

2181 2715 2306 2768 λεσε
2339 2730 2354 2747 ο
2383 2716 2583 2778 παῖδας
2612 2714 2722 2787 γὰρ
2753 2713 2892 2785 έχων
2914 2709 3270 2776 πολλοὺς,τὸν
3295 2709 3559 2764 ἁπάντων
3593 2722 3756 2777 πρεσ·

2180 2806 2413 2879 ϐύτερον
2447 2807 2648 2878 Σιρόην
2679 2802 3274 2877 παραγκωνιζόμενος,
3317 2799 3604 2873 ἠϐουλήθη
3645 2798 3754 2852 διά-

2177 2899 2332 2971 δοχον
2360 2899 2461 2970 τῆς
2511 2899 2689 2969 ἀρχῆς
2764 2898 2953 2968 ἕτερον
3005 2891 3366 2964 ποιήσασθαι,
3420 2891 3755 2961 καλούμενον

2179 2989 2496 3061 Μερδασᾶν.
2523 2990 2589 3043 Ὃ
2629 2986 2792 3057 γνοὺς
2821 2986 2850 3040 6
2873 2984 3092 3057 Σιρόης,
3125 2983 3222 3048 καί
3257 3000 3412 3048 τινας
3489 2981 3603 3035 τῶν
3673 2997 3754 3033 σα·

2179 3081 2404 3153 τραπῶν
2431 3066 3250 3150 ὑποτέοιησάμενος,ἐπιτίθεται
3269 3075 3346 3146 τῷ
3365 3075 3556 3145 πατρὶ,
3575 3071 3758 3140 δεσμεῖ

2179 3185 2241 3223 τε
2268 3169 2480 3233 τοῦτον,
2510 3172 2603 3222 καὶ
2632 3167 2835 3238 χρυσὸν
2862 3167 3022 3243 αὐτῷ.
3041 3167 3209 3221 πολὺν
3237 3165 3606 3236 παρατίθησι,
3664 3158 3754 3214 καὶ

2109 3252 2155 3314 C
2185 3257 2352 3311 λίθων
2375 3257 2484 3311 τῶν
2516 3257 2834 3327 πολυτίμων
2861 3259 3096 3328 σωροὺς,
3145 3257 3249 3312 Διὰ
3270 3257 3462 3312 ταῦτα
3498 3255 3635 3328 (10),
3669 3253 3750 3305 λέ-

487 3363 626 3414 γων,
670 3349 980 3418 Ῥωμαίοις
1005 3350 1146 3417 τοὺς
1173 3351 1410 3420 Πέρσας
1473 3350 1941 3422 ἐξεπολέμωσας
2015 3346 2116 3404 καὶ
2152 3348 2458 3419 ἀλλήλοις
2497 3349 2822 3420 μάχεσθαι,
2886 3349 2987 3403 καὶ
3021 3348 3472 3419 διαφθείρεσθαι
3541 3364 3755 3414 κατην-

503 3436 774 3506 άγκαζες,
806 3441 1085 3496 ἀπόλαυε
1107 3443 1322 3496 τοίνυν
1353 3442 1474 3496 τῶν
1511 3440 1740 3510 ἐφετῶν
1769 3459 1891 3497 σοι.
1948 3438 2085 3495 Εἶτα
2121 3441 2215 3494 τὸν
2248 3441 2365 3494 υἱὸν
2429 3439 2597 3493 αὐτοῦ
2650 3440 2968 3511 Μερδασᾶν,
2999 3434 3041 3509 ᾧ
3075 3441 3174 3513 τήν
3211 3441 3322 3496 τῶν
3351 3441 3584 3510 Περσῶν
3634 3442 3754 3494 ἀνε-

487 3529 630 3611 τζθει
661 3533 859 3602 ἀρχὴν,
895 3533 1073 3587 ἀνεῖλε
1107 3534 1214 3606 πρὸ
1240 3535 1540 3607 ὀφθαλμῶν
1577 3535 1767 3601 αὑτοῦ,
1799 3536 1935 3590 ἀλλὰ
1968 3537 2078 3608 μὴν
2110 3538 2206 3589 καὶ
2264 3536 2392 3599 τοὺς
2418 3535 2616 3598 ἄλλους
2676 3536 2875 3600 παῖδας
2904 3536 3095 3600 αὐτοῦ,
3122 3537 3221 3591 καὶ
3252 3538 3348 3591 ἐπὶ
3394 3537 3533 3590 πᾶσι
3565 3536 3755 3591 κάκεῖ.

489 3643 601 3681 νιν.
655 3629 966 3702 Ἐγκρατὴς
997 3626 1088 3686 οὖν
1121 3631 1233 3704 (Η)
1281 3634 1380 3704 τῆς
1437 3633 1548 3687 τῶν
1600 3632 1829 3702 Περσῶν
1888 3632 2068 3704 ἀρχῆς
2103 3631 2369 3702 γεγονὼς,
2436 3631 2815 3703 διαπέμπεται
2875 3634 3015 3704 πρὸς
3073 3631 3425 3704 Ἡράκλειον,
3483 3631 3582 3686 τοῦ
3655 3630 3754 3684 Xo.

493 3721 658 3789 σρόου
695 3722 922 3794 ὄλεθρον
949 3724 1098 3795 αύτῷ
1132 3727 1652 3796 άναγγελιζόμενος,
1686 3726 1781 3780 καὶ
1849 3727 2220 3798 σπεισάμενος
2288 3725 2460 3797 αὐτῷ,
2530 3726 2742 3790 πάντας
2788 3725 2916 3790 τοὺς
2971 3728 3031 3780 έν
3087 3726 3312 3798 Περσίδι
3372 3726 3754 3798 αἰχμαλώτους

504 3812 814 3897 Ῥωμαίους
845 3814 1166 3887 ἐλευθέρους
1200 3817 1403 3887 ἀφῆκε,
1468 3817 1565 3870 καὶ
1619 3817 1688 3870 τὰ
1737 3815 1897 3887 τίμια
1946 3815 2081 3886 ξύλα
2115 3815 2212 3869 τοῦ
2279 3815 2555 3886 σωτηρίου
2631 3815 2871 3885 σταυροῦ
2923 3814 3076 3886 αὐτῷ
3126 3815 3464 3882 ἀποδέδωκε,
3519 3816 3620 3870 καὶ
3665 3815 3754 3870 τὸν

489 3912 842 3982 πατριάρχην
873 3912 974 3982 τῆς
1014 3911 1381 3984 Ἰερουσαλὴμ
1427 3909 1730 3982 Ζαχαρίαν.
1804 3911 1914 3964 Καὶ
1975 3912 2004 3963 6
2071 3909 2330 3981 βασιλεὺς
2391 3906 2552 3974 αὖθις
2581 3910 2794 3974 πάντας
2817 3911 2947 3975 τοὺς
2986 3911 3136 3982 παρὰ
3182 3899 3474 3982 Ῥωμαίων
3534 3930 3753 3982 κατεχο-

494 4007 692 4077 μένους
737 4005 954 4075 Πέρσας
986 4004 1244 4058 ἀπελθεῖν
1277 4003 1462 4074 ἀφῆκε
1494 4003 1634 4073 πρὸς
1693 4003 1822 4066 τοὺς
1845 4002 2108 4066 οἰκείους.
2151 4002 2339 4056 Ταῦτα
2362 4003 2421 4056 έν
2477 4003 2536 4071 ἒξ
2565 4004 2742 4058 ἔτεσιν
2769 4004 2976 4068 ἀνύσας
3039 4003 3388 4076 Ἡράκλειος,
3427 4007 3524 4061 καὶ
3547 4009 3752 4062 ἀποκα-

489 4100 768 4169 ταστήσας
799 4099 862 4168 τῇ
904 4096 1266 4169 Ἰερουσαλὴμ
1288 4097 1358 4152 τὰ
1404 4097 1564 4168 τίμια
1614 4097 1768 4164 ξύλα,
1825 4099 1923 4152 καὶ
1976 4099 2068 4151 τὸν
2110 4097 2466 4171 πατριάρχην
2527 4099 2714 4167 αὑτὸν,
2746 4099 2824 4170 τῷ
2847 4099 3064 4170 ἑϐδόμῳ
3089 4101 3394 4171 ἐπανῆλθεν
3421 4106 3502 4167 εἰς
3559 4106 3630 4157 τὰ
3663 4103 3750 4174 βα-

495 4194 691 4257 σίλεια,
730 4194 850 4262 μετ’
881 4192 1166 4263 εὐφημίας
1219 4193 1316 4246 καὶ
1375 4192 1590 4263 κρότων
1685 4193 1800 4264 (12)
1862 4191 2077 4261 δεχθεὶς
2117 4191 2215 4244 καὶ
2272 4191 2687 4263 λαμπρότητος,
2721 4193 2875 4264 παρά
2930 4209 2991 4246 τε
3026 4193 3124 4266 τῆς
3153 4195 3451 4266 γερουσίας
3505 4197 3603 4250 καὶ
3658 4196 3748 4251 τοῦ

494 4286 742 4349 πλήθυς
765 4287 862 4354 τῆς
889 4285 1121 4349 πόλεως.

573 4377 739 4432 XVII.
767 4378 1062 4443 Craterum,
1089 4379 1143 4432 in
1176 4379 1358 4434 reditu
1416 4379 1789 4435 Jacobitarum
1839 4380 2073 4435 catholi-

2257 4374 2361 4429 lZ'.
2396 4372 2683 4444 Γενομένῳ
2740 4372 2798 4426 δὲ
2835 4373 2914 4444 τῷ
2963 4371 3180 4444 βασιλεῖ
3247 4374 3554 4454 Ἡρακλείῳ
3617 4377 3756 4431 κατὰ.

490 4484 642 4531 cum,
668 4485 832 4540 quem
859 4470 935 4524 illi
960 4472 1326 4540 patriarcham
1347 4471 1651 4536 nominant,
1681 4470 2078 4544 Hierosolymis

495 4560 790 4626 incusavit,
827 4573 888 4618 ut
913 4563 1005 4633 qui
1035 4563 1482 4620 Chalcedonense
1543 4563 1840 4619 concilium
1875 4566 2077 4634 impro-

496 4650 676 4719 baret,
717 4667 898 4721 neque
929 4652 1067 4706 duas
1088 4662 1315 4708 naturas
1345 4654 1402 4708 in
1432 4653 1655 4709 Christo
1703 4655 1842 4710 citra
1878 4656 2077 4712 confu-

493 4741 721 4795 sionem
783 4742 966 4795 unitas
1015 4743 1424 4798 conﬁteretur:
1479 4745 1627 4814 quod
1663 4745 1708 4800 si
1759 4745 1985 4814 faceret,
2015 4762 2080 4803 ac

492 4831 829 4886 sententiam
855 4833 1105 4888 eamdem
1136 4834 1591 4904 amplecteretur,
1622 4850 1680 4890 se
1707 4835 1860 4890 illum
1888 4837 2081 4893 Antio-

488 4923 688 4977 chense
714 4923 970 4979 Ecclesia:
1003 4925 1372 4995 patriarcham
1402 4925 1840 4996 designaturum.
1867 4931 1936 4982 At
1965 4928 2062 4986 ille

2177 4466 2278 4538 τὴν
2322 4464 2702 4538 Ἰερουσαλὴμ,
2731 4467 2758 4520 ό
2791 4466 2901 4518 τῶν
2935 4465 3271 4521 Ἰακωϐιτῶν
3305 4467 3595 4535 καθολικὸς
3641 4471 3750 4543 (15)

2181 4557 2616 4630 προσελήλυθεν,
2660 4555 2721 4611 ὃν
2771 4559 2970 4612 ἐκεῖνοι
3028 4560 3377 4631 πατριάρχην
3445 4561 3752 4632 ὠνόμαζον.

2179 4651 2370 4723 Τούτῳ
2397 4650 2581 4705 τοίνυν
2605 4652 2633 4703 6
2661 4650 2922 4721 βασιλεὺς
2946 4651 3130 4705 αἰτίαν
3160 4657 3500 4724 προσῆπτεν,
3549 4656 3633 4709 ὅτι
3658 4656 3756 4727 τὴν

2179 4745 2240 4799 ἐν
2264 4743 2578 4813 Καλκηδόνι
2605 4743 2681 4814 μὴ
2709 4743 2923 4814 δέχοιτο
2951 4744 3195 4810 σύνοδον,
3237 4747 3376 4817 μηδὲ
3427 4747 3522 4802 δύο
3563 4748 3756 4818 φύσεις

2189 4838 2248 4891 έν
2282 4834 2510 4908 Χριστῷ
2543 4834 2833 4906 ήνωμένας
2857 4835 3138 4906 ὁμολογεῖ,
3167 4836 3344 4906 λέγων
3373 4839 3448 4903 ὡς
3489 4840 3539 4892 εἱ
3573 4857 3637 4909 γε
3660 4844 3755 4910 τὴν

2178 4927 2396 4982 σύνοδον
2426 4926 2655 4995 δέξοιτο,
2696 4927 2795 4981 καὶ
2823 4926 2921 4981 δύο
2951 4929 3148 4997 φύσεις
3177 4931 3470 5000 ήνωμένας
3516 4932 3756 5003 ἀσυγχύ-

494 5013 666 5068 homo
696 5014 950 5080 callidus,
1008 5023 1064 5070 ct
1109 5015 1253 5071 dolis
1296 5016 1516 5087 plenus,
1573 5026 1630 5072 et
1671 5019 1969 5074 concilium
2016 5035 2073 5076 se

2176 5038 2281 5084 τως
2310 5019 2406 5075 ἐπὶ
2437 5017 2533 5073 τοῦ
2559 5019 2816 5090 Σωτῆρος
2844 5022 3083 5094 Χριστοῦ
3113 5025 3468 5096 ὁμολογήσει,
3501 5026 3753 5098 ὁμόδοξον

495 5103 808 5174 approbare
857 5105 1102 5172 simulat,
1149 5117 1208 5162 et
1262 5106 1400 5164 duas
1461 5117 1687 5165 naturas
1736 5110 1793 5166 in
1855 5111 2076 5168 Christo

498 5198 684 5255 unitas
711 5212 770 5256 se
788 5197 1038 5274 proﬁteri
1067 5200 1167 5257 ait.
1201 5199 1309 5258 Sed
1329 5201 1398 5260 de
1423 5202 1798 5259 voluntatibus
1823 5212 1881 5260 et
1899 5204 2075 5260 actio-

2179 5111 2341 5166 αὐτὸν
2362 5110 2646 5182 ἡγήσοιτο,
2709 5112 2806 5164 καὶ
2862 5113 2965 5186 τῆς
3035 5115 3361 5186 ’Δντιοχέων
3427 5119 3754 5188 Ἐκκλησίας

2193 5203 2548 5275 πατριάρχην
2587 5203 2941 5276 προϐάλοιτο.
2986 5206 3046 5262 Ὀ
3068 5207 3124 5262 δὲ
3149 5208 3322 5275 δεινὸς
3354 5209 3429 5267 ὢν
3463 5211 3556 5265 καὶ
3589 5228 3756 5280 πονη-

1685 5316 1887 5379 Variw
1919 5315 2225 5381 lectiones
2269 5289 2331 5379 et
2371 5323 2561 5379 notua.

571 5443 648 5514 (8)
685 5443 796 5498 Τὸν
831 5441 1141 5515 Σάρόαρον
1168 5443 1431 5500 ἀνελεῖν.
1465 5443 1534 5499 At
1581 5445 1666 5499 hae
1693 5443 1831 5515 (icta:
1857 5441 2079 5499 fuerant

502 5513 573 5567 ab
595 5515 844 5569 Heraclio
867 5513 1088 5571 litterae.
1125 5515 1357 5584 Niceph.
1394 5516 1502 5571 CP.
1545 5532 1636 5570 an.
1665 5514 1791 5569 625.

576 5586 652 5656 (9)
685 5587 817 5638 Ἐπὶ
845 5586 1098 5656 τούτοις.
1131 5586 1358 5656 Niceph.
1392 5585 1498 5640 CP.
1537 5601 1630 5640 an.
1667 5585 1794 5656 ονε,

572 5655 686 5725 (10)
713 5657 817 5725 Διὰ
857 5654 1066 5711 ταῦτα.
1117 5654 1476 5712 Διὶἱενθτυὶε
1526 5657 1641 5713 haec
1686 5655 1881 5710 recitat
1919 5655 2080 5712 Nice-

503 5723 712 5792 phorus
733 5724 841 5781 CP.

574 5797 620 5862 (Ι
639 5796 684 5863 1)
712 5794 1032 5866 Ἐγκρατὴς
1062 5791 1194 5854 οὖν.
1219 5797 1513 5854 Chron-icon
1540 5797 1834 5856 Alca‘andr.
1868 5811 1958 5852 an.
2011 5798 2078 5854 18

2127 5415 2135 5442 ¹
2178 5441 2402 5514 Ileracl.
2438 5441 2736 5514 Nicephor.
2767 5444 2872 5501 CP.
2909 5461 2998 5502 an.
3037 5447 3162 5505 628.

2249 5513 2536 5593 (ἰῆλΜεξ
2565 5513 2997 5593 εὐφημιας-καὶ
3033 5522 3282 5588 κρότων.
3326 5521 3483 5577 Hunc
3527 5537 3748 5592 appara-

2179 5583 2294 5660 tum
2327 5583 2670 5652 Nicephorus
2712 5583 2819 5642 CP.
2870 5583 3234 5660 TheOphaues
3281 5603 3338 5648 et
3380 5583 3609 5648 (ἰείη-υἱεῖ
3658 5609 3747 5646 an.

2178 5654 2246 5707 18
2272 5662 2598 5707 memorant.

2205 5724 2480 5814 ;‘(l§)L'UA
2502 5723 2997 5814 ttB:"I'tltxtu6ttthr
3027 5733 3383 5814 2ft!00.1(7£(5(;.‘
3398 5734 3746 5814 Athanasius,

2178 5791 2426 5864 Thcoph.
2455 5807 2545 5852 an.
2573 5793 2642 5851 20
2680 5793 2872 5854 licracl
2905 5816 2922 5870 ;
2953 5800 3182 5856 Cedrcu.
3229 5791 3445 5862 1:11:25.
