4068 6400
425 361 559 427 1285

1651 361 2067 426 ANNALIUM
2109 363 2261 424 LIB.
2305 365 2458 429 XIV.

3553 369 3694 435 1286

420 480 543 548 ρὶας
585 473 803 546 μεστὸς,
866 472 957 530 ἵνα
1018 472 1092 546 μὴ
1144 473 1464 546 ἀτευκτήσῃ
1545 475 1644 546 τῆς
1711 474 1998 544 βασιλικῆς

2116 474 2272 530 nibus
2331 485 2705 546 percontatur,
2764 485 2948 534 utrum
2983 493 3076 535 eas
3124 478 3378 551 duplices
3426 497 3497 537 an
3549 500 3687 538 vero

419 569 792 638 ὑποσχέσεως,
821 568 920 639 τήν
937 584 994 620 τε
1020 567 1241 620 σύνοδον
1265 566 1722 638 ὑποκεκριμένως
1779 565 1998 631 ἐδέξατο

418 661 623 714 καὶδύο
661 661 851 730 φύσεις
879 661 970 713 ἐπὶ
998 659 1242 732 Χριστοῦ
1279 659 1459 728 λέγειν
1485 660 1776 730 ήνωμένας
1828 659 1996 713 κατέο

422 750 565 804 θετο.
602 752 735 822 Περὶ
769 750 826 803 δέ
856 768 920 820 γε
947 750 1058 804 τῶν
1087 749 1413 821 Θελημάτων
1440 753 1534 803 καὶ
1564 750 1676 804 τῶν
1702 750 1996 820 ἐνεργειῶν

421 841 778 908 ἐπυνθάνετο,
810 844 858 896 εἰ
877 842 1029 897 διττά
1056 842 1229 896 ταῦτα
1257 842 1443 912 λέγειν
1469 842 1667 914 χρεὼν,
1728 843 1762 916 ἢ
1820 845 1998 899 ἑνιαῖά

417 947 481 985 τε
509 934 602 986 καὶ
639 934 954 1003 μοναδικά;
1013 934 1074 990 Ὀ
1129 934 1174 988 δ’
1207 935 1574 1005 αὐτοκράτωρ
1625 937 1829 1006 γράφει
1869 938 1999 1006 περὶ

417 1025 615 1078 τούτου
650 1026 714 1096 δὴ
745 1026 843 1080 τοῦ
877 1025 1198 1098 ζητήματος
1229 1029 1370 1100 πρὸς
1395 1029 1489 1082 τὸν
1547 1031 1998 1083 Κωνσταντινου-

420 1118 630 1181 πόλεως
660 1121 908 1190 Σέργιον.
950 1123 1220 1186 Κάκείνος
1250 1123 1425 1176 πάλαι
1475 1123 1544 1176 τὰ
1578 1125 1678 1194 τῆς
1757 1124 1999 1176 Μονοθε-

419 1207 605 1276 λητῶν
646 1211 968 1279 πρεσϐεύων
997 1207 1286 1282 αἱρέσεως,
1348 1214 1478 1284 μίαν
1506 1213 1744 1284 φυσικὴν
1779 1213 2000 1283 θέλησιν

419 1301 516 1354 καὶ
553 1305 686 1372 μῖαν
725 1305 1010 1373 ἐνέργειαν
1039 1305 1148 1356 δεῖν
1185 1305 1537 1376 δογματίζειν
1589 1309 1678 1359 ἐπὶ
1737 1306 1997 1378 Χριστοῦ,

419 1394 500 1465 τῷ
530 1394 742 1464 βασιλεῖ
765 1396 1223 1450 ἁνταπέστειλεν.
1277 1397 1438 1450 Ἀλλὰ
1500 1398 1596 1450 καὶ
1650 1397 1832 1468 Κύρον
1884 1397 1997 1469 (li)

419 1488 714 1558 ἐρωτήσας
741 1488 836 1540 τὸν
890 1490 1141 1554 Φάσιδος,
1174 1488 1251 1558 τῷ
1291 1489 1503 1560 Σεργίῳ
1577 1487 1816 1558 εὕρηκεν
1873 1491 2004 1558 ὀμο-

418 1579 708 1650 γνώμονα.
737 1580 966 1644 Τούτοις
1001 1583 1095 1634 καὶ
1123 1579 1288 1643 αύτδς
1304 1580 1569 1651 ὑπαχθεὶς
1597 1580 1625 1632 ὁ
1655 1579 2000 1649 Ἡράκλειος.

2105 582 2242 622 unas
2289 575 2344 620 et
2395 569 2640 639 singulas
2689 569 2798 625 dici
2830 570 2910 625 fas
2975 570 3087 625 sit?
3145 574 3273 627 Eam
3330 576 3686 644 quaestionem

2108 659 2408 730 imperator
2435 661 2502 716 ad
2541 661 2791 733 Sergium
2821 663 3186 733 patriarehain
3216 665 3690 738 Constantinopo-

2108 752 2336 807 litanum
2376 753 2586 808 scribit.
2627 754 2888 821 Quicum
2946 757 3156 827 pridem
3205 758 3690 815 Monothelitarum

2107 843 2356 899 lueresim
2393 845 2674 914 probaret,
2709 863 2873 901 unam
2908 849 3221 903 naturalem
3253 851 3692 917 voluntatem,et

2108 951 2272 990 unam
2297 936 2567 992 actionem
2607 938 2662 992 in
2688 937 2908 994 Christo
2936 941 3282 995 statuendam
3314 957 3434 996 esse
3455 942 3690 1013 impera-

2110 1028 2212 1082 tori
2241 1029 2518 1084 rescribit.
2546 1031 2754 1102 Rogato
2778 1031 2919 1102 Cyro
2949 1033 3203 1088 Phasidis
3232 1033 3515 1104 episcopo,
3559 1050 3686 1088 eum

2109 1140 2326 1196 quoque
2357 1125 2497 1180 idem
2525 1127 2730 1180 sentire
2752 1143 2874 1180 cum
2905 1127 3098 1198 Sergio
3127 1128 3404 1199 intelligit.
3440 1131 3686 1194 Quorum

2109 1217 2443 1272 auctoritate
2474 1227 2658 1273 motus
2688 1220 2994 1282 l-leraclius,
3017 1228 3074 1274 et
3111 1220 3228 1289 ipse
3263 1221 3514 1274 eamdem
3574 1221 3695 1289 opi-

2110 1311 2330 1365 nionem
2353 1313 2722 1381 amplectitur,
2745 1323 2800 1367 ct
2821 1313 3092 1368 turbidam
3116 1330 3312 1383 aquam
3340 1314 3477 1369 bibit
3501 1315 3566 1369 ab
3588 1315 3695 1368 illis

2110 1420 2220 1458 non
2250 1406 2580 1475 pastoribus,
2615 1407 2708 1461 sed
2742 1407 3094 1460 mercenariis
3122 1406 3442 1460 exhibitam.
3481 1404 3686 1460 Verum

2113 1513 2237 1552 cum
2293 1508 2517 1553 sanctus
2547 1498 2890 1567 Sophronius
2935 1509 3046 1554 tum
3106 1513 3322 1554 summo
3385 1498 3692 1553 sacerdotio

2117 1588 2352 1657 fungens
2383 1587 2802 1658 Hierosolymis,
2855 1589 3121 1658 subjectis
3167 1588 3273 1642 sibi
3309 1587 3694 1642 sacerdotibus

419 1674 522 1741 τῆς
547 1671 702 1744 δέξης
738 1673 951 1740 γίνεται
990 1672 1220 1742 ταύτης,
1249 1673 1342 1724 κα)⁵
1375 1673 1693 1742 ἀνατροπὴν
1726 1673 2004 1738 ποτίζεται

2116 1679 2448 1745 convocatis,
2493 1695 2592 1749 per
2651 1680 2871 1734 concilii
2936 1679 3156 1734 modum
3206 1678 3636 1733 demonstrasset
3676 1695 3692 1731 :

425 1765 655 1832 θολεράν
706 1765 860 1837 παρά
906 1766 1013 1817 τῶν
1067 1764 1380 1834 μισθωτῶν,
1445 1764 1562 1818 ἀλλ’
1611 1766 1672 1817 ού
1727 1764 2005 1833 ποιμένων

2116 1771 2207 1839 qui
2237 1786 2400 1824 unam
2437 1771 2496 1823 in
2548 1770 2767 1824 duobus
2834 1769 3043 1825 Christi
3094 1769 3308 1824 naturis
3355 1769 3692 1822 voluntatem

421 1857 671 1910 ἐκείνων.
701 1857 810 1910 Τοῦ
835 1858 1151 1927 Σωφρονίου
1186 1856 1298 1927 (15)
1327 1857 1514 1926 μέντοι
1547 1855 1642 1910 τοῦ
1706 1856 1853 1924 ίεροῦ
1904 1858 1999 1910 τοῦ

2116 1875 2274 1932 atque
2309 1862 2579 1917 actionem
2607 1860 2966 1928 atiirmarent,
3007 1878 3102 1917 eos
3139 1862 3316 1931 palam
3365 1876 3529 1914 unam
3557 1875 3699 1929 quo-

425 1948 918 2018 ὲνΊεροσολύμοις
969 1949 1486 2020 ἀρχιερατεύοντος,
1544 1949 1668 2002 τότε
1738 1948 1866 2012 τοὺς
1915 1949 2006 2018 ὑφ’

425 2041 621 2094 ἑαυτὸν
646 2042 928 2113 ἀρχιερεῖς
1006 2041 1490 2112 συναθροίσαντος,
1567 2042 1662 2095 καὶ
1712 2041 2010 2107 συνοδικῶς

381 2181 389 2186 .
427 2133 842 2201 ἀποδείξαντος,
875 2134 1000 2198 τοὺς
1023 2135 1154 2206 μίαν
1178 2135 1442 2203 λέγοντας
1465 2133 1820 2204 θέλησιν-καὶ
1853 2135 2009 2207 ἐνέρ-

426 2241 584 2294 γειαν
621 2227 715 2280 ἐπὶ
743 2227 852 2280 τῶν
876 2226 970 2280 δύο
996 2227 1212 2297 φύσεων
1235 2227 1329 2281 τοῦ
1362 2227 1629 2298 Χριστοῦ,
1683 2229 1816 2299 μίαν
1859 2230 2010 2284 ἀντι-

428 2335 567 2388 κρυς
590 2320 684 2372 καὶ
709 2317 874 2387 φύσιν
901 2319 1197 2390 κηρύττειν
1233 2335 1249 2351 '
1307 2320 1609 2391 σύμψηφον
1671 2320 1730 2375 δὲ
1787 2321 2010 2392 σχόντος

428 2410 521 2464 ἐπὶ
543 2411 740 2482 τούτῳ,
777 2411 870 2465 καὶ
901 2414 993 2466 τὸν
1026 2413 1219 2485 Θρόνον
1242 2414 1345 2486 τῆς
1371 2414 1757 2484 πρεσϐυτέρας
1791 2413 2011 2485 Ῥώμης

429 2502 690 2556 διέποντα
755 2504 1049 2574 Ἰωάννην·
1081 2507 1110 2558 ὁ
1203 2505 1462 2576 βασιλεὺς
1541 2505 1806 2574 προέθετο
1876 2507 2013 2576 πρός

431 2609 694 2665 γραμμα,
717 2597 856 2666 μήτε
883 2597 1094 2652 ἑνιαίαν
1139 2597 1454 2669 ἐνέργειαν,
1513 2599 1651 2668 μήτε
1693 2598 1882 2670 διττὴν
1951 2600 2011 2652 ὲν

428 2688 656 2759 Χριστῷ
687 2690 1139 2760 δογματίζεσθαι.
1181 2692 1248 2745 ’Ὀ
1287 2691 1704 2762 καταγέλαστον
1783 2693 1844 2744 ού
1896 2691 2012 2754 τοῖς

431 2778 764 2853 ὀρθόφροσιν
801 2782 980 2836 ἐδόκει
1009 2784 1192 2854 μόνον,
1251 2784 1390 2838 ἀλλά
1458 2785 1556 2838 καὶ
1601 2786 1717 2847 τοῖς
1766 2784 2010 2856 Σεϐήρου

432 2873 724 2944 ὁμόφροσι.
758 2875 986 2946 Σεργίου
1016 2877 1130 2949 (16)
1175 2876 1232 2930 δὲ
1267 2876 1361 2930 τοῦ
1407 2876 1500 2931 τὸν
1551 2876 1742 2949 θρόνον
1794 2875 2014 2946 ἔχοντος

433 2966 1073 3032 Κωνσταντινουπόλεως
1143 2969 1244 3040 τήν
1330 2969 1478 3040 ζωὴν
1595 2967 2014 3038 καταστρέψαν-

426 3075 540 3124 τος,
607 3059 823 3132 Πύρρος
869 3059 1048 3115 ἀὑτὸν
1119 3061 1414 3128 διεδέξατο,
1468 3062 1537 3116 τά
1627 3062 1768 3116 αύτά
1815 3062 2012 3134 ἐκείνῳ

2109 1969 2218 2023 que
2249 1953 2362 2024 86
2399 1961 2653 2006 naturam
2695 1961 2962 2016 statuere,
3035 1953 3199 2021 eique
3252 1951 3490 2006 Joannes
3555 1966 3696 2020 japa

2111 2046 2393 2101 Romanus
2422 2060 2684 2100 assensus
2727 2053 2898 2108 esset,
2933 2044 3232 2114 imperator
3264 2043 3507 2098 edictum
3569 2057 3700 2112 pro-

2108 2139 2308 2210 ponit:
2374 2137 2564 2208 Neque
2627 2137 2985 2208 singularem,
3058 2151 3242 2207 neque
3307 2136 3574 2190 binariam
3643 2135 3700 2189 in

2109 2231 2332 2287 Christo
2352 2232 2649 2292 actionem,
2673 2245 2794 2285 esse
2823 2228 3202 2284 asserendam.
3227 2229 3284 2282 Id
3311 2229 3547 2283 edictum
3574 2241 3686 2281 non

2111 2324 2432 2380 orthodoxis
2462 2332 2694 2389 tantum,
2723 2321 2819 2377 sed
2850 2321 3042 2377 Severi
3070 2322 3240 2376 etiam
3295 2319 3700 2382 seetatoribns,

2113 2414 2407 2469 ridiculum
2447 2414 2645 2469 visum.
2675 2413 2866 2483 Sergio
2892 2413 3218 2482 patriarchae
3236 2398 3703 2480 Constantinopo-

2109 2507 2280 2562 litano
2298 2508 2579 2573 defuncto,
2600 2505 2841 2578 Pyrrhus
2859 2505 3104 2578 ejusdem
3127 2503 3406 2574 opinionis
3428 2517 3590 2559 succe
3614 2503 3700 2568 tit,

2111 2600 2401 2655 sententiae
2431 2599 2558 2672 Cyri
2588 2608 2646 2654 et
2694 2597 2882 2654 Severi
2911 2606 2966 2652 et
2992 2595 3295 2651 admirator
3327 2605 3384 2651 et
3419 2596 3695 2666 approba.

2115 2703 2220 2750 tor.
2254 2693 2311 2748 lu
2339 2692 2533 2749 eodem
2566 2691 2886 2762 triumphali
2915 2705 2981 2745 ex
3007 2688 3196 2746 Persia
3226 2688 3429 2753 reditu,
3458 2689 3699 2744 Moame-

2114 2796 2205 2844 tus
2238 2785 2642 2841 Saracenorum
2671 2784 2933 2854 princeps
2955 2850 2958 2853 π
2981 2781 3372 2854 imperatorem
3417 2782 3699 2838 convenit.

2115 2877 2178 2932 Ei
2206 2875 2546 2947 principatus
2572 2891 2683 2930 non
2705 2891 2771 2930 ex
2796 2874 3084 2930 nobilitate
3121 2873 3342 2944 generis
3368 2875 3705 2945 contigerat.

2113 2969 2250 3025 Nam
2280 2984 2406 3023 cum
2455 2983 2666 3038 pauper
2709 2978 2876 3029 esset,
2942 2966 3205 3036 locupleti
3237 2965 3462 3020 cuidam
3519 2967 3701 3022 viduae

2114 3061 2371 3117 mercede
2405 3061 2695 3121 servierat,
2726 3073 2892 3129 quam
2955 3059 3249 3131 prastigiis
3276 3059 3607 3128 quibusdam
3641 3059 3700 3114 in

432 3150 694 3219 δοξάζων,
730 3154 824 3205 καὶ
844 3155 913 3206 τά
941 3153 1191 3224 Σεϐήρου
1226 3154 1323 3207 καὶ
1355 3153 1544 3223 Κύρου
1576 3153 1755 3207 σέϐων
1799 3169 1860 3207 τε
1917 3157 2011 3208 καὶ

2118 3169 2360 3210 amorem
2398 3154 2478 3210 sui
2508 3153 2822 3224 pellectam,
2865 3167 3093 3207 uxorem
3131 3152 3389 3208 duxerat.
3427 3151 3536 3207 Sed
3560 3152 3693 3223 quia

430 3245 638 3314 κυρῶν.
683 3245 1114 3318 ’Υποστρέφοντι
1145 3247 1202 3300 δὲ
1230 3249 1310 3318 τῷ
1334 3245 1547 3318 βασιλεί
1565 3247 1740 3314 τούτῳ
1771 3248 1835 3301 ἐκ
1867 3247 2010 3319 Περ-

433 3338 579 3400 σίδος
603 3340 1016 3410 τροπαιοφόρῳ,
1057 3341 1313 3410 πρόσεισι
1360 3339 1607 3406 Μωάμεθ
1647 3339 1762 3410 (17)
1819 3341 1848 3394 ό
1903 3339 2014 3392 τῶν

432 3432 775 3502 Σαρακηνῶν
809 3432 1108 3504 φύλαρχος,
1140 3434 1241 3488 οὐκ
1267 3437 1331 3487 ὲκ
1359 3435 1556 3502 γένους
1587 3434 1651 3488 τὸ
1711 3433 2013 3504 φυλαρχεῖν

430 3525 861 3594 κληρωσάμενος
874 3525 1004 3596 (τῶν
1027 3526 1138 3596 γὰρ
1162 3527 1394 3596 ἀσήμων
1423 3525 1722 3596 ἐτύγχανεν
1754 3525 1852 3595 ὢν)
1877 3524 2034 3597 ἀλλὰ,

434 3618 675 3690 πονηρίᾳ
706 3617 870 3672 τοῦτο
925 3620 1299 3691 κτησάμενος.
1349 3621 1528 3688 Πένης
1580 3620 1691 3690 γὰρ
1738 3617 1815 3674 ῶν
1860 3618 2016 3689 παρά

431 3726 538 3762 τινι
565 3711 790 3778 γυναικὶ
816 3710 1076 3782 ὁμοφύλῳ
1109 3711 1345 3783 πλουσίᾳ
1401 3713 1548 3782 χήρα
1605 3711 1884 3782 ἐθήτευεν,
1948 3712 2016 3782 ἢν

432 3800 632 3872 ἔγημε,
688 3803 970 3873 γοητείαις
1047 3803 1354 3873 ὑπαγαγὼν
1409 3805 1490 3868 εἰς
1557 3805 1740 3875 ἔρωτα
1793 3801 2011 3857 ἑαυτοῦ.

451 3891 782 3964 Ἐπιληψίας
840 3896 898 3949 δὲ
955 3896 1231 3967 νοσήματι
1284 3897 1673 3967 συνεχόμενος,
1727 3895 1825 3950 καὶ
1873 3893 2016 3948 κατὰ

433 3989 663 4055 καιροὺς
685 3987 838 4058 αύτῷ
859 3987 953 4041 τοῦ
992 3989 1202 4051 πάθους
1248 3988 1710 4057 προσϐάλλοντος,
1799 3986 2016 4040 πίπτων

437 4083 532 4135 καὶ
586 4082 698 4134 τῶν
755 4081 973 4152 φρενῶν
1017 4079 1396 4150 ἐξιστάμενος,
1431 4079 1670 4149 ἀθυμίας
1719 4077 1892 4141 αἴτιος
1948 4078 2014 4147 τῇ

437 4177 635 4229 ἑαυτου
663 4181 832 4247 κυρίᾳ
862 4175 959 4230 καὶ
986 4177 1202 4245 γαμετῇ
1241 4175 1336 4228 καὶ
1361 4173 1628 4244 αἰσχύνης
1677 4172 1910 4241 ἐγίνετο.
1958 4173 2016 4226 Ὁ

434 4267 493 4321 δὲ
519 4267 682 4331 αὐτός
720 4285 780 4321 τε
812 4266 1052 4338 πονηρὸς
1083 4265 1182 4332 ὢν,
1215 4264 1311 4318 καί
1337 4281 1444 4318 τινι
1482 4263 1541 4317 δὲ
1603 4262 1826 4335 μοναχῷ
1848 4280 2019 4334 πονη-

441 4361 650 4432 ροτέρῳ
681 4359 882 4413 ἑαυτοῦ
924 4356 1336 4430 ἐντετυχηκὼς,
1388 4356 1480 4411 διὰ
1516 4359 1887 4411 κακοπιστίαν
1913 4373 2016 4426 φυ-

436 4453 759 4522 γαδευθέντι
779 4452 881 4524 τῆς
895 4453 1247 4520 Βυζαντίδος,
1267 4453 1362 4505 καὶ
1381 4451 1511 4522 παρ’
1535 4449 1704 4505 αὑτοῦ
1718 4449 2017 4521 διδαχθεὶς,

2122 3247 2386 3303 comitiali
2416 3246 2612 3300 morbo
2637 3243 2943 3311 laborabat,
2971 3252 3028 3299 et
3046 3259 3114 3299 ex
3150 3243 3454 3300 intervallis
3489 3244 3699 3315 impetu

2123 3341 2271 3396 illius
2300 3338 2428 3394 mali
2463 3346 2793 3409 prostratus,
2825 3346 3010 3392 mente
3035 3337 3383 3392 alienabatur
3413 3353 3428 3392 :
3464 3335 3703 3392 domina:

2121 3446 2235 3487 suae
2262 3429 2530 3499 uxorique
2573 3437 2626 3483 et
2656 3427 2881 3483 mcerori
2945 3436 3002 3483 et
3035 3427 3234 3497 pudori
3264 3426 3390 3482 fuit.
3433 3426 3706 3482 Catcrum

2123 3524 2289 3580 homo
2321 3520 2628 3592 improbus,
2677 3519 3011 3574 monachum
3048 3533 3106 3574 se
3134 3519 3455 3590 nequiorem
3485 3528 3704 3584 nactus,

2122 3618 2194 3672 ob
2213 3629 2529 3688 perversam
2565 3613 2890 3684 religionem
2917 3611 3180 3683 Byzantio
3221 3621 3475 3668 exactum
3505 3629 3519 3665 :
3549 3612 3701 3666 illius

2122 3711 2410 3776 instinctu,
2465 3707 2620 3763 uxori
2669 3706 2746 3760 ait
2811 3705 3206 3775 archangelum
3257 3704 3569 3760 Gabriclem
3639 3703 3710 3758 de

2122 3807 2263 3861 cazlo
2292 3802 2357 3858 ad
2394 3817 2453 3857 se
2484 3800 2934 3863 descendentem,
2965 3797 3151 3852 divina
3188 3798 3438 3867 quaedam
3473 3810 3709 3858 arcana-

2123 3911 2230 3967 que
2264 3896 2370 3950 sibi
2426 3893 2715 3949 revelare:
2774 3891 2935 3960 cujus
2993 3897 3353 3957 conspectum
3395 3887 3526 3958 quia
3556 3886 3702 3942 ferre

2122 4007 2235 4047 non
2297 3986 2492 4059 possit,
2545 4001 2604 4040 se
2651 3983 2846 4038 oborta
2891 3998 2958 4037 ex
2991 3989 3141 4036 metu
3200 3981 3493 4052 vertigine,
3551 3980 3708 4036 humi

2123 4078 2511 4154 procumbere.
2543 4077 2616 4129 Ea
2663 4072 2831 4129 verba
2866 4071 3187 4128 testimonio
3222 4070 3397 4126 dolosi
3450 4070 3710 4125 monachi

2124 4171 2611 4233 confirmabantur,
2646 4166 2740 4236 qui
2770 4163 2991 4219 mulieri
3024 4163 3274 4231 dicebat,
3309 4163 3538 4217 omnino
3595 4161 3708 4218 Ca-

2125 4267 2358 4323 brielem
2408 4263 2476 4319 ad
2518 4276 2711 4316 omnes
2754 4258 3056 4330 prophetas
3089 4257 3232 4313 mitti
3266 4257 3468 4314 solere.
3507 4257 3585 4311 Ex
3640 4271 3710 4311 eo

2126 4359 2345 4424 mulier,
2397 4354 2607 4411 abolito
2680 4352 2976 4418 dedecore,
3058 4365 3124 4405 ac
3180 4349 3364 4421 potius
3423 4348 3710 4422 prephetze

2126 4450 2384 4523 conjugio
2437 4447 2703 4520 glorians,
2767 4444 3006 4500 fabulam
3059 4445 3220 4500 istam
3281 4443 3426 4509 inter
3481 4451 3711 4500 caeteras

438 4547 592 4615 ἔλεγε
623 4549 689 4618 τῇ
721 4546 945 4616 γυναικὶ
978 4546 1071 4600 τὸν
1097 4545 1344 4618 Γαϐριὴλ
1366 4545 1458 4598 τὸν
1481 4544 1822 4616 ἀρχάγγελον
1852 4544 2011 4613 ούρα-

2124 4545 2390 4602 mulicres
2418 4540 2644 4612 spargit.
2680 4537 2770 4594 Sic
2795 4537 3046 4608 impurus
3081 4537 3171 4591 ille
3197 4536 3343 4604 apud
3374 4549 3506 4591 suos
3529 4549 3707 4605 popu-

443 4639 595 4692 νόθεν
614 4639 763 4710 αὐτῷ
787 4637 1225 4708 φοιτῶντα,θεῖά
1252 4655 1376 4690 τινα
1408 4640 1565 4708 μυεῖν
1589 4637 1682 4690 καὶ
1705 4636 2022 4706 ἀπόρρητα,

445 4731 520 4802 μὴ
543 4733 732 4804 φέρειν
763 4732 820 4785 δὲ
856 4731 956 4804 τὴν
985 4730 1182 4785 τούτου
1215 4730 1371 4794 θέαν,
1403 4731 1501 4783 καὶ
1532 4729 1622 4782 διὰ
1682 4727 1846 4782 τοῦτο
1884 4729 2024 4799 ἰλιγ-

442 4825 571 4895 γιᾷν
622 4827 718 4880 καὶ
747 4824 898 4897 φόϐῳ
955 4824 1280 4897 συνέχεσθαι
1337 4825 1435 4878 καὶ
1502 4822 1638 4894 πρὸς
1700 4822 1806 4892 γῆν
1857 4837 2026 4875 κατα-

442 4917 748 4972 κλίνεσθαι.
783 4919 972 4972 Ταῦτα
1013 4917 1058 4970 δ’
1112 4913 1262 4988 εἶχεν
1313 4916 1466 4989 αὐτῷ
1517 4912 2024 4988 συμμαρτυροῦντα

443 5013 538 5065 καὶ
561 5009 654 5065 τὸν
687 5013 926 5084 μοναχὸν
951 5013 1166 5067 ἐκεῖνον
1197 5011 1290 5067 τὸν
1319 5010 1516 5076 δόλιον,
1549 5010 1648 5064 καὶ
1676 5011 1744 5080 τῇ
1791 5006 2018 5078 γυναικὶ

441 5105 669 5174 λέγοντα
699 5105 780 5158 ὃτι
806 5106 882 5169 ὡς
909 5105 1129 5177 ἀληθῶς
1152 5106 1288 5159 πᾶσι
1310 5107 1422 5169 τοῖς
1476 5104 1792 5176 προφήταις
1865 5096 2021 5167 οὗτος

441 5201 468 5252 ὁ
488 5198 726 5270 Γαϐριὴλ
752 5199 1152 5268 ὲπιπέμπεται.
1181 5197 1468 5252 Ἐντεῦθεν
1497 5198 1531 5270 ή
1586 5197 1725 5268 γυνὴ
1748 5197 2020 5250 ἀποσκευο

439 5293 681 5364 αζοειένη
724 5293 786 5346 τὸ
830 5293 1058 5359 ὄνειδος,
1114 5291 1514 5363 ἐγκαυχωμένη
1580 5290 1638 5344 δὲ
1709 5289 1911 5360 μᾶλλον
1945 5289 2022 5354 ὡς

444 5387 776 5444 συνοικοῦσα
812 5387 1093 5460 προφήτῃ,
1122 5387 1215 5441 τὸν
1235 5385 1397 5456 λόγον
1423 5385 1618 5440 τοῦτον
1662 5386 1746 5448 εἰς
1775 5384 1874 5449 τὰς
1907 5381 2022 5437 λοι-

2123 4642 2289 4704 lares,
2348 4635 2630 4707 prephctaa
2700 4647 2900 4686 nomen
2978 4638 3332 4695 consecutus,
3392 4636 3448 4682 et
3525 4629 3714 4681 uxoris

2125 4742 2357 4788 mortuae
2407 4725 2728 4783 haereditate
2776 4721 3535 4794 locupletatustmaeliticze
3579 4735 3714 4792 gen-

2125 4823 2195 4878 tis
2258 4821 2536 4893 princeps,
2589 4817 2782 4872 doctor
2851 4825 2908 4871 et
2975 4815 3254 4886 legislator
3322 4821 3408 4869 est
3471 4813 3710 4875 habitus,

2128 4930 2256 4972 cum
2326 4913 2466 4968 alios
2531 4911 2720 4966 verbis
2798 4907 3128 4972 seduxisset,
3223 4906 3360 4961 alios
3423 4905 3715 4975 imperium

2117 5011 2492 5068 detrectantes
2580 5005 2774 5060 stricto
2852 5001 3035 5074 gladio
3125 4999 3230 5056 sibi
3320 4997 3519 5054 cedere
3615 5012 3714 5052 co-

2119 5104 2365 5175 egisset:
2419 5099 2532 5170 jam
2580 5096 2730 5154 enim
2781 5110 3005 5150 manum
3061 5108 3167 5147 non
3247 5089 3710 5146 contemnendam

2118 5199 2348 5255 fecerat.
2406 5194 2458 5251 ls
2515 5193 2684 5266 igitur
2731 5207 2797 5248 cx
2873 5187 3130 5244 Atlthribo
3197 5197 3522 5257 progressus
3605 5182 3712 5236 im-

2123 5297 2434 5360 peratorem
2479 5283 2762 5350 convenit,
2813 5289 2872 5336 et
2915 5280 3195 5351 regionem
3229 5275 3299 5332 ad
3351 5274 3712 5331 habitandum

2123 5382 2353 5454 petitam
2407 5378 2642 5450 accepit.
2700 5374 2953 5445 Cumque
2999 5387 3196 5429 omnes
3249 5369 3548 5443 p0pulares
3580 5383 3713 5426 suos

1639 5538 1851 5601 Variae
1879 5537 2194 5603 lectiones
2236 5543 2301 5601 et
2341 5540 2532 5600 notae.

517 5669 629 5742 (LI)
660 5669 876 5742 [ξύρον.
904 5669 1132 5732 Φάσιδος
1161 5668 1480 5742 ἐπίσκοπον.
1515 5665 1765 5742 TheOph,

514 5735 626 5810 (15)
666 5735 780 5793 Τοὖ
808 5744 1170 5810 Σωφρονίου.
1203 5738 1528 5810 Theophan.
1558 5752 1651 5810 an.
1691 5737 1785 5810 2t),
1808 5735 2020 5796 Herae].

513 5807 628 5883 (16)
662 5807 1204 5883 ΣεργίούξΝὶοοριι.
1228 5809 1334 5865 (λιι.
1370 5812 1472 5864 sub
1497 5807 1690 5862 indict.
1729 5808 1816 5862 12.

2205 5665 2319 5735 (I7)
2361 5663 2638 5736 Μωάμεθ.
2708 5659 3076 5736 TheOphanes
3125 5673 3218 5717 an.
3254 5657 3341 5729 12,
3383 5655 3450 5713 2t
3499 5655 3717 5716 Herae].

2129 5735 2368 5794 Cedrcn.
2403 5751 2496 5792 an.
2522 5735 2614 5790 ει.
