4068 6424
414 413 553 478 1253

1638 421 2050 483 ANNALIUM
2095 422 2240 482 LIB.
2278 424 2436 486 XIV.

482 528 563 586 κ’.
608 527 814 582 Τούτου
854 526 911 580 δέ
938 525 1217 596 θανόντος,
1248 530 1308 584 :6
1336 534 1737 602 στρατιωτικὸν
1767 534 1830 587 τὸ
1865 535 1976 605 μετ’

2162 533 2283 590 XX.
2313 536 2392 591 Eo
2417 535 2701 605 defuncto,
2729 538 2974 611 legiones
2998 555 3122 612 qum
3154 557 3279 600 cum
3313 542 3406 599 illo
3436 543 3675 614 fuerant,

407 621 578 679 αὑτοῦ
617 621 779 686 εὐθὺς
827 621 1117 693 ’Λρμένιόν
1165 640 1308 689 τινα,
1362 622 1616 689 Μιζίζιον
1646 626 1757 696 (‘28)
1796 626 1988 697 ὄνομα,

403 712 758 783 ἀγαλματέαν
786 711 915 764 δντα
945 709 1043 764 καὶ
1066 709 1430 782 ὡραιότατον,
1467 711 1694 783 βασιλέα
1733 730 1988 786 προεχει·

410 806 655 875 ρίσαντο.
694 805 876 874 Ὅπερ
923 803 1166 869 ἀκούσας
1199 808 1227 859 6
1278 806 1387 860 τῶν
1421 804 1785 870 Κώνσταντος
1827 808 1991 861 υἱέων

404 894 434 947 6
476 893 876 966 πρεσϐύτερος,
925 897 956 949 6
1010 897 1349 964 Πωγωνάτος
1398 896 1641 968 κληθεὶς,
1677 898 1736 963 ὃς
1768 900 1863 952 καὶ
1912 897 1991 970 τῷ

404 987 503 1057 τῆς
542 986 822 1057 βασιλείας
852 987 1170 1059 κεκόσμητο
1199 989 1514 1060 διαδήματι,
1550 990 1806 1061 στεφθεὶς
1833 993 1990 1060 παρά

402 1080 499 1133 τοῦ
524 1080 755 1153 πατρὸς,
785 1083 926 1151 μετά
956 1082 1144 1136 στόλου
1177 1082 1417 1152 μεγάλου
1444 1084 1544 1156 τὴν
1568 1084 1819 1139 Σικελίαν
1854 1104 1987 1140 κατ-

401 1172 585 1238 έλαϐε,
642 1174 737 1227 καὶ
785 1174 878 1227 τόν
915 1191 975 1228 τε
1035 1174 1287 1239 Μιζίζιον
1330 1175 1736 1247 χειρωσάμενος
1786 1177 1984 1245 ἀνεῖλε,

402 1266 500 1319 καὶ
546 1266 676 1331 τοὺς
730 1266 823 1321 τὸν
882 1269 1043 1337 φόνον
1098 1273 1643 1343 κατεργασαμένους.
1669 1275 1837 1331 αὐτοῦ
1890 1277 1985 1332 τοῦ

401 1358 637 1429 πατρὸς,
687 1359 783 1412 καὶ
835 1361 974 1429 πρὸς
1022 1364 1136 1425 τοῖς
1186 1361 1372 1427 ἀλλοις
1409 1366 1503 1418 καὶ
1548 1367 1640 1419 τὸν
1689 1368 1986 1440 πατρίκιον

412 1450 794 1506 ’1ουστινιανὸν
815 1451 906 1505 τὸν
934 1453 1150 1524 πατέρα
1169 1454 1453 1527 Γερμανοῦ
1482 1456 1578 1511 τοῦ
1608 1461 1980 1532 πατριάςχουο

400 1545 563 1599 αὐτὸν
616 1545 675 1600 δὲ
725 1545 818 1599 τὸν
873 1546 1155 1618 Γερμανὺν
1203 1548 1471 1620 ἐκτομίαν
1520 1552 1821 1622 ἐποίησεν,
1881 1554 1983 1627 ἤδη

401 1632 789 1705 παρηϐηκότα,
828 1636 925 1689 καὶ
971 1637 1393 1710 ὑπερϐεϐηκότα
1436 1640 1538 1713 τὴν
1575 1643 1818 1714 ἡλικίαν,
1859 1645 1985 1699 καθ’

397 1726 465 1797 ἢν
515 1727 928 1798 εὐνουχίζεσθαι
981 1728 1389 1802 δεδοκίμασται.
1447 1734 1787 1805 Λειοπώγων
1832 1738 1878 1792 δ’
1906 1737 1983 1795 ὣν

396 1820 478 1873 ὅτ’
511 1821 867 1893 ἀπεδήμησεν
904 1814 1061 1887 οὗτος
1110 1825 1139 1877 6
1190 1823 1471 1894 βασιλεὺς,
1527 1827 1838 1900 ἐκδικήσων
1886 1830 1982 1885 τὸν

397 1911 562 1980 φόνον
600 1911 696 1990 :6v_
737 1913 834 1968 τοῦ
862 1915 1092 1986 πατρὸς,
1123 1915 1455 1989 καθειμένον
1489 1916 1636 1993 εἶχεν
1683 1924 1982 1998 ἐπανήκων

396 2007 491 2059 τὸν
542 2004 803 2075 πώγωνα,
834 2008 916 2062 διὸ
957 2009 1018 2075 ἐξ
1055 2010 1268 2066 ἐκείνου
1318 2014 1663 2083 Πωγωνάτος
1688 2017 1843 2090 παρά
1872 2019 1982 2073 τῶν

396 2095 633 2150 πολιτῶν
676 2098 1040 2170 ἐπεκέκλητο.
1072 2101 1136 2155 Οἱ
1173 2102 1229 2156 δέ
1270 2102 1364 2157 τοῦ
1397 2104 1632 2175 θέματος
1675 2108 1787 2162 τῶν
1827 2109 1983 2162 Ἀνα-

395 2187 630 2243 τολικῶν
661 2191 739 2255 εἰς
777 2191 1127 2262 Χρυσόπολιν
1169 2194 1496 2266 ἀφικόμενοι
1526 2197 1701 2253 ἐϐόων
1741 2199 1852 2254 δεῖν
1882 2203 1980 2256 καὶ

393 2283 521 2346 τοὺς
552 2282 776 2346 λοιποὺς
809 2283 907 2338 δύο
939 2286 1242 2354 συγγόνους
1273 2287 1368 2341 τοῦ
1399 2290 1818 2346 Κωνσταντίνου
1854 2310 1979 2346 στε-

395 2372 621 2445 φθῆναι,
648 2374 902 2442 λὲγοντες
945 2374 1051 2441 ὅτι,
1079 2376 1307 2447 Ὠσπερ
1336 2379 1427 2443 εἷς
1468 2378 1681 2448 Τριάδα
1709 2383 1981 2438 πιστεύο-

388 2483 526 2536 μεν,
567 2467 723 2522 οὕτω
761 2469 863 2522 καὶ
898 2472 1059 2537 παρὰ
1096 2469 1216 2524 τῶν
1247 2470 1429 2539 τριῶν
1456 2470 1652 2541 χρεὼν
1679 2472 1840 2544 ἡμᾶς
1858 2475 1978 2540 ,βαι

393 2560 778 2616 σιλεύεσθαι.
804 2560 876 2613 ὐ
925 2562 1058 2630 γοῦν
1107 2562 1521 2629 Κωνσταντῖνος
1571 2564 1792 2631 στείλας
1840 2567 1978 2638 πρὸς

394 2652 618 2719 αὐτοὺς,
670 2652 915 2725 πληροῦν
947 2653 1049 2725 τὴν
1092 2655 1313 2725 αῐτησιν
1362 2655 1545 2712 αὐτῶν
1578 2656 1973 2729 ἐπηγγέλλετο,

394 2749 492 2801 καὶ
539 2748 667 2809 τοὺς
703 2745 802 2800 τοῦ
851 2743 985 2799 λαοῦ
1015 2746 1454 2819 πμεξάρχοντας
1498 2749 1877 2820 μετεκαλεῖτο,
1907 2751 1976 2806 ἵν’

389 2837 572 2892 αὐτῶν
617 2836 849 2891 ἐνώπιον
896 2838 932 2908 η
983 2837 1093 2893 τῶν
1139 2838 1307 2895 αὑτοῦ
1369 2840 1617 2910 ἀδελφῶν
1668 2842 1975 2917 ἀνάρρησις

390 2932 640 3004 γένηται.
693 2931 981 2996 Ἐλθόντας
1008 2932 1057 2987 δ’
1084 2933 1167 2996 εἰς
1195 2932 1258 2987 τὸ
1284 2932 1604 2999 Βυζάντιον,
1634 2934 1846 2990 ἀνεῖλεν
1897 2936 1975 3002 ὡς

2010 1876 2058 1938 Β

2091 627 2276 681 statim
2326 627 2648 684 Armenium
2688 633 2985 702 quemdam
3025 634 3342 703 Mizizium,
3396 638 3677 699 hominem

2095 718 2235 774 adeo
2288 717 2630 787 formosum,
2686 731 2746 778 ut
2807 739 2909 780 nec
2956 727 3117 797 pictae
3170 729 3379 787 lictzeve
3448 732 3675 806 imagini

2090 811 2332 876 cederet,
2363 811 2754 881 imperatorem
2780 813 3159 886 designarunt.
3187 820 3308 886 Quo
3340 831 3473 878 natu
3501 824 3675 879 maxi-

2092 917 2216 955 mus
2271 900 2591 959 Constantis
2652 904 2800 962 ﬁlius
2842 907 3160 978 Pogonatus
3216 911 3444 978 audito,
3502 931 3670 984 quem

2090 992 2207 1061 ipse
2245 1004 2402 1063 pater
2447 995 2756 1066 insignibus
2783 997 3000 1067 imperii
3039 1011 3287 1065 ornarat,
3322 1003 3510 1060 Sicilia
3544 1020 3670 1061 cum
3774 1074 3781 1079 υ

2088 1101 2286 1157 magna
2338 1088 2514 1143 classe
2547 1098 2812 1160 occupata
2834 1131 2850 1157 ,
2885 1090 3160 1147 Mizizium
3196 1093 3403 1150 victum
3450 1098 3671 1165 occidit,

2087 1192 2389 1248 necemque
2449 1181 2620 1250 patris
2661 1180 2990 1247 ulciscitur,
3039 1198 3165 1256 cum
3223 1185 3368 1252 aliis,
3421 1196 3536 1243 tum
3572 1190 3670 1246 Ju-

2085 1269 2327 1325 stiniano
2370 1271 2606 1341 patricio
2638 1272 2898 1328 Germani
2933 1275 3264 1345 patriarchae
3311 1287 3467 1349 patre
3499 1282 3671 1339 inter-

2086 1359 2254 1429 fecto,
2291 1362 2582 1434 ipsumque
2620 1363 2958 1420 Germanum
2992 1367 3104 1438 jam
3136 1368 3446 1439 pubertatis
3468 1389 3669 1443 annos,

2085 1464 2143 1511 et
2185 1472 2304 1512 eam
2347 1467 2563 1513 aetatem
2596 1475 2702 1530 qua
2733 1461 2963 1516 castrari
2994 1462 3194 1528 solent,
3227 1479 3533 1535 egressum,
3569 1482 3670 1523 eu-

2084 1545 2331 1602 nuchum
2382 1547 2534 1604 facit.
2567 1548 2706 1615 Quia
2748 1565 2882 1606 vero
2916 1551 3180 1623 Byzantio
3212 1554 3437 1611 solvens
3481 1564 3671 1613 tenera

2084 1638 2267 1695 adhuc
2312 1640 2572 1711 lanugine
2611 1640 2811 1708 fuerat,
2853 1658 2885 1698 e
2922 1642 3115 1699 Sicilia
3156 1660 3289 1701 vero
3335 1648 3666 1717 promissam

2084 1730 2313 1787 barbam
2362 1733 2664 1800 retulerat,
2712 1732 2977 1807 Pogonati
3023 1751 3327 1808 cognomen
3372 1742 3583 1809 accepit
3634 1756 3669 1798 a

2085 1822 2322 1879 civibus.
2396 1822 2666 1880 Caeterum
2730 1826 2826 1897 qui
2884 1842 2951 1882 ex
3002 1826 3364 1885 Orientalium
3424 1831 3667 1890 themate

2084 1924 2264 1980 erant,
2318 1915 2703 1989 Chrysopolim
2733 1917 2985 1988 profecti,
3027 1921 3495 1988 vociferabantur,
3523 1925 3668 1982 duos

2083 2005 2222 2061 alios
2239 2006 2588 2063 Constantini
2617 2007 2816 2066 fratres
2837 2013 3188 2067 coronandos
3206 2029 3352 2078 esse.
3375 2014 3624 2075 dicentes
3648 2035 3666 2072 :

2083 2092 2230 2150 Sicut
2257 2097 2313 2150 in
2338 2097 2649 2154 Trinitatem
2685 2101 2969 2163 credimus.
2999 2103 3076 2156 ita
3100 2105 3259 2159 etiam
3293 2106 3460 2163 tribus
3496 2109 3668 2180 impe-

2083 2180 2346 2244 ratoribus
2375 2206 2470 2246 nos
2497 2208 2689 2263 parere
2719 2208 2933 2263 equum
2974 2205 3070 2250 est.
3108 2195 3506 2255 Constantinus
3533 2216 3667 2256 vero

2080 2281 2268 2338 missis
2291 2283 2510 2354 legatis,
2540 2300 2601 2342 se
2630 2287 2924 2357 postulatis
2952 2302 3147 2344 eorum
3169 2303 3418 2367 annuere
3450 2291 3669 2362 pollici-

2083 2382 2197 2438 tus,
2249 2375 2439 2446 populi
2477 2377 2762 2448 principes
2793 2380 3047 2444 accersit,
3090 2390 3154 2437 ut
3193 2395 3381 2437 coram
3412 2381 3522 2438 illis
3552 2383 3667 2440 fra-

2082 2472 2229 2521 trum
2258 2467 2621 2537 proclamatio
2652 2468 2767 2525 iiat.
2798 2470 2930 2537 Eos,
2970 2485 3097 2526 cum
3126 2471 3449 2545 Byzantium
3478 2475 3667 2531 venis-

2080 2565 2225 2620 sent.
2255 2573 2358 2629 pro
2398 2558 2680 2615 seditiosis
2706 2560 3002 2627 interfecit,
3036 2576 3149 2633 quo
3185 2564 3373 2621 caeteri
3401 2565 3662 2637 cognito,

2080 2648 2287 2720 trepidi
2321 2648 2388 2705 ad
2416 2664 2514 2705 sua
2543 2664 2603 2706 se
2633 2658 2966 2722 receperunt
2996 2671 3010 2708 :
3046 2652 3270 2725 utrique
3304 2653 3472 2710 etiam
3503 2654 3663 2711 fratri

2079 2755 2277 2796 nasum
2308 2740 2585 2811 praecidit.
2639 2726 2884 2813 Agareni
2919 2751 3105 2798 autem
3146 2759 3341 2801 omnes
3380 2745 3664 2805 Romano-

2079 2847 2200 2887 rum
2239 2832 2558 2904 provincias
2599 2842 2746 2889 terra
2782 2834 3034 2906 marique
3078 2842 3136 2892 et
3180 2835 3455 2893 incendiis
3479 2846 3538 2894 et
3571 2838 3662 2895 di-

2075 2925 2425 2995 reptionibus
2469 2935 2685 2981 vastare
2720 2940 2833 2982 non
2883 2926 3238 2994 desistentes,
3271 2928 3495 2985 tandem
3537 2945 3662 2987 ma-

3544 434 3677 505 1294
3784 408 3788 410 Ὗ

392 3021 712 3086 στασιώδεις
748 3022 972 3086 αὐτοὺς·
1003 3021 1033 3076 6
1061 3022 1283 3092 γνόντες
1307 3023 1357 3077 οε
1394 3023 1571 3089 ἄλλοι,
1605 3026 1799 3096 μεστοὶ
1819 3024 1974 3091 δέους

2077 3034 2179 3091 gna
2223 3019 2399 3076 classe
2431 3019 2610 3090 ipsum
2639 3020 2806 3075 etiam
2845 3019 3168 3093 Byzantium
3210 3029 3342 3077 sunt
3390 3023 3657 3095 aggressi,

389 3115 472 3176 είς
529 3114 601 3168 τά
649 3113 862 3168 ἑαυτῶν
913 3114 1319 3187 ὑπενόστησαν,
1363 3115 1460 3171 καὶ
1513 3116 1720 3187 ἀμφοῖν
1750 3115 1808 3171 δὲ
1861 3118 1974 3173 τῶν

2077 3115 2311 3172 navibus
2337 3116 2458 3172 suis
2495 3116 2565 3172 ab
2593 3115 2866 3173 Hebdomi
2896 3117 3229 3175 occidentali
3268 3122 3658 3205 promontorio

389 3206 639 3276 ἀδελφῶν
694 3206 862 3260 αὑτοῦ
921 3207 1024 3270 τὰς
1077 3208 1236 3279 ῥῖνας
1293 3207 1592 3279 ἀπέτεμεν.
1650 3208 1714 3263 Οἱ
1764 3208 1823 3264 δὲ
1870 3210 1970 3281 τῆς

2077 3223 2250 3280 usque
2278 3209 2344 3265 ad
2370 3207 2690 3281 Cyr-lobium
2711 3210 3011 3267 collocatis.
3038 3209 3145 3267 Sed
3175 3218 3230 3266 et
3258 3208 3660 3267 Constantinus

392 3301 574 3372 Ἀγαρ
601 3297 713 3370 (29)
740 3299 1001 3366 ἀπόγονοι
1034 3298 1095 3351 οὐ
1122 3297 1365 3353 διέλιπον
1390 3298 1489 3370 τὴν
1519 3298 1627 3354 ὕπὸ
1659 3299 1970 3370 Ῥωμαίους

387 3392 635 3456 ἃπασαν,
680 3393 773 3446 καὶ
822 3391 980 3457 πεζοὶ
1030 3391 1126 3445 καὶ
1173 3391 1545 3464 πλωϊζόμενοι
1590 3393 1846 3467 δῃοῦντες
1874 3399 1969 3453 καὶ

386 3482 721 3556 ληϊζόμενοι.
773 3479 910 3538 Εἶτα
961 3483 1134 3555 στόλῳ
1186 3483 1347 3556 βαρεῖ
1380 3485 1506 3540 κατ’
1532 3485 1705 3558 αὐτῆς
1734 3488 1970 3561 ἐπῆλθον

387 3575 488 3647 τῆς
540 3574 814 3645 βασιλίδος
864 3574 977 3629 τῶν
1031 3576 1262 3642 πόλεων,
1323 3577 1419 3631 καὶ
1472 3574 1821 3650 ναύσταθμον
1872 3579 1968 3635 τοῦ

390 3667 659 3736 σφετέρου
709 3667 897 3720 στόλου
952 3666 1252 3740 πεποίηντο
1317 3668 1427 3723 ἀπὸ
1475 3668 1571 3723 τοῦ
1620 3670 1760 3742 πρὸς
1813 3671 1969 3727 δύσιν

386 3762 736 3833 ἀκρωτηρίου
776 3762 871 3817 τοῦ
925 3764 1064 3817 κατά
1096 3764 1157 3816 :6
1197 3763 1470 3835 Ἐϐδομον
1517 3766 1688 3838 μέχρι
1720 3765 1813 3821 τοῦ
1853 3768 1970 3822 Κυ-

387 3851 630 3908 κλοϐίου.
664 3853 848 3925 Στὸλῳ
882 3853 940 3907 δὲ
997 3853 1095 3907 καὶ
1132 3854 1161 3906 ό
1209 3856 1628 3920 Κωνσταντῖνος
1656 3858 1686 3910 6
1712 3856 1966 3928 βασιλεὺς

388 3942 882 4014 ἀνθοπλισάμενος,
939 3943 1062 3998 καθ’
1094 3945 1333 4015 ἑκάστην
1366 3946 1552 4011 αὐτοῖς
1580 3947 1962 4013 ἀντετάσσετο,

386 4035 483 4088 καὶ
513 4035 813 4107 ναυμαχίαι
852 4035 1098 4104 ἐγίνοντο
1128 4035 1186 4103 ἐξ
1211 4035 1363 4106 ὥρας
1411 4038 1636 4110 ἐαρινῆς
1687 4041 1852 4112 μέχρι
1897 4041 1964 4113 δὴ

386 4127 819 4199 φθινοπωρινῆς.
875 4128 956 4192 Ὠς
1019 4128 1066 4183 δ’
1133 4129 1288 4184 οὐδὲν
1340 4131 1389 4186 οί
1441 4131 1719 4204 Βάρϐαροι
1765 4134 1960 4206 ἧνυον,

384 4221 700 4291 ἀπάραντες
746 4220 844 4292 τὴν
885 4221 1128 4286 Κύζικον
1164 4222 1557 4292 κατειλήφασι,
1608 4224 1703 4279 καλ⁵
1754 4225 1961 4297 ταύτην

387 4312 624 4378 ἑλόντες,
680 4313 740 4366 ἐν
790 4313 929 4385 αὐτῇ
983 4314 1075 4367 τὸν
1115 4313 1365 4386 χειμῶνα
1392 4316 1678 4385 διήγαγον.
1711 4316 1868 4388 Ἀμα
1914 4317 1961 4373 δ’

384 4405 507 4477 ἔαρι
541 4404 698 4468 αὖθις
722 4404 822 4476 τὴν
852 4407 1269 4477 Κωνσταντίνου
1311 4408 1635 4477 κατέλαϐον,
1671 4411 1764 4465 καὶ
1802 4411 1961 4476 αὖθις

2073 3302 2248 3359 classe
2285 3310 2552 3357 exornata
2574 3343 2590 3368 ,
2620 3302 2679 3357 in
2716 3301 2838 3359 dies
2871 3317 2998 3359 cum
3037 3304 3120 3359 eis
3174 3302 3522 3369 decertabat,
3554 3319 3659 3359 na-

2070 3393 2333 3464 valesque
2371 3408 2569 3464 pugnae
2595 3408 2627 3449 a
2655 3409 2788 3451 vere
2822 3409 2999 3466 usque
3029 3394 3084 3450 in
3118 3405 3449 3451 autumnum
3502 3408 3656 3451 com-

2070 3486 2458 3542 mittebantur.
2487 3484 2662 3557 lgitur
2691 3486 2912 3542 barbari
2971 3502 3096 3543 cum
3127 3487 3270 3542 nihil
3300 3487 3657 3557 proﬁcerent,

2069 3581 2250 3637 soluta
2278 3581 2592 3648 obsidione,
2627 3580 2889 3653 Cyzicum
2918 3588 3285 3652 occuparunt,
3317 3578 3430 3649 9o
3461 3579 3652 3650 ibique

2069 3670 2433 3728 biemarunt:
2482 3672 2586 3728 sub
2619 3671 2768 3728 veris
2810 3672 3063 3736 initium,
3102 3686 3300 3726 rursus
3334 3670 3654 3743 Byzantium

2068 3763 2322 3820 invasere
2347 3804 2363 3831 ,
2407 3764 2502 3820 ubi
2540 3778 2667 3818 cum
2711 3764 2895 3819 denuo
2938 3762 3152 3819 crebris
3203 3761 3409 3832 praeliis
3446 3763 3657 3817 navali-

2065 3856 2174 3913 bus
2245 3854 2662 3911 committendis
2731 3861 2951 3925 tempus
3027 3861 3325 3915 tereretur,
3383 3859 3653 3907 autumno

2065 3948 2293 4003 classem
2337 3945 2597 4014 Cyzicum
2656 3945 3042 4012 reduxerunt,
3099 3945 3267 4016 idque
3314 3958 3415 4014 per
3471 3959 3651 3999 annos

2064 4048 2272 4111 septem
2293 4042 2521 4096 factum.
2537 4040 2836 4110 Desperata
2853 4038 3023 4111 igitur
3039 4036 3466 4109 expugnatione,
3484 4044 3652 4107 atque

2061 4132 2225 4189 etiam
2270 4130 2458 4187 multis
2496 4129 2767 4185 militibus
2815 4138 2872 4185 et
2916 4128 3170 4199 pluribus
3204 4126 3441 4183 navibus
3474 4128 3647 4181 amis-

2061 4223 2139 4279 sis
2192 4224 2339 4293 (nam
2369 4231 2481 4278 tum
2516 4237 2739 4293 quoque
2762 4220 3023 4296 .Graacum
3071 4219 3253 4290 ignem
3313 4232 3345 4274 a
3380 4217 3648 4273 Callinico

2061 4316 2303 4388 quodam
2345 4315 2658 4372 architecto
2701 4330 2733 4371 e
2757 4314 2914 4386 Syria
2954 4313 3008 4368 in
3041 4313 3250 4384 regiam
3294 4304 3490 4367 urbem
3517 4326 3649 4382 pro-

2059 4409 2205 4466 fecto
2229 4408 2600 4480 excogitatum
2637 4406 2843 4476 ferunt)
2873 4422 3000 4463 cum
3032 4406 3305 4462 dedecore
3335 4419 3646 4477 magnoque

381 4495 689 4566 ναυμαχίαι
730 4496 953 4568 συχναί.⁴
975 4476 1312 4568 Τριϐομένου
1344 4498 1403 4552 δέ
1448 4497 1545 4552 τοῦ
1581 4476 1798 4569 καιροῦ,
1834 4501 1959 4555 ἐπεὶ

2077 4513 2305 4555 mterore
2356 4476 2507 4553 retro
2555 4496 2837 4554 abierunt.
2899 4495 3039 4553 Cum
3108 4503 3292 4551 autem
3342 4495 3646 4550 barbarica:

384 4559 656 4643 κατέλαϐε
701 4589 763 4645 τὸ
800 4559 1161 4661 ⁷ξιιετόπιλιίρον,
1185 4594 1252 4662 τῇ
1290 4592 1515 4663 Κυζίκῳ
1545 4593 1641 4646 καὶ⁵
1673 4559 1835 4658 αὖθις
1868 4594 1961 4648 τὸν

2077 4589 2263 4645 classis
2307 4588 2561 4660 reliquiae
2618 4589 2732 4660 jam
2801 4586 2873 4643 ad
2918 4586 3158 4659 Sylzeum
3211 4585 3643 4657 pervenissent,

380 4686 585 4737 οἰκεῖον
624 4685 809 4738 στόλον
839 4685 890 4736 oi
937 4684 1037 4753 τῆς
1079 4685 1260 4754 ’Ἅγαρ
1287 4684 1617 4756 ἐνόρμισανο
1656 4686 1750 4739 καὶ
1787 4684 1961 4751 οὕτως

2077 4683 2224 4737 "urbe
2261 4682 2565 4737 vehemens
2620 4688 2868 4748 exortus,
2916 4694 3088 4735 naves
3125 4679 3329 4750 partim
3354 4678 3644 4741 demersit,

381 4779 464 4840 είς
503 4776 734 4848 ἕϐδομον
796 4777 1017 4831 ἐποίουν
1077 4776 1353 4834 ἐνιαυτόν.
1431 4778 1790 4846 Ἀπογνόντες
1840 4774 1958 4841 οὖν,

2077 4773 2260 4829 iartim
2295 4774 2540 4845 scepulis
2567 4774 2738 4830 illisas
2771 4773 3056 4830 contrivit.
3092 4771 3250 4828 Unde
3291 4771 3336 4827 si
3373 4770 3466 4842 qui
3508 4787 3645 4827 eva-

386 4870 590 4940 μᾶλλον
638 4869 826 4942 μέντοι
871 4870 965 4924 καὶ
1004 4868 1208 4940 πλῆθος
1241 4867 1817 4934 ἀποϐαλόντεςνπολὺ,
1868 4872 1962 4924 καὶ

2077 4874 2281 4932 ierant,
2339 4882 2436 4923 eos
2480 4866 2648 4923 etiam
2701 4866 3165 4938 Cibyrrteotarum
3236 4864 3349 4920 dux
3410 4864 3642 4920 delevit.

378 4963 491 5015 τῶν
520 4963 664 5032 νηῶν
704 4962 1079 5033 ζημιωθέντες
1126 4962 1227 5024 τὰς
1257 4961 1513 5024 πλείονας
1553 4961 1698 5032 (τότε
1729 4961 1838 5033 γὰρ
1867 4964 1959 5016 καὶ

2077 4959 2205 5028 luin
2232 4968 2376 5015 terra
2407 4958 2575 5013 etiam
2607 4957 2750 5012 alius
2784 4957 3026 5012 Arabum
3057 4957 3335 5013 exercitus
3361 4972 3391 5011 a
3433 4955 3642 5009 Roma-

379 5056 442 5108 τδ
468 5055 635 5128 ὑγρὸν
661 5055 977 5123 ἐπινενόητο
1015 5054 1150 5120 πῦρ,
1184 5052 1514 5107 Καλλινίκου
1550 5054 1697 5118 τινὸς
1738 5055 1961 5125 ἀρχιτέ-

2077 5056 2151 5110 nis
2196 5052 2508 5125 legionibus
2531 5051 2712 5105 victus
2744 5058 2850 5106 est.
2894 5049 3048 5106 Unde
3079 5049 3339 5104 Saraceni
3391 5062 3490 5117 spe
3538 5046 3639 5100 de-

384 5164 571 5212 κτονος
597 5147 710 5203 ἀπὸ
744 5148 948 5220 Συρίας
971 5147 1223 5210 ἐλθόντος
1252 5145 1389 5216 πρὸς
1410 5146 1472 5200 τὸ
1498 5146 1774 5217 βασίλειον
1794 5147 1950 5212 ἄστυ,

2082 5146 2211 5213 eeti,
2241 5160 2305 5201 ac
2338 5145 2524 5216 potius
2549 5149 2860 5199 metuentes
2882 5157 2950 5197 ne
2984 5157 3013 5195 a
3041 5141 3306 5196 Romanis
3344 5139 3448 5210 ipsi
3481 5139 3638 5193 inva-

382 5243 478 5294 καὶ
533 5238 694 5295 τοῦτο
754 5237 1337 5308 κατασκευάσαντος),
1374 5239 1497 5309 μετ’
1543 5238 1808 5311 αἰσχύνης
1858 5242 1954 5293 καὶ

2077 5238 2353 5303 lerentur,
2383 5236 2538 5308 pacis
2570 5234 2840 5291 faciendae
2878 5233 3172 5289 consilium
3207 5244 3495 5304 ceperunt.
3532 5233 3638 5286 Ma-

1565 5398 1772 5460 νοτία)
1810 5397 2114 5461 lectiones
2160 5402 2221 5459 et
2253 5402 2439 5459 notua.

451 5579 560 5651 (2‘3)
609 5574 1032 5651 MtClCaor.‘Qu_i
1085 5572 1390 5651 Mezzetius
1435 5570 1640 5651 dicitur
1666 5569 1953 5651 .tnastasio
2059 5569 2268 5651 Adamn
2294 5568 2364 5651 ad
2387 5567 2941 5651 Leonemphilostu
3106 5637 3120 5651 θ
3312 5633 3334 5651 Β
3437 5635 3446 5646 ι

380 5633 794 5711 ἰηΓᾸέΙοοᾱιίιὸ,
856 5633 1227 5717 υιήνάολεὶυε
1279 5642 1808 5717 cmde._Chro_n_ico_n
1846 5654 1950 5694 ms.
2131 5640 2245 5717 ρετ-9)
2284 5643 2347 5692 Οἱ
2371 5637 2445 5717 δὲ
2468 5638 2575 5692 τοῦ
2607 5640 2803 5717 ’Ἅγαρἲ
2837 5638 2905 5694 Ut
2929 5637 3291 5717 tttm_olisessa
3312 5633 3474 5689 fuerit
3505 5636 3637 5693 uris

380 5721 600 5790 Georgii
637 5707 934 5773 Hamartoli
972 5718 1024 5769 in
1054 5707 1353 5771 Constante
1385 5729 1402 5768 ε
1440 5712 1963 5795 Ιξαρευθὺςιάναγοσ-
2064 5725 2092 5765 a
2127 5707 2441 5795 Saracenis,
2472 5717 2666 5791 praeter
2684 5708 3371 5795 'scriptores-lfvzaiititios,
3400 5719 3632 5795 narra-nt

383 5778 601 5862 ρεύοιῖσι
652 5786 1329 5862 βασιλέαΑΜιζίζιόνὲτινα
1368 5778 1660 5862 γενόμενον
1706 5781 1968 5862 Ἀρμενο-

2077 5789 2259 5862 auger
2292 5779 2570 5862 Orationis
2598 5779 2883 5862 innfcstunl
2917 5781 3012 5843 τῆς
3048 5778 3391 5862 ’Axaltiatep.

381 5848 535 5931 γενῆ,
564 5848 671 5915 ειοῖ
705 5861 782 5914 Ita
833 5848 1023 5913 etiam
1045 5848 1351 5925 appellatur
1380 5848 1446 5909 in
1494 5852 1704 5909 Chron.
1754 5848 1859 5905 ms.
1897 5854 1967 5904 ab
2066 5859 2123 5905 et
2148 5848 2592 5919 Theophylactus
2621 5849 3078 5914 llicrodiaconus,
3110 5865 3275 5905 serui.
3308 5848 3393 5910 19..
3429 5848 3634 5903 p.258.
