4068 6438
451 371 606 437 ’1295
1729 367 2019 430 JOANNI.‘

2126 367 2421 427 ΞΟΝΑΠΕ
2835 407 2840 409 -
3581 365 3707 430 ῙΞθδ

457 495 559 550 vizn
585 493 750 564 igitur
779 504 968 561 pacem
1000 503 1093 559 per
1125 488 1333 559 legatos
1357 485 1587 558 petenti,
1633 485 1828 540 annuit
1861 485 2019 552 impe‘

2137 483 2315 551 λύπης
2359 481 2562 549 πολλῆς
2624 480 3094 550 ἀνθ-ἀπέστρεφον.
3133 481 3272 552 Ἤδη
3329 481 3386 534 δὲ
3421 481 3516 534 τοῦ
3565 501 3707 554 περις

462 600 633 652 rator,
667 586 839 639 misso
869 583 1082 638 Joanne
1133 582 1388 652 patricio,
1424 581 1511 634 cui
1561 578 1896 648 Pitzigaudie
1936 593 2034 630 no-

459 693 585 733 men
629 685 770 742 erat,
813 674 932 728 viro
979 672 1250 742 prudente
1303 687 1366 725 ac
1411 672 1465 724 in
1511 669 1732 726 dicendi
1776 669 2036 722 facultate

456 766 784 830 exercitato,
837 762 930 833 qui
981 761 1133 832 pacis
1167 762 1438 828 interpres
1478 769 1644 814 esset.
1677 759 1781 826 Qui
1816 761 1869 813 in
1900 759 2036 813 Ara-

459 859 606 914 biam
657 856 962 926 profectus,
1018 861 1073 907 et
1130 850 1690 905 honoriﬁcentissime
1745 857 2032 919 exceptus,

457 969 582 1008 cum
623 949 916 1006 Saracenis
954 945 1240 1015 transegit,
1275 959 1430 1013 pace,
1460 943 1685 1012 scriptis
1719 943 1942 1008 tabulis,
1980 943 2034 996 in

458 1059 630 1098 annos
647 1057 751 1096 xxx
773 1041 1005 1102 ﬁrmata,
1025 1037 1325 1103 utArabes,
1341 1051 1398 1091 se
1413 1035 1788 1089 Romanorum
1807 1035 2038 1104 imperio

454 1133 756 1204 quotannis
778 1131 899 1186 auri
933 1138 1086 1184 terna
1124 1127 1294 1181 millia
1319 1170 1334 1193 ,
1370 1136 1600 1181 octonos
1634 1142 1850 1189 servos,
1903 1125 2038 1178 tolio

453 1227 690 1293 demque
725 1236 899 1291 equos
926 1218 1069 1289 apud
1106 1234 1167 1273 se
1204 1225 1528 1287 praestantes
1570 1216 1764 1271 tributi
1817 1220 2038 1270 nomine

454 1317 828 1387 pensitaturos
876 1311 1293 1382 pollicerentur.
1337 1308 1414 1362 Ea
1439 1323 1570 1378 pace
1595 1306 1834 1378 cognita,
1873 1306 2037 1362 Occi-

453 1408 702 1464 dentales
751 1405 1126 1460 Romanorum
1175 1400 1382 1464 hostes,
1416 1408 1472 1454 et
1504 1399 1605 1468 ipsi
1660 1399 1856 1468 legatis
1905 1413 2032 1453 cum

447 1501 780 1556 muneribus
824 1496 893 1551 ad
947 1497 1334 1564 imperatorem
1386 1491 1593 1556 missis,
1637 1507 1827 1561 pacem
1860 1491 2034 1562 impc-

454 1603 692 1652 trarunt.

2140 576 2457 643 λειφθέντος
2495 573 2842 645 βαρϐαρικοῦ
2888 573 3078 627 στόλου
3109 575 3406 645 γενομένου
3468 577 3604 628 κατὰ
3651 579 3711 631 τὸ

2140 666 2388 730 Σύλαιον,
2425 664 2679 731 καταιγὶς
2717 664 3049 732 πνευμάτων
3085 665 3300 736 σκληρᾶ
3331 665 3509 736 τούτῳ
3550 684 3710 736 προσ-

2139 756 2384 809 πεσοῦσα
2449 756 2539 808 τὸν
2619 755 2720 818 μὲν
2779 756 3060 820 κατέδυσε,
3117 757 3208 809 τὸν
3264 757 3320 810 δὲ
3368 757 3710 828 συνέτριψεν,

2138 851 2333 912 ἀκταῖς
2366 846 2783 918 προσαράξασά.
2847 846 3206 917 Ἐπιθεμένου
3242 850 3298 903 δὲ
3328 853 3442 912 τοῖς
3488 851 3552 902 ἐκ
3598 851 3711 903 τού-

2135 959 2244 994 των
2274 941 2590 997 διασωοείσι
2618 941 2713 996 καὶ
2743 941 2838 994 τοῦ
2871 947 2979 998 τῶν
3012 944 3451 1014 Κιϐυρραιωτῶν
3483 962 3713 1018 στρατη-

2137 1033 2257 1102 γοῦ,
2285 1033 2430 1098 ἄπας
2457 1037 2702 1091 διώλετο.
2731 1039 2892 1091 Κατὰ
2921 1038 3024 1107 γῆν
3045 1037 3093 1090 δ’
3116 1038 3274 1098 αὖθις
3299 1038 3461 1108 ἑτέρα
3486 1038 3716 1108 στρατιά

2137 1126 2244 1177 τῶν
2290 1126 2540 1196 Ἀράϐων
2588 1129 2888 1200 Ῥωμαῖκῷ
2919 1129 3309 1200 προσϐαλοῦσα
3344 1131 3716 1200 στρατεύματι

2136 1218 2360 1288 ἥττητο,
2397 1219 2541 1273 ὥστε
2582 1225 2794 1287 πεσεῖν,
2835 1224 2910 1285 ὡς
2942 1223 3182 1291 λέγεται,
3218 1226 3520 1294 τριάκοντα
3549 1225 3721 1296 χιλιά-

2137 1311 2243 1364 δων
2289 1312 2350 1364 οὐ
2405 1313 2647 1382 μείονας.
2697 1315 2977 1369 Ἐντεῦθεν
3035 1319 3084 1369 ot
3129 1317 3466 1389 Σπρακηνοῖ,
3502 1324 3721 1388 γνόντες

2141 1402 2218 1466 ὡς
2269 1403 2424 1458 οὐδέν
2481 1422 2635 1474 σφισι
2685 1406 2794 1460 τῶν
2829 1409 2887 1459 έν
2926 1406 3140 1462 ἐλπίσιν
3188 1409 3476 1480 ἀνύσιμον,
3521 1413 3722 1482 μᾶλλον

2145 1493 2331 1564 μέντοι
2370 1499 2464 1549 καὶ
2505 1498 2814 1560 δείσαντες,
2856 1497 2930 1569 μὴ
2966 1499 3150 1562 αὐτοῖς
3178 1501 3226 1552 οἱ
3268 1501 3532 1572 Ῥωμαῖοι
3560 1507 3722 1558 ἐπέλ-

2136 1585 2327 1652 θωσιν,
2362 1590 2692 1644 σπείσασθαι
2746 1590 3171 1661 ἐϐουλεύθησαν,
3202 1593 3293 1645 καὶ
3343 1596 3552 1650 στέλλει
3592 1599 3719 1669 πρέ-

454 1690 607 1753 σβεις
635 1691 661 1742 ὁ
689 1683 910 1747 Music;
942 1682 1080 1756 πρὸς
1119 1677 1368 1751 βασιλέα,
1421 1675 1648 1746 εἰρήνην
1717 1673 2063 1744 αἰτούμενος.
2103 1678 2217 1731 Καὶ
2265 1679 2296 1732 ὁ
2345 1679 2604 1750 βασιλεὺς
2673 1683 2812 1751 πρὸς
2862 1682 3067 1754 ταύτην
3101 1689 3434 1755 κατένευσε,
3488 1693 3587 1745 καὶ
3633 1697 3724 1745 τὶν

449 1785 741 1855 πατρίκιον
781 1778 1060 1846 Ἰωάννην,
1100 1774 1192 1828 τὸν
1243 1769 1614 1840 Πιτζιγαύδην
1666 1769 2024 1840 καλούμενον,
2063 1771 2340 1842 ἐπεμψεν,
2409 1776 2488 1838 ὡς
2541 1775 2762 1830 συνετὸν
2796 1775 2991 1847 ἄνδρα,
3058 1780 3152 1831 καὶ
3201 1781 3448 1850 γλῶτταν
3483 1785 3620 1856 περὶ
3663 1787 3722 1840 ab

442 1881 625 1948 λέγειν
658 1876 853 1945 ἔχοντα
882 1868 1206 1937 εὔστροφον,
1272 1863 1371 1928 τὰς
1415 1862 1524 1917 τῶν
1553 1863 1800 1916 σπονδῶν
1865 1865 2138 1938 συνθήκας
2205 1866 2590 1937 πληρώσοντα.
2655 1871 2776 1936 Ὃς,
2807 1870 3060 1924 ἀπελθὼν
3094 1874 3232 1944 πρὸς
3261 1878 3387 1941 τοὺς
3448 1880 3721 1950 Ἀραδας,

420 1973 654 2045 νδεχθείς
713 1988 774 2024 τε
833 1964 1380 2041 φιλοτιμότατα,,.τὰ
1438 1964 1538 2032 τῆς
1589 1961 1816 2032 εἰρήνης
1869 1957 2022 2013 ἔθετο
2063 1959 2356 2030 σύμφωνα,
2405 1965 2501 2017 καὶ
2546 1964 2616 2018 δι’
2683 1968 2982 2039 ἐγγράφων
3049 1972 3224 2043 αὐτὴν
3277 1975 3371 2027 ἐπὶ
3421 1975 3720 2045 τριάκοντα

441 2064 729 2127 ἐνιαυτοὺς
780 2055 1124 2124 ἐϐεϐαίωσε,
1178 2057 1289 2110 τῶν
1369 2054 1621 2124 Ἀράΰων
1672 2051 2066 2130 καταθεμένων
2099 2053 2304 2106 διδόναι
2386 2057 2456 2126 τῇ
2513 2055 2761 2130 βασιλείᾳ
2830 2057 3117 2130 Ῥωμαίων
3182 2063 3383 2135 δεσμὸν
3447 2068 3724 2122 ἐνιαύσην

441 2156 672 2228 χρυσίου
722 2155 971 2225 χιλιάδας
1003 2153 1176 2221 τρεῖς,
1211 2147 1310 2202 καὶ
1342 2147 1564 2208 δούλους
1637 2143 1806 2210 ὀκτὼ,
1877 2146 1974 2198 καὶ
2047 2145 2248 2209 ῐππους
2291 2146 2401 2200 τῶν
2449 2149 2582 2220 παρ’
2645 2151 2832 2220 αὐτοῖς
2875 2152 3116 2224 δοκίμων
3160 2157 3472 2223 τοσούτους.
3513 2162 3578 2214 OE
3625 2163 3723 2230 μὲν

420 2252 536 2306 ’θῦν
567 2251 666 2322 τῆς
697 2251 878 2317 Ἀγαρ
905 2245 1050 2298 οὕτω
1080 2243 1181 2312 τῆς
1207 2243 1431 2313 εἰρήνης
1459 2239 1674 2310 ἔτυχον.
1705 2239 1768 2292 Oi
1821 2237 1876 2290 δὲ
1918 2239 2060 2291 κατὰ
2093 2240 2194 2306 τὴν
2241 2237 2520 2312 Ἑσπέραν
2553 2243 2662 2295 τῶν
2703 2243 2993 2316 Ῥωμαίων
3022 2246 3270 2318 πολέμιοι
3297 2251 3473 2306 ταῦτα
3518 2255 3724 2324 μαθόν-

436 2363 555 2411 τες,
597 2345 845 2398 κάκεῖνοι
895 2336 1205 2393 καταλῦσαι
1268 2334 1397 2398 τοὺς
1452 2333 1729 2402 πολέμους
1787 2331 2026 2400 σπουδὴν
2065 2331 2270 2397 ἔθεντο,
2339 2335 2436 2389 καὶ
2501 2340 2762 2408 πρέσϐεις
2794 2339 2930 2411 πρὸς
2961 2341 3056 2395 τὸν
3094 2341 3323 2414 βασιλέα
3359 2348 3502 2416 μετὰ
3529 2348 3722 2420 δώρων

441 2437 763 2499 ἐστάλκασι,
795 2430 892 2485 καὶ
918 2428 1054 2500 πρὸς
1082 2425 1279 2489 αὐτοὺς
1309 2426 1342 2496 ὴ
1367 2424 1559 2495 εἰρήνη
1589 2421 1888 2494 κεκύρωτο.

522 2527 668 2584 XXI.
699 2507 778 2581 Ita
806 2531 863 2577 et
889 2519 1114 2578 Oriente
1137 2525 1192 2573 et
1213 2515 1511 2572 Occidente
1533 2526 1750 2586 pacato,
1769 2513 2019 2570 Theodo-

2199 2514 2332 2568 ΚΜ.
2381 2515 2492 2568 Καὶ
2533 2515 2739 2586 ἠρεμία
2770 2517 3022 2590 πολέμων
3047 2521 3285 2591 ἐγένετο,
3313 2526 3408 2580 καὶ
3446 2527 3593 2582 κατᾶ
3622 2531 3723 2600 τὴν

421 2637 536 2678 erus
558 2622 610 2676 in
627 2616 811 2674 sedem
834 2610 1173 2684 pontiﬁciam
1199 2607 1595 2674 introducitur,
1619 2609 1706 2676 cui
1726 2616 1848 2677 post
1867 2607 2020 2663 bien-

425 2717 594 2772 nium
639 2713 818 2783 ejecto
862 2704 1132 2777 Georgius
1169 2701 1437 2767 succedit.
1475 2699 1614 2756 Cum
1659 2710 1843 2755 autem
1867 2699 2015 2755 Con-

436 2806 711 2864 stantinus
737 2799 1081 2857 orthodoxus
1107 2802 1278 2862 esset,
1307 2795 1468 2849 unire
1497 2792 1714 2848 studuit
1738 2791 2016 2846 Ecclesias

435 2901 508 2956 ob
533 2893 1023 2954 Monothelitarum
1056 2887 1309 2944 haeresim
1341 2887 1454 2958 jam
1486 2884 1614 2940 inde
1635 2899 1665 2939 a
1695 2898 1897 2954 proavo
1915 2897 2017 2938 suo

437 2986 688 3046 Heraclio
719 2991 895 3038 ortam
924 2978 1279 3036 dissidentes.
1322 2976 1511 3048 Itaque
1537 2973 1832 3029 concilium
1873 2972 2018 3028 Con-

425 3076 792 3148 stantinopoli
816 3073 1030 3137 indicit,
1058 3072 1218 3143 cujus
1243 3070 1394 3124 fuere
1415 3067 1694 3139 principes
1715 3066 2018 3137 Agathonis

435 3188 592 3246 papae
619 3168 852 3226 Romani
911 3164 1101 3237 legati,
1149 3161 1420 3233 Georgius
1451 3159 2016 3235 Constantinopolita-

435 3278 542 3319 nus
590 3271 648 3317 et
693 3257 1061 3328 Theophanes
1131 3253 1531 3310 Antiochenus.
1595 3251 1786 3320 Neque
1865 3253 2013 3305 enim

435 3351 791 3417 Alexandria,
832 3363 1013 3418 neque
1036 3345 1413 3416 Hierosolyma
1447 3342 1812 3414 patriarcham
1846 3342 2019 3397 habe-

436 3451 592 3510 bant,
616 3459 646 3498 a
678 3442 970 3498 Saracenis
1006 3445 1307 3508 occupatae.
1342 3435 1419 3489 Eo
1449 3433 1707 3498 concilio,
1743 3434 1889 3504 quod
1915 3450 2017 3488 nu-

429 3552 594 3595 mero
634 3543 850 3592 sextum
882 3531 987 3586 fuit
1007 3570 1026 3608 ,
1057 3536 1143 3584 est
1181 3527 1489 3591 decretum,
1525 3524 1662 3580 duas
1701 3528 2014 3582 voluntates

427 3640 495 3687 et
542 3630 681 3685 duas
720 3627 967 3682 actiones
1015 3624 1070 3677 in
1119 3620 1344 3676 Christo
1381 3630 1434 3674 et
1471 3619 1848 3692 prtedicandas
1903 3619 2009 3696 91

426 3720 818 3781 etcredendas
869 3733 1012 3783 esse,
1093 3716 1260 3772 etiam
1319 3716 1654 3785 imperatore
1719 3722 2011 3784 praesente.

433 3817 538 3886 Qui
571 3825 756 3871 autem
792 3813 1011 3867 unicam
1036 3809 1375 3864 voluntatem
1411 3815 1467 3861 et
1497 3807 1770 3861 actionem
1803 3820 2015 3860 asserc-

2158 2605 2333 2675 Ἐῴαν
2355 2604 2508 2676 λῆξιν
2547 2607 2812 2663 καὶκατὰ
2867 2613 2967 2680 τὴν
3007 2611 3322 2685 Ἐσπέριον.
3361 2618 3631 2684 Θανόντος
3669 2624 3725 2676 δὲ

2127 2695 2226 2750 τοῦ
2257 2699 2601 2769 πατριάρχου
2650 2699 2923 2769 Ἰωάννου,
2961 2706 3385 2777 προκεχειριστο
3414 2710 3716 2766 Κωνσταν-

2127 2789 2293 2854 τίνος,
2336 2788 2432 2841 καὶ
2475 2789 2615 2858 μετά
2647 2789 2743 2843 δύο
2773 2792 2869 2862 έτη
2909 2793 3150 2860 ἐξέλιπε,
3181 2798 3278 2851 καὶ
3319 2800 3591 2868 ἀνάγεται
3638 2809 3720 2866 εἰς

2125 2877 2218 2930 τὸν
2241 2881 2626 2949 ἀρχιερατικδν
2655 2879 2844 2934 τοῦτον
2881 2883 3070 2954 θρόνον
3099 2885 3374 2958 Θεόδωρος
3408 2905 3421 2918 ·
3449 2889 3534 2958 ὃς,
3574 2893 3715 2964 μετὰ

2128 2967 2224 3022 δύο
2275 2971 2560 3034 ἐνιαυτοὺς
2605 2973 2913 3044 ἐκϐληθεὶς,
2961 2976 3205 3047 διάδοχον
3249 2979 3376 3049 ἔσχε
3418 2983 3717 3055 Γεώργιον.

2139 3060 2456 3153 Ὀρθόδοξος
2483 3065 2538 3117 δὲ
2569 3064 2646 3118 ὣν
2685 3068 2713 3120 ὁ
2746 3066 3006 3137 βασιλεὺς
3036 3071 3468 3139 Κωνστανττνος,
3506 3080 3716 3130 ἐσπου-

2125 3155 2288 3206 δασεν
2311 3154 2510 3207 ἐνῶσαι
2543 3154 2642 3218 τὰς
2688 3155 3012 3226 Ἑκκλησίας
3045 3157 3438 3230 διεσχισμένας
3486 3165 3579 3218 διά
3617 3168 3720 3235 τὴν

2127 3247 2238 3302 τῶν
2283 3246 2680 3319 Μονοθελητῶν
2748 3252 2965 3323 αἵρεσιν
3027 3253 3136 3308 ἀπὸ
3188 3253 3298 3307 τῶν
3347 3257 3563 3326 χρόνων
3618 3261 3718 3324 τῆς

2129 3339 2412 3410 βασιλείας
2461 3340 2787 3411 Ἡρακλείου
2836 3343 2935 3396 τοῦ
2986 3343 3328 3414 προπάππου
3378 3348 3572 3402 αὐτοῦ.
3626 3349 3719 3401 Διὸ

2083 3428 2090 3433 ⁷
2128 3431 2225 3485 καὶ
2255 3431 2474 3486 σύνοδον
2513 3433 2903 3506 οίκουμενικὴν
2936 3435 3047 3506 (50)
3083 3436 3445 3509 ἀθροισθῆναι
3497 3439 3717 3492 κελεύει

2129 3529 2188 3579 ἐν
2226 3528 2823 3595 Κωνσταντινουπόλει,
2870 3525 2939 3602 ἧς
2975 3531 3209 3602 ἡγοῦντο
3241 3535 3336 3587 τοῦ
3391 3537 3492 3606 μὲν
3550 3539 3716 3591 πάπα

2137 3618 2358 3690 Ῥώμης
2429 3621 2737 3688 Ἀγάθωνος
2798 3627 3172 3694 τοποτηρητα).
3216 3665 3232 3692 ,
3300 3627 3577 3698 Γεώργιος
3658 3630 3715 3680 δὲ

2128 3714 2779 3780 Κωνσταντινουπόλεως,
2842 3718 2936 3770 καὶ
2997 3719 3282 3789 Θεοφάνης
3349 3721 3717 3792 Ἀντιοχείας.

2138 3804 2548 3878 Ἀλεξανδρείας
2606 3808 2663 3860 δὲ
2722 3811 2823 3862 οὐκ
2871 3806 2939 3882 ἦν
3001 3814 3377 3885 πατριάρχης,
3431 3815 3554 3868 οὐδὲ
3615 3816 3721 3867 Ἱε-

423 3911 586 3974 bant,
657 3904 988 3960 Theodorus
1067 3901 1378 3957 Pharanius
1446 3899 1773 3969 episcopus,
1846 3899 2019 3971 Cyrus

2126 3898 2466 3969 ροσολύμων,
2516 3900 2596 3955 ὅτι
2658 3901 2764 3954 ὑπὸ
2813 3906 2944 3969 τοὺς
2994 3907 3352 3977 Σαρακηνοὺς
3410 3909 3467 3961 αἱ
3520 3908 3715 3970 πόλεις

433 4000 861 4062 Alexandrinus,
894 3995 1141 4067 Sergius,
1179 3995 1442 4066 Pyrrhus,
1487 3993 1689 4048 Paulus
1717 4001 1775 4048 ct
1819 3993 2018 4049 Petrus

429 4091 1053 4162 Constantinopolitani,
1079 4088 1351 4144 Macarius
1372 4087 1772 4152 Antiochenus,
1811 4095 1867 4140 et
1889 4085 2017 4140 Ste-

433 4191 650 4260 phanus
686 4185 992 4256 discipulus
1009 4185 1161 4254 ejus,
1191 4181 1508 4237 inveterata:
1540 4179 1910 4250 improbitatis
1960 4187 2017 4233 et

435 4279 660 4349 puerilis
684 4275 956 4332 vecordia:
975 4288 1162 4336 senex,
1187 4272 1534 4328 anathemate
1563 4277 1690 4325 sunt
1709 4272 1903 4324 notati.
1928 4269 2016 4324 ln-

435 4383 584 4427 tcrca
615 4369 862 4441 Bulgaris
899 4368 1176 4423 Romanas
1208 4367 1351 4433 ultra
1373 4363 1683 4418 Danubium
1703 4363 2016 4434 provincias

433 4464 507 4520 cli
515 4480 607 4518 use
629 4459 991 4523 vastantibus,
1012 4458 1312 4529 imperator
1327 4455 1720 4512 Constantinus
1739 4465 1882 4508 terra
1901 4469 2016 4509 ma-

435 4558 593 4628 rique
612 4569 902 4611 occurrere
925 4559 1102 4623 parat,
1124 4565 1318 4620 magna
1342 4549 1516 4606 classe
1540 4565 1570 4604 e
1596 4549 1732 4602 mari
1757 4549 1810 4602 in
1833 4549 2016 4602 Danu-

432 4646 587 4701 bium
620 4643 892 4698 traducta.
915 4641 1036 4706 Quo
1067 4648 1332 4710 apparatu
1357 4637 1532 4694 territi
1573 4637 1812 4704 barbari,
1834 4637 2015 4691 muni-

435 4740 583 4794 tione
598 4735 832 4806 quadam
855 4743 1120 4803 occupata
1149 4747 1271 4801 quae
1301 4729 1620 4784 ﬂuminibus
1646 4739 1702 4784 et
1727 4729 1858 4782 limo
1888 4730 2011 4784 cin-

428 4833 685 4904 gebatur,
715 4825 1162 4900 quiescunt‘Sed
1194 4840 1295 4878 nec
1323 4822 1556 4878 Romani
1591 4837 1689 4876 eos
1737 4822 2004 4876 invasere.

430 4923 568 4978 Cum
604 4929 789 4976 autem
837 4919 1097 4985 utrinque
1122 4915 1240 4968 dies
1265 4914 1477 4982 aliquot
1511 4929 1606 4982 per
1633 4914 1810 4968 otium
1833 4922 2010 4966 trans-

429 5010 715 5078 cgissent,
785 5003 1000 5059 barbari
1072 5002 1348 5056 Romanos
1420 5002 1644 5072 ignavos
1703 5016 1824 5057 esse
1881 5002 2009 5066 rati,

425 5101 593 5156 etiam
633 5097 726 5152 tali
758 5104 960 5152 eventu
994 5092 1335 5156 conlirmati,
1368 5109 1553 5162 parent
1583 5093 1754 5164 priori
1804 5093 2008 5147 timidi-

432 5195 528 5248 ιιιιί
583 5191 840 5246 ﬁduciam
887 5196 1237 5258 receperunt.
1283 5185 1418 5240 Nam
1465 5187 1763 5257 imperator
1799 5187 2004 5257 ingenti

433 5286 635 5356 pedum
668 5285 915 5340 cruciatu
949 5281 1198 5346 allectus,
1240 5295 1365 5334 cum
1400 5296 1432 5333 v
1473 5281 1704 5336 navibus
1735 5280 2008 5350 expeditis

427 5389 485 5432 et
514 5393 616 5432 suo
641 5376 904 5431 comitatu
939 5375 992 5427 in
1018 5373 1424 5455 lilcsembriam,
1451 5372 1752 5428 Romanam
1784 5389 2008 5444 provin-

427 5468 594 5532 ciam,
642 5466 869 5537 trajicit,
896 5462 1105 5518 balneis
1134 5478 1358 5528 usurus,
1408 5462 1654 5518 exercitu
1685 5471 1742 5518 et
1772 5463 2006 5519 ducibus

2122 3985 2287 4043 αὗται
2334 3992 2656 4062 ἐτύγχανον.
2708 3994 2882 4067 Ἕκτη
2933 3997 2990 4050 δὲ
3041 3994 3177 4052 οὖσα
3222 4001 3255 4070 ἡ
3307 3998 3527 4062 σύνοδος
3566 3998 3715 4066 αὕτη

2119 4083 2369 4156 ἐκύρωσε
2435 4084 2530 4137 δύο
2603 4084 2854 4157 θελήσεις
2928 4089 3024 4144 καὶ
3103 4091 3195 4144 δύο
3267 4093 3548 4165 ἐνεργείας
3621 4095 3721 4150 ἐπὶ

2117 4176 2213 4230 τοῦ
2272 4177 2525 4248 Σωτῆρος
2570 4178 2834 4263 Χριστοῦ,
2889 4182 2983 4234 καὶ
3040 4182 3335 4254 λέγεσθαι,
3403 4195 3722 4260 παρουσιά-

2118 4270 2303 4335 ζοντος
2353 4271 2448 4325 καὶ
2499 4270 2595 4324 τοῦ
2653 4271 3080 4346 αὐτοκράτορος
3150 4277 3720 4348 άναθεματισθέντων

2115 4363 2226 4416 τῶν
2277 4363 2379 4431 τὴν
2441 4363 2572 4433 μίαν
2629 4366 2973 4435 φρονούντων
3017 4367 3240 4439 θέλησιν
3273 4373 3370 4426 καὶ
3417 4374 3719 4446 ἐνέργειαν

2115 4454 2395 4524 Θεοδώρου
2447 4453 2543 4508 τοῦ
2591 4457 2689 4526 τῆς
2718 4457 2905 4528 Φαρὰν
2939 4461 3268 4528 ἐπισκόπου,
3318 4465 3508 4534 Κύρου
3555 4468 3719 4523 Ἀλε-

2117 4547 2425 4618 ξάνδρείας,
2470 4551 2724 4620 Σεργίου,
2793 4553 3037 4624 Πύρρου,
3095 4554 3312 4609 Παύλου
3368 4562 3462 4611 καὶ
3493 4562 3716 4634 Πέτρου

2116 4640 2768 4706 Κωνσταντινουπύλεως,
2816 4644 3109 4715 Μακαρίου
3181 4648 3534 4721 Ἀντιοχείας,
3612 4656 3718 4709 καὶ

2114 4731 2392 4799 Στεφάνου
2423 4732 2517 4784 τοῦ
2550 4733 2809 4804 φοιτητοῦ
2846 4733 3038 4804 αὒτοῦ,
3071 4739 3164 4790 καὶ
3197 4738 3290 4792 τοῦ
3325 4743 3705 4814 πολυχρονίου

2113 4823 2210 4894 τὴν
2257 4824 2468 4889 κακίαν,
2505 4826 2600 4878 καὶ
2644 4826 3010 4898 νηπιόφρονος
3048 4829 3330 4900 γέροντος.
3383 4834 3458 4886 Τὸ
3485 4836 3543 4887 δὲ
3594 4838 3713 4891 τῶν

2115 4916 2445 4988 Βουλγάρων
2496 4918 2654 4982 ἔθνος
2705 4922 2786 4983 εἰς
2836 4921 2938 4985 τάς
3001 4921 3324 4995 Ῥωμαϊκὸς
3367 4926 3553 4998 χώρας
3608 4933 3720 4995 τὰς

2112 5007 2290 5078 πέραν
2343 5008 2439 5062 τοῦ
2493 5011 2710 5081 Ἴστρου
2770 5011 3086 5082 γενόμενον,
3150 5016 3382 5085 ταύταις
3439 5022 3718 5091 ἀκρατῶς

2111 5098 2451 5171 ἐλυμαίνετο.
2497 5101 2882 5173 Ἐκστρατεύει
2930 5104 3108 5158 τοίνυν
3145 5106 3268 5161 κατ’
3316 5107 3496 5162 αὐτῶν
3533 5113 3566 5163 ὁ
3604 5113 3718 5184 βα-

2111 5191 2294 5258 σιλεὺς
2323 5195 2736 5259 Κωνσταντίνος
2782 5195 2925 5250 κατὰ
2955 5199 3062 5269 γῆν
3105 5216 3164 5252 τε
3195 5203 3288 5255 καὶ
3315 5205 3454 5256 κατὰ
3492 5203 3714 5258 θάλασ-

2114 5300 2237 5348 σαν,
2268 5287 2458 5338 στόλον
2490 5287 2660 5340 πολὺν
2690 5289 2755 5342 ἐκ
2782 5287 2884 5356 τῆς
2916 5286 3203 5360 θλιλάσσηε
3249 5295 3566 5363 εἰσαγαγὼν
3623 5302 3715 5362 εἷς

2115 5376 2206 5429 τὸν
2232 5377 2515 5437 Δάνου6ιν.
2558 5383 2622 5436 Ol
2673 5383 2728 5437 δὲ
2777 5386 3073 5458 Βάρϐαροι,
3101 5389 3200 5461 τὴν
3237 5389 3346 5443 τῶν
3413 5389 3716 5460 Ῥωμαίων

2117 5467 2320 5533 ἰδόντες
2365 5475 2750 5546 παρασκευὴν,
2801 5478 3132 5548 ὲδειλίασαν,
3182 5481 3276 5535 καὶ
3307 5483 3388 5546 εἰς
3432 5481 3718 5554 ὀχύρωμά

1624 5603 1831 5666 Varize
1871 5604 2181 5669 lectiones
2227 5617 2285 5670 et
2320 5620 2510 5675 nota-3.

501 5733 612 5813 (ΞΟ)
674 5733 770 5812 ᾼιε)
827 5730 930 5789 καὶ
986 5728 1255 5786 σύνοδον
1295 5727 1745 5812 οὶκουμενικήν.
1809 5730 1982 5801 llujus

2126 5731 2214 5790 odi
2275 5737 2597 5795 memoriam
2643 5748 2814 5812 agunt
2839 5740 3016 5800 Graeci
3047 5743 3118 5802 ‘25
3154 5742 3428 5813 Januarii,
3484 5754 3547 5800 ut
3623 5757 3712 5802 est

429 5802 486 5856 in
518 5803 756 5858 Menteis.
1106 5829 1114 5839 -
