4068 6448
416 440 553 506 1299

1677 444 2009 507 JOANNIS
2050 442 2375 505 ΖΟΝΑΜΞ

3553 430 3699 497 1300

411 574 617 616 novum
682 559 979 617 Arabicum
1052 560 1303 616 haberet.
1364 560 1573 638 .Neque
1636 576 1769 615 vero
1827 574 1985 614 aurec

2102 557 2414 628 σύνταγμα.
2475 551 2612 607 Κατ’
2644 550 2880 622 ἐκλογὴν
2913 549 3023 621 γὰρ
3073 546 3315 621 εἰληφὼς
3364 549 3431 603 ὲκ
3481 549 3701 606 τούτων

410 670 642 711 nummo
693 655 857 711 aliam
916 657 1254 729 imaginem.
1314 652 1421 711 nisi
1472 654 1703 710 Romani
1755 655 2025 733 impera-7

410 747 580 813 toris,
622 748 861 819 insculpi
891 750 975 805 fas
1001 756 1145 805 eral.
1172 748 1388 804 Bellum
1418 746 1588 818 igitur
1641 746 1724 803 eis
1767 746 1975 813 intulit,

410 852 521 892 non
560 847 671 893 tam
729 838 994 894 Romanis
1057 838 1365 908 legionibus
1413 837 1613 902 fretus,
1649 852 1814 909 quam
1853 853 1999 894 novo

412 926 520 982 isto
568 936 624 983 et
681 928 954 997 acquisito
1017 929 1242 1000 populo.
1313 927 1578 995 Quamvis
1642 928 1791 984 enim
1858 928 1997 986 Ara-

409 1016 510 1073 bes
554 1027 814 1085 orarent,
862 1034 934 1074 ne
984 1019 1234 1076 inducias
1267 1027 1587 1090 rumperet,
1619 1035 1758 1077 neve
1807 1031 1997 1092 pacto-

408 1123 533 1164 rum
566 1109 783 1166 tabulas
830 1111 1088 1179 violaret,
1148 1112 1323 1168 Deum
1367 1110 1654 1179 obtestati,
1693 1112 1851 1184 cujus
1891 1112 1997 1169 illae

407 1198 638 1254 numine
715 1200 1046 1272 interposito
1117 1200 1457 1258 conﬁrmatae
1502 1211 1724 1268 essent,
1756 1218 1996 1274 eumque

404 1289 689 1347 vindicem
726 1291 1052 1349 invocarent
1074 1306 1268 1350 contra
1292 1308 1390 1351 eos
1418 1295 1514 1366 qui
1540 1310 1739 1366 pugnae
1765 1310 1993 1352 causam

407 1384 768 1453 praeberent:
811 1387 1119 1457 imperator
1177 1387 1460 1444 obturatis
1501 1389 1734 1445 auribus
1769 1388 1838 1445 ad
1895 1404 1999 1458 pu-

406 1490 572 1546 gnam
604 1475 907 1532 ferebatur.
943 1477 1158 1533 Arabes
1195 1477 1366 1549 igitur
1396 1477 1750 1535 induciarum
1791 1478 1997 1535 tabulis

405 1565 564 1622 basta
597 1568 903 1638 suspensis,
938 1583 1003 1624 ac
1034 1569 1217 1625 vexilli
1243 1570 1421 1626 instar
1457 1579 1588 1627 ante
1630 1586 1795 1627 suum
1833 1585 1997 1627 exer-

404 1659 575 1714 citum
610 1661 794 1725 elatis,
824 1676 949 1716 cum
979 1661 1245 1718 Romanis
1274 1663 1740 1735 congrediuntur.
1790 1662 1993 1720 Statim

404 1759 591 1807 autem
636 1751 836 1824 viginti
882 1752 1055 1809 millia
1102 1753 1425 1810 Sclavorum
1474 1754 1735 1827 acquisiti
1796 1753 1992 1825 populi

402 1841 471 1896 ad
524 1840 714 1899 hostes
762 1842 1120 1910 defecerunt,
1162 1847 1414 1915 quae§res
1466 1847 1682 1902 animos
1726 1845 1989 1902 Romanis

403 1936 631 2001 minuit,
664 1936 992 2007 clademque
1037 1938 1368 2005 attulit,illis
1417 1940 1593 2008 auxit,
1637 1954 1703 1995 ac
1736 1940 1986 1995 victoria

404 2044 571 2084 causa
601 2028 729 2084 fuit.
774 2030 1053 2093 Romanos
1074 2031 1251 2102 igitur
1273 2033 1575 2102 persecuti,
1623 2047 1985 2105 quoscunque

401 2119 632 2192 adipisci
661 2131 916 2191 potuere,
950 2122 1317 2187 sustulerunt,
1355 2138 1423 2179 ae
1450 2123 1567 2181 fere
1605 2125 1883 2180 innumeri
1917 2140 1987 2180 ex

400 2208 717 2291 legionibus
763 2210 1104 2271 ceciderunt.
1156 2212 1280 2283 Ipse
1322 2214 1625 2284 imperator
1666 2216 1813 2287 turpi
1858 2216 1985 2290 fuga

402 2316 529 2355 cum
565 2303 759 2372 paucis
797 2316 1179 2371 conservatus,
1216 2320 1343 2362 cum
1374 2306 1445 2362 ad
1486 2306 1768 2366 Leucaten
1792 2325 1987 2382 perve-

400 2393 599 2462 nisset,
635 2395 898 2466 reliquias
927 2397 1190 2455 Sclavica:
1229 2398 1381 2456 illius
1401 2409 1457 2456 et
1487 2400 1777 2473 acquisitae
1806 2403 1986 2474 gentis

400 2500 599 2543 omnes
635 2489 839 2552 occidi,
888 2488 1159 2546 cadavera
1188 2490 1241 2545 in
1272 2506 1426 2549 mare
1466 2492 1631 2564 abjici
1657 2494 1838 2566 jussit.
1885 2494 1989 2568 By-

403 2579 650 2635 eantium
700 2595 1001 2649 reversus,
1057 2583 1571 2642 substructionibus
1619 2589 1870 2654 vacavit,
1930 2599 1988 2646 et

400 2671 703 2727 maximum
756 2672 866 2744 93
919 2673 1222 2731 triclinium
1272 2676 1438 2749 regiae
1480 2676 1698 2734 Orienti
1743 2680 1989 2737 obversze

399 2762 673 2832 condidit,
702 2764 851 2836 quod
875 2765 1197 2839 etiamnum.
1223 2767 1294 2824 ab
1329 2783 1397 2825 eo
1443 2769 1851 2827 Justinianeum
1891 2788 1990 2843 ap-

398 2854 661 2925 pellatur.
686 2856 923 2928 Agarcni
950 2873 1117 2930 porro
1154 2859 1224 2915 ab
1249 2874 1318 2917 eo
1347 2869 1596 2933 tempore
1625 2863 1849 2934 impune
1876 2865 1990 2920 Ro-

398 2961 593 3002 manas
629 2948 945 3017 provincias
984 2950 1348 3019 invaserunt,
1377 2964 1433 3010 et
1474 2953 1773 3013 Sabbatius
1819 2958 1991 3028 patri-

398 3039 543 3102 cius.
590 3040 866 3097 Armenia:
899 3055 1126 3115 prmtor,
1173 3046 1394 3118 cognita
1430 3046 1587 3103 clade
1629 3048 1987 3122 imperatoris

396 3134 470 3191 ad
509 3135 721 3193 Arabes
746 3153 807 3194 se
846 3139 1104 3207 contulit,
1139 3140 1335 3213 eisque
1379 3140 1698 3199 Armeniam
1735 3145 1988 3206 tradidit.

397 3219 594 3292 Neque
639 3222 720 3279 illi
765 3223 1050 3284 Orientem
1077 3228 1398 3286 universum
1427 3241 1646 3288 vastare
1686 3232 1983 3304 incendiis,

397 3321 457 3369 et
489 3315 839 3372 Christianos
864 3319 920 3374 in
951 3320 1280 3377 servitutem
1314 3321 1593 3397 abducere
1622 3324 1982 3383 destiterunt.

397 3405 528 3462 Fuit
572 3409 721 3478 apud
770 3410 1150 3468 Iustinianum
1190 3414 1485 3471 eunuchus
1524 3415 1748 3486 quidam
1777 3417 1984 3488 gratio-

311 3481 320 3493 ’
396 3497 675 3558 sissimus.
708 3501 805 3571 qui
828 3515 883 3557 et
917 3502 1241 3560 sacellarius
1269 3512 1358 3561 est
1380 3481 1730 3576 designatus,
1760 3509 1985 3566 nomine

399 3581 740 3659 Stephanus,
779 3607 982 3661 genere
1014 3592 1311 3660 barbarus,
1349 3594 1675 3653 crudelitate
1707 3607 1763 3654 et
1784 3598 1984 3656 imma-

399 3680 573 3737 nitate
592 3681 715 3753 plus
747 3698 911 3754 quam
965 3685 1262 3751 barbarus,
1311 3687 1494 3759 gravis
1542 3688 1820 3755 omnibus,
1872 3707 1982 3748 non

398 3782 613 3829 tantum
645 3775 701 3832 in
736 3776 904 3833 rebus
933 3778 1213 3848 gerendis,
1235 3780 1334 3837 sed
1367 3781 1421 3836 in
1450 3782 1627 3853 ptenis
1647 3784 1983 3840 etiam‘intli-

395 3867 589 3937 gendis
621 3883 637 3924 :
670 3884 853 3942 neque
889 3870 935 3925 is
964 3871 1213 3942 plebeios
1241 3874 1536 3941 duntaxat,
1585 3876 1681 3933 sed
1716 3879 1982 3948 potentis-

396 3955 568 4012 simos
610 3959 777 4014 etiam
808 3960 1041 4026 invasit,
1091 3961 1232 4017 adeo
1269 3973 1329 4019 ut
1368 3974 1426 4020 et
1464 3964 1817 4033 imperatoris
1868 3982 1983 4023 ma-

395 4056 540 4104 trem
593 4051 927 4108 verberarit.
963 4052 1111 4109 ldem
1157 4055 1456 4126 imperator
1484 4058 1815 4113 monachum
1843 4073 1982 4129 quo-

394 4156 507 4210 que
572 4142 968 4212 Theodosium,
1034 4147 1245 4217 pridem
1309 4149 1977 4222 inclusum,igeneralem

397 4231 750 4302 designavit,
822 4236 917 4307 qui
965 4252 1069 4293 nec
1124 4239 1242 4310 ipse
1302 4239 1657 4311 improbitate
1719 4242 1980 4298 eunucho

398 4321 682 4393 Stephano
721 4328 972 4385 cedebat.
1017 4328 1157 4386 Cum
1189 4340 1375 4387 autem
1418 4331 1488 4387 ab
1537 4332 1626 4388 his
1667 4334 1981 4404 respublica

400 4416 590 4472 multis
625 4417 786 4474 malis
829 4419 1184 4489 adiceretur,
1221 4423 1525 4494 imperator
1563 4426 1809 4479 omnium
1854 4424 1978 4480 odia

394 4507 661 4578 suscepit.
693 4507 984 4564 Leontium
1016 4526 1146 4566 vero
1179 4511 1376 4567 ducem
1422 4514 1491 4570 de
1534 4514 1837 4584 cupiditate
1876 4514 1980 4570 im-

2099 650 2300 721 ἄνδρας
2353 646 2642 717 γενναίους
2690 663 2752 699 τε
2799 645 2896 699 καὶ
2942 642 3238 708 νεάζοντας
3292 642 3375 704 είς
3432 641 3701 712 χιλιάδας

2097 740 2411 810 τριάκοντα,
2485 737 2616 793 λαὸν
2663 736 2866 799 αὐτοὺς
2913 733 3145 789 ἐκάλεσε
3189 730 3539 803 περιούσιον.
3600 727 3700 796 Οἷς

2098 830 2348 903 γεγηθώς
2382 847 2443 884 τε
2484 830 2581 884 καὶ
2625 827 2925 891 πεποιθὼς,
2955 826 3053 880 καὶ
3103 824 3204 887 τὰς
3234 824 3371 896 πρὸς
3420 824 3562 888 τοὺς
3596 825 3703 877 ’Λ-

2100 924 2274 995 ραϐας
2320 924 2593 996 συνθήκας
2642 922 2974 993 παρέλυσεν,
3037 919 3219 973 αἰτίαν
3274 917 3549 989 εἰληφὼς,
3609 918 3699 972 ὅτι

2099 1016 2304 1071 σταλὲν
2327 1016 2390 1070 τὺ
2415 1014 2512 1069 τοῦ
2545 1014 2766 1085 ἐτησίου
2793 1015 2963 1084 φόρου
3010 1011 3298 1083 χάραγμα,
3321 1010 3382 1063 ού
3444 1010 3705 1081 Ῥωμαῖ-

2097 1107 2194 1162 κδν
2221 1102 2340 1179 εἶχε
2370 1106 2720 1178 σφράγισμα,
2754 1105 2893 1160 άλλὰ
2913 1104 3034 1161 νέον
3077 1100 3360 1173 ’Δράϐιον.
3392 1101 3543 1155 Οὐδὲ
3586 1100 3702 1172 γὰρ

2096 1200 2226 1268 ἐξῆν
2290 1200 2351 1254 ἐν
2394 1198 2583 1271 χρυσῷ
2632 1197 2934 1269 νομίσματι
3006 1191 3341 1266 χαρακτῆρα
3419 1191 3705 1246 ἐντυποῦ-

2097 1292 2222 1346 σθαι
2260 1291 2294 1364 ἤ
2326 1292 2421 1347 τὸν
2464 1290 2562 1346 τοῦ
2596 1289 2863 1362 βασιλέως
2903 1288 3216 1359 Ῥωμαίων.
3275 1285 3698 1357 Ἐστράτευσεν

2096 1378 2191 1439 οὖν
2220 1383 2342 1438 κατ’
2368 1383 2573 1451 αὐτῶν,
2610 1383 2673 1438 οὐ
2696 1381 2958 1437 τοσοῦτον
2988 1384 3114 1444 ταῖς
3162 1379 3521 1450 Ῥωμαϊκαῖς
3569 1394 3703 1430 συν-

2094 1476 2284 1543 τάξεσι
2328 1464 2881 1549 τεθαρρηκὼς,’ὃσον
2927 1471 3006 1545 τῷ
3051 1473 3159 1543 νέῳ
3212 1472 3394 1540 τούτῳ
3454 1471 3562 1525 καὶ
3610 1486 3702 1523 πε·

2098 1568 2325 1639 ριουσίῳ
2377 1565 2514 1639 λαῷ.
2551 1566 2674 1622 Τῶν
2702 1565 2762 1621 δὲ
2808 1564 3057 1635 Ἀράϐων
3090 1565 3191 1628 τὰς
3222 1566 3468 1627 σπονδὰς
3504 1564 3701 1616 αίτου-

2099 1657 2279 1727 μένων
2311 1655 2390 1728 μὴ
2416 1655 2709 1727 ἀθετῆσαι,
2765 1654 2905 1727 μηδὲ
2935 1653 3036 1717 τὰς
3085 1653 3403 1724 ἐγγράφους
3443 1651 3700 1724 ιιι-αραϐἦ⁸

2095 1768 2183 1804 ναι
2210 1748 2508 1820 συνθήκας,
2542 1746 2765 1802 καὶτὸν
2813 1746 2951 1800 Θεὸν
2985 1744 3602 1817 ἑπιμαρτυρουμὲνων,
3638 1742 3701 1806 ὃς

2100 1844 2266 1913 μέσος
2301 1840 2708 1913 παραληφθεὶς,
2739 1839 2910 1902 αὐτὰς
2960 1838 3349 1908 ὲμπεπέδωκε,
3384 1837 3489 1892 καὶ
3544 1837 3696 1890 ἐκδι-

2017 1915 2060 1971 B
2088 1934 2262 2006 κητὴν
2291 1931 2603 1988 καλούντων
2621 1931 2791 1986 αὐτὸν
2829 1931 2971 1987 κατὰ
2988 1930 3100 1985 τῶν
3126 1928 3229 2000 τῆς
3259 1929 3444 2001 μάχης
3471 1927 3695 1993 αἰτίων,

2089 2027 2119 2079 ὁ
2148 2023 2402 2096 βασιλεὺς
2432 2026 2501 2080 τὰ
2532 2017 2646 2078 ὦτα
2673 2022 2814 2092 πρὸς
2865 2021 3041 2077 ταῦτα
3068 2020 3265 2092 βύσας,
3303 2020 3446 2089 πρὸς
3499 2020 3685 2090 μάχην

2092 2117 2411 2189 ἡτοίμαστο.
2451 2116 2514 2173 Οἱ
2542 2115 2674 2185 γοῦν
2728 2114 2974 2185 Ἀραϐες
2994 2113 3184 2182 δόρατι
3206 2111 3270 2166 τὸ
3292 2112 3403 2165 τῶν
3433 2110 3689 2166 σπονδῶν

2094 2208 2511 2281 προσδήσαντες
2573 2207 2856 2278 ἔγγραφον
2885 2206 3024 2278 (5‘2),
3057 2207 3153 2261 καὶ
3185 2205 3383 2276 ὥσπερ
3433 2203 3689 2274 σημαίαν

2095 2302 2331 2374 ἄραντες
2358 2299 2541 2368 τοῦτο,
2593 2300 2690 2354 τοῦ
2744 2299 2897 2371 σφῶν
2944 2299 3362 2370 στρατεύματος
3412 2297 3692 2370 προερχό-

2097 2414 2283 2470 μενον,
2341 2396 2751 2468 συρρήγνυνται
2790 2396 2903 2460 τοῖς
2970 2392 3286 2465 Ῥωμαίοις·
3325 2394 3425 2448 καὶ
3481 2393 3688 2447 αὐτίκα

2093 2491 2159 2543 ὲκ
2181 2487 2276 2544 τοῦ
2308 2487 2621 2560 περιουσίου
2673 2487 2886 2542 ἐκείνου
2921 2485 3053 2540 λαοῦ
3108 2486 3166 2540 αί
3231 2485 3411 2540 εἴκοσι
3446 2484 3691 2558 χιλιάδες

2093 2583 2231 2654 πρὸς
2257 2582 2384 2645 τοὺς
2419 2581 2669 2654 Ἄραϐας
2718 2578 3178 2652 ηὐτομόλησαν,ὃ
3222 2581 3339 2644 τοῖς
3386 2577 3687 2652 Ῥωμαίοις

2098 2676 2306 2732 δειλίας
2329 2673 2559 2743 γέγονεν
2588 2673 2791 2738 αἴτιον,
2820 2676 2933 2737 τοῖς
2962 2672 3008 2727 δ’
3030 2672 3304 2737 ἐναντίοις
3348 2672 3520 2744 ἐνῆκε
3550 2670 3685 2739 θάρ-

2100 2783 2216 2830 σος,
2254 2766 2351 2819 καὶ
2377 2765 2619 2837 ἥττηντο
2647 2763 2749 2834 μὲν
2776 2766 2825 2818 oi
2871 2752 3165 2836 Ῥωμαῖοι,
3208 2766 3243 2837 ἡ
3272 2764 3400 2835 νίκη
3454 2764 3505 2819 δ’
3554 2764 3685 2815 ἑπε-

2099 2857 2279 2929 μειδία
2333 2857 2446 2921 τοῖς
2507 2856 2765 2927 Ἀραψιν·
2816 2855 2899 2919 οἳ.
2926 2859 3041 2921 τοῖς
3112 2857 3409 2927 φεύγουσιν
3478 2852 3683 2925 ἐφεπό-

2100 2966 2275 3022 μενοι,
2302 2949 2542 3023 ἀνῄρουν
2570 2949 2665 3014 οὒς
2695 2948 3132 3019 κατελάμϐανον,
3177 2945 3253 3011 ὡς
3293 2946 3390 3000 καὶ
3442 2941 3681 3017 ἀριθμοῦ

2097 3045 2384 3118 κρείττους
2409 3045 2598 3117 σχεδὸν
2628 3047 2693 3099 ὲκ
2723 3044 2833 3098 τῶν
2875 3043 3205 3115 Ῥωμαϊκῶν
3240 3041 3681 3114 στρατευμάτων

2096 3139 2563 3211 πεσεῖν.Αῐσχρῶς
2592 3139 2650 3193 δὲ
2678 3137 2959 3209 διαφυγὼν
2986 3141 3014 3193 ό
3044 3137 3302 3209 βασιλεὺς
3335 3137 3459 3207 μετ’
3474 3136 3673 3203 ὀλίγων

2097 3230 2189 3285 τὸν
2213 3229 2458 3301 ὄλεθρον,
2481 3230 2607 3284 ἐπεὶ
2643 3229 2790 3285 κατὰ
2817 3230 2909 3284 τὸν
2950 3228 3240 3301 Λευκάτην
3264 3230 3507 3298 ἐγένετο,
3553 3230 3678 3287 τοὺς

2095 3322 2552 3394 περιλειφθέντας
2600 3324 2666 3377 ὲκ
2722 3321 2820 3377 τοῦ
2849 3323 3167 3393 περιουσίου
3197 3321 3328 3376 λαοῦ
3368 3322 3483 3378 τῶν
3514 3322 3677 3376 Σκλα-

2092 3413 2291 3480 ϐικῶν,
2323 3416 2687 3486 ἀναιρεθῆναι
2710 3415 2923 3480 πάντας
2953 3413 3285 3487 προσέταξε,
3342 3417 3441 3470 καὶ
3476 3417 3674 3479 πάντες

2091 3509 2211 3562 ἐκεῖ
2258 3506 2436 3578 ξίφεσι
2487 3509 2858 3579 συγκοπέντες
2915 3508 3220 3581 ἐρρίφησαν
3286 3510 3369 3572 είς
3424 3510 3527 3582 τὴν
3578 3508 3672 3563 θά-

2092 3600 2322 3657 λασσαν.
2354 3601 2468 3655 Καὶ
2493 3603 2523 3655 ό
2553 3601 2654 3673 μὲν
2698 3604 2778 3666 εἰς
2803 3602 2864 3656 τὸ
2908 3602 3202 3667 Βυζάντιον
3250 3601 3669 3676 παραγεγονὼς,

2089 3690 2397 3764 οἰκοδομαῖς
2434 3692 2881 3765 προσησχόλητο.
2926 3689 3096 3757 Οὗτος
3127 3695 3241 3766 γὰρ
3270 3697 3363 3751 τὸν
3415 3696 3673 3768 μέγιστον

2089 3783 2198 3837 τῶν
2225 3783 2362 3856 πρὸς
2383 3785 2676 3857 ἀνίσχοντα
2704 3786 2858 3854 ἥλιον
2886 3783 3180 3856 βασιλείων
3197 3785 3526 3858 ᾠκοδόμησε
3556 3783 3674 3856 τρί-

2091 3876 2294 3943 κλινον,
2324 3877 2385 3942 ὃς
2432 3878 2529 3932 καὶ
2559 3880 2626 3949 τῇ
2658 3878 2825 3933 αὐτοῦ
2859 3880 3105 3934 καλεῖται
3138 3880 3349 3952 κλήσει,
3376 3881 3544 3953 μέχρι
3576 3874 3668 3931 τοῦ

2089 3968 2187 4024 νῖν
2209 3968 2542 4039 καλούμενος
2580 3970 2974 4037 ’1ουστινιανός.
3004 3974 3066 4027 Οἱ
3087 3972 3145 4026 δὲ
3171 3973 3267 4043 τῆς
3293 3974 3478 4045 ’Λγαρ
3497 3970 3664 4033 ἀδεῶς

2091 4062 2150 4129 ἐξ
2176 4062 2390 4116 ἐκείνου
2422 4063 2542 4126 ταῖς
2585 4062 2693 4119 τῶν
2753 4062 3045 4135 Ῥωμαίων
3101 4065 3305 4136 χώραις
3354 4065 3663 4127 ἐπέϐαινον.

2088 4149 2189 4204 at).
2228 4152 2258 4206 ό
2292 4151 2390 4223 τῆς
2450 4152 2747 4225 Ἀρμενίας
2792 4155 3101 4209 ἐπιστατῶν
3164 4156 3468 4220 Σαϐϐάτιος
3501 4159 3529 4211 ὁ
3573 4169 3668 4209 πα-

2086 4242 2299 4313 τρίκιος
2326 4243 2427 4317 τὴν
2447 4237 2621 4316 ἧτταν
2653 4244 2751 4298 τοῦ
2783 4245 3053 4316 βασιλέως
3086 4245 3274 4317 μαθὼν
3302 4250 3417 4313 τοῖς
3452 4245 3655 4321 ’Ἄραψι

2091 4332 2518 4407 προσεχώρησε,
2554 4335 2652 4391 καὶ
2687 4338 2790 4407 τὴν
2832 4337 3129 4409 Ἀρμενίαν
3191 4340 3378 4404 αὐτοῖς
3434 4338 3667 4413 παραδέ-

2085 4421 2247 4480 δωκε.
2268 4424 2381 4479 Καὶ
2403 4426 2506 4480 οὐκ
2534 4424 2805 4481 ἐπαύοντο
2834 4425 3058 4483 ἃπασαν
3070 4425 3363 4501 τὴνἛῴαν
3385 4429 3662 4503 δῃοῦντες,

2087 4516 2187 4571 καὶ
2232 4517 2360 4580 τοὺς
2412 4516 2844 4590 Χριστωνύμους
2892 4520 3414 4590 αίχμαλωτίζοντες.
3458 4516 3570 4577 Ἦν
3608 4517 3665 4573 δὲ

395 4596 538 4665 perii
594 4608 948 4669 suspectum,
1003 4600 1291 4657 biennium
1345 4602 1399 4657 in
1462 4604 1696 4660 vinculis
1762 4605 1978 4674 habuit,

2089 4607 2167 4678 τῷ
2202 4607 2418 4676 βασιλεῖ
2442 4607 2618 4679 τούτῳ
2652 4608 2919 4680 ἐκτομίας
2947 4610 3245 4679 Στέφανος,
3275 4612 3337 4666 τὸ
3374 4610 3477 4682 μὲν
3506 4611 3657 4679 γένος

394 4698 542 4757 post,
580 4690 843 4761 ejectum,
875 4691 1101 4749 Graecia:
1146 4694 1346 4750 ducem
1377 4695 1530 4752 fecit.
1568 4697 1619 4753 Is
1662 4698 1832 4754 Paulo
1862 4700 1982 4755 cui-

395 4782 523 4838 dam
570 4786 844 4840 monacho
887 4787 1241 4858 astrologiam
1279 4790 1537 4843 traetanti
1564 4829 1579 4849 .
1608 4800 1664 4845 et
1684 4790 1979 4861 imperium

395 4877 448 4931 ei
493 4877 815 4933 vaticinanti
854 4879 978 4934 ait:
1032 4878 1247 4950 Sejam
1292 4881 1437 4934 abire
1477 4884 1530 4935 in
1589 4880 1873 4950 erciam,
1918 4902 1982 4940 ac

393 4969 549 5035 scire,
585 4970 960 5041 imperatorem
980 4971 1079 5025 sibi
1108 4986 1443 5040 percussores
1466 4991 1499 5027 a
1534 4982 1678 5044 tergo
1712 4976 1978 5030 immissu-

394 5079 515 5119 rum
546 5080 565 5119 :
598 5081 660 5120 ea
693 5081 814 5120 vero
847 5081 965 5136 quae
1001 5064 1094 5120 ille
1122 5064 1334 5131 diceret,
1390 5066 1523 5120 nihil
1555 5069 1686 5137 fore.
1726 5067 1827 5125 Cui
1866 5084 1983 5125 m0-

2081 4700 2147 4753 ὲκ
2172 4698 2476 4772 Βαρϐάρων
2517 4699 2712 4766 ἕλκων,
2762 4701 2979 4774 ἀπηνὴς
3032 4703 3091 4757 δὲ
3128 4702 3226 4757 καὶ
3281 4705 3426 4775 ὑπὲρ
3454 4700 3666 4770 Βαρϐά-

2082 4808 2234 4862 ρους,
2262 4793 2357 4846 καὶ
2380 4792 2503 4846 λίαν
2525 4790 2833 4863 ὠμότατος.
2863 4788 3035 4859 Οὗτος
3079 4795 3214 4865 παρ’
3250 4795 3400 4867 αὐτῷ
3429 4796 3656 4850 πλεῖστα

2082 4884 2274 4955 δεδυνη
2286 4884 2445 4954 μένος
2470 4883 2567 4939 καὶ
2599 4886 2964 4957 σακελλάριος
2992 4887 3333 4959 προεϐλήθη,
3366 4888 3461 4942 καὶ
3493 4886 3658 4959 βαρὺς

2080 4972 2152 5047 ἦν
2182 4977 2408 5043 ἅπασιν,
2444 4976 2546 5030 οὐκ
2580 4977 2640 5030 ἐν
2683 4977 3013 5048 είσπράξεσι
3065 4979 3250 5049 μόνον,
3295 4980 3436 5034 ἀλλὰ
3477 4979 3660 5051 μέντοι

2081 5068 2179 5121 καὶ
2226 5071 2285 5123 ὲν
2332 5067 2614 5137 κολάσεσι,
2654 5068 2750 5124 καὶ⁵
2794 5069 2856 5124 οὐ
2896 5072 3024 5135 τοὺς
3055 5070 3323 5142 τυχόντας
3357 5070 3519 5142 μόνον
3545 5067 3659 5124 ἑκό-

1442 5236 1463 5252 ,,
1547 5184 1750 5247 Variae
1798 5186 2110 5250 lectiones
2149 5194 2210 5248 et
2248 5195 2436 5249 notas.

465 5308 579 5376 (5‘2)
623 5306 834 5375 Δόρατι
881 5308 947 5361 τὸ
991 5305 1112 5361 τῶν
1167 5306 1457 5361 σπονδῶν
1512 5306 1973 5377 προσδήσαντες

390 5382 722 5448 ἕγγραφοζ,
751 5377 897 5433 Idem
935 5377 1145 5433 habent
1184 5378 1529 5448 Nicephorus
1584 5378 1974 5432 Constantino-

391 5447 506 5519 pol.
558 5458 619 5519 et
664 5447 1031 5519 Theophanes
1073 5464 1180 5519 an.
1226 5447 1545 5519 7_ejusdem
1606 5448 1970 5519 Rhinotm‘eti.

391 5516 486 5574 Sic
523 5517 660 5572 alios
695 5516 927 5584 legimus
970 5517 1116 5573 idem
1164 5516 1441 5572 factitasse
1493 5528 1684 5571 contra
1721 5516 1969 5572 ftedii‘ra-

393 5604 512 5656 gos,
544 5597 710 5657 atque
748 5590 803 5643 in
867 5587 1059 5657 primis
1110 5586 1375 5642 Joannem
1414 5587 1649 5641 Asanem
1710 5586 1973 5657 Bulgaria:

393 5673 582 5727 regem
624 5657 717 5725 qui
748 5658 959 5713 findere
998 5659 1069 5711 ab
1101 5657 1393 5727 Theodoro
1436 5657 1643 5726 Angelo
1678 5657 1972 5711 Thessalo-

393 5726 532 5780 nica:
585 5737 917 5794 imperatore
971 5727 1166 5791 fracto,
1214 5726 1460 5780 collectis
1497 5727 1681 5781 statim
1740 5737 1975 5795 quantas

396 5798 577 5866 potuit
599 5795 829 5861 viribus,
862 5797 917 5850 in
950 5798 1162 5853 hostem
1186 5811 1508 5866 progressus
1530 5804 1633 5861 est,
1663 5800 1730 5866 τῇ
1760 5798 1973 5866 σημαία.

398 5869 488 5918 τὸν
526 5865 805 5937 ἔγγραφον
830 5869 1001 5937 ὅρων
1030 5865 1417 5937 ἁπαιωρήσας,
1452 5876 1505 5922 et
1536 5865 1750 5925 collatis
1778 5865 1970 5937 signis,

2079 5307 2240 5378 longe
2273 5307 2403 5380 licet
2424 5308 2603 5380 copiis
2633 5309 2830 5380 impar,
2865 5307 3198 5379 proﬂigavit,
3230 5309 3375 5378 quod
3405 5306 3646 5380 pluribus

2079 5373 2269 5432 narrat
2287 5373 2567 5449 Georgius
2597 5373 2917 5449 Acropolita
2952 5379 3007 5433 in
3031 5373 3524 5449 Cltronfcapf25.

2079 5456 2136 5517 ct
2188 5447 2385 5502 scribit
2439 5444 2679 5505 Joannes
2708 5444 3148 5511 Cantacuzenus,
3183 5448 3280 5505 lib.
3331 5444 3370 5512 ἱ.
3412 5465 3530 5517 cap.
3565 5444 3652 5509 ει,

2081 5515 2439 5589 ﬂagrantibus
2468 5520 2611 5589 inter
2645 5529 2943 5589 utrumque
2991 5519 3366 5589 Andronicum
3403 5515 3650 5574 Palaeolo-

2080 5602 2206 5652 gum
2239 5588 2496 5643 civilibus
2524 5587 2706 5654 bellis,
2735 5587 3023 5645 Juniorem
3054 5587 3194 5652 Τοὺς
3223 5590 3317 5642 ἐπὶ
3349 5592 3474 5653 ταῖς
3500 5600 3648 5642 σπον-

2079 5657 2199 5717 δαῖς
2229 5659 2771 5735 γεγενημένουςμτοῦ
2815 5658 3204 5735 ττρεσϐιζτιξρουΔ
3255 5660 3517 5735 gnatum;
3563 5656 3648 5735 ὅρ-

2083 5743 2232 5788 κους,
2250 5726 2361 5799 Δοὒς
2415 5726 2577 5799 αὐτὸς
2635 5727 2772 5799 ᾤετο
2819 5726 3382 5798 εὖορκείν,’κελεῦσαι
3420 5731 3512 5785 ἐπὶ
3559 5726 3648 5792 τῆς

2085 5796 2326 5868 σημαίας
2358 5796 2663 5865 ἀναθέντας
2690 5798 2818 5856 εὐθὺ
2843 5796 3043 5871 χωρεῖν
3071 5799 3371 5872 πολεμίων.
