4068 6424
435 388 575 453 1305

1687 398 2091 460 ANNAIJUM
2136 399 2284 462 LIB.
2325 402 2403 461 XI
2418 403 2482 462 V.

3566 405 3711 473 1306

431 500 584 555 λείαν
611 500 776 570 ἄλλην
799 500 1102 573 ἀμύθητον,
1145 502 1311 571 φόϐον
1366 503 1542 573 μέγαν
1597 507 1712 571 τοῖς
1766 508 2010 578 Ἄραψιν

2119 519 2302 564 mento
2331 509 2749 580 licptadmmon,
2786 520 3041 582 quartam
3070 511 3390 568 Armeniam
3421 511 3704 571 Arabibus

433 593 780 664 ἐνεποίησαν.
831 595 1049 665 Βαὰντβ
1102 594 1215 664 (36)
1254 598 1311 651 δὲ
1356 590 1401 665 ᾧ
1468 598 1854 670 Ἐπταδαίμων
1894 601 2019 653 ἐπί-

434 686 647 755 κλησις,
677 688 774 756 τὴν
800 688 1070 758 τετάρτην
1116 688 1416 759 ’Λρμενίαν
1445 693 1560 754 τοῖς
1604 693 1812 761 ’Ἄραψι
1843 692 2019 762 προῦ-

431 779 624 833 δωκεν.
652 774 784 833 Εἶτα
805 781 853 833 οἱ
878 781 1137 851 ἄρχοντες
1166 782 1457 853 Ἀρμενίας
1483 783 1624 837 κατᾶ
1646 785 1754 838 τῶν
1782 785 2021 858 ’Λγαρη-

433 871 540 923 νῶν
568 874 956 936 στασιάσαντες
1005 875 1249 938 ἐκείνους
1275 877 1373 945 μὲν
1390 876 1661 942 ἔκτειναν,
1688 879 1825 949 πρὸς
1849 880 1907 933 δὲ
1924 881 2013 934 ιδν

444 965 745 1037 ’Δ-,ιίμαρον
770 967 1165 1037 διεπέμτξιαντο,
1185 970 1279 1024 καὶ
1310 970 1622 1041 Ῥωμαίους
1646 973 1802 1037 αὖθις
1820 976 1898 1038 εἰς
1914 974 2017 1047 τὴν

434 1057 622 1129 χώραν
655 1059 931 1127 ἐδέξαντο.
968 1061 1107 1115 Ἀλλ’
1127 1062 1156 1114 6
1180 1062 1289 1115 τῶν
1329 1064 1646 1136 Ἀγαρηνῶν
1668 1067 2016 1138 ἡγεμονεύων

434 1151 555 1203 cits
583 1148 832 1223 Μωάμεθ
858 1152 981 1207 κατ’
1007 1153 1189 1206 αὐτῶν
1212 1154 1481 1220 ἐπελθὼν,
1508 1156 1615 1209 ὑπὸ
1631 1157 1756 1221 τοὺς
1790 1160 2023 1230 Ἀγσρηο

435 1245 561 1307 νοῦς
581 1246 676 1298 καὶ
700 1245 863 1300 πάλιν
886 1246 985 1318 τὴν
1024 1249 1317 1318 Ἀρμενίαν
1338 1249 1629 1318 πεποίηκε,
1650 1251 1741 1305 καὶ
1756 1253 1883 1316 τοὺς
1906 1254 2016 1308 τῶν

445 1336 747 1409 Ἀρμενίων
779 1341 1114 1409 προέχοντας
1164 1339 1374 1404 ζῶντας
1393 1342 1729 1401 κατέκαυσε.
1749 1345 1884 1399 Τότε
1918 1348 2015 1400 καὶ

432 1429 576 1481 κατὰ
602 1430 701 1499 τῆς
735 1430 996 1495 Κιλικίας
1047 1432 1346 1504 Ἀγαρηνοὶ
1415 1436 1883 1508 ἐπεστράτευσαν,
1929 1435 2014 1504 οἷς

433 1521 728 1590 συμϐαλὼν
788 1525 817 1576 6
867 1522 964 1578 τοῦ
1025 1524 1293 1596 βασιλέως
1346 1529 1606 1598 ὁμαίμων
1663 1530 2011 1603 Ἡράκλειος,

433 1616 562 1678 τοὶς
605 1615 708 1683 μὲν
731 1616 987 1681 πλείονας
1024 1618 1305 1690 μαχαίρας
1340 1620 1504 1691 ἔργον
1529 1623 1848 1692 εἰργάσατο,
1882 1627 2011 1689 τοὺς

431 1706 489 1760 δὲ
522 1708 745 1774 λοιποὺς
803 1712 1121 1784 ζωγρήσας,
1173 1714 1435 1786 δεσμίους
1477 1717 1557 1785 τῷ
1596 1719 1891 1789 κρατοῦντι
1922 1721 2013 1788 ἐξ·-

430 1800 668 1871 έπεμψε.
700 1804 1030 1860 Φιλιππικὸν
1066 1807 1122 1860 δὲ
1165 1809 1258 1861 τὸν
1303 1810 1422 1863 υἱὸν
1454 1811 1550 1865 τοῦ
1586 1815 1879 1883 πατρικίου
1911 1816 2010 1868 Νι-

2125 601 2389 671 prodidit.
2442 601 2548 657 Sed
2613 604 2999 659 Armeniorum
3058 606 3359 675 principes,
3418 606 3701 676 Agareuos

2127 708 2222 762 per
2254 693 2580 747 seditionem
2620 693 2966 759 occiderunt,
3009 704 3065 750 et
3109 697 3304 763 legatis
3338 695 3405 749 ad
3445 696 3699 766 Apsima-

2125 802 2245 840 rum
2291 786 2495 854 missis,
2542 787 2819 843 Romanos
2873 789 3055 844 denuo
3103 790 3158 844 in
3199 791 3536 859 provinciam
3593 788 3705 859 95

2124 889 2474 950 receperunt.
2526 880 2831 935 Moamctus
2885 891 3070 936 autem
3131 882 3223 950 qui
3276 891 3389 936 tum
3437 880 3702 953 Agarenis

2123 973 2453 1045 imperabat,
2487 975 2802 1031 Armeniam
2850 978 3049 1032 iterum
3091 976 3196 1032 sibi
3247 993 3444 1048 parcre
3497 978 3697 1040 coegit.

2121 1080 2187 1121 ac
2225 1067 2503 1138 principes
2553 1069 2739 1138 populi
2767 1069 2921 1124 vivos
2963 1070 3255 1125 cremavit.
3304 1068 3461 1123 Tunc
3497 1067 3704 1124 Ciliciae

2120 1174 2340 1229 quoque
2378 1175 2531 1214 arma
2572 1161 2878 1215 intulerunt
2909 1161 3164 1232 Agarcni,
3197 1177 3323 1216 cum
3357 1161 3559 1231 quibus
3590 1159 3701 1215 He-
3770 1166 3777 1175 '

2122 1252 2320 1307 raclius
2344 1267 2693 1320 congressus,
2728 1254 2990 1324 majorem
3014 1264 3226 1324 paitcm
3255 1254 3405 1309 ferro
3433 1252 3699 1316 conterit,

2118 1344 2333 1399 caeteris
2374 1345 2548 1413 captis
2591 1360 2732 1415 quos
2757 1344 2824 1399 ad
2878 1345 3268 1414 imperatorem
3329 1344 3544 1399 vinctos
3594 1345 3703 1397 mi-

2118 1436 2212 1498 sit,
2244 1436 2612 1506 Philippicqu
2639 1436 2936 1506 Nicephori
2973 1436 3185 1507 patricii
3216 1436 3413 1502 ﬁlium,
3456 1434 3603 1505 quod
3643 1434 3699 1489 in

2117 1529 2328 1584 somnis
2356 1530 2595 1599 aquilam
2653 1529 2760 1583 sibi
2794 1529 3044 1584 umbram
3090 1528 3271 1583 facere
3321 1530 3568 1591 vidis.et,
3614 1545 3707 1581 re-

2116 1635 2282 1687 gnum
2324 1621 2508 1675 animo
2541 1621 2864 1692 agitantem,
2903 1620 2959 1675 iu
2998 1619 3394 1691 Ceplialoniani
3434 1620 3698 1688 relegavit

2111 1712 2459 1781 'Apsimarus.
2518 1713 2865 1769 Justinianus
2917 1722 3123 1781 autem,
3191 1714 3306 1784 qui,
3371 1720 3433 1767 ut
3487 1711 3697 1766 dictum

2116 1820 2222 1867 est.
2244 1807 2525 1864 Chersone
2547 1808 2856 1875 exsulabat,
2876 1808 3003 1879 fuga
3020 1808 3264 1878 elapsus,
3289 1806 3357 1862 ad
3374 1806 3692 1876 Cliagauuui

431 1895 676 1964 κηφόρου
709 1896 1094 1966 βασιλειῶντα,
1123 1902 1204 1956 ὅτι
1239 1904 1360 1956 κατ’
1394 1905 1532 1976 ὄναρ
1556 1907 1703 1972 ἔδοξε
1724 1906 1821 1978 τὴν
1843 1909 2010 1964 αὑτοῦ

2115 1898 2488 1954 Cbazarorum
2536 1900 2841 1971 principem
2880 1915 2939 1956 se
2980 1901 3238 1963 contulit,
3286 1916 3317 1953 a
3359 1912 3471 1967 quo
3515 1898 3692 1951 bono-

430 1987 677 2060 κεφαλὴν
745 1991 1067 2055 σκιάζεσθαι
1126 1997 1231 2049 ὑπὸ
1289 1996 1487 2065 ἀετοῦ,
1538 2000 1616 2062 είς
1662 2001 2011 2073 Κεφαληνίαν

431 2082 692 2152 ἐξώρισεν
716 2086 744 2137 6
782 2085 1112 2158 Ἀψίμαρος.
1148 2090 1529 2156 Ἰουστινιανὸς
1562 2093 1620 2147 δὲ
1651 2096 1711 2147 ὲν
1737 2096 2010 2166 Χερσῶνι,

430 2175 506 2237 ὡς
529 2177 768 2246 εἴρηται,
805 2182 1212 2251 περιορισθεὶς,
1258 2183 1499 2255 ἠδυνήθη
1544 2184 1826 2255 διαδρᾶναι
1867 2192 2015 2244 ἐκεῖ·

430 2264 542 2333 θεν,
570 2269 665 2320 καὶ
694 2267 774 2339 τῷ
804 2270 1080 2341 Χαζάρων
1113 2273 1347 2346 ἀρχηγῷ
1388 2275 1632 2347 Χαγάνῳ
1664 2279 2010 2350 προσελθεῖν,

430 2358 524 2410 καὶ
553 2359 765 2430 δεχθεὶς
792 2361 924 2433 παρ’
953 2363 1164 2416 ἐκείνου
1213 2365 1608 2437 φιλοτιμότατα
1643 2372 1743 2440 τὴν
1773 2371 2012 2445 ἀδελφὴν

428 2450 599 2504 αὐτοῦ
652 2451 836 2524 ἔγημε
880 2453 1201 2525 Θεοδὼραν,
1267 2458 1364 2512 καὶ
1400 2459 1519 2529 μετ’
1570 2462 1753 2530 ὀλίγον
1801 2466 2012 2521 ἐκεῖθεν

428 2541 703 2611 ἀπελθὼν,
732 2547 813 2607 εὶς
839 2545 1011 2617 ἄλλην
1052 2548 1242 2618 χώραν
1284 2550 1425 2621 μετὰ
1455 2553 1551 2620 τῆς
1577 2554 1744 2609 αὐτοῦ
1772 2555 2011 2627 διέτριϐε

427 2637 709 2703 γυναικός.
748 2639 862 2692 Καὶ
918 2642 946 2694 6
1016 2641 1318 2714 ’Λψίμαρος
1369 2643 1707 2715 διεπέμψατο
1738 2649 1876 2720 πρὸς
1920 2651 2011 2704 τὸν

428 2726 707 2796 Χαγάνον,
749 2732 1011 2802 χρήματα
1033 2733 1228 2788 δώσειν
1260 2736 1412 2807 αὐτῷ
1450 2737 1621 2793 πολλὰ
1650 2740 2015 2814 ὑπισχνούμε-

427 2835 538 2883 νος,
568 2818 617 2870 εί
647 2821 909 2876 στείλειεν
938 2823 1091 2894 αὐτῷ
1118 2826 1215 2895 τὴν
1254 2826 1349 2880 τοῦ
1405 2826 1787 2884 ἰουστινιανοῦ
1832 2847 2010 2899 κεφαο

427 2909 548 2982 λὴν,
584 2914 677 2966 καὶ
701 2912 758 2976 ὃς
785 2914 1064 2983 συνέθετο,
1093 2919 1300 2972 καὶδύο
1327 2919 1483 2984 τινὰς
1506 2921 1618 2975 τῶν
1643 2922 2011 2995 ᾠκειωμένων

427 3003 579 3074 αὖτῷ
607 3005 843 3072 στείλας,
895 3009 955 3069 ἐν
1004 3009 1345 3083 ἀπορρήτοις
1398 3014 1707 3070 ἐνετείλατο
1739 3018 1832 3070 τὸν
1875 3019 2012 3073 Ἰου-

427 3095 643 3148 στιανὸν
668 3095 880 3153 ἀνελεῖν
912 3114 927 3129 ⁸
955 3099 984 3154 ὃ
1017 3099 1107 3154 διὰ
1156 3102 1350 3156 δούλου
1373 3105 1625 3174 μαθοῦσα
1658 3109 1692 3179 ἠ
1732 3108 2010 3180 θεοδιῦρσ,

2112 1993 2520 2049 rilicentissime
2560 2002 2847 2063 exceptus,
2896 1992 3018 2062 ejus
3065 2007 3310 2049 sororem
3349 1989 3700 2046 Tbeodoraui

2111 2103 2341 2143 uxorem
2401 2088 2560 2143 duxit
2609 2101 2674 2142 ac
2717 2087 2883 2156 paulo
2933 2092 3058 2156 post
3116 2085 3244 2138 inde
3289 2082 3589 2152 digressus,
3643 2077 3699 2131 in

2108 2180 2218 2233 alia
2255 2179 2538 2249 provincia
2579 2193 2705 2234 cum
2738 2193 2837 2232 sua
2890 2177 3124 2246 conjuge
3174 2173 3447 2228 consedit.
3493 2170 3699 2226 Verum

2108 2272 2433 2343 Apsimarus
2475 2270 2731 2341 Cbagano
2778 2283 3029 2339 magnam
3077 2266 3369 2338 pecuniam
3416 2278 3516 2333 per
3558 2276 3703 2314 nun-

2111 2364 2221 2421 tios
2267 2364 2564 2435 pollicitus,
2594 2363 2640 2419 si
2670 2361 2967 2419 Jusriniani
2998 2368 3165 2430 caput
3198 2358 3269 2412 ad
3315 2371 3375 2412 se
3416 2354 3696 2417 misisset,

2111 2459 2367 2530 impetrat
2412 2474 2444 2513 a
2489 2457 2722 2514 barbaro
2774 2462 2835 2510 ut
2897 2455 3039 2510 duos
3088 2468 3121 2508 e
3167 2451 3285 2508 suis
3341 2446 3701 2504 familiaribus

2110 2553 2348 2625 ableget,
2401 2566 2528 2606 cum
2581 2548 2879 2613 mandatis,
2941 2554 3005 2603 ut
3050 2542 3429 2600 Iustinianum
3480 2545 3698 2595 secreto

2111 2646 2327 2701 tollant.
2366 2645 2447 2700 Eo
2467 2642 2699 2700 consilio
2735 2637 3025 2697 Theodnra
3059 2653 3157 2708 per
3185 2648 3408 2691 servum
3448 2629 3697 2700 cognito,

2111 2740 2371 2794 maritum
2417 2743 2740 2808 prmmonet.
2787 2730 3134 2790 Justinianus
3187 2729 3358 2800 igitur
3402 2726 3544 2782 duos
3574 2724 3702 2779 illos

2111 2831 2344 2888 seorsim
2401 2828 2728 2895 accersitos,
2798 2835 3100 2897 utrumque
3151 2826 3352 2893 laqueo
3411 2817 3699 2890 praefocat,

2109 2933 2170 2980 et
2209 2921 2499 2977 Theodore
2554 2920 2609 2976 in
2656 2919 2981 2977 Chazariam
3033 2917 3319 2988 ablegata,
3377 2913 3495 2982 ipse
3540 2908 3699 2965 navi-

2110 3015 2292 3071 culam
2324 3012 2669 3078 conscendit,
2697 3011 2765 3067 ad
2809 3010 3067 3067 Terbelin
3123 3008 3488 3077 Bulgarorum
3546 3002 3699 3073 prin-

2110 3107 2288 3177 cipem
2334 3105 2705 3175 profecturus.
2740 3103 2800 3157 In
2848 3117 2913 3158 ea
2945 3099 3298 3172 navigatione
3330 3110 3525 3168 magna
3555 3103 3702 3149 tem-

425 3185 504 3285 τιέι
534 3187 691 3256 ἀνδρὶ
716 3191 1104 3259 καταγγέλλει.
1147 3193 1205 3248 '0
1237 3194 1294 3249 δὲ
1337 3199 1467 3261 τοὺς
1508 3198 1873 3264 ὲνταλθέντας
1909 3203 2010 3255 αύ-

2111 3204 2326 3269 pestate
2379 3204 2523 3260 orta,
2571 3194 2827 3249 navicula
2880 3194 2941 3248 in
2992 3190 3245 3263 periculo
3289 3186 3702 3244 submersioms

425 3274 519 3329 τὸν
550 3277 769 3333 ἀνελεῖν
809 3279 918 3351 ἰδίᾳ
946 3282 1492 3355 προσκαλεσάμενος,
1536 3287 1770 3344 ἕκαστον
1801 3290 2005 3365 ἀγχόνῃ

428 3368 704 3439 στερίσκει
731 3370 840 3435 ξτοῦ
875 3371 1004 3444 ζῇν,
1045 3374 1142 3427 καὶ
1192 3374 1293 3447 τὴν
1328 3378 1427 3448 μὲν
1460 3378 1747 3453 Θεοδώραν
1785 3384 1867 3446 εἰς
1895 3385 2008 3437 Χα-

425 3460 624 3531 ζαρίαν
648 3462 983 3536 ἐξέπεμψεν,
1019 3467 1181 3530 αὐτὸς
1211 3467 1268 3521 δὲ
1324 3471 1407 3534 είς
1437 3470 1633 3527 ἁλιάδα
1682 3474 2009 3545 ὲμὸεϐηκὼς

424 3554 763 3619 ἀπέπλευσε,
791 3557 926 3628 πρὸς
958 3558 1221 3626 Τέρὸελιν
1268 3561 1448 3616 ἀπιὼν
1490 3563 1581 3617 τὸν
1613 3564 1723 3618 τῶν
1760 3566 2008 3636 Βουλγά-

426 3663 540 3716 ρων
560 3646 885 3717 ἐξάρχοντα.
920 3651 1209 3716 Κλύδωνος
1246 3652 1304 3706 δὲ
1333 3654 1571 3724 μεγάλου
1617 3657 2009 3728 κατειληφότος

422 3735 586 3789 αὑτὸν
622 3739 681 3790 ὲν
709 3739 791 3808 τῷ
820 3738 1031 3803 πλέειν,
1063 3742 1361 3797 καταδῦναι
1385 3743 1445 3796 τὸ
1478 3744 1762 3815 πλοιάριον
1794 3747 2008 3801 ἐκινδύ-

422 3842 573 3880 νευε.
603 3827 725 3881 Τῶν
752 3828 807 3881 δὲ
833 3828 1111 3883 πλεόντων
1144 3831 1578 3900 ἐπαγγείλασθαι
1611 3833 1690 3904 τῷ
1720 3835 1841 3906 Θεῷ
1870 3852 2009 3905 συμ-

423 3918 795 3974 ϐουλευόντων
842 3922 1014 3994 αὐτῷ,
1076 3923 1125 3975 εἰ
1160 3923 1519 3995 περισωθείη,
1554 3926 1650 3979 καὶ
1686 3925 1788 3997 τὴν
1831 3928 2008 4000 ἀρχὴν

419 4013 778 4085 ἀπολήψοιτο,
809 4015 943 4086 μήτι
978 4015 1151 4069 κακὴν
1173 4017 1288 4078 τοῖς
1334 4017 1459 4070 κατ’
1484 4018 1652 4071 αὐτοῦ
1690 4022 2008 4090 γενομένοις

418 4108 761 4173 ἐπενεγκεῖν,
808 4108 1049 4171 ἐκεῖνος,
1110 4109 1179 4164 El
1237 4108 1521 4178 φείσομαι
1573 4111 1825 4176 τούτων,
1875 4110 2006 4182 ἔφη,

420 4199 607 4263 τινὸς,
646 4199 866 4253 αὐτίκα
887 4201 1437 4269 καταποντισθείην
1490 4201 1618 4257 ὡδί.
1670 4204 2011 4275 Περισωθεὶς

422 4284 517 4341 οὖν
548 4290 641 4342 καὶ
681 4289 760 4359 τῷ
792 4289 902 4343 τῶν
926 4289 1256 4361 Βουλγάρων
1291 4290 1514 4363 ἄρχοντι
1559 4293 1878 4364 προσελθὼν
1909 4297 2019 4350 καὶΔ

420 4381 652 4437 πλεῖστα
691 4380 1015 4452 παρασχὼν,
1040 4383 1178 4436 ἀλλὰ
1206 4384 1506 4453 μέντοικαὶ
1535 4386 1798 4458 παρέχειν
1833 4386 2009 4456 ἐπαγ-

419 4473 772 4542 γειλάμενος,
805 4476 852 4526 εί
883 4475 1013 4543 παρ’
1045 4473 1212 4527 αὑτοῦ
1243 4475 1547 4546 καταχθείη
1580 4477 1717 4550 πρὸς
1741 4480 1840 4548 τὴν
1873 4494 2006 4548 προε

2109 3301 2326 3345 versata
2373 3298 2480 3345 est.
2533 3285 2991 3357 Monitusigitur
3048 3282 3119 3339 ab
3174 3282 3243 3337 iis
3273 3281 3367 3351 qui
3427 3295 3536 3334 una
3594 3293 3699 3333 na-

2108 3383 2391 3455 vigabant,
2436 3390 2500 3437 ut
2538 3389 2731 3437 votum
2773 3379 2984 3436 faceret
3036 3379 3150 3434 Deo
3191 3390 3272 3442 se,
3323 3374 3369 3429 si
3428 3373 3701 3429 evasisset

2110 3474 2407 3531 incolumis
2439 3483 2497 3529 et
2532 3488 2765 3545 regnum
2812 3472 3140 3542 recepisset,
3175 3469 3394 3525 veniam
3437 3464 3702 3521 omnibus

2109 3568 2230 3623 suis
2253 3565 2587 3622 adversariis
2612 3565 2872 3619 daturum
2900 3579 2915 3628 ;
2945 3561 3232 3633 respondit
3251 3580 3265 3615 :
3282 3559 3339 3615 Si
3363 3560 3447 3614 cui
3479 3556 3702 3612 illorum

2108 3675 2408 3730 pepercere,
2453 3659 2640 3712 statim
2694 3657 2776 3712 hic
2819 3656 3153 3726 submergar.
3207 3652 3346 3709 Cum
3391 3658 3579 3705 autem
3630 3649 3699 3709 ad

2108 3751 2469 3821 Bulgarorum
2514 3747 2819 3820 principem
2866 3746 3232 3816 pervenisset,
3317 3741 3600 3811 multaque
3645 3737 3699 3797 ei

2107 3842 2375 3907 dedisset,
2429 3842 2802 3911 daturumque
2858 3837 3225 3908 promisisset,
3286 3835 3337 3890 si
3392 3834 3464 3888 ab
3510 3848 3579 3889 eo
3638 3833 3699 3891 in

2106 3935 2315 3989 avitum
2367 3948 2596 4001 regnum
2648 3932 3035 3993 reduceretur,
3068 3926 3292 3995 nuptias
3337 3926 3506 3980 etiam
3573 3923 3702 3979 tiliae

2107 4039 2222 4080 suae
2281 4023 2360 4078 illi
2409 4022 2743 4094 pollicitus:
2790 4035 2916 4076 cum
2978 4020 3100 4086 illo,
3158 4019 3478 4092 iungentibus
3521 4015 3703 4086 copiis

2106 4116 2396 4179 subnixus,
2446 4113 2767 4186 Byzantium
2802 4113 3143 4185 aggreditur,
3200 4120 3259 4168 et
3318 4111 3519 4168 castris
3565 4099 3722 4164 ante'

2107 4208 2307 4264 indeuia
2358 4208 2585 4279 positis,
2643 4208 2860 4263 civium
2918 4206 3139 4261 animos
3191 4210 3511 4276 pertentat,
3570 4215 3704 4256 cum.

2105 4302 2189 4356 eis
2223 4301 2292 4355 de
2333 4298 2642 4370 pinnaculis
2686 4297 3171 4368 prospectantibus
3210 4296 3566 4364 colloquens.
3611 4290 3699 4353 [ili

2107 4408 2240 4448 vero
2272 4406 2399 4446 eum
2443 4406 2557 4445 non
2590 4390 2758 4444 modo
2788 4404 2902 4444 non
2951 4388 3282 4453 invitabant,
3313 4386 3411 4442 sed
3458 4393 3516 4440 et
3544 4392 3702 4440 ιλιι-οι

2107 4485 2267 4540 cibus
2320 4482 2631 4538 maledictis
2679 4481 3052 4538 incessebant.
3111 4480 3313 4535 Verum
3365 4487 3534 4533 noctu
3594 4490 3699 4546 per

417 4565 644 4635 γονικὴν
669 4564 972 4634 βασιλείαν,
994 4565 1088 4620 καὶ
1122 4566 1221 4638 τὴν
1254 4566 1534 4639 θυγατέρα
1564 4568 1716 4640 αὐτῷ
1746 4569 2005 4636 συζεῦξαι

2111 4575 2493 4645 aquzeductum
2551 4575 2840 4646 ingressus
2872 4583 3040 4644 atque
3094 4573 3234 4627 urbe
3296 4571 3511 4643 potitus
3569 4579 3680 4625 est.

417 4659 929 4730 καθυποσχόμενος,
982 4661 1080 4712 σὺν
1134 4659 1329 4731 ἐκείνῳ
1357 4661 1496 4731 μετὰ
1534 4660 1876 4736 βαρϐαρικῆς
1904 4663 2019 4734 βαρ-

416 4751 569 4820 ρείας
616 4753 901 4821 δυνάμεως
948 4753 1055 4825 τὴν
1089 4754 1498 4825 ὑπερκειμένην
1544 4756 1865 4827 κατειλήφει
1895 4757 2005 4810 τῶν

2113 4667 2437 4737 Apsimarus
2496 4674 2716 4730 autem,
2781 4664 2875 4735 qui
2938 4662 3288 4734 Apolloniam
3345 4660 3698 4729 confugerat,L

2114 4766 2309 4827 captus
2336 4766 2441 4823 est,
2472 4771 2597 4811 eum
2623 4772 2695 4811 vu
2725 4770 2903 4812 annos
2924 4756 3275 4826 imperasset.

415 4847 650 4913 πόλεων,
712 4849 806 4903 καὶ
837 4850 945 4918 πρὸ
994 4848 1105 4902 τῶν
1164 4849 1358 4920 τειχῶν
1398 4850 2008 4921 στρατοπεδευσάμενος
2059 4852 2401 4923 ἀπεπειρᾶτο
2450 4852 2560 4907 τῶν
2618 4852 2873 4919 πολιτῶν,
2937 4852 3127 4914 αὐτοῖς
3179 4853 3245 4904 ὲκ
3310 4849 3407 4903 τοῦ
3457 4848 3673 4918 τείχους

416 4940 825 5010 προκόπτουσιν
881 4940 1107 5012 ὁμιλῶν.
1168 4943 1231 4995 Οί
1288 4942 1347 4995 δὲ
1410 4943 1472 4996 οὐ
1510 4944 1669 5013 μόνον
1742 4946 1906 5000 αὐτὸν
1957 4946 2016 5000 οὐ
2049 4948 2362 5015 προσίεντο,
2429 4946 2568 5001 ἀλλὰ
2619 4947 2713 5001 καὶ
2744 4946 2934 5018 ὓδρεις
2992 4945 3160 5003 αὐτοῦ
3199 4944 3456 5015 κατέχεον
3501 4944 3692 5013 πλημς

418 5033 624 5100 μελεϊς.
695 5031 906 5094 Νυκτὸς
931 5029 1024 5087 οὖν
1083 5030 1171 5099 διὰ
1205 5031 1300 5085 τοῦ
1335 5031 1556 5101 ἁγωγοῦ
1621 5033 1825 5097 εἰσδὺς,
1869 5034 2025 5098 ἐντὸς
2065 5035 2226 5089 ἀνέδυ
2260 5038 2359 5106 τῆς
2410 5036 2640 5103 πόλεως,
2672 5038 2769 5091 καὶ
2797 5037 3002 5107 ταύτης
3025 5035 3241 5104 ἐγένετο
3289 5035 3587 5106 ἑγκραςής.
3631 5034 3693 5088 '0

413 5123 470 5177 δὲ
544 5123 845 5192 Ἀψίμαρος
888 5125 975 5185 si;

485 5218 616 5270 KE’.
652 5216 809 5269 Οὕτω
846 5215 947 5284 μὲν
980 5216 1009 5269 6
1053 5215 1436 5281 Ἰουστινιανδς
1482 5217 1659 5288 ἑαυτῷ
1703 5219 1806 5273 τὴν
1842 5217 1996 5288 βασι-

414 5309 565 5362 λείαν
604 5307 1014 5371 ἑπανεσώσατο,
1036 5306 1242 5376 ταύτης
1273 5308 1331 5362 τὸ
1351 5308 1608 5380 δεύτερον
1663 5311 1993 5382 ρινότμητος

416 5401 639 5463 ἐπιϐάς.
672 5399 763 5472 Τῷ
796 5399 853 5453 δὲ
893 5398 1000 5454 τῶν
1027 5399 1356 5470 Βουλγὰρων
1388 5402 1609 5472 ἄρχοντι
1631 5403 1783 5472 δῶρα
1821 5402 1993 5457 πολλὰ

416 5492 741 5564 παρασχὼν,
775 5491 872 5546 καὶ
905 5491 1178 5562 συνθήκας
1228 5493 1453 5565 εἰρήνης
1490 5494 1610 5565 μετ’
1638 5494 1806 5548 αὐτοῦ
1836 5512 1996 5565 ποιη-

1048 5122 1454 5179 Ἀπολλωνιάδα
1498 5125 1688 5194 φυγὼν
1719 5126 2064 5199 κατελήφθη,
2118 5128 2258 5180 emit
2283 5126 2613 5196 βασιλεύσας
2660 5129 2963 5193 ἐνιαυτούς.

2172 5218 2343 5277 XXV.
2402 5221 2495 5275 Sic
2546 5221 2898 5277 Justinianus
2948 5224 3246 5295 imperium
3310 5219 3689 5292 recuperavit,

2101 5312 2267 5383 idque
2294 5314 2598 5368 secundum
2639 5314 2751 5385 93
2787 5317 3031 5385 suscepit
3071 5324 3339 5386 praesecto
3366 5330 3522 5370 naso.
3556 5314 3685 5369 Bul-

2100 5420 2359 5475 garorum
2388 5468 2393 5479 ι
2424 5405 2730 5475 principem
2769 5423 2895 5460 cum
2938 5407 3101 5463 donis
3145 5408 3355 5472 multis,
3392 5408 3501 5461 icto
3531 5404 3684 5474 pacis

2098 5493 2309 5553 {edere
2365 5497 2599 5554 dimisit.
2640 5497 2851 5553 Deinde
2887 5500 3199 5569 Apsimaro,
3231 5508 3290 5556 et
3339 5499 3511 5555 fratre
3561 5496 3685 5568 ejus

1595 5655 1804 5718 Variae
1847 5656 2156 5722 lectiones
2201 5668 2262 5722 et
2303 5668 2491 5723 noue.

489 5826 599 5902 (36)
627 5828 883 5901 Βαάνης.
926 5830 1177 5890 Meminit
1222 5832 1455 5913 alterius.
1482 5832 1689 5909 ⁸Ιέιιιιιιιιε
1719 5832 2003 5905 praepositi
2041 5834 2330 5906 etpatricii
2357 5835 2588 5895 Pbotius
2612 5836 2670 5895 in
2695 5835 2855 5911 epist.
2886 5835 2948 5894 9i
2985 5846 3041 5895 et
3079 5836 3196 5894 ιιι.
