4068 6446
442 421 583 483 1307

1716 400 2038 484 JOANNts
2064 417 2383 478 zonae

3561 417 3706 485 1308

437 531 708 596 Heraclio,
743 539 906 602 atque
939 532 1105 587 etiam
1148 530 1379 588 Leontio
1402 531 1469 588 ad
1495 548 1555 589 se
1597 532 1847 590 adductis
1875 575 1890 599 ,
1921 535 2024 588 lle-

2154 535 2390 599 rapevo;,
2446 531 2710 586 ἀπελθεῖν
2765 529 2935 586 αὑτὸν
2996 530 3439 603 παρεσκεύασεν.
3500 531 3615 589 Τοῦ
3658 534 3716 589 δὲ

438 622 669 678 raclium
701 636 825 677 eum
857 622 981 678 aliis
1009 622 1266 692 pluribus
1307 622 1377 679 de
1415 623 1580 693 lignis
1621 623 1778 694 juxta
1818 624 2022 678 muenia

439 713 749 783 suspendit,
795 714 1151 784 Apsimarum
1204 723 1262 770 et
1302 715 1597 770 Leontium
1646 716 1886 770 vinculis
1926 731 2027 786 per

446 806 630 860 torum
681 805 1115 872 circumductos,
1150 807 1290 862 lucis
1314 807 1669 863 Circensibus
1708 809 2025 877 spectaculo

438 897 715 962 exhibuit,
741 913 980 967 cumque
996 897 1155 953 collis
1176 914 1370 954 eorum
1400 907 1528 955 ante
1545 916 1603 955 se
1632 900 2023 969 projectorum,

441 990 677 1059 pedibus
719 990 1060 1056 insultasset,
1108 992 1189 1046 sic
1241 992 1468 1047 demum
1519 994 1702 1063 capita
1750 995 1805 1048 in
1862 1010 2028 1049 vena-

445 1084 596 1138 tione
637 1084 745 1138 illis
794 1085 1014 1154 praacidi
1048 1085 1231 1154 jussit.
1270 1084 1598 1141 Callinicum
1639 1088 2026 1156 patriarcham,

441 1174 621 1229 o;:ulis
662 1175 816 1245 prius
855 1176 1054 1243 crutis,
1091 1177 1322 1232 Romam
1352 1178 1633 1251 relegavit.
1665 1181 1867 1253 Cyrum
1909 1197 2027 1236 mo-

443 1265 683 1320 naehum
742 1267 1037 1336 quemdam
1103 1267 1401 1335 inclusum,
1469 1271 1565 1340 qui
1620 1270 1671 1325 ei
1739 1272 1892 1342 regni
1948 1287 2035 1327 re-

444 1357 862 1423 cuperationem
896 1357 1247 1427 praedixerat,
1282 1359 1653 1429 patriarcham
1686 1361 2022 1431 designavit.

446 1446 736 1500 Maximam
772 1447 986 1503 turbam
1012 1457 1067 1503 et
1085 1449 1355 1518 plebeiam
1395 1460 1452 1505 et
1474 1451 1765 1505 militarem
1791 1452 2022 1518 occidit,

447 1538 646 1606 partim
688 1549 897 1609 aperte,
937 1543 1139 1611 partim
1178 1542 1344 1597 clam.
1387 1544 1631 1600 Uxorem
1680 1545 2030 1601 Theodoram

448 1645 481 1681 e
519 1629 782 1685 Chazaria
832 1633 1133 1700 revocavit,
1172 1650 1295 1704 qua!
1341 1635 1454 1706 jam
1499 1635 1672 1690 ﬁlium
1718 1647 2031 1707 pepererat,

450 1736 614 1788 quem
643 1721 927 1778 Tiberium
962 1726 1203 1791 vocavit,
1239 1727 1531 1797 ipsumque
1572 1738 1630 1783 et
1663 1740 1896 1785 matrem
1935 1732 2036 1783 im-

452 1813 736 1881 peratorio
790 1818 1019 1872 nomine
1074 1818 1357 1889 dignatus,
1414 1821 1730 1877 diademate
1793 1824 2030 1878 ornavit.

2139 628 2449 698 ⁹Λψιμάρου
2489 627 2586 680 καὶ
2627 624 2961 697 Ἡρακλείου
2984 625 3081 679 τοῦ
3110 624 3344 694 ἀδελφοῦ
3378 626 3546 680 αὐτοῦ
3580 625 3725 697 πρὸς

2125 719 2293 774 αὐτὸν
2355 719 2653 790 ἀχθέντων,
2697 718 2837 772 ἀλλὰ
2896 719 3005 790 μὴν
3049 719 3147 773 καὶ
3184 718 3281 772 τοῦ
3318 719 3601 784 Λεοντίου,
3625 719 3723 773 τὸν

2130 813 2230 883 μὲν
2270 811 2592 882 Ἡράκλειον
2626 810 2723 864 σὺν
2745 810 2927 874 ἄλλοις
2958 810 3205 865 πλείοσιν
3267 812 3330 863 ὲν
3369 810 3550 876 ξύλοις
3572 810 3722 878 παρὰ

2127 904 2238 965 τοῖς
2270 901 2510 971 τείχεσιν
2546 900 2852 973 ἀπῃώρησε
2877 918 2893 934 ·
2933 902 3028 955 τὸν
3081 901 3391 971 Ἀψίμαρον
3420 900 3480 955 δέ
3528 917 3597 969 γε
3623 902 3722 956 καὶ

2129 993 2223 1045 τὸν
2254 992 2530 1058 Λεόντιον,
2565 991 2823 1062 δεσμίους
2853 992 2940 1045 διά
2977 992 3079 1061 τῆς
3095 992 3304 1063 ἀγορᾶς
3328 992 3724 1063 περιαγαγὼν,

2130 1086 2227 1138 καὶ
2272 1082 2566 1154 θεατρίσας
2613 1082 2846 1137 ἱππικοῦ
2907 1084 3224 1154 ἀγομένου,
3275 1084 3543 1156 ῥιφέντας
3620 1084 3724 1138 ὑπὸ

2129 1177 2258 1241 τοὺς
2292 1176 2459 1241 πόδας
2490 1175 2657 1231 αὐτοῦ
2710 1176 2854 1230 κατὰ
2883 1175 2993 1230 τῶν
3039 1176 3333 1247 τραχήλων
3382 1176 3685 1245 πεπάτηκε
3712 1212 3728 1239 ,

2132 1270 2229 1323 καὶ
2265 1268 2442 1332 οὓτως
2475 1267 2820 1339 ἐκτμηθῆναι
2871 1268 2972 1330 τὰς
3026 1267 3210 1322 αὐτῶν
3257 1267 3504 1337 κεφαλὰς
3560 1268 3621 1319 ιν
3648 1265 3726 1335 τῷ

2133 1357 2446 1430 κυνηγεσίῳ
2485 1359 2850 1429 προσέταξεν.
2877 1358 2981 1412 Τὸν
3024 1358 3085 1412 δὲ
3140 1359 3498 1430 πατριάρχην
3529 1356 3731 1411 Καλλί-

2134 1471 2286 1508 νικον
2309 1453 2447 1524 (57),
2481 1452 2750 1524 πρότερον
2779 1453 2945 1505 αὑτοῦ
2974 1450 3243 1522 πηρώσας
3276 1451 3342 1505 τὰ
3386 1452 3626 1521 ὄμματα
3651 1451 3730 1511 είς

2147 1546 2370 1617 Ῥώμην
2396 1544 2551 1598 ἔθετο
2613 1544 2933 1616 ὑπερόριον.
2967 1543 3154 1614 Κῦρον
3202 1544 3261 1598 δέ
3305 1560 3431 1597 τινα
3476 1543 3598 1612 (58)
3639 1558 3735 1610 μο-

2137 1637 2301 1707 ναχὸν
2324 1636 2642 1705 ἕγκλειστον
2672 1638 3017 1707 πατριάρχην
3080 1635 3442 1705 προύϐάλετο,
3483 1633 3547 1696 δς
3578 1632 3731 1701 αὐτῷ

2137 1730 2217 1790 είς
2243 1727 2343 1798 τὴν
2379 1726 2661 1798 βασιλείαν
2697 1728 3141 1782 ἀποκατάστασιν
3164 1725 3560 1798 προεφοίϐασε.
3593 1724 3734 1778 lloib

2134 1817 2192 1869 δὲ
2232 1815 2436 1885 πλῆθος
2457 1815 2522 1869 ἐκ
2546 1832 2605 1868 τε
2628 1814 2724 1868 τοῦ
2744 1813 3041 1884 δημοτικοῦ
3069 1814 3165 1869 καὶ
3193 1813 3290 1867 τοῦ
3325 1811 3733 1883 στρατιωτικοῦ

452 1904 657 1961 Fmdus
700 1923 827 1962 cum
874 1882 1352 1980 Bulgarisvictum'
1378 1915 1548 1982 rupit,
1587 1914 1779 1985 eisque
1825 1915 2030 1971 bellum

2154 1910 2263 1961 τότε
2296 1882 2607 1977 διέφθειρεν
2639 1882 2841 1969 οὗτοςδ
2870 1905 3149 1977 βασιλεὺς,
3180 1906 3310 1968 τοὺς
3336 1904 3437 1975 μὲν
3455 1902 3732 1973 φανερῶς,

453 1994 664 2062 intulit,
712 1999 1088 2068 pedestribus.
1122 2005 1474 2074 equestribus
1510 2014 1568 2061 et
1616 2007 1905 2062 navalibus
1935 2024 2032 2063 co-

455 2087 564 2155 piis
633 2088 967 2146 Anchialum
1042 2094 1345 2164 prot‘eetus.
1411 2096 1482 2151 Ac
1543 2097 1785 2167 primum
1853 2100 2034 2154 territi

455 2177 696 2249 Bulgari,
745 2182 800 2236 in
849 2193 1066 2240 montes
1116 2188 1506 2257 confugerunt.
1559 2190 1691 2245 lude
1740 2206 1865 2246 cum
1924 2193 2035 2247 Ro-

458 2287 747 2327 manorum
784 2277 1090 2331 exercitum
1122 2290 1302 2334 castra
1334 2282 1487 2336 nullo
1518 2283 1714 2339 ordine
1746 2286 2027 2354 posuisse,

457 2375 517 2420 et
570 2374 775 2423 temere
822 2370 1142 2439 pabulatum
1194 2373 1435 2445 dispergi
1494 2376 1775 2441 viderent,
1822 2379 2038 2435 animos

462 2470 816 2527 receperunt,
847 2471 905 2517 et
936 2465 1218 2535 congressi
1267 2467 1471 2523 multos
1499 2468 1829 2526 occiderunt
1860 2487 2040 2542 neque

462 2551 753 2618 plueio'es
809 2567 1103 2625 ceperunt.
1166 2560 1332 2630 equis
1386 2561 1553 2616 etiam
1608 2564 1798 2619 multis
1853 2567 2038 2635 potiti.

460 2640 729 2711 Ceterum
788 2645 1089 2718 imperator
1148 2667 1274 2706 cum
1339 2654 1594 2724 reliquiis
1645 2658 1927 2715 exercitus
1981 2659 2037 2715 in

464 2736 761 2791 castellum
806 2741 1084 2809 quoddam
1137 2760 1197 2799 se
1245 2747 1544 2803 conclusit.
1594 2749 1805 2806 Deinde
1853 2752 2045 2807 incisis

463 2840 733 2894 equorum
782 2831 987 2896 nervis,
1041 2849 1112 2890 ne
1163 2836 1419 2892 hostibus
1462 2839 1586 2893 usui
1636 2850 1848 2907 essent,
1905 2859 2043 2898 eon-

469 2915 677 2973 sceusis
706 2919 939 2977 navibus
977 2937 1101 2978 eum
1153 2941 1351 2996 magno
1396 2926 1669 2983 dedecore
1718 2929 2041 3000 Byzantium

472 3004 655 3062 rediit.
701 3008 1022 3069 Chersoniis
1074 3028 1242 3083 porro
1283 3016 1478 3080 iratus.
1527 3008 1679 3088 quod
1727 3016 1797 3072 de
1850 3034 1912 3073 sc
1954 3035 2045 3074 res

470 3112 644 3155 novas
696 3104 959 3162 moliente
1028 3108 1273 3164 tollendo
1338 3110 1702 3181 cogitassent.
1763 3111 2044 3175 triremes.

2142 1999 2322 2063 ἐνίους
2357 1998 2545 2068 μέντοι
2580 1999 2677 2052 καὶ
2705 1996 2954 2068 ἀφανῶς.
2986 1997 3209 2058 Στείλας
3240 1994 3286 2049 δ’
3312 1998 3394 2060 είς
3420 1994 3730 2066 Χαζαρίαν,

2146 2092 2324 2163 ἤγαγε
2345 2091 2446 2164 τὴν
2465 2093 2703 2160 γυναῖκα
2734 2090 2902 2144 αὐτοῦ
2926 2088 3211 2160 Θεοδὼραν
3240 2088 3342 2160 ήδη
3367 2087 3523 2159 αὐτῷ
3543 2086 3732 2142 τεκοῦο

2145 2199 2247 2236 σαν
2286 2182 2422 2247 υἱὸν,
2452 2180 2512 2235 δν
2539 2179 2795 2251 Τιϐέριον
2824 2179 3212 2256 κατωνόμασε,
3242 2177 3515 2247 κάκείνην
3548 2177 3608 2230 δὲ
3644 2176 3733 2228 καὶ

2144 2276 2209 2329 τὸ
2240 2275 2457 2328 παιδίον
2484 2272 2581 2327 τοῦ
2606 2274 2707 2342 τῆς
2740 2272 3023 2342 βασιλείας
3049 2268 3287 2335 ἀξιώσας
3320 2269 3615 2339 ὀνόματος,
3644 2267 3734 2321 καὶ

2146 2366 2317 2437 ἄμφω
2344 2364 2567 2436 ἔστεψε.
2598 2363 2788 2428 Λύσας
2833 2362 2893 2416 δὲ
2934 2362 3037 2425 τὰς
3067 2361 3213 2431 πρὸς
3234 2360 3361 2424 τοὺς
3386 2360 3735 2429 Βουλγάρους

2150 2457 2407 2523 σπννδάς,
2442 2459 2567 2511 κατ’
2614 2456 2796 2510 αὐτῶν
2829 2455 3231 2527 ἐξεστράτευσε
3260 2453 3359 2507 σὺν
3385 2454 3651 2515 ἱππικαῖς
3676 2468 3733 2504 τε
3832 2454 3843 2466 ⁹

2151 2549 2246 2605 καὶ
2273 2548 2534 2613 πεζικαῖς
2580 2547 2871 2618 δυνάμεσι,
2919 2547 3016 2600 καὶ
3041 2548 3142 2600 σὺν
3191 2543 3366 2616 στόλῳ
3390 2544 3601 2614 πολλῷ,
3636 2542 3736 2598 καὶ

2151 2642 2365 2713 ἀπῆλθε
2411 2641 2549 2712 πρὸς
2599 2642 2699 2711 τὴν
2740 2638 3048 2709 ’Δγχίαλον.
3109 2637 3184 2691 Τὸ
3224 2637 3330 2709 μὲν
3376 2633 3471 2692 οὖν
3523 2638 3736 2707 πρῶτον

2149 2732 2429 2795 δείσαντες
2458 2732 2509 2784 oi
2540 2731 2842 2803 Βούλγαροι
2879 2731 2963 2793 είς
2990 2729 3058 2783 τὰ
3090 2728 3193 2802 ὅρη
3223 2729 3564 2801 ἀνέδραμον,
3589 2729 3728 2782 ἐκεῖ·

2153 2825 2247 2879 θεν
2294 2825 2353 2878 δὲ
2392 2823 2750 2889 ἀσυντάκτως
2821 2821 3062 2897 ὁρῶντες
3115 2821 3215 2894 τὴν
3271 2822 3382 2878 τῶν
3440 2821 3734 2892 Ῥωμαίων

2158 2917 2422 2991 στρατιὰν
2457 2919 2861 2990 σκηνουμένην,
2902 2917 2998 2972 καὶ
3037 2916 3401 2989 ἀπροσέκτως
3427 2916 3510 2978 είς
3540 2930 3732 2989 χορτα-

2159 3013 2387 3084 σμάτων
2444 3010 2714 3085 συλλογὴν
2762 3009 3157 3081 σκιδναμένην,
3207 3007 3618 3079 ἀνεθάρσησαν,
3644 3007 3733 3060 καὶ

2156 3104 2487 3167 ἐπελθόντες
2544 3104 2735 3166 αὐτοῖς
2789 3102 3023 3165 πολλοὺς
3065 3102 3166 3173 μὲν
3200 3101 3437 3169 ἀνεῖλον,
3459 3101 3524 3154 οὐ
3557 3101 3737 3172 μείους

470 3190 770 3252 dromones
799 3207 855 3252 et
880 3215 1050 3255 naves
1072 3202 1358 3258 onerarias
1377 3218 1503 3257 cum
1533 3203 1771 3259 maxime
1801 3204 2045 3260 exercitu

2154 3199 2211 3255 δὲ
2240 3195 2706 3270 ῂχμαλώτευσαν,
2750 3194 2849 3249 καὶ
2904 3193 3075 3246 ἵππον
3123 3192 3388 3264 συνέσχον
3417 3191 3640 3261 πολλήν.
3679 3188 3733 3283 Ὁ

471 3292 529 3338 et
566 3284 781 3342 duobus
806 3288 1040 3346 ducibus
1070 3291 1262 3357 mittit,
1302 3293 1496 3363 eisque
1533 3293 1779 3360 mandat,
1827 3310 1895 3350 ne
1934 3294 2051 3349 eui-

472 3389 639 3443 quam
694 3378 913 3434 illorum
965 3393 1216 3452 pareant,
1271 3384 1368 3439 sed
1418 3400 1610 3439 omnes
1664 3385 1864 3455 gladiis
1912 3370 2061 3440 con--

476 3468 679 3524 liciant.
708 3470 812 3537 Qui
837 3486 934 3529 eos
963 3474 1113 3529 nullo
1136 3489 1262 3529 cum
1291 3476 1483 3532 labore
1525 3487 1795 3547 ceperunt
1843 3477 2051 3550 (neque

473 3559 624 3614 enim
714 3563 936 3620 urbium
997 3565 1429 3622 Chersoniarum
1496 3568 1838 3626 habitatores
1905 3572 2050 3628 resi-

477 3650 740 3724 stebant),
771 3669 837 3710 ac
863 3671 1002 3726 pene
1030 3659 1288 3714 omnibus
1308 3660 1558 3725 sublatis,
1584 3666 1771 3734 pueris
1791 3665 2059 3723 duntaxat

476 3751 535 3795 et
564 3742 988 3801 adolescentulis
1029 3759 1422 3818 pepercerunt.
1442 3751 1562 3820 Quo
1593 3754 1938 3811 Justinianus
1956 3773 2054 3812 eo-

478 3830 653 3900 guito,
695 3832 891 3901 iratus,
938 3850 1037 3892 eos
1075 3852 1298 3910 quoque
1339 3840 1406 3896 ad
1437 3856 1497 3898 se
1543 3844 1688 3899 mitti
1743 3846 1907 3916 jussit
1958 3847 2055 3917 qui

477 3925 788 3979 conservati
828 3937 1052 3995 essent;
1085 3928 1180 3998 qui
1208 3945 1333 3985 eum
1381 3932 1535 3988 missi
1577 3944 1786 4001 essent,
1819 3940 2054 3993 maxima

477 4030 547 4069 ex
588 4025 742 4084 parte
796 4018 852 4073 in
906 4020 1044 4076 mari
1110 4021 1404 4091 perierunt
1433 4044 1447 4081 :
1476 4040 1541 4082 ea
1588 4042 1678 4083 res
1735 4030 2055 4099 imperatori

479 4106 746 4177 voluptati
782 4108 907 4166 fuit.
946 4111 1053 4168 Sed
1094 4130 1165 4170 ne
1208 4115 1290 4171 sic
1328 4117 1550 4187 quidem
1591 4118 1777 4176 furore
1830 4122 1887 4177 in
1932 4124 2056 4181 illos

482 4214 583 4254 suo
614 4203 854 4274 expleto,
899 4206 1137 4263 minatus
1167 4218 1252 4264 est
1277 4226 1335 4266 se
1369 4211 1492 4267 aliis
1527 4215 1702 4284 copiis
1746 4217 1930 4272 missis
1980 4220 2055 4275 ita

483 4293 763 4362 regionem
802 4295 947 4350 illam
978 4308 1350 4355 evastaturum
1376 4309 1460 4367 ut,
1483 4303 1591 4373 97
1611 4305 1814 4374 quibus
1838 4307 1892 4363 in
1923 4308 2061 4365 locis

483 4384 652 4438 urbes
675 4385 1071 4452 fuissent,arva
1094 4392 1432 4447 colerentur.
1456 4393 1538 4448 Ob
1567 4395 1684 4450 haec
1722 4396 2057 4455 Chersonio-

484 4488 607 4528 rum
662 4475 928 4545 reliquiae,
955 4493 1263 4550 eorumque
1305 4481 1525 4543 ﬁnitimi
1565 4483 1633 4539 ad
1686 4485 2055 4546 defectionem

2166 3294 2351 3364 μέντοι
2378 3290 2634 3361 βασιλεὺς
2671 3289 2769 3342 σὺν
2796 3289 2911 3351 τοῖς
2948 3284 3388 3356 περιλειφθεῖσιν
3416 3286 3503 3349 είς
3543 3284 3604 3338 τὸ
3628 3282 3736 3335 ἐκεῖ

2166 3383 2633 3454 συνεκλείσθησαν
2665 3379 2950 3453 φρούριον.
2992 3375 3127 3433 Εἶτα
3154 3379 3283 3443 τοὺς
3312 3378 3519 3443 ἵππους
3537 3375 3734 3436 πάντας

2164 3476 2679 3548 νευροκοπήσαντες
2737 3472 2875 3544 (59),
2902 3473 2991 3527 ἵνα
3021 3471 3099 3543 μὴ
3147 3470 3377 3535 τούτους
3434 3469 3652 3524 λάϐοιεν
3690 3467 3735 3518 oi

2164 3568 2441 3638 πολέμιοι,
2494 3568 2608 3630 τοῖς
2637 3564 2735 3620 τοῦ
2790 3564 2981 3619 στόλου
3026 3564 3301 3633 σκάφεσιν
3368 3560 3735 3633 ἐμϐεϐηκότες

2166 3660 2474 3731 ἐπανῆλθον
2529 3660 2613 3723 είς
2664 3658 2727 3712 τὸ
2769 3658 3068 3723 Βυζάντιον
3134 3657 3234 3711 σὺν
3270 3655 3510 3729 αἰσχύνῃ
3554 3653 3736 3721 πολλῇ.

2166 3752 2395 3814 Μηνιὼν
2422 3752 2479 3806 δι
2499 3753 2613 3816 τοῖς
2641 3752 2698 3805 ὲν
2735 3750 3008 3819 Χερσῶνι,
3043 3749 3128 3803 ὅτι
3161 3751 3282 3803 ἐκεῖ
3307 3744 3738 3820 περιωρισμένον

2168 3844 2336 3901 αὐτὸν
2366 3846 2588 3914 γνόντες
2641 3842 3060 3913 νεωτερίζοντα,
3104 3840 3490 3913 ἠϐουλήθησαν
3518 3836 3736 3898 ἀνελεῖν,

2171 3939 2382 3994 στέλλει
2436 3938 2686 4009 τριήρεις
2747 3936 2841 3990 καὶ
2889 3935 3175 4006 δρόμωνας
3217 3935 3312 3988 καὶ
3364 3934 3500 4004 νῆας
3557 3930 3739 3998 ἑτέρας

2165 4032 2275 4084 τῶν
2299 4030 2591 4102 φορτηγῶν
2652 4028 2752 4082 σὺν
2804 4028 3185 4100 στρατεύματι
3214 4025 3456 4096 πλείστῳ
3498 4024 3595 4079 καὶ
3625 4017 3740 4074 δυσὶ

2171 4125 2518 4194 στρατηγοῖς,
2545 4121 2928 4191 ἐντειλάμενος
2960 4121 3147 4182 αὐτοῖς
3195 4117 3271 4190 μὴ
3288 4116 3583 4187 φείσασθαί
3606 4125 3740 4172 τινας

2170 4212 2280 4267 τῶν
2311 4213 2449 4275 ἐκεῖ,
2485 4210 2622 4266 ἀλλά
2661 4210 2875 4273 πάντας
2935 4209 3210 4278 συγκόψαι
3256 4210 3371 4270 τοῖς
3431 4205 3657 4275 ξίφεσιν.
3680 4199 3739 4253 οι

2173 4302 2272 4356 σὺν
2301 4299 2478 4354 οὐδενὶ
2503 4298 2651 4369 πόνῳ
2685 4297 2769 4368 (οὐ
2804 4298 2911 4368 γὰρ
2942 4297 3284 4364 ἀντέστησαν
3313 4296 3365 4347 οί
3388 4294 3499 4349 τῶν
3525 4296 3582 4346 ἐν
3609 4291 3739 4360 Χερ-

2173 4392 2306 4445 σῶνι
2333 4390 2539 4444 πόλεων
2566 4388 2839 4458 κάτοικοι)
2878 4386 3295 4459 παραλαϐόντες
3329 4384 3526 4447 αὐτοὺς
3576 4383 3739 4437 ἀπαν-

2172 4498 2273 4545 τας
2300 4481 2490 4552 σχεδὸν
2512 4481 2846 4550 ἀνῃρήκασι,
2888 4479 3058 4548 μόνης
3090 4476 3187 4545 τῆς
3215 4474 3517 4544 νεαζούσης
3537 4470 3737 4546 ιιξλικίας

485 4565 709 4635 impulsi
748 4568 1113 4641 Philippicum
1134 4573 1400 4630 Bardanis
1446 4576 1640 4642 tilium,
1690 4594 1852 4648 quem
1898 4597 2046 4652 supr:

2172 4574 2338 4645 μέχρι
2381 4571 2689 4645 μειρακίων
2740 4569 3092 4640 φεισάμενοι.
3149 4569 3217 4622 Ὃ
3279 4566 3471 4638 μαθὼν
3515 4567 3734 4652 Ἰουστιῗ

485 4657 558 4713 ab
613 4659 900 4730 Apsimaro
956 4662 1014 4718 in
1069 4663 1464 4735 Cephaleniam
1531 4669 1835 4740 relegatum
1895 4673 2064 4730 fuisse

487 4755 932 4820 memoravimus,
983 4767 1300 4813 revocatum
1332 4760 1497 4816 modo
1534 4771 1591 4817 et
1623 4763 1752 4818 dum
1792 4764 2065 4823 ConSIan-

490 4841 778 4910 tinopolim
822 4843 948 4909 iret,
983 4845 1116 4902 illuc
1150 4848 1482 4918 profectum,
1532 4852 1929 4923 imperatorem
1978 4871 2068 4912 sa-

488 4932 687 5000 lutant,
725 4935 890 4990 etiam
935 4937 1053 4992 Elia
1085 4940 1335 5010 principe
1364 4957 1467 4996 suo
1507 4944 1816 5016 adjutante.
1852 4946 2067 5014 Quibus

489 5022 835 5082 Justinianus
875 5028 1132 5099 cognitis,
1168 5030 1301 5086 Elite
1350 5031 1560 5089 liberos
1606 5034 1662 5088 in
1710 5036 1836 5091 sinu
1875 5036 2069 5094 matris

484 5116 773 5188 iugulavit,
798 5128 854 5174 et
879 5120 1051 5191 ipsam
1076 5137 1237 5179 servo
1257 5126 1377 5195 eius
1402 5125 1536 5180 Indo
1559 5142 1736 5197 coquo
1768 5128 2068 5198 copulavit.

492 5210 699 5269 Deinde
730 5214 1057 5271 instructam
1083 5217 1315 5276 classem
1340 5230 1531 5276 contra
1561 5221 1903 5279 Chersonem
1934 5224 2065 5278 mit-

2162 4665 2372 4729 νιανὸς,
2398 4665 2483 4718 ὅτι
2519 4662 2596 4734 μὴ
2627 4663 2725 4718 καὶ
2750 4660 2978 4725 τούτους
3015 4659 3251 4724 ἀνεῖλον,
3302 4657 3622 4728 ὲξὼργιστο,
3652 4647 3738 4704 καὶ

2164 4758 2303 4830 πρδς
2327 4757 2495 4811 αὐτὸν
2523 4756 2653 4818 τοὺς
2678 4753 3091 4824 περισωθέντας
3114 4750 3493 4821 ἀποσταλῆναι
3512 4759 3735 4817 παρεκε-

2162 4848 2416 4902 λεύσατο.
2460 4846 2905 4908 ’Δποσταλέντας
2949 4845 3007 4898 δὲ
3057 4842 3565 4912 καταποντισθῆναι
3589 4841 3643 4889 ὲν
3676 4835 3734 4902 τῇ

2166 4940 2414 5011 θαλάσσῃ
2469 4939 2668 5009 συνέϐη
2689 4938 2820 5001 τοὺς
2858 4937 3135 5000 πλείονας,
3167 4935 3265 4989 καὶ
3299 4933 3446 4999 ἔδοξε
3487 4931 3644 4986 τοῦτο
3667 4923 3736 4994 τῷ

2177 5033 2392 5104 βασιλεῖ
2426 5031 2792 5100 καταθύμιον.
2848 5030 2960 5084 Καὶ
2991 5028 3103 5082 οὐδ’
3147 5027 3292 5081 οὕτω
3328 5027 3431 5096 τῆς
3463 5024 3584 5080 κατ’
3610 5016 3737 5074 ὲκεί-

2175 5145 2283 5182 νων
2311 5126 2509 5195 μανίας
2539 5122 2921 5194 ἐμπέπληστο,
2943 5121 3060 5175 ἀλλ’
3085 5119 3302 5190 ἠπείλει
3328 5120 3425 5173 καὶ
3451 5117 3606 5178 αὖθις
3632 5124 3739 5164 στει-

2176 5222 2314 5289 λεῖν,
2344 5218 2443 5272 καὶ
2469 5215 2616 5271 οὕτω
2636 5217 2738 5288 τὴν
2765 5214 2953 5286 χώραν
3004 5212 3382 5286 ὲξερημῶσαι,
3416 5210 3491 5275 ὡς
3522 5206 3616 5263 καὶ
3647 5200 3735 5263 τὰς

1698 5360 1906 5424 Variae
1939 5360 2253 5424 lectiones
2298 5365 2359 5422 et
2395 5362 2586 5420 notes.

567 5500 682 5572 (57)
716 5501 853 5572 κτὸν·
901 5499 970 5554 δὲ
1020 5502 1395 5572 καλλίνικον,
1444 5501 1838 5571 πατριάρχην.
1897 5503 2073 5568 Hujus

499 5571 821 5652 memoriam
851 5582 1021 5643 agunt
1052 5571 1231 5627 [ἔτκοί
1264 5571 1337 5627 23
1372 5571 1627 5645 Augusti,
1665 5583 1726 5628 ut
1762 5583 1847 5628 est
1879 5575 1934 5627 in
1959 5573 2074 5629 Me-

501 5655 687 5798 Ϊῗῖῗέ)
719 5712 915 5792 Κῦρον
946 5711 1014 5765 δέ
1048 5729 1219 5798 τινα..
1239 5711 1885 5798 Hujusns'ynaxin‘agunt.
1902 5712 2077 5798 Graeci

502 5780 535 5832 8
574 5780 799 5859 ianuar.
824 5782 879 5837 in
923 5781 1259 5839 monasterio
1288 5780 1385 5854 τῆς
1411 5780 1631 5855 Χώρας,
1660 5791 1720 5839 ιιι
1752 5780 1844 5840 cst
1873 5784 1928 5839 in
1964 5783 2076 5841 Me-

507 5863 663 5904 lliBlS.

2244 5496 2969 5574 (59)ῖΝευροκοπήσαντες.
2984 5494 3327 5574 Vide_(_;l_oss_.
3355 5495 3500 5551 med.
3521 5485 3733 5574 prfecit-

2174 5572 2231 5627 in
2251 5563 2262 5572 ’
2283 5563 2720 5636 ’Ᾰντζοκοπεῑνζ
2750 5571 3108 5638 Anonymus'
3128 5566 3456 5638 Valesianus
3504 5563 3573 5618 de
3602 5563 3732 5614 Con-

2173 5640 2419 5697 stantino
2451 5639 2523 5694 Μ.
2540 5638 2765 5693 Summa
2792 5637 3354 5709 festinatione_veredis
3380 5642 3495 5709 post
3517 5638 3735 5709 tetrum

2176 5713 2310 5766 catis
2346 5702 2934 5781 Alp_cs_tra_mgre3sus,
2965 5717 3075 5762 etc.
3108 5702 3512 5781 Constantinus
3542 5702 3732 5781 Manes:

2178 5796 2288 5847 ses,
2341 5775 2566 5851 p.122,
2621 5775 2826 5851 ἵππους
2875 5775 3331 5851 νευροκοποῦσαι.
3368 5776 3551 5835 υιίιιιτ
3588 5775 3730 5826 etiam

2182 5846 2546 5922 Theophanes
2578 5864 2668 5904 an.
2705 5848 2738 5904 6
2767 5846 3084 5903 Iustiniani.
