4068 6408
344 412 484 479 1309

1576 408 1983 470 ANNALIUM
2024 409 2174 475 LIB.
2216 410 2376 475 XIV.

3466 409 3611 474 1310

341 534 526 595 πόλεις
566 529 817 585 καθελεῖν
867 530 965 584 καὶ
1016 528 1370 599 ἀροτριάσαι.
1425 528 1525 581 Διά
1554 527 1728 581 ταῦτα
1754 529 1804 580 οἱ
1836 525 1918 579 ἔτι
1949 579 1950 584 η

2051 526 2114 590 it,
2162 526 2469 597 classisque
2520 527 2778 598 praefecto
2816 526 3040 584 mandat
3081 536 3142 583 ut
3186 526 3435 584 funditus
3482 528 3609 582 uni-

340 623 790 698 περιλειφθέντες
810 625 869 678 ὲν
895 622 1167 692 Χερσῶνι,
1190 622 1286 675 καὶ
1309 621 1358 674 οἱ
1387 619 1593 673 τούτων
1651 621 1925 690 περίοικοι

340 717 855 789 ἀποστατήσαντες,
880 715 1211 768 Φιλιππικὸν
1248 712 1343 766 τὸν
1374 712 1470 766 τοῦ
1505 711 1779 781 Βαρδάνη,
1806 710 1867 763 δν
1896 711 1926 764 ό

341 811 503 881 λόγος
536 809 797 879 ἱστόρησε
836 805 992 877 παρὰ
1042 804 1138 859 τοῦ
1180 802 1489 874 Ἀψιμάρου
1520 803 1601 866 είς
1628 802 1926 873 Κεφαλλη-

342 905 463 959 νίαν
492 890 898 973 περιοισθῆναι,
953 898 1080 969 ἀρτι
1127 896 1510 963 ἀνακληθέντα
1544 896 1607 948 ἐκ
1628 895 1729 965 τῆς
1755 895 1929 966 ὑπερ-

344 1002 519 1072 ορίας,
553 997 648 1050 καὶ
672 994 968 1049 ἐπανιόντα
1002 992 1140 1063 πρὸς
1178 989 1275 1061 τὴν
1323 988 1926 1050 Κωνσταντινούπολιν,

343 1092 508 1146 κάκεῖ
569 1087 884 1157 γενόμενον,
924 1083 1152 1155 βασιλέα
1225 1080 1653 1153 ἀναγορεύουσι,
1698 1081 1795 1133 καὶ
1831 1077 1927 1133 τοῦ

348 1181 500 1250 σφῶν
562 1179 826 1251 ἄρχοντος
867 1175 1028 1230 Ἠλία
1094 1172 1565 1243 συμπράττοντος.
1619 1170 1688 1223 ’Δ
1739 1167 1929 1245 μαθὼν

357 1269 763 1337 Ἰουστινιανὸς,
807 1267 935 1332 τοὺς
993 1266 1095 1338 μὲν
1143 1264 1238 1319 τοῦ
1293 1262 1451 1318 Ἠλία
1506 1262 1705 1325 παῖδας
1752 1262 1811 1316 έν
1849 1261 1930 1333 τῷ

346 1366 537 1435 κόλπῳ
598 1359 913 1430 κατέσφαξε
963 1359 1069 1428 τῆς
1123 1356 1367 1429 μητρός’
1417 1355 1637 1426 ἐκείνην
1670 1355 1728 1409 δὲ
1758 1354 1931 1425 δούλῳ

348 1458 515 1528 αὐτῆς
580 1454 728 1526 Ἰνδῷ
792 1452 1061 1524 μαγείρῳ
1097 1448 1444 1514 συνέζευξεν.
1512 1443 1672 1515 Εἶτα,
1741 1446 1930 1499 στόλον

349 1547 826 1617 ἑτοιμασάμενος,
867 1541 1079 1595 στέλλει
1128 1537 1275 1593 κατὰ
1319 1536 1639 1607 Χερσῶνος,
1688 1534 1931 1590 ἐντειλά-

351 1656 510 1712 μενος
540 1637 616 1708 τῷ
647 1635 741 1689 τοῦ
784 1634 971 1689 στόλου
1005 1632 1339 1703 κατάρχοντι
1376 1629 1577 1702 ήϐηδὸν
1610 1628 1930 1697 ξύμπαντας

348 1733 586 1787 ἀνελεῖν.
624 1731 764 1800 Ἤδη
804 1729 862 1782 δὲ
924 1726 1335 1788 καταλαϐόντος
1387 1724 1489 1793 τήν
1535 1722 1803 1790 Χερσῶνα
1833 1721 1930 1775 τοῦ

349 1818 751 1885 ναυτικοῦ,’καὶ
788 1818 1211 1891 πολιορκοῦντος
1252 1815 1444 1886 αὐτὴν,
1492 1808 1632 1885 ἦκον
1682 1811 1930 1881 Χάζαροι

2028 635 2219 674 versos
2253 620 2455 676 deleat.
2505 620 2637 688 Qua:
2688 636 2815 677 cum
2851 621 2963 689 jam
3023 621 3137 676 illic
3175 622 3498 691 appulisset,
3543 637 3609 677 ac

2027 713 2371 782 provinciam
2424 713 2734 777 obsideret,
2794 711 3026 768 Chazari
3078 712 3427 769 Chersonitis
3477 728 3610 783 sup-

2026 806 2203 875 petias
2243 814 2538 861 venerunt.
2569 805 2727 863 Unde
2765 805 2984 861 obsidio
3015 807 3198 861 soluta
3228 816 3335 868 est,
3379 814 3434 860 et
3461 806 3606 861 clas-

2025 899 2179 953 siarii
2216 915 2341 953 cum
2379 898 2448 953 ad
2497 898 2890 969 imperatorem
2936 899 3118 954 redire
3165 914 3275 952 non
3317 898 3608 958 auderent,

2026 990 2321 1047 maledicta
2377 990 2434 1044 in
2486 1004 2620 1045 ‘eum
2677 992 2958 1062 jecerunt,
3022 999 3079 1045 et
3140 988 3446 1044 Bardancm
3511 1005 3612 1059 pro

2027 1082 2359 1154 imperatore
2385 1083 2757 1139 celebrarunt.
2785 1084 2903 1140 .lam
2928 1085 3090 1155 longo
3122 1094 3381 1153 tempore
3402 1083 3613 1151 elapso,

2027 1176 2152 1231 cum
2193 1175 2330 1230 nihil
2379 1177 2432 1231 ei
2485 1176 2555 1231 de
2602 1176 2780 1232 classe
2832 1177 3262 1247 significaretur,
3303 1175 3616 1245 suspicatus

2026 1268 2295 1324 accidisse
2321 1267 2528 1339 aliquid
2567 1268 2715 1339 quod
2747 1269 2803 1323 in
2852 1283 3009 1323 suam
3052 1267 3306 1323 fraudem
3340 1266 3612 1333 tenderet,

2027 1359 2289 1431 Byzantio
2340 1361 2639 1431 profectus,
2696 1377 2823 1416 cum
2884 1360 3130 1431 Sinopen
3180 1375 3356 1431 usque
3418 1374 3618 1429 perve-

2027 1452 2223 1517 nisset,
2283 1451 2437 1507 videt
2488 1452 2725 1508 classem
2783 1468 2980 1507 versus
3034 1452 3232 1507 urbem
3292 1449 3615 1521 proficisci:

2029 1545 2214 1602 statim
2254 1545 2421 1617 igitur
2458 1554 2516 1601 et
2544 1545 2659 1617 ipse
2702 1561 2870 1601 naves
2914 1545 3206 1601 convertit.
3252 1544 3359 1600 Sed
3402 1544 3617 1614 Philip-

2030 1640 2188 1709 picus
2231 1654 2497 1709 prospera
2548 1639 2895 1709 navigatione
2924 1654 3055 1694 usus
3108 1652 3361 1709 magnam
3411 1636 3614 1691 urbem

2030 1742 2398 1802 prtenccupat.
2427 1732 2776 1789 Justinianus
2818 1746 2951 1787 vero
2998 1731 3054 1786 in
3105 1730 3364 1801 Damatry
3414 1728 3619 1783 stativa

2035 1825 2222 1891 habet,
2267 1826 2336 1880 ad
2376 1840 2541 1895 quem
2587 1824 2734 1880 Elias
2768 1824 2991 1885 missus.
3024 1823 3296 1878 militibus
3322 1822 3618 1893 persuasit,

348 1918 464 1979 τοῖς
500 1913 873 1985 Χερσωνίταις
899 1909 1389 1980 ἐπικουρήσοντες.
1448 1904 1736 1959 Ἐντεῦθεν
1766 1907 1799 1975 ή
1831 1906 1931 1974 μὲν

2051 1927 2095 1972 ιι
2126 1917 2346 1973 deserto
2372 1891 2468 1971 illo
2508 1930 2567 1972 se
2592 1915 2660 1970 ad
2693 1915 3067 1987 Philippicum
3109 1891 3455 1971 conferrent.
3500 1911 3623 1976 Quo

352 2008 645 2080 πολιορκία
675 2006 918 2073 ἐλέλυτο,
954 2005 1005 2059 οἱ
1031 2003 1089 2057 δὲ
1138 2001 1234 2056 τοῦ
1272 2001 1462 2055 στόλου
1519 1999 1593 2072 μὴ
1626 1999 1934 2078 τολμῶντες

2051 2014 2178 2068 'acto
2233 2012 2350 2069 suis
2398 2013 2656 2071 manibus
2703 2024 2872 2083 caput
2904 2012 2984 2069 illi
3017 2020 3252 2068 resecat.
3284 2010 3458 2067 Filius
3520 2024 3620 2063 au-

352 2102 490 2173 πρὸς
516 2101 608 2153 τὸν
645 2098 874 2170 βασιλέα
906 2095 1252 2161 ἐπανελθεῖν,
1304 2093 1402 2147 τοῦ
1445 2093 1543 2165 μὲν
1580 2092 1935 2164 βλασφημίας

2051 2120 2145 2159 ,ειη
2193 2106 2314 2176 ejus
2360 2105 2641 2173 Tiberius,
2684 2120 2811 2161 cum
2865 2105 2989 2161 avia
3039 2114 3288 2161 materna
3335 2100 3627 2158 Anastasis

352 2192 635 2263 κατέχεον,
671 2190 763 2245 τὸν
800 2189 861 2243 δὲ
893 2188 1183 2261 Βαρδάνην
1212 2186 1287 2248 ὡς
1320 2184 1547 2255 βασιλέα
1582 2185 1933 2256 εὐφήμησαν.

2051 2196 2183 2266 ξηεηι
2214 2197 2506 2254 Theodora
2560 2208 2737 2253 mater
2788 2198 2899 2269 jam
2959 2195 3195 2267 obicrat)
3250 2196 3307 2250 in
3362 2192 3624 2263 templum

353 2281 568 2354 Καιροῦ
610 2281 666 2335 δὲ
687 2279 1100 2354 παραρῤυέντος
1127 2277 1349 2349 συχνοῦ,
1383 2277 1465 2331 ὅτι
1497 2275 1668 2345 μηδὲν
1694 2273 1841 2343 αὐτῷ
1874 2276 1938 2328 ἐκ

2051 2286 2424 2343 Blachernium
2472 2288 2726 2360 confugit
2757 2306 2772 2345 :
2808 2303 3047 2359 cumque
3079 2293 3491 2343 sacrosanctum
3527 2297 3621 2337 sa-

352 2375 448 2429 τοι)
495 2373 685 2428 στόλου
723 2374 1030 2445 μεμήνυτο,
1061 2371 1091 2425 ό
1129 2368 1389 2442 βασιλεὺς
1420 2368 1771 2438 ὑποτοπήσας
1798 2384 1938 2437 συμ-

2051 2377 2234 2433 :ellum
2261 2378 2558 2450 ingressus,
2589 2392 2836 2435 mensam
2874 2375 3286 2433 sanctissimam
3337 2370 3625 2433 subiisset,

356 2467 522 2536 ϐῆναί
550 2483 607 2520 τι
639 2465 944 2538 φερόμενον
980 2463 1105 2518 κατ’
1159 2460 1352 2526 αὐτοῦ,
1377 2458 1669 2531 ἐξώρμησε
1695 2460 1796 2531 τῆς
1834 2461 1940 2515 Bu-

2051 2471 2312 2540 prehensa
2356 2487 2465 2527 una
2507 2472 2631 2545 eius
2671 2470 2987 2535 columella,
3035 2478 3271 2523 mortem
3311 2474 3398 2521 est
3423 2463 3627 2533 depre-

356 2560 626 2624 szr£60;,
682 2557 778 2612 καὶ
816 2558 925 2622 ἕως
969 2554 1223 2627 Σινώπης
1274 2552 1448 2609 ἐλθὼν
1492 2555 1600 2627 δρᾷ
1629 2555 1722 2607 τὸν
1751 2554 1941 2609 στόλον

2051 2574 2216 2620 catus.
2266 2563 2372 2619 Sed
2424 2564 2521 2635 qui
2560 2564 2630 2620 ad
2664 2579 2793 2620 eum
2841 2559 3204 2633 quaerendum
3244 2557 3398 2612 missi
3444 2561 3628 2617 erant,

355 2651 484 2705 εὐθὺ
506 2654 604 2722 τῆς
638 2650 853 2714 πόλεως
896 2648 1317 2718 πλωϊζόμενονο
1367 2645 1569 2700 αὐτίκα
1627 2645 1809 2699 τοίνυν
1851 2644 1944 2713 γέ-

2051 2656 2200 2727 pueri
2228 2672 2259 2710 θ
2289 2657 2535 2713 sacrario
2571 2655 2837 2712 abstraCti
2873 2654 3077 2711 collum
3104 2662 3365 2723 tauquam
3400 2645 3630 2719 pecudis

358 2760 489 2813 γονε
534 2745 630 2798 καὶ
659 2744 823 2808 αὐτὸς
862 2743 1293 2814 όπισθόρμητος.
1352 2739 1461 2793 Τοῦ
1503 2739 1560 2793 δὲ
1607 2738 1943 2794 Φιλιππικοῦ

2051 2747 2351 2805 crudeliter
2375 2762 2760 2807 resecuerunt.

358 2841 789 2911 εύπλοήσαντος.
827 2841 924 2894 καὶ
947 2834 1467 2910 προκαταλαϐόντος
1527 2835 1628 2906 τὴν
1657 2835 2070 2906 Μεγαλόπολιν,
2142 2845 2350 2907 ἐκεῖνος
2392 2846 2452 2898 ἐν
2496 2842 2576 2913 τῷ
2628 2842 2920 2915 Δαματρύῖ
2950 2836 3253 2912 ἐσκήνωσε,
3301 2837 3441 2911 πρὸς
3502 2835 3559 2890 δν
3601 2834 3632 2887 ὁ

357 2936 652 3011 εἰρημένος
699 2931 886 2996 Ἠλίας
918 2929 1133 2994 σταλεὶς
1163 2928 1404 3000 ἠδυνήθη
1448 2931 1637 2984 πεῖσαι
1683 2930 1747 2985 τὸ
1786 2931 1930 3001 μετά
1965 2933 2063 2988 τοῦ
2141 2936 2524 2992 ’1ουστινιανοῦ
2597 2935 2997 3007 στρατιωτικὸν
3046 2932 3360 3002 ἀποστῆναι
3430 2926 3625 2991 αὺτοῦ,

360 3031 456 3086 καὶ
522 3025 863 3101 προσρυῆναι
902 3022 1253 3094 -Φιλιππικῷ,
1336 3022 1742 3093 Καταλειφθεὶς
1831 3025 2016 3082 τοίνυν
2081 3029 2237 3099 παρά
2294 3030 2407 3083 τῶν
2469 3028 2821 3101 στρατιωτῶν
2877 3022 3275 3089 Ἰουστινιανδς,
3318 3019 3629 3093 χειροῦται,

359 3126 455 3183 καὶ
483 3122 673 3196 χερσὶν
698 3121 934 3182 οἰκείαις
969 3117 1132 3180 εὐθὺς
1167 3118 1195 3171 ὁ
1253 3116 1445 3180 Ἠλίας
1503 3115 1696 3185 ἀφεῖλε
1764 3118 1865 3189 τήν
1938 3120 2108 3175 αὑτοῦ
2175 3124 2446 3194 κεφαλήν.
2487 3123 2548 3178 '0
2577 3123 2637 3177 δὲ
2659 3119 2855 3176 τούτου
2872 3121 3003 3183 παῖς
3031 3121 3060 3173 ὁ
3090 3117 3346 3187 Τιϐέριος
3372 3115 3510 3183 μετὰ
3535 3112 3636 3189 τῆς

363 3221 502 3292 πρὸς
566 3215 775 3289 μητρὸς
840 3213 1075 3284 μάμμης
1148 3208 1514 3272 Ἀναστασιας
1695 3208 1804 3282 γὰρ
1874 3214 2058 3283 μήτηρ
2126 3214 2292 3268 αὐτοῦ
2342 3214 2597 3285 Θεοδώρα
2654 3213 2794 3284 έιρθη
2850 3210 3050 3283 θανεῖν)
3080 3209 3158 3280 τῷ
3197 3210 3255 3261 ὲν
3306 3205 3639 3277 Βλαχέρναις

363 3312 477 3384 ναῷ
501 3308 840 3382 προσφυγὼν
898 3306 1077 3360 είσέδυ
1106 3303 1167 3359 τδ
1213 3304 1360 3357 θεῖον
1401 3301 1820 3374 θυσιαστήριον,
1888 3306 1984 3360 καλ⁵
2020 3305 2127 3360 ύπδ
2155 3307 2255 3378 τήν
2316 3308 2543 3377 παναγῆ
2569 3306 2863 3377 γενόμενος
2879 3299 3186 3374 τράπεζαν,
3218 3299 3335 3361 δνδς
3368 3296 3477 3350 τῶν
3511 3292 3643 3348 ταις.

364 3423 466 3478 την
486 3405 792 3475 ἀνεχόντων
826 3398 1135 3453 στυλίσκων
1184 3393 1575 3467 δεδραγμένος,
1625 3394 1840 3449 ἱκέτευε
1907 3396 1985 3468 μὴ
2019 3396 2226 3455 θανεῖν.
2272 3399 2418 3455 Ἀλλ’
2440 3400 2491 3454 οί
2524 3399 2815 3462 σταλέντες
2849 3398 2931 3460 είς
3000 3393 3232 3465 ζήτησιν
3266 3388 3456 3454 αὑτοῦ,
3494 3385 3643 3451 ἐξελ·

365 3504 636 3565 κύσαντες
686 3497 781 3553 τοῦ
829 3492 1219 3566 θυσιαστηρίου
1282 3490 1377 3548 τδν
1430 3491 1632 3561 παῖδα,
1696 3493 1949 3567 μαχαίρᾳ
1991 3495 2188 3551 τούτου
2268 3498 2363 3552 τὸν
2403 3497 2605 3570 λαιμὸν
2677 3498 2753 3561 ὡς
2794 3493 3143 3568 βοσκήματος
3183 3488 3459 3559 ἀπέτεμον
3498 3484 3645 3553 ἀπη-

366 3593 493 3656 νῶς.

440 3688 585 3754 Kq'.
618 3682 758 3752 Ἤδη
784 3681 841 3737 δὲ
874 3680 979 3751 τῆς
1014 3677 1299 3750 βασιλείας
1337 3680 1523 3749 τυχὼν
1546 3679 1574 3732 ὁ
1599 3676 1950 3746 Φιλιππκδς,

2133 3679 2323 3737 XXVI.
2362 3679 2483 3736 Jam
2513 3677 2723 3750 potitus
2757 3671 2993 3745 imperio
3026 3668 3405 3741 Philippicus,
3450 3673 3644 3722 contra

368 3779 515 3834 κατὰ
551 3776 650 3842 τῆς
692 3774 863 3844 ἕκτης
912 3771 1306 3843 οίκουμενικῆς
1361 3770 1584 3823 συνόδου
1645 3769 1956 3836 ὡπλίσατο,

372 3871 470 3926 καὶ
495 3866 723 3922 σύνοδον
764 3861 1025 3934 ἀθροίσας
1068 3864 1096 3915 ό
1138 3862 1368 3931 μάταιος
1414 3859 1707 3929 ἠκύρωσεν
1737 3860 1863 3912 ὅσον
1897 3860 1960 3912 τὸ

374 3964 497 4018 κατ’
538 3959 704 4017 αὐτὸν
752 3957 819 4011 δι’
875 3955 1046 4023 αὐτῆς
1080 3952 1180 4025 τὴν
1219 3950 1389 4020 ἁγίαν
1445 3951 1669 4021 ἐκείνην
1715 3950 1959 4007 σύνοδον.

372 4055 608 4123 Λέγεται
635 4049 745 4121 γὰρ
779 4051 905 4118 ἄρτι
935 4044 1029 4099 τοῦ
1058 4042 1315 4098 Λεοντίου
1338 4041 1447 4096 τῶν
1478 4042 1776 4114 σκήπτρων
1809 4042 1961 4095 ἀπει-

371 4148 680 4219 λημμένου,
717 4140 1166 4214 χρησμοδοτῆσαι
1205 4135 1403 4207 τούτῳι
1436 4134 1502 4206 δὴ
1527 4133 1604 4205 τῷ
1641 4130 1962 4203 Φιλιππικῷ

375 4243 475 4312 τὴν
499 4243 580 4302 εἰς
602 4239 695 4292 τὸν
721 4235 994 4308 βασίλειον
1027 4230 1221 4303 θρόνον
1254 4226 1549 4297 ἀναγωγὴν
1579 4226 1812 4297 μοναχόν
1837 4242 1963 4279 τινα

375 4334 696 4404 έγκλειστον
717 4330 849 4383 ὅντα
883 4329 940 4381 έν
970 4328 1037 4398 τῇ
1071 4323 1169 4378 τοῦ
1214 4319 1636 4390 Καλλιστράτου
1675 4321 1839 4389 μονῇ,
1869 4318 1964 4372 καὶ

373 4430 475 4498 τῆς
502 4425 864 4498 προρρήσεως
892 4421 1115 4491 αἰτῆσαι
1143 4416 1335 4488 μισθὸν
1364 4411 1463 4484 τήν
1498 4412 1597 4479 τῆς
1618 4411 1783 4480 ἕκτης
1838 4425 1967 4463 συν.

377 4522 500 4575 όδου
560 4518 826 4587 ἀθέτησιν
881 4509 970 4585 (ἧν
1031 4510 1142 4582 γὰρ
1196 4510 1297 4578 τῆς
1347 4506 1458 4559 τῶν
1508 4502 1904 4575 Μονοθελητῶν
1938 4505 1967 4557 ό

382 4609 620 4684 μοναχδς
642 4611 848 4672 ἐκεῖνος
878 4602 1190 4679 αἱρέσεως),
1214 4604 1306 4657 καὶ
1334 4601 1426 4655 τὸν
1465 4601 1826 4673 ὑποσχέσθαι.
1853 4601 1967 4670 Τήν

383 4705 485 4776 μὲν
513 4705 607 4758 οὖν
649 4702 1042 4771 οίκουμενικὴν
1094 4696 1263 4767 ἕκτην
1294 4695 1515 4750 σύνοδον
1552 4693 1866 4765 ἠκύρωσεν,
1889 4691 1967 4757 ὡς

380 4800 576 4852 ἐδόκει.
610 4796 785 4861 Αὐτὸς
815 4795 893 4857 δὲ,
914 4792 1128 4864 σωροὺς
1154 4790 1459 4862 χρημάτων
1491 4789 1557 4842 ὲκ
1585 4786 1967 4858 παλαιοτέρων

382 4888 854 4961 θησαυρισθέντας
908 4872 1333 4953 αὐτοκρατόρων
1382 4883 1440 4934 ὲν
1488 4881 1603 4939 τοῖς
1670 4875 1968 4949 βασιλείοις

382 4977 582 5049 εὑρὼν,
609 4977 687 5040 είς
717 4974 869 5030 οὐδὲν
919 4974 1039 5028 δέον
1084 4971 1308 5036 τούτοις
1352 4970 1662 5043 χρώμενος,
1698 4967 1767 5023 τὰ
1796 4965 1969 5021 πλείω

2063 3781 2276 3830 Sextam
2309 3770 2709 3826 mcumenicam
2750 3764 3024 3837 synodum
3075 3777 3136 3819 se
3182 3759 3440 3823 armavit,
3494 3756 3645 3812 indi-'-

2063 3874 2265 3934 ctoque
2314 3862 2554 3917 concilio
2597 3860 2766 3915 homo
2813 3872 3026 3921 vanus,
3074 3864 3341 3925 quantum
3408 3850 3465 3905 in
3524 3849 3645 3920 ipso

2064 3954 2188 4019 fuit,
2220 3967 2434 4008 sacram
2462 3951 2609 4005 illam
2636 3947 2909 4021 synodum
2943 3944 3248 4016 abrogavit.
3274 3942 3413 3998 Nam
3462 3939 3646 4022 Leon-

2065 4045 2143 4101 tio
2171 4056 2366 4099 recens
2398 4052 2680 4112 sceptrum
2721 4040 2961 4109 adepto,
3005 4036 3183 4092 fertur
3221 4034 3470 4089 inclusus
3514 4030 3643 4102 qui-

2064 4138 2189 4193 dam
2221 4135 2528 4191 monachus
2559 4134 2615 4189 in
2654 4131 2952 4190 Callistrati
2989 4127 3364 4191 monasterio,
3392 4124 3488 4196 qui
3526 4123 3644 4178 Mo-

2065 4229 2464 4286 notlielitarum
2524 4237 2731 4283 sectam
2792 4224 3094 4295 probaret,
3148 4219 3282 4276 huic
3338 4215 3647 4287 Philippico

2065 4324 2221 4397 regni
2256 4322 2604 4394 adeptionem
2658 4320 3015 4392 praedixisse,
3053 4317 3284 4389 ejusque
3334 4309 3650 4383 praedictio-

2068 4418 2155 4473 nis
2181 4415 2490 4473 mercedem
2527 4423 2695 4470 sexta:
2721 4412 2919 4484 synodi
2953 4408 3366 4480 abrogationem
3417 4400 3650 4473 stipula.

2070 4518 2180 4574 tus,
2211 4518 2268 4564 et
2315 4507 2407 4563 hic
2441 4506 2720 4578 pollicitus
2765 4519 2911 4560 esse.
2960 4503 3037 4557 Ac
3088 4506 3300 4556 sextam
3339 4495 3455 4566 98
3493 4506 3649 4549 mcu-

2070 4600 2337 4656 menicam
2368 4597 2637 4669 synodum
2658 4593 2967 4662 abrogavit,
2995 4600 3055 4647 ut
3080 4589 3330 4661 putabat.
3350 4585 3489 4642 Cum
3515 4596 3648 4638 vero

2073 4709 2304 4751 acervos
2356 4696 2719 4764 pecunlarum
2782 4703 2814 4744 a
2878 4684 3165 4742 veteribus
3222 4674 3652 4751 imperatoribus

2072 4787 2386 4843 cumulatos
2452 4784 2509 4839 in
2561 4782 2710 4853 regia
2759 4780 3089 4851 repet-isset,
3123 4774 3389 4847 majorem
3434 4777 3648 4840 partem

2071 4879 2130 4934 in
2188 4877 2369 4933 nullos
2435 4889 2569 4930 usus
2638 4870 2985 4929 necessarios
3041 4867 3299 4924 collatam
3366 4854 3654 4927 dissipavit

2073 4971 2275 5043 exiguo
2302 4979 2551 5040 tempore
2594 4986 2608 5023 :
2641 4982 2707 5022 ac
2734 4978 2956 5021 omnem
2998 4959 3185 5017 forsan
3211 4954 3652 5027 absumpsisset,

382 5042 738 5141 διεσκόρπισε
799 5066 889 5120 διὰ
953 5066 1186 5138 βραχέος
1231 5042 1470 5133 καιροῦ·
1524 5062 1618 5116 καὶ
1668 5061 1811 5131 τάχα
1875 5077 1949 5115 κα

2077 5065 2123 5120 si
2181 5042 2391 5129 diutius
2442 5058 2738 5131 imperium
2787 5054 3071 5117 tenuisset,
3126 5051 3263 5106 Nam
3312 5048 3369 5102 in
3417 5042 3653 5100 dicendo

385 5166 606 5220 ἅπαντα
633 5162 1024 5232 κατηνάλωσεν
1080 5160 1170 5228 ἂν,
1209 5160 1259 5212 εί
1305 5159 1400 5213 ἐπὶ
1434 5158 1596 5213 πλέον
1625 5159 1693 5229 τῇ
1720 5155 1969 5227 βασιλείᾳ

385 5257 779 5327 προσέμεινεν.
818 5254 910 5308 Ἐν
937 5252 1038 5323 μὲν
1067 5252 1178 5323 γὰρ
1201 5250 1281 5321 τῷ
1303 5251 1486 5317 λέγειν
1528 5250 1707 5303 ἐδόκει
1743 5251 1968 5320 ῥητορι-

387 5347 654 5413 κώτατος,
693 5347 768 5419 μὴ
798 5344 1049 5416 ἀμοιρῶν
1078 5360 1140 5397 τε
1173 5343 1442 5405 συνέσεως
1463 5358 1478 5374 ο
1511 5343 1569 5397 ὲν
1592 5341 1651 5395 δὲ
1685 5340 1761 5411 τῷ
1796 5339 1973 5411 πράτ-

386 5457 504 5492 τειν
550 5435 619 5510 ἦν
688 5438 1022 5509 ξυμπάντων
1079 5434 1534 5497 ἀσυνετώτατος,
1591 5434 1686 5487 καὶ
1737 5433 1973 5502 πάμπαν

388 5532 619 5601 ἀδέξιος.
669 5530 854 5604 Κῦρον
887 5530 944 5584 δὲ
991 5529 1085 5584 τὸν
1117 5526 1470 5598 πατριάρχην
1516 5525 1805 5596 ἐξωθὴσας
1860 5522 1973 5595 (40)

2068 5153 2293 5227 quidem
2345 5151 2754 5208 disertissimus
2801 5146 3146 5209 habebatur,
3200 5155 3308 5195 nec
3345 5134 3656 5208 prudentia:

2069 5225 2266 5317 expers
2317 5263 2331 5300 :
2381 5243 2454 5299 ad
2508 5258 2598 5298 res
2654 5248 2838 5296 autem
2900 5234 3173 5309 gerendas
3239 5241 3361 5288 erat
3404 5225 3652 5283 omnium

2069 5339 2474 5410 ineptissimns,
2528 5344 2584 5391 et
2640 5331 2860 5404 ingenio
2920 5330 3083 5400 plane
3141 5324 3389 5381 sinistro.
3446 5320 3652 5392 Cyrum

2070 5431 2442 5504 patriarcham
2476 5425 2719 5482 Ecclesia
2740 5465 2754 5490 ,
2787 5437 2951 5493 quam
2978 5434 3078 5491 per
3117 5432 3212 5473 sex
3245 5429 3422 5471 annos
3457 5422 3653 5467 tenue-

2078 5534 2183 5591 rat,
2229 5523 2433 5593 exegit,
2484 5529 2541 5576 et
2569 5518 2835 5577 Joannem
2887 5525 3234 5570 assensorem
3281 5521 3443 5564 suum
3491 5505 3550 5560 in
3585 5516 3653 5559 ea

1578 5658 1781 5722 Varia:
1826 5658 2133 5721 lectiones
2176 5662 2237 5718 et
2281 5660 2471 5715 notae.

462 5792 575 5865 (40)
603 5792 974 5859 Ἐξωθ-ήσας.
1003 5788 1573 5865 ιαῇιιθηυεᾲεγηοὸἰους
1599 5786 1767 5865 P_appi
1811 5801 1837 5865 :_
1857 5784 1966 5865 καὶ

392 5857 484 5917 τὸν
520 5857 949 5934 ἀρχιεπίσκοπον
987 5863 1172 5933 Κῦρον
1216 5857 1470 5932 ἐξέωσεν,
1506 5862 1561 5912 ὲν
1590 5861 1653 5929 τῇ
1707 5858 1842 5927 μονῇ
1872 5857 1970 5924 τῆς

2076 5778 2278 5847 Χώρας
2315 5776 2552 5842 ποιήσας
2592 5773 2755 5847 αὐτὸν
2797 5770 3138 5841 έγκλεισιον,
3176 5764 3273 5820 καὶ
3313 5760 3428 5817 ἀντ’
3483 5757 3652 5815 αὐτοῦ

2080 5850 2337 5921 Ἰωάννην
2369 5846 2798 5918 ἐχειροτόνησεν.
