4068 6390
562 353 701 424 1315

1861 347 2181 412 JOANNIS
2217 345 2539 408 ZONARAE

3686 346 3816 410 1316

552 475 715 538 riam,
739 484 902 546 atque
939 474 1068 532 inde
1103 491 1212 531 una
1258 490 1385 532 eum
1422 475 1748 546 parentibus
1785 474 1853 529 ab
1894 474 2118 542 impera

2245 465 2338 517 θεν
2375 465 2434 518 δέ
2477 461 2844 536 μετοικισθεὶς
2876 463 3017 534 μετά
3068 462 3178 517 τῶν
3201 463 3480 517 τεκόντων
3529 465 3677 534 παρά
3725 466 3813 519 τοῦ

553 578 674 622 tore
706 568 1055 636 Iustiniano,
1087 579 1382 641 antequam
1435 570 1669 639 imperio
1717 569 1931 640 ejectus
1979 569 2136 638 100

552 669 724 723 esset,
762 661 1082 726 translatus,
1113 662 1455 718 Mesembria:
1499 660 1749 716 Thraciae
1784 661 1920 715 urbe
1966 662 2136 714 vitam

550 749 682 820 egit.
732 751 897 804 Pulso
951 760 1134 806 autem
1188 753 1527 818 Iustiniano,
1583 761 1640 807 et
1690 768 1719 806 a
1770 751 2024 822 Bulgaris
2079 751 2134 807 in

553 857 782 910 regnum
821 842 1161 908 reducendo,
1196 861 1521 916 progressus
1551 845 1794 911 obviam,
1819 845 1870 900 ci
1905 861 2134 900 munera

550 934 758 990 obtulit
812 952 826 988 :
887 952 1063 1007 eaque
1129 937 1197 992 de
1250 953 1412 993 causa
1482 938 1746 1008 spatbarii
1809 937 2134 1009 dignitatem

549 1027 734 1080 statim
769 1036 853 1082 est
879 1039 1250 1095 consecutus,
1279 1039 1364 1096 et,
1413 1039 1741 1100 recuperato
1787 1031 1856 1084 ab
1894 1031 1984 1085 illo
2037 1030 2137 1085 im-

549 1115 730 1185 perio,
760 1119 882 1188 ejus
917 1117 1293 1173 familiaritate
1323 1133 1476 1173 usus.
1511 1119 1720 1174 Deinde
1773 1118 1840 1172 ad
1889 1118 2093 1172 Alanos
2116 1159 2132 1185 ,

549 1208 665 1262 sive
695 1208 936 1263 Albanos
986 1209 1102 1280 (sic
1125 1210 1271 1264 enim
1299 1220 1569 1264 vocantur
1591 1225 1622 1266 a
1648 1209 1966 1281 veteribus)
1999 1209 2134 1264 mis-

548 1315 644 1354 sus
680 1309 786 1365 est,
814 1311 874 1356 ut
921 1317 1018 1358 eos
1067 1312 1261 1357 contra
1317 1303 1586 1374 Abasgos,
1635 1303 1730 1374 qui
1787 1320 1818 1359 a
1873 1305 2134 1360 Romanis

546 1392 888 1457 defecerant,
921 1396 1245 1451 concitaret.
1274 1395 1551 1451 Parebant
1580 1405 1766 1453 autem
1790 1435 1806 1462 ,
1850 1406 1912 1453 ut
1948 1396 2130 1454 Caesa-

543 1485 744 1541 riensis
769 1488 1069 1558 Procopius
1098 1489 1288 1554 refert,
1325 1490 1544 1546 duobus
1587 1490 1704 1545 suis
1732 1489 2090 1561 popularibus
2111 1531 2128 1557 ,

543 1595 780 1648 quorum
842 1580 980 1634 alter
1050 1589 1262 1650 partem
1310 1583 1673 1649 orientalem,
1730 1583 2129 1639 occidentalem

542 1671 682 1726 alter
713 1672 1080 1742 gubernabat.
1103 1673 1346 1744 Uterque
1379 1690 1545 1745 porro
1577 1683 1792 1745 gentem
1811 1690 1876 1730 ex
1898 1676 2127 1730 avaritia

545 1763 692 1818 male
734 1765 1023 1819 tractabat.
1059 1765 1194 1819 Nam
1227 1781 1586 1837 quoscunque
1619 1783 1822 1838 pueros
1857 1768 2128 1823 formosos

543 1864 599 1909 et
619 1857 946 1925 corporibus
962 1858 1305 1927 elegantibus
1327 1858 1700 1925 inveniebant,
1720 1874 1817 1915 eos
1843 1860 1888 1914 vi
1919 1876 2122 1930 paren-

546 1950 696 2005 tibus
723 1960 947 2020 ereptos
999 1959 1399 2022 castratosque,
1448 1952 1710 2008 Romanis
1739 1954 2121 2009 eunucborum

545 2057 733 2097 amore
784 2058 1002 2113 semper
1059 2043 1331 2109 attonitis,
1389 2060 1582 2114 magna
1633 2045 1864 2114 pecunia
1912 2045 2120 2101 vende-

542 2134 716 2198 bant,
767 2149 1074 2204 eorumque
1132 2144 1317 2206 patres
1368 2137 1730 2197 occidebant.
1781 2152 1850 2192 ne
1901 2139 2123 2208 quando

540 2235 771 2296 propter
798 2225 940 2282 filios
970 2227 1120 2292 irati,
1147 2228 1477 2284 seditionem
1510 2238 1818 2284 moverent.
1856 2230 1989 2284 Erat
2019 2231 2121 2301 igi-

532 2324 636 2369 tur
688 2315 834 2385 apud
894 2317 1142 2389 Abasgos
1205 2317 1438 2374 filiolum
1501 2321 1793 2390 pulchrum
1864 2321 2120 2392 genuisse

543 2407 842 2461 maximum
905 2408 1312 2478 infortunium,
1372 2426 1495 2467 eam
1546 2412 1874 2482 elegantiam
1940 2423 2120 2470 morte

540 2497 780 2555 luentes.
813 2502 892 2557 Ac
918 2501 1120 2574 Abasgi
1153 2503 1235 2560 sic
1285 2519 1316 2558 a
1374 2504 1490 2560 suis
1529 2505 1946 2576 magistratibus
1991 2515 2118 2561 tra-

539 2590 852 2647 ctabantur.
893 2591 1238 2649 Iustinianus
1282 2602 1468 2650 autem
1516 2595 1768 2666 primus,
1816 2596 1985 2652 misso
2049 2597 2118 2652 ad

537 2696 634 2736 eos
662 2683 1018 2753 imperatorio
1056 2685 1314 2742 eunucho
1343 2687 1604 2758 quodam,
1642 2702 1836 2744 eorum
1863 2689 2118 2759 populari

540 2773 734 2844 (multi
787 2776 936 2831 enim
982 2777 1118 2834 tales
1153 2778 1209 2833 in
1245 2777 1492 2834 Romana
1523 2779 1678 2836 curia
1705 2781 2113 2853 versabantur)

538 2866 957 2937 magistratibus
982 2883 1180 2925 eorum
1213 2870 1521 2935 interdixit,
1556 2886 1626 2927 ne
1652 2887 1816 2942 quem
1843 2873 1896 2927 in
1928 2881 2115 2942 poste-

536 2975 661 3014 rum
707 2961 942 3017 invitum
990 2972 1298 3019 castrarcnt
1331 2983 1345 3020 :
1382 2973 1643 3035 capturos
1680 2966 1829 3021 enim
1869 2966 2116 3022 laborem

535 3050 779 3118 inanem,
837 3053 1061 3110 nemine
1127 3052 1504 3110 Romanorum
1571 3063 1840 3112 castratos
1917 3071 2112 3112 eorum

2243 557 2511 627 βασιλέως
2572 555 2974 619 Ίουστινιανοῦ,
3010 556 3189 626 -μήπω
3229 556 3327 625 τῆς
3357 555 3532 626 ἀρχῆς
3561 557 3818 619 ἐξωσθὲνο

2240 667 2356 713 τος,
2407 651 2466 702 ἐν
2500 647 2838 718 Μεσημϐρίᾳ
2893 650 2960 718 τῇ
2990 647 3238 718 Θρακικῇ
3271 648 3538 719 πεποίητο
3574 647 3670 711 τὰς
3713 648 3821 702 διι-

2234 741 2458 814 τριϐἀς.
2517 739 2957 810 Καθαιρεθέντος
3005 739 3062 792 δέ
3110 738 3205 792 τοῦ
3278 738 3664 792 ’Ῑουστινιανοῦ
3715 743 3812 811 τῆς

2241 832 2448 903 ἀρχῆς,
2475 826 2596 885 εἶτα
2626 829 3074 902 ἐπανερχομένου
3117 829 3257 899 μετά
3293 829 3622 900 Βουλγάρων
3655 832 3734 892 εἰς
3758 831 3816 884 τὸ

2235 926 2334 994 τὴν
2365 923 2642 992 βασιλείαν
2669 920 2826 987 αὖθις
2865 922 3179 988 ἀναλαϐεῖν,
3225 924 3253 976 6
3288 922 3440 975 Λέων
3503 923 3816 994 ἀπαντήσας
3892 977 3898 981 ,

2235 1016 2388 1082 αὐτῷ
2418 1016 2570 1086 δῶρα
2603 1015 3004 1086 προσήνεγκεν.
3041 1015 3151 1069 Καὶ
3189 1016 3217 1068 6
3247 1013 3630 1077 Ἰούστινιανδς
3684 1029 3816 1067 σπα-

2237 1109 2427 1178 Θάριον
2483 1108 2646 1162 αὑτὸν
2714 1107 2917 1161 αὐτίκα
2957 1106 3208 1177 ἐτίμησε,
3261 1107 3356 1159 καὶ
3395 1105 3726 1176 βασιλεύσας
3761 1106 3816 1158 τὸ

2234 1200 2514 1272 δεύτερον,
2583 1201 2750 1256 αὑτὸν
2803 1201 3147 1272 ᾠκειώσατο.
3202 1193 3337 1253 Εἶτα
3405 1198 3640 1252 ἔσταλτο
3691 1198 3813 1270 παρ’

2234 1293 2401 1348 αὐτοῦ
2447 1293 2586 1366 πρὸς
2628 1294 2754 1357 τοὺς
2799 1293 3059 1357 Ἀλανοὺς
3087 1292 3197 1364 (45)
3231 1292 3264 1364 ἢ
3307 1291 3608 1356 ’Λλὸανοῦς
3659 1291 3812 1364 (οὕτω

2235 1388 2344 1457 γὰρ
2374 1389 2488 1451 τοῖς
2531 1386 2784 1450 παλαιοῖς
2832 1385 3243 1456 ὀνομάζονται),
3277 1384 3503 1438 ἔσταλτο
3535 1385 3595 1438 δὲ
3639 1402 3813 1455 συγκι-

2235 1482 2421 1551 νήσων
2449 1479 2650 1543 αὐτοὺς
2677 1478 2822 1532 κατά
2843 1479 2954 1532 τῶν
2999 1477 3308 1546 Ἀϐασγῶν,
3336 1478 3695 1532 ἀποστάντων
3724 1480 3812 1548 τῆς

2245 1572 2534 1642 Ῥωμαίων
2571 1569 2768 1642 ἀρχῆς.
2804 1569 2869 1624 Οί
2924 1569 3032 1642 γὰρ
3072 1569 3356 1637 Ἀϐασγοὶ,
3426 1568 3501 1632 ὡς
3537 1570 3566 1622 6
3613 1571 3813 1624 Καισαρ

2234 1665 2364 1736 ρεὺς
2413 1665 2722 1735 Προκόπιος
2751 1664 2977 1735 ἱστορεῖ,
3019 1663 3167 1716 δυοῖν
3191 1663 3488 1733 ὁμοφύλοιν
3504 1657 3650 1734 ἦσαν
3680 1664 3812 1734 ὑπή-

2232 1776 2371 1824 κοοι,
2407 1757 2483 1830 τῷ
2526 1758 2628 1829 μέν
2665 1758 2963 1829 κρατοῦντι
3007 1756 3110 1828 τῆς
3142 1758 3280 1829 πρὸς
3331 1757 3625 1829 ἀνίσχοντα
3666 1757 3811 1830 ἥλιον

2233 1851 2434 1923 μοίρας
2459 1851 2662 1916 αὐτῶν,
2687 1850 2764 1922 τῷ
2791 1849 2848 1904 δὲ
2872 1851 2972 1921 τῆς
2991 1851 3382 1923 τετραμμένης
3405 1851 3546 1922 πρὸς
3566 1851 3808 1906 δύνοντα.

2230 1946 2342 1998 Καὶ
2417 1944 2588 2014 ἄμφω
2646 1943 2706 1996 δὲ
2771 1943 2950 1997 τούτω
3021 1944 3099 1998 τὼ
3131 1945 3362 2017 ἄρχοντε
3392 1943 3497 1997 ὑπὸ
3553 1943 3809 2014 φιλοχρη-

2231 2035 2429 2106 ματίας
2456 2035 2642 2099 κακῶς
2673 2035 2914 2106 ἐχρῶντο
2937 2035 3015 2106 τῷ
3033 2036 3196 2089 ἔθνει·
3217 2038 3375 2098 ὅσους
3392 2036 3500 2106 γάρ
3525 2035 3594 2090 ἂν
3623 2036 3810 2098 παῖδας

2225 2129 2480 2200 εὕρισκον
2500 2127 2760 2200 ὡραίους,
2785 2128 2884 2182 κα)⁵
2905 2128 2966 2180 τὸ
2985 2123 3124 2192 εἶδος
3149 2127 3371 2195 καλοὺς,
3405 2129 3500 2182 καὶ
3525 2127 3627 2200 τὴν
3648 2128 3805 2196 ἄλλην

2223 2220 2320 2273 τοῦ
2355 2219 2607 2290 σώματος
2643 2220 2809 2290 φύσιν
2838 2219 3071 2286 δεξιοὺς,
3104 2219 3198 2291 βία
3230 2220 3342 2274 τῶν
3383 2221 3594 2274 τοκέων
3647 2219 3806 2288 ἀφέλ-

2226 2329 2438 2377 κοντες,
2478 2311 2574 2364 xat
2624 2310 2735 2364 τῶν
2774 2310 3113 2380 παιδογόνων
3141 2311 3349 2382 μορίων
3391 2311 3602 2384 σιδήρῳ
3631 2308 3804 2382 στερί-

2229 2421 2472 2470 σκοντες,
2505 2403 2752 2468 ἐκείνους
2783 2403 2883 2474 μὲν
2927 2404 3142 2458 πολλῶν
3169 2405 3472 2477 χρημάτων
3512 2405 3805 2476 Ῥωμαίοις

2224 2499 2591 2566 ἐπίπρασκον,
2621 2499 2754 2568 περὶ
2782 2497 2911 2560 τοῦς
2955 2497 3216 2568 ἐκτομίας
3285 2499 3656 2568 ἐπτοημέν“οις
3699 2497 3800 2552 ἀεί·

2219 2587 2348 2650 τοὺς
2368 2587 2424 2640 δέ
2453 2585 2664 2640 τούτων
2697 2585 2945 2656 πατέρας
2976 2586 3142 2648 εὐθὺς
3171 2585 3434 2650 ἔκτεινον,
3459 2586 3551 2640 ἵνα
3586 2588 3660 2658 μή
3680 2601 3801 2639 ποτε

2224 2679 2532 2751 μηνιῶντες
2589 2678 2680 2731 διά
2743 2678 2874 2740 τοὺς
2939 2677 3161 2745 παῖδας,
3223 2677 3632 2748 βουλεύσωνται
3689 2679 3802 2733 κατ’

2223 2770 2406 2824 αὐτῶν
2453 2769 2848 2824 ἐπανάστασιν.
2895 2771 3010 2824 Καὶ
3037 2764 3106 2841 ἦν
3137 2769 3292 2840 παρὰ
3350 2772 3464 2834 τοῖς
3523 2771 3803 2841 Ἀὁασγοῖς

2219 2861 2282 2916 τὺ
2336 2863 2508 2916 παῖδα
2564 2864 2747 2916 τεκεῖν
2796 2860 3003 2930 ἀγαθὸν
3035 2862 3135 2931 τὴν
3185 2862 3316 2932 ὄψιν
3357 2862 3685 2936 δυστύχημα
3713 2864 3802 2934 μέ-

2217 2971 2429 3024 γιστον,
2463 2956 2562 3024 τῆς
2613 2953 2723 3007 τῶν
2757 2952 2971 3006 παίδων
3009 2953 3347 3024 εὐπρεπείας
3385 2954 3803 3026 ἀλλασσομένοις

2219 3047 2312 3100 τὸν
2335 3046 2586 3100 θάνατον.
2627 3043 2736 3098 Καὶ
2767 3043 2912 3097 οὕτω
2949 3045 3049 3115 μὲν
3083 3049 3198 3110 τοῖς
3233 3045 3530 3114 Ἀϐασγοῖς
3567 3049 3616 3102 οἱ
3649 3049 3796 3118 σφῶν

535 3156 812 3216 empturo.
841 3147 956 3202 Hoc
981 3147 1178 3219 Abasgi
1211 3148 1564 3219 cupidissime
1589 3159 1960 3219 acceperunt,
1995 3150 2118 3206 edi-

2223 3138 2635 3210 προσεφέροντο
2669 3136 2954 3207 ἄρχοντες.
3004 3136 3380 3202 ’1ουστινιανὸς
3423 3139 3503 3205 δέ,
3538 3143 3568 3195 ὁ
3595 3142 3801 3213 πρῶτος

535 3245 733 3308 ctoque
794 3238 1150 3310 imperatoris
1201 3241 1579 3296 Romanorum
1639 3240 1801 3308 freti,
1855 3242 2115 3313 deinceps

535 3331 953 3401 magistratibus
984 3331 1101 3386 suis
1139 3332 1196 3386 in
1227 3346 1292 3387 ea
1323 3348 1383 3388 re
1424 3348 1534 3388 non
1561 3343 1884 3401 cesserunt,
1915 3336 2009 3405 qui
2060 3345 2116 3392 et

534 3420 640 3489 ipsi
676 3421 788 3492 jam
843 3423 1128 3492 segniores
1173 3423 1242 3477 ad
1293 3422 1348 3478 id
1409 3423 1622 3480 facinus
1671 3436 1832 3482 erant
1890 3429 2112 3484 redditi.

537 3509 666 3565 Post
693 3511 893 3578 etiam,
928 3513 1151 3583 utrique
1191 3514 1514 3585 magistratu
1547 3516 1810 3587 abrogato
1837 3556 1850 3582 ,
1881 3519 1998 3576 suis
2029 3523 2111 3574 vi-

534 3617 667 3657 vere
699 3602 914 3672 legibus
941 3603 1259 3671 voluerunt,
1303 3619 1430 3660 cum
1457 3605 1526 3660 ad
1579 3606 1634 3661 id
1671 3623 1845 3678 usque
1897 3618 2115 3681 tempus

531 3692 866 3752 Christianae
923 3694 1209 3766 religionis
1251 3696 1420 3752 rudes
1468 3708 1678 3766 essent,
1743 3709 1799 3756 et
1848 3701 2006 3758 lucos
2051 3720 2114 3760 ac

537 3784 707 3840 silvas
740 3797 1162 3852 venerarentur,
1193 3794 1250 3843 et
1280 3788 1508 3845 arbores
1526 3789 1816 3848 barbarica
1843 3792 2112 3865 simplici-

542 3885 656 3931 tate
688 3892 788 3946 pro
818 3877 925 3934 diis
955 3877 1243 3936 haberent.
1277 3881 1384 3937 Sed
1416 3882 1733 3940 Iustiniano
1762 3887 1948 3943 studio
1985 3888 2109 3956 fuit,

532 3981 630 4022 eos
656 3971 724 4022 ad
755 3967 1020 4037 pietatem
1055 3970 1366 4038 traducere,
1410 3973 1704 4046 missisque
1748 3979 1923 4033 sacris
1957 3978 2111 4047 viris,

535 4059 632 4114 Dei
692 4061 1007 4130 cognitione
1069 4062 1334 4120 barbaros
1393 4065 1592 4122 imbuit
1657 4086 1672 4124 :
1725 4081 2113 4143 exstructaque

534 4152 796 4222 praeclara
845 4154 960 4208 aede
999 4151 1266 4224 Deiparze,
1300 4165 1356 4212 et
1386 4158 1771 4216 sacerdotibus
1806 4163 1861 4215 in
1911 4179 1976 4220 ca
2003 4167 2116 4220 col-

534 4244 726 4299 locatis
749 4285 763 4308 ,
797 4260 892 4300 eos
921 4261 950 4300 a
973 4247 1084 4301 vita
1119 4247 1275 4317 plane
1307 4249 1594 4307 barbarica
1626 4253 1693 4308 ad
1725 4269 1907 4311 mores
1950 4255 2114 4312 Chri-

534 4334 840 4390 stianorum
914 4337 1176 4393 traduxit.
1257 4339 1336 4394 Ex
1399 4356 1464 4396 eo
1527 4344 1733 4399 nemini
1791 4349 2115 4418 parentibus

533 4424 784 4496 Abasgis,
807 4427 1167 4506 imperatores
1189 4430 1418 4486 Romani
1444 4434 1798 4504 magistratus
1821 4437 2108 4506 miserunt,

535 4530 565 4569 a
607 4517 809 4586 quibus
858 4532 948 4572 res
991 4503 1556 4576 administrabantur.
1599 4524 1704 4590 Qui
1753 4541 1878 4581 cum
1923 4503 2113 4600 injurii

533 4617 738 4674 essent,
772 4623 836 4664 ac
866 4610 1130 4680 populum
1164 4612 1446 4669 crudelius
1477 4621 1800 4684 tractarent,
1831 4618 1993 4674 veriti
2043 4637 2114 4678 ne

535 4713 764 4769 prorsus
799 4700 951 4769 101
989 4701 1043 4756 in
1072 4703 1392 4760 servitutem
1421 4721 1452 4760 a
1487 4707 1746 4764 Romanis
1796 4711 2114 4783 redigeren-

539 4801 649 4854 tur,
679 4787 1036 4856 defecerunt,
1073 4806 1256 4861 neque
1299 4795 1536 4864 amplius
1581 4800 1960 4870 magistratum
2006 4805 2116 4861 Ro-

538 4893 827 4933 manorum
851 4879 1215 4936 admiserunt.
1247 4883 1320 4937 Ea
1357 4885 1425 4939 de
1461 4901 1625 4944 causa
1657 4889 2034 4959 Iustinianus,
2071 4897 2115 4953 is

535 4970 632 5042 qui
660 4986 792 5027 naso
821 4973 1105 5028 mutilatus
1133 4971 1255 5037 fuit,
1284 4989 1379 5031 eos
1405 4978 1652 5047 ulturus,
1703 4982 1946 5041 Leonem
1979 5003 2108 5057 spa-

537 5060 776 5116 tbarium
815 5061 883 5116 ad
924 5062 1127 5118 Alanos
1166 5063 1336 5118 mittit
1376 5081 1501 5120 cum
1552 5070 1788 5127 maxima
1836 5077 2112 5144 pecunia,

537 5162 598 5208 ut
629 5169 726 5209 eos
754 5163 944 5210 contra
986 5154 1252 5210 finitimos
1290 5157 1534 5229 Abasgos
1577 5175 1835 5220 armaret.
1872 5166 1950 5221 Eo
1987 5183 2112 5237 pro-

536 5245 716 5302 fectus
748 5245 880 5313 Leo,
916 5255 972 5303 et
998 5247 1203 5301 multos
1243 5245 1316 5300 ibi
1343 5263 1514 5307 annos
1553 5265 1956 5322 commoratus,
1989 5272 2109 5314 sero

2221 3230 2436 3292 στείλας
2457 3229 2590 3300 παρ’
2613 3229 2798 3292 αὐτοῖς
2819 3229 2915 3282 ἕνα
2933 3228 3044 3281 τῶν
3070 3231 3127 3282 ἐν
3157 3233 3273 3294 τοῖς
3295 3230 3594 3301 βασιλείοις
3614 3235 3800 3287 εὐνού-

2217 3339 2350 3394 χων,
2379 3322 2566 3390 σφίσιν
2585 3321 2823 3392 ὁμογενῆ
2855 3320 3064 3390 (πολλοὶ
3089 3323 3200 3393 γὰρ
3231 3322 3365 3393 περὶ
3381 3323 3452 3377 τὰ
3507 3325 3800 3396 Ῥωμαίων

2215 3415 2410 3484 ἀρχεῖα
2431 3413 2665 3466 τοιοῦτοι
2695 3413 3038 3484 ἐτρέφοντο),
3082 3413 3286 3467 ἀπεῖπε
3306 3418 3417 3478 τοῖς
3437 3417 3673 3487 ἡγεμόσι
3697 3419 3800 3470 τῶν

2232 3505 2516 3572 Ἀὀασγῶν
2543 3505 2744 3577 μηκέτι
2773 3505 2982 3575 μηδένα
3034 3505 3134 3577 τὴν
3156 3507 3510 3578 ἀρῥενωπίαν
3548 3513 3802 3580 ἐκτέμνε-

2219 3599 2342 3653 σθαι
2375 3597 2700 3669 βιαζόμενον
2723 3613 2740 3631 ·
2771 3598 3120 3670 τελευτήσειν
3149 3601 3258 3670 γάρ
3280 3599 3384 3672 τὴν
3403 3603 3606 3671 πρᾶξιν
3619 3605 3797 3666 αἰτοῖς

2215 3693 2296 3755 είς
2317 3690 2493 3755 κενὸν,
2514 3688 2741 3760 μηδενὸς
2765 3688 3056 3760 Ῥωμαίων
3077 3691 3345 3762 πρίασθαι
3400 3693 3800 3767 βουλησομένου

2214 3785 2339 3848 τοὺς
2390 3781 2656 3853 ἐκτομίας
2697 3781 2903 3836 αὐτῶν.
2934 3781 3107 3836 Τοῦτο
3138 3785 3253 3848 τοῖς
3295 3785 3588 3855 Ἀϐασγοῖς
3627 3791 3798 3858 ἀσμε.

2215 3878 2449 3930 νέστατα
2483 3874 2898 3946 προσεδέδεκτο,
2925 3876 3018 3930 καὶ
3045 3878 3115 3947 τῇ
3144 3877 3381 3950 ἐπιταγῇ
3410 3879 3507 3932 τοῦ
3531 3879 3794 3951 βασιλέως

2229 3967 2521 4040 Ῥωμαίων
2567 3965 2971 4038 θαρρήσαντες,
3004 3967 3101 4021 τοῦ
3154 3967 3347 4023 λοιποῦ
3396 3970 3538 4040 πρὸς
3569 3972 3795 4044 τοῦργον

2214 4062 2375 4116 τοῦτο
2409 4063 2522 4126 τοῖς
2551 4060 2810 4132 ἄρχουσιν
2840 4059 3019 4113 αὐτῶν
3047 4058 3144 4131 οὐχ
3182 4061 3521 4128 ὑπέκυπτον,
3554 4065 3796 4119 κάκεῖνα

2213 4155 2270 4209 δέ
2324 4153 2462 4226 πρὸς
2532 4153 2638 4224 τὴν
2672 4152 2874 4224 πρᾶξιν
2918 4147 3065 4224 ἦσαν
3121 4153 3468 4225 νωθέστεροι.
3522 4152 3658 4210 Εἶτα
3703 4157 3794 4210 καὶ

2213 4248 2383 4317 ἄμφω
2439 4244 2568 4307 τοὺς
2623 4242 2803 4297 αὐτῶν
2857 4242 3138 4315 ἀρχηγοὺς
3186 4245 3528 4315 καθελόντες,
3603 4249 3793 4319 ἢθελεν

2217 4336 2490 4410 βιοτεύειν
2547 4335 2862 4405 αὐτόνομοι.
2915 4335 3097 4406 Μέχρι
3163 4336 3349 4406 μέντοι
3389 4338 3515 4393 τότε
3558 4341 3651 4394 καὶ
3696 4341 3792 4410 τῆς

2214 4429 2322 4482 τῶν
2371 4426 2719 4499 Χριστιανῶν
2749 4426 3049 4497 θρησκείας
3078 4423 3221 4498 ἦσαν
3248 4429 3508 4501 ἀμύητοι,
3559 4433 3696 4503 ἄλση
3737 4432 3790 4485 δὲ

2217 4525 2312 4577 καὶ
2345 4521 2477 4586 ὕλας
2509 4519 2762 4574 ἐσέϐοντο
2791 4520 2888 4574 καὶ
2906 4520 2974 4574 τὰ
2993 4519 3186 4592 δένδρα
3216 4522 3426 4588 τούτοις
3455 4524 3516 4590 ἐξ
3535 4525 3789 4596 ἀφελείας

2209 4613 2553 4686 βαρϐαρικῆς
2586 4613 2668 4676 είς
2719 4611 2879 4676 θεοὺς
2926 4613 3263 4684 ἐνομίζοντο.
3332 4617 3708 4683 Ἰουστινιανδς
3735 4618 3789 4672 δὲ

2211 4707 2528 4778 μεταθεῖναι
2564 4705 2710 4775 σφᾶς
2749 4705 2886 4776 πρὸς
2918 4704 3212 4760 εὐσέϐειαν
3247 4707 3579 4780 σπούδασμα
3616 4709 3788 4773 ἔθετο,

2208 4801 2303 4855 καὶ
2334 4782 2554 4863 στείλας
2619 4799 2753 4869 παρ’
2788 4797 2976 4861 αὐτοῖς
3005 4797 3186 4868 ἱεροὺς
3232 4799 3460 4870 ἄνδρας,
3509 4801 3584 4856 δι’
3615 4802 3788 4856 αὐτᾶν

2212 4894 2292 4956 εἰς
2349 4892 2654 4960 ἐπίγνωσιν
2713 4889 2916 4954 αὐτοὺς
2972 4891 3281 4962 μετήνεγκε
3333 4892 3430 4947 τοῦ
3460 4894 3622 4949 Θεοῦ.
3663 4890 3788 4948 Εἶτα

2213 4987 2306 5039 καὶ
2341 4984 2484 5038 θεῖον
2519 4984 2579 5037 ἐν
2641 4982 2934 5050 Ἀὀασγοῖς
2963 4983 3066 5052 τῆς
3111 4983 3386 5040 Θεοτόκου
3419 4987 3676 5058 ἐδείματο
3702 4986 3786 5038 τέ·

2215 5094 2398 5148 μενος,
2434 5077 2529 5130 καὶ
2596 5076 2764 5146 ἱερεῖς
2809 5077 3198 5146 ἐγκατέστησε,
3251 5080 3347 5134 καὶ
3381 5079 3556 5144 οὕτως
3583 5083 3665 5144 εἰς
3693 5079 3782 5148 ἔθη

2213 5171 2284 5223 τὰ
2315 5172 2424 5224 τῶν
2459 5168 2808 5240 Χριστιανῶν
2835 5169 3036 5233 αὐτοὺς
3071 5171 3390 5241 μετήγαγεν
3419 5174 3484 5227 ἐκ
3505 5174 3618 5227 τῶν
3648 5173 3784 5226 πάνυ

2217 5262 2591 5335 βαρϐαρικῶν.
2640 5261 2924 5318 Ἐντεῦθεν
2969 5261 3059 5315 ὑπ’
3084 5264 3300 5330 οὐδενὸς
3331 5265 3652 5337 ἀρχομένων
3676 5264 3780 5319 τῶν

1735 5419 1940 5480 Variae
1971 5419 2277 5484 lectiones
2324 5429 2385 5484 et
2415 5431 2601 5488 notae.

538 5589 599 5656 n.‘
624 5571 713 5625 20.
747 5572 898 5652 ᾼέων
936 5569 1089 5656 οξτος
1135 5581 1163 5632 6
1195 5579 1255 5656 ἐξ
1295 5580 1556 5656 Ἰσαύρων
1669 5585 2002 5656 ἀποστάτης,
2034 5590 2105 5641 τὰ

543 5644 641 5726 μὲν
675 5644 866 5726 πρῶτα
914 5646 1302 5726 τοῦδεσπότου
1326 5644 1459 5726 καῖ’
1484 5653 1748 5726 βασιλέως
1787 5644 2100 5726 γενόμενος,

541 5712 636 5793 καὶ
661 5712 720 5793 τδ
750 5715 945 5793 κράτος
972 5718 1136 5793 αὑτοῦ
1173 5723 1265 5772 καὶ
1287 5722 1384 5790 τὴν
1409 5712 1587 5793 ,ἀρχὴν
1615 5712 1970 5793 ἀφελόμενος,
2002 5712 2103 5781 ούῖ

539 5779 758 5849 ἀνδρείᾳ.
801 5785 901 5854 (μὴ
947 5785 1158 5856 οίηθεέη
1202 5806 1282 5853 τις
1339 5779 1518 5846 τοῦτίῖ
1546 5779 1697 5865 ποτέ)
1751 5779 2018 5866 μηχαναῖς

2212 5591 2306 5664 καὶ
2339 5593 2513 5653 δόλοις
2543 5593 3025 5664 ὑποστησάμενος.
3708 5662 3754 5664 __
3822 5649 3826 5653 .

2292 5663 2396 5730 (i3)
2439 5665 2592 5728 Πρὸς
2634 5664 2777 5727 τοὺς
2824 5662 3130 5730 Ἀλανοὺς.
3166 5664 3331 5720 Addit
3372 5664 3507 5719 alter
3545 5678 3579 5720 e
3624 5662 3778 5720 codd.

2215 5732 2518 5797 Wollianis,
2553 5732 2644 5796 ιῦς
2677 5735 2968 5798 Ἀλὸανοὺς
2997 5738 3024 5788 6
3060 5739 3364 5804 ΙΙροκοπιος
3397 5736 3617 5806 γράφει.
