4068 6426
371 350 503 415 1317

1621 351 2020 412 ΑΝΝΑῌΗΜ
2066 352 2205 411 LiB.
2240 352 2365 412 XV.

3501 352 3639 418 1318

378 450 748 530 ἐὶϐασγῶν,οί
785 462 1023 531 βασιλεῖς
1069 460 1360 526 Ῥωμαίων
1384 459 1634 513 ἔστελλον
1666 460 1955 530 ἄρχονῖας,

2074 476 2314 530 egreque
2343 459 2529 524 rediit,
2560 474 2664 515 nec
2703 456 3018 514 Justiniano
3060 457 3283 512 invento
3337 462 3503 527 (nam
3548 482 3641 519 0c-

368 555 464 604 καὶ
496 553 590 605 ὑπ’
624 555 849 606 ἐκείνων
870 557 1053 618 αὐτοῖς
1085 555 1347 625 διῃτῶντο
1378 553 1446 605 τᾶι
1474 551 1799 622 πράγματα.
1832 553 1948 604 Χω-

371 644 659 715 ρησάντων
709 644 767 698 δὲ
816 646 927 700 τῶν
978 647 1352 715 στελλομένων
1423 647 1504 708 ἐίς
1555 645 1793 710 ἀδικίας,
1860 647 1955 699 καὶ

369 734 849 807 τυραννικώτερον
908 740 1212 808 χρωμένων
1266 738 1474 801 αὐτοῖς,
1538 736 1819 801 δείσαντες
1879 738 1954 807 μὴ

369 829 553 898 πάντη
583 826 898 881 δουλωθῶσι
930 828 1252 898 Ῥωμαίοις,
1277 828 1629 899 ἀφίστανται,
1654 831 1750 884 καὶ
1769 831 1955 885 οὐκέτι

367 919 617 990 δέχεσθαι
669 919 911 990 ἄρχοντα
952 917 1227 991 Ῥωμαῖον
1287 921 1595 976 ἐϐούλοντο.
1638 923 1739 977 Διὰ
1787 922 1957 976 τοῦτο

367 1010 627 1064 τίσασθαι
649 1011 820 1063 θέλων
855 1011 1054 1074 αὐτοὺς
1113 1015 1142 1064 ὁ
1193 1012 1517 1083 ρινότμητος
1553 1014 1953 1075 ’Ῑουστινιανὸς,

374 1103 590 1156 στέλλει
620 1102 712 1156 τὸν
765 1103 1075 1174 σπαοάριον
1108 1106 1316 1157 Λέοντα
1348 1104 1486 1176 πρὸς
1534 1110 1661 1170 τοὺς
1700 1106 1958 1168 ’Λλανοτις

373 1197 625 1267 χρήμασι
685 1196 966 1262 πλείστοις
1030 1198 1171 1251 κατὰ
1217 1198 1327 1251 τῶν
1400 1199 1685 1268 Ἀϐασγῶν
1740 1200 1960 1270 ὁμόρων

372 1288 544 1341 ὄντων
598 1289 811 1355 αὐτοῖς,
856 1289 1081 1343 ὁπλίσαι
1135 1289 1319 1353 τύτςις
1382 1290 1728 1362 βουλόμενος.
1812 1293 1961 1346 Ἐκεῖ

374 1378 560 1447 τοίνυν
611 1378 640 1430 ὁ
697 1379 855 1433 Λέων
906 1382 1223 1450 γενόμενος,
1261 1382 1357 1435 καὶ
1407 1383 1639 1450 συχνοὺς
1666 1381 1960 1454 διατρίψας

375 1470 682 1535 ἐνιαυτοὺς,
734 1471 833 1541 ὀψὲ
889 1472 985 1524 καὶ
1046 1472 1202 1541 μόλις
1251 1473 1646 1544 ἐπανελήλυθε,
1702 1476 1839 1544 μήτε
1868 1474 1962 1529 τὸν

388 1563 766 1617 ’1ουστινιανὸν
787 1564 1039 1635 εὑρηκὼς
1073 1565 1341 1636 (ἀνῄρητο
1378 1568 1537 1636 γὰρ),
1564 1566 1703 1635 μήτε
1727 1567 1834 1636 μὴν
1868 1567 1962 1618 τὸν

378 1654 705 1709 Φιλιππικὸν
727 1654 1023 1727 (καθῄρετο
1045 1658 1153 1727 γὰρ
1182 1658 1479 1726 πηρωθεὶς,
1507 1657 1582 1722 ὡς
1609 1661 1847 1730 εἴρηται,
1871 1659 1963 1711 καὶ

375 1746 447 1799 τὰ
469 1745 747 1817 ὄμματα),
798 1750 1080 1818 πρόσεισιν
1137 1748 1233 1803 οὖν
1306 1750 1581 1820 Ἀρτεμίῳ
1625 1749 1964 1820 βασιλεύοντι

2056 568 2204 607 Ctsus
2246 561 2403 624 erat)
2446 568 2625 622 neque
2674 552 2981 620 Philippico
3033 550 3269 621 (pulsus
3298 553 3445 607 enim
3477 568 3636 623 erat,

2056 653 2117 699 ut
2145 645 2355 699 dictum
2386 654 2500 708 est,
2529 644 2703 699 oculis
2732 642 2896 697 etiam
2929 643 3150 707 crutis),
3190 641 3494 700 Artemium
3537 649 3640 717 igi-

2058 746 2148 790 tur
2185 746 2299 790 tum
2324 735 2687 805 imperantem
2717 736 3002 799 convenit,
3043 750 3072 790 a
3120 727 3230 805 quo
3274 738 3511 808 benigne
3540 756 3638 793 ae-

2056 839 2251 899 ccptus
2278 837 2384 893 est,
2416 838 2472 884 et
2500 828 2862 884 Orientalium
2895 828 3121 882 themati
3173 828 3487 897 praefectus.
3533 829 3640 882 l’ro

2056 938 2125 978 eo
2175 922 2367 993 igitur,
2421 930 2481 976 ut
2525 922 2732 976 dictum
2802 929 2920 985 est,
2976 936 3334 990 propugnans
3386 923 3638 988 scilicet,

2060 1015 2377 1072 Theodosio
2411 1031 2470 1071 se
2498 1014 2775 1085 Opposuit,
2813 1010 3159 1084 sceptrisque
3205 1015 3413 1084 potitus
3452 1025 3555 1070 est.
3596 1020 3642 1070 υ

2057 1110 2394 1180 judiciorum
2430 1109 2524 1164 Dei
2575 1108 2832 1179 abyssum
2868 1107 3503 1176 incomprehens‘bilem!
3551 1108 3643 1162 Sie

2061 1203 2297 1272 adeptus
2354 1201 2683 1271 imperium,
2729 1200 2914 1256 statim
2963 1197 3273 1252 Artabasdo
3326 1197 3494 1251 tiliam
3543 1197 3642 1251 dc-

2062 1293 2323 1363 Spondit,
2362 1301 2419 1346 et
2451 1293 2788 1362 europalata:
2824 1293 3088 1345 honorem
3130 1289 3396 1343 decrevit.
3455 1290 3646 1343 Masal-

2063 1399 2181 1438 nias
2215 1394 2401 1439 autem
2438 1385 2683 1439 Arabum
2715 1384 2825 1438 dux
2853 1382 3046 1454 Abydo
3076 1395 3201 1436 cum
3233 1381 3442 1448 magnis
3470 1382 3648 1451 (Opiis

2065 1476 2122 1530 iu
2153 1477 2446 1531 Thraciam
2481 1485 2828 1531 transvectus
2860 1517 2875 1543 ,
2903 1490 3152 1544 magnam
3185 1475 3306 1544 ejus
3348 1475 3647 1544 provincia:

2066 1574 2277 1636 partem
2309 1567 2606 1637 populatus
2642 1576 2751 1630 est,
2788 1569 3108 1636 impetuque
3135 1568 3188 1622 in
3212 1569 3400 1622 urbem
3442 1569 3646 1637 regiam

2068 1660 2236 1726 facto,
2270 1660 2470 1714 vallqu
2501 1661 2653 1731 juxta
2689 1662 2969 1716 terrestria
3001 1662 3201 1716 mmnia
3228 1663 3447 1732 posuit,
3481 1674 3648 1732 atque

2069 1751 2139 1805 ab
2164 1766 2228 1805 ea
2261 1760 2418 1821 parte
2467 1752 2583 1821 ipse
2631 1752 2824 1806 urbem
2874 1751 3231 1821 oppugnavit,
3271 1752 3518 1823 Solymas
3546 1768 3650 1806 au-

377 1842 521 1894 τότε.
563 1839 621 1892 ὐ
638 1841 693 1893 δὲ
727 1843 822 1893 καὶ
843 1843 1163 1912 προσήκατο
1192 1841 1355 1895 αὑτὸν
1378 1842 1649 1912 εὐμενῶς,
1677 1843 1768 1895 καὶ
1805 1860 1969 1911 στρα-

2074 1854 2180 1898 tem
2213 1843 2618 1913 archisatrapes
2639 1844 2778 1912 ejus,
2803 1859 2834 1898 e
2861 1843 2997 1897 mari
3025 1858 3149 1897 cum
3185 1845 3419 1898 maxima
3450 1846 3647 1899 classe.

332 1972 335 1975 -
378 1933 547 2004 τηγὺν
576 1932 670 1985 τοῦ
708 1933 819 1986 τῶν
857 1933 1224 1988 ’Λνατολικῶν
1257 1937 1681 2008 προεχειρίσατο
1705 1934 1962 2005 θέματος.

379 2025 567 2096 Τούτῳ
613 2025 767 2094 γοῦν,
818 2026 892 2089 ὡς
954 2029 1196 2101 εἴρηται,
1243 2028 1403 2098 δῆθεν
1457 2027 1703 2098 ἀμύνων,
1756 2028 1964 2099 άντῆρε

382 2119 541 2187 χεῖρα
567 2118 709 2171 κατὰ
740 2118 834 2171 τοῦ
865 2118 1171 2184 Θεοδοσίου,
1210 2121 1306 2173 καὶ⁸
1338 2120 1446 2175 τῶν
1476 2121 1779 2192 σκήπτρων
1814 2123 1970 2190 γέγο-

380 2230 472 2265 νεν
500 2213 800 2282 ἐγκρατής.
853 2215 918 2266 ’Ὠ
956 2213 1093 2267 Θεοῦ
1146 2214 1434 2283 χριμάτων
1481 2215 1716 2276 ἄϐυσσος
1766 2216 1968 2269 ἀκατάο

381 2305 583 2377 ληπτος
610 2308 622 2360 ί
652 2306 984 2370 Βασιλεύσας
1009 2308 1062 2360 δὲ
1097 2305 1291 2369 οὕτως,
1327 2307 1527 2359 αὐτίκα
1551 2306 1648 2378 τὴν
1687 2305 1967 2377 θυγατέρα

384 2396 464 2470 τῷ
493 2397 548 2449 ’Λ
561 2399 842 2469 ρταϐά›δῳ
866 2398 1160 2468 συνῴκισε,
1181 2416 1276 2451 κου
1285 2397 1603 2470 ροπαλάτην
1622 2399 1786 2452 αὑτὸν
1798 2416 1850 2452 τι
1860 2401 1966 2468 ρή-

385 2508 505 2547 σαε.
538 2493 848 2562 Μασᾶλμας
865 2493 921 2547 δὲ
937 2496 964 2546 ὀ
981 2476 1352 2563 τῶνἌράϐων
1386 2492 1631 2563 ἀρχηγὸς
1659 2491 1719 2557 ἐξ
1737 2492 1965 2547 Ἀϐύδου

380 2574 483 2638 ’σὺν
512 2585 738 2655 μεγάλῳ
776 2586 1150 2656 στρατεύματι
1185 2586 1323 2655 πρὸς
1345 2584 1569 2656 Θρᾴκην
1610 2584 1968 2655 περαιωθεὶς,

386 2676 521 2729 πολὺ
541 2677 639 2745 μὲν
660 2678 756 2747 τῆ,
777 2675 1049 2748 θρᾳκῴας
1064 2677 1322 2748 ὲληῖσατο
1338 2676 1618 2748 χὼρας,τῇ
1644 2675 1700 2729 δὲ
1720 2676 1969 2747 βασιλευ-

385 2769 522 2839 ούσῃ
543 2768 651 2822 τῶν
676 2770 885 2823 πόλεων
913 2768 1026 2840 «46)
1052 2766 1401 2839 προσϐαλὼν,
1433 2766 1655 2839 χάρακα
1689 2767 1844 2837 παρὰ
1863 2772 1975 2832 τοῖς

386 2865 528 2916 κατὰ
549 2861 743 2932 χέρσον
761 2862 827 2914 αὑ
841 2860 932 2930 τῆς
961 2861 1204 2931 ἐπήξατο
1231 2859 1461 2929 τείχεσι,
1490 2860 1583 2912 καὶ
1600 2852 1671 2929 ἦν
1690 2858 1790 2928 μὲν
1811 2859 1975 2922 αὐτὸς

388 2955 649 3008 ἐντεῦθεν
705 2952 914 3023 ταύτην
960 2953 1291 3027 πολιορκῶν,
1344 2955 1410 3006 ἐκ
1452 2952 1510 3005 δὲ
1563 2951 1843 3023 θαλάσσης
1874 2952 1973 3006 σὺν

387 3048 564 3120 στόλῳ
594 3049 818 3119 μεγάλῳ
852 3050 880 3101 ὁ
912 3046 1335 3118 ὰρχισατράπης
1368 3045 1642 3116 Σολυμᾶς.
1686 3043 1850 3098 Ἀλλὰ
1874 3043 1974 3108 τὰς

2078 1929 2279 1989 Verum
2332 1950 2503 1989 naves
2552 1936 2673 2003 ejus
2729 1945 2836 1989 tam
2888 1936 3113 1991 bellicas
3159 1950 3324 2005 quam
3369 1937 3653 1991 onerarias

2072 2027 2307 2082 Romani
2338 2028 2529 2083 Gnaeo
2565 2028 2672 2100 igni
2707 2030 3061 2099 repulerunt,
3086 2037 3146 2083 ut
3173 2028 3330 2082 multi
3366 2029 3648 2091 navarclti,

2069 2137 2306 2192 quorum
2334 2137 2510 2187 naves
2556 2121 2603 2177 is
2646 2122 2892 2177 nonduin
2930 2122 3224 2187 attigerat,
3264 2137 3363 2190 per
3391 2120 3653 2190 despera-

2072 2217 2281 2271 tionem
2334 2231 2393 2270 se
2443 2215 2510 2270 ad
2570 2215 2964 2286 imperatorem
3017 2215 3357 2271 conferrent.
3416 2216 3486 2271 Et
3549 2217 3656 2271 hoc

2072 2306 2239 2361 modo
2277 2323 2408 2376 pars
2440 2308 2676 2362 maxima
2709 2309 2901 2363 classis
2930 2308 3182 2366 Arabica:
3224 2311 3407 2381 periit.
3461 2310 3658 2364 Ruina-

2074 2416 2268 2470 uaeque
2297 2400 2543 2471 legiones
2569 2414 2666 2455 eos
2697 2415 2986 2471 aggressae,
3021 2401 3114 2471 qui
3137 2402 3213 2456 'in
3239 2400 3493 2472 Bithynia
3521 2415 3659 2469 pra:-

2075 2494 2376 2559 dabantur,
2436 2491 2644 2546 multos
2698 2490 3069 2556 occiderunt,
3118 2503 3180 2547 ut
3231 2500 3288 2548 ct
3341 2492 3415 2546 illi
3475 2489 3656 2546 territi

2082 2586 2434 2656 atil‘ugerent.
2487 2584 2591 2650 Qui
2630 2592 2815 2638 autem
2856 2584 2911 2638 in
2943 2583 3180 2639 Thracia
3214 2591 3374 2639 erant
3405 2583 3614 2638 Arabes
3637 2622 3654 2645 ,

2074 2687 2221 2733 tanta
2256 2678 2398 2732 fame
2437 2677 2857 2746 premebantur,
2888 2687 2949 2733 ut
2989 2677 3199 2733 nullius
3233 2676 3531 2731 animantis
3567 2689 3659 2729 ca-

2075 2770 2376 2825 daveribus
2405 2769 2784 2833 abstinerent,
2821 2769 2956 2840 quin
3002 2778 3060 2826 et
3106 2769 3364 2824 humanis
3396 2766 3659 2829 carnibus

2074 2863 2386 2917 admovisse
2415 2877 2614 2917 manus
2645 2862 3035 2932 perhibentur.
3070 2862 3344 2917 Praeterea
3394 2860 3659 2930 pestilen-
3728 2847 3737 2855 ’

2078 2954 2152 3007 tia
2222 2968 2319 3007 eos
2383 2952 2621 3017 invasit,
2700 2967 3008 3022 eorumque
3084 2952 3278 3007 turbas
3362 2949 3655 3006 confertim

2077 3045 2407 3115 absumpsit.
2437 3045 2517 3099 Ad
2556 3046 2671 3101 haec
2710 3046 2951 3114 ltulgari,
3002 3053 3063 3100 ut
3116 3044 3344 3114 quidam
3399 3054 3660 3098 auctores

386 3131 486 3210 μὲν
516 3142 649 3207 νῆας
683 3141 864 3195 αὐτῶν
897 3140 996 3204 τάς
1024 3156 1084 3192 τε
1123 3138 1612 3210 πολεμιστηρίους,
1653 3141 1751 3201 τάς
1772 3155 1832 3191 τε
1860 3139 1967 3209 μὴν

2077 3148 2229 3201 ειιιιι,
2260 3153 2358 3193 eos
2394 3138 2673 3208 aggressi,
2711 3139 2882 3192 multa
2910 3137 3085 3192 millia
3112 3136 3258 3191 ferro
3289 3136 3662 3213 trucidarunt.

386 3233 698 3305 φορτηγοὺς
723 3234 801 3305 τῷ
828 3232 981 3305 ὑγρῷ
1010 3235 1138 3304 πυρὶ
1166 3232 1432 3303 Ῥωμαῖοι
1481 3230 1999 3299 κατετροπώσαντο,
2044 3230 2186 3284 ὥστε
2220 3231 2449 3294 πολλοὺς
2479 3230 2589 3283 τῶν
2619 3232 2930 3301 ναυάρχων,
2975 3223 3050 3283 ὧν
3085 3227 3236 3282 οὔπω
3259 3231 3381 3291 ταῖς
3409 3229 3570 3281 ναυσὶ
3599 3228 3662 3280 τὸ

390 3326 559 3397 ὑγρὸν
595 3327 755 3380 τοῦτο
823 3326 1167 3396 προσήγγισε
1247 3324 1382 3394 πῦρ,
1435 3327 1777 3394 ἀπογνόντας
1841 3327 2187 3397 προσρυῆναι
2239 3328 2321 3397 τῷ
2368 3327 2628 3398 ,βασιλεῖ.
2667 3327 2743 3379 Τὸ
2779 3326 2878 3396 μὲν
2911 3324 3005 3379 οὖν
3050 3324 3232 3377 πλεῖον
3272 3322 3366 3376 τοῦ
3399 3321 3661 3376 ναυτικοῦ

384 3420 495 3475 τῶν
560 3416 811 3492 ’Λράϐων
862 3416 1007 3470 οὕτω
1051 3415 1295 3471 διώλετο.
1340 3414 1469 3481 Τοῖς
1500 3416 1557 3470 δὲ
1604 3418 1748 3471 κατὰ
1835 3417 2090 3471 Βιθυνίαν
2155 3418 2341 3472 αὐτῶν
2391 3419 2738 3490 ληϊζομένοις
2777 3417 3074 3487 ἐντυχόντα
3109 3414 3500 3484 στρατεύματα
3529 3415 3665 3466 Ῥω-

390 3516 566 3589 μαίων
592 3515 756 3580 πεζὰ,
781 3512 1010 3576 πολλοὺς
1042 3510 1471 3582 διετθάρκασιν,
1510 3511 1652 3565 ὥστε
1691 3513 1982 3576 κάκείνους
2025 3513 2325 3578 δείσαντες,
2365 3515 2702 3586 ἀποδρᾶναι.
2767 3514 2909 3574 Τοὺς
2938 3511 2997 3563 δὲ
3027 3510 3170 3564 κατᾶ
3218 3508 3440 3580 Θρᾴκην
3462 3506 3670 3576 τυγχά-

387 3625 580 3671 νοντας
621 3605 873 3678 ’Δραϐας
900 3604 1062 3675 λιμὸς
1115 3604 1303 3669 ἐπίεζε
1350 3607 1638 3677 κραταιὸς,
1714 3606 1839 3659 ὅθεν
1904 3605 2118 3670 οὐδενὸς
2191 3608 2300 3662 τῶν
2366 3606 2714 3678 θνησκόντων
2773 3603 2931 3669 ζώων
2980 3603 3289 3672 ἀπείχοντο.
3337 3601 3571 3668 Λέγεται
3609 3597 3666 3649 ib

390 3705 488 3756 καὶ
564 3698 788 3771 σαρκῶν
841 3697 1207 3768 ἀνθρωπείων
1253 3697 1455 3761 αὐτοὺς
1547 3696 1812 3767 ἅψασθαι.
1885 3698 2048 3752 Ἀλλά
2081 3699 2236 3763 νόσος
2297 3698 2483 3761 αὐτοῖς
2548 3696 2823 3767 ἐνέσκηψε
2900 3694 3168 3764 λοιμικὴ,
3236 3695 3333 3747 καὶ
3391 3691 3668 3761 διέφθειρε

395 3791 773 3866 παμπληθεῖς.
808 3791 920 3846 Καὶ
956 3788 1261 3861 Βούλγαροι
1294 3789 1379 3855 δὲ,
1418 3790 1637 3855 τούτοις
1710 3791 2056 3858 ἐπελθόντες,
2098 3792 2299 3857 πολλάς
2352 3789 2666 3862 χιλιοστύας
2713 3786 2920 3852 αὐτῶν,
2952 3785 3028 3851 ὥς
3068 3801 3215 3850 τινες
3262 3782 3666 3854 ἀναγράφουσι,

392 3888 672 3960 μαχαίρας
701 3887 886 3940 ἔθεντο
917 3883 1317 3956 παρανάλωμα.
3366 3874 3371 3875 ⁷

461 3984 540 4040 B'.
579 3980 638 4035 Ὀ
694 3980 752 4034 δὲ
798 3979 901 4050 τῆς
945 3979 1201 4040 Σικελίας
1247 3977 1557 4050 στρατηγὸς
1587 3977 1838 4050 Σέργιος,
1873 3978 1970 4049 τὴν

2153 3970 2214 4030 ll.
2236 3974 2449 4030 Interea
2465 3970 2688 4044 Sergius
2702 3969 2903 4027 Siciliae
2921 3976 3144 4040 praetor,
3160 3965 3379 4037 cognita
3396 3964 3550 4021 urbis
3567 3963 3671 4019 ob-

389 4075 501 4132 τῶν
538 4074 791 4145 Ἀράϐων
822 4073 974 4128 κατὰ
989 4074 1089 4144 τῆς
1116 4073 1325 4137 πόλεως
1355 4072 1649 4125 ὲιτέλευσιν
1672 4075 1858 4141 γνοὺς,
1882 4075 1970 4126 καὶ

2081 4066 2298 4124 sidione
2330 4066 2589 4130 Arabica,
2620 4074 2677 4120 et
2701 4062 2920 4133 imperii
2945 4060 3388 4131 perturbatione,
3421 4056 3671 4129 tyranni-

393 4171 468 4233 ὼς
501 4169 559 4221 ὲν
590 4166 972 4236 ἀκαταστασία
993 4167 1061 4218 τὰ
1100 4165 1388 4237 Ἰθωμαίων
1405 4165 1760 4234 τυγχάνουσι,
1784 4182 1970 4235 τυραν-

2082 4159 2277 4212 demet
2295 4156 2411 4226 ipse
2433 4153 2737 4219 affectavit,
2759 4167 2871 4207 non
2899 4151 3004 4208 sibi
3033 4150 3140 4220 ipsi
3161 4158 3427 4219 usurpato
3452 4147 3670 4218 imperii

396 4261 501 4312 νίδι
553 4258 650 4313 καὶ
712 4257 876 4320 αὐτος
925 4256 1280 4327 ἐπεχείρησε,
1331 4257 1430 4310 καὶ
1479 4260 1578 4326 οὐχ
1629 4256 1825 4310 ἑαυτὸν
1881 4256 1970 4326 τῆς

2085 4251 2267 4315 titulo,
2284 4249 2379 4304 sed
2401 4248 2778 4304 ministrorum
2794 4260 3018 4301 suorum
3037 4243 3328 4315 quemdam
3346 4241 3507 4308 Gregi
3525 4243 3671 4296 rium

397 4351 672 4424 βασιλείου
729 4348 933 4420 ἠξίωσε
984 4349 1256 4418 κλήσεως,
1295 4347 1442 4403 ἀλλά
1502 4366 1627 4402 τινα
1677 4348 1970 4420 Γρηγόριω

2086 4342 2302 4396 curavit
2331 4353 2361 4393 a
2388 4339 2594 4410 populo
2635 4339 3024 4409 imperatorem
3055 4335 3429 4399 salutandum,
3449 4335 3673 4389 nomine

394 4445 504 4498 τῶν
547 4442 1014 4514 ὑπηρετουμένων
1059 4439 1210 4512 αὐτῷ
1248 4438 1630 4511 ἀναρρηθῆναι
1685 4439 1840 4509 παρὰ
1888 4438 1970 4490 τοῐ

2089 4434 2208 4501 ejus
2227 4432 2282 4486 in
2304 4431 2588 4487 Tiberium
2607 4438 2967 4494 commutato,
2994 4431 3086 4498 qui
3106 4428 3174 4482 de
3199 4427 3376 4498 Sergii
3398 4428 3673 4483 sententia

403 4533 535 4589 λαοῦ
589 4531 815 4605 βασιλέα
880 4529 1178 4600 πεποίηκε,
1251 4527 1638 4601 μετονομάσας
1681 4527 1773 4582 τὸν
1818 4526 1970 4599 ἄνδρα

2086 4525 2354 4597 quosdam
2400 4523 2469 4578 ad
2520 4522 2873 4595 magistratus
2915 4519 3120 4575 evexit.
3171 4518 3285 4574 Hoc
3335 4519 3531 4572 nuntio
3562 4516 3676 4572 Leo

397 4625 674 4697 Τιϐέριον,
709 4623 766 4689 ὃς
792 4624 888 4677 καί
917 4639 1071 4688 τινας
1095 4624 1175 4685 εἰς
1210 4622 1385 4692 ἀρχὰς
1414 4617 1617 4693 γνώμῃ
1644 4619 1740 4673 τοῦ
1761 4619 1970 4690 Σεργίοι

2088 4624 2419 4681 commotus,
2466 4613 2624 4684 102
2650 4612 2719 4668 de
2749 4610 3111 4683 Opprimcndo
3142 4619 3373 4681 tyranno
3401 4610 3674 4680 cogitans,

397 4716 754 4790 προεϐίϐασε.
793 4715 960 4769 Ταῦτ’
990 4714 1332 4784 ἀγγελθέντα
1365 4712 1443 4785 τῷ
1472 4713 1672 4767 Λέοντι
1705 4711 1993 4782 διανέστη-

400 4828 501 4865 σαν
578 4809 742 4862 αὑτὸν
813 4808 893 4879 τῷ
962 4809 1366 4879 τυραννήσαντι
1426 4803 1853 4870 ἀντιτάξασθαι,
1899 4807 1996 4857 καὶ

399 4903 614 4957 Παῦλον
648 4902 739 4955 τὸν
756 4900 865 4955 τῶν
889 4899 1190 4972 βασιλικῶν
1220 4897 1551 4971 ἱπποκόμων
1588 4896 1991 4967 ἐπιστατοῦντα

398 4994 846 5067 (χαρτονλλάριον
873 4991 1214 5065 ἡῬωμαίων
1235 4988 1345 5045 οἶδε
1366 4991 1554 5045 τοῦτον
1579 4989 1765 5058 λέγειν
1787 4985 1988 5060 φωνὴ),

396 5089 685 5161 πατρίκιον
734 5087 999 5158 τιμήσας,
1031 5086 1130 5140 καὶ
1165 5084 1471 5157 στρατηγὸν
1508 5080 1766 5141 Σικελίας
1793 5080 1993 5150 ὀνομά-

401 5196 524 5245 σας,
583 5179 800 5233 στέλλει
846 5180 990 5234 κατὰ
1035 5176 1131 5232 τοῦ
1187 5177 1530 5243 ἀποστάτου,
1584 5172 1993 5245 προστάγματα

396 5271 535 5339 πρὸς
589 5269 717 5335 τοὺς
748 5269 858 5324 τῶν
891 5269 1087 5340 χωρῶν
1129 5267 1398 5337 ἄρχοντας
1461 5262 1782 5336 ἐγχειρίσας
1811 5259 1982 5333 αὐτῷ,

402 5346 876 5435 συναίρεσθαιτῴ
930 5360 1134 5432 Παύλῳ
1183 5358 1501 5421 κελεύοντα,
1556 5359 1650 5412 καὶ
1699 5356 1835 5429 πρὸς
1889 5357 1993 5426 τὴν

2093 4708 2321 4765 Paulum
2350 4703 2722 4776 imperatoriis
2779 4701 3144 4773 equisonibus
3196 4698 3536 4771 praefectum,
3577 4699 3675 4768 qui

2094 4800 2283 4870 lingua
2328 4798 2572 4852 Romana
2590 4795 2967 4851 cbartularius
2986 4791 3216 4858 dicitur,
3251 4791 3468 4862 patricii
3491 4790 3677 4861 digni-

2096 4900 2208 4947 tate
2237 4901 2517 4953 ornatum,
2576 4895 2634 4944 et
2680 4886 2883 4942 Sicilia:
2933 4893 3232 4956 praetorem
3298 4882 3675 4953 designatum,

2095 4992 2288 5040 contra
2320 4981 2646 5038 seditiosum
2678 4978 2849 5044 misit,
2903 4977 3108 5033 tradito
3141 4975 3328 5030 edicto
3358 4973 3427 5028 ad
3452 4972 3680 5043 provin-

2096 5076 2309 5133 ciarum
2337 5074 2624 5147 przesides,
2660 5072 2867 5144 quibus
2893 5086 3018 5127 eum
3037 5069 3284 5140 adiutare
3311 5067 3675 5138 jubebantur,

2099 5169 2434 5239 scriptisque
2472 5167 2540 5223 ad
2573 5166 2920 5222 Siciliensem
2951 5164 3258 5217 exercitum
3285 5159 3505 5222 litteris,
3545 5157 3674 5227 qui-

2098 5259 2206 5316 bus
2240 5260 2540 5314 Romanam
2582 5272 2701 5313 rem
2755 5255 2901 5311 bene
2930 5269 2989 5309 se
3044 5253 3252 5306 habere
3308 5242 3677 5321 signiﬁcabat,

2101 5352 2385 5409 Arabibus
2446 5352 2558 5424 iam
2604 5349 2771 5406 victis
2818 5356 2875 5403 et
2931 5344 3259 5418 proﬂigatis.
3292 5345 3398 5400 Eas
3460 5358 3681 5414 quoque

1586 5545 1795 5608 Variae
1846 5542 2161 5608 lectiones
2195 5548 2258 5607 et
2297 5547 2486 5605 notas.

470 5686 705 5777 (46)‘_Tﬁ
729 5701 799 5756 δὲ
834 5699 1265 5777 ,βασιλειξούσῃ
1297 5697 1419 5777 τῷν
1448 5696 1714 5777 πότίεων.
1737 5692 1832 5777 JUt
1875 5701 2003 5761 tum,

2095 5703 2215 5751 ctor
2243 5690 2529 5749 Orationis
2564 5689 2620 5747 in
2666 5687 2869 5746 festum
2922 5683 3025 5755 τῆς
3056 5682 3406 5749 ’Λκαθιστον,
3456 5696 3509 5753 p.
3552 5680 3681 5738 817.

400 5766 533 5833 urbs
566 5766 802 5831 'obsessa
832 5772 998 5829 fuerit
1030 5788 1059 5826 a
1092 5770 1403 5834 Saracenis,
1442 5770 1623 5838 attigit
1686 5766 1860 5822 etiam
1898 5780 2000 5818 au-
2094 5836 2099 5837 γ
