4068 6388
564 352 703 417 1310

1827 356 2154 420 JOANNIS
2179 355 2503 417 ZONAREE

3677 353 3798 417 Ῑὶλῖθ

563 460 779 521 litteras
810 463 979 519 Paulo
1008 465 1529 528 tradidit.militibus
1589 467 1924 523 reddendas.
1966 470 2137 536 Quem

2246 467 2301 517 ἐν
2365 465 2585 537 Σικελίᾳ
2631 464 2688 519 δὲ
2762 463 3025 536 στρατιὰν
3084 463 3301 535 γραφὴν
3350 464 3652 536 iur/319552;
3713 469 3801 539 δη-

563 576 688 614 cum
719 576 784 613 ex
810 559 1091 628 insperato
1120 558 1365 614 Siciliam
1419 560 1683 625 tenuisse,
1716 576 1780 615 ac
1831 561 2138 633 Syracusas

564 653 875 722 ingressum
898 666 1018 706 esse
1046 652 1396 722 cognovisset
1421 652 1676 723 Sergius:
1701 654 1886 708 statim
1918 663 2138 724 arrepta

565 745 690 816 fuga
747 759 941 798 versus
1008 743 1443 814 Longobardiam
1488 744 1880 814 proficiscitur.
1935 746 2140 801 Paulus

563 853 696 893 vero
724 836 975 891 oratione
995 836 1139 906 apud
1171 837 1375 892 milites
1398 837 1606 900 habita.
1632 846 1689 893 et
1712 838 1914 894 litteris
1960 840 2139 912 impc-

567 928 786 982 ratoriis
813 929 1297 994 recitatis,eﬂ'eclt,
1323 937 1383 984 ut
1414 930 1595 984 statim
1626 930 2015 1001 imperatorem
2042 949 2140 988 ce-

563 1021 864 1082 lebrarcnt.
887 1028 943 1073 et
961 1019 1282 1091 Gregorium
1308 1035 1432 1077 cum
1461 1022 1578 1078 suis
1599 1024 1814 1080 vinctos
1836 1023 2137 1080 traderent.

564 1113 895 1182 Gregorium
926 1112 1112 1182 itaque
1171 1113 1418 1181 sustulit,
1466 1115 1736 1171 satellites
1802 1116 1921 1187 ejus
1956 1115 2141 1186 ﬂagris

567 1220 740 1259 caesos
775 1219 1006 1274 rasaque
1059 1219 1217 1260 coma
1266 1205 1547 1277 relegavit.
1598 1206 1824 1277 Sergius
1871 1210 2142 1277 promissa

570 1300 898 1369 impunitate
962 1297 1029 1351 ad
1082 1314 1209 1354 eum
1267 1315 1299 1354 e
1358 1299 1614 1356 Calabria
1637 1301 1815 1356 venit.
1844 1302 1923 1356 Ita
1958 1311 2142 1358 motus

568 1390 769 1446 δῖοίιὶιε
795 1400 1023 1461 pacatus
1060 1401 1169 1448 est.
1200 1391 1410 1447 Arabes
1439 1393 1533 1462 qui
1554 1393 1748 1448 urbem
1787 1393 2140 1459 obsidebant,

568 1484 819 1553 pluribus
849 1485 1008 1541 malis
1039 1484 1280 1556 acceptis
1307 1500 1472 1550 quam
1494 1484 1659 1552 datis,
1691 1486 1928 1541 reditum
1975 1487 2144 1541 ador-

568 1592 655 1630 nas
673 1584 793 1641 unt,
827 1585 881 1630 et
900 1577 1126 1646 reliquis
1148 1577 1383 1632 navibus
1407 1579 1726 1635 conscensis
1740 1578 2140 1644 discesserunt,

563 1666 661 1721 sed
693 1666 1006 1723 vehementi
1037 1668 1256 1724 turbine
1269 1677 1462 1724 exorto
1489 1670 1779 1739 perierunt
1801 1685 1995 1727 omnes
2015 1686 2143 1727 cum

561 1759 681 1813 suis
716 1758 1058 1825 triremibus,
1090 1777 1123 1815 x
1185 1771 1398 1816 tantum
1450 1763 1686 1818 navibus
1709 1763 1975 1833 exceptis,
2004 1779 2146 1834 qua-

562 1867 686 1908 rum
721 1867 756 1907 v
796 1869 826 1906 a
859 1852 1121 1909 Romanis
1183 1863 1358 1924 captae
1420 1862 1571 1920 sunt,
1643 1828 1871 1925 reliqua:
1921 1828 2144 1926 elapsae.
2179 1828 2221 1884 Β

559 1947 736 2002 eladis
764 1944 974 2003 nuntia:
1018 1945 1244 1999 domum
1299 1945 1609 2001 redierunt.
1657 1947 1830 2003 Natus
1859 1957 2149 2006 autemest

560 2037 732 2092 Leoni
758 2038 975 2093 catulus
999 2044 1155 2109 patre
1178 2036 1647 2107 erudelior,eujus
1668 2047 1897 2093 matrem
1920 2037 2146 2094 Mariam

560 2129 871 2183 diademate
921 2127 1162 2189 ornat-it,
1198 2134 1255 2180 et
1310 2141 1544 2196 puerum
1595 2127 1650 2181 in
1680 2126 1871 2198 Magna
1914 2128 2147 2186 ecclesia

562 2220 887 2292 baptizavit,
922 2217 1272 2275 Constantini
1304 2218 1529 2273 nomine
1558 2218 1771 2274 indito:
1811 2219 1906 2290 qui
1933 2236 2060 2277 cum
2091 2222 2146 2277 in

558 2321 912 2369 sacrosancta
936 2314 1027 2369 illa
1073 2329 1214 2385 aqua
1248 2320 1614 2383 mergeretur,
1642 2311 1818 2367 fertur
1837 2312 2149 2369 excrevisse

560 2413 799 2472 stercus,
840 2406 984 2459 unde
1012 2403 1395 2476 Copronymus
1449 2411 1535 2459 est
1576 2402 2015 2474 cognominatus.
2042 2404 2147 2460 Sed

558 2505 618 2551 et
670 2496 1075 2551 sanctissimum
1131 2497 1499 2568 patriarcbam
1551 2496 1887 2553 Germanum
1944 2498 2148 2556 dixisse

560 2588 738 2652 aiunt,
770 2586 823 2642 id
854 2586 1071 2658 signum
1097 2602 1223 2644 esse
1255 2587 1404 2659 quod
1434 2587 1482 2644 is
1522 2602 1663 2660 puer
1687 2603 1843 2644 sacra
1874 2589 2149 2645 contami«

562 2689 796 2735 naturus
818 2687 986 2744 esset,
1017 2688 1074 2737 et
1103 2680 1327 2751 pietatis
1358 2681 1624 2737 studiosis
1659 2697 1859 2751 magno
1884 2685 2030 2739 malo
2059 2683 2149 2739 fu-

562 2779 747 2828 turus.
785 2771 1031 2828 Artemio
1058 2773 1464 2832 Thessalonicae
1501 2774 1720 2847 degenti
1749 2776 1972 2833 Nicetes
1996 2776 2148 2849 Xyli-

561 2865 707 2920 nites
734 2867 1018 2937 magister,
1070 2866 1157 2922 vir
1211 2883 1441 2924 summa:
1474 2869 1823 2925 auctoritatis
1873 2870 2150 2940 persuasit

563 2966 627 3012 ut
650 2956 718 3012 ad
753 2957 1018 3030 Bulgaros
1043 2958 1389 3031 confugeret,
1426 2975 1732 3033 eorumque
1759 2976 1927 3033 opera
1968 2961 2147 3033 impe-

564 3051 708 3104 rium
742 3065 1071 3122 recuperare
1101 3062 1420 3110 conaretur.
1455 3053 1613 3122 Quod
1642 3069 1767 3111 cum
1822 3054 2061 3121 fecisset,
2091 3063 2148 3110 et

562 3155 690 3196 cum
752 3157 947 3214 magna
995 3158 1190 3199 eorum
1244 3145 1597 3202 multitudine
1621 3146 1940 3218 Byzantium
1971 3147 2145 3202 venis-

562 3243 666 3299 set,
696 3249 757 3291 se
785 3251 815 3290 a
842 3236 1049 3307 populo
1078 3247 1361 3307 receptum
1388 3238 1453 3293 iri
1486 3239 1831 3305 existimans,
1858 3256 2020 3296 nemo
2046 3257 2145 3297 au-

2251 3145 2323 3193 "0
2363 3156 2425 3192 τε
2461 3145 2684 3208 λέγεται
2711 3145 2917 3212 κόπρον
2938 3145 3102 3194 αὑτὸν
3125 3145 3376 3214 ἐκκρίναι
3403 3147 3465 3214 τῇ
3491 3145 3603 3215 θείᾳ
3625 3145 3802 3206 κολυμ-

2249 3231 2431 3304 ϐήθρᾳ
2453 3233 2883 3305 καταδυόμενον,
2919 3235 3220 3290 κάντεῦθεν
3251 3236 3683 3309 ἐπονομασθῆναι
3710 3236 3802 3288 Ko-

2870 3277 2883 3300 ,
2921 3268 3219 3290 ηανοςνυδν
3251 3268 3597 3305 ειυυνυμαυυιι

558 3243 666 3299 set,
696 3249 757 3291 se
785 3251 815 3290 a
842 3236 1049 3307 populo
1078 3247 1361 3307 receptum
1388 3238 1453 3293 iri
1486 3239 1831 3305 existimans,
1858 3256 2020 3296 nemo
2046 3257 2145 3297 au-

561 3335 674 3383 tem
699 3343 825 3383 eum
853 3337 1076 3385 curaret
1103 3346 1118 3384 :
1148 3329 1368 3400 Bulgari
1390 3346 1459 3386 eo
1476 3337 1683 3402 ‘magna
1712 3333 1946 3402 pecunia
1975 3332 2146 3388 Leoni

563 3420 784 3489 prodito
816 3420 1040 3475 domum
1071 3420 1377 3476 redierunt.
1425 3422 1519 3478 Ille
1543 3438 1668 3478 cum
1700 3423 1943 3495 Xylinite
1977 3425 2149 3480 inter.

561 3512 744 3568 fectus
799 3521 903 3575 est,
958 3521 1016 3568 et
1063 3511 1306 3568 Xilinilae
1358 3529 1493 3584 opes
1535 3530 1729 3571 omnes
1765 3531 1888 3586 qua:
1922 3500 2150 3589 magna:

563 3611 745 3669 erant,
771 3603 1085 3673 publicatae.
1119 3603 1275 3674 103
1308 3602 1446 3659 Sunt
1467 3614 1523 3661 ct
1541 3605 1634 3661 alii
1664 3621 1733 3662 ex
1761 3607 1992 3661 Artemii
2020 3623 2152 3663 con-

557 3692 760 3763 iuratis
785 3692 976 3761 occisi,
1010 3702 1067 3748 et
1087 3702 1289 3763 pra-ter
1321 3702 1548 3751 caeteros
1577 3695 2146 3754 Thessalonicensium

564 3785 1041 3856 archiepiscopus.
1084 3786 1214 3841 Post
1238 3785 1357 3843 haec
1382 3785 1494 3843 Leo
1524 3786 1699 3843 tilium
1722 3804 1881 3845 suum
1915 3790 2149 3861 impera-

563 3885 739 3931 torem
766 3885 936 3942 creat,
971 3876 1152 3933 oﬁicio
1190 3879 1565 3935 cornuationis
1602 3896 1633 3934 a
1660 3891 1851 3937 sancto
1872 3879 2148 3938 Germano

563 3969 863 4026 ce'ebrato.
894 3970 1106 4028 Exinde
1132 3987 1258 4028 cum
1287 3974 1402 4029 Deo
1423 3988 1667 4045 pugnare
1691 3974 1908 4044 incipit.
1935 3983 1993 4030 et
2016 3990 2150 4032 con-

565 4071 649 4119 tra
709 4063 1046 4120 venerandas
1097 4065 1364 4137 imagines
1433 4065 1703 4122 insanire.
1753 4066 2148 4136 Accersitoque

562 4157 836 4213 Germano
861 4156 1198 4226 patriarcha,
1233 4166 1399 4230 negat
1423 4158 1681 4214 colendas
1707 4172 1830 4214 esse
1855 4157 2143 4229 imagines,

563 4260 868 4316 carumque
929 4245 1311 4303 adorationcm
1348 4246 1719 4303 idololatriam
1746 4256 1928 4303 vocat.
1956 4249 2027 4303 At
2062 4249 2150 4303 di-

563 4354 667 4394 vus
699 4340 789 4394 ille
816 4339 1019 4394 Pater:
1053 4339 1205 4396 Bona
1240 4340 1422 4406 verba,
1477 4340 1678 4412 inquit,
1712 4341 2037 4410 imperator:
2068 4343 2145 4397 ita

505 4444 513 4451 '
559 4433 753 4485 sentire
796 4431 926 4488 noli.
977 4429 1122 4487 Nam
1171 4434 1276 4487 ista
1310 4433 1560 4503 cogitatio
1614 4432 1775 4503 plane
1838 4432 2002 4501 impia
2038 4440 2140 4487 est.

2243 561 2443 614 λοῦσαν
2482 562 2662 625 καλῶς
2722 560 2867 633 εχῑιν
2904 561 3200 631 Ῥωμαίοις
3247 562 3313 614 τὰ
3356 563 3668 632 πράγματα,
3708 564 3799 636 ἤδη

2239 652 2349 702 τῶν
2411 650 2657 721 ’Λράϐων
2726 649 3043 721 ἡττημένων
3106 650 3197 700 καὶ
3249 649 3759 717 κατατροπωθέντων
3785 667 3798 681 ·

2240 743 2329 797 διὰ
2352 742 2447 795 τοῦ
2482 742 2703 796 Παύλου
2748 746 2846 795 καὶ
2901 740 3109 812 ταύτην
3141 742 3250 801 τοῖς
3278 739 3635 809 στρατιώταις
3657 741 3804 795 ἐκπέ-

2243 851 2459 905 πομφε.
2502 833 2910 887 Καταλαϐόνια
2948 833 3129 886 τοίνυν
3172 831 3273 900 τὴν
3334 831 3585 885 Σικελίαν
3629 832 3801 885 τοῦτον

2243 929 2495 991 ἀνωῖστὶ,
2533 927 2629 980 καὶ
2658 925 2976 980 εἰσελθόντα
3007 926 3087 989 είς
3117 927 3216 995 τὴν
3238 927 3598 998 Συράκουσαν
3631 926 3802 998 μαθὼν

2243 1020 2270 1072 ὀ
2298 1019 2540 1088 Σέργιος,
2602 1016 2768 1080 εὐθὺς
2814 1018 3047 1089 ἀπέδρα,
3081 1019 3179 1073 καὶ
3227 1020 3368 1087 πρὶς
3420 1019 3801 1091 Λογγιϐαρδίαν

2244 1111 2524 1181 ἑτοίτησε.
2554 1110 2661 1163 Τοῦ
2687 1109 2745 1164 δὲ
2770 1109 2988 1164 Παύλου
3019 1111 3331 1182 προσομιλὴ
3343 1128 3537 1174 σαντος
3561 1112 3637 1182 τῷ
3659 1129 3802 1181 στρα-

2242 1203 2503 1275 τιωτικῷ,
2553 1204 2650 1257 καὶ
2694 1203 2755 1257 τὸ
2802 1204 3051 1273 γράμμα
3086 1204 3148 1257 τὸ
3191 1205 3462 1276 βασίλειον
3503 1208 3801 1275 ἀναγνόντος

2245 1295 2428 1351 αὐτῶν
2471 1299 2553 1358 εἰς
2588 1296 2860 1366 ἐπήκοον,
2891 1296 3056 1359 εὐθὺς
3105 1297 3306 1351 ἐκεῖνοι
3333 1298 3424 1351 τὸν
3468 1297 3566 1368 μὲν
3600 1298 3798 1369 βασιλέα

2244 1390 2538 1460 ἐτίμησαν,
2568 1388 2665 1441 καὶ
2691 1388 3024 1458 εὐφήμησαν
3047 1405 3060 1419 ·
3085 1389 3176 1442 τὸν
3200 1391 3258 1443 δέ
3291 1406 3355 1458 γε
3379 1390 3692 1462 Γρηγόριον,
3718 1395 3798 1445 καὶ

2243 1483 2380 1542 τοὺς
2421 1482 2553 1553 περὶ
2611 1480 2777 1535 αὐτὸν
2833 1480 3091 1552 δεσμίους
3140 1483 3221 1553 τῷ
3248 1483 3449 1555 Παύλῳ
3499 1486 3801 1557 παρέδοσαν.

2248 1575 2360 1628 Καὶ
2395 1571 2453 1636 ὃς
2491 1573 2584 1626 τὸν
2622 1573 2721 1643 μὲν
2767 1573 3076 1646 Γρηγόριον
3130 1576 3333 1639 ἀνεῖλε,
3380 1576 3509 1641 τοὺς
3535 1576 3580 1630 δ’
3613 1576 3801 1631 ἐκείνου

2249 1665 2608 1730 ὑπασπιστὰς
2646 1666 2939 1737 μαστίξας,
3013 1665 3111 1720 καὶ
3169 1667 3269 1735 τὴν
3302 1668 3481 1739 κόμην
3526 1669 3803 1738 ἀποθρίξας

2248 1757 2453 1822 αὐτοῖς,
2480 1756 2754 1830 ὑπερορίᾳ
2785 1758 3132 1829 κατέκρινεν.
3175 1757 3236 1813 ’0
3270 1759 3331 1813 δὲ
3364 1760 3589 1832 Σέργιος
3618 1759 3803 1831 πληρο-

2251 1851 2451 1919 φορίαν
2481 1848 2685 1913 λαὸὼν,
2722 1850 2798 1920 μή
2818 1867 2967 1914 τινος
2996 1851 3328 1923 πειραθῆναι
3353 1854 3547 1919 κακοῦ,
3583 1854 3707 1926 πρὸς
3725 1853 3805 1906 τὸν

2252 1940 2463 1994 Παῦλον
2483 1940 2547 1993 ὲκ
2569 1939 2890 2013 Καλαόρίας
2913 1940 3161 2011 ἀφίκετο.
3190 1943 3307 1995 Καὶ
3338 1944 3407 1997 τὰ
3435 1944 3534 2016 μὲν
3564 1944 3696 1998 κατά
3716 1944 3805 2016 τὴν

2250 2034 2507 2088 Σικελίαν
2534 2032 2709 2097 οὕτως
2730 2032 3045 2106 ἠρέμησαν.
3073 2036 3137 2088 Οἱ
3180 2034 3239 2089 δὲ
3267 2036 3370 2107 τὴν
3398 2038 3551 2092 πόλιν
3607 2036 3805 2108 πολιορ-

2249 2125 2474 2190 κοῦντες
2497 2108 2760 2198 ’Ᾰραϐες,
2784 2127 3046 2189 παθόντες
3068 2129 3636 2201 μᾶλλονῆδράσαντες,
3659 2132 3806 2184 ἐπαν-

2250 2217 2425 2271 ελθεῖν
2485 2220 2566 2282 εἰς
2590 2220 2657 2272 τὰ
2694 2219 2874 2272 οἰκεῖα
2899 2218 3253 2292 ὡρμήκεσαν,
3299 2225 3395 2275 καὶ
3432 2225 3510 2287 εἰς
3543 2224 3639 2287 τὰς
3667 2242 3805 2294 περι·

2249 2310 2569 2379 λειφθείσας
2615 2311 2887 2382 ἐμϐάντες
2932 2313 3089 2384 νῆας,
3145 2313 3420 2386 ἀπῄεσαν.
3465 2315 3693 2369 Λαίλαπι
3751 2315 3801 2368 δὲ

2251 2401 2640 2470 περιπεσόντες
2682 2401 2917 2473 σφοδρῷ,
2971 2403 3173 2467 πάντες
3228 2402 3513 2458 ἀπώλοντο
3560 2406 3652 2459 σὺν
3688 2406 3795 2467 ταῖς

2261 2493 2497 2557 οἰκείαις
2520 2494 2794 2565 τριήρεσι,
2825 2495 2959 2549 δέκα
2988 2496 3150 2564 μόνον
3178 2497 3328 2566 νγοῶν
3358 2497 3800 2568 περιλειφθεισῶν,

2250 2579 2328 2639 ὧν
2374 2586 2432 2638 αἱ
2486 2585 2587 2654 μὲν
2623 2586 2790 2640 πέντε
2832 2586 2985 2658 παρὰ
3031 2588 3331 2659 Ῥωμαίων
3372 2592 3629 2655 ἑάλωσαν,
3674 2590 3724 2643 αἱ
3751 2588 3801 2641 δὲ

2248 2677 2436 2732 λοιπαὶ
2477 2679 2865 2748 διαφυγοῦσαι,
2901 2682 3001 2751 τῆς
3037 2682 3333 2752 συμφορᾶς
3367 2684 3672 2755 ἀπήλθοσαν
3715 2683 3802 2751 ἄγ-

2248 2770 2419 2840 γελοι.
2468 2771 2706 2846 Ἐτέιθη
2738 2772 2793 2826 δὲ
2819 2772 2898 2844 τῷ
2937 2775 3131 2828 Λέοντι
3154 2776 3398 2847 σκύμνος
3439 2777 3698 2848 ὠμότερος
3722 2775 3802 2828 toﬁ

2248 2865 2485 2935 πατρὸς,
2513 2865 2610 2919 καὶ
2637 2868 2738 2935 τήν
2763 2882 2823 2919 τε
2855 2867 3075 2937 μητέρα
3103 2866 3307 2921 τούτου
3338 2871 3672 2940 κεκλῃμένην
3700 2868 3803 2922 Μα·

2250 2957 2377 3028 ρίαν
2432 2956 2663 3029 ἔστεψεν
2692 2959 2721 3012 ὁ
2751 2960 2926 3026 Λέων,
2956 2961 3054 3013 καὶ
3088 2959 3182 3012 τὸν
3235 2961 3354 3015 υἱὸν
3404 2964 3463 3016 ὲν
3487 2966 3550 3034 τῇ
3600 2960 3803 3032 Μ.γάλῃ

2248 3047 2515 3118 ἐκκλησίᾳ
2546 3048 2832 3114 έδάπτισε,
2863 3050 3276 3103 Κωνσταντῗνον
3336 3052 3599 3121 ὀνομάσας
3640 3050 3800 3105 αὐτόν.

2251 3138 2323 3193 Ὀ
2363 3156 2425 3192 τε
2461 3140 2684 3208 λέγεται
2711 3140 2917 3212 κόπρον
2938 3141 3102 3194 αὑτὸν
3125 3143 3376 3214 ὲκκρίναι
3403 3147 3465 3214 τῇ
3491 3144 3603 3215 θείᾳ
3625 3144 3804 3206 κολυμ-

2250 3325 2552 3397 πρὼνυμον
2580 3325 2717 3398 (47),
2747 3329 2842 3381 καὶ
2877 3327 2968 3383 τὸν
2993 3329 3301 3398 ἁγιώτατον
3326 3331 3655 3400 πατριάρχην
3680 3326 3801 3395 Γερ-

2248 3418 2417 3487 patva
2440 3420 2612 3473 εἰπεῖν
2631 3420 2713 3474 ὄτι
2736 3423 2964 3491 σημεῖον
3009 3420 3160 3473 τοῦτ’
3197 3423 3318 3476 ἐστι
3336 3421 3427 3476 τοῦ
3442 3426 3504 3493 τῇ
3534 3417 3802 3490 Ἐκκλησία

2247 3510 2343 3563 καὶ
2372 3511 2487 3573 τοῖς
2518 3510 2765 3563 εὐσεὸετν
2793 3512 3096 3583 ᾑρημένοις
3124 3512 3274 3583 μέγα
3316 3515 3374 3568 τὸ
3411 3513 3618 3567 παιδίον
3649 3510 3794 3562 τοῦτο

2231 3600 2588 3672 αρηματίσαι
2623 3601 2817 3657 κακόν.
2862 3602 2920 3657 Ὀ
2946 3604 3004 3657 δὲ
3041 3605 3351 3676 μάγιστρος
3378 3607 3617 3676 Νικήτας
3658 3605 3684 3657 ὁ
3710 3601 3802 3654 Ξυ-

2247 3692 2462 3763 λινίτης
2497 3694 2607 3747 τῶν
2639 3694 2907 3766 ὑπερλίαν
2936 3698 3226 3768 τυγχάνων
3260 3700 3491 3753 ὑπέθετο
3521 3698 3596 3769 τῷ
3638 3699 3803 3765 Ἀρτε-

2250 3786 2358 3856 μίῳ
2389 3787 2449 3838 ὲν
2481 3785 2853 3858 Θεσσαλονίκῃ
2882 3787 3020 3856 ὄντι,
3071 3791 3187 3853 τοῖς
3218 3790 3550 3862 Βουλγάροις
3590 3780 3801 3859 προσελο

2247 3878 2384 3942 θεῖν,
2429 3880 2525 3932 καὶ
2564 3879 2829 3952 συνεργία
2882 3880 3094 3935 τούτων
3115 3884 3500 3955 ἀπολήψεσθαι
3539 3882 3691 3937 πάλιν
3712 3880 3800 3948 τὴν

2250 3968 2560 4040 βασιλείαν.
2595 3972 2708 4025 Καὶ
2734 3970 2793 4035 ὃς
2821 3972 3093 4040 πείθεται,
3119 3975 3216 4028 καὶ
3242 3977 3385 4045 μετά
3410 3974 3639 4047 πλήθους
3660 3971 3801 4025 Βουλ-

2249 4063 2441 4134 γάρων
2491 4058 2627 4135 ἧκεν
2683 4065 2766 4128 εἰς
2811 4062 2873 4119 τὸ
2922 4065 3240 4130 Βυζάντιον.
3275 4071 3523 4140 οἰόμενος
3552 4066 3691 4138 παρά
3717 4064 3797 4116 τοῦ

2246 4155 2379 4209 λαοῦ
2409 4156 2941 4227 προσδεχθήσεσθαι.
2979 4158 3103 4211 Τῶν
3136 4158 3192 4212 δὲ
3215 4162 3316 4230 τῆς
3360 4160 3563 4222 πόλεως
3599 4160 3668 4230 μὴ
3694 4159 3801 4209 ἐπι-

2249 4249 2649 4319 στρεφομένων
2698 4249 2888 4313 αὑτοῦ,
2948 4251 2998 4303 oi
3031 4250 3337 4323 Βούλγαροι
3372 4252 3558 4307 τοῦτον
3609 4247 3799 4305 πολλῶν

2245 4342 2550 4412 χρημάτων
2579 4342 2659 4413 τῷ
2687 4341 2881 4395 Λέοντι
2911 4341 3264 4415 προῦδωκαν,
3299 4346 3396 4399 καὶ
3420 4345 3469 4398 oi
3517 4346 3614 4416 μὲν
3638 4341 3797 4411 ἀπῆλσ

2246 4433 2338 4486 θον
2365 4449 2381 4466 ο
2415 4433 2445 4485 δ
2470 4432 2529 4486 δὲ
2558 4435 2658 4487 σὺν
2686 4432 2765 4504 τῷ
2790 4433 3050 4508 Ξυλινίτῃ
3082 4435 3350 4508 ἀνῄρητο,
3399 4437 3493 4492 καὶ
3528 4438 3559 4508 ἠ
3584 4434 3673 4489 τοῦ
3704 4435 3796 4486 Ξυ-

560 4522 684 4577 Scio
713 4525 952 4594 equidem
988 4527 1221 4589 cantari,
1257 4525 1368 4595 fore
1396 4533 1454 4577 ut
1503 4525 1607 4579 ista
1635 4524 1848 4578 Ita'resis
1889 4526 2139 4595 agitetur,

2246 4524 2445 4580 λινίτου
2471 4526 2668 4595 κτῆσις
2687 4526 2824 4580 οὖσα
2847 4527 3039 4599 πολλὴ,
3065 4528 3369 4599 δεδήμευτο
3394 4530 3668 4601 ξύμπασα.
3699 4524 3794 4579 Καὶ

561 4623 621 4667 tu
661 4630 780 4669 vero
828 4615 974 4671 illius
1004 4625 1190 4671 auctor
1213 4630 1325 4671 esse
1362 4613 1493 4669 uoti.
1526 4613 1673 4669 Nam
1700 4613 1882 4670 Conon
1922 4616 2144 4686 quidam

559 4720 684 4759 eam
733 4707 1108 4777 auspicatum:
1142 4722 1251 4761 esse
1298 4706 1515 4760 dicitur.
1580 4704 1720 4759 Tum
1768 4704 1861 4760 ille
1906 4704 2092 4761 statim
2121 4722 2141 4759 :

565 4798 700 4868 Ego,
733 4798 933 4868 inquit,
963 4799 1007 4853 is
1043 4814 1181 4864 sum,
1233 4809 1284 4853 et
1330 4813 1436 4852 non
1471 4796 1633 4852 alius.
1676 4794 1861 4852 Conon
1886 4799 2027 4853 enim
2053 4799 2140 4852 in-

565 4889 687 4958 fans
736 4906 769 4944 a
823 4890 1130 4961 parentibus
1183 4890 1313 4945 meis
1355 4906 1474 4944 sum
1518 4889 1839 4961 appellatus.
1879 4889 2146 4963 lnclytum

561 4983 898 5039 Germanum
947 4982 1202 5039 assentiri
1249 4981 1551 5047 nolentem,
1605 4998 1672 5038 ac
1734 4984 1916 5054 potius
1949 5000 2147 5055 magno

563 5075 749 5129 animo
789 5074 1178 5146 refragantem,
1220 5083 1278 5130 et
1305 5089 1618 5145 perversam
1643 5073 1792 5130 illam
1824 5074 2142 5147 opinionem

564 5176 909 5237 arguentem,
934 5166 1180 5222 Ecclesia
1218 5166 1402 5239 ejecit,
1433 5181 1559 5221 cum
1595 5181 1717 5222 eam
1751 5182 1818 5222 xv
1844 5182 2021 5224 annos
2039 5183 2143 5239 gu-

565 5259 870 5325 bernasset,
905 5267 961 5314 et
991 5257 1338 5316 Anastasium
1363 5257 1656 5328 quemdam
1689 5258 1793 5314 sibi
1827 5261 2136 5315 assentien-

565 5362 699 5416 tem,
746 5351 1114 5415 patriarcham
1166 5350 1495 5422 designavit.
1542 5351 1701 5407 Nunc
1741 5351 1888 5406 unde
1930 5351 2042 5407 Leo
2080 5351 2137 5407 in

566 5446 726 5499 istam
759 5444 1076 5514 opinionem
1113 5442 1407 5511 adductus,
1458 5452 1514 5499 et
1541 5443 1649 5498 huc
1677 5442 1974 5513 impietatis
2003 5459 2138 5514 pro-

562 5550 784 5607 gressus
815 5535 1006 5604 fuerit,
1036 5551 1325 5606 exponam.

2239 4617 2390 4673 ἄλλοι
2437 4617 2497 4670 δὲ
2558 4618 2669 4671 τῶν
2705 4621 3042 4690 συνωμοτῶν
3075 4620 3173 4673 τοῦ
3225 4622 3514 4692 ’Λρτεμίου
3554 4616 3793 4683 ὲκτάνθη·

2240 4726 2363 4774 σαν,
2418 4712 2559 4782 πρὸς
2590 4705 2671 4774 οἷς
2709 4718 2806 4765 καὶ
2835 4712 2865 4766 δ
2907 4714 3007 4783 τῆς
3057 4712 3461 4783 Θεσσαλονίκης
3502 4707 3791 4782 ἀρχιερεύς.

2251 4797 2389 4857 Εἶτα
2419 4803 2512 4856 τὸν
2556 4805 2671 4857 υίὸν
2719 4803 2887 4858 αὑτοῦ
2923 4806 3335 4859 Κωνσταντίνον
3362 4806 3391 4858 ὁ
3418 4805 3566 4859 Λέων
3595 4799 3795 4873 βασ.λέα

2247 4895 2543 4966 πεποίηκα,
2593 4896 2748 4966 παρὰ
2780 4896 2878 4950 τοῦ
2942 4898 3245 4952 ὁσιωσάτου
3280 4895 3561 4968 Γερμανοῦ
3599 4894 3690 4960 τῆς
3715 4889 3794 4942 ἐπὶ

2243 4988 2311 5059 τῇ
2339 4987 2620 5042 ταινιώσει
2648 4989 2875 5060 τελετῆς
2902 4990 3278 5063 τελεσθείσης.
3314 4988 3591 5045 Ἐντεῦθεν
3611 4989 3638 5041 ὁ
3661 4984 3789 5039 Λέων

2242 5081 2472 5150 ἄρχεται
2496 5078 2594 5134 τοῦ
2624 5080 2943 5151 θεομαχεῖν,
2996 5081 3092 5136 καὶ
3118 5083 3262 5137 κατά
3301 5084 3412 5136 τῶν
3442 5079 3648 5134 σεπτῶν
3674 5071 3792 5128 εἰκό-

2243 5187 2350 5224 νων
2394 5170 2680 5242 ὲλύττησε.
2718 5174 2831 5226 Καὶ
2885 5174 2977 5228 τὸν
3034 5175 3349 5248 ωτριάχην
3388 5168 3791 5245 μεταπεμψάμε-

2244 5279 2334 5327 νος
2363 5263 2665 5336 Γερμανδν,
2713 5266 2788 5338 μὴ
2816 5267 2929 5321 δεῖν
2952 5267 3111 5337 ἔλεγε
3136 5270 3237 5334 τὰς
3283 5268 3498 5331 εἰκόνας
3528 5260 3786 5335 τιμᾶσθαι,

2245 5358 2698 5431 εἰδωλολατρείαν
2730 5358 2840 5430 γὰρ
2860 5360 2960 5431 τὴν
2995 5361 3202 5416 τούτων
3224 5359 3488 5416 ἀπεκάλει
3510 5354 3789 5429 προσκύνη·

2248 5463 2354 5502 σιν.
2373 5446 2431 5500 '0
2453 5448 2509 5501 δὲ
2541 5449 2684 5513 θεῖος
2718 5451 2926 5516 ἐκεῖνος
2961 5453 3179 5525 Πατὴρ,
3204 5453 3493 5523 Εὐφήμει,
3520 5441 3779 5516 βασιλεῦ,

2244 5541 2376 5611 ἔφη,
2424 5542 2523 5595 καὶ
2544 5541 2632 5612 μὴ
2675 5543 2831 5597 οὕτω
2860 5546 3071 5615 φρόνει
3091 5562 3106 5577 ο
3137 5546 3354 5613 ἀσεϐὲς
3390 5546 3496 5616 γὰρ
3530 5543 3783 5607 ἄντικρυς

1714 5656 1916 5720 Variae
1948 5658 2250 5723 lectiones
2292 5674 2354 5725 et
2396 5670 2584 5727 notte.

636 5755 758 5845 (472‘
789 5756 1214 5828 Κοπρώνισμον.
1261 5759 1668 5823 Κωνσταντῖτος
1698 5760 1727 5813 ό
1770 5759 1870 5830 τῆς
1913 5761 2145 5833 κοπρίας

2246 5761 2495 5841 τώνυμος,
2563 5768 2707 5840 apud
2735 5767 3182 5845 Constantinum,
3249 5772 3345 5830 lib.
3383 5788 3441 5842 ιι,
3473 5769 3547 5825 De
3572 5767 3774 5825 Tliemat-

564 5833 684 5893 cap.
727 5826 781 5880 ϐ.
