4068 6410
372 319 505 404 13'21
1622 318 2030 393 ANNA'LIUM
2072 330 2221 393 LIB.
2271 332 2390 393 xv.
3503 326 3637 391 1322

369 453 439 505 τὸ
469 451 760 520 ἐννόημα,
796 448 895 503 καί
927 443 1061 502 οῖδα
1089 444 1207 516 μὲν
1253 443 1549 513 ᾀδόμενον
1593 444 1662 496 τὸ
1698 442 1952 512 μέλλειν
1989 441 2305 511 κινηθῆναι
2356 442 2585 511 ταύτην
2632 441 2747 512 τὴν
2811 434 3068 513 αἳρεσιν.
3123 444 3309 499 Ἀλλὰ
3336 440 3420 511 μὴ
3485 442 3638 508 σύγε

368 528 497 611 sine
529 538 1219 611 όταύτηςέίσαγωγεύς.
1242 541 1451 592 Κόνων
1513 534 1628 605 γάρ
1698 552 1784 600 τις
1842 534 2282 605 ὀνομαζόμενος
2363 536 2587 604 ταύτης
2633 535 2889 607 μέλλειν
2942 537 3341 606 κατάρχεσθαι
3377 536 3634 604 λέγεται.

370 641 476 691 Καὶ
501 638 558 700 ὃς
589 636 874 689 ὑπολαῆὼν
896 631 1114 695 αὐτίκα,
1149 632 1336 701 φησιν,
1380 627 1615 683 Οὐκοῦν
1662 627 1776 696 ἐγώ
1812 629 1951 696 ειμι,
2001 627 2103 681 καί
2128 629 2242 695 οὐχ
2269 626 2472 695 ἕτερος
2495 645 2510 659 ·
2540 629 2750 681 Κόνων
2783 628 2893 697 γὰρ
2916 627 3075 695 παρὰ
3113 626 3231 682 τῶν
3263 628 3486 696 γονέων
3524 645 3640 694 νη..

369 730 962 798 πιόθενώνόμασμαι.
1020 727 1125 779 Τὸν
1191 724 1292 795 μὲν
1353 720 1447 777 οῦν
1514 723 1760 792 ἀοίδιμον
1820 722 2102 793 Γερμανὸν
2167 723 2242 793 μὴ
2320 720 2615 776 πεισθέντα
2689 722 2974 777 συνθέσθαι
3038 726 3105 794 τῇ
3172 724 3369 794 γνώμῃ
3445 722 3642 776 αὐτοὶ·

370 822 572 891 μᾶλλον
607 822 706 891 μὲν
762 819 859 873 οῦν
891 818 986 871 καὶ
1018 816 1374 886 γενναιότατα
1425 814 1799 883 ἀντιλέγοντα,
1850 816 1944 867 καὶ
1983 813 2082 884 τὴν
2141 812 2309 867 αὐτοῦ
2345 814 2670 880 κακοδοξίαν
2723 813 3012 885 ἐλέγχοντα
3044 814 3142 883 τῆς
3168 813 3463 885 ἐκκλησίας
3490 815 3550 877 ἐξ
3572 815 3637 864 b-

369 922 557 989 οησεν,
592 916 685 986 ἔτη
717 913 923 984 ταύτην
945 912 1202 966 ίθύναντα
1230 909 1648 963 πεντεκαίδεκα.
1687 907 2038 962 ’Δναστάσιον
2096 908 2153 961 δέ
2225 925 2350 962 τινα
2413 912 2496 971 είς
2559 909 2917 981 πατριάρχην
2953 907 3134 979 ἑαυτῷ
3180 909 3457 979 ὁμότρονα
3499 928 3638 979 πρι-

367 1010 692 1083 χειρίζεται.
746 1007 853 1062 Τοῦ
887 1007 934 1061 δ’
982 1006 1078 1062 οῦν
1111 1006 1255 1060 οὕτω
1298 1007 1570 1077 φρονῆσαι
1609 1006 1697 1058 τὸν
1750 1005 1957 1060 Λέοντα
1992 1005 2088 1059 καὶ
2145 1008 2228 1069 είς
2280 1005 2439 1059 τοῦτο
2499 1004 2788 1074 προελθείν
2816 1005 3099 1073 ἀσεϐείας,
3135 1006 3258 1077 ἥκω
3302 1007 3401 1077 τὴν
3461 1007 3640 1059 αἰτίαν

367 1105 528 1157 ἐρῶν.

577 1194 708 1261 ἰζ’ιο
762 1194 875 1267 (48)
922 1194 1029 1247 τῶν
1086 1193 1332 1265 Ἀράϐων
1364 1193 1552 1264 ἄρχων
1583 1193 1709 1264 ἄρτι
1755 1192 1950 1261 γέγονέ

2122 1189 2212 1246 lll.
2271 1189 2447 1244 lzitho
2501 1188 2747 1245 Arabum
2783 1191 3156 1262 principatum
3204 1208 3384 1262 nuper
3415 1193 3639 1264 adepto.

375 1310 468 1354 τις,
509 1290 610 1343 καὶ
652 1287 829 1357 τούτῳ
871 1284 1164 1356 προσίασιν
1217 1284 1459 1353 Ἑϐραῖοι
1507 1283 1600 1337 δύο
1652 1284 1713 1337 τὸ
1759 1284 1950 1355 ἐπιτή-

365 1384 539 1453 δευμα
577 1380 796 1450 γόητες,
835 1379 884 1431 οἱ
933 1376 993 1429 δὲ
1030 1374 1391 1446 ἀστρολογίαν
1442 1376 1629 1443 ἐλεγον
1681 1376 1948 1445 μετιέναι,

367 1474 666 1530 κάντεῦθεν
724 1472 922 1525 ειδέναι
946 1470 1015 1523 τὰ
1048 1468 1335 1539 μέλλοντα,
1380 1469 1475 1521 καὶ
1505 1469 1583 1537 τῷ
1615 1466 1809 1538 Ἄραϐι
1852 1466 1950 1534 τὴν

367 1568 545 1639 ἀρχὴν
595 1563 1019 1634 ἐπηγγέλλοντο,
1075 1564 1171 1615 καὶ
1226 1564 1326 1633 τὴν
1359 1560 1506 1631 ζωὴν
1562 1558 1945 1629 πολυχρόνιον,

366 1662 415 1712 εί
435 1659 544 1711 τῶν
566 1653 876 1725 ἐκκλησιῶν
906 1652 1015 1706 τῶν
1047 1648 1463 1721 Χριστωνύμων
1487 1648 1557 1701 τὰ
1580 1646 1676 1700 τοῦ
1707 1645 1947 1716 Χριστοῦ

367 1752 462 1804 καὶ
492 1751 592 1820 τῆς
643 1747 809 1801 αὑτὸν
842 1743 1114 1813 τεκούσης
1150 1742 1377 1796 ἐκδαλεί
1407 1741 1805 1810 ἐκτυπὼματα.
1840 1739 1950 1792 Καὶ

364 1848 395 1899 ὁ
448 1841 738 1915 Βᾶρὸαρος
784 1840 889 1892 οὐκ
924 1836 1251 1908 ἐμέλλησεν,
1296 1834 1415 1887 ἀλλ’
1449 1836 1516 1889 ἐκ
1565 1835 1785 1887 πάντων
1840 1832 1951 1884 τῶν

367 1938 428 1989 ἐν
482 1937 550 2006 τῇ
613 1932 706 1986 ὑπ’
759 1929 922 1985 αὐτὸν
952 1927 1188 1997 τελούσῃ
1220 1926 1374 1998 χώρᾳ
1414 1925 1559 1980 ναῶν
1595 1926 1696 1990 τὰς
1746 1927 1951 1988 σεπτάς

362 2028 585 2090 εἰκόνας
618 2026 872 2096 ἠφάνισε.
909 2021 1019 2075 Καὶ
1053 2022 1087 2092 η
1124 2020 1246 2073 θεία
1286 2019 1412 2090 δίκη
1451 2019 1644 2073 τοῦτον
1682 2018 1950 2089 μετῆλθεν

366 2121 471 2173 οὐκ
521 2120 601 2182 είς
665 2117 905 2188 μακράν.
960 2112 1128 2168 Οὔπω
1176 2113 1281 2183 γὰρ
1351 2111 1631 2183 παρῆλθεν
1682 2112 1948 2174 ἐνιαυτὸς,

370 2216 466 2266 καὶ
497 2214 526 2265 ὁ
572 2210 809 2272 δείλαιος
854 2209 956 2276 τὴν
1001 2206 1148 2277 ζωὴν
1190 2205 1490 2276 ἐζημίωτο.
1558 2204 1618 2257 '0
1670 2203 1729 2257 δὲ
1757 2202 1948 2256 τούτου

372 2306 526 2367 παῖς.
575 2301 677 2369 τῆς
736 2299 913 2369 ἀρχῆς
948 2298 1195 2369 διάδοχος
1237 2308 1500 2367 γεγονὼς,
1550 2297 1679 2361 τοὺς
1727 2298 1949 2359 λοιποὺς

367 2393 762 2467 ψευδομάντεις
790 2393 1034 2455 ἐκείνους
1064 2391 1271 2462 ἐζήτει,
1310 2392 1411 2462 τῆς
1454 2393 1541 2456 είς
1583 2389 1673 2444 τὸν
1718 2390 1949 2445 τεκόντα

370 2484 590 2554 ἀπάτης
644 2484 847 2547 αὐτοὺς
922 2483 1179 2537 τίσασθαι
1249 2484 1724 2555 προθυμούμενος.
1807 2484 1945 2538 Ἀλλ’

372 2576 619 2647 ἔφθησαν
667 2577 869 2630 ἐκεῖνοι
922 2577 1117 2644 φυγεῖν
1163 2574 1439 2642 ἐντεῦθεν,
1481 2576 1578 2629 καὶ
1630 2579 1711 2639 είς
1774 2578 1947 2629 Ἰσ;.υ-

375 2667 497 2735 ρίαν
552 2667 925 2736 κατήντησαν.
988 2667 1163 2721 Ἔνθα
1208 2665 1597 2737 περιτυχόντες
1650 2666 1827 2738 τούτῳ
1875 2668 1952 2737 τῷ

371 2756 583 2823 Λέοντι,
617 2757 807 2828 νεανία
837 2760 1179 2827 τυγχάνοντι,
1216 2758 1473 2828 βαναύσερ
1508 2759 1570 2810 τὸ
1605 2759 1946 2830 ἐπιτήδευμα

371 2849 472 2918 τὴν
506 2851 615 2902 τῶν
659 2849 952 2917 Ῥωμαίων
989 2848 1459 2919 προμαντεύονται
1507 2846 1806 2918 βασιλείαν.
1843 2847 1950 2901 Τοῦ

373 2939 430 2991 ἑὲ
460 2938 597 3009 πρὸς
623 2937 725 3009 τὴν
763 2937 975 2992 οἰκείαν
1002 2938 1320 3008 ἀφορωντος
1345 2938 1539 3008 τύχην,
1571 2939 1952 3007 ἀφεπηκυί..ν

375 3032 519 3085 πάνυ
560 3048 664 3084 που
699 3031 891 3102 πόρρω
915 3032 1175 3101 τοιαύτης
1209 3033 1406 3102 ἀρχῆς,
1452 3035 1547 3084 καὶ
1579 3032 1692 3094 τοῖς
1725 3032 1952 3085 ἐκείνων

372 3124 793 3185 διαπιστοῦντος
831 3126 1122 3194 χρησμοῖς,
1176 3126 1379 3177 ἐκείνοι
1432 3123 1817 3194 συμϐήσεσθαι
1855 3123 1951 3193 τὴν

374 3220 683 3290 πρόρρησιν
738 3216 1166 3286 ἀπισχυρίςοντο
1214 3216 1513 3289 κραταιῶς,
1552 3219 1649 3271 καὶ
1709 3216 1952 3289 ἀπῄτουν

373 3311 539 3365 αὐτὸν
589 3312 654 3364 δι’
705 3312 873 3382 ὅρκου
932 3311 1352 3382 πληροφορῆσαι
1386 3310 1607 3375 αὐτοὺς,
1663 3310 1755 3365 ὅτε
1798 3309 1953 3381 τύχοι

375 3403 475 3472 τῆς
534 3402 839 3474 βασιλείας,
895 3402 1083 3456 δοῦναί
1146 3418 1331 3470 σφισιν
1390 3400 1421 3454 ὃ
1476 3402 1543 3455 ἂν
1596 3403 1950 3473 αἰτήσωνται.

377 3496 487 3548 Καὶ
542 3495 603 3558 ὃς
650 3496 880 3566 ὄμνυσιν
928 3492 965 3565 ἦ
1010 3494 1121 3565 μὴν
1173 3494 1275 3564 τῆς
1332 3493 1611 3563 βασιλείας
1659 3492 1840 3565 τυχὼν
1870 3495 1957 3547 ὲν-

376 3588 507 3658 τελῆ
551 3589 733 3641 αὐτῶν
758 3591 1010 3660 ποιήσειν
1052 3587 1153 3658 τὴν
1206 3587 1445 3658 αἴτησιν.
1502 3586 1562 3640 ’0
1618 3588 1720 3657 μὲν
1772 3584 1864 3639 οὖν
1893 3585 1953 3638 ὃν

286 3726 293 3733 .
379 3677 599 3748 εἰρηται
660 3678 863 3749 τρόπον
935 3678 1034 3747 τῆς
1102 3675 1215 3731 τῶν
1289 3675 1582 3747 Ῥωμαίων
1654 3676 1954 3747 ἡγεμονίας

379 3772 708 3842 ἐκράτησεν.
740 3770 804 3823 Οί
841 3770 900 3823 δὲ
936 3770 1112 3839 τούτῳ
1140 3767 1347 3838 ταύτην
1377 3770 1952 3839 προμαντευσάμενοι,

379 3862 603 3916 ἔννατον
635 3862 736 3931 ἥδη
764 3861 883 3925 ἐτος
910 3863 1008 3933 τῆς
1037 3864 1339 3935 αύταρχίας
1384 3865 1602 3916 ἀνύοντι
1647 3860 1953 3931 προσῆλθον

376 3955 549 4027 αὐτῷ,
582 3954 680 4009 καὶ
723 3955 888 4028 ᾔτουν
914 3954 1212 4010 ἀποδοῦναι
1246 3958 1433 4019 αὐτοῖς
1462 3955 1562 4024 τῆς
1592 3956 1954 4025 προρρήσεως

375 4050 470 4103 τὸν
519 4050 737 4120 μισθόν.
796 4050 907 4103 Καὶ
951 4051 979 4102 ὁ
1024 4049 1177 4103 Λέων
1205 4049 1425 4119 ἕτοιμος
1463 4044 1532 4119 ἧν
1584 4048 1723 4116 πρὸς
1771 4046 1953 4108 τοῦτο,

379 4143 476 4194 καὶ
534 4142 718 4207 λέγειν
768 4141 942 4211 ἠξίου,
999 4141 1052 4193 τί
1106 4141 1168 4193 τὸ
1223 4140 1574 4210 αἰτούμενον.
1625 4138 1736 4193 Καὶ
1782 4140 1815 4207 ὴ
1858 4136 1959 4207 βέ-

378 4234 544 4305 ϐηλος
591 4235 779 4304 ἐκείνη
818 4235 928 4287 τῶν
964 4234 1234 4288 Ἰουδαίων
1266 4236 1420 4298 δυὰς,
1469 4234 1620 4287 Οὔτε
1661 4232 1952 4293 πλοῦτον,

380 4327 537 4393 εἷπε,
601 4327 853 4397 δοθῆναι
906 4328 1055 4397 ἡμῖν
1102 4327 1532 4396 ἐξαιτούμεθα,
1597 4326 1738 4380 οὔτε
1808 4322 1958 4392 πρὸς

379 4421 568 4489 δόξης
625 4419 966 4489 ἀναχθῆναι
1022 4420 1370 4489 περιωπὴν,
1444 4418 1571 4473 οὔθ’
1635 4418 1844 4486 ἕτερόν
1906 4433 1960 4469 τι

378 4514 501 4570 τῶν
552 4513 671 4584 τῆς
717 4515 1046 4581 βασιλείας
1125 4517 1430 4582 λαμπρὸν,
1482 4512 1622 4566 ἀλλ’
1673 4512 1711 4579 ἦ
1766 4512 1960 4580 μόνον

379 4608 450 4661 τὸ
494 4608 566 4662 τὰ
604 4607 718 4660 τοῦ
760 4606 1120 4674 Ναζωραίου,
1147 4606 1246 4659 καί
1276 4604 1386 4673 τῆς
1410 4605 1600 4659 αὑτὸν
1635 4604 1959 4670 τεκούσης,

381 4697 826 4767 περιαιρεθῆναι
882 4699 1181 4753 πάντοθεν
1226 4696 1646 4765 -ἐκτυπώματα,
1715 4697 1824 4750 Καὶ
1877 4694 1957 4759 ὃς,

385 4788 642 4850 ἁεὲσαιος
693 4778 945 4859 ὤν’περὶ
993 4787 1093 4858 τὴν
1142 4788 1350 4853 πίστιν,
1386 4784 1579 4856 ὥσπερ
1618 4801 1671 4837 τι
1719 4784 1831 4835 τῶν
1884 4785 1963 4834 εἰ-

387 4882 561 4934 καίων
620 4881 715 4931 καὶ
764 4880 980 4951 ῥᾴστων
1027 4878 1186 4931 τοῦτο
1247 4881 1472 4949 ποιῆσαι
1527 4878 1806 4941 συνέθετο,
1867 4876 1963 4929 καὶ

382 4973 479 5026 τοῦ
540 4973 770 5026 δεκάτου
811 4973 938 5043 ἄρτι
975 4970 1229 5025 ἐνιαυτοῦ
1282 4971 1384 5041 τῆς
1431 4968 1596 5024 αὐτοῦ
1648 4969 1962 5040 τυραννίδος

383 5069 714 5141 ἀρξάμενος,
760 5072 857 5123 καὶ
903 5067 1001 5122 τοῦ
1057 5068 1349 5139 θεομαχεῖν
1406 5067 1632 5139 ἧρξατο,
1681 5067 1775 5119 καὶ
1827 5065 1963 5133 μετὰ

384 5162 700 5231 φρικώδους
734 5161 1089 5232 βρυχήματος
1145 5161 1290 5213 κατὰ
1345 5159 1455 5211 τῶν
1484 5158 1704 5211 σεπτῶν
1733 5158 1962 5210 εἰκόνων

2050 1281 2270 1338 Hebrzei
2319 1281 2452 1344 duo,
2503 1291 2621 1336 arte
2668 1282 3124 1352 praestigiatores.
3176 1284 3280 1339 etsi
3326 1284 3637 1339 futurarum

2053 1393 2237 1431 rerum
2289 1394 2358 1433 ex
2406 1379 2698 1449 astrologia
2741 1377 3155 1448 prtedictionem
3220 1377 3636 1448 profiterentur.

2050 1469 2342 1540 imperium
2385 1480 2442 1525 et
2494 1470 2811 1527 diuturnam
2866 1471 3034 1524 vitam
3083 1470 3533 1540 pollicebantur,
3590 1472 3637 1526 si

2044 1560 2253 1617 Christi
2282 1573 2340 1616 et
2369 1562 2558 1617 Matris
2579 1564 2700 1633 ejus
2724 1561 2990 1633 imagines
3030 1556 3073 1616 e‘
3091 1561 3425 1617 Christianis
3454 1564 3637 1618 eccle-

2051 1652 2147 1707 siis
2194 1652 2469 1724 ejecisset.
2510 1648 2680 1710 Paret
2726 1654 2873 1709 haud
2902 1655 3145 1725 segniter
3192 1652 3488 1719 Barbarus,
3518 1670 3640 1709 om-

2051 1752 2259 1815 nesque
2294 1747 2634 1802 venerandas
2682 1748 2952 1819 imagines
3000 1750 3054 1803 in
3114 1752 3333 1820 templis
3379 1749 3639 1808 omnibus

2052 1854 2165 1894 suae
2188 1839 2416 1894 ditionis
2437 1839 2655 1895 abolet:
2689 1856 2793 1897 nec
2813 1842 2987 1896 multo
3013 1853 3137 1913 post
3162 1845 3423 1900 miserum
3448 1845 3637 1901 divina

2050 1932 2297 1988 vindicta
2348 1934 2728 2003 consequitur,
2768 1948 2914 1990 anno
2966 1938 3210 1992 nondum
3255 1938 3443 2008 elapso
3492 1955 3638 1995 mor-

2055 2033 2232 2079 tuum.
2262 2024 2438 2095 Cujus
2470 2025 2617 2081 (ilius
2643 2027 2795 2097 regni
2822 2041 3131 2093 successor,
3166 2045 3291 2084 cum
3323 2029 3489 2087 falsos
3512 2032 3640 2089 illos

2053 2125 2210 2172 vates
2237 2117 2309 2172 ob
2347 2117 2640 2188 deceptum
2664 2130 2954 2190 parentem
3005 2121 3073 2175 ad
3121 2122 3456 2192 supplicium
3489 2138 3640 2193 quaa-

2054 2212 2283 2265 ritaret:
2318 2204 2409 2265 illi
2420 2212 2534 2282 jam
2562 2211 2616 2266 in
2640 2211 2912 2267 'lsauriam
2939 2212 3366 2285 transfugerant.
3404 2216 3485 2271 lbi
3506 2232 3633 2272 cum

2053 2300 2111 2357 in
2144 2300 2291 2356 hunc
2320 2301 2562 2357 Leonem
2598 2311 2713 2356 tum
2762 2303 3172 2360 adolescentem
3207 2306 3462 2376 opificem
3496 2310 3639 2364 inci-

2050 2391 2286 2455 dissent,
2332 2392 2624 2462 imperium
2673 2395 2725 2450 ei
2786 2395 3096 2451 Romanum
3153 2400 3481 2468 praedicunt.
3532 2402 3637 2469 Qui

2052 2501 2178 2541 cum
2214 2501 2369 2541 suam
2421 2487 2703 2543 fortunam
2761 2488 3007 2557 intuens,
3035 2491 3254 2549 infinito
3277 2494 3570 2551 intervallo
3607 2514 3639 2552 a

2049 2587 2209 2634 tanto
2243 2578 2480 2649 imperio
2530 2581 2878 2652 sejunctam',
2916 2584 3135 2640 illorum
3186 2588 3426 2644 oraculis
3473 2590 3637 2645 fidem

2053 2671 2384 2742 abrogaret:
2432 2674 2510 2728 illi
2547 2685 2877 2731 eventurum
2923 2677 2977 2731 id
3025 2678 3174 2749 quod
3230 2681 3636 2751 praedixissent,

2054 2772 2374 2819 constanter
2406 2765 2825 2832 asseverabant,
2858 2783 3100 2838 eumque
3143 2768 3508 2843 jurejurando
3537 2774 3639 2829 ob—

2053 2854 2417 2925 stringcbant,
2466 2864 2529 2910 ut
2563 2871 2644 2922 se,
2685 2856 2921 2927 imperio
2952 2862 3181 2930 potitus,
3215 2864 3326 2918 voti
3352 2876 3639 2935 compotes

2056 2945 2330 3002 redderet.
2379 2947 2539 3003 Jurat
2589 2948 2682 3003 ille
2722 2963 2783 3005 se
2828 2951 3127 3008 facturum.
3162 2954 3405 3011 Potitum
3448 2958 3636 3029 igitur,

2058 3050 2117 3093 ut
2140 3038 2350 3094 dictum
2381 3048 2487 3105 est,
2522 3041 2771 3098 Romano
2811 3044 3065 3114 imperio,
3099 3045 3266 3118 idque
3289 3064 3496 3105 nonum
3523 3052 3636 3122 jam

2055 3146 2262 3185 annum
2300 3141 2603 3198 tenentem,
2631 3137 2724 3204 qui
2755 3135 2809 3189 id
2831 3137 2883 3192 ei
2910 3137 3195 3193 vaticinati
3229 3139 3472 3208 fuerant,
3506 3159 3641 3199 con-

2057 3240 2282 3289 venere,
2314 3225 2474 3298 104
2529 3226 2905 3296 prmdictionis
2948 3230 3257 3286 mercedem
3308 3231 3635 3303 ﬂagitantes.

2054 3316 2172 3371 Non
2213 3324 2433 3371 recusat
2480 3316 2613 3381 Leo,
2641 3332 2705 3372 ac
2731 3319 2917 3374 dicere
2944 3320 3102 3390 jubet
3133 3322 3268 3391 quid
3293 3327 3523 3393 petant?
3572 3327 3641 3381 At

2055 3408 2272 3478 profani
2324 3408 2404 3463 illi
2433 3408 2545 3464 duo
2591 3410 2807 3466 :Iudzei:
2855 3410 3038 3484 Neque
3068 3416 3304 3483 divitias,
3358 3417 3637 3488 inquiunt,

2055 3499 2404 3569 postulamus,
2446 3516 2608 3571 neque
2658 3503 2931 3572 dignitatis
2961 3503 3187 3574 alicujus
3218 3508 3492 3579 fastigium
3525 3527 3640 3563 am-

2054 3593 2245 3656 bimus,
2299 3607 2465 3663 neque
2521 3593 2692 3647 ullum
2741 3597 2949 3666 imperii
2997 3598 3354 3668 splendorem,
3389 3605 3482 3658 sed
3508 3605 3641 3660 illud

2053 3683 2341 3746 duntaxat,
2391 3694 2448 3738 ut
2486 3682 2764 3740 Nazareni
2809 3696 2857 3740 et
2900 3686 3181 3744 Genitricis
3219 3692 3333 3761 ejus
3382 3694 3642 3764 imagines

2048 3776 2243 3846 “ubique
2266 3774 2549 3830 tollantur.
2580 3775 2718 3830 Tum
2752 3777 2867 3842 ille,
2897 3794 3089 3847 parum
3120 3780 3275 3836 firma
3306 3783 3413 3839 ﬁde
3445 3786 3642 3855 praedi-

1983 3900 2026 3955 c
2059 3875 2169 3931 tus,
2212 3867 2367 3936 quasi
2402 3880 2489 3921 res
2512 3867 2650 3921 levis
2672 3882 2738 3922 ac
2766 3867 3028 3924 facillima
3057 3881 3226 3936 esset,
3265 3887 3324 3928 se
3365 3876 3436 3929 ita
3464 3877 3641 3932 factu-

2066 3971 2187 4010 rum
2214 3954 2529 4025 pollicetur,
2562 3964 2619 4011 et
2642 3956 2917 4012 decimum
2959 3975 3071 4015 suae
3096 3964 3401 4033 tyrannidis
3436 3980 3640 4022 annum

2061 4048 2377 4117 auspicans,
2408 4063 2517 4103 una
2548 4048 2716 4103 etiam
2754 4050 2961 4106 bellum
3003 4063 3198 4109 contra
3234 4055 3404 4111 Deum
3452 4061 3641 4131 auspi-

2054 4149 2241 4205 catur,
2268 4151 2327 4197 et
2357 4157 2481 4197 cum
2509 4142 2743 4199 terribili
2776 4144 2961 4215 rugitu
2983 4147 3330 4203 venerandas
3372 4149 3641 4221 imagines

2054 4231 2316 4298 invadit,
2374 4233 2868 4305 gravissimamque
2921 4238 3363 4305 persecutionem
3415 4242 3641 4305 excitat,

2060 4323 2267 4378 multos
2291 4323 2632 4379 detestandae
2663 4340 2778 4381 sure
2832 4326 3101 4382 voluntati
3152 4328 3510 4385 adversantes
3538 4348 3643 4402 pi:-

2062 4416 2165 4480 nit,
2210 4431 2274 4470 ac
2301 4417 2771 4488 martyres'facit.
2813 4418 2893 4475 Ac
2940 4432 3142 4490 praeter
3180 4434 3400 4489 caatera,
3433 4441 3557 4496 quae
3584 4426 3639 4481 in

2062 4508 2184 4578 pios
2212 4524 2381 4565 ausus
2407 4518 2519 4575 est,
2573 4511 2708 4566 illud
2735 4512 2902 4568 etiam
2930 4514 3259 4585 designavit.
3291 4517 3499 4572 Domus
3524 4528 3644 4572 erat

2064 4600 2119 4654 in
2149 4599 2379 4657 basilica
2427 4602 2674 4672 proxime
2712 4602 2895 4658 lorum
2926 4603 3210 4660 JErarium
3242 4608 3415 4677 regia,
3451 4608 3506 4663 in
3533 4625 3641 4680 qua

2062 4693 2222 4748 multi
2257 4694 2476 4750 codices
2498 4703 2554 4749 et
2574 4695 2847 4760 humanze,
2880 4707 2936 4752 et
2962 4699 3332 4769 generosioris
3357 4716 3422 4756 ac
3445 4702 3644 4758 divina:

2062 4786 2346 4855 sapientia:
2368 4786 2815 4853 asservabantur,
2852 4788 2923 4842 ab
2954 4788 3198 4859 antiquis
3224 4793 3566 4861 temporibus
3592 4793 3644 4848 ei

2063 4876 2132 4931 ad
2172 4876 2533 4931 habitandum
2574 4877 2865 4946 attributa,
2916 4879 3010 4949 qui
3059 4864 3373 4936 eruditione
3403 4885 3643 4937 excelle-

2065 4978 2171 5033 ret,
2207 4983 2369 5038 quem
2395 4970 2796 5025 meumenicum
2844 4970 3129 5026 doctorem
3177 4972 3550 5041 appellabant.
3596 4973 3647 5027 ls

2067 5076 2139 5114 xu
2167 5060 2590 5117 contubernales
2612 5061 2853 5117 habebat
2891 5063 3229 5117 excellenter
3251 5063 3517 5118 eruditos.
3550 5063 3643 5118 llis

2066 5153 2325 5223 publicus
2375 5153 2554 5209 victus
2616 5154 2998 5223 praebebatur:
3052 5154 3152 5208 hos
3205 5156 3539 5211 eruditionis
3589 5164 3647 5209 et

385 5250 656 5322 ἐχώρησε,
711 5254 805 5306 καὶ
853 5251 1093 5320 διωγμὸν
1137 5249 1445 5321 βαρύτατον
1475 5250 1686 5321 ἤγειρε,
1732 5248 1953 5310 πολλούς

2066 5246 2398 5317 cognitionis
2428 5246 2575 5301 avidi
2601 5246 2980 5327 accedebant:
3023 5247 3125 5303 hos
3164 5249 3530 5317 imperatores
3575 5250 3643 5301 ad

384 5361 448 5397 τε
473 5346 876 5416 ἀνθεστηκότας
900 5346 968 5414 τῇ
993 5342 1268 5414 ξξαγίστῳ
1294 5340 1489 5411 γνώμῃ
1510 5340 1673 5394 αὐτοῦ
1707 5339 1959 5404 ἐκόλασε,

386 5438 485 5490 καὶ
525 5436 811 5508 μάρτυρας
859 5438 1261 5508 ἀπειργάσατο.
1319 5434 1464 5506 Πρὸς
1510 5432 1569 5486 δὲ
1612 5436 1723 5495 τοίς
1754 5431 1958 5497 ἄλλοις,

2070 5356 2256 5394 rerum
2293 5342 2655 5410 gerendarum
2703 5340 2932 5395 consilia
2985 5340 3344 5396 adhibebant.
3393 5341 3501 5396 Eos
3535 5341 3647 5395 Leo
3682 5351 3695 5362 ‘

2066 5429 2114 5485 si
2143 5432 2400 5500 cepisset,
2420 5440 2479 5486 et
2508 5430 2563 5485 in
2586 5446 2741 5486 suam
2764 5431 3093 5487 sententiam
3121 5433 3497 5504 pertraxisset,
3522 5449 3646 5488 om-

1661 5552 1862 5615 Varite
1900 5552 2211 5616 lectiones
2247 5562 2307 5617 et
2344 5561 2533 5617 noue.

461 5682 577 5754 (i8)
633 5682 794 5743 ’1ζίθ.
861 5682 1155 5735 Historiam
1229 5682 1374 5732 hanc
1435 5682 1691 5747 pluribus
1749 5690 1957 5755 enarra;

384 5754 744 5809 Orientalium
784 5753 837 5806 iu
868 5750 1105 5805 COlll'lllU
1146 5748 1365 5803 Νἰιιωηυ
1405 5764 1465 5812 ιι,
1498 5747 1693 5813 331.5,
1734 5763 1790 5817 ιι.
1831 5746 1957 5803 385.

706 5849 978 5908 ΡΛῊιοι..
1002 5847 1131 5904 illi.
1169 5846 1266 5904 CX
1284 5846 1510 5904 .‘LXlV.

633 5680 794 5743 Ἰζίθ.
861 5678 1155 5735 Historiam
1229 5677 1374 5732 hanc
1435 5676 1691 5747 pluribus
1749 5685 1975 5747 enarrat
2047 5676 2290 5735 Joannes
2336 5677 2636 5735 Monachus
2685 5686 2741 5733 ει
2785 5679 2969 5734 locum
3021 5686 3215 5736 tenens
3281 5681 3646 5739 Ecclesiamm

3241 5837 3318 5898 42
