4068 6390
563 303 700 372 Ῐ323

1799 304 2125 366 JOANNIS
2163 303 2490 366 ZONARE

3667 305 3796 371 ιεῖι

557 427 645 478 nia
681 423 786 478 sibi
817 421 1066 477 confecta
1106 420 1221 476 fore
1238 418 1505 491 .putabat.
1547 419 1794 475 Accersit
1832 420 1999 490 igitur
2045 422 2120 474 vi-

2233 414 2313 482 οἷς
2375 419 2519 474 κατὰ
2572 418 2682 472 τῶν
2736 417 3108 471 εὐσεϐούντων
3141 413 3434 483 ἐτόλμησε,
3496 419 3588 471 καὶ
3648 422 3801 476 τοῦτο

558 530 671 576 ros,
707 513 1121 583 improbamque
1151 525 1305 565 suam
1337 509 1405 564 de
1445 509 1772 564 venerandis
1799 509 2130 580 imaginibus

554 607 868 677 opinionem
895 620 1019 660 cum
1047 604 1128 660 eis
1155 603 1546 660 communicat.
1573 601 1675 668 Qui
1703 603 1841 656 adeo
1866 617 1974 656 non
2001 611 2130 657 sunt

554 702 785 765 assensi,
823 708 962 754 utet
996 699 1174 769 ipsum
1212 697 1279 751 ab
1305 712 1370 751 ea
1407 695 1667 766 Opinione
1703 709 1928 763 prorsus
1953 694 2126 749 abdu-

553 809 678 847 cere
711 800 1065 855 conarentur,
1117 788 1316 858 partim
1349 787 1716 843 demulcendo
1753 785 1925 840 feram
1957 785 2125 852 illam,

551 895 605 940 et
634 883 968 940 salutaribus
1001 879 1340 938 carminibus
1375 877 1729 942 incantando,
1757 876 1953 946 partim
1989 892 2124 931 con—

555 973 814 1028 ﬁdentius
869 974 1255 1036 adversando,
1307 977 1364 1025 et
1411 971 1532 1042 ejus
1581 969 1918 1040 impietatem
1966 985 2124 1024 coar-

553 1066 794 1136 guendo.
829 1066 935 1120 Sed
965 1065 1056 1122 ille
1089 1065 1264 1119 instar
1294 1063 1504 1134 aspidis
1535 1063 1832 1117 obturabat
1859 1077 2042 1128 aures,
2072 1071 2128 1118 et

548 1174 738 1213 vocem
791 1159 1121 1215 incantantis
1167 1173 1276 1213 non
1311 1155 1655 1223 admittebat,
1687 1171 1865 1226 neque
1895 1156 2124 1211 medici-

549 1266 675 1304 nam
703 1251 1007 1322 aCcipiebat
1036 1268 1065 1306 a
1094 1251 1455 1322 sapientibus.
1479 1249 1616 1305 Cum
1642 1249 1808 1320 igitur
1830 1265 1972 1319 saepe
1999 1265 2152 1304 cum-

548 1340 629 1394 eis
655 1341 876 1410 egisset,
927 1341 1296 1412 persuadendi
1347 1355 1442 1410 spe
1491 1341 1725 1412 ahjecta,
1769 1355 1868 1397 eos
1898 1340 2122 1395 domum

547 1430 756 1487 dimisit
788 1432 840 1486 in
883 1433 1030 1489 aedes
1055 1433 1177 1488 illas
1227 1431 1438 1502 regias,
1469 1431 1807 1501 multamque
1838 1429 2122 1486 materiam

545 1523 754 1578 aridam
779 1527 984 1590 circum
1013 1540 1109 1580 eos
1134 1523 1457 1580 collocatam
1485 1533 1656 1578 noctu
1690 1523 1908 1579 incendi
1937 1525 2123 1595 jussit,

545 1628 708 1686 atque
744 1617 816 1670 ita
848 1616 994 1672 a-des
1017 1632 1141 1670 cum
1177 1615 1357 1682 libris,
1388 1622 1442 1671 et
1480 1613 1676 1670 doctos
1705 1615 1830 1670 illos
1869 1631 1931 1670 ac
1959 1629 2126 1670 vene-

545 1708 746 1763 rabiles
776 1710 926 1764 viros
955 1709 1279 1765 combussit.

2232 511 2556 582 πεποίηκεν.
2609 506 2774 572 Οἶκος
2827 506 2898 580 ἦν
2961 512 3019 562 ἐν
3064 511 3130 580 τῇ
3179 509 3495 580 καλουμένῃ
3549 511 3799 585 βασιλικῇ

2228 605 2460 673 ἔγγιστα
2509 603 2619 658 τῶν
2677 602 3108 674 χαλκοπρατίων
3165 602 3462 672 βασίλειος,
3510 605 3570 658 ὲν
3614 598 3659 674 ᾧ
3710 612 3803 661 καί

2229 695 2404 766 βίϐλοι
2452 696 2552 767 τῆς
2601 713 2660 748 τε
2715 695 2950 766 θύραθεν
3006 695 3222 764 σοφίας,
3283 695 3382 749 καὶ
3432 698 3528 766 τῆς
3583 698 3802 767 εὐγενε-

2229 789 2426 860 στέρας
2490 789 2584 842 καὶ
2644 787 2927 858 θειοτέρας
2995 788 3188 842 πολλαὶ
3258 789 3634 844 ἐναπέκειντο.
3699 787 3801 845 Ἦν

2225 881 2270 933 δ’
2327 877 2483 944 οὗτος
2533 880 2805 934 ἀνέκαθεν
2857 880 2954 934 τοῦ
2983 880 3318 952 προύχοντος
3360 883 3418 934 ἐν
3451 883 3634 950 λογοις
3675 900 3802 938 κατ-

2223 975 2542 1046 οικητήριον
2617 973 2678 1028 ὃν
2728 973 3112 1042 οίκουμενικδν
3176 974 3426 1046 ἐκάλουνπ
3462 975 3800 1031 διδάσκαλον.

2233 1070 2329 1132 ’ος
2368 1069 2465 1122 καὶ
2501 1067 2711 1122 δώδεκα
2748 1064 2894 1138 εἶχεν
2938 1067 3162 1137 ἐτέρους
3203 1071 3594 1132 συνοικοῦντας
3637 1072 3801 1141 αύτῷ,

2227 1158 2515 1220 κάκείνους
2557 1159 2658 1229 τῆς
2715 1159 2943 1226 λογικῆς
2995 1158 3248 1220 παιδείας
3293 1161 3626 1230 μετέχοντας
3669 1164 3800 1216 κατὰ

2224 1250 2284 1304 τὸ
2349 1251 2669 1322 ἀκρότατον.
2741 1250 2966 1314 Τούτοις
3018 1249 3112 1304 καὶ
3157 1251 3400 1320 σιτήσεις
3449 1253 3666 1305 ἀνεῖντο
3713 1253 3801 1324 δη-

2231 1344 2441 1413 μόσιαι.
2489 1345 2602 1397 Καὶ
2645 1344 2778 1415 παρ’
2832 1343 3020 1406 αὐτοῖς
3065 1331 3300 1410 ἐφοίτων
3349 1339 3432 1406 οἷς
3474 1343 3676 1412 ἔμελλε
3717 1343 3799 1398 λοι

2227 1435 2390 1504 γικῆς
2427 1434 2678 1498 παιδείας
2723 1446 2815 1488 και
2840 1433 3116 1502 γνώσεως.
3144 1434 3248 1497 Oi‘t;
3280 1435 3376 1488 καὶ
3405 1437 3454 1488 oi
3488 1435 3800 1506 βασιλεύον-

2227 1545 2318 1590 τες
2378 1527 2716 1598 συμϐούλους
2797 1528 2856 1581 ἐν
2921 1529 3037 1590 τοῖς
3111 1529 3416 1598 πρακτέοις
3487 1528 3800 1598 πεποίηντο.

2227 1619 2466 1683 Τούτους
2523 1615 2618 1673 οὖν
2687 1621 2736 1673 εἰ
2779 1619 2912 1683 ἕλοι,
2974 1620 3069 1673 καὶ
3113 1622 3215 1691 τῆς
3268 1619 3466 1674 ἐαυτοῦ
3517 1622 3802 1691 ποιήσαιτο

2225 1707 2476 1778 γνώμης,
2523 1707 2708 1780 ἔκρινε
2759 1709 2820 1762 τὸ
2853 1711 2964 1764 πᾶν
3006 1711 3488 1780 κατεργάσασθαι.
3527 1711 3641 1764 Kal.
3683 1708 3801 1771 τοὺς

543 1800 744 1870 ἄνδρας
782 1802 1310 1872 μεταστειλάμενος,
1367 1803 1468 1873 τὴν
1515 1803 1646 1874 περὶ
1697 1801 1807 1856 τῶν
1879 1801 2162 1856 σεϐαστῶν
2229 1800 2458 1873 γνώμην
2519 1802 2688 1856 αὐτοῦ
2742 1804 2840 1874 τὴν
2906 1803 3152 1876 πονηρὰν
3205 1805 3392 1868 αὐτοῖς
3482 1801 3803 1857 ἐκοινώσατο

542 1895 606 1946 υί
659 1894 716 1947 δὲ
773 1895 872 1964 οὐχ
921 1895 1046 1948 ὅσον
1097 1894 1196 1964 οὐχ
1242 1893 1550 1964 ώμοδόξουν
1606 1891 1778 1963 αύτῷ,
1833 1894 1969 1947 ἀλλὰ
2029 1894 2123 1948 καὶ
2195 1893 2362 1948 αὐτὸν
2437 1893 2783 1965 μεταστῆσαι
2832 1897 2929 1966 τῆς
2959 1895 3186 1967 γνώμης
3229 1895 3437 1966 ταύτης
3479 1896 3796 1966 ἐπεχείρουν

540 1988 890 2056 ὁλοσχερῶς,
958 1986 1034 2056 πῆ
1091 1985 1192 2056 μὲν
1262 1985 1613 2054 καταψῶντες
1677 1986 1766 2038 τὸν
1826 1985 1971 2055 θῆρα
2027 1984 2120 2038 τὸν
2193 1985 2606 2056 Δεοντώνυμον,
2669 1987 2763 2040 καὶ
2800 1987 3201 2058 κατεπᾴδοντες
3245 1988 3409 2042 αὐτοῦ
3437 1987 3512 2042 τὰ
3540 1991 3794 2058 σωτήρια,

544 2079 624 2148 πη
653 2079 712 2132 δὲ
741 2077 1120 2148 γενναιότερον
1149 2077 1575 2142 ἀντιϐαίνοντες,
1647 2077 1744 2128 καὶ
1797 2076 2170 2146 διελέγχοντες
2235 2075 2400 2130 αὑτοῦ
2460 2077 2559 2150 τὴν
2614 2079 2898 2134 ἀσέϐειαν.
2943 2081 3004 2132 '0
3055 2079 3110 2134 δὲ
3152 2079 3288 2134 ὡσεὶ
3329 2081 3498 2145 ἀσπὶς
3556 2081 3683 2134 έϐυε
3732 2080 3798 2144 τᾴ

539 2163 674 2235 ὦτα,
707 2170 802 2221 καὶ
835 2166 1021 2236 φωνῆς
1055 2166 1368 2238 ἐπᾳδόντων
1405 2167 1508 2220 ούκ
1577 2166 1797 2237 ἡκουεν,
1861 2167 1972 2220 οὐδ’
2041 2168 2468 2236 ἐφαρμακεύετο
2537 2171 2689 2242 παρὰ
2733 2171 2844 2224 τῶν
2893 2171 3097 2241 σοφῶν.
3155 2170 3430 2235 Πολλάκις
3473 2167 3577 2226 οὖν
3621 2172 3799 2232 αὐτοῖς

540 2259 1004 2334 προσωμιληκὼς,
1037 2259 1131 2312 καὶ
1150 2262 1249 2326 τὴν
1293 2259 1472 2312 αὐτῶν
1539 2258 1831 2329 μετάθεσιν
1898 2258 2192 2328 ἀπογνοὺς,
2234 2259 2361 2324 τοὺς
2417 2260 2516 2331 μὲν
2569 2263 2784 2334 ἀφῆκεν
2843 2265 2926 2327 είς
2973 2262 3075 2336 τὴν
3138 2264 3410 2333 σφετέραν
3467 2253 3796 2336 πορευθεῆνο.ι

539 2356 846 2425 διατριϐὴν,
879 2355 970 2409 τὸν
1012 2351 1163 2408 οἷκον
1199 2357 1406 2406 ἐκεῖνον
1441 2352 1642 2424 δηλαδὴ
1687 2351 1777 2404 τὸν
1819 2350 2110 2420 βασίλειον.
2150 2351 2324 2414 Αὐτὸς
2389 2352 2446 2405 δὲ
2487 2353 2754 2417 κελεύσας
2801 2354 3113 2428 εὔπρηστον
3136 2355 3272 2428 ὓλην
3303 2357 3639 2430 συναχθῆναι
3672 2358 3796 2412 πολ-

539 2451 638 2522 λὴν
669 2451 762 2504 καὶ
794 2449 954 2520 πέριξ
979 2449 1070 2502 τοῦ
1110 2448 1260 2502 οτκου
1293 2446 1541 2500 τεθεῖσαν
1569 2446 1879 2516 ἀναφθῆναι
1937 2445 2152 2511 νυκτὸς,
2193 2444 2339 2500 οὕτω
2367 2446 2460 2500 τόν
2483 2465 2543 2500 τε
2577 2445 2728 2503 οἷκον
2761 2450 2860 2502 σὺν
2891 2452 3007 2514 ταῖς
3042 2449 3250 2522 βίϐλοις
3311 2452 3404 2504 καὶ
3438 2453 3570 2516 τοὺς
3611 2455 3796 2524 σοφοὺς

536 2547 780 2607 ’ἐκείνους
813 2543 1014 2613 ἄνδρας
1055 2543 1148 2595 κα)⁵
1181 2540 1514 2609 σεϐασμίους
1539 2541 1872 2595 κατέκαυσε.

609 2640 698 2696 Ν.
732 2639 844 2693 Hac
881 2637 948 2691 de
978 2651 1140 2690 causa
1169 2633 1493 2716 Gregorius,
1527 2634 1621 2703 qui
1659 2642 1774 2688 tum
1807 2634 1992 2689 Romae
2023 2648 2118 2690 ve»
2152 2643 2190 2698 Β

540 2735 676 2788 teris
729 2730 1030 2785 Ecclesiam
1081 2727 1462 2798 gubernabat,
1517 2725 1800 2795 repudiata
1851 2727 2116 2782 societate

539 2823 818 2896 pontificis
869 2837 1021 2876 nova:
1063 2821 1269 2884 Romae,
1331 2833 1545 2873 necnon
1595 2833 1786 2872 eorum
1831 2817 1925 2888 qui
1963 2818 2116 2872 illum

539 2923 928 2988 sequerentur,
972 2913 1096 2968 illos
1121 2925 1232 2965 una
1257 2925 1381 2966 cum
1411 2910 1566 2980 105
1596 2909 1926 2976 imperatore
1958 2926 2112 2980 syno-

541 3010 666 3064 dico
701 3008 1047 3062 anathemate
1095 3003 1415 3066 obstrinxit,
1465 3012 1520 3056 et
1571 3003 1856 3073 vectigalia
1887 3019 2010 3072 qua:
2049 3002 2114 3056 ad

542 3103 594 3158 id
633 3117 808 3172 usque
835 3110 1052 3170 tempus
1110 3096 1342 3166 imperio
1371 3096 1496 3148 inde
1529 3095 1930 3164 pendebantur,
1968 3095 2114 3149 inhi-

538 3193 681 3256 buit,
711 3193 819 3248 icto
840 3205 966 3245 cum
1001 3189 1221 3244 Francis
1246 3185 1472 3240 foedere.
1508 3185 1549 3240 U
1579 3185 1660 3239 .de
1685 3185 1760 3238 illi
1786 3186 2118 3254 occupandae

539 3285 728 3340 Romae
757 3282 1105 3338 oecasionem
1130 3279 1464 3333 habuerunt.
1489 3275 1678 3344 Neque
1703 3277 1848 3328 enim
1887 3275 2115 3330 Romani

538 3375 758 3448 generis
783 3387 914 3427 sunt
946 3371 1163 3435 Franci,
1195 3368 1291 3424 sed
1330 3368 1414 3434 (ut
1444 3367 1497 3420 in
1541 3367 1700 3421 Varia
1735 3367 1971 3420 Historia
2003 3377 2114 3419 tra-

539 3468 622 3523 dit
665 3463 1017 3522 Gicsariensis
1065 3459 1395 3528 ProcOpius)
1434 3473 1567 3528 gens
1613 3457 1966 3518 Germanica,
1994 3475 2116 3528 qtae

537 3561 669 3614 olim
700 3558 844 3612 circa
872 3555 1126 3608 Rhenum
1174 3551 1376 3604 ﬂumen
1429 3559 1484 3603 et
1514 3548 1842 3604 Rhodanum
1873 3560 1928 3604 et
1964 3553 2118 3620 palu-

539 3653 638 3708 des
672 3651 890 3704 iilorum
937 3646 1186 3700 locorum
1222 3641 1510 3696 habitavit.
1555 3641 1691 3698 Cum
1731 3651 1910 3694 autem
1972 3641 2110 3694 Beli-

541 3743 720 3801 sarins
771 3747 874 3796 sub
909 3739 1092 3808 priore
1144 3733 1460 3792 Justiniano
1505 3735 1761 3788 ductaret
1789 3733 2112 3792 exercitum.

537 3847 596 3892 et
620 3852 744 3891 cum
767 3829 987 3889 Gotthis
1013 3829 1080 3885 de
1102 3828 1255 3884 Italia
1283 3838 1339 3883 et
1379 3827 1610 3882 urbibus
1640 3827 1860 3890 ltal:cis,
1894 3827 2115 3896 ipsaque

541 3930 736 3989 Roma,
769 3939 892 3995 qum
923 3933 1035 3977 tum
1063 3937 1092 3975 a
1127 3920 1348 3976 Gotthis
1381 3919 1734 3982 tenebantur,
1768 3918 2111 3973 decertaret:

2291 2634 2365 2684 A'.
2414 2631 2514 2683 Διὰ
2558 2631 2734 2684 ταῦτα
2768 2631 2796 2681 ὁ
2833 2631 2932 2700 τῆς
2974 2629 3362 2700 πρεσϐυτέρας
3409 2633 3542 2685 τότε
3587 2631 3793 2702 Ῥώμης

2218 2726 2318 2796 τὴν
2374 2725 2703 2794 Ἐκκλησίαν
2750 2725 2946 2778 ίθύνων
3004 2725 3328 2797 Γρηγὸριος,
3368 2725 3467 2795 τῆς
3536 2726 3672 2796 πρὸς
3709 2725 3794 2778 τὸν

2216 2818 2316 2887 τῆς
2339 2819 2484 2881 Νέας
2535 2818 2758 2886 Ῥώμης
2796 2817 3233 2888 προεδρεύοντα,
3287 2819 3380 2871 καὶ
3429 2819 3562 2882 τοὺς
3609 2819 3790 2886 ἐκείνῳ

2217 2911 2526 2979 ομσφρονις
2556 2909 2798 2970 ἀποστὰς
2837 2909 3128 2972 κοινωνίας
3175 2909 3418 2971 ἐκείνους
3466 2909 3569 2979 μὲν
3601 2911 3693 2962 σὺν
3719 2907 3794 2979 τῷ

2221 3001 2453 3069 βασιλεῖ,
2517 3001 2782 3072 συνοδικῷ
2849 3000 3229 3054 καθ-ἀπέϐαλεν
3273 2999 3625 3072 ἀναθέματιῇ
3672 3003 3790 3061 τοὺς

2217 3093 2271 3144 δὲ
2325 3095 2491 3164 μέχρι
2531 3097 2652 3146 τότε
2711 3097 2776 3164 τῇ
2833 3093 3081 3164 βασιλείᾳ
3138 3093 3539 3162 κομιζομένους
3587 3092 3788 3146 ἐκεῖθεν

2219 3183 2419 3250 φόρους
2469 3183 2694 3254 ἐπέσχε,
2741 3185 2854 3246 τοῖς
2905 3182 3180 3254 Φράγγοις
3220 3183 3615 3252 σπεισάμενος,
3671 3181 3787 3236 ὅθεν

2217 3277 2400 3338 αὐτοῖς
2445 3277 2669 3346 ἀφορμὴ
2706 3277 2898 3344 γέγονε
2926 3273 3021 3328 τοῦ
3054 3281 3349 3346 κυριεῦσαι
3397 3277 3500 3346 τῆς
3557 3275 3791 3346 Ῥώμης.

2217 3369 2292 3421 Οὐ
2347 3369 2458 3438 γὰρ
2527 3367 2622 3420 τοῦ
2672 3367 2782 3420 τῶν
2841 3366 3131 3438 Ῥωμαίων
3185 3367 3378 3434 γένους
3427 3367 3478 3418 οἱ
3528 3366 3786 3436 Φράγγοι,

2217 3462 2354 3514 ἀλλὰ
2411 3461 2752 3530 Γερμανικὸν
2813 3460 2968 3526 ἔθνος
3023 3461 3249 3524 τούτους
3293 3457 3437 3514 εἷναί
3506 3477 3640 3531 φησι
3693 3459 3788 3528 τὴν

2217 3553 2474 3624 ποικίλην
2527 3553 2774 3624 ἱστορίαν
2837 3555 2865 3606 ὁ
2924 3554 3237 3624 Καισαρεὺς
3297 3552 3609 3623 Προκύπιος
3664 3568 3789 3618 συγ·

2216 3645 2591 3714 γραψάμενος,
2656 3646 2786 3715 περὶ
2841 3645 2934 3700 τὸν
3011 3643 3199 3716 Ῥῆνον
3251 3648 3502 3714 ποταμὸν
3555 3645 3650 3700 καὶ
3703 3645 3796 3698 τὸν·

2230 3735 2504 3801 Ῥοίανδν,
2563 3737 2658 3790 καὶ
2701 3737 2801 3800 τὰς
2833 3737 3015 3789 ἐκεῖσε
3062 3735 3257 3806 λίμνας
3313 3736 3488 3791 πάλαι
3543 3751 3788 3805 κατῳκη-

2221 3829 2406 3897 μένον.
2477 3829 2584 3883 Τοῦ
2647 3831 2705 3883 δὲ
2771 3829 3094 3900 Βελισαρίου
3153 3829 3594 3899 στρατηγοῦντο;
3663 3828 3787 3881 Ῥω·-

2221 3924 2398 3993 μαίων
2429 3923 2523 3976 ἐπὶ
2553 3923 2646 3976 τοῦ
2679 3923 2953 3994 προτέρου
3010 3919 3415 3986 ’Ῑουστινιανοῦ,
3447 3921 3548 3974 καὶ
3579 3921 3787 3980 Γότθοις

543 4031 658 4074 tum
707 4018 944 4072 Francos
992 4014 1157 4070 etiam
1203 4023 1390 4067 narrat
1437 4011 1646 4066 Italiam
1711 4011 2012 4075 invasisse,
2064 4023 2120 4066 et

2223 4013 2756 4084 ἀντιπαλαμωμένου
2783 4015 2918 4082 περὶ
2955 4011 3208 4075 Ἰταλίας,
3243 4011 3338 4064 καὶ
3377 4011 3490 4066 τῶν
3532 4014 3591 4064 ἐν
3623 4009 3784 4079 ταύτῃ

541 4114 772 4170 Gotthos
809 4109 901 4180 qui
933 4107 1094 4163 simul
1124 4115 1179 4160 et
1208 4104 1470 4160 Romanis
1513 4113 1568 4158 et
1599 4103 1826 4158 Francis
1861 4103 2116 4158 resistere

543 4224 653 4262 non
688 4211 932 4276 possent,
959 4216 1084 4256 cum
1109 4199 1216 4263 his,
1247 4199 1451 4252 omisso
1482 4198 1644 4260 bello,
1680 4212 1866 4266 pacem
1895 4196 2114 4259 fecisse,

542 4299 820 4354 concessis
845 4293 1034 4350 Galliis
1059 4307 1178 4362 qua:
1207 4292 1656 4346 eis-accesserant
1682 4306 1696 4347 :
1743 4299 1906 4358 atque
1939 4287 1990 4342 id
2035 4288 2116 4341 fa-

541 4404 712 4456 etum,
741 4391 918 4458 ipsum
945 4387 1108 4442 etiam
1127 4383 1516 4448 Justinianum,
1545 4382 1770 4436 Francis
1785 4379 2114 4450 petentibus,

545 4480 916 4554 imperatoriis
976 4479 1175 4532 litteris
1222 4478 1598 4538 conﬁrmasse,
1644 4489 1712 4528 eo
1758 4473 2010 4536 consilio,
2051 4487 2118 4526 ne

547 4573 812 4631 Romanis
843 4569 1075 4626 Gotthos
1129 4567 1577 4637 impugnantibus
1611 4563 2003 4634 impedimento
2033 4577 2119 4617 es-

545 4673 688 4728 sent,
716 4662 811 4718 sed
834 4663 953 4730 ejus
975 4659 1408 4714 conﬁrmationis
1429 4659 1620 4726 gratia,
1649 4671 1837 4726 pacem
1869 4666 2115 4726 agerent.

549 4758 703 4812 Unde
750 4753 1005 4809 Germani
1039 4751 1330 4805 Massiliam
1393 4748 1802 4804 Phocaeensium
1845 4747 2116 4801 coloniam

547 4863 605 4905 et
640 4851 756 4903 loca
803 4845 1074 4900 maritima
1127 4845 1312 4897 omnia
1355 4843 1697 4912 occuparint,
1745 4851 1802 4896 et
1856 4842 1948 4896 illo
1985 4842 2116 4895 mari

551 4942 663 4994 sint
690 4937 870 5008 potiti,
905 4944 960 4990 et
1007 4949 1253 5004 magnam
1301 4934 1466 4988 etiam
1516 4933 1865 4988 Venetiarum
1910 4942 2117 5002 partem

546 5031 912 5088 obtinuerint.
959 5029 1038 5083 lla
1085 5027 1324 5082 Francos
1352 5041 1476 5080 cum
1527 5027 1580 5078 in
1624 5025 1884 5080 Italorum
1920 5026 2118 5081 vicinia

502 5081 952 5210 iconsedissent,
1007 5120 1076 5175 ab
1107 5135 1174 5175 eo
1207 5129 1453 5188 tempore
1485 5135 1594 5172 non
1643 5120 1923 5174 destitisse
1953 5119 2120 5172 finiti-

550 5233 668 5272 mos
702 5215 978 5268 Romanos
1024 5211 1184 5265 bellis
1232 5211 1525 5273 lacessere,
1561 5224 1865 5276 eorumque
1891 5208 2119 5276 provin-

441 5327 455 5338 °
549 5310 662 5364 eias
687 5304 962 5376 populari.
996 5303 1168 5373 Igitur
1201 5316 1338 5372 papa
1367 5300 1666 5371 Gregorius
1691 5299 1906 5353 deserta
1947 5301 2120 5368 impc-

548 5399 750 5454 ratoris
775 5395 1108 5460 obedientia,
1159 5403 1220 5447 ut
1270 5393 1477 5447 dictum
1534 5399 1636 5454 est,
1695 5389 1766 5444 ob
1800 5405 2114 5458 perversam

548 5492 698 5546 illius
735 5487 1075 5559 opinionem,
1115 5499 1306 5554 pacem
1355 5499 1479 5537 cum
1523 5481 1750 5536 Francis
1788 5481 1941 5542 fecit,
1997 5497 2122 5536 cum

549 5581 702 5650 prius
727 5594 868 5644 saepe
899 5577 1139 5634 dedisset
1164 5591 1411 5646 operam,
1437 5582 1498 5629 ut
1523 5574 1759 5629 Leonem
1786 5589 1885 5644 per
1907 5574 2123 5632 litteras

551 5669 620 5723 ab
650 5671 777 5724 odio
809 5670 905 5724 Dei
933 5677 1251 5729 revocaret,
1283 5676 1448 5736 atque
1481 5666 1550 5721 ad
1587 5667 1800 5721 cultum
1835 5681 2120 5722 sacrarum

551 5761 846 5832 imaginum
880 5760 1193 5816 reduceret.
1244 5759 1349 5816 Sed
1381 5757 1434 5813 id
1467 5757 1627 5828 plane
1657 5766 1777 5812 erat
1803 5757 2121 5828 AEthiopem

2221 4105 2428 4158 πόλεων
2478 4123 2570 4159 και
2623 4105 2724 4176 τῆς
2790 4104 3005 4176 Ῥώμης
3057 4103 3229 4175 αὐτῆς
3275 4103 3450 4175 (παρὰ
3515 4104 3624 4174 γὰρ
3682 4101 3784 4155 τῶν

2219 4199 2429 4253 Γότθωι
2457 4199 2790 4270 κατείχοντο)
2818 4199 2939 4253 τότε
2983 4199 3078 4252 καὶ
3117 4197 3560 4267 τοὺςφράγγους
3591 4195 3786 4265 ίστορεῖ

2219 4295 2284 4360 τῇ
2360 4291 2558 4362 Ἰταλίᾳ
2587 4289 2942 4360 ἐπεμϐαλεῖν.
2979 4291 3122 4354 Τοὺς
3176 4289 3359 4360 μέντοι
3418 4288 3654 4350 Γότθους
3713 4283 3782 4355 μὴ

2219 4383 2362 4446 οἴους
2406 4400 2465 4436 τε
2509 4383 2668 4445 ὂντας
2706 4381 3000 4451 Ῥωμαίοις
3056 4383 3155 4434 καὶ
3210 4384 3326 4446 τοῖς
3373 4382 3647 4450 Φράγγοις
3690 4378 3786 4430 άνο

2218 4472 2658 4536 τικαθίστασθαι,
2695 4471 2832 4542 πρὸς
2887 4473 3012 4534 τοὺς
3057 4472 3346 4543 Φράγγους
3395 4471 3588 4524 θέσθαι
3637 4483 3785 4521 σπον-

2219 4564 2336 4630 δὰς,
2383 4567 2477 4616 καὶ
2530 4564 2620 4618 τὸν
2673 4565 2811 4635 πρὸς
2847 4562 3091 4627 ἐκείνους
3128 4561 3488 4616 διαλύσασθαι
3537 4549 3781 4628 πόλεμον,

2222 4657 2768 4727 παρικεχωρηκύτας
2806 4642 2998 4718 ἀὐτοῖς
3030 4657 3140 4710 τῶν
3195 4655 3460 4720 Γαλλιῶν,
3519 4655 3640 4707 ὅσαι
3685 4665 3780 4718 περ

2221 4748 2404 4808 αὐτοῖς
2447 4747 2864 4818 προσεγένοντο.
2909 4749 3017 4800 Καὶ
3048 4748 3147 4817 τὴν
3177 4748 3377 4817 πρᾶξιν
3421 4746 3652 4815 ταύτην,
3697 4743 3782 4794 καὶ

2221 4837 2384 4890 αὑτὸν
2425 4838 2734 4907 ἐπιρρῶσαι
2756 4838 2844 4890 τὸν
2880 4837 3260 4892 Ἰουστινιανδν
3287 4837 3546 4908 βασιλείῳ
3583 4834 3776 4905 γραφῇ,

2220 4929 2379 4981 τοῦτο
2439 4929 2743 4997 δεηθέντων
2781 4929 2890 4983 τῶν
2931 4930 3220 5000 Φράγγων,
3264 4929 3778 5000 πραγματευόμενον

2220 5023 2282 5072 τὸ
2331 5019 2405 5090 μὴ
2464 5020 2758 5088 Ῥωμαίοις
2807 5020 3107 5089 πολεμοῦσι
3150 5022 3286 5091 πρὶς
3343 5020 3577 5084 Γὸτθους
3625 5019 3778 5086 ἠνανο

2220 5112 2448 5164 τιῶσθαι
2490 5113 2614 5174 τοὺς
2653 5113 2958 5182 Φράγγους,
2997 5112 3112 5166 ἀλλ’
3159 5109 3298 5168 εἶναι
3348 5115 3415 5166 τὰ
3467 5113 3601 5184 πρὸς
3656 5109 3776 5164 Ῥω-

2227 5205 2415 5274 μαίους
2438 5205 2652 5267 τούτοις
2681 5204 2770 5256 δια
2795 5205 2894 5273 τὴν
2929 5205 3235 5276 ἐπίρῤωσιν
3267 5204 3439 5274 φίλια.
3481 5201 3778 5258 Κάντεῦθεν

2222 5299 2345 5362 τοὺς
2377 5301 2692 5368 Γερμανοὺς
2735 5299 3052 5352 Μασσαλίαν
3094 5315 3154 5351 τε
3192 5299 3295 5369 τὴν
3332 5301 3606 5353 Φωκαέων
3629 5300 3776 5352 ἀποι-

2223 5393 2368 5457 κίαν,
2425 5395 2518 5444 καὶ
2565 5393 2634 5444 τὰ
2684 5391 2778 5444 ἐπὶ
2825 5390 3072 5462 θαλάσσῃ
3128 5375 3308 5463 διωρία
3358 5395 3506 5462 σχεῖν
3549 5392 3774 5451 ἅπαντα,

2220 5486 2316 5536 καὶ
2361 5483 2459 5552 τῆς
2513 5485 2632 5552 ἐκεῖ
2683 5484 2958 5558 κρατῆσαι
3021 5483 3323 5555 θαλάσσης,
3373 5484 3546 5538 πολλὰ
3591 5483 3648 5536 δὲ
3689 5481 3776 5534 καὶ

2219 5574 2328 5626 τῶν
2375 5573 2639 5626 Βενετιῶν
2691 5575 3008 5644 κατασχεῖν.
3069 5571 3261 5636 Οὕτως
3300 5567 3394 5626 οὖν
3447 5572 3499 5624 oi.
3546 5569 3773 5642 Φράγγοι

2221 5665 2665 5734 πεπλησιακότες
2709 5669 2822 5730 τοῖς
2890 5665 3135 5731 Ἰταλοῖς,
3191 5666 3253 5719 οὐ
3311 5665 3552 5719 διέλιπον
3600 5664 3772 5716 ἔκτοτε

2222 5758 2468 5821 ἐπιόντες
2497 5761 2607 5822 τοῖς
2653 5759 2834 5811 ἐκεῖσε
2887 5758 3205 5830 Ῥωμαίοις,
3235 5754 3334 5812 καὶ
3364 5757 3432 5814 τά
3467 5757 3559 5810 ὑπ’
3587 5750 3772 5814 αὐτοῦς
