4068 6428
571 366 707 442 3,327
1830 354 2152 425 JUANNIS
2192 357 2513 420 ΖυΝΑΒΑῑ
3677 359 3809 430 1323

563 488 813 556 dixerim)
844 484 1196 557 expeditidne
1234 487 1426 539 centra
1461 481 1665 538 Arabes
1696 491 1974 551 suscepta,
2014 492 2139 534 cum

2252 474 2496 546 Βεὺτερον
2529 474 2649 538 ἔτος
2686 476 2786 545 τῆς
2833 475 3152 545 τυραννίδος
3191 478 3358 532 αὐτοῦ
3393 480 3477 550 (οὐ
3515 481 3629 553 γὰρ
3672 484 3832 555 φαίην

562 584 630 636 ad
658 578 861 636 Obsicii
897 576 1236 650 provinciam
1282 574 1659 646 pervenisset,
1705 573 1795 628 cui
1842 570 2138 641 provincia:

2252 568 2306 621 ὶν
2371 566 2681 639 βασιλείας)
2737 568 3151 639 ἐκστρατεύσας
3194 573 3341 626 κατὰ
3408 574 3692 645 Ἀράϐιον,
3742 581 3834 633 καὶ

567 672 743 727 εοιῖὶιιὶε
788 670 909 740 ejus
949 667 1290 723 Artabasdus
1339 665 1692 734 curopalates
1740 670 2007 732 praeerat,
2060 660 2137 713 illi

2252 661 2296 710 ιν
2346 658 2425 728 τῷ
2469 657 2671 729 θέματι
2707 658 2804 713 τοῦ
2854 660 3101 730 Ὀφικέου
3133 666 3450 735 γενόμενος,
3508 659 3575 720 οὗ
3624 668 3691 739 δὴ
3745 670 3835 724 θέο

565 763 709 819 aIIini
740 777 841 818 suo
878 761 1109 817 insidias
1135 758 1357 814 struxit.
1394 757 1527 811 Nam
1562 766 1787 812 senatus
1816 766 1872 811 et
1902 755 2140 826 populus

2252 766 2413 815 λατος
2444 750 2545 821 τὴν
2587 750 2764 821 ἀρχὴν
2798 753 2827 805 ὁ
2891 753 3144 824 γαμϐρὸς
3194 757 3366 809 αὑτοῦ
3420 760 3769 829 περιέζωστο
3804 764 3836 815 ὁ

563 863 728 922 atque
750 851 917 907 etiam
946 851 1210 921 legiones,
1241 864 1391 912 cum,
1417 857 1478 902 ut
1505 847 1714 902 dictum
1740 858 1844 911 est,
1871 846 2139 901 Constan-

2252 842 2662 912 κουροπαλάτης
2717 844 3102 915 Ἀρτάεασδος,
3149 849 3486 903 ἐπεϐούλευε
3535 853 3719 924 τούτῳ
3772 857 3829 925 δὴ

494 958 511 965 ‘
567 947 741 998 tinum
773 942 1042 1005 odissent,
1082 937 1392 994 Artabasdo
1419 945 1480 992 ut
1507 935 1816 992 orthodoxo
1845 935 2136 1005 imperium

2252 933 2315 1004 τῷ
2338 934 2522 1005 οίκείῳ
2546 935 2809 1008 γαμϐρῷ.
2845 938 2914 992 Οἵ
2943 955 3003 992 τε
3038 940 3147 1010 γάρ
3178 942 3276 1012 τῆς
3309 944 3634 1013 γερουσίας,
3671 948 3761 998 καὶ
3785 947 3832 998 οἱ

567 1034 957 1091 decernebant.
1001 1032 1200 1088 Verum
1233 1029 1576 1085 Artabasdus
1613 1028 2014 1083 animadversis
2049 1028 2141 1081 in-

564 1125 744 1190 sidiis,
776 1123 1027 1179 oratione
1077 1120 1225 1190 apud
1271 1119 1537 1190 populum
1584 1118 1790 1183 habita,
1833 1117 2142 1173 Constanti-

567 1234 695 1272 num
726 1214 1060 1287 aggreditur.
1095 1213 1201 1268 Sed
1231 1212 1425 1283 effugit
1456 1210 1861 1283 Copronymus,
1887 1219 1944 1264 et
1982 1212 2143 1263 Amo-

568 1298 714 1365 rium'
745 1323 804 1363 se
843 1306 1096 1371 contulit,
1141 1303 1432 1373 missisque
1462 1302 1529 1358 ad
1570 1300 1933 1358 Orientalium
1977 1300 2147 1355 Lace-

568 1420 720 1465 num,
760 1410 817 1456 et
857 1398 1256 1454 Thracensium
1304 1397 1674 1451 Sisinnacium
1717 1394 1888 1450 duces
1929 1394 2145 1465 legalis,

567 1492 870 1563 magniﬁcis
912 1487 1407 1560 pollicitationibus
1456 1482 1809 1558 impetravit,
1855 1492 1915 1538 ut
1955 1497 2142 1537 secum

568 1588 884 1640 milztarent.
918 1583 1057 1637 llinc
1095 1581 1280 1637 civilia
1310 1580 1456 1636 bella
1488 1589 1606 1635 orta
1641 1587 1794 1644 sunt,
1824 1585 1880 1631 et
1912 1574 2142 1630 Romani

567 1694 685 1732 sese
713 1678 919 1730 mutuis
945 1675 1186 1730 caedibus
1222 1672 1597 1728 confecerunt.
1628 1671 1766 1724 Nam
1796 1669 2015 1737 utrique
2043 1681 2145 1721 suo

2239 1025 2335 1078 τοῦ
2366 1026 2573 1096 δήμου,
2615 1027 2753 1080 ἀλλὰ
2783 1030 2974 1099 μέντοι
3007 1032 3103 1085 καὶ
3151 1035 3213 1086 τὸ
3265 1036 3695 1104 στρατιωτικὸν,
3737 1038 3826 1091 ἀπ-

2243 1119 2602 1190 εχθανόμενοι
2624 1120 2704 1191 τῷ
2725 1123 3143 1198 Κωνσταντίνῳ,
3171 1126 3245 1187 ὡς
3279 1130 3500 1199 εἴρηται
3524 1129 3608 1200 τῷ
3648 1131 3831 1201 Ἀρτα-

2244 1210 2426 1282 ϐἀσδῳ
2449 1211 2722 1282 ὀρθοδόξῳ
2744 1215 3101 1286 τυγχάνοντι,
3129 1219 3232 1288 τὴν
3260 1219 3549 1289 βασιλείαν
3574 1222 3830 1292 ἐπεψηφί-

2243 1301 2421 1367 ζοντο.
2455 1304 2620 1367 Γνοὺς
2666 1305 2851 1359 τοίνυν
2902 1308 3001 1380 τὴν
3040 1309 3338 1380 ἐπιϐουλὴν
3368 1313 3396 1364 ὀ
3442 1313 3826 1381 ’Λρτάῧασξος,

2241 1394 2337 1447 καὶ
2364 1394 2669 1466 διαλεχθεὶς
2695 1396 2774 1467 τῷ
2798 1396 2933 1468 λαῷ,
2967 1399 3275 1453 ἐπιτίθεται
3302 1401 3379 1472 τῷ
3408 1405 3826 1477 Κωνσταντξνῳ.

2257 1485 2398 1537 Ἀλλ’
2437 1486 2578 1556 ἔφθη
2627 1487 2915 1558 διαφυγεῖν
2970 1493 2997 1544 ὁ
3037 1491 3442 1563 Κοπρὼνυμος,
3489 1497 3589 1548 καὶ
3643 1500 3723 1561 είς
3771 1500 3829 1551 τὸ

2255 1576 2514 1646 Ἀμόριον
2577 1584 2957 1652 προσφυγεῖν,
3020 1583 3116 1636 καὶ
3176 1585 3639 1657 διαπεμψάμενος
3704 1592 3826 1659 πρὸς

2242 1668 2337 1720 τὸν
2358 1668 2451 1721 τοῦ
2478 1670 2808 1724 ἀνατολικοῦ
2833 1674 3144 1744 στρατηγὸν
3162 1676 3253 1730 τὸν
3280 1678 3560 1748 Λακηνὸν,
3585 1683 3679 1732 καὶ
3704 1684 3825 1749 πρὸς

568 1773 581 1825 i
608 1769 885 1840 npcratori
917 1767 1293 1830 adhmrebant,
1327 1764 1483 1835 107
1507 1772 1562 1818 et
1594 1761 1935 1817 Artabasdus
1973 1760 2141 1814 etiam

2252 1760 2336 1812 τὸν
2364 1760 2457 1814 τοῦ
2492 1762 2809 1834 θρᾳκησίου
2842 1764 2933 1817 τὸν
2964 1765 3326 1830 Σισιννάκιον,
3374 1768 3668 1841 λαμπραῖς
3707 1772 3830 1824 {am-

568 1820 581 1825 -
610 1820 885 1840 "rum-—
1160 1820 1189 1821 η
1280 1820 1292 1830 .
1328 1820 1468 1835 _--

566 1866 865 1931 inperator
909 1859 1019 1929 jam
1052 1858 1364 1913 declaratus
1396 1862 1534 1910 erat.
1562 1853 1620 1908 ln
1663 1852 1799 1906 urbe
1829 1850 1975 1920 regia
2001 1849 2148 1905 Con.-

2252 1846 2502 1917 ἀχὲσεσιν
2521 1850 2546 1902 ἐ
2560 1867 2743 1902 πεισεν
2762 1852 2961 1915 αὐτοὺς
2983 1869 3046 1905 συ
3054 1871 3092 1923 μ
3101 1856 3322 1926 μαχῆσα
3332 1820 3831 1927 ιάὒττῷ..Ἐντεῦθεν

567 1952 842 2008 stantinus
887 1948 1281 2019 Theophanem
1313 1946 1657 2016 magistrum.
1694 1957 1881 2000 rerum
1914 1940 2152 1996 admini-

566 2054 853 2100 stratorem
892 2041 1251 2115 reliquerat;
1286 2037 1382 2107 qui
1428 2036 1734 2091 Artabasdo
1774 2034 2013 2091 deditus.
2053 2046 2145 2086 ac-

567 2134 744 2203 ceptis
773 2132 842 2188 ab
879 2145 947 2187 eo
975 2129 1174 2184 litteris
1208 2126 1484 2197 vulgabat,
1520 2124 1886 2181 Constantino
1927 2122 2149 2193 publice

570 2222 859 2279 interfecto
880 2259 896 2286 ,
932 2218 1298 2275 Artabasdum
1339 2231 1370 2271 a
1404 2216 1714 2286 legionibus
1745 2222 1992 2270 creatum
2025 2227 2149 2267 esse

567 2315 974 2385 imperatorem.
999 2310 1089 2366 Sic
1115 2312 1333 2365 urbana
1351 2308 1645 2364 multitudo
1667 2308 1723 2362 in
1747 2322 1942 2378 magna
1962 2306 2152 2361 Eccle-

567 2406 647 2460 sia
695 2416 1008 2474 congressa,
1052 2399 1474 2456 Constantinum
1522 2398 1873 2454 anathemate
1915 2399 2146 2463 notavit,

566 2506 622 2553 et
655 2494 1019 2552 Artabasdum
1049 2494 1306 2548 laudibus
1338 2500 1628 2562 prosecuta
1654 2500 1757 2558 est,
1807 2491 2001 2546 eadem
2031 2490 2149 2545 haec

566 2602 624 2645 et
661 2587 950 2645 Anastasio
988 2584 1297 2657 patriarcha
1342 2584 1755 2654 comprobante.
1804 2582 2148 2637 Artabasdus

570 2683 734 2753 igitur
775 2687 1084 2750 susceptus,
1124 2689 1182 2734 et
1210 2678 1281 2733 ab
1308 2677 1567 2732 omnibus
1600 2677 1903 2747 imperator
1938 2675 2146 2731 saluta-

571 2783 694 2837 tus,
744 2773 927 2829 statim
975 2773 1324 2828 venerandas
1378 2769 1645 2838 imagines
1693 2768 1899 2839 ubique
1946 2769 2144 2823 erexit.

569 2865 888 2922 Anastasius
908 2871 1093 2919 autem
1128 2861 1437 2933 patriarcha
1455 2859 1814 2932 jurejurando
1834 2859 2144 2925 aﬂirmavit,

571 2957 776 3013 dixisse
799 2955 1230 3027 Copronymum,
1263 2952 1530 3009 Christum
1553 2969 1663 3008 non
1688 2970 1798 3010 esse
1825 2951 2000 3024 ﬁiium
2031 2954 2148 3016 Dei,

570 3050 658 3105 sed
697 3049 897 3104 nudum
932 3048 1201 3102 hominem
1234 3045 1287 3099 Μ
1297 3046 1416 3100 aria
1449 3054 1669 3111 natum,
1702 3045 2147 3116 quemadmodum

2254 1940 2508 2010 ἐμφύλιοι
2530 1943 2655 1996 πόλε
2666 1960 2777 2011 μοι,
2800 1946 2892 1998 καὶ
2915 1945 3006 1997 ὑπ’
3030 1947 3276 2017 ἀλλήλων
3298 1950 3347 2000 οἱ
3362 1948 3634 2018 Ῥωμαῖοι
3656 1952 3827 2019 ἐφθεί-

2255 2053 2432 2106 ροντο.
2459 2036 2723 2090 Ἔκαστοι
2755 2039 2865 2108 γὰρ
2893 2038 2988 2091 τοῦ
3031 2040 3302 2108 σφετέρου
3343 2040 3625 2111 βασιλέως
3657 2043 3824 2095 ἀντεί-

2250 2145 2426 2197 χοντο,
2475 2129 2710 2199 ἐπείπερ
2759 2130 3038 2201 ἀνερρήθη
3085 2130 3189 2201 ἤδη
3243 2132 3338 2185 καὶ
3389 2133 3417 2186 ὀ
3463 2132 3824 2205 Ἀρτάσασδος

2249 2220 2534 2285 Βασιλεύς.
2569 2223 2727 2277 Κατὰ
2773 2222 2829 2276 δὲ
2873 2224 2974 2293 τὴν
3017 2222 3128 2277 τῶν
3180 2223 3393 2277 πόλεων
3427 2224 3820 2294 βασιλεύουσαν

2240 2314 2349 2367 τῶν
2396 2314 2678 2384 δημοσίων
2740 2315 3026 2386 οἰκονόμος
3093 2316 3444 2387 πραγμάτων
3513 2320 3668 2390 παρὰ
3728 2318 3815 2371 τοῦ

2250 2408 2663 2460 Κωνσταντίνου
2695 2410 2723 2461 ό
2760 2409 3068 2478 μὰγιστρος
3112 2410 3404 2481 Θεοφάνης
3438 2411 3632 2481 είάθη,
3666 2413 3723 2476 ὃς
3748 2412 3815 2484 τῷ

2260 2497 2615 2570 Ἀρταδὰσδῳ
2660 2501 3076 2571 προσκείμενος,
3110 2505 3205 2557 καὶ
3242 2507 3467 2578 γραφὴν
3512 2506 3575 2572 ἐξ
3620 2507 3815 2560 ἐκείνου

2248 2590 2545 2660 δεξάμενος
2582 2590 2820 2663 δημοσίᾳ
2858 2593 3048 2647 θανεῖν
3085 2595 3180 2648 τὸν
3226 2597 3651 2651 Κωνσταντῖνον
3690 2598 3810 2667 ἐκή-

2255 2682 2404 2752 ρυξε,
2434 2682 2526 2735 καὶ
2561 2682 2653 2734 τὸν
2684 2681 3057 2754 Ἀρτάὸασδον
3095 2685 3203 2738 ὑπὸ
3244 2687 3353 2739 τῶν
3391 2688 3811 2756 στρατευμάτων

2251 2773 2538 2846 αἱρεθῆναι
2569 2778 2648 2836 είς
2673 2773 2921 2843 βασιλέα.
2956 2777 3066 2830 Ka't
3106 2777 3282 2841 οὕτως
3324 2779 3353 2832 ό
3383 2777 3564 2848 δῆμος
3590 2780 3687 2850 τῆς
3731 2779 3820 2831 ποι.

2254 2864 2393 2928 λεως
2424 2867 2504 2928 είς
2564 2864 2666 2937 τὴν
2721 2867 2986 2937 Μεγάλην
3037 2868 3336 2940 ἐκκλησίαν
3394 2871 3813 2941 συναθροισθεὶς,

2253 2957 2344 3010 τὸν
2414 2957 2515 3027 μέν
2572 2960 2987 3014 Κωνσταντίνον
3052 2962 3363 3034 ἀναθέματι
3423 2963 3815 3025 καθυπέὸαλον,

2253 3048 2543 3120 εὐφήμουν
2589 3049 2647 3104 δὲ
2703 3052 2799 3105 τὸν
2850 3051 3261 3123 Ἀρτάδασδον,
3317 3057 3534 3121 τούτοις
3590 3055 3821 3110 συνευδ-

571 3146 682 3215 ὅιρεε
700 3157 729 3196 o
749 3156 848 3195 sua
868 3150 1038 3194 matre
1064 3136 1117 3194 ll
1124 3139 1244 3194 aria
1267 3146 1425 3193 natus
1442 3144 1598 3191 esset.
1622 3136 1927 3193 Arubasdo
1951 3138 2145 3193 urbem

2252 3139 2477 3205 κοῦντος
2510 3141 2605 3194 καὶ
2630 3139 2729 3195 τοῦ
2781 3142 3131 3215 πατριάρχου
3171 3145 3559 3203 ’Δναστασίου.
3607 3146 3819 3218 Δεχθεὶς

571 3246 813 3305 egresso,
837 3231 1020 3286 denuo
1043 3244 1235 3300 pugna:
1259 3226 1766 3295 committebantur,
1797 3235 1855 3283 et
1875 3225 2149 3283 Constan-

576 3326 723 3379 tinus
748 3320 1098 3379 Chalcedone
1131 3328 1498 3385 transvectus,
1520 3321 1670 3389 jacto
1695 3320 1840 3373 circa
1865 3317 2151 3374 terrestria

575 3407 776 3471 mmnia
810 3413 988 3481 vallo,
1038 3412 1231 3467 urbem
1277 3410 1517 3467 obsedit.
1556 3409 1692 3467 Cum
1726 3425 1794 3465 eo
1822 3425 2153 3482 congressus

572 3505 918 3564 Artabasdus-
950 3514 1008 3561 et
1048 3504 1264 3569 victus,
1310 3504 1367 3557 in
1402 3502 1538 3558 urbe
1576 3518 1634 3558 se
1664 3502 1970 3558 conclusit:
1997 3511 2055 3558 et
2092 3512 2153 3558 ut

573 3615 636 3655 ea
669 3598 960 3670 diligenter
983 3594 1379 3659 custodiretur,
1410 3609 1632 3665 operam
1667 3593 1841 3649 dedit.
1879 3594 1988 3649 Sed
2018 3595 2149 3665 quia

574 3690 953 3761 Gopronymus
992 3701 1142 3743 mare
1174 3687 1416 3752 tenebat,
1459 3700 1639 3756 neque
1674 3685 1960 3741 onerarias
1985 3700 2153 3742 naves

575 3785 632 3839 in
657 3781 849 3838 urbem
872 3780 1145 3851 appellere
1169 3779 1499 3850 patiebatur,
1541 3776 1684 3832 fame
1709 3778 2016 3834 laboratum
2042 3787 2151 3843 est,

577 3873 844 3944 multique
889 3873 1038 3927 cives
1081 3870 1392 3941 perierunt.
1441 3867 1587 3924 Idem
1634 3867 1930 3923 Artabasdi
1979 3867 2152 3923 ﬁlium

575 3978 803 4034 nactus,
839 3968 895 4023 in
935 3965 1230 4037 compedes
1266 3965 1576 4035 conjectum
1619 3963 1762 4034 patri
1807 3960 2150 4020 ostendebat.

580 4062 782 4118 Deinde
824 4074 1017 4114 rursus
1067 4064 1272 4112 tentata
1316 4055 1761 4126 oppugnatione,
1807 4070 1840 4109 ο
1878 4055 2154 4112 inscruta~

579 4154 705 4209 bilia
740 4151 834 4206 Dei
867 4148 1094 4222 judicia,
1127 4147 1266 4203 urbe
1295 4147 1502 4217 potitus
1538 4155 1643 4202 est.
1676 4145 1781 4202 Sed
1815 4146 2155 4202 Artabasdus

576 4252 815 4316 elapsus,
850 4245 905 4299 in
940 4243 1226 4299 castellum
1263 4240 1539 4311 quoddam
1572 4239 1870 4309 provincia:
1898 4240 2154 4307 obsequii

577 4356 637 4394 se
683 4335 912 4407 recepit.
967 4333 1070 4392 Ubi
1114 4332 1549 4403 comprehensus
1597 4345 1724 4385 cum
1773 4330 1990 4387 duobus
2038 4333 2154 4387 suis

580 4430 705 4486 ﬁliis
735 4436 1058 4484 excaecatum
1091 4425 1236 4481 Sunt
1254 4430 1311 4480 et
1344 4423 1735 4479 fmderatorum
1774 4422 1895 4490 ejus
1932 4422 2090 4477 multi
2121 4437 2152 4478 a

577 4526 921 4595 Copronymo
964 4519 1271 4584 interfecti,
1313 4527 1370 4573 et
1409 4532 1521 4586 prae
1564 4515 1778 4572 caneris
1821 4515 2150 4588 Bactangius

584 4617 866 4689 patricius,
893 4616 977 4670 vir
1012 4613 1259 4678 illustris,
1291 4611 1451 4680 cujus
1479 4624 1704 4665 uxorem
1737 4619 1862 4679 post
1889 4612 2158 4681 plurimos

583 4725 756 4765 annos
779 4709 834 4762 in
860 4705 1249 4762 monasterium
1272 4703 1466 4760 Chorae
1491 4704 1644 4760 abire
1663 4705 1843 4776 coegit
1871 4714 2157 4778 tyrannus,

585 4800 677 4856 ubi
718 4800 808 4854 ille
847 4798 1095 4868 sepultus
1143 4804 1295 4861 erat,
1338 4804 1395 4850 et
1429 4795 1633 4851 refossa
1678 4797 1865 4853 mariti
1909 4797 1997 4853 sui
2033 4813 2158 4854 ossa

585 4892 754 4961 ipsam
783 4887 1002 4952 atl‘erre,
1028 4896 1084 4942 et
1113 4887 1383 4958 projicere
1415 4886 1470 4939 in
1517 4886 1813 4957 pelaginm,
1835 4904 1946 4959 quo
1973 4888 2159 4945 hostes

581 4989 641 5036 et
676 4978 1025 5036 condemnati
1071 4975 1487 5047 adjiciebantur.
1534 4974 1671 5030 Cum
1713 4977 1827 5031 ludi
1871 4988 2161 5048 equestres

584 5081 913 5143 agerentur,
977 5067 1341 5122 Artabasdum
1386 5075 1445 5121 et
1498 5066 1640 5121 ﬁlios
1691 5067 1812 5138 ejus
1869 5067 1924 5123 in
1980 5070 2162 5124 medio

557 5167 802 5225 .theatro
837 5164 1245 5222 circumductos
1283 5161 1543 5217 traduxit.
1578 5160 1687 5216 Sed
1720 5169 1779 5216 et
1809 5162 2162 5217 Anastasium

589 5254 956 5325 patriarcham
1014 5270 1046 5309 a
1104 5253 1321 5324 Diippio
1373 5252 1530 5307 asino
1584 5250 1957 5319 insidentem,
2019 5251 2162 5309 facie

588 5361 782 5404 versus
811 5346 1042 5403 caudam
1085 5359 1379 5411 conversa,
1424 5342 1755 5409 adductum,
1801 5342 2162 5412 ignominiose

2248 3231 2306 3286 δὲ
2329 3232 2359 3285 ό
2379 3232 2764 3303 Ἀρτάὸασδος,
2810 3235 2907 3290 καὶ
2940 3237 3091 3307 παρὰ
3138 3238 3360 3294 πάντων
3408 3240 3667 3311 βασιλεὺς
3693 3240 3815 3293 ἀνα-

2253 3324 2560 3395 γορευθεὶς,
2585 3325 2788 3380 αὐτίκα
2832 3327 2932 3391 τὰς
2970 3328 3309 3400 σεδασμίους
3347 3332 3576 3396 είκόνας
3624 3347 3821 3386 παντα-

2252 3415 2349 3487 χοῦ
2397 3416 2802 3489 ἀνεστήλωσεν.
2845 3414 2905 3471 'U
2950 3418 3009 3473 δὲ
3070 3422 3423 3494 πατριάρχης
3477 3422 3816 3482 ’Λναστάσιος

2252 3507 2545 3591 διώμνυτο,
2579 3509 2764 3577 λέγειν
2793 3510 2942 3583 αὐτῷ
2969 3512 3060 3565 τὸν
3097 3514 3479 3587 Κοπρώνυμον
3512 3517 3599 3571 ὅτι
3637 3519 3669 3570 ό
3699 3516 3819 3581 Χρι-

2252 3597 2401 3664 στὸς
2427 3600 2545 3669 οὐχ
2572 3599 2707 3666 Υἱός
2737 3600 2874 3654 ἐστι
2906 3602 3012 3657 τοῦ
3040 3605 3210 3667 Θεοῦ,
3230 3605 3546 3675 ἄνθρωπος
3571 3607 3639 3661 δὲ
3655 3606 3815 3675 ψιλὸς

2250 3693 2321 3748 ἐκ
2352 3693 2464 3762 τῆς
2494 3696 2725 3764 Μαρίας
2741 3696 3196 3767 (52)τεννηθεὶς,
3213 3700 3294 3766 ὡς
3315 3700 3432 3770 ἐγὼ
3448 3702 3522 3755 ἐκ
3548 3700 3652 3769 τῆς
3681 3695 3815 3769 ἐμῆς

2248 3788 2475 3857 μητρὸς
2507 3787 2767 3857 ἐτύχθην
2802 3791 3054 3859 Μαρίας.
3090 3792 3434 3858 Ἐξελθόντος
3479 3794 3539 3848 δὲ
3572 3794 3668 3863 τῆς
3709 3790 3812 3845 Με-

2252 3882 2599 3950 γαλοπόλεως
2621 3884 2718 3938 τοῦ
2744 3884 3136 3956 Ἀρταϐάσδου,
3174 3886 3348 3956 μάχαι
3372 3887 3539 3940 πάλιν
3561 3885 3804 3953 ἐγίνοντοι

2268 3971 2329 4025 ’0
2354 3972 2412 4026 δὲ
2438 3975 2849 4040 Κωνσταντῖνος
2878 3977 2943 4029 ὲκ
2969 3976 3317 4048 Χαλκηδόνος
3352 3976 3700 4047 περαιωθεὶς,
3721 3972 3807 4041 τὴν

2255 4063 2412 4117 πόλιν
2441 4064 2774 4135 ἐπολιόρκει,
2817 4064 3038 4140 περὶτὰ
3074 4070 3312 4139 χερσαῖα
3338 4069 3497 4138 τείχη
3531 4067 3806 4137 βαλόμενος

2255 4154 2499 4225 χάρακα.
2535 4155 2867 4224 Προσϐαλὼν
2896 4156 2954 4210 δέ
2993 4154 3171 4227 τούτῳ
3210 4156 3306 4211 καὶ
3340 4158 3594 4227 ἡττηθεὶς
3630 4155 3656 4206 ὁ
3692 4154 3806 4222 Ἃρ·

2256 4247 2544 4313 τὰδασδος,
2594 4250 2695 4319 τῆς
2744 4250 2953 4314 πόλεως
2998 4251 3152 4314 ἐντὸς
3210 4250 3560 4305 συνέκλεισεν
3606 4246 3805 4305 ἑαυτὸν.

2256 4339 2353 4391 καὶ
2396 4339 2489 4392 τοῦ
2539 4341 2745 4410 ταύτην
2797 4342 3158 4414 φρουρεῖσθαι
3203 4344 3465 4412 ἀσφαλῶς
3494 4341 3797 4413 ἐπεμέλετο.

2255 4430 2363 4483 Τοῦ
2411 4432 2467 4484 δέ
2510 4433 2892 4504 Κοπρωνύμου
2945 4433 3549 4506 θαλασσοκρατοῦντος,
3600 4435 3689 4488 καὶ
3736 4428 3803 4500 μὴ

2257 4520 2453 4583 ἐῶντος
2495 4521 2593 4584 τὰς
2635 4523 2947 4593 φορτηγοὺς
2978 4524 3213 4589 ὁλκάδας
3249 4529 3307 4580 ἐν
3350 4530 3417 4598 τῇ
3451 4527 3603 4580 πόλει
3636 4520 3804 4576 καταί·

2257 4624 2395 4679 ρειν,
2427 4611 2582 4679 λιμὸς
2604 4612 2736 4675 τοὺς
2764 4613 2822 4666 ἐν
2854 4613 3039 4686 ταύτῃ¹
3060 4615 3301 4680 ἐπίεζεν,
3332 4614 3477 4669 ὥστε
3508 4614 3727 4673 πολλοὺς
3748 4610 3804 4661 ἐκ

2254 4703 2448 4757 τούτου
2478 4702 2812 4758 διόλλυσθαι.
2846 4703 2957 4757 Καὶ
3002 4705 3093 4758 τὸν
3134 4705 3232 4759 τοῦ
3291 4706 3655 4779 ’Δρτασάσδου
3700 4699 3801 4753 υἱὸν

2254 4793 2499 4865 Νικήταν
2530 4795 2783 4866 συνέσχε,
2810 4797 2905 4850 καὶ
2937 4798 3182 4868 πεδήσας
3223 4798 3499 4853 ἐδείκνυεν
3540 4797 3693 4852 αὑτὸν
3734 4789 3800 4857 τῷ

2256 4888 2447 4957 πατρί.
2484 4883 2619 4942 Εἶτα
2652 4887 2980 4958 προσόαλὼν
3012 4889 3172 4954 αὖθις
3214 4893 3282 4962 τῇ
3320 4891 3495 4958 πόλει,
3526 4888 3681 4959 βαόαὶ
3708 4880 3798 4936 τῶν

2258 4979 2624 5048 ἁνιχνιάστων
2683 4980 2820 5035 Θεοῦ
2881 4982 3186 5053 κριμάτων,
3242 4984 3447 5054 ταύτης
3501 4982 3797 5053 ἐκράτησενο

2274 5068 2333 5125 ὐ
2362 5072 2420 5125 δὲ
2470 5071 2840 5143 Ἀρτάόασδος
2880 5074 3145 5145 ἀποδρὰς,
3180 5079 3261 5139 εἰς
3315 5075 3576 5146 φρούριόν
3625 5090 3674 5126 τι
3715 5062 3795 5120 τοῦ

2263 5159 2499 5228 θέματος
2528 5160 2624 5215 τοῦ
2675 5163 2922 5233 Ὀψικίου
2960 5163 3310 5219 συνέκλεισεν
3353 5167 3566 5231 ἐαυτὸν,
3593 5161 3681 5217 καὶ
3709 5171 3794 5210 κα·

2258 5253 2564 5324 τασχεθεὶς,
2627 5255 2901 5326 πηροῦται
2955 5258 3085 5321 τοὺς
3141 5256 3482 5328 ὀφθαλμοὺς,
3549 5257 3644 5310 σὺν
3699 5246 3795 5307 τοῖς

2257 5344 2409 5399 δυσὶν
2434 5348 2609 5403 υἱέσιν
2638 5349 2826 5407 αὐτοῦ.
2860 5352 2970 5404 Καὶ
3019 5349 3129 5404 τῶν
3166 5351 3642 5423 συμμαχησάντων
3668 5334 3801 5408 αὐτῷ

1784 5505 1986 5567 Varias
2037 5503 2344 5567 lectiones
2388 5514 2450 5567 et
2495 5513 2681 5569 note.

662 5673 776 5742 (52)
829 5677 912 5729 Eu
955 5671 1067 5741 τῆς
1114 5671 1391 5742 Μαρίαςε
1415 5671 1831 5725 Theosterictus
1860 5671 1913 5724 in
1945 5670 2069 5727 Vita
2103 5672 2162 5728 S.

2262 5675 2680 5746 reice6dcptov
2724 5674 2897 5746 δνομα
2959 5673 3100 5730 κατὰ
3145 5673 3376 5739 πολλοὺς
3431 5672 3554 5738 τοὺς
3595 5661 3793 5734 ’φάττανς

590 5741 793 5817 Niceten
821 5742 1057 5817 confess.
1085 5758 1141 5817 n_.
1172 5742 1243 5817 (ξὸ
1268 5741 1461 5796 scribit
1484 5744 1888 5817 COprpnymum
1906 5742 2151 5817 _Deip_ara

2264 5743 2471 5810 ἐξῶσαι
2498 5741 2599 5817 τῆς
2628 5741 2983 5816 Ἐκκλησίας.

591 5812 802 5869 cultum
830 5813 1055 5868 omnino
1088 5811 1308 5867 abolere
1330 5821 1585 5867 conatum
1616 5811 1807 5881 fuisse,
1835 5812 1927 5865 καὶ
1960 5811 2164 5876 ταύτης
