4068 6426
256 470 398 534 12⁵29
1479 478 1826 542 ANNALIU

1935 485 2083 545 LIB.
2126 485 2249 545 XV.
3384 489 3525 552 13⁸ὶο

252 585 437 640 πολλοὶ
466 585 816 657 ἀνῃρέθησαν
851 588 1001 657 παρὰ
1033 585 1128 642 τοῦ
1156 591 1565 664 Κοπρωνύμου,
1596 594 1691 646 καὶ
1720 596 1829 664 πρὸ

1936 599 2139 664 pariter
2202 600 2479 662 traduxit.
2530 601 2686 672 prius
2737 603 2959 670 publice
3003 606 3374 660 verberatum.
3430 604 3522 660 Sic

250 679 358 730 τῶν
391 677 568 731 ἄλλων
596 676 944 745 Βακτάγγιος
973 678 1003 731 6
1048 680 1343 751 πατρίκιος
1383 681 1495 734 τῶν
1539 684 1829 755 ἐπισήμων

1935 689 2119 761 inclyti
2143 693 2470 761 patriarchze
2495 693 2751 748 Germani
2781 696 3062 762 praedictio
3096 697 3214 766 ipso
3241 713 3409 766 opere
3438 706 3524 751 est

250 769 412 838 ἀνὴρ,
453 760 517 820 οὗ
566 766 669 837 τὴν
716 769 957 836 γυναῖκα
1017 769 1157 839 μετά
1208 771 1501 835 πλείστους
1552 774 1829 836 ἐνιαυτοὺς

1935 785 2303 853 comprobata.
2362 786 2495 840 Nam
2551 801 2675 840 cum
2736 787 3035 856 aliquando
3093 804 3220 843 eum
3274 804 3304 842 a
3366 799 3520 858 tergo

250 860 470 911 ἐϐίασεν
510 858 538 910 6
582 858 851 929 τύραννος
894 860 1157 914 ἀπελθεῖν
1194 862 1276 927 εἰς
1303 862 1404 932 τὴν
1446 863 1670 933 Χώραν,
1704 863 1829 918 ἔνθα

1935 884 2260 945 sequeretur
2286 878 2612 933 Anastasius
2632 919 2646 942 ,
2685 879 2846 949 108
2874 889 2931 934 et
2962 880 3243 936 lzumerale
3274 881 3395 951 ejus
3430 897 3523 947 pe-

249 948 461 1012 ἐκεῖνος
514 947 802 1013 ἐτέθαπτο,
858 948 953 1002 καὶ
1004 949 1324 1020 ἀνασκάψαι
1379 952 1448 1004 τὰ
1495 954 1590 1005 τοῦ
1641 952 1829 1023 ἀνδρὸς

1935 963 2093 1021 dibus
2114 967 2397 1032 ealcassﬂ,
2435 984 2748 1024 conversus
2775 978 3001 1025 sanctus
3038 968 3383 1026 Germanus:
3422 970 3520 1032 Ne,

249 1034 421 1105 αὐτῆς
456 1034 614 1098 ὀστᾶ,
648 1036 741 1089 καὶ
773 1037 844 1089 δι’
898 1038 1101 1108 ἑαυτῆς
1155 1040 1485 1109 ἀπενεγκεῖν
1536 1042 1701 1108 αὐτὰ,
1735 1043 1829 1096 καὶ

1938 1056 2137 1127 inquit,
2191 1058 2417 1129 festina,
2466 1060 2738 1130 Diippium
2792 1071 2841 1114 te
2888 1068 3179 1131 exspectat.
3217 1060 3353 1115 Eum
3400 1071 3524 1132 post

251 1125 410 1195 ῥίψαι
463 1127 544 1189 είς
581 1127 651 1181 τὰ
711 1127 1006 1196 Πελαγίου,
1041 1129 1172 1183 ἔνθα
1207 1132 1533 1203 ἐῤῥίπτοντο
1575 1135 1624 1187 οί
1675 1134 1829 1187 πολέ-

1939 1144 2362 1215 ignominiosam
2424 1147 2996 1213 circumductionem,
3053 1159 3116 1206 ut
3177 1166 3521 1205 assensorem

252 1233 366 1283 μιοι
403 1217 516 1287 (55)
548 1218 645 1273 καὶ
695 1220 1042 1292 κατάκριτοι.
1086 1223 1347 1296 Ἀμίλλης
1388 1225 1445 1279 δέ
1500 1228 1829 1297 τελουμένης

1940 1247 2132 1299 suum,
2168 1235 2368 1291 iterum
2419 1237 2716 1294 Eeclesiam
2744 1251 2965 1307 tenere,
3020 1253 3070 1296 et
3104 1241 3277 1297 sacris
3308 1240 3525 1311 operari

251 1308 457 1373 ἵππων,
486 1311 579 1363 τὸν
616 1312 988 1383 ’Δρτάϐασδον
1027 1316 1124 1370 καὶ
1165 1318 1292 1382 τοὺς
1342 1318 1538 1381 παῖδας
1574 1319 1740 1373 αὐτοῦ
1772 1322 1832 1373 ἐν
1940 1339 2138 1393 passus
2166 1334 2273 1381 est.

254 1403 408 1474 μέσῳ
458 1403 538 1474 τῷ
595 1406 814 1478 θεάτρῳ
870 1410 1152 1478 διαγαγὼν
1207 1413 1631 1483 ἐθριάμϐευσεν.
1683 1416 1846 1470 Ἀλλά
1890 1416 1998 1487 μὴν
2072 1423 2167 1474 καὶ
2231 1423 2324 1477 τὸν
2367 1427 2718 1497 πατριάρχην
2755 1427 3111 1483 Ἀναστάσιον
3149 1426 3262 1499 (54.)
3290 1428 3396 1480 ἀπὸ
3428 1427 3522 1481 τοῦ

251 1498 515 1549 Διιππίου
550 1501 874 1570 εἰσαχθῆναι
923 1504 1191 1569 κελεύσας
1234 1507 1343 1578 ὄνῳ
1374 1508 1710 1578 ἐφεζόμενον
1784 1509 2185 1583 ἀντιστρόφως,
2252 1516 2322 1570 ἵν’
2370 1518 2474 1590 όρᾷ
2529 1521 2665 1591 πρὸς
2712 1520 2903 1591 οὐρὰν,
2969 1498 3182 1589 ἀτίμως
3250 1520 3395 1574 οὕτω
3427 1522 3523 1574 καὶ

250 1592 425 1688 αὑτὸν
443 1592 871 1665 ἐθριάμϐευσεν,
900 1600 1170 1670 πρότερον
1208 1603 1487 1672 δημοσίως
1534 1604 1832 1673 τυφθέντα,
1870 1604 2015 1659 ὥστε
2087 1610 2188 1679 τὴν
2255 1612 2568 1686 πρόρρησιν
2597 1616 2692 1668 τοῦ
2722 1616 2972 1681 ἀοιδίμου
3014 1619 3356 1688 πατριάρχου
3390 1616 3517 1684 Γερ.

253 1685 427 1752 μανοῦ
477 1687 563 1749 είς
614 1687 776 1758 ἔργον
825 1692 1078 1762 ἐκϐῆναι.
1111 1697 1377 1749 Ὄπισθεν
1416 1697 1527 1767 γάρ
1589 1713 1719 1750 ποτε
1770 1695 1865 1749 τοῦ
1901 1699 2200 1769 εἰρημένου
2273 1685 2618 1776 πατριάρχου
2659 1706 2970 1776 βαδίζοντος
3002 1707 3095 1761 τοῦ
3120 1685 3508 1766 ἐΑναστασίου,

250 1776 347 1827 καὶ
390 1779 738 1847 πατήσαντος
779 1781 842 1835 τὸ
876 1784 1090 1837 ἐκείνου
1127 1787 1467 1858 ὠμοφόριον,
1523 1788 1785 1857 στραφεὶς
1823 1787 1853 1840 6
1894 1787 2039 1858 ἱερὸς
2073 1791 2356 1862 Γερμανὸς
2392 1796 2497 1867 ἔφη
2534 1816 2548 1831 ·
2582 1797 2681 1867 Μὴ
2715 1801 2966 1863 σπεῦδε,
3028 1799 3097 1854 τὸ
3137 1799 3418 1853 Διίππιόν
3449 1803 3525 1852 σε

249 1871 583 1939 ἐκδέχεται.
627 1876 726 1928 Ὃν
761 1876 856 1930 καὶ
901 1880 1041 1940 μετὶ
1074 1879 1173 1951 τὴν
1204 1880 1403 1951 ἄτιμον
1447 1880 1831 1952 περιαγωγὴν,
1871 1879 1948 1945 ὡς
2015 1884 2303 1956 ὁμόφρονά
2344 1889 2415 1953 οἱ,
2479 1890 2578 1961 τῆς
2604 1891 2953 1960 Ἕκκλησίας
2984 1890 3143 1955 αὖθις
3179 1893 3403 1964 κρατεῖν
3431 1889 3530 1944 καὶ

253 1966 508 2035 ίερᾶσθαι
546 1984 622 2019 πα
633 1968 1019 2041 ρακεχώρηκε.

320 2059 412 2128 ς’.
443 2060 567 2115 Τῶν
609 2064 858 2132 Ἀράϐων
894 2066 952 2119 δὲ
980 2067 1392 2139 διαφερομένων
1424 2073 1699 2143 ἀλλήλοις,
1735 2074 1829 2127 καὶ

2008 2074 2101 2128 Vl.
2141 2072 2421 2130 Arabibus
2469 2075 2615 2129 inter
2656 2091 2715 2131 se
2753 2074 3239 2139 dissentientibus,
3287 2083 3344 2131 et
3380 2076 3524 2131 bello

254 2155 461 2225 μάχαις
492 2156 782 2226 ἐμφυλίοις
828 2160 1266 2232 ἀσχολουμένων,
1303 2168 1491 2230 ἀδείας
1526 2167 1832 2237 λαϐόμενος

248 2251 278 2300 6
315 2247 715 2319 Κοπρὼνυμος,
750 2253 1107 2323 ἐκστρατεύει
1138 2258 1279 2311 κατά
1310 2260 1536 2330 Συρίας,
1570 2263 1665 2314 καὶ
1692 2263 1832 2329 λαμο

251 2341 403 2395 ϐάνει
429 2342 529 2413 τὴν
553 2343 963 2412 Γερμανίκειαν
988 2349 1123 2418 (55).
1159 2351 1395 2422 Σεισμοῦ
1433 2353 1490 2407 δὲ
1529 2357 1830 2425 γενομένου

251 2433 393 2487 κατά
422 2434 523 2503 τὴν
555 2435 927 2509 Παλαιστίνην
962 2442 1056 2494 καὶ
1087 2443 1286 2514 Συρίαν
1317 2446 1599 2515 μεγίστου,
1638 2449 1833 2504 πολλα)⁹

248 2519 345 2572 καὶ
385 2521 673 2592 ἐκκλησίαι
724 2525 815 2577 καὶ
863 2530 1150 2596 μοιαστῶν
1203 2534 1506 2590 κατέπεσον
1571 2540 1829 2606 κειταγὼ-

249 2628 343 2675 για
383 2614 476 2665 καὶ
509 2614 701 2681 οἰκίαι,
733 2619 827 2672 καὶ
878 2623 1141 2691 μυριάδες
1175 2626 1485 2697 ἀνθρώπων
1525 2630 1825 2688 ἀπώλοντο.

260 2703 424 2758 Ἀλλά
471 2707 564 2758 καὶ
612 2709 677 2761 ἐκ
725 2710 898 2765 νόσων
923 2712 1100 2785 φθορὰ
1135 2717 1248 2786 (56)
1279 2719 1446 2791 πολλὴ
1478 2723 1585 2773 τττιν
1617 2724 1828 2792 ἀνθρὼ-

247 2811 370 2850 πων
405 2798 747 2869 συμϐέϐηκε,
781 2804 927 2858 κατά
956 2823 1016 2858 τε
1052 2808 1322 2871 Σικελίαν.
1353 2814 1444 2866 καὶ
1476 2815 1827 2886 Καλαϐρῐαν,

246 2887 343 2940 καὶ
395 2888 519 2942 καθ’
583 2890 833 2958 Ἐλλάδα,
881 2898 976 2950 καὶ
1010 2901 1199 2966 χώρας
1249 2901 1466 2969 ἑτέρας.
1505 2905 1537 2976 ἥ
1596 2907 1689 2959 καὶ
1722 2908 1828 2972 ἓως

248 2979 418 3034 αὐτοῦ
459 2981 556 3035 τοῦ
605 2983 910 3048 Βυζαντίου
959 2993 1301 3061 κατήντησε*
1352 2996 1446 3049 καὶ
1476 2999 1731 3052 τοσοῦτον
1763 2997 1832 3073 ἦν

245 3075 309 3126 τὸ
344 3073 453 3129 τῶν
503 3075 851 3147 θνησκόντων
887 3082 1114 3152 πλῆθος,
1159 3087 1236 3149 ὡς
1281 3089 1355 3159 μὴ
1401 3085 1516 3143 οἷόν
1571 3110 1631 3145 τε
1688 3091 1832 3150 εῖναι

247 3166 372 3230 τοὺς
406 3166 745 3239 θνήσκοντας
782 3173 1196 3244 ἐκκομίζεσθαι,
1233 3181 1317 3233 διὸ
1344 3183 1587 3253 ἀμάξαις
1626 3189 1831 3250 αὐτοὺς

247 3259 393 3314 κατά
446 3261 700 3327 πλείονας
760 3266 1100 3333 ἐπιτιθέντες
1154 3272 1435 3341 ἐξέφερον.
1493 3277 1582 3347 Τῷ
1641 3281 1830 3348 μέντοι

253 3354 616 3427 Κοπρωνύμῳ
647 3360 677 3428 ἡ
706 3358 802 3411 τοῦ
855 3362 1114 3430 Χαγὰνου
1170 3363 1420 3438 θυγάτηρ
1454 3370 1609 3424 ἔτεκε
1641 3374 1826 3439 παῖδα,

247 3445 315 3498 ὃν
367 3446 622 3516 ὠνόμασε
699 3452 950 3517 Λέοντα,
1006 3455 1103 3509 καὶ
1157 3459 1494 3530 ἀνηγόρευσε
1566 3464 1827 3535 βασιλέα,

251 3539 553 3608 στεφθέντα
585 3541 654 3594 δι’
709 3544 1070 3601 Ἀναστασίου
1116 3549 1210 3602 τοῦ
1260 3552 1647 3620 ὁμοδοξοῦντος
1682 3561 1832 3631 αὑτῷ

250 3634 619 3705 πατριάρχου.
681 3638 989 3712 Ἐκράτησε
1052 3643 1110 3696 δέ
1167 3647 1194 3698 ό
1247 3647 1664 3716 Κωνσταντῖνος
1726 3655 1829 3725 τῆς

249 3726 752 3794 Θεοδοσιουπόλεως
782 3732 876 3785 καὶ
902 3734 1000 3804 τῆς
1031 3735 1349 3807 Μελιτινῆς,
1395 3742 1517 3795 ὅθεν
1549 3745 1831 3817 ὑπερφρο-

251 3819 443 3886 νήσας,
478 3820 836 3891 σφοδρότερον
878 3824 1023 3878 κατά
1062 3827 1166 3898 τῆς
1217 3830 1551 3903 Ἐκκλησίας
1602 3835 1699 3889 καὶ
1730 3839 1831 3908 τῆς

248 3908 534 3997 ὀρθοδόξου
565 3913 802 3978 πίστεως
852 3915 1113 3983 ἔπνευσε,
1145 3920 1397 3988 δόγματα
1452 3927 1826 3997 ἐκτιθέμενος,

250 4001 319 4094 διξ
348 3995 424 4094 ὧν
458 4003 550 4058 τὸν
577 4008 898 4081 συρφετὼδη
928 4010 1087 4082 ὄχλον
1135 4014 1411 4086 ὑπέσυρεν
1465 3995 1697 4075 ἕπεσθαι
1749 4024 1828 4094 τῷ

250 4092 422 4146 αὐτοῦ
463 4095 814 4169 ἀσεϐεστάτῳ
849 4100 1185 4170 φρονήματι.
1220 4104 1353 4156 Τότε
1385 4105 1479 4158 καὶ
1510 4107 1538 4160 6
1560 4092 1829 4181 narptdp-

248 4199 354 4256 χης
394 4185 747 4252 Ἀναστάσιος
773 4189 990 4255 ἀσεϐῶς
1021 4192 1125 4263 τῆς
1165 4193 1500 4268 Ἐκκλησίας
1547 4216 1824 4274 κατορχη-

251 4277 508 4346 σάμενος,
563 4280 655 4334 ἐπὶ
712 4283 929 4353 χρόνοις
984 4286 1163 4339 είκοσι
1216 4287 1357 4358 πρὸς
1406 4291 1521 4354 τοῖς
1576 4292 1826 4365 τέταρσι,

248 4369 591 4439 κατέστρεψε
621 4371 719 4442 τὴν
750 4370 918 4444 ζωήν.
975 4372 1031 4428 Ὀ
1071 4374 1128 4429 δὲ
1173 4377 1558 4449 Κοπρὼνυμος
1602 4384 1828 4438 ἐπισκό-

247 4476 369 4513 πων
399 4462 719 4532 όμοφρόνων
750 4465 902 4537 αὑτῷ
962 4467 1177 4522 πολλῶν
1227 4472 1557 4544 συναγωγὴν
1591 4478 1825 4547 ποιησά-

251 4568 438 4622 μενος,
501 4548 576 4608 ὧν
643 4558 888 4629 κατῆρχε
960 4560 1245 4627 Θεοδόσιος
1308 4566 1337 4617 6
1406 4565 1674 4635 Ἐφέσου,
1731 4572 1826 4625 καὶ

248 4648 529 4711 Παστιλᾶς
573 4650 601 4701 ὁ
632 4649 874 4720 Πέργης,
915 4652 982 4706 δι’
1013 4654 1193 4711 αὐτῶν
1223 4655 1260 4710 ἃ
1296 4657 1548 4714 ἐϐούλετο
1584 4662 1823 4733 ἐδογμά-

1938 2167 2204 2223 intestino
2248 2167 2578 2237 occupatis:
2626 2168 3042 2239 Copronymus,
3094 2177 3323 2239 arrepta
3361 2184 3524 2224 ocea-

1935 2256 2110 2326 sione,
2145 2260 2316 2332 Syriae
2344 2261 2547 2316 bellum
2590 2261 2776 2325 infert,
2812 2274 2865 2315 et
2901 2262 3310 2317 Germaniciam
3352 2262 3522 2331 capit.

1934 2354 1992 2409 In
2037 2354 2322 2408 Palazstina
2367 2364 2423 2408 et
2462 2354 2621 2425 Syria
2660 2353 2900 2408 maximo
2945 2364 3106 2409 terrm
3150 2363 3302 2409 motu
3340 2354 3525 2409 multae

1933 2446 2217 2510 Ecclesiae,
2250 2457 2307 2501 et
2336 2446 2691 2511 monasteria,
2727 2454 2783 2501 et
2811 2445 2958 2500 aedes
2982 2454 3344 2511 corruerunt,
3383 2447 3524 2500 mul-

1934 2550 2097 2611 taque
2128 2541 2418 2594 hominum
2459 2539 2630 2594 millia
2671 2539 2993 2610 perierunt,
3036 2553 3149 2593 non
3192 2539 3351 2594 ruina
3401 2548 3523 2593 tan-

1935 2643 2071 2696 tum,
2105 2632 2282 2689 sedet
2310 2632 2641 2703 pestilentia,
2672 2632 2727 2686 in
2762 2624 2969 2694 Sicilia,
2998 2630 3269 2695 Calabria,
3309 2630 3523 2687 Graecia

1932 2732 1988 2778 et
2012 2724 2134 2777 aliis
2163 2722 2483 2791 provinciis,
2514 2738 2636 2793 quae
2670 2722 2845 2792 ipsum
2879 2737 3056 2792 usque
3086 2720 3405 2793 Byzantium
3438 2731 3520 2776 est

1932 2826 2212 2887 grassata:
2255 2830 2319 2870 ac
2361 2823 2511 2870 tanta
2559 2813 2663 2870 fuit
2705 2815 3059 2869 morientium
3093 2813 3423 2879 multitudo,
3465 2821 3523 2867 ut

1933 2906 2119 2961 efferri
2154 2921 2260 2960 non
2292 2913 2535 2974 possent,
2570 2905 2665 2960 sed
2698 2906 2855 2975 plura
2889 2903 3160 2959 cadavera
3193 2904 3356 2959 simul
3389 2920 3517 2959 cur-

1936 2997 2090 3052 ribus
2144 2997 2399 3067 imposita
2446 2997 2837 3051 aveherentur.
2877 2995 3227 3065 Copronymo
3271 2992 3518 3063 Chagani

1934 3090 2043 3145 filia
2083 3092 2298 3162 peperit
2324 3090 2532 3146 ﬁlium:
2572 3106 2699 3146 cum
2730 3089 2969 3145 Leonem
2996 3087 3218 3167 vocavit
3246 3097 3308 3144 et
3339 3088 3520 3158 impe-

1934 3181 2172 3239 ratorem
2218 3184 2533 3254 appellavit,
2611 3191 2938 3238 coronatum
2979 3181 3049 3236 ab
3087 3179 3378 3235 Anastasio
3427 3196 3522 3251 pa-

1935 3276 2176 3331 triarcha
2214 3275 2460 3345 ejusdem
2506 3274 2804 3345 opinionis.
2841 3273 3059 3328 Potitus
3105 3280 3191 3328 est
3227 3271 3516 3344 Coprony-

1936 3382 2059 3421 mus
2091 3376 2149 3422 et
2193 3365 2621 3436 TheodosiOpoli
2662 3375 2718 3420 et
2763 3363 3005 3420 Melitina
3045 3382 3058 3418 :
3109 3379 3220 3434 quo
3252 3378 3516 3419 successu

1936 3461 2135 3526 elatus,
2164 3459 2417 3515 acerbior
2448 3458 2502 3513 in
2533 3458 2834 3514 Ecclesiam
2869 3466 2927 3512 et
2953 3456 3317 3512 orthodoxam
3356 3455 3522 3512 fidem

1938 3551 2154 3606 evasit:
2193 3549 2391 3605 edictis
2421 3548 2748 3620 propositis,
2790 3547 2994 3618 quibus
3038 3546 3179 3618 vulgi
3229 3545 3420 3601 faecem
3465 3545 3519 3599 iu

1938 3642 2272 3699 sententiam
2324 3657 2480 3697 suam
2528 3639 2839 3710 impietatis
2877 3639 3095 3710 plenam
3152 3638 3520 3709 pertraheret.

1940 3734 2097 3790 Tunc
2135 3743 2192 3791 et
2219 3732 2533 3804 patriarcha
2574 3729 2926 3796 Anastasius,
2972 3745 3098 3786 cum
3137 3728 3393 3785 Ecclesia:
3424 3746 3524 3801 per

1940 3824 2336 3895 annos'viginti
2369 3831 2605 3893 quatuor
2633 3822 2799 3892 impie
2829 3820 3165 3886 insultasset,
3194 3822 3363 3876 vitam
3393 3837 3519 3876 cunt

1940 3927 2116 3972 morte
2179 3916 2558 3972 commutavit.
2634 3914 3017 3991 Copronymps
3081 3923 3268 3967 autem
3332 3913 3523 3968 multis

1935 4008 2212 4079 episcopis
2270 4007 2375 4062 sibi
2418 4004 2846 4076 suﬂragantibus
2889 4005 3233 4070 convocatis,
3285 4022 3519 4076 quorum

1935 4099 2195 4170 princeps
2238 4106 2360 4153 erat
2412 4096 2760 4153 Theodosius
2809 4095 3150 4166 Ephesinus,
3194 4106 3250 4151 et
3288 4097 3521 4154 Pastilas

1936 4191 2258 4261 Pergeusis,
2297 4204 2398 4260 per
2426 4203 2522 4244 eos
2564 4187 2832 4258 quidquid
2868 4187 3063 4252 libuit,
3109 4187 3382 4253 decrevit,
3424 4206 3519 4245 ne-

1939 4284 2088 4339 mine
2125 4282 2211 4337 vel
2242 4298 2310 4337 ex
2335 4292 2523 4336 vetere
2565 4280 2737 4335 Roma
2757 4319 2772 4345 ,
2827 4279 2913 4334 vel
2946 4295 3014 4335 ex
3041 4279 3163 4335 aliis
3189 4281 3518 4350 patriarchis

1938 4381 2224 4445 praesente.
2273 4373 2412 4427 Eum
2453 4386 2781 4426 concursum
2817 4370 3170 4441 profanorum
3209 4373 3519 4442 hominum,

1934 4468 2202 4538 synodum
2249 4465 2646 4521 meumenicam
2695 4466 2971 4535 appellare
3023 4481 3127 4519 non
3203 4465 3515 4521 dubitavit:

1935 4575 2062 4616 cum
2090 4558 2294 4629 quibus
2331 4557 2503 4613 aedem
2535 4565 2939 4612 sacrosanctam
2978 4557 3223 4628 Deipara:
3255 4558 3517 4613 Blacher-

1937 4656 2083 4707 niam
2114 4653 2415 4721 ingressus,
2448 4662 2752 4704 conscenso
2783 4649 3039 4714 amboue,
3070 4659 3125 4703 et
3151 4649 3522 4707 Constantino.

245 4755 389 4800 τισε,
428 4741 500 4812 μή
533 4757 680 4805 τινος
710 4742 743 4812 ἢ
773 4745 838 4797 ἐκ
880 4744 1102 4814 Ῥώμης
1128 4747 1229 4815 τῆς
1265 4748 1674 4821 πρεσϐυτέρας,
1707 4753 1738 4822 ἢ
1766 4755 1829 4806 ἐκ

1936 4745 2173 4816 quodam
2206 4743 2499 4807 monacho,
2533 4742 2626 4811 qui
2654 4741 2814 4812 Sylaei
2846 4742 3141 4812 episeoPus
3167 4743 3366 4806 fuerat,
3403 4744 3517 4798 illic

246 4830 361 4884 τῶν
389 4832 566 4885 ἄλλων
611 4835 880 4904 παρόντος
919 4840 1304 4909 πατριαρχῶν.
1345 4840 1456 4893 Καὶ
1498 4842 1601 4911 τὴν
1643 4845 1831 4898 τοιαύ-

248 4938 353 4992 την
383 4923 690 4994 συνδρομὴν
743 4923 856 4979 τῶν
896 4924 1133 5006 ἀνιέρων
1177 4930 1428 4995 ἐκείνων,
1457 4931 1676 4987 σύνοδον
1713 4935 1829 5007 (57)

1938 4836 2226 4899 collocato,
2253 4833 2579 4889 exclamavit
2605 4851 2618 4887 :
2647 4831 3024 4887 Constantinus
3048 4834 3397 4891 mrumcnicus
3422 4851 3516 4900 pa-

1941 4930 2171 4986 triarcha
2198 4926 2390 4983 multos
2415 4927 2552 4981 tit-at
2579 4927 2771 4980 annos!
2794 4927 2923 4981 Post
2951 4941 3157 4999 paucos
3180 4927 3299 4982 dies
3327 4937 3515 4999 tyran-

1461 5066 1658 5130 Varite
1678 5066 1983 5130 lectiones
2028 5072 2089 5127 et
2131 5071 2317 5127 noue.

327 5201 439 5278 (55)
466 5204 537 5278 4οί
571 5201 866 5278 πολέμιοι.
900 5203 1116 5278 Absunt
1158 5204 1226 5259 ab
1253 5220 1363 5278 uno
1395 5220 1425 5259 e
1458 5222 1593 5263 mss.
1621 5208 1756 5278 Reg.

327 5272 440 5349 [54)
465 5272 890 5349 Ἀναστάᾳιῳς.
920 5272 1091 5349 Hujus
1119 5277 1439 5330 memoriam
1463 5286 1630 5349 agunt
1654 5272 1829 5345 αἱ·ωοί

252 5361 289 5399 x
317 5343 503 5410 Febr.,
529 5353 591 5398 ut
620 5352 707 5401 est
733 5342 790 5399 in
814 5342 1054 5399 Menmis.

328 5413 440 5484 (55)
494 5413 953 5484 Γερμανικειαν.
1000 5414 1249 5471 Meminit
1301 5416 1721 5483 Constantinus,
1764 5417 1821 5471 in

255 5483 503 5557 Taeticis,
541 5483 725 5557 p.27,
771 5484 1141 5557 expeditionis
1184 5501 1349 5557 quam
1389 5486 1500 5542 Leo
1526 5496 1680 5557 pater
1708 5503 1833 5543 sus-

253 5554 404 5627 cepit
455 5554 596 5609 κατά
632 5554 1032 5627 Γερμανικείας
1082 5556 1137 5609 in
1179 5554 1334 5627 Syria
1375 5573 1390 5612 :
1433 5554 1579 5612 unde
1608 5573 1637 5611 a
1671 5557 1833 5613 Sara-

253 5625 410 5681 cenis
437 5635 713 5696 receptam
746 5624 1094 5696 postmodum
1127 5624 1256 5683 vero
1305 5627 1504 5696 simile.
1549 5627 1701 5682 Hanc
1734 5643 1832 5696 po-

255 5695 482 5767 stremis
527 5694 869 5767 temporibus
906 5694 1268 5767 Isiacaﬁpav
1315 5695 1516 5767 dictam
1569 5694 1833 5753 docemur

254 5780 324 5819 ex
345 5763 1050 5837 Escerptis’geographicis
1068 5763 1213 5837 mss.
1241 5781 1308 5820 ex
1335 5766 1456 5820 cod.
1488 5767 1624 5837 Reg.

332 5835 448 5906 (56)
474 5834 577 5889 Ἐκ
601 5832 803 5889 rdeo»?
823 5832 1033 5906 φθορά.
1061 5835 1306 5890 Meminit
1325 5832 1652 5906 pestilentiae
1676 5837 1834 5893 istius

260 5905 365 5967 sub
416 5904 766 5978 Copronymo
817 5905 1219 5968 Constantinus.
1266 5904 1471 5977 Porph.
1518 5907 1617 5965 lib.
1667 5923 1705 5964 ιι
1754 5908 1833 5962 De

1936 5207 2181 5273 'I‘Izemat.L
2205 5224 2324 5278 cap.
2357 5206 2409 5262 6.

2008 5273 2450 5350 (anzsioakor,
2475 5275 2753 5331 Nonnulla
2773 5273 2852 5350 de
2886 5274 2990 5350 hac
3017 5275 3442 5350 pseudnsynodo
3477 5298 3507 5337 a

1933 5344 2293 5417 Theophane,
2331 5347 2605 5412 Cedreno,
2649 5353 2704 5417 et
2728 5344 2860 5417 aliis
2904 5344 3107 5402 intacta
3142 5344 3307 5405 habet
3336 5350 3512 5405 Chro-

1934 5414 2103 5472 nicon'
2133 5434 2236 5474 ms.
2267 5419 2336 5473 ab
2381 5417 2592 5473 Adamo
2624 5416 2692 5470 ad
2722 5414 2961 5470 Leonem
2991 5417 3196 5472 Philos.
3229 5434 3244 5473 :
3284 5421 3511 5476 Σύνοδον

1934 5488 2184 5561 ἀθροίζει
2216 5489 2370 5561 κατά
2398 5487 2506 5561 τῷν
2548 5487 2721 5561 ἁγίων
2777 5486 3005 5561 almiva
3057 5490 3115 5541 ἐν
3152 5488 3506 5561 Βλάχέρναις,

1934 5554 2030 5631 καὶ
2078 5557 2337 5631 ἀνελθὼν
2372 5556 2628 5631 εὐθύμως
2656 5557 2724 5631 Δἐν
2768 5554 2845 5631 τῷ
2875 5555 3091 5631 ἄμϐωνι
3128 5554 3508 5631 χειροκρατῶν

1931 5627 2226 5682 ἐπῖσκοπον
2248 5628 2342 5681 τοῦ
2375 5625 2623 5697 Συλαήίου,
2651 5625 2962 5697 ἐξεφώνησε
2993 5625 3190 5691 οὕτως’
3218 5625 3508 5687 Κωνσταν-

1930 5699 2079 5768 τίνου
2115 5696 2501 5768 οίκουμενικοῦ
2542 5695 2893 5768 πατριάρχου
2941 5697 3113 5752 πολλὰ
3168 5700 3238 5753 τὰ
3282 5700 3414 5766 ἐτηο
3450 5704 3509 5755 ἐν

1930 5762 1975 5842 ᾖ
1997 5768 2204 5842 συνόδῳ
2248 5762 2421 5842 πολλά
2471 5767 2615 5842 κατὰ
2646 5762 2768 5842 τοῦξ
2792 5762 3003 5842 Κυρίου
3045 5762 3510 5842 κενολογήσαντες

1931 5836 2185 5911 ῥὶ-ἱερεῑς
2233 5840 2333 5908 τῆς
2368 5837 2634 5911 αἰσχύ-νης
2676 5836 2908 5911 ’καιμτάς
2949 5840 3163 5911 ⁸μιαρᾶς
3191 5836 3383 5911 χεῖρας
3430 5845 3511 5906 είς

1932 5905 2076 5978 ὕψος
2100 5905 2351 5980 ἄραντες,
2374 5905 2612 5981 ἐρρηξαν
2638 5905 2735 5977 τὴν
2767 5905 3009 5982 ἐλεεινὴν
3038 5905 3256 5984 ἐκείνην
3285 5905 3505 5983 ’φοι-νην,
