4068 6392
284 414 425 481 1333

1554 428 1960 490 ANNALlUM
2005 434 2155 496 LIB.
2193 438 2317 500 XV.

3399 448 3538 511 1331

283 526 496 598 βασιλεί
523 529 974 600 προσεχώρησαν.
1000 532 1311 586 Κάντεῦθεν
1344 534 1626 607 Ξπαροεὶς,
1683 538 1955 608 θρίαμϐον
1995 544 2087 595 ἐπὶ
2156 549 2220 616 τῇ
2291 547 2417 622 νίκῃ
2465 554 2805 622 κατήγαγεν,
2874 557 3037 623 αὐτὸς
3072 560 3169 629 μὲν
3204 563 3544 635 πανοπλίτης

279 619 431 672 διιὼν
455 619 577 689 μεθ’
607 619 963 693 ὡπλισμένης
986 623 1086 692 τῆς
1120 626 1554 693 στρατιᾶ;,τοὺς
1579 626 1623 678 δ’
1684 627 2070 696 αἰχμαλώτους
2117 635 2379 702 δεσμίους
2445 642 2615 711 ἄγων,
2683 649 2798 709 τοῖς
2857 649 3045 711 ὅπλοις
3084 652 3249 706 αὐτοῦ
3297 656 3395 725 τὴν
3466 619 3548 709 νί-

280 725 406 775 κην,
452 709 567 761 ἀλλ’
610 710 671 761 οὐ
707 712 773 780 τῇ
823 709 946 781 θείᾳ
980 712 1209 782 δυνάμει
1254 715 1720 785 ἐπιγραφόμενος.
1788 718 1895 769 Καὶ
1938 723 2076 788 μετᾶ
2103 725 2195 779 τὸν
2260 709 2530 800 θρίαμϐον
2565 737 2689 799 τοὺς
2720 709 3104 810 αἰχμαλιῖπους
3143 709 3364 812 πάνταςι
3396 750 3544 802 ἀναι-

284 802 509 873 ρεθῆναι
548 800 909 869 προσέταξεν.

353 891 427 942 Z'.
467 889 666 955 Γέγονε
703 889 760 943 δὲ
788 890 999 961 χειμὼν
1028 894 1085 945 ἐν
1103 895 1225 956 ταῖς
1254 894 1496 965 ἡμέραις
1531 897 1629 966 τῆς
1658 897 1857 967 αὐταρ-

2035 901 2145 957 νη.
2203 906 2318 962 Sub
2373 911 2495 981 ejus
2549 914 2782 984 imperio
2829 921 3129 977 saevissima
3185 925 3364 980 hiems
3420 927 3542 984 fuit.

284 981 408 1051 χίας
436 981 603 1034 αὑτοῦ
656 982 853 1050 μέγας,
897 983 1039 1037 ὥστε
1090 985 1164 1055 μὴ
1199 987 1362 1055 μόνον
1405 989 1532 1051 τοὺς
1573 991 1856 1060 ποταμοὺς

284 1074 349 1125 ἐκ
402 1071 496 1126 τοῦ
528 1073 739 1143 ψύχους
775 1077 1264 1148 κρυσταλλωθῆναι
1313 1080 1514 1149 διόλου,
1572 1084 1709 1138 ἀλλὰ
1759 1088 1856 1139 καὶ

283 1164 452 1232 αὐτὴν
487 1166 588 1233 τὴν
619 1166 897 1222 Θάλασσαν
929 1170 1026 1241 τὴν
1060 1171 1320 1242 ἀρκτῴαν
1354 1176 1447 1229 ἐπὶ
1479 1179 1670 1231 στάδια
1709 1184 1851 1234 πάνυ

284 1255 476 1320 πολλὰ,
504 1260 598 1309 καὶ
623 1258 714 1311 τὸν
740 1260 836 1312 τοῦ
864 1261 1054 1316 στενοῦ
1101 1265 1370 1334 πορθμὸν,
1415 1269 1511 1322 καὶ
1542 1271 1632 1325 τὸν
1665 1274 1727 1325 ὲκ
1757 1276 1858 1345 τῆς

284 1347 492 1438 πόλεως
534 1349 672 1419 πρὸς
705 1352 1076 1421 Χρυσόπολιν.
1107 1356 1221 1412 Εἶτ’
1244 1357 1508 1431 αὖθις·τῴ
1533 1367 1856 1438 κρυστάλλῳ

285 1437 465 1503 χιόνος
511 1441 907 1515 ἐπιπεσούσης,
946 1447 1210 1519 κάκείνης
1242 1452 1306 1505 ἐκ
1343 1453 1438 1505 τοῦ
1474 1457 1680 1523 κρύους,
1715 1474 1859 1527 συμ·

285 1527 611 1599 πιληθείσης
648 1549 709 1584 τε
755 1534 852 1587 καὶ
888 1539 1438 1613 κρυσταλλωθείσης,
1473 1547 1857 1616 πεζοποροῢν-

283 1636 372 1682 τες
406 1623 453 1674 οἱ
486 1622 769 1693 ἅνθρωποι
798 1625 1019 1698 διῄεσαν
1055 1632 1149 1685 τὸν
1202 1635 1453 1705 πορθμὸν
1495 1638 1589 1690 τοῦ
1642 1639 1854 1703 στενοῦ,

284 1713 379 1764 καὶ
410 1713 502 1764 τὸν
536 1717 600 1768 ὲκ
630 1717 731 1785 τῆς
779 1720 991 1785 πόλεως
1034 1725 1174 1794 πρὸς
1206 1727 1577 1796 Χρυσόπολιν,
1618 1730 1856 1801 ἀχθοφο-

287 1802 486 1873 ροῦντά
511 1823 569 1858 τε
603 1808 896 1877 ὑποζύγια,
937 1816 1031 1867 καὶ
1069 1815 1193 1885 βόες
1226 1819 1445 1889 ἀμάξας
1475 1821 1732 1887 ἕλκοντες
1759 1827 1858 1880 σὺν

287 1895 470 1967 φόοτῳ
501 1898 701 1970 πολλῷ.
733 1901 905 1958 Τοῦτο
938 1906 993 1959 δὲ
1046 1910 1141 1962 καὶ
1178 1914 1235 1963 ἐν
1269 1915 1390 1974 ταῖς
1424 1913 1616 1979 ἄλλαις
1651 1918 1857 1974 θαλάσ-

288 2003 407 2083 σαις
488 1990 612 2043 τότε
686 1993 944 2061 γενέσθαι
1030 1999 1274 2069 λέγεται.
1332 2004 1466 2058 Εἶτα
1533 2008 1626 2061 τοῦ
1697 2013 1859 2083 ἀέρος

286 2076 616 2175 θαλφθέντος
667 2085 894 2157 διῄρητο
944 2091 1055 2145 τῶν
1096 2097 1454 2164 κρυστάλλων
1492 2101 1554 2155 τὸ
1606 2076 1855 2175 συνεχὲς,

284 2169 381 2223 καὶ
434 2174 515 2236 είς
564 2178 832 2246 τμήματα
885 2181 1230 2244 διακέκοπτο.
1263 2192 1485 2264 Πνεῦμα
1517 2198 1573 2250 δὲ
1614 2201 1857 2256 πνεῦσαν

1961 993 2100 1049 adeo
2142 1006 2202 1052 ut
2230 1016 2336 1055 non
2371 1002 2523 1059 ﬂuvii
2555 1014 2787 1073 tantum,
2821 1012 2916 1065 sed
2949 1020 3003 1066 et
3029 1030 3174 1068 mare
3209 1018 3541 1085 septentrio—

1963 1087 2085 1141 nale
2126 1088 2194 1142 ad
2237 1095 2518 1163 complura
2565 1100 2739 1155 stadia
2779 1101 3077 1173 frigoribus
3116 1107 3540 1175 conglaciarent.

1963 1192 2256 1254 angustum
2283 1188 2412 1243 item
2436 1190 2662 1255 fretum,
2685 1203 2741 1248 et
2767 1210 2877 1265 quo
2902 1212 2969 1251 ex
2996 1198 3132 1253 urbe
3161 1198 3545 1271 ChrySOpolim

1964 1276 2253 1345 trajicitur.
2288 1279 2536 1351 Cumque
2561 1283 2654 1338 nix
2682 1286 2736 1339 in
2766 1286 2994 1356 glaciem
3029 1289 3339 1350 cecidisset.
3372 1306 3547 1361 eaque

1962 1368 2084 1436 gelu
2128 1370 2350 1426 densata
2387 1381 2443 1428 et
2486 1374 2541 1428 in
2587 1376 2819 1446 glaciem
2868 1380 2981 1449 ipsa
3017 1396 3239 1452 quoque
3280 1398 3543 1439 conversa

1960 1467 2128 1521 esset,
2166 1459 2418 1517 homines
2455 1462 2656 1519 fretum
2692 1467 2927 1536 pedibus
2954 1469 3334 1541 Chrysopolim
3372 1489 3545 1543 usque

1962 1547 2299 1615 transibant,
2350 1562 2406 1607 et
2444 1555 2676 1611 sarcinis
2715 1565 2915 1611 onusta
2959 1558 3234 1629 jumenta,
3280 1569 3336 1614 et
3374 1561 3549 1617 boves

1960 1641 2205 1709 plaustra
2235 1645 2413 1715 magni
2447 1648 2705 1717 ponderis
2735 1651 3036 1706 trahentes.
3064 1653 3214 1707 idem
3245 1663 3374 1708 tunc
3398 1664 3454 1709 et
3488 1653 3546 1709 in

1960 1732 2082 1788 aliis
2110 1735 2355 1792 maribus
2384 1738 2649 1794 accidisse
2682 1739 2881 1796 fertur.
2916 1743 3064 1807 Post,
3090 1759 3216 1798 aere
3250 1743 3540 1813 tepefacto,

1960 1826 2221 1881 continua
2266 1829 2466 1900 glacies
2511 1831 2780 1887 dissoluta
2818 1843 2874 1888 et
2915 1834 2968 1888 in
3008 1836 3279 1905 fragmina
3319 1838 3542 1892 redacta

1959 1927 2076 1981 est,
2127 1935 2248 1989 qua:
2298 1922 2446 1976 venti
2487 1922 2832 1980 vehementis
2879 1925 3084 1995 impetu
3127 1928 3400 1982 violenter
3445 1942 3544 1997 per

1961 2023 2110 2063 mare
2141 2010 2506 2080 agitabantur,
2545 2013 2704 2082 110
2732 2014 2965 2069 collibus
2985 2025 3040 2070 et
3061 2016 3318 2085 spatiosis
3347 2016 3543 2072 insulis

1961 2120 2069 2158 non
2123 2105 2448 2162 dissimilia.
2518 2108 2613 2163 llis
2667 2109 2977 2165 animantes
3030 2111 3249 2166 inerant
3300 2111 3428 2167 fera:
3486 2122 3544 2169 et

1963 2196 2178 2253 cicures
2220 2201 2543 2256 exanimatae
2592 2202 2938 2272 astrictaaque
2979 2204 3171 2273 glacie.
3196 2204 3400 2259 Eorum
3433 2205 3543 2259 fra-

284 2263 482 2367 όιθρόον
527 2270 758 2339 σφοδρόν
792 2290 852 2326 τε
888 2277 985 2328 xal.
1032 2276 1213 2347 βίαιον
1259 2261 1464 2353 ήλαυνε
1499 2291 1582 2345 διὰ
1622 2297 1721 2364 τῆς
1760 2296 1857 2349 θα-

1964 2289 2207 2357 gminum
2254 2291 2501 2360 quaedam
2546 2293 2598 2347 vi
2649 2302 2939 2350 ventorum
2982 2296 3085 2349 sub
3134 2296 3292 2366 aquis
3332 2297 3537 2367 impetu

285 2353 492 2453 λάσσης
533 2362 602 2414 τὰ
644 2365 930 2434 τμήματα,
962 2372 1084 2423 κατ’
1129 2373 1285 2430 οὐδὲν
1324 2378 1624 2437 ἀπεοικότα
1653 2353 1861 2453 powth

288 2450 565 2541 μεγάλων,
611 2453 643 2521 ἢ
686 2458 880 2531 ⁹νήσων
938 2462 1330 2535 πολυπλέθρων
1381 2474 1546 2529 τινῶν
1574 2492 1587 2506 ·
1629 2450 1709 2541 oi;
1766 2482 1861 2535 καὶ

195 2570 203 2578 ο
285 2538 403 2643 Edita.
439 2544 611 2643 ἄγριά
654 2564 715 2600 τε
878 2557 1142 2628 χειροήθη
1196 2568 1662 2635 συνεπεπήγεσαν
1691 2538 1858 2643 πεδη-

285 2628 447 2683 θέντα
476 2633 555 2703 τῷ
583 2640 926 2706 κρυστάλλῳ,
954 2646 1049 2698 καὶ
1081 2628 1715 2720 ἀποψύξυταίῗούτων
1751 2628 1859 2715 των

284 2722 666 2822 κρυστάλλωνΔ
692 2728 801 2798 (60)
846 2734 969 2788 τινὰ
1005 2741 1117 2801 τοῖς
1163 2744 1456 2809 παραλίοις
1500 2749 1709 2820 τείχεσι
1758 2756 1858 2822 τῆς

283 2812 495 2916 πόλεως
522 2821 584 2887 τῇ
615 2818 704 2892 βίᾳ
727 2823 843 2916 τῶν
871 2826 1090 2898 ἀνέμων
1119 2834 1242 2886 καθ’
1267 2836 1477 2893 ὑδάτων
1513 2812 1654 2910 μετὰ
1678 2812 1861 2916 piari;

286 2907 529 2978 σφοδρᾶς
560 2913 957 2986 κυλινδούμενα
1002 2921 1081 2985 ὡς
1124 2929 1529 2998 προσήραττον,
1556 2936 1860 2992 κατέϐαλον

291 2997 455 3097 εὐθύς
495 3000 562 3054 τὰ
608 3011 1121 3079 προσαραττόμενα,
1155 3018 1251 3070 καὶ
1390 3022 1457 3076 τὰ
1506 3026 1660 3096 τείχη
1698 3028 1859 3097 μόνον

283 3088 611 3159 ήρείπωντο,
660 3096 799 3151 ἀλλὰ
855 3103 949 3155 καὶ
983 3105 1154 3160 οίκίαι
1209 3088 1857 3195 πλησιάζουσαιτούτοις

285 3188 762 3250 συγκατεσείοντο.
793 3194 903 3247 Καὶ
933 3198 1145 3268 αὐχμὸς
1193 3202 1239 3256 δ’
1287 3205 1381 3259 ἐπὶ
1427 3208 1641 3274 τούτοις
1688 3188 1858 3277 πολύς

286 3272 509 3345 συνέϐη,
552 3276 629 3341 ὡς
686 3282 948 3350 καὶτοὺς
1007 3290 1275 3358 ἀεννάους
1319 3302 1601 3370 ποταμοὺς
1658 3306 1859 3375 ξηραν-

284 3362 468 3434 οῆναι,
503 3372 598 3425 καὶ
645 3373 744 3438 τὰς
795 3381 977 3449 πηγὰς
1021 3384 1244 3451 τελείως
1279 3362 1783 3454 ὲπιλιτέεῖνί
1813 3403 1858 3455 δ’

282 3460 613 3568 ,τούτων
676 3470 978 3568 ὲϐελτιώθη
1037 3479 1070 3547 ή
1128 3479 1394 3547 ἀσύνετος
1423 3488 1633 3545 ἐκείνου
1687 3494 1854 3568 ψυχὴ,

1964 2380 2304 2453 vehementis
2348 2385 2575 2439 marinis
2614 2386 2854 2455 impacta
2902 2387 3213 2450 moenibus,
3267 2402 3376 2441 non
3424 2389 3541 2458 ipsa

1966 2481 2172 2528 tantum
2197 2515 2211 2540 ,
2258 2475 2355 2530 sed
2397 2484 2453 2532 et
2497 2477 2709 2533 vicinas
2746 2478 2893 2533 sedes
2933 2488 3371 2548 prostraverunt.
3416 2480 3543 2536 llzcc

1961 2573 2127 2620 mstus
2157 2567 2348 2637 ingens
2373 2575 2460 2623 est
2485 2577 2740 2636 secutus,
2795 2586 2907 2640 quo
2945 2580 3002 2627 et
3038 2587 3315 2640 perennes
3348 2587 3542 2626 amnes

1963 2656 2147 2711 siccati
2191 2669 2353 2724 sunt,
2396 2668 2452 2715 et
2489 2659 2666 2717 fontes
2701 2662 2922 2732 penitus
2956 2662 3298 2718 defecerunt.
3338 2664 3552 2719 Verum-

1962 2750 2217 2820 stupidus
2245 2753 2593 2822 imperatoris
2624 2756 2842 2810 animus
2869 2756 2956 2810 his
2986 2757 3152 2811 rebus
3184 2756 3320 2810 nihil
3345 2771 3538 2811 emen-

1964 2842 2125 2898 datus
2159 2853 2270 2907 est,
2312 2845 2410 2900 sed
2457 2847 2825 2915 patriarcham
2861 2864 3021 2903 suum
3058 2862 3259 2902 arcano
3295 2848 3539 2902 interro-

1963 2937 2151 3006 gavit:
2189 2936 2251 2992 Si
2284 2937 2461 2992 Maria
2495 2939 2824 3010 Christipara
2858 2949 3171 3005 vacaretur,
3213 2941 3449 3010 nunquid
3484 2943 3540 2995 in

1961 3044 2020 3082 eo
2049 3038 2183 3083 esset
2213 3031 2568 3085 incommodi?
2595 3030 2735 3086 Tum
2764 3032 2853 3087 ille
2881 3032 2947 3087 ad
2980 3046 3171 3101 preces
3202 3046 3536 3086 conversus:

1958 3119 2069 3183 Ne,
2103 3122 2309 3191 inquit,
2341 3123 2512 3187 alias,
2545 3140 2708 3191 neque
2744 3125 2887 3194 apud
2915 3123 3048 3179 alios
3078 3125 3369 3193 imperator
3398 3123 3541 3177 istud

1959 3215 2261 3285 protuleris.
2289 3216 2384 3271 Est
2412 3218 2550 3271 enim
2575 3217 2805 3273 Nestorii
2838 3220 3121 3272 sententia.
3150 3218 3289 3272 Nunt
3320 3219 3542 3288 ignoras

1959 3318 2017 3362 ut
2046 3308 2135 3363 ille
2166 3309 2229 3363 ab
2267 3311 2411 3364 omni
2450 3310 2684 3378 ﬁdelium
2721 3309 2952 3364 Ecclesia
2993 3311 3061 3364 sit
3097 3310 3451 3381 proscriptus,
3493 3318 3541 3362 et

1961 3406 2300 3456 anathemate
2344 3406 2598 3459 notatus?
2631 3403 2711 3458 Ad
2756 3405 2859 3458 hoc
2891 3403 3004 3465 ille,
3039 3421 3117 3465 se,
3154 3421 3259 3458 non
3292 3405 3430 3475 quod
3465 3404 3541 3458 ita

1960 3495 2207 3559 sentiret,
2248 3496 2341 3549 sed
2381 3496 2726 3565 cognoscendi
2775 3512 2936 3550 causa
2984 3495 3120 3549 illud
3158 3497 3540 3567 interrogasse.

285 3552 417 3660 ens
442 3555 534 3660 τὸν
554 3563 919 3660 ,πατριάρχην
956 3570 1125 3624 αὑτοῦ
1169 3552 1713 3650 προσκαλεσάμενος,
1747 3552 1853 3660 ἐς,οῆ

1963 3586 2027 3640 Et
2051 3601 2119 3641 eo
2144 3586 2442 3656 impietatis
2465 3598 2551 3643 est
2575 3602 2920 3658 progressus,
2948 3598 3009 3643 ut
3034 3588 3197 3642 etiam
3222 3592 3540 3642 sanctorum

285 3643 343 3740 ὲν
390 3646 724 3721 ἀπορρήτοις
772 3657 942 3739 αὐτῷ.
982 3663 1129 3717 Εἰπέ
1178 3643 1296 3731 μοι,
1340 3669 1389 3721 ει
1451 3643 1859 3740 Χλοιστοτόκονζ

287 3737 401 3804 τὴν
445 3744 683 3810 Μαρίαν
731 3737 1057 3822 καλοῦμεν,
1113 3759 1205 3825 τίς
1252 3761 1321 3816 ἐκ
1382 3737 1598 3821 τούτου
1657 3770 1861 3828 ἔσεται

280 3832 522 3931 βαίάϐης
566 3839 622 3892 '0
649 3841 705 3894 δὲ
736 3845 934 3901 αὐτίκα
964 3852 1045 3912 είς
1085 3853 1321 3910 ἱκετείαν
1351 3862 1621 3929 ἐτράπετο
1652 3866 1826 3931 λέγων
1847 3887 1859 3899 ·

284 3928 380 3996 Μὴ
412 3930 589 4022 τοῦτο
616 3934 838 3992 ἄλλοτε
864 3939 902 4008 ἣ
932 3944 1082 4010 πρὸς
1109 3946 1306 4001 ἄλλον
1331 3928 1623 4022 exseris-pc,
1664 3951 1708 4010 ὦ
1726 3928 1856 4020 *βα-

284 4020 619 4114 σιλεῦητοῦ
654 4029 985 4097 Νεστορίου
1032 4033 1144 4103 γάρ
1176 4036 1307 4091 ἐστι
1348 4040 1416 4094 τὸ
1449 4020 1735 4114 errorum.
1776 4051 1858 4105 ’Ἠ

284 4114 398 4166 οὐκ
456 4110 621 4181 οἶδας
680 4118 839 4187 ὅπως
896 4123 1129 4191 ἐκεῖνος
1174 4129 1334 4197 παρὰ
1388 4110 1861 4207 πάσης-στηλι-

283 4207 514 4262 γεύεται
599 4211 966 4281 Ἐκκλησίας
1032 4219 1286 4283 πιστῶν,
1357 4226 1481 4280 καί
1531 4229 1855 4302 ἀνίιθέματι

285 4300 743 4369 κατακέκριται;
785 4306 844 4360 Ὀ
871 4307 926 4361 δὲ
963 4311 1345 4384 ἀνταπεκρίθη
1397 4318 1548 4387 αὐτῷ
1596 4322 1679 4374 ὃτι
1717 4300 1854 4395 ἡούκ

283 4391 505 4484 digerit)
534 4395 688 4449 οὕτω
720 4400 963 4467 φρονῶν
1014 4403 1186 4458 εἶπον
1218 4406 1414 4472 τοῦτο,
1458 4410 1622 4467 ἀλλὰ
1646 4391 1860 4484 pacet}

285 4481 511 4539 ἐθέλων
543 4487 843 4571 ἠρώτησα,
882 4494 970 4557 Ἐς
1010 4496 1263 4550 τοσοῦτον
1306 4499 1351 4552 δ’
1414 4481 1680 4576 ἐξηνέχθη
1735 4507 1855 4561 θεο-

290 4579 495 4648 μαχίας
520 4581 595 4646 ὡς
637 4584 731 4635 καὶ⁹
770 4586 837 4640 τὰ
875 4588 984 4641 τῶν
1017 4589 1190 4656 ἁγίων
1237 4590 1467 4661 λείψανα
1503 4598 1859 4666 παραδιδόναι

288 4673 443 4742 πυρὶ,
473 4675 570 4728 καὶ⁵
596 4678 655 4730 τὸ
684 4676 854 4748 ἅγιος
894 4682 1148 4738 κελεῦσαι
1180 4685 1317 4756 μήτε
1343 4688 1436 4740 ἐπὶ
1458 4691 1559 4758 τῆς
1589 4689 1856 4743 Θεοτόκου

286 4765 563 4833 λέγεσθαι,
600 4773 741 4841 μήτε
784 4774 889 4844 μὴν
931 4778 1025 4828 ἐπί
1051 4795 1197 4842 τινος
1227 4779 1336 4833 τῶν
1365 4781 1857 4850 εὐαρεστησάντων

286 4857 426 4926 Θεῷ,
456 4860 571 4913 ἀλλ’
607 4865 635 4914 ὁ
672 4865 971 4930 ἀπόστολος
1012 4869 1219 4938 Πέτρος
1257 4873 1353 4925 καὶ
1396 4873 1607 4935 Παῦλος
1650 4873 1854 4940 λέγειν,

286 4950 384 5001 καὶ
414 4953 632 5024 μάρτυρ
676 4956 972 5026 Γεώργιος,
1021 4960 1053 5032 ἢ
1109 4962 1408 5032 Θεόδωρος,
1455 4965 1547 5018 καὶ
1601 4965 1692 5018 ἐπὶ
1750 4967 1859 5020 τῶν

285 5044 489 5099 λοιπῶν
541 5047 762 5116 ὁμοίως.
814 5051 924 5120 Τῆς
975 5053 1031 5106 δὲ
1081 5054 1191 5107 τῶν
1252 5056 1493 5125 ἀνιέρων
1548 5058 1858 5127 ἀρχιερέων

1888 4920 1940 4979 Ι)

1964 3679 2229 3750 reliquias
2273 3679 2380 3750 igni
2431 3680 2700 3743 traderet,
2746 3688 2801 3734 et
2842 3680 3015 3734 sancti
3065 3681 3316 3741 titulum,
3360 3696 3539 3750 neque

1966 3772 2230 3842 Deiparze,
2256 3788 2436 3842 neque
2465 3771 2559 3826 ulli
2589 3786 2779 3825 eorum
2805 3770 2899 3840 qui
2927 3772 3039 3825 Deo
3070 3771 3343 3839 placuere,
3374 3772 3537 3825 tribui

1962 3863 2204 3935 juberet,
2228 3864 2321 3918 sed
2353 3863 2460 3918 dici
2490 3863 2670 3927 vellet,
2701 3863 2982 3932 apostolus
3010 3863 3207 3918 Petrus
3230 3872 3287 3916 et
3312 3863 3559 3929 Paulust

1966 3963 2173 4027 martyr
2210 3955 2534 4009 Theodorus
2565 3963 2620 4008 et
2662 3953 2976 4024 Gregorius,
3010 3964 3067 4009 et
3098 3953 3178 4009 sic
3214 3940 3266 4008 in
3300 3954 3536 4009 caeteris.

1963 4045 2100 4101 Cum
2136 4055 2316 4100 autem
2350 4045 2643 4115 impiorum
2678 4045 3064 4115 episcoporum
3109 4055 3435 4111 convvntus,
3469 4046 3539 4100 de

1965 4154 2076 4209 quo
2098 4140 2207 4208 jam
2235 4154 2263 4192 a
2288 4152 2374 4193 me
2398 4136 2607 4192 dictum
2629 4144 2733 4201 est,
2759 4137 2926 4206 impia
2953 4152 3051 4191 sua
3076 4137 3298 4192 decreta
3329 4138 3541 4207 scripto

1966 4229 2284 4299 complexus
2322 4236 2486 4295 esset,
2533 4228 2587 4282 id
2626 4228 2891 4297 scriptum
2937 4227 3167 4282 Tomum
3199 4227 3535 4296 Synodicum

1966 4321 2131 4376 homo
2157 4318 2642 4390 impiusappellari
2667 4318 2859 4384 voluit,
2889 4326 3055 4389 utque
3078 4321 3129 4375 ci
3157 4320 3539 4380 subscribere-

1969 4423 2058 4469 tur
2087 4416 2155 4470 ab
2190 4415 2446 4470 omnibus
2482 4413 2859 4484 pontiﬁcibus,
2896 4424 2953 4468 et
2985 4413 3189 4468 virtute
3228 4414 3561 4471 illustribus.

1968 4506 2253 4562 monachis
2297 4505 2614 4576 postulavit.
2671 4504 2822 4571 Quos
2869 4505 3172 4559 monachos
3213 4504 3317 4559 etsi
3367 4505 3540 4559 vehe-

1968 4598 2307 4654 mentissimc
2342 4605 2661 4666 persecutus
2684 4596 2896 4660 fuerat,
2933 4597 3072 4651 adeo
3106 4605 3164 4650 ut
3190 4596 3306 4652 fere
3332 4597 3536 4663 nullus,

1968 4689 2061 4759 qui
2110 4688 2329 4758 quidem
2375 4688 2624 4757 prodiret
2667 4689 2721 4743 in
2772 4688 3076 4759 publicum,
3119 4689 3174 4742 in
3215 4689 3354 4744 urbe
3393 4698 3540 4744 esset

1967 4780 2216 4849 reliquus
2249 4796 2263 4833 :
2317 4787 2494 4834 tamen
2544 4779 2733 4849 plures
2763 4779 2945 4835 adhuc
2975 4780 3320 4843 habitabant,
3357 4789 3413 4836 et
3443 4782 3537 4835 alii

1967 4877 2120 4922 extra
2155 4868 2348 4922 urbem
2389 4868 2553 4923 vitam
2588 4869 2841 4939 agebant.
2874 4870 2976 4936 Qui
3010 4870 3176 4940 igitur
3211 4871 3538 4927 immanitati

1964 4960 2085 5027 ejus
2133 4969 2277 5014 metu
2323 4960 2624 5026 cedebant,
2671 4971 2727 5016 et
2767 4962 2988 5032 impiam
3022 4963 3172 5019 illam
3205 4964 3535 5034 scripturam

1962 5050 2381 5116 conﬁrmabant,
2427 5052 2611 5108 vivere
2654 5056 2791 5108 citra
2834 5070 3034 5109 noxam
3062 5056 3402 5111 sinebantur.
3433 5057 3537 5123 Qui

291 5139 641 5207 συναγωγῆς,
700 5141 834 5211 περὶ
884 5137 954 5214 ἧς
1000 5145 1102 5216 ήδη
1139 5163 1231 5215 μοι
1278 5147 1521 5217 εἴρηται,
1570 5151 1757 5218 γραφῇ
1795 5149 1857 5202 τὰ

1966 5144 2403 5214 refragabantur,
2437 5146 2652 5202 acerbis
2690 5147 2963 5202 mortibus
2994 5156 3050 5202 ct
3091 5148 3372 5202 atrocibus
3402 5163 3537 5218 sup-

291 5231 424 5299 παρ’
483 5233 665 5284 αὐτῶν
720 5234 932 5298 ἀσεϐῶς
987 5236 1424 5307 δογματισθέντα
1484 5240 1859 5309 παραδόντων,

292 5319 471 5387 Τόμον
531 5324 821 5378 Συνοδικδν
883 5326 1023 5380 αὐτὰ
1071 5329 1310 5392 καλέσας
1367 5332 1394 5383 ὀ
1452 5331 1859 5395 ἀσεϐέστατος,

1963 5234 2144 5303 pliciis
2167 5236 2276 5289 vita
2302 5235 2678 5304 privabantur.
2709 5234 2828 5302 Quo
2856 5246 3098 5305 tempore
3125 5252 3357 5306 magnus
3386 5253 3539 5292 asce-

1966 5335 2047 5380 tes
2092 5337 2148 5381 et
2192 5326 2397 5382 athleta
2445 5328 2680 5383 celebris
2725 5328 3074 5396 Stephanus,
3124 5331 3447 5398 acceptione
3482 5341 3540 5386 et

294 5409 494 5479 ἀπῄτει
540 5413 822 5484 ἀρχιερεῖς
866 5433 927 5468 τε
966 5418 1176 5480 πάντας
1228 5419 1321 5471 καὶ⁹
1371 5419 1478 5471 τῶν
1518 5420 1857 5489 μοναζόντων

1963 5418 2366 5488 subscriptione
2397 5420 2528 5474 tomi
2562 5421 2710 5474 illius
2741 5430 3020 5485 recusata,
3053 5433 3177 5490 post
3211 5423 3381 5476 multa
3419 5432 3537 5477 tor-

291 5501 418 5566 τοὺς
453 5504 816 5576 περιϐοήτους
843 5508 930 5562 ἐπ’
957 5510 1152 5580 ἀρετῇ,
1171 5511 1344 5564 ταῦτα
1375 5513 1859 5582 ὑποσημήνασθαι.

1964 5521 2149 5569 menta
2188 5514 2489 5570 crudeliter
2516 5518 2732 5570 occisus
2758 5523 2864 5581 est,
2900 5525 2955 5570 et
2982 5531 3011 5570 c
3046 5516 3539 5586 praetnriicarcere

294 5595 360 5649 Ei
394 5596 501 5666 γὰρ
536 5598 630 5651 καὶ
667 5598 908 5671 διωγμὸν
938 5601 1079 5656 κατὰ
1118 5601 1229 5657 τῶν
1266 5602 1519 5673 μοναχῶν
1553 5602 1857 5673 βαρύτατον

1965 5612 2283 5672 protractus
2306 5620 2483 5676 usque
2510 5606 2599 5665 ad.
2616 5604 2930 5679 Pelagium,
2971 5606 3089 5667 illic
3122 5622 3247 5667 cum
3278 5607 3537 5665 condem-

1461 5740 1662 5802 Variae
1724 5738 2030 5803 lectiones
2074 5748 2136 5802 et
2180 5745 2369 5803 notae.

370 5862 483 5936 (60)
515 5861 638 5920 Τῶν
665 5863 1088 5936 κρυστάλλων.
1116 5865 1212 5923 Ms.
1249 5866 1369 5923 Τῶν
1400 5865 1725 5941 τμημάτω.
