4068 6410
349 417 486 480 1337
1581 424 1997 486 ANNALIUM
2036 427 2189 487 LIB.
2230 405 2357 487 XV.
3456 433 3600 501 1333

338 537 620 593 σ·αντῖνον
675 534 1046 606 πατριάρχην,
1089 535 1172 588 ἑνὶ
1224 537 1334 597 τῶν
1372 538 1653 607 ἀρχόντων
1715 540 1919 597 τούτων

2026 556 2090 595 ac
2116 541 2271 595 asino
2299 542 2613 612 impositus,
2651 543 2796 599 ludis
2836 546 3193 606 Circensibus
3226 548 3281 604 in
3321 551 3598 607 theatrum

339 632 653 698 συνομιλεῖν
685 631 875 694 εἰπὼν,
900 631 997 684 καὶ
1043 631 1226 699 λέγειν
1259 630 1382 682 κατ’
1413 629 1599 692 αὐτοῦ,
1621 632 1716 683 καὶ
1750 647 1919 700 κατη-

2018 632 2411 697 introducitur,
2438 635 2917 706 ignominiosaque
2942 639 3226 711 triumpho
3247 644 3597 713 conspuitur,

336 725 532 796 γόρους
563 725 721 785 τινας
757 728 840 788 είς
874 724 1102 795 ἔλεγχον
1135 722 1303 777 αὐτοῦ
1348 723 1738 794 παρεσκεύασε
1762 740 1777 753 ο
1826 724 1919 778 καὶ

2018 730 2074 775 et
2099 722 2323 791 pulvere
2360 727 2768 796 conspergitur.
2813 729 2943 785 Post
2981 731 3099 787 haec
3138 748 3433 802 procerum
3471 735 3601 804 qui-

336 817 680 887 ἆιρνουμένου
745 816 980 878 ἔκείνου,
1030 816 1231 885 ὀμόσαι
1287 815 1415 877 τοὺς
1452 815 1792 886 κατηγόρους
1827 832 1919 867 πε-

2028 813 2258 868 busdam
2288 813 2491 880 missis,
2524 826 2790 888 tyrannus
2819 835 2945 874 eum
2974 832 3350 890 percontatur,
3380 825 3508 895 quid
3535 827 3601 879 de

337 911 561 979 ποίηκε.
608 907 829 962 Τούτων
855 909 911 962 δδ
945 907 1282 977 γενομένων,
1343 906 1641 976 ὑπερόριος
1669 909 1697 959 6
1730 922 1919 975 πατρι-

2028 906 2134 975 ﬁde
2171 908 2335 974 ipsius
2360 911 2576 974 sentiat,
2614 912 2781 982 deque
2805 914 3026 983 synoda.
3059 913 3186 978 ille,
3214 916 3599 970 crudelitatem

334 1003 511 1073 ἀρχης
552 1002 789 1069 ἐγένετο.
829 1001 1056 1071 Ἕτερον
1088 1000 1146 1052 δὲ
1179 998 1548 1069 προεϐάλλετο
1566 1000 1917 1067 πατριάρχην

2027 1000 2149 1068 ejus
2170 999 2502 1068 placaturus,
2533 1003 2828 1072 respondet
2853 1021 2978 1060 eum
3003 1014 3057 1060 et
3092 1015 3242 1062 recte
3264 1006 3512 1070 credere,
3544 1015 3603 1061 et

333 1096 363 1157 6
394 1094 676 1165 τύραννος,
709 1092 969 1161 ἑκτομίαν
989 1093 1115 1146 τινὰ
1145 1092 1415 1160 Νικήταν,
1448 1090 1556 1143 οὐδ’
1586 1090 1645 1154 ἐξ
1696 1090 1919 1143 ἐλευθέ-

2029 1091 2250 1145 decreta
2294 1092 2487 1159 synodi
2532 1102 2788 1149 accurata
2827 1111 2968 1152 esse.
3011 1097 3106 1154 His
3137 1099 3306 1154 miser
3344 1098 3508 1154 dictis
3544 1099 3602 1152 in

341 1204 472 1257 ρων,
504 1187 622 1240 ἀλλ’
651 1185 953 1241 έκδούλων
978 1185 1207 1245 ἕλκοντα
1230 1188 1327 1255 τὴν
1355 1185 1450 1238 τοῦ
1482 1184 1676 1250 γένους
1704 1183 1918 1253 σειρὰν,

2026 1182 2375 1239 venationem
2403 1184 2696 1252 abductus,
2730 1188 3117 1245 obtruncatur.

332 1281 430 1359 igni.
466 1280 665 1350 σχεδὸν
684 1280 794 1334 οὐδ’
816 1280 1129 1349 ἀναγνῶναι
1154 1280 1459 1349 δυνάμενον
1480 1296 1494 1309 ·
1542 1273 1613 1348 ἦν
1673 1276 1785 1347 γάρ
1857 1276 1986 1346 περὶ
2023 1280 2123 1346 τὴν
2149 1282 2534 1344 γυναικωνῖτιν
2564 1282 2896 1352 ἐσχολακώς.
2925 1280 3058 1339 Εἶτα
3078 1287 3142 1339 ὲκ
3158 1286 3257 1357 τῆς
3306 1286 3605 1358 ὑπερορίας

331 1373 568 1444 ἀχθέντα
613 1373 706 1426 τὸν
760 1374 1188 1431 κωνσταντῖνον,
1239 1373 1333 1424 καὶ
1371 1370 1726 1439 ἀπηνέστατα
1787 1368 2125 1432 αίκισθέντα,
2194 1370 2269 1433 ὡς
2331 1372 2465 1442 μηδὲ
2516 1373 2754 1443 βαδίζειν
2835 1376 3125 1440 δύνασθαι,
3160 1380 3244 1441 είς
3286 1376 3386 1448 τὴν
3414 1377 3606 1446 Μεγά.

331 1465 431 1543 λην
459 1463 854 1534 ὲκκλησίανὼς
890 1464 1053 1534 ἄχθος
1076 1481 1132 1516 τι
1151 1461 1552 1533 βασταζόμενον
1577 1462 1606 1510 6
1634 1459 1899 1527 τύραννος
1936 1461 2409 1532 μετακομισθῆναι
2477 1465 2759 1522 ἐκέλευσε.
2823 1468 2935 1522 Καί
2971 1486 3118 1532 τινος
3165 1469 3233 1522 τὰ
3268 1468 3393 1522 κατ’
3433 1470 3604 1527 αὐτοῦ

334 1559 803 1628 ἀναγινώσκοντος
831 1559 1182 1629 αἰτιάματα,
1265 1555 1538 1626 παρουσίᾳ
1604 1555 1847 1625 πλήθους
1907 1554 2107 1608 πολλοῦ
2190 1558 2286 1610 ἐπὶ
2354 1559 2533 1631 τούτῳ
2616 1562 3099 1634 συναθροισθέντος
3177 1566 3275 1620 καὶ
3333 1564 3428 1617 τοῦ
3493 1565 3603 1617 νέοο

339 1659 685 1729 πατριάρχου
715 1658 935 1729 Νικήτα
966 1660 1023 1710 ὲν
1058 1654 1136 1727 τῷ
1168 1654 1448 1724 συνθρόνῳ
1478 1651 1795 1721 καθημένου
1853 1649 1950 1702 καὶ
1989 1651 2345 1719 ἀκροωμένου
2396 1656 2598 1721 αὐτῶν,
2666 1658 2874 1721 ἐκεῖνος
2918 1661 3061 1712 κατὰ
3112 1660 3318 1731 κόρρης
3363 1657 3604 1712 ἐπαίετο⁹

333 1749 429 1819 διαὶ
455 1747 631 1812 οὕτως
654 1748 745 1801 ἐπὶ
775 1748 912 1801 πολὺ
975 1744 1431 1816 ὲμπαροινηθεὶς,
1469 1742 1624 1804 τέλος
1692 1739 2171 1812 ἁναθεματίζεται,
2230 1747 2326 1797 καὶ
2354 1747 2612 1815 ψιλωθεὶς
2635 1749 2732 1817 τὴν
2762 1752 3009 1822 κεφαλὴν
3069 1754 3166 1806 καὶ
3214 1753 3307 1807 τὸν
3359 1750 3604 1820 πώγωνα

330 1844 473 1899 ἀλλὰ
534 1845 721 1915 μέντοι
783 1845 879 1898 καὶ
928 1842 1024 1905 τὰς
1079 1842 1311 1909 ὀφρύας,
1366 1840 1459 1893 καὶ
1525 1838 1634 1907 ϐνῳ
1684 1836 1974 1906 ἐποχηθεὶς
2041 1839 2414 1910 ἱπποδρομίας
2484 1844 2816 1915 τελουμένης
2874 1848 3152 1915 εἰσάγεται
3218 1849 3297 1911 είς
3358 1847 3420 1901 τὸ
3481 1847 3608 1901 θέα·

330 1952 483 2004 τρον,
545 1935 760 2005 ἀτίμως
847 1933 1338 2005 θριαμϐευόμενος,
1406 1934 1502 1987 καὶ
1563 1935 1966 2005 ὲμπτυόμενος.
2037 1936 2132 1989 καὶ
2183 1939 2330 1992 κόνει
2400 1941 2756 2010 παττόμενος.
2805 1942 2928 1995 Ἐπὶ
2985 1942 3195 2005 τούτοις
3266 1941 3422 2005 τινὰς
3494 1941 3606 1996 τῶν

332 2029 613 2099 ἀρχόντων
669 2026 885 2089 στείλας
924 2027 954 2077 6
999 2026 1280 2096 τύραννος,
1330 2023 1615 2097 ἠρώτησεν
1672 2028 1833 2080 αὐτὸν
1865 2028 1924 2080 τί
1960 2028 2119 2093 αὐτῷ
2174 2030 2347 2084 δοκεῖ
2369 2031 2499 2100 περὶ
2525 2030 2636 2099 τῆς
2663 2033 2847 2087 αὐτοῦ
2873 2036 3151 2099 πίστεως,
3182 2034 3281 2087 καί
3340 2031 3606 2100 περὶτῆς

332 2119 626 2175 συνόδου.
664 2118 724 2172 ⁸0
757 2117 815 2171 δὲ
850 2116 1337 2187 ὲκμειλισσὸμενος
1383 2119 1484 2189 τὴν
1551 2118 1761 2171 ἐκείνου
1829 2117 2093 2189 ὠμότητα
2167 2122 2438 2193 ἀπεκρίθη
2497 2124 2682 2188 καλῶς
2715 2128 2996 2178 πιστεύειν
3028 2126 3211 2189 αὑτὸν,
3240 2127 3334 2180 καὶ
3364 2124 3607 2196 ἀκριϐῶς

330 2214 654 2283 δογματίσαι
707 2211 812 2282 τὴν
855 2211 1073 2265 σύνοδον
1102 2227 1116 2241 ο
1149 2211 1245 2264 καὶ
1295 2210 1469 2285 ταῦτα
1534 2211 1707 2265 εἰπὼν
1763 2213 1793 2265 6
1854 2213 2197 2284 τρισάθλιος,
2256 2218 2340 2280 είς
2388 2216 2451 2271 τὸ
2505 2219 2838 2289 κυνηγέσιον
2873 2220 3146 2292 ἀπαχθεὶς
3183 2219 3478 2291 ἀπετμήθη
3508 2221 3610 2290 τὴν

333 2324 394 2362 κε
405 2306 603 2375 εραλήν.

3286 2330 3301 2337 ν.

402 2395 485 2450 Η’.
540 2395 680 2450 Καθ’
742 2393 987 2466 ἑκάστην
1030 2395 1088 2449 δὲ
1127 2399 1192 2464 τῇ
1241 2394 1386 2449 κατὰ
1443 2393 1554 2448 τῶν
1613 2398 1919 2470 ἐκκλησιῶν

2100 2397 2258 2466 112
2293 2395 2427 2451 VIII.
2456 2396 2515 2451 In
2545 2395 2664 2451 dies
2698 2407 2878 2450 autem
2919 2397 3086 2451 homo
3136 2398 3398 2467 profanus
3428 2384 3606 2452 l‘urori

334 2488 431 2559 τεαὶ
457 2490 572 2543 τῶν
628 2489 1010 2559 μοναστηρίων
1044 2489 1214 2559 μανίᾳ⁵
1255 2489 1572 2556 προσετίθει
1612 2494 1638 2543 6
1666 2491 1914 2562 βέϐηλος.

345 2584 671 2646 Ἀκόλαστος
703 2583 760 2636 δὲ
784 2582 862 2636 ὣν
883 2583 977 2636 καὶ
1015 2586 1164 2654 τρεῖς
1193 2588 1461 2652 γυναῖκας
1519 2584 1785 2654 ἠγάγετο,
1815 2587 1914 2640 καὶ

334 2678 399 2735 ὲκ
434 2676 540 2742 μὲν
566 2676 665 2747 τῆς
705 2676 927 2746 πρώτης
958 2674 1084 2745 ἔσχε
1124 2678 1291 2731 παῖδα
1321 2677 1414 2730 τὸν
1456 2677 1683 2739 Λέοντα,
1744 2679 1804 2731 ὃν
1828 2680 1921 2733 καὶ

332 2770 429 2830 τοῦ
456 2772 555 2840 τῆς
582 2769 858 2839 βασιλείας
891 2770 1156 2838 ὀνόματος
1210 2771 1580 2842 κατηξίωσεν,
1612 2776 1676 2827 ἐκ
1709 2774 1764 2827 δὲ
1811 2773 1920 2826 τῶν

334 2859 515 2922 ἄλλων
578 2859 973 2929 Χριστοφόρον,
1029 2859 1343 2930 Νικηφόρον
1390 2878 1451 2914 τε
1505 2863 1602 2915 καὶ
1650 2863 1917 2933 Νικήταν.

339 2950 449 3002 Καὶ
476 2948 606 3011 τοὺς
633 2949 731 3014 μὲν
765 2948 859 3001 δύο
889 2948 1180 3019 Καίσαρας
1207 2948 1423 3020 ἔστεφε,
1461 2951 1552 3006 τὸν
1575 2953 1631 3006 δὲ
1664 2953 1918 3020 Νικήταν

343 3039 572 3111 δτίμησε
623 3039 1039 3108 νωϐελλίσιμον.
1068 3040 1176 3093 Καὶ
1201 3040 1281 3109 τῷ
1335 3044 1538 3112 πρώτῳ
1569 3044 1670 3113 υίῷ
1747 3043 1919 3097 αὐτοῦ

334 3129 430 3205 καὶ
456 3127 668 3197 βασιλεῖ
699 3128 938 3196 ἠγάγετο
966 3131 1202 3195 γυναῖκα
1230 3129 1287 3194 ἐξ
1335 3129 1598 3198 Ἀθηνῶν,
1639 3133 1735 3185 καὶ
1755 3133 1923 3201 ἐμνη-

335 3219 598 3273 στεύσατο
625 3219 831 3288 ταύτην
847 3218 1013 3289 αὐτῷ,
1040 3221 1240 3289 στέψας
1264 3223 1435 3293 αὐτὴν
1457 3224 1802 3289 Αὑγούσταν,
1825 3224 1921 3289 καὶ

333 3311 567 3390 ηαλέσας
594 3312 846 3381 Εἰρήνην,
864 3311 921 3376 ἐξ
945 3307 1011 3381 ἦς
1028 3312 1221 3383 ἐτέχθη
1254 3313 1329 3377 τῷ
1365 3313 1555 3366 Λέοντι
1587 3314 1717 3376 παῖς
1752 3315 1913 3369 Κων-

336 3406 611 3466 σταντῖνος
639 3402 964 3472 ὀνομασθείς
992 3419 1006 3434 ·
1033 3402 1201 3467 Αὖθις
1230 3405 1287 3457 δὲ
1318 3407 1346 3458 6
1371 3407 1749 3478 Κοπρώνυμος
1783 3408 1922 3474 μετὰ

336 3496 542 3566 σφόδρα
568 3494 780 3547 πολλῶν
828 3495 1071 3565 τριηρῶν
1102 3496 1197 3548 καὶ
1235 3497 1532 3568 δρομώνων
1576 3500 1717 3554 κατά
1755 3500 1923 3554 Βουλ-

336 3589 522 3658 γάρων
552 3584 861 3669 ὲξῴρμησε,
920 3586 1250 3655 βουλόμενος
1288 3589 1377 3644 διὰ
1437 3592 1532 3645 τοῦ
1568 3593 1790 3661 Ἴστρου
1842 3591 1922 3655 είς

334 3679 677 3752 Βουλγαρίαν
707 3679 1064 3750 ἐπεμϐαλεῖν.
1099 3677 1233 3736 Εἶτα
1280 3682 1655 3747 δεδειλιακὼς,
1689 3684 1921 3748 ἀναζεῦ-

334 3773 424 3855 ξαι
455 3740 761 3842 elapsum.
794 3740 1318 3846 ueterno-517m;
1357 3778 1469 3847 (ea)
1512 3778 1569 3830 δὲ
1615 3740 1915 3841 δείσαντες,
1945 3740 1991 3813 (ἶ

336 3864 568 3926 σπονδὰς
598 3862 789 3916 θέσθαι
822 3864 961 3932 πρὸς
988 3866 1213 3936 εἰρήνην
1257 3865 1773 3937 διεπρεσϐεύσαντο,
1824 3871 1918 3923 καὶ

337 3957 667 4011 ἐσπείσαντο
697 3955 791 4009 ἐπὶ
853 3954 1172 4026 συνθήκαις,
1227 3959 1324 4012 τοῦ
1384 3961 1525 4029 μήτε
1575 3960 1919 4031 Βουλγάρους

333 4047 403 4101 τὰ
435 4047 725 4116 Ῥωμαίων
752 4045 1054 4117 ληίζεσθαι,
1098 4048 1238 4119 μήτε
1273 4049 1382 4121 μὴν
1420 4050 1735 4121 Ῥωμαίους
1764 4051 1919 4105 ὲπιέ-

334 4158 420 4196 ναι
447 4140 590 4194 κατὰ
614 4138 960 4208 Βουλγάρων.
998 4139 1106 4191 Kal.
1126 4142 1219 4193 ἐπὶ
1262 4141 1473 4207 τούτοις
1519 4143 1914 4214 ἐπανελήλυθε.

334 4231 490 4295 Τινὲς
515 4230 571 4284 δὲ
604 4231 714 4283 τῶν
749 4229 1081 4301 Βρυλγάρων
1128 4230 1322 4302 δώροις
1358 4233 1721 4305 ὑποσυρέντες
1757 4235 1917 4305 παρὰ

333 4326 527 4381 τούτου
573 4325 671 4379 τοῦ
726 4324 1157 4393 αὐτοκράτορος,
1211 4326 1272 4379 ὲν
1317 4327 1663 4399 ἀπορρήτοις
1694 4328 1917 4398 ἐδήλουν

333 4418 485 4489 αὐτῷ
539 4418 607 4472 τά
645 4416 725 4490 τῷ
773 4416 995 4489 ἄρχοντι
1063 4417 1212 4485 σφῶν
1272 4417 1683 4489 βουλευόμενα’
1735 4421 1916 4490 οἱμε-

339 4511 616 4581 μηνύκασι
643 4510 722 4585 τῷ
758 4508 1180 4579 Κωνσταντίνῳ,
1203 4509 1279 4572 ὡς
1313 4509 1567 4580 βούλεται
1593 4512 1622 4563 6
1653 4511 1918 4581 σφέτερος

338 4604 585 4675 ἀρχηγὸς
623 4604 751 4658 λαὸν
771 4604 1058 4674 ἐκπέμψαι
1084 4602 1227 4655 κατά
1273 4618 1420 4664 τινος
1449 4602 1559 4661 τῶν
1623 4602 1918 4674 Ῥωμαίων

333 4696 552 4767 χωρῶν,
587 4695 891 4750 ἵν’ὲκεῖθεν
942 4693 1094 4747 λείαν
1142 4691 1452 4761 κομίσαιτο.
1488 4693 1601 4746 Καὶ
1650 4692 1710 4756 ὃς
1741 4710 1916 4747 κατα-

333 4788 570 4853 σκόπους
617 4789 850 4851 στείλας,
884 4788 974 4842 ὅτε
1038 4787 1305 4859 ὥρμησαν
1360 4786 1425 4839 ὲκ
1481 4786 1826 4859 Βουλγαρίας
1864 4787 1915 4840 oi

335 4882 678 4952 ληϊσάμενοι,
698 4882 950 4946 κάκεῖνος
973 4881 1189 4949 ἕτοιμος
1215 4877 1313 4942 ὣν,
1342 4878 1608 4947 αἰφνίδιον
1648 4864 1916 4950 ἐπεκδρα·

347 4975 465 5042 μὼν
491 4973 612 5025 κατ’
661 4971 871 5036 αὐτῶν,
896 4971 1026 5033 τοὺς
1056 4973 1156 5041 μὲν
1209 4969 1508 5038 διέφθειρε,
1558 4969 1687 5035 τοὺς
1738 4969 1793 5023 δὲ
1820 4971 1917 5024 καὶ

2023 2499 2215 2544 c‘ontra
2264 2489 2537 2544 Ecclesias
2565 2498 2621 2543 et
2654 2489 2982 2543 monasteria
3033 2489 3228 2558 adjecit
3264 2489 3470 2560 aliquid
3506 2508 3519 2545 :
3552 2498 3610 2545 et

2022 2583 2150 2652 quia
2204 2581 2581 2650 intemperans
2631 2590 2768 2644 erat,
2809 2589 2920 2635 tres
2954 2580 3110 2634 duxit
3155 2596 3375 2644 uxores,
3406 2596 3437 2636 e
3468 2597 3608 2651 qua-

2023 2690 2143 2727 rum
2184 2673 2355 2743 prima
2389 2672 2557 2726 tilium
2590 2671 2825 2726 Leonem
2863 2672 3126 2741 suscepit,
3165 2686 3325 2741 quem
3359 2671 3599 2739 impera-

2024 2768 2163 2822 torio
2216 2765 2439 2819 nomine
2485 2763 2736 2826 ornavit,
2784 2779 2815 2818 e
2858 2763 3073 2818 ca‘teris
3124 2762 3606 2831 ChristOphorumo

2019 2860 2389 2930 Nicephorum
2436 2868 2493 2912 et
2534 2857 2800 2919 Nicetam,
2848 2872 2911 2910 ac
2963 2856 3173 2926 priores
3225 2856 3364 2910 duos
3403 2870 3603 2910 corona

2021 2954 2265 3005 Caesarea
2319 2950 2559 3013 ornavit,
2609 2949 2814 3003 Nicetse
2862 2949 3188 3003 nobilissimi
3242 2948 3457 3001 titulum
3498 2947 3605 3001 tri-

2020 3042 2162 3097 buit.
2211 3040 2394 3094 Primo
2439 3040 2547 3094 lilio
2578 3049 2634 3095 et
2664 3040 3001 3107 imperatori,
3041 3053 3266 3092 uxorein
3301 3037 3607 3092 Athenien-

2021 3151 2141 3189 sem.
2177 3132 2506 3202 despondit,
2568 3139 2625 3186 et
2678 3133 2974 3201 Augustam
3034 3130 3367 3199 appellavit,
3430 3128 3606 3182 indito

2022 3224 2192 3283 Iréuu:
2254 3226 2498 3289 nomine,
2547 3240 2578 3277 e
2624 3240 2731 3293 qua
2786 3224 2952 3277 Leoni
3014 3223 3156 3277 illius
3208 3220 3606 3276 Constantinus

2022 3331 2185 3373 natus
2231 3329 2331 3372 est.
2364 3319 2493 3373 Post
2540 3318 2654 3373 lucc
2681 3317 2863 3371 denuo
2899 3331 3022 3370 cum
3074 3315 3328 3384 plurimis
3366 3312 3607 3369 triremi-

2023 3410 2128 3463 bus
2157 3417 2213 3463 et
2242 3407 2513 3476 expeditis
2558 3405 2789 3460 navibus
2829 3415 3020 3459 contra
3066 3404 3329 3474 Bulgaros
3358 3413 3443 3458 est
3475 3419 3610 3474 pro-

2021 3501 2220 3567 fectus,
2275 3516 2372 3571 per
2422 3500 2619 3554 Istrum
2657 3501 2711 3552 in
2747 3499 3056 3570 Bnlgariam
3108 3499 3446 3567 irrupturus.
3500 3497 3606 3551 Sed

2004 3610 2147 3649 cum
2199 3592 2512 3648 audacioris
2561 3601 2793 3646 conatus
2838 3592 3156 3660 pmniteret,
3186 3589 3255 3645 de
3295 3589 3609 3644 reducendo

2022 3685 2267 3739 exercitu
2319 3682 2600 3749 cogitavit:
2653 3681 2870 3751 Bulgari
2923 3696 3142 3750 quoque
3195 3679 3394 3742 territi,
3425 3679 3610 3732 missis

2020 3776 2215 3847 legatis
2240 3790 2429 3845 pacem
2465 3774 2761 3843 petierunt,
2810 3788 3041 3841 eamque
3070 3772 3155 3825 his
3189 3770 3607 3826 conditionibus

2020 3869 2405 3936 impetrarunt,
2456 3875 2517 3920 ut
2566 3879 2745 3933 neque
2818 3863 2921 3933 ipsi
2966 3864 3280 3932 provincias
3332 3863 3607 3917 Romanas

2017 3966 2332 4025 vastarent,
2401 3971 2580 4025 neque
2623 3971 2651 4009 a
2701 3956 2962 4010 Romanis
3044 3954 3456 4010 invaderentur.
3506 3953 3604 4007 His

2017 4051 2251 4121 peractis
2316 4049 2545 4115 domum.
2599 4046 2779 4101 rediit.
2839 4044 3073 4111 Quidasn
3143 4055 3322 4100 tamen
3379 4061 3410 4100 e
3474 4044 3602 4099 Bul-

2018 4143 2161 4215 garis
2208 4140 2431 4195 adducti
2483 4140 2869 4211 largitionibus
2915 4140 3055 4194 clam
3094 4138 3413 4208 imperatori
3446 4137 3613 4193 ducis

2017 4235 2102 4307 sui
2148 4231 2375 4288 consilia
2427 4238 2764 4301 aperui-runt
2808 4248 2821 4285 :
2865 4240 3029 4300 atque
3082 4230 3418 4294 indicarunt,
3468 4243 3597 4282 eum

2014 4328 2305 4400 praedones
2335 4328 2391 4382 in
2419 4327 2708 4401 quamdam
2742 4327 3041 4381 Romanam
3070 4326 3404 4396 provinciam
3430 4326 3600 4381 emis-

2016 4434 2227 4477 surum.
2277 4416 2457 4480 Missis
2508 4418 2676 4488 igitur
2723 4418 3202 4486 exploratoribus,
3245 4416 3468 4487 jamque
3517 4415 3598 4469 in-

2015 4520 2280 4575 structus,
2316 4525 2440 4565 cum
2479 4510 2557 4564 illi
2591 4509 2889 4579 praedatum
2942 4509 3145 4564 exituri
3191 4518 3399 4569 essent,
3440 4506 3602 4562 dere-

2016 4613 2180 4677 pente
2226 4603 2492 4671 impetum
2542 4602 2598 4656 in
2649 4602 2774 4657 illos
2820 4602 2986 4665 facto,
3040 4601 3245 4657 multos
3299 4599 3600 4661 interfecit,

2014 4699 2285 4770 plurimos
2333 4694 2504 4766 cepit,
2542 4703 2749 4750 etcum
2801 4694 2992 4749 multis
3043 4693 3275 4763 captivis
3321 4707 3603 4769 reversus,

2015 4793 2214 4847 iterum
2266 4770 2514 4843 armatus
2578 4785 2958 4856 triumphavit.
3018 4784 3208 4854 Neque
3261 4783 3435 4837 multo
3478 4794 3603 4852 post

2015 4884 2216 4938 multas
2268 4883 2522 4935 triremes
2575 4886 2768 4933 contra
2830 4876 3052 4932 eosdem
3119 4874 3426 4946 ablegavit,
3477 4888 3601 4943 quae

2018 4977 2164 5043 circa
2192 4972 2573 5045 Mesembriam
2602 4970 2718 5026 fere
2759 4969 3011 5025 universa
3061 4977 3348 5023 ventorum
3382 4967 3601 5037 procel-

335 5064 641 5136 ὲζώγρησε,
696 5066 789 5119 καὶ
847 5067 963 5137 μετ’
1018 5061 1397 5137 αίχμαλωσίας
1457 5061 1661 5131 πολλῆς
1707 5064 1915 5135 tum.

2018 5067 2086 5121 lis
2111 5073 2241 5121 sunt
2271 5063 2557 5125 demersae.
2590 5059 2661 5115 At
2690 5059 3014 5115 Teleriehus
3062 5059 3417 5129 Bulgarorum
3448 5056 3600 5126 prin-

339 5157 576 5228 στρεψε,
638 5159 733 5212 καὶ
801 5159 966 5213 πάλιν
1013 5158 1236 5221 ἔνοπλος
1285 5155 1704 5236 ἐθριάμϐευσεν.
1782 5155 1916 5211 Εἶτα

2018 5174 2167 5227 ceps,
2207 5171 2305 5232 sua
2354 5153 2588 5209 consilia
2628 5150 3006 5221 imperatoria
3035 5148 3349 5204 domesticis
3388 5147 3598 5217 signiﬁ-

339 5249 544 5313 πολλὰς
589 5251 838 5320 τριήρεις
897 5251 1337 5322 ἑτοιμασάμενος
1370 5230 1528 5305 κατὰ
1575 5230 1917 5323 ’Βουλγάρων

338 5341 711 5412 δκπέπομφε,
771 5343 866 5398 καὶ
923 5345 1067 5398 κατὰ
1135 5342 1502 5413 Μεσημϐρίαν
1583 5342 1912 5411 γενομέναις

336 5432 548 5496 αὐταῖς,
598 5432 808 5486 κλύδων
854 5435 918 5486 ἐκ
976 5432 1301 5497 πνευμάτων
1350 5434 1543 5503 βιαίων
1608 5431 1895 5501 ἐμπεσὼν,

339 5524 525 5593 σχεδὸν
578 5527 798 5591 ἁπάσας
856 5524 1199 5581 κατέδυσενῷ
1234 5529 1296 5582 Ὀ
1348 5528 1459 5583 τῶν
1496 5525 1825 5597 Βουλγάρων
1859 5506 1917 5579 δὲ

2014 5259 2133 5311 cata
2183 5263 2304 5304 esse
2350 5245 2680 5315 suspicatus,
2719 5245 2814 5313 qui
2855 5252 3036 5297 tamen
3069 5242 3143 5296 illi
3189 5251 3396 5306 essent,
3445 5241 3598 5310 igno-

2015 5359 2145 5398 rans
2193 5362 2205 5396 :
2258 5351 2377 5397 astu
2424 5339 2757 5415 Copronymi
2805 5337 3026 5392 levitate
3079 5336 3475 5400 circumventa,
3525 5349 3594 5396 ex

2016 5435 2135 5505 ipso
2195 5416 2340 5505 quot]
2395 5434 2681 5505 ignorabat
2740 5430 2986 5487 rescivit.
3045 5428 3276 5497 Scripsit
3337 5427 3484 5481 cnim
3532 5441 3600 5494 se

2015 5527 2157 5581 clam
2208 5527 2361 5587 illum
2391 5526 2693 5600 aditurum,
2723 5523 2992 5595 petiitque
3018 5531 3079 5577 ut
3099 5520 3202 5577 sibi
3235 5518 3589 5590 significaret,

1540 5641 1737 5704 Varia;
1765 5639 2071 5706 lectiones
2102 5648 2162 5702 et
2207 5646 2398 5702 notae.

407 5763 520 5843 (ϐξ)
545 5767 650 5843 Ιςαὲ
684 5770 740 5821 οι
768 5767 1255 5843 μΒούλγαροι-Αδὲ,
1301 5777 1408 5823 etc.
1463 5767 1616 5827 Alius
1662 5766 1786 5824 cod.
1839 5726 1903 5821 0i

2018 5766 2242 5837 ύλγαροι
2272 5765 2330 5820 δὲ
2367 5765 2668 5832 δείσαντες,
2706 5762 3043 5835 πέμψαντες,
3080 5760 3217 5834 πρὸς
3240 5757 3402 5815 αὐτὸν
3430 5774 3597 5843 σπονᾷ

337 5832 433 5927 ξρς
462 5832 653 5925 θέσθαι
688 5838 825 5910 πρὸς
850 5832 1072 5908 εἰρήνην
1101 5832 1392 5923 ἐζήτησαν.
