4068 6422
399 452 528 516 l3“

1620 453 2033 514 ANNMJUM
2071 454 2221 514 LIB.
2260 455 2387 515 XV.

3507 452 3653 515 1242

390 570 489 634 τὴν
529 563 783 625 κάκεῖνος
813 563 1088 631 ἀσέϐειαν,
1139 566 1187 619 εἰ
1232 566 1325 619 καὶ
1372 567 1489 619 κατ’
1516 566 1692 637 ἀρχὰς
1721 566 1971 619 εὐσεϐεῖν

2079 565 2175 621 etsi
2242 565 2515 636 principio
2586 564 2906 637 religionem
2954 570 3010 619 et
3069 565 3474 621 observantiam
3525 581 3656 637 erga

392 665 739 733 ὑπεκρίνετο,
797 664 893 717 καὶ
948 660 1078 722 τοὺς
1135 660 1405 728 μοναχοὺς
1458 660 1645 730 τιμᾷν,
1676 659 1821 712 ὥστε
1876 661 1972 713 καί

389 773 546 819 τινας
594 756 705 810 τῶν
769 756 1054 825 μοναστῶν
1111 754 1384 821 ἀρχιερεῖς
1431 753 1553 806 τότε
1603 753 1861 821 γενέσθαι
1914 755 1972 806 ἐν

391 853 512 915 ταῖς
539 850 1065 921 προϐαθμιωτέραις
1093 851 1202 904 τῶν
1237 848 1650 920 μητροπόλεων.
1685 848 1864 899 Πολλὰ
1915 845 1971 897 δὲ

391 943 652 1013 χρήματα
708 944 765 993 ὲν
802 942 918 1004 τοῖς
969 940 1252 1011 δημοσίοις
1309 938 1488 1010 εὑρὼν
1527 938 1846 1007 θησαυροῖς,
1880 937 1916 991 ὃ.
1945 939 1972 990 6

392 1035 576 1107 πατὴρ
602 1034 769 1090 αὐτοῦ
822 1033 1009 1096 κακῶς
1050 1036 1350 1103 συνήγαγε,
1385 1035 1478 1087 καὶ
1535 1032 1969 1102 ἀπεθησαύρισε,

389 1127 602 1190 τούτοις
654 1125 1151 1196 καταχρησάμενος
1201 1124 1590 1194 ὲξευμενίσατο
1618 1124 1678 1176 τὸ
1704 1123 1968 1190 ὑπήκοον,

389 1220 485 1276 καὶ
521 1221 590 1288 τῇ
623 1216 943 1285 ἐπιπλάστῳ
990 1215 1290 1287 θεοσεϐείᾳ.
1350 1214 1756 1283 Ἀθροισθέντες
1785 1209 1890 1266 οὖν
1920 1213 1970 1265 οἱ

385 1313 489 1383 τῆς
554 1313 790 1378 πόλεως,
843 1310 954 1366 κάκ
1010 1310 1121 1361 τῶν
1177 1306 1435 1377 θεμάτων
1499 1305 1687 1358 πολλοὶ
1744 1305 1972 1375 ᾐτοῦντο

387 1404 740 1477 χαριζόμενοι
773 1404 936 1475 δῆθεν
996 1402 1166 1471 αύτῷ,
1218 1397 1651 1468 ἀναγορευθῆναι
1700 1396 1793 1449 τὸν
1854 1397 1969 1449 υἱὸν

388 1496 555 1548 αὑτοῦ
616 1497 1052 1550 Κωνσταντῖνον.
1118 1493 1177 1545 '0
1235 1492 1314 1552 δὲ,
1355 1493 1403 1544 εί
1459 1492 1619 1544 τοῦτο
1671 1489 1967 1557 βούλοιντο,

386 1586 588 1656 ὀμόσαι
617 1586 817 1648 αὐτοὺς
842 1585 1146 1656 ἀπῄτησεν,
1176 1585 1251 1646 ὡς
1285 1586 1346 1637 ού
1383 1584 1629 1648 δέξονταί
1683 1600 1810 1634 ποτε
1835 1583 1967 1650 ἄτερ

385 1680 575 1748 αὐτοῦ,
641 1681 738 1733 καὶ
790 1677 885 1731 τοῦ
935 1678 1055 1731 υἱοῦ
1108 1678 1299 1743 αὑτοῦ,
1337 1680 1429 1732 καὶ
1479 1678 1570 1731 τοῦ
1640 1676 1961 1745 σπέρματος

385 1773 589 1836 αὐτῶν,
624 1772 813 1843 ἕτερον
864 1769 1107 1838 βασιλέα.
1140 1770 1247 1837 Καὶ
1278 1769 1503 1840 ὤμοσαν
1565 1768 1840 1831 ἅπαντες,
1868 1767 1968 1837 οὐχ

385 1872 437 1923 οἱ
470 1871 571 1941 τῆς
605 1870 925 1941 συγκλήτου
954 1869 1153 1940 βουλῆς
1188 1868 1282 1921 καὶ
1322 1867 1373 1920 οἱ
1416 1866 1509 1919 τοῦ
1551 1863 1969 1934 στρατεύματος

2081 653 2381 708 monachos
2434 653 2748 721 simulabat,
2803 670 3035 725 quorum
3088 658 3381 711 nonnullos
3429 657 3482 710 in
3527 658 3656 711 illu-

2080 745 2373 800 strioribus
2425 746 2655 800 urbibus
2675 746 2741 801 ad
2784 747 3133 815 pontiﬁcatus
3176 749 3466 803 evellebat.
3516 749 3656 805 Cum

2080 849 2261 892 autem
2299 853 2549 908 magnam
2602 838 2886 907 pecuniam
2917 839 2969 891 in
3000 839 3234 907 publicis
3274 840 3543 894 thesauris
3571 856 3659 895 re-

2078 931 2330 1001 perissct,
2385 947 2548 1001 quam
2601 942 2758 1000 pater
2789 932 2908 1000 ejus
2942 947 3038 999 per
3072 930 3325 1001 iujuriam
3380 942 3652 1001 coegerat,

2078 1040 2139 1079 ea
2167 1032 2222 1079 et
2266 1024 2387 1078 ﬁcta
2426 1024 2713 1093 religione,
2757 1023 2821 1077 ad
2853 1024 3106 1077 subditos
3154 1023 3525 1077 conciliandos
3569 1032 3657 1078 est

2079 1114 2302 1167 abusus.
2359 1114 2530 1183 Igitur
2583 1114 2754 1176 cives,
2798 1122 2855 1167 et
2905 1112 3123 1184 1146
3156 1113 3452 1184 provinciis
3499 1112 3654 1167 multi

2078 1207 2412 1274 congregati,
2465 1204 2518 1259 in
2568 1204 2715 1258 illius
2770 1205 2959 1273 utique
3001 1206 3230 1275 gratiam
3286 1205 3656 1274 postulabant,

2078 1303 2137 1347 ut
2166 1293 2307 1349 ﬁlius
2333 1294 2454 1364 ejus
2479 1295 2874 1349 Constantinus
2920 1295 3221 1364 imperator
3265 1295 3655 1362 appellaretur.

2076 1385 2146 1440 At
2173 1387 2264 1441 ille
2303 1387 2541 1442 vicissim
2570 1388 2640 1441 ab
2673 1386 2740 1439 iis
2769 1387 2944 1456 petiit,
2973 1387 3016 1441 si
3048 1386 3101 1441 id
3129 1387 3350 1449 vellent,
3394 1400 3462 1440 nc
3495 1401 3656 1455 quem

2076 1480 2242 1533 alium
2279 1481 2387 1534 nisi
2430 1495 2489 1535 se
2530 1487 2586 1535 et
2619 1479 2787 1534 filium
2822 1495 3000 1542 suum,
3046 1495 3311 1549 suamque
3341 1479 3657 1549 progeniem

2078 1571 2131 1624 in
2186 1572 2475 1641 imperium
2536 1572 2908 1627 admitterent.
2961 1572 3226 1627 Jurarunt
3280 1587 3497 1636 omnes,
3542 1586 3657 1625 non

2078 1673 2360 1718 senatores
2391 1672 2599 1743 tantum
2632 1672 2687 1718 et
2720 1664 2943 1727 milites,
2971 1664 3063 1717 sed
3095 1673 3148 1716 et
3174 1663 3383 1732 plebeia
3416 1663 3574 1717 turba
3603 1672 3661 1717 et

2078 1764 2409 1809 mercatores
2433 1762 2488 1808 et
2515 1754 2763 1822 Opifices,
2803 1756 2989 1809 ethoc
3027 1757 3409 1826 jusjurandum
3457 1755 3511 1807 in
3558 1770 3659 1824 pu-

2040 1868 2045 1871 -
2079 1848 2249 1903 Μὶοαε
2280 1850 2491 1902 litteras
2520 1851 2846 1912 retulerunt,
2888 1850 3011 1903 llaec
3046 1858 3197 1919 sexto
3233 1850 3322 1903 die
3363 1849 3661 1903 hebdoma-

390 1930 571 2035 μόνον,
632 1930 772 2015 ἀλλὰ
810 1930 986 2015 ⁵καὶό
1024 1930 1285 2030 δημώδης
1317 1958 1496 2029 ὄχλος,
1565 1930 1661 2010 καὶ
1717 1930 1973 2023 ἔμποροι,

2084 1942 2167 1996 dis
2197 1942 2454 1996 salutaris
2503 1942 2774 2011 passionis
2818 1942 3126 1997 Servatoris
3154 1940 3324 1995 nostri
3359 1950 3476 1994 acta
3506 1950 3656 1994 sunt.

384 2059 478 2109 καὶ
516 2055 567 2109 οἳ
601 2053 710 2108 τῶν
768 2053 1160 2122 ἐργαστηρίων
1214 2051 1662 2121 προεστήκεσαν,
1730 2047 1825 2098 καὶ
1888 2044 1979 2110 ἔγ-

384 2165 578 2220 γραφα
609 2145 976 2218 περὶτούτων
1008 2144 1278 2210 ἐξέθεντο,
1335 2141 1521 2196 Ταῦτα
1559 2141 1658 2209 μὲν
1700 2137 1793 2191 οὖν
1835 2135 1979 2189 κατά

383 2242 486 2311 τὴν
529 2239 698 2309 ἕκτην
748 2239 970 2309 ἡμέραν
1019 2239 1119 2308 τῆς
1177 2234 1478 2305 ἑϐδομάδος
1535 2232 1629 2284 τοῦ
1700 2228 1973 2298 σωτηρίου

386 2335 598 2395 πάθους
660 2332 756 2384 τοῦ
827 2332 1081 2402 Σωτῆρος
1133 2328 1416 2396 γεγόνασι,
1474 2324 1566 2394 Τῷ
1624 2324 1680 2377 δὲ
1745 2323 1970 2391 μεγάλῳ

386 2426 653 2494 Σαϐϐάτῳ
681 2424 773 2477 τόν
800 2424 1000 2477 ἑαυτοῦ
1027 2420 1259 2489 ἀδελφὺν
1294 2418 1605 2487 Εὐδόκιμον
1657 2415 1977 2470 νωϐελλίσι-

389 2538 488 2589 μον
522 2521 549 2573 6
580 2518 836 2589 βασιλεὺς
882 2518 1274 2589 προεϐάλλετο,
1329 2516 1424 2591 καὶ
1476 2514 1599 2569 κατ’
1657 2510 1835 2578 αὐτὴν
1880 2508 1978 2578 τὴν

382 2614 478 2668 τοῦ
509 2614 699 2680 Πάσχα
753 2612 1041 2681 Κυρ;ακὴν
1088 2610 1283 2678 ἕστεῲε
1337 2608 1432 2659 τὸν
1489 2606 1606 2656 υἱὸν
1650 2601 1836 2661 αὑτοῦ,
1879 2597 1975 2655 τοῦ

385 2709 733 2778 πατριάρχου
770 2707 870 2774 τὴν
904 2703 1026 2757 κατ’
1080 2701 1201 2764 ἔθος
1242 2697 1607 2766 πεποιηκότος
1634 2695 1824 2765 εὐχήν.
1868 2693 1969 2746 Τε-

387 2799 648 2870 θνηκότος
677 2800 732 2852 δὲ
773 2797 868 2850 τοῦ
900 2795 1238 2867 πατριάρχου
1291 2790 1509 2861 Νικήτα
1543 2785 1635 2842 τοῦ
1687 2785 1974 2855 ὲκτομίου,

385 2892 444 2954 ὃς
475 2886 545 2955 ἦν
601 2887 970 2960 προεδρεύσας
1016 2885 1115 2954 τῆς
1186 2879 1814 2938 Κωνσταντινουπόλεως
1872 2876 1967 2945 ἔτη

385 2980 911 3053 τεσσαρεσκαίδεκα·
948 2976 1333 3053 χειροτονεῖται
1377 2971 1727 3041 πατριάρχης
1761 2967 1974 3030 Παῦλος

385 3077 717 3149 όΚύπριος,
778 3070 1136 3140 ἀναγνώστης
1166 3052 1241 3122 ὧν
1271 3069 1365 3121 καὶ
1420 3066 1728 3137 ὀρθόῖοέοκς.
1778 3061 1970 3133 Εὑρὼν

388 3170 447 3225 δέ
487 3188 642 3234 τινας
686 3169 798 3222 τῶν
831 3164 1129 3233 ἐπισήμων
1156 3161 1251 3214 τού
1305 3158 1571 3214 παλατίου
1600 3159 1627 3209 ό
1662 3156 1815 3209 Λέων
1856 3156 1977 3217 ταῖς

389 3263 565 3327 θείαις
594 3264 768 3317 είκόσι
817 3260 1192 3332 προσκύνησιν
1232 3254 1638 3321 ἀπονέμοντας,
1682 3248 1784 3319 τὴν
1816 3246 1958 3300 ἀλω-

392 3358 566 3426 πεκῆν
601 3356 826 3420 ἀποδὺς,

389 3448 607 3521 λέοντα,
634 3446 897 3517 ὡμότατα
949 3443 1147 3503 αὐτοὺς
1200 3439 1581 3506 αἰκισάμενος,
1636 3435 1732 3485 καὶ
1763 3431 1849 3484 διὰ
1884 3431 1983 3498 τῆς

391 3542 602 3611 ἀγορᾶς
661 3539 721 3600 ὲν
777 3536 958 3604 ἀτίμῳ
1014 3535 1212 3604 πομπῇ
1269 3525 1649 3600 περιαγαγὼν,
1706 3524 1980 3592 πρότερον

390 3632 637 3701 ψιλώσας
675 3632 872 3694 αὐτοὺς
898 3629 1007 3683 τῶν
1048 3628 1276 3699 τριχῶν,
1314 3623 1490 3684 οὕτως
1523 3622 1603 3682 είς
1637 3619 1697 3671 τὸ
1729 3614 1981 3686 πραιτώ-

2080 2035 2272 2102 Magno
2303 2032 2540 2088 Sabbato
2589 2033 2810 2087 fratrem
2848 2049 3007 2087 suum
3044 2032 3403 2087 Eudoeimum
3432 2030 3663 2085 nobilis-

2079 2128 2278 2179 simum
2328 2125 2656 2194 designavit.
2688 2135 2743 2178 et
2785 2126 2838 2179 in
2894 2126 3007 2194 ipsa
3042 2124 3326 2178 Paschalis
3375 2123 3661 2177 Dominica

2079 2217 2277 2270 Filium
2306 2234 2463 2272 suum
2494 2217 2798 2281 coronavit,
2850 2218 3189 2271 solemnibus
3220 2216 3475 2286 precibus
3502 2230 3529 2268 a
3561 2230 3661 2285 pa-

2080 2309 2317 2363 triarcha
2350 2311 2610 2379 peractis.
2659 2310 2874 2364 Mortuo
2909 2308 3097 2364 Niccta
3145 2317 3385 2364 castrato
3428 2308 3664 2377 patriar-

2076 2401 2201 2459 cha,
2249 2417 2372 2455 cum
2409 2401 2665 2456 Ecclesia:
2712 2400 3334 2469 ConstantinOpolitana:
3365 2414 3463 2468 per
3488 2414 3662 2455 annos

2077 2493 2495 2562 quatuordecim
2548 2494 2856 2563 prtefuisset
2884 2512 2896 2548 :
2930 2494 3132 2548 Paulus
3164 2492 3398 2563 Cyprius
3429 2492 3664 2561 patriar-

2076 2587 2176 2641 cha
2224 2586 2463 2657 eligitur,
2508 2587 2600 2657 qui
2655 2587 2828 2641 lector
2875 2586 2996 2652 fuit,
3034 2595 3090 2639 et
3122 2585 3482 2641 orthodoxus.
3521 2584 3659 2640 Cum

2076 2689 2260 2735 autem
2301 2678 2411 2734 Leo
2451 2695 2711 2750 proceres
2743 2680 3007 2749 quosdam
3041 2678 3249 2733 aulicos
3285 2677 3499 2732 divinas
3533 2679 3664 2732 ima-

2075 2774 2229 2843 gines
2291 2772 2587 2827 adorantes
2655 2772 3145 2842 deprehendisset,
3220 2779 3383 2824 exuta
3436 2769 3660 2838 vnlpina

2079 2864 2240 2932 pelle,
2268 2863 2582 2917 latitantem
2621 2863 2723 2916 sub
2747 2878 2810 2915 ea
2841 2862 3058 2916 leonem
3089 2860 3142 2914 in
3175 2855 3425 2929 apertum
3463 2867 3660 2929 protu-

2076 2958 2161 3018 lit,
2191 2973 2397 3026 eosque
2440 2957 2822 3012 crudelissime
2864 2956 3228 3018 excruciatos,
3263 2954 3662 3023 ignominioso-

2076 3066 2182 3120 que
2217 3052 2533 3118 spectaculo
2560 3066 2659 3120 per
2693 3048 2865 3103 forum
2898 3047 3331 3110 circumductos,
3358 3061 3480 3100 cum
3508 3046 3663 3115 prius

2077 3148 2204 3217 pilis
2252 3147 2535 3211 nudasset,
2571 3145 2624 3199 in
2662 3128 2976 3213 prtetorium
3028 3140 3271 3203 inclusit,
3322 3138 3417 3193 ubi
3466 3153 3659 3193 eorum

2075 3241 2296 3310 quidam
2325 3242 2535 3295 animas
2562 3255 2689 3295 suas
2713 3240 2765 3292 in
2791 3253 2987 3291 manus
3018 3234 3232 3289 Domini
3262 3234 3659 3303 deposuerunt.

871 3319 965 3407 τὸν
996 3317 1147 3415 ὲντδς
1181 3317 1559 3418 κρυπτόμενον
1612 3317 1970 3412 ἐδημοσίευσε

2079 3331 2227 3386 Obiit
2254 3346 2398 3385 anno
2444 3330 2658 3400 imperii
2703 3329 2918 3399 quinto.
2967 3329 3227 3383 Adamata
3260 3328 3405 3382 enim
3435 3342 3661 3392 corona,

2080 3446 2245 3499 qualn
2292 3428 2587 3482 Mauricius
2622 3430 2675 3480 in
2706 3427 2895 3496 Magna
2946 3424 3188 3479 Ecclesia
3231 3424 3342 3477 Deo
3373 3436 3664 3476 consecra-

2080 3531 2186 3584 rat,
2240 3535 2413 3589 caque
2461 3520 2622 3588 capiti
2652 3534 2753 3573 suo
2783 3515 3216 3579 accommodata,
3269 3513 3455 3569 statim
3488 3512 3661 3566 vehe-

2087 3612 2256 3666 menti
2284 3611 2420 3665 febri
2446 3620 2529 3665 est
2547 3617 2856 3678 correptus,
2884 3623 3008 3676 qua:
3037 3606 3159 3660 vitae
3191 3604 3352 3659 linem
3379 3602 3427 3658 ei
3455 3602 3664 3657 attulit.

395 3699 511 3798 ριον
567 3725 884 3789 ἐναπέθετο,
947 3724 1082 3791 ὅπου
1138 3721 1287 3782 τινὲς
1316 3718 1496 3773 αὐτῶν
1532 3714 1628 3768 καὶ
1676 3712 1776 3784 τὴν
1837 3710 2017 3780 ψυχὴν
2057 3708 2135 3778 τῷ
2200 3707 2396 3777 Κυρίῳ
2450 3703 2776 3775 παρέθεντο.
2827 3703 3087 3769 Πέμπτον
3124 3700 3168 3754 δ’
3197 3699 3406 3798 ἀνύσας
3440 3699 3541 3765 τῆς
3571 3699 3669 3751 αὐ-

389 3790 621 3890 ττρχίας
649 3815 922 3880 ἐνιαυτὸν,
966 3790 1348 3882 ἐτελεύτησεν.
1411 3806 1697 3878 Ἐρασθε“ις
1726 3803 1836 3873 γὰρ
1901 3800 1994 3854 τοῦ
2033 3800 2368 3868 στέμματος,
2408 3799 2542 3868 ὅπερ
2588 3798 2616 3847 ὁ
2691 3795 2999 3865 Μαυρίκιος
3067 3797 3124 3846 ἐν
3159 3790 3226 3890 τῇ
3282 3793 3513 3890 Μεγάλῃ
3574 3795 3667 3844 ὲκ-

392 3888 596 3983 κλησίᾳ
650 3910 897 3969 ἀνέθετο,
951 3904 1243 3959 καὶτοῦτο
1304 3902 1507 3975 λαϐῲν,
1543 3900 1637 3954 καὶ
1681 3901 1749 3969 τῇ
1818 3893 2031 3965 κεφαλῇ
2073 3891 2455 3963 περιθέμενος,
2508 3891 2670 3957 εὐθὺς
2722 3890 2928 3962 ὲλὴφθη
3000 3888 3214 3960 σφοδρῷ
3266 3888 3509 3958 πυρετῷ,
3570 3890 3666 3942 καὶ

391 4000 547 4073 οὗτος
576 4003 740 4056 αὐτὸν
765 4001 867 4070 τῆς
891 4000 1039 4067 ζωῆς
1070 3996 1411 4065 ὲπεξὴγαγε.

466 4106 527 4157 ι’.
557 4098 665 4154 Τοῦ
694 4097 753 4151 δὲ
785 4095 1063 4158 θανόντος,
1115 4093 1148 4161 ἡ
1180 4089 1469 4159 Αὑγούστα
1521 4086 1729 4157 Εἰρήνη
1768 4083 1866 4136 σὺν
1900 4080 1978 4152 τῷ

395 4194 499 4264 υίῷ
563 4188 967 4256 Κωνσταντίνῳ
1023 4185 1252 4237 δέκατον
1306 4179 1556 4233 ἐνιαυτὸν
1598 4178 1696 4246 τῆς
1759 4174 1977 4244 ἡλικίας

394 4263 634 4345 ἀνύοντι,
674 4282 775 4354 τὴν
800 4278 1070 4350 βασίλειον
1108 4274 1281 4344 ἀρχὴν
1306 4271 1634 4337 διεδέξαντο.
1700 4263 1886 4320 Ἦσαν
1919 4265 1976 4318 δὲ

396 4380 567 4449 ἄμφω
602 4374 712 4427 τῶν
742 4370 1059 4439 σεϐασμίων
1113 4367 1340 4420 εἰκόνων
1402 4360 1804 4431 προσκυνηταὶ,
1866 4356 1981 4410 ἀλλ’

393 4454 549 4524 οὔπω
582 4466 709 4529 τοὺς
772 4465 937 4524 πόδας
994 4464 1060 4531 τῇ
1121 4458 1371 4528 βασιλεία
1432 4455 1665 4525 βεϐαίως
1711 4452 1977 4520 ἔρείσασι,

395 4563 544 4625 τινὲς
575 4560 764 4622 αὐτοῖς
792 4555 1220 4613 ἐπεϐούλευσαν,
1258 4550 1348 4603 ἴνα
1377 4548 1468 4600 τόν
1499 4545 1760 4614 Καίσαρα
1806 4543 1982 4612 Νικη-

2152 4076 2223 4131 X.
2273 4076 2355 4130 Eo
2404 4083 2663 4132 mortuo.
2727 4073 2882 4127 [rene
2940 4071 3201 4141 Augusta,
3249 4078 3306 4124 et
3349 4068 3492 4123 filius
3543 4068 3664 4138 eius

2089 4168 2499 4230 Constantinus,
2537 4165 2811 4221 decimum
2841 4168 3018 4220 anatis
3051 4179 3250 4218 annum
3291 4179 3477 4234 agens,
3501 4164 3664 4217 ambo

2077 4260 2520 4316 venerandarum
2583 4257 2880 4328 imaginum
2947 4255 3303 4317 adoratorcs,
3370 4253 3662 4322 imperium

2078 4360 2441 4422 susceperunt
2469 4371 2481 4405 :
2510 4365 2684 4419 eoque
2710 4348 2950 4403 nondum
2985 4347 3220 4409 firmato,
3252 4344 3464 4400 insidiis
3494 4361 3659 4415 appe-

2082 4445 2166 4501 titi
2211 4453 2338 4500 sunt
2370 4460 2397 4497 a
2443 4442 2793 4513 quibusdam,
2846 4440 3158 4509 Nicephoro
3190 4439 3411 4503 Caesari,
3459 4437 3663 4491 mortui
3708 4474 3721 4485 .

2083 4539 2285 4594 Leonis
2318 4536 2496 4602 fratri,
2527 4550 2793 4589 summam
2826 4549 3006 4587 rerum
3040 4532 3253 4586 deferre
3285 4531 3659 4600 cupientibus.

398 4621 564 4729 φόρον
594 4655 685 4707 τὸν
719 4621 814 4706 τοῦ
844 4648 1098 4708 θανόντος
1144 4641 1408 4716 βασιλέως
1460 4641 1689 4701 Λέοντος
1747 4637 1974 4704 ἀδελφὸν

2080 4629 2472 4700 Conjuratione
2531 4627 2743 4681 detecta
2797 4623 3114 4694 imperatrix
3170 4622 3517 4678 insidiatores
3562 4638 3661 4678 ex-

399 4747 783 4824 βασιλεύσωσι.
821 4739 1165 4805 Γνωτθείσης
1221 4736 1277 4789 δὲ
1308 4737 1409 4805 τῆς
1451 4732 1816 4801 συνωμοσίας,
1852 4730 1979 4790 τοὺς

403 4818 500 4910 μὲν
529 4839 627 4907 τῆς
651 4822 942 4900 ἐπιϐουλῆς
968 4827 1338 4900 μετασχόντας
1360 4823 1697 4891 αἰκισαμένη
1746 4821 1778 4890 ἡ
1827 4818 1982 4888 βασι-

397 4934 506 4995 λὶς,
533 4931 627 4983 καὶ
650 4928 751 4988 τὴν
777 4925 1040 4996 τρίχωσιν
1064 4922 1246 4981 αὐτοῖς
1276 4916 1645 4987 ἀποθρίξασα,
1680 4910 1980 4983 ὑπερορίαν

400 5024 605 5077 τούτων
666 5016 1098 5087 κατεψηφίσατο,
1151 5012 1273 5072 τοὺς
1317 5008 1375 5061 δὲ
1428 5007 1522 5061 τοῦ
1559 5006 1750 5075 ἀνδρὸς
1808 5003 1981 5071 αὐτῆς

400 5114 661 5183 ἀδελφοὺς
707 5096 833 5173 τούς
861 5127 919 5162 τε
952 5111 1237 5179 Καίσαρας
1267 5103 1361 5157 καὶ
1401 5100 1528 5163 ,τοὺς
1553 5095 1981 5164 νιοϐεὶλισίμους

401 5203 639 5273 καρῆναι
670 5198 1169 5269 παρασκευάσασα,
1200 5196 1294 5249 καὶ
1321 5188 1624 5262 ἱερωσύνης
1659 5186 1977 5251 ἀξιωθῆναι,

404 5297 499 5348 καὶ
531 5276 854 5364 μεταδοῦναι
903 5290 981 5360 τῷ
1013 5289 1130 5357 λαῷ
1178 5287 1287 5351 τῶν
1331 5285 1698 5352 ἀγιασμάτων
1752 5277 1977 5346 ἐποίησε

401 5383 545 5436 κατά
598 5380 697 5451 τὴν
780 5380 974 5451 ἑορτὴν
1036 5380 1136 5447 τῆς
1184 5377 1280 5430 τοῦ
1339 5378 1592 5444 Σωτῆρος
1644 5372 1976 5440 Γεννήσεως.

401 5476 586 5546 ἐκείνη
627 5474 685 5528 δὲ
736 5473 833 5526 σὺν
864 5473 942 5542 τῷ
968 5471 1068 5540 υἱῷ
1102 5467 1437 5540 προελήλυθε
1482 5464 1620 5536 μετὰ
1661 5463 1761 5531 τῆς
1814 5460 1980 5529 συνήο

404 5567 528 5627 θους
551 5567 662 5629 τοῖς
702 5563 981 5633 βασιλεῦσι
1024 5558 1376 5630 δορυφορίας,
1417 5558 1509 5610 καὶ
1541 5558 1695 5623 ἐνστῇ
1748 5550 1978 5620 Μεγάλῃ

402 5655 671 5726 ἐκκλησία
727 5654 1019 5722 γενομένη,
1087 5652 1148 5703 τὸ
1194 5651 1439 5718 στέμμα,
1470 5647 1499 5699 ὃ
1545 5644 1757 5699 ἐκεῖθεν
1817 5640 1976 5706 ἀφεί-

402 5748 528 5800 λετο
573 5749 600 5800 6
634 5745 774 5817 ἀνὴρ
826 5746 1019 5814 αὐτῆς,
1079 5743 1460 5813 προσήνεγκε,
1521 5739 1714 5807 κόσμῳ
1769 5732 1976 5784 πλείονι

400 5840 1059 5909 τοῦτοιὲπικοσμήσασα.
1123 5834 1375 5888 Ἔστειλε
1420 5832 1477 5893 δὲ
1531 5830 1626 5883 καὶ
1684 5827 1826 5901 κατᾶ
1866 5823 1977 5899 τῶν

414 5927 659 6002 Ἀράϐων
708 5930 1059 6001 στράτευμα,
1112 5927 1197 5980 ἵνα
1260 5926 1546 5996 ἀνακόπτῃ
1593 5921 1694 5985 τὰς
1744 5915 1970 5971 ἐκείνων

2089 4723 2385 4784 cruciatos,
2416 4732 2464 4775 et
2509 4715 2634 4790 pilis
2684 4716 2920 4773 nudatos
2976 4715 3258 4786 relegavit,
3310 4717 3490 4771 mariti
3537 4732 3663 4772 vero

2086 4816 2170 4871 sui
2202 4815 2399 4869 fratres
2445 4826 2551 4868 tam
2581 4811 2823 4866 Caesares
2874 4826 3037 4880 quatn
3072 4808 3441 4864 nobilissimos
3470 4809 3665 4863 raden-

2085 4909 2207 4971 dos,
2241 4915 2295 4960 et
2327 4905 2380 4958 in
2413 4903 2765 4959 sacerdotum
2798 4902 3050 4956 ordinem
3087 4900 3401 4971 allegendos
3426 4901 3661 4964 curavit,

2086 5010 2145 5053 ut
2176 5014 2264 5051 res
2298 5013 2479 5051 sacras
2520 4996 2724 5065 populo
2769 4994 3181 5065 impertirentur
3211 4995 3261 5046 in
3293 4992 3430 5046 festo
3462 4992 3667 5045 Nativi-

2086 5090 2211 5144 tatis
2243 5088 2469 5148 Christi,
2514 5088 2740 5156 ipsaque
2791 5100 2915 5140 cum
2952 5085 3063 5138 filio
3096 5082 3462 5153 imperatoriis
3499 5082 3666 5138 satel-

2081 5182 2275 5235 litibus
2304 5179 2500 5247 stipata
2534 5176 2823 5249 processit,
2865 5190 3101 5244 cumque
3132 5174 3187 5227 in
3221 5173 3506 5228 ecclesiam
3539 5189 3665 5244 ρει-ο

2081 5274 2343 5337 venisset,
2398 5284 2656 5325 coronam
2692 5285 2719 5322 a
2755 5271 2950 5323 marito
2989 5282 3088 5320 suo
3117 5267 3375 5326 ablatam,
3414 5266 3664 5334 pluribus

2082 5365 2424 5419 ornamentis
2457 5362 2658 5416 additis
2716 5360 2979 5414 restituit.
3017 5360 3160 5415 Misit
3194 5361 3357 5414 etiam
3397 5359 3661 5429 legiones.

2086 5456 2243 5527 115
2278 5457 2342 5510 ad
2380 5454 2762 5525 reprimendas
2806 5452 3046 5507 Arabum
3101 5451 3486 5523 grassationes.
3523 5453 3664 5521 Aga-

2082 5549 2197 5603 reni
2252 5547 2419 5615 igitur
2475 5546 2773 5625 praedatum
2825 5545 3053 5613 egressi,
3103 5560 3226 5599 cum
3265 5543 3318 5597 iu
3352 5544 3661 5598 Romanum

2080 5639 2380 5693 exercitum
2434 5637 2779 5702 incidissent,
2813 5637 2864 5690 in
2896 5638 3079 5706 fugam
3115 5644 3427 5697 vertuntur,
3477 5633 3664 5688 multis

2079 5744 2273 5785 eorum
2322 5728 2649 5784 interfectis.
2683 5729 2742 5782 In
2776 5728 3008 5782 Thracia
3054 5742 3244 5782 versus
3272 5726 3516 5796 Longum
3548 5725 3666 5779 Mu-

2081 5838 2201 5877 rum
2253 5820 2477 5891 quidam
2530 5823 2674 5878 inter
2711 5821 3030 5877 fodiendum
3069 5821 3124 5876 in
3152 5821 3423 5890 lapideam
3469 5820 3664 5876 cistam

2082 5912 2300 5993 incidit,
2328 5928 2449 5982 qua:
2488 5912 2789 5968 humanum
2834 5912 3067 5968 cadaver
3105 5911 3445 5973 continebat,
3478 5909 3662 5965 incisis
