4068 6390
384 358 520 424 134')

1604 364 2015 427 ANNALIUM
2060 368 2128 427 Li
2142 368 2206 427 Β.
2250 366 2373 430 XV.

3503 385 3523 447 ‘t
3538 382 3642 448 346

379 473 826 542 ἀρχιερωσύνης
859 471 1159 539 Ἐκάθισα,
1196 466 1305 539 τῆς
1339 472 1703 542 Ἑκκλησὶας
1744 491 1939 545 τυρανι

2066 478 2282 531 discidio
2333 480 2473 532 inter
2520 495 2637 534 eam
2686 490 2738 534 ct
2773 483 2910 538 alias
2959 486 3243 544 catholicas
3306 494 3451 549 sedes
3502 506 3640 554 orto.

375 561 699 629 νουμένης,
724 561 820 615 καὶ
863 559 1203 628 σχίσματος
1226 559 1402 626 ὄντος
1419 560 1614 629 μέσον
1629 561 1839 631 αὐτῆς,
1855 563 1953 618 καί

375 650 492 704 τῶν
513 651 720 705 ἄλλων
747 648 1086 704 καθολικῶν
1130 649 1376 717 θρόνων.
1409 647 1524 706 Εἶτ’
1550 651 1705 716 αὖθις
1747 654 1813 706 ὲκ
1854 655 1953 724 τῆς

378 742 682 813 συγκλήτου
731 741 961 810 λογάδας
1008 742 1362 809 ἀπέστειλεν,
1409 744 1679 814 ἐρωτῆσαι
1726 744 1755 798 ὃ
1806 762 1858 797 τι
1887 747 1953 798 ἂν

375 836 455 896 είς
497 834 626 887 θέαν
659 833 1074 904 οίκονομηθείη;
1115 835 1173 887 ’0
1202 834 1259 888 δὲ
1301 835 1636 905 ἀπεκρίνατο
1666 834 1742 897 ὼς
1772 838 1843 889 Et
1865 836 1951 904 μὴ

373 924 471 978 διὰ
490 926 751 982 συνόδου
780 926 1110 994 καθολικῆς
1135 926 1203 979 τὸ
1229 925 1480 994 σφάλμα
1511 926 1822 996 διορθωθῇ,
1853 930 1953 983 καὶ

375 1017 495 1070 τῶν
560 1017 936 1088 Ἐκκλησιῶν
986 1018 1240 1086 προϐαίη
1314 1017 1564 1085 ἓνωσις,
1619 1022 1731 1074 οὐκ
1780 1020 1953 1075 ἐστιν

370 1107 516 1176 ἡμῖν
551 1113 833 1179 σωτηρία.
866 1110 974 1163 Καὶ
1010 1111 1060 1164 οἱ
1106 1108 1487 1180 συγκλητικοὶ,
1536 1111 1641 1165 Διὰ
1685 1113 1743 1164 τί
1776 1112 1948 1181 γοῦν,

371 1200 528 1255 εἶπον
548 1244 562 1266 ,
606 1205 792 1271 αὐτὸς
815 1206 886 1258 ἐν
916 1203 997 1270 τῷ
1026 1207 1513 1274 χειροτονεῖσθαι,
1550 1206 1815 1260 συνέθου
1843 1205 1950 1273 τὰς

368 1296 613 1359 εἰκόνας
644 1295 732 1364 μὴ
782 1297 1157 1364 προσκυνεῖν
1172 1314 1193 1362 ;
1240 1299 1299 1351 '0
1338 1298 1395 1352 δὲ
1441 1298 1806 1367 ἀντεπήγαγε,
1847 1299 1949 1353 Διά

369 1382 486 1451 τὴν
511 1383 638 1464 τῶν
669 1387 1055 1455 κρατούντων
1095 1390 1327 1457 μανίαν
1364 1390 1463 1443 καὶ
1506 1390 1620 1459 τὴν
1652 1390 1950 1460 ὑμετέραν

369 1474 689 1541 ἀπήνειαν.
726 1478 913 1533 Ἀλλὰ
958 1479 1058 1532 καί
1101 1480 1198 1533 διὰ
1241 1481 1417 1535 τοῦτο
1456 1480 1687 1550 θρηνῶ,
1721 1481 1817 1536 καί
1850 1481 1948 1536 διὰ

363 1569 686 1634 μετανοίας
734 1570 883 1638 πρὸς
911 1571 1053 1637 τοὺς
1081 1573 1419 1642 οίκτιρμοὺς
1456 1574 1800 1645 καταφεύγω
1840 1574 1947 1629 τοῦ

373 1660 546 1724 Θεοῦ,
603 1660 891 1730 δεόμενος
940 1663 1028 1732 μὴ
1073 1665 1152 1730 ὡς
1194 1664 1505 1732 ἀρχιερεὺς
1540 1662 1835 1733 κριθῆναι.
1888 1664 1947 1719 '0

372 1752 470 1820 μὲν
496 1750 596 1804 οὖν
637 1753 697 1804 ὲν
727 1752 935 1816 τούτοις
965 1752 1056 1807 τὸν
1088 1753 1202 1824 βίον
1234 1755 1554 1809 κατέλυσεν.
1596 1754 1658 1807 Οί
1702 1755 1759 1807 δὲ
1806 1770 1945 1824 κραο

2056 565 2262 622 Deinde
2312 584 2504 624 rursus
2549 570 2799 628 eruditos
2846 577 3107 631 senatorii
3151 580 3364 638 ordinis
3394 584 3544 641 viros
3567 588 3639 643 ad

2053 670 2179 709 eum
2217 659 2387 725 misit,
2444 661 2751 726 sciscitans,
2797 678 2907 734 quo
2952 677 3111 736 pacto
3145 685 3232 726 res
3262 672 3365 728 rite
3394 674 3640 731 admini-

2053 748 2290 801 stranda:
2337 749 2566 802 essent?
2617 749 2754 804 Tum
2807 753 2897 807 ille
2939 770 2954 808 :
2998 755 3113 810 Nisi
3160 769 3395 816 erratum
3440 769 3645 835 synodo

2052 837 2309 891 catholica
2361 852 2668 908 correctum,
2696 852 2747 894 et
2771 842 3020 901 Ecclesia:
3068 853 3346 907 concordia
3394 858 3638 913 restituta

2053 925 2233 993 fuerit,
2276 929 2412 984 salvi
2444 947 2552 985 esse
2596 949 2699 986 non
2734 950 3031 1003 possumus.
3068 940 3425 999 Senatoribus
3450 958 3634 1003 autem

2052 1018 2546 1090 interrogantibus,
2582 1038 2681 1078 cur
2710 1025 2826 1094 ipse
2854 1040 2983 1081 cum
3023 1029 3341 1100 eligeretur,
3371 1051 3482 1091 non
3511 1038 3634 1094 ado-

2048 1107 2248 1163 randas
2278 1126 2399 1166 esse
2433 1112 2699 1184 imagines
2730 1130 2987 1173 assensus
3023 1130 3205 1187 esset,
3239 1128 3541 1194 respondit,
3572 1132 3633 1185 ob

2048 1214 2232 1254 eorum
2279 1203 2550 1258 insaniam
2579 1207 2669 1275 qui
2699 1223 2875 1262 rerum
2919 1212 3281 1281 potiebantur,
3316 1224 3367 1270 et
3404 1227 3632 1276 vestram

2050 1292 2437 1350 crudelitatem.
2472 1294 2577 1350 Sed
2605 1301 2701 1353 hoc
2733 1297 2906 1372 lugeo.
2938 1319 3002 1356 ac
3025 1306 3388 1374 paenitentiam
3428 1314 3499 1366 ad
3536 1312 3635 1368 Dei

2048 1383 2461 1440 misericordiam
2489 1389 2721 1461 confugi,
2768 1409 2929 1449 orans
2953 1406 3010 1448 ut
3035 1397 3100 1451 de
3128 1415 3209 1452 me
3233 1416 3338 1455 non
3375 1411 3635 1476 tanquam

2046 1477 2110 1528 de
2144 1476 2409 1545 pontiﬁce,
2440 1480 2705 1548 judicium
2749 1484 2871 1551 ﬁat.
2918 1486 3105 1544 Atille
3139 1490 3242 1546 hoc
3270 1494 3434 1549 modo
3463 1497 3630 1551 vitam

2047 1562 2206 1620 ﬁniit.
2239 1566 2601 1637 Imperatores
2650 1583 2833 1629 autem
2870 1577 3130 1650 inclytum
3162 1581 3451 1640 Tarasium
3484 1603 3514 1642 a
3544 1605 3633 1653 seg-

2047 1659 2217 1713 cretis
2265 1661 2632 1727 patriarcham
2687 1663 3067 1737 designarunt,
3107 1674 3445 1742 approbante
3478 1682 3637 1737 omni

2050 1747 2270 1817 pOpulo.
2305 1748 2413 1804 Sed
2460 1752 2574 1821 ipse
2619 1758 2937 1813 recusavit:
2968 1774 3148 1831 neque
3199 1764 3346 1819 enim
3388 1782 3446 1822 se
3488 1785 3638 1839 praes

366 1842 583 1906 τοῦντες
617 1844 709 1897 τὸν
738 1844 983 1914 ἀοίδιμον
1011 1846 1283 1917 Ταράσιον
1312 1847 1424 1917 (67)
1455 1838 1791 1918 Ἀσηκρήτις
1820 1848 1939 1900 ὅντα

2049 1856 2170 1896 esse
2196 1856 2356 1911 posse
2388 1842 2649 1901 Ecclesiae
2677 1862 2707 1902 a
2738 1849 2965 1919 reliquis
3014 1853 3277 1912 Ecclesiis
3317 1828 3542 1928 avulsae,
3572 1864 3634 1918 ct'

368 1936 716 2007 πατριάρχην
762 1938 1221 2009 προεχειρίζοντο,
1254 1938 1350 1996 καὶ
1397 1941 1427 1991 6
1454 1939 1580 2002 λαὸς
1626 1939 1771 2001 ἆπας
1818 1941 1947 1991 ἐπε-

364 2027 656 2097 ψηφίζετο.
702 2031 760 2085 Ὀ
790 2032 884 2086 καὶ
939 2032 1181 2093 ἀνένευε,
1212 2032 1285 2103 μὴ
1314 2032 1571 2087 δύνασθαι
1618 2034 1790 2101 λέγων
1819 2051 1949 2106 προ-

368 2118 559 2186 στῆναι
577 2119 676 2189 τῆς
691 2120 1014 2192 Ἑκκλησίας
1035 2124 1439 2193 ἀπεσχισμένης
1465 2126 1574 2176 τῶν
1594 2125 1795 2178 λοιπῶν
1812 2142 1946 2194 τυγ-

265 2222 275 2232 ’
364 2208 633 2280 χανούσης
668 2210 1019 2284 Ἐκκλησιῶν,
1043 2214 1244 2268 κα¹ιὺπ’
1259 2216 1481 2270 ἐκείνων
1503 2217 1946 2287 ὑποϐαλλομένης

363 2301 443 2372 τῷ
497 2303 820 2373 ἁναθέματι.
895 2305 1264 2376 Ἐγκειμένων
1306 2308 1363 2360 δὲ
1407 2310 1639 2363 καὶτῶν
1682 2311 1944 2381 βασιλέων

365 2390 455 2442 καὶ
476 2388 570 2443 τοῦ
600 2388 754 2457 λαοῦ,
785 2393 851 2446 Εί
882 2393 1253 2457 συντίθεσθε,
1275 2390 1417 2461 εἷπε,
1441 2397 1713 2451 σύνοδον
1735 2402 1937 2454 οἰκου-

359 2481 616 2548 partth
635 2482 1046 2551 ἀθροισθῆναι,
1089 2484 1189 2539 καί
1218 2484 1749 2565 τῶν,Ἐκκλησιῶν
1781 2491 1941 2561 {erﬁ-

363 2575 583 2627 σεσθαι
623 2573 867 2641 ἕνωσιν,
908 2575 1154 2646 δέξομαι
1192 2578 1295 2631 καί
1328 2580 1514 2644 αὐτὸς
1549 2572 1664 2650 τῆν
1702 2586 1943 2653 προχεί-

358 2681 567 2733 ρησιν.
602 2666 951 2737 Συνθεμένων
982 2670 1039 2722 δὲ
1064 2671 1197 2740 πρὸς
1235 2670 1393 2724 τοῦτο
1436 2674 1673 2741 πάντων,
1730 2677 1938 2745 ἐχειρο-

363 2758 566 2825 τονήθη
597 2756 625 2808 6
664 2757 805 2821 θεῖος
837 2756 1131 2830 Ταράσιος,
1158 2761 1254 2814 καὶ
1286 2763 1494 2818 στέλλει
1538 2768 1699 2830 αὑτός
1741 2785 1798 2819 τε
1845 2770 1939 2821 καὶ

363 2847 417 2896 οἱ
468 2847 800 2917 κρατοῦντες
854 2851 934 2913 είς
987 2869 1045 2904 τε
1101 2853 1202 2924 τὴν
1256 2856 1635 2929 πρεσϐυτέραν
1696 2859 1935 2931 Ῥώμην,

375 2937 653 3009 ’Δδριανοῦ
684 2942 742 2993 ὲν
773 2942 909 3012 αὐτῇ
945 2946 1385 3016 προεδρεύοντος,
1419 2950 1511 3003 καὶ
1548 2952 1627 3014 είς
1673 2951 1798 3015 τοὺς
1830 2952 1937 3006 λοι-

364 3031 502 3095 ποὺς
552 3034 916 3106 πατριάρχας,
957 3037 1245 3107 ζητοῦντες
1295 3041 1553 3111 σταλῆναι
1604 3060 1755 3106 τινας
1807 3044 1935 3115 παρ’

2051 1935 2387 1990 anathemati
2419 1936 2700 2008 subjectae.
2747 1942 3083 2001 [astantibus
3111 1956 3292 2003 autem
3333 1949 3630 2021 imperato-

2049 2026 2202 2082 ribus
2230 2037 2288 2082 et
2321 2031 2524 2100 populo
2555 2047 2572 2088 :
2612 2031 2672 2087 Si
2698 2037 3021 2103 permittitis,
3078 2037 3276 2108 inquit,
3303 2052 3360 2095 ut
3399 2046 3626 2114 synodus

2047 2119 2362 2173 mcumenica
2407 2126 2737 2187 convoceinr,
2765 2133 2815 2179 et
2840 2125 3093 2183 Ecclesia
3128 2131 3405 2198 uniantur,
3435 2145 3485 2187 et
3516 2138 3635 2206 ipse

2046 2210 2459 2279 designationem
2505 2214 2807 2270 admittam.
2869 2221 3122 2277 Assensis
3178 2225 3469 2289 omnibus,
3526 2243 3627 2297 pa-

2047 2302 2285 2357 triarcha
2329 2304 2540 2362 electus
2567 2307 2790 2367 divinus
2839 2311 3118 2382 Tarasius,
3146 2324 3201 2370 et
3225 2316 3342 2385 ipse
3368 2319 3427 2374 ct'
3450 2321 3633 2390 impee

2045 2403 2256 2449 ratores
2313 2406 2550 2452 veterem
2614 2400 2842 2455 Romam
2906 2406 3175 2472 mittunt,
3217 2409 3304 2462 cui
3353 2409 3626 2467 Adrianus

2043 2487 2392 2556 praesidebat,
2427 2500 2483 2545 et
2517 2492 2584 2546 ad
2618 2504 2847 2549 czeteros
2893 2497 3252 2565 patriarchas,
3288 2510 3538 2570 petentes
3565 2512 3625 2558 ut

2041 2576 2207 2646 aliqui
2240 2577 2309 2632 ab
2338 2578 2420 2635 eis
2452 2580 2825 2649 mitterentur,
2864 2588 2956 2653 qui
2990 2587 3226 2642 concilio
3273 2590 3620 2651 interessent.

2041 2665 2188 2721 Missi
2222 2667 2390 2738 igitur
2420 2680 2550 2725 sunt
2582 2672 2651 2727 ab
2709 2674 2986 2739 omnibus,
3021 2687 3075 2731 et
3108 2681 3319 2733 caeteris
3347 2681 3622 2750 pontifici-

2040 2758 2144 2814 bus
2195 2769 2253 2815 et
2305 2764 2589 2818 monachis
2652 2765 2846 2821 Nicaea
2904 2766 3173 2840 Bithyniae
3232 2774 3619 2844 congregatis:

2040 2851 2204 2905 etiam
2263 2853 2575 2921 patriarcha
2641 2856 2899 2914 Tarasius
2947 2869 3031 2915 est
3082 2875 3377 2931 egressus,
3436 2865 3623 2934 ibique

2038 2943 2332 3013 septimum
2380 2948 2780 3003 meumenicum
2818 2950 3107 3006 concilium
3132 2963 3216 3007 est
3237 2957 3620 3020 constitutum,

2037 3049 2101 3088 ac
2132 3034 2415 3090 decretum
2447 3037 2791 3093 venerabiles
2837 3039 3104 3111 imagines
3134 3051 3189 3097 et
3226 3045 3531 3101 adorandas
3563 3056 3621 3103 et

360 3122 566 3189 αὗτῶν,
621 3127 746 3190 τοὺς
802 3128 897 3182 ἐπὶ
947 3131 1012 3200 τῇ
1047 3131 1250 3202 συνόδῳ
1292 3133 1790 3202 παρουσιάσοντας,
1840 3135 1934 3189 καὶ

2040 3126 2297 3182 colendas
2326 3143 2467 3193 esse,
2504 3139 2561 3184 et
2601 3137 2715 3185 tres
2752 3132 3099 3188 anathemate
3126 3137 3321 3201 notati,
3354 3139 3448 3208 qui
3474 3139 3620 3195 Con-

362 3216 514 3286 παρὰ
528 3216 745 3272 πάντων
762 3219 1082 3290 ἐστάλησαν.
1102 3220 1519 3292 Ἀθροισθέντων
1536 3224 1592 3278 δὲ
1608 3226 1697 3279 καὶ
1713 3228 1820 3279 τῶν
1835 3226 1938 3280 λοι-

359 3308 478 3361 πῶν
498 3308 800 3380 ἀρχιερέων
821 3310 932 3384 (68)
963 3313 1057 3367 καὶ
1080 3314 1326 3384 μοναχῶν
1354 3317 1413 3369 ἐν
1434 3315 1483 3369 Ν
1488 3318 1638 3389 ικαίᾳ
1654 3317 1752 3388 τῆς
1777 3319 1938 3373 Βιθυ-

360 3401 502 3466 νίας,
532 3402 627 3455 καὶ
656 3405 683 3458 6
706 3405 1056 3476 πατριάρχης
1088 3406 1279 3476 ἐξῆλθε
1314 3407 1607 3477 Ταρὰσιος,
1653 3412 1746 3465 καὶ
1778 3412 1933 3466 συνέ-

362 3508 464 3562 στη
492 3495 611 3547 ὲκεί
637 3496 989 3569 οίκουμενικὴ
1026 3495 1242 3559 σύνοδος
1278 3496 1503 3569 ἑϐδόμη,
1542 3501 1638 3553 καὶ
1675 3501 1929 3574 ἐκυρώθη

358 3587 453 3651 τὰς
480 3586 685 3649 σεπτας
711 3587 928 3650 εἰκόνας
950 3589 1044 3641 καὶ
1075 3589 1505 3658 προσκυνεῖσθαι
1531 3592 1626 3644 καὶ
1653 3591 1931 3658 σέϐεσθαι,

358 3676 656 3746 ἁναθέματι
686 3677 743 3730 δὲ
777 3679 1198 3751 κατεκρίθησαν,
1233 3680 1329 3732 καὶ
1373 3681 1422 3733 oi
1468 3684 1616 3752 τρεῖς
1650 3683 1700 3736 οί
1743 3683 1845 3754 τῆς
1873 3686 1931 3739 ἐν

360 3772 931 3825 Κωνσταντινουπὸλει
962 3776 1427 3844 προεδρεύσαντες
1457 3776 1809 3845 Ἐκκλησίας,
1836 3780 1926 3832 ὅτε

371 3861 742 3926 ’Δναστάσιος,
789 3861 884 3916 καὶ
930 3865 958 3916 6
994 3865 1426 3931 Κωνσταντίνος,
1456 3866 1551 3918 καὶ
1594 3867 1622 3917 6
1664 3866 1931 3936 Νικήτας,

360 3957 454 4010 καὶ
488 3956 638 4025 τόμῳ
669 3959 736 4026 τῇ
773 3957 895 4028 ἱερᾷ
929 3957 1129 4026 συνόδῳ
1158 3959 1226 4010 τὰ
1259 3958 1488 4021 δόξαντα
1529 3960 1930 4029 ἐνεγράφησαν.

372 4052 467 4104 Ἐκ
493 4050 549 4103 δὲ
584 4050 820 4112 Νικαίας
862 4051 944 4113 είς
972 4050 1070 4119 τὴν
1116 4050 1227 4102 τῶν
1272 4051 1484 4105 πιόλεων
1534 4050 1930 4120 βασιλεύουσαν

359 4143 764 4214 ἐνδημῆσαντες
791 4142 841 4194 οἱ
877 4143 977 4210 τῆς
1014 4142 1257 4206 συνόδου,
1290 4141 1384 4195 καὶ
1411 4144 1468 4195 ὲν
1495 4146 1606 4206 τοῖς
1638 4143 1931 4213 βασιλείοις

360 4237 665 4305 γενόμενοι,
734 4234 1167 4305 προκαθημένων
1227 4235 1322 4287 καὶ
1365 4234 1473 4288 τῶν
1517 4235 1929 4305 βασιλευόντων,

359 4333 439 4394 εἰς
462 4333 696 4397 ἐπήκοον
724 4327 940 4380 πάντων
971 4325 1062 4379 τὸν
1089 4326 1254 4396 τόμον
1274 4325 1584 4395 ἀνέγνωσαν
1606 4343 1620 4358 ⁸
1650 4328 1709 4392 ὃς
1732 4329 1932 4382 αὐτίκα

360 4422 510 4492 παρὰ
554 4421 664 4474 τῶν
712 4418 1056 4489 κρατούντων
1098 4416 1383 4486 ’κεκύρωτο
1418 4418 1929 4488 ὑποσημηναμένων

360 4512 543 4575 αὐτὸν,
573 4512 666 4564 καὶ
694 4509 836 4562 οὓτω
865 4508 930 4561 τὰ
976 4507 1099 4577 ιερὰ
1126 4505 1499 4577 ὲκτυπώματα
1526 4509 1583 4560 ἐν
1618 4511 1729 4572 τοῖς
1768 4508 1932 4571 θείοις

360 4608 505 4668 ναοῖς
530 4603 903 4673 ἁνειτήλοντο,
927 4601 1020 4654 καὶ
1045 4599 1103 4654 oti
1129 4598 1448 4668 Ἐκκλησίαι
1469 4601 1677 4654 ἅπασαι
1700 4600 1933 4671 ἠνωντο.

360 4698 438 4750 Τὰ
483 4697 581 4767 μὲν
623 4691 717 4748 οὖν
756 4694 919 4765 μέχρι
956 4690 1111 4744 τοῦδε
1150 4690 1299 4761 παρὰ
1326 4691 1426 4760 τῆς
1465 4691 1802 4764 βασιλίσσης,
1839 4694 1935 4747 καὶ

359 4790 466 4841 τὸν
511 4788 650 4860 αὐτῇ
692 4783 1194 4858 προσῳκειωμένων
1242 4787 1309 4838 τὰ
1357 4787 1458 4854 τῆς
1489 4784 1766 4855 βασιλείας
1815 4784 1955 4844 ἰθύ-κ

361 4899 529 4936 νοντο.
563 4882 698 4952 Ἤδη
746 4882 806 4936 δὲ
835 4881 923 4935 τὸν
954 4882 1194 4952 μείρακα
1240 4879 1556 4950 παρελάσας
1599 4880 1627 4931 6
1676 4877 1934 4949 βασιλεὺς

364 4976 788 5041 Κωνσταντίνος,
810 4974 904 5028 καὶ
926 4975 1005 5035 εἰς
1033 4971 1246 5036 νεανίας
1271 4972 1445 5024 τελεῖν
1470 4970 1745 5041 ἠργμένος
1763 4970 1930 5042 (ἐίκο-

361 5069 559 5139 σαέτης
590 5068 697 5137 γὰρ
725 5063 813 5138 ἦν)
842 5064 938 5120 καὶ
965 5065 1109 5136 ὀρῶν
1142 5054 1356 5119 ἅπαντα
1393 5062 1547 5133 παρὰ
1577 5061 1678 5131 τῆς
1723 5060 1930 5131 μητρὸς

361 5158 807 5230 οἱκονομούμενα,
832 5157 926 5210 καὶ
952 5156 1286 5226 Σταυράκιον
1312 5153 1600 5225 πατρίκιον
1643 5151 1736 5204 καὶ
1771 5150 1927 5218 λογο·

362 5250 524 5320 θέτην
577 5249 650 5303 τὰ
700 5248 879 5302 πάντα
937 5246 1236 5315 δυνάμενον
1259 5284 1274 5312 ,
1325 5245 1519 5298 ἑαυτὸν
1578 5241 1637 5297 δὲ
1701 5240 1928 5312 μηδενὸς

2033 3219 2538 3289 stantinopo1itanze
2566 3220 2829 3277 Ecclesiae
2868 3223 3233 3293 praefuerunt,
3267 3227 3618 3295 Anastasius,

2030 3310 2425 3367 Constantinus
2449 3320 2506 3368 et
2527 3313 2767 3381 Nicetas,
2803 3315 3086 3387 sanctique
3125 3320 3345 3375 concilii
3395 3321 3613 3378 decreta

2032 3404 2090 3459 in
2121 3405 2551 3460 commentarios
2584 3405 2752 3460 relata
2781 3413 2933 3462 sunt.
2963 3407 3173 3464 Deinde
3201 3410 3294 3480 qui
3320 3414 3616 3468 concilium

2031 3496 2399 3563 celebrarant,
2443 3497 2499 3551 in
2532 3496 2723 3552 urbem
2764 3497 3176 3568 imperatoriam
3225 3502 3480 3571 profecti,
3517 3505 3619 3560 de-

2031 3598 2184 3645 creta
2215 3592 2271 3644 in
2300 3590 2469 3660 regia,
2501 3590 2932 3661 imperatoribus
2974 3593 3419 3663 praesidentibus,
3451 3607 3617 3669 atque

2030 3680 2289 3736 omnibus
2334 3680 2719 3747 audientibus,
2768 3683 3094 3750 recitarunt,
3143 3700 3266 3750 quae
3312 3689 3494 3744 statim
3546 3691 3620 3745 ab

2034 3772 2470 3842 imperatoribus
2516 3772 2813 3842 approbata
2838 3784 2894 3827 et
2923 3774 3239 3845 subsignata
3272 3790 3422 3842 sunt,
3450 3787 3617 3850 atque

2030 3864 2105 3918 ita
2155 3879 2325 3920 sacrae
2361 3863 2628 3934 imagines
2677 3864 2898 3934 templis
2950 3867 3239 3932 restitutae,
3268 3877 3326 3921 et
3354 3869 3619 3926 Ecclesia

2033 3954 2190 4023 117
2252 3954 2525 4010 universae
2576 3952 2766 4007 unitas.
2820 3951 3097 4010 Hactenus
3144 3954 3214 4010 ab
3263 3956 3616 4026 anuperatrice

2030 4046 2261 4114 ejusque
2307 4044 2675 4099 familiaribus
2731 4060 2963 4116 regnum
3009 4044 3449 4104 administratum
3505 4057 3611 4118 est,

2028 4136 2300 4193 Caeterum
2354 4136 2750 4192 Constantinus
2795 4151 2969 4192 annos
3020 4138 3277 4208 pueritiae
3316 4155 3617 4210 egressus,

2028 4228 2314 4299 factusque
2345 4227 2584 4282 adultior
2609 4228 2756 4298 (nam
2783 4244 2852 4282 xx
2879 4243 3053 4284 annos
3086 4238 3253 4285 natus
3283 4231 3449 4301 erat),
3484 4246 3614 4286 cum

2032 4330 2266 4376 matrem
2306 4334 2409 4389 pro
2447 4319 2779 4376 auctoritate
2826 4336 2990 4392 agere
3035 4321 3221 4376 omnia
3263 4323 3515 4389 videret,
3556 4332 3616 4378 et

2034 4408 2377 4466 Stauracium
2438 4408 2729 4478 patricium
2785 4417 2843 4465 et
2897 4410 3232 4481 logothetam
3293 4410 3432 4465 nihil
3500 4427 3616 4466 non

2034 4517 2217 4573 posse,
2251 4503 2335 4558 sui
2365 4517 2496 4558 vero
2521 4501 2727 4557 nullam
2766 4502 3035 4558 rationem
3083 4501 3272 4557 haberi
3305 4519 3322 4558 :
3351 4517 3492 4573 aegre
3521 4502 3620 4557 ille

2037 4599 2182 4664 tulit,
2212 4610 2269 4654 et
2297 4598 2528 4655 consilio
2557 4614 2681 4654 cum
2720 4599 3049 4669 quibusdam
3095 4598 3444 4655 senatoribus
3472 4599 3615 4654 suis-

2034 4708 2142 4763 que
2173 4692 2443 4765 ministris
2473 4692 2630 4756 inito,
2665 4690 2733 4746 de
2762 4691 3079 4762 magistratu
3131 4690 3427 4746 Stauracio
3450 4692 3619 4747 abrov

2033 4782 2233 4853 gaude,
2286 4796 2462 4852 eoque
2492 4781 2782 4853 relegando
2833 4781 3113 4851 cogitavit.
3145 4782 3222 4837 Eo
3254 4782 3487 4838 consilio
3520 4797 3613 4837 ρο·-

2034 4873 2211 4945 gnito,
2257 4872 2594 4942 imperatrix,
2621 4871 2902 4928 ministros
2939 4870 3325 4942 imperatorios
3354 4871 3501 4926 illius
3532 4871 3618 4926 rei

2036 4963 2288 5021 conscios
2319 4976 2512 5018 omnes
2561 4961 2894 5018 verberibus
2941 4962 3169 5018 aﬂ‘ectos
3191 4971 3248 5015 et
3274 4960 3401 5031 pilis
3432 4960 3617 5047 nuda-

2038 5063 2142 5120 tos,
2179 5054 2318 5109 alios
2345 5053 2454 5109 alio
2483 5053 2764 5124 relegavit.
2807 5053 3100 5109 Senatores
3138 5051 3433 5124 ignominia
3464 5058 3613 5106 nota.

2037 5158 2141 5212 tos,
2174 5145 2372 5216 partim
2419 5142 2584 5198 domo
2615 5144 2770 5199 exire
2816 5144 3015 5211 vetuit,
3045 5143 3244 5214 partim
3274 5142 3330 5196 in
3357 5141 3619 5197 exsilium

2036 5239 2205 5293 misit.
2243 5234 2352 5292 Sed
2384 5242 2442 5290 et
2498 5233 2670 5288 tilium
2699 5235 3057 5302 excruciavit,
3091 5243 3149 5292 et
3178 5234 3441 5292 conviciis
3468 5232 3620 5287 insev

1533 5401 1742 5463 Varini
1784 5399 2098 5462 lcetiones
2144 5402 2207 5457 et
2247 5402 2437 5458 noue.

406 5558 546 5630 .(67)
609 5553 923 5626 Ταράσιον.
966 5545 1138 5620 Cujus
1177 5548 1377 5603 festum
1426 5555 1594 5617 agunt
1639 5544 1811 5601 Graeci
1865 5543 1936 5598 25

366 5630 546 5769 regia)
605 5694 967 5769 Ἀρχιερέῳν.
996 5691 1327 5769 Sanctorum
1362 5683 1630 5769 ‘Plgtrunn
1652 5684 1747 5769 qui
1790 5682 1936 5769 Διιμὶίι

363 5754 573 5840 synodo
615 5754 845 5822 adfuere
871 5764 1071 5821 festum
1099 5759 1377 5817 celebrant
1405 5754 1585 5814 Graeci
1612 5754 1683 5811 Η
1705 5754 1933 5811 Octobr.

2043 5545 2246 5599 Menam
2276 5560 2289 5596 :
2324 5540 2481 5596 Κατὰ
2507 5539 2608 5609 τὴν
2647 5535 2937 5604 ἑνδεκάτην
2984 5532 3079 5588 τοῦ
3120 5533 3394 5617 παρόντος,
3442 5530 3610 5653 prato;

2047 5617 2267 5653 ..νήει-πυ
2316 5609 2672 5653 ἐπιτελοῦμεν
2705 5607 2811 5653 τῶν
2838 5605 3010 5653 ἁγίων
3055 5606 3152 5653 καὶ
3189 5618 3472 5653 ιιακαοιων
3546 5618 3606 5653 α-

2045 5605 2672 5687 μνήμηνῌὲππελοῦμεν
2705 5607 2811 5660 τῶν
2827 5605 3010 5687 κὰλγίων
3055 5606 3152 5687 καὶ
3187 5605 3472 5687 μακαρίων
3497 5605 3606 5687 Πα-

2038 5673 2347 5755 τέρὶῥν’τῶν
2374 5683 2433 5737 ἐν
2465 5673 2673 5749 Νικαίᾳ
2701 5675 3064 5732 συνελθόντων
3100 5675 3163 5728 τὺ
3191 5673 3470 5739 δεύτερον,
3495 5685 3605 5726 etc.
