  <div class='ocr_page' id='page_1' title='image "/cluster/home/n/w/nwhite01/storage/ocr_20150623/134:no.1/coo.31924054870393/683.png"; bbox 0 0 4068 6392; ppageno 0'>
   <div class='ocr_carea' id='block_1_1' title="bbox 502 317 2108 398">
    <p class='ocr_par' dir='ltr' id='par_1_1' title="bbox 502 317 2095 398">
     <span class='ocr_line' id='line_1_1' title="bbox 502 317 2095 398; baseline -0.006 -2"><span class='ocrx_word' id='word_1_1' title='bbox 502 333 638 398; x_wconf 78' lang='grc'><strong>1347</strong></span> <span class='ocrx_word' id='word_1_2' title='bbox 1771 317 2095 390; x_wconf 57' lang='grc' dir='ltr'><strong>ᾘΟΛΝΝΙΞ</strong></span> 
     </span>
    </p>
   </div>
   <div class='ocr_carea' id='block_1_2' title="bbox 2215 317 2464 398">
    <p class='ocr_par' dir='ltr' id='par_1_2' title="bbox 2215 323 2464 385">
     <span class='ocr_line' id='line_1_2' title="bbox 2215 323 2464 385; baseline 0.008 -4"><span class='ocrx_word' id='word_1_3' title='bbox 2215 323 2464 385; x_wconf 61' lang='grc' dir='ltr'><strong>ῡΝΑΙΠΕ</strong></span> 
     </span>
    </p>
   </div>
   <div class='ocr_carea' id='block_1_3' title="bbox 495 435 2108 522">
    <p class='ocr_par' dir='ltr' id='par_1_3' title="bbox 495 445 2096 522">
     <span class='ocr_line' id='line_1_3' title="bbox 495 445 2096 522; baseline -0.008 -14"><span class='ocrx_word' id='word_1_4' title='bbox 495 460 678 518; x_wconf 87' lang='lat' dir='ltr'><strong>ctata,</strong></span> <span class='ocrx_word' id='word_1_5' title='bbox 738 451 961 522; x_wconf 92' lang='lat' dir='ltr'><strong>prodire</strong></span> <span class='ocrx_word' id='word_1_6' title='bbox 1009 449 1066 506; x_wconf 88' lang='lat' dir='ltr'><strong>in</strong></span> <span class='ocrx_word' id='word_1_7' title='bbox 1117 449 1401 520; x_wconf 88' lang='lat' dir='ltr'><strong>publicum</strong></span> <span class='ocrx_word' id='word_1_8' title='bbox 1459 445 1747 518; x_wconf 89' lang='lat' dir='ltr'><strong>prohibuit</strong></span> <span class='ocrx_word' id='word_1_9' title='bbox 1795 463 1809 500; x_wconf 91' lang='lat'><strong>:</strong></span> <span class='ocrx_word' id='word_1_10' title='bbox 1857 445 1991 516; x_wconf 91' lang='lat' dir='ltr'><strong>quin</strong></span> <span class='ocrx_word' id='word_1_11' title='bbox 2039 450 2096 496; x_wconf 90' lang='lat' dir='ltr'><strong>et</strong></span> 
     </span>
    </p>
   </div>
   <div class='ocr_carea' id='block_1_4' title="bbox 2215 435 3789 522">
    <p class='ocr_par' dir='ltr' id='par_1_4' title="bbox 2215 435 3789 511">
     <span class='ocr_line' id='line_1_4' title="bbox 2215 435 3789 511; baseline 0.002 -19"><span class='ocrx_word' id='word_1_12' title='bbox 2215 438 2522 509; x_wconf 79' lang='grc' dir='ltr'>ἱιξιούμενον</span> <span class='ocrx_word' id='word_1_13' title='bbox 2553 435 2714 504; x_wconf 55' lang='grc' dir='ltr'>λόχου</span> <span class='ocrx_word' id='word_1_14' title='bbox 2767 436 2991 507; x_wconf 77' lang='grc' dir='ltr'>ἤχθετο,</span> <span class='ocrx_word' id='word_1_15' title='bbox 3023 439 3120 493; x_wconf 76' lang='grc' dir='ltr'>καὶ</span> <span class='ocrx_word' id='word_1_16' title='bbox 3177 439 3322 510; x_wconf 83' lang='grc' dir='ltr'>μετά</span> <span class='ocrx_word' id='word_1_17' title='bbox 3359 457 3518 494; x_wconf 85' lang='grc' dir='ltr'>τινων</span> <span class='ocrx_word' id='word_1_18' title='bbox 3553 440 3666 494; x_wconf 87' lang='grc' dir='ltr'><strong>τῶν</strong></span> <span class='ocrx_word' id='word_1_19' title='bbox 3693 441 3789 511; x_wconf 77' lang='grc' dir='ltr'>τῆς</span> 
     </span>
    </p>
   </div>
   <div class='ocr_carea' id='block_1_5' title="bbox 493 523 2108 614">
    <p class='ocr_par' dir='ltr' id='par_1_5' title="bbox 493 535 2090 614">
     <span class='ocr_line' id='line_1_5' title="bbox 493 535 2090 614; baseline -0.006 -17"><span class='ocrx_word' id='word_1_20' title='bbox 493 543 744 614; x_wconf 82' lang='lat' dir='ltr'><strong>legiones</strong></span> <span class='ocrx_word' id='word_1_21' title='bbox 796 551 1144 598; x_wconf 88' lang='lat' dir='ltr'><strong>sacramento</strong></span> <span class='ocrx_word' id='word_1_22' title='bbox 1193 538 1400 609; x_wconf 89' lang='lat' dir='ltr'><strong>adegit,</strong></span> <span class='ocrx_word' id='word_1_23' title='bbox 1450 555 1520 594; x_wconf 90' lang='lat' dir='ltr'><strong>ne</strong></span> <span class='ocrx_word' id='word_1_24' title='bbox 1552 554 1611 594; x_wconf 92' lang='lat' dir='ltr'><strong>se</strong></span> <span class='ocrx_word' id='word_1_25' title='bbox 1645 538 1864 592; x_wconf 89' lang='lat' dir='ltr'><strong>vivente</strong></span> <span class='ocrx_word' id='word_1_26' title='bbox 1917 535 2090 590; x_wconf 85' lang='lat' dir='ltr'><strong>ﬁlium</strong></span> 
     </span>
    </p>
   </div>
   <div class='ocr_carea' id='block_1_6' title="bbox 2215 523 3787 614">
    <p class='ocr_par' dir='ltr' id='par_1_6' title="bbox 2215 523 3787 600">
     <span class='ocr_line' id='line_1_6' title="bbox 2215 523 3787 600; baseline 0.001 -19"><span class='ocrx_word' id='word_1_27' title='bbox 2215 527 2510 597; x_wconf 75' lang='grc' dir='ltr'>τυγκλήτου</span> <span class='ocrx_word' id='word_1_28' title='bbox 2545 523 2766 596; x_wconf 79' lang='grc' dir='ltr'>βουλῆς,</span> <span class='ocrx_word' id='word_1_29' title='bbox 2815 525 2914 578; x_wconf 73' lang='grc' dir='ltr'>καὶ</span> <span class='ocrx_word' id='word_1_30' title='bbox 2954 525 3065 580; x_wconf 90' lang='grc' dir='ltr'><strong>τῶν</strong></span> <span class='ocrx_word' id='word_1_31' title='bbox 3109 528 3581 599; x_wconf 65' lang='grc' dir='ltr'><strong>ὑπηρετουμένων</strong></span> <span class='ocrx_word' id='word_1_32' title='bbox 3631 529 3787 600; x_wconf 79' lang='grc' dir='ltr'>αὐτῷ</span> 
     </span>
    </p>
   </div>
   <div class='ocr_carea' id='block_1_7' title="bbox 496 619 2108 706">
    <p class='ocr_par' dir='ltr' id='par_1_7' title="bbox 496 628 2094 706">
     <span class='ocr_line' id='line_1_7' title="bbox 496 628 2094 706; baseline -0.003 -19"><span class='ocrx_word' id='word_1_33' title='bbox 496 635 564 688; x_wconf 90' lang='lat' dir='ltr'><strong>ad</strong></span> <span class='ocrx_word' id='word_1_34' title='bbox 630 635 925 706; x_wconf 90' lang='lat' dir='ltr'><strong>imperium</strong></span> <span class='ocrx_word' id='word_1_35' title='bbox 997 635 1374 690; x_wconf 71' lang='lat' dir='ltr'><strong>admitterent.</strong></span> <span class='ocrx_word' id='word_1_36' title='bbox 1426 633 1504 688; x_wconf 85' lang='lat' dir='ltr'><strong>Ac</strong></span> <span class='ocrx_word' id='word_1_37' title='bbox 1557 631 1739 686; x_wconf 66' lang='grc' dir='ltr'>αιτιοι-ἰ</span> <span class='ocrx_word' id='word_1_38' title='bbox 1798 631 1884 686; x_wconf 83' lang='lat' dir='ltr'><strong>vel</strong></span> <span class='ocrx_word' id='word_1_39' title='bbox 1937 628 2094 684; x_wconf 91' lang='lat' dir='ltr'><strong>inviti</strong></span> 
     </span>
    </p>
   </div>
   <div class='ocr_carea' id='block_1_8' title="bbox 2215 619 3796 706">
    <p class='ocr_par' dir='ltr' id='par_1_8' title="bbox 2215 619 3796 694">
     <span class='ocr_line' id='line_1_8' title="bbox 2215 619 3796 694; baseline 0.001 -21"><span class='ocrx_word' id='word_1_40' title='bbox 2215 623 2493 694; x_wconf 74' lang='grc' dir='ltr'>ιμελὲτησε</span> <span class='ocrx_word' id='word_1_41' title='bbox 2534 623 2626 676; x_wconf 76' lang='grc' dir='ltr'><strong>τὸν</strong></span> <span class='ocrx_word' id='word_1_42' title='bbox 2665 623 3013 694; x_wconf 80' lang='grc' dir='ltr'>Σταυράκιον</span> <span class='ocrx_word' id='word_1_43' title='bbox 3045 621 3144 690; x_wconf 79' lang='grc' dir='ltr'>τῆς</span> <span class='ocrx_word' id='word_1_44' title='bbox 3180 619 3360 691; x_wconf 78' lang='grc' dir='ltr'>ἀρχῆς</span> <span class='ocrx_word' id='word_1_45' title='bbox 3387 620 3669 683; x_wconf 76' lang='grc' dir='ltr'><strong>καθελεῖν,</strong></span> <span class='ocrx_word' id='word_1_46' title='bbox 3703 622 3796 674; x_wconf 83' lang='grc' dir='ltr'>καὶ</span> 
     </span>
    </p>
   </div>
   <div class='ocr_carea' id='block_1_9' title="bbox 492 713 2108 798">
    <p class='ocr_par' dir='ltr' id='par_1_9' title="bbox 492 723 2093 798">
     <span class='ocr_line' id='line_1_9' title="bbox 492 723 2093 798; baseline -0.004 -18"><span class='ocrx_word' id='word_1_47' title='bbox 492 729 795 798; x_wconf 87' lang='lat' dir='ltr'><strong>jurarunt;</strong></span> <span class='ocrx_word' id='word_1_48' title='bbox 849 729 946 782; x_wconf 84' lang='lat' dir='ltr'><strong>sed</strong></span> <span class='ocrx_word' id='word_1_49' title='bbox 997 727 1342 782; x_wconf 76' lang='lat' dir='ltr'><strong>Armeniaca:</strong></span> <span class='ocrx_word' id='word_1_50' title='bbox 1402 725 1650 796; x_wconf 88' lang='lat' dir='ltr'><strong>legiones</strong></span> <span class='ocrx_word' id='word_1_51' title='bbox 1713 723 1932 777; x_wconf 88' lang='lat' dir='ltr'><strong>mulieri</strong></span> <span class='ocrx_word' id='word_1_52' title='bbox 1981 735 2093 774; x_wconf 88' lang='lat' dir='ltr'><strong>non</strong></span> 
     </span>
    </p>
   </div>
   <div class='ocr_carea' id='block_1_10' title="bbox 2215 713 3794 798">
    <p class='ocr_par' dir='ltr' id='par_1_10' title="bbox 2215 713 3794 790">
     <span class='ocr_line' id='line_1_10' title="bbox 2215 713 3794 790; baseline -0.001 -21"><span class='ocrx_word' id='word_1_53' title='bbox 2215 717 2531 788; x_wconf 66' lang='grc' dir='ltr'>ποιήσασθαι</span> <span class='ocrx_word' id='word_1_54' title='bbox 2577 719 2889 790; x_wconf 71' lang='grc' dir='ltr'><strong>ὑπερόριον.</strong></span> <span class='ocrx_word' id='word_1_55' title='bbox 2935 715 3278 779; x_wconf 78' lang='grc' dir='ltr'>Γνωσοέντος</span> <span class='ocrx_word' id='word_1_56' title='bbox 3325 714 3384 766; x_wconf 82' lang='grc' dir='ltr'>δὲ</span> <span class='ocrx_word' id='word_1_57' title='bbox 3424 713 3517 767; x_wconf 81' lang='grc' dir='ltr'><strong>τοῦ</strong></span> <span class='ocrx_word' id='word_1_58' title='bbox 3573 713 3794 784; x_wconf 67' lang='grc' dir='ltr'>βουλεύς</span> 
     </span>
    </p>
   </div>
   <div class='ocr_carea' id='block_1_11' title="bbox 497 806 2108 886">
    <p class='ocr_par' dir='ltr' id='par_1_11' title="bbox 497 813 2097 886">
     <span class='ocr_line' id='line_1_11' title="bbox 497 813 2097 886; baseline -0.004 -17"><span class='ocrx_word' id='word_1_59' title='bbox 497 829 812 882; x_wconf 87' lang='lat' dir='ltr'><strong>cesserunt,</strong></span> <span class='ocrx_word' id='word_1_60' title='bbox 835 832 1005 886; x_wconf 90' lang='lat' dir='ltr'><strong>seque</strong></span> <span class='ocrx_word' id='word_1_61' title='bbox 1029 816 1455 871; x_wconf 90' lang='lat' dir='ltr'><strong>Constantinum</strong></span> <span class='ocrx_word' id='word_1_62' title='bbox 1509 813 1898 884; x_wconf 89' lang='lat' dir='ltr'><strong>imperatorem</strong></span> <span class='ocrx_word' id='word_1_63' title='bbox 1927 825 2097 882; x_wconf 88' lang='lat' dir='ltr'><strong>agno-</strong></span> 
     </span>
    </p>
   </div>
   <div class='ocr_carea' id='block_1_12' title="bbox 2215 806 3796 886">
    <p class='ocr_par' dir='ltr' id='par_1_12' title="bbox 2215 806 3796 880">
     <span class='ocr_line' id='line_1_12' title="bbox 2215 806 3796 880; baseline -0.005 -16"><span class='ocrx_word' id='word_1_64' title='bbox 2215 829 2393 875; x_wconf 66' lang='grc' dir='ltr'>ιατος.</span> <span class='ocrx_word' id='word_1_65' title='bbox 2423 812 2551 875; x_wconf 80' lang='grc' dir='ltr'>τοὺς</span> <span class='ocrx_word' id='word_1_66' title='bbox 2583 814 2680 878; x_wconf 82' lang='grc' dir='ltr'>μὲν</span> <span class='ocrx_word' id='word_1_67' title='bbox 2701 810 2794 864; x_wconf 82' lang='grc' dir='ltr'>τοῦ</span> <span class='ocrx_word' id='word_1_68' title='bbox 2827 810 3091 880; x_wconf 83' lang='grc' dir='ltr'>βασιλέως</span> <span class='ocrx_word' id='word_1_69' title='bbox 3124 809 3464 879; x_wconf 80' lang='grc' dir='ltr'>θεράποντας</span> <span class='ocrx_word' id='word_1_70' title='bbox 3487 807 3618 870; x_wconf 59' lang='grc' dir='ltr'>τεὺς</span> <span class='ocrx_word' id='word_1_71' title='bbox 3653 806 3796 876; x_wconf 57' lang='grc' dir='ltr'>αὐτῷ</span> 
     </span>
    </p>
   </div>
   <div class='ocr_carea' id='block_1_13' title="bbox 499 901 2108 976">
    <p class='ocr_par' dir='ltr' id='par_1_13' title="bbox 499 905 2097 975">
     <span class='ocr_line' id='line_1_13' title="bbox 499 905 2097 975; baseline -0.003 -12"><span class='ocrx_word' id='word_1_72' title='bbox 499 924 693 973; x_wconf 84' lang='lat' dir='ltr'><strong>scere,</strong></span> <span class='ocrx_word' id='word_1_73' title='bbox 743 917 800 962; x_wconf 86' lang='lat' dir='ltr'><strong>et</strong></span> <span class='ocrx_word' id='word_1_74' title='bbox 845 917 974 962; x_wconf 85' lang='lat' dir='ltr'><strong>ante</strong></span> <span class='ocrx_word' id='word_1_75' title='bbox 1035 916 1266 962; x_wconf 82' lang='lat' dir='ltr'><strong>matrem</strong></span> <span class='ocrx_word' id='word_1_76' title='bbox 1330 905 1488 962; x_wconf 87' lang='lat' dir='ltr'><strong>initio</strong></span> <span class='ocrx_word' id='word_1_77' title='bbox 1520 906 1916 975; x_wconf 87' lang='lat' dir='ltr'><strong>proclamatum</strong></span> <span class='ocrx_word' id='word_1_78' title='bbox 1975 918 2097 958; x_wconf 89' lang='lat' dir='ltr'><strong>esse</strong></span> 
     </span>
    </p>
   </div>
   <div class='ocr_carea' id='block_1_14' title="bbox 2215 901 3797 976">
    <p class='ocr_par' dir='ltr' id='par_1_14' title="bbox 2215 901 3797 976">
     <span class='ocr_line' id='line_1_14' title="bbox 2215 901 3797 976; baseline -0.004 -17"><span class='ocrx_word' id='word_1_79' title='bbox 2215 907 2648 976; x_wconf 65' lang='lat' dir='ltr'><strong>xuppszéxovm;</strong></span> <span class='ocrx_word' id='word_1_80' title='bbox 2693 905 2914 974; x_wconf 65' lang='grc' dir='ltr'>τύψασα</span> <span class='ocrx_word' id='word_1_81' title='bbox 2964 903 3173 966; x_wconf 80' lang='grc' dir='ltr'><strong>πάντας</strong></span> <span class='ocrx_word' id='word_1_82' title='bbox 3220 903 3315 956; x_wconf 79' lang='grc' dir='ltr'>καὶ</span> <span class='ocrx_word' id='word_1_83' title='bbox 3348 901 3642 970; x_wconf 72' lang='grc' dir='ltr'>ψιλώσασι</span> <span class='ocrx_word' id='word_1_84' title='bbox 3694 902 3797 952; x_wconf 79' lang='grc' dir='ltr'><strong>τῶν</strong></span> 
     </span>
    </p>
   </div>
   <div class='ocr_carea' id='block_1_15' title="bbox 3645 325 3783 390">
    <p class='ocr_par' dir='ltr' id='par_1_15' title="bbox 3645 325 3783 390">
     <span class='ocr_line' id='line_1_15' title="bbox 3645 325 3783 390; baseline -0.029 0"><span class='ocrx_word' id='word_1_85' title='bbox 3645 325 3783 390; x_wconf 70' lang='grc' dir='ltr'>ιῑιιιδ</span> 
     </span>
    </p>
   </div>
   <div class='ocr_carea' id='block_1_16' title="bbox 501 995 2100 1069">
    <p class='ocr_par' dir='ltr' id='par_1_16' title="bbox 501 995 2100 1069">
     <span class='ocr_line' id='line_1_16' title="bbox 501 995 2100 1069; baseline -0.004 -15"><span class='ocrx_word' id='word_1_86' title='bbox 501 1001 804 1067; x_wconf 77' lang='lat' dir='ltr'><strong>dixerunt,</strong></span> <span class='ocrx_word' id='word_1_87' title='bbox 856 1007 1024 1069; x_wconf 87' lang='lat' dir='ltr'><strong>atque</strong></span> <span class='ocrx_word' id='word_1_88' title='bbox 1077 998 1153 1053; x_wconf 87' lang='lat' dir='ltr'><strong>ita</strong></span> <span class='ocrx_word' id='word_1_89' title='bbox 1204 1013 1398 1052; x_wconf 89' lang='lat' dir='ltr'><strong>rursus</strong></span> <span class='ocrx_word' id='word_1_90' title='bbox 1451 1012 1576 1052; x_wconf 92' lang='lat' dir='ltr'><strong>cum</strong></span> <span class='ocrx_word' id='word_1_91' title='bbox 1627 997 1765 1050; x_wconf 77' lang='lat' dir='ltr'><strong>Izetis</strong></span> <span class='ocrx_word' id='word_1_92' title='bbox 1816 995 2100 1050; x_wconf 87' lang='lat' dir='ltr'><strong>ominibus</strong></span> 
     </span>
    </p>
   </div>
   <div class='ocr_carea' id='block_1_17' title="bbox 502 1087 2096 1164">
    <p class='ocr_par' dir='ltr' id='par_1_17' title="bbox 502 1087 2096 1164">
     <span class='ocr_line' id='line_1_17' title="bbox 502 1087 2096 1164; baseline -0.005 -17"><span class='ocrx_word' id='word_1_93' title='bbox 502 1093 764 1164; x_wconf 89' lang='lat' dir='ltr'><strong>prosequi</strong></span> <span class='ocrx_word' id='word_1_94' title='bbox 817 1094 1131 1148; x_wconf 91' lang='lat' dir='ltr'><strong>voluerunt.</strong></span> <span class='ocrx_word' id='word_1_95' title='bbox 1186 1091 1282 1146; x_wconf 84' lang='lat' dir='ltr'><strong>llis</strong></span> <span class='ocrx_word' id='word_1_96' title='bbox 1328 1091 1483 1144; x_wconf 89' lang='lat' dir='ltr'><strong>lrene</strong></span> <span class='ocrx_word' id='word_1_97' title='bbox 1529 1089 1800 1159; x_wconf 84' lang='lat' dir='ltr'><strong>cognitis.</strong></span> <span class='ocrx_word' id='word_1_98' title='bbox 1845 1087 2096 1142; x_wconf 78' lang='lat' dir='ltr'><strong>Alexium</strong></span> 
     </span>
    </p>
   </div>
   <div class='ocr_carea' id='block_1_18' title="bbox 502 1181 2098 1256">
    <p class='ocr_par' dir='ltr' id='par_1_18' title="bbox 502 1181 2098 1256">
     <span class='ocr_line' id='line_1_18' title="bbox 502 1181 2098 1256; baseline -0.005 -16"><span class='ocrx_word' id='word_1_99' title='bbox 502 1187 767 1242; x_wconf 82' lang='lat' dir='ltr'><strong>Moselem</strong></span> <span class='ocrx_word' id='word_1_100' title='bbox 845 1185 1236 1256; x_wconf 90' lang='lat' dir='ltr'><strong>spatharium,</strong></span> <span class='ocrx_word' id='word_1_101' title='bbox 1290 1183 1658 1252; x_wconf 80' lang='lat' dir='ltr'><strong>eamdemque</strong></span> <span class='ocrx_word' id='word_1_102' title='bbox 1729 1181 2098 1252; x_wconf 80' lang='lat' dir='ltr'><strong>Drungarium</strong></span> 
     </span>
    </p>
   </div>
   <div class='ocr_carea' id='block_1_19' title="bbox 504 1270 2102 1346">
    <p class='ocr_par' dir='ltr' id='par_1_19' title="bbox 504 1270 2102 1346">
     <span class='ocr_line' id='line_1_19' title="bbox 504 1270 2102 1346; baseline -0.004 -16"><span class='ocrx_word' id='word_1_103' title='bbox 504 1276 737 1346; x_wconf 62' lang='lat' dir='ltr'><strong>Vigilite,</strong></span> <span class='ocrx_word' id='word_1_104' title='bbox 773 1275 841 1330; x_wconf 89' lang='lat' dir='ltr'><strong>ad</strong></span> <span class='ocrx_word' id='word_1_105' title='bbox 871 1290 966 1331; x_wconf 90' lang='lat' dir='ltr'><strong>eas</strong></span> <span class='ocrx_word' id='word_1_106' title='bbox 992 1273 1369 1330; x_wconf 87' lang='lat' dir='ltr'><strong>conciliandas</strong></span> <span class='ocrx_word' id='word_1_107' title='bbox 1417 1272 1586 1328; x_wconf 86' lang='lat' dir='ltr'><strong>misit.</strong></span> <span class='ocrx_word' id='word_1_108' title='bbox 1616 1272 1686 1326; x_wconf 85' lang='lat' dir='ltr'><strong>At</strong></span> <span class='ocrx_word' id='word_1_109' title='bbox 1713 1270 1792 1324; x_wconf 89' lang='lat' dir='ltr'><strong>illi</strong></span> <span class='ocrx_word' id='word_1_110' title='bbox 1830 1271 1972 1325; x_wconf 86' lang='lat' dir='ltr'><strong>duce</strong></span> <span class='ocrx_word' id='word_1_111' title='bbox 2001 1283 2102 1324; x_wconf 91' lang='lat' dir='ltr'><strong>suo</strong></span> 
     </span>
    </p>
   </div>
   <div class='ocr_carea' id='block_1_20' title="bbox 503 1361 2104 1434">
    <p class='ocr_par' dir='ltr' id='par_1_20' title="bbox 503 1361 2104 1434">
     <span class='ocr_line' id='line_1_20' title="bbox 503 1361 2104 1434; baseline -0.004 -12"><span class='ocrx_word' id='word_1_112' title='bbox 503 1370 559 1423; x_wconf 89' lang='lat' dir='ltr'><strong>in</strong></span> <span class='ocrx_word' id='word_1_113' title='bbox 592 1368 902 1425; x_wconf 85' lang='lat' dir='ltr'><strong>custodiam</strong></span> <span class='ocrx_word' id='word_1_114' title='bbox 948 1367 1177 1428; x_wconf 89' lang='lat' dir='ltr'><strong>tradito.</strong></span> <span class='ocrx_word' id='word_1_115' title='bbox 1209 1374 1266 1421; x_wconf 92' lang='lat' dir='ltr'><strong>et</strong></span> <span class='ocrx_word' id='word_1_116' title='bbox 1297 1364 1501 1420; x_wconf 80' lang='lat' dir='ltr'><strong>Mosele</strong></span> <span class='ocrx_word' id='word_1_117' title='bbox 1543 1364 1841 1432; x_wconf 75' lang='lat' dir='ltr'><strong>provinciae</strong></span> <span class='ocrx_word' id='word_1_118' title='bbox 1869 1361 2104 1434; x_wconf 69' lang='lat' dir='ltr'><strong>pmside</strong></span> 
     </span>
    </p>
   </div>
   <div class='ocr_carea' id='block_1_21' title="bbox 504 1459 2104 1534">
    <p class='ocr_par' dir='ltr' id='par_1_21' title="bbox 504 1459 2104 1534">
     <span class='ocr_line' id='line_1_21' title="bbox 504 1459 2104 1534; baseline -0.004 -16"><span class='ocrx_word' id='word_1_119' title='bbox 504 1463 833 1534; x_wconf 86' lang='lat' dir='ltr'><strong>designato,</strong></span> <span class='ocrx_word' id='word_1_120' title='bbox 894 1462 1073 1518; x_wconf 90' lang='lat' dir='ltr'><strong>solum</strong></span> <span class='ocrx_word' id='word_1_121' title='bbox 1127 1461 1552 1517; x_wconf 84' lang='lat' dir='ltr'><strong>Constantinum</strong></span> <span class='ocrx_word' id='word_1_122' title='bbox 1612 1474 1713 1530; x_wconf 89' lang='lat' dir='ltr'><strong>pro</strong></span> <span class='ocrx_word' id='word_1_123' title='bbox 1769 1459 2104 1528; x_wconf 78' lang='lat' dir='ltr'><strong>imperatore</strong></span> 
     </span>
    </p>
   </div>
   <div class='ocr_carea' id='block_1_22' title="bbox 505 1554 2105 1623">
    <p class='ocr_par' dir='ltr' id='par_1_22' title="bbox 505 1554 2105 1623">
     <span class='ocr_line' id='line_1_22' title="bbox 505 1554 2105 1623; baseline -0.003 -11"><span class='ocrx_word' id='word_1_124' title='bbox 505 1557 880 1613; x_wconf 87' lang='lat' dir='ltr'><strong>celebrarunt.</strong></span> <span class='ocrx_word' id='word_1_125' title='bbox 916 1555 1056 1610; x_wconf 84' lang='lat' dir='ltr'><strong>Hinc</strong></span> <span class='ocrx_word' id='word_1_126' title='bbox 1087 1569 1210 1611; x_wconf 86' lang='lat' dir='ltr'><strong>orto</strong></span> <span class='ocrx_word' id='word_1_127' title='bbox 1257 1555 1436 1622; x_wconf 91' lang='lat' dir='ltr'><strong>initio,</strong></span> <span class='ocrx_word' id='word_1_128' title='bbox 1482 1555 1654 1610; x_wconf 85' lang='lat' dir='ltr'><strong>etiam</strong></span> <span class='ocrx_word' id='word_1_129' title='bbox 1706 1554 1938 1609; x_wconf 90' lang='lat' dir='ltr'><strong>aliarum</strong></span> <span class='ocrx_word' id='word_1_130' title='bbox 1976 1568 2105 1623; x_wconf 90' lang='lat' dir='ltr'><strong>pro-</strong></span> 
     </span>
    </p>
   </div>
   <div class='ocr_carea' id='block_1_23' title="bbox 504 1648 2102 1720">
    <p class='ocr_par' dir='ltr' id='par_1_23' title="bbox 504 1648 2102 1720">
     <span class='ocr_line' id='line_1_23' title="bbox 504 1648 2102 1720; baseline -0.003 -15"><span class='ocrx_word' id='word_1_131' title='bbox 504 1651 814 1707; x_wconf 90' lang='lat' dir='ltr'><strong>vinciarum</strong></span> <span class='ocrx_word' id='word_1_132' title='bbox 862 1651 1140 1706; x_wconf 73' lang='lat' dir='ltr'><strong>exercitus</strong></span> <span class='ocrx_word' id='word_1_133' title='bbox 1191 1651 1336 1706; x_wconf 91' lang='lat' dir='ltr'><strong>idem</strong></span> <span class='ocrx_word' id='word_1_134' title='bbox 1390 1649 1659 1715; x_wconf 82' lang='lat' dir='ltr'><strong>fecerunt,</strong></span> <span class='ocrx_word' id='word_1_135' title='bbox 1691 1660 1748 1705; x_wconf 94' lang='lat' dir='ltr'><strong>et</strong></span> <span class='ocrx_word' id='word_1_136' title='bbox 1781 1648 2102 1720; x_wconf 80' lang='lat' dir='ltr'><strong>congregati</strong></span> 
     </span>
    </p>
   </div>
   <div class='ocr_carea' id='block_1_24' title="bbox 506 1741 2106 1816">
    <p class='ocr_par' dir='ltr' id='par_1_24' title="bbox 506 1741 2106 1816">
     <span class='ocr_line' id='line_1_24' title="bbox 506 1741 2106 1816; baseline 0 -20"><span class='ocrx_word' id='word_1_137' title='bbox 506 1744 880 1799; x_wconf 88' lang='lat' dir='ltr'><strong>communiter</strong></span> <span class='ocrx_word' id='word_1_138' title='bbox 908 1759 1035 1800; x_wconf 86' lang='lat' dir='ltr'><strong>eum</strong></span> <span class='ocrx_word' id='word_1_139' title='bbox 1067 1745 1504 1815; x_wconf 86' lang='lat' dir='ltr'><strong>proclamarunt.</strong></span> <span class='ocrx_word' id='word_1_140' title='bbox 1543 1743 1716 1816; x_wconf 89' lang='lat' dir='ltr'><strong>Igitur</strong></span> <span class='ocrx_word' id='word_1_141' title='bbox 1746 1741 1906 1797; x_wconf 91' lang='lat' dir='ltr'><strong>lrene</strong></span> <span class='ocrx_word' id='word_1_142' title='bbox 1936 1742 2106 1812; x_wconf 88' lang='lat' dir='ltr'><strong>legio-</strong></span> 
     </span>
    </p>
   </div>
   <div class='ocr_carea' id='block_1_25' title="bbox 2199 992 3796 1068">
    <p class='ocr_par' dir='ltr' id='par_1_25' title="bbox 2199 992 3796 1068">
     <span class='ocr_line' id='line_1_25' title="bbox 2199 992 3796 1068; baseline -0.004 -17"><span class='ocrx_word' id='word_1_143' title='bbox 2199 998 2404 1068; x_wconf 79' lang='grc' dir='ltr'>τριχῶν</span> <span class='ocrx_word' id='word_1_144' title='bbox 2448 1001 2480 1067; x_wconf 75' lang='grc' dir='ltr'><strong>ἡ</strong></span> <span class='ocrx_word' id='word_1_145' title='bbox 2523 997 2831 1067; x_wconf 73' lang='grc' dir='ltr'>βασίλισσα,</span> <span class='ocrx_word' id='word_1_146' title='bbox 2863 994 3056 1059; x_wconf 86' lang='grc' dir='ltr'>ἀλλους</span> <span class='ocrx_word' id='word_1_147' title='bbox 3092 993 3226 1065; x_wconf 78' lang='grc' dir='ltr'>ἄλλῃ</span> <span class='ocrx_word' id='word_1_148' title='bbox 3258 993 3508 1064; x_wconf 81' lang='grc' dir='ltr'>ἐξώρισε.</span> <span class='ocrx_word' id='word_1_149' title='bbox 3567 992 3711 1056; x_wconf 72' lang='grc' dir='ltr'><strong>Τοὶις</strong></span> <span class='ocrx_word' id='word_1_150' title='bbox 3744 993 3796 1044; x_wconf 83' lang='grc' dir='ltr'><strong>δέ</strong></span> 
     </span>
    </p>
   </div>
   <div class='ocr_carea' id='block_1_26' title="bbox 2202 1085 3799 1160">
    <p class='ocr_par' dir='ltr' id='par_1_26' title="bbox 2202 1085 3799 1160">
     <span class='ocr_line' id='line_1_26' title="bbox 2202 1085 3799 1160; baseline -0.003 -18"><span class='ocrx_word' id='word_1_151' title='bbox 2202 1091 2268 1144; x_wconf 82' lang='grc' dir='ltr'><strong>ἐκ</strong></span> <span class='ocrx_word' id='word_1_152' title='bbox 2307 1091 2408 1158; x_wconf 86' lang='grc' dir='ltr'><strong>τῆς</strong></span> <span class='ocrx_word' id='word_1_153' title='bbox 2458 1090 2764 1159; x_wconf 74' lang='grc' dir='ltr'><strong>συγκλήτου</strong></span> <span class='ocrx_word' id='word_1_154' title='bbox 2816 1089 3014 1160; x_wconf 71' lang='grc' dir='ltr'>ἀτιμίᾳ</span> <span class='ocrx_word' id='word_1_155' title='bbox 3063 1086 3474 1159; x_wconf 77' lang='grc' dir='ltr'>περιϐαλοῦσα,</span> <span class='ocrx_word' id='word_1_156' title='bbox 3523 1085 3658 1148; x_wconf 73' lang='grc' dir='ltr'>τοὺς</span> <span class='ocrx_word' id='word_1_157' title='bbox 3707 1085 3799 1156; x_wconf 82' lang='grc' dir='ltr'>μὲν</span> 
     </span>
    </p>
   </div>
   <div class='ocr_carea' id='block_1_27' title="bbox 2202 1177 3799 1254">
    <p class='ocr_par' dir='ltr' id='par_1_27' title="bbox 2202 1177 3799 1254">
     <span class='ocr_line' id='line_1_27' title="bbox 2202 1177 3799 1254; baseline -0.002 -21"><span class='ocrx_word' id='word_1_158' title='bbox 2202 1183 2502 1254; x_wconf 82' lang='grc' dir='ltr'>ἀπροῒτους</span> <span class='ocrx_word' id='word_1_159' title='bbox 2527 1183 2634 1235; x_wconf 88' lang='grc' dir='ltr'><strong>τῶν</strong></span> <span class='ocrx_word' id='word_1_160' title='bbox 2669 1182 2814 1236; x_wconf 79' lang='grc' dir='ltr'>ἰδίων</span> <span class='ocrx_word' id='word_1_161' title='bbox 2846 1183 3011 1235; x_wconf 83' lang='grc' dir='ltr'>οῖκων</span> <span class='ocrx_word' id='word_1_162' title='bbox 3054 1177 3196 1233; x_wconf 81' lang='grc' dir='ltr'>εἶναι</span> <span class='ocrx_word' id='word_1_163' title='bbox 3233 1178 3555 1243; x_wconf 78' lang='grc' dir='ltr'>κεκέλευκε,</span> <span class='ocrx_word' id='word_1_164' title='bbox 3605 1179 3715 1232; x_wconf 87' lang='grc' dir='ltr'><strong>τῶν</strong></span> <span class='ocrx_word' id='word_1_165' title='bbox 3745 1178 3799 1232; x_wconf 83' lang='grc' dir='ltr'>δὲ</span> 
     </span>
    </p>
   </div>
   <div class='ocr_carea' id='block_1_28' title="bbox 2207 1271 3800 1346">
    <p class='ocr_par' dir='ltr' id='par_1_28' title="bbox 2207 1271 3800 1346">
     <span class='ocr_line' id='line_1_28' title="bbox 2207 1271 3800 1346; baseline -0.003 -17"><span class='ocrx_word' id='word_1_166' title='bbox 2207 1278 2305 1329; x_wconf 75' lang='grc' dir='ltr'>καὶ</span> <span class='ocrx_word' id='word_1_167' title='bbox 2362 1275 2666 1346; x_wconf 70' lang='grc' dir='ltr'>ὑπερορίαν</span> <span class='ocrx_word' id='word_1_168' title='bbox 2736 1272 3173 1342; x_wconf 64' lang='grc' dir='ltr'>κατεψηφίσατο.</span> <span class='ocrx_word' id='word_1_169' title='bbox 3225 1273 3390 1326; x_wconf 85' lang='grc' dir='ltr'>Ἀλλὰ</span> <span class='ocrx_word' id='word_1_170' title='bbox 3435 1271 3544 1342; x_wconf 77' lang='grc' dir='ltr'>μὴν</span> <span class='ocrx_word' id='word_1_171' title='bbox 3581 1273 3678 1326; x_wconf 80' lang='grc' dir='ltr'>καὶ</span> <span class='ocrx_word' id='word_1_172' title='bbox 3715 1273 3800 1325; x_wconf 64' lang='grc' dir='ltr'>τὶν</span> 
     </span>
    </p>
   </div>
   <div class='ocr_carea' id='block_1_29' title="bbox 2208 1365 3802 1439">
    <p class='ocr_par' dir='ltr' id='par_1_29' title="bbox 2208 1365 3802 1439">
     <span class='ocr_line' id='line_1_29' title="bbox 2208 1365 3802 1439; baseline -0.004 -17"><span class='ocrx_word' id='word_1_173' title='bbox 2208 1368 2328 1423; x_wconf 81' lang='grc' dir='ltr'>υἰδν</span> <span class='ocrx_word' id='word_1_174' title='bbox 2376 1367 2712 1439; x_wconf 83' lang='grc' dir='ltr'>αἰκισαμένη</span> <span class='ocrx_word' id='word_1_175' title='bbox 2761 1367 2860 1420; x_wconf 77' lang='grc' dir='ltr'>καὶ</span> <span class='ocrx_word' id='word_1_176' title='bbox 2905 1365 3366 1437; x_wconf 82' lang='grc' dir='ltr'>λοιδορησαμένη,</span> <span class='ocrx_word' id='word_1_177' title='bbox 3413 1365 3670 1434; x_wconf 75' lang='grc' dir='ltr'><strong>προϊέναι</strong></span> <span class='ocrx_word' id='word_1_178' title='bbox 3713 1365 3802 1418; x_wconf 75' lang='grc' dir='ltr'>καὶ</span> 
     </span>
    </p>
   </div>
   <div class='ocr_carea' id='block_1_30' title="bbox 2204 1441 3802 1532">
    <p class='ocr_par' dir='ltr' id='par_1_30' title="bbox 2204 1441 3802 1532">
     <span class='ocr_line' id='line_1_30' title="bbox 2204 1441 3802 1532; baseline -0.006 -17"><span class='ocrx_word' id='word_1_179' title='bbox 2204 1461 2552 1532; x_wconf 76' lang='grc' dir='ltr'>δημοσιεύειν</span> <span class='ocrx_word' id='word_1_180' title='bbox 2593 1459 2902 1513; x_wconf 80' lang='grc' dir='ltr'><strong>κεκώλυκε.</strong></span> <span class='ocrx_word' id='word_1_181' title='bbox 2936 1457 3020 1510; x_wconf 74' lang='grc' dir='ltr'>Τὰ</span> <span class='ocrx_word' id='word_1_182' title='bbox 3053 1457 3109 1510; x_wconf 82' lang='grc' dir='ltr'>δὲ</span> <span class='ocrx_word' id='word_1_183' title='bbox 3157 1455 3556 1526; x_wconf 77' lang='grc' dir='ltr'>στρατεύματα</span> <span class='ocrx_word' id='word_1_184' title='bbox 3581 1441 3802 1525; x_wconf 71' lang='grc' dir='ltr'>ἀμνύειν</span> 
     </span>
    </p>
   </div>
   <div class='ocr_carea' id='block_1_31' title="bbox 2206 1549 3802 1626">
    <p class='ocr_par' dir='ltr' id='par_1_31' title="bbox 2206 1549 3802 1626">
     <span class='ocr_line' id='line_1_31' title="bbox 2206 1549 3802 1626; baseline -0.004 -18"><span class='ocrx_word' id='word_1_185' title='bbox 2206 1555 2509 1625; x_wconf 70' lang='grc' dir='ltr'>ἠνάγκαζε,</span> <span class='ocrx_word' id='word_1_186' title='bbox 2536 1553 2611 1626; x_wconf 80' lang='grc' dir='ltr'>μὴ</span> <span class='ocrx_word' id='word_1_187' title='bbox 2631 1551 2992 1618; x_wconf 80' lang='grc' dir='ltr'>δέξασθαιτὸν</span> <span class='ocrx_word' id='word_1_188' title='bbox 3022 1551 3139 1604; x_wconf 72' lang='grc' dir='ltr'>υἱὸν</span> <span class='ocrx_word' id='word_1_189' title='bbox 3167 1551 3338 1620; x_wconf 82' lang='grc' dir='ltr'>αὐτῆς</span> <span class='ocrx_word' id='word_1_190' title='bbox 3361 1551 3442 1612; x_wconf 90' lang='grc' dir='ltr'><strong>εἰς</strong></span> <span class='ocrx_word' id='word_1_191' title='bbox 3465 1549 3802 1620; x_wconf 80' lang='grc' dir='ltr'>αὑταρχίαν,</span> 
     </span>
    </p>
   </div>
   <div class='ocr_carea' id='block_1_32' title="bbox 2207 1639 3802 1718">
    <p class='ocr_par' dir='ltr' id='par_1_32' title="bbox 2207 1639 3802 1718">
     <span class='ocr_line' id='line_1_32' title="bbox 2207 1639 3802 1718; baseline -0.004 -17"><span class='ocrx_word' id='word_1_192' title='bbox 2207 1647 2388 1718; x_wconf 81' lang='grc' dir='ltr'>ζώσης</span> <span class='ocrx_word' id='word_1_193' title='bbox 2427 1647 2620 1714; x_wconf 83' lang='grc' dir='ltr'>αὐτῆς.</span> <span class='ocrx_word' id='word_1_194' title='bbox 2646 1645 2756 1698; x_wconf 74' lang='grc' dir='ltr'><strong>Καὶ</strong></span> <span class='ocrx_word' id='word_1_195' title='bbox 2787 1645 2838 1698; x_wconf 81' lang='grc' dir='ltr'>οἱ</span> <span class='ocrx_word' id='word_1_196' title='bbox 2869 1643 2968 1715; x_wconf 82' lang='grc' dir='ltr'>μὲν</span> <span class='ocrx_word' id='word_1_197' title='bbox 2996 1642 3146 1697; x_wconf 82' lang='grc' dir='ltr'>ἄλλοι</span> <span class='ocrx_word' id='word_1_198' title='bbox 3180 1642 3274 1696; x_wconf 64' lang='grc' dir='ltr'>καὶ</span> <span class='ocrx_word' id='word_1_199' title='bbox 3306 1641 3539 1704; x_wconf 81' lang='grc' dir='ltr'>ἄκοντες</span> <span class='ocrx_word' id='word_1_200' title='bbox 3563 1639 3802 1712; x_wconf 76' lang='grc' dir='ltr'>ὤμνυον.</span> 
     </span>
    </p>
   </div>
   <div class='ocr_carea' id='block_1_33' title="bbox 2209 1727 3803 1806">
    <p class='ocr_par' dir='ltr' id='par_1_33' title="bbox 2209 1727 3803 1806">
     <span class='ocr_line' id='line_1_33' title="bbox 2209 1727 3803 1806; baseline -0.006 -14"><span class='ocrx_word' id='word_1_201' title='bbox 2209 1741 2273 1792; x_wconf 85' lang='grc' dir='ltr'><strong>Οἱ</strong></span> <span class='ocrx_word' id='word_1_202' title='bbox 2301 1739 2361 1792; x_wconf 80' lang='grc' dir='ltr'>δὲ</span> <span class='ocrx_word' id='word_1_203' title='bbox 2402 1737 2498 1790; x_wconf 81' lang='grc' dir='ltr'><strong>τοῦ</strong></span> <span class='ocrx_word' id='word_1_204' title='bbox 2543 1737 2780 1806; x_wconf 87' lang='grc' dir='ltr'>θέματος</span> <span class='ocrx_word' id='word_1_205' title='bbox 2810 1735 2918 1788; x_wconf 89' lang='grc' dir='ltr'><strong>τῶν</strong></span> <span class='ocrx_word' id='word_1_206' title='bbox 2951 1731 3330 1805; x_wconf 72' lang='grc' dir='ltr'>Ἀρμενιακῶν</span> <span class='ocrx_word' id='word_1_207' title='bbox 3361 1731 3460 1800; x_wconf 84' lang='grc' dir='ltr'><strong>οὐχ</strong></span> <span class='ocrx_word' id='word_1_208' title='bbox 3493 1727 3803 1799; x_wconf 80' lang='grc' dir='ltr'>ὑπέκυψαν,</span> 
     </span>
    </p>
   </div>
   <div class='ocr_carea' id='block_1_34' title="bbox 505 1808 2108 1906">
    <p class='ocr_par' dir='ltr' id='par_1_34' title="bbox 505 1808 2105 1906">
     <span class='ocr_line' id='line_1_34' title="bbox 505 1808 2105 1906; baseline 0.001 -20"><span class='ocrx_word' id='word_1_209' title='bbox 505 1849 639 1889; x_wconf 90' lang='lat' dir='ltr'><strong>num</strong></span> <span class='ocrx_word' id='word_1_210' title='bbox 683 1836 1036 1891; x_wconf 86' lang='lat' dir='ltr'><strong>concordiam</strong></span> <span class='ocrx_word' id='word_1_211' title='bbox 1067 1808 1285 1902; x_wconf 49' lang='lat' dir='ltr'><strong>-verita,</strong></span> <span class='ocrx_word' id='word_1_212' title='bbox 1323 1836 1493 1890; x_wconf 85' lang='lat' dir='ltr'><strong>lilium</strong></span> <span class='ocrx_word' id='word_1_213' title='bbox 1542 1808 1829 1906; x_wconf 61' lang='lat' dir='ltr'><strong>produxit.</strong></span> <span class='ocrx_word' id='word_1_214' title='bbox 1861 1835 1912 1889; x_wconf 89' lang='lat' dir='ltr'><strong>Is</strong></span> <span class='ocrx_word' id='word_1_215' title='bbox 1941 1808 2105 1890; x_wconf 63' lang='grc' dir='ltr'>διέω-</span> 
     </span>
    </p>
   </div>
   <div class='ocr_carea' id='block_1_35' title="bbox 2215 1808 3803 1906">
    <p class='ocr_par' dir='ltr' id='par_1_35' title="bbox 2215 1818 3803 1906">
     <span class='ocr_line' id='line_1_35' title="bbox 2215 1818 3803 1906; baseline -0.006 -22"><span class='ocrx_word' id='word_1_216' title='bbox 2215 1829 2344 1884; x_wconf 66' lang='lat' dir='ltr'><strong>me:</strong></span> <span class='ocrx_word' id='word_1_217' title='bbox 2366 1828 2459 1882; x_wconf 84' lang='grc' dir='ltr'>καὶ</span> <span class='ocrx_word' id='word_1_218' title='bbox 2484 1825 2716 1906; x_wconf 73' lang='grc' dir='ltr'>βασιλέα</span> <span class='ocrx_word' id='word_1_219' title='bbox 2740 1823 3034 1894; x_wconf 85' lang='grc' dir='ltr'>γινώσκειν</span> <span class='ocrx_word' id='word_1_220' title='bbox 3059 1818 3218 1876; x_wconf 78' lang='grc' dir='ltr'>εἷπον</span> <span class='ocrx_word' id='word_1_221' title='bbox 3245 1822 3342 1874; x_wconf 81' lang='grc' dir='ltr'>τὸν</span> <span class='ocrx_word' id='word_1_222' title='bbox 3369 1821 3803 1885; x_wconf 66' lang='grc' dir='ltr'>Κωνσταντῖνον,</span> 
     </span>
    </p>
   </div>
   <div class='ocr_carea' id='block_1_36' title="bbox 507 1913 2108 1992">
    <p class='ocr_par' dir='ltr' id='par_1_36' title="bbox 507 1923 2108 1981">
     <span class='ocr_line' id='line_1_36' title="bbox 507 1923 2108 1981; baseline 0.002 -5"><span class='ocrx_word' id='word_1_223' title='bbox 507 1923 717 1977; x_wconf 89' lang='lat' dir='ltr'><strong>racium</strong></span> <span class='ocrx_word' id='word_1_224' title='bbox 732 1932 789 1979; x_wconf 93' lang='lat' dir='ltr'><strong>et</strong></span> <span class='ocrx_word' id='word_1_225' title='bbox 807 1924 1195 1980; x_wconf 84' lang='lat' dir='ltr'><strong>honoratiores</strong></span> <span class='ocrx_word' id='word_1_226' title='bbox 1223 1941 1290 1980; x_wconf 81' lang='lat' dir='ltr'><strong>ex</strong></span> <span class='ocrx_word' id='word_1_227' title='bbox 1317 1924 1586 1981; x_wconf 85' lang='lat' dir='ltr'><strong>maternis</strong></span> <span class='ocrx_word' id='word_1_228' title='bbox 1612 1924 1882 1980; x_wconf 90' lang='lat' dir='ltr'><strong>ministris</strong></span> <span class='ocrx_word' id='word_1_229' title='bbox 1910 1940 2108 1981; x_wconf 83' lang='lat' dir='ltr'><strong>excru-</strong></span> 
     </span>
    </p>
   </div>
   <div class='ocr_carea' id='block_1_37' title="bbox 2215 1913 3807 1992">
    <p class='ocr_par' dir='ltr' id='par_1_37' title="bbox 2215 1913 3807 1992">
     <span class='ocr_line' id='line_1_37' title="bbox 2215 1913 3807 1992; baseline -0.007 -17"><span class='ocrx_word' id='word_1_230' title='bbox 2215 1923 2302 1976; x_wconf 74' lang='grc' dir='ltr'>ιιαὶ</span> <span class='ocrx_word' id='word_1_231' title='bbox 2330 1920 2438 1992; x_wconf 83' lang='grc' dir='ltr'>πρὸ</span> <span class='ocrx_word' id='word_1_232' title='bbox 2465 1921 2568 1988; x_wconf 74' lang='grc' dir='ltr'>τῆς</span> <span class='ocrx_word' id='word_1_233' title='bbox 2614 1917 2819 1989; x_wconf 75' lang='grc' dir='ltr'>μητρὸς</span> <span class='ocrx_word' id='word_1_234' title='bbox 2860 1916 2922 1981; x_wconf 80' lang='grc' dir='ltr'>ἐξ</span> <span class='ocrx_word' id='word_1_235' title='bbox 2969 1915 3148 1987; x_wconf 78' lang='grc' dir='ltr'>ἀρχῆς</span> <span class='ocrx_word' id='word_1_236' title='bbox 3195 1915 3694 1984; x_wconf 85' lang='grc' dir='ltr'>ἀναγορευόμενον,</span> <span class='ocrx_word' id='word_1_237' title='bbox 3719 1913 3807 1966; x_wconf 83' lang='grc' dir='ltr'>καὶ</span> 
     </span>
    </p>
   </div>
   <div class='ocr_carea' id='block_1_38' title="bbox 509 2008 2108 2088">
    <p class='ocr_par' dir='ltr' id='par_1_38' title="bbox 509 2016 2108 2088">
     <span class='ocr_line' id='line_1_38' title="bbox 509 2016 2108 2088; baseline 0.003 -19"><span class='ocrx_word' id='word_1_238' title='bbox 509 2016 684 2070; x_wconf 87' lang='lat' dir='ltr'><strong>ciatos</strong></span> <span class='ocrx_word' id='word_1_239' title='bbox 722 2017 909 2072; x_wconf 89' lang='lat' dir='ltr'><strong>statim</strong></span> <span class='ocrx_word' id='word_1_240' title='bbox 960 2017 1226 2088; x_wconf 79' lang='lat' dir='ltr'><strong>relegavit</strong></span> <span class='ocrx_word' id='word_1_241' title='bbox 1255 2034 1269 2070; x_wconf 92' lang='lat'><strong>:</strong></span> <span class='ocrx_word' id='word_1_242' title='bbox 1305 2017 1480 2088; x_wconf 87' lang='lat' dir='ltr'><strong>ipsam</strong></span> <span class='ocrx_word' id='word_1_243' title='bbox 1512 2032 1648 2074; x_wconf 88' lang='lat' dir='ltr'><strong>vero</strong></span> <span class='ocrx_word' id='word_1_244' title='bbox 1697 2027 1930 2075; x_wconf 90' lang='lat' dir='ltr'><strong>matrem</strong></span> <span class='ocrx_word' id='word_1_245' title='bbox 1960 2023 2108 2086; x_wconf 82' lang='lat' dir='ltr'><strong>regia</strong></span> 
     </span>
    </p>
   </div>
   <div class='ocr_carea' id='block_1_39' title="bbox 2215 2008 3806 2088">
    <p class='ocr_par' dir='ltr' id='par_1_39' title="bbox 2215 2008 3806 2082">
     <span class='ocr_line' id='line_1_39' title="bbox 2215 2008 3806 2082; baseline -0.005 -12"><span class='ocrx_word' id='word_1_246' title='bbox 2215 2015 2382 2082; x_wconf 76' lang='grc' dir='ltr'>οὕτως</span> <span class='ocrx_word' id='word_1_247' title='bbox 2429 2009 2588 2079; x_wconf 82' lang='grc' dir='ltr'>αὖθις</span> <span class='ocrx_word' id='word_1_248' title='bbox 2635 2013 2801 2068; x_wconf 71' lang='grc' dir='ltr'>αὐτὸν</span> <span class='ocrx_word' id='word_1_249' title='bbox 2852 2011 3044 2082; x_wconf 73' lang='grc' dir='ltr'>ἤθελον</span> <span class='ocrx_word' id='word_1_250' title='bbox 3089 2009 3480 2080; x_wconf 72' lang='grc' dir='ltr'>εύφημεῖσθαι.</span> <span class='ocrx_word' id='word_1_251' title='bbox 3535 2008 3724 2062; x_wconf 73' lang='grc' dir='ltr'>Ταῦτα</span> <span class='ocrx_word' id='word_1_252' title='bbox 3776 2009 3806 2078; x_wconf 79' lang='grc' dir='ltr'><strong>ἠ</strong></span> 
     </span>
    </p>
   </div>
   <div class='ocr_carea' id='block_1_40' title="bbox 508 2101 2108 2182">
    <p class='ocr_par' dir='ltr' id='par_1_40' title="bbox 508 2107 2108 2182">
     <span class='ocr_line' id='line_1_40' title="bbox 508 2107 2108 2182; baseline 0.005 -23"><span class='ocrx_word' id='word_1_253' title='bbox 508 2107 814 2164; x_wconf 82' lang='lat' dir='ltr'><strong>honoriﬁce</strong></span> <span class='ocrx_word' id='word_1_254' title='bbox 868 2108 1148 2170; x_wconf 86' lang='lat' dir='ltr'><strong>eductam.</strong></span> <span class='ocrx_word' id='word_1_255' title='bbox 1207 2109 1261 2163; x_wconf 94' lang='lat' dir='ltr'><strong>in</strong></span> <span class='ocrx_word' id='word_1_256' title='bbox 1314 2108 1492 2180; x_wconf 87' lang='lat' dir='ltr'><strong>ipsius</strong></span> <span class='ocrx_word' id='word_1_257' title='bbox 1543 2110 1800 2178; x_wconf 75' lang='lat' dir='ltr'><strong>:edihus,</strong></span> <span class='ocrx_word' id='word_1_258' title='bbox 1863 2127 2003 2182; x_wconf 88' lang='lat' dir='ltr'><strong>quas</strong></span> <span class='ocrx_word' id='word_1_259' title='bbox 2053 2112 2108 2168; x_wconf 91' lang='lat' dir='ltr'><strong>in</strong></span> 
     </span>
    </p>
   </div>
   <div class='ocr_carea' id='block_1_41' title="bbox 2215 2101 3802 2182">
    <p class='ocr_par' dir='ltr' id='par_1_41' title="bbox 2215 2101 3802 2182">
     <span class='ocr_line' id='line_1_41' title="bbox 2215 2101 3802 2182; baseline -0.006 -18"><span class='ocrx_word' id='word_1_260' title='bbox 2215 2111 2416 2182; x_wconf 79' lang='grc' dir='ltr'>Εἰρήνη</span> <span class='ocrx_word' id='word_1_261' title='bbox 2447 2108 2700 2180; x_wconf 79' lang='grc' dir='ltr'>μαθοῦσα</span> <span class='ocrx_word' id='word_1_262' title='bbox 2742 2104 2952 2160; x_wconf 73' lang='grc' dir='ltr'>ἔστειλε</span> <span class='ocrx_word' id='word_1_263' title='bbox 2979 2104 3071 2158; x_wconf 71' lang='grc' dir='ltr'><strong>τὸν</strong></span> <span class='ocrx_word' id='word_1_264' title='bbox 3101 2105 3408 2174; x_wconf 83' lang='grc' dir='ltr'>σπαθάριον</span> <span class='ocrx_word' id='word_1_265' title='bbox 3453 2103 3695 2168; x_wconf 82' lang='grc' dir='ltr'>Ἀλέξιον</span> <span class='ocrx_word' id='word_1_266' title='bbox 3720 2101 3802 2154; x_wconf 66' lang='grc' dir='ltr'>καὶ</span> 
     </span>
    </p>
   </div>
   <div class='ocr_carea' id='block_1_42' title="bbox 512 2198 2108 2276">
    <p class='ocr_par' dir='ltr' id='par_1_42' title="bbox 512 2199 2017 2276">
     <span class='ocr_line' id='line_1_42' title="bbox 512 2199 2017 2276; baseline 0.004 -24"><span class='ocrx_word' id='word_1_267' title='bbox 512 2199 820 2256; x_wconf 83' lang='lat' dir='ltr'><strong>Eleutherii</strong></span> <span class='ocrx_word' id='word_1_268' title='bbox 856 2209 1036 2256; x_wconf 86' lang='lat' dir='ltr'><strong>tractu</strong></span> <span class='ocrx_word' id='word_1_269' title='bbox 1071 2209 1370 2264; x_wconf 82' lang='lat' dir='ltr'><strong>struxerat,</strong></span> <span class='ocrx_word' id='word_1_270' title='bbox 1399 2201 1570 2257; x_wconf 89' lang='lat' dir='ltr'><strong>vitam</strong></span> <span class='ocrx_word' id='word_1_271' title='bbox 1602 2203 1804 2274; x_wconf 78' lang='lat' dir='ltr'><strong>degere</strong></span> <span class='ocrx_word' id='word_1_272' title='bbox 1834 2204 2017 2276; x_wconf 86' lang='lat' dir='ltr'><strong>jussit.</strong></span> 
     </span>
    </p>
   </div>
   <div class='ocr_carea' id='block_1_43' title="bbox 2215 2198 3806 2276">
    <p class='ocr_par' dir='ltr' id='par_1_43' title="bbox 2215 2198 3806 2276">
     <span class='ocr_line' id='line_1_43' title="bbox 2215 2198 3806 2276; baseline -0.004 -19"><span class='ocrx_word' id='word_1_273' title='bbox 2215 2203 2573 2276; x_wconf 84' lang='grc' dir='ltr'>δρουγγάριον</span> <span class='ocrx_word' id='word_1_274' title='bbox 2609 2201 2708 2270; x_wconf 87' lang='grc' dir='ltr'>τῆς</span> <span class='ocrx_word' id='word_1_275' title='bbox 2741 2198 2942 2268; x_wconf 85' lang='grc' dir='ltr'>Βίγλας</span> <span class='ocrx_word' id='word_1_276' title='bbox 2972 2198 3068 2252; x_wconf 74' lang='grc' dir='ltr'><strong>τὸν</strong></span> <span class='ocrx_word' id='word_1_277' title='bbox 3107 2200 3368 2272; x_wconf 86' lang='grc' dir='ltr'>Μωσηλέ,</span> <span class='ocrx_word' id='word_1_278' title='bbox 3404 2201 3473 2255; x_wconf 81' lang='grc' dir='ltr'><strong>ἶν’</strong></span> <span class='ocrx_word' id='word_1_279' title='bbox 3505 2199 3708 2263; x_wconf 78' lang='grc' dir='ltr'>αὐτοὺς</span> <span class='ocrx_word' id='word_1_280' title='bbox 3733 2199 3806 2258; x_wconf 83' lang='grc' dir='ltr'><strong>εἰς</strong></span> 
     </span>
    </p>
   </div>
   <div class='ocr_carea' id='block_1_44' title="bbox 509 2293 3801 2368">
    <p class='ocr_par' dir='ltr' id='par_1_44' title="bbox 509 2293 3801 2368">
     <span class='ocr_line' id='line_1_44' title="bbox 509 2293 3801 2368; baseline -0.001 -22"><span class='ocrx_word' id='word_1_281' title='bbox 509 2297 569 2346; x_wconf 63' lang='grc' dir='ltr'>τὸ</span> <span class='ocrx_word' id='word_1_282' title='bbox 601 2294 774 2364; x_wconf 79' lang='grc' dir='ltr'>αὐτῆς</span> <span class='ocrx_word' id='word_1_283' title='bbox 807 2294 1110 2365; x_wconf 74' lang='grc' dir='ltr'>μετάθητιιι</span> <span class='ocrx_word' id='word_1_284' title='bbox 1139 2295 1376 2366; x_wconf 83' lang='grc' dir='ltr'>θέλημα.</span> <span class='ocrx_word' id='word_1_285' title='bbox 1405 2299 1468 2350; x_wconf 89' lang='grc' dir='ltr'><strong>Οἰ</strong></span> <span class='ocrx_word' id='word_1_286' title='bbox 1495 2297 1553 2350; x_wconf 83' lang='grc' dir='ltr'>δὲ</span> <span class='ocrx_word' id='word_1_287' title='bbox 1586 2297 1680 2350; x_wconf 72' lang='grc' dir='ltr'>τὸν</span> <span class='ocrx_word' id='word_1_288' title='bbox 1703 2297 1802 2366; x_wconf 83' lang='grc' dir='ltr'>μὲν</span> <span class='ocrx_word' id='word_1_289' title='bbox 1836 2298 2146 2368; x_wconf 81' lang='grc' dir='ltr'>στρατηγὸν</span> <span class='ocrx_word' id='word_1_290' title='bbox 2169 2297 2385 2353; x_wconf 78' lang='grc' dir='ltr'>ἑαυτῶν</span> <span class='ocrx_word' id='word_1_291' title='bbox 2415 2296 2676 2365; x_wconf 81' lang='grc' dir='ltr'>συνέσχον</span> <span class='ocrx_word' id='word_1_292' title='bbox 2695 2295 2800 2348; x_wconf 80' lang='grc' dir='ltr'><strong>ὑπὸ</strong></span> <span class='ocrx_word' id='word_1_293' title='bbox 2817 2297 3082 2366; x_wconf 82' lang='grc' dir='ltr'>φρουρὰν,</span> <span class='ocrx_word' id='word_1_294' title='bbox 3106 2295 3199 2348; x_wconf 72' lang='grc' dir='ltr'><strong>τὸν</strong></span> <span class='ocrx_word' id='word_1_295' title='bbox 3227 2293 3286 2348; x_wconf 86' lang='grc' dir='ltr'><strong>δέ</strong></span> <span class='ocrx_word' id='word_1_296' title='bbox 3303 2294 3547 2365; x_wconf 80' lang='grc' dir='ltr'>Μωσηλέ</span> <span class='ocrx_word' id='word_1_297' title='bbox 3570 2293 3801 2365; x_wconf 77' lang='grc' dir='ltr'>ἄρχοντα</span> 
     </span>
    </p>
   </div>
   <div class='ocr_carea' id='block_1_45' title="bbox 510 2388 3802 2466">
    <p class='ocr_par' dir='ltr' id='par_1_45' title="bbox 510 2388 3802 2466">
     <span class='ocr_line' id='line_1_45' title="bbox 510 2388 3802 2466; baseline -0.001 -24"><span class='ocrx_word' id='word_1_298' title='bbox 510 2389 607 2442; x_wconf 82' lang='grc' dir='ltr'>τοῦ</span> <span class='ocrx_word' id='word_1_299' title='bbox 633 2390 870 2460; x_wconf 79' lang='grc' dir='ltr'>θέματος</span> <span class='ocrx_word' id='word_1_300' title='bbox 893 2391 1124 2457; x_wconf 75' lang='grc' dir='ltr'>εἴλοντο,</span> <span class='ocrx_word' id='word_1_301' title='bbox 1147 2394 1237 2446; x_wconf 83' lang='grc' dir='ltr'><strong>καί</strong></span> <span class='ocrx_word' id='word_1_302' title='bbox 1261 2393 1423 2464; x_wconf 90' lang='grc' dir='ltr'>μόνον</span> <span class='ocrx_word' id='word_1_303' title='bbox 1445 2393 1538 2446; x_wconf 69' lang='grc' dir='ltr'><strong>τὸν</strong></span> <span class='ocrx_word' id='word_1_304' title='bbox 1569 2396 1984 2448; x_wconf 72' lang='grc' dir='ltr'>Κώνσταντῖνον</span> <span class='ocrx_word' id='word_1_305' title='bbox 2011 2395 2350 2466; x_wconf 74' lang='grc' dir='ltr'>εὐφήμησαν</span> <span class='ocrx_word' id='word_1_306' title='bbox 2380 2390 3094 2463; x_wconf 79' lang='grc' dir='ltr'>αύτοκράτορα.Ἐντεῦθεν</span> <span class='ocrx_word' id='word_1_307' title='bbox 3117 2389 3466 2460; x_wconf 74' lang='grc' dir='ltr'>ὁρμηθέντες</span> <span class='ocrx_word' id='word_1_308' title='bbox 3490 2393 3594 2445; x_wconf 69' lang='grc' dir='ltr'><strong>καὶ</strong></span> <span class='ocrx_word' id='word_1_309' title='bbox 3624 2391 3674 2443; x_wconf 88' lang='lat' dir='ltr'><strong>oi.</strong></span> <span class='ocrx_word' id='word_1_310' title='bbox 3701 2388 3802 2441; x_wconf 81' lang='grc' dir='ltr'><strong>τῶν</strong></span> 
     </span>
    </p>
   </div>
   <div class='ocr_carea' id='block_1_46' title="bbox 509 2482 3803 2558">
    <p class='ocr_par' dir='ltr' id='par_1_46' title="bbox 509 2482 3803 2558">
     <span class='ocr_line' id='line_1_46' title="bbox 509 2482 3803 2558; baseline 0 -23"><span class='ocrx_word' id='word_1_311' title='bbox 509 2482 691 2536; x_wconf 83' lang='grc' dir='ltr'>ἄλλων</span> <span class='ocrx_word' id='word_1_312' title='bbox 713 2484 968 2554; x_wconf 75' lang='grc' dir='ltr'>θεμάτων</span> <span class='ocrx_word' id='word_1_313' title='bbox 990 2484 1154 2554; x_wconf 82' lang='grc' dir='ltr'>μόνον</span> <span class='ocrx_word' id='word_1_314' title='bbox 1180 2486 1270 2538; x_wconf 77' lang='grc' dir='ltr'>τὸν</span> <span class='ocrx_word' id='word_1_315' title='bbox 1298 2487 1715 2540; x_wconf 77' lang='grc' dir='ltr'>Κωνσιαντῖνον</span> <span class='ocrx_word' id='word_1_316' title='bbox 1740 2488 2077 2558; x_wconf 80' lang='grc' dir='ltr'>ἀνηγόρευον</span> <span class='ocrx_word' id='word_1_317' title='bbox 2101 2487 2354 2558; x_wconf 76' lang='grc' dir='ltr'>βασιλέα,</span> <span class='ocrx_word' id='word_1_318' title='bbox 2377 2486 2471 2540; x_wconf 80' lang='grc' dir='ltr'>καὶ</span> <span class='ocrx_word' id='word_1_319' title='bbox 2491 2483 2876 2557; x_wconf 81' lang='grc' dir='ltr'>ἀθροισθέντες</span> <span class='ocrx_word' id='word_1_320' title='bbox 2897 2486 3052 2554; x_wconf 82' lang='grc' dir='ltr'>κοινῇ</span> <span class='ocrx_word' id='word_1_321' title='bbox 3077 2485 3286 2537; x_wconf 85' lang='grc' dir='ltr'>ἐκεῖνον</span> <span class='ocrx_word' id='word_1_322' title='bbox 3318 2483 3481 2554; x_wconf 88' lang='grc' dir='ltr'>μόνον</span> <span class='ocrx_word' id='word_1_323' title='bbox 3502 2483 3803 2555; x_wconf 80' lang='grc' dir='ltr'>ἀνεκήρυτ-</span> 
     </span>
    </p>
   </div>
   <div class='ocr_carea' id='block_1_47' title="bbox 511 2564 3804 2654">
    <p class='ocr_par' dir='ltr' id='par_1_47' title="bbox 511 2564 3804 2654">
     <span class='ocr_line' id='line_1_47' title="bbox 511 2564 3804 2654; baseline 0.001 -24"><span class='ocrx_word' id='word_1_324' title='bbox 511 2595 606 2631; x_wconf 89' lang='grc' dir='ltr'><strong>τον</strong></span> <span class='ocrx_word' id='word_1_325' title='bbox 628 2577 795 2631; x_wconf 79' lang='grc' dir='ltr'>αύτοκ</span> <span class='ocrx_word' id='word_1_326' title='bbox 808 2578 1035 2648; x_wconf 80' lang='grc' dir='ltr'>ράτορα.</span> <span class='ocrx_word' id='word_1_327' title='bbox 1062 2582 1302 2635; x_wconf 81' lang='grc' dir='ltr'>Δείσασα</span> <span class='ocrx_word' id='word_1_328' title='bbox 1326 2582 1383 2636; x_wconf 80' lang='grc' dir='ltr'><strong>δέ</strong></span> <span class='ocrx_word' id='word_1_329' title='bbox 1412 2584 1511 2653; x_wconf 82' lang='grc' dir='ltr'>τὴν</span> <span class='ocrx_word' id='word_1_330' title='bbox 1535 2583 1645 2636; x_wconf 90' lang='grc' dir='ltr'><strong>τῶν</strong></span> <span class='ocrx_word' id='word_1_331' title='bbox 1669 2582 1973 2652; x_wconf 83' lang='grc' dir='ltr'>ταγμάτων</span> <span class='ocrx_word' id='word_1_332' title='bbox 1997 2583 2254 2650; x_wconf 82' lang='grc' dir='ltr'>ὁμόνοιαν</span> <span class='ocrx_word' id='word_1_333' title='bbox 2281 2585 2312 2654; x_wconf 79' lang='grc' dir='ltr'>ἡ</span> <span class='ocrx_word' id='word_1_334' title='bbox 2338 2564 2544 2654; x_wconf 56' lang='grc' dir='ltr'>Εἰρήνη</span> <span class='ocrx_word' id='word_1_335' title='bbox 2571 2581 2878 2652; x_wconf 83' lang='grc' dir='ltr'>προήνεγκε</span> <span class='ocrx_word' id='word_1_336' title='bbox 2895 2579 2988 2633; x_wconf 80' lang='grc' dir='ltr'>τὸν</span> <span class='ocrx_word' id='word_1_337' title='bbox 3011 2579 3146 2635; x_wconf 86' lang='grc' dir='ltr'>υἰόν.</span> <span class='ocrx_word' id='word_1_338' title='bbox 3165 2579 3226 2633; x_wconf 81' lang='grc' dir='ltr'>Ὀ</span> <span class='ocrx_word' id='word_1_339' title='bbox 3248 2579 3305 2633; x_wconf 84' lang='grc' dir='ltr'><strong>δέ</strong></span> <span class='ocrx_word' id='word_1_340' title='bbox 3319 2579 3523 2634; x_wconf 82' lang='grc' dir='ltr'>αὐτίκα</span> <span class='ocrx_word' id='word_1_341' title='bbox 3539 2580 3634 2634; x_wconf 70' lang='grc' dir='ltr'>τὸν</span> <span class='ocrx_word' id='word_1_342' title='bbox 3648 2581 3804 2634; x_wconf 87' lang='grc' dir='ltr'>Σταυ-</span> 
     </span>
    </p>
   </div>
   <div class='ocr_carea' id='block_1_48' title="bbox 519 2675 3800 2750">
    <p class='ocr_par' dir='ltr' id='par_1_48' title="bbox 519 2675 3800 2750">
     <span class='ocr_line' id='line_1_48' title="bbox 519 2675 3800 2750; baseline 0 -23"><span class='ocrx_word' id='word_1_343' title='bbox 519 2675 712 2748; x_wconf 85' lang='grc' dir='ltr'>ράκιον</span> <span class='ocrx_word' id='word_1_344' title='bbox 736 2675 1120 2744; x_wconf 73' lang='grc' dir='ltr'>αἰκισάμενος,</span> <span class='ocrx_word' id='word_1_345' title='bbox 1148 2678 1242 2730; x_wconf 77' lang='grc' dir='ltr'>καὶ</span> <span class='ocrx_word' id='word_1_346' title='bbox 1265 2679 1386 2743; x_wconf 75' lang='grc' dir='ltr'>τοὺς</span> <span class='ocrx_word' id='word_1_347' title='bbox 1411 2679 1792 2748; x_wconf 78' lang='grc' dir='ltr'>ἐντιμοτέρους</span> <span class='ocrx_word' id='word_1_348' title='bbox 1816 2678 1926 2731; x_wconf 88' lang='grc' dir='ltr'><strong>τῶν</strong></span> <span class='ocrx_word' id='word_1_349' title='bbox 1949 2679 2298 2750; x_wconf 83' lang='grc' dir='ltr'>θεραπόντων</span> <span class='ocrx_word' id='word_1_350' title='bbox 2322 2679 2431 2732; x_wconf 89' lang='grc' dir='ltr'><strong>τῶν</strong></span> <span class='ocrx_word' id='word_1_351' title='bbox 2465 2676 2750 2749; x_wconf 86' lang='grc' dir='ltr'>μητρικῶν</span> <span class='ocrx_word' id='word_1_352' title='bbox 2770 2675 3118 2746; x_wconf 79' lang='grc' dir='ltr'>ὑπερώρισεν</span> <span class='ocrx_word' id='word_1_353' title='bbox 3135 2691 3148 2705; x_wconf 93' lang='grc'><strong>·</strong></span> <span class='ocrx_word' id='word_1_354' title='bbox 3168 2675 3340 2746; x_wconf 81' lang='grc' dir='ltr'>αὐτὴν</span> <span class='ocrx_word' id='word_1_355' title='bbox 3378 2675 3438 2729; x_wconf 86' lang='grc' dir='ltr'><strong>δέ</strong></span> <span class='ocrx_word' id='word_1_356' title='bbox 3463 2677 3572 2747; x_wconf 80' lang='grc' dir='ltr'>τὴν</span> <span class='ocrx_word' id='word_1_357' title='bbox 3597 2677 3800 2747; x_wconf 80' lang='grc' dir='ltr'>μητέρα</span> 
     </span>
    </p>
   </div>
   <div class='ocr_carea' id='block_1_49' title="bbox 512 2764 3800 2842">
    <p class='ocr_par' dir='ltr' id='par_1_49' title="bbox 512 2764 3800 2842">
     <span class='ocr_line' id='line_1_49' title="bbox 512 2764 3800 2842; baseline 0.001 -22"><span class='ocrx_word' id='word_1_358' title='bbox 512 2767 622 2820; x_wconf 88' lang='grc' dir='ltr'><strong>τῶν</strong></span> <span class='ocrx_word' id='word_1_359' title='bbox 665 2765 954 2836; x_wconf 72' lang='grc' dir='ltr'>βασιλείων</span> <span class='ocrx_word' id='word_1_360' title='bbox 985 2766 1221 2838; x_wconf 79' lang='grc' dir='ltr'>ἐντίμως</span> <span class='ocrx_word' id='word_1_361' title='bbox 1249 2767 1606 2838; x_wconf 87' lang='grc' dir='ltr'>καταγαγὼν,</span> <span class='ocrx_word' id='word_1_362' title='bbox 1641 2772 1722 2834; x_wconf 84' lang='grc' dir='ltr'><strong>εἰς</strong></span> <span class='ocrx_word' id='word_1_363' title='bbox 1752 2770 1844 2822; x_wconf 72' lang='grc' dir='ltr'><strong>τὸν</strong></span> <span class='ocrx_word' id='word_1_364' title='bbox 1881 2764 2035 2826; x_wconf 76' lang='grc' dir='ltr'>οἷκον</span> <span class='ocrx_word' id='word_1_365' title='bbox 2075 2771 2270 2842; x_wconf 83' lang='grc' dir='ltr'>αὐτῆς,</span> <span class='ocrx_word' id='word_1_366' title='bbox 2296 2772 2356 2824; x_wconf 76' lang='grc' dir='ltr'>ὃν</span> <span class='ocrx_word' id='word_1_367' title='bbox 2378 2772 2436 2823; x_wconf 90' lang='grc' dir='ltr'><strong>ἐν</strong></span> <span class='ocrx_word' id='word_1_368' title='bbox 2462 2771 2576 2834; x_wconf 86' lang='grc' dir='ltr'>τοῖς</span> <span class='ocrx_word' id='word_1_369' title='bbox 2598 2767 2948 2830; x_wconf 82' lang='grc' dir='ltr'>Ἐλευθερίου</span> <span class='ocrx_word' id='word_1_370' title='bbox 2983 2767 3262 2837; x_wconf 87' lang='grc' dir='ltr'>ἐδείματο,</span> <span class='ocrx_word' id='word_1_371' title='bbox 3291 2767 3504 2836; x_wconf 81' lang='grc' dir='ltr'>διάγειν</span> <span class='ocrx_word' id='word_1_372' title='bbox 3535 2770 3800 2824; x_wconf 82' lang='grc' dir='ltr'>ἐκέλευσε.</span> 
     </span>
    </p>
   </div>
   <div class='ocr_carea' id='block_1_50' title="bbox 585 2859 2108 2922">
    <p class='ocr_par' dir='ltr' id='par_1_50' title="bbox 585 2859 2108 2922">
     <span class='ocr_line' id='line_1_50' title="bbox 585 2859 2108 2922; baseline 0.001 -4"><span class='ocrx_word' id='word_1_373' title='bbox 585 2861 701 2918; x_wconf 79' lang='grc' dir='ltr'>ΧΠ.</span> <span class='ocrx_word' id='word_1_374' title='bbox 739 2861 807 2916; x_wconf 87' lang='lat' dir='ltr'><strong>Et</strong></span> <span class='ocrx_word' id='word_1_375' title='bbox 857 2861 972 2915; x_wconf 62' lang='lat' dir='ltr'><strong>hac</strong></span> <span class='ocrx_word' id='word_1_376' title='bbox 1015 2859 1090 2916; x_wconf 90' lang='lat' dir='ltr'><strong>ita</strong></span> <span class='ocrx_word' id='word_1_377' title='bbox 1132 2871 1253 2918; x_wconf 90' lang='lat' dir='ltr'><strong>acta</strong></span> <span class='ocrx_word' id='word_1_378' title='bbox 1288 2863 1515 2921; x_wconf 81' lang='lat' dir='ltr'><strong>fuerunt</strong></span> <span class='ocrx_word' id='word_1_379' title='bbox 1555 2882 1570 2919; x_wconf 90' lang='lat'><strong>:</strong></span> <span class='ocrx_word' id='word_1_380' title='bbox 1615 2874 1738 2920; x_wconf 91' lang='lat' dir='ltr'><strong>orto</strong></span> <span class='ocrx_word' id='word_1_381' title='bbox 1783 2874 1968 2922; x_wconf 83' lang='lat' dir='ltr'><strong>autem</strong></span> <span class='ocrx_word' id='word_1_382' title='bbox 2022 2867 2108 2921; x_wconf 85' lang='lat' dir='ltr'><strong>in-</strong></span> 
     </span>
    </p>
   </div>
   <div class='ocr_carea' id='block_1_51' title="bbox 515 2956 2107 3031">
    <p class='ocr_par' dir='ltr' id='par_1_51' title="bbox 515 2956 2107 3031">
     <span class='ocr_line' id='line_1_51' title="bbox 515 2956 2107 3031; baseline 0.003 -20"><span class='ocrx_word' id='word_1_383' title='bbox 515 2956 716 3012; x_wconf 85' lang='lat' dir='ltr'><strong>cendio</strong></span> <span class='ocrx_word' id='word_1_384' title='bbox 781 2972 1039 3028; x_wconf 91' lang='lat' dir='ltr'><strong>magnum</strong></span> <span class='ocrx_word' id='word_1_385' title='bbox 1095 2957 1240 3013; x_wconf 87' lang='lat' dir='ltr'><strong>sacri</strong></span> <span class='ocrx_word' id='word_1_386' title='bbox 1300 2958 1491 3028; x_wconf 88' lang='lat' dir='ltr'><strong>palatii</strong></span> <span class='ocrx_word' id='word_1_387' title='bbox 1555 2957 1896 3026; x_wconf 90' lang='lat' dir='ltr'><strong>triclinium,</strong></span> <span class='ocrx_word' id='word_1_388' title='bbox 1959 2960 2107 3031; x_wconf 92' lang='lat' dir='ltr'><strong>quod</strong></span> 
     </span>
    </p>
   </div>
   <div class='ocr_carea' id='block_1_52' title="bbox 2287 2861 3803 2938">
    <p class='ocr_par' dir='ltr' id='par_1_52' title="bbox 2287 2861 3803 2938">
     <span class='ocr_line' id='line_1_52' title="bbox 2287 2861 3803 2938; baseline -0.01 -15"><span class='ocrx_word' id='word_1_389' title='bbox 2287 2870 2384 2924; x_wconf 87' lang='lat' dir='ltr'><strong>lB&#39;.</strong></span> <span class='ocrx_word' id='word_1_390' title='bbox 2420 2867 2530 2920; x_wconf 75' lang='lat' dir='ltr'><strong>Kal.</strong></span> <span class='ocrx_word' id='word_1_391' title='bbox 2547 2865 2614 2920; x_wconf 84' lang='grc' dir='ltr'>τὰ</span> <span class='ocrx_word' id='word_1_392' title='bbox 2644 2865 2742 2937; x_wconf 80' lang='grc' dir='ltr'>μὲν</span> <span class='ocrx_word' id='word_1_393' title='bbox 2767 2861 2940 2928; x_wconf 80' lang='grc' dir='ltr'>οὕτως</span> <span class='ocrx_word' id='word_1_394' title='bbox 2973 2864 3150 2937; x_wconf 77' lang='grc' dir='ltr'>ἔσχον.</span> <span class='ocrx_word' id='word_1_395' title='bbox 3197 2865 3568 2937; x_wconf 82' lang='grc' dir='ltr'>Ἐμπρησμοῦ</span> <span class='ocrx_word' id='word_1_396' title='bbox 3595 2866 3652 2921; x_wconf 71' lang='grc' dir='ltr'>δὲ</span> <span class='ocrx_word' id='word_1_397' title='bbox 3678 2884 3803 2938; x_wconf 80' lang='grc' dir='ltr'><strong>συμ.</strong></span> 
     </span>
    </p>
   </div>
   <div class='ocr_carea' id='block_1_53' title="bbox 2218 2959 3803 3035">
    <p class='ocr_par' dir='ltr' id='par_1_53' title="bbox 2218 2959 3803 3035">
     <span class='ocr_line' id='line_1_53' title="bbox 2218 2959 3803 3035; baseline -0.001 -20"><span class='ocrx_word' id='word_1_398' title='bbox 2218 2965 2430 3026; x_wconf 69' lang='grc' dir='ltr'>ϐάντος,</span> <span class='ocrx_word' id='word_1_399' title='bbox 2477 2965 2506 3016; x_wconf 84' lang='grc' dir='ltr'>ὁ</span> <span class='ocrx_word' id='word_1_400' title='bbox 2538 2963 2712 3035; x_wconf 84' lang='grc' dir='ltr'>μέγας</span> <span class='ocrx_word' id='word_1_401' title='bbox 2752 2961 3028 3034; x_wconf 84' lang='grc' dir='ltr'>τρίκλινος</span> <span class='ocrx_word' id='word_1_402' title='bbox 3055 2959 3164 3014; x_wconf 89' lang='grc' dir='ltr'><strong>τῶν</strong></span> <span class='ocrx_word' id='word_1_403' title='bbox 3195 2961 3358 3032; x_wconf 75' lang='grc' dir='ltr'>ἱερῶν</span> <span class='ocrx_word' id='word_1_404' title='bbox 3395 2961 3739 3034; x_wconf 82' lang='grc' dir='ltr'>ἀνακτόρων,</span> <span class='ocrx_word' id='word_1_405' title='bbox 3775 2959 3803 3014; x_wconf 77' lang='grc' dir='ltr'><strong>ὃ</strong></span> 
     </span>
    </p>
   </div>
   <div class='ocr_carea' id='block_1_54' title="bbox 517 3049 2108 3140">
    <p class='ocr_par' dir='ltr' id='par_1_54' title="bbox 517 3049 2108 3123">
     <span class='ocr_line' id='line_1_54' title="bbox 517 3049 2108 3123; baseline 0.001 -17"><span class='ocrx_word' id='word_1_406' title='bbox 517 3051 868 3106; x_wconf 82' lang='lat' dir='ltr'><strong>Thomaitem</strong></span> <span class='ocrx_word' id='word_1_407' title='bbox 905 3060 1138 3116; x_wconf 84' lang='lat' dir='ltr'><strong>vocant,</strong></span> <span class='ocrx_word' id='word_1_408' title='bbox 1183 3049 1564 3122; x_wconf 72' lang='lat' dir='ltr'><strong>conflagravit,</strong></span> <span class='ocrx_word' id='word_1_409' title='bbox 1604 3068 1822 3123; x_wconf 88' lang='lat' dir='ltr'><strong>unaque</strong></span> <span class='ocrx_word' id='word_1_410' title='bbox 1870 3063 2108 3110; x_wconf 89' lang='lat' dir='ltr'><strong>cremata</strong></span> 
     </span>
    </p>
   </div>
   <div class='ocr_carea' id='block_1_55' title="bbox 2215 3049 3798 3140">
    <p class='ocr_par' dir='ltr' id='par_1_55' title="bbox 2217 3055 3798 3130">
     <span class='ocr_line' id='line_1_55' title="bbox 2217 3055 3798 3130; baseline 0.005 -18"><span class='ocrx_word' id='word_1_411' title='bbox 2217 3059 2515 3130; x_wconf 80' lang='grc' dir='ltr'>Θωμαϊτης</span> <span class='ocrx_word' id='word_1_412' title='bbox 2545 3057 2658 3129; x_wconf 79' lang='lat'><strong>(69)</strong></span> <span class='ocrx_word' id='word_1_413' title='bbox 2704 3057 3023 3130; x_wconf 81' lang='grc' dir='ltr'>λεγόμενος,</span> <span class='ocrx_word' id='word_1_414' title='bbox 3048 3055 3211 3126; x_wconf 79' lang='grc' dir='ltr'>ἔργον</span> <span class='ocrx_word' id='word_1_415' title='bbox 3241 3055 3433 3124; x_wconf 79' lang='grc' dir='ltr'>γέγονε</span> <span class='ocrx_word' id='word_1_416' title='bbox 3469 3056 3570 3111; x_wconf 83' lang='grc' dir='ltr'><strong>τόὗ</strong></span> <span class='ocrx_word' id='word_1_417' title='bbox 3605 3055 3798 3126; x_wconf 82' lang='grc' dir='ltr'>πυρός’</span> 
     </span>
    </p>
   </div>
   <div class='ocr_carea' id='block_1_56' title="bbox 515 3145 2106 3217">
    <p class='ocr_par' dir='ltr' id='par_1_56' title="bbox 515 3145 2106 3217">
     <span class='ocr_line' id='line_1_56' title="bbox 515 3145 2106 3217; baseline 0.003 -19"><span class='ocrx_word' id='word_1_418' title='bbox 515 3161 640 3200; x_wconf 80' lang='lat' dir='ltr'><strong>esse</strong></span> <span class='ocrx_word' id='word_1_419' title='bbox 671 3145 928 3200; x_wconf 81' lang='lat' dir='ltr'><strong>feruntur</strong></span> <span class='ocrx_word' id='word_1_420' title='bbox 949 3161 1018 3201; x_wconf 93' lang='lat' dir='ltr'><strong>eo</strong></span> <span class='ocrx_word' id='word_1_421' title='bbox 1049 3145 1104 3199; x_wconf 88' lang='lat' dir='ltr'><strong>in</strong></span> <span class='ocrx_word' id='word_1_422' title='bbox 1137 3145 1262 3200; x_wconf 91' lang='lat' dir='ltr'><strong>loco</strong></span> <span class='ocrx_word' id='word_1_423' title='bbox 1294 3145 1400 3200; x_wconf 88' lang='lat' dir='ltr'><strong>sita</strong></span> <span class='ocrx_word' id='word_1_424' title='bbox 1424 3146 1822 3201; x_wconf 90' lang='lat' dir='ltr'><strong>commentaria</strong></span> <span class='ocrx_word' id='word_1_425' title='bbox 1854 3146 2106 3217; x_wconf 72' lang='lat' dir='ltr'><strong>quaedam</strong></span> 
     </span>
    </p>
   </div>
   <div class='ocr_carea' id='block_1_57' title="bbox 517 3237 2110 3309">
    <p class='ocr_par' dir='ltr' id='par_1_57' title="bbox 517 3237 2110 3309">
     <span class='ocr_line' id='line_1_57' title="bbox 517 3237 2110 3309; baseline 0.001 -19"><span class='ocrx_word' id='word_1_426' title='bbox 517 3237 574 3291; x_wconf 90' lang='lat' dir='ltr'><strong>in</strong></span> <span class='ocrx_word' id='word_1_427' title='bbox 614 3253 807 3293; x_wconf 84' lang='lat' dir='ltr'><strong>sacras</strong></span> <span class='ocrx_word' id='word_1_428' title='bbox 843 3239 1058 3294; x_wconf 90' lang='lat' dir='ltr'><strong>litteras</strong></span> <span class='ocrx_word' id='word_1_429' title='bbox 1095 3238 1326 3294; x_wconf 82' lang='lat' dir='ltr'><strong>Joannis</strong></span> <span class='ocrx_word' id='word_1_430' title='bbox 1364 3237 1768 3309; x_wconf 86' lang='lat' dir='ltr'><strong>Chrysostomi.</strong></span> <span class='ocrx_word' id='word_1_431' title='bbox 1801 3237 2110 3308; x_wconf 88' lang='lat' dir='ltr'><strong>Imperator</strong></span> 
     </span>
    </p>
   </div>
   <div class='ocr_carea' id='block_1_58' title="bbox 513 3329 2108 3402">
    <p class='ocr_par' dir='ltr' id='par_1_58' title="bbox 513 3329 2108 3402">
     <span class='ocr_line' id='line_1_58' title="bbox 513 3329 2108 3402; baseline 0.001 -18"><span class='ocrx_word' id='word_1_432' title='bbox 513 3329 918 3386; x_wconf 82' lang='lat' dir='ltr'><strong>Constantinus</strong></span> <span class='ocrx_word' id='word_1_433' title='bbox 954 3330 1225 3401; x_wconf 83' lang='lat' dir='ltr'><strong>Bulgaris,</strong></span> <span class='ocrx_word' id='word_1_434' title='bbox 1267 3345 1503 3400; x_wconf 88' lang='lat' dir='ltr'><strong>quorum</strong></span> <span class='ocrx_word' id='word_1_435' title='bbox 1541 3331 1797 3402; x_wconf 87' lang='lat' dir='ltr'><strong>princeps</strong></span> <span class='ocrx_word' id='word_1_436' title='bbox 1831 3340 1944 3386; x_wconf 91' lang='lat' dir='ltr'><strong>tum</strong></span> <span class='ocrx_word' id='word_1_437' title='bbox 1974 3331 2108 3388; x_wconf 85' lang='lat' dir='ltr'><strong>Car-</strong></span> 
     </span>
    </p>
   </div>
   <div class='ocr_carea' id='block_1_59' title="bbox 517 3421 2110 3493">
    <p class='ocr_par' dir='ltr' id='par_1_59' title="bbox 517 3421 2110 3493">
     <span class='ocr_line' id='line_1_59' title="bbox 517 3421 2110 3493; baseline 0.001 -19"><span class='ocrx_word' id='word_1_438' title='bbox 517 3437 714 3476; x_wconf 66' lang='lat' dir='ltr'><strong>eamus</strong></span> <span class='ocrx_word' id='word_1_439' title='bbox 769 3429 930 3488; x_wconf 91' lang='lat' dir='ltr'><strong>erat,</strong></span> <span class='ocrx_word' id='word_1_440' title='bbox 989 3421 1196 3476; x_wconf 88' lang='lat' dir='ltr'><strong>bellum</strong></span> <span class='ocrx_word' id='word_1_441' title='bbox 1255 3421 1449 3476; x_wconf 91' lang='lat' dir='ltr'><strong>intulit</strong></span> <span class='ocrx_word' id='word_1_442' title='bbox 1503 3438 1518 3474; x_wconf 92' lang='lat'><strong>:</strong></span> <span class='ocrx_word' id='word_1_443' title='bbox 1593 3421 1700 3476; x_wconf 89' lang='lat' dir='ltr'><strong>levi</strong></span> <span class='ocrx_word' id='word_1_444' title='bbox 1757 3430 1943 3476; x_wconf 89' lang='lat' dir='ltr'><strong>autem</strong></span> <span class='ocrx_word' id='word_1_445' title='bbox 2005 3438 2110 3493; x_wconf 83' lang='lat' dir='ltr'><strong>pu-</strong></span> 
     </span>
    </p>
   </div>
   <div class='ocr_carea' id='block_1_60' title="bbox 471 3512 2112 3584">
    <p class='ocr_par' dir='ltr' id='par_1_60' title="bbox 471 3512 2112 3584">
     <span class='ocr_line' id='line_1_60' title="bbox 471 3512 2112 3584; baseline 0.003 -18"><span class='ocrx_word' id='word_1_446' title='bbox 471 3565 479 3573; x_wconf 84' lang='grc'><strong>,</strong></span> <span class='ocrx_word' id='word_1_447' title='bbox 519 3528 627 3584; x_wconf 84' lang='lat' dir='ltr'><strong>gna</strong></span> <span class='ocrx_word' id='word_1_448' title='bbox 697 3513 992 3568; x_wconf 85' lang='lat' dir='ltr'><strong>commissa</strong></span> <span class='ocrx_word' id='word_1_449' title='bbox 1030 3553 1046 3577; x_wconf 97' lang='lat'><strong>,</strong></span> <span class='ocrx_word' id='word_1_450' title='bbox 1095 3521 1276 3568; x_wconf 89' lang='lat' dir='ltr'><strong>terror</strong></span> <span class='ocrx_word' id='word_1_451' title='bbox 1335 3521 1632 3583; x_wconf 90' lang='lat' dir='ltr'><strong>utrumque</strong></span> <span class='ocrx_word' id='word_1_452' title='bbox 1666 3512 1997 3582; x_wconf 60' lang='lat' dir='ltr'><strong>exercitum~</strong></span> <span class='ocrx_word' id='word_1_453' title='bbox 2028 3517 2112 3571; x_wconf 86' lang='lat' dir='ltr'><strong>in-</strong></span> 
     </span>
    </p>
   </div>
   <div class='ocr_carea' id='block_1_61' title="bbox 516 3604 2106 3676">
    <p class='ocr_par' dir='ltr' id='par_1_61' title="bbox 516 3604 2106 3676">
     <span class='ocr_line' id='line_1_61' title="bbox 516 3604 2106 3676; baseline 0.003 -19"><span class='ocrx_word' id='word_1_454' title='bbox 516 3605 678 3660; x_wconf 89' lang='lat' dir='ltr'><strong>vasit.</strong></span> <span class='ocrx_word' id='word_1_455' title='bbox 713 3605 904 3675; x_wconf 76' lang='lat' dir='ltr'><strong>Itaque</strong></span> <span class='ocrx_word' id='word_1_456' title='bbox 937 3606 1242 3676; x_wconf 81' lang='lat' dir='ltr'><strong>imperator</strong></span> <span class='ocrx_word' id='word_1_457' title='bbox 1280 3604 1336 3660; x_wconf 92' lang='lat' dir='ltr'><strong>in</strong></span> <span class='ocrx_word' id='word_1_458' title='bbox 1375 3620 1626 3676; x_wconf 88' lang='lat' dir='ltr'><strong>magnam</strong></span> <span class='ocrx_word' id='word_1_459' title='bbox 1660 3606 1851 3662; x_wconf 90' lang='lat' dir='ltr'><strong>urbem</strong></span> <span class='ocrx_word' id='word_1_460' title='bbox 1900 3608 2106 3674; x_wconf 90' lang='lat' dir='ltr'><strong>rediit,</strong></span> 
     </span>
    </p>
   </div>
   <div class='ocr_carea' id='block_1_62' title="bbox 516 3697 2106 3769">
    <p class='ocr_par' dir='ltr' id='par_1_62' title="bbox 516 3697 2106 3769">
     <span class='ocr_line' id='line_1_62' title="bbox 516 3697 2106 3769; baseline 0.003 -17"><span class='ocrx_word' id='word_1_461' title='bbox 516 3697 735 3768; x_wconf 85' lang='lat' dir='ltr'><strong>Bulgari</strong></span> <span class='ocrx_word' id='word_1_462' title='bbox 781 3697 835 3752; x_wconf 92' lang='lat' dir='ltr'><strong>in</strong></span> <span class='ocrx_word' id='word_1_463' title='bbox 874 3699 1036 3769; x_wconf 70' lang='lat' dir='ltr'><strong>us</strong></span> <span class='ocrx_word' id='word_1_464' title='bbox 1081 3713 1212 3753; x_wconf 86' lang='lat' dir='ltr'><strong>suas</strong></span> <span class='ocrx_word' id='word_1_465' title='bbox 1272 3697 1434 3754; x_wconf 87' lang='lat' dir='ltr'><strong>sedes</strong></span> <span class='ocrx_word' id='word_1_466' title='bbox 1480 3713 1540 3755; x_wconf 88' lang='lat' dir='ltr'><strong>se</strong></span> <span class='ocrx_word' id='word_1_467' title='bbox 1591 3710 1940 3768; x_wconf 83' lang='lat' dir='ltr'><strong>receperunt.</strong></span> <span class='ocrx_word' id='word_1_468' title='bbox 1997 3700 2106 3758; x_wconf 86' lang='lat' dir='ltr'><strong>Sed</strong></span> 
     </span>
    </p>
   </div>
   <div class='ocr_carea' id='block_1_63' title="bbox 517 3789 2111 3864">
    <p class='ocr_par' dir='ltr' id='par_1_63' title="bbox 517 3789 2111 3864">
     <span class='ocr_line' id='line_1_63' title="bbox 517 3789 2111 3864; baseline 0.003 -19"><span class='ocrx_word' id='word_1_469' title='bbox 517 3800 576 3845; x_wconf 90' lang='lat' dir='ltr'><strong>et</strong></span> <span class='ocrx_word' id='word_1_470' title='bbox 615 3796 806 3844; x_wconf 87' lang='lat' dir='ltr'><strong>contra</strong></span> <span class='ocrx_word' id='word_1_471' title='bbox 836 3791 1048 3846; x_wconf 85' lang='lat' dir='ltr'><strong>Arabes</strong></span> <span class='ocrx_word' id='word_1_472' title='bbox 1090 3789 1376 3860; x_wconf 82' lang='lat' dir='ltr'><strong>profectus</strong></span> <span class='ocrx_word' id='word_1_473' title='bbox 1407 3790 1544 3845; x_wconf 89' lang='lat' dir='ltr'><strong>nihil</strong></span> <span class='ocrx_word' id='word_1_474' title='bbox 1583 3791 1945 3849; x_wconf 90' lang='lat' dir='ltr'><strong>memorabile</strong></span> <span class='ocrx_word' id='word_1_475' title='bbox 1983 3809 2111 3864; x_wconf 86' lang='lat' dir='ltr'><strong>ges-</strong></span> 
     </span>
    </p>
   </div>
   <div class='ocr_carea' id='block_1_64' title="bbox 519 3881 2112 3956">
    <p class='ocr_par' dir='ltr' id='par_1_64' title="bbox 519 3881 2112 3956">
     <span class='ocr_line' id='line_1_64' title="bbox 519 3881 2112 3956; baseline 0.003 -20"><span class='ocrx_word' id='word_1_476' title='bbox 519 3882 611 3936; x_wconf 85' lang='lat' dir='ltr'><strong>sit.</strong></span> <span class='ocrx_word' id='word_1_477' title='bbox 666 3881 932 3947; x_wconf 85' lang='lat' dir='ltr'><strong>Matrem,</strong></span> <span class='ocrx_word' id='word_1_478' title='bbox 985 3883 1057 3939; x_wconf 91' lang='lat' dir='ltr'><strong>ah</strong></span> <span class='ocrx_word' id='word_1_479' title='bbox 1118 3881 1237 3953; x_wconf 90' lang='lat' dir='ltr'><strong>ipsa</strong></span> <span class='ocrx_word' id='word_1_480' title='bbox 1298 3891 1356 3938; x_wconf 93' lang='lat' dir='ltr'><strong>et</strong></span> <span class='ocrx_word' id='word_1_481' title='bbox 1396 3883 1730 3954; x_wconf 84' lang='lat' dir='ltr'><strong>quibusdam</strong></span> <span class='ocrx_word' id='word_1_482' title='bbox 1782 3899 1848 3939; x_wconf 82' lang='lat' dir='ltr'><strong>ex</strong></span> <span class='ocrx_word' id='word_1_483' title='bbox 1905 3886 2112 3956; x_wconf 91' lang='lat' dir='ltr'><strong>primo-</strong></span> 
     </span>
    </p>
   </div>
   <div class='ocr_carea' id='block_1_65' title="bbox 521 3973 2109 4046">
    <p class='ocr_par' dir='ltr' id='par_1_65' title="bbox 521 3973 2109 4046">
     <span class='ocr_line' id='line_1_65' title="bbox 521 3973 2109 4046; baseline 0.005 -20"><span class='ocrx_word' id='word_1_484' title='bbox 521 3973 678 4027; x_wconf 78' lang='lat' dir='ltr'><strong>ribus</strong></span> <span class='ocrx_word' id='word_1_485' title='bbox 733 3982 965 4038; x_wconf 87' lang='lat' dir='ltr'><strong>oratus,</strong></span> <span class='ocrx_word' id='word_1_486' title='bbox 1021 3975 1076 4029; x_wconf 92' lang='lat' dir='ltr'><strong>in</strong></span> <span class='ocrx_word' id='word_1_487' title='bbox 1137 3974 1344 4046; x_wconf 89' lang='lat' dir='ltr'><strong>regiam</strong></span> <span class='ocrx_word' id='word_1_488' title='bbox 1395 3975 1660 4040; x_wconf 82' lang='lat' dir='ltr'><strong>reduxit,</strong></span> <span class='ocrx_word' id='word_1_489' title='bbox 1731 3985 1790 4032; x_wconf 90' lang='lat' dir='ltr'><strong>et</strong></span> <span class='ocrx_word' id='word_1_490' title='bbox 1850 3993 1958 4032; x_wconf 84' lang='lat' dir='ltr'><strong>una</strong></span> <span class='ocrx_word' id='word_1_491' title='bbox 2018 3994 2109 4034; x_wconf 90' lang='lat' dir='ltr'><strong>sc-</strong></span> 
     </span>
    </p>
   </div>
   <div class='ocr_carea' id='block_1_66' title="bbox 519 4065 2106 4140">
    <p class='ocr_par' dir='ltr' id='par_1_66' title="bbox 519 4065 2106 4140">
     <span class='ocr_line' id='line_1_66' title="bbox 519 4065 2106 4140; baseline 0.006 -23"><span class='ocrx_word' id='word_1_492' title='bbox 519 4079 648 4118; x_wconf 88' lang='lat' dir='ltr'><strong>eum</strong></span> <span class='ocrx_word' id='word_1_493' title='bbox 707 4065 976 4122; x_wconf 89' lang='lat' dir='ltr'><strong>celebrari</strong></span> <span class='ocrx_word' id='word_1_494' title='bbox 1035 4082 1230 4138; x_wconf 88' lang='lat' dir='ltr'><strong>passus</strong></span> <span class='ocrx_word' id='word_1_495' title='bbox 1272 4077 1378 4123; x_wconf 88' lang='lat' dir='ltr'><strong>est.</strong></span> <span class='ocrx_word' id='word_1_496' title='bbox 1415 4066 1622 4124; x_wconf 89' lang='lat' dir='ltr'><strong>Omnes</strong></span> <span class='ocrx_word' id='word_1_497' title='bbox 1659 4067 1843 4139; x_wconf 78' lang='lat' dir='ltr'><strong>itaque</strong></span> <span class='ocrx_word' id='word_1_498' title='bbox 1877 4072 2106 4140; x_wconf 84' lang='lat' dir='ltr'><strong>provin-</strong></span> 
     </span>
    </p>
   </div>
   <div class='ocr_carea' id='block_1_67' title="bbox 518 4158 2108 4239">
    <p class='ocr_par' dir='ltr' id='par_1_67' title="bbox 518 4158 2108 4239">
     <span class='ocr_line' id='line_1_67' title="bbox 518 4158 2108 4239; baseline 0.008 -26"><span class='ocrx_word' id='word_1_499' title='bbox 518 4158 733 4213; x_wconf 85' lang='lat' dir='ltr'><strong>ciarum</strong></span> <span class='ocrx_word' id='word_1_500' title='bbox 803 4159 1050 4230; x_wconf 83' lang='lat' dir='ltr'><strong>legiones</strong></span> <span class='ocrx_word' id='word_1_501' title='bbox 1121 4163 1378 4218; x_wconf 88' lang='lat' dir='ltr'><strong>iteratam</strong></span> <span class='ocrx_word' id='word_1_502' title='bbox 1453 4163 1641 4221; x_wconf 87' lang='lat' dir='ltr'><strong>lrcncs</strong></span> <span class='ocrx_word' id='word_1_503' title='bbox 1714 4169 2108 4239; x_wconf 89' lang='lat' dir='ltr'><strong>proclamatio-</strong></span> 
     </span>
    </p>
   </div>
   <div class='ocr_carea' id='block_1_68' title="bbox 520 4252 2104 4332">
    <p class='ocr_par' dir='ltr' id='par_1_68' title="bbox 520 4252 2104 4332">
     <span class='ocr_line' id='line_1_68' title="bbox 520 4252 2104 4332; baseline 0.009 -27"><span class='ocrx_word' id='word_1_504' title='bbox 520 4267 648 4306; x_wconf 89' lang='lat' dir='ltr'><strong>nem</strong></span> <span class='ocrx_word' id='word_1_505' title='bbox 680 4252 1046 4321; x_wconf 87' lang='lat' dir='ltr'><strong>admiserunt;</strong></span> <span class='ocrx_word' id='word_1_506' title='bbox 1095 4257 1230 4310; x_wconf 87' lang='lat' dir='ltr'><strong>solis</strong></span> <span class='ocrx_word' id='word_1_507' title='bbox 1266 4259 1608 4315; x_wconf 83' lang='lat' dir='ltr'><strong>Armeniacis</strong></span> <span class='ocrx_word' id='word_1_508' title='bbox 1641 4277 1738 4332; x_wconf 91' lang='lat' dir='ltr'><strong>per</strong></span> <span class='ocrx_word' id='word_1_509' title='bbox 1777 4265 2104 4320; x_wconf 85' lang='lat' dir='ltr'><strong>seditionem</strong></span> 
     </span>
    </p>
   </div>
   <div class='ocr_carea' id='block_1_69' title="bbox 522 4345 2108 4417">
    <p class='ocr_par' dir='ltr' id='par_1_69' title="bbox 522 4345 2108 4417">
     <span class='ocr_line' id='line_1_69' title="bbox 522 4345 2108 4417; baseline 0.011 -21"><span class='ocrx_word' id='word_1_510' title='bbox 522 4345 982 4409; x_wconf 85' lang='lat' dir='ltr'><strong>adversantibus,</strong></span> <span class='ocrx_word' id='word_1_511' title='bbox 1039 4354 1096 4400; x_wconf 89' lang='lat' dir='ltr'><strong>et</strong></span> <span class='ocrx_word' id='word_1_512' title='bbox 1159 4348 1410 4403; x_wconf 76' lang='lat' dir='ltr'><strong>Alexium</strong></span> <span class='ocrx_word' id='word_1_513' title='bbox 1463 4351 1723 4409; x_wconf 82' lang='lat' dir='ltr'><strong>Moselem</strong></span> <span class='ocrx_word' id='word_1_514' title='bbox 1766 4355 1988 4417; x_wconf 89' lang='lat' dir='ltr'><strong>ducem.</strong></span> <span class='ocrx_word' id='word_1_515' title='bbox 2048 4366 2108 4413; x_wconf 91' lang='lat' dir='ltr'><strong>ut</strong></span> 
     </span>
    </p>
   </div>
   <div class='ocr_carea' id='block_1_70' title="bbox 2219 3149 3803 3221">
    <p class='ocr_par' dir='ltr' id='par_1_70' title="bbox 2219 3149 3803 3221">
     <span class='ocr_line' id='line_1_70' title="bbox 2219 3149 3803 3221; baseline -0.001 -15"><span class='ocrx_word' id='word_1_516' title='bbox 2219 3153 2308 3206; x_wconf 77' lang='grc' dir='ltr'>ὅτε</span> <span class='ocrx_word' id='word_1_517' title='bbox 2332 3153 2552 3220; x_wconf 80' lang='grc' dir='ltr'>λέγεται</span> <span class='ocrx_word' id='word_1_518' title='bbox 2585 3151 2858 3221; x_wconf 79' lang='grc' dir='ltr'>καυθῆναι</span> <span class='ocrx_word' id='word_1_519' title='bbox 2901 3152 2993 3206; x_wconf 78' lang='grc' dir='ltr'>καὶ</span> <span class='ocrx_word' id='word_1_520' title='bbox 3024 3151 3092 3204; x_wconf 81' lang='grc' dir='ltr'><strong>τά</strong></span> <span class='ocrx_word' id='word_1_521' title='bbox 3133 3149 3510 3220; x_wconf 81' lang='grc' dir='ltr'>σχεδιάσματα</span> <span class='ocrx_word' id='word_1_522' title='bbox 3549 3152 3659 3204; x_wconf 89' lang='grc' dir='ltr'><strong>τῶν</strong></span> <span class='ocrx_word' id='word_1_523' title='bbox 3687 3151 3803 3221; x_wconf 76' lang='grc' dir='ltr'>ἐξη-</span> 
     </span>
    </p>
   </div>
   <div class='ocr_carea' id='block_1_71' title="bbox 2219 3241 3802 3314">
    <p class='ocr_par' dir='ltr' id='par_1_71' title="bbox 2219 3241 3802 3314">
     <span class='ocr_line' id='line_1_71' title="bbox 2219 3241 3802 3314; baseline -0.012 -3"><span class='ocrx_word' id='word_1_524' title='bbox 2219 3244 2437 3314; x_wconf 79' lang='grc' dir='ltr'>γὴσεων</span> <span class='ocrx_word' id='word_1_525' title='bbox 2477 3241 2574 3312; x_wconf 84' lang='grc' dir='ltr'><strong>τῆς</strong></span> <span class='ocrx_word' id='word_1_526' title='bbox 2603 3241 2752 3306; x_wconf 78' lang='grc' dir='ltr'>θείας</span> <span class='ocrx_word' id='word_1_527' title='bbox 2781 3242 3024 3314; x_wconf 77' lang='grc' dir='ltr'>Γραφῆς,</span> <span class='ocrx_word' id='word_1_528' title='bbox 3052 3241 3087 3296; x_wconf 69' lang='grc' dir='ltr'><strong>ἃ</strong></span> <span class='ocrx_word' id='word_1_529' title='bbox 3115 3245 3140 3296; x_wconf 86' lang='grc' dir='ltr'><strong>ό</strong></span> <span class='ocrx_word' id='word_1_530' title='bbox 3168 3243 3405 3314; x_wconf 78' lang='grc' dir='ltr'>χρυσοῦς</span> <span class='ocrx_word' id='word_1_531' title='bbox 3433 3243 3536 3314; x_wconf 79' lang='grc' dir='ltr'><strong>τήν</strong></span> <span class='ocrx_word' id='word_1_532' title='bbox 3566 3241 3802 3312; x_wconf 89' lang='grc' dir='ltr'>γλῶτταν</span> 
     </span>
    </p>
   </div>
   <div class='ocr_carea' id='block_1_72' title="bbox 2221 3333 3804 3406">
    <p class='ocr_par' dir='ltr' id='par_1_72' title="bbox 2221 3333 3804 3406">
     <span class='ocr_line' id='line_1_72' title="bbox 2221 3333 3804 3406; baseline -0.001 -18"><span class='ocrx_word' id='word_1_533' title='bbox 2221 3334 2604 3405; x_wconf 76' lang='grc' dir='ltr'>συνεγράψατο</span> <span class='ocrx_word' id='word_1_534' title='bbox 2657 3335 2932 3404; x_wconf 78' lang='grc' dir='ltr'>Ἰωάννης,</span> <span class='ocrx_word' id='word_1_535' title='bbox 2967 3335 3147 3388; x_wconf 88' lang='grc' dir='ltr'>ἐκεῖσέ</span> <span class='ocrx_word' id='word_1_536' title='bbox 3189 3351 3293 3388; x_wconf 87' lang='grc' dir='ltr'><strong>που</strong></span> <span class='ocrx_word' id='word_1_537' title='bbox 3337 3335 3704 3406; x_wconf 73' lang='grc' dir='ltr'>ἀποκείμενα.</span> <span class='ocrx_word' id='word_1_538' title='bbox 3748 3333 3804 3387; x_wconf 79' lang='grc'><strong>’0</strong></span> 
     </span>
    </p>
   </div>
   <div class='ocr_carea' id='block_1_73' title="bbox 2221 3424 3801 3496">
    <p class='ocr_par' dir='ltr' id='par_1_73' title="bbox 2221 3424 3801 3496">
     <span class='ocr_line' id='line_1_73' title="bbox 2221 3424 3801 3496; baseline -0.003 -15"><span class='ocrx_word' id='word_1_539' title='bbox 2221 3427 2279 3482; x_wconf 84' lang='grc' dir='ltr'>δέ</span> <span class='ocrx_word' id='word_1_540' title='bbox 2307 3443 2370 3494; x_wconf 89' lang='grc' dir='ltr'><strong>γε</strong></span> <span class='ocrx_word' id='word_1_541' title='bbox 2399 3424 2652 3496; x_wconf 80' lang='grc' dir='ltr'>βασιλεὺς</span> <span class='ocrx_word' id='word_1_542' title='bbox 2682 3427 3093 3488; x_wconf 81' lang='grc' dir='ltr'>Κωνσταντῖνος</span> <span class='ocrx_word' id='word_1_543' title='bbox 3144 3427 3288 3480; x_wconf 87' lang='grc' dir='ltr'><strong>κατά</strong></span> <span class='ocrx_word' id='word_1_544' title='bbox 3339 3425 3667 3496; x_wconf 84' lang='grc' dir='ltr'>Βουλγάρων</span> <span class='ocrx_word' id='word_1_545' title='bbox 3695 3424 3801 3488; x_wconf 77' lang='grc' dir='ltr'>ἐξε·</span> 
     </span>
    </p>
   </div>
   <div class='ocr_carea' id='block_1_74' title="bbox 2223 3516 3803 3590">
    <p class='ocr_par' dir='ltr' id='par_1_74' title="bbox 2223 3516 3803 3590">
     <span class='ocr_line' id='line_1_74' title="bbox 2223 3516 3803 3590; baseline -0.002 -18"><span class='ocrx_word' id='word_1_546' title='bbox 2223 3518 2543 3590; x_wconf 87' lang='grc' dir='ltr'>στράτευσε,</span> <span class='ocrx_word' id='word_1_547' title='bbox 2570 3516 2664 3568; x_wconf 78' lang='grc' dir='ltr'><strong>τοῦ</strong></span> <span class='ocrx_word' id='word_1_548' title='bbox 2693 3517 2988 3588; x_wconf 80' lang='grc' dir='ltr'>Καρδάμου</span> <span class='ocrx_word' id='word_1_549' title='bbox 3018 3516 3110 3570; x_wconf 84' lang='grc' dir='ltr'>τοῦ</span> <span class='ocrx_word' id='word_1_550' title='bbox 3133 3517 3320 3582; x_wconf 78' lang='grc' dir='ltr'>ἔθνους</span> <span class='ocrx_word' id='word_1_551' title='bbox 3340 3517 3770 3590; x_wconf 76' lang='grc' dir='ltr'>ἁρχηγετοῦντος</span> <span class='ocrx_word' id='word_1_552' title='bbox 3788 3529 3803 3545; x_wconf 84' lang='lat'><strong><em>°</em></strong></span> 
     </span>
    </p>
   </div>
   <div class='ocr_carea' id='block_1_75' title="bbox 2227 3609 3799 3682">
    <p class='ocr_par' dir='ltr' id='par_1_75' title="bbox 2227 3609 3799 3682">
     <span class='ocr_line' id='line_1_75' title="bbox 2227 3609 3799 3682; baseline -0.003 -18"><span class='ocrx_word' id='word_1_553' title='bbox 2227 3611 2435 3682; x_wconf 77' lang='grc' dir='ltr'>μικρᾶς</span> <span class='ocrx_word' id='word_1_554' title='bbox 2467 3610 2524 3663; x_wconf 83' lang='grc' dir='ltr'>δὲ</span> <span class='ocrx_word' id='word_1_555' title='bbox 2559 3609 2870 3680; x_wconf 77' lang='grc' dir='ltr'>προσϐολῆς</span> <span class='ocrx_word' id='word_1_556' title='bbox 2921 3609 3246 3679; x_wconf 75' lang='grc' dir='ltr'>γενομένης,</span> <span class='ocrx_word' id='word_1_557' title='bbox 3277 3610 3481 3680; x_wconf 83' lang='grc' dir='ltr'>ἀμφοῖν</span> <span class='ocrx_word' id='word_1_558' title='bbox 3505 3613 3623 3664; x_wconf 87' lang='grc' dir='ltr'>τοῖν</span> <span class='ocrx_word' id='word_1_559' title='bbox 3659 3611 3799 3662; x_wconf 80' lang='grc' dir='ltr'>ἀντι-</span> 
     </span>
    </p>
   </div>
   <div class='ocr_carea' id='block_1_76' title="bbox 2221 3701 3800 3776">
    <p class='ocr_par' dir='ltr' id='par_1_76' title="bbox 2221 3701 3800 3776">
     <span class='ocr_line' id='line_1_76' title="bbox 2221 3701 3800 3776; baseline -0.003 -18"><span class='ocrx_word' id='word_1_560' title='bbox 2221 3704 2400 3760; x_wconf 84' lang='grc' dir='ltr'>θέτοιν</span> <span class='ocrx_word' id='word_1_561' title='bbox 2443 3709 2631 3776; x_wconf 81' lang='grc' dir='ltr'>μεροῖν</span> <span class='ocrx_word' id='word_1_562' title='bbox 2659 3703 2832 3758; x_wconf 81' lang='grc' dir='ltr'>δειλία</span> <span class='ocrx_word' id='word_1_563' title='bbox 2863 3701 3157 3772; x_wconf 72' lang='grc' dir='ltr'>ἐνέσκηψε.</span> <span class='ocrx_word' id='word_1_564' title='bbox 3186 3703 3295 3756; x_wconf 70' lang='grc' dir='ltr'><strong>Καὶ</strong></span> <span class='ocrx_word' id='word_1_565' title='bbox 3334 3705 3364 3756; x_wconf 85' lang='grc' dir='ltr'><strong>δ</strong></span> <span class='ocrx_word' id='word_1_566' title='bbox 3407 3702 3509 3772; x_wconf 84' lang='grc' dir='ltr'>μὲν</span> <span class='ocrx_word' id='word_1_567' title='bbox 3555 3701 3800 3774; x_wconf 72' lang='grc' dir='ltr'>βασιλεὺς</span> 
     </span>
    </p>
   </div>
   <div class='ocr_carea' id='block_1_77' title="bbox 2222 3795 3800 3867">
    <p class='ocr_par' dir='ltr' id='par_1_77' title="bbox 2222 3795 3800 3867">
     <span class='ocr_line' id='line_1_77' title="bbox 2222 3795 3800 3867; baseline -0.004 -15"><span class='ocrx_word' id='word_1_568' title='bbox 2222 3797 2585 3864; x_wconf 79' lang='grc' dir='ltr'>ἐπανέζευξεν</span> <span class='ocrx_word' id='word_1_569' title='bbox 2631 3799 2711 3860; x_wconf 83' lang='grc' dir='ltr'><strong>εἰς</strong></span> <span class='ocrx_word' id='word_1_570' title='bbox 2751 3795 2850 3867; x_wconf 81' lang='grc' dir='ltr'>τὴν</span> <span class='ocrx_word' id='word_1_571' title='bbox 2885 3796 3290 3864; x_wconf 70' lang='grc' dir='ltr'>Μεγαλόπσιλιν,</span> <span class='ocrx_word' id='word_1_572' title='bbox 3319 3796 3369 3849; x_wconf 81' lang='grc' dir='ltr'>οἱ</span> <span class='ocrx_word' id='word_1_573' title='bbox 3403 3795 3460 3848; x_wconf 85' lang='grc' dir='ltr'><strong>δέ</strong></span> <span class='ocrx_word' id='word_1_574' title='bbox 3509 3796 3800 3863; x_wconf 66' lang='grc' dir='ltr'>Βούλγαροι</span> 
     </span>
    </p>
   </div>
   <div class='ocr_carea' id='block_1_78' title="bbox 2223 3885 3800 3961">
    <p class='ocr_par' dir='ltr' id='par_1_78' title="bbox 2223 3885 3800 3961">
     <span class='ocr_line' id='line_1_78' title="bbox 2223 3885 3800 3961; baseline -0.004 -17"><span class='ocrx_word' id='word_1_575' title='bbox 2223 3891 2300 3954; x_wconf 89' lang='grc' dir='ltr'><strong>εἰς</strong></span> <span class='ocrx_word' id='word_1_576' title='bbox 2326 3891 2393 3944; x_wconf 72' lang='grc' dir='ltr'>τὰ</span> <span class='ocrx_word' id='word_1_577' title='bbox 2421 3890 2525 3961; x_wconf 74' lang='grc' dir='ltr'>ἢθη</span> <span class='ocrx_word' id='word_1_578' title='bbox 2552 3885 2782 3940; x_wconf 76' lang='grc' dir='ltr'>ἑαυτῶν.</span> <span class='ocrx_word' id='word_1_579' title='bbox 2826 3886 2988 3938; x_wconf 74' lang='grc' dir='ltr'>Ἀλλὰ</span> <span class='ocrx_word' id='word_1_580' title='bbox 3025 3885 3119 3940; x_wconf 72' lang='grc' dir='ltr'>καὶ</span> <span class='ocrx_word' id='word_1_581' title='bbox 3163 3887 3307 3940; x_wconf 81' lang='grc' dir='ltr'><strong>κατά</strong></span> <span class='ocrx_word' id='word_1_582' title='bbox 3361 3887 3611 3958; x_wconf 73' lang='grc' dir='ltr'>Ἀράϐων</span> <span class='ocrx_word' id='word_1_583' title='bbox 3639 3887 3800 3956; x_wconf 69' lang='grc' dir='ltr'>ὁρμή·</span> 
     </span>
    </p>
   </div>
   <div class='ocr_carea' id='block_1_79' title="bbox 2227 3976 3798 4050">
    <p class='ocr_par' dir='ltr' id='par_1_79' title="bbox 2227 3976 3798 4050">
     <span class='ocr_line' id='line_1_79' title="bbox 2227 3976 3798 4050; baseline -0.006 -14"><span class='ocrx_word' id='word_1_584' title='bbox 2227 3999 2349 4046; x_wconf 89' lang='grc' dir='ltr'>σας,</span> <span class='ocrx_word' id='word_1_585' title='bbox 2380 3982 2537 4036; x_wconf 65' lang='grc' dir='ltr'>ούδὲν</span> <span class='ocrx_word' id='word_1_586' title='bbox 2566 3999 2618 4034; x_wconf 88' lang='grc' dir='ltr'><strong>τι</strong></span> <span class='ocrx_word' id='word_1_587' title='bbox 2645 3981 2808 4048; x_wconf 82' lang='grc' dir='ltr'>λόγου</span> <span class='ocrx_word' id='word_1_588' title='bbox 2857 3977 3008 4044; x_wconf 78' lang='grc' dir='ltr'>ἀξιον</span> <span class='ocrx_word' id='word_1_589' title='bbox 3055 3977 3241 4049; x_wconf 67' lang='grc' dir='ltr'>ἤνυσε.</span> <span class='ocrx_word' id='word_1_590' title='bbox 3295 3979 3676 4050; x_wconf 72' lang='grc' dir='ltr'>Παρακληθεὶς</span> <span class='ocrx_word' id='word_1_591' title='bbox 3715 3976 3798 4028; x_wconf 78' lang='grc' dir='ltr'>καὶ</span> 
     </span>
    </p>
   </div>
   <div class='ocr_carea' id='block_1_80' title="bbox 2225 4064 3798 4145">
    <p class='ocr_par' dir='ltr' id='par_1_80' title="bbox 2225 4064 3798 4145">
     <span class='ocr_line' id='line_1_80' title="bbox 2225 4064 3798 4145; baseline -0.006 -17"><span class='ocrx_word' id='word_1_592' title='bbox 2225 4075 2333 4128; x_wconf 82' lang='grc' dir='ltr'><strong>ὑπὸ</strong></span> <span class='ocrx_word' id='word_1_593' title='bbox 2385 4075 2486 4145; x_wconf 83' lang='grc' dir='ltr'>τῆς</span> <span class='ocrx_word' id='word_1_594' title='bbox 2538 4073 2770 4144; x_wconf 73' lang='grc' dir='ltr'>μητρὸς,</span> <span class='ocrx_word' id='word_1_595' title='bbox 2817 4073 2914 4124; x_wconf 77' lang='grc' dir='ltr'>καὶ</span> <span class='ocrx_word' id='word_1_596' title='bbox 2961 4071 3070 4122; x_wconf 86' lang='grc' dir='ltr'><strong>τῶν</strong></span> <span class='ocrx_word' id='word_1_597' title='bbox 3123 4072 3182 4122; x_wconf 83' lang='grc' dir='ltr'><strong>ἐν</strong></span> <span class='ocrx_word' id='word_1_598' title='bbox 3233 4070 3377 4124; x_wconf 82' lang='grc' dir='ltr'>τέλει</span> <span class='ocrx_word' id='word_1_599' title='bbox 3428 4071 3617 4138; x_wconf 71' lang='grc' dir='ltr'>τινῶν,</span> <span class='ocrx_word' id='word_1_600' title='bbox 3657 4064 3798 4127; x_wconf 79' lang='grc' dir='ltr'>αὖθις</span> 
     </span>
    </p>
   </div>
   <div class='ocr_carea' id='block_1_81' title="bbox 2225 4159 3796 4236">
    <p class='ocr_par' dir='ltr' id='par_1_81' title="bbox 2225 4159 3796 4236">
     <span class='ocr_line' id='line_1_81' title="bbox 2225 4159 3796 4236; baseline -0.01 -12"><span class='ocrx_word' id='word_1_601' title='bbox 2225 4169 2420 4236; x_wconf 85' lang='grc' dir='ltr'>ἀνάγει</span> <span class='ocrx_word' id='word_1_602' title='bbox 2453 4165 2658 4234; x_wconf 84' lang='grc' dir='ltr'>ταύτην</span> <span class='ocrx_word' id='word_1_603' title='bbox 2683 4165 2762 4224; x_wconf 78' lang='grc' dir='ltr'>εἰς</span> <span class='ocrx_word' id='word_1_604' title='bbox 2791 4161 2860 4214; x_wconf 69' lang='grc' dir='ltr'><strong>τὰ</strong></span> <span class='ocrx_word' id='word_1_605' title='bbox 2892 4159 3163 4228; x_wconf 85' lang='grc' dir='ltr'>βασίλεια,</span> <span class='ocrx_word' id='word_1_606' title='bbox 3197 4161 3293 4213; x_wconf 78' lang='grc' dir='ltr'>καὶ</span> <span class='ocrx_word' id='word_1_607' title='bbox 3333 4160 3512 4232; x_wconf 85' lang='grc' dir='ltr'>ἐαυτῷ</span> <span class='ocrx_word' id='word_1_608' title='bbox 3536 4173 3796 4226; x_wconf 70' lang='grc' dir='ltr'>συνευφη-</span> 
     </span>
    </p>
   </div>
   <div class='ocr_carea' id='block_1_82' title="bbox 2228 4253 3794 4334">
    <p class='ocr_par' dir='ltr' id='par_1_82' title="bbox 2228 4253 3794 4334">
     <span class='ocr_line' id='line_1_82' title="bbox 2228 4253 3794 4334; baseline -0.011 -18"><span class='ocrx_word' id='word_1_609' title='bbox 2228 4263 2449 4334; x_wconf 84' lang='grc' dir='ltr'>μεϊσθαι</span> <span class='ocrx_word' id='word_1_610' title='bbox 2478 4263 2824 4332; x_wconf 69' lang='grc' dir='ltr'>παραχωρεῖ,</span> <span class='ocrx_word' id='word_1_611' title='bbox 2862 4260 2960 4315; x_wconf 75' lang='grc' dir='ltr'>καὶ</span> <span class='ocrx_word' id='word_1_612' title='bbox 2986 4259 3164 4312; x_wconf 80' lang='grc' dir='ltr'>πάντα</span> <span class='ocrx_word' id='word_1_613' title='bbox 3196 4259 3297 4326; x_wconf 86' lang='grc' dir='ltr'>μὲν</span> <span class='ocrx_word' id='word_1_614' title='bbox 3324 4254 3394 4307; x_wconf 79' lang='grc' dir='ltr'><strong>τὰ</strong></span> <span class='ocrx_word' id='word_1_615' title='bbox 3415 4253 3527 4307; x_wconf 83' lang='grc' dir='ltr'><strong>τῶν</strong></span> <span class='ocrx_word' id='word_1_616' title='bbox 3557 4253 3794 4322; x_wconf 85' lang='grc' dir='ltr'>θεμάτων</span> 
     </span>
    </p>
   </div>
   <div class='ocr_carea' id='block_1_83' title="bbox 2223 4344 3794 4430">
    <p class='ocr_par' dir='ltr' id='par_1_83' title="bbox 2223 4344 3794 4430">
     <span class='ocr_line' id='line_1_83' title="bbox 2223 4344 3794 4430; baseline -0.011 -18"><span class='ocrx_word' id='word_1_617' title='bbox 2223 4360 2482 4430; x_wconf 86' lang='grc' dir='ltr'>τάγματα</span> <span class='ocrx_word' id='word_1_618' title='bbox 2510 4359 2760 4424; x_wconf 76' lang='grc' dir='ltr'>ἐδέξαντο</span> <span class='ocrx_word' id='word_1_619' title='bbox 2783 4357 2881 4427; x_wconf 81' lang='grc' dir='ltr'><strong>τήν</strong></span> <span class='ocrx_word' id='word_1_620' title='bbox 2907 4356 3005 4424; x_wconf 78' lang='grc' dir='ltr'>τῆς</span> <span class='ocrx_word' id='word_1_621' title='bbox 3034 4351 3268 4422; x_wconf 82' lang='grc' dir='ltr'>Εἰρήνης</span> <span class='ocrx_word' id='word_1_622' title='bbox 3300 4344 3456 4410; x_wconf 77' lang='grc' dir='ltr'>αὖθις</span> <span class='ocrx_word' id='word_1_623' title='bbox 3481 4348 3794 4417; x_wconf 63' lang='grc' dir='ltr'>ἀνάρῥησιν.</span> 
     </span>
    </p>
   </div>
   <div class='ocr_carea' id='block_1_84' title="bbox 521 4436 2108 4523">
    <p class='ocr_par' dir='ltr' id='par_1_84' title="bbox 521 4436 2105 4519">
     <span class='ocr_line' id='line_1_84' title="bbox 521 4436 2105 4519; baseline 0.01 -30"><span class='ocrx_word' id='word_1_624' title='bbox 521 4436 732 4490; x_wconf 77' lang='lat' dir='ltr'><strong>dictum</strong></span> <span class='ocrx_word' id='word_1_625' title='bbox 784 4447 908 4502; x_wconf 88' lang='lat' dir='ltr'><strong>est,</strong></span> <span class='ocrx_word' id='word_1_626' title='bbox 961 4438 1176 4508; x_wconf 91' lang='lat' dir='ltr'><strong>pridem</strong></span> <span class='ocrx_word' id='word_1_627' title='bbox 1224 4453 1386 4496; x_wconf 86' lang='lat' dir='ltr'><strong>suum</strong></span> <span class='ocrx_word' id='word_1_628' title='bbox 1429 4446 1884 4514; x_wconf 88' lang='lat' dir='ltr'><strong>accersentibus,</strong></span> <span class='ocrx_word' id='word_1_629' title='bbox 1939 4465 2105 4519; x_wconf 91' lang='lat' dir='ltr'><strong>quem</strong></span> 
     </span>
    </p>
   </div>
   <div class='ocr_carea' id='block_1_85' title="bbox 2215 4436 3793 4523">
    <p class='ocr_par' dir='ltr' id='par_1_85' title="bbox 2215 4441 3793 4523">
     <span class='ocr_line' id='line_1_85' title="bbox 2215 4441 3793 4523; baseline -0.011 -17"><span class='ocrx_word' id='word_1_630' title='bbox 2215 4454 2278 4506; x_wconf 89' lang='grc' dir='ltr'><strong>Οἱ</strong></span> <span class='ocrx_word' id='word_1_631' title='bbox 2307 4453 2362 4508; x_wconf 83' lang='grc' dir='ltr'><strong>δέ</strong></span> <span class='ocrx_word' id='word_1_632' title='bbox 2395 4455 2487 4507; x_wconf 71' lang='grc' dir='ltr'>το)</span> <span class='ocrx_word' id='word_1_633' title='bbox 2520 4453 2757 4523; x_wconf 80' lang='grc' dir='ltr'>θέματος</span> <span class='ocrx_word' id='word_1_634' title='bbox 2788 4453 2898 4507; x_wconf 87' lang='grc' dir='ltr'><strong>τῶν</strong></span> <span class='ocrx_word' id='word_1_635' title='bbox 2959 4445 3339 4522; x_wconf 79' lang='grc' dir='ltr'>’Λρμενιακῶν</span> <span class='ocrx_word' id='word_1_636' title='bbox 3371 4441 3701 4497; x_wconf 79' lang='grc' dir='ltr'>ἀντέπιπτὸν</span> <span class='ocrx_word' id='word_1_637' title='bbox 3741 4451 3793 4488; x_wconf 77' lang='grc' dir='ltr'><strong>τι</strong></span> 
     </span>
    </p>
   </div>
   <div class='ocr_carea' id='block_1_86' title="bbox 521 4530 2110 4613">
    <p class='ocr_par' dir='ltr' id='par_1_86' title="bbox 521 4530 2110 4613">
     <span class='ocr_line' id='line_1_86' title="bbox 521 4530 2110 4613; baseline 0.01 -29"><span class='ocrx_word' id='word_1_638' title='bbox 521 4530 824 4600; x_wconf 82' lang='lat' dir='ltr'><strong>imperator</strong></span> <span class='ocrx_word' id='word_1_639' title='bbox 862 4540 992 4587; x_wconf 90' lang='lat' dir='ltr'><strong>ante</strong></span> <span class='ocrx_word' id='word_1_640' title='bbox 1045 4544 1398 4601; x_wconf 89' lang='lat' dir='ltr'><strong>revocatum,</strong></span> <span class='ocrx_word' id='word_1_641' title='bbox 1455 4545 1510 4591; x_wconf 90' lang='lat' dir='ltr'><strong>et</strong></span> <span class='ocrx_word' id='word_1_642' title='bbox 1567 4539 1784 4608; x_wconf 90' lang='lat' dir='ltr'><strong>patricii</strong></span> <span class='ocrx_word' id='word_1_643' title='bbox 1843 4542 2110 4613; x_wconf 87' lang='lat' dir='ltr'><strong>dignitate</strong></span> 
     </span>
    </p>
   </div>
   <div class='ocr_carea' id='block_1_87' title="bbox 522 4623 2109 4698">
    <p class='ocr_par' dir='ltr' id='par_1_87' title="bbox 522 4623 2109 4698">
     <span class='ocr_line' id='line_1_87' title="bbox 522 4623 2109 4698; baseline 0.01 -24"><span class='ocrx_word' id='word_1_644' title='bbox 522 4631 782 4676; x_wconf 86' lang='lat' dir='ltr'><strong>ornatum</strong></span> <span class='ocrx_word' id='word_1_645' title='bbox 811 4623 957 4692; x_wconf 87' lang='lat' dir='ltr'><strong>apud</strong></span> <span class='ocrx_word' id='word_1_646' title='bbox 995 4637 1054 4679; x_wconf 90' lang='lat' dir='ltr'><strong>se</strong></span> <span class='ocrx_word' id='word_1_647' title='bbox 1083 4624 1345 4680; x_wconf 83' lang='lat' dir='ltr'><strong>habebat.</strong></span> <span class='ocrx_word' id='word_1_648' title='bbox 1379 4625 1484 4682; x_wconf 91' lang='lat' dir='ltr'><strong>Sed</strong></span> <span class='ocrx_word' id='word_1_649' title='bbox 1516 4629 1646 4698; x_wconf 73' lang='lat' dir='ltr'><strong>quia</strong></span> <span class='ocrx_word' id='word_1_650' title='bbox 1675 4631 1820 4688; x_wconf 83' lang='lat' dir='ltr'><strong>fama</strong></span> <span class='ocrx_word' id='word_1_651' title='bbox 1854 4643 1974 4689; x_wconf 92' lang='lat' dir='ltr'><strong>erat</strong></span> <span class='ocrx_word' id='word_1_652' title='bbox 2004 4635 2109 4689; x_wconf 83' lang='lat' dir='ltr'><strong>im-</strong></span> 
     </span>
    </p>
   </div>
   <div class='ocr_carea' id='block_1_88' title="bbox 523 4719 2108 4798">
    <p class='ocr_par' dir='ltr' id='par_1_88' title="bbox 523 4719 2108 4798">
     <span class='ocr_line' id='line_1_88' title="bbox 523 4719 2108 4798; baseline 0.012 -32"><span class='ocrx_word' id='word_1_653' title='bbox 523 4726 845 4784; x_wconf 84' lang='lat' dir='ltr'><strong>peraturum</strong></span> <span class='ocrx_word' id='word_1_654' title='bbox 881 4733 1026 4785; x_wconf 88' lang='lat' dir='ltr'><strong>esse,</strong></span> <span class='ocrx_word' id='word_1_655' title='bbox 1056 4727 1113 4774; x_wconf 89' lang='lat' dir='ltr'><strong>et</strong></span> <span class='ocrx_word' id='word_1_656' title='bbox 1142 4719 1270 4790; x_wconf 92' lang='lat' dir='ltr'><strong>quia</strong></span> <span class='ocrx_word' id='word_1_657' title='bbox 1306 4737 1335 4776; x_wconf 94' lang='lat' dir='ltr'><strong>a</strong></span> <span class='ocrx_word' id='word_1_658' title='bbox 1379 4721 1660 4780; x_wconf 87' lang='lat' dir='ltr'><strong>seditiosis</strong></span> <span class='ocrx_word' id='word_1_659' title='bbox 1697 4729 2108 4798; x_wconf 83' lang='lat' dir='ltr'><strong>accersebatur,</strong></span> 
     </span>
    </p>
   </div>
   <div class='ocr_carea' id='block_1_89' title="bbox 523 4807 2110 4879">
    <p class='ocr_par' dir='ltr' id='par_1_89' title="bbox 523 4807 2110 4879">
     <span class='ocr_line' id='line_1_89' title="bbox 523 4807 2110 4879; baseline 0.012 -19"><span class='ocrx_word' id='word_1_660' title='bbox 523 4807 781 4862; x_wconf 88' lang='lat' dir='ltr'><strong>eumdem</strong></span> <span class='ocrx_word' id='word_1_661' title='bbox 821 4825 890 4863; x_wconf 79' lang='lat' dir='ltr'><strong>ex</strong></span> <span class='ocrx_word' id='word_1_662' title='bbox 931 4819 1078 4864; x_wconf 88' lang='lat' dir='ltr'><strong>metu</strong></span> <span class='ocrx_word' id='word_1_663' title='bbox 1116 4811 1170 4866; x_wconf 91' lang='lat' dir='ltr'><strong>in</strong></span> <span class='ocrx_word' id='word_1_664' title='bbox 1205 4812 1604 4868; x_wconf 69' lang='lat' dir='ltr'><strong>Prmtorianum</strong></span> <span class='ocrx_word' id='word_1_665' title='bbox 1639 4833 1922 4874; x_wconf 89' lang='lat' dir='ltr'><strong>carcerem</strong></span> <span class='ocrx_word' id='word_1_666' title='bbox 1973 4839 2110 4879; x_wconf 89' lang='lat' dir='ltr'><strong>con-</strong></span> 
     </span>
    </p>
   </div>
   <div class='ocr_carea' id='block_1_90' title="bbox 517 4899 2127 4982">
    <p class='ocr_par' dir='ltr' id='par_1_90' title="bbox 517 4899 2127 4982">
     <span class='ocr_line' id='line_1_90' title="bbox 517 4899 2127 4982; baseline 0.012 -29"><span class='ocrx_word' id='word_1_667' title='bbox 517 4899 675 4969; x_wconf 85' lang='lat' dir='ltr'><strong>jeeit,</strong></span> <span class='ocrx_word' id='word_1_668' title='bbox 708 4899 890 4972; x_wconf 80' lang='lat' dir='ltr'><strong>ﬂagris</strong></span> <span class='ocrx_word' id='word_1_669' title='bbox 914 4902 1070 4972; x_wconf 91' lang='lat' dir='ltr'><strong>prius</strong></span> <span class='ocrx_word' id='word_1_670' title='bbox 1102 4919 1327 4972; x_wconf 69' lang='lat' dir='ltr'><strong>caesum,</strong></span> <span class='ocrx_word' id='word_1_671' title='bbox 1353 4923 1624 4982; x_wconf 84' lang='lat' dir='ltr'><strong>comaque</strong></span> <span class='ocrx_word' id='word_1_672' title='bbox 1653 4921 1906 4974; x_wconf 82' lang='lat' dir='ltr'><strong>detonsa.</strong></span> <span class='ocrx_word' id='word_1_673' title='bbox 1949 4915 2127 4972; x_wconf 86' lang='lat' dir='ltr'><strong>Prin--</strong></span> 
     </span>
    </p>
   </div>
   <div class='ocr_carea' id='block_1_91' title="bbox 523 4993 2111 5077">
    <p class='ocr_par' dir='ltr' id='par_1_91' title="bbox 523 4993 2111 5077">
     <span class='ocr_line' id='line_1_91' title="bbox 523 4993 2111 5077; baseline 0.009 -27"><span class='ocrx_word' id='word_1_674' title='bbox 523 4995 634 5065; x_wconf 89' lang='lat' dir='ltr'><strong>cipi</strong></span> <span class='ocrx_word' id='word_1_675' title='bbox 663 4993 1028 5068; x_wconf 83' lang='lat' dir='ltr'><strong>Bulgarorum</strong></span> <span class='ocrx_word' id='word_1_676' title='bbox 1065 4999 1371 5054; x_wconf 78' lang='lat' dir='ltr'><strong>Romanam</strong></span> <span class='ocrx_word' id='word_1_677' title='bbox 1395 5001 1666 5059; x_wconf 90' lang='lat' dir='ltr'><strong>ditionem</strong></span> <span class='ocrx_word' id='word_1_678' title='bbox 1695 5021 1972 5077; x_wconf 80' lang='lat' dir='ltr'><strong>aggressa,</strong></span> <span class='ocrx_word' id='word_1_679' title='bbox 2008 5010 2111 5065; x_wconf 85' lang='lat' dir='ltr'><strong>im-</strong></span> 
     </span>
    </p>
   </div>
   <div class='ocr_carea' id='block_1_92' title="bbox 2221 4535 3788 4616">
    <p class='ocr_par' dir='ltr' id='par_1_92' title="bbox 2221 4535 3788 4616">
     <span class='ocr_line' id='line_1_92' title="bbox 2221 4535 3788 4616; baseline -0.011 -12"><span class='ocrx_word' id='word_1_680' title='bbox 2221 4551 2316 4604; x_wconf 73' lang='grc' dir='ltr'>καὶ</span> <span class='ocrx_word' id='word_1_681' title='bbox 2349 4550 2692 4616; x_wconf 75' lang='grc' dir='ltr'>ἐστασίαζον,</span> <span class='ocrx_word' id='word_1_682' title='bbox 2716 4547 2810 4603; x_wconf 72' lang='grc' dir='ltr'>καὶ</span> <span class='ocrx_word' id='word_1_683' title='bbox 2851 4541 3218 4600; x_wconf 75' lang='grc' dir='ltr'>ἐπεκαλοῦντο</span> <span class='ocrx_word' id='word_1_684' title='bbox 3244 4543 3336 4594; x_wconf 60' lang='grc' dir='ltr'><strong>τὸν</strong></span> <span class='ocrx_word' id='word_1_685' title='bbox 3375 4539 3572 4614; x_wconf 83' lang='grc' dir='ltr'>πρώην</span> <span class='ocrx_word' id='word_1_686' title='bbox 3600 4535 3788 4596; x_wconf 79' lang='grc' dir='ltr'>αὐτῶν,</span> 
     </span>
    </p>
   </div>
   <div class='ocr_carea' id='block_1_93' title="bbox 2214 4630 3786 4712">
    <p class='ocr_par' dir='ltr' id='par_1_93' title="bbox 2214 4630 3786 4712">
     <span class='ocr_line' id='line_1_93' title="bbox 2214 4630 3786 4712; baseline -0.008 -20"><span class='ocrx_word' id='word_1_687' title='bbox 2214 4641 2291 4703; x_wconf 81' lang='grc' dir='ltr'>ὡς</span> <span class='ocrx_word' id='word_1_688' title='bbox 2330 4641 2570 4712; x_wconf 76' lang='grc' dir='ltr'>εἴρηται,</span> <span class='ocrx_word' id='word_1_689' title='bbox 2605 4639 3070 4710; x_wconf 79' lang='grc' dir='ltr'>στρατηγήσαντα</span> <span class='ocrx_word' id='word_1_690' title='bbox 3118 4635 3358 4700; x_wconf 78' lang='grc' dir='ltr'>Ἀλέξιον</span> <span class='ocrx_word' id='word_1_691' title='bbox 3411 4633 3504 4687; x_wconf 79' lang='grc' dir='ltr'><strong>τὸν</strong></span> <span class='ocrx_word' id='word_1_692' title='bbox 3539 4630 3786 4702; x_wconf 80' lang='grc' dir='ltr'>Μωσηλέ.</span> 
     </span>
    </p>
   </div>
   <div class='ocr_carea' id='block_1_94' title="bbox 2216 4722 3790 4803">
    <p class='ocr_par' dir='ltr' id='par_1_94' title="bbox 2216 4722 3790 4803">
     <span class='ocr_line' id='line_1_94' title="bbox 2216 4722 3790 4803; baseline -0.007 -17"><span class='ocrx_word' id='word_1_693' title='bbox 2216 4731 2395 4803; x_wconf 78' lang='grc' dir='ltr'>Ἐφθη</span> <span class='ocrx_word' id='word_1_694' title='bbox 2448 4732 2559 4803; x_wconf 83' lang='grc' dir='ltr'><strong>γὰρ</strong></span> <span class='ocrx_word' id='word_1_695' title='bbox 2609 4731 2773 4786; x_wconf 73' lang='grc' dir='ltr'>αὐτὸν</span> <span class='ocrx_word' id='word_1_696' title='bbox 2803 4734 2831 4784; x_wconf 89' lang='grc' dir='ltr'>ὁ</span> <span class='ocrx_word' id='word_1_697' title='bbox 2873 4732 3125 4802; x_wconf 80' lang='grc' dir='ltr'>βασιλεὺς</span> <span class='ocrx_word' id='word_1_698' title='bbox 3167 4730 3378 4784; x_wconf 85' lang='grc' dir='ltr'>ἐκεῖθεν</span> <span class='ocrx_word' id='word_1_699' title='bbox 3441 4722 3790 4798; x_wconf 75' lang='grc' dir='ltr'>μεταπεμψά·</span> 
     </span>
    </p>
   </div>
   <div class='ocr_carea' id='block_1_95' title="bbox 2220 4822 3788 4898">
    <p class='ocr_par' dir='ltr' id='par_1_95' title="bbox 2220 4822 3788 4898">
     <span class='ocr_line' id='line_1_95' title="bbox 2220 4822 3788 4898; baseline -0.002 -19"><span class='ocrx_word' id='word_1_700' title='bbox 2220 4843 2403 4896; x_wconf 83' lang='grc' dir='ltr'>μενος,</span> <span class='ocrx_word' id='word_1_701' title='bbox 2441 4827 2538 4879; x_wconf 75' lang='grc' dir='ltr'>καὶ</span> <span class='ocrx_word' id='word_1_702' title='bbox 2585 4829 2826 4896; x_wconf 74' lang='grc' dir='ltr'>τιμήσας</span> <span class='ocrx_word' id='word_1_703' title='bbox 2878 4828 3206 4897; x_wconf 84' lang='grc' dir='ltr'>πατρίκιον,</span> <span class='ocrx_word' id='word_1_704' title='bbox 3252 4822 3368 4898; x_wconf 79' lang='grc' dir='ltr'>εἶχε</span> <span class='ocrx_word' id='word_1_705' title='bbox 3420 4827 3541 4898; x_wconf 81' lang='grc' dir='ltr'>μεθ’</span> <span class='ocrx_word' id='word_1_706' title='bbox 3572 4822 3788 4883; x_wconf 86' lang='grc' dir='ltr'>ἐαυτοῦ,</span> 
     </span>
    </p>
   </div>
   <div class='ocr_carea' id='block_1_96' title="bbox 2218 4918 3784 4992">
    <p class='ocr_par' dir='ltr' id='par_1_96' title="bbox 2218 4918 3784 4992">
     <span class='ocr_line' id='line_1_96' title="bbox 2218 4918 3784 4992; baseline -0.001 -20"><span class='ocrx_word' id='word_1_707' title='bbox 2218 4922 2409 4992; x_wconf 83' lang='grc' dir='ltr'>φήμης</span> <span class='ocrx_word' id='word_1_708' title='bbox 2441 4918 2848 4991; x_wconf 78' lang='grc' dir='ltr'>ἐπικρατούσης</span> <span class='ocrx_word' id='word_1_709' title='bbox 2884 4923 3110 4992; x_wconf 81' lang='grc' dir='ltr'>μέλλειν</span> <span class='ocrx_word' id='word_1_710' title='bbox 3145 4920 3460 4991; x_wconf 85' lang='grc' dir='ltr'>βασιλεύειν</span> <span class='ocrx_word' id='word_1_711' title='bbox 3491 4923 3583 4975; x_wconf 83' lang='grc' dir='ltr'>τὸν</span> <span class='ocrx_word' id='word_1_712' title='bbox 3610 4920 3784 4989; x_wconf 66' lang='grc' dir='ltr'>ἄνδρα.</span> 
     </span>
    </p>
   </div>
   <div class='ocr_carea' id='block_1_97' title="bbox 2217 5013 3784 5098">
    <p class='ocr_par' dir='ltr' id='par_1_97' title="bbox 2217 5013 3784 5098">
     <span class='ocr_line' id='line_1_97' title="bbox 2217 5013 3784 5098; baseline 0.002 -33"><span class='ocrx_word' id='word_1_713' title='bbox 2217 5015 2316 5066; x_wconf 86' lang='grc' dir='ltr'>Διά</span> <span class='ocrx_word' id='word_1_714' title='bbox 2359 5013 2566 5084; x_wconf 88' lang='grc' dir='ltr'>ταύτην</span> <span class='ocrx_word' id='word_1_715' title='bbox 2609 5014 2792 5071; x_wconf 83' lang='grc' dir='ltr'>τοίνυν</span> <span class='ocrx_word' id='word_1_716' title='bbox 2825 5022 2921 5098; x_wconf 60' lang='grc' dir='ltr'>καὶ</span> <span class='ocrx_word' id='word_1_717' title='bbox 2949 5022 3031 5076; x_wconf 80' lang='grc' dir='ltr'>ὅτι</span> <span class='ocrx_word' id='word_1_718' title='bbox 3067 5020 3218 5092; x_wconf 73' lang='grc' dir='ltr'>παρὰ</span> <span class='ocrx_word' id='word_1_719' title='bbox 3253 5019 3360 5072; x_wconf 90' lang='grc' dir='ltr'><strong>τῶν</strong></span> <span class='ocrx_word' id='word_1_720' title='bbox 3400 5018 3784 5082; x_wconf 76' lang='grc' dir='ltr'>στασιαζόντων</span> 
     </span>
    </p>
   </div>
   <div class='ocr_carea' id='block_1_98' title="bbox 1721 5165 2609 5241">
    <p class='ocr_par' dir='ltr' id='par_1_98' title="bbox 1721 5165 2609 5241">
     <span class='ocr_line' id='line_1_98' title="bbox 1721 5165 2609 5241; baseline 0.015 -13"><span class='ocrx_word' id='word_1_721' title='bbox 1721 5165 1922 5229; x_wconf 81' lang='lat' dir='ltr'><strong>Variae</strong></span> <span class='ocrx_word' id='word_1_722' title='bbox 1963 5168 2270 5237; x_wconf 89' lang='lat' dir='ltr'><strong>lectiones</strong></span> <span class='ocrx_word' id='word_1_723' title='bbox 2313 5181 2376 5236; x_wconf 91' lang='lat' dir='ltr'><strong>et</strong></span> <span class='ocrx_word' id='word_1_724' title='bbox 2420 5183 2609 5241; x_wconf 64' lang='lat' dir='ltr'><strong>notae.</strong></span> 
     </span>
    </p>
   </div>
   <div class='ocr_carea' id='block_1_99' title="bbox 601 5308 2114 5392">
    <p class='ocr_par' dir='ltr' id='par_1_99' title="bbox 601 5308 2114 5392">
     <span class='ocr_line' id='line_1_99' title="bbox 601 5308 2114 5392; baseline 0.011 -32"><span class='ocrx_word' id='word_1_725' title='bbox 601 5308 1404 5392; x_wconf 33' lang='lat' dir='ltr'><strong>(tillloélwpaijrnc.‘Tjriﬂinii,</strong></span> <span class='ocrx_word' id='word_1_726' title='bbox 1448 5317 1794 5392; x_wconf 81' lang='lat' dir='ltr'><strong>patriarchii,</strong></span> <span class='ocrx_word' id='word_1_727' title='bbox 1851 5321 2114 5392; x_wconf 73' lang='lat' dir='ltr'><strong>Thomai-</strong></span> 
     </span>
    </p>
   </div>
   <div class='ocr_carea' id='block_1_100' title="bbox 530 5380 2114 5456">
    <p class='ocr_par' dir='ltr' id='par_1_100' title="bbox 530 5380 2114 5456">
     <span class='ocr_line' id='line_1_100' title="bbox 530 5380 2114 5456; baseline 0.008 -22"><span class='ocrx_word' id='word_1_728' title='bbox 530 5389 597 5456; x_wconf 75' lang='lat' dir='ltr'><strong>ta:</strong></span> <span class='ocrx_word' id='word_1_729' title='bbox 625 5380 782 5456; x_wconf 76' lang='lat' dir='ltr'><strong>dicti,</strong></span> <span class='ocrx_word' id='word_1_730' title='bbox 815 5384 1068 5456; x_wconf 78' lang='lat' dir='ltr'><strong>conditor</strong></span> <span class='ocrx_word' id='word_1_731' title='bbox 1092 5384 1201 5456; x_wconf 72' lang='lat' dir='ltr'><strong>fuit</strong></span> <span class='ocrx_word' id='word_1_732' title='bbox 1227 5380 1468 5439; x_wconf 82' lang='lat' dir='ltr'><strong>Thomas</strong></span> <span class='ocrx_word' id='word_1_733' title='bbox 1504 5380 1812 5456; x_wconf 72' lang='lat' dir='ltr'><strong>patriarcha</strong></span> <span class='ocrx_word' id='word_1_734' title='bbox 1839 5389 2114 5446; x_wconf 87' lang='lat' dir='ltr'><strong>Constan—</strong></span> 
     </span>
    </p>
   </div>
   <div class='ocr_carea' id='block_1_101' title="bbox 531 5452 2112 5530">
    <p class='ocr_par' dir='ltr' id='par_1_101' title="bbox 531 5452 2112 5530">
     <span class='ocr_line' id='line_1_101' title="bbox 531 5452 2112 5530; baseline 0.009 -28"><span class='ocrx_word' id='word_1_735' title='bbox 531 5452 831 5530; x_wconf 73' lang='lat' dir='ltr'><strong>tinopolit.,</strong></span> <span class='ocrx_word' id='word_1_736' title='bbox 860 5453 951 5530; x_wconf 76' lang='lat' dir='ltr'><strong>qui</strong></span> <span class='ocrx_word' id='word_1_737' title='bbox 976 5453 1206 5530; x_wconf 61' lang='lat' dir='ltr'><strong>eriaeo</strong></span> <span class='ocrx_word' id='word_1_738' title='bbox 1230 5452 1517 5530; x_wconf 61' lang='lat' dir='ltr'><strong>successit.</strong></span> <span class='ocrx_word' id='word_1_739' title='bbox 1534 5457 1877 5530; x_wconf 76' lang='lat' dir='ltr'><strong>Nicephorus</strong></span> <span class='ocrx_word' id='word_1_740' title='bbox 1899 5462 2112 5516; x_wconf 84' lang='lat' dir='ltr'><strong>Callist.</strong></span> 
     </span>
    </p>
   </div>
   <div class='ocr_carea' id='block_1_102' title="bbox 529 5519 2118 5598">
    <p class='ocr_par' dir='ltr' id='par_1_102' title="bbox 529 5519 2118 5598">
     <span class='ocr_line' id='line_1_102' title="bbox 529 5519 2118 5598; baseline 0.008 -26"><span class='ocrx_word' id='word_1_741' title='bbox 529 5519 568 5575; x_wconf 88' lang='grc' dir='ltr'>Ι.</span> <span class='ocrx_word' id='word_1_742' title='bbox 589 5537 760 5598; x_wconf 75' lang='lat' dir='ltr'><strong>_xvnt,</strong></span> <span class='ocrx_word' id='word_1_743' title='bbox 790 5537 840 5576; x_wconf 92' lang='lat' dir='ltr'><strong>c.</strong></span> <span class='ocrx_word' id='word_1_744' title='bbox 873 5524 942 5598; x_wconf 62' lang='grc' dir='ltr'><em>μ</em></span> <span class='ocrx_word' id='word_1_745' title='bbox 989 5519 1057 5578; x_wconf 76' lang='lat' dir='ltr'><strong>de</strong></span> <span class='ocrx_word' id='word_1_746' title='bbox 1096 5524 1308 5579; x_wconf 84' lang='lat' dir='ltr'><strong>ThOma</strong></span> <span class='ocrx_word' id='word_1_747' title='bbox 1342 5528 1503 5598; x_wconf 69' lang='lat' dir='ltr'><strong>:_&#39;t‘e~</strong></span> <span class='ocrx_word' id='word_1_748' title='bbox 1547 5519 1804 5598; x_wconf 62' lang='grc' dir='ltr'>μέγιστον</span> <span class='ocrx_word' id='word_1_749' title='bbox 1829 5527 1978 5586; x_wconf 80' lang='grc' dir='ltr'>οἶκον</span> <span class='ocrx_word' id='word_1_750' title='bbox 2002 5533 2118 5586; x_wconf 72' lang='lat' dir='ltr'><strong>65t-</strong></span> 
     </span>
    </p>
   </div>
   <div class='ocr_carea' id='block_1_103' title="bbox 533 5590 2113 5670">
    <p class='ocr_par' dir='ltr' id='par_1_103' title="bbox 533 5590 2113 5670">
     <span class='ocr_line' id='line_1_103' title="bbox 533 5590 2113 5670; baseline 0.01 -30"><span class='ocrx_word' id='word_1_751' title='bbox 533 5590 784 5670; x_wconf 62' lang='grc' dir='ltr'>μρμενος</span> <span class='ocrx_word' id='word_1_752' title='bbox 830 5594 910 5662; x_wconf 81' lang='grc' dir='ltr'><strong>τῷ</strong></span> <span class='ocrx_word' id='word_1_753' title='bbox 957 5597 1313 5670; x_wconf 64' lang='grc' dir='ltr'>ἐπισκοπείῳ,</span> <span class='ocrx_word' id='word_1_754' title='bbox 1364 5596 1444 5670; x_wconf 74' lang='grc' dir='ltr'>ὃς,</span> <span class='ocrx_word' id='word_1_755' title='bbox 1477 5590 1559 5651; x_wconf 73' lang='grc' dir='ltr'><strong>τὸ’</strong></span> <span class='ocrx_word' id='word_1_756' title='bbox 1593 5590 1688 5652; x_wconf 73' lang='grc' dir='ltr'>τοῦ</span> <span class='ocrx_word' id='word_1_757' title='bbox 1724 5601 2113 5670; x_wconf 70' lang='grc' dir='ltr'>δομησαμένου</span> 
     </span>
    </p>
   </div>
   <div class='ocr_carea' id='block_1_104' title="bbox 529 5659 2112 5740">
    <p class='ocr_par' dir='ltr' id='par_1_104' title="bbox 529 5659 2112 5740">
     <span class='ocr_line' id='line_1_104' title="bbox 529 5659 2112 5740; baseline 0.01 -31"><span class='ocrx_word' id='word_1_758' title='bbox 529 5659 956 5740; x_wconf 59' lang='grc' dir='ltr'>κληρωσάμενος</span> <span class='ocrx_word' id='word_1_759' title='bbox 1005 5665 1197 5740; x_wconf 70' lang='grc' dir='ltr'>ὄνομα.</span> <span class='ocrx_word' id='word_1_760' title='bbox 1222 5659 1540 5740; x_wconf 40' lang='grc' dir='ltr'>-Θωμαῖτης</span> <span class='ocrx_word' id='word_1_761' title='bbox 1571 5671 1628 5732; x_wconf 87' lang='grc' dir='ltr'><strong>ἐς</strong></span> <span class='ocrx_word' id='word_1_762' title='bbox 1674 5659 2112 5740; x_wconf 63' lang='grc' dir='ltr'>δεῦρο’τὸέπώ-</span> 
     </span>
    </p>
   </div>
   <div class='ocr_carea' id='block_1_105' title="bbox 530 5729 2113 5812">
    <p class='ocr_par' dir='ltr' id='par_1_105' title="bbox 530 5729 2113 5812">
     <span class='ocr_line' id='line_1_105' title="bbox 530 5729 2113 5812; baseline 0.013 -35"><span class='ocrx_word' id='word_1_763' title='bbox 530 5742 700 5812; x_wconf 59' lang='grc' dir='ltr'>νυμον</span> <span class='ocrx_word' id='word_1_764' title='bbox 732 5729 869 5812; x_wconf 56' lang='grc' dir='ltr'>ἔχει.</span> <span class='ocrx_word' id='word_1_765' title='bbox 901 5731 1076 5812; x_wconf 62' lang='lat' dir='ltr'><strong>Plura</strong></span> <span class='ocrx_word' id='word_1_766' title='bbox 1106 5729 1182 5812; x_wconf 78' lang='lat' dir='ltr'><strong>de</strong></span> <span class='ocrx_word' id='word_1_767' title='bbox 1222 5729 1353 5812; x_wconf 69' lang='lat' dir='ltr'><strong>hoc</strong></span> <span class='ocrx_word' id='word_1_768' title='bbox 1375 5729 2028 5812; x_wconf 12' lang='lat' dir='ltr'><strong>triel&#39;inioicong&#39;essimus</strong></span> <span class='ocrx_word' id='word_1_769' title='bbox 2058 5745 2113 5798; x_wconf 89' lang='lat' dir='ltr'><strong>in</strong></span> 
     </span>
    </p>
   </div>
   <div class='ocr_carea' id='block_1_106' title="bbox 529 5795 2114 5868">
    <p class='ocr_par' dir='ltr' id='par_1_106' title="bbox 529 5795 2114 5868">
     <span class='ocr_line' id='line_1_106' title="bbox 529 5795 2114 5868; baseline 0.011 -18"><span class='ocrx_word' id='word_1_770' title='bbox 529 5795 984 5857; x_wconf 55' lang='lat' dir='ltr'><strong>Constaniinonoli</strong></span> <span class='ocrx_word' id='word_1_771' title='bbox 1013 5804 1209 5860; x_wconf 80' lang='lat' dir='ltr'><strong>Christ.</strong></span> <span class='ocrx_word' id='word_1_772' title='bbox 1241 5807 1332 5860; x_wconf 88' lang='lat' dir='ltr'><strong>lib.</strong></span> <span class='ocrx_word' id='word_1_773' title='bbox 1365 5825 1419 5866; x_wconf 89' lang='lat' dir='ltr'><strong>ll.</strong></span> <span class='ocrx_word' id='word_1_774' title='bbox 1451 5820 1566 5864; x_wconf 88' lang='lat' dir='ltr'><strong>sect</strong></span> <span class='ocrx_word' id='word_1_775' title='bbox 1607 5811 1659 5865; x_wconf 89' lang='lat'><strong>8.</strong></span> <span class='ocrx_word' id='word_1_776' title='bbox 1691 5795 1845 5868; x_wconf 58' lang='lat' dir='ltr'><strong>lnuco</strong></span> <span class='ocrx_word' id='word_1_777' title='bbox 1866 5795 2114 5868; x_wconf 13' lang='lat' dir='ltr'><strong>rlrirlinio</strong></span> 
     </span>
    </p>
   </div>
   <div class='ocr_carea' id='block_1_107' title="bbox 2212 5326 3781 5401">
    <p class='ocr_par' dir='ltr' id='par_1_107' title="bbox 2212 5326 3781 5401">
     <span class='ocr_line' id='line_1_107' title="bbox 2212 5326 3781 5401; baseline 0.001 -22"><span class='ocrx_word' id='word_1_778' title='bbox 2212 5326 2427 5401; x_wconf 57' lang='lat' dir='ltr'><strong>cnstitit</strong></span> <span class='ocrx_word' id='word_1_779' title='bbox 2463 5326 2802 5401; x_wconf 75' lang='lat' dir='ltr'><strong>bibliotheca</strong></span> <span class='ocrx_word' id='word_1_780' title='bbox 2837 5329 3187 5401; x_wconf 57' lang='lat' dir='ltr'><strong>patriarchae.</strong></span> <span class='ocrx_word' id='word_1_781' title='bbox 3217 5346 3382 5401; x_wconf 85' lang='lat' dir='ltr'><strong>quam</strong></span> <span class='ocrx_word' id='word_1_782' title='bbox 3415 5331 3540 5387; x_wconf 86' lang='lat' dir='ltr'><strong>inde</strong></span> <span class='ocrx_word' id='word_1_783' title='bbox 3571 5327 3781 5401; x_wconf 79' lang='lat' dir='ltr'><strong>patriar-</strong></span> 
     </span>
    </p>
   </div>
   <div class='ocr_carea' id='block_1_108' title="bbox 2213 5397 3782 5472">
    <p class='ocr_par' dir='ltr' id='par_1_108' title="bbox 2213 5397 3782 5472">
     <span class='ocr_line' id='line_1_108' title="bbox 2213 5397 3782 5472; baseline 0.005 -25"><span class='ocrx_word' id='word_1_784' title='bbox 2213 5397 2865 5472; x_wconf 57' lang='lat' dir='ltr'><strong>chalem_b_ibliothecam</strong></span> <span class='ocrx_word' id='word_1_785' title='bbox 3004 5397 3248 5455; x_wconf 50' lang='lat' dir='ltr'><strong>Thema!</strong></span> <span class='ocrx_word' id='word_1_786' title='bbox 3268 5419 3551 5472; x_wconf 83' lang='lat' dir='ltr'><strong>perperam</strong></span> <span class='ocrx_word' id='word_1_787' title='bbox 3572 5397 3782 5472; x_wconf 46' lang='lat' dir='ltr'><strong>vocavit</strong></span> 
     </span>
    </p>
   </div>
   <div class='ocr_carea' id='block_1_109' title="bbox 2211 5465 3776 5542">
    <p class='ocr_par' dir='ltr' id='par_1_109' title="bbox 2211 5465 3776 5542">
     <span class='ocr_line' id='line_1_109' title="bbox 2211 5465 3776 5542; baseline -0.001 -22"><span class='ocrx_word' id='word_1_788' title='bbox 2211 5465 2578 5542; x_wconf 77' lang='lat' dir='ltr'><strong>Combellsius</strong></span> <span class='ocrx_word' id='word_1_789' title='bbox 2595 5471 2751 5542; x_wconf 73' lang='lat' dir='ltr'><strong>apud</strong></span> <span class='ocrx_word' id='word_1_790' title='bbox 2774 5469 3248 5542; x_wconf 13' lang='lat' dir='ltr'><strong>rContinuatorem</strong></span> <span class='ocrx_word' id='word_1_791' title='bbox 3271 5465 3650 5542; x_wconf 46' lang='lat' dir='ltr'><strong>&#39;TheOphanis.</strong></span> <span class='ocrx_word' id='word_1_792' title='bbox 3688 5467 3776 5522; x_wconf 89' lang='lat' dir='ltr'><strong>lib.</strong></span> 
     </span>
    </p>
   </div>
   <div class='ocr_carea' id='block_1_110' title="bbox 2215 5539 3776 5606">
    <p class='ocr_par' dir='ltr' id='par_1_110' title="bbox 2215 5539 3776 5606">
     <span class='ocr_line' id='line_1_110' title="bbox 2215 5539 3776 5606; baseline 0.001 -19"><span class='ocrx_word' id='word_1_793' title='bbox 2215 5551 2295 5598; x_wconf 86' lang='grc' dir='ltr'>ιιι,</span> <span class='ocrx_word' id='word_1_794' title='bbox 2326 5553 2385 5590; x_wconf 84' lang='grc' dir='ltr'><strong>ιι.</strong></span> <span class='ocrx_word' id='word_1_795' title='bbox 2433 5539 2520 5592; x_wconf 73' lang='grc'><strong>14.</strong></span> <span class='ocrx_word' id='word_1_796' title='bbox 2565 5539 2813 5594; x_wconf 79' lang='lat' dir='ltr'><strong>Meminit</strong></span> <span class='ocrx_word' id='word_1_797' title='bbox 2854 5549 3118 5606; x_wconf 72' lang='lat' dir='ltr'><strong>przeterea</strong></span> <span class='ocrx_word' id='word_1_798' title='bbox 3170 5539 3462 5597; x_wconf 82' lang='lat' dir='ltr'><strong>Balsamon</strong></span> <span class='ocrx_word' id='word_1_799' title='bbox 3491 5543 3558 5596; x_wconf 85' lang='lat' dir='ltr'><strong>ad</strong></span> <span class='ocrx_word' id='word_1_800' title='bbox 3591 5539 3776 5594; x_wconf 82' lang='lat' dir='ltr'><strong>Nomo-</strong></span> 
     </span>
    </p>
   </div>
   <div class='ocr_carea' id='block_1_111' title="bbox 2213 5609 3776 5678">
    <p class='ocr_par' dir='ltr' id='par_1_111' title="bbox 2213 5609 3776 5678">
     <span class='ocr_line' id='line_1_111' title="bbox 2213 5609 3776 5678; baseline 0.002 -19"><span class='ocrx_word' id='word_1_801' title='bbox 2213 5621 2481 5678; x_wconf 67' lang='lat' dir='ltr'><strong>ganonem</strong></span> <span class='ocrx_word' id='word_1_802' title='bbox 2517 5610 2722 5673; x_wconf 86' lang='lat' dir='ltr'><strong>Photii,</strong></span> <span class='ocrx_word' id='word_1_803' title='bbox 2752 5626 2807 5678; x_wconf 90' lang='lat' dir='ltr'><strong>p.</strong></span> <span class='ocrx_word' id='word_1_804' title='bbox 2845 5610 2953 5666; x_wconf 72' lang='grc'><strong>212</strong></span> <span class='ocrx_word' id='word_1_805' title='bbox 2989 5610 3007 5664; x_wconf 93' lang='grc' dir='ltr'><strong>ι</strong></span> <span class='ocrx_word' id='word_1_806' title='bbox 3047 5611 3185 5666; x_wconf 89' lang='lat' dir='ltr'><strong>edit.</strong></span> <span class='ocrx_word' id='word_1_807' title='bbox 3210 5611 3425 5668; x_wconf 86' lang='lat' dir='ltr'><strong>Justelli</strong></span> <span class='ocrx_word' id='word_1_808' title='bbox 3458 5615 3511 5666; x_wconf 91' lang='lat' dir='ltr'><strong>in</strong></span> <span class='ocrx_word' id='word_1_809' title='bbox 3544 5609 3776 5678; x_wconf 76' lang='lat' dir='ltr'><strong>versione</strong></span> 
     </span>
    </p>
   </div>
   <div class='ocr_carea' id='block_1_112' title="bbox 2212 5675 3771 5749">
    <p class='ocr_par' dir='ltr' id='par_1_112' title="bbox 2212 5675 3771 5749">
     <span class='ocr_line' id='line_1_112' title="bbox 2212 5675 3771 5749; baseline 0.002 -19"><span class='ocrx_word' id='word_1_810' title='bbox 2212 5675 2430 5749; x_wconf 70' lang='lat' dir='ltr'><strong>[.atina,</strong></span> <span class='ocrx_word' id='word_1_811' title='bbox 2463 5679 2708 5749; x_wconf 83' lang='lat' dir='ltr'><strong>ejusdem</strong></span> <span class='ocrx_word' id='word_1_812' title='bbox 2752 5675 3025 5736; x_wconf 71' lang='lat' dir='ltr'><strong>triclinii:</strong></span> <span class='ocrx_word' id='word_1_813' title='bbox 3081 5697 3208 5736; x_wconf 86' lang='lat' dir='ltr'><strong>nam</strong></span> <span class='ocrx_word' id='word_1_814' title='bbox 3239 5683 3355 5740; x_wconf 67' lang='lat' dir='ltr'><strong>haec</strong></span> <span class='ocrx_word' id='word_1_815' title='bbox 3387 5699 3502 5738; x_wconf 77' lang='lat' dir='ltr'><strong>vox.</strong></span> <span class='ocrx_word' id='word_1_816' title='bbox 3539 5683 3686 5738; x_wconf 84' lang='lat' dir='ltr'><strong>abest</strong></span> <span class='ocrx_word' id='word_1_817' title='bbox 3725 5675 3771 5729; x_wconf 85' lang='lat' dir='ltr'><strong>in</strong></span> 
     </span>
    </p>
   </div>
   <div class='ocr_carea' id='block_1_113' title="bbox 2213 5746 2605 5805">
    <p class='ocr_par' dir='ltr' id='par_1_113' title="bbox 2213 5746 2605 5805">
     <span class='ocr_line' id='line_1_113' title="bbox 2213 5746 2605 5805; baseline 0.005 -3"><span class='ocrx_word' id='word_1_818' title='bbox 2213 5746 2404 5803; x_wconf 86' lang='lat' dir='ltr'><strong>Gr.cco</strong></span> <span class='ocrx_word' id='word_1_819' title='bbox 2430 5746 2605 5805; x_wconf 67' lang='lat' dir='ltr'><strong>teitu.</strong></span> 
     </span>
    </p>
   </div>
  </div>
