4068 6414
379 349 515 421 1349

1606 372 2017 440 ANNALIUM
2058 382 2204 443 LIB.
2253 382 2297 442 Χ
2313 387 2372 444 ν.

3489 400 3642 493 ιεδο

370 474 715 541 ἐπεκαλεῖτο,
743 475 926 543 δείσας
956 482 982 533 ὁ
1007 481 1262 551 βασιλεὺς
1290 485 1578 557 καθεῖρξεν
1617 491 1673 541 ἐν
1698 491 1772 561 τῷ
1805 510 1931 563 πραι

2070 503 2290 560 perator
2316 494 2682 566 incomposito
2709 504 2925 570 agmine
2960 504 3173 560 obviam
3203 510 3484 578 profectus
3515 519 3639 575 vin-

371 564 555 634 τωρίῳ
620 565 805 630 αὑτὸν,
861 568 1040 639 τύψας

377 655 668 724 περιελὼν.
720 656 828 710 Τοῦ
880 659 937 712 δὲ
1000 661 1109 715 τῶν
1155 662 1479 735 Βουλγάρων
1527 670 1956 739 ἁρχηγετοῦντος

368 746 693 817 ὡρμηκότος
730 749 871 803 κατὰ
898 753 995 822 τῆς
1037 753 1353 824 Ῥωμαϊκῆς
1384 761 1767 829 ἐπικρατείας,
1794 764 1954 815 ἁσυνο

370 838 584 901 τάκτως
637 838 665 890 6
713 839 971 908 βασιλεὺς
1029 845 1178 916 αὑτῷ
1241 848 1485 902 ἐπελθὼν
1538 853 1805 921 ἡττᾶται,
1859 860 1953 910 καὶ

370 928 573 997 πλῆθος
622 932 758 984 πολὺ
813 936 1263 1006 στρατευομένων
1300 940 1622 1009 ἀπόλλυσιν,
1674 945 1811 999 ἀλλὰ
1844 947 1950 1016 μὴν

368 1022 596 1074 καὶτῶν
646 1026 988 1091 μεγιστάνων
1032 1028 1285 1094 πολλούς.
1339 1034 1404 1085 Αἰ
1450 1034 1507 1086 δὲ
1565 1039 1950 1106 στρατιωτικαὶ

368 1114 651 1177 συντάξει;
679 1116 1054 1184 ἁθροισθεῖσαι
1086 1124 1226 1177 κατὰ
1248 1123 1348 1195 τὴν
1372 1127 1767 1194 Μεγαλόπολιν,
1790 1130 1947 1182 ἐϐου-

366 1205 632 1259 λεύσαντο
667 1206 990 1276 βασιλεῦσαι
1030 1213 1121 1266 τὸν
1148 1215 1256 1268 ἀπὸ
1281 1217 1577 1288 Καισάρων
1607 1220 1943 1292 Νικηφόρον,

361 1297 455 1347 τὸν
535 1296 629 1349 τοῦ
713 1299 1126 1354 Κωνσταντίνου
1191 1305 1588 1375 πατραδελφον.
1663 1308 1824 1362 Ἀλλὰ
1884 1311 1945 1373 τὸ

363 1387 586 1456 σκέμμα
618 1389 718 1441 οὐκ
750 1389 909 1444 ἔλαθε
929 1408 942 1421 ·
981 1393 1064 1446 διὸ
1115 1396 1276 1459 αὑτὶς
1301 1398 1399 1467 μὲν
1426 1400 1453 1451 6
1486 1399 1800 1470 Νικηφόρος
1826 1402 1941 1468 ἐξε-

362 1480 504 1552 κόπη
546 1482 613 1533 τὰ
647 1481 902 1552 ὄμματα·
926 1486 954 1538 6
976 1486 1031 1538 δέ
1060 1503 1122 1555 γε
1153 1489 1551 1561 Χριστοφόρος,
1580 1493 1676 1546 καὶ
1708 1496 1736 1546 6
1767 1494 1941 1567 Νική-

361 1589 482 1635 τας,
512 1574 540 1624 6
597 1573 859 1645 ’Λνθιμός
907 1594 965 1630 τε
1012 1580 1104 1632 καὶ
1170 1581 1472 1652 Εὑδόκιμος
1519 1585 1625 1637 τῶν
1677 1586 1939 1652 γλωσσῶν

362 1662 680 1733 ὑπέστησαν
738 1665 1006 1738 ἐκτομήν.
1073 1670 1231 1724 Ἀλλὰ
1279 1675 1374 1726 καὶ
1424 1673 1517 1729 τὸν
1566 1677 1802 1747 Μωσηλὲ
1846 1678 1937 1731 τὸν

372 1755 612 1821 Ἀλέξιον
640 1759 667 1809 6
716 1757 972 1825 βασιλεὺς
1008 1761 1397 1832 ἐξετύφλωσεν,
1436 1766 1737 1836 ὑποθήκαις
1762 1770 1934 1823 ταῦτα

1127 574 1418 646 πρότερον,
1488 578 1582 631 καὶ
1626 579 1724 650 τὴν
1782 582 1959 650 κόμην

2061 585 2228 650 citur,
2282 587 2470 642 multis
2517 598 2572 643 et
2628 590 2900 649 militibus
2931 607 2986 650 et
3027 603 3346 667 proceribus
3396 610 3636 670 amissis.

2058 673 2425 740 Quamobrem
2481 680 2749 736 militares
2818 685 3041 742 ordines
3107 691 3163 744 in
3239 709 3433 766 magna
3498 704 3637 758 urbe

2057 770 2393 838 congregati,
2432 769 2499 823 de
2526 771 2838 841 Niccpltoro
2868 775 3103 844 Caesare,
3146 782 3493 844 Constantini
3536 809 3637 862 pa-v

2057 865 2203 921 truo,
2252 859 2317 911 ad
2383 861 2675 929 imperium
2722 864 3012 919 evehendo
3077 873 3309 928 consilia
3363 859 3629 936 inierunt.

2057 947 2166 1001 Sed
2221 965 2344 1002 cum
2407 952 2496 1003 illa
2534 953 2676 1007 clam
2729 971 2838 1008 non
2880 957 3131 1019 fuissent.
3167 962 3477 1033 Nic-ephoro
3527 971 3632 1040 ipsi

2051 1038 2192 1091 oculi
2218 1050 2346 1093 sunt
2381 1043 2587 1109 cll'ossi,
2638 1046 3064 1118 Clll‘llepllOt‘O,
3118 1055 3322 1112 Nicctae
3368 1038 3632 1117 Anthimo

2049 1137 2103 1181 et
2146 1129 2455 1186 Eudocimo
2506 1136 2704 1205 linguae
2730 1142 2991 1206 prmcisw.
3026 1143 3165 1199 Sunt
3201 1156 3255 1200 et
3289 1149 3480 1206 Alexio
3515 1153 3629 1208 Mo-

2047 1219 2146 1273 seli
2196 1225 2263 1276 de
2306 1227 2496 1279 matris
2541 1228 2773 1297 consilio
2804 1236 2950 1286 eruti
2984 1237 3153 1290 oculi.
3188 1237 3360 1310 Cujus
3383 1258 3630 1300 excaeca-

2048 1312 2196 1367 tione
2228 1315 2540 1371 Armeniaci
2583 1320 2819 1390 cognita,
2871 1323 3256 1383 Camulianum
3306 1336 3622 1403 patricium,

2044 1419 2203 1458 suum
2232 1407 2426 1462 ducem
2459 1410 2512 1463 in
2551 1414 2856 1468 custodiam
2890 1417 3181 1476 dederunt.
3228 1423 3306 1477 Eo
3335 1426 3403 1480 ad
3445 1429 3626 1499 impe-

2043 1509 2278 1553 ratorem
2315 1504 2507 1569 relato,
2551 1506 2978 1564 Constantinum
3015 1511 3329 1571 Artaseram
3361 1528 3416 1573 et
3444 1520 3623 1594 Chr)"

2041 1587 2312 1643 sochirem
2345 1593 2807 1654 buccellariorum
2846 1602 3042 1657 ducem
3072 1620 3198 1659 cum
3232 1610 3406 1678 copiis
3431 1587 3625 1670 contia-

2039 1677 2166 1733 illus
2194 1682 2384 1737 mittit.
2419 1686 2612 1742 Praelio
2631 1692 2952 1757 commisso,
2983 1694 3243 1765 utrinque
3276 1677 3435 1755 multi
3469 1705 3620 1759 ceci-

2039 1769 2284 1829 derunt:
2337 1778 2431 1831 scd
2482 1781 2853 1850 imperatoriis
2884 1786 3209 1858 proﬂigatis,
3253 1784 3621 1853 ambo-duces

368 1850 663 1917 μητρυιαῖς
765 1853 965 1921 ἐργασε
983 1870 1166 1922 μενος.
1221 1857 1282 1908 Οἱ
1318 1857 1373 1909 δὲ
1401 1862 1496 1910 τοῦ
1544 1834 1780 1930 θέματος
1824 1863 1931 1916 τῶν

2560 1834 2579 1850 ,
2606 1834 2617 1835 ,
2884 1834 3209 1858 ,ωυρμ-ν,
3253 1834 3415 1847 ...η-,ν
3448 1834 3618 1853 ...ιυυσ

2037 1862 2204 1930 capti,
2259 1873 2314 1918 et
2366 1867 2434 1922 ab
2491 1871 2832 1928 Armeniacis
2889 1879 3077 1931 caecati
3125 1890 3274 1933 sunt.
3344 1882 3473 1940 Post
3501 1886 3618 1956 ipse

369 1938 748 2009 Ἀρμενιακῶν
778 1943 874 2013 τὴν
921 1944 1014 1997 τοῦ
1075 1946 1314 2013 Ἀλεξίου
1353 1949 1617 2018 μαθόντες
1660 1954 1932 2022 τύφλωσιν

357 2030 446 2082 τὸν
477 2031 740 2102 σφέτερον
779 2036 1085 2105 στρατηγὸν
1119 2039 1389 2107 ἐποίησαν
1437 2040 1772 2115 ἔμφρουρον.
1822 2042 1930 2100 Ἶὶν

353 2121 396 2173 δ’
445 2115 598 2186 οὗτος
631 2124 658 2176 6
694 2125 1075 2195 Καμουλιανὸς
1119 2129 1147 2180 6
1187 2131 1500 2200 πατρίκιος.
1549 2133 1635 2196 Ὠς
1674 2135 1766 2189 οὖν
1803 2139 1935 2208 ἀνη-

354 2212 518 2284 νέχθη
567 2214 723 2268 τοῦτο
773 2216 850 2288 τῷ
905 2217 1137 2287 βασιλεῖ,
1189 2222 1399 2275 στέλλει
1445 2224 1566 2277 κατ’
1604 2227 1782 2279 αὑτῶν
1836 2231 1931 2283 σὺν

352 2302 577 2373 δυνάμει
603 2307 1010 2362 Κωνσταντῖνον
1045 2311 1134 2363 τὸν
1176 2312 1542 2383 Ἀρτασήραν,
1564 2318 1767 2370 καὶτὸν
1797 2338 1923 2390 χρυ-

355 2394 573 2466 σόχειρα
609 2399 912 2468 στρατηγὸν
937 2401 1046 2453 τῶν
1085 2402 1534 2476 βουκκελλαρίων
1564 2411 1926 2480 τυγχάνοντα.

355 2490 464 2541 Καὶ
507 2491 868 2560 κροτηθέντος
904 2493 1165 2564 πολέμου,
1222 2498 1404 2551 πολλοὶ
1453 2501 1552 2569 μὲν
1586 2503 1780 2557 ἔπεσον
1822 2506 1925 2572 ἀμ-

353 2581 693 2649 φοτέρωθεν,
744 2584 1036 2653 τρέπονται
1085 2587 1143 2638 δὲ
1177 2589 1224 2640 οἱ
1283 2588 1586 2658 βασιλικοὶ,
1625 2595 1716 2645 καὶ
1763 2596 1929 2663 ἄμφω

352 2673 744 2742 ζωγρηθέντων
795 2676 904 2728 τῶν
948 2679 1289 2748 στρατηγῶν,
1336 2680 1428 2744 οὒς
1471 2684 1519 2734 oi
1578 2683 1930 2754 Ἀρμενιακοὶ

352 2766 553 2819 αὐτίκα
602 2768 940 2837 ἐτύφλωσαν.
973 2768 1105 2823 Εἶτα
1136 2775 1230 2825 καὶ
1262 2775 1423 2836 αὑτὸς
1466 2778 1493 2827 ό
1535 2778 1754 2845 κρατῶν
1808 2780 1927 2831 κατ’

349 2859 528 2911 αὑτῶν
558 2860 969 2931 ἐξεστράτευσε,
997 2866 1093 2918 καὶ
1112 2865 1391 2936 χειροῦται
1420 2868 1636 2933 αὐτοὺς,
1659 2869 1754 2922 καὶ
1802 2873 1927 2934 τοὺς

351 2952 448 3020 μὲν
488 2953 825 3024 προῦχοντας
868 2957 1104 3026 ἀναιρεῖ,
1135 2961 1246 3021 τοῖς
1290 2959 1346 3012 δὲ
1412 2960 1618 3023 λοιποῖς
1663 2962 1926 3033 δήμευσιν

350 3044 460 3094 τῶν
538 3045 900 3116 ὑπαρχόντων
947 3049 1008 3099 τὸ
1059 3050 1334 3119 ἐπιτίμιον
1380 3051 1556 3116 ἔταξε.
1602 3052 1821 3117 Χιλίι.υ;
1871 3054 1927 3107 δὲ

2037 1952 2345 2023 imperator
2393 1968 2579 2018 contra
2642 1978 2739 2018 eos
2805 1969 3212 2037 proﬁciscitur,
3274 1980 3623 2049 victoriaque

2041 2047 2275 2116 potitus,
2322 2066 2584 2120 proceres
2647 2056 2871 2123 occidit,
2938 2070 3171 2119 ueteres
3244 2047 3625 2135 publicatione

2038 2138 2312 2195 bonorum
2360 2145 2578 2200 multat.
2623 2145 2729 2201 Sed
2764 2149 2914 2204 mille
2964 2166 3031 2206 ex
3079 2171 3270 2211 eorum
3323 2163 3615 2232 metropoli

2034 2230 2246 2286 vinctos
2272 2232 2327 2285 in
2371 2250 2624 2305 magnam
2664 2238 2855 2293 urbem
2890 2241 3059 2308 misit,
3101 2261 3403 2318 eorumque
3432 2230 3625 2307 vultus

2031 2324 2375 2390 compunxit,
2410 2334 2722 2382 atramento
2761 2330 2963 2388 litteris
3014 2334 3218 2403 infuso,
3261 2355 3385 2408 qua:
3431 2350 3616 2406 erant,

2028 2413 2381 2470 Armeniucus
2422 2421 2724 2483 insidiator,
2778 2438 2986 2494 eosque
3037 2427 3093 2480 in
3143 2430 3332 2487 Sicilia
3382 2445 3440 2489 et
3489 2436 3618 2493 aliis

2029 2505 2227 2561 insulis
2259 2508 2543 2579 dispersit.
2578 2512 2816 2570 Uxorem
2865 2518 3116 2586 Mariam,
3158 2538 3283 2576 cum
3329 2526 3451 2596 ejus
3480 2540 3612 2598 per-

2032 2607 2220 2676 taesum
2245 2614 2411 2668 esset,
2446 2605 2661 2660 tonderi
2705 2604 2889 2680 Coegit
2922 2611 2991 2666 de
3038 2614 3267 2670 consilio
3289 2619 3497 2685 matris,
3548 2630 3613 2676 ut

2028 2690 2204 2759 aiunt,
2248 2704 2308 2748 ut
2338 2696 2583 2750 omnium
2625 2700 2767 2754 odiis
2798 2701 2866 2754 ab
2915 2703 3008 2756 illo
3045 2708 3340 2775 susceptis,
3387 2726 3608 2769 summa

2028 2793 2212 2832 rerum
2258 2782 2442 2836 denuo
2482 2784 2549 2837 ad
2606 2786 2779 2854 ipsam
2842 2789 3073 2845 rediret.
3128 2792 3244 2848 Etsi
3293 2797 3439 2849 enim
3480 2813 3608 2853 cum

2028 2869 2145 2923 lilio
2192 2871 2445 2960 in_regta
2489 2874 2744 2945 degebat,
2788 2881 3078 2949 potestatis
3115 2895 3294 2938 tamen
3331 2889 3616 2960 particeps

2027 2975 2137 3013 non
2167 2950 2307 3025 erui,
2345 2964 2440 3018 sed
2463 2996 2469 3002 -
2494 2968 2734 3021 nominis
2767 2969 3051 3037 duntaxat,
3089 2988 3215 3027 cum
3259 2975 3477 3046 imperii
3508 2995 3610 3035 cu-

2027 3052 2257 3122 piditate
2285 3070 2449 3125 supra
2495 3059 2718 3113 modum
2762 3070 3044 3118 testuarct.
3082 3066 3385 3136 Imperator
3414 3070 3609 3140 igitur,

345 3134 456 3185 τῶν
486 3135 549 3186 ἐκ
595 3136 694 3204 τῆς
729 3137 909 3189 αὐτῶν
957 3140 1345 3209 μητροπόλεως
1387 3140 1686 3211 δεσμήσας,
1721 3144 1814 3195 καὶ
1846 3146 1924 3206 εἰς

2033 3161 2152 3200 cum
2221 3165 2358 3201 uxor
2414 3161 2670 3204 ornatum
2743 3153 2954 3234 regium
3014 3155 3186 3211 invita
3254 3174 3377 3212 cum
3443 3162 3606 3231 nigro

343 3224 443 3292 τὴν
476 3224 855 3292 Μεγαλόπολιν
886 3228 1144 3297 ἐνεγκὼν,
1182 3231 1281 3293 τὰς
1311 3230 1461 3301 ὄψεις
1484 3248 1544 3283 τε
1576 3234 1724 3301 σφῶν
1761 3251 1929 3288 κατα-

346 3314 531 3378 στίξας
558 3318 617 3369 ἐν
649 3317 960 3387 γράμμασι,
1011 3320 1238 3389 μέλανος
1267 3323 1591 3392 ἐγχεομένου
1623 3328 1732 3388 τοῖς
1766 3327 1920 3396 στεγ-

345 3422 536 3474 μασιν·
568 3406 721 3475 ἔλεγε
762 3408 817 3461 δὲ
851 3411 883 3479 ἡ
926 3412 1552 3481 γραφὴίἊρμενιακὸς
1577 3414 1921 3483 ἐπίϐουλος,

340 3497 614 3568 διέσπειρε
667 3501 893 3564 τούτους
944 3503 1001 3555 ἐν
1038 3504 1280 3569 Σ.κελία,
1333 3505 1427 3557 καὶ
1479 3506 1665 3575 νήσοις
1708 3505 1917 3570 ἄλλαις.

341 3592 453 3666 Τὴν
490 3594 546 3647 δὲ
589 3594 753 3649 αὑτοῦ
800 3600 1030 3665 γυναῖκα
1099 3598 1324 3669 Μαρίαν
1379 3601 1720 3671 ἀποσ-τέρξπις
1764 3597 1918 3665 οὗτος

338 3688 368 3737 6
420 3685 705 3756 βασιλεὺς,
749 3690 1099 3760 ἁποκαρῆναι
1149 3692 1356 3762 ταύτην
1405 3693 1744 3761 ἑξεὸιάσατο,
1784 3713 1920 3762 ςυμ-

339 3778 527 3849 ϐουλῇ,
552 3781 626 3845 ὡς
656 3783 1014 3854 λέγεται,τῆς
1042 3785 1247 3857 μητρὸς
1276 3786 1463 3849 αὑτοῦ,
1488 3786 1675 3839 ἵν’ὑπδ
1701 3789 1918 3841 πάντων

340 3871 626 3942 μισηθείη,
663 3873 758 3925 καὶ
815 3875 895 3937 είς
946 3874 1116 3945 αὐτὴν
1175 3876 1340 3929 πάλιν
1394 3878 1425 3945 ἡ
1482 3880 1579 3946 τῆς
1638 3878 1918 3946 βασιλείας

336 3963 845 4036 ἁντιπεριενεχθείη
905 3967 1054 4019 πᾶςα
1099 3965 1388 4036 διοίκησις.
1433 3969 1555 4020 Κᾶν
1597 3971 1706 4039 γὰρ
1750 3969 1918 4038 συνῆν

336 4053 416 4122 τῷ
468 4054 569 4123 υἱῴ
602 4057 732 4124 περὶ
768 4056 836 4107 τὰ
869 4056 1168 4127 ἀνάκτορα,
1207 4056 1321 4108 ἀλλ’
1345 4058 1406 4110 οὑ
1452 4060 1785 4127 συμμετεῖχε
1816 4059 1917 4130 τῆς

336 4141 609 4207 ἐξουσίας,
647 4143 816 4212 μόνης
852 4145 908 4196 δέ
939 4161 1001 4212 γε
1031 4146 1130 4213 τῆς
1166 4146 1464 4217 εὐφημίας,
1498 4146 1618 4199 λίαν
1651 4147 1697 4200 δ’
1737 4148 1916 4202 ἐνόσει

334 4232 398 4283 τὸ
444 4232 733 4305 φίλαρχον.
786 4236 1333 4307 Μεταμφιασαμένης
1372 4236 1465 4290 οὖν
1494 4240 1589 4308 τῆς
1650 4238 1743 4291 τοῦ
1783 4257 1916 4310 κραο

334 4323 553 4388 τοῦντος
604 4327 857 4397 συμϐίου,
889 4330 982 4382 καὶ
1028 4331 1465 4400 περιϐαλομένης
1502 4332 1740 4401 ἀκούσης
1796 4334 1916 4386 ἀντὶ

333 4417 434 4482 τῆς
485 4418 753 4488 βασιλείου
809 4422 1004 4490 στολῆς
1054 4422 1397 4492 μοναζούσης
1449 4422 1631 4493 ἅμφια
1685 4425 1911 4494 μέλανα,

2033 3242 2339 3295 monastico
2374 3243 2533 3312 119
2565 3226 2776 3300 vestitu.
2807 3255 3222 3312 commutasset,
3257 3249 3599 3309 Theodotum

2026 3335 2320 3405 quamdam
2353 3338 2745 3390 Cubiculariam
2783 3339 2962 3401 duxit,
2992 3351 3049 3394 et
3086 3343 3359 3411 augustali
3394 3360 3609 3401 corona

2025 3428 2264 3482 ornavit.
2301 3430 2428 3483 Post
2457 3445 2717 3500 prospere
2750 3444 2874 3483 cum
2905 3430 3181 3487 Arabibus
3210 3433 3513 3499 dimicavit,
3544 3446 3602 3492 et

2021 3519 2290 3575 Cardamo
2339 3520 2698 3589 Bulgarorum
2754 3521 3015 3590 principi,
3079 3524 3174 3593 qui
3235 3539 3333 3593 per
3392 3525 3602 3596 legatos

2020 3612 2228 3666 tributa
2255 3611 2360 3665 sibi
2384 3627 2415 3665 a
2442 3611 2708 3666 Romanis
2739 3609 2904 3681 pendi
2935 3613 3250 3681 postulabat
3278 3631 3291 3667 :
3320 3616 3466 3685 quod
3490 3617 3599 3672 nisi

2023 3704 2200 3768 lleret,
2243 3703 2536 3758 Thraciam
2569 3718 2626 3757 se
2664 3719 2839 3771 usque
2867 3704 2934 3757 ad
2970 3705 3160 3760 urbem
3207 3709 3600 3776 populaturum

2019 3796 2372 3862 minabatur,
2422 3806 2668 3853 stercora
2715 3798 3096 3867 iumentorum
3152 3800 3338 3863 misit,
3394 3800 3600 3856 additis

2018 3884 2218 3939 litteris
2254 3899 2268 3935 :
2322 3883 2463 3948 Quia
2511 3899 2671 3937 senex
2723 3895 2880 3948 esset,
2922 3885 3369 3955 supersedendum
3410 3892 3456 3941 ei
3489 3906 3598 3943 esse

2019 3972 2259 4027 molestia
2299 3975 2543 4027 itineris:
2578 3990 2703 4027 nam
2742 3977 2970 4043 seipsum
3009 3978 3081 4047 ad
3125 3990 3247 4028 eum
3290 3986 3603 4032 venturum.

2016 4067 2093 4121 Ac
2140 4065 2325 4119 statim
2394 4064 2658 4120 Romanis
2738 4065 3055 4135 legionibus
3109 4067 3338 4132 coactis,
3400 4079 3595 4123 contra

2015 4159 2282 4230 Bulgaros
2331 4167 2417 4213 est
2463 4156 2767 4228 profectus.
2814 4158 2951 4214 Cum
2991 4159 3156 4214 ambo
3204 4161 3487 4217 exercitus
3536 4162 3594 4216 in

2017 4250 2329 4321 propinquo
2358 4257 2566 4313 essent,
2620 4257 2677 4303 et
2713 4249 3013 4319 imperator
3048 4249 3319 4305 Barbaros
3368 4250 3436 4305 ad
3484 4252 3606 4306 bel-

2012 4340 2129 4393 lum
2160 4347 2460 4392 evocaret:
2495 4338 2799 4393 Cardamus
2845 4354 2968 4393 cum
3020 4338 3136 4393 suis
3169 4342 3344 4409 c0piis
3369 4341 3605 4395 territus

2016 4427 2200 4497 fugam
2236 4426 2405 4496 cepit.
2444 4425 2549 4481 Sed
2594 4434 2651 4481 et
2687 4427 2893 4481 Arabes
2922 4426 3208 4481 Amorium
3239 4429 3503 4498 aggressi,
3531 4444 3602 4486 re

333 4507 598 4579 Θεοδότην
626 4511 748 4565 τινὰ
794 4514 1244 4584 κουὸικουλαρίαν
1278 4515 1485 4577 ἐκεῖνος
1516 4515 1752 4584 ἠγάγετο
1777 4518 1912 4587 (70),

2033 4520 2245 4581 .nfecta,
2276 4519 2459 4588 praeda
2490 4519 2759 4574 duntaxat
2793 4528 2973 4589 capta,
3004 4519 3401 4574 discesserunt.

333 4601 651 4670 Αὐγούσταν
687 4606 888 4676 στέψας
929 4608 1120 4677 αὑτήν.
1159 4604 1290 4661 Εἶτα
1323 4612 1466 4663 κατὰ
1498 4611 1608 4663 τῶν
1660 4611 1908 4683 Ἀράϐων
1948 4615 2411 4687 ἐπιστρατεύσας,
2452 4616 2712 4686 τρόπαιον
2751 4615 2952 4684 ἵστησι.
2989 4612 3094 4665 Τοῦ
3147 4615 3330 4682 μέντοι
3381 4616 3593 4687 Καρδόις⁹

335 4716 437 4768 μου
463 4742 477 4765 ,
525 4700 584 4754 ὃν
607 4701 762 4769 λόγος
791 4701 901 4755 τῶν
944 4703 1268 4776 Βουλγάρων
1307 4704 1602 4774 ἐγνώρισεν
1640 4705 1903 4776 ἀρχηγὸν,
1942 4709 2141 4781 φόρους
2206 4709 2561 4773 ἀπαιτοῦντος
2585 4710 2733 4778 αὑτῷ
2795 4708 3071 4762 τελεῖσθαι
3097 4706 3246 4776 παρὰ
3276 4705 3598 4776 Ῥωμαίων,

331 4792 428 4844 καὶ
452 4794 580 4862 περὶ
604 4793 793 4847 τοῦτου
825 4794 1274 4865 διαπεμψαμένου
1296 4799 1429 4869 πρὸς
1458 4799 1549 4852 τὸν
1571 4800 1897 4869 κρατοῦντα,
1940 4804 1973 4874 ἢ
2007 4807 2105 4872 τήν
2168 4803 2391 4875 Θρᾴκην
2458 4805 2585 4874 ἄχρι
2623 4803 2726 4873 τῆς
2770 4803 2978 4864 πόλεως
3019 4799 3366 4863 ἀπειλοῦντος
3394 4802 3598 4870 ληῖσα-

334 4886 483 4949 σθαι,
519 4887 727 4951 ἐκεῖνος
759 4887 964 4957 κόπρον
1006 4889 1318 4958 ὑποζυγίων
1353 4891 1430 4958 τῷ
1500 4891 1770 4965 Βαρϐάρῳ
1841 4895 2177 4960 ἐπέστειλεν,
2250 4895 2564 4956 ἐπιστείλας
2635 4894 2804 4964 αὑτῷ,
2851 4895 2984 4947 ’Ὅτι
3032 4894 3220 4963 γέρων
3254 4888 3328 4955 εἷ,
3360 4893 3457 4946 καὶ
3499 4890 3595 4961 μὴ

331 4980 636 5049 κοπιὰσῃς
685 4981 936 5037 ἐνταῦθα
983 4981 1308 5051 ἐρχόμενος
1339 4998 1352 5012 ’
1404 4983 1520 5052 ἐγὼ
1563 4984 1631 5036 δὲ
1673 4985 1917 5053 μᾶλλον
1952 4985 2277 5056 ἐλεύσομαι
2328 4985 2545 5041 ἑπίσέ.
2603 4987 2711 5039 Καὶ
2734 4986 2930 5039 αὐτίκα
2949 4985 3050 5046 τὰς
3080 4983 3394 5069 Ῥωμαϊκὰς
3412 4983 3595 5054 ἀθροε..

333 5092 430 5136 σας
460 5073 739 5144 δύναμεις,
768 5074 934 5147 ἀπῄει
962 5076 1101 5130 κατὰ
1130 5077 1473 5149 Βουλγάρων,
1546 5078 1640 5132 καὶ
1700 5079 1800 5152 ήδη
1885 5079 2112 5149 πλησίον
2185 5080 2431 5151 ἀλλήλων
2477 5081 2787 5150 γενομένων
2835 5080 2945 5135 τῶν
2987 5082 3449 5152 στρατευμάτων,
3493 5077 3597 5134 καὶ

330 5168 424 5221 τοῦ
456 5168 719 5238 βασιλέως
753 5171 832 5231 είς
867 5169 1047 5238 μάχην
1077 5170 1525 5241 προκαλουμένου
1550 5173 1682 5233 τοὺς
1758 5171 2101 5243 Βαρϐάρους,
2152 5175 2179 5226 6
2244 5173 2539 5243 Κάρδαμος
2611 5173 2708 5225 σὺν
2760 5174 2870 5234 τοῖς
2916 5173 3137 5235 οἰκείοις
3183 5172 3597 5243 στρατεύμασιν

331 5264 735 5331 ἀποδειλιάσας,
763 5264 942 5334 φυγὰς
990 5262 1183 5334 ᾤχετο.
1227 5266 1387 5320 nam
1423 5266 1516 5319 καὶ
1563 5268 1611 5319 ol
1659 5266 1899 5337 ’Ἄραϐες
1939 5268 2078 5321 κατὰ
2114 5267 2206 5320 τοῦ
2266 5268 2522 5338 Ἀμορεου
2569 5269 2937 5339 χωρήσαντες,
2979 5265 3132 5320 οὐδέν
3161 5285 3214 5320 τι
3257 5265 3414 5337 ἔσχον
3449 5266 3587 5339 πρὸς

331 5359 431 5430 την
484 5358 639 5412 πόλιν
683 5358 968 5428 ἀνύσιμον,
1018 5357 1165 5412 λείαν
1193 5357 1248 5410 δέ
1286 5358 1568 5423 λαϐόντες,
1619 5360 1993 5432 ὑπέστρεψαν.

1488 5479 1686 5541 νοτία)
1720 5480 2024 5545 lectiones
2065 5493 2127 5544 et
2170 5488 2361 5544 notas.

408 5574 517 5655 (το)
547 5576 855 5668 Θεοδότην.
872 5576 1005 5668 ara
1049 5577 1324 5668 irritata“.
1340 5577 1695 5668 ‘l‘i'uptiar-um
1712 5580 1905 5668 bene-

2033 5583 2187 5668 :ideni
2240 5582 2498 5668 Jose'ph_o_
2517 5582 2994 5668 communicabat;
3016 5582 3340 5668 Theodorus
3369 5582 3591 5668 Sam-dita

334 5645 629 5727 dictionem
661 5647 894 5729 faciente
917 5645 1156 5739 loseplio
1189 5645 1560 5739 ltLri.LEcc_lesire-
1588 5665 1896 5739 (economo,
2008 5653 2064 5739 in
2095 5654 2305 5739 aliquo}
2348 5645 2613 5739 Epistolis
2653 5654 2824 5737 editis
2873 5670 2904 5711 a
2941 5645 3212 5739 ‘l'iaronio,
3257 5673 3347 5739 anf
3385 5656 3488 5738 βοδ
3526 5666 3584 5739 et

335 5717 386 5768 in
423 5732 583 5799 quem
616 5718 835 5798 gravius
859 5718 1138 5799 invehitur
1163 5717 1629 5799 obﬂbasiincestas
1656 5721 1896 5799 nuptias,
2005 5738 2160 5792 seqq.
2186 5717 2286 5777 'ubi
2333 5717 2689 5799 cognationis
2719 5740 2854 5785 voce
2897 5727 3071 5787 utitur
3103 5717 3208 5796 pro
3239 5726 3585 5782 matrimonii

331 5794 386 5840 et
415 5787 467 5840 in
499 5785 538 5841 Τ
544 5785 782 5843 arasium
826 5787 1192 5859 patriarcham
1223 5785 1765 5861 Constantinopolitf,
1802 5794 1898 5861 qui
2005 5785 2367 5857 sacramento.
