4068 6392
340 310 478 379 1353

1559 326 1973 389 ANNALIUM
2013 328 2165 392 LIB.
2191 331 2311 391 XV-

3448 346 3590 407 1351

328 431 619 500 ἐφείσαντο
643 431 738 485 τοῦ
769 433 984 504 ἀνδρὸς,
1011 437 1107 489 καὶ
1137 435 1241 502 ἔξω
1268 440 1377 502 τοῖς
1404 440 1711 514 ὀφθαλμοῖς
1735 460 1880 498 αυτοτ

2008 446 2134 501 nica
2182 457 2357 518 stirpe
2390 447 2609 504 oriundi
2660 450 2870 507 Italiam
2920 454 3261 525 invaserunt,
3311 467 3371 514 ut
3420 477 3587 533 supra

325 519 693 591 ἐλυμήναντο,
745 521 841 575 τοῦ
887 522 945 574 δὲ
995 525 1177 593 φωτὸς
1223 526 1391 581 αύτὲν
1440 530 1541 583 οὐκ
1575 532 1901 604 ἐπέρησαν.

336 610 436 673 Ὃς
493 610 794 680 μετέπειτα
845 613 924 683 τῷ
974 614 1083 667 τῶν
1131 617 1403 687 Φρὰγγων
1431 621 1564 691 ρηγὶ
1606 624 1904 694 προσρυεὶς

323 698 614 769 Καρούλῳ,
652 699 788 771 παρ’
827 700 1040 755 ἐκείνου
1067 704 1149 767 είς
1179 705 1273 759 τὸν
1302 707 1407 775 τῆς
1451 707 1671 778 Ῥώμης
1693 708 1904 762 ἀποκα-

319 789 485 862 τέστη
523 790 740 863 θρόνον,
775 796 869 846 καὶ
894 794 1022 858 τοὺς
1045 794 1277 866 ἐχθροὺς
1308 798 1685 869 ἀντημύνατο,
1713 798 1901 866 ἐξότου

321 887 415 937 καὶ
468 884 504 955 ή
578 884 763 956 Ῥώμη
823 886 931 940 ὑπὸ
978 887 1107 951 τοὺς
1158 888 1450 958 Φράγγους
1503 891 1749 959 ἐγένετο,
1803 892 1900 946 τοῦ

292 975 607 1046 .Καρούλου
635 977 1024 1042 ταινιωθέντος
1058 983 1211 1052 παρὰ
1239 980 1335 1033 τοῦ
1366 982 1623 1047 Λέοντος,
1672 983 1765 1036 καὶ
1804 982 1900 1054 βα-

319 1066 513 1132 σιλέως
561 1068 856 1139 Ῥωμαίων
899 1070 1321 1139 ὀνομασθέντος.
1370 1073 1492 1126 Ἐπὶ
1522 1075 1621 1143 μὲν
1657 1075 1765 1144 γὰρ
1800 1073 1899 1127 τοῦ

317 1161 586 1229 προτέρου
617 1161 1005 1217 Ἰουστινιανοῦ
1034 1166 1099 1235 τῇ
1138 1164 1347 1238 Ἰταλία
1383 1166 1621 1236 ἐπῆλθον
1645 1168 1695 1219 οί
1719 1169 1901 1238 Φράγ-

314 1266 423 1317 γοι,
469 1253 535 1303 ἐκ
584 1251 773 1320 γένους
818 1253 972 1317 ὄντες
1012 1255 1121 1309 τῶν
1156 1256 1479 1327 Γερμανῶν,
1527 1257 1603 1321 ὡς
1650 1258 1764 1312 ἄνω
1792 1275 1896 1312 που

317 1342 558 1413 εἴρηται,
582 1346 677 1396 καὶ
708 1340 851 1414 ἦσαν
876 1347 991 1409 τοῖς
1028 1345 1327 1417 Ῥωμαίοις
1363 1348 1639 1419 πολέμιοι.
1681 1349 1806 1404 Ἐπὶ
1837 1350 1896 1403 δὲ

308 1436 541 1497 Λέοντος
565 1435 655 1488 τοῦ
669 1434 921 1507 Ἱσαύρου
936 1438 964 1491 ό
985 1438 1105 1492 τότε
1128 1439 1317 1504 πάπας
1345 1440 1667 1512 Γρηγόριος,
1689 1441 1781 1495 διὰ
1794 1441 1894 1515 τήν

313 1528 530 1581 ἐκείνου
563 1529 888 1595 κακοδοξίαν
908 1533 1158 1598 ἀποστὰς
1183 1532 1282 1587 τοῦ
1309 1534 1570 1588 ὑπείκειν
1598 1536 1796 1607 ἐκείνῳ
1813 1535 1894 1606 τῷ

185 1624 198 1634 '
310 1618 501 1672 ἀσεϐεῖ
526 1619 767 1691 βασιλεῖ,
802 1621 898 1675 καὶ
919 1623 1318 1696 δασμοφορεῖν,
1349 1627 1447 1683 καὶ
1485 1626 1579 1680 τοῦ
1612 1629 1893 1680 κοινωνεῖν

308 1717 424 1780 τοῖς
463 1717 681 1782 ἀσεϐῶς
720 1719 1035 1790 προεστῶσι
1069 1718 1170 1790 τῆς
1215 1717 1553 1785 Ἐκκλησίας
1594 1716 1697 1789 τῆς
1731 1720 1889 1773 Κων-

2009 549 2096 593 est
2149 538 2498 610 expositum,
2561 540 2896 615 fueruntque
2946 547 3319 607 Romanorum
3374 552 3585 611 hostes.

2009 628 2116 685 Sed
2180 629 2285 684 sub
2342 629 2529 688 Leone
2600 634 2824 703 Isauro,
2888 642 3156 710 temporis
3236 643 3385 701 illius
3441 663 3585 718 papa

2007 717 2330 789 Gregorius,
2371 721 2445 778 ob
2491 738 2809 793 perversam
2858 730 3178 799 opinionem
3231 736 3301 790 ab
3351 736 3449 793 illo
3477 717 3586 793 im-

2007 819 2264 879 peratore
2308 812 2482 872 impio
2531 815 2756 883 defecit,
2804 821 2969 890 eique
3023 824 3287 881 tributum
3336 829 3582 899 pendere

2005 903 2315 967 recusavit,
2366 920 2547 976 neque
2595 909 2701 964 sibi
2747 913 3046 983 quidquam
3099 931 3221 972 esse
3273 921 3352 975 rei
3406 921 3583 978 voluit

2003 1003 2129 1043 cum
2169 990 2356 1062 impiis
2408 995 2670 1054 Ecclesiae
2712 998 3338 1077 Constantinopolitanae
3374 1012 3581 1081 guber-

2001 1082 2321 1147 natoribus,
2354 1087 2686 1159 omissisque
2726 1090 2907 1159 bellis,
2943 1110 3136 1165 pacem
3188 1113 3313 1154 cum
3349 1101 3577 1159 Francis

2002 1170 2154 1227 fecit.
2196 1174 2313 1231 Sub
2344 1175 2708 1236 Constantino
2739 1197 2907 1252 porro
2935 1195 2992 1241 et
3041 1186 3221 1252 lrene,
3270 1206 3411 1261 papa
3468 1193 3579 1249 Leo

2001 1276 2098 1319 eos
2123 1265 2289 1322 etiam
2322 1268 2553 1325 Romam
2592 1270 2817 1328 admisit
2847 1291 2863 1329 :
2900 1277 2981 1332 sic
3008 1288 3065 1333 et
3115 1280 3268 1336 [talia
3320 1283 3575 1341 universa

1999 1361 2056 1409 et
2103 1355 2221 1426 ipsa
2270 1359 2444 1416 Ruina
2489 1371 2620 1418 sunt
2658 1365 2846 1435 potiti.
2878 1368 3039 1426 lrene
3074 1374 3476 1442 monarchiam,
3514 1387 3577 1433 ut

1997 1446 2203 1504 dictum
2248 1460 2354 1513 est.
2410 1453 2629 1525 adepta,
2674 1455 2878 1516 fratres
2931 1463 3113 1518 mariti
3167 1464 3289 1536 ejus
3349 1482 3576 1524 carcere

1994 1538 2188 1604 elapsi,
2239 1542 2296 1597 in
2332 1543 2580 1616 Magnam
2612 1536 2903 1606 ecclesiam
2942 1554 3331 1626 confugerunt,
3380 1574 3411 1614 a
3443 1560 3573 1631 qui-

1995 1629 2228 1687 busdam
2267 1650 2534 1692 novarum
2566 1654 2754 1695 rerum
2807 1643 3070 1701 studiosis
3109 1646 3342 1704 incitati.
3376 1629 3572 1707 Aetius

1995 1720 2165 1791 igitur
2201 1727 2516 1796 eunuchus,
2547 1732 2642 1801 qui
2680 1734 2919 1790 multum
2971 1739 3117 1808 apud
3158 1739 3570 1812 imperatricem

310 1808 836 1881 σταντινουπόλεως,
876 1809 1171 1864 ἐσπείσατο
1190 1812 1305 1874 τοῖς
1326 1810 1601 1902 Φράγγοις
1626 1849 1644 1877 ,
1671 1810 1764 1865 καὶ
1793 1810 1880 1874 τὰς

1996 1814 2328 1872 auctoritate
2383 1819 2622 1888 valebat,
2691 1824 2799 1880 fide
2859 1825 3206 1898 impunitatis
3237 1808 3407 1902 idata,
3471 1850 3572 1893 eos

307 1902 447 1972 πρὸς
470 1901 713 1967 ἐκείνους
743 1903 925 1975 μάχαις
969 1904 1296 1957 κατέλυσεν.
1346 1901 1476 1954 Ἐπὶ
1506 1900 1564 1954 δὲ
1592 1902 1890 1955 Κωνσταν-

304 1992 453 2046 τίνου
480 1995 576 2047 καὶ
598 1993 841 2065 Εἰρήνης
863 1994 892 2047 ό
923 1993 1112 2057 πάπας
1136 1992 1291 2047 Λέων
1319 1992 1415 2046 καὶ
1445 1992 1529 2056 είς
1555 1991 1654 2063 τὴν
1668 1991 1892 2063 Ῥώμην

313 2085 515 2149 αὐτοὺς
558 2084 890 2151 εἰσεδέξατο,
933 2087 1029 2139 καὶ
1071 2083 1216 2139 οὕτω
1256 2084 1358 2155 τῆς
1424 2083 1663 2149 Ἰταλίας
1706 2085 1889 2156 πάσης

302 2178 401 2230 καὶ
428 2177 529 2246 τῆς
576 2176 797 2249 Ῥώμης
823 2177 999 2248 αὐτῆς
1033 2177 1393 2249 ἐκυρίευσαν.
1421 2179 1536 2248 Τῆς
1566 2179 1810 2250 Εἰρήνης
1831 2177 1888 2232 δὲ

304 2269 762 2339 μοναρχησάσης,
793 2268 869 2332 ὡς
895 2268 1182 2337 λέλεκται,
1221 2271 1271 2323 οῖ
1310 2270 1671 2342 ἀνδράδελφοι
1711 2269 1886 2341 αὐτῆς

299 2360 693 2432 καθειργμένοι
731 2360 1115 2432 τυγχάνοντες,
1147 2362 1491 2435 ἠδυνήθησαν
1536 2364 1603 2435 τῇ
1652 2363 1884 2436 Μεγάλῃ

298 2457 646 2524 προσφυγεῖν
704 2457 1005 2528 ἐκκλησίᾳ,
1067 2455 1223 2528 παρά
1288 2473 1453 2512 τινων
1507 2457 1885 2530 νεωτεριστῶν

296 2546 379 2608 είς
428 2546 590 2599 τοῦτο
637 2546 1085 2613 ἀναπεισθέντες.
1148 2548 1386 2621 ,Ἀέτιος
1411 2543 1506 2602 οὖν
1548 2550 1577 2601 6
1629 2548 1884 2620 εὐνοῦχος

298 2636 449 2707 μέγα
486 2640 610 2692 τότε
641 2638 795 2711 παρὰ
816 2642 883 2711 τῇ
923 2639 1218 2713 βασιλίσσῃ
1241 2641 1571 2711 δυνάμενος,
1603 2640 1880 2707 ἀπελθὼν,

296 2728 392 2779 καὶ
460 2727 676 2795 πίστεις
732 2730 921 2795 αὐτοῖς
988 2731 1294 2804 παρασχὼν
1354 2733 1429 2797 ὡς
1501 2733 1657 2787 οὐδὲν
1706 2733 1882 2811 δεινὸν

294 2819 605 2887 πείσονται,
651 2819 921 2892 ἐξήνεγκε
973 2823 1075 2895 τῆς
1146 2823 1443 2894 ἐκκλησίας
1508 2824 1730 2889 αὐτοὺς,
1783 2826 1880 2879 καὶ

294 2910 378 2974 είς
400 2911 634 2984 Ἀθήνας
662 2913 998 2986 ἀπήχθησαν
1027 2914 1337 2987 ὑπερόριοι.
1373 2916 1552 2970 Κάκεῖ
1578 2916 1878 2986 διαγόντων

295 3001 506 3071 αὐτῶν,
542 3005 689 3070 τινὲς
714 3006 828 3060 τῶν
856 3007 958 3078 τῆς
1006 3006 1267 3073 Ἑλλάδος
1307 3008 1618 3081 προσῆλθον
1660 3009 1741 3081 τῷ
1778 3010 1880 3082 ἄρ-

292 3112 447 3166 χοντι
479 3097 592 3152 τῶν
627 3097 951 3154 Σθλαϐικῶν
999 3099 1197 3166 ἐθνῶν,
1244 3101 1496 3172 δεόμενοι
1530 3101 1699 3156 αὐτοῦ
1758 3101 1877 3169 ἐξα-

1994 1907 2227 1963 ecclesia
2294 1911 2531 1969 eductos
2600 1916 2848 1973 Athenas
2931 1922 3216 1994 relegavit.
3280 1925 3363 1983 lbi
3436 1943 3568 1986 cum

1993 2009 2241 2068 agerent,
2270 2001 2448 2060 Graeci
2474 2005 2701 2089 quidam
2730 2006 3107 2068 Sclavirarum
3136 2016 3384 2087 gentium
3411 2021 3571 2090 prin-

1992 2089 2172 2159 cipem
2210 2107 2549 2163 convenere,
2602 2108 2831 2156 orantes
2863 2109 2925 2157 ut
2963 2119 3059 2162 eos
3112 2106 3241 2164 inde
3283 2089 3569 2180 educeret,

1990 2191 2048 2237 et
2110 2199 2281 2239 unum
2334 2201 2402 2241 ex
2456 2187 2541 2244 eis
2594 2191 2990 2261 imperatorem
3058 2197 3447 2273 designatum,
3512 2207 3572 2262 in

1992 2273 2184 2330 urbem
2237 2278 2652 2349 imperatoriam
2696 2284 3010 2344 reduceret.
3044 2289 3178 2358 Qum
3216 2309 3308 2351 res
3335 2310 3461 2354 cum
3497 2300 3569 2355 ad

1989 2366 2400 2437 imperatricem
2450 2371 2635 2430 delata
2691 2386 2861 2444 esset,
2921 2383 3185 2441 omnibus
3231 2391 3378 2444 eruti
3435 2404 3570 2450 sunt

1987 2450 2170 2515 oculi.’
2210 2460 2281 2516 At
2345 2462 2682 2522 Francorum
2762 2468 2875 2525 dux
2949 2471 3203 2544 Carolus,
3265 2478 3569 2552 imperator

1990 2551 2365 2608 Romanorum
2399 2570 2427 2610 a
2461 2570 2600 2628 papa
2628 2557 2835 2626 Leone,
2866 2571 2929 2618 ut
2959 2563 3171 2623 dictum
3223 2580 3331 2640 est,
3355 2551 3568 2645 appel-

1984 2643 2151 2710 latus,
2207 2646 2396 2704 missis
2464 2649 2534 2704 ad
2584 2650 2800 2708 lrenem
2871 2656 3070 2729 legatis
3124 2662 3348 2734 nuptias
3409 2643 3566 2726 illius

1984 2735 2201 2802 ambiit,
2233 2753 2359 2794 cum
2409 2756 2514 2798 nec
2554 2741 2648 2799 illa
2678 2744 2750 2800 ab
2776 2761 2845 2803 eo
2879 2751 3138 2823 coniugio
3186 2755 3563 2817 abhorreret:

1982 2841 2182 2898 resque
2216 2830 2467 2887 confecta
2515 2843 2683 2902 esset,
2729 2837 2838 2894 nisi
2886 2842 3181 2901 eunuchus
3216 2849 3433 2918 Actius,
3464 2867 3565 2923 p0-

1985 2920 2200 2978 testatis
2248 2925 2569 2997 particeps,
2631 2943 2855 2987 omnem
2909 2932 3186 3005 lapidem,
3250 2951 3312 2997 ut
3362 2920 3563 3012 aiunt,

1982 3011 2262 3079 movisset,
2293 3028 2364 3068 nc
2388 3014 2443 3070 id
2473 3017 2790 3090 coniugium
2820 3022 3205 3092 perficeretur.
3230 3027 3391 3097 Nam,
3432 3011 3562 3088 cum

1982 3103 2037 3156 in
2079 3105 2229 3174 regia
2284 3106 2520 3163 multum
2574 3122 2779 3180 posset,
2833 3113 3057 3171 fratrem
3100 3132 3262 3176 suum
3319 3119 3563 3180 Leonem

290 3164 485 3257 γαγεῖν
535 3190 759 3259 αὐτοὺς,
801 3193 898 3248 καὶ
950 3192 1050 3248 ἕνα
1104 3164 1571 3267 προχειρίσασθαι
1623 3196 1873 3267 βασιλέα,

1985 3164 2184 3250 ornare
2233 3196 2472 3267 imperio
2523 3164 2917 3270 meditabatur,
2957 3206 3112 3278 121
3143 3224 3308 3280 quem
3354 3212 3561 3284 insigni

290 3282 391 3334 καὶ
415 3282 650 3351 ἀγαγεῖν
681 3283 850 3339 αὐτὸν
897 3286 979 3348 εἰς
1017 3285 1122 3357 τὴν
1177 3285 1428 3356 βασιλίδα
1473 3287 1583 3343 τῶν
1637 3286 1872 3346 πόλεων.

290 3372 650 3444 Μηνυθέντος
685 3375 744 3429 δὲ
772 3375 971 3430 τούτου
998 3379 1065 3449 τῇ
1104 3377 1362 3449 βασιλίδι,
1400 3378 1702 3453 προστάξει
1732 3383 1874 3438 ἐκεί-

290 3483 391 3537 νης
421 3467 912 3540 ἀπετυφλώθησαν
946 3469 1213 3536 ἅπαντες.
1273 3471 1333 3525 '0
1369 3471 1428 3526 δὲ
1463 3473 1573 3527 τῶν
1603 3475 1873 3545 Φράγγων

292 3558 537 3628 ἀρχηγὸς
594 3558 882 3629 Καροῦλος
941 3559 1201 3632 βασιλεὺς
1255 3561 1545 3632 Ῥωμαίων
1594 3566 1749 3639 παρὰ
1776 3567 1872 3621 τοῦ

289 3649 452 3702 πάπα
483 3648 740 3716 Λέοντος,
774 3649 850 3712 ὡς
881 3651 1125 3724 εἴρηται,
1149 3653 1574 3724 ἀναγορευθεὶς,
1607 3656 1874 3726 πρέσϐεις

286 3740 505 3813 έπεμψε
532 3740 670 3812 πρὸς
695 3740 797 3812 τὴν
826 3741 1087 3814 Εἰρήνην,
1121 3744 1305 3816 ζητῶν
1339 3744 1702 3817 συζευχθῆναι
1733 3748 1870 3819 αὐτῇ

287 3833 434 3887 κατὰ
483 3833 797 3904 συμϐίωσιν
842 3836 1117 3907 γαμικήν.
1170 3837 1281 3890 Καὶ
1330 3837 1444 3891 οὐδ’
1481 3838 1665 3910 ἐκείνῃ
1715 3838 1874 3892 τοῦτο

288 3927 598 4001 ἀϐούλητον
626 3929 799 3997 ἔδοξε,
828 3931 925 3984 καὶ
956 3931 1186 3999 γέγονεν
1219 3931 1287 3985 ἂν
1306 3972 1322 3999 ,
1361 3933 1411 3986 εί
1447 3931 1525 4004 μὴ
1555 3935 1584 3986 6
1611 3933 1871 4005 ἐκτομίας

287 4021 494 4086 Ἀέτιος
551 4023 1076 4095 παραδυναστεύων,
1126 4025 1308 4078 πᾶσαν
1352 4024 1572 4096 ἐκίνησε
1620 4025 1869 4098 μηχανὴν

282 4115 364 4178 είς
389 4114 448 4168 τὸ
479 4114 557 4185 μὴ
607 4115 1046 4187 ἀποτελεσθῆναι
1088 4116 1189 4186 τὴν
1236 4116 1522 4186 συζυγίαν.
1555 4114 1732 4183 Οὗτος
1760 4121 1869 4192 γάρ

287 4208 436 4276 μέγα
492 4205 794 4278 δυνάμενος
843 4208 903 4260 ἐν
959 4211 1074 4272 τοῖς
1133 4208 1472 4279 βασιλείοις,
1524 4210 1615 4263 τὸν
1668 4212 1870 4265 οἰκεῖον

282 4297 558 4370 ὁμαίμονα
583 4299 791 4357 Λέοντα
821 4297 1052 4363 ἀξιῶσαι
1077 4298 1175 4369 τῆς
1213 4298 1492 4370 βασιλείας
1519 4300 1606 4355 διὰ
1638 4300 1869 4373 μελέτης

287 4391 574 4462 πεποίητο,
601 4390 661 4455 ὃς
688 4391 754 4462 δὴ
786 4391 939 4446 Λέων
960 4391 1048 4445 διὰ
1081 4391 1318 4461 σπουδῆς
1342 4390 1436 4445 τοῦ
1468 4392 1675 4447 Ἀετίου
1709 4393 1867 4465 μόνος

1978 3286 2167 3342 studio
2199 3287 2268 3344 ad
2300 3299 2605 3360 praeturam
2640 3293 2891 3350 Thraciae
2918 3308 2977 3355 et
3018 3299 3352 3359 Macedonia
3379 3306 3562 3361 solum

1976 3390 2255 3445 evexerat,
2285 3396 2410 3437 cum
2451 3383 2570 3453 ipse
2598 3386 2904 3455 provinciis
2940 3386 3147 3461 Opsicii
3192 3394 3562 3453 orientalibus

1978 3481 2264 3540 prmesset.
2291 3472 2450 3530 Unde
2488 3475 2667 3533 elatus
2698 3477 2847 3535 viros
2872 3478 3174 3540 honoratos
3195 3485 3560 3556 despiciebat,

1976 3571 2034 3618 et
2062 3574 2392 3639 arroganter
2438 3570 2730 3626 tractabat.
2783 3571 2941 3639 Quod
2975 3574 3057 3631 illi
3100 3591 3244 3649 aegre
3291 3578 3562 3648 ferentes,

1975 3657 2270 3712 consilium
2319 3669 2513 3715 contra
2567 3661 2978 3732 imperatricem
3033 3667 3301 3737 inierunt,
3341 3674 3563 3733 adbibi-

1978 3756 2143 3817 toque
2174 3748 2412 3817 patricio
2453 3750 2789 3822 Nicephoro,
2826 3758 3069 3824 generali
3102 3759 3406 3832 logotheta,
3432 3782 3563 3836 pro-

1976 3835 2144 3892 funda
2178 3847 2339 3895 nocte
2362 3840 2419 3894 in
2441 3839 2701 3898 Chalcem
2732 3855 3027 3916 venerunt,
3072 3850 3228 3908 lrene
3255 3867 3559 3926 aegrotante

1972 3938 2028 3983 et
2055 3929 2108 3982 in
2147 3929 2361 3986 aedibus
2416 3933 2536 3987 suis
2577 3933 2991 3994 Eleutherianis
3043 3940 3458 4004 decumbente:
3493 3966 3559 4006 ac

1974 4022 2305 4079 satellitibus
2367 4024 2625 4082 dixerunt
2692 4043 2753 4085 se
2804 4030 2873 4086 ab
2927 4031 3281 4105 imperatrice
3337 4029 3550 4101 missos

1971 4127 2114 4177 esse,
2146 4122 2205 4169 ut
2232 4114 2609 4186 Nicephorum
2648 4119 3041 4190 imperatorem
3073 4127 3451 4201 designarent,
3497 4148 3558 4193 ut

1973 4204 2240 4276 patricius
2285 4207 2481 4265 Aetius
2522 4224 2643 4265 eam
2673 4226 2873 4283 cogere
2925 4214 3208 4275 desineret
3234 4221 3302 4277 ad
3330 4223 3555 4283 fratrem

1972 4310 2133 4352 suum
2160 4297 2549 4369 imperatorem
2572 4300 3006 4361 decernendum.
3042 4308 3123 4362 Illi
3149 4309 3283 4367 viris
3308 4315 3557 4382 patriciis

1971 4390 2043 4446 ob
2077 4406 2268 4448 eorum
2321 4391 2643 4462 dignitatem
2693 4394 2801 4451 fide
2830 4396 3039 4466 habita,
3096 4401 3199 4472 ipsi
3245 4405 3414 4462 etiam
3446 4425 3557 4465 una

290 4481 460 4546 αὐτὸς
494 4484 806 4553 στρατηγὸς
843 4481 1069 4554 Θρᾴκης
1106 4482 1200 4537 καὶ
1243 4482 1586 4570 Μακεδονίας
1632 4484 1863 4555 προύϐέ›

1985 4496 2098 4537 :um
2155 4483 2264 4538 illis
2332 4484 2707 4554 Nicephorum
2777 4487 3167 4560 imperatorem
3220 4497 3551 4570 salutarunt,

283 4574 455 4645 ϐλητο
479 4589 495 4605 ο
524 4576 554 4629 ό
579 4573 637 4628 δέ
667 4591 731 4644 γε
763 4572 972 4638 Ἀέτιος
993 4575 1104 4628 τῶν
1135 4574 1289 4645 ἑῴων
1320 4569 1458 4645 ἦρχε
1485 4574 1739 4646 θεμάτων
1769 4576 1864 4629 τοῦ

294 4666 549 4738 Ὀψικίου
603 4669 699 4722 καὶ
740 4666 852 4721 τῶν
899 4668 1286 4726 Ἀνατολικῶν.
1335 4668 1649 4724 Κάντεῦθεν
1693 4670 1865 4741 ὑπερ-

279 4761 564 4832 φρονήσας
595 4761 702 4815 τῶν
741 4762 801 4815 ἐν
833 4760 978 4814 τέλει
1006 4761 1382 4833 περιεφρόνει,
1411 4762 1506 4816 καὶ
1528 4762 1863 4828 ἀλαζονικῶς

280 4852 474 4915 αὐτοῖς
503 4854 899 4924 προσεφέρετο.
936 4854 1002 4906 Ol
1034 4850 1092 4907 δὲ
1135 4853 1348 4917 τούτοις
1387 4855 1702 4925 ἀχθόμενοι,
1740 4854 1866 4925 βού-

281 4945 466 5015 λευμα
499 4947 645 5001 κατά
674 4948 775 5019 τῆς
817 4946 1143 5019 βασιλίσσης
1171 4949 1608 5015 συνέθεντο,,καὶ
1630 4948 1722 5002 τὸν
1759 4968 1863 5003 πα-

278 5035 497 5107 τρίκιον
525 5036 850 5107 Νικηφόρον
884 5038 980 5091 καὶ
1020 5039 1241 5106 γενικὺν
1289 5036 1582 5110 λογοθέτην
1624 5039 1868 5110 παραλα-

281 5129 470 5193 ϐόντες
494 5169 509 5194 ,
546 5128 771 5200 βαθείας
803 5130 997 5194 νυκτὸς
1039 5125 1206 5201 ἦλθον
1236 5131 1317 5194 είς
1344 5131 1445 5202 τὴν
1476 5131 1700 5203 Χαλκὴν
1721 5175 1735 5199 ,
1765 5133 1866 5202 τῆς

284 5219 604 5291 βασιλίσσης
638 5220 877 5292 Εἰρήνης
910 5220 1194 5289 νοσούσης,
1227 5221 1321 5275 καὶ
1348 5224 1405 5275 ἐν
1428 5220 1505 5292 τῷ
1530 5223 1664 5292 οῖκῳ
1695 5224 1864 5293 αὐτῆς

283 5312 363 5382 τῷ
409 5313 472 5366 ἐν
514 5314 630 5375 τοῖς
681 5312 1029 5383 Ἐλευθερίου
1070 5313 1332 5383 κειμένης
1358 5328 1372 5343 ο
1410 5310 1566 5367 εἷπον
1605 5309 1702 5367 οὖν
1748 5317 1864 5378 τοῖς

1973 4582 2140 4645 atque
2166 4573 2240 4628 ita
2275 4575 2329 4629 in
2366 4576 2573 4645 regiam
2633 4578 2711 4633 illi
2751 4579 2983 4637 admissi
3037 4594 3190 4641 sunt.
3237 4588 3447 4648 Deinde
3486 4611 3551 4651 ea

1974 4665 2091 4735 ipsa
2155 4676 2316 4722 nocte
2365 4669 2525 4724 turba
2566 4671 2885 4740 promiscua
2946 4675 3194 4742 collecta,
3255 4680 3552 4755 Nicephori

1976 4758 2412 4829 designationem
2454 4776 2553 4830 per
2600 4770 2775 4818 totum
2829 4764 3010 4821 forum
3065 4778 3194 4826 ante
3249 4772 3556 4834 diluculum

1974 4849 2358 4919 publicarunt,
2410 4849 2478 4905 'et
2539 4851 2726 4908 [renes
2781 4854 2994 4912 tedibus
3052 4858 3111 4915 in
3172 4863 3378 4932 quibus
3432 4877 3548 4925 tum

1973 4940 2190 5010 agebat,
2248 4942 2557 4996 custodiam
2617 4945 3014 5003 adhibuerunt.
3060 4950 3160 5007 Die
3200 4954 3314 5025 jam
3364 4957 3555 5016 illuce-

1972 5043 2183 5098 scente,
2217 5050 2337 5089 eam
2364 5034 2417 5088 in
2446 5035 2772 5092 orientalem
2807 5040 3009 5111 regiam
3059 5043 3367 5102 traductam
3414 5066 3553 5106 con-

1970 5129 2295 5187 cluscrunt:
2327 5139 2517 5200 postea
2547 5131 2791 5202 Magnam
2815 5136 3106 5191 ecclesiam
3138 5151 3271 5196 sunt
3291 5143 3546 5215 ingressi,

1972 5230 2033 5276 ut
2058 5220 2135 5300 ibi
2165 5221 2510 5292 Nicephorus
2549 5224 2857 5282 diademate
2898 5238 3215 5299 ornaretur,
3276 5243 3333 5292 et
3377 5237 3555 5311 impe-

1970 5322 2124 5368 rator
2158 5314 2625 5383 prcclamaretur;
2663 5315 2829 5388 idque
2858 5319 3063 5376 factum
3091 5332 3197 5381 est.

283 5408 467 5461 ἐκεῖσε
496 5407 846 5477 φυλάττουσι,
884 5407 1041 5477 παρὰ
1067 5408 1166 5478 τῆς
1202 5407 1526 5478 βασιλίσσης
1567 5411 1867 5477 σταλῆναι,
1912 5411 2001 5466 ἵνα
2031 5409 2257 5482 βασιλέα
2303 5410 2395 5464 τὸν
2462 5411 2790 5484 ,Νικηφόρον
2856 5416 3329 5489 ἀναγορεύσωσιν,
3372 5423 3452 5488 ὡς
3481 5424 3553 5480 ἀν

285 5494 430 5548 οὕτω
464 5495 747 5565 παύσηται
796 5496 826 5547 6
874 5496 1161 5565 πατρίκιος
1213 5496 1418 5561 Ἀἐτιος
1470 5497 1796 5569 βιαζόμενος
1853 5500 2025 5571 αὐτὴν
2101 5500 2192 5552 τὸν
2235 5497 2431 5552 ἑαυτοῦ
2476 5499 2740 5570 σύγγονον
2788 5505 3245 5578 προχειρίσασθαι
3298 5510 3547 5580 βασιλέα.

285 5584 691 5649 Πιστεύσαντες
719 5584 813 5638 οὖν
845 5588 960 5648 τοῖς
982 5585 1397 5654 ταῦτανλέγουσι
1422 5587 1735 5657 πατρικίοις
1787 5588 1897 5641 τῶν
1938 5588 2256 5660 περιφανῶν
2284 5587 2427 5654 οὖσι,
2460 5592 2554 5642 καὶ
2585 5592 2743 5646 αὐτοὶ
2768 5593 2861 5648 τὸν
2884 5595 3201 5668 Νικηφόρον
3237 5599 3335 5653 σὺν
3395 5602 3546 5656 ἐκεί-

286 5687 401 5735 νοις
434 5677 512 5734 εἰς
538 5672 770 5743 βασιλέα
809 5675 1139 5745 εὐφήμησαν
1166 5715 1181 5740 ,
1224 5677 1319 5728 καὶ
1353 5675 1498 5729 οὕτω
1565 5677 2071 5749 παραχωρηθέντες
2137 5678 2218 5739 είς
2283 5675 2344 5727 τὸ
2413 5678 2555 5746 μέγα
2603 5680 2854 5749 εἰσῆλθον
2926 5683 3250 5757 ἀνάκτορον.
3298 5687 3432 5742 Εἶτα
3476 5690 3548 5744 δι-

288 5759 457 5831 αὑτῆς
488 5764 589 5831 τῆς
619 5762 817 5825 νυκτὸς
850 5761 1006 5833 ὄχλον
1038 5762 1396 5834 ἀθροίσαντες
1435 5763 1710 5835 σύγκλυδα
1731 5806 1746 5833 ,
1779 5765 1867 5823 διὰ
1910 5766 2092 5836 πάσης
2156 5763 2256 5827 τῆς
2297 5762 2504 5835 ἀγορᾶς
2567 5767 2675 5838 πρὸ
2704 5769 2803 5841 τῆς
2849 5772 3066 5845 ἡμέρας
3113 5773 3212 5846 τὴν
3243 5774 3338 5829 τοῦ
3371 5775 3545 5849 Νικη-

485 5858 762 5922 Parnm“
801 5859 922 5921 (in.
953 5858 1296 5924 CXXXIV.
3036 5863 3109 5926 43
