4068 6424
518 399 666 466 1355

1789 379 2114 445 JOANNIS
2155 379 2476 442 ΖΟΝΑΒίΕ

3635 389 3756 454 1356
3845 453 3852 462 ,

517 513 692 584 φόροις
716 509 1015 580 πεποίηντο
1048 504 1438 576 ἀναγόρευσιν,
1485 500 1582 555 καὶ
1606 497 1686 569 τῷ
1719 497 1821 566 τῆς
1886 497 2126 584 Εἰρήνης
2167 495 2325 584 οἴκῳ,
2393 496 2518 551 καθ’
2550 497 2610 553 ὃν
2655 499 2811 572 διῆγε
2862 500 3009 564 τότε,
3077 502 3327 574 φρουρὰν
3381 504 3759 580 περιέστησαν,

527 582 773 674 ΊΙ-μέρας
806 600 865 654 δὲ
919 599 1022 670 ήδη
1057 595 1444 664 ἐπιφανείσης,
1490 590 1586 644 καὶ
1622 589 1702 652 είς
1767 587 1838 642 τὰ
1877 584 2013 655 πρὸς
2057 583 2133 634 ἕω
2173 582 2426 652 βασίλεια
2455 592 2865 660 μεταγαγόντες
2925 593 3100 665 αὑτὴν
3122 634 3137 660 ,
3171 595 3269 648 καὶ
3299 597 3758 664 κατακλείσαντες,

517 697 597 760 είς
654 695 756 767 τήν
811 694 1074 762 Μεγάλην
1122 687 1423 760 ἐκκλησίαν
1482 685 1768 757 ἀφίκοντο,
1812 681 1882 738 ἶν’
1940 680 2058 734 ἐκεῖ
2093 682 2412 756 ταινιωθείη
2483 686 2511 739 ό
2573 686 2928 760 Νικηφόρος,
2989 690 3086 743 καὶ
3131 691 3498 765 αὐτοκράτωρ
3540 695 3765 768 ἀναῤῥη-

518 788 666 859 θείηο
702 787 731 840 δ
760 786 827 857 δὴ
865 788 960 840 καὶ
990 785 1210 854 γέγονε.

587 881 728 938 XIV.
783 880 1022 950 Imperio
1076 877 1159 933 sic
1201 885 1425 946 arrepto
1480 873 1836 944 Nieepborus
1890 866 2090 941 postri-

2278 861 2380 918 IA'.
2431 863 2592 918 Οὕτω
2619 864 2717 936 τῆς
2745 865 3052 937 αὑταρχίας
3081 867 3110 919 ὁ
3135 866 3454 938 Νικηφόρος
3491 865 3602 940 (74)
3645 869 3764 940 δρα-

519 973 610 1029 die
667 973 735 1028 ad
788 969 1200 1040 imperatrieem
1260 967 1436 1032 venit,
1492 979 1615 1035 quae
1667 980 1699 1018 a
1755 961 2098 1018 satellitibus

521 1061 959 1126 custodiebatur,
1005 1072 1176 1128 seque
1221 1057 1361 1111 dixit
1410 1055 1646 1110 invitum
1695 1052 1766 1108 ad
1817 1051 1874 1107 id
1919 1050 2102 1120 digiti-

523 1152 651 1208 tatis
705 1150 983 1220 fastigium
1039 1157 1293 1202 evectum
1370 1161 1514 1212 esse,
1571 1144 1718 1215 quod
1776 1143 1883 1197 sibi
1943 1141 2098 1196 cordi

518 1258 629 1299 non
678 1244 771 1308 sit,
812 1254 1046 1309 eamque
1082 1239 1227 1293 bono
1265 1237 1451 1292 animo
1499 1251 1622 1292 esse
1649 1235 1834 1307 jussit,
1880 1241 1940 1288 ut
1977 1248 2100 1302 qua:

516 1335 653 1390 nihil
681 1349 790 1388 non
822 1333 1180 1402 impetratura
1209 1338 1375 1394 esset,
1406 1328 1553 1398 quod
1594 1327 1833 1382 dominre
1866 1341 1898 1381 a
1937 1339 2099 1380 servo

516 1424 764 1496 praestari
795 1428 1100 1493 oporteret,
1135 1429 1192 1476 et
1225 1429 1286 1474 ut
1317 1418 1664 1490 imperatorii
1695 1417 1945 1473 thesauri
1981 1431 2100 1471 om-

519 1531 620 1571 nes
684 1515 792 1570 sibi
855 1521 1297 1569 monstrarentur
1357 1510 1538 1582 petiit.
1592 1509 1688 1566 llla
1751 1508 2096 1578 respondit:

519 1608 587 1663 Se
619 1623 700 1661 res
745 1623 872 1661 suas
907 1604 1302 1659 commendasse
1336 1602 1466 1671 Deo,
1517 1611 1569 1656 et
1613 1602 1952 1656 amissionem
1994 1603 2099 1654 im-

517 1699 653 1770 perii
693 1699 919 1769 peccatis
973 1697 1086 1750 suis
1141 1693 1434 1757 ascribere,
1495 1691 1745 1762 illiusque
1797 1689 2099 1760 proclama-

517 1793 710 1846 tionem
739 1790 990 1844 divinitus
1016 1787 1291 1857 contigisse
1312 1785 1584 1854 judicare,
1619 1799 1681 1836 ac
1713 1783 1944 1836 adorare
1979 1797 2096 1834 eum

519 1891 577 1937 ut
610 1901 644 1937 a
677 1882 783 1936 Deo
821 1881 1175 1952 designatum,
1212 1888 1260 1932 et
1297 1889 1471 1949 petere
1499 1884 1555 1930 ut
1594 1891 1706 1930 suae
1748 1872 2098 1929 imbecillitati

519 1981 778 2045 parceret,
819 1988 976 2044 seque
1019 1974 1076 2026 in
1123 1971 1320 2026 (edibus
1361 1971 1470 2023 suis
1513 1975 1726 2024 (etatem
1769 1966 1954 2036 degere
1987 1981 2098 2034 pa-

520 2073 740 2120 teretur.
779 2064 861 2119 Ad
908 2065 1024 2119 haec
1064 2063 1178 2127 ille,
1214 2061 1261 2116 si
1308 2060 1448 2114 nihil
1481 2074 1549 2114 ex
1592 2056 1932 2113 absconditis
1973 2055 2099 2111 the-

519 2157 698 2212 sauris
721 2155 946 2221 celaret,
971 2170 1030 2210 se
1057 2161 1115 2209 et
1143 2154 1248 2207 hoc
1274 2152 1326 2207 ei
1356 2163 1772 2212 concessurum,
1805 2158 1861 2202 et
1887 2147 1935 2202 si
1961 2145 2095 2217 quid

518 2245 670 2301 aliud
744 2245 1027 2316 placeret,
1089 2241 1375 2313 promisit,
1436 2254 1610 2310 eaque
1665 2239 1734 2294 de
1794 2253 1854 2294 re
1913 2237 2094 2310 jusju-

517 2337 753 2393 randum
809 2336 879 2391 ab
925 2351 988 2391 ea
1044 2335 1244 2405 exegit.
1289 2331 1426 2388 Cum
1472 2331 1564 2386 illa
1604 2332 1865 2402 jurasset,
1915 2329 2096 2384 maxi-

518 2445 772 2500 mamque
830 2427 1121 2499 pecuniam
1183 2425 1654 2488 demonstrasset,
1718 2423 1904 2477 statim
1955 2435 2097 2477 ~eam

517 2525 573 2578 in
617 2521 852 2577 insulam
902 2519 1194 2589 Principis,
1229 2517 1284 2572 in
1334 2531 1443 2586 qua
1491 2514 1888 2571 monasterium
1939 2512 2096 2566 lrene

516 2623 812 2677 struxerat,
875 2611 1164 2682 relegavit.
1215 2608 1344 2665 Fuit
1399 2608 1550 2664 enim
1607 2606 1951 2676 Nicephorus
1998 2619 2097 2675 pe-

507 2707 694 2762 cuniae
719 2703 1094 2767 avidissimus,
1125 2701 1357 2758 avaritia
1395 2699 1736 2770 inexplebili,
1769 2711 2097 2766 summaque

514 2794 764 2866 perfidia,
793 2803 870 2857 et,
897 2799 956 2848 ut
987 2791 1144 2862 122
1174 2791 1249 2846 ita
1279 2790 1482 2856 dicam,
1508 2789 1690 2845 omnis
1720 2785 2096 2858 improbitatis

515 2887 904 2951 diversorium,
951 2900 1016 2940 ac
1061 2899 1131 2939 ne
1183 2883 1252 2938 ad
1299 2883 1558 2953 exiguum
1611 2881 1834 2951 quidem
1881 2888 2096 2949 tempus

513 2978 909 3049 benignitatem
960 2991 1088 3046 erga
1137 2974 1390 3031 subditos
1439 2973 1702 3029 simulare
1749 2971 1950 3042 potuit,
1999 2970 2094 3026 sed

513 3069 698 3126 statim
743 3068 960 3135 injuriis
993 3067 1244 3138 implevit
1286 3065 1472 3120 omnia
1507 3082 1523 3122 :
1560 3080 1624 3120 ac
1661 3079 1734 3120 ne
1769 3064 1838 3120 iis
1867 3063 2095 3134 quidem

513 3160 783 3231 pepercit,
812 3173 1050 3230 quorum
1084 3173 1255 3228 opera
1295 3157 1365 3212 ad
1400 3156 1700 3227 imperium
1732 3163 2090 3226 pervenerat.

511 3253 650 3307 Nam
689 3250 1038 3322 Triphylium
1074 3264 1294 3305 veneno
1346 3249 1593 3315 sustulit,
1641 3248 1955 3302 Bardanem
1996 3263 2094 3318 pa-

515 3344 736 3400 trieium
757 3351 812 3398 et
833 3342 1055 3406 ducem,
1082 3350 1450 3411 cognomento
1499 3341 1764 3406 Tureum,
1807 3341 1876 3396 ab
1908 3341 2096 3396 orien-

517 3435 718 3490 talibus
759 3435 1071 3506 legionibus
1120 3433 1239 3488 sive
1293 3433 1570 3486 volentem
1613 3429 1730 3486 sive
1782 3431 2086 3497 nolentem,

2204 955 2440 1026 ξάμενος
2474 959 2540 1029 τῇ
2580 957 2710 1026 ἑξῆς
2732 959 2918 1030 ἡμέρᾳ
2949 959 3089 1031 πρὸς
3126 958 3227 1031 τὴν
3255 958 3578 1030 βασίλισσαν
3619 957 3765 1034 ἧκεν,

2202 1045 2369 1103 οὖσαν
2396 1050 2501 1102 ὑπὸ
2529 1051 2822 1121 φρουροὺς,
2845 1050 2994 1104 ἄκων
3024 1052 3365 1122 προαχθῆναι
3392 1053 3567 1122 λέγων
3589 1055 3768 1125 ειςτὴν

2202 1140 2380 1209 ἀρχὴν
2417 1139 2518 1211 τήν
2563 1140 2864 1210 βασίλειον.
2918 1142 3073 1214 Μηδὲ
3109 1144 3218 1213 γὰρ
3262 1138 3406 1198 εἶναι
3453 1146 3603 1218 αὑτῷ
3643 1149 3769 1220 πρὸς

2204 1227 2425 1298 βουλῆς,
2466 1229 2563 1282 καὶ
2594 1229 2818 1303 θαρρεῖν
2848 1231 3023 1302 αὐτὴν
3061 1234 3410 1301 ἀναπείθων,
3445 1235 3521 1298 ὡς
3570 1237 3770 1301 οὐδενὸς

2203 1319 2618 1389 ἀτυχήσουσαν,
2657 1321 2768 1374 τῶν
2802 1321 2957 1392 παρὰ
2998 1321 3186 1376 δούλου
3228 1324 3605 1396 ὀφειλομένων
3637 1329 3764 1398 πρὸς

2200 1405 2492 1462 δέσποιναν
2547 1409 2824 1478 γίνεσθαι.
2895 1410 3078 1476 Ἦξίου
3139 1413 3198 1466 δὲ
3250 1416 3381 1478 τοὺς
3461 1416 3767 1486 βασιλικοὺς

2203 1497 2484 1566 ὑποδεῖξαι
2517 1501 2730 1566 πάντας
2763 1501 2917 1573 αὑτῷ
2955 1504 3292 1576 θησαυρούς.
3330 1505 3396 1559 Ἦ
3429 1506 3508 1572 δὲ,
3550 1510 3625 1563 Τὰ
3651 1509 3770 1563 κατ’

2200 1590 2324 1660 ἐμὲ,
2359 1593 2496 1662 φησὶ
2539 1593 2674 1664 πρὸς
2732 1594 2920 1660 αὑτὸν,
2958 1595 3300 1667 ἀναθεμένη
3337 1597 3479 1666 Θεῷ,
3507 1600 3626 1669 τὴν
3661 1603 3768 1673 μὲν

2200 1683 2510 1738 ἔκπτωσιν
2549 1684 2659 1754 τῆς
2698 1685 3030 1754 βασιλείας
3073 1688 3382 1759 ἐπιγράψω
3423 1691 3555 1760 ταῖς
3597 1695 3768 1764 ἀμαρ-

2200 1776 2355 1841 τιαις
2389 1793 2534 1845 μου,
2578 1774 2696 1844 τὴν
2741 1777 2811 1830 δὲ
2857 1777 2986 1848 σὴν
3035 1780 3378 1850 ἁνόρῤησιν
3425 1784 3769 1856 λογιζομένη

2199 1866 2320 1920 ἀπὸ
2352 1867 2524 1934 Θεοῦ,
2561 1867 2642 1933 ὡς
2678 1868 2750 1933 ἐξ
2779 1870 3018 1925 ἐκείνου
3056 1875 3477 1941 προϐληθέντα
3496 1887 3573 1929 σε
3597 1890 3772 1944 προσ-

2199 1954 2382 2018 κυνῶ,
2414 1955 2516 2010 καί
2545 1956 2694 2022 ἀξιῶ
2739 1961 3076 2028 φείσασθαί
3095 1980 3217 2031 μου
3267 1963 3381 2032 τῆς
3429 1965 3768 2032 ἀσθενείας,

2199 2045 2301 2101 καὶ
2339 2046 2517 2105 ἐᾶσαι
2546 2049 2780 2120 διάγειν
2816 2069 2893 2123 με
2930 2053 3000 2106 ἐν
3028 2053 3108 2121 τῷ
3132 2055 3279 2121 οἴκῳ
3302 2073 3445 2126 μου.
3484 2059 3767 2121 Κάκεῖνος·

2201 2142 2268 2194 Et
2297 2140 2383 2210 μή
2425 2159 2482 2196 τι
2523 2141 2896 2213 ἀποκρύψῃς
2930 2143 3055 2198 τῶν
3097 2149 3669 2218 τεθησαυρισμένων
3707 2150 3774 2203 ἐν

2196 2232 2594 2304 ἀποκρύφοις,
2628 2235 2802 2290 ἔσται
2831 2253 2932 2290 σοι
2959 2236 3056 2291 καί
3090 2238 3291 2305 τοῦτο,
3329 2243 3483 2309 φησὶ,
3519 2241 3695 2296 καίει
3714 2241 3767 2295 τι

2196 2327 2300 2380 σοι
2347 2326 2480 2380 ἐστι
2537 2327 2689 2396 πρὸς
2735 2327 3061 2396 ἀρέσκειαν
3104 2328 3345 2398 ἕτερον·
3392 2332 3487 2386 καὶ
3521 2333 3685 2403 ὅρκον
3717 2333 3770 2400 ἐξ

2198 2417 2370 2488 αὑτῆς
2433 2421 2562 2490 περὶ
2625 2419 2820 2472 τούτου
2886 2421 3185 2492 ἀπῄτησεν.
3230 2421 3294 2476 Ἡ
3330 2423 3386 2476 δὲ
3429 2423 3655 2495 ὤμοσε,
3683 2427 3768 2478 καὶ

2198 2511 2428 2566 πλεῖστα
2449 2512 2715 2578 ὑπέδειξε.
2739 2515 2849 2568 Καὶ
2873 2513 2931 2578 ὃς
2958 2515 3157 2569 αὐτίκα
3187 2516 3267 2580 είς
3298 2518 3398 2588 τήν
3426 2521 3594 2589 νῆσον
3612 2518 3769 2587 αὐτὴν

2200 2604 2563 2676 ὑπερώρισεν,
2611 2607 2648 2678 ἢ
2692 2607 2787 2661 τοῦ
2835 2608 3141 2678 Πρίγκιπος
3186 2611 3601 2680 ἐπωνόμασται,
3637 2614 3690 2666 ὲν
3738 2603 3771 2684 ᾖ

2201 2697 2369 2767 μονὴν
2403 2697 2618 2769 ὑπῆρχε
2667 2697 3054 2771 δομησαμένη.
3088 2695 3197 2754 Ἦν
3232 2701 3342 2773 γὰρ
3384 2706 3412 2757 ό
3460 2703 3770 2775 Νικηφόρος

2198 2787 2768 2860 φιλοχρηματώτατος
2837 2790 3001 2856 λίαν,
3071 2791 3492 2863 ἀπληστότατός
3559 2812 3621 2849 τε
3677 2797 3767 2850 καὶ

2197 2880 2588 2947 ἀπιστότατος,
2623 2882 2720 2933 καὶ
2751 2881 2951 2946 κακίας
2983 2883 3227 2954 ἁπάσης,
3261 2884 3338 2948 ὡς
3369 2887 3572 2954 εἰπεῖν,
3607 2903 3770 2941 κατα-

2197 2966 2422 3037 γώγιον.
2472 2969 2584 3023 Καὶ
2627 2969 2740 3024 οὐδ’
2792 2971 3169 3042 ὑποκριθῆναι
3221 2973 3360 3044 πρὸς
3418 2973 3598 3046 βραχὺ
3639 2974 3770 3037 τέως

2196 3060 2460 3131 ήνέσχετο
2522 3061 2662 3134 πρὸς
2713 3063 2844 3126 τοὺς
2898 3064 3178 3134 ὑπηκόους
3228 3065 3610 3136 χρηστότητα,
3660 3062 3774 3120 ἀλλ’

2196 3151 2399 3207 αὐτίκα
2440 3153 2623 3224 πάσης
2669 3154 2887 3218 ἀδικίας
2931 3157 3003 3209 τὰ
3058 3156 3244 3210 πάντα
3292 3156 3612 3228 ἐπλήρωσε.
3669 3156 3773 3210 Καὶ

2195 3246 2319 3299 οὐδὲ
2368 3245 2480 3300 τῶν
2539 3248 2942 3317 συναραμένων
3003 3247 3154 3317 αὑτῷ
3205 3249 3289 3312 είς
3332 3247 3395 3302 τὺ
3452 3247 3772 3319 βασιλεῦσαι

2197 3338 2500 3407 ἐφείσατο,
2575 3340 2714 3395 ἀλλὰ
2788 3341 2879 3394 τὸν
2936 3340 3037 3411 μὲν
3093 3341 3428 3411 Τριφύλλιον
3497 3342 3772 3415 φαρμάκῳ

2195 3430 2378 3484 ἀνεῖλε
2411 3446 2425 3460 ⁸
2460 3433 2552 3486 τὸν
2585 3432 2644 3485 δὲ
2674 3433 2968 3503 πατρίκιον
3000 3432 3288 3506 Βαρδάνην
3326 3435 3423 3488 καὶ
3461 3435 3769 3507 στρατηγὸν

517 3528 906 3598 imperatorem
958 3526 1254 3581 salutatum
1311 3525 1460 3593 (nam
1517 3529 1814 3592 utrumque
1871 3520 2089 3593 fertur),

2197 3522 2307 3576 τῶν
2362 3523 2766 3591 Ἀνατολικῶν,
2814 3519 2858 3592 ᾧ
2889 3523 3140 3596 Τοῦρκος
3183 3522 3254 3599 ἦν
3320 3527 3640 3598 ἐπίκλησις,
3684 3529 3774 3580 ἀν.

515 3618 811 3674 accersivit
839 3615 1222 3686 promissaque
1249 3613 1610 3684 impunitate,
1634 3611 1842 3667 factum
1864 3627 2090 3667 monar-

512 3711 678 3765 chum
721 3709 777 3764 in
822 3707 1060 3764 insulam
1111 3707 1334 3762 Protam
1384 3716 1781 3772 transvectum,
1835 3706 1933 3762 ubi
1968 3722 2089 3762 mo-

511 3801 810 3858 nasterium
839 3809 1140 3865 struxerat,
1167 3801 1291 3856 luce
1311 3798 1568 3870 privavit,
1593 3799 1924 3870 quibusdam
1949 3801 2089 3856 clam

510 3896 714 3961 missis,
759 3903 819 3950 ut
859 3895 978 3966 ipso
1028 3895 1202 3950 invito
1249 3894 1302 3949 id
1341 3893 1548 3949 factum
1597 3909 1723 3950 esse
1769 3893 2088 3962 videretur,

511 4001 916 4056 mmroremque
964 4001 1074 4056 prae
1123 4001 1184 4041 se
1224 3985 1432 4048 ferens,
1477 3985 1833 4057 jurejurando
1871 3986 2092 4058 negavit

514 4092 576 4132 se
623 4077 774 4132 illius
823 4076 1091 4132 facinoris
1133 4091 1254 4132 esse
1313 4077 1618 4131 conscium.
1664 4063 2088 4132 Constantinum

510 4169 678 4225 lreuae
722 4169 895 4223 [ilium
945 4168 1161 4236 ascivit,
1211 4170 1281 4223 ab
1309 4184 1487 4238 eoque
1540 4167 1824 4239 obsequiis
1853 4168 2089 4224 delinito

509 4261 826 4332 impetravit
881 4270 942 4314 ut
999 4261 1106 4316 sibi
1159 4275 1414 4330 magnam
1464 4260 1761 4330 pecuniam
1815 4261 1873 4316 in
1926 4276 2088 4318 muro

507 4351 745 4424 quodam
782 4351 1031 4406 aediﬁciis
1060 4353 1292 4420 obsepto
1331 4352 1611 4406 conditam
1642 4352 2079 4408 demonstraret.

506 4443 645 4499 Cum
689 4452 874 4499 autem
927 4459 986 4498 se
1036 4445 1298 4499 omnibus
1345 4445 1587 4499 invisum
1637 4460 1758 4500 esse
1805 4457 2084 4512 cerneret,

506 4537 715 4592 veritus
747 4551 816 4591 ne
856 4536 1069 4591 lrenem
1099 4537 1156 4591 in
1205 4537 1515 4606 propinquo
1560 4536 1850 4606 degentem
1882 4537 1938 4591 in
1985 4537 2088 4591 im-

507 4629 722 4698 perium
745 4629 1091 4695 reducerent,
1121 4644 1240 4683 eam
1269 4629 1593 4684 custodibus
1634 4629 1919 4694 adhibitis,
1978 4630 2082 4684 Le-

506 4719 666 4774 sbum
686 4718 968 4788 relegavit,
1001 4718 1093 4772 ubi
1113 4733 1334 4788 praemm
1358 4733 1481 4774 rore
1503 4729 1719 4774 mortua
1749 4730 1853 4776 est.
1885 4720 2081 4775 Filium

2196 3617 2565 3688 αγορευθέντα
2587 3618 2667 3680 εἰς
2691 3616 2921 3688 βασιλέα
2945 3618 3098 3690 παρὰ
3128 3619 3236 3671 τῶν
3271 3618 3422 3689 ἑῴων
3449 3620 3769 3691 ταγμάτων,

2193 3709 2305 3762 εἴτε
2337 3709 2584 3774 θέλοντα,
2616 3711 2729 3763 εἴτε
2758 3712 2966 3766 ἄκοντα
2996 3711 3237 3782 (λέγεται
3283 3714 3394 3783 γὰρ
3431 3714 3768 3786 ἀμφότερα),

2194 3795 2313 3854 εἶτα
2365 3801 2847 3872 μεταμεληθέντα,
2906 3804 3002 3856 καὶ
3046 3804 3266 3868 πίστεις
3311 3805 3593 3870 ἀπαθείας
3641 3804 3770 3874 παρ’

2193 3891 2362 3946 αὑτοῦ
2394 3893 2682 3964 εἰληφότα,
2716 3895 2955 3966 μοναχόν
2979 3911 3039 3948 τε
3068 3896 3388 3966 γενόμενον,
3429 3899 3528 3952 καὶ
3564 3901 3645 3962 είς
3677 3898 3770 3968 τὴν

2191 3985 2378 4056 νῆσον,
2431 3987 2533 4056 τὴν
2576 3985 2880 4057 λεγομένην
2941 3987 3210 4060 Πρώτην,
3270 3989 3768 4060 διαπεραιωθέντα,

2190 4075 2328 4129 ὅπου
2350 4071 2417 4149 ἦν
2443 4077 2775 4148 δειμάμενος
2811 4082 3188 4152 μοναστήριον
3207 4119 3224 4146 ,
3258 4081 3478 4146 στείλας
3520 4082 3768 4152 κρυφίως

2189 4169 2364 4233 τινὰς,
2413 4169 2490 4234 ὡς
2535 4171 2716 4224 δοκεῖν
2747 4171 3071 4240 ἀγνοοῦντος
3126 4173 3290 4226 αὑτοῦ
3343 4175 3667 4248 πεπρᾶχθαι
3710 4177 3769 4229 τὸ

2189 4263 2376 4335 ἔργον,
2404 4265 2676 4336 ἐστέρησε
2698 4264 2795 4320 τοῦ
2826 4269 3030 4336 φωτὸς,
3061 4268 3160 4322 καὶ
3195 4268 3490 4322 λυπεῖσθαι
3523 4273 3768 4340 ἐσχημα-

2187 4358 2391 4424 τίζετο,
2429 4360 2523 4412 καὶ
2550 4358 2832 4429 ἐξώμνυτο
2863 4359 3174 4430 ἀμέθεκτος
3213 4358 3358 4415 εἶναι
3401 4362 3496 4416 τοῦ
3523 4361 3769 4417 τοιούτου

2187 4452 2565 4525 τολμήματος.
2599 4453 2722 4507 Τὸν
2751 4453 2811 4506 δὲ
2862 4453 2962 4524 τῆς
3015 4454 3259 4526 Εἰρήνης
3310 4455 3428 4509 υἱὸν
3468 4457 3564 4510 τὸν
3614 4458 3766 4509 Κων-

2189 4547 2470 4598 σταντῖνον
2523 4544 2898 4616 προσελάϐετο
2973 4547 3068 4599 καὶ
3121 4547 3458 4611 ὑπεποιεῖτο,
3503 4548 3577 4601 ἶν’
3621 4545 3768 4616 αὑτῷ

2187 4638 2447 4713 ὑποδείξῃ
2471 4640 2834 4711 κρυπτόμενοι
2856 4641 3148 4711 χρήματα.
3179 4641 3454 4703 Κάκεῖνος
3483 4639 3766 4704 ὑπέδειξεν

2189 4729 2246 4780 ὲν
2303 4728 2472 4798 τοίχῳ
2533 4728 3079 4799 περιῳκοδομημένῳ
3162 4729 3359 4785 πολλὰ.
3419 4723 3608 4794 Συνεὶς
3646 4731 3704 4784 δὲ
3737 4730 3764 4782 ό

505 4809 852 4867 Stauracium
888 4810 1167 4864 hominem
1208 4809 1618 4864 odiosissimum
1649 4817 1705 4864 et
1749 4811 2078 4881 simplicem,

2194 4817 2443 4890 βασιλεὺς
2495 4818 2817 4890 Νικηφόρος
2879 4817 3223 4888 ἀχθομένους
3281 4819 3435 4890 αὑτῷ
3493 4821 3760 4883 ἅπαντας,

505 4917 684 4973 neque
728 4901 907 4956 forma
937 4918 1117 4972 neque
1149 4902 1439 4972 prudentia
1472 4919 1640 4972 regno
1671 4904 1833 4974 digna
1875 4904 2077 4974 praedi-

503 5001 620 5048 tum
639 4995 941 5049 coronavit.
987 4995 1300 5049 Patriarcha
1345 4994 1572 5050 Tarasio
1617 4995 1793 5065 prima
1837 4999 2077 5068 jejunio-

505 5101 628 5140 rum
691 5086 1033 5142 hebdomade
1083 5085 1380 5150 defuncto,
1443 5087 1679 5160 inclytus
1730 5091 2074 5160 Nieephorus

503 5197 533 5233 a
591 5177 856 5244 secretis,
911 5177 1196 5233 Dominica
1251 5178 1538 5234 Paschatis
1609 5181 1888 5235 communi
1953 5183 2064 5238 suf-

502 5267 675 5337 fragio
710 5267 1023 5338 patriarcha
1051 5275 1136 5322 est
1181 5267 1392 5322 electus
1432 5287 1446 5323 :
1483 5270 1573 5324 cui
1615 5270 1872 5326 electioni
1926 5273 2080 5327 Plato

499 5371 556 5415 et
588 5359 932 5424 Theodorus,
966 5359 1060 5428 qui
1105 5358 1396 5430 praefectus
1421 5376 1515 5417 seu
1551 5362 1720 5419 abbas
1761 5364 2074 5421 Studiensis

499 5451 818 5507 monasterii
876 5451 1076 5518 fuerat,
1134 5467 1192 5507 se
1242 5467 1642 5523 opposuerunt,
1697 5459 1846 5529 quod
1906 5460 2073 5516 Nice-

2189 4910 2284 4964 καὶ
2335 4908 2520 4973 δείσας
2574 4909 2651 4980 μὴ
2705 4909 2806 4980 τὴν
2869 4911 3111 4981 Εἰρήνην
3157 4910 3318 4975 αὖθις
3377 4913 3549 4982 ἐγγὺς
3603 4912 3763 4966 οὖσαν

2186 5004 2445 5067 λαϐόντες
2487 5004 2569 5066 είς
2606 5002 2704 5074 τὴν
2746 5003 3029 5073 βασιλείαν
3065 5003 3515 5072 ὲπαναγάγωσιν,
3556 5006 3640 5069 είς
3667 5004 3762 5075 τήν

2167 5098 2396 5153 ’Λέσϐον
2443 5097 2618 5167 αὑτὴν
2669 5097 2962 5169 ὑπερόριον
2990 5095 3171 5162 ἔθετο,
3211 5099 3309 5153 καὶ
3340 5100 3616 5169 φρουροὺς
3649 5101 3766 5151 em.-

2191 5191 2399 5260 στήσας
2438 5189 2603 5260 αὑτῇ,
2629 5187 2760 5240 ἔνθα
2795 5191 2861 5258 τῇ
2893 5187 3042 5260 λύπῃ
3072 5188 3471 5254 καταποθεῖσα,
3499 5189 3599 5259 τὴν
3622 5188 3763 5260 ζωὴν

2188 5276 2579 5347 ὲξεμέτρησεν.
2617 5276 2853 5346 Ἔστεψε
2883 5277 2940 5330 δὲ
2972 5277 3068 5331 καὶ
3100 5275 3193 5330 τὸν
3226 5279 3343 5333 υἱὸν
3376 5279 3544 5334 αὑτοῦ
3589 5283 3766 5335 Σταυ·

2185 5371 2380 5441 ρὰκιον
2409 5372 2436 5422 ό
2459 5369 2794 5441 Νικηφόρος,
2819 5369 3036 5440 εἰδεχθῆ
3064 5387 3125 5422 τε
3147 5370 3268 5426 λίαν
3285 5371 3418 5425 ὄντα
3443 5373 3536 5425 καὶ
3561 5371 3759 5442 ἀφελῆ,

2185 5467 2279 5518 καὶ
2309 5465 2452 5535 μήτε
2487 5459 2649 5532 εἶδος,
2685 5465 2823 5535 μήτε
2859 5463 2965 5536 μὴν
2993 5465 3366 5536 γειναιότητα,
3389 5469 3528 5537 μήτε
3545 5465 3762 5520 σύνεσιν

1693 5640 1902 5717 ,νενὶω
1960 5644 2272 5712 lectiones
2317 5655 2379 5710 et
2419 5654 2606 5709 notae.

569 5781 680 5863 (η)
734 5781 1101 5864 βικηςαόρος.
1151 5783 1204 5839 ls
1229 5783 1462 5864 _di‘ci_tur
1497 5785 1858 5864 ἀνδράδελφος
1900 5794 2070 5864 mgf...

569 5795 680 5863 (74:)
734 5795 1101 5864 Νικηςαορος.
1154 5795 1204 5839 Is
1257 5795 1462 5839 dieitur
1497 5795 1592 5840 ανδ
1645 5795 1858 5857 ’ὃελφος
1900 5795 2001 5863 reip
2043 5825 2066 5836 .-

501 5867 611 5920 mc.
645 5866 704 5908 in
732 5850 1011 5944 Chronico.
1041 5867 1146 5911 ms.
1193 5853 1263 5910 ab
1295 5855 1507 5913 Adamo
1544 5804 1664 5913 adn
1650 5857 1890 5918 Leonem
1923 5795 2066 5922 Phil.

2176 5797 2326 5880 levir.
2347 5798 2952 5880 lrenes‘imperatrieis,
2987 5803 3134 5877 quod
3156 5804 3226 5862 ab
3249 5805 3371 5864 aliis
3396 5804 3756 5876 scriptoribus

2179 5869 2366 5926 nescio
2405 5885 2473 5925 an
2507 5869 2881 5927 observatum.
