4068 6386
412 340 580 431 ’1359

1702 361 2027 424 JOANNIS
2062 362 2386 422 ΖΟΝΛῐζιΕ
2432 366 2437 369 ⁴

3561 359 3703 423 ιθεο

432 483 621 540 dicere
649 480 849 552 coegit,
885 487 1153 550 quantum
1179 478 1299 533 auri
1327 479 1560 534 haberet
1593 480 1615 533 ?
1652 479 1752 533 Illo
1781 489 2006 535 centum

2122 494 2285 546 τορας
2327 478 2425 545 γῆν
2482 473 2743 528 ὠνεῖσθαι
2780 476 2886 528 ἀπὸ
2926 475 3020 529 τοῦ
3051 476 3343 545 δημοσίου,
3388 476 3712 548 ἀνθρώπους

432 579 603 633 libras
651 574 986 655 allirmante,
1037 582 1096 628 ut
1147 588 1242 628 eas
1283 573 1505 627 all‘erret
1558 573 1835 627 hominem
1890 573 2021 625 hor-

432 678 579 725 tatus
625 678 731 723 est.
784 668 855 723 lis
906 667 1133 722 allatis:
1183 664 1301 720 Non
1346 666 1435 719 tibi
1484 682 1613 736 opus
1669 676 1767 729 est,
1820 664 2021 734 inquit,

436 771 585 817 tanta
655 777 842 826 auro;
899 769 957 816 et
1013 759 1205 815 decem
1263 759 1423 815 libris
1484 760 1565 813 illi
1621 759 1850 823 relictis,
1904 760 2022 828 ipsc

434 856 669 925 reliquas
723 854 828 909 sibi
868 853 1189 916 vindicavit,
1229 866 1467 921 cumque
1520 867 1632 906 suae
1676 868 1877 905 mensa:
1927 853 2021 907 ad-

432 946 633 1012 hibuit,
685 926 855 999 unum
910 944 1330 1013 imperatorium
1391 942 1688 1013 prandium
1742 959 1807 997 xc
1857 943 2019 998 libris

430 1038 549 1091 auri
577 1052 686 1090 non
722 1045 918 1105 sponte
952 1043 1279 1089 mercatum.

2122 569 2231 623 οὐδ’
2263 572 2291 622 ὃ
2320 569 2371 620 τί
2403 571 2519 621 ἐστι
2556 570 2803 639 γεωργία
2843 566 3241 637 γινώσκοντας,
3277 570 3372 622 καὶ
3404 569 3566 623 τοῦτο
3620 573 3718 626 ἐπὶ

2123 664 2236 716 τῶν
2272 664 2328 714 ἐν
2355 663 2467 723 τοῖς
2496 661 2729 730 θέμασιν
2761 662 3061 714 οἰκούντων
3093 661 3426 734 ναυκλήρων
3476 664 3710 732 ἐγίνετο.

2131 757 2259 820 Τοῖς
2303 756 2348 808 δ’
2383 757 2440 808 ἐν
2472 754 3047 807 Κωνσταντινουπόλει
3077 755 3225 823 νηῶν
3251 757 3520 825 κτήτορσι“
3544 774 3721 825 προσ-

2132 849 2385 918 ερῤίπτει
2451 846 2554 899 ἀνὰ
2597 845 2808 899 δώδεκα
2851 845 3043 915 λίτρας
3085 848 3305 912 ἑκάστῳ
3342 847 3600 916 χρυσίου,
3629 846 3718 901 ἵνα

2133 941 2319 1011 βαρῶν
2360 940 2520 993 τόκον
2571 937 2890 1007 καταϐάλλῃ
2938 937 3017 1007 τῷ
3067 937 3337 1007 δημοσίῳ,
3392 939 3502 992 τῶν
3544 939 3725 991 ἄλλων

2128 1040 2240 1091 τῶν
2267 1037 2382 1097 τοῖς
2421 1033 2633 1095 πλοίοις
2664 1032 3041 1100 ἐπικειμένων
3072 1032 3352 1084 ἐπέκεινα.
3387 1032 3499 1084 Καὶ
3541 1031 3640 1094 οὓς
3677 1030 3722 1083 δ’

430 1131 497 1184 ἂν
531 1130 738 1201 ἔμαθον
779 1131 891 1183 τῶν
913 1130 1175 1200 ἐμπόρων
1203 1130 1235 1200 ἢ
1271 1131 1657 1201 ἐργαστηρίων
1712 1136 2134 1206 προϊσταμένων
2194 1130 2408 1187 πολλῶν
2460 1128 2740 1196 εὐπορεῖν.
2793 1123 3029 1177 στέλλων
3050 1124 3320 1196 ἀφῃρεῖτο
3341 1124 3407 1177 τὰ
3434 1128 3724 1197 χρήματα,

429 1224 785 1278 πολλοστόντι
836 1224 1004 1295 μέρος
1049 1223 1284 1288 ἐκείνοις
1329 1225 1457 1291 ἐῶν,
1491 1220 1607 1279 οῖον
1684 1229 1780 1281 καὶ
1840 1231 1934 1282 ἐπί
1974 1248 2084 1285 τινι
2126 1227 2311 1300 πράτῃ
2364 1223 2576 1291 κηρῗων
2629 1219 2954 1289 εἰργάσατο.
2990 1218 3196 1272 Μαθὼν
3243 1220 3353 1291 γὰρ
3392 1220 3487 1273 τὸν
3543 1220 3721 1290 ἄνδρα

430 1316 646 1369 ἐκεῖνον
695 1315 887 1385 κύριον
953 1310 1096 1367 εἶναι
1146 1314 1450 1385 χρημάτων
1521 1314 1757 1383 πολλῶν,
1800 1320 2230 1391 μεταπέμπεται
2285 1314 2474 1376 αὑτὸν,
2527 1309 2644 1373 καὶ,
2692 1307 2915 1371 Ἐπίθες
2957 1325 3076 1374 σου,
3112 1310 3271 1376 φησὶ,
3318 1307 3421 1378 τὴν
3449 1311 3614 1380 χεῖρα
3653 1312 3723 1378 τῇ

432 1413 646 1484 κεφαλῇ
683 1428 808 1480 μου,
842 1411 939 1464 καὶ
969 1408 1172 1481 ὄμοσον
1201 1412 1323 1463 κατ’
1357 1410 1530 1479 αὐτῆς
1562 1412 1732 1466 πότον
1768 1430 1855 1469 σοι
1920 1417 2149 1487 χρυσίον
2196 1436 2207 1443 -
2232 1411 2384 1475 ἐστί;
2438 1406 2547 1461 ’1ὀῦ
2597 1405 2653 1459 δὲ
2725 1403 3045 1476 βιασθέντος
3092 1404 3256 1458 τοῦτο
3331 1408 3581 1473 ποιῆσαι,
3627 1404 3727 1458 καὶ

439 1507 743 1576 ὀμόσαντος
792 1504 991 1557 ἑκατὸν
1065 1500 1212 1571 ἐχειν
1283 1501 1495 1572 λίτρας,
1543 1504 1831 1574 ἐνεχθῆναι
1889 1506 2097 1570 ταύτας
2132 1503 2599 1576 παρεκελεύσατο.
2669 1500 2759 1562 Ὠς
2815 1497 2911 1552 οὖν
2962 1498 3361 1569 ἐκομίσθησαν,
3418 1499 3504 1552 Ob
3554 1501 3728 1569 χρεία

428 1608 529 1647 σοι
547 1594 867 1657 τοσούτου,
892 1587 1036 1652 εἷπε,
1062 1590 1319 1659 χρυσοῦ.
1347 1590 1489 1643 Δέκα
1503 1589 1634 1659 γοῦν
1650 1591 1840 1661 λίτρας
1858 1593 2004 1663 αὑτῷ
2029 1592 2326 1663 ἐπιτρέψας
2342 1590 2549 1653 λαϐεῖν,
2574 1587 2674 1651 τάς
2691 1586 2890 1647 λοιπάς
2937 1585 3101 1648 αὐτὸς
3118 1585 3459 1655 ᾠκειώσατο,
3477 1585 3726 1654 ὁμοδίαιο

427 1703 519 1738 τον
545 1684 709 1738 αὐτὸν
734 1681 1036 1754 τηνικαῦτα
1053 1680 1390 1750 πεποιηκὼς,
1415 1684 1738 1751 ἐνενήκοντα
1762 1685 1989 1755 χρυσίου
2008 1686 2206 1755 λιτρῶν
2227 1686 2286 1739 τὸ
2302 1683 2697 1752 συναριττῆσαι
2726 1679 2802 1749 τῷ
2822 1679 3032 1750 βασιλεῖ
3049 1680 3147 1749 οὐχ
3176 1679 3371 1732 ἑκόντα
3389 1678 3722 1749 πριάμενονο

500 1773 614 1827 XV.
685 1770 1009 1842 llujusmodi
1068 1768 1256 1823 multis
1312 1770 1631 1826 rationibus
1690 1772 2018 1842 excogitatis

2200 1769 2301 1826 lE'.
2334 1769 2575 1823 Τοιαῦτα
2626 1767 2800 1821 πολλὰ
2841 1768 2870 1820 ὁ
2913 1767 3232 1835 Νικηφόρος
3268 1766 3411 1819 κατὰ
3459 1765 3574 1819 τῶν
3622 1769 3726 1820 ὐπ-

425 1865 796 1935 Nicephorus,
846 1863 914 1916 ad
963 1875 1103 1930 quas
1157 1860 1530 1916 solertissimo
1593 1873 1717 1916 erat
1770 1863 2018 1934 ingenio,

429 1958 685 2014 subditos
733 1968 926 2009 omnes
950 1951 1165 2019 alliixit,
1197 1952 1459 2009 omnibus
1487 1953 1619 2009 odio
1647 1954 1773 2009 fuit.
1814 1956 2020 2022 Quam-

426 2049 622 2105 obrem
678 2046 765 2101 vir
819 2044 1045 2116 quidam
1092 2044 1315 2114 ignotus
1369 2045 1563 2100 stricto
1613 2046 1797 2117 gladio
1828 2048 1884 2104 in
1930 2064 2022 2105 re-

421 2141 568 2212 giam
613 2139 681 2193 ad
724 2152 854 2192 eum
899 2135 1267 2192 occidendum
1319 2138 1586 2204 accurrit,
1628 2154 2019 2212 concursuque

427 2234 596 2297 facto,
641 2230 913 2301 quosdam
952 2244 1086 2284 ense
1138 2229 1436 2299 percussit,
1485 2231 1921 2301 comprehensus
1966 2242 2024 2288 et

421 2322 822 2396 quaestionibus
853 2321 1158 2379 adhibitus.
1193 2320 1328 2375 nihil
1361 2321 1429 2375 de
1457 2336 1735 2393 quoquam
1767 2324 2020 2394 protulit,

421 2417 790 2484 simulataque
843 2413 1057 2468 insania
1106 2412 1350 2467 inclusus
1376 2420 1481 2467 est.
1526 2413 1872 2484 Nicephorius
1910 2415 2022 2471 Μαι

420 2508 668 2573 nichatis,
702 2519 758 2561 et
785 2506 851 2561 iis
890 2505 984 2577 qui
1011 2506 1308 2576 Albingani
1341 2517 1633 2573 vocantur,
1669 2511 1723 2564 in
1756 2511 2020 2578 oraculis,

422 2599 668 2670 auguriis
699 2596 859 2670 124
899 2608 957 2653 et
1002 2600 1225 2653 arcanis
1267 2598 1498 2670 magicis
1538 2616 1669 2656 usus
1711 2612 1817 2658 est.
1864 2603 2025 2660 Unle

430 2692 490 2745 in
562 2691 830 2745 llomanis
886 2688 1190 2760 provinciis
1244 2689 1559 2761 dispersum
1618 2693 1674 2748 id
1731 2694 2023 2751 hominum

425 2799 620 2853 genus,
665 2781 1341 2851 multorum‘simplicium
1378 2782 1540 2838 ﬁdem
1582 2787 1850 2857 corrupit.
1883 2793 2025 2858 Aga-

425 2875 546 2931 reni
579 2875 683 2930 sub
734 2890 802 2930 eo
850 2875 1116 2931 Romanis
1165 2874 1491 2945 provinciis,
1533 2879 1747 2934 crebris
1793 2880 2021 2951 expedi-

422 2967 691 3034 tionibus,
741 2967 945 3022 multas
980 2966 1172 3023 clades
1212 2967 1542 3033 intulerunt,
1587 2984 1651 3026 ac
1689 2980 1889 3041 praeter
1917 2987 2024 3027 cat-

422 3071 562 3128 tera,
623 3062 792 3117 etiam
846 3061 1245 3116 Euchaitorum
1311 3063 1667 3133 metropolim
1721 3074 2014 3134 ceperunt.

2126 1864 2310 1934 ηκόων
2342 1860 2577 1915 ἐπινοῶν
2609 1855 2697 1931 (ἦν
2748 1859 2857 1928 γάρ
2889 1858 3280 1927 ποριμώτατος
3320 1858 3379 1909 ἐν
3426 1857 3720 1927 τοιούτοις)

2130 1956 2315 2007 πᾶσαν
2352 1954 2541 2014 αὐτοῖς
2588 1952 2866 2021 ἐπήνεγκε
2902 1950 3175 2013 κάκωσιν,
3218 1951 3313 2002 καὶ
3356 1948 3464 2002 ὑπὸ
3498 1949 3724 2005 πάντων

2128 2044 2428 2115 μεμίσητο.
2469 2042 2635 2096 Ὅθεν
2660 2040 2940 2108 ἄγνωστός
2975 2056 3059 2103 τις
3088 2039 3230 2109 ἀνὴρ
3271 2038 3429 2108 ξίφος
3454 2040 3592 2093 ποτέ
3627 2039 3725 2094 λα-

2127 2136 2238 2190 ϐ’ὼν
2269 2137 2329 2189 ἐν
2355 2135 2562 2206 χεροῖν,
2600 2132 2894 2202 εἰσέδραμε
2946 2130 3014 2183 τὰ
3047 2129 3327 2199 βασίλεια,
3379 2130 3601 2185 ἀνελεῖν
3633 2132 3723 2185 τὸν

2127 2228 2354 2298 βασιλέα
2373 2222 2563 2281 τούτον
2582 2225 2784 2296 ζητῶν.
2814 2224 2994 2278 Τινῶν
3021 2222 3070 2275 δ’
3098 2222 3519 2294 ἐπιδραμόντων
3542 2224 3721 2294 αὐτῷ,

2123 2325 2250 2387 τοὺς
2292 2323 2390 2392 μὲν
2424 2318 2628 2390 ἔπληξε
2661 2318 2738 2389 τῷ
2771 2318 2940 2387 ξίφει,
2973 2317 3138 2380 αὐτὸς
3174 2317 3231 2369 δὲ
3268 2316 3585 2388 συσχεθεὶς,
3622 2319 3720 2370 καὶ

2127 2413 2387 2485 βασάνοις
2414 2411 2681 2474 ἐκδοθεὶς,
2714 2410 2871 2464 οὐδέν
2903 2425 2954 2461 τι
2980 2409 3118 2463 κατά
3142 2425 3237 2461 του
3269 2407 3556 2478 ἐξέφηνεν,
3584 2407 3723 2462 ἀλλὰ

2126 2504 2558 2574 παρακεκόφθαι
2583 2504 2682 2567 τὰς
2708 2502 2916 2573 φρένας
2947 2499 3292 2572 ὑποκριθεὶς,
3322 2500 3723 2562 κατάκλειστος

2126 2597 2349 2667 γέγονε.
2382 2597 2711 2666 Μανιχαίοις
2758 2595 2814 2648 δὲ
2853 2595 2948 2648 καὶ
2993 2599 3106 2658 τοῖς
3135 2595 3507 2665 καλουμένοις
3536 2596 3692 2663 Ἀθιγ

2126 2688 2339 2756 γάνοις,
2358 2689 2415 2742 ἐν
2449 2691 2725 2759 χρησμοῖς
2746 2705 2828 2754 τε,
2859 2688 2954 2741 καὶ
2970 2687 3324 2758 οἰωνίσμασι,
3353 2690 3450 2743 καὶ
3472 2688 3721 2752 τελεταῖς

2126 2782 2461 2853 ἀπορρήτοις
2487 2783 2777 2854 ἐκέχρητο.
2816 2779 3135 2835 Κάντ-ῢθεν
3171 2782 3256 2845 είς
3279 2780 3380 2846 τὰς
3402 2798 3436 2852 χ
3459 2781 3597 2852 τινρας
3623 2783 3720 2844 τὰς

2142 2874 2458 2946 Ῥωμαϊκὰς
2500 2875 2933 2945 εἰσεφθάρησαν,
2969 2875 3066 2928 καὶ
3108 2873 3299 2927 πολλοὶ
3336 2873 3447 2927 τῶν
3485 2874 3719 2927 ἀϐελτέο

2134 2982 2244 3037 ρων
2270 2968 2349 3030 εἰς
2378 2967 2479 3038 τὴν
2505 2967 2689 3020 πίστιν
2709 2967 2801 3021 ὑπ’
2832 2965 3013 3021 αὐτῶν
3035 2965 3428 3038 διεφθάρησαν.
3459 2966 3527 3021 Οἱ
3546 2967 3603 3021 δὲ
3623 2968 3722 3040 τῆς

2132 3062 2311 3131 Ἅγαρ
2375 3059 2636 3122 πολλάκις
2694 3058 2839 3112 κατὰ
2879 3058 3169 3126 Ῥωμαίων
3227 3059 3720 3129 ἐπιστρατεύοντες

418 3155 497 3209 Ac
529 3153 605 3208 illi
628 3152 907 3210 Orientem
933 3154 1177 3225 populati
1198 3162 1363 3221 sunt,
1389 3155 1608 3227 Bulgari
1631 3154 2009 3213 Occidentem.

2122 3154 2355 3207 ἐκάκουν
2390 3152 2490 3216 τὰς
2513 3152 2719 3223 χώρας,
2747 3145 2887 3203 εἶλόν
2920 3167 2978 3203 τε
3013 3150 3110 3204 σὺν
3138 3149 3320 3214 ἄλλοις
3350 3150 3445 3204 καὶ
3478 3151 3582 3222 τὴν
3611 3150 3722 3204 τῶν

418 3244 733 3312 Imperator
775 3244 942 3313 igitur
987 3258 1113 3298 cum
1161 3244 1368 3299 bellum
1430 3246 1701 3301 adversus
1750 3246 2014 3317 Bulgaros

419 3341 705 3408 suscipere
756 3337 1118 3401 decrevisset,
1171 3345 1228 3391 et
1257 3337 1483 3408 quidam
1526 3354 1594 3393 ex
1638 3340 1760 3410 ejus
1805 3339 2015 3395 intimis

418 3431 474 3485 ei
548 3428 841 3491 suasisset.
896 3440 960 3484 ut
1024 3429 1279 3485 subditos
1334 3431 1665 3486 clementius
1731 3440 2012 3491 tractaret.

422 3520 562 3576 Nam
610 3538 812 3586 omnes,
872 3521 1073 3591 inquit,
1121 3530 1307 3576 contra
1356 3539 1463 3587 nos
1491 3523 1851 3594 vociferantur
1895 3541 1914 3579 :
1960 3535 2011 3579 et

418 3616 467 3668 si
490 3614 619 3684 quid
641 3612 850 3667 adversi
900 3614 1049 3669 nobis
1102 3616 1380 3681 acciderit,
1428 3632 1610 3670 omnes
1654 3634 1783 3673 casu
1833 3628 2013 3674 nostra

419 3705 762 3759 (relabuntur.
802 3704 1109 3774 Respondit
1144 3705 1236 3761 ille
1266 3722 1284 3760 :
1324 3705 1466 3760 Deus
1510 3723 1600 3760 cor
1627 3724 1798 3763 meum
1829 3725 2009 3780 quem~

419 3798 708 3852 admodum
787 3796 1094 3852 Pharaonis
1162 3798 1454 3854 induravit.
1521 3799 1601 3853 Ne
1667 3802 1793 3866 quid
1853 3804 2017 3872 igitur

419 3906 452 3942 a
490 3903 572 3942 me
614 3889 807 3942 bonum
838 3889 902 3943 iis
940 3897 1253 3943 eventurum
1283 3896 1613 3961 exspectato,
1646 3891 1737 3961 qui
1764 3891 1821 3945 in
1850 3908 2016 3946 manu

420 3995 539 4035 mea
590 3990 734 4035 sunt.
778 3981 1077 4036 Aceersitis
1111 3982 1281 4053 igitur
1309 3982 1557 4053 undique
1588 3983 1921 4054 legionibus,
1960 3984 2015 4038 in

419 4072 732 4143 Bulgariam
812 4056 1129 4143 profectus,
1191 4072 1397 4129 Crumo
1450 4075 1602 4146 genti
1664 4077 2012 4146 imperante,

418 4164 697 4235 principio
742 4165 987 4220 secunda
1035 4166 1257 4222 fortuna
1291 4182 1425 4222 usus
1469 4178 1577 4234 est,
1623 4177 1685 4224 ut
1731 4180 1788 4224 et
1835 4171 2014 4225 aulam

419 4256 571 4312 illius
612 4266 833 4327 caperet
874 4257 977 4330 (sic
1022 4258 1171 4313 enim
1220 4259 1435 4330 Bulgari
1482 4261 1566 4315 sui
1619 4262 1888 4333 principis
1921 4261 2020 4316 bas

420 4350 743 4405 bitationem
780 4350 1181 4420 appellabant),
1206 4360 1263 4406 et
1299 4352 1655 4408 conclavibus
1685 4362 1745 4408 ut
1791 4353 1910 4409 suis
1937 4354 2015 4409 si-

419 4443 549 4514 gilla
589 4443 956 4514 imprimeret,
990 4452 1047 4499 et
1078 4445 1283 4500 multos
1321 4460 1553 4502 suorum
1598 4446 1671 4501 ob
1707 4447 2014 4517 spoliorum

422 4533 676 4602 rapinam
728 4534 1009 4589 multaret.
1061 4533 1267 4589 Crumo
1318 4544 1502 4590 autem
1567 4535 1757 4591 fractis
1809 4538 2013 4592 animis
2050 4528 2091 4584 ῐ)

424 4622 774 4693 supplicante
808 4631 869 4676 ut
898 4623 1049 4693 genti
1101 4633 1373 4693 parceret,
1400 4634 1456 4680 et
1481 4626 1686 4695 quibus
1706 4627 1820 4697 ipse
1851 4629 2017 4682 vellet

428 4713 848 4770 conditionibus
895 4729 1086 4785 pacem
1135 4714 1313 4780 daret,
1342 4732 1601 4772 successu
1629 4719 1808 4773 elatus
1837 4720 2017 4775 nullas

425 4807 775 4864 conditiones
795 4807 1042 4862 admisit.
1069 4807 1309 4862 Crumus
1326 4808 1493 4879 igitur
1511 4811 1813 4880 desperatis
1828 4812 2013 4876 rebus,

424 4901 532 4957 sibi
581 4902 693 4973 jam
732 4899 802 4955 de
842 4899 959 4969 ipsa
994 4899 1106 4954 vita
1151 4898 1527 4954 dimicandum
1587 4909 1760 4966 ratus,
1808 4903 2016 4957 coactis

425 4998 545 5052 suis
590 4994 789 5065 cepiis,
853 5007 1059 5062 easque
1106 4993 1458 5059 cohortatus,
1513 5004 1689 5050 castra
1739 4995 2017 5048 Romano-

427 5103 550 5143 rum
600 5095 768 5143 noctu
822 5086 1056 5149 invadit,
1110 5082 1375 5140 omnibus
1419 5087 1537 5141 sine
1577 5086 1831 5142 excubiis
1881 5086 2014 5141 dor-

427 5181 730 5236 mientibus
761 5180 965 5248 (neque
995 5178 1144 5231 enim
1184 5178 1241 5231 in
1283 5186 1431 5231 tanta
1481 5177 1867 5247 desperatione
1914 5193 2016 5231 un-

426 5289 592 5347 quam
623 5285 857 5326 ausuros
885 5283 1072 5323 secum
1098 5269 1369 5322 Barbaros
1397 5267 1661 5339 congredi
1692 5267 2011 5338 putabant),

428 5366 615 5421 statim
656 5364 711 5416 in
744 5362 1161 5417 tabernaculum
1213 5360 1568 5429 imperatoris
1615 5359 1759 5414 facto
1804 5358 2014 5428 impetu

428 5457 773 5529 Nicephorus
821 5455 1037 5512 occisus
1078 5461 1206 5509 est:
1250 5468 1360 5523 quo
1402 5465 1585 5508 autem
1628 5463 1808 5523 pacto,
1858 5453 2015 5523 igno—

433 5558 605 5605 ratur.
655 5548 852 5602 Fertur
911 5546 1060 5601 enim
1116 5562 1147 5600 a
1181 5547 1296 5600 suis
1353 5561 1421 5601 ex
1467 5546 1596 5601 odio
1641 5561 1740 5616 per
1787 5545 2016 5600 insidias

432 5639 796 5704 interfectus,
843 5639 961 5693 sive
1011 5638 1215 5693 caedem
1268 5638 1510 5693 hominis
1553 5638 1866 5709 pestilentis
1915 5652 2015 5692 au-

431 5733 679 5801 spicatis,
723 5732 841 5787 sive
871 5747 904 5786 a
936 5732 1192 5787 Barbaris
1240 5733 1550 5787 inchoatam
1593 5732 1888 5788 exsecutis.
1918 5731 2015 5786 Est

437 5835 497 5885 et
528 5822 846 5881 Stauracius
884 5826 1026 5879 inter
1067 5824 1360 5880 humerum
1393 5825 1646 5882 dextrum
1681 5835 1737 5881 et
1759 5825 2011 5897 jugulum

2117 3244 2403 3314 Εὑχαῖτῶν
2440 3243 2799 3315 μητρόπολιν.
2827 3244 2937 3298 Καὶ
2976 3236 3126 3296 οὗτοι
3154 3242 3256 3313 μὲν
3302 3244 3371 3297 τὰ
3395 3243 3535 3314 πρὸς
3570 3242 3722 3296 ἀνίσ-

2116 3351 2281 3405 χοντα
2316 3334 2466 3404 ἣλιον
2513 3334 2814 3405 ἐληῖζοντο,
2850 3337 2902 3388 οἰ
2932 3335 2989 3388 δὲ
3025 3336 3332 3406 Βούλγαροι
3357 3336 3425 3388 τὰ
3461 3336 3717 3407 ἑσπέρια.

2132 3427 2599 3499 Ἐπιστρατεῦσαι
2636 3430 2819 3483 τοίνυν
2849 3433 2992 3485 κατὰ
3020 3430 3354 3501 Βουλγάρων
3384 3431 3413 3482 ὁ
3450 3428 3717 3500 βασιλεὺς

2116 3520 2486 3575 ἐϐουλεύσατο
2507 3536 2520 3549 ·
2556 3521 2652 3573 καί
2684 3538 2832 3586 τινος
2854 3522 2965 3577 τῶν
2999 3522 3355 3576 οἰκειοτάτων
3394 3522 3548 3593 αὐτῷ
3574 3539 3719 3592 συμ-

2117 3611 2494 3679 ϐουλεύοντος,
2529 3611 2775 3666 ἐνδοῦναι
2806 3616 2920 3677 τοῖς
2964 3614 3230 3684 ὑπηκόοις
3277 3614 3381 3684 τὴν
3409 3614 3667 3668 κάκωσιν
3692 3630 3706 3644 ·

2115 3702 2353 3769 Πάντες
2376 3706 2509 3773 γὰρ,
2533 3704 2663 3775 ἔφη,
2688 3704 3071 3759 καταϐοῶσιν
3094 3704 3287 3773 ἡμῶν,
3319 3706 3420 3760 καί
3448 3708 3506 3761 ετ
3523 3724 3579 3762 τι
3606 3706 3719 3762 τῶν

2116 3795 2421 3851 ἀπαισίων
2462 3798 2729 3866 συμϐαίη
2776 3797 2943 3866 ἡμῖν,
2977 3798 3203 3863 πάντες
3241 3798 3719 3869 ἐπιχαρήσονται

2117 3888 2192 3958 τῇ
2231 3888 2458 3942 πτώσει
2492 3888 2682 3958 ἡμῶν,
2730 3892 2947 3961 ἐκεῖνος1
2971 3890 3075 3962 ἔφη
3102 3891 3179 3954 ὡς
3223 3892 3287 3945 '0
3326 3895 3473 3959 Θεὸς
3489 3891 3719 3959 ἐσκλή-

2116 4000 2271 4053 ρυνε
2310 3983 2426 4050 τὴν
2453 3970 2712 4051 καρδίαν
2734 4001 2854 4052 μου
2890 3986 3042 4038 κατὰ
3064 3984 3181 4052 τὴν
3211 3985 3320 4041 τοῦ
3351 3987 3567 4055 Φαραώ
3588 4004 3603 4018 ο
3631 3986 3715 4057 μὴ

2118 4072 2235 4132 οὖν
2264 4077 2523 4146 ἐκδέχου
2572 4092 2624 4128 τι
2677 4076 2906 4144 ἀγαθὸν
2943 4074 3067 4141 τοῖς
3097 4076 3219 4132 ὑπὸ
3270 4076 3441 4145 χεῖρά
3488 4095 3614 4148 μου
3646 4077 3717 4143 ἐξ

2117 4169 2287 4238 ἐμοῦ.
2327 4170 2704 4240 Συναοροίσας
2742 4167 2838 4223 οὖν
2869 4169 2938 4221 τὰ
2982 4170 3246 4238 τάγματα
3279 4169 3578 4235 πάντοθεν,
3622 4176 3716 4224 καὶ

2119 4263 2202 4325 είς
2253 4261 2601 4333 Βουλγαρίαν
2665 4261 3141 4330 παραγενόμενος,
3189 4259 3289 4314 τοῦ
3324 4262 3589 4334 Κρούμου
3618 4259 3711 4316 τοῦ

2121 4352 2311 4416 ἔθνους
2342 4352 2894 4424 ἀρχηγετοῦντος,τδ
2947 4354 3047 4423 μὲν
3103 4351 3322 4423 πρῶτον
3378 4353 3708 4425 εὐτύχησεν,

2122 4444 2263 4499 ὣστε
2299 4446 2393 4498 καὶ
2435 4445 2534 4516 τὴν
2584 4443 2847 4515 Κρούμου
2885 4442 3290 4514 παρειληφέναι
3331 4445 3502 4517 αὐλὴν
3549 4445 3711 4517 (οὕτω

2121 4540 2229 4612 γὰρ
2264 4541 2364 4611 τὴν
2412 4539 2507 4593 τοῦ
2555 4538 2708 4607 σφῶν
2754 4538 3005 4609 ἀρχηγοῦ
3048 4540 3099 4591 οἱ
3131 4539 3439 4611 Βούλγαροι
3480 4540 3709 4593 ἐκάλουν

2121 4634 2468 4704 κατοίκησιν)
2511 4635 2605 4686 καὶ
2656 4634 2773 4696 τοῖς
2823 4632 3041 4685 ἐκείνου
3097 4633 3347 4702 ταμείοις
3406 4634 3709 4703 σφραγίδας

2121 4725 2423 4789 ἐπιϐαλεῖν,
2457 4726 2532 4788 ὡς
2583 4724 2687 4795 ἠδη
2720 4724 3042 4793 γενομένοις
3091 4724 3283 4792 αὑτοῦ,
3335 4726 3433 4779 καὶ
3478 4727 3707 4789 πολλοὺς

2120 4817 2229 4869 τῶν
2280 4817 2501 4870 οἰκείων
2544 4816 2634 4869 διὰ
2672 4816 2890 4871 σκύλων
2939 4817 3204 4887 ἁρπαγὴν
3252 4819 3702 4888 τιμωρήσασθαι.

2121 4908 2229 4962 Τοῦ
2266 4908 2324 4962 δὲ
2356 4909 2618 4979 Κρούμου
2650 4908 3185 4973 ἁποδεδειλιακότος,
3235 4912 3331 4963 καὶ
3365 4909 3704 4973 ἱκετεύοντος

2120 4999 2415 5069 φείσασθαι
2469 4998 2565 5051 τοῦ
2618 4998 2830 5065 ἔθνους,
2885 5001 2982 5053 καὶ
3039 5000 3124 5068 ἐφ’
3171 5001 3316 5065 οἵαις
3363 5001 3430 5056 ἂν
3460 5001 3703 5073 βούλοιτο

2121 5091 2422 5162 συνθήκαις
2462 5090 2795 5143 σπείσασθαι
2833 5090 3006 5161 αὐτῷ,
3049 5091 3323 5159 ὀγκωθεῖς
3373 5093 3581 5155 ἐκεῖνος
3627 5091 3702 5161 τῷ

2119 5185 2463 5253 εὐτυχήματι
2514 5182 2614 5245 τὰς
2657 5182 2891 5246 σπονδὰς
2931 5184 2991 5235 οὐ
3026 5185 3363 5256 προσήκατο.
3409 5184 3700 5252 ’Δπογνοὺς

2118 5273 2218 5327 οὖν
2250 5277 2278 5327 ό
2302 5273 2580 5344 Κροῦμος,
2612 5274 2711 5327 καὶ
2736 5273 2829 5327 τὸν
2852 5276 2982 5345 περὶ
3007 5275 3189 5346 ψυχῆς
3216 5276 3317 5347 ήδη
3352 5275 3698 5345 λογιζόμενος

2120 5366 2285 5431 θέειν,
2314 5366 2412 5428 τὰς
2452 5364 2645 5418 ἐαυτοῦ
2681 5365 2943 5435 δυνάμεις
2993 5367 3345 5435 συναγαγὼν,
3377 5367 3476 5422 καὶ
3515 5368 3697 5435 λόγοις

2118 5457 2557 5529 παρακλητικοῖς
2590 5460 3021 5529 παρακροτήσας
3044 5459 3268 5525 αὐτοὺς,
3298 5457 3482 5512 ἔπεισι
3506 5458 3694 5520 νυκτὸς

2118 5550 2200 5602 ἔτι
2269 5547 2438 5619 οὔσης
2496 5548 2639 5601 κατὰ
2689 5549 2927 5620 τῆςτῶν
2970 5550 3262 5620 Ῥωμαίων
3312 5549 3688 5623 παρεμϐολῆς,

2119 5640 2448 5710 ἀφυλάκτως
2478 5641 2848 5711 κοιμωμένων
2876 5641 3136 5696 ἁπάντων
3164 5642 3265 5713 (μὴ
3300 5645 3411 5714 γὰρ
3441 5643 3506 5697 ἄν
3559 5656 3688 5693 ποτε

2116 5732 2388 5802 τολμῆσαι
2421 5731 2694 5801 συμμίξαι
2733 5733 2919 5797 αὐτοῖς
2950 5735 3078 5798 τοὺς
3109 5732 3520 5807 Βαρϐάρουςθέξ
3556 5731 3688 5786 ἁπο-

2118 5823 2266 5888 νοίας
2292 5824 2493 5898 πολλῆς
2523 5825 2741 5898 ᾤοντο),
2768 5829 2864 5884 καὶ
2890 5828 3092 5885 αὐτίκα
3114 5829 3255 5887 κατὰ
3284 5828 3385 5901 τῆς
3417 5822 3685 5901 βασιλείου
