4068 6386
436 400 578 464 1363

1707 395 2031 458 JOANNIS
2063 393 2390 455 ZONAR/E

3572 375 3710 442 1365

430 517 727 587 Augustam
781 514 1041 568 salutavit
1081 521 1138 567 et
1185 510 1528 566 coronavit:
1575 509 1660 564 vir
1693 510 1818 580 pius
1851 517 2016 578 atque

2122 504 2381 559 κοινωνὸν
2416 501 2732 570 ΙΙροκοττίαν
2764 497 3081 565 Δύγούσται
3109 492 3225 564 (80)
3275 489 3620 587 ἀνηγόρευσὲ
3651 507 3711 543 τε

434 607 655 678 ingenui
691 606 884 660 animi.
909 605 1018 660 Eos
1049 604 1252 675 quibus
1280 619 1310 660 a
1340 602 1654 674 Nicephoro
1677 602 1833 658 factm
1857 610 2018 656 erant

433 700 668 772 injuriae,
699 710 754 756 et
787 699 1024 754 militum
1061 698 1207 754 bello
1239 711 1509 753 caesorum
1541 710 1743 752 uxores
1772 693 2018 763 pecunia:

431 791 821 848 distributione
857 790 1175 846 consolatus
1207 797 1313 844 est.
1351 787 1818 857 Theophanonem
1851 785 2010 840 Stau-

431 884 567 940 racii
605 883 932 954 conjugcm,
980 897 1102 951 qua:
1152 891 1308 937 tonsa
1361 895 1519 935 coma
1563 879 1774 948 nigram
1821 877 2017 932 stolam

432 977 718 1042 induerat,
767 990 962 1046 magna
1013 973 1248 1044 pecunia
1299 972 1546 1039 donavit,
1602 971 1816 1028 (edibus
1857 971 1907 1026 ci
1951 969 2017 1024 ad

434 1070 790 1126 habitandum
821 1068 1153 1139 assignatis,
1201 1081 1340 1135 quas
1387 1066 1479 1122 illa
1519 1066 1574 1120 in
1622 1065 2016 1118 monasterium

432 1160 728 1223 convertit,
771 1158 916 1229 quod
951 1174 982 1212 a
1024 1156 1313 1212 Stauracio
1349 1156 1422 1212 ibi
1453 1155 1672 1225 sepulto
1701 1169 1902 1209 nomen
1933 1164 2020 1208 cst

431 1250 712 1305 sortitum.
747 1249 882 1303 Nam
909 1264 976 1303 cx
1008 1249 1258 1313 vulnere,
1297 1247 1445 1317 quod
1489 1263 1656 1316 supra
1689 1245 2019 1301 memoravi-

433 1356 577 1406 mus,
611 1340 878 1403 decessit,
919 1355 1044 1395 cum
1095 1339 1236 1395 duos
1273 1339 1541 1394 duntaxat
1574 1353 1791 1394 menses
1835 1346 1891 1391 et
1923 1351 2020 1391 sex

431 1431 556 1488 dies
593 1431 935 1500 imperasset.
967 1429 1025 1484 ld
1065 1431 1462 1486 monasterium
1494 1430 1862 1501 appellatione
1893 1443 2018 1482 cor-

431 1531 595 1589 rupta
625 1522 787 1592 vulgo
808 1521 976 1575 Braca
1007 1520 1234 1586 dicitur,
1258 1531 1313 1577 et
1340 1537 1371 1576 a
1394 1521 1675 1577 nonnullis
1700 1519 1793 1590 qui
1826 1531 2017 1574 vocem

431 1613 499 1667 ad
533 1611 777 1668 Graecam
817 1613 1050 1667 formam
1091 1613 1423 1684 detorquere
1464 1621 1757 1678 conantur,
1789 1613 2019 1683 originis

430 1706 552 1773 ejus
582 1705 777 1775 ignari,
812 1706 1100 1762 Hebraica.
1130 1706 1268 1763 Cum
1294 1716 1480 1762 autem
1507 1704 1822 1761 Studicnsis
1858 1706 2020 1776 126

431 1796 751 1852 monasterii
785 1796 1182 1863 moderatores,
1223 1796 1508 1854 Platonem
1543 1807 1600 1853 et
1637 1797 2015 1862 Theodorum,

2123 596 2218 649 καὶ
2245 592 2495 662 ἔστεψεν,
2525 591 2758 660 εὐσεϐής
2789 605 2850 642 τε
2879 585 3169 655 τυγχάνων
3203 583 3298 636 καὶ
3355 579 3455 652 τὴν
3483 580 3713 650 γνώμην

2121 686 2454 756 ἐλευθέριος.
2489 681 2629 746 Τούς
2665 699 2723 735 τε
2755 679 2895 751 πρὸς
2923 679 3017 732 τοῦ
3065 674 3388 746 Νικηφόρον
3439 671 3715 742 ἠδικημέ-

2122 795 2268 841 νους,
2301 775 2395 829 καὶ
2420 775 2520 838 τὰς
2581 771 2855 839 συζύγους
2910 769 3019 822 τῶν
3079 769 3137 822 ὲν
3203 764 3283 835 τῷ
3336 763 3561 832 πολέμῳ
3621 779 3718 814 πε-

2122 869 2326 922 σόντων
2363 863 2716 935 στρατιωτῶν
2763 859 3207 934 παρεμυθήσατο
3239 855 3544 926 χρημάτων
3600 853 3718 906 δια⁴

2120 961 2348 1030 νομαῖς·
2411 957 2508 1010 καί⁷
2555 957 2654 1026 τὴν
2685 954 2936 1025 γαμετὴν
2981 953 3039 1006 δὲ
3085 948 3431 1020 Σταυρακίου
3460 942 3720 1012 Θεοφανὼ

2123 1055 2384 1124 καρεῐσαν
2412 1050 2509 1122 τὴν
2541 1052 2744 1120 κόμην,
2776 1048 2871 1100 καὶ
2902 1045 3162 1116 μέλαιναν
3192 1040 3570 1110 ἑνδυσαμένην
3598 1053 3693 1090 στο

2119 1145 2240 1216 λὴν,
2270 1145 2520 1215 χρήμασι
2549 1143 2764 1204 πολλοῖς
2793 1140 3129 1210 ἐδωρήσατο,
3159 1135 3257 1188 καὶ
3285 1132 3434 1188 οἷκον
3465 1133 3546 1194 εἰς
3620 1148 3723 1184 κα-

2123 1238 2346 1292 τοικίαν
2405 1238 2543 1306 αὐτῇ
2605 1233 3068 1305 προσαπένειμεν,
3123 1229 3184 1282 δν
3219 1231 3298 1292 εἰς
3352 1224 3714 1297 μοναζουσῶ)

2119 1330 2301 1400 εκείνη
2345 1328 2676 1400 μετεποίησε
2707 1324 3080 1394 καταγώγιον,
3112 1321 3242 1375 ἔνθα
3268 1321 3364 1374 καί
3393 1323 3422 1374 ό
3449 1318 3718 1387 Σταυρά-

2121 1439 2238 1484 κιος
2285 1420 2576 1485 τέθαπται,
2635 1419 2816 1472 θανών
2867 1419 2933 1471 ὲκ
2995 1416 3098 1486 τῆς
3127 1412 3348 1484 πληγῆς
3404 1413 3471 1483 ἣν
3506 1413 3533 1464 6
3563 1411 3722 1479 λόγος

2120 1513 2380 1584 ἐδήλωσε,
2409 1510 2502 1565 δύο
2533 1512 2714 1581 μῆνας
2747 1508 3110 1578 αὐταρχήσας
3147 1505 3345 1574 μόνους
3378 1502 3472 1554 ἐπὶ
3500 1502 3719 1571 ἡμέρας

2119 1603 2200 1669 ἓξ.
2238 1604 2400 1666 Ἦτις
2429 1603 2564 1674 μονὴ
2599 1603 2658 1666 ἐξ
2705 1598 2920 1654 ἐκείνου
2963 1597 3172 1666 ἐκλήθη
3206 1593 3302 1647 τοῦ
3362 1591 3718 1663 Σταυρακίου

2119 1695 2510 1767 ὠνομασμένη,
2549 1691 3023 1766 βαρϐαριζομὲνου
3053 1689 3110 1741 δὲ
3141 1685 3236 1740 τοῦ
3263 1685 3536 1755 ὀνόματος
3563 1684 3718 1754 παρα

2119 1789 2217 1842 τοῦ
2253 1786 2630 1860 συρφετώδους
2681 1785 2839 1856 ὖχλου
2881 1783 3103 1851 λέγεται
3158 1779 3225 1832 τὰ
3274 1776 3493 1849 Βρακέι,
3565 1775 3720 1845 παρὰ

430 1895 488 1941 et
513 1885 736 1941 fratrem
770 1889 892 1958 ejus
929 1889 1093 1942 etiam
1125 1888 1427 1957 Josephum
1463 1886 2016 1942 Thessalonicensem

2121 1897 2284 1934 τινων
2304 1879 2361 1934 δὲ
2383 1879 2482 1951 τὴν
2518 1878 2695 1950 ἀληθῆ
2743 1877 2937 1947 κλῆσιν
2992 1870 3404 1943 ἀγνοησάντων,
3447 1869 3721 1937 μεταγόν-

431 1979 936 2050 archiepiscopum,
970 1981 1329 2051 ejusdemque
1365 1980 1686 2036 monasterii
1717 1980 2020 2035 monachos

430 2068 763 2140 insigniores
777 2070 831 2124 in
849 2083 1128 2126 carcerem
1151 2071 1428 2141 conjectos
1451 2071 2022 2141 reperisset,propter-

429 2178 495 2218 ea
535 2161 685 2232 quod
714 2176 842 2216 cum
891 2163 1202 2232 patriarcha
1231 2172 1288 2218 et
1320 2161 1581 2218 Ecclesiae
1603 2177 1711 2217 non
1741 2162 2021 2218 consenti-

431 2263 575 2319 rent,
611 2261 670 2308 ut
701 2269 868 2322 supra
904 2253 1114 2309 dictum
1146 2264 1254 2317 est,
1297 2271 1522 2325 operam
1564 2255 1711 2310 dedit
1747 2265 1805 2310 ut
1837 2270 1933 2310 eos
1964 2255 2020 2308 in

429 2343 785 2400 concordiam
813 2343 1109 2416 redigeret,
1136 2345 1300 2416 idque
1328 2343 1580 2415 perfecit.
1607 2347 1803 2402 Filium
1833 2346 2018 2400 Theo-

429 2435 748 2507 pbylactum
794 2435 1153 2505 imperatorio
1189 2437 1412 2492 nomine
1459 2436 1718 2509 dignatus
1760 2445 1866 2502 cst,
1898 2446 1955 2492 et
1989 2451 2019 2490 a

429 2526 748 2596 patriarcha
813 2525 1125 2582 diademate
1189 2527 1497 2582 ornandum
1560 2528 1795 2581 curavit.
1867 2529 2017 2592 Post,

429 2618 782 2694 expeditione
805 2630 997 2675 contra
1020 2619 1284 2690 Bulgaros
1305 2629 1580 2689 suscepta,
1605 2620 1696 2689 qui
1727 2619 2018 2673 Thraciam

430 2709 842 2779 populabantur
865 2751 882 2777 ,
921 2712 1252 2782 quibusdam
1291 2712 1600 2783 legionibus
1641 2712 1956 2777 seditiosis,
1989 2727 2019 2766 a

429 2803 636 2873 quibus
691 2814 878 2875 aperte
929 2805 1238 2860 maledictis
1293 2805 1708 2870 incessebatur,
1767 2805 2021 2876 benignis

430 2894 690 2965 alloquiis
714 2906 770 2950 et
794 2895 1129 2951 liberalitate
1154 2896 1406 2966 placatis,
1433 2898 1488 2952 in
1525 2897 1730 2968 regiam
1763 2912 2020 2953 reversus

428 2996 536 3042 est.
584 2984 722 3042 Cum
756 2987 912 3042 multi
957 2987 1226 3042 insaniam
1258 2999 1449 3044 contra
1489 2989 1832 3044 venerabiles
1876 2991 2018 3044 ima-

430 3075 587 3146 gines
619 3091 889 3132 renovare
913 3079 1223 3144 studerent,
1246 3079 1576 3149 quibusdam
1604 3081 2021 3150 comprehensis

429 3173 486 3220 et
511 3165 865 3223 mediocriter
912 3168 1195 3235 multatis,
1247 3180 1477 3225 caeteros
1520 3185 1552 3224 a
1599 3171 1765 3225 simili
1818 3180 2018 3226 conatu

430 3257 724 3326 deterruit,
761 3268 817 3315 et
849 3261 1124 3316 monacho
1157 3261 1374 3317 cuidam
1404 3262 1497 3332 qui
1535 3262 1879 3318 ostentanda:
1905 3263 2020 3316 for-
2047 3251 2091 3311 C

430 3348 576 3404 sitan
622 3349 844 3419 pietatis
890 3366 1060 3422 ergo,
1110 3350 1360 3420 Deiparae
1408 3351 1703 3420 imaginem
1748 3360 2014 3416 craserat,

429 3439 674 3511 linguam
708 3440 978 3511 prazcidit.
1008 3440 1273 3511 Agarenis
1297 3453 1481 3497 autem
1516 3459 1708 3497 rursus
1735 3443 2016 3498 Orientem

428 3534 796 3597 vastantibus,
832 3532 1194 3588 Orientalium
1225 3533 1335 3587 dux
1363 3532 1475 3587 Leo
1510 3535 1831 3599 Armenius,
1865 3550 2019 3589 com-

430 3625 601 3682 misso
643 3625 866 3696 praelio,
899 3624 966 3679 ad
1002 3625 1113 3680 duo
1157 3625 1328 3679 millia
1361 3625 1600 3691 cecidit,
1641 3627 1831 3682 multis
1859 3627 2019 3696 equis

427 3725 486 3773 et
515 3716 710 3788 spoliis
733 3717 960 3788 potitus.
981 3715 1220 3773 Crumus
1244 3733 1414 3788 porro
1434 3719 1476 3773 B
1491 3719 1738 3790 ulgarum
1762 3719 2021 3791 princeps

427 3811 643 3883 legatos
669 3811 739 3866 ad
777 3813 1166 3882 imperatorem
1204 3811 1376 3875 misit,
1414 3827 1605 3882 pacem
1643 3813 1710 3868 iis
1739 3813 2018 3869 conditio-

431 3901 598 3959 nibus
630 3911 847 3973 petens,
878 3919 1001 3974 qua:
1033 3903 1138 3959 sub
1184 3903 1497 3959 Theodosio
1532 3903 1931 3976 Adramytteno
1960 3911 2018 3959 et

428 3992 744 4064 patriarcha
779 3991 1056 4048 Germano
1099 4009 1377 4050 concessa:
1418 4003 1622 4050 essent.
1653 3994 1807 4061 Quod
1838 3996 1880 4049 si
1916 4009 2018 4065 pa-

430 4100 550 4141 cem
586 4084 928 4155 repudiaret,
967 4100 1028 4141 se
1063 4084 1443 4141 Mesembriam
1479 4087 1799 4141 invasurum
1839 4085 2015 4140 mina-

431 4173 614 4242 batur,
631 4190 875 4246 eumque
896 4176 988 4244 qui
1011 4175 1214 4232 bellum
1239 4177 1548 4238 maluisset.
1574 4177 1729 4232 exitii
1753 4176 2020 4233 Christia-

431 4282 630 4356 porum
672 4277 956 4325 auctorem
1001 4268 1120 4324 fore
1168 4269 1467 4326 asserebat.
1511 4268 1620 4325 Eas
1666 4269 2017 4326 conditiones

433 4377 558 4416 cum
583 4361 811 4418 Michael
839 4362 907 4418 de
937 4362 1171 4418 consilio
1191 4378 1421 4418 suorum
1451 4362 1751 4427 renuisset,
1774 4361 2016 4418 Crumus

432 4456 815 4514 Mesembriam
857 4455 1090 4523 invasit,
1125 4455 1397 4511 machinis
1439 4455 1508 4510 ad
1553 4455 2012 4528 expugnationem

2122 1992 2230 2027 των
2250 1973 2307 2028 δὲ
2333 1973 2540 2042 ταύτην
2567 1971 2728 2043 δῆθεν
2751 1969 2888 2038 πρὸς
2907 1969 2968 2020 τὸ
3016 1963 3498 2054 Ἐλληνικὸτερον,Δ
3520 1959 3733 2054 όνομιὶ;

2124 2067 2278 2128 ζεται
2308 2064 2380 2117 τὰ
2435 2061 2728 2132 Ἑϐραϊκὰ.
2786 2056 3245 2128 Καθιιργμένους
3297 2053 3342 2107 δ’
3373 2051 3556 2122 εὐρὼν
3593 2050 3720 2111 τοὺς

2121 2159 2220 2227 τῆς
2254 2156 2423 2227 μονῆς
2477 2153 2574 2208 τοῦ
2631 2152 2889 2206 Στουδίου
2919 2147 3431 2220 ἡγεμονεύσαντος,
3465 2143 3560 2195 τὸν
3587 2140 3722 2194 [Dni-

2121 2267 2267 2303 τωνα
2297 2248 2444 2316 λέγω
2469 2247 2564 2300 καὶ
2591 2246 2683 2300 τὸν
2710 2245 3012 2314 Θεόδωρον,
3039 2240 3178 2294 ἀλλὰ
3214 2237 3320 2309 μὴν
3348 2235 3442 2291 καὶ
3475 2234 3572 2288 τὸν
3597 2242 3723 2286 του-

2120 2359 2215 2394 του
2243 2340 2522 2410 ὁμαίμονα
2562 2339 2767 2407 Ἰωσὴφ
2793 2336 2884 2389 τὸν
2917 2335 3018 2405 τῆς
3066 2329 3473 2397 Θεσσαλονίκης
3533 2327 3721 2396 ἀρχιε-

2123 2432 2391 2486 πίσκοπον
2421 2429 2555 2499 (81),
2589 2427 2820 2482 καὶτῶν
2854 2427 2956 2497 τῆς
3001 2422 3310 2495 εἰρημένης
3341 2419 3510 2489 μονῆς
3546 2432 3718 2486 μονα-

2121 2525 2231 2596 χῶν
2279 2525 2407 2588 τοὺς
2469 2521 2966 2591 ἑλλογιμωτέρους,
3027 2516 3104 2579 ὡς
3159 2515 3237 2585 μὴ
3294 2510 3717 2573 κοινωνοῦντας,

2122 2616 2419 2686 καθώσπερ
2451 2615 2756 2684 ἱστόρηται,
2786 2611 2863 2682 τῷ
2892 2608 3219 2680 πατριάρχῃ
3250 2607 3349 2661 καὶ
3378 2607 3444 2675 τῇ
3475 2603 3720 2672 Ἐκκλη-

2123 2708 2236 2780 σίᾳ,
2263 2707 2528 2762 ἔσπευσεν
2551 2707 2752 2760 ἑνῶσαι
2782 2703 3000 2770 αὐτοὺς,
3023 2703 3124 2756 καὶ
3154 2701 3340 2770 μέντοι
3368 2701 3466 2753 καὶ
3510 2699 3715 2768 ἧνωσε.

2122 2802 2232 2854 Καὶ
2256 2800 2351 2854 τὸν
2399 2799 2515 2853 υίδν
2566 2799 2624 2851 δὲ
2653 2795 3042 2864 Θεοφύλακτον
3075 2795 3103 2847 ό
3139 2791 3400 2864 βασιλεὺς
3424 2781 3586 2854 οὗτος
3619 2790 3717 2860 τῆς

2124 2891 2414 2963 βασιλικῆς
2445 2891 2650 2962 ἠξίωσε
2681 2881 2953 2959 κλήσεως,
2985 2887 3084 2942 καὶ
3113 2886 3164 2940 οἱ
3196 2885 3287 2938 διὰ
3309 2883 3402 2937 τοῦ
3434 2883 3713 2954 πατριάρ·

2121 3003 2217 3056 χου
2237 2984 2476 3054 διάδημα
2500 2982 2807 3054 περιέθετο.
2838 2979 2975 3034 Εἶτα
2997 2979 3143 3035 κατὰ
3167 2976 3499 3047 Βουλγάρων
3529 2976 3716 3046 ληϊζο-

2126 3077 2304 3148 μένων
2335 3076 2434 3147 τὴν
2466 3073 2738 3146 Θρακῴαν
2771 3075 2969 3144 μοῖραν
3021 3070 3458 3142 ἐκστρατεύσας,
3488 3067 3715 3122 στασιά-

2125 3185 2291 3223 σαντα
2325 3169 2448 3222 κατ’
2471 3168 2638 3222 αὐτοῦ
2663 3165 2773 3220 τῶν
2797 3165 3100 3235 ταγμάτων
3126 3165 3270 3231 τινὰ,
3301 3163 3378 3221 ὡς
3399 3164 3496 3216 καὶ
3524 3161 3714 3232 ὕϐρεις

2122 3261 2374 3332 χωρῆσαι
2430 3258 2573 3314 κατὰ
2631 3261 2692 3313 τὸ
2723 3258 3025 3330 προφανὲς,
3079 3256 3260 3326 λόγοις
3301 3255 3592 3325 μειλιχίοις
3619 3253 3713 3308 καὶ

2122 3353 2316 3426 δώροις
2371 3353 2677 3423 φιλοτίμοις
2729 3351 3069 3420 κατηύνασε.
3125 3350 3222 3404 καὶ
3257 3352 3339 3413 εἰς
3370 3349 3436 3403 τὰ
3465 3347 3714 3426 βασίλεια

2122 3425 2505 3511 ἐπανέζευξεν.
2548 3443 3000 3497 Ἀνακαινίσαιδὲ
3024 3440 3340 3511 ζητούντων
3373 3439 3590 3494 πολλῶν
3613 3425 3712 3510 την

2123 3537 2264 3592 κατὰ
2295 3537 2404 3591 τῶν
2442 3537 2658 3590 σεπτῶν
2685 3534 2918 3588 εἰκόνων
2953 3533 3180 3604 μανίαν,
3212 3531 3366 3594 τινὰς
3401 3531 3710 3596 συλλαϐὼν,

2123 3629 2216 3682 καὶ
2246 3627 2485 3700 μετρίως
2529 3644 2649 3690 πως
2707 3626 3090 3694 αἰκισάμενος,
3126 3624 3196 3676 δι’
3245 3622 3432 3676 αὐτῶν
3457 3624 3557 3674 καὶ
3587 3622 3710 3682 τούς

2121 3722 2343 3785 λοιποὺς
2377 3721 2744 3789 κατεπτόησε,
2793 3718 2886 3772 καὶ
2914 3716 3230 3771 παύσασθαι
3289 3715 3698 3784 παρεσκεύασε.

2119 3814 2369 3886 Μοναχὸν
2390 3814 2448 3868 δέ
2475 3831 2594 3867 τινα
2621 3811 2909 3874 εὐλαϐείας
2939 3809 3080 3880 τάχα
3108 3808 3318 3879 σκηνὴν
3348 3807 3708 3877 ἐνδεικνύμε-

2120 3925 2213 3962 νον
2240 3905 2515 3977 εὐρηκὼς,
2576 3905 2764 3958 εἰκόνα
2809 3904 2908 3974 τῆς
2948 3903 3299 3972 Θεομήτορος
3333 3900 3705 3965 ἀποξέσαντα,

2117 4002 2219 4071 τῆς
2244 3997 2498 4068 γλώσσης
2527 3996 2800 4064 ἀφείλετο.
2829 3995 2951 4048 Τῶν
2973 3993 3032 4047 δὲ
3073 3993 3396 4064 ’Δγαρηνῶν
3417 3994 3512 4064 τὴν
3530 3991 3710 4062 Ἐᾡαν

2118 4092 2274 4155 αὖθις
2308 4089 2673 4161 ληϊζομένων,
2725 4090 2752 4141 6
2780 4085 2892 4142 τῶν
2946 4085 3309 4140 Ἀνατολικῶν
3344 4084 3654 4154 στρατηγὸς
3679 4083 3708 4135 6

2131 4181 2417 4252 Ἀρμένιος
2459 4181 2614 4234 Λέων
2669 4178 2884 4242 τούτοις
2911 4177 3234 4247 συμϐαλὼν,
3275 4176 3456 4231 ἀνεῖλέ
3482 4194 3544 4229 τε
3577 4175 3708 4246 περὶ

2117 4272 2409 4344 δισχιλίους
2436 4313 2452 4336 ,
2488 4273 2583 4326 καὶ
2612 4271 2816 4333 ἵππους
2839 4271 2935 4324 καὶ
2959 4269 3101 4325 ὅπλα
3126 4268 3185 4333 ἐξ
3214 4268 3394 4322 αὐτῶν
3439 4269 3522 4331 εἰς
3567 4267 3706 4337 πλῆ-

2119 4367 2211 4429 θος
2241 4363 2736 4435 ὲλαφυραγώγησε.
2780 4362 3040 4434 Κροῦμος
3071 4361 3130 4417 δὲ
3177 4363 3206 4416 6
3235 4361 3341 4414 τῶν
3375 4361 3705 4430 Βουλγάρων

2117 4461 2302 4530 ἄρχων
2352 4455 2822 4527 διεπρεσϐεύσατο
2873 4455 3014 4525 πρὸς
3045 4455 3137 4509 τδν
3192 4453 3442 4524 βασιλέα,
3476 4456 3702 4526 εἰρήνην

434 4549 592 4606 urbis
615 4548 888 4605 adductis.
927 4548 1066 4605 Nam
1108 4548 1285 4603 Arabs
1313 4549 1537 4619 quidam
1578 4550 1755 4650 solcrs
1789 4549 2014 4604 mecha-

2122 4551 2300 4621 ζητῶν
2327 4549 2420 4604 ἐπὶ
2439 4548 2762 4618 συνθήκαις,
2781 4549 2902 4610 ταῖς
2934 4547 3028 4601 ἐπὶ
3055 4547 3340 4601 Θεοδοσίου
3379 4546 3476 4600 τοῦ
3499 4547 3704 4616 Ἀτρα-

433 4641 622 4708 nlcus,
668 4656 795 4697 cum
838 4656 898 4697 se
943 4640 1013 4696 ad
1051 4639 1425 4712 Nicephorum
1467 4627 1766 4712 aliquando
1805 4650 2010 4720 contu-

434 4733 612 4797 lisset,
642 4741 700 4788 et
736 4746 895 4787 sacro
933 4731 1263 4801 baptismate
1297 4731 1568 4798 initiatus,
1601 4733 1672 4788 ob
1717 4733 2011 4804 Nicephori

436 4824 630 4883 sordes
667 4839 771 4899 pro
812 4823 1079 4897 dignitate
1125 4839 1238 4880 non
1288 4833 1648 4890 tractaretur,
1701 4825 1880 4896 deque
1928 4826 2015 4880 sui

2125 4643 2394 4712 μυττηνού
2449 4643 2546 4696 καὶ
2597 4641 2881 4712 Γερμανοῦ
2941 4641 3312 4713 πατριάρχου.
3366 4640 3476 4694 Καὶ
3508 4641 3587 4694 ξεί
3625 4638 3698 4710 μὴ

2122 4731 2268 4786 οὓτω
2289 4731 2390 4802 τὴν
2417 4733 2644 4803 εἰρήνην
2662 4733 2697 4784 ’ό
2749 4732 3113 4802 αὐτοκράτωρ
3143 4733 3453 4803 αἱρήσεται,
3485 4729 3699 4802 ἠπείλει

2125 4823 2268 4879 κατὰ
2298 4825 2668 4896 Μεσημϐρίας
2692 4824 2965 4896 χωρῆσαι,
2996 4823 3094 4878 καὶ
3114 4823 3210 4878 τοῦ
3245 4823 3355 4878 τῶν
3385 4819 3702 4895 Χριστωνύ-

1602 4982 1808 5046 Varia;
1843 4984 2150 5049 lectiones
2193 4993 2257 5050 et
2300 4991 2496 5048 notio.

531 5129 625 5199 80)
681 5129 1026 5199 Προκοπίαν
1074 5131 1455 5199 Αὐτούσταν.
1494 5131 1622 5186 Fuit
1658 5132 1749 5187 illa
1783 5133 1894 5188 ﬁlia
1923 5133 2018 5188 Ni-

437 5200 666 5271 eephori
700 5200 1031 5273 _$eleueeni,
1079 5217 1174 5257 seu
1231 5201 1526 5273 generalis,
1576 5201 1947 5273 imperatoris,
1987 5220 2017 5259 a

437 5268 548 5340 qua
574 5268 861 5326 conditum
888 5268 1282 5328 monasterium
1326 5268 1830 5340 Constantinopoli,
1869 5276 2016 5342 quod

438 5339 509 5395 ab
534 5355 598 5394 ea
620 5339 691 5393 τὰ
719 5340 1030 5395 Ποοκοπίου
1059 5341 1432 5395 appellabant.
1483 5357 1550 5395 ex
1584 5342 1894 5395 originibus
1924 5359 2016 5395 ur-

438 5344 509 5395 ab
534 5355 598 5394 ea
620 5344 691 5393 τὰ
719 5344 1030 5411 Προκοπίου
1059 5344 1432 5410 appellabant,
1483 5357 1550 5395 ex
1584 5344 1894 5412 originibus
1924 5359 2019 5396 ur-

439 5409 527 5482 bis
550 5409 775 5464 ineditis
808 5410 1265 5482 observamusin
1297 5419 1488 5465 nostra
1529 5411 2015 5482 Constantinopoli,

439 5478 542 5534 lib.
585 5493 659 5544 tv,
712 5493 837 5600 pag.
888 5480 1013 5534 160.
1063 5479 1308 5535 Codinus
1353 5495 1487 5534 vero
1524 5481 1658 5535 illud
1701 5478 2017 5550 Προκοπίας

439 5559 619 5600 vocat.
649 5564 702 5600 ι).
733 5549 766 5600 5
807 5587 823 5600 .
858 5549 1004 5600 Idem
1035 5566 1160 5600 nam
1189 5550 1278 5600 60.
1305 5551 1586 5600 Proconim
1619 5553 2015 5600 monasterium

439 5559 702 5620 νοσοίη).
733 5549 823 5620 5:1.
858 5549 1015 5620 Idem,
1035 5566 1160 5620 pag.
1189 5550 1278 5611 60,
1305 5551 1586 5620 Procopite
1619 5549 2015 5607 monasterium

441 5632 472 5670 a
502 5617 722 5673 Justino
745 5618 970 5688 Thrace
1006 5617 1140 5688 imp‘.
1183 5629 1240 5674 et
1281 5617 1586 5688 Euphemia
1614 5635 1786 5676 uxore
1825 5621 2020 5676 condi-

443 5695 591 5769 tum.
630 5687 848 5770 scribit.
876 5687 1248 5776 “Injconcilio
1301 5687 1739 5776 Clia—lcedoneqsi
1773 5693 2020 5776 ogcurrit

442 5757 632 5812 nescio
688 5758 814 5825 quis
875 5757 1125 5827 Elpidius
1185 5758 1576 5828 μεμοροφύλαξ
1629 5759 1740 5814 τῶν
1807 5762 2014 5831 Προκο⁵

443 5824 570 5879 πίου
611 5825 814 5894 dictus,
844 5825 898 5882 id
943 5833 1028 5882 est
1056 5827 1313 5895 aedituus,
1347 5829 1424 5885 uti
1457 5829 1601 5886 hanc
1637 5843 1831 5888 vocem
1871 5830 2018 5886 acci-

2116 5134 2371 5206 piendam
2391 5131 2912 5206 docemusin'Gloss.
2936 5131 3076 5185 med.
3105 5129 3353 5206 Grmcil_:
3381 5143 3548 5206 quam
3573 5126 3697 5206 qui-

2120 5197 2243 5260 dem
2293 5205 2487 5269 :rdem,
2528 5204 2798 5273 siquidem
2836 5201 3318 5273 Constantinopoli
3366 5197 3696 5273 eistitit,_ab

2117 5290 2264 5331 anno
2297 5276 2395 5330 451
2443 5265 2722 5331 exstitisse
2767 5280 3006 5344 oportet,
3049 5265 3284 5341 proinde
3323 5278 3449 5325 ante
3492 5265 3694 5323 Justini

2118 5354 2389 5400 tempora.

2187 5359 2577 5484 gggrqlwdhgp
2641 5410 2749 5484 τὸν
2810 5412 2922 5484 τῆς
2969 5409 3458 5484 ⁸Θιεοόἰιλονίκής
3496 5408 3694 5484 ἀρχιες

2115 5475 2448 5538 πίσκὸπον.
2503 5475 2669 5538 Istius
2697 5475 2921 5550 Iosephi
2965 5481 3166 5534 festum
3213 5487 3382 5550 agunt
3419 5478 3591 5550 Grzeci
3626 5475 3688 5530 l5

2113 5553 2286 5619 Junii,
2332 5555 2512 5609 Vitam
2546 5567 2680 5606 vero
2723 5548 2929 5605 habent
2959 5548 3284 5621 Synaxaria'.
3324 5548 3690 5621 Melnigicrunt

2113 5625 2283 5677 etiam
2315 5624 2516 5677 Menzea
2545 5623 2598 5676 in
2627 5623 2686 5678 S.
2712 5619 3123 5690 Theophylacto
3153 5620 3414 5690 episcopo
3429 5619 3692 5690 Al‘iicome-

2113 5692 2292 5747 diensi
2328 5693 2394 5747 ad
2431 5693 2464 5747 8
2499 5693 2709 5749 Martii:
2751 5685 3015 5761 praeterea
3042 5690 3111 5761 ‘23
3143 5685 3388 5761 Sépt._ih
3421 5687 3517 5744 SS.
3550 5685 3686 5738 Mar-

2115 5772 2220 5830 tyr.
2253 5763 2491 5824 Andrca,
2519 5759 2838 5824 Joanne,‘et
2863 5760 3124 5830 Antonio,
3161 5761 3257 5814 ubi
3288 5759 3685 5815 Saracenorum

2115 5829 2226 5886 (lux
2256 5833 2564 5906 Ἀϐραχὴμ,
2591 5842 2647 5889 et
2680 5832 2710 5885 6
2734 5829 2966 5902 Βραχὴμ
2995 5829 3223 5886 dicitur.
