4068 6414
373 372 516 440 1365

1606 365 2031 430 ANNALIUM
2068 368 2220 433 LIB.
2252 371 2375 435 XV.

3485 379 3630 446 1366

373 502 492 556 μων
513 482 741 553 ὀλέθρου
762 480 938 536 αίτιον
967 470 1111 535 εἶναι
1135 477 1229 533 τδν
1271 477 1345 551 μὴ
1368 476 1466 549 τὴν
1502 477 1730 551 εἰρήνην
1756 479 1948 549 αἱρού-

2066 479 2301 550 aegleetu
2329 490 2664 552 conquestus
2684 483 2950 545 acerrime
2977 496 3313 561 vapulasset,
3340 503 3407 544 ex
3428 488 3631 561 despe-

374 594 555 648 μενον.
599 574 760 629 Ἀλλὰ
793 572 1070 645 συμϐουλῇ
1089 570 1200 626 τῶν
1232 589 1302 625 πε
1310 573 1367 645 ρί
1394 571 1558 625 αὐτὴν
1586 571 1685 634 τὰς
1713 571 1948 635 σπονδὰς

369 669 465 722 ἐπὶ
486 670 605 731 ταῖς
650 666 949 737 συνθήκαις
1000 665 1241 729 ἐκείναις
1274 666 1302 716 ὁ
1365 663 1622 734 βασιλεὺς
1678 664 1739 716 οὗ
1778 680 1950 735 προσ-

369 762 564 829 ήκατο,
598 759 692 812 καὶ
726 759 755 811 6
790 757 1049 830 Κροῦμος
1082 757 1226 810 κατὰ
1274 752 1636 841 Μεσημϐρίας
1670 752 1953 824 ἐχώρησεν

368 849 648 910 ἑλεπόλεις
707 846 1074 916 ἐπαγόμενος.
1128 843 1319 916 ’Ἄραψ
1364 843 1472 913 γάρ
1514 860 1597 907 τις
1651 844 1952 914 μηχανικδς

368 942 464 993 καὶ
491 940 620 1010 περὶ
644 938 849 998 ταύτας
877 936 1047 1003 δεξιὸς
1076 936 1349 1008 προσῆλθε
1377 935 1454 1006 τῷ
1476 937 1778 1007 Νικηφόρῳ
1799 937 1951 1003 ποτὲ,

370 1035 465 1089 καὶ
487 1034 566 1105 τῷ
622 1032 752 1104 θείῳ
807 1032 1153 1103 βαπτίσματι
1198 1030 1500 1095 τελεσθείς,
1556 1031 1630 1102 μὴ
1685 1029 1866 1100 τυχὼν
1896 1030 1954 1084 δὲ

375 1125 641 1195 προνοίας
696 1124 980 1193 ἀξιολόγου
1035 1123 1124 1177 διὰ
1157 1124 1257 1195 τὴν
1315 1122 1529 1176 ἐκείνου
1559 1122 1953 1194 γλισχρότητα,

371 1216 493 1272 εἶτα
526 1217 623 1271 καὶ
675 1215 1060 1285 ἐπεγκαλέσας
1116 1214 1315 1285 ἐκείνῳ
1374 1213 1462 1268 διὰ
1489 1214 1549 1268 τὸ
1594 1213 1954 1284 ἀπρονόητον,

369 1308 580 1379 ἐτύφθη
607 1309 974 1381 σφοδρότατα.
1018 1309 1109 1375 Ἐξ
1136 1308 1395 1371 ἀπονοίας
1427 1302 1521 1361 οὖν
1571 1308 1685 1370 τοῖς
1714 1306 1956 1373 Βουλγά-

372 1421 489 1476 ροις
525 1404 1005 1476 προσκεχωρήκει,
1037 1405 1133 1459 καὶ
1169 1403 1238 1456 δι’
1288 1401 1455 1458 αὐτοῦ
1490 1403 1676 1455 πᾶσαν
1732 1402 1781 1454 οί
1815 1401 1958 1472 Βάρ-

2055 571 2268 628 ratione
2299 588 2357 628 se
2388 573 2456 628 ad
2487 573 2750 646 Bulgaros
2780 578 3032 643 contulit,
3060 594 3090 633 a
3121 595 3230 647 quo
3254 578 3477 636 Barbari
3511 598 3633 637 om-

2054 663 2143 719 nis
2169 667 2391 735 generis
2423 666 2706 723 machinas
2737 668 2994 726 fabricari
3033 671 3348 727 didicerunt
3382 691 3396 727 :
3430 675 3637 745 quibus
3724 715 3735 725 .

2056 757 2278 813 abunde
2339 758 2635 823 instructi,
2702 761 3062 817 vastationem
3127 765 3469 822 Mesembria:
3527 784 3636 823 non

2056 859 2382 904 cunctanter
2434 861 2563 906 sunt
2601 852 2862 923 aggressi.
2911 854 3217 925 Imperator
3274 865 3458 911 autem
3513 874 3640 913 cum

2057 941 2386 1010 patriarchae
2438 952 2495 999 et
2547 945 2851 1013 primorum
2912 947 3262 1002 sacerdotum
3310 949 3643 1019 quibusdam
3736 1008 3741 1011 _

2056 1030 2507 1088 deliberationem
2551 1034 2619 1090 de
2646 1050 2775 1104 pace
2807 1036 3092 1109 Bulgarica
3117 1049 3173 1093 et
3206 1040 3499 1110 transfugis
3524 1043 3646 1111 qui-

2057 1119 2290 1176 busdam
2341 1124 2549 1180 Crumo
2606 1127 2890 1183 tradendis
2942 1130 3322 1199 proposuisset
3368 1132 3533 1202 (nam
3590 1132 3645 1187 id

2059 1213 2223 1268 etiam
2254 1214 2399 1271 inter
2421 1225 2617 1272 caetera
2641 1218 2916 1277 Barbarus
2947 1221 3299 1292 postularat),
3332 1222 3646 1293 patriarcha

2058 1315 2115 1362 et
2152 1308 2469 1365 sacerdotes
2493 1310 2651 1383 127
2675 1321 2938 1382 praestare
2967 1323 3324 1379 censuerunt,
3352 1315 3650 1385 transfugis

2063 1397 2312 1461 traditis,
2354 1386 2732 1468 paucos'male
2761 1402 3020 1467 tractari,
3055 1420 3218 1474 quam
3252 1404 3444 1461 turbas
3482 1406 3650 1461 innu-

368 1498 533 1569 ϐαροι
594 1496 848 1570 μηχανὴν
901 1496 1240 1569 ἐργάζεσθαι
1297 1497 1712 1567 μεμαθήκασιν.
1766 1493 1957 1557 οὕτως

2066 1488 2378 1545 merabiles.
2418 1490 2523 1547 Sed
2559 1504 2845 1551 senatores
2879 1495 3039 1550 aulici
3074 1505 3131 1552 et
3163 1494 3493 1553 Theodorus
3523 1497 3652 1555 Slu-

369 1587 463 1642 οὖν
490 1589 901 1661 εὐπορήσαντες
923 1588 1245 1653 ἐλεπόλεων,
1275 1587 1374 1641 οὐκ
1399 1587 1690 1657 ἐχρόνισαν
1749 1586 1828 1646 εἰς
1861 1582 1961 1655 τὴν

2066 1577 2208 1634 dites
2249 1594 2386 1649 pace
2418 1581 2706 1650 repudiata
2747 1584 3028 1663 supplices
3062 1585 3361 1642 tradendos
3398 1602 3522 1643 esse
3555 1603 3652 1643 ne-

368 1681 463 1734 τοῠ
499 1685 645 1737 κατὰ
675 1683 1049 1754 Μεσημϐρίαν
1073 1683 1268 1743 ἄστεος
1302 1667 1595 1751 πόρθησιν.
1628 1676 1735 1730 Τοῦ
1772 1677 1828 1732 δὲ
1860 1677 1957 1748 βα-

2066 1679 2353 1739 gaverunt.
2413 1670 2548 1747 Quae
2598 1687 2687 1728 res
2735 1673 2854 1744 paci
2904 1675 3204 1746 Bulgaricae
3254 1677 3654 1749 impedimento

373 1773 566 1837 σιλέως
613 1773 708 1828 τὸν
740 1775 1090 1846 πατριάρχην
1128 1772 1652 1845 μετακαλεσαμένου
1701 1769 1798 1825 καὶ
1853 1768 1961 1822 τῶν

2067 1764 2189 1820 fuit.
2225 1765 2359 1821 Nam
2403 1766 2702 1835 imperator
2731 1768 2822 1825 hic
2854 1768 3075 1841 ingenio
3116 1769 3227 1826 leni
3265 1783 3321 1827 et
3360 1772 3465 1829 fide
3504 1782 3652 1828 recta

369 1834 675 1939 ἀρχιερέων
701 1834 874 1933 τινάς,
1046 1834 1404 1936 ’προθεμένου
1432 1834 1629 1936 βουλὴν
1687 1862 1818 1933 περί
1850 1861 1961 1915 τῶν

2068 1857 2333 1929 praeditus
2370 1834 2511 1925 fuit;
2549 1859 2645 1915 sed
2688 1861 2756 1915 ad
2792 1877 2882 1917 res
2914 1834 3193 1934 gerendas
3221 1864 3453 1929 tardior,
3494 1864 3655 1919 facile

374 1962 514 2031 μετὰ
544 1961 873 2030 Βουλγάρων
904 1959 1171 2023 σπονδῶν,
1208 1959 1306 2013 καὶ
1357 1959 1405 2010 εἰ
1439 1956 1546 2027 χρὴ
1594 1953 1850 2008 ἐκδοῦναι
1881 1950 1961 2022 τῷ

2070 1958 2296 2007 secutus
2322 1966 2656 2022 quocunque
2684 1967 2714 2006 a
2746 1953 3070 2024 proceribus
3098 1953 3417 2010 duceretur.

371 2055 620 2126 Κρούμῳ
669 2058 795 2119 τοὺς
842 2055 1050 2109 ἐκεῖθεν
1117 2053 1425 2124 Ῥωμαίους
1477 2049 1969 2123 προσπεφευγότας
2005 2047 2319 2120 (καὶτοῦτο
2344 2047 2454 2120 γὰρ
2480 2047 2617 2119 πρὸς
2645 2048 2831 2112 ἄλλοις
2853 2050 2946 2103 ἐπὶ
2971 2052 3090 2116 ταῖς
3115 2052 3371 2129 σπονδαῖς
3399 2053 3584 2123 ἐζήτει
3621 2053 3652 2107 ὁ

279 2165 297 2181 ε
372 2149 687 2223 Βάροαρος)
715 2154 743 2206 6
763 2152 863 2222 μὲν
894 2151 1242 2223 πατριάρχης
1277 2149 1371 2202 καὶ
1405 2149 1454 2200 οἰ
1481 2148 1763 2218 ἀρχιερεῖς
1804 2143 2194 2199 συνεϐούλευον
2222 2143 2474 2198 ἐκδοῦναι
2506 2143 2635 2209 τοὺς
2676 2145 3025 2217 πρόσφυγας,
3073 2151 3330 2221 κρεῖσσον
3369 2147 3512 2203 εἰναι
3545 2168 3657 2204 παν

374 2239 487 2292 θεῖν
517 2241 798 2309 κρίνοντες
823 2242 1077 2311 μετρίους
1107 2242 1258 2304 τινὰς
1283 2240 1316 2309 ἢ
1351 2238 1532 2309 πλήθη
1566 2238 1798 2309 πάσχειν
1825 2234 2128 2309 ἀνάριθμα.
2162 2234 2305 2288 Οἱδέ
2333 2236 2462 2306 περὶ
2499 2234 2594 2289 τὸν
2621 2236 2854 2308 βασιλέα
2883 2240 2980 2292 καὶ
2998 2240 3027 2293 ὁ
3051 2241 3348 2311 Στουδίτης
3376 2241 3655 2313 Θεέδωρος

370 2332 471 2396 τὰς
489 2332 721 2396 σπονδάς
744 2333 1107 2405 ἀπηγόρευον,
1127 2332 1379 2400 λέγοντες
1393 2333 1468 2406 μὴ
1484 2333 1595 2387 δεῖν
1620 2329 1867 2384 ἐκδοῦναι
1883 2327 2011 2390 τοὺς
2036 2327 2384 2398 πρόσφυγας.
2412 2329 2478 2380 Αἱ
2506 2328 2606 2398 μὲν
2632 2323 2727 2383 οὖν
2755 2329 2892 2400 πρὸς
2914 2330 3039 2394 τοὺς
3064 2330 3653 2406 Βουλγάρουςζσπονδα)

372 2427 628 2481 ἐντεῦθεν
663 2428 1028 2481 κεκώλυνται.
1062 2420 1172 2478 Ἦν
1204 2424 1314 2496 γὰρ
1347 2426 1375 2478 ὁ
1404 2422 1768 2494 αὐτοκράτωρ
1833 2413 1990 2481 οὗτος
2021 2417 2109 2470 τὸν
2144 2417 2242 2487 μὲν
2274 2416 2478 2489 τρόπον
2536 2420 2796 2490 χρηστὸς,
2845 2421 2942 2476 καὶ
2980 2422 3080 2494 τὴν
3104 2422 3290 2479 πίστιν
3314 2424 3498 2496 ὀρθὸς,
3528 2429 3658 2498 περὶ

371 2521 430 2574 δέ
477 2520 826 2591 πραγμάτων
858 2519 1177 2592 οἰκονομίαν
1211 2519 1416 2590 νωθὴς,
1474 2520 1570 2574 καὶ
1596 2520 1711 2581 τοῖς
1760 2514 2091 2586 ὑπερέχουσι
2120 2512 2230 2566 τῶν
2260 2513 2540 2582 ἀρχόντων
2561 2515 2686 2572 ὅποι
2719 2516 2786 2571 ἂν
2822 2517 3010 2587 ἄγοιτο
3035 2518 3234 2591 ῥᾳδίως
3258 2518 3551 2592 ἀγόμενος.

446 2613 557 2667 ιιιυ.
598 2614 860 2685 Κομήτης
902 2614 959 2667 δέ
1000 2612 1176 2684 ἀστὴρ
1214 2613 1392 2682 ἐφάνη
1424 2612 1545 2666 τότε
1570 2610 1968 2683 σχηματισθεὶς

373 2708 456 2770 εἰς
481 2703 598 2776 εἴδη
624 2705 883 2778 διάφορα,
910 2699 986 2760 ὧν
1013 2705 1108 2759 καὶ
1135 2705 1193 2760 ἓν
1218 2704 1437 2774 λέγεται
1466 2696 1607 2759 εῐναι
1634 2704 1730 2758 καὶ
1755 2701 1965 2774 ἀνθρώ-

375 2818 479 2855 που
506 2803 696 2871 σχῆμα
723 2800 897 2872 χωρὶς
923 2801 1193 2871 κεφαλῆς.
1220 2800 1287 2855 Οἰ
1315 2798 1623 2870 Βούλγαροι
1654 2797 1838 2869 μέντοι
1863 2795 1967 2867 τῆς

2141 2607 2330 2663 XVIII.
2373 2608 2512 2664 Tum
2546 2609 2704 2665 stella
2742 2609 2944 2672 crinita
2983 2612 3267 2681 apparuit,
3310 2627 3433 2682 qua:
3475 2614 3671 2670 varias

2069 2698 2276 2755 formas
2308 2701 2676 2772 exprimebat,
2701 2716 2935 2772 quarum
2963 2717 3073 2757 una
3098 2701 3269 2759 fuisse
3290 2703 3468 2760 fertur
3492 2706 3667 2783 etiam

2071 2789 2311 2846 hominis
2374 2792 2495 2846 sine
2547 2792 2747 2862 capite.
2806 2792 3031 2863 Bulgari
3085 2802 3273 2849 autem
3324 2795 3661 2857 Mesembria

374 2892 747 2966 Μεσημϐρίας
792 2894 1209 2965 κρατήσαντες,
1259 2891 1431 2947 πολλὰ
1479 2893 1537 2945 ἐν
1584 2889 1758 2962 ταύτῃ
1805 2890 1961 2960 εὑρή-

2071 2885 2268 2954 potiti,
2311 2900 2437 2945 cum
2487 2886 2660 2940 multa
2703 2886 2810 2942 alia
2842 2886 2920 2941 ibi
2949 2897 3316 2958 repererunt,
3360 2900 3476 2947 tum
3516 2893 3660 2966 ignis

380 3003 545 3051 κασι,
583 2985 725 3057 μετὰ
754 2985 865 3040 τῶν
895 2986 1072 3046 ἄλλων
1103 2985 1158 3040 δὲ
1193 2985 1290 3039 καὶ
1319 2984 1413 3040 τοῦ
1448 2982 1619 3056 ὑγροῦ
1654 2983 1833 3055 πυρὸς
1864 2982 1961 3037 οὑκ

2070 2976 2244 3032 Graeci
2286 2992 2395 3032 non
2426 2994 2648 3051 parum.
2689 2978 2829 3035 Cum
2867 2994 2999 3034 vero
3044 2979 3347 3050 imperator
3370 2998 3401 3037 e
3429 2984 3661 3055 quibus-

376 3080 681 3150 ἐλάχιστον.
713 3076 1089 3150 Αἰχμαλώτων
1123 3077 1169 3132 δ’
1194 3076 1604 3131 ἐπανελθόντων
1639 3074 1824 3141 τινῶν,
1863 3091 1969 3146 μα-

377 3169 491 3225 θὼν
521 3172 588 3224 ἐκ
627 3168 833 3224 τούτων
868 3171 896 3223 6
938 3168 1197 3242 βασιλεὺς
1239 3167 1531 3239 βούλεσθαι
1571 3168 1662 3225 τὸν
1707 3166 1968 3238 Κροῦμον

372 3264 475 3331 τὴν
516 3260 740 3333 Θρᾴκην
781 3260 1106 3331 ληῒσασθαι,
1155 3260 1353 3332 ἐξῆλθε
1397 3259 1500 3329 τῆς
1542 3259 1774 3319 πόλεως.
1804 3258 1968 3319 Ὅθεν

374 3349 529 3403 οὐδὲν
554 3342 633 3404 ὧν
663 3349 899 3421 ἐμελέτα
930 3350 1138 3419 δράσας
1169 3352 1198 3404 6
1229 3349 1517 3420 Βάρϐαρος
1542 3348 1680 3403 ἀλλὰ
1710 3349 1807 3402 καὶ
1837 3348 1970 3407 πολ·

373 3441 504 3506 λοὺς
536 3441 646 3497 τῶν
683 3441 901 3496 οἰκείων
936 3441 1231 3497 ἀποϐαλὼν
1271 3441 1644 3512 ὑπενόστησε·
1679 3442 1774 3494 καὶ
1802 3442 1835 3505 ,ὁ
1870 3440 1971 3511 βα-

376 3536 563 3602 σιλεὺς
592 3537 693 3602 τὰς
724 3537 1046 3608 Ῥωμαϊκὰς
1078 3538 1340 3607 δυνάμεις
1375 3538 1646 3592 πάντοθεν
1679 3535 1970 3604 συναθροί-

377 3645 502 3692 σας.
540 3630 621 3693 εἰς
665 3629 893 3701 Θρᾴκην
934 3629 1091 3694 αὖθις
1131 3629 1348 3700 ἐξῆλθε,
1393 3629 1773 3700 συνεπομένης
1817 3626 1969 3701 αὑτῷ

377 3719 471 3772 καὶ
501 3719 602 3792 τῆς
633 3719 957 3793 Δύγούστης
997 3720 1128 3793 ἄχρι
1160 3720 1271 3774 τῶν
1302 3720 1612 3791 Κηδόκτου.
1641 3719 1808 3774 Ὅθεν
1839 3719 1967 3773 δυσ-

373 3806 617 3880 χεράναν
654 3810 717 3863 τὸ
759 3811 1188 3881 στρατιωτικὸν,
1224 3809 1545 3880 ἐλοιδορεῖτο
1580 3810 1659 3880 τῷ
1698 3810 1969 3881 αὐτοκρά-

372 3916 528 3972 τορι,
557 3895 681 3955 εἶτα
709 3900 744 3973 ἠ
777 3900 876 3972 μὲν
905 3899 1195 3970 Δῦγουστα
1223 3900 1646 3971 ἐπανελήλυθεν.
1683 3901 1742 3954 '0
1773 3901 1830 3955 δέ
1861 3902 1970 3955 Μι-

372 3994 517 4065 χαὴλ
567 3994 887 4064 περιεπόλει
934 3996 1037 4063 τὴν
1083 3994 1338 4066 Θρᾴκην,
1392 3993 1559 4065 μηδέν
1604 4010 1659 4048 τι
1708 3995 1967 4067 πράττων

374 4084 775 4155 στρατηγικὸν,
807 4084 842 4155 ἦ
872 4102 923 4139 τι
956 4085 1100 4140 κατὰ
1127 4085 1239 4138 τῶν
1271 4084 1534 4138 ἐναντίων
1565 4084 1962 4157 οἰκονομούμεο

371 4191 501 4241 νος”
538 4175 636 4233 καὶ
669 4171 813 4251 ἦσαν
846 4178 961 4241 τοῖς
996 4178 1097 4248 τῆς
1135 4175 1318 4249 χώρας
1360 4178 1645 4248 οἰκήτορσι
1680 4178 1751 4232 τὰ
1793 4195 1962 4251 στραο

2071 3066 2196 3122 dam
2242 3067 2478 3139 captivis
2523 3068 2829 3135 didicisset,
2877 3069 3019 3125 velle
3061 3068 3325 3126 Crumum
3363 3071 3658 3131 Thraciam

2073 3159 2363 3229 populari,
2426 3159 2622 3221 urbem
2687 3174 2943 3231 egressus
2994 3169 3099 3216 est.
3158 3161 3437 3219 Barbarus
3488 3165 3660 3238 igitur

2069 3252 2288 3308 omissis
2318 3252 2436 3315 suis
2472 3252 2804 3319 conatibus,
2839 3252 3136 3323 multisque
3181 3269 3406 3310 suorum
3442 3256 3660 3314 amissis

2069 3344 2348 3399 recessit:
2394 3353 2451 3399 et
2497 3344 2802 3415 imperator
2850 3344 3121 3400 Romanis
3175 3346 3352 3417 copiis
3412 3347 3661 3420 undique

2070 3437 2351 3492 accersitis
2384 3452 2575 3493 rursus
2608 3438 2664 3493 in
2691 3437 2982 3493 Thraciam
3017 3437 3178 3507 abiit,
3214 3440 3381 3497 etiam
3413 3440 3672 3515 Augusta.

2069 3527 2137 3583 ad
2167 3528 2473 3585 Cedoctum
2509 3544 2684 3600 usque
2717 3531 3017 3586 comitante
3047 3548 3062 3585 :
3098 3530 3246 3601 quod
3281 3532 3482 3589 milites
3513 3549 3659 3605 aegre

2068 3614 2314 3677 ferentes
2340 3665 2354 3689 ,
2414 3622 2737 3692 imperatori
2772 3622 3258 3695 conviciabantur.
3300 3625 3513 3683 Deinde
3565 3626 3657 3684 illa

2068 3710 2294 3766 domum
2320 3710 2509 3776 rediit,
2534 3711 2773 3789 Michael
2807 3706 3262 3781 vero‘Thraciam
3294 3716 3453 3783 obiit,
3478 3732 3659 3790 neque

2067 3806 2371 3878 quidquam
2412 3806 2551 3862 duce
2580 3807 2834 3885 dignum,
2863 3815 2960 3861 aut
2996 3806 3259 3863 hostibus
3289 3809 3470 3872 fraudi
3504 3798 3656 3867 futu-

2067 3912 2192 3951 rum
2222 3897 2372 3971 egit,
2415 3897 2752 3970 fueruntque
2795 3898 3045 3969 legiones
3086 3899 3522 3970 provincialibus
3549 3920 3657 3959 non

2066 3987 2253 4042 minus
2293 3987 2492 4057 praedae
2539 4003 2704 4059 quam
2747 3988 2998 4044 Barbari.
3026 3988 3148 4044 rSed
3179 3999 3233 4045 et
3260 3989 3502 4048 Crumus
3539 3995 3658 4050 suis

2066 4078 2295 4135 sedibus
2330 4078 2559 4146 relictis,
2587 4089 2770 4135 castra
2799 4096 2831 4135 e
2868 4079 3093 4151 regione
3121 4082 3466 4153 imperatorii
3495 4100 3659 4140 exer-

2066 4173 2209 4226 citus
2227 4171 2435 4242 posuit,
2459 4172 2859 4242 commissaque
2877 4164 3058 4245 pugna
3094 4174 3325 4230 Romani
3352 4177 3659 4235 succubue-

370 4267 622 4337 τεύματα
665 4268 765 4340 οὐχ
807 4264 971 4342 ἧττον
1016 4267 1126 4324 τῶν
1173 4267 1478 4340 Βαρϐάρων
1522 4269 1604 4333 εἰς
1655 4270 1958 4343 προνομήν.

2067 4270 2218 4329 runt,
2247 4263 2405 4320 ducis
2443 4264 2807 4320 Orientalium
2839 4267 3125 4335 cepiarum
3164 4266 3368 4323 Leonis
3405 4269 3654 4327 Armenii

371 4359 487 4413 Καὶ
522 4360 550 4413 6
593 4357 851 4431 Κροῢμος
884 4358 945 4414 δέ
978 4359 1086 4413 τῶν
1121 4359 1339 4414 οἰκείων
1377 4360 1598 4432 ἀπάρας
1632 4360 1801 4432 ἠθῶν,
1834 4365 1957 4427 ταῖς

2066 4357 2242 4427 culpa,
2283 4356 2385 4427 qui
2419 4356 2635 4429 imperii
2672 4358 2933 4428 cupidus,
2971 4358 3293 4415 Michaelem
3320 4361 3463 4432 apud
3495 4378 3658 4418 exer.

371 4448 680 4522 βασιλικαῖς
713 4448 1362 4522 παρεστρατοπεδεύσατο
1390 4450 1602 4518 τάξεσι.
1636 4452 1833 4526 Μάχης
1862 4449 1957 4508 οὖν

2066 4452 2232 4505 citum
2276 4449 2435 4507 initio
2469 4466 2666 4522 pugnae
2704 4458 2767 4506 ut
2803 4450 3183 4517 effeminatum
3219 4463 3276 4507 et
3322 4453 3401 4508 rei
3442 4452 3655 4513 bellicae

371 4541 847 4614 συγκροτηθείσης
882 4542 1154 4609 ἡττῶνται
1185 4543 1448 4612 Ῥωμαῖοι
1469 4585 1485 4610 ,
1517 4542 1611 4598 τοῦ
1646 4545 1956 4617 στρατηγοῦ

2066 4540 2384 4612 imperitum
2447 4541 2852 4609 calumniatus,
2902 4558 3033 4600 suas
3085 4544 3334 4614 legiones
3388 4560 3448 4600 se
3495 4548 3653 4625 sequi

369 4632 481 4686 τῶν
514 4631 879 4688 Ἀνατολικῶν
909 4631 1022 4700 (82)
1052 4630 1227 4686 αἰτίου
1259 4634 1358 4703 τῆς
1386 4633 1558 4705 ἥττης
1589 4635 1961 4706 γεγενημένου

2066 4629 2245 4700 iussit,
2276 4631 2622 4704 desertisque
2655 4632 2944 4689 ordinibus
2976 4633 3158 4706 fugam
3199 4637 3381 4705 cepit;
3414 4635 3485 4691 id.
3502 4636 3655 4708 quod

369 4723 599 4788 Λέοντος
627 4723 723 4779 τοῦ
757 4723 816 4790 ἐξ
845 4724 1166 4796 Ἀρμενίων.
1197 4715 1373 4787 Οὗτος
1407 4725 1516 4796 γὰρ
1548 4724 1649 4795 τῆς
1683 4726 1961 4799 βασιλείας

2068 4723 2209 4780 alios
2249 4740 2470 4797 quoque
2506 4726 2565 4781 in
2595 4725 2781 4795 fugam
2818 4727 3017 4794 vertit,
3057 4727 3196 4784 adeo
3228 4736 3293 4784 ut
3328 4730 3565 4787 Crumus
3597 4731 3651 4787 id

370 4816 517 4889 ἐρῶν
547 4815 680 4890 (83),
709 4814 804 4871 καὶ
830 4815 969 4887 πρὶς
994 4814 1092 4887 τὴν
1121 4814 1383 4887 στρατιὰν
1406 4816 1709 4870 διαϐάλλων
1737 4818 1829 4872 τὸν
1857 4821 1961 4877 Μιμ-

2066 4824 2181 4871 npn
2236 4818 2491 4874 crederet
2535 4821 2609 4875 ob
2657 4820 3097 4889 absurditatem,
3146 4829 3212 4878 et-
3247 4822 3480 4879 insidias
3525 4839 3655 4905 esse

368 4909 532 4981 χαὴλ,
567 4908 645 4974 ὡς
684 4907 947 4982 ἄνανδρόν
980 4924 1043 4961 τε
1081 4908 1177 4962 καὶ
1217 4909 1656 4980 ἀστρατήγητον,
1696 4909 1822 4982 ἄρτι
1861 4911 1957 4966 τοῦ

2068 4918 2253 4976 ratus,
2292 4925 2426 4968 suos
2452 4912 2787 4970 contineret.
2818 4913 2890 4971 Ut
2919 4921 3103 4970 autem
3137 4914 3418 4972 Romanos
3445 4921 3653 4972 temere

370 5002 613 5074 πολέμου
636 4999 1124 5073 συγκροτηθέντος,
1151 4999 1222 5053 τὰ
1248 4999 1340 5053 ὑπ’
1356 4999 1519 5054 αὐτὸν
1541 5001 1802 5071 τάγματα
1828 5002 1957 5056 ἒπε-

2066 5002 2352 5075 etfuseque
2399 5004 2589 5078 fugere
2633 5004 2804 5072 vidit,
2852 5013 2989 5063 tunc
3036 5008 3161 5064 suis
3198 5007 3411 5079 insequi
3454 5008 3650 5081 jussis.

1561 5160 1762 5223 Variae
1791 5160 2100 5225 lectiones
2139 5168 2202 5226 et
2246 5170 2442 5227 nota».

444 5308 561 5391 (82A)
592 5309 936 5391 Στρατηγοᾷ
974 5308 1098 5391 τῶν
1118 5307 1556 5391 νᾷναιςολικῶνη
1578 5308 1839 5391 “aliane

2066 5313 2276 5391 caeteris
2322 5310 2579 5391 meminit
2622 5320 2821 5391 auctor
2850 5311 3007 5391 Vitae.
3039 5310 3097 5367 S.
3140 5309 3348 5391 Nicolai
3390 5311 3645 5391 §lﬂdllf8,

375 5378 639 5464 gnitatem
674 5378 1221 5464 exprgssit‘lgnatius
1245 5380 1514 5464 diaconus
1545 5381 1598 5464 in
1622 5379 1744 5464 .Vita
1767 5378 1824 5434 S.
1845 5379 1956 5464 ¹Νῖ-
2056 5384 2289 5464 p;_907.
2319 5382 2683 5464 _Nic'ephoru_s
2722 5381 3244 5464 Clonstantinopolit'.
3290 5382 3346 5436 in
3391 5381 3644 5464 Brevzp.

372 5449 602 5518 eephori
628 5449 768 5521 patr.
807 5449 1288 5533 Consta'ntinopol.
1322 5466 1378 5505 n.
1407 5451 1500 5514 51,
1543 5450 1635 5506 ubi
1664 5449 1953 5536 de_eodein

372 5517 560 5575 Leone
613 5537 627 5574 :
677 5521 787 5572 Kal.
815 5519 924 5575 γὰο
974 5520 1066 5575 ὑπ’
1100 5522 1267 5574 αὐτου
1297 5521 1628 5575 δημαγωγὸς
1674 5537 1768 5574 του
1805 5537 1955 5575 ποω-

2066 5449 2184 5517 184,
2218 5470 2233 5509 t
2269 5452 2362 5508 ed.
2420 5449 2563 5523 Πρὸς
2590 5453 2657 5522 τῇ
2707 5451 2861 5522 χώρα
2910 5449 3276 5521 Ἀνατολικῶν
3331 5449 3646 5526 καλουμένῃ

2066 5525 2240 5575 cura:
2295 5522 2484 5575 ἐνθάδε
2533 5521 2736 5575 ἀπιών.
2782 5520 2921 5575 Vide
2972 5523 3228 5575 eumdem
3262 5522 3533 5575 Zonaram
3586 5525 3644 5575 in

401 5533 560 5575 .eone
613 5537 627 5574 ἶ
678 5533 787 5572 καὶ
815 5533 924 5575 γαο
974 5533 1064 5575 ῡπ·
1100 5533 1267 5574 αὐτου
1297 5533 1628 5575 δημαγωγὸς
1674 5537 1768 5574 του
1805 5533 1955 5575 ποωο

372 5538 560 5575 ιιοοηο
613 5538 627 5574 :
678 5538 787 5572 nat
815 5538 924 5591 γαρ
974 5538 1062 5575 υπν
1100 5538 1267 5574 αυτου
1297 5538 1628 5603 οημαγωγος
1674 5538 1768 5574 του
1805 5538 1955 5589 πρω-

371 5603 471 5664 you
497 5590 836 5664 ,καταλόγου
878 5591 981 5660 τῆς
1027 5607 1433 5664 στρατιωτικης
1469 5609 1599 5664 *των
1635 5591 1954 5664 λεγομένων

2066 5538 2240 5593 φυγας
2295 5538 2484 5577 ενυαοε
2533 5538 2601 5577 αττ

2066 5596 2305 5649 Romano
2336 5592 2601 5664 Diogene.

375 5658 630 5747 θεμάτων
692 5658 990 5747 καθίστατο
1052 5658 1353 5747 φάλαγγος.
1388 5658 1637 5747 Primum
1677 5659 1840 5747 en‘im‘
1879 5676 1946 5715 ex

2129 5664 2242 5747 (85)
2284 5658 2474 5747 Οὗτοξ*
2505 5665 2614 5734 γὰρ
2664 5664 2776 5747 τῇς
2808 5664 3138 5747 ,βασιλείας
3179 5662 3352 5747 ιερῶν.
3399 5663 3647 5747 ldipsum

375 5729 741 5805 them_atibus_
771 5729 1121 5805 ’Λνατολικδν
1190 5729 1446 5805 fuit._ut
1486 5742 1573 5789 est
1615 5731 1760 5805 apud
1800 5731 1949 5787 (Ξοη-
2055 5729 2262 5793 narrat.
2287 5729 2526 5805 scriptor
2554 5729 2656 5791 ms.
2691 5729 2827 5793 Vita:
2857 5735 2911 5792 S.
2942 5729 3241 5792 Joannicii.
3398 5743 3411 5755 ‘

375 5800 676 5858 stantinum
724 5802 927 5872 Porph.
981 5803 1077 5861 lib.
1120 5819 1157 5861 ι.
1216 5802 1290 5858 De
1334 5803 1568 5860 Tliemat.
1617 5800 1788 5874 Cujus
1837 5819 1949 5874 prae

2061 5515 2240 5593 φυγὰς
2295 5515 2485 5593 ἐνθάδὲ
2533 5515 2739 5577 άπίῶνξ
2782 5515 2921 5577 Vide
2972 5515 3228 5579 eumdem
3262 5515 3533 5579 Zonaratn
3586 5515 3646 5579 ἱιῖ
3754 5562 3763 5567 κ
