4068 6420
375 405 514 471 133)

1614 430 2026 492 ANNAIJUM
2074 435 2221 496 LIB.
2269 436 2391 498 XV.

3497 450 3636 515 1370

372 523 472 596 λίῳ
494 525 853 595 ἀσκούμενον,
880 532 975 585 καὶ
1002 534 1291 605 προλέγειν
1314 538 1381 592 τά
1413 538 1679 609 μέλλοντα
1709 545 1947 598 πιστευόι

2064 549 2114 602 Is
2143 564 2266 604 cum
2305 567 2338 605 a
2362 564 2558 608 conatu
2602 554 2697 610 illo
2735 556 3090 627 dehortatus,
3129 577 3310 633 neque
3341 563 3451 619 voti
3485 581 3640 638 com-

373 633 567 685 μενον,
607 620 897 689 ἀπελθὼν,
929 626 1126 698 ἐκείνῳ
1159 628 1221 682 τὸ
1259 631 1574 703 ἀπόρρητον
1606 636 1949 704 ἀπεκάλυψε.

369 707 480 761 Καὶ
520 710 569 762 εί
612 710 768 765 ἔσται
805 713 957 785 αύτῷ
994 718 1243 783 ἐπιτελὲς
1275 724 1337 773 τὸ
1380 722 1678 793 βούλευμα,
1722 726 1961 781 ἐπυνθά-

371 814 515 854 νετο.
554 800 614 854 ’0
647 801 701 855 δὲ
734 804 1120 876 ἀπηγόρευσεν
1153 811 1302 880 αὐτῷ
1335 812 1436 881 τὴν
1466 815 1816 887 ἐγχείρησιν,
1855 817 1962 886 φά-

372 907 533 959 μενος
556 891 629 954 ὡς
660 892 795 946 Οὔτε
826 896 989 970 τεύξῃ
1019 900 1115 953 τοῦ
1146 901 1362 970 ἐφετοῦ,
1391 905 1482 957 καὶ
1514 908 1833 979 στερηθήσῃ
1863 913 1955 964 καὶ

366 979 466 1050 τῆς
507 985 827 1051 περιουσίας
871 989 1093 1041 καὶτοῦ
1137 993 1338 1059 φωτός.
1377 995 1504 1048 Ἐπὶ
1537 996 1751 1061 τούτοις
1787 1000 1816 1051 6
1858 1001 1953 1069 μέι

367 1071 534 1143 ἀπῄει
558 1073 880 1145 περέλυπος.
910 1079 970 1131 '0
997 1081 1150 1134 Λέων
1175 1082 1229 1134 δὲ
1270 1077 1425 1148 οὗτος
1456 1085 1551 1139 καὶ
1577 1087 1822 1157 Τραυλὸς
1849 1091 1927 1142 Μι

365 1162 532 1233 χαὴλ,
567 1164 662 1217 καί
690 1184 773 1229 τις
801 1168 987 1237 ἕτερος
1015 1170 1246 1242 Θωμᾶς,
1279 1177 1429 1247 αὐτῷ
1457 1177 1552 1232 τὸν
1602 1179 1767 1233 ἵππον
1809 1196 1956 1250 παρ·-

366 1253 628 1323 έστησαν.
649 1258 891 1312 Ἀνωθεν
911 1260 969 1314 δὲ
990 1264 1275 1335 προκύψας
1292 1268 1320 1319 6
1335 1268 1587 1339 μοναχὸς,
1615 1271 1709 1324 καὶ
1731 1271 1957 1336 τούτους

368 1345 492 1399 ἰδὼν
542 1352 934 1417 μετακαλεῖται
978 1355 1070 1408 τὸν
1123 1359 1430 1428 στρατηγὸν
1479 1362 1574 1416 καί
1627 1379 1801 1432 φησι⁶
1848 1364 1954 1417 Σοὶ

356 1437 506 1505 μὲν,
524 1441 605 1506 ὡς
634 1442 845 1511 εἴρηκά
871 1462 991 1507 σοι,
1019 1450 1090 1502 οὺ
1117 1449 1369 1505 δίδωσιν
1392 1457 1425 1507 ό
1453 1454 1595 1521 Θεὸς
1623 1455 1734 1525 τῆς
1761 1457 1951 1521 ,βασι-

362 1531 527 1598 λείας
573 1535 817 1602 τυχεῐνο
858 1536 979 1591 τῶν
1015 1538 1084 1591 δὲ
1123 1542 1229 1595 τὸν
1266 1543 1455 1597 ἵππον
1494 1560 1595 1600 σοι
1640 1564 1952 1616 παραστη-

362 1622 607 1677 σάντων
638 1626 781 1693 τοὺς
812 1626 922 1682 δύο
942 1670 957 1693 ,
990 1633 1097 1684 τὸν
1131 1634 1359 1690 Λέοντα
1393 1638 1492 1692 καὶ
1528 1639 1637 1691 τὸν
1671 1639 1913 1707 Μιχαὴλ
1933 1683 1948 1705 ,

363 1712 489 1769 tam
515 1717 612 1769 καὶ
641 1715 817 1786 ἄμφω
842 1721 994 1775 κατὰ
1020 1725 1265 1793 καιροὺς
1289 1726 1476 1795 ἰδίους
1497 1729 1607 1798 τῆς
1626 1732 1954 1797 βασιλείας

2067 649 2249 707 potem
2290 641 2536 698 futurum
2583 660 2738 710 esse,
2775 656 2831 702 et
2869 649 3068 717 opibus
3096 665 3162 706 ac
3191 650 3495 708 luminibus
3527 657 3641 724 pri~

2066 738 2248 782 vatum
2300 731 2365 785 iri
2416 735 2731 803 respondit,
2775 736 2986 802 Quibus
3037 738 3129 793 ille
3176 740 3409 806 auditis,
3465 743 3640 797 tristis

2063 823 2218 877 abiit.
2262 823 2363 878 llic
2402 840 2535 880 vero
2575 827 2720 887 Leo.
2768 836 2825 883 et
2860 828 3060 885 Balbus
3101 831 3364 897 Michael,
3394 843 3451 888 et
3496 834 3637 891 alius

2062 914 2284 982 quidam
2320 915 2559 972 Thomas
2593 934 2798 989 equum
2825 921 2875 975 ei
2907 920 3258 977 adduxerunt
3285 941 3299 978 :
3339 938 3478 993 quos
3511 940 3636 979 cum

2060 1007 2366 1062 monachus
2388 1024 2626 1078 superne
2649 1021 3010 1081 prospectans
3027 1014 3274 1077 vidisset,
3300 1015 3425 1070 duci
3452 1032 3631 1071 accer-
3660 1003 3666 1009 ’

2059 1103 2165 1155 sito
2209 1101 2321 1157 ait:
2374 1103 2485 1160 Tibi
2527 1106 2773 1175 quidem,
2820 1115 2876 1160 ut
2920 1108 3048 1169 dixi,
3076 1098 3309 1179 regnum
3348 1109 3488 1163 Deus
3534 1126 3637 1164 non

2062 1189 2311 1261 largitur.
2342 1192 2544 1247 Eorum
2573 1211 2695 1249 vero
2732 1196 2893 1261 duos,
2933 1199 3024 1269 qui
3054 1198 3146 1252 tibi
3175 1214 3365 1268 equum
3399 1200 3639 1253 adduxe-

2060 1288 2214 1348 runt,
2256 1279 2482 1336 Leonem
2523 1291 2572 1336 et
2605 1285 2946 1351 Michaelem,
2979 1287 3088 1340 suis
3121 1296 3407 1358 utrumque
3436 1297 3638 1357 tempo-

2056 1372 2198 1425 ribus
2224 1373 2445 1440 imperio
2479 1376 2739 1445 potituros
2776 1378 2927 1430 scito.
2966 1377 3173 1432 Tertius
3205 1385 3383 1432 autem
3421 1377 3637 1431 conabi-

2056 1470 2142 1516 tur
2167 1462 2259 1517 ille
2293 1463 2530 1533 quidem,
2571 1473 2621 1517 et
2662 1465 2911 1527 diadema
2950 1465 3048 1519 sibi
3091 1467 3365 1535 imponet;
3393 1466 3484 1519 sed
3517 1472 3635 1520 'voto

2053 1568 2148 1605 suo
2183 1554 2471 1621 frustratus
2516 1554 2659 1609 male
2692 1554 2899 1629 peribit.
2935 1554 3063 1610 Haec
3099 1556 3188 1611 ille
3223 1556 3505 1626 prmdixit;
3541 1555 3634 1611 sed

2055 1644 2502 1720 Bardanes,.lide
2540 1648 2588 1702 ei
2623 1662 2731 1702 non
2773 1646 2983 1715 habita,
3026 1648 3370 1720 tyrannidem
3415 1648 3635 1702 invasit.

2055 1736 2175 1802 Quo
2196 1744 2355 1805 pacto
2376 1746 2558 1800 autem
2583 1753 2752 1808 regno
2778 1739 3066 1803 exciderit,
3094 1747 3151 1795 et
3173 1739 3348 1794 oculis
3370 1739 3442 1794 sit
3469 1737 3643 1793 orba-'

361 1807 804 1877 κρατήσοντας.
840 1812 905 1866 '0
943 1813 995 1867 δ’
1021 1814 1226 1883 ἕτερος
1266 1818 1634 1889 ἐπιχειρήσει
1664 1823 1814 1894 μὲν,
1855 1825 1947 1879 καί

2056 1833 2165 1887 tus,
2203 1826 2402 1896 opibus
2436 1828 2603 1882 etiam
2626 1807 2851 1898 ereptis,
2872 1839 2998 1884 ante
3021 1830 3177 1899 129
3197 1845 3227 1884 a
3246 1845 3334 1884 me
3355 1837 3635 1884 narratum

358 1896 552 1989 ἑαυτῷ
596 1901 908 1969 περιθήσει
955 1905 1235 1976 διάδημα,
1277 1913 1352 1966 οὐ
1397 1890 1681 1977 τεύξεται
1719 1916 1789 1970 δὲ
1832 1919 1947 1973 τῶν

2058 1924 2163 1971 est.
2182 1890 2450 1971 Caeterum
2470 1917 2581 1974 Leo
2598 1890 3382 1989 imperio—potitush—lichaelem
3405 1920 3632 1975 Balbum

359 1988 512 2043 κατὰ
544 1996 813 2061 σκοπὸν,
849 1995 987 2051 ἀλλ’
1011 1997 1325 2056 ἀπολεῖται
1359 2002 1584 2071 κακῶς.
1623 2006 1683 2060 '0
1723 2008 1822 2079 μὲν
1855 2009 1948 2065 οὖν

358 2081 531 2136 ταῦτα
560 2085 914 2156 προείρηκεν.
949 2088 1007 2142 '0
1034 2089 1089 2143 δέ
1116 2091 1400 2167 Βαρδάνης
1429 2097 1742 2169 ἀπιστήσας
1773 2102 1943 2171 αὐτῷ,

357 2174 637 2243 τδραννίδι
672 2178 1065 2251 ἐπικεχείρηκε
1096 2197 1112 2213 ο
1150 2183 1209 2234 τὸ
1252 2183 1299 2236 δ’
1325 2185 1475 2250 ὅπως
1512 2188 1612 2242 οὐκ
1653 2189 1811 2261 ἔτυχε
1848 2195 1949 2264 τῆς

361 2265 666 2336 βασιλείας,
711 2268 846 2322 ἀλλά
889 2274 983 2324 καὶ
1022 2272 1261 2343 ἐξεκόπη
1308 2276 1377 2329 τά
1422 2277 1670 2348 ὄμματα,
1716 2283 1811 2336 καὶ
1851 2283 1946 2336 τοῦ

359 2356 593 2412 πλούτου
630 2360 913 2432 ἐστέρητο,
949 2362 1049 2432 ήδη
1096 2381 1187 2433 μοι
1222 2368 1643 2438 προῖστόρηται.
1684 2373 1946 2428 Βασιλεύ-

362 2466 461 2514 σας
487 2451 543 2504 δὲ
572 2453 599 2505 6
622 2453 774 2507 Λέων
805 2454 939 2527 (87),
970 2456 1065 2509 τὸν
1096 2457 1194 2526 μὲν
1221 2459 1466 2529 Τραυλόν
1489 2464 1712 2536 Μιχαὴλ
1744 2470 1947 2540 πατρία-

360 2558 481 2597 κιον
509 2544 775 2615 ἐτίμησε,
809 2547 903 2599 καὶ
937 2547 1154 2617 κόμητα
1185 2552 1285 2621 τῆς
1316 2552 1423 2606 τῶν
1454 2554 1785 2621 ἐξκουϐίτων
1819 2576 1947 2629 σχο-

360 2632 481 2703 λῆς,
513 2636 607 2689 τὺν
638 2634 696 2690 δέ
733 2654 796 2706 γε
833 2638 1037 2709 Θωμᾶν
1068 2640 1127 2706 ὃς
1169 2648 1262 2696 καὶ
1304 2645 1468 2710 αὐτὸς
1509 2642 1590 2711 εἷς
1627 2643 1695 2720 ἦν
1728 2650 1835 2704 τῶν
1867 2652 1943 2722 τῷ

258 2796 264 2805 '
361 2725 609 2799 Βαρδάνῃ
647 2728 770 2782 τότε
810 2730 903 2784 τὸν
948 2733 1115 2786 ἵππον
1159 2730 1676 2809 παραστησαμένων
1716 2742 1811 2796 ἐπὶ
1847 2745 1946 2814 τῆς

363 2819 650 2883 κατοικίας
686 2821 781 2874 τοῦ
820 2823 1100 2894 μοναχοῦ,
1138 2829 1502 2901 τουρμάρχην
1534 2831 1630 2885 τοῦ
1664 2834 1947 2904 τάγματος

360 2903 472 2956 τῶν
497 2905 833 2977 Φοιδεράτων
863 2914 1305 2985 προεχειρίσατο.
1336 2919 1461 2974 Τῶν
1491 2921 1675 2990 μέντοι
1706 2903 1945 2994 Βουλγά-

364 3011 477 3088 ρων
508 2997 606 3067 τὴν
638 2999 862 3070 Θρᾴκην
899 3001 1271 3076 ληϊζομένων,
1306 3009 1772 3080 διεπρεσϐεύσατο
1810 3019 1946 3088 πρὸς

361 3085 453 3181 τον
485 3088 664 3142 αὐτῶν
697 3092 944 3163 ἀρχηγὸν
975 3098 1004 3150 6
1039 3097 1193 3154 Λέων
1225 3103 1357 3172 περὶ
1395 3105 1658 3162 σπονδῶν.
1694 3107 1754 3162 '0
1788 3085 1944 3181 6am

364 3177 491 3271 νίκῃ
522 3183 590 3252 τῇ
626 3181 856 3254 ἔναγχος
887 3186 1152 3256 ὁγκωθεὶς
1171 3231 1187 3257 ,
1222 3191 1321 3264 τὴν
1352 3195 1648 3267 πρεσϐείαν
1681 3200 1783 3269 τὴν
1817 3177 1946 3271 napi

359 3269 470 3325 τῶν
510 3273 755 3327 σπονδῶν
791 3277 852 3330 ού
894 3285 1229 3351 προσήκατο.
1276 3282 1488 3342 Οὐκοῦν
1529 3287 1949 3360 ἐξεστράτευσεν

358 3362 389 3413 6
417 3361 673 3433 βασιλεὺς
702 3368 824 3420 κατ’
840 3368 1028 3435 αὐτοῦ,
1061 3372 1157 3425 καὶ⁸
1186 3373 1342 3439 αὖθις
1370 3378 1402 3446 ή
1432 3377 1557 3449 νίκη
1586 3383 1697 3444 τοῖς
1734 3383 1950 3453 Βαρϐά-

363 3470 478 3524 ροις
507 3457 813 3527 ἐπεμειδία,
846 3461 942 3513 καὶ
971 3464 1051 3524 εἰς
1081 3465 1261 3537 φυγὴν
1289 3467 1593 3524 ἀπιδόντων
1630 3470 1946 3544 Ῥωμαίων,

360 3545 584 3601 ἐδίωκον
622 3549 671 3622 oi
712 3550 991 3624 Βάρϐαροι
1032 3552 1280 3623 ὄπισθεν,
1323 3560 1415 3612 καὶ
1456 3567 1949 3634 καταφρονητικῶς

359 3636 718 3709 διακείμενοι,
746 3644 808 3696 ού
835 3645 979 3700 κατά
1006 3647 1233 3717 κόσμον.
1263 3650 1376 3704 οὐδ’
1395 3653 1776 3720 εὐσυντάκτως
1800 3658 1951 3712 ἐδίω-

359 3747 479 3794 κον,
503 3732 638 3786 ἀλλὰ
663 3733 858 3789 ἄλλοσέ
889 3753 965 3807 πη
994 3737 1143 3793 ἄλλοι
1176 3741 1622 3815 σκεδαννύμενοι.
1650 3747 1820 3802 Τοῦτο
1848 3767 1948 3803 κα-

355 3825 626 3890 τανοήσας
654 3829 681 3880 6
709 3827 965 3897 βασιλεὺς
999 3829 1183 3902 (ἔτυχε
1214 3834 1322 3903 γὰρ
1351 3836 1445 3887 ἐπὶ
1477 3838 1757 3909 μετεώρου
1780 3841 1946 3893 τόπου

357 3915 626 3989 ἑστηκὼς)
678 3921 774 3973 καὶ
816 3919 944 3983 τοὺς
992 3923 1122 3991 περὶ
1174 3925 1340 3977 αὑτὸν
1390 3926 1572 3996 λόγοις
1618 3920 1947 4001 παραθήξας

358 4008 813 4080 παρακλητικοῖς,
847 4013 944 4066 καὶ
972 4016 1337 4086 παρορμήσας
1367 4019 1448 4080 είς
1478 4020 1733 4090 πόλεμον,
1766 4025 1949 4075 ἐπεισ-

356 4098 565 4169 ἑφρησε
607 4102 751 4156 κατά
791 4101 901 4157 τῶν
945 4104 1248 4177 Βαρϐάρων
1293 4109 1433 4178 μετά
1474 4113 1722 4178 γενναίου
1767 4113 1947 4184 ψυχῆς

355 4191 816 4263 παραστήματος,
842 4195 935 4248 καὶ
956 4199 1023 4268 τῇ
1049 4196 1224 4271 ἀθρόᾳ
1252 4200 1548 4273 μεταϐολῇ,
1578 4203 1795 4273 δείματι
1820 4206 1947 4270 τοὺς

357 4281 652 4353 πολεμίους
673 4284 895 4339 ἐνέϐαλε
917 4289 1162 4360 Πανικῷ,
1183 4293 1278 4344 καὶ
1296 4292 1568 4363 ἀνῄρηντο
1590 4295 1687 4363 μὲν
1705 4296 1944 4365 πλείους,

353 4372 741 4445 ᾑχμαλώτιστο
769 4376 827 4430 δέ
857 4380 952 4432 καὶ
980 4380 1184 4450 πλῆθος
1213 4382 1368 4436 πολύ.
1395 4385 1613 4451 Μικροῦ
1641 4386 1696 4440 δέ
1723 4390 1818 4441 καὶ
1849 4390 1948 4442 αύ-

283 4478 286 4482 ‘
355 4467 450 4532 τὸς
476 4467 505 4520 6
535 4463 798 4539 Κροῦμος
825 4472 1060 4544 ἀνήρετο
1089 4475 1187 4542 ἂν,
1219 4475 1439 4548 βληθεὶς
1459 4515 1475 4540 ,
1508 4479 1606 4532 καὶ
1636 4479 1731 4533 τοῦ
1767 4480 1936 4535 ἵππου

2057 2008 2349 2078 patricium
2379 2009 2542 2075 fecit,
2566 1998 2633 2065 'et
2660 2012 2862 2067 scholae
2896 2012 3282 2068 excubitorum
3328 2013 3585 2068 comitem
3616 2032 3631 2068 :

2054 2099 2360 2166 Thomam,
2410 2102 2504 2171 qui
2554 2110 2612 2157 et
2661 2102 2778 2172 ipse
2817 2119 2882 2158 ex
2927 2104 2994 2159 iis
3036 2104 3213 2160 iuerat
3255 2105 3347 2175 qui
3396 2105 3634 2161 Bardani

2053 2207 2257 2260 equum
2275 2192 2619 2248 adduxerant
2635 2195 2787 2265 juxta
2806 2196 3061 2251 monachi
3081 2197 3245 2260 aedes,
3261 2197 3630 2252 turmarcham

2053 2282 2289 2353 legionis
2324 2283 2742 2341 Fcederatorum
2790 2287 3119 2358 designavit.
3163 2287 3416 2358 Bulgaris
3447 2294 3630 2342 autem

2054 2374 2345 2431 Thraciam
2368 2379 2734 2445 vastantibus,
2769 2380 2999 2450 Legatos
3026 2380 3094 2435 ad
3121 2380 3318 2435 ducem
3347 2394 3540 2435 eorum
3560 2380 3629 2435 de

2053 2483 2187 2538 pare
2221 2468 2408 2524 misit:
2458 2484 2646 2535 quem,
2690 2486 2812 2525 cum
2856 2471 3065 2527 recenti
3110 2471 3342 2527 victoria
3386 2470 3627 2536 inﬂatus.

2053 2560 2206 2630 pacis
2252 2562 2599 2617 conditiones
2648 2562 2998 2633 repudiaret,
3052 2562 3196 2618 bello
3243 2562 3469 2617 adortus
3521 2573 3626 2617 est.

2054 2652 2159 2708 Sed
2198 2653 2454 2720 Barbari,
2496 2654 2726 2709 victoria
2763 2669 2959 2709 rursus
3002 2654 3069 2708 ad
3119 2653 3269 2723 ipsos
3301 2653 3623 2716 inclinante,

2053 2746 2330 2801 Romanos
2359 2747 2413 2800 in
2442 2746 2622 2818 fugam
2656 2762 2843 2803 versos
2867 2763 2897 2802 a
2927 2756 3078 2818 tergo
3110 2746 3473 2816 contemptim
3507 2746 3628 2800 nul-

2052 2837 2217 2906 loque
2238 2837 2434 2893 ordine
2468 2847 2602 2893 sunt
2641 2838 2901 2900 insecuti.
2941 2839 3033 2893 alii
3071 2838 3180 2892 alio
3213 2836 3470 2907 dispersi.
3509 2835 3629 2903 Quo

2057 2931 2356 2999 imperator
2377 2930 2762 2985 animadverso
2785 2931 2932 3000 (nam
2959 2929 3012 2983 in
3037 2927 3270 2983 editiore
3291 2927 3411 2982 loco
3427 2925 3628 2996 stabat)

2053 3036 2184 3075 suos
2220 3021 2284 3076 ad
2324 3036 2558 3091 pugnam
2596 3023 2949 3085 cohortatur,
2989 3018 3257 3075 Barbaros
3287 3018 3503 3073 fortiter
3530 3033 3628 3087 ag-

2052 3113 2332 3184 greditur,
2395 3124 2449 3169 et
2508 3114 2691 3169 subita
2751 3114 3114 3169 conversione
3180 3108 3626 3182 perterrefactos,

2053 3201 2288 3257 maxima
2313 3216 2381 3257 ex
2406 3211 2560 3272 parte
2587 3203 2769 3265 caedit,
2800 3215 3161 3273 magnamque
3198 3199 3415 3254 turbam
3443 3198 3624 3268 capit:

2053 3309 2156 3349 nec
2196 3296 2429 3349 multum
2462 3294 2639 3349 abfuit
2664 3294 2797 3365 quin
2835 3294 2954 3363 ipse
2986 3292 3223 3349 Crumus
3254 3291 3449 3361 sagitta
3485 3290 3628 3345 ictus

2050 3401 2306 3457 equoque
2339 3386 2597 3457 delapsus
2633 3386 3001 3451 occideretur,
3031 3384 3085 3439 ni
3113 3383 3374 3439 satellites
3401 3382 3626 3452 conglo-

2049 3478 2165 3533 bati
2196 3479 2369 3534 scutis
2395 3488 2645 3550 protecto
2667 3520 2683 3545 ,
2716 3487 2772 3533 et
2804 3477 2964 3532 alteri
2993 3491 3135 3547 equo
3166 3474 3422 3545 imposito
3446 3472 3625 3543 lugam

2049 3571 2417 3640 aperuissent.
2446 3571 2748 3640 Imperator
2772 3570 2940 3640 igitur
2965 3568 3327 3639 triumphans,
3346 3564 3629 3634 multaque

2051 3664 2233 3733 praeda
2266 3671 2443 3733 parta,
2472 3661 2678 3733 regiam
2710 3661 3011 3731 ingressus,
3043 3675 3155 3715 non
3186 3658 3361 3714 multo
3388 3667 3512 3728 post
3542 3656 3629 3709 in-

2050 3754 2258 3808 saniam
2287 3761 2476 3809 contra
2497 3767 2678 3808 sacras
2702 3752 2967 3821 imagines
2992 3761 3077 3806 est
3099 3751 3444 3822 auspicatus.
3470 3748 3628 3804 Unde

2048 3854 2232 3899 autem
2264 3844 2319 3898 in
2355 3859 2481 3898 eum
2520 3844 2763 3897 furorem
2798 3842 3057 3897 inciderit
3098 3845 3202 3914 iam
3237 3856 3526 3911 exponam.
3563 3839 3627 3894 Ei

2048 3936 2352 4001 monacho,
2392 3951 2421 3989 a
2455 3950 2566 4005 quo
2608 3934 2900 4006 imperium
2934 3934 3034 4004 ipsi
3074 3933 3393 4004 praedictum
3423 3932 3623 3994 fuerat,

2047 4027 2277 4096 gratiam
2334 4027 2644 4091 relaturus,
2679 4040 2778 4095 per
2818 4025 3110 4095 quemdam
3153 4040 3219 4079 ex
3264 4022 3472 4078 intimis
3510 4023 3625 4077 suis

2047 4118 2188 4172 dona
2228 4117 2400 4172 misit.
2445 4116 2494 4170 Is
2538 4133 2649 4172 non
2692 4115 2746 4170 in
2796 4116 2973 4186 ipsum
3019 4116 3234 4180 incidit,
3272 4115 3475 4185 quippe
3509 4115 3623 4184 jam

2049 4214 2326 4261 mortuum
2360 4222 2374 4259 :
2413 4204 2509 4261 sed
2545 4221 2670 4261 cum
2705 4205 2872 4260 alium
2911 4206 3215 4260 invenisset
3248 4205 3325 4260 ibi
3367 4205 3623 4259 habitan-

2048 4306 2190 4362 tem,
2224 4296 2290 4352 ad
2330 4311 2455 4351 eum
2477 4337 2492 4357 .
2526 4305 2587 4350 ut
2626 4312 2792 4366 quem
2825 4312 2934 4351 non
2979 4307 3198 4364 nosset,
3243 4298 3495 4351 accessit.
3526 4296 3623 4352 Ille

2045 4404 2177 4444 vero
2226 4390 2366 4455 (erat
2415 4388 2562 4443 enim
2605 4397 2951 4458 oppugnatur
2999 4387 3337 4458 imaginum,
3391 4387 3620 4458 ejusque

2047 4491 2209 4536 sectae
2252 4480 2772 4537 vehementissimus
2821 4482 3229 4550 propugnator)
3273 4495 3451 4549 nequc
3500 4495 3623 4535 mu-

354 4565 767 4635 ἐκπεπτωκὼς,
804 4571 854 4624 εί
889 4570 965 4641 μὴ
1000 4571 1359 4641 περιστάντες
1392 4573 1558 4627 αὐτὸν
1590 4575 1640 4627 οί
1674 4576 1802 4644 περὶ
1835 4577 1935 4629 αὐ-

2052 4587 2178 4628 nera
2206 4572 2444 4642 accepit,
2478 4579 2534 4625 et
2565 4585 2633 4627 eo
2663 4587 2695 4625 a
2724 4586 2834 4641 quo
2877 4570 3253 4626 aﬂ‘erebantur
3278 4570 3528 4634 dimisso,
3559 4584 3619 4626 se

354 4661 446 4713 τὸν
470 4661 565 4714 καὶ
592 4661 990 4731 συνησπικότες
1017 4662 1099 4726 είς
1126 4663 1293 4718 ἵππον
1317 4664 1580 4718 ἀνέϐαλον
1604 4665 1691 4718 ἒτε
1702 4683 1814 4738 ρον,
1842 4668 1937 4722 καὶ

2052 4680 2070 4719 ι
2122 4663 2549 4719 simulacrorum
2601 4662 2897 4717 adoratore
2950 4663 3092 4717 nihil
3146 4662 3399 4732 accipere
3456 4661 3614 4725 dixit,

356 4749 533 4816 οὕτως
557 4751 731 4824 ᾤχετο
758 4753 1022 4823 ἀποδράς.
1054 4755 1341 4809 Ἐντεῦθεν
1367 4757 1394 4809 6
1427 4756 1684 4826 βασιλεὺς
1708 4775 1937 4830 τροπαι-

2052 4756 2207 4811 Leoni
2236 4763 2292 4810 et
2322 4757 2476 4827 regni
2503 4765 2561 4811 et
2587 4755 2715 4811 vitae
2742 4757 3011 4833 iacturam
3043 4756 3198 4812 brevi
3228 4756 3614 4818 comminatus,

359 4845 525 4916 φόρος
553 4846 818 4901 κατέλαϐε
851 4848 914 4902 τὰ
944 4847 1221 4918 βασίλεια,
1254 4849 1349 4903 καὶ
1376 4850 1531 4904 λείαν
1558 4852 1710 4920 ἄγων
1738 4851 1938 4922 πολλὴν

2052 4849 2138 4904 tisi
2165 4848 2486 4904 adoratioue
2509 4848 2928 4903 simulacrorum
2964 4848 3066 4921 (sic
3087 4850 3235 4904 enim
3270 4849 3613 4905 venerandas

354 4939 418 4994 οὐ
462 4939 598 4993 πολὺ
635 4938 697 4992 τὸ
735 4941 791 4992 ἐν
833 4943 983 5012 μέσῳ
1023 4942 1118 4995 καὶ
1154 4943 1256 5012 τῆς
1296 4943 1441 4997 κατά
1477 4942 1585 4997 τῶν
1624 4943 1938 5014 σεϐασμίων

2052 4940 2307 5010 unagines
2328 4940 2657 5013 appellabat)
2687 4940 3012 4996 abstineret.
3031 4940 3158 4997 llaec
3182 4942 3431 4997 nuntiata
3460 4942 3616 4997 solli-

355 5032 581 5087 εἰκόνων
621 5031 732 5103 (88)
772 5030 970 5105 λύττης
1007 5033 1315 5104 ἀπήρξατο.
1344 5034 1510 5089 Ὅθεν
1548 5035 1605 5089 δέ
1646 5038 1712 5107 τῇ
1761 5038 1931 5110 μανίᾳ

2052 5031 2208 5086 :itum
2255 5030 2505 5087 fecerunt
2547 5031 2790 5089 Leonem
2821 5052 2835 5089 :
2865 5049 2980 5090 rem
3014 5034 3182 5105 igitur
3207 5034 3332 5089 cum
3376 5034 3613 5105 quodam

353 5123 528 5196 ταύτῃ
550 5124 744 5192 γέγονε
769 5123 998 5195 κάτοχος
1023 5126 1226 5180 αὐτίκα
1248 5127 1313 5197 δὴ
1339 5127 1690 5199 διηγήσομαι.
1715 5128 1803 5198 Τῷ
1829 5130 1928 5200 ἤδη

2052 5142 2107 5181 ex
2155 5127 2518 5185 familiaribus
2559 5129 2845 5185 Theodoto
2889 5130 3177 5185 Melisscno
3222 5132 3612 5197 communicat,

355 5213 576 5282 ῥηθέντι
615 5232 705 5285 μοι
749 5213 990 5286 μοναχῷ,
1024 5215 1083 5279 ὃς
1123 5217 1255 5288 περὶ
1290 5218 1456 5271 αὐτοῦ
1491 5219 1572 5272 ὅτι
1611 5217 1800 5288 μέλλει
1832 5220 1934 5289 τῆς

2052 5222 2135 5291 qui
2183 5222 2656 5294 Oppugnatoribus
2703 5221 3002 5293 imaginum
3055 5221 3334 5277 studebat.
3383 5223 3435 5278 Is
3482 5237 3609 5278 eum

1548 5353 1753 5415 Varias
1788 5353 2102 5421 lectiones
2143 5367 2205 5422 et
2249 5367 2439 5424 notae.

429 5474 540 5547 (87)
569 5473 679 5530 Καὶ
718 5473 911 5548 Λέων.
945 5474 1047 5544 Qui
1085 5479 1250 5548 vulgo
1293 5477 1584 5535 Armenius
1630 5480 1915 5547 cognomi-

357 5555 561 5630 natur.
586 5555 650 5630 et
678 5561 841 5630 quem
877 5547 1249 5630 ngappewov
1290 5558 1448 5603 vocat
1463 5550 1657 5630 ~Pappi
1683 5550 1918 5630 Synodi-

2052 5547 2368 5630 Ιανιχαῖκῆς
2394 5547 2691 5630 θρησκείας
2718 5547 3000 5630 ὑπάρχων.

358 5630 483 5700 gon:
521 5629 664 5700 ,ςθνο
707 5615 826 5700 ,με
855 5633 869 5671 =
905 5615 1364 5700 Τελέύτῄσαχτος,
1393 5615 1668 5700 γοῦνξὲλζ,
1699 5615 1920 5700 tiamne
2026 5696 2037 5700 _
2092 5615 2204 5699 (88)
2226 5615 2384 5682 Καὶά
2414 5615 2531 5700 {dir
2563 5615 2909 5700 σεϐασμίὼὲ
2936 5629 3205 5684 εῑκόνων.
3241 5626 3312 5700 Ut
3341 5627 3392 5681 in
3425 5640 3609 5700 sacras
3658 5648 3677 5673 σ

359 5685 683 5778 Ξουλγάρων
707 5685 1046 5778 Νὲκηβιρςρου,
1082 5687 1179 5778 την
1220 5688 1497 5778 βασιλείαν
1531 5689 1559 5741 6
1593 5685 1921 5778 υίδςὶαξτοξ

2052 5685 2292 5778 magi'nes
2319 5697 2716 5778 szegierithLeo,
2742 5685 3610 5778 plurihus_prosequiturTheo-
3663 5702 3673 5729 λ

358 5753 697 5837 Σταυράκιος
720 5824 736 5837 ι
754 5753 1044 5837 διεδέξατο,
1092 5753 1307 5837 Μιχαὴλ
1330 5759 1688 5837 ,ἐκείνου-,ἐπ’
1717 5759 1920 5837 ἀδελφῇ

2057 5753 2285 5823 ιετῖὀιιιε
2318 5767 2372 5823 in
2404 5768 2527 5825 Vita
2552 5768 2615 5825 .S.
2650 5753 2854 5826 Nic'etac
2884 5753 3134 5825 Confess.
3155 5753 3317 5825 n.'31
3366 5776 3421 5822 ει
3452 5781 3606 5837 εειιίι-

358 5824 606 5896 γαμϐρὸς
653 5824 1006 5898 ἐκληρώσατο
1041 5844 1053 5859 ·
1113 5824 1209 5884 καὶ
1266 5824 1424 5885 Ἁέων
1462 5831 1492 5883 6
1551 5824 1927 5917 Συραρμένιοξ

2017 5488 2328 5559 ἐπαναστὰς
2365 5489 2636 5559 ἐκράτησε
2670 5489 2740 5542 τά
2772 5489 3036 5558 βασίλεια,
3069 5489 3368 5557 Ἰουδαϊκῆς
3422 5505 3481 5542 τε
3511 5488 3608 5540 καὶ
