4068 6400
517 400 657 468 1371

1797 397 2122 462 JOANNIS
2161 397 2484 492 ΖοΝΑιυε

3653 401 3784 466 1372

513 517 646 572 dolo
692 527 1007 585 aggressus,
1054 522 1244 570 monet
1289 521 1353 571 ut
1394 512 1676 586 negotium
1711 529 1834 569 cum
1863 516 2097 584 quodam

2207 483 2486 582 βασιλείας
2509 483 2730 569 ἔσεσθαί
2755 513 3054 588 ἐγκρατὴς,
3078 516 3479 589 προηγόρευσε,
3500 517 3598 588 τῆς
3625 520 3784 590 προρο

515 606 822 673 monacho,
877 621 1044 677 quem
1093 605 1340 678 ejusdem
1395 621 1586 662 secum
1644 606 1924 676 opinionis
1973 620 2097 661 esse

513 708 697 763 norat,
744 698 1139 765 communicet,
1162 707 1220 754 et
1264 697 1414 768 quod
1461 699 1556 754 ille
1601 697 1893 752 suassisset
1937 710 2099 752 exse-

513 802 829 856 queretur:
864 793 1048 847 virum
1101 793 1250 846 enim
1292 807 1419 847 eum
1469 791 1692 862 plenum
1751 805 1878 846 esse
1925 790 2100 859 gratia

523 881 783 952 Spiritus,
811 898 875 938 ac
905 898 996 939 res
1027 883 1238 940 futuras
1265 892 1322 939 et
1362 883 1664 954 praevidere
1692 890 1749 938 et
1777 881 2095 953 praedicere.

517 975 758 1030 Assenso
804 975 1176 1046 imperatore,
1223 975 1552 1030 monachum
1603 974 1884 1038 convenit,
1937 972 2098 1043 130

518 1067 908 1135 imperatorem
938 1066 1128 1122 habitu
1155 1067 1350 1136 privati
1384 1067 1626 1121 hominis
1649 1067 1716 1122 ad
1745 1081 1872 1122 eum
1903 1076 2101 1121 ventu-

519 1170 643 1208 rum
676 1169 800 1211 esse
832 1155 1058 1220 indicat,
1090 1164 1148 1211 et
1176 1172 1285 1226 qua
1311 1157 1484 1226 gratia
1515 1156 1588 1212 sit
1618 1166 1907 1220 venturus,
1946 1171 2100 1225 qua:-

520 1261 631 1316 que
678 1262 802 1303 cum
854 1263 923 1303 eo
975 1248 1294 1304 disserenda
1337 1251 1451 1305 sint
1502 1249 1748 1305 instruit.
1795 1249 2101 1318 Imperator

521 1347 688 1394 noctu
709 1339 777 1394 ad
805 1340 1132 1396 monachum
1163 1342 1299 1405 abit,
1323 1350 1532 1397 mutata
1563 1350 1716 1398 veste
1744 1357 1814 1396 ne
1835 1355 2102 1412 agnosce-

521 1441 698 1496 retur,
745 1433 1030 1489 Theodoto
1077 1434 1400 1494 comitante.
1436 1435 1506 1490 At
1551 1434 1882 1500 monachus,
1927 1443 1987 1488 ut
2030 1433 2101 1488 ab

517 1520 616 1576 illo
648 1523 845 1593 spiritu
880 1536 1254 1580 commentum
1289 1526 1550 1593 edoctus,
1587 1527 1824 1582 Leonem
1860 1543 1959 1596 pro
1992 1527 2101 1581 im-

518 1623 777 1685 peratore
810 1618 1013 1672 salutat
1046 1636 1060 1672 :
1092 1627 1168 1684 et,
1208 1619 1310 1687 Ne,
1345 1620 1540 1690 inquit,
1581 1621 1916 1691 majestatem
1952 1628 2102 1675 luam

520 1705 746 1770 celaris,
799 1725 968 1779 neque
1007 1713 1278 1781 imponere
1319 1713 1447 1767 velis
1487 1721 1682 1767 nostra:
1727 1712 1921 1766 vilitati
1947 1727 1966 1765 :
2009 1713 2102 1766 sed

517 1796 650 1851 scito
673 1808 723 1852 te
748 1804 812 1852 de
843 1803 1094 1872 religione
1123 1821 1399 1874 perperam
1425 1807 1639 1867 sentire,
1665 1812 1713 1858 et
1740 1805 1902 1874 plane
1929 1805 2100 1858 sintu-

2207 608 2419 678 ρήσεως
2446 607 2736 670 ἀποτιννὺς
2766 608 3024 678 ἀμοιϐὴν,
3053 607 3208 680 δῶρα
3232 611 3508 678 ἐκπέμπει
3535 610 3628 664 διά
3652 629 3787 673 τινος

2201 699 2311 752 τῶν
2344 698 2698 754 οἰκειοτάτων
2731 699 2902 769 αὐτῷ.
2941 700 3000 754 Ὀ
3041 701 3099 754 δὲ
3143 700 3421 770 πεμφθεὶς
3459 702 3560 754 οὐκ
3602 701 3788 770 ἐκείνῳ

2202 791 2460 862 ἐνέτυχεν
2489 791 2651 861 (ἔφθη
2684 792 2794 861 γὰρ
2823 793 2850 843 ό
2885 792 3118 861 μοναχὸς
3152 793 3362 856 ἐκεῖνος
3393 789 3490 860 τὴν
3520 789 3668 860 ζωὴν
3701 809 3789 860 με·

2201 883 2548 952 ταθέμενος),
2586 883 2773 954 ἕτερον
2811 882 2922 954 (89)
2957 883 3002 936 δ’
3027 881 3302 952 εὑρηκὼς,
3337 886 3403 954 τῇ
3441 884 3657 938 ἐκείνου
3695 900 3788 937 κα·

2200 975 2387 1048 τοικίᾳ
2431 976 2825 1044 σκηνούμενον,
2869 975 2947 1039 ώς
2991 975 3206 1044 ἐκείνῳ,
3253 975 3327 1045 μὴ
3369 974 3665 1043 γινώσκων
3707 975 3816 1042 τὸν,

2203 1065 2395 1135 ἄνδρα,
2435 1064 2612 1136 τούτῳ
2655 1064 3071 1134 προσεληλύθει.
3107 1063 3164 1119 '0
3205 1065 3262 1118 δὲ
3305 1060 3394 1136 (ἦν
3433 1065 3542 1134 γάρ
3581 1065 3652 1118 τὰ
3690 1064 3791 1118 τῶν

2203 1157 2578 1226 εἰκονομάχων
2607 1157 2952 1226 πρεσϐεύων,
2981 1157 3204 1226 καὶτῆς
3230 1158 3500 1228 αἱρέσεως
3531 1159 3790 1228 διάπυρος

2205 1249 2567 1320 σπουδαστὴς)
2603 1250 2726 1303 οὗτε
2761 1250 2831 1304 τὰ
2863 1251 3012 1319 δῶρα
3049 1251 3388 1320 προσήκατο,
3424 1249 3520 1303 καὶ
3552 1251 3646 1303 τὸν
3678 1250 3794 1302 τού-

2202 1360 2312 1396 των
2341 1344 2608 1414 κομιστὴν
2638 1342 3029 1412 ἀπεπέμψατο,
3058 1343 3115 1408 ἐξ
3147 1341 3384 1395 εἰδώλων
3416 1341 3792 1412 προσκυνητοῦ

2207 1436 2281 1505 μή
2313 1452 2364 1487 τι
2403 1436 2590 1489 λαϐεῖν
2622 1435 2915 1504 ἀνέχεσθαι
2949 1435 3192 1505 φάμενος
3213 1477 3226 1500 ,
3261 1438 3358 1488 καί
3388 1436 3488 1499 τῆς
3524 1435 3795 1504 βασιλείας

2203 1531 2300 1582 καὶ
2342 1529 2442 1598 τῆς
2485 1528 2634 1597 ζωῆς
2679 1528 2767 1580 διὰ
2818 1528 3050 1598 βραχέος
3107 1527 3426 1580 ἐπαπειλών
3477 1527 3558 1596 τῷ
3613 1527 3793 1582 Λέοντι

2206 1623 2484 1692 στέρησιν,
2521 1622 2570 1674 εἰ
2612 1620 2686 1691 μὴ
2720 1621 2816 1674 τοῦ
2858 1623 3188 1690 προσκυνεῖν
3223 1623 3338 1682 τοίς
3376 1619 3626 1683 εἰδώλοις
3663 1621 3794 1672 ἀπό-

2205 1731 2387 1783 σχοιτο
2404 1754 2418 1778 ,
2440 1714 2538 1776 τὰς
2563 1713 2771 1776 σεπτάς
2795 1713 3012 1775 εἰκόνας
3036 1711 3180 1766 οὕτω
3206 1712 3410 1766 καλῶν.
3437 1711 3627 1764 Ταῦτα
3653 1712 3798 1779 παρά

2203 1807 2298 1860 τοῦ
2331 1807 2618 1870 σταλέντος
2648 1806 2987 1876 ἀγγελθέντα
3015 1806 3094 1876 τῷ
3123 1807 3338 1869 Λέοντι,
3367 1805 3674 1874 ἐμφροντιν
3702 1805 3795 1858 αύ-

523 1887 796 1944 locrorum
835 1892 1093 1947 cultorem
1137 1911 1246 1948 esse
1275 1904 1325 1949 et
1373 1905 1422 1949 te
1456 1905 1504 1948 et
1529 1911 1706 1949 omnes
1749 1911 1834 1949 eos
1875 1898 1966 1965 qui
2007 1895 2105 1949 tibi

2207 1901 2297 1953 τὸν
2340 1902 2713 1972 πεποιήκασι,
2755 1900 2846 1954 καὶ
2895 1899 3174 1953 κοινοῦται
3223 1900 3291 1952 τὰ
3340 1899 3656 1968 μηνυθέντα
3694 1897 3798 1949 τῶν

521 1991 736 2050 parent.
773 1981 928 2049 Quod
971 1988 1018 2040 si
1048 2003 1113 2040 ex
1147 1987 1376 2042 ecclesiis
1405 1987 1696 2043 simulacra
1723 1989 2026 2054 sustuleris,
2055 1997 2106 2042 et

520 2073 632 2128 vita
672 2084 720 2128 et
764 2077 1044 2146 imperium
1083 2081 1176 2133 tibi
1219 2081 1528 2134 diuturnum
1566 2091 1616 2134 et
1665 2081 1996 2151 fortunatum
2031 2092 2107 2136 est

521 2165 785 2234 futurum.
830 2167 929 2222 Sin
971 2172 1168 2237 minus,
1212 2173 1344 2227 scito
1381 2185 1430 2228 te
1464 2173 1604 2227 brevi
1633 2184 1916 2244 utrumque
1945 2177 2107 2229 amis-

519 2274 741 2324 surum,
790 2269 1153 2332 praetereaque
1199 2279 1399 2318 querna
1462 2265 1724 2336 supplicia
1777 2268 2101 2322 subiturum.

523 2348 623 2405 llis
647 2350 759 2405 Leo
785 2353 1014 2420 auditis,
1048 2355 1282 2410 miratus
1303 2358 1657 2423 monachum,
1686 2359 1756 2414 ob
1789 2360 2104 2428 prmdictio-

522 2459 653 2498 nem
686 2445 915 2515 utique,
962 2447 1186 2517 ignarus
1217 2449 1538 2518 imposturze
1572 2451 1879 2517 Theodoti,
1919 2454 2106 2510 verbis

527 2534 679 2589 illius
709 2545 906 2606 captus
946 2549 1051 2604 est,
1085 2549 1143 2594 et
1180 2549 1373 2594 contra
1424 2554 1803 2597 sacrosanctae
1839 2543 2106 2614 imagines

523 2626 1011 2686 vehementissime
1063 2632 1270 2696 saeviit,
1309 2641 1366 2688 et
1389 2649 1482 2688 eas
1525 2649 1716 2689 omnes
1759 2635 1941 2690 edicto
1988 2637 2102 2691 tolli

515 2720 722 2790 jussit:
771 2738 1009 2793 cumque
1057 2727 1467 2782 sanctissimum
1523 2731 1893 2798 patriarcham
1939 2730 2104 2786 Nice-

523 2813 762 2883 phorum
797 2830 1023 2886 quoque
1063 2821 1117 2872 in
1152 2834 1306 2873 suam
1353 2822 1683 2876 sententiam
1721 2831 2104 2890 pertracturus

523 2915 710 2970 esset,
741 2907 832 2964 ille
877 2923 1010 2963 vero
1053 2913 1254 2966 acriter
1299 2912 1717 2976 adversaretur,
1759 2926 1814 2969 et
1857 2915 2100 2969 edictum

524 2994 663 3050 illud
712 3004 770 3050 et
809 2997 1032 3068 scriptis
1072 3008 1128 3054 et
1169 3001 1422 3056 oratione
1471 3003 1772 3072 impietatis
1806 3014 2100 3076 argueret:

523 3086 704 3140 virum
723 3087 932 3157 justum
958 3089 1182 3161 relegat,
1214 3093 1306 3162 qui
1341 3094 1561 3163 quidem
1589 3096 1871 3166 improbos
1903 3097 2104 3154 Leonis

2209 1995 2454 2062 συνήθων
2480 1995 2589 2046 τινὶ
2615 1992 2692 2062 τῷ
2708 1991 3037 2062 Μελισσηνῷ
3067 1989 3308 2058 Θεοδότῳ
3330 1987 3486 2057 (89‘),
3512 1988 3570 2050 ὃς
3600 1989 3712 2050 τοῖς
3729 1989 3801 2040 εἱ-

2207 2079 2536 2148 κονομάγοις
2572 2080 2905 2148 αἰρεσιώτης
2945 2077 3250 2146 ἐτύγχανεν
3289 2074 3386 2130 ὢν.
3427 2074 3584 2143 Δόλῳ
3624 2075 3797 2126 τοίνυν

2207 2173 2413 2234 ἐκεῖνος
2443 2172 2536 2224 τὸν
2565 2171 2770 2225 Λέοντα
2804 2170 3036 2240 μέτεισι,
3071 2169 3165 2220 καί
3194 2185 3315 2220 τινα
3347 2166 3589 2236 μοναχὸν
3623 2166 3796 2235 ἐαυτῷ

2206 2262 2492 2332 γινώσκων
2521 2262 2796 2331 ὁμόδοξον,
2829 2265 3006 2331 τούτῳ
3038 2259 3397 2313 συνεϐούλευε
3429 2257 3796 2310 κοινώσασθαι

2205 2357 2305 2424 τὴν
2335 2353 2624 2418 ὑπόθεσιν,
2651 2354 2747 2408 καὶ
2776 2352 2804 2406 ὃ
2833 2352 2899 2407 ἂν
2931 2353 3139 2414 ἐκεῖνος
3172 2349 3462 2412 ὑπόθοιτο,
3492 2348 3658 2402 τοῦτο
3682 2365 3797 2399 ποια

2206 2448 2340 2518 ἧσαι
2365 2464 2378 2477 ’
2411 2444 2550 2500 εἶναι
2584 2448 2692 2516 γάρ
2722 2449 2814 2498 τὸν
2847 2446 3017 2515 ἄνδρα
3050 2443 3248 2514 μεστὸν
3278 2443 3519 2512 χαρίτων
3551 2459 3796 2510 πνευμα-

2205 2542 2398 2604 τικῶν,
2431 2541 2528 2593 καὶ
2558 2538 2882 2609 προορῶντα
2912 2538 2982 2590 τὰ
3014 2536 3279 2605 μέλλοντα
3307 2535 3406 2590 καὶ
3437 2535 3796 2606 προλέγοντα.

2219 2632 2308 2695 Ὠς
2336 2629 2429 2685 οὖν
2458 2628 2565 2683 εἶδε
2591 2631 2681 2685 τὸν
2710 2632 2917 2684 Λέοντα
2949 2629 3174 2699 βασιλέα
3206 2627 3540 2696 συνθέμενον
3569 2629 3682 2690 τοῖς
3713 2625 3798 2678 λό-

2206 2743 2324 2794 γοις
2352 2724 2516 2778 αὑτοῦ
2535 2763 2549 2787 ,
2575 2725 2764 2778 ἄπεισι
2791 2722 2926 2793 πρὸς
2953 2723 3046 2775 τὸν
3076 2721 3312 2792 μοναχὸν
3337 2722 3364 2773 ὁ
3390 2719 3650 2781 Θεόδοτος
3667 2759 3682 2785 ,
3709 2719 3798 2769 καὶ

2208 2818 2468 2888 προλέγει
2512 2815 2662 2886 αὐτῷ
2699 2817 2799 2885 τὴν
2844 2815 2922 2878 ὡς
2963 2814 3128 2868 αὑτὸν
3173 2813 3267 2866 τοῦ
3316 2812 3703 2883 βασιλεύοντος
3744 2812 3798 2862 ἐν

2210 2911 2421 2964 ἰδιώτου
2459 2910 2702 2980 σχήματι
2737 2908 2923 2976 ἄφιξιν
2944 2949 2960 2974 ,
2997 2907 3091 2959 καί
3126 2906 3248 2958 ὅτου
3283 2906 3446 2974 χάριν
3480 2903 3799 2965 ἐλεύσεται,

2205 3007 2301 3057 καὶ¹
2334 3003 2692 3074 μυσταγωγεῖ
2719 2999 2940 3064 τοῦτον,
2972 3000 3075 3052 ὅσα
3107 2997 3185 3068 τῷ
3219 2997 3435 3066 βασιλεί
3465 2995 3796 3060 διαλέξεται.

2205 3093 2340 3150 Εἰτα
2373 3096 2570 3158 νυκτὸς
2611 3095 2832 3149 ἄπεισιν
2866 3092 2896 3144 ό
2932 3091 3187 3162 βασιλεὺς
3231 3089 3367 3160 πρὸς
3400 3088 3490 3141 τὸν
3536 3087 3796 3158 μοναχὸν,

525 3193 711 3235 mores
741 3183 1092 3250 praesensisse
1129 3185 1336 3251 fertur,
1377 3187 1472 3256 qui
1508 3188 1832 3245 orthodoxis
1866 3191 2103 3246 offendi-

2209 3184 2736 3259 μεταμφιασάμενος
2769 3183 2858 3236 ἵνα
2894 3183 2968 3251 μὴ
2999 3179 3364 3248 διαγνωσθείη
3396 3176 3472 3228 ὢν
3506 3174 3760 3246 βασιλεύς
3783 3183 3798 3200 ⁸

523 3273 652 3327 culo
691 3272 912 3330 futurus
941 3285 1119 3342 esset,
1161 3278 1524 3350 Ecclesiteque
1559 3283 1830 3337 tumultus
1867 3284 2107 3340 occasio.

524 3363 663 3418 Nam
697 3379 821 3420 cum
853 3367 974 3437 ejus
1010 3371 1176 3438 capiti
1210 3371 1464 3426 diadema
1505 3373 1846 3443 imponeret,
1883 3391 2109 3431 manum

529 3471 686 3510 suam
727 3458 902 3526 spinis
936 3462 1232 3532 compungi
1269 3465 1500 3531 putavit.
1554 3466 1692 3519 Dum
1729 3476 1912 3521 autem
1955 3470 2114 3524 Prte-

526 3565 832 3604 connesum
873 3553 1181 3608 exsulatum
1224 3556 1544 3621 abducitur,
1579 3558 1903 3630 MaguiAgri
1942 3560 2113 3616 abbas

527 3639 898 3711 Theophanes
945 3645 1268 3711 confessor,
1322 3651 1553 3703 transitu
1599 3652 1748 3706 illius
1787 3653 1985 3722 spiritu
2020 3669 2113 3708 co-

527 3733 685 3802 gnito
712 3733 916 3805 (neque
943 3737 1091 3792 enim
1121 3739 1341 3796 videbat
1366 3744 1640 3814 sanctum)
1673 3746 1849 3800 cereis
1874 3745 2116 3800 incensis

527 3835 585 3880 et
605 3825 810 3892 sufﬁtu,
834 3828 1054 3884 eminus
1076 3847 1202 3886 eum
1229 3833 1430 3902 excipit
1460 3845 1516 3890 et
1545 3836 1920 3906 prosequitur,
1945 3847 2117 3906 atque

532 3915 627 3971 ille
656 3917 900 3972 vicissim
931 3935 999 3974 ex
1029 3921 1153 3975 navi
1185 3937 1310 3976 eum
1348 3922 1502 3978 ﬂexis
1529 3924 1761 3994 genibus
1797 3934 2114 3991 veneratur;

529 4022 657 4061 cum
680 4023 860 4078 neque
891 4011 1104 4068 videret
1140 4030 1318 4084 neque
1349 4016 1650 4078 videretur.
1686 4016 1840 4084 Quod
1880 4017 2118 4086 patriar-

530 4099 648 4154 cha:
675 4102 976 4158 comitibus
995 4104 1420 4170 admirantibus,
1448 4117 1506 4164 et
1535 4109 1625 4163 cui
1657 4108 1926 4164 honorem
1955 4108 2110 4163 illum

530 4190 805 4259 praeberet
867 4198 1355 4266 percontantibus,
1405 4201 1748 4270 respondit:
1813 4200 2114 4270 Confessori

530 4281 836 4355 Theophani
875 4287 1062 4358 Magni
1097 4291 1229 4361 Agri
1281 4295 1501 4348 abbati:
1534 4293 1937 4350 confessionem
1976 4294 2116 4350 vati-

531 4374 773 4443 cinatus,
809 4381 1044 4436 necdum
1077 4387 1226 4438 enim
1254 4400 1318 4440 ea
1349 4386 1608 4456 dignatus
1644 4385 1848 4441 fuerat.

2209 3280 2509 3350 συμπαρῆν
2538 3278 2595 3330 δὲ
2627 3278 2676 3330 οἱ
2707 3279 2803 3329 καὶ
2834 3277 2861 3328 ό
2893 3274 3168 3334 Θεόδοτος.
3203 3272 3264 3326 '0
3295 3269 3352 3323 δὲ
3388 3269 3628 3339 μοναχὸς
3659 3268 3798 3321 έκεῖ-

2207 3389 2320 3435 νος,
2369 3367 2458 3424 οἷα
2509 3369 2674 3438 δῆθεν
2723 3365 3070 3436 προμυηθείς
3115 3365 3181 3417 ὲκ
3230 3362 3326 3415 τοῦ
3374 3360 3696 3430 Πνεύματος
3743 3357 3802 3411 τὸ

2211 3459 2611 3527 πλαττόμενον,
2646 3456 2722 3520 ώς
2756 3455 2983 3526 βασιλέα
3013 3454 3279 3522 προσεῖπε
3308 3451 3403 3504 τὸν
3433 3451 3647 3504 Λέοντα
3667 3491 3680 3513 ,
3710 3449 3799 3502 καὶ

2211 3551 2306 3614 Μὴ
2343 3550 2569 3618 κρύπτε
2601 3564 2718 3602 σου
2739 3588 2753 3612 ,
2787 3546 2960 3616 φησὶ,
2996 3546 3064 3599 τὸ
3096 3544 3362 3612 ἀξίωμα,
3393 3542 3536 3612 μήδ’
3568 3539 3800 3609 ἀπατᾶν

2212 3642 2348 3697 θέλε
2383 3640 2500 3708 τὴν
2533 3638 2704 3708 ἡμῶν
2735 3637 3124 3704 οὺθενότητα.
3151 3637 3308 3689 Ἵσθι
3345 3635 3414 3688 δὲ
3442 3635 3529 3704 μὴ
3571 3633 3705 3702 περί
3737 3633 3798 3685 τὸ

2210 3732 2398 3798 σέϐας
2430 3731 2616 3800 ὀρθῶς
2643 3730 3042 3798 διακείμενος,
3075 3728 3214 3782 ἀλλ’
3241 3725 3528 3792 ἄντικρυς
3559 3727 3797 3780 εἰδωλο-

2210 3827 2447 3896 λατρῶν
2477 3827 2574 3880 καὶ
2612 3825 2798 3890 αὐτὸς
2833 3824 2931 3880 καὶ
2968 3822 3132 3878 ἅπαν
3164 3835 3265 3875 σοι
3301 3821 3366 3874 τὸ
3403 3819 3702 3883 ὑπήκοον.
3736 3819 3796 3869 Ei

2208 3921 2326 3990 μὲν
2345 3915 2461 3976 οὖν
2482 3918 2891 3988 περιαιρήσεις
2914 3917 2988 3970 τὰ
3010 3916 3233 3969 εἴδωλα
3275 3913 3396 3967 τῶν
3437 3909 3794 3980 ἐκκλησιῶν,

2213 4018 2386 4072 ἔσται
2415 4029 2514 4067 σοι
2545 4011 2643 4065 καί
2673 4012 2711 4080 ἠ
2747 4008 2858 4078 ζωὴ
2891 4009 2990 4063 καὶ
3019 4010 3058 4076 ἡ
3080 4006 3376 4073 ,βασιλεία
3405 4003 3711 4069 πολυετής
3740 4017 3796 4054 τε

2219 4106 2318 4162 καί
2348 4105 2607 4175 εὐτυχής
2628 4121 2642 4136 ·
2670 4105 2720 4158 εἰ
2749 4102 2818 4157 δὲ
2837 4101 2924 4172 μὴ
2952 4101 3152 4166 τοῦτο,
3179 4100 3318 4154 ἀλλ’
3333 4097 3537 4157 ἔλπιζε
3564 4094 3797 4165 ταχεῖαν

2219 4201 2336 4267 τὴν
2378 4199 2682 4252 ἔκπτωσιν
2723 4197 2823 4250 καί
2867 4193 3110 4264 ἀμφοῖν,
3159 4192 3257 4246 καί
3301 4192 3457 4259 πρὸς
3496 4191 3685 4256 ταύτῃ
3726 4201 3797 4240 σε

2220 4289 2508 4355 κολάσεις
2543 4287 2769 4342 αἰώνιοι
2807 4284 3203 4350 διαδέξονται.
3248 4283 3361 4336 Καὶ
3395 4283 3430 4336 -ό
3469 4281 3572 4351 μὲν
3611 4281 3792 4350 εἴρηκε

2220 4382 2416 4437 ταῦτα.
2450 4381 2509 4435 '0
2548 4379 2606 4433 δὲ
2661 4379 2812 4432 Λέων
2840 4376 3130 4447 θαυμάσας
3159 4374 3254 4429 τδν
3289 4373 3524 4445 μοναχὸν
3543 4412 3558 4436 ,
3589 4373 3689 4441 τῆς
3712 4369 3796 4436 δῆ-

532 4467 628 4521 θεν
673 4471 1041 4540 προγνώσεως
1079 4475 1239 4540 (οὐδὲ
1281 4476 1392 4545 γὰρ
1423 4476 1567 4545 έγνω
1594 4476 1688 4528 τοῦ
1715 4476 1974 4530 Θεοδότου
2005 4476 2064 4530 τὸ
2093 4473 2386 4546 τύρευμα)
2418 4472 2536 4541 ἥλω
2573 4471 2687 4534 τοῖς
2721 4469 2937 4522 ἐκείνου
2962 4469 3167 4536 λόγοις,
3196 4467 3295 4520 καὶ
3325 4467 3473 4521 κατά
3507 4465 3618 4518 τῶν
3643 4463 3791 4516 θείων

531 4564 950 4636 ἑκτυπωμάτων
981 4570 1324 4641 σφοδρότατα
1360 4571 1619 4635 ἔπνευσε,
1643 4571 1880 4641 δόγματι
1928 4571 2138 4624 τούτων
2170 4567 2439 4622 πάντοθεν
2486 4564 2814 4636 καθαίρεσιν
2871 4561 3426 4631 καταψηφισάμενος.
3456 4557 3662 4612 Ἤθελε
3689 4551 3792 4627 (90)

537 4656 724 4726 μέντοι
745 4661 841 4713 καὶ
864 4659 957 4713 τὸν
987 4664 1340 4734 πατριάρχην
1369 4663 1516 4734 ἔχειν
1549 4662 1858 4733 ὁμόψηφον.
1903 4663 1965 4716 '0
1999 4661 2057 4714 δὲ
2085 4660 2181 4714 καὶ
2214 4658 2511 4728 ἀντέλεγεν
2548 4656 2811 4728 ἰσχυρῶς,
2853 4657 2951 4711 καὶ
2982 4654 3184 4718 ἀσεϐὲς
3233 4652 3505 4722 ὲξήλεγχε
3536 4653 3599 4704 τὸ
3623 4651 3794 4717 δόγμα

535 4749 637 4806 καὶ
658 4751 840 4822 λόγοις
881 4756 976 4810 καὶ
1006 4757 1357 4827 γράμμασιν.
1405 4758 1465 4811 '0
1488 4757 1765 4820 θειότατος
1797 4750 1954 4820 οὗτος
1981 4751 2050 4828 ἦν
2082 4751 2423 4824 Νικηφόρος,
2462 4751 2542 4804 διὸ
2576 4754 2673 4804 καὶ
2710 4749 2987 4820 ὑπερορίᾳ
3049 4748 3384 4818 κατακρίνει
3438 4745 3531 4799 τὸν
3561 4747 3789 4800 δίκαιον.

537 4845 777 4920 Λέγεται
798 4851 855 4904 δὲ
883 4849 1280 4922 προαισθέσθαι
1309 4849 1404 4904 τοῦ
1432 4850 1664 4914 Λέοντος
1693 4849 1754 4903 τδ
1781 4849 2126 4919 κακότροπον
2157 4851 2185 4902 ό
2213 4847 2461 4918 ἀοίδιμος
2492 4843 2833 4914 Νικηφόρος.
2885 4840 2962 4904 ὡς
2995 4839 3152 4893 ἔσται
3181 4841 3296 4903 τοῖς
3323 4839 3634 4910 ὀρθοδόξοις
3676 4834 3794 4889 σκό-

538 4943 643 5018 λοψ
671 4947 770 5002 καὶ
797 4943 1058 5015 κυδοιμοῦ
1086 4948 1211 5008 ταῖς
1251 4943 1609 5012 Ἐκκλησίαις
1637 4941 1800 5010 λαϐή.
1849 4940 1938 4993 Ἐν
1987 4940 2098 5011 γὰρ
2131 4939 2211 5011 τῷ
2262 4936 2607 5009 περιτιθέναι
2661 4937 2731 5006 τῇ
2786 4933 3002 5005 κεφαλῇ
3027 4930 3192 4985 αὑτοῦ
3243 4931 3305 4984 τὸ
3365 4929 3633 5001 διάδημα,
3655 4927 3793 4994 δόξαι

541 5039 787 5105 ἀκάνθας
815 5039 1136 5109 ἐμπαγῆναι
1164 5035 1331 5092 αὑτοῦ
1361 5039 1426 5106 τῇ
1450 5035 1620 5106 χειρί.
1667 5035 1728 5090 Ὀ
1759 5035 1858 5104 μὲν
1888 5029 1982 5087 οὖν
2011 5034 2259 5103 ἀπήγετο
2292 5030 2432 5102 πρὸς
2484 5029 2886 5101 Προικόννησον
2911 5026 3227 5096 ὑπερόριος,
3255 5023 3285 5076 ό
3317 5024 3380 5078 δὲ
3409 5023 3506 5076 τοῦ
3541 5021 3785 5090 Μεγάλου

534 5136 738 5208 ’Δγροῢ
773 5135 1210 5210 καθηγούμενος,
1235 5135 1264 5188 ό
1291 5133 1634 5204 ὁμολογητὴς
1663 5133 1945 5201 Θεοφάνης
1973 5131 2088 5201 (91)
2121 5130 2200 5200 τῷ
2224 5129 2502 5200 πνεύματι
2535 5128 2636 5196 τὴν
2664 5125 2878 5179 ἐκείνου
2899 5123 3074 5177 δίοδον
3103 5119 3364 5190 ἐγνωκὼς
3393 5119 3490 5188 (οὐ
3518 5119 3628 5190 γὰρ
3656 5116 3790 5210 ἐώρα

543 5231 855 5305 τδνάγιον)
888 5207 1094 5305 κηροὺς
1118 5231 1354 5303 ἀνάψας,
1397 5231 1494 5286 καὶ
1532 5229 1746 5301 θυμιῶν
1778 5227 2094 5301 πόρρωθεν,
2122 5223 2395 5290 ἐδεξιοῦτο
2422 5222 2588 5276 αὑτὸν
2621 5221 2717 5276 καὶ
2739 5217 3067 5291 προέπεμπε
3095 5231 3110 5246 ’
3148 5215 3404 5277 κάκεῖνος
3433 5210 3592 5274 αὖθις
3618 5211 3682 5262 ἐκ
3703 5207 3790 5278 τῆς

1723 5362 1930 5425 Variae
1957 5361 2265 5424 lectiones
2307 5364 2366 5421 et
2415 5362 2609 5419 notae.

619 5493 758 5565 (89),
803 5493 1076 5565 Ἕτερον.
1129 5492 1183 5547 Is
1231 5490 1487 5565 Sabatius
1533 5489 1852 5565 vocabatur.
1899 5485 2122 5565 Contin.
2156 5487 2205 5546 D
2304 5483 2416 5565 ςεο)
2450 5483 2686 5563 ’ξΕθελε.
2725 5478 3005 5565 Accersito
3143 5477 3479 5565 Nicephoro,
3515 5470 3797 5565 Lcohirllt'l:

551 5538 804 5635 'nié'éﬁh.
1060 5538 1183 5632 cap:
1227 5538 1852 5633 ῐὶῗὲἱὲιῖεόιῖῑόέόῐιὲζ
1887 5538 2130 5613 "Talai
2157 5538 2196 5546 ⁷
2235 5538 2513 5635 colloquio
2545 5567 2669 5635 cum
2704 5565 2784 5635 eo_
2824 5549 3035 5635 habito,
3080 5550 3229 5635 hunc
3265 5538 3316 5600 in
3351 5552 3712 5635 ξυοε-Ξρεξιιιξε
3727 5538 3799 5635 al-

553 5613 804 5690 5|'{i:""'
843 5613 939 5618 ’⁷-⁷
983 5613 1021 5628 ”
1066 5613 1181 5632 ﬁ"
1232 5613 1311 5617 η’
1362 5613 1546 5633 Vm"
1583 5613 1598 5614 ί
1638 5613 1781 5631 ““⁰“⁷
1835 5613 1845 5615 ἡ
2234 5613 2414 5680 licere'
2433 5631 2665 5677 conatus
2707 5613 3800 5692 esttilludpluribusdespripsillg'ﬁ‘

628 5681 1080 5777 lép‘LQeoddtg).
1137 5702 1270 5777 Ἀπδ
1312 5699 1780 5777 σπαθαρέων,“1ῗκ
1818 5697 2105 5777 spathariis

2237 5696 2354 5777 tius
2380 5693 2671 5777 diaconus,
2716 5691 2772 5744 in
2809 5690 2930 5746 Vita
2980 5681 3232 5761 ejusdem
3258 5681 3581 5748 Nicephori,
3603 5696 3719 5750 cap.
3747 5681 3794 5737 6.

555 5764 697 5842 apud
745 5764 1192 5831 Theosterictum
1249 5773 1305 5828 in
1350 5771 1471 5829 Vita
1505 5764 1583 5827 'S.
1633 5764 2135 5828 Nicetae'Conless.
2237 5765 2290 5827 7,
2321 5764 2496 5842 ‘8_»,__9.‘
2640 5831 2652 5842 Ι
2833 5831 2867 5842 _
2952 5830 2986 5842 Α.

562 5812 697 5842 ΙΙμΙΙυ
761 5812 781 5826 Ι
799 5812 1006 5829 ΙΙνυδ-“¹Ι
1021 5812 1192 5831 ινυυιι.
1249 5812 1305 5828 ΙΙΙ
1367 5812 1382 5829 '
1399 5812 1471 5828 |.“
1526 5812 1583 5827 νο
1633 5812 1837 5828 ιιινν-νν
1885 5812 2105 5826 ννιιινυ-

681 5845 710 5858 -

562 5860 620 5898 η.
645 5845 734 5900 '54.

2247 5812 2290 5827 ﬂ
2314 5812 2789 5905 (δίίὸεοειὰνης.
2825 5830 3193 5889 Continuator
3219 5826 3473 5899 Thcoph.
3508 5824 3549 5880 Ι.
3576 5837 3614 5887 ι,
3637 5836 3688 5875 ιι.
3721 5812 3804 5871 l6.
