4068 6438
281 405 416 469 1Ἱῗ3
1502 414 1906 476 ANNALIUM
1950 417 2098 480 LIB.
2147 419 2273 478 XV.
3393 429 3528 494 1374

278 520 406 588 νηὸς
438 521 896 592 προσκυνήμασιν
920 523 1184 593 ἠμείϐετο
1221 524 1315 578 τὸν
1345 526 1772 595 προπέμποντα,
1811 525 1941 597 μήθ’
1989 528 2154 598 ὁρῶν,
2183 532 2318 599 μήτε
2355 527 2540 600 μέντοι
2569 531 2870 604 ὁρώμενος.
2921 536 3325 608 Θαυμαζόντων
3351 542 3399 594 δ’
3431 547 3528 600 ἐπὶ

271 613 447 688 τούτῳ
476 616 584 669 τῶν
622 617 891 687 σύμπλων
916 619 990 690 τῷ
1021 620 1365 692 πατριάρχῃ,
1394 621 1490 674 καὶ
1526 621 1852 691 πυθομένων
1872 621 1980 675 τίνι
2003 623 2103 688 τὰς
2135 627 2542 697 προσκυνήσεις
2574 629 2813 697 ἀφοσιοῖ,
2847 629 3053 696 ἐκεῖνος
3085 632 3213 703 ἔφη,
3252 635 3334 700 Τῷ
3385 641 3530 706 ὀμο-

271 711 502 782 λογητῇ
525 713 812 782 Θεοφάνει
855 713 938 781 τῷ
976 717 1287 786 καθηγητῇ
1327 716 1436 772 τοῦ
1476 717 1761 788 Μεγάλου
1797 717 2036 787 ’Λτροῦ,
2068 721 2352 792 προειπὼν
2373 719 2473 792 τὴν
2508 721 2836 792 ὁμολογίαν·
2880 723 3034 778 οὔπω
3083 727 3190 797 γὰρ
3221 727 3361 799 ἔφθη
3408 731 3528 786 τότε

271 807 482 875 ταύτης
512 803 788 870 ἀξιωθείς.

345 899 429 952 κν.
495 895 887 966 Ἐκὸληθέντος
935 900 980 954 δ’
1032 900 1147 971 (92)
1195 901 1338 955 οὕτω
1386 901 1485 970 τῆς
1527 900 1855 970 Ἐκκλησίας

2029 901 2146 958 XX.
2187 902 2514 958 Venerando
2545 903 2857 974 Nicephoro
2895 905 2976 960 sic
3001 906 3230 962 ecclesia
3269 910 3446 978 pulso,
3475 911 3530 966 in

270 991 366 1045 τοῦ
399 993 598 1046 σεπτοῦ
634 991 978 1063 Νικηφόρου,
1007 996 1035 1047 ὀ
1087 994 1427 1066 Μελισσηνὸς
1475 995 1586 1066 (95)
1633 996 1849 1047 ἀντεισ-

273 1083 416 1153 ήιθη
466 1082 746 1148 Θεόδοτος,
784 1077 828 1151 ᾧ
865 1082 1134 1154 διώνυμον
1173 1084 1232 1138 τὸ
1269 1086 1554 1156 ἐπώνυμον
1579 1100 1594 1115 ⁸
1629 1084 1851 1152 ἐλέγετο

270 1175 382 1244 γὰρ
432 1175 528 1228 καὶ
573 1177 934 1246 Κασσιτηρᾶς
959 1192 972 1204 ·
1019 1177 1142 1230 ὅθεν
1191 1177 1249 1231 δὲ
1283 1179 1521 1248 γνωστὸς
1552 1179 1628 1249 τῷ
1657 1180 1850 1234 Λέοντι

273 1265 518 1334 γέγονεν,
573 1265 633 1317 οὐ
689 1265 865 1336 χρεὼν
923 1267 1248 1320 καταλιπεῖν
1304 1268 1684 1340 ἀνιστόρητον.
1742 1269 1848 1323 Τοῦ

275 1354 497 1427 Μιχαὴλ
525 1356 619 1409 τοῦ
666 1356 940 1425 Ῥαγγαϐἐ
973 1357 1373 1428 βασιλεύοντος,
1405 1359 1632 1428 γύναιόν
1660 1377 1714 1413 τι
1739 1360 1849 1414 τῶν

276 1449 408 1516 περὶ
437 1449 535 1519 τὴν
561 1451 951 1518 γυναικωνῖτιν
984 1450 1094 1503 τῶν
1127 1450 1441 1520 βασιλείων,
1472 1451 1704 1522 κάτοχον
1742 1468 1848 1521 μα-

275 1541 367 1612 νία
397 1541 690 1610 γινόμενον
724 1539 869 1595 κατὰ
901 1541 1000 1604 τὰς
1033 1542 1360 1610 σεληνιακὰς
1394 1543 1691 1610 περιόδους,
1722 1543 1851 1595 ἐϐόα

275 1634 416 1704 πρδς
450 1633 540 1687 τὸν
576 1633 979 1705 αὐτοκράτορα,
1028 1635 1312 1700 Κὰτελθε,
1363 1634 1482 1689 τῶν
1514 1635 1853 1704 ἀλλοτρίων

277 1725 589 1790 ἐξίστασοο
620 1726 778 1780 τοῦτο
805 1727 852 1779 δ’
881 1726 978 1798 οὐχ
1009 1726 1178 1793 ἅπαξ,
1216 1727 1352 1784 ἀλλὰ
1391 1727 1713 1806 πλειστάκις
1741 1727 1854 1796 ἐγί-

278 1834 421 1884 νετο,
475 1818 572 1872 καὶ
620 1819 713 1872 τὸν
757 1817 982 1887 βασιλέα
1031 1820 1322 1890 ἐτάραττε.
1365 1819 1593 1892 Συνήθει
1634 1819 1690 1872 δὲ
1739 1819 1851 1873 ὄντι

196 1899 205 1910 ’
277 1909 354 1980 τῷ
385 1910 625 1981 Θεοδότῳ
653 1909 828 1982 τούτῳ
867 1910 1144 1966 κοινοῦται
1173 1914 1272 1976 τὰς
1304 1912 1399 1966 τοῦ
1433 1912 1656 1982 γυναίου
1703 1911 1852 1978 βοὰς,

280 2004 378 2058 καὶ
424 2005 516 2068 ὅς’
547 2005 734 2059 Ὅταν
773 2007 1002 2076 ληφθῇ,
1045 2007 1234 2078 φησὶν,
1273 2007 1311 2076 ἠ
1350 2007 1504 2078 γυνὴ
1535 2005 1608 2074 τῇ
1644 2005 1852 2075 μανίᾳ,

280 2098 378 2153 καί
391 2097 513 2167 ,ϐοᾷ
539 2099 610 2154 τὰ
630 2097 895 2165 συνήθη,
937 2100 1050 2168 χρὴ
1072 2097 1399 2169 ἐρωτᾶσθαι
1413 2099 1571 2168 παρά
1586 2117 1711 2162 του,
1731 2100 1852 2151 τίγι

293 2189 677 2258 προσήκουσι
719 2191 792 2245 τὰ
819 2192 1110 2255 ,βασίλεια
1159 2192 1295 2262 (94),
1324 2192 1421 2245 καί
1455 2188 1611 2256 ὅπως
1626 2189 1857 2252 ἐκεῖνος

283 2281 526 2335 καλοῖτο
552 2298 573 2348 ;
600 2281 638 2350 ἦ
670 2271 795 2342 οἷός
820 2283 951 2336 ἐστι
978 2283 1092 2350 τὴν
1107 2283 1381 2352 μορφὴν,
1413 2281 1510 2336 καί
1541 2281 1597 2334 εἴ
1622 2299 1677 2335 τι
1703 2279 1858 2334 ἄλλο

282 2370 496 2436 ἐκείνῳ
527 2373 820 2439 πρόσεστι
869 2371 1209 2442 γνώρισμαο
1248 2372 1465 2436 Ἔδοξεν
1492 2365 1586 2424 οὖν
1633 2372 1664 2439 ἡ
1716 2386 1856 2440 συμ-

285 2463 451 2536 ϐουλὴ
484 2466 702 2535 συνετή·
736 2464 829 2518 καὶ
862 2464 1026 2529 αὐτὸς
1081 2464 1398 2518 πιστεύεται
1432 2462 1529 2533 τὴν
1563 2461 1855 2534 ἐρώτησιψ

285 2558 380 2610 καὶ
410 2558 442 2627 ἠ
475 2557 736 2627 παιδίσκη
773 2559 1007 2626 μανεῖσα
1041 2558 1223 2621 πάλιν,
1251 2558 1382 2611 ἐϐόα
1438 2557 1579 2611 κατὰ
1629 2557 1690 2610 τὸ
1731 2556 1858 2608 σύν-

284 2649 436 2719 ηθες,
467 2648 495 2701 ὀ
523 2648 578 2701 δέ
602 2649 812 2719 ἠρώτα.
848 2649 1092 2720 Κάκείνη
1125 2650 1220 2703 καὶ
1249 2649 1491 2720 τοῦνομα
1512 2647 1606 2701 τοῦ
1630 2648 1860 2710 Λέοντος

287 2739 649 2810 ἀπεφοίϐασε,
683 2741 777 2795 κα).
805 2743 906 2812 τὴν
939 2742 1136 2808 εἰδέαν,
1164 2742 1259 2796 καὶ
1292 2743 1375 2795 ὅτι
1401 2757 1413 2772 ·
1459 2743 1521 2795 Εἰ
1561 2743 1685 2811 ἄρτι
1720 2739 1862 2793 κατὰ

286 2833 387 2904 τὴν
425 2833 748 2904 Ἀκρόπολιν
789 2833 1091 2906 ἁπελεύσῃ,
1128 2835 1289 2906 ἄνδρε
1341 2851 1422 2887 σοι
1455 2833 1618 2887 διττὼ
1668 2849 1864 2885 συναν-

285 2927 565 2998 τήσονται,
617 2926 713 2982 καὶ
759 2926 972 2998 θατέρῳ
1020 2926 1246 2992 τούτων,
1277 2927 1358 2982 ,ὃν
1405 2929 1629 2998 ἡμίονος
1682 2925 1860 2993 φέρει,

291 3020 632 3092 προσήκουσι
671 3020 741 3074 τὰ
774 3021 1043 3091 βασίλεια.
1077 3021 1237 3076 Τοῦτ’
1265 3021 1508 3082 ἀκούσας
1541 3021 1568 3072 ό
1608 3018 1863 3080 Θεόδοτος

287 3112 448 3167 οὐδὲν
497 3111 598 3182 μὲν
645 3112 724 3184 τῷ
765 3113 979 3183 βασιλεῖ
1021 3111 1326 3181 πεποίηκεν
1383 3111 1676 3171 ἔκπυστον,
1725 3107 1864 3161 ἀλλὰ

291 3205 495 3276 μανίας
521 3204 706 3273 ἔλεγεν
736 3200 876 3257 εῖναι
905 3203 1131 3274 ῥήματα
1162 3204 1229 3258 τὰ
1251 3204 1349 3272 τῆς
1377 3202 1694 3272 παιδίσκης,
1730 3200 1864 3270 μήτι

289 3296 465 3367 σαφὲς
500 3294 905 3367 προμηνύοντα.
936 3294 1109 3358 Αὐτὸς
1154 3294 1211 3347 δέ
1257 3292 1548 3363 πορευθεὶς
1593 3291 1735 3345 κατὰ
1764 3293 1864 3360 τὴν

303 3387 627 3460 Ἀκρόπολιν
674 3386 770 3441 καὶ
810 3386 888 3457 τῷ
933 3386 1124 3440 Λέοντι
1169 3383 1411 3456 ἐντυχὼν
1445 3383 1541 3437 καὶ
1567 3383 1634 3436 τὰ
1661 3381 1867 3453 γνωρί-

1949 995 2070 1066 ejus
2101 995 2285 1051 locum
2322 997 2674 1052 introductus
2707 1008 2791 1053 est
2827 998 3148 1055 Theodotus
3186 1001 3530 1064 Melisseuus,

1950 1085 2040 1140 cui
2093 1086 2291 1156 duplex
2318 1096 2436 1142 erat
2465 1098 2888 1158 cognomentum
2938 1109 2951 1143 :
2979 1106 3105 1144 nam
3136 1099 3192 1145 et
3226 1090 3532 1148 Cassiteras

1951 1180 2260 1246 dicebatur,
2289 1183 2383 1252 qui
2419 1183 2566 1238 unde
2595 1185 2647 1238 in
2681 1183 2882 1240 Leonis
2910 1185 3160 1241 notitiam
3191 1188 3529 1256 pervenerit,

1951 1289 2062 1328 non
2106 1282 2192 1329 est
2263 1275 2820 1343 praetermittendum.
2883 1275 3149 1332 Michaele
3231 1277 3532 1346 Rhangabe

1953 1367 2281 1436 imperante,
2309 1368 2636 1422 muliercula
2682 1367 2932 1438 quaedam
2970 1384 3036 1424 ex
3081 1384 3336 1440 gynaeceo
3373 1370 3526 1442 131

1954 1455 2329 1525 imperatorio,
2376 1456 2443 1511 ad
2488 1457 2712 1512 lunares
2743 1457 3011 1512 circuitus
3061 1459 3249 1513 furore
3299 1461 3528 1528 percita,

1952 1546 2019 1600 ad
2064 1563 2190 1602 cum
2239 1548 2592 1614 clamitabat,
2643 1548 2947 1615 Descende,
2989 1551 3172 1605 alienis
3219 1552 3386 1604 cedite
3421 1567 3438 1604 :
3475 1549 3530 1603 id

1953 1654 2065 1693 non
2091 1641 2281 1706 semel,
2319 1640 2414 1696 sed
2445 1641 2746 1710 saepissime
2775 1641 2981 1697 factum
3020 1642 3262 1696 turbavit
3298 1643 3536 1712 impera-

1958 1740 2131 1787 torem
2167 1751 2179 1786 :
2214 1733 2398 1801 itaque
2443 1733 2732 1790 Theodoto
2757 1775 2771 1796 ,
2802 1749 2912 1804 quo
2959 1734 3304 1788 familiariter
3336 1734 3530 1788 uteba-

1956 1830 2066 1885 tur,
2100 1822 2439 1877 mulierculae
2466 1824 2886 1878 vociferatioucs
2921 1824 3165 1893 exponit.
3217 1824 3354 1878 Tum
3389 1824 3479 1878 ille
3515 1841 3530 1876 :

1962 1913 2079 1978 Ubi,
2117 1915 2331 1985 inquit’,
2365 1924 2537 1968 mente
2574 1915 2813 1969 alienata
2845 1916 3031 1985 fuerit,
3066 1926 3114 1969 et
3149 1916 3211 1968 de
3247 1932 3389 1968 more
3420 1916 3533 1969 cla-

1957 2007 2203 2070 mitarit,
2253 2008 2610 2077 interrogetur
2661 2007 2727 2061 ab
2793 2007 3010 2078 aliqua,
3071 2008 3138 2060 ad
3185 2022 3336 2076 quem
3389 2007 3534 2075 regia

1957 2099 2236 2168 pertineat,
2273 2099 2412 2168 quod
2441 2101 2487 2152 ei
2519 2115 2706 2152 nomen
2729 2101 2816 2164 sit,
2836 2115 2936 2169 qua
2959 2100 3153 2168 forma,
3179 2115 3339 2168 quam
3367 2098 3534 2151 aliam

1961 2201 2139 2245 notam
2187 2191 2397 2244 habeat.
2437 2190 2494 2244 Id
2526 2191 2818 2245 consilium
2855 2189 3096 2260 prudens
3118 2190 3294 2244 visum
3320 2228 3333 2252 ,
3363 2189 3536 2242 inter-

1961 2283 2186 2353 rogandi
2224 2297 2424 2336 munus
2472 2282 2574 2352 ipsi
2621 2282 2994 2338 commissum.
3037 2281 3173 2335 Cum
3229 2281 3394 2351 igitur
3439 2295 3538 2348 pro

1961 2391 2057 2430 sua
2101 2373 2502 2429 consuetudine
2554 2372 2763 2427 insania
2801 2381 3054 2441 correpta
3100 2372 3537 2436 vociferaretur,

1961 2475 2116 2536 rogat
2149 2481 2292 2520 eam.
2328 2464 2420 2518 illa
2469 2477 2525 2518 et
2555 2480 2756 2519 nomen
2787 2465 2985 2520 Leonis
3023 2473 3079 2519 et
3128 2465 3358 2519 formam
3405 2479 3537 2518 nar-

1961 2571 2045 2614 rat
2079 2575 2093 2612 :
2127 2566 2290 2627 atque
2330 2557 2428 2622 ait,
2477 2557 2522 2612 si
2568 2557 2680 2627 jam
2723 2573 2792 2613 ex
2842 2557 3094 2626 Acropoli
3145 2556 3538 2626 egrederetur,

1963 2649 2183 2704 obviam
2217 2649 2266 2704 ei
2299 2649 2516 2704 futuros
2536 2664 2657 2704 csse
2683 2649 2824 2704 duos
2850 2649 3018 2714 viros,
3046 2664 3280 2718 quorum
3310 2646 3540 2703 alterius

1963 2743 2056 2814 qui
2093 2743 2242 2796 mulo
2274 2741 2572 2796 veheretur
2600 2750 2748 2797 esset
2788 2742 3103 2811 imperium.
3147 2741 3241 2795 His
3287 2739 3544 2794 Theodo-

1967 2846 2054 2892 tus
2099 2835 2325 2900 audit-is,
2384 2835 2702 2905 imperatori
2762 2835 2898 2888 nihil
2951 2835 3187 2890 retulit:
3228 2833 3321 2888 scd
3373 2832 3540 2887 verba

1964 2929 2160 3000 puella:
2196 2929 2264 2983 ab
2289 2927 2499 2982 insania
2531 2927 2805 2996 proﬁcisci
2838 2925 2998 2988 dixit,
3024 2926 3160 2981 certi
3192 2925 3327 2980 nihil
3353 2925 3534 2979 decla-

1965 3021 2162 3077 rantia.
2199 3021 2318 3090 Ipse
2344 3033 2474 3076 vero
2497 3020 2562 3074 ad
2607 3019 2920 3089 Acropoli-m
2958 3033 3241 3089 egressus.
3291 3017 3346 3074 in
3403 3015 3542 3071 Leo-

1965 3128 2090 3168 nem
2127 3113 2341 3177 incidit,
2367 3129 2434 3166 ac
2467 3110 2683 3165 iudiciis
2708 3126 2830 3179 quae
2861 3109 3185 3170 muliercula
3215 3108 3542 3178 praedixerat

1966 3205 2186 3276 agnitis,
2241 3205 2455 3259 seducit
2505 3202 2709 3267 virum,
2771 3201 2987 3270 fideque
3041 3200 3165 3254 data
3215 3208 3273 3254 et
3317 3210 3540 3269 accepta

1968 3297 2258 3367 imperium
2289 3295 2338 3351 ei
2387 3293 2740 3364 praenuntiat,
2788 3290 2936 3367 quod
2983 3291 3172 3346 divino
3219 3290 3401 3344 alllatu
3451 3305 3545 3344 co-

1964 3366 2287 3459 guovissct,
2344 3387 2591 3456 petitque
2654 3366 3028 3454 praedictionis
3086 3391 3212 3452 post
3283 3390 3543 3435 eventum

293 3499 504 3553 σματα,
551 3480 588 3536 ὃ.
632 3481 698 3534 τὸ
743 3480 968 3549 γύναιον
1026 3479 1240 3550 εἰρήκει
1298 3477 1588 3548 φωράσας,
1627 3476 1733 3548 ἰδίᾳ
1775 3476 1863 3530 τὸν

1969 3479 2492 3536 remunerationem.
2518 3475 2632 3531 Hoc
2662 3485 2822 3546 pacto
2851 3474 3172 3530 Theodotus
3200 3473 3458 3536 innotuit,
3490 3482 3546 3527 et

293 3575 469 3647 ἄνδρα
497 3571 833 3644 παραλαῦὼν
862 3571 956 3626 καὶ
987 3571 1200 3634 πίστεις
1225 3569 1472 3632 δεδωκώς
1502 3586 1562 3623 τε
1587 3568 1684 3622 καί⁵
1717 3568 1863 3637 είλη-

1973 3570 2262 3626 familiaris
2299 3569 2479 3624 factus
2505 3578 2590 3623 est
2630 3566 2802 3622 Leoni
2833 3574 2925 3622 :et
2969 3572 3098 3636 post
3133 3572 3378 3619 amotum
3422 3579 3549 3618 san-

291 3670 434 3736 φὼς,
485 3666 800 3737 προμηνύει
849 3664 950 3735 τὴν
994 3664 1274 3735 βασιλείαν
1322 3662 1493 3734 αὐτῷ,
1521 3663 1599 3726 ὡς
1651 3661 1710 3727 ἐξ
1751 3664 1863 3716 ἐπι-

1971 3671 2121 3717 ctum
2183 3661 2596 3731 Nicephorum,
2653 3659 2775 3714 vice
2829 3656 3298 3712 remunerationis
3360 3657 3544 3711 sedem

291 3759 487 3822 πνοίας
516 3757 796 3826 θειοτέρας
825 3754 999 3824 αὐτὴν
1035 3754 1290 3824 μυηθεὶς,
1325 3753 1420 3807 καὶ
1445 3752 1567 3824 ᾔτει
1601 3751 1743 3822 μετὰ
1771 3751 1863 3822 τὴν

1968 3754 2634 3826 Constantinopolitanam
2683 3752 2950 3808 obtinuit.
2990 3751 3035 3806 0
3061 3751 3397 3821 iudiciorum
3446 3748 3545 3805 Dei

292 3850 522 3905 ἑκϐασιν
590 3847 876 3902 κείσεσθαι
931 3847 982 3900 οί
1043 3846 1238 3917 μισθὸν
1312 3845 1412 3915 τῆς
1490 3846 1863 3917 προρρήσεως.

1971 3847 2227 3917 abyssum
2280 3841 2930 3913 incomprehensibileml
2969 3855 3132 3910 quem
3164 3840 3288 3909 quis
3329 3847 3413 3892 est
3456 3852 3549 3892 se-

298 3937 471 4007 Οὗτος
514 3943 544 3996 ὀ
587 3941 792 4012 τρόπος
825 3938 1092 4010 ἐγνώρισε
1135 3939 1231 3993 καὶ
1265 3938 1514 4009 ᾠκείωσε
1554 3937 1632 4008 τῷ
1677 3937 1863 3991 Λέοντι

1971 3938 2172 3995 cutus?
2217 3935 2486 3992 Caeterum
2543 3934 2709 3988 homo
2761 3932 3006 3988 nefarius
3067 3945 3223 3987 sacra
3285 3928 3548 3984 cathedra

297 4035 392 4090 τὴν
439 4032 712 4097 Θεόδοτον,
743 4031 839 4084 καὶ
868 4031 1029 4099 ἔσχεν
1065 4031 1146 4091 είς
1188 4027 1518 4099 ἀντάμειψιν
1560 4027 1659 4096 τῆς
1700 4027 1874 4098 προρ-

306 4127 519 4200 ρήσεως
567 4122 708 4196 μετὰ
735 4123 827 4177 τὸν
865 4121 1010 4192 ἱερὸν
1059 4121 1378 4191 Νικηφόρον
1415 4119 1507 4174 τὸν
1537 4118 1726 4192 θρόνον
1760 4118 1870 4189 (95)

298 4219 402 4290 τῆς
446 4214 1098 4278 Κωνσταντινουπόλεως.
1151 4213 1220 4268 ’Ὢ
1271 4212 1562 4284 κριμὰτων
1615 4211 1875 4282 ἀρρήτων

299 4312 406 4384 τῆς
457 4309 608 4374 θείας
656 4307 958 4380 προνοίαςί
1021 4305 1161 4378 μετὰ
1222 4306 1348 4360 τίνα
1400 4306 1521 4369 τίςι
1598 4305 1758 4376 Ἀρτι
1817 4301 1874 4356 δὲ

302 4402 539 4468 ἀναξίως
565 4402 665 4472 τῆς
693 4401 845 4472 ἱερᾶς
868 4400 1144 4471 καθέδρας
1192 4399 1391 4463 ἐπιϐὰς
1425 4401 1454 4454 ὁ
1481 4398 1716 4466 ἀνόσιος,
1749 4397 1875 4451 ἐπεὶ

307 4493 592 4569 συμπνοῦν
631 4495 728 4549 καὶ
770 4492 862 4548 τὸν
907 4492 1215 4564 κρατοῦντα
1243 4492 1533 4563 ἐκέκτητο,
1582 4493 1876 4563 πεπαρρη-

307 4587 603 4659 σιασμένος
651 4585 750 4659 τὴν
802 4585 946 4641 κατὰ
999 4585 1107 4640 τῶν
1155 4583 1329 4654 ἁγίων
1381 4584 1607 4638 εἰκόνων
1667 4583 1877 4654 τόλμαν

311 4683 738 4756 μετεχειρίζετο.
775 4681 888 4737 Καὶ
937 4683 966 4735 ὁ
1001 4680 1154 4734 Λέων
1191 4679 1248 4733 δέ
1278 4679 1355 4744 ὼς
1402 4678 1592 4751 θηρίον
1627 4683 1741 4743 τοῖς
1780 4679 1880 4742 τὰς

310 4775 517 4841 σεπτὰς
547 4775 958 4847 στηλογραφίας
983 4773 1150 4844 τιμᾷν
1181 4770 1430 4826 ἐθέλουσι
1480 4771 1878 4842 προσεφέρετο.

1970 4029 2135 4086 modo
2173 4027 2404 4097 indigno
2438 4039 2734 4083 conscensa
2761 4063 2777 4089 ,
2824 4038 2947 4078 cum
2997 4022 3385 4092 imperatorem
3427 4018 3548 4075 suf-

1967 4123 2298 4195 fragatorem
2352 4119 2614 4182 haberet,
2665 4119 2926 4172 audacter
2972 4114 3026 4169 in
3069 4128 3253 4170 sacras
3283 4111 3549 4182 imagines

1969 4225 2055 4272 est
2082 4221 2382 4288 grassatus.
2413 4211 2525 4267 Leo
2553 4209 2682 4266 item
2715 4210 2892 4266 instar
2924 4207 3123 4262 belluas
3158 4204 3426 4260 tractabat
3451 4217 3549 4257 cos

1972 4309 2065 4379 qui
2107 4305 2450 4361 venerandas
2482 4310 2692 4359 statuas
2727 4302 3000 4357 honorare
3037 4299 3260 4353 vellent.
3310 4296 3446 4351 Nam
3493 4305 3549 4348 et

1974 4415 2004 4455 a
2034 4397 2320 4456 Theodoto
2350 4396 2467 4466 ipso
2491 4391 2917 4464 exasperabatur
2937 4430 2953 4456 ,
2987 4396 3044 4445 et
3094 4389 3163 4444 ab
3211 4385 3546 4456 imperatorii

1973 4492 2106 4548 cleri
2138 4491 2415 4561 praafecto,
2442 4503 2604 4559 quem
2635 4484 3030 4557 protopsaltem
3053 4483 3238 4536 vocari
3266 4489 3548 4550 receptum

1973 4595 2078 4642 est.
2110 4586 2211 4653 Qui
2245 4600 2370 4641 cum
2397 4591 2557 4640 sectae
2580 4577 3068 4637 Iconomachorum
3101 4572 3375 4629 turbidam
3427 4586 3546 4639 per-

1976 4679 2293 4734 versitatem
2361 4675 2432 4732 ad
2498 4674 2804 4729 satietatem
2875 4666 3194 4731 hausisset,
3254 4664 3553 4734 instigabat

1979 4769 2394 4839 imperatorem,
2420 4774 2483 4822 ut
2510 4762 2778 4837 imagines
2805 4757 3010 4834 passim
3044 4759 3285 4814 tolleret.
3313 4758 3383 4819 Et
3427 4769 3552 4812 cum

1465 4955 1664 5018 Variae
1692 4954 1994 5017 lectid’nes
2038 4959 2100 5017 et
2144 4957 2335 5015 notas.

390 5131 502 5203 (9%
555 5131 986 5194 Ἐκὸληθέντος
1037 5131 1125 5190 δὲ,
1182 5134 1292 5179 etc.
1341 5131 1398 5177 δ.
1446 5131 1740 5190 Nicephori
1781 5135 1882 5188 pa»

318 5203 577 5260 triarchat
609 5198 856 5268 reliquias
887 5205 1076 5268 postea
1117 5193 1648 5268 Constantinopolim
1677 5191 1883 5268 relatas,

555 5126 986 5194 Ἐκὸληθέντος
1037 5124 1142 5194 δὲ,
1182 5134 1292 5179 etc.
1341 5121 1398 5194 S,
1445 5120 1753 5194 Nicephori
1781 5135 1863 5188 ραι

1984 5117 2094 5174 τῶν
2125 5109 2626 5194 είκονοιιαχούντων
2673 5100 3554 5194 αίρέσεωςρςηλοι-τῂνχοὲςόμε-

1987 5171 2096 5250 νον,
2127 5171 2719 5254 κληρικδνέάποκείρας
2820 5171 3283 5254 ποιμδέϐηλοξτῷ
3312 5171 3413 5254 τῇς
3458 5171 3556 5254 ᾗσι-

889 5240 1226 5336 ﬂammai};
1299 5240 1538 5334 Synaxin
1612 5261 1863 5316 celebrari

1986 5240 2188 5338 σιλίδος
2219 5240 2458 5338 import.
2511 5240 2712 5338 ρρρξιῳξ
2761 5240 3315 5338 Πρηξίοίξεεεηοξὲιξιη
3349 5240 3554 5338 {impia

318 5343 491 5400 Graeci
527 5342 596 5394 15
629 5338 830 5394 Martii.

392 5413 505 5484 (95)
553 5412 617 5464 ὀ
655 5407 1055 5484 palmam-dc.
1109 5405 1195 5484 _De
1225 5401 1530 5484 _Theodoti
1585 5399 1881 5484 Melisseni,

317 5471 605 5542 Cassiterae
649 5471 815 5533 etiam
872 5471 1261 5542 cognOminati,
1316 5481 1455 5542 patr.
1491 5471 1882 5542 Constantinog

319 5540 433 5626 pol.
478 5549 745 5626 moribus,
787 5547 877 5626 _sic
911 5540 1131 5626 Nicetes
1171 5540 1450 5626 Paphlago
1491 5558 1503 5594 :
1542 5540 1794 5626 season».
1822 5541 1878 5594 δέ

319 5610 443 5675 τινα
475 5621 568 5673 τὸν
608 5620 666 5672 ἐν
718 5618 1012 5679 πολιτικοῖς
1063 5610 1491 5684 φενακιζόμενον
1548 5610 1878 5684 ἀξιώμασιν,

323 5692 494 5762 ἄνδρα
520 5691 802 5762 κοσμικοζς
832 5686 990 5762 ηθεσι
1022 5679 1086 5762 τε
1111 5686 1205 5762 καὶ
1232 5679 1553 5762 πρᾷγμοισιν
1583 5679 1884 5762 ἐντεθραμ-

330 5749 508 5832 μένον,
553 5749 911 5832 οὐδεμιᾶς-δέ
963 5756 1231 5832 παιδείας,
1277 5749 1341 5807 οὐ
1361 5749 1624 5821 γνώσεως
1665 5749 1879 5830 ὰγαθῇς

330 5820 723 5902 pauc-ﬁnxerat,
776 5826 934 5899 μόνον
961 5825 1019 5881 δὲ
1067 5825 1166 5896 τῆς
1218 5820 1876 5897 χριστιανοκατηγορ-ικῆς

1981 5309 2460 5391 Constantinopoli
2501 5309 2705 5375 dehinc
2744 5315 3069 5389 perillustri,
3104 5313 3317 5382 egimus
3354 5315 3410 5365 in
3440 5309 3556 5364 Fa-

1981 5397 2098 5451 mil.
2128 5392 2636 5461 Constantinopolit.

2053 5448 2164 5533 (794)
2201 5465 2276 5517 Τὰ
2302 5448 2611 5533 ,βασίλειιέ
2629 5458 2857 5533 Clarius
2880 5448 3552 5533 continualorATheopha-

1979 5519 2096 5602 nis,“
2122 5519 2219 5588 lib.
2264 5519 2318 5598 t,'
2354 5551 2409 5586 n.
2446 5533 2535 5586 51.
2569 5531 2661 5583 Τί;
2698 5547 2757 5582 τε
2792 5530 2878 5602 εἴη
2933 5523 3214 5602 οἰκία-τοῖξ
3238 5519 3554 5602 βασιλεόον-

1975 5592 2087 5670 τος,
2139 5608 2233 5658 καὶ
2288 5592 2485 5674 κλῆσιν
2519 5602 2714 5673 ἥντινα
2759 5592 2940 5670 φέρει,
2972 5597 3066 5651 καὶ
3090 5592 3272 5657 ὁποῖος
3302 5594 3330 5645 ό
3361 5592 3553 5645 τούτου

2025 5677 2296 5742 αρακ-τήρ.
2745 5740 2768 5742 _
2882 5738 2897 5742 _
2955 5736 2970 5742 _
3065 5735 3084 5742 _
3334 5730 3368 5742 η

1989 5694 2464 5810 χαῖξὶαὸῗττέῗόνον.
2517 5742 2678 5800 Circa
2743 5736 3007 5799 Paschalc
3059 5735 3281 5794 festum.
3327 5730 3553 5789 Contin.

1985 5815 2304 5887 Thcophau.
3485 5828 3491 5832 ’
