4068 6390
616 415 752 474 1375

1865 409 2186 471 JOANNIS
2228 405 2552 466 ΖΟΝΛΠἘ

3717 406 3839 470 13ἷ6

606 522 902 594 aliquando
945 521 1132 577 divina
1168 523 1319 578 Isaia:
1362 521 1533 576 verba
1563 521 1654 576 illa
1702 521 1756 576 in
1808 522 2052 576 Ecclesia
2107 536 2185 574 re-

2308 521 2588 591 Ἦγρίαινε
2625 521 2738 591 (96)
2769 521 2876 591 γὰρ
2908 521 3098 575 τοῦτον
3129 521 3293 586 αὐτὸς
3342 524 3369 575 6
3403 520 3679 584 Θεόδοτος,
3710 522 3844 575 καὶ(

607 618 913 671 citarentur
945 631 958 668 :
992 615 1089 670 Cui
1137 613 1473 668 assimilastis
1511 613 1825 668 Dominum?
1859 613 1997 667 Num
2048 614 2184 666 ima-

607 710 783 779 ginem
831 708 946 777 ejus
998 708 1124 775 facit
1164 707 1331 776 faber,
1387 717 1480 760 aut
1531 709 1740 776 aurifex
1785 708 2184 761 similitudinem

609 814 724 877 ejus
753 808 964 876 paravit
987 807 1012 859 ?
1045 817 1101 861 et
1133 807 1343 875 reliqua
1377 809 1420 872 ¹,
1465 809 1716 867 accessit,
1761 817 1816 861 et
1864 805 2182 876 imperatori

611 896 667 949 in
700 911 888 950 aurem
919 895 1055 949 dixit
1081 914 1092 948 :
1121 897 1260 950 Audi
1286 898 1616 965 praphetam,
1649 897 1888 960 Domine,
1922 899 2069 966 eique
2097 896 2186 948 ob-

614 998 867 1060 tempera.
924 989 1002 1043 Ex
1055 1005 1122 1044 eo
1175 989 1310 1043 citra
1361 990 1750 1044 verecundiam
1813 990 1923 1044 Leo
1980 1001 2184 1044 sectam

608 1079 761 1134 illam
799 1081 1130 1143 sectabatur,
1163 1081 1368 1149 quique
1406 1081 1672 1150 impietati
1706 1083 1826 1152 ejus
1868 1097 1977 1136 non
2025 1082 2185 1137 cede-

611 1170 776 1235 bant,
822 1171 977 1240 132
1022 1180 1078 1226 et
1123 1172 1428 1228 dilacerare
1475 1185 1531 1229 et
1574 1173 1838 1229 devorare
1883 1175 2183 1244 cupiebat:

608 1262 777 1316 etiam
815 1262 1056 1332 alioquin
1082 1279 1259 1320 saevus
1285 1273 1339 1319 et
1372 1265 1701 1335 implacabili
1737 1268 1815 1320 ira
1857 1275 2047 1322 contra
2091 1266 2186 1320 de-

609 1353 943 1423 linquentes,
981 1355 1051 1410 ob
1077 1357 1288 1411 modica
1319 1356 1516 1412 delicta
1545 1374 1736 1428 poenas
1779 1371 1995 1414 atroces
2041 1359 2183 1414 irro-

610 1462 767 1516 gans.
804 1448 990 1503 Talem
1021 1448 1186 1518 igitur
1234 1463 1292 1503 se
1338 1449 1451 1504 Leo
1485 1451 1723 1519 przebuit
1774 1467 1904 1524 erga
1956 1452 2077 1521 pios
2129 1461 2186 1508 et

609 1538 753 1592 alios
781 1539 983 1607 quibus
1020 1539 1265 1594 offensus
1297 1550 1436 1594 erat.
1489 1542 1548 1596 ln
1590 1542 1871 1611 republica
1919 1558 2052 1596 vero
2089 1541 2186 1596 ad-

614 1627 977 1683 ministranda
1023 1645 1131 1684 non
1177 1633 1360 1701 segnis
1392 1643 1543 1696 erat,
1589 1635 1682 1688 Sed
1729 1650 1856 1689 acer
1893 1634 2184 1689 admodum

612 1728 670 1773 et
700 1719 951 1788 vigilans,
990 1721 1335 1792 injuriosque
1381 1725 1691 1780 coercebat.
1725 1725 1926 1781 Oratus
1960 1727 2125 1797 igitur
2153 1743 2184 1780 a

612 1808 852 1878 quodam
911 1811 1005 1880 qui
1063 1828 1286 1867 uxorem
1335 1829 1366 1868 a
1428 1825 1682 1887 senatore
1757 1817 1995 1887 quodam
2077 1817 2180 1871 sibi

616 1911 827 1972 raptam
876 1919 1000 1959 esse
1059 1905 1417 1974 querebatur,
1469 1916 1526 1962 et
1583 1885 1819 1961 addebat
1872 1924 1929 1962 se
1985 1908 2188 1964 frustra

615 1993 857 2062 praefecti
929 2010 1092 2064 opem
1164 1997 1484 2066 implorasse
1541 2015 1556 2053 :
1609 1999 1845 2054 crimine
1918 1999 2189 2070 probato,

614 2084 800 2137 statim
845 2085 1104 2153 praefecto
1157 2095 1481 2155 potestatem
1524 2089 1828 2161 abrogavit,
1885 2101 2191 2161 raptorem-

615 2189 723 2243 que
750 2175 965 2245 legibus
1000 2179 1341 2246 puniendum
1391 2180 1637 2236 tradidit.
1689 2183 2036 2252 Magistratus
2081 2193 2192 2238 tam

615 2263 807 2319 civiles
845 2281 1007 2334 quam
1046 2267 1340 2335 militares,
1369 2271 1585 2326 delectu
1619 2288 1683 2326 ex
1716 2275 1940 2342 eptimis
1983 2275 2194 2342 habito,

615 2355 965 2419 conferebat,
1010 2357 1492 2430 Romanarumque
1542 2364 1949 2432 provinciarum
2001 2365 2196 2434 praafe-

616 2453 804 2500 cturas
843 2463 1021 2518 neque
1050 2451 1280 2518 pecunia
1318 2467 1520 2508 venum
1559 2455 1890 2524 exponebat,
1928 2473 2107 2527 neque
2128 2473 2196 2513 ex

616 2536 791 2606 gratia
828 2540 964 2595 viris
1005 2542 1208 2612 ineptis
1242 2544 1308 2597 ad
1351 2545 1702 2615 magistratus
1740 2557 1834 2602 aut
1871 2550 2052 2604 avaris
2077 2591 2092 2614 ,
2139 2559 2196 2604 et

609 2627 702 2697 jus
753 2631 987 2699 pecunia
1044 2633 1412 2690 vendentibus
1482 2637 1841 2707 largiebatur.
1919 2640 2076 2706 Quod
2149 2643 2194 2696 si

613 2720 783 2775 etiam
814 2738 962 2778 nunc
998 2724 1174 2792 fieret,
1211 2743 1299 2784 res
1331 2729 1473 2784 bene
1499 2744 1558 2784 se
1597 2730 1886 2785 haberent.

2291 616 2400 669 τῶν
2429 613 2506 685 τῷ
2543 614 2808 685 βασιλικῷ
2835 614 3052 669 κοιτῶνι
3090 614 3530 686 κεκληρωμένων
3560 616 3845 684 τηνικαῦτα

2290 711 2364 763 ὢν
2395 710 2723 781 χορολέκτης
2759 710 2788 778 ἥ
2822 711 3118 779 χορὰρχης,
3153 707 3214 762 ὃν
3263 707 3660 778 πρωτοψάλτην
3695 709 3847 775 παρέ-

2291 801 2421 854 λαϐε
2472 803 2660 854 καλεῖν
2691 801 2723 870 ή
2762 801 3046 871 συνήθεια.
3078 799 3265 863 Οὕτως
3294 800 3400 871 γὰρ
3439 799 3536 869 τῆς
3565 799 3674 851 τῶν
3707 799 3846 850 Εἰκο-

2291 894 2542 963 νομάχων
2570 893 2834 962 αἱρέσεως
2857 894 2956 962 τὴν
2987 891 3213 962 θολερὰν
3246 876 3564 962 ἀνατροπὴν
3592 892 3672 954 είς
3703 891 3845 960 κόρον

2292 985 2452 1050 πιὼν,
2487 985 2709 1055 ἠρέθιζε
2744 985 2835 1038 τὸν
2871 984 3091 1054 βασιλέα
3132 983 3474 1054 πανταχόθεν
3504 983 3604 1045 τὰς
3649 983 3845 1044 εἰκόνας

2293 1078 2584 1147 περιελεῖν.
2640 1077 2751 1130 Καί
2802 1093 2933 1130 ποτε
2982 1077 3090 1128 τῶν
3135 1076 3231 1128 τοῦ
3285 1076 3512 1128 Ἡσαΐου
3551 1074 3665 1143 (97)
3705 1075 3845 1127 θείων

2292 1169 2487 1238 φωνῶν
2533 1169 3054 1240 ἀναγινωσκομένων
3107 1170 3194 1222 ἐπ’
3255 1167 3592 1236 ἐκκλησίας,
3647 1169 3700 1222 αἳ
3766 1169 3844 1220 λέ-

2292 1281 2448 1332 γουσι
2475 1281 2488 1294 ο
2535 1262 2662 1318 Τίνι
2701 1263 3042 1332 ὡμοιώσατε
3088 1263 3197 1316 τὸν
3227 1265 3486 1330 Κύριονς
3521 1266 3577 1315 Μ
3587 1261 3618 1330 ὴ
3663 1263 3846 1322 εἰκόνα

2291 1354 2541 1420 ἐποίησε
2599 1353 2840 1420 τέκτων,
2889 1355 2926 1422 ἢ
2989 1355 3329 1424 χρυσοχόος
3396 1351 3661 1420 ὀμοίωμα
3721 1368 3845 1404 κατι

2291 1447 2632 1501 εσκεύασεν
2667 1445 2879 1512 aeni);
2925 1447 3018 1499 καὶ
3058 1445 3127 1498 τὰ
3177 1446 3391 1516 ἐφεξῆς.
3439 1445 3760 1514 Προσελοὼν
3784 1444 3848 1510 τῷ

2295 1536 2506 1606 βασιλεῖ
2540 1537 2675 1607 πρὸς
2725 1531 2821 1601 οῦς
2867 1537 2970 1606 ἔφη
2993 1553 3007 1567 '
3041 1537 3315 1604 Πρόσχες
3350 1534 3430 1601 τῷ
3476 1535 3774 1605 προφήτῃ,
3811 1531 3850 1588 ὦ

2292 1628 2588 1693 δέσποτα,
2641 1629 2740 1681 καὶ
2785 1630 2974 1692 τούτῳ
3029 1629 3262 1682 πείθου.
3309 1627 3599 1681 Ἐντεῦθεν
3654 1629 3851 1696 ἀπηρν-

2294 1723 2637 1793 θριασμένως
2665 1725 2692 1776 6
2737 1723 2888 1776 Λέων
2919 1723 3020 1792 τῆς
3050 1724 3315 1794 αἱρέσεως
3347 1723 3548 1791 εἴχετο,
3599 1724 3691 1774 καὶ
3740 1726 3851 1782 τοὺς

2298 1815 2373 1881 μὴ
2431 1815 2497 1882 τῇ
2557 1813 2786 1884 ἀσεϐείᾳ
2839 1813 3007 1866 αὑτοῦ
3060 1814 3476 1876 ὑποκύπτοντας
3529 1813 3892 1881 διασπαρὰσο.

2293 1921 2406 1956 σειν
2439 1903 2548 1974 (98)
2586 1905 2678 1957 καὶ
2715 1902 3001 1974 λαφύσσαν
3033 1905 3317 1974 ἠπείγετοο
3351 1905 3526 1974 βαρὺς
3557 1905 3615 1957 δὲ
3646 1906 3737 1957 καὶ
3768 1905 3851 1957 ἄ).-

2289 1994 2416 2058 λως,
2471 1994 2565 2047 καὶ
2619 1995 2994 2066 ἀπαραίτητος
3047 1997 3148 2064 τὴν
3194 1995 3366 2066 ὀργὴν
3422 1998 3537 2060 τοῖς
3583 1997 3853 2048 πταίουσιν

2288 2081 2380 2157 ἦν,
2414 2087 2508 2146 καὶ
2558 2086 2652 2138 ἐπὶ
2705 2089 2949 2157 μετρίοις
2997 2087 3306 2156 πταίσμασι
3342 2087 3576 2157 βαρείας
3620 2086 3853 2147 κολάσεις

2291 2177 2756 2247 ἀποφαινόμενος.
2793 2177 3051 2241 Τοιοῦτος
3092 2179 3192 2248 μὲν
3221 2174 3289 2248 ἦν
3337 2179 3366 2231 6
3399 2179 3555 2231 Λέων
3590 2179 3716 2246 περὶ
3743 2179 3854 2238 τοὺς

2294 2271 2560 2336 εὐσεϐεῖς,
2605 2272 2699 2323 καὶ
2747 2271 2874 2334 τοὺς
2913 2270 3106 2332 ἄλλους
3143 2270 3666 2340 προσκεκρουκότας
3699 2267 3852 2332 αὐτῷ.

2296 2361 2443 2423 Τέως
2482 2361 2528 2413 δ’
2562 2359 2654 2413 οῦν
2679 2360 2792 2430 (99)
2837 2360 2965 2430 περὶ
2997 2359 3097 2430 τὴν
3125 2359 3237 2411 τῶν
3271 2360 3470 2412 κοινῶν
3502 2359 3770 2428 διοίκησιν
3800 2357 3851 2408 οὐ

2294 2453 2472 2522 νωθὴς
2518 2446 2605 2522 ἦν,
2649 2451 2785 2504 ἀλλὰ
2819 2453 2914 2504 καὶ
2947 2450 3066 2502 λίαν
3095 2453 3393 2520 ἐγρήγορε,
3444 2452 3542 2501 καὶ
3584 2450 3712 2510 τοὺς
3753 2446 3854 2499 ἀδι-

2293 2543 2526 2606 κοῦντας
2573 2543 2883 2599 ἀνέστελλε.
2938 2541 3238 2612 Δεηθέντος
3293 2539 3390 2594 οὖν
3443 2557 3613 2605 τινος,
3657 2541 3730 2601 ὡς
3771 2537 3852 2591 τοῦ

2295 2640 2519 2708 γυναίου
2562 2638 2728 2692 αὐτοῦ
2778 2639 2930 2709 παρά
2954 2656 3048 2691 του
3081 2637 3187 2691 τῶν
3221 2638 3318 2708 τῆς
3353 2635 3668 2706 συγκλήτου
3694 2635 3845 2701 ἁρπα-

2293 2735 2508 2804 γέντος,
2531 2732 2914 2802 προσθεμένου
2944 2732 3002 2784 δὲ
3035 2732 3129 2784 καὶ
3159 2730 3237 2801 τῷ
3265 2729 3493 2799 ἐπάρχῳ
3521 2725 3852 2796 προσελθεῖν,

618 2814 697 2884 μὴ
746 2815 931 2880 μέντοι
991 2821 1176 2890 τυχεῖν
1237 2821 1613 2892 ἐκδικήσεωςο
1647 2822 1771 2875 ἐπεὶ
1822 2822 1882 2875 τὸ
1936 2821 2191 2894 ἔγκλημα
2257 2825 2627 2888 ἀποδέδεικτο,
2681 2823 2773 2876 τὸν
2816 2823 2916 2893 μὲν
2961 2822 3203 2893 ἔπαρχον
3242 2821 3486 2874 ἔπαυσεν
3561 2820 3721 2882 εὐθὺς
3769 2815 3855 2884 τῆς

617 2906 815 2978 ἀρχῆς,
852 2907 944 2962 τὸν
976 2909 1034 2962 δὲ
1057 2912 1157 2980 τὴν
1185 2911 1444 2983 ἁρπαγὴν
1471 2912 1948 2983 πλημμελήσαντα
2009 2915 2222 2979 ἐξέδοτο
2260 2915 2512 2986 νομίμως
2557 2913 3056 2982 κολασθησόμενον.
3129 2912 3435 2981 Ἀρχοντας
3485 2910 3545 2963 δὲ
3591 2911 3682 2964 καὶ
3715 2925 3858 2978 στρα-

615 3001 906 3063 τιωτικοὺς
939 3002 1033 3054 καὶ
1065 3003 1378 3068 πολιτικοὺς
1407 3005 1726 3075 ἀριστίνδην
1754 3006 2198 3075 προεχειρίζετο,
2239 3009 2335 3062 καὶ
2367 3008 2465 3070 τὰς
2499 3006 2605 3059 τῶν
2662 3005 2766 3058 ὑπὸ
2819 3004 3126 3075 Ῥωμαίους
3160 3003 3328 3056 ἐθνῶν
3381 3005 3687 3074 ἡγεμονίας
3747 3001 3858 3056 οὔτε

616 3094 919 3164 χρημάτων
957 3095 1155 3158 ὠνίους
1185 3097 1496 3167 προύτίθει,
1553 3096 1679 3152 οὔτε
1726 3099 1862 3170 πρὸς
1908 3099 2068 3168 χάριν
2117 3101 2310 3166 ἐδίδου,
2388 3102 2463 3174 μὴ
2535 3101 2668 3172 πρὸς
2701 3099 2874 3169 ἀρχὰς
2935 3097 3239 3166 πεφυκόσιν
3272 3096 3556 3166 ἀνδράσιν,
3593 3097 3624 3167 ἢ
3659 3096 3857 3167 χρημά-

618 3202 726 3238 των
755 3186 967 3256 ἥττοσιν
998 3189 1095 3241 καὶ
1122 3188 1336 3253 τούτοις
1366 3190 1682 3260 προδιδοῦσι
1740 3191 1802 3246 τὸ
1826 3191 2061 3246 δίκαιον.
2112 3191 2173 3246 El
2207 3193 2264 3246 δὲ
2305 3197 2401 3250 καὶ
2457 3195 2552 3250 νῦν
2581 3192 2736 3248 ταῦθ’
2759 3192 2933 3254 οὕτως
2978 3185 3146 3261 εἶχεν,
3189 3183 3338 3260 εἶχον
3375 3189 3439 3242 ἂν
3473 3186 3658 3254 καλῶς
3689 3188 3778 3243 καὶ
3803 3189 3860 3244 τὰ

622 3279 951 3350 πράγματα.
1253 3339 1258 3346 _

689 3369 833 3424 XXI.
874 3369 1105 3424 Michael
1154 3385 1286 3426 vero
1331 3371 1532 3428 Balbus
1573 3372 1798 3430 Amorio
1846 3386 2018 3442 ortus,
2073 3392 2196 3432 cum

2373 3376 2505 3428 ΚΝ.
2555 3369 2776 3442 Μιχαὴλ
2811 3369 2868 3423 δὲ
2900 3371 2928 3422 6
2989 3366 3237 3437 Τραυλὸς
3285 3367 3314 3419 6
3361 3365 3420 3430 ἐξ
3469 3364 3748 3436 Ἀμορίου,
3781 3359 3860 3416 ἐπὶ

621 3463 687 3517 ad
719 3477 971 3533 magnam
1015 3462 1293 3518 fortunam
1331 3467 1699 3534 pervenisset,
1757 3484 1821 3524 ac
1865 3479 2064 3540 praeter
2093 3472 2196 3526 alia

2301 3465 2445 3537 μέγα
2480 3463 2654 3532 τύχης
2701 3460 2916 3531 ἀρθεὶς,
2962 3458 3099 3528 πρὸς
3149 3456 3206 3510 δὲ
3243 3458 3366 3517 ταῖς
3415 3455 3609 3519 ἄλλαις
3659 3455 3859 3515 κακίαις

619 3553 754 3608 vitia
827 3553 1070 3624 linguam
1147 3555 1316 3610 etiam
1375 3557 1839 3628 intemperantem
1923 3561 2199 3629 haberet,

620 3645 837 3700 delatus
868 3652 952 3700 est
981 3646 1126 3715 apud
1160 3645 1575 3716 imperatorem,
1606 3651 1762 3719 quasi
1794 3652 1933 3726 clam
1968 3652 2197 3708 insidias

573 3739 578 3745 ’
619 3739 671 3795 ei
711 3745 985 3806 strueret,
1025 3754 1090 3794 ac
1138 3739 1438 3810 perniciem
1488 3742 1797 3798 moliretur.
1872 3745 1947 3799 Ea
1999 3745 2199 3800 delatio

622 3829 800 3899 pridie
847 3830 966 3900 ejus
997 3829 1108 3886 diei
1157 3830 1298 3886 facta
1340 3841 1456 3895 est,
1502 3848 1612 3902 quo
1657 3833 1857 3889 festum
1886 3835 2202 3890 Nativitatis

619 3923 826 3979 Christi
865 3921 1109 3978 Ecclesia
1139 3923 1419 3979 celebrare
1452 3925 1762 3980 consuevit.
1805 3925 1998 3981 Statim
2036 3927 2204 3996 igitur

624 4019 1126 4090 comprehenditur,
1176 4020 1476 4091 imperator
1530 4022 1648 4092 ipse
1695 4023 1960 4092 quaesitor
2007 4038 2198 4077 earum

623 4126 807 4166 rerum
835 4126 1068 4180 quarum
1118 4119 1407 4166 accusatus
1440 4120 1561 4166 erat
1587 4151 1602 4175 ,
1633 4111 1910 4180 praasidet.
1959 4111 2202 4165 Convin-

623 4203 770 4256 citur
817 4201 885 4256 ab
920 4203 1336 4258 accusatoribus
1381 4203 1648 4268 Michael,
1689 4203 1923 4258 crimina
1980 4211 2037 4257 et
2085 4203 2201 4272 ipse

625 4294 920 4348 confitetur
951 4310 965 4348 :
1002 4292 1398 4350 condemnatur
1428 4303 1486 4348 ut
1525 4294 1634 4364 igni
1672 4301 1982 4358 cremetur,
2022 4293 2198 4347 abdu-

624 4386 768 4438 citur
802 4393 862 4438 ut
899 4384 1307 4440 comburendus
1337 4403 1350 4440 :
1387 4386 1542 4441 locus
1581 4385 1852 4454 supplicio
1890 4384 2200 4439 destinatus

625 4481 747 4529 erat
799 4475 980 4530 balnei
1035 4477 1171 4547 regii
1214 4476 1463 4532 caminus
1510 4494 1522 4532 :
1560 4478 1812 4547 sequitur
1861 4476 2196 4546 imperator,

626 4563 743 4618 sive
794 4565 942 4633 quod
995 4565 1118 4620 aliis
1171 4567 1501 4636 supplicium
1561 4583 1672 4621 non
1736 4567 2037 4631 credebat,
2085 4567 2200 4622 sive

625 4653 771 4723 quod
822 4654 969 4710 illius
1012 4656 1238 4712 interitu
1271 4658 1576 4713 laetabatur.
1624 4657 1695 4713 At
1743 4658 2084 4728 imperatrix,
2130 4674 2198 4714 eo

2298 3557 2394 3611 καὶ
2427 3555 2682 3624 γλῶσσαν
2713 3553 2854 3622 ἔχων
2884 3553 3209 3612 ἀκόλαστον,
3241 3550 3502 3620 διεϐλήθη
3533 3548 3616 3618 τῷ
3647 3547 3856 3614 βασιλεῖ,

2297 3649 2372 3709 ὡς
2399 3650 2546 3701 κακὰ
2580 3648 2700 3699 κατ’
2729 3644 2894 3698 αὑτοῦ
2935 3642 3348 3714 βυσσοδομεύων
3384 3643 3479 3695 καὶ
3525 3639 3859 3708 τεκταινόμε-

2302 3757 2415 3804 νος.
2470 3739 2581 3792 Kal.
2625 3741 2656 3810 ἡ
2698 3738 2921 3806 διαϐολὴ
2956 3737 3062 3806 πρὸ
3089 3737 3186 3804 τῆς
3222 3735 3440 3806 ἡμέρας
3474 3733 3715 3801 ἐγένετο,
3749 3734 3799 3783 ἐν

2303 3833 2399 3904 τὴν
2447 3834 2505 3886 ἐν
2552 3833 2718 3899 σαρκὶ
2748 3831 2842 3884 τοῦ
2883 3830 3092 3899 Κυρίου
3133 3829 3329 3897 γένναν
3367 3827 3713 3898 ἐορτάζεινὴ
3756 3825 3858 3879 Ἐκ-

2302 3926 2500 3997 κλησία
2533 3924 2865 3996 παρέλαϐεν.
2895 3923 3106 3976 Αὐτίκα
3134 3921 3318 3975 τοίνυν
3345 3921 3373 3973 6
3409 3921 3510 3990 μὲν
3542 3916 3855 3986 συνελήφθη·

2302 4021 2330 4072 6
2369 4019 2427 4072 δὲ
2468 4017 2720 4088 βασιλεὺς
2762 4017 2873 4070 τῶν
2913 4016 3036 4069 κατ’
3073 4013 3240 4067 αὑτοῦ
3284 4012 3640 4083 μηνυθέντων
3693 4009 3858 4073 ἐξετα-

2307 4113 2439 4182 στὴς
2481 4111 2866 4182 προεκάθισεν.
2910 4109 3228 4179 Ἐλέγχεται
3279 4109 3432 4178 παρὰ
3481 4105 3593 4160 τῶν
3651 4119 3860 4173 κατηγο·

2307 4208 2551 4274 ρούντων
2577 4203 2604 4256 6
2630 4201 2875 4272 Μιχαὴλ,
2913 4201 3222 4255 συντίθεται
3267 4201 3358 4254 καὶ
3387 4200 3570 4262 αὐτὸς,
3621 4193 3861 4265 κατακρί-

2307 4310 2462 4347 νεται
2503 4292 2736 4345 θάνατον
2765 4292 2862 4345 καὶ
2895 4293 3126 4345 θάνατον
3153 4291 3246 4344 τὸν
3273 4290 3363 4343 διὰ
3395 4290 3570 4361 πυρός
3595 4307 3610 4324 ο
3641 4287 3861 4356 ἀπήγετο

2307 4384 2746 4455 καυθησόμενος,
2796 4386 2895 4438 καὶ
2952 4385 3118 4446 τόπος
3151 4384 3253 4452 τῆς
3280 4383 3554 4453 τιμωρίας
3610 4378 3861 4448 ἀφώριστο

2308 4477 2341 4546 ἡ
2376 4475 2468 4529 τοῦ
2512 4479 2571 4528 ἐν
2620 4477 2731 4537 τοῖς
2772 4475 3068 4544 βασιλείοις
3115 4475 3346 4546 λουτροῦ
3395 4473 3664 4543 κάμινος·
3698 4469 3860 4522 εἵπετο

2307 4568 2402 4621 καὶ⁹
2427 4567 2454 4617 6
2482 4564 2756 4634 βασιλεὺς,
2787 4565 2818 4635 ἢ
2854 4565 2930 4636 μὴ
2963 4567 3236 4617 πιστεύων
3278 4562 3452 4632 ἑτέρῳ
3483 4560 3582 4631 τὴν
3618 4555 3860 4627 τιμωρίαν

2307 4656 2402 4709 τοῦ
2456 4657 2700 4727 Μιχαὴλ,
2750 4656 2784 4727 ἢ
2837 4656 3175 4726 ἐφηδόμενος
3225 4654 3302 4728 τῷ
3334 4653 3544 4723 ὀλέθρῳ
3592 4647 3772 4706 αὑτοῦ.
3807 4643 3860 4694 Ἢ

627 4743 868 4813 cognito,
919 4744 975 4799 id
1026 4745 1242 4802 facinus
1284 4748 1632 4817 prohibebat,
1685 4749 1944 4804 maritum
1997 4751 2196 4819 partim

2305 4751 2362 4803 δέ
2395 4766 2458 4817 γε
2493 4748 2783 4819 βασίλισσα
2809 4745 2971 4801 τοῦτο
3007 4747 3213 4816 γνοῦσα
3247 4747 3348 4817 τὴν
3382 4745 3588 4816 πρᾶξιν
3621 4740 3856 4797 ἐκώλυσε,

629 4849 796 4890 orans
828 4842 889 4889 ut
929 4834 1173 4891 damnati
1220 4837 1545 4908 supplicium
1585 4846 1808 4910 propter
1844 4839 2046 4894 festum
2090 4838 2199 4894 dif-
2248 4919 2268 4936 υ

707 4969 724 5001 ¹
754 4967 861 5024 Isa.
890 4982 1040 5035 XLVI,
1069 4967 1124 5030 5.
1156 4966 1210 5023 6.

2311 4841 2386 4910 πῆ
2418 4840 2518 4910 μὲν
2553 4839 2786 4910 δεομένη
2818 4839 2914 4892 τοῦ
2948 4838 3268 4906 ξυνευνέτου
3305 4835 3646 4910 ὑπερθέσθαι
3671 4831 3754 4887 διὰ
3778 4827 3858 4892 τὴν

1791 5081 1991 5146 Variae
2025 5080 2333 5143 lectiones
2381 5087 2442 5143 et
2488 5088 2680 5143 notae.

707 5209 823 5284 (96)

635 5422 728 5481 τός
756 5436 816 5471 τε
855 5416 948 5472 καὶ
995 5416 1200 5488 κλήρου
1236 5419 1344 5471 τῶν
1388 5417 1894 5488 βασιλικῶναὺλῷν
1943 5416 2208 5488 ἀρχηγός.

636 5488 794 5570 llnde
848 5486 1127 5570 colligitur
1166 5489 1325 5570 ‘apnd
1362 5489 1628 5570 Zoriaraiti
1662 5487 1754 5570 τον
1786 5487 1893 5539 τῶν
1939 5487 2015 5570 τῷ
2051 5486 2210 5570 βασι-

879 5209 1176 5278 Ἦγρίαινε
1228 5211 1362 5278 γάρ.
1409 5209 1772 5278 Continuatpr
1835 5207 2210 5273 Theophanis,

634 5274 732 5338 lib.
771 5274 815 5352 ιζ
840 5297 895 5352 n_.
1019 5297 1033 5332 :
1074 5274 1419 5352 :Aveppijirtos
1444 5280 1500 5332 δέ
1526 5297 1644 5352 πως
1669 5274 1782 5352 οἷον
1808 5279 1903 5352 καὶ
1940 5279 2211 5352 ἐξεφῦσηο

639 5368 730 5405 σεν
762 5351 840 5411 εἰς
873 5349 1004 5419 ὕψος
1040 5347 1211 5419 αἴρων
1238 5347 1410 5402 αὐτὸν
1439 5380 1505 5389 -
1531 5351 1559 5402 6
1601 5347 1695 5419 τοῦ
1727 5347 1874 5419 ἱεροῦ
1926 5348 2212 5419 συστήμα-

2309 5206 2385 5260 ris
2420 5207 2520 5261 aevi
2561 5207 2878 5271 cubiculum,
2913 5208 2996 5264 vel
3023 5218 3171 5264 certe
3217 5222 3322 5278 pro
3351 5207 3472 5276 ipso
3502 5204 3723 5276 palatio,
3755 5213 3856 5256 nam

2310 5286 2364 5331 et
2393 5278 2593 5344 κλῆρος
2624 5279 2716 5331 τοῦ
2751 5279 3009 5331 παλατίου
3043 5294 3151 5332 non
3178 5279 3344 5334 semel
3376 5278 3642 5331 occurrit.

2383 5339 2642 5418 (97)"7Toi)
2687 5349 2958 5402 Ἡσαΐου.
3009 5347 3143 5418 Cap.
3172 5349 3262 5410 40,
3304 5347 3483 5402 η.18.
3534 5346 3666 5402 Vide
3697 5339 3850 5398 Conti-

2308 5417 2742 5488 nuat.Theoplt.
2851 5485 2861 5488 _
3299 5485 3358 5488 ω
3472 5484 3485 5488 _
3702 5481 3729 5488 _
3807 5477 3834 5488 ..

2383 5486 2493 5557 (98)
2554 5477 3066 5554 Διᾰσπαράσσειν.
3117 5487 3254 5542 Vide
3285 5484 3646 5557 ~Theodorum
3699 5477 3857 5557 Studi-

637 5558 775 5626 λικῷ
804 5547 1032 5627 κοιτῶνι
1064 5547 1502 5627 κεκληρωμένων
1543 5557 1912 5626 Χαρολέκτην.
1957 5547 2064 5627 etc.
2100 5569 2196 5607 nor

2311 5547 2440 5616 tam.
2475 5547 2583 5610 'lib.
2626 5571 2687 5623 ιι,
2747 5547 2910 5627 epist.
2965 5559 3051 5623 14,
3093 5559 3236 5627 apud
3283 5555 3579 5611 Baronium
3619 5570 3706 5608 an.
3749 5547 3855 5610 817,

638 5625 1139 5696 θςβοᾼσιιὺὶσιιίανὶἱε
1184 5625 1518 5696 prwfcctum,
1567 5625 1643 5680 uti
1693 5633 1934 5679 verterat
1985 5625 2206 5678 llieron.

645 5694 892 5766 Wolﬁus,
936 5697 1029 5752 sed
1060 5696 1252 5766 rclerici
1295 5694 1530 5766 palatini
1573 5697 1900 5766 pnefectum,
1939 5709 2038 5766 seu
2085 5710 2208 5763 pro-

649 5763 948 5836 topsaltem,
993 5765 1070 5819 uti
1102 5763 1445 5820 restituimus
1475 5783 1488 5819 :
1525 5763 1756 5836 proinde
1792 5767 1894 5836 hoc
1939 5764 2064 5836 loco
2097 5781 2209 5836 κοι-

650 5833 758 5888 τὼν
780 5848 882 5903 pro
924 5836 1122 5892 sacello
1153 5837 1408 5904 sumitur,
1443 5833 1695 5904 uti'apud
1727 5835 1950 5890 Latinos
1983 5833 2203 5888 infcrio-

2315 5627 2499 5766 η’(ῗὶὲ)
2535 5629 2702 5762 0T8ng
2737 5694 2872 5751 οὖν.
2907 5695 3106 5751 Leonis
3150 5696 3383 5751 virtutes
3415 5693 3660 5766 politicas
3687 5701 3852 5766 recen-

2317 5760 2404 5824 set
2439 5760 2604 5822 etiam
2642 5760 2946 5824 continuat.
2982 5767 3356 5837 Theophanis,
3386 5760 3486 5823 lib.
3523 5782 3560 5833 ι,
3593 5779 3646 5818 n.
3689 5760 3766 5815 l9.
