4068 6406
247 345 377 410 1371
802 381 809 385 -
1483 348 1896 417 ANNALIUM
1939 351 2089 412 LIB.
2136 352 2259 411 XV.
3380 352 3520 418 1378

244 457 439 527 ἑορτὴν
470 454 564 509 τοῦ
615 457 950 529 κατακρίτου
982 458 1081 529 τὴν
1117 455 1354 511 κόλασιν·
1394 458 1472 528 πῆ
1500 459 1556 512 δὲ
1584 460 1678 513 καὶ
1708 464 1833 530 θρα-

1941 462 2133 524 fcrrct,
2167 461 2365 531 partim
2417 459 2581 515 etiam
2633 460 2901 517 audacius
2939 462 3230 534 increpans
3257 506 3273 533 ,
3319 473 3376 520 et
3415 466 3524 522 im-

244 548 475 620 σύτερςν
530 551 957 622 προσφερομένη
1008 551 1182 621 αὐτῷ,
1227 550 1322 603 καὶ
1375 551 1539 605 ἄθεον
1594 551 1828 620 λέγουσα

1940 556 2091 624 pium
2148 555 2472 624 appellans,
2536 555 2629 625 qui
2696 554 2842 609 diem
2900 558 3203 612 venerandi
3280 559 3529 631 mysterii

241 643 326 697 ὅτι
363 644 440 713 μὴ
471 642 871 698 ὑποστέλλεται
900 645 1001 713 τὴν
1036 644 1128 697 τοῦ
1180 645 1490 715 φρικώδους
1526 646 1828 718 μυστηρίου

243 737 460 806 ἡμέραν
509 735 611 805 τῆς
659 735 754 790 τοῦ
806 737 1062 808 Σωτῆρος
1108 737 1445 808 Γεννήσεως.
1505 738 1731 803 Τούτοις
1766 740 1828 794 τὸ

242 828 479 896 σκληρὸν
533 829 750 882 ἐκείνου
785 829 1097 899 μαλάξασα,
1133 831 1401 882 πέπεικεν
1445 831 1658 884 ἀνεῖναι
1706 835 1828 885 τότε

240 918 319 988 τῷ
357 920 582 991 Μιχαὴλ
610 920 710 991 τὴν
740 920 1025 974 ἀπώλειαν
1050 920 1114 974 ·’ὁ
1140 922 1193 975 δέ
1230 922 1368 993 πρὸς
1395 922 1495 994 τὴν
1518 924 1831 994 εὖνέτειρχν

242 1011 447 1081 ἔφησεν
472 1027 489 1043 ο
533 1011 684 1066 Ἰδοὺ
735 1012 1068 1081 πέπεισμαί
1105 1030 1229 1081 σοι,
1279 1015 1442 1070 ἀλλὰ
1489 1015 1571 1068 σὺ
1624 1015 1831 1086 γνώσῃ

241 1104 341 1156 καί
395 1103 470 1173 τὰ
522 1102 706 1157 τέκνα
749 1102 823 1156 τὰ
857 1105 963 1169 σὰ,
999 1106 1116 1159 ὅσα
1144 1105 1291 1175 ὑμῖν
1318 1106 1387 1161 ἐκ
1430 1108 1648 1162 τούτου
1679 1125 1832 1178 συμο

243 1195 556 1265 ϐήσονται.
606 1196 666 1249 'U
722 1196 823 1267 μὲν
876 1193 972 1252 οὖν
1009 1199 1232 1268 Μιχαὴλ
1274 1198 1418 1253 οὕτω
1473 1200 1569 1253 τὸν
1606 1199 1830 1271 ὄλεθρον

1945 647 2261 702 Nativitatis
2303 647 2615 702 Servatoris
2654 663 2764 702 non
2811 658 3121 705 vereretur.
3180 649 3277 705 His
3335 652 3525 706 verbis

1943 737 2064 807 ejus
2096 735 2394 806 asperitate
2449 736 2736 805 mitigata,
2785 752 3085 806 persuasus
3135 747 3195 793 ut
3244 739 3529 796 Michaelis

1943 824 2228 880 interitum
2266 826 2536 891 diﬂ‘erret,
2575 827 2643 881 ad
2695 829 2987 899 conjugem
3030 829 3170 884 dixit
3205 847 3219 883 :
3259 830 3393 885 Ecce
3434 833 3528 885 ob-

1938 926 2170 988 tempero
2217 919 2475 973 tibined
2527 927 2583 972 tu
2623 919 2876 992 liberique
2917 923 2994 976 tui
3042 926 3359 994 cognoscetis
3409 941 3528 989 qm:

1937 1010 2078 1065 vobis
2135 1027 2198 1065 ea:
2248 1028 2307 1064 eo
2350 1022 2603 1067 eventura
2647 1014 2777 1067 sint.
2833 1014 2903 1069 At
2932 1015 3164 1070 Michael
3204 1017 3309 1070 hoc
3365 1028 3527 1087 pacto

1938 1118 2133 1158 necem
2189 1104 2403 1175 ell‘ugit.
2465 1105 2690 1160 Miretur
2742 1114 2927 1162 autem
2983 1108 3187 1176 aliquis
3223 1109 3367 1165 unde
3412 1109 3526 1165 Leo

1938 1193 2122 1250 futura
2152 1196 2493 1266 praedixerit,
2523 1212 2646 1266 quae
2679 1199 2868 1267 utique
2900 1214 3010 1252 non
3038 1214 3105 1253 cx
3127 1200 3317 1257 divino
3343 1200 3527 1256 aﬂlatu

242 1288 579 1358 ὑπεξέφυγε.
612 1288 906 1359 Θαυμάσαι
939 1289 987 1343 δ’
1023 1291 1091 1345 ἄν
1123 1309 1207 1354 τις
1234 1291 1355 1346 ὃθεν
1383 1292 1412 1344 6
1459 1293 1612 1347 Λέων
1642 1296 1833 1365 προεῖ-

1940 1296 2231 1357 cognorat,
2268 1290 2473 1359 quippe
2511 1290 2676 1345 homo
2719 1291 2953 1347 infestus
2980 1293 3094 1348 Deo
3123 1305 3180 1348 et
3226 1297 3526 1365 sanguina-

241 1396 345 1432 πεν
375 1380 434 1433 τὸ
469 1379 843 1450 γενησόμενον
868 1396 883 1411 ⁸
927 1380 990 1433 οὐ
1024 1380 1136 1452 γὰρ
1167 1383 1390 1446 πάντως
1416 1384 1550 1436 αὐτὸ
1577 1387 1642 1437 ἐκ
1690 1383 1830 1437 θειο-

1940 1381 2075 1443 rius,
2114 1381 2270 1453 133
2304 1381 2585 1453 vitamque
2615 1384 2823 1454 degens
2861 1386 3381 1455 perturbationibus
3428 1388 3532 1441 mi-

238 1473 407 1544 τέρας
463 1473 757 1536 ἐπιπνοίας
803 1472 1123 1543 προέγνωσε
1154 1490 1168 1505 ο
1212 1474 1332 1538 πῶς
1371 1477 1484 1546 γὰρ
1543 1475 1830 1547 θεομαχῶν

1940 1473 2088 1527 nime
2140 1475 2375 1541 puram?
2422 1475 2619 1529 Fertur
2652 1477 2934 1531 oraculum
2988 1493 3019 1532 a
3074 1477 3315 1547 quodam
3365 1494 3526 1533 acce-

238 1566 475 1629 ἐκεῖνος,
522 1565 620 1618 καὶ
651 1565 828 1629 ἄλλως
861 1565 1002 1636 ἀνὴρ
1032 1565 1110 1620 ὣν
1138 1567 1414 1638 αἱμάτων,
1451 1567 1549 1622 καὶ
1600 1567 1717 1639 βίου
1753 1568 1830 1639 μὴ

1941 1565 2112 1634 pisse,
2144 1568 2264 1621 tore
2300 1575 2360 1621 ut
2384 1566 2474 1623 die
2500 1568 2818 1623 Nativitatis
2854 1568 3099 1630 Christi,
3133 1579 3189 1625 et
3229 1571 3526 1641 imperium

239 1656 437 1711 παθῶν
496 1656 941 1727 καθαρεύοντος;
989 1658 1229 1726 Λέγεται
1292 1658 1387 1712 οῦν
1443 1659 1833 1730 προεγνῶσθαι

1944 1663 2001 1710 et
2050 1655 2221 1710 vitam
2296 1659 2599 1714 amitteret.
2655 1659 2989 1714 Perhibctur
3047 1661 3212 1715 etiam
3263 1661 3319 1715 in
3376 1664 3527 1733 regia

236 1750 392 1820 αὐτῷ
424 1750 578 1822 παρά
601 1768 695 1805 του
719 1750 1185 1823 χρησμοδοτηθέν,
1214 1753 1296 1806 ὅτι
1328 1752 1469 1805 κατὰ
1490 1752 1591 1822 τὴν
1615 1751 1833 1822 ἡμέραν

1937 1750 2271 1806 bibliotheca
2305 1752 2476 1807 fuisse
2502 1753 2678 1817 liber,
2709 1768 2820 1824 quo
2851 1756 3071 1809 oracula
3104 1757 3172 1810 de
3225 1754 3526 1827 imperato-

236 1842 342 1911 τῆς
370 1842 687 1910 Γεννήσεως
719 1842 816 1896 τοῦ
864 1842 1130 1914 Χριστοῦ,
1184 1845 1279 1897 καὶ
1313 1843 1414 1914 τῆς
1449 1844 1626 1915 ἀρχῆς
1661 1846 1831 1897 ἐκπε-

1940 1843 2090 1898 ribus
2142 1844 2610 1943 contineregtur,
2674 1846 2973 1915 formaeque
3028 1856 3083 1902 et
3132 1848 3419 1904 hominum
3469 1857 3528 1904 et

239 1937 441 2000 σεῖται,
483 1935 578 1988 καὶ
642 1935 742 2005 τῆς
777 1932 947 2009 ζωῆς.
992 1933 1155 1989 Ἀλλὰ
1210 1935 1305 1989 καί
1353 1952 1407 1987 τι
1448 1936 1581 2004 φασὶ
1616 1936 1684 2005 τῇ
1719 1934 1832 1987 τῶν

236 2029 567 2099 ἀνακτόρων
604 2027 812 2098 βιϐλίον
838 2026 1254 2093 ἐναποκεῖσθαι,
1288 2029 1345 2080 ἐν
1374 2021 1419 2095 ᾧ
1455 2028 1554 2082 καὶ
1588 2028 1832 2098 χρησμοὶ

239 2121 376 2189 περὶ
407 2120 516 2172 τῶν
558 2118 832 2190 βασιλέων
880 2115 1043 2190 ἦσαν,
1071 2119 1167 2172 καὶ
1201 2120 1412 2189 μορφαὶ
1461 2119 1832 2190 ὲνεγράφοντο

235 2215 551 2287 ἀνθρώπων
581 2231 643 2268 τε
703 2213 802 2267 καὶ
832 2211 1037 2284 θηρῶν,
1067 2211 1162 2265 καὶ
1194 2212 1331 2283 μετὰ
1357 2210 1466 2265 τῶν
1509 2211 1688 2266 ἄλλων
1716 2213 1834 2265 ἐκεῖ

234 2310 334 2362 καὶ
372 2309 526 2362 Λέων
555 2305 658 2380 θὴρ
684 2305 1090 2378 ὲχρωμάτιστο,
1130 2298 1175 2374 ᾧ
1209 2305 1352 2359 κατὰ
1384 2304 1560 2359 νώτου
1594 2304 1657 2358 τὸ
1689 2321 1833 2358 στοι-

235 2404 387 2473 χεῖον
413 2402 472 2454 τὸ
505 2403 550 2455 Χ
591 2400 1005 2472 ἐγκεχάρακτο·
1062 2399 1204 2470 ἀνὴρ
1259 2394 1397 2470 δ’ἦν
1451 2397 1683 2453 ὄπισθεν
1734 2397 1830 2452 τοῦ

236 2493 435 2563 θηρὸς,
451 2493 643 2563 δόρατι
665 2492 755 2545 διὰ
780 2492 951 2563 μέσου
975 2491 1073 2545 τοῦ
1104 2492 1152 2545 Χ
1174 2491 1470 2545 διελαύνων
1487 2491 1580 2544 τὸν
1600 2490 1824 2545 Λέοντα.

254 2585 322 2638 Ἠ
357 2585 456 2652 μὲν
486 2579 581 2639 οὖν
617 2583 802 2655 βίϐλος
837 2581 953 2654 εἶχε
984 2585 1167 2646 ταυτὶ,
1196 2584 1294 2637 καὶ
1322 2577 1489 2654 ἦσαν,
1519 2582 1596 2647 ὡς
1629 2582 1830 2646 ἐδόκει,

240 2676 533 2730 Σιϐύλλεια
595 2676 1081 2748 χρησμῳδήματα.
1132 2674 1207 2730 Τὸ
1257 2674 1315 2728 δὲ
1371 2674 1473 2744 τῆς
1528 2673 1833 2745 εἰρημένης

234 2767 1159 2840 χρωματουργίαςἀἰνιγματῶδες
1200 2766 1647 2839 δυσερμήνευτον
1677 2764 1759 2830 δν,
1804 2767 1834 2820 6

233 2859 364 2912 τότε
398 2860 700 2930 κοιαίστωρ
728 2859 803 2922 ὡς
832 2859 1076 2927 λέγεται,
1101 2858 1460 2927 διεσάφησεν,
1487 2856 1662 2910 εἰπὼν
1691 2857 1835 2910 κατὰ

232 2951 343 3022 τὴν
395 2952 614 3023 ἡμέραν
653 2956 754 3023 τῆς
801 2953 1118 3023 Γεννὴσεως
1163 2950 1259 3006 τοῦ
1302 2950 1549 3023 Χριστοῦ
1607 2950 1834 3021 βασιλέα

235 3045 627 3116 ἀναιρεθῆναι.
657 3045 732 3099 Τὸ
759 3044 859 3116 μὲν
889 3044 999 3115 γὰρ
1032 3044 1226 3115 θηρίον
1260 3043 1489 3115 βασιλέα
1516 3043 1739 3113 δηλοῦν,
1770 3044 1834 3097 τὸ

235 3137 300 3192 δὲ
334 3137 382 3190 Χ
422 3136 525 3206 τὴν
571 3137 876 3208 εἰρημένην
910 3136 1130 3208 ἡμέραν
1160 3134 1525 3200 αἰνίττεσθαι,
1561 3134 1625 3188 τὸ
1658 3134 1718 3187 δὲ
1744 3135 1833 3188 διὰ

240 3228 416 3299 μέσου
463 3228 558 3282 τοῦ
602 3230 652 3282 Χ
700 3228 780 3299 τῷ
826 3229 1021 3282 Λέοντι
1048 3227 1109 3280 τὸ
1136 3227 1267 3299 δόρυ
1313 3226 1724 3299 ἐμπήγνυσθαι,
1774 3225 1835 3280 τὸ

239 3320 367 3375 κατ’
402 3320 576 3391 αὐτὴν
628 3323 728 3392 τὴν
781 3320 998 3391 ἡμέραν
1052 3319 1153 3389 τῆς
1200 3319 1399 3391 ἑορτῆς
1451 3321 1545 3373 τὸν
1603 3317 1835 3389 βασιλέα

239 3412 673 3484 κτανθήσεσθαι.
709 3411 899 3466 Ταῦτα
932 3411 1027 3466 τὸν
1069 3410 1304 3482 βασιλέα
1338 3412 1659 3483 ἐτάραττεν,
1698 3412 1838 3467 ἀλλὰ

242 3502 357 3575 μὴν
391 3504 487 3557 καὶ
513 3504 676 3559 αὐτὸν
708 3504 805 3557 καὶ
834 3504 896 3558 τὸ
926 3506 1027 3575 τῆς
1057 3504 1268 3575 μητρὸς
1299 3504 1656 3576 ἐξεδειμάτου
1713 3505 1837 3559 ἐνύ-

240 3611 424 3648 πνιον.
463 3592 652 3658 Ἔδοξε
702 3596 814 3664 γὰρ
857 3594 1046 3665 ἐκείνῃ
1075 3596 1134 3648 ἐν
1162 3593 1242 3665 τῷ
1282 3593 1398 3665 ναῷ
1428 3596 1527 3665 τῆς
1561 3595 1837 3666 Θεομὴτο-

243 3702 342 3760 ρος
375 3683 520 3739 εἶναι
550 3685 630 3756 τῷ
659 3687 718 3738 ἐν
749 3685 1111 3757 Βλαχέρναις,
1145 3689 1240 3741 καὶ
1265 3688 1405 3758 ὁρᾷν
1435 3688 1677 3756 γυναῖκά
1711 3705 1837 3742 τινα

239 3777 724 3850 προπεμπομένην
779 3776 1009 3847 ἀνδράσι
1059 3778 1418 3847 λευχείμοσι,
1471 3779 1571 3832 καὶ
1624 3779 1837 3850 πλῆρες

238 3872 495 3943 αἱμάτων
525 3870 586 3923 τὺ
617 3870 844 3924 δάπεδον
878 3867 974 3922 τοῦ
1008 3870 1164 3936 ναοῦ,
1196 3870 1437 3924 ἀκοῦσαί
1460 3887 1522 3924 τε
1550 3872 1651 3943 τῆς
1678 3872 1839 3944 δορυ-

240 3963 595 4036 φορουμένης
643 3962 885 4032 ἐκείνης,
921 3961 1255 4032 κελευούσης
1290 3962 1530 4033 αἵματος
1575 3963 1750 4033 ἄγγος
1783 3980 1836 4017 τι

240 4057 602 4129 πλησθῆναι,
644 4055 740 4110 καὶ
795 4055 1018 4127 δοθῆναι
1058 4058 1124 4127 τῇ
1179 4054 1274 4110 τοῦ
1322 4056 1589 4127 βασιλέως
1637 4057 1832 4129 μητρίο

239 4154 344 4221 τῆς
389 4150 447 4204 δὲ
500 4150 575 4220 μὴ
623 4149 994 4220 προσιεμένης
1034 4150 1095 4204 τὸ
1133 4150 1613 4222 προσφερόμενον,
1665 4153 1835 4221 φάναι

245 4245 346 4314 τὴν
391 4244 671 4315 περιφανῆ
721 4245 960 4312 γυναῖκα
1008 4243 1265 4315 ἐκείνην
1308 4243 1371 4298 '0
1421 4244 1490 4298 δὲ
1537 4244 1651 4312 σὸς
1704 4244 1837 4309 υἱὸς

242 4337 390 4404 τοὺς
432 4334 538 4405 ἐμὲ
579 4334 876 4405 τιμῶντας
904 4334 1170 4406 αἱμάτων
1202 4336 1566 4406 ἐμπίπλησι,
1597 4337 1695 4392 καί
1730 4338 1837 4391 τὸν

248 4432 402 4486 Θεὸν
425 4430 524 4484 καὶ
559 4430 697 4484 Υὶόν
721 4446 843 4497 μου
869 4431 956 4496 εἰς
996 4428 1187 4499 ὀργὴν
1208 4428 1417 4495 κινῶν,
1451 4432 1525 4485 οὐ
1555 4430 1831 4498 συνίησι.

1934 1934 2173 1990 ferarum
2215 1934 2522 2006 expressit,
2555 1945 2721 2007 atque
2769 1936 2914 1991 inter
2951 1945 3177 1992 caeteras
3224 1938 3311 1993 leo
3359 1939 3524 1993 etiam

1932 2025 2049 2080 fera
2106 2026 2219 2081 illic
2269 2027 2484 2096 pictus,
2529 2027 2716 2083 littera
2763 2046 2796 2098 χ
2830 2037 2984 2097 tergo
3029 2029 3150 2100 ejus
3195 2029 3524 2101 insculpta:

1933 2133 2078 2187 pone
2113 2118 2350 2174 bestiam
2383 2120 2467 2174 vir
2492 2120 2675 2175 stabat
2698 2163 2711 2183 ,
2769 2120 2867 2190 qui
2911 2122 3127 2176 leonem
3158 2136 3257 2192 per
3286 2123 3525 2178 medium

1934 2210 1968 2262 Χ
2007 2210 2388 2266 confodiebat.
2418 2211 2486 2265 Et
2539 2213 2656 2268 hrec
2700 2213 2845 2268 liber
2886 2214 3228 2278 continebat,
3277 2231 3400 2285 quae
3437 2216 3527 2270 Si-

1934 2301 2139 2373 byllina
2163 2304 2388 2359 oracula
2419 2305 2774 2374 putabantur.
2809 2305 2943 2377 Ejus
2975 2305 3206 2377 pictura:
3228 2309 3527 2362 obscurum
3585 2309 3598 2323 ‘

1934 2391 2309 2448 involucrum
2350 2404 2595 2464 quaestor
2664 2396 2813 2451 illius
2885 2397 3153 2467 temporis
3223 2399 3530 2468 explicasse

1932 2481 2132 2545 fertur,
2160 2492 2217 2538 et
2238 2483 2441 2539 dixisse
2475 2483 2864 2555 imperatorem
2889 2486 2976 2541 die
3008 2487 3323 2542 Nativitatis
3365 2489 3529 2543 Chri-

1933 2576 2002 2631 sti
2039 2577 2284 2633 occisum
2329 2577 2396 2631 iri
2434 2594 2449 2632 :
2490 2592 2617 2632 nam
2660 2578 2839 2632 feram
2889 2570 3207 2650 signiﬁcare
3260 2579 3526 2646 Leonem,

1931 2666 2173 2723 litteram
2222 2687 2255 2740 χ
2304 2669 2451 2724 diem
2504 2670 2657 2724 illum
2705 2671 2978 2731 innuere,
3024 2680 3081 2726 et
3123 2672 3252 2742 quia
3282 2687 3382 2741 per
3411 2686 3530 2725 me.

1934 2760 2085 2815 dium
2119 2779 2151 2831 χ
2186 2761 2340 2816 hasta
2373 2762 2429 2817 in
2477 2763 2691 2817 leonem
2738 2761 3061 2832 inﬁgeretur
3083 2803 3098 2828 ,
3135 2764 3527 2834 imperatorem

1933 2871 2002 2912 eo
2035 2854 2126 2910 die
2160 2855 2405 2911 occisum
2450 2856 2542 2911 iri.
2592 2856 2718 2911 Ila-c
2751 2856 3147 2926 imperatorem
3184 2857 3487 2912 turbabant
3513 2899 3530 2921 ,

1935 2962 2039 3003 nec
2078 2948 2263 3003 minus
2292 2948 2488 3003 matris
2534 2947 2780 3002 terrebat
2824 2948 3186 3004 insomnium.
3220 2948 3531 3006 Videbatur

1936 3038 2028 3093 illa
2078 3038 2181 3094 sibi
2234 3040 2287 3094 in
2333 3039 2451 3094 aede
2501 3039 2751 3110 Deiparae
2804 3039 3208 3095 Blacherniana
3267 3056 3415 3106 esse,
3474 3047 3534 3095 et

1936 3144 2165 3184 cernere
2214 3140 2522 3184 matronam
2562 3129 2896 3200 quamdam,
2940 3146 3103 3201 quam
3148 3131 3533 3187 adolescentes

1939 3222 2190 3278 candidis
2218 3223 2397 3278 induti
2432 3222 2678 3278 vestibus
2703 3223 3142 3287 comitarentur,
3171 3232 3227 3279 et
3276 3224 3410 3279 aedis
3442 3238 3533 3279 so-

1939 3316 2052 3371 lum
2105 3314 2376 3386 sanguine
2424 3315 2785 3382 redundare,
2847 3317 3152 3386 audireque
3220 3327 3531 3372 matronam

1940 3409 2091 3465 illam
2121 3410 2317 3481 jubere
2345 3410 2463 3464 dari
2495 3411 2653 3464 matri
2689 3410 3042 3479 imperatoris
3071 3425 3167 3463 vas
3207 3424 3276 3466 eo
3305 3411 3532 3481 sangui-

1940 3517 2011 3559 ne
2066 3503 2324 3573 plenum,
2366 3518 2489 3574 quae
2550 3518 2677 3558 cum
2732 3503 2785 3560 id
2857 3505 3279 3569 adversaretur,
3334 3506 3526 3562 dicere

1941 3597 2212 3654 illustrem
2263 3598 2411 3653 illam
2454 3607 2762 3654 matronam
2793 3615 2809 3657 :
2838 3600 2909 3654 At
2949 3599 3098 3669 ﬁlius
3144 3610 3266 3656 tuus
3314 3618 3401 3658 eos
3441 3602 3534 3673 qui

1942 3706 2024 3744 me
2052 3700 2397 3755 venerantur,
2425 3694 2690 3762 sanguine
2718 3693 2924 3763 implet,
2952 3710 3122 3765 neque
3149 3694 3398 3765 intelligit
3418 3736 3435 3761 ,
3475 3711 3534 3750 se

1939 3791 1989 3836 et
2016 3781 2186 3835 Deum
2223 3793 2275 3835 et
2307 3781 2506 3837 Filium
2537 3800 2708 3838 meum
2749 3787 2819 3838 ad
2840 3787 2981 3839 iram
3016 3802 3359 3841 commovere.
3403 3786 3532 3843 Haec

1940 3875 1995 3929 in
2046 3875 2260 3930 somnis
2305 3874 2443 3931 vidit
2490 3875 2695 3931 Leonis
2740 3885 2948 3941 mater,
2983 3877 3204 3948 ﬁlioque
3249 3881 3530 3949 exposuit,

1938 3965 2239 4030 obtestata,
2273 3966 2412 4020 utin
2446 3965 2792 4021 venerandas
2838 3967 3106 4038 imagines
3139 3969 3335 4041 saevire
3384 3969 3534 4026 desi-

1938 4063 2130 4111 steret.
2190 4055 2298 4111 Sed
2347 4055 2518 4111 miser
2571 4056 2745 4112 homo
2796 4057 3188 4119 obsurduerat.
3244 4058 3530 4130 Deumque

1938 4145 2211 4202 lacessere
2262 4145 2545 4217 pergebat.
2587 4147 2686 4202 Est
2729 4155 2787 4201 et
2846 4157 3071 4203 sanctus
3116 4148 3378 4203 'l‘arasius
3417 4148 3530 4219 jam

1938 4252 2005 4291 ex
2048 4237 2152 4293 hac
2183 4251 2494 4293 aerumnosa
2523 4237 2632 4292 vita
2663 4238 2991 4305 translatus,
3020 4239 3240 4294 cuidam
3286 4238 3343 4293 in
3382 4254 3531 4294 som-

1941 4328 2029 4385 nis
2083 4329 2272 4395 visus,
2319 4327 2414 4399 qui
2464 4327 3119 4400 Michaelemquemdam
3168 4330 3530 4397 inclamaret,

1938 4435 2176 4490 eumque
2234 4419 2303 4474 ad
2352 4419 2723 4474 invadendum
2771 4427 2829 4475 et
2871 4419 3236 4475 occidendum
3291 4419 3530 4475 Leonem

247 4522 441 4578 Ταῦτα
489 4524 546 4575 ἐν
585 4520 819 4591 ὀνείροις
848 4515 992 4574 εἶδεν
1020 4522 1054 4591 ἡ
1089 4525 1282 4593 μὴτηρ
1313 4521 1408 4576 τοῦ
1456 4522 1706 4588 Λέοντος,
1739 4524 1833 4575 καὶ

1940 4511 2283 4566 hortaretur.
2332 4510 2440 4566 Sed
2487 4519 2544 4567 et
2589 4510 2976 4567 Philomeliani
3030 4510 3286 4566 monachi
3326 4512 3531 4582 praedi-

245 4613 326 4683 τῷ
360 4612 463 4685 υἱῷ
495 4611 803 4683 ἀπήγγειλε
843 4611 906 4663 τὸ
936 4613 1216 4679 ἐνύπνιον,
1250 4612 1347 4665 καὶ
1383 4613 1566 4666 ἐδέετο
1620 4613 1837 4667 παύσα-

250 4704 378 4756 σθαι
428 4701 526 4754 τοῦ
579 4702 722 4756 κατὰ
776 4699 885 4753 τῶν
924 4701 1140 4754 σεπτῶν
1182 4701 1412 4757 εἰκόνων
1456 4701 1834 4772 τολμήματος.

262 4795 407 4849 Ἀλλ’
427 4793 696 4863 ὲξεκὼφει
724 4793 752 4844 6
782 4791 1039 4857 δείλαιος,
1060 4794 1157 4848 καὶ
1184 4792 1475 4864 θεομαχῶν
1505 4795 1606 4847 οὐκ
1634 4794 1838 4847 ἐπαύε-

249 4906 334 4942 το.
367 4883 545 4940 Ὧπτο
570 4886 629 4939 δὲ
658 4890 751 4940 καὶ
779 4890 807 4940 6
838 4887 980 4951 θεῖος
1011 4888 1368 4958 πατριάρχης
1400 4888 1676 4957 Ταράσιος
1713 4888 1834 4942 καθ’

255 4982 460 5045 ὕπνους
499 4980 632 5045 τινὶ,
660 4981 761 5052 ἡδη
798 4980 896 5051 τῆς
926 4980 1197 5050 ἐπικήρου
1231 4979 1439 5052 ταύτης
1481 4980 1628 5049 ζωῆς
1662 4998 1833 5053 μετα-

258 5071 411 5136 στὰς,
453 5066 823 5138 ἐπιϐοώμενός
869 5082 995 5120 τινα
1041 5066 1287 5138 Μιχαὴλ,
1324 5068 1421 5121 καὶ
1458 5067 1710 5123 ἐπελθεῖν
1757 5067 1836 5138 τῷ

259 5161 475 5225 Λέοντι,
526 5158 623 5213 καὶ
660 5159 873 5210 κτεῖναι
928 5158 1122 5210 τοῦτον
1181 5158 1629 5228 ἐγκελευόμενος.
1674 5160 1836 5214 Ἀλλὰ

260 5253 357 5308 καὶ
384 5253 418 5323 ἡ
444 5249 541 5305 τοῦ
569 5255 627 5306 ὲν
658 5249 737 5321 τῷ
785 5248 1087 5321 Φιλομιλίῳ
1121 5248 1364 5321 μοναχοῦ
1412 5251 1837 5323 προαγόρευσις,

260 5343 358 5398 καὶ
383 5342 501 5397 ἄλλ’
526 5342 664 5396 ἄττα
695 5340 1012 5414 ὑπέθραπτε
1043 5342 1136 5394 τὸν
1163 5341 1373 5395 Λέοντα
1397 5342 1494 5396 καὶ
1539 5342 1836 5413 ἐδείμαινε.

259 5435 408 5499 Τέως
437 5435 483 5489 δ’
515 5433 611 5490 οῦν
643 5433 844 5498 κλοιοῖς
876 5433 1002 5497 τοὺς
1035 5433 1203 5497 πόδας
1230 5433 1326 5487 τοῦ
1361 5435 1587 5507 Μιχαὴλ
1608 5436 1837 5504 ἐνδησά-

260 5544 444 5599 μενος,
486 5528 580 5583 τὸν
628 5528 730 5598 μὲν
755 5527 834 5598 τῷ
868 5527 1058 5597 Παπίᾳ
1089 5526 1619 5597 φρουρηθησόμενον
1658 5545 1839 5600 παρα·

267 5620 521 5675 δέδωκεψ
557 5619 721 5684 αὐτὸς
761 5618 820 5673 δὲ
847 5618 948 5689 τὴν
980 5619 1163 5673 κλεῖδα
1193 5620 1413 5690 κατεῖχε
1440 5618 1536 5673 τοῦ
1579 5619 1833 5691 σιδηρέου

258 5710 459 5782 δεσμοῦ
490 5726 504 5742 ·
539 5711 837 5782 ἐμφροντις
881 5709 939 5764 δὲ
980 5710 1081 5781 τὴν
1131 5709 1305 5764 νύκτα
1354 5709 1561 5779 διάγων
1585 5713 1690 5766 οὐκ
1720 5707 1835 5784 εἶχε

257 5800 348 5856 τὸν
369 5801 537 5859 ὕπνον
568 5804 679 5868 τοῖς
705 5802 950 5875 ὄμμασιν
977 5801 1144 5860 αὐτοῦ
1178 5801 1529 5875 ἐφιςάνονταο
1560 5804 1835 5875 ἀφίπτατο

1947 4605 2060 4660 ctio
2090 4612 2147 4660 et
2187 4603 2295 4659 alia
2342 4604 2592 4675 quaedam
2645 4602 2885 4658 Leonem
2924 4603 3221 4658 turbabant
3258 4612 3316 4659 et
3358 4613 3532 4659 terre-

1947 4698 2102 4754 bant.
2179 4698 2395 4754 lnterea
2463 4697 2784 4753 Michaelem
2856 4696 3215 4768 compedibus
3280 4697 3528 4752 vinctum

1948 4790 2130 4860 Papiae
2163 4789 2585 4846 custodiendum
2632 4788 2897 4853 tradidit,
2935 4789 3141 4844 clavem
3175 4804 3311 4843 sera:
3333 4788 3530 4843 ferreae

1947 4882 2067 4952 ipse
2111 4881 2446 4947 asscrvavit,
2490 4897 2723 4952 eamque
2773 4888 2996 4936 noctem
3044 4880 3337 4935 sollicitam
3367 4889 3423 4936 et
3461 4894 3529 4933 ex

1944 4976 2316 5031 sollicitudine
2348 4977 2654 5031 insomnem
2696 4975 2828 5045 egit.
2859 4974 3040 5041 Quare
3068 4972 3247 5043 Papiae
3270 4972 3530 5028 conclave

1947 5067 2251 5139 ingressus,
2295 5068 2616 5124 Michaelem
2659 5068 2715 5122 in
2759 5068 2903 5122 lecto
2946 5065 3122 5121 otiose
3160 5064 3529 5119 dormientem

1945 5163 2139 5230 videt,
2172 5162 2397 5233 Papiam
2434 5176 2570 5216 vero
2608 5159 2762 5215 humi
2792 5161 3067 5230 jacentem
3104 5172 3119 5212 :
3151 5156 3300 5227 quod
3348 5157 3434 5211 vel
3469 5163 3530 5210 ut

1947 5254 2245 5311 bonoraret
2277 5253 2597 5309 Michaelem
2623 5252 2889 5318 faciebat,
2922 5250 3041 5313 vel,
3079 5257 3141 5304 ut
3192 5247 3527 5320 putabatur,

1948 5346 2271 5402 insidiarum
2301 5354 2495 5402 contra
2528 5345 2920 5416 imperatorem
2948 5342 3227 5398 conscius.
3256 5340 3328 5398 Ut
3359 5340 3529 5411 igitur

1945 5439 2269 5495 Michaelem
2320 5452 2515 5493 somno
2560 5435 2837 5508 profundo
2887 5445 2944 5492 et
2996 5435 3151 5490 suavi
3200 5447 3527 5505 Oppressum

1947 5529 2112 5594 vidit,
2143 5529 2349 5586 nullam
2379 5528 2810 5585 sollicitudinem
2846 5543 2959 5599 prae
2995 5542 3054 5584 se
3092 5527 3405 5583 ferentem:
3442 5541 3529 5582 re-

1951 5623 2118 5677 cessit
2170 5621 2389 5688 iratus,
2448 5622 2700 5694 iramque
2769 5622 3071 5694 agitatione
3126 5620 3288 5693 135.
3333 5634 3530 5676 manus

1950 5714 2273 5770 declaravit.
2314 5715 2392 5770 Ac
2426 5723 2753 5772 ceterorum
2795 5730 2960 5772 nemo
3010 5716 3131 5787 ejus
3176 5712 3531 5785 praesentiam

1949 5805 2415 5883 animadverterat
2452 5815 2653 5891 praeter
2685 5823 2856 5866 unum
2905 5809 3086 5879 Papiae
3135 5807 3384 5879 vigilem,
3432 5802 3530 5875 qui
