4068 6386
320 344 452 410 13H

1553 338 1757 398 ΛΝΝΑ
1769 338 1962 400 LIUM
2005 338 2152 398 LIB.
2197 337 2321 398 XV.

3451 332 3474 399 Ῑ
3486 337 3592 400 382

389 465 521 520 KB'.
555 460 769 516 Ἕωθεν
799 453 895 514 οὖν
925 459 954 511 6
987 456 1202 529 Μιχαὴλ
1236 457 1316 519 εἰς
1346 455 1444 526 τήν
1488 456 1751 526 Μεγάλην
1815 459 1906 509 ἐκ·

2087 452 2257 506 ΧΧΙΙ.
2327 448 2484 504 Mane
2552 446 2785 504 Michael
2845 447 2903 503 in
2969 447 3224 522 Magnam
3300 452 3594 512 ecclesiam

317 558 552 627 κλησίαν
595 554 846 624 ἀφίκετο,
900 551 1401 620 ταινιωθησὸμενος
1454 549 1774 618 διαδήματι,
1813 547 1908 616 δη-

321 650 486 720 μοσίᾳ
545 665 605 701 τε
672 643 1192 718 ἀναρῤηθησόμενος
1226 681 1241 706 ,
1300 643 1397 712 τὴν
1465 640 1782 712 μιαιφονίαν
1828 640 1906 708 (4)

324 740 399 809 μὴ
455 737 827 808 λογιζόμενος,
876 735 973 789 καὶ
1017 737 1118 804 τῆς
1163 734 1526 805 ἀναρρήσεως
1574 732 1760 802 ἔτυχε.
1791 731 1905 801 Τὴν

321 832 379 885 δὲ
433 830 526 883 τοῦ
584 831 814 893 Λέοντος
869 826 1119 898 γαμετὴν
1165 827 1259 880 καὶ
1318 825 1447 888 τοὺς
1499 825 1700 887 παῖδας
1760 823 1903 888 (τέσ-

322 940 492 991 σαρες
562 921 606 974 δ’
637 919 786 992 ἦσαν
817 961 830 985 ,
892 919 1196 982 Σαὸὅὰτιος
1249 917 1309 982 ὃς
1376 919 1435 970 ἐν
1483 916 1562 987 τῷ
1612 914 1912 986 ἀναγορεύ-

329 1012 486 1066 εσθαι
520 1014 912 1082 μετωνόμαστο
941 1011 1372 1074 Κωνσταντῖνος,
1416 1006 1696 1070 Βασίλειός
1720 1024 1781 1060 τε
1811 1007 1908 1061 καλ⁸

325 1104 648 1174 Γρηγόριος,
684 1104 783 1156 καὶ
813 1102 1080 1172 τέταρτος
1115 1099 1421 1171 Θεοδόσιος)
1467 1098 1579 1152 τῶν
1614 1097 1905 1167 βασιλείων

326 1195 678 1264 καταγαγὼν,
705 1194 806 1265 τὴν
837 1193 940 1264 μὲν
973 1195 1030 1247 ἐν
1067 1191 1133 1264 τῇ
1190 1195 1324 1264 μονῇ
1367 1191 1622 1262 καθεῖρξε
1666 1191 1776 1244 τῶν
1817 1191 1908 1244 δε-

324 1286 564 1352 σποτῶν,
604 1286 732 1346 τοὺς
761 1285 817 1338 δὲ
851 1287 931 1349 είς
960 1284 1059 1356 τὴν
1104 1283 1337 1356 Πρώτην
1368 1283 1714 1354 καλουμένην
1740 1282 1904 1353 νῆσον

323 1381 668 1450 περιορίσας,
693 1378 945 1442 ἅπαντας
969 1379 1066 1448 τῆς
1095 1376 1442 1449 ἀρρενωπίας
1470 1376 1756 1446 ἐστέρησε.
1790 1377 1903 1430 Kal.

321 1473 351 1524 6
387 1470 488 1542 μὲν
517 1470 797 1534 Θεοδόσιος
833 1469 1051 1535 ἔθανεν,
1082 1471 1111 1522 ὁ
1141 1469 1199 1521 δὲ
1226 1469 1642 1530 Κωνσταντῖνος
1685 1465 1903 1536 ἀφωνία

323 1563 556 1633 κάτοχος
579 1563 793 1632 γέγονε·
827 1562 895 1616 δι’
931 1563 998 1632 ἢν
1027 1561 1209 1614 ἐδέετο
1237 1559 1555 1630 θερμότατα
1593 1557 1689 1612 τοῦ
1737 1558 1900 1622 Θεοῦ,

324 1655 462 1710 ἀλλά
492 1655 599 1725 μὴν
648 1655 744 1709 καλ⁵
784 1655 880 1708 τού
915 1655 1152 1725 μεγάλου
1205 1653 1422 1722 Πατρὸς
1467 1650 1773 1722 Γρηγορίου
1808 1651 1902 1704 τοῦ

326 1747 614 1815 Θεολόγου,
653 1745 948 1818 ἐνδελεχῶς
997 1744 1077 1814 τῷ
1131 1744 1296 1798 αὐτοῦ
1363 1740 1699 1814 προσφυγὼν
1740 1742 1905 1795 ἐκτυ-

2014 545 2190 607 venit,
2245 550 2308 598 ut
2354 541 2669 596 diademate
2718 549 3036 608 ornaretur,
3079 552 3136 599 et
3183 543 3406 614 publice
3457 561 3594 617 pro-

2012 636 2372 699 clamaretur,
2407 649 2732 704 sacramque
2757 634 2965 701 aedem,
3001 651 3113 690 non
3146 635 3334 692 habita
3371 639 3593 695 nefaria:

2014 726 2182 782 caedis
2253 724 2504 788 ratione,
2566 723 2852 794 ingressus
2906 734 3028 793 est,
3087 735 3145 782 et
3196 729 3312 783 vcti
3366 744 3595 800 compos

2013 819 2214 886 factus,
2237 818 2439 874 Leonis
2459 832 2710 884 uxorem,
2736 817 2894 888 135
2921 827 3158 888 quatuor
3171 820 3333 886 filios,
3360 820 3596 876 Sabbat-

2015 911 2176 979 tium,
2233 911 2324 966 cui
2380 925 2506 965 cum
2549 912 2854 981 imperator
2914 911 3342 981 inauguraretur
3391 929 3593 969 nomen

2012 1001 2364 1057 Constantini
2412 1001 2595 1058 fuerat
2641 1002 2908 1065 inditum,
2942 1001 3228 1069 Basilium,
3264 1004 3592 1076 Gregorium

2009 1102 2069 1150 et
2099 1093 2497 1160 Theodosium,
2530 1096 2679 1166 regia
2712 1095 2924 1160 eduxit,
2961 1110 3026 1150 ac
3054 1097 3345 1153 mulierem
3377 1098 3437 1153 in
3475 1114 3595 1154 mo-

2013 1187 2258 1242 nasterio
2300 1189 2668 1258 Despotarum
2713 1188 2960 1253 inclusit,
2997 1188 3381 1246 adolescentes
3413 1190 3470 1246 in
3508 1191 3596 1246 in-

2013 1279 2192 1333 sulam
2227 1280 2453 1334 Protam
2491 1280 2754 1350 relegavit
2788 1296 3004 1345 omnes,
3041 1280 3298 1337 virilibus
3332 1283 3592 1341 exsectis.

2011 1373 2091 1428 Ex
2150 1374 2234 1428 his
2286 1373 2636 1429 Theodosius
2687 1373 2868 1438 obiit,
2934 1373 3333 1432 Constantinus
3399 1392 3595 1432 vocem

2011 1465 2217 1522 amisit.
2250 1464 2365 1533 Qua
2402 1467 2470 1522 de
2515 1481 2678 1521 causa
2722 1467 2897 1522 Deum
2945 1467 3370 1524 ferventissimis
3415 1471 3598 1540 preci-

2013 1561 2120 1618 bus
2158 1563 2362 1629 oravit,
2397 1562 2492 1618 scd
2528 1572 2584 1618 et
2612 1563 2790 1634 magni
2837 1563 3016 1617 Patris
3042 1563 3294 1634 Gregorii
3324 1563 3596 1636 Theologi

2013 1654 2307 1724 imaginem
2347 1655 2700 1711 continenter
2747 1656 3024 1720 accessit,
3074 1666 3136 1710 ut
3175 1656 3280 1710 sibi
3329 1657 3592 1726 loquendi

2013 1745 2254 1803 facultas
2317 1748 2756 1803 restitueretur:
2835 1763 2960 1802 nam
3007 1763 3114 1802 una
3170 1763 3294 1802 cum
3357 1747 3595 1818 imperio

325 1841 570 1910 πώματι,
605 1838 1030 1910 περιαιρεθῆναι
1055 1836 1154 1908 τὴν
1186 1836 1434 1905 ἀφωνίαν
1459 1833 1649 1888 αὑτοῦ·
1695 1836 1761 1904 τῇ
1794 1833 1905 1905 γὰρ

2014 1840 2174 1893 etiam
2220 1848 2451 1908 paterna
2478 1840 2764 1908 impietate
2798 1839 2959 1893 liberi
3003 1838 3204 1894 Leonis
3240 1838 3594 1895 exciderunt.

325 1933 598 1986 ἐκπτώσει
622 1935 722 2003 τῆς
761 1930 1043 2001 βασιλείας
1074 1931 1169 1982 καὶ
1206 1928 1308 1998 τῆς
1357 1925 1640 1998 πατρικῆς
1678 1926 1907 1980 κακοδο-

329 2025 448 2090 ξίας
479 2026 529 2078 οἱ
572 2024 766 2087 παῖδες
823 2019 921 2075 τοῦ
953 2021 1186 2084 Λέοντος
1227 2018 1618 2084 συνεξέπεσον.
1679 2019 1906 2085 Ἕδοξεν

326 2116 421 2171 οὖν
449 2134 580 2168 ποτε
613 2121 641 2170 ὁ
669 2102 820 2183 ἕγιος
866 2115 924 2166 ἐν
958 2112 1149 2175 ὕπνοις
1177 2111 1466 2180 ἐπιστῆναι
1495 2110 1668 2181 αὐτῷ,
1717 2109 1908 2163 κελεύ-

326 2226 404 2263 ων
456 2208 757 2277 ἀναστῆναι
788 2205 882 2259 καὶ
916 2201 1231 2272 ἀναγνῶναι
1266 2204 1326 2256 τὺ
1365 2201 1560 2257 Πάλιν
1597 2203 1842 2270 Ἰησοῦς
1873 2203 1906 2258 ὁ

332 2299 490 2369 ἐμός.
527 2298 587 2352 Ὀ
621 2298 678 2351 δὲ
704 2298 1089 2360 πεπιστευκὼς
1113 2295 1192 2365 τῷ
1241 2295 1482 2364 ὁράματι
1531 2294 1788 2364 εἰσῆλθεν
1815 2295 1906 2349 ἐπ’

328 2393 648 2465 ἐκκλησίας,
687 2393 785 2446 καὶ
828 2393 1067 2460 ἀνέγνω,
1116 2392 1190 2461 μή
1221 2404 1372 2452 τινος
1411 2389 1578 2443 αὑτοῦ
1617 2404 1909 2461 παρεμπο-

326 2485 563 2549 δίζοντος
587 2486 651 2556 τῇ
681 2486 856 2556 φωνῇ.
892 2484 955 2536 El
985 2481 1042 2536 δέ
1070 2481 1164 2535 καὶ
1191 2479 1594 2552 περιγράπτοις
1614 2481 1784 2551 ὁρίοις
1806 2481 1905 2552 τὴν

329 2575 580 2644 σύζυγον,
614 2575 690 2639 ὡς
715 2573 956 2645 εἴρηται,
998 2571 1096 2625 καὶ
1131 2571 1261 2633 τοὺς
1291 2570 1488 2632 παῖδας
1531 2569 1628 2622 τοῦ
1673 2571 1905 2634 Λέοντος

329 2685 394 2721 πε
406 2666 720 2739 ριέγραψεν,
747 2665 862 2720 ἀλλ’
893 2665 994 2719 ούκ
1024 2665 1407 2735 ἁχορηγήτους
1429 2663 1715 2717 κατέλιπε.
1738 2663 1905 2724 Τινάς

329 2758 386 2811 δέ
429 2760 540 2811 τῶν
575 2759 827 2828 κτήσεων
873 2756 1054 2810 αὐτῶν
1088 2756 1273 2818 αὐτοῖς
1313 2754 1804 2826 προσεκλήρωσεν,
1840 2755 1907 2809 ἵν’

329 2848 394 2902 ἐκ
430 2849 635 2902 τούτων
659 2847 733 2902 τὰ
765 2846 904 2918 πρὸς
931 2846 1125 2917 χρείαν
1161 2845 1496 2916 πορίζοιντο·
1525 2846 1621 2900 καί
1657 2862 1811 2910 τινας
1849 2845 1908 2899 δὲ

330 2940 472 3012 πρὸς
526 2940 837 3010 ὑπηρεσίαν
895 2940 1080 3003 αὐτοῖς
1129 2938 1596 3010 προσαπένειμεν.
1661 2938 1908 3011 Ὤρμητο

335 3035 518 3105 μέντοι
556 3033 584 3086 6
621 3031 844 3102 Μιχαὴλ
897 3025 1052 3094 οὗτος
1099 3029 1161 3095 ἐξ
1225 3028 1505 3099 Ἀμορίου,
1550 3029 1760 3093 πόλεως
1808 3032 1908 3100 τῆς

329 3126 444 3179 ἄνω
483 3126 747 3192 Φρυγίας,
781 3125 840 3176 ἐν
879 3119 912 3198 ᾗ
957 3121 1203 3176 Ἰουδαῖοί
1252 3139 1312 3174 τε
1351 3121 1447 3174 καὶ
1489 3120 1902 3195 Ἀθίγγανοι(5)

333 3218 425 3271 καὶ
462 3215 675 3270 ἀσεύῶν
706 3215 910 3286 ἐτέρων
956 3212 1170 3284 πληθὺς
1220 3211 1625 3282 ἐγκατῴκιστο,
1678 3213 1772 3265 καί
1821 3229 1904 3277 τις

330 3311 393 3364 ἐκ
417 3309 624 3362 τούτων
648 3302 716 3378 ἦν
747 3310 928 3360 ἐκεῖσε
961 3305 1272 3374 σύμμικτος
1294 3303 1524 3373 αἵρεσις,
1562 3297 1629 3374 ἧς
1659 3317 1910 3372 συμμετ-

330 3406 472 3474 έχειν
511 3404 609 3456 καὶ
645 3394 798 3463 οὗτος
839 3401 867 3452 6
909 3396 1131 3469 Μιχαὴλ
1164 3397 1406 3464 λέγεται.
1444 3397 1556 3449 Καὶ
1590 3398 1624 3465 ὴ
1683 3397 1901 3468 αἵρεσις

330 3498 393 3550 τὸ
434 3495 536 3565 μὲν
586 3495 732 3546 θεῖον
781 3489 1072 3560 βάπτισμα
1119 3489 1360 3559 δέχεται,
1394 3489 1492 3559 τὴν
1521 3489 1578 3542 δέ
1605 3491 1910 3561 Μωσαῖκὴν

331 3587 600 3657 διαταγὴν
649 3583 890 3638 διδάσκει
921 3585 1134 3654 τηρεῖν,
1163 3583 1321 3646 ἐκτὸς
1354 3582 1445 3635 τοῦ
1481 3585 1909 3654 περιτέμνεσθαι

333 3682 434 3752 τὴν
461 3677 854 3750 ἀκροϐυστίαν.
896 3672 1023 3747 Εἶχε
1059 3675 1119 3728 δὲ
1171 3679 1268 3728 καὶ
1313 3675 1571 3729 Ἰουδαῖον
1614 3695 1739 3731 τινα
1783 3679 1910 3732 κατ’

331 3770 482 3827 οἶκον
515 3768 974 3841 παιδοτριϐοὖντα.
997 3770 1183 3822 αὐτόν.
1211 3767 1382 3822 Ὅθεν
1421 3769 1522 3822 οὐκ
1558 3765 1629 3841 ἦν
1677 3787 1729 3823 τι
1776 3772 1911 3844 παρ’

333 3864 483 3935 αὑτῷ
531 3864 717 3934 εὑρεῖν
775 3859 1109 3932 ἀκραιφνὲς,
1155 3860 1271 3916 ἀλλ’
1309 3855 1400 3932 ἦν,
1435 3862 1511 3923 ὡς
1539 3864 1716 3916 εἰπεῖν
1745 3865 1772 3916 6
1815 3866 1912 3919 ἆν-

333 3961 552 4031 θρωπος
587 3955 951 4027 πανσπερμία
1000 3953 1288 4024 αἱρέσεως.
1343 3953 1434 4007 Διὸ
1487 3956 1583 4010 καὶ
1641 3955 1720 4026 τῷ
1768 3957 1911 4028 λόγῳ

332 4051 634 4119 ἀπήχθετο,
669 4047 746 4111 ὡς
781 4048 860 4110 είς
909 4045 1226 4115 ἀνατροπὴν
1270 4045 1385 4099 ὄντι
1437 4047 1538 4115 τῆς
1591 4049 1911 4115 κακοδοξίας

334 4141 522 4195 αὑτοῦ.
571 4138 804 4210 ’Λπορίᾳ
828 4138 886 4191 δέ
919 4137 1098 4201 συζῶν
1123 4138 1188 4190 ἐκ
1210 4137 1488 4206 νεότητος,
1517 4141 1905 4211 ἐστρατεύετο.

337 4236 475 4289 Ποτέ
506 4233 688 4286 τοίνυν
721 4229 801 4302 τῷ
849 4231 1215 4302 ταγματάρχῃ
1272 4230 1592 4302 προσελθὼν
1642 4234 1772 4304 περί
1807 4253 1903 4290 του

336 4327 530 4381 ἐδέετο.
569 4324 659 4394 Τῷ
688 4323 746 4378 δὲ
780 4323 942 4393 έτυχέ
966 4341 1053 4386 τις
1090 4323 1414 4390 Ἀθίγγανο;
1463 4328 1771 4397 παρεστὼς,
1802 4328 1899 4382 καί

337 4435 471 4490 φησι
502 4417 640 4488 πρὸς
668 4416 761 4470 τὸν
798 4415 1128 4484 στρατηγὸν,
1164 4417 1222 4469 ἐν
1249 4418 1588 4488 ἀπορρήτοις
1614 4419 1706 4473 τὸν
1747 4420 1906 4490 λόγον

2010 1930 2322 2001 Aliquando
2351 1931 2517 2002 igitur
2552 1943 2778 1986 sanctus
2809 1930 2864 1984 in
2897 1930 3106 1984 somnis
3142 1932 3193 1984 ei
3231 1939 3412 1986 astare
3444 1930 3596 1986 visus

2011 2031 2118 2090 est,
2152 2033 2209 2079 et
2237 2025 2434 2094 jubere
2467 2032 2529 2078 ut
2553 2032 2828 2094 surgeret,
2868 2039 2932 2078 ac
2981 2023 3154 2078 illud:
3196 2022 3400 2078 Iterum
3441 2022 3595 2078 Iesus

2014 2133 2180 2183 meus,
2218 2117 2448 2188 legeret.
2478 2116 2559 2170 Eo
2614 2117 2734 2171 viso
2771 2115 2949 2172 fretus
2981 2117 3268 2172 ecclesiam
3314 2117 3597 2188 ingressus

2010 2219 2115 2273 est,
2145 2225 2208 2265 ac
2240 2209 2378 2264 citra
2409 2207 2866 2280 impedimentum
2897 2209 3073 2263 ullum
3101 2211 3254 2266 vocis
3277 2209 3432 2281 legit.
3475 2210 3594 2266 Etsi

2011 2311 2196 2357 autem
2262 2301 2496 2357 Michael
2550 2300 2752 2357 Leonis
2808 2317 3037 2356 uxorem
3091 2312 3148 2356 et
3195 2302 3403 2357 liberos
3451 2303 3596 2360 intra

2011 2405 2197 2450 certos
2238 2394 2446 2450 limites
2495 2393 3050 2463 circumscripserat,
3104 2403 3166 2448 ut
3219 2394 3427 2450 dictum
3482 2405 3594 2462 est,

2013 2503 2122 2542 non
2158 2495 2339 2541 tamen
2377 2501 2538 2555 egere
2571 2500 2768 2554 passus
2805 2492 2906 2546 est,
2938 2485 3270 2554 quibusdam
3306 2501 3372 2541 ex
3402 2501 3596 2542 eorum

2013 2577 2481 2648 possessionibus,
2553 2577 2699 2631 unde
2749 2577 3064 2631 necessaria
3106 2585 3498 2646 suppeterent,
3539 2587 3598 2634 et

2013 2670 2188 2724 servis
2237 2668 2307 2723 ad
2368 2668 2737 2723 ministerium
2802 2668 3109 2722 attributis.
3161 2665 3445 2723 Oriundus
3493 2668 3599 2724 fuit

2013 2760 2249 2816 Michael
2278 2761 2529 2826 Amorio,
2577 2759 2882 2830 superioris
2915 2758 3163 2830 Phrygiae
3203 2759 3362 2826 urbe,
3402 2761 3457 2816 in
3488 2777 3597 2832 qua

2016 2851 2190 2908 Judaei
2215 2893 2230 2919 ,
2262 2851 2564 2920 Athingani
2589 2891 2604 2915 ,
2639 2859 2696 2906 et
2722 2851 2954 2907 aliorum
2987 2851 3282 2921 impiorum
3314 2854 3473 2910 turba
3503 2854 3602 2910 ha-

2016 2943 2289 3011 bitabant,
2351 2943 2498 2998 unde
2532 2942 2760 2998 confusa
2796 2943 3044 3010 quardam
3083 2953 3230 2999 secta
3274 2945 3594 3012 exsistebat,

2014 3037 2174 3107 cujus
2201 3043 2256 3091 et
2280 3035 2395 3106 ipse
2427 3034 2702 3104 particeps
2736 3033 2907 3090 fuisse
2961 3035 3224 3090 creditur.
3268 3037 3344 3092 Ea
3381 3040 3598 3096 tametsi

2015 3137 2424 3184 sacrosanctum
2453 3127 2726 3197 baptisma
2756 3125 3102 3192 admittebat,
3147 3126 3380 3183 Mosaica
3413 3138 3598 3186 tamen

2019 3221 2292 3283 instituta,
2323 3227 2523 3289 praeter
2561 3219 2814 3289 praeputii
2843 3219 3210 3274 resectionem
3242 3221 3594 3278 observabat.

2019 3311 2174 3367 Aluit
2206 3311 2352 3367 domi
2382 3311 2632 3368 Judaeum
2671 3310 2967 3381 quemdam
3009 3326 3039 3366 a
3073 3328 3185 3382 quo
3217 3313 3599 3370 erudiebatur.

2021 3403 2180 3460 Unde
2226 3402 2366 3457 nihil
2417 3401 2620 3458 sinceri
2665 3403 2812 3470 apud
2873 3417 3000 3457 eum
3053 3404 3456 3472 reperiebatur,
3504 3405 3600 3461 sed

2019 3507 2144 3553 erat
2179 3537 2194 3560 ,
2249 3503 2310 3551 ut
2346 3495 2420 3550 ita
2451 3493 2627 3549 dicam
2653 3533 2667 3557 ,
2715 3493 2930 3548 sentina
2971 3493 3222 3563 quaedam
3273 3504 3544 3552 sectarum
3583 3515 3599 3553 :

2020 3603 2195 3660 eaque
2229 3588 2298 3642 de
2334 3602 2498 3642 causa
2549 3583 2954 3656 disputationes
2983 3586 3199 3652 oderat,
3234 3595 3294 3642 ut
3322 3603 3445 3658 quae
3479 3590 3604 3660 ejus

2022 3694 2292 3750 perversae
2320 3677 2568 3747 opinioni
2603 3675 2910 3732 evertenda
2948 3685 3156 3732 essent.
3185 3678 3242 3731 In
3280 3679 3602 3736 adolescen-

2020 3775 2096 3827 tia
2129 3788 2253 3828 cum
2286 3771 2357 3826 ob
2385 3771 2626 3840 inopiam
2656 3770 2941 3852 militaret,
2967 3770 3265 3838 aliquando
3311 3773 3597 3828 tribunum

2020 3865 2178 3930 adiit,
2231 3861 2438 3934 aliquid
2477 3861 2546 3916 ab
2579 3877 2644 3916 eo
2677 3861 2969 3931 petiturus.
3016 3860 3079 3914 Ei
3125 3861 3345 3916 tribuno
3370 3864 3596 3932 quidam

2017 3959 2359 4028 Athinganus
2381 3965 2586 4018 astans,
2617 3953 2757 4008 clam
2788 3952 2928 4006 dixit
2954 3971 2966 4007 :
2988 3952 3046 4007 Is
3069 3955 3158 4024 qui
3184 3955 3278 4008 tibi
3309 3971 3448 4010 nunc
3468 3974 3599 4029 sup-

2019 4051 2139 4117 pleas
2175 4056 2272 4113 est,
2305 4046 2593 4117 aliquando
2635 4044 2886 4098 Romanis
2909 4044 3208 4114 imperabit.
3243 4047 3322 4101 Eo
3364 4050 3600 4119 augurio

2017 4142 2108 4196 ille
2150 4149 2370 4204 motus,
2419 4136 2603 4192 statim
2659 4151 2784 4191 cum
2841 4134 3108 4192 Michaele
3159 4136 3598 4196 familiaritatem

2015 4231 2316 4292 contrahit,
2375 4228 2538 4299 eique
2588 4227 2754 4282 tiliam
2818 4226 3147 4298 despondet.
3201 4227 3340 4284 Cum
3408 4242 3596 4287 autem

2019 4340 2212 4381 recens
2244 4321 2532 4392 imperium
2575 4329 2923 4389 occupasset,
2967 4328 3028 4373 ut
3072 4319 3282 4374 dictum
3314 4332 3420 4388 est,
3462 4337 3595 4377 san-

2015 4428 2139 4473 ctus
2160 4414 2508 4484 Nicephorus
2538 4410 2846 4482 patriarcha
2868 4411 3145 4478 exsulans,
3170 4427 3268 4482 per
3290 4413 3509 4469 litteras
3526 4414 3596 4470 ab

337 4511 684 4580 ποιούμενος,
718 4508 798 4586 ᾡς
823 4507 1190 4561 Βασιλεύσει
1251 4506 1548 4576 Ῥωμαίων
1595 4505 1798 4577 οὗτος,
1843 4511 1906 4578 ὃς

2019 4526 2087 4566 eo
2134 4507 2299 4580 petiit
2351 4514 2412 4561 ut
2469 4502 2816 4559 venerabiles
2863 4503 3128 4572 imagines
3171 4514 3594 4573 reponerentur.

335 4601 450 4657 σοῦ
498 4599 692 4654 δέεται
745 4599 882 4654 νῦν.
935 4599 1045 4652 Καὶ
1094 4597 1154 4662 ὃς
1205 4599 1406 4653 αὐτίκα
1457 4597 1537 4672 τῷ
1572 4603 1906 4676 μαντεύματι

2017 4601 2116 4658 Cni
2145 4600 2236 4655 ille
2265 4596 2571 4668 respondit,
2607 4611 2667 4651 se
2709 4610 2888 4666 neque
2910 4598 2969 4649 in
3000 4595 3265 4666 religione
3293 4595 3595 4667 quidquam

337 4695 587 4764 θέμενος,
652 4691 955 4745 οἰκειοῦται
988 4690 1067 4761 τῷ
1097 4689 1342 4760 Μιχαὴλ,
1374 4691 1472 4745 καὶ
1493 4692 1766 4765 κηδεστὴν
1796 4713 1916 4749 ποι-

336 4790 482 4840 εῖται
521 4785 614 4838 ἐπὶ
651 4785 719 4854 τῇ
755 4783 1013 4854 θυγατρί.
1073 4784 1234 4852 ΙἈρτι
1265 4780 1323 4835 δὲ
1365 4783 1434 4853 τῇ
1465 4783 1741 4857 αὑταρχίᾳ
1791 4787 1914 4840 ἐπι-

2015 4701 2346 4748 novaturum
2403 4705 2580 4760 neque
2636 4689 2896 4744 Ecclesia:
2945 4696 3150 4745 statum
3221 4698 3590 4760 mutaturum,

2013 4800 2193 4854 neque
2253 4791 2572 4838 coacturum
2601 4797 2722 4838 esse
2752 4797 3107 4852 quemquam,
3133 4789 3195 4836 ut
3226 4783 3385 4838 aliter
3425 4799 3592 4856 quam

338 4878 682 4949 πηδήσαντος
713 4874 805 4929 τοῦ
837 4873 1078 4946 Μιχαὴλ,
1105 4873 1180 4938 ὡς
1209 4873 1517 4946 ἱστόρηται,
1542 4876 1572 4928 6
1610 4876 1906 4947 ἱερώτατος

2014 4877 2200 4942 vellet,
2230 4874 2299 4930 de
2327 4875 2439 4930 Deo
2463 4873 2713 4930 sentiret.
2737 4872 2842 4927 Sed
2865 4873 2982 4928 haec
3006 4873 3174 4928 verba
3198 4873 3374 4932 fuere.
3403 4875 3593 4946 Neque

336 4969 660 5042 Νικηφόρος
685 4969 714 5020 6
759 4967 1114 5039 πατριάρχης
1164 4967 1459 5039 ὑπερόριος
1491 4967 1570 5024 ὣν
1601 4971 1906 5026 ἐπιστέλλει

2014 4969 2161 5022 enim
2195 4965 2370 5020 multo
2400 4973 2544 5034 post,
2575 4965 2761 5019 animo
2788 4978 2890 5019 suo
2920 4963 3217 5030 declarato,
3256 4965 3594 5020 orthodoxos

339 5063 511 5132 αὐτῷ,
561 5061 731 5128 ἀξιῶν
771 5060 870 5133 τὴν
914 5059 1025 5114 τῶν
1071 5057 1287 5114 σεπτῶν
1325 5061 1551 5115 εἰκόνων
1585 5062 1914 5133 γενήσεσθαι

2019 5059 2178 5130 136
2208 5057 2567 5128 oppugnavit,
2598 5071 2666 5111 ac
2689 5065 2890 5127 praeter
2911 5055 3114 5111 multos
3137 5055 3274 5111 alios
3294 5055 3592 5112 crudeliter

336 5153 738 5224 ἀναστήλωσιν.
786 5152 845 5204 '0
869 5153 924 5206 δέ
953 5155 1090 5223 μήτε
1116 5169 1168 5206 τι
1202 5155 1626 5223 καινοτομήσειν
1654 5153 1756 5224 ἐφη
1785 5154 1906 5226 περὶ

2017 5159 2300 5214 tractatos,
2352 5149 2520 5204 etiam
2571 5147 2627 5202 in
2680 5155 2931 5202 sanctum
2980 5145 3321 5201 Methodium
3376 5161 3591 5218 grassa-

336 5245 436 5317 τὴν
490 5246 696 5310 πίστιν,
736 5242 874 5313 μηδέ
923 5243 1024 5311 τὴν
1077 5241 1178 5314 τῆς
1236 5241 1562 5314 Ἐκκλησίας
1620 5242 1906 5298 ἀλλοιῶσαι

2019 5252 2106 5296 tus
2125 5282 2142 5309 ,
2175 5239 2533 5311 Euthymium
2567 5238 2822 5295 Sardium
2853 5237 3332 5309 archiepiscopum
3357 5238 3429 5295 ob
3460 5253 3589 5295 san-

1506 5398 1704 5462 Variae
1745 5397 2052 5463 lectiones
2095 5405 2157 5462 et
2201 5409 2397 5462 notat.

411 5567 486 5644 (4)
513 5569 916 5644 ,Μιαιςοονίῳμ
972 5567 1137 5644 Quia__
1163 5565 1393 5644 scilicet
1417 5577 1578 5644 antea
1615 5565 1903 5644 puriﬁfjari

337 5636 624 5694 debuerat.
648 5636 990 5694 Describitur
1019 5640 1072 5692 in
1097 5636 1433 5707 Euchologio
1464 5637 1650 5697 Goari.
1685 5651 1736 5704 p.
1765 5637 1864 5707 621
1895 5654 1911 5696 ;

339 5711 485 5780 Εύχὴ
526 5710 798 5780 λεγομένη
841 5711 904 5780 ἐν
948 5712 1013 5780 τῇ
1037 5706 1408 5780 -είσόδῳ-πρδ
1454 5707 1555 5776 τῆς
1617 5706 1906 5780 συνήθους,

1037 5773 1061 5795 τ

337 5766 687 5844 ἐπῗόνοίξέι
737 5766 866 5833 ναοῦ
922 5766 1073 5848 ἐν’”ᾦ
1129 5766 1358 5848 συνέϐιί
1385 5766 1566 5833 θανεῖν
1619 5766 1906 5846 ἄνθρωπον

2013 5569 2564 5713 ξιῗξῖςῖιθζγγαῑρι·
2628 5635 2948 5713 Μῖειιθβζθῐη
2997 5644 3146 5695 secta
3197 5634 3586 5694 Sabbatianum

2013 5707 2186 5768 fuisse
2217 5709 2412 5766 scribit
2440 5707 2661 5766 Nicetas
2691 5707 2992 5779 Paphlago.
