4068 6396
525 266 664 386 ιθεε

1780 314 2105 377 JOANNIS
2143 314 2464 375 ΖΟΝΑΠΑΞ

3633 307 3770 372 13ε4

519 450 731 496 clarum
762 424 1060 505 imaginum
1087 438 1295 487 cuttnm
1337 430 1390 485 in
1426 429 1680 483 exsiliunt
1716 428 1890 483 misit.
1933 430 2095 483 Dein-

2207 429 2553 490 κατάστασιν,
2599 424 2734 478 ἀλλὰ
2805 423 2938 495 μηδὲ
2981 422 3278 492 βιάσασθαί
3329 440 3452 478 τινα
3481 421 3614 491 περὶ
3672 423 3767 475 τοῦ

519 530 589 584 de
670 524 1010 582 Methodium
1079 522 1136 576 in
1189 521 1377 576 Acrita
1419 518 1693 573 conclusit
1740 560 1755 584 ,
1821 520 2085 590 inclytum

518 635 652 675 vero
685 615 1042 687 Euthymium
1078 629 1109 668 a
1149 611 1262 668 ﬁlio
1307 626 1408 668 suo
1456 611 1759 679 TheOphilo
1794 610 2091 665 crudeliter

520 707 706 779 llagris
769 718 1001 769 ca-sum,
1052 703 1109 756 in
1155 710 1457 771 martyrum
1524 714 1817 753 numerum
1879 698 2091 751 retulit.

521 801 929 870 Copronymnm
978 796 1031 850 in
1077 794 1334 848 omnibus
1380 792 1599 846 imitans
1634 800 1690 845 et
1740 789 1947 846 Judwis
1999 790 2093 843 ad-

523 890 724 955 dictus,
776 888 1011 943 Sabbata
1050 884 1556 957 jejunarijubebat.
1610 883 2093 937 ltesurrectioncm

524 990 868 1037 mortuorum
905 994 1015 1032 non
1060 976 1344 1036 credebat,
1389 990 1564 1045 coque
1591 973 1775 1028 futura
1821 975 1961 1027 bona
2004 988 2097 1027 su-

525 1071 794 1141 gillabat,
837 1078 893 1124 et
953 1066 1573 1139 prOphctasirridebat,
1638 1065 1916 1119 daemones
1970 1078 2095 1119 esse

527 1159 896 1229 pernegabat,
943 1156 1332 1213 scortationem
1386 1163 1670 1225 peccatum
1721 1170 1832 1209 non
1885 1154 2099 1224 judica-

525 1250 641 1313 bat,
696 1249 849 1304 Judae
901 1248 1132 1303 salutem
1221 1246 1590 1301 ominabatur.
1661 1244 1869 1300 Pascha
1916 1245 2097 1299 alieno

524 1341 791 1396 celebrari
813 1350 1055 1410 tempore
1077 1337 1400 1393 afﬁrmabat.
1434 1336 1559 1392 Haec
1608 1352 1779 1406 pauca
1846 1351 1877 1390 e
1910 1335 2099 1390 multis

528 1433 893 1503 improbitatis
921 1447 986 1486 ac
1013 1431 1194 1501 potius
1228 1429 1520 1485 dementia:
1543 1430 1691 1484 illius
1716 1427 1916 1483 indicia
1962 1442 2098 1482 con-

524 1523 815 1579 scribenda
852 1523 1064 1577 censui.
1130 1521 1285 1576 Nunc
1319 1519 1496 1575 oratio
1552 1520 1620 1574 ad
1683 1535 1772 1574 res
1816 1526 1998 1590 gestas
2044 1527 2101 1573 et

525 1617 667 1672 bella
704 1617 875 1671 multa
898 1617 1119 1670 illorum
1150 1622 1460 1683 temporum
1507 1612 1913 1683 progrediatur.
1947 1610 2096 1664 Tho-

528 1721 648 1760 mas
699 1721 843 1760 unus
889 1704 1053 1760 trium
1092 1718 1285 1759 eorum
1326 1703 1393 1756 de
1436 1702 1636 1771 quibus
1674 1699 2101 1755 Philomelinmzs

2198 521 2351 573 θείου
2397 518 2644 583 δοξάζειν
2676 517 2806 587 παρ’
2832 516 2860 569 ὃ
2886 516 3155 587 βούλεται.
3196 516 3285 570 Ἐν
3316 514 3497 585 λόγοις
3519 514 3563 568 δ’
3590 513 3772 586 ἔμεινε

2193 611 2391 666 ταῦτα.
2424 609 2501 664 Ού
2540 609 2680 678 μετά
2709 608 2846 661 πολὺ
2879 609 2986 678 γὰρ
3020 607 3121 679 τὴν
3174 608 3402 679 γνώμην
3433 607 3535 678 τὴν
3560 607 3775 661 οίκείαν

2194 700 2251 754 δὲ
2306 702 2465 772 ἔφην,
2508 698 2777 753 καὶκατὰ
2810 697 2920 752 τῶν
2981 697 3285 769 όρθοδόξων
3337 695 3619 768 ἐχώρησε,
3680 696 3772 749 καὶ

2198 792 2429 856 πολλούς
2469 808 2532 844 τε
2559 790 2753 853 ἄλλους
2779 790 2976 853 δεινοῖς
3030 787 3352 860 περιέϐαλε,
3382 788 3520 859 πρὸς
3543 789 3663 851 τοῖς
3686 787 3754 843 ἀλ

2196 883 2310 946 λοις
2336 882 2394 936 δὲ
2426 881 2521 934 καὶ
2544 882 2635 934 τὸν
2668 881 2811 935 θεῖον
2844 879 3129 946 Μεθόδιον,
3159 882 3258 935 καὶ
3282 881 3379 934 τὸν
3403 884 3504 952 τῆς
3524 879 3780 951 Σάρδεων

2196 972 2714 1042 ἀρχιερατεύσαντα
2764 971 3042 1043 Εύθύμιον
3073 970 3261 1043 ὲξορίᾳ.
3289 970 3652 1042 παρέπεμψε,
3695 970 3781 1024 διά

2197 1066 2297 1136 τὴν
2324 1064 2433 1118 τῶν
2458 1064 2881 1133 ἀγίωνῖίκόνων
2910 1064 3105 1135 τιμήν.
3138 1064 3277 1120 Εἶτα
3306 1065 3401 1120 τὸν
3449 1068 3553 1133 μὲν
3588 1064 3777 1119 Μεθό-

2198 1158 2311 1212 διον
2334 1157 2697 1228 καθείργνυσι
2748 1158 2891 1211 κατά
2919 1157 3011 1212 τὸν
3052 1158 3334 1226 ’Δκρίταψ
3388 1157 3479 1211 τὸν
3528 1157 3783 1228 ἀοίδιμον

2200 1249 2477 1319 Εὑθύμιον
2508 1251 2566 1303 δὲ
2618 1238 2945 1322 μαρτυρικῷ
2984 1250 3194 1304 τελειοϊ
3224 1248 3468 1319 θανάτῳ,
3536 1248 3784 1316 ἀφειδῶς

2203 1342 2605 1414 μαπιζόμενον
2628 1342 2715 1395 διὰ
2740 1342 2832 1396 τοῦ
2857 1342 2978 1396 υίοῦ
2999 1343 3168 1397 αὐτοῦ
3199 1341 3488 1412 Θεοφίλου.
3538 1341 3776 1414 Ἐζήλου

2201 1437 2246 1491 δ’
2287 1439 2346 1492 ὲν
2381 1437 2553 1491 ἆπασι
2583 1434 2676 1490 τὸν
2714 1434 3119 1505 Κοπρώνυμον,
3168 1436 3264 1489 καὶ
3314 1440 3429 1501 τοῖς
3500 1438 3785 1500 Ἰουδαίοις

2203 1529 2548 1599 προσέκειτο,
2576 1527 2646 1581 τά
2666 1544 2728 1581 τε
2759 1526 3012 1581 Σάϐϐατα
3042 1526 3327 1597 νηστεύειν
3351 1528 3683 1597 προσέταξε.
3704 1528 3784 1601 Τῇ

2202 1622 2497 1677 ἀναστάσει
2521 1638 2580 1675 τε
2612 1620 2885 1685 ἀπιστῶν,
2913 1619 3211 1685 διετώθαζε
3238 1621 3307 1675 τά
3338 1620 3612 1690 μέλλοντα
3646 1626 3786 1690 ἀγα-

2205 1718 2297 1783 θά,
2338 1717 2585 1791 καὶτοὺς
2637 1715 2927 1787 προφήτας
2970 1712 3212 1785 διέσυρε,
3257 1715 3350 1768 καὶ
3381 1714 3654 1784 δαίμονας
3688 1716 3789 1768 ούκ

527 1797 622 1851 ille
663 1797 966 1852 monachus
987 1796 1251 1851 Bardanae
1272 1794 1601 1849 vaticinatus
1624 1793 1823 1855 fuerat,
1856 1802 1915 1845 ut
1935 1807 2100 1860 supra

2207 1781 2347 1864 εἶναι
2397 1781 2822 1863 διεϐεϐαιούτο·⁷
2852 1781 3142 1878 πορνείαν-
3169 1824 3232 1861 τε
3308 1808 3410 1878 οὐχ
3466 1781 3784 1879 άμάρτημα

528 1888 733 1942 dictum
783 1896 890 1953 est,
933 1902 1169 1957 quorum
1201 1886 1313 1941 duo
1343 1885 1575 1955 imperio
1619 1883 1847 1953 potituri
1879 1891 2099 1946 essent,

531 1978 730 2034 tertius
779 1978 848 2047 (is
894 1994 1024 2033 vero
1072 1978 1313 2033 Thomas
1349 1984 1488 2041 erat)
1518 1977 1809 2031 invasurus
1850 1975 1941 2029 ille
1974 1973 2103 2044 qui-

528 2071 654 2126 dem
711 2071 1081 2142 tyrannidem,
1131 2078 1188 2125 et
1237 2069 1489 2123 diadema
1551 2067 1658 2122 sibi
1716 2066 2102 2136 impositurus,

532 2162 689 2234 regni
749 2177 881 2217 vero
912 2178 1019 2216 non
1044 2175 1270 2231 compos
1301 2160 1540 2226 futurus,
1574 2158 1905 2215 seditionem
1949 2159 2103 2213 exci-

530 2255 686 2309 tavit.
743 2254 794 2309 ls
844 2253 1044 2323 igitur,
1090 2262 1151 2307 ut
1195 2260 1321 2307 ante
1365 2253 1631 2323 scriptum
1681 2260 1795 2317 est,
1849 2265 1881 2304 a
1916 2249 2103 2305 Leone

532 2344 946 2399 Ftederatorum
981 2343 1180 2414 legioni
1226 2344 1575 2413 praepositus,
1613 2352 1674 2396 ut
1695 2341 2002 2413 principem
2034 2340 2104 2397 de

531 2447 591 2487 se
616 2432 755 2487 bene
788 2433 1043 2487 meritum
1087 2447 1118 2486 a
1151 2432 1416 2487 Michaele
1463 2447 1664 2486 caesum
1696 2430 1973 2501 cognovit,
2007 2445 2104 2501 per

533 2524 774 2595 Speciem
801 2525 952 2577 necis
978 2523 1123 2577 illius
1147 2523 1512 2589 vindicandae,
1545 2538 1671 2578 cum
1705 2537 1898 2577 revera
1924 2522 2104 2593 impe-

533 2616 675 2669 rium
698 2614 1311 2684 cogitaret,Michaelem
1343 2624 1428 2670 est
1457 2629 1765 2685 aggressus,
1790 2615 2104 2685 coactisque

531 2722 642 2763 non
666 2706 1082 2763 contemnendis
1114 2706 1312 2777 copiis,
1342 2708 1626 2763 universas
1652 2706 1767 2761 fere
1808 2705 2105 2761 orientales

531 2798 845 2869 provincias
877 2796 1202 2867 occupavit,
1242 2806 1299 2853 et
1333 2797 1553 2867 publica
1586 2812 1779 2852 eorum
1813 2797 2106 2867 vectigalia

533 2890 638 2945 sibi
680 2889 961 2945 aﬂ'crenda
1003 2889 1238 2944 curavit.
1295 2888 1449 2945 Unde
1487 2892 1666 2945 auctis
1702 2890 1902 2960 Opibus
1936 2889 2101 2944 etiam

532 2985 814 3054 Agarenos
853 2981 1075 3047 invasit,
1115 2981 1211 3051 qui
1265 2988 1381 3036 tum
1444 2996 1636 3037 omnes
1694 2981 2009 3051 provincias
2048 2990 2106 3036 et

534 3075 682 3144 ipsas
726 3074 933 3129 insulas
966 3072 1039 3128 ob
1083 3073 1408 3129 intestinum
1445 3072 1652 3128 bellum
1691 3072 1957 3127 audacius
1998 3087 2101 3143 po-

532 3168 886 3238 pulabantur,
937 3181 1244 3237 eorumque
1284 3166 1551 3237 impetum
1593 3168 1881 3236 repressit,
1916 3175 1973 3221 et
2011 3180 2101 3222 ca-

533 3261 661 3315 stris
695 3276 865 3331 prope
889 3260 1106 3330 positis,
1137 3259 1439 3329 habitoque
1468 3258 1767 3327 colloquio,
1797 3256 2025 3327 pepigit,
2052 3257 2100 3311 si

534 3351 767 3420 imperio
812 3350 1115 3421 potiretur,
1157 3363 1217 3403 se
1261 3347 1524 3402 Romanis
1559 3346 1762 3400 ﬁnibus
1794 3346 1876 3401 eis
1917 3361 2103 3401 cessu-

535 3458 659 3497 rum
715 3457 858 3510 esse.
920 3441 1018 3496 llis
1049 3440 1328 3510 peractis,
1384 3449 1549 3509 caput
1597 3439 1905 3493 diademate
1950 3438 2104 3508 regio

534 3544 717 3599 ornat,
751 3544 809 3588 et
838 3533 907 3587 ab
938 3533 1078 3588 Jobo
1102 3531 1446 3587 Antiocheno
1468 3531 1783 3601 patriarcha
1806 3530 2105 3601 imperator

536 3626 863 3697 appellatur.
922 3625 1056 3680 Inde
1112 3640 1238 3679 cum
1274 3636 1468 3695 magno
1521 3624 1766 3678 exercitu
1824 3608 2106 3693 profectus

540 3718 667 3786 (nec
705 3717 852 3771 enim
874 3718 1158 3786 Agarenos
1192 3716 1457 3770 duntaxat
1484 3753 1499 3779 ,
1542 3713 1639 3769 sed
1668 3723 1724 3769 et
1757 3714 1945 3783 plures
1973 3714 2109 3769 alias

539 3817 728 3875 gentes
767 3807 834 3860 ad
882 3805 1013 3860 belli
1056 3804 1377 3860 societatem
1424 3803 1718 3873 asciverat)
1764 3803 2108 3874 tyrannidem

540 3898 748 3968 majore
791 3897 978 3951 animo
1024 3894 1260 3950 invadit.
1310 3892 1438 3949 Fuit
1475 3894 1575 3971 hic
1611 3893 1851 3951 Thomas
1896 3910 2007 3950 non
2043 3910 2111 3950 es

540 4000 701 4061 gente
749 3988 1005 4059 patricia,
1045 3988 1142 4042 sed
1187 3985 1482 4042 admodum
1509 3986 1743 4041 obscura
1770 4001 1944 4057 eaque
1975 3986 2110 4042 Bar-

541 4081 695 4144 bara,
729 4089 993 4146 tantaque
1032 4077 1218 4148 in0pia
1249 4076 1586 4142 conﬂictata,
1619 4085 1680 4133 ut
1713 4077 1968 4133 mercede
1995 4093 2112 4133 ser-

539 4171 707 4225 viret.
741 4168 845 4224 Sod
892 4183 922 4222 a
962 4169 1178 4222 fortuna
1214 4174 1459 4228 evectus.
1511 4175 1573 4220 ut
1612 4164 1821 4221 dictum
1864 4175 1968 4233 est,
2021 4182 2112 4221 re-

542 4274 761 4330 gnoque
799 4257 1060 4313 all‘ectato
1085 4255 1436 4312 Constantini
1469 4271 1672 4312 nomen
1705 4261 2022 4327 assumpsit,
2056 4267 2114 4313 ct

545 4351 718 4405 lilium
765 4350 1112 4420 adoptivum,
1157 4349 1314 4420 137
1365 4348 1582 4418 imperii
1641 4358 1988 4416 consortem,
2052 4358 2116 4406 ut

512 4500 517 4506 _
544 4442 793 4513 putabat,
824 4443 1032 4513 allegit.
1067 4440 1206 4497 Cum
1232 4442 1482 4497 exercitu
1509 4440 1794 4497 Michaelis
1827 4451 2019 4497 contra
2055 4457 2104 4498 se

2219 4467 2269 4520 εί
2296 4468 2397 4537 τῆς
2430 4440 2711 4539 βασιλείας
2755 4440 3035 4542 ἐγκρατὴς
3065 4440 3300 4541 γένοιτο.

547 4534 716 4589 misso
731 4548 1080 4605 congressus,
1106 4532 1229 4589 aliis
1258 4533 1457 4589 occisis
1475 4533 1600 4589 aliis
1620 4532 1845 4604 fugatis,
1875 4534 2117 4605 tyranni-

2206 1904 2414 1971 ἡγεῖτο,
2460 1900 2556 1954 καὶ
2581 1900 2673 1953 τὸν
2698 1900 2789 1954 ἐπὶ
2831 1900 2966 1953 πᾶσι
2993 1898 3127 1952 Θεὸν
3165 1898 3387 1969 ὀμνύειν
3418 1899 3788 1955 διεκελεύετο.

2208 1994 2299 2065 Τῷ
2348 1994 2405 2047 δὲ
2464 1992 2639 2064 Ἰούδᾳ
2677 1990 2952 2063 σωτηρίαν
2982 1976 3314 2062 ἑπεφήμιζε,
3363 1992 3460 2046 καὶ
3488 1993 3551 2046 τὸ
3590 1993 3790 2062 Πάσχα

2204 2086 2267 2139 οὐ
2314 2084 2458 2138 κατὰ
2521 2082 2717 2154 καιρὸν
2769 2081 3135 2153 ὲορτάζεσθαι
3190 2082 3546 2152 ὲδογμάτιζε.
3599 2083 3791 2138 Ταῦτα

2211 2175 2312 2248 μὲν
2345 2171 2440 2230 οὖν
2492 2176 2558 2229 ὲκ
2610 2173 2825 2228 πολλῶν
2856 2174 3016 2242 ὀλίγα
3060 2174 3160 2245 τῆς
3227 2173 3442 2229 ἐκείνου
3497 2175 3705 2240 κακίας
3755 2174 3789 2244 ἦ

2206 2270 2302 2327 καὶ
2325 2269 2511 2333 ἀνοίας
2535 2267 2893 2339 γνωρίσματα
2914 2266 3389 2338 ξυγγεγράφαται.
3442 2267 3513 2321 Ὀ
3540 2268 3601 2321 δὲ
3630 2268 3787 2337 λόγος

2205 2362 2276 2416 τά
2304 2362 2425 2415 τότε
2450 2359 2836 2430 ξυμϐεϐηκότα
2861 2358 3050 2413 διδότω
3093 2360 3160 2430 τῇ
3203 2360 3441 2431 ίστορίᾳ·
3468 2359 3541 2413 τά
3576 2359 3626 2413 δ’
3650 2356 3789 2432 ἦσαν

2204 2451 2462 2523 ἐμφύλιοι
2485 2450 2734 2521 πόλεμοι.
2771 2449 2830 2505 Ὃ
2856 2450 2914 2504 δὲ
2935 2449 3144 2504 τούτων
3165 2449 3445 2521 κατάρξας
3478 2449 3688 2521 Θωμᾶς
3713 2449 3789 2524 (6)

2205 2539 2297 2616 ἦν,
2333 2538 2411 2607 εἷς
2442 2543 2553 2597 τῶν
2579 2543 2750 2615 τριῶν
2794 2544 3081 2613 τυγχάνων
3122 2542 3357 2613 ἀνδρῶν,
3394 2545 3524 2613 περὶ
3551 2535 3633 2596 ὧν
3662 2545 3691 2597 ό
3733 2544 3790 2596 ὲν

2205 2634 2285 2705 τῷ
2311 2633 2607 2705 Φιλομιλίῳ
2636 2631 2869 2705 μοναχὸς
2919 2630 2995 2702 τῷ
3039 2631 3290 2704 Βαρδάνῃ
3337 2631 3681 2703 προέφησεν,
3716 2633 3791 2697 ὡς

2209 2724 2321 2779 ἀνω
2350 2743 2451 2778 που
2476 2725 2716 2795 εἴρηται,
2752 2723 2882 2786 τοὺς
2910 2722 3012 2799 μὲν
3035 2719 3129 2775 δύο
3162 2722 3530 2792 ἐπιϐήσεσθαι
3559 2725 3665 2795 τῆς
3690 2724 3783 2794 βα-

2211 2818 2411 2872 σιλείου
2446 2814 2642 2888 ἀρχῆς,
2670 2819 2760 2872 τὸν
2787 2819 2845 2872 δέ
2867 2836 2933 2888 γε
2955 2819 3163 2892 τρίτον,
3194 2820 3255 2885 ὃς
3286 2812 3462 2889 (οὗτος
3502 2815 3574 2891 ἦν
3599 2821 3630 2873 ὁ
3677 2821 3791 2874 Θω-

2212 2909 2340 2979 μᾶς)
2367 2911 2713 2981 ἐπιχειρῆσαι
2744 2912 2847 2983 μὲν
2880 2912 3183 2983 τυραννίδι,
3226 2914 3325 2968 καὶ
3351 2913 3529 2984 ἐαυτῷ
3562 2913 3792 2983 περιθέε-

2208 3001 2336 3055 σθαι
2360 3002 2620 3071 διάδημα,
2650 3003 2726 3074 μὴ
2759 3004 2945 3074 μέντοι
2995 3006 3094 3060 καὶ
3116 3006 3217 3075 τῆς
3250 3004 3534 3076 βασιλείας
3576 3007 3789 3078 τυχεῖν.

2129 3134 2172 3193 C
2208 3087 2598 3193 O'u-tostoivuv,
2625 3094 2702 3159 ὼς
2729 3097 2831 3169 ἤδη
2859 3115 2950 3168 μοι
2992 3098 3230 3170 εἴρηται,
3260 3099 3445 3171 ἀρχων
3486 3099 3790 3168 καταστὰς,

2202 3184 2296 3237 τοῦ
2336 3185 2614 3256 τάγματος
2649 3187 2758 3240 τῶν
2790 3189 3131 3259 Φοιδεράτων
3188 3192 3344 3262 παρά
3394 3191 3490 3247 τοῦ
3517 3192 3784 3257 Λέοντος,

2208 3273 2284 3337 ὡς
2320 3274 2463 3343 ἔγνω
2504 3276 2597 3328 τὸν
2627 3277 2926 3351 εὐεργέτην
2960 3280 3323 3350 ἀναιρεθέντα
3365 3282 3518 3353 παρὰ
3556 3282 3656 3337 τοῦ
3685 3284 3791 3337 Μι-

2208 3364 2369 3438 χαὴλ,
2401 3367 2480 3438 τῷ
2505 3368 2606 3439 μὲν
2656 3370 2835 3425 δοκεῖν
2878 3374 3144 3444 τιμωρῶν
3198 3375 3398 3446 ἐκείνῳ
3426 3413 3443 3441 ,
3469 3375 3549 3447 τῷ
3604 3376 3651 3430 δ’
3679 3374 3794 3430 ΰντι

2209 3458 2307 3529 τὴν
2335 3459 2618 3529 βασιλείαν
2656 3463 3003 3534 καραδοκῶν,
3033 3466 3283 3538 ἀνταίρει
3309 3467 3387 3537 τῷ
3412 3466 3665 3540 Μιχαὴλ,
3698 3468 3794 3521 καὶ

2212 3545 2506 3610 συναλίσας
2528 3546 2761 3619 δύναμιν
2786 3550 2886 3603 οὐκ
2910 3551 3411 3624 εὐκαταφρόνητον,
3430 3552 3655 3609 ἃπασαν
3678 3570 3772 3625 σχε

2215 3636 2304 3691 δδν
2352 3639 2452 3711 τὴν
2484 3638 2626 3711 ἑῴαν
2652 3643 2846 3713 μοῖραν
2875 3644 3287 3715 ἐσφετερίσατο,
3330 3648 3427 3701 καὶ
3454 3647 3589 3711 τοὺς
3623 3648 3795 3717 δημο-

2217 3729 2367 3792 σίους
2403 3731 2605 3801 φόρους
2645 3732 2797 3803 αὐτῷ
2828 3734 3162 3805 κομίζεσθαι
3217 3736 3640 3807 παρεσκεύασε.
3681 3738 3791 3791 Καὶ

2219 3821 2387 3885 πολὺς
2414 3822 2669 3878 ἐντεῦθεν
2703 3826 3001 3897 γενόμενος
3034 3828 3241 3900 ἐπῆλθε
3267 3829 3362 3884 καὶ
3390 3831 3504 3895 τοῖς
3548 3830 3794 3901 Ἀγάρη-

2221 3912 2355 3974 νοῖς,
2385 3911 2707 3984 ἀδεέστερον
2757 3914 2882 3969 τότε
2938 3916 3124 3972 πᾶσαν
3186 3917 3536 3988 ληϊζομένοις
3588 3919 3792 3992 χώραν,

2222 4004 2317 4057 καὶ
2344 4004 2444 4069 τάς
2483 4006 2683 4076 νήσους
2720 4008 2897 4072 αὐτάς
2945 4009 3038 4065 διά
3072 4010 3167 4065 τδν
3219 4013 3494 4083 ἐμφύλιον
3530 4014 3792 4085 πόλεμον.

2221 4096 2333 4150 Καὶ
2367 4096 2613 4152 ἐπελθὼν
2647 4100 2913 4171 ἀνέκοψεν
2946 4102 3148 4168 αὐτοὺς
3187 4104 3286 4174 τῆς
3314 4105 3515 4176 φορᾶς,
3544 4106 3645 4158 καὶ
3673 4107 3795 4157 ἀνα·

2223 4189 2397 4258 κόψας
2427 4191 3101 4262 παρεστρατοπεδεύσατο,
3155 4196 3249 4249 καὶ
3292 4197 3352 4261 ἐς
3399 4195 3593 4266 λόγους
3633 4193 3794 4270 ἦλθεν

2222 4282 2430 4347 αὐτοῖς,
2463 4285 2559 4357 καί
2582 4285 2734 4355 ἥκων
2757 4287 2839 4351 είς
2879 4286 3095 4355 λόγους,
3129 4288 3426 4341 ἐσπείσατο
3470 4289 3566 4343 ἐπὶ
3602 4290 3795 4359 συνθήο

2222 4390 2349 4437 καις
2398 4374 2494 4429 τοῦ
2546 4375 2875 4448 Ῥωμαϊκῶν
2918 4378 3083 4445 ὁρίων
3137 4380 3548 4450 παραχωρῆσαι
3586 4381 3790 4446 αὐτοῖς,

3348 4470 3510 4526 Οὖτω
3536 4472 3596 4527 δὲ
3625 4472 3791 4526 ταῦτα

2212 4554 2653 4626 διοικησάμενος,
2689 4558 2786 4611 καὶ
2817 4559 2920 4629 τὴν
2964 4558 3212 4631 κεφαλὴν
3264 4561 3567 4632 ἀνεδήσατο
3611 4560 3791 4629 ταινίᾳ

546 4623 670 4679 dem
711 4625 1017 4693 stabilivit,
1057 4633 1115 4682 et
1157 4626 1332 4682 classe
1379 4634 1697 4696 comparata
1724 4666 1739 4689 ,
1782 4627 1893 4682 imo
1948 4629 2104 4684 etiam

2214 4623 2502 4719 βασιλικῇ-ς
2526 4648 2621 4701 καλ⁵
2647 4623 3008 4722 αὐτοκράτωρ
3041 4623 3323 4724 ἀνερρήθη
3359 4623 3506 4706 κατὰ
3531 4652 3635 4723 τὴν
3678 4623 3791 4705 ’Δνλ

545 4716 721 4771 classe
755 4717 1115 4787 imperatoria
1139 4717 1368 4787 potitus,
1393 4716 1574 4773 Abido
1604 4719 1661 4772 in
1686 4717 1977 4774 Thraciam
2002 4729 2116 4775 tra-

2210 4739 2468 4810 τιόχειαν,
2508 4740 2659 4811 παρά
2684 4740 2780 4795 τοῦ
2819 4741 2947 4795 τότε
2981 4742 3072 4795 τὸν
3132 4741 3325 4813 θρόνον
3356 4744 3532 4813 αὐτῆς
3559 4743 3654 4797 τὸν
3694 4760 3793 4795 πα-

544 4809 698 4879 jecit,
743 4807 1115 4865 Orientalibus
1149 4824 1290 4879 pene
1319 4809 1578 4864 omnibus
1607 4811 1882 4876 subactis,
1914 4821 2104 4881 praeter

2212 4807 2532 4902 τρι-ἀρχικὸν
2565 4807 2806 4905 ἔχοντος.
2851 4831 2974 4887 ’ῐὼϐ
3005 4833 3052 4887 δ’
3082 4807 3294 4899 ἐκεῖνος
3334 4807 3627 4905 ἐκέκλητο.
3681 4835 3789 4887 Κὰ-

547 4899 899 4970 Opsicianam
968 4901 1310 4972 provinciam
1337 4941 1353 4967 ,
1421 4901 1509 4956 cui
1560 4900 1846 4972 Cataquila
1870 4944 1885 4969 ,
1919 4913 1975 4957 et
2013 4903 2116 4957 Ar-

550 4996 897 5058 meniacam,
951 4994 1042 5050 cui
1098 4993 1365 5050 Olbianus
1408 5002 1688 5064 praeerat,
1744 4995 1839 5065 qui
1900 4996 2118 5067 tyranni

548 5084 868 5154 adoptivum
919 5085 1090 5139 lilium
1145 5083 1363 5140 insidiis
1407 5094 1724 5156 exceptum,
1774 5086 1956 5142 statim
1995 5102 2122 5143 sus-

552 5172 696 5229 tulit.

2215 4922 2398 4976 κεῖθεν
2448 4925 2711 4996 ὁρμηθεὶς
2758 4924 2859 4978 σὺν
2907 4924 3132 4996 μεγάλῳ
3189 4922 3565 4995 στρατεύματι
3616 4922 3785 4992 (ἔτυχε

2220 5015 2330 5084 γὰρ
2363 5016 2671 5085 συμμάχων
2698 5017 2799 5072 οὐκ
2844 5017 3168 5089 Ἀγαρηνῶν
3203 5016 3405 5086 μόνων,
3439 5014 3579 5070 ἀλλά
3618 5017 3711 5068 καὶ
3733 5010 3788 5073 ἐξ

2221 5105 2428 5177 ἑτέρων
2460 5106 2629 5161 ἐθνῶν
2662 5107 2951 5179 πλειόνων)
2985 5111 3051 5179 τῇ
3090 5108 3368 5180 τυραννίδι
3406 5106 3787 5177 κραταιότερον

2223 5198 2603 5273 ἐπεχείρησεν.
2636 5200 2743 5256 Ἷῐν
2777 5202 2834 5256 δὲ
2872 5203 2901 5255 ό
2939 5202 3141 5271 Θωμᾶς
3184 5192 3341 5264 οὗτος
3378 5200 3439 5253 οὐ
3475 5198 3586 5252 τῶν
3624 5196 3787 5251 εὐπαο

548 5293 770 5363 τριδῶν,
810 5293 947 5347 ἁ).λά
989 5296 1084 5347 καὶ
1134 5290 1244 5346 τῶν
1290 5292 1412 5347 λίαν
1455 5295 1710 5365 ἀσήμων,
1765 5295 1859 5349 καὶ
1906 5296 2113 5351 τούτων
2147 5298 2476 5369 Βαρϐάρων,
2548 5296 2642 5350 καὶ
2689 5294 2897 5366 ἀπορίᾳ
2966 5293 3264 5363 σύντροφος
3295 5294 3362 5363 τῇ
3393 5289 3620 5362 ἐσχάτῃ,
3654 5286 3786 5342 ὥστε

550 5387 647 5439 καὶ
676 5384 951 5440 δουλεύειν
994 5383 1212 5456 μισθοῦ.
1250 5384 1535 5456 Ἀναχθεὶς
1558 5386 1604 5441 δ’
1641 5386 1747 5440 ύπδ
1782 5388 1881 5458 τῆς
1949 5388 2144 5458 τύχης,
2182 5389 2259 5453 ὡς
2289 5390 2530 5461 είρηται,
2590 5388 2687 5442 καὶ
2719 5387 2995 5458 τυραννίδι
3024 5385 3405 5455 ἐπιχειρήσας,
3430 5383 3530 5452 τήν
3559 5397 3621 5434 τε
3661 5377 3787 5446 κλῆ-

1713 5501 1913 5563 Variaa
1941 5500 2248 5567 lectiones
2286 5510 2349 5566 et
2391 5512 2580 5568 notas.

623 5598 705 5682 (βξ
730 5597 955 5682 Θωρᾷς.
984 5598 1305 5682 Anonymus
1335 5598 1392 5682 in
1411 5597 1531 5681 Vita
1658 5599 1863 5682 Nicolai
1890 5598 2119 5682 studit-aa

552 5668 660 5723 Τοῦ
682 5668 993 5750 λαοττῇλάνου
1023 5668 1369 5750 omna-gara}
1408 5669 1523 5750 '57};
1559 5670 1882 5750 οίκουμένης
1922 5671 2119 5750 λυττη-

553 5753 766 5804 σαντος.
801 5738 1026 5794 Τιιοιιισε
1072 5738 1390 5797 rebellionis
1421 5738 1861 5808 liistoriam'pra':
1902 5738 2119 5795 caeteris

2224 5614 2411 5661 narrat
2440 5606 2557 5675 ipse
2579 5602 2807 5659 Michael
2834 5603 2962 5675 imp.
2998 5601 3051 5656 in
3076 5599 3316 5675 Epistola
3349 5597 3414 5652 ad
3435 5595 3781 5659 Ludovicum,

2224 5677 2369 5747 apud
2394 5672 2686 5731 Baﬁronium
2717 5689 2807 5729 an.
2838 5673 2961 5739 824,
2987 5688 3042 5727 n.
3069 5672 3131 5727 l9
3157 5678 3212 5727 et
3237 5684 3392 5739 seq].
