4068 6384
282 308 427 373 1335
951 341 967 355 -
1519 310 1927 371 ANNALIUM
1967 309 2113 370 LIB.
2153 310 2275 372 XV.
2864 346 2881 360 ν
3401 315 3535 383 1386

160 478 171 488 ,
283 444 369 487 σιν
421 425 695 497 μετέδετο,
737 429 1150 483 Κωνσταντίνον
1200 428 1276 501 (7)
1313 424 1507 480 ἑαυτὸν
1548 425 1849 495 ὀνομάσας.
1891 426 1984 478 καί
2046 426 2305 481 κοινωνὸν
2353 426 2452 498 τῆς
2516 427 2816 498 βασιλείας,
2858 429 2935 494 ὡς
2963 430 3121 500 ᾤετο,
3158 429 3533 502 προσελάῢετο

283 520 415 582 υἱὸν,
437 522 748 594 εἰσποιητὸν
776 523 1197 594 οἰκειωσάμενός
1231 537 1371 576 τινα.
1403 519 1509 573 Τοῦ
1540 519 1598 573 δὲ
1630 517 1850 589 Μιχαὴλ
1889 519 2153 588 στρατιάν
2188 522 2311 574 κατ’
2382 520 2551 576 αὐτοῦ
2616 522 2965 590 ὲσταλκότος,
2994 522 3288 595 συμϐαλὼν
3320 524 3533 586 ἐκεῖνος

287 618 451 688 αὐτῇ,
476 618 605 681 τοὺς
642 620 742 689 μὲν
761 620 964 682 ἀνεῖλε,
997 620 1126 684 τοὺς
1173 619 1229 672 δὲ
1264 616 1512 687 φυγάδας
1546 617 1848 686 ἀπέφηνεν.
1893 614 2210 670 Κάντεῠθεν
2265 617 2657 688 κραταιότερον
2686 619 2787 687 τῆς
2848 621 3165 690 τυραννίδος
3202 621 3529 690 ἐπείληπτο,

279 710 374 764 καὶ
408 710 595 767 στόλον
621 712 1083 783 ἐξαρτυσάμενος,
1134 711 1271 765 ἀλλά
1306 710 1416 781 μὴν
1459 713 1554 763 καὶ
1600 708 1663 761 τὸ
1736 707 2014 776 βασιλικὸν
2083 711 2341 764 ναυτικὸν
2382 711 2472 781 ὑφ’
2526 711 2721 766 ἑαυτὸν
2787 715 3177 783 ποιησάμενος,
3248 714 3310 779 ἐξ
3368 713 3534 769 ’Δῆῧ-

275 809 366 860 δου
390 807 529 878 πρὸς
558 808 657 879 τὴν
687 808 912 880 Θρᾴκην
945 808 1283 881 ἐπεραιώθη,
1315 807 1412 861 καὶ
1447 806 1517 860 τά
1548 804 1649 874 τῆς
1708 802 1883 873 Ἐᾠας
1915 804 2132 860 ἅπαντα
2200 807 2388 877 σχεδὸν
2421 808 2760 879 ὑπηγάγετο,
2827 808 2957 861 ἄνευ
2996 812 3184 879 μέντοι
3213 810 3320 864 τῶν
3360 811 3532 881 θέμα-

273 920 365 968 τος
394 902 487 956 τοῦ
533 903 803 972 Ὀψικίου,
830 897 893 957 οὗ
926 906 954 958 6
984 903 1315 968 Κατάκυλας
1355 903 1710 973 ἐστρατήγει,
1768 902 1864 956 καὶ
1898 900 1992 956 τοῦ
2054 901 2165 954 τῶν
2208 902 2610 971 ’Λρμενιακῶνο
2644 904 2672 955 6
2721 903 2995 967 Ὀλϐιανδς
3029 906 3087 959 δὲ
3147 906 3246 978 τὴν
3289 924 3531 979 στρατη-

273 995 396 1063 γίδα
419 993 613 1049 τούτου
653 988 802 1064 εἶχεν
833 994 1036 1066 ἀρχὴν,
1074 994 1133 1059 ὃς
1157 994 1220 1065 δὴ
1251 995 1489 1065 λοχήσας
1523 992 1740 1048 καὶτὸν
1805 991 1883 1062 τῷ
1920 993 2173 1063 τυράννῳ
2240 994 2628 1065 εἰσποιηθέντα
2681 995 2797 1049 υἰδν
2828 994 3141 1068 κατασχὼνξ
3175 1000 3387 1054 ἀνεῖλεν
3439 1003 3528 1056 εὐ-

272 1089 391 1149 θός.

341 1181 467 1239 ΚΓ.
507 1183 801 1252 Γενόμενος
839 1182 884 1236 δ’
930 1185 988 1237 ὲν
1029 1186 1096 1256 τῇ
1139 1184 1350 1256 Θρᾴκῃ,
1403 1185 1477 1248 ὡς
1540 1184 1782 1254 εἴρηται,

1932 1236 1935 1241 ,
2034 1178 2223 1234 XXIII.
2261 1178 2395 1234 Cum
2423 1179 2680 1243 Tlmmas,
2707 1189 2767 1235 ut
2795 1180 2999 1236 dictum
3021 1191 3127 1246 est,
3155 1181 3211 1237 in
3240 1183 3525 1243 Thraciam

267 1277 500 1347 Θωμᾶς,
585 1276 1056 1346 προστιθεμένους
1132 1278 1281 1349 αὐτῷ
1335 1279 1460 1341 τοὺς
1521 1277 1843 1347 ξύμπαντας

234 1430 235 1433 η
268 1366 527 1437 ἔσχηκεν.
562 1364 729 1430 Αὖθις
763 1364 858 1421 οὖν
890 1370 986 1422 τοῦ
1036 1369 1301 1440 βασιλέως
1338 1371 1485 1426 κατά
1508 1389 1567 1425 τε
1605 1372 1711 1442 γῆν
1742 1372 1842 1424 αὐ·

266 1459 346 1529 τῷ
374 1459 746 1528 συμμίξαντος
781 1460 871 1513 καὶ
906 1462 1048 1515 κατά
1072 1463 1370 1529 θάλασσαν,
1412 1465 1505 1518 καὶ¹
1536 1465 1704 1533 ἄμφω
1744 1466 1843 1528 τὰς

266 1551 531 1620 στρατιάς
562 1553 590 1604 ὁ
620 1552 883 1618 τύραννος
924 1553 1192 1623 ἐτρέψατό
1226 1572 1286 1608 τε
1336 1556 1432 1609 καὶ
1471 1555 1840 1621 διεσκέδασεν,

264 1640 623 1709 υίοθετήσατο
652 1640 698 1693 δ’
729 1640 937 1711 ἕτερον,
990 1641 1084 1694 τοῦ
1121 1642 1336 1713 πρώτου
1385 1642 1732 1708 κτανθέντος,
1767 1643 1842 1706 ὡς

265 1732 508 1801 εἴρηται,
570 1732 924 1786 Ἀναστάσιον
978 1732 1077 1803 μὲν
1118 1734 1481 1805 καλούμενον,
1523 1733 1757 1805 μοναχὸν
1796 1735 1840 1787 δ’

260 1823 391 1875 ὄντα
421 1823 514 1874 καὶ
546 1822 605 1875 τὸ
630 1824 733 1892 μὲν
766 1826 955 1893 σχῆμα
983 1824 1044 1877 τὸ
1075 1826 1220 1879 θεῖον
1244 1825 1687 1896 ἀποδυσάμενον,
1717 1841 1841 1879 στο-

260 1915 363 1985 λὴν
416 1914 475 1970 δὲ
519 1920 794 1987 κοσμικὴν
845 1920 1391 1989 μεταμφιασάμενον.
1457 1919 1546 1983 Ἐς
1589 1919 1744 1973 τοῦτο
1795 1920 1840 1971 δ’

258 2002 397 2074 ἧκεν
436 2008 676 2077 ἀπορίας
701 2010 728 2061 ὁ
752 2008 993 2079 Μιχαὴλ,
1017 2009 1092 2072 ὼς
1119 2010 1348 2080 σιδηρᾶν
1378 1994 1618 2064 ἐκτεῖναι
1648 2011 1840 2080 σειρὰν

260 2100 321 2164 ἐξ
365 2099 741 2170 Ἀκροπόλεως
789 2103 869 2162 εἰς
900 2102 960 2154 τὸ
1010 2102 1134 2155 κατ’
1181 2102 1482 2174 ἀντιπέραν
1540 2104 1834 2174 πολίχνιον,

260 2189 329 2241 ἵν’
355 2189 532 2245 ἄϐατα
567 2193 683 2254 τοῖς
715 2186 811 2244 τοῦ
852 2192 1119 2262 τυράννου
1168 2193 1494 2260 φυλάττοιτο
1543 2193 1612 2247 τὰ
1645 2195 1835 2258 ἐντός.

268 2281 409 2332 Ἀλλ’
432 2284 460 2335 ὁ
483 2279 685 2351 Θωμᾶς
708 2282 847 2353 ὁμοῦ
886 2285 953 2354 τῇ
1004 2282 1164 2336 πόλει
1217 2284 1523 2354 προσέϐαλε
1559 2286 1703 2339 κατὰ
1731 2284 1838 2354 γῆν

253 2389 313 2424 τε
348 2378 441 2425 καὶ
478 2372 781 2437 θάλασσαν,
814 2373 913 2444 τὴν
945 2373 1176 2445 σιδηρᾶν
1206 2374 1428 2446 ἐκείνην
1459 2376 1638 2448 ῥᾷστα
1683 2376 1836 2446 διαρ-

255 2463 427 2535 ρήξας
462 2465 676 2534 σειρὰν,
702 2464 800 2518 καὶ
832 2464 969 2535 ᾤετο
998 2467 1048 2519 εἰ
1091 2466 1254 2535 μόνον
1284 2467 1503 2537 φανείη,
1535 2468 1662 2531 τοὺς
1690 2469 1747 2522 ὲν
1766 2470 1831 2537 τῇ

1954 1274 2218 1337 venisset,
2243 1286 2434 1327 omnes
2464 1272 2531 1326 ad
2561 1287 2688 1327 eum
2716 1287 2774 1328 se
2814 1274 3189 1330 contulerunt.
3214 1277 3402 1347 Itaque
3426 1280 3529 1334 im-

1951 1371 2262 1431 peratorem
2310 1362 2494 1415 denuo
2541 1369 2686 1416 terra
2729 1360 2981 1431 marique
3011 1362 3177 1431 vicit,
3222 1365 3527 1439 proﬂigatis

1950 1452 2305 1517 exercitibus,
2351 1462 2405 1507 et
2440 1452 2496 1505 in
2525 1452 2801 1507 demortui
2838 1453 2934 1507 lilii
2961 1454 3141 1509 locum
3192 1456 3361 1513 alium
3395 1459 3527 1514 ado-

1953 1545 2149 1613 ptavit,
2199 1543 2422 1599 nomine
2478 1544 2831 1598 Anastasium
2867 1586 2882 1610 ,
2919 1546 3038 1616 qui,
3080 1563 3238 1604 sacro
3268 1552 3525 1607 monachi

1952 1637 2145 1691 habitu
2194 1636 2430 1707 abiecto,
2476 1636 2693 1692 civilem
2717 1646 3053 1707 sumpserat,
3101 1655 3280 1711 eoque
3310 1644 3525 1716 redegit

1950 1729 2376 1793 Michaelem,~ut
2402 1728 2581 1782 ferrea
2632 1739 2825 1784 catena
2845 1745 2911 1784 ex
2937 1728 3192 1802 Aciopoli
3217 1735 3271 1789 in
3294 1736 3526 1806 oppida.-

1949 1822 2063 1875 Ium
2093 1836 2123 1875 e
2152 1821 2376 1891 regione
2413 1821 2578 1875 situm
2628 1829 2848 1876 extenta
2884 1830 3174 1893 tyrannum
3227 1827 3522 1897 prohibere

1948 1924 2264 1978 conaretur,
2304 1929 2372 1969 ne
2418 1914 2564 1968 intro
2596 1897 2935 1984 penetraret.
2974 1918 3082 1973 Sed
3105 1916 3347 1974 Thomas
3370 1927 3516 1974 terra

1949 2009 2200 2075 marique
2243 2006 2428 2069 simul,
2454 2005 2665 2075 impetu
2703 2006 2758 2059 in
2789 2007 2979 2062 urbem
3010 2009 3178 2074 Iacto,
3215 2018 3519 2079 catenaque

1945 2097 2208 2151 facillime
2255 2105 2416 2166 rupta
2457 2134 2472 2158 ,
2516 2095 2784 2166 putabat,
2840 2097 2887 2152 si
2960 2113 2989 2151 a
3045 2097 3260 2154 civibus
3306 2107 3518 2153 tantum

1947 2187 2387 2255 conspiceretur,
2436 2185 2556 2240 fore
2616 2185 2721 2240 sibi
2787 2185 2862 2241 ob
2919 2187 3269 2256 imperatoris
3331 2187 3518 2242 odium

1946 2285 2135 2348 aperta
2165 2279 2370 2333 omnia.
2411 2277 2547 2333 Cum
2581 2285 2762 2333 autem
2800 2279 2947 2334 viros
2998 2278 3168 2335 fortes
3206 2293 3265 2334 se
3294 2278 3509 2349 praebe-

1946 2378 2071 2424 rent
2129 2371 2225 2439 qui
2256 2369 2449 2424 urbem
2482 2369 2803 2436 tuebantur,
2827 2384 2924 2442 spe
2948 2370 3214 2443 dejectus,
3251 2377 3365 2426 tum
3391 2372 3517 2442 qui-

1944 2462 2065 2517 dem
2115 2461 2363 2525 recessit,
2388 2476 2455 2516 ac
2477 2460 2679 2516 vallum
2724 2461 2927 2516 muniit
2966 2460 3116 2517 circa
3138 2475 3352 2517 sacram
3379 2477 3508 2517 sane

252 2553 410 2605 πόλει
439 2553 528 2607 διά
580 2554 678 2621 τὴν
722 2557 861 2625 πρὸς
904 2554 996 2607 τὸν
1046 2553 1353 2625 κρατοῦντα
1391 2554 1713 2624 ἀπέχθειαν,
1746 2557 1827 2608 εὑ·

1936 2563 2150 2609 etorum
2196 2552 2607 2624 Anargyrorum
2672 2552 2845 2608 aedem
2874 2593 2890 2620 ,
2941 2553 3034 2624 qui
3096 2554 3249 2608 locus
3295 2552 3508 2607 Paulini

250 2643 392 2715 χερῆ
415 2642 515 2714 τὴν
553 2643 761 2697 εἴσοδον
813 2644 962 2715 αὑτῷ
1004 2648 1328 2717 παρασχεῖν.
1372 2646 1526 2700 Ἐπεὶ
1571 2646 1616 2699 δ’
1659 2647 1836 2717 spem-

252 2736 451 2806 μένους
480 2735 687 2806 εὕρηκε
714 2736 846 2799 τοὺς
874 2738 1025 2800 ἐντὸς
1059 2739 1196 2807 πρὸς
1218 2738 1319 2808 τὴν
1348 2738 1450 2807 τῆς
1492 2737 1700 2803 πόλεως
1740 2756 1836 2809 φυ-

250 2828 450 2897 λακὴν,
478 2827 574 2881 καὶ
605 2828 715 2880 τῶν
745 2828 982 2883 ἐλπίδων
1032 2828 1304 2901 ἐψεύσθη,
1334 2831 1458 2884 τότε
1495 2830 1596 2902 μὲν
1621 2830 1830 2901 ἀνεχώ-

257 2935 418 2989 ρησε,
472 2921 568 2973 καὶ
625 2919 879 2989 βάλλεται
925 2921 1144 2991 χάρακα
1204 2924 1348 2978 κατά
1408 2924 1471 2976 τὸ
1521 2924 1629 2977 τῶν
1670 2923 1830 2977 θείων

259 3007 615 3077 ’Λναργύρων
676 3006 977 3078 ἱερώτατον
1028 3009 1278 3078 τέμενοςο
1337 3013 1365 3064 ὁ
1416 3011 1581 3075 τόπος
1628 3010 1687 3064 δὲ
1730 3010 1827 3065 τοῦ

248 3095 525 3149 Παυλίνου
574 3094 885 3165 ὡνόμαστο.
936 3094 1194 3167 Ἠμερῶν
1224 3097 1281 3151 δέ
1313 3116 1477 3153 τινων
1509 3101 1829 3172 διαγενομέ-

243 3203 374 3250 νων,
422 3188 515 3239 καὶ
563 3187 706 3240 κατὰ
754 3188 954 3258 χέρσον
1003 3185 1160 3253 αὖθις
1215 3192 1311 3244 καὶ
1363 3194 1505 3246 κατὰ
1551 3192 1827 3247 θάλασσαν

242 3283 494 3347 ἐπήγαγε
527 3281 592 3348 τῇ
625 3278 780 3331 πόλει
831 3278 923 3333 τὸν
976 3281 1236 3349 πόλεμον,
1294 3282 1571 3347 ἑλεπόλεις
1627 3302 1685 3336 τε
1730 3285 1825 3338 καὶ

242 3375 523 3444 κλίμακας
550 3374 918 3443 ἐπειγόμενος.
976 3372 1061 3437 Ὧς
1093 3374 1140 3426 δ’
1173 3374 1327 3445 ἐώρα
1355 3375 1424 3429 τὰ
1453 3376 1553 3446 τῆς
1579 3377 1822 3448 σπουδῆς

241 3466 395 3535 αὐτῷ
446 3466 785 3535 πανταχόθεν
834 3467 1094 3534 ἀνήνυτα,
1143 3467 1267 3519 τότε
1317 3467 1416 3537 μὲν
1456 3469 1559 3537 τὴν
1609 3469 1825 3539 ψυχρὰν

240 3560 654 3631 ἐκτρεπόμενος
703 3560 928 3631 Θρᾴκην
987 3560 1220 3632 (χειμὼν
1260 3562 1369 3634 γὰρ
1406 3558 1497 3633 ἦν)
1525 3563 1626 3634 τὴν
1661 3580 1825 3634 στρα-

242 3655 369 3707 τιὰν
398 3651 566 3708 αὐτοῦ
594 3654 713 3715 ταῖς
741 3652 948 3723 χώραις
988 3654 1283 3723 διένειμεν,
1323 3656 1383 3709 ὲν
1414 3654 1644 3718 ταύταις
1696 3672 1822 3724 σχο-

238 3746 532 3811 λάζουσαν,
567 3745 661 3799 καί¹
684 3744 784 3815 τὴν
823 3745 917 3799 τοῦ
950 3746 1221 3817 χειμῶνος
1253 3745 1663 3816 ὲκφευξομένην
1706 3746 1824 3817 δρι-

241 3838 481 3907 μύτητα.
524 3837 688 3907 Ἀρτι
730 3836 787 3890 δὲ
814 3835 910 3891 τοῦ
958 3835 1119 3908 ἔαρος
1162 3838 1492 3905 ἐφεστῶτος,
1525 3839 1622 3892 καὶ
1658 3838 1821 3892 πάλιν
1849 3869 1893 3929 c

242 3929 489 3997 προσῆγε
520 3928 617 3979 καὶ
663 3925 1057 3996 ἀμφοτέρωθεν
1098 3928 1165 3996 τῇ
1199 3927 1354 3979 πόλει
1401 3926 1499 3995 τὴν
1533 3928 1817 3998 στρατιὰν,

238 4021 334 4073 καὶ
364 4017 729 4089 περιεκύκλου
748 4018 818 4071 τά
846 4017 999 4087 τείχη
1028 4017 1106 4087 τῷ
1144 4035 1204 4070 τε
1245 4019 1398 4089 πεζῷ
1432 4018 1803 4089 στρατεύματι

238 4111 335 4163 καὶ
365 4108 445 4176 τῷ
481 4108 748 4179 ναυτικῷ.
781 4107 923 4177 Ἤδη
951 4108 1008 4161 δὲ
1037 4109 1135 4163 καὶ
1161 4108 1240 4180 τῷ
1261 4110 1481 4181 Μιχαὴλ
1513 4111 1810 4181 ἡτοίμαστο

238 4203 334 4254 καὶ
361 4199 549 4262 στόλος
581 4203 679 4254 καὶ
717 4202 1057 4272 στράτευμα.
1090 4202 1288 4270 Λόγοις
1317 4202 1411 4255 οὖν
1471 4202 1815 4271 παρακλητι-

237 4295 352 4355 κοίς
376 4295 506 4356 τοὺς
548 4293 786 4355 οἰκείους
812 4295 1243 4367 παραθαρρύνας
1265 4297 1294 4348 ὁ
1317 4294 1590 4365 βασιλεὺς,
1621 4296 1817 4367 ἀθρόον

235 4391 301 4441 ἐκ
324 4386 588 4439 πλειόνων
606 4385 792 4440 πυλῶν
820 4386 1008 4455 ἐξάγει
1035 4386 1283 4450 τούτους,
1323 4388 1420 4441 καὶ
1442 4389 1815 4458 συρρήγνυται

243 4479 317 4551 τῷ
350 4479 446 4533 τοῦ
491 4478 762 4549 τυράννου
814 4478 952 4548 λαῷ.
992 4478 1056 4533 Οί
1086 4479 1144 4533 δὲ
1189 4477 1266 4549 τῷ
1298 4480 1557 4550 αἰφνιδίῳ
1603 4481 1696 4533 καὶ
1737 4481 1815 4550 τῷ

237 4572 432 4643 θράσει
474 4569 587 4624 τῶν
649 4570 919 4623 ἐπιόντων
972 4569 1504 4637 ἀποδεδειλιακότες,
1554 4570 1624 4623 τὰ
1668 4570 1814 4624 νῶτα

240 4662 560 4732 μετέὄαλον,
600 4661 696 4714 καὶ
741 4661 941 4713 ἔπεσον
974 4661 1186 4726 πολλοὶ,
1224 4661 1320 4715 καὶ
1369 4664 1401 4732 ή
1445 4662 1570 4733 νίκη
1603 4661 1713 4715 τῶν
1748 4663 1814 4717 ὲκ

236 4755 338 4823 τῆς
373 4753 580 4816 πόλεως
606 4748 695 4823 ἦν.
744 4753 826 4807 Τά
857 4753 957 4824 μὲν
982 4750 1077 4807 οὖν
1106 4754 1247 4808 κατά
1288 4754 1485 4825 χέρσον
1511 4752 1655 4807 οὕτω
1689 4770 1811 4807 συν-

237 4844 439 4915 ηνέχθη
478 4844 557 4915 τῷ
587 4845 892 4919 ἀποστάτῃ
929 4846 991 4898 οὐ
1016 4845 1125 4915 μὴν
1147 4845 1261 4899 ἀλλ’
1290 4845 1410 4898 οὐδὲ
1440 4844 1509 4899 τὰ
1543 4844 1686 4899 κατά
1718 4846 1814 4900 θά-

236 4935 444 4990 λασσαν
498 4935 717 4989 κάλλιον
761 4936 917 5006 ἔσχεν
951 4935 1125 5006 αὐτῷ.
1182 4937 1296 5000 Τὰς
1353 4935 1463 5006 γὰρ
1522 4936 1809 5005 βασιλικάς

235 5029 488 5097 τριήρεις
514 5026 576 5081 τὸ
603 5026 695 5080 τοῦ
721 5026 988 5096 τυράννου
1024 5027 1283 5081 ναυτικὸν
1313 5026 1655 5099 θεασάμενον
1682 5030 1809 5082 ἐπι·

238 5117 402 5178 ούσας
432 5118 604 5186 αὐτῷ,
634 5121 735 5189 οὐχ
762 5118 1094 5186 ὑπήνεγκεν,
1125 5117 1240 5171 ἀλλ’
1291 5117 1476 5183 εὐθὺς,
1526 5121 1625 5175 τὴν
1673 5135 1810 5188 συμ-

1936 2651 2184 2698 vocatur.
2244 2643 2451 2698 Diebus
2503 2643 2716 2713 aliquot
2767 2642 2999 2713 elapsis,
3064 2642 3261 2698 urbem
3327 2643 3511 2698 denuo

1934 2742 2078 2787 terra
2110 2732 2358 2802 marique
2381 2740 2682 2804 oppugnat,
2725 2733 2996 2789 machinis
3025 2741 3082 2789 et
3108 2734 3275 2789 scalis
3295 2732 3513 2790 adhibi-

1938 2824 2030 2881 tis.
2061 2825 2130 2881 Ut
2158 2841 2286 2880 vero
2309 2840 2368 2881 se
2408 2840 2630 2882 omnem
2664 2841 2888 2897 operam
2910 2836 2968 2882 et
2995 2826 3300 2897 impensam
3323 2826 3514 2883 ludere

1930 2917 2092 2984 vidit,
2155 2925 2308 2985 tunc,
2362 2916 2559 2989 frigida
2613 2918 2848 2973 Thracia
2899 2918 3091 2974 relicta
3131 2920 3280 2989 (nam
3333 2918 3511 2975 hiems

1929 3008 2094 3079 erat),
2125 3009 2400 3065 exercitus
2431 3010 2487 3064 in
2534 3010 2845 3081 provincias
2861 3009 3164 3077 distribuit,
3196 3018 3259 3066 ut
3292 3010 3368 3067 ibi
3396 3013 3510 3067 otio

1931 3101 2161 3155 recreati
2196 3101 2396 3157 hiemis
2432 3102 2699 3157 saevitiam
2739 3102 3033 3158 evitarent.
3075 3102 3190 3159 Sub
3224 3105 3371 3161 veris
3399 3105 3507 3160 ini-

1929 3192 2100 3257 tium,
2142 3191 2389 3262 legiones
2436 3192 2617 3248 denuo
2651 3193 2909 3263 utrinque
2944 3202 3136 3251 contra
3176 3194 3367 3250 urbem
3397 3194 3495 3249 ad-

1929 3286 2123 3351 duxit,
2163 3300 2395 3356 eamque
2436 3296 2492 3341 et
2535 3286 2882 3357 pedestribus
2918 3297 2977 3343 et
3009 3288 3296 3345 navalibus
3333 3289 3508 3360 copiis

1930 3377 2312 3434 circumdedit.
2360 3376 2463 3433 Sed
2494 3386 2550 3433 et
2582 3378 2813 3434 Michael
2852 3378 3064 3434 interea
3111 3388 3168 3434 et
3192 3380 3423 3436 classem
3453 3390 3510 3434 et

1927 3469 2133 3524 milites
2169 3477 2473 3539 comparat,
2519 3484 2759 3541 suosque
2832 3470 3156 3526 cohortatus
3185 3511 3200 3536 ,
3254 3470 3508 3541 pluribus

1930 3559 2106 3628 portis
2149 3574 2215 3615 ex
2270 3561 2573 3630 improviso
2616 3560 2883 3632 impetum
2941 3561 2998 3616 in
3046 3562 3263 3633 tyranni
3320 3562 3508 3634 copias

1927 3651 2075 3707 fecit.
2109 3651 2192 3706 Illi
2220 3666 2351 3706 vero
2378 3661 2434 3706 et
2458 3652 2837 3722 inexspectata
2864 3653 3234 3723 aggressione,
3261 3661 3319 3709 et
3337 3654 3507 3710 auda-

1926 3743 2009 3798 cia
2073 3742 2319 3798 hostium
2374 3742 2574 3807 territi,
2621 3752 2770 3810 terga
2834 3743 3150 3811 dederunt,
3204 3744 3504 3816 multisque

1925 3832 2082 3887 caesis
2128 3831 2361 3886 victoria
2421 3846 2594 3901 penes
2639 3832 2883 3888 urbanos
2930 3832 3056 3889 fuit.
3107 3836 3185 3890 Ac
3220 3844 3372 3892 terra
3419 3838 3503 3894 sic

1927 3934 2111 3981 actum
2146 3932 2234 3979 est
2271 3939 2394 3978 cum
2429 3922 2735 3989 desertore,
2781 3925 3032 3996 marique
3069 3926 3248 3984 nihilo
3277 3929 3499 3985 melius.

1925 4017 2061 4071 Nam
2110 4016 2327 4088 tyranni
2396 4031 2597 4083 naves,
2641 4031 2767 4071 cum
2799 4016 3209 4087 imperatoriam
3267 4019 3499 4077 classem

1927 4118 2119 4165 contra
2152 4124 2213 4164 se
2239 4109 2317 4164 ire
2346 4109 2634 4175 vidissent,
2662 4124 2775 4165 non
2802 4112 3157 4179 restiterunt,
3208 4112 3308 4169 sed
3359 4128 3497 4170 eon-

1923 4216 2113 4271 gressu
2136 4201 2364 4267 evitato,
2390 4200 2608 4256 assidua
2633 4201 2993 4274 remigatione
3017 4203 3084 4258 ad
3106 4202 3496 4262 Continentem

1920 4294 2255 4364 appulerunt
2284 4314 2296 4348 :
2339 4295 2412 4349 ibi
2456 4294 2550 4349 alii
2583 4294 3067 4366 diﬂ‘ugerunt,alii
3089 4297 3158 4353 ad
3178 4297 3498 4356 Michaelem

1919 4385 2261 4443 defecerunt.
2292 4387 2497 4442 Verum
2539 4387 2799 4444 desertor
2823 4390 3164 4461 tyrannidem
3210 4392 3371 4463 138
3405 4394 3501 4449 ad-

1923 4475 2033 4530 huc
2066 4476 2317 4547 urgebat,
2344 4491 2527 4547 neque
2559 4477 2701 4533 vallo
2729 4478 2932 4546 soluto,
2961 4488 3018 4536 et
3042 4480 3216 4536 classe
3244 4496 3408 4551 quam
3441 4482 3499 4537 in

1916 4566 2126 4623 Graecia
2195 4577 2440 4637 paratam
2536 4568 2777 4625 habebat
2855 4571 3143 4628 accersita.
3185 4570 3317 4638 Qua:
3371 4587 3497 4627 cum

1916 4656 2174 4721 venisset,
2205 4664 2262 4711 et
2285 4657 2438 4728 juxta
2470 4657 2697 4730 Byridas
2764 4672 2933 4715 naves
2966 4659 3249 4717 subducta:
3288 4671 3491 4727 essent,

1913 4746 2193 4803 Michaelis
2224 4748 2493 4804 classiarii
2523 4764 2588 4805 ea
2616 4762 2677 4805 re
2710 4750 2950 4822 cognita,
2981 4761 3144 4806 noctu
3178 4766 3271 4807 eas
3303 4767 3495 4824 aggre-

1918 4838 2241 4905 diuntur,et
2263 4841 2526 4911 quasdam
2557 4841 2841 4898 hostilium
2866 4844 3087 4898 navium
3120 4854 3407 4916 ceperunt,
3439 4857 3495 4902 et

1916 4929 2179 5000 quasdam
2225 4930 2337 5002 igni
2383 4931 2575 4987 Graeco
2624 4932 3023 5000 incenderunt,
3077 4944 3138 4989 ut
3205 4950 3494 5006 perpauca:

1912 5022 2208 5077 admodum
2239 5033 2613 5093 superessent.
2647 5023 2820 5080 Terra
2850 5034 3033 5081 autem
3067 5025 3260 5082 crebra
3308 5029 3491 5097 praelia

1913 5116 2140 5179 ﬁebant,
2163 5114 2469 5185 Theophilo
2515 5116 2861 5186 imperatoris
2882 5116 2994 5172 ﬁlio
3022 5117 3184 5186 duce,
3214 5119 3308 5174 sed
3331 5134 3491 5183 atque

238 5205 445 5277 πλοκὴν
505 5208 580 5279 μὴ
634 5207 943 5280 θαρρῆσαν,
1001 5207 1219 5279 εἰρεσίᾳ
1277 5211 1444 5280 συχνῇ
1501 5209 1638 5279 πρὸς
1701 5208 1802 5278 τὴν

1932 5209 2025 5262 ere
2057 5206 2228 5261 Marte
2282 5207 2648 5277 pugnabatur,
2699 5207 2930 5263 victoria
2979 5208 3047 5263 ad
3078 5220 3330 5265 neutram
3366 5227 3467 5282 par

240 5294 434 5362 χέρτον
489 5297 813 5364 κατήγοντο,
850 5296 944 5349 καὶ
983 5296 1034 5347 οἱ
1085 5295 1182 5365 μὲν
1226 5295 1647 5366 ἀπεδίδρασκον,
1680 5296 1729 5349 οἰ
1753 5296 1812 5349 δὲ

1919 5306 2029 5355 tem
2057 5298 2374 5354 inclinante.
2392 5299 2606 5355 Interea
2629 5312 2764 5356 vero
2809 5300 3019 5371 aliquid
3034 5301 3252 5370 accidit,
3270 5318 3381 5374 quo
3399 5320 3490 5365 res

1337 5506 1347 5525 '
1413 5430 1615 5493 Variae
1655 5431 1960 5495 lectiones
2004 5439 2067 5496 et
2109 5438 2300 5496 notae.

312 5553 387 5627 Π)
432 5556 914 5610 Κωνσταντῐνον.
950 5555 1115 5611 Addit
1140 5554 1436 5627 Georgius
1468 5555 1819 5615 Hamartolus

242 5622 297 5696 in
319 5622 534 5679 'Chron.
564 5642 668 5680 ms.
703 5628 877 5681 tilium
911 5627 1100 5681 lrenes
1121 5622 1384 5696 Augusiae
1433 5637 1695 5696 praeterea
1759 5645 1820 5685 se

239 5692 444 5750 dixisse
485 5712 500 5753 ;
526 5697 788 5766 Διογενής
821 5713 882 5748 τε
919 5698 1015 5750 καὶ
1033 5692 1244 5765 ἀφανὴς
1272 5695 1372 5763 ὢν,
1403 5692 1545 5768 πρὸς
1573 5700 1642 5755 τά
1671 5698 1819 5770 μέρη

568 5792 845 5852 ΡΑτιιοι.
887 5790 1002 5852 Gn.
1039 5790 1353 5854 CXXXIV.

1922 5562 2023 5633 τῆς
2045 5560 2248 5633 Συρίας
2280 5561 2537 5633 ἀφίκετο,
2558 5563 2991 5633 Κωνσταντῖνον
3021 5562 3188 5617 αὐτὸν
3251 5582 3490 5633 μετωνο-

1927 5631 2131 5705 μάσας,
2165 5632 2262 5705 καὶ
2282 5632 2400 5705 υἱδν
2417 5631 2655 5705 Εἰρήνης
2675 5633 2775 5705 τῆς
2812 5632 3159 5705 βασιλίσσης.
3186 5631 3322 5693 Vide
3339 5634 3481 5692 Con-

1924 5700 2128 5756 tinuat.
2164 5700 2488 5773 ’I‘heOphan.
2522 5701 2560 5758 I.
2593 5700 2633 5770 ι,
2661 5700 2799 5758 ml.

3006 5792 3089 5857 M
