4068 6402
599 308 733 415 1337

1850 340 2174 404 JOANNIS
2212 340 2536 403 ΖΟΝΑΒᾸΞ

3694 341 3816 411 1⁵88

594 458 742 511 illius
781 454 1004 510 Thomas
1041 451 1377 509 labefactata:
1434 458 1582 508 sunt.
1622 452 1755 506 Nam
1798 464 2017 517 rumore
2064 448 2153 505 de-

2268 447 2344 516 τῷ
2371 448 2593 519 Μιχαὴλ
2628 448 3060 521 αύτομολοῦντες
3105 450 3439 523 προσῄεσαν.
3485 451 3544 505 Ὀ
3591 453 3651 507 δὲ
3690 455 3813 506 ἀπο-

593 547 845 604 fectionis
870 545 1112 625 Thomas,
1142 556 1197 615 et
1221 546 1374 600 urbis
1398 543 1697 599 obsidionis
1719 542 1918 613 passim
1943 556 2155 610 sparso,

594 638 872 707 Mortagon
889 636 1240 705 Bulgarorum
1262 633 1634 705 princeps,qui
1651 647 1916 687 annorum
1936 632 2158 702 triginta

596 728 847 783 inducias
871 742 994 782 cum
1016 726 1197 782 Leone
1216 727 1441 791 fecerat,
1472 725 1733 782 Romanis
1757 725 1985 789 amicus,
2012 724 2157 779 ultro

593 820 872 890 suppetias
915 819 1229 888 imperatori
1280 820 1446 884 venit,
1494 818 1690 874 castris
1744 817 1811 872 ad
1858 816 2156 873 Cedoctum

592 916 805 969 locatis.
839 914 916 967 Ea
948 928 1035 968 res
1066 912 1403 967 desertorem
1431 911 1687 966 turbavit.
1718 911 1853 965 Nam
1883 924 2006 964 cum
2037 925 2067 965 e
2098 925 2157 963 re

594 1021 692 1060 sua
724 1019 844 1059 esse
870 1019 977 1058 non
1011 1012 1256 1073 putaret,
1291 1012 1348 1057 ut
1376 1002 1537 1057 simul
1564 1010 1619 1057 et
1655 1002 1844 1056 urbem
1880 1015 2157 1071 oppugna-

595 1103 697 1156 ret,
722 1102 777 1148 et
805 1107 930 1148 cum
958 1092 1203 1162 Bulgaris
1235 1092 1537 1155 dimicaret,
1566 1092 1933 1161 quod,divisis
1960 1090 2153 1159 copiis,

593 1183 805 1240 neutris
842 1198 938 1254 par
984 1183 1207 1238 futurus
1245 1192 1391 1239 esset
1424 1226 1438 1250 ,
1479 1193 1665 1238 contra
1727 1182 1987 1253 Bulgaros
2030 1197 2155 1237 cum

593 1277 740 1333 omni
782 1275 1024 1332 exercitu
1067 1284 1149 1331 est
1184 1275 1484 1346 profectus,
1535 1289 1825 1346 pugnaque
1862 1273 2155 1328 commissa

593 1372 791 1434 victus,
824 1369 1023 1424 multos
1052 1383 1274 1423 suorum
1311 1367 1491 1423 amisit
1517 1367 1712 1437 partim
1734 1379 1924 1431 caesos,
1956 1363 2156 1434 partim

596 1469 807 1531 captos.
846 1460 950 1527 Qui
985 1475 1118 1515 vero
1151 1469 1205 1515 et
1242 1460 1587 1515 barbaricum
1624 1472 1810 1527 ensem
1844 1465 1900 1512 et
1930 1455 2158 1527 captivi-

597 1562 761 1606 tatem
803 1552 1131 1623 eil‘ugerant,
1174 1550 1581 1621 exspectatione
1609 1563 1795 1607 rerum
1846 1548 2154 1602 futurarum

596 1644 870 1715 suspensi,
921 1644 1273 1713 quieverunt.
1320 1643 1554 1714 Bulgari,
1589 1640 1820 1711 captivis
1861 1646 1916 1695 et
1959 1652 2155 1708 magna

594 1738 772 1805 pneda
827 1720 1101 1800 adducta',
1164 1734 1294 1790 elati
1343 1733 1568 1790 victoria
1631 1740 1995 1789 recesserunt.
2076 1729 2153 1784 Ea

2261 542 2463 609 στάτης
2494 541 2576 593 ἔτι
2623 540 2723 611 τῆς
2761 542 3077 611 τυραννίδος
3123 544 3420 613 ἀντείχετο,
3456 544 3549 598 καὶ
3579 543 3699 597 οὔτε
3732 546 3814 597 τὸν

2258 629 2478 700 χάρακα
2516 631 2698 698 ἔλυσε,
2744 632 2841 685 καὶ
2867 631 2929 686 τὸ
2955 634 3015 687 ὲν
3073 631 3291 686 Ἐλλάδι
3319 633 3650 703 ὲτοιμασθὲν
3686 634 3816 704 αύτῷ

2258 721 2514 778 ναυτικὸν
2554 722 2974 793 μετεπέμψατο,
3034 723 3130 777 καὶ
3157 724 3280 777 τόδε
3330 726 3516 795 παρῆν
3558 726 3701 779 κατά
3731 724 3818 777 Bu-

2261 812 2409 884 ρίδας
2442 812 2910 882 νεωλκυσάμενον.
2950 815 3016 869 Ὃ
3037 813 3260 882 γνόντες
3286 816 3336 868 0i
3364 814 3459 891 τοῦ
3499 816 3691 869 στόλου
3728 816 3812 871 τοῦ

2256 904 2496 973 Μιχαὴλ,
2531 903 2728 969 νυκτὸς
2758 904 2946 969 αὐτοῖς
2988 906 3348 969 ἐπιτίθενται,
3393 906 3491 961 καί
3535 924 3691 970 τινας
3732 908 3817 976 μὲν

2255 996 2502 1067 ᾑρήκασι
2535 997 2646 1049 τῶν
2701 996 2983 1068 πολεμίων
3027 998 3188 1063 νεῶν,
3241 998 3437 1070 ἑτέρας
3466 998 3525 1052 δὲ
3581 998 3661 1069 τῷ
3685 998 3819 1068 ὑγρῷ

2257 1089 2389 1156 πυρὶ
2414 1088 2892 1159 παραδεδώκασιν,
2936 1091 3012 1152 ὡς
3033 1090 3222 1158 ὀλίγας
3251 1091 3691 1161 περιλειφθῆναι.
3721 1092 3820 1144 Κα-

2255 1179 2323 1233 τὰ
2354 1181 2457 1250 γῆν
2487 1179 2543 1232 δὲ
2579 1181 2773 1250 συχναὶ
2801 1181 2903 1250 μὲν
2945 1181 3189 1250 ἐγίνοντο
3242 1181 3570 1252 προσϐολαὶ,
3638 1182 3818 1249 Θεοφί·

2255 1272 2349 1324 λου
2368 1270 2463 1324 τοῦ
2488 1271 2609 1324 υίοῦ
2643 1270 2738 1324 τοῦ
2768 1271 3036 1342 βασιλέως
3080 1271 3178 1327 τοῦ
3210 1272 3345 1326 λαοῦ
3378 1273 3817 1345 προεξάρχοντο,’

2257 1361 2566 1432 ἀγχώμαλα
2626 1363 2683 1417 δὲ
2722 1367 2835 1428 τοῖς
2884 1366 3154 1429 ἐναντίοις
3202 1360 3345 1437 ἦσαν
3391 1366 3461 1420 τὰ
3512 1366 3819 1434 πράγματα,

2257 1455 2354 1507 καὶ
2406 1453 2584 1508 οὐδενὶ
2639 1454 2799 1527 μέρει
2848 1456 3107 1525 καθαρῶς
3146 1458 3180 1527 ἡ
3239 1456 3366 1523 νίκη
3428 1457 3821 1526 ὲπεμειδίασεν.

2268 1543 2357 1599 Ἐν
2390 1544 2633 1616 τοσούτῳ
2653 1546 2713 1601 δέ
2747 1564 2800 1600 τι
2827 1536 3183 1619 συμϐἀνξτῷ
3216 1548 3391 1619 Θωμᾷ
3419 1548 3491 1602 τὰ
3532 1550 3822 1619 πράγματα

2256 1634 2483 1704 ἔσφηλε·
2525 1636 2625 1707 τῆς
2656 1639 2766 1709 γὰρ
2802 1640 2992 1709 φήμης
3046 1641 3336 1710 πανταχοῦ
3385 1640 3486 1712 τὴν
3526 1642 3623 1695 τοῦ
3667 1643 3826 1708 Θωμᾶ

2255 1727 2570 1798 κηρυξάσης
2597 1728 2945 1785 ἀποστασίαν
2970 1732 3066 1785 καὶ
3101 1732 3202 1803 τὴν
3247 1733 3577 1804 πολιορκίαν
3608 1734 3708 1805 τῆς
3734 1737 3823 1787 πό-

594 1802 751 1882 clade
788 1827 1090 1883 desertoris
1118 1826 1355 1897 cognita,
1400 1825 1593 1881 classis
1636 1824 1756 1894 ejus
1801 1823 2051 1892 reliquiae
2087 1818 2153 1874 ad

2259 1823 2416 1887 λεως,
2444 1821 2756 1894 Μορτάγων
2780 1823 2810 1877 δ
2830 1823 2939 1879 τῶν
2968 1802 3300 1897 Βουλγάρων
3351 1802 3648 1899 κατάρχων
3666 1802 3825 1881 *σπονε

592 1920 910 1976 Michaelem
961 1918 1305 1975 defecerunt.
1355 1917 1435 1971 Eo
1479 1929 1662 1971 rerum
1693 1921 1837 1969 statu
1868 1924 2156 1983 tyrannus,

590 2013 693 2097 etsi
727 2013 876 2067 vires
924 2012 1046 2082 ejus
1093 2009 1336 2079 undique
1384 2007 1808 2070 minuebantur,
1863 2014 2044 2059 tamen
2089 2004 2158 2060 ab

591 2096 879 2163 obsidione
908 2119 1018 2160 non
1043 2103 1369 2159 recedebat:
1401 2100 1495 2156 sed
1528 2114 1652 2154 cum
1683 2114 1751 2153 ne
1784 2106 1898 2151 tum
1931 2096 2156 2166 quidem

592 2199 890 2271 quidquam
937 2194 1233 2266 proliceret
1257 2234 1271 2258 ,
1304 2192 1507 2248 omissa
1539 2190 1676 2245 urbe
1716 2188 1933 2258 longius
1966 2186 2157 2242 absce-

591 2293 692 2357 dit,
717 2299 774 2347 et
809 2290 990 2345 locum
1021 2293 1393 2356 opportunum
1426 2290 1641 2345 nactus,
1672 2280 1875 2334 vallum
1910 2293 2154 2333 commu-

590 2386 710 2448 nit,
790 2392 955 2452 atque
1014 2379 1142 2436 inde
1199 2375 1514 2433 suburbana
1575 2372 1799 2443 diripit,
1853 2385 2155 2440 eorumque

594 2472 966 2529 ammnitatem
1018 2475 1215 2524 vastat.
1252 2465 1357 2521 Sed
1389 2461 1647 2519 Michaele
1688 2476 1815 2517 eum
1861 2474 2154 2530 aggressa,

592 2562 991 2630 commissaque
1022 2571 1237 2629 pugna,
1270 2554 1515 2611 Thomazi
1559 2553 1628 2608 de
1663 2552 1931 2607 industria
1978 2549 2033 2603 in
2072 2550 2158 2604 fu-

587 2669 707 2725 gam
763 2654 928 2719 versi,
977 2649 1178 2721 partim
1223 2646 1291 2703 ad
1343 2647 1733 2717 imperatorem
1780 2657 1840 2699 se
1899 2641 2154 2696 contule-

591 2754 773 2811 runt,
839 2743 1038 2813 partim
1113 2740 1181 2796 ad
1269 2753 1367 2795 sua
1470 2737 1771 2793 redierunt.
1862 2734 2155 2807 Tyrannus

588 2855 712 2895 cum
761 2836 1104 2908 paucissimis
1179 2832 1590 2903 Adrianopolim
1631 2832 1785 2896 abit,
1841 2842 2007 2900 quem
2055 2827 2153 2882 Mi-

588 2930 744 2987 chael
788 2926 1053 2998 evestigio
1090 2926 1411 2987 insecutus,
1465 2924 1660 2977 urbem
1699 2937 1808 2976 non
1857 2919 2149 2983 machinis,

587 3020 685 3079 sed
735 3033 966 3076 annonae
1021 3015 1253 3087 penuria
1308 3022 1605 3084 oppugnat.
1686 3011 1847 3067 Cives
1921 3018 2151 3080 urgente

588 3110 752 3175 fame,
798 3106 970 3178 petita
1016 3104 1342 3160 delictorum
1392 3102 1461 3157 ab
1511 3102 1844 3170 imperatore
1890 3112 2049 3153 venia
2095 3105 2152 3151 et
2177 3138 2223 3199 c

587 3204 901 3273 impetrata,
947 3198 1213 3253 Thomam
1263 3197 1507 3252 vinctum
1543 3194 1594 3249 ei
1626 3191 1870 3247 tradunt.
1918 3190 1970 3246 Is
2010 3189 2062 3245 ei
2096 3196 2152 3243 et

588 3308 782 3349 manus
836 3302 894 3347 et
945 3290 1113 3361 pedes
1171 3294 1448 3359 amputat,
1500 3293 1557 3341 et
1611 3284 1766 3339 asino
1832 3282 2148 3353 impositum

586 3384 950 3457 ignominioso
1022 3379 1301 3449 triumpho
1362 3377 1747 3433 circumducit.
1815 3375 2011 3430 Postea
2082 3373 2152 3427 de

586 3476 823 3532 consciis
879 3471 1109 3544 quaerit,
1170 3484 1409 3540 quorum
1460 3469 1553 3524 ille
1609 3468 1808 3522 multos
1871 3465 2152 3522 nominas-

587 3579 707 3631 set,
762 3566 866 3621 nisi
930 3563 1088 3635 139
1146 3560 1481 3617 Hexabulius
1541 3558 1803 3629 patricius
1851 3558 2151 3627 imperato-

588 3659 666 3713 ris
750 3656 1016 3726 impetum
1082 3654 1193 3708 hoc
1255 3652 1407 3707 dicto
1454 3650 1852 3721 repressisset,
1911 3647 2151 3703 inimicis

587 3750 797 3806 amicos
843 3745 1222 3803 deferentibus
1260 3758 1371 3799 non
1429 3742 1733 3799 habendam
1775 3756 1901 3798 esse
1962 3740 2149 3797 fidem.

590 3844 827 3898 Thomas
886 3854 1019 3896 vero
1077 3838 1215 3894 alias
1259 3836 1382 3892 aliis
1438 3834 1729 3891 tormentis
1780 3833 2148 3899 excruciatus,

590 3933 897 3990 miserrime
927 3929 1248 4001 chpiravit.
1284 3928 1587 3998 Adoptivus
1640 3929 1768 3983 item
1814 3928 1934 3999 ejus
1974 3926 2146 3993 ﬁlius,

589 4041 712 4083 cum
758 4026 813 4079 in
852 4024 1069 4094 Bizyam
1118 4019 1380 4091 oppidum
1428 4018 1795 4088 confugisset,
1841 4034 1873 4073 a
1943 4016 2148 4074 castelli

586 4117 988 4176 habitatoribus
1026 4116 1277 4179 vinctus,
1312 4114 1380 4168 ad
1421 4113 1804 4184 imperatorem
1851 4120 1935 4167 est
1974 4112 2150 4167 addu-

584 4219 728 4277 ctus,
747 4218 803 4263 et
824 4207 1015 4264 eodem
1039 4220 1150 4277 quo
1175 4205 1402 4261 tictitius
1426 4213 1584 4278 pater
1598 4203 1867 4274 supplicio
1896 4203 2146 4267 allectus,

583 4303 855 4358 violenter
876 4308 933 4356 et
962 4300 1079 4369 ipse
1109 4298 1290 4368 periit.
1334 4296 1558 4352 Thomas
1595 4295 1867 4353 seditione
1904 4295 2148 4350 adhunc

586 4394 808 4449 modum
867 4404 1215 4461 compressa,
1265 4388 1553 4444 maritimae
1597 4387 1848 4443 Thraciae
1894 4386 2147 4442 civitates

2259 1914 2355 1978 δάς
2387 1915 2481 1969 ἐπὶ
2501 1913 2596 1969 τοῦ
2621 1916 2851 1980 Λέοντος
2880 1918 3324 1988 τριακοντούτεις
3361 1918 3594 1990 θέμενος
3619 1919 3713 1973 καὶ
3745 1937 3825 1986 φι-

2258 2002 2393 2068 λίως
2421 2004 2545 2059 τότε
2590 1997 2883 2076 Ῥωμαίοις
2915 2009 3055 2080 ἔχων
3100 2010 3548 2079 αὐτεπάγγελτος
3576 2004 3679 2083 ἦκε
3702 2028 3826 2079 συμ-

2261 2097 2525 2166 μαχήσων
2554 2096 2634 2166 τῷ
2670 2097 2904 2168 βασιλεῖ,
2939 2103 3031 2153 καὶ
3058 2101 3554 2172 στρατοπεδεύεται
3599 2103 3737 2156 κατά
3763 2102 3823 2153 τὰ

2260 2187 2561 2256 Κηδόκτου.
2592 2188 2764 2243 Τοῦτο
2786 2188 2879 2243 τὸν
2902 2190 3219 2261 ἀποστάτην
3253 2192 3506 2263 ὲθρόησε.
3536 2192 3744 2262 Κρίνας
3774 2193 3826 2244 δὲ

2257 2277 2584 2350 ἀσύμφορον
2611 2279 2811 2348 ἑαυτῷ,
2844 2279 2962 2351 ἃμα
2994 2299 3055 2335 τε
3091 2282 3188 2335 καὶ
3233 2283 3570 2354 πολιορκεῖν,
3605 2285 3825 2343 καὶτοῖς

2257 2369 2582 2441 Βυυλγάροις
2596 2373 3156 2443 ἀντιστρατεύσασθαι
3173 2375 3263 2443 (με
3272 2374 3551 2446 ρισθείσης
3566 2373 3672 2445 γὰρ
3688 2374 3823 2443 αὐτῷ

2255 2461 2356 2530 τῆς
2386 2461 2691 2532 δυνάμεως,
2724 2464 2824 2517 οὐκ
2851 2461 3151 2533 ἀξιόμαχον
3180 2465 3378 2519 ἑαυτὸν
3405 2466 3681 2536 οὐδετέρῳ
3707 2484 3825 2532 τυγ-

2256 2553 2443 2624 χάνειν
2466 2553 2660 2625 ᾤετο),
2692 2556 2837 2609 κατά
2886 2555 2996 2609 τῶν
3032 2556 3364 2627 Βουλγάρων
3390 2556 3647 2629 ἐχώρησε
3674 2557 3823 2611 παντὶ

2254 2643 2332 2714 τῷ
2354 2646 2748 2716 στρατεύματι,
2781 2646 2879 2700 καὶ
2914 2647 3211 2717 συμϐαλὼν
3266 2650 3654 2719 ἡττᾶται,.καὶ
3700 2651 3821 2702 πολ·

2255 2736 2379 2798 λοὺς
2404 2737 2504 2806 μὲν
2528 2737 2827 2793 ἀποϐάλλει
2852 2740 2961 2794 τῶν
2987 2741 3209 2805 ἑαυτοῦ,
3229 2743 3356 2806 τοὺς
3379 2742 3480 2810 μὲν
3499 2743 3820 2812 φθαρέντας,

2253 2826 2378 2886 τοὺς
2408 2826 2466 2880 δὲ
2496 2827 2591 2880 καὶ
2612 2828 2864 2894 ἁλόντας.
2902 2830 3061 2884 Ὅσοι
3088 2831 3145 2884 δέ
3173 2847 3237 2899 γε
3268 2833 3361 2886 τόν
3388 2849 3449 2885 τε
3495 2831 3823 2905 βαρϐαρικὲν

2255 2918 2523 2989 ἀκινάκην
2549 2917 2836 2988 ἐξέφυγον,
2879 2921 2973 2975 καὶ
3001 2922 3103 2992 τὴν
3129 2924 3513 2994 αἰχμαλωσίαν
3554 2926 3819 2997 διέφυγον,

2253 3011 2314 3063 τὸ
2346 3011 2543 3080 μέλλον
2574 3012 3015 3084 καραδοκῶντες
3037 3015 3337 3086 ἡσύχαζον.
3365 3018 3427 3071 Ol
3451 3017 3749 3090 Βουλγάροι
3773 3019 3823 3070 is

2254 3103 2385 3166 τοὺς
2435 3104 2817 3175 αἰχμαλώτους
2872 3106 2970 3160 καὶ
3018 3106 3170 3160 λείαν
3220 3108 3424 3180 πολλὴν
3475 3111 3821 3180 ἐπαγόμενοι.

2254 3196 2614 3265 ἀνεζεύγνυον
2633 3201 2699 3270 τῇ
2723 3199 2852 3271 νίκῃ
2867 3198 3260 3270 γαυρούμενοι.
3283 3200 3505 3273 Ταύτην
3529 3203 3636 3274 τὴν
3664 3198 3822 3275 ἧτταν

2251 3288 2346 3342 τοῦ
2372 3289 2683 3345 ἀποπάτου
2730 3291 2857 3344 ὅσον
2885 3293 2951 3345 ὲκ
2988 3290 3084 3345 τοῦ
3133 3292 3324 3346 στόλου
3357 3294 3525 3348 αὐτοῦ
3585 3295 3822 3367 περιελέ-

2251 3379 2441 3434 λειπτο
2472 3382 2734 3449 ὲγνωκὸς,
2769 3383 2906 3453 πρὸς
2939 3383 3033 3436 τὸν
3071 3383 3293 3454 Μιχαὴλ
3312 3384 3712 3457 ηὐτομόλησεν.
3742 3386 3822 3439 Ἐν

2250 3471 2512 3536 τοιούτοις
2534 3473 2595 3527 δὲ
2624 3475 2653 3528 ὁ
2684 3474 2952 3544 τύραννος
2978 3475 3240 3544 γεγονὼς,
3270 3476 3365 3530 καὶ
3404 3477 3585 3549 πάντη
3611 3478 3822 3546 ὲξασθε·

2252 3561 2442 3632 νήσας,
2468 3563 2616 3633 ὅμως
2640 3562 2722 3617 ἔτι
2749 3564 2842 3619 τοῦ
2874 3565 3188 3636 πολιορκεῖν
3217 3567 3319 3621 οὐκ
3346 3568 3647 3625 ἐπαύσατο.
3668 3570 3821 3622 an:

2251 3654 2348 3706 καὶ
2368 3648 2525 3717 αὖθις
2552 3654 2721 3724 μηδὲν
2742 3655 2944 3722 ἀνύων,
2974 3656 3351 3711 ἀπανίσταται
3390 3660 3492 3729 μὲν
3515 3659 3626 3730 τῆς
3658 3675 3817 3728 προτ-

2251 3743 2435 3815 εδρίας
2461 3745 2560 3815 τῆς
2596 3745 2828 3813 πόλεως,
2866 3745 3055 3801 ἄπεισι
3091 3747 3149 3801 δὲ
3183 3748 3545 3819 πορρωτέρω,
3586 3750 3682 3805 καί
3708 3765 3819 3804 tua

2249 3838 2416 3891 τόπον
2445 3838 2622 3906 εὑρὼν
2653 3838 2983 3909 ἐπιτήδειον,
3009 3841 3067 3893 ὲν
3101 3839 3275 3911 τούτῳ
3303 3839 3561 3910 βάλλεται
3588 3842 3818 3912 χάρακα,

2252 3928 2506 3983 κάκεῖθεν
2531 3926 2856 3999 ὁρμώμενος
2884 3928 3136 4000 ἐληίζετο
3173 3931 3272 4001 τῆς
3315 3933 3525 3996 πόλεως
3571 3934 3651 3986 τὰ
3697 3949 3821 4003 προ-

2250 4022 2462 4083 άστεια,
2523 4021 2619 4076 καὶ
2663 4021 2761 4085 τὼς
2788 4021 2995 4075 τούτων
3019 4023 3272 4093 ἑκεράῖζε
3296 4023 3546 4095 χάριτας.
3596 4019 3819 4095 Ἔτι-ἦλθε

2249 4112 2429 4165 τοίνυν
2444 4113 2660 4183 τούτῳό
2679 4114 2920 4184 Μιχαὴλ,
2941 4110 3040 4169 καὶ
3059 4116 3240 4187 μάχης
3264 4120 3750 4190 συγκροτηθείσης,
3772 4119 3817 4170 οί

2248 4205 2343 4258 τοῦ
2379 4203 2553 4275 Θωμᾶ
2571 4205 2791 4270 ἑκόντες
2823 4208 3146 4279 ἐτράπησαν
3170 4211 3251 4273 είς
3277 4210 3479 4281 φυγὴν,
3515 4213 3615 4265 καὶ
3643 4214 3692 4265 oi
3725 4211 3817 4279 μὲν

2247 4299 2325 4365 τῷ
2348 4299 2569 4371 Μιχαὴλ
2596 4301 3030 4372 προσερῥύοντο,
3062 4304 3113 4356 οἱ
3133 4303 3178 4355 δ’
3210 4304 3303 4357 ἐπὶ
3320 4305 3391 4359 τὰ
3415 4305 3633 4359 ἑαυτῶν
3657 4306 3815 4377 ἀφτῄε⁸

2251 4408 2351 4446 σαν
2377 4392 2622 4448 ἔκαστοι.
2660 4393 2720 4448 '0
2754 4395 2814 4448 δέ
2840 4411 2905 4464 γε
2934 4395 3201 4467 τύραννος
3235 4397 3375 4468 μετά
3412 4398 3722 4469 βραχίστων
3742 4401 3815 4463 εἰς

585 4486 964 4548 nihilominus.
997 4487 1160 4540 etiam
1191 4483 1287 4539 illo
1315 4480 1554 4546 sublato,
1585 4489 1795 4536 motum
1825 4494 1953 4534 eum
1977 4493 2141 4548 urge-

2261 4482 2704 4553 Ἀδριανούπολιν
2721 4487 2929 4552 ἄπεισι,
2951 4488 3048 4540 καὶ
3066 4490 3095 4541 ό
3120 4467 3342 4559 Μιχαὴλ
3365 4467 3658 4560 οιίδτῷνκατ⁹
3681 4492 3815 4562 ἴχνος

585 4580 740 4641 bant,
782 4590 848 4631 ae
909 4589 1022 4645 pra:
1063 4573 1275 4629 caeteris
1307 4570 1539 4627 Panium
1594 4579 1651 4624 et
1696 4568 1995 4624 Perinthus
2045 4568 2147 4637 (sic

2254 4572 2562 4641 ἀκολουθεῖ,
2594 4576 2687 4629 καὶ
2714 4576 3001 4646 πολιορκεί
3021 4576 3120 4647 τὴν
3141 4578 3319 4642 πόλιν,
3358 4580 3458 4650 οὐχ
3489 4579 3811 4646 ἑλεπόλεσιν,

584 4668 729 4725 enim
746 4666 1005 4723 Heraclea
1022 4666 1152 4721 olim
1171 4664 1440 4735 appellata
1466 4670 1550 4718 est
1568 4662 1758 4733 (idque
1803 4659 2149 4730 imperatoris

2254 4664 2385 4719 ἀλλά
2416 4665 2611 4719 σπάνει
2649 4667 2761 4720 τῶν
2789 4666 3127 4736 ἀναγκαίων.
3157 4669 3269 4722 Καὶ
3292 4671 3343 4723 οί
3370 4671 3475 4741 τῆς
3506 4673 3716 4735 πόλεως
3741 4670 3812 4739 τῷ

583 4762 709 4816 odio
734 4759 955 4814 factum.
981 4757 1269 4820 Caeterum,
1282 4756 1511 4811 Panium
1533 4752 1806 4809 moenibus
1818 4761 1976 4807 terrae
1995 4761 2147 4806 motu

2254 4756 2394 4827 λιμῷ
2443 4758 2773 4828 πιεζόμενοι,
2840 4759 3151 4828 ἀμνηστίαν
3190 4758 3297 4812 τῶν
3351 4759 3733 4831 ὲπταισμένων
3752 4763 3811 4812 ἐκ

583 4851 857 4922 cotlapsis,
890 4860 1108 4919 captum
1121 4857 1224 4913 est,
1251 4846 1510 4903 Heraclea
1527 4845 1663 4900 mari
1686 4854 2017 4916 expugnata.
2043 4844 2143 4898 Mi-

583 4942 738 4997 chael
754 4940 840 4995 his
855 4938 1018 4994 rebus
1033 4938 1174 4994 bene
1190 4937 1378 5008 gestis,
1405 4936 1825 5005 triumphans'in
1842 4937 2034 4991 urbem
2059 4947 2143 4988 re-

580 5033 700 5099 diit,
728 5041 783 5089 et
811 5031 956 5088 ludis
983 5030 1347 5088 Circensibus
1375 5028 1653 5085 Michaelis
1673 5027 1948 5099 adjutores
1977 5027 2145 5083 asinis

580 5124 882 5182 insidentes
905 5124 960 5178 in
992 5124 1265 5178 theatrum
1287 5121 1648 5187 introductos,
1674 5121 1790 5177 sola
1808 5121 2142 5191 relegatione

580 5225 892 5285 contentus,
923 5217 1268 5288 gravioribus
1306 5214 1588 5286 suppliciis
1616 5228 1725 5270 non
1755 5214 1971 5281 atl‘ecit,
2007 5215 2148 5270 duo-

2248 4848 2342 4902 τοῦ
2392 4847 2656 4918 βασιλέως
2707 4850 3000 4921 ᾐτήσαντο,
3051 4849 3148 4904 καὶ
3193 4849 3398 4922 ταύτης
3425 4852 3702 4921 τυχόντες,
3732 4851 3810 4904 δ.-

2257 4940 2457 5010 σμοῡσι
2510 4942 2603 4995 τδν
2641 4942 2866 5013 Θωμᾶν,
2917 4942 3016 4997 καὶ
3056 4943 3417 5013 παραδιδόασι
3448 4942 3526 5015 τῷ
3570 4942 3804 5014 Μιχαήλ.

2264 5033 2323 5085 Ὀ
2348 5033 2405 5087 δὲ
2453 5035 2768 5103 ἀφαιρεῖται
2818 5034 2984 5094 αὐτοῦ
3025 5038 3218 5109 χεῖρας
3260 5040 3356 5091 καὶ
3390 5038 3557 5100 πόδας
3589 5038 3692 5110 (8),
3720 5039 3803 5091 καὶ

2251 5122 2361 5195 δνῳ
2411 5125 2737 5192 ἐπιϐιϐάσας
2766 5127 3092 5198 θριαμϐεύει
3147 5130 3238 5183 τὸν
3269 5130 3465 5200 ἄτιμον
3523 5130 3802 5202 θρίαμϐον.

2259 5210 2389 5268 Εἶτα
2415 5216 2544 5286 περὶ
2576 5219 2912 5289 συνιστόρων
2948 5220 3298 5286 πυνθάνεται,
3350 5222 3446 5277 καὶ⁹
3467 5222 3694 5285 πολλοὺς
3744 5220 3805 5273 ἂν

1762 5392 1959 5455 Varias
1990 5392 2294 5459 lectiones
2334 5400 2397 5457 et
2438 5402 2623 5460 notae.

658 5553 733 5626 (8)
772 5551 935 5626 '00:}
981 5553 1312 5626 ἀφαιρεῖται
1342 5554 1528 5626 αὐτρῦ
1550 5549 1778 5626 ,χεῖρας
1802 5554 2141 5626 καὶῌποοας.

581 5622 810 5680 Michael
830 5624 959 5693 ipse
982 5622 1036 5678 in
1056 5622 1230 5693 Epist.
1260 5626 1328 5678 ad
1352 5622 1693 5678 Ludovicum
1719 5622 1953 5691 imp.:Et
1972 5624 2145 5692 ipsum

584 5695 790 5764 quidem
824 5692 1419 5764 Thonrgnyhmputalt}
1451 5694 1689 5747 manibus
1713 5701 1759 5746 et
1787 5694 2019 5764 pedibus,
2050 5710 2146 5758 pa-

586 5761 750 5816 tibulo
775 5763 1021 5831 suspendi
1044 5761 1325 5833 jussinius.
1374 5763 1491 5818 Duo
1522 5779 1643 5818 vero
1702 5766 1791 5835 qui
1838 5762 2148 5818 dicebantur

2243 5558 2406 5626 eiﬂfii
2448 5575 2558 5613 esse
2587 5559 2839 5627 adoptivi,
2873 5559 3011 5613 alter
3043 5576 3223 5616 eorum
3256 5565 3312 5616 in
3351 5563 3479 5617 Asia
3514 5583 3547 5619 α
3570 5564 3801 5625 ﬁdelibus

2243 5630 2436 5707 nostris
2474 5632 2815 5707 interemptus
2844 5640 2919 5683 est
2942 5647 2965 5707 :_
2988 5638 3036 5684 et
3056 5629 3288 5707 alterum
3314 5634 3689 5707 eadem,morte
3706 5651 3798 5707 qua

2242 5701 2646 5772 pseudopatrem
2666 5703 2799 5771 ejus,
2833 5702 3172 5758 condemnari
3194 5702 3479 5771 jussimm,
