4068 6396
384 399 486 461 389

1576 399 1977 461 ANNALIUM
2013 401 2165 460 LIB.
2208 399 2333 460 XV.

3454 403 3591 464 i390

348 515 555 572 ἐκεῖνος
607 510 891 579 ἐξέφηνεν,
924 511 972 562 εί
1011 510 1085 580 μὴ
1136 510 1164 561 ὁ
1204 508 1549 573 Ἐξαϐούλιος
1576 509 1913 578 δπατρίκιος

2029 507 2119 561 bus
2148 506 2391 575 exceptis
2417 504 2646 560 Chaerea
2680 513 2734 558 et
2765 502 3059 574 Zagorcno,
3094 508 3188 577 qui
3224 522 3347 562 cum
3371 513 3592 567 caetella

343 608 446 672 τὴν
468 603 647 673 ὁρμὴν
676 601 769 653 τοῦ
805 600 1068 668 ﬁam/tio»;
1094 601 1345 668 ἀνέκοψε,
1395 598 1634 668 φάμενος
1663 600 1736 668 μὴ
1773 596 1911 667 ,(ρῆ-

2019 598 2221 666 quibus
2252 607 2537 666 praeerant,
2566 612 2633 650 ne
2665 595 3028 667 post'l‘homte
3056 597 3336 653 interitum
3370 602 3590 671 quidem

345 712 435 748 ναι
469 693 747 747 πιστεύειν
797 696 939 746 κατά
979 693 1088 746 τῶν
1142 693 1313 761 φίλων
1365 691 1600 762 ἐχθροῖς.
1659 690 1717 743 Ὁ
1758 689 1816 742 δέ
1846 705 1911 757 γε

2029 689 2235 744 tradere
2257 688 2477 755 vellent,
2502 688 2569 743 iis
2602 689 2944 759 expugnatis,
2970 689 3024 743 in
3056 705 3280 745 crucem
3309 693 3414 748 acti
3445 708 3594 753 sunt.

346 792 549 860 Θωμᾶς
578 790 769 846 ἄλλοτε
798 789 989 852 ἄλλαις
1017 788 1311 860 τιμωρίαις
1342 787 1807 858 ὑποδαλλόμενος,
1845 783 2126 856 βιαιότατα
2154 784 2420 839 κατέλυσε
2446 784 2546 857 τὴν
2584 786 2751 856 ζωήν.
2790 786 2899 839 Καὶ
2926 788 2954 838 ὁ
2984 785 3174 839 τούτου
3201 787 3257 840 δὶ
3293 791 3599 860 εἰσποιητὸς

348 889 461 951 υἱὸς
491 888 570 949 είς
599 886 661 939 τὸ
685 886 788 954 τῆς
819 886 1019 957 Βιζύης
1047 884 1322 955 πολίχνιον
1349 880 1706 953 προσφυγὼν,
1734 880 1889 952 παρὰ
1915 879 2023 934 τῶν
2048 879 2346 934 οἰκούντων
2377 879 2439 933 τὸ
2473 880 2734 952 φρούριον
2766 879 2941 944 δεθεὶς
2991 883 3274 954 προσήχθη
3316 885 3393 955 τῷ
3440 886 3596 955 βασι-

346 983 447 1046 λεῖ,
469 982 565 1047 καξι
590 981 789 1052 ὁμοίως
813 981 889 1052 τῷ
922 980 1293 1051 πεπλασμένῳ
1325 972 1496 1050 πατρὶ
1528 975 1835 1041 κολασθεὶς,
1886 975 2078 1045 βιαίως
2131 975 2228 1030 καὶ
2267 976 2432 1040 αὐτὸς
2461 976 2742 1048 ἀπέρρηξε
2774 977 2872 1047 τὴν
2895 976 3093 1049 ψυχήν.
3130 977 3198 1032 Ἦ
3233 980 3334 1050 μὲν
3358 981 3453 1036 οὖν
3498 986 3593 1037 το)

348 1074 519 1144 Θωμᾶ
544 1073 915 1136 ἐπανάστασις
945 1073 1142 1127 τοῦτον
1162 1074 1255 1126 τὸν
1285 1073 1485 1142 τρόπον
1508 1069 1876 1140 κατηύναστο.
1910 1071 1976 1122 Δί
2001 1069 2055 1122 δὲ
2088 1069 2364 1139 Θρᾳκικαὶ
2399 1068 2582 1133 πόλεις
2613 1071 2668 1124 at!
2698 1068 2977 1139 παράλιοι,
3013 1070 3277 1124 κάκείνου
3301 1075 3599 1147 παρελθόν-

345 1184 456 1231 τος,
483 1166 565 1220 ἔτι
607 1167 707 1236 τῆς
736 1166 978 1230 στάσεως
1007 1166 1237 1238 εἴχοντο,
1271 1166 1366 1220 καὶ
1393 1163 1594 1235 μᾶλλον
1620 1162 1729 1221 τῶν
1752 1162 1929 1218 ἀλλων
1961 1161 2023 1215 τὸ
2048 1162 2248 1217 [Ιάνιον
2279 1162 2375 1216 καὶ
2415 1163 2442 1233 ή
2470 1161 2734 1232 Πέρινθος
2759 1160 2932 1232 (οὕτω
2961 1161 3071 1233 γὰρ
3102 1163 3274 1217 πάλαι
3310 1163 3602 1237 ὠνόμαστο

346 1262 380 1331 ή
422 1260 760 1332 Ἡράκλεια)
789 1259 1111 1324 ἐστασίαζον
1137 1259 1182 1315 δ’
1206 1254 1464 1329 ἐτιμίσει
1493 1258 1571 1328 τῷ
1596 1258 1733 1329 πρὸς
1755 1256 1847 1310 τὸν
1878 1256 2286 1327 αὐτοκράτορα.
2330 1255 2494 1310 Ἀλλά
2511 1255 2571 1309 τὸ
2606 1255 2707 1323 μὲν
2765 1255 2965 1311 Πάνιον
2994 1255 3208 1326 σεισμῷ
3260 1257 3356 1311 τοῦ
3386 1260 3601 1330 τείχους

350 1354 516 1406 αὐτοῦ
542 1354 827 1419 πεσόντος,
851 1352 1074 1423 ἐάλω,ή
1105 1351 1163 1405 δὲ
1201 1351 1495 1422 Ἡράκλεια
1517 1349 1606 1403 διὰ
1636 1350 1736 1419 τῆς
1764 1348 2041 1420 θαλάσσης
2078 1349 2304 1417 γέγονεν
2331 1348 2539 1418 ἀλωτή.
2596 1347 2784 1401 Ταῦτα
2827 1351 3008 1403 τοίνυν
3048 1348 3401 1416 κατορθώσας
3432 1354 3461 1406 ὁ
3491 1355 3596 1408 Μι-

349 1448 511 1514 χαὴλ.
542 1447 793 1499 ἐπάνεισι
828 1426 1272 1515 τροπαιοφορῶν,
1327 1445 1420 1497 καὶ
1449 1440 1677 1496 ἱππικοῦ
1706 1440 2032 1510 τελουμένου
2063 1440 2297 1507 ἀγῶνος,
2324 1442 2451 1504 τοὺς
2478 1439 2558 1512 τῷ
2584 1439 2756 1512 Θωμᾷ
2778 1440 2878 1512 τὴν
2915 1440 3206 1512 τυραννίδα
3243 1444 3602 1516 συμπράξειν-

344 1563 444 1607 τας
477 1543 622 1605 ὄνοις
646 1540 1014 1611 ἐφεζομένους
1043 1539 1363 1609 εἰσαγαγὼν
1385 1541 1465 1603 είς
1498 1538 1559 1590 τὸ
1590 1536 1844 1606 θέατρον,
1882 1536 2187 1607 ὑπερορίαν
2216 1532 2419 1593 αὐτῶν
2449 1538 2796 1603 κατεδίκασε,
2832 1540 2906 1609 μή
2936 1557 2990 1592 τι
3036 1540 3198 1596 πλέον
3242 1546 3480 1612 κολάσας
3507 1552 3604 1604 αύ-

346 1636 494 1698 τούς,
521 1634 571 1687 εί
605 1634 679 1704 μή
713 1649 867 1696 τινας
890 1632 984 1685 δύο
1005 1632 1099 1686 τὸν
1121 1631 1357 1702 Χοιρέαν
1386 1631 1481 1684 καὶ
1511 1632 1602 1684 τὸν
1634 1628 1970 1699 Ζαγορηνὺν,
2003 1631 2080 1700 μὴ
2110 1630 2470 1701 πειθομένους
2499 1631 2635 1702 μηδὲ
2669 1633 2810 1702 μετά
2828 1632 2926 1702 τὴν
2977 1635 3275 1693 κατάλυσιν
3301 1640 3397 1694 τοῦ
3423 1641 3603 1712 Θωμᾶ

347 1730 686 1801 παραδοῦναι
718 1729 788 1782 τά
813 1726 1076 1799 φρούρια,
1103 1727 1140 1782 ἃ
1164 1727 1603 1800 κατείχον,ἐλὼν,
1626 1726 1723 1780 καὶ⁵
1755 1727 2195 1790 ἀνασκολοπίσας
2229 1727 2545 1780 ἀπέκτεινε.

417 1828 545 1881 KA'.
577 1826 657 1896 Τῇ
684 1824 817 1893 γοῦν
843 1823 1153 1894 ἀποστασία
1182 1825 1250 1894 τῇ
1300 1823 1396 1877 τοῦ
1446 1823 1620 1891 Θωμᾶ
1665 1824 1763 1876 καὶ
1806 1825 1919 1885 τοῖς

2093 1820 2283 1876 XXIV.
2318 1822 2455 1876 Dum
2508 1821 2769 1878 Romanae
2811 1823 3008 1893 copiae,
3042 1823 3265 1883 Thomas
3296 1827 3605 1888 defectione

350 1915 636 1987 ἐμφυλίοις
664 1917 928 2003 πολέμοις
970 1915 1080 1969 τῶν
1144 1914 1468 1984 Ῥωμαϊκῶν
1510 1912 1928 1985 ἀσχολουμένων

346 2008 652 2078 δυνάμεων,
681 2008 867 2063 ἄδειαν
892 2007 1190 2077 εὑρηκότες
1240 2009 1423 2060 πᾶσαν
1488 2008 1541 2058 οἱ
1592 2008 1726 2077 πρὸς
1761 2005 1928 2060 ἐσπέ-

349 2116 450 2171 ραν
501 2098 822 2169 Ἀγαρηνοὶ,
850 2097 900 2150 οἳ
934 2098 1025 2150 τὸν
1058 2098 1154 2166 τῆς
1181 2097 1423 2167 Ἰϐηρίας
1462 2096 1670 2149 οἰκοῦσι
1703 2095 1923 2162 κόλπον,

346 2192 443 2248 καὶ
493 2191 744 2260 λέγονται
823 2189 1088 2254 Ἰσπανοὶ,
1153 2188 1232 2259 τῷ
1312 2187 1562 2256 σφετέρῳ
1637 2184 1927 2256 προσίασιν

344 2285 599 2356 ἀρχηγῷ,
657 2283 717 2337 ὃν
761 2283 916 2336 αὐτοὶ
1001 2282 1262 2337 καλοῦσιν
1342 2276 1764 2351 ἀμερμουμνῆν,
1832 2278 1927 2331 καὶ

349 2375 576 2449 ᾐτοῦντο
601 2374 860 2428 ἀποικίαν
900 2372 1238 2436 στείλασθαι,
1288 2372 1378 2425 διὰ
1432 2370 1635 2441 πλῆθος
1663 2384 1926 2439 στενοχω-

350 2468 626 2539 ρούμενοι.
652 2469 922 2530 Κάκεῖνος
962 2467 1279 2532 κατένευσε,
1313 2466 1408 2518 καὶ
1463 2463 1685 2526 τούτους
1740 2476 1924 2530 παρα-

345 2558 529 2614 λαϐὼν
561 2560 658 2614 σὺν
717 2565 1004 2631 τριήρεσιν
1029 2557 1367 2623 ἀπέπλευσε,
1435 2555 1536 2619 τὰς
1593 2555 1699 2607 ὑπὸ
1793 2552 1926 2606 Ῥω-

350 2653 547 2724 μαίους
589 2653 786 2724 νήσους
827 2649 1135 2721 περιελθών
1199 2666 1259 2703 τε
1294 2649 1388 2703 καλ⁸
1403 2645 1855 2718 ληϊζόμενος.,“ος
1881 2641 1926 2697 δ’

347 2741 454 2816 ἧκε
488 2744 581 2799 καὶ
615 2745 698 2807 είς
727 2743 825 2813 τὴν
851 2744 1081 2814 Κρήτην
1108 2740 1210 2811 (9),
1242 2742 1338 2795 καὶ
1377 2741 1439 2794 τὸ
1476 2740 1683 2810 ταύτης
1715 2737 1923 2806 ἔγνωκε

345 2838 663 2908 πάμφορον,
698 2837 826 2900 τοὺς
862 2836 962 2908 μὲν
1002 2835 1290 2901 πλείστους
1325 2837 1409 2899 είς
1456 2835 1611 2887 λείαν
1642 2833 1924 2902 ἐκπέπομ-

347 2931 656 3000 emam;
735 2929 792 2983 δὲ
854 2930 972 3000 μετ’
1037 2928 1240 2996 ὀλίγων
1314 2928 1396 2991 είς
1452 2924 1701 2996 φυλακὴν
1760 2924 1924 2993 δῆθεν

347 3021 746 3095 παραλειφθεὶς
769 3020 880 3075 τῶν
912 3019 1081 3090 νηῶν,
1113 3020 1224 3089 πῦρ
1249 3017 1477 3072 ἐνέϐαλε
1544 3016 1667 3071 κατ’
1716 3015 1920 3080 αὐτῶν,

347 3117 444 3169 καὶ
534 3115 715 3177 πάσας
780 3114 1076 3183 ἐνέπρησε.
1159 3110 1628 3181 Τεθορυϐημένων
1707 3108 1764 3162 δὲ
1814 3108 1923 3160 τῶν

358 3203 682 3276 ’Δγαρηνῶν
709 3203 797 3257 διὰ
826 3204 1006 3269 τοῦτο,
1034 3204 1132 3257 καί⁵
1178 3205 1278 3273 τὴν
1309 3203 1491 3257 αἰτίαν
1543 3202 1873 3273 ζητούντων,
1900 3203 1929 3255 ὁ

354 3296 539 3369 ’Δχαψ
600 3295 765 3369 (οὕτω
838 3294 948 3366 γὰρ
997 3297 1025 3349 δ
1090 3294 1240 3364 σφῶν
1302 3293 1587 3362 ὠνόμαστο
1644 3292 1929 3364 ἀρχηγὸς),

366 3387 676 3441 ’Δποικίιιν
696 3385 959 3454 ᾐτεῖσθε,
990 3386 1176 3455 φησὶν,
1207 3385 1338 3439 ἰδοὺ
1360 3384 1568 3439 τοίνυν
1585 3384 1743 3454 χώρα
1758 3384 1931 3451 ῥέου-

347 3493 431 3531 σα
451 3478 595 3546 μέλι
628 3479 729 3531 καὶ
766 3477 942 3547 τάλα,
971 3476 1073 3530 καὶ
1104 3479 1334 3546 ταύτην
1381 3476 1792 3544 κατασχόντες
1843 3478 1928 3528 ol-

345 3568 868 3636 κήσατε.Ἐκείνων
884 3569 941 3621 δὲ
968 3569 1252 3633 εἰπόντων,
1275 3569 1378 3622 Καὶ
1413 3569 1484 3622 τὰ
1516 3567 1773 3637 φίλτατα
1791 3566 1927 3638 (10),

350 3664 470 3718 ποῦ
500 3681 520 3729 ;
549 3666 577 3717 ὁ
608 3663 795 3733 Ἂχσψ
844 3663 981 3733 (ll),
1045 3664 1338 3717 Ἐνταῦθα
1416 3662 1698 3731 γυναῖκές
1746 3664 1927 3722 εἰσιν,

353 3754 790 3823 ἀνθυπὴνεγκεν,
854 3754 921 3818 ἐξ
970 3749 1058 3808 ὧν
1108 3753 1473 3823 γενήσονται
1548 3754 1646 3807 καὶ
1719 3752 1930 3815 παῖδες

353 3844 496 3912 ὑμῖν
538 3846 611 3899 οὺ
632 3843 782 3913 μετὰ
797 3843 1050 3912 μακρόν.
1077 3842 1300 3904 Τούτοις
1334 3840 1646 3902 πεισθέντες
1675 3839 1725 3892 οἱ
1748 3839 1811 3890 ἐκ
1827 3837 1928 3907 τῆς

355 3934 538 4003 ’Λγαρ
568 3935 670 4002 τήν
702 3948 760 3984 τε
807 3931 972 4000 νῆσον
1012 3931 1103 3998 ὑφ’
1137 3931 1366 3991 ἑαυτοὺς
1421 3929 1768 3998 ἐποιήσαντο,
1833 3928 1928 3981 καὶ

352 4024 481 4084 τοὺς
521 4023 833 4091 ἀντιγενεϊς
870 4020 1266 4076 ἐδουλώσαντο.
1301 4021 1370 4075 Ὅ
1412 4037 1471 4072 τε
1503 4020 1600 4072 καὶ
1653 4017 1921 4088 Κύριλλος

351 4112 677 4184 όΓορτύνης
741 4114 1066 4177 ἐπίσκοπος,
1146 4111 1391 4182 ἀθλήσας
1463 4109 1605 4183 ὑπὲρ
1665 4108 1925 4180 Χριστοῦ,

355 4205 663 4276 μαρτυρίου
703 4204 1001 4275 κεκόμιστο
1026 4202 1310 4274 στέφανον.
1348 4202 1633 4272 Θανούσης
1826 4202 1927 4272 τῆς

358 4297 598 4366 συζύγου
620 4296 699 4367 τῷ
726 4296 967 4368 βασιλεῖ,
1008 4298 1221 4359 ἐκεῖνος
1283 4295 1613 4366 ὑπεκρίνετο
1662 4295 1765 4364 μὲν
1844 4295 1927 4358 είς

352 4391 413 4444 τὸ
446 4390 722 4459 προφανὲς
779 4388 1056 4459 δευτέροις
1110 4389 1366 4460 ὁμιλῆσαι
1424 4388 1625 4458 γάμοις
1679 4386 1753 4456 μὴ
1803 4384 1927 4455 βού-

2032 1914 2301 1982 bellisque
2354 1913 2609 1968 civilibus
2657 1922 3020 1983 occupantur,
3078 1916 3313 1987 Agareni
3347 1921 3605 1983 occiden-

2031 2008 2187 2072 tales,
2224 2006 2381 2060 sinus
2411 2005 2609 2061 lberici
2663 2006 2879 2071 incolat,
2915 2008 3008 2077 qui
3039 2007 3264 2079 Hispani
3313 2022 3602 2077 vocantur,

2030 2108 2248 2168 arrepta
2304 2098 2617 2163 occasione,
2671 2113 2702 2152 a
2752 2113 2855 2153 suo
2883 2098 3045 2165 duce,
3097 2114 3262 2171 quem
3318 2103 3605 2161 Amerinu-

2029 2204 2210 2244 muem
2252 2199 2472 2255 vocant,
2500 2189 2747 2245 locorum
2775 2190 2950 2246 coacti
2982 2193 3271 2262 angustiis,
3301 2197 3603 2266 petierunt.

2029 2291 2092 2336 ut
2144 2281 2419 2336 coloniam
2471 2281 2793 2339 deduceret.
2840 2283 3047 2338 Annuit
3104 2284 3219 2351 ille,
3281 2295 3495 2344 etcum
3525 2292 3606 2345 eis

2028 2372 2349 2428 triremibus
2399 2372 2672 2443 impositis
2713 2373 2916 2440 solvit,
2965 2374 3281 2447 insulasque
3328 2378 3605 2437 Romanas

2027 2465 2225 2535 obiens
2272 2465 2587 2535 populatur.
2643 2467 2711 2523 Ut
2769 2476 2953 2521 autem
3014 2469 3069 2523 in
3116 2465 3335 2525 Cretam
3385 2488 3605 2544 quoque

2026 2557 2198 2623 venit,
2253 2558 2372 2629 ejus
2414 2558 2698 2614 fertilitate
2752 2560 2989 2626 cognita,
3044 2563 3335 2618 maximam
3392 2576 3602 2635 partem

2027 2647 2331 2717 praedatum
2398 2649 2597 2713 mittit,
2654 2650 2771 2720 ipse
2826 2666 2952 2706 cum
3012 2653 3203 2722 paucis
3258 2655 3325 2709 ad
3381 2658 3601 2713 navium

2027 2737 2332 2793 custodiam
2369 2740 2616 2804 relictus,
2648 2741 2772 2810 igne
2811 2740 3015 2812 injecto
3045 2759 3235 2802 omnes
3264 2755 3492 2802 cremat.
3522 2750 3604 2803 0h

2026 2830 2176 2899 quod
2218 2831 2423 2885 factum
2459 2831 2725 2902 Agarenis
2766 2833 3252 2901 tumultuantibus,
3283 2845 3338 2893 et
3381 2853 3602 2894 causam

2025 2923 2147 2993 ejus
2202 2923 2632 2994 requirentibus,
2679 2925 2894 2996 Achaps
2942 2926 3021 2998 (id
3062 2929 3207 2982 enim
3250 2929 3376 2985 duci
3409 2945 3602 2987 eorum

2028 3029 2225 3072 nomen
2251 3017 2389 3085 erat)
2415 3032 2429 3068 :
2473 3013 2764 3082 Coloniam,
2798 3016 2996 3086 inquit,
3025 3019 3289 3086 petiistis:
3321 3019 3404 3074 En
3435 3024 3605 3091 regio-

2028 3120 2148 3159 nem
2165 3105 2298 3159 lacte
2313 3114 2362 3158 et
2383 3104 2536 3159 melle
2558 3106 3040 3161 manantemﬂanc
3054 3116 3303 3178 occupate
3316 3118 3364 3162 et
3376 3110 3603 3168 incolite.

2032 3195 2170 3251 Cum
2203 3210 2335 3250 vero
2377 3195 2453 3251 illi
2484 3195 2735 3251 dicerent
2761 3213 2774 3249 :
2809 3196 3003 3251 Nostra
3029 3213 3151 3261 vero
3178 3200 3493 3257 charissima
3516 3205 3608 3256 ubi

2032 3296 2157 3343 sunt
2177 3288 2204 3343 ?
2237 3286 2521 3357 respondit
2548 3303 2562 3340 :
2596 3286 2845 3342 Mulieres
2890 3296 3010 3342 sunt
3037 3306 3063 3343 e
3091 3289 3276 3360 quibus
3301 3291 3462 3361 paulo
3490 3303 3607 3363 post

2035 3381 2223 3437 liberos
2280 3382 2591 3447 suscipietis.
2655 3380 2752 3435 His
2802 3380 3037 3451 Agareni
3099 3383 3367 3451 persuasi,
3429 3384 3609 3441 insula

2033 3476 2283 3538 subacta,
2320 3474 2609 3545 indigenas
2660 3473 2715 3528 in
2746 3473 3070 3529 servitutem
3107 3474 3454 3547 redegerunt.
3488 3478 3608 3545 Quo

2034 3576 2282 3637 tempore
2325 3566 2562 3638 Cyrilius
2614 3565 2912 3637 Gortynius
2938 3566 3231 3637 episcopus
3266 3582 3366 3637 pro
3400 3569 3605 3626 Christi

2032 3658 2355 3714 defensione
2432 3658 2679 3728 martyrii
2748 3673 3010 3714 coronam
3091 3662 3324 3729 accepit.
3392 3662 3606 3720 Interea

2031 3749 2369 3819 imperator,
2428 3762 2598 3803 uxore
2650 3756 2886 3813 mortua,
2951 3763 3010 3803 se
3069 3764 3099 3804 a
3155 3751 3413 3807 secundis
3448 3754 3607 3826 ιω

2030 3839 2241 3909 nuptiis
2288 3838 2587 3894 abhorrere
2616 3838 2793 3907 palam
2825 3854 2935 3908 pne
2988 3855 3047 3895 se
3103 3840 3307 3907 ferens,
3365 3844 3505 3898 clam
3536 3849 3601 3899 ad

2029 3940 2257 3985 senatus
2308 3930 2589 4001 principes
2650 3929 2975 3985 missitando
3044 3931 3321 4000 perfecit,
3380 3941 3440 3988 ut
3498 3935 3602 4006 ipsi

2026 4030 2299 4091 peterent,
2341 4031 2401 4076 ut
2434 4022 2663 4077 alteram
2696 4021 2924 4076 duceret
2950 4036 3195 4078 uxorem.
3257 4024 3332 4080 Ea
3374 4025 3603 4082 simula-

2028 4110 2104 4165 tio
2161 4110 2388 4167 houesta
2438 4110 2619 4182 specie
2660 4127 2771 4167 non
2805 4112 3042 4168 carebat.
3077 4113 3266 4185 Neque
3296 4117 3443 4172 enim
3474 4132 3606 4173 con-

2026 4203 2241 4269 venire,
2284 4211 2344 4257 ut
2379 4204 2480 4273 ipsi
2513 4202 2582 4258 ab
2634 4203 2968 4274 imperatore
3008 4214 3350 4275 regerentur,
3404 4223 3605 4263 uxores

2025 4307 2159 4349 vero
2190 4307 2301 4349 sua:
2332 4292 2736 4360 imperatricem
2767 4308 2878 4349 non
2910 4294 3199 4350 haberent.
3227 4296 3454 4353 Michael
3481 4313 3603 4352 eam

2027 4385 2349 4454 petitionem
2416 4385 2687 4455 principio
2753 4385 3163 4456 tergiversando
3213 4388 3451 4458 repulit,
3505 4391 3602 4444 sed

356 4480 567 4545 λεσθαι,
607 4478 851 4550 κρύϐδην
877 4479 932 4532 δὲ
956 4478 1093 4550 πρὸς
1117 4480 1244 4541 τοὺς
1312 4479 1531 4548 ἐξόχους
1588 4478 1686 4547 τῆς
1738 4494 1926 4548 γερου-

2036 4475 2147 4531 illis
2174 4476 2505 4531 instantibus
2532 4475 2693 4531 fidem
2724 4475 2829 4531 sibi
2860 4476 2979 4531 dari
3008 4477 3190 4547 petiit,
3226 4478 3274 4533 si
3303 4479 3513 4535 vellent
3543 4491 3606 4535 ut

359 4572 482 4635 σίας
518 4571 996 4642 διαπεμπόμενος,
1038 4569 1326 4636 ἀξιοῦσθαι
1375 4569 1507 4640 παρ’
1565 4568 1746 4623 αὐτῶν
1784 4587 1928 4641 παρ-

371 4659 674 4725 εσκεύαξεν
698 4661 894 4728 ἑτέραν
927 4659 1020 4713 τοῦ
1076 4658 1191 4730 βίου
1221 4656 1478 4712 κοινωνὸν
1506 4657 1926 4715 είσοικίσασθαι.

361 4753 473 4805 Καὶ
510 4752 544 4822 ἡ
573 4750 773 4821 σκῆψις
835 4749 912 4812 ὡς
963 4750 1286 4821 εὐπρεπής⁹
1337 4748 1511 4802 δεινὸν
1564 4747 1674 4819 γὰρ
1719 4747 1928 4817 ἔφασαν

354 4841 496 4898 εἶναι
541 4844 688 4913 ήμᾶς
752 4843 852 4912 μὲν
910 4840 1293 4913 βασιλεύεσθαι
1345 4839 1497 4911 παρὰ
1549 4839 1665 4901 σοῦ,
1734 4840 1835 4902 τὰς
1882 4838 1928 4892 δ’

356 4934 514 5005 ἡμῶν
606 4936 895 4997 συνοίκους
953 4932 1228 5004 βασιλίδος
1271 4930 1679 5001 στερίσκεσθαι.
1757 4932 1815 4984 ὐ
1869 4929 1929 4984 δὲ

358 5029 627 5098 πρότερον
659 5014 758 5095 μέν
783 5025 1129 5096 ἀκιζόμενος,
1154 5024 1251 5094 τὴν
1282 5024 1505 5088 ἀξίωσιν
1531 5023 1591 5076 οὐ
1622 5020 1929 5092 προσίεται.

361 5118 755 5188 Διπαρούντων
786 5118 830 5171 δ’
895 5119 1141 5180 ἐκείνων,
1178 5116 1391 5179 πίστεις
1442 5115 1502 5180 ἐξ
1553 5114 1734 5169 αὐτῶν
1792 5114 1934 5185 ἀπῄ-

359 5224 440 5260 τει
480 5211 528 5260 εί
561 5206 836 5277 βούλοιντο
857 5208 1164 5276 ἀγαγέσθαι
1187 5207 1352 5260 αὑτὸν
1389 5205 1662 5275 βασιλίδα,
1698 5205 1771 5268 ὡς
1835 5206 1931 5259 καὶ

361 5300 501 5368 μετά
533 5300 764 5354 θάνατον
791 5298 955 5353 αὐτοῦ
1002 5299 1246 5370 βασιλίδα
1308 5298 1512 5369 ταύτην
1576 5298 1780 5365 ἕξουσι,
1835 5297 1929 5350 καὶ

2033 4567 2440 4638 imperatricem
2488 4566 2738 4633 duceret,
2775 4574 2839 4622 ut
2871 4581 2993 4623 eam
3041 4583 3103 4624 se
3132 4583 3353 4639 quoque
3386 4580 3605 4626 mortuo

2033 4656 2439 4726 imperatricem
2488 4665 2874 4728 agnoscerent,
2913 4664 2971 4713 et
3023 4657 3230 4714 liberos
3262 4674 3326 4715 ca
3352 4668 3512 4716 natos
3546 4671 3607 4716 ut

2034 4744 2396 4816 imperatores
2429 4746 2793 4802 honorarent.
2827 4746 2960 4814 Quae
2987 4762 3113 4803 cum
3143 4757 3368 4806 senatus
3397 4751 3607 4823 scripto

2035 4833 2401 4905 promisisset,
2460 4843 2516 4890 et
2542 4836 2658 4905 ipse
2692 4836 2760 4892 de
2786 4835 2911 4893 fleta
2942 4838 3031 4894 illa
3072 4839 3378 4910 pertinacia
3412 4842 3604 4898 deces-

2033 4927 2126 4992 sit,
2155 4942 2326 4983 uxore
2354 4926 2517 4983 ducta
2550 4926 2934 5000 Euphrosyna,
2968 4944 3090 5000 qua:
3113 4929 3223 4986 ﬁlia
3256 4931 3603 4988 Constantini

2033 5017 2401 5088 imperatoris,
2434 5031 2598 5087 quem
2637 5024 2813 5073 mater
2839 5018 2999 5075 lrene
3034 5021 3116 5091 (ut
3142 5020 3404 5093 diximus)
3436 5036 3605 5078 excae-

2031 5106 2196 5170 cavit,
2249 5108 2370 5162 esse
2415 5106 2725 5172 dicebatur,
2775 5115 2832 5162 et
2872 5108 3045 5163 multo
3091 5117 3220 5164 ante
3268 5118 3427 5166 tonsa
3461 5113 3603 5168 inter

2032 5201 2332 5257 monachae
2382 5201 2635 5272 religioni
2679 5201 2947 5257 ininsula
2995 5203 3266 5274 Principis
3304 5205 3540 5271 deditas,
3575 5223 3607 5261 a

2030 5294 2211 5364 primo
2243 5292 2440 5362 capillo
2488 5292 2656 5347 vitam
2688 5293 2903 5363 agebat.
2961 5293 3283 5353 Patriarcba
3312 5297 3603 5355 Theodoto

1541 5436 1742 5497 Variae
1786 5434 2092 5498 lectiones
2131 5440 2189 5495 et
2225 5440 2413 5495 notae.

432 5583 513 5665 (9)_
531 5586 642 5665 Εἰς.
660 5585 777 5654 τὴν
799 5584 1060 5665 Κρήτη-ν.
1084 5583 1233 5639 llauc
1253 5582 1685 5665 §arracenorum
1720 5581 1774 5634 in
1801 5578 1935 5665 Cre-

2043 5576 2147 5648 πού
2176 5575 2244 5629 τὰ
2278 5574 2444 5627 τέκνα
2478 5574 2572 5648 καὶ
2603 5572 2704 5648 τάς
2730 5576 2999 5648 γυναῖκας
3032 5573 3191 5646 ἡμῶν
3246 5575 3603 5648 -εύρήσομενς

362 5643 736 5724 ιειὶιῖιιειίιιιιιὶ
769 5643 1179 5724 expeditionem
1215 5654 1376 5724 attgit
1415 5661 1685 5721 praeterea
1738 5658 1936 5705 auctor
2038 5643 2730 5724 Affectusjocantjfati‘ni.
2758 5644 2892 5724 Vide
2930 5643 3103 5724 Gloss.
3134 5646 3271 5724 med.
3296 5643 3415 5724 Lat.

360 5723 580 5794 Vites.
607 5725 817 5780 Nicolai
846 5723 1100 5792 Studitae,
1134 5740 1191 5794 p.
1231 5723 1359 5794 8917.
1578 5789 1596 5794 _
1745 5746 1759 5794 τ

433 5793 547 5864 (ιο)
577 5796 690 5853 Καὶ
720 5797 792 5852 τὰ
812 5786 1097 5865 φίλωτά
1133 5786 1269 5850 ποῦ.
1309 5792 1548 5864 Symeon
1576 5789 1806 5860 Logath.
1830 5786 1942 5841 Καὶ

2117 5716 2229 5786 (ll)
2261 5713 2778 5786 "Axuy._‘Art_<$xat,
2802 5714 3083 5786 _Symeoni
3134 5715 3368 5786 Logoth.
3428 5734 3486 5772 ιι.
3521 5715 3604 5774 ιε

2045 5782 2317 5850 ’Λπὸκαφ,
2348 5784 2571 5838 Contin.
2604 5782 2934 5851 Theopln'l.
2963 5799 3025 5851 ιι,
3059 5799 3113 5843 n.
3146 5782 3239 5842 21:
