4068 6402
499 393 635 456 i335

1760 388 2084 454 JOANNIS
2121 391 2442 454 ΖΟΝΑΗίΕ

3597 388 3734 455 1396

492 505 619 576 quia
645 505 870 575 justitize
901 505 1083 560 cultor
1099 512 1238 570 erat,
1262 517 1476 574 gravem
1505 517 1564 560 se
1587 513 1640 560 et
1663 503 2054 560 inexorabilem

2176 501 2375 571 εκείνης
2408 501 2533 573 ἔσχε
2561 503 2753 572 κλῆσιν
2777 497 3183 570 ἐπίκλησιν,καὶ
3208 498 3266 554 ὲν
3293 499 3428 568 αὐτῇ
3455 496 3736 568 μονάσασα

493 596 942 667 delinquentibus
971 595 1262 666 praebebat.
1297 595 1540 666 Singulis
1566 595 1731 666 igitur
1759 593 2060 650 hebdoma-

493 686 657 742 dibus
688 703 858 757 eques
884 703 982 758 per
1023 685 1202 741 forum
1235 703 1359 742 cum
1393 687 1726 742 satellitibus
1759 685 2063 756 imperato-

497 777 597 833 riis
627 779 680 833 2n
717 779 888 834 adem
941 779 1186 848 Deipara:
1215 777 1588 832 Blacherniam
1617 778 1732 831 ivit.
1763 777 1878 832 Etsi
1909 777 2058 831 enim

493 870 670 926 sacris
691 863 1024 940 imaginibus
1057 873 1322 924 honorem
1355 885 1462 924 non
1491 869 1751 931 habebat,
1783 869 2060 924 Servatori

497 965 678 1010 tamen
709 964 767 1010 et
794 956 890 1011 Dei
921 955 1078 1011 Matri
1132 971 1190 1010 se
1221 955 1382 1010 fidem
1420 971 1636 1013 servare
1677 958 2058 1026 profitebatur.

491 1045 628 1101 Cum
657 1054 840 1101 autem
877 1047 958 1102 sic
986 1046 1041 1104 iu
1077 1047 1298 1117 publico
1330 1056 1663 1108 versaretur,
1701 1048 1877 1104 facilis
1905 1048 2058 1106 aditu

496 1137 620 1202 fuit,
657 1151 952 1206 rerumque
996 1137 1266 1191 venalium
1315 1153 1502 1192 curam
1541 1137 1754 1203 habuit,
1787 1147 1842 1193 et
1873 1143 2063 1208 quanti

494 1241 723 1296 quaeque
768 1226 1146 1282 venderentur
1201 1227 1420 1283 curiose
1496 1228 1796 1300 indagavit.
1830 1228 1986 1297 Quod
2017 1223 2062 1284 si

494 1335 602 1390 qua
637 1335 833 1392 magno
879 1321 1156 1387 venirent,
1212 1321 1470 1391 praefecto
1515 1322 1583 1376 de
1613 1322 1683 1380 iis
1729 1323 2065 1393 interrogato

492 1411 579 1466 vel
615 1413 990 1484 magistratum
1023 1413 1342 1483 abrogabat,
1373 1413 1417 1468 si
1444 1421 1740 1483 peccasset,
1762 1416 1845 1470 vel
1873 1415 2064 1487 objur—

492 1510 616 1572 gato
659 1518 746 1567 eo,
806 1503 937 1573 quid
988 1501 1255 1573 agendum
1319 1513 1466 1560 esset
1511 1505 1922 1574 praescribebat.
1977 1509 2067 1563 Sic

494 1594 663 1664 igitur
719 1593 1014 1664 aliquando
1074 1603 1501 1664 praetereuntem
1560 1595 1760 1650 mulier
1814 1596 2065 1666 quaedam

493 1685 744 1748 accessit,
774 1701 895 1754 quae
933 1685 1036 1740 sibi
1071 1685 1326 1756 injuriam
1362 1687 1478 1742 fieri
1508 1701 1537 1740 a
1574 1686 1873 1756 drungario
1921 1689 2064 1758 Vigi-

495 1777 582 1831 lize
627 1779 964 1846 querebatur
1011 1777 1080 1848 (is
1131 1778 1388 1847 Augusta:
1429 1778 1603 1834 frater
1648 1787 1788 1845 erat,
1844 1779 2068 1836 nomine

496 1870 804 1931 Pen-unas),
832 1868 926 1937 qui
961 1883 1086 1923 cum
1111 1869 1164 1922 in
1205 1868 1403 1923 vicinia
1431 1869 1726 1932 habitaret,
1755 1871 1965 1927 aedibus
2012 1872 2067 1926 in
2103 1850 2144 1908 Β

493 1957 665 2012 altum
711 1957 1033 2020 educendis,
1086 1958 1200 2028 suis
1253 1958 1556 2014 luminibus
1603 1959 1936 2014 Obstrueret.
1994 1963 2073 2018 Ac

495 2049 586 2103 illa
614 2047 695 2104 sic
721 2049 1013 2104 Petronam
1045 2049 1358 2105 accusabat.
1397 2050 1448 2106 ls
1485 2065 1616 2106 vero
1643 2052 1712 2107 ab
1744 2052 2070 2122 imperato":

495 2141 832 2207 accersitus,
885 2151 943 2197 et
989 2141 1120 2212 quid
1173 2142 1382 2196 mulier
1423 2143 1631 2200 diceret
1678 2145 2069 2216 interrogatus,

499 2245 670 2301 nugas
724 2245 844 2286 eam
895 2245 1052 2302 agere
1101 2229 1261 2284 dixit.
1327 2231 1463 2286 Tum
1528 2231 1859 2302 imperator:
1909 2235 2068 2299 Care,

503 2320 699 2390 inquit,
729 2337 792 2375 ne
825 2321 994 2374 denuo
1023 2322 1201 2376 eadem
1232 2322 1296 2376 de
1331 2339 1385 2377 re
1419 2338 1500 2378 me
1533 2325 1780 2395 appellet,
1811 2328 1952 2397 quod
1981 2329 2073 2384 tibi

502 2414 634 2468 bona
663 2429 767 2468 non
802 2421 878 2466 est
927 2413 1186 2484 futurum.
1241 2413 1320 2469 Ac
1365 2415 1650 2470 mulierem
1677 2417 1746 2472 ad
1781 2419 2071 2479 Petronam

496 2507 648 2563 abire
675 2509 865 2577 jussit,
901 2515 958 2564 et
985 2508 1092 2564 nisi
1125 2509 1175 2564 ei
1212 2509 1472 2566 damnum
1503 2513 1886 2580 resarciretur,
1915 2515 1982 2571 ad
2012 2532 2071 2573 se

497 2599 698 2654 redire.
757 2599 911 2666 Quod
969 2615 1095 2655 cum
1133 2600 1224 2656 illa
1275 2601 1513 2671 fecisset,
1558 2620 1734 2674 neque
1772 2622 1802 2660 a
1833 2607 2072 2665 Petrona

497 2691 797 2761 quidquam
829 2690 1200 2762 impetrasset,
1225 2707 1296 2752 ,re
1343 2694 1630 2764 desperata
1669 2712 1863 2752 rursus
1897 2699 2071 2768 impe-

497 2791 738 2864 ratorem
779 2782 1169 2853 interpellavit.
1202 2781 1250 2836 ls
1275 2787 1459 2840 statim
1491 2787 1817 2856 quibusdam
1847 2801 2070 2844 senato-

499 2875 654 2931 ribus
679 2875 978 2944 mandavit,
1011 2887 1072 2934 ut
1099 2877 1370 2944 viderent,
1409 2894 1540 2934 num
1561 2879 1822 2938 damnum
1855 2882 2072 2936 mulieri

498 2967 766 3022 daretur?
818 2966 1021 3024 Abiere
1075 2969 1157 3022 illi
1219 2970 1424 3033 statim,
1481 2969 1856 3042 damnumque
1915 2973 2071 3044 1&3

495 3059 774 3128 cognituri)
849 3058 1189 3134 imperatori
1269 3060 1703 3126 renuntiarunt,
1793 3061 1889 3131 qui
2011 3064 2072 3118 in

2166 596 2333 666 ἑαυτῇ
2392 595 2490 665 ἔζη
2553 595 2646 648 καὶ
2679 592 2756 664 τῷ
2785 590 2928 662 Θεῷ,
2965 591 3066 661 τῆς
3127 589 3354 659 λογικῆς
3382 587 3629 651 παιδείας
3663 589 3738 658 μὴ

2167 684 2512 755 ἀλογήσασα.
2543 684 2704 738 Ὅθεν
2754 686 2848 736 καὶ
2883 682 3292 752 συγγράμματα
3343 681 3558 750 ἐκείνης
3590 679 3739 748 εειρὶ-

2169 793 2408 843 σκονται,
2433 776 2814 839 εύπαιδευσὶας
2841 777 2932 828 καὶ
2948 777 3186 846 χαρίτων
3203 775 3302 827 οὐκ
3321 772 3542 844 ἄμοιρα.
3573 773 3682 824 Καὶ
3709 773 3741 840 ή

2171 871 2270 938 μὲν
2302 869 2443 924 οὕτω
2469 870 2674 923 διέθετο
2703 870 2770 921 τὰ
2803 869 2924 922 καθ’
2955 870 3177 938 ἑαυτὴν,
3218 867 3315 920 καὶ
3355 866 3742 933 ἀτευκτήσασα

2171 962 2431 1032 βλσιλέως
2462 960 2724 1031 φθαρτοῦ,
2745 961 2822 1029 τῷ
2842 959 3186 1031 Παμὸασιλεῖ
3215 958 3416 1026 ἑαυτὴν
3441 955 3716 1026 ἐμνηστεύ

2172 1069 2321 1119 cuto,
2355 1053 2450 1106 καὶ
2496 1053 2618 1104 ἀντὶ
2667 1054 2874 1120 γεηρᾶς
2929 1050 3213 1120 βασιλείας
3268 1050 3367 1118 τὴν
3418 1045 3746 1114 ἐπουράνιον

2169 1144 2540 1216 ἐκληρώσατο.
2578 1144 2638 1197 '0
2665 1143 2916 1215 βασιλεὺς
2947 1143 3002 1198 δὲ
3055 1141 3315 1210 Θεόφιλος
3339 1139 3439 1210 τὴν
3463 1136 3747 1204 Θεοδώραν

2171 1237 2349 1307 ἑαυτῷ
2389 1235 2703 1300 συνοικίζει,
2735 1234 2980 1303 καὶδμοῦ
3006 1235 3210 1302 ταύτην
3245 1230 3338 1286 καὶ
3372 1229 3450 1299 τῷ
3479 1227 3746 1298 γαμηλίῳ

2174 1331 2430 1401 στεφάνῳ
2459 1327 2660 1398 καὶτῷ
2721 1325 2992 1397 βασιλικῷ
3048 1327 3247 1380 ταινιοί
3308 1322 3628 1392 διαδήματι,
3659 1317 3751 1371 καὶ

2172 1427 2298 1486 τοὺς
2320 1423 2534 1491 γάμους
2565 1420 2735 1473 τελεῖ.
2759 1417 3125 1488 Δικαιοσύνην
3153 1416 3212 1469 δὲ
3239 1413 3444 1487 μετιὼν
3482 1411 3751 1483 (20),τοῖς

2171 1513 2444 1566 ἀδικοῦσιν
2527 1505 2596 1583 ἦν
2679 1509 2962 1580 ἐπαχθὴς,
3043 1508 3140 1562 καὶ
3221 1505 3495 1578 κολαστὴς
3565 1501 3751 1556 αὐτῶν

2173 1601 2574 1672 ἀπαραίτητος.
2617 1599 2892 1669 Ἐκάστης
2920 1593 3015 1652 οὖν
3063 1596 3362 1666 ἑϐδομάδος
3427 1593 3604 1665 ἀπῄει
3663 1589 3753 1643 διὰ

2175 1695 2272 1761 τῆς
2305 1692 2513 1760 ἀγορᾶς
2574 1689 2840 1760 ἔφιππος,
2901 1689 3040 1760 μετὰ
3083 1685 3410 1758 δορυφορίας
3463 1681 3752 1755 βασιλικῆς

2175 1785 2255 1846 εἰς
2278 1783 2370 1836 τὸν
2401 1785 2458 1836 ὲν
2483 1781 2814 1852 Βλαχέρναις
2835 1782 2933 1851 τῆς
2978 1777 3246 1835 Θεοτόκου
3304 1777 3455 1830 ναόν.
3527 1773 3590 1826 Εἰ
3643 1772 3750 1840 γὰρ

2173 1875 2266 1926 καὶ
2293 1875 2408 1937 ταῖς
2438 1873 2609 1936 θείαις
2626 1873 2834 1926 εἰκόσιν
2866 1873 2966 1925 οὐκ
2997 1872 3180 1940 ἔνειμε
3210 1868 3408 1940 τιμὴν,
3439 1864 3649 1931 ἀλλάγε
3677 1860 3756 1931 τῷ

2173 1967 2388 2037 Σωτῆρι
2423 1964 2646 2037 Χριστῷ
2677 1966 2774 2019 καὶ
2799 1967 2867 2036 τῇ
2916 1963 3228 2034 Θεομήτορι
3293 1961 3476 2014 πίστιν
3544 1957 3755 2027 ἐτήρει,

2172 2057 2246 2118 ὼς
2277 2057 2482 2125 ἔλεγεν.
2526 2057 2725 2110 Ἀπιὼν
2747 2055 2840 2109 οὖν
2860 2057 2953 2108 καὶ
2985 2054 3129 2108 οὕτω
3165 2048 3532 2124 δημοσιεύων,
3562 2047 3758 2116 παρεῖ-

2173 2140 2266 2219 χὲν
2302 2149 2496 2202 ἑαυτὸν
2550 2151 2664 2211 τοῖς
2703 2147 3020 2219 προσιοῦσιν
3071 2147 3422 2216 εὐπρόσιτον,
3484 2141 3583 2194 καὶ
3631 2139 3756 2209 περὶ

2171 2239 2282 2294 τῶν
2313 2239 2490 2292 ὠνίων
2541 2238 2854 2310 ἐφρόντιζε,
2913 2238 3010 2292 καὶ
3077 2236 3226 2298 ὅπως
3276 2233 3510 2288 ἕκαστον
3551 2227 3758 2282 τούτων

2178 2331 2580 2402 πιπράσκεται,
2615 2329 3106 2400 ἐπολυπραγμόνει
3144 2325 3243 2380 καὶ
3259 2323 3616 2378 ἐπυνθάνετο.
3649 2321 3758 2374 Καὶ

2175 2426 2224 2478 εἰ
2249 2424 2446 2476 πολλοῦ
2473 2441 2598 2477 τινα
2638 2421 3067 2492 πιπρασκόμενα
3102 2418 3348 2490 εὕρισκε,
3387 2418 3478 2470 τὸν
3513 2415 3757 2486 ἔπαρχον

2173 2517 2302 2588 περὶ
2331 2515 2538 2569 τούτων
2568 2515 2843 2586 ἀνέκρινε,
2882 2515 2978 2567 καὶ
3012 2511 3046 2582 ἦ
3080 2511 3510 2580 καταγινώσκων
3564 2507 3755 2560 τούτου

2173 2609 2342 2662 ἔπαυε
2382 2607 2482 2678 τῆς
2549 2606 2744 2678 ἀρχῆς,
2798 2605 2833 2678 ἢ
2889 2605 3244 2674 ἐπιπλήττων
3295 2599 3556 2672 διώρθου.
3597 2597 3758 2652 Οὕτω

2173 2701 2304 2770 γοῦν
2337 2717 2468 2754 ποτε
2499 2700 2691 2754 διῖόντι
2722 2696 2872 2770 αὖτῷ
2913 2695 3192 2770 προσῆλθε
3244 2694 3407 2765 γυνὴ,
3449 2691 3758 2746 ἀδικεῖσθαι

2171 2793 2408 2862 λέγουσα
2436 2796 2586 2864 παρὰ
2619 2791 2712 2844 τοῦ
2734 2791 3094 2860 δρουγγαρίου
3123 2787 3221 2853 τῆς
3267 2787 3465 2849 Ιῖἰγλας
3521 2779 3696 2856 (οὗτος
3714 2781 3756 2833 δ’

2179 2881 2246 2954 ἦν
2279 2882 2539 2952 σύγγονος
2561 2885 2658 2952 τῆς
2692 2879 3030 2948 Αὑγούστης,
3056 2877 3387 2948 καλούμενος
3407 2873 3753 2943 Πετρωνᾶς)⁶

2173 2979 2343 3028 οἰκεῖν
2374 2975 2479 3044 γὰρ
2511 2977 2658 3044 αὺτῴ
2697 2975 2760 3027 ἐκ
2801 2971 3081 3040 γειτόνων,
3135 2971 3226 3024 τὸν
3289 2969 3344 3020 δὲ
3394 2966 3491 3027 τὰς
3560 2960 3756 3016 ἑαυτῡῦ

2173 3068 2383 3132 διαίτας
2423 3068 2778 3138 ὑψοῦντα,τῇ
2827 3064 2998 3134 αὐτῆς
3057 3063 3207 3134 οἰκίᾳ
3275 3060 3626 3114 ἐπισκοπεῖν.
3691 3055 3756 3106 Ἢ

499 3149 680 3204 forum
730 3163 1072 3220 progressus,
1105 3159 1270 3220 atque
1306 3149 1382 3204 ibi
1417 3161 1570 3209 certo
1599 3152 1722 3208 loco
1759 3162 1928 3222 stans,
1971 3155 2072 3211 Pe-

2178 3161 2278 3230 μὲν
2308 3156 2402 3215 οὖν
2432 3160 2607 3215 ταῦτα
2629 3158 2986 3224 ὲπενεγκάλει
3005 3155 3082 3226 τῷ
3111 3152 3394 3225 Πετρωνᾷ.
3437 3151 3497 3202 '0
3521 3150 3581 3201 δὲ
3608 3145 3760 3216 παρὰ

501 3247 714 3294 trouam
745 3239 992 3295 vestibus
1037 3239 1268 3310 direptis
1314 3250 1371 3296 et
1401 3242 1455 3296 in
1489 3249 1641 3314 tergo
1666 3252 1723 3300 et
1759 3246 1811 3300 in
1847 3258 2072 3314 pectore

2176 3253 2268 3306 τοῦ
2294 3252 2554 3323 βασιλέως
2638 3249 3025 3322 μετακληθεὶς,
3081 3249 3174 3301 καὶ
3215 3247 3268 3299 τι
3343 3247 3408 3298 ἂν
3483 3243 3642 3309 λέγει
3699 3241 3760 3292 τὸ

499 3331 780 3387 verberari
804 3333 991 3404 jussit,
1027 3342 1084 3389 et
1107 3349 1229 3403 quae
1259 3334 1316 3390 in
1353 3336 1604 3392 fraudem
1639 3339 1891 3398 mulieris
1927 3351 2075 3398 stru-

499 3430 660 3476 xerat
727 3421 958 3485 destrui.
1009 3425 1408 3498 materiamque
1454 3437 1510 3482 et
1543 3429 1719 3484 solum
1747 3431 1925 3500 ipsum
1957 3449 2076 3491 mu-

500 3513 625 3568 lieri
653 3515 902 3570 attribui.
938 3516 1118 3586 Atque
1154 3517 1258 3571 hoc
1287 3518 1564 3586 specimen
1593 3529 1710 3576 esto
1735 3534 2075 3594 quantopere

497 3605 729 3676 iustitiae
757 3607 1033 3664 studuerit
1062 3608 1422 3678 TheOphilus.
1450 3609 1556 3666 Sed
1595 3619 1650 3665 et
1683 3613 1830 3668 aliud
1867 3617 2076 3671 refera-

505 3711 615 3767 tur,
649 3715 761 3771 quo
799 3709 856 3756 et
885 3701 1008 3770 ejus
1050 3701 1400 3756 observantia
1442 3703 1609 3774 aequi,
1665 3714 1722 3759 et
1764 3705 2076 3764 sollicitudo

506 3790 575 3845 de
606 3790 845 3849 subditis
868 3793 1194 3849 declaretur.
1231 3795 1457 3864 Appulit
1486 3796 1781 3866 aliquando
1807 3800 1873 3853 ad
1890 3801 2079 3873 'Regiae

503 3889 724 3950 portum
759 3885 918 3940 navis
939 3886 1192 3942 oneraria
1231 3887 1475 3958 pondere
1500 3891 1846 3948 sarcinarum
1873 3895 2074 3964 gravis,

504 3987 684 4044 eoque
749 3990 920 4046 usque
983 3976 1052 4032 ad
1097 3987 1402 4033 extremum
1463 3980 1739 4051 cingulum
1805 3983 2074 4041 demersa.

503 4061 802 4132 Imperator
827 4079 1066 4134 superne
1119 4076 1498 4136 prospectans,
1552 4085 1858 4141 navemque
1901 4073 2078 4130 admi-

505 4158 680 4217 ratus,
711 4167 811 4222 per
859 4152 1252 4224 pedissequum
1285 4143 1443 4228 cujus
1479 4171 1544 4212 ea
1577 4159 1649 4214 sit
1679 4163 2079 4230 percontatur?

505 4241 578 4300 lit
625 4241 884 4313 Augustae
924 4259 1047 4300 esse
1095 4248 1369 4317 cognovit.
1451 4264 1645 4306 recens
1687 4267 1718 4306 a
1770 4263 2078 4310 mercatura

504 4334 814 4402 reductam,
871 4352 1036 4408 quam
1081 4339 1150 4394 ab
1208 4339 1554 4410 imperatrice
1595 4343 1747 4400 missi
1805 4345 1864 4400 in
1911 4345 2080 4418 Syriae

505 4425 758 4494 partibus
819 4427 1126 4485 fecissent:
1179 4429 1227 4485 si
1278 4431 1410 4501 quid
1457 4433 1798 4492 sarcinarum
1849 4436 1905 4492 in
1951 4438 2078 4492 navi

2176 3343 2401 3415 γύναιον
2447 3341 2822 3414 ἐρωτώμενος,
2890 3337 3214 3409 ματαιάζειν
3264 3335 3373 3406 ἔφη
3418 3333 3576 3398 αὑτό.
3642 3331 3757 3385 Καὶ

2175 3439 2204 3491 ό
2233 3436 2508 3508 βασιλεὺς,
2545 3435 2766 3503 Μηκέτι
2807 3433 3048 3501 δεηθείη
3097 3448 3218 3500 μου
3295 3427 3430 3496 περὶ
3516 3428 3760 3488 τούτου,

2177 3526 2334 3597 φησι,
2361 3525 2459 3579 καὶ
2505 3528 2615 3580 οὐκ
2667 3527 2843 3580 ἔσται
2895 3541 2998 3579 σοι
3058 3523 3208 3592 πρὸς
3251 3521 3465 3575 καλόν.
3534 3517 3650 3572 Καὶ
3694 3516 3760 3585 τῇ

2176 3618 2394 3688 γυναικὶ
2427 3619 2728 3670 ἐνετείλατο
2752 3617 2887 3686 πρὸς
2955 3614 3034 3684 τῷ
3087 3613 3378 3683 Πετρωνᾶν
3437 3605 3758 3678 ἀφικέσθαι,

2177 3708 2274 3764 καὶ
2304 3709 2354 3762 εἰ
2410 3708 2485 3778 μὴ
2523 3707 2622 3778 τὴν
2685 3705 2892 3780 βλάϐην
2920 3703 3344 3776 .θεραπευθείη,
3399 3696 3558 3762 αὖθις
3613 3696 3763 3765 αὑτῷ

2179 3797 2519 3870 προσελθεῖν.
2563 3796 2802 3868 Προσῄει
2857 3794 2938 3866 τῷ
3009 3793 3271 3863 Πετρωνᾷ
3319 3793 3354 3861 ὴ
3420 3789 3564 3857 γυνή
3597 3805 3611 3818 ο
3653 3789 3680 3838 ὁ
3707 3785 3762 3836 δὲ

2179 3891 2332 3944 οὐδὲν
2380 3891 2519 3960 αὑτῇ
2547 3887 2642 3943 τοῦ
2683 3886 2857 3942 κακοῦ
2887 3886 3212 3960 θεράπευμα
3241 3884 3414 3937 ἔθετο.
3457 3881 3522 3934 Ἦ
3542 3880 3594 3932 δ’
3626 3882 3762 3935 ἀπο-

2179 3979 2402 4049 γνοῦσα,
2427 3979 2496 4034 δι’
2524 3979 2684 4050 ὔχλοο
2715 3978 2908 4047 γέγονε
2937 3977 3032 4032 καὶ
3052 3975 3209 4038 αὖθις
3244 3973 3324 4044 τῷ
3356 3971 3606 4044 βασιλεῖ·
3667 3968 3758 4021 καὶ

2179 4073 2238 4137 ὃς
2259 4074 2458 4128 αὐτίκα
2483 4073 2594 4126 τῶν
2622 4071 2719 4142 τῆς
2744 4071 3014 4142 συγλήτου
3042 4070 3187 4124 τισὶν
3226 4066 3484 4122 ἀπελθεῖν
3505 4063 3762 4125 ἐπέταξε,

2180 4169 2274 4220 καὶ
2302 4165 2746 4235 κατασκοπῆσαι,
2811 4163 2862 4216 εἰ
2907 4161 3202 4233 βλάπτοιτο
3259 4161 3296 4230 ἡ
3347 4158 3507 4226 γυνή.
3583 4156 3648 4210 υῐ
3706 4154 3763 4207 δὲ

2181 4257 2428 4327 ἀπῆλθον
2519 4256 2699 4322 εὐθὺς,
2779 4255 2874 4307 καὶ
2948 4253 3046 4323 τὴν
3111 4251 3318 4322 βλάϐην
3410 4248 3614 4317 ἔγνων,
3672 4245 3764 4298 καὶ

2181 4350 2390 4420 ταύτην
2421 4348 2787 4420 ἀπήγγειλαν.
2823 4348 2934 4400 Καὶ
2964 4349 2991 4400 ὁ
3027 4345 3282 4416 βασιλεὺς
3322 4342 3402 4397 ἔτι
3437 4341 3524 4396 ἐπ’
3551 4339 3760 4408 ἀγορᾶς

2184 4441 2416 4514 προῖὼν,
2447 4443 2614 4494 αὐτοῦ
2643 4457 2745 4493 που
2771 4439 2916 4502 στὰς,
2941 4435 3297 4508 γυμνωθῆναι
3319 4433 3412 4488 τὸν
3437 4431 3760 4503 Πετρωνίίν,

507 4514 798 4583 haberent,
831 4517 887 4573 id
917 4519 1102 4576 statim
1133 4521 1328 4578 efferre
1350 4523 1536 4595 jussit,
1568 4533 1625 4580 et
1651 4526 1794 4584 nihil
1822 4529 1968 4598 quod
2005 4530 2074 4585 ad

2181 4535 2277 4588 καὶ
2305 4533 2580 4603 τυφθῆναι
2631 4537 2723 4586 καὶ
2753 4531 2954 4603 στέρνα
2987 4532 3082 4584 καὶ
3121 4529 3270 4583 νῶτα
3301 4523 3615 4596 προσέταξε
3637 4539 3654 4556 ο
3689 4522 3757 4575 τὰ

504 4605 806 4678 Augustam
847 4610 1151 4680 pertineret
1213 4613 1508 4686 attingere.
1549 4616 1670 4684 Quo
1719 4618 1865 4676 facto
1909 4621 2082 4690 pulsis

507 4697 638 4753 inde
673 4699 877 4767 nautis,
925 4701 1116 4759 Graeco
1164 4705 1276 4776 igni
1311 4707 1537 4778 injecto,
1578 4711 1760 4764 navim
1792 4726 1918 4767 cum
1948 4712 2082 4782 ipsis

509 4789 744 4846 sarcinis
768 4793 1056 4860 cremavit,
1111 4796 1521 4866 imperatricem
1569 4802 1878 4860 maledictis
1939 4804 2084 4861 inse-

505 4891 724 4941 status:
776 4885 921 4942 Nam
968 4903 1085 4942 cum
1133 4905 1214 4944 me
1246 4889 1405 4957 Deus,
1464 4892 1666 4965 inquit,
1710 4895 2084 4965 imperatorem

508 4977 822 5047 designarit,
864 4987 922 5037 tu
949 4996 1033 5035 me
1082 4981 1390 5038 nauclerum
1424 4984 1598 5054 facere
1622 4987 1909 5043 contendis.
1941 4987 2084 5043 Scito

511 5078 688 5124 autem
735 5083 1088 5130 mercaturam
1121 5075 1340 5146 privatis
1373 5076 1667 5131 hominibus
1701 5094 1809 5132 esse
1861 5079 2087 5134 attribu-

511 5169 644 5225 tam,
674 5169 734 5215 ut
750 5178 814 5216 ea
849 5163 1140 5222 tolerandae
1167 5168 1284 5221 vita:
1311 5168 1635 5222 occasionem
1653 5169 1900 5224 habeant.
1935 5170 2083 5234 Quod

508 5252 554 5306 si
590 5266 685 5305 nos
722 5263 917 5322 prwter
947 5257 1158 5328 impeni
1190 5274 1313 5328 ope:
1375 5259 1536 5313 etiam
1587 5267 1900 5315 mercatum
1934 5276 2082 5316 emo-

2179 4624 2226 4680 δ’
2253 4626 2344 4678 ὑπ’
2378 4624 2544 4679 αὐτοῦ
2575 4623 2880 4694 δομηθέντα
2907 4621 3069 4692 ,πρὸς
3119 4620 3330 4692 βλάϐην
3359 4617 3462 4687 τῆς
3489 4625 3756 4686 γυναικός

2182 4718 2604 4788 καθαιρεθῆναι,
2633 4717 2727 4771 καὶ
2757 4716 2930 4788 ταύτῃ
2970 4713 3491 4786 προσκληρωθῆναι,
3528 4709 3627 4763 καὶ
3664 4707 3763 4769 τὰς

2183 4811 2339 4877 ὕλας,
2370 4812 2466 4866 καὶ
2485 4811 2578 4865 τὸν
2607 4811 2772 4865 τόπον
2803 4809 2988 4866 αὐτόν.
3021 4806 3194 4862 Τοῦτο
3247 4805 3348 4876 μὲν
3376 4801 3472 4858 οὖν
3507 4802 3604 4856 τσῦ
3635 4800 3764 4870 περὶ

2189 4903 2250 4957 τὸ
2278 4903 2488 4957 δίκαιον
2517 4903 2680 4973 ζήλου
2729 4901 2823 4954 τοῦ
2863 4898 3126 4970 θεοφίλου
3177 4896 3396 4968 εἴρηται
3443 4893 3759 4963 γνώρισμα.

2191 4994 2444 5066 Εἰρήσθω
2476 4993 2536 5048 δέ
2569 5011 2621 5047 τι
2675 4993 2769 5046 καὶ
2819 4990 3030 5062 ἕτερον,
3090 4989 3190 5059 τῆς
3221 5005 3280 5040 τε
3335 4984 3763 5052 δικαιοπραγίας

2190 5083 2424 5150 ἐκείνου,
2445 5083 2540 5136 καὶ
2571 5084 2668 5152 τῆς
2696 5081 2824 5150 περὶ
2853 5080 2913 5134 τὸ
2950 5079 3158 5132 δίκαιον
3183 5079 3280 5131 καὶ
3325 5077 3567 5145 ὑπήκοον
3624 5093 3762 5145 προ-

2191 5171 2341 5234 νοίας
2389 5171 2744 5242 σημαντικόν.
2797 5168 3160 5240 Προσὼρμισέ
3209 5183 3338 5221 ποτε
3389 5167 3468 5235 τῷ
3519 5165 3649 5230 περὶ
3697 5165 3761 5217 τὶ

2189 5261 2466 5334 ἀνάκτορα
2498 5263 2678 5334 λιμένι
2727 5262 2917 5334 φορτὶς
2968 5259 3128 5332 βάρει
3154 5259 3264 5312 τῶν
3293 5261 3600 5330 ¹ἀγωγίμων
3660 5274 3757 5311 πε-

1716 5417 1919 5482 Variae
1947 5418 2258 5484 lectiones
2301 5426 2362 5483 et
2391 5428 2581 5486 notae.

585 5583 698 5658 βο)
735 5585 1132 5658 Δικαιοσύνην
1191 5586 1428 5658 μετιών.
1461 5587 1586 5642 Alia
1619 5587 1910 5658 Theophili
1946 5586 2080 5656 imp.

510 5653 739 5724 iustitia:
769 5665 825 5709 et
857 5657 1168 5714 severitatis
1192 5653 1449 5724 exempla
1479 5657 1650 5713 refert
1709 5653 1902 5713 auctor
1961 5653 2086 5712 ora-

517 5723 684 5797 tiouis
711 5725 986 5797 historicas
1009 5728 1070 5797 in
1107 5726 1322 5797 festum,
1342 5723 1730 5782 Restitutionis
1760 5727 2081 5797 imaginum,

515 5807 547 5844 ι
579 5793 904 5850 Cumbeﬁsio
930 5796 1114 5862 editae,
1137 5812 1190 5866 ιι.
1230 5796 1356 5861 740,
1385 5797 1507 5853 ³741.
1549 5797 1768 5854 Hicetas
1808 5793 2090 5868 Paphlago

2180 5587 2238 5663 in
2278 5591 2404 5647 Vita
2439 5590 2862 5663 lgnatii_Pat_r.__
2897 5587 3376 5663 Constantinopol.
3415 5587 3509 5663 _de
3561 5583 3757 5663 eodem

2180 5659 2426 5734 Augusto
2510 5662 2620 5715 Kal.
2647 5657 2715 5734 ἧν
2745 5661 2797 5734 tr"
2832 5660 2970 5734 ἄλλα
3031 5661 3151 5734 μεν,
3193 5660 3270 5720 ὡς
3303 5660 3488 5726 φασὶν,
3549 5657 3611 5708 οὐ
3656 5672 3755 5707 κα-

2183 5729 2300 5796 κὸς,
2331 5733 2425 5785 καὶ
2456 5729 2866 5802 δικαιοκρισίας
2903 5729 3296 5802 ἀντεχόμενος.

3781 5361 3790 5392 l
