4068 6438
312 436 445 501 1397
1124 432 1129 437 ’
1546 436 1954 496 ANNALIUM
1995 436 2146 495 LIB.
2190 435 2315 496 XV.
3419 423 3557 484 1393

304 542 666 615 φορτισμένη,
725 544 820 599 καὶ
862 544 1040 616 τούτῳ
1091 544 1288 616 μέχρις
1333 543 1563 614 ἐσχάτου
1602 543 1880 614 ζωστῆρος

1994 540 2220 595 lamenta
2246 537 2689 609 interceperimus,
2720 535 2986 591 undenam
3048 534 3272 604 fortattr
3311 536 3566 589 tenuioris

305 634 887 707 καταϐεὸαπτισμένη.
914 638 1116 708 Ἔτυχε
1147 637 1204 690 δὲ
1238 635 1526 709 προκύψας
1551 639 1578 690 ό
1627 634 1882 705 βασιλεὺς

1994 634 2222 689 homines
2253 633 2451 687 victum
2481 628 2860 700 comparabant
2885 629 2910 682 ?

303 727 532 792 ἄνωθεν,
573 728 668 782 καὶ
712 727 999 802 θαυμάσας
1032 730 1132 801 τὴν
1162 728 1316 795 ναῦν,
1344 728 1434 784 διά
1467 745 1614 792 τινος
1673 727 1781 781 τῶν
1847 726 1999 797 αὐτῷ
2046 724 2351 796 ἑπομένων,
2382 721 2525 785 τίνος
2555 722 2620 777 ἂν
2674 722 2783 791 εἴη,
2847 719 3198 775 ἐπυνθάνετο.
3239 719 3327 782 Ὡς
3383 719 3439 773 δὲ
3465 716 3568 787 τῆς

301 822 622 896 Λύγούστης
645 820 784 879 εῖναι
819 824 1132 897 μεμάθηκε,
1169 825 1264 879 καὶ
1293 825 1369 888 ὡς
1388 824 1515 895 ἄρτι
1541 824 1750 895 ἀνήχθη
1775 823 1834 888 ἐξ
1869 821 2164 894 ἐμπορίας,
2190 822 2256 892 ἢν
2282 823 2339 876 ἐν
2372 824 2483 886 τοῖς
2511 822 2611 891 τῆς
2634 819 2833 891 Συρίας
2868 819 2917 870 oi
2948 816 3085 887 πρὸς
3114 817 3213 888 τῆς
3248 815 3569 886 βασιλίσσης

304 914 590 980 σταλέντες
641 919 970 991 ἐποιήσαντο
1018 919 1265 990 μέρεσιν,
1312 920 1421 973 είτι
1472 918 1573 990 μὲν
1625 920 1740 981 τοῖς
1787 917 1882 972 τοῦ
1919 918 2291 988 πληρώματος
2335 918 2436 987 τῆς
2504 915 2632 986 νηὸς
2683 914 2999 985 πρόσεστιν,
3033 910 3342 980 ἐξενεγκεῖν
3381 912 3571 970 αὐτοῖς

301 1012 501 1065 αὒτίκα
535 1012 814 1081 ἐκέλευσε,
851 1015 962 1071 τῶν
992 1015 1051 1069 δὲ
1100 1016 1203 1086 τῆς
1263 1012 1583 1084 Αὐγούστης
1636 1012 1880 1084 ἅψασθαι
1920 1012 2173 1086 μηδενός.
2259 1014 2347 1076 Ὠς
2372 1011 2430 1066 δὲ
2454 1011 2610 1066 τοῦτο
2669 1012 2884 1080 γέγονε,
2913 1009 3007 1064 καὶ
3046 1011 3172 1071 τοὺς
3207 1008 3405 1077 ἄνδρας
3427 1009 3567 1060 ἐκεῖ-

302 1107 395 1161 θεν
422 1108 728 1181 ἀπήλασεν,
765 1110 930 1181 ὑγρὸν
952 1114 1075 1165 κατ’
1103 1110 1276 1182 αὐτῆς
1307 1112 1580 1182 ἐπήνεγκε
1651 1110 1783 1181 πῦρ,
1852 1110 1948 1164 καὶ
1984 1105 2321 1180 αὐτόφορτον
2361 1107 2790 1177 κατενὲπρησεν,
2821 1105 2917 1159 καὶ
2946 1108 3011 1177 τῇ
3047 1104 3335 1174 βασιλίσσῃ
3370 1103 3567 1156 ἐλοιδο-

305 1203 532 1271 ρήςατο,
573 1201 838 1256 Βασιλέα
888 1219 983 1271 με,
1035 1203 1228 1271 λέγων,
1279 1202 1714 1266 ἀναδείξαντος
1770 1201 1878 1256 τοῦ
1920 1200 2090 1265 Θεοῦ,
2152 1201 2234 1256 σὺ
2262 1199 2435 1270 βιάζῃ
2491 1216 2567 1269 με
2609 1198 2859 1266 ποιῆσαι
2910 1199 3276 1266 ναύκληρον.
3317 1194 3569 1251 Ἰσθιδὲ

299 1297 388 1350 ὅτι
428 1295 553 1361 τοῖς
579 1294 836 1360 ἰδιώταις
863 1294 929 1348 τὸ
946 1293 1385 1362 ἐμπορεύεσθαι
1444 1293 1998 1361 προσκεκλήρωται,
2069 1292 2146 1346 ἵν’
2204 1293 2435 1348 ἐκεῖθεν
2462 1293 2568 1357 τὰς
2608 1291 2756 1359 πρὸς
2796 1290 2860 1343 τὸ
3021 1288 3349 1358 πορίζοιντο
3381 1290 3566 1358 ἀφορ-

294 1384 438 1454 μάς.
471 1384 540 1437 El
571 1379 635 1435 δ”
654 1380 821 1449 ἡμεῖς
856 1379 1014 1447 μετὰ
1043 1380 1151 1448 τῆς
1177 1382 1515 1450 βασιλικῆς
1549 1382 1880 1451 εὐετηρίας,
1920 1379 2020 1433 καί
2078 1381 2151 1435 τὰ
2207 1381 2277 1446 ἐξ
2344 1382 2631 1450 ἐμπορίας
2671 1380 2787 1451 (‘21)
2834 1380 3070 1445 ἑαυτοῖς
3130 1378 3566 1448 περιποιεῖσθαι

297 1476 649 1543 πειρώμεθα,
690 1475 766 1529 ἂν
796 1477 852 1528 ot
907 1473 1018 1542 τῆς
1072 1474 1265 1541 τύχης
1321 1473 1430 1540 τῆς
1482 1472 1773 1538 ἰδιώτιδος
1809 1470 1881 1525 τὰ
1917 1466 2145 1541 ζωαί)κῆ
2177 1474 2683 1540 συμπορίσαιντο.

373 1568 520 1634 KG’.
553 1566 633 1636 Τῇ
687 1565 745 1618 δὲ
801 1564 1093 1637 βασιλίσσῃ
1140 1566 1343 1630 πατρὶς
1382 1560 1515 1636 ἦνή
1574 1565 1727 1635 χώρα
1776 1563 1887 1615 τῶν

298 1659 692 1727 Παφλαγόνων,
729 1658 969 1728 πατέρες
1001 1657 1046 1710 δ’
1086 1656 1224 1729 αὐτῇ
1254 1659 1498 1728 Μαρῖνος
1533 1658 1629 1711 καὶ
1660 1658 1885 1710 Θεοκτί-

2068 1563 2254 1619 XXVI.
2296 1566 2632 1634 lmperatrici
2677 1567 2855 1636 patria
2891 1567 2992 1622 fuit
3024 1568 3426 1640 Paphlagonia,
3470 1585 3566 1639 pa-

1995 1665 2179 1711 rentes
2210 1656 2452 1712 Marinus
2482 1665 2539 1712 et
2572 1657 2910 1724 Theoctista,
2945 1674 3010 1713 ex
3041 1660 3212 1715 nobili
3249 1660 3396 1716 illius
3435 1677 3565 1732 pro-

298 1769 400 1822 στη
431 1749 539 1804 τῶν
568 1745 627 1803 εὖ
666 1750 975 1819 γεγονότων
1019 1751 1079 1803 ἐν
1108 1752 1176 1820 τῇ
1217 1747 1373 1820 χώρᾳ
1402 1752 1467 1821 τῇ
1504 1749 1627 1804 κατ’
1661 1750 1884 1815 αὐτοὺς,

1994 1747 2187 1803 vincia:
2232 1747 2474 1811 familia,
2523 1751 2686 1805 ambo
2735 1751 2815 1820 pii
2847 1761 2903 1805 et
2941 1766 3221 1808 sacrarum
3266 1753 3567 1825 imaginum

297 1841 540 1903 εὐσεϐεῖς
567 1840 623 1894 δὲ
654 1840 840 1910 ἄμφω,
864 1840 957 1893 καὶ
973 1838 1081 1893 τῶν
1113 1839 1427 1909 σεϐασμίων
1457 1839 1681 1893 εἰκόνων
1708 1856 1882 1908 προσο

299 1933 551 2003 κυνηταί.
585 1932 696 1998 Τῆς
760 1932 817 1985 δὲ
854 1929 1143 2003 Θεοδώρας
1168 1930 1246 2001 τῷ
1277 1930 1493 2000 βασιλεῖ
1530 1930 1884 1999 συζυγείσης,

299 2025 395 2078 καὶ
417 2024 453 2095 ἡ
481 2023 668 2094 μητὴρ
703 2023 875 2093 αὐτῆς
905 2022 1228 2092 Θεοκτίστη,
1258 2022 1292 2093 ἢ
1331 2022 1424 2075 καὶ
1460 2022 1710 2092 Φλωρίνα
1744 2023 1883 2075 ἐπω.

295 2122 593 2192 νομάζετο,
623 2120 816 2191 Ζωστὴ
866 2121 964 2174 καὶ
1009 2118 1282 2190 Πατρικία
1309 2119 1595 2188 τετίμητο.
1634 2118 1790 2191 ’ῼκει
1829 2119 1887 2172 δέ

298 2211 439 2266 κατά
471 2212 571 2284 τὴν
596 2212 768 2284 μονὴν
799 2212 911 2264 τῶν
940 2211 1247 2281 Γαστριῶν,
1271 2209 1346 2273 ὡς
1377 2210 1434 2264 δέ
1463 2227 1610 2273 τινες
1640 2209 1883 2279 λέγουσι,

298 2303 394 2358 καὶ
436 2303 536 2375 τὴν
571 2306 740 2374 μονὴν
774 2302 947 2373 αὐτὴν
977 2303 1163 2373 ἐκείνη
1194 2302 1474 2372 ἐδείματο.
1522 2302 1609 2364 Ὧς
1634 2298 1729 2355 οὖν
1749 2301 1887 2372 πρὸς

302 2397 538 2467 μάμμην
591 2397 871 2467 ἀπήγοντο
918 2396 1062 2463 πρὸς
1090 2394 1266 2465 αὑτήν
1319 2412 1449 2450 ποτε
1503 2394 1572 2449 τὰ
1605 2395 1699 2449 τοῦ
1730 2394 1885 2465 βασι-

298 2489 437 2553 λέως
470 2489 764 2557 θυγάτρικ,
795 2484 937 2559 ἦσαν
971 2488 1029 2540 δέ
1061 2487 1244 2551 πέντε,
1275 2487 1370 2542 καὶ
1398 2487 1455 2540 αί
1488 2486 1715 2556 κλήσεις
1744 2488 1889 2541 ἐκεί-

299 2595 406 2630 νων
429 2571 613 2643 αὗται,
642 2577 821 2630 Θὲκλα
849 2578 944 2630 καὶ
980 2576 1171 2640 Ἀννα,
1213 2575 1544 2630 Ἀναστασία
1575 2594 1634 2630 τε
1668 2576 1762 2632 καὶ
1789 2577 1885 2630 σὺν

301 2666 613 2737 Ιιουλχερίᾳ
641 2668 851 2737 Μαρία.
894 2667 961 2719 Ἦ
990 2666 1046 2719 δὲ
1076 2666 1366 2738 δωρήμασι
1397 2667 1494 2731 τὰς
1515 2668 1708 2731 παῖδας
1762 2670 1873 2724 ἐδε-

301 2759 503 2825 ξιοῦτο,
553 2761 652 2812 καὶ
714 2761 823 2830 ἰδίᾳ
876 2759 1426 2829 παραλαμϐάνουσα,
1484 2760 1726 2833 παρῄνει
1785 2764 1883 2828 τὰς

301 2852 466 2918 ἁγίας
496 2851 716 2915 εἰκόνας
770 2850 1123 2915 σεϐάζεσθαι,
1184 2851 1277 2905 καὶ
1323 2852 1388 2906 ἐκ
1422 2853 1681 2907 κιϐωτίου
1723 2855 1887 2908 σεϐά-

303 2959 441 3011 σμιοι
499 2943 813 3012 ἐκφέρουσα
869 2941 1288 3011 ἐκτυπώματα,
1354 2949 1684 3013 προσκυνεῖν
1747 2948 1888 3001 αὐτὰ

301 3031 688 3101 παρεσκεύασε
718 3031 817 3095 τὰς
871 3031 1209 3102 θυγατριδᾶς
1244 3032 1339 3087 καὶ
1382 3034 1755 3110 ἀσπάζεσθαι,
1790 3039 1888 3091 καὶ

1990 1840 2337 1903 adoratores.
2384 1841 2672 1898 Theodora
2719 1858 2852 1898 vero
2906 1843 3222 1913 imperatori
3271 1845 3564 1916 desponsa,

1987 1934 2155 1988 etiam
2193 1942 2368 1989 mater
2398 1934 2518 2004 ejus
2546 1934 2860 1990 Theoctista
2883 1977 2898 2001 ,
2929 1936 3150 1991 Florina
3181 1950 3567 2007 cognomento,

1988 2024 2168 2079 Zostte
2205 2036 2261 2079 et
2294 2024 2541 2095 patriciae
2577 2024 2899 2096 dignitatem
2939 2028 3022 2082 e'st
3051 2038 3370 2083 consecuta.
3398 2028 3571 2085 Habi-

1991 2115 2127 2171 tavit
2162 2124 2346 2171 autem
2375 2118 2528 2188 juxta
2553 2116 2769 2173 Gastria
2811 2120 3235 2188 monasterium,
3278 2121 3464 2192 idque,
3508 2129 3571 2177 ut

1989 2208 2216 2278 quidam
2249 2216 2525 2273 asserunt,
2547 2208 2816 2264 condidit.
2845 2209 3051 2265 Filiolee
3076 2211 3245 2282 igitur
3274 2215 3572 2283 imperato-

1991 2302 2069 2357 ris
2115 2317 2349 2357 numero
2384 2302 2631 2371 quinque
2654 2342 2669 2367 ,
2710 2301 2778 2357 ad
2805 2318 2926 2358 eam
2961 2314 3022 2358 ut
3061 2307 3236 2360 aviam
3274 2307 3571 2376 aliquando

1988 2394 2437 2461 adducebanturi,
2483 2409 2719 2464 quarum
2763 2396 2990 2451 nomina
3035 2396 3265 2453 fuerunt
3342 2401 3568 2468 Thecla,

1987 2488 2167 2552 Anna,
2208 2488 2516 2551 Anastasis,
2551 2486 2841 2543 Pulcheria
2883 2495 2939 2543 et
2981 2489 3172 2545 Maria.
3224 2492 3320 2546 llla
3359 2494 3571 2563 puellas

1989 2580 2335 2635 munusculis
2369 2579 2478 2635 sibi
2507 2579 2854 2644 conciliabat,
2890 2594 2953 2635 ac
2979 2583 3210 2637 seorsim
3242 2583 3570 2641 hortabatur

1990 2672 2059 2727 ad
2088 2687 2368 2728 sacrarum
2412 2673 2713 2744 imaginum
2746 2675 3160 2729 venerationem
3183 2715 3198 2741 ,
3231 2679 3571 2749 curabatque

1988 2773 2051 2818 ut
2074 2778 2260 2821 sacras
2287 2764 2515 2834 effigies,
2538 2780 2678 2834 quas
2705 2779 2736 2819 e
2762 2764 2971 2821 cistella
3003 2767 3339 2836 proferebat,
3371 2781 3570 2841 neptes

1987 2855 2285 2911 adorarent
2325 2871 2392 2911 ac
2426 2856 2883 2913 deoscularentur
2905 2898 2919 2921 ,
2953 2873 3259 2930 earumque
3296 2864 3573 2933 capitibus

1989 2952 2045 2999 et
2087 2945 2334 3000 faciebas
2363 2961 2458 3001 eas
2483 2946 2831 3001 admovebat.
2869 2947 3087 3004 Puellas
3116 2950 3412 3020 aliquando
3442 2953 3570 3010 inde

1990 3053 2243 3093 reversas
2265 3048 2419 3109 rogat
2440 3038 2759 3108 imperator,
2783 3047 2843 3093 ut
2861 3039 2930 3093 ab
2950 3042 3070 3096 avia
3093 3048 3339 3099 tractatae
3359 3034 3570 3110 essent,

301 3126 421 3186 ταῖς
449 3123 718 3193 κεφαλαῖς
765 3123 949 3178 αὐτῶν
979 3124 1226 3178 ἐπετίθει
1267 3125 1362 3177 καὶ
1390 3129 1510 3190 ταῖς
1557 3128 1882 3198 προσόψεσι.

1994 3140 2047 3187 et
2095 3130 2254 3204 144
2292 3131 2424 3202 quid
2485 3131 2577 3186 illa
2625 3131 2876 3186 diceret?
2930 3131 3159 3189 Caeteris
3238 3137 3567 3202 tacentibus,

302 3216 413 3269 Καί
446 3234 575 3269 ποτε
606 3217 818 3270 ἐκεῖθεν
865 3217 1251 3287 ἐπανηκούσας
1273 3220 1371 3283 τὰς
1416 3220 1617 3282 παῖδας
1639 3220 1827 3292 ὴρώτα
1857 3226 1885 3276 ό

305 3309 564 3378 βασιλεὺς
589 3307 639 3361 τί
672 3308 825 3378 παρά
858 3309 957 3378 τῆς
997 3310 1234 3379 μάμμης
1279 3311 1473 3374 αὐταῖς
1523 3310 1754 3381 γένοιτο,
1793 3314 1888 3367 καὶ

303 3402 425 3453 τίνα
456 3401 589 3470 παρ’
618 3400 836 3470 ἐκείνης
877 3400 1072 3462 αὑταῖς
1105 3402 1382 3469 λέγοιντο;
1417 3402 1482 3456 Αἱ
1516 3403 1616 3474 μὲν
1648 3398 1743 3457 οὖν
1773 3404 1888 3458 λοι-

121 3524 134 3534 ο
233 3505 236 3507 ‘
310 3492 406 3545 nati.
436 3492 767 3562 ἐσιώπων,ή
806 3490 1112 3562 Πουλχερία
1141 3492 1197 3545 δέ
1236 3494 1581 3563 νηπιάζουσα
1610 3495 1692 3548 ἔτι
1715 3496 1890 3550 τᾶλλα

307 3603 367 3637 τε
398 3585 641 3653 διηγεῖτο
688 3583 1020 3655 ψελλιζούσῃ
1072 3588 1251 3657 φωνῇ,
1282 3587 1378 3640 καὶ
1410 3588 1784 3659 προσεπῆγεν,
1817 3589 1889 3652 ώς

308 3675 394 3746 εἴη
422 3678 485 3744 τῇ
515 3675 714 3745 μάμμῃ
747 3675 887 3727 νινία
935 3677 995 3727 ἐν
1029 3675 1293 3747 κιϐωτίῳ,
1336 3676 1433 3740 τὰς
1477 3677 1644 3745 ἀγίας
1675 3679 1892 3743 εξκόνας

307 3767 453 3820 οὓτω
508 3766 775 3831 καλοῦσα,
820 3767 914 3820 καὶ
950 3765 1125 3821 ταῦτα
1176 3769 1298 3832 ταῖς
1348 3768 1616 3838 κεφαλαῖς
1647 3769 1744 3822 καὶ
1782 3773 1893 3833 τοῖς

310 3859 623 3930 προσώποις
653 3861 809 3931 ἡμῶν
832 3860 1132 3932 ἐπιτίθησι,
1168 3862 1261 3916 κα)⁸
1283 3863 1627 3927 ἀσπάζεσθαι
1651 3865 1890 3920 δίδωσιν.

321 3952 604 4007 Ἐντεῦθεν
638 3953 737 4016 τὰς
796 3953 1005 4015 σεπτάς
1062 3954 1283 4019 εἰκόνας
1319 3956 1483 4023 γνοὺς
1510 3969 1514 3972 ‘
1541 3957 1893 4013 διδάσκεσθαι

311 4046 639 4114 προσκυνεῖν
657 4043 756 4107 τάς
791 4043 957 4098 αὑτοῦ
994 4043 1304 4116 θυγατέρας
1324 4048 1477 4117 ποιρά
1505 4048 1605 4117 τῆς
1638 4050 1892 4121 μάμμης.

312 4135 497 4189 οὐκέτι
535 4136 671 4207 πρὸς
702 4137 874 4206 αὐτὴν
903 4136 1218 4204 ἀπάγεσθαι
1273 4139 1373 4202 τὰς
1410 4140 1610 4203 παῖδας
1642 4157 1892 4209 παρακε-

314 4229 589 4299 χώρηκεν,
616 4229 804 4300 ἕτερον
837 4230 893 4283 δὲ
929 4230 1082 4283 οὐδὲν
1138 4229 1384 4300 λυπηρὸν
1436 4232 1517 4293 είς
1550 4231 1645 4300 τὴν
1671 4230 1898 4285 Θεοκτί-

319 4338 451 4393 στην
480 4321 795 4391 εἰργάσατο,
846 4320 1168 4392 αἰδούμενος
1211 4322 1432 4393 ἐκείνην
1482 4322 1571 4375 διὰ
1602 4321 1662 4375 τὸ
1709 4322 1894 4391 κῆδος,

1986 3224 2278 3280 Pulcheria
2312 3224 2494 3281 adhuc
2536 3222 2804 3280 infautula
2836 3240 2963 3281 cum
2999 3235 3199 3284 caetera
3237 3228 3571 3289 halhutienti

1986 3333 2123 3374 voce
2157 3319 2352 3381 refert,
2393 3328 2509 3373 tum
2549 3318 2738 3385 addit,
2786 3318 2964 3374 aviam
2998 3320 3057 3376 in
3094 3322 3357 3379 cistellam
3397 3340 3572 3396 pupas

1988 3408 2194 3463 habere
2230 3408 2334 3477 (sic
2371 3408 2521 3463 enim
2559 3407 2824 3477 imagines
2865 3409 3121 3483 vocabat)
3157 3427 3292 3483 quas
3327 3414 3572 3485 ipsarum

1990 3500 2269 3570 capitibus
2306 3508 2362 3555 et
2396 3498 2643 3554 taciebus
2681 3499 3004 3556 admoveret
3043 3510 3210 3572 atque
3245 3506 3574 3564 osculandas

1990 3592 2283 3662 praeberet.
2329 3591 2407 3647 Ex
2436 3605 2503 3647 eo
2544 3605 2670 3646 cum
2721 3591 3069 3662 cognovisset
3107 3593 3302 3652 ﬁliolas
3343 3597 3412 3652 ab
3450 3599 3574 3654 avia

1991 3686 2202 3741 cultum
2240 3699 2522 3740 sacrarum
2569 3684 2870 3755 imaginum
2907 3685 3135 3741 doceri:
3177 3702 3271 3743 eas
3310 3704 3419 3745 non
3460 3706 3575 3745 am-

1991 3777 2139 3848 plius
2191 3777 2255 3831 ad
2313 3776 2461 3829 illam
2512 3776 2779 3831 accedere
2831 3792 3030 3847 passus
3072 3787 3192 3844 est,
3237 3795 3421 3851 neque
3467 3782 3577 3838 alia

1994 3867 2246 3922 molestia
2308 3866 2682 3922 Theoctistam
2744 3867 2967 3934 aliecit,
3026 3884 3192 3940 quam
3241 3880 3299 3927 et
3350 3882 3573 3943 propter

1994 3958 2318 4013 affinitatem
2347 3966 2404 4012 et
2439 3956 2612 4028 magis
2642 3960 2813 4013 etiam
2846 3958 2919 4015 ob
2947 3961 3211 4016 virtutem
3242 3961 3572 4018 verebatur:

1993 4066 2119 4108 cum
2161 4050 2386 4120 quidem
2433 4064 2578 4118 saepe
2626 4048 2698 4104 ab
2741 4064 2804 4105 ca
2853 4049 3378 4121 reprehenderetur,
3427 4053 3581 4123 quod-

1996 4141 2338 4197 orthodoxos
2362 4139 2609 4211 puniret,
2641 4149 2697 4195 et
2720 4140 2895 4196 sacris
2925 4140 3260 4212 imaginibus
3287 4152 3570 4201 contume-

1995 4228 2123 4284 liam
2149 4228 2376 4294 facerel,
2404 4228 2580 4297 iisque
2607 4228 2770 4284 rebus
2789 4228 3045 4285 omnium
3074 4229 3422 4287 subditorum
3450 4234 3579 4288 odia

1997 4320 2516 4391 susciperet.Simile
2536 4321 2795 4392 quiddam
2815 4321 2976 4377 etiam
2997 4322 3577 4392 imperatriciaceidit.

316 4416 409 4467 καὶ
440 4415 603 4471 πλέον
633 4415 720 4470 διά
775 4416 874 4486 τὴν
906 4417 1132 4488 ἀρετὴν,
1163 4416 1197 4488 ἢ
1244 4418 1337 4470 καὶ
1369 4416 1634 4482 πολλάκις
1694 4419 1892 4489 ἤλεγχε

1999 4412 2133 4468 Erat
2162 4413 2219 4467 in
2244 4416 2393 4483 regia
2420 4412 2644 4484 quidam
2670 4413 2970 4469 homuncio
3002 4414 3212 4470 delirus
3233 4425 3290 4470 et
3312 4416 3576 4486 impedita

314 4508 526 4573 τοῦτον,
549 4511 630 4562 ὅτι
650 4511 777 4573 τοὺς
802 4509 1120 4581 ὀρθοδόξους
1153 4511 1400 4576 ἐκόλαζε,
1439 4513 1534 4565 καὶ
1563 4514 1686 4574 ταῖς
1721 4514 1896 4582 ἱεραῖς

320 4603 524 4654 εἰκόσιν
551 4601 825 4672 ἐνύϐριζε,
864 4605 960 4654 καὶ
984 4602 1074 4655 διὰ
1099 4600 1275 4655 ταῦτα
1302 4602 1560 4671 ἀπεχθῶς
1584 4602 1899 4658 διακεῖσθαι

322 4693 457 4762 πρὸς
478 4692 639 4747 αὑτὸν
667 4692 1034 4763 ἐπληροφόρει
1068 4693 1176 4744 πᾶν
1218 4692 1282 4745 τὸ
1341 4693 1606 4763 ὑπήκοον.
1644 4694 1901 4751 Τοιοῦτον

320 4783 386 4854 δή
418 4801 469 4838 τι
519 4785 616 4839 καὶ
654 4785 781 4856 περὶ
813 4784 911 4855 τὴν
954 4785 1200 4855 βασιλίδα
1251 4784 1486 4851 ἐγένετο.
1515 4780 1628 4838 Ἦν
1660 4803 1714 4840 τι
1744 4788 1901 4856 παρὰ

321 4880 436 4942 τοῖς
458 4878 782 4950 ἀνακτόροις
810 4878 1122 4950 ἀνθρώπιον
1154 4877 1250 4931 καὶ
1273 4876 1366 4930 τοῦ
1414 4877 1508 4931 νοῦ
1536 4878 1769 4948 πάσχον,
1805 4880 1900 4933 καὶ

323 4970 421 5039 τῆς
445 4966 701 5047 γλώσσης
721 4969 1072 5041 παρακοπὴν,
1095 4970 1192 5023 καὶ
1233 4965 1302 5041 ἦν
1336 4963 1449 5023 οἷον
1483 4968 1708 5040 ἄθυρμά
1738 4988 1791 5025 τι
1821 4970 1899 5042 τῷ

327 5059 576 5131 βασιλεῖ·
624 5058 702 5131 τῷ
725 5059 782 5113 δὲ
805 5060 1033 5131 τοιούτῳ
1063 5059 1392 5130 τυγχάνοντι
1420 5055 1489 5131 ἦν
1520 5062 1614 5115 καὶ
1644 5063 1677 5132 ἡ
1711 5078 1903 5130 γυναι·-

326 5151 543 5215 κωνίτις
576 5149 738 5223 βατή.
773 5151 882 5205 Καί
922 5169 1056 5205 ποτε
1101 5150 1196 5205 τὸν
1243 5151 1342 5221 τῆς
1375 5151 1693 5223 Αὑγούστης
1723 5153 1898 5207 είσεσι

327 5243 572 5314 θὲιλαμον
620 5259 636 5275 ⁶
686 5245 720 5315 ἡ
750 5244 795 5299 δ’
829 5244 987 5316 ἔτυχε
1021 5245 1144 5299 τότε
1179 5244 1342 5313 ἁγίας
1388 5245 1606 5310 εἰκόνας
1659 5244 1909 5309 ἀσπαζο-

333 5335 470 5405 μένη
500 5335 595 5389 καὶ
626 5337 1013 5407 προσκυνοῦσα
1035 5337 1224 5407 (ἐτίμα
1251 5336 1362 5406 γὰρ
1407 5335 1778 5406 διαφερόντως
1807 5338 1909 5389 αὐ-

330 5430 427 5491 τὰς
447 5427 641 5500 ἀγνοίᾳ.
669 5428 763 5482 τοῦ
798 5428 1161 5498 ξυνευνέτου)’
1195 5430 1254 5480 τὸ
1295 5428 1352 5481 δὲ
1399 5429 1908 5499 πιρακεκομμένον

2000 4505 2224 4574 lingua,
2272 4520 2437 4576 quem
2487 4506 2784 4576 imperator
2825 4505 2880 4561 in
2923 4506 3137 4562 deliciis
3180 4508 3450 4574 habebat,
3486 4511 3575 4565 cui

1996 4597 2165 4652 etiam
2200 4598 2257 4652 in
2285 4597 2740 4668 gynaeconitidem
2773 4598 2994 4669 patebat
3021 4599 3222 4654 aditus.
3263 4600 3575 4671 Aliquando

2000 4687 2170 4758 igitur
2217 4687 2274 4743 in
2320 4688 2687 4758 imperatricis
2736 4688 3037 4744 thalamum
3088 4689 3404 4761 ingressus,
3452 4708 3577 4748 cum

2000 4780 2091 4835 illa
2124 4795 2313 4837 sacras
2361 4780 2627 4852 imagines
2667 4780 3014 4836 oscularetur
3055 4789 3111 4837 et
3152 4781 3409 4839 adoraret
3451 4786 3582 4843 (eas

2000 4872 2151 4927 enim
2177 4873 2318 4928 clam
2348 4872 2547 4928 marito
2577 4886 2744 4943 supra
2770 4871 2997 4926 modum
3027 4872 3377 4943 honorabat),
3400 4889 3586 4929 sacras

2003 4961 2216 5034 efﬁgies
2238 4963 2612 5034 conspicatus,
2640 4962 2773 5033 quid
2808 4971 3001 5018 essent
3055 4963 3250 5035 rcgat?
3286 4965 3585 5035 respondet

2007 5056 2099 5112 illa
2129 5057 2494 5127 simpliciter:
2530 5054 2788 5110 Pulchra;
2811 5072 2937 5111 suas
2962 5073 3133 5127 pupa:
3161 5072 3288 5111 esse.
3318 5057 3585 5127 Egressus

2005 5163 2202 5204 vecors
2226 5148 2547 5214 homuncio,
2578 5147 2947 5218 Theophilum
2981 5149 3035 5202 in
3059 5149 3316 5204 convivio
3339 5150 3581 5219 reperit:

2006 5240 2381 5310 interrogatus
2428 5239 2576 5295 unde
2620 5240 2870 5296 veniret?
2909 5240 2954 5293 Α
3006 5240 3235 5308 Manna,
3279 5242 3582 5310 respondit,

2008 5336 2088 5391 sic
2121 5336 2270 5391 enim
2303 5335 2591 5390 Dominam
2628 5334 2880 5399 vocabat,
2913 5349 3148 5403 eamque
3189 5335 3449 5404 pulchras
3478 5349 3584 5405 pu-

2008 5445 2106 5500 pas
2137 5429 2342 5484 habere
2371 5429 2529 5484 dixit.
2562 5427 2860 5498 Imperator
2887 5434 3071 5482 autem
3100 5442 3276 5498 pupas
3319 5427 3585 5500 imagines

1435 5609 1437 5612 ⁴
1521 5589 1722 5651 Varia:
1766 5587 2072 5651 lectiones
2120 5596 2183 5653 et
2225 5598 2419 5652 notae.

409 5715 522 5783 (2|)
552 5717 657 5768 Καὶ
686 5712 758 5767 τὰ
787 5713 855 5777 ἐξ
883 5713 1191 5781 ἐμπορίας.
1221 5712 1512 5783 Thmphili
1553 5724 1736 5769 tamen
1765 5716 1909 5771 alias

334 5785 624 5853 avaritiam
662 5784 980 5853 perstringit
1006 5784 1245 5853 scriptor
1280 5798 1379 5838 ms.
1419 5785 1555 5839 Vitze
1587 5786 1643 5839 S.
1674 5786 1904 5841 Joanni-

338 5854 412 5908 cii
452 5873 465 5908 :
499 5849 628 5924 Εἶχε
662 5849 759 5925 μὲν
784 5854 892 5925 γὰρ
915 5849 983 5907 τὰ
1026 5849 1308 5922 Ῥωμαίων
1335 5855 1592 5925 σκῆπτρα
1622 5857 1904 5924 Θεόφιλος·

2012 5716 2040 5768 ὁ
2066 5716 2123 5769 δὲ
2167 5714 2402 5784 ἐπτόητό
2429 5734 2488 5768 τε
2514 5732 2577 5768 πε
2592 5716 2646 5784 pl.
2673 5715 2764 5769 τὸν
2784 5716 2988 5785 χρυσόν
3043 5716 3185 5782 ὅλος,
3250 5718 3346 5769 καὶ
3400 5716 3589 5770 τούτου

2015 5787 2234 5859 ἡττᾶτο,
2258 5781 2435 5859 ἄλλως
2457 5781 2864 5859 τεΛΧριστιανδς
2905 5781 3047 5845 εἶναι
3096 5781 3176 5859 μὴ
3216 5787 3421 5858 φέρων,
3463 5788 3591 5857 περὶ

2014 5856 2112 5921 τὰς
2147 5856 2296 5919 θείας
2323 5872 2380 5908 τε
2416 5855 2629 5910 ἀσεϐῶν
2658 5858 2894 5921 εἰκόνας,
2913 5865 3023 5912 etc.
