  <div class='ocr_page' id='page_1' title='image "/cluster/home/n/w/nwhite01/storage/ocr_20150623/134:no.1/coo.31924054870393/709.png"; bbox 0 0 4068 6428; ppageno 0'>
   <div class='ocr_carea' id='block_1_1' title="bbox 525 461 663 526">
    <p class='ocr_par' dir='ltr' id='par_1_1' title="bbox 525 461 663 526">
     <span class='ocr_line' id='line_1_1' title="bbox 525 461 663 526; baseline 0.007 -2"><span class='ocrx_word' id='word_1_1' title='bbox 525 461 663 526; x_wconf 73' lang='lat' dir='ltr'><strong>I399</strong></span> 
     </span>
    </p>
   </div>
   <div class='ocr_carea' id='block_1_2' title="bbox 1781 453 2469 519">
    <p class='ocr_par' dir='ltr' id='par_1_2' title="bbox 1781 453 2469 519">
     <span class='ocr_line' id='line_1_2' title="bbox 1781 453 2469 519; baseline -0.009 -1"><span class='ocrx_word' id='word_1_2' title='bbox 1781 455 2106 519; x_wconf 83' lang='lat' dir='ltr'><strong>JOANNIS</strong></span> <span class='ocrx_word' id='word_1_3' title='bbox 2145 453 2469 514; x_wconf 71' lang='lat' dir='ltr'><strong>ZUNARIE</strong></span> 
     </span>
    </p>
   </div>
   <div class='ocr_carea' id='block_1_3' title="bbox 3634 451 3771 518">
    <p class='ocr_par' dir='ltr' id='par_1_3' title="bbox 3634 451 3771 518">
     <span class='ocr_line' id='line_1_3' title="bbox 3634 451 3771 518; baseline 0.036 -5"><span class='ocrx_word' id='word_1_4' title='bbox 3634 451 3771 518; x_wconf 73' lang='grc'><strong>1400</strong></span> 
     </span>
    </p>
   </div>
   <div class='ocr_carea' id='block_1_4' title="bbox 517 560 2084 647">
    <p class='ocr_par' dir='ltr' id='par_1_4' title="bbox 517 573 2084 647">
     <span class='ocr_line' id='line_1_4' title="bbox 517 573 2084 647; baseline -0.007 -13"><span class='ocrx_word' id='word_1_5' title='bbox 517 593 636 634; x_wconf 88' lang='lat' dir='ltr'><strong>esse</strong></span> <span class='ocrx_word' id='word_1_6' title='bbox 671 576 1000 647; x_wconf 73' lang='lat' dir='ltr'><strong>suspicatus,</strong></span> <span class='ocrx_word' id='word_1_7' title='bbox 1033 581 1344 629; x_wconf 89' lang='lat' dir='ltr'><strong>commotus</strong></span> <span class='ocrx_word' id='word_1_8' title='bbox 1381 582 1438 628; x_wconf 90' lang='lat' dir='ltr'><strong>et</strong></span> <span class='ocrx_word' id='word_1_9' title='bbox 1471 574 1550 629; x_wconf 88' lang='lat' dir='ltr'><strong>ira</strong></span> <span class='ocrx_word' id='word_1_10' title='bbox 1583 581 1822 630; x_wconf 68' lang='lat' dir='ltr'><strong>aestuans</strong></span> <span class='ocrx_word' id='word_1_11' title='bbox 1853 573 2084 642; x_wconf 87' lang='lat' dir='ltr'><strong>impera-</strong></span> 
     </span>
    </p>
   </div>
   <div class='ocr_carea' id='block_1_5' title="bbox 2190 560 3768 647">
    <p class='ocr_par' dir='ltr' id='par_1_5' title="bbox 2196 560 3768 638">
     <span class='ocr_line' id='line_1_5' title="bbox 2196 560 3768 638; baseline -0.001 -20"><span class='ocrx_word' id='word_1_12' title='bbox 2196 567 2372 619; x_wconf 80' lang='grc' dir='ltr'>ἐκεῖνο</span> <span class='ocrx_word' id='word_1_13' title='bbox 2402 565 2784 638; x_wconf 73' lang='grc' dir='ltr'><strong>ἀνθρωπάριον</strong></span> <span class='ocrx_word' id='word_1_14' title='bbox 2811 563 2880 616; x_wconf 80' lang='grc' dir='ltr'><strong>τὰ</strong></span> <span class='ocrx_word' id='word_1_15' title='bbox 2907 561 3026 616; x_wconf 75' lang='grc' dir='ltr'>θεία</span> <span class='ocrx_word' id='word_1_16' title='bbox 3059 560 3401 632; x_wconf 80' lang='grc' dir='ltr'><strong>θεασάμενον</strong></span> <span class='ocrx_word' id='word_1_17' title='bbox 3437 561 3768 633; x_wconf 76' lang='grc' dir='ltr'>ἐκτυπὼμα-</span> 
     </span>
    </p>
   </div>
   <div class='ocr_carea' id='block_1_6' title="bbox 519 665 2084 736">
    <p class='ocr_par' dir='ltr' id='par_1_6' title="bbox 519 665 2084 736">
     <span class='ocr_line' id='line_1_6' title="bbox 519 665 2084 736; baseline -0.004 -13"><span class='ocrx_word' id='word_1_18' title='bbox 519 673 709 726; x_wconf 81' lang='lat' dir='ltr'><strong>tricem</strong></span> <span class='ocrx_word' id='word_1_19' title='bbox 753 668 995 736; x_wconf 76' lang='lat' dir='ltr'><strong>accedit,</strong></span> <span class='ocrx_word' id='word_1_20' title='bbox 1041 676 1096 723; x_wconf 90' lang='lat' dir='ltr'><strong>et</strong></span> <span class='ocrx_word' id='word_1_21' title='bbox 1129 668 1542 723; x_wconf 76' lang='lat' dir='ltr'><strong>contumeliosis</strong></span> <span class='ocrx_word' id='word_1_22' title='bbox 1576 667 1739 722; x_wconf 92' lang='lat' dir='ltr'><strong>dictis</strong></span> <span class='ocrx_word' id='word_1_23' title='bbox 1783 665 2084 725; x_wconf 82' lang='lat' dir='ltr'><strong>insectans,</strong></span> 
     </span>
    </p>
   </div>
   <div class='ocr_carea' id='block_1_7' title="bbox 517 755 2084 828">
    <p class='ocr_par' dir='ltr' id='par_1_7' title="bbox 517 755 2084 828">
     <span class='ocr_line' id='line_1_7' title="bbox 517 755 2084 828; baseline -0.005 -12"><span class='ocrx_word' id='word_1_24' title='bbox 517 761 859 816; x_wconf 83' lang='lat' dir='ltr'><strong>idololatram</strong></span> <span class='ocrx_word' id='word_1_25' title='bbox 903 758 1159 828; x_wconf 81' lang='lat' dir='ltr'><strong>appellat,</strong></span> <span class='ocrx_word' id='word_1_26' title='bbox 1199 773 1372 827; x_wconf 88' lang='lat' dir='ltr'><strong>eaque</strong></span> <span class='ocrx_word' id='word_1_27' title='bbox 1408 757 1574 812; x_wconf 88' lang='lat' dir='ltr'><strong>refert</strong></span> <span class='ocrx_word' id='word_1_28' title='bbox 1606 771 1726 827; x_wconf 69' lang='lat' dir='ltr'><strong>qua:</strong></span> <span class='ocrx_word' id='word_1_29' title='bbox 1765 772 1796 812; x_wconf 91' lang='lat' dir='ltr'><strong>a</strong></span> <span class='ocrx_word' id='word_1_30' title='bbox 1837 755 2084 810; x_wconf 87' lang='lat' dir='ltr'><strong>Dendere</strong></span> 
     </span>
    </p>
   </div>
   <div class='ocr_carea' id='block_1_8' title="bbox 517 846 2085 922">
    <p class='ocr_par' dir='ltr' id='par_1_8' title="bbox 517 846 2085 922">
     <span class='ocr_line' id='line_1_8' title="bbox 517 846 2085 922; baseline -0.004 -16"><span class='ocrx_word' id='word_1_31' title='bbox 517 851 598 922; x_wconf 85' lang='lat' dir='ltr'><strong>(id</strong></span> <span class='ocrx_word' id='word_1_32' title='bbox 629 852 775 906; x_wconf 72' lang='lat' dir='ltr'><strong>enim</strong></span> <span class='ocrx_word' id='word_1_33' title='bbox 810 851 962 905; x_wconf 77' lang='lat' dir='ltr'><strong>fatuo</strong></span> <span class='ocrx_word' id='word_1_34' title='bbox 996 865 1198 904; x_wconf 84' lang='lat' dir='ltr'><strong>nomen</strong></span> <span class='ocrx_word' id='word_1_35' title='bbox 1229 850 1367 920; x_wconf 88' lang='lat' dir='ltr'><strong>erat)</strong></span> <span class='ocrx_word' id='word_1_36' title='bbox 1403 849 1724 906; x_wconf 75' lang='lat' dir='ltr'><strong>audivisset.</strong></span> <span class='ocrx_word' id='word_1_37' title='bbox 1763 849 1960 905; x_wconf 81' lang='lat' dir='ltr'><strong>Verum</strong></span> <span class='ocrx_word' id='word_1_38' title='bbox 1993 846 2085 902; x_wconf 86' lang='lat' dir='ltr'><strong>illa</strong></span> 
     </span>
    </p>
   </div>
   <div class='ocr_carea' id='block_1_9' title="bbox 516 940 2086 1011">
    <p class='ocr_par' dir='ltr' id='par_1_9' title="bbox 516 940 2086 1011">
     <span class='ocr_line' id='line_1_9' title="bbox 516 940 2086 1011; baseline -0.006 -11"><span class='ocrx_word' id='word_1_39' title='bbox 516 944 773 1000; x_wconf 86' lang='lat' dir='ltr'><strong>maritum</strong></span> <span class='ocrx_word' id='word_1_40' title='bbox 796 943 1025 998; x_wconf 90' lang='lat' dir='ltr'><strong>solerter</strong></span> <span class='ocrx_word' id='word_1_41' title='bbox 1055 942 1305 1010; x_wconf 86' lang='lat' dir='ltr'><strong>decepit:</strong></span> <span class='ocrx_word' id='word_1_42' title='bbox 1335 941 1517 1011; x_wconf 85' lang='lat' dir='ltr'><strong>Neque</strong></span> <span class='ocrx_word' id='word_1_43' title='bbox 1545 944 1706 1006; x_wconf 84' lang='lat' dir='ltr'><strong>enim,</strong></span> <span class='ocrx_word' id='word_1_44' title='bbox 1733 940 1931 1010; x_wconf 80' lang='lat' dir='ltr'><strong>inquit,</strong></span> <span class='ocrx_word' id='word_1_45' title='bbox 1954 940 2086 992; x_wconf 87' lang='lat' dir='ltr'><strong>ima-</strong></span> 
     </span>
    </p>
   </div>
   <div class='ocr_carea' id='block_1_10' title="bbox 517 1032 2086 1108">
    <p class='ocr_par' dir='ltr' id='par_1_10' title="bbox 517 1032 2086 1108">
     <span class='ocr_line' id='line_1_10' title="bbox 517 1032 2086 1108; baseline -0.006 -17"><span class='ocrx_word' id='word_1_46' title='bbox 517 1038 660 1108; x_wconf 74' lang='lat' dir='ltr'><strong>gines</strong></span> <span class='ocrx_word' id='word_1_47' title='bbox 699 1035 828 1089; x_wconf 72' lang='lat' dir='ltr'><strong>uidit</strong></span> <span class='ocrx_word' id='word_1_48' title='bbox 873 1033 1160 1098; x_wconf 75' lang='lat' dir='ltr'><strong>Denderis,</strong></span> <span class='ocrx_word' id='word_1_49' title='bbox 1198 1036 1289 1086; x_wconf 77' lang='lat' dir='ltr'><strong>sed</strong></span> <span class='ocrx_word' id='word_1_50' title='bbox 1338 1050 1456 1088; x_wconf 85' lang='lat' dir='ltr'><strong>cum</strong></span> <span class='ocrx_word' id='word_1_51' title='bbox 1513 1032 1782 1103; x_wconf 82' lang='lat' dir='ltr'><strong>speculum</strong></span> <span class='ocrx_word' id='word_1_52' title='bbox 1831 1033 2086 1094; x_wconf 80' lang='lat' dir='ltr'><strong>intuerer,</strong></span> 
     </span>
    </p>
   </div>
   <div class='ocr_carea' id='block_1_11' title="bbox 516 1119 2086 1194">
    <p class='ocr_par' dir='ltr' id='par_1_11' title="bbox 516 1119 2086 1194">
     <span class='ocr_line' id='line_1_11' title="bbox 516 1119 2086 1194; baseline -0.004 -16"><span class='ocrx_word' id='word_1_53' title='bbox 516 1125 714 1194; x_wconf 77' lang='lat' dir='ltr'><strong>formas</strong></span> <span class='ocrx_word' id='word_1_54' title='bbox 739 1138 854 1194; x_wconf 76' lang='lat' dir='ltr'><strong>qua:</strong></span> <span class='ocrx_word' id='word_1_55' title='bbox 880 1123 935 1176; x_wconf 87' lang='lat' dir='ltr'><strong>in</strong></span> <span class='ocrx_word' id='word_1_56' title='bbox 961 1139 1018 1176; x_wconf 86' lang='lat' dir='ltr'><strong>eo</strong></span> <span class='ocrx_word' id='word_1_57' title='bbox 1035 1123 1750 1193; x_wconf 73' lang='lat' dir='ltr'><strong>reprwsentabantur,pupas</strong></span> <span class='ocrx_word' id='word_1_58' title='bbox 1776 1119 2086 1192; x_wconf 79' lang='lat' dir='ltr'><strong>appellavit.</strong></span> 
     </span>
    </p>
   </div>
   <div class='ocr_carea' id='block_1_12' title="bbox 517 1209 2089 1284">
    <p class='ocr_par' dir='ltr' id='par_1_12' title="bbox 517 1209 2089 1284">
     <span class='ocr_line' id='line_1_12' title="bbox 517 1209 2089 1284; baseline -0.002 -18"><span class='ocrx_word' id='word_1_59' title='bbox 517 1214 594 1268; x_wconf 88' lang='lat' dir='ltr'><strong>Eo</strong></span> <span class='ocrx_word' id='word_1_60' title='bbox 638 1213 912 1284; x_wconf 84' lang='lat' dir='ltr'><strong>probabili</strong></span> <span class='ocrx_word' id='word_1_61' title='bbox 960 1221 1306 1277; x_wconf 90' lang='lat' dir='ltr'><strong>commento,</strong></span> <span class='ocrx_word' id='word_1_62' title='bbox 1341 1212 1686 1282; x_wconf 81' lang='lat' dir='ltr'><strong>imperatoris</strong></span> <span class='ocrx_word' id='word_1_63' title='bbox 1730 1211 1867 1266; x_wconf 90' lang='lat' dir='ltr'><strong>iram</strong></span> <span class='ocrx_word' id='word_1_64' title='bbox 1915 1209 2089 1264; x_wconf 85' lang='lat' dir='ltr'><strong>decli-</strong></span> 
     </span>
    </p>
   </div>
   <div class='ocr_carea' id='block_1_13' title="bbox 515 1303 2084 1373">
    <p class='ocr_par' dir='ltr' id='par_1_13' title="bbox 515 1303 2084 1373">
     <span class='ocr_line' id='line_1_13' title="bbox 515 1303 2084 1373; baseline -0.004 -13"><span class='ocrx_word' id='word_1_65' title='bbox 515 1304 669 1360; x_wconf 81' lang='lat' dir='ltr'><strong>navit</strong></span> <span class='ocrx_word' id='word_1_66' title='bbox 721 1304 1078 1373; x_wconf 81' lang='lat' dir='ltr'><strong>furoremque</strong></span> <span class='ocrx_word' id='word_1_67' title='bbox 1103 1303 1282 1359; x_wconf 86' lang='lat' dir='ltr'><strong>leniit.</strong></span> <span class='ocrx_word' id='word_1_68' title='bbox 1309 1303 1445 1358; x_wconf 88' lang='lat' dir='ltr'><strong>Nam</strong></span> <span class='ocrx_word' id='word_1_69' title='bbox 1473 1319 1599 1359; x_wconf 90' lang='lat' dir='ltr'><strong>cum</strong></span> <span class='ocrx_word' id='word_1_70' title='bbox 1625 1318 1818 1358; x_wconf 90' lang='lat' dir='ltr'><strong>omnes</strong></span> <span class='ocrx_word' id='word_1_71' title='bbox 1849 1303 1901 1356; x_wconf 91' lang='lat' dir='ltr'><strong>in</strong></span> <span class='ocrx_word' id='word_1_72' title='bbox 1933 1317 2084 1356; x_wconf 87' lang='lat' dir='ltr'><strong>suam</strong></span> 
     </span>
    </p>
   </div>
   <div class='ocr_carea' id='block_1_14' title="bbox 515 1395 2084 1468">
    <p class='ocr_par' dir='ltr' id='par_1_14' title="bbox 515 1395 2084 1468">
     <span class='ocr_line' id='line_1_14' title="bbox 515 1395 2084 1468; baseline -0.004 -16"><span class='ocrx_word' id='word_1_73' title='bbox 515 1398 852 1468; x_wconf 87' lang='lat' dir='ltr'><strong>impietatem</strong></span> <span class='ocrx_word' id='word_1_74' title='bbox 895 1397 1217 1468; x_wconf 81' lang='lat' dir='ltr'><strong>pertrahere</strong></span> <span class='ocrx_word' id='word_1_75' title='bbox 1257 1400 1525 1459; x_wconf 88' lang='lat' dir='ltr'><strong>studeret,</strong></span> <span class='ocrx_word' id='word_1_76' title='bbox 1567 1409 1744 1451; x_wconf 75' lang='lat' dir='ltr'><strong>saevus</strong></span> <span class='ocrx_word' id='word_1_77' title='bbox 1791 1395 2084 1450; x_wconf 85' lang='lat' dir='ltr'><strong>admodum</strong></span> 
     </span>
    </p>
   </div>
   <div class='ocr_carea' id='block_1_15' title="bbox 513 1487 2087 1560">
    <p class='ocr_par' dir='ltr' id='par_1_15' title="bbox 513 1487 2087 1560">
     <span class='ocr_line' id='line_1_15' title="bbox 513 1487 2087 1560; baseline -0.003 -16"><span class='ocrx_word' id='word_1_78' title='bbox 513 1504 643 1560; x_wconf 86' lang='lat' dir='ltr'><strong>erga</strong></span> <span class='ocrx_word' id='word_1_79' title='bbox 676 1489 794 1558; x_wconf 93' lang='lat' dir='ltr'><strong>pios</strong></span> <span class='ocrx_word' id='word_1_80' title='bbox 828 1487 952 1553; x_wconf 91' lang='lat' dir='ltr'><strong>fuit,</strong></span> <span class='ocrx_word' id='word_1_81' title='bbox 983 1496 1038 1542; x_wconf 92' lang='lat' dir='ltr'><strong>et</strong></span> <span class='ocrx_word' id='word_1_82' title='bbox 1069 1495 1129 1541; x_wconf 90' lang='lat' dir='ltr'><strong>ut</strong></span> <span class='ocrx_word' id='word_1_83' title='bbox 1150 1487 1400 1559; x_wconf 82' lang='lat' dir='ltr'><strong>justitiae,</strong></span> <span class='ocrx_word' id='word_1_84' title='bbox 1437 1487 1518 1542; x_wconf 92' lang='lat' dir='ltr'><strong>sic</strong></span> <span class='ocrx_word' id='word_1_85' title='bbox 1545 1496 1602 1543; x_wconf 88' lang='lat' dir='ltr'><strong>et</strong></span> <span class='ocrx_word' id='word_1_86' title='bbox 1629 1487 1750 1556; x_wconf 90' lang='lat' dir='ltr'><strong>ejus</strong></span> <span class='ocrx_word' id='word_1_87' title='bbox 1777 1502 1940 1556; x_wconf 87' lang='lat' dir='ltr'><strong>quam</strong></span> <span class='ocrx_word' id='word_1_88' title='bbox 1973 1487 2087 1555; x_wconf 84' lang='lat' dir='ltr'><strong>ipse</strong></span> 
     </span>
    </p>
   </div>
   <div class='ocr_carea' id='block_1_16' title="bbox 514 1579 2086 1651">
    <p class='ocr_par' dir='ltr' id='par_1_16' title="bbox 514 1579 2086 1651">
     <span class='ocr_line' id='line_1_16' title="bbox 514 1579 2086 1651; baseline -0.001 -17"><span class='ocrx_word' id='word_1_89' title='bbox 514 1581 782 1650; x_wconf 84' lang='lat' dir='ltr'><strong>probabat</strong></span> <span class='ocrx_word' id='word_1_90' title='bbox 828 1582 1053 1651; x_wconf 86' lang='lat' dir='ltr'><strong>pietatis</strong></span> <span class='ocrx_word' id='word_1_91' title='bbox 1097 1583 1404 1636; x_wconf 89' lang='lat' dir='ltr'><strong>acerrimus</strong></span> <span class='ocrx_word' id='word_1_92' title='bbox 1451 1579 1730 1645; x_wconf 86' lang='lat' dir='ltr'><strong>defensor,</strong></span> <span class='ocrx_word' id='word_1_93' title='bbox 1775 1579 2026 1635; x_wconf 89' lang='lat' dir='ltr'><strong>subditos</strong></span> <span class='ocrx_word' id='word_1_94' title='bbox 2056 1596 2086 1633; x_wconf 90' lang='lat' dir='ltr'><strong>a</strong></span> 
     </span>
    </p>
   </div>
   <div class='ocr_carea' id='block_1_17' title="bbox 513 1670 2090 1741">
    <p class='ocr_par' dir='ltr' id='par_1_17' title="bbox 513 1670 2090 1741">
     <span class='ocr_line' id='line_1_17' title="bbox 513 1670 2090 1741; baseline 0.001 -17"><span class='ocrx_word' id='word_1_95' title='bbox 513 1672 663 1724; x_wconf 91' lang='lat' dir='ltr'><strong>cultu</strong></span> <span class='ocrx_word' id='word_1_96' title='bbox 697 1670 997 1741; x_wconf 80' lang='lat' dir='ltr'><strong>imaginum</strong></span> <span class='ocrx_word' id='word_1_97' title='bbox 1035 1671 1306 1726; x_wconf 89' lang='lat' dir='ltr'><strong>abducere</strong></span> <span class='ocrx_word' id='word_1_98' title='bbox 1343 1673 1536 1726; x_wconf 86' lang='lat' dir='ltr'><strong>insano</strong></span> <span class='ocrx_word' id='word_1_99' title='bbox 1570 1671 1756 1726; x_wconf 91' lang='lat' dir='ltr'><strong>studio</strong></span> <span class='ocrx_word' id='word_1_100' title='bbox 1787 1673 2090 1728; x_wconf 79' lang='lat' dir='ltr'><strong>contende-</strong></span> 
     </span>
    </p>
   </div>
   <div class='ocr_carea' id='block_1_18' title="bbox 514 1763 2087 1834">
    <p class='ocr_par' dir='ltr' id='par_1_18' title="bbox 514 1763 2087 1834">
     <span class='ocr_line' id='line_1_18' title="bbox 514 1763 2087 1834; baseline -0.002 -16"><span class='ocrx_word' id='word_1_101' title='bbox 514 1763 630 1828; x_wconf 87' lang='lat' dir='ltr'><strong>bat,</strong></span> <span class='ocrx_word' id='word_1_102' title='bbox 653 1778 828 1834; x_wconf 90' lang='lat' dir='ltr'><strong>eaque</strong></span> <span class='ocrx_word' id='word_1_103' title='bbox 843 1763 912 1819; x_wconf 91' lang='lat' dir='ltr'><strong>de</strong></span> <span class='ocrx_word' id='word_1_104' title='bbox 935 1780 1097 1820; x_wconf 87' lang='lat' dir='ltr'><strong>causa</strong></span> <span class='ocrx_word' id='word_1_105' title='bbox 1116 1763 1317 1817; x_wconf 89' lang='lat' dir='ltr'><strong>multos</strong></span> <span class='ocrx_word' id='word_1_106' title='bbox 1345 1763 1609 1834; x_wconf 86' lang='lat' dir='ltr'><strong>puniebat</strong></span> <span class='ocrx_word' id='word_1_107' title='bbox 1629 1782 1643 1818; x_wconf 89' lang='lat'><strong>:</strong></span> <span class='ocrx_word' id='word_1_108' title='bbox 1675 1771 1734 1817; x_wconf 93' lang='lat' dir='ltr'><strong>ut</strong></span> <span class='ocrx_word' id='word_1_109' title='bbox 1758 1777 1874 1826; x_wconf 88' lang='lat' dir='ltr'><strong>eos,</strong></span> <span class='ocrx_word' id='word_1_110' title='bbox 1895 1778 2087 1832; x_wconf 86' lang='lat' dir='ltr'><strong>quem-</strong></span> 
     </span>
    </p>
   </div>
   <div class='ocr_carea' id='block_1_19' title="bbox 515 1855 2082 1926">
    <p class='ocr_par' dir='ltr' id='par_1_19' title="bbox 515 1855 2082 1926">
     <span class='ocr_line' id='line_1_19' title="bbox 515 1855 2082 1926; baseline -0.002 -16"><span class='ocrx_word' id='word_1_111' title='bbox 515 1855 811 1911; x_wconf 83' lang='lat' dir='ltr'><strong>admodum</strong></span> <span class='ocrx_word' id='word_1_112' title='bbox 854 1857 1238 1926; x_wconf 85' lang='lat' dir='ltr'><strong>intemperanti</strong></span> <span class='ocrx_word' id='word_1_113' title='bbox 1283 1856 1466 1925; x_wconf 83' lang='lat' dir='ltr'><strong>lingua</strong></span> <span class='ocrx_word' id='word_1_114' title='bbox 1509 1855 1762 1920; x_wconf 88' lang='lat' dir='ltr'><strong>diccbat,</strong></span> <span class='ocrx_word' id='word_1_115' title='bbox 1810 1855 1878 1910; x_wconf 89' lang='lat' dir='ltr'><strong>ab</strong></span> <span class='ocrx_word' id='word_1_116' title='bbox 1911 1855 2082 1910; x_wconf 80' lang='lat' dir='ltr'><strong>idolo-</strong></span> 
     </span>
    </p>
   </div>
   <div class='ocr_carea' id='block_1_20' title="bbox 2193 654 3773 730">
    <p class='ocr_par' dir='ltr' id='par_1_20' title="bbox 2193 654 3773 730">
     <span class='ocr_line' id='line_1_20' title="bbox 2193 654 3773 730; baseline -0.003 -19"><span class='ocrx_word' id='word_1_117' title='bbox 2193 677 2282 723; x_wconf 85' lang='grc' dir='ltr'><strong>τα,</strong></span> <span class='ocrx_word' id='word_1_118' title='bbox 2312 657 2368 712; x_wconf 87' lang='grc' dir='ltr'><strong>τί</strong></span> <span class='ocrx_word' id='word_1_119' title='bbox 2396 657 2588 722; x_wconf 78' lang='grc' dir='ltr'>ταῦτα,</span> <span class='ocrx_word' id='word_1_120' title='bbox 2638 658 2800 730; x_wconf 70' lang='grc' dir='ltr'>ἤρετο</span> <span class='ocrx_word' id='word_1_121' title='bbox 2850 657 2947 726; x_wconf 79' lang='grc' dir='ltr'>τὴν</span> <span class='ocrx_word' id='word_1_122' title='bbox 3000 654 3353 727; x_wconf 77' lang='grc' dir='ltr'>βασίλισσανο</span> <span class='ocrx_word' id='word_1_123' title='bbox 3405 657 3438 726; x_wconf 84' lang='grc' dir='ltr'><strong>ἡ</strong></span> <span class='ocrx_word' id='word_1_124' title='bbox 3475 655 3532 708; x_wconf 83' lang='grc' dir='ltr'>δὲ</span> <span class='ocrx_word' id='word_1_125' title='bbox 3562 655 3773 724; x_wconf 69' lang='grc' dir='ltr'>ἀφελῶς</span> 
     </span>
    </p>
   </div>
   <div class='ocr_carea' id='block_1_21' title="bbox 2197 746 3768 822">
    <p class='ocr_par' dir='ltr' id='par_1_21' title="bbox 2197 746 3768 822">
     <span class='ocr_line' id='line_1_21' title="bbox 2197 746 3768 822; baseline -0.001 -20"><span class='ocrx_word' id='word_1_126' title='bbox 2197 768 2312 813; x_wconf 84' lang='grc' dir='ltr'><strong>πως</strong></span> <span class='ocrx_word' id='word_1_127' title='bbox 2340 749 2474 822; x_wconf 81' lang='grc' dir='ltr'>πρὸς</span> <span class='ocrx_word' id='word_1_128' title='bbox 2505 753 2680 803; x_wconf 71' lang='grc' dir='ltr'>ἐκεῖνο</span> <span class='ocrx_word' id='word_1_129' title='bbox 2728 746 2874 816; x_wconf 74' lang='grc' dir='ltr'>εἶπε,</span> <span class='ocrx_word' id='word_1_130' title='bbox 2919 749 3111 804; x_wconf 85' lang='grc' dir='ltr'>Ταῦτα</span> <span class='ocrx_word' id='word_1_131' title='bbox 3143 748 3216 802; x_wconf 83' lang='grc' dir='ltr'>τὰ</span> <span class='ocrx_word' id='word_1_132' title='bbox 3245 746 3404 802; x_wconf 77' lang='grc' dir='ltr'>καλά</span> <span class='ocrx_word' id='word_1_133' title='bbox 3439 765 3562 816; x_wconf 81' lang='grc' dir='ltr'><strong>μου</strong></span> <span class='ocrx_word' id='word_1_134' title='bbox 3589 751 3768 802; x_wconf 79' lang='grc' dir='ltr'>νινία.</span> 
     </span>
    </p>
   </div>
   <div class='ocr_carea' id='block_1_22' title="bbox 2207 839 3768 910">
    <p class='ocr_par' dir='ltr' id='par_1_22' title="bbox 2207 839 3768 910">
     <span class='ocr_line' id='line_1_22' title="bbox 2207 839 3768 910; baseline -0.004 -16"><span class='ocrx_word' id='word_1_135' title='bbox 2207 841 2444 895; x_wconf 81' lang='grc' dir='ltr'>Ἐκεῖθεν</span> <span class='ocrx_word' id='word_1_136' title='bbox 2472 841 2566 897; x_wconf 79' lang='grc' dir='ltr'><strong>οὖν</strong></span> <span class='ocrx_word' id='word_1_137' title='bbox 2598 841 2810 906; x_wconf 76' lang='grc' dir='ltr'>ἐξελθὸν</span> <span class='ocrx_word' id='word_1_138' title='bbox 2825 841 2884 894; x_wconf 76' lang='grc' dir='ltr'><strong>τὸ</strong></span> <span class='ocrx_word' id='word_1_139' title='bbox 2909 841 3232 910; x_wconf 71' lang='grc' dir='ltr'>παράιρορον</span> <span class='ocrx_word' id='word_1_140' title='bbox 3255 839 3435 892; x_wconf 79' lang='grc' dir='ltr'>ὲκεῖνο</span> <span class='ocrx_word' id='word_1_141' title='bbox 3459 839 3768 909; x_wconf 77' lang='grc' dir='ltr'>ἀνδράριον,</span> 
     </span>
    </p>
   </div>
   <div class='ocr_carea' id='block_1_23' title="bbox 2194 927 3764 1004">
    <p class='ocr_par' dir='ltr' id='par_1_23' title="bbox 2194 927 3764 1004">
     <span class='ocr_line' id='line_1_23' title="bbox 2194 927 3764 1004; baseline -0.003 -18"><span class='ocrx_word' id='word_1_142' title='bbox 2194 927 2321 1003; x_wconf 73' lang='grc' dir='ltr'>εὗρε</span> <span class='ocrx_word' id='word_1_143' title='bbox 2347 933 2438 987; x_wconf 80' lang='grc' dir='ltr'><strong>τὸν</strong></span> <span class='ocrx_word' id='word_1_144' title='bbox 2464 932 2724 1002; x_wconf 78' lang='grc' dir='ltr'>Θεόφιλον</span> <span class='ocrx_word' id='word_1_145' title='bbox 2767 930 3120 1000; x_wconf 84' lang='grc' dir='ltr'>ὲστιὼμενον.</span> <span class='ocrx_word' id='word_1_146' title='bbox 3151 931 3352 1004; x_wconf 81' lang='grc' dir='ltr'>Ἤρετο</span> <span class='ocrx_word' id='word_1_147' title='bbox 3383 929 3514 998; x_wconf 85' lang='grc' dir='ltr'>γοῦν</span> <span class='ocrx_word' id='word_1_148' title='bbox 3551 931 3582 983; x_wconf 87' lang='grc' dir='ltr'><strong>ό</strong></span> <span class='ocrx_word' id='word_1_149' title='bbox 3618 930 3764 1000; x_wconf 71' lang='grc' dir='ltr'>βασι·</span> 
     </span>
    </p>
   </div>
   <div class='ocr_carea' id='block_1_24' title="bbox 2194 1023 3768 1096">
    <p class='ocr_par' dir='ltr' id='par_1_24' title="bbox 2194 1023 3768 1096">
     <span class='ocr_line' id='line_1_24' title="bbox 2194 1023 3768 1096; baseline 0.003 -18"><span class='ocrx_word' id='word_1_150' title='bbox 2194 1025 2318 1089; x_wconf 81' lang='grc' dir='ltr'>λεὺς</span> <span class='ocrx_word' id='word_1_151' title='bbox 2371 1026 2533 1080; x_wconf 64' lang='grc' dir='ltr'>αὐτὸν</span> <span class='ocrx_word' id='word_1_152' title='bbox 2561 1025 2683 1079; x_wconf 83' lang='grc' dir='ltr'>ὅθεν</span> <span class='ocrx_word' id='word_1_153' title='bbox 2736 1025 2862 1096; x_wconf 73' lang='grc' dir='ltr'>ἥκοι</span> <span class='ocrx_word' id='word_1_154' title='bbox 2888 1041 2904 1089; x_wconf 89' lang='lat'><strong>;</strong></span> <span class='ocrx_word' id='word_1_155' title='bbox 2955 1025 3013 1078; x_wconf 88' lang='lat'><strong>&#39;0</strong></span> <span class='ocrx_word' id='word_1_156' title='bbox 3042 1024 3100 1078; x_wconf 76' lang='grc' dir='ltr'>δὲ</span> <span class='ocrx_word' id='word_1_157' title='bbox 3128 1023 3282 1094; x_wconf 74' lang='grc' dir='ltr'>παρὰ</span> <span class='ocrx_word' id='word_1_158' title='bbox 3313 1026 3378 1094; x_wconf 76' lang='grc' dir='ltr'>τῇ</span> <span class='ocrx_word' id='word_1_159' title='bbox 3411 1023 3633 1090; x_wconf 71' lang='lat' dir='ltr'><strong>Mder</strong></span> <span class='ocrx_word' id='word_1_160' title='bbox 3661 1023 3768 1091; x_wconf 61' lang='grc' dir='ltr'><strong>(ἓξ)</strong></span> 
     </span>
    </p>
   </div>
   <div class='ocr_carea' id='block_1_25' title="bbox 2197 1113 3770 1188">
    <p class='ocr_par' dir='ltr' id='par_1_25' title="bbox 2197 1113 3770 1188">
     <span class='ocr_line' id='line_1_25' title="bbox 2197 1113 3770 1188; baseline -0.003 -17"><span class='ocrx_word' id='word_1_161' title='bbox 2197 1117 2532 1188; x_wconf 78' lang='grc' dir='ltr'>πορευθῆναι</span> <span class='ocrx_word' id='word_1_162' title='bbox 2577 1117 2917 1187; x_wconf 82' lang='grc' dir='ltr'>ἀντέφησεν,</span> <span class='ocrx_word' id='word_1_163' title='bbox 2957 1114 3124 1184; x_wconf 74' lang='grc' dir='ltr'>(οὕτω</span> <span class='ocrx_word' id='word_1_164' title='bbox 3177 1113 3288 1185; x_wconf 85' lang='grc' dir='ltr'>γὰρ</span> <span class='ocrx_word' id='word_1_165' title='bbox 3315 1113 3504 1168; x_wconf 76' lang='grc' dir='ltr'>ἐκάλει</span> <span class='ocrx_word' id='word_1_166' title='bbox 3530 1115 3635 1184; x_wconf 76' lang='grc' dir='ltr'><strong>τὴν</strong></span> <span class='ocrx_word' id='word_1_167' title='bbox 3687 1113 3770 1166; x_wconf 82' lang='grc' dir='ltr'><strong>δέ-</strong></span> 
     </span>
    </p>
   </div>
   <div class='ocr_carea' id='block_1_26' title="bbox 2197 1205 3771 1280">
    <p class='ocr_par' dir='ltr' id='par_1_26' title="bbox 2197 1205 3771 1280">
     <span class='ocr_line' id='line_1_26' title="bbox 2197 1205 3771 1280; baseline -0.003 -18"><span class='ocrx_word' id='word_1_168' title='bbox 2197 1212 2446 1280; x_wconf 81' lang='grc' dir='ltr'>σποιναν)</span> <span class='ocrx_word' id='word_1_169' title='bbox 2477 1209 2621 1279; x_wconf 76' lang='grc' dir='ltr'>ἔχειν</span> <span class='ocrx_word' id='word_1_170' title='bbox 2645 1209 2813 1280; x_wconf 81' lang='grc' dir='ltr'>αὐτὴν</span> <span class='ocrx_word' id='word_1_171' title='bbox 2844 1207 3000 1276; x_wconf 73' lang='grc' dir='ltr'>ἔλεγε</span> <span class='ocrx_word' id='word_1_172' title='bbox 3043 1207 3188 1261; x_wconf 86' lang='grc' dir='ltr'>νινία</span> <span class='ocrx_word' id='word_1_173' title='bbox 3215 1207 3378 1261; x_wconf 73' lang='grc' dir='ltr'>καλά.</span> <span class='ocrx_word' id='word_1_174' title='bbox 3414 1208 3652 1269; x_wconf 79' lang='grc' dir='ltr'><strong>Εἰκόνας</strong></span> <span class='ocrx_word' id='word_1_175' title='bbox 3683 1205 3771 1258; x_wconf 71' lang='grc' dir='ltr'><strong>οὖν</strong></span> 
     </span>
    </p>
   </div>
   <div class='ocr_carea' id='block_1_27' title="bbox 2195 1301 3770 1373">
    <p class='ocr_par' dir='ltr' id='par_1_27' title="bbox 2195 1301 3770 1373">
     <span class='ocr_line' id='line_1_27' title="bbox 2195 1301 3770 1373; baseline -0.004 -16"><span class='ocrx_word' id='word_1_176' title='bbox 2195 1301 2336 1358; x_wconf 74' lang='grc' dir='ltr'>εἶναι</span> <span class='ocrx_word' id='word_1_177' title='bbox 2383 1305 2450 1358; x_wconf 80' lang='grc' dir='ltr'>τὰ</span> <span class='ocrx_word' id='word_1_178' title='bbox 2484 1304 2627 1358; x_wconf 90' lang='grc' dir='ltr'>νινία</span> <span class='ocrx_word' id='word_1_179' title='bbox 2679 1303 3030 1373; x_wconf 75' lang='grc' dir='ltr'><strong>ὑποτοπήσας</strong></span> <span class='ocrx_word' id='word_1_180' title='bbox 3062 1304 3090 1354; x_wconf 82' lang='grc' dir='ltr'>ὁ</span> <span class='ocrx_word' id='word_1_181' title='bbox 3137 1301 3400 1370; x_wconf 80' lang='grc' dir='ltr'>βασιλεὺς</span> <span class='ocrx_word' id='word_1_182' title='bbox 3447 1301 3770 1371; x_wconf 80' lang='grc' dir='ltr'>ὲξὼργιστο,</span> 
     </span>
    </p>
   </div>
   <div class='ocr_carea' id='block_1_28' title="bbox 2194 1389 3772 1468">
    <p class='ocr_par' dir='ltr' id='par_1_28' title="bbox 2194 1389 3772 1468">
     <span class='ocr_line' id='line_1_28' title="bbox 2194 1389 3772 1468; baseline -0.007 -17"><span class='ocrx_word' id='word_1_183' title='bbox 2194 1398 2291 1451; x_wconf 76' lang='grc' dir='ltr'><strong>καὶ</strong></span> <span class='ocrx_word' id='word_1_184' title='bbox 2323 1397 2459 1468; x_wconf 81' lang='grc' dir='ltr'>πρὸς</span> <span class='ocrx_word' id='word_1_185' title='bbox 2488 1399 2586 1466; x_wconf 71' lang='grc' dir='ltr'><strong>τὴν</strong></span> <span class='ocrx_word' id='word_1_186' title='bbox 2636 1395 2880 1466; x_wconf 82' lang='grc' dir='ltr'>βασιλίδα</span> <span class='ocrx_word' id='word_1_187' title='bbox 2908 1392 3204 1466; x_wconf 79' lang='grc' dir='ltr'>πορεύεται</span> <span class='ocrx_word' id='word_1_188' title='bbox 3237 1393 3418 1446; x_wconf 84' lang='grc' dir='ltr'>πνέων</span> <span class='ocrx_word' id='word_1_189' title='bbox 3451 1389 3654 1461; x_wconf 81' lang='grc' dir='ltr'>θυμοῦ,</span> <span class='ocrx_word' id='word_1_190' title='bbox 3683 1393 3772 1442; x_wconf 72' lang='grc' dir='ltr'><strong>καὶ</strong></span> 
     </span>
    </p>
   </div>
   <div class='ocr_carea' id='block_1_29' title="bbox 2196 1480 3772 1561">
    <p class='ocr_par' dir='ltr' id='par_1_29' title="bbox 2196 1480 3772 1561">
     <span class='ocr_line' id='line_1_29' title="bbox 2196 1480 3772 1561; baseline -0.008 -18"><span class='ocrx_word' id='word_1_191' title='bbox 2196 1490 2384 1561; x_wconf 77' lang='grc' dir='ltr'>ὕϐρεις</span> <span class='ocrx_word' id='word_1_192' title='bbox 2417 1490 2680 1559; x_wconf 76' lang='grc' dir='ltr'><strong>κατέχεεν</strong></span> <span class='ocrx_word' id='word_1_193' title='bbox 2706 1488 2945 1556; x_wconf 80' lang='grc' dir='ltr'>ἐκείνης.</span> <span class='ocrx_word' id='word_1_194' title='bbox 2966 1486 3060 1540; x_wconf 83' lang='grc' dir='ltr'><strong>καὶ</strong></span> <span class='ocrx_word' id='word_1_195' title='bbox 3083 1482 3466 1552; x_wconf 85' lang='grc' dir='ltr'>είδωλολάτριν</span> <span class='ocrx_word' id='word_1_196' title='bbox 3497 1480 3772 1550; x_wconf 73' lang='grc' dir='ltr'>ὠνόμαζε,</span> 
     </span>
    </p>
   </div>
   <div class='ocr_carea' id='block_1_30' title="bbox 2192 1573 3774 1652">
    <p class='ocr_par' dir='ltr' id='par_1_30' title="bbox 2192 1573 3774 1652">
     <span class='ocr_line' id='line_1_30' title="bbox 2192 1573 3774 1652; baseline -0.009 -16"><span class='ocrx_word' id='word_1_197' title='bbox 2192 1584 2262 1636; x_wconf 79' lang='grc' dir='ltr'>τὰ</span> <span class='ocrx_word' id='word_1_198' title='bbox 2292 1582 2559 1652; x_wconf 81' lang='grc' dir='ltr'><strong>εἰρημένα</strong></span> <span class='ocrx_word' id='word_1_199' title='bbox 2595 1579 2750 1650; x_wconf 71' lang='grc' dir='ltr'>παρὰ</span> <span class='ocrx_word' id='word_1_200' title='bbox 2781 1578 2873 1633; x_wconf 82' lang='grc' dir='ltr'><strong>τού</strong></span> <span class='ocrx_word' id='word_1_201' title='bbox 2905 1577 3124 1648; x_wconf 82' lang='grc' dir='ltr'>Δένδερι</span> <span class='ocrx_word' id='word_1_202' title='bbox 3173 1573 3539 1642; x_wconf 80' lang='grc' dir='ltr'>διηγούμενος</span> <span class='ocrx_word' id='word_1_203' title='bbox 3565 1587 3580 1602; x_wconf 79' lang='grc'><strong><em>⁸</em></strong></span> <span class='ocrx_word' id='word_1_204' title='bbox 3635 1589 3774 1624; x_wconf 73' lang='grc' dir='ltr'>ουτω</span> 
     </span>
    </p>
   </div>
   <div class='ocr_carea' id='block_1_31' title="bbox 2195 1665 3770 1746">
    <p class='ocr_par' dir='ltr' id='par_1_31' title="bbox 2195 1665 3770 1746">
     <span class='ocr_line' id='line_1_31' title="bbox 2195 1665 3770 1746; baseline -0.009 -18"><span class='ocrx_word' id='word_1_205' title='bbox 2195 1677 2303 1746; x_wconf 73' lang='grc' dir='ltr'>γὰρ</span> <span class='ocrx_word' id='word_1_206' title='bbox 2331 1675 2391 1728; x_wconf 78' lang='grc' dir='ltr'>τὸ</span> <span class='ocrx_word' id='word_1_207' title='bbox 2419 1672 2919 1744; x_wconf 81' lang='grc' dir='ltr'>παρακεκομμένον</span> <span class='ocrx_word' id='word_1_208' title='bbox 2943 1672 3122 1724; x_wconf 79' lang='grc' dir='ltr'>ἐκεῖνο</span> <span class='ocrx_word' id='word_1_209' title='bbox 3151 1669 3401 1722; x_wconf 74' lang='grc' dir='ltr'>ἐκαλεῖτο</span> <span class='ocrx_word' id='word_1_210' title='bbox 3434 1665 3770 1736; x_wconf 78' lang='grc' dir='ltr'>ἀνθρώπιον.</span> 
     </span>
    </p>
   </div>
   <div class='ocr_carea' id='block_1_32' title="bbox 2209 1755 3775 1833">
    <p class='ocr_par' dir='ltr' id='par_1_32' title="bbox 2209 1755 3775 1833">
     <span class='ocr_line' id='line_1_32' title="bbox 2209 1755 3775 1833; baseline -0.008 -13"><span class='ocrx_word' id='word_1_211' title='bbox 2209 1769 2272 1820; x_wconf 86' lang='grc' dir='ltr'><strong>Ἡ</strong></span> <span class='ocrx_word' id='word_1_212' title='bbox 2311 1765 2366 1818; x_wconf 81' lang='grc' dir='ltr'>δὲ</span> <span class='ocrx_word' id='word_1_213' title='bbox 2392 1765 2571 1830; x_wconf 64' lang='grc' dir='ltr'>σοψῶς</span> <span class='ocrx_word' id='word_1_214' title='bbox 2603 1765 2694 1817; x_wconf 82' lang='grc' dir='ltr'>τὸν</span> <span class='ocrx_word' id='word_1_215' title='bbox 2725 1763 2895 1833; x_wconf 82' lang='grc' dir='ltr'>ἄνδρα</span> <span class='ocrx_word' id='word_1_216' title='bbox 2925 1760 3327 1828; x_wconf 78' lang='grc' dir='ltr'>κατεσοφίσατο</span> <span class='ocrx_word' id='word_1_217' title='bbox 3349 1775 3362 1789; x_wconf 88' lang='grc'>·</span> <span class='ocrx_word' id='word_1_218' title='bbox 3399 1759 3483 1811; x_wconf 80' lang='grc' dir='ltr'><strong>οὐ</strong></span> <span class='ocrx_word' id='word_1_219' title='bbox 3534 1755 3648 1825; x_wconf 74' lang='grc' dir='ltr'>γὰρ</span> <span class='ocrx_word' id='word_1_220' title='bbox 3695 1757 3775 1808; x_wconf 77' lang='lat' dir='ltr'><strong>el-</strong></span> 
     </span>
    </p>
   </div>
   <div class='ocr_carea' id='block_1_33' title="bbox 2195 1849 3776 1924">
    <p class='ocr_par' dir='ltr' id='par_1_33' title="bbox 2195 1849 3776 1924">
     <span class='ocr_line' id='line_1_33' title="bbox 2195 1849 3776 1924; baseline -0.009 -9"><span class='ocrx_word' id='word_1_221' title='bbox 2195 1863 2378 1924; x_wconf 74' lang='grc' dir='ltr'>κὸγας</span> <span class='ocrx_word' id='word_1_222' title='bbox 2392 1855 2554 1912; x_wconf 72' lang='grc' dir='ltr'>εἶδεν</span> <span class='ocrx_word' id='word_1_223' title='bbox 2583 1861 2615 1910; x_wconf 91' lang='lat' dir='ltr'><strong>o&#39;</strong></span> <span class='ocrx_word' id='word_1_224' title='bbox 2637 1855 2928 1922; x_wconf 75' lang='grc' dir='ltr'>Δένδερις,</span> <span class='ocrx_word' id='word_1_225' title='bbox 2945 1853 3158 1920; x_wconf 72' lang='grc' dir='ltr'>ἔλεγεν,</span> <span class='ocrx_word' id='word_1_226' title='bbox 3175 1851 3335 1907; x_wconf 69' lang='grc' dir='ltr'><em>ἀλλὰ</em></span> <span class='ocrx_word' id='word_1_227' title='bbox 3361 1849 3442 1915; x_wconf 86' lang='grc' dir='ltr'>τῷ</span> <span class='ocrx_word' id='word_1_228' title='bbox 3466 1851 3776 1914; x_wconf 78' lang='grc' dir='ltr'><strong>κατόπτρῳ</strong></span> 
     </span>
    </p>
   </div>
   <div class='ocr_carea' id='block_1_34' title="bbox 514 1925 2084 2022">
    <p class='ocr_par' dir='ltr' id='par_1_34' title="bbox 514 1947 2081 2020">
     <span class='ocr_line' id='line_1_34' title="bbox 514 1947 2081 2020; baseline 0.003 -21"><span class='ocrx_word' id='word_1_229' title='bbox 514 1947 695 2001; x_wconf 88' lang='lat' dir='ltr'><strong>mania</strong></span> <span class='ocrx_word' id='word_1_230' title='bbox 747 1947 1083 2020; x_wconf 70' lang='lat' dir='ltr'><strong>depelleret,</strong></span> <span class='ocrx_word' id='word_1_231' title='bbox 1147 1963 1211 2002; x_wconf 92' lang='lat' dir='ltr'><strong>ac</strong></span> <span class='ocrx_word' id='word_1_232' title='bbox 1266 1949 1466 2002; x_wconf 89' lang='lat' dir='ltr'><strong>multos</strong></span> <span class='ocrx_word' id='word_1_233' title='bbox 1525 1949 1874 2004; x_wconf 85' lang='lat' dir='ltr'><strong>confessores</strong></span> <span class='ocrx_word' id='word_1_234' title='bbox 1928 1949 2081 2005; x_wconf 90' lang='lat' dir='ltr'><strong>fecit.</strong></span> 
     </span>
    </p>
   </div>
   <div class='ocr_carea' id='block_1_35' title="bbox 2190 1925 3772 2022">
    <p class='ocr_par' dir='ltr' id='par_1_35' title="bbox 2190 1942 3772 2022">
     <span class='ocr_line' id='line_1_35' title="bbox 2190 1942 3772 2022; baseline -0.01 -15"><span class='ocrx_word' id='word_1_235' title='bbox 2190 1971 2303 2022; x_wconf 85' lang='grc' dir='ltr'><strong>μου</strong></span> <span class='ocrx_word' id='word_1_236' title='bbox 2333 1949 2808 2014; x_wconf 74' lang='grc' dir='ltr'>ἑνατενιζόύσης,</span> <span class='ocrx_word' id='word_1_237' title='bbox 2849 1947 2952 2012; x_wconf 80' lang='grc' dir='ltr'>τὰς</span> <span class='ocrx_word' id='word_1_238' title='bbox 2981 1945 3209 2000; x_wconf 79' lang='grc' dir='ltr'>ἐκεῖθεν</span> <span class='ocrx_word' id='word_1_239' title='bbox 3233 1942 3772 2008; x_wconf 74' lang='grc' dir='ltr'>ἀντανακλωμένας</span> 
     </span>
    </p>
   </div>
   <div class='ocr_carea' id='block_1_36' title="bbox 511 2032 2080 2106">
    <p class='ocr_par' dir='ltr' id='par_1_36' title="bbox 511 2032 2080 2106">
     <span class='ocr_line' id='line_1_36' title="bbox 511 2032 2080 2106; baseline 0.004 -21"><span class='ocrx_word' id='word_1_240' title='bbox 511 2032 778 2088; x_wconf 83' lang='lat' dir='ltr'><strong>Joannem</strong></span> <span class='ocrx_word' id='word_1_241' title='bbox 833 2033 1178 2104; x_wconf 76' lang='lat' dir='ltr'><strong>Syncellum,</strong></span> <span class='ocrx_word' id='word_1_242' title='bbox 1229 2050 1339 2106; x_wconf 89' lang='lat' dir='ltr'><strong>quo</strong></span> <span class='ocrx_word' id='word_1_243' title='bbox 1391 2036 1650 2104; x_wconf 84' lang='lat' dir='ltr'><strong>magistro</strong></span> <span class='ocrx_word' id='word_1_244' title='bbox 1697 2053 1832 2094; x_wconf 76' lang='lat' dir='ltr'><strong>usus</strong></span> <span class='ocrx_word' id='word_1_245' title='bbox 1879 2038 2080 2105; x_wconf 82' lang='lat' dir='ltr'><strong>fuerat,</strong></span> 
     </span>
    </p>
   </div>
   <div class='ocr_carea' id='block_1_37' title="bbox 513 2123 2083 2200">
    <p class='ocr_par' dir='ltr' id='par_1_37' title="bbox 513 2123 2083 2200">
     <span class='ocr_line' id='line_1_37' title="bbox 513 2123 2083 2200; baseline 0.004 -22"><span class='ocrx_word' id='word_1_246' title='bbox 513 2123 812 2194; x_wconf 86' lang='lat' dir='ltr'><strong>impietatis</strong></span> <span class='ocrx_word' id='word_1_247' title='bbox 862 2139 974 2180; x_wconf 85' lang='lat' dir='ltr'><strong>suae</strong></span> <span class='ocrx_word' id='word_1_248' title='bbox 1023 2127 1271 2192; x_wconf 87' lang='lat' dir='ltr'><strong>socium,</strong></span> <span class='ocrx_word' id='word_1_249' title='bbox 1323 2127 1480 2200; x_wconf 60' lang='lat'><strong>145</strong></span> <span class='ocrx_word' id='word_1_250' title='bbox 1518 2131 1586 2184; x_wconf 90' lang='lat' dir='ltr'><strong>ad</strong></span> <span class='ocrx_word' id='word_1_251' title='bbox 1630 2131 1909 2200; x_wconf 77' lang='lat' dir='ltr'><strong>Agarenos</strong></span> <span class='ocrx_word' id='word_1_252' title='bbox 1957 2147 2083 2186; x_wconf 90' lang='lat' dir='ltr'><strong>cum</strong></span> 
     </span>
    </p>
   </div>
   <div class='ocr_carea' id='block_1_38' title="bbox 513 2214 2084 2288">
    <p class='ocr_par' dir='ltr' id='par_1_38' title="bbox 513 2214 2084 2288">
     <span class='ocr_line' id='line_1_38' title="bbox 513 2214 2084 2288; baseline 0.004 -21"><span class='ocrx_word' id='word_1_253' title='bbox 513 2214 765 2271; x_wconf 79' lang='lat' dir='ltr'><strong>maximis</strong></span> <span class='ocrx_word' id='word_1_254' title='bbox 791 2215 985 2284; x_wconf 89' lang='lat' dir='ltr'><strong>opibus</strong></span> <span class='ocrx_word' id='word_1_255' title='bbox 1023 2216 1318 2288; x_wconf 79' lang='lat' dir='ltr'><strong>ablegavit,</strong></span> <span class='ocrx_word' id='word_1_256' title='bbox 1349 2220 1565 2288; x_wconf 84' lang='lat' dir='ltr'><strong>imperii</strong></span> <span class='ocrx_word' id='word_1_257' title='bbox 1599 2219 1830 2274; x_wconf 84' lang='lat' dir='ltr'><strong>Romani</strong></span> <span class='ocrx_word' id='word_1_258' title='bbox 1863 2220 2084 2275; x_wconf 87' lang='lat' dir='ltr'><strong>divitias</strong></span> 
     </span>
    </p>
   </div>
   <div class='ocr_carea' id='block_1_39' title="bbox 511 2311 2083 2382">
    <p class='ocr_par' dir='ltr' id='par_1_39' title="bbox 511 2311 2083 2382">
     <span class='ocr_line' id='line_1_39' title="bbox 511 2311 2083 2382; baseline 0.004 -21"><span class='ocrx_word' id='word_1_259' title='bbox 511 2315 926 2372; x_wconf 83' lang='lat' dir='ltr'><strong>ostentaturus,</strong></span> <span class='ocrx_word' id='word_1_260' title='bbox 969 2325 1203 2380; x_wconf 89' lang='lat' dir='ltr'><strong>quarum</strong></span> <span class='ocrx_word' id='word_1_261' title='bbox 1261 2311 1556 2366; x_wconf 90' lang='lat' dir='ltr'><strong>nonnullas</strong></span> <span class='ocrx_word' id='word_1_262' title='bbox 1604 2328 1795 2368; x_wconf 81' lang='lat' dir='ltr'><strong>eorum</strong></span> <span class='ocrx_word' id='word_1_263' title='bbox 1847 2313 2083 2382; x_wconf 85' lang='lat' dir='ltr'><strong>principi</strong></span> 
     </span>
    </p>
   </div>
   <div class='ocr_carea' id='block_1_40' title="bbox 512 2399 2085 2466">
    <p class='ocr_par' dir='ltr' id='par_1_40' title="bbox 512 2399 2085 2466">
     <span class='ocr_line' id='line_1_40' title="bbox 512 2399 2085 2466; baseline 0.003 -13"><span class='ocrx_word' id='word_1_264' title='bbox 512 2401 659 2453; x_wconf 87' lang='lat' dir='ltr'><strong>dono</strong></span> <span class='ocrx_word' id='word_1_265' title='bbox 693 2399 861 2466; x_wconf 85' lang='lat' dir='ltr'><strong>misit,</strong></span> <span class='ocrx_word' id='word_1_266' title='bbox 887 2401 1180 2456; x_wconf 88' lang='lat' dir='ltr'><strong>nonnullas</strong></span> <span class='ocrx_word' id='word_1_267' title='bbox 1211 2403 1408 2458; x_wconf 92' lang='lat' dir='ltr'><strong>Joanni</strong></span> <span class='ocrx_word' id='word_1_268' title='bbox 1445 2405 1513 2460; x_wconf 89' lang='lat' dir='ltr'><strong>ad</strong></span> <span class='ocrx_word' id='word_1_269' title='bbox 1546 2405 1916 2459; x_wconf 88' lang='lat' dir='ltr'><strong>ministerium</strong></span> <span class='ocrx_word' id='word_1_270' title='bbox 1942 2406 2085 2459; x_wconf 88' lang='lat' dir='ltr'><strong>assi-</strong></span> 
     </span>
    </p>
   </div>
   <div class='ocr_carea' id='block_1_41' title="bbox 511 2490 2082 2565">
    <p class='ocr_par' dir='ltr' id='par_1_41' title="bbox 511 2490 2082 2565">
     <span class='ocr_line' id='line_1_41' title="bbox 511 2490 2082 2565; baseline 0.005 -22"><span class='ocrx_word' id='word_1_271' title='bbox 511 2490 732 2560; x_wconf 86' lang='lat' dir='ltr'><strong>gnavit,</strong></span> <span class='ocrx_word' id='word_1_272' title='bbox 788 2491 932 2548; x_wconf 87' lang='lat' dir='ltr'><strong>inter</strong></span> <span class='ocrx_word' id='word_1_273' title='bbox 974 2507 1112 2560; x_wconf 90' lang='lat' dir='ltr'><strong>quas</strong></span> <span class='ocrx_word' id='word_1_274' title='bbox 1161 2492 1272 2548; x_wconf 91' lang='lat' dir='ltr'><strong>duo</strong></span> <span class='ocrx_word' id='word_1_275' title='bbox 1317 2509 1538 2565; x_wconf 88' lang='lat' dir='ltr'><strong>quoque</strong></span> <span class='ocrx_word' id='word_1_276' title='bbox 1587 2495 1845 2551; x_wconf 86' lang='lat' dir='ltr'><strong>malluvia</strong></span> <span class='ocrx_word' id='word_1_277' title='bbox 1895 2512 2082 2560; x_wconf 89' lang='lat' dir='ltr'><strong>aurea,</strong></span> 
     </span>
    </p>
   </div>
   <div class='ocr_carea' id='block_1_42' title="bbox 510 2581 2084 2660">
    <p class='ocr_par' dir='ltr' id='par_1_42' title="bbox 510 2581 2084 2660">
     <span class='ocr_line' id='line_1_42' title="bbox 510 2581 2084 2660; baseline 0.006 -25"><span class='ocrx_word' id='word_1_278' title='bbox 510 2581 744 2651; x_wconf 85' lang='lat' dir='ltr'><strong>gemmis</strong></span> <span class='ocrx_word' id='word_1_279' title='bbox 769 2582 1032 2639; x_wconf 89' lang='lat' dir='ltr'><strong>distincta</strong></span> <span class='ocrx_word' id='word_1_280' title='bbox 1058 2583 1303 2650; x_wconf 87' lang='lat' dir='ltr'><strong>fuerunt,</strong></span> <span class='ocrx_word' id='word_1_281' title='bbox 1333 2587 1622 2656; x_wconf 69' lang='lat' dir='ltr'><strong>exquisitae</strong></span> <span class='ocrx_word' id='word_1_282' title='bbox 1650 2588 1786 2644; x_wconf 89' lang='lat' dir='ltr'><strong>artis</strong></span> <span class='ocrx_word' id='word_1_283' title='bbox 1810 2589 2084 2660; x_wconf 78' lang='lat' dir='ltr'><strong>elegantia</strong></span> 
     </span>
    </p>
   </div>
   <div class='ocr_carea' id='block_1_43' title="bbox 511 2669 2084 2752">
    <p class='ocr_par' dir='ltr' id='par_1_43' title="bbox 511 2669 2084 2752">
     <span class='ocr_line' id='line_1_43' title="bbox 511 2669 2084 2752; baseline 0.009 -28"><span class='ocrx_word' id='word_1_284' title='bbox 511 2675 809 2738; x_wconf 88' lang='lat' dir='ltr'><strong>adornata,</strong></span> <span class='ocrx_word' id='word_1_285' title='bbox 860 2669 1170 2747; x_wconf 64' lang='lat' dir='ltr'><strong>praeterque</strong></span> <span class='ocrx_word' id='word_1_286' title='bbox 1222 2685 1419 2732; x_wconf 55' lang='lat' dir='ltr'><strong>extera</strong></span> <span class='ocrx_word' id='word_1_287' title='bbox 1466 2681 1652 2735; x_wconf 90' lang='lat' dir='ltr'><strong>omnia</strong></span> <span class='ocrx_word' id='word_1_288' title='bbox 1707 2682 1906 2752; x_wconf 85' lang='lat' dir='ltr'><strong>signati</strong></span> <span class='ocrx_word' id='word_1_289' title='bbox 1964 2683 2084 2738; x_wconf 89' lang='lat' dir='ltr'><strong>auri</strong></span> 
     </span>
    </p>
   </div>
   <div class='ocr_carea' id='block_1_44' title="bbox 511 2765 2084 2842">
    <p class='ocr_par' dir='ltr' id='par_1_44' title="bbox 511 2765 2084 2842">
     <span class='ocr_line' id='line_1_44' title="bbox 511 2765 2084 2842; baseline 0.004 -21"><span class='ocrx_word' id='word_1_290' title='bbox 511 2765 862 2822; x_wconf 86' lang='lat' dir='ltr'><strong>centenarios</strong></span> <span class='ocrx_word' id='word_1_291' title='bbox 901 2767 1264 2839; x_wconf 78' lang='lat' dir='ltr'><strong>quadraginta</strong></span> <span class='ocrx_word' id='word_1_292' title='bbox 1306 2769 1358 2824; x_wconf 88' lang='lat' dir='ltr'><strong>ei</strong></span> <span class='ocrx_word' id='word_1_293' title='bbox 1401 2771 1618 2827; x_wconf 86' lang='lat' dir='ltr'><strong>dedisse</strong></span> <span class='ocrx_word' id='word_1_294' title='bbox 1647 2773 1992 2842; x_wconf 89' lang='lat' dir='ltr'><strong>perhibetur,</strong></span> <span class='ocrx_word' id='word_1_295' title='bbox 2025 2785 2084 2828; x_wconf 83' lang='lat' dir='ltr'><strong>ut</strong></span> 
     </span>
    </p>
   </div>
   <div class='ocr_carea' id='block_1_45' title="bbox 508 2855 2085 2936">
    <p class='ocr_par' dir='ltr' id='par_1_45' title="bbox 508 2855 2085 2936">
     <span class='ocr_line' id='line_1_45' title="bbox 508 2855 2085 2936; baseline 0.006 -25"><span class='ocrx_word' id='word_1_296' title='bbox 508 2855 785 2928; x_wconf 86' lang='lat' dir='ltr'><strong>Agarenos</strong></span> <span class='ocrx_word' id='word_1_297' title='bbox 825 2874 965 2929; x_wconf 88' lang='lat' dir='ltr'><strong>quos</strong></span> <span class='ocrx_word' id='word_1_298' title='bbox 1007 2861 1174 2916; x_wconf 86' lang='lat' dir='ltr'><strong>vellet</strong></span> <span class='ocrx_word' id='word_1_299' title='bbox 1227 2861 1536 2919; x_wconf 87' lang='lat' dir='ltr'><strong>liberaliter</strong></span> <span class='ocrx_word' id='word_1_300' title='bbox 1564 2875 1621 2920; x_wconf 89' lang='lat' dir='ltr'><strong>et</strong></span> <span class='ocrx_word' id='word_1_301' title='bbox 1658 2864 1948 2936; x_wconf 75' lang='lat' dir='ltr'><strong>magnifice</strong></span> <span class='ocrx_word' id='word_1_302' title='bbox 1983 2867 2085 2920; x_wconf 92' lang='lat' dir='ltr'><strong>do-</strong></span> 
     </span>
    </p>
   </div>
   <div class='ocr_carea' id='block_1_46' title="bbox 509 2949 2086 3026">
    <p class='ocr_par' dir='ltr' id='par_1_46' title="bbox 509 2949 2086 3026">
     <span class='ocr_line' id='line_1_46' title="bbox 509 2949 2086 3026; baseline 0.005 -25"><span class='ocrx_word' id='word_1_303' title='bbox 509 2955 690 3014; x_wconf 85' lang='lat' dir='ltr'><strong>naret,</strong></span> <span class='ocrx_word' id='word_1_304' title='bbox 719 2949 901 3019; x_wconf 88' lang='lat' dir='ltr'><strong>itaque</strong></span> <span class='ocrx_word' id='word_1_305' title='bbox 931 2953 1266 3020; x_wconf 87' lang='lat' dir='ltr'><strong>percelleret</strong></span> <span class='ocrx_word' id='word_1_306' title='bbox 1297 2953 1592 3021; x_wconf 87' lang='lat' dir='ltr'><strong>Barbaros,</strong></span> <span class='ocrx_word' id='word_1_307' title='bbox 1625 2955 1719 3026; x_wconf 91' lang='lat' dir='ltr'><strong>qui</strong></span> <span class='ocrx_word' id='word_1_308' title='bbox 1753 2971 1878 3012; x_wconf 88' lang='lat' dir='ltr'><strong>cum</strong></span> <span class='ocrx_word' id='word_1_309' title='bbox 1905 2964 2086 3011; x_wconf 88' lang='lat' dir='ltr'><strong>tantas</strong></span> 
     </span>
    </p>
   </div>
   <div class='ocr_carea' id='block_1_47' title="bbox 511 3040 2084 3118">
    <p class='ocr_par' dir='ltr' id='par_1_47' title="bbox 511 3040 2084 3118">
     <span class='ocr_line' id='line_1_47' title="bbox 511 3040 2084 3118; baseline 0.006 -27"><span class='ocrx_word' id='word_1_310' title='bbox 511 3051 648 3108; x_wconf 87' lang='lat' dir='ltr'><strong>opes</strong></span> <span class='ocrx_word' id='word_1_311' title='bbox 671 3040 1048 3097; x_wconf 84' lang='lat' dir='ltr'><strong>ministrorum</strong></span> <span class='ocrx_word' id='word_1_312' title='bbox 1071 3043 1424 3114; x_wconf 87' lang='lat' dir='ltr'><strong>imperatoris</strong></span> <span class='ocrx_word' id='word_1_313' title='bbox 1445 3062 1564 3102; x_wconf 88' lang='lat' dir='ltr'><strong>esse</strong></span> <span class='ocrx_word' id='word_1_314' title='bbox 1589 3056 1905 3112; x_wconf 89' lang='lat' dir='ltr'><strong>cernerent,</strong></span> <span class='ocrx_word' id='word_1_315' title='bbox 1934 3047 2084 3118; x_wconf 89' lang='lat' dir='ltr'><strong>cogi-</strong></span> 
     </span>
    </p>
   </div>
   <div class='ocr_carea' id='block_1_48' title="bbox 512 3133 2084 3210">
    <p class='ocr_par' dir='ltr' id='par_1_48' title="bbox 512 3133 2084 3210">
     <span class='ocr_line' id='line_1_48' title="bbox 512 3133 2084 3210; baseline 0.006 -27"><span class='ocrx_word' id='word_1_316' title='bbox 512 3139 712 3195; x_wconf 87' lang='lat' dir='ltr'><strong>tarent,</strong></span> <span class='ocrx_word' id='word_1_317' title='bbox 759 3133 981 3202; x_wconf 87' lang='lat' dir='ltr'><strong>quantis</strong></span> <span class='ocrx_word' id='word_1_318' title='bbox 1023 3133 1141 3204; x_wconf 88' lang='lat' dir='ltr'><strong>ipse</strong></span> <span class='ocrx_word' id='word_1_319' title='bbox 1173 3135 1384 3191; x_wconf 86' lang='lat' dir='ltr'><strong>divitiis</strong></span> <span class='ocrx_word' id='word_1_320' title='bbox 1416 3139 1708 3208; x_wconf 77' lang='lat' dir='ltr'><strong>potiretur.</strong></span> <span class='ocrx_word' id='word_1_321' title='bbox 1743 3139 1794 3194; x_wconf 88' lang='lat' dir='ltr'><strong>Is</strong></span> <span class='ocrx_word' id='word_1_322' title='bbox 1829 3139 1998 3210; x_wconf 78' lang='lat' dir='ltr'><strong>igitur</strong></span> <span class='ocrx_word' id='word_1_323' title='bbox 2026 3139 2084 3193; x_wconf 92' lang='lat' dir='ltr'><strong>in</strong></span> 
     </span>
    </p>
   </div>
   <div class='ocr_carea' id='block_1_49' title="bbox 2188 2029 3775 2110">
    <p class='ocr_par' dir='ltr' id='par_1_49' title="bbox 2188 2029 3775 2110">
     <span class='ocr_line' id='line_1_49' title="bbox 2188 2029 3775 2110; baseline -0.011 -12"><span class='ocrx_word' id='word_1_324' title='bbox 2188 2043 2337 2110; x_wconf 84' lang='grc' dir='ltr'>ἐώρα</span> <span class='ocrx_word' id='word_1_325' title='bbox 2354 2043 2610 2110; x_wconf 55' lang='grc' dir='ltr'>μορφὰς.</span> <span class='ocrx_word' id='word_1_326' title='bbox 2648 2039 2746 2092; x_wconf 82' lang='grc' dir='ltr'>καὶ</span> <span class='ocrx_word' id='word_1_327' title='bbox 2783 2039 3004 2103; x_wconf 83' lang='grc' dir='ltr'>ταύτας</span> <span class='ocrx_word' id='word_1_328' title='bbox 3035 2037 3201 2090; x_wconf 72' lang='grc' dir='ltr'>νινία</span> <span class='ocrx_word' id='word_1_329' title='bbox 3228 2034 3570 2102; x_wconf 77' lang='grc' dir='ltr'>ὠνόμασεν.</span> <span class='ocrx_word' id='word_1_330' title='bbox 3621 2029 3775 2084; x_wconf 77' lang='grc' dir='ltr'>Οὕτω</span> 
     </span>
    </p>
   </div>
   <div class='ocr_carea' id='block_1_50' title="bbox 2189 2119 3772 2195">
    <p class='ocr_par' dir='ltr' id='par_1_50' title="bbox 2189 2119 3772 2195">
     <span class='ocr_line' id='line_1_50' title="bbox 2189 2119 3772 2195; baseline -0.008 -10"><span class='ocrx_word' id='word_1_331' title='bbox 2189 2132 2431 2192; x_wconf 78' lang='grc' dir='ltr'><strong>πιθανῶς</strong></span> <span class='ocrx_word' id='word_1_332' title='bbox 2471 2129 2561 2182; x_wconf 79' lang='grc' dir='ltr'><strong>τὸν</strong></span> <span class='ocrx_word' id='word_1_333' title='bbox 2593 2128 2752 2195; x_wconf 82' lang='grc' dir='ltr'>λόγον</span> <span class='ocrx_word' id='word_1_334' title='bbox 2789 2125 3184 2195; x_wconf 80' lang='grc' dir='ltr'>συμπλάσασα,</span> <span class='ocrx_word' id='word_1_335' title='bbox 3217 2124 3317 2194; x_wconf 82' lang='grc' dir='ltr'><strong>τὴν</strong></span> <span class='ocrx_word' id='word_1_336' title='bbox 3346 2122 3523 2192; x_wconf 81' lang='grc' dir='ltr'>ὀργὴν</span> <span class='ocrx_word' id='word_1_337' title='bbox 3552 2120 3652 2174; x_wconf 77' lang='grc' dir='ltr'>τοῦ</span> <span class='ocrx_word' id='word_1_338' title='bbox 3691 2119 3772 2188; x_wconf 70' lang='grc' dir='ltr'><strong>βαι</strong></span> 
     </span>
    </p>
   </div>
   <div class='ocr_carea' id='block_1_51' title="bbox 2190 2209 3775 2290">
    <p class='ocr_par' dir='ltr' id='par_1_51' title="bbox 2190 2209 3775 2290">
     <span class='ocr_line' id='line_1_51' title="bbox 2190 2209 3775 2290; baseline -0.009 -12"><span class='ocrx_word' id='word_1_339' title='bbox 2190 2223 2377 2286; x_wconf 83' lang='grc' dir='ltr'>σιλέως</span> <span class='ocrx_word' id='word_1_340' title='bbox 2398 2219 2660 2290; x_wconf 75' lang='grc' dir='ltr'>ἐμάλαξε,</span> <span class='ocrx_word' id='word_1_341' title='bbox 2695 2219 2787 2272; x_wconf 71' lang='grc' dir='ltr'><strong>καὶ</strong></span> <span class='ocrx_word' id='word_1_342' title='bbox 2817 2218 2908 2271; x_wconf 79' lang='grc' dir='ltr'><strong>τὸν</strong></span> <span class='ocrx_word' id='word_1_343' title='bbox 2933 2216 3108 2286; x_wconf 74' lang='grc' dir='ltr'>θυμὸν</span> <span class='ocrx_word' id='word_1_344' title='bbox 3129 2215 3551 2285; x_wconf 78' lang='grc' dir='ltr'>κατεστόρεσεν.</span> <span class='ocrx_word' id='word_1_345' title='bbox 3583 2209 3694 2266; x_wconf 87' lang='grc' dir='ltr'>Ἧν</span> <span class='ocrx_word' id='word_1_346' title='bbox 3721 2210 3775 2264; x_wconf 72' lang='grc' dir='ltr'>δὲ</span> 
     </span>
    </p>
   </div>
   <div class='ocr_carea' id='block_1_52' title="bbox 2186 2303 3773 2377">
    <p class='ocr_par' dir='ltr' id='par_1_52' title="bbox 2186 2303 3773 2377">
     <span class='ocr_line' id='line_1_52' title="bbox 2186 2303 3773 2377; baseline -0.009 -11"><span class='ocrx_word' id='word_1_347' title='bbox 2186 2316 2297 2376; x_wconf 87' lang='grc' dir='ltr'>τοῖς</span> <span class='ocrx_word' id='word_1_348' title='bbox 2327 2309 2610 2365; x_wconf 78' lang='grc' dir='ltr'>εὐσεϐοῦσι</span> <span class='ocrx_word' id='word_1_349' title='bbox 2639 2308 2759 2361; x_wconf 90' lang='grc' dir='ltr'>λίαν</span> <span class='ocrx_word' id='word_1_350' title='bbox 2791 2306 2984 2377; x_wconf 76' lang='grc' dir='ltr'>βαρὺς,</span> <span class='ocrx_word' id='word_1_351' title='bbox 3037 2304 3286 2358; x_wconf 82' lang='grc' dir='ltr'>σπεύδων</span> <span class='ocrx_word' id='word_1_352' title='bbox 3329 2304 3543 2365; x_wconf 81' lang='grc' dir='ltr'>πάντας</span> <span class='ocrx_word' id='word_1_353' title='bbox 3571 2303 3675 2370; x_wconf 83' lang='grc' dir='ltr'>τῆς</span> <span class='ocrx_word' id='word_1_354' title='bbox 3698 2303 3773 2353; x_wconf 80' lang='lat' dir='ltr'><strong>oi-</strong></span> 
     </span>
    </p>
   </div>
   <div class='ocr_carea' id='block_1_53' title="bbox 2187 2393 3772 2469">
    <p class='ocr_par' dir='ltr' id='par_1_53' title="bbox 2187 2393 3772 2469">
     <span class='ocr_line' id='line_1_53' title="bbox 2187 2393 3772 2469; baseline -0.011 -9"><span class='ocrx_word' id='word_1_355' title='bbox 2187 2406 2340 2468; x_wconf 86' lang='grc' dir='ltr'>κείας</span> <span class='ocrx_word' id='word_1_356' title='bbox 2387 2400 2701 2462; x_wconf 86' lang='grc' dir='ltr'>δυσσεϐείας</span> <span class='ocrx_word' id='word_1_357' title='bbox 2732 2397 3064 2469; x_wconf 83' lang='grc' dir='ltr'>ποιήσασθαι</span> <span class='ocrx_word' id='word_1_358' title='bbox 3099 2396 3416 2458; x_wconf 76' lang='grc' dir='ltr'>κοινωνοὺς,</span> <span class='ocrx_word' id='word_1_359' title='bbox 3459 2393 3556 2447; x_wconf 80' lang='grc' dir='ltr'>καὶ</span> <span class='ocrx_word' id='word_1_360' title='bbox 3589 2393 3772 2458; x_wconf 78' lang='grc' dir='ltr'>ὥσπερ</span> 
     </span>
    </p>
   </div>
   <div class='ocr_carea' id='block_1_54' title="bbox 2186 2483 3771 2562">
    <p class='ocr_par' dir='ltr' id='par_1_54' title="bbox 2186 2483 3771 2562">
     <span class='ocr_line' id='line_1_54' title="bbox 2186 2483 3771 2562; baseline -0.015 -7"><span class='ocrx_word' id='word_1_361' title='bbox 2186 2499 2282 2555; x_wconf 82' lang='grc' dir='ltr'>τοῦ</span> <span class='ocrx_word' id='word_1_362' title='bbox 2327 2495 2540 2550; x_wconf 79' lang='grc' dir='ltr'>δικαίου</span> <span class='ocrx_word' id='word_1_363' title='bbox 2592 2492 2859 2562; x_wconf 84' lang='grc' dir='ltr'>διάπυρος</span> <span class='ocrx_word' id='word_1_364' title='bbox 2889 2485 2958 2560; x_wconf 83' lang='grc' dir='ltr'>ἦν</span> <span class='ocrx_word' id='word_1_365' title='bbox 2993 2488 3268 2558; x_wconf 78' lang='grc' dir='ltr'>ζηλωτὴς,</span> <span class='ocrx_word' id='word_1_366' title='bbox 3317 2486 3463 2540; x_wconf 77' lang='grc' dir='ltr'>οὕτω</span> <span class='ocrx_word' id='word_1_367' title='bbox 3518 2485 3618 2538; x_wconf 72' lang='grc' dir='ltr'><strong>καὶ</strong></span> <span class='ocrx_word' id='word_1_368' title='bbox 3676 2483 3771 2550; x_wconf 74' lang='grc' dir='ltr'><strong>τῆς</strong></span> 
     </span>
    </p>
   </div>
   <div class='ocr_carea' id='block_1_55' title="bbox 2188 2573 3771 2654">
    <p class='ocr_par' dir='ltr' id='par_1_55' title="bbox 2188 2573 3771 2654">
     <span class='ocr_line' id='line_1_55' title="bbox 2188 2573 3771 2654; baseline -0.016 -7"><span class='ocrx_word' id='word_1_369' title='bbox 2188 2588 2490 2650; x_wconf 81' lang='grc' dir='ltr'>εὐσεϐείας,</span> <span class='ocrx_word' id='word_1_370' title='bbox 2513 2584 2589 2646; x_wconf 87' lang='grc' dir='ltr'>ὡς</span> <span class='ocrx_word' id='word_1_371' title='bbox 2619 2583 2778 2654; x_wconf 75' lang='grc' dir='ltr'>ᾤετο,</span> <span class='ocrx_word' id='word_1_372' title='bbox 2816 2582 2908 2636; x_wconf 78' lang='grc' dir='ltr'><strong>καὶ</strong></span> <span class='ocrx_word' id='word_1_373' title='bbox 2931 2581 3240 2651; x_wconf 81' lang='grc' dir='ltr'>ἀποστῆσαι</span> <span class='ocrx_word' id='word_1_374' title='bbox 3269 2578 3366 2648; x_wconf 83' lang='grc' dir='ltr'>τῆς</span> <span class='ocrx_word' id='word_1_375' title='bbox 3397 2575 3508 2632; x_wconf 88' lang='grc' dir='ltr'><strong>τῶν</strong></span> <span class='ocrx_word' id='word_1_376' title='bbox 3550 2573 3771 2629; x_wconf 80' lang='grc' dir='ltr'><strong>ἐκείνων</strong></span> 
     </span>
    </p>
   </div>
   <div class='ocr_carea' id='block_1_56' title="bbox 2186 2664 3770 2751">
    <p class='ocr_par' dir='ltr' id='par_1_56' title="bbox 2186 2664 3770 2751">
     <span class='ocr_line' id='line_1_56' title="bbox 2186 2664 3770 2751; baseline -0.013 -17"><span class='ocrx_word' id='word_1_377' title='bbox 2186 2680 2352 2751; x_wconf 84' lang='grc' dir='ltr'>τιμῆς</span> <span class='ocrx_word' id='word_1_378' title='bbox 2373 2673 2699 2745; x_wconf 66' lang='grc' dir='ltr'>ἐφιλονείκει</span> <span class='ocrx_word' id='word_1_379' title='bbox 2729 2671 3054 2742; x_wconf 82' lang='grc' dir='ltr'>περιμανῶς</span> <span class='ocrx_word' id='word_1_380' title='bbox 3085 2671 3149 2724; x_wconf 80' lang='grc' dir='ltr'><strong>τὸ</strong></span> <span class='ocrx_word' id='word_1_381' title='bbox 3180 2669 3442 2740; x_wconf 79' lang='grc' dir='ltr'>ὑπήκοον.</span> <span class='ocrx_word' id='word_1_382' title='bbox 3486 2664 3770 2721; x_wconf 76' lang='grc' dir='ltr'>Ἐντεῦθεν</span> 
     </span>
    </p>
   </div>
   <div class='ocr_carea' id='block_1_57' title="bbox 2188 2758 3768 2835">
    <p class='ocr_par' dir='ltr' id='par_1_57' title="bbox 2188 2758 3768 2835">
     <span class='ocr_line' id='line_1_57' title="bbox 2188 2758 3768 2835; baseline -0.013 -9"><span class='ocrx_word' id='word_1_383' title='bbox 2188 2771 2412 2835; x_wconf 73' lang='grc' dir='ltr'>ἐκόλαζε</span> <span class='ocrx_word' id='word_1_384' title='bbox 2444 2768 2728 2828; x_wconf 77' lang='grc' dir='ltr'>πλείστους</span> <span class='ocrx_word' id='word_1_385' title='bbox 2753 2765 2852 2834; x_wconf 85' lang='grc' dir='ltr'>τῆς</span> <span class='ocrx_word' id='word_1_386' title='bbox 2889 2761 3290 2832; x_wconf 78' lang='grc' dir='ltr'>είδολομανίας,</span> <span class='ocrx_word' id='word_1_387' title='bbox 3316 2760 3391 2814; x_wconf 73' lang='grc' dir='ltr'>ὡς</span> <span class='ocrx_word' id='word_1_388' title='bbox 3419 2759 3613 2826; x_wconf 72' lang='grc' dir='ltr'>ἔλεγεν</span> <span class='ocrx_word' id='word_1_389' title='bbox 3645 2758 3768 2810; x_wconf 80' lang='grc' dir='ltr'>ἀκο-</span> 
     </span>
    </p>
   </div>
   <div class='ocr_carea' id='block_1_58' title="bbox 2187 2849 3769 2933">
    <p class='ocr_par' dir='ltr' id='par_1_58' title="bbox 2187 2849 3769 2933">
     <span class='ocr_line' id='line_1_58' title="bbox 2187 2849 3769 2933; baseline -0.013 -15"><span class='ocrx_word' id='word_1_390' title='bbox 2187 2863 2368 2933; x_wconf 80' lang='grc' dir='ltr'>λάστῳ</span> <span class='ocrx_word' id='word_1_391' title='bbox 2393 2859 2633 2930; x_wconf 83' lang='grc' dir='ltr'><strong>γλώσσῃ,</strong></span> <span class='ocrx_word' id='word_1_392' title='bbox 2659 2857 2855 2918; x_wconf 72' lang='grc' dir='ltr'>αὐτοὺς</span> <span class='ocrx_word' id='word_1_393' title='bbox 2889 2853 3158 2924; x_wconf 78' lang='grc' dir='ltr'>ἀφιστῶν,</span> <span class='ocrx_word' id='word_1_394' title='bbox 3184 2853 3280 2905; x_wconf 73' lang='grc' dir='ltr'>καὶ</span> <span class='ocrx_word' id='word_1_395' title='bbox 3311 2851 3540 2912; x_wconf 76' lang='grc' dir='ltr'>πολλοὺς</span> <span class='ocrx_word' id='word_1_396' title='bbox 3577 2849 3769 2919; x_wconf 77' lang='grc' dir='ltr'><strong>εἱργά⁹</strong></span> 
     </span>
    </p>
   </div>
   <div class='ocr_carea' id='block_1_59' title="bbox 2189 2945 3767 3024">
    <p class='ocr_par' dir='ltr' id='par_1_59' title="bbox 2189 2945 3767 3024">
     <span class='ocr_line' id='line_1_59' title="bbox 2189 2945 3767 3024; baseline -0.008 -14"><span class='ocrx_word' id='word_1_397' title='bbox 2189 2974 2320 3012; x_wconf 86' lang='grc' dir='ltr'>σατο</span> <span class='ocrx_word' id='word_1_398' title='bbox 2369 2953 2726 3024; x_wconf 53' lang='grc' dir='ltr'>ὁμολοητάς.</span> <span class='ocrx_word' id='word_1_399' title='bbox 2786 2949 3042 3019; x_wconf 82' lang='grc' dir='ltr'><strong>Ἰωάννην</strong></span> <span class='ocrx_word' id='word_1_400' title='bbox 3093 2948 3150 3001; x_wconf 77' lang='grc' dir='ltr'>δὲ</span> <span class='ocrx_word' id='word_1_401' title='bbox 3205 2951 3296 3001; x_wconf 62' lang='grc' dir='ltr'><strong>τὴν</strong></span> <span class='ocrx_word' id='word_1_402' title='bbox 3329 2946 3663 3015; x_wconf 75' lang='grc' dir='ltr'>Σύγκελλον,</span> <span class='ocrx_word' id='word_1_403' title='bbox 3713 2945 3767 3007; x_wconf 72' lang='grc' dir='ltr'>ὃς</span> 
     </span>
    </p>
   </div>
   <div class='ocr_carea' id='block_1_60' title="bbox 2189 3033 3768 3119">
    <p class='ocr_par' dir='ltr' id='par_1_60' title="bbox 2189 3033 3768 3119">
     <span class='ocr_line' id='line_1_60' title="bbox 2189 3033 3768 3119; baseline -0.01 -15"><span class='ocrx_word' id='word_1_404' title='bbox 2189 3049 2337 3119; x_wconf 77' lang='grc' dir='ltr'>αὐτῷ</span> <span class='ocrx_word' id='word_1_405' title='bbox 2359 3045 2680 3105; x_wconf 67' lang='grc' dir='ltr'>διδασκαλος</span> <span class='ocrx_word' id='word_1_406' title='bbox 2707 3042 2926 3111; x_wconf 79' lang='grc' dir='ltr'>γέγονε,</span> <span class='ocrx_word' id='word_1_407' title='bbox 2959 3043 3057 3095; x_wconf 76' lang='grc' dir='ltr'>καὶ</span> <span class='ocrx_word' id='word_1_408' title='bbox 3079 3041 3178 3109; x_wconf 81' lang='grc' dir='ltr'>τῆς</span> <span class='ocrx_word' id='word_1_409' title='bbox 3199 3039 3518 3101; x_wconf 63' lang='grc' dir='ltr'>δυσσεϐείας</span> <span class='ocrx_word' id='word_1_410' title='bbox 3549 3033 3619 3108; x_wconf 80' lang='grc' dir='ltr'>ἦν</span> <span class='ocrx_word' id='word_1_411' title='bbox 3656 3054 3768 3090; x_wconf 86' lang='grc' dir='ltr'>κοι-</span> 
     </span>
    </p>
   </div>
   <div class='ocr_carea' id='block_1_61' title="bbox 2187 3125 3764 3206">
    <p class='ocr_par' dir='ltr' id='par_1_61' title="bbox 2187 3125 3764 3206">
     <span class='ocr_line' id='line_1_61' title="bbox 2187 3125 3764 3206; baseline -0.013 -12"><span class='ocrx_word' id='word_1_412' title='bbox 2187 3138 2376 3203; x_wconf 77' lang='grc' dir='ltr'>νωνὸς,</span> <span class='ocrx_word' id='word_1_413' title='bbox 2413 3136 2548 3206; x_wconf 81' lang='grc' dir='ltr'>πρὸς</span> <span class='ocrx_word' id='word_1_414' title='bbox 2583 3135 2708 3196; x_wconf 77' lang='grc' dir='ltr'>τοὺς</span> <span class='ocrx_word' id='word_1_415' title='bbox 2743 3133 3083 3200; x_wconf 79' lang='grc' dir='ltr'>’Λγαρηνοὺς</span> <span class='ocrx_word' id='word_1_416' title='bbox 3119 3129 3526 3195; x_wconf 78' lang='grc' dir='ltr'>ἐξαπέστειλεν,</span> <span class='ocrx_word' id='word_1_417' title='bbox 3561 3125 3764 3180; x_wconf 69' lang='grc' dir='ltr'>ἐπιδεί-</span> 
     </span>
    </p>
   </div>
   <div class='ocr_carea' id='block_1_62' title="bbox 513 3217 2084 3313">
    <p class='ocr_par' dir='ltr' id='par_1_62' title="bbox 513 3223 2082 3313">
     <span class='ocr_line' id='line_1_62' title="bbox 513 3223 2082 3313; baseline 0.005 -35"><span class='ocrx_word' id='word_1_418' title='bbox 513 3223 704 3313; x_wconf 84' lang='lat' dir='ltr'><strong>urbem</strong></span> <span class='ocrx_word' id='word_1_419' title='bbox 746 3223 981 3296; x_wconf 88' lang='lat' dir='ltr'><strong>Bagdam</strong></span> <span class='ocrx_word' id='word_1_420' title='bbox 1025 3227 1307 3296; x_wconf 87' lang='lat' dir='ltr'><strong>profectus</strong></span> <span class='ocrx_word' id='word_1_421' title='bbox 1347 3228 1444 3298; x_wconf 85' lang='lat' dir='ltr'><strong>(ea</strong></span> <span class='ocrx_word' id='word_1_422' title='bbox 1489 3238 1648 3284; x_wconf 89' lang='lat' dir='ltr'><strong>vetus</strong></span> <span class='ocrx_word' id='word_1_423' title='bbox 1692 3229 1934 3302; x_wconf 84' lang='lat' dir='ltr'><strong>Babylon</strong></span> <span class='ocrx_word' id='word_1_424' title='bbox 1965 3240 2082 3299; x_wconf 77' lang='lat' dir='ltr'><strong>est)</strong></span> 
     </span>
    </p>
   </div>
   <div class='ocr_carea' id='block_1_63' title="bbox 2190 3217 3766 3313">
    <p class='ocr_par' dir='ltr' id='par_1_63' title="bbox 2190 3217 3766 3298">
     <span class='ocr_line' id='line_1_63' title="bbox 2190 3217 3766 3298; baseline -0.011 -14"><span class='ocrx_word' id='word_1_425' title='bbox 2190 3229 2380 3298; x_wconf 75' lang='grc' dir='ltr'>ξασθαι</span> <span class='ocrx_word' id='word_1_426' title='bbox 2419 3244 2572 3295; x_wconf 75' lang='grc' dir='ltr'>σφισι</span> <span class='ocrx_word' id='word_1_427' title='bbox 2621 3225 2712 3278; x_wconf 70' lang='grc' dir='ltr'>τὸν</span> <span class='ocrx_word' id='word_1_428' title='bbox 2753 3222 2983 3277; x_wconf 83' lang='grc' dir='ltr'>πλοῦτον</span> <span class='ocrx_word' id='word_1_429' title='bbox 3026 3223 3123 3292; x_wconf 78' lang='grc' dir='ltr'><strong>τῆς</strong></span> <span class='ocrx_word' id='word_1_430' title='bbox 3158 3220 3437 3290; x_wconf 80' lang='grc' dir='ltr'>βασιλείας</span> <span class='ocrx_word' id='word_1_431' title='bbox 3471 3217 3766 3285; x_wconf 78' lang='grc' dir='ltr'>Ῥωμαίων</span> 
     </span>
    </p>
   </div>
   <div class='ocr_carea' id='block_1_64' title="bbox 510 3312 2084 3388">
    <p class='ocr_par' dir='ltr' id='par_1_64' title="bbox 510 3312 2084 3388">
     <span class='ocr_line' id='line_1_64' title="bbox 510 3312 2084 3388; baseline 0.006 -23"><span class='ocrx_word' id='word_1_432' title='bbox 510 3325 637 3366; x_wconf 87' lang='lat' dir='ltr'><strong>cum</strong></span> <span class='ocrx_word' id='word_1_433' title='bbox 670 3312 726 3366; x_wconf 88' lang='lat' dir='ltr'><strong>in</strong></span> <span class='ocrx_word' id='word_1_434' title='bbox 760 3313 1028 3384; x_wconf 85' lang='lat' dir='ltr'><strong>principis</strong></span> <span class='ocrx_word' id='word_1_435' title='bbox 1061 3327 1416 3385; x_wconf 87' lang='lat' dir='ltr'><strong>conspectum</strong></span> <span class='ocrx_word' id='word_1_436' title='bbox 1452 3317 1732 3383; x_wconf 84' lang='lat' dir='ltr'><strong>venisset,</strong></span> <span class='ocrx_word' id='word_1_437' title='bbox 1775 3319 2084 3388; x_wconf 88' lang='lat' dir='ltr'><strong>oblatisque</strong></span> 
     </span>
    </p>
   </div>
   <div class='ocr_carea' id='block_1_65' title="bbox 509 3399 2082 3478">
    <p class='ocr_par' dir='ltr' id='par_1_65' title="bbox 509 3399 2082 3478">
     <span class='ocr_line' id='line_1_65' title="bbox 509 3399 2082 3478; baseline 0.008 -24"><span class='ocrx_word' id='word_1_438' title='bbox 509 3399 862 3471; x_wconf 86' lang='lat' dir='ltr'><strong>imperatoris</strong></span> <span class='ocrx_word' id='word_1_439' title='bbox 905 3405 1228 3460; x_wconf 83' lang='lat' dir='ltr'><strong>muneribus</strong></span> <span class='ocrx_word' id='word_1_440' title='bbox 1278 3421 1404 3460; x_wconf 88' lang='lat' dir='ltr'><strong>cum</strong></span> <span class='ocrx_word' id='word_1_441' title='bbox 1449 3421 1518 3461; x_wconf 90' lang='lat' dir='ltr'><strong>eo</strong></span> <span class='ocrx_word' id='word_1_442' title='bbox 1566 3407 1873 3465; x_wconf 88' lang='lat' dir='ltr'><strong>collocutus</strong></span> <span class='ocrx_word' id='word_1_443' title='bbox 1915 3421 2082 3478; x_wconf 89' lang='lat' dir='ltr'><strong>esset,</strong></span> 
     </span>
    </p>
   </div>
   <div class='ocr_carea' id='block_1_66' title="bbox 509 3495 2083 3570">
    <p class='ocr_par' dir='ltr' id='par_1_66' title="bbox 509 3495 2083 3570">
     <span class='ocr_line' id='line_1_66' title="bbox 509 3495 2083 3570; baseline 0.005 -20"><span class='ocrx_word' id='word_1_444' title='bbox 509 3509 636 3550; x_wconf 89' lang='lat' dir='ltr'><strong>cum</strong></span> <span class='ocrx_word' id='word_1_445' title='bbox 663 3495 734 3550; x_wconf 93' lang='lat' dir='ltr'><strong>ob</strong></span> <span class='ocrx_word' id='word_1_446' title='bbox 758 3495 896 3564; x_wconf 59' lang='lat' dir='ltr'><strong>haec,</strong></span> <span class='ocrx_word' id='word_1_447' title='bbox 937 3506 1051 3552; x_wconf 89' lang='lat' dir='ltr'><strong>tum</strong></span> <span class='ocrx_word' id='word_1_448' title='bbox 1095 3508 1320 3568; x_wconf 87' lang='lat' dir='ltr'><strong>propter</strong></span> <span class='ocrx_word' id='word_1_449' title='bbox 1352 3497 1572 3554; x_wconf 91' lang='lat' dir='ltr'><strong>dicendi</strong></span> <span class='ocrx_word' id='word_1_450' title='bbox 1615 3501 1724 3555; x_wconf 87' lang='lat' dir='ltr'><strong>vim</strong></span> <span class='ocrx_word' id='word_1_451' title='bbox 1771 3503 1911 3570; x_wconf 88' lang='lat' dir='ltr'><strong>(erat</strong></span> <span class='ocrx_word' id='word_1_452' title='bbox 1935 3505 2083 3558; x_wconf 89' lang='lat' dir='ltr'><strong>enim</strong></span> 
     </span>
    </p>
   </div>
   <div class='ocr_carea' id='block_1_67' title="bbox 511 3586 2086 3661">
    <p class='ocr_par' dir='ltr' id='par_1_67' title="bbox 511 3586 2086 3661">
     <span class='ocr_line' id='line_1_67' title="bbox 511 3586 2086 3661; baseline 0.006 -21"><span class='ocrx_word' id='word_1_453' title='bbox 511 3586 570 3643; x_wconf 88' lang='lat' dir='ltr'><strong>in</strong></span> <span class='ocrx_word' id='word_1_454' title='bbox 601 3587 987 3658; x_wconf 77' lang='lat' dir='ltr'><strong>congressibus</strong></span> <span class='ocrx_word' id='word_1_455' title='bbox 1029 3603 1294 3660; x_wconf 89' lang='lat' dir='ltr'><strong>perquam</strong></span> <span class='ocrx_word' id='word_1_456' title='bbox 1321 3590 1582 3661; x_wconf 89' lang='lat' dir='ltr'><strong>disertus)</strong></span> <span class='ocrx_word' id='word_1_457' title='bbox 1614 3601 1666 3648; x_wconf 88' lang='lat' dir='ltr'><strong>et</strong></span> <span class='ocrx_word' id='word_1_458' title='bbox 1695 3595 1748 3648; x_wconf 88' lang='lat' dir='ltr'><strong>in</strong></span> <span class='ocrx_word' id='word_1_459' title='bbox 1791 3595 1999 3650; x_wconf 87' lang='lat' dir='ltr'><strong>honore</strong></span> <span class='ocrx_word' id='word_1_460' title='bbox 2029 3604 2086 3651; x_wconf 92' lang='lat' dir='ltr'><strong>et</strong></span> 
     </span>
    </p>
   </div>
   <div class='ocr_carea' id='block_1_68' title="bbox 511 3677 2086 3756">
    <p class='ocr_par' dir='ltr' id='par_1_68' title="bbox 511 3677 2086 3756">
     <span class='ocr_line' id='line_1_68' title="bbox 511 3677 2086 3756; baseline 0.004 -22"><span class='ocrx_word' id='word_1_461' title='bbox 511 3679 568 3734; x_wconf 89' lang='lat' dir='ltr'><strong>in</strong></span> <span class='ocrx_word' id='word_1_462' title='bbox 601 3677 964 3736; x_wconf 85' lang='lat' dir='ltr'><strong>admiratione</strong></span> <span class='ocrx_word' id='word_1_463' title='bbox 1004 3679 1131 3734; x_wconf 90' lang='lat' dir='ltr'><strong>fuit.</strong></span> <span class='ocrx_word' id='word_1_464' title='bbox 1157 3680 1428 3737; x_wconf 87' lang='lat' dir='ltr'><strong>Barbaros</strong></span> <span class='ocrx_word' id='word_1_465' title='bbox 1466 3690 1650 3738; x_wconf 87' lang='lat' dir='ltr'><strong>tamen</strong></span> <span class='ocrx_word' id='word_1_466' title='bbox 1683 3699 1782 3738; x_wconf 89' lang='lat' dir='ltr'><strong>sua</strong></span> <span class='ocrx_word' id='word_1_467' title='bbox 1817 3699 1948 3756; x_wconf 88' lang='lat' dir='ltr'><strong>erga</strong></span> <span class='ocrx_word' id='word_1_468' title='bbox 1989 3700 2086 3740; x_wconf 84' lang='lat' dir='ltr'><strong>eos</strong></span> 
     </span>
    </p>
   </div>
   <div class='ocr_carea' id='block_1_69' title="bbox 512 3769 2083 3846">
    <p class='ocr_par' dir='ltr' id='par_1_69' title="bbox 512 3769 2083 3846">
     <span class='ocr_line' id='line_1_69' title="bbox 512 3769 2083 3846; baseline 0.006 -24"><span class='ocrx_word' id='word_1_469' title='bbox 512 3769 890 3826; x_wconf 78' lang='lat' dir='ltr'><strong>munificentia</strong></span> <span class='ocrx_word' id='word_1_470' title='bbox 931 3771 1104 3843; x_wconf 87' lang='lat' dir='ltr'><strong>magis</strong></span> <span class='ocrx_word' id='word_1_471' title='bbox 1133 3771 1523 3843; x_wconf 88' lang='lat' dir='ltr'><strong>obstupefecit.</strong></span> <span class='ocrx_word' id='word_1_472' title='bbox 1564 3773 1701 3830; x_wconf 86' lang='lat' dir='ltr'><strong>Nam</strong></span> <span class='ocrx_word' id='word_1_473' title='bbox 1741 3775 1788 3829; x_wconf 90' lang='lat' dir='ltr'><strong>si</strong></span> <span class='ocrx_word' id='word_1_474' title='bbox 1831 3777 1924 3846; x_wconf 90' lang='lat' dir='ltr'><strong>qui</strong></span> <span class='ocrx_word' id='word_1_475' title='bbox 1955 3792 2083 3832; x_wconf 89' lang='lat' dir='ltr'><strong>eum</strong></span> 
     </span>
    </p>
   </div>
   <div class='ocr_carea' id='block_1_70' title="bbox 510 3861 2086 3936">
    <p class='ocr_par' dir='ltr' id='par_1_70' title="bbox 510 3861 2086 3936">
     <span class='ocr_line' id='line_1_70' title="bbox 510 3861 2086 3936; baseline 0.005 -21"><span class='ocrx_word' id='word_1_476' title='bbox 510 3861 946 3928; x_wconf 81' lang='lat' dir='ltr'><strong>conveniebant,</strong></span> <span class='ocrx_word' id='word_1_477' title='bbox 979 3878 1098 3919; x_wconf 79' lang='lat' dir='ltr'><strong>sive</strong></span> <span class='ocrx_word' id='word_1_478' title='bbox 1127 3879 1158 3920; x_wconf 89' lang='lat' dir='ltr'><strong>a</strong></span> <span class='ocrx_word' id='word_1_479' title='bbox 1191 3878 1293 3920; x_wconf 86' lang='lat' dir='ltr'><strong>suo</strong></span> <span class='ocrx_word' id='word_1_480' title='bbox 1319 3864 1567 3936; x_wconf 89' lang='lat' dir='ltr'><strong>principe</strong></span> <span class='ocrx_word' id='word_1_481' title='bbox 1601 3865 1784 3929; x_wconf 89' lang='lat' dir='ltr'><strong>missi,</strong></span> <span class='ocrx_word' id='word_1_482' title='bbox 1819 3869 1932 3922; x_wconf 88' lang='lat' dir='ltr'><strong>sive</strong></span> <span class='ocrx_word' id='word_1_483' title='bbox 1962 3869 2086 3924; x_wconf 88' lang='lat' dir='ltr'><strong>aliis</strong></span> 
     </span>
    </p>
   </div>
   <div class='ocr_carea' id='block_1_71' title="bbox 507 3950 2083 4029">
    <p class='ocr_par' dir='ltr' id='par_1_71' title="bbox 507 3950 2083 4029">
     <span class='ocr_line' id='line_1_71' title="bbox 507 3950 2083 4029; baseline 0.005 -22"><span class='ocrx_word' id='word_1_484' title='bbox 507 3950 577 4007; x_wconf 82' lang='lat' dir='ltr'><strong>de</strong></span> <span class='ocrx_word' id='word_1_485' title='bbox 602 3953 811 4019; x_wconf 84' lang='lat' dir='ltr'><strong>causis,</strong></span> <span class='ocrx_word' id='word_1_486' title='bbox 865 3967 962 4010; x_wconf 88' lang='lat' dir='ltr'><strong>eos</strong></span> <span class='ocrx_word' id='word_1_487' title='bbox 988 3970 1186 4026; x_wconf 88' lang='lat' dir='ltr'><strong>magna</strong></span> <span class='ocrx_word' id='word_1_488' title='bbox 1216 3957 1449 4026; x_wconf 88' lang='lat' dir='ltr'><strong>pecunia</strong></span> <span class='ocrx_word' id='word_1_489' title='bbox 1473 3957 1732 4025; x_wconf 91' lang='lat' dir='ltr'><strong>donabat,</strong></span> <span class='ocrx_word' id='word_1_490' title='bbox 1760 3967 1821 4014; x_wconf 89' lang='lat' dir='ltr'><strong>ut</strong></span> <span class='ocrx_word' id='word_1_491' title='bbox 1843 3962 1935 4029; x_wconf 91' lang='lat' dir='ltr'><strong>qui</strong></span> <span class='ocrx_word' id='word_1_492' title='bbox 1963 3975 2083 4015; x_wconf 90' lang='lat' dir='ltr'><strong>eam</strong></span> 
     </span>
    </p>
   </div>
   <div class='ocr_carea' id='block_1_72' title="bbox 511 4042 2083 4114">
    <p class='ocr_par' dir='ltr' id='par_1_72' title="bbox 511 4042 2083 4114">
     <span class='ocr_line' id='line_1_72' title="bbox 511 4042 2083 4114; baseline 0.006 -20"><span class='ocrx_word' id='word_1_493' title='bbox 511 4042 848 4112; x_wconf 87' lang='lat' dir='ltr'><strong>acciperent,</strong></span> <span class='ocrx_word' id='word_1_494' title='bbox 871 4050 927 4098; x_wconf 90' lang='lat' dir='ltr'><strong>et</strong></span> <span class='ocrx_word' id='word_1_495' title='bbox 945 4043 1268 4114; x_wconf 86' lang='lat' dir='ltr'><strong>gauderent,</strong></span> <span class='ocrx_word' id='word_1_496' title='bbox 1289 4051 1346 4100; x_wconf 89' lang='lat' dir='ltr'><strong>et</strong></span> <span class='ocrx_word' id='word_1_497' title='bbox 1363 4045 1716 4102; x_wconf 88' lang='lat' dir='ltr'><strong>mirarentur.</strong></span> <span class='ocrx_word' id='word_1_498' title='bbox 1741 4046 1878 4103; x_wconf 91' lang='lat' dir='ltr'><strong>Cum</strong></span> <span class='ocrx_word' id='word_1_499' title='bbox 1901 4058 2083 4104; x_wconf 89' lang='lat' dir='ltr'><strong>autem</strong></span> 
     </span>
    </p>
   </div>
   <div class='ocr_carea' id='block_1_73' title="bbox 512 4132 2085 4203">
    <p class='ocr_par' dir='ltr' id='par_1_73' title="bbox 512 4132 2085 4203">
     <span class='ocr_line' id='line_1_73' title="bbox 512 4132 2085 4203; baseline 0.006 -17"><span class='ocrx_word' id='word_1_500' title='bbox 512 4132 630 4201; x_wconf 84' lang='lat' dir='ltr'><strong>ipse</strong></span> <span class='ocrx_word' id='word_1_501' title='bbox 664 4134 960 4203; x_wconf 85' lang='lat' dir='ltr'><strong>aliquando</strong></span> <span class='ocrx_word' id='word_1_502' title='bbox 1008 4135 1077 4190; x_wconf 92' lang='lat' dir='ltr'><strong>ab</strong></span> <span class='ocrx_word' id='word_1_503' title='bbox 1115 4135 1510 4193; x_wconf 82' lang='lat' dir='ltr'><strong>Amermumne</strong></span> <span class='ocrx_word' id='word_1_504' title='bbox 1553 4137 1622 4193; x_wconf 89' lang='lat' dir='ltr'><strong>ad</strong></span> <span class='ocrx_word' id='word_1_505' title='bbox 1666 4140 1980 4195; x_wconf 85' lang='lat' dir='ltr'><strong>convivium</strong></span> <span class='ocrx_word' id='word_1_506' title='bbox 2029 4142 2085 4196; x_wconf 91' lang='lat' dir='ltr'><strong>in</strong></span> 
     </span>
    </p>
   </div>
   <div class='ocr_carea' id='block_1_74' title="bbox 506 4224 2086 4293">
    <p class='ocr_par' dir='ltr' id='par_1_74' title="bbox 506 4224 2086 4293">
     <span class='ocr_line' id='line_1_74' title="bbox 506 4224 2086 4293; baseline 0.005 -12"><span class='ocrx_word' id='word_1_507' title='bbox 506 4224 655 4281; x_wconf 71' lang='lat' dir='ltr'><strong>mdes</strong></span> <span class='ocrx_word' id='word_1_508' title='bbox 688 4225 837 4281; x_wconf 88' lang='lat' dir='ltr'><strong>illius</strong></span> <span class='ocrx_word' id='word_1_509' title='bbox 870 4225 1132 4282; x_wconf 79' lang='lat' dir='ltr'><strong>invitatus</strong></span> <span class='ocrx_word' id='word_1_510' title='bbox 1161 4237 1305 4283; x_wconf 83' lang='lat' dir='ltr'><strong>esset</strong></span> <span class='ocrx_word' id='word_1_511' title='bbox 1335 4269 1348 4293; x_wconf 93' lang='lat'><strong>,</strong></span> <span class='ocrx_word' id='word_1_512' title='bbox 1388 4230 1624 4284; x_wconf 87' lang='lat' dir='ltr'><strong>alterum</strong></span> <span class='ocrx_word' id='word_1_513' title='bbox 1657 4247 1723 4286; x_wconf 86' lang='lat' dir='ltr'><strong>ex</strong></span> <span class='ocrx_word' id='word_1_514' title='bbox 1751 4233 1937 4288; x_wconf 89' lang='lat' dir='ltr'><strong>aureis</strong></span> <span class='ocrx_word' id='word_1_515' title='bbox 1981 4234 2086 4289; x_wconf 90' lang='lat' dir='ltr'><strong>illis</strong></span> 
     </span>
    </p>
   </div>
   <div class='ocr_carea' id='block_1_75' title="bbox 508 4315 2087 4392">
    <p class='ocr_par' dir='ltr' id='par_1_75' title="bbox 508 4315 2087 4392">
     <span class='ocr_line' id='line_1_75' title="bbox 508 4315 2087 4392; baseline 0.006 -22"><span class='ocrx_word' id='word_1_516' title='bbox 508 4315 787 4372; x_wconf 78' lang='lat' dir='ltr'><strong>malluviis</strong></span> <span class='ocrx_word' id='word_1_517' title='bbox 819 4333 1007 4374; x_wconf 89' lang='lat' dir='ltr'><strong>secum</strong></span> <span class='ocrx_word' id='word_1_518' title='bbox 1049 4321 1258 4386; x_wconf 88' lang='lat' dir='ltr'><strong>attulit,</strong></span> <span class='ocrx_word' id='word_1_519' title='bbox 1299 4329 1360 4376; x_wconf 90' lang='lat' dir='ltr'><strong>ut</strong></span> <span class='ocrx_word' id='word_1_520' title='bbox 1399 4337 1597 4392; x_wconf 89' lang='lat' dir='ltr'><strong>aquam</strong></span> <span class='ocrx_word' id='word_1_521' title='bbox 1641 4325 1896 4380; x_wconf 90' lang='lat' dir='ltr'><strong>manibus</strong></span> <span class='ocrx_word' id='word_1_522' title='bbox 1937 4325 2087 4380; x_wconf 87' lang='lat' dir='ltr'><strong>illius</strong></span> 
     </span>
    </p>
   </div>
   <div class='ocr_carea' id='block_1_76' title="bbox 509 4406 2084 4484">
    <p class='ocr_par' dir='ltr' id='par_1_76' title="bbox 509 4406 2084 4484">
     <span class='ocr_line' id='line_1_76' title="bbox 509 4406 2084 4484; baseline 0.006 -23"><span class='ocrx_word' id='word_1_523' title='bbox 509 4406 840 4465; x_wconf 75' lang='lat' dir='ltr'><strong>aﬂ‘undcret.</strong></span> <span class='ocrx_word' id='word_1_524' title='bbox 878 4408 1033 4476; x_wconf 85' lang='lat' dir='ltr'><strong>Quod</strong></span> <span class='ocrx_word' id='word_1_525' title='bbox 1069 4426 1194 4466; x_wconf 93' lang='lat' dir='ltr'><strong>cum</strong></span> <span class='ocrx_word' id='word_1_526' title='bbox 1229 4413 1574 4483; x_wconf 83' lang='lat' dir='ltr'><strong>negligenter</strong></span> <span class='ocrx_word' id='word_1_527' title='bbox 1602 4414 1806 4469; x_wconf 88' lang='lat' dir='ltr'><strong>alicubi</strong></span> <span class='ocrx_word' id='word_1_528' title='bbox 1843 4415 2084 4484; x_wconf 91' lang='lat' dir='ltr'><strong>positum</strong></span> 
     </span>
    </p>
   </div>
   <div class='ocr_carea' id='block_1_77' title="bbox 506 4489 2081 4575">
    <p class='ocr_par' dir='ltr' id='par_1_77' title="bbox 506 4489 2081 4575">
     <span class='ocr_line' id='line_1_77' title="bbox 506 4489 2081 4575; baseline 0.004 -19"><span class='ocrx_word' id='word_1_529' title='bbox 506 4509 654 4558; x_wconf 80' lang='lat' dir='ltr'><strong>esset</strong></span> <span class='ocrx_word' id='word_1_530' title='bbox 700 4503 799 4570; x_wconf 69' lang='lat' dir='ltr'><strong>(ita</strong></span> <span class='ocrx_word' id='word_1_531' title='bbox 839 4504 988 4558; x_wconf 89' lang='lat' dir='ltr'><strong>enim</strong></span> <span class='ocrx_word' id='word_1_532' title='bbox 1035 4505 1300 4560; x_wconf 88' lang='lat' dir='ltr'><strong>ministris</strong></span> <span class='ocrx_word' id='word_1_533' title='bbox 1331 4489 1448 4560; x_wconf 73' lang='lat' dir='ltr'><strong>suis</strong></span> <span class='ocrx_word' id='word_1_534' title='bbox 1487 4507 1728 4562; x_wconf 79' lang='lat' dir='ltr'><strong>Joannes</strong></span> <span class='ocrx_word' id='word_1_535' title='bbox 1773 4508 2081 4575; x_wconf 88' lang='lat' dir='ltr'><strong>mandarat,</strong></span> 
     </span>
    </p>
   </div>
   <div class='ocr_carea' id='block_1_78' title="bbox 2189 3307 3766 3394">
    <p class='ocr_par' dir='ltr' id='par_1_78' title="bbox 2189 3307 3766 3394">
     <span class='ocr_line' id='line_1_78' title="bbox 2189 3307 3766 3394; baseline -0.011 -18"><span class='ocrx_word' id='word_1_536' title='bbox 2189 3323 2530 3394; x_wconf 84' lang='grc' dir='ltr'>βουλόμενος.</span> <span class='ocrx_word' id='word_1_537' title='bbox 2553 3317 2766 3372; x_wconf 78' lang='grc' dir='ltr'>Στέλλει</span> <span class='ocrx_word' id='word_1_538' title='bbox 2793 3316 2838 3370; x_wconf 86' lang='grc' dir='ltr'>δ’</span> <span class='ocrx_word' id='word_1_539' title='bbox 2864 3315 3028 3370; x_wconf 85' lang='grc' dir='ltr'>αύτδν</span> <span class='ocrx_word' id='word_1_540' title='bbox 3051 3315 3148 3368; x_wconf 83' lang='grc' dir='ltr'>σὺν</span> <span class='ocrx_word' id='word_1_541' title='bbox 3185 3314 3433 3384; x_wconf 79' lang='grc' dir='ltr'>χρήμασι</span> <span class='ocrx_word' id='word_1_542' title='bbox 3462 3309 3612 3380; x_wconf 79' lang='grc' dir='ltr'>μάλα</span> <span class='ocrx_word' id='word_1_543' title='bbox 3641 3307 3766 3361; x_wconf 83' lang='grc' dir='ltr'>πολ-</span> 
     </span>
    </p>
   </div>
   <div class='ocr_carea' id='block_1_79' title="bbox 2186 3399 3768 3479">
    <p class='ocr_par' dir='ltr' id='par_1_79' title="bbox 2186 3399 3768 3479">
     <span class='ocr_line' id='line_1_79' title="bbox 2186 3399 3768 3479; baseline -0.009 -14"><span class='ocrx_word' id='word_1_544' title='bbox 2186 3413 2320 3476; x_wconf 82' lang='grc' dir='ltr'>λοῖς,</span> <span class='ocrx_word' id='word_1_545' title='bbox 2355 3407 2431 3466; x_wconf 81' lang='grc' dir='ltr'><strong>ὧν</strong></span> <span class='ocrx_word' id='word_1_546' title='bbox 2460 3411 2527 3464; x_wconf 80' lang='grc' dir='ltr'>τὰ</span> <span class='ocrx_word' id='word_1_547' title='bbox 2559 3410 2659 3478; x_wconf 78' lang='grc' dir='ltr'>μὲν</span> <span class='ocrx_word' id='word_1_548' title='bbox 2691 3407 2842 3479; x_wconf 89' lang='grc' dir='ltr'>δῶρα</span> <span class='ocrx_word' id='word_1_549' title='bbox 2872 3408 3139 3476; x_wconf 77' lang='grc' dir='ltr'>πέπομφε</span> <span class='ocrx_word' id='word_1_550' title='bbox 3187 3403 3268 3476; x_wconf 79' lang='grc' dir='ltr'>τῷ</span> <span class='ocrx_word' id='word_1_551' title='bbox 3313 3402 3639 3472; x_wconf 76' lang='grc' dir='ltr'>Ἀγαρηνῶν</span> <span class='ocrx_word' id='word_1_552' title='bbox 3671 3399 3768 3468; x_wconf 84' lang='grc' dir='ltr'>ἀρ-</span> 
     </span>
    </p>
   </div>
   <div class='ocr_carea' id='block_1_80' title="bbox 2187 3492 3765 3575">
    <p class='ocr_par' dir='ltr' id='par_1_80' title="bbox 2187 3492 3765 3575">
     <span class='ocr_line' id='line_1_80' title="bbox 2187 3492 3765 3575; baseline -0.01 -17"><span class='ocrx_word' id='word_1_553' title='bbox 2187 3502 2360 3575; x_wconf 75' lang='grc' dir='ltr'>χηγῷ,</span> <span class='ocrx_word' id='word_1_554' title='bbox 2394 3503 2462 3556; x_wconf 83' lang='grc' dir='ltr'><strong>τὰ</strong></span> <span class='ocrx_word' id='word_1_555' title='bbox 2491 3501 2548 3554; x_wconf 86' lang='grc' dir='ltr'>δὲ</span> <span class='ocrx_word' id='word_1_556' title='bbox 2575 3501 2656 3564; x_wconf 76' lang='grc' dir='ltr'><strong>είς</strong></span> <span class='ocrx_word' id='word_1_557' title='bbox 2675 3499 2982 3570; x_wconf 73' lang='grc' dir='ltr'>ὑπηρεσίαν</span> <span class='ocrx_word' id='word_1_558' title='bbox 3011 3497 3091 3569; x_wconf 81' lang='grc' dir='ltr'><strong>τῷ</strong></span> <span class='ocrx_word' id='word_1_559' title='bbox 3113 3492 3422 3566; x_wconf 74' lang='grc' dir='ltr'>πεμὲρθὲντι</span> <span class='ocrx_word' id='word_1_560' title='bbox 3445 3493 3765 3559; x_wconf 79' lang='grc' dir='ltr'>ἀπένειμεν,</span> 
     </span>
    </p>
   </div>
   <div class='ocr_carea' id='block_1_81' title="bbox 2186 3581 3766 3660">
    <p class='ocr_par' dir='ltr' id='par_1_81' title="bbox 2186 3581 3766 3660">
     <span class='ocr_line' id='line_1_81' title="bbox 2186 3581 3766 3660; baseline -0.011 -11"><span class='ocrx_word' id='word_1_561' title='bbox 2186 3599 2245 3649; x_wconf 82' lang='grc' dir='ltr'><strong>ἐν</strong></span> <span class='ocrx_word' id='word_1_562' title='bbox 2269 3591 2350 3657; x_wconf 80' lang='grc' dir='ltr'>οἷς</span> <span class='ocrx_word' id='word_1_563' title='bbox 2385 3592 2481 3647; x_wconf 70' lang='grc' dir='ltr'>καὶ</span> <span class='ocrx_word' id='word_1_564' title='bbox 2507 3591 2660 3646; x_wconf 86' lang='grc' dir='ltr'>διττά</span> <span class='ocrx_word' id='word_1_565' title='bbox 2703 3589 3007 3660; x_wconf 82' lang='grc' dir='ltr'>ἐτύγχανον</span> <span class='ocrx_word' id='word_1_566' title='bbox 3041 3585 3432 3658; x_wconf 76' lang='grc' dir='ltr'>χερνιϐόξεστα</span> <span class='ocrx_word' id='word_1_567' title='bbox 3467 3581 3676 3654; x_wconf 85' lang='grc' dir='ltr'>χρύσεά</span> <span class='ocrx_word' id='word_1_568' title='bbox 3711 3595 3766 3632; x_wconf 87' lang='grc' dir='ltr'><strong>τε</strong></span> 
     </span>
    </p>
   </div>
   <div class='ocr_carea' id='block_1_82' title="bbox 2188 3673 3767 3751">
    <p class='ocr_par' dir='ltr' id='par_1_82' title="bbox 2188 3673 3767 3751">
     <span class='ocr_line' id='line_1_82' title="bbox 2188 3673 3767 3751; baseline -0.008 -12"><span class='ocrx_word' id='word_1_569' title='bbox 2188 3686 2279 3740; x_wconf 75' lang='grc' dir='ltr'><strong>καὶ</strong></span> <span class='ocrx_word' id='word_1_570' title='bbox 2311 3683 2548 3750; x_wconf 79' lang='grc' dir='ltr'>διάλιθα,</span> <span class='ocrx_word' id='word_1_571' title='bbox 2571 3683 2666 3736; x_wconf 73' lang='grc' dir='ltr'><strong>καὶ</strong></span> <span class='ocrx_word' id='word_1_572' title='bbox 2697 3681 2894 3751; x_wconf 82' lang='grc' dir='ltr'>τέχνης</span> <span class='ocrx_word' id='word_1_573' title='bbox 2927 3677 3195 3750; x_wconf 75' lang='grc' dir='ltr'>ἀκριϐοῦς</span> <span class='ocrx_word' id='word_1_574' title='bbox 3226 3675 3621 3744; x_wconf 71' lang='grc' dir='ltr'>ἐνδεικνύμενα</span> <span class='ocrx_word' id='word_1_575' title='bbox 3671 3673 3767 3742; x_wconf 85' lang='grc' dir='ltr'>χά-</span> 
     </span>
    </p>
   </div>
   <div class='ocr_carea' id='block_1_83' title="bbox 2191 3766 3765 3848">
    <p class='ocr_par' dir='ltr' id='par_1_83' title="bbox 2191 3766 3765 3848">
     <span class='ocr_line' id='line_1_83' title="bbox 2191 3766 3765 3848; baseline -0.01 -17"><span class='ocrx_word' id='word_1_576' title='bbox 2191 3795 2366 3848; x_wconf 86' lang='grc' dir='ltr'>ριτας.</span> <span class='ocrx_word' id='word_1_577' title='bbox 2395 3774 2616 3829; x_wconf 86' lang='grc' dir='ltr'>Τούτων</span> <span class='ocrx_word' id='word_1_578' title='bbox 2663 3773 2720 3827; x_wconf 79' lang='grc' dir='ltr'>δὲ</span> <span class='ocrx_word' id='word_1_579' title='bbox 2771 3773 2990 3827; x_wconf 83' lang='grc' dir='ltr'>πάντων</span> <span class='ocrx_word' id='word_1_580' title='bbox 3020 3769 3280 3822; x_wconf 77' lang='grc' dir='ltr'>ἐπέκεινα</span> <span class='ocrx_word' id='word_1_581' title='bbox 3315 3767 3536 3836; x_wconf 82' lang='grc' dir='ltr'>λέγεται</span> <span class='ocrx_word' id='word_1_582' title='bbox 3589 3766 3765 3819; x_wconf 84' lang='grc' dir='ltr'>δοῦναι</span> 
     </span>
    </p>
   </div>
   <div class='ocr_carea' id='block_1_84' title="bbox 2188 3853 3762 3936">
    <p class='ocr_par' dir='ltr' id='par_1_84' title="bbox 2188 3853 3762 3936">
     <span class='ocr_line' id='line_1_84' title="bbox 2188 3853 3762 3936; baseline -0.009 -16"><span class='ocrx_word' id='word_1_583' title='bbox 2188 3865 2339 3936; x_wconf 76' lang='grc' dir='ltr'>αὐτῷ</span> <span class='ocrx_word' id='word_1_584' title='bbox 2385 3865 2479 3918; x_wconf 81' lang='grc' dir='ltr'>καὶ</span> <span class='ocrx_word' id='word_1_585' title='bbox 2507 3860 2715 3934; x_wconf 80' lang='grc' dir='ltr'>χρυσοῦ</span> <span class='ocrx_word' id='word_1_586' title='bbox 2759 3859 3098 3932; x_wconf 80' lang='grc' dir='ltr'>χαράγματα</span> <span class='ocrx_word' id='word_1_587' title='bbox 3121 3857 3458 3926; x_wconf 84' lang='grc' dir='ltr'>κεντηνάρια</span> <span class='ocrx_word' id='word_1_588' title='bbox 3487 3853 3762 3921; x_wconf 80' lang='grc' dir='ltr'>τεσσαρά-</span> 
     </span>
    </p>
   </div>
   <div class='ocr_carea' id='block_1_85' title="bbox 2187 3940 3766 4026">
    <p class='ocr_par' dir='ltr' id='par_1_85' title="bbox 2187 3940 3766 4026">
     <span class='ocr_line' id='line_1_85' title="bbox 2187 3940 3766 4026; baseline -0.011 -13"><span class='ocrx_word' id='word_1_589' title='bbox 2187 3958 2373 4024; x_wconf 80' lang='grc' dir='ltr'>κόντα,</span> <span class='ocrx_word' id='word_1_590' title='bbox 2405 3957 2476 4011; x_wconf 75' lang='grc' dir='ltr'><strong>ἵν’</strong></span> <span class='ocrx_word' id='word_1_591' title='bbox 2505 3956 2618 4026; x_wconf 72' lang='grc' dir='ltr'>ἔχοι</span> <span class='ocrx_word' id='word_1_592' title='bbox 2647 3951 2942 4024; x_wconf 82' lang='grc' dir='ltr'>δωρεῖσθαι</span> <span class='ocrx_word' id='word_1_593' title='bbox 2965 3949 3074 4004; x_wconf 86' lang='grc' dir='ltr'><strong>τῶν</strong></span> <span class='ocrx_word' id='word_1_594' title='bbox 3097 3951 3162 4002; x_wconf 77' lang='grc' dir='ltr'>ἐκ</span> <span class='ocrx_word' id='word_1_595' title='bbox 3183 3949 3285 4018; x_wconf 79' lang='grc' dir='ltr'>τῆς</span> <span class='ocrx_word' id='word_1_596' title='bbox 3319 3949 3502 4018; x_wconf 78' lang='grc' dir='ltr'>’Δγαρ</span> <span class='ocrx_word' id='word_1_597' title='bbox 3525 3940 3616 4010; x_wconf 77' lang='grc' dir='ltr'>οἷς</span> <span class='ocrx_word' id='word_1_598' title='bbox 3649 3943 3766 4016; x_wconf 79' lang='grc' dir='ltr'>βού-</span> 
     </span>
    </p>
   </div>
   <div class='ocr_carea' id='block_1_86' title="bbox 2187 4037 3766 4120">
    <p class='ocr_par' dir='ltr' id='par_1_86' title="bbox 2187 4037 3766 4120">
     <span class='ocr_line' id='line_1_86' title="bbox 2187 4037 3766 4120; baseline -0.01 -16"><span class='ocrx_word' id='word_1_599' title='bbox 2187 4052 2332 4106; x_wconf 73' lang='grc' dir='ltr'>λοιτο</span> <span class='ocrx_word' id='word_1_600' title='bbox 2378 4048 2680 4120; x_wconf 76' lang='grc' dir='ltr'>φιλοτίμως</span> <span class='ocrx_word' id='word_1_601' title='bbox 2733 4061 2795 4098; x_wconf 81' lang='grc' dir='ltr'><strong>τε</strong></span> <span class='ocrx_word' id='word_1_602' title='bbox 2850 4044 2946 4098; x_wconf 73' lang='grc' dir='ltr'><strong>καὶ</strong></span> <span class='ocrx_word' id='word_1_603' title='bbox 2990 4041 3252 4113; x_wconf 79' lang='grc' dir='ltr'>δαψιλῶς,</span> <span class='ocrx_word' id='word_1_604' title='bbox 3292 4039 3596 4093; x_wconf 83' lang='grc' dir='ltr'>κάντεῦθεν</span> <span class='ocrx_word' id='word_1_605' title='bbox 3645 4037 3766 4098; x_wconf 84' lang='grc' dir='ltr'>τοὺς</span> 
     </span>
    </p>
   </div>
   <div class='ocr_carea' id='block_1_87' title="bbox 2188 4128 3764 4214">
    <p class='ocr_par' dir='ltr' id='par_1_87' title="bbox 2188 4128 3764 4214">
     <span class='ocr_line' id='line_1_87' title="bbox 2188 4128 3764 4214; baseline -0.013 -16"><span class='ocrx_word' id='word_1_606' title='bbox 2188 4144 2508 4214; x_wconf 79' lang='grc' dir='ltr'>Βαρϐἀρους</span> <span class='ocrx_word' id='word_1_607' title='bbox 2536 4139 2852 4208; x_wconf 84' lang='grc' dir='ltr'>ὲκπλήττοι,</span> <span class='ocrx_word' id='word_1_608' title='bbox 2884 4135 3294 4204; x_wconf 81' lang='grc' dir='ltr'>λογιζομένους,</span> <span class='ocrx_word' id='word_1_609' title='bbox 3320 4132 3396 4195; x_wconf 82' lang='grc' dir='ltr'>ὡς</span> <span class='ocrx_word' id='word_1_610' title='bbox 3435 4135 3485 4184; x_wconf 86' lang='grc' dir='ltr'><strong>εί</strong></span> <span class='ocrx_word' id='word_1_611' title='bbox 3517 4128 3764 4184; x_wconf 70' lang='grc' dir='ltr'>τοσοῦτον</span> 
     </span>
    </p>
   </div>
   <div class='ocr_carea' id='block_1_88' title="bbox 2186 4218 3765 4298">
    <p class='ocr_par' dir='ltr' id='par_1_88' title="bbox 2186 4218 3765 4298">
     <span class='ocr_line' id='line_1_88' title="bbox 2186 4218 3765 4298; baseline -0.011 -10"><span class='ocrx_word' id='word_1_612' title='bbox 2186 4237 2237 4288; x_wconf 78' lang='grc' dir='ltr'><strong>οἱ</strong></span> <span class='ocrx_word' id='word_1_613' title='bbox 2271 4233 2366 4287; x_wconf 81' lang='grc' dir='ltr'><strong>τοῦ</strong></span> <span class='ocrx_word' id='word_1_614' title='bbox 2399 4232 2632 4294; x_wconf 84' lang='grc' dir='ltr'>ἄνακτος</span> <span class='ocrx_word' id='word_1_615' title='bbox 2682 4229 2986 4298; x_wconf 83' lang='grc' dir='ltr'>εὐποροῖεν,</span> <span class='ocrx_word' id='word_1_616' title='bbox 3045 4225 3209 4287; x_wconf 68' lang='grc' dir='ltr'>αὐτὸς</span> <span class='ocrx_word' id='word_1_617' title='bbox 3249 4225 3458 4284; x_wconf 75' lang='grc' dir='ltr'>ἐκεῖνος</span> <span class='ocrx_word' id='word_1_618' title='bbox 3498 4221 3670 4273; x_wconf 82' lang='grc' dir='ltr'>πόσου</span> <span class='ocrx_word' id='word_1_619' title='bbox 3703 4218 3765 4272; x_wconf 82' lang='grc' dir='ltr'><strong>ἂν</strong></span> 
     </span>
    </p>
   </div>
   <div class='ocr_carea' id='block_1_89' title="bbox 2187 4308 3762 4394">
    <p class='ocr_par' dir='ltr' id='par_1_89' title="bbox 2187 4308 3762 4394">
     <span class='ocr_line' id='line_1_89' title="bbox 2187 4308 3762 4394; baseline -0.01 -17"><span class='ocrx_word' id='word_1_620' title='bbox 2187 4324 2274 4394; x_wconf 70' lang='grc' dir='ltr'>εἴη</span> <span class='ocrx_word' id='word_1_621' title='bbox 2311 4323 2500 4393; x_wconf 82' lang='grc' dir='ltr'>κύριος</span> <span class='ocrx_word' id='word_1_622' title='bbox 2536 4318 2804 4384; x_wconf 73' lang='grc' dir='ltr'>πλούτους</span> <span class='ocrx_word' id='word_1_623' title='bbox 2851 4315 3212 4386; x_wconf 79' lang='grc' dir='ltr'>Ἀφικόμενος</span> <span class='ocrx_word' id='word_1_624' title='bbox 3268 4310 3364 4367; x_wconf 83' lang='grc' dir='ltr'><strong>οὖν</strong></span> <span class='ocrx_word' id='word_1_625' title='bbox 3398 4315 3480 4376; x_wconf 85' lang='grc' dir='ltr'><strong>είς</strong></span> <span class='ocrx_word' id='word_1_626' title='bbox 3528 4312 3628 4383; x_wconf 73' lang='grc' dir='ltr'>τὴν</span> <span class='ocrx_word' id='word_1_627' title='bbox 3670 4308 3762 4364; x_wconf 76' lang='grc' dir='ltr'><strong>τού</strong></span> 
     </span>
    </p>
   </div>
   <div class='ocr_carea' id='block_1_90' title="bbox 2185 4402 3764 4484">
    <p class='ocr_par' dir='ltr' id='par_1_90' title="bbox 2185 4402 3764 4484">
     <span class='ocr_line' id='line_1_90' title="bbox 2185 4402 3764 4484; baseline -0.009 -15"><span class='ocrx_word' id='word_1_628' title='bbox 2185 4416 2371 4484; x_wconf 84' lang='grc' dir='ltr'>Βαγδᾶ</span> <span class='ocrx_word' id='word_1_629' title='bbox 2415 4415 2569 4466; x_wconf 86' lang='grc' dir='ltr'>πόλιν</span> <span class='ocrx_word' id='word_1_630' title='bbox 2599 4413 2627 4464; x_wconf 83' lang='grc' dir='ltr'>ὁ</span> <span class='ocrx_word' id='word_1_631' title='bbox 2672 4409 2974 4478; x_wconf 85' lang='grc' dir='ltr'>Σύγκελλος</span> <span class='ocrx_word' id='word_1_632' title='bbox 3011 4406 3176 4476; x_wconf 77' lang='grc' dir='ltr'>(αὕτη</span> <span class='ocrx_word' id='word_1_633' title='bbox 3205 4406 3251 4458; x_wconf 81' lang='grc' dir='ltr'>δ’</span> <span class='ocrx_word' id='word_1_634' title='bbox 3296 4407 3445 4458; x_wconf 75' lang='grc' dir='ltr'>ἐστὶν</span> <span class='ocrx_word' id='word_1_635' title='bbox 3497 4406 3532 4476; x_wconf 77' lang='grc' dir='ltr'><strong>ἡ</strong></span> <span class='ocrx_word' id='word_1_636' title='bbox 3562 4402 3764 4458; x_wconf 85' lang='grc' dir='ltr'>παλαιά</span> 
     </span>
    </p>
   </div>
   <div class='ocr_carea' id='block_1_91' title="bbox 2191 4497 3760 4575">
    <p class='ocr_par' dir='ltr' id='par_1_91' title="bbox 2191 4497 3760 4575">
     <span class='ocr_line' id='line_1_91' title="bbox 2191 4497 3760 4575; baseline -0.009 -14"><span class='ocrx_word' id='word_1_637' title='bbox 2191 4506 2469 4575; x_wconf 82' lang='grc' dir='ltr'>Βαϐυλὼν)</span> <span class='ocrx_word' id='word_1_638' title='bbox 2508 4504 2621 4575; x_wconf 75' lang='grc'>(25)</span> <span class='ocrx_word' id='word_1_639' title='bbox 2669 4503 2764 4556; x_wconf 69' lang='grc' dir='ltr'><strong>καὶ</strong></span> <span class='ocrx_word' id='word_1_640' title='bbox 2803 4499 2882 4571; x_wconf 83' lang='grc' dir='ltr'>τῷ</span> <span class='ocrx_word' id='word_1_641' title='bbox 2914 4500 3022 4553; x_wconf 85' lang='grc' dir='ltr'><strong>τῶν</strong></span> <span class='ocrx_word' id='word_1_642' title='bbox 3061 4499 3386 4570; x_wconf 78' lang='grc' dir='ltr'>Ἀγαρηνῶν</span> <span class='ocrx_word' id='word_1_643' title='bbox 3420 4497 3654 4569; x_wconf 81' lang='grc' dir='ltr'>ἀρχηγῷ</span> <span class='ocrx_word' id='word_1_644' title='bbox 3683 4497 3760 4556; x_wconf 83' lang='grc' dir='ltr'><strong>είς</strong></span> 
     </span>
    </p>
   </div>
   <div class='ocr_carea' id='block_1_92' title="bbox 508 4582 2084 4671">
    <p class='ocr_par' dir='ltr' id='par_1_92' title="bbox 508 4594 2082 4671">
     <span class='ocr_line' id='line_1_92' title="bbox 508 4594 2082 4671; baseline 0.006 -23"><span class='ocrx_word' id='word_1_645' title='bbox 508 4601 572 4648; x_wconf 88' lang='lat' dir='ltr'><strong>ut</strong></span> <span class='ocrx_word' id='word_1_646' title='bbox 600 4594 833 4667; x_wconf 87' lang='lat' dir='ltr'><strong>periret)</strong></span> <span class='ocrx_word' id='word_1_647' title='bbox 863 4610 892 4650; x_wconf 91' lang='lat' dir='ltr'><strong>a</strong></span> <span class='ocrx_word' id='word_1_648' title='bbox 930 4597 1167 4666; x_wconf 88' lang='lat' dir='ltr'><strong>quodam</strong></span> <span class='ocrx_word' id='word_1_649' title='bbox 1195 4605 1280 4653; x_wconf 87' lang='lat' dir='ltr'><strong>est</strong></span> <span class='ocrx_word' id='word_1_650' title='bbox 1311 4605 1652 4668; x_wconf 88' lang='lat' dir='ltr'><strong>surreptum,</strong></span> <span class='ocrx_word' id='word_1_651' title='bbox 1679 4601 2082 4671; x_wconf 84' lang='lat' dir='ltr'><strong>quaesitumque</strong></span> 
     </span>
    </p>
   </div>
   <div class='ocr_carea' id='block_1_93' title="bbox 2190 4582 3762 4671">
    <p class='ocr_par' dir='ltr' id='par_1_93' title="bbox 2190 4588 3762 4662">
     <span class='ocr_line' id='line_1_93' title="bbox 2190 4588 3762 4662; baseline -0.008 -9"><span class='ocrx_word' id='word_1_652' title='bbox 2190 4600 2322 4654; x_wconf 84' lang='grc' dir='ltr'>θέαν</span> <span class='ocrx_word' id='word_1_653' title='bbox 2355 4597 2547 4662; x_wconf 74' lang='grc' dir='ltr'>ἐλθὼν,</span> <span class='ocrx_word' id='word_1_654' title='bbox 2609 4596 2706 4648; x_wconf 81' lang='grc' dir='ltr'><strong>καὶ</strong></span> <span class='ocrx_word' id='word_1_655' title='bbox 2747 4591 3077 4662; x_wconf 71' lang='grc' dir='ltr'>διαλεχθεὶς,</span> <span class='ocrx_word' id='word_1_656' title='bbox 3112 4592 3208 4645; x_wconf 77' lang='grc' dir='ltr'>καὶ</span> <span class='ocrx_word' id='word_1_657' title='bbox 3257 4591 3327 4644; x_wconf 83' lang='grc' dir='ltr'>τὰ</span> <span class='ocrx_word' id='word_1_658' title='bbox 3370 4589 3467 4644; x_wconf 83' lang='grc' dir='ltr'>τοῦ</span> <span class='ocrx_word' id='word_1_659' title='bbox 3501 4588 3762 4660; x_wconf 81' lang='grc' dir='ltr'>βασιλέως</span> 
     </span>
    </p>
   </div>
   <div class='ocr_carea' id='block_1_94' title="bbox 507 4689 2079 4762">
    <p class='ocr_par' dir='ltr' id='par_1_94' title="bbox 507 4689 2079 4762">
     <span class='ocr_line' id='line_1_94' title="bbox 507 4689 2079 4762; baseline 0.004 -21"><span class='ocrx_word' id='word_1_660' title='bbox 507 4701 779 4756; x_wconf 87' lang='lat' dir='ltr'><strong>nusquam</strong></span> <span class='ocrx_word' id='word_1_661' title='bbox 807 4694 1136 4758; x_wconf 90' lang='lat' dir='ltr'><strong>comparuit.</strong></span> <span class='ocrx_word' id='word_1_662' title='bbox 1178 4689 1405 4744; x_wconf 89' lang='lat' dir='ltr'><strong>Barbari</strong></span> <span class='ocrx_word' id='word_1_663' title='bbox 1443 4691 1612 4761; x_wconf 85' lang='lat' dir='ltr'><strong>igitur</strong></span> <span class='ocrx_word' id='word_1_664' title='bbox 1641 4703 2079 4762; x_wconf 89' lang='lat' dir='ltr'><strong>murmurarunt,</strong></span> 
     </span>
    </p>
   </div>
   <div class='ocr_carea' id='block_1_95' title="bbox 508 4781 2082 4855">
    <p class='ocr_par' dir='ltr' id='par_1_95' title="bbox 508 4781 2082 4855">
     <span class='ocr_line' id='line_1_95' title="bbox 508 4781 2082 4855; baseline 0.003 -19"><span class='ocrx_word' id='word_1_665' title='bbox 508 4787 566 4836; x_wconf 84' lang='lat' dir='ltr'><strong>et</strong></span> <span class='ocrx_word' id='word_1_666' title='bbox 596 4781 834 4852; x_wconf 89' lang='lat' dir='ltr'><strong>pretium</strong></span> <span class='ocrx_word' id='word_1_667' title='bbox 867 4782 1013 4838; x_wconf 90' lang='lat' dir='ltr'><strong>illius</strong></span> <span class='ocrx_word' id='word_1_668' title='bbox 1043 4792 1100 4838; x_wconf 90' lang='lat' dir='ltr'><strong>et</strong></span> <span class='ocrx_word' id='word_1_669' title='bbox 1139 4783 1464 4854; x_wconf 83' lang='lat' dir='ltr'><strong>elegantiam</strong></span> <span class='ocrx_word' id='word_1_670' title='bbox 1499 4793 1890 4855; x_wconf 81' lang='lat' dir='ltr'><strong>exaggerantes</strong></span> <span class='ocrx_word' id='word_1_671' title='bbox 1917 4799 1931 4838; x_wconf 89' lang='lat'><strong>:</strong></span> <span class='ocrx_word' id='word_1_672' title='bbox 1965 4786 2082 4854; x_wconf 86' lang='lat' dir='ltr'><strong>ipse</strong></span> 
     </span>
    </p>
   </div>
   <div class='ocr_carea' id='block_1_96' title="bbox 512 4874 2079 4944">
    <p class='ocr_par' dir='ltr' id='par_1_96' title="bbox 512 4874 2079 4944">
     <span class='ocr_line' id='line_1_96' title="bbox 512 4874 2079 4944; baseline 0.003 -19"><span class='ocrx_word' id='word_1_673' title='bbox 512 4887 644 4928; x_wconf 88' lang='lat' dir='ltr'><strong>vero</strong></span> <span class='ocrx_word' id='word_1_674' title='bbox 669 4888 794 4928; x_wconf 90' lang='lat' dir='ltr'><strong>cum</strong></span> <span class='ocrx_word' id='word_1_675' title='bbox 809 4888 929 4928; x_wconf 91' lang='lat' dir='ltr'><strong>eam</strong></span> <span class='ocrx_word' id='word_1_676' title='bbox 953 4874 1225 4944; x_wconf 72' lang='lat' dir='ltr'><strong>iacturam</strong></span> <span class='ocrx_word' id='word_1_677' title='bbox 1250 4875 1355 4928; x_wconf 86' lang='lat' dir='ltr'><strong>sibi</strong></span> <span class='ocrx_word' id='word_1_678' title='bbox 1381 4889 1528 4930; x_wconf 58' lang='lat' dir='ltr'><strong>cura:</strong></span> <span class='ocrx_word' id='word_1_679' title='bbox 1549 4891 1660 4930; x_wconf 88' lang='lat' dir='ltr'><strong>non</strong></span> <span class='ocrx_word' id='word_1_680' title='bbox 1682 4891 1802 4930; x_wconf 85' lang='lat' dir='ltr'><strong>esse</strong></span> <span class='ocrx_word' id='word_1_681' title='bbox 1826 4875 2079 4941; x_wconf 82' lang='lat' dir='ltr'><strong>dixisset,</strong></span> 
     </span>
    </p>
   </div>
   <div class='ocr_carea' id='block_1_97' title="bbox 513 4965 2084 5039">
    <p class='ocr_par' dir='ltr' id='par_1_97' title="bbox 513 4965 2084 5039">
     <span class='ocr_line' id='line_1_97' title="bbox 513 4965 2084 5039; baseline 0.001 -19"><span class='ocrx_word' id='word_1_682' title='bbox 513 4980 610 5021; x_wconf 89' lang='lat' dir='ltr'><strong>eos</strong></span> <span class='ocrx_word' id='word_1_683' title='bbox 649 4965 1015 5036; x_wconf 90' lang='lat' dir='ltr'><strong>obstupefecit</strong></span> <span class='ocrx_word' id='word_1_684' title='bbox 1043 4982 1205 5036; x_wconf 90' lang='lat' dir='ltr'><strong>quem</strong></span> <span class='ocrx_word' id='word_1_685' title='bbox 1245 4975 1448 5021; x_wconf 87' lang='lat' dir='ltr'><strong>tantam</strong></span> <span class='ocrx_word' id='word_1_686' title='bbox 1494 4983 1610 5023; x_wconf 91' lang='lat' dir='ltr'><strong>rem</strong></span> <span class='ocrx_word' id='word_1_687' title='bbox 1653 4968 1929 5039; x_wconf 84' lang='lat' dir='ltr'><strong>negligere</strong></span> <span class='ocrx_word' id='word_1_688' title='bbox 1959 4982 2084 5022; x_wconf 87' lang='lat' dir='ltr'><strong>eer-</strong></span> 
     </span>
    </p>
   </div>
   <div class='ocr_carea' id='block_1_98' title="bbox 511 5057 2087 5130">
    <p class='ocr_par' dir='ltr' id='par_1_98' title="bbox 511 5057 2087 5130">
     <span class='ocr_line' id='line_1_98' title="bbox 511 5057 2087 5130; baseline 0.003 -20"><span class='ocrx_word' id='word_1_689' title='bbox 511 5064 748 5122; x_wconf 76' lang='lat' dir='ltr'><strong>rerent,</strong></span> <span class='ocrx_word' id='word_1_690' title='bbox 783 5065 838 5111; x_wconf 92' lang='lat' dir='ltr'><strong>ct</strong></span> <span class='ocrx_word' id='word_1_691' title='bbox 870 5073 900 5113; x_wconf 90' lang='lat' dir='ltr'><strong>a</strong></span> <span class='ocrx_word' id='word_1_692' title='bbox 943 5057 1213 5112; x_wconf 90' lang='lat' dir='ltr'><strong>ministris</strong></span> <span class='ocrx_word' id='word_1_693' title='bbox 1241 5059 1476 5112; x_wconf 90' lang='lat' dir='ltr'><strong>alterum</strong></span> <span class='ocrx_word' id='word_1_694' title='bbox 1522 5057 1708 5113; x_wconf 69' lang='lat' dir='ltr'><strong>afferri</strong></span> <span class='ocrx_word' id='word_1_695' title='bbox 1742 5059 1939 5130; x_wconf 87' lang='lat' dir='ltr'><strong>jussit,</strong></span> <span class='ocrx_word' id='word_1_696' title='bbox 1975 5074 2087 5130; x_wconf 89' lang='lat' dir='ltr'><strong>quo</strong></span> 
     </span>
    </p>
   </div>
   <div class='ocr_carea' id='block_1_99' title="bbox 511 5148 2088 5224">
    <p class='ocr_par' dir='ltr' id='par_1_99' title="bbox 511 5148 2088 5224">
     <span class='ocr_line' id='line_1_99' title="bbox 511 5148 2088 5224; baseline 0.003 -22"><span class='ocrx_word' id='word_1_697' title='bbox 511 5148 678 5204; x_wconf 88' lang='lat' dir='ltr'><strong>allato</strong></span> <span class='ocrx_word' id='word_1_698' title='bbox 711 5149 882 5221; x_wconf 86' lang='lat' dir='ltr'><strong>magis</strong></span> <span class='ocrx_word' id='word_1_699' title='bbox 911 5150 1076 5205; x_wconf 88' lang='lat' dir='ltr'><strong>etiam</strong></span> <span class='ocrx_word' id='word_1_700' title='bbox 1109 5149 1362 5206; x_wconf 87' lang='lat' dir='ltr'><strong>admirati</strong></span> <span class='ocrx_word' id='word_1_701' title='bbox 1397 5159 1544 5204; x_wconf 86' lang='lat' dir='ltr'><strong>sunt.</strong></span> <span class='ocrx_word' id='word_1_702' title='bbox 1579 5149 1685 5206; x_wconf 88' lang='lat' dir='ltr'><strong>Sed</strong></span> <span class='ocrx_word' id='word_1_703' title='bbox 1717 5161 1772 5206; x_wconf 89' lang='lat' dir='ltr'><strong>et</strong></span> <span class='ocrx_word' id='word_1_704' title='bbox 1804 5151 2088 5224; x_wconf 87' lang='lat' dir='ltr'><strong>Agareno-</strong></span> 
     </span>
    </p>
   </div>
   <div class='ocr_carea' id='block_1_100' title="bbox 513 5245 2085 5317">
    <p class='ocr_par' dir='ltr' id='par_1_100' title="bbox 513 5245 2085 5317">
     <span class='ocr_line' id='line_1_100' title="bbox 513 5245 2085 5317; baseline 0.004 -21"><span class='ocrx_word' id='word_1_705' title='bbox 513 5258 634 5300; x_wconf 88' lang='lat' dir='ltr'><strong>rum</strong></span> <span class='ocrx_word' id='word_1_706' title='bbox 679 5245 936 5315; x_wconf 86' lang='lat' dir='ltr'><strong>princeps</strong></span> <span class='ocrx_word' id='word_1_707' title='bbox 984 5246 1224 5302; x_wconf 88' lang='lat' dir='ltr'><strong>vicissim</strong></span> <span class='ocrx_word' id='word_1_708' title='bbox 1275 5245 1735 5317; x_wconf 81' lang='lat' dir='ltr'><strong>magnificentiam</strong></span> <span class='ocrx_word' id='word_1_709' title='bbox 1779 5255 2085 5310; x_wconf 89' lang='lat' dir='ltr'><strong>ostentans,</strong></span> 
     </span>
    </p>
   </div>
   <div class='ocr_carea' id='block_1_101' title="bbox 509 5335 2086 5409">
    <p class='ocr_par' dir='ltr' id='par_1_101' title="bbox 509 5335 2086 5409">
     <span class='ocr_line' id='line_1_101' title="bbox 509 5335 2086 5409; baseline -0.001 -17"><span class='ocrx_word' id='word_1_710' title='bbox 509 5335 777 5392; x_wconf 83' lang='lat' dir='ltr'><strong>Joannem</strong></span> <span class='ocrx_word' id='word_1_711' title='bbox 813 5340 1026 5409; x_wconf 79' lang='lat' dir='ltr'><strong>magnis</strong></span> <span class='ocrx_word' id='word_1_712' title='bbox 1059 5339 1380 5394; x_wconf 87' lang='lat' dir='ltr'><strong>muneribus</strong></span> <span class='ocrx_word' id='word_1_713' title='bbox 1409 5337 1613 5404; x_wconf 76' lang='lat' dir='ltr'><strong>affecit,</strong></span> <span class='ocrx_word' id='word_1_714' title='bbox 1651 5346 1858 5408; x_wconf 87' lang='lat' dir='ltr'><strong>etpost</strong></span> <span class='ocrx_word' id='word_1_715' title='bbox 1889 5347 2086 5395; x_wconf 84' lang='lat' dir='ltr'><strong>caetera</strong></span> 
     </span>
    </p>
   </div>
   <div class='ocr_carea' id='block_1_102' title="bbox 2186 4676 3756 4760">
    <p class='ocr_par' dir='ltr' id='par_1_102' title="bbox 2186 4676 3756 4760">
     <span class='ocr_line' id='line_1_102' title="bbox 2186 4676 3756 4760; baseline -0.01 -16"><span class='ocrx_word' id='word_1_716' title='bbox 2186 4690 2338 4760; x_wconf 89' lang='grc' dir='ltr'>δῶρα</span> <span class='ocrx_word' id='word_1_717' title='bbox 2375 4685 2762 4758; x_wconf 86' lang='grc' dir='ltr'>προσαγαγὼν,</span> <span class='ocrx_word' id='word_1_718' title='bbox 2811 4687 2904 4738; x_wconf 70' lang='grc' dir='ltr'><strong>καὶ</strong></span> <span class='ocrx_word' id='word_1_719' title='bbox 2932 4684 3020 4738; x_wconf 75' lang='grc' dir='ltr'>διὰ</span> <span class='ocrx_word' id='word_1_720' title='bbox 3070 4681 3266 4750; x_wconf 85' lang='grc' dir='ltr'>ταῦτα,</span> <span class='ocrx_word' id='word_1_721' title='bbox 3299 4683 3396 4735; x_wconf 71' lang='grc' dir='ltr'>καὶ</span> <span class='ocrx_word' id='word_1_722' title='bbox 3423 4681 3516 4736; x_wconf 80' lang='grc' dir='ltr'>διὰ</span> <span class='ocrx_word' id='word_1_723' title='bbox 3543 4681 3644 4753; x_wconf 84' lang='grc' dir='ltr'>τὴν</span> <span class='ocrx_word' id='word_1_724' title='bbox 3669 4676 3756 4732; x_wconf 78' lang='grc' dir='ltr'>τοῦ</span> 
     </span>
    </p>
   </div>
   <div class='ocr_carea' id='block_1_103' title="bbox 2189 4766 3759 4847">
    <p class='ocr_par' dir='ltr' id='par_1_103' title="bbox 2189 4766 3759 4847">
     <span class='ocr_line' id='line_1_103' title="bbox 2189 4766 3759 4847; baseline -0.008 -16"><span class='ocrx_word' id='word_1_725' title='bbox 2189 4779 2350 4847; x_wconf 83' lang='grc' dir='ltr'>λόγου</span> <span class='ocrx_word' id='word_1_726' title='bbox 2379 4776 2610 4844; x_wconf 88' lang='grc' dir='ltr'>δύναμιν</span> <span class='ocrx_word' id='word_1_727' title='bbox 2641 4769 2729 4846; x_wconf 72' lang='grc' dir='ltr'><strong>(ἦν</strong></span> <span class='ocrx_word' id='word_1_728' title='bbox 2753 4773 2862 4844; x_wconf 88' lang='grc' dir='ltr'><strong>γάρ</strong></span> <span class='ocrx_word' id='word_1_729' title='bbox 2889 4773 2970 4836; x_wconf 79' lang='grc' dir='ltr'><strong>εἰς</strong></span> <span class='ocrx_word' id='word_1_730' title='bbox 2997 4771 3236 4838; x_wconf 79' lang='grc' dir='ltr'>διάλεξιν</span> <span class='ocrx_word' id='word_1_731' title='bbox 3289 4767 3619 4841; x_wconf 78' lang='grc' dir='ltr'>περιδέξιος)</span> <span class='ocrx_word' id='word_1_732' title='bbox 3672 4766 3759 4822; x_wconf 74' lang='grc' dir='ltr'><strong>καὶ</strong></span> 
     </span>
    </p>
   </div>
   <div class='ocr_carea' id='block_1_104' title="bbox 2189 4862 3760 4940">
    <p class='ocr_par' dir='ltr' id='par_1_104' title="bbox 2189 4862 3760 4940">
     <span class='ocr_line' id='line_1_104' title="bbox 2189 4862 3760 4940; baseline -0.006 -15"><span class='ocrx_word' id='word_1_733' title='bbox 2189 4870 2415 4940; x_wconf 77' lang='grc' dir='ltr'>ἐτιμᾶτο</span> <span class='ocrx_word' id='word_1_734' title='bbox 2441 4869 2538 4922; x_wconf 69' lang='grc' dir='ltr'><strong>καὶ</strong></span> <span class='ocrx_word' id='word_1_735' title='bbox 2574 4865 2938 4936; x_wconf 77' lang='grc' dir='ltr'>ἐθαυμάζετο.</span> <span class='ocrx_word' id='word_1_736' title='bbox 2979 4863 3147 4917; x_wconf 81' lang='grc' dir='ltr'>Πλέον</span> <span class='ocrx_word' id='word_1_737' title='bbox 3189 4863 3235 4916; x_wconf 75' lang='grc' dir='ltr'>δ’</span> <span class='ocrx_word' id='word_1_738' title='bbox 3260 4862 3608 4934; x_wconf 82' lang='grc' dir='ltr'>ὲξεθάμϐησε</span> <span class='ocrx_word' id='word_1_739' title='bbox 3639 4877 3760 4924; x_wconf 85' lang='grc' dir='ltr'>τους</span> 
     </span>
    </p>
   </div>
   <div class='ocr_carea' id='block_1_105' title="bbox 2190 4953 3755 5034">
    <p class='ocr_par' dir='ltr' id='par_1_105' title="bbox 2190 4953 3755 5034">
     <span class='ocr_line' id='line_1_105' title="bbox 2190 4953 3755 5034; baseline -0.006 -18"><span class='ocrx_word' id='word_1_740' title='bbox 2190 4961 2508 5034; x_wconf 79' lang='grc' dir='ltr'>Βαρϐἀρους</span> <span class='ocrx_word' id='word_1_741' title='bbox 2533 4956 2943 5028; x_wconf 83' lang='grc' dir='ltr'>φιλοτιμώτατα</span> <span class='ocrx_word' id='word_1_742' title='bbox 2995 4957 3132 5027; x_wconf 77' lang='grc' dir='ltr'>πρὸς</span> <span class='ocrx_word' id='word_1_743' title='bbox 3161 4955 3362 5018; x_wconf 75' lang='grc' dir='ltr'>αὐτοὺς</span> <span class='ocrx_word' id='word_1_744' title='bbox 3394 4953 3755 5025; x_wconf 83' lang='grc' dir='ltr'>διακείμενος.</span> 
     </span>
    </p>
   </div>
   <div class='ocr_carea' id='block_1_106' title="bbox 2183 5045 3756 5123">
    <p class='ocr_par' dir='ltr' id='par_1_106' title="bbox 2183 5045 3756 5123">
     <span class='ocr_line' id='line_1_106' title="bbox 2183 5045 3756 5123; baseline -0.006 -14"><span class='ocrx_word' id='word_1_745' title='bbox 2183 5057 2248 5110; x_wconf 76' lang='lat' dir='ltr'><strong>Et</strong></span> <span class='ocrx_word' id='word_1_746' title='bbox 2283 5053 2392 5123; x_wconf 81' lang='grc' dir='ltr'>γάρ</span> <span class='ocrx_word' id='word_1_747' title='bbox 2427 5068 2572 5116; x_wconf 87' lang='grc' dir='ltr'>τινες</span> <span class='ocrx_word' id='word_1_748' title='bbox 2599 5051 2795 5120; x_wconf 75' lang='grc' dir='ltr'>ἐκείνῳ</span> <span class='ocrx_word' id='word_1_749' title='bbox 2825 5047 3156 5119; x_wconf 77' lang='grc' dir='ltr'>προσῄεσαν,</span> <span class='ocrx_word' id='word_1_750' title='bbox 3189 5047 3222 5118; x_wconf 82' lang='grc' dir='ltr'>ἢ</span> <span class='ocrx_word' id='word_1_751' title='bbox 3249 5045 3402 5120; x_wconf 85' lang='grc' dir='ltr'><strong>παρά</strong></span> <span class='ocrx_word' id='word_1_752' title='bbox 3446 5045 3540 5100; x_wconf 79' lang='grc' dir='ltr'>τοῦ</span> <span class='ocrx_word' id='word_1_753' title='bbox 3571 5046 3756 5117; x_wconf 82' lang='grc' dir='ltr'>σφετέ-</span> 
     </span>
    </p>
   </div>
   <div class='ocr_carea' id='block_1_107' title="bbox 2186 5139 3757 5222">
    <p class='ocr_par' dir='ltr' id='par_1_107' title="bbox 2186 5139 3757 5222">
     <span class='ocr_line' id='line_1_107' title="bbox 2186 5139 3757 5222; baseline -0.006 -19"><span class='ocrx_word' id='word_1_754' title='bbox 2186 5167 2281 5222; x_wconf 81' lang='grc' dir='ltr'><strong>ρου</strong></span> <span class='ocrx_word' id='word_1_755' title='bbox 2313 5145 2657 5216; x_wconf 86' lang='grc' dir='ltr'>στελλόμενοι</span> <span class='ocrx_word' id='word_1_756' title='bbox 2690 5143 2974 5214; x_wconf 77' lang='grc' dir='ltr'>ἄρχοντος,</span> <span class='ocrx_word' id='word_1_757' title='bbox 3005 5142 3038 5211; x_wconf 79' lang='grc' dir='ltr'><strong>ἢ</strong></span> <span class='ocrx_word' id='word_1_758' title='bbox 3086 5141 3233 5194; x_wconf 83' lang='grc' dir='ltr'>κοιτά</span> <span class='ocrx_word' id='word_1_759' title='bbox 3260 5157 3385 5195; x_wconf 90' lang='grc' dir='ltr'>τινα</span> <span class='ocrx_word' id='word_1_760' title='bbox 3433 5142 3624 5212; x_wconf 86' lang='grc' dir='ltr'>χρείαν</span> <span class='ocrx_word' id='word_1_761' title='bbox 3669 5139 3757 5194; x_wconf 77' lang='grc' dir='ltr'><strong>ἀ).-</strong></span> 
     </span>
    </p>
   </div>
   <div class='ocr_carea' id='block_1_108' title="bbox 2184 5233 3754 5312">
    <p class='ocr_par' dir='ltr' id='par_1_108' title="bbox 2184 5233 3754 5312">
     <span class='ocr_line' id='line_1_108' title="bbox 2184 5233 3754 5312; baseline -0.009 -16"><span class='ocrx_word' id='word_1_762' title='bbox 2184 5243 2306 5312; x_wconf 82' lang='grc' dir='ltr'>λην,</span> <span class='ocrx_word' id='word_1_763' title='bbox 2339 5241 2618 5312; x_wconf 85' lang='grc' dir='ltr'>χρήμασιν</span> <span class='ocrx_word' id='word_1_764' title='bbox 2647 5236 2846 5300; x_wconf 81' lang='grc' dir='ltr'>αὐτοὺς</span> <span class='ocrx_word' id='word_1_765' title='bbox 2891 5233 3160 5301; x_wconf 69' lang='grc' dir='ltr'>ὶδεξιοῦτο</span> <span class='ocrx_word' id='word_1_766' title='bbox 3221 5234 3514 5303; x_wconf 78' lang='grc' dir='ltr'>μεγάλοις,</span> <span class='ocrx_word' id='word_1_767' title='bbox 3547 5235 3622 5298; x_wconf 83' lang='grc' dir='ltr'><strong>ὡς</strong></span> <span class='ocrx_word' id='word_1_768' title='bbox 3665 5233 3754 5285; x_wconf 74' lang='grc' dir='ltr'>καὶ</span> 
     </span>
    </p>
   </div>
   <div class='ocr_carea' id='block_1_109' title="bbox 2186 5323 3757 5406">
    <p class='ocr_par' dir='ltr' id='par_1_109' title="bbox 2186 5323 3757 5406">
     <span class='ocr_line' id='line_1_109' title="bbox 2186 5323 3757 5406; baseline -0.006 -20"><span class='ocrx_word' id='word_1_769' title='bbox 2186 5335 2399 5406; x_wconf 87' lang='grc' dir='ltr'>χαίρειν</span> <span class='ocrx_word' id='word_1_770' title='bbox 2435 5330 2528 5384; x_wconf 72' lang='grc' dir='ltr'>καὶ</span> <span class='ocrx_word' id='word_1_771' title='bbox 2557 5325 3000 5400; x_wconf 77' lang='grc' dir='ltr'>τεθηπέναιτοῦς</span> <span class='ocrx_word' id='word_1_772' title='bbox 3025 5325 3198 5380; x_wconf 78' lang='grc' dir='ltr'>ταῦτα</span> <span class='ocrx_word' id='word_1_773' title='bbox 3236 5325 3638 5396; x_wconf 69' lang='grc' dir='ltr'>λαμϐάνοντας.</span> <span class='ocrx_word' id='word_1_774' title='bbox 3675 5323 3757 5376; x_wconf 88' lang='lat'><strong>&#39;0-</strong></span> 
     </span>
    </p>
   </div>
   <div class='ocr_carea' id='block_1_110' title="bbox 1700 5473 2550 5538">
    <p class='ocr_par' dir='ltr' id='par_1_110' title="bbox 1700 5473 2550 5538">
     <span class='ocr_line' id='line_1_110' title="bbox 1700 5473 2550 5538; baseline -0.009 -2"><span class='ocrx_word' id='word_1_775' title='bbox 1700 5473 1900 5538; x_wconf 65' lang='lat' dir='ltr'><strong>Variaa</strong></span> <span class='ocrx_word' id='word_1_776' title='bbox 1929 5474 2232 5538; x_wconf 86' lang='lat' dir='ltr'><strong>lectiones</strong></span> <span class='ocrx_word' id='word_1_777' title='bbox 2269 5478 2331 5533; x_wconf 87' lang='lat' dir='ltr'><strong>et</strong></span> <span class='ocrx_word' id='word_1_778' title='bbox 2362 5474 2550 5531; x_wconf 80' lang='lat' dir='ltr'><strong>notae.</strong></span> 
     </span>
    </p>
   </div>
   <div class='ocr_carea' id='block_1_111' title="bbox 587 5592 2088 5664">
    <p class='ocr_par' dir='ltr' id='par_1_111' title="bbox 587 5592 2088 5664">
     <span class='ocr_line' id='line_1_111' title="bbox 587 5592 2088 5664; baseline 0.003 -19"><span class='ocrx_word' id='word_1_779' title='bbox 587 5593 700 5664; x_wconf 68' lang='lat' dir='ltr'><strong>(‘22l</strong></span> <span class='ocrx_word' id='word_1_780' title='bbox 749 5593 979 5660; x_wconf 67' lang='lat' dir='ltr'><strong>Mdrrq.</strong></span> <span class='ocrx_word' id='word_1_781' title='bbox 1037 5595 1110 5645; x_wconf 72' lang='lat' dir='ltr'><strong>l&#39;a</strong></span> <span class='ocrx_word' id='word_1_782' title='bbox 1164 5594 1385 5663; x_wconf 85' lang='lat' dir='ltr'><strong>quidam</strong></span> <span class='ocrx_word' id='word_1_783' title='bbox 1449 5593 1636 5663; x_wconf 88' lang='lat' dir='ltr'><strong>codd.;</strong></span> <span class='ocrx_word' id='word_1_784' title='bbox 1671 5592 1762 5648; x_wconf 83' lang='lat' dir='ltr'><strong>alii</strong></span> <span class='ocrx_word' id='word_1_785' title='bbox 1811 5595 1996 5662; x_wconf 87' lang='grc' dir='ltr'>Μάνα,</span> <span class='ocrx_word' id='word_1_786' title='bbox 2025 5606 2088 5650; x_wconf 86' lang='lat' dir='ltr'><strong>ut</strong></span> 
     </span>
    </p>
   </div>
   <div class='ocr_carea' id='block_1_112' title="bbox 511 5663 1118 5730">
    <p class='ocr_par' dir='ltr' id='par_1_112' title="bbox 511 5663 1118 5730">
     <span class='ocr_line' id='line_1_112' title="bbox 511 5663 1118 5730; baseline -0.005 -14"><span class='ocrx_word' id='word_1_787' title='bbox 511 5663 896 5730; x_wconf 74' lang='lat' dir='ltr'><strong>Theophanes,</strong></span> <span class='ocrx_word' id='word_1_788' title='bbox 929 5675 982 5719; x_wconf 82' lang='lat' dir='ltr'><strong>et</strong></span> <span class='ocrx_word' id='word_1_789' title='bbox 1009 5667 1118 5716; x_wconf 77' lang='lat' dir='ltr'><strong>alii.</strong></span> 
     </span>
    </p>
   </div>
   <div class='ocr_carea' id='block_1_113' title="bbox 583 5734 2077 5806">
    <p class='ocr_par' dir='ltr' id='par_1_113' title="bbox 583 5734 2077 5806">
     <span class='ocr_line' id='line_1_113' title="bbox 583 5734 2077 5806; baseline 0.005 -21"><span class='ocrx_word' id='word_1_790' title='bbox 583 5734 694 5806; x_wconf 73' lang='lat'><strong>(9.5)</strong></span> <span class='ocrx_word' id='word_1_791' title='bbox 753 5737 806 5806; x_wconf 70' lang='grc' dir='ltr'><em>Η</em></span> <span class='ocrx_word' id='word_1_792' title='bbox 841 5735 1064 5787; x_wconf 72' lang='grc' dir='ltr'>παλαιὰ</span> <span class='ocrx_word' id='word_1_793' title='bbox 1111 5735 1419 5805; x_wconf 79' lang='grc' dir='ltr'>Βαϐυ.’ίῴν.</span> <span class='ocrx_word' id='word_1_794' title='bbox 1453 5737 1623 5792; x_wconf 85' lang='lat' dir='ltr'><strong>Sedes</strong></span> <span class='ocrx_word' id='word_1_795' title='bbox 1666 5737 1929 5806; x_wconf 80' lang='lat' dir='ltr'><strong>principis</strong></span> <span class='ocrx_word' id='word_1_796' title='bbox 1977 5751 2077 5792; x_wconf 88' lang='lat' dir='ltr'><strong>seu</strong></span> 
     </span>
    </p>
   </div>
   <div class='ocr_carea' id='block_1_114' title="bbox 512 5804 2075 5878">
    <p class='ocr_par' dir='ltr' id='par_1_114' title="bbox 512 5804 2075 5878">
     <span class='ocr_line' id='line_1_114' title="bbox 512 5804 2075 5878; baseline 0.007 -27"><span class='ocrx_word' id='word_1_797' title='bbox 512 5805 680 5878; x_wconf 43' lang='lat' dir='ltr'><strong>Calliae</strong></span> <span class='ocrx_word' id='word_1_798' title='bbox 740 5804 1192 5878; x_wconf 64' lang='lat' dir='ltr'><strong>Sarraceno-um.</strong></span> <span class='ocrx_word' id='word_1_799' title='bbox 1238 5804 1483 5878; x_wconf 61' lang='lat' dir='ltr'><strong>meum</strong></span> <span class='ocrx_word' id='word_1_800' title='bbox 1544 5807 1597 5860; x_wconf 92' lang='lat' dir='ltr'><strong>in</strong></span> <span class='ocrx_word' id='word_1_801' title='bbox 1635 5804 1999 5878; x_wconf 67' lang='lat' dir='ltr'><strong>Apocalypsin</strong></span> <span class='ocrx_word' id='word_1_802' title='bbox 2026 5823 2075 5862; x_wconf 93' lang='lat' dir='ltr'><strong>c.</strong></span> 
     </span>
    </p>
   </div>
   <div class='ocr_carea' id='block_1_115' title="bbox 517 5871 2078 5942">
    <p class='ocr_par' dir='ltr' id='par_1_115' title="bbox 517 5871 2078 5942">
     <span class='ocr_line' id='line_1_115' title="bbox 517 5871 2078 5942; baseline 0.003 -16"><span class='ocrx_word' id='word_1_803' title='bbox 517 5871 581 5927; x_wconf 70' lang='grc' dir='ltr'><strong>δυ</strong></span> <span class='ocrx_word' id='word_1_804' title='bbox 620 5917 629 5927; x_wconf 88' lang='grc'>.</span> <span class='ocrx_word' id='word_1_805' title='bbox 666 5881 761 5926; x_wconf 50' lang='lat' dir='ltr'><strong>Au:</strong></span> <span class='ocrx_word' id='word_1_806' title='bbox 803 5874 858 5926; x_wconf 69' lang='grc' dir='ltr'><strong>δὲ</strong></span> <span class='ocrx_word' id='word_1_807' title='bbox 892 5876 983 5927; x_wconf 52' lang='grc' dir='ltr'><strong>τί)</strong></span> <span class='ocrx_word' id='word_1_808' title='bbox 1019 5877 1279 5938; x_wconf 64' lang='grc' dir='ltr'>σῖέςιιπςς</span> <span class='ocrx_word' id='word_1_809' title='bbox 1312 5879 1341 5939; x_wconf 70' lang='grc' dir='ltr'><strong>ἡ</strong></span> <span class='ocrx_word' id='word_1_810' title='bbox 1381 5871 1758 5941; x_wconf 48' lang='grc' dir='ltr'><strong>Βλῧιὶωιΐιῖγ),</strong></span> <span class='ocrx_word' id='word_1_811' title='bbox 1802 5871 1962 5940; x_wconf 47' lang='grc' dir='ltr'><strong>ἣξδᾶν</strong></span> <span class='ocrx_word' id='word_1_812' title='bbox 1997 5895 2078 5942; x_wconf 65' lang='grc' dir='ltr'><strong>τις</strong></span> 
     </span>
    </p>
   </div>
   <div class='ocr_carea' id='block_1_116' title="bbox 2194 5585 3752 5660">
    <p class='ocr_par' dir='ltr' id='par_1_116' title="bbox 2194 5585 3752 5660">
     <span class='ocr_line' id='line_1_116' title="bbox 2194 5585 3752 5660; baseline -0.006 -15"><span class='ocrx_word' id='word_1_813' title='bbox 2194 5587 2778 5660; x_wconf 22' lang='grc' dir='ltr'>ἀπαραλογίστωςκτὴν</span> <span class='ocrx_word' id='word_1_814' title='bbox 2852 5587 2963 5660; x_wconf 81' lang='grc' dir='ltr'><strong>τῶν</strong></span> <span class='ocrx_word' id='word_1_815' title='bbox 3030 5585 3403 5660; x_wconf 73' lang='grc' dir='ltr'>Σαρρακῃνῶν</span> <span class='ocrx_word' id='word_1_816' title='bbox 3448 5585 3752 5660; x_wconf 49' lang='grc' dir='ltr'>ἐκδέξεται,</span> 
     </span>
    </p>
   </div>
   <div class='ocr_carea' id='block_1_117' title="bbox 2194 5656 3748 5725">
    <p class='ocr_par' dir='ltr' id='par_1_117' title="bbox 2194 5656 3748 5725">
     <span class='ocr_line' id='line_1_117' title="bbox 2194 5656 3748 5725; baseline -0.003 -13"><span class='ocrx_word' id='word_1_817' title='bbox 2194 5656 2326 5715; x_wconf 53' lang='grc' dir='ltr'>καθί</span> <span class='ocrx_word' id='word_1_818' title='bbox 2346 5662 2426 5712; x_wconf 81' lang='grc' dir='ltr'><strong>ὅτι</strong></span> <span class='ocrx_word' id='word_1_819' title='bbox 2445 5659 2538 5712; x_wconf 78' lang='grc' dir='ltr'><strong>καὶ</strong></span> <span class='ocrx_word' id='word_1_820' title='bbox 2571 5659 2629 5708; x_wconf 88' lang='grc' dir='ltr'>ὲν</span> <span class='ocrx_word' id='word_1_821' title='bbox 2661 5657 2943 5712; x_wconf 79' lang='grc' dir='ltr'>Βαϐυλῶνι</span> <span class='ocrx_word' id='word_1_822' title='bbox 2963 5662 3056 5709; x_wconf 81' lang='grc' dir='ltr'><strong>νῦν</strong></span> <span class='ocrx_word' id='word_1_823' title='bbox 3080 5656 3197 5709; x_wconf 77' lang='grc' dir='ltr'>ἐστι</span> <span class='ocrx_word' id='word_1_824' title='bbox 3223 5656 3283 5708; x_wconf 84' lang='grc' dir='ltr'><strong>τὸ</strong></span> <span class='ocrx_word' id='word_1_825' title='bbox 3309 5657 3528 5725; x_wconf 81' lang='grc' dir='ltr'>ἀρχεῖον</span> <span class='ocrx_word' id='word_1_826' title='bbox 3557 5657 3748 5716; x_wconf 83' lang='grc' dir='ltr'>αὐτων,</span> 
     </span>
    </p>
   </div>
   <div class='ocr_carea' id='block_1_118' title="bbox 2186 5725 3754 5872">
    <p class='ocr_par' dir='ltr' id='par_1_118' title="bbox 2186 5725 3754 5872">
     <span class='ocr_line' id='line_1_118' title="bbox 2186 5725 3754 5872; baseline -0.003 -87"><span class='ocrx_word' id='word_1_827' title='bbox 2186 5725 2260 5872; x_wconf 51' lang='grc' dir='ltr'><em>ὧὲ</em></span> <span class='ocrx_word' id='word_1_828' title='bbox 2293 5732 2358 5799; x_wconf 84' lang='grc' dir='ltr'>δὴ</span> <span class='ocrx_word' id='word_1_829' title='bbox 2383 5733 2410 5784; x_wconf 82' lang='grc' dir='ltr'><strong>ό</strong></span> <span class='ocrx_word' id='word_1_830' title='bbox 2442 5728 2844 5799; x_wconf 72' lang='grc' dir='ltr'>Ἀντίχριστος,</span> <span class='ocrx_word' id='word_1_831' title='bbox 2869 5729 2942 5792; x_wconf 81' lang='grc' dir='ltr'>ὡς</span> <span class='ocrx_word' id='word_1_832' title='bbox 2989 5728 3274 5797; x_wconf 73' lang='grc' dir='ltr'>Ῥωμαίων</span> <span class='ocrx_word' id='word_1_833' title='bbox 3317 5727 3570 5796; x_wconf 61' lang='grc' dir='ltr'>βασιλεὺς</span> <span class='ocrx_word' id='word_1_834' title='bbox 3624 5741 3754 5795; x_wconf 71' lang='grc' dir='ltr'>κρα-</span> 
     </span>
     <span class='ocr_line' id='line_1_119' title="bbox 2187 5818 2360 5856; baseline 0 -1"><span class='ocrx_word' id='word_1_835' title='bbox 2187 5820 2212 5855; x_wconf 80' lang='grc' dir='ltr'><strong>τ</strong></span> <span class='ocrx_word' id='word_1_836' title='bbox 2270 5818 2360 5856; x_wconf 68' lang='grc' dir='ltr'>πει.</span> 
     </span>
    </p>
   </div>
  </div>
