4068 6404
434 456 571 516 liOl

1659 459 2070 521 ANNALIUM
2113 460 2265 522 LIB.
2304 459 2430 522 XV.

3544 462 3689 525 1402

433 573 652 643 μέστιον
678 571 736 624 δέ
775 586 904 625 ποτε
943 573 1037 626 καὶ
1095 572 1407 643 ὁμοδίαιτον
1436 570 1629 628 τοῦτον
1660 573 1758 628 τοῦ
1804 575 1997 646 Ἀμερ⁴

2109 576 2295 632 omnia
2322 584 2546 632 centum
2577 573 2627 630 ei
2664 575 2914 646 captivos
2949 574 3104 632 dedit
3124 616 3141 643 ,
3175 576 3483 648 splendidis
3511 579 3687 633 vesti-

432 658 671 728 μουμνοῦ
696 659 1047 729 ποιουμένου,
1079 660 1141 713 τὺ
1162 660 1220 715 ἓν
1251 661 1360 716 τῶν
1388 662 1856 732 χρυσῶν-ἐκείνων
1886 682 2009 738 χερ-

426 751 749 819 νιϐοξέστων
767 748 912 823 εἶχεν
946 756 1079 819 ἐκεῖ,
1104 753 1247 826 ὕδωρ
1278 754 1427 824 αὐτῷ
1446 756 1681 826 ἐπιχέων
1713 759 1859 812 κατὰ
1895 775 2006 828 χει-

427 840 541 911 ρός.
561 839 730 895 Τοῦτο
761 841 892 912 γοῦν
917 843 1138 914 ἀμελῶς
1166 845 1418 914 κείμενον
1447 844 1613 912 (οὕτω
1640 845 1748 917 γὰρ
1776 846 2006 917 ποιῆσαι

425 934 535 998 τοῖς
585 934 751 988 αὐτοῦ
803 934 1135 1006 θεράπουσιν
1197 936 1527 1003 ἐνετείλατο,
1572 936 1641 990 ἵν’
1704 937 2003 1009 ἀπόληται)

425 1025 577 1095 παρά
622 1042 719 1079 του
773 1027 1008 1096 ἐκλάπη.
1069 1026 1159 1091 Ὠς
1195 1026 1251 1080 δὲ
1305 1027 1644 1096 ζητούμενον
1701 1027 1802 1081 οὐκ
1828 1023 1919 1100 ἦν,
1951 1028 2002 1082 οἱ

426 1116 702 1185 Βάρϐαροι
725 1118 889 1189 θροῦν
927 1120 1180 1191 ἤγειραν,
1215 1119 1311 1175 καὶ
1352 1120 1413 1173 τὸ
1445 1120 1748 1190 πολύτιμον
1786 1120 2001 1175 ἐκείνου

424 1209 606 1262 καὶτὸ
630 1211 823 1275 κάλλος
864 1211 1262 1282 θαυμάζοντες.
1328 1212 1386 1267 '0
1413 1213 1469 1267 δὲ
1509 1212 1585 1284 μὴ
1619 1211 1805 1282 μέλειν
1850 1211 2002 1281 αὐτῷ

423 1302 556 1369 περὶ
607 1302 702 1355 τοῦ
755 1303 1096 1373 ἀπολομένου
1141 1304 1346 1367 εἰπὼν,
1393 1307 1506 1369 τοῖς
1561 1306 1661 1376 μὲν
1694 1304 2001 1375 Βαρϐἀροις

422 1388 685 1460 ἔκπληξιν
726 1394 1015 1466 ἐνεποίησε
1044 1434 1060 1459 ,
1114 1395 1358 1449 τοιούτου
1404 1397 1688 1468 χρήματος
1736 1398 2000 1466 ἀφροντι-

2105 669 2209 725 bus
2243 677 2553 725 exornatas.
2587 666 2690 736 Qui
2722 684 2790 724 ex
2822 683 2887 724 ea
2921 669 3196 741 legatione
3231 687 3489 727 reversus
3510 710 3525 736 ,
3555 686 3682 727 cum

2106 761 2424 833 imperatori
2451 762 2582 831 quid
2623 770 2807 817 actum
2861 771 3009 817 esset
3039 764 3404 832 exposuisset,
3433 778 3498 818 ac
3529 763 3685 832 prin-

2105 853 2362 923 cipalium
2402 853 2602 908 aedium
2647 853 2851 925 ﬁguras
2887 860 2943 909 et
2987 855 3310 910 varietatem
3357 863 3680 920 narrasset,

2104 944 2463 1015 cupiditatem
2495 946 2614 1016 ejus
2645 944 2905 1001 excitavit
2936 945 3273 1016 ejuscemodi
3317 945 3477 1017 regiae
3505 944 3681 999 aedilié

2103 1034 2325 1100 eandm,
2361 1050 2424 1090 ac
2462 1033 2618 1104 jussu
2658 1035 2809 1092 illius
2838 1036 2892 1090 in
2926 1036 3162 1107 Bryante
3201 1037 3405 1106 regiam
3449 1035 3688 1107 Syriacae

2101 1140 2203 1194 pro
2234 1124 2416 1179 omnia
2452 1124 2688 1180 similem
2734 1126 3054 1196 auspicatus
3096 1135 3214 1193 est,
3258 1134 3316 1181 et
3367 1124 3685 1180 architectis

2101 1215 2290 1285 ﬁguris
2320 1217 2701 1286 mensurisque
2724 1216 3055 1285 latitudinis,
3081 1217 3449 1289 longitudinis
3477 1227 3535 1272 et
3558 1216 3684 1272 alti-

2104 1306 2311 1361 tudinis
2366 1306 2528 1379 146
2571 1307 3007 1376 demonstratis,
3073 1324 3210 1380 opus
3267 1310 3529 1365 celeriter
3581 1308 3685 1363 ab-

2099 1397 2288 1451 solvit.

423 1482 656 1538 στοῦντα
708 1485 908 1556 ὁρῶσιν
952 1488 1155 1541 αὐτόν’
1210 1489 1323 1552 τοῖς
1364 1488 1412 1541 δ’
1472 1488 1669 1542 ἑαυτοῦ
1741 1488 2075 1557 θεράπουσιν
2114 1489 2172 1542 τὸ
2216 1489 2405 1558 ἕτερον
2442 1490 2686 1559 ἐνεγκεῖν
2726 1493 3136 1562 προετρέψατο,
3197 1494 3227 1547 ὃ
3285 1492 3551 1564 κομισθὲν
3602 1493 3686 1557 είς

421 1578 583 1630 πλέον
616 1576 826 1647 θάμϐος
854 1580 981 1642 τοὺς
1022 1578 1344 1651 Βαρϐάρους
1384 1580 1601 1652 ἐνῆκεν.
1673 1578 2283 1650 Ἀντιφιλοτιμούμενος
2338 1581 2395 1634 δὲ
2459 1582 2554 1636 καὶ
2607 1585 2635 1637 ὁ
2662 1582 2769 1637 τῶν
2806 1584 3127 1654 Ἀγαρηνῶν
3173 1588 3437 1657 ἀρχηγὸς,
3468 1586 3685 1651 πολλοῖς

428 1671 511 1722 τὸν
579 1671 833 1742 Ἰωάννην
878 1672 1148 1738 ἐδεξιοῦτο
1191 1674 1511 1745 δωρήμασι,
1565 1673 1660 1727 καὶ
1725 1674 1817 1726 ἐπὶ
1879 1674 2046 1727 πᾶσιν
2110 1673 2261 1746 αὐτῷ
2315 1674 2698 1746 αἰχμαλώτους
2759 1678 3070 1750 παρέσχετο
3126 1680 3346 1746 ἑκατὸν,
3398 1681 3687 1751 ἀμφιάσας

420 1765 614 1829 αὐτοὺς
671 1765 1073 1839 λαμπροτέροις
1129 1768 1455 1838 ἐσθήμασιν.
1503 1767 1850 1821 Ἐπανελθὼν
1899 1762 1992 1821 οὖν
2028 1768 2241 1821 ἐκεῖθεν
2305 1771 2334 1823 ὁ
2408 1771 2683 1842 Ἰωάννης,
2716 1772 2812 1826 καὶ
2844 1774 2923 1844 τῷ
2955 1773 3169 1844 βασιλεῖ
3219 1776 3583 1847 διηγούμενος
3613 1778 3682 1833 τὰ

420 1863 556 1924 ἐκεῖ,
595 1862 689 1914 καὶ
716 1861 825 1916 τῶν
850 1862 1095 1933 ἀρχικῶν
1125 1864 1315 1917 οίκιῶν
1347 1864 1605 1935 σχήματά
1647 1881 1706 1917 τε
1740 1865 1836 1918 καὶ
1898 1863 2193 1931 ποικιλίαν,
2259 1867 2341 1929 είς
2405 1866 2585 1935 ἔρωτα
2639 1870 2901 1940 κεκίνηκε
2930 1870 3159 1925 τοιαῦτα
3185 1872 3549 1943 δομήσασθαι.
3569 1875 3683 1931 Καὶ

423 1953 609 2017 μέντοι
638 1953 786 2025 αὐτῷ
830 1954 1094 2022 ἐπέταξεν
1119 1958 1178 2009 ἐν
1215 1955 1292 2027 τῷ
1331 1956 1572 2028 Βρύαντι
1609 1956 1904 2027 δείμασθαί
1949 1957 2000 2010 oi
2040 1958 2317 2028 ἀνάκτορα
2361 1961 2475 2022 τοῖς
2544 1962 2602 2013 ἐν
2662 1962 2835 2032 Συρίᾳ
2864 1963 3081 2017 ἐοικότα
3136 1966 3196 2018 ἐν
3245 1965 3450 2020 ἆπασι·
3502 1966 3598 2020 καλ⁵
3622 1967 3683 2032 ὃς

418 2047 729 2104 ἐπιστατῶν
754 2052 869 2113 τοῖς
905 2050 1114 2127 τούτων
1152 2052 1474 2125 δομήτορσι,
1500 2054 1597 2106 καὶ
1665 2053 1923 2123 σχήματα
1978 2052 2247 2109 διδάσκων
2307 2055 2404 2109 καὶ
2461 2055 2636 2127 μέτρα
2669 2055 2866 2129 εὔρους
2895 2076 2955 2113 τε
2993 2061 3088 2113 καὶ
3121 2061 3331 2132 μήκους
3360 2063 3454 2115 καὶ⁸
3486 2060 3684 2131 ὕψους,

417 2147 556 2218 ταχὺ
579 2148 680 2210 τὰς
708 2147 1000 2215 οίκοδομᾶς
1024 2147 1110 2212 ἐξε
1124 2147 1377 2219 πέρανεν.

487 2262 615 2323 KZ’.
640 2255 810 2328 Οὗτος
836 2265 864 2317 ό
900 2263 1158 2334 βασιλεὺς
1206 2265 1305 2320 καὶ
1335 2266 1405 2320 τὰ
1433 2266 1681 2338 παράλια
1710 2267 1867 2336 τείχη
1898 2264 1997 2336 τῆς

2171 2263 2387 2320 XXVII.
2429 2264 2577 2320 idem
2615 2265 2921 2337 imperator
2953 2265 3117 2320 etiam
3162 2266 3440 2320 maritima
3477 2265 3682 2321 moenia

415 2357 625 2421 πόλεως
677 2358 1026 2426 πεπονηκότα
1058 2358 1201 2423 τότε,
1256 2360 1352 2411 καὶ
1396 2359 1460 2412 ἐκ
1519 2359 1617 2428 τῆς
1649 2357 1742 2412 τοῦ
1798 2357 1995 2429 χρόνον

2104 2376 2230 2415 cum
2260 2370 2533 2417 vetustate
2564 2372 2678 2417 tum
2709 2361 2781 2417 ob
2810 2362 2950 2418 alios
2982 2378 3143 2418 casus
3174 2363 3395 2417 ruinosa
3417 2404 3434 2429 ,
3469 2362 3683 2435 magni-

414 2451 766 2521 παραρῤοῆς,
825 2448 919 2501 καὶ
953 2447 1017 2502 ἐκ
1075 2466 1241 2503 τινων
1293 2451 1725 2521 συμπτωμάτων
1768 2452 1995 2520 ἑτέρων,

2104 2453 2207 2509 tice
2239 2453 2590 2514 instauravit,
2626 2454 2681 2508 in
2708 2454 2976 2521 majorem
3004 2453 3203 2508 educta
3225 2453 3598 2519 altitudinem,
3626 2462 3682 2508 et

413 2539 723 2593 ἀνεκαίνισε
757 2538 1213 2609 μεγαλοπρεπῶς,
1246 2543 1327 2605 εὶς
1356 2539 1492 2611 ὕψος
1542 2539 1705 2595 πλέον
1739 2543 1771 2613 ἢ
1801 2543 1997 2613 πρότε-

416 2647 510 2701 ρον
558 2625 720 2702 ἦσαν,
755 2630 969 2701 ἐπάρας
1004 2632 1147 2686 αὐτὰ
1200 2633 1296 2687 καὶ
1330 2632 1539 2699 ξενῶνα
1604 2635 1863 2705 μέγιστον
1911 2635 1994 2696 είς

413 2721 583 2791 δν·›μα
613 2724 815 2777 οίκεῖον
838 2723 1157 2795 ἀνήγειρεν,
1218 2726 1276 2779 ἐν
1319 2725 1472 2797 τόπῳ
1496 2719 1557 2781 οὗ
1607 2726 1881 2798 πρότερον
1922 2721 1992 2798 ἦν

414 2814 745 2883 ἑταιρουσῶν
796 2816 1070 2883 γυναικῶν
1101 2817 1471 2886 καταγώγιον.
1504 2814 1614 2872 Ἦν
1652 2819 1709 2872 δὲ
1739 2819 1835 2872 καί¹
1863 2819 1995 2890 περὶ

412 2907 481 2961 τὰ
510 2907 802 2978 ἀφροδίσια
852 2907 1156 2979 ἐγκρατὴς,
1207 2910 1281 2972 ὡς
1308 2908 1457 2977 απαξ
1491 2909 1620 2963 ποτέ
1650 2909 1815 2979 ἔρωτι
1858 2927 1990 2965 παιο

411 2998 605 3067 δίσκης
649 2998 879 3065 ἁλῶναι,
938 3000 1394 3071 ὑπηρετουμένης
1442 3003 1510 3072 τῇ
1574 3001 1830 3072 βασιλίδι,
1889 3002 1992 3072 τὴν

412 3092 559 3164 ὥραν
578 3094 936 3165 διαπρεποῦς.
962 3096 1073 3166 Τῆς
1098 3095 1384 3166 Θεοδώρας
1409 3095 1466 3149 δὲ
1495 3095 1584 3149 διὰ
1614 3097 1773 3150 τοῦτο
1793 3096 1991 3164 ἀλγού-

413 3204 533 3255 σης,
562 3187 905 3257 ἐπόμνυσθαί
931 3205 1098 3256 φασιν
1122 3188 1352 3251 ἐκεῖνον,
1386 3186 1461 3257 μὴ
1479 3186 1665 3240 ἄλλοτε
1698 3189 1772 3258 μὴ
1803 3188 1848 3241 δ’
1873 3189 1991 3243 ἐτέ-

414 3294 513 3346 ρας
540 3281 735 3348 πεῖραν
762 3278 945 3331 λαϐεῖν
969 3278 1247 3346 γυναικὸς,
1290 3278 1383 3329 καὶ
1418 3279 1510 3329 ἐπὶ
1542 3276 1622 3348 τῷ
1659 3279 1989 3350 ὀλισθήματι

409 3369 720 3434 δάκνεσθαι,
757 3371 851 3422 καλ⁸
882 3369 1220 3440 συγγνώμην
1253 3368 1311 3434 ἐξ
1344 3368 1558 3439 ἐκείνης
1590 3371 1779 3422 αἰτεῖν.
1829 3370 1991 3423 Ἀλλά

408 3460 583 3513 ταῦτα
613 3463 646 3531 ή
673 3463 800 3532 περὶ
831 3461 928 3525 τὰς
956 3460 1162 3524 σεπτὰς
1191 3460 1407 3523 εἰκόνας
1442 3461 1536 3513 ἐπί
1567 3478 1671 3512 του
1702 3461 1869 3528 μανία
1909 3463 1991 3523 εἰς

409 3552 565 3607 (οὐδὲν
589 3552 762 3605 ἐποίει
793 3550 1126 3620 λογίζεσθαι.
1185 3550 1413 3606 Ἐλύττα
1443 3552 1551 3621 γὰρ
1579 3551 1842 3622 ἄντικρυς
1895 3553 1991 3606 καὶ

409 3643 573 3698 πλέον
606 3645 871 3714 ἐμεμήνει
912 3643 1022 3697 τῶν
1052 3642 1161 3714 πρὸ
1194 3642 1384 3706 αὑτοῦ,
1415 3643 1510 3695 καὶ
1561 3642 1841 3713 ὠμότερος
1878 3643 1987 3694 τῶν
2018 3625 2063 3686 C

408 3735 657 3806 τιμητῶν
687 3734 795 3788 τῶν
824 3735 988 3803 ἱερῶν
1008 3735 1424 3804 ὲκτυπωμάτων
1447 3728 1517 3805 ἦν
1544 3733 1832 3804 κολαστὴς,
1854 3732 1992 3787 ἀλλὰ

413 3827 519 3899 μὴν
547 3828 641 3881 καὶ
673 3827 782 3882 τῶν
807 3828 1049 3898 γραφαῖς
1097 3826 1420 3879 τυπούντων
1454 3825 1616 3879 αὑτά.
1678 3824 1841 3878 Ὅθεν
1894 3825 1990 3878 καί

408 3936 532 3974 τινα
564 3918 800 3990 μοναχὸν
828 3918 1082 3986 Λάζαρον
1142 3916 1283 3989 (24),
1330 3916 1657 3986 περιϐόητον
1680 3915 1810 3968 ὄντα
1835 3933 1991 3986 τηνι-

409 4007 591 4064 καῦτα
618 4011 747 4077 περὶ
770 4006 870 4077 τὴν
903 4005 1182 4079 γραφικήν
1200 4005 1435 4075 ιάπηνῶς
1462 4005 1988 4075 αίκισάμενοςμαθ-

412 4098 594 4171 εἶρξεν
653 4100 734 4164 είς
762 4098 1141 4169 δεσμωτήριον
1160 4111 1176 4130 ⁶
1203 4097 1278 4161 ὡς
1303 4097 1348 4151 δ’
1369 4100 1434 4152 ἐκ
1462 4096 1571 4150 τῶν
1602 4097 1827 4167 πληγῶν
1850 4098 1994 4149 ἐκεῖ·

408 4206 499 4252 νος
525 4190 744 4261 ῥαΐσας,
774 4185 929 4252 αὖθις
959 4191 1058 4251 τὰς
1109 4190 1303 4259 χεῖρας
1348 4186 1522 4256 ἁγίων
1563 4186 1790 4240 εἰκόνων
1817 4186 1989 4239 ἐδίδου

408 4285 666 4355 γραφαῖς,
693 4281 902 4335 πέταλα
934 4283 962 4336 ὁ
993 4280 1255 4350 τύραννος
1283 4280 1569 4333 ἐκέλευσεν
1589 4279 1988 4348 ἐκπυρωθέντα

411 4374 636 4445 σιδήρεα
666 4376 778 4437 τοῖς
805 4373 899 4427 τοῦ
930 4370 1189 4442 Λαζάρου
1228 4370 1549 4440 ἐπιτεθῆναι
1582 4373 1840 4440 καρποῖς,
1903 4371 1991 4425 ἵνα

411 4467 489 4540 μὴ
511 4467 640 4531 τοὺς
676 4467 871 4531 πόνους
903 4465 1014 4519 τῶν
1065 4464 1298 4536 καρπῶν
1332 4464 1505 4518 αὐτοῦ
1554 4466 1604 4518 οἱ
1630 4464 1990 4523 εὐσεϐοῦντες

408 4562 583 4633 ἔχοιεν
607 4561 954 4634 προσκυνεῖν.
999 4558 1061 4613 '0
1105 4557 1202 4629 μὲν
1230 4556 1328 4610 οὖν
1357 4556 1564 4627 ὑπέστη
1599 4555 1805 4626 ταύτην
1847 4555 1990 4628 ὑπὲρ

407 4654 518 4708 τῶν
541 4650 822 4707 σεϐαστῶν
851 4649 1076 4704 εἰκόνων
1115 4648 1216 4718 τὴν
1250 4647 1497 4711 κόλασιν,
1520 4644 1762 4717 ἐψεύσθη
1799 4645 1856 4699 δὲ
1875 4644 1987 4699 τῶν

407 4744 645 4799 ἐλπίδων
688 4744 718 4797 ό
747 4741 1035 4814 τύραννος.
1069 4738 1308 4806 Λέγεται
1341 4737 1441 4808 μὲν
1467 4739 1577 4808 γὰρ
1607 4737 1748 4809 μετὰ
1776 4736 1874 4808 τὴν
1899 4737 1992 4790 κό-

404 4835 560 4891 λασιν
591 4836 692 4907 τῆς
741 4832 967 4905 εἱρκτῆς
998 4831 1289 4902 ἐκϐληθεὶς
1319 4832 1347 4884 ὁ
1382 4829 1727 4900 ὁμολογητὴς
1756 4830 1987 4895 ἐκεῖνος,

406 4926 490 4981 Evt
517 4926 617 4991 τὰς
649 4925 866 4997 πληγὰς
897 4924 1080 4995 φέρων
1101 4925 1161 4977 ὲν
1207 4923 1329 4985 ταῖς
1357 4921 1540 4992 χερσὶ,
1585 4921 1683 4990 τῆς
1708 4919 1862 4982 θείας
1889 4919 1989 4990 χά-
2022 4954 2064 5009 D

374 5012 559 5089 ’ριτος
611 5013 1100 5085 συνεφαπτομένης
1173 5012 1324 5084 αὑτῷ
1376 5011 1592 5074 είκόνας
1658 5009 1986 5082 διαχαράξαι

408 5107 633 5174 σεπτὰς,
664 5107 804 5180 μετὰ
835 5106 893 5185 δὲ
912 5106 1010 5177 τὴν
1035 5105 1128 5160 τοῦ
1157 5105 1421 5176 τυράννου
1450 5102 1772 5168 κατάλυσιν,
1820 5101 1882 5154 τὺ
1935 5102 1997 5157 ἐν

2101 2542 2398 2597 maximum
2435 2542 2739 2612 hOSpitium
2769 2542 2838 2597 de
2869 2556 2972 2598 suo
3008 2543 3233 2597 nomine
3263 2542 3536 2606 condidit,
3569 2558 3683 2613 quo

2105 2633 2160 2689 in
2194 2634 2316 2689 loco
2354 2635 2507 2704 prius
2536 2634 2943 2704 impudicarum
2987 2635 3287 2691 mulierum
3315 2635 3679 2691 diversorium

2106 2725 2304 2782 fuerat.
2332 2726 2391 2781 In
2425 2727 2748 2782 libidinibus
2771 2728 2877 2782 fuit
2901 2728 3218 2793 continens,
3244 2743 3480 2798 cumque
3510 2728 3683 2784 semel

2103 2830 2290 2871 amore
2313 2818 2508 2887 puellas
2535 2816 2965 2881 formosissimae,
2993 2832 3115 2886 qua:
3145 2816 3480 2887 imperatrici
3507 2817 3684 2872 inser-

2097 2910 2310 2972 viebat,
2343 2918 2539 2979 captus
2562 2917 2739 2975 esset,
2776 2908 2942 2979 idque
2972 2909 3266 2965 Theodora
3293 2924 3436 2979 aegre
3466 2908 3675 2964 ferret:

2097 3017 2224 3059 eum
2271 3001 2546 3073 dejerassc
2589 3000 2812 3064 ferunt,
2850 3015 2910 3056 se
2953 3016 3234 3071 nunquam
3279 3000 3411 3055 alias
3447 3000 3680 3055 alterius

2097 3094 2347 3150 mulieris
2379 3094 2629 3149 notitiam
2657 3094 2939 3158 habuisse,
2974 3109 3153 3163 eoque
3182 3094 3340 3163 lapsu
3375 3093 3680 3159 dolentem,

2096 3185 2314 3239 veniam
2344 3185 2413 3238 ab
2439 3185 2530 3238 illa
2556 3184 2913 3255 petiisse.Sed
2944 3185 3098 3239 furor
3124 3187 3245 3255 ejus
3272 3195 3464 3240 contra
3491 3198 3679 3239 sacras

2096 3276 2363 3347 imagines
2382 3277 2589 3338 eﬂ‘ecit.
2615 3287 2676 3331 ut
2698 3277 2786 3331 illa
2808 3293 2907 3347 pro
2931 3276 3104 3330 nihilo
3130 3285 3412 3346 putentur.
3438 3276 3675 3330 Prorsus

2095 3370 2244 3423 enim
2278 3368 2491 3424 insania
2520 3369 2754 3439 quadam
2793 3378 2850 3423 et
2878 3368 3032 3423 rabie
3067 3369 3274 3437 majore
3300 3383 3463 3438 quam
3499 3382 3671 3438 supe-

2098 3460 2277 3516 riores
2323 3461 2717 3530 imperatores,
2750 3461 2993 3515 cultores
3022 3469 3186 3531 atque
3224 3462 3388 3515 etiam
3437 3462 3677 3525 pictores

2097 3566 2379 3608 sacrarum
2404 3551 2704 3622 imaginum
2738 3551 3195 3621 persequebatur,
3220 3567 3395 3622 eaque
3418 3552 3486 3607 de
3509 3566 3674 3608 causa

2094 3643 2429 3698 monachum
2463 3644 2756 3714 quemdam
2795 3642 3097 3709 Lazarum,
3129 3643 3393 3713 pictorem
3431 3652 3545 3697 tum
3578 3656 3673 3698 cc-

2094 3735 2488 3798 leberrimum,
2531 3734 2836 3789 crudeliter
2877 3734 3253 3788 excruciatum
3298 3736 3351 3788 in
3396 3749 3672 3789 carcerem

2092 3826 2347 3896 conjecit.
2378 3825 2482 3892 Qui
2509 3840 2660 3891 cum,
2691 3840 2759 3879 ex
2792 3825 2966 3894 plagis
2994 3824 3105 3879 illis
3136 3834 3435 3890 recreatus,
3471 3825 3669 3878 iterum

2092 3929 2287 3969 manus
2303 3929 2580 3969 sacrarum
2602 3915 2898 3985 imaginum
2921 3914 3148 3984 picturae
3165 3913 3503 3978 admoveret.
3529 3915 3674 3985 igni-

2094 4012 2179 4059 tas
2212 4004 2443 4059 laminas
2470 4013 2736 4075 tyrannus
2759 4005 2878 4074 ejus
2907 4004 3161 4059 manibus
3183 4005 3465 4059 admoveri
3482 4005 3670 4075 jussit,

2092 4109 2162 4149 ne
2194 4095 2412 4148 labores
2435 4110 2695 4148 manuum
2722 4095 2844 4166 ejus
2871 4094 2947 4165 pii
2972 4094 3206 4149 adorare
3237 4103 3485 4164 possent.
3520 4095 3603 4151 Ac
3626 4094 3673 4151 is

2093 4185 2316 4256 quidem
2345 4184 2398 4239 id
2427 4186 2757 4255 supplicium
2784 4202 2849 4240 ea
2877 4185 2946 4241 de
2975 4200 3141 4240 causa
3169 4187 3451 4251 toleravit,
3480 4195 3670 4257 tyran-

2094 4292 2200 4331 nus
2245 4285 2428 4331 autetn
2484 4291 2580 4347 spe
2626 4292 2727 4332 sua
2774 4276 3075 4332 frustratus
3116 4288 3221 4333 est.
3277 4278 3476 4333 Fertur
3521 4279 3669 4333 enim

2094 4367 2377 4443 confessor
2424 4366 2544 4432 ille,
2585 4376 2711 4437 post
2746 4382 2813 4423 ea
2851 4376 3126 4423 tormenta
3174 4383 3398 4424 carcere
3437 4369 3669 4439 ejectus,

2091 4459 2282 4529 plagas
2310 4457 2493 4513 adhuc
2519 4458 2575 4512 in
2602 4457 2854 4514 manibus
2885 4470 3125 4529 gestans,
3158 4460 3345 4515 divina
3376 4462 3671 4532 adjuvante

2091 4549 2303 4619 gratia,
2356 4548 2699 4603 venerandas
2743 4548 3012 4619 imagines
3061 4550 3413 4620 depinxisse,
3455 4567 3519 4606 ac
3545 4560 3671 4620 post

2092 4639 2311 4711 tyranni
2352 4638 2634 4694 interitum
2661 4678 2675 4704 ,
2714 4638 3019 4696 Servatoris
3060 4640 3354 4710 imaginem
3383 4643 3438 4697 iu
3468 4643 3670 4699 Chalce

2092 4731 2358 4803 pinxisse,
2392 4746 2455 4786 ac
2484 4731 2664 4801 qualis
2695 4746 2845 4787 nunc
2869 4732 3141 4798 cernitur,
3176 4734 3507 4798 restituisse.
3540 4751 3665 4790 cum

2093 4823 2246 4891 prius
2289 4822 2466 4893 imago
2499 4823 2610 4894 jam
2659 4823 2791 4877 olim
2830 4838 2988 4880 erasa
3025 4824 3240 4883 luisset.
3283 4827 3432 4883 Idem
3473 4827 3679 4884 fratres

2093 4912 2484 4983 Theophanem
2528 4922 2585 4969 et
2625 4914 3015 4981 Theodorum,
3055 4927 3350 4988 utrumque
3390 4919 3670 4975 confesso.

2092 5019 2231 5069 rem,
2262 5006 2334 5061 ob
2365 5020 2521 5060 suam
2555 5005 2892 5076 impietatem
2921 5008 3317 5078 prophetarum
3348 5011 3587 5067 oraculis
3611 5019 3675 5067 et

2102 5096 2513 5170 Scripturarum
2562 5098 2896 5156 testimoniis
2944 5101 3375 5171 reprehensam,
3424 5104 3669 5174 primum

1593 5258 1796 5323 Varia;
1850 5259 2161 5325 lectiones
2188 5265 2251 5323 et
2277 5265 2469 5325 notae.

477 5432 592 5507 (24)
624 5432 915 5507 Μοναχὸῃ
930 5430 1223 5507 Αάζίιρρξκ·ς
1255 5431 1349 5507 Βε-
1367 5446 1478 5507 quo
1507 5431 1828 5507 Anastasius

408 5501 828 5562 in'Benedicto’
873 5505 964 5566 ΙΙΙ,
1012 5501 1224 5572 p.206
1253 5519 1270 5572 7:
1299 5502 1471 5572 Hujus
1523 5502 1842 5572 temporibus
1893 5501 2002 5556 Mi-

408 5523 466 5562 tn
519 5520 822 5560 beneutcw
874 5520 964 5566 ιιι,
1053 5542 1067 5557 .
1117 5520 1224 5557 zuo
1260 5520 1471 5572 την-μισ
1523 5520 1842 5571 remporwus
1893 5520 1997 5556 Μι-

408 5575 562 5632 chael
596 5576 743 5642 ﬁlius
770 5520 1045 5644 Theophili
1071 5574 1201 5638 imp.
1227 5571 1836 5644 Constantinopolitanae
1855 5572 1997 5625 urbis

404 5640 780 5716 imperator,ob
805 5640 1036 5699 amorem
1058 5640 1670 5716 apostolorttmmtisit'ad
1691 5640 1754 5716 Βτ
1775 5641 1995 5716 ΔΡειινιιη

408 5709 707 5784 apostolum
728 5716 925 5768 donum
951 5731 1044 5784 per
1071 5709 1288 5766 manum
1319 5709 1513 5764 [λαιανὶ
1544 5711 1883 5784 monachi,”
1903 5713 1991 5777 pi—

412 5781 593 5838 clOi'irv
626 5787 758 5838 artis
783 5781 1188 5845 nimie'eruditi,
1220 5795 1405 5852 genere
1428 5796 1572 5852 vero,
1597 5781 1845 5852 Chqzuri,
1875 5793 1985 5852 etc.

414 5855 521 5913 Sed
558 5855 625 5912 de
654 5855 861 5911 Lazaro
901 5856 958 5910 in
1005 5852 1199 5913 primis
1222 5849 1630 5908 'consulendus
1686 5849 1985 5907 Bollandus

2096 5432 2164 5504 ad
2187 5430 2270 5504 25
2298 5431 2545 5504 Feb.quo
2574 5431 2953 5504 festumillius
2982 5442 3148 5504 agunt
3160 5430 3338 5504 Graeci
3362 5439 3420 5487 et
3451 5430 3659 5504 Latini.

2098 5499 2236 5555 Vide
2258 5503 2424 5556 etiam
2455 5499 2658 5558 Menaea
2678 5503 2745 5557 ad
2776 5503 2841 5556 l7
2866 5499 3133 5559 Noveinb.
3158 5503 3331 5557 Porro
3359 5503 3535 5558 sancti
3564 5502 3667 5559 La-

2094 5571 2221 5641 zari
2246 5569 2508 5641 reliquias
2537 5571 2591 5626 in
2618 5571 2858 5626 Evandri
2891 5572 3286 5628 monasterium
3337 5572 3535 5627 relatas
3568 5573 3667 5627 do-

2092 5650 2179 5695 cet
2203 5640 2568 5712 Synaxarium
2602 5657 2706 5696 ms.
2766 5642 2828 5712 l7
2876 5643 3143 5712 Novemb.
3169 5657 3280 5712 quo
3317 5642 3436 5712 ejus
3461 5641 3666 5700 festum

2090 5712 2374 5782 celebrant
2401 5711 2575 5768 erci
2607 5729 2622 5782 ζ
2676 5711 2789 5765 Καὶ⁵
2828 5713 2890 5765 τὺ
2909 5711 3092 5782 τίμιον
3117 5781 3125 5782 7
3146 5711 3313 5766 αὐτοῦ
3344 5711 3501 5781 σῶμα
3534 5715 3654 5773 ἁνα-

2088 5780 2371 5851 κομισθέν,
2404 5781 2672 5855 κατετέθη
2694 5783 2752 5835 ἐν
2776 5783 2843 5853 τῇ
2877 5780 3016 5855 μονῇ
3044 5781 3141 5838 τοῦ
3163 5780 3457 5855 Εὐάνδρου.
