4068 6388
365 403 506 466 1435

1581 404 1985 468 ANNALIUM
2024 407 2172 469 LIB.
2213 411 2334 472 XV.

3482 413 3620 482 1406

359 522 536 594 ἐτάφη
592 521 730 577 ἐκεῖ.
790 521 913 576 Τῶν
968 520 1024 574 δέ
1088 519 1340 588 ’Δράὂων
1406 522 1527 587 ταῖς
1591 522 1932 595 Ῥωμαϊκαῖς

2048 525 2313 584 Michaelis
2352 528 2631 599 Rangabis
2659 535 3028 599 protostrator
3054 528 3279 588 fuisset.
3311 533 3614 605 Theopho-

361 616 703 670 ἐπελθόντων
751 613 1031 686 χώραις,ὸ
1073 613 1340 684 Θεόφιλος
1385 613 1782 685 ἐξεστράτευσε
1813 616 1936 671 κατ’

361 710 569 775 αὐτῶν,
614 708 756 780 ἔχων
810 708 931 780 μεθ’
979 709 1177 763 ἐαυτοῦ
1224 709 1317 763 τὸν
1370 708 1645 779 Θεόφοσον
1704 713 1800 765 καὶ
1846 711 1938 766 τὸν

361 802 621 873 Μανουήλ
659 802 794 875 (27).
834 802 929 855 Τὼ
962 804 1007 856 δ’
1042 803 1216 874 ἣστην
1246 802 1411 873 ἄνδρε
1441 803 1538 857 καὶ
1569 803 1808 872 γενναίω
1841 805 1937 859 καὶ

361 895 553 964 ἀγαθὼ
582 895 652 949 τὰ
682 896 941 966 πολέμια,
963 889 1038 950 ὧν
1064 897 1092 948 6
1119 896 1218 966 μὲν
1240 894 1503 966 Μανουὴλ
1535 894 1695 964 δῆλος
1728 895 1935 951 ἅπασιν

362 983 452 1058 ἦν,
500 987 597 1043 καὶ
623 988 739 1051 τοῖς
783 987 1057 1052 ἐναντίοις
1101 987 1291 1050 αὐτοῖς
1333 986 1595 1051 πολλάκις
1616 1005 1677 1041 τε
1703 1005 1940 1059 στρατη-

362 1079 538 1146 γήσας
567 1077 665 1131 καὶ
699 1077 1050 1147 ἀριστεύσας,
1093 1078 1188 1132 καὶ
1230 1077 1680 1149 πρωτοστράτωρ
1710 1078 1806 1132 τοῦ
1837 1077 1938 1147 βαι

366 1169 558 1230 σιλέως
587 1167 803 1238 Μιχαὴλ
844 1167 940 1221 τοῦ
985 1169 1258 1238 Ῥαγγαϐὲ
1297 1167 1562 1238 γεγονώς.
1603 1168 1666 1224 '0
1716 1169 1775 1225 δὲ
1807 1170 1940 1224 Θεό-

366 1260 532 1330 φοϐος
558 1260 751 1328 γένους
790 1260 893 1329 μὲν
925 1264 1206 1330 κατήγετο
1233 1260 1537 1332 Περσικοῦ,
1562 1264 1776 1334 ἐτράφη
1806 1262 1852 1316 δ’
1879 1264 1939 1317 ἐν

364 1356 433 1424 τῇ
483 1352 718 1423 βασιλίδι
770 1353 881 1407 τῶν
932 1353 1164 1420 πόλεων,
1210 1353 1308 1408 καὶ
1347 1353 1478 1425 παρ’
1539 1355 1678 1426 αὐτῇ
1729 1356 1938 1425 διῆγεν,

363 1444 574 1514 ἀφανὴς
609 1442 684 1496 ὢν
725 1443 818 1497 καὶ
880 1444 1013 1515 μηδὲ
1049 1445 1474 1513 γινωσκόμενος.
1505 1446 1739 1516 Λέγεται
1764 1446 1822 1500 δὲ
1846 1447 1938 1501 τὸν

366 1535 583 1604 πατέρα
645 1534 814 1588 αὐτοῦ
870 1535 937 1588 ἐκ
1000 1536 1104 1603 τῆς
1157 1538 1307 1607 παρὰ
1356 1539 1594 1608 Πέρσαις
1657 1536 1941 1610 βασιλικῆς

364 1625 598 1695 ἐκφῦναι
658 1626 854 1697 φυλῆς.
911 1627 1341 1682 Ἐκλελειπότων
1413 1629 1470 1683 δὲ
1533 1631 1646 1692 τοῖς
1702 1630 1940 1701 Πέρσαις

363 1716 472 1770 τῶν
512 1720 577 1773 ἐκ
604 1718 700 1772 τοῦ
750 1718 1031 1789 βασιλείου
1079 1722 1293 1789 γένους,
1349 1721 1544 1791 μαθεῖν
1588 1723 1809 1785 αὐτοὺς,
1862 1721 1941 1785 ὡς

364 1809 483 1862 ἐστι
512 1811 663 1879 παρὰ
714 1810 1008 1881 Ῥωμαίοις
1042 1811 1203 1882 ἀνὴρ,
1234 1813 1298 1864 ἐκ
1344 1813 1540 1880 γένους
1572 1811 1748 1865 ἕλκων
1781 1813 1938 1881 βασι-

364 1900 518 1955 λικοῦ
557 1902 656 1974 τὴν
699 1902 913 1973 σειρὰν,
945 1906 1040 1956 καὶ
1071 1905 1370 1972 ἀφικέσθαι
1407 1905 1639 1975 ζήτησιν
1679 1905 1942 1973 ποιουμέ-

366 2011 488 2056 νους
544 1993 734 2047 αὑτοῦ.
779 1994 871 2058 Ὣς
923 1995 969 2048 δ’
1026 1982 1228 2066 εὑρέθη
1285 1994 1648 2066 ζητούμενος,
1707 1995 1939 2064 γέγονεν

365 2088 617 2143 ἐντεῦθεν
667 2089 914 2156 γνωστὸς
967 2090 1064 2143 καὶ
1117 2088 1195 2159 τῷ
1254 2087 1487 2158 βασιλεῖ,
1521 2087 1618 2141 καὶ
1668 2089 1747 2150 είς
1801 2088 1945 2157 μέγα

362 2180 533 2263 τύχης
562 2181 798 2252 ἀνήχθη,
840 2181 1132 2250 πατρίκιος
1155 2179 1433 2251 τιμηθεὶς,
1480 2179 1579 2233 καὶ
1611 2182 1679 2250 τῇ
1718 2180 1812 2233 τοῦ
1847 2180 1944 2250 βα·
1988 2261 1995 2267 .

366 2260 561 2336 σιλέως
596 2272 962 2335 συνοικισθεὶς
992 2272 1227 2342 ἀδελφῇ.
1257 2270 1487 2334 Τούτοις
1518 2270 1610 2324 οὖν
1649 2276 1759 2335 τοῖς
1791 2273 1946 2344 εἰρη-

368 2365 554 2433 μένοις
589 2367 795 2433 όιμφοίν
835 2365 1063 2436 ἀνδράσι
1104 2362 1384 2427 πεποιθὼς
1415 2366 1441 2416 6
1470 2364 1752 2430 Θεόφιλος,
1814 2368 1943 2419 ἀντ-

370 2457 573 2525 επῆὶθε
605 2460 714 2518 τοῖς
770 2458 1054 2521 ἐναντίοις.
1121 2457 1211 2518 Ὧς
1266 2451 1361 2509 οὖν
1414 2455 1664 2527 ἀλλήλων
1709 2459 1941 2527 ἔγγιστα

362 2551 640 2620 ἐπήξαντο
692 2549 818 2614 τοὺς
874 2550 1125 2620 χάρακας
1178 2549 1247 2603 τὰ
1300 2548 1717 2619 στρατεύματα,
1755 2554 1784 2604 6
1828 2553 1942 2606 τῶν

2043 621 2152 676 bus
2181 631 2363 677 autem
2394 637 2568 694 genus
2596 637 2629 677 a
2659 624 2843 679 Persis
2871 623 3128 689 ducebat,
3164 633 3223 680 et
3250 626 3306 680 in
3343 625 3479 681 urbe
3512 626 3617 679 im-

2039 716 2352 785 peratoria,
2409 715 2505 770 ubi
2564 715 2834 771 educatus
2889 725 3013 783 est,
3068 716 3344 772 obscurus
3392 717 3618 773 vivebat

2039 816 2205 878 atque
2246 807 2526 878 ignobilis.
2573 807 2772 863 Fertur
2799 816 2982 863 autem
3025 818 3182 879 pater
3216 810 3337 877 ejus
3364 824 3431 863 ex
3469 810 3620 879 regia

2039 900 2333 956 Persarum
2361 899 2508 955 tribu
2536 899 2707 957 fuisse
2738 897 2914 964 ortus,
2946 915 3183 970 cumque
3214 900 3376 971 regiae
3398 900 3620 955 familiae

2040 993 2185 1062 apud
2216 993 2412 1050 Persas
2437 992 2788 1059 defecissent,
2815 993 3139 1063 cognovisse
3162 992 3448 1058 dicuntur,
3473 990 3619 1061 apud

2040 1087 2320 1144 Romanos
2347 1102 2470 1143 esse
2499 1086 2681 1142 virum
2713 1086 2867 1157 regio
2889 1100 3090 1157 genere
3119 1084 3439 1149 oriundum,
3465 1092 3521 1138 et
3549 1081 3619 1137 ad

2041 1195 2168 1236 eum
2219 1179 2613 1251 inquirendum
2663 1178 2906 1233 venisse.
2953 1177 3026 1234 Ut
3072 1177 3329 1232 inventus
3375 1175 3514 1239 fuit,
3564 1174 3622 1229 in

2041 1271 2296 1326 notitiam
2330 1270 2682 1341 imperatoris
2711 1283 2933 1341 quoque
2960 1268 3232 1340 pervenit,
3265 1274 3322 1322 et
3348 1264 3624 1336 amplissi-

2041 1378 2160 1417 mas
2184 1362 2435 1417 fortunas
2461 1369 2547 1416 est
2579 1369 2936 1421 consecutus,
2970 1358 3188 1431 patricii
3220 1358 3433 1413 honore
3457 1372 3623 1412 orna-

2044 1462 2149 1520 tus,
2168 1462 2223 1510 et
2246 1455 2592 1525 imperatoris
2614 1468 2801 1509 sorore
2826 1450 2988 1523 148
3012 1452 3063 1505 in
3087 1449 3497 1505 matrimonium
3515 1464 3622 1504 ac-

2042 1554 2222 1615 cepta.
2256 1546 2327 1602 Iis
2343 1546 2511 1617 igitur
2542 1545 2810 1601 ambobus
2826 1545 3001 1599 fretus
3025 1542 3386 1612 Theophilus,
3432 1540 3621 1596 hostes

2043 1653 2332 1709 aggressus
2353 1648 2457 1694 est.
2488 1637 2628 1695 Cum
2657 1646 2841 1692 autem
2874 1637 3120 1706 proxime
3163 1636 3310 1689 inter
3352 1650 3411 1690 se
3440 1641 3622 1688 castra

2041 1731 2474 1786 communissent
2487 1728 3217 1796 exercitus,Sarraceuorum
3234 1728 3346 1782 dux
3364 1726 3622 1793 Imbrael,

2047 1837 2157 1876 uno
2195 1839 2264 1878 ex
2302 1822 2417 1878 suis
2460 1822 2695 1892 satrapis
2738 1835 2865 1875 cum
2918 1820 3218 1889 nonaginta
3263 1818 3511 1874 millibus
3552 1818 3620 1873 ad

2047 1915 2456 1970 decernendum
2497 1930 2623 1968 cum
2658 1913 2922 1969 Romanis
2962 1914 3180 1976 relicto,
3214 1912 3328 1982 ipse
3359 1926 3483 1965 cum
3513 1925 3623 1964 ca:-

2041 2007 2174 2062 teris
2207 2006 2324 2061 sive
2364 2021 2430 2060 ex
2469 2016 2617 2061 metu
2663 2006 2779 2060 sive
2822 2022 2921 2075 per
2961 2004 3329 2075 arrogantiam
3372 2001 3620 2056 recessit.

2040 2097 2395 2153 Exercitibus
2424 2099 2765 2168 congressis,
2796 2098 2958 2152 multi
2986 2097 3249 2166 utrinque
3277 2093 3618 2150 ceciderunt.

2042 2188 2150 2244 Sed
2196 2189 2414 2243 tandem
2458 2187 2769 2259 legionibus
2811 2187 2879 2242 ad
2926 2188 3107 2258 fugam
3150 2182 3461 2248 inclinatis,
3506 2181 3624 2251 ipse

2041 2279 2207 2334 etiam
2252 2279 2554 2348 imperator
2595 2287 2788 2348 captus
2832 2277 3056 2342 fuissvt,
3097 2275 3204 2330 nisi
3252 2271 3625 2342 Theophobus

2041 2385 2166 2424 eum
2200 2383 2302 2423 suo
2335 2369 2553 2423 Persico
2582 2370 2826 2423 exercitu
2893 2377 2947 2422 et
2989 2382 3156 2420 manu
3192 2378 3350 2434 opem
3385 2361 3622 2424 tulisset,

2044 2472 2100 2518 et
2143 2471 2533 2532 stratagemate
2574 2464 2855 2533 Agarenos
2888 2458 3361 2516 circumvenisset.
3405 2455 3622 2509 Actum

2043 2553 2577 2622 Constantinopolim
2611 2567 2869 2607 reversus
2897 2560 2981 2607 est
3018 2552 3339 2620 imperator.

363 2644 701 2713 Σαρακηνῶν
730 2645 971 2714 ἀρχηγός
1030 2642 1315 2714 ’ἰμὸραὴλ,
1358 2643 1455 2696 Eva.
1503 2644 1612 2697 τῶν
1641 2644 1734 2698 ὑπ’
1775 2648 1939 2701 αὑτὸν
1980 2647 2304 2717 στρατηγῶν
2371 2646 2508 2715 μετὰ
2537 2644 2670 2698 λαοῦ
2707 2644 2985 2714 μυριάδων
3014 2641 3161 2697 ὀκτὼ
3200 2642 3281 2703 είς
3309 2634 3628 2705 ἀντιπαρά-

361 2742 515 2806 τκξιν
554 2740 646 2793 τοῦ
679 2741 994 2813 Ῥωμαϊκοῦ
1039 2741 1453 2811 στρατεύματος
1487 2741 1929 2809 καταλελοιπὼς,
1966 2745 2128 2808 αὐτὸς
2194 2743 2333 2814 μετὰ
2360 2742 2470 2794 τῶν
2509 2739 2688 2795 ἄλλων
2727 2736 3160 2809 ἀνεχώρησεν,ἦ
3193 2732 3625 2800 δειλαινόμενοςο

362 2829 399 2901 ἢ
430 2831 909 2902 ἀλαζονευόμενος.
950 2832 1348 2903 Συμϐαλόντων
1380 2833 1434 2887 δὲ
1460 2836 1568 2888 τῶν
1627 2837 2076 2907 στρατευμάτων,
2154 2837 2342 2891 πολλοὶ
2413 2834 2512 2905 μὲν
2577 2832 2917 2903 ἑκατέρωθεν
2941 2827 3378 2888 ἔπιπτον.Τέλος
3405 2824 3462 2877 δὲ
3489 2823 3629 2894 πρὶς

364 2925 670 2995 ὑπαγωγὴν
712 2925 1008 2994 ἐκλίθησαν
1035 2926 1088 2979 αί
1119 2926 1332 2997 σχολαὶ,
1362 2927 1457 2980 καὶ
1494 2927 1600 2981 κᾶν
1627 2928 1744 2998 ἥλω
1807 2931 1903 2983 καὶ
1972 2932 1999 2983 6
2057 2929 2314 3000 βασιλεὺς
2365 2928 2547 2989 αὐτὸς,
2606 2927 2655 2979 εἰ
2713 2925 2786 2994 μὴ
2838 2921 3108 2991 Θεόφοδος
3164 2918 3300 2989 μετὰ
3355 2915 3451 2969 τοῦ
3499 2909 3630 2983 περὶ

362 3017 824 3083 α”›τδν11ερσικοῦ
860 3017 1292 3089 στρατεύματος,
1367 3019 1464 3072 καὶ
1510 3019 1655 3090 χειρὶ
1714 3020 2008 3090 ἐϐοήθησε,
2052 3021 2149 3074 καὶ
2191 3021 2614 3091 στρατηγήματι
2650 3017 2776 3079 τοὺς
2835 3013 3159 3084 Βαρϐἀρους
3200 3007 3626 3077 κατεσοφίσατοο

364 3111 499 3165 Τότε
543 3110 643 3181 μὲν
671 3104 764 3164 οὖν
799 3109 1164 3174 ἐπανέζευξεν
1203 3111 1284 3174 είς
1312 3109 1412 3180 τὴν
1457 3111 1876 3165 Κωνσταντίνου
1909 3115 1937 3165 6
1977 3111 2256 3182 βασιλεύς.

435 3205 573 3258 Kll'.
616 3202 706 3271 Τῷ
750 3201 796 3255 δ’
844 3201 1046 3273 ἐφεξῆς
1097 3202 1212 3254 ἔτει
1271 3203 1434 3255 πάλιν
1483 3203 1793 3272 στρατεύει,
1845 3204 2008 3269 καὶο

365 3295 645 3367 συμμίξας
679 3297 792 3358 τοῖς
827 3296 891 3347 ἐκ
928 3295 1025 3364 τῆς
1057 3293 1259 3364 Ἅγαρ,
1292 3294 1757 3364 ἐπικρατέστερος
1788 3293 1936 3361 γίνε-

365 3406 476 3453 ται,
519 3390 613 3441 καὶ
644 3387 781 3440 πολὺ
818 3385 917 3456 μὲν
952 3384 1156 3454 πλῆθος
1185 3385 1367 3439 αὐτῶν
1400 3386 1686 3449 πέπτωκε,
1722 3384 1941 3444 πλείους

366 3483 413 3535 δ’
440 3482 687 3534 ἑάλωσαν
718 3478 1090 3549 δωρυάλωτοι,
1121 3479 1180 3529 ἐν
1206 3473 1286 3540 οἷς
1313 3472 1387 3547 ἦν
1427 3477 1524 3530 καί
1564 3493 1649 3539 τις
1690 3477 1831 3547 ἀνὴρ
1865 3477 1944 3547 τῷ

368 3572 478 3626 τῶν
503 3570 707 3641 σχολῶν
738 3569 1047 3639 δομεστίκῳ
1091 3566 1394 3638 γνώριμος,
1421 3568 1517 3622 καὶ
1550 3570 1944 3640 μαρτυρούμε-

368 3682 460 3727 νος
492 3664 587 3717 ὑπ’
621 3660 813 3727 αὑτοῦ,
844 3662 919 3725 ὼς
947 3662 1045 3715 καὶ
1091 3662 1192 3730 τὴν
1237 3663 1400 3730 χεῖρα
1435 3663 1682 3729 γενναῖος
1714 3664 1809 3715 καὶ
1848 3680 1946 3716 πε-

373 3757 627 3829 ριδέξιος,
669 3758 765 3809 καὶ
806 3755 1023 3823 εὐφυῶς
1060 3745 1456 3828 ἱππαζόμενος,
1492 3758 1588 3810 καὶ
1629 3757 1727 3811 δῦο
1775 3773 1946 3825 μετα-

370 3866 408 3919 χ
442 3846 748 3919 ιριζόμενος
786 3844 1011 3914 δόρατα.
1045 3844 1335 3916 Θριὰμεου
1375 3848 1558 3900 τοίνυν
1596 3848 1689 3899 ἐπὶ
1716 3849 1780 3917 τῇ
1822 3846 1946 3917 νίκῃ

373 3937 750 4005 καταγομένου
778 3935 837 3987 ἐν
876 3935 1219 4004 ίππηλασίας
1261 3938 1456 4005 ἀγῶνι,
1486 3936 1580 3990 τὸν
1612 3938 1947 4005 ἐπαινούμεο

374 4048 467 4085 νον
517 4034 726 4083 ἐκεῖνον
795 4027 1098 4098 Ἀγαρηνὺν
1145 4029 1526 4095 ίππάσασθαι,
1581 4030 1677 4082 καὶ
1735 4029 1807 4082 τὰ
1855 4027 1950 4082 δύο

2131 3202 2370 3257 XXVIII.
2406 3201 2564 3255 Anno
2610 3213 2743 3252 vero
2787 3203 3055 3264 sequente
3078 3193 3283 3247 iterum
3320 3207 3444 3246 cum
3488 3189 3632 3261 Aga-

2053 3296 2200 3350 renis
2250 3308 2598 3363 congressus,
2666 3290 2725 3343 Iit
2803 3285 3079 3355 superior,
3132 3300 3329 3355 magna
3382 3285 3627 3339 hostium

2053 3385 2408 3440 multitudine
2439 3396 2600 3444 caesa,
2632 3389 2689 3433 et
2721 3377 2971 3449 pluribus
2994 3375 3190 3446 captis,
3215 3376 3358 3429 inter
3382 3391 3520 3445 quos
3548 3376 3632 3429 vir

2052 3480 2158 3535 fuit
2189 3478 2463 3548 legionum
2506 3473 2813 3529 domestico
2840 3480 3025 3532 notus,
3061 3469 3147 3521 cui
3178 3467 3225 3521 is
3254 3467 3629 3521 testimonium

2056 3570 2410 3642 perhibebat,
2455 3577 2517 3621 ut
2547 3575 2603 3620 et
2635 3578 2801 3619 manu
2843 3568 3120 3631 prompto,
3160 3569 3217 3614 et
3262 3559 3631 3624 ambidextro,

2054 3673 2111 3717 et
2162 3660 2351 3715 solerti
2404 3657 2601 3727 equiti,
2662 3661 2717 3708 et
2777 3651 2873 3722 qui
2934 3650 3091 3704 binas
3150 3648 3339 3703 hastas
3395 3658 3632 3703 tractare

2055 3753 2244 3808 sciret.
2273 3751 2409 3806 Cum
2456 3749 2623 3818 igitur
2648 3745 2796 3800 ludis
2834 3742 3197 3799 Circensibus
3238 3741 3310 3795 ob
3340 3741 3630 3795 victoriam

2056 3845 2370 3916 triumphus
2427 3842 2747 3904 duceretur,
2777 3838 3077 3907 imperator
3129 3834 3413 3889 laudatum
3473 3833 3630 3888 illum

2053 3937 2363 4009 Agarenum
2425 3930 2678 4002 equitare
2757 3937 2816 3983 et
2905 3927 3034 3982 bina
3107 3924 3326 3985 hastilia
3388 3933 3628 3979 tractare

2052 4027 2234 4099 jussit.
2265 4022 2572 4082 OthItlaVli.
2604 4020 2719 4079 ille,
2753 4024 2812 4072 ut
2838 4018 3026 4088 jussus
3063 4022 3203 4073 erat,
3237 4012 3628 4066 dexteritatem

377 4122 867 4193 μεταχειρίσασθαι
904 4121 1110 4191 δόρατα
1155 4119 1447 4173 ἐκέλευσεν
1492 4120 1519 4173 6
1550 4118 1796 4189 κρατῶν.
1834 4119 1946 4172 Καὶ

2057 4133 2211 4173 suam
2245 4113 2673 4186 spectatoribus.
2712 4109 2851 4162 Eum
2891 4105 3195 4175 imperator
3219 4112 3274 4157 et
3304 4101 3549 4155 laudavit
3576 4108 3634 4154 et

375 4213 433 4275 ὃς
454 4214 798 4267 ἐπεδείκνυτο
826 4215 967 4267 κατὰ
998 4212 1059 4266 τὸ
1081 4212 1359 4282 κέλευσμα
1393 4213 1505 4274 τοῖς
1536 4212 1706 4279 ὁρῶσι
1744 4211 1805 4264 τὸ
1844 4212 1948 4281 ἁμ-

2056 4211 2358 4266 admiratus
2401 4219 2506 4261 est.
2552 4207 2623 4258 At
2669 4202 2989 4256 Theodorus
3019 4197 3303 4259 Craterus,
3337 4194 3430 4264 qui
3466 4193 3633 4263 paulo

378 4306 766 4375 φοτεροδέξιον.
805 4306 913 4358 Καὶ
949 4306 977 4358 ὁ
1007 4304 1268 4375 βασιλεὺς
1300 4304 1490 4358 τοῦτον
1528 4303 1721 4373 ἐπῄνει
1755 4320 1813 4354 τε
1855 4302 1948 4355 καὶ

2058 4310 2185 4374 post
2248 4311 2451 4354 corona
2512 4292 2758 4364 martyrii
2828 4299 2914 4345 est
2968 4299 3219 4348 ornatus,
3255 4299 3401 4339 unus
3443 4299 3475 4339 e
3520 4297 3632 4338 aut

378 4372 708 4466 ἐθαύμασεν.
757 4397 817 4451 '0
864 4372 1315 4468 γοῦν-Κρατερὸς
1364 4372 1664 4464 Θεόδωρος,
1721 4392 1777 4455 6,
1831 4393 1948 4462 μετ’

2056 4372 2359 4463 martyrum
2405 4403 2660 4450 numero,
2707 4381 3013 4451 Theophila
3051 4388 3254 4439 astans,
3307 4374 3624 4446 Agareuum

377 4488 559 4557 ὀλίγον
623 4487 946 4559 μαρτυρικῷ
1021 4467 1406 4557 κατεκοσμήθη
1513 4486 1782 4554 στεφάνῳ,
1843 4484 1948 4537 τῶν

2059 4482 2456 4541 subsannabat.
2509 4480 2628 4546 Qua
2683 4477 2750 4532 de
2813 4487 2976 4530 causa
3031 4473 3204 4525 iratus
3246 4467 3632 4537 Theophilus:

378 4581 885 4652 τεσσαρακονταῗύο
917 4579 1217 4651 μαρτύρων
1249 4576 1328 4641 εἷς
1352 4578 1450 4644 ὣν,
1493 4577 1786 4646 παρεστὼς
1830 4577 1948 4629 τότε

2062 4577 2143 4632 Tu
2191 4592 2335 4640 vero,
2383 4572 2587 4642 inquit,
2642 4568 2938 4641 effeminate
2983 4563 3129 4633 (nam
3181 4559 3474 4616 eunuchus
3510 4565 3636 4612 erat

378 4673 457 4742 τῷ
491 4650 736 4743 θεοφιλῳ
764 4650 1026 4742 ἐχλεύαζε
1057 4672 1151 4725 τδν
1194 4671 1523 4747 ’Λγαρηνόν.
1562 4670 1766 4740 Ὀργῆς
1792 4669 1836 4721 δ’
1867 4667 1948 4720 ἐπί

2055 4665 2336 4738 Craterus)
2382 4667 2490 4720 tale
2536 4662 2738 4733 aliquid
2784 4655 3104 4731 pra'stabt's?
3150 4653 3286 4707 Tum
3329 4650 3630 4707 Craterus:

380 4769 445 4835 τῇ
473 4766 639 4836 χλεύῃ
672 4766 933 4834 πλησθεὶς
972 4765 1001 4818 6
1032 4763 1272 4834 κρατῶν,
1303 4762 1386 4816 Σὺ
1420 4761 1496 4826 δ’,
1526 4761 1655 4829 ἔφη,
1693 4756 1741 4816 ὦ
1773 4762 1960 4826 θηλυ-

380 4856 518 4924 apta
569 4860 856 4926 (ἐκτομίας
902 4856 1015 4926 γὰρ
1064 4857 1093 4908 6
1154 4855 1430 4925 Κρατερὸς
1486 4852 1782 4922 ἐτύγχανεν
1836 4850 1962 4919 ὢν),

381 4946 619 5016 ἐνδείξῃ
665 4950 946 5003 τοιοῦτόν
982 4963 1071 5013 τι;
1104 4947 1213 5000 Καὶ
1244 4946 1272 4998 6
1314 4942 1622 5016 Κρατερὸς,
1671 4943 1788 4996 Δύο
1821 4941 1959 5008 μὲν,

383 5039 512 5111 ἔφη,
543 5040 765 5109 δόρατα
810 5041 1097 5110 στρέφειν
1122 5040 1234 5094 οὐκ
1261 5036 1538 5106 ἦσκησα,
1574 5035 1660 5087 ὅτι
1691 5032 1848 5102 μηδὲ
1871 5032 1969 5086 δεῖ

383 5130 459 5201 τῇ
490 5130 655 5202 μάχῃ
697 5133 1014 5202 παιγνίων,
1037 5131 1198 5187 ἀλλὰ
1228 5127 1529 5195 σπουδῆς,
1565 5125 1637 5180 ἓν
1673 5121 1743 5179 δὲ
1781 5141 1964 5195 μετα-

385 5223 798 5295 χειριζόμενος,
826 5223 948 5279 σὺν
976 5223 1100 5291 Θεῷ
1128 5225 1182 5278 δ’
1224 5222 1506 5292 εἰρήσθω,
1531 5219 1752 5275 τοῦτον
1782 5232 1962 5272 κατα-

389 5314 573 5369 ϐαλῶ.
614 5315 907 5387 Ἐκμανεὶς
951 5315 996 5369 δ’
1028 5317 1122 5369 ἐπὶ
1171 5313 1250 5385 τῷ
1274 5314 1419 5385 λόγῳ
1466 5316 1495 5369 6
1547 5311 1834 5383 βασιλεὺς,
1867 5311 1961 5365 καὶ

389 5405 596 5475 ὀμόσας
638 5409 760 5463 καθ’
810 5405 1030 5471 ἑαυτοῦ,
1064 5401 1151 5459 Ἦ
1188 5405 1340 5473 μὴν,
1390 5406 1520 5477 ἔφη,
1569 5403 1860 5471 τεθνήξῃ,
1905 5404 1959 5457 ει

2062 4762 2206 4816 Binis
2253 4758 2484 4829 quidem,
2532 4756 2731 4824 inquit,
2775 4748 3049 4804 hastilibus
3097 4744 3367 4800 vibrandis‘
3413 4756 3494 4794 me
3527 4754 3634 4792 non

2057 4853 2287 4915 exercui,
2318 4854 2455 4921 quod
2501 4849 2556 4901 in
2611 4842 2795 4916 prazlio
2848 4856 2952 4895 non
2998 4840 3219 4900 luditur,
3260 4837 3353 4891 sed
3386 4853 3467 4890 res
3493 4836 3636 4889 seria

2059 4948 2276 5017 agitur:
2310 4960 2418 4997 una
2443 4957 2563 4996 vero
2586 4941 2763 5002 hasta,
2796 4936 2907 4990 Deo
2940 4942 3228 4996 annuente,
3257 4946 3374 4984 eum
3407 4936 3636 4999 proster-

2059 5055 2208 5093 nam.
2243 5037 2548 5107 lmperator
2577 5032 2649 5088 ob
2695 5046 2761 5086 ea
2787 5029 2967 5098 iverba
3005 5026 3193 5081 furore
3237 5023 3502 5094 percitus,
3535 5036 3635 5090 per

2061 5130 2306 5201 seipsum
2337 5126 2568 5198 juravit,
2610 5138 2670 5179 se
2710 5120 3045 5181 statimeum
3076 5115 3415 5177 occisurum,
3442 5111 3557 5174 nisi
3601 5124 3634 5164 e

2056 5219 2292 5291 vestigio
2344 5218 2502 5273 illum
2557 5212 2972 5286 prostravisset.
3031 5207 3113 5264 lbi
3171 5205 3438 5262 Craterus
3492 5201 3635 5256 nihil

2057 5318 2369 5377 cunctatus,
2411 5309 2570 5363 basta
2611 5305 2732 5360 sine
2774 5301 2926 5357 ferro
2969 5300 3280 5369 Agar-cuum
3339 5307 3484 5364 equo
3534 5291 3637 5347 de-

2055 5402 2207 5475 iecit.
2257 5400 2400 5457 Cum
2451 5404 2636 5453 autem
2690 5393 2996 5463 imperator
3048 5387 3232 5444 denuo
3278 5378 3640 5454 expeditione

385 5472 472 5569 μὴ
517 5500 733 5556 αὐτίκα
770 5500 989 5557 τοῦτον
1030 5472 1412 5565 καταϐαλεῖς.
1434 5472 1514 5552 ’Ὅ
1556 5495 1614 5551 δὲ
1670 5495 1747 5568 μὴ
1790 5496 1948 5568 ὑπερ-

2058 5472 2321 5565 vsuscepta
2354 5507 2481 5548 eum
2519 5485 2790 5558 Agarenis
2816 5488 3137 5556 pugnasset,
3180 5486 3414 5536 eventus
3455 5472 3636 5547 luaelii

1575 5627 1785 5691 Varias
1820 5626 2137 5689 lectiones
2183 5634 2245 5689 et
2289 5631 2480 5687 notua.

399 5758 920 5889 5(2‘17.)Marog;'15.1.
962 5759 1176 5815 Manuel
1224 5757 1510 5830 patricius,
1557 5753 1646 5810 cui
1686 5766 1827 5808 uxor
1862 5750 1967 5808 fuit
2013 5750 2238 5820 llelcna,
2276 5750 2345 5809 de
2390 5764 2497 5821 qua
2527 5759 2859 5818 anenymus,
2919 5741 2975 5798 in
3018 5741 3137 5798 Vita
3198 5737 3372 5795 sancti
3420 5736 3639 5793 Nicolai

445 5842 503 5888 tu
546 5844 651 5889 ttae.
682 5848 735 5889 υ.
882 5868 897 5884 .

445 5842 651 5897 tudila,
682 5848 735 5894 υ.
772 5842 897 5887 me.
