4068 6408
398 328 533 393 1409

1647 326 2053 389 ANNALIUM
2095 327 2241 419 LIB.
2282 329 2405 388 xv.

3495 328 3636 392 1410

392 448 537 512 πρὸς
570 447 640 499 τὰ
668 444 903 515 σὰ,ἐγὼ
936 443 1004 498 δὲ
1025 445 1175 511 πρὸς
1211 445 1531 512 Ῥωμαίους
1563 443 1944 510 πορεύσομαι

2064 439 2309 509 opinioni
2352 440 2742 514 refragantem,
2780 449 2901 510 post
2936 443 3139 498 multos
3168 445 3467 509 cruciatus,
3514 463 3635 501 ma-

403 536 744 590 Ἐπανελθὼν
812 535 857 588 δ’
917 538 996 599 εἰς
1027 536 1128 606 τὴν
1190 533 1578 604 μεγαλόπολιν,
1635 533 1956 604 περιχαρῶς

389 625 582 695 ἐδέχθη
635 625 787 696 παρὰ
850 624 946 678 τοῦ
996 627 1429 696 αὐτοκράτορος,
1492 623 1588 676 καὶ
1645 627 1955 694 μάγιστρος

387 718 587 771 αὐτίκα
630 717 919 787 τετίμητο,
950 718 1047 770 καὶ
1095 719 1158 770 ἐκ
1219 717 1315 771 τοῦ
1364 716 1526 785 ἁγίου
1576 715 1955 785 βαπτίσματος

387 808 481 861 τὸν
508 807 615 863 τοῦ,
646 807 915 876 βασιλέως
944 809 1062 860 υίὺν
1085 808 1306 879 Μιχαὴλ
1335 807 1578 872 ἐδέξατο,
1605 807 1664 862 ὃν
1706 809 1735 861 6
1770 807 1955 878 πατὴρ

391 900 483 954 καὶ
556 901 846 970 διαδήματι
928 900 1144 971 ἔστεφε,
1201 902 1298 954 καὶ
1376 900 1603 971 βασιλέα
1666 898 1955 969 Ῥωμαίων

386 993 601 1046 ἀνεῖπε.
651 991 759 1046 Τοῦ
814 992 1159 1065 πατριάρχου
1210 992 1266 1045 δὲ
1309 993 1602 1045 Ἀντωνίου
1653 992 1754 1062 τὴν
1807 991 1955 1061 ζωὴν

387 1084 889 1154 καταστρέψαντος,
934 1084 993 1148 ὃς
1019 1084 1116 1153 ἔτη
1156 1084 1258 1153 τῆς
1307 1083 1633 1154 Ἐκκλησίας
1677 1083 1953 1153 ἐκράτησε

386 1175 667 1245 δεκατρία,
739 1176 1029 1243 Ἰωάννης,
1083 1174 1144 1228 ὃν
1192 1177 1220 1227 6
1275 1174 1432 1240 λόγος
1486 1175 1587 1245 ήδη
1653 1174 1953 1244 προείρηκε

386 1266 709 1321 διδάσκαλον
734 1266 993 1335 γενέσθαι
1027 1267 1124 1320 τοῦ
1154 1267 1418 1336 Θεοφίλου
1456 1269 1552 1323 καὶ
1592 1265 1951 1335 συναιρεσιὼ-

386 1376 507 1428 την,
554 1357 962 1428 προχειρίζεται
1021 1360 1393 1430 πατριάρχης,
1457 1360 1517 1414 ὃν
1592 1362 1689 1413 καὶ
1747 1358 1952 1429 Ἰάννην

385 1448 612 1501 ἐκάλουν
666 1447 716 1499 οἱ
773 1449 915 1512 τότε,
959 1448 1055 1500 καὶ
1111 1449 1202 1502 διὰ.
1254 1451 1358 1519 τὴν
1415 1450 1649 1520 αἰρεσιν,
1708 1451 1825 1503 καὶ.
1861 1449 1951 1503 δια

387 1535 663 1603 γοητείας,
711 1530 780 1606 ἦν
816 1535 924 1606 γὰρ
957 1537 1148 1600 αὐταῖς
1183 1539 1459 1609 ἐντριϐής.
1490 1540 1594 1593 Τὸν
1637 1538 1693 1593 δὲ
1731 1539 1954 1609 ἱερώτα-

383 1642 476 1676 τον
507 1624 768 1677 Μεθόδιον
794 1625 928 1694 (28),
964 1625 1021 1688 ὃς
1053 1624 1279 1698 ὕστερον
1303 1628 1399 1680 καὶ
1427 1628 1519 1680 τὸν
1549 1628 1952 1698 πατριαρχικὸν

384 1721 662 1789 ἐκόσμησε
720 1720 932 1788 θρόνον,
988 1720 1064 1790 μὴ
1126 1721 1448 1791 πειθόμενον
1518 1721 1811 1777 συνθέσθαι
1880 1723 1949 1793 τῇ

384 1812 676 1883 κακοδοξίᾳ
705 1810 892 1876 αὑτοῦ,
919 1813 1061 1881 μετὰ
1091 1812 1292 1875 πολλὰς
1325 1812 1510 1876 αἰκίας
1556 1813 1650 1866 καὶ
1672 1812 1779 1865 τῶν
1824 1829 1947 1866 σια-

382 1900 556 1968 γόνων
591 1899 761 1952 αὐτοῦ
798 1899 1112 1965 σύνθλασιν,
1162 1903 1257 1955 καὶ
1305 1902 1416 1955 τῶν
1454 1904 1684 1958 ὀδόντων
1718 1903 1952 1975 ἐκριζω-

383 2009 487 2056 σιν,
520 1992 601 2053 εἰς
634 1990 733 2062 τὴν
772 1992 1058 2064 Πάνορμον
1082 1995 1267 2065 νῆσον,
1304 1995 1338 2067 ἡ
1376 1996 1468 2049 νῦν
1501 1995 1596 2048 τοῦ
1637 1997 1947 2065 Ἀντιγόνου

382 2083 648 2147 καλεῖται,
730 2082 1058 2155 όδυσσεσὴς
1126 2085 1452 2156 ὑπερορίξει
1511 2085 1795 2155 Θεόφιλος,
1856 2087 1951 2140 καὶ

381 2174 528 2237 ἐντὸς
556 2174 911 2246 καθείργνυσι
942 2177 1228 2246 μνήματος
1261 2178 1400 2248 μετά
1445 2178 1540 2233 δύο
1577 2179 1793 2252 λῃστῶν
1816 2196 1830 2211 ⁸
1870 2174 1947 2235 ὧν

380 2264 477 2317 τοῦ
536 2264 656 2329 ἑνὸς
689 2265 968 2330 θανόντος,
1005 2267 1138 2337 ὅσην
1168 2268 1196 2321 ὁ
1250 2269 1407 2336 ἅγιος
1437 2271 1501 2323 ὲκ
1534 2271 1633 2340 τῆς
1672 2269 1947 2336 δυσώδους

380 2355 472 2408 τοῦ
524 2356 819 2422 τεθνεῶτος
877 2358 1167 2430 ἀποφορᾶς
1225 2361 1506 2431 ὑπήνεγκε
1559 2361 1681 2432 βίαν
1712 2363 1810 2417 καὶ
1843 2364 1942 2434 ἀη-

376 2448 515 2512 δίαν,
547 2450 646 2503 οὐκ
680 2450 746 2504 ἄν
784 2468 868 2514 τις
896 2451 1055 2520 λόγος
1110 2453 1313 2516 ίκανῶς
1343 2454 1729 2525 διαγράψαιτο.
1795 2455 1945 2508 Ἐκεῖ

2058 530 2348 599 larumque
2414 530 2799 585 eontusionem
2852 540 2909 586 et
2963 532 3214 588 dentium
3263 536 3632 604 evulsionem,

2060 621 2116 677 in
2173 622 2411 677 insulam
2460 621 2815 685 Panormum,
2867 640 2989 693 quae
3040 641 3187 681 nunc
3246 626 3503 697 Antigoni
3541 644 3638 682 co-

2058 724 2414 784 gnomentum
2462 712 2651 776 habet,
2692 713 2893 783 impius
2938 715 3145 784 relegat
3190 716 3552 787 Theophilus,
3577 726 3635 773 et

2059 807 2201 862 intra
2235 817 2653 861 monumentum
2701 820 2826 861 eum
2873 805 3092 862 duobus
3134 807 3443 863 latronibus
3496 824 3634 864 con-

2057 891 2277 947 cludit:
2313 907 2549 962 quorum
2596 893 2774 949 altero
2828 904 3071 958 mortuo,
3105 904 3367 964 quantam
3418 896 3632 952 violen-

2060 981 2211 1045 tiam,
2272 990 2329 1036 et
2381 982 2690 1037 moleStiam
2760 982 2847 1037 vir
2913 991 3138 1038 sanctus
3199 999 3267 1038 ex
3335 985 3628 1039 teterrimo

2057 1067 2344 1123 cadaveris
2369 1068 2548 1123 fetore
2573 1070 2844 1135 tolerarit,
2869 1071 3019 1125 nulla
3051 1071 3344 1141 quisquam
3373 1073 3625 1129 oratione

2056 1159 2321 1230 consequi
2379 1169 2584 1229 potest.
2642 1162 2761 1217 Illic
2816 1162 2984 1233 igitur
3042 1163 3248 1234 inclyto
3314 1165 3408 1219 illo
3473 1175 3631 1235 patre

2057 1251 2295 1314 incluso,
2343 1251 2542 1308 fratres
2594 1253 2674 1307 illi
2733 1255 3084 1311 confessores
3144 1257 3513 1326 TheOphanes
3572 1268 3629 1314 et

2057 1339 2400 1407 Theodorus,
2430 1352 2554 1413 post
2577 1344 2843 1399 facierum
2869 1348 3349 1416 eompunctionem
3377 1349 3625 1416 relegati,

2055 1446 2179 1487 cum
2226 1433 2297 1489 ad
2326 1432 2502 1490 Cartae
2534 1445 2754 1505 portum
2778 1439 3144 1507 appulissent,
3192 1455 3292 1509 per
3330 1442 3624 1510 quemdam

2054 1523 2383 1592 piscatorem
2412 1525 2691 1582 Methodio
2723 1527 3048 1584 familiarem
3080 1530 3198 1586 haec
3233 1531 3579 1601 scripserunt
3609 1550 3622 1586 :

2204 1657 2410 1731 Viventi
2448 1668 2673 1725 mortuo,
2706 1671 2860 1731 atque
2894 1671 3101 1716 mortuo
3134 1665 3298 1718 simul

2212 1727 2384 1800 Vitam
2416 1732 2620 1796 (creati,
2653 1734 2743 1800 qui
2773 1727 2890 1785 eum
2924 1732 3169 1787 tellurem
3193 1735 3330 1788 colat

2194 1798 2351 1866 Polo;
2380 1809 2636 1866 pererrat,
2665 1798 2883 1854 litterati
2909 1801 3114 1856 litteras

2199 1865 2581 1936 Vinctimisere
2605 1869 2827 1924 vinculis
2853 1872 3131 1927 adobruta.

2045 1982 2259 2050 Quibus
2310 1997 2409 2053 per
2460 1983 2712 2038 eumdem
2752 1984 3084 2054 piscatorem
3127 1985 3210 2039 vir
3254 1995 3479 2042 sanctus
3533 2002 3624 2042 re-

2046 2075 2273 2146 scripsit
2307 2094 2321 2129 :

2191 2184 2427 2249 Quorum
2455 2193 2638 2239 notata
2672 2186 2889 2240 nomina
2918 2186 2972 2239 in
3001 2186 3301 2243 cretestibus

2186 2255 2357 2309 Libri;
2393 2254 2660 2325 leguntur,
2702 2264 2751 2307 et
2786 2255 3082 2309 decentibus
3104 2260 3234 2311 votis

2198 2325 2535 2395 Campanum:
2565 2325 2782 2393 frontes.
2815 2326 3020 2378 vinculo
3045 2328 3307 2395 oppressis

2195 2393 2334 2449 Dicit
2363 2393 2611 2459 salutem,
2634 2397 2722 2464 qui
2750 2397 2925 2449 vivens
2954 2393 3188 2465 sepultus
3219 2406 3319 2451 est.

378 2539 555 2593 τοίνυν
581 2541 1040 2612 ἐγκεκλεισμένου
1068 2542 1161 2596 τοῦ
1189 2543 1438 2612 ἀοιδίμου
1501 2545 1712 2599 ἐκείνου
1778 2545 2014 2619 Πατρὸς,
2056 2544 2151 2597 καὶ
2212 2544 2261 2596 οί
2313 2542 2660 2611 αὑτάδελφοι,
2689 2543 2716 2597 ὅ
2758 2560 2818 2596 τε
2867 2542 3149 2615 Θεοφάνης
3193 2546 3289 2599 καὶ
3342 2546 3623 2619 Θεόδωρος

380 2630 520 2697 μετά
555 2632 655 2700 τὴν
692 2632 801 2685 τῶν
833 2633 1145 2705 προσώπων
1182 2636 1503 2702 κατάστιξιν
1559 2636 2040 2708 ὑπεροριζόμενοι,
2109 2634 2204 2690 καὶ
2277 2634 2419 2688 κατὰ
2480 2633 2571 2689 τὸν
2598 2634 2793 2704 Κάρτα
2822 2632 3025 2703 λιμένα
3064 2634 3493 2703 καταλύσαντες,
3528 2636 3637 2693 διάν

375 2742 516 2788 τινος
535 2725 729 2788 ἁλιέως
755 2727 1020 2798 συνήθους
1042 2726 1118 2797 τῷ
1139 2728 1268 2799 ἱερῷ
1291 2729 1537 2798 Μεθοδίῳ
1559 2730 1937 2784 ἑπιστέλλουσι
1976 2727 2148 2785 ταῦτα
2190 2744 2205 2760 ·

1306 2862 1393 2928 Τῷ
1425 2864 1593 2924 ζῶντι
1622 2865 1833 2934 νεκρῷ,
1865 2864 1963 2918 καὶ
2001 2860 2525 2934 νεκρῷίζωνφόρφ.

1297 2938 1541 2990 Natura
1578 2937 1694 3004 τὴν
1722 2933 1859 3004 γῆν,
1900 2935 2001 3004 καί
2037 2933 2331 2986 πολοῦντι
2369 2938 2475 2985 τὸν
2514 2935 2729 2997 πόλον,

1292 3007 1556 3071 Γραπτοὶ
1598 3003 1897 3075 γράφουσι
1926 3003 2006 3069 τῷ
2034 3004 2279 3071 δεσμίῳ.

377 3093 473 3162 Οἷς
507 3098 665 3151 πάλιν
713 3096 799 3150 διὰ
839 3096 932 3150 τοῦ
980 3094 1145 3150 αὑτοῦ
1188 3098 1385 3162 ἁλιέως
1427 3100 1455 3150 ὁ
1500 3099 1649 3161 ὅσιος
1694 3096 2111 3163 ἀνταπέστειλε,

1293 3188 1440 3254 Τοὺς
1477 3187 1605 3253 ταῖς
1629 3188 1944 3252 ,ϐίϐλοισιν
1971 3187 2233 3253 οὐρανοῦ
2265 3185 2718 3254 κλησιγράςρους

1284 3260 1391 3311 Καὶ
1426 3259 1575 3326 πρὸς
1606 3257 1850 3327 μέτωπα
1881 3259 2205 3327 σωφρόνως
2240 3258 2634 3324 ἐστιγμένους

1282 3326 1617 3395 Προσεῖπεν
1647 3332 1679 3383 ό
1704 3327 1997 3392 ζώθαπτος
2028 3326 2108 3392 ὡς
2137 3327 2569 3411 συνδεσμίους.

404 3476 645 3546 Εϐδομον
674 3474 719 3528 δ’
748 3475 865 3536 ἔτος
894 3473 1149 3536 διανύσας
1184 3475 1241 3527 ὲν
1276 3472 1351 3543 τῷ
1377 3473 1532 3541 τάφῳ
1559 3474 1587 3525 6
1610 3471 1787 3539 ἆγιος,
1818 3467 1937 3526 εἶτα

2044 3456 2181 3524 Cum
2202 3475 2385 3523 autem
2420 3466 2716 3537 septimum
2745 3470 3028 3526 annumin
3048 3472 3307 3543 sepulcro
3327 3475 3615 3547 exegisset,

376 3568 584 3624 suaiesv
606 3566 890 3637 ἐκϐληθεὶς
915 3567 971 3618 ὲν
1004 3566 1116 3628 τοῖς
1141 3565 1460 3636 ἀνακτόροις
1487 3565 1933 3629 κατεκέκλειστο,

375 3660 603 3731 ⁸ιηδενὸς
644 3657 806 3712 αὐτὸν
835 3656 1157 3728 όρῶντος,ἢ
1196 3657 1358 3728 μόνον
1399 3656 1492 3711 τοῦ
1538 3657 1942 3728 ὑπηρετοῦντος

370 3751 539 3823 αὐτῷ,
573 3751 668 3804 καὶ
693 3749 786 3803 τοῦ
816 3748 1114 3819 βασιλέωςο
1148 3750 1454 3817 φιλοπονῶν
1486 3749 1595 3820 γὰρ
1620 3750 1648 3803 6
1681 3748 1940 3818 Θεόφιλος

370 3846 466 3897 καὶ
502 3839 916 3909 ἀναγινώσκων,
947 3837 1136 3910 ἠρώτα
1183 3839 1277 3892 τὸν
1319 3841 1466 3911 ἱερὸν
1509 3840 1773 3894 Μεθόδιον
1810 3838 1940 3909 περὶ

374 3930 445 3988 τιν
470 3932 828 4003 ἀμφιϐαλλων
858 3926 949 4001 ἦν,
978 3930 1058 3984 διὸ
1092 3930 1187 3985 καὶ⁵
1227 3932 1284 3985 ὲν
1313 3935 1435 3995 ταῖς
1475 3931 1813 4003 ἀποδημίαις
1848 3933 1940 3986 ἀεὶ

373 4027 601 4080 συνόντα
632 4019 777 4093 εῖχεν
806 4021 979 4093 αὐτῷ.

438 4117 567 4173 ΚΘ’.
615 4118 815 4188 Ἕαρος
839 4115 885 4169 δ’
916 4114 1260 4181 ἐπιστάντος,
1302 4115 1444 4169 κατά
1472 4116 1585 4168 τῶν
1619 4116 1940 4189 Ἀγαρηνῶν

367 4217 393 4265 6
426 4210 703 4282 βασιλεὺς,
739 4208 835 4263 καὶ
865 4207 1030 4261 πάλιν
1074 4204 1177 4279 ἦρε
1214 4207 1283 4261 τὰ
1315 4208 1477 4275 ὅπλα,
1514 4211 1610 4262 καὶ
1641 4210 1813 4262 πολλὰ
1840 4209 1937 4279 τῆς

367 4303 567 4371 Συρίας
593 4298 948 4370 ἐξεπόρθησε,
983 4298 1080 4352 καὶ
1126 4298 1337 4352 πόλεων
1384 4298 1681 4368 ἐκράτησε,
1715 4302 1807 4353 καὶ
1838 4301 1937 4354 αὐ-

366 4395 467 4464 τῆς
500 4391 880 4462 Σωζοπέτρας,
938 4392 974 4462 ἢ
1049 4391 1249 4461 πατρὶς
1293 4390 1557 4463 ἐτύγχανε
1594 4392 1689 4446 τοῦ
1736 4394 1945 4471 Ἀμερει⁴

372 4486 615 4558 μουμνῆ,
640 4491 734 4538 καὶ
765 4484 940 4537 ταῦτα
972 4483 1147 4536 πολλὰ
1191 4483 1448 4552 δεομένου
1479 4484 1715 4550 ἐκείνου,
1745 4486 1937 4552 φεῖσα-

370 4579 494 4632 σθαι
553 4579 653 4646 τῆς
702 4576 963 4647 πατρίδος
1035 4575 1227 4632 αὑτοῦ.
1269 4575 1329 4628 '0
1386 4576 1487 4646 μὲν
1538 4571 1632 4630 οὖν
1681 4576 1939 4646 βασιλεὺς

366 4669 653 4733 ἀνέζευξεν
704 4665 970 4736 εὐτυχῶς.
1007 4664 1067 4718 '0
1124 4665 1395 4732 θεόφοόος
1440 4666 1497 4719 δὲ
1554 4667 1938 4737 καταλειφθεὶς

366 4762 507 4816 ὥστε
538 4762 607 4815 τὰ
667 4760 775 4814 τῶν
827 4758 1258 4835 στρατευμάτων
1306 4758 1788 4828 οἰκονομήσασθαι,
1816 4758 1937 4813 ἐπεὶ

2037 3557 2168 3615 inde
2198 3558 2409 3630 ejectus
2435 3570 2599 3627 atque
2630 3557 2685 3612 in
2714 3560 2864 3631 regia
2901 3564 3198 3620 conclusus
3241 3575 3346 3633 est,
3396 3569 3618 3623 nemine

2037 3669 2164 3708 eum
2185 3652 2427 3715 vidente,
2448 3659 2649 3722 praeter
2669 3653 2982 3707 ministrum
3000 3657 3572 3728 ejuseuTlieophilum
3599 3680 3613 3715 :

2037 3744 2133 3814 qui
2164 3758 2288 3797 cum
2321 3744 2571 3798 studiose
2593 3743 2823 3813 legeret,
2864 3744 3110 3801 divinum
3140 3749 3320 3803 virum
3356 3750 3431 3804 de
3480 3752 3625 3806 locis

2036 3835 2223 3891 dubiis
2272 3835 2859 3905 interrogabat,eaque
2888 3838 2955 3892 de
2991 3853 3154 3895 causa
3188 3843 3354 3896 etiam
3389 3842 3442 3898 in
3481 3859 3613 3914 per-

2035 3929 2475 4002 egrinationibus
2541 3941 2759 3997 semper
2798 3931 3037 3987 habebat
3070 3949 3281 3991 secum.

2104 4113 2299 4171 XXIX.
2321 4115 2462 4171 Vere
2480 4115 2779 4187 incipiente
2799 4117 3100 4188 imperator
3120 4132 3330 4183 rursus,
3349 4118 3613 4189 Agarcnis

2032 4223 2185 4263 arma
2210 4208 2398 4263 intulit
2425 4220 2504 4277 et,
2527 4225 2721 4281 magna
2753 4208 2923 4281 Syriae
2942 4218 3099 4279 parte
3121 4217 3353 4269 vastata,
3377 4210 3615 4266 urbibus

2031 4313 2115 4358 est
2161 4304 2390 4373 potitus,
2460 4304 2685 4374 ipsaque
2727 4302 3029 4373 Sempetra
3066 4302 3244 4371 patria
3310 4300 3604 4357 Amermu-

2034 4395 2178 4449 auiis
2202 4413 2217 4448 :
2244 4393 2493 4464 quamvis
2523 4395 2613 4450 ille
2648 4395 2907 4460 multum,
2939 4394 3037 4450 sed
3066 4392 3294 4459 frustra,
3319 4407 3480 4449 orate
3509 4433 3526 4460 ,
3552 4404 3616 4449 ut

2034 4485 2225 4555 patriae
2257 4484 2411 4555 151
2442 4500 2554 4540 suae
2578 4494 2917 4554 parceretur.
2941 4485 3018 4541 Ac
3055 4485 3356 4556 imperator
3379 4487 3617 4542 feliciter

2037 4577 2260 4633 domum
2290 4577 2476 4632 rediit.
2509 4576 2883 4648 Theophobus
2910 4585 3097 4633 autem
3131 4577 3196 4633 ad
3220 4579 3612 4649 gubernandas

2035 4670 2282 4741 legiones
2310 4670 2560 4735 relictus,
2592 4685 2719 4726 cum
2746 4671 3043 4739 Persarum
3084 4671 3362 4742 stipendia
3400 4673 3611 4728 tardius

2038 4762 2391 4815 solverentur
2446 4759 2706 4828 (habebat
2756 4762 2905 4815 enim
2952 4760 3255 4830 imperator
3303 4762 3608 4817 exercitum

365 4855 426 4907 τὸ
462 4853 572 4906 τῶν
628 4851 854 4919 Περσῶν
919 4849 1186 4921 ὑστέρησε
1235 4848 1545 4918 σιτηρέσιον
1592 4848 1933 4920 (στράτευμα

2044 4850 2367 4923 Persicum),
2395 4825 2463 4907 ab
2495 4852 2605 4906 illis
2635 4825 3070 4923 indignantibus,
3101 4853 3188 4909 vel
3215 4854 3420 4909 invitus
3446 4863 3612 4925 atque

365 4948 474 5018 γὰρ
511 4941 580 5016 ἦν
609 4944 686 5014 τῷ
717 4943 929 5012 βασιλεῖ
960 4940 1277 5012 Περσικὸν),
1323 4938 1817 5011 περιαλγησάντων
1849 4939 1937 4992 διὰ

363 5037 523 5093 τοῦτο
548 5036 657 5089 τῶν
693 5033 939 5105 Ηερσῶν,
975 5033 1232 5103 βασιλεὺς
1268 5032 1400 5103 παρ’
1434 5031 1615 5085 αὐτῶν
1654 5030 1937 5100 ἀνερρήθη

366 5129 459 5181 καί
487 5128 658 5190 ἄκων,
689 5125 890 5195 μᾶλλον
921 5124 978 5177 δὲ
1018 5124 1114 5177 καὶ
1143 5123 1479 5193 παρακαλῶν
1512 5122 1706 5187 αὐτοὺς
1751 5121 1936 5189 μεθεῖο

367 5236 456 5273 ναι
508 5219 608 5287 τῆς
665 5216 945 5281 ἀπονοίας,
1004 5215 1081 5283 μὴ
1153 5216 1248 5266 καὶ
1317 5214 1691 5279 ἐαυτοὺῃκαὶ
1747 5213 1938 5266 ἑαυτὸν

367 5308 616 5377 ἐσχάτοις
677 5307 868 5366 κακοῖς
918 5303 1330 5373 περιϐσὶλωσιν⁹
1397 5304 1517 5356 ἀλλ’
1567 5305 1667 5357 οὐκ
1728 5303 1937 5356 ἔπειθε.

367 5398 585 5450 Στέλλει
616 5397 745 5465 γοῦν
779 5400 917 5467 πρὶς
959 5396 1049 5448 τὸν
1083 5396 1326 5465 βασιλέα,
1363 5397 1523 5448 τοῦτο
1557 5397 1683 5460 τοὺς
1714 5392 1933 5463 Πέρσας

367 5487 842 5558 ἀποκρυψάμενος,
877 5487 1160 5555 γνωρίζων
1196 5486 1255 5539 τὸ
1276 5488 1516 5556 γεγονὸς,
1553 5488 1648 5540 καὶ
1679 5487 1849 5557 μηδὲν
1879 5503 1935 5539 τι

2033 4944 2102 4999 ab
2123 4959 2186 4999 ea
2230 4944 2614 5014 desperatione
2645 4943 2850 4999 frustra
2902 4944 3223 5011 debortans,
3270 4960 3341 5000 ne
3383 4955 3441 5001 et
3468 4961 3527 5000 se
3554 4957 3611 5000 et

2034 5035 2362 5105 semetipsos
2387 5035 2443 5089 in
2471 5044 2716 5090 extrema
2746 5039 2887 5090 mala
2916 5036 3273 5106 eonjieerent,
3311 5036 3612 5106 imperator

2034 5128 2327 5182 salutatur.
2367 5126 2487 5193 Quo
2518 5126 2686 5193 facto,
2736 5128 2876 5182 clam
2911 5126 3115 5194 Persis,
3167 5127 3226 5183 id
3279 5129 3604 5198 imperatori

2032 5218 2323 5287 signiﬁcat,
2349 5218 2512 5287 eique
2542 5217 2701 5274 fidem
2749 5219 2900 5282 facit,
2945 5233 3015 5273 ne
3055 5218 3187 5289 quid
3214 5219 3425 5273 sinistri
3453 5219 3521 5274 de
3549 5235 3609 5274 se

2036 5311 2371 5379 suspicetur.
2411 5311 2685 5366 Reversus
2716 5311 3109 5380 imperatorem
3153 5310 3387 5376 accedit,
3418 5319 3475 5364 et
3509 5326 3607 5364 eu-

2046 5401 2329 5470 pidissime
2362 5401 2658 5471 excipitur,
2685 5402 2917 5471 pristina
2944 5401 3207 5457 felicitate
3241 5409 3480 5470 recepta.
3509 5400 3609 5456 Est

2042 5498 2099 5543 et
2131 5490 2311 5544 Persis
2336 5491 2592 5545 omnibus
2622 5491 2749 5546 data
2777 5490 2960 5555 venia,
3003 5505 3183 5560 neque
3215 5488 3322 5545 alia
3368 5489 3606 5560 irrogata

1549 5627 1748 5688 Varias
1776 5627 2079 5690 lectiones
2114 5635 2175 5690 et
2214 5636 2401 5712 notae.

442 5746 550 5808 (28)
583 5746 692 5800 Τὸν
723 5748 791 5801 δὲ
819 5748 1134 5816 ίερώτατον
1160 5749 1471 5805 Μεθόδιον.
1511 5747 1680 5821 Cujus
1726 5748 1925 5805 festum

2044 5757 2132 5804 unt
2155 5749 2327 5807 Graeci
2356 5751 2426 5806 2i
2464 5750 2633 5820 Junii,
2667 5760 2726 5808 ut
2759 5760 2842 5809 est
2868 5751 2924 5807 in
2952 5751 3192 5808 Menaeis.
