4068 6318
451 309 584 375 1411

1752 308 2074 372 ῙΟΑΝΝΙΞ
2112 309 2432 371 ZONAR/E

3558 306 3699 373 1412

444 438 629 491 pcena,
663 423 771 480 nisi
798 423 947 495 quod
982 438 1089 479 una
1131 438 1253 480 esse
1284 424 1376 478 siti
1407 438 1517 477 non
1552 430 1699 486 sunt,
1745 421 1843 477 sed
1884 435 2009 476 cum

2127 422 2239 475 κατ’
2268 421 2433 475 αὑτοῦ
2456 419 2784 474 ὑποπτεύειν
2814 418 3199 488 πληροφορῶν.
3230 415 3341 471 Καὶ
3380 418 3702 473 ἐπανελθὼν

443 514 634 569 tricies
658 516 804 571 mille
830 524 1037 581 essent,
1066 516 1228 571 divisi
1252 531 1315 571 ac
1337 515 1571 585 dispersi
1605 524 1756 578 sunt,
1787 514 2014 569 cuilibet

446 606 743 674 provincia:
802 607 952 663 binis
1023 608 1269 663 millibus
1339 607 1643 669 attributis,
1714 619 2015 674 earumque

445 699 774 766 praetoribus
804 700 1031 756 subesse
1059 716 1123 755 ac
1152 715 1345 769 parere
1365 700 1525 771 jnssi.
1547 700 1726 769 Atque
1754 699 1868 753 haec
1888 711 2015 752 cum

446 787 630 844 Persis
672 799 727 843 et
781 789 1119 860 'l‘heophoho
1171 799 1292 845 acta
1353 800 1503 845 sunt.
1567 793 2015 844 Amermumnem

449 887 637 934 autem
668 881 862 951 patria:
886 898 1000 937 suae
1039 883 1275 938 vastatio
1308 890 1461 938 tanto
1485 883 1676 938 dolore
1713 880 1920 943 aﬁecit,
1958 887 2018 935 ut

445 972 615 1025 vitam
671 972 777 1027 sibi
833 973 1089 1029 acerbam
1150 982 1405 1044 putaret,
1480 974 1587 1030 nisi
1649 972 2017 1042 Theophilum

447 1060 836 1129 ulcisceretur,
896 1065 1055 1136 cujus
1111 1066 1343 1135 patriam
1403 1079 1527 1119 esse
1583 1064 1867 1119 Amorium
1921 1063 2017 1118 ubi

448 1151 813 1221 cognovisset,
850 1167 971 1206 eam
1002 1153 1190 1208 urbem
1212 1168 1532 1225 oppugnare
1566 1154 1874 1208 constituit.
1903 1151 2019 1209 Sed

449 1241 747 1312 imperator
794 1243 1171 1313 praemonitus,
1220 1259 1340 1299 eam
1400 1259 1524 1299 cum
1569 1243 1861 1305 structuris
1904 1251 2017 1297 tum

456 1335 798 1390 exercitibus
848 1335 1034 1391 missis
1075 1338 1422 1405 communiit,
1457 1336 1662 1407 quibus
1689 1334 2020 1391 Theodorus

446 1426 733 1494 Craterus,
789 1429 952 1499 cujus
1006 1444 1171 1500 supra
1221 1430 1362 1484 facta
1397 1438 1481 1486 est
1508 1428 1738 1494 mentio,
1766 1435 2020 1498 praeerat,

450 1520 745 1589 exterique
787 1520 879 1589 qui
930 1519 1077 1587 apud
1124 1519 1403 1590 Agarenos
1459 1520 1514 1574 in
1555 1519 1805 1590 martyrii
1843 1518 2024 1573 stadio

449 1611 839 1676 decurrerunt,
866 1626 1099 1667 numero
1129 1627 1281 1667 mn.
1305 1610 1453 1667 Exiit
1472 1621 1527 1667 et
1555 1611 1855 1681 imperator
1877 1610 2024 1681 Aga-

450 1700 600 1756 renis
632 1716 987 1768 occursurus,
1018 1709 1077 1757 et
1112 1713 1237 1757 cum
1271 1702 1687 1757 Amermumnis
1734 1701 1849 1756 ﬁlio
1895 1716 2021 1756 cum

446 1792 613 1863 justis
672 1792 848 1862 copiis
907 1791 1241 1847 adventante
1296 1806 1650 1862 congressus,
1714 1790 1773 1845 in
1837 1789 2021 1870 fugam

452 1885 708 1939 vertitur.
748 1884 921 1940 Nocte
960 1884 1210 1940 insecuta
1241 1884 1457 1939 Manuel
1481 1884 1612 1939 dum
1637 1884 1855 1955 vigilias
1881 1886 2021 1952 obit,

455 1976 720 2046 quosdam
745 1977 942 2032 Persas
975 1974 1121 2048 (nam
1152 1976 1394 2047 linguam
1424 1991 1618 2031 eorum
1657 1976 2022 2048 intelligebat)

454 2068 610 2124 audit
647 2068 715 2123 de
772 2067 1086 2133 proditione
1137 2080 1262 2121 cum
1310 2066 1575 2136 Agarenis
1624 2068 2023 2138 colloquentes,

450 2173 628 2228 eoque
662 2161 937 2225 nuntiato,
974 2158 1298 2227 imperatori
1347 2158 1662 2228 persuadet,
1697 2167 1759 2212 ut
1807 2159 1911 2215 sub
1938 2159 2026 2215 di-

451 2249 698 2306 luculum
765 2250 960 2306 castris
1003 2251 1233 2306 excedat
1259 2266 1275 2305 :
1300 2250 1382 2305 sic
1425 2246 1517 2304 ille
1554 2249 1830 2315 discessit,
1897 2251 2027 2307 totis

452 2342 684 2397 habenis
715 2357 857 2412 equo
887 2343 1114 2398 laxatis.
1167 2343 1582 2397 Amermumnes
1624 2353 1809 2397 autem
1853 2357 1921 2397 ex
1959 2357 2027 2398 eo

450 2450 703 2499 securus,
748 2435 955 2491 Amorii
1001 2436 1349 2492 obsidionem
1386 2450 1701 2506 aggressus,
1740 2450 1864 2490 cum
1897 2449 2025 2490 cre-

452 2524 580 2579 bras
629 2524 1023 2595 impressiones
1076 2525 1304 2588 faceret,
1366 2525 1509 2579 nihil
1562 2523 1907 2595 proficiebat,
1960 2525 2030 2580 iis

451 2615 547 2693 qui
618 2617 769 2670 intus
852 2626 1014 2673 erant
1062 2616 1281 2671 fortiter
1327 2614 1736 2677 resistentibus,
1788 2615 1926 2670 adeo
1968 2623 2030 2671 ut

452 2710 690 2779 Agareni
738 2711 1160 2781 expugnationis
1191 2725 1289 2781 spe
1329 2711 1538 2782 abiecta
1579 2710 1877 2767 discessuri
1905 2711 2027 2768 fue-

454 2801 588 2865 rint,
602 2810 658 2855 et
687 2800 820 2855 urbs
851 2800 1147 2856 incolumis
1163 2817 1539 2872 permansura,
1562 2799 1668 2856 nisi
1690 2801 1912 2872 quidam
1943 2802 2026 2856 in-

455 2899 567 2957 tus,
584 2900 946 2961 cognomento
988 2891 1283 2960 Boiditzes,
1310 2893 1382 2948 ob
1403 2892 1811 2949 contentionem
1837 2907 2030 2963 quam-

454 2980 579 3034 dam
608 2982 799 3036 furore
829 2981 1096 3047 percitus,
1128 2996 1249 3037 eam
1277 2982 1633 3053 prodidisset.
1658 2982 1804 3039 Urbe
1833 2992 2020 3053 capta,

2118 516 2367 585 πρόσεισι
2399 514 2476 584 τῷ
2521 512 2752 583 βασιλεῖ,
2786 512 2947 574 αὐτὸς
2984 510 3086 582 μὲν
3125 508 3453 580 ἀποδεχθεὶς
3474 510 3703 580 εὐμενέ-

2119 621 2310 670 στατα,
2370 605 2467 659 καὶ
2512 606 2613 674 τὴν
2668 604 2946 674 προτέραν
3002 603 3294 671 εὐετηρίαν
3353 602 3702 672 ἀπειληφὼς.

2118 692 2229 745 Καὶ
2255 694 2303 746 οἱ
2338 692 2636 770 Πέρσαιίδὲ
2698 692 3033 764 συγγνώμης
3063 693 3265 756 πάντες
3316 692 3571 760 ὴξὲωντο,
3603 695 3705 746 καὶ

2119 783 2274 838 οὐδέν
2299 801 2355 838 τι
2385 786 2570 848 αὐτοῖς
2602 770 2932 857 ἐπενήνεκτο
2983 785 3192 855 ἕτερον,
3221 783 3254 853 ἢ
3310 784 3394 837 ὅτι
3437 785 3537 853 ούχ
3560 785 3705 854 όμοῦ

2121 876 2325 939 πάντες
2352 872 2493 931 εἶναι
2524 878 2809 944 εἰάθησαν,
2856 876 2974 931 ἀλλ’
3002 879 3058 940 ἐς
3097 877 3371 948 μυριάδας
3402 878 3709 947 συναγόμε-

2122 985 2203 1023 νοι
2229 971 2397 1040 τρεῖς,
2420 969 2770 1042 διῃρέθησαν,
2794 972 2889 1023 καὶ
2919 969 3318 1041 διεσπάρησαν,
3354 970 3449 1022 καὶ
3478 969 3703 1036 ἑκάστῳ

2123 1058 2319 1128 θέματι
2353 1058 2596 1129 χιλιάδες
2644 1059 2738 1113 δύο
2777 1059 3232 1130 ἀπενεμήθησαν,
3276 1057 3418 1112 ὥστε
3448 1059 3560 1120 τοῖς
3588 1058 3705 1109 τῶν

2123 1150 2380 1220 θεμάτων
2420 1153 2752 1221 στρατηγοῖς
2784 1151 2880 1205 καὶ
2903 1150 3226 1204 ὑποκεῖσθαι
3266 1151 3360 1205 καὶ
3386 1149 3704 1205 πείθεσθαι.

2123 1240 2205 1293 Τά
2248 1240 2347 1311 μὲν
2377 1239 2473 1294 οὖν
2522 1241 2655 1311 περὶ
2682 1241 2813 1304 τοὺς
2870 1240 3091 1310 Πέρσας
3138 1238 3234 1291 καὶ
3276 1239 3368 1291 τὸν
3422 1236 3705 1306 Θεόφιϐον

2120 1327 2264 1402 ἦσαν
2317 1334 2376 1384 ἐν
2431 1331 2671 1397 τούτοις.
2723 1332 2830 1386 Τοῦ
2875 1333 2932 1385 δέ
2996 1331 3395 1402 Ἀμερμουμνῆ
3439 1330 3710 1383 τοσοῦτον

2124 1422 2410 1492 καθήψατο
2436 1425 2469 1494 ἠ
2496 1425 2594 1494 τῆς
2631 1423 2797 1478 αὑτοῦ
2826 1424 3086 1493 πατρίδος
3114 1423 3475 1494 ἐκπὸρθησις,
3517 1422 3593 1485 ὡς
3630 1420 3708 1490 εὴ

2125 1515 2359 1585 ἀνεκτὴν
2417 1513 2556 1570 εἶναι
2592 1515 2740 1587 αὑτῷ
2787 1516 2897 1583 τὴν
2920 1514 3088 1585 ζωὴν,
3123 1517 3172 1569 εἰ
3231 1516 3306 1585 μὴ
3336 1514 3613 1585 ἀμύναιτο
3640 1515 3712 1564 δι’

2121 1608 2293 1678 αὐτὴν
2323 1608 2414 1661 τὸν
2445 1607 2729 1678 Θεόφιλον.
2764 1602 2971 1663 Μαθὼν
3034 1603 3127 1661 οὖν
3150 1606 3390 1677 πατρίδα
3428 1600 3573 1658 εἶναι
3604 1604 3711 1656 αύ-

2125 1703 2220 1755 τοῦ
2266 1702 2329 1755 τὺ
2399 1700 2657 1773 Ἀμόριον
2721 1702 2884 1777 (29)»,
2941 1701 3030 1755 ἐπ’
3076 1703 3209 1756 αὐτὸ
3267 1698 3713 1770 στρατεύσασθαι

2127 1793 2359 1860 ἔγνωκε.
2396 1794 2506 1848 Καὶ
2545 1797 2573 1848 6
2626 1794 2882 1866 βασιλεὺς
2912 1795 3077 1849 τοῦτο
3100 1793 3265 1862 γνοὺς
3294 1791 3427 1846 αὐτὸ
3448 1789 3712 1859 κατωχύ-

2127 1898 2321 1951 ρωσεν,
2358 1883 2536 1947 ἄλλως
2567 1900 2626 1937 τε
2681 1884 2778 1937 καὶ
2813 1883 3248 1955 στρατευμάτων
3279 1880 3583 1950 ἀποστολῇ,
3633 1873 3713 1930 ὧν

2121 1970 2293 2044 ἦρχον
2325 1973 2606 2046 Θεόδωρος
2631 1976 2659 2028 6
2692 1975 3003 2047 Κρατερὸς,
3035 1969 3097 2027 οὗ
3132 1973 3240 2046 πρὸ
3268 1971 3470 2043 μικροῦ
3498 1972 3533 2041 ἡ
3568 1972 3718 2023 ἱστο-

2126 2066 2216 2136 ρία
2248 2066 2520 2137 ἐμνήσθη,
2558 2068 2656 2121 καὶ
2686 2067 2737 2120 οἱ
2788 2067 2970 2121 λοιποὶ
3021 2066 3072 2119 οἳ
3110 2066 3205 2120 καὶ
3244 2066 3336 2118 τὸν
3357 2063 3453 2117 τοῦ
3492 2081 3717 2135 μαρτυ-

2128 2156 2240 2228 ρίου
2270 2157 2470 2227 δρόμον
2501 2157 2769 2228 ἑξήνυσαν
2807 2157 2961 2228 παρά
2983 2159 3098 2220 τοῖς
3131 2158 3481 2228 Ἀγαρηνοῖς,
3512 2170 3718 2208 τεσσα-

2126 2248 2364 2318 ράκοντα
2413 2248 2511 2301 καὶ
2548 2247 2644 2301 δύο
2697 2247 2902 2311 πάντες
2947 2247 3341 2317 τυγχάνοντες.
3391 2244 3619 2315 eam;
3653 2242 3715 2296 δὲ

2126 2338 2275 2392 καὶό
2310 2337 2562 2409 βασιλεὺς
2590 2338 2949 2393 ὑπαντιάσων
2980 2340 3095 2403 τοῖς
3137 2339 3202 2392 ἐκ
3239 2339 3341 2409 τῆς
3369 2338 3575 2408 Ἀγαρ,
3612 2339 3713 2389 καὶ

2124 2430 2154 2482 6
2186 2431 2287 2500 μὲν
2339 2430 2418 2501 τῷ
2466 2429 2564 2483 τοῦ
2604 2431 3003 2503 Ἀμερμουμνῆ
3052 2430 3157 2502 υίῷ
3205 2426 3526 2499 συμϐαλὼν,
3565 2426 3714 2497 μετὰ

2128 2522 2414 2590 στριατιᾶς
2477 2520 2779 2592 ἀξιομάχου
2816 2523 3033 2593 ἥκοντι,
3079 2521 3366 2593 τρέπεται.
3410 2518 3634 2581 Νυκτὸς
3668 2517 3713 2569 δ’

2128 2613 2528 2684 ἐπιγενομὲνης
2560 2615 2588 2667 6
2621 2614 2880 2682 Μανουὴλ
2917 2616 3018 2678 τὰς
3050 2612 3300 2684 φυλακάς
3330 2610 3428 2665 τοῦ
3471 2626 3713 2681 στρατο-

2130 2706 2294 2759 πέδου
2329 2706 2582 2776 περιϊὼν,
2614 2706 2849 2778 ἤκουσεν
2875 2706 3048 2760 ἐνίων
3088 2704 3316 2784 Περσῶν
3347 2702 3478 2775 περὶ
3509 2702 3716 2772 προδοο

2131 2799 2252 2861 σίας
2284 2799 2399 2862 τοῖς
2441 2798 2767 2869 Ἀγαρηνοίς
2796 2799 3196 2870 διαλεγομένων
3228 2797 3440 2871 (συνῄει
3465 2795 3578 2867 γὰρ
3607 2793 3709 2865 τὴν

2128 2887 2335 2943 τούτων
2357 2888 2662 2959 διάλεκτον)
2689 2889 2787 2944 καὶ
2815 2889 2976 2944 τοῦτο
3000 2889 3076 2959 τῷ
3109 2889 3323 2961 βασιλεῖ
3337 2889 3709 2958 ἀπηγγέλκει,

2131 2981 2224 3034 καὶ
2261 2981 2524 3034 πέπεικεν
2564 2981 2934 3051 ἐξαναστῆναι
2986 2983 3084 3034 τοῦ
3148 2982 3521 3052 στρατοπέδου
3564 2982 3713 3035 κατά

454 3080 695 3142 quantus
726 3075 965 3143 populus
1010 3088 1186 3129 caesus
1241 3073 1432 3141 fuerit,
1490 3073 1602 3130 dici
1674 3090 1785 3129 non
1823 3085 2021 3145 potest.

2128 3072 2193 3126 τὸ
2239 3073 2589 3143 περίορθρον.
2637 3074 2750 3128 Καὶ
2805 3076 2834 3126 6
2897 3075 2998 3145 μὲν
3044 3074 3215 3146 ἀπῄει
3269 3075 3391 3127 ὅλον
3419 3073 3608 3136 ἐνδοὺς
3634 3071 3715 3140 τῷ

456 3161 748 3216 Mulierum
781 3175 934 3227 vero,
963 3176 1258 3231 puerorum
1291 3169 1347 3215 et
1394 3160 1836 3216 adolescentium
1858 3162 2026 3217 multa

2131 3164 2285 3233 ἵππῳ
2324 3164 2417 3216 τὸν
2453 3164 2709 3233 χαλινόνο
2745 3164 2774 3217 6
2810 3164 2868 3217 δέ
2917 3163 3344 3235 Ἀμερμουμνῆς
3399 3162 3458 3226 ἐξ
3495 3161 3712 3215 ἐκείνου

454 3252 652 3314 millia,
688 3260 743 3307 et
775 3252 946 3308 duces
994 3252 1265 3323 primarii,
1298 3251 1586 3317 Callistus,
1610 3253 2026 3317 Constantinus,

455 3342 786 3400 Theodorus
812 3343 1097 3407 Craterus,
1132 3343 1291 3413 152
1330 3343 1571 3413 patricii,
1616 3343 1821 3413 aliique
1870 3346 2029 3400 multi

454 3437 657 3506 partim
707 3435 968 3505 pra-turis
1016 3436 1278 3506 insignes,
1316 3436 1518 3504 partim
1556 3434 1884 3505 dignitatum
1932 3422 2030 3491 lto-

456 3528 689 3582 noribus
747 3528 1009 3589 illustres,
1067 3530 1123 3580 in
1178 3526 1554 3595 captivitatem
1604 3535 1734 3581 sunt
1782 3528 2028 3583 abducti.

462 3617 562 3671 llis
593 3615 958 3685 TheOphilus,
992 3614 1085 3685 qui
1112 3614 1343 3687 Dorylaai
1375 3623 1491 3670 tum
1527 3615 1742 3687 agebat,
1776 3618 2027 3688 cognitis,

457 3705 640 3761 missis
670 3705 740 3760 ad
775 3704 1177 3760 Ismaelitarum
1209 3704 1514 3776 principem
1541 3706 1757 3777 legatis,
1790 3707 2031 3763 illustres

456 3797 702 3867 captivos
716 3806 773 3852 et
794 3810 994 3867 genere
1022 3795 1124 3852 sibi
1156 3795 1400 3866 junctos,
1421 3811 1549 3852 xxw
1576 3798 1908 3855 centenariis
1926 3798 2031 3855 sibi

461 3892 620 3947 reddi
670 3891 852 3960 petiit.
898 3890 1050 3957 Quos
1098 3890 1191 3945 ille
1241 3898 1566 3961 arroganter
1598 3890 1830 3955 dimisit,
1860 3906 1920 3946 se
1949 3891 2033 3947 fa-

462 3990 620 4039 tuum
652 3984 771 4038 fore
802 3982 1020 4044 dicens,
1056 3982 1101 4037 si
1133 3981 1383 4052 captivos
1422 3982 1636 4037 tantilla
1674 3984 1908 4054 pecunia
1948 3999 2032 4040 re-

459 4075 736 4138 stitueret,
777 4088 902 4128 cum
942 4072 1050 4129 sibi
1087 4072 1367 4142 expeditio
1392 4071 1617 4128 circiter
1652 4074 1804 4129 mille
1850 4083 2034 4131 cente-

458 4166 633 4223 nariis
663 4163 1033 4222 constitisses.
1111 4162 1333 4235 Legatis
1380 4178 1439 4219 re
1492 4164 1694 4221 infecta
1759 4167 2033 4232 reversis,

2133 3254 2456 3325 ἀμερίμνως
2490 3257 2556 3326 τῇ
2590 3254 2684 3308 τοῦ
2736 3256 2996 3326 ’Δμορίου
3032 3256 3454 3325 ἐπικεχειρήκει
3488 3254 3715 3321 πολιορ-

2134 3346 2253 3415 κίᾳ,
2327 3346 2425 3400 καὶ
2478 3348 2904 3418 ἐνδελεχέστατα
2958 3350 3055 3411 τὰς
3091 3347 3404 3418 προσϐολάς
3455 3349 3522 3418 τῇ
3555 3346 3714 3399 πόλει

2134 3436 2401 3507 πεποίητο
2419 3453 2434 3469 ο
2462 3437 2595 3507 ἧνυε
2637 3437 2680 3490 δ’
2718 3438 2895 3503 οὐδὲν,
2920 3438 3028 3491 τῶν
3053 3438 3209 3491 ἔνδον
3224 3438 3517 3507 εὐρώστως
3546 3438 3713 3490 ἀντα-

2132 3528 2534 3597 γωνιζομένων,
2553 3528 2695 3581 ὥστε
2717 3532 2807 3582 καὶ
2836 3529 3142 3582 ἁπελπίσαι
3165 3528 3269 3600 τὴν
3290 3529 3491 3598 ταύτης
3507 3527 3715 3582 ἅλωσιν

2084 3642 2091 3648 -
2132 3617 2260 3679 τοὺς
2296 3617 2656 3689 ’Δγαρηνοὺς,
2695 3620 2791 3672 καὶ
2816 3620 3198 3689 ἐπανέστησαν
3230 3618 3319 3682 ἂν,
3357 3619 3452 3670 καὶ
3487 3619 3519 3687 ἠ
3551 3616 3713 3676 πόλις

2134 3708 2234 3761 οὐκ
2264 3708 2329 3762 ἂν
2355 3708 2722 3781 ἐπεπόρθητο,
2750 3712 2799 3764 εί
2822 3712 2896 3781 μή
2920 3727 3003 3774 τις
3025 3712 3135 3763 τῶν
3167 3710 3318 3763 ἔνδον
3338 3708 3405 3763 δι’
3435 3708 3554 3779 ἔριν
3589 3709 3713 3761 τινὰ

2134 3800 2424 3870 ἐκμανεὶς,
2488 3802 2756 3872 προδότης
2805 3802 3010 3873 ταύτης
3037 3802 3294 3871 ἐγένετο,
3342 3795 3388 3870 ᾧ
3427 3800 3712 3869 Βοῖδίτζης

2133 3884 2202 3960 ἦν
2230 3891 2290 3943 τὸ
2322 3889 2633 3961 ἐπώνυμον.
2676 3892 2921 3955 Ἀλόντος
2976 3892 3033 3945 δὲ
3063 3892 3159 3945 τοῦ
3197 3893 3413 3958 ἄστεος,
3448 3892 3570 3955 ὅσος
3614 3892 3713 3961 μὲν

2136 3983 2374 4055 ἀνῃρέθη
2420 3982 2548 4048 λαὸς
2585 3984 2684 4038 οὐκ
2744 3984 2894 4040 ἐστιν
2958 3986 3155 4041 εἰπεῖν.
3212 3986 3480 4048 Γυναῖκες
3528 3985 3588 4038 δὲ
3617 3986 3713 4038 καὶ

2143 4076 2334 4139 παῖδες
2384 4078 2478 4129 καὶ
2524 4077 2880 4149 μειρακίσκοι
2916 4080 2999 4142 εἰς
3054 4079 3257 4142 πολλὰς
3298 4078 3548 4150 χιλιάδας
3585 4094 3713 4131 συν-

2137 4168 2537 4238 αριθμούμενοι
2588 4171 2920 4242 ἀπήχθησαν
2963 4170 3315 4241 δορυάλωτοι,
3359 4173 3457 4225 καὶ
3499 4172 3550 4224 oi.
3601 4170 3714 4224 τῶν

459 4262 748 4318 calamitas
787 4260 879 4315 illa
914 4260 998 4315 sic
1026 4257 1324 4329 Theophili
1377 4258 1624 4314 animum
1666 4259 1924 4330 perculit.
1975 4269 2026 4314 ut

2140 4260 2258 4313 ἐκεῖ
2288 4262 2744 4333 στρατηγούντων
2776 4261 2974 4335 ἔξοχοι,
3006 4250 3309 4327 Κάλλιστός
3342 4280 3403 4316 τε
3436 4265 3531 4318 καὶ
3558 4264 3714 4317 Κων-
3794 4262 3797 4263 ⁷

458 4352 514 4408 ei
557 4352 708 4408 nulla
774 4349 1083 4408 consolatio
1135 4348 1393 4406 adhiberi
1436 4359 1646 4421 posset,
1676 4350 1773 4404 sed
1813 4356 1869 4405 et
1911 4349 2036 4405 cibo

2142 4354 2445 4420 σταντῖνος,
2478 4356 2572 4407 καὶ
2609 4354 2638 4406 6
2660 4356 2947 4426 Κρατερὸς
2974 4356 3273 4426 Θεόδωρος,
3315 4357 3365 4409 οῖ
3405 4356 3712 4423 πατρίκιοι,

459 4444 787 4506 abstineret,
820 4457 1005 4512 neque
1034 4441 1210 4498 ullum
1261 4449 1456 4512 potum
1536 4442 1871 4506 admitteret,
1930 4441 2026 4496 nisi

2143 4440 2239 4492 καὶ
2264 4439 2413 4495 ἄλλοι
2447 4440 2635 4495 πολλοὶ
2665 4441 2774 4495 τῶν
2792 4443 2850 4496 ἐν
2875 4443 3238 4514 στρατηγίαις
3275 4444 3713 4514 διαπρεπὼτων,

458 4550 656 4606 aquam
691 4533 1115 4606 gelidissimam,
1150 4532 1467 4605 cuiusmodi
1492 4540 1580 4589 est
1606 4532 1844 4588 nivalis:
1875 4534 2034 4606 cujus

457 4623 733 4696 frequenti
785 4639 890 4680 usu
947 4624 1093 4681 laesis
1145 4623 1530 4690 interioribus,
1565 4622 1623 4678 in
1655 4622 2030 4695 dysenteriam

459 4712 679 4769 incidit.
708 4714 901 4783 Itaque
934 4715 989 4769 in
1036 4714 1244 4785 regiam
1299 4727 1574 4779 reversus,
1609 4711 1894 4782 desperata
1919 4714 2030 4785 jam

460 4806 661 4872 salute,
712 4813 967 4861 senatum
1006 4805 1262 4870 accersit,
1294 4813 1490 4876 petens
1523 4812 1586 4858 ut
1622 4802 1783 4859 uxori
1834 4818 1947 4859 sua:
1975 4812 2033 4860 et

463 4896 578 4953 filio
605 4896 768 4952 ﬁdem
799 4908 1107 4961 servarent,
1168 4896 1346 4967 iisque
1394 4896 1685 4966 imperium
1722 4902 2030 4952 tuerentur.

460 4987 616 5056 Quod
648 5005 773 5046 cum
806 4988 885 5044 illi
912 5004 970 5044 se
995 4988 1241 5044 facturos
1272 4988 1679 5060 promisissent,
1712 4988 2030 5059 imperator,

462 5084 557 5150 qui
608 5082 1011 5152 Theophobum
1039 5084 1150 5156 jam
1177 5092 1325 5150 ante,
1351 5098 1416 5138 ex
1443 5098 1555 5153 quo
1586 5097 1616 5136 a
1648 5081 1831 5137 Persis
1864 5083 2037 5153 impe-

2129 4532 2226 4584 καὶ
2260 4533 2593 4604 περιφανῶν·
2614 4533 2678 4600 ἐξ
2707 4533 3044 4605 ἀξιωμάτων
3072 4536 3262 4606 τιμῆςι
3299 4536 3486 4588 Ταῦτα
3517 4535 3710 4603 μαθὼν

2128 4624 2157 4675 6
2204 4624 2463 4694 Θεόφιλος
2497 4625 2579 4695 (ἐν
2609 4625 2718 4696 γάρ
2758 4626 2835 4696 τῷ
2874 4625 3155 4697 Δορυλαίῳ
3201 4625 3383 4697 διῆγε)
3446 4626 3708 4695 πρέσϐεις

2129 4715 2268 4785 πρὸς
2318 4715 2411 4769 τὸν
2476 4717 2587 4770 τῶν
2654 4717 3019 4789 Ἰσμαηλιτῶν
3069 4720 3397 4789 ἐκπέπομφε
3460 4717 3706 4788 βασιλέα,

2128 4806 2462 4877 ἀποδοθῆναι
2489 4807 2640 4879 αὐτῷ
2661 4810 2790 4874 τοὺς
2816 4810 3104 4879 ἐπιφανεῖς
3120 4810 3229 4864 τῶν
3252 4809 3489 4863 ἁλόντων
3520 4810 3707 4873 αἰτῶν,

2130 4899 2225 4951 καὶ
2253 4898 2381 4960 τοὺς
2417 4898 2569 4969 αύτῷ
2594 4900 2737 4953 κατὰ
2767 4901 2925 4969 γένος
2956 4902 3355 4972 προσήκοντας,
3376 4904 3709 4972 κεντηνάρια

2132 4990 2270 5060 πρὸς
2296 4992 2554 5064 τέταρσιν
2587 4996 2764 5050 εῐκοσι
2811 4996 2997 5051 δοῦναι
3052 4997 3202 5068 αὐτῷ
3253 4997 3706 5070 ὑπισχνούμενος.

2144 5084 2204 5135 '0
2235 5083 2291 5136 δὲ
2322 5085 2448 5147 τοὺς
2482 5085 2745 5155 πρέσϐεις
2778 5089 2990 5157 ἰταμῶς
3018 5088 3409 5160 ἀπεπέμψατο,
3459 5089 3710 5159 Ἀνόητρς

463 5183 614 5227 ratur
642 5176 913 5230 salutatus
957 5174 1156 5240 fuerat,
1206 5183 1522 5244 suspectum
1565 5171 1815 5237 haberet,
1864 5172 2026 5243 magis

2138 5174 2205 5229 ἂν
2228 5179 2366 5245 εἵην.
2394 5177 2586 5245 εἰπὼν,
2632 5180 2682 5231 εί
2743 5181 2873 5252 περὶ
2911 5181 3059 5252 χίλιά
3089 5199 3181 5253 μοι
3224 5184 3325 5254 τῆς
3355 5185 3415 5236 ἐν
3445 5185 3511 5253 τῇ
3544 5200 3708 5253 στρα-

465 5272 630 5319 etiam
663 5267 712 5321 ei
743 5266 1041 5336 suspicioni
1093 5266 1343 5334 indulsit,
1376 5266 1448 5320 ob
1478 5264 1845 5336 proditionem
1874 5280 2038 5334 quam

2139 5267 2263 5336 τεῐᾳ
2307 5269 2645 5341 κεντηνάρια
2686 5272 3000 5339 γεγονυίας,
3023 5274 3186 5339 αὐτὸς
3238 5274 3481 5329 τοσαῦτα
3530 5274 3708 5329 λαϐεῖν

1653 5420 1848 5481 νοτία)
1880 5419 2182 5483 lectiones
2220 5432 2279 5484 et
2310 5430 2500 5487 notae.

541 5569 651 5636 (~29)
681 5570 969 5637 “Aadptor.
1020 5571 1228 5625 Amorii
1262 5571 1547 5627 excidium
1588 5570 1816 5639 attigere
1866 5569 2031 5624 etiam

472 5646 662 5714 auctor
691 5639 973 5714 Orationis
993 5641 1271 5714 historica
1312 5643 1367 5695 in
1391 5642 1591 5714 festum
1633 5640 2036 5714 _l_{esti_tutionjs

477 5706 800 5776 imaginum,
827 5726 877 5780 p.
911 5710 1051 5765 721:
1091 5720 1147 5765 et
1172 5712 1374 5767 Menam
1420 5712 1490 5766 ad
1548 5711 1580 5765 6
1633 5710 1807 5765 Martii
1844 5711 1897 5765 in
1935 5708 2030 5765 SS.

2141 5570 2458 5697 ξίὲτοίῗοτᾳ,
2494 5574 2881 5651 Constantino,
2907 5590 2964 5637 et
2994 5580 3117 5636 aliis
3150 5580 3242 5651 qui
3280 5591 3394 5637 tum
3425 5580 3550 5637 caesi
3582 5583 3706 5634 sunt

2246 5661 2303 5697 ιη·
2328 5662 2476 5697 laris.

2246 5661 2476 5702 arnarts.
