4096 6178
251 456 2608 467 m

1615 614 1778 659 ANNO
1821 613 2035 658 DOMINI
2077 613 2334 659 DCCCCLX

1667 798 2271 1000 ATTO

817 1116 2032 1250 VEBCELLENSIS
2152 1026 3097 1258 EPISCOPUS.

1753 1349 2174 1360 ——————-———-——

1249 1385 2606 1592 'PROLEGOMENA.

647 1691 755 1764 (Ex
784 1689 1042 1747 editione
1071 1688 1432 1746 Vercellensi
1463 1690 1600 1746 anni
1633 1692 1789 1759 1768,
1823 1693 2168 1762 procurante
2198 1689 2264 1745 D.
2298 1688 2501 1745 Carolo
2533 1688 2810 1745 Burontio
2841 1688 2933 1745 del
2965 1689 3255 1764 Signore.)

1226 1984 1784 2074 EPISTOLA
1866 1984 2682 2075 DEDICATORIA.

276 2196 540 2269 Optimo
571 2190 831 2266 principi
860 2192 1098 2247 VICTOBI
1126 2194 1366 2247 Amsnso
1396 2190 1699 2245 Sabaudias
1733 2190 1889 2259 duci,
1920 2189 2161 2245 Carolus
2191 2190 2529 2246 Buaourms
2569 2206 2676 2245 om.
2705 2191 2977 2246 SIGNORE.

280 2296 419 2351 Cur
441 2294 518 2349 ad
541 2298 599 2348 te
620 2307 816 2363 usque
842 2289 1041 2346 oculos
1056 2288 1361 2345 sustollere
1378 2288 1653 2357 auserim,
1677 2291 1943 2343 etmeum
1966 2288 2121 2343 hunc
2149 2288 2620 2360 qualemcunque
2636 2287 2894 2343 laborem
2918 2289 3082 2359 grato
3097 2285 3292 2342 animo
3314 2289 3371 2342 te
3395 2293 3663 2361 exceptu-

187 2411 343 2449 rum
387 2391 713 2465 sperarim,
750 2388 1023 2458 Princeps
1055 2386 1442 2459 amplissime,
1476 2403 1565 2441 res
1598 2386 1726 2457 ipsa
1757 2384 1968 2441 melius
2000 2386 2229 2454 dixerit,
2262 2403 2438 2457 quam
2472 2402 2577 2459 ego
2609 2387 2868 2441 facturus
2900 2386 3033 2440 sim.

254 2490 528 2547 Attonis
559 2487 833 2544 Ecclesiae
892 2491 1019 2541 octo
1077 2486 1149 2539 ab
1180 2485 1314 2539 hinc
1338 2485 1465 2553 jam
1525 2483 1755 2539 saculis
1805 2483 2059 2555 episcopi
2119 2484 2323 2555 Opera,
2362 2484 2575 2555 partim
2631 2501 2664 2539 a
2694 2483 2761 2538 D.
2827 2488 2978 2538 Luca
3006 2481 3313 2538 D’Acherio
3372 2483 3432 2539 in
3467 2484 3657 2557 Spici-

171 2592 353 2665 legio
373 2592 514 2661 jam
534 2588 717 2653 edita,
743 2584 971 2640 lacunis
988 2588 1181 2638 tamen
1208 2581 1496 2654 plurimis,
1524 2581 1901 2652 hiatibusque
1924 2581 2283 2645 lebefactata,
2310 2583 2523 2653 partim
2548 2583 2604 2636 in
2630 2580 2888 2637 archivio
2913 2584 3109 2636 nostro
3128 2580 3434 2653 capitulari
3454 2582 3651 2640 hacte-

172 2708 302 2746 nus
342 2688 620 2744 obscure
650 2682 914 2747 latentia,
947 2682 1007 2735 in
1042 2680 1342 2751 publicum
1372 2696 1527 2734 nunc
1557 2679 1792 2734 tandem
1826 2678 2071 2751 integra,
2114 2684 2288 2751 atque
2320 2680 2392 2733 ad
2425 2680 2602 2735 ﬁdem
2630 2678 2978 2751 autographi
3010 2677 3228 2750 ubique
3275 2684 3477 2736 exacta
3505 2681 3649 2737 dum

168 2789 535 2862 prodeunt,
572 2782 761 2837 alium
791 2785 943 2835 certe
976 2779 1345 2833 Maecenatem
1377 2792 1685 2849 exposcere
1717 2792 1820 2831 nec
1851 2777 2140 2832 debebant
2172 2794 2276 2832 nec
2306 2782 2784 2849 poterant,quam
2814 2775 3080 2848 eum,qui
3106 2780 3163 2832 et
3189 2778 3418 2848 paterni
3448 2795 3647 2835 exem-

168 2888 291 2961 pli,
330 2889 405 2942 et
438 2881 692 2954 ingenii,
716 2883 776 2934 et
804 2876 1109 2949 dignitatis
1128 2892 1306 2930 causa
1336 2874 1655 2947 religionis,
1685 2889 1937 2943 morum,
1962 2875 2369 2931 ecclesiastica:
2392 2874 2713 2946 disciplinae
2736 2874 3186 2946 litterarumque
3212 2877 3420 2942 fautor,
3447 2882 3649 2936 custos

168 2990 234 3041 et
266 2982 517 3039 vindex
548 2983 641 3035 est
664 2978 799 3049 jure
830 2975 1048 3047 optimo
1082 2974 1409 3029 habendus.

246 3082 413 3138 Haec
447 3078 658 3151 igitur,
691 3092 819 3146 quae
843 3090 974 3128 cum
1002 3087 1267 3127 meorum
1298 3071 1355 3125 in
1385 3086 1477 3125 me
1500 3068 1851 3141 collegarum
1876 3069 2069 3125 studio
2094 3074 2151 3124 et
2180 3069 2416 3136 ﬁducia,
2440 3074 2568 3125 tum
2596 3085 2726 3126 mea
2745 3086 2885 3125 cura
2912 3068 3102 3125 lucem
3125 3070 3343 3145 vident,
3366 3078 3647 3131 consueta

167 3178 608 3250 benignitate,
640 3171 1071 3227 humanissime
1104 3168 1401 3240 Princeps,
1436 3169 1632 3237 excipe
1662 3171 1836 3236 atque
1882 3166 2199 3222 Ecclesiam
2232 3166 2402 3233 hanc,
2440 3184 2672 3239 meque,
2705 3172 2762 3222 et
2792 3183 2952 3222 meos
2982 3184 3212 3239 omnes,
3244 3171 3386 3227 dum
3415 3172 3522 3227 tibi
3554 3187 3642 3228 re-

166 3279 438 3352 giaeque
472 3271 714 3328 familiae
746 3272 958 3325 cuncta
988 3286 1021 3323 a
1050 3268 1164 3323 Deo
1186 3282 1466 3338 prospera
1489 3264 1748 3335 quotidie
1770 3281 2097 3335 precamur,
2122 3263 2182 3318 in
2210 3263 2296 3317 tui
2327 3263 2597 3320 clientela
2641 3279 2871 3320 servare
2896 3279 3091 3337 perge,
3121 3267 3389 3341 patrique
3418 3269 3640 3342 optimo

168 3375 321 3448 regi
364 3374 578 3427 nostro
609 3368 1031 3441 augustissimo
1063 3380 1435 3436 summopere
1466 3362 1906 3418 commendatos
1937 3362 2102 3419 velis.

168 3519 3631 3548 MM

245 3702 805 3817 CABOLUS
858 3697 1499 3806 BUBONTIUS
1555 3696 1771 3802 DEL
1834 3691 2330 3804 SIGNOBE
2384 3697 2860 3804 LECTORI
2909 3700 3535 3812 BENEVOLO.

1721 3907 2140 3921 Ψ

247 4042 512 4103 Attonis
543 4040 733 4112 Opera
769 4036 987 4109 publici
1033 4034 1191 4107 juris
1238 4034 1423 4089 facere
1470 4033 1868 4105 cogitantibus
1896 4037 1951 4102 Α
1981 4053 2051 4092 ex
2078 4033 2149 4089 iis
2180 4032 2513 4107 colligimus
2541 4051 2669 4107 qua;
2698 4036 2757 4091 in
2791 4036 2903 4093 ﬁne
2925 4038 3316 4110 Expositionis
3345 4043 3625 4115 Epistola-

163 4135 370 4193 nobis
408 4147 602 4203 operte
647 4128 898 4202 pretium
948 4125 1177 4181 videtur
1214 4120 1494 4177 nonnulla
1522 4122 1593 4176 de
1623 4130 1864 4181 auctore
1975 4141 2105 4179 rum
2146 4128 2204 4176 Ο.
2238 4124 2406 4178 Pauli
2467 4141 2744 4196 perorans
2802 4126 2922 4182 ait:
2954 4129 3027 4182 Tu
3054 4128 3274 4201 dedisti,
3317 4136 3379 4186 ut
3400 4143 3624 4205 propter

164 4228 388 4298 deque
422 4218 719 4291 Operibus
744 4218 912 4289 ipsis,
961 4221 1141 4287 atque
1174 4213 1243 4267 de
1274 4212 1382 4267 hac
1428 4216 1626 4267 nostra
1656 4230 1862 4270 eorum
1971 4220 2215 4284 gustum,
2246 4216 2295 4267 et
2322 4216 2651 4269 suavitatem
2683 4214 2848 4286 hujus
2878 4217 3029 4287 vita,
3068 4226 3268 4274 sanctae
3297 4218 3618 4293 Scrz'pturae,

156 4315 457 4372 editione
489 4308 744 4365 breviter
768 4305 1018 4378 prmfari.
1972 4306 2208 4371 gentem,
2236 4306 2589 4375 patriamque
2607 4304 2995 4375 relinquerem.
3023 4306 3305 4363 Caaterum
3338 4311 3449 4366 sub
3478 4328 3620 4383 quo-

1973 4408 2107 4445 nam
2140 4390 2281 4445 ooelo
2316 4398 2488 4447 natus
2510 4393 2605 4459 sit,
2629 4409 2813 4463 quave
2840 4396 2910 4449 de
2934 4400 3103 4467 gente
3129 4396 3298 4453 nobis
3320 4398 3595 4458 advectus

785 4450 877 4505 DE
919 4446 1268 4503 AUCTORE'
1971 4479 2128 4534 haud
2163 4484 2316 4534 certo
2348 4445 2500 4535 inter
2540 4445 3619 4558 script—ores“coonma‘tjquiveEu-svm'eh’:

237 4586 289 4639 Ι.
333 4581 598 4635 Attones
632 4576 781 4630 duos
815 4570 1205 4643 episcopalem
1235 4568 1631 4624 Vercellarum
1664 4575 1859 4625 catne-
1968 4569 2187 4623 tionem
2206 4568 2641 4626 fecerunt.Nam
2660 4571 2967 4628 Rossottus
2992 4590 3125 4629 mox
3146 4575 3358 4631 citatus
3382 4578 3452 4633 ab
3471 4578 3615 4650 Epo-

159 4674 352 4729 dram
392 4666 683 4729 tenuisse,
736 4668 916 4734 atque
964 4661 1122 4715 hunc
1174 4662 1440 4714 nostrum
1482 4662 1649 4713 aetate
1680 4659 1859 4713 fuisse
1969 4657 2140 4712 rediae
2172 4657 2612 4715 marchionibus
2634 4666 2984 4732 prognatum
3016 4663 3268 4721 afﬁrmat
3291 4670 3489 4732 ,testes
3517 4685 3615 4740 ap—

158 4757 586 4836 posteriorem
631 4751 846 4807 litteris
896 4750 1282 4821 prodiderunt
1303 4748 1612 4803 Rossottus
1642 4747 1699 4802 in
1733 4747 1857 4819 Syl-
1968 4744 2192 4836 pellans
2244 4746 2694 4836 probatissimos
2744 4754 3053 4817 auctores;
3105 4768 3355 4823 quorum
3416 4760 3611 4812 tamen

161 4833 342 4919 labo,
386 4850 449 4901 et
483 4841 823 4898 d'Acherius
850 4840 910 4894 in
940 4837 1251 4911 Spicilegio
1277 4854 1288 4891 :
1314 4841 1371 4890 at
1401 4836 1576 4890 unius
1606 4841 1859 4890 tantum-
1969 4834 2208 4888 nomina
2239 4833 2421 4899 siluit,
2449 4836 2530 4889 uti
2564 4840 2619 4890 et
2642 4843 2938 4893 momenta
2959 4841 3175 4910 quibus
3205 4842 3350 4898 ﬁdes
3376 4843 3607 4902 illorum

162 4940 362 4995 modo
402 4930 695 4989 memoria
749 4928 905 5000 apud
956 4944 1063 4983 nos
1095 4930 1285 4981 exstat
1331 4925 1576 4987 Attonis,
1620 4925 1857 4995 scriptis
1964 4922 2303 4977 testimonio
2335 4923 2695 4979 concilietur.
2723 4925 3075 4983 D'Acherius
3098 4936 3373 5000 praeterea
3402 4933 3459 4988 in
3493 4933 3614 4989 1w-

162 5028 488 5093 factisque
514 5016 923 5081 celeberrimi;
956 5013 1201 5070 alterius
1224 5017 1418 5067 autem
1452 5012 1731 5081 cujusvis,
1756 5012 1855 5082 qui
1966 5012 2097 5064 dato
2128 5011 2272 5077 loco,
2307 5029 2375 5066 ex
2424 5013 2784 5069 Ferdinando
2828 5015 3090 5087 Ughello,
3137 5020 3403 5076 Attonem
3432 5022 3609 5076 Alde-

153 5117 363 5179 hunc,
401 5109 493 5165 vel
527 5104 896 5179 praecesserit
925 5104 1118 5173 annis,
1146 5102 1234 5157 vel
1267 5103 1615 5157 subsecutus
1647 5101 1742 5171 sit,
1774 5101 1855 5154 ni-
1964 5099 2109 5171 garii
2144 5100 2330 5155 ﬁlium
2360 5102 2540 5169 dicit;
2567 5104 2666 5158 sed
2692 5103 2847 5158 enim
2882 5106 3015 5175 quis
3038 5106 3383 5179 Aldegarius
3415 5110 3607 5175 tuerit,

150 5205 245 5260 hil
284 5203 357 5257 in
396 5195 811 5254 monumentis
842 5192 1151 5246 habemus.
1964 5194 2020 5242 et
2051 5189 2121 5243 ad
2156 5206 2332 5260 quam
2356 5196 2587 5262 gentem
2620 5192 2979 5260 referendus,
3005 5203 3209 5251 neuter
3237 5198 3405 5252 docet
3426 5199 3523 5270 (l).
3548 5199 3606 5254 Si

232 5293 317 5349 II.
363 5298 413 5343 Α
452 5286 786 5358 longinqua
815 5282 1054 5353 regione
1082 5280 1195 5335 huc
1229 5277 1551 5335 advenisse.
1584 5282 1851 5334 Attonem
1922 5302 1925 5307 ·
1964 5277 2105 5347 quid
2137 5295 2243 5333 nos
2265 5278 2626 5349 judicamus,
2673 5297 2706 5335 a
2739 5281 3136 5354 Longobardis
3180 5286 3447 5341 Attonem
3469 5289 3608 5359 jure

1886 5404 1935 5469 B

227 5508 320 5581 (1)
357 5502 530 5581 Quod
569 5499 669 5581 alii
702 5496 973 5581 'mino‘ris
1030 5493 1287 5575 nominis
1320 5499 1612 5581 aucto-res,
1650 5490 1852 5581 quinde
1965 5490 2285 5581 scilicet‘ex
2330 5494 2763 5581 advocatorum,
2810 5495 2900 5551 vel
2948 5496 3351 5581 vicecom‘itum
3386 5500 3607 5556 familia

145 5565 359 5639 rebus
380 5565 668 5631 Ecclesia:
702 5569 1101 5625 Vercellarum
1138 5565 1703 5636 scripserunt,veluti
1735 5567 1851 5618 Mo-
1966 5570 2317 5639 prognatum
2344 5582 2491 5635 esse,
2516 5568 2608 5620 vix
2630 5572 2719 5622 est
2744 5572 3346 5639 commemorandum,
3380 5588 3513 5627 cum
3536 5586 3606 5628 ex

148 5634 353 5722 dena,
409 5642 816 5708 Corbellinus,
870 5640 1137 5696 Cusanus
1196 5634 1556 5693 at'ﬁrmavere
1585 5638 1855 5693 Attonem
1966 5634 2127 5691 nullo
2158 5636 2318 5709 gravi
2350 5634 2731 5696 monumento
2763 5638 3030 5696 ducatur.

517 5775 788 5833 ΡΑτειοι..
835 5765 1155 5830 CXXXIV.

3251 5770 3278 5830 1

222 5905 450 6132 κθ
