4134 6182
394 291 462 352 Η
919 307 922 310 ’
1374 291 1711 353 ATTONIS
1757 290 2343 352 VERCELLENSIS
2390 289 2814 352 EPISCOPUS
3717 293 3791 350 12

391 450 586 523 aliquo
618 453 875 524 repetere
907 451 1040 522 quis
1071 467 1241 523 posse
1277 451 1539 507 videtur:
1573 467 1706 506 nam
1739 467 1808 504 ex
1840 450 2028 522 ipsius
2057 453 2111 518 Α
2143 449 2493 504 exstinctum
2528 449 2816 514 incendio,
2868 464 2970 502 nec
3031 463 3428 503 successorem
3483 452 3793 521 propterea

393 545 763 609 testamento,
797 541 952 612 quod
977 557 1136 596 num.
1168 542 1234 594 10
1255 542 1592 608 referemus,
1619 545 1775 612 patet
1796 541 2032 594 fratrem

393 629 443 684 ei
468 628 649 684 fuisse
671 633 990 699 Aupertum
1012 629 1265 695 nomine,
1285 632 1342 682 et
1361 629 1875 699 Longobardorum
1899 627 2035 699 legi-

395 719 506 774 bus
537 734 605 773 ex
629 718 863 772 natione
883 717 1093 773 vixisse
1119 733 1132 773 :
1155 718 1594 789 atquivAttonis,
1627 717 1889 788 Auperti,
1921 717 2034 772 his-

395 822 509 877 que
540 805 758 861 similia
801 807 1038 860 nomina
1084 812 1316 876 gentem
1366 806 1525 860 illam
1571 806 1842 876 sapiunt:
1875 807 2033 876 leges

340 912 370 950 δ
427 895 591 960 tiam,
626 901 681 949 et
703 912 911 963 mores,
936 895 1149 965 quibus
1172 896 1304 965 quis
1328 884 1482 961 vivit,
1511 913 1627 966 qua
1649 896 1716 949 de
1741 902 1909 966 gente
1935 895 2029 964 sit,

396 983 629 1054 aliquod
661 983 848 1038 solent
878 986 1130 1053 praebere
1160 982 1462 1037 indicium.

467 1072 561 1126 III.
597 1071 738 1126 Illud
766 1088 932 1142 porro
956 1071 1348 1126 indubitatum
1374 1080 1478 1132 est.
1508 1079 1780 1127 Attonem
1809 1072 2031 1126 Vercel-

393 1159 580 1215 larum
595 1160 932 1231 episcopum
950 1166 1206 1214 creatum
1226 1161 1403 1216 fuisse
1422 1179 1572 1216 anno
1593 1162 1928 1232 nongentesi
1942 1178 2033 1214 mo

389 1248 670 1321 vigesimo
703 1254 930 1320 quarto,
962 1248 1366 1320 Ragemberto,
1401 1251 1491 1305 cui
1518 1251 1776 1322 proxime
1809 1264 2034 1304 succes-

389 1337 485 1406 sit,
518 1342 722 1408 quarto
753 1338 891 1393 Idus
931 1337 1126 1392 Martii
1155 1339 1418 1409 ejusdem
1468 1339 1604 1393 anni
1639 1340 1848 1409 Papiae,
1884 1339 2032 1393 facto

389 1427 460 1482 ab
492 1425 784 1498 Hungaris
813 1425 1100 1492 incendio,
1135 1442 1164 1480 e
1196 1427 1338 1480 vivis
1371 1427 1602 1483 sublato
1635 1427 1730 1499 (2).

459 1514 651 1570 Sacris
681 1513 884 1570 infulis
905 1531 971 1570 eo
1003 1531 1154 1570 anno
1175 1515 1512 1571 decoratum
1535 1519 1806 1571 Attonem
1840 1515 2032 1571 Eccle-

387 1601 486 1659 siae
519 1601 728 1658 nostra;
759 1602 1094 1658 cathedram
1127 1604 1482 1671 ascendisse,
1524 1605 1738 1661 invicto
1771 1608 1911 1660 sunt
1940 1621 2033 1662 ar-

389 1696 688 1764 gumento,
720 1691 1083 1764 autographa
1130 1692 1521 1749 instrumenta
1569 1694 1898 1749 donationis
1930 1694 2033 1763 (3),

392 1795 509 1853 qua
537 1781 739 1837 eadem
771 1780 920 1835 hanc
967 1780 1284 1836 Ecelesiam
1315 1781 1657 1850 cumulavit,
1690 1782 2032 1853 consignata

393 1886 544 1926 anno
560 1869 1296 1925 incarnationisDominicae
1310 1871 1778 1942 nongentissimo
1794 1872 1947 1941 quad
1957 1888 2041 1924 ra-

392 1957 615 2032 gesimo
638 1958 863 2030 quinto,
889 1958 1263 2028 pontiﬁcatus
1288 1964 1482 2014 autem
1504 1960 1734 2014 Attonis
1763 1960 2038 2016 vicesimo

392 2045 605 2119 primo.
620 2047 652 2103 J
658 2063 754 2102 am
772 2046 949 2114 enim,
969 2047 1020 2103 si
1041 2063 1109 2102 ex
1122 2047 1435 2119 nongentis
1452 2048 1841 2120 quadraginta
1873 2049 2040 2120 quin-

395 2150 509 2207 que
536 2135 706 2191 annis
738 2151 772 2190 a
797 2134 1100 2191 Dominica
1129 2135 1530 2192 incarnatione
1553 2137 1912 2193 subtraxeris
1942 2154 2041 2192 an-

395 2239 499 2280 nos
514 2222 720 2296 viginti
743 2228 798 2279 et
810 2240 994 2279 unum
1006 2224 1402 2294 pontiﬁcatus,
1421 2225 1492 2280 ad
1507 2241 1729 2280 annum
1742 2225 2039 2281 reduceris

397 2311 912 2386 nongentesimum
939 2311 1282 2368 vicesimum
1315 2318 1613 2384 quartum.

465 2401 612 2458 Hinc
637 2400 875 2473 colliges
905 2419 937 2458 a
977 2418 1109 2458 vero
1159 2402 1374 2458 abiisse
1425 2402 1730 2474 Ughellum
1764 2404 1861 2475 (4),
1896 2404 2037 2458 dum

397 2489 753 2548 Vercellensi
783 2490 1045 2547 Ecclesiae
1089 2508 1241 2546 anno
1297 2493 1738 2563 nongentesimo
1761 2493 2038 2549 vicesimo

401 2579 605 2652 quinto
636 2579 938 2652 praefuisse
967 2579 1344 2651 Norgandum
1377 2581 1646 2636 asseruit.

474 2667 568 2725 IV.
601 2669 802 2724 Eidem
831 2669 1139 2741 Norgando
1186 2670 1446 2741 proxime
1495 2671 1849 2726 successisse
1880 2673 2041 2726 Atto-

402 2775 559 2825 nem,
591 2758 975 2831 Ragemberto
997 2758 1068 2812 ad
1091 2757 1366 2813 saeculum
1390 2759 1802 2814 duodecimum
1835 2760 2041 2828 misso,

401 2853 603 2904 auctor
630 2852 718 2903 est
741 2851 994 2903 Joannes
1024 2846 1354 2918 Stephanus
1405 2847 1721 2917 Ferrarius,
1754 2847 2041 2904 Vercella-

402 2953 535 2992 rum
564 2941 621 2992 et
646 2935 771 3008 ipse
791 2935 1100 3008 episcOpus
1121 2936 1220 3006 (5),
1247 2936 1631 2991 antecessoris
1655 2937 1748 2991 sui
1778 2937 2042 2992 Bonomii

403 3025 704 3081 Tabellam
731 3025 809 3097 (6)
840 3028 1206 3096 prosecutus,
1226 3024 1440 3094 quibus
1461 3025 1776 3080 novissime
1798 3025 2044 3081 accessit

402 3113 769 3171 clarissimus
800 3113 982 3169 lricus
1011 3113 1072 3167 in
1104 3111 1359 3168 Historia
1387 3113 1736 3168 Tridinensi.

2146 536 2420 592 habuisse
2442 539 2711 592 Attonem
2741 537 2943 592 eodem
2999 535 3252 590 incendii
3285 553 3436 592 anno
3468 538 3654 592 sacris
3689 539 3790 594 de-

2145 631 2406 681 coratum
2441 627 2666 681 infulis.

2216 715 2282 770 V.
2324 722 2508 787 Longe
2537 716 2802 786 graviora
2825 719 2963 769 sunt
2993 715 3049 768 in
3080 714 3228 769 hanc
3253 732 3372 770 rem
3409 721 3792 773 monumenta

2145 805 2280 865 duo,
2305 805 2520 875 quibus
2546 811 2740 875 aperte
2764 803 3086 870 conﬁcitur,
3118 805 3571 874 Ragembartum
3598 807 3786 876 proxi-

2147 893 2257 945 mis
2288 901 2420 946 ante
2459 885 2722 948 Atton‘em
2758 893 2927 947 annis
2961 892 3275 947 Ecclesiam
3310 895 3528 950 rexisse
3561 895 3790 951 Vercel-

2144 984 2368 1035 lensem
2393 1007 2404 1044 ;
2433 1000 2676 1053 quaeque
2702 1000 2767 1036 eo
2795 982 3089 1036 lubentius
3118 985 3370 1053 proferre
3392 984 3788 1056 aggredimur,

2145 1071 2297 1140 quod
2322 1072 2547 1125 erudito
2581 1071 2790 1142 cuique
2818 1072 3073 1141 optanda
3107 1072 3310 1125 merito
3342 1073 3666 1127 videantur.

2221 1159 2476 1212 Primum
2509 1165 2597 1213 est
2643 1159 2891 1229 epistola
2939 1161 3188 1214 formata
3235 1177 3409 1229 quam
3451 1177 3517 1215 ex
3551 1162 3792 1233 antiquo

2145 1247 2383 1300 archivii
2418 1248 2598 1302 nostri
2633 1248 2829 1302 codice
2853 1247 3003 1317 sign.
3040 1264 3202 1301 num.
3236 1249 3326 1315 53,
3350 1249 3650 1303 Canonum
3679 1249 3794 1304 col-

2145 1334 2456 1390 lectionem
2488 1353 2606 1390 una
2627 1351 2758 1390 cum
2783 1335 3008 1407 aliquot
3027 1336 3280 1402 Attonis,
3305 1338 3603 1408 opusculis
3635 1355 3794 1394 com-

2145 1424 2428 1494 plectente
2445 1424 2909 1496 desumpsimus,
2937 1441 3234 1497 quamque
3255 1431 3311 1480 et
3331 1426 3542 1482 saeculo
3566 1428 3792 1483 decimo

2145 1512 2513 1584 scriptam,et
2534 1513 2764 1568 Attonis
2787 1513 2973 1584 ipsius
2990 1515 3163 1584 jussu
3188 1531 3321 1568 eum
3344 1515 3403 1568 in
3426 1516 3684 1571 codicem
3709 1533 3794 1572 re-

2147 1601 2564 1670 latam,suadet
2577 1603 2762 1657 forma
2776 1603 3176 1657 characterum
3191 1603 3469 1659 saeculum
3487 1603 3682 1676 ipsum
3699 1622 3794 1660 sa-

2146 1688 2333 1762 piens,
2360 1694 2416 1745 et
2446 1707 2580 1746 cum
2609 1690 3055 1746 Attonianorum
3087 1707 3331 1763 operum
3357 1692 3792 1750 characteribus

2145 1796 2385 1850 prorsus
2415 1780 2619 1834 eadem
2650 1781 2750 1850 (7),
2784 1781 2867 1835 En
2893 1779 3324 1852 praeclarissimi
3347 1782 3641 1854 exemplar
3671 1799 3795 1838 mo-

2151 1867 2417 1922 numenti
2451 1885 2518 1922 ex
2547 1869 2908 1940 autograpbo
2941 1869 3009 1923 ad
3043 1869 3329 1924 amussim
3358 1876 3657 1925 exaratum
3685 1888 3697 1926 ε

2149 1979 2176 2005 ‹‹
2213 1955 2412 2031 Incipit
2441 1957 2692 2028 epistola,
2743 1973 3080 2031 quamimos
3113 1959 3342 2012 Latinus
3368 1962 3659 2030 formatam
3691 1976 3792 2031 ap-

2218 2026 2410 2152 pteglatt,
2443 2026 2480 2082 ά
2503 2031 2704 2083 sanctis
2751 2026 3011 2083 Patribus
3060 2029 3117 2083 in
3166 2026 3399 2086 Nicaeus
3435 2031 3639 2101 synodo
3666 2026 3791 2087 con-

2219 2114 2244 2152 s
2271 2115 2289 2152 z
2317 2115 2347 2153 ιι
2377 2115 2429 2153 α,

2220 2187 2252 2220 ι
2283 2170 2344 2224 In
2378 2169 2612 2226 nomine
2642 2170 2854 2238 Patris,
2881 2175 2938 2225 et
2969 2169 3116 2237 Filii,
3140 2175 3198 2226 et
3226 2171 3479 2243 Spiritus
3511 2173 3722 2228 sancti.

2569 2333 2597 2361 ‹‹
2629 2315 2952 2368 mimarum
2983 2313 3058 2384 (8)
3090 2313 3238 2369 Mille
3264 2259 3375 2368 xxi:

2226 2422 2246 2447 α
2283 2399 2792 2469 Reverentissimo,
2814 2399 3090 2470 omnique
3114 2417 3280 2454 sacra
3307 2402 3678 2459 veneratione
3700 2419 3794 2459 co-

2147 2487 2316 2543 lendo
2348 2488 2498 2543 Patri
2531 2489 2771 2544 Andreae
2803 2492 3016 2543 sanctis
3044 2488 3494 2545 Mediolanensis
3525 2490 3792 2548 Ecclesia;

2152 2576 2608 2650 archiepiscopo,
2659 2577 3085 2648 Ragembertus
3135 2583 3348 2633 sanctis
3407 2578 3795 2636 Vercellensis

2150 2666 2417 2721 Ecclesiae
2445 2665 2687 2722 humilis
2708 2667 3039 2737 episcopus,
3065 2673 3494 2738 prasentem,et
3513 2675 3791 2725 aeternam

2151 2755 2208 2808 in
2243 2755 2487 2810 Domino
2514 2753 2874 2810 felicitatem.
2909 2755 3056 2819 Quia
3085 2756 3266 2811 sacris
3292 2756 3556 2827 apicibus
3585 2759 3794 2814 vestris

2151 2842 2516 2898 Walfredum
2571 2843 2837 2898 Ecclesia
2896 2849 3106 2899 nostrae
3155 2844 3579 2901 subdiaconum
3629 2847 3794 2903 vobis

2153 2931 2615 2987 consecrandum
2631 2931 2898 2987 Ecclesiae
2916 2932 3323 3002 Eporrediensi
3344 2935 3416 2989 ad
3435 2939 3630 2990 votum
3653 2935 3795 2991 cleri

2151 3025 2210 3075 et
2234 3021 2430 3092 pepuli
2445 3019 2751 3091 praesulem
2782 3020 3080 3091 expetistis
3109 3036 3122 3075 :
3150 3022 3359 3078 nefasa
3384 3023 3550 3078 nobis
3573 3023 3796 3096 aliquid

2153 3110 2373 3164 sanctis
2406 3108 2786 3181 petitionibus
2831 3108 3040 3165 vestris
3088 3110 3361 3182 denegari
3390 3112 3796 3182 exstimantes,

473 3203 574 3258 His
605 3201 958 3275 opponimus
988 3201 1472 3274 antiquissimum
1494 3202 1926 3274 Necrologium,
1947 3219 2043 3258 no-
2071 3191 2116 3256 C
2147 3198 2608 3270 juxtaamorem,
2633 3201 2689 3253 et
2713 3197 3094 3253 reverentiam
3109 3200 3399 3254 canonica
3416 3200 3797 3269 deﬁnitionis,

401 3297 614 3362 strum,
655 3291 754 3346 ubi
801 3291 872 3346 de
928 3290 1237 3362 Norgando
1297 3290 1587 3361 legimus:
1621 3308 1654 3345 v
1709 3292 1830 3346 Kal.
1881 3292 2038 3348 Mart.

398 3381 533 3436 obiit
558 3379 885 3435 venerandae
938 3380 1222 3434 memoria
1274 3379 1596 3448 Norgandus
1653 3379 1815 3450 hujus
1860 3381 2039 3435 Eccle-

394 3469 497 3526 siae
553 3469 848 3539 episcopus,
909 3468 1005 3538 qui
1070 3469 1358 3521 canonicas
1415 3466 1711 3535 ordinavit,
1770 3476 1821 3522 et
1879 3468 2042 3535 huius

394 3556 652 3614 Ecclesia
680 3555 896 3612 ordines
943 3556 1247 3610 nobilitatis
1295 3556 1564 3610 instituit.
1617 3555 1761 3610 Nam
1806 3562 2040 3626 prazter-

396 3663 573 3718 quam
606 3645 761 3718 quod
790 3642 1105 3700 verisimile
1137 3660 1250 3698 non
1293 3648 1401 3711 est,
1436 3643 1759 3716 Necrologii
1792 3646 2042 3716 scripto-

396 3749 519 3791 rem
551 3734 919 3806 deplorandaa
953 3733 1158 3788 mortis
1188 3749 1372 3805 genus
1405 3733 1587 3788 fuisse
1619 3735 2042 3804 prastermissu-

399 3840 554 3894 rum,
601 3824 650 3880 si
709 3822 976 3894 Papiensi
1033 3821 1298 3877 incendio
1356 3821 1626 3894 periisset
1672 3822 2041 3894 Norgandus,

401 3913 559 3969 haud
592 3912 841 3968 cohaeret
887 3911 1009 3966 dies
1039 3911 1100 3965 in
1146 3910 1482 3983 Necrologio
1533 3915 1733 3966 notata
1763 3927 1896 3966 cum
1928 3912 2042 3981 die,

405 4002 478 4059 ad
510 4017 688 4075 quam
721 4000 1115 4074 Luitprandus
1164 4015 1387 4055 coaevus
1429 3999 1681 4072 scriptor
1709 3999 2046 4055 incendium

407 4093 600 4159 refert,
633 4093 706 4148 ad
736 4107 791 4146 ιν
847 4088 1068 4147 scilicet
1097 4089 1235 4144 Idus
1291 4087 1479 4143 Martii
1519 4105 1612 4144 an.
1671 4089 1794 4143 924.
1831 4091 2046 4154 Quam-

406 4181 606 4237 obrem
638 4184 790 4236 recte
819 4178 1194 4244 concluseris,
1229 4177 1606 4249 Norgandum
1638 4193 1744 4233 nec
1773 4178 2047 4250 praedicto

479 4340 557 4414 (2)
586 4339 718 4396 Vid.
751 4340 1032 4396 Frodoad.
1065 4338 1126 4394 in
1157 4339 1393 4410 Chron.,
1439 4343 1496 4394 et
1523 4338 1863 4411 Luitprand.
1897 4340 2025 4396 Hist

409 4413 493 4470 ib.
525 4429 606 4483 in,
639 4429 765 4484 cap.
798 4417 856 4467 et
887 4428 1047 4484 seqq.

476 4429 584 4469 ,ιιι
639 4429 704 4468 ca
753 4429 948 4467 .etse
1033 4454 1047 4467 .

475 4485 551 4557 (3)
579 4429 987 4557 .1,‘.sseli'_vantuifl
993 4429 1135 4538 (haec
1164 4481 1224 4536 in
1258 4481 1512 4557 archiyio
1558 4485 1775 4551 nostro,
1809 4497 2048 4538 eorum-

405 4554 520 4628 que
534 4554 838 4628 exemplar
867 4556 1185 4610 referemus
1217 4569 1378 4607 num.
1413 4555 1467 4608 8.

495 4628 546 4695 4)
580 4627 641 4682 In
674 4626 798 4682 Ital.
828 4642 977 4682 sacr.

495 4632 546 4695 4)
580 4632 641 4682 In
674 4632 798 4682 Ital.
828 4642 977 4682 sacr.

468 4632 546 4780 (5)
576 4697 736 4780 In
767 4698 1000 4763 Euseb.,
1059 4700 1116 4752 et
1146 4696 1274 4767 ejus
1318 4711 1639 4751 successor.
1686 4695 1817 4750 Vita
1848 4695 2040 4750 Romae

400 4769 557 4825 edita
589 4770 746 4824 1602.

470 4841 548 4914 (6)
579 4842 799 4914 ᾼόλεξθῐ.
835 4840 906 4914 ad
938 4837 1247 4914 Collectan.
1273 4837 1436 4914 edita
1466 4837 1624 4914 de.S.
1661 4836 1929 4892 Eusebio.

491 4841 548 4914 6)
579 4842 799 4912 Adject.
835 4841 906 4895 ad
938 4841 1247 4895 Collectan.
1281 4841 1436 4892 edita
1466 4841 1536 4892 de
1568 4841 1624 4892 S.
1662 4841 1929 4892 Eusebio.

399 4841 640 5056 guéggulrn
702 4913 815 4968 {inc
873 4911 1051 4982 hujus
1104 4909 1319 4965 codicis
1377 4908 1435 4962 hi
1488 4907 1665 5026 etiam
1723 4925 1928 4965 versus
1957 4908 2039 4964 le-

460 5092 598 5149 Atto,
631 5089 724 5139 tibi
748 5088 960 5152 praesui,
991 5092 1173 5152 ternos
1202 5100 1300 5148 ego
1336 5085 1555 5134 confero
1585 5085 1763 5144 libros,

526 5152 718 5202 Eusebi
747 5151 965 5214 martyr,
997 5151 1206 5212 suscipe
1234 5153 1378 5214 vota,
1413 5161 1563 5202 rogo.

463 5215 669 5264 Primus
697 5215 860 5263 habet
888 5210 1119 5274 glossas:
1143 5210 1382 5274 psalmos
1404 5214 1696 5272 pertractat
1725 5213 1776 5260 et
1805 5210 1976 5264 alter:

524 5278 730 5328 Tertius
758 5277 990 5325 ofﬁcium
1021 5275 1230 5324 disserit
1262 5287 1418 5322 omne
1449 5274 1682 5321 Patrum.

462 5340 567 5389 Nec
597 5340 816 5388 credant
842 5339 942 5387 hoc
972 5352 1056 5387 me
1083 5337 1177 5386 tibi
1208 5336 1378 5384 solum
1411 5339 1622 5384 tradere
1652 5335 1870 5384 donum.

525 5401 783 5450 Ecclesias
812 5403 1009 5464 quique
1040 5399 1332 5461 exspoliare
1353 5399 1541 5464 solent.

459 5465 609 5522 Quod
641 5466 683 5511 si
713 5459 1018 5512 intestatum
1053 5459 1286 5510 moriens
1315 5461 1439 5520 quid
1469 5460 1600 5508 forte
1631 5459 1932 5522 relinquam
1960 5473 1971 5508 :

487 5526 732 5589 Ecclesia:
764 5527 1032 5589 preprium
1067 5527 1363 5589 istiusesse
1394 5523 1536 5570 volo,

455 5589 658 5644 Prmdia
685 5587 1035 5640 sic—maneant
1060 5604 1073 5639 :
1104 5587 1179 5637 sic
1205 5587 1311 5636 sint
1339 5589 1393 5635 et
1421 5589 1613 5636 caetera
1641 5587 1836 5636 cuncta
1864 5598 1876 5641 ;

515 5651 729 5716 Occasio
757 5650 936 5721 pravis
959 5663 1058 5706 nec
1086 5649 1242 5705 detur
1269 5647 1382 5701 ulla
1409 5646 1538 5700 viris

2079 4556 2126 4620 D

2151 3303 2336 3358 usque
2367 3287 2438 3341 ad
2483 3287 2730 3358 gradum
2783 3287 3150 3342 subdiaconii
3198 3293 3530 3344 nostrorum
3577 3291 3798 3360 praede-

2151 3371 2448 3430 cessorum
2466 3375 2855 3430 sollicitudine
2871 3382 3228 3445 promutum,
3253 3377 3799 3446 paternitativestraa

2152 3465 2220 3518 ad
2246 3463 2634 3534 episcopalem
2659 3464 3019 3532 cathedram,
3045 3463 3288 3519 Domino
3314 3466 3796 3537 adminiculante,
3866 3465 3872 3470 ’

2152 3553 2527 3607 concedimus
2560 3553 3125 3624 promovendum.Ne
3148 3569 3282 3624 ergo
3308 3554 3376 3607 de
3398 3553 3585 3624 ipsius
3608 3560 3798 3610 trans-

2153 3647 2279 3696 acta
2309 3643 2766 3707 conversatione,
2790 3642 2908 3697 sive
2930 3642 3198 3713 praesenti
3227 3643 3602 3698 concessione
3624 3645 3796 3715 quid-

2153 3729 2308 3801 piam
2341 3730 2587 3786 almitati
2608 3736 2813 3786 vestra:
2837 3746 3072 3785 necesse
3095 3729 3171 3784 sit
3193 3730 3508 3803 ambigere,
3541 3749 3796 3803 praesen-

2152 3819 2313 3874 tibus
2343 3819 2698 3874 humilitatis
2719 3822 2928 3874 nostra:
2951 3817 3162 3874 litteris
3185 3835 3321 3874 eum
3345 3820 3660 3891 prosecuti,
3691 3839 3795 3877 su-

2155 3925 2328 3977 mus;
2361 3909 2576 3980 quibus
2633 3906 2801 3962 illum
2853 3907 2914 3961 in
2973 3913 3348 3964 sacrosancta
3392 3908 3690 3981 religione,
3734 3909 3796 3964 in

2155 4000 2439 4067 quantum
2473 3995 2890 4066 audivimus,et
2909 3996 3309 4068 cognovimus,
3334 4002 3510 4070 atque
3539 3997 3800 4054 humana

2157 4084 2441 4157 fragilitas
2471 4085 2782 4141 exstimare
2807 4084 3046 4152 sufﬁcit,
3078 4085 3362 4142 hactenus
3392 4091 3800 4143 conversatum

2159 4175 2340 4230 fuisse
2359 4173 2836 4239 testiﬁcamur,eu
2847 4188 3020 4243 mque
3042 4174 3113 4228 ad
3139 4174 3196 4228 id
3219 4174 3616 4231 ministerium
3640 4192 3803 4248 pera-

2221 4298 2432 4363 Sigquis
2460 4296 2597 4363 forte
2627 4308 2795 4360 rapax
2825 4300 3033 4363 par_tem
3063 4297 3376 4349 subduxerit
3402 4299 3583 4363 ullam,

2282 4360 2484 4424 sentiet
2513 4361 2637 4424 hinc
2667 4373 2871 4424 poenas,
2903 4360 3317 4424 Tartareumque
3347 4363 3538 4411 locum.

2223 4424 2368 4474 Alter
2398 4423 2498 4487 erit
2519 4423 2704 4484 Judas)
2731 4422 3077 4487 _Dathan_erit
3102 4422 3246 4487 alter?
3264 4425 3498 4487 Abyron,

2283 4484 2552 4547 Exspoliat
2579 4486 2622 4533 si
2653 4484 2772 4548 quis
2801 4484 2999 4548 templa
3027 4485 3207 4534 divina
3227 4484 3400 4535 bonis.

3077 4581 3096 4621 Ῑ

2223 4637 2299 4710 (8)
2330 4637 2622 4710 Numerus
2653 4635 2746 4691 hic
2803 4637 2956 4710 mille
3001 4653 3111 4692 xxx
3158 4637 3407 4710 Anigriori
3448 4641 3793 4710 atramento,

2153 4707 2514 4779 diversisque
2536 4707 2834 4779 aliquanto
2851 4707 3307 4780 characteribus,
3333 4709 3536 4765 charta
3554 4707 3796 4780 insuper

2155 4781 2451 4852 aliquanto
2484 4796 2660 4850 super
2686 4780 2918 4852 abrasa,
2951 4779 3208 4852 scriptus
3242 4780 3477 4850 legitur,
3511 4781 3604 4836 ubi
3641 4779 3793 4852 forte

2152 4848 2381 4908 rectiori
2397 4848 2812 4921 supputatione
2833 4849 3134 4921 legebatur
3155 4848 3373 4918 MvaiI,
3396 4854 3536 4908 Cum
3560 4850 3713 4903 enim
3730 4848 3788 4903 in

2152 4922 2398 4996 epistola
2419 4919 3062 4996 numerusperlitteras
3085 4937 3395 4993 expressus
3417 4923 3472 4975 in
3492 4935 3790 4996 summam

2151 4990 2363 5050 ductus
2383 4990 2752 5065 ipsislitteris
2782 4990 3544 5065 consequenteriadjunctus
3576 4990 3794 5046 innua-

2150 5073 2264 5132 tur;
2285 5066 2360 5121 ibi
2382 5062 2692 5120 numerum
2707 5079 2902 5136 Mvau
2918 5063 3230 5136 primolegi
3245 5062 3652 5136 debuissejure
3666 5079 3796 5118 sus-

2151 5139 2434 5209 picamur,
2470 5152 2603 5192 cum
2635 5139 2690 5190 et
2739 5134 2817 5188 ibi
2845 5132 3028 5202 loeus,
3054 5137 3152 5190 ubi
3179 5132 3790 5259 Exstiterit,ap%areat,

2151 5215 2206 5259 et
2239 5225 2434 5259 revera
2464 5224 2532 5259 ex
2565 5206 2724 5259 hisce
2771 5205 3003 5259 litteris.
3037 5207 3308 5259 adiuncta
3356 5203 3549 5258 littera
3628 5247 3636 5256 .
3673 5205 3790 5259 sive

2149 5203 2206 5264 et
2239 5225 2434 5266 revera
2464 5224 2532 5261 ex
2565 5206 2724 5261 hisce
2771 5205 3003 5271 litteris,
3037 5207 3308 5276 adjuncta
3356 5203 3549 5258 littera
3578 5203 3636 5259 Ζ.
3673 5205 3796 5260 sive

2150 5296 2394 5334 numero
2417 5277 2750 5332 indictionis
2775 5278 3157 5348 septimzr,hic
3183 5290 3465 5330 numerus
3486 5276 3792 5331 conﬁetur.

2148 5352 2248 5405 Vel
2285 5350 2512 5414 saltem,
2548 5349 2782 5420 dempto
2813 5349 3150 5420 indictionis
3180 5364 3446 5412 numero,
3478 5348 3793 5420 legendum

2148 5428 2302 5477 esset
2333 5438 2563 5475 mxxxxx
2588 5436 2598 5473 :
2634 5419 2855 5477 scilicet
2877 5419 3067 5476 abrasi
3093 5419 3249 5474 fuere
3276 5420 3390 5475 duo
3419 5420 3646 5474 numeri
3675 5436 3748 5473 xx
3776 5435 3790 5486 ;

2149 5510 2342 5574 revera
2373 5508 2526 5574 enim
2552 5509 2832 5572 numerus
2855 5491 3397 5574 quinquagenarius
3422 5508 3534 5546 non
3560 5506 3792 5574 semper

2145 5565 2314 5638 signo
2346 5582 2399 5632 L,
2431 5562 2542 5638 sed
2578 5563 2838 5638 quinque
2873 5562 2919 5620 ’x
2962 5562 3270 5622 innostris
3299 5562 3460 5622 hisce
3489 5562 3786 5628 codicibus

2143 5634 2456 5720 expressus
2490 5634 2723 5699 visitur.
2741 5634 2761 5638 “
3723 5638 3750 5645 ’”
3783 5638 3786 5642 ’

3550 5868 3703 6022 δὲ

3664 5998 3749 6088 Ri
