4134 6182
332 304 412 389 βε
1358 301 1696 364 ATTONIS
1739 301 2322 392 VERCELLENSIS
2368 301 2720 365 EPISCOPI
3664 309 3746 372 21,

338 434 561 520 tingere
592 450 764 517 aqua.
798 435 864 490 Et
895 451 966 490 ne
997 435 1242 518 intentio
1268 434 1574 560 (legendum
1590 436 1704 515 fort

338 507 440 560 ιιοὶ
463 507 888 560 orireturmde.
939 508 1270 560 subiunxn:
1371 507 1518 560 Iacet
1574 507 1704 560 nobi

335 499 897 586 tioj'orireturinde,
939 499 1281 586 subjunxitz'
1325 499 1518 586 Placet
1574 499 1742 586 nobis
1771 511 1828 559 et
1853 521 1981 586 [rec-

335 582 464 649 tum
497 577 845 649 videtur,rut
866 578 982 632 duo
1007 585 1236 632 tantum
1271 578 1587 649 presbyteri
1622 579 1694 649 de
1727 577 1982 647 praefatis

333 647 594 729 ecclesiis
617 647 1132 729 studioseveuiant
1162 647 1376 729 adnoc
1427 647 1798 729 mys‘teri_um_
1818 665 1980 729 pera-

334 720 616 792 gendum,
638 719 695 773 id
727 726 836 785 est,
861 720 932 775 de
950 719 1189 775 Petiaua
1209 725 1264 775 et
1286 719 1603 776 Petroriolo
1624 719 1801 774 simul
1827 720 1942 773 duo
1965 737 1976 774 :

1373 434 1574 522 endam
1590 436 1730 522 forte
1750 438 1982 522 conteu-
2012 438 2065 502 Α
2096 435 2167 515 de
2197 434 2414 522 Q'uiuto
2440 441 2498 520 et
2527 436 2910 522 Calviniasco,
2942 439 3013 497 de
3043 437 3267 506 Casale,
3298 442 3356 522 et
3391 438 3741 522 _Anzeuingo

2097 505 2274 581 simili
2309 508 2627 564 statuimus
2659 509 2902 575 ratione,
2936 505 3554 581 quousquehvicissim
3589 505 3741 566 vicies

2093 577 2376 702 irtrlipleaut
2409 596 2569 649 suas,
2629 587 2685 635 et
2743 577 2986 654 implere
3042 577 3346 637 annuatim
3403 583 3616 638 iterum
3651 584 3739 637 iu-

2093 664 2122 702 c
2169 655 2322 704 oeut.
2362 672 2391 699 »

2093 664 2322 704 ϐΠΟθῐὶῐ.
2362 672 2391 699 »

1289 954 1457 1048 DE
1523 952 2054 1048 ATTONIS
2127 951 2775 1050 OPERIBUS.

410 1239 552 1296 XIV.
569 1240 649 1295 De
667 1243 874 1296 Attene
897 1239 1201 1307 hactenus,
1218 1240 1344 1312 jam
1371 1240 1442 1296 de
1476 1240 1663 1312 ipsius
1686 1241 1981 1313 operibus.

339 1329 563 1394 Quanto
610 1328 733 1385 haec
781 1329 840 1383 in
885 1330 1068 1400 pretio
1117 1345 1348 1401 semper
1395 1329 1708 1385 habuerint
1746 1329 1982 1400 eruditi,

339 1421 623 1489 quotquot
648 1417 747 1472 illa
769 1423 1075 1488 noverunt,
1102 1419 1435 1490 quibusque
1461 1419 1614 1473 votis
1637 1418 1983 1490 exoptariut,

338 1510 404 1560 ut
432 1522 463 1561 e
492 1506 727 1562 scriniis
757 1511 923 1562 eruta
951 1506 1009 1561 in
1033 1506 1326 1579 publicam
1348 1507 1982 1579 proferrenturlucem;

338 1611 455 1668 qua
487 1596 725 1650 demum
758 1596 1044 1668 applausu
1077 1597 1196 1651 sint
1225 1603 1482 1668 excepta,
1512 1614 1645 1652 cum
1669 1597 1984 1652 clarissimi

341 1683 625 1740 d'Acherii
649 1685 863 1755 studio,
885 1684 1022 1741 licet
1043 1701 1146 1740 nec
1165 1685 1494 1753 omnia,nec
1517 1686 1743 1758 integra
1763 1687 1988 1758 prodie-

340 1772 478 1839 rint,
510 1773 604 1828 vix
632 1773 743 1828 dici
778 1778 986 1845 potest.
1020 1774 1310 1846 Legautur
1359 1791 1487 1846 quae
1541 1775 1718 1831 habet
1761 1775 1984 1832 Natalis

2096 1243 2268 1296 tenus
2293 1240 2438 1313 fugit
2459 1240 2738 1297 eximium
2763 1241 2921 1298 aliud
2942 1243 3170 1300 Attonis
3191 1261 3359 1316 opus,
3377 1252 3739 1304 commenta-

2097 1326 2218 1383 rius
2247 1328 2513 1385 videlicet
2542 1330 2601 1384 iu
2633 1347 2837 1388 omnes
2867 1331 2982 1387 divi
3013 1332 3173 1388 Pauli
3223 1333 3528 1406 Epistolas,
3565 1352 3739 1408 quem

2095 1416 2194 1488 qui
2234 1415 2502 1489 legerint,
2526 1417 2683 1474 haud
2717 1419 2910 1476 hercle
2935 1425 3208 1491 poterunt
3227 1422 3371 1493 quin
3394 1439 3745 1497 magnopere

2096 1505 2383 1561 mirentur
2415 1506 2626 1562 saeculo
2649 1509 2832 1564 cassis
2855 1509 3186 1581 ignorantia
3207 1512 3465 1567 tenebris
3487 1511 3744 1570 involuto

2093 1593 2282 1648 virum
2316 1594 2610 1650 exstitisse
2639 1596 2738 1666 qui
2757 1600 2920 1652 tanta
2947 1597 3233 1668 sapientia
3253 1602 3494 1669 tamque
3511 1599 3628 1654 acri
3642 1601 3667 1670 j
3679 1617 3738 1655 u-

2093 1681 2243 1738 dicio
2276 1684 2527 1740 summis
2559 1685 2628 1741 de
2668 1685 3032 1757 argumentis
3081 1685 3335 1759 eleganti
3387 1687 3562 1743 etiam
3595 1689 3738 1744 scri-

2091 1772 2274 1843 pserit
2291 1773 2462 1844 stylo.
2479 1774 2663 1838 Quam
2681 1774 2823 1829 inibi
2837 1775 3736 1848 auimadverteutScripturarum

340 1861 667 1918 Alexander
697 1863 909 1918 Histor.
943 1863 1159 1919 Eccles.
1195 1869 1336 1920 tom.
1391 1865 1460 1935 II,
1522 1866 1618 1920 fol.
1681 1865 1808 1930 338,
1840 1866 1978 1920 edit.
2013 1881 2060 1946 B
2092 1860 2408 1931 peritiam?
2438 1879 2613 1933 quam
2635 1862 3360 1935 doctrinarumpuritatem
3381 1864 3409 1920 ‘f
3431 1881 3604 1938 quem
3649 1866 3742 1922 de-

341 1951 524 2009 Paris.
562 1951 699 2008 anni
728 1953 880 2009 1743.
902 1953 1205 2008 Adeantur
1231 1953 1405 2009 etiam
1435 1954 1646 2026 Pagius
1669 1956 1739 2010 ad
1761 1972 1982 2010 annum

338 2041 466 2106 960,
505 2039 767 2096 Fleurius
796 2041 855 2095 in
883 2040 1096 2097 Histor.
1134 2041 1351 2096 Eccles.
1403 2046 1546 2099 tom.
1605 2043 1720 2112 XII,
1757 2043 1858 2099 lib.
1892 2063 1980 2112 LV,

338 2127 503 2204 £54;
537 2128 861 2186 Gulielmus
893 2129 1037 2185 Cave
1070 2130 1285 2185 Histor.
1321 2129 1495 2186 litter.
1529 2137 1670 2187 tom.
1731 2133 1800 2201 II,
1847 2151 1978 2205 pag.

334 2217 427 2285 99,
443 2217 581 2273 edit.
601 2217 774 2274 Basil.
799 2239 813 2289 ς
836 2219 1024 2292 Dupiu
1042 2219 1259 2274 Histor.
1287 2219 1502 2276 Eccles.
1531 2221 1642 2277 vol.
1667 2223 1821 2288 VIII,
1847 2240 1978 2296 pag.

335 2306 443 2372 26;
496 2305 710 2362 Racine
757 2311 900 2362 tom.
954 2306 1046 2373 IV,
1096 2324 1229 2380 pag.
1283 2309 1405 2373 109,
1464 2309 1601 2365 edit.
1654 2309 1981 2382 Ultraject.,

335 2393 520 2450 articl.
554 2395 658 2462 6,§
689 2396 756 2464 4;
792 2395 1106 2464 Murator.,
1133 2397 1204 2451 ad
1255 2414 1348 2453 an.
1382 2399 1488 2454 958
1542 2404 1599 2454 et
1627 2399 1734 2454 959
1764 2401 1976 2458 Annal.

334 2483 462 2540 Ital.

401 2570 520 2629 XV.
552 2571 784 2629 Attonis
813 2571 1001 2644 Opera
1029 2589 1331 2631 recensere
1361 2592 1673 2648 aggressus
1722 2579 1980 2636 Joannes

332 2660 1709 2736 StephanusFerreriussupracit.(15).Sermoues
1723 2668 1978 2741 primum

332 2749 550 2822 posuit,
580 2753 705 2807 tum
723 2751 1021 2823 epistolas,
1040 2753 1174 2808 dein
1198 2752 1579 2827 Polypticum,
1599 2757 1716 2812 sive
1735 2759 1982 2831 Perpen-

333 2837 616 2912 diculum,
649 2839 783 2896 inde
814 2839 1098 2909 Cauones,
1149 2859 1251 2898 seu
1299 2843 1648 2917 Capitulare,
1684 2853 1977 2919 postremo

332 2931 646 2986 tractatum
678 2929 758 2986 De
789 2931 1081 3002 pressuris
1111 2930 1546 2990 ecclesiasticia.
1570 2940 1758 3007 Atque
1775 2937 1976 2992 eadem

333 3017 553 3090 passim
577 3035 786 3092 magna
815 3037 949 3076 cum
977 3020 1150 3078 laude
1177 3028 1506 3079 memorant
1526 3029 1814 3097 quotquot
1861 3027 1979 3084 fere

330 3107 402 3163 de
430 3107 838 3165 ecclesiasticis
867 3109 1045 3166 rebus
1097 3111 1407 3168 Historiam
1468 3118 1659 3170 texere
1691 3113 1977 3172 hactenus

330 3195 737 3252 instituerunt.

401 3284 805 3357 Opportunum
836 3291 1030 3344 tamen
1063 3289 1275 3344 accidit
1299 3289 1616 3362 legentium
1649 3291 1834 3350 oculis
1865 3294 1974 3350 hoc

329 3373 455 3432 loco
481 3375 766 3448 subjicere
790 3393 916 3448 quas
937 3378 1008 3432 de
1029 3379 1370 3435 earumdem
1395 3397 1640 3437 numero
1663 3387 1719 3436 et
1742 3384 1974 3441 fortuna

331 3463 504 3524 refert
531 3465 747 3520 Auctor
775 3467 1169 3538 supplementi
1203 3469 1274 3522 ad
1306 3467 1756 3526 Bellarminum.

403 3573 431 3601 «
459 3552 686 3607 Attonis
719 3569 912 3634 opera,
943 3553 1156 3634 inquit,
1190 3555 1292 3634 vir
1323 3555 1690 3634 clarissimus
1717 3558 1973 3634 Joannes

331 3622 492 3709 Bono
513 3622 801 3709 generalis
823 3622 1348 3709 abbasreformatze
1363 3629 1825 3709 congregationis
1837 3647 1973 3709 sau-

333 3693 408 3750 cti
441 3693 743 3769 Bernardi,
767 3712 868 3769 seu
893 3695 1247 3769 Fulieutium
1280 3698 1337 3752 in
1375 3693 1538 3753 Italia
1568 3700 1970 3769 (Pedemouta-

331 3781 445 3820 nus
477 3765 718 3844 scilicet,
753 3767 850 3838 qui
877 3767 994 3844 fuit
1022 3774 1223 3844 postea
1252 3769 1310 3824 S.
1343 3769 1410 3824 R.
1446 3771 1504 3826 E.
1539 3765 1874 3844 cardinalis)
1905 3791 1974 3830 ex

331 3837 734 3913 manuscripto
772 3837 987 3913 codice
1024 3837 1323 3913 'Vaticano
1383 3858 1546 3896 num.
1604 3843 1761 3899 4322.
1797 3837 1968 3913 eruit,

332 3908 589 3984 describi.
615 3908 838 3966 curavit
865 3909 1059 3984 Romae
1090 3929 1241 3984 anno
1271 3912 1427 3984 1664,
1447 3919 1621 3984 atque
1651 3916 1721 3968 ad
1762 3908 1969 3973 Lucam

332 3977 699 4055 d’A_cherium
732 3981 1086 4055 monachum
1128 3977 1569 4038 Beuedictinufu
1620 3988 1967 4055 transmisit,

331 4050 432 4130 qui
466 4066 537 4130 ea
561 4051 813 4130 inseruit
842 4058 998 4130 temo
1029 4053 1177 4108 VIII.
1203 4072 1235 4109 a
1257 4071 1388 4130 pag.
1414 4057 1439 4130 _i
1465 4056 1534 4130 ad
1558 4055 1658 4110 138
1675 4050 1968 4130 Spicilegii

331 4121 444 4178 sui.
477 4123 546 4202 Et
567 4129 744 4202 sunt:
771 4124 1124 4202 Capitulare,
1157 4121 1555 4202 seu—Capitula
1587 4121 1814 4186 Attonis
1845 4121 1970 4202 epi-

329 4193 490 4272 scppi
517 4211 531 4261 ;
565 4195 736 4272 Liber
753 4197 825 4272 de
850 4193 1137 4272 pressuris
1153 4193 1564 4272 ecclesiasticis
1587 4219 1599 4267 ;
1622 4207 1796 4272 atque
1817 4193 1970 4272 epis-

331 4263 460 4320 tola}
483 4267 672 4320 variae.
696 4265 757 4321 In
780 4263 986 4321 iisdem
1010 4275 1204 4323 autem
1222 4269 1539 4334 codicibus,
1558 4263 1676 4325 tam
1692 4263 1969 4329 Vaticano

373 4352 507 4414 nam
531 4336 904 4414 Verc‘ellensi,
925 4343 1089 4392 erant
1107 4345 1380 4414 praeterea
1401 4358 1698 4414 sermones
1723 4349 1971 4414 septem-

373 4352 507 4390 uam
540 4352 904 4404 verceuensx,
925 4352 1089 4392 erant
1107 4352 1380 4410 praeterea
1401 4358 1698 4396 sermones
1723 4352 1965 4414 septem-

331 4352 519 4486 gecim
552 4408 622 4486 de
653 4408 898 4486 diversis
922 4412 1303 4486 argumentis,
1337 4417 1392 4465 et
1415 4411 1764 4486 Polypticus,
1795 4432 1965 4486 quem

329 4477 817 4556 Perpendiculum
851 4477 1126 4556 appellat,
1171 4499 1282 4551 quo
1309 4553 1321 4556 _
1342 4500 1488 4556 noxa
1519 4477 1885 4556 'redargue're
1914 4494 1971 4542 et

330 4549 574 4627 honesta
605 4552 831 4627 sancire
861 4549 1043 4620 debet,
1077 4549 1210 4627 cum
1244 4553 1518 4627 scholiis;
1577 4557 1675 4610 sed
1709 4549 1849 4627 quia
1880 4561 1969 4614 vix

331 4619 443 4747 lepid
475 4627 742 4694 possunt,
776 4623 905 4680 ideo
934 4613 1269 4696 transcripti
1303 4642 1420 4680 non
1454 4613 1611 4682 sunt.
1647 4613 1745 4683 Est
1776 4613 1969 4686 autem
2001 4613 2048 4678 D

330 4690 404 4747 do
430 4695 646 4747 eudum
666 4695 1273 4747 auod‘mauuscrintus
1288 4697 1463 4747 codex
1481 4698 1797 4747 Vaticanus
1821 4701 1973 4747 Innn-

372 4709 404 4748 Ο

430 4695 646 4766 endum
666 4695 968 4766 quod‘mau
980 4695 1273 4766 uscriptus
1288 4697 1463 4752 codex
1481 4698 1797 4755 Vaticanus
1820 4701 1973 4756 lacu-

330 4763 423 4819 nis
445 4763 803 4841 pluribusiu
836 4765 1001 4841 foliis
1031 4763 1268 4841 laboret,
1301 4769 1435 4823 inde
1467 4768 1690 4841 integer
1731 4773 1970 4829 omnino

328 4835 628 4908 sanusque
650 4835 848 4891 haberi
873 4838 1220 4962 nonfotuit,
1249 4855 1353 4896 nec
1375 4841 1569 4896 sanari
1590 4835 1767 4898 Etiam
1794 4843 1966 4898 colla-

328 4907 485 4961 tione
515 4907 900 4962 mauuscrinti
925 4926 989 4962 co
1038 4909 1142 4962 icis
1165 4911 1569 4962 Vercellensis-
1598 4929 1767 4962 nuem
1794 4915 1966 4962 dene-

325 4907 485 4961 tione
515 4907 1142 4984 mauuscripticodicis
1165 4907 1570 4978 Vercelleusis,
1598 4929 1768 4984 quem
1794 4915 1966 4970 dene-

325 4981 540 5056 garuut
557 4979 840 5056 canonici.
878 4979 1098 5035 Floruit
1127 4987 1260 5038 Atto
1292 5000 1480 5056 usque
1510 4984 1579 5039 ad
1613 4979 1833 5040 annum
1863 4988 1968 5042 960

325 5049 384 5104 et
417 5049 590 5121 ultra,
627 5071 655 5099 ››
688 5053 797 5105 etc.

393 5138 494 5195 His
524 5139 814 5196 cohaerent
843 5156 969 5212 quae
993 5141 1165 5212 paulo
1189 5144 1390 5199 fusiori
1422 5145 1752 5202 narratione
1776 5164 1965 5218 prose-

322 5227 524 5297 quitur
546 5227 826 5286 Acherius
847 5230 971 5301 ipse
987 5249 1006 5285 :
1021 5232 1327 5301 «Atto,hoc
1341 5235 1574 5290 nomine
1595 5237 1912 5303 secundus,
1937 5259 1964 5285 ››

320 5320 426 5370 etc.
460 5316 584 5371 Vide
612 5319 770 5385 infra
799 5322 1195 5391 Prw/alicam
1221 5323 1442 5379 Acherii
1470 5328 1531 5379 in
1582 5341 1740 5380 suam
1769 5325 1963 5380 editio-

319 5420 445 5459 nem
476 5406 708 5477 Operam
738 5410 968 5464 Attonis.

390 5493 531 5550 XVI.
557 5494 690 5558 Quaa
713 5513 844 5553 cum
867 5498 948 5553 ita
978 5497 1096 5556 sint
1123 5501 1486 5557 eruditorum
1517 5503 1784 5559 notitiam
1819 5504 1959 5560 hac-

391 5617 503 5693 (15)
530 5617 703 5676 Num.
736 5621 789 5676 4.

2093 1949 2190 2021 niq
2201 1966 2271 2004 ue
2289 1951 2712 2006 sententiarum
2731 1951 3018 2009 delectum
3036 1951 3064 2007 ?
3083 1953 3230 2019 Quid
3253 1953 3281 2008 ‘I
3303 1955 3464 2020 Quod
3487 1956 3738 2012 sanctis-

2092 2037 2251 2094 simae
2285 2039 2580 2111 religionis
2612 2041 2889 2114 dogmata
2921 2059 2954 2096 a
2983 2042 3382 2110 :novatoribus
3431 2044 3737 2116 posteriori

2091 2132 2255 2183 estate
2283 2128 2566 2200 impetita,
2596 2128 2772 2185 veluti
2805 2131 2875 2187 de
2905 2130 3120 2187 Christi
3154 2132 3464 2203 praesentia
3516 2133 3576 2188 in
3621 2134 3734 2190 Eu-

2091 2217 2380 2272 charistiaa
2430 2225 2815 2286 sacramento,
2859 2219 3036 2274 veluti
3088 2221 3159 2275 de
3208 2221 3545 2294 purgatorio
3578 2221 3732 2294 igne,

2087 2305 2266 2360 veluti
2296 2307 2410 2362 alia
2441 2307 2628 2362 multa
2683 2309 2912 2364 invictis
2965 2310 3327 2381 argumentis
3360 2311 3733 2382 conﬁrmata,

2089 2395 2379 2450 constanti
2411 2395 2721 2452 traditione
2753 2398 3001 2469 posteris
3031 2414 3133 2470 per
3165 2398 3340 2454 hosce
3371 2404 3732 2456 commenta-

2090 2482 2208 2540 rios
2230 2489 2368 2540 suut
2387 2484 2740 2541 transmissa
2759 2485 3069 2543 ?Necillud
3085 2487 3338 2557 profecto
3353 2487 3511 2558 parvi
3527 2488 3740 2545 facient

2089 2571 2340 2629 sanioris
2362 2573 2634 2630 doctrinae
2657 2574 2930 2642 studiosi,
2952 2576 3108 2646 quod
3131 2575 3624 2647 Augustiuiauam
3656 2579 3730 2634 de

2089 2661 2284 2717 divina
2315 2661 2504 2734 gratia
2533 2663 2902 2730 sententiam,
2925 2669 3208 2736 tanquam
3236 2663 3351 2721 illis
3369 2667 3736 2738 temporibus

2090 2751 2571 2822 probatissimum
2591 2753 3059 2826 dogma,rejectis
3079 2753 3355 2811 omnibus
3377 2755 3447 2810 ad
3473 2755 3734 2829 Pelagia-

2089 2840 2348 2895 nismum
2382 2845 2680 2912 utcunque
2711 2840 3144 2899 declinantibus
3175 2848 3514 2901 constanter
3568 2845 3640 2900 iis
3670 2845 3730 2900 in

2088 2929 2528 2984 commentariis
2558 2934 2843 2986 assertam
2871 2930 3186 2988 invenient.

2157 3035 2324 3091 XVII.
2362 3036 2483 3100 Quo
2517 3037 2631 3092 fato
2661 3037 3124 3108 pretiosissimus
3153 3038 3247 3094 hic
3299 3039 3609 3097 thesaurus
3647 3044 3735 3100 tot

2088 3124 2319 3180 saeculis
2347 3125 2643 3193 detulerit,
2673 3126 2827 3182 haud
2885 3129 3028 3184 satis
3077 3127 3234 3184 scio:
3294 3133 3354 3184 at
3402 3129 3472 3185 de
3502 3130 3732 3188 Attonis

2087 3213 2508 3270 fecundissima
2531 3231 2685 3286 penu
2709 3216 3029 3287 profectum
3057 3217 3257 3288 fuisse,
3284 3219 3366 3272 ita
3394 3223 3617 3274 certum
3636 3219 3732 3276 ba-

2087 3302 2193 3358 beo
2225 3319 2402 3374 quam
2435 3305 2589 3375 quod
2625 3305 2894 3362 maxime.
2929 3306 3073 3362 Nam
3132 3323 3484 3379 comparans
3521 3307 3731 3365 horum

2085 3394 2647 3448 commentariorum
2669 3394 2882 3466 stylum
2903 3412 3036 3450 cum
3060 3396 3282 3452 caeteris
3301 3397 3532 3454 Attonis
3551 3398 3740 3470 operi-

2083 3479 2215 3546 bus,
2250 3480 2620 3538 simillimum
2656 3483 2874 3553 ubique
2902 3483 3150 3538 invenio.
3207 3484 3328 3540 Non
3381 3502 3512 3541 raro
3553 3486 3730 3544 etiam

2085 3569 2320 3624 easdem
2342 3571 2660 3626 sententias
2683 3570 2740 3624 in
2767 3571 3205 3628 commentariis
3229 3573 3475 3644 reperio,
3498 3590 3648 3645 quas
3669 3573 3730 3632 in

2082 3655 2346 3728 epistolis
2367 3661 2426 3712 et
2457 3675 2558 3729 per
2587 3659 2788 3714 eadem
2817 3659 2934 3714 fere
2959 3661 3135 3715 verba
3163 3676 3491 3732 expressas.
3519 3661 3731 3719 Confer

2081 3744 2386 3816 epistolam
2411 3747 2482 3803 de
2514 3747 2845 3803 obedientia
2878 3748 3244 3820 principibus
3274 3750 3470 3808 debita
3501 3752 3570 3808 ad
3605 3751 3726 3823 epi-

2081 3849 2324 3905 scopum
2357 3835 2683 3892 Wadonem
2717 3837 2957 3892 missam
2981 3855 3115 3894 cum
3137 3839 3501 3911 expositione
3522 3839 3728 3914 capitis

2079 3939 2183 3977 x111
2215 3923 2482 3995 Epistolas
2514 3925 2583 3980 ad
2619 3926 2934 3983 Romanos.
3266 3919 3273 3926 ’

2151 4033 2435 4086 Praeterea
2459 4031 2518 4086 in
2544 4032 2655 4086 line
2672 4032 3238 4090 Commentariorum
3261 4035 3383 4091 haec
3406 4033 3722 4108 leguntur:

2087 4119 2416 4173 Vercellinus
2446 4120 2732 4187 diaconus,
2780 4131 2831 4176 et
2879 4125 3152 4178 Tetbertus
3182 4125 3548 4180 subdiaconus
3566 4128 3730 4198 jussu

2080 4206 2294 4263 domini
2325 4210 2532 4264 Attonis
2559 4212 2899 4282 scripsimus.
2927 4212 3155 4284 Integer
3172 4219 3367 4268 autem
3388 4214 3726 4269 Attouiano-

2081 4313 2209 4351 rum
2244 4296 2498 4369 Operum
2521 4298 2731 4368 Codex,
2753 4299 2906 4355 inter
2926 4300 3072 4356 alios
3103 4303 3322 4358 multos
3351 4301 3592 4357 archivii
3623 4317 3726 4356 no-

2081 4386 2185 4439 stri
2209 4386 2478 4458 signatus
2502 4390 2762 4454 uum.40,
2782 4390 2854 4444 ab
2879 4394 3126 4461 utroque
3148 4389 3258 4446 hoc
3280 4390 3470 4446 scriba
3489 4395 3582 4445 est
3599 4406 3728 4445 exa-

2081 4479 2264 4530 ratus.
2300 4475 2454 4531 Idem
2482 4475 2841 4533 Vercellinus
2871 4495 3024 4533 anno
3053 4479 3160 4533 945
3181 4479 3308 4549 jam
3342 4479 3400 4533 iu
3432 4478 3704 4550 presbyte

2081 4580 2210 4617 rum
2243 4570 2614 4620 consecratus
2647 4566 3075 4637 autographum
3107 4567 3441 4622 donationis
3499 4565 3722 4622 instru-

2084 4657 2348 4707 mentum
2381 4653 2651 4724 scripsit:
2685 4670 2750 4708 ao
2781 4653 2830 4708 si
2877 4654 3056 4725 hujus
3113 4654 3328 4710 charte
3360 4654 3724 4711 characteres

2082 4741 2424 4811 inspexeris,
2458 4742 2661 4796 eodem
2712 4743 2847 4813 jure
2905 4742 3063 4798 dices
3121 4759 3254 4798 cum
3287 4743 3724 4800 characteribus

2079 4831 2656 4896 commentariorum,
2681 4848 2796 4902 qua
2827 4836 2989 4903 parte
3021 4837 3159 4888 sunt
3188 4833 3404 4888 exarati
3436 4849 3470 4888 a
3499 4832 3726 4889 Vercel.

2077 4916 2197 4972 lino
2220 4917 2500 4972 diacono:
2535 4925 2599 4974 ut
2632 4921 3128 4992 quemadmodum
3160 4925 3312 4977 recte
3329 4921 3468 4978 hinc
3489 4921 3724 4992 colliges

2077 5009 2499 5062 commentaria
2520 5014 2653 5064 aute
2684 5026 2904 5065 annum
2934 5012 3040 5065 945
3090 5028 3124 5067 a
3175 5009 3499 5068 Vercellino
3534 5011 3726 5068 adhuc

2077 5095 2341 5167 diacono,
2364 5097 2635 5152 Tetberto
2650 5098 2914 5168 juvaute,
2949 5100 3167 5172 scripta
3197 5099 3398 5168 fuisse,
3431 5099 3557 5170 pari
3599 5116 3722 5156 mo-

2077 5188 2275 5239 mento
2301 5183 2658 5240 coucluseris
2690 5187 2961 5242 eumdem
2989 5191 3045 5243 et
3093 5187 3426 5243 donationis
3473 5193 3533 5244 et
3561 5204 3721 5246 com-

2075 5274 2498 5329 mentariorum
2532 5280 2826 5331 auctorem
2845 5277 3140 5332 exstitisse
3161 5279 3456 5332 Attouem.

2143 5379 2338 5437 XVIII.
2377 5381 2726 5453 Priusquam
2759 5382 2868 5439 hoc
2900 5383 3150 5438 missum
3186 5383 3355 5454 facio,
3406 5381 3570 5438 lubet
3593 5381 3720 5456 epi-

2071 5470 2279 5525 stolam
2312 5471 2524 5526 referre
2541 5471 2758 5544 Joseph
2784 5473 3084 5529 Blanchini
3106 5472 3600 5546 presbyteri,dum
3633 5472 3718 5526 vi-
