4114 6172
368 322 445 383 εὖ
1756 322 2373 389 PllOLEGOMENA.
2567 341 2571 345 ‘
3690 316 3771 377 26

367 458 545 519 veret,
570 457 1040 527 congregationis
1060 457 1305 513 Oratorii
1344 459 1609 514 Romani.
1632 459 1901 514 vindiciis
1923 476 2015 514 ca-
2046 458 2100 525 Α
2131 462 2324 513 mento
2352 473 2615 530 vengono
2640 456 2796 513 vario
2821 456 3042 521 lettere,
3067 470 3096 510 e
3140 452 3340 509 statuti
3388 450 3541 507 della
3564 449 3775 508 Chieea

370 544 711 600 nonicarum
746 547 1164 618 scripturarum
1201 548 1532 618 clarissimi,
1558 566 1733 621 quam
1760 550 1826 602 ad
1869 549 2011 603 emi-

369 634 787 689 nentissimum
810 636 994 689 virum
1016 636 1147 690 hinc
1164 637 1342 705 dedit,
1365 647 1673 709 postquam
1699 639 1802 692 hac
1824 644 2014 691 trans-

370 721 496 777 iens
554 723 907 778 cathedralis
983 724 1239 779 ecclesia
1327 726 1605 781 inviseret
1668 725 2013 781 archivium.

377 830 405 863 ι
435 811 513 865 Mi
538 813 686 865 sarei
710 812 1029 867 fermatoin
1057 813 1297 870 Vercelli
1340 821 1558 886 quanto
1603 817 2015 887 abbisognava,

367 915 433 955 se
461 900 652 956 avessi
678 904 879 971 potuto
910 902 1140 973 capiare
1188 908 1338 959 tutto
1370 904 1410 958 il
1455 905 1650 959 codice
1682 910 1920 975 segnato
1951 906 2020 958 40

369 986 647 1057 (Codicem
672 988 881 1043 scilicet
910 1005 1073 1058 quem
1100 1006 1199 1045 nos
1236 991 1470 1059 edimus)
1518 991 1623 1047 che
1657 995 1687 1047 ὸ
1718 991 1897 1046 molto
1930 991 2021 1045 in-

372 1079 697 1131 teressente
723 1092 825 1147 per
856 1077 1051 1148 quella
1080 1078 1312 1134 illustra
1343 1080 1567 1148 Chiesa,
1600 1098 1630 1135 e
1662 1098 1763 1152 per
1789 1083 2017 1135 Attene.

371 1163 649 1219 Contione
668 1182 743 1219 un
764 1168 1185 1222 commentario
1204 1169 1259 1222 di
1284 1185 1417 1223 esse
1436 1172 1645 1224 Attone
1662 1186 1835 1241 sopra
1856 1169 2024 1241 l‘Epi-

372 1252 518 1308 stole
549 1254 607 1308 di
641 1270 747 1309 san
778 1254 975 1310 Paolo.
1022 1256 1336 1313 Trascrissi
1376 1263 1584 1328 questa
1609 1264 1763 1325 nota,
1797 1258 1903 1312 che
1933 1263 2025 1313 sta

372 1341 466 1398 uel
497 1345 612 1397 line
639 1342 732 1397 del
792 1344 1009 1400 codice.
1069 1346 1310 1415 Explicit
1374 1348 1663 1403 Tractatus
1693 1349 1750 1401 in
1786 1348 2027 1418 Epistola

372 1431 540 1487 Pauli
564 1431 637 1486 ad
663 1432 934 1489 Hebraeos.
971 1432 1313 1489 Vercellium
1349 1435 1634 1499 diaconus,
1666 1440 1718 1491 et
1748 1437 2029 1491 Tesbertus

373 1520 733 1576 subdiaconus
760 1536 831 1577 ea:
849 1524 1012 1594 jussu
1055 1523 1245 1578 domui
1288 1525 1474 1581 Attoni
1527 1527 1763 1596 episcopi
1804 1525 2027 1596 scripsi-

374 1626 515 1665 mus.
540 1614 713 1667 Orate
726 1626 827 1683 pro
844 1613 1022 1680 nobis,
1041 1616 1272 1684 fratres.
1302 1614 1462 1686 Dopo
1493 1614 1533 1668 il
1564 1615 1837 1669 suddetto
1867 1630 2031 1670 vom-

453 1770 566 1841 (16)
632 1770 817 1828 Nimis
876 1788 1012 1828 vera
1042 1773 1155 1828 fuit
1186 1774 1503 1845 praedictio,
1543 1790 1679 1830 nam
1713 1778 2031 1847 antequam

2124 548 2181 601 di
2205 547 2445 601 Vercelli
2467 547 2857 615 intercssanti,
2876 545 3043 616 eppoi
3064 561 3178 598 una
3198 542 3441 613 picciola
3460 540 3773 595 collezione

2125 638 2212 691 de’
2244 636 2450 691 canoni
2483 652 2587 691 con
2622 642 2828 707 questo
2878 635 3101 706 precise
3146 631 3331 697 titolo,
3365 632 3470 685 che
3500 631 3555 684 io
3587 628 3773 700 copiai

2125 727 2197 781 ad
2229 727 2466 780 verbum
2493 741 2505 779 :
2540 727 2799 795 Capitula
2836 740 3107 779 canonum
3148 726 3465 777 exertorum
3491 720 3555 775 de
3585 719 3771 773 diver-

2124 817 2201 870 sis
2244 815 2509 879 conciliis,
2564 814 2953 879 decretalibus,
3015 814 3255 881 statutis,
3306 813 3466 880 atque
3520 810 3773 879 epistolis

2126 905 2547 972 congruentium
2576 902 2645 957 ad
2692 905 2907 973 forense
2942 902 3227 974 Judicium
3287 904 3525 971 tempore
3564 897 3781 952 Domini

2129 994 2311 1049 Attoni
2339 994 2577 1063 episcopi
2652 1032 2665 1044 .
2747 1030 2760 1044 .
2841 1031 2854 1045 .
2932 990 3207 1059 llsignor
3252 988 3530 1043 canonico
3561 985 3781 1057 Fileppi

2131 1083 2210 1137 mi
2236 1082 2347 1145 die,
2374 1081 2480 1135 che
2529 1079 2725 1135 voleva
2746 1080 2866 1135 fare
2893 1096 3010 1133 una
3029 1078 3288 1133 edizione
3336 1076 3485 1131 delle
3510 1075 3693 1147 Opere
3724 1075 3783 1130 di

2133 1175 2361 1239 Attene,
2397 1186 2511 1233 ma,
2546 1185 2608 1223 se
2637 1168 2803 1223 tarda
2838 1168 2937 1239 piu
2968 1184 3001 1222 a
3058 1167 3339 1237 ricopiare
3396 1166 3411 1219 i
3458 1165 3664 1228 codici,
3698 1180 3786 1219 es-

2135 1260 2314 1314 sendo
2344 1257 2566 1322 vecbio,
2627 1258 2682 1312 io
2733 1262 2907 1323 temo,
2952 1256 3058 1311 che
3108 1258 3302 1311 murra
3355 1255 3544 1325 prima
3568 1254 3625 1307 di
3654 1268 3787 1307 aver

2134 1348 2278 1403 fatto
2304 1346 2462 1402 nulla
2489 1347 2620 1417 (10).
2649 1346 3048 1401 Converrebbe
3071 1360 3207 1415 pero
3254 1342 3597 1398 sollecitarlo
3621 1359 3653 1396 a
3683 1342 3784 1396 be-

2137 1437 2344 1493 netlcio
2369 1436 2524 1491 della
2567 1434 3252 1507 republicaletteraria,e
3302 1431 3786 1504 principalmente

2139 1544 2171 1582 a
2202 1525 2387 1598 gloria
2418 1526 2475 1580 di
2503 1523 2700 1596 quella
2729 1524 3138 1580 antichissima
3168 1522 3394 1579 Chiesa.

2140 1775 2285 1831 huic
2315 1774 2485 1847 Operi
2510 1774 2760 1847 primam
2786 1790 3028 1830 manum
3066 1775 3404 1845 apponeret,
3446 1771 3567 1826 fato
3588 1768 3785 1826 cessit.

1443 2222 1966 2316 ACHERII
2039 2222 2725 2317 PBZEFATIO.

456 2706 586 2759 Atto
616 2703 725 2759 hoc
756 2703 991 2760 nomine
1022 2704 1093 2773 Il,
1121 2704 1405 2772 Aldegarii
1433 2705 1582 2774 ﬁlius
1614 2705 1824 2777 (inquit
1852 2706 2203 2763 Ferdinand.
2258 2704 2536 2777 Ughellus
2595 2708 2651 2760 in
2713 2705 2837 2761 Ital.
2897 2706 3095 2773 Sacra)
3156 2707 3431 2778 episcopus
3458 2705 3653 2760 Vercel.
3686 2707 3794 2776 fuit

384 2806 476 2846 an.
510 2793 635 2857 945,
669 2793 1009 2848 doctissimus
1040 2792 1323 2864 theologus
1352 2796 1402 2848 et
1428 2797 1737 2855 canonista.
1770 2797 1935 2867 plura
1958 2799 2049 2851 sui
2078 2798 2294 2863 ingenii
2322 2796 2690 2866 doctrinaeque
2717 2796 3053 2850 monimenta
3082 2794 3334 2866 reliquit,
3360 2810 3479 2866 qua
3514 2796 3793 2849 continen~

383 2887 479 2935 tur
511 2881 571 2934 in
598 2885 827 2954 antiquo
856 2884 1045 2938 codice
1088 2885 1487 2954 manuscripto,
1521 2885 1583 2939 in
1622 2886 1883 2939 Vaticana
1914 2885 2260 2949 bibliotheca,
2292 2901 2355 2939 ac
2391 2885 2713 2938 Vercellensi
2741 2886 3004 2949 archivio,
3038 2906 3065 2933 »
3098 2889 3206 2938 etc.
3239 2906 3266 2931 «
3302 2883 3545 2938 Canones
3576 2900 3789 2949 rursus,
3852 2904 3857 2913 ι

383 2972 695 3042 statutaque
730 2973 928 3027 Vercel.
963 2971 1237 3037 Ecclesia,
1266 2982 1421 3027 eruta
1450 2989 1478 3027 e
1514 2975 1773 3028 conciliis
1802 2976 2153 3046 epistolzsque
2181 2974 2560 3039 decretalibus,
2593 2973 2733 3043 quod
2762 2989 2899 3043 opus
2928 2974 2988 3027 in
3018 2974 3120 3027 100
3148 2975 3333 3044 capita
3362 2980 3485 3043 apte
3514 2972 3789 3027 distinxit.

384 3058 517 3115 Item
556 3060 621 3116 de
648 3062 934 3116 Pressuris
961 3063 1343 3117 ecclesiasticis
1372 3078 1504 3133 opus
1534 3063 1591 3116 in
1625 3067 1735 3117 tres
1761 3073 1946 3134 partes
1974 3064 2231 3126 divisum,
2262 3079 2499 3133 quarum
2525 3064 2715 3133 prima
2750 3067 2831 3117 est
2861 3063 2930 3116 de
2957 3062 3206 3117 Judiciis
3236 3062 3667 3133 episcoporum,
3701 3078 3793 3116 se-

384 3149 578 3203 cunda
610 3150 681 3204 de
711 3149 1195 3205 Ordinationibus
1226 3152 1592 3218 eorumdem,
1624 3152 1795 3205 tertia
1826 3154 1895 3207 de
1927 3151 2320 3207 Facultatibus
2353 3150 2762 3205 Ecclesiarum.
2797 3151 2968 3221 Hujus
2999 3152 3332 3221 temporibus
3368 3151 3475 3218 Ugo
3504 3153 3553 3204 et
3592 3150 3791 3205 Lotha-

388 3238 511 3291 rius
540 3254 696 3309 reges
732 3239 1125 3293 Vercellensem
1156 3239 1452 3293 Ecclesium
1474 3245 1852 3306 exornarunt,
1874 3245 1980 3295 etc.

464 3326 697 3379 Attonis
728 3326 913 3395 Opera
944 3325 1031 3379 vir
1059 3326 1427 3381 clarissimus
1456 3328 1711 3385 Joannes
1740 3327 1897 3382 Bona
1927 3328 2109 3383 abbas
2138 3328 2427 3399 generalis
2458 3328 2783 3383 reformatae
2823 3328 3291 3400 congregationis
3323 3328 3379 3382 S.
3415 3326 3690 3382 Bernardi
3726 3343 3795 3383 ex

384 3430 502 3468 ms.
538 3414 735 3469 codice
766 3413 1065 3480 Vaticano,
1102 3432 1263 3470 num.
1298 3417 1457 3481 4322,
1490 3417 1663 3481 eruit,
1696 3417 1946 3471 describi
1979 3418 2203 3471 curavit
2233 3421 2425 3471 Romae
2459 3434 2552 3471 an.
2590 3418 2747 3481 1664,
2782 3422 2955 3487 atque
2976 3418 3045 3471 ad
3074 3434 3164 3471 me
3188 3417 3535 3471 transmisit.
3560 3417 3668 3472 Sed
3698 3416 3797 3469 do-

380 3501 623 3557 lendum
661 3504 1055 3575 maximopere
1085 3508 1174 3558 est
1206 3505 1360 3575 quod
1395 3504 1622 3558 lacunis
1654 3505 1833 3559 codex
1857 3505 1984 3575 ipse
2014 3504 2285 3575 pluribus
2307 3506 2363 3559 in
2389 3505 2530 3561 locis
2555 3506 2823 3569 fmdatus,
2850 3522 3057 3576 nempe
3078 3505 3137 3559 in
3162 3506 3445 3577 superiori
3474 3511 3633 3576 parte
3656 3506 3795 3572 ista,

383 3590 473 3645 vel
510 3591 705 3662 pluvia
734 3590 1008 3660 infectus,
1042 3609 1143 3647 seu
1178 3594 1331 3647 carie
1362 3610 1649 3658 corrosus,
1685 3593 1859 3647 fuerit
1890 3599 2177 3664 repertus,
2212 3599 2275 3648 ut
2304 3594 2361 3648 in
2396 3611 2748 3665 unaquaque
2780 3596 2990 3666 pagina
3021 3595 3171 3649 desit
3196 3594 3367 3649 linea.
3398 3595 3571 3666 Spem
3596 3600 3792 3649 tamen

388 3678 530 3733 mihi
549 3680 675 3734 suis
691 3680 899 3735 litteris
917 3681 1064 3735 dans
1078 3681 1519 3736 eruditissimus
1533 3682 2022 3753 abbasintegrum
2038 3682 2289 3737 habendi
2305 3684 2562 3739 codicem
2583 3683 2857 3751 asseruit,
2884 3683 3037 3754 quod
3057 3685 3179 3753 jam
3204 3684 3358 3755 apud
3381 3684 3791 3738 doctissimum

386 3766 715 3839 Ugbellum,
748 3769 807 3822 in
844 3769 1009 3823 italia
1040 3786 1205 3824 sacra
1234 3771 1390 3840 (tom.
1427 3772 1509 3839 IV,
1538 3772 1639 3827 col.
1672 3772 1705 3824 2
1735 3789 1870 3843 pag.
1906 3772 2086 3838 1060),
2120 3772 2372 3843 legeram
2406 3777 2632 3826 exstare
2664 3772 2721 3827 in
2754 3772 3042 3826 tabulario
3084 3771 3468 3827 Vercellensis
3501 3771 3792 3834 Ecclesiae,

385 3856 724 3927 rogavitque
755 3874 823 3911 ea
855 3858 925 3912 de
956 3874 1015 3912 re
1046 3858 1387 3929 episcopum
1421 3857 1839 3913 Vercellensem
1872 3865 2068 3930 ageret
2100 3876 2231 3913 cum
2265 3860 2561 3915 canonicis
2594 3866 2659 3913 ut
2689 3860 2790 3915 illa
2818 3860 3005 3932 Opera
3053 3862 3300 3916 exscribi
3343 3861 3621 3915 sinerent.
3656 3863 3721 3913 At
3746 3860 3793 3913 is

387 3944 679 4014 repulsam
716 3962 926 4017 passus
959 3946 1238 4001 est.Unde
1271 3946 1457 3999 istboc
1490 3947 1785 4017 negotium
1821 3964 1954 4002 cum
1988 3947 2341 4002 iudicassem
2374 3947 2774 4003 illustrissimo
2806 3950 3043 4003 domino
3076 3949 3343 4004 Caroccio
3366 3954 3505 4003 tunc
3528 3949 3587 4002 in
3609 3947 3795 4003 Gallia

389 4034 746 4087 serenissimi
766 4033 933 4088 ducis
954 4034 1256 4088 Sabaudia’
1273 4033 1480 4105 legato,
1500 4034 1621 4088 viro
1639 4035 1937 4105 religione,
1956 4036 2264 4106 prudentia
2280 4041 2337 4089 et
2352 4036 2678 4090 eruditione
2704 4037 3211 4106 praestantissimo,
3236 4041 3499 4089 actutum
3527 4036 3671 4100 ipse,
3694 4034 3793 4105 qui

390 4138 500 4178 sua
523 4138 631 4187 me,
657 4124 798 4177 dum
820 4123 878 4176 in
900 4122 1047 4177 vivis
1068 4127 1241 4189 esset,
1270 4123 1542 4177 familiari
1570 4124 1928 4195 dignabatur
1959 4124 2236 4191 amicitia,
2271 4140 2504 4178 omnem
2537 4140 2737 4178 curam
2769 4129 2827 4177 et
2855 4123 3205 4178 lndustriam
3232 4121 3520 4188 adhibuit,
3545 4126 3669 4175 tum
3693 4136 3795 4193 per

388 4212 676 4284 seipsum,
710 4217 833 4267 tum
869 4228 973 4283 per
1000 4212 1219 4267 amicos
1250 4212 1527 4267 Vercellis
1556 4218 1796 4283 agentes
1829 4215 2145 4269 obtinendo
2178 4214 2420 4283 hujusce
2445 4213 2804 4268 monumenti
2829 4213 3181 4285 apographo,
3207 4223 3301 4267 aut
3330 4210 3532 4267 saltem
3556 4209 3793 4282 opplen-

384 4301 479 4356 dis
511 4302 760 4356 Romani
791 4300 1009 4356 codicis
1039 4300 1285 4355 lacunis.
1320 4301 1462 4355 Mira
1495 4302 1683 4372 primo
1706 4302 1949 4373 polliciti
1975 4308 2114 4357 sunt
2135 4302 2397 4357 canonici
2425 4320 2437 4369 ;
2462 4304 2558 4357 sed
2585 4308 2716 4374 post
2736 4302 3011 4374 epistolas
3033 4303 3184 4357 ultro
3206 4303 3466 4373 citroque
3487 4300 3673 4370 datas,
3698 4300 3792 4355 de-

389 4404 554 4444 mum
580 4390 839 4444 fatentur
857 4390 1133 4460 (ingenue
1154 4407 1227 4445 an
1252 4389 1688 4459 ﬁcte,judicent
1711 4391 1832 4462 alii)
1855 4391 1913 4445 in
1946 4408 2054 4446 sua
2086 4392 2341 4447 Ecclesia
2364 4408 2492 4447 esse
2526 4393 2819 4447 neminem
2853 4392 2931 4447 rei
2966 4391 3305 4463 antiquariis
3356 4391 3627 4462 peritum.
3660 4388 3785 4443 Non

395 4478 491 4534 hic
516 4479 677 4534 stetit
702 4476 1089 4533 illustrimissi
1113 4478 1367 4534 Caroccii
1390 4479 1695 4551 diligentia
1716 4484 1773 4534 et
1816 4480 2166 4551 benignitas.
2201 4482 2343 4535 Nam
2377 4497 2509 4536 cum
2543 4482 2831 4553 legatione
2863 4480 3109 4536 feliciter
3154 4484 3386 4552 peracta
3430 4478 3699 4533 rediisset
3730 4476 3788 4530 in

398 4567 778 4634 Sabaudiam,
808 4569 988 4622 instat
1008 4567 1243 4637 iterum,
1267 4569 1641 4639 exposcitque
1664 4570 1735 4623 ab
1762 4567 1878 4623 illis
1900 4569 2198 4624 canonicis
2218 4571 2538 4625 Taurinum
2563 4572 2632 4625 ad
2658 4588 2719 4626 se
2741 4570 3169 4643 autographum
3194 4568 3615 4635 transmittant,
3640 4566 3793 4620 bona

394 4657 511 4712 ﬁde
538 4657 695 4712 istud
729 4672 792 4711 se
823 4657 1255 4721 restituturum,
1292 4662 1603 4728 postquam
1635 4658 1759 4711 suis
1790 4658 2056 4727 expensis
2097 4659 2342 4713 exscribi
2374 4664 2654 4714 curasset.

458 4746 677 4817 Ecquid
709 4762 940 4817 agerem
965 4746 1125 4801 omni
1149 4762 1250 4817 spe
1274 4746 1498 4815 abjecta
1519 4748 1746 4817 integra
1768 4752 1930 4801 tanto
1960 4747 2217 4819 potiendi
2250 4747 2571 4804 thesauro?
2610 4749 2849 4803 Ederem
2874 4748 3060 4819 Opera
3080 4748 3336 4803 hiatibus
3368 4761 3606 4801 sensum
3640 4758 3791 4815 sepe

388 4835 960 4906 interrumpentibus
998 4834 1366 4904 labefactata,
1401 4854 1472 4891 an
1524 4836 1654 4891 aliis
1682 4837 1923 4891 edendis
1954 4854 2187 4908 operam
2222 4839 2416 4893 darem
2442 4854 2631 4891 meam
2653 4837 2680 4891 ?
2699 4838 2881 4893 Anxio
2905 4838 3045 4892 mihi
3071 4839 3285 4892 adsunt
3305 4834 3632 4890 eruditione
3654 4848 3793 4903 prae—

387 4929 613 4981 stantes
635 4924 1045 4991 amici;aiunt
1090 4925 1149 4979 in
1205 4924 1395 4980 lucem
1440 4927 1697 4997 proferre
1727 4927 1903 4981 rebus
1955 4926 2365 4983 ecclesiasticis
2415 4926 2686 4999 praeclara
2742 4926 3043 4993 cpuscula,
3090 4926 3197 4981 etsi
3249 4922 3548 4980 nonnullis
3580 4922 3791 4977 fmdata

389 5013 641 5081 lacunis,
667 5027 843 5083 quam
875 5012 1133 5067 tenebris
1158 5013 1402 5068 forsitan
1426 5014 1722 5084 perpetuis
1745 5015 1935 5069 sinere
1958 5014 2169 5070 involvi
2197 5040 2210 5083 ;
2242 5022 2344 5071 aut
2374 5033 2444 5071 ne
2473 5016 2741 5071 incendio
2770 5022 3027 5087 pereant,
3061 5032 3235 5086 quam
3260 5019 3473 5069 sortem
3500 5009 3791 5081 plerisque

386 5101 447 5156 in
480 5102 619 5157 locis
654 5102 992 5157 sustinuere
1021 5101 1206 5157 multa
1234 5104 1543 5157 anterioris
1597 5104 1697 5157 aevi
1757 5110 2155 5161 monumenta.
2216 5106 2516 5161 Postremo
2576 5107 2915 5174 adjecerunt
2962 5122 3153 5159 rerum
3205 5104 3580 5173 antiquarum
3614 5100 3788 5153 etiam

388 5190 718 5263 fragmenta
756 5191 816 5245 in
848 5190 1031 5261 pretio
1062 5189 1282 5246 haberi.
1322 5193 1520 5262 Itaque
1556 5191 1715 5247 hisce
1747 5193 2073 5248 rationibus
2103 5195 2412 5261 adductus,
2445 5194 2545 5250 illa
2574 5196 2729 5267 typis
2775 5195 3039 5249 mandari
3072 5194 3289 5248 curavi.

462 5284 528 5333 Et
544 5278 1027 5351 quandoquidem
1055 5282 1185 5332 Atto
1210 5279 1265 5332 in
1293 5281 1469 5336 rebus
1490 5279 1701 5335 divinis
1724 5285 1779 5335 et
1800 5281 2117 5338 ecclesiast.
2142 5285 2579 5340 versatissimus
2604 5301 2742 5339 suas
2763 5283 3199 5339 lucubrationes
3239 5274 3593 5333 testimoniis
3623 5276 3789 5347 quasi

390 5369 728 5440 margaritis
750 5385 781 5424 e
804 5368 865 5423 S.
893 5369 1103 5440 Script.
1128 5383 1158 5422 e
1179 5383 1340 5422 conc.
1364 5377 1420 5424 et
1440 5370 1589 5425 Eccl.
1615 5370 1881 5425 Patribus
1902 5372 2230 5444 desumptis
2253 5374 2572 5438 adornavit,
2596 5374 2871 5445 haudque
2893 5374 3015 5428 loca
3037 5368 3384 5441 indigitavit,
3413 5366 3788 5439 potissimum

389 5458 451 5513 in
482 5458 833 5513 Collectione
862 5474 1177 5526 canonum,
1211 5473 1385 5528 quam
1418 5460 1745 5530 (lapitulare
1777 5460 2207 5532 inscripsimus,
2243 5480 2350 5518 nos
2377 5463 2531 5517 baud
2563 5464 2742 5517 levem
2777 5461 3175 5533 impendimus
3220 5474 3454 5529 operam
3486 5456 3629 5512 locis
3659 5474 3785 5528 qua

388 5548 699 5621 designata
728 5564 843 5603 non
876 5554 1041 5603 erant
1070 5546 1322 5619 margini
1354 5551 1735 5622 apponendis,
1767 5566 1952 5621 eoque
1983 5548 2177 5606 labore
2208 5551 2587 5623 quamplures
2619 5549 3021 5622 supplevimus
3052 5548 3266 5603 hiatus.

465 5637 617 5693 Sunt
640 5639 698 5694 et
726 5640 934 5709 prater
962 5652 1030 5694 ea
1058 5654 1186 5709 quas
1216 5636 1588 5709 proferimus,
1620 5645 1686 5696 ut
1716 5639 1889 5711 scias,
1921 5639 2119 5709 lector,
2151 5640 2376 5696 Attonis
2409 5638 2694 5711 cpuscula
2722 5652 2855 5693 cum
2886 5636 2945 5691 in
2984 5635 3354 5708 Vercellensi,
3386 5641 3511 5694 tum
3543 5636 3601 5693 in
3636 5634 3784 5693 Vati-
