4116 6184
304 352 380 414 27
1298 407 1300 412 .
1326 354 1664 418 ATTONIS
1707 353 2293 418 VERCELLENSIS
2339 355 2696 419 EPlSCOPl
3634 355 3713 420 28

305 502 450 544 cano
480 486 676 544 codice
701 503 713 541 :
746 484 1014 544 videlicet
1045 503 1345 543 sermones
1376 489 1441 542 17
1471 487 1543 542 ad
1575 487 1858 560 populum
1883 505 1896 554 ;
1929 491 1986 544 et
2016 486 2419 560 Polytbycum,
2453 488 2598 559 quod
2628 488 3094 561 Perpendiculum
3123 489 3387 561 appellat,
3410 504 3515 564 quo
3536 489 3715 546 noxia

303 578 639 647 redarguere
666 581 722 632 et
751 577 974 633 honesta
998 579 1216 633 sancire
1244 576 1553 640 docet,cum
1588 575 1846 631 scholiis.

380 667 486 723 Pro
516 669 756 723 codicem
789 668 1109 723 Vaticanum
1140 665 1446 721 transcribi
1472 673 1750 720 curarunt
1781 662 2117 718 bibliotheca:
2161 663 2426 728 custodes,
2478 680 2548 720 ne
2600 672 2744 720 totus
2795 668 3039 738 periret:
3098 667 3338 723 continet
3388 669 3568 738 primo
3594 684 3710 722 ser-

303 773 509 822 mones,
533 759 632 830 qui
659 759 759 813 vix
783 758 893 827 legi
916 765 1162 829 possunt,
1200 763 1254 809 et
1285 755 1412 810 ideo
1441 771 1551 810 non
1577 758 1707 810 sunt
1737 753 2077 824 transcripti,
2111 756 2220 808 etc.
2256 753 2343 808 lta
2371 752 2598 810 clariss.
2628 755 2885 812 Joannes
2912 756 3071 812 Bona
3087 755 3147 811 in
3171 754 3419 827 epistola
3439 755 3582 810 mihi
3606 772 3701 812 an.

309 846 446 900 1664
478 845 713 917 scripta.

381 935 446 989 In
479 935 708 990 Attonis
729 931 1042 1004 Capilulari
1069 931 1586 986 animadvertenda
1609 934 1786 986 sunt:
1815 932 1869 984 1ο
1891 929 2008 984 haec
2037 930 2212 984 verba
2240 929 2373 998 ﬁdes
2419 930 2686 986 catholica
2732 931 2969 1001 signant
3001 933 3343 1004 Symbolum
3381 933 3707 1001 Athanasii,

307 1038 436 1092 quas
460 1022 517 1077 in
550 1040 615 1078 eo
639 1039 810 1078 sensu
838 1021 926 1075 bis
954 1021 1024 1075 ab
1049 1026 1284 1076 auctore
1310 1026 1672 1090 usurpentur
1693 1036 1817 1086 cap.
1843 1020 1894 1085 4,
1919 1023 2055 1084 etc.,
2077 1023 2132 1072 et
2157 1035 2190 1072 a
2218 1019 2490 1074 Ratherio
2514 1019 2850 1087 Veronensi,
2876 1021 2962 1075 vel
2997 1027 3061 1076 ut
3085 1022 3214 1077 aliis
3232 1022 3420 1094 placet
3438 1021 3708 1078 Udalrico

310 1128 614 1184 perperam
647 1117 866 1174 tamen,
897 1111 954 1164 in
1005 1110 1284 1181 synodica
1315 1111 1385 1164 ad
1447 1109 1850 1180 presbyteros:
1909 1112 2230 1163 Sermonem
2258 1111 2319 1162 ut
2367 1110 2618 1178 superius
2675 1110 2824 1173 dixi,
2881 1111 3180 1166 Athanasii
3228 1113 3472 1183 episcopi
3505 1112 3573 1166 de
3602 1110 3707 1181 ﬁde

315 1203 615 1266 Trinitatis,
648 1202 804 1269 cujus
835 1201 1062 1253 initium
1093 1207 1191 1253 est.
1229 1199 1547 1268 Quicunque
1577 1198 1712 1260 vult,
1744 1203 1850 1252 etc.
1885 1195 2148 1251 Riculfus
2181 1213 2414 1268 quoque
2445 1198 2644 1252 eadem
2701 1215 2879 1269 prope
2929 1198 3102 1253 habet
3148 1199 3205 1252 in
3251 1217 3376 1272 cap.
3408 1202 3443 1255 5
3473 1199 3701 1256 Consti-

308 1293 418 1344 tut.
457 1306 468 1343 :
510 1291 573 1345 Ut
610 1290 984 1358 unusquisque
1014 1297 1258 1342 vestrum
1285 1273 1555 1357 psalmos,
1589 1289 1638 1340 et
1667 1303 1972 1342 sermonem
2000 1286 2131 1355 ﬁdei
2149 1285 2453 1354 catholicae,
2484 1288 2636 1355 cuius
2667 1289 2896 1342 initium
2919 1305 2937 1341 :
2971 1289 3314 1360 Quicunque,
3347 1294 3456 1344 etc.

380 1381 440 1432 2°
467 1376 632 1432 Circa
663 1376 939 1432 saeculum
964 1394 1017 1430 ix
1041 1383 1360 1431 conventus
1383 1393 1483 1431 seu
1509 1374 1848 1430 collationes
1871 1376 2338 1448 presbyterorum
2369 1380 2702 1430 memoratas
2736 1376 2795 1430 in
2843 1393 2971 1448 cap.
3019 1377 3089 1430 29
3109 1376 3388 1432 institutas
3422 1376 3598 1432 fuisse
3627 1377 3711 1431 vi-

307 1467 526 1522 dentur
545 1483 613 1521 ex
645 1482 769 1536 cap.
799 1467 864 1520 10
885 1465 1088 1520 Riculli
1121 1470 1318 1520 Suess.
1352 1482 1365 1520 :
1394 1488 1414 1513 α
1445 1465 1672 1520 Rationi
1701 1481 1934 1536 quoque
1955 1465 2286 1536 proximum
2309 1481 2437 1520 esse
2460 1465 2779 1531 sanximus,
2804 1470 2868 1520 ut
2888 1466 2946 1520 in
2971 1483 3322 1538 unoquoque
3344 1480 3564 1521 mense.
3588 1470 3710 1520 stu-

309 1558 434 1610 tuta
457 1555 569 1619 die,
600 1554 655 1608 id
681 1559 769 1609 est
794 1554 851 1608 in
876 1553 1152 1610 Kalendis
1179 1553 1644 1624 uniuscuiusque
1669 1553 1908 1622 mensis,
1933 1569 2037 1625 per
2058 1553 2322 1626 singulas
2344 1554 2617 1609 decanias
2643 1555 2961 1627 presbyteri
2995 1555 3174 1610 simul
3195 1553 3560 1619 conveniant,
3597 1570 3710 1609 non

310 1643 495 1716 pastis
519 1642 606 1698 vel
631 1643 1032 1716 potationibus
1061 1647 1288 1708 vacent,
1316 1644 1414 1698 sed
1441 1643 1511 1697 de
1534 1659 1639 1697 suo
1672 1642 2019 1712 ministerio,
2051 1651 2110 1699 et
2141 1642 2412 1713 religiosa
2442 1644 2896 1712 conversatione,
2929 1648 3104 1715 atque
3147 1645 3218 1700 de
3254 1643 3348 1699 his
3379 1661 3506 1716 quea
3536 1643 3594 1698 in
3617 1659 3713 1699 eo-

311 1749 440 1787 rum
471 1732 749 1802 parochia
770 1732 1042 1788 accidunt
1061 1748 1393 1787 sermonem
1416 1731 1688 1796 habeant,
1712 1736 1767 1786 et
1799 1731 2052 1803 qualiter
2080 1749 2182 1804 pro
2209 1747 2357 1803 rege,
2381 1731 2468 1787 vel
2495 1733 2815 1788 rectoribus
2836 1732 3130 1798 Ecclesia,
3152 1737 3328 1803 atque
3349 1749 3452 1804 pro
3477 1732 3600 1787 suis
3624 1733 3709 1788 fa-

313 1820 644 1876 miliaribus
666 1825 784 1876 tam
812 1821 957 1877 vivis
985 1838 1160 1892 quam
1187 1821 1477 1876 defunctis
1499 1837 1664 1876 orare
1686 1821 1954 1888 debeant,
1980 1821 2370 1876 considerent.
2399 1843 2426 1870 »
2448 1821 2572 1876 Huc
2595 1820 2983 1892 facitcapitul.
3009 1843 3035 1871 »
3063 1820 3438 1877 iSHincmari
3461 1821 3531 1875 ad
3551 1837 3711 1893 pree-

310 1909 542 1980 byteros
564 1910 684 1980 (sub
709 1913 806 1980 ﬁn.
832 1918 963 1965 tom.
990 1913 1014 1965 I
1039 1911 1197 1981 Opp.)
1224 1928 1235 1964 :
1265 1933 1284 1960 α
1315 1910 1386 1966 Ut
1418 1911 1652 1980 quando
1677 1909 1995 1982 presbyteri
2023 1926 2123 1981 per
2144 1909 2434 1964 Kalendas
2484 1909 2660 1964 simul
2703 1909 3093 1980 convenerint,
3143 1913 3273 1981 post
3295 1912 3592 1982 peractum
3624 1907 3711 1964 di-

312 1997 512 2053 vinum
541 1997 950 2065 ministerium,
985 2003 1040 2054 et
1070 1998 1463 2054 necessarium
1497 1997 1888 2069 collationem,
1923 2015 2038 2052 non
2071 1998 2238 2070 quasi
2271 1999 2342 2054 ad
2378 1998 2688 2070 prandium
2720 1998 2800 2054 ibi
2831 2000 2903 2054 ad
2928 1998 3190 2054 tabulam
3212 1998 3525 2064 resideant,
3550 2020 3577 2048 ι›
3600 2002 3710 2056 etc.

381 2087 440 2139 3°
460 2086 646 2158 Caput
667 2088 736 2141 90
758 2087 1052 2142 elucidare
1074 2093 1262 2158 potest
1287 2088 1441 2142 Beda
1461 2088 1518 2141 in
1547 2088 1765 2158 praefat.
1791 2088 1861 2142 de
1886 2088 2176 2143 Remediis
2201 2092 2592 2159 peccatorum,
2618 2089 2737 2144 sive
2773 2087 3192 2160 pcenitentialis
3215 2105 3226 2143 :
3273 2110 3302 2138 ‹‹
3337 2085 3591 2143 Solerter
3621 2087 3716 2143 ad-

311 2177 614 2228 monentes
641 2175 877 2228 doctum
903 2190 1196 2246 quemque
1225 2175 1584 2230 sacerdotem
1610 2175 1845 2240 Christi,
1869 2180 1933 2230 ut
1956 2176 2015 2230 in
2042 2177 2331 2232 universis
2363 2193 2488 2248 qua
2521 2177 2616 2232 hic
2647 2179 2923 2234 adnotata
2953 2177 3184 2250 reperit,
3211 2193 3438 2241 sexum,
3462 2181 3710 2247 aetatem,

311 2262 733 2328 conditionem,
767 2267 1010 2328 statum,
1049 2279 1359 2334 personam
1393 2265 1682 2335 cujusque
1712 2264 2114 2334 paenitentiam
2148 2280 2315 2337 agere
2344 2263 2606 2330 volentis,
2642 2265 2837 2336 ipsum
2868 2281 3102 2336 quoque
3134 2282 3232 2320 cor
3261 2264 3600 2337 pcenitentis
3621 2281 3717 2319 cu-

314 2350 465 2406 riose
487 2350 800 2420 discernat,
825 2357 881 2405 et
910 2353 1231 2406 secundum
1260 2357 1323 2405 ut
1345 2352 1455 2406 sibi
1479 2355 1667 2407 visum
1695 2353 1884 2421 fuerit,
1910 2353 2642 2426 singulaquequejudicet.
2665 2353 3027 2418 Quibusdam
3048 2371 3303 2425 namque
3321 2371 3354 2408 a
3373 2353 3520 2409 cibis
3537 2353 3713 2408 absti-

310 2439 522 2506 nendo,
548 2437 845 2493 nonnullis
869 2442 1082 2510 saepius
1106 2456 1297 2510 genua
1320 2440 1623 2506 ﬂectendo,
1649 2442 1766 2496 sive
1789 2441 1846 2496 in
1870 2458 2039 2496 cruce
2061 2443 2292 2506 stando,
2318 2448 2418 2497 aut
2441 2441 2599 2496 aliud
2625 2441 2845 2513 aliquid
2869 2442 3207 2512 hujusmodi
3232 2443 3385 2514 quod
3413 2442 3482 2496 ad
3509 2458 3717 2514 purga-

310 2527 529 2582 tionem
549 2532 916 2598 peccatorum
940 2528 1286 2600 pertineant,
1304 2529 1582 2584 faciendo.
1603 2551 1630 2578 »
1653 2529 1954 2602 lpsissima
1977 2531 2371 2602 repetitverba
2386 2532 2663 2586 Heriveus
2678 2531 2991 2587 Rhemens.
3009 2531 3065 2586 in
3081 2530 3324 2604 epistola
3336 2531 3405 2585 ad
3420 2530 3714 2585 Witonem

314 2616 685 2688 Rothomag.,
721 2633 848 2688 cap.
879 2618 968 2672 23.
1004 2617 1134 2672 Haec
1163 2618 1468 2683 Acherius,
1502 2619 1716 2689 quibus
1746 2619 1854 2674 hoc
1888 2637 2072 2675 unum
2101 2621 2407 2690 addemus,
2452 2621 2606 2675 haud
2650 2637 2868 2692 paucas
2917 2620 3160 2676 lacunas
3210 2638 3244 2675 a
3292 2620 3460 2675 nobis
3491 2635 3717 2691 repara-

313 2710 401 2761 tas
423 2721 550 2760 esse
572 2703 630 2760 in
655 2705 801 2760 libro
829 2707 898 2762 de
923 2711 1128 2762 Pressu
1141 2707 1218 2761 ris
1242 2707 1669 2770 ecclesiasticis,
1692 2725 1799 2780 ope
1820 2725 1930 2763 ms.
1956 2709 2267 2779 cujusdam
2308 2709 2526 2766 codicis
2571 2710 2914 2766 monasterii
2938 2709 3342 2780 Resbacensis,
3375 2725 3550 2780 quem
3581 2723 3714 2764 cum

312 2794 666 2852 consulissot
695 2795 832 2852 olim
868 2800 933 2852 R.
967 2796 1029 2854 P.
1063 2797 1128 2852 D.
1163 2798 1330 2852 Edm.
1365 2798 1645 2865 Martene,
1679 2815 2042 2871 quaecunque
2092 2816 2162 2856 ex
2191 2799 2288 2855 illo
2319 2805 2700 2872 exserpserat,
2744 2799 3049 2856 nobiscum
3097 2798 3527 2856 humanissime
3557 2812 3714 2854 com-

310 2899 408 2939 mu
419 2883 648 2940 nicavit.

317 3101 3714 3134 Ἢ

1531 3323 2501 3428 Δττοιπιε

1577 3547 2107 3607 VERCELLENSIS
2148 3547 2468 3605 EPISCOPI

1335 3740 2753 3896 CAPITULABE.

317 4159 451 4212 CAP.
485 4155 527 4212 Ι.
564 4187 628 4198 -
656 4154 964 4212 Admonitio
1011 4156 1286 4281 pontiﬁcis
1327 4155 1406 4210 ad
1459 4155 1816 4225 presbyteros,
1848 4169 1978 4225 qua-
2004 4153 2059 4220 Α
2089 4151 2268 4224 uisse,
2291 4151 2427 4222 quia
2449 4167 2554 4206 nos
2577 4149 2792 4222 quibus
2823 4149 3208 4223 regendarum
3245 4149 3579 4205 animarum
3601 4163 3737 4203 cura

747 4229 880 4281 liter
907 4244 1045 4281 eraa
1091 4243 1153 4280 su
1192 4227 1330 4281 ditas
1359 4234 1547 4281 aaant.
2087 4241 2399 4281 nnmminnn
2423 4245 2512 4281 aut.
2551 4239 2868 4281 nrnhianni
2887 4243 3080 4281 nnnh'n
3097 4237 3448 4281 naclionntia
3466 4240 3709 4281 nprnnnt

747 4229 880 4283 liter
907 4244 1045 4297 erga
1091 4229 1330 4282 subditos
1359 4234 1547 4295 agant.

392 4332 721 4399 (Theodulfi
737 4336 914 4404 caput
929 4333 953 4386 1
966 4331 1622 4402 Capitularis.)0bsecro
1633 4347 1753 4395 vos,
1771 4330 1977 4384 fratres

325 4420 716 4490 dilectissimi,
749 4425 816 4476 ut
871 4436 1010 4491 erga
1067 4420 1435 4475 subditarum
1496 4418 1750 4490 plebium
1795 4419 1979 4490 profe-

323 4515 481 4564 ctum
505 4513 561 4564 et
581 4509 1050 4564 emendationem
1073 4507 1526 4580 vigilantissima
1546 4525 1686 4563 cura
1705 4506 1977 4562 laboretis

323 4604 614 4669 quatenus
634 4597 750 4652 illis
771 4597 923 4651 viam
943 4596 1152 4651 salutis
1171 4597 1566 4666 ostendentes,
1585 4603 1642 4650 et
1663 4613 1761 4651 eos
1787 4597 1976 4650 verbis

323 4693 380 4742 et
410 4685 694 4757 exemplis
726 4687 1106 4749 instruentes,
1142 4691 1196 4739 et
1229 4703 1328 4741 vos
1361 4686 1430 4740 de
1461 4701 1658 4739 eorum
1696 4685 1972 4756 profectu,

323 4779 381 4829 et
413 4791 518 4829 nos
559 4775 628 4829 de
660 4781 870 4840 vestro,
905 4773 1150 4828 Domino
1179 4775 1319 4829 Jesu
1368 4773 1596 4830 Christo
1637 4773 1974 4843 auxiliante,

323 4863 657 4918 fructuosos
675 4863 758 4918 illi
774 4861 1108 4933 manipulos
1132 4862 1778 4934 reportemus.0bsecro
1800 4862 1974 4917 etiam

322 4953 749 5008 fraternitatem
793 4956 1069 5022 vestram,
1125 4956 1190 5006 ut
1250 4951 1367 5006 haec
1425 4950 1710 5022 Capitula,
1744 4967 1872 5021 qute
1903 4950 1976 5004 ad

322 5042 790 5097 emendationem
816 5041 944 5094 vitae
971 5040 1472 5111 breviterdigessi,
1491 5040 1727 5095 assidue
1747 5039 1974 5110 legatis,

324 5135 380 5186 et
401 5131 697 5186 memoria:
723 5129 1166 5199 commendetis,
1190 5135 1246 5184 et
1265 5145 1489 5189 eorum.
1505 5127 1622 5184 sive
1634 5132 1978 5183 ceterarum

326 5224 663 5274 sanctarum
691 5219 1127 5290 Scripturarum
1159 5217 1403 5272 lectione
1451 5231 1644 5270 mores
1664 5231 1978 5286 compona-

321 5307 420 5376 tis,
446 5308 623 5363 vitam
650 5307 999 5370 emendetis,
1029 5311 1092 5360 ut
1112 5322 1245 5360 cum
1269 5304 1522 5360 subditis
1545 5303 1840 5375 plebibus,
1863 5302 1980 5374 opi-

324 5395 551 5452 tulante
577 5397 840 5464 Domino,
864 5397 936 5450 ad
967 5411 1145 5466 regna
1167 5393 1424 5448 ccelestia
1455 5409 1692 5464 pergere
1724 5393 1974 5446 certetis.

325 5507 457 5559 CAP.
494 5504 560 5558 ll.
600 5534 662 5545 -—
695 5505 1032 5559 Retractatio
1087 5500 1345 5571 ejusdem,
1384 5503 1454 5571 ret
1500 5499 1566 5553 de
1619 5499 1832 5554 ordinis
1859 5497 1976 5553 dis-

583 5579 827 5630 cretione
860 5570 1118 5644 bonaeque
1147 5573 1273 5627 vitae
1303 5570 1710 5625 exhortatione.

395 5663 586 5737 (lbid.)
616 5663 912 5720 Veraciter
942 5678 1115 5719 nosse
1145 5659 1396 5728 debetis,
1427 5665 1483 5714 et
1515 5676 1747 5732 semper
1778 5657 1979 5716 memi-

2087 4241 2405 4296 commissa
2423 4245 2530 4306 est,
2548 4256 2651 4311 pro
2665 4239 2757 4295 his
2770 4239 2870 4310 qui
2887 4243 3086 4295 nostra
3097 4237 3455 4311 negligentia
3466 4240 3730 4310 pereunt,

2087 4327 2369 4384 rationem
2398 4327 2683 4383 reddituri
2707 4345 2936 4383 sumus.
2961 4327 3070 4383 Pro
3091 4327 3186 4382 his
3216 4343 3352 4383 vero
3374 4343 3523 4399 quos
3543 4324 3733 4381 verbis

2086 4422 2143 4473 et
2162 4417 2442 4490 exemplis
2470 4416 2677 4472 lucrati
2703 4417 3007 4483 fuerimus,
3032 4415 3339 4488 premium
3361 4421 3584 4472 aeterna:
3604 4417 3732 4467 Vitae

2086 4505 2496 4577 percipiemus.
2531 4507 2691 4570 Quod
2714 4504 2762 4559 si
2807 4503 3059 4576 populus
3082 4503 3271 4559 ﬁdelis
3301 4504 3465 4559 cibus
3493 4507 3581 4557 est
3608 4498 3734 4570 Dei,

2085 4594 2346 4665 ejusdem
2382 4593 2494 4648 cibi
2527 4593 2966 4648 condimentum
3000 4610 3106 4648 nos
3135 4609 3362 4647 sumus.
3394 4591 3604 4646 Scitote
3632 4605 3738 4643 ve-

2086 4687 2273 4737 strum
2295 4682 2542 4754 gradum
2562 4686 2760 4736 nostro
2777 4681 2985 4752 gradui
3005 4681 3351 4745 secundum,
3367 4683 3426 4734 et
3445 4695 3590 4750 pene
3608 4694 3742 4734 cun-

2076 4772 2350 4842 junctum
2375 4786 2522 4826 esse.
2550 4770 2712 4826 Sicut
2757 4769 2914 4825 enim
2964 4769 3221 4840 episc0pi
3249 4768 3646 4840 apostolorum
3677 4768 3736 4821 in

2087 4859 2363 4925 Ecclesia,
2387 4859 2472 4914 ita
2492 4859 2772 4914 nimirum
2831 4857 3154 4930 presbyteri
3202 4863 3544 4912 ceterorum
3567 4854 3739 4912 disci-

2087 4947 2358 5021 pulorum
2383 4947 2614 5003 Domini
2635 4948 2821 5002 vicem
2845 4951 3062 5002 tenent.
3086 4947 3154 5001 Et
3169 4945 3252 5000 illi
3274 4950 3477 5002 tenent
3490 4947 3739 5017 gradum

2087 5038 2303 5092 summi
2333 5036 2625 5108 pontiﬁcis
2645 5038 2858 5099 Aaron,
2882 5035 2980 5090 isti
3011 5050 3146 5090 vero
3169 5033 3423 5090 filiorum
3447 5034 3597 5103 ejus.
3631 5031 3742 5088 Un-

2087 5127 2158 5180 de
2188 5131 2416 5198 oportet
2445 5142 2546 5180 vos
2577 5140 2807 5196 semper
2829 5138 3120 5179 memores
3141 5139 3267 5178 esse
3287 5125 3464 5176 tantae
3485 5119 3739 5192 dignita-

2086 5215 2183 5281 tis,
2219 5231 2507 5270 memores
2549 5220 2756 5268 vestrae
2803 5211 3278 5275 consecrationis,
3325 5226 3619 5266 memores
3647 5225 3742 5266 sa-

2085 5319 2196 5358 cras
2225 5319 2400 5374 quam
2433 5302 2490 5357 in
2523 5303 2798 5357 manibus
2828 5301 3175 5373 suscepistis
3208 5299 3524 5370 unctionis,
3548 5303 3614 5354 ut
3633 5312 3741 5354 nec

2088 5392 2160 5446 ab
2191 5393 2392 5447 eadem
2419 5391 2703 5462 dignitate
2723 5391 3110 5462 degeneretis,
3135 5395 3512 5449 necvestram
3536 5403 3740 5444 conse-

2089 5480 2405 5534 crationem
2438 5479 2665 5534 irritam
2701 5479 2947 5546 faciatis,
3008 5495 3113 5534 nec
3167 5495 3382 5534 manus
3410 5492 3576 5534 sacro
3607 5492 3745 5532 san-

2089 5569 2267 5641 guine
2297 5567 2590 5624 delibutas
2621 5569 2913 5641 peccando
2961 5566 3278 5640 polluatis;
3329 5567 3432 5622 sed
3464 5565 3656 5622 cordis
3689 5567 3747 5621 et.

2087 5657 2350 5731 corporis
2383 5658 2738 5719 munditiam
2767 5661 3200 5726 conservantes,
3251 5655 3524 5730 plebibus
3551 5669 3746 5713 exem-
