4134 6182
332 250 410 312 29
1773 258 1867 317 CA
1880 254 2294 318 PITULARE.
3662 246 3744 309 3O

334 384 497 457 plum
526 384 673 442 bene
691 386 921 444 vivendi
955 391 1299 462 praebentes,
1349 391 1442 447 his
1473 391 1683 461 quibus
1725 388 1985 463 praeestis
2015 391 2066 457 Α
2097 387 2394 443 beatitudo
2419 386 2760 459 acquiritur.
2782 383 3230 441 Hisarmisvitia
3248 383 3743 457 comprimuntur‘

334 475 609 531 ducatum
641 478 711 532 ad
744 479 998 535 coelestia
1030 498 1204 552 regna
1234 481 1556 553 praebeatis.

332 583 462 639 CAP.
501 586 597 641 III.
622 617 691 626 —
714 588 789 643 De
812 590 1122 658 ignorantia
1163 591 1452 715 zvitunda,
1496 595 1546 645 et
1585 590 1837 646 doctrina
1870 605 1977 645 ser-

1054 678 1156 715 van
1199 680 1251 715 a.

1054 678 1251 716 vanaa.

406 746 635 816 (Concil.
672 747 832 802 Tolet.
870 766 942 811 ιν,
977 767 1025 803 c.
1059 751 1148 819 24)
1198 751 1535 821 Ignorantia
1578 756 1765 805 mater
1796 767 1973 805 cunc-

336 836 531 889 torum
564 853 818 897 errorum
855 838 1100 892 Maxime
1148 841 1547 895 sacerdotibus
1598 840 1695 894 Dei
1744 840 1978 894 vitanda

337 929 448 989 est,
477 926 573 994 qui
609 925 846 978 docendi
879 927 1137 981 ofﬁcium
1172 928 1229 981 in
1284 928 1515 999 populis
1570 933 1975 998 susceperunt.

339 1011 677 1067 Sacerdotes
690 1015 843 1068 enim
863 1014 1049 1081 legere
1064 1022 1299 1071 sanctas
1313 1018 1635 1088 Scripturas
1655 1020 1983 1087 frequenter

338 1101 613 1154 admonet
642 1104 977 1171 Apostolus,
1004 1104 1200 1157 dicens
1226 1106 1292 1158 ad
1322 1106 1691 1159 Timotheum
1720 1106 1984 1159 :Attcnde

338 1189 575 1255 lectioni,
607 1190 982 1246 exhortationi
999 1193 1347 1249 etdoctrinae.
1376 1194 1593 1264 Semper
1609 1211 1875 1264 permane
1893 1194 1978 1247 his

336 1280 383 1349 (1
420 1279 551 1333 Tim.
590 1296 661 1345 1v,
695 1280 801 1351 13).
832 1281 1027 1336 Sciant
1055 1281 1234 1353 igitur
1284 1283 1615 1337 sacerdotes
1647 1282 1981 1353 Scripturas

333 1372 390 1422 et
422 1384 695 1436 canones,
730 1374 785 1423 et
818 1386 987 1425 omne
1019 1387 1165 1441 opus
1196 1388 1395 1425 eorum
1430 1372 1488 1425 in
1521 1370 1895 1443 praedictione
1928 1375 1984 1426 et

333 1456 602 1511 doctrina
616 1458 1095 1531 consistat,atque
1119 1461 1405 1516 aedificent
1426 1466 1666 1516 cunctos
1691 1466 1806 1515 tam
1828 1460 1985 1527 ﬁdei,

338 1544 584 1600 scientia
613 1563 789 1617 quam
824 1564 1067 1618 operum
1101 1550 1428 1622 disciplina.

336 1651 474 1707 CAP.
511 1652 602 1707 IV.
639 1684 707 1694 —-
736 1656 797 1711 Ut
853 1672 1063 1783 omnest
1088 1657 1263 1782 ﬂdcmt
1287 1658 1614 1713 catholicam
1671 1658 1985 1713 memoriter

1067 1745 1241 1783 enean
1272 1772 1284 1783 .

1067 1745 1199 1783 enea
1206 1745 1263 1783 nt
1272 1772 1284 1784 .

417 1812 608 1868 Primo
626 1814 890 1869 omnium
906 1815 1076 1870 {idem
1098 1817 1443 1873 catholicam
1468 1818 1578 1889 (17)
1601 1834 1804 1874 omnes
1829 1834 1989 1889 pres-

344 1901 526 1973 byteri
550 1906 605 1956 et
626 1902 983 1969 diaconi,seu
1008 1906 1347 1961 subdiaconi
1376 1908 1711 1963 memoriter
1731 1911 1986 1963 teneant.

349 1989 423 2045 Ut
451 1990 499 2044 si
532 1992 663 2067 quis
696 1991 803 2047 hoc
822 1994 1150 2049 faciendum
1171 1996 1991 2068 przetermittat,quadraginta

349 2079 555 2135 diebus
586 2098 619 2135 a
648 2080 779 2136 vino
812 2100 874 2137 se
905 2083 1216 2139 abstineat.
1250 2086 1318 2139 Et
1348 2085 1397 2139 si
1430 2086 1989 2153 postabstinentiam

350 2168 685 2241 neglexerit,
719 2172 1230 2228 condemnandum
1292 2174 1600 2245 dupliciter
1647 2176 1706 2229 in
1759 2192 1823 2230 eo
1853 2192 1986 2230 sen-

349 2260 549 2314 tentia.

341 2365 476 2421 CAP.
504 2365 569 2420 V.
605 2397 674 2407 -—-
706 2372 784 2423 De
812 2369 1143 2442 negligentia
1196 2371 1452 2439 cavenda,
1515 2372 1727 2437 iustitia
1774 2372 1981 2442 ample-

744 2442 958 2506 ctenda,
993 2445 1043 2495 et
1082 2450 1193 2495 vita
1222 2442 1584 2496 emendanda.

414 2525 596 2582 Nemo
626 2525 968 2583 clericorum
1004 2529 1151 2583 ultra
1182 2531 1303 2585 haec
1336 2548 1464 2602 qua:
1505 2532 1677 2601 jussa
1706 2535 1841 2585 sunt
1874 2530 1990 2586 dis-

345 2614 601 2683 simulet,
628 2621 727 2672 aut
746 2617 1038 2673 ullatenus
1055 2618 1347 2691 negligere
1366 2622 1595 2685 audeat,
1617 2621 1717 2675 sed
1742 2620 1990 2675 libenter

345 2704 590 2776 expleat,
624 2711 679 2760 et
701 2712 1069 2762 sacramenta
1083 2709 1276 2763 divina
1292 2726 1659 2780 nequaquam
1694 2710 1987 2782 negligen-

345 2798 436 2849 ter
456 2800 793 2851 contrectet.
828 2796 961 2851 Ideo
983 2801 1101 2851 tam
1117 2798 1363 2867 juvenes
1387 2815 1561 2869 quam
1587 2815 1757 2853 senes
1778 2800 1849 2854 de
1872 2799 1985 2866 his,

347 2886 404 2937 et
432 2884 503 2937 de
535 2885 694 2937 omni
744 2886 1120 2940 conversione
1170 2904 1297 2950 sua,
1348 2904 1414 2941 ac
1466 2888 1901 2943 conversatione
1933 2893 1990 2943 et

345 2973 685 3042 pmnitentia
704 2972 869 3028 valde
886 2990 1013 3029 esse
1035 2974 1603 3046 sollicitos,satisque
1626 2980 1794 3048 agere
1817 2994 1985 3047 opor-

344 3064 447 3125 tet,
479 3066 545 3115 ut
573 3060 691 3116 hac
721 3063 1007 3133 condigne
1055 3069 1255 3135 agant,
1306 3069 1363 3118 et
1407 3065 1477 3119 de
1529 3065 1751 3136 reliquo
1785 3070 1992 3120 ornent

2088 476 2188 532 His
2221 476 2515 532 alimentis
2547 478 2788 531 virtutes
2822 476 3186 531 nutriuntur.

2088 585 2221 640 CAP.
2248 585 2367 639 VII.
2392 615 2459 624 —
2482 585 2634 653 Quod
2652 584 2900 639 sacerdos
2929 585 3149 638 missam
3202 583 3350 638 solus
3391 599 3739 654 nequaquam

2784 656 3037 711 celebret.

2160 747 2343 815 (Idem
2376 738 2681 800 Theodulf.
2717 762 2821 816 cap
2849 746 2929 816 7.)
2962 745 3241 799 Sacerdos
3276 743 3437 798 solus
3493 743 3738 799 missam

2090 852 2463 907 nequaquam
2498 834 2771 903 celebret,
2807 835 2945 904 quia
2977 834 3129 887 sicut
3160 832 3258 887 illa
3304 831 3585 887 celebrari
3618 849 3732 887 non

2090 931 2279 996 potest
2309 930 2434 979 sine
2468 923 2817 978 salutatione
2850 923 3187 987 sacerdotis,
3225 923 3602 992 responsione
3628 921 3741 993 ple-

2092 1014 2202 1077 bis,
2236 1013 2635 1067 admonitione
2668 1012 3009 1074 sacerdotis,
3045 1010 3420 1081 responsione
3446 1010 3740 1065 nihilomi-

2093 1122 2203 1157 nus
2236 1104 2456 1174 pleois;
2491 1104 2569 1155 ita
2599 1102 2876 1155 nimirum
2912 1116 3282 1171 nequaquam
3315 1101 3385 1154 ab
3421 1118 3535 1155 uno
3568 1101 3738 1156 debet

2091 1192 2389 1248 celebrari.
2428 1194 2565 1246 Esse
2597 1192 2751 1245 enim
2809 1190 3022 1244 debent
3080 1188 3177 1258 qui
3233 1190 3280 1243 ei
3326 1189 3735 1259 circumstant,

2093 1299 2239 1354 quos
2273 1282 2367 1337 ille
2400 1281 2631 1343 salutet,
2669 1298 2701 1335 a
2732 1279 2947 1345 quibus
2998 1278 3047 1331 ei
3101 1277 3538 1346 respondeatur,
3569 1284 3624 1332 et
3666 1280 3737 1334 ad

2095 1372 2438 1426 memoriam
2473 1369 2557 1424 illi
2592 1369 2986 1424 reducendum
3020 1370 3108 1421 est
3138 1365 3280 1420 illud
3330 1367 3692 1423 Dominicum
3723 1384 3736 1422 :

2097 1462 2409 1531 Ubicunque
2437 1461 2653 1529 fuerint
2707 1459 2833 1526 duo,
2894 1459 2977 1513 vel
3032 1462 3139 1512 tres
3194 1459 3509 1528 congregati
3540 1460 3599 1511 in
3641 1474 3738 1514 no-

2092 1552 2245 1605 mine
2278 1565 2411 1617 meo,
2445 1559 2496 1604 et
2521 1566 2613 1621 ego
2642 1552 2699 1605 in
2722 1551 2898 1606 medio
2954 1567 3142 1607 eorum
3188 1567 3310 1606 sum
3356 1547 3564 1623 (Matth.
3598 1563 3741 1603 xvm

2094 1640 2207 1711 20).

2020 1777 2066 1840 B
2095 1748 2228 1803 CAP.
2254 1748 2512 1840 r\_I’I_II‘.A—-
2544 1747 2692 1840 Quod
2718 1748 3195 1840 sacerdos‘missas
3227 1747 3359 1840 ,τιξδί
3401 1747 3633 1840 s-acrgtis
3662 1745 3738 1799 ab

2241 1822 2510 1890 Episwpo
2544 1820 2672 1873 locis
2702 1837 2811 1875 non
2836 1828 3134 1890 praesumat
3159 1819 3436 1873 celebrare
3466 1818 3595 1889 (18).

2170 1909 2274 1963 Hic
2303 1908 2362 1962 in
2397 1910 2657 1963 Romana
2689 1910 2908 1980 synodo
2940 1909 3321 1963 constitutum
3362 1911 3449 1961 est
3475 1905 3738 1962 omnium

2100 2014 2235 2051 cum
2268 2014 2553 2051 consensu
2589 1998 2816 2067 synodi,
2852 2003 2916 2052 ut
2948 1997 3145 2051 nullus
3179 1997 3479 2067 presbyter
3527 1993 3739 2048 missas
3828 2010 3831 2017 “

2100 2087 2215 2142 nisi
2248 2087 2490 2141 sacratis
2522 2086 2592 2140 ab
2625 2085 2894 2156 episcopo
2918 2085 3059 2140 locis
3084 2084 3374 2139 celebrare
3399 2087 3739 2154 praesumat,

2101 2177 2201 2247 qui
2232 2174 2519 2245 particeps
2549 2176 2619 2229 de
2651 2180 2855 2229 caetero
2914 2174 3005 2229 sui
3062 2173 3310 2230 voluerit
3368 2188 3497 2229 esse
3547 2185 3739 2226 sacer-

2100 2264 2263 2319 dotii.

2242 2370 2373 2427 CAP.
2404 2371 2493 2426 IX.
2544 2402 2611 2411 ——
2643 2371 2793 2439 Quod
2824 2370 3021 2425 divina
3050 2370 3314 2441 mysteria
3361 2368 3597 2423 studiose

2736 2441 3103 2498 celebrentur.

2170 2530 2497 2603 (Theodulf.
2537 2548 2662 2602 cap.
2712 2533 2791 2600 5.)
2846 2534 2903 2586 In
2954 2528 3279 2595 sacrificiis,
3342 2526 3739 2592 dilectissimi,

2099 2626 2233 2674 ante
2254 2622 2452 2675 omnia
2472 2620 2782 2692 diligenter
2802 2621 3157 2687 observetur,
3184 2624 3248 2673 ut
3270 2618 3437 2689 panis
3463 2621 3518 2671 et
3538 2616 3737 2669 vinum

2099 2714 2155 2764 et
2185 2727 2358 2781 aqua,
2407 2710 2533 2764 sine
2587 2709 2801 2780 quibus
2859 2709 3050 2762 missae
3109 2712 3406 2778 nequeunt
3436 2703 3739 2767 celebrari,

2102 2798 2491 2853 mundissime
2541 2803 2714 2869 atque
2764 2796 3197 2852 studiosissime
3254 2800 3598 2849 tractentur.
3670 2793 3741 2847 Et

2101 2888 2245 2942 nihil
2303 2887 2363 2941 in
2422 2888 2515 2941 his
2566 2886 2698 2953 vile,
2756 2886 2901 2941 nihil
2961 2904 3075 2941 non
3135 2886 3443 2957 probatum
3483 2882 3741 2938 invenia-

2100 2979 2404 3047 tur,juxta
2434 2976 2577 3030 illud
2610 2976 2762 3047 quod
2798 2975 2877 3030 ait
2908 2976 3241 3046 Scriptura:
3306 2973 3387 3029 Sit
3445 2977 3611 3029 timor
3644 2974 3745 3027 Do-

2100 3068 2244 3120 mini
2270 3066 2541 3121 vobiscum
2563 3083 2581 3119 :
2602 3082 2727 3121 cum
2746 3066 3037 3133 diligentia
3065 3067 3262 3119 cuncta
3297 3065 3467 3134 facile
3514 3064 3582 3130 (ll
3612 3064 3743 3116 Par.

344 3154 464 3204 tam
497 3149 687 3205 clerici
716 3168 891 3221 quam
916 3151 1244 3216 saeculares,
1268 3152 1495 3207 animas
1528 3170 1665 3207 suas
1689 3170 1994 3209 ornamen-
2022 3144 2065 3210 C
2102 3172 2222 3219 xxx,
2247 3156 2325 3225 7).

340 3238 419 3293 tis
442 3238 831 3310 dignissimis,
856 3239 1232 3309 dogmatibus
1251 3240 1472 3295 scilicet
1488 3242 1769 3308 veritatis,
1787 3242 1993 3298 decore

343 3326 663 3398 pudicitiae,
727 3326 1036 3397 splendore
1101 3328 1371 3399 justitiaa,
1431 3330 1681 3384 candore
1739 3330 1989 3402 pietatis,

344 3414 595 3485 aliisque
621 3414 1137 3486 omnibus,quibus
1161 3422 1453 3488 comptam
1479 3419 1643 3473 decet
1664 3436 1790 3474 esse
1814 3420 1991 3475 ratio-

347 3503 602 3558 nabilem
627 3509 902 3558 mentem.
923 3505 1070 3559 Tum
1098 3511 1372 3577 praeterea
1389 3507 1681 3563 declinare
1704 3525 1737 3563 a
1757 3526 1993 3564 consor-

346 3592 447 3647 tiis
487 3592 833 3661 inhonestis,
869 3598 926 3648 et
957 3593 1313 3664 infidelibus,
1348 3600 1404 3650 et
1424 3597 1759 3652 societatem
1782 3597 1995 3654 habere

353 3682 636 3748 fidelium,
670 3687 842 3753 atque
874 3682 1005 3738 illos
1036 3684 1754 3755 frequentarecooventus,
1778 3686 1836 3741 in
1858 3688 1984 3758 qui-

351 3772 462 3826 bus
492 3772 563 3827 de
597 3771 894 3841 pudicitia,
927 3773 997 3826 de
1019 3773 1278 3842 justitia,
1309 3774 1379 3827 de
1430 3775 1645 3845 pietate
1684 3781 1987 3831 tractatur.

351 3860 526 3915 Orare
558 3877 789 3931 semper
820 3866 999 3915 Deum
1018 3878 1085 3915 ex
1112 3866 1232 3916 toto
1252 3863 1440 3927 corde,
1466 3868 1521 3917 et
1550 3864 1621 3918 ab
1656 3864 1783 3935 ipso
1805 3869 1997 3936 petere

352 3965 479 4020 quae
510 3950 691 4017 decet,
726 3950 837 4022 ipsi
870 3950 1087 4020 gratias
1115 3967 1305 4021 agere,
1336 3956 1393 4006 et
1440 3968 1634 4006 veram
1680 3954 1994 4022 plenitudi-

351 4053 486 4092 nem
520 4039 945 4109 praeteritorum
978 4045 1298 4110 gestorum.
1322 4040 1767 4111 Aliquantulum
1792 4042 1994 4107 etiam,

350 4126 401 4181 si
433 4127 711 4198 possibile
728 4132 836 4193 est,
853 4145 956 4200 per
973 4127 1433 4184 misericordiam
1454 4146 1775 4202 pauperum
1788 4131 1812 4200 j
1824 4147 1998 4186 uvare

351 4216 781 4287 paenitentiam.

351 4324 485 4379 CAP.
546 4323 643 4378 VI.
704 4355 770 4364 —
859 4323 1063 4391 Quibus
1147 4325 1319 4377 armis
1400 4324 1680 4389 diabolus,
1739 4328 1790 4379 et
1866 4327 2003 4380 vitia

976 4398 1375 4465 expugnentur.

426 4483 758 4554 (Theodulf.
814 4500 941 4555 cap.
1000 4484 1076 4554 2).
1137 4484 1375 4554 Oportet
1426 4501 1527 4539 vos
1595 4484 1999 4539 assiduitatem

358 4572 572 4629 habere
603 4573 855 4645 legendi,
882 4578 939 4628 et
960 4573 1304 4628 instantiam
1337 4573 1562 4628 orandi.
1596 4574 1743 4637 Quia
1761 4574 1877 4629 vita
1897 4574 2005 4628 viri

349 4663 497 4733 justi
529 4663 1146 4731 lectionefinstruitur,
1180 4664 1440 4717 oratione
1470 4668 1730 4731 ornatur,
1764 4668 1819 4718 et
1859 4664 2007 4718 assi-

360 4751 880 4807 duitatelectionis
931 4752 1196 4806 munitur
1247 4751 1421 4807 homo
1470 4768 1503 4805 a
1556 4757 1807 4823 peccato.
1837 4753 2008 4821 juxta

360 4841 524 4897 illum
555 4842 656 4913 qui
688 4841 948 4896 dicebat:
984 4846 1051 4897 In
1106 4841 1266 4896 corde
1320 4856 1437 4895 meo
1494 4841 1753 4895 abscondi
1789 4842 2007 4913 eloquia

355 4936 470 5001 tua,
501 4937 561 4987 ut
591 4948 699 4987 non
729 4947 939 5002 peccem
972 4932 1073 4986 tibi
1101 4932 1270 5001 (Psal.
1307 4947 1503 4995 cxvm,
1535 4931 1643 5001 11).
1706 4930 1836 4984 Haec
1866 4936 2009 4987 sunt

357 5021 513 5076 enim
537 5037 721 5089 arma,
746 5019 1013 5075 videlicet
1033 5020 1202 5075 lectio
1225 5024 1282 5075 et
1302 5020 1506 5086 oratio,
1544 5020 1759 5091 quibus
1801 5020 2007 5075 diaba-

357 5108 452 5165 lus
468 5108 990 5182 expugnaturﬂeec
1009 5114 1147 5163 sunt
1161 5108 1552 5164 instrumenta
1564 5108 1778 5178 quibus
1793 5114 2008 5164 aeterna

430 5308 542 5380 (i7)
566 5307 753 5380 Fidem
796 5304 1150 5380 catholicam.
1183 5303 1486 5380 ‘A_cherius
1510 5305 1635 5375 jam
1670 5304 2000 5380 monuit-de

358 5374 632 5461 Symbolo
664 5376 969 5433 Athanasii
991 5376 1084 5431 hic
1103 5375 1219 5445 agi.
1240 5374 1302 5429 In
1326 5377 1439 5430 ﬁne
1461 5374 1563 5447 pro
1584 5380 1856 5432 sententia
1879 5376 2006 5449 lego

360 5454 545 5593 Mattio)
579 5522 785 5578 Concil.
817 5522 967 5593 Rom.
1000 5519 1110 5576 sub
1142 5517 1529 5593 Sylvestroin
1554 5519 1708 5591 epil.|
1744 5520 2010 5593 Refertur

398 5590 800 5661 pud’AnseIm.
835 5592 967 5649 libr.
1001 5608 1101 5662 vn,
1135 5606 1182 5646 c.
1219 5590 1321 5645 137
1351 5593 1407 5646 et
1437 5590 1539 5645 138
1568 5590 1625 5647 et
1655 5592 1809 5664 apud
1841 5592 2001 5648 Grat.

2502 3243 2635 3299 CAP.
2666 3241 2731 3297 X.
2764 3273 2833 3282 —
2862 3243 2993 3296 Item
3020 3256 3089 3296 ex
3114 3240 3337 3296 eisdem.

2173 3336 2394 3404 Corpus
2426 3332 2655 3387 Domini
2682 3330 2841 3386 nullo
2891 3330 3064 3385 modo
3107 3332 3478 3385 consecretur
3535 3327 3651 3383 nisi
3680 3342 3749 3383 ex

2103 3421 2330 3493 integra
2360 3421 2876 3491 oblatione.Neque
2899 3420 3052 3475 enim
3078 3419 3359 3473 Dominus
3373 3416 3463 3473 sui
3486 3417 3749 3489 corporis

2104 3511 2363 3583 aliquam
2405 3511 2687 3566 sustinuit
2736 3510 3208 3572 diminutionem,
3271 3508 3424 3562 sicut
3462 3507 3748 3578 scriptum

2104 3605 2232 3654 est:
2267 3600 2369 3655 Nec
2396 3600 2554 3655 dabis
2584 3602 2833 3653 sanctum
2882 3608 3042 3652 tuum
3100 3598 3287 3652 videre
3342 3598 3753 3668 corruptionem

2106 3689 2281 3761 (Psal.
2316 3706 2405 3755 xv,
2438 3689 2550 3759 21).
2586 3689 2651 3743 Et
2682 3687 2819 3743 alibi
2881 3688 2946 3743 Os
3002 3702 3111 3742 non
3167 3686 3552 3741 comminuetis
3579 3701 3649 3739 ea:
3692 3699 3753 3740 eo

2107 3780 2283 3845 (Joan.
2318 3795 2406 3837 xv,
2439 3778 2549 3843 36).
2581 3777 2769 3831 Missae
2801 3776 2977 3831 etiam
3010 3775 3121 3831 nisi
3154 3774 3431 3845 ajejunis
3479 3773 3749 3829 sacerdo-

2108 3866 2267 3920 tibus
2299 3883 2413 3921 non
2444 3865 2830 3920 celebrentur.

2198 3954 2332 4008 CAP.
2370 3955 2455 4008 XI.
2490 3985 2553 3995 —
2588 3956 2650 4010 Ut
2677 3957 2904 4023 feminae
2932 3952 3003 4006 ad
3032 3954 3208 4007 altare
3233 3967 3343 4006 non
3372 3952 3657 4006 accedant.

2181 4043 2505 4113 (Theodulf.
2541 4058 2668 4113 cap.
2725 4042 2806 4111 6.)
2861 4041 3107 4095 Feminae
3162 4040 3401 4093 missam
3457 4038 3755 4092 sacerdote

2110 4130 2437 4187 celebrante
2467 4146 2839 4201 nequaquam
2864 4129 2935 4183 ad
2959 4127 3138 4183 altare
3161 4127 3458 4195 accedant,
3484 4126 3585 4182 sed
3612 4124 3755 4181 locis

2112 4222 2235 4276 suis
2266 4224 2443 4291 stent,
2477 4224 2534 4273 et
2579 4219 2659 4273 ibi
2710 4218 2981 4273 sacerdos
3025 4234 3227 4272 earum
3286 4216 3610 4271 oblationes
3640 4214 3755 4271 Deo

2114 4309 2418 4364 oblaturus
2448 4308 2710 4380 accipiat.
2746 4308 3029 4363 Memores
3088 4323 3216 4363 esse
3272 4306 3486 4360 debent
3526 4304 3755 4359 femina

2112 4398 2477 4453 inﬁrmitatis
2509 4415 2650 4466 sua),
2674 4402 2730 4451 et
2760 4412 2934 4451 sexus
2967 4395 3404 4451 imbecillitatis.
3438 4395 3506 4448 Et
3538 4393 3754 4447 ideirco

2116 4486 2389 4557 quaelibet
2412 4492 2615 4541 sancta
2636 4486 2694 4539 in
2720 4485 3043 4540 ministerio
3066 4484 3260 4538 divino
3282 4482 3616 4554 contingere
3637 4499 3759 4553 per-

2114 4577 2441 4630 timescant.
2462 4575 2593 4637 Quae
2610 4576 2783 4629 etiam
2804 4573 2935 4628 laici
2967 4574 3070 4627 viri
3096 4573 3505 4644 pertimescere
3528 4572 3760 4637 debent,

2117 4682 2190 4719 ne
2218 4664 2341 4718 02a:
2377 4681 2606 4735 poenam
2642 4664 2912 4727 subeant,
2945 4662 3067 4733 qui,
3100 4663 3238 4715 dum
3298 4664 3497 4715 Arcam
3530 4660 3761 4714 Domini

2116 4754 2569 4809 extraordinario
2614 4752 2954 4824 contingere
3000 4751 3201 4815 voluit,
3252 4752 3494 4805 Domino
3557 4765 3754 4820 percu-

2117 4844 2297 4898 tiente
2329 4841 2551 4897 interiit
2580 4844 2651 4913 (II
2678 4844 2787 4910 Reg
2842 4842 2942 4912 γι).

2118 4947 2398 5005 ΟΑΡυΧΙί.
2427 4947 2551 4989 ·--ἱ“
2582 4951 2693 5006 -υιέ
2720 4950 3207 5016 faniam'sacrala
3260 4963 3413 5013 vasa,
3460 4947 3546 5001 vel
3572 4944 3759 5017 pallas

2129 5036 2138 5079 ε
2180 5067 2195 5081 .
2220 5068 2237 5081 .
2269 5045 2280 5055 ·
2310 5043 2331 5075 ·.
2360 5044 2443 5083 ;.υ
2602 5072 2609 5079 ,
2679 5038 2799 5081 non
2842 5023 3191 5093 gcgnlongant.

2193 5111 2459 5166 Sacratas
2492 5110 2603 5182 (19)
2638 5115 2750 5165 Deo
2782 5108 3050 5179 feminas,
3080 5108 3169 5163 vel
3200 5107 3516 5163 monachae
3536 5108 3763 5160 sacrata

2108 5299 2254 5379 “esips
2278 5308 2472 5364 Nullus
2500 5308 2802 5377 presbyter.
2834 5298 3196 5379 De'consmr.
3228 5304 3369 5379 dist.
3405 5304 3451 5379 1.

2190 5375 2305 5451 (19)
2340 5375 2558 5435 Soteris
2592 5375 2717 5450 quae
2752 5380 2933 5451 fertur
2988 5378 3156 5447 epist.
3189 5378 3269 5451 _2.
3334 5375 3588 5451 episcop.
3630 5375 3756 5430 Ital.

2118 5447 2317 5506 Exstat
2346 5453 2484 5515 dist,
2534 5447 2624 5516 23,
2674 5468 2798 5521 cap.
2862 5450 3133 5504 Socrates.
3188 5447 3255 5501 Et
3285 5449 3436 5516 apud
3466 5447 3753 5521 _Yvonem

2116 5526 2346 5580 Carnot.
2378 5525 2599 5580 Decret.
2635 5541 2693 5594 p.
2730 5519 2787 5576 ἡ.
2823 5535 2872 5575 c.
2906 5522 2976 5573 72
3006 5526 3064 5574 et
3095 5536 3150 5589 p.
3184 5535 3266 5587 ιιι,
3296 5536 3424 5591 cap.
3457 5519 3585 5585 265,
