4134 6182
348 270 422 332 3!
1364 275 1702 335 ATTONIS
1746 269 2330 337 VERGELLENSIS
2376 276 2731 339 EPISCOPI
3673 276 3753 336 32

349 389 512 473 vasa,
547 404 638 460 vel
665 409 926 461 sacratas
983 406 1171 478 pallas
1214 423 1390 479 penes
1422 423 1528 461 nos
1560 406 1913 478 contingere,
1942 410 1998 461 et
2024 407 2080 472 Α
2110 406 2365 478 ptizandi
2399 407 2509 464 sibi
2542 407 2836 482 quispiam
2865 407 3086 481 passim
3116 424 3467 481 quocunque
3491 411 3752 480 tempore

353 494 504 549 circa
535 495 742 549 altaria
801 497 1103 552 incensum
1166 498 1387 550 deferre
1445 496 1732 567 perlatum
1792 501 1879 551 est
1918 498 1988 551 ad

353 584 731 654 apostolicam
767 587 984 640 sedem.
1019 589 1152 651 Quae
1203 585 1398 639 omnia
1447 587 1894 657 reprehensione
1938 592 1994 640 et

351 673 775 744 vituperatione
805 676 974 747 plena
995 691 1120 730 esse
1153 674 1296 728 nulli
1333 680 1483 730 recte
1509 676 1859 747 sapientium
1892 677 1992 731 du-

345 763 508 817 bium
544 769 647 817 est.
678 766 1040 836 Quapropter
1062 763 1237 834 hujus
1253 765 1990 834 sanctaeisedisauctoritate

345 851 465 907 haec
497 854 696 908 omnia
727 870 983 908 resecare
1005 853 1272 908 funditus
1305 855 1653 924 quantocius
1704 855 1987 926 poteritis,

345 957 689 996 censemus:
723 947 779 995 et
811 958 880 995 ne
915 942 1094 1012 pestis
1129 942 1248 995 haec
1284 942 1454 996 latius
1506 941 1853 1014 divulgetur,
1890 961 1992 1015 per

346 1045 550 1086 omnes
597 1031 922 1102 provincias
974 1031 1229 1103 abstergi
1291 1031 1573 1087 citissime
1616 1034 1986 1089 mandamus.

449 1137 585 1191 CAP.
619 1137 761 1192 XIII.
794 1169 862 1178 -—
897 1139 959 1213 Ut
991 1139 1180 1213 nullus
1209 1151 1504 1210 praesumat
1535 1141 1783 1213 qualibet
1813 1159 1885 1196 ea:

805 1212 977 1264 sacris
1008 1211 1206 1265 illicito
1236 1227 1519 1281 usurpare.

415 1313 742 1385 (Theodulf.
776 1333 903 1387 cap.
942 1317 1052 1386 18.)
1098 1317 1304 1372 Nullus
1359 1323 1674 1389 przssumat
1721 1323 1820 1374 aut
1851 1318 1988 1374 cali-

346 1420 492 1472 cem,
528 1410 628 1459 aut
658 1410 1058 1475 patenam,aut
1079 1405 1350 1477 quaelibet
1370 1425 1504 1462 vasa
1526 1415 1773 1470 sacra,et
1795 1409 1988 1464 divino

345 1493 578 1548 servitio
611 1494 1066 1565 mancipata,;,ad
1100 1495 1244 1550 alios
1295 1501 1465 1568 usus;
1488 1503 1841 1570 retorquere,
1884 1516 1989 1554 nec

346 1580 523 1636 calice
555 1598 720 1636 sacro
752 1581 903 1636 aliud
938 1583 1339 1655 bibatjpraeter
1369 1584 1716 1657 sanguinem
1750 1586 1989 1653 Christi,

346 1669 446 1739 qui
480 1669 537 1724 in
570 1677 932 1726 sacramento
960 1672 1246 1744 accipitur
1269 1691 1282 1739 ;
1305 1677 1803 1746 necjpatenamjad
1829 1676 1986 1732 aliud

2103 497 2322 552 nullam
2355 500 2552 552 credat
2583 499 2776 552 inesse
2837 499 3152 563 ﬁduciam;
3215 503 3424 570 prater
3473 497 3750 553 Paschale

2101 585 2336 655 festum,
2371 593 2426 641 et
2457 592 2823 641 Pentecostes
2881 586 3208 641 venerabile
3273 594 3746 643 sacramentum:

2101 680 2339 746 excepto
2375 678 2658 730 duntaxat
2689 676 3020 745 gravissimi
3060 674 3362 748 languoris
3394 677 3657 741 incursu,
3690 676 3750 730 in

2101 781 2216 835 quo
2247 765 2562 820 verendum
2613 770 2700 820 est
2729 764 2822 819 'ne
2875 765 3059 819 morbi
3113 773 3408 820 crescente
3469 765 3745 836 periculo,

2100 853 2226 908 sine
2278 853 2534 908 remedio
2594 852 2839 908 salutari
2902 854 3166 909 fortassis
3215 859 3525 925 egrotans,
3576 855 3747 910 exitio

2101 948 2430 1014 praeventus
2461 943 2756 998 abscedat.

2215 1049 2349 1103 CAP.
2384 1048 2583 1103 XVIII.
2616 1080 2684 1088 —
2717 1048 2972 1116 Qualiter
2994 1048 3256 1118 baptismi
3288 1052 3628 1103 sacramenta

2659 1121 2935 1175 celebrari
2972 1127 3187 1190 Oportet

2169 1226 2586 1283 Catechumeni
2619 1232 2932 1298 antequam
2963 1225 3354 1296 baptizentur,
3377 1225 3745 1281 instruantur

2100 1316 2351 1387 qualiter
2397 1317 2655 1381 credant,
2707 1320 2772 1370 ut
2819 1317 3224 1370 sacerdotibus
3273 1332 3405 1370 cum
3449 1316 3745 1386 baptizan-

2099 1409 2196 1459 tur
2227 1405 2636 1477 respondeant.
2671 1405 2776 1470 Qui
2812 1404 2973 1459 nullo
3007 1405 3179 1459 modo
3211 1405 3584 1476 baptizentur
3633 1404 3749 1458 nisi

2101 1510 2269 1548 suam
2300 1494 2549 1548 confessi
2587 1494 2802 1549 fuerint
2833 1493 3050 1548 ﬁdem:
3085 1493 3134 1548 si
3180 1491 3426 1548 facultas
3474 1492 3750 1565 loquendi

2099 1581 2351 1638 adfuerit
2375 1582 2452 1650 ;si
2468 1586 2666 1638 autem
2686 1581 2883 1636 subito
2905 1580 3248 1637 imminente
3269 1579 3525 1652 periculo
3548 1582 3751 1636 obmu-

2098 1670 2337 1736 tuerint,
2392 1686 2493 1742 per
2541 1668 3078 1725 Cbristianissimos
3127 1674 3308 1725 testes
3367 1685 3564 1724 eorum
3601 1669 3747 1724 ﬁdes
3779 1671 3796 1686 ’

347 1758 948 1826 ofﬁciumfadmittere
980 1762 1211 1828 audeat,
1248 1764 1530 1834 quam'ad
1562 1764 1761 1821 altaris
1793 1766 1994 1822 minis-
2021 1775 2070 1839 B
2099 1759 2484 1826 examinetur,
2519 1758 3079 1832 quiillisantequam
3095 1758 3745 1825 obmutuerint,adfuis-

346 1848 582 1903 terium.
611 1849 679 1904 Et
709 1848 913 1904 altaria
944 1868 1056 1906 non
1091 1852 1498 1923 cooperiantur
1545 1854 1656 1910 nisi
1703 1856 1904 1912 nitidis
1935 1863 1991 1913 et

348 1936 511 1993 novis
533 1939 1160 2010 pannis,corpora,vero
1183 1949 1548 1998 mortuorum
1573 1960 1629 1998 1n
1661 1945 1801 2017 ipsis
1824 1945 1988 2002 nullo

349 2026 521 2080 modo
551 2025 939 2083 involvantur.

427 2132 562 2188 CAP.
594 2132 733 2189 XIV.
766 2163 834 2176 -
869 2135 930 2191 Ut
959 2135 1273 2192 vestimenta
1300 2139 1663 2196 ecclesiastica
1692 2146 1908 2199 sacrata

929 2211 979 2262 et
1011 2209 1237 2264 honesta
1267 2213 1396 2266 sint.

415 2309 779 2367 Vestimenta
794 2314 906 2384 (20)
922 2313 1099 2386 igitur
1111 2315 1503 2374 ecclesiastica
1516 2319 1728 2392 quibus
1743 2321 1987 2379 Domino

346 2399 738 2473 ministratur,
771 2409 998 2458 sacrata
1016 2404 1227 2460 debent
1247 2422 1375 2462 esse
1393 2412 1450 2462 et
1475 2407 1738 2464 honesta.
1766 2412 1988 2476 Quibus

347 2487 478 2546 aliis
504 2490 711 2546 usibus
741 2507 912 2547 nemo
946 2492 1114 2548 debet
1151 2494 1256 2561 uti,
1292 2512 1466 2567 quam
1504 2497 1914 2554 ecclesiasticis
1933 2506 1990 2556 et

347 2582 458 2634 Deo
492 2579 688 2651 dignis
705 2579 935 2647 officiis,
954 2598 1080 2652 quas
1100 2600 1202 2639 nec
1227 2584 1298 2639 ab
1321 2583 1454 2640 aliis
1477 2586 1690 2642 debent
1707 2591 1986 2661 contingi,

346 2671 448 2722 aut
479 2667 634 2737 ferri,
669 2669 780 2724 nisi
812 2687 846 2725 a
875 2671 1120 2727 sacratis
1151 2672 1512 2741 hominibus,
1547 2692 1619 2730 ne
1671 2676 1815 2732 ultio
1861 2695 1988 2749 quas

347 2755 651 2813 Balthasar
697 2775 893 2829 regem
943 2761 1249 2830 percussit,
1301 2779 1478 2835 super
1524 2765 1645 2818 haec
1695 2770 1986 2839 transgre-

348 2844 595 2914 dientes,
627 2851 684 2900 et
731 2846 844 2902 alia
891 2856 1332 2920 presumentes,
1381 2851 1572 2907 veniat
1621 2854 1850 2916 divina;
1887 2856 1989 2928 qui

349 2935 490 2990 dum
513 2951 652 2990 vasa
673 2936 906 2991 Domini
937 2938 994 2992 in
1019 2955 1162 2995 usus
1184 2956 1524 2997 communes
1546 2945 1890 3015 assumpsit,
1913 2945 1993 3000 vi-

346 3027 467 3078 tam
500 3040 634 3079 cum
669 3041 845 3098 regno
877 3026 1093 3097 pariter
1121 3027 1338 3084 amisit.

445 3130 578 3187 CAP.
611 3131 723 3188 XV.
767 3165 822 3172 -
859 3134 922 3190 Ut
951 3135 1139 3189 clerici
1175 3137 1532 3194 saecularibus
1559 3138 1894 3196 indumentis

971 3222 1082 3261 non
1109 3211 1360 3262 utantur.

419 3307 748 3380 (Zacharias
781 3327 950 3381 papa,
976 3317 1033 3366 et
1064 3313 1312 3369 refertur
1351 3316 1441 3378 21,
1500 3333 1557 3386 q.
1593 3319 1646 3382 4,
1695 3336 1821 3390 cap.
1857 3321 1988 3390 Epi-

347 3398 545 3468 πυρὴ)
563 3398 888 3470 Presbyteri
906 3405 963 3455 et
983 3399 1208 3456 diaconi
1229 3402 1604 3459 saecularibus
1629 3407 1988 3462 indumentis

349 3484 593 3540 minime
610 3491 868 3555 utantur,
889 3488 999 3544 nisi
1023 3493 1087 3543 ut
1106 3491 1398 3556 condecet,
1434 3494 1631 3549 tunica
1661 3496 1989 3552 sacerdota-

348 3573 427 3628 li:
465 3576 564 3630 sed
597 3591 782 3647 neque
813 3578 952 3632 dum
985 3578 1416 3636 ambulaverint
1446 3582 1504 3636 in
1545 3583 1856 3655 civitatem,
1891 3591 1993 3641 aut

351 3662 411 3718 in
441 3663 620 3729 viam,
638 3670 741 3720 aut
760 3665 818 3720 in
838 3666 1078 3738 plateas,
1105 3668 1231 3723 sine
1253 3670 1612 3740 operimento
1635 3679 1992 3744 praesumant

351 3752 672 3823 ambulare,
707 3764 912 3826 praeter
941 3758 990 3810 si
1021 3756 1079 3811 in
1111 3757 1322 3813 itinera
1351 3759 1523 3831 longa
1543 3763 1991 3820 ambulaverint.

350 3842 516 3907 Quia,
570 3843 722 3897 sicut
743 3845 947 3899 mulier
977 3861 1140 3900 orans
1170 3849 1231 3901 in
1255 3849 1493 3905 ecclesiis
1521 3867 1628 3905 non
1661 3851 1846 3907 velato
1899 3870 1992 3908 ca-

348 3932 462 4001 pite
490 3932 740 4003 deturpat
770 3943 933 4004 caput
961 3951 1122 3990 suum
1177 3937 1223 4006 (1
1280 3939 1410 3994 Cor.
1458 3956 1520 4004 ιι,
1555 3941 1628 4011 4),
1655 3943 1823 4012 juxta
1853 3959 1990 4014 apo-

352 4019 618 4076 stolicam
643 4038 848 4087 vocem
874 4041 892 4087 ;
923 4023 1004 4078 ita
1029 4027 1299 4082 sacerdos
1333 4027 1458 4083 sine
1497 4031 1856 4100 operimento
1890 4031 1991 4086 de—

349 4113 550 4181 turpat
597 4112 988 4168 sacerdotium
1040 4131 1238 4171 suum.
1294 4116 1462 4186 Nam,
1522 4119 1572 4172 si
1621 4124 1818 4174 tenere
1847 4135 1990 4189 prie-

353 4199 669 4270 sumpserit
748 4206 1239 4267 contra‘ijstatuta
1279 4210 1506 4276 (agere,
1579 4207 1996 4264 communione

354 4286 630 4358 privetur,
665 4288 848 4346 donec
878 4307 1004 4362 quis
1051 4298 1270 4350 statuta
1317 4300 1457 4350 sunt
1503 4295 1823 4368 adimplere
1868 4313 1992 4352 ma-

351 4381 526 4432 turet.

459 4484 592 4540 CAP.
627 4486 764 4541 XVI.
800 4518 865 4530 -
899 4487 1443 4616 Quantdzjyznbolum
1465 4492 1889 4562 competentibus

1063 4578 1091 4615 r
1164 4580 1194 4615 (ι
1221 4578 1305 4616 ur.

1063 4578 1305 4616 raaatur.

425 4646 635 4702 Concil.
669 4647 955 4718 Agathens.
990 4665 1040 4704 c.
1077 4650 1186 4718 13.)
1218 4650 1560 4721 Symbolum
1583 4652 1755 4707 etiam
1782 4653 2000 4724 placuit

355 4736 736 4804 abjomnibus
770 4735 1044 4792 Ecclesiis
1071 4755 1185 4792 una
1203 4740 1313 4807 die,
1351 4740 1405 4793 id
1439 4746 1527 4795 est
1558 4749 1690 4796 ante
1721 4748 1848 4797 octo
1870 4743 1995 4799 dies

353 4824 670 4880 Dominicae
690 4825 1150 4881 Resurrectionis
1173 4827 1405 4899 publice
1430 4830 1486 4885 in
1503 4831 1747 4886 ecclesia
1769 4849 1996 4904 compe-

353 4913 615 4969 tentibus
647 4915 820 4970 tradi.

423 5128 712 5200 (Gelasius
743 5128 912 5200 epist.
947 5131 1016 5185 ad
1050 5131 1305 5203 episcop.
1343 5133 1602 5221 Lucania;
1634 5150 1683 5190 c.
1728 5135 1848 5218 .12.),
1871 5139 1992 5215 ‘Ba-

1233 5225 1333 5242 ,.s
1433 5225 1507 5239 δ’

1201 5232 1401 5268 Γ-..
1503 5254 1518 5268 ι

425 5308 537 5381 (20)
571 5309 769 5381 Steph.
805 5272 1366 5438 papauﬁi‘xario-eé:
1386 5269 1677 5395 Ξῒςίεῖ
1727 5269 2024 5368 Ιίλέιΐθηατέ

474 5396 728 5436 consecr.
777 5382 1034 5438 distinct.
1104 5384 1153 5438 1.
1203 5399 1248 5437 c.
1347 5387 1659 5438 estimenta.
1721 5385 1787 5438 Et
1837 5385 1992 5438 anud

353 5381 424 5437 de
474 5396 728 5436 consecr.
777 5381 1034 5438 distinct.
1104 5384 1153 5450 1,
1203 5399 1248 5437 c.

1375 5385 1659 5439 stimenta.
1721 5385 1787 5440 Et
1837 5385 1992 5456 apud

349 5453 870 5527 Yvonemrcarnot.
902 5474 956 5527 p.
989 5473 1048 5510 ιι.
1082 5471 1130 5510 c.
1163 5455 1253 5527 74.

2101 1853 2248 1903 sent.
2275 1848 2343 1902 Et
2365 1847 2412 1902 si
2441 1864 2643 1904 eorum
2674 1847 3028 1903 testimoniis
3059 1847 3220 1919 digni
3254 1846 3474 1902 inventi
3506 1846 3740 1915 fuerint,

2099 1937 2486 2009 baptizentur.
2522 1937 2588 1991 Hi
2606 1953 2739 1991 vero
2762 1936 2859 2008 qui
2885 1936 2955 1992 ab
2976 1936 3222 1991 infantia
3243 1936 3388 1991 muti
3417 1936 3672 2002 fuerunt,
3694 1934 3744 1990 si

2101 2025 2394 2098 aliquibus
2427 2027 2687 2093 nutibus,
2721 2031 2818 2083 aut
2849 2026 3079 2083 indiciis
3115 2026 3478 2082 Christianos
3525 2041 3587 2081 se
3617 2042 3745 2081 esse

2098 2115 2265 2183 velle,
2289 2115 2374 2170 vel
2408 2115 2772 2188 baptismum
2798 2120 2991 2189 petere
3022 2115 3350 2182 videantur,
3380 2132 3494 2170 non
3517 2119 3605 2171 est
3626 2113 3743 2170 illis

2095 2204 2422 2259 vitandum.
2459 2205 2565 2260 Pro
2597 2205 2922 2260 infantibus
2954 2221 3091 2260 vero
3124 2204 3340 2276 quibus
3371 2208 3514 2259 retas
3545 2202 3615 2257 ad
3631 2203 3747 2258 huc

2098 2293 2371 2365 loquendi
2390 2310 2501 2348 non
2516 2293 2762 2362 est,aliis
2781 2311 2893 2349 non
2913 2295 3026 2348 abn
3039 2294 3236 2348 uimus
3249 2293 3745 2364 respondendum,

2099 2381 2403 2437 catholicis
2423 2387 2639 2436 tamen.
2667 2382 2774 2436 Sed
2807 2382 2907 2453 qui
2935 2399 3038 2453 pro
3065 2381 3150 2436 eis
3175 2381 3347 2435 fidem
3374 2382 3745 2452 promittunt,

2098 2487 2299 2527 curam
2333 2475 2388 2525 et
2421 2469 2877 2525 sollicitudinem
2912 2469 3125 2524 habere
3156 2470 3390 2536 debent,
3427 2474 3489 2524 ut
3518 2469 3600 2523 illi
3637 2469 3749 2526 hoc

2098 2559 2379 2631 impleant
2411 2561 2564 2632 quod
2605 2559 2712 2630 ipsi
2750 2576 2850 2631 pro
2882 2559 2966 2614 eis
2999 2557 3419 2630 promiserunt.
3459 2559 3517 2614 Si
3551 2564 3746 2614 autem

2098 2647 2352 2718 religiosi
2387 2653 2442 2703 et
2473 2649 2623 2702 docti
2648 2647 2865 2703 talibus
2897 2652 3166 2720 parentes
3198 2647 3430 2715 fuerint,
3465 2648 3617 2718 quod
3669 2648 3748 2702 sit

2097 2754 2228 2792 cum
2265 2737 2373 2792 hac
2404 2737 2825 2809 protestatione
2883 2737 3289 2791 committendi
3337 2740 3490 2792 sunt.
3545 2736 3649 2802 Qui
3697 2736 3745 2792 si

2098 2827 2386 2882 defuerint
2407 2827 2519 2897 (21)
2544 2826 2638 2880 isti
2662 2842 2760 2881 eos
2782 2824 3145 2898 frequentius
3169 2825 3487 2890 instruant,
3505 2826 3746 2897 suisque

2098 2915 2394 2972 beneficiis
2418 2906 2618 2988 sapius
2640 2915 2914 2971 studeant
2937 2915 3281 2971 confortare.

2227 3023 2360 3076 CAP.
2394 3019 2533 3077 XIX.
2569 3053 2635 3063 —
2667 3022 2799 3078 Item
2827 3023 2892 3077 de
2917 3022 3166 3093 parvulis
3197 3021 3608 3092 a’grotantibus.

2172 3110 2500 3181 (Theodulf.
2555 3127 2682 3183 cap.
2737 3112 2848 3182 17.)
2889 3111 2948 3167 Si
2998 3109 3280 3183 parvulus
3338 3115 3628 3181 mgrotans
3671 3111 3744 3166 ad

2102 3199 2420 3272 quemlibet
2444 3201 2916 3272 presbyterorum
2932 3199 3208 3272 baptismi
3225 3199 3414 3270 gratia
3427 3199 3498 3254 de
3513 3198 3748 3269 cujusli-

2098 3287 2195 3344 bet
2226 3288 2502 3360 parocbia
2531 3288 2745 3345 allatus
2769 3289 2963 3354 fuerit,
2998 3289 3278 3360 baptismi
3311 3294 3746 3344 sacramentum

2101 3375 2263 3430 nullo
2289 3379 2462 3432 modo
2482 3383 2744 3450 negetur.
2767 3379 2823 3433 Si
2844 3377 2978 3448 quis
3000 3376 3108 3432 hoc
3132 3394 3348 3432 munus
3371 3377 3588 3448 potenti
3611 3394 3747 3433 con-

2099 3464 2298 3520 cedere
2316 3465 2806 3529 detrectaverit,et
2826 3463 2921 3519 ille
2938 3463 3216 3534 parvulus
3233 3465 3454 3534 absque
3467 3464 3744 3536 baptismi

2098 3553 2288 3625 gratia
2337 3560 2605 3609 mortuus
2655 3554 2847 3623 fuerit,
2899 3553 3120 3607 noverit
3183 3568 3247 3607 se
3297 3550 3392 3606 ille
3445 3552 3547 3620 qui
3609 3569 3742 3608 eum

2099 3660 2216 3698 non
2250 3642 2582 3716 baptizavit,
2633 3658 2738 3714 pro
2787 3641 2917 3710 ejus
2967 3640 3166 3696 anima
3224 3639 3510 3696 rationem
3551 3641 3744 3698 reddi-

2099 3735 2323 3786 turum.

2099 3838 2234 3893 CAP.
2268 3837 2383 3894 ΧΧ.
2413 3868 2482 3879 --
2519 3838 2580 3894 Ut
2607 3836 2920 3909 presbyteri
2946 3837 3148 3909 absque
3175 3835 3424 3892 diaconi:
3473 3836 3746 3908 baptisma

2705 3923 2814 3962 non
2844 3907 3140 3963 celebrent.

2174 4016 2242 4071 Ut
2271 4013 2328 4068 in
2362 4013 2524 4068 nulla
2553 4013 2664 4085 (22)
2697 4013 2944 4069 ecclesia
2971 4014 3287 4085 cujuslibet
3305 4013 3621 4071 dimceseos
3643 4015 3746 4070 ubi

2101 4103 2433 4174 baptismus
2481 4101 2832 4169 celebratur,
2881 4103 3183 4175 presbyter
3239 4103 3462 4174 absque
3501 4104 3744 4160 diacono

2101 4206 2230 4247 esse
2260 4190 2600 4262 reperiatur.
2635 4191 2796 4247 Unde
2827 4193 3022 4248 omnis
3055 4192 3357 4265 presbyter
3386 4208 3498 4248 non
3523 4191 3746 4248 habens

2101 4279 2436 4346 diaconum,
2461 4279 2639 4352 eligat
2667 4279 2778 4335 sibi
2812 4296 3146 4351 personam,
3178 4284 3238 4336 et
3257 4278 3409 4352 plebi
3435 4296 3552 4334 sum
3576 4278 3744 4333 inno~

2101 4373 2322 4425 tescat:
2359 4374 2497 4424 tunc
2529 4370 2598 4424 ad
2633 4368 2969 4440 pontificem
2993 4384 3170 4424 suum
3190 4367 3542 4439 consignans
3563 4367 3745 4422 dedu-

2103 4462 2220 4524 cat,
2252 4459 2423 4528 cujus
2452 4457 2629 4512 vitam
2656 4457 2960 4528 probatam
2981 4455 3213 4522 habeat,
3231 4460 3290 4510 et
3309 4455 3590 4510 diaconus
3607 4471 3744 4511 con-

2104 4551 2382 4601 secretur.
2417 4545 2577 4611 Quod
2612 4545 2660 4600 si
2715 4543 3015 4599 distulerit
3071 4544 3388 4616 presbyter,
3447 4544 3648 4600 dicens
3678 4561 3747 4600 eo

2104 4636 2258 4706 quod
2294 4652 2405 4690 non
2435 4635 2647 4690 habeat
2675 4633 2851 4688 talem
2901 4633 3198 4700 clericum,
3249 4632 3559 4704 episcopus
3600 4649 3745 4690 suus

2103 4723 2402 4797 provideat
2431 4741 2498 4778 ex
2530 4722 2774 4778 ecclesia
2823 4739 2950 4788 sua,
2993 4729 3101 4778 aut
3142 4722 3296 4778 unde
3351 4722 3599 4778 voluerit
3640 4723 3744 4778 bo-

2104 4830 2240 4868 nam
2273 4829 2604 4884 personam.
2637 4812 2888 4867 Tantum
2907 4815 2997 4866 est
3019 4810 3222 4866 utsine
3241 4811 3486 4867 diacono
3509 4827 3618 4866 non
3643 4810 3742 4868 sit.

2112 4933 2159 5006 ,ξ
2189 4935 2365 5010 ῑζςΑρ.
2401 4935 2542 4992 XXI.
2576 4966 2643 4978 —
2671 4937 2798 5005 Quae
2833 4938 2892 4991 in
2921 4935 3162 4992 ecclesiis
3190 4935 3412 4991 recondi
3441 4935 3618 4990 liceat.

601 5021 737 5076 CAP.
772 5021 937 5076 XVII.
973 5053 1039 5062 —
1072 5028 1160 5087 De
1179 5021 1767 5097 ΐεὺφωεέῐὸαρείςγηὰζ
1795 5035 1820 5077 ;
1841 5039 1854 5047 ‘
1880 5035 1908 5074 ‘.

2144 5031 2505 5114 ;(Theodulf.
2541 5061 2590 5099 c.
2651 5044 2733 5117 8.)
2791 5043 3072 5099 Videmus
3127 5044 3328 5098 crebro
3383 5041 3442 5096 in
3487 5039 3748 5098 ecclesiis

2059 5209 2066 5213 ι
2105 5148 2328 5210 messes
2349 5139 2405 5188 et
2433 5133 2629 5188 fenum
2653 5133 2882 5205 congeri
2911 5150 2924 5201 ;
2959 5133 3112 5188 unde
3137 5131 3409 5188 volumus
3433 5136 3498 5186 ut
3521 5130 3629 5187 hoc
3646 5147 3746 5203 pe-

2056 5297 2070 5337 :
2103 5292 2236 5367 cum
2271 5293 2552 5384 Staberius
2580 5328 2693 5367 non
2728 5310 3075 5384 intelligeret
3122 5314 3430 5367 monuerat
3471 5309 3580 5365 hoc
3619 5306 3745 5365 loco

2102 5384 2342 5438 verbum
2375 5383 2632 5454 aliquod,
2668 5388 2730 5438 ut
2755 5383 2987 5454 inﬁrrni,
3022 5385 3244 5439 deesse.

2173 5456 2286 5528 (22)
2315 5457 2379 5512 In
2430 5451 2625 5511 nultaJ
2667 5451 3141 5528 Prmpositionem
3199 5471 3328 5527 quas
3384 5454 3600 5522 deerat,
3641 5451 3746 5510 ad-

421 5523 947 5598 (‘21,)‘1Sidefuerin‘t.
982 5527 1065 5582 sic
1095 5524 1322 5598 restitui
1370 5541 1439 5581 ex
1478 5527 1824 5598 conjectura
1853 5543 1993 5582 sane
2091 5523 2226 5598 jeci.

351 5595 464 5654 non
497 5595 896 5669 improbabili.
922 5597 1434 5671 Antealegebatur,
1451 5597 1565 5670 ﬁde
1577 5595 1812 5672 fuerint,
1836 5599 1990 5670 quod
