4114 6172
345 288 421 351 33
1623 257 1627 260 ’
1781 282 2302 346 CAPITULARE.
3662 290 3740 350 3..

344 424 504 479 nitus
534 424 892 495 observetur,
926 428 989 479 ut
1015 422 1163 477 nihil
1184 421 1243 476 in
1275 420 1538 485 ecclesia,
1573 423 1779 491 praeter
1807 415 1987 472 vesti-
2021 435 2068 495 Α
2103 415 2431 470 sacerdotes
2462 415 2846 483 dicimur,hoc
2875 419 3062 474 facere
3098 437 3211 476 non
3242 422 3545 479 debemus.
3580 423 3741 481 Unde

346 522 542 568 menta
573 512 984 585 ecclesiastica,
1004 518 1060 566 et
1090 529 1225 566 vasa
1251 516 1453 565 sancta
1472 515 1529 565 et
1555 510 1751 575 libros,
1786 523 1984 561 recon-

342 603 534 657 datur.
568 603 627 658 Si
661 608 856 657 autem
887 602 994 673 (23)
1015 606 1275 671 tempore
1304 599 1722 671 persecutionis
1752 600 1987 667 propter

339 691 777 763 improbitatem
828 692 1164 762 praedonum
1223 706 1330 744 sua
1380 705 1661 761 pauperes
1709 686 1987 741 alimenta

340 780 487 834 inibi
520 780 804 835 servanda
855 785 1161 849 reponunt,
1219 796 1331 834 non
1373 784 1511 832 sunt
1550 776 1872 847 ejicienda:
1908 774 1987 827 ita

338 884 482 922 sane
516 874 579 922 ut
612 868 679 921 de
699 868 898 921 eadem
923 865 1169 921 ecclesia
1198 882 1339 937 pace
1363 870 1593 935 recepta
1616 863 1771 917 illico
1795 868 1984 916 trans-

338 961 664 1026 portentur.
698 954 995 1009 Vendendi
1055 953 1208 1007 enim
1271 954 1351 1010 vel
1408 952 1638 1008 emendi
1692 951 1769 1005 ibi
1828 949 1988 1004 nulla

338 1045 512 1099 detur
540 1043 799 1099 licentia.
836 1044 917 1099 Ne
975 1046 1117 1098 forte
1160 1044 1205 1099 si
1267 1043 1379 1097 alia
1429 1043 1506 1096 ibi
1554 1058 1726 1112 quam
1761 1044 1987 1110 oportet

340 1134 569 1206 negotia
620 1138 1016 1198 exerceantur,
1049 1150 1082 1187 a
1131 1132 1375 1187 Domino
1404 1132 1713 1186 audiamus
1741 1147 1752 1185 :
1786 1132 1986 1185 Domus

337 1240 479 1290 mea,
510 1223 709 1278 domno
736 1224 1003 1278 orationis
1030 1225 1126 1291 est,
1158 1239 1247 1278 vos
1268 1230 1450 1277 autem
1467 1222 1786 1291 speluncam
1817 1220 1982 1274 latro-

336 1330 473 1369 num
499 1313 704 1383 fecistis
727 1315 879 1384 (Luc.
913 1328 1029 1380 xxx,
1064 1311 1170 1382 46).

413 1419 546 1474 CAP.
578 1418 745 1474 XXII.
778 1450 849 1460 —
878 1418 1027 1487 Quod
1057 1420 1119 1473 in
1150 1418 1373 1473 ecclesia
1403 1418 1651 1474 convivia
1680 1420 1732 1472 et
1755 1431 1913 1471 accu-

931 1490 1073 1545 bitus
1102 1506 1210 1545 non
1237 1491 1394 1559 ﬁant.

413 1578 656 1651 (Laodic.
705 1595 753 1634 c.
813 1579 922 1644 27;
979 1579 1148 1632 Trull.
1210 1595 1257 1633 c.
1316 1579 1421 1645 7'2;
1486 1579 1708 1649 Aquisg.
1763 1594 1813 1631 c.
1868 1577 1982 1646 80.)

340 1669 503 1735 Quod
528 1685 642 1723 non
665 1673 928 1740 oporteat
945 1668 1007 1721 in
1038 1667 1261 1722 Domini
1283 1666 1552 1723 Ecclesiis
1574 1666 1833 1723 convivia
1855 1683 1981 1737 quaa

335 1763 621 1828 vocantur
648 1773 865 1828 agapte,
890 1757 1033 1819 ﬁeri,
1062 1774 1165 1812 nec
1194 1757 1348 1812 intra
1381 1758 1623 1811 domum
1655 1756 1753 1810 Dei
1784 1772 1978 1810 come-

334 1831 494 1896 dere,
527 1827 615 1885 vel
647 1827 950 1885 secubitus
989 1834 1267 1884 sternere.

501 1937 634 1993 CAP.
664 1935 861 1991 XXIII.
893 1966 963 1977 -—-
993 1934 1143 2003 Quod
1169 1936 1230 1989 in
1258 1936 1497 1991 ecclesiis
1521 1935 1821 2006 sepultura?

1011 2024 1122 2062 non
1151 2008 1305 2077 ﬁant.

409 2095 729 2169 (Theodulﬁ
761 2113 811 2152 ο.
851 2096 930 2167 9.)
980 2097 1273 2167 Antiquus
1320 2095 1379 2150 in
1412 2096 1505 2150 his
1557 2094 1892 2167 regionibus
1922 2093 1981 2148 in

336 2185 581 2243 ecclesia
600 2186 1069 2257 sepeliendorum
1084 2190 1448 2241 mortuorum
1465 2184 1767 2253 ususjfuit,
1794 2188 1850 2237 et
1872 2182 1985 2254 ple-

337 2292 519 2347 raque
546 2274 675 2331 leca
702 2275 898 2330 divino
938 2274 1121 2331 cultui
1170 2274 1521 2345 mancipata,
1555 2278 1611 2328 et
1638 2274 1709 2327 ad
1737 2272 1980 2328 offeren-

338 2366 443 2423 das
476 2365 592 2421 Deo
621 2364 846 2421 hostias
872 2367 1207 2436 praeparata,
1240 2362 1570 2419 ommeteria
1590 2363 1710 2417 sive
1742 2361 1983 2433 polyan-

339 2454 470 2509 dria
489 2456 641 2510 facta
662 2459 818 2509 sunt.
844 2453 1007 2509 Unde
1030 2452 1299 2508 volumus
1323 2457 1387 2507 ut
1406 2452 1478 2508 ab
1501 2452 1608 2506 hac
1628 2468 1689 2506 re
1709 2451 1984 2522 deinceps

341 2544 726 2613 abstineatur,
776 2547 833 2598 et
888 2559 1059 2599 nemo
1092 2542 1150 2596 in
1210 2542 1453 2597 ecclesia
1503 2541 1835 2612 sepeliatur,
1870 2539 1981 2594 nisi

337 2634 482 2688 forte
506 2632 639 2688 talis
671 2632 746 2687 sit
772 2648 1021 2704 persona
1041 2630 1360 2686 sacerdotis
1382 2636 1482 2685 aut
1511 2629 1822 2699 cujuslibet
1835 2627 1981 2699 justi

337 2722 615 2787 hominis,
649 2721 750 2793 qui
783 2738 884 2793 per
931 2722 1058 2775 vita:
1092 2720 1366 2775 meritum
1394 2719 1567 2774 talem
1603 2719 1843 2773 vivendo
1876 2735 1982 2773 suo

334 2811 564 2883 corpori
596 2811 868 2867 defuncto
917 2809 1110 2865 locum
1172 2808 1499 2879 acquisivit.
1547 2812 1799 2879 Corpora
1827 2825 1980 2874 vero,

335 2917 464 2971 qua
481 2899 806 2970 antiquitus
823 2900 882 2953 in
901 2898 1163 2954 ecclesiis
1180 2897 1409 2968 sepulta
1428 2903 1585 2963 sunt,
1608 2913 1980 2967 nequaquam

337 2989 739 3060 proiiciantur,
766 2989 864 3044 sed
888 2987 1097 3043 tumuli
1123 2987 1221 3058 qui
1242 2991 1525 3058 apparent
1552 2986 1900 3058 profundius
1924 2985 1982 3039 in

339 3082 494 3133 terra
524 3077 852 3145 mittantur,
886 3081 941 3132 et
976 3078 1302 3147 pavimento
1334 3077 1585 3146 desuper
1614 3076 1785 3139 facto,
1820 3074 1981 3129 nullo

2010 1801 2059 1865 B

2097 521 2168 558 ne
2200 504 2308 559 hoc
2341 507 2593 559 avaritia:
2616 507 2840 576 vitium,
2873 507 2961 563 vel
2986 509 3044 562 in
3077 509 3283 565 alienis
3307 512 3496 567 denuo
3526 516 3738 570 tentari

2097 600 2503 663 praesumetur,
2538 596 2860 663 admoneo;
2894 598 2992 651 sed
3026 598 3073 651 si
3134 605 3350 669 quanto
3383 601 3634 673 aliquem
3677 603 3736 658 in

2094 682 2340 737 ecclesia
2368 689 2560 737 vestra
2580 685 2811 754 sepeliri
2834 686 3169 753 conceditis,
3194 688 3242 741 si
3266 690 3503 758 quidem
3537 708 3739 762 paren-

2096 776 2183 825 tes
2233 771 2443 842 ipsius,
2492 772 2812 842 proximive
2861 774 3139 843 haeredes,
3196 794 3296 847 pro
3345 778 3737 836 luminaribus

2096 866 2301 931 Sponte
2332 862 2470 931 quid
2506 862 2708 915 oll‘erre
2738 862 3043 929 voluerint,
3077 865 3251 935 accipi
3290 884 3403 922 non
3434 876 3734 938 vetamus;

2098 949 2212 1018 peti
2245 966 2375 1003 vero
2428 954 2527 1002 aut
2575 949 2793 1019 aliquid
2847 953 3016 1023 exigi,
3068 955 3303 1008 omnino
3334 957 3733 1027 prohibemus.

2095 1038 2252 1100 Quod
2276 1037 2439 1091 valde
2463 1038 2848 1108 irreligiosum
2878 1048 2987 1105 est,
3012 1059 3080 1095 ne
3104 1051 3202 1097 aut
3223 1046 3440 1101 venalis
3473 1051 3733 1115 fortasse,

2095 1127 2248 1198 quod
2281 1127 2452 1192 absit,
2514 1128 2740 1181 dicatur
2769 1130 3033 1195 ecclesia,
3085 1140 3181 1185 aut
3212 1151 3312 1188 vos
3360 1136 3429 1190 de
3462 1136 3737 1193 humanis

2093 1216 2403 1270 videamini
2429 1217 2719 1271 mortibus
2741 1218 3098 1289 gratulari,si
3120 1238 3185 1275 ex
3208 1239 3406 1278 eorum
3442 1227 3735 1283 cadaveri-

2097 1304 2210 1360 bus
2241 1306 2493 1361 studetis
2516 1323 2771 1376 querere
2795 1307 3053 1377 quolibet
3092 1311 3262 1365 modo
3294 1315 3728 1385 compendium.

2093 1397 2224 1448 CAP.
2258 1393 2421 1448 XXV.
2467 1426 2534 1435 -——
2570 1396 2631 1451 Ut
2662 1397 2918 1451 diwceses
2947 1397 3191 1465 singulis
3218 1404 3388 1455 annis
3425 1405 3732 1459 visitentur.

2162 1483 2389 1550 (Concil.
2428 1485 2715 1539 Tarracon.
2741 1487 2849 1539 sub
2883 1488 3208 1557 Hormisda,
3233 1505 3282 1543 c.
3314 1490 3393 1561 8.)
3416 1491 3733 1549 Multorum

2092 1572 2445 1642 eXperientia
2467 1588 2711 1627 casuum
2735 1574 3112 1645 magistrante
3134 1578 3461 1648 reperimus
3484 1582 3735 1637 nonnul-

2092 1659 2467 1717 lasdioeceses
2487 1661 2745 1717 ecclesiis
2757 1662 3092 1719 destitutas.
3110 1664 3216 1720 Pro
3240 1684 3426 1738 quare
3451 1670 3505 1723 id
3529 1671 3739 1725 consti-

2090 1748 2315 1802 tutione
2346 1748 2732 1815 decrevimus,
2762 1755 2823 1803 ut
2845 1750 3093 1822 antiqua:
3121 1757 3563 1812 consuetudinis
3594 1761 3735 1813 ordo

2091 1843 2353 1891 servetur
2380 1842 2435 1891 et
2491 1838 2660 1892 annis
2702 1839 2951 1910 singulis
3009 1842 3078 1896 ab
3126 1842 3416 1914 episcopis
3459 1846 3737 1904 dimceses

2090 1924 2417 1979 visitentur.
2452 1926 2521 1979 Et
2552 1926 2600 1981 si
2634 1943 2750 1997 qua
2771 1928 2913 1982 forte
2939 1928 3180 1985 basilica
3199 1931 3478 1988 destituta
3509 1941 3736 2008 reperta

2093 2012 2286 2081 fuerit,
2316 2013 2680 2069 ordinatione
2709 2016 2897 2085 ipsius
2929 2022 3245 2087 reparatur.

2200 2100 2334 2156 CAP.
2368 2101 2557 2156 XXVI.
2591 2134 2658 2143 —
2693 2103 2796 2170 Qui
2824 2106 3131 2175 presbyteri
3154 2108 3393 2163 chrisma
3417 2114 3626 2181 petant.

2164 2190 2315 2257 (Con.
2346 2192 2493 2245 Cart.
2549 2208 2620 2259 1v,
2680 2208 2728 2246 c.
2761 2193 2875 2262 36.)
2932 2195 3259 2265 Presbyteri
3314 2199 3412 2268 qui
3460 2216 3563 2269 per
3591 2201 3734 2257 dioe-

2093 2296 2254 2335 ceses
2286 2280 2562 2335 ecclesias
2584 2285 2814 2351 regunt,
2840 2298 2954 2336 non
2978 2299 3011 2336 a
3040 2284 3402 2354 quibuslibet
3422 2288 3734 2362 episcopis,

2094 2368 2193 2422 sed
2222 2385 2255 2422 a
2284 2384 2408 2433 suo,
2443 2385 2545 2422 nec
2594 2370 3011 2439 perjuniorem
3062 2372 3358 2441 clericum,
3410 2379 3510 2431 sed
3544 2395 3645 2449 per
3674 2397 3736 2435 se

2095 2456 2274 2527 ipsos,
2328 2461 2429 2510 aut
2480 2473 2581 2527 per
2639 2457 2803 2512 illum
2867 2460 2963 2529 qui
3025 2462 3344 2518 sacrarium
3395 2470 3569 2533 tenet,
3603 2474 3734 2524 ante

2098 2545 2321 2599 Pascha:
2355 2545 2781 2601 solemnitatem
2813 2546 3067 2603 chrisma
3103 2556 3323 2621 petant.

2215 2634 2348 2689 CAP.
2381 2633 2599 2689 XXVII.
2635 2666 2699 2675 --
2734 2635 2891 2714 Quod
2919 2639 3157 2707 singulis
3186 2644 3350 2696 annis
3379 2643 3615 2714 synodus

2757 2708 3072 2762 celebretur.

2166 2812 2350 2879 (Tolet.
2384 2829 2458 2877 1v,
2492 2828 2538 2866 c.
2572 2813 2650 2882 3.)
2682 2812 2852 2867 Nulla
2891 2831 3034 2885 pene
3066 2831 3157 2870 res
3189 2816 3509 2889 disciplinae
3544 2838 3736 2879 mores

2093 2902 2164 2955 ab
2190 2901 2443 2957 Ecclesia
2465 2901 2880 2974 Christimagis
2898 2903 3145 2974 depulit,
3168 2922 3342 2976 quam
3367 2911 3734 2967 sacerdotum

2095 2988 2573 3060 negligentia,qui
2588 2991 2936 3061 contemptis
2949 2993 3269 3047 canonibus
3282 2996 3350 3049 ad
3364 2997 3739 3069 corrigendos

2092 3077 2517 3133 ecclesiasticos
2549 3095 2738 3133 mores
2769 3082 3053 3150 synodum
3084 3084 3266 3137 facere
3300 3085 3620 3157 negligunt.
3650 3088 3734 3144 0b

334 3166 699 3222 tumulorum
734 3165 975 3236 vestigio
1009 3170 1342 3236 apparente,
1385 3164 1640 3218 ecclesia:
1669 3164 1983 3218 reverentia
2010 3161 2056 3227 C
2097 3166 2200 3220 hoc
2232 3184 2265 3221 a
2298 3168 2465 3221 nobis
2526 3168 2925 3222 universaliter
2979 3170 3283 3225 deﬁnitum
3344 3180 3451 3238 est,
3503 3182 3566 3228 ut
3596 3178 3737 3247 quia

332 3260 730 3310 conservetur.
765 3253 872 3307 Ubi
918 3269 1049 3307 vero
1078 3258 1243 3306 tanta
1288 3258 1378 3306 est
1404 3252 1712 3305 multitudo
1743 3254 1981 3306 cadave-

329 3359 494 3407 rum,
528 3348 593 3396 ut
623 3342 728 3396 hoc
753 3328 937 3396 facere
967 3340 1200 3396 difficile
1232 3340 1496 3405 sit,locus
1526 3340 1621 3395 ille
1652 3358 1753 3412 pro
1776 3357 1980 3396 cmme-

331 3431 478 3486 terio
528 3430 829 3499 habeatur,
881 3429 1074 3485 ablato
1116 3430 1251 3485 inde
1300 3429 1491 3495 altari,
1544 3434 1601 3484 et
1646 3431 1703 3484 in
1759 3445 1825 3485 eo
1856 3430 1980 3486 loco

334 3521 646 3588 consituto,
683 3518 780 3574 ubi
813 3518 1077 3589 religiose
1106 3524 1163 3573 et
1195 3536 1339 3590 pure
1368 3518 1482 3574 Deo
1514 3519 1865 3575 sacriﬁcium
1898 3520 1981 3574 of-

336 3610 469 3665 ferri
501 3609 708 3664 valeat.

466 3699 601 3755 CAP.
634 3699 827 3754 XXIV.
863 3729 923 3738 ——
962 3699 1027 3755 Ut
1052 3699 1347 3768 sepulturae
1376 3714 1481 3753 non
1516 3698 1845 3754 vendantur.

402 3788 595 3860 (Greg.
630 3787 729 3843 lib.
764 3805 864 3855 vn,
897 3805 987 3859 ep.
1020 3788 1135 3857 55.)
1172 3789 1386 3852 Questa
1417 3787 1585 3842 nobis
1616 3794 1703 3843 est
1735 3788 1982 3844 Nereida

332 3877 661 3933 clarissima
690 3876 927 3942 femina,
963 3877 1117 3948 quod
1161 3877 1232 3931 ab
1265 3894 1331 3931 ea
1356 3881 1589 3931 centum
1628 3876 1846 3931 solidos
1878 3894 1979 3948 pro

333 3964 467 4019 filiae
497 3983 611 4020 suae
643 3965 947 4037 sepultura
977 3966 1306 4020 fraternitas
1341 3970 1535 4020 vestra
1566 3963 1700 4018 velit
1730 3964 1976 4036 exigere,

336 4057 517 4125 atque
547 4054 596 4109 ei
625 4070 799 4125 super
830 4052 1046 4109 doloris
1069 4054 1350 4126 gemitum
1374 4054 1655 4124 majorem
1689 4053 1979 4125 dispendii

332 4142 566 4197 studeat
611 4142 825 4198 inferre
873 4141 1228 4197 molestiam.
1280 4143 1441 4207 Quod
1475 4141 1523 4195 si
1564 4142 1644 4196 ita
1675 4158 1737 4196 se
1766 4140 1978 4196 veritas

332 4230 527 4301 habet,
561 4232 699 4304 quia
723 4248 895 4304 grave
935 4231 1133 4297 nimis,
1180 4236 1235 4287 et
1265 4230 1465 4302 procul
1499 4230 1674 4285 nimis
1705 4235 1795 4286 est
1822 4248 1855 4286 a
1884 4247 1976 4286 sa-

333 4320 585 4376 cerdotis
606 4321 817 4389 ofﬁcio,
842 4320 1090 4391 pretium
1116 4320 1185 4374 de
1210 4324 1364 4374 terra
1386 4336 1659 4374 concessa
1684 4320 1976 4390 putredini

329 4415 669 4482 quaerere,et
688 4410 759 4466 de
770 4409 959 4465 alieno
980 4408 1124 4464 velle
1147 4410 1331 4464 facere
1348 4407 1505 4463 luctu
1529 4424 1657 4462 com
1666 4408 1973 4480 pendium];

331 4500 403 4555 ab
432 4500 539 4555 hac
570 4516 632 4554 se
663 4499 982 4570 patratione
1006 4498 1338 4553 fraternitas
1362 4502 1551 4552 vestra
1580 4499 1898 4568 contineat,
1918 4503 1975 4553 et
2004 4523 2052 4587 D

332 4588 577 4644 molesta
604 4587 656 4644 ei
681 4587 752 4642 de
782 4592 985 4643 caetero
1018 4603 1131 4641 non
1163 4587 1388 4641 existat.
1410 4586 1528 4641 Hoc
1551 4590 1745 4641 autem
1768 4585 1974 4641 vitium

326 4682 387 4734 et
416 4695 540 4743 nos,
574 4683 880 4749 postquam
904 4677 1019 4732 Deo
1042 4682 1273 4730 auctore
1299 4676 1368 4730 ad
1392 4677 1761 4747 episcopatus
1791 4676 1973 4732 hono-

329 4783 449 4822 rem
486 4768 862 4833 accessimus,
912 4765 983 4821 de
1011 4765 1256 4821 ecclesia
1287 4774 1487 4819 nostra
1519 4766 1757 4820 omnino
1792 4765 1972 4820 vetui-

329 4874 486 4924 mus,
518 4862 574 4912 et
602 4872 833 4927 parvam
870 4856 1058 4910 denuo
1083 4856 1567 4910 consuetudinem
1602 4871 1971 4926 nequaquam

329 4964 441 5001 usu
454 4946 603 5017 rpari
626 4944 1035 5016 permisimus;
1070 4960 1357 4998 memores
1372 4944 1661 5013 quiadum
1678 4944 1970 4997 Abraham

329 5053 363 5090 a
394 5034 527 5089 ﬁliis
560 5035 751 5098 Emor,
786 5033 893 5086 hoc
943 5040 1032 5086 est
1079 5032 1308 5104 Ephron
1362 5032 1479 5085 ﬁlio
1512 5032 1691 5103 Segor
1718 5030 1972 5102 sepuleri

331 5130 545 5178 terram
574 5122 846 5199 pretioad
872 5120 1236 5174 humandum
1260 5137 1471 5192 corpus
1492 5120 1757 5192 conjugis
1782 5128 1974 5191 postu-

328 5212 495 5279 laret,
529 5211 781 5284 pretium
807 5210 1067 5281 accipere
1090 5210 1301 5277 renuit,
1330 5228 1399 5265 ne
1422 5210 1793 5264 commodum
1823 5210 1975 5264 vide-

328 5310 491 5358 retur
516 5301 586 5356 de
616 5301 890 5355 cadavere
921 5302 1289 5353 consecutus.
1326 5299 1382 5351 Si
1413 5316 1548 5371 ergo
1582 5303 1752 5352 tantae
1776 5299 1972 5354 consi-

330 5391 649 5448 derationis
674 5405 938 5460 paganus
966 5387 1053 5442 vir
1084 5387 1211 5453 fuit,
1247 5392 1463 5457 quanto
1490 5388 1677 5461 magis
1710 5405 1836 5457 nos,
1871 5391 1970 5461 qui

2084 3258 2255 3324 juxta
2277 3255 2517 3327 antiqua
2542 3256 2776 3310 Patrum
2804 3257 3033 3311 decreta
3052 3258 3143 3312 bis
3164 3259 3222 3313 in
3246 3278 3397 3316 anno
3421 3262 3735 3321 difﬁcultas

2091 3346 2370 3415 temporis
2403 3345 2523 3399 ﬁeri
2552 3345 2862 3400 concilium
2889 3363 3003 3401 non
3026 3347 3189 3415 sinit,
3213 3348 3421 3405 saltem
3444 3351 3531 3407 vel
3554 3354 3733 3410 semel

2092 3450 2125 3489 a
2158 3434 2326 3488 nobis
2358 3434 2704 3489 celebretur.

2160 3544 2289 3595 CAP.
2327 3539 2569 3596 XXVIII.
2602 3573 2669 3581 —
2701 3542 2957 3618 Qualiter
2987 3544 3226 3614 majores
3256 3549 3564 3618 presbyteri
3593 3554 3668 3606 ad

2637 3614 2909 3685 synodum
2938 3618 3179 3671 veniant.

2160 3701 2488 3772 (Theodulf.
2513 3718 2563 3758 c.
2584 3702 2661 3771 4.)
2696 3704 2933 3767 Quando
2958 3720 3117 3759 more
3148 3705 3317 3761 solito
3346 3708 3416 3763 ad
3445 3711 3733 3781 synodum

2090 3790 2430 3854 convenitis,
2482 3791 2847 3861 vestimenta,
2908 3796 2965 3847 et
3021 3792 3224 3858 libros,
3278 3802 3336 3850 et
3364 3814 3503 3853 vasa
3533 3803 3735 3855 sancta

2089 3895 2221 3934 cum
2254 3879 2469 3949 quibus
2500 3883 2755 3934 vestrum
2781 3880 3173 3938 ministerium
3196 3888 3252 3938 et
3282 3884 3613 3955 injunctum
3640 3889 3727 3943 of-

2088 3967 2285 4021 ﬁcium
2335 3968 2647 4039 peragatis,
2680 3969 2979 4024 vobiscum
3012 3972 3248 4037 deferte,
3274 3990 3501 4028 nocnon
3563 3978 3731 4043 duos,

2086 4054 2175 4111 vel
2207 4060 2322 4111 tres
2352 4054 2590 4111 clericos
2622 4056 2741 4110 sive
2771 4056 2970 4123 laicos,
2996 4075 3131 4112 cum
3164 4060 3380 4130 quibus
3413 4061 3733 4118 missarum

2088 4144 2375 4201 solemnia
2405 4145 3034 4211 celebratis,vobiscum
3066 4147 3434 4215 adducite,ut
3458 4152 3735 4222 probetur

2088 4252 2263 4307 quam
2306 4234 2632 4307 diligenter,
2657 4251 2832 4306 quam
2858 4236 3116 4291 studiose
3143 4237 3239 4292 Dei
3268 4239 3570 4295 servitium
3600 4258 3735 4313 per-

2087 4324 2295 4396 agatis.

2141 4433 2274 4487 CAP.
2308 4430 2497 4486 XXIX.
2530 4461 2599 4471 -
2631 4430 2780 4499 Quod
2807 4433 3041 4502 singulis
3068 4434 3336 4489 Kalendis
3366 4435 3587 4491 collatio
3619 4438 3679 4490 in

2704 4504 2949 4573 plebibus
2991 4504 3110 4572 ﬁat.

2157 4591 2561 4662 Experimento
2606 4592 2943 4659 didicimus,
2978 4610 3091 4647 non
3144 4594 3340 4649 minus
3371 4595 3583 4650 bonam
3615 4596 3734 4651 col-

2085 4680 2385 4745 lationem,
2419 4697 2595 4751 quam
2629 4680 2803 4735 etiam
2832 4681 3137 4735 lectionem
3174 4684 3469 4752 prodesse.
3506 4683 3667 4740 Unde
3699 4703 3734 4740 a

2085 4770 2353 4840 praesenti
2387 4770 2727 4835 statuimus,
2755 4787 2818 4823 ut
2844 4786 2941 4839 per
2964 4769 3227 4841 singulas
3260 4772 3457 4841 plebes
3481 4773 3730 4845 singulis

2085 4858 2358 4913 Kalendis
2390 4875 2594 4911 omnes
2618 4859 2937 4929 presbyteri
2962 4876 3061 4914 seu
3098 4859 3287 4915 clerici
3311 4860 3489 4915 simul
3522 4879 3728 4916 conve-

2084 4948 2267 5015 niant,
2302 4952 2365 4999 ut
2396 4946 2465 4999 de
2491 4946 2600 4999 ﬁde
2622 4963 2687 4999 ac
2718 4948 3099 5001 sacramentis
3123 4949 3355 5013 divinis,
3388 4966 3486 5004 seu
3513 4951 3582 5003 de
3612 4948 3730 5002 vita

2082 5040 2137 5089 et
2167 5035 2622 5099 conversatione,
2670 5041 2725 5089 et
2776 5035 3023 5106 singulis
3057 5036 3263 5091 ofﬁciis
3308 5038 3376 5091 ad
3421 5054 3519 5091 eos
3554 5035 3730 5105 perti-

2083 5124 2358 5179 nentibus
2389 5124 2774 5178 communiter
2825 5129 3088 5179 tractent.
3144 5127 3211 5180 Et
3257 5125 3305 5179 si
3347 5126 3489 5179 forte
3515 5123 3728 5196 aliquis

2080 5212 2230 5268 inter
2256 5229 2353 5267 eos
2385 5213 2686 5284 negligens
2718 5218 2817 5266 aut
2850 5213 3325 5283 reprehensibilis
3358 5213 3670 5280 invenitur,
3696 5231 3730 5270 a

2082 5301 2303 5356 caeteris
2360 5302 2703 5373 corrigatur.
2765 5303 2925 5367 Quod
2989 5302 3038 5357 si
3087 5300 3295 5371 corrigi
3342 5303 3579 5357 omnino
3612 5321 3726 5359 non

2082 5392 2390 5458 studuerit,
2425 5406 2558 5444 mox
2580 5408 2686 5445 suo
2715 5391 2985 5445 nuntient
3007 5390 3372 5460 episcopo,ut
3391 5390 3511 5447 haec
3531 5392 3726 5449 acrius

398 5588 513 5666 (23)
526 5588 591 5647 Si
609 5595 809 5647 autem.
838 5586 967 5645 Haec
988 5600 1180 5665 usque
1202 5583 1270 5641 ad
1296 5586 1377 5642 Ne
1394 5585 1556 5659 forte,
1574 5600 1689 5642 non
1716 5583 1991 5662 leguntur
2027 5586 2183 5663 apud
2213 5584 2624 5644 Theodulfum.
