4096 6178
411 336 486 392 35
1433 319 1770 380 A'I‘TONIS
1819 320 2402 383 VERCELLENSIS
2449 323 2796 384 EPISCOPI
3731 339 3804 398 36

415 463 726 522 emendare
759 437 1109 531 quantocius
1142 453 1392 509 studeat.
1415 451 1495 506 Ne
1527 468 1658 506 cum
1692 452 1892 506 eadem
1916 451 2055 507 ἀίω·
2084 457 2139 522 Α
2169 456 2302 510 CAP.
2338 453 2553 535 XXXV.
2588 487 2656 535 —_—
2778 458 2966 535 nullus
3001 459 3285 535 presbyter
3320 462 3520 533 absque
3545 467 3812 535 permissu

415 554 563 610 cesis
596 553 668 605 ab
699 549 970 621 episcopo
993 545 1222 599 visitata
1248 541 1547 600 fuerit.aut
1569 557 1699 594 cum
1725 541 1834 612 ipsi
1871 542 1940 595 ad
1967 559 2059 612 sy-

415 644 631 698 nodum
657 638 975 700 venerint,‘
999 635 1327 706 aliquorum
1347 631 1603 700 infamia,
1621 647 1823 684 omnes
1848 632 2064 701 pariter

395 727 786 787 ladnotentur.
839 727 893 781 Si
919 731 1110 780 autem
1159 721 1423 775 Kalenda
1473 720 1530 773 in
1578 719 1792 773 I'estivis
1825 719 2058 785 fuerint,

419 821 529 876 sub
562 816 826 890 sequenti
861 816 950 869 die
981 814 1089 867 hoc
1121 809 1440 880 adimplere
1473 825 1586 862 non
1619 809 1905 863 differant.

541 927 677 983 CAP.
711 923 874 979 XXX.
909 953 976 961 ι-
1007 919 1159 988 Quod
1189 917 1378 971 nullus
1407 916 1652 971 absolute
1681 917 1931 971 clericus.

1078 989 1386 1046 ordinetur.

488 1087 717 1161 (Concil.
753 1082 963 1138 Calced.
997 1098 1048 1135 c.
1093 1080 1174 1147 6.)
1220 1077 1460 1134 Nullum
1509 1075 1774 1132 absolute
1803 1073 2062 1131 ordinari

419 1179 626 1234 debere
655 1175 1080 1247 presbyterum,
1114 1172 1216 1223 aut
1244 1167 1580 1233 diaconum,
1624 1165 1710 1220 vel
1743 1163 2064 1237 quemlibet

416 1268 476 1323 in
509 1266 693 1340 gradu
745 1257 1157 1324 ecclesiastico,
1209 1255 1323 1312 nisi
1373 1254 1703 1328 specialiter
1731 1253 1789 1308 in
1821 1251 2066 1309 ecclesia

419 1355 692 1420 civitatis,
741 1354 843 1406 aut
872 1344 1284 1421 possessionis,
1317 1348 1416 1399 aut
1446 1342 1840 1416 martyrii,aut
1870 1357 2065 1397 mona-

418 1444 578 1500 sterii
630 1440 729 1514 qui
778 1436 1140 1494 ordinandus
1170 1438 1322 1505 est,p
1357 1431 1747 1488 renuntietur.
1792 1430 1900 1496 Qui
1928 1446 2063 1486 vero

420 1531 686 1589 absolute
716 1523 1302 1592 ordinatur,decrevit
1326 1525 1529 1577 saneta
1558 1521 1818 1593 synodus
1838 1519 2066 1575 irritam

417 1619 619 1677 haberi
653 1613 1060 1689 hujuscemodi
1094 1628 1306 1667 manus
1343 1609 1803 1682 impositionem,
1836 1612 1892 1662 et
1920 1623 2065 1664 nus-

417 1727 595 1782 quam
629 1723 798 1780 posse
829 1703 1163 1760 ministrare
1193 1701 1263 1756 ad
1295 1698 1624 1754 ordinantis
1654 1697 1953 1767 iniuriam.

543 1815 672 1870 οη».
705 1810 889 1868 XXXI.
920 1840 986 1850 —
1022 1810 1085 1866 Ut
1113 1806 1349 1877 singulis
1378 1805 1622 1860 ecclesiis
1648 1802 1946 1860 sacerdotes

1070 1880 1400 1935 ordinentur

489 1973 848 2047 (Clementis,
883 1987 1009 2042 qua
1059 1968 1276 2023 dicitur
1317 1966 1490 2038 epist.
1534 1966 1588 2033 2,
1635 1965 1704 2020 ad
1736 1963 2066 2034 Jacobum.)

416 2064 706 2121 Ecclesiae
739 2077 838 2134 per
895 2074 1155 2130 congrua
1184 2062 1241 2111 et
1297 2055 1464 2110 utilia
1521 2054 1689 2109 facite
1741 2053 1886 2124 loca,
1920 2069 2067 2124 quas

420 2153 633 2210 divinis
665 2149 937 2222 precibus
965 2161 1194 2202 sacrare
1225 2149 1472 2217 oportet,
1514 2149 1568 2198 et
1599 2143 1656 2196 in
1693 2143 1941 2216 singulis
1974 2159 2065 2198 sa-

419 2242 682 2297 cerdotes
715 2237 930 2304 divinis
952 2233 1315 2291 orationibus
1337 2233 1452 2288 Deo
1475 2233 1697 2287 dicatos
1728 2233 1884 2303 poni,
1920 2247 2067 2302 quos

419 2330 492 2385 ab
524 2327 798 2384 omnibus
827 2322 1088 2380 venerari
1149 2324 1396 2393 oportet,
1428 2323 1486 2374 et
1539 2336 1653 2374 non
1704 2337 1738 2375 a
1768 2335 2065 2390 quoquam

419 2417 668 2492 gravari.

535 2529 668 2580 CAP.
701 2521 916 2578 XXXII.
946 2551 1012 2560 —
1044 2520 1120 2574 De
1146 2517 1369 2573 clericis
1397 2518 1493 2588 qui
1521 2517 1636 2570 loca
1665 2516 1724 2570 in
1753 2514 1950 2587 quibus

823 2592 1066 2647 ordinati
1095 2594 1222 2645 sunt
1253 2589 1664 2659 derelinquunt,

490 2685 722 2756 (Concil.
751 2683 907 2736 Aret.
933 2698 972 2746 ι,
1000 2679 1185 2750 0.21.)
1213 2685 1287 2733 De
1312 2676 1666 2748 presbyteris
1681 2680 1782 2729 aut
1804 2673 2066 2728 diaconis

420 2774 520 2846 qui
553 2773 745 2828 solent
801 2769 1098 2824 dimittere
1148 2766 1272 2821 loca
1303 2783 1430 2833 sua,
1483 2766 1543 2818 in
1572 2763 1788 2835 quibus
1817 2761 2065 2817 ordinati

421 2868 580 2927 sunt,
614 2867 671 2916 et
701 2860 770 2915 ad
805 2858 919 2913 alia
947 2857 1074 2912 loca
1100 2873 1162 2910 se
1200 2855 1578 2924 transferunt,
1613 2852 1831 2924 placuit
1860 2856 1925 2906 ut
1951 2851 2064 2906 eis-

421 2955 553 3009 dem
584 2950 727 3006 locis
757 2947 1094 3003 ministrent
1125 2943 1342 3015 quibus
1372 2943 1589 3014 praﬁxi
1630 2946 1786 2997 sunt.
1821 2941 1983 3006 Quod
2016 2940 2066 2995 si

422 3040 713 3097 derelictis
743 3037 886 3092 locis
936 3035 1060 3090 suis
1093 3035 1165 3088 ad
1212 3031 1392 3089 alium
1441 3047 1503 3086 se
1535 3031 1726 3086 locum
1760 3029 2064 3084 transferri

419 3128 731 3195 voluerint,
753 3126 1140 3197 deponantur.

495 3236 628 3291 CAP.
663 3231 904 3288 XXXIII.
939 3263 1004 3272 -—
1037 3234 1118 3284 De
1143 3228 1477 3299 presbyteris
1508 3228 1603 3297 qui
1628 3243 1728 3297 pro
1758 3226 1996 3281 alterius

816 3303 1044 3358 ecclesia
1069 3316 1297 3354 munera
1327 3301 1676 3370 promittunt.

495 3392 821 3468 (Theodulf.
857 3408 907 3445 c.
945 3391 1054 3456 16.)
1085 3389 1145 3443 Si
1179 3389 1312 3458 quis
1341 3389 1657 3458 presbyter,
1681 3386 1767 3440 vel
1797 3386 2072 3456 quislibet

422 3485 483 3540 in
517 3483 669 3538 clero
704 3481 977 3534 inventus
998 3477 1171 3530 fuerit
1197 3475 1372 3529 alicui
1399 3473 1605 3528 clerico
1628 3479 1727 3527 aut
1748 3473 1892 3527 laico
1914 3473 2072 3529 dein-

424 3588 562 3645 ceps
593 3585 838 3625 munera
883 3566 1041 3631 dare,
1095 3568 1197 3618 aut
1244 3561 1602 3633 promittere,
1655 3567 1719 3615 ut
1764 3560 2068 3616 ecclesiam

425 3660 664 3718 alterius
697 3653 1017 3729 presbyteri
1066 3651 1373 3723 subripiat,
1435 3650 1581 3704 sciat
1612 3667 1672 3705 se
1703 3666 1805 3721 pro
1835 3648 1942 3704 hac
1974 3666 2070 3705 ra-

425 3752 584 3822 pina,
617 3752 673 3804 et
704 3762 854 3802 sava
885 3741 1225 3815 cupiditate,
1276 3744 1378 3795 aut
1408 3741 1654 3812 gradum
1688 3738 2068 3809 amissurum,

424 3845 527 3895 aut
557 3839 612 3892 in
639 3834 889 3893 carceris
911 3847 1173 3887 aerumna
1194 3829 1367 3902 longo
1390 3833 1649 3900 tempore
1671 3827 2070 3900 panitentiam

425 3927 650 4002 agendo
664 3919 1166 3982 detinendumJlli
1180 3935 1314 3975 vero
1329 3917 1440 3988 (24)
1465 3933 1638 3990 quem
1661 3917 1906 3989 fatigare
1926 3933 2070 3989 pra-

426 4013 955 4089 sumpserit,omne
977 4011 1259 4065 damnum
1283 4008 1439 4080 quod
1462 4007 1513 4063 ei
1534 4024 1638 4080 pro
1669 4006 1776 4063 hac
1799 4007 2074 4064 acciderit

425 4105 684 4179 querela,
716 4103 995 4175 ipsosque
1015 4097 1261 4154 actionis
1282 4101 1557 4168 sumptus
1578 4096 1819 4166 insuper
1847 4099 2071 4151 restau-

431 4211 561 4251 rare
593 4197 854 4265 cogatur.
888 4188 1213 4257 Nullusque
1246 4187 1548 4257 presbyter
1568 4184 1839 4239 fidelibus
1857 4188 2071 4239 sancta

428 4283 526 4338 Dei
559 4280 814 4336 ecclesia
845 4279 914 4332 de
945 4277 1183 4332 alterius
1231 4273 1549 4345 presbyteri
1585 4271 1877 4344 parochia,
1911 4276 1972 4326 ut
2000 4273 2072 4328 ad

428 4387 596 4427 suam
624 4368 926 4423 ecclesiam
951 4369 1306 4420 concurrant
1328 4362 1532 4417 relicta
1559 4361 1789 4434 pr0pria
1810 4361 2072 4432 ecclesia,

426 4466 484 4516 et
514 4475 652 4514 suas
703 4455 960 4511 decimas
1003 4452 1114 4508 sibi
1153 4453 1335 4516 dent;
1378 4452 1476 4506 sed
1513 4451 1918 4521 unusquisque
1967 4467 2075 4506 sua

427 4548 692 4614 ecclesia,
729 4550 785 4599 et
817 4543 1027 4615 pepulo
1051 4546 1511 4611 contentus,qua
1535 4540 1645 4594 sibi
1673 4557 1787 4594 non
1808 4539 1927 4594 vult
1951 4540 2074 4596 ﬁeri
2106 4565 2150 4629 Β

427 4637 593 4694 alteri
647 4649 1018 4706 nequaquam
1080 4630 1271 4694 faciat,
1319 4629 1488 4700 juxta
1545 4628 1688 4682 illud
1739 4629 2069 4700 Evangelii:

427 4729 785 4798 Quaecunque
816 4723 984 4775 vultis
1015 4728 1073 4774 ut
1118 4721 1328 4790 faciant
1358 4718 1504 4772 vobis
1535 4719 1799 4784 homines,
1834 4719 1954 4775 haec
1977 4735 2070 4774 ea-

426 4812 548 4868 dem
573 4815 738 4884 facite
765 4811 882 4865 illis
915 4810 1134 4880 (Matth.
1173 4824 1268 4877 vn,
1303 4807 1412 4877 42).

427 4921 558 4976 CAP.
594 4917 840 4974 XXXIV.
885 4948 945 4956 —
980 4919 1041 4974 Ut
1070 4917 1261 4970 nullus
1282 4916 1586 4970 oblationes
1608 4916 1852 4972 ecclesia
1874 4919 2076 4985 prater

581 4990 969 5047 cbnscienliam
999 4990 1237 5059 episcopi
1266 4992 1361 5040 aut
1390 4987 1498 5052 det,
1533 4993 1627 5040 aut.
1658 4990 1913 5055 accipiat.

499 5080 728 5152 (Concil.
763 5078 1101 5149 Grangrense
1121 5093 1169 5130 c.
1195 5076 1274 5146 7.)
1307 5075 1364 5129 Si
1390 5076 1520 5146 quis
1543 5075 1862 5131 oblationes
1892 5076 2072 5131 eccle-

429 5169 530 5225 sia
553 5173 715 5224 extra
735 5168 1044 5224 ecclesiam
1068 5164 1425 5236 acciperevel
1449 5165 1586 5219 dare
1598 5164 2077 5236 voluerit,prater

431 5258 849 5313 conscientiam
884 5255 1167 5328 episc0pi,
1222 5253 1308 5308 vel
1341 5255 1468 5324 ejus
1529 5253 1618 5307 cui
1667 5253 2074 5323 hujuscemodi

432 5346 624 5401 officia
654 5345 970 5400 commissa
1001 5350 1157 5410 sunt,
1184 5359 1288 5398 nec
1319 5359 1452 5398 cum
1479 5343 1604 5412 ejus
1637 5342 1882 5397 voluerit
1911 5359 2076 5414 agere

429 5434 699 5500 concilio,
733 5434 1042 5490 anathema
1074 5433 1168 5488 sit.

2404 530 2641 598 episcopi
2668 530 2883 599 aliquid
2913 532 2972 583 in
3001 531 3118 601 ejus
3144 530 3583 605 parochiabgat.

2245 634 2436 702 (Epist.
2474 635 2523 695 1,
2559 651 2688 704 quae
2731 635 2983 690 (llemcn.
3018 638 3263 693 Romani
3311 643 3541 696 nomine
3571 644 3814 700 circum-

2175 722 2658 792 fertur.)Nullum
2711 726 3111 796 presbyterum
3165 728 3221 782 in
3273 729 3524 800 alicujus
3567 733 3817 806 episc0pi

2177 812 2452 882 parochia
2481 811 2702 882 aliquid
2728 830 2895 885 agere
2927 816 3135 870 debere
3158 818 3380 888 absque
3404 822 3694 890 permissu
3728 825 3822 878 do-

2175 900 2360 965 cebat,
2396 901 2496 954 sed
2529 907 2585 955 et
2608 908 2848 957 cunctos
2873 904 3238 976 presbyteros
3257 909 3510 980 propriis
3533 911 3820 983 episcopis

2173 987 2234 1042 in
2261 989 2536 1044 omnibus
2584 990 2805 1062 absque
2860 1009 3025 1047 mora
3079 995 3415 1052 obedientes
3459 998 3821 1069 (instituente

2174 1076 2439 1149 Domino)
2474 1095 2601 1134 esse
2642 1079 2849 1135 debere
2881 1081 3140 1137 docebat.
3190 1083 3429 1141 Nullum
3460 1087 3596 1143 item
3633 1089 3824 1145 aliena

2171 1166 2600 1238 concupiscere,
2625 1172 3089 1240 autprasumere
3117 1188 3246 1242 qua
3266 1189 3468 1230 eorum
3499 1180 3686 1248 erant,
3721 1178 3823 1233 sed

2173 1270 2661 1328 unumquemque
2693 1258 2817 1314 suis
2849 1258 3079 1331 sibique
3117 1261 3449 1319 commissis
3480 1270 3823 1322 contentum

2172 1359 2300 1399 esse
2330 1344 2593 1400 docebat.
2629 1345 2935 1402 Neminem
2958 1347 3136 1405 etiam
3169 1349 3343 1406 alicui
3367 1351 3590 1424 aliquid
3614 1355 3828 1426 facere,

2173 1431 2286 1489 nisi
2320 1434 2478 1504 quod
2509 1433 2622 1490 sibi
2653 1435 2778 1490 ﬁeri
2809 1435 2944 1492 velit
2975 1437 3320 1496 instruebat.

2173 1577 2307 1633 CAP.
2342 1575 2582 1633 XXXVI.
2615 1606 2686 1618 ο-
2719 1579 2782 1635 Ut
2810 1580 3000 1635 nullus
3027 1581 3261 1637 clericus
3287 1584 3573 1641 mulierem
3607 1588 3669 1642 in
3698 1603 3828 1644 con-

2575 1651 2744 1706 sortio
2769 1652 3182 1720 familiaritatis
3209 1654 3422 1711 habeat.

2246 1755 2480 1825 (Co-nail.
2535 1756 2692 1812 Tolet.
2747 1774 2805 1824 ιι,
2858 1774 2906 1813 c.
2958 1759 3037 1830 3.)
3090 1758 3236 1815 Illud
3281 1764 3557 1832 praterea
3585 1764 3826 1836 speciali

2096 1829 2142 1893 B
2175 1843 2542 1900 ordinatione
2572 1845 2961 1915 decernimus,
2985 1849 3140 1919 quod
3176 1865 3281 1905 nec
3311 1841 3552 1922 antiqua
3580 1853 3830 1911 concilia

2177 1932 2236 1986 in
2269 1932 2557 1988 universis
2590 1951 2736 2005 pene
2765 1936 3094 1992 canonibus
3119 1929 3351 2006 siluere,
3385 1945 3450 1995 ut
3480 1942 3680 1998 nullus
3712 1944 3825 1999 cle-

2177 2021 2433 2077 ricorum
2465 2039 2499 2077 a
2531 2024 2715 2094 gradu
2765 2025 3246 2095 subdiaconatus,
3299 2034 3355 2083 et
3385 2047 3565 2102 supra
3598 2033 3658 2087 in
3691 2049 3828 2088 con-

2178 2111 2358 2165 sortio
2375 2111 2790 2168 familiaritatis
2811 2112 3020 2170 habeat
3036 2115 3363 2187 mulierem,
3383 2119 3827 2193 velingenuam,

2181 2198 2266 2254 vel
2299 2198 2593 2266 libertam,
2627 2205 2728 2256 aut
2749 2201 3022 2257 ancillam
3050 2221 3062 2258 :
3095 2205 3196 2260 sed
3227 2205 3277 2261 si
3306 2212 3448 2263 sunt
3471 2208 3521 2263 ei
3548 2208 3827 2281 hujusce-

2179 2288 2335 2342 modi
2363 2289 2618 2355 servitia,
2652 2289 2846 2357 matri,
2885 2292 2987 2356 vel,
3025 2294 3232 2364 sorori,
3262 2295 3480 2369 aliique
3509 2298 3835 2370 cujuslibet

2177 2376 2634 2448 propinquitatis
2665 2380 2988 2450 contradat,
3012 2385 3071 2436 et
3095 2382 3383 2454 quidquid
3406 2386 3530 2441 suis
3550 2387 3834 2444 manibus

2175 2465 2544 2537 profecerint,
2579 2467 2812 2538 proprio
2843 2467 3088 2524 Domino
3121 2471 3435 2528 deferatur.
3470 2480 3596 2531 Aut
3626 2477 3678 2532 si
3709 2493 3836 2548 pro-

2173 2553 2476 2625 pinquitas
2525 2559 2846 2611 memorata
2891 2557 3075 2623 deest,
3122 2558 3234 2614 alia
3292 2561 3504 2618 domus
3549 2563 3732 2638 longe
3760 2566 3833 2622 ad

2173 2659 2375 2698 earum
2407 2643 2806 2698 habitaculum
2840 2646 3192 2717 requiratur,
3237 2664 3304 2703 eo
3337 2651 3530 2719 modo,
3569 2658 3642 2707 ut
3673 2654 3837 2709 nulla

2175 2731 2477 2787 occasione
2523 2731 2857 2788 introeundi
2913 2734 3151 2791 domum
3202 2736 3542 2795 clericorum
3600 2742 3832 2798 femina

2175 2821 2611 2892 permittantur,
2645 2823 2800 2878 unde
2832 2827 2934 2878 aut
2973 2822 3248 2896 laqueum
3281 2828 3468 2898 possit
3497 2829 3830 2899 incurrere,

2175 2913 2276 2964 aut
2307 2909 2552 2965 noxialis
2583 2910 2741 2966 fama
2762 2911 3088 2968 innocentis
3109 2913 3376 2972 fortassis
3418 2919 3614 2989 possit
3644 2919 3823 2976 inuri.

2175 2998 2325 3053 Sane
2341 2999 2614 3071 deinceps
2639 3003 2770 3071 post
2789 3000 2987 3056 datam
3008 3001 3158 3057 hanc
3180 3003 3645 3063 admonitionem
3669 3009 3833 3081 quis-

2175 3087 2308 3158 quis
2339 3087 2548 3142 barum
2581 3089 2874 3145 consortio
2905 3090 3018 3145 frui
3056 3090 3321 3160 voluerii,
3354 3097 3581 3151 noverit
3615 3114 3678 3153 se
3711 3115 3829 3154 non

2098 3193 2140 3260 ρ
2181 3176 2372 3231 solum
2407 3193 2442 3232 a
2469 3176 2777 3232 clericatus
2809 3179 2997 3235 ofﬁcio
3029 3181 3266 3248 retrahi,
3291 3182 3374 3237 vel
3395 3183 3653 3240 ecclesia
3688 3187 3831 3242 fori-

2180 3265 2288 3321 bus
2318 3265 2473 3336 pelli,
2509 3267 2610 3321 sed
2662 3266 2837 3322 etiam
2869 3269 3133 3324 omnium
3181 3270 3624 3343 catholicorum,
3661 3275 3834 3332 cleri-

2179 3370 2403 3422 corum,
2432 3354 2517 3410 vel
2575 3355 2855 3411 laicorum
2914 3359 3325 3416 communione
3374 3362 3614 3432 privari,
3670 3363 3839 3420 nulla

2181 3460 2422 3514 prorsus
2452 3443 2725 3515 colloquii
2759 3445 3151 3503 consolatione
3172 3448 3388 3505 relicta.

2181 3568 2317 3623 CAP.
2351 3567 2620 3623 XXXVII.
2656 3600 2722 3610 —
2759 3570 2821 3625 Ut
2851 3570 3086 3626 clericus
3113 3571 3340 3628 nullam
3361 3579 3839 3634 conversationem

2353 3656 2478 3694 cum
2507 3640 2745 3696 muliere
2772 3644 2888 3711 post
2914 3642 3416 3700 denominationem
3443 3647 3655 3704 habeat.

2254 3764 2422 3834 (Vide
2453 3763 2748 3820 Riculfum
2799 3763 2859 3820 in
2891 3783 2941 3822 c.
2977 3768 3088 3840 15.)
3118 3767 3189 3824 Ut
3218 3769 3268 3825 si
3318 3770 3411 3826 cui
3443 3773 3737 3831 sacerdoti
3767 3792 3841 3832 ex

2182 3852 2441 3925 qualibet
2473 3853 2719 3909 muliere
2747 3854 3159 3912 denuntiatum
3191 3857 3384 3929 fuerit,
3413 3864 3477 3916 ut
3505 3862 3718 3920 exinde
3739 3881 3841 3920 su-

2181 3943 2363 4014 spicio
2396 3942 2564 3998 mala
2602 3942 2894 4014 opinionis
2941 3945 3244 4013 efficiatur,
3279 3947 3501 4004 nullam
3533 3967 3672 4006 cum
3697 3951 3839 4026 ipsa

2181 4032 2392 4088 habeat
2421 4030 2939 4098 conversationem,
2964 4050 3150 4106 neque
3174 4041 3478 4106 secretam,
3511 4055 3705 4112 neque
3726 4058 3833 4114 pa-

2180 4126 2421 4177 tentem.
2455 4120 2514 4176 Si
2545 4120 2820 4194 deinceps
2841 4120 3113 4179 inventus
3137 4123 3472 4198 fuerit,post
3499 4129 3833 4187 secundam

2183 4214 2238 4265 et
2263 4209 2494 4265 tertiam
2518 4209 3004 4268 contestationem
3026 4216 3090 4267 ut
3111 4217 3473 4286 contemptor
3491 4215 3714 4288 gradus
3736 4217 3836 4274 sui

2183 4297 2504 4371 periculum
2535 4299 2842 4356 sustineat.

2183 4424 2318 4479 CAP.
2352 4423 2650 4498 XXXVIII.
2673 4454 2750 4498 7-
2783 4427 3018 4498 Qualem
3036 4428 3426 4498 professionem
3443 4427 3762 4498 presbyteri
3780 4436 3842 4488 et

2457 4497 2679 4550 diaconi
2703 4498 2934 4567 faciant,
2964 4497 3176 4567 quando
3202 4499 3554 4554 ordinantur.

2255 4601 2484 4673 (Concil.
2522 4602 2679 4657 Tolet.
2713 4619 2786 4669 ιν,
2821 4620 2947 4674 cap.
2981 4604 3092 4672 26).
3147 4605 3387 4667 Quando
3419 4607 3751 4679 presbyteri
3783 4616 3844 4667 et

2182 4691 2408 4745 diaconi
2462 4706 2563 4762 per
2613 4691 2918 4762 parochias
2963 4691 3419 4765 constituuntur,
3452 4701 3683 4766 oportet
3734 4715 3840 4755 eos

2183 4779 2438 4850 primum
2462 4779 2881 4850 professionem
2905 4779 3174 4850 episcopo
3206 4797 3312 4836 suo
3335 4782 3542 4849 facere,
3577 4789 3640 4838 ut
3671 4793 3840 4843 caste

2183 4873 2241 4923 et
2273 4885 2414 4939 pure
2461 4869 2655 4921 vivant
2703 4868 2813 4921 sub
2863 4867 2962 4922 Dei
3012 4869 3240 4935 timore,
3291 4875 3348 4925 et
3396 4889 3495 4928 eos
3528 4873 3663 4928 talis
3698 4891 3840 4945 pro-

2185 4958 2357 5012 fessio
2389 4955 2658 5026 alligatos
2688 4963 2898 5010 sancta
2927 4957 3248 5028 disciplina
3277 4961 3540 5016 retineat.

2227 5081 2356 5136 CAP.
2390 5081 2638 5135 XXXIX.
2671 5110 2740 5122 —
2768 5081 3149 5223 ltequualtem
3179 5083 3464 5156 episcopus
3493 5084 3798 5143 diaconum

2934 5169 3054 5208 acza
3085 5196 3098 5209 .

2934 5169 3098 5209 aetat.

2254 5259 2605 5330 Aprasenti
2657 5258 2747 5312 die
2807 5259 3096 5333 episcopis
3153 5260 3426 5316 omnibus
3484 5262 3740 5332 dicatur,
3778 5271 3852 5322 ut

2186 5347 2414 5402 nullum
2463 5353 2649 5403 tacere
2699 5348 3008 5404 diaconum
3060 5356 3435 5420 praeumant,
3491 5350 3604 5406 nisi
3636 5353 3746 5422 qui
3782 5370 3853 5411 se

2185 5441 2342 5491 caste
2373 5437 2660 5491 victurum
2695 5438 3045 5509 promiserit.

501 5630 617 5719 (24)
646 5630 740 5691 Illi
767 5646 909 5692 vero.
933 5631 1098 5691 Prior
1117 5629 1315 5702 editio,
1346 5628 1452 5687 Ille
1477 5642 1602 5689 vero
1623 5633 1912 5706 corrupte.
1943 5633 2077 5692 Hac
2115 5646 2302 5709 usque
2325 5630 2743 5712 ad,Nullusque
2757 5650 2872 5693 non
2893 5631 3168 5711 leguntur
3179 5636 3334 5711 apud
3346 5634 3769 5700 Theodulfum.
