  <div class='ocr_page' id='page_1' title='image "/cluster/home/n/w/nwhite01/storage/ocr_20150623/134/hvd.32044023361702/024.png"; bbox 0 0 4134 6182; ppageno 0'>
   <div class='ocr_carea' id='block_1_1' title="bbox 386 248 3788 359">
    <p class='ocr_par' dir='ltr' id='par_1_1' title="bbox 386 248 3788 359">
     <span class='ocr_line' id='line_1_1' title="bbox 386 248 3788 359; baseline 0.001 -17"><span class='ocrx_word' id='word_1_1' title='bbox 386 282 461 342; x_wconf 79' lang='lat'>37</span> <span class='ocrx_word' id='word_1_2' title='bbox 800 248 803 251; x_wconf 69' lang='grc'><em>’</em></span> <span class='ocrx_word' id='word_1_3' title='bbox 1830 282 2352 345; x_wconf 84' lang='lat' dir='ltr'>CAPITULARE.</span> <span class='ocrx_word' id='word_1_4' title='bbox 3712 294 3788 359; x_wconf 81' lang='lat'>33</span> 
     </span>
    </p>
   </div>
   <div class='ocr_carea' id='block_1_2' title="bbox 388 411 3790 491">
    <p class='ocr_par' dir='ltr' id='par_1_2' title="bbox 388 411 3790 491">
     <span class='ocr_line' id='line_1_2' title="bbox 388 411 3790 491; baseline 0.005 -23"><span class='ocrx_word' id='word_1_5' title='bbox 388 413 521 468; x_wconf 91' lang='lat' dir='ltr'>CAP.</span> <span class='ocrx_word' id='word_1_6' title='bbox 555 411 666 468; x_wconf 86' lang='lat' dir='ltr'>XL.</span> <span class='ocrx_word' id='word_1_7' title='bbox 713 442 780 454; x_wconf 91' lang='lat'><strong>-</strong></span> <span class='ocrx_word' id='word_1_8' title='bbox 834 413 895 469; x_wconf 84' lang='lat' dir='ltr'>Ut</span> <span class='ocrx_word' id='word_1_9' title='bbox 947 413 1132 468; x_wconf 76' lang='lat' dir='ltr'>clerici</span> <span class='ocrx_word' id='word_1_10' title='bbox 1176 413 1438 483; x_wconf 76' lang='lat' dir='ltr'>episcopis</span> <span class='ocrx_word' id='word_1_11' title='bbox 1486 416 1600 469; x_wconf 83' lang='lat' dir='ltr'>suis</span> <span class='ocrx_word' id='word_1_12' title='bbox 1639 415 2028 485; x_wconf 75' lang='lat' dir='ltr'>obtemperent.</span> <span class='ocrx_word' id='word_1_13' title='bbox 2062 416 2113 481; x_wconf 84' lang='grc' dir='ltr'><strong>Α</strong></span> <span class='ocrx_word' id='word_1_14' title='bbox 2146 414 2396 469; x_wconf 89' lang='lat' dir='ltr'>ricorum</span> <span class='ocrx_word' id='word_1_15' title='bbox 2435 433 2638 487; x_wconf 89' lang='lat' dir='ltr'>magos</span> <span class='ocrx_word' id='word_1_16' title='bbox 2660 422 2760 473; x_wconf 90' lang='lat' dir='ltr'>aut</span> <span class='ocrx_word' id='word_1_17' title='bbox 2780 420 3102 491; x_wconf 81' lang='lat' dir='ltr'>aruspices,</span> <span class='ocrx_word' id='word_1_18' title='bbox 3132 428 3231 477; x_wconf 92' lang='lat' dir='ltr'>aut</span> <span class='ocrx_word' id='word_1_19' title='bbox 3255 425 3490 489; x_wconf 90' lang='lat' dir='ltr'>ariolos,</span> <span class='ocrx_word' id='word_1_20' title='bbox 3517 431 3617 481; x_wconf 88' lang='lat' dir='ltr'>aut</span> <span class='ocrx_word' id='word_1_21' title='bbox 3638 433 3790 485; x_wconf 87' lang='lat' dir='ltr'>certe</span> 
     </span>
    </p>
   </div>
   <div class='ocr_carea' id='block_1_3' title="bbox 462 501 2029 575">
    <p class='ocr_par' dir='ltr' id='par_1_3' title="bbox 462 501 2029 575">
     <span class='ocr_line' id='line_1_3' title="bbox 462 501 2029 575; baseline 0.001 -18"><span class='ocrx_word' id='word_1_22' title='bbox 462 502 690 571; x_wconf 84' lang='lat' dir='ltr'>(Concil.</span> <span class='ocrx_word' id='word_1_23' title='bbox 728 501 981 569; x_wconf 78' lang='lat' dir='ltr'>Carthag.</span> <span class='ocrx_word' id='word_1_24' title='bbox 1016 519 1065 556; x_wconf 92' lang='lat' dir='ltr'>c.</span> <span class='ocrx_word' id='word_1_25' title='bbox 1099 502 1189 571; x_wconf 90' lang='grc'>31)</span> <span class='ocrx_word' id='word_1_26' title='bbox 1235 503 1373 556; x_wconf 97' lang='lat' dir='ltr'>Item</span> <span class='ocrx_word' id='word_1_27' title='bbox 1418 501 1655 574; x_wconf 81' lang='lat' dir='ltr'>placuit,</span> <span class='ocrx_word' id='word_1_28' title='bbox 1689 508 1753 558; x_wconf 90' lang='lat' dir='ltr'>ut</span> <span class='ocrx_word' id='word_1_29' title='bbox 1785 504 2029 575; x_wconf 90' lang='lat' dir='ltr'>quicun-</span> 
     </span>
    </p>
   </div>
   <div class='ocr_carea' id='block_1_4' title="bbox 392 589 2031 661">
    <p class='ocr_par' dir='ltr' id='par_1_4' title="bbox 392 589 2031 661">
     <span class='ocr_line' id='line_1_4' title="bbox 392 589 2031 661; baseline 0.002 -17"><span class='ocrx_word' id='word_1_30' title='bbox 392 605 503 661; x_wconf 86' lang='lat' dir='ltr'>que</span> <span class='ocrx_word' id='word_1_31' title='bbox 534 589 728 645; x_wconf 85' lang='lat' dir='ltr'>clerici</span> <span class='ocrx_word' id='word_1_32' title='bbox 761 590 847 645; x_wconf 87' lang='lat' dir='ltr'>vel</span> <span class='ocrx_word' id='word_1_33' title='bbox 878 590 1102 645; x_wconf 91' lang='lat' dir='ltr'>diaconi</span> <span class='ocrx_word' id='word_1_34' title='bbox 1148 607 1250 661; x_wconf 91' lang='lat' dir='ltr'>pro</span> <span class='ocrx_word' id='word_1_35' title='bbox 1284 592 1732 646; x_wconf 82' lang='lat' dir='ltr'>necessitatibus</span> <span class='ocrx_word' id='word_1_36' title='bbox 1762 594 2031 647; x_wconf 87' lang='lat' dir='ltr'>ecclesia-</span> 
     </span>
    </p>
   </div>
   <div class='ocr_carea' id='block_1_5' title="bbox 393 678 2034 752">
    <p class='ocr_par' dir='ltr' id='par_1_5' title="bbox 393 678 2034 752">
     <span class='ocr_line' id='line_1_5' title="bbox 393 678 2034 752; baseline 0.002 -20"><span class='ocrx_word' id='word_1_37' title='bbox 393 678 671 733; x_wconf 86' lang='lat' dir='ltr'>sticarum</span> <span class='ocrx_word' id='word_1_38' title='bbox 690 695 878 733; x_wconf 90' lang='lat' dir='ltr'>rerum</span> <span class='ocrx_word' id='word_1_39' title='bbox 905 696 1014 734; x_wconf 90' lang='lat' dir='ltr'>non</span> <span class='ocrx_word' id='word_1_40' title='bbox 1030 681 1578 750; x_wconf 90' lang='lat' dir='ltr'>obtemperaverunt</span> <span class='ocrx_word' id='word_1_41' title='bbox 1599 682 1885 752; x_wconf 83' lang='lat' dir='ltr'>episcopis</span> <span class='ocrx_word' id='word_1_42' title='bbox 1910 683 2034 736; x_wconf 88' lang='lat' dir='ltr'>suis</span> 
     </span>
    </p>
   </div>
   <div class='ocr_carea' id='block_1_6' title="bbox 392 766 2032 839">
    <p class='ocr_par' dir='ltr' id='par_1_6' title="bbox 392 766 2032 839">
     <span class='ocr_line' id='line_1_6' title="bbox 392 766 2032 839; baseline 0.003 -19"><span class='ocrx_word' id='word_1_43' title='bbox 392 766 719 821; x_wconf 84' lang='lat' dir='ltr'>volentibus</span> <span class='ocrx_word' id='word_1_44' title='bbox 772 784 868 821; x_wconf 86' lang='lat' dir='ltr'>eos</span> <span class='ocrx_word' id='word_1_45' title='bbox 919 768 987 822; x_wconf 87' lang='lat' dir='ltr'>ad</span> <span class='ocrx_word' id='word_1_46' title='bbox 1025 770 1299 822; x_wconf 83' lang='lat' dir='ltr'>honorem</span> <span class='ocrx_word' id='word_1_47' title='bbox 1342 769 1681 839; x_wconf 84' lang='lat' dir='ltr'>ampliorem</span> <span class='ocrx_word' id='word_1_48' title='bbox 1718 772 1773 824; x_wconf 91' lang='lat' dir='ltr'>in</span> <span class='ocrx_word' id='word_1_49' title='bbox 1808 788 1913 825; x_wconf 89' lang='lat' dir='ltr'>sua</span> <span class='ocrx_word' id='word_1_50' title='bbox 1943 788 2032 825; x_wconf 86' lang='lat' dir='ltr'>cc-</span> 
     </span>
    </p>
   </div>
   <div class='ocr_carea' id='block_1_7' title="bbox 394 855 2035 931">
    <p class='ocr_par' dir='ltr' id='par_1_7' title="bbox 394 855 2035 931">
     <span class='ocr_line' id='line_1_7' title="bbox 394 855 2035 931; baseline 0.002 -22"><span class='ocrx_word' id='word_1_51' title='bbox 394 855 571 911; x_wconf 87' lang='lat' dir='ltr'>clesia</span> <span class='ocrx_word' id='word_1_52' title='bbox 605 873 952 923; x_wconf 84' lang='lat' dir='ltr'>promovere,</span> <span class='ocrx_word' id='word_1_53' title='bbox 1000 874 1103 911; x_wconf 90' lang='lat' dir='ltr'>nec</span> <span class='ocrx_word' id='word_1_54' title='bbox 1136 858 1219 910; x_wconf 88' lang='lat' dir='ltr'>illi</span> <span class='ocrx_word' id='word_1_55' title='bbox 1258 858 1593 913; x_wconf 81' lang='lat' dir='ltr'>ministrent</span> <span class='ocrx_word' id='word_1_56' title='bbox 1624 860 1680 912; x_wconf 91' lang='lat' dir='ltr'>in</span> <span class='ocrx_word' id='word_1_57' title='bbox 1714 877 1819 913; x_wconf 87' lang='lat' dir='ltr'>suo</span> <span class='ocrx_word' id='word_1_58' title='bbox 1851 862 2035 931; x_wconf 87' lang='lat' dir='ltr'>gradu</span> 
     </span>
    </p>
   </div>
   <div class='ocr_carea' id='block_1_8' title="bbox 398 944 1207 1001">
    <p class='ocr_par' dir='ltr' id='par_1_8' title="bbox 398 944 1207 1001">
     <span class='ocr_line' id='line_1_8' title="bbox 398 944 1207 1001; baseline 0.002 -2"><span class='ocrx_word' id='word_1_59' title='bbox 398 946 552 999; x_wconf 88' lang='lat' dir='ltr'>unde</span> <span class='ocrx_word' id='word_1_60' title='bbox 582 944 889 999; x_wconf 87' lang='lat' dir='ltr'>noluerunt</span> <span class='ocrx_word' id='word_1_61' title='bbox 920 947 1207 1001; x_wconf 84' lang='lat' dir='ltr'>recedere.</span> 
     </span>
    </p>
   </div>
   <div class='ocr_carea' id='block_1_9' title="bbox 370 1050 2037 1119">
    <p class='ocr_par' dir='ltr' id='par_1_9' title="bbox 370 1050 2037 1119">
     <span class='ocr_line' id='line_1_9' title="bbox 370 1050 2037 1119; baseline 0.005 -16"><span class='ocrx_word' id='word_1_62' title='bbox 370 1051 525 1106; x_wconf 88' lang='lat' dir='ltr'>CAP.</span> <span class='ocrx_word' id='word_1_63' title='bbox 558 1050 689 1105; x_wconf 86' lang='lat' dir='ltr'>XLI.</span> <span class='ocrx_word' id='word_1_64' title='bbox 726 1083 793 1091; x_wconf 91' lang='lat'><strong>—</strong></span> <span class='ocrx_word' id='word_1_65' title='bbox 841 1052 991 1119; x_wconf 83' lang='lat' dir='ltr'>Quod</span> <span class='ocrx_word' id='word_1_66' title='bbox 1020 1053 1209 1107; x_wconf 86' lang='lat' dir='ltr'>nullus</span> <span class='ocrx_word' id='word_1_67' title='bbox 1247 1054 1478 1107; x_wconf 77' lang='lat' dir='ltr'>clericus</span> <span class='ocrx_word' id='word_1_68' title='bbox 1507 1054 1595 1108; x_wconf 87' lang='lat' dir='ltr'>die</span> <span class='ocrx_word' id='word_1_69' title='bbox 1630 1057 1907 1110; x_wconf 82' lang='lat' dir='ltr'>Dominico</span> <span class='ocrx_word' id='word_1_70' title='bbox 1938 1058 2037 1111; x_wconf 83' lang='lat' dir='ltr'>ali-</span> 
     </span>
    </p>
   </div>
   <div class='ocr_carea' id='block_1_10' title="bbox 560 1122 1863 1193">
    <p class='ocr_par' dir='ltr' id='par_1_10' title="bbox 560 1122 1863 1193">
     <span class='ocr_line' id='line_1_10' title="bbox 560 1122 1863 1193; baseline 0.005 -18"><span class='ocrx_word' id='word_1_71' title='bbox 560 1122 699 1192; x_wconf 86' lang='lat' dir='ltr'>quod</span> <span class='ocrx_word' id='word_1_72' title='bbox 726 1123 996 1178; x_wconf 71' lang='lat' dir='ltr'>saeculare</span> <span class='ocrx_word' id='word_1_73' title='bbox 1023 1125 1306 1193; x_wconf 82' lang='lat' dir='ltr'>negotium</span> <span class='ocrx_word' id='word_1_74' title='bbox 1338 1125 1534 1179; x_wconf 79' lang='lat' dir='ltr'>audeat</span> <span class='ocrx_word' id='word_1_75' title='bbox 1568 1127 1863 1181; x_wconf 83' lang='lat' dir='ltr'>vindicare.</span> 
     </span>
    </p>
   </div>
   <div class='ocr_carea' id='block_1_11' title="bbox 465 1211 2035 1287">
    <p class='ocr_par' dir='ltr' id='par_1_11' title="bbox 465 1211 2035 1287">
     <span class='ocr_line' id='line_1_11' title="bbox 465 1211 2035 1287; baseline 0.004 -23"><span class='ocrx_word' id='word_1_76' title='bbox 465 1211 695 1279; x_wconf 83' lang='lat' dir='ltr'>(Concil.</span> <span class='ocrx_word' id='word_1_77' title='bbox 731 1212 1015 1266; x_wconf 67' lang='lat' dir='ltr'>Tarrai-on.</span> <span class='ocrx_word' id='word_1_78' title='bbox 1051 1229 1099 1266; x_wconf 83' lang='grc' dir='ltr'>ο.</span> <span class='ocrx_word' id='word_1_79' title='bbox 1134 1212 1210 1283; x_wconf 87' lang='grc'>4.)</span> <span class='ocrx_word' id='word_1_80' title='bbox 1234 1212 1305 1267; x_wconf 93' lang='lat' dir='ltr'>Ut</span> <span class='ocrx_word' id='word_1_81' title='bbox 1339 1213 1535 1267; x_wconf 90' lang='lat' dir='ltr'>nullus</span> <span class='ocrx_word' id='word_1_82' title='bbox 1567 1216 2035 1287; x_wconf 79' lang='lat' dir='ltr'>presbyterorum</span> 
     </span>
    </p>
   </div>
   <div class='ocr_carea' id='block_1_12' title="bbox 392 1298 2039 1373">
    <p class='ocr_par' dir='ltr' id='par_1_12' title="bbox 392 1298 2039 1373">
     <span class='ocr_line' id='line_1_12' title="bbox 392 1298 2039 1373; baseline 0.005 -21"><span class='ocrx_word' id='word_1_83' title='bbox 392 1298 480 1354; x_wconf 86' lang='lat' dir='ltr'>vel</span> <span class='ocrx_word' id='word_1_84' title='bbox 513 1299 858 1354; x_wconf 88' lang='lat' dir='ltr'>clericorum</span> <span class='ocrx_word' id='word_1_85' title='bbox 882 1301 974 1354; x_wconf 91' lang='lat' dir='ltr'>die</span> <span class='ocrx_word' id='word_1_86' title='bbox 999 1300 1300 1355; x_wconf 92' lang='lat' dir='ltr'>Dominico</span> <span class='ocrx_word' id='word_1_87' title='bbox 1332 1303 1693 1372; x_wconf 89' lang='lat' dir='ltr'>propositum</span> <span class='ocrx_word' id='word_1_88' title='bbox 1727 1305 2039 1373; x_wconf 87' lang='lat' dir='ltr'>cujuscun-</span> 
     </span>
    </p>
   </div>
   <div class='ocr_carea' id='block_1_13' title="bbox 394 1387 2038 1459">
    <p class='ocr_par' dir='ltr' id='par_1_13' title="bbox 394 1387 2038 1459">
     <span class='ocr_line' id='line_1_13' title="bbox 394 1387 2038 1459; baseline 0.004 -18"><span class='ocrx_word' id='word_1_89' title='bbox 394 1403 510 1458; x_wconf 85' lang='lat' dir='ltr'>que</span> <span class='ocrx_word' id='word_1_90' title='bbox 540 1403 729 1443; x_wconf 69' lang='lat' dir='ltr'>causaa</span> <span class='ocrx_word' id='word_1_91' title='bbox 784 1387 1081 1459; x_wconf 85' lang='lat' dir='ltr'>negotium</span> <span class='ocrx_word' id='word_1_92' title='bbox 1140 1389 1353 1444; x_wconf 83' lang='lat' dir='ltr'>audeat</span> <span class='ocrx_word' id='word_1_93' title='bbox 1408 1391 1723 1459; x_wconf 88' lang='lat' dir='ltr'>vindicare,</span> <span class='ocrx_word' id='word_1_94' title='bbox 1786 1394 1896 1448; x_wconf 89' lang='lat' dir='ltr'>nisi</span> <span class='ocrx_word' id='word_1_95' title='bbox 1930 1394 2038 1448; x_wconf 90' lang='lat' dir='ltr'>hoc</span> 
     </span>
    </p>
   </div>
   <div class='ocr_carea' id='block_1_14' title="bbox 395 1477 2041 1553">
    <p class='ocr_par' dir='ltr' id='par_1_14' title="bbox 395 1477 2041 1553">
     <span class='ocr_line' id='line_1_14' title="bbox 395 1477 2041 1553; baseline 0.005 -24"><span class='ocrx_word' id='word_1_96' title='bbox 395 1479 647 1542; x_wconf 83' lang='lat' dir='ltr'>tantum,</span> <span class='ocrx_word' id='word_1_97' title='bbox 682 1479 745 1529; x_wconf 89' lang='lat' dir='ltr'>ut</span> <span class='ocrx_word' id='word_1_98' title='bbox 777 1479 887 1531; x_wconf 89' lang='lat' dir='ltr'>Deo</span> <span class='ocrx_word' id='word_1_99' title='bbox 919 1481 1141 1532; x_wconf 87' lang='lat' dir='ltr'>statuta</span> <span class='ocrx_word' id='word_1_100' title='bbox 1162 1477 1446 1534; x_wconf 87' lang='lat' dir='ltr'>solemnia</span> <span class='ocrx_word' id='word_1_101' title='bbox 1476 1486 1775 1553; x_wconf 75' lang='lat' dir='ltr'>peragant.</span> <span class='ocrx_word' id='word_1_102' title='bbox 1809 1482 2041 1538; x_wconf 74' lang='lat' dir='ltr'>Czeteris</span> 
     </span>
    </p>
   </div>
   <div class='ocr_carea' id='block_1_15' title="bbox 393 1562 2041 1641">
    <p class='ocr_par' dir='ltr' id='par_1_15' title="bbox 393 1562 2041 1641">
     <span class='ocr_line' id='line_1_15' title="bbox 393 1562 2041 1641; baseline 0.005 -24"><span class='ocrx_word' id='word_1_103' title='bbox 393 1576 528 1618; x_wconf 87' lang='lat' dir='ltr'>vero</span> <span class='ocrx_word' id='word_1_104' title='bbox 556 1562 783 1631; x_wconf 90' lang='lat' dir='ltr'>diebus,</span> <span class='ocrx_word' id='word_1_105' title='bbox 818 1563 1226 1622; x_wconf 89' lang='lat' dir='ltr'>cohibentibus</span> <span class='ocrx_word' id='word_1_106' title='bbox 1272 1568 1559 1639; x_wconf 88' lang='lat' dir='ltr'>personis,</span> <span class='ocrx_word' id='word_1_107' title='bbox 1591 1568 1694 1625; x_wconf 86' lang='lat' dir='ltr'>illa</span> <span class='ocrx_word' id='word_1_108' title='bbox 1721 1587 1846 1640; x_wconf 67' lang='lat' dir='ltr'>quas</span> <span class='ocrx_word' id='word_1_109' title='bbox 1870 1572 2041 1641; x_wconf 85' lang='lat' dir='ltr'>juxta</span> 
     </span>
    </p>
   </div>
   <div class='ocr_carea' id='block_1_16' title="bbox 395 1650 2038 1730">
    <p class='ocr_par' dir='ltr' id='par_1_16' title="bbox 395 1650 2038 1730">
     <span class='ocr_line' id='line_1_16' title="bbox 395 1650 2038 1730; baseline 0.006 -25"><span class='ocrx_word' id='word_1_110' title='bbox 395 1655 534 1705; x_wconf 86' lang='lat' dir='ltr'>sunt</span> <span class='ocrx_word' id='word_1_111' title='bbox 556 1650 769 1707; x_wconf 89' lang='lat' dir='ltr'>habeat</span> <span class='ocrx_word' id='word_1_112' title='bbox 794 1652 1088 1708; x_wconf 88' lang='lat' dir='ltr'>licentiam</span> <span class='ocrx_word' id='word_1_113' title='bbox 1114 1654 1442 1726; x_wconf 89' lang='lat' dir='ltr'>judicandi,</span> <span class='ocrx_word' id='word_1_114' title='bbox 1475 1658 1729 1730; x_wconf 85' lang='lat' dir='ltr'>exceptis</span> <span class='ocrx_word' id='word_1_115' title='bbox 1761 1659 2038 1715; x_wconf 88' lang='lat' dir='ltr'>crimina-</span> 
     </span>
    </p>
   </div>
   <div class='ocr_carea' id='block_1_17' title="bbox 395 1738 847 1813">
    <p class='ocr_par' dir='ltr' id='par_1_17' title="bbox 395 1738 847 1813">
     <span class='ocr_line' id='line_1_17' title="bbox 395 1738 847 1813; baseline 0.007 -20"><span class='ocrx_word' id='word_1_116' title='bbox 395 1738 548 1795; x_wconf 89' lang='lat' dir='ltr'>libus</span> <span class='ocrx_word' id='word_1_117' title='bbox 579 1740 847 1813; x_wconf 88' lang='lat' dir='ltr'>negotiis.</span> 
     </span>
    </p>
   </div>
   <div class='ocr_carea' id='block_1_18' title="bbox 469 1847 1971 1927">
    <p class='ocr_par' dir='ltr' id='par_1_18' title="bbox 469 1847 1971 1927">
     <span class='ocr_line' id='line_1_18' title="bbox 469 1847 1971 1927; baseline 0.006 -26"><span class='ocrx_word' id='word_1_118' title='bbox 469 1847 604 1902; x_wconf 87' lang='lat' dir='ltr'>CAP.</span> <span class='ocrx_word' id='word_1_119' title='bbox 636 1847 797 1904; x_wconf 89' lang='lat' dir='ltr'><strong>XLII.</strong></span> <span class='ocrx_word' id='word_1_120' title='bbox 825 1880 890 1889; x_wconf 89' lang='lat'><strong><em>—</em></strong></span> <span class='ocrx_word' id='word_1_121' title='bbox 916 1850 977 1906; x_wconf 88' lang='lat' dir='ltr'>Ut</span> <span class='ocrx_word' id='word_1_122' title='bbox 1001 1849 1216 1927; x_wconf 79' lang='lat' dir='ltr'>clericis</span> <span class='ocrx_word' id='word_1_123' title='bbox 1250 1852 1480 1909; x_wconf 79' lang='lat' dir='ltr'>ludicris</span> <span class='ocrx_word' id='word_1_124' title='bbox 1508 1856 1830 1927; x_wconf 74' lang='lat' dir='ltr'>spectaculis</span> <span class='ocrx_word' id='word_1_125' title='bbox 1860 1872 1971 1912; x_wconf 88' lang='lat' dir='ltr'>non</span> 
     </span>
    </p>
   </div>
   <div class='ocr_carea' id='block_1_19' title="bbox 1079 1925 1356 1979">
    <p class='ocr_par' dir='ltr' id='par_1_19' title="bbox 1079 1925 1356 1979">
     <span class='ocr_line' id='line_1_19' title="bbox 1079 1925 1356 1979; baseline 0.007 -2"><span class='ocrx_word' id='word_1_126' title='bbox 1079 1925 1356 1979; x_wconf 72' lang='lat' dir='ltr'>intersint.</span> 
     </span>
    </p>
   </div>
   <div class='ocr_carea' id='block_1_20' title="bbox 466 2007 2043 2086">
    <p class='ocr_par' dir='ltr' id='par_1_20' title="bbox 466 2007 2043 2086">
     <span class='ocr_line' id='line_1_20' title="bbox 466 2007 2043 2086; baseline 0.006 -23"><span class='ocrx_word' id='word_1_127' title='bbox 466 2007 704 2079; x_wconf 83' lang='lat' dir='ltr'>(Concil.</span> <span class='ocrx_word' id='word_1_128' title='bbox 762 2009 1095 2065; x_wconf 88' lang='lat' dir='ltr'>Laodicense</span> <span class='ocrx_word' id='word_1_129' title='bbox 1113 2013 1292 2082; x_wconf 65' lang='lat' dir='ltr'>c.54.)</span> <span class='ocrx_word' id='word_1_130' title='bbox 1332 2014 1455 2069; x_wconf 88' lang='lat' dir='ltr'>Non</span> <span class='ocrx_word' id='word_1_131' title='bbox 1487 2020 1712 2086; x_wconf 89' lang='lat' dir='ltr'>oportet</span> <span class='ocrx_word' id='word_1_132' title='bbox 1741 2017 2043 2072; x_wconf 87' lang='lat' dir='ltr'>ministros</span> 
     </span>
    </p>
   </div>
   <div class='ocr_carea' id='block_1_21' title="bbox 395 2096 2038 2177">
    <p class='ocr_par' dir='ltr' id='par_1_21' title="bbox 395 2096 2038 2177">
     <span class='ocr_line' id='line_1_21' title="bbox 395 2096 2038 2177; baseline 0.005 -25"><span class='ocrx_word' id='word_1_133' title='bbox 395 2096 616 2162; x_wconf 86' lang='lat' dir='ltr'>altaris,</span> <span class='ocrx_word' id='word_1_134' title='bbox 647 2096 738 2152; x_wconf 91' lang='lat' dir='ltr'>vel</span> <span class='ocrx_word' id='word_1_135' title='bbox 768 2098 1060 2169; x_wconf 89' lang='lat' dir='ltr'>quoslibet</span> <span class='ocrx_word' id='word_1_136' title='bbox 1085 2099 1325 2156; x_wconf 90' lang='lat' dir='ltr'>clericos</span> <span class='ocrx_word' id='word_1_137' title='bbox 1347 2105 1696 2173; x_wconf 87' lang='lat' dir='ltr'>spectaculis</span> <span class='ocrx_word' id='word_1_138' title='bbox 1719 2105 2038 2177; x_wconf 86' lang='lat' dir='ltr'>aliquibus,</span> 
     </span>
    </p>
   </div>
   <div class='ocr_carea' id='block_1_22' title="bbox 398 2185 2038 2266">
    <p class='ocr_par' dir='ltr' id='par_1_22' title="bbox 398 2185 2038 2266">
     <span class='ocr_line' id='line_1_22' title="bbox 398 2185 2038 2266; baseline 0.005 -26"><span class='ocrx_word' id='word_1_139' title='bbox 398 2200 522 2257; x_wconf 62' lang='lat' dir='ltr'>qua</span> <span class='ocrx_word' id='word_1_140' title='bbox 552 2190 655 2241; x_wconf 85' lang='lat' dir='ltr'>aut</span> <span class='ocrx_word' id='word_1_141' title='bbox 684 2185 743 2240; x_wconf 88' lang='lat' dir='ltr'>in</span> <span class='ocrx_word' id='word_1_142' title='bbox 776 2187 1131 2258; x_wconf 86' lang='lat' dir='ltr'>nuptiis,aut</span> <span class='ocrx_word' id='word_1_143' title='bbox 1160 2188 1219 2242; x_wconf 91' lang='lat' dir='ltr'>in</span> <span class='ocrx_word' id='word_1_144' title='bbox 1252 2190 1445 2246; x_wconf 88' lang='lat' dir='ltr'>scenis</span> <span class='ocrx_word' id='word_1_145' title='bbox 1490 2191 1857 2266; x_wconf 85' lang='lat' dir='ltr'>exhibentur,</span> <span class='ocrx_word' id='word_1_146' title='bbox 1891 2194 2038 2249; x_wconf 87' lang='lat' dir='ltr'>inte-</span> 
     </span>
    </p>
   </div>
   <div class='ocr_carea' id='block_1_23' title="bbox 394 2275 2037 2352">
    <p class='ocr_par' dir='ltr' id='par_1_23' title="bbox 394 2275 2037 2352">
     <span class='ocr_line' id='line_1_23' title="bbox 394 2275 2037 2352; baseline 0.004 -21"><span class='ocrx_word' id='word_1_147' title='bbox 394 2287 574 2345; x_wconf 83' lang='lat' dir='ltr'>resse,</span> <span class='ocrx_word' id='word_1_148' title='bbox 608 2275 708 2330; x_wconf 90' lang='lat' dir='ltr'>sed</span> <span class='ocrx_word' id='word_1_149' title='bbox 741 2279 1057 2346; x_wconf 85' lang='lat' dir='ltr'>antequam</span> <span class='ocrx_word' id='word_1_150' title='bbox 1107 2275 1404 2347; x_wconf 80' lang='lat' dir='ltr'>thymelici</span> <span class='ocrx_word' id='word_1_151' title='bbox 1447 2279 1873 2352; x_wconf 86' lang='lat' dir='ltr'>ingrediantur,</span> <span class='ocrx_word' id='word_1_152' title='bbox 1908 2300 2037 2337; x_wconf 89' lang='lat' dir='ltr'>sur-</span> 
     </span>
    </p>
   </div>
   <div class='ocr_carea' id='block_1_24' title="bbox 398 2362 1612 2436">
    <p class='ocr_par' dir='ltr' id='par_1_24' title="bbox 398 2362 1612 2436">
     <span class='ocr_line' id='line_1_24' title="bbox 398 2362 1612 2436; baseline 0.004 -16"><span class='ocrx_word' id='word_1_153' title='bbox 398 2378 529 2436; x_wconf 81' lang='lat' dir='ltr'>gere</span> <span class='ocrx_word' id='word_1_154' title='bbox 561 2379 660 2418; x_wconf 90' lang='lat' dir='ltr'>eos</span> <span class='ocrx_word' id='word_1_155' title='bbox 692 2362 762 2419; x_wconf 91' lang='lat' dir='ltr'>de</span> <span class='ocrx_word' id='word_1_156' title='bbox 790 2364 1072 2430; x_wconf 87' lang='lat' dir='ltr'>convivio,</span> <span class='ocrx_word' id='word_1_157' title='bbox 1105 2370 1163 2420; x_wconf 87' lang='lat' dir='ltr'>et</span> <span class='ocrx_word' id='word_1_158' title='bbox 1193 2366 1352 2421; x_wconf 89' lang='lat' dir='ltr'>abire</span> <span class='ocrx_word' id='word_1_159' title='bbox 1383 2368 1612 2425; x_wconf 86' lang='lat' dir='ltr'>debere.</span> 
     </span>
    </p>
   </div>
   <div class='ocr_carea' id='block_1_25' title="bbox 398 2470 2039 2547">
    <p class='ocr_par' dir='ltr' id='par_1_25' title="bbox 398 2470 2039 2547">
     <span class='ocr_line' id='line_1_25' title="bbox 398 2470 2039 2547; baseline 0.007 -23"><span class='ocrx_word' id='word_1_160' title='bbox 398 2473 527 2524; x_wconf 91' lang='lat' dir='ltr'>CAP.</span> <span class='ocrx_word' id='word_1_161' title='bbox 561 2470 753 2525; x_wconf 87' lang='lat' dir='ltr'>XLIII.</span> <span class='ocrx_word' id='word_1_162' title='bbox 786 2471 945 2547; x_wconf 88' lang='lat' dir='ltr'>—_Ut</span> <span class='ocrx_word' id='word_1_163' title='bbox 991 2471 1187 2547; x_wconf 75' lang='lat' dir='ltr'>clerici</span> <span class='ocrx_word' id='word_1_164' title='bbox 1219 2489 1318 2543; x_wconf 88' lang='lat' dir='ltr'>per</span> <span class='ocrx_word' id='word_1_165' title='bbox 1353 2474 1582 2544; x_wconf 79' lang='lat' dir='ltr'>plateas,</span> <span class='ocrx_word' id='word_1_166' title='bbox 1613 2477 1694 2532; x_wconf 85' lang='lat' dir='ltr'>vel</span> <span class='ocrx_word' id='word_1_167' title='bbox 1743 2478 2039 2547; x_wconf 83' lang='lat' dir='ltr'>andronas,</span> 
     </span>
    </p>
   </div>
   <div class='ocr_carea' id='block_1_26' title="bbox 790 2542 1645 2603">
    <p class='ocr_par' dir='ltr' id='par_1_26' title="bbox 790 2542 1645 2603">
     <span class='ocr_line' id='line_1_26' title="bbox 790 2542 1645 2603; baseline 0.009 -8"><span class='ocrx_word' id='word_1_168' title='bbox 790 2542 874 2597; x_wconf 88' lang='lat' dir='ltr'>vel</span> <span class='ocrx_word' id='word_1_169' title='bbox 901 2543 1179 2597; x_wconf 83' lang='lat' dir='ltr'>nundinas</span> <span class='ocrx_word' id='word_1_170' title='bbox 1206 2542 1317 2599; x_wconf 82' lang='lat' dir='ltr'>non</span> <span class='ocrx_word' id='word_1_171' title='bbox 1348 2542 1645 2603; x_wconf 81' lang='lat' dir='ltr'>ambulent.</span> 
     </span>
    </p>
   </div>
   <div class='ocr_carea' id='block_1_27' title="bbox 470 2628 2039 2713">
    <p class='ocr_par' dir='ltr' id='par_1_27' title="bbox 470 2628 2039 2713">
     <span class='ocr_line' id='line_1_27' title="bbox 470 2628 2039 2713; baseline 0.008 -30"><span class='ocrx_word' id='word_1_172' title='bbox 470 2628 696 2701; x_wconf 85' lang='lat' dir='ltr'>(Concil.</span> <span class='ocrx_word' id='word_1_173' title='bbox 730 2632 985 2701; x_wconf 83' lang='lat' dir='ltr'>Carthag.</span> <span class='ocrx_word' id='word_1_174' title='bbox 1019 2649 1094 2699; x_wconf 83' lang='lat' dir='ltr'>1v,</span> <span class='ocrx_word' id='word_1_175' title='bbox 1130 2649 1178 2687; x_wconf 93' lang='lat' dir='ltr'>c.</span> <span class='ocrx_word' id='word_1_176' title='bbox 1217 2634 1305 2701; x_wconf 79' lang='grc'>47,</span> <span class='ocrx_word' id='word_1_177' title='bbox 1361 2635 1463 2701; x_wconf 82' lang='grc' dir='ltr'>1ι8;</span> <span class='ocrx_word' id='word_1_178' title='bbox 1500 2636 1691 2692; x_wconf 83' lang='lat' dir='ltr'>Carth.</span> <span class='ocrx_word' id='word_1_179' title='bbox 1726 2656 1811 2703; x_wconf 89' lang='lat' dir='ltr'>III,</span> <span class='ocrx_word' id='word_1_180' title='bbox 1845 2657 1892 2694; x_wconf 92' lang='lat' dir='ltr'>c.</span> <span class='ocrx_word' id='word_1_181' title='bbox 1926 2642 2039 2713; x_wconf 85' lang='lat'>27).</span> 
     </span>
    </p>
   </div>
   <div class='ocr_carea' id='block_1_28' title="bbox 399 2717 2039 2794">
    <p class='ocr_par' dir='ltr' id='par_1_28' title="bbox 399 2717 2039 2794">
     <span class='ocr_line' id='line_1_28' title="bbox 399 2717 2039 2794; baseline 0.007 -22"><span class='ocrx_word' id='word_1_182' title='bbox 399 2717 600 2773; x_wconf 90' lang='lat' dir='ltr'>Clerici</span> <span class='ocrx_word' id='word_1_183' title='bbox 633 2734 733 2789; x_wconf 92' lang='lat' dir='ltr'>per</span> <span class='ocrx_word' id='word_1_184' title='bbox 763 2719 1006 2791; x_wconf 87' lang='lat' dir='ltr'>plateas,</span> <span class='ocrx_word' id='word_1_185' title='bbox 1031 2720 1117 2774; x_wconf 87' lang='lat' dir='ltr'>vel</span> <span class='ocrx_word' id='word_1_186' title='bbox 1135 2722 1446 2794; x_wconf 89' lang='lat' dir='ltr'>andronas,</span> <span class='ocrx_word' id='word_1_187' title='bbox 1478 2732 1579 2779; x_wconf 89' lang='lat' dir='ltr'>aut</span> <span class='ocrx_word' id='word_1_188' title='bbox 1611 2727 1902 2783; x_wconf 85' lang='lat' dir='ltr'>nundinas</span> <span class='ocrx_word' id='word_1_189' title='bbox 1926 2747 2039 2785; x_wconf 88' lang='lat' dir='ltr'>non</span> 
     </span>
    </p>
   </div>
   <div class='ocr_carea' id='block_1_29' title="bbox 401 2806 2041 2879">
    <p class='ocr_par' dir='ltr' id='par_1_29' title="bbox 401 2806 2041 2879">
     <span class='ocr_line' id='line_1_29' title="bbox 401 2806 2041 2879; baseline 0.008 -18"><span class='ocrx_word' id='word_1_190' title='bbox 401 2806 724 2875; x_wconf 89' lang='lat' dir='ltr'>ambulent,</span> <span class='ocrx_word' id='word_1_191' title='bbox 758 2813 810 2863; x_wconf 87' lang='lat' dir='ltr'>et</span> <span class='ocrx_word' id='word_1_192' title='bbox 842 2809 914 2864; x_wconf 91' lang='lat' dir='ltr'>ad</span> <span class='ocrx_word' id='word_1_193' title='bbox 949 2809 1159 2879; x_wconf 90' lang='lat' dir='ltr'>forum,</span> <span class='ocrx_word' id='word_1_194' title='bbox 1195 2810 1277 2865; x_wconf 87' lang='lat' dir='ltr'>vel</span> <span class='ocrx_word' id='word_1_195' title='bbox 1312 2814 1584 2870; x_wconf 88' lang='lat' dir='ltr'>tabernas</span> <span class='ocrx_word' id='word_1_196' title='bbox 1616 2833 1730 2871; x_wconf 91' lang='lat' dir='ltr'>non</span> <span class='ocrx_word' id='word_1_197' title='bbox 1764 2820 2041 2874; x_wconf 87' lang='lat' dir='ltr'>accedant</span> 
     </span>
    </p>
   </div>
   <div class='ocr_carea' id='block_1_30' title="bbox 399 2896 2040 2973">
    <p class='ocr_par' dir='ltr' id='par_1_30' title="bbox 399 2896 2040 2973">
     <span class='ocr_line' id='line_1_30' title="bbox 399 2896 2040 2973; baseline 0.007 -23"><span class='ocrx_word' id='word_1_198' title='bbox 399 2896 621 2966; x_wconf 86' lang='lat' dir='ltr'>absque</span> <span class='ocrx_word' id='word_1_199' title='bbox 652 2900 807 2951; x_wconf 87' lang='lat' dir='ltr'>certa</span> <span class='ocrx_word' id='word_1_200' title='bbox 836 2898 1094 2969; x_wconf 90' lang='lat' dir='ltr'>corporis</span> <span class='ocrx_word' id='word_1_201' title='bbox 1124 2898 1211 2954; x_wconf 90' lang='lat' dir='ltr'>vel</span> <span class='ocrx_word' id='word_1_202' title='bbox 1243 2901 1416 2955; x_wconf 84' lang='lat' dir='ltr'>ofﬁcii</span> <span class='ocrx_word' id='word_1_203' title='bbox 1450 2903 1541 2957; x_wconf 91' lang='lat' dir='ltr'>sui</span> <span class='ocrx_word' id='word_1_204' title='bbox 1563 2908 1927 2973; x_wconf 87' lang='lat' dir='ltr'>necessitate,</span> <span class='ocrx_word' id='word_1_205' title='bbox 1954 2908 2040 2963; x_wconf 85' lang='lat' dir='ltr'>vel</span> 
     </span>
    </p>
   </div>
   <div class='ocr_carea' id='block_1_31' title="bbox 399 2982 2039 3062">
    <p class='ocr_par' dir='ltr' id='par_1_31' title="bbox 399 2982 2039 3062">
     <span class='ocr_line' id='line_1_31' title="bbox 399 2982 2039 3062; baseline 0.01 -25"><span class='ocrx_word' id='word_1_206' title='bbox 399 2982 447 3038; x_wconf 92' lang='lat' dir='ltr'>si</span> <span class='ocrx_word' id='word_1_207' title='bbox 479 2983 694 3038; x_wconf 85' lang='lat' dir='ltr'>fuerint</span> <span class='ocrx_word' id='word_1_208' title='bbox 723 2985 1182 3056; x_wconf 86' lang='lat' dir='ltr'>peregrinatione</span> <span class='ocrx_word' id='word_1_209' title='bbox 1213 2990 1540 3062; x_wconf 89' lang='lat' dir='ltr'>compulsi;</span> <span class='ocrx_word' id='word_1_210' title='bbox 1591 3010 1695 3049; x_wconf 90' lang='lat' dir='ltr'>nec</span> <span class='ocrx_word' id='word_1_211' title='bbox 1736 2995 1814 3049; x_wconf 90' lang='lat' dir='ltr'>ibi</span> <span class='ocrx_word' id='word_1_212' title='bbox 1849 3013 2039 3053; x_wconf 77' lang='lat' dir='ltr'>come-</span> 
     </span>
    </p>
   </div>
   <div class='ocr_carea' id='block_1_32' title="bbox 400 3071 1293 3145">
    <p class='ocr_par' dir='ltr' id='par_1_32' title="bbox 400 3071 1293 3145">
     <span class='ocr_line' id='line_1_32' title="bbox 400 3071 1293 3145; baseline 0.009 -21"><span class='ocrx_word' id='word_1_213' title='bbox 400 3071 534 3127; x_wconf 89' lang='lat' dir='ltr'>dere</span> <span class='ocrx_word' id='word_1_214' title='bbox 563 3075 664 3126; x_wconf 86' lang='lat' dir='ltr'>aut</span> <span class='ocrx_word' id='word_1_215' title='bbox 691 3071 887 3128; x_wconf 90' lang='lat' dir='ltr'>bibere</span> <span class='ocrx_word' id='word_1_216' title='bbox 920 3081 1293 3145; x_wconf 68' lang='lat' dir='ltr'>praesumant.</span> 
     </span>
    </p>
   </div>
   <div class='ocr_carea' id='block_1_33' title="bbox 397 3154 2113 3259">
    <p class='ocr_par' dir='ltr' id='par_1_33' title="bbox 397 3154 2113 3259">
     <span class='ocr_line' id='line_1_33' title="bbox 397 3154 2113 3259; baseline 0.011 -29"><span class='ocrx_word' id='word_1_217' title='bbox 397 3179 529 3231; x_wconf 89' lang='lat' dir='ltr'>CAP.</span> <span class='ocrx_word' id='word_1_218' title='bbox 558 3176 749 3231; x_wconf 85' lang='lat' dir='ltr'>XLIV.</span> <span class='ocrx_word' id='word_1_219' title='bbox 783 3208 851 3218; x_wconf 90' lang='lat'>—</span> <span class='ocrx_word' id='word_1_220' title='bbox 882 3180 1011 3233; x_wconf 90' lang='lat' dir='ltr'>Item</span> <span class='ocrx_word' id='word_1_221' title='bbox 1038 3179 1309 3237; x_wconf 85' lang='lat' dir='ltr'>clericum</span> <span class='ocrx_word' id='word_1_222' title='bbox 1334 3187 1628 3241; x_wconf 86' lang='lat' dir='ltr'>scurrilem</span> <span class='ocrx_word' id='word_1_223' title='bbox 1653 3191 1992 3259; x_wconf 86' lang='lat' dir='ltr'>puniendum</span> <span class='ocrx_word' id='word_1_224' title='bbox 2018 3211 2037 3248; x_wconf 86' lang='lat'><strong><em>:</em></strong></span> <span class='ocrx_word' id='word_1_225' title='bbox 2070 3154 2113 3219; x_wconf 67' lang='grc' dir='ltr'>Ο</span> 
     </span>
    </p>
   </div>
   <div class='ocr_carea' id='block_1_34' title="bbox 471 3264 2038 3349">
    <p class='ocr_par' dir='ltr' id='par_1_34' title="bbox 471 3264 2038 3349">
     <span class='ocr_line' id='line_1_34' title="bbox 471 3264 2038 3349; baseline 0.012 -32"><span class='ocrx_word' id='word_1_226' title='bbox 471 3264 706 3335; x_wconf 87' lang='lat' dir='ltr'>(Concil.</span> <span class='ocrx_word' id='word_1_227' title='bbox 765 3265 1109 3337; x_wconf 55' lang='lat' dir='ltr'>Carthagav,</span> <span class='ocrx_word' id='word_1_228' title='bbox 1144 3285 1193 3323; x_wconf 82' lang='grc' dir='ltr'>ο.</span> <span class='ocrx_word' id='word_1_229' title='bbox 1243 3271 1358 3341; x_wconf 89' lang='grc'>60.)</span> <span class='ocrx_word' id='word_1_230' title='bbox 1390 3272 1677 3330; x_wconf 90' lang='lat' dir='ltr'>Clericum</span> <span class='ocrx_word' id='word_1_231' title='bbox 1712 3280 2038 3349; x_wconf 90' lang='lat' dir='ltr'>scurrilem,</span> 
     </span>
    </p>
   </div>
   <div class='ocr_carea' id='block_1_35' title="bbox 396 3352 2040 3428">
    <p class='ocr_par' dir='ltr' id='par_1_35' title="bbox 396 3352 2040 3428">
     <span class='ocr_line' id='line_1_35' title="bbox 396 3352 2040 3428; baseline 0.012 -22"><span class='ocrx_word' id='word_1_232' title='bbox 396 3356 455 3407; x_wconf 87' lang='lat' dir='ltr'>et</span> <span class='ocrx_word' id='word_1_233' title='bbox 488 3352 679 3408; x_wconf 89' lang='lat' dir='ltr'>verbis</span> <span class='ocrx_word' id='word_1_234' title='bbox 727 3354 997 3425; x_wconf 87' lang='lat' dir='ltr'>turpibus</span> <span class='ocrx_word' id='word_1_235' title='bbox 1026 3356 1373 3428; x_wconf 89' lang='lat' dir='ltr'>jocularem,</span> <span class='ocrx_word' id='word_1_236' title='bbox 1423 3362 1494 3417; x_wconf 88' lang='lat' dir='ltr'>ab</span> <span class='ocrx_word' id='word_1_237' title='bbox 1528 3365 1715 3420; x_wconf 74' lang='lat' dir='ltr'>officio</span> <span class='ocrx_word' id='word_1_238' title='bbox 1748 3369 2040 3426; x_wconf 87' lang='lat' dir='ltr'>retrahen-</span> 
     </span>
    </p>
   </div>
   <div class='ocr_carea' id='block_1_36' title="bbox 400 3441 905 3498">
    <p class='ocr_par' dir='ltr' id='par_1_36' title="bbox 400 3441 905 3498">
     <span class='ocr_line' id='line_1_36' title="bbox 400 3441 905 3498; baseline 0.006 -3"><span class='ocrx_word' id='word_1_239' title='bbox 400 3441 543 3496; x_wconf 89' lang='lat' dir='ltr'>dum</span> <span class='ocrx_word' id='word_1_240' title='bbox 575 3458 905 3498; x_wconf 89' lang='lat' dir='ltr'>censemus.</span> 
     </span>
    </p>
   </div>
   <div class='ocr_carea' id='block_1_37' title="bbox 400 3550 2041 3681">
    <p class='ocr_par' dir='ltr' id='par_1_37' title="bbox 400 3550 2041 3681">
     <span class='ocr_line' id='line_1_37' title="bbox 400 3550 2041 3681; baseline 0.012 -78"><span class='ocrx_word' id='word_1_241' title='bbox 400 3552 530 3604; x_wconf 92' lang='lat' dir='ltr'>CAP.</span> <span class='ocrx_word' id='word_1_242' title='bbox 566 3550 730 3603; x_wconf 86' lang='lat' dir='ltr'>XLV.</span> <span class='ocrx_word' id='word_1_243' title='bbox 765 3581 831 3589; x_wconf 98' lang='lat'><strong>—</strong></span> <span class='ocrx_word' id='word_1_244' title='bbox 861 3551 997 3605; x_wconf 89' lang='lat' dir='ltr'>Item</span> <span class='ocrx_word' id='word_1_245' title='bbox 1027 3552 1274 3681; x_wconf 40' lang='lat' dir='ltr'>clericis:</span> <span class='ocrx_word' id='word_1_246' title='bbox 1303 3555 1575 3615; x_wconf 84' lang='lat' dir='ltr'>adulator</span> <span class='ocrx_word' id='word_1_247' title='bbox 1602 3566 1656 3616; x_wconf 89' lang='lat' dir='ltr'>et</span> <span class='ocrx_word' id='word_1_248' title='bbox 1680 3565 1933 3634; x_wconf 84' lang='lat' dir='ltr'>proditor</span> <span class='ocrx_word' id='word_1_249' title='bbox 1954 3567 2041 3622; x_wconf 89' lang='lat' dir='ltr'>de-</span> 
     </span>
     <span class='ocr_line' id='line_1_38' title="bbox 1085 3642 1363 3681; baseline 0 0"><span class='ocrx_word' id='word_1_250' title='bbox 1085 3642 1185 3681; x_wconf 86' lang='lat' dir='ltr'>ora</span> <span class='ocrx_word' id='word_1_251' title='bbox 1278 3644 1363 3681; x_wconf 90' lang='lat' dir='ltr'>ur.</span> 
     </span>
    </p>
   </div>
   <div class='ocr_carea' id='block_1_38' title="bbox 1083 3642 1363 3695">
    <p class='ocr_par' dir='ltr' id='par_1_38' title="bbox 1083 3642 1363 3695">
     <span class='ocr_line' id='line_1_39' title="bbox 1083 3642 1363 3695; baseline 0.018 -19"><span class='ocrx_word' id='word_1_252' title='bbox 1083 3642 1363 3695; x_wconf 82' lang='lat' dir='ltr'>graaetur.</span> 
     </span>
    </p>
   </div>
   <div class='ocr_carea' id='block_1_39' title="bbox 472 3709 2041 3798">
    <p class='ocr_par' dir='ltr' id='par_1_39' title="bbox 472 3709 2041 3798">
     <span class='ocr_line' id='line_1_40' title="bbox 472 3709 2041 3798; baseline 0.011 -33"><span class='ocrx_word' id='word_1_253' title='bbox 472 3709 654 3781; x_wconf 67' lang='lat' dir='ltr'>(Ibid,</span> <span class='ocrx_word' id='word_1_254' title='bbox 689 3726 739 3764; x_wconf 92' lang='lat' dir='ltr'>c.</span> <span class='ocrx_word' id='word_1_255' title='bbox 769 3710 887 3779; x_wconf 86' lang='lat'>56.)</span> <span class='ocrx_word' id='word_1_256' title='bbox 925 3711 1179 3769; x_wconf 89' lang='lat' dir='ltr'>Clericus</span> <span class='ocrx_word' id='word_1_257' title='bbox 1206 3716 1296 3769; x_wconf 89' lang='lat' dir='ltr'>cui</span> <span class='ocrx_word' id='word_1_258' title='bbox 1347 3716 1781 3779; x_wconf 88' lang='lat' dir='ltr'>adulationibus</span> <span class='ocrx_word' id='word_1_259' title='bbox 1822 3730 1877 3780; x_wconf 90' lang='lat' dir='ltr'>et</span> <span class='ocrx_word' id='word_1_260' title='bbox 1908 3743 2041 3798; x_wconf 84' lang='lat' dir='ltr'>pro-</span> 
     </span>
    </p>
   </div>
   <div class='ocr_carea' id='block_1_40' title="bbox 403 3797 2044 3881">
    <p class='ocr_par' dir='ltr' id='par_1_40' title="bbox 403 3797 2044 3881">
     <span class='ocr_line' id='line_1_41' title="bbox 403 3797 2044 3881; baseline 0.013 -31"><span class='ocrx_word' id='word_1_261' title='bbox 403 3797 725 3854; x_wconf 87' lang='lat' dir='ltr'>ditionibus</span> <span class='ocrx_word' id='word_1_262' title='bbox 754 3815 957 3855; x_wconf 89' lang='lat' dir='ltr'>vacare</span> <span class='ocrx_word' id='word_1_263' title='bbox 987 3802 1463 3876; x_wconf 85' lang='lat' dir='ltr'>deprehenditur,</span> <span class='ocrx_word' id='word_1_264' title='bbox 1482 3808 1832 3881; x_wconf 89' lang='lat' dir='ltr'>degradetur</span> <span class='ocrx_word' id='word_1_265' title='bbox 1860 3797 1931 3869; x_wconf 87' lang='lat' dir='ltr'>ab</span> <span class='ocrx_word' id='word_1_266' title='bbox 1964 3817 2044 3871; x_wconf 89' lang='lat' dir='ltr'>of-</span> 
     </span>
    </p>
   </div>
   <div class='ocr_carea' id='block_1_41' title="bbox 401 3885 551 3940">
    <p class='ocr_par' dir='ltr' id='par_1_41' title="bbox 401 3885 551 3940">
     <span class='ocr_line' id='line_1_42' title="bbox 401 3885 551 3940; baseline 0.013 -2"><span class='ocrx_word' id='word_1_267' title='bbox 401 3885 551 3940; x_wconf 83' lang='lat' dir='ltr'>ﬁcio.</span> 
     </span>
    </p>
   </div>
   <div class='ocr_carea' id='block_1_42' title="bbox 403 3971 2038 4053">
    <p class='ocr_par' dir='ltr' id='par_1_42' title="bbox 403 3971 2038 4053">
     <span class='ocr_line' id='line_1_43' title="bbox 403 3971 2038 4053; baseline 0.013 -27"><span class='ocrx_word' id='word_1_268' title='bbox 403 3971 536 4028; x_wconf 91' lang='lat' dir='ltr'>CAP.</span> <span class='ocrx_word' id='word_1_269' title='bbox 565 3974 749 4030; x_wconf 84' lang='lat' dir='ltr'>XLVI.</span> <span class='ocrx_word' id='word_1_270' title='bbox 773 4007 841 4017; x_wconf 88' lang='lat'><strong><em>—</em></strong></span> <span class='ocrx_word' id='word_1_271' title='bbox 863 3978 1107 4035; x_wconf 81' lang='lat' dir='ltr'>Clericus</span> <span class='ocrx_word' id='word_1_272' title='bbox 1128 3982 1272 4036; x_wconf 88' lang='lat' dir='ltr'>inter</span> <span class='ocrx_word' id='word_1_273' title='bbox 1290 3983 1481 4053; x_wconf 76' lang='lat' dir='ltr'>epulas</span> <span class='ocrx_word' id='word_1_274' title='bbox 1498 3994 1733 4042; x_wconf 86' lang='lat' dir='ltr'>cantans</span> <span class='ocrx_word' id='word_1_275' title='bbox 1756 3991 2038 4048; x_wconf 83' lang='lat' dir='ltr'>similiter.</span> 
     </span>
    </p>
   </div>
   <div class='ocr_carea' id='block_1_43' title="bbox 472 4062 2037 4148">
    <p class='ocr_par' dir='ltr' id='par_1_43' title="bbox 472 4062 2037 4148">
     <span class='ocr_line' id='line_1_44' title="bbox 472 4062 2037 4148; baseline 0.014 -32"><span class='ocrx_word' id='word_1_276' title='bbox 472 4062 650 4132; x_wconf 90' lang='lat' dir='ltr'>(Ibid.,</span> <span class='ocrx_word' id='word_1_277' title='bbox 682 4081 732 4120; x_wconf 91' lang='lat' dir='ltr'>c.</span> <span class='ocrx_word' id='word_1_278' title='bbox 763 4066 881 4136; x_wconf 84' lang='lat' dir='ltr'>6i.)</span> <span class='ocrx_word' id='word_1_279' title='bbox 924 4065 1179 4124; x_wconf 88' lang='lat' dir='ltr'>Clericus</span> <span class='ocrx_word' id='word_1_280' title='bbox 1227 4070 1378 4126; x_wconf 88' lang='lat' dir='ltr'>inter</span> <span class='ocrx_word' id='word_1_281' title='bbox 1407 4073 1608 4144; x_wconf 90' lang='lat' dir='ltr'>epulas</span> <span class='ocrx_word' id='word_1_282' title='bbox 1638 4083 1904 4148; x_wconf 88' lang='lat' dir='ltr'>cantans,</span> <span class='ocrx_word' id='word_1_283' title='bbox 1938 4098 2037 4137; x_wconf 91' lang='lat' dir='ltr'>su-</span> 
     </span>
    </p>
   </div>
   <div class='ocr_carea' id='block_1_44' title="bbox 394 4152 1747 4223">
    <p class='ocr_par' dir='ltr' id='par_1_44' title="bbox 394 4152 1747 4223">
     <span class='ocr_line' id='line_1_45' title="bbox 394 4152 1747 4223; baseline 0.013 -18"><span class='ocrx_word' id='word_1_284' title='bbox 394 4152 669 4223; x_wconf 66' lang='lat' dir='ltr'>pradicta</span> <span class='ocrx_word' id='word_1_285' title='bbox 700 4156 1003 4211; x_wconf 62' lang='lat' dir='ltr'>sententia:</span> <span class='ocrx_word' id='word_1_286' title='bbox 1036 4159 1342 4215; x_wconf 88' lang='lat' dir='ltr'>severitate</span> <span class='ocrx_word' id='word_1_287' title='bbox 1373 4166 1747 4223; x_wconf 88' lang='lat' dir='ltr'>coercendus.</span> 
     </span>
    </p>
   </div>
   <div class='ocr_carea' id='block_1_45' title="bbox 393 4258 2037 4337">
    <p class='ocr_par' dir='ltr' id='par_1_45' title="bbox 393 4258 2037 4337">
     <span class='ocr_line' id='line_1_46' title="bbox 393 4258 2037 4337; baseline 0.014 -25"><span class='ocrx_word' id='word_1_288' title='bbox 393 4258 526 4313; x_wconf 87' lang='lat' dir='ltr'>CAP.</span> <span class='ocrx_word' id='word_1_289' title='bbox 560 4259 775 4316; x_wconf 89' lang='lat' dir='ltr'>XLVII.</span> <span class='ocrx_word' id='word_1_290' title='bbox 810 4293 875 4303; x_wconf 92' lang='lat'><strong><em>—</em></strong></span> <span class='ocrx_word' id='word_1_291' title='bbox 907 4264 1111 4332; x_wconf 87' lang='lat' dir='ltr'>Quibus</span> <span class='ocrx_word' id='word_1_292' title='bbox 1162 4269 1397 4337; x_wconf 86' lang='lat' dir='ltr'>negotiis</span> <span class='ocrx_word' id='word_1_293' title='bbox 1424 4287 1482 4325; x_wconf 81' lang='lat' dir='ltr'>se</span> <span class='ocrx_word' id='word_1_294' title='bbox 1529 4275 1756 4331; x_wconf 85' lang='lat' dir='ltr'>miscere</span> <span class='ocrx_word' id='word_1_295' title='bbox 1785 4277 2037 4335; x_wconf 79' lang='lat' dir='ltr'>debeant.</span> 
     </span>
    </p>
   </div>
   <div class='ocr_carea' id='block_1_46' title="bbox 464 4348 2038 4435">
    <p class='ocr_par' dir='ltr' id='par_1_46' title="bbox 464 4348 2038 4435">
     <span class='ocr_line' id='line_1_47' title="bbox 464 4348 2038 4435; baseline 0.013 -33"><span class='ocrx_word' id='word_1_296' title='bbox 464 4348 757 4419; x_wconf 80' lang='lat' dir='ltr'>(Refertur</span> <span class='ocrx_word' id='word_1_297' title='bbox 786 4356 1064 4423; x_wconf 91' lang='lat' dir='ltr'>tanquam</span> <span class='ocrx_word' id='word_1_298' title='bbox 1102 4355 1404 4412; x_wconf 86' lang='lat' dir='ltr'>Melchiad.</span> <span class='ocrx_word' id='word_1_299' title='bbox 1440 4359 1699 4417; x_wconf 90' lang='lat' dir='ltr'>distinct.</span> <span class='ocrx_word' id='word_1_300' title='bbox 1733 4365 1822 4435; x_wconf 86' lang='lat'>88,</span> <span class='ocrx_word' id='word_1_301' title='bbox 1856 4384 1905 4421; x_wconf 84' lang='grc' dir='ltr'>ο.</span> <span class='ocrx_word' id='word_1_302' title='bbox 1939 4368 2038 4423; x_wconf 91' lang='lat' dir='ltr'>De-</span> 
     </span>
    </p>
   </div>
   <div class='ocr_carea' id='block_1_47' title="bbox 393 4439 2036 4517">
    <p class='ocr_par' dir='ltr' id='par_1_47' title="bbox 393 4439 2036 4517">
     <span class='ocr_line' id='line_1_48' title="bbox 393 4439 2036 4517; baseline 0.014 -27"><span class='ocrx_word' id='word_1_303' title='bbox 393 4439 874 4506; x_wconf 86' lang='lat' dir='ltr'>crevit.)Decrevit</span> <span class='ocrx_word' id='word_1_304' title='bbox 922 4441 1151 4501; x_wconf 63' lang='lat' dir='ltr'>Nicena</span> <span class='ocrx_word' id='word_1_305' title='bbox 1198 4448 1457 4517; x_wconf 84' lang='lat' dir='ltr'>synodus</span> <span class='ocrx_word' id='word_1_306' title='bbox 1501 4451 1729 4507; x_wconf 92' lang='lat' dir='ltr'>nullum</span> <span class='ocrx_word' id='word_1_307' title='bbox 1761 4454 2036 4512; x_wconf 89' lang='lat' dir='ltr'>clericum</span> 
     </span>
    </p>
   </div>
   <div class='ocr_carea' id='block_1_48' title="bbox 393 4523 2117 4609">
    <p class='ocr_par' dir='ltr' id='par_1_48' title="bbox 393 4523 2117 4609">
     <span class='ocr_line' id='line_1_49' title="bbox 393 4523 2117 4609; baseline 0.013 -29"><span class='ocrx_word' id='word_1_308' title='bbox 393 4530 495 4581; x_wconf 89' lang='lat' dir='ltr'>aut</span> <span class='ocrx_word' id='word_1_309' title='bbox 514 4530 915 4598; x_wconf 89' lang='lat' dir='ltr'>possessiones</span> <span class='ocrx_word' id='word_1_310' title='bbox 929 4532 1270 4601; x_wconf 91' lang='lat' dir='ltr'>conducere,</span> <span class='ocrx_word' id='word_1_311' title='bbox 1286 4542 1387 4590; x_wconf 91' lang='lat' dir='ltr'>aut</span> <span class='ocrx_word' id='word_1_312' title='bbox 1401 4540 1647 4609; x_wconf 89' lang='lat' dir='ltr'>negotiis</span> <span class='ocrx_word' id='word_1_313' title='bbox 1666 4545 2042 4603; x_wconf 82' lang='lat' dir='ltr'>saecularibus</span> <span class='ocrx_word' id='word_1_314' title='bbox 2073 4523 2117 4585; x_wconf 72' lang='grc' dir='ltr'>Π</span> 
     </span>
    </p>
   </div>
   <div class='ocr_carea' id='block_1_49' title="bbox 396 4616 2037 4695">
    <p class='ocr_par' dir='ltr' id='par_1_49' title="bbox 396 4616 2037 4695">
     <span class='ocr_line' id='line_1_50' title="bbox 396 4616 2037 4695; baseline 0.014 -27"><span class='ocrx_word' id='word_1_315' title='bbox 396 4630 456 4669; x_wconf 90' lang='lat' dir='ltr'>se</span> <span class='ocrx_word' id='word_1_316' title='bbox 486 4616 753 4681; x_wconf 84' lang='lat' dir='ltr'>miscere,</span> <span class='ocrx_word' id='word_1_317' title='bbox 788 4619 898 4675; x_wconf 90' lang='lat' dir='ltr'>nisi</span> <span class='ocrx_word' id='word_1_318' title='bbox 922 4622 1067 4675; x_wconf 81' lang='lat' dir='ltr'>forte</span> <span class='ocrx_word' id='word_1_319' title='bbox 1090 4623 1397 4695; x_wconf 79' lang='lat' dir='ltr'>cpiscopus</span> <span class='ocrx_word' id='word_1_320' title='bbox 1419 4627 1668 4686; x_wconf 90' lang='lat' dir='ltr'>civitatis</span> <span class='ocrx_word' id='word_1_321' title='bbox 1689 4632 2037 4690; x_wconf 87' lang='lat' dir='ltr'>ecclesiasti-</span> 
     </span>
    </p>
   </div>
   <div class='ocr_carea' id='block_1_50' title="bbox 394 4706 2041 4793">
    <p class='ocr_par' dir='ltr' id='par_1_50' title="bbox 394 4706 2041 4793">
     <span class='ocr_line' id='line_1_51' title="bbox 394 4706 2041 4793; baseline 0.015 -38"><span class='ocrx_word' id='word_1_322' title='bbox 394 4717 595 4757; x_wconf 88' lang='lat' dir='ltr'>carum</span> <span class='ocrx_word' id='word_1_323' title='bbox 626 4720 818 4760; x_wconf 90' lang='lat' dir='ltr'>rerum</span> <span class='ocrx_word' id='word_1_324' title='bbox 863 4706 1315 4766; x_wconf 90' lang='lat' dir='ltr'>sollicitudinem</span> <span class='ocrx_word' id='word_1_325' title='bbox 1351 4713 1559 4770; x_wconf 89' lang='lat' dir='ltr'>habere</span> <span class='ocrx_word' id='word_1_326' title='bbox 1590 4720 1905 4793; x_wconf 59' lang='lat' dir='ltr'>praecipiat,</span> <span class='ocrx_word' id='word_1_327' title='bbox 1938 4729 2041 4779; x_wconf 88' lang='lat' dir='ltr'>aut</span> 
     </span>
    </p>
   </div>
   <div class='ocr_carea' id='block_1_51' title="bbox 394 4790 2038 4867">
    <p class='ocr_par' dir='ltr' id='par_1_51' title="bbox 394 4790 2038 4867">
     <span class='ocr_line' id='line_1_52' title="bbox 394 4790 2038 4867; baseline 0.015 -24"><span class='ocrx_word' id='word_1_328' title='bbox 394 4790 751 4863; x_wconf 90' lang='lat' dir='ltr'>pupillorum</span> <span class='ocrx_word' id='word_1_329' title='bbox 783 4800 841 4849; x_wconf 89' lang='lat' dir='ltr'>et</span> <span class='ocrx_word' id='word_1_330' title='bbox 870 4796 1287 4867; x_wconf 88' lang='lat' dir='ltr'>orphanorum,</span> <span class='ocrx_word' id='word_1_331' title='bbox 1323 4808 1423 4857; x_wconf 90' lang='lat' dir='ltr'>aut</span> <span class='ocrx_word' id='word_1_332' title='bbox 1452 4790 1782 4864; x_wconf 53' lang='lat' dir='ltr'>viduarum:</span> <span class='ocrx_word' id='word_1_333' title='bbox 1821 4790 1923 4866; x_wconf 81' lang='lat' dir='ltr'>Ubi</span> <span class='ocrx_word' id='word_1_334' title='bbox 1970 4813 2038 4866; x_wconf 90' lang='lat' dir='ltr'>li-</span> 
     </span>
    </p>
   </div>
   <div class='ocr_carea' id='block_1_52' title="bbox 395 4878 2040 4967">
    <p class='ocr_par' dir='ltr' id='par_1_52' title="bbox 395 4878 2040 4967">
     <span class='ocr_line' id='line_1_53' title="bbox 395 4878 2040 4967; baseline 0.015 -35"><span class='ocrx_word' id='word_1_335' title='bbox 395 4878 573 4967; x_wconf 85' lang='lat' dir='ltr'>quido</span> <span class='ocrx_word' id='word_1_336' title='bbox 608 4885 784 4952; x_wconf 82' lang='lat' dir='ltr'>patet,</span> <span class='ocrx_word' id='word_1_337' title='bbox 809 4883 946 4953; x_wconf 90' lang='lat' dir='ltr'>quia</span> <span class='ocrx_word' id='word_1_338' title='bbox 969 4886 1082 4941; x_wconf 89' lang='lat' dir='ltr'>alia</span> <span class='ocrx_word' id='word_1_339' title='bbox 1103 4894 1241 4943; x_wconf 89' lang='lat' dir='ltr'>sunt</span> <span class='ocrx_word' id='word_1_340' title='bbox 1258 4893 1491 4962; x_wconf 86' lang='lat' dir='ltr'>negotia</span> <span class='ocrx_word' id='word_1_341' title='bbox 1522 4896 1905 4967; x_wconf 62' lang='lat' dir='ltr'>secularia,et</span> <span class='ocrx_word' id='word_1_342' title='bbox 1925 4901 2040 4957; x_wconf 89' lang='lat' dir='ltr'>alia</span> 
     </span>
    </p>
   </div>
   <div class='ocr_carea' id='block_1_53' title="bbox 393 4966 811 5025">
    <p class='ocr_par' dir='ltr' id='par_1_53' title="bbox 393 4966 811 5025">
     <span class='ocr_line' id='line_1_54' title="bbox 393 4966 811 5025; baseline 0.01 -4"><span class='ocrx_word' id='word_1_343' title='bbox 393 4966 811 5025; x_wconf 88' lang='lat' dir='ltr'>ecclesiastica.</span> 
     </span>
    </p>
   </div>
   <div class='ocr_carea' id='block_1_54' title="bbox 392 5073 2039 5164">
    <p class='ocr_par' dir='ltr' id='par_1_54' title="bbox 392 5073 2039 5164">
     <span class='ocr_line' id='line_1_55' title="bbox 392 5073 2039 5164; baseline 0.016 -37"><span class='ocrx_word' id='word_1_344' title='bbox 392 5073 523 5128; x_wconf 86' lang='lat' dir='ltr'>CAP.</span> <span class='ocrx_word' id='word_1_345' title='bbox 559 5075 799 5132; x_wconf 83' lang='lat' dir='ltr'>XLVIII.</span> <span class='ocrx_word' id='word_1_346' title='bbox 820 5080 986 5164; x_wconf 52' lang='lat' dir='ltr'>——“Ut</span> <span class='ocrx_word' id='word_1_347' title='bbox 1013 5082 1209 5164; x_wconf 76' lang='lat' dir='ltr'>clerici</span> <span class='ocrx_word' id='word_1_348' title='bbox 1236 5089 1480 5154; x_wconf 86' lang='lat' dir='ltr'>auguria</span> <span class='ocrx_word' id='word_1_349' title='bbox 1508 5106 1621 5145; x_wconf 87' lang='lat' dir='ltr'>non</span> <span class='ocrx_word' id='word_1_350' title='bbox 1652 5095 1908 5164; x_wconf 81' lang='lat' dir='ltr'>credant,</span> <span class='ocrx_word' id='word_1_351' title='bbox 1942 5114 2039 5153; x_wconf 87' lang='lat' dir='ltr'>nec</span> 
     </span>
    </p>
   </div>
   <div class='ocr_carea' id='block_1_55' title="bbox 850 5150 1577 5229">
    <p class='ocr_par' dir='ltr' id='par_1_55' title="bbox 850 5150 1577 5229">
     <span class='ocr_line' id='line_1_56' title="bbox 850 5150 1577 5229; baseline 0.017 -26"><span class='ocrx_word' id='word_1_352' title='bbox 850 5150 1225 5209; x_wconf 87' lang='lat' dir='ltr'>divinationes</span> <span class='ocrx_word' id='word_1_353' title='bbox 1256 5150 1577 5229; x_wconf 56' lang='lat' dir='ltr'>acquirunt.</span> 
     </span>
    </p>
   </div>
   <div class='ocr_carea' id='block_1_56' title="bbox 458 5231 2038 5325">
    <p class='ocr_par' dir='ltr' id='par_1_56' title="bbox 458 5231 2038 5325">
     <span class='ocr_line' id='line_1_57' title="bbox 458 5231 2038 5325; baseline 0.018 -40"><span class='ocrx_word' id='word_1_354' title='bbox 458 5231 684 5325; x_wconf 67' lang='lat' dir='ltr'>(Cpncil.</span> <span class='ocrx_word' id='word_1_355' title='bbox 717 5238 875 5293; x_wconf 87' lang='lat' dir='ltr'>Tolet.</span> <span class='ocrx_word' id='word_1_356' title='bbox 940 5257 1017 5310; x_wconf 81' lang='grc' dir='ltr'>ιν,</span> <span class='ocrx_word' id='word_1_357' title='bbox 1080 5257 1129 5295; x_wconf 91' lang='lat' dir='ltr'>c.</span> <span class='ocrx_word' id='word_1_358' title='bbox 1186 5244 1277 5314; x_wconf 82' lang='grc'>29)</span> <span class='ocrx_word' id='word_1_359' title='bbox 1328 5249 1386 5301; x_wconf 93' lang='lat' dir='ltr'>Si</span> <span class='ocrx_word' id='word_1_360' title='bbox 1419 5251 1551 5319; x_wconf 90' lang='lat' dir='ltr'>quis</span> <span class='ocrx_word' id='word_1_361' title='bbox 1595 5252 1905 5325; x_wconf 84' lang='lat' dir='ltr'>episcOpus</span> <span class='ocrx_word' id='word_1_362' title='bbox 1937 5262 2038 5313; x_wconf 77' lang='lat' dir='ltr'>aut</span> 
     </span>
    </p>
   </div>
   <div class='ocr_carea' id='block_1_57' title="bbox 387 5322 2039 5405">
    <p class='ocr_par' dir='ltr' id='par_1_57' title="bbox 387 5322 2039 5405">
     <span class='ocr_line' id='line_1_58' title="bbox 387 5322 2039 5405; baseline 0.018 -32"><span class='ocrx_word' id='word_1_363' title='bbox 387 5322 708 5394; x_wconf 80' lang='lat' dir='ltr'>presbyter,</span> <span class='ocrx_word' id='word_1_364' title='bbox 741 5325 859 5381; x_wconf 88' lang='lat' dir='ltr'>sive</span> <span class='ocrx_word' id='word_1_365' title='bbox 891 5328 1194 5400; x_wconf 87' lang='lat' dir='ltr'>diaconus,</span> <span class='ocrx_word' id='word_1_366' title='bbox 1217 5332 1301 5387; x_wconf 87' lang='lat' dir='ltr'>vel</span> <span class='ocrx_word' id='word_1_367' title='bbox 1332 5337 1577 5405; x_wconf 89' lang='lat' dir='ltr'>quilibet</span> <span class='ocrx_word' id='word_1_368' title='bbox 1602 5322 1671 5396; x_wconf 84' lang='lat' dir='ltr'>ex</span> <span class='ocrx_word' id='word_1_369' title='bbox 1696 5322 1899 5400; x_wconf 82' lang='lat' dir='ltr'>ordine</span> <span class='ocrx_word' id='word_1_370' title='bbox 1922 5346 2039 5402; x_wconf 87' lang='lat' dir='ltr'>cle-</span> 
     </span>
    </p>
   </div>
   <div class='ocr_carea' id='block_1_58' title="bbox 460 5498 2029 5587">
    <p class='ocr_par' dir='ltr' id='par_1_58' title="bbox 460 5498 2029 5587">
     <span class='ocr_line' id='line_1_59' title="bbox 460 5498 2029 5587; baseline 0.018 -34"><span class='ocrx_word' id='word_1_371' title='bbox 460 5498 592 5587; x_wconf 50' lang='lat'>(.25).</span> <span class='ocrx_word' id='word_1_372' title='bbox 620 5503 831 5587; x_wconf 43' lang='lat' dir='ltr'>‘Solvat</span> <span class='ocrx_word' id='word_1_373' title='bbox 862 5508 1016 5587; x_wconf 31' lang='lat' dir='ltr'>‘Quaa</span> <span class='ocrx_word' id='word_1_374' title='bbox 1050 5518 1377 5587; x_wconf 89' lang='lat' dir='ltr'>sequuntur</span> <span class='ocrx_word' id='word_1_375' title='bbox 1408 5532 1522 5571; x_wconf 88' lang='lat' dir='ltr'>non</span> <span class='ocrx_word' id='word_1_376' title='bbox 1555 5525 1695 5577; x_wconf 88' lang='lat' dir='ltr'>sunt</span> <span class='ocrx_word' id='word_1_377' title='bbox 1725 5537 1794 5579; x_wconf 84' lang='lat' dir='ltr'>ex</span> <span class='ocrx_word' id='word_1_378' title='bbox 1824 5524 2029 5583; x_wconf 88' lang='lat' dir='ltr'>concil.</span> 
     </span>
    </p>
   </div>
   <div class='ocr_carea' id='block_1_59' title="bbox 383 5567 935 5652">
    <p class='ocr_par' dir='ltr' id='par_1_59' title="bbox 383 5567 935 5652">
     <span class='ocr_line' id='line_1_60' title="bbox 383 5567 935 5652; baseline 0.013 -22"><span class='ocrx_word' id='word_1_379' title='bbox 383 5567 570 5632; x_wconf 52' lang='lat' dir='ltr'>Tolet’.</span> <span class='ocrx_word' id='word_1_380' title='bbox 603 5567 935 5652; x_wconf 70' lang='lat' dir='ltr'>desumpta.</span> 
     </span>
    </p>
   </div>
   <div class='ocr_carea' id='block_1_60' title="bbox 2144 505 3782 585">
    <p class='ocr_par' dir='ltr' id='par_1_60' title="bbox 2144 505 3782 585">
     <span class='ocr_line' id='line_1_61' title="bbox 2144 505 3782 585; baseline 0.01 -28"><span class='ocrx_word' id='word_1_381' title='bbox 2144 520 2395 575; x_wconf 85' lang='lat' dir='ltr'>augures</span> <span class='ocrx_word' id='word_1_382' title='bbox 2419 505 2504 560; x_wconf 89' lang='lat' dir='ltr'>vel</span> <span class='ocrx_word' id='word_1_383' title='bbox 2524 508 2853 581; x_wconf 86' lang='lat' dir='ltr'>sortilegos,</span> <span class='ocrx_word' id='word_1_384' title='bbox 2878 510 2963 564; x_wconf 91' lang='lat' dir='ltr'>vel</span> <span class='ocrx_word' id='word_1_385' title='bbox 2988 528 3084 565; x_wconf 90' lang='lat' dir='ltr'>eos</span> <span class='ocrx_word' id='word_1_386' title='bbox 3108 513 3206 582; x_wconf 90' lang='lat' dir='ltr'>qui</span> <span class='ocrx_word' id='word_1_387' title='bbox 3236 516 3782 585; x_wconf 11' lang='lat' dir='ltr'>profitenturlartem</span> 
     </span>
    </p>
   </div>
   <div class='ocr_carea' id='block_1_61' title="bbox 2146 594 3789 676">
    <p class='ocr_par' dir='ltr' id='par_1_61' title="bbox 2146 594 3789 676">
     <span class='ocr_line' id='line_1_62' title="bbox 2146 594 3789 676; baseline 0.01 -31"><span class='ocrx_word' id='word_1_388' title='bbox 2146 594 2453 663; x_wconf 83' lang='lat' dir='ltr'>magicam,</span> <span class='ocrx_word' id='word_1_389' title='bbox 2477 601 2575 647; x_wconf 87' lang='lat' dir='ltr'>aut</span> <span class='ocrx_word' id='word_1_390' title='bbox 2601 596 2830 667; x_wconf 89' lang='lat' dir='ltr'>aliquos</span> <span class='ocrx_word' id='word_1_391' title='bbox 2847 616 3047 653; x_wconf 86' lang='lat' dir='ltr'>eorum</span> <span class='ocrx_word' id='word_1_392' title='bbox 3062 601 3277 656; x_wconf 88' lang='lat' dir='ltr'>similia</span> <span class='ocrx_word' id='word_1_393' title='bbox 3299 610 3789 676; x_wconf 80' lang='lat' dir='ltr'>exercentes,eon-</span> 
     </span>
    </p>
   </div>
   <div class='ocr_carea' id='block_1_62' title="bbox 2144 682 3788 765">
    <p class='ocr_par' dir='ltr' id='par_1_62' title="bbox 2144 682 3788 765">
     <span class='ocr_line' id='line_1_63' title="bbox 2144 682 3788 765; baseline 0.01 -30"><span class='ocrx_word' id='word_1_394' title='bbox 2144 682 2396 737; x_wconf 89' lang='lat' dir='ltr'>suluisse</span> <span class='ocrx_word' id='word_1_395' title='bbox 2418 684 3094 758; x_wconf 77' lang='lat' dir='ltr'>lueritdepreliensus,ab</span> <span class='ocrx_word' id='word_1_396' title='bbox 3118 692 3334 747; x_wconf 86' lang='lat' dir='ltr'>honore</span> <span class='ocrx_word' id='word_1_397' title='bbox 3358 694 3656 765; x_wconf 79' lang='lat' dir='ltr'>dignitatis</span> <span class='ocrx_word' id='word_1_398' title='bbox 3672 716 3788 752; x_wconf 73' lang='lat' dir='ltr'>sure</span> 
     </span>
    </p>
   </div>
   <div class='ocr_carea' id='block_1_63' title="bbox 2148 772 3785 858">
    <p class='ocr_par' dir='ltr' id='par_1_63' title="bbox 2148 772 3785 858">
     <span class='ocr_line' id='line_1_64' title="bbox 2148 772 3785 858; baseline 0.012 -35"><span class='ocrx_word' id='word_1_399' title='bbox 2148 772 2468 842; x_wconf 85' lang='lat' dir='ltr'>depositus,</span> <span class='ocrx_word' id='word_1_400' title='bbox 2495 777 2912 831; x_wconf 79' lang='lat' dir='ltr'>monasterium</span> <span class='ocrx_word' id='word_1_401' title='bbox 2942 779 3241 848; x_wconf 86' lang='lat' dir='ltr'>ingressus</span> <span class='ocrx_word' id='word_1_402' title='bbox 3266 799 3493 851; x_wconf 77' lang='lat' dir='ltr'>pmnam</span> <span class='ocrx_word' id='word_1_403' title='bbox 3520 786 3785 858; x_wconf 79' lang='lat' dir='ltr'>excipiat,</span> 
     </span>
    </p>
   </div>
   <div class='ocr_carea' id='block_1_64' title="bbox 2146 859 3791 936">
    <p class='ocr_par' dir='ltr' id='par_1_64' title="bbox 2146 859 3791 936">
     <span class='ocr_line' id='line_1_65' title="bbox 2146 859 3791 936; baseline 0.012 -24"><span class='ocrx_word' id='word_1_404' title='bbox 2146 859 2343 930; x_wconf 88' lang='lat' dir='ltr'>ibique</span> <span class='ocrx_word' id='word_1_405' title='bbox 2376 868 2663 931; x_wconf 72' lang='lat' dir='ltr'>perpetuae</span> <span class='ocrx_word' id='word_1_406' title='bbox 2697 865 3039 932; x_wconf 76' lang='lat' dir='ltr'>poenitentiae</span> <span class='ocrx_word' id='word_1_407' title='bbox 3064 869 3318 936; x_wconf 87' lang='lat' dir='ltr'>deditus,</span> <span class='ocrx_word' id='word_1_408' title='bbox 3353 872 3546 928; x_wconf 87' lang='lat' dir='ltr'>scelus</span> <span class='ocrx_word' id='word_1_409' title='bbox 3576 875 3791 931; x_wconf 89' lang='lat' dir='ltr'>admis-</span> 
     </span>
    </p>
   </div>
   <div class='ocr_carea' id='block_1_65' title="bbox 2146 949 3791 1031">
    <p class='ocr_par' dir='ltr' id='par_1_65' title="bbox 2146 949 3791 1031">
     <span class='ocr_line' id='line_1_66' title="bbox 2146 949 3791 1031; baseline 0.011 -30"><span class='ocrx_word' id='word_1_410' title='bbox 2146 966 2277 1002; x_wconf 88' lang='lat' dir='ltr'>sum</span> <span class='ocrx_word' id='word_1_411' title='bbox 2311 949 2599 1020; x_wconf 83' lang='lat' dir='ltr'>sacrilegii</span> <span class='ocrx_word' id='word_1_412' title='bbox 2638 950 2822 1005; x_wconf 83' lang='lat' dir='ltr'>solvat</span> <span class='ocrx_word' id='word_1_413' title='bbox 2842 954 2974 1019; x_wconf 80' lang='grc'>(25).</span> <span class='ocrx_word' id='word_1_414' title='bbox 3005 955 3145 1010; x_wconf 87' lang='lat' dir='ltr'>Item</span> <span class='ocrx_word' id='word_1_415' title='bbox 3175 975 3189 1011; x_wconf 90' lang='lat'><strong>:</strong></span> <span class='ocrx_word' id='word_1_416' title='bbox 3225 959 3281 1012; x_wconf 89' lang='lat' dir='ltr'>Si</span> <span class='ocrx_word' id='word_1_417' title='bbox 3315 960 3446 1029; x_wconf 88' lang='lat' dir='ltr'>quis</span> <span class='ocrx_word' id='word_1_418' title='bbox 3481 969 3611 1031; x_wconf 91' lang='lat' dir='ltr'>post</span> <span class='ocrx_word' id='word_1_419' title='bbox 3642 964 3791 1019; x_wconf 89' lang='lat' dir='ltr'>hanc</span> 
     </span>
    </p>
   </div>
   <div class='ocr_carea' id='block_1_66' title="bbox 2148 1037 3790 1121">
    <p class='ocr_par' dir='ltr' id='par_1_66' title="bbox 2148 1037 3790 1121">
     <span class='ocr_line' id='line_1_67' title="bbox 2148 1037 3790 1121; baseline 0.011 -32"><span class='ocrx_word' id='word_1_420' title='bbox 2148 1037 3017 1107; x_wconf 80' lang='lat' dir='ltr'>cognitionem,ecclesiasticam</span> <span class='ocrx_word' id='word_1_421' title='bbox 3042 1050 3421 1103; x_wconf 84' lang='lat' dir='ltr'>contemnens</span> <span class='ocrx_word' id='word_1_422' title='bbox 3443 1049 3790 1121; x_wconf 88' lang='lat' dir='ltr'>doctrinam,</span> 
     </span>
    </p>
   </div>
   <div class='ocr_carea' id='block_1_67' title="bbox 2147 1126 3790 1209">
    <p class='ocr_par' dir='ltr' id='par_1_67' title="bbox 2147 1126 3790 1209">
     <span class='ocr_line' id='line_1_68' title="bbox 2147 1126 3790 1209; baseline 0.012 -30"><span class='ocrx_word' id='word_1_423' title='bbox 2147 1126 2217 1179; x_wconf 91' lang='lat' dir='ltr'>ad</span> <span class='ocrx_word' id='word_1_424' title='bbox 2242 1143 2339 1180; x_wconf 88' lang='lat' dir='ltr'>eos</span> <span class='ocrx_word' id='word_1_425' title='bbox 2365 1144 2510 1196; x_wconf 89' lang='lat' dir='ltr'>quos</span> <span class='ocrx_word' id='word_1_426' title='bbox 2533 1128 2971 1199; x_wconf 75' lang='lat' dir='ltr'>prophetas,aut</span> <span class='ocrx_word' id='word_1_427' title='bbox 2994 1133 3250 1203; x_wconf 89' lang='lat' dir='ltr'>angelos,</span> <span class='ocrx_word' id='word_1_428' title='bbox 3269 1136 3353 1190; x_wconf 89' lang='lat' dir='ltr'>vel</span> <span class='ocrx_word' id='word_1_429' title='bbox 3377 1137 3603 1209; x_wconf 92' lang='lat' dir='ltr'>aliquos</span> <span class='ocrx_word' id='word_1_430' title='bbox 3618 1159 3790 1197; x_wconf 87' lang='lat' dir='ltr'>sanc-</span> 
     </span>
    </p>
   </div>
   <div class='ocr_carea' id='block_1_68' title="bbox 2148 1215 3793 1297">
    <p class='ocr_par' dir='ltr' id='par_1_68' title="bbox 2148 1215 3793 1297">
     <span class='ocr_line' id='line_1_69' title="bbox 2148 1215 3793 1297; baseline 0.011 -29"><span class='ocrx_word' id='word_1_431' title='bbox 2148 1220 2337 1269; x_wconf 90' lang='lat' dir='ltr'>torum</span> <span class='ocrx_word' id='word_1_432' title='bbox 2357 1215 3273 1291; x_wconf 68' lang='lat' dir='ltr'>defunctorum,quosasquivocos</span> <span class='ocrx_word' id='word_1_433' title='bbox 3293 1225 3436 1281; x_wconf 88' lang='lat' dir='ltr'>falso</span> <span class='ocrx_word' id='word_1_434' title='bbox 3452 1234 3677 1297; x_wconf 90' lang='lat' dir='ltr'>vocant,</span> <span class='ocrx_word' id='word_1_435' title='bbox 3698 1233 3793 1287; x_wconf 89' lang='lat' dir='ltr'>ab-</span> 
     </span>
    </p>
   </div>
   <div class='ocr_carea' id='block_1_69' title="bbox 2150 1303 3792 1381">
    <p class='ocr_par' dir='ltr' id='par_1_69' title="bbox 2150 1303 3792 1381">
     <span class='ocr_line' id='line_1_70' title="bbox 2150 1303 3792 1381; baseline 0.012 -25"><span class='ocrx_word' id='word_1_436' title='bbox 2150 1303 2305 1368; x_wconf 86' lang='lat' dir='ltr'>ierit,</span> <span class='ocrx_word' id='word_1_437' title='bbox 2348 1321 2666 1376; x_wconf 89' lang='lat' dir='ltr'>eorumque</span> <span class='ocrx_word' id='word_1_438' title='bbox 2692 1307 2882 1376; x_wconf 88' lang='lat' dir='ltr'>pravis</span> <span class='ocrx_word' id='word_1_439' title='bbox 2904 1307 3184 1364; x_wconf 89' lang='lat' dir='ltr'>doctrinis</span> <span class='ocrx_word' id='word_1_440' title='bbox 3209 1311 3521 1381; x_wconf 68' lang='lat' dir='ltr'>inhaeserit,</span> <span class='ocrx_word' id='word_1_441' title='bbox 3548 1318 3792 1374; x_wconf 85' lang='lat' dir='ltr'>anathe-</span> 
     </span>
    </p>
   </div>
   <div class='ocr_carea' id='block_1_70' title="bbox 2150 1394 3793 1468">
    <p class='ocr_par' dir='ltr' id='par_1_70' title="bbox 2150 1394 3793 1468">
     <span class='ocr_line' id='line_1_71' title="bbox 2150 1394 3793 1468; baseline 0.01 -21"><span class='ocrx_word' id='word_1_442' title='bbox 2150 1410 2245 1448; x_wconf 91' lang='lat' dir='ltr'>ma</span> <span class='ocrx_word' id='word_1_443' title='bbox 2268 1394 2376 1461; x_wconf 87' lang='lat' dir='ltr'>sit;</span> <span class='ocrx_word' id='word_1_444' title='bbox 2402 1394 2695 1467; x_wconf 89' lang='lat' dir='ltr'>nullisque</span> <span class='ocrx_word' id='word_1_445' title='bbox 2718 1398 3009 1468; x_wconf 85' lang='lat' dir='ltr'>mysteriis</span> <span class='ocrx_word' id='word_1_446' title='bbox 3027 1400 3439 1458; x_wconf 80' lang='lat' dir='ltr'>ecclesiasticis</span> <span class='ocrx_word' id='word_1_447' title='bbox 3461 1409 3793 1463; x_wconf 88' lang='lat' dir='ltr'>communi-</span> 
     </span>
    </p>
   </div>
   <div class='ocr_carea' id='block_1_71' title="bbox 2150 1483 3791 1569">
    <p class='ocr_par' dir='ltr' id='par_1_71' title="bbox 2150 1483 3791 1569">
     <span class='ocr_line' id='line_1_72' title="bbox 2150 1483 3791 1569; baseline 0.011 -33"><span class='ocrx_word' id='word_1_448' title='bbox 2150 1486 2261 1549; x_wconf 88' lang='lat' dir='ltr'>cet,</span> <span class='ocrx_word' id='word_1_449' title='bbox 2288 1483 2469 1539; x_wconf 89' lang='lat' dir='ltr'>donec</span> <span class='ocrx_word' id='word_1_450' title='bbox 2492 1485 2561 1538; x_wconf 91' lang='lat' dir='ltr'>ad</span> <span class='ocrx_word' id='word_1_451' title='bbox 2596 1485 2885 1555; x_wconf 80' lang='lat' dir='ltr'>pontiﬁcis</span> <span class='ocrx_word' id='word_1_452' title='bbox 2923 1488 3146 1543; x_wconf 87' lang='lat' dir='ltr'>venerit</span> <span class='ocrx_word' id='word_1_453' title='bbox 3177 1492 3632 1551; x_wconf 83' lang='lat' dir='ltr'>satisfactionem</span> <span class='ocrx_word' id='word_1_454' title='bbox 3657 1499 3791 1569; x_wconf 86' lang='lat'>(26).</span> 
     </span>
    </p>
   </div>
   <div class='ocr_carea' id='block_1_72' title="bbox 2149 1571 3794 1652">
    <p class='ocr_par' dir='ltr' id='par_1_72' title="bbox 2149 1571 3794 1652">
     <span class='ocr_line' id='line_1_73' title="bbox 2149 1571 3794 1652; baseline 0.01 -27"><span class='ocrx_word' id='word_1_455' title='bbox 2149 1571 2292 1626; x_wconf 89' lang='lat' dir='ltr'>Nam</span> <span class='ocrx_word' id='word_1_456' title='bbox 2318 1572 2442 1642; x_wconf 89' lang='lat' dir='ltr'>ipse</span> <span class='ocrx_word' id='word_1_457' title='bbox 2471 1574 2820 1630; x_wconf 91' lang='lat' dir='ltr'>Dominusin</span> <span class='ocrx_word' id='word_1_458' title='bbox 2846 1576 3151 1648; x_wconf 85' lang='lat' dir='ltr'>Evangelio</span> <span class='ocrx_word' id='word_1_459' title='bbox 3174 1579 3363 1636; x_wconf 90' lang='lat' dir='ltr'>docet:</span> <span class='ocrx_word' id='word_1_460' title='bbox 3393 1580 3629 1652; x_wconf 87' lang='lat' dir='ltr'>Surgent</span> <span class='ocrx_word' id='word_1_461' title='bbox 3645 1589 3794 1642; x_wconf 87' lang='lat' dir='ltr'>enim</span> 
     </span>
    </p>
   </div>
   <div class='ocr_carea' id='block_1_73' title="bbox 2145 1661 3795 1737">
    <p class='ocr_par' dir='ltr' id='par_1_73' title="bbox 2145 1661 3795 1737">
     <span class='ocr_line' id='line_1_74' title="bbox 2145 1661 3795 1737; baseline 0.009 -22"><span class='ocrx_word' id='word_1_462' title='bbox 2145 1661 2547 1731; x_wconf 81' lang='lat' dir='ltr'>pseudochristi</span> <span class='ocrx_word' id='word_1_463' title='bbox 2592 1671 2645 1719; x_wconf 86' lang='lat' dir='ltr'>et</span> <span class='ocrx_word' id='word_1_464' title='bbox 2685 1664 3178 1737; x_wconf 74' lang='lat' dir='ltr'>pseudoprOphetae,</span> <span class='ocrx_word' id='word_1_465' title='bbox 3214 1674 3265 1723; x_wconf 90' lang='lat' dir='ltr'>et</span> <span class='ocrx_word' id='word_1_466' title='bbox 3312 1670 3566 1727; x_wconf 86' lang='lat' dir='ltr'>seducent</span> <span class='ocrx_word' id='word_1_467' title='bbox 3590 1676 3795 1731; x_wconf 82' lang='lat' dir='ltr'>multos</span> 
     </span>
    </p>
   </div>
   <div class='ocr_carea' id='block_1_74' title="bbox 2071 1750 3795 1848">
    <p class='ocr_par' dir='ltr' id='par_1_74' title="bbox 2071 1750 3795 1848">
     <span class='ocr_line' id='line_1_75' title="bbox 2071 1750 3795 1848; baseline 0.01 -45"><span class='ocrx_word' id='word_1_468' title='bbox 2071 1784 2119 1848; x_wconf 83' lang='lat' dir='ltr'>B</span> <span class='ocrx_word' id='word_1_469' title='bbox 2150 1750 2363 1821; x_wconf 80' lang='lat' dir='ltr'>(Matth.</span> <span class='ocrx_word' id='word_1_470' title='bbox 2397 1769 2549 1819; x_wconf 78' lang='lat' dir='ltr'>XXIV,</span> <span class='ocrx_word' id='word_1_471' title='bbox 2580 1752 2691 1817; x_wconf 81' lang='grc'>24).</span> <span class='ocrx_word' id='word_1_472' title='bbox 2745 1753 2811 1807; x_wconf 85' lang='lat' dir='ltr'>Et</span> <span class='ocrx_word' id='word_1_473' title='bbox 2863 1753 3076 1808; x_wconf 88' lang='lat' dir='ltr'>Paulus</span> <span class='ocrx_word' id='word_1_474' title='bbox 3128 1758 3462 1827; x_wconf 91' lang='lat' dir='ltr'>apostolus:</span> <span class='ocrx_word' id='word_1_475' title='bbox 3516 1766 3795 1820; x_wconf 84' lang='lat' dir='ltr'>Doctrinis</span> 
     </span>
    </p>
   </div>
   <div class='ocr_carea' id='block_1_75' title="bbox 2150 1841 3796 1921">
    <p class='ocr_par' dir='ltr' id='par_1_75' title="bbox 2150 1841 3796 1921">
     <span class='ocr_line' id='line_1_76' title="bbox 2150 1841 3796 1921; baseline 0.009 -27"><span class='ocrx_word' id='word_1_476' title='bbox 2150 1841 2327 1894; x_wconf 87' lang='lat' dir='ltr'>variis</span> <span class='ocrx_word' id='word_1_477' title='bbox 2356 1844 2406 1894; x_wconf 88' lang='lat' dir='ltr'>et</span> <span class='ocrx_word' id='word_1_478' title='bbox 2431 1843 2745 1911; x_wconf 82' lang='lat' dir='ltr'>peregrinis</span> <span class='ocrx_word' id='word_1_479' title='bbox 2768 1842 2936 1898; x_wconf 87' lang='lat' dir='ltr'>nolite</span> <span class='ocrx_word' id='word_1_480' title='bbox 2956 1845 3147 1900; x_wconf 72' lang='lat' dir='ltr'>abduc:</span> <span class='ocrx_word' id='word_1_481' title='bbox 3170 1846 3349 1917; x_wconf 84' lang='lat' dir='ltr'>(Hebr.</span> <span class='ocrx_word' id='word_1_482' title='bbox 3373 1866 3496 1916; x_wconf 84' lang='lat' dir='ltr'>xm,</span> <span class='ocrx_word' id='word_1_483' title='bbox 3517 1851 3590 1921; x_wconf 88' lang='lat'>9).</span> <span class='ocrx_word' id='word_1_484' title='bbox 3626 1853 3796 1908; x_wconf 89' lang='lat' dir='ltr'>Simi-</span> 
     </span>
    </p>
   </div>
   <div class='ocr_carea' id='block_1_76' title="bbox 2151 1926 3793 2003">
    <p class='ocr_par' dir='ltr' id='par_1_76' title="bbox 2151 1926 3793 2003">
     <span class='ocr_line' id='line_1_77' title="bbox 2151 1926 3793 2003; baseline 0.01 -23"><span class='ocrx_word' id='word_1_485' title='bbox 2151 1926 2281 1982; x_wconf 90' lang='lat' dir='ltr'>liter</span> <span class='ocrx_word' id='word_1_486' title='bbox 2310 1928 2487 1982; x_wconf 89' lang='lat' dir='ltr'>etiam</span> <span class='ocrx_word' id='word_1_487' title='bbox 2521 1929 2591 1983; x_wconf 91' lang='lat' dir='ltr'>de</span> <span class='ocrx_word' id='word_1_488' title='bbox 2621 1928 2737 1983; x_wconf 92' lang='lat' dir='ltr'>illis</span> <span class='ocrx_word' id='word_1_489' title='bbox 2768 1930 2866 2000; x_wconf 91' lang='lat' dir='ltr'>qui</span> <span class='ocrx_word' id='word_1_490' title='bbox 2911 1933 3147 1988; x_wconf 87' lang='lat' dir='ltr'>arbores</span> <span class='ocrx_word' id='word_1_491' title='bbox 3179 1935 3395 2003; x_wconf 85' lang='lat' dir='ltr'>colunt,</span> <span class='ocrx_word' id='word_1_492' title='bbox 3430 1946 3531 1992; x_wconf 89' lang='lat' dir='ltr'>aut</span> <span class='ocrx_word' id='word_1_493' title='bbox 3562 1941 3631 1995; x_wconf 90' lang='lat' dir='ltr'>ad</span> <span class='ocrx_word' id='word_1_494' title='bbox 3667 1943 3793 1997; x_wconf 84' lang='lat' dir='ltr'>fon-</span> 
     </span>
    </p>
   </div>
   <div class='ocr_carea' id='block_1_77' title="bbox 2150 2015 3790 2092">
    <p class='ocr_par' dir='ltr' id='par_1_77' title="bbox 2150 2015 3790 2092">
     <span class='ocr_line' id='line_1_78' title="bbox 2150 2015 3790 2092; baseline 0.01 -22"><span class='ocrx_word' id='word_1_495' title='bbox 2150 2020 2237 2071; x_wconf 86' lang='lat' dir='ltr'>tes</span> <span class='ocrx_word' id='word_1_496' title='bbox 2261 2015 2597 2086; x_wconf 89' lang='lat' dir='ltr'>bujusmodi</span> <span class='ocrx_word' id='word_1_497' title='bbox 2632 2017 2900 2089; x_wconf 86' lang='lat' dir='ltr'>religiose</span> <span class='ocrx_word' id='word_1_498' title='bbox 2930 2022 3233 2092; x_wconf 85' lang='lat' dir='ltr'>accedunt,</span> <span class='ocrx_word' id='word_1_499' title='bbox 3269 2025 3587 2083; x_wconf 90' lang='lat' dir='ltr'>deliberare</span> <span class='ocrx_word' id='word_1_500' title='bbox 3617 2046 3790 2086; x_wconf 88' lang='lat' dir='ltr'>cura-</span> 
     </span>
    </p>
   </div>
   <div class='ocr_carea' id='block_1_78' title="bbox 2152 2104 3791 2189">
    <p class='ocr_par' dir='ltr' id='par_1_78' title="bbox 2152 2104 3791 2189">
     <span class='ocr_line' id='line_1_79' title="bbox 2152 2104 3791 2189; baseline 0.011 -31"><span class='ocrx_word' id='word_1_501' title='bbox 2152 2104 2360 2160; x_wconf 88' lang='lat' dir='ltr'>vimus.</span> <span class='ocrx_word' id='word_1_502' title='bbox 2394 2104 2639 2177; x_wconf 89' lang='lat' dir='ltr'>Insuper</span> <span class='ocrx_word' id='word_1_503' title='bbox 2670 2106 2865 2162; x_wconf 88' lang='lat' dir='ltr'>nullus</span> <span class='ocrx_word' id='word_1_504' title='bbox 2910 2109 3127 2165; x_wconf 87' lang='lat' dir='ltr'>talibus</span> <span class='ocrx_word' id='word_1_505' title='bbox 3177 2114 3611 2173; x_wconf 89' lang='lat' dir='ltr'>communicare</span> <span class='ocrx_word' id='word_1_506' title='bbox 3641 2136 3791 2189; x_wconf 67' lang='lat' dir='ltr'>prae--</span> 
     </span>
    </p>
   </div>
   <div class='ocr_carea' id='block_1_79' title="bbox 2152 2198 2369 2248">
    <p class='ocr_par' dir='ltr' id='par_1_79' title="bbox 2152 2198 2369 2248">
     <span class='ocr_line' id='line_1_80' title="bbox 2152 2198 2369 2248; baseline 0 0"><span class='ocrx_word' id='word_1_507' title='bbox 2152 2198 2369 2248; x_wconf 90' lang='lat' dir='ltr'>sumat.</span> 
     </span>
    </p>
   </div>
   <div class='ocr_carea' id='block_1_80' title="bbox 2156 2299 3794 2381">
    <p class='ocr_par' dir='ltr' id='par_1_80' title="bbox 2156 2299 3794 2381">
     <span class='ocr_line' id='line_1_81' title="bbox 2156 2299 3794 2381; baseline 0.011 -27"><span class='ocrx_word' id='word_1_508' title='bbox 2156 2299 2551 2356; x_wconf 86' lang='lat' dir='ltr'>CAP.XLIX.——</span> <span class='ocrx_word' id='word_1_509' title='bbox 2575 2305 2644 2357; x_wconf 91' lang='lat' dir='ltr'>Ut</span> <span class='ocrx_word' id='word_1_510' title='bbox 2659 2303 2853 2358; x_wconf 88' lang='lat' dir='ltr'>clerici</span> <span class='ocrx_word' id='word_1_511' title='bbox 2866 2320 3064 2359; x_wconf 85' lang='lat' dir='ltr'>usuras</span> <span class='ocrx_word' id='word_1_512' title='bbox 3089 2322 3197 2362; x_wconf 89' lang='lat' dir='ltr'>non</span> <span class='ocrx_word' id='word_1_513' title='bbox 3227 2311 3629 2381; x_wconf 88' lang='lat' dir='ltr'>accipiant,nec</span> <span class='ocrx_word' id='word_1_514' title='bbox 3655 2312 3794 2371; x_wconf 81' lang='lat' dir='ltr'>laici</span> 
     </span>
    </p>
   </div>
   <div class='ocr_carea' id='block_1_81' title="bbox 2845 2391 3075 2448">
    <p class='ocr_par' dir='ltr' id='par_1_81' title="bbox 2845 2391 3075 2448">
     <span class='ocr_line' id='line_1_82' title="bbox 2845 2391 3075 2448; baseline 0.013 -20"><span class='ocrx_word' id='word_1_515' title='bbox 2845 2391 3075 2448; x_wconf 85' lang='lat' dir='ltr'>quoque.</span> 
     </span>
    </p>
   </div>
   <div class='ocr_carea' id='block_1_82' title="bbox 2222 2476 3789 2560">
    <p class='ocr_par' dir='ltr' id='par_1_82' title="bbox 2222 2476 3789 2560">
     <span class='ocr_line' id='line_1_83' title="bbox 2222 2476 3789 2560; baseline 0.012 -29"><span class='ocrx_word' id='word_1_516' title='bbox 2222 2476 2450 2547; x_wconf 79' lang='lat' dir='ltr'>(Concil.</span> <span class='ocrx_word' id='word_1_517' title='bbox 2485 2479 2749 2551; x_wconf 79' lang='lat' dir='ltr'>Carthag.</span> <span class='ocrx_word' id='word_1_518' title='bbox 2786 2498 2868 2551; x_wconf 83' lang='lat' dir='ltr'>In,</span> <span class='ocrx_word' id='word_1_519' title='bbox 2896 2498 2944 2537; x_wconf 93' lang='lat' dir='ltr'>c.</span> <span class='ocrx_word' id='word_1_520' title='bbox 2974 2483 3085 2554; x_wconf 84' lang='lat' dir='ltr'>i6.)</span> <span class='ocrx_word' id='word_1_521' title='bbox 3116 2485 3256 2539; x_wconf 88' lang='lat' dir='ltr'>Item</span> <span class='ocrx_word' id='word_1_522' title='bbox 3306 2487 3545 2560; x_wconf 90' lang='lat' dir='ltr'>placuit,</span> <span class='ocrx_word' id='word_1_523' title='bbox 3581 2498 3644 2547; x_wconf 88' lang='lat' dir='ltr'>ut</span> <span class='ocrx_word' id='word_1_524' title='bbox 3673 2493 3789 2550; x_wconf 87' lang='lat' dir='ltr'>cle-</span> 
     </span>
    </p>
   </div>
   <div class='ocr_carea' id='block_1_83' title="bbox 2157 2564 3787 2652">
    <p class='ocr_par' dir='ltr' id='par_1_83' title="bbox 2157 2564 3787 2652">
     <span class='ocr_line' id='line_1_84' title="bbox 2157 2564 3787 2652; baseline 0.012 -35"><span class='ocrx_word' id='word_1_525' title='bbox 2157 2564 2313 2619; x_wconf 91' lang='lat' dir='ltr'>ricus</span> <span class='ocrx_word' id='word_1_526' title='bbox 2328 2566 2376 2619; x_wconf 89' lang='lat' dir='ltr'>si</span> <span class='ocrx_word' id='word_1_527' title='bbox 2397 2568 2851 2624; x_wconf 87' lang='lat' dir='ltr'>commodaverit</span> <span class='ocrx_word' id='word_1_528' title='bbox 2869 2572 3191 2644; x_wconf 90' lang='lat' dir='ltr'>pecuniam,</span> <span class='ocrx_word' id='word_1_529' title='bbox 3203 2577 3506 2645; x_wconf 86' lang='lat' dir='ltr'>pecuniam</span> <span class='ocrx_word' id='word_1_530' title='bbox 3521 2581 3787 2652; x_wconf 85' lang='lat' dir='ltr'>accipiat;</span> 
     </span>
    </p>
   </div>
   <div class='ocr_carea' id='block_1_84' title="bbox 2152 2653 3793 2732">
    <p class='ocr_par' dir='ltr' id='par_1_84' title="bbox 2152 2653 3793 2732">
     <span class='ocr_line' id='line_1_85' title="bbox 2152 2653 3793 2732; baseline 0.013 -27"><span class='ocrx_word' id='word_1_531' title='bbox 2152 2653 2199 2705; x_wconf 92' lang='lat' dir='ltr'>si</span> <span class='ocrx_word' id='word_1_532' title='bbox 2234 2655 2788 2724; x_wconf 79' lang='lat' dir='ltr'>speciem,eamdem</span> <span class='ocrx_word' id='word_1_533' title='bbox 2814 2660 3065 2730; x_wconf 86' lang='lat' dir='ltr'>speciem</span> <span class='ocrx_word' id='word_1_534' title='bbox 3090 2667 3376 2732; x_wconf 86' lang='lat' dir='ltr'>quantum</span> <span class='ocrx_word' id='word_1_535' title='bbox 3402 2666 3625 2723; x_wconf 91' lang='lat' dir='ltr'>dederit</span> <span class='ocrx_word' id='word_1_536' title='bbox 3647 2671 3793 2725; x_wconf 88' lang='lat' dir='ltr'>acci-</span> 
     </span>
    </p>
   </div>
   <div class='ocr_carea' id='block_1_85' title="bbox 2151 2741 3784 2826">
    <p class='ocr_par' dir='ltr' id='par_1_85' title="bbox 2151 2741 3784 2826">
     <span class='ocr_line' id='line_1_86' title="bbox 2151 2741 3784 2826; baseline 0.013 -34"><span class='ocrx_word' id='word_1_537' title='bbox 2151 2741 2291 2812; x_wconf 87' lang='lat' dir='ltr'>piat.</span> <span class='ocrx_word' id='word_1_538' title='bbox 2320 2743 2596 2798; x_wconf 83' lang='lat' dir='ltr'>Similiter</span> <span class='ocrx_word' id='word_1_539' title='bbox 2616 2762 2848 2818; x_wconf 90' lang='lat' dir='ltr'>quoque</span> <span class='ocrx_word' id='word_1_540' title='bbox 2867 2747 2997 2802; x_wconf 89' lang='lat' dir='ltr'>laici</span> <span class='ocrx_word' id='word_1_541' title='bbox 3025 2751 3094 2804; x_wconf 90' lang='lat' dir='ltr'>ab</span> <span class='ocrx_word' id='word_1_542' title='bbox 3121 2753 3316 2808; x_wconf 87' lang='lat' dir='ltr'>usuris</span> <span class='ocrx_word' id='word_1_543' title='bbox 3338 2771 3399 2809; x_wconf 90' lang='lat' dir='ltr'>se</span> <span class='ocrx_word' id='word_1_544' title='bbox 3422 2758 3784 2826; x_wconf 86' lang='lat' dir='ltr'>abstineant;</span> 
     </span>
    </p>
   </div>
   <div class='ocr_carea' id='block_1_86' title="bbox 2152 2832 3466 2902">
    <p class='ocr_par' dir='ltr' id='par_1_86' title="bbox 2152 2832 3466 2902">
     <span class='ocr_line' id='line_1_87' title="bbox 2152 2832 3466 2902; baseline 0.012 -19"><span class='ocrx_word' id='word_1_545' title='bbox 2152 2832 2304 2901; x_wconf 93' lang='lat' dir='ltr'>quod</span> <span class='ocrx_word' id='word_1_546' title='bbox 2341 2832 2388 2886; x_wconf 92' lang='lat' dir='ltr'>si</span> <span class='ocrx_word' id='word_1_547' title='bbox 2422 2851 2535 2888; x_wconf 92' lang='lat' dir='ltr'>non</span> <span class='ocrx_word' id='word_1_548' title='bbox 2571 2835 2828 2902; x_wconf 85' lang='lat' dir='ltr'>fecerint,</span> <span class='ocrx_word' id='word_1_549' title='bbox 2864 2842 3466 2899; x_wconf 85' lang='lat' dir='ltr'>excommunicentur.</span> 
     </span>
    </p>
   </div>
   <div class='ocr_carea' id='block_1_87' title="bbox 2150 2940 3795 3013">
    <p class='ocr_par' dir='ltr' id='par_1_87' title="bbox 2150 2940 3795 3013">
     <span class='ocr_line' id='line_1_88' title="bbox 2150 2940 3795 3013; baseline 0.012 -20"><span class='ocrx_word' id='word_1_550' title='bbox 2150 2940 2276 2993; x_wconf 82' lang='lat' dir='ltr'>CAP.</span> <span class='ocrx_word' id='word_1_551' title='bbox 2314 2944 2370 2993; x_wconf 89' lang='lat' dir='ltr'>L.</span> <span class='ocrx_word' id='word_1_552' title='bbox 2397 2971 2459 2979; x_wconf 98' lang='lat'><strong>—</strong></span> <span class='ocrx_word' id='word_1_553' title='bbox 2488 2942 2549 2997; x_wconf 90' lang='lat' dir='ltr'>Ut</span> <span class='ocrx_word' id='word_1_554' title='bbox 2577 2942 2767 2997; x_wconf 82' lang='lat' dir='ltr'>clerici</span> <span class='ocrx_word' id='word_1_555' title='bbox 2794 2945 2960 2999; x_wconf 82' lang='lat' dir='ltr'>vilius</span> <span class='ocrx_word' id='word_1_556' title='bbox 2989 2947 3205 3002; x_wconf 84' lang='lat' dir='ltr'>emendi</span> <span class='ocrx_word' id='word_1_557' title='bbox 3231 2952 3281 3003; x_wconf 87' lang='lat' dir='ltr'>et</span> <span class='ocrx_word' id='word_1_558' title='bbox 3309 2953 3503 3007; x_wconf 87' lang='lat' dir='ltr'>carius</span> <span class='ocrx_word' id='word_1_559' title='bbox 3528 2955 3795 3013; x_wconf 85' lang='lat' dir='ltr'>vendendi</span> 
     </span>
    </p>
   </div>
   <div class='ocr_carea' id='block_1_88' title="bbox 2681 3018 3256 3075">
    <p class='ocr_par' dir='ltr' id='par_1_88' title="bbox 2681 3018 3256 3075">
     <span class='ocr_line' id='line_1_89' title="bbox 2681 3018 3256 3075; baseline 0.012 -7"><span class='ocrx_word' id='word_1_560' title='bbox 2681 3030 2836 3069; x_wconf 84' lang='lat' dir='ltr'>usum</span> <span class='ocrx_word' id='word_1_561' title='bbox 2863 3034 2975 3070; x_wconf 79' lang='lat' dir='ltr'>non</span> <span class='ocrx_word' id='word_1_562' title='bbox 3001 3018 3256 3075; x_wconf 84' lang='lat' dir='ltr'>habeant.</span> 
     </span>
    </p>
   </div>
   <div class='ocr_carea' id='block_1_89' title="bbox 2223 3117 3788 3198">
    <p class='ocr_par' dir='ltr' id='par_1_89' title="bbox 2223 3117 3788 3198">
     <span class='ocr_line' id='line_1_90' title="bbox 2223 3117 3788 3198; baseline 0.013 -28"><span class='ocrx_word' id='word_1_563' title='bbox 2223 3117 2451 3187; x_wconf 83' lang='lat' dir='ltr'>(Concil.</span> <span class='ocrx_word' id='word_1_564' title='bbox 2513 3120 2801 3175; x_wconf 74' lang='lat' dir='ltr'>Tarracon.</span> <span class='ocrx_word' id='word_1_565' title='bbox 2861 3138 2910 3176; x_wconf 91' lang='lat' dir='ltr'>c.</span> <span class='ocrx_word' id='word_1_566' title='bbox 2970 3124 3047 3193; x_wconf 85' lang='lat'>2.)</span> <span class='ocrx_word' id='word_1_567' title='bbox 3123 3124 3283 3180; x_wconf 89' lang='lat' dir='ltr'>Sicut</span> <span class='ocrx_word' id='word_1_568' title='bbox 3336 3144 3441 3198; x_wconf 88' lang='lat' dir='ltr'>per</span> <span class='ocrx_word' id='word_1_569' title='bbox 3496 3146 3788 3190; x_wconf 90' lang='lat' dir='ltr'>canonum</span> 
     </span>
    </p>
   </div>
   <div class='ocr_carea' id='block_1_90' title="bbox 2151 3208 3794 3283">
    <p class='ocr_par' dir='ltr' id='par_1_90' title="bbox 2151 3208 3794 3283">
     <span class='ocr_line' id='line_1_91' title="bbox 2151 3208 3794 3283; baseline 0.012 -24"><span class='ocrx_word' id='word_1_570' title='bbox 2151 3210 2372 3261; x_wconf 84' lang='lat' dir='ltr'>statuta</span> <span class='ocrx_word' id='word_1_571' title='bbox 2401 3208 2694 3261; x_wconf 81' lang='lat' dir='ltr'>ﬁrmatum</span> <span class='ocrx_word' id='word_1_572' title='bbox 2740 3214 2845 3275; x_wconf 89' lang='lat' dir='ltr'>est,</span> <span class='ocrx_word' id='word_1_573' title='bbox 2879 3212 3234 3283; x_wconf 91' lang='lat' dir='ltr'>quicumque</span> <span class='ocrx_word' id='word_1_574' title='bbox 3264 3215 3322 3269; x_wconf 86' lang='lat' dir='ltr'>in</span> <span class='ocrx_word' id='word_1_575' title='bbox 3355 3216 3505 3273; x_wconf 92' lang='lat' dir='ltr'>clero</span> <span class='ocrx_word' id='word_1_576' title='bbox 3535 3236 3661 3276; x_wconf 90' lang='lat' dir='ltr'>esse</span> <span class='ocrx_word' id='word_1_577' title='bbox 3695 3240 3794 3279; x_wconf 89' lang='lat' dir='ltr'>vo-</span> 
     </span>
    </p>
   </div>
   <div class='ocr_carea' id='block_1_91' title="bbox 2154 3295 3789 3368">
    <p class='ocr_par' dir='ltr' id='par_1_91' title="bbox 2154 3295 3789 3368">
     <span class='ocr_line' id='line_1_92' title="bbox 2154 3295 3789 3368; baseline 0.012 -20"><span class='ocrx_word' id='word_1_578' title='bbox 2154 3295 2342 3360; x_wconf 85' lang='lat' dir='ltr'>luerit,</span> <span class='ocrx_word' id='word_1_579' title='bbox 2370 3296 2598 3350; x_wconf 89' lang='lat' dir='ltr'>emendi</span> <span class='ocrx_word' id='word_1_580' title='bbox 2632 3297 2826 3365; x_wconf 91' lang='lat' dir='ltr'>vilius,</span> <span class='ocrx_word' id='word_1_581' title='bbox 2878 3299 2963 3354; x_wconf 92' lang='lat' dir='ltr'>vel</span> <span class='ocrx_word' id='word_1_582' title='bbox 3012 3302 3295 3357; x_wconf 90' lang='lat' dir='ltr'>vendendi</span> <span class='ocrx_word' id='word_1_583' title='bbox 3328 3305 3563 3363; x_wconf 88' lang='lat' dir='ltr'>charius</span> <span class='ocrx_word' id='word_1_584' title='bbox 3593 3313 3789 3368; x_wconf 91' lang='lat' dir='ltr'>studio</span> 
     </span>
    </p>
   </div>
   <div class='ocr_carea' id='block_1_92' title="bbox 2151 3386 3792 3466">
    <p class='ocr_par' dir='ltr' id='par_1_92' title="bbox 2151 3386 3792 3466">
     <span class='ocr_line' id='line_1_93' title="bbox 2151 3386 3792 3466; baseline 0.012 -28"><span class='ocrx_word' id='word_1_585' title='bbox 2151 3402 2262 3439; x_wconf 91' lang='lat' dir='ltr'>non</span> <span class='ocrx_word' id='word_1_586' title='bbox 2298 3390 2512 3439; x_wconf 88' lang='lat' dir='ltr'>utatur.</span> <span class='ocrx_word' id='word_1_587' title='bbox 2547 3391 2705 3441; x_wconf 87' lang='lat' dir='ltr'>Certe</span> <span class='ocrx_word' id='word_1_588' title='bbox 2737 3386 2786 3441; x_wconf 90' lang='lat' dir='ltr'>si</span> <span class='ocrx_word' id='word_1_589' title='bbox 2813 3388 3057 3444; x_wconf 89' lang='lat' dir='ltr'>voluerit</span> <span class='ocrx_word' id='word_1_590' title='bbox 3086 3408 3367 3466; x_wconf 83' lang='lat' dir='ltr'>exercere,</span> <span class='ocrx_word' id='word_1_591' title='bbox 3402 3397 3792 3459; x_wconf 89' lang='lat' dir='ltr'>cobibeatura</span> 
     </span>
    </p>
   </div>
   <div class='ocr_carea' id='block_1_93' title="bbox 2150 3472 2325 3528">
    <p class='ocr_par' dir='ltr' id='par_1_93' title="bbox 2150 3472 2325 3528">
     <span class='ocr_line' id='line_1_94' title="bbox 2150 3472 2325 3528; baseline -0.006 0"><span class='ocrx_word' id='word_1_592' title='bbox 2150 3472 2325 3528; x_wconf 90' lang='lat' dir='ltr'>clero.</span> 
     </span>
    </p>
   </div>
   <div class='ocr_carea' id='block_1_94' title="bbox 2148 3580 3792 3656">
    <p class='ocr_par' dir='ltr' id='par_1_94' title="bbox 2148 3580 3792 3656">
     <span class='ocr_line' id='line_1_95' title="bbox 2148 3580 3792 3656; baseline 0.013 -25"><span class='ocrx_word' id='word_1_593' title='bbox 2148 3581 2280 3633; x_wconf 91' lang='lat' dir='ltr'>CAP.</span> <span class='ocrx_word' id='word_1_594' title='bbox 2314 3580 2395 3635; x_wconf 90' lang='lat' dir='ltr'>LI.</span> <span class='ocrx_word' id='word_1_595' title='bbox 2420 3611 2488 3656; x_wconf 91' lang='lat'>—_—</span> <span class='ocrx_word' id='word_1_596' title='bbox 2513 3582 2574 3637; x_wconf 91' lang='lat' dir='ltr'>Ut</span> <span class='ocrx_word' id='word_1_597' title='bbox 2592 3582 3121 3656; x_wconf 64' lang='lat' dir='ltr'>clericiswculurem</span> <span class='ocrx_word' id='word_1_598' title='bbox 3140 3586 3513 3656; x_wconf 75' lang='lat' dir='ltr'>defensionem</span> <span class='ocrx_word' id='word_1_599' title='bbox 3531 3593 3792 3652; x_wconf 83' lang='lat' dir='ltr'>adversus</span> 
     </span>
    </p>
   </div>
   <div class='ocr_carea' id='block_1_95' title="bbox 2339 3651 3599 3733">
    <p class='ocr_par' dir='ltr' id='par_1_95' title="bbox 2339 3651 3599 3733">
     <span class='ocr_line' id='line_1_96' title="bbox 2339 3651 3599 3733; baseline 0.012 -29"><span class='ocrx_word' id='word_1_600' title='bbox 2339 3651 2734 3707; x_wconf 82' lang='lat' dir='ltr'>ecclesiasliam</span> <span class='ocrx_word' id='word_1_601' title='bbox 2763 3654 3113 3725; x_wconf 84' lang='lat' dir='ltr'>disciplinam</span> <span class='ocrx_word' id='word_1_602' title='bbox 3142 3651 3253 3715; x_wconf 82' lang='lat' dir='ltr'>non</span> <span class='ocrx_word' id='word_1_603' title='bbox 3281 3666 3599 3733; x_wconf 86' lang='lat' dir='ltr'>requirant.</span> 
     </span>
    </p>
   </div>
   <div class='ocr_carea' id='block_1_96' title="bbox 2221 3756 3789 3833">
    <p class='ocr_par' dir='ltr' id='par_1_96' title="bbox 2221 3756 3789 3833">
     <span class='ocr_line' id='line_1_97' title="bbox 2221 3756 3789 3833; baseline 0.014 -26"><span class='ocrx_word' id='word_1_604' title='bbox 2221 3756 2446 3825; x_wconf 81' lang='lat' dir='ltr'>(Agath.</span> <span class='ocrx_word' id='word_1_605' title='bbox 2506 3758 2708 3812; x_wconf 88' lang='lat' dir='ltr'>Concil.</span> <span class='ocrx_word' id='word_1_606' title='bbox 2743 3776 2791 3813; x_wconf 92' lang='lat' dir='ltr'>c.</span> <span class='ocrx_word' id='word_1_607' title='bbox 2822 3761 2901 3831; x_wconf 91' lang='lat'>8.)</span> <span class='ocrx_word' id='word_1_608' title='bbox 2936 3762 3094 3817; x_wconf 90' lang='lat' dir='ltr'>Idem</span> <span class='ocrx_word' id='word_1_609' title='bbox 3139 3763 3376 3833; x_wconf 89' lang='lat' dir='ltr'>placuit,</span> <span class='ocrx_word' id='word_1_610' title='bbox 3427 3773 3489 3823; x_wconf 90' lang='lat' dir='ltr'>ut</span> <span class='ocrx_word' id='word_1_611' title='bbox 3540 3770 3789 3829; x_wconf 89' lang='lat' dir='ltr'>clericus</span> 
     </span>
    </p>
   </div>
   <div class='ocr_carea' id='block_1_97' title="bbox 2150 3842 3791 3921">
    <p class='ocr_par' dir='ltr' id='par_1_97' title="bbox 2150 3842 3791 3921">
     <span class='ocr_line' id='line_1_98' title="bbox 2150 3842 3791 3921; baseline 0.012 -23"><span class='ocrx_word' id='word_1_612' title='bbox 2150 3842 2198 3898; x_wconf 91' lang='lat' dir='ltr'>si</span> <span class='ocrx_word' id='word_1_613' title='bbox 2218 3843 2416 3901; x_wconf 88' lang='lat' dir='ltr'>relicto</span> <span class='ocrx_word' id='word_1_614' title='bbox 2434 3846 2624 3901; x_wconf 78' lang='lat' dir='ltr'>officio</span> <span class='ocrx_word' id='word_1_615' title='bbox 2647 3864 2751 3903; x_wconf 90' lang='lat' dir='ltr'>suo</span> <span class='ocrx_word' id='word_1_616' title='bbox 2779 3856 3013 3921; x_wconf 88' lang='lat' dir='ltr'>propter</span> <span class='ocrx_word' id='word_1_617' title='bbox 3042 3852 3464 3911; x_wconf 87' lang='lat' dir='ltr'>districtionem</span> <span class='ocrx_word' id='word_1_618' title='bbox 3497 3859 3568 3912; x_wconf 90' lang='lat' dir='ltr'>ad</span> <span class='ocrx_word' id='word_1_619' title='bbox 3602 3878 3791 3917; x_wconf 70' lang='lat' dir='ltr'>saecu-</span> 
     </span>
    </p>
   </div>
   <div class='ocr_carea' id='block_1_98' title="bbox 2150 3931 3792 4018">
    <p class='ocr_par' dir='ltr' id='par_1_98' title="bbox 2150 3931 3792 4018">
     <span class='ocr_line' id='line_1_99' title="bbox 2150 3931 3792 4018; baseline 0.014 -34"><span class='ocrx_word' id='word_1_620' title='bbox 2150 3931 2330 3986; x_wconf 89' lang='lat' dir='ltr'>larem</span> <span class='ocrx_word' id='word_1_621' title='bbox 2356 3933 2597 3988; x_wconf 82' lang='lat' dir='ltr'>fortasse</span> <span class='ocrx_word' id='word_1_622' title='bbox 2619 3936 3013 3993; x_wconf 86' lang='lat' dir='ltr'>defensionem</span> <span class='ocrx_word' id='word_1_623' title='bbox 3038 3942 3431 4013; x_wconf 69' lang='lat' dir='ltr'>trausierit,{et</span> <span class='ocrx_word' id='word_1_624' title='bbox 3450 3946 3499 4000; x_wconf 91' lang='lat' dir='ltr'>ei</span> <span class='ocrx_word' id='word_1_625' title='bbox 3522 3949 3592 4001; x_wconf 91' lang='lat' dir='ltr'>ad</span> <span class='ocrx_word' id='word_1_626' title='bbox 3617 3966 3792 4018; x_wconf 90' lang='lat' dir='ltr'>quem</span> 
     </span>
    </p>
   </div>
   <div class='ocr_carea' id='block_1_99' title="bbox 2151 4022 3794 4100">
    <p class='ocr_par' dir='ltr' id='par_1_99' title="bbox 2151 4022 3794 4100">
     <span class='ocr_line' id='line_1_100' title="bbox 2151 4022 3794 4100; baseline 0.012 -27"><span class='ocrx_word' id='word_1_627' title='bbox 2151 4024 2459 4076; x_wconf 86' lang='lat' dir='ltr'>recurrerit</span> <span class='ocrx_word' id='word_1_628' title='bbox 2490 4022 2762 4077; x_wconf 86' lang='lat' dir='ltr'>solatium</span> <span class='ocrx_word' id='word_1_629' title='bbox 2781 4025 3137 4083; x_wconf 88' lang='lat' dir='ltr'>defensionis</span> <span class='ocrx_word' id='word_1_630' title='bbox 3160 4029 3529 4100; x_wconf 90' lang='lat' dir='ltr'>impenderit,</span> <span class='ocrx_word' id='word_1_631' title='bbox 3554 4051 3685 4090; x_wconf 92' lang='lat' dir='ltr'>cum</span> <span class='ocrx_word' id='word_1_632' title='bbox 3705 4055 3794 4093; x_wconf 86' lang='lat' dir='ltr'>eo-</span> 
     </span>
    </p>
   </div>
   <div class='ocr_carea' id='block_1_100' title="bbox 2150 4109 3416 4187">
    <p class='ocr_par' dir='ltr' id='par_1_100' title="bbox 2150 4109 3416 4187">
     <span class='ocr_line' id='line_1_101' title="bbox 2150 4109 3416 4187; baseline 0.009 -24"><span class='ocrx_word' id='word_1_633' title='bbox 2150 4109 2283 4164; x_wconf 90' lang='lat' dir='ltr'>dem</span> <span class='ocrx_word' id='word_1_634' title='bbox 2316 4110 2385 4165; x_wconf 90' lang='lat' dir='ltr'>de</span> <span class='ocrx_word' id='word_1_635' title='bbox 2406 4110 2670 4165; x_wconf 76' lang='lat' dir='ltr'>Ecclesia:</span> <span class='ocrx_word' id='word_1_636' title='bbox 2702 4115 3114 4170; x_wconf 86' lang='lat' dir='ltr'>communione</span> <span class='ocrx_word' id='word_1_637' title='bbox 3144 4117 3416 4187; x_wconf 89' lang='lat' dir='ltr'>pellatur.</span> 
     </span>
    </p>
   </div>
   <div class='ocr_carea' id='block_1_101' title="bbox 2149 4217 3795 4347">
    <p class='ocr_par' dir='ltr' id='par_1_101' title="bbox 2149 4217 3795 4347">
     <span class='ocr_line' id='line_1_102' title="bbox 2149 4217 3795 4347; baseline 0.012 -77"><span class='ocrx_word' id='word_1_638' title='bbox 2149 4220 2279 4271; x_wconf 89' lang='lat' dir='ltr'>CAP.</span> <span class='ocrx_word' id='word_1_639' title='bbox 2335 4217 2445 4272; x_wconf 91' lang='lat' dir='ltr'>LII.</span> <span class='ocrx_word' id='word_1_640' title='bbox 2495 4250 2562 4258; x_wconf 87' lang='lat'>—-</span> <span class='ocrx_word' id='word_1_641' title='bbox 2623 4220 2686 4275; x_wconf 92' lang='lat' dir='ltr'>Ut</span> <span class='ocrx_word' id='word_1_642' title='bbox 2715 4220 2902 4274; x_wconf 87' lang='lat' dir='ltr'>clerici</span> <span class='ocrx_word' id='word_1_643' title='bbox 2928 4222 3286 4347; x_wconf 41' lang='lat' dir='ltr'>ecclesiastico</span> <span class='ocrx_word' id='word_1_644' title='bbox 3314 4227 3527 4297; x_wconf 85' lang='lat' dir='ltr'>judicio</span> <span class='ocrx_word' id='word_1_645' title='bbox 3555 4235 3795 4289; x_wconf 87' lang='lat' dir='ltr'>contenti</span> 
     </span>
     <span class='ocr_line' id='line_1_103' title="bbox 2902 4308 3034 4347; baseline 0.015 -2"><span class='ocrx_word' id='word_1_646' title='bbox 2902 4308 2987 4347; x_wconf 84' lang='lat' dir='ltr'>sm</span> <span class='ocrx_word' id='word_1_647' title='bbox 3022 4336 3034 4347; x_wconf 92' lang='lat'>.</span> 
     </span>
    </p>
   </div>
   <div class='ocr_carea' id='block_1_102' title="bbox 2902 4308 3034 4349">
    <p class='ocr_par' dir='ltr' id='par_1_102' title="bbox 2902 4308 3034 4349">
     <span class='ocr_line' id='line_1_104' title="bbox 2902 4308 3034 4349; baseline 0.03 -4"><span class='ocrx_word' id='word_1_648' title='bbox 2902 4308 3034 4349; x_wconf 73' lang='grc' dir='ltr'>διηῑ.</span> 
     </span>
    </p>
   </div>
   <div class='ocr_carea' id='block_1_103' title="bbox 2222 4393 3793 4478">
    <p class='ocr_par' dir='ltr' id='par_1_103' title="bbox 2222 4393 3793 4478">
     <span class='ocr_line' id='line_1_105' title="bbox 2222 4393 3793 4478; baseline 0.011 -30"><span class='ocrx_word' id='word_1_649' title='bbox 2222 4393 2771 4464; x_wconf 84' lang='lat' dir='ltr'>(Pseudo-Clemens</span> <span class='ocrx_word' id='word_1_650' title='bbox 2789 4398 2959 4469; x_wconf 89' lang='lat' dir='ltr'>epist.</span> <span class='ocrx_word' id='word_1_651' title='bbox 2987 4400 3009 4453; x_wconf 91' lang='grc'>1</span> <span class='ocrx_word' id='word_1_652' title='bbox 3039 4402 3107 4455; x_wconf 90' lang='lat' dir='ltr'>ad</span> <span class='ocrx_word' id='word_1_653' title='bbox 3132 4402 3357 4475; x_wconf 78' lang='lat' dir='ltr'>Jaceb.)</span> <span class='ocrx_word' id='word_1_654' title='bbox 3384 4406 3439 4461; x_wconf 90' lang='lat' dir='ltr'>Si</span> <span class='ocrx_word' id='word_1_655' title='bbox 3466 4408 3566 4478; x_wconf 89' lang='lat' dir='ltr'>qui</span> <span class='ocrx_word' id='word_1_656' title='bbox 3592 4425 3659 4465; x_wconf 87' lang='lat' dir='ltr'>ex</span> <span class='ocrx_word' id='word_1_657' title='bbox 3683 4411 3793 4466; x_wconf 87' lang='lat' dir='ltr'>fra-</span> 
     </span>
    </p>
   </div>
   <div class='ocr_carea' id='block_1_104' title="bbox 2149 4483 3792 4566">
    <p class='ocr_par' dir='ltr' id='par_1_104' title="bbox 2149 4483 3792 4566">
     <span class='ocr_line' id='line_1_106' title="bbox 2149 4483 3792 4566; baseline 0.012 -30"><span class='ocrx_word' id='word_1_658' title='bbox 2149 4483 2337 4538; x_wconf 89' lang='lat' dir='ltr'>tribus</span> <span class='ocrx_word' id='word_1_659' title='bbox 2370 4486 2594 4556; x_wconf 88' lang='lat' dir='ltr'>negotia</span> <span class='ocrx_word' id='word_1_660' title='bbox 2631 4486 2849 4540; x_wconf 82' lang='lat' dir='ltr'>habent</span> <span class='ocrx_word' id='word_1_661' title='bbox 2878 4488 3028 4543; x_wconf 89' lang='lat' dir='ltr'>inter</span> <span class='ocrx_word' id='word_1_662' title='bbox 3049 4507 3129 4560; x_wconf 91' lang='lat' dir='ltr'>se,</span> <span class='ocrx_word' id='word_1_663' title='bbox 3156 4495 3308 4563; x_wconf 89' lang='lat' dir='ltr'>apud</span> <span class='ocrx_word' id='word_1_664' title='bbox 3343 4497 3669 4566; x_wconf 88' lang='lat' dir='ltr'>cognitores</span> <span class='ocrx_word' id='word_1_665' title='bbox 3692 4516 3792 4555; x_wconf 61' lang='lat' dir='ltr'>sa-</span> 
     </span>
    </p>
   </div>
   <div class='ocr_carea' id='block_1_105' title="bbox 2149 4571 3788 4654">
    <p class='ocr_par' dir='ltr' id='par_1_105' title="bbox 2149 4571 3788 4654">
     <span class='ocr_line' id='line_1_107' title="bbox 2149 4571 3788 4654; baseline 0.012 -29"><span class='ocrx_word' id='word_1_666' title='bbox 2149 4571 2264 4626; x_wconf 88' lang='lat' dir='ltr'>cuIi</span> <span class='ocrx_word' id='word_1_667' title='bbox 2298 4589 2410 4627; x_wconf 90' lang='lat' dir='ltr'>non</span> <span class='ocrx_word' id='word_1_668' title='bbox 2436 4574 2792 4642; x_wconf 85' lang='lat' dir='ltr'>judicentur,</span> <span class='ocrx_word' id='word_1_669' title='bbox 2816 4577 2916 4630; x_wconf 90' lang='lat' dir='ltr'>sed</span> <span class='ocrx_word' id='word_1_670' title='bbox 2941 4580 3094 4648; x_wconf 84' lang='lat' dir='ltr'>apud</span> <span class='ocrx_word' id='word_1_671' title='bbox 3118 4583 3486 4654; x_wconf 85' lang='lat' dir='ltr'>presbyteros</span> <span class='ocrx_word' id='word_1_672' title='bbox 3522 4586 3788 4645; x_wconf 63' lang='lat' dir='ltr'>Ecclesia</span> 
     </span>
    </p>
   </div>
   <div class='ocr_carea' id='block_1_106' title="bbox 2149 4661 3103 4733">
    <p class='ocr_par' dir='ltr' id='par_1_106' title="bbox 2149 4661 3103 4733">
     <span class='ocr_line' id='line_1_108' title="bbox 2149 4661 3103 4733; baseline 0.009 -20"><span class='ocrx_word' id='word_1_673' title='bbox 2149 4661 2432 4733; x_wconf 91' lang='lat' dir='ltr'>quidquid</span> <span class='ocrx_word' id='word_1_674' title='bbox 2468 4662 2609 4717; x_wconf 89' lang='lat' dir='ltr'>illud</span> <span class='ocrx_word' id='word_1_675' title='bbox 2641 4669 2747 4732; x_wconf 91' lang='lat' dir='ltr'>est,</span> <span class='ocrx_word' id='word_1_676' title='bbox 2778 4664 3103 4722; x_wconf 88' lang='lat' dir='ltr'>dirimatur.</span> 
     </span>
    </p>
   </div>
   <div class='ocr_carea' id='block_1_107' title="bbox 2308 4787 3643 4864">
    <p class='ocr_par' dir='ltr' id='par_1_107' title="bbox 2308 4787 3643 4864">
     <span class='ocr_line' id='line_1_109' title="bbox 2308 4787 3643 4864; baseline 0.01 -23"><span class='ocrx_word' id='word_1_677' title='bbox 2308 4787 2443 4841; x_wconf 85' lang='lat' dir='ltr'>CAP.</span> <span class='ocrx_word' id='word_1_678' title='bbox 2482 4787 2617 4840; x_wconf 88' lang='lat' dir='ltr'>LIII.</span> <span class='ocrx_word' id='word_1_679' title='bbox 2655 4819 2719 4827; x_wconf 82' lang='lat'>—~</span> <span class='ocrx_word' id='word_1_680' title='bbox 2753 4789 2814 4844; x_wconf 90' lang='lat' dir='ltr'>Ut</span> <span class='ocrx_word' id='word_1_681' title='bbox 2842 4790 3037 4845; x_wconf 87' lang='lat' dir='ltr'>clerici</span> <span class='ocrx_word' id='word_1_682' title='bbox 3069 4795 3278 4864; x_wconf 88' lang='lat' dir='ltr'>vigiliis</span> <span class='ocrx_word' id='word_1_683' title='bbox 3306 4812 3415 4850; x_wconf 86' lang='lat' dir='ltr'>non</span> <span class='ocrx_word' id='word_1_684' title='bbox 3444 4796 3643 4857; x_wconf 86' lang='lat' dir='ltr'>desint.</span> 
     </span>
    </p>
   </div>
   <div class='ocr_carea' id='block_1_108' title="bbox 2220 4892 3792 4975">
    <p class='ocr_par' dir='ltr' id='par_1_108' title="bbox 2220 4892 3792 4975">
     <span class='ocr_line' id='line_1_110' title="bbox 2220 4892 3792 4975; baseline 0.008 -27"><span class='ocrx_word' id='word_1_685' title='bbox 2220 4892 2447 4962; x_wconf 87' lang='lat' dir='ltr'>(Concil.</span> <span class='ocrx_word' id='word_1_686' title='bbox 2484 4892 2745 4963; x_wconf 63' lang='lat' dir='ltr'>Cari/(ag.</span> <span class='ocrx_word' id='word_1_687' title='bbox 2784 4912 2856 4960; x_wconf 87' lang='lat' dir='ltr'>IV,</span> <span class='ocrx_word' id='word_1_688' title='bbox 2890 4912 2938 4949; x_wconf 93' lang='lat' dir='ltr'>c.</span> <span class='ocrx_word' id='word_1_689' title='bbox 2994 4899 3104 4970; x_wconf 85' lang='grc'>49.)</span> <span class='ocrx_word' id='word_1_690' title='bbox 3151 4901 3407 4958; x_wconf 90' lang='lat' dir='ltr'>Clericus</span> <span class='ocrx_word' id='word_1_691' title='bbox 3438 4905 3536 4975; x_wconf 90' lang='lat' dir='ltr'>qui</span> <span class='ocrx_word' id='word_1_692' title='bbox 3569 4906 3792 4975; x_wconf 89' lang='lat' dir='ltr'>absque</span> 
     </span>
    </p>
   </div>
   <div class='ocr_carea' id='block_1_109' title="bbox 2149 4979 3790 5059">
    <p class='ocr_par' dir='ltr' id='par_1_109' title="bbox 2149 4979 3790 5059">
     <span class='ocr_line' id='line_1_111' title="bbox 2149 4979 3790 5059; baseline 0.009 -24"><span class='ocrx_word' id='word_1_693' title='bbox 2149 4979 2481 5051; x_wconf 90' lang='lat' dir='ltr'>corpusculi</span> <span class='ocrx_word' id='word_1_694' title='bbox 2514 4983 2602 5037; x_wconf 90' lang='lat' dir='ltr'>sui</span> <span class='ocrx_word' id='word_1_695' title='bbox 2628 4983 3024 5055; x_wconf 70' lang='lat' dir='ltr'>inmqualitate</span> <span class='ocrx_word' id='word_1_696' title='bbox 3055 4986 3267 5059; x_wconf 87' lang='lat' dir='ltr'>vigiliis</span> <span class='ocrx_word' id='word_1_697' title='bbox 3290 4991 3470 5059; x_wconf 88' lang='lat' dir='ltr'>deest,</span> <span class='ocrx_word' id='word_1_698' title='bbox 3498 4993 3790 5059; x_wconf 87' lang='lat' dir='ltr'>stipendio</span> 
     </span>
    </p>
   </div>
   <div class='ocr_carea' id='block_1_110' title="bbox 2148 5069 2430 5138">
    <p class='ocr_par' dir='ltr' id='par_1_110' title="bbox 2148 5069 2430 5138">
     <span class='ocr_line' id='line_1_112' title="bbox 2148 5069 2430 5138; baseline 0.004 -17"><span class='ocrx_word' id='word_1_699' title='bbox 2148 5069 2430 5138; x_wconf 89' lang='lat' dir='ltr'>privetur.</span> 
     </span>
    </p>
   </div>
   <div class='ocr_carea' id='block_1_111' title="bbox 2147 5172 3789 5255">
    <p class='ocr_par' dir='ltr' id='par_1_111' title="bbox 2147 5172 3789 5255">
     <span class='ocr_line' id='line_1_113' title="bbox 2147 5172 3789 5255; baseline 0.012 -29"><span class='ocrx_word' id='word_1_700' title='bbox 2147 5172 2280 5227; x_wconf 87' lang='lat' dir='ltr'>CAP.</span> <span class='ocrx_word' id='word_1_701' title='bbox 2318 5174 2455 5229; x_wconf 90' lang='lat' dir='ltr'>LIV.</span> <span class='ocrx_word' id='word_1_702' title='bbox 2512 5206 2579 5215; x_wconf 84' lang='lat'>-—</span> <span class='ocrx_word' id='word_1_703' title='bbox 2633 5178 2696 5232; x_wconf 90' lang='lat' dir='ltr'>Ut</span> <span class='ocrx_word' id='word_1_704' title='bbox 2723 5179 3008 5250; x_wconf 82' lang='lat' dir='ltr'>presbyter</span> <span class='ocrx_word' id='word_1_705' title='bbox 3056 5184 3111 5237; x_wconf 89' lang='lat' dir='ltr'>in</span> <span class='ocrx_word' id='word_1_706' title='bbox 3164 5186 3375 5254; x_wconf 86' lang='lat' dir='ltr'>nuptiis</span> <span class='ocrx_word' id='word_1_707' title='bbox 3424 5184 3635 5255; x_wconf 86' lang='lat' dir='ltr'>bigami</span> <span class='ocrx_word' id='word_1_708' title='bbox 3678 5205 3789 5245; x_wconf 87' lang='lat' dir='ltr'>non</span> 
     </span>
    </p>
   </div>
   <div class='ocr_carea' id='block_1_112' title="bbox 2817 5258 3104 5322">
    <p class='ocr_par' dir='ltr' id='par_1_112' title="bbox 2817 5258 3104 5322">
     <span class='ocr_line' id='line_1_114' title="bbox 2817 5258 3104 5322; baseline 0.01 -17"><span class='ocrx_word' id='word_1_709' title='bbox 2817 5258 3104 5322; x_wconf 84' lang='lat' dir='ltr'>prandeat.</span> 
     </span>
    </p>
   </div>
   <div class='ocr_carea' id='block_1_113' title="bbox 2219 5340 3789 5440">
    <p class='ocr_par' dir='ltr' id='par_1_113' title="bbox 2219 5340 3789 5440">
     <span class='ocr_line' id='line_1_115' title="bbox 2219 5340 3789 5440; baseline 0.013 -35"><span class='ocrx_word' id='word_1_710' title='bbox 2219 5351 2447 5422; x_wconf 86' lang='lat' dir='ltr'>(Concil.</span> <span class='ocrx_word' id='word_1_711' title='bbox 2501 5355 2754 5409; x_wconf 52' lang='lat' dir='ltr'>Neocassu</span> <span class='ocrx_word' id='word_1_712' title='bbox 2805 5374 2853 5411; x_wconf 93' lang='lat' dir='ltr'>c.</span> <span class='ocrx_word' id='word_1_713' title='bbox 2909 5361 2987 5430; x_wconf 84' lang='lat'>7.)</span> <span class='ocrx_word' id='word_1_714' title='bbox 3039 5360 3445 5431; x_wconf 87' lang='lat' dir='ltr'>Presbyterum</span> <span class='ocrx_word' id='word_1_715' title='bbox 3480 5365 3537 5420; x_wconf 88' lang='lat' dir='ltr'>in</span> <span class='ocrx_word' id='word_1_716' title='bbox 3566 5340 3789 5440; x_wconf 76' lang='lat' dir='ltr'>nuptiis</span> 
     </span>
    </p>
   </div>
   <div class='ocr_carea' id='block_1_114' title="bbox 2216 5530 3783 5660">
    <p class='ocr_par' dir='ltr' id='par_1_114' title="bbox 2216 5530 3783 5660">
     <span class='ocr_line' id='line_1_116' title="bbox 2216 5530 3783 5660; baseline 0.006 -75"><span class='ocrx_word' id='word_1_717' title='bbox 2216 5530 2680 5660; x_wconf 36' lang='lat' dir='ltr'>(26).Burchar.d.</span> <span class='ocrx_word' id='word_1_718' title='bbox 2711 5534 2811 5589; x_wconf 91' lang='lat' dir='ltr'>lib.</span> <span class='ocrx_word' id='word_1_719' title='bbox 2861 5552 2916 5615; x_wconf 62' lang='lat' dir='ltr'>gr,</span> <span class='ocrx_word' id='word_1_720' title='bbox 2950 5551 2999 5589; x_wconf 95' lang='lat' dir='ltr'>c.</span> <span class='ocrx_word' id='word_1_721' title='bbox 3034 5535 3121 5591; x_wconf 82' lang='grc'>48.</span> <span class='ocrx_word' id='word_1_722' title='bbox 3152 5536 3294 5611; x_wconf 86' lang='grc' dir='ltr'>Υνο,</span> <span class='ocrx_word' id='word_1_723' title='bbox 3326 5559 3450 5616; x_wconf 80' lang='lat' dir='ltr'>par.</span> <span class='ocrx_word' id='word_1_724' title='bbox 3483 5561 3545 5618; x_wconf 73' lang='grc' dir='ltr'>ιι,</span> <span class='ocrx_word' id='word_1_725' title='bbox 3577 5562 3628 5604; x_wconf 81' lang='lat' dir='ltr'>c,</span> <span class='ocrx_word' id='word_1_726' title='bbox 3657 5545 3694 5605; x_wconf 87' lang='lat'><strong>5</strong></span> <span class='ocrx_word' id='word_1_727' title='bbox 3725 5548 3783 5611; x_wconf 69' lang='lat' dir='ltr'>et</span> 
     </span>
     <span class='ocr_line' id='line_1_117' title="bbox 2235 5603 3252 5660; baseline 0 0"><span class='ocrx_word' id='word_1_728' title='bbox 2235 5619 2249 5660; x_wconf 84' lang='lat'><strong>:</strong></span> <span class='ocrx_word' id='word_1_729' title='bbox 2331 5603 2422 5660; x_wconf 80' lang='lat' dir='ltr'>ide</span> <span class='ocrx_word' id='word_1_730' title='bbox 2451 5604 2674 5660; x_wconf 80' lang='lat' dir='ltr'>Concil.</span> <span class='ocrx_word' id='word_1_731' title='bbox 2699 5605 2934 5660; x_wconf 80' lang='lat' dir='ltr'>Laodic.</span> <span class='ocrx_word' id='word_1_732' title='bbox 2965 5622 3016 5660; x_wconf 83' lang='grc' dir='ltr'>ο.</span> <span class='ocrx_word' id='word_1_733' title='bbox 3041 5606 3129 5660; x_wconf 80' lang='grc'>34.</span> <span class='ocrx_word' id='word_1_734' title='bbox 3161 5610 3252 5660; x_wconf 84' lang='grc'>35-</span> 
     </span>
    </p>
   </div>
   <div class='ocr_carea' id='block_1_115' title="bbox 2143 5602 3252 5688">
    <p class='ocr_par' dir='ltr' id='par_1_115' title="bbox 2143 5602 3252 5688">
     <span class='ocr_line' id='line_1_118' title="bbox 2143 5602 3252 5688; baseline 0.012 -29"><span class='ocrx_word' id='word_1_735' title='bbox 2143 5602 2249 5677; x_wconf 80' lang='grc'>73;</span> <span class='ocrx_word' id='word_1_736' title='bbox 2277 5602 2422 5663; x_wconf 87' lang='lat' dir='ltr'>Vide</span> <span class='ocrx_word' id='word_1_737' title='bbox 2451 5604 2674 5663; x_wconf 87' lang='lat' dir='ltr'>Conoil.</span> <span class='ocrx_word' id='word_1_738' title='bbox 2699 5604 2934 5666; x_wconf 84' lang='lat' dir='ltr'>Laodio.</span> <span class='ocrx_word' id='word_1_739' title='bbox 2965 5622 3016 5667; x_wconf 86' lang='grc' dir='ltr'>ο.</span> <span class='ocrx_word' id='word_1_740' title='bbox 3041 5606 3129 5688; x_wconf 78' lang='grc'>34,</span> <span class='ocrx_word' id='word_1_741' title='bbox 3161 5610 3252 5672; x_wconf 85' lang='grc'>35.</span> 
     </span>
    </p>
   </div>
  </div>
