4134 6182
397 261 477 318 39

1415 247 1750 309 ATTONIS
1796 214 2376 308 VERCELLENSIS
2421 248 2773 310 EPISCOPI

3718 259 3797 320 40

407 388 627 462 bigami
661 388 944 460 prandere
974 399 1088 439 non
1121 381 1407 447 convenit,
1441 380 1580 452 quia
1607 395 1740 434 cum
1764 377 2042 449 poeniten-
2073 378 2126 444 Α
2159 378 2301 449 quid
2333 381 2655 436 secundum
2689 383 2996 453 praedictas
3027 384 3254 455 regulas
3276 387 3605 458 apostolica
3637 391 3794 449 sedis

405 478 488 534 tia
520 478 788 549 bigamus
821 479 1038 546 egerat,
1062 472 1195 545 quis
1216 471 1327 527 erit
1349 469 1667 542 presbyter,
1693 467 1789 538 qui
1814 469 2048 538 propter
2157 483 2263 522 nos
2289 469 2592 540 Scriptura
2638 471 2917 541 docuerit,
2951 477 3015 527 ut
3058 491 3298 545 prorsus
3329 493 3446 534 non
3487 479 3796 550 opinemur

401 565 731 622 convivium
765 565 986 620 talibus
1035 561 1257 635 nuptiis
1290 558 1477 632 possit
1513 557 1767 630 praebere
1796 571 2044 610 consen-

401 655 574 712 sum?

400 762 534 818 CAP.
568 759 679 816 LV.
694 790 762 800 -—
785 757 934 826 Quod
953 773 1024 812 ea:
1043 756 1257 812 collatis
1277 753 1524 810 convivia
1547 767 1660 806 non
1679 751 2020 806 celebrentur

473 868 702 939 (Concil.
740 866 960 921 Laodic.
994 879 1042 917 c.
1075 863 1189 929 55.)
1223 861 1386 924 Quod
1418 875 1533 914 non
1565 861 1827 929 oporteat
1857 873 2041 912 sacer-

397 959 584 1026 dotes,
613 961 714 1012 aut
741 955 982 1010 clericos
1025 967 1093 1007 ex
1139 949 1384 1017 collatis,
1435 947 1522 1002 vel
1556 947 2039 1002 commessalibus

398 1047 661 1102 convivia
689 1043 1000 1100 celebrare.
1035 1041 1152 1096 Hoc
1181 1044 1374 1094 autem
1400 1055 1504 1093 nec
1524 1036 1689 1092 laicis
1711 1052 1885 1108 posse
1906 1052 2038 1090 con-

396 1151 622 1210 gruere.

389 1250 515 1300 CAP.
551 1241 687 1296 LVI.
720 1271 788 1280 -η
819 1237 976 1306 Quod
1005 1237 1080 1292 ad
1107 1250 1320 1307 agapen
1347 1236 1546 1301 vocati,
1579 1234 1825 1289 ciborum
1853 1235 2035 1304 partes

994 1324 1102 1363 non
1134 1309 1428 1378 accipiant.

458 1401 802 1475 (Laodicens.
833 1415 882 1454 c.
905 1398 1020 1469 27.)
1044 1396 1205 1460 Quod
1237 1412 1353 1451 non
1379 1397 1642 1466 oporteat
1671 1408 1836 1448 sacro
1857 1392 2033 1447 mini-

387 1492 564 1549 sterio
596 1489 823 1544 deditos
850 1486 1091 1542 clericos
1121 1485 1192 1539 ad
1228 1501 1448 1556 agapen
1482 1487 1736 1546 vocatos,
1765 1482 2030 1536 ciborum

388 1583 584 1654 partes
614 1577 905 1650 accipere:
938 1579 1242 1648 prOpterea
1288 1573 1443 1646 quod
1475 1573 1611 1627 hinc
1636 1570 2030 1628 ecclesiastico

379 1670 571 1726 ordini
604 1669 705 1724 fiat
735 1665 975 1737 injuria.

381 1782 510 1834 CAP.
544 1775 707 1842 LVII,
732 1806 800 1815 —
825 1771 974 1840 Quod
1000 1772 1221 1827 clericos
1254 1785 1430 1838 orare,
1463 1775 1515 1825 et
1540 1771 1737 1840 legere,
1765 1784 1829 1823 ac
1849 1769 2029 1824 mani-

692 1847 788 1901 bus
822 1845 1073 1899 laborare
1101 1845 1374 1898 instanter
1399 1842 1707 1897 conveniat.

452 1936 685 2009 (Cancil.
736 1935 995 2004 Carthag.
1031 1949 1103 1998 IV,
1137 1949 1186 1988 c.
1229 1931 1318 1995 50,
1351 1930 1440 2000 51,
1473 1930 1562 1999 52,
1593 1929 1703 1996 53;
1737 1945 1805 1984 ex
1834 1945 1958 2000 cap.
1991 1927 2025 1981 3

376 2025 623 2099 Capitul.
655 2021 960 2078 Theodulf.
998 2020 1221 2089 Aurel.)
1250 2020 1509 2075 Clericus
1525 2020 1741 2074 victum
1773 2021 1830 2073 et
1849 2016 2023 2072 vesti-

379 2119 644 2170 mentum
676 2111 787 2166 sibi
819 2109 1065 2165 artiiicio
1087 2108 1174 2164 vel
1199 2107 1578 2180 agricultura,
1605 2106 1826 2176 absque
1848 2103 2023 2158 ofﬁcii

375 2203 658 2257 duntaxat
689 2199 779 2254 sui
813 2197 1163 2252 detrimento
1208 2200 1529 2267 praeparet:
1563 2198 1621 2248 et
1653 2194 1700 2248 si
1733 2193 1964 2263 quando
1991 2209 2025 2246 a

367 2289 617 2346 lectione
635 2290 920 2350 cessatur,
938 2285 1110 2339 debet
1132 2300 1418 2338 manuum
1439 2282 1698 2354 operatio
1722 2279 2020 2349 subsequi,

371 2378 510 2450 quia
538 2375 803 2432 otiositas
826 2374 1064 2428 inimica
1094 2379 1182 2427 est
1206 2373 1502 2436 animae,et
1526 2371 1806 2439 antiquus
1838 2369 2023 2424 hostis

376 2483 549 2540 quem
569 2483 602 2520 a
626 2465 866 2520 lectione
883 2463 1003 2517 sive
1020 2463 1090 2516 ab
1113 2462 1372 2516 oratione
1395 2465 1696 2515 vacantem
1715 2457 2020 2520 invenerit,

376 2555 544 2611 facile
573 2554 644 2608 ad
677 2552 818 2606 vitia
847 2550 1016 2622 rapit.
1050 2550 1157 2604 Per
1186 2566 1354 2604 usum
1381 2563 1634 2619 namque
1651 2545 1917 2601 lectionis
1939 2545 2024 2599 di-

379 2643 573 2708 scetis,
609 2641 861 2712 qualiter
888 2646 945 2694 et
964 2656 1066 2694 vos
1088 2638 1317 2704 vivatis,
1352 2641 1410 2692 et
1440 2636 1586 2691 alios
1617 2635 1890 2690 doceatis.
1916 2638 2024 2688 Per

378 2749 552 2788 usum
576 2729 858 2786 orationis
891 2733 948 2784 et
965 2727 1150 2794 vobis,
1185 2731 1241 2782 et
1281 2726 1374 2781 his
1405 2727 1620 2796 quibus
1651 2725 1710 2779 in
1743 2723 2024 2779 cbaritate

374 2819 668 2890 conjuncti
717 2817 880 2884 estis,
933 2817 1208 2888 prodesse
1255 2813 1544 2870 valebitis.
1595 2818 1702 2868 Per
1738 2827 2021 2866 manuum

373 2909 795 2980 operationem,
821 2911 879 2960 et
900 2905 1161 2976 corporis
1177 2903 1651 2968 macerationem,
1668 2906 1725 2956 et
1742 2900 1896 2955 vitiis
1918 2898 2021 2953 ali-

376 3003 571 3053 menta
602 2994 910 3067 negabitis.
941 2999 999 3048 et
1019 2992 1226 3047 vestris
1248 2990 1696 3046 necessitatibus
1719 2988 2019 3044 subvenie-

376 3087 477 3155 tis,
510 3091 568 3141 et
588 3083 881 3140 habebitis
903 3082 1058 3154 quod
1088 3081 1491 3136 necessitatem
1515 3077 1871 3150 patientibus
1893 3093 2021 3148 por-

376 3175 600 3248 rigatis.

377 3265 508 3331 CAP,
543 3263 738 3319 LVIII.
773 3291 835 3303 --
870 3261 979 3330 Qui
1002 3261 1203 3331 psalmi
1239 3260 1300 3314 in
1329 3259 1554 3314 ecclesia
1593 3264 1902 3321 eantentur,
1933 3254 2018 3310 vel

970 3333 1106 3386 libri
1137 3333 1423 3402 legantur.

440 3424 632 3496 (Mart.
691 3422 852 3478 Crac.
911 3419 1126 3476 Collect.
1187 3419 1379 3475 Orient
1423 3435 1570 3482 eam,
1603 3433 1653 3472 c.
1685 3416 1792 3482 67;
1825 3413 2009 3470 Carth.

369 3529 455 3583 III,
488 3529 538 3568 c.
572 3512 688 3578 47.)
719 3510 880 3575 Quod
905 3525 1019 3563 non
1054 3511 1355 3580 opporteat
1397 3505 1629 3578 plebeos
1661 3503 1918 3576 psalmos
1951 3501 2010 3555 in

371 3601 616 3658 ecclesia
659 3598 900 3663 cantari,
956 3613 1060 3652 nec
1116 3595 1295 3651 libros
1327 3600 1535 3668 praeter
1564 3608 1842 3649 canonem
1875 3589 2010 3662 legi,

369 3707 536 3746 sacra
565 3685 868 3744 volumina
898 3684 1037 3741 Novi
1065 3684 1441 3755 Testamenti,
1464 3683 1551 3738 vel
1583 3681 1825 3737 Veteris.
1858 3680 2013 3734 Licet

371 3780 549 3835 etiam
579 3778 692 3851 legi
724 3775 1025 3850 passiones
1074 3778 1417 3846 martyrum,
1451 3789 1583 3827 cum
1616 3767 2011 3828 anniversaria

368 3884 569 3924 eorum
601 3867 988 3923 celebrantur.

363 3975 497 4032 CAP.
524 3974 663 4030 LIX.
697 4006 760 4015 —
791 3975 850 4031 Ut
879 3975 1063 4030 oratio
1095 3975 1377 4031 Dominica
1401 3971 1644 4047 quotidie
1669 3970 2005 4043 proferatur.

432 4065 533 4135 (Ex
565 4081 613 4120 c.
650 4065 717 4118 10
745 4063 944 4120 concil.
984 4062 1151 4120 Tolet.
1187 4069 1288 4134 ιν.)
1321 4063 1515 4120 Oratio
1548 4078 1676 4133 quae
1713 4056 2011 4115 Dominica

363 4153 596 4222 dicitur,
621 4170 796 4224 quam
815 4151 1096 4208 Dominus
1120 4153 1351 4224 pr0prio
1365 4169 1462 4206 ore
1483 4147 1828 4220 composuit,
1849 4163 2010 4201 suos-

371 4257 486 4313 que
525 4240 849 4313 discipulos
875 4257 976 4312 per
1004 4257 1130 4295 eam
1182 4257 1346 4296 orare
1377 4239 1595 4304 docuit,
1630 4254 1746 4292 non
1779 4240 2008 4290 tantum

365 4330 572 4386 diebus
599 4329 942 4396 Dominicis,
978 4329 1077 4384 sed
1112 4327 1448 4399 quotidiein
1481 4326 1642 4381 omni
1679 4323 2009 4395 operatione

357 4419 802 4492 frequentanda,
837 4423 945 4473 est.
993 4417 1327 4472 Consideret
1356 4422 1550 4471 tamen
1602 4413 2010 4486 unusquisque

2154 556 2529 626 catholicum,
2564 561 2717 630 quod
2751 562 3023 632 apparuit
3053 565 3299 635 praefixis
3330 567 3636 626 sententiis
3665 585 3794 628 esse

2153 647 2532 703 contrarium.

2256 735 2389 790 CAP.
2416 736 2556 791 LXI.
2581 767 2650 778 --
2681 738 2780 794 Ubi
2815 747 2866 794 et
2895 741 3132 810 qualiter
3160 743 3362 802 scholae
3390 745 3715 804 habeantur.

2221 823 2550 894 (Theodulf.
2604 843 2649 881 c.
2703 828 2819 899 20.)
2851 828 3174 903 Presbyteri
3205 832 3379 888 etiam
3413 851 3516 906 per
3539 836 3706 894 villas
3734 842 3791 894 et

2146 911 2304 967 vicos
2335 913 2564 968 scholas
2597 915 2866 987 habeant,
2900 923 2956 972 et
2981 919 3028 973 si
3055 919 3333 990 quislibet
3359 922 3623 980 fidelium
3649 943 3788 983 suos

2146 1002 2421 1073 parvulos
2451 1005 2519 1058 ad
2546 1003 2854 1061 discendas
2878 1005 3102 1064 litteras
3133 1009 3216 1064 eis
3247 1012 3613 1070 committere
3643 1015 3786 1088 vult,

2146 1106 2246 1145 eos
2277 1092 2575 1164 suscipere
2606 1097 2662 1148 et
2693 1095 2896 1150 docere
2919 1113 3034 1152 non
3066 1104 3334 1166 renuant,
3355 1101 3453 1156 sed
3473 1118 3607 1158 cum
3629 1121 3788 1159 sum-

2145 1195 2241 1233 ma
2272 1196 2370 1235 eos
2395 1180 2679 1238 cbaritate
2709 1183 2976 1240 doceant.
3019 1186 3126 1254 Qui
3157 1189 3342 1242 autem
3380 1189 3524 1246 docti
3550 1193 3785 1260 fuerint,

2140 1267 2430 1336 fulgebunt
2457 1271 2617 1340 quasi
2642 1271 2905 1341 splendor
2926 1272 3301 1343 ﬁrmamenti,
3334 1279 3384 1332 et
3411 1280 3511 1348 qui
3535 1280 3608 1335 ad
3617 1281 3786 1352 justi-

2141 1357 2287 1412 tiam
2303 1357 2609 1414 erundiunt
2623 1362 2855 1429 multos,
2873 1363 3178 1435 fulgebunt
3202 1367 3364 1436 quasi
3388 1367 3568 1426 stellae
3593 1371 3656 1423 in
3667 1387 3789 1442 per-

2135 1453 2334 1516 petuas
2348 1449 2684 1505 aeternitate:
2705 1449 2874 1519 (Dan.
2891 1467 2992 1518 xu,
3011 1451 3086 1524 3).
3103 1452 3249 1509 Cum
3272 1470 3408 1526 ergo
3434 1471 3532 1512 eos
3554 1457 3784 1528 docent,

2139 1532 2284 1588 nihil
2307 1534 2379 1588 ab
2401 1534 2487 1590 eis
2503 1535 2676 1607 pretii
2697 1553 2800 1608 pro
2831 1537 2937 1593 hac
2969 1556 3030 1594 re
3050 1539 3308 1612 exigant,
3333 1558 3438 1599 nec
3462 1543 3685 1616 aliquid
3710 1546 3784 1602 ab

2138 1620 2222 1676 eis
2253 1623 2560 1695 accipiant,
2596 1630 2830 1697 excepto
2877 1627 3033 1698 quod
3063 1628 3148 1685 eis
3178 1634 3450 1701 parentes
3480 1632 3784 1692 charitatis

2141 1710 2335 1766 studio
2366 1728 2474 1767 sua
2503 1712 2796 1770 voluntate
2828 1715 3168 1774 obtulerint.

2241 1821 2373 1872 CAP.
2406 1818 2567 1874 LXII.
2611 1850 2683 1862 —
2730 1821 2941 1889 Quibus
2971 1823 3182 1880 libertis
3208 1828 3669 1884 manumittatur.

2206 1905 2432 1978 (Concil.
2467 1908 2625 1964 Totet.
2655 1926 2730 1976 IV,
2763 1927 2889 1982 cap.
2921 1911 3036 1981 72.)
3079 1912 3420 1986 Quicunque
3451 1915 3779 1976 libertatem

2133 2010 2168 2048 a
2196 1994 2450 2051 dominis
2472 1997 2598 2052 suis
2626 1996 2707 2052 ita
2733 1999 3082 2071 percipiunt,
3107 2010 3172 2056 ut
3200 2002 3430 2059 nullum
3464 2005 3700 2064 sibimet
3717 2007 3780 2064 in

2134 2083 2218 2139 cis
2249 2085 2598 2156 obsequium
2649 2093 2930 2158 patronus
2974 2094 3259 2159 retentet;
3289 2093 3360 2147 niti
3409 2093 3454 2150 si
3501 2095 3633 2151 sine
3663 2096 3780 2152 crio

2134 2172 2289 2228 mine
2319 2179 2477 2244 sunt,
2511 2175 2580 2230 ad
2616 2175 2924 2232 clericatus
2955 2179 3216 2236 ordinem
3249 2179 3429 2240 libere
3452 2185 3780 2256 suscipian-

2132 2265 2228 2315 tur
2248 2286 2261 2327 ;
2281 2262 2417 2332 quia
2432 2263 2651 2318 directa
2665 2282 2838 2320 manu
2849 2266 3127 2323 missione
3159 2270 3410 2326 absoluti
3435 2289 3610 2328 noscu
3622 2279 3777 2332 ntur.

2133 2349 2237 2412 Qui
2270 2367 2402 2406 vero
2435 2357 2654 2407 retento
2683 2354 2964 2426 obsequio
3003 2360 3352 2414 manumissi
3387 2365 3549 2424 sunt,
3583 2380 3690 2433 pro
3713 2379 3780 2420 eo

2133 2439 2287 2508 quod
2319 2440 2511 2494 adhuc
2541 2457 2573 2495 a
2624 2447 2868 2513 patrono
2914 2445 3179 2500 servituti
3215 2452 3489 2507 tenentur
3518 2451 3777 2520 obnoxii,

2134 2525 2470 2582 nullatenus
2503 2535 2641 2584 sunt
2660 2531 2732 2585 ad
2756 2531 3214 2590 ecclesiasticum
3249 2537 3512 2594 ordinem
3546 2557 3778 2611 promo-

2131 2616 2320 2681 vendi,
2354 2633 2424 2672 ne
2455 2619 2687 2687 quando
2719 2619 3009 2676 voluerint
3037 2639 3238 2678 eorum
3270 2625 3514 2696 domini,
3546 2629 3692 2685 fiant
3711 2647 3780 2686 ex

2132 2702 2357 2760 clericis
2389 2707 2558 2762 servi.

2131 2814 2263 2866 CAP.
2301 2812 2501 2868 LXIII.
2541 2843 2610 2853 —
2669 2814 2872 2882 Quales
2921 2817 2990 2941 ait
3031 2819 3409 2876 ministerium
3449 2823 3640 2878 clerici
3664 2825 3772 2878 eli-

2841 2904 2950 2941 aan
2976 2904 3062 2941 ur.

2839 2904 3062 2957 gantur.

2204 2970 2506 3042 (Clementi
2541 2975 2712 3044 epist.
2727 2975 2762 3028 2
2777 2977 3076 3050 ascripta.)
3101 2977 3267 3034 Tales
3289 2981 3359 3036 ad
3377 2981 3771 3040 ministerium

2132 3059 2322 3114 clerici
2355 3060 2662 3132 eligantur,
2690 3064 2784 3134 qui
2813 3065 2986 3136 digne
3017 3069 3245 3137 possint
3272 3069 3568 3124 Dominica
3584 3085 3776 3128 sacra-

2132 3154 2330 3204 menta
2360 3154 2639 3205 tractare:
2676 3152 2886 3209 melius
2917 3159 3006 3210 est
3034 3157 3191 3211 enim
3223 3156 3450 3213 Domini
3484 3161 3771 3216 sacerdoti

2128 3253 2344 3308 paucos
2377 3237 2589 3294 habere
2637 3240 2959 3309 ministros,
3013 3244 3112 3314 qui
3163 3245 3391 3316 possint
3420 3247 3591 3318 digne
3613 3263 3773 3304 exer-

2125 3341 2252 3380 cere
2283 3343 2431 3396 opus
2452 3326 2572 3394 Dei,
2607 3345 2782 3398 quam
2818 3331 3034 3386 multos
3065 3332 3322 3401 inutiles,
3356 3333 3458 3404 qui
3479 3345 3629 3392 onus
3648 3352 3776 3409 gra-

2121 3429 2189 3467 ve
2221 3414 2536 3469 ordinatori
2571 3415 2887 3471 adducant.

2122 3518 2252 3574 CAP.
2291 3518 2476 3574 LXIV.
2497 3551 2564 3560 —
2587 3521 2660 3574 De
2687 3523 2894 3590 7ejunio
2923 3523 3393 3594 quadragesimali
3418 3528 3764 3588 clericorum.

2192 3607 2547 3679 (Telesphor.
2599 3609 2877 3665 attributa
2901 3611 3093 3683 epist.)
3125 3614 3466 3686 Cognoscite
3492 3635 3527 3674 a
3571 3621 3761 3693 nobis,

2119 3700 2175 3752 et
2204 3696 2430 3752 cunctis
2459 3697 2748 3770 episcopis
2767 3698 2825 3753 in
2858 3699 2965 3756 hac
2987 3706 3190 3758 sancta
3209 3707 3265 3758 et
3283 3707 3602 3776 apostolica
3623 3711 3760 3765 sede

2121 3784 2485 3857 congregatis
2515 3789 2800 3842 statutum
2830 3804 2978 3855 esse,
3012 3795 3080 3845 ut
3106 3797 3328 3864 septem
3361 3794 3760 3854 hebdomadas

2119 3873 2322 3944 plenas
2345 3879 2477 3929 ante
2493 3879 2761 3931 sanctum
2790 3878 3010 3934 Pascha
3028 3896 3232 3937 omnes
3250 3881 3442 3938 clerici
3464 3884 3522 3939 in
3545 3889 3764 3943 sortem

2124 3963 2348 4018 Domini
2384 3965 2570 4020 vocati
2603 3982 2636 4020 a
2663 3981 2836 4020 carne
2858 3967 3146 4038 jejunent.
3165 3971 3310 4034 Quia
3330 3972 3485 4028 sicut
3514 3974 3766 4032 discreta

2119 4051 2287 4106 debet
2305 4069 2433 4108 esse
2451 4053 2567 4108 vita
2589 4053 2935 4111 clericorum
2951 4075 2982 4112 a
2998 4057 3283 4114 laicorum
3304 4065 3766 4132 conversatione,

2119 4141 2199 4193 ita
2228 4143 2285 4194 et
2301 4141 2356 4193 in
2372 4141 2602 4210 jejunio
2624 4143 2796 4198 debet
2814 4144 2938 4200 fieri
2957 4146 3373 4206 discretio.Has
3385 4167 3522 4221 ergo
3544 4157 3766 4221 septem

2119 4227 2520 4285 hebdomadas
2553 4247 2757 4288 omnes
2789 4232 2981 4290 clerici
3013 4253 3047 4291 a
3076 4253 3248 4294 carne
3277 4242 3333 4293 et
3364 4238 3586 4294 deliciis
3608 4239 3766 4309 jeju-

2121 4323 2300 4384 ment,
2327 4323 2383 4373 et
2414 4318 2669 4392 hymnis,
2700 4338 2766 4377 ac
2792 4323 3030 4395 vigiliis,
3064 4331 3239 4396 atque
3269 4327 3629 4382 orationibus
3654 4331 3768 4384 Do-

2121 4406 2281 4462 mino
2312 4407 2595 4464 inhaerere
2617 4411 2716 4465 diu
2751 4417 3042 4483 noctuque
3069 4415 3361 4468 studeant.

355 4483 775 4565 οοηὲοίθηῐίειω
809 4523 999 4571 suam:
1050 4506 1195 4577 (Ιυίθο
1245 4505 1293 4560 εί
1344 4522 1412 4560 ex
1441 4521 1587 4576 Ρυνο
1619 4503 1792 4559 corde
1819 4499 2006 4557 omni‘
2036 4483 2084 4546 Ι)
2116 4513 2249 4570 CAP.
2284 4514 2446 4570 LXV.
2481 4547 2550 4557 --
2582 4516 2732 4584 Quod
2760 4518 2908 4572 nulli
2931 4518 3274 4573 sacerdotum
3306 4519 3500 4576 liceret
3527 4537 3768 4581 canones

357 4599 466 4653 bus
500 4615 534 4653 a
567 4597 782 4668 quibus
813 4594 986 4649 laesus
1020 4595 1212 4663 fuerit,
1247 4611 1361 4649 non
1387 4592 1696 4660 dimiserit,
1726 4592 1848 4648 hEBG
1877 4609 2004 4648 ora-

359 4687 439 4741 tio
472 4686 661 4757 magis
691 4685 762 4739 ad
787 4684 1175 4750 occasionem,
1199 4700 1388 4756 quam
1419 4683 1490 4738 ad
1523 4682 1751 4738 veniam
1772 4682 1853 4736 illi
1879 4699 2008 4738 esse

360 4774 608 4828 videtur.

363 4863 496 4920 CAP.
534 4861 643 4917 LX.
688 4893 754 4902 —
787 4861 938 4932 ρο(ιά
982 4862 1368 4936 profundiores
1417 4865 1743 4934 quaestiones
1784 4865 2008 4935 penitus

933 4951 1047 4989 non
1085 4939 1436 4991 astruantur.

426 5020 799 5094 (leestinus
829 5021 849 5076 I
874 5023 944 5077 ad
980 5023 1159 5094 episc.
1194 5023 1409 5091 Galliae,
1433 5041 1483 5079 e.
1520 5025 1631 5096 13.)
1663 5024 2007 5080 Profundio-

355 5127 448 5166 res
489 5128 612 5166 vero
647 5110 1130 5182 difﬁcilioresque
1162 5118 1356 5183 partes
1390 5114 1812 5169 incurrentium
1847 5131 2008 5185 quae-

361 5201 645 5270 stionum,
670 5218 816 5272 quas
836 5200 1010 5255 latius
1040 5207 1469 5272 pertractarunt
1492 5203 1589 5274 qui
1613 5202 1900 5257 hzereticis
1924 5219 2010 5256 re-

362 5289 658 5355 stiterunt,
695 5289 846 5345 sicut
876 5307 990 5345 non
1039 5290 1326 5345 audemus
1354 5297 1746 5358 contemnere,
1774 5291 1852 5344 ita
1897 5307 2011 5346 non

361 5395 599 5436 necesse
650 5378 940 5435 habemus
989 5385 1286 5435 astruere:
1342 5380 1482 5450 quia
1512 5381 1582 5434 ad
1615 5379 2011 5435 conﬁtendum

362 5469 612 5542 gratiam
646 5467 770 5532 Dei,
803 5469 972 5539 cujus
1003 5468 1160 5540 operi
1181 5485 1247 5524 ac
1269 5467 1592 5540 dignationl
1615 5467 1756 5523 nihil
1781 5469 2013 5541 penitus

364 5557 832 5619 subtrahendum
863 5561 972 5638 est,
996 5558 1139 5617 satis
1188 5558 1456 5620 sufﬁcere
1495 5557 1809 5630 credimus,
1842 5559 2013 5635 quid-

2803 4605 3078 4659 ignorare.

2187 4673 2796 4747 (Caelestinepiscopis
2815 4694 2918 4748 per
2937 4676 3132 4732 Calab.
3157 4679 3489 4736 constitutis
3508 4681 3765 4755 epist.3.)

2118 4763 2270 4818 Nulli
2306 4767 2674 4818 sacerdotum
2696 4781 2834 4820 suos
2862 4765 3033 4820 liceat
3063 4783 3315 4823 canones
3347 4769 3632 4840 ignorare,
3657 4787 3762 4827 nec

2119 4851 2442 4924 quidquam
2477 4853 2661 4907 facere
2685 4855 2836 4924 quod
2860 4855 3042 4924 possit
3057 4859 3292 4911 Patrum
3317 4859 3538 4930 regulis
3561 4859 3758 4914 obvia-

2120 4956 2212 4994 re:
2247 4957 2372 5009 que:
2403 4940 2556 4994 enim
2591 4959 2624 4995 a
2657 4942 2824 4996 nobis
2860 4960 2956 4997 rex
2987 4943 3160 5015 digne
3209 4948 3552 5013 servabitur,
3587 4947 3636 5002 si
3660 4947 3762 5004 de-

2120 5028 2422 5083 eretalium
2457 5046 2662 5084 norma
2692 5031 3145 5088 constitutorum
3179 5052 3279 5106 pro
3313 5034 3643 5110 aliquorum
3685 5036 3764 5092 li-

2122 5117 2269 5188 bitu,
2304 5116 2540 5173 licentia
2571 5118 2803 5191 populis
2833 5121 3141 5191 permissa,
3176 5123 3521 5195 frangatur?

2121 5227 2254 5278 CAP.
2289 5222 2480 5278 LXVI.
2512 5255 2580 5266 -—
2613 5226 2892 5303 Quomodo
2921 5229 3153 5283 adversa
3180 5245 3282 5299 pro
3312 5229 3522 5287 Christo
3546 5233 3764 5303 patien-

2622 5302 2703 5351 ter
2732 5299 2965 5354 tolerare
2993 5303 3262 5371 Oporteat.

2194 5383 2479 5454 (Anacleti
2511 5401 2639 5456 qua:
2671 5386 2885 5441 dicitur
2912 5404 3000 5459 ep.
3041 5389 3118 5458 1.)
3147 5387 3337 5445 Nolite
3368 5389 3592 5455 mirari,
3625 5390 3761 5446 cha-

2123 5471 2254 5528 rissi
2265 5473 2363 5540 mi,
2397 5475 2496 5545 qui
2520 5476 2954 5546 persecutiones
2973 5475 3266 5547 patimini,
3291 5479 3459 5550 quasi
3483 5479 3646 5536 vobis
3665 5477 3766 5534 ali-

2123 5561 2266 5634 quid
2282 5562 2412 5620 novi
2434 5563 2861 5638 contingat,sed
2878 5563 3380 5625 communicantes
3393 5564 3615 5624 Christi
3637 5582 3766 5641 pas-
