4116 6184
257 255 325 312 4,
1752 261 2274 332 CAPITULARE.
2523 239 2525 242 i
3631 303 3710 361 42

255 384 527 442 sionibus
561 388 823 458 gaudete,
847 393 912 446 ut
935 389 996 445 in
1023 390 1408 489 revelatione
1437 388 1654 488 gloriae
1677 392 1804 490 ejus
1824 409 1962 492 gau-
1990 400 2044 465 Α
2074 400 2295 492 ditione
2327 406 2636 465 Salvatoris
2666 428 2798 470 cum
2819 416 3037 475 Judaais
3068 423 3308 492 statuit;
3333 431 3492 483 sexta
3513 434 3707 488 autem

257 473 446 529 deatis
475 475 847 534 exsultantes.
871 479 927 534 Si
950 479 1408 552 exprobramini
1447 477 1515 532 in
1545 480 1784 537 nomine
1803 483 1956 539 Chri-

254 561 353 628 sti,
387 563 543 618 beati
575 564 756 620 eritis.
798 568 905 623 Nec
931 585 1031 639 pro
1057 569 1263 642 aliqua
1284 566 1620 638 cupidate,
1643 569 1731 624 vel
1763 573 1954 644 segni-

2065 489 2332 549 Christus
2366 498 2671 556 cruciﬁxus
2703 507 2825 572 cst;
2861 505 3110 564 Sabbato
3142 489 3378 581 quidem
3401 514 3554 571 inter
3584 533 3706 574 me-

2065 581 2191 674 tum
2226 585 2282 635 et
2311 599 2475 654 spem
2505 591 2750 658 apostoli
2800 595 3024 651 tristem
3076 599 3288 656 duxere
3333 603 3510 674 diem,
3542 607 3707 663 dubii

2343 649 2360 654 _
2541 649 2558 658 -
2890 649 2895 650 γ
2943 649 3023 651 -777
3081 649 3286 656 —v———v“
3335 649 3510 674 *ενι-,ι’
3543 649 3706 663 υυυιι.

255 649 353 721 tie,
387 655 493 706 aut
523 657 703 723 metu,
736 654 852 709 haec
883 672 1004 728 quae
1024 659 1188 714 vobis
1220 654 1559 721 facienda,
1592 658 1676 712 vel
1708 659 1953 718 dicenda
2062 665 2490 738 aliquantulum
2523 676 2592 731 de
2639 677 3095 743 Resurrectionis
3145 688 3332 760 gloria
3359 708 3706 762 permanen-

260 744 397 762 _--_L
435 740 742 762 32...!A1_13-
786 742 887 762 ιν-.
1133 748 1202 762 ι·-
1336 743 1548 762 ,L__1_'_
1719 748 1728 758 ι
1775 750 1788 762 ε
1869 751 1880 761 ο
2070 758 2077 762 .
2231 759 2248 762 Α
2313 760 2320 762 .

256 740 763 807 sunt,dimittatis.
786 742 897 799 Nec
919 762 950 800 a
977 748 1167 819 pepuli
1188 743 1656 816 increpatione,
1681 748 1729 802 si
1758 750 1948 828 devia-

255 828 425 900 verit,
456 829 578 886 ullo
610 831 778 886 modo
811 835 1253 892 cessetis.Nemo
1279 833 1524 889 autem
1556 839 1813 892 vestrum
1846 856 1943 910 pa-

255 917 448 974 tiatur
484 919 650 992 quasi
679 918 991 989 homicida,
1022 929 1117 979 aut
1152 927 1256 993 fur,
1290 920 1417 976 aut
1459 922 1809 994 maledicus,
1844 933 1945 984 aut

255 1006 591 1062 alienorum
625 1010 948 1080 appetitor:
983 1010 1032 1065 si
1061 1017 1242 1068 autem
1275 1014 1347 1066 ut
1384 1005 1794 1081 Christianus,
1826 1033 1940 1073 non

257 1097 575 1152 erubescat
603 1122 617 1164 ;
647 1097 927 1169 glorificet
976 1103 1164 1154 autem
1190 1102 1380 1156 Deum
1443 1097 1511 1154 in
1543 1100 1655 1157 isto
1685 1106 1939 1172 nomine,

2063 758 2174 811 tes.
2218 759 2323 823 Qui
2375 778 2508 834 ergo
2558 763 2685 821 istis
2737 770 2927 826 tribus
2977 758 3184 832 diebus
3232 778 3290 833 in
3323 758 3582 853 crapula,
3614 784 3703 840 vel

2057 845 2246 915 epulis
2277 849 2498 921 absque
2528 870 2739 924 magna
2786 857 3205 921 interveniente
3249 845 3578 940 festivitate,
3607 872 3701 929 vel

2057 935 2403 993 necessitate
2433 941 2629 1011 fuerit,
2677 945 2906 1002 videtur
2949 955 3050 1006 aut
3099 969 3233 1008 cum
3285 935 3704 1017 tradente'tra-

2053 1022 2207 1094 dere,
2235 1026 2321 1081 vel
2354 1045 2488 1084 cum
2519 1032 2996 1105 crucifigentibus
3036 1042 3391 1115 cruciﬁgere,
3429 1053 3528 1104 aut
3559 1067 3702 1122 apo-

2054 1112 2338 1170 stolorum
2370 1116 2620 1188 injurias
2674 1122 2953 1180 deridere.
3008 1128 3154 1184 Nam
3206 1112 3304 1202 qui
3335 1112 3458 1190 vult
3486 1139 3557 1193 de
3590 1112 3701 1194 [30-

259 1186 400 1257 quia
424 1186 717 1258 scriptum
741 1188 1048 1243 estzBeati
1071 1191 1163 1258 qui
1181 1188 1628 1261 persecutionem
1648 1196 1942 1264 patiuntur
2051 1199 2197 1256 mini
2255 1220 2388 1260 cum
2449 1207 2593 1277 ipsis
2672 1215 3092 1271 resurrectione
3146 1222 3418 1290 gaudere,
3479 1226 3703 1282 tristari

254 1284 494 1346 propter
515 1276 818 1346 justitiam,
851 1278 1112 1347 quoniam
1139 1281 1387 1350 ipsorum
1415 1287 1502 1334 est
1521 1296 1754 1350 regnum
1781 1286 1938 1340 coelo-

255 1380 386 1419 rum
421 1371 440 1435 (
474 1366 660 1422 Matth.
693 1382 748 1434 v,
809 1366 918 1435 16).
963 1370 1166 1423 Cavete
1225 1369 1364 1440 quia
1413 1376 1642 1442 propter
1659 1373 1938 1443 justitiam

255 1453 432 1509 dixit.
468 1455 614 1510 Nam
647 1455 747 1526 qui
771 1472 875 1528 pro
907 1455 1105 1528 aliquo
1154 1457 1400 1513 crimine
1443 1460 1689 1531 patitur,
1724 1465 1796 1518 ob
1827 1463 1936 1520 hoc

255 1559 378 1598 non
413 1544 528 1599 erit
556 1545 788 1601 beatus.

2048 1290 2480 1358 quodammodo
2507 1313 2639 1352 cum
2670 1298 2816 1370 ipsis
2849 1302 3019 1358 debet
3051 1305 3121 1359 de
3156 1309 3446 1377 passione.

2227 1407 2361 1463 CAP.
2397 1409 2586 1466 LXXI.
2622 1444 2687 1457 —
2720 1415 2873 1482 Quod
2902 1417 2991 1472 die
3019 1419 3297 1479 Dominico
3321 1427 3523 1483 stantes

2755 1502 2989 1544 ore-mus.

2119 1565 2390 1636 (Nicwum
2420 1573 2618 1626 concil.
2675 1591 2714 1641 1,
2775 1591 2822 1630 c.
2877 1577 2992 1650 20.)
3050 1581 3335 1644 Quoniam
3387 1589 3527 1643 sunt
3565 1589 3703 1660 qui-

945 1620 953 1627 .
2122 1620 2134 1636 κ
2215 1620 2385 1623 ---ηπ
2423 1620 2618 1626 --ην---
2675 1620 2714 1641 -,
2777 1620 2822 1630 ν-
2877 1620 2991 1650 ~vu,
3052 1620 3335 1644 κυυηιυιιμ
3387 1620 3527 1643 ουιιυ
3565 1620 3701 1660 qu;-

331 1652 474 1708 CAP.
512 1651 732 1708 LXVII.
769 1683 837 1694 ——
870 1651 1021 1719 Quod
1049 1667 1176 1707 cum
1229 1656 1696 1712 excommunicato
1726 1674 1836 1714 non
1864 1661 1940 1716 ,ςὶι
2047 1653 2181 1709 dam
2214 1656 2273 1711 in
2309 1656 2402 1712 die
2450 1659 2754 1719 Dominico
2787 1666 2855 1720 ad
2909 1669 3230 1727 orationem
3280 1689 3433 1745 genu
3465 1676 3701 1734 ﬂecten-

969 1725 1228 1745 ,μηλωη
2343 1740 2348 1745 .

960 1725 1251 1780 orandum.

330 1813 586 1884 (Canon.
619 1813 681 1867 11
717 1812 935 1884 apost.)
966 1813 1026 1867 Si
1074 1814 1206 1884 quis
1260 1831 1394 1869 cum
1432 1818 1932 1876 excommunicato

1964 1774 2011 1839 B
2045 1745 2154 1813 tes,
2189 1747 2246 1799 et
2276 1740 2576 1804 in‘diebus
2604 1750 2990 1823 Pentecostes,
3015 1763 3078 1813 ut
3107 1761 3303 1816 omnia
3323 1762 3381 1818 in
3409 1765 3701 1824 universis

2046 1829 2191 1888 locis
2222 1843 2615 1894 consonanter
2645 1841 3046 1914 observentur,
3082 1848 3305 1919 placuit
3333 1859 3538 1910 sancto
3571 1872 3702 1911 con-

259 1902 476 1958 saltem
511 1901 573 1956 in
605 1902 779 1956 domo
811 1902 991 1957 simul
1042 1902 1312 1974 oraverit,
1363 1901 1474 1959 iste
1525 1907 1933 1966 communione
2042 1920 2196 1991 cilio,
2229 1927 2450 1982 stantes
2502 1927 2562 1983 in
2613 1929 2706 1986 his
2754 1932 2959 1990 diebus
3006 1936 3254 1994 Domino
3293 1944 3429 1996 vota
3476 1947 3698 2014 persol-

259 1990 532 2014 __:-...L.-_

259 1990 552 2062 privetur.

333 2098 492 2171 CAP._
513 2095 753 2151 LXVIII.
788 2127 856 2136 -—-
889 2096 1043 2171 Quod
1072 2096 1374 2171 oblationes
1401 2099 1859 2171 discordantium,

409 2169 495 2223 vel
533 2183 801 2239 pauperes
831 2170 1264 2240 opprinzeutium
1294 2171 1610 2240 refutandae
1637 2175 1770 2229 sint.

335 2257 570 2328 (Concil.
623 2256 879 2327 Carlhag.
935 2275 1006 2324 IV,
1062 2273 1188 2328 cap.
1238 2259 1307 2311 93
1337 2263 1394 2313 et
1439 2259 1554 2330 94.)
1598 2260 1930 2320 Oblationes

260 2346 736 2402 discordantium
788 2345 1061 2415 fratrum,
1095 2361 1284 2416 neque
1329 2346 1388 2400 in
1434 2349 1708 2420 sacrario,
1742 2367 1929 2423 neque

257 2437 322 2490 in
353 2434 770 2508 gazophylacio
801 2434 1180 2506 recipiantur.
1207 2437 1419 2491 Eorum
1447 2437 1622 2493 etiam
1651 2438 1749 2510 qui
1783 2457 1926 2512 pau-

257 2541 438 2598 peres
468 2523 831 2596 opprimunt,
863 2522 1108 2580 donaria
1136 2540 1170 2578 a
1191 2526 1593 2582 sacerdotibus
1622 2527 1928 2586 refutanda

256 2617 424 2670 sunt.

553 2701 684 2756 CAP.
720 2701 911 2757 LXIX.
948 2731 1018 2741 ——
1054 2702 1116 2758 Ut
1153 2703 1387 2758 ebrietas
1414 2707 1640 2760 vetetur.

331 2790 570 2862 (Conoil.
604 2790 890 2862 Agathens.
926 2807 975 2846 c.
1011 2791 1125 2861 41.)
1154 2793 1300 2846 Ante
1340 2793 1541 2848 omnia
1569 2792 1796 2850 clericis
1825 2813 1925 2853 ve-

252 2885 421 2936 tetur
470 2879 744 2947 ebrietas,
807 2897 934 2952 quin
991 2879 1256 2935 omnium
1305 2882 1580 2938 vitiorum
1634 2883 1818 2940 fomes
1859 2903 1926 2942 ac

253 2969 465 3026 nutrix
494 2974 604 3024 est.
658 2971 858 3040 Itaque
905 2986 1040 3025 eum
1090 2986 1264 3041 quem
1315 2971 1758 3028 ebrium-fuisse
1787 2988 1925 3030 con-

251 3059 498 3122 stiterit,
553 3064 618 3112 ut
664 3059 804 3113 ordo
858 3062 1038 3130 patet,
1088 3064 1190 3113 aut
1235 3059 1413 3115 trium
1466 3061 1694 3116 dierum
1737 3064 1923 3133 spatio

2041 2128 2174 2180 CAP.
2239 2128 2443 2185 LXXII.
2477 2162 2544 2216 π
2582 2134 2650 2216 Ut
2688 2136 2987 2216 sacerdotes
3043 2139 3371 2216 admoneant
3403 2145 3695 2216 populum,

2361 2203 2599 2272 qualiter
2622 2208 2778 2275 [estis
2818 2207 3006 2263 diebus
3034 2225 3090 2264 se
3118 2212 3372 2268 habeant.

2111 2304 2453 2364 Sacerdotes
2485 2311 2838 2367 admoneant
2866 2315 3146 2386 populum
3194 2323 3258 2373 ut
3287 2319 3345 2375 in
3376 2319 3584 2376 diebus
3615 2319 3695 2372 fe-

2038 2391 2146 2447 stis
2192 2410 2306 2449 non
2362 2403 2568 2453 vacent
2623 2400 2906 2456 conviviis
2963 2403 3136 2460 malis
3191 2411 3247 2461 et
3292 2407 3448 2478 jocis
3505 2404 3696 2475 turpi-

2037 2481 2170 2549 bus,
2200 2484 2300 2538 sed
2333 2486 2718 2545 orationibus.

2109 2596 2243 2651 CAP.
2308 2600 2552 2657 LXXIII.
2618 2635 2682 2645 -—
2741 2606 3158 2733 Quibustfestis
3186 2613 3422 2682 populus
3481 2621 3631 2662 00m-

2734 2694 2954 2732 munire
2987 2720 2998 2733 .

2734 2694 2998 2733 muniret.

2106 2755 2268 2825 (Conc
2296 2761 2495 2830 Agath.
2542 2779 2590 2817 c.
2647 2765 2760 2833 18.)
2821 2766 3137 2824 Saeculares
3193 2787 3331 2828 vero
3393 2766 3500 2844 qui
3528 2763 3705 2820 Nata-

2034 2843 2148 2899 lem
2181 2849 2431 2922 Domini,
2474 2850 2698 2908 Pascha
2745 2857 2802 2909 et
2849 2856 3223 2915 Pentecosten
3278 2879 3404 2920 non
3441 2870 3710 2914 commu-

2035 2934 2378 3008 nicaverint,
2413 2940 2682 2997 catholici
2716 2960 2830 2998 non
2879 2947 3210 3018 credantur,
3277 2969 3393 3011 nec
3428 2951 3583 3006 inter
3611 2962 3709 3004 ca-

2036 3023 2281 3081 tholicos
2313 3027 2658 3085 habeantur.

250 3167 282 3203 a
312 3149 457 3203 vino
480 3147 801 3204 statuimus
825 3149 1312 3218 submovendum,
1338 3154 1440 3204 aut
1464 3150 1749 3221 corporali
1780 3152 1918 3206 sul)-

2105 3142 2238 3194 CAP.
2277 3142 2520 3199 LXXIV.
2549 3175 2616 3184 —
2648 3146 2708 3200 Si
2736 3148 3072 3230 sacriﬁcium
3091 3167 3194 3222 per
3222 3159 3638 3230 negligentiam

251 3237 523 3293 dendum
559 3235 866 3306 supplicio.
922 3236 1088 3301 Quod
1136 3237 1186 3290 si
1241 3236 1348 3292 hoc
1397 3239 1455 3291 in
1487 3253 1664 3292 usum
1696 3255 1926 3294 assum-

252 3327 467 3398 pserit,
529 3323 1056 3379 excommunicatio
1115 3324 1472 3394 proteletur;
1530 3326 1580 3382 si
1637 3343 1769 3381 vero
1800 3344 1923 3384 cor-

257 3416 365 3487 rigi
401 3429 526 3469 non
560 3412 833 3482 potuerit,
883 3429 916 3466 a
964 3412 1310 3467 sacerdotali
1358 3415 1558 3469 ordine
1589 3415 1919 3486 repellatur.

253 3504 389 3559 CAP.
430 3499 589 3557 LXX.
624 3530 693 3541 --
725 3499 978 3568 Qualiter
1023 3501 1260 3571 singulis
1303 3505 1460 3573 feriis
1507 3503 1782 3575 agendum
1828 3508 1918 3575 sit,

331 3590 566 3663 (Concil.
631 3587 994 3659 Carthag.1v,
1047 3607 1094 3644 c.
1151 3591 1265 3660 74.)
1315 3591 1419 3654 Qui
1479 3593 1571 3648 die
1621 3593 1919 3650 Dominico

255 3679 531 3736 studiose
551 3677 804 3748 jejunat,
834 3694 949 3732 non
996 3679 1268 3734 credatur
1312 3680 1650 3736 catholicus.
1684 3682 1755 3736 Et
1784 3683 1917 3737 nul-

251 3769 385 3824 lum
418 3765 744 3840 negotium,
776 3765 1126 3838 nullumque
1161 3784 1307 3839 opus
1356 3770 1563 3826 servile
1593 3771 1794 3826 eodem
1828 3773 1919 3828 die

248 3859 385 3914 ﬁat.
449 3855 661 3922 Quinta
717 3855 861 3910 feria
915 3854 1164 3927 quisque
1225 3873 1341 3912 non
1393 3863 1480 3913 est
1530 3860 1915 3930 jejunandus,

247 3952 333 4002 ut
365 3946 518 4000 inter
537 3943 831 4015 jejunium
867 3944 1332 4000 Christianorum
1375 3950 1432 4000 et
1461 3947 1790 4019 gentilium,
1822 3966 1916 4004 ca-

249 4033 638 4100 tholicorum,
677 4037 853 4104 atque
901 4031 1307 4088 hazreticorum
1353 4035 1627 4091 discretio
1676 4036 1753 4091 sit
1782 4037 1915 4109 (27).

241 4123 408 4178 Nam
443 4121 563 4178 dies
587 4121 950 4187 Dominicus,
975 4124 1032 4176 et
1051 4121 1258 4193 quinta
1289 4123 1582 4196 feriajure
1604 4124 1915 4182 solemnio-

245 4228 347 4267 res
372 4227 493 4283 prae
515 4210 736 4266 caeteris
753 4210 1078 4278 habentur;
1101 4227 1166 4266 eo
1187 4212 1343 4282 quod
1366 4212 1469 4268 Die
1492 4215 1786 4271 Dominico
1805 4216 1915 4272 Do-

244 4301 459 4356 minus
485 4303 658 4356 Jesus
686 4300 1206 4368 Christus,devicto
1225 4301 1430 4358 mortis
1453 4303 1918 4375 equuleo,resur-

243 4390 402 4446 rexit
424 4406 461 4445 a
479 4389 758 4456 mortuis;
783 4389 904 4444 sive
926 4388 1065 4461 quia
1091 4405 1156 4445 eo
1183 4390 1277 4445 die
1298 4391 1486 4462 gratia
1513 4391 1766 4464 Spiritus
1788 4411 1919 4450 san-

239 4480 326 4536 cti
354 4483 495 4552 post
517 4479 918 4534 ascensionem
946 4479 1017 4533 ad
1044 4479 1240 4549 cczlos,
1266 4479 1651 4538 inﬂammavit
1672 4483 1926 4556 discipu-
1955 4507 2000 4573 D

242 4569 360 4639 los,
378 4567 469 4624 eis
485 4568 723 4622 mittens
738 4566 982 4622 tradidit
998 4567 1418 4623 charismatum
1435 4570 1826 4636 dona.Quinta
1845 4575 1922 4629 fe-

244 4656 339 4710 ria
353 4659 556 4711 autem
582 4671 715 4709 cum
736 4654 954 4710 eisdem
972 4654 1275 4726 discipulis
1293 4655 1508 4712 ultimae
1527 4676 1700 4714 comae
1714 4665 1923 4733 myste.

241 4748 337 4800 ria
371 4743 712 4800 celebravit.
764 4744 879 4799 Nec
929 4744 1117 4799 multo
1163 4749 1294 4817 post
1341 4747 1542 4802 eodem
1593 4749 1684 4804 die
1735 4751 1918 4806 revol-

237 4840 420 4890 vente
453 4833 571 4888 illis
602 4832 930 4888 viventibus
963 4834 1031 4888 ad
1057 4833 1230 4890 ccelos
1261 4837 1566 4905 ascendit;
1592 4838 1718 4910 ipso
1741 4839 1915 4896 etiam

240 4923 342 4979 die
373 4922 644 4978 chrisma
692 4921 1033 4991 conficitur;
1085 4924 1286 4980 eodem
1339 4941 1570 4997 quoque
1610 4928 1702 4982 die
1735 4929 1913 4999 pce-ni-

238 5017 447 5068 tentes
477 5009 970 5066 reconciliantur.’
1004 5013 1322 5082 (Innocent.
1373 5014 1416 5080 Ι,
1468 5015 1637 5087 ρρὶει.
1673 5018 1723 5085 1,
1756 5034 1804 5073 c.
1839 5018 1917 5089 4.)

235 5104 476 5165 Quarta
502 5117 660 5172 vero,
721 5103 884 5154 sexta
941 5103 998 5153 et
1053 5102 1308 5172 septima
1348 5103 1491 5158 feria
1548 5121 1662 5176 prae
1694 5106 1916 5163 czeteris

223 5191 645 5262 jejunandum
678 5194 785 5258 est,
837 5189 977 5260 quia
1033 5195 1237 5258 quarta
1267 5191 1411 5248 feria
1456 5193 1640 5250 Judas
1680 5195 1752 5250 de
1777 5213 1915 5267 pro-

319 5333 445 5410 (27)
470 5331 774 5410 M_elchiad,
801 5336 866 5387 ut
893 5332 1076 5410 fertur
1096 5333 1264 5410 epist.
1300 5337 1368 5410 ad
1389 5337 1644 5410 episcop.
1669 5338 1912 5410 Hispan.

232 5406 453 5460 refert.
489 5405 560 5458 de
591 5420 848 5459 consecr.
882 5404 1020 5458 dist.
1056 5405 1142 5459 14.
1173 5404 1476 5474 Ieiunium.

315 5477 442 5548 (28)
471 5476 553 5532 Ex
573 5476 812 5550 decreto
865 5477 1019 5550 quod
1063 5475 1148 5531 Pii
1189 5493 1350 5550 papae
1392 5480 1628 5537 nomine
1661 5483 1911 5538 circum-

230 5546 460 5619 fertur,
499 5546 984 5622 referturque'de
1034 5546 1290 5606 consecr‘.
1348 5550 1482 5608 dist.
1531 5554 1587 5622 2,
1629 5570 1679 5609 c.
1731 5555 1791 5610 Si
1814 5570 1915 5628 per

546 5674 1170 5740 l’A'rnm..-CXXXIV.

2722 3218 2994 3274 ceciderit.

2110 3297 2168 3351 Si
2191 3299 2284 3353 cui
2317 3301 2669 3358 sacrificium
2694 3321 2797 3376 per
2816 3307 3234 3380 negligentiam
3259 3319 3545 3377 ceciderit
3565 3324 3699 3398 (28),

2035 3388 2136 3439 aut
2164 3384 2366 3459 lingua
2418 3389 2659 3464 lambat,
2721 3397 2785 3448 ut
2841 3395 2987 3450 nihil
3043 3398 3179 3455 inde
3237 3384 3698 3473 remeneat‘ault'

2032 3474 2240 3531 diebus
2293 3481 2684 3552 quadraginta
2727 3483 2974 3553 jejunet.
3027 3488 3085 3543 Si
3141 3495 3338 3550 autem
3373 3515 3481 3569 per
3512 3505 3697 3576 negli-

2031 3565 2287 3634 gentiam
2320 3567 2560 3624 alterius
2591 3570 2702 3626 hoc
2733 3573 2952 3633 factum
3007 3577 3199 3648 fuerit,
3254 3565 3539 3653 paeniteat
3568 3565 3694 3663 ipse

2029 3653 2197 3722 cujus
2229 3659 2315 3710 est
2372 3657 2744 3729 negligentia.
2797 3661 2983 3717 Locus
3043 3672 3238 3724 autem
3287 3671 3346 3726 in
3388 3691 3505 3743 quo
3537 3653 3685 3737 ceci-

2028 3741 2196 3809 derit,
2227 3748 2328 3798 aut
2359 3744 2491 3816 igne
2513 3750 2921 3821 succendatur,
2946 3759 3047 3809 aut
3071 3757 3306 3827 penitus
3327 3741 3683 3839 extergatur,

2027 3834 2083 3885 et
2113 3833 2267 3902 quod
2299 3838 2589 3889 extersum
2621 3837 2817 3904 fuerit,
2849 3843 3250 3901 comburatur.

2096 3945 2230 4000 CAP.
2266 3946 2481 4002 LXXV.
2516 3978 2584 4034 -τ
2616 3950 2679 4004 Si
2735 3956 2966 4034 vomitus
3023 3959 3173 4034 infra
3205 3965 3312 4016 tres
3342 3962 3461 4018 dies
3484 3977 3608 4034 post

2306 4021 2743 4076 communionem
2770 4021 3111 4094 negligenter
3139 4034 3397 4086 evenerit.

2097 4102 2157 4158 Si
2209 4105 2341 4176 quis
2401 4111 2530 4178 post
2570 4115 2806 4182 accepta
2856 4122 3231 4174 sacrosancta
3287 4122 3560 4191 mysteria
3592 4126 3681 4182 in-

2026 4193 2261 4249 fratres
2306 4193 2430 4251 dies
2484 4197 2596 4269 (29)
2652 4199 2934 4257 vomitum
2995 4221 3098 4276 per
3157 4207 3566 4281 negligentiam
3600 4215 3683 4271 fe-

2026 4281 2187 4350 cerit,
2213 4283 2262 4338 si
2296 4286 2596 4357 presbyter
2651 4294 2759 4357 est,
2808 4292 3197 4366 quadraginta
3252 4297 3459 4355 diebus
3491 4304 3682 4372 poeni-

2025 4373 2143 4424 teat
2159 4373 2369 4438 ;czeteri
2386 4375 2708 4432 secundum
2725 4379 3027 4450 proprium
3042 4386 3678 4458 ordinemjudicentur.

2031 4460 2100 4514 Et
2131 4460 2415 4533 quidquid
2451 4465 2731 4536 rejectum
2766 4469 2958 4534 fuerit,
2993 4475 3392 4531 comburatur.
3457 4532 3463 4536 ,

2032 4575 2164 4630 CAP.
2482 4582 2647 4664 ——.Ut
2695 4588 3057 4668 energumeni
3099 4606 3209 4644 non
3247 4596 3681 4668 gommunicent,

2237 4657 2289 4704 et
2321 4651 2516 4706 balnea
2547 4654 2604 4706 in
2637 4651 2874 4709 sacratis
2902 4660 3062 4727 aquis
3089 4676 3199 4715 non
3226 4661 3467 4735 faciant.

2103 4753 2257 4808 Nulli
2325 4755 2494 4812 liceat
2554 4761 2847 4832 porrigere
2903 4779 3134 4837 corpus,
3193 4767 3281 4824 vel
3333 4771 3677 4842 sanguinem

2030 4842 2257 4897 Domini
2304 4847 2485 4900 nostri
2545 4847 2682 4902 Jesu
2743 4849 2956 4907 Christi
3014 4858 3445 4928 energumenis,
3495 4861 3678 4916 donec

2027 4930 2085 4985 in
2115 4932 2316 4986 eadem
2351 4934 2623 5004 passione
2655 4941 2812 5006 sunt,
2845 4941 2956 4996 nisi
2991 4941 3136 4999 forte
3175 4931 3490 5003 discrimen
3521 4964 3675 5003 mor-

2027 5019 2102 5074 tis
2136 5020 2491 5078 incurrerint
2519 5049 2532 5092 ;
2587 5042 2722 5080 nam
2767 5044 2900 5084 eum
2951 5031 3282 5091 criminosis
3312 5035 3453 5091 talla
3479 5053 3677 5092 sacra-

2027 5114 2224 5164 menta
2251 5115 2537 5177 vetentur,
2588 5119 2806 5185 quanto
2836 5119 3023 5190 magis
3071 5120 3188 5178 illis
3236 5140 3382 5194 quos
3414 5113 3537 5194 ipse
3567 5141 3674 5180 au-

2026 5201 2150 5253 ctor
2179 5197 2444 5256 criminis
2488 5201 2757 5258 invadit?
2789 5206 2846 5261 Si
2892 5213 3087 5265 autem
3121 5212 3316 5266 divina
3347 5211 3674 5272 misericor-

2023 5339 2444 5411 negligentiam,
2477 5346 2669 5401 verbis
2699 5349 3001 5405 nonnullis
3028 5351 3377 5411 immutatis.

2063 5414 2369 5541 1(ﬂagres
2397 5416 2511 5472 dies
2533 5436 2552 5474 :
2585 5435 2657 5474 an
2719 5421 2923 5492 potius
2953 5427 3062 5478 tres
3118 5421 3299 5494 horas,
3333 5433 3399 5485 ut
3428 5429 3673 5490 Acherio

2087 5500 2211 5541 acun

2022 5499 2211 5556 piacm

3350 5705 3384 5760 2
